,Time,Price,Volume_per_trade,Volume
0,2021-10-08 07:45:00,21400.0,100.0,245200.0
1,2021-10-08 07:45:00,21400.0,100.0,245100.0
2,2021-10-08 07:45:00,21400.0,200.0,245000.0
3,2021-10-08 07:45:00,21400.0,500.0,244800.0
4,2021-10-08 07:24:31,21100.0,500.0,244300.0
5,2021-10-08 07:11:06,21000.0,2600.0,243800.0
6,2021-10-08 07:11:06,21000.0,4600.0,241200.0
7,2021-10-08 07:11:06,21100.0,300.0,236600.0
8,2021-10-08 07:11:06,21100.0,800.0,236300.0
9,2021-10-08 07:11:06,21150.0,100.0,235500.0
10,2021-10-08 06:53:24,21450.0,100.0,235400.0
11,2021-10-08 06:53:24,21400.0,100.0,235300.0
12,2021-10-08 06:51:31,21000.0,5400.0,235200.0
13,2021-10-08 06:51:31,21000.0,500.0,229800.0
14,2021-10-08 06:51:31,21000.0,100.0,229300.0
15,2021-10-08 06:51:31,21000.0,2000.0,229200.0
16,2021-10-08 06:51:31,21000.0,1000.0,227200.0
17,2021-10-08 06:51:31,21000.0,1000.0,226200.0
18,2021-10-08 06:51:25,21400.0,200.0,225200.0
19,2021-10-08 06:51:25,21400.0,200.0,225000.0
20,2021-10-08 06:51:25,21400.0,200.0,224800.0
21,2021-10-08 06:51:25,21400.0,1000.0,224600.0
22,2021-10-08 06:51:25,21400.0,100.0,223600.0
23,2021-10-08 06:51:25,21400.0,200.0,223500.0
24,2021-10-08 06:51:25,21400.0,500.0,223300.0
25,2021-10-08 06:51:25,21400.0,100.0,222800.0
26,2021-10-08 06:51:25,21400.0,6400.0,222700.0
27,2021-10-08 06:51:21,21400.0,100.0,216300.0
28,2021-10-08 06:51:08,21400.0,300.0,216200.0
29,2021-10-08 06:48:02,21400.0,300.0,215900.0
30,2021-10-08 06:44:33,21400.0,200.0,215600.0
31,2021-10-08 06:41:59,21400.0,100.0,215400.0
32,2021-10-08 06:34:59,21400.0,200.0,215300.0
33,2021-10-08 06:34:59,21400.0,500.0,215100.0
34,2021-10-08 06:33:57,21400.0,100.0,214600.0
35,2021-10-08 06:32:46,21400.0,400.0,214500.0
36,2021-10-08 06:32:46,21400.0,500.0,214100.0
37,2021-10-08 06:32:15,21400.0,100.0,213600.0
38,2021-10-08 06:31:47,21400.0,400.0,213500.0
39,2021-10-08 06:31:47,21400.0,200.0,213100.0
40,2021-10-08 06:31:47,21300.0,200.0,212900.0
41,2021-10-08 06:31:47,21300.0,100.0,212700.0
42,2021-10-08 06:31:47,21300.0,100.0,212600.0
43,2021-10-08 06:31:15,20950.0,6700.0,212500.0
44,2021-10-08 06:31:15,20950.0,400.0,205800.0
45,2021-10-08 06:31:15,21000.0,5000.0,205400.0
46,2021-10-08 06:31:15,21000.0,500.0,200400.0
47,2021-10-08 06:31:15,21000.0,300.0,199900.0
48,2021-10-08 06:31:15,21000.0,400.0,199600.0
49,2021-10-08 06:31:15,21000.0,10000.0,199200.0
50,2021-10-08 06:31:15,21000.0,200.0,189200.0
51,2021-10-08 06:31:15,21200.0,200.0,189000.0
52,2021-10-08 06:31:08,21300.0,100.0,188800.0
53,2021-10-08 06:29:49,21300.0,800.0,188700.0
54,2021-10-08 06:27:18,21300.0,100.0,187900.0
55,2021-10-08 06:27:08,21250.0,300.0,187800.0
56,2021-10-08 06:26:48,21200.0,2100.0,187500.0
57,2021-10-08 06:26:21,21200.0,200.0,185400.0
58,2021-10-08 06:23:19,21200.0,200.0,185200.0
59,2021-10-08 06:23:12,21200.0,100.0,185000.0
60,2021-10-08 06:19:25,21200.0,200.0,184900.0
61,2021-10-08 06:09:35,21000.0,100.0,184700.0
62,2021-10-08 06:07:02,21000.0,100.0,184600.0
63,2021-10-08 06:07:02,21000.0,1000.0,184500.0
64,2021-10-08 06:05:55,20950.0,100.0,183500.0
65,2021-10-08 06:05:36,20950.0,200.0,183400.0
66,2021-10-08 06:02:00,20950.0,100.0,183200.0
67,2021-10-08 06:00:13,20900.0,200.0,183100.0
68,2021-10-08 04:26:21,20950.0,100.0,182900.0
69,2021-10-08 04:26:21,20950.0,100.0,182800.0
70,2021-10-08 04:25:52,20750.0,100.0,182700.0
71,2021-10-08 04:22:59,20750.0,100.0,182600.0
72,2021-10-08 04:21:27,20900.0,100.0,182500.0
73,2021-10-08 04:17:21,21000.0,100.0,182400.0
74,2021-10-08 04:17:21,21000.0,300.0,182300.0
75,2021-10-08 04:16:39,21000.0,100.0,182000.0
76,2021-10-08 04:15:02,21000.0,100.0,181900.0
77,2021-10-08 04:14:17,21000.0,100.0,181800.0
78,2021-10-08 04:14:08,20600.0,200.0,181700.0
79,2021-10-08 04:13:59,20600.0,3000.0,181500.0
80,2021-10-08 04:13:56,20600.0,200.0,178500.0
81,2021-10-08 04:13:43,20600.0,1000.0,178300.0
82,2021-10-08 04:13:11,20600.0,200.0,177300.0
83,2021-10-08 04:13:11,20600.0,1000.0,177100.0
84,2021-10-08 04:13:11,20600.0,200.0,176100.0
85,2021-10-08 04:12:31,20600.0,100.0,175900.0
86,2021-10-08 04:11:48,20700.0,500.0,175800.0
87,2021-10-08 04:11:48,20700.0,100.0,175300.0
88,2021-10-08 04:11:48,20700.0,100.0,175200.0
89,2021-10-08 04:11:48,20700.0,200.0,175100.0
90,2021-10-08 04:11:48,20700.0,500.0,174900.0
91,2021-10-08 04:11:48,20700.0,500.0,174400.0
92,2021-10-08 04:09:48,20700.0,100.0,173900.0
93,2021-10-08 03:58:44,21000.0,500.0,173800.0
94,2021-10-08 03:58:20,21000.0,2000.0,173300.0
95,2021-10-08 03:37:00,21300.0,100.0,171300.0
96,2021-10-08 03:36:44,21300.0,100.0,171200.0
97,2021-10-08 03:36:44,21000.0,200.0,171100.0
98,2021-10-08 03:35:04,21000.0,800.0,170900.0
99,2021-10-08 03:35:00,21000.0,200.0,170100.0
100,2021-10-08 03:34:54,20500.0,500.0,169900.0
101,2021-10-08 03:34:54,20500.0,1000.0,169400.0
102,2021-10-08 03:34:54,20700.0,700.0,168400.0
103,2021-10-08 03:34:54,20700.0,1000.0,167700.0
104,2021-10-08 03:34:54,20900.0,600.0,166700.0
105,2021-10-08 03:34:18,21000.0,400.0,166100.0
106,2021-10-08 03:34:18,21000.0,100.0,165700.0
107,2021-10-08 03:34:18,21000.0,100.0,165600.0
108,2021-10-08 03:34:18,21000.0,100.0,165500.0
109,2021-10-08 03:34:18,21000.0,100.0,165400.0
110,2021-10-08 03:34:18,21000.0,500.0,165300.0
111,2021-10-08 03:34:18,21000.0,1500.0,164800.0
112,2021-10-08 03:34:18,21000.0,3000.0,163300.0
113,2021-10-08 03:32:56,21200.0,200.0,160300.0
114,2021-10-08 03:31:37,21300.0,3700.0,160100.0
115,2021-10-08 03:31:37,21300.0,100.0,156400.0
116,2021-10-08 03:31:37,21200.0,400.0,156300.0
117,2021-10-08 03:30:00,21200.0,600.0,155900.0
118,2021-10-08 03:30:00,21200.0,400.0,155300.0
119,2021-10-08 03:28:08,21200.0,300.0,154900.0
120,2021-10-08 03:26:31,21000.0,200.0,154600.0
121,2021-10-08 03:26:13,21000.0,800.0,154400.0
122,2021-10-08 03:26:13,21000.0,1000.0,153600.0
123,2021-10-08 03:26:13,21000.0,1500.0,152600.0
124,2021-10-08 03:26:13,21000.0,13500.0,151100.0
125,2021-10-08 03:21:56,20950.0,200.0,137600.0
126,2021-10-08 03:19:32,20950.0,100.0,137400.0
127,2021-10-08 03:18:52,21000.0,1900.0,137300.0
128,2021-10-08 03:18:52,21000.0,200.0,135400.0
129,2021-10-08 03:18:52,21000.0,5000.0,135200.0
130,2021-10-08 03:18:52,21000.0,100.0,130200.0
131,2021-10-08 03:13:05,21000.0,500.0,130100.0
132,2021-10-08 03:12:32,21000.0,1000.0,129600.0
133,2021-10-08 03:10:22,21000.0,100.0,128600.0
134,2021-10-08 03:10:22,21000.0,3900.0,128500.0
135,2021-10-08 03:10:10,21050.0,1000.0,124600.0
136,2021-10-08 03:03:45,21200.0,200.0,123600.0
137,2021-10-08 03:03:28,21000.0,1000.0,123400.0
138,2021-10-08 03:03:28,21000.0,100.0,122400.0
139,2021-10-08 03:02:13,21000.0,200.0,122300.0
140,2021-10-08 03:02:08,21000.0,1000.0,122100.0
141,2021-10-08 03:01:34,21000.0,1000.0,121100.0
142,2021-10-08 03:01:34,21000.0,100.0,120100.0
143,2021-10-08 03:01:34,21000.0,1000.0,120000.0
144,2021-10-08 03:01:34,21000.0,2000.0,119000.0
145,2021-10-08 03:01:34,21000.0,2700.0,117000.0
146,2021-10-08 03:01:34,21000.0,3400.0,114300.0
147,2021-10-08 03:01:34,21000.0,300.0,110900.0
148,2021-10-08 03:01:34,21000.0,100.0,110600.0
149,2021-10-08 03:01:34,21000.0,5000.0,110500.0
150,2021-10-08 03:01:34,21000.0,300.0,105500.0
151,2021-10-08 03:01:34,21000.0,100.0,105200.0
152,2021-10-08 03:01:34,21000.0,1000.0,105100.0
153,2021-10-08 03:01:34,21000.0,1000.0,104100.0
154,2021-10-08 03:01:34,21100.0,100.0,103100.0
155,2021-10-08 03:01:34,21100.0,100.0,103000.0
156,2021-10-08 03:01:34,21100.0,300.0,102900.0
157,2021-10-08 03:01:34,21100.0,100.0,102600.0
158,2021-10-08 03:01:34,21100.0,100.0,102500.0
159,2021-10-08 03:00:27,21200.0,500.0,102400.0
160,2021-10-08 02:56:00,21200.0,500.0,101900.0
161,2021-10-08 02:55:28,21200.0,900.0,101400.0
162,2021-10-08 02:55:28,21200.0,100.0,100500.0
163,2021-10-08 02:52:20,21400.0,100.0,100400.0
164,2021-10-08 02:51:53,21400.0,100.0,100300.0
165,2021-10-08 02:48:02,21400.0,500.0,100200.0
166,2021-10-08 02:48:02,21400.0,800.0,99700.0
167,2021-10-08 02:47:53,21400.0,3000.0,98900.0
168,2021-10-08 02:47:43,21400.0,800.0,95900.0
169,2021-10-08 02:47:43,21400.0,200.0,95100.0
170,2021-10-08 02:47:43,21400.0,300.0,94900.0
171,2021-10-08 02:47:06,21400.0,1500.0,94600.0
172,2021-10-08 02:44:21,21450.0,100.0,93100.0
173,2021-10-08 02:43:30,21400.0,200.0,93000.0
174,2021-10-08 02:42:22,21400.0,200.0,92800.0
175,2021-10-08 02:42:10,21450.0,1000.0,92600.0
176,2021-10-08 02:39:29,21450.0,100.0,91600.0
177,2021-10-08 02:39:03,21450.0,200.0,91500.0
178,2021-10-08 02:38:54,21400.0,600.0,91300.0
179,2021-10-08 02:38:25,21400.0,400.0,90700.0
180,2021-10-08 02:38:22,21400.0,200.0,90300.0
181,2021-10-08 02:38:13,21400.0,100.0,90100.0
182,2021-10-08 02:38:13,21400.0,100.0,90000.0
183,2021-10-08 02:36:45,21400.0,100.0,89900.0
184,2021-10-08 02:34:18,21400.0,400.0,89800.0
185,2021-10-08 02:34:18,21400.0,200.0,89400.0
186,2021-10-08 02:31:49,21000.0,1600.0,89200.0
187,2021-10-08 02:31:49,21000.0,2500.0,87600.0
188,2021-10-08 02:31:49,21100.0,300.0,85100.0
189,2021-10-08 02:31:49,21100.0,100.0,84800.0
190,2021-10-08 02:31:49,21100.0,500.0,84700.0
191,2021-10-08 02:31:07,21100.0,600.0,84200.0
192,2021-10-08 02:30:40,21100.0,100.0,83600.0
193,2021-10-08 02:30:40,21100.0,100.0,83500.0
194,2021-10-08 02:30:40,21100.0,100.0,83400.0
195,2021-10-08 02:30:40,21100.0,1000.0,83300.0
196,2021-10-08 02:29:47,21400.0,600.0,82300.0
197,2021-10-08 02:29:47,21400.0,300.0,81700.0
198,2021-10-08 02:29:47,21400.0,500.0,81400.0
199,2021-10-08 02:29:47,21400.0,100.0,80900.0
200,2021-10-08 02:28:44,21400.0,100.0,80800.0
201,2021-10-08 02:26:39,21500.0,100.0,80700.0
202,2021-10-08 02:25:42,21500.0,300.0,80600.0
203,2021-10-08 02:25:36,21500.0,300.0,80300.0
204,2021-10-08 02:24:58,21500.0,100.0,80000.0
205,2021-10-08 02:24:58,21500.0,100.0,79900.0
206,2021-10-08 02:24:13,21500.0,200.0,79800.0
207,2021-10-08 02:23:41,21550.0,700.0,79600.0
208,2021-10-08 02:23:37,21500.0,600.0,78900.0
209,2021-10-08 02:23:37,21500.0,4400.0,78300.0
210,2021-10-08 02:23:10,21550.0,200.0,73900.0
211,2021-10-08 02:23:10,21550.0,1500.0,73700.0
212,2021-10-08 02:23:10,21550.0,1500.0,72200.0
213,2021-10-08 02:23:10,21550.0,1000.0,70700.0
214,2021-10-08 02:23:10,21550.0,200.0,69700.0
215,2021-10-08 02:23:10,21550.0,200.0,69500.0
216,2021-10-08 02:22:53,21550.0,1600.0,69300.0
217,2021-10-08 02:22:53,21550.0,100.0,67700.0
218,2021-10-08 02:22:53,21550.0,500.0,67600.0
219,2021-10-08 02:22:53,21550.0,2800.0,67100.0
220,2021-10-08 02:22:38,21550.0,200.0,64300.0
221,2021-10-08 02:22:38,21500.0,100.0,64100.0
222,2021-10-08 02:22:38,21500.0,700.0,64000.0
223,2021-10-08 02:22:33,21450.0,100.0,63300.0
224,2021-10-08 02:22:33,21450.0,400.0,63200.0
225,2021-10-08 02:22:18,21500.0,100.0,62800.0
226,2021-10-08 02:22:17,21450.0,100.0,62700.0
227,2021-10-08 02:22:17,21450.0,2200.0,62600.0
228,2021-10-08 02:21:56,21450.0,800.0,60400.0
229,2021-10-08 02:21:56,21450.0,200.0,59600.0
230,2021-10-08 02:21:56,21450.0,1000.0,59400.0
231,2021-10-08 02:21:14,21550.0,4000.0,58400.0
232,2021-10-08 02:21:14,21500.0,2100.0,54400.0
233,2021-10-08 02:21:11,21450.0,4000.0,52300.0
234,2021-10-08 02:21:03,21500.0,2900.0,48300.0
235,2021-10-08 02:20:42,21550.0,3000.0,45400.0
236,2021-10-08 02:20:42,21550.0,1100.0,42400.0
237,2021-10-08 02:20:42,21500.0,900.0,41300.0
238,2021-10-08 02:20:19,21500.0,100.0,40400.0
239,2021-10-08 02:20:18,21500.0,900.0,40300.0
240,2021-10-08 02:20:13,21500.0,500.0,39400.0
241,2021-10-08 02:20:13,21500.0,400.0,38900.0
242,2021-10-08 02:20:13,21500.0,500.0,38500.0
243,2021-10-08 02:20:13,21500.0,600.0,38000.0
244,2021-10-08 02:20:08,21550.0,300.0,37400.0
245,2021-10-08 02:19:37,21550.0,500.0,37100.0
246,2021-10-08 02:19:19,21550.0,100.0,36600.0
247,2021-10-08 02:19:02,21500.0,1000.0,36500.0
248,2021-10-08 02:18:50,21500.0,100.0,35500.0
249,2021-10-08 02:18:50,21500.0,100.0,35400.0
250,2021-10-08 02:18:50,21500.0,100.0,35300.0
251,2021-10-08 02:18:40,21500.0,500.0,35200.0
252,2021-10-08 02:18:40,21500.0,1400.0,34700.0
253,2021-10-08 02:18:40,21500.0,100.0,33300.0
254,2021-10-08 02:18:40,21500.0,500.0,33200.0
255,2021-10-08 02:18:40,21500.0,200.0,32700.0
256,2021-10-08 02:18:20,21500.0,2500.0,32500.0
257,2021-10-08 02:18:17,21500.0,3000.0,30000.0
258,2021-10-08 02:18:12,21500.0,500.0,27000.0
259,2021-10-08 02:18:10,21450.0,1000.0,26500.0
260,2021-10-08 02:17:57,21500.0,1000.0,25500.0
261,2021-10-08 02:17:53,21500.0,300.0,24500.0
262,2021-10-08 02:17:42,21450.0,2900.0,24200.0
263,2021-10-08 02:17:39,21450.0,2100.0,21300.0
264,2021-10-08 02:17:39,21450.0,4800.0,19200.0
265,2021-10-08 02:17:35,21450.0,1300.0,14400.0
266,2021-10-08 02:17:25,21450.0,100.0,13100.0
267,2021-10-08 02:17:15,21450.0,800.0,13000.0
268,2021-10-08 02:17:15,21450.0,200.0,12200.0
269,2021-10-08 02:17:01,21450.0,500.0,12000.0
270,2021-10-08 02:16:40,21450.0,200.0,11500.0
271,2021-10-08 02:16:20,21450.0,500.0,11300.0
272,2021-10-08 02:15:57,21450.0,600.0,10800.0
273,2021-10-08 02:15:56,21450.0,100.0,10200.0
274,2021-10-08 02:15:18,21450.0,2000.0,10100.0
275,2021-10-08 02:15:00,21450.0,1900.0,8100.0
276,2021-10-08 02:15:00,21450.0,100.0,6200.0
277,2021-10-08 02:15:00,21450.0,100.0,6100.0
278,2021-10-08 02:15:00,21450.0,400.0,6000.0
279,2021-10-08 02:15:00,21450.0,100.0,5600.0
280,2021-10-08 02:15:00,21450.0,1000.0,5500.0
281,2021-10-08 02:15:00,21450.0,1300.0,4500.0
282,2021-10-08 02:15:00,21450.0,100.0,3200.0
283,2021-10-08 02:15:00,21450.0,700.0,3100.0
284,2021-10-08 02:15:00,21450.0,1100.0,2400.0
285,2021-10-08 02:15:00,21450.0,500.0,1300.0
286,2021-10-08 02:15:00,21450.0,300.0,800.0
287,2021-10-08 02:15:00,21450.0,100.0,500.0
288,2021-10-08 02:15:00,21450.0,300.0,400.0
289,2021-10-08 02:15:00,21450.0,100.0,100.0
