,Time,Price,Volume_per_trade,Volume
0,2021-10-13 07:45:00,21900.0,1400.0,206900.0
1,2021-10-13 07:45:00,21900.0,300.0,205500.0
2,2021-10-13 07:45:00,21900.0,300.0,205200.0
3,2021-10-13 07:45:00,21900.0,500.0,204900.0
4,2021-10-13 07:45:00,21900.0,2200.0,204400.0
5,2021-10-13 07:45:00,21900.0,1000.0,202200.0
6,2021-10-13 07:45:00,21900.0,1000.0,201200.0
7,2021-10-13 07:45:00,21900.0,200.0,200200.0
8,2021-10-13 07:45:00,21900.0,200.0,200000.0
9,2021-10-13 07:45:00,21900.0,200.0,199800.0
10,2021-10-13 07:45:00,21900.0,5200.0,199600.0
11,2021-10-13 07:45:00,21900.0,400.0,194400.0
12,2021-10-13 07:45:00,21900.0,500.0,194000.0
13,2021-10-13 07:45:00,21900.0,300.0,193500.0
14,2021-10-13 07:45:00,21900.0,100.0,193200.0
15,2021-10-13 07:45:00,21900.0,300.0,193100.0
16,2021-10-13 07:45:00,21900.0,1000.0,192800.0
17,2021-10-13 07:45:00,21900.0,1300.0,191800.0
18,2021-10-13 07:45:00,21900.0,900.0,190500.0
19,2021-10-13 07:45:00,21900.0,600.0,189600.0
20,2021-10-13 07:45:00,21900.0,2500.0,189000.0
21,2021-10-13 07:45:00,21900.0,800.0,186500.0
22,2021-10-13 07:45:00,21900.0,200.0,185700.0
23,2021-10-13 07:45:00,21900.0,800.0,185500.0
24,2021-10-13 07:45:00,21900.0,1000.0,184700.0
25,2021-10-13 07:45:00,21900.0,100.0,183700.0
26,2021-10-13 07:45:00,21900.0,100.0,183600.0
27,2021-10-13 07:45:00,21900.0,800.0,183500.0
28,2021-10-13 07:45:00,21900.0,100.0,182700.0
29,2021-10-13 07:45:00,21900.0,1100.0,182600.0
30,2021-10-13 07:45:00,21900.0,200.0,181500.0
31,2021-10-13 07:45:00,21900.0,600.0,181300.0
32,2021-10-13 07:29:50,21900.0,100.0,180700.0
33,2021-10-13 07:29:20,21900.0,900.0,180600.0
34,2021-10-13 07:29:20,21900.0,1100.0,179700.0
35,2021-10-13 07:28:47,21900.0,100.0,178600.0
36,2021-10-13 07:28:17,21900.0,1000.0,178500.0
37,2021-10-13 07:27:17,21900.0,300.0,177500.0
38,2021-10-13 07:27:12,21900.0,500.0,177200.0
39,2021-10-13 07:27:12,21900.0,500.0,176700.0
40,2021-10-13 07:24:24,21900.0,100.0,176200.0
41,2021-10-13 07:24:24,21500.0,200.0,176100.0
42,2021-10-13 07:24:24,21450.0,300.0,175900.0
43,2021-10-13 07:23:36,21450.0,1000.0,175600.0
44,2021-10-13 07:22:34,21500.0,4200.0,174600.0
45,2021-10-13 07:22:34,21450.0,200.0,170400.0
46,2021-10-13 07:22:09,21450.0,100.0,170200.0
47,2021-10-13 07:15:26,21500.0,100.0,170100.0
48,2021-10-13 07:15:21,21500.0,700.0,170000.0
49,2021-10-13 07:13:14,21500.0,900.0,169300.0
50,2021-10-13 07:13:14,21500.0,3100.0,168400.0
51,2021-10-13 07:12:52,21500.0,1000.0,165300.0
52,2021-10-13 07:12:39,21500.0,400.0,164300.0
53,2021-10-13 07:12:39,21600.0,200.0,163900.0
54,2021-10-13 07:08:44,21500.0,500.0,163700.0
55,2021-10-13 07:08:19,21600.0,2000.0,163200.0
56,2021-10-13 07:04:27,22000.0,100.0,161200.0
57,2021-10-13 07:04:25,22000.0,300.0,161100.0
58,2021-10-13 07:04:25,21950.0,500.0,160800.0
59,2021-10-13 07:03:38,22000.0,5000.0,160300.0
60,2021-10-13 07:03:13,22000.0,900.0,155300.0
61,2021-10-13 07:02:22,22200.0,1500.0,154400.0
62,2021-10-13 07:02:22,22100.0,500.0,152900.0
63,2021-10-13 07:01:15,22300.0,300.0,152400.0
64,2021-10-13 07:01:09,22300.0,7000.0,152100.0
65,2021-10-13 07:00:47,22300.0,1700.0,145100.0
66,2021-10-13 07:00:47,22300.0,100.0,143400.0
67,2021-10-13 07:00:47,22300.0,200.0,143300.0
68,2021-10-13 07:00:43,22300.0,300.0,143100.0
69,2021-10-13 07:00:43,22300.0,200.0,142800.0
70,2021-10-13 07:00:41,22300.0,100.0,142600.0
71,2021-10-13 07:00:38,22300.0,100.0,142500.0
72,2021-10-13 07:00:36,22300.0,100.0,142400.0
73,2021-10-13 07:00:36,22300.0,100.0,142300.0
74,2021-10-13 07:00:25,22300.0,200.0,142200.0
75,2021-10-13 07:00:23,22300.0,300.0,142000.0
76,2021-10-13 07:00:23,22300.0,400.0,141700.0
77,2021-10-13 07:00:23,22300.0,200.0,141300.0
78,2021-10-13 07:00:23,22300.0,100.0,141100.0
79,2021-10-13 07:00:13,22300.0,100.0,141000.0
80,2021-10-13 07:00:13,22200.0,500.0,140900.0
81,2021-10-13 07:00:02,22000.0,1000.0,140400.0
82,2021-10-13 07:00:02,22000.0,1000.0,139400.0
83,2021-10-13 07:00:02,22000.0,100.0,138400.0
84,2021-10-13 06:59:53,22000.0,100.0,138300.0
85,2021-10-13 06:59:53,21500.0,100.0,138200.0
86,2021-10-13 06:59:37,22000.0,300.0,138100.0
87,2021-10-13 06:59:28,22000.0,100.0,137800.0
88,2021-10-13 06:59:13,22000.0,100.0,137700.0
89,2021-10-13 06:58:59,22000.0,100.0,137600.0
90,2021-10-13 06:58:39,22000.0,200.0,137500.0
91,2021-10-13 06:58:39,21500.0,2000.0,137300.0
92,2021-10-13 06:58:39,21400.0,1000.0,135300.0
93,2021-10-13 06:58:00,21300.0,100.0,134300.0
94,2021-10-13 06:58:00,21300.0,100.0,134200.0
95,2021-10-13 06:58:00,21300.0,900.0,134100.0
96,2021-10-13 06:57:03,21300.0,100.0,133200.0
97,2021-10-13 06:56:39,21100.0,700.0,133100.0
98,2021-10-13 06:56:38,21100.0,100.0,132400.0
99,2021-10-13 06:56:05,21100.0,100.0,132300.0
100,2021-10-13 06:55:54,21100.0,100.0,132200.0
101,2021-10-13 06:55:39,21000.0,1000.0,132100.0
102,2021-10-13 06:55:39,21000.0,1000.0,131100.0
103,2021-10-13 06:55:39,21000.0,800.0,130100.0
104,2021-10-13 06:55:33,21000.0,100.0,129300.0
105,2021-10-13 06:55:17,21000.0,100.0,129200.0
106,2021-10-13 06:55:17,21000.0,100.0,129100.0
107,2021-10-13 06:55:00,21000.0,100.0,129000.0
108,2021-10-13 06:54:54,21000.0,100.0,128900.0
109,2021-10-13 06:54:51,21000.0,200.0,128800.0
110,2021-10-13 06:54:29,21000.0,1000.0,128600.0
111,2021-10-13 06:54:22,21000.0,1500.0,127600.0
112,2021-10-13 06:53:25,21000.0,100.0,126100.0
113,2021-10-13 06:53:07,21000.0,100.0,126000.0
114,2021-10-13 06:52:48,20900.0,300.0,125900.0
115,2021-10-13 06:52:48,20850.0,300.0,125600.0
116,2021-10-13 06:52:48,20850.0,200.0,125300.0
117,2021-10-13 06:52:43,20850.0,100.0,125100.0
118,2021-10-13 06:52:39,20850.0,100.0,125000.0
119,2021-10-13 06:52:33,20850.0,400.0,124900.0
120,2021-10-13 06:52:26,20850.0,300.0,124500.0
121,2021-10-13 06:52:10,20850.0,200.0,124200.0
122,2021-10-13 06:51:48,20850.0,100.0,124000.0
123,2021-10-13 06:51:48,20850.0,900.0,123900.0
124,2021-10-13 06:51:13,20850.0,100.0,123000.0
125,2021-10-13 06:50:34,20850.0,200.0,122900.0
126,2021-10-13 06:50:31,20850.0,200.0,122700.0
127,2021-10-13 06:50:31,20850.0,1000.0,122500.0
128,2021-10-13 06:50:19,20850.0,100.0,121500.0
129,2021-10-13 06:50:12,20850.0,900.0,121400.0
130,2021-10-13 06:50:12,20850.0,100.0,120500.0
131,2021-10-13 06:49:19,20850.0,500.0,120400.0
132,2021-10-13 06:49:19,20800.0,2500.0,119900.0
133,2021-10-13 06:47:19,20850.0,500.0,117400.0
134,2021-10-13 06:46:55,20850.0,300.0,116900.0
135,2021-10-13 06:46:55,20800.0,1400.0,116600.0
136,2021-10-13 06:46:55,20800.0,4000.0,115200.0
137,2021-10-13 06:46:55,20800.0,100.0,111200.0
138,2021-10-13 06:46:55,20700.0,900.0,111100.0
139,2021-10-13 06:46:55,20700.0,1000.0,110200.0
140,2021-10-13 06:46:55,20700.0,1300.0,109200.0
141,2021-10-13 06:46:55,20700.0,2000.0,107900.0
142,2021-10-13 06:36:14,20700.0,200.0,105900.0
143,2021-10-13 06:36:14,20650.0,1000.0,105700.0
144,2021-10-13 06:36:14,20650.0,100.0,104700.0
145,2021-10-13 06:36:14,20650.0,1000.0,104600.0
146,2021-10-13 06:36:14,20650.0,400.0,103600.0
147,2021-10-13 06:36:01,20650.0,100.0,103200.0
148,2021-10-13 06:34:34,20400.0,100.0,103100.0
149,2021-10-13 06:34:01,20650.0,100.0,103000.0
150,2021-10-13 06:24:32,20300.0,2000.0,102900.0
151,2021-10-13 06:22:06,20300.0,500.0,100900.0
152,2021-10-13 06:22:06,20300.0,200.0,100400.0
153,2021-10-13 06:22:06,20300.0,300.0,100200.0
154,2021-10-13 06:22:06,20300.0,300.0,99900.0
155,2021-10-13 06:22:06,20300.0,200.0,99600.0
156,2021-10-13 06:18:49,20650.0,900.0,99400.0
157,2021-10-13 06:18:49,20650.0,100.0,98500.0
158,2021-10-13 06:06:12,20650.0,1800.0,98400.0
159,2021-10-13 06:00:26,20650.0,500.0,96600.0
160,2021-10-13 04:29:52,20650.0,100.0,96100.0
161,2021-10-13 04:27:24,20600.0,1500.0,96000.0
162,2021-10-13 04:27:24,20600.0,400.0,94500.0
163,2021-10-13 04:22:36,20600.0,600.0,94100.0
164,2021-10-13 04:22:36,20500.0,200.0,93500.0
165,2021-10-13 04:22:31,20300.0,500.0,93300.0
166,2021-10-13 04:21:44,20300.0,500.0,92800.0
167,2021-10-13 04:21:31,20300.0,100.0,92300.0
168,2021-10-13 04:20:17,20300.0,300.0,92200.0
169,2021-10-13 04:20:17,20300.0,100.0,91900.0
170,2021-10-13 04:20:17,20300.0,200.0,91800.0
171,2021-10-13 04:20:17,20300.0,300.0,91600.0
172,2021-10-13 04:20:17,20300.0,500.0,91300.0
173,2021-10-13 04:20:17,20300.0,1000.0,90800.0
174,2021-10-13 04:20:17,20300.0,1000.0,89800.0
175,2021-10-13 04:20:17,20300.0,200.0,88800.0
176,2021-10-13 04:20:17,20350.0,200.0,88600.0
177,2021-10-13 04:20:17,20350.0,5100.0,88400.0
178,2021-10-13 04:14:24,20350.0,100.0,83300.0
179,2021-10-13 04:14:24,20350.0,100.0,83200.0
180,2021-10-13 04:14:24,20350.0,100.0,83100.0
181,2021-10-13 04:06:12,20350.0,1900.0,83000.0
182,2021-10-13 04:05:44,20350.0,1100.0,81100.0
183,2021-10-13 04:03:38,20300.0,400.0,80000.0
184,2021-10-13 04:03:38,20400.0,500.0,79600.0
185,2021-10-13 04:03:28,20300.0,3000.0,79100.0
186,2021-10-13 04:03:28,20300.0,400.0,76100.0
187,2021-10-13 04:03:28,20300.0,100.0,75700.0
188,2021-10-13 04:03:28,20300.0,200.0,75600.0
189,2021-10-13 04:03:28,20300.0,300.0,75400.0
190,2021-10-13 04:03:28,20300.0,100.0,75100.0
191,2021-10-13 04:03:28,20300.0,100.0,75000.0
192,2021-10-13 04:03:28,20300.0,200.0,74900.0
193,2021-10-13 04:03:28,20300.0,1000.0,74700.0
194,2021-10-13 04:03:28,20300.0,300.0,73700.0
195,2021-10-13 04:03:28,20300.0,500.0,73400.0
196,2021-10-13 04:03:28,20350.0,800.0,72900.0
197,2021-10-13 04:01:46,20350.0,500.0,72100.0
198,2021-10-13 04:01:46,20350.0,500.0,71600.0
199,2021-10-13 03:59:33,20400.0,100.0,71100.0
200,2021-10-13 03:59:33,20400.0,1500.0,71000.0
201,2021-10-13 03:59:33,20400.0,2000.0,69500.0
202,2021-10-13 03:59:33,20400.0,100.0,67500.0
203,2021-10-13 03:59:33,20400.0,300.0,67400.0
204,2021-10-13 03:59:33,20400.0,600.0,67100.0
205,2021-10-13 03:59:33,20400.0,2000.0,66500.0
206,2021-10-13 03:59:33,20400.0,400.0,64500.0
207,2021-10-13 03:59:33,20400.0,500.0,64100.0
208,2021-10-13 03:51:00,20400.0,700.0,63600.0
209,2021-10-13 03:50:29,20400.0,4000.0,62900.0
210,2021-10-13 03:47:53,20400.0,600.0,58900.0
211,2021-10-13 03:47:53,20400.0,200.0,58300.0
212,2021-10-13 03:47:53,20400.0,200.0,58100.0
213,2021-10-13 03:47:53,20400.0,100.0,57900.0
214,2021-10-13 03:47:53,20400.0,2000.0,57800.0
215,2021-10-13 03:47:53,20400.0,100.0,55800.0
216,2021-10-13 03:47:53,20400.0,500.0,55700.0
217,2021-10-13 03:47:53,20400.0,300.0,55200.0
218,2021-10-13 03:46:42,20450.0,1100.0,54900.0
219,2021-10-13 03:46:42,20450.0,500.0,53800.0
220,2021-10-13 03:46:42,20450.0,500.0,53300.0
221,2021-10-13 03:33:09,20650.0,300.0,52800.0
222,2021-10-13 03:27:56,20650.0,1200.0,52500.0
223,2021-10-13 03:25:24,20650.0,600.0,51300.0
224,2021-10-13 03:25:24,20600.0,1000.0,50700.0
225,2021-10-13 03:25:24,20500.0,100.0,49700.0
226,2021-10-13 03:25:19,20500.0,400.0,49600.0
227,2021-10-13 03:25:19,20450.0,100.0,49200.0
228,2021-10-13 03:20:27,20400.0,200.0,49100.0
229,2021-10-13 03:20:27,20400.0,200.0,48900.0
230,2021-10-13 03:20:27,20400.0,300.0,48700.0
231,2021-10-13 03:20:27,20400.0,100.0,48400.0
232,2021-10-13 03:20:27,20400.0,100.0,48300.0
233,2021-10-13 03:19:58,20500.0,300.0,48200.0
234,2021-10-13 03:19:58,20500.0,200.0,47900.0
235,2021-10-13 03:19:05,20600.0,200.0,47700.0
236,2021-10-13 03:17:20,20600.0,1500.0,47500.0
237,2021-10-13 03:17:20,20600.0,1300.0,46000.0
238,2021-10-13 03:15:26,20650.0,100.0,44700.0
239,2021-10-13 03:15:26,20600.0,2900.0,44600.0
240,2021-10-13 03:14:48,20600.0,100.0,41700.0
241,2021-10-13 03:13:00,20650.0,300.0,41600.0
242,2021-10-13 03:12:42,20600.0,3300.0,41300.0
243,2021-10-13 03:11:23,20600.0,100.0,38000.0
244,2021-10-13 03:11:21,20600.0,1000.0,37900.0
245,2021-10-13 03:11:21,20600.0,1400.0,36900.0
246,2021-10-13 03:11:21,20600.0,500.0,35500.0
247,2021-10-13 03:10:30,20500.0,2000.0,35000.0
248,2021-10-13 03:04:00,20600.0,200.0,33000.0
249,2021-10-13 03:00:44,20600.0,100.0,32800.0
250,2021-10-13 02:58:38,20600.0,100.0,32700.0
251,2021-10-13 02:58:38,20600.0,300.0,32600.0
252,2021-10-13 02:58:38,20600.0,300.0,32300.0
253,2021-10-13 02:57:04,20600.0,100.0,32000.0
254,2021-10-13 02:46:08,20600.0,100.0,31900.0
255,2021-10-13 02:42:17,20600.0,1000.0,31800.0
256,2021-10-13 02:38:01,20850.0,100.0,30800.0
257,2021-10-13 02:37:44,20600.0,100.0,30700.0
258,2021-10-13 02:37:44,20600.0,200.0,30600.0
259,2021-10-13 02:37:44,20600.0,1500.0,30400.0
260,2021-10-13 02:34:50,20600.0,500.0,28900.0
261,2021-10-13 02:34:25,20400.0,100.0,28400.0
262,2021-10-13 02:33:47,20400.0,200.0,28300.0
263,2021-10-13 02:31:21,20300.0,1900.0,28100.0
264,2021-10-13 02:31:21,20300.0,200.0,26200.0
265,2021-10-13 02:31:21,20300.0,300.0,26000.0
266,2021-10-13 02:31:21,20300.0,400.0,25700.0
267,2021-10-13 02:31:21,20400.0,200.0,25300.0
268,2021-10-13 02:31:21,20400.0,200.0,25100.0
269,2021-10-13 02:31:21,20400.0,500.0,24900.0
270,2021-10-13 02:31:21,20400.0,5000.0,24400.0
271,2021-10-13 02:31:21,20400.0,100.0,19400.0
272,2021-10-13 02:31:21,20400.0,1300.0,19300.0
273,2021-10-13 02:31:21,20400.0,500.0,18000.0
274,2021-10-13 02:31:21,20400.0,200.0,17500.0
275,2021-10-13 02:31:21,20400.0,200.0,17300.0
276,2021-10-13 02:31:21,20400.0,1000.0,17100.0
277,2021-10-13 02:29:53,20400.0,200.0,16100.0
278,2021-10-13 02:26:14,20400.0,100.0,15900.0
279,2021-10-13 02:25:57,20400.0,1700.0,15800.0
280,2021-10-13 02:25:57,20400.0,200.0,14100.0
281,2021-10-13 02:25:57,20400.0,2100.0,13900.0
282,2021-10-13 02:25:37,20400.0,2900.0,11800.0
283,2021-10-13 02:25:37,20400.0,5000.0,8900.0
284,2021-10-13 02:25:37,20400.0,900.0,3900.0
285,2021-10-13 02:25:37,20500.0,100.0,3000.0
286,2021-10-13 02:25:13,20400.0,100.0,2900.0
287,2021-10-13 02:24:50,20500.0,100.0,2800.0
288,2021-10-13 02:24:14,20500.0,200.0,2700.0
289,2021-10-13 02:24:14,20500.0,900.0,2500.0
290,2021-10-13 02:23:58,20500.0,100.0,1600.0
291,2021-10-13 02:23:58,20500.0,400.0,1500.0
292,2021-10-13 02:23:49,20800.0,200.0,1100.0
293,2021-10-13 02:23:49,20800.0,300.0,900.0
294,2021-10-13 02:23:49,20800.0,300.0,600.0
295,2021-10-13 02:23:18,20850.0,100.0,300.0
296,2021-10-13 02:22:52,20850.0,100.0,200.0
297,2021-10-13 02:21:38,20850.0,100.0,100.0
