,Time,Price,Volume_per_trade,Volume
0,2021-10-08 14:45:02,26900.0,4000.0,311002.0
1,2021-10-08 14:27:38,26900.0,600.0,307002.0
2,2021-10-08 14:22:52,26800.0,200.0,306402.0
3,2021-10-08 14:19:32,26900.0,100.0,306202.0
4,2021-10-08 14:19:15,26800.0,3200.0,306102.0
5,2021-10-08 14:16:45,26800.0,100.0,302902.0
6,2021-10-08 14:16:13,26700.0,9600.0,302802.0
7,2021-10-08 14:14:59,26800.0,2.0,293202.0
8,2021-10-08 14:14:04,26800.0,400.0,293200.0
9,2021-10-08 14:13:58,26800.0,1900.0,292800.0
10,2021-10-08 14:13:50,26800.0,800.0,290900.0
11,2021-10-08 14:13:43,26800.0,400.0,290100.0
12,2021-10-08 14:13:33,26800.0,500.0,289700.0
13,2021-10-08 14:13:26,26800.0,1300.0,289200.0
14,2021-10-08 14:13:18,26800.0,300.0,287900.0
15,2021-10-08 14:07:03,26800.0,100.0,287600.0
16,2021-10-08 14:06:53,26700.0,3700.0,287500.0
17,2021-10-08 14:06:43,26700.0,11300.0,283800.0
18,2021-10-08 14:06:05,26800.0,600.0,272500.0
19,2021-10-08 14:04:35,26800.0,300.0,271900.0
20,2021-10-08 14:02:47,26800.0,100.0,271600.0
21,2021-10-08 14:02:25,26700.0,12000.0,271500.0
22,2021-10-08 14:00:08,26800.0,100.0,259500.0
23,2021-10-08 13:59:56,26800.0,1000.0,259400.0
24,2021-10-08 13:58:55,26800.0,100.0,258400.0
25,2021-10-08 13:58:23,26700.0,100.0,258300.0
26,2021-10-08 13:58:06,26800.0,100.0,258200.0
27,2021-10-08 13:54:21,26700.0,600.0,258100.0
28,2021-10-08 13:54:13,26700.0,1600.0,257500.0
29,2021-10-08 13:54:04,26700.0,200.0,255900.0
30,2021-10-08 13:53:56,26700.0,1000.0,255700.0
31,2021-10-08 13:53:48,26700.0,900.0,254700.0
32,2021-10-08 13:53:39,26700.0,1200.0,253800.0
33,2021-10-08 13:53:33,26700.0,600.0,252600.0
34,2021-10-08 13:53:27,26700.0,700.0,252000.0
35,2021-10-08 13:53:21,26700.0,100.0,251300.0
36,2021-10-08 13:53:10,26600.0,600.0,251200.0
37,2021-10-08 13:52:04,26600.0,1200.0,250600.0
38,2021-10-08 13:52:01,26600.0,800.0,249400.0
39,2021-10-08 13:51:44,26600.0,900.0,248600.0
40,2021-10-08 13:51:37,26600.0,1100.0,247700.0
41,2021-10-08 13:51:26,26600.0,700.0,246600.0
42,2021-10-08 13:51:19,26600.0,600.0,245900.0
43,2021-10-08 13:51:10,26600.0,800.0,245300.0
44,2021-10-08 13:51:05,26600.0,1400.0,244500.0
45,2021-10-08 13:50:57,26600.0,1600.0,243100.0
46,2021-10-08 13:50:47,26600.0,1200.0,241500.0
47,2021-10-08 13:50:28,26600.0,800.0,240300.0
48,2021-10-08 13:50:18,26700.0,500.0,239500.0
49,2021-10-08 13:48:14,26600.0,100.0,239000.0
50,2021-10-08 13:47:39,26700.0,100.0,238900.0
51,2021-10-08 13:47:26,26600.0,600.0,238800.0
52,2021-10-08 13:47:16,26600.0,800.0,238200.0
53,2021-10-08 13:47:07,26600.0,700.0,237400.0
54,2021-10-08 13:47:02,26600.0,1300.0,236700.0
55,2021-10-08 13:46:55,26600.0,500.0,235400.0
56,2021-10-08 13:46:47,26600.0,500.0,234900.0
57,2021-10-08 13:46:39,26600.0,1700.0,234400.0
58,2021-10-08 13:46:30,26600.0,2700.0,232700.0
59,2021-10-08 13:45:24,26700.0,100.0,230000.0
60,2021-10-08 13:45:02,26700.0,100.0,229900.0
61,2021-10-08 13:44:50,26700.0,1000.0,229800.0
62,2021-10-08 13:44:33,26600.0,400.0,228800.0
63,2021-10-08 13:44:23,26600.0,700.0,228400.0
64,2021-10-08 13:44:15,26600.0,800.0,227700.0
65,2021-10-08 13:44:07,26600.0,700.0,226900.0
66,2021-10-08 13:43:56,26600.0,1200.0,226200.0
67,2021-10-08 13:43:45,26600.0,300.0,225000.0
68,2021-10-08 13:43:38,26600.0,1000.0,224700.0
69,2021-10-08 13:43:31,26600.0,600.0,223700.0
70,2021-10-08 13:43:26,26600.0,500.0,223100.0
71,2021-10-08 13:43:17,26600.0,1900.0,222600.0
72,2021-10-08 13:43:05,26600.0,1000.0,220700.0
73,2021-10-08 13:42:57,26600.0,800.0,219700.0
74,2021-10-08 13:42:50,26600.0,700.0,218900.0
75,2021-10-08 13:42:37,26600.0,900.0,218200.0
76,2021-10-08 13:42:31,26600.0,200.0,217300.0
77,2021-10-08 13:42:25,26600.0,1300.0,217100.0
78,2021-10-08 13:42:17,26600.0,100.0,215800.0
79,2021-10-08 13:42:12,26600.0,2300.0,215700.0
80,2021-10-08 13:41:16,26700.0,200.0,213400.0
81,2021-10-08 13:33:23,26600.0,3700.0,213200.0
82,2021-10-08 13:30:26,26700.0,900.0,209500.0
83,2021-10-08 13:30:12,26700.0,600.0,208600.0
84,2021-10-08 13:30:02,26700.0,100.0,208000.0
85,2021-10-08 13:29:56,26700.0,500.0,207900.0
86,2021-10-08 13:29:34,26700.0,400.0,207400.0
87,2021-10-08 13:29:27,26700.0,600.0,207000.0
88,2021-10-08 13:29:20,26700.0,100.0,206400.0
89,2021-10-08 13:29:14,26700.0,300.0,206300.0
90,2021-10-08 13:29:05,26700.0,500.0,206000.0
91,2021-10-08 13:28:58,26700.0,800.0,205500.0
92,2021-10-08 13:28:50,26700.0,700.0,204700.0
93,2021-10-08 13:28:39,26700.0,200.0,204000.0
94,2021-10-08 13:28:31,26700.0,300.0,203800.0
95,2021-10-08 13:28:11,26600.0,1200.0,203500.0
96,2021-10-08 13:28:02,26600.0,200.0,202300.0
97,2021-10-08 13:27:51,26600.0,300.0,202100.0
98,2021-10-08 13:27:44,26600.0,200.0,201800.0
99,2021-10-08 13:27:38,26600.0,400.0,201600.0
100,2021-10-08 13:27:31,26600.0,600.0,201200.0
101,2021-10-08 13:27:24,26600.0,800.0,200600.0
102,2021-10-08 13:27:18,26600.0,1700.0,199800.0
103,2021-10-08 13:27:11,26600.0,1400.0,198100.0
104,2021-10-08 13:27:01,26600.0,1300.0,196700.0
105,2021-10-08 13:26:53,26600.0,900.0,195400.0
106,2021-10-08 13:26:42,26600.0,4800.0,194500.0
107,2021-10-08 13:26:26,26600.0,1600.0,189700.0
108,2021-10-08 13:21:55,26700.0,900.0,188100.0
109,2021-10-08 13:18:36,26700.0,100.0,187200.0
110,2021-10-08 13:12:33,26700.0,100.0,187100.0
111,2021-10-08 13:12:25,26700.0,200.0,187000.0
112,2021-10-08 13:03:21,26700.0,100.0,186800.0
113,2021-10-08 13:03:00,26600.0,2500.0,186700.0
114,2021-10-08 13:02:51,26600.0,200.0,184200.0
115,2021-10-08 13:02:44,26600.0,400.0,184000.0
116,2021-10-08 13:02:36,26600.0,700.0,183600.0
117,2021-10-08 13:02:28,26600.0,500.0,182900.0
118,2021-10-08 13:02:09,26600.0,300.0,182400.0
119,2021-10-08 13:00:55,26600.0,200.0,182100.0
120,2021-10-08 11:24:51,26500.0,7000.0,181900.0
121,2021-10-08 11:23:27,26500.0,1900.0,174900.0
122,2021-10-08 11:23:12,26500.0,100.0,173000.0
123,2021-10-08 11:21:57,26600.0,5400.0,172900.0
124,2021-10-08 11:16:56,26600.0,900.0,167500.0
125,2021-10-08 11:16:32,26600.0,100.0,166600.0
126,2021-10-08 11:11:34,26600.0,1500.0,166500.0
127,2021-10-08 11:10:18,26600.0,1900.0,165000.0
128,2021-10-08 11:07:16,26700.0,100.0,163100.0
129,2021-10-08 11:01:53,26700.0,1900.0,163000.0
130,2021-10-08 11:01:46,26700.0,800.0,161100.0
131,2021-10-08 11:01:41,26700.0,700.0,160300.0
132,2021-10-08 11:01:30,26700.0,1200.0,159600.0
133,2021-10-08 11:01:19,26600.0,1800.0,158400.0
134,2021-10-08 11:01:12,26700.0,1300.0,156600.0
135,2021-10-08 11:00:59,26800.0,100.0,155300.0
136,2021-10-08 11:00:49,26700.0,500.0,155200.0
137,2021-10-08 11:00:35,26700.0,400.0,154700.0
138,2021-10-08 11:00:24,26700.0,400.0,154300.0
139,2021-10-08 11:00:16,26700.0,600.0,153900.0
140,2021-10-08 11:00:06,26700.0,900.0,153300.0
141,2021-10-08 10:59:56,26700.0,900.0,152400.0
142,2021-10-08 10:59:44,26700.0,700.0,151500.0
143,2021-10-08 10:59:37,26700.0,900.0,150800.0
144,2021-10-08 10:59:30,26700.0,1300.0,149900.0
145,2021-10-08 10:59:18,26700.0,200.0,148600.0
146,2021-10-08 10:58:49,26700.0,300.0,148400.0
147,2021-10-08 10:57:47,26700.0,100.0,148100.0
148,2021-10-08 10:56:16,26700.0,200.0,148000.0
149,2021-10-08 10:54:56,26700.0,100.0,147800.0
150,2021-10-08 10:54:04,26700.0,300.0,147700.0
151,2021-10-08 10:52:14,26700.0,100.0,147400.0
152,2021-10-08 10:51:23,26700.0,300.0,147300.0
153,2021-10-08 10:51:06,26700.0,200.0,147000.0
154,2021-10-08 10:50:34,26600.0,4000.0,146800.0
155,2021-10-08 10:46:52,26700.0,100.0,142800.0
156,2021-10-08 10:44:37,26700.0,1400.0,142700.0
157,2021-10-08 10:39:11,26800.0,100.0,141300.0
158,2021-10-08 10:33:43,26700.0,500.0,141200.0
159,2021-10-08 10:33:34,26700.0,800.0,140700.0
160,2021-10-08 10:33:27,26700.0,600.0,139900.0
161,2021-10-08 10:33:17,26700.0,1600.0,139300.0
162,2021-10-08 10:33:08,26700.0,800.0,137700.0
163,2021-10-08 10:33:01,26700.0,300.0,136900.0
164,2021-10-08 10:32:39,26700.0,300.0,136600.0
165,2021-10-08 10:32:28,26600.0,100.0,136300.0
166,2021-10-08 10:32:22,26700.0,100.0,136200.0
167,2021-10-08 10:32:14,26700.0,2800.0,136100.0
168,2021-10-08 10:31:35,26800.0,200.0,133300.0
169,2021-10-08 10:30:32,26800.0,100.0,133100.0
170,2021-10-08 10:30:13,26700.0,1200.0,133000.0
171,2021-10-08 10:28:23,26800.0,3000.0,131800.0
172,2021-10-08 10:27:38,26800.0,100.0,128800.0
173,2021-10-08 10:26:30,26800.0,2000.0,128700.0
174,2021-10-08 10:25:57,26800.0,100.0,126700.0
175,2021-10-08 10:24:12,26800.0,100.0,126600.0
176,2021-10-08 10:23:50,26800.0,100.0,126500.0
177,2021-10-08 10:23:44,26800.0,200.0,126400.0
178,2021-10-08 10:23:38,26800.0,300.0,126200.0
179,2021-10-08 10:23:29,26800.0,1300.0,125900.0
180,2021-10-08 10:23:19,26800.0,1300.0,124600.0
181,2021-10-08 10:22:17,26700.0,900.0,123300.0
182,2021-10-08 10:21:59,26800.0,1700.0,122400.0
183,2021-10-08 10:21:37,26900.0,2000.0,120700.0
184,2021-10-08 10:20:57,26900.0,200.0,118700.0
185,2021-10-08 10:20:37,26900.0,100.0,118500.0
186,2021-10-08 10:20:29,26800.0,800.0,118400.0
187,2021-10-08 10:20:20,26800.0,900.0,117600.0
188,2021-10-08 10:20:13,26800.0,400.0,116700.0
189,2021-10-08 10:20:02,26800.0,200.0,116300.0
190,2021-10-08 10:19:54,26800.0,700.0,116100.0
191,2021-10-08 10:19:47,26800.0,800.0,115400.0
192,2021-10-08 10:19:38,26800.0,300.0,114600.0
193,2021-10-08 10:19:31,26800.0,400.0,114300.0
194,2021-10-08 10:19:15,26800.0,1300.0,113900.0
195,2021-10-08 10:19:07,26800.0,1100.0,112600.0
196,2021-10-08 10:18:54,26800.0,200.0,111500.0
197,2021-10-08 10:18:44,26800.0,1800.0,111300.0
198,2021-10-08 10:18:17,26900.0,100.0,109500.0
199,2021-10-08 10:17:20,26900.0,200.0,109400.0
200,2021-10-08 10:15:18,26900.0,300.0,109200.0
201,2021-10-08 10:14:19,26900.0,100.0,108900.0
202,2021-10-08 10:13:19,26900.0,200.0,108800.0
203,2021-10-08 10:12:08,26900.0,100.0,108600.0
204,2021-10-08 10:10:41,26900.0,100.0,108500.0
205,2021-10-08 10:09:12,26900.0,500.0,108400.0
206,2021-10-08 10:09:01,26800.0,5200.0,107900.0
207,2021-10-08 10:08:40,26700.0,1200.0,102700.0
208,2021-10-08 10:08:25,26700.0,300.0,101500.0
209,2021-10-08 10:08:10,26700.0,400.0,101200.0
210,2021-10-08 10:08:07,26600.0,300.0,100800.0
211,2021-10-08 10:08:03,26700.0,900.0,100500.0
212,2021-10-08 10:07:56,26700.0,1200.0,99600.0
213,2021-10-08 10:07:48,26700.0,3400.0,98400.0
214,2021-10-08 10:07:34,26700.0,2700.0,95000.0
215,2021-10-08 10:07:25,26700.0,1400.0,92300.0
216,2021-10-08 10:07:17,26700.0,1600.0,90900.0
217,2021-10-08 10:07:12,26700.0,700.0,89300.0
218,2021-10-08 10:07:07,26700.0,500.0,88600.0
219,2021-10-08 10:07:02,26700.0,1300.0,88100.0
220,2021-10-08 10:06:52,26700.0,1700.0,86800.0
221,2021-10-08 10:06:19,26800.0,500.0,85100.0
222,2021-10-08 10:06:08,26800.0,100.0,84600.0
223,2021-10-08 10:04:50,26800.0,500.0,84500.0
224,2021-10-08 10:03:59,26800.0,200.0,84000.0
225,2021-10-08 10:02:42,26800.0,400.0,83800.0
226,2021-10-08 10:01:37,26800.0,200.0,83400.0
227,2021-10-08 10:00:46,26800.0,100.0,83200.0
228,2021-10-08 09:59:47,26800.0,400.0,83100.0
229,2021-10-08 09:59:04,26800.0,100.0,82700.0
230,2021-10-08 09:58:41,26800.0,300.0,82600.0
231,2021-10-08 09:58:02,26700.0,1000.0,82300.0
232,2021-10-08 09:56:45,26800.0,100.0,81300.0
233,2021-10-08 09:56:14,26800.0,200.0,81200.0
234,2021-10-08 09:55:24,26800.0,100.0,81000.0
235,2021-10-08 09:53:06,26800.0,100.0,80900.0
236,2021-10-08 09:50:10,26800.0,100.0,80800.0
237,2021-10-08 09:48:30,26800.0,100.0,80700.0
238,2021-10-08 09:47:43,26800.0,300.0,80600.0
239,2021-10-08 09:45:12,26800.0,200.0,80300.0
240,2021-10-08 09:45:00,26700.0,200.0,80100.0
241,2021-10-08 09:44:52,26700.0,900.0,79900.0
242,2021-10-08 09:44:45,26700.0,500.0,79000.0
243,2021-10-08 09:44:39,26700.0,900.0,78500.0
244,2021-10-08 09:44:31,26700.0,900.0,77600.0
245,2021-10-08 09:44:22,26700.0,1700.0,76700.0
246,2021-10-08 09:44:14,26700.0,300.0,75000.0
247,2021-10-08 09:44:04,26700.0,200.0,74700.0
248,2021-10-08 09:43:54,26700.0,2300.0,74500.0
249,2021-10-08 09:39:56,26800.0,100.0,72200.0
250,2021-10-08 09:39:14,26800.0,1700.0,72100.0
251,2021-10-08 09:38:56,26900.0,100.0,70400.0
252,2021-10-08 09:38:38,26700.0,1300.0,70300.0
253,2021-10-08 09:38:10,26700.0,2000.0,69000.0
254,2021-10-08 09:37:56,26600.0,700.0,67000.0
255,2021-10-08 09:37:43,26600.0,1200.0,66300.0
256,2021-10-08 09:35:59,26600.0,300.0,65100.0
257,2021-10-08 09:35:46,26500.0,500.0,64800.0
258,2021-10-08 09:35:38,26500.0,1000.0,64300.0
259,2021-10-08 09:35:27,26500.0,700.0,63300.0
260,2021-10-08 09:35:19,26500.0,800.0,62600.0
261,2021-10-08 09:35:10,26500.0,900.0,61800.0
262,2021-10-08 09:35:02,26500.0,4100.0,60900.0
263,2021-10-08 09:34:56,26600.0,1900.0,56800.0
264,2021-10-08 09:34:48,26600.0,1300.0,54900.0
265,2021-10-08 09:34:38,26600.0,3100.0,53600.0
266,2021-10-08 09:34:26,26700.0,700.0,50500.0
267,2021-10-08 09:34:18,26700.0,400.0,49800.0
268,2021-10-08 09:34:02,26700.0,900.0,49400.0
269,2021-10-08 09:33:54,26700.0,1300.0,48500.0
270,2021-10-08 09:33:34,26700.0,1200.0,47200.0
271,2021-10-08 09:33:27,26700.0,1400.0,46000.0
272,2021-10-08 09:32:23,26900.0,200.0,44600.0
273,2021-10-08 09:28:04,26900.0,100.0,44400.0
274,2021-10-08 09:27:49,26700.0,1800.0,44300.0
275,2021-10-08 09:27:41,26700.0,1700.0,42500.0
276,2021-10-08 09:27:31,26700.0,1200.0,40800.0
277,2021-10-08 09:27:25,26700.0,1400.0,39600.0
278,2021-10-08 09:27:19,26700.0,1300.0,38200.0
279,2021-10-08 09:24:50,26700.0,100.0,36900.0
280,2021-10-08 09:24:23,26700.0,200.0,36800.0
281,2021-10-08 09:24:04,26600.0,1900.0,36600.0
282,2021-10-08 09:23:51,26600.0,700.0,34700.0
283,2021-10-08 09:23:45,26600.0,900.0,34000.0
284,2021-10-08 09:23:36,26600.0,1300.0,33100.0
285,2021-10-08 09:22:50,26600.0,800.0,31800.0
286,2021-10-08 09:22:22,26500.0,500.0,31000.0
287,2021-10-08 09:22:11,26600.0,3400.0,30500.0
288,2021-10-08 09:22:01,26700.0,200.0,27100.0
289,2021-10-08 09:21:03,26900.0,100.0,26900.0
290,2021-10-08 09:18:38,26700.0,1000.0,26800.0
291,2021-10-08 09:18:28,26900.0,100.0,25800.0
292,2021-10-08 09:18:00,26700.0,700.0,25700.0
293,2021-10-08 09:17:46,26700.0,2900.0,25000.0
294,2021-10-08 09:17:36,26700.0,1100.0,22100.0
295,2021-10-08 09:17:25,26700.0,1300.0,21000.0
296,2021-10-08 09:17:16,26700.0,900.0,19700.0
297,2021-10-08 09:17:09,26700.0,1400.0,18800.0
298,2021-10-08 09:17:02,26700.0,300.0,17400.0
299,2021-10-08 09:16:20,26700.0,1000.0,17100.0
300,2021-10-08 09:15:36,26700.0,100.0,16100.0
301,2021-10-08 09:14:48,26700.0,200.0,16000.0
302,2021-10-08 09:14:37,26600.0,2400.0,15800.0
303,2021-10-08 09:14:21,26600.0,1100.0,13400.0
304,2021-10-08 09:14:11,26600.0,200.0,12300.0
305,2021-10-08 09:12:03,26500.0,1000.0,12100.0
306,2021-10-08 09:11:32,26500.0,1200.0,11100.0
307,2021-10-08 09:11:19,26500.0,2800.0,9900.0
308,2021-10-08 09:08:48,26600.0,200.0,7100.0
309,2021-10-08 09:08:03,26500.0,2000.0,6900.0
310,2021-10-08 09:07:55,26600.0,3900.0,4900.0
311,2021-10-08 09:06:36,26700.0,100.0,1000.0
312,2021-10-08 09:02:30,26700.0,100.0,900.0
313,2021-10-08 09:01:29,26600.0,800.0,800.0
