,Time,Price,Volume_per_trade,Volume
0,2021-10-19 14:45:02,31800.0,500.0,695916.0
1,2021-10-19 14:29:23,32000.0,100.0,695416.0
2,2021-10-19 14:29:08,31800.0,100.0,695316.0
3,2021-10-19 14:28:56,31800.0,2300.0,695216.0
4,2021-10-19 14:28:47,31800.0,200.0,692916.0
5,2021-10-19 14:28:39,31600.0,6700.0,692716.0
6,2021-10-19 14:28:30,31700.0,100.0,686016.0
7,2021-10-19 14:28:00,31800.0,100.0,685916.0
8,2021-10-19 14:27:56,31700.0,6300.0,685816.0
9,2021-10-19 14:27:44,31800.0,5400.0,679516.0
10,2021-10-19 14:25:16,32000.0,200.0,674116.0
11,2021-10-19 14:25:11,31800.0,5400.0,673916.0
12,2021-10-19 14:24:41,32000.0,200.0,668516.0
13,2021-10-19 14:24:30,32000.0,1100.0,668316.0
14,2021-10-19 14:24:22,32000.0,800.0,667216.0
15,2021-10-19 14:24:07,32000.0,100.0,666416.0
16,2021-10-19 14:23:54,32000.0,500.0,666316.0
17,2021-10-19 14:23:08,32000.0,5000.0,665816.0
18,2021-10-19 14:21:31,32500.0,100.0,660816.0
19,2021-10-19 14:21:27,32300.0,100.0,660716.0
20,2021-10-19 14:21:26,32300.0,3700.0,660616.0
21,2021-10-19 14:21:10,32500.0,800.0,656916.0
22,2021-10-19 14:20:16,32500.0,500.0,656116.0
23,2021-10-19 14:20:08,32500.0,2000.0,655616.0
24,2021-10-19 14:20:02,32500.0,200.0,653616.0
25,2021-10-19 14:19:56,32500.0,7700.0,653416.0
26,2021-10-19 14:19:38,32700.0,1600.0,645716.0
27,2021-10-19 14:17:41,32700.0,2000.0,644116.0
28,2021-10-19 14:13:46,32800.0,500.0,642116.0
29,2021-10-19 14:13:36,32700.0,1110.0,641616.0
30,2021-10-19 14:13:23,32800.0,500.0,640506.0
31,2021-10-19 14:13:15,32700.0,2200.0,640006.0
32,2021-10-19 14:13:11,32800.0,500.0,637806.0
33,2021-10-19 14:12:58,32800.0,3800.0,637306.0
34,2021-10-19 14:11:34,32900.0,100.0,633506.0
35,2021-10-19 14:11:33,32800.0,5000.0,633406.0
36,2021-10-19 14:11:25,32900.0,2700.0,628406.0
37,2021-10-19 14:11:01,33000.0,500.0,625706.0
38,2021-10-19 14:08:09,33000.0,3200.0,625206.0
39,2021-10-19 14:07:28,33000.0,700.0,622006.0
40,2021-10-19 14:06:29,33000.0,500.0,621306.0
41,2021-10-19 14:06:25,33100.0,100.0,620806.0
42,2021-10-19 14:06:13,33000.0,800.0,620706.0
43,2021-10-19 14:05:37,33100.0,2600.0,619906.0
44,2021-10-19 14:05:24,33100.0,1000.0,617306.0
45,2021-10-19 14:04:36,33100.0,3000.0,616306.0
46,2021-10-19 14:04:06,33100.0,20000.0,613306.0
47,2021-10-19 13:59:33,33600.0,100.0,593306.0
48,2021-10-19 13:59:09,33600.0,500.0,593206.0
49,2021-10-19 13:58:54,33500.0,2000.0,592706.0
50,2021-10-19 13:57:52,33600.0,28.0,590706.0
51,2021-10-19 13:51:32,33600.0,1000.0,590678.0
52,2021-10-19 13:51:27,33500.0,400.0,589678.0
53,2021-10-19 13:51:13,33600.0,8200.0,589278.0
54,2021-10-19 13:51:11,33600.0,3000.0,581078.0
55,2021-10-19 13:51:08,33700.0,2000.0,578078.0
56,2021-10-19 13:50:53,33700.0,200.0,576078.0
57,2021-10-19 13:50:42,33700.0,5000.0,575878.0
58,2021-10-19 13:50:27,33700.0,2500.0,570878.0
59,2021-10-19 13:50:06,33700.0,4800.0,568378.0
60,2021-10-19 13:49:59,33800.0,300.0,563578.0
61,2021-10-19 13:49:46,33800.0,800.0,563278.0
62,2021-10-19 13:49:37,34000.0,100.0,562478.0
63,2021-10-19 13:49:20,33800.0,300.0,562378.0
64,2021-10-19 13:49:18,33800.0,1300.0,562078.0
65,2021-10-19 13:49:11,33800.0,800.0,560778.0
66,2021-10-19 13:48:57,33800.0,500.0,559978.0
67,2021-10-19 13:48:26,33800.0,600.0,559478.0
68,2021-10-19 13:48:19,33800.0,3100.0,558878.0
69,2021-10-19 13:47:28,34000.0,4200.0,555778.0
70,2021-10-19 13:45:17,34100.0,300.0,551578.0
71,2021-10-19 13:45:01,34100.0,100.0,551278.0
72,2021-10-19 13:44:50,34100.0,100.0,551178.0
73,2021-10-19 13:44:45,34100.0,500.0,551078.0
74,2021-10-19 13:44:38,34100.0,200.0,550578.0
75,2021-10-19 13:44:29,34100.0,700.0,550378.0
76,2021-10-19 13:44:19,34100.0,300.0,549678.0
77,2021-10-19 13:44:12,34100.0,300.0,549378.0
78,2021-10-19 13:44:11,34000.0,4000.0,549078.0
79,2021-10-19 13:44:05,34100.0,400.0,545078.0
80,2021-10-19 13:44:00,34100.0,600.0,544678.0
81,2021-10-19 13:43:50,34100.0,400.0,544078.0
82,2021-10-19 13:43:43,34100.0,900.0,543678.0
83,2021-10-19 13:43:31,34100.0,100.0,542778.0
84,2021-10-19 13:43:25,34100.0,100.0,542678.0
85,2021-10-19 13:43:19,34100.0,100.0,542578.0
86,2021-10-19 13:43:12,34100.0,100.0,542478.0
87,2021-10-19 13:43:07,34100.0,400.0,542378.0
88,2021-10-19 13:43:00,34100.0,300.0,541978.0
89,2021-10-19 13:42:55,34100.0,200.0,541678.0
90,2021-10-19 13:42:49,34100.0,400.0,541478.0
91,2021-10-19 13:42:44,34100.0,500.0,541078.0
92,2021-10-19 13:42:33,34100.0,500.0,540578.0
93,2021-10-19 13:42:24,34100.0,300.0,540078.0
94,2021-10-19 13:42:16,34100.0,300.0,539778.0
95,2021-10-19 13:42:10,34100.0,200.0,539478.0
96,2021-10-19 13:42:03,34100.0,600.0,539278.0
97,2021-10-19 13:41:57,34100.0,100.0,538678.0
98,2021-10-19 13:41:51,34100.0,600.0,538578.0
99,2021-10-19 13:41:43,34100.0,500.0,537978.0
100,2021-10-19 13:41:36,34100.0,900.0,537478.0
101,2021-10-19 13:41:29,34100.0,700.0,536578.0
102,2021-10-19 13:41:24,34100.0,400.0,535878.0
103,2021-10-19 13:41:14,34100.0,200.0,535478.0
104,2021-10-19 13:41:07,34100.0,300.0,535278.0
105,2021-10-19 13:41:00,34100.0,700.0,534978.0
106,2021-10-19 13:40:55,34100.0,600.0,534278.0
107,2021-10-19 13:40:52,34000.0,3000.0,533678.0
108,2021-10-19 13:40:49,34100.0,700.0,530678.0
109,2021-10-19 13:40:41,34100.0,500.0,529978.0
110,2021-10-19 13:40:33,34100.0,1300.0,529478.0
111,2021-10-19 13:40:23,34100.0,900.0,528178.0
112,2021-10-19 13:40:17,34100.0,800.0,527278.0
113,2021-10-19 13:40:05,34100.0,400.0,526478.0
114,2021-10-19 13:40:00,34100.0,500.0,526078.0
115,2021-10-19 13:39:50,34100.0,1100.0,525578.0
116,2021-10-19 13:38:46,34100.0,900.0,524478.0
117,2021-10-19 13:38:37,34100.0,200.0,523578.0
118,2021-10-19 13:38:26,34100.0,500.0,523378.0
119,2021-10-19 13:33:20,34100.0,200.0,522878.0
120,2021-10-19 13:29:20,34100.0,100.0,522678.0
121,2021-10-19 13:29:09,34000.0,2000.0,522578.0
122,2021-10-19 13:29:05,34000.0,1000.0,520578.0
123,2021-10-19 13:28:26,34100.0,100.0,519578.0
124,2021-10-19 13:26:00,34100.0,100.0,519478.0
125,2021-10-19 13:22:40,34100.0,3300.0,519378.0
126,2021-10-19 13:17:31,34200.0,6000.0,516078.0
127,2021-10-19 13:16:43,34100.0,100.0,510078.0
128,2021-10-19 13:11:37,34100.0,1000.0,509978.0
129,2021-10-19 13:11:25,34100.0,100.0,508978.0
130,2021-10-19 13:10:58,34100.0,3700.0,508878.0
131,2021-10-19 13:10:36,34100.0,6.0,505178.0
132,2021-10-19 13:10:18,34100.0,9400.0,505172.0
133,2021-10-19 13:09:44,34100.0,5000.0,495772.0
134,2021-10-19 13:09:27,34100.0,500.0,490772.0
135,2021-10-19 13:09:20,34100.0,5000.0,490272.0
136,2021-10-19 13:09:13,34200.0,100.0,485272.0
137,2021-10-19 13:08:50,34100.0,200.0,485172.0
138,2021-10-19 13:08:46,34100.0,7100.0,484972.0
139,2021-10-19 13:08:26,34100.0,7000.0,477872.0
140,2021-10-19 13:08:25,34200.0,100.0,470872.0
141,2021-10-19 13:07:39,34100.0,4800.0,470772.0
142,2021-10-19 13:07:29,34100.0,4000.0,465972.0
143,2021-10-19 13:07:07,34200.0,100.0,461972.0
144,2021-10-19 13:06:57,34100.0,300.0,461872.0
145,2021-10-19 13:04:17,34200.0,100.0,461572.0
146,2021-10-19 13:02:46,34200.0,100.0,461472.0
147,2021-10-19 13:00:34,34200.0,200.0,461372.0
148,2021-10-19 13:00:07,34100.0,500.0,461172.0
149,2021-10-19 13:00:06,34200.0,100.0,460672.0
150,2021-10-19 13:00:04,34100.0,500.0,460572.0
151,2021-10-19 13:00:03,34200.0,1200.0,460072.0
152,2021-10-19 11:29:34,34200.0,500.0,458872.0
153,2021-10-19 11:25:09,34200.0,6100.0,458372.0
154,2021-10-19 11:23:59,34100.0,100.0,452272.0
155,2021-10-19 11:23:20,34100.0,1000.0,452172.0
156,2021-10-19 11:21:18,34100.0,100.0,451172.0
157,2021-10-19 11:20:45,34100.0,100.0,451072.0
158,2021-10-19 11:20:37,34000.0,600.0,450972.0
159,2021-10-19 11:20:20,34000.0,500.0,450372.0
160,2021-10-19 11:20:11,33900.0,200.0,449872.0
161,2021-10-19 11:19:58,34000.0,20.0,449672.0
162,2021-10-19 11:19:42,34000.0,300.0,449652.0
163,2021-10-19 11:18:30,34000.0,2500.0,449352.0
164,2021-10-19 11:17:43,33900.0,1000.0,446852.0
165,2021-10-19 11:16:27,33900.0,500.0,445852.0
166,2021-10-19 11:16:18,33900.0,100.0,445352.0
167,2021-10-19 11:16:07,33800.0,1000.0,445252.0
168,2021-10-19 11:15:31,33900.0,1000.0,444252.0
169,2021-10-19 11:15:14,33800.0,1600.0,443252.0
170,2021-10-19 11:14:33,33800.0,100.0,441652.0
171,2021-10-19 11:14:05,33700.0,1700.0,441552.0
172,2021-10-19 11:13:56,33700.0,200.0,439852.0
173,2021-10-19 11:11:25,33700.0,100.0,439652.0
174,2021-10-19 11:10:49,33700.0,100.0,439552.0
175,2021-10-19 11:07:27,33700.0,1000.0,439452.0
176,2021-10-19 11:06:57,33700.0,200.0,438452.0
177,2021-10-19 11:06:29,33600.0,1900.0,438252.0
178,2021-10-19 11:05:27,33600.0,100.0,436352.0
179,2021-10-19 11:04:43,33500.0,300.0,436252.0
180,2021-10-19 11:03:45,33500.0,4900.0,435952.0
181,2021-10-19 11:03:08,33600.0,200.0,431052.0
182,2021-10-19 11:01:59,33500.0,2600.0,430852.0
183,2021-10-19 11:01:08,33500.0,1500.0,428252.0
184,2021-10-19 11:01:01,33500.0,100.0,426752.0
185,2021-10-19 11:00:55,33500.0,100.0,426652.0
186,2021-10-19 11:00:50,33500.0,100.0,426552.0
187,2021-10-19 11:00:42,33500.0,100.0,426452.0
188,2021-10-19 11:00:36,33500.0,400.0,426352.0
189,2021-10-19 11:00:25,33500.0,1000.0,425952.0
190,2021-10-19 11:00:07,33500.0,300.0,424952.0
191,2021-10-19 10:59:55,33500.0,500.0,424652.0
192,2021-10-19 10:58:58,33500.0,400.0,424152.0
193,2021-10-19 10:58:37,33300.0,1000.0,423752.0
194,2021-10-19 10:58:28,33500.0,200.0,422752.0
195,2021-10-19 10:58:00,33500.0,200.0,422552.0
196,2021-10-19 10:57:50,33300.0,1200.0,422352.0
197,2021-10-19 10:57:34,33300.0,300.0,421152.0
198,2021-10-19 10:55:36,33300.0,300.0,420852.0
199,2021-10-19 10:54:41,33300.0,600.0,420552.0
200,2021-10-19 10:54:35,33200.0,300.0,419952.0
201,2021-10-19 10:54:18,33300.0,400.0,419652.0
202,2021-10-19 10:54:16,33300.0,1000.0,419252.0
203,2021-10-19 10:53:30,33300.0,42.0,418252.0
204,2021-10-19 10:52:29,33300.0,100.0,418210.0
205,2021-10-19 10:52:03,33300.0,200.0,418110.0
206,2021-10-19 10:51:35,33200.0,1100.0,417910.0
207,2021-10-19 10:51:16,33200.0,800.0,416810.0
208,2021-10-19 10:50:55,33200.0,500.0,416010.0
209,2021-10-19 10:50:14,33100.0,3900.0,415510.0
210,2021-10-19 10:50:05,33000.0,700.0,411610.0
211,2021-10-19 10:50:04,33000.0,2300.0,410910.0
212,2021-10-19 10:49:56,33100.0,400.0,408610.0
213,2021-10-19 10:49:49,33100.0,1400.0,408210.0
214,2021-10-19 10:49:40,33100.0,2100.0,406810.0
215,2021-10-19 10:49:21,33200.0,400.0,404710.0
216,2021-10-19 10:49:17,33200.0,1000.0,404310.0
217,2021-10-19 10:48:40,33200.0,200.0,403310.0
218,2021-10-19 10:48:06,33100.0,1700.0,403110.0
219,2021-10-19 10:46:39,33100.0,100.0,401410.0
220,2021-10-19 10:46:36,33100.0,900.0,401310.0
221,2021-10-19 10:46:03,33100.0,100.0,400410.0
222,2021-10-19 10:45:42,33100.0,100.0,400310.0
223,2021-10-19 10:45:03,32900.0,400.0,400210.0
224,2021-10-19 10:44:54,32900.0,800.0,399810.0
225,2021-10-19 10:44:52,32900.0,100.0,399010.0
226,2021-10-19 10:44:46,32900.0,600.0,398910.0
227,2021-10-19 10:44:37,32900.0,500.0,398310.0
228,2021-10-19 10:43:49,32900.0,100.0,397810.0
229,2021-10-19 10:43:39,32900.0,200.0,397710.0
230,2021-10-19 10:43:24,32800.0,900.0,397510.0
231,2021-10-19 10:43:10,32800.0,500.0,396610.0
232,2021-10-19 10:42:58,32800.0,500.0,396110.0
233,2021-10-19 10:42:24,32800.0,1600.0,395610.0
234,2021-10-19 10:42:15,32800.0,600.0,394010.0
235,2021-10-19 10:42:10,32800.0,3700.0,393410.0
236,2021-10-19 10:41:34,32900.0,100.0,389710.0
237,2021-10-19 10:41:06,32800.0,2800.0,389610.0
238,2021-10-19 10:40:43,32800.0,3100.0,386810.0
239,2021-10-19 10:40:37,32800.0,800.0,383710.0
240,2021-10-19 10:40:20,32800.0,1100.0,382910.0
241,2021-10-19 10:40:11,32900.0,100.0,381810.0
242,2021-10-19 10:39:58,32800.0,1200.0,381710.0
243,2021-10-19 10:39:31,32800.0,600.0,380510.0
244,2021-10-19 10:39:27,32800.0,800.0,379910.0
245,2021-10-19 10:38:24,32800.0,100.0,379110.0
246,2021-10-19 10:38:17,32800.0,1100.0,379010.0
247,2021-10-19 10:38:05,32800.0,400.0,377910.0
248,2021-10-19 10:37:57,32800.0,1400.0,377510.0
249,2021-10-19 10:37:51,32800.0,1500.0,376110.0
250,2021-10-19 10:37:33,32800.0,1900.0,374610.0
251,2021-10-19 10:37:10,32900.0,400.0,372710.0
252,2021-10-19 10:36:14,32800.0,900.0,372310.0
253,2021-10-19 10:35:59,32800.0,300.0,371410.0
254,2021-10-19 10:35:55,32800.0,800.0,371110.0
255,2021-10-19 10:35:29,32700.0,1300.0,370310.0
256,2021-10-19 10:35:22,32700.0,400.0,369010.0
257,2021-10-19 10:35:13,32700.0,800.0,368610.0
258,2021-10-19 10:35:06,32700.0,400.0,367810.0
259,2021-10-19 10:34:42,32700.0,400.0,367410.0
260,2021-10-19 10:34:02,32500.0,100.0,367010.0
261,2021-10-19 10:33:56,32300.0,200.0,366910.0
262,2021-10-19 10:33:06,32300.0,2000.0,366710.0
263,2021-10-19 10:30:37,32500.0,500.0,364710.0
264,2021-10-19 10:29:07,32500.0,100.0,364210.0
265,2021-10-19 10:28:48,32500.0,100.0,364110.0
266,2021-10-19 10:28:39,32500.0,400.0,364010.0
267,2021-10-19 10:28:16,32500.0,200.0,363610.0
268,2021-10-19 10:27:36,32500.0,1500.0,363410.0
269,2021-10-19 10:25:38,32300.0,3300.0,361910.0
270,2021-10-19 10:24:10,32200.0,600.0,358610.0
271,2021-10-19 10:23:31,32200.0,500.0,358010.0
272,2021-10-19 10:22:34,32200.0,10.0,357510.0
273,2021-10-19 10:22:04,32200.0,100.0,357500.0
274,2021-10-19 10:21:54,32100.0,1800.0,357400.0
275,2021-10-19 10:21:37,32100.0,400.0,355600.0
276,2021-10-19 10:21:27,32100.0,1900.0,355200.0
277,2021-10-19 10:21:20,32100.0,500.0,353300.0
278,2021-10-19 10:21:11,32100.0,400.0,352800.0
279,2021-10-19 10:21:06,32100.0,500.0,352400.0
280,2021-10-19 10:21:01,32100.0,1800.0,351900.0
281,2021-10-19 10:20:06,32100.0,600.0,350100.0
282,2021-10-19 10:18:50,32100.0,500.0,349500.0
283,2021-10-19 10:18:43,32100.0,800.0,349000.0
284,2021-10-19 10:18:17,32100.0,900.0,348200.0
285,2021-10-19 10:18:03,32100.0,500.0,347300.0
286,2021-10-19 10:17:48,32100.0,2000.0,346800.0
287,2021-10-19 10:17:09,32100.0,300.0,344800.0
288,2021-10-19 10:16:24,32100.0,300.0,344500.0
289,2021-10-19 10:16:15,32100.0,1700.0,344200.0
290,2021-10-19 10:15:56,32100.0,400.0,342500.0
291,2021-10-19 10:15:14,32100.0,1600.0,342100.0
292,2021-10-19 10:15:02,32100.0,400.0,340500.0
293,2021-10-19 10:14:05,32100.0,9800.0,340100.0
294,2021-10-19 10:13:12,32000.0,200.0,330300.0
295,2021-10-19 10:12:57,31900.0,1200.0,330100.0
296,2021-10-19 10:12:48,31900.0,500.0,328900.0
297,2021-10-19 10:11:54,31900.0,200.0,328400.0
298,2021-10-19 10:11:32,31900.0,600.0,328200.0
299,2021-10-19 10:11:27,31900.0,500.0,327600.0
300,2021-10-19 10:11:22,31900.0,1300.0,327100.0
301,2021-10-19 10:11:13,31900.0,1500.0,325800.0
302,2021-10-19 10:11:08,31900.0,3200.0,324300.0
303,2021-10-19 10:10:10,32000.0,1100.0,321100.0
304,2021-10-19 10:09:07,32000.0,600.0,320000.0
305,2021-10-19 10:08:36,32000.0,100.0,319400.0
306,2021-10-19 10:08:21,31900.0,1800.0,319300.0
307,2021-10-19 10:07:47,32000.0,200.0,317500.0
308,2021-10-19 10:07:30,32000.0,100.0,317300.0
309,2021-10-19 10:07:18,32000.0,400.0,317200.0
310,2021-10-19 10:06:45,31900.0,1200.0,316800.0
311,2021-10-19 10:06:27,31900.0,1400.0,315600.0
312,2021-10-19 10:06:19,31900.0,1700.0,314200.0
313,2021-10-19 10:06:12,31900.0,2600.0,312500.0
314,2021-10-19 10:06:06,31900.0,800.0,309900.0
315,2021-10-19 10:05:32,31900.0,200.0,309100.0
316,2021-10-19 10:04:30,31900.0,500.0,308900.0
317,2021-10-19 10:03:46,31900.0,500.0,308400.0
318,2021-10-19 10:03:25,31700.0,800.0,307900.0
319,2021-10-19 10:03:15,31700.0,600.0,307100.0
320,2021-10-19 10:03:00,31700.0,700.0,306500.0
321,2021-10-19 10:02:50,31700.0,600.0,305800.0
322,2021-10-19 10:02:42,31700.0,700.0,305200.0
323,2021-10-19 10:02:33,31700.0,900.0,304500.0
324,2021-10-19 10:02:24,31700.0,3100.0,303600.0
325,2021-10-19 10:01:28,31900.0,300.0,300500.0
326,2021-10-19 10:01:11,31700.0,1900.0,300200.0
327,2021-10-19 10:00:56,31700.0,1800.0,298300.0
328,2021-10-19 10:00:46,31700.0,400.0,296500.0
329,2021-10-19 10:00:36,31700.0,800.0,296100.0
330,2021-10-19 10:00:28,31700.0,500.0,295300.0
331,2021-10-19 10:00:20,31700.0,800.0,294800.0
332,2021-10-19 10:00:06,31700.0,2700.0,294000.0
333,2021-10-19 10:00:01,31900.0,200.0,291300.0
334,2021-10-19 09:59:44,31900.0,500.0,291100.0
335,2021-10-19 09:59:31,31700.0,700.0,290600.0
336,2021-10-19 09:59:25,31700.0,2800.0,289900.0
337,2021-10-19 09:59:19,31700.0,1600.0,287100.0
338,2021-10-19 09:59:12,31700.0,800.0,285500.0
339,2021-10-19 09:58:52,31700.0,200.0,284700.0
340,2021-10-19 09:58:44,31700.0,800.0,284500.0
341,2021-10-19 09:58:38,31700.0,900.0,283700.0
342,2021-10-19 09:58:32,31700.0,800.0,282800.0
343,2021-10-19 09:56:58,31600.0,1000.0,282000.0
344,2021-10-19 09:55:43,31600.0,2400.0,281000.0
345,2021-10-19 09:55:36,31600.0,1900.0,278600.0
346,2021-10-19 09:55:28,31600.0,900.0,276700.0
347,2021-10-19 09:55:19,31600.0,1000.0,275800.0
348,2021-10-19 09:55:18,31600.0,1700.0,274800.0
349,2021-10-19 09:54:35,31700.0,500.0,273100.0
350,2021-10-19 09:54:26,31600.0,600.0,272600.0
351,2021-10-19 09:54:09,31600.0,1900.0,272000.0
352,2021-10-19 09:53:59,31600.0,900.0,270100.0
353,2021-10-19 09:53:52,31600.0,900.0,269200.0
354,2021-10-19 09:53:45,31600.0,800.0,268300.0
355,2021-10-19 09:53:16,31600.0,200.0,267500.0
356,2021-10-19 09:53:09,31500.0,1900.0,267300.0
357,2021-10-19 09:53:01,31500.0,1000.0,265400.0
358,2021-10-19 09:52:36,31500.0,800.0,264400.0
359,2021-10-19 09:52:09,31500.0,700.0,263600.0
360,2021-10-19 09:51:47,31500.0,800.0,262900.0
361,2021-10-19 09:51:40,31500.0,200.0,262100.0
362,2021-10-19 09:51:27,31500.0,100.0,261900.0
363,2021-10-19 09:51:16,31500.0,700.0,261800.0
364,2021-10-19 09:51:08,31500.0,800.0,261100.0
365,2021-10-19 09:51:01,31500.0,400.0,260300.0
366,2021-10-19 09:50:52,31500.0,800.0,259900.0
367,2021-10-19 09:50:45,31500.0,700.0,259100.0
368,2021-10-19 09:50:37,31500.0,800.0,258400.0
369,2021-10-19 09:50:30,31500.0,1500.0,257600.0
370,2021-10-19 09:49:58,31500.0,100.0,256100.0
371,2021-10-19 09:49:49,31500.0,2800.0,256000.0
372,2021-10-19 09:49:38,31500.0,1700.0,253200.0
373,2021-10-19 09:49:31,31500.0,800.0,251500.0
374,2021-10-19 09:49:24,31500.0,1300.0,250700.0
375,2021-10-19 09:49:15,31500.0,700.0,249400.0
376,2021-10-19 09:49:07,31500.0,800.0,248700.0
377,2021-10-19 09:48:53,31500.0,1600.0,247900.0
378,2021-10-19 09:48:43,31600.0,100.0,246300.0
379,2021-10-19 09:48:30,31500.0,1500.0,246200.0
380,2021-10-19 09:48:15,31500.0,900.0,244700.0
381,2021-10-19 09:48:04,31500.0,1700.0,243800.0
382,2021-10-19 09:47:54,31500.0,700.0,242100.0
383,2021-10-19 09:47:42,31500.0,800.0,241400.0
384,2021-10-19 09:47:18,31500.0,1600.0,240600.0
385,2021-10-19 09:47:13,31500.0,2400.0,239000.0
386,2021-10-19 09:47:06,31500.0,1400.0,236600.0
387,2021-10-19 09:47:00,31500.0,900.0,235200.0
388,2021-10-19 09:46:47,31500.0,400.0,234300.0
389,2021-10-19 09:46:40,31500.0,400.0,233900.0
390,2021-10-19 09:46:29,31500.0,300.0,233500.0
391,2021-10-19 09:46:24,31500.0,1000.0,233200.0
392,2021-10-19 09:46:16,31500.0,800.0,232200.0
393,2021-10-19 09:46:13,31500.0,100.0,231400.0
394,2021-10-19 09:46:12,31500.0,1500.0,231300.0
395,2021-10-19 09:45:54,31600.0,100.0,229800.0
396,2021-10-19 09:45:39,31600.0,100.0,229700.0
397,2021-10-19 09:45:05,31600.0,100.0,229600.0
398,2021-10-19 09:44:38,31600.0,300.0,229500.0
399,2021-10-19 09:44:27,31500.0,1900.0,229200.0
400,2021-10-19 09:44:16,31500.0,1900.0,227300.0
401,2021-10-19 09:44:05,31500.0,900.0,225400.0
402,2021-10-19 09:43:59,31500.0,800.0,224500.0
403,2021-10-19 09:43:52,31500.0,900.0,223700.0
404,2021-10-19 09:43:18,31500.0,1000.0,222800.0
405,2021-10-19 09:43:12,31500.0,1600.0,221800.0
406,2021-10-19 09:43:07,31500.0,1800.0,220200.0
407,2021-10-19 09:42:59,31500.0,900.0,218400.0
408,2021-10-19 09:42:45,31500.0,900.0,217500.0
409,2021-10-19 09:42:19,31500.0,2000.0,216600.0
410,2021-10-19 09:42:07,31500.0,300.0,214600.0
411,2021-10-19 09:41:51,31500.0,15000.0,214300.0
412,2021-10-19 09:40:03,31400.0,3900.0,199300.0
413,2021-10-19 09:39:51,31400.0,6100.0,195400.0
414,2021-10-19 09:39:40,31400.0,300.0,189300.0
415,2021-10-19 09:39:38,31400.0,9000.0,189000.0
416,2021-10-19 09:38:11,31400.0,1600.0,180000.0
417,2021-10-19 09:38:09,31500.0,200.0,178400.0
418,2021-10-19 09:37:59,31400.0,5500.0,178200.0
419,2021-10-19 09:37:44,31400.0,4400.0,172700.0
420,2021-10-19 09:37:33,31400.0,4500.0,168300.0
421,2021-10-19 09:37:23,31400.0,5500.0,163800.0
422,2021-10-19 09:37:10,31400.0,3000.0,158300.0
423,2021-10-19 09:37:00,31400.0,2500.0,155300.0
424,2021-10-19 09:36:51,31400.0,3500.0,152800.0
425,2021-10-19 09:36:19,31500.0,200.0,149300.0
426,2021-10-19 09:35:56,31400.0,2400.0,149100.0
427,2021-10-19 09:35:17,31500.0,100.0,146700.0
428,2021-10-19 09:34:57,31400.0,600.0,146600.0
429,2021-10-19 09:34:49,31400.0,800.0,146000.0
430,2021-10-19 09:34:42,31400.0,500.0,145200.0
431,2021-10-19 09:34:37,31400.0,400.0,144700.0
432,2021-10-19 09:34:31,31400.0,500.0,144300.0
433,2021-10-19 09:34:22,31400.0,800.0,143800.0
434,2021-10-19 09:33:04,31400.0,700.0,143000.0
435,2021-10-19 09:32:49,31400.0,300.0,142300.0
436,2021-10-19 09:32:41,31400.0,1500.0,142000.0
437,2021-10-19 09:32:34,31400.0,1700.0,140500.0
438,2021-10-19 09:32:21,31400.0,800.0,138800.0
439,2021-10-19 09:31:56,31400.0,200.0,138000.0
440,2021-10-19 09:31:31,31400.0,500.0,137800.0
441,2021-10-19 09:31:08,31400.0,600.0,137300.0
442,2021-10-19 09:31:02,31400.0,400.0,136700.0
443,2021-10-19 09:30:12,31400.0,500.0,136300.0
444,2021-10-19 09:29:49,31400.0,600.0,135800.0
445,2021-10-19 09:29:43,31400.0,200.0,135200.0
446,2021-10-19 09:29:13,31400.0,1000.0,135000.0
447,2021-10-19 09:29:06,31400.0,800.0,134000.0
448,2021-10-19 09:29:00,31400.0,500.0,133200.0
449,2021-10-19 09:28:29,31300.0,3300.0,132700.0
450,2021-10-19 09:28:16,31400.0,600.0,129400.0
451,2021-10-19 09:28:10,31400.0,900.0,128800.0
452,2021-10-19 09:27:51,31400.0,900.0,127900.0
453,2021-10-19 09:27:40,31400.0,500.0,127000.0
454,2021-10-19 09:27:35,31400.0,200.0,126500.0
455,2021-10-19 09:27:16,31400.0,300.0,126300.0
456,2021-10-19 09:26:43,31400.0,500.0,126000.0
457,2021-10-19 09:26:19,31400.0,2000.0,125500.0
458,2021-10-19 09:25:39,31400.0,100.0,123500.0
459,2021-10-19 09:25:32,31300.0,600.0,123400.0
460,2021-10-19 09:25:21,31300.0,2000.0,122800.0
461,2021-10-19 09:25:11,31300.0,600.0,120800.0
462,2021-10-19 09:25:04,31300.0,500.0,120200.0
463,2021-10-19 09:24:55,31300.0,600.0,119700.0
464,2021-10-19 09:24:50,31300.0,200.0,119100.0
465,2021-10-19 09:24:43,31300.0,300.0,118900.0
466,2021-10-19 09:24:34,31300.0,1100.0,118600.0
467,2021-10-19 09:24:24,31300.0,1600.0,117500.0
468,2021-10-19 09:24:17,31300.0,1300.0,115900.0
469,2021-10-19 09:23:43,31400.0,200.0,114600.0
470,2021-10-19 09:23:33,31300.0,1600.0,114400.0
471,2021-10-19 09:22:34,31300.0,2400.0,112800.0
472,2021-10-19 09:22:09,31400.0,1400.0,110400.0
473,2021-10-19 09:22:03,31400.0,2100.0,109000.0
474,2021-10-19 09:21:50,31400.0,100.0,106900.0
475,2021-10-19 09:21:39,31300.0,1100.0,106800.0
476,2021-10-19 09:21:24,31300.0,400.0,105700.0
477,2021-10-19 09:21:19,31300.0,200.0,105300.0
478,2021-10-19 09:21:12,31300.0,300.0,105100.0
479,2021-10-19 09:21:06,31300.0,400.0,104800.0
480,2021-10-19 09:21:02,31300.0,500.0,104400.0
481,2021-10-19 09:20:57,31300.0,400.0,103900.0
482,2021-10-19 09:20:53,31300.0,1700.0,103500.0
483,2021-10-19 09:20:47,31300.0,1900.0,101800.0
484,2021-10-19 09:20:40,31300.0,400.0,99900.0
485,2021-10-19 09:20:35,31300.0,1100.0,99500.0
486,2021-10-19 09:20:33,31400.0,400.0,98400.0
487,2021-10-19 09:20:27,31400.0,500.0,98000.0
488,2021-10-19 09:19:35,31400.0,300.0,97500.0
489,2021-10-19 09:19:27,31300.0,3900.0,97200.0
490,2021-10-19 09:19:17,31300.0,500.0,93300.0
491,2021-10-19 09:19:08,31300.0,800.0,92800.0
492,2021-10-19 09:19:00,31300.0,700.0,92000.0
493,2021-10-19 09:18:50,31300.0,900.0,91300.0
494,2021-10-19 09:17:01,31300.0,400.0,90400.0
495,2021-10-19 09:16:50,31300.0,100.0,90000.0
496,2021-10-19 09:16:41,31300.0,100.0,89900.0
497,2021-10-19 09:16:36,31300.0,100.0,89800.0
498,2021-10-19 09:16:30,31300.0,3000.0,89700.0
499,2021-10-19 09:16:19,31300.0,700.0,86700.0
500,2021-10-19 09:16:12,31300.0,200.0,86000.0
501,2021-10-19 09:16:08,31300.0,200.0,85800.0
502,2021-10-19 09:16:02,31300.0,600.0,85600.0
503,2021-10-19 09:15:57,31300.0,500.0,85000.0
504,2021-10-19 09:15:48,31300.0,12300.0,84500.0
505,2021-10-19 09:15:23,31400.0,100.0,72200.0
506,2021-10-19 09:14:22,31400.0,200.0,72100.0
507,2021-10-19 09:14:02,31300.0,2200.0,71900.0
508,2021-10-19 09:13:57,31300.0,600.0,69700.0
509,2021-10-19 09:13:50,31300.0,500.0,69100.0
510,2021-10-19 09:13:46,31300.0,400.0,68600.0
511,2021-10-19 09:13:44,31300.0,400.0,68200.0
512,2021-10-19 09:13:38,31300.0,400.0,67800.0
513,2021-10-19 09:13:30,31300.0,200.0,67400.0
514,2021-10-19 09:13:25,31300.0,200.0,67200.0
515,2021-10-19 09:13:18,31300.0,200.0,67000.0
516,2021-10-19 09:13:12,31300.0,100.0,66800.0
517,2021-10-19 09:13:05,31300.0,100.0,66700.0
518,2021-10-19 09:12:57,31300.0,100.0,66600.0
519,2021-10-19 09:12:50,31300.0,300.0,66500.0
520,2021-10-19 09:12:40,31300.0,200.0,66200.0
521,2021-10-19 09:12:34,31300.0,500.0,66000.0
522,2021-10-19 09:12:28,31300.0,800.0,65500.0
523,2021-10-19 09:12:21,31300.0,1400.0,64700.0
524,2021-10-19 09:11:38,31400.0,800.0,63300.0
525,2021-10-19 09:11:21,31300.0,200.0,62500.0
526,2021-10-19 09:10:52,31300.0,5600.0,62300.0
527,2021-10-19 09:10:10,31300.0,200.0,56700.0
528,2021-10-19 09:09:58,31300.0,500.0,56500.0
529,2021-10-19 09:09:52,31300.0,1100.0,56000.0
530,2021-10-19 09:09:49,31400.0,300.0,54900.0
531,2021-10-19 09:09:39,31300.0,1500.0,54600.0
532,2021-10-19 09:09:31,31300.0,1400.0,53100.0
533,2021-10-19 09:09:25,31300.0,1000.0,51700.0
534,2021-10-19 09:09:23,31300.0,800.0,50700.0
535,2021-10-19 09:09:16,31300.0,600.0,49900.0
536,2021-10-19 09:09:07,31300.0,1200.0,49300.0
537,2021-10-19 09:09:02,31300.0,3100.0,48100.0
538,2021-10-19 09:08:56,31300.0,500.0,45000.0
539,2021-10-19 09:08:48,31300.0,500.0,44500.0
540,2021-10-19 09:08:33,31300.0,700.0,44000.0
541,2021-10-19 09:08:22,31300.0,200.0,43300.0
542,2021-10-19 09:08:15,31300.0,2500.0,43100.0
543,2021-10-19 09:08:09,31300.0,1900.0,40600.0
544,2021-10-19 09:07:56,31300.0,1900.0,38700.0
545,2021-10-19 09:07:52,31400.0,200.0,36800.0
546,2021-10-19 09:07:40,31300.0,1100.0,36600.0
547,2021-10-19 09:06:53,31200.0,2200.0,35500.0
548,2021-10-19 09:06:46,31300.0,1000.0,33300.0
549,2021-10-19 09:06:41,31300.0,3000.0,32300.0
550,2021-10-19 09:06:15,31300.0,800.0,29300.0
551,2021-10-19 09:06:12,31300.0,100.0,28500.0
552,2021-10-19 09:06:03,31300.0,600.0,28400.0
553,2021-10-19 09:05:55,31200.0,1100.0,27800.0
554,2021-10-19 09:05:46,31200.0,400.0,26700.0
555,2021-10-19 09:05:40,31200.0,800.0,26300.0
556,2021-10-19 09:05:30,31200.0,1800.0,25500.0
557,2021-10-19 09:05:18,31200.0,900.0,23700.0
558,2021-10-19 09:05:11,31200.0,500.0,22800.0
559,2021-10-19 09:05:05,31200.0,1400.0,22300.0
560,2021-10-19 09:04:57,31200.0,1600.0,20900.0
561,2021-10-19 09:04:47,31200.0,1400.0,19300.0
562,2021-10-19 09:04:34,31300.0,100.0,17900.0
563,2021-10-19 09:03:39,31200.0,1100.0,17800.0
564,2021-10-19 09:03:27,31200.0,700.0,16700.0
565,2021-10-19 09:03:15,31200.0,1300.0,16000.0
566,2021-10-19 09:03:08,31200.0,900.0,14700.0
567,2021-10-19 09:02:47,31200.0,800.0,13800.0
568,2021-10-19 09:02:39,31300.0,300.0,13000.0
569,2021-10-19 09:02:38,31300.0,900.0,12700.0
570,2021-10-19 09:02:14,31100.0,1900.0,11800.0
571,2021-10-19 09:02:03,31100.0,900.0,9900.0
572,2021-10-19 09:01:34,31100.0,1900.0,9000.0
573,2021-10-19 09:01:22,31100.0,3200.0,7100.0
574,2021-10-19 09:01:17,31200.0,2600.0,3900.0
575,2021-10-19 09:00:38,31200.0,1000.0,1300.0
576,2021-10-19 09:00:20,31200.0,100.0,300.0
577,2021-10-19 09:00:15,31200.0,200.0,200.0
