,Time,Price,Volume_per_trade,Volume
0,2021-10-11 14:45:03,27400.0,5300.0,346100.0
1,2021-10-11 14:28:13,27200.0,300.0,340800.0
2,2021-10-11 14:17:38,27300.0,600.0,340500.0
3,2021-10-11 14:17:18,27200.0,100.0,339900.0
4,2021-10-11 14:15:58,27300.0,700.0,339800.0
5,2021-10-11 14:15:02,27300.0,300.0,339100.0
6,2021-10-11 14:14:48,27300.0,200.0,338800.0
7,2021-10-11 14:11:28,27300.0,100.0,338600.0
8,2021-10-11 14:11:14,27300.0,300.0,338500.0
9,2021-10-11 14:07:35,27300.0,200.0,338200.0
10,2021-10-11 14:06:52,27300.0,300.0,338000.0
11,2021-10-11 14:04:37,27300.0,500.0,337700.0
12,2021-10-11 14:04:17,27300.0,1600.0,337200.0
13,2021-10-11 13:55:05,27300.0,4000.0,335600.0
14,2021-10-11 13:54:35,27300.0,200.0,331600.0
15,2021-10-11 13:53:13,27300.0,200.0,331400.0
16,2021-10-11 13:53:08,27300.0,100.0,331200.0
17,2021-10-11 13:49:17,27300.0,100.0,331100.0
18,2021-10-11 13:48:19,27300.0,200.0,331000.0
19,2021-10-11 13:47:56,27300.0,300.0,330800.0
20,2021-10-11 13:47:37,27300.0,200.0,330500.0
21,2021-10-11 13:47:25,27200.0,3600.0,330300.0
22,2021-10-11 13:47:16,27200.0,300.0,326700.0
23,2021-10-11 13:46:38,27200.0,300.0,326400.0
24,2021-10-11 13:46:29,27200.0,100.0,326100.0
25,2021-10-11 13:45:51,27200.0,2500.0,326000.0
26,2021-10-11 13:45:09,27200.0,3200.0,323500.0
27,2021-10-11 13:43:21,27300.0,300.0,320300.0
28,2021-10-11 13:41:38,27300.0,100.0,320000.0
29,2021-10-11 13:41:37,27300.0,200.0,319900.0
30,2021-10-11 13:41:14,27200.0,900.0,319700.0
31,2021-10-11 13:41:05,27200.0,1900.0,318800.0
32,2021-10-11 13:40:56,27200.0,600.0,316900.0
33,2021-10-11 13:40:48,27200.0,1000.0,316300.0
34,2021-10-11 13:40:37,27200.0,800.0,315300.0
35,2021-10-11 13:40:24,27200.0,700.0,314500.0
36,2021-10-11 13:40:15,27200.0,1300.0,313800.0
37,2021-10-11 13:40:09,27200.0,600.0,312500.0
38,2021-10-11 13:40:04,27200.0,500.0,311900.0
39,2021-10-11 13:39:58,27200.0,2500.0,311400.0
40,2021-10-11 13:37:49,27300.0,200.0,308900.0
41,2021-10-11 13:37:24,27200.0,1300.0,308700.0
42,2021-10-11 13:37:15,27200.0,600.0,307400.0
43,2021-10-11 13:37:09,27200.0,400.0,306800.0
44,2021-10-11 13:37:03,27200.0,900.0,306400.0
45,2021-10-11 13:36:56,27200.0,1700.0,305500.0
46,2021-10-11 13:31:58,27300.0,100.0,303800.0
47,2021-10-11 13:31:28,27200.0,1100.0,303700.0
48,2021-10-11 13:31:21,27200.0,800.0,302600.0
49,2021-10-11 13:31:10,27200.0,300.0,301800.0
50,2021-10-11 13:31:00,27200.0,100.0,301500.0
51,2021-10-11 13:30:50,27200.0,100.0,301400.0
52,2021-10-11 13:30:44,27200.0,100.0,301300.0
53,2021-10-11 13:30:38,27200.0,400.0,301200.0
54,2021-10-11 13:30:30,27200.0,400.0,300800.0
55,2021-10-11 13:30:17,27200.0,200.0,300400.0
56,2021-10-11 13:30:05,27200.0,1400.0,300200.0
57,2021-10-11 13:29:29,27300.0,100.0,298800.0
58,2021-10-11 13:26:15,27300.0,100.0,298700.0
59,2021-10-11 13:25:25,27300.0,200.0,298600.0
60,2021-10-11 13:25:18,27200.0,3600.0,298400.0
61,2021-10-11 13:24:06,27200.0,900.0,294800.0
62,2021-10-11 13:23:56,27200.0,400.0,293900.0
63,2021-10-11 13:21:24,27200.0,2600.0,293500.0
64,2021-10-11 13:20:40,27200.0,4000.0,290900.0
65,2021-10-11 13:15:52,27200.0,100.0,286900.0
66,2021-10-11 13:13:57,27200.0,300.0,286800.0
67,2021-10-11 13:13:12,27200.0,600.0,286500.0
68,2021-10-11 13:12:48,27200.0,400.0,285900.0
69,2021-10-11 13:10:04,27200.0,200.0,285500.0
70,2021-10-11 13:09:55,27100.0,900.0,285300.0
71,2021-10-11 13:09:41,27100.0,600.0,284400.0
72,2021-10-11 13:09:31,27100.0,800.0,283800.0
73,2021-10-11 13:09:25,27100.0,1600.0,283000.0
74,2021-10-11 13:09:17,27100.0,300.0,281400.0
75,2021-10-11 13:07:22,27000.0,5800.0,281100.0
76,2021-10-11 13:07:09,26900.0,3000.0,275300.0
77,2021-10-11 13:07:07,26500.0,64000.0,272300.0
78,2021-10-11 13:06:38,26900.0,1800.0,208300.0
79,2021-10-11 11:27:02,27000.0,6600.0,206500.0
80,2021-10-11 11:26:32,27100.0,1600.0,199900.0
81,2021-10-11 11:25:16,27200.0,200.0,198300.0
82,2021-10-11 11:20:09,27200.0,100.0,198100.0
83,2021-10-11 11:18:38,27200.0,300.0,198000.0
84,2021-10-11 11:18:05,27200.0,200.0,197700.0
85,2021-10-11 11:17:54,27100.0,500.0,197500.0
86,2021-10-11 11:17:44,27100.0,300.0,197000.0
87,2021-10-11 11:17:26,27100.0,500.0,196700.0
88,2021-10-11 11:17:12,27100.0,700.0,196200.0
89,2021-10-11 11:17:03,27100.0,600.0,195500.0
90,2021-10-11 11:16:53,27100.0,400.0,194900.0
91,2021-10-11 11:16:48,27100.0,600.0,194500.0
92,2021-10-11 11:16:42,27100.0,1100.0,193900.0
93,2021-10-11 11:16:33,27100.0,2700.0,192800.0
94,2021-10-11 11:16:16,27100.0,3500.0,190100.0
95,2021-10-11 11:15:34,27100.0,900.0,186600.0
96,2021-10-11 11:15:25,27100.0,3700.0,185700.0
97,2021-10-11 11:12:53,27200.0,700.0,182000.0
98,2021-10-11 11:12:40,27200.0,300.0,181300.0
99,2021-10-11 11:12:03,27200.0,400.0,181000.0
100,2021-10-11 11:11:52,27200.0,200.0,180600.0
101,2021-10-11 11:10:56,27200.0,300.0,180400.0
102,2021-10-11 11:10:13,27200.0,100.0,180100.0
103,2021-10-11 11:08:48,27200.0,100.0,180000.0
104,2021-10-11 11:08:31,27200.0,100.0,179900.0
105,2021-10-11 11:08:04,27200.0,300.0,179800.0
106,2021-10-11 11:05:39,27200.0,700.0,179500.0
107,2021-10-11 11:05:00,27100.0,3600.0,178800.0
108,2021-10-11 11:04:45,27000.0,5000.0,175200.0
109,2021-10-11 11:04:26,27100.0,400.0,170200.0
110,2021-10-11 11:02:22,27100.0,500.0,169800.0
111,2021-10-11 11:01:49,27100.0,100.0,169300.0
112,2021-10-11 11:01:16,27100.0,300.0,169200.0
113,2021-10-11 10:57:21,27100.0,200.0,168900.0
114,2021-10-11 10:52:47,27100.0,2500.0,168700.0
115,2021-10-11 10:50:37,27000.0,900.0,166200.0
116,2021-10-11 10:50:33,27000.0,700.0,165300.0
117,2021-10-11 10:37:51,27100.0,3100.0,164600.0
118,2021-10-11 10:33:35,27200.0,100.0,161500.0
119,2021-10-11 10:31:57,27200.0,4000.0,161400.0
120,2021-10-11 10:29:14,27200.0,200.0,157400.0
121,2021-10-11 10:27:19,27100.0,1000.0,157200.0
122,2021-10-11 10:26:53,27200.0,200.0,156200.0
123,2021-10-11 10:24:42,27200.0,300.0,156000.0
124,2021-10-11 10:22:07,27200.0,400.0,155700.0
125,2021-10-11 10:21:50,27200.0,100.0,155300.0
126,2021-10-11 10:21:17,27100.0,900.0,155200.0
127,2021-10-11 10:21:00,27100.0,800.0,154300.0
128,2021-10-11 10:19:53,27100.0,500.0,153500.0
129,2021-10-11 10:17:50,27200.0,500.0,153000.0
130,2021-10-11 10:17:42,27200.0,300.0,152500.0
131,2021-10-11 10:16:13,27200.0,100.0,152200.0
132,2021-10-11 10:16:03,27100.0,900.0,152100.0
133,2021-10-11 10:15:55,27100.0,900.0,151200.0
134,2021-10-11 10:15:38,27100.0,600.0,150300.0
135,2021-10-11 10:15:30,27100.0,300.0,149700.0
136,2021-10-11 10:15:21,27100.0,100.0,149400.0
137,2021-10-11 10:15:13,27100.0,300.0,149300.0
138,2021-10-11 10:14:11,27100.0,200.0,149000.0
139,2021-10-11 10:13:52,27100.0,4700.0,148800.0
140,2021-10-11 10:13:48,27200.0,500.0,144100.0
141,2021-10-11 10:13:39,27200.0,100.0,143600.0
142,2021-10-11 10:13:33,27200.0,100.0,143500.0
143,2021-10-11 10:13:27,27200.0,300.0,143400.0
144,2021-10-11 10:13:21,27200.0,600.0,143100.0
145,2021-10-11 10:13:12,27200.0,200.0,142500.0
146,2021-10-11 10:13:05,27200.0,800.0,142300.0
147,2021-10-11 10:12:55,27200.0,200.0,141500.0
148,2021-10-11 10:08:25,27100.0,1400.0,141300.0
149,2021-10-11 10:07:16,27200.0,600.0,139900.0
150,2021-10-11 10:07:11,27200.0,1300.0,139300.0
151,2021-10-11 10:07:04,27200.0,2200.0,138000.0
152,2021-10-11 10:06:58,27200.0,400.0,135800.0
153,2021-10-11 10:06:51,27200.0,1300.0,135400.0
154,2021-10-11 10:06:36,27300.0,100.0,134100.0
155,2021-10-11 10:06:06,27200.0,1100.0,134000.0
156,2021-10-11 10:05:57,27200.0,100.0,132900.0
157,2021-10-11 10:05:48,27200.0,300.0,132800.0
158,2021-10-11 10:05:42,27200.0,400.0,132500.0
159,2021-10-11 10:05:35,27200.0,700.0,132100.0
160,2021-10-11 10:05:16,27200.0,300.0,131400.0
161,2021-10-11 09:59:33,27200.0,400.0,131100.0
162,2021-10-11 09:59:14,27100.0,600.0,130700.0
163,2021-10-11 09:59:04,27100.0,500.0,130100.0
164,2021-10-11 09:58:58,27100.0,700.0,129600.0
165,2021-10-11 09:58:52,27100.0,600.0,128900.0
166,2021-10-11 09:58:44,27100.0,900.0,128300.0
167,2021-10-11 09:58:34,27100.0,1900.0,127400.0
168,2021-10-11 09:58:20,27100.0,300.0,125500.0
169,2021-10-11 09:58:08,27100.0,700.0,125200.0
170,2021-10-11 09:57:58,27100.0,300.0,124500.0
171,2021-10-11 09:57:50,27100.0,200.0,124200.0
172,2021-10-11 09:55:18,27100.0,800.0,124000.0
173,2021-10-11 09:55:10,27100.0,700.0,123200.0
174,2021-10-11 09:55:02,27100.0,600.0,122500.0
175,2021-10-11 09:54:57,27100.0,300.0,121900.0
176,2021-10-11 09:54:49,27100.0,1200.0,121600.0
177,2021-10-11 09:54:42,27100.0,3700.0,120400.0
178,2021-10-11 09:52:57,27200.0,5000.0,116700.0
179,2021-10-11 09:51:45,27200.0,200.0,111700.0
180,2021-10-11 09:49:58,27200.0,100.0,111500.0
181,2021-10-11 09:45:21,27200.0,300.0,111400.0
182,2021-10-11 09:45:11,27100.0,900.0,111100.0
183,2021-10-11 09:44:51,27100.0,4100.0,110200.0
184,2021-10-11 09:44:35,27100.0,1800.0,106100.0
185,2021-10-11 09:44:09,27200.0,300.0,104300.0
186,2021-10-11 09:43:52,27100.0,1900.0,104000.0
187,2021-10-11 09:43:31,27200.0,900.0,102100.0
188,2021-10-11 09:43:22,27200.0,900.0,101200.0
189,2021-10-11 09:43:16,27200.0,400.0,100300.0
190,2021-10-11 09:43:15,27200.0,600.0,99900.0
191,2021-10-11 09:43:07,27200.0,700.0,99300.0
192,2021-10-11 09:42:51,27200.0,300.0,98600.0
193,2021-10-11 09:41:22,27200.0,100.0,98300.0
194,2021-10-11 09:39:50,27200.0,200.0,98200.0
195,2021-10-11 09:36:46,27200.0,1300.0,98000.0
196,2021-10-11 09:32:33,27200.0,200.0,96700.0
197,2021-10-11 09:32:27,27100.0,400.0,96500.0
198,2021-10-11 09:32:20,27100.0,500.0,96100.0
199,2021-10-11 09:32:14,27100.0,300.0,95600.0
200,2021-10-11 09:32:06,27100.0,300.0,95300.0
201,2021-10-11 09:31:57,27100.0,200.0,95000.0
202,2021-10-11 09:31:49,27100.0,100.0,94800.0
203,2021-10-11 09:31:41,27100.0,1800.0,94700.0
204,2021-10-11 09:31:35,27100.0,700.0,92900.0
205,2021-10-11 09:31:26,27100.0,1100.0,92200.0
206,2021-10-11 09:31:19,27100.0,1300.0,91100.0
207,2021-10-11 09:31:04,27100.0,400.0,89800.0
208,2021-10-11 09:30:53,27100.0,1100.0,89400.0
209,2021-10-11 09:30:40,27100.0,1700.0,88300.0
210,2021-10-11 09:29:20,27200.0,300.0,86600.0
211,2021-10-11 09:29:05,27100.0,1100.0,86300.0
212,2021-10-11 09:28:57,27100.0,400.0,85200.0
213,2021-10-11 09:28:37,27100.0,1800.0,84800.0
214,2021-10-11 09:28:24,27100.0,800.0,83000.0
215,2021-10-11 09:28:21,27100.0,3000.0,82200.0
216,2021-10-11 09:28:07,27100.0,2300.0,79200.0
217,2021-10-11 09:27:58,27100.0,700.0,76900.0
218,2021-10-11 09:27:51,27100.0,1600.0,76200.0
219,2021-10-11 09:27:45,27100.0,1200.0,74600.0
220,2021-10-11 09:27:28,27100.0,300.0,73400.0
221,2021-10-11 09:27:25,27100.0,1600.0,73100.0
222,2021-10-11 09:26:48,27200.0,100.0,71500.0
223,2021-10-11 09:26:29,27100.0,1400.0,71400.0
224,2021-10-11 09:26:14,27100.0,2000.0,70000.0
225,2021-10-11 09:26:01,27100.0,700.0,68000.0
226,2021-10-11 09:25:55,27100.0,2500.0,67300.0
227,2021-10-11 09:25:47,27100.0,1600.0,64800.0
228,2021-10-11 09:25:40,27100.0,1900.0,63200.0
229,2021-10-11 09:25:31,27100.0,500.0,61300.0
230,2021-10-11 09:25:24,27100.0,1700.0,60800.0
231,2021-10-11 09:25:05,27100.0,1500.0,59100.0
232,2021-10-11 09:24:54,27100.0,1200.0,57600.0
233,2021-10-11 09:24:11,27200.0,100.0,56400.0
234,2021-10-11 09:23:54,27100.0,1300.0,56300.0
235,2021-10-11 09:23:41,27100.0,500.0,55000.0
236,2021-10-11 09:23:33,27100.0,1100.0,54500.0
237,2021-10-11 09:23:18,27100.0,1600.0,53400.0
238,2021-10-11 09:23:05,27100.0,1300.0,51800.0
239,2021-10-11 09:22:53,27100.0,1700.0,50500.0
240,2021-10-11 09:22:39,27100.0,2300.0,48800.0
241,2021-10-11 09:22:28,27100.0,3100.0,46500.0
242,2021-10-11 09:22:18,27100.0,900.0,43400.0
243,2021-10-11 09:22:03,27100.0,3400.0,42500.0
244,2021-10-11 09:21:39,27100.0,1400.0,39100.0
245,2021-10-11 09:21:32,27100.0,900.0,37700.0
246,2021-10-11 09:21:22,27100.0,1000.0,36800.0
247,2021-10-11 09:21:18,27100.0,800.0,35800.0
248,2021-10-11 09:21:04,27100.0,1500.0,35000.0
249,2021-10-11 09:20:51,27100.0,2100.0,33500.0
250,2021-10-11 09:20:42,27100.0,1300.0,31400.0
251,2021-10-11 09:19:36,27200.0,100.0,30100.0
252,2021-10-11 09:18:46,27000.0,1700.0,30000.0
253,2021-10-11 09:18:38,27000.0,1600.0,28300.0
254,2021-10-11 09:18:24,27000.0,1100.0,26700.0
255,2021-10-11 09:18:17,27000.0,500.0,25600.0
256,2021-10-11 09:17:58,26900.0,1100.0,25100.0
257,2021-10-11 09:17:45,26900.0,500.0,24000.0
258,2021-10-11 09:17:34,26900.0,500.0,23500.0
259,2021-10-11 09:17:26,26900.0,200.0,23000.0
260,2021-10-11 09:17:20,26900.0,200.0,22800.0
261,2021-10-11 09:17:13,26900.0,900.0,22600.0
262,2021-10-11 09:17:08,26900.0,1000.0,21700.0
263,2021-10-11 09:17:03,26900.0,800.0,20700.0
264,2021-10-11 09:16:57,26900.0,1300.0,19900.0
265,2021-10-11 09:16:47,26900.0,1300.0,18600.0
266,2021-10-11 09:16:16,27000.0,300.0,17300.0
267,2021-10-11 09:16:10,27000.0,200.0,17000.0
268,2021-10-11 09:14:32,27000.0,100.0,16800.0
269,2021-10-11 09:14:25,26900.0,700.0,16700.0
270,2021-10-11 09:14:15,26900.0,700.0,16000.0
271,2021-10-11 09:14:08,26900.0,1100.0,15300.0
272,2021-10-11 09:14:01,26900.0,1200.0,14200.0
273,2021-10-11 09:13:55,26900.0,1900.0,13000.0
274,2021-10-11 09:13:48,26900.0,2700.0,11100.0
275,2021-10-11 09:13:41,26900.0,900.0,8400.0
276,2021-10-11 09:13:36,26900.0,1500.0,7500.0
277,2021-10-11 09:13:29,26900.0,500.0,6000.0
278,2021-10-11 09:13:21,26900.0,1100.0,5500.0
279,2021-10-11 09:13:10,26900.0,500.0,4400.0
280,2021-10-11 09:10:48,26800.0,100.0,3900.0
281,2021-10-11 09:01:22,26900.0,1700.0,3800.0
282,2021-10-11 09:00:34,26700.0,1800.0,2100.0
283,2021-10-11 09:00:06,26900.0,300.0,300.0
