,Time,Price,Volume_per_trade,Volume
0,2021-10-05 07:45:00,4310.0,5300.0,2066700.0
1,2021-10-05 07:45:00,4310.0,1100.0,2061400.0
2,2021-10-05 07:45:00,4310.0,10000.0,2060300.0
3,2021-10-05 07:45:00,4310.0,700.0,2050300.0
4,2021-10-05 07:45:00,4310.0,400.0,2049600.0
5,2021-10-05 07:45:00,4310.0,4600.0,2049200.0
6,2021-10-05 07:45:00,4310.0,11900.0,2044600.0
7,2021-10-05 07:45:00,4310.0,3000.0,2032700.0
8,2021-10-05 07:45:00,4310.0,300.0,2029700.0
9,2021-10-05 07:45:00,4310.0,8300.0,2029400.0
10,2021-10-05 07:45:00,4310.0,500.0,2021100.0
11,2021-10-05 07:45:00,4310.0,10000.0,2020600.0
12,2021-10-05 07:45:00,4310.0,26000.0,2010600.0
13,2021-10-05 07:45:00,4310.0,1000.0,1984600.0
14,2021-10-05 07:45:00,4310.0,600.0,1983600.0
15,2021-10-05 07:45:00,4310.0,500.0,1983000.0
16,2021-10-05 07:45:00,4310.0,20000.0,1982500.0
17,2021-10-05 07:45:00,4310.0,1000.0,1962500.0
18,2021-10-05 07:45:00,4310.0,1000.0,1961500.0
19,2021-10-05 07:45:00,4310.0,2000.0,1960500.0
20,2021-10-05 07:45:00,4310.0,500.0,1958500.0
21,2021-10-05 07:45:00,4310.0,1000.0,1958000.0
22,2021-10-05 07:45:00,4310.0,100.0,1957000.0
23,2021-10-05 07:45:00,4310.0,5100.0,1956900.0
24,2021-10-05 07:45:00,4310.0,1800.0,1951800.0
25,2021-10-05 07:45:00,4310.0,2000.0,1950000.0
26,2021-10-05 07:45:00,4310.0,200.0,1948000.0
27,2021-10-05 07:45:00,4310.0,10000.0,1947800.0
28,2021-10-05 07:45:00,4310.0,500.0,1937800.0
29,2021-10-05 07:45:00,4310.0,200.0,1937300.0
30,2021-10-05 07:45:00,4310.0,6500.0,1937100.0
31,2021-10-05 07:45:00,4310.0,300.0,1930600.0
32,2021-10-05 07:45:00,4310.0,5000.0,1930300.0
33,2021-10-05 07:45:00,4310.0,3200.0,1925300.0
34,2021-10-05 07:45:00,4310.0,3000.0,1922100.0
35,2021-10-05 07:45:00,4310.0,10000.0,1919100.0
36,2021-10-05 07:45:00,4310.0,9300.0,1909100.0
37,2021-10-05 07:45:00,4310.0,1000.0,1899800.0
38,2021-10-05 07:45:00,4310.0,100.0,1898800.0
39,2021-10-05 07:45:00,4310.0,1000.0,1898700.0
40,2021-10-05 07:45:00,4310.0,1000.0,1897700.0
41,2021-10-05 07:45:00,4310.0,1000.0,1896700.0
42,2021-10-05 07:45:00,4310.0,5000.0,1895700.0
43,2021-10-05 07:45:00,4310.0,1000.0,1890700.0
44,2021-10-05 07:45:00,4310.0,1000.0,1889700.0
45,2021-10-05 07:45:00,4310.0,300.0,1888700.0
46,2021-10-05 07:45:00,4310.0,1000.0,1888400.0
47,2021-10-05 07:45:00,4310.0,2000.0,1887400.0
48,2021-10-05 07:45:00,4310.0,100.0,1885400.0
49,2021-10-05 07:45:00,4310.0,3000.0,1885300.0
50,2021-10-05 07:45:00,4310.0,900.0,1882300.0
51,2021-10-05 07:45:00,4310.0,100.0,1881400.0
52,2021-10-05 07:45:00,4310.0,2000.0,1881300.0
53,2021-10-05 07:45:00,4310.0,500.0,1879300.0
54,2021-10-05 07:45:00,4310.0,2000.0,1878800.0
55,2021-10-05 07:45:00,4310.0,1000.0,1876800.0
56,2021-10-05 07:45:00,4310.0,5000.0,1875800.0
57,2021-10-05 07:45:00,4310.0,200.0,1870800.0
58,2021-10-05 07:45:00,4310.0,20000.0,1870600.0
59,2021-10-05 07:45:00,4310.0,500.0,1850600.0
60,2021-10-05 07:45:00,4310.0,1000.0,1850100.0
61,2021-10-05 07:45:00,4310.0,500.0,1849100.0
62,2021-10-05 07:45:00,4310.0,6000.0,1848600.0
63,2021-10-05 07:45:00,4310.0,1000.0,1842600.0
64,2021-10-05 07:45:00,4310.0,1000.0,1841600.0
65,2021-10-05 07:45:00,4310.0,100.0,1840600.0
66,2021-10-05 07:45:00,4310.0,4000.0,1840500.0
67,2021-10-05 07:45:00,4310.0,500.0,1836500.0
68,2021-10-05 07:45:00,4310.0,500.0,1836000.0
69,2021-10-05 07:45:00,4310.0,300.0,1835500.0
70,2021-10-05 07:45:00,4310.0,5000.0,1835200.0
71,2021-10-05 07:45:00,4310.0,2500.0,1830200.0
72,2021-10-05 07:45:00,4310.0,100.0,1827700.0
73,2021-10-05 07:45:00,4310.0,1000.0,1827600.0
74,2021-10-05 07:45:00,4310.0,1000.0,1826600.0
75,2021-10-05 07:45:00,4310.0,200.0,1825600.0
76,2021-10-05 07:45:00,4310.0,100.0,1825400.0
77,2021-10-05 07:29:50,4320.0,10000.0,1825300.0
78,2021-10-05 07:29:50,4320.0,1000.0,1815300.0
79,2021-10-05 07:29:32,4320.0,10000.0,1814300.0
80,2021-10-05 07:29:32,4320.0,1000.0,1804300.0
81,2021-10-05 07:29:32,4320.0,500.0,1803300.0
82,2021-10-05 07:29:32,4320.0,100.0,1802800.0
83,2021-10-05 07:29:32,4320.0,400.0,1802700.0
84,2021-10-05 07:29:27,4330.0,200.0,1802300.0
85,2021-10-05 07:28:59,4320.0,4600.0,1802100.0
86,2021-10-05 07:28:59,4320.0,200.0,1797500.0
87,2021-10-05 07:28:59,4320.0,5000.0,1797300.0
88,2021-10-05 07:28:59,4320.0,100.0,1792300.0
89,2021-10-05 07:28:59,4320.0,100.0,1792200.0
90,2021-10-05 07:28:31,4330.0,200.0,1792100.0
91,2021-10-05 07:28:11,4330.0,500.0,1791900.0
92,2021-10-05 07:28:11,4330.0,1400.0,1791400.0
93,2021-10-05 07:27:56,4340.0,8000.0,1790000.0
94,2021-10-05 07:27:56,4340.0,2000.0,1782000.0
95,2021-10-05 07:27:56,4330.0,400.0,1780000.0
96,2021-10-05 07:27:56,4330.0,1000.0,1779600.0
97,2021-10-05 07:27:56,4330.0,1000.0,1778600.0
98,2021-10-05 07:27:56,4330.0,2000.0,1777600.0
99,2021-10-05 07:27:56,4330.0,100.0,1775600.0
100,2021-10-05 07:27:56,4330.0,1000.0,1775500.0
101,2021-10-05 07:27:56,4330.0,100.0,1774500.0
102,2021-10-05 07:27:56,4330.0,1800.0,1774400.0
103,2021-10-05 07:27:56,4330.0,1000.0,1772600.0
104,2021-10-05 07:27:56,4330.0,8000.0,1771600.0
105,2021-10-05 07:27:56,4330.0,200.0,1763600.0
106,2021-10-05 07:27:56,4330.0,100.0,1763400.0
107,2021-10-05 07:27:56,4330.0,100.0,1763300.0
108,2021-10-05 07:27:56,4330.0,300.0,1763200.0
109,2021-10-05 07:27:56,4330.0,2900.0,1762900.0
110,2021-10-05 07:27:17,4340.0,1000.0,1760000.0
111,2021-10-05 07:27:06,4330.0,100.0,1759000.0
112,2021-10-05 07:27:06,4330.0,1000.0,1758900.0
113,2021-10-05 07:27:06,4330.0,2900.0,1757900.0
114,2021-10-05 07:26:43,4330.0,100.0,1755000.0
115,2021-10-05 07:26:43,4330.0,100.0,1754900.0
116,2021-10-05 07:26:38,4340.0,1000.0,1754800.0
117,2021-10-05 07:26:29,4340.0,100.0,1753800.0
118,2021-10-05 07:26:29,4340.0,300.0,1753700.0
119,2021-10-05 07:25:59,4340.0,1000.0,1753400.0
120,2021-10-05 07:25:59,4340.0,1000.0,1752400.0
121,2021-10-05 07:25:59,4340.0,100.0,1751400.0
122,2021-10-05 07:25:59,4340.0,1000.0,1751300.0
123,2021-10-05 07:25:59,4340.0,1000.0,1750300.0
124,2021-10-05 07:25:59,4340.0,200.0,1749300.0
125,2021-10-05 07:25:59,4340.0,100.0,1749100.0
126,2021-10-05 07:25:59,4340.0,100.0,1749000.0
127,2021-10-05 07:24:08,4340.0,500.0,1748900.0
128,2021-10-05 07:24:06,4340.0,1300.0,1748400.0
129,2021-10-05 07:24:00,4340.0,200.0,1747100.0
130,2021-10-05 07:24:00,4340.0,800.0,1746900.0
131,2021-10-05 07:23:55,4340.0,10000.0,1746100.0
132,2021-10-05 07:23:34,4340.0,500.0,1736100.0
133,2021-10-05 07:23:33,4340.0,1800.0,1735600.0
134,2021-10-05 07:22:51,4340.0,500.0,1733800.0
135,2021-10-05 07:22:50,4340.0,700.0,1733300.0
136,2021-10-05 07:22:50,4340.0,200.0,1732600.0
137,2021-10-05 07:22:50,4340.0,100.0,1732400.0
138,2021-10-05 07:22:50,4340.0,11900.0,1732300.0
139,2021-10-05 07:22:50,4340.0,100.0,1720400.0
140,2021-10-05 07:22:50,4340.0,1000.0,1720300.0
141,2021-10-05 07:22:50,4340.0,500.0,1719300.0
142,2021-10-05 07:22:50,4340.0,2000.0,1718800.0
143,2021-10-05 07:22:50,4340.0,5000.0,1716800.0
144,2021-10-05 07:22:50,4340.0,200.0,1711800.0
145,2021-10-05 07:22:50,4340.0,2000.0,1711600.0
146,2021-10-05 07:22:48,4350.0,1000.0,1709600.0
147,2021-10-05 07:22:48,4350.0,200.0,1708600.0
148,2021-10-05 07:22:48,4350.0,4000.0,1708400.0
149,2021-10-05 07:22:48,4350.0,500.0,1704400.0
150,2021-10-05 07:22:48,4350.0,200.0,1703900.0
151,2021-10-05 07:22:48,4350.0,1000.0,1703700.0
152,2021-10-05 07:22:48,4350.0,100.0,1702700.0
153,2021-10-05 07:22:48,4350.0,1000.0,1702600.0
154,2021-10-05 07:22:48,4350.0,1000.0,1701600.0
155,2021-10-05 07:22:48,4350.0,200.0,1700600.0
156,2021-10-05 07:22:48,4350.0,100.0,1700400.0
157,2021-10-05 07:22:48,4350.0,500.0,1700300.0
158,2021-10-05 07:22:48,4350.0,4000.0,1699800.0
159,2021-10-05 07:22:48,4350.0,300.0,1695800.0
160,2021-10-05 07:22:43,4350.0,1900.0,1695500.0
161,2021-10-05 07:22:37,4350.0,7800.0,1693600.0
162,2021-10-05 07:22:37,4350.0,100.0,1685800.0
163,2021-10-05 07:22:37,4350.0,2000.0,1685700.0
164,2021-10-05 07:22:37,4350.0,100.0,1683700.0
165,2021-10-05 07:21:55,4350.0,200.0,1683600.0
166,2021-10-05 07:21:55,4350.0,100.0,1683400.0
167,2021-10-05 07:21:55,4350.0,200.0,1683300.0
168,2021-10-05 07:21:55,4350.0,1000.0,1683100.0
169,2021-10-05 07:21:55,4350.0,3500.0,1682100.0
170,2021-10-05 07:21:31,4350.0,100.0,1678600.0
171,2021-10-05 07:20:59,4360.0,3600.0,1678500.0
172,2021-10-05 07:20:23,4360.0,100.0,1674900.0
173,2021-10-05 07:20:23,4360.0,4900.0,1674800.0
174,2021-10-05 07:20:21,4360.0,1000.0,1669900.0
175,2021-10-05 07:20:02,4350.0,1400.0,1668900.0
176,2021-10-05 07:20:02,4350.0,3000.0,1667500.0
177,2021-10-05 07:20:02,4350.0,2500.0,1664500.0
178,2021-10-05 07:20:02,4350.0,1000.0,1662000.0
179,2021-10-05 07:20:02,4350.0,1000.0,1661000.0
180,2021-10-05 07:20:02,4350.0,500.0,1660000.0
181,2021-10-05 07:20:02,4350.0,400.0,1659500.0
182,2021-10-05 07:20:02,4350.0,200.0,1659100.0
183,2021-10-05 07:19:32,4360.0,1000.0,1658900.0
184,2021-10-05 07:19:32,4360.0,1000.0,1657900.0
185,2021-10-05 07:19:32,4360.0,200.0,1656900.0
186,2021-10-05 07:19:32,4360.0,5000.0,1656700.0
187,2021-10-05 07:19:32,4360.0,100.0,1651700.0
188,2021-10-05 07:19:32,4360.0,800.0,1651600.0
189,2021-10-05 07:19:32,4360.0,5000.0,1650800.0
190,2021-10-05 07:19:32,4360.0,1000.0,1645800.0
191,2021-10-05 07:19:32,4360.0,300.0,1644800.0
192,2021-10-05 07:19:32,4360.0,1000.0,1644500.0
193,2021-10-05 07:19:32,4360.0,1000.0,1643500.0
194,2021-10-05 07:19:32,4360.0,3700.0,1642500.0
195,2021-10-05 07:19:32,4360.0,100.0,1638800.0
196,2021-10-05 07:19:32,4360.0,3900.0,1638700.0
197,2021-10-05 07:17:56,4360.0,1000.0,1634800.0
198,2021-10-05 07:17:49,4360.0,1100.0,1633800.0
199,2021-10-05 07:17:49,4360.0,900.0,1632700.0
200,2021-10-05 07:17:20,4360.0,1000.0,1631800.0
201,2021-10-05 07:17:06,4360.0,1000.0,1630800.0
202,2021-10-05 07:16:32,4370.0,3000.0,1629800.0
203,2021-10-05 07:15:59,4370.0,3000.0,1626800.0
204,2021-10-05 07:15:43,4360.0,500.0,1623800.0
205,2021-10-05 07:13:32,4370.0,1000.0,1623300.0
206,2021-10-05 07:11:48,4370.0,400.0,1622300.0
207,2021-10-05 07:09:49,4360.0,100.0,1621900.0
208,2021-10-05 07:09:30,4360.0,1000.0,1621800.0
209,2021-10-05 07:09:06,4370.0,100.0,1620800.0
210,2021-10-05 07:08:43,4370.0,200.0,1620700.0
211,2021-10-05 07:08:27,4370.0,7500.0,1620500.0
212,2021-10-05 07:08:27,4370.0,300.0,1613000.0
213,2021-10-05 07:08:27,4370.0,600.0,1612700.0
214,2021-10-05 07:08:27,4370.0,1600.0,1612100.0
215,2021-10-05 07:08:22,4360.0,200.0,1610500.0
216,2021-10-05 07:08:08,4360.0,2800.0,1610300.0
217,2021-10-05 07:07:14,4360.0,2500.0,1607500.0
218,2021-10-05 07:07:11,4370.0,800.0,1605000.0
219,2021-10-05 07:07:05,4360.0,1000.0,1604200.0
220,2021-10-05 07:07:05,4360.0,1000.0,1603200.0
221,2021-10-05 07:06:52,4360.0,2500.0,1602200.0
222,2021-10-05 07:05:11,4360.0,200.0,1599700.0
223,2021-10-05 07:04:19,4360.0,6300.0,1599500.0
224,2021-10-05 07:04:19,4360.0,500.0,1593200.0
225,2021-10-05 07:04:19,4360.0,200.0,1592700.0
226,2021-10-05 07:01:27,4360.0,1000.0,1592500.0
227,2021-10-05 07:01:27,4360.0,100.0,1591500.0
228,2021-10-05 07:01:27,4360.0,1500.0,1591400.0
229,2021-10-05 07:01:26,4350.0,700.0,1589900.0
230,2021-10-05 07:01:26,4350.0,500.0,1589200.0
231,2021-10-05 07:01:26,4350.0,200.0,1588700.0
232,2021-10-05 07:01:26,4350.0,1100.0,1588500.0
233,2021-10-05 07:01:26,4350.0,500.0,1587400.0
234,2021-10-05 07:01:26,4350.0,1000.0,1586900.0
235,2021-10-05 07:01:26,4350.0,200.0,1585900.0
236,2021-10-05 07:01:26,4350.0,2300.0,1585700.0
237,2021-10-05 07:01:21,4360.0,200.0,1583400.0
238,2021-10-05 07:01:17,4360.0,500.0,1583200.0
239,2021-10-05 07:01:14,4360.0,200.0,1582700.0
240,2021-10-05 07:01:02,4360.0,2000.0,1582500.0
241,2021-10-05 07:00:36,4360.0,100.0,1580500.0
242,2021-10-05 06:59:42,4360.0,100.0,1580400.0
243,2021-10-05 06:59:22,4350.0,100.0,1580300.0
244,2021-10-05 06:59:03,4350.0,600.0,1580200.0
245,2021-10-05 06:59:03,4350.0,300.0,1579600.0
246,2021-10-05 06:59:03,4350.0,2000.0,1579300.0
247,2021-10-05 06:59:03,4350.0,500.0,1577300.0
248,2021-10-05 06:59:03,4350.0,5000.0,1576800.0
249,2021-10-05 06:59:03,4350.0,100.0,1571800.0
250,2021-10-05 06:59:03,4350.0,800.0,1571700.0
251,2021-10-05 06:59:03,4350.0,400.0,1570900.0
252,2021-10-05 06:59:03,4350.0,100.0,1570500.0
253,2021-10-05 06:58:54,4360.0,300.0,1570400.0
254,2021-10-05 06:58:52,4360.0,1700.0,1570100.0
255,2021-10-05 06:57:40,4360.0,5000.0,1568400.0
256,2021-10-05 06:57:40,4360.0,200.0,1563400.0
257,2021-10-05 06:57:40,4360.0,200.0,1563200.0
258,2021-10-05 06:57:40,4360.0,400.0,1563000.0
259,2021-10-05 06:57:40,4360.0,500.0,1562600.0
260,2021-10-05 06:57:40,4360.0,1500.0,1562100.0
261,2021-10-05 06:57:40,4360.0,2000.0,1560600.0
262,2021-10-05 06:57:40,4360.0,100.0,1558600.0
263,2021-10-05 06:57:40,4360.0,200.0,1558500.0
264,2021-10-05 06:57:40,4360.0,10000.0,1558300.0
265,2021-10-05 06:57:40,4360.0,1000.0,1548300.0
266,2021-10-05 06:57:40,4360.0,100.0,1547300.0
267,2021-10-05 06:57:40,4360.0,1000.0,1547200.0
268,2021-10-05 06:57:40,4360.0,200.0,1546200.0
269,2021-10-05 06:57:40,4360.0,1000.0,1546000.0
270,2021-10-05 06:56:28,4370.0,100.0,1545000.0
271,2021-10-05 06:53:42,4360.0,100.0,1544900.0
272,2021-10-05 06:52:48,4370.0,2000.0,1544800.0
273,2021-10-05 06:52:48,4370.0,2800.0,1542800.0
274,2021-10-05 06:52:48,4370.0,2500.0,1540000.0
275,2021-10-05 06:52:48,4370.0,100.0,1537500.0
276,2021-10-05 06:52:48,4370.0,400.0,1537400.0
277,2021-10-05 06:52:48,4370.0,4000.0,1537000.0
278,2021-10-05 06:52:48,4370.0,100.0,1533000.0
279,2021-10-05 06:52:48,4370.0,500.0,1532900.0
280,2021-10-05 06:52:48,4370.0,1000.0,1532400.0
281,2021-10-05 06:52:48,4370.0,100.0,1531400.0
282,2021-10-05 06:52:48,4370.0,3000.0,1531300.0
283,2021-10-05 06:52:34,4370.0,600.0,1528300.0
284,2021-10-05 06:52:34,4370.0,300.0,1527700.0
285,2021-10-05 06:52:34,4370.0,3100.0,1527400.0
286,2021-10-05 06:52:20,4370.0,500.0,1524300.0
287,2021-10-05 06:52:15,4370.0,100.0,1523800.0
288,2021-10-05 06:52:08,4370.0,200.0,1523700.0
289,2021-10-05 06:51:31,4370.0,2500.0,1523500.0
290,2021-10-05 06:51:31,4370.0,2500.0,1521000.0
291,2021-10-05 06:51:18,4370.0,200.0,1518500.0
292,2021-10-05 06:50:02,4380.0,600.0,1518300.0
293,2021-10-05 06:49:57,4380.0,800.0,1517700.0
294,2021-10-05 06:49:22,4380.0,4700.0,1516900.0
295,2021-10-05 06:48:34,4370.0,2600.0,1512200.0
296,2021-10-05 06:45:38,4370.0,4100.0,1509600.0
297,2021-10-05 06:41:38,4370.0,5100.0,1505500.0
298,2021-10-05 06:41:08,4380.0,2000.0,1500400.0
299,2021-10-05 06:41:01,4380.0,10000.0,1498400.0
300,2021-10-05 06:40:55,4380.0,6900.0,1488400.0
301,2021-10-05 06:40:35,4380.0,10000.0,1481500.0
302,2021-10-05 06:40:11,4380.0,2300.0,1471500.0
303,2021-10-05 06:39:04,4380.0,800.0,1469200.0
304,2021-10-05 06:37:56,4390.0,200.0,1468400.0
305,2021-10-05 06:36:24,4390.0,2000.0,1468200.0
306,2021-10-05 06:36:22,4390.0,200.0,1466200.0
307,2021-10-05 06:36:04,4390.0,7800.0,1466000.0
308,2021-10-05 06:35:27,4390.0,12200.0,1458200.0
309,2021-10-05 06:35:26,4390.0,10000.0,1446000.0
310,2021-10-05 06:35:08,4390.0,4900.0,1436000.0
311,2021-10-05 06:35:08,4390.0,400.0,1431100.0
312,2021-10-05 06:35:08,4390.0,1500.0,1430700.0
313,2021-10-05 06:33:00,4380.0,100.0,1429200.0
314,2021-10-05 06:33:00,4380.0,1000.0,1429100.0
315,2021-10-05 06:33:00,4380.0,900.0,1428100.0
316,2021-10-05 06:32:52,4380.0,9100.0,1427200.0
317,2021-10-05 06:32:52,4380.0,900.0,1418100.0
318,2021-10-05 06:32:42,4380.0,300.0,1417200.0
319,2021-10-05 06:32:05,4380.0,300.0,1416900.0
320,2021-10-05 06:32:00,4380.0,1000.0,1416600.0
321,2021-10-05 06:30:53,4380.0,100.0,1415600.0
322,2021-10-05 06:30:09,4370.0,10000.0,1415500.0
323,2021-10-05 06:29:44,4370.0,5500.0,1405500.0
324,2021-10-05 06:29:44,4370.0,100.0,1400000.0
325,2021-10-05 06:29:44,4370.0,4400.0,1399900.0
326,2021-10-05 06:29:26,4370.0,3000.0,1395500.0
327,2021-10-05 06:28:33,4370.0,5000.0,1392500.0
328,2021-10-05 06:28:33,4370.0,300.0,1387500.0
329,2021-10-05 06:28:33,4370.0,10700.0,1387200.0
330,2021-10-05 06:28:12,4370.0,300.0,1376500.0
331,2021-10-05 06:26:58,4380.0,200.0,1376200.0
332,2021-10-05 06:26:36,4380.0,500.0,1376000.0
333,2021-10-05 06:25:04,4370.0,1000.0,1375500.0
334,2021-10-05 06:24:20,4380.0,500.0,1374500.0
335,2021-10-05 06:24:20,4380.0,6000.0,1374000.0
336,2021-10-05 06:24:20,4380.0,5000.0,1368000.0
337,2021-10-05 06:24:20,4380.0,9200.0,1363000.0
338,2021-10-05 06:23:09,4390.0,1000.0,1353800.0
339,2021-10-05 06:22:10,4380.0,5800.0,1352800.0
340,2021-10-05 06:22:10,4380.0,400.0,1347000.0
341,2021-10-05 06:22:10,4380.0,100.0,1346600.0
342,2021-10-05 06:22:10,4380.0,6000.0,1346500.0
343,2021-10-05 06:22:10,4380.0,15000.0,1340500.0
344,2021-10-05 06:22:10,4380.0,800.0,1325500.0
345,2021-10-05 06:21:41,4380.0,100.0,1324700.0
346,2021-10-05 06:21:35,4380.0,100.0,1324600.0
347,2021-10-05 06:21:24,4390.0,1000.0,1324500.0
348,2021-10-05 06:21:24,4390.0,1800.0,1323500.0
349,2021-10-05 06:21:24,4390.0,500.0,1321700.0
350,2021-10-05 06:21:24,4390.0,2000.0,1321200.0
351,2021-10-05 06:21:24,4390.0,1000.0,1319200.0
352,2021-10-05 06:21:24,4390.0,1000.0,1318200.0
353,2021-10-05 06:21:24,4390.0,200.0,1317200.0
354,2021-10-05 06:21:11,4390.0,1400.0,1317000.0
355,2021-10-05 06:20:20,4390.0,3000.0,1315600.0
356,2021-10-05 06:19:19,4390.0,500.0,1312600.0
357,2021-10-05 06:19:08,4390.0,1000.0,1312100.0
358,2021-10-05 06:17:45,4390.0,100.0,1311100.0
359,2021-10-05 06:17:42,4390.0,500.0,1311000.0
360,2021-10-05 06:17:33,4390.0,500.0,1310500.0
361,2021-10-05 06:17:33,4390.0,400.0,1310000.0
362,2021-10-05 06:17:33,4390.0,100.0,1309600.0
363,2021-10-05 06:15:53,4400.0,2300.0,1309500.0
364,2021-10-05 06:15:07,4400.0,9600.0,1307200.0
365,2021-10-05 06:14:42,4400.0,100.0,1297600.0
366,2021-10-05 06:14:18,4400.0,400.0,1297500.0
367,2021-10-05 06:14:17,4400.0,900.0,1297100.0
368,2021-10-05 06:14:17,4400.0,1000.0,1296200.0
369,2021-10-05 06:14:17,4400.0,100.0,1295200.0
370,2021-10-05 06:14:17,4400.0,800.0,1295100.0
371,2021-10-05 06:14:17,4400.0,17100.0,1294300.0
372,2021-10-05 06:14:14,4400.0,2900.0,1277200.0
373,2021-10-05 06:14:14,4400.0,900.0,1274300.0
374,2021-10-05 06:14:14,4400.0,1200.0,1273400.0
375,2021-10-05 06:12:29,4400.0,200.0,1272200.0
376,2021-10-05 06:11:53,4400.0,100.0,1272000.0
377,2021-10-05 06:10:25,4400.0,500.0,1271900.0
378,2021-10-05 06:09:45,4390.0,200.0,1271400.0
379,2021-10-05 06:09:17,4390.0,100.0,1271200.0
380,2021-10-05 06:09:05,4390.0,2000.0,1271100.0
381,2021-10-05 06:08:52,4390.0,6600.0,1269100.0
382,2021-10-05 06:08:52,4390.0,1000.0,1262500.0
383,2021-10-05 06:08:52,4390.0,200.0,1261500.0
384,2021-10-05 06:08:52,4390.0,20000.0,1261300.0
385,2021-10-05 06:08:52,4390.0,2200.0,1241300.0
386,2021-10-05 06:07:26,4390.0,3000.0,1239100.0
387,2021-10-05 06:07:26,4390.0,300.0,1236100.0
388,2021-10-05 06:07:26,4390.0,11900.0,1235800.0
389,2021-10-05 06:07:26,4390.0,100.0,1223900.0
390,2021-10-05 06:07:26,4390.0,1000.0,1223800.0
391,2021-10-05 06:07:26,4390.0,100.0,1222800.0
392,2021-10-05 06:07:26,4390.0,500.0,1222700.0
393,2021-10-05 06:07:26,4390.0,15000.0,1222200.0
394,2021-10-05 06:07:26,4390.0,1000.0,1207200.0
395,2021-10-05 06:07:26,4390.0,17100.0,1206200.0
396,2021-10-05 06:07:17,4400.0,3000.0,1189100.0
397,2021-10-05 06:07:17,4400.0,700.0,1186100.0
398,2021-10-05 06:07:17,4400.0,4000.0,1185400.0
399,2021-10-05 06:07:17,4400.0,20000.0,1181400.0
400,2021-10-05 06:07:17,4400.0,500.0,1161400.0
401,2021-10-05 06:07:17,4400.0,1800.0,1160900.0
402,2021-10-05 06:06:08,4400.0,300.0,1159100.0
403,2021-10-05 06:06:08,4400.0,100.0,1158800.0
404,2021-10-05 06:03:50,4400.0,100.0,1158700.0
405,2021-10-05 06:03:50,4400.0,1400.0,1158600.0
406,2021-10-05 06:03:50,4400.0,1500.0,1157200.0
407,2021-10-05 06:03:26,4400.0,500.0,1155700.0
408,2021-10-05 06:03:26,4400.0,500.0,1155200.0
409,2021-10-05 06:03:26,4400.0,1000.0,1154700.0
410,2021-10-05 06:03:26,4400.0,8000.0,1153700.0
411,2021-10-05 06:02:38,4400.0,4000.0,1145700.0
412,2021-10-05 06:02:24,4390.0,20000.0,1141700.0
413,2021-10-05 06:01:29,4400.0,300.0,1121700.0
414,2021-10-05 06:00:27,4400.0,1500.0,1121400.0
415,2021-10-05 06:00:21,4400.0,1200.0,1119900.0
416,2021-10-05 06:00:21,4400.0,1000.0,1118700.0
417,2021-10-05 06:00:20,4400.0,2000.0,1117700.0
418,2021-10-05 06:00:20,4400.0,100.0,1115700.0
419,2021-10-05 06:00:20,4400.0,600.0,1115600.0
420,2021-10-05 06:00:20,4400.0,100.0,1115000.0
421,2021-10-05 06:00:18,4400.0,1000.0,1114900.0
422,2021-10-05 06:00:17,4400.0,100.0,1113900.0
423,2021-10-05 06:00:13,4400.0,100.0,1113800.0
424,2021-10-05 06:00:13,4400.0,100.0,1113700.0
425,2021-10-05 06:00:13,4400.0,300.0,1113600.0
426,2021-10-05 06:00:12,4400.0,200.0,1113300.0
427,2021-10-05 06:00:06,4400.0,3000.0,1113100.0
428,2021-10-05 06:00:01,4400.0,100.0,1110100.0
429,2021-10-05 06:00:01,4400.0,1200.0,1110000.0
430,2021-10-05 06:00:01,4400.0,200.0,1108800.0
431,2021-10-05 06:00:01,4400.0,700.0,1108600.0
432,2021-10-05 04:29:11,4400.0,100.0,1107900.0
433,2021-10-05 04:29:03,4400.0,1000.0,1107800.0
434,2021-10-05 04:28:52,4400.0,200.0,1106800.0
435,2021-10-05 04:28:52,4400.0,500.0,1106600.0
436,2021-10-05 04:27:47,4400.0,200.0,1106100.0
437,2021-10-05 04:27:42,4400.0,500.0,1105900.0
438,2021-10-05 04:27:41,4400.0,500.0,1105400.0
439,2021-10-05 04:27:41,4400.0,500.0,1104900.0
440,2021-10-05 04:26:44,4400.0,100.0,1104400.0
441,2021-10-05 04:23:15,4400.0,100.0,1104300.0
442,2021-10-05 04:22:39,4400.0,800.0,1104200.0
443,2021-10-05 04:21:49,4400.0,200.0,1103400.0
444,2021-10-05 04:21:41,4400.0,100.0,1103200.0
445,2021-10-05 04:21:22,4400.0,100.0,1103100.0
446,2021-10-05 04:21:01,4400.0,100.0,1103000.0
447,2021-10-05 04:21:01,4400.0,500.0,1102900.0
448,2021-10-05 04:20:31,4400.0,500.0,1102400.0
449,2021-10-05 04:20:18,4400.0,100.0,1101900.0
450,2021-10-05 04:20:18,4400.0,1900.0,1101800.0
451,2021-10-05 04:19:44,4400.0,3000.0,1099900.0
452,2021-10-05 04:19:20,4400.0,2600.0,1096900.0
453,2021-10-05 04:18:27,4390.0,4000.0,1094300.0
454,2021-10-05 04:17:39,4400.0,100.0,1090300.0
455,2021-10-05 04:17:29,4400.0,200.0,1090200.0
456,2021-10-05 04:17:27,4400.0,1100.0,1090000.0
457,2021-10-05 04:17:24,4400.0,400.0,1088900.0
458,2021-10-05 04:17:10,4400.0,1700.0,1088500.0
459,2021-10-05 04:17:10,4400.0,3000.0,1086800.0
460,2021-10-05 04:17:10,4400.0,200.0,1083800.0
461,2021-10-05 04:17:10,4400.0,100.0,1083600.0
462,2021-10-05 04:17:10,4400.0,800.0,1083500.0
463,2021-10-05 04:17:10,4400.0,200.0,1082700.0
464,2021-10-05 04:17:10,4400.0,2000.0,1082500.0
465,2021-10-05 04:17:10,4400.0,2000.0,1080500.0
466,2021-10-05 04:15:58,4400.0,200.0,1078500.0
467,2021-10-05 04:15:50,4410.0,300.0,1078300.0
468,2021-10-05 04:15:28,4400.0,5000.0,1078000.0
469,2021-10-05 04:15:18,4410.0,2400.0,1073000.0
470,2021-10-05 04:15:14,4410.0,600.0,1070600.0
471,2021-10-05 04:14:50,4400.0,100.0,1070000.0
472,2021-10-05 04:14:50,4410.0,100.0,1069900.0
473,2021-10-05 04:14:50,4410.0,300.0,1069800.0
474,2021-10-05 04:14:06,4420.0,100.0,1069500.0
475,2021-10-05 04:13:24,4430.0,4100.0,1069400.0
476,2021-10-05 04:13:24,4430.0,5000.0,1065300.0
477,2021-10-05 04:13:24,4430.0,100.0,1060300.0
478,2021-10-05 04:13:24,4430.0,200.0,1060200.0
479,2021-10-05 04:13:24,4420.0,100.0,1060000.0
480,2021-10-05 04:13:24,4420.0,500.0,1059900.0
481,2021-10-05 04:12:07,4410.0,200.0,1059400.0
482,2021-10-05 04:12:07,4410.0,100.0,1059200.0
483,2021-10-05 04:12:05,4410.0,300.0,1059100.0
484,2021-10-05 04:11:07,4410.0,600.0,1058800.0
485,2021-10-05 04:09:38,4400.0,500.0,1058200.0
486,2021-10-05 04:09:33,4400.0,2200.0,1057700.0
487,2021-10-05 04:09:33,4400.0,2800.0,1055500.0
488,2021-10-05 04:09:32,4400.0,700.0,1052700.0
489,2021-10-05 04:09:11,4400.0,5000.0,1052000.0
490,2021-10-05 04:08:56,4400.0,400.0,1047000.0
491,2021-10-05 04:08:28,4400.0,11100.0,1046600.0
492,2021-10-05 04:08:26,4400.0,100.0,1035500.0
493,2021-10-05 04:08:07,4400.0,4000.0,1035400.0
494,2021-10-05 04:08:06,4400.0,300.0,1031400.0
495,2021-10-05 04:08:06,4400.0,2000.0,1031100.0
496,2021-10-05 04:08:06,4400.0,5000.0,1029100.0
497,2021-10-05 04:08:06,4400.0,1500.0,1024100.0
498,2021-10-05 04:08:06,4420.0,1000.0,1022600.0
499,2021-10-05 04:07:57,4430.0,100.0,1021600.0
500,2021-10-05 04:07:26,4440.0,300.0,1021500.0
501,2021-10-05 04:07:18,4440.0,100.0,1021200.0
502,2021-10-05 04:07:18,4440.0,200.0,1021100.0
503,2021-10-05 04:05:58,4420.0,2000.0,1020900.0
504,2021-10-05 04:05:58,4420.0,400.0,1018900.0
505,2021-10-05 04:05:58,4420.0,1000.0,1018500.0
506,2021-10-05 04:05:50,4420.0,2000.0,1017500.0
507,2021-10-05 04:05:40,4410.0,100.0,1015500.0
508,2021-10-05 04:05:39,4410.0,100.0,1015400.0
509,2021-10-05 04:05:39,4410.0,500.0,1015300.0
510,2021-10-05 04:05:39,4410.0,1200.0,1014800.0
511,2021-10-05 04:05:21,4400.0,1000.0,1013600.0
512,2021-10-05 04:05:21,4400.0,4500.0,1012600.0
513,2021-10-05 04:05:21,4400.0,1000.0,1008100.0
514,2021-10-05 04:05:21,4400.0,400.0,1007100.0
515,2021-10-05 04:05:21,4400.0,1000.0,1006700.0
516,2021-10-05 04:05:21,4400.0,1000.0,1005700.0
517,2021-10-05 04:05:21,4400.0,3000.0,1004700.0
518,2021-10-05 04:05:21,4400.0,7000.0,1001700.0
519,2021-10-05 04:05:21,4400.0,100.0,994700.0
520,2021-10-05 04:05:21,4400.0,100.0,994600.0
521,2021-10-05 04:05:21,4400.0,100.0,994500.0
522,2021-10-05 04:05:21,4400.0,200.0,994400.0
523,2021-10-05 04:05:21,4400.0,100.0,994200.0
524,2021-10-05 04:05:21,4400.0,2000.0,994100.0
525,2021-10-05 04:05:21,4400.0,500.0,992100.0
526,2021-10-05 04:05:21,4400.0,6000.0,991600.0
527,2021-10-05 04:05:21,4400.0,3000.0,985600.0
528,2021-10-05 04:05:21,4400.0,100.0,982600.0
529,2021-10-05 04:05:21,4400.0,3000.0,982500.0
530,2021-10-05 04:05:21,4400.0,30000.0,979500.0
531,2021-10-05 04:05:21,4400.0,2400.0,949500.0
532,2021-10-05 04:05:16,4400.0,7600.0,947100.0
533,2021-10-05 04:05:16,4400.0,300.0,939500.0
534,2021-10-05 04:05:16,4400.0,700.0,939200.0
535,2021-10-05 04:05:16,4400.0,1000.0,938500.0
536,2021-10-05 04:05:16,4400.0,100.0,937500.0
537,2021-10-05 04:05:16,4400.0,300.0,937400.0
538,2021-10-05 04:05:15,4400.0,3900.0,937100.0
539,2021-10-05 04:05:15,4400.0,100.0,933200.0
540,2021-10-05 04:05:15,4400.0,5000.0,933100.0
541,2021-10-05 04:05:15,4400.0,5000.0,928100.0
542,2021-10-05 04:05:15,4400.0,6000.0,923100.0
543,2021-10-05 04:04:57,4400.0,16000.0,917100.0
544,2021-10-05 04:03:57,4390.0,8900.0,901100.0
545,2021-10-05 04:03:41,4390.0,2000.0,892200.0
546,2021-10-05 04:03:03,4390.0,100.0,890200.0
547,2021-10-05 04:02:55,4390.0,100.0,890100.0
548,2021-10-05 04:02:55,4390.0,48900.0,890000.0
549,2021-10-05 04:02:34,4390.0,1100.0,841100.0
550,2021-10-05 04:02:33,4370.0,3000.0,840000.0
551,2021-10-05 04:02:32,4390.0,6000.0,837000.0
552,2021-10-05 04:02:28,4390.0,100.0,831000.0
553,2021-10-05 04:02:15,4390.0,11300.0,830900.0
554,2021-10-05 04:02:11,4390.0,100.0,819600.0
555,2021-10-05 04:01:18,4390.0,31400.0,819500.0
556,2021-10-05 04:01:00,4390.0,1000.0,788100.0
557,2021-10-05 04:00:58,4390.0,500.0,787100.0
558,2021-10-05 04:00:58,4390.0,3900.0,786600.0
559,2021-10-05 04:00:58,4390.0,1000.0,782700.0
560,2021-10-05 04:00:58,4390.0,30000.0,781700.0
561,2021-10-05 04:00:58,4390.0,500.0,751700.0
562,2021-10-05 04:00:58,4390.0,700.0,751200.0
563,2021-10-05 04:00:58,4390.0,7800.0,750500.0
564,2021-10-05 04:00:58,4390.0,5000.0,742700.0
565,2021-10-05 04:00:58,4390.0,4300.0,737700.0
566,2021-10-05 04:00:58,4380.0,2000.0,733400.0
567,2021-10-05 04:00:58,4380.0,2500.0,731400.0
568,2021-10-05 04:00:58,4370.0,1500.0,728900.0
569,2021-10-05 04:00:58,4370.0,7900.0,727400.0
570,2021-10-05 04:00:30,4360.0,500.0,719500.0
571,2021-10-05 04:00:14,4370.0,100.0,719000.0
572,2021-10-05 03:59:59,4370.0,1900.0,718900.0
573,2021-10-05 03:59:59,4370.0,900.0,717000.0
574,2021-10-05 03:59:47,4360.0,6800.0,716100.0
575,2021-10-05 03:55:45,4360.0,2000.0,709300.0
576,2021-10-05 03:55:40,4360.0,2000.0,707300.0
577,2021-10-05 03:52:42,4360.0,1200.0,705300.0
578,2021-10-05 03:52:42,4360.0,300.0,704100.0
579,2021-10-05 03:52:16,4360.0,100.0,703800.0
580,2021-10-05 03:45:40,4350.0,900.0,703700.0
581,2021-10-05 03:45:40,4360.0,300.0,702800.0
582,2021-10-05 03:45:40,4360.0,2800.0,702500.0
583,2021-10-05 03:45:21,4360.0,800.0,699700.0
584,2021-10-05 03:45:21,4360.0,500.0,698900.0
585,2021-10-05 03:43:00,4360.0,1500.0,698400.0
586,2021-10-05 03:42:22,4360.0,100.0,696900.0
587,2021-10-05 03:42:06,4360.0,1000.0,696800.0
588,2021-10-05 03:41:55,4360.0,1000.0,695800.0
589,2021-10-05 03:41:00,4360.0,2400.0,694800.0
590,2021-10-05 03:40:03,4350.0,2300.0,692400.0
591,2021-10-05 03:40:03,4350.0,1000.0,690100.0
592,2021-10-05 03:40:03,4350.0,1400.0,689100.0
593,2021-10-05 03:39:33,4360.0,500.0,687700.0
594,2021-10-05 03:39:33,4360.0,4000.0,687200.0
595,2021-10-05 03:39:33,4360.0,1400.0,683200.0
596,2021-10-05 03:39:16,4360.0,3100.0,681800.0
597,2021-10-05 03:39:12,4360.0,500.0,678700.0
598,2021-10-05 03:38:35,4360.0,100.0,678200.0
599,2021-10-05 03:38:35,4360.0,400.0,678100.0
600,2021-10-05 03:37:59,4360.0,800.0,677700.0
601,2021-10-05 03:37:30,4350.0,500.0,676900.0
602,2021-10-05 03:37:09,4360.0,600.0,676400.0
603,2021-10-05 03:37:01,4360.0,100.0,675800.0
604,2021-10-05 03:36:36,4350.0,100.0,675700.0
605,2021-10-05 03:36:36,4350.0,3600.0,675600.0
606,2021-10-05 03:36:36,4350.0,3000.0,672000.0
607,2021-10-05 03:36:36,4350.0,1000.0,669000.0
608,2021-10-05 03:36:36,4350.0,1000.0,668000.0
609,2021-10-05 03:36:36,4350.0,10000.0,667000.0
610,2021-10-05 03:36:36,4350.0,1000.0,657000.0
611,2021-10-05 03:36:36,4350.0,300.0,656000.0
612,2021-10-05 03:36:20,4360.0,100.0,655700.0
613,2021-10-05 03:36:18,4360.0,400.0,655600.0
614,2021-10-05 03:36:18,4360.0,2500.0,655200.0
615,2021-10-05 03:36:14,4360.0,100.0,652700.0
616,2021-10-05 03:35:04,4360.0,100.0,652600.0
617,2021-10-05 03:35:04,4360.0,100.0,652500.0
618,2021-10-05 03:34:38,4360.0,100.0,652400.0
619,2021-10-05 03:34:11,4360.0,20500.0,652300.0
620,2021-10-05 03:34:11,4360.0,6500.0,631800.0
621,2021-10-05 03:32:11,4350.0,700.0,625300.0
622,2021-10-05 03:32:11,4350.0,300.0,624600.0
623,2021-10-05 03:32:11,4350.0,100.0,624300.0
624,2021-10-05 03:32:11,4350.0,500.0,624200.0
625,2021-10-05 03:32:11,4350.0,300.0,623700.0
626,2021-10-05 03:32:09,4350.0,100.0,623400.0
627,2021-10-05 03:29:31,4360.0,1000.0,623300.0
628,2021-10-05 03:29:14,4350.0,200.0,622300.0
629,2021-10-05 03:29:05,4350.0,1700.0,622100.0
630,2021-10-05 03:28:54,4350.0,1700.0,620400.0
631,2021-10-05 03:28:43,4360.0,100.0,618700.0
632,2021-10-05 03:28:43,4360.0,1000.0,618600.0
633,2021-10-05 03:28:43,4360.0,200.0,617600.0
634,2021-10-05 03:28:43,4360.0,100.0,617400.0
635,2021-10-05 03:28:43,4360.0,100.0,617300.0
636,2021-10-05 03:28:43,4360.0,11000.0,617200.0
637,2021-10-05 03:27:27,4370.0,3000.0,606200.0
638,2021-10-05 03:27:21,4370.0,1000.0,603200.0
639,2021-10-05 03:27:05,4380.0,600.0,602200.0
640,2021-10-05 03:26:51,4370.0,1000.0,601600.0
641,2021-10-05 03:26:46,4380.0,2500.0,600600.0
642,2021-10-05 03:26:46,4380.0,7500.0,598100.0
643,2021-10-05 03:26:42,4380.0,9200.0,590600.0
644,2021-10-05 03:25:13,4380.0,3300.0,581400.0
645,2021-10-05 03:25:13,4380.0,200.0,578100.0
646,2021-10-05 03:25:13,4380.0,1000.0,577900.0
647,2021-10-05 03:25:13,4380.0,5000.0,576900.0
648,2021-10-05 03:25:13,4380.0,200.0,571900.0
649,2021-10-05 03:25:13,4380.0,1700.0,571700.0
650,2021-10-05 03:25:13,4380.0,9400.0,570000.0
651,2021-10-05 03:25:13,4370.0,100.0,560600.0
652,2021-10-05 03:25:13,4370.0,1000.0,560500.0
653,2021-10-05 03:25:13,4370.0,7000.0,559500.0
654,2021-10-05 03:25:13,4370.0,100.0,552500.0
655,2021-10-05 03:25:13,4370.0,500.0,552400.0
656,2021-10-05 03:25:13,4370.0,1000.0,551900.0
657,2021-10-05 03:25:13,4370.0,25500.0,550900.0
658,2021-10-05 03:24:58,4370.0,500.0,525400.0
659,2021-10-05 03:24:33,4370.0,600.0,524900.0
660,2021-10-05 03:21:54,4360.0,400.0,524300.0
661,2021-10-05 03:21:11,4370.0,100.0,523900.0
662,2021-10-05 03:21:07,4360.0,5000.0,523800.0
663,2021-10-05 03:20:48,4360.0,1500.0,518800.0
664,2021-10-05 03:20:44,4360.0,2100.0,517300.0
665,2021-10-05 03:20:44,4360.0,500.0,515200.0
666,2021-10-05 03:20:44,4360.0,2000.0,514700.0
667,2021-10-05 03:20:44,4360.0,5000.0,512700.0
668,2021-10-05 03:20:44,4360.0,400.0,507700.0
669,2021-10-05 03:20:22,4360.0,600.0,507300.0
670,2021-10-05 03:20:22,4360.0,100.0,506700.0
671,2021-10-05 03:17:30,4360.0,500.0,506600.0
672,2021-10-05 03:14:56,4370.0,1000.0,506100.0
673,2021-10-05 03:14:22,4360.0,400.0,505100.0
674,2021-10-05 03:13:50,4370.0,2000.0,504700.0
675,2021-10-05 03:13:34,4370.0,100.0,502700.0
676,2021-10-05 03:13:09,4370.0,200.0,502600.0
677,2021-10-05 03:12:46,4370.0,600.0,502400.0
678,2021-10-05 03:12:46,4370.0,300.0,501800.0
679,2021-10-05 03:10:08,4370.0,1700.0,501500.0
680,2021-10-05 03:10:08,4370.0,1000.0,499800.0
681,2021-10-05 03:10:08,4370.0,300.0,498800.0
682,2021-10-05 03:10:08,4370.0,1000.0,498500.0
683,2021-10-05 03:10:08,4370.0,1000.0,497500.0
684,2021-10-05 03:10:03,4370.0,1000.0,496500.0
685,2021-10-05 03:08:32,4370.0,2400.0,495500.0
686,2021-10-05 03:05:43,4350.0,1000.0,493100.0
687,2021-10-05 03:05:43,4350.0,400.0,492100.0
688,2021-10-05 03:05:43,4350.0,100.0,491700.0
689,2021-10-05 03:05:43,4350.0,3600.0,491600.0
690,2021-10-05 03:05:43,4350.0,600.0,488000.0
691,2021-10-05 03:05:43,4350.0,10000.0,487400.0
692,2021-10-05 03:05:43,4350.0,600.0,477400.0
693,2021-10-05 03:05:43,4350.0,300.0,476800.0
694,2021-10-05 03:05:43,4350.0,1100.0,476500.0
695,2021-10-05 03:05:43,4350.0,100.0,475400.0
696,2021-10-05 03:05:43,4350.0,1700.0,475300.0
697,2021-10-05 03:05:07,4350.0,3100.0,473600.0
698,2021-10-05 03:05:03,4360.0,500.0,470500.0
699,2021-10-05 03:04:50,4350.0,700.0,470000.0
700,2021-10-05 03:04:23,4350.0,4500.0,469300.0
701,2021-10-05 03:04:23,4350.0,3500.0,464800.0
702,2021-10-05 03:03:36,4370.0,4500.0,461300.0
703,2021-10-05 03:02:51,4350.0,1500.0,456800.0
704,2021-10-05 03:02:51,4350.0,300.0,455300.0
705,2021-10-05 03:02:51,4350.0,1000.0,455000.0
706,2021-10-05 03:02:51,4350.0,3000.0,454000.0
707,2021-10-05 03:02:51,4350.0,1000.0,451000.0
708,2021-10-05 03:02:51,4350.0,100.0,450000.0
709,2021-10-05 03:02:51,4350.0,100.0,449900.0
710,2021-10-05 03:02:51,4350.0,100.0,449800.0
711,2021-10-05 03:02:51,4350.0,2900.0,449700.0
712,2021-10-05 03:02:51,4350.0,500.0,446800.0
713,2021-10-05 03:02:51,4350.0,2000.0,446300.0
714,2021-10-05 03:02:51,4350.0,100.0,444300.0
715,2021-10-05 03:02:51,4350.0,4500.0,444200.0
716,2021-10-05 03:02:51,4350.0,1200.0,439700.0
717,2021-10-05 03:02:38,4360.0,1000.0,438500.0
718,2021-10-05 03:02:38,4360.0,1000.0,437500.0
719,2021-10-05 03:02:38,4360.0,1000.0,436500.0
720,2021-10-05 03:02:38,4360.0,5000.0,435500.0
721,2021-10-05 03:02:38,4360.0,3700.0,430500.0
722,2021-10-05 03:01:39,4370.0,1100.0,426800.0
723,2021-10-05 03:01:39,4370.0,100.0,425700.0
724,2021-10-05 03:01:07,4370.0,400.0,425600.0
725,2021-10-05 03:01:07,4370.0,600.0,425200.0
726,2021-10-05 02:59:51,4370.0,1000.0,424600.0
727,2021-10-05 02:59:44,4360.0,1300.0,423600.0
728,2021-10-05 02:59:44,4360.0,13700.0,422300.0
729,2021-10-05 02:59:42,4360.0,2000.0,408600.0
730,2021-10-05 02:59:30,4370.0,1600.0,406600.0
731,2021-10-05 02:59:30,4370.0,3400.0,405000.0
732,2021-10-05 02:58:37,4360.0,3300.0,401600.0
733,2021-10-05 02:58:18,4370.0,1000.0,398300.0
734,2021-10-05 02:58:18,4370.0,400.0,397300.0
735,2021-10-05 02:57:46,4380.0,500.0,396900.0
736,2021-10-05 02:57:41,4370.0,200.0,396400.0
737,2021-10-05 02:57:41,4370.0,200.0,396200.0
738,2021-10-05 02:56:27,4370.0,200.0,396000.0
739,2021-10-05 02:56:27,4370.0,800.0,395800.0
740,2021-10-05 02:56:14,4370.0,4200.0,395000.0
741,2021-10-05 02:56:14,4370.0,1500.0,390800.0
742,2021-10-05 02:56:14,4370.0,300.0,389300.0
743,2021-10-05 02:54:33,4360.0,1000.0,389000.0
744,2021-10-05 02:54:33,4360.0,1000.0,388000.0
745,2021-10-05 02:54:26,4370.0,500.0,387000.0
746,2021-10-05 02:54:06,4370.0,10000.0,386500.0
747,2021-10-05 02:53:09,4370.0,2000.0,376500.0
748,2021-10-05 02:53:09,4370.0,1700.0,374500.0
749,2021-10-05 02:53:09,4370.0,2600.0,372800.0
750,2021-10-05 02:52:52,4370.0,2000.0,370200.0
751,2021-10-05 02:52:13,4370.0,100.0,368200.0
752,2021-10-05 02:52:13,4370.0,5300.0,368100.0
753,2021-10-05 02:50:33,4370.0,600.0,362800.0
754,2021-10-05 02:49:59,4370.0,400.0,362200.0
755,2021-10-05 02:49:59,4370.0,1000.0,361800.0
756,2021-10-05 02:49:59,4370.0,500.0,360800.0
757,2021-10-05 02:49:59,4370.0,5000.0,360300.0
758,2021-10-05 02:49:59,4370.0,5000.0,355300.0
759,2021-10-05 02:49:59,4370.0,500.0,350300.0
760,2021-10-05 02:49:59,4370.0,2500.0,349800.0
761,2021-10-05 02:49:04,4370.0,1000.0,347300.0
762,2021-10-05 02:48:50,4370.0,10000.0,346300.0
763,2021-10-05 02:48:38,4380.0,4200.0,336300.0
764,2021-10-05 02:48:38,4380.0,700.0,332100.0
765,2021-10-05 02:48:38,4380.0,500.0,331400.0
766,2021-10-05 02:48:38,4380.0,4400.0,330900.0
767,2021-10-05 02:48:08,4380.0,600.0,326500.0
768,2021-10-05 02:48:08,4380.0,100.0,325900.0
769,2021-10-05 02:47:14,4380.0,200.0,325800.0
770,2021-10-05 02:47:14,4370.0,100.0,325600.0
771,2021-10-05 02:46:40,4370.0,100.0,325500.0
772,2021-10-05 02:46:25,4370.0,2700.0,325400.0
773,2021-10-05 02:46:16,4380.0,9800.0,322700.0
774,2021-10-05 02:46:16,4380.0,100.0,312900.0
775,2021-10-05 02:46:16,4380.0,3000.0,312800.0
776,2021-10-05 02:46:16,4380.0,100.0,309800.0
777,2021-10-05 02:46:16,4380.0,2000.0,309700.0
778,2021-10-05 02:46:16,4380.0,100.0,307700.0
779,2021-10-05 02:46:16,4380.0,500.0,307600.0
780,2021-10-05 02:46:16,4380.0,12500.0,307100.0
781,2021-10-05 02:43:10,4380.0,2000.0,294600.0
782,2021-10-05 02:42:15,4390.0,100.0,292600.0
783,2021-10-05 02:41:25,4390.0,5900.0,292500.0
784,2021-10-05 02:41:24,4390.0,300.0,286600.0
785,2021-10-05 02:41:24,4390.0,800.0,286300.0
786,2021-10-05 02:41:24,4390.0,100.0,285500.0
787,2021-10-05 02:41:24,4390.0,500.0,285400.0
788,2021-10-05 02:41:24,4390.0,2400.0,284900.0
789,2021-10-05 02:40:52,4390.0,3000.0,282500.0
790,2021-10-05 02:40:39,4390.0,24600.0,279500.0
791,2021-10-05 02:40:39,4390.0,100.0,254900.0
792,2021-10-05 02:40:39,4390.0,1000.0,254800.0
793,2021-10-05 02:40:39,4390.0,24300.0,253800.0
794,2021-10-05 02:40:38,4380.0,100.0,229500.0
795,2021-10-05 02:40:31,4380.0,800.0,229400.0
796,2021-10-05 02:40:19,4380.0,3100.0,228600.0
797,2021-10-05 02:40:08,4380.0,1500.0,225500.0
798,2021-10-05 02:40:08,4380.0,1000.0,224000.0
799,2021-10-05 02:40:08,4380.0,200.0,223000.0
800,2021-10-05 02:40:08,4380.0,100.0,222800.0
801,2021-10-05 02:40:08,4380.0,200.0,222700.0
802,2021-10-05 02:39:43,4380.0,200.0,222500.0
803,2021-10-05 02:39:30,4380.0,100.0,222300.0
804,2021-10-05 02:39:30,4380.0,600.0,222200.0
805,2021-10-05 02:39:30,4380.0,1600.0,221600.0
806,2021-10-05 02:39:30,4380.0,1000.0,220000.0
807,2021-10-05 02:39:30,4380.0,100.0,219000.0
808,2021-10-05 02:39:30,4380.0,600.0,218900.0
809,2021-10-05 02:39:06,4380.0,100.0,218300.0
810,2021-10-05 02:38:45,4380.0,100.0,218200.0
811,2021-10-05 02:37:20,4380.0,800.0,218100.0
812,2021-10-05 02:36:37,4380.0,200.0,217300.0
813,2021-10-05 02:35:38,4390.0,300.0,217100.0
814,2021-10-05 02:34:56,4390.0,100.0,216800.0
815,2021-10-05 02:34:33,4390.0,100.0,216700.0
816,2021-10-05 02:34:27,4380.0,100.0,216600.0
817,2021-10-05 02:34:27,4380.0,100.0,216500.0
818,2021-10-05 02:34:27,4380.0,1800.0,216400.0
819,2021-10-05 02:33:41,4380.0,200.0,214600.0
820,2021-10-05 02:32:34,4380.0,200.0,214400.0
821,2021-10-05 02:31:58,4380.0,800.0,214200.0
822,2021-10-05 02:31:58,4380.0,200.0,213400.0
823,2021-10-05 02:31:39,4390.0,200.0,213200.0
824,2021-10-05 02:31:09,4380.0,2600.0,213000.0
825,2021-10-05 02:30:30,4380.0,2900.0,210400.0
826,2021-10-05 02:30:30,4380.0,100.0,207500.0
827,2021-10-05 02:30:30,4380.0,100.0,207400.0
828,2021-10-05 02:30:30,4380.0,1900.0,207300.0
829,2021-10-05 02:30:24,4380.0,100.0,205400.0
830,2021-10-05 02:29:57,4380.0,3000.0,205300.0
831,2021-10-05 02:29:41,4380.0,200.0,202300.0
832,2021-10-05 02:29:24,4380.0,300.0,202100.0
833,2021-10-05 02:29:16,4380.0,100.0,201800.0
834,2021-10-05 02:29:16,4380.0,1000.0,201700.0
835,2021-10-05 02:29:16,4380.0,500.0,200700.0
836,2021-10-05 02:29:16,4380.0,1900.0,200200.0
837,2021-10-05 02:28:24,4380.0,100.0,198300.0
838,2021-10-05 02:28:21,4370.0,200.0,198200.0
839,2021-10-05 02:28:14,4370.0,33400.0,198000.0
840,2021-10-05 02:26:33,4350.0,1600.0,164600.0
841,2021-10-05 02:26:33,4360.0,1000.0,163000.0
842,2021-10-05 02:26:33,4360.0,400.0,162000.0
843,2021-10-05 02:26:22,4380.0,700.0,161600.0
844,2021-10-05 02:26:07,4380.0,1500.0,160900.0
845,2021-10-05 02:26:07,4380.0,1500.0,159400.0
846,2021-10-05 02:25:56,4350.0,1900.0,157900.0
847,2021-10-05 02:25:56,4360.0,600.0,156000.0
848,2021-10-05 02:25:56,4360.0,1500.0,155400.0
849,2021-10-05 02:25:47,4380.0,5000.0,153900.0
850,2021-10-05 02:24:35,4350.0,100.0,148900.0
851,2021-10-05 02:24:35,4350.0,200.0,148800.0
852,2021-10-05 02:24:29,4350.0,10000.0,148600.0
853,2021-10-05 02:24:06,4350.0,400.0,138600.0
854,2021-10-05 02:24:04,4350.0,500.0,138200.0
855,2021-10-05 02:24:04,4350.0,300.0,137700.0
856,2021-10-05 02:24:04,4350.0,900.0,137400.0
857,2021-10-05 02:23:56,4350.0,100.0,136500.0
858,2021-10-05 02:23:36,4350.0,900.0,136400.0
859,2021-10-05 02:23:36,4350.0,600.0,135500.0
860,2021-10-05 02:23:36,4330.0,5700.0,134900.0
861,2021-10-05 02:23:36,4330.0,900.0,129200.0
862,2021-10-05 02:23:09,4350.0,200.0,128300.0
863,2021-10-05 02:23:01,4350.0,800.0,128100.0
864,2021-10-05 02:23:01,4350.0,1500.0,127300.0
865,2021-10-05 02:23:01,4350.0,500.0,125800.0
866,2021-10-05 02:23:01,4350.0,100.0,125300.0
867,2021-10-05 02:23:01,4350.0,300.0,125200.0
868,2021-10-05 02:23:01,4350.0,1300.0,124900.0
869,2021-10-05 02:22:24,4350.0,700.0,123600.0
870,2021-10-05 02:22:23,4350.0,4000.0,122900.0
871,2021-10-05 02:22:23,4350.0,100.0,118900.0
872,2021-10-05 02:22:23,4350.0,200.0,118800.0
873,2021-10-05 02:21:46,4380.0,200.0,118600.0
874,2021-10-05 02:21:32,4380.0,500.0,118400.0
875,2021-10-05 02:21:24,4380.0,400.0,117900.0
876,2021-10-05 02:21:20,4380.0,100.0,117500.0
877,2021-10-05 02:19:51,4380.0,100.0,117400.0
878,2021-10-05 02:19:50,4350.0,300.0,117300.0
879,2021-10-05 02:19:50,4350.0,300.0,117000.0
880,2021-10-05 02:19:50,4350.0,500.0,116700.0
881,2021-10-05 02:19:50,4350.0,900.0,116200.0
882,2021-10-05 02:18:35,4380.0,100.0,115300.0
883,2021-10-05 02:18:35,4380.0,8000.0,115200.0
884,2021-10-05 02:18:35,4380.0,7700.0,107200.0
885,2021-10-05 02:17:23,4380.0,6300.0,99500.0
886,2021-10-05 02:17:19,4350.0,100.0,93200.0
887,2021-10-05 02:16:44,4380.0,10000.0,93100.0
888,2021-10-05 02:16:44,4380.0,500.0,83100.0
889,2021-10-05 02:16:41,4390.0,5000.0,82600.0
890,2021-10-05 02:16:37,4390.0,3000.0,77600.0
891,2021-10-05 02:15:52,4390.0,300.0,74600.0
892,2021-10-05 02:15:35,4390.0,500.0,74300.0
893,2021-10-05 02:15:25,4390.0,100.0,73800.0
894,2021-10-05 02:15:20,4390.0,11000.0,73700.0
895,2021-10-05 02:15:18,4390.0,3000.0,62700.0
896,2021-10-05 02:15:18,4390.0,1000.0,59700.0
897,2021-10-05 02:15:18,4390.0,100.0,58700.0
898,2021-10-05 02:15:18,4390.0,100.0,58600.0
899,2021-10-05 02:15:18,4390.0,100.0,58500.0
900,2021-10-05 02:15:18,4390.0,500.0,58400.0
901,2021-10-05 02:15:18,4390.0,600.0,57900.0
902,2021-10-05 02:15:18,4390.0,3500.0,57300.0
903,2021-10-05 02:15:18,4390.0,1000.0,53800.0
904,2021-10-05 02:15:18,4390.0,4900.0,52800.0
905,2021-10-05 02:15:18,4390.0,300.0,47900.0
906,2021-10-05 02:15:00,4400.0,500.0,47600.0
907,2021-10-05 02:15:00,4400.0,100.0,47100.0
908,2021-10-05 02:15:00,4400.0,100.0,47000.0
909,2021-10-05 02:15:00,4400.0,4000.0,46900.0
910,2021-10-05 02:15:00,4400.0,3300.0,42900.0
911,2021-10-05 02:15:00,4400.0,100.0,39600.0
912,2021-10-05 02:15:00,4400.0,300.0,39500.0
913,2021-10-05 02:15:00,4400.0,100.0,39200.0
914,2021-10-05 02:15:00,4400.0,400.0,39100.0
915,2021-10-05 02:15:00,4400.0,19600.0,38700.0
916,2021-10-05 02:15:00,4400.0,10400.0,19100.0
917,2021-10-05 02:15:00,4400.0,100.0,8700.0
918,2021-10-05 02:15:00,4400.0,300.0,8600.0
919,2021-10-05 02:15:00,4400.0,100.0,8300.0
920,2021-10-05 02:15:00,4400.0,3000.0,8200.0
921,2021-10-05 02:15:00,4400.0,100.0,5200.0
922,2021-10-05 02:15:00,4400.0,100.0,5100.0
923,2021-10-05 02:15:00,4400.0,900.0,5000.0
924,2021-10-05 02:15:00,4400.0,900.0,4100.0
925,2021-10-05 02:15:00,4400.0,2200.0,3200.0
926,2021-10-05 02:15:00,4400.0,100.0,1000.0
927,2021-10-05 02:15:00,4400.0,800.0,900.0
928,2021-10-05 02:15:00,4400.0,100.0,100.0
