,Time,Price,Volume_per_trade,Volume
0,2021-10-08 07:45:00,4470.0,2700.0,2584300.0
1,2021-10-08 07:45:00,4470.0,500.0,2581600.0
2,2021-10-08 07:45:00,4470.0,1000.0,2581100.0
3,2021-10-08 07:45:00,4470.0,2000.0,2580100.0
4,2021-10-08 07:45:00,4470.0,100.0,2578100.0
5,2021-10-08 07:45:00,4470.0,2900.0,2578000.0
6,2021-10-08 07:45:00,4470.0,3000.0,2575100.0
7,2021-10-08 07:45:00,4470.0,100.0,2572100.0
8,2021-10-08 07:45:00,4470.0,8300.0,2572000.0
9,2021-10-08 07:45:00,4470.0,9700.0,2563700.0
10,2021-10-08 07:45:00,4470.0,100.0,2554000.0
11,2021-10-08 07:45:00,4470.0,6000.0,2553900.0
12,2021-10-08 07:45:00,4470.0,100.0,2547900.0
13,2021-10-08 07:45:00,4470.0,300.0,2547800.0
14,2021-10-08 07:45:00,4470.0,100.0,2547500.0
15,2021-10-08 07:45:00,4470.0,2000.0,2547400.0
16,2021-10-08 07:45:00,4470.0,5000.0,2545400.0
17,2021-10-08 07:45:00,4470.0,2000.0,2540400.0
18,2021-10-08 07:45:00,4470.0,10000.0,2538400.0
19,2021-10-08 07:45:00,4470.0,1000.0,2528400.0
20,2021-10-08 07:45:00,4470.0,500.0,2527400.0
21,2021-10-08 07:45:00,4470.0,5000.0,2526900.0
22,2021-10-08 07:45:00,4470.0,200.0,2521900.0
23,2021-10-08 07:45:00,4470.0,1000.0,2521700.0
24,2021-10-08 07:45:00,4470.0,1000.0,2520700.0
25,2021-10-08 07:45:00,4470.0,7800.0,2519700.0
26,2021-10-08 07:45:00,4470.0,100.0,2511900.0
27,2021-10-08 07:45:00,4470.0,100.0,2511800.0
28,2021-10-08 07:45:00,4470.0,2000.0,2511700.0
29,2021-10-08 07:45:00,4470.0,1000.0,2509700.0
30,2021-10-08 07:45:00,4470.0,700.0,2508700.0
31,2021-10-08 07:45:00,4470.0,9300.0,2508000.0
32,2021-10-08 07:45:00,4470.0,100.0,2498700.0
33,2021-10-08 07:45:00,4470.0,4800.0,2498600.0
34,2021-10-08 07:45:00,4470.0,200.0,2493800.0
35,2021-10-08 07:45:00,4470.0,500.0,2493600.0
36,2021-10-08 07:45:00,4470.0,100.0,2493100.0
37,2021-10-08 07:29:41,4480.0,1000.0,2493000.0
38,2021-10-08 07:29:34,4490.0,400.0,2492000.0
39,2021-10-08 07:29:19,4480.0,4000.0,2491600.0
40,2021-10-08 07:29:19,4480.0,800.0,2487600.0
41,2021-10-08 07:29:19,4480.0,2000.0,2486800.0
42,2021-10-08 07:29:19,4480.0,100.0,2484800.0
43,2021-10-08 07:29:19,4480.0,600.0,2484700.0
44,2021-10-08 07:28:15,4480.0,1100.0,2484100.0
45,2021-10-08 07:27:58,4480.0,8300.0,2483000.0
46,2021-10-08 07:27:58,4480.0,2000.0,2474700.0
47,2021-10-08 07:27:58,4480.0,100.0,2472700.0
48,2021-10-08 07:27:58,4480.0,500.0,2472600.0
49,2021-10-08 07:27:58,4480.0,100.0,2472100.0
50,2021-10-08 07:27:58,4480.0,100.0,2472000.0
51,2021-10-08 07:27:58,4480.0,1000.0,2471900.0
52,2021-10-08 07:27:58,4480.0,1000.0,2470900.0
53,2021-10-08 07:27:58,4480.0,1600.0,2469900.0
54,2021-10-08 07:27:58,4480.0,100.0,2468300.0
55,2021-10-08 07:27:58,4480.0,3000.0,2468200.0
56,2021-10-08 07:27:58,4480.0,700.0,2465200.0
57,2021-10-08 07:27:58,4480.0,400.0,2464500.0
58,2021-10-08 07:27:58,4490.0,200.0,2464100.0
59,2021-10-08 07:27:58,4490.0,900.0,2463900.0
60,2021-10-08 07:27:52,4490.0,4000.0,2463000.0
61,2021-10-08 07:27:52,4490.0,100.0,2459000.0
62,2021-10-08 07:26:00,4480.0,2600.0,2458900.0
63,2021-10-08 07:26:00,4480.0,700.0,2456300.0
64,2021-10-08 07:26:00,4480.0,600.0,2455600.0
65,2021-10-08 07:26:00,4480.0,1000.0,2455000.0
66,2021-10-08 07:26:00,4480.0,3800.0,2454000.0
67,2021-10-08 07:26:00,4490.0,2000.0,2450200.0
68,2021-10-08 07:26:00,4490.0,100.0,2448200.0
69,2021-10-08 07:26:00,4490.0,500.0,2448100.0
70,2021-10-08 07:26:00,4490.0,2300.0,2447600.0
71,2021-10-08 07:25:16,4490.0,800.0,2445300.0
72,2021-10-08 07:25:16,4490.0,600.0,2444500.0
73,2021-10-08 07:25:02,4490.0,200.0,2443900.0
74,2021-10-08 07:25:02,4490.0,100.0,2443700.0
75,2021-10-08 07:24:53,4500.0,100.0,2443600.0
76,2021-10-08 07:24:12,4500.0,100.0,2443500.0
77,2021-10-08 07:23:36,4500.0,300.0,2443400.0
78,2021-10-08 07:23:35,4500.0,1500.0,2443100.0
79,2021-10-08 07:22:46,4500.0,100.0,2441600.0
80,2021-10-08 07:22:46,4500.0,2100.0,2441500.0
81,2021-10-08 07:22:05,4500.0,1000.0,2439400.0
82,2021-10-08 07:21:19,4500.0,100.0,2438400.0
83,2021-10-08 07:20:46,4500.0,1100.0,2438300.0
84,2021-10-08 07:20:46,4500.0,700.0,2437200.0
85,2021-10-08 07:20:13,4500.0,9000.0,2436500.0
86,2021-10-08 07:19:14,4500.0,500.0,2427500.0
87,2021-10-08 07:19:13,4500.0,500.0,2427000.0
88,2021-10-08 07:18:59,4500.0,500.0,2426500.0
89,2021-10-08 07:18:59,4500.0,800.0,2426000.0
90,2021-10-08 07:18:59,4500.0,100.0,2425200.0
91,2021-10-08 07:18:59,4500.0,4300.0,2425100.0
92,2021-10-08 07:18:57,4500.0,6400.0,2420800.0
93,2021-10-08 07:18:57,4500.0,2400.0,2414400.0
94,2021-10-08 07:18:57,4500.0,200.0,2412000.0
95,2021-10-08 07:18:57,4500.0,500.0,2411800.0
96,2021-10-08 07:18:57,4500.0,500.0,2411300.0
97,2021-10-08 07:18:52,4500.0,1500.0,2410800.0
98,2021-10-08 07:18:52,4500.0,3600.0,2409300.0
99,2021-10-08 07:18:46,4500.0,2000.0,2405700.0
100,2021-10-08 07:18:06,4500.0,6000.0,2403700.0
101,2021-10-08 07:17:21,4500.0,1000.0,2397700.0
102,2021-10-08 07:16:41,4500.0,600.0,2396700.0
103,2021-10-08 07:16:41,4490.0,1000.0,2396100.0
104,2021-10-08 07:16:41,4490.0,3000.0,2395100.0
105,2021-10-08 07:16:41,4490.0,1000.0,2392100.0
106,2021-10-08 07:16:41,4490.0,4400.0,2391100.0
107,2021-10-08 07:16:38,4490.0,1000.0,2386700.0
108,2021-10-08 07:16:32,4480.0,200.0,2385700.0
109,2021-10-08 07:16:21,4490.0,1300.0,2385500.0
110,2021-10-08 07:15:59,4490.0,100.0,2384200.0
111,2021-10-08 07:15:21,4490.0,100.0,2384100.0
112,2021-10-08 07:14:27,4490.0,100.0,2384000.0
113,2021-10-08 07:14:20,4490.0,100.0,2383900.0
114,2021-10-08 07:14:20,4490.0,2500.0,2383800.0
115,2021-10-08 07:14:20,4490.0,300.0,2381300.0
116,2021-10-08 07:14:20,4490.0,5000.0,2381000.0
117,2021-10-08 07:14:20,4490.0,200.0,2376000.0
118,2021-10-08 07:14:20,4490.0,200.0,2375800.0
119,2021-10-08 07:14:20,4490.0,3200.0,2375600.0
120,2021-10-08 07:14:20,4490.0,1500.0,2372400.0
121,2021-10-08 07:14:03,4500.0,3200.0,2370900.0
122,2021-10-08 07:12:52,4490.0,1000.0,2367700.0
123,2021-10-08 07:12:38,4500.0,5200.0,2366700.0
124,2021-10-08 07:12:38,4500.0,2200.0,2361500.0
125,2021-10-08 07:11:59,4500.0,100.0,2359300.0
126,2021-10-08 07:11:01,4500.0,100.0,2359200.0
127,2021-10-08 07:10:33,4500.0,100.0,2359100.0
128,2021-10-08 07:09:57,4500.0,500.0,2359000.0
129,2021-10-08 07:09:57,4500.0,600.0,2358500.0
130,2021-10-08 07:09:42,4500.0,3000.0,2357900.0
131,2021-10-08 07:09:15,4500.0,300.0,2354900.0
132,2021-10-08 07:09:09,4500.0,1100.0,2354600.0
133,2021-10-08 07:09:09,4500.0,1200.0,2353500.0
134,2021-10-08 07:09:09,4500.0,700.0,2352300.0
135,2021-10-08 07:08:29,4500.0,300.0,2351600.0
136,2021-10-08 07:08:29,4500.0,1700.0,2351300.0
137,2021-10-08 07:07:39,4500.0,1500.0,2349600.0
138,2021-10-08 07:07:39,4500.0,100.0,2348100.0
139,2021-10-08 07:07:39,4500.0,1900.0,2348000.0
140,2021-10-08 07:07:39,4500.0,2000.0,2346100.0
141,2021-10-08 07:07:39,4500.0,100.0,2344100.0
142,2021-10-08 07:07:39,4500.0,2000.0,2344000.0
143,2021-10-08 07:07:39,4500.0,1300.0,2342000.0
144,2021-10-08 07:07:39,4500.0,2000.0,2340700.0
145,2021-10-08 07:07:39,4500.0,2400.0,2338700.0
146,2021-10-08 07:07:30,4500.0,200.0,2336300.0
147,2021-10-08 07:06:18,4500.0,100.0,2336100.0
148,2021-10-08 07:05:02,4500.0,2300.0,2336000.0
149,2021-10-08 07:05:02,4500.0,2400.0,2333700.0
150,2021-10-08 07:05:02,4500.0,500.0,2331300.0
151,2021-10-08 07:05:02,4500.0,900.0,2330800.0
152,2021-10-08 07:05:02,4500.0,400.0,2329900.0
153,2021-10-08 07:05:02,4500.0,13700.0,2329500.0
154,2021-10-08 07:05:02,4510.0,100.0,2315800.0
155,2021-10-08 07:05:02,4510.0,1000.0,2315700.0
156,2021-10-08 07:05:02,4510.0,13600.0,2314700.0
157,2021-10-08 07:04:59,4510.0,1500.0,2301100.0
158,2021-10-08 07:04:20,4510.0,400.0,2299600.0
159,2021-10-08 07:03:24,4510.0,6000.0,2299200.0
160,2021-10-08 07:03:16,4510.0,3000.0,2293200.0
161,2021-10-08 07:03:15,4510.0,15500.0,2290200.0
162,2021-10-08 07:02:59,4500.0,4000.0,2274700.0
163,2021-10-08 07:01:36,4500.0,900.0,2270700.0
164,2021-10-08 07:00:07,4520.0,23400.0,2269800.0
165,2021-10-08 07:00:07,4520.0,3000.0,2246400.0
166,2021-10-08 07:00:07,4520.0,500.0,2243400.0
167,2021-10-08 07:00:07,4520.0,3100.0,2242900.0
168,2021-10-08 06:59:57,4500.0,1000.0,2239800.0
169,2021-10-08 06:59:16,4500.0,10000.0,2238800.0
170,2021-10-08 06:59:16,4500.0,1800.0,2228800.0
171,2021-10-08 06:59:16,4500.0,3000.0,2227000.0
172,2021-10-08 06:59:16,4500.0,15000.0,2224000.0
173,2021-10-08 06:59:16,4500.0,600.0,2209000.0
174,2021-10-08 06:58:12,4490.0,1000.0,2208400.0
175,2021-10-08 06:57:47,4500.0,7900.0,2207400.0
176,2021-10-08 06:57:47,4500.0,2100.0,2199500.0
177,2021-10-08 06:57:22,4500.0,400.0,2197400.0
178,2021-10-08 06:57:05,4500.0,100.0,2197000.0
179,2021-10-08 06:56:46,4500.0,500.0,2196900.0
180,2021-10-08 06:56:07,4500.0,800.0,2196400.0
181,2021-10-08 06:55:59,4500.0,200.0,2195600.0
182,2021-10-08 06:55:29,4500.0,200.0,2195400.0
183,2021-10-08 06:55:14,4500.0,2000.0,2195200.0
184,2021-10-08 06:54:56,4500.0,5000.0,2193200.0
185,2021-10-08 06:54:56,4500.0,100.0,2188200.0
186,2021-10-08 06:54:56,4500.0,2000.0,2188100.0
187,2021-10-08 06:54:56,4500.0,2500.0,2186100.0
188,2021-10-08 06:54:56,4500.0,1000.0,2183600.0
189,2021-10-08 06:54:56,4500.0,1000.0,2182600.0
190,2021-10-08 06:54:56,4500.0,2100.0,2181600.0
191,2021-10-08 06:54:34,4500.0,100.0,2179500.0
192,2021-10-08 06:53:12,4500.0,1000.0,2179400.0
193,2021-10-08 06:52:16,4520.0,1100.0,2178400.0
194,2021-10-08 06:52:16,4520.0,400.0,2177300.0
195,2021-10-08 06:51:55,4520.0,200.0,2176900.0
196,2021-10-08 06:50:53,4520.0,500.0,2176700.0
197,2021-10-08 06:50:34,4500.0,200.0,2176200.0
198,2021-10-08 06:50:34,4500.0,1100.0,2176000.0
199,2021-10-08 06:50:34,4500.0,500.0,2174900.0
200,2021-10-08 06:49:23,4500.0,200.0,2174400.0
201,2021-10-08 06:49:23,4500.0,3000.0,2174200.0
202,2021-10-08 06:49:23,4500.0,300.0,2171200.0
203,2021-10-08 06:49:23,4500.0,100.0,2170900.0
204,2021-10-08 06:49:23,4500.0,100.0,2170800.0
205,2021-10-08 06:49:23,4500.0,4800.0,2170700.0
206,2021-10-08 06:49:23,4510.0,500.0,2165900.0
207,2021-10-08 06:49:23,4510.0,500.0,2165400.0
208,2021-10-08 06:49:04,4520.0,800.0,2164900.0
209,2021-10-08 06:49:04,4520.0,60200.0,2164100.0
210,2021-10-08 06:48:33,4510.0,3000.0,2103900.0
211,2021-10-08 06:47:57,4520.0,100.0,2100900.0
212,2021-10-08 06:47:57,4520.0,2700.0,2100800.0
213,2021-10-08 06:46:17,4520.0,300.0,2098100.0
214,2021-10-08 06:45:54,4520.0,500.0,2097800.0
215,2021-10-08 06:45:54,4520.0,500.0,2097300.0
216,2021-10-08 06:45:54,4520.0,6000.0,2096800.0
217,2021-10-08 06:45:49,4520.0,100.0,2090800.0
218,2021-10-08 06:45:30,4520.0,700.0,2090700.0
219,2021-10-08 06:45:25,4520.0,200.0,2090000.0
220,2021-10-08 06:44:27,4520.0,1700.0,2089800.0
221,2021-10-08 06:44:27,4520.0,600.0,2088100.0
222,2021-10-08 06:44:27,4520.0,6000.0,2087500.0
223,2021-10-08 06:44:27,4520.0,1000.0,2081500.0
224,2021-10-08 06:44:27,4520.0,10000.0,2080500.0
225,2021-10-08 06:44:27,4520.0,5000.0,2070500.0
226,2021-10-08 06:44:27,4520.0,200.0,2065500.0
227,2021-10-08 06:44:27,4520.0,5500.0,2065300.0
228,2021-10-08 06:43:30,4520.0,8200.0,2059800.0
229,2021-10-08 06:43:29,4520.0,2000.0,2051600.0
230,2021-10-08 06:42:30,4520.0,3300.0,2049600.0
231,2021-10-08 06:41:28,4520.0,4100.0,2046300.0
232,2021-10-08 06:39:54,4530.0,200.0,2042200.0
233,2021-10-08 06:39:07,4530.0,200.0,2042000.0
234,2021-10-08 06:39:07,4540.0,800.0,2041800.0
235,2021-10-08 06:38:21,4530.0,800.0,2041000.0
236,2021-10-08 06:38:21,4530.0,200.0,2040200.0
237,2021-10-08 06:38:17,4530.0,100.0,2040000.0
238,2021-10-08 06:36:58,4530.0,100.0,2039900.0
239,2021-10-08 06:36:58,4530.0,400.0,2039800.0
240,2021-10-08 06:35:13,4540.0,4100.0,2039400.0
241,2021-10-08 06:35:13,4540.0,200.0,2035300.0
242,2021-10-08 06:35:13,4540.0,100.0,2035100.0
243,2021-10-08 06:35:13,4540.0,200.0,2035000.0
244,2021-10-08 06:35:13,4540.0,1000.0,2034800.0
245,2021-10-08 06:35:13,4540.0,4400.0,2033800.0
246,2021-10-08 06:34:47,4540.0,500.0,2029400.0
247,2021-10-08 06:33:23,4530.0,100.0,2028900.0
248,2021-10-08 06:33:23,4530.0,100.0,2028800.0
249,2021-10-08 06:33:23,4530.0,100.0,2028700.0
250,2021-10-08 06:32:36,4530.0,2000.0,2028600.0
251,2021-10-08 06:32:36,4530.0,1000.0,2026600.0
252,2021-10-08 06:32:36,4530.0,1000.0,2025600.0
253,2021-10-08 06:32:36,4530.0,2900.0,2024600.0
254,2021-10-08 06:31:51,4530.0,500.0,2021700.0
255,2021-10-08 06:30:53,4520.0,100.0,2021200.0
256,2021-10-08 06:29:30,4520.0,4500.0,2021100.0
257,2021-10-08 06:29:30,4520.0,100.0,2016600.0
258,2021-10-08 06:28:53,4530.0,100.0,2016500.0
259,2021-10-08 06:28:53,4530.0,100.0,2016400.0
260,2021-10-08 06:27:58,4530.0,100.0,2016300.0
261,2021-10-08 06:27:42,4530.0,600.0,2016200.0
262,2021-10-08 06:27:04,4530.0,300.0,2015600.0
263,2021-10-08 06:27:04,4530.0,5000.0,2015300.0
264,2021-10-08 06:27:04,4530.0,4700.0,2010300.0
265,2021-10-08 06:26:46,4520.0,100.0,2005600.0
266,2021-10-08 06:25:09,4520.0,700.0,2005500.0
267,2021-10-08 06:22:15,4510.0,100.0,2004800.0
268,2021-10-08 06:22:15,4510.0,2000.0,2004700.0
269,2021-10-08 06:22:15,4510.0,2000.0,2002700.0
270,2021-10-08 06:22:15,4510.0,1500.0,2000700.0
271,2021-10-08 06:22:15,4510.0,100.0,1999200.0
272,2021-10-08 06:22:15,4510.0,200.0,1999100.0
273,2021-10-08 06:21:32,4520.0,10000.0,1998900.0
274,2021-10-08 06:21:32,4520.0,500.0,1988900.0
275,2021-10-08 06:21:32,4520.0,1000.0,1988400.0
276,2021-10-08 06:21:32,4520.0,400.0,1987400.0
277,2021-10-08 06:21:18,4530.0,300.0,1987000.0
278,2021-10-08 06:21:18,4530.0,100.0,1986700.0
279,2021-10-08 06:20:37,4530.0,100.0,1986600.0
280,2021-10-08 06:17:15,4530.0,400.0,1986500.0
281,2021-10-08 06:16:02,4530.0,100.0,1986100.0
282,2021-10-08 06:15:59,4530.0,1500.0,1986000.0
283,2021-10-08 06:15:01,4520.0,100.0,1984500.0
284,2021-10-08 06:15:01,4530.0,4000.0,1984400.0
285,2021-10-08 06:15:01,4530.0,700.0,1980400.0
286,2021-10-08 06:14:39,4530.0,2000.0,1979700.0
287,2021-10-08 06:14:12,4530.0,2000.0,1977700.0
288,2021-10-08 06:14:12,4530.0,1000.0,1975700.0
289,2021-10-08 06:13:23,4520.0,100.0,1974700.0
290,2021-10-08 06:12:43,4520.0,1000.0,1974600.0
291,2021-10-08 06:12:43,4520.0,100.0,1973600.0
292,2021-10-08 06:12:43,4520.0,100.0,1973500.0
293,2021-10-08 06:12:43,4520.0,600.0,1973400.0
294,2021-10-08 06:11:26,4530.0,2000.0,1972800.0
295,2021-10-08 06:09:17,4520.0,400.0,1970800.0
296,2021-10-08 06:09:08,4520.0,3000.0,1970400.0
297,2021-10-08 06:08:39,4520.0,1600.0,1967400.0
298,2021-10-08 06:08:39,4520.0,3400.0,1965800.0
299,2021-10-08 06:08:30,4520.0,1600.0,1962400.0
300,2021-10-08 06:08:30,4520.0,400.0,1960800.0
301,2021-10-08 06:08:13,4520.0,1000.0,1960400.0
302,2021-10-08 06:06:49,4520.0,500.0,1959400.0
303,2021-10-08 06:06:11,4520.0,300.0,1958900.0
304,2021-10-08 06:05:54,4520.0,3600.0,1958600.0
305,2021-10-08 06:05:20,4520.0,200.0,1955000.0
306,2021-10-08 06:05:15,4520.0,100.0,1954800.0
307,2021-10-08 06:05:03,4520.0,1000.0,1954700.0
308,2021-10-08 06:05:03,4500.0,2900.0,1953700.0
309,2021-10-08 06:05:03,4510.0,200.0,1950800.0
310,2021-10-08 06:05:03,4510.0,5000.0,1950600.0
311,2021-10-08 06:05:03,4510.0,100.0,1945600.0
312,2021-10-08 06:05:03,4510.0,1800.0,1945500.0
313,2021-10-08 06:04:58,4520.0,100.0,1943700.0
314,2021-10-08 06:04:58,4520.0,100.0,1943600.0
315,2021-10-08 06:04:55,4510.0,1000.0,1943500.0
316,2021-10-08 06:04:21,4520.0,1300.0,1942500.0
317,2021-10-08 06:00:28,4520.0,1400.0,1941200.0
318,2021-10-08 06:00:11,4520.0,1300.0,1939800.0
319,2021-10-08 06:00:07,4520.0,300.0,1938500.0
320,2021-10-08 06:00:07,4520.0,100.0,1938200.0
321,2021-10-08 06:00:06,4520.0,400.0,1938100.0
322,2021-10-08 06:00:06,4520.0,100.0,1937700.0
323,2021-10-08 06:00:03,4520.0,900.0,1937600.0
324,2021-10-08 06:00:00,4510.0,400.0,1936700.0
325,2021-10-08 04:29:23,4520.0,300.0,1936300.0
326,2021-10-08 04:28:50,4520.0,300.0,1936000.0
327,2021-10-08 04:28:25,4520.0,500.0,1935700.0
328,2021-10-08 04:28:24,4540.0,100.0,1935200.0
329,2021-10-08 04:28:24,4540.0,2000.0,1935100.0
330,2021-10-08 04:28:24,4540.0,800.0,1933100.0
331,2021-10-08 04:28:24,4540.0,5000.0,1932300.0
332,2021-10-08 04:28:24,4530.0,1000.0,1927300.0
333,2021-10-08 04:27:25,4530.0,4200.0,1926300.0
334,2021-10-08 04:26:14,4530.0,100.0,1922100.0
335,2021-10-08 04:23:55,4510.0,100.0,1922000.0
336,2021-10-08 04:23:54,4510.0,1700.0,1921900.0
337,2021-10-08 04:23:52,4500.0,2300.0,1920200.0
338,2021-10-08 04:23:52,4500.0,1000.0,1917900.0
339,2021-10-08 04:23:52,4500.0,5000.0,1916900.0
340,2021-10-08 04:23:52,4500.0,5000.0,1911900.0
341,2021-10-08 04:23:52,4500.0,900.0,1906900.0
342,2021-10-08 04:23:52,4500.0,4000.0,1906000.0
343,2021-10-08 04:23:52,4500.0,1500.0,1902000.0
344,2021-10-08 04:23:52,4500.0,200.0,1900500.0
345,2021-10-08 04:23:52,4500.0,1000.0,1900300.0
346,2021-10-08 04:23:52,4500.0,200.0,1899300.0
347,2021-10-08 04:23:52,4500.0,100.0,1899100.0
348,2021-10-08 04:23:52,4500.0,100.0,1899000.0
349,2021-10-08 04:23:52,4500.0,5000.0,1898900.0
350,2021-10-08 04:23:52,4500.0,600.0,1893900.0
351,2021-10-08 04:23:52,4500.0,100.0,1893300.0
352,2021-10-08 04:23:52,4500.0,700.0,1893200.0
353,2021-10-08 04:23:52,4500.0,200.0,1892500.0
354,2021-10-08 04:23:52,4500.0,2300.0,1892300.0
355,2021-10-08 04:23:03,4510.0,300.0,1890000.0
356,2021-10-08 04:23:03,4510.0,5000.0,1889700.0
357,2021-10-08 04:23:03,4510.0,2000.0,1884700.0
358,2021-10-08 04:23:03,4510.0,5000.0,1882700.0
359,2021-10-08 04:23:03,4510.0,1000.0,1877700.0
360,2021-10-08 04:22:56,4520.0,3000.0,1876700.0
361,2021-10-08 04:22:21,4520.0,2000.0,1873700.0
362,2021-10-08 04:22:21,4520.0,100.0,1871700.0
363,2021-10-08 04:22:21,4520.0,400.0,1871600.0
364,2021-10-08 04:22:21,4520.0,100.0,1871200.0
365,2021-10-08 04:22:21,4520.0,800.0,1871100.0
366,2021-10-08 04:20:49,4520.0,4200.0,1870300.0
367,2021-10-08 04:20:49,4520.0,500.0,1866100.0
368,2021-10-08 04:20:49,4520.0,100.0,1865600.0
369,2021-10-08 04:20:49,4520.0,4500.0,1865500.0
370,2021-10-08 04:20:49,4520.0,700.0,1861000.0
371,2021-10-08 04:20:25,4520.0,300.0,1860300.0
372,2021-10-08 04:20:25,4520.0,700.0,1860000.0
373,2021-10-08 04:20:09,4530.0,500.0,1859300.0
374,2021-10-08 04:19:47,4530.0,500.0,1858800.0
375,2021-10-08 04:19:42,4530.0,2500.0,1858300.0
376,2021-10-08 04:19:42,4530.0,1500.0,1855800.0
377,2021-10-08 04:18:53,4530.0,7300.0,1854300.0
378,2021-10-08 04:17:52,4530.0,5000.0,1847000.0
379,2021-10-08 04:17:21,4530.0,4000.0,1842000.0
380,2021-10-08 04:14:27,4540.0,500.0,1838000.0
381,2021-10-08 04:13:16,4540.0,10500.0,1837500.0
382,2021-10-08 04:12:52,4530.0,500.0,1827000.0
383,2021-10-08 04:12:15,4530.0,1700.0,1826500.0
384,2021-10-08 04:12:15,4530.0,200.0,1824800.0
385,2021-10-08 04:12:15,4530.0,200.0,1824600.0
386,2021-10-08 04:12:15,4530.0,200.0,1824400.0
387,2021-10-08 04:12:15,4530.0,100.0,1824200.0
388,2021-10-08 04:12:15,4530.0,300.0,1824100.0
389,2021-10-08 04:12:15,4530.0,1000.0,1823800.0
390,2021-10-08 04:12:15,4530.0,2000.0,1822800.0
391,2021-10-08 04:12:15,4530.0,500.0,1820800.0
392,2021-10-08 04:11:34,4530.0,1700.0,1820300.0
393,2021-10-08 04:11:07,4530.0,2100.0,1818600.0
394,2021-10-08 04:10:58,4530.0,1200.0,1816500.0
395,2021-10-08 04:10:58,4530.0,1500.0,1815300.0
396,2021-10-08 04:10:54,4530.0,200.0,1813800.0
397,2021-10-08 04:10:54,4530.0,1000.0,1813600.0
398,2021-10-08 04:10:54,4530.0,2300.0,1812600.0
399,2021-10-08 04:10:35,4530.0,1700.0,1810300.0
400,2021-10-08 04:10:28,4530.0,200.0,1808600.0
401,2021-10-08 04:09:48,4530.0,800.0,1808400.0
402,2021-10-08 04:09:48,4530.0,2200.0,1807600.0
403,2021-10-08 04:09:42,4540.0,700.0,1805400.0
404,2021-10-08 04:09:39,4530.0,100.0,1804700.0
405,2021-10-08 04:08:33,4530.0,100.0,1804600.0
406,2021-10-08 04:08:02,4530.0,500.0,1804500.0
407,2021-10-08 04:07:21,4540.0,300.0,1804000.0
408,2021-10-08 04:07:03,4540.0,100.0,1803700.0
409,2021-10-08 04:07:03,4540.0,5000.0,1803600.0
410,2021-10-08 04:07:03,4540.0,300.0,1798600.0
411,2021-10-08 04:07:03,4540.0,2500.0,1798300.0
412,2021-10-08 04:07:03,4540.0,900.0,1795800.0
413,2021-10-08 04:06:30,4540.0,2000.0,1794900.0
414,2021-10-08 04:04:29,4540.0,2100.0,1792900.0
415,2021-10-08 04:03:38,4540.0,300.0,1790800.0
416,2021-10-08 04:03:00,4540.0,600.0,1790500.0
417,2021-10-08 04:03:00,4540.0,900.0,1789900.0
418,2021-10-08 04:02:56,4540.0,300.0,1789000.0
419,2021-10-08 04:02:44,4540.0,300.0,1788700.0
420,2021-10-08 04:02:15,4540.0,500.0,1788400.0
421,2021-10-08 04:02:15,4540.0,1900.0,1787900.0
422,2021-10-08 04:01:07,4540.0,200.0,1786000.0
423,2021-10-08 04:00:43,4540.0,2000.0,1785800.0
424,2021-10-08 04:00:15,4540.0,9000.0,1783800.0
425,2021-10-08 04:00:15,4540.0,100.0,1774800.0
426,2021-10-08 04:00:15,4540.0,1800.0,1774700.0
427,2021-10-08 03:59:42,4550.0,200.0,1772900.0
428,2021-10-08 03:59:41,4540.0,1000.0,1772700.0
429,2021-10-08 03:58:58,4540.0,4000.0,1771700.0
430,2021-10-08 03:58:58,4540.0,3200.0,1767700.0
431,2021-10-08 03:58:53,4540.0,500.0,1764500.0
432,2021-10-08 03:58:42,4540.0,500.0,1764000.0
433,2021-10-08 03:58:24,4540.0,1800.0,1763500.0
434,2021-10-08 03:58:20,4540.0,1200.0,1761700.0
435,2021-10-08 03:58:20,4540.0,3800.0,1760500.0
436,2021-10-08 03:58:13,4540.0,400.0,1756700.0
437,2021-10-08 03:57:44,4540.0,300.0,1756300.0
438,2021-10-08 03:57:42,4550.0,100.0,1756000.0
439,2021-10-08 03:56:36,4540.0,4400.0,1755900.0
440,2021-10-08 03:56:31,4550.0,6500.0,1751500.0
441,2021-10-08 03:56:14,4540.0,1100.0,1745000.0
442,2021-10-08 03:56:14,4540.0,2000.0,1743900.0
443,2021-10-08 03:56:14,4540.0,8100.0,1741900.0
444,2021-10-08 03:56:07,4540.0,1900.0,1733800.0
445,2021-10-08 03:56:07,4540.0,100.0,1731900.0
446,2021-10-08 03:56:07,4540.0,400.0,1731800.0
447,2021-10-08 03:56:07,4540.0,1500.0,1731400.0
448,2021-10-08 03:56:07,4540.0,6700.0,1729900.0
449,2021-10-08 03:56:07,4550.0,400.0,1723200.0
450,2021-10-08 03:56:03,4550.0,100.0,1722800.0
451,2021-10-08 03:55:57,4550.0,900.0,1722700.0
452,2021-10-08 03:55:47,4550.0,1100.0,1721800.0
453,2021-10-08 03:55:42,4550.0,200.0,1720700.0
454,2021-10-08 03:55:34,4550.0,700.0,1720500.0
455,2021-10-08 03:55:19,4550.0,300.0,1719800.0
456,2021-10-08 03:55:19,4550.0,500.0,1719500.0
457,2021-10-08 03:55:19,4550.0,200.0,1719000.0
458,2021-10-08 03:53:44,4550.0,800.0,1718800.0
459,2021-10-08 03:53:44,4550.0,1200.0,1718000.0
460,2021-10-08 03:53:34,4550.0,1600.0,1716800.0
461,2021-10-08 03:53:34,4550.0,400.0,1715200.0
462,2021-10-08 03:51:56,4550.0,100.0,1714800.0
463,2021-10-08 03:51:56,4550.0,100.0,1714700.0
464,2021-10-08 03:51:56,4550.0,300.0,1714600.0
465,2021-10-08 03:50:02,4550.0,300.0,1714300.0
466,2021-10-08 03:50:02,4550.0,200.0,1714000.0
467,2021-10-08 03:50:02,4550.0,2200.0,1713800.0
468,2021-10-08 03:49:53,4550.0,100.0,1711600.0
469,2021-10-08 03:49:46,4550.0,500.0,1711500.0
470,2021-10-08 03:49:16,4550.0,100.0,1711000.0
471,2021-10-08 03:49:16,4550.0,100.0,1710900.0
472,2021-10-08 03:49:04,4550.0,900.0,1710800.0
473,2021-10-08 03:48:53,4550.0,100.0,1709900.0
474,2021-10-08 03:48:39,4550.0,300.0,1709800.0
475,2021-10-08 03:48:21,4550.0,500.0,1709500.0
476,2021-10-08 03:48:02,4540.0,3300.0,1709000.0
477,2021-10-08 03:48:02,4540.0,100.0,1705700.0
478,2021-10-08 03:48:02,4540.0,1500.0,1705600.0
479,2021-10-08 03:47:37,4540.0,1400.0,1704100.0
480,2021-10-08 03:47:37,4540.0,100.0,1702700.0
481,2021-10-08 03:47:37,4540.0,500.0,1702600.0
482,2021-10-08 03:47:37,4540.0,1500.0,1702100.0
483,2021-10-08 03:47:37,4540.0,500.0,1700600.0
484,2021-10-08 03:46:25,4540.0,400.0,1700100.0
485,2021-10-08 03:45:50,4540.0,100.0,1699700.0
486,2021-10-08 03:44:04,4540.0,2500.0,1699600.0
487,2021-10-08 03:43:47,4540.0,100.0,1697100.0
488,2021-10-08 03:40:36,4540.0,300.0,1697000.0
489,2021-10-08 03:39:49,4540.0,1100.0,1696700.0
490,2021-10-08 03:39:49,4540.0,900.0,1695600.0
491,2021-10-08 03:38:48,4540.0,2000.0,1694700.0
492,2021-10-08 03:38:20,4540.0,100.0,1692700.0
493,2021-10-08 03:37:38,4540.0,2000.0,1692600.0
494,2021-10-08 03:36:38,4530.0,2100.0,1690600.0
495,2021-10-08 03:35:22,4530.0,1000.0,1688500.0
496,2021-10-08 03:35:20,4520.0,300.0,1687500.0
497,2021-10-08 03:34:54,4530.0,7100.0,1687200.0
498,2021-10-08 03:34:40,4530.0,32900.0,1680100.0
499,2021-10-08 03:34:40,4530.0,300.0,1647200.0
500,2021-10-08 03:34:40,4550.0,200.0,1646900.0
501,2021-10-08 03:34:40,4550.0,200.0,1646700.0
502,2021-10-08 03:34:40,4550.0,500.0,1646500.0
503,2021-10-08 03:34:40,4550.0,5000.0,1646000.0
504,2021-10-08 03:34:40,4550.0,1000.0,1641000.0
505,2021-10-08 03:34:40,4550.0,500.0,1640000.0
506,2021-10-08 03:34:35,4560.0,3000.0,1639500.0
507,2021-10-08 03:34:28,4560.0,300.0,1636500.0
508,2021-10-08 03:34:07,4580.0,100.0,1636200.0
509,2021-10-08 03:34:07,4580.0,700.0,1636100.0
510,2021-10-08 03:34:06,4580.0,100.0,1635400.0
511,2021-10-08 03:34:05,4580.0,2000.0,1635300.0
512,2021-10-08 03:34:02,4580.0,5800.0,1633300.0
513,2021-10-08 03:34:02,4580.0,100.0,1627500.0
514,2021-10-08 03:34:02,4580.0,100.0,1627400.0
515,2021-10-08 03:34:02,4580.0,400.0,1627300.0
516,2021-10-08 03:34:02,4580.0,200.0,1626900.0
517,2021-10-08 03:33:57,4590.0,100.0,1626700.0
518,2021-10-08 03:33:46,4580.0,800.0,1626600.0
519,2021-10-08 03:33:46,4580.0,200.0,1625800.0
520,2021-10-08 03:33:39,4590.0,200.0,1625600.0
521,2021-10-08 03:33:35,4590.0,300.0,1625400.0
522,2021-10-08 03:33:35,4590.0,1100.0,1625100.0
523,2021-10-08 03:33:35,4590.0,3600.0,1624000.0
524,2021-10-08 03:33:33,4590.0,3900.0,1620400.0
525,2021-10-08 03:33:32,4590.0,1700.0,1616500.0
526,2021-10-08 03:33:31,4590.0,5000.0,1614800.0
527,2021-10-08 03:33:26,4590.0,10000.0,1609800.0
528,2021-10-08 03:33:26,4590.0,20800.0,1599800.0
529,2021-10-08 03:33:24,4590.0,5000.0,1579000.0
530,2021-10-08 03:33:20,4590.0,5000.0,1574000.0
531,2021-10-08 03:33:14,4590.0,27000.0,1569000.0
532,2021-10-08 03:33:13,4600.0,500.0,1542000.0
533,2021-10-08 03:33:07,4590.0,1400.0,1541500.0
534,2021-10-08 03:32:57,4590.0,3000.0,1540100.0
535,2021-10-08 03:32:45,4590.0,5000.0,1537100.0
536,2021-10-08 03:32:33,4590.0,500.0,1532100.0
537,2021-10-08 03:32:25,4590.0,1000.0,1531600.0
538,2021-10-08 03:32:22,4590.0,500.0,1530600.0
539,2021-10-08 03:31:38,4590.0,3800.0,1530100.0
540,2021-10-08 03:31:34,4590.0,1000.0,1526300.0
541,2021-10-08 03:30:58,4590.0,500.0,1525300.0
542,2021-10-08 03:30:49,4590.0,1000.0,1524800.0
543,2021-10-08 03:30:33,4590.0,300.0,1523800.0
544,2021-10-08 03:29:28,4600.0,1000.0,1523500.0
545,2021-10-08 03:29:28,4600.0,100.0,1522500.0
546,2021-10-08 03:29:28,4600.0,1000.0,1522400.0
547,2021-10-08 03:29:28,4600.0,20000.0,1521400.0
548,2021-10-08 03:29:28,4600.0,100.0,1501400.0
549,2021-10-08 03:29:28,4600.0,5000.0,1501300.0
550,2021-10-08 03:29:28,4600.0,100.0,1496300.0
551,2021-10-08 03:29:28,4600.0,500.0,1496200.0
552,2021-10-08 03:29:28,4600.0,1000.0,1495700.0
553,2021-10-08 03:29:28,4600.0,1000.0,1494700.0
554,2021-10-08 03:29:28,4600.0,2000.0,1493700.0
555,2021-10-08 03:29:28,4600.0,3000.0,1491700.0
556,2021-10-08 03:29:25,4600.0,7000.0,1488700.0
557,2021-10-08 03:29:25,4600.0,700.0,1481700.0
558,2021-10-08 03:29:25,4600.0,100.0,1481000.0
559,2021-10-08 03:29:25,4600.0,400.0,1480900.0
560,2021-10-08 03:29:25,4600.0,5000.0,1480500.0
561,2021-10-08 03:29:25,4600.0,5000.0,1475500.0
562,2021-10-08 03:29:25,4600.0,1300.0,1470500.0
563,2021-10-08 03:29:23,4600.0,100.0,1469200.0
564,2021-10-08 03:29:21,4600.0,600.0,1469100.0
565,2021-10-08 03:29:21,4600.0,2000.0,1468500.0
566,2021-10-08 03:29:21,4600.0,2500.0,1466500.0
567,2021-10-08 03:29:21,4600.0,600.0,1464000.0
568,2021-10-08 03:29:08,4600.0,12400.0,1463400.0
569,2021-10-08 03:29:08,4600.0,200.0,1451000.0
570,2021-10-08 03:29:08,4600.0,500.0,1450800.0
571,2021-10-08 03:29:08,4600.0,1000.0,1450300.0
572,2021-10-08 03:29:08,4600.0,1000.0,1449300.0
573,2021-10-08 03:29:08,4600.0,100.0,1448300.0
574,2021-10-08 03:29:08,4600.0,300.0,1448200.0
575,2021-10-08 03:29:08,4600.0,72500.0,1447900.0
576,2021-10-08 03:29:02,4600.0,10000.0,1375400.0
577,2021-10-08 03:28:57,4600.0,1000.0,1365400.0
578,2021-10-08 03:28:48,4600.0,6500.0,1364400.0
579,2021-10-08 03:28:48,4600.0,2800.0,1357900.0
580,2021-10-08 03:28:48,4600.0,5000.0,1355100.0
581,2021-10-08 03:28:48,4600.0,800.0,1350100.0
582,2021-10-08 03:28:48,4600.0,200.0,1349300.0
583,2021-10-08 03:28:48,4600.0,100.0,1349100.0
584,2021-10-08 03:28:48,4600.0,3000.0,1349000.0
585,2021-10-08 03:28:48,4600.0,15200.0,1346000.0
586,2021-10-08 03:28:48,4610.0,1000.0,1330800.0
587,2021-10-08 03:28:07,4600.0,30000.0,1329800.0
588,2021-10-08 03:27:30,4600.0,1500.0,1299800.0
589,2021-10-08 03:27:17,4600.0,5000.0,1298300.0
590,2021-10-08 03:27:06,4600.0,100.0,1293300.0
591,2021-10-08 03:26:47,4610.0,2700.0,1293200.0
592,2021-10-08 03:26:47,4610.0,5000.0,1290500.0
593,2021-10-08 03:26:47,4610.0,1300.0,1285500.0
594,2021-10-08 03:26:16,4610.0,100.0,1284200.0
595,2021-10-08 03:25:51,4610.0,100.0,1284100.0
596,2021-10-08 03:25:41,4610.0,100.0,1284000.0
597,2021-10-08 03:25:24,4610.0,400.0,1283900.0
598,2021-10-08 03:25:24,4610.0,1600.0,1283500.0
599,2021-10-08 03:25:09,4610.0,4000.0,1281900.0
600,2021-10-08 03:23:51,4600.0,4000.0,1277900.0
601,2021-10-08 03:23:17,4600.0,200.0,1273900.0
602,2021-10-08 03:22:12,4600.0,500.0,1273700.0
603,2021-10-08 03:21:46,4600.0,100.0,1273200.0
604,2021-10-08 03:20:46,4600.0,2000.0,1273100.0
605,2021-10-08 03:20:05,4600.0,500.0,1271100.0
606,2021-10-08 03:20:00,4610.0,4400.0,1270600.0
607,2021-10-08 03:19:41,4610.0,1000.0,1266200.0
608,2021-10-08 03:19:13,4620.0,100.0,1265200.0
609,2021-10-08 03:18:19,4620.0,100.0,1265100.0
610,2021-10-08 03:18:07,4610.0,100.0,1265000.0
611,2021-10-08 03:18:06,4610.0,10000.0,1264900.0
612,2021-10-08 03:18:06,4610.0,500.0,1254900.0
613,2021-10-08 03:18:06,4610.0,500.0,1254400.0
614,2021-10-08 03:18:06,4610.0,200.0,1253900.0
615,2021-10-08 03:18:06,4610.0,1000.0,1253700.0
616,2021-10-08 03:18:06,4610.0,20000.0,1252700.0
617,2021-10-08 03:18:06,4610.0,2300.0,1232700.0
618,2021-10-08 03:18:01,4610.0,200.0,1230400.0
619,2021-10-08 03:18:01,4610.0,200.0,1230200.0
620,2021-10-08 03:18:01,4610.0,1800.0,1230000.0
621,2021-10-08 03:17:47,4610.0,2000.0,1228200.0
622,2021-10-08 03:17:44,4610.0,300.0,1226200.0
623,2021-10-08 03:17:06,4610.0,2900.0,1225900.0
624,2021-10-08 03:16:49,4610.0,1000.0,1223000.0
625,2021-10-08 03:16:08,4610.0,2000.0,1222000.0
626,2021-10-08 03:16:08,4610.0,2000.0,1220000.0
627,2021-10-08 03:16:08,4610.0,2000.0,1218000.0
628,2021-10-08 03:16:08,4610.0,900.0,1216000.0
629,2021-10-08 03:16:08,4610.0,1000.0,1215100.0
630,2021-10-08 03:16:02,4610.0,3000.0,1214100.0
631,2021-10-08 03:15:57,4610.0,100.0,1211100.0
632,2021-10-08 03:15:48,4610.0,3000.0,1211000.0
633,2021-10-08 03:15:41,4610.0,1000.0,1208000.0
634,2021-10-08 03:15:37,4600.0,400.0,1207000.0
635,2021-10-08 03:15:26,4600.0,2000.0,1206600.0
636,2021-10-08 03:15:25,4610.0,900.0,1204600.0
637,2021-10-08 03:15:11,4610.0,300.0,1203700.0
638,2021-10-08 03:15:11,4610.0,1000.0,1203400.0
639,2021-10-08 03:15:11,4610.0,500.0,1202400.0
640,2021-10-08 03:15:11,4610.0,100.0,1201900.0
641,2021-10-08 03:15:11,4610.0,100.0,1201800.0
642,2021-10-08 03:15:05,4610.0,1000.0,1201700.0
643,2021-10-08 03:14:56,4600.0,1000.0,1200700.0
644,2021-10-08 03:14:37,4600.0,5000.0,1199700.0
645,2021-10-08 03:14:35,4610.0,3900.0,1194700.0
646,2021-10-08 03:14:35,4610.0,5000.0,1190800.0
647,2021-10-08 03:14:35,4610.0,5000.0,1185800.0
648,2021-10-08 03:14:35,4610.0,1000.0,1180800.0
649,2021-10-08 03:14:35,4610.0,5100.0,1179800.0
650,2021-10-08 03:14:09,4610.0,4900.0,1174700.0
651,2021-10-08 03:13:24,4600.0,3000.0,1169800.0
652,2021-10-08 03:13:10,4610.0,1000.0,1166800.0
653,2021-10-08 03:13:10,4610.0,300.0,1165800.0
654,2021-10-08 03:13:10,4610.0,100.0,1165500.0
655,2021-10-08 03:13:10,4610.0,500.0,1165400.0
656,2021-10-08 03:13:10,4610.0,1000.0,1164900.0
657,2021-10-08 03:13:10,4610.0,1100.0,1163900.0
658,2021-10-08 03:11:53,4610.0,1000.0,1162800.0
659,2021-10-08 03:11:43,4610.0,3000.0,1161800.0
660,2021-10-08 03:11:35,4600.0,300.0,1158800.0
661,2021-10-08 03:11:17,4600.0,300.0,1158500.0
662,2021-10-08 03:11:02,4610.0,500.0,1158200.0
663,2021-10-08 03:10:42,4610.0,700.0,1157700.0
664,2021-10-08 03:10:38,4610.0,1000.0,1157000.0
665,2021-10-08 03:10:32,4600.0,1000.0,1156000.0
666,2021-10-08 03:10:30,4610.0,3000.0,1155000.0
667,2021-10-08 03:10:25,4610.0,4900.0,1152000.0
668,2021-10-08 03:10:20,4610.0,100.0,1147100.0
669,2021-10-08 03:10:08,4610.0,4700.0,1147000.0
670,2021-10-08 03:10:08,4610.0,300.0,1142300.0
671,2021-10-08 03:09:50,4610.0,1700.0,1142000.0
672,2021-10-08 03:09:50,4610.0,1800.0,1140300.0
673,2021-10-08 03:09:50,4610.0,100.0,1138500.0
674,2021-10-08 03:09:50,4610.0,500.0,1138400.0
675,2021-10-08 03:09:50,4610.0,600.0,1137900.0
676,2021-10-08 03:09:49,4610.0,100.0,1137300.0
677,2021-10-08 03:09:38,4610.0,1200.0,1137200.0
678,2021-10-08 03:09:38,4610.0,500.0,1136000.0
679,2021-10-08 03:09:38,4610.0,4500.0,1135500.0
680,2021-10-08 03:09:05,4610.0,5000.0,1131000.0
681,2021-10-08 03:08:26,4610.0,500.0,1126000.0
682,2021-10-08 03:08:26,4610.0,100.0,1125500.0
683,2021-10-08 03:08:23,4610.0,3000.0,1125400.0
684,2021-10-08 03:07:57,4610.0,3900.0,1122400.0
685,2021-10-08 03:07:57,4610.0,1100.0,1118500.0
686,2021-10-08 03:07:32,4610.0,2000.0,1117400.0
687,2021-10-08 03:07:03,4610.0,600.0,1115400.0
688,2021-10-08 03:06:35,4610.0,200.0,1114800.0
689,2021-10-08 03:06:11,4610.0,6500.0,1114600.0
690,2021-10-08 03:06:11,4610.0,4300.0,1108100.0
691,2021-10-08 03:05:54,4610.0,2100.0,1103800.0
692,2021-10-08 03:05:01,4610.0,1000.0,1101700.0
693,2021-10-08 03:04:47,4610.0,2200.0,1100700.0
694,2021-10-08 03:04:47,4610.0,100.0,1098500.0
695,2021-10-08 03:04:47,4610.0,500.0,1098400.0
696,2021-10-08 03:04:47,4610.0,1000.0,1097900.0
697,2021-10-08 03:04:47,4610.0,600.0,1096900.0
698,2021-10-08 03:04:14,4610.0,1000.0,1096300.0
699,2021-10-08 03:04:08,4610.0,200.0,1095300.0
700,2021-10-08 03:03:58,4610.0,500.0,1095100.0
701,2021-10-08 03:03:47,4610.0,7700.0,1094600.0
702,2021-10-08 03:02:59,4610.0,1000.0,1086900.0
703,2021-10-08 03:02:59,4610.0,700.0,1085900.0
704,2021-10-08 03:02:59,4610.0,500.0,1085200.0
705,2021-10-08 03:02:59,4610.0,5000.0,1084700.0
706,2021-10-08 03:02:59,4610.0,100.0,1079700.0
707,2021-10-08 03:02:59,4610.0,2400.0,1079600.0
708,2021-10-08 03:02:59,4610.0,500.0,1077200.0
709,2021-10-08 03:02:59,4610.0,2000.0,1076700.0
710,2021-10-08 03:02:59,4610.0,100.0,1074700.0
711,2021-10-08 03:02:53,4600.0,500.0,1074600.0
712,2021-10-08 03:02:32,4600.0,4000.0,1074100.0
713,2021-10-08 03:02:29,4610.0,400.0,1070100.0
714,2021-10-08 03:02:09,4610.0,1300.0,1069700.0
715,2021-10-08 03:01:40,4610.0,100.0,1068400.0
716,2021-10-08 03:01:27,4610.0,1000.0,1068300.0
717,2021-10-08 03:01:27,4600.0,4000.0,1067300.0
718,2021-10-08 03:01:11,4610.0,1000.0,1063300.0
719,2021-10-08 03:00:50,4610.0,200.0,1062300.0
720,2021-10-08 03:00:44,4610.0,1700.0,1062100.0
721,2021-10-08 03:00:32,4610.0,200.0,1060400.0
722,2021-10-08 03:00:29,4610.0,5000.0,1060200.0
723,2021-10-08 03:00:22,4610.0,10000.0,1055200.0
724,2021-10-08 03:00:11,4610.0,1000.0,1045200.0
725,2021-10-08 02:59:51,4610.0,400.0,1044200.0
726,2021-10-08 02:59:41,4610.0,700.0,1043800.0
727,2021-10-08 02:59:41,4610.0,1000.0,1043100.0
728,2021-10-08 02:59:41,4610.0,1000.0,1042100.0
729,2021-10-08 02:59:41,4610.0,5500.0,1041100.0
730,2021-10-08 02:59:41,4610.0,9000.0,1035600.0
731,2021-10-08 02:59:41,4610.0,100.0,1026600.0
732,2021-10-08 02:59:41,4610.0,6100.0,1026500.0
733,2021-10-08 02:59:36,4600.0,1000.0,1020400.0
734,2021-10-08 02:59:19,4610.0,1000.0,1019400.0
735,2021-10-08 02:59:17,4610.0,700.0,1018400.0
736,2021-10-08 02:59:11,4600.0,8800.0,1017700.0
737,2021-10-08 02:59:01,4600.0,9600.0,1008900.0
738,2021-10-08 02:59:01,4600.0,100.0,999300.0
739,2021-10-08 02:59:01,4600.0,200.0,999200.0
740,2021-10-08 02:59:01,4600.0,600.0,999000.0
741,2021-10-08 02:58:21,4610.0,100.0,998400.0
742,2021-10-08 02:58:16,4610.0,2000.0,998300.0
743,2021-10-08 02:57:46,4610.0,100.0,996300.0
744,2021-10-08 02:57:30,4610.0,6000.0,996200.0
745,2021-10-08 02:57:25,4610.0,3000.0,990200.0
746,2021-10-08 02:57:09,4610.0,7900.0,987200.0
747,2021-10-08 02:56:58,4610.0,500.0,979300.0
748,2021-10-08 02:56:58,4610.0,100.0,978800.0
749,2021-10-08 02:56:58,4610.0,1500.0,978700.0
750,2021-10-08 02:56:21,4610.0,300.0,977200.0
751,2021-10-08 02:56:21,4610.0,8200.0,976900.0
752,2021-10-08 02:56:06,4620.0,1200.0,968700.0
753,2021-10-08 02:56:06,4620.0,200.0,967500.0
754,2021-10-08 02:56:06,4620.0,400.0,967300.0
755,2021-10-08 02:56:04,4620.0,100.0,966900.0
756,2021-10-08 02:55:36,4610.0,2000.0,966800.0
757,2021-10-08 02:55:25,4620.0,700.0,964800.0
758,2021-10-08 02:55:19,4610.0,200.0,964100.0
759,2021-10-08 02:54:56,4610.0,1600.0,963900.0
760,2021-10-08 02:54:51,4610.0,500.0,962300.0
761,2021-10-08 02:54:46,4610.0,7900.0,961800.0
762,2021-10-08 02:54:44,4610.0,100.0,953900.0
763,2021-10-08 02:54:43,4610.0,200.0,953800.0
764,2021-10-08 02:54:43,4610.0,1800.0,953600.0
765,2021-10-08 02:54:03,4610.0,200.0,951800.0
766,2021-10-08 02:54:02,4610.0,300.0,951600.0
767,2021-10-08 02:54:02,4610.0,500.0,951300.0
768,2021-10-08 02:54:02,4610.0,1000.0,950800.0
769,2021-10-08 02:54:02,4610.0,500.0,949800.0
770,2021-10-08 02:54:02,4610.0,200.0,949300.0
771,2021-10-08 02:53:30,4610.0,2000.0,949100.0
772,2021-10-08 02:53:30,4600.0,900.0,947100.0
773,2021-10-08 02:53:18,4610.0,6000.0,946200.0
774,2021-10-08 02:53:17,4610.0,1800.0,940200.0
775,2021-10-08 02:53:08,4610.0,4800.0,938400.0
776,2021-10-08 02:53:05,4610.0,3400.0,933600.0
777,2021-10-08 02:53:05,4610.0,1600.0,930200.0
778,2021-10-08 02:53:01,4620.0,300.0,928600.0
779,2021-10-08 02:53:01,4620.0,900.0,928300.0
780,2021-10-08 02:53:01,4620.0,300.0,927400.0
781,2021-10-08 02:53:01,4620.0,200.0,927100.0
782,2021-10-08 02:53:01,4620.0,800.0,926900.0
783,2021-10-08 02:52:46,4610.0,300.0,926100.0
784,2021-10-08 02:52:22,4610.0,100.0,925800.0
785,2021-10-08 02:52:12,4610.0,200.0,925700.0
786,2021-10-08 02:52:08,4610.0,100.0,925500.0
787,2021-10-08 02:52:06,4610.0,1000.0,925400.0
788,2021-10-08 02:52:02,4620.0,9200.0,924400.0
789,2021-10-08 02:52:02,4620.0,4400.0,915200.0
790,2021-10-08 02:51:43,4610.0,900.0,910800.0
791,2021-10-08 02:51:43,4610.0,1600.0,909900.0
792,2021-10-08 02:51:43,4610.0,1000.0,908300.0
793,2021-10-08 02:51:31,4610.0,3000.0,907300.0
794,2021-10-08 02:51:17,4620.0,500.0,904300.0
795,2021-10-08 02:51:15,4610.0,500.0,903800.0
796,2021-10-08 02:51:15,4610.0,500.0,903300.0
797,2021-10-08 02:51:04,4610.0,2000.0,902800.0
798,2021-10-08 02:50:54,4620.0,500.0,900800.0
799,2021-10-08 02:50:54,4620.0,500.0,900300.0
800,2021-10-08 02:50:44,4620.0,100.0,899800.0
801,2021-10-08 02:50:28,4620.0,100.0,899700.0
802,2021-10-08 02:50:27,4620.0,100.0,899600.0
803,2021-10-08 02:50:26,4610.0,500.0,899500.0
804,2021-10-08 02:50:26,4610.0,1000.0,899000.0
805,2021-10-08 02:50:26,4610.0,1500.0,898000.0
806,2021-10-08 02:50:24,4610.0,1500.0,896500.0
807,2021-10-08 02:50:24,4610.0,1400.0,895000.0
808,2021-10-08 02:50:24,4610.0,100.0,893600.0
809,2021-10-08 02:50:24,4610.0,2000.0,893500.0
810,2021-10-08 02:50:09,4610.0,1000.0,891500.0
811,2021-10-08 02:50:05,4610.0,2000.0,890500.0
812,2021-10-08 02:49:46,4610.0,1000.0,888500.0
813,2021-10-08 02:49:34,4620.0,200.0,887500.0
814,2021-10-08 02:49:33,4610.0,1000.0,887300.0
815,2021-10-08 02:49:22,4610.0,3000.0,886300.0
816,2021-10-08 02:49:22,4610.0,1500.0,883300.0
817,2021-10-08 02:49:22,4610.0,500.0,881800.0
818,2021-10-08 02:49:19,4640.0,1700.0,881300.0
819,2021-10-08 02:49:19,4630.0,300.0,879600.0
820,2021-10-08 02:48:57,4640.0,1000.0,879300.0
821,2021-10-08 02:48:57,4640.0,1000.0,878300.0
822,2021-10-08 02:48:57,4640.0,300.0,877300.0
823,2021-10-08 02:48:57,4640.0,3800.0,877000.0
824,2021-10-08 02:48:57,4630.0,2000.0,873200.0
825,2021-10-08 02:48:57,4630.0,500.0,871200.0
826,2021-10-08 02:48:57,4630.0,1000.0,870700.0
827,2021-10-08 02:48:57,4630.0,3400.0,869700.0
828,2021-10-08 02:48:57,4620.0,500.0,866300.0
829,2021-10-08 02:48:57,4620.0,1000.0,865800.0
830,2021-10-08 02:48:57,4620.0,5500.0,864800.0
831,2021-10-08 02:48:55,4620.0,200.0,859300.0
832,2021-10-08 02:48:44,4610.0,1500.0,859100.0
833,2021-10-08 02:48:24,4620.0,200.0,857600.0
834,2021-10-08 02:48:23,4620.0,1000.0,857400.0
835,2021-10-08 02:48:05,4630.0,100.0,856400.0
836,2021-10-08 02:47:57,4630.0,1500.0,856300.0
837,2021-10-08 02:47:57,4620.0,500.0,854800.0
838,2021-10-08 02:47:52,4620.0,500.0,854300.0
839,2021-10-08 02:47:30,4600.0,4000.0,853800.0
840,2021-10-08 02:47:30,4610.0,300.0,849800.0
841,2021-10-08 02:47:30,4610.0,100.0,849500.0
842,2021-10-08 02:47:30,4610.0,3000.0,849400.0
843,2021-10-08 02:47:30,4620.0,2000.0,846400.0
844,2021-10-08 02:47:30,4620.0,100.0,844400.0
845,2021-10-08 02:47:30,4620.0,500.0,844300.0
846,2021-10-08 02:47:29,4640.0,1100.0,843800.0
847,2021-10-08 02:47:29,4630.0,1400.0,842700.0
848,2021-10-08 02:47:20,4640.0,100.0,841300.0
849,2021-10-08 02:47:20,4640.0,900.0,841200.0
850,2021-10-08 02:47:15,4640.0,100.0,840300.0
851,2021-10-08 02:47:15,4640.0,100.0,840200.0
852,2021-10-08 02:47:15,4640.0,800.0,840100.0
853,2021-10-08 02:47:07,4640.0,2000.0,839300.0
854,2021-10-08 02:46:51,4640.0,600.0,837300.0
855,2021-10-08 02:46:51,4620.0,400.0,836700.0
856,2021-10-08 02:46:42,4620.0,200.0,836300.0
857,2021-10-08 02:46:39,4640.0,1600.0,836100.0
858,2021-10-08 02:46:39,4640.0,5000.0,834500.0
859,2021-10-08 02:46:39,4640.0,2000.0,829500.0
860,2021-10-08 02:46:39,4640.0,1400.0,827500.0
861,2021-10-08 02:46:17,4640.0,100.0,826100.0
862,2021-10-08 02:46:09,4640.0,2000.0,826000.0
863,2021-10-08 02:46:08,4640.0,200.0,824000.0
864,2021-10-08 02:46:02,4600.0,100.0,823800.0
865,2021-10-08 02:45:58,4640.0,500.0,823700.0
866,2021-10-08 02:45:54,4600.0,200.0,823200.0
867,2021-10-08 02:45:54,4610.0,500.0,823000.0
868,2021-10-08 02:45:54,4620.0,900.0,822500.0
869,2021-10-08 02:45:54,4630.0,100.0,821600.0
870,2021-10-08 02:45:54,4630.0,100.0,821500.0
871,2021-10-08 02:45:48,4640.0,1000.0,821400.0
872,2021-10-08 02:45:48,4650.0,200.0,820400.0
873,2021-10-08 02:45:48,4650.0,1000.0,820200.0
874,2021-10-08 02:45:47,4650.0,500.0,819200.0
875,2021-10-08 02:45:43,4650.0,300.0,818700.0
876,2021-10-08 02:45:39,4640.0,1000.0,818400.0
877,2021-10-08 02:45:39,4650.0,1000.0,817400.0
878,2021-10-08 02:45:35,4650.0,300.0,816400.0
879,2021-10-08 02:45:35,4650.0,200.0,816100.0
880,2021-10-08 02:45:35,4650.0,100.0,815900.0
881,2021-10-08 02:45:35,4650.0,1000.0,815800.0
882,2021-10-08 02:45:35,4650.0,1500.0,814800.0
883,2021-10-08 02:45:35,4650.0,500.0,813300.0
884,2021-10-08 02:45:35,4650.0,4000.0,812800.0
885,2021-10-08 02:45:35,4650.0,8000.0,808800.0
886,2021-10-08 02:45:35,4650.0,500.0,800800.0
887,2021-10-08 02:45:35,4650.0,1000.0,800300.0
888,2021-10-08 02:45:35,4650.0,5000.0,799300.0
889,2021-10-08 02:45:35,4650.0,44900.0,794300.0
890,2021-10-08 02:45:35,4640.0,2000.0,749400.0
891,2021-10-08 02:45:27,4650.0,10900.0,747400.0
892,2021-10-08 02:45:27,4640.0,200.0,736500.0
893,2021-10-08 02:45:27,4640.0,1000.0,736300.0
894,2021-10-08 02:45:27,4640.0,1700.0,735300.0
895,2021-10-08 02:45:24,4620.0,200.0,733600.0
896,2021-10-08 02:45:21,4650.0,200.0,733400.0
897,2021-10-08 02:45:21,4650.0,200.0,733200.0
898,2021-10-08 02:45:08,4620.0,2000.0,733000.0
899,2021-10-08 02:45:06,4640.0,1000.0,731000.0
900,2021-10-08 02:45:02,4620.0,1000.0,730000.0
901,2021-10-08 02:45:00,4650.0,300.0,729000.0
902,2021-10-08 02:45:00,4650.0,2600.0,728700.0
903,2021-10-08 02:45:00,4640.0,1000.0,726100.0
904,2021-10-08 02:45:00,4640.0,100.0,725100.0
905,2021-10-08 02:44:58,4640.0,500.0,725000.0
906,2021-10-08 02:44:56,4640.0,2400.0,724500.0
907,2021-10-08 02:44:51,4650.0,400.0,722100.0
908,2021-10-08 02:44:51,4650.0,1600.0,721700.0
909,2021-10-08 02:44:44,4650.0,100.0,720100.0
910,2021-10-08 02:44:44,4620.0,500.0,720000.0
911,2021-10-08 02:44:37,4650.0,100.0,719500.0
912,2021-10-08 02:44:34,4620.0,15400.0,719400.0
913,2021-10-08 02:44:34,4620.0,500.0,704000.0
914,2021-10-08 02:44:34,4620.0,2000.0,703500.0
915,2021-10-08 02:44:34,4620.0,4100.0,701500.0
916,2021-10-08 02:44:34,4630.0,27600.0,697400.0
917,2021-10-08 02:44:34,4640.0,600.0,669800.0
918,2021-10-08 02:44:34,4640.0,13000.0,669200.0
919,2021-10-08 02:44:25,4650.0,200.0,656200.0
920,2021-10-08 02:44:19,4660.0,100.0,656000.0
921,2021-10-08 02:44:18,4660.0,15700.0,655900.0
922,2021-10-08 02:44:18,4660.0,500.0,640200.0
923,2021-10-08 02:44:18,4650.0,500.0,639700.0
924,2021-10-08 02:44:18,4650.0,3300.0,639200.0
925,2021-10-08 02:44:10,4650.0,100.0,635900.0
926,2021-10-08 02:44:07,4650.0,200.0,635800.0
927,2021-10-08 02:44:07,4650.0,1000.0,635600.0
928,2021-10-08 02:44:06,4650.0,15400.0,634600.0
929,2021-10-08 02:44:06,4650.0,100.0,619200.0
930,2021-10-08 02:44:05,4660.0,500.0,619100.0
931,2021-10-08 02:44:03,4650.0,500.0,618600.0
932,2021-10-08 02:44:02,4650.0,300.0,618100.0
933,2021-10-08 02:43:58,4650.0,5000.0,617800.0
934,2021-10-08 02:43:55,4650.0,1000.0,612800.0
935,2021-10-08 02:43:55,4650.0,100.0,611800.0
936,2021-10-08 02:43:55,4650.0,500.0,611700.0
937,2021-10-08 02:43:55,4650.0,4300.0,611200.0
938,2021-10-08 02:43:55,4650.0,2500.0,606900.0
939,2021-10-08 02:43:55,4650.0,100.0,604400.0
940,2021-10-08 02:43:55,4650.0,3000.0,604300.0
941,2021-10-08 02:43:55,4650.0,500.0,601300.0
942,2021-10-08 02:43:55,4650.0,100.0,600800.0
943,2021-10-08 02:43:55,4650.0,500.0,600700.0
944,2021-10-08 02:43:55,4650.0,600.0,600200.0
945,2021-10-08 02:43:55,4650.0,200.0,599600.0
946,2021-10-08 02:43:55,4650.0,500.0,599400.0
947,2021-10-08 02:43:55,4650.0,14800.0,598900.0
948,2021-10-08 02:43:55,4640.0,10000.0,584100.0
949,2021-10-08 02:43:48,4650.0,2700.0,574100.0
950,2021-10-08 02:43:48,4650.0,100.0,571400.0
951,2021-10-08 02:43:48,4650.0,200.0,571300.0
952,2021-10-08 02:43:48,4650.0,5000.0,571100.0
953,2021-10-08 02:43:43,4640.0,200.0,566100.0
954,2021-10-08 02:43:37,4640.0,2000.0,565900.0
955,2021-10-08 02:43:37,4640.0,1000.0,563900.0
956,2021-10-08 02:43:37,4640.0,700.0,562900.0
957,2021-10-08 02:43:37,4640.0,6300.0,562200.0
958,2021-10-08 02:43:35,4630.0,400.0,555900.0
959,2021-10-08 02:43:33,4630.0,1000.0,555500.0
960,2021-10-08 02:43:26,4630.0,1000.0,554500.0
961,2021-10-08 02:43:21,4640.0,500.0,553500.0
962,2021-10-08 02:43:21,4640.0,200.0,553000.0
963,2021-10-08 02:43:20,4640.0,100.0,552800.0
964,2021-10-08 02:43:14,4640.0,7200.0,552700.0
965,2021-10-08 02:43:14,4640.0,1300.0,545500.0
966,2021-10-08 02:43:14,4640.0,11100.0,544200.0
967,2021-10-08 02:43:14,4630.0,400.0,533100.0
968,2021-10-08 02:43:13,4630.0,600.0,532700.0
969,2021-10-08 02:43:03,4640.0,3900.0,532100.0
970,2021-10-08 02:43:03,4630.0,1100.0,528200.0
971,2021-10-08 02:43:01,4630.0,8900.0,527100.0
972,2021-10-08 02:43:01,4630.0,100.0,518200.0
973,2021-10-08 02:43:01,4630.0,400.0,518100.0
974,2021-10-08 02:43:01,4630.0,600.0,517700.0
975,2021-10-08 02:43:00,4630.0,4400.0,517100.0
976,2021-10-08 02:43:00,4630.0,200.0,512700.0
977,2021-10-08 02:43:00,4630.0,400.0,512500.0
978,2021-10-08 02:42:57,4630.0,100.0,512100.0
979,2021-10-08 02:42:52,4620.0,20000.0,512000.0
980,2021-10-08 02:42:47,4620.0,1000.0,492000.0
981,2021-10-08 02:42:42,4620.0,500.0,491000.0
982,2021-10-08 02:42:28,4620.0,100.0,490500.0
983,2021-10-08 02:42:24,4620.0,2000.0,490400.0
984,2021-10-08 02:42:21,4630.0,10000.0,488400.0
985,2021-10-08 02:42:20,4620.0,2000.0,478400.0
986,2021-10-08 02:42:13,4620.0,100.0,476400.0
987,2021-10-08 02:42:08,4620.0,20000.0,476300.0
988,2021-10-08 02:42:08,4620.0,200.0,456300.0
989,2021-10-08 02:42:03,4620.0,100.0,456100.0
990,2021-10-08 02:41:52,4620.0,3100.0,456000.0
991,2021-10-08 02:41:52,4620.0,10000.0,452900.0
992,2021-10-08 02:41:52,4610.0,4700.0,442900.0
993,2021-10-08 02:41:52,4610.0,1000.0,438200.0
994,2021-10-08 02:41:52,4610.0,1000.0,437200.0
995,2021-10-08 02:41:52,4610.0,200.0,436200.0
996,2021-10-08 02:41:43,4600.0,1600.0,436000.0
997,2021-10-08 02:41:43,4600.0,1400.0,434400.0
998,2021-10-08 02:41:39,4600.0,300.0,433000.0
999,2021-10-08 02:41:36,4600.0,1000.0,432700.0
1000,2021-10-08 02:41:36,4600.0,1500.0,431700.0
1001,2021-10-08 02:41:36,4600.0,800.0,430200.0
1002,2021-10-08 02:41:34,4600.0,1700.0,429400.0
1003,2021-10-08 02:41:34,4600.0,1000.0,427700.0
1004,2021-10-08 02:41:34,4600.0,200.0,426700.0
1005,2021-10-08 02:41:34,4600.0,1000.0,426500.0
1006,2021-10-08 02:41:34,4600.0,4000.0,425500.0
1007,2021-10-08 02:41:34,4600.0,500.0,421500.0
1008,2021-10-08 02:41:34,4600.0,2000.0,421000.0
1009,2021-10-08 02:41:34,4600.0,1000.0,419000.0
1010,2021-10-08 02:41:34,4600.0,8600.0,418000.0
1011,2021-10-08 02:41:25,4600.0,1400.0,409400.0
1012,2021-10-08 02:41:25,4600.0,100.0,408000.0
1013,2021-10-08 02:41:25,4600.0,1000.0,407900.0
1014,2021-10-08 02:41:25,4600.0,5000.0,406900.0
1015,2021-10-08 02:41:25,4600.0,200.0,401900.0
1016,2021-10-08 02:41:25,4600.0,500.0,401700.0
1017,2021-10-08 02:41:25,4600.0,200.0,401200.0
1018,2021-10-08 02:41:25,4600.0,1000.0,401000.0
1019,2021-10-08 02:41:25,4600.0,100.0,400000.0
1020,2021-10-08 02:41:25,4600.0,1000.0,399900.0
1021,2021-10-08 02:41:25,4600.0,4000.0,398900.0
1022,2021-10-08 02:41:25,4600.0,500.0,394900.0
1023,2021-10-08 02:41:25,4600.0,200.0,394400.0
1024,2021-10-08 02:41:25,4600.0,200.0,394200.0
1025,2021-10-08 02:41:25,4600.0,200.0,394000.0
1026,2021-10-08 02:41:25,4600.0,700.0,393800.0
1027,2021-10-08 02:41:25,4600.0,3000.0,393100.0
1028,2021-10-08 02:41:25,4600.0,200.0,390100.0
1029,2021-10-08 02:41:25,4600.0,100.0,389900.0
1030,2021-10-08 02:41:25,4600.0,200.0,389800.0
1031,2021-10-08 02:41:25,4600.0,200.0,389600.0
1032,2021-10-08 02:41:24,4600.0,300.0,389400.0
1033,2021-10-08 02:41:24,4600.0,500.0,389100.0
1034,2021-10-08 02:41:24,4600.0,4600.0,388600.0
1035,2021-10-08 02:41:23,4600.0,200.0,384000.0
1036,2021-10-08 02:41:18,4600.0,4000.0,383800.0
1037,2021-10-08 02:41:10,4600.0,300.0,379800.0
1038,2021-10-08 02:41:10,4600.0,200.0,379500.0
1039,2021-10-08 02:41:06,4590.0,100.0,379300.0
1040,2021-10-08 02:40:50,4590.0,1000.0,379200.0
1041,2021-10-08 02:40:45,4590.0,1900.0,378200.0
1042,2021-10-08 02:40:41,4590.0,100.0,376300.0
1043,2021-10-08 02:40:35,4580.0,400.0,376200.0
1044,2021-10-08 02:40:30,4580.0,100.0,375800.0
1045,2021-10-08 02:40:08,4600.0,3700.0,375700.0
1046,2021-10-08 02:40:08,4600.0,5000.0,372000.0
1047,2021-10-08 02:40:08,4600.0,2000.0,367000.0
1048,2021-10-08 02:40:08,4600.0,15000.0,365000.0
1049,2021-10-08 02:40:08,4590.0,1000.0,350000.0
1050,2021-10-08 02:40:08,4590.0,1000.0,349000.0
1051,2021-10-08 02:40:08,4590.0,1000.0,348000.0
1052,2021-10-08 02:40:08,4590.0,4500.0,347000.0
1053,2021-10-08 02:40:08,4570.0,1800.0,342500.0
1054,2021-10-08 02:40:07,4570.0,200.0,340700.0
1055,2021-10-08 02:40:02,4590.0,5500.0,340500.0
1056,2021-10-08 02:40:02,4590.0,3300.0,335000.0
1057,2021-10-08 02:40:02,4590.0,200.0,331700.0
1058,2021-10-08 02:40:02,4590.0,800.0,331500.0
1059,2021-10-08 02:39:58,4580.0,200.0,330700.0
1060,2021-10-08 02:39:58,4580.0,800.0,330500.0
1061,2021-10-08 02:39:52,4590.0,200.0,329700.0
1062,2021-10-08 02:39:52,4580.0,200.0,329500.0
1063,2021-10-08 02:39:52,4580.0,2000.0,329300.0
1064,2021-10-08 02:39:52,4580.0,500.0,327300.0
1065,2021-10-08 02:39:52,4580.0,100.0,326800.0
1066,2021-10-08 02:39:48,4580.0,900.0,326700.0
1067,2021-10-08 02:39:48,4580.0,1000.0,325800.0
1068,2021-10-08 02:39:48,4580.0,200.0,324800.0
1069,2021-10-08 02:39:48,4580.0,1900.0,324600.0
1070,2021-10-08 02:39:45,4580.0,800.0,322700.0
1071,2021-10-08 02:39:39,4580.0,300.0,321900.0
1072,2021-10-08 02:39:31,4580.0,500.0,321600.0
1073,2021-10-08 02:39:19,4580.0,1500.0,321100.0
1074,2021-10-08 02:39:19,4580.0,10000.0,319600.0
1075,2021-10-08 02:39:19,4570.0,400.0,309600.0
1076,2021-10-08 02:39:19,4570.0,1000.0,309200.0
1077,2021-10-08 02:39:19,4570.0,1000.0,308200.0
1078,2021-10-08 02:39:19,4570.0,500.0,307200.0
1079,2021-10-08 02:39:19,4570.0,1000.0,306700.0
1080,2021-10-08 02:39:19,4570.0,3800.0,305700.0
1081,2021-10-08 02:39:19,4570.0,1200.0,301900.0
1082,2021-10-08 02:39:19,4570.0,500.0,300700.0
1083,2021-10-08 02:38:54,4560.0,500.0,300200.0
1084,2021-10-08 02:38:54,4560.0,1000.0,299700.0
1085,2021-10-08 02:38:54,4560.0,2000.0,298700.0
1086,2021-10-08 02:38:54,4550.0,300.0,296700.0
1087,2021-10-08 02:38:54,4550.0,1000.0,296400.0
1088,2021-10-08 02:38:54,4550.0,1000.0,295400.0
1089,2021-10-08 02:38:54,4550.0,5000.0,294400.0
1090,2021-10-08 02:38:54,4550.0,1000.0,289400.0
1091,2021-10-08 02:38:54,4550.0,200.0,288400.0
1092,2021-10-08 02:38:54,4550.0,2000.0,288200.0
1093,2021-10-08 02:38:54,4550.0,5300.0,286200.0
1094,2021-10-08 02:38:45,4550.0,100.0,280900.0
1095,2021-10-08 02:38:44,4550.0,1600.0,280800.0
1096,2021-10-08 02:38:44,4550.0,7000.0,279200.0
1097,2021-10-08 02:38:44,4550.0,1300.0,272200.0
1098,2021-10-08 02:38:44,4550.0,2000.0,270900.0
1099,2021-10-08 02:38:44,4550.0,100.0,268900.0
1100,2021-10-08 02:38:44,4550.0,1000.0,268800.0
1101,2021-10-08 02:38:44,4550.0,500.0,267800.0
1102,2021-10-08 02:38:44,4550.0,1000.0,267300.0
1103,2021-10-08 02:38:44,4550.0,1000.0,266300.0
1104,2021-10-08 02:38:44,4550.0,1000.0,265300.0
1105,2021-10-08 02:38:44,4550.0,2500.0,264300.0
1106,2021-10-08 02:38:44,4550.0,400.0,261800.0
1107,2021-10-08 02:38:44,4550.0,500.0,261400.0
1108,2021-10-08 02:38:44,4550.0,2900.0,260900.0
1109,2021-10-08 02:38:44,4550.0,5000.0,258000.0
1110,2021-10-08 02:38:44,4550.0,500.0,253000.0
1111,2021-10-08 02:38:44,4550.0,1000.0,252500.0
1112,2021-10-08 02:38:44,4550.0,2000.0,251500.0
1113,2021-10-08 02:38:44,4550.0,3700.0,249500.0
1114,2021-10-08 02:38:44,4550.0,200.0,245800.0
1115,2021-10-08 02:38:44,4550.0,4000.0,245600.0
1116,2021-10-08 02:38:44,4550.0,2000.0,241600.0
1117,2021-10-08 02:38:44,4550.0,500.0,239600.0
1118,2021-10-08 02:38:44,4550.0,200.0,239100.0
1119,2021-10-08 02:38:44,4550.0,100.0,238900.0
1120,2021-10-08 02:38:44,4550.0,500.0,238800.0
1121,2021-10-08 02:38:44,4550.0,1000.0,238300.0
1122,2021-10-08 02:38:44,4550.0,2000.0,237300.0
1123,2021-10-08 02:38:44,4550.0,2000.0,235300.0
1124,2021-10-08 02:38:44,4550.0,8000.0,233300.0
1125,2021-10-08 02:38:44,4550.0,2000.0,225300.0
1126,2021-10-08 02:38:44,4550.0,5300.0,223300.0
1127,2021-10-08 02:38:44,4550.0,2400.0,218000.0
1128,2021-10-08 02:38:35,4540.0,200.0,215600.0
1129,2021-10-08 02:38:35,4540.0,1000.0,215400.0
1130,2021-10-08 02:38:35,4540.0,500.0,214400.0
1131,2021-10-08 02:38:35,4540.0,1000.0,213900.0
1132,2021-10-08 02:38:35,4540.0,100.0,212900.0
1133,2021-10-08 02:38:35,4540.0,1000.0,212800.0
1134,2021-10-08 02:38:35,4540.0,1700.0,211800.0
1135,2021-10-08 02:38:30,4540.0,8300.0,210100.0
1136,2021-10-08 02:38:30,4540.0,1700.0,201800.0
1137,2021-10-08 02:38:28,4540.0,100.0,200100.0
1138,2021-10-08 02:38:26,4540.0,10000.0,200000.0
1139,2021-10-08 02:38:24,4540.0,700.0,190000.0
1140,2021-10-08 02:38:23,4540.0,800.0,189300.0
1141,2021-10-08 02:38:16,4540.0,100.0,188500.0
1142,2021-10-08 02:38:14,4540.0,1000.0,188400.0
1143,2021-10-08 02:38:13,4540.0,3600.0,187400.0
1144,2021-10-08 02:38:13,4540.0,1400.0,183800.0
1145,2021-10-08 02:38:10,4540.0,3600.0,182400.0
1146,2021-10-08 02:38:10,4540.0,800.0,178800.0
1147,2021-10-08 02:38:10,4540.0,2000.0,178000.0
1148,2021-10-08 02:38:10,4540.0,1000.0,176000.0
1149,2021-10-08 02:38:10,4540.0,400.0,175000.0
1150,2021-10-08 02:37:52,4540.0,1200.0,174600.0
1151,2021-10-08 02:37:06,4530.0,500.0,173400.0
1152,2021-10-08 02:36:55,4530.0,500.0,172900.0
1153,2021-10-08 02:36:55,4530.0,700.0,172400.0
1154,2021-10-08 02:36:55,4530.0,100.0,171700.0
1155,2021-10-08 02:36:55,4530.0,200.0,171600.0
1156,2021-10-08 02:36:19,4530.0,100.0,171400.0
1157,2021-10-08 02:36:19,4540.0,100.0,171300.0
1158,2021-10-08 02:36:17,4530.0,5000.0,171200.0
1159,2021-10-08 02:35:32,4530.0,300.0,166200.0
1160,2021-10-08 02:35:32,4530.0,100.0,165900.0
1161,2021-10-08 02:35:32,4530.0,100.0,165800.0
1162,2021-10-08 02:35:32,4530.0,500.0,165700.0
1163,2021-10-08 02:35:32,4530.0,10000.0,165200.0
1164,2021-10-08 02:35:32,4530.0,3000.0,155200.0
1165,2021-10-08 02:35:32,4530.0,700.0,152200.0
1166,2021-10-08 02:35:31,4530.0,1000.0,151500.0
1167,2021-10-08 02:35:13,4530.0,300.0,150500.0
1168,2021-10-08 02:35:13,4530.0,700.0,150200.0
1169,2021-10-08 02:35:08,4530.0,4300.0,149500.0
1170,2021-10-08 02:35:08,4530.0,700.0,145200.0
1171,2021-10-08 02:34:46,4530.0,300.0,144500.0
1172,2021-10-08 02:34:31,4520.0,1000.0,144200.0
1173,2021-10-08 02:34:31,4520.0,600.0,143200.0
1174,2021-10-08 02:34:23,4520.0,400.0,142600.0
1175,2021-10-08 02:34:23,4520.0,2000.0,142200.0
1176,2021-10-08 02:34:23,4520.0,100.0,140200.0
1177,2021-10-08 02:34:22,4510.0,200.0,140100.0
1178,2021-10-08 02:33:49,4500.0,400.0,139900.0
1179,2021-10-08 02:33:11,4500.0,500.0,139500.0
1180,2021-10-08 02:33:10,4500.0,4000.0,139000.0
1181,2021-10-08 02:33:02,4520.0,400.0,135000.0
1182,2021-10-08 02:33:02,4520.0,100.0,134600.0
1183,2021-10-08 02:32:39,4500.0,300.0,134500.0
1184,2021-10-08 02:32:31,4500.0,600.0,134200.0
1185,2021-10-08 02:32:11,4520.0,100.0,133600.0
1186,2021-10-08 02:32:08,4500.0,2000.0,133500.0
1187,2021-10-08 02:31:58,4500.0,1100.0,131500.0
1188,2021-10-08 02:31:34,4500.0,500.0,130400.0
1189,2021-10-08 02:31:03,4500.0,1000.0,129900.0
1190,2021-10-08 02:30:36,4500.0,100.0,128900.0
1191,2021-10-08 02:30:34,4500.0,100.0,128800.0
1192,2021-10-08 02:30:19,4500.0,100.0,128700.0
1193,2021-10-08 02:30:10,4500.0,7000.0,128600.0
1194,2021-10-08 02:30:10,4500.0,1000.0,121600.0
1195,2021-10-08 02:30:10,4500.0,300.0,120600.0
1196,2021-10-08 02:30:10,4500.0,1000.0,120300.0
1197,2021-10-08 02:30:10,4500.0,500.0,119300.0
1198,2021-10-08 02:30:10,4500.0,100.0,118800.0
1199,2021-10-08 02:30:10,4510.0,100.0,118700.0
1200,2021-10-08 02:29:21,4510.0,100.0,118600.0
1201,2021-10-08 02:29:02,4500.0,400.0,118500.0
1202,2021-10-08 02:29:02,4500.0,100.0,118100.0
1203,2021-10-08 02:29:02,4500.0,400.0,118000.0
1204,2021-10-08 02:29:02,4520.0,100.0,117600.0
1205,2021-10-08 02:28:29,4500.0,200.0,117500.0
1206,2021-10-08 02:28:15,4500.0,100.0,117300.0
1207,2021-10-08 02:28:06,4500.0,1600.0,117200.0
1208,2021-10-08 02:28:06,4500.0,1000.0,115600.0
1209,2021-10-08 02:28:06,4500.0,100.0,114600.0
1210,2021-10-08 02:28:06,4500.0,20000.0,114500.0
1211,2021-10-08 02:28:06,4500.0,3500.0,94500.0
1212,2021-10-08 02:28:06,4510.0,200.0,91000.0
1213,2021-10-08 02:28:06,4510.0,2100.0,90800.0
1214,2021-10-08 02:28:06,4520.0,1500.0,88700.0
1215,2021-10-08 02:28:00,4530.0,200.0,87200.0
1216,2021-10-08 02:28:00,4530.0,200.0,87000.0
1217,2021-10-08 02:27:47,4520.0,1000.0,86800.0
1218,2021-10-08 02:27:40,4520.0,1000.0,85800.0
1219,2021-10-08 02:27:40,4520.0,1000.0,84800.0
1220,2021-10-08 02:27:40,4520.0,300.0,83800.0
1221,2021-10-08 02:27:40,4520.0,200.0,83500.0
1222,2021-10-08 02:27:36,4510.0,500.0,83300.0
1223,2021-10-08 02:27:35,4520.0,900.0,82800.0
1224,2021-10-08 02:27:04,4520.0,100.0,81900.0
1225,2021-10-08 02:27:04,4520.0,1000.0,81800.0
1226,2021-10-08 02:27:04,4520.0,300.0,80800.0
1227,2021-10-08 02:27:04,4520.0,500.0,80500.0
1228,2021-10-08 02:26:33,4540.0,300.0,80000.0
1229,2021-10-08 02:26:33,4540.0,2000.0,79700.0
1230,2021-10-08 02:26:33,4540.0,400.0,77700.0
1231,2021-10-08 02:26:33,4530.0,1000.0,77300.0
1232,2021-10-08 02:26:33,4530.0,1100.0,76300.0
1233,2021-10-08 02:26:26,4520.0,200.0,75200.0
1234,2021-10-08 02:25:26,4540.0,100.0,75000.0
1235,2021-10-08 02:24:18,4550.0,200.0,74900.0
1236,2021-10-08 02:24:08,4550.0,3600.0,74700.0
1237,2021-10-08 02:24:08,4540.0,2000.0,71100.0
1238,2021-10-08 02:24:01,4550.0,100.0,69100.0
1239,2021-10-08 02:23:02,4550.0,11200.0,69000.0
1240,2021-10-08 02:23:02,4540.0,1000.0,57800.0
1241,2021-10-08 02:23:02,4540.0,2000.0,56800.0
1242,2021-10-08 02:23:02,4540.0,4000.0,54800.0
1243,2021-10-08 02:23:02,4520.0,3200.0,50800.0
1244,2021-10-08 02:23:01,4520.0,500.0,47600.0
1245,2021-10-08 02:23:01,4520.0,1000.0,47100.0
1246,2021-10-08 02:23:01,4520.0,400.0,46100.0
1247,2021-10-08 02:22:46,4540.0,1000.0,45700.0
1248,2021-10-08 02:22:20,4550.0,600.0,44700.0
1249,2021-10-08 02:22:20,4550.0,1000.0,44100.0
1250,2021-10-08 02:22:20,4550.0,900.0,43100.0
1251,2021-10-08 02:22:01,4550.0,300.0,42200.0
1252,2021-10-08 02:22:01,4550.0,200.0,41900.0
1253,2021-10-08 02:22:01,4550.0,200.0,41700.0
1254,2021-10-08 02:22:01,4550.0,400.0,41500.0
1255,2021-10-08 02:21:52,4550.0,100.0,41100.0
1256,2021-10-08 02:21:24,4550.0,200.0,41000.0
1257,2021-10-08 02:21:22,4550.0,1100.0,40800.0
1258,2021-10-08 02:21:15,4550.0,1800.0,39700.0
1259,2021-10-08 02:21:15,4550.0,900.0,37900.0
1260,2021-10-08 02:21:15,4550.0,3000.0,37000.0
1261,2021-10-08 02:21:15,4540.0,500.0,34000.0
1262,2021-10-08 02:20:49,4540.0,500.0,33500.0
1263,2021-10-08 02:20:49,4540.0,500.0,33000.0
1264,2021-10-08 02:20:49,4540.0,500.0,32500.0
1265,2021-10-08 02:20:49,4540.0,5000.0,32000.0
1266,2021-10-08 02:20:49,4540.0,200.0,27000.0
1267,2021-10-08 02:20:49,4530.0,100.0,26800.0
1268,2021-10-08 02:20:49,4530.0,1500.0,26700.0
1269,2021-10-08 02:20:49,4530.0,1000.0,25200.0
1270,2021-10-08 02:20:49,4530.0,2000.0,24200.0
1271,2021-10-08 02:20:49,4530.0,200.0,22200.0
1272,2021-10-08 02:20:49,4520.0,200.0,22000.0
1273,2021-10-08 02:20:49,4520.0,1200.0,21800.0
1274,2021-10-08 02:20:49,4520.0,600.0,20600.0
1275,2021-10-08 02:20:49,4520.0,300.0,20000.0
1276,2021-10-08 02:20:31,4510.0,5000.0,19700.0
1277,2021-10-08 02:19:59,4500.0,1000.0,14700.0
1278,2021-10-08 02:19:56,4500.0,300.0,13700.0
1279,2021-10-08 02:19:17,4500.0,200.0,13400.0
1280,2021-10-08 02:19:03,4490.0,500.0,13200.0
1281,2021-10-08 02:19:01,4500.0,800.0,12700.0
1282,2021-10-08 02:19:01,4500.0,200.0,11900.0
1283,2021-10-08 02:18:33,4490.0,1100.0,11700.0
1284,2021-10-08 02:17:41,4460.0,100.0,10600.0
1285,2021-10-08 02:17:07,4460.0,200.0,10500.0
1286,2021-10-08 02:17:07,4470.0,200.0,10300.0
1287,2021-10-08 02:17:06,4490.0,100.0,10100.0
1288,2021-10-08 02:15:00,4520.0,1000.0,10000.0
1289,2021-10-08 02:15:00,4520.0,100.0,9000.0
1290,2021-10-08 02:15:00,4520.0,200.0,8900.0
1291,2021-10-08 02:15:00,4520.0,3400.0,8700.0
1292,2021-10-08 02:15:00,4520.0,1000.0,5300.0
1293,2021-10-08 02:15:00,4520.0,600.0,4300.0
1294,2021-10-08 02:15:00,4520.0,400.0,3700.0
1295,2021-10-08 02:15:00,4520.0,1000.0,3300.0
1296,2021-10-08 02:15:00,4520.0,100.0,2300.0
1297,2021-10-08 02:15:00,4520.0,500.0,2200.0
1298,2021-10-08 02:15:00,4520.0,100.0,1700.0
1299,2021-10-08 02:15:00,4520.0,100.0,1600.0
1300,2021-10-08 02:15:00,4520.0,800.0,1500.0
1301,2021-10-08 02:15:00,4520.0,200.0,700.0
1302,2021-10-08 02:15:00,4520.0,200.0,500.0
1303,2021-10-08 02:15:00,4520.0,100.0,300.0
1304,2021-10-08 02:15:00,4520.0,200.0,200.0
