,Time,Price,Volume_per_trade,Volume
0,2021-10-21 07:45:01,8050.0,500.0,1249000.0
1,2021-10-21 07:45:01,8050.0,2300.0,1248500.0
2,2021-10-21 07:45:01,8050.0,200.0,1246200.0
3,2021-10-21 07:45:01,8050.0,1000.0,1246000.0
4,2021-10-21 07:45:01,8050.0,3000.0,1245000.0
5,2021-10-21 07:45:01,8050.0,3500.0,1242000.0
6,2021-10-21 07:45:01,8050.0,1500.0,1238500.0
7,2021-10-21 07:45:01,8050.0,800.0,1237000.0
8,2021-10-21 07:45:01,8050.0,100.0,1236200.0
9,2021-10-21 07:45:01,8050.0,100.0,1236100.0
10,2021-10-21 07:45:01,8050.0,1000.0,1236000.0
11,2021-10-21 07:45:01,8050.0,600.0,1235000.0
12,2021-10-21 07:45:01,8050.0,200.0,1234400.0
13,2021-10-21 07:45:01,8050.0,700.0,1234200.0
14,2021-10-21 07:45:01,8050.0,300.0,1233500.0
15,2021-10-21 07:45:01,8050.0,600.0,1233200.0
16,2021-10-21 07:45:01,8050.0,1000.0,1232600.0
17,2021-10-21 07:45:01,8050.0,2000.0,1231600.0
18,2021-10-21 07:45:01,8050.0,100.0,1229600.0
19,2021-10-21 07:45:01,8050.0,2000.0,1229500.0
20,2021-10-21 07:45:01,8050.0,1000.0,1227500.0
21,2021-10-21 07:45:01,8050.0,100.0,1226500.0
22,2021-10-21 07:45:01,8050.0,1200.0,1226400.0
23,2021-10-21 07:45:01,8050.0,1000.0,1225200.0
24,2021-10-21 07:45:01,8050.0,700.0,1224200.0
25,2021-10-21 07:45:01,8050.0,300.0,1223500.0
26,2021-10-21 07:45:01,8050.0,700.0,1223200.0
27,2021-10-21 07:45:01,8050.0,200.0,1222500.0
28,2021-10-21 07:45:01,8050.0,200.0,1222300.0
29,2021-10-21 07:45:01,8050.0,2000.0,1222100.0
30,2021-10-21 07:45:01,8050.0,1000.0,1220100.0
31,2021-10-21 07:45:01,8050.0,100.0,1219100.0
32,2021-10-21 07:45:01,8050.0,1000.0,1219000.0
33,2021-10-21 07:45:01,8050.0,500.0,1218000.0
34,2021-10-21 07:29:57,8050.0,1000.0,1217500.0
35,2021-10-21 07:29:41,8060.0,10000.0,1216500.0
36,2021-10-21 07:29:37,8060.0,100.0,1206500.0
37,2021-10-21 07:29:37,8060.0,10000.0,1206400.0
38,2021-10-21 07:29:37,8060.0,5000.0,1196400.0
39,2021-10-21 07:29:37,8060.0,500.0,1191400.0
40,2021-10-21 07:29:37,8060.0,3000.0,1190900.0
41,2021-10-21 07:29:37,8060.0,2800.0,1187900.0
42,2021-10-21 07:29:16,8060.0,2200.0,1185100.0
43,2021-10-21 07:29:16,8060.0,900.0,1182900.0
44,2021-10-21 07:29:16,8060.0,2000.0,1182000.0
45,2021-10-21 07:29:16,8060.0,4600.0,1180000.0
46,2021-10-21 07:29:16,8070.0,300.0,1175400.0
47,2021-10-21 07:29:15,8070.0,300.0,1175100.0
48,2021-10-21 07:29:15,8070.0,3000.0,1174800.0
49,2021-10-21 07:29:15,8070.0,1000.0,1171800.0
50,2021-10-21 07:29:15,8070.0,300.0,1170800.0
51,2021-10-21 07:29:15,8070.0,400.0,1170500.0
52,2021-10-21 07:28:28,8090.0,800.0,1170100.0
53,2021-10-21 07:28:28,8090.0,100.0,1169300.0
54,2021-10-21 07:28:28,8090.0,100.0,1169200.0
55,2021-10-21 07:27:48,8090.0,2900.0,1169100.0
56,2021-10-21 07:27:48,8090.0,2100.0,1166200.0
57,2021-10-21 07:26:44,8090.0,2900.0,1164100.0
58,2021-10-21 07:26:43,8090.0,10000.0,1161200.0
59,2021-10-21 07:26:19,8100.0,1700.0,1151200.0
60,2021-10-21 07:25:35,8100.0,1000.0,1149500.0
61,2021-10-21 07:25:23,8100.0,1000.0,1148500.0
62,2021-10-21 07:25:01,8100.0,1000.0,1147500.0
63,2021-10-21 07:24:52,8100.0,100.0,1146500.0
64,2021-10-21 07:24:16,8100.0,500.0,1146400.0
65,2021-10-21 07:24:01,8100.0,200.0,1145900.0
66,2021-10-21 07:23:52,8100.0,1000.0,1145700.0
67,2021-10-21 07:23:20,8090.0,2100.0,1144700.0
68,2021-10-21 07:23:20,8090.0,900.0,1142600.0
69,2021-10-21 07:23:03,8100.0,8000.0,1141700.0
70,2021-10-21 07:23:02,8100.0,4000.0,1133700.0
71,2021-10-21 07:22:35,8090.0,100.0,1129700.0
72,2021-10-21 07:21:09,8090.0,500.0,1129600.0
73,2021-10-21 07:19:38,8100.0,100.0,1129100.0
74,2021-10-21 07:19:28,8100.0,5000.0,1129000.0
75,2021-10-21 07:19:21,8100.0,900.0,1124000.0
76,2021-10-21 07:19:20,8100.0,200.0,1123100.0
77,2021-10-21 07:19:20,8100.0,500.0,1122900.0
78,2021-10-21 07:19:20,8100.0,300.0,1122400.0
79,2021-10-21 07:19:20,8100.0,200.0,1122100.0
80,2021-10-21 07:19:20,8100.0,3000.0,1121900.0
81,2021-10-21 07:19:20,8100.0,500.0,1118900.0
82,2021-10-21 07:19:20,8100.0,300.0,1118400.0
83,2021-10-21 07:19:15,8100.0,1000.0,1118100.0
84,2021-10-21 07:19:15,8100.0,500.0,1117100.0
85,2021-10-21 07:19:15,8100.0,400.0,1116600.0
86,2021-10-21 07:19:02,8100.0,2500.0,1116200.0
87,2021-10-21 07:18:31,8100.0,500.0,1113700.0
88,2021-10-21 07:18:19,8060.0,400.0,1113200.0
89,2021-10-21 07:18:19,8070.0,200.0,1112800.0
90,2021-10-21 07:18:12,8100.0,1600.0,1112600.0
91,2021-10-21 07:18:12,8100.0,100.0,1111000.0
92,2021-10-21 07:18:12,8100.0,400.0,1110900.0
93,2021-10-21 07:18:12,8100.0,2300.0,1110500.0
94,2021-10-21 07:18:12,8090.0,600.0,1108200.0
95,2021-10-21 07:17:35,8090.0,100.0,1107600.0
96,2021-10-21 07:17:04,8060.0,300.0,1107500.0
97,2021-10-21 07:16:24,8060.0,200.0,1107200.0
98,2021-10-21 07:16:13,8100.0,100.0,1107000.0
99,2021-10-21 07:16:13,8100.0,5000.0,1106900.0
100,2021-10-21 07:16:13,8090.0,100.0,1101900.0
101,2021-10-21 07:16:13,8090.0,2000.0,1101800.0
102,2021-10-21 07:16:13,8070.0,100.0,1099800.0
103,2021-10-21 07:16:13,8070.0,600.0,1099700.0
104,2021-10-21 07:16:13,8070.0,400.0,1099100.0
105,2021-10-21 07:16:13,8070.0,2900.0,1098700.0
106,2021-10-21 07:16:13,8070.0,13200.0,1095800.0
107,2021-10-21 07:16:13,8070.0,200.0,1082600.0
108,2021-10-21 07:16:13,8070.0,500.0,1082400.0
109,2021-10-21 07:16:13,8070.0,1200.0,1081900.0
110,2021-10-21 07:16:13,8070.0,300.0,1080700.0
111,2021-10-21 07:16:13,8070.0,2000.0,1080400.0
112,2021-10-21 07:16:13,8060.0,1000.0,1078400.0
113,2021-10-21 07:16:13,8060.0,15400.0,1077400.0
114,2021-10-21 07:14:44,8060.0,4600.0,1062000.0
115,2021-10-21 07:14:44,8060.0,700.0,1057400.0
116,2021-10-21 07:14:44,8060.0,500.0,1056700.0
117,2021-10-21 07:14:44,8060.0,900.0,1056200.0
118,2021-10-21 07:14:12,8060.0,100.0,1055300.0
119,2021-10-21 07:14:12,8060.0,1900.0,1055200.0
120,2021-10-21 07:12:35,8060.0,1600.0,1053300.0
121,2021-10-21 07:12:35,8060.0,400.0,1051700.0
122,2021-10-21 07:09:54,8060.0,100.0,1051300.0
123,2021-10-21 07:09:21,8050.0,600.0,1051200.0
124,2021-10-21 07:09:21,8050.0,400.0,1050600.0
125,2021-10-21 07:08:41,8050.0,1000.0,1050200.0
126,2021-10-21 07:08:28,8050.0,1000.0,1049200.0
127,2021-10-21 07:07:24,8050.0,1600.0,1048200.0
128,2021-10-21 07:06:34,8050.0,1300.0,1046600.0
129,2021-10-21 07:06:10,8050.0,4700.0,1045300.0
130,2021-10-21 07:06:10,8050.0,200.0,1040600.0
131,2021-10-21 07:06:10,8050.0,100.0,1040400.0
132,2021-10-21 07:04:17,8050.0,100.0,1040300.0
133,2021-10-21 07:04:17,8050.0,100.0,1040200.0
134,2021-10-21 07:03:49,8050.0,200.0,1040100.0
135,2021-10-21 07:02:51,8050.0,200.0,1039900.0
136,2021-10-21 07:01:55,8050.0,300.0,1039700.0
137,2021-10-21 07:01:55,8050.0,100.0,1039400.0
138,2021-10-21 07:01:55,8050.0,2600.0,1039300.0
139,2021-10-21 06:58:14,8060.0,100.0,1036700.0
140,2021-10-21 06:58:14,8060.0,1200.0,1036600.0
141,2021-10-21 06:57:29,8060.0,600.0,1035400.0
142,2021-10-21 06:57:26,8060.0,9700.0,1034800.0
143,2021-10-21 06:57:26,8060.0,300.0,1025100.0
144,2021-10-21 06:57:24,8050.0,200.0,1024800.0
145,2021-10-21 06:57:06,8050.0,200.0,1024600.0
146,2021-10-21 06:57:06,8050.0,100.0,1024400.0
147,2021-10-21 06:57:06,8050.0,100.0,1024300.0
148,2021-10-21 06:57:06,8050.0,100.0,1024200.0
149,2021-10-21 06:57:06,8050.0,500.0,1024100.0
150,2021-10-21 06:54:04,8050.0,500.0,1023600.0
151,2021-10-21 06:54:04,8050.0,2000.0,1023100.0
152,2021-10-21 06:54:04,8050.0,800.0,1021100.0
153,2021-10-21 06:53:02,8050.0,2000.0,1020300.0
154,2021-10-21 06:53:02,8050.0,1000.0,1018300.0
155,2021-10-21 06:53:01,8050.0,1200.0,1017300.0
156,2021-10-21 06:52:37,8040.0,700.0,1016100.0
157,2021-10-21 06:52:19,8040.0,1200.0,1015400.0
158,2021-10-21 06:52:19,8040.0,200.0,1014200.0
159,2021-10-21 06:52:19,8040.0,3000.0,1014000.0
160,2021-10-21 06:52:19,8040.0,5000.0,1011000.0
161,2021-10-21 06:52:19,8040.0,400.0,1006000.0
162,2021-10-21 06:52:19,8040.0,200.0,1005600.0
163,2021-10-21 06:52:10,8050.0,100.0,1005400.0
164,2021-10-21 06:49:20,8050.0,400.0,1005300.0
165,2021-10-21 06:47:11,8050.0,100.0,1004900.0
166,2021-10-21 06:45:22,8050.0,100.0,1004800.0
167,2021-10-21 06:45:22,8050.0,1000.0,1004700.0
168,2021-10-21 06:45:22,8050.0,1000.0,1003700.0
169,2021-10-21 06:45:22,8050.0,500.0,1002700.0
170,2021-10-21 06:42:53,8050.0,500.0,1002200.0
171,2021-10-21 06:42:53,8050.0,1000.0,1001700.0
172,2021-10-21 06:42:53,8050.0,5000.0,1000700.0
173,2021-10-21 06:42:53,8050.0,900.0,995700.0
174,2021-10-21 06:42:53,8050.0,100.0,994800.0
175,2021-10-21 06:42:32,8050.0,100.0,994700.0
176,2021-10-21 06:42:32,8050.0,400.0,994600.0
177,2021-10-21 06:42:32,8050.0,200.0,994200.0
178,2021-10-21 06:40:20,8050.0,1200.0,994000.0
179,2021-10-21 06:38:16,8050.0,3600.0,992800.0
180,2021-10-21 06:38:16,8050.0,200.0,989200.0
181,2021-10-21 06:38:16,8050.0,500.0,989000.0
182,2021-10-21 06:38:16,8050.0,1800.0,988500.0
183,2021-10-21 06:38:16,8050.0,100.0,986700.0
184,2021-10-21 06:38:16,8050.0,900.0,986600.0
185,2021-10-21 06:38:16,8060.0,800.0,985700.0
186,2021-10-21 06:38:16,8060.0,200.0,984900.0
187,2021-10-21 06:38:16,8060.0,1900.0,984700.0
188,2021-10-21 06:33:09,8060.0,100.0,982800.0
189,2021-10-21 06:32:56,8060.0,1000.0,982700.0
190,2021-10-21 06:32:52,8070.0,1100.0,981700.0
191,2021-10-21 06:32:43,8070.0,500.0,980600.0
192,2021-10-21 06:32:40,8070.0,1000.0,980100.0
193,2021-10-21 06:32:33,8070.0,600.0,979100.0
194,2021-10-21 06:32:26,8070.0,300.0,978500.0
195,2021-10-21 06:31:31,8070.0,100.0,978200.0
196,2021-10-21 06:31:08,8070.0,100.0,978100.0
197,2021-10-21 06:31:02,8070.0,2000.0,978000.0
198,2021-10-21 06:30:52,8070.0,500.0,976000.0
199,2021-10-21 06:29:16,8060.0,2000.0,975500.0
200,2021-10-21 06:29:16,8060.0,4000.0,973500.0
201,2021-10-21 06:26:57,8050.0,2000.0,969500.0
202,2021-10-21 06:26:28,8060.0,200.0,967500.0
203,2021-10-21 06:26:17,8060.0,800.0,967300.0
204,2021-10-21 06:26:17,8060.0,200.0,966500.0
205,2021-10-21 06:24:20,8050.0,200.0,966300.0
206,2021-10-21 06:24:20,8050.0,300.0,966100.0
207,2021-10-21 06:24:20,8050.0,1600.0,965800.0
208,2021-10-21 06:24:11,8050.0,1000.0,964200.0
209,2021-10-21 06:23:53,8050.0,2400.0,963200.0
210,2021-10-21 06:23:53,8050.0,500.0,960800.0
211,2021-10-21 06:23:53,8050.0,100.0,960300.0
212,2021-10-21 06:23:31,8050.0,500.0,960200.0
213,2021-10-21 06:23:31,8050.0,400.0,959700.0
214,2021-10-21 06:23:31,8050.0,200.0,959300.0
215,2021-10-21 06:23:31,8050.0,2500.0,959100.0
216,2021-10-21 06:23:31,8050.0,3400.0,956600.0
217,2021-10-21 06:22:19,8050.0,200.0,953200.0
218,2021-10-21 06:21:33,8050.0,1000.0,953000.0
219,2021-10-21 06:19:23,8050.0,400.0,952000.0
220,2021-10-21 06:19:23,8050.0,1100.0,951600.0
221,2021-10-21 06:19:13,8050.0,500.0,950500.0
222,2021-10-21 06:18:27,8050.0,100.0,950000.0
223,2021-10-21 06:17:33,8030.0,200.0,949900.0
224,2021-10-21 06:17:33,8030.0,700.0,949700.0
225,2021-10-21 06:17:33,8040.0,100.0,949000.0
226,2021-10-21 06:17:13,8050.0,200.0,948900.0
227,2021-10-21 06:14:38,8030.0,1000.0,948700.0
228,2021-10-21 06:14:38,8030.0,1000.0,947700.0
229,2021-10-21 06:14:33,8040.0,300.0,946700.0
230,2021-10-21 06:14:22,8030.0,600.0,946400.0
231,2021-10-21 06:14:20,8040.0,500.0,945800.0
232,2021-10-21 06:13:53,8040.0,200.0,945300.0
233,2021-10-21 06:13:33,8030.0,2900.0,945100.0
234,2021-10-21 06:13:19,8030.0,500.0,942200.0
235,2021-10-21 06:13:19,8030.0,1000.0,941700.0
236,2021-10-21 06:11:22,8030.0,100.0,940700.0
237,2021-10-21 06:11:22,8030.0,900.0,940600.0
238,2021-10-21 06:10:39,8030.0,900.0,939700.0
239,2021-10-21 06:10:39,8020.0,500.0,938800.0
240,2021-10-21 06:10:17,8020.0,200.0,938300.0
241,2021-10-21 06:10:17,8020.0,1000.0,938100.0
242,2021-10-21 06:10:17,8020.0,200.0,937100.0
243,2021-10-21 06:10:17,8020.0,200.0,936900.0
244,2021-10-21 06:10:12,8020.0,100.0,936700.0
245,2021-10-21 06:09:59,8020.0,2700.0,936600.0
246,2021-10-21 06:09:59,8020.0,300.0,933900.0
247,2021-10-21 06:09:58,8030.0,500.0,933600.0
248,2021-10-21 06:09:58,8030.0,100.0,933100.0
249,2021-10-21 06:09:58,8030.0,300.0,933000.0
250,2021-10-21 06:09:57,8030.0,100.0,932700.0
251,2021-10-21 06:09:57,8030.0,100.0,932600.0
252,2021-10-21 06:09:49,8030.0,100.0,932500.0
253,2021-10-21 06:09:38,8030.0,300.0,932400.0
254,2021-10-21 06:09:29,8030.0,300.0,932100.0
255,2021-10-21 06:09:22,8030.0,200.0,931800.0
256,2021-10-21 06:08:49,8040.0,600.0,931600.0
257,2021-10-21 06:08:18,8040.0,100.0,931000.0
258,2021-10-21 06:07:57,8040.0,100.0,930900.0
259,2021-10-21 06:07:57,8040.0,5000.0,930800.0
260,2021-10-21 06:07:57,8040.0,200.0,925800.0
261,2021-10-21 06:07:57,8040.0,1000.0,925600.0
262,2021-10-21 06:07:57,8040.0,1000.0,924600.0
263,2021-10-21 06:07:57,8040.0,1000.0,923600.0
264,2021-10-21 06:07:57,8040.0,5000.0,922600.0
265,2021-10-21 06:07:57,8040.0,1000.0,917600.0
266,2021-10-21 06:07:57,8040.0,2000.0,916600.0
267,2021-10-21 06:07:57,8040.0,21400.0,914600.0
268,2021-10-21 06:06:38,8050.0,500.0,893200.0
269,2021-10-21 06:06:38,8050.0,500.0,892700.0
270,2021-10-21 06:05:53,8050.0,1000.0,892200.0
271,2021-10-21 06:05:09,8040.0,100.0,891200.0
272,2021-10-21 06:04:52,8040.0,1000.0,891100.0
273,2021-10-21 06:03:09,8040.0,1000.0,890100.0
274,2021-10-21 06:02:11,8050.0,200.0,889100.0
275,2021-10-21 06:00:45,8050.0,100.0,888900.0
276,2021-10-21 06:00:27,8040.0,2500.0,888800.0
277,2021-10-21 06:00:23,8040.0,1000.0,886300.0
278,2021-10-21 06:00:11,8050.0,3200.0,885300.0
279,2021-10-21 06:00:11,8050.0,2800.0,882100.0
280,2021-10-21 06:00:05,8040.0,1600.0,879300.0
281,2021-10-21 06:00:05,8040.0,400.0,877700.0
282,2021-10-21 06:00:04,8020.0,4700.0,877300.0
283,2021-10-21 06:00:04,8020.0,200.0,872600.0
284,2021-10-21 06:00:04,8030.0,800.0,872400.0
285,2021-10-21 06:00:04,8030.0,500.0,871600.0
286,2021-10-21 06:00:04,8030.0,1800.0,871100.0
287,2021-10-21 06:00:04,8030.0,200.0,869300.0
288,2021-10-21 06:00:04,8030.0,1000.0,869100.0
289,2021-10-21 06:00:04,8030.0,100.0,868100.0
290,2021-10-21 06:00:04,8030.0,400.0,868000.0
291,2021-10-21 06:00:04,8030.0,300.0,867600.0
292,2021-10-21 06:00:01,8040.0,1200.0,867300.0
293,2021-10-21 06:00:01,8040.0,1000.0,866100.0
294,2021-10-21 04:28:34,8040.0,6800.0,865100.0
295,2021-10-21 04:28:34,8040.0,100.0,858300.0
296,2021-10-21 04:28:34,8040.0,4000.0,858200.0
297,2021-10-21 04:28:34,8040.0,5000.0,854200.0
298,2021-10-21 04:28:34,8040.0,200.0,849200.0
299,2021-10-21 04:28:34,8040.0,200.0,849000.0
300,2021-10-21 04:28:34,8040.0,1100.0,848800.0
301,2021-10-21 04:27:49,8040.0,200.0,847700.0
302,2021-10-21 04:25:55,8040.0,200.0,847500.0
303,2021-10-21 04:24:51,8040.0,400.0,847300.0
304,2021-10-21 04:24:24,8040.0,900.0,846900.0
305,2021-10-21 04:23:59,8040.0,600.0,846000.0
306,2021-10-21 04:23:49,8040.0,1000.0,845400.0
307,2021-10-21 04:23:36,8050.0,3000.0,844400.0
308,2021-10-21 04:23:24,8040.0,400.0,841400.0
309,2021-10-21 04:23:10,8040.0,1000.0,841000.0
310,2021-10-21 04:22:57,8040.0,100.0,840000.0
311,2021-10-21 04:22:18,8060.0,800.0,839900.0
312,2021-10-21 04:20:50,8070.0,1000.0,839100.0
313,2021-10-21 04:19:06,8070.0,1600.0,838100.0
314,2021-10-21 04:19:06,8050.0,500.0,836500.0
315,2021-10-21 04:19:06,8050.0,500.0,836000.0
316,2021-10-21 04:19:06,8050.0,100.0,835500.0
317,2021-10-21 04:19:06,8050.0,1200.0,835400.0
318,2021-10-21 04:18:26,8050.0,2000.0,834200.0
319,2021-10-21 04:18:02,8030.0,100.0,832200.0
320,2021-10-21 04:18:02,8030.0,1000.0,832100.0
321,2021-10-21 04:17:44,8040.0,100.0,831100.0
322,2021-10-21 04:17:42,8040.0,1000.0,831000.0
323,2021-10-21 04:17:42,8040.0,5000.0,830000.0
324,2021-10-21 04:17:42,8040.0,1000.0,825000.0
325,2021-10-21 04:17:42,8040.0,500.0,824000.0
326,2021-10-21 04:17:42,8040.0,500.0,823500.0
327,2021-10-21 04:16:23,8050.0,100.0,823000.0
328,2021-10-21 04:16:01,8050.0,300.0,822900.0
329,2021-10-21 04:14:53,8040.0,200.0,822600.0
330,2021-10-21 04:13:38,8040.0,300.0,822400.0
331,2021-10-21 04:13:38,8040.0,100.0,822100.0
332,2021-10-21 04:13:38,8040.0,100.0,822000.0
333,2021-10-21 04:13:11,8050.0,200.0,821900.0
334,2021-10-21 04:12:54,8050.0,300.0,821700.0
335,2021-10-21 04:12:54,8050.0,100.0,821400.0
336,2021-10-21 04:11:10,8050.0,300.0,821300.0
337,2021-10-21 04:11:10,8050.0,100.0,821000.0
338,2021-10-21 04:08:29,8050.0,800.0,820900.0
339,2021-10-21 04:08:29,8050.0,100.0,820100.0
340,2021-10-21 04:06:28,8050.0,500.0,820000.0
341,2021-10-21 04:06:15,8050.0,400.0,819500.0
342,2021-10-21 04:06:15,8050.0,100.0,819100.0
343,2021-10-21 04:06:15,8050.0,500.0,819000.0
344,2021-10-21 04:04:15,8050.0,500.0,818500.0
345,2021-10-21 04:02:57,8050.0,1000.0,818000.0
346,2021-10-21 04:02:47,8050.0,400.0,817000.0
347,2021-10-21 04:01:36,8050.0,4100.0,816600.0
348,2021-10-21 04:01:18,8050.0,5000.0,812500.0
349,2021-10-21 03:59:48,8050.0,400.0,807500.0
350,2021-10-21 03:57:55,8050.0,100.0,807100.0
351,2021-10-21 03:56:10,8050.0,1000.0,807000.0
352,2021-10-21 03:55:58,8050.0,1000.0,806000.0
353,2021-10-21 03:55:58,8050.0,400.0,805000.0
354,2021-10-21 03:55:58,8050.0,600.0,804600.0
355,2021-10-21 03:55:18,8050.0,4400.0,804000.0
356,2021-10-21 03:55:18,8050.0,1900.0,799600.0
357,2021-10-21 03:55:18,8050.0,500.0,797700.0
358,2021-10-21 03:55:18,8050.0,1000.0,797200.0
359,2021-10-21 03:55:18,8050.0,100.0,796200.0
360,2021-10-21 03:54:59,8050.0,600.0,796100.0
361,2021-10-21 03:54:15,8070.0,800.0,795500.0
362,2021-10-21 03:52:59,8070.0,200.0,794700.0
363,2021-10-21 03:52:58,8050.0,800.0,794500.0
364,2021-10-21 03:52:54,8070.0,500.0,793700.0
365,2021-10-21 03:52:46,8070.0,500.0,793200.0
366,2021-10-21 03:52:18,8070.0,400.0,792700.0
367,2021-10-21 03:52:12,8070.0,600.0,792300.0
368,2021-10-21 03:52:12,8070.0,400.0,791700.0
369,2021-10-21 03:50:21,8070.0,100.0,791300.0
370,2021-10-21 03:50:21,8070.0,1000.0,791200.0
371,2021-10-21 03:50:21,8070.0,100.0,790200.0
372,2021-10-21 03:50:21,8070.0,1000.0,790100.0
373,2021-10-21 03:50:21,8070.0,900.0,789100.0
374,2021-10-21 03:49:45,8070.0,100.0,788200.0
375,2021-10-21 03:49:45,8070.0,200.0,788100.0
376,2021-10-21 03:44:43,8070.0,600.0,787900.0
377,2021-10-21 03:43:34,8080.0,200.0,787300.0
378,2021-10-21 03:42:01,8080.0,500.0,787100.0
379,2021-10-21 03:40:59,8080.0,1400.0,786600.0
380,2021-10-21 03:39:21,8080.0,1000.0,785200.0
381,2021-10-21 03:38:50,8080.0,1000.0,784200.0
382,2021-10-21 03:38:50,8080.0,1200.0,783200.0
383,2021-10-21 03:38:39,8100.0,5000.0,782000.0
384,2021-10-21 03:38:13,8080.0,200.0,777000.0
385,2021-10-21 03:38:01,8080.0,800.0,776800.0
386,2021-10-21 03:38:01,8080.0,800.0,776000.0
387,2021-10-21 03:37:43,8080.0,400.0,775200.0
388,2021-10-21 03:37:11,8080.0,100.0,774800.0
389,2021-10-21 03:37:11,8080.0,1000.0,774700.0
390,2021-10-21 03:37:11,8080.0,100.0,773700.0
391,2021-10-21 03:37:11,8080.0,600.0,773600.0
392,2021-10-21 03:37:11,8080.0,1000.0,773000.0
393,2021-10-21 03:36:27,8100.0,300.0,772000.0
394,2021-10-21 03:35:41,8100.0,5000.0,771700.0
395,2021-10-21 03:35:41,8100.0,1000.0,766700.0
396,2021-10-21 03:35:41,8100.0,4700.0,765700.0
397,2021-10-21 03:35:30,8100.0,3000.0,761000.0
398,2021-10-21 03:34:09,8100.0,100.0,758000.0
399,2021-10-21 03:33:59,8120.0,100.0,757900.0
400,2021-10-21 03:32:14,8100.0,400.0,757800.0
401,2021-10-21 03:31:52,8100.0,1000.0,757400.0
402,2021-10-21 03:31:52,8100.0,1000.0,756400.0
403,2021-10-21 03:31:52,8100.0,500.0,755400.0
404,2021-10-21 03:31:52,8100.0,3400.0,754900.0
405,2021-10-21 03:31:38,8100.0,1600.0,751500.0
406,2021-10-21 03:31:38,8100.0,200.0,749900.0
407,2021-10-21 03:31:38,8100.0,200.0,749700.0
408,2021-10-21 03:31:14,8080.0,100.0,749500.0
409,2021-10-21 03:31:09,8070.0,200.0,749400.0
410,2021-10-21 03:30:50,8070.0,200.0,749200.0
411,2021-10-21 03:30:39,8070.0,300.0,749000.0
412,2021-10-21 03:30:39,8070.0,200.0,748700.0
413,2021-10-21 03:30:36,8070.0,200.0,748500.0
414,2021-10-21 03:30:36,8070.0,1000.0,748300.0
415,2021-10-21 03:29:54,8060.0,1000.0,747300.0
416,2021-10-21 03:29:54,8060.0,1800.0,746300.0
417,2021-10-21 03:29:17,8060.0,200.0,744500.0
418,2021-10-21 03:29:17,8060.0,2300.0,744300.0
419,2021-10-21 03:29:15,8060.0,1100.0,742000.0
420,2021-10-21 03:28:53,8060.0,300.0,740900.0
421,2021-10-21 03:28:07,8050.0,1000.0,740600.0
422,2021-10-21 03:28:07,8050.0,300.0,739600.0
423,2021-10-21 03:28:07,8050.0,2500.0,739300.0
424,2021-10-21 03:27:54,8050.0,2500.0,736800.0
425,2021-10-21 03:27:54,8050.0,3600.0,734300.0
426,2021-10-21 03:27:45,8040.0,1700.0,730700.0
427,2021-10-21 03:27:22,8030.0,100.0,729000.0
428,2021-10-21 03:27:22,8030.0,300.0,728900.0
429,2021-10-21 03:27:14,8030.0,100.0,728600.0
430,2021-10-21 03:27:04,8030.0,500.0,728500.0
431,2021-10-21 03:26:36,8020.0,100.0,728000.0
432,2021-10-21 03:25:45,8020.0,500.0,727900.0
433,2021-10-21 03:25:45,8020.0,9200.0,727400.0
434,2021-10-21 03:25:26,8020.0,1000.0,718200.0
435,2021-10-21 03:25:14,8020.0,100.0,717200.0
436,2021-10-21 03:25:10,8010.0,1000.0,717100.0
437,2021-10-21 03:25:10,8020.0,2000.0,716100.0
438,2021-10-21 03:25:00,8020.0,1300.0,714100.0
439,2021-10-21 03:24:54,8010.0,100.0,712800.0
440,2021-10-21 03:23:55,8020.0,300.0,712700.0
441,2021-10-21 03:23:46,8020.0,1100.0,712400.0
442,2021-10-21 03:23:32,8020.0,200.0,711300.0
443,2021-10-21 03:23:15,8020.0,2000.0,711100.0
444,2021-10-21 03:23:06,8020.0,2000.0,709100.0
445,2021-10-21 03:23:04,8010.0,200.0,707100.0
446,2021-10-21 03:23:04,8010.0,500.0,706900.0
447,2021-10-21 03:23:04,8010.0,3000.0,706400.0
448,2021-10-21 03:23:04,8010.0,9000.0,703400.0
449,2021-10-21 03:23:04,8010.0,400.0,694400.0
450,2021-10-21 03:22:16,8010.0,500.0,694000.0
451,2021-10-21 03:21:27,8020.0,200.0,693500.0
452,2021-10-21 03:21:18,8020.0,900.0,693300.0
453,2021-10-21 03:21:12,8020.0,1000.0,692400.0
454,2021-10-21 03:21:12,8020.0,3700.0,691400.0
455,2021-10-21 03:21:11,8020.0,100.0,687700.0
456,2021-10-21 03:21:11,8020.0,400.0,687600.0
457,2021-10-21 03:21:11,8020.0,100.0,687200.0
458,2021-10-21 03:21:06,8030.0,100.0,687100.0
459,2021-10-21 03:20:38,8020.0,400.0,687000.0
460,2021-10-21 03:20:22,8000.0,6100.0,686600.0
461,2021-10-21 03:20:22,8000.0,1000.0,680500.0
462,2021-10-21 03:20:22,8000.0,300.0,679500.0
463,2021-10-21 03:20:22,8000.0,900.0,679200.0
464,2021-10-21 03:20:22,8000.0,200.0,678300.0
465,2021-10-21 03:20:22,8000.0,1000.0,678100.0
466,2021-10-21 03:20:22,8000.0,100.0,677100.0
467,2021-10-21 03:20:22,8000.0,1700.0,677000.0
468,2021-10-21 03:20:22,8010.0,500.0,675300.0
469,2021-10-21 03:20:22,8010.0,1000.0,674800.0
470,2021-10-21 03:20:22,8010.0,500.0,673800.0
471,2021-10-21 03:20:22,8010.0,400.0,673300.0
472,2021-10-21 03:20:22,8010.0,5000.0,672900.0
473,2021-10-21 03:19:50,8020.0,300.0,667900.0
474,2021-10-21 03:19:42,8020.0,300.0,667600.0
475,2021-10-21 03:19:42,8020.0,2000.0,667300.0
476,2021-10-21 03:19:42,8020.0,1500.0,665300.0
477,2021-10-21 03:19:34,8030.0,1000.0,663800.0
478,2021-10-21 03:19:16,8030.0,200.0,662800.0
479,2021-10-21 03:19:00,8030.0,100.0,662600.0
480,2021-10-21 03:18:34,8030.0,1000.0,662500.0
481,2021-10-21 03:17:38,8030.0,100.0,661500.0
482,2021-10-21 03:17:38,8030.0,300.0,661400.0
483,2021-10-21 03:16:46,8040.0,300.0,661100.0
484,2021-10-21 03:16:43,8030.0,2200.0,660800.0
485,2021-10-21 03:16:43,8030.0,500.0,658600.0
486,2021-10-21 03:16:43,8030.0,200.0,658100.0
487,2021-10-21 03:16:43,8030.0,100.0,657900.0
488,2021-10-21 03:16:30,8030.0,300.0,657800.0
489,2021-10-21 03:16:30,8030.0,1000.0,657500.0
490,2021-10-21 03:16:30,8030.0,700.0,656500.0
491,2021-10-21 03:16:27,8040.0,1000.0,655800.0
492,2021-10-21 03:16:16,8040.0,6600.0,654800.0
493,2021-10-21 03:16:16,8040.0,3400.0,648200.0
494,2021-10-21 03:16:00,8040.0,1000.0,644800.0
495,2021-10-21 03:15:35,8040.0,100.0,643800.0
496,2021-10-21 03:15:35,8040.0,100.0,643700.0
497,2021-10-21 03:14:46,8040.0,200.0,643600.0
498,2021-10-21 03:14:19,8040.0,300.0,643400.0
499,2021-10-21 03:14:19,8040.0,500.0,643100.0
500,2021-10-21 03:14:07,8040.0,500.0,642600.0
501,2021-10-21 03:13:42,8030.0,800.0,642100.0
502,2021-10-21 03:13:42,8030.0,200.0,641300.0
503,2021-10-21 03:12:42,8030.0,300.0,641100.0
504,2021-10-21 03:12:42,8030.0,700.0,640800.0
505,2021-10-21 03:09:39,8050.0,500.0,640100.0
506,2021-10-21 03:09:39,8050.0,500.0,639600.0
507,2021-10-21 03:09:18,8030.0,1000.0,639100.0
508,2021-10-21 03:09:02,8040.0,200.0,638100.0
509,2021-10-21 03:08:31,8050.0,600.0,637900.0
510,2021-10-21 03:08:14,8030.0,300.0,637300.0
511,2021-10-21 03:07:40,8000.0,800.0,637000.0
512,2021-10-21 03:07:40,8000.0,5000.0,636200.0
513,2021-10-21 03:07:40,8000.0,200.0,631200.0
514,2021-10-21 03:07:40,8000.0,1000.0,631000.0
515,2021-10-21 03:07:40,8000.0,1000.0,630000.0
516,2021-10-21 03:07:40,8000.0,200.0,629000.0
517,2021-10-21 03:07:40,8000.0,1000.0,628800.0
518,2021-10-21 03:07:40,8010.0,500.0,627800.0
519,2021-10-21 03:07:40,8010.0,1000.0,627300.0
520,2021-10-21 03:07:40,8010.0,2000.0,626300.0
521,2021-10-21 03:07:40,8010.0,200.0,624300.0
522,2021-10-21 03:07:40,8010.0,1100.0,624100.0
523,2021-10-21 03:07:40,8020.0,100.0,623000.0
524,2021-10-21 03:07:40,8020.0,2000.0,622900.0
525,2021-10-21 03:07:40,8020.0,100.0,620900.0
526,2021-10-21 03:07:40,8020.0,100.0,620800.0
527,2021-10-21 03:07:40,8020.0,4300.0,620700.0
528,2021-10-21 03:07:40,8020.0,2000.0,616400.0
529,2021-10-21 03:07:40,8020.0,2000.0,614400.0
530,2021-10-21 03:07:40,8020.0,700.0,612400.0
531,2021-10-21 03:07:40,8030.0,500.0,611700.0
532,2021-10-21 03:07:40,8030.0,1000.0,611200.0
533,2021-10-21 03:07:40,8030.0,200.0,610200.0
534,2021-10-21 03:07:40,8030.0,300.0,610000.0
535,2021-10-21 03:07:40,8040.0,5500.0,609700.0
536,2021-10-21 03:07:26,8040.0,500.0,604200.0
537,2021-10-21 03:07:26,8040.0,1300.0,603700.0
538,2021-10-21 03:07:26,8040.0,1200.0,602400.0
539,2021-10-21 03:07:05,8050.0,600.0,601200.0
540,2021-10-21 03:07:05,8050.0,1400.0,600600.0
541,2021-10-21 03:06:06,8050.0,400.0,599200.0
542,2021-10-21 03:05:56,8050.0,100.0,598800.0
543,2021-10-21 03:05:55,8050.0,500.0,598700.0
544,2021-10-21 03:05:55,8050.0,200.0,598200.0
545,2021-10-21 03:05:46,8050.0,400.0,598000.0
546,2021-10-21 03:05:31,8050.0,600.0,597600.0
547,2021-10-21 03:05:14,8050.0,3100.0,597000.0
548,2021-10-21 03:04:59,8050.0,1200.0,593900.0
549,2021-10-21 03:04:07,8060.0,500.0,592700.0
550,2021-10-21 03:03:12,8060.0,400.0,592200.0
551,2021-10-21 03:03:12,8050.0,100.0,591800.0
552,2021-10-21 03:03:05,8050.0,400.0,591700.0
553,2021-10-21 03:02:56,8050.0,100.0,591300.0
554,2021-10-21 03:02:25,8050.0,1500.0,591200.0
555,2021-10-21 03:02:18,8030.0,700.0,589700.0
556,2021-10-21 03:02:18,8030.0,1000.0,589000.0
557,2021-10-21 03:02:18,8040.0,300.0,588000.0
558,2021-10-21 03:02:18,8040.0,1000.0,587700.0
559,2021-10-21 03:02:18,8050.0,1000.0,586700.0
560,2021-10-21 03:02:18,8050.0,500.0,585700.0
561,2021-10-21 03:02:18,8050.0,500.0,585200.0
562,2021-10-21 03:02:15,8050.0,100.0,584700.0
563,2021-10-21 03:01:51,8050.0,400.0,584600.0
564,2021-10-21 03:01:51,8050.0,100.0,584200.0
565,2021-10-21 03:01:47,8050.0,300.0,584100.0
566,2021-10-21 03:00:27,8050.0,700.0,583800.0
567,2021-10-21 03:00:27,8050.0,300.0,583100.0
568,2021-10-21 03:00:15,8060.0,400.0,582800.0
569,2021-10-21 03:00:15,8060.0,100.0,582400.0
570,2021-10-21 02:59:13,8050.0,1700.0,582300.0
571,2021-10-21 02:58:44,8060.0,200.0,580600.0
572,2021-10-21 02:58:38,8060.0,500.0,580400.0
573,2021-10-21 02:58:35,8060.0,100.0,579900.0
574,2021-10-21 02:58:31,8070.0,200.0,579800.0
575,2021-10-21 02:58:30,8070.0,100.0,579600.0
576,2021-10-21 02:57:45,8070.0,100.0,579500.0
577,2021-10-21 02:57:44,8070.0,1500.0,579400.0
578,2021-10-21 02:57:29,8070.0,1300.0,577900.0
579,2021-10-21 02:57:29,8070.0,300.0,576600.0
580,2021-10-21 02:57:22,8060.0,900.0,576300.0
581,2021-10-21 02:57:20,8060.0,100.0,575400.0
582,2021-10-21 02:57:10,8060.0,200.0,575300.0
583,2021-10-21 02:57:10,8060.0,200.0,575100.0
584,2021-10-21 02:56:43,8060.0,200.0,574900.0
585,2021-10-21 02:54:53,8020.0,300.0,574700.0
586,2021-10-21 02:54:43,8010.0,1000.0,574400.0
587,2021-10-21 02:54:39,8010.0,200.0,573400.0
588,2021-10-21 02:54:23,8010.0,700.0,573200.0
589,2021-10-21 02:54:23,8010.0,5000.0,572500.0
590,2021-10-21 02:54:23,8010.0,2000.0,567500.0
591,2021-10-21 02:54:21,8000.0,1000.0,565500.0
592,2021-10-21 02:54:21,8000.0,500.0,564500.0
593,2021-10-21 02:54:21,8000.0,600.0,564000.0
594,2021-10-21 02:54:21,8000.0,100.0,563400.0
595,2021-10-21 02:54:21,8000.0,200.0,563300.0
596,2021-10-21 02:54:21,8000.0,500.0,563100.0
597,2021-10-21 02:54:21,8000.0,2100.0,562600.0
598,2021-10-21 02:54:10,8000.0,1900.0,560500.0
599,2021-10-21 02:54:10,8000.0,900.0,558600.0
600,2021-10-21 02:54:10,8000.0,500.0,557700.0
601,2021-10-21 02:54:10,8000.0,200.0,557200.0
602,2021-10-21 02:54:10,8000.0,1000.0,557000.0
603,2021-10-21 02:54:10,8000.0,200.0,556000.0
604,2021-10-21 02:54:10,8000.0,300.0,555800.0
605,2021-10-21 02:54:06,8010.0,1000.0,555500.0
606,2021-10-21 02:54:00,8000.0,100.0,554500.0
607,2021-10-21 02:53:58,8000.0,100.0,554400.0
608,2021-10-21 02:53:47,8000.0,300.0,554300.0
609,2021-10-21 02:53:30,8000.0,200.0,554000.0
610,2021-10-21 02:53:17,8000.0,300.0,553800.0
611,2021-10-21 02:53:16,8000.0,800.0,553500.0
612,2021-10-21 02:53:04,8000.0,100.0,552700.0
613,2021-10-21 02:52:39,8000.0,800.0,552600.0
614,2021-10-21 02:52:39,8000.0,9200.0,551800.0
615,2021-10-21 02:52:28,8010.0,700.0,542600.0
616,2021-10-21 02:52:16,8010.0,1300.0,541900.0
617,2021-10-21 02:52:16,8010.0,1000.0,540600.0
618,2021-10-21 02:52:16,8010.0,700.0,539600.0
619,2021-10-21 02:52:14,8010.0,800.0,538900.0
620,2021-10-21 02:52:14,8010.0,2200.0,538100.0
621,2021-10-21 02:52:12,8010.0,400.0,535900.0
622,2021-10-21 02:52:09,8010.0,200.0,535500.0
623,2021-10-21 02:52:09,8000.0,100.0,535300.0
624,2021-10-21 02:51:57,8010.0,1300.0,535200.0
625,2021-10-21 02:51:47,8010.0,300.0,533900.0
626,2021-10-21 02:51:40,8010.0,100.0,533600.0
627,2021-10-21 02:51:17,8010.0,200.0,533500.0
628,2021-10-21 02:51:16,8000.0,700.0,533300.0
629,2021-10-21 02:51:16,8000.0,1000.0,532600.0
630,2021-10-21 02:51:16,8000.0,1000.0,531600.0
631,2021-10-21 02:51:16,8000.0,100.0,530600.0
632,2021-10-21 02:51:16,8000.0,200.0,530500.0
633,2021-10-21 02:51:16,8000.0,100.0,530300.0
634,2021-10-21 02:51:16,8000.0,200.0,530200.0
635,2021-10-21 02:51:16,8000.0,200.0,530000.0
636,2021-10-21 02:51:16,8000.0,1500.0,529800.0
637,2021-10-21 02:51:07,8010.0,200.0,528300.0
638,2021-10-21 02:51:03,8000.0,500.0,528100.0
639,2021-10-21 02:51:03,8000.0,400.0,527600.0
640,2021-10-21 02:51:03,8000.0,100.0,527200.0
641,2021-10-21 02:51:03,8000.0,200.0,527100.0
642,2021-10-21 02:51:03,8000.0,200.0,526900.0
643,2021-10-21 02:50:58,8010.0,100.0,526700.0
644,2021-10-21 02:50:24,8010.0,100.0,526600.0
645,2021-10-21 02:50:08,8000.0,800.0,526500.0
646,2021-10-21 02:50:08,8000.0,200.0,525700.0
647,2021-10-21 02:49:51,8060.0,800.0,525500.0
648,2021-10-21 02:49:51,8060.0,900.0,524700.0
649,2021-10-21 02:49:51,8060.0,6500.0,523800.0
650,2021-10-21 02:49:51,8050.0,1800.0,517300.0
651,2021-10-21 02:49:50,8050.0,200.0,515500.0
652,2021-10-21 02:49:42,8050.0,100.0,515300.0
653,2021-10-21 02:49:35,8060.0,200.0,515200.0
654,2021-10-21 02:49:34,8000.0,800.0,515000.0
655,2021-10-21 02:49:34,8000.0,4100.0,514200.0
656,2021-10-21 02:49:34,8000.0,9000.0,510100.0
657,2021-10-21 02:49:34,8000.0,200.0,501100.0
658,2021-10-21 02:49:34,8000.0,1000.0,500900.0
659,2021-10-21 02:49:34,8000.0,300.0,499900.0
660,2021-10-21 02:49:34,8000.0,100.0,499600.0
661,2021-10-21 02:49:34,8000.0,4200.0,499500.0
662,2021-10-21 02:49:34,8000.0,1000.0,495300.0
663,2021-10-21 02:49:34,8000.0,300.0,494300.0
664,2021-10-21 02:49:34,8000.0,100.0,494000.0
665,2021-10-21 02:49:34,8000.0,100.0,493900.0
666,2021-10-21 02:49:34,8000.0,5000.0,493800.0
667,2021-10-21 02:49:34,8000.0,100.0,488800.0
668,2021-10-21 02:49:34,8000.0,100.0,488700.0
669,2021-10-21 02:49:34,8000.0,100.0,488600.0
670,2021-10-21 02:49:34,8010.0,3000.0,488500.0
671,2021-10-21 02:49:34,8010.0,100.0,485500.0
672,2021-10-21 02:49:34,8010.0,100.0,485400.0
673,2021-10-21 02:49:34,8010.0,500.0,485300.0
674,2021-10-21 02:49:34,8020.0,1000.0,484800.0
675,2021-10-21 02:49:34,8020.0,5000.0,483800.0
676,2021-10-21 02:49:34,8020.0,400.0,478800.0
677,2021-10-21 02:49:34,8020.0,300.0,478400.0
678,2021-10-21 02:49:34,8020.0,100.0,478100.0
679,2021-10-21 02:49:34,8020.0,100.0,478000.0
680,2021-10-21 02:49:34,8030.0,200.0,477900.0
681,2021-10-21 02:49:34,8030.0,400.0,477700.0
682,2021-10-21 02:49:34,8030.0,100.0,477300.0
683,2021-10-21 02:49:34,8040.0,400.0,477200.0
684,2021-10-21 02:49:34,8040.0,1000.0,476800.0
685,2021-10-21 02:49:34,8040.0,100.0,475800.0
686,2021-10-21 02:49:34,8040.0,100.0,475700.0
687,2021-10-21 02:49:34,8050.0,600.0,475600.0
688,2021-10-21 02:49:30,8050.0,200.0,475000.0
689,2021-10-21 02:49:30,8050.0,100.0,474800.0
690,2021-10-21 02:49:30,8050.0,100.0,474700.0
691,2021-10-21 02:49:13,8050.0,400.0,474600.0
692,2021-10-21 02:48:59,8060.0,200.0,474200.0
693,2021-10-21 02:48:59,8060.0,100.0,474000.0
694,2021-10-21 02:48:46,8070.0,400.0,473900.0
695,2021-10-21 02:48:16,8070.0,1000.0,473500.0
696,2021-10-21 02:48:16,8060.0,300.0,472500.0
697,2021-10-21 02:48:16,8060.0,300.0,472200.0
698,2021-10-21 02:48:09,8060.0,800.0,471900.0
699,2021-10-21 02:48:09,8050.0,200.0,471100.0
700,2021-10-21 02:48:07,8050.0,300.0,470900.0
701,2021-10-21 02:47:54,8050.0,1700.0,470600.0
702,2021-10-21 02:47:53,8050.0,100.0,468900.0
703,2021-10-21 02:47:53,8050.0,300.0,468800.0
704,2021-10-21 02:47:53,8050.0,1000.0,468500.0
705,2021-10-21 02:47:53,8050.0,1000.0,467500.0
706,2021-10-21 02:47:53,8050.0,900.0,466500.0
707,2021-10-21 02:47:40,8050.0,100.0,465600.0
708,2021-10-21 02:47:40,8050.0,100.0,465500.0
709,2021-10-21 02:47:16,8060.0,100.0,465400.0
710,2021-10-21 02:47:14,8060.0,3000.0,465300.0
711,2021-10-21 02:47:14,8060.0,300.0,462300.0
712,2021-10-21 02:47:08,8060.0,500.0,462000.0
713,2021-10-21 02:46:36,8070.0,100.0,461500.0
714,2021-10-21 02:46:24,8070.0,500.0,461400.0
715,2021-10-21 02:46:16,8070.0,500.0,460900.0
716,2021-10-21 02:45:55,8070.0,2000.0,460400.0
717,2021-10-21 02:45:39,8070.0,100.0,458400.0
718,2021-10-21 02:45:39,8070.0,500.0,458300.0
719,2021-10-21 02:45:39,8070.0,100.0,457800.0
720,2021-10-21 02:45:39,8070.0,6100.0,457700.0
721,2021-10-21 02:45:39,8070.0,200.0,451600.0
722,2021-10-21 02:45:39,8070.0,2500.0,451400.0
723,2021-10-21 02:45:39,8070.0,200.0,448900.0
724,2021-10-21 02:45:39,8070.0,1000.0,448700.0
725,2021-10-21 02:45:39,8070.0,500.0,447700.0
726,2021-10-21 02:45:39,8070.0,800.0,447200.0
727,2021-10-21 02:45:39,8070.0,200.0,446400.0
728,2021-10-21 02:45:39,8070.0,200.0,446200.0
729,2021-10-21 02:45:39,8070.0,100.0,446000.0
730,2021-10-21 02:45:39,8070.0,200.0,445900.0
731,2021-10-21 02:45:39,8070.0,2000.0,445700.0
732,2021-10-21 02:45:39,8070.0,200.0,443700.0
733,2021-10-21 02:45:39,8070.0,200.0,443500.0
734,2021-10-21 02:45:39,8070.0,100.0,443300.0
735,2021-10-21 02:45:36,8070.0,400.0,443200.0
736,2021-10-21 02:45:36,8070.0,2100.0,442800.0
737,2021-10-21 02:45:26,8070.0,1300.0,440700.0
738,2021-10-21 02:45:26,8070.0,400.0,439400.0
739,2021-10-21 02:45:26,8070.0,200.0,439000.0
740,2021-10-21 02:45:26,8070.0,100.0,438800.0
741,2021-10-21 02:45:16,8070.0,400.0,438700.0
742,2021-10-21 02:45:16,8070.0,200.0,438300.0
743,2021-10-21 02:45:16,8070.0,100.0,438100.0
744,2021-10-21 02:45:16,8070.0,300.0,438000.0
745,2021-10-21 02:44:58,8070.0,200.0,437700.0
746,2021-10-21 02:44:20,8070.0,500.0,437500.0
747,2021-10-21 02:44:20,8080.0,100.0,437000.0
748,2021-10-21 02:44:20,8080.0,3800.0,436900.0
749,2021-10-21 02:43:58,8080.0,500.0,433100.0
750,2021-10-21 02:43:42,8080.0,700.0,432600.0
751,2021-10-21 02:43:35,8070.0,500.0,431900.0
752,2021-10-21 02:43:34,8070.0,200.0,431400.0
753,2021-10-21 02:43:09,8080.0,800.0,431200.0
754,2021-10-21 02:42:33,8080.0,200.0,430400.0
755,2021-10-21 02:42:17,8100.0,1700.0,430200.0
756,2021-10-21 02:42:17,8100.0,300.0,428500.0
757,2021-10-21 02:40:04,8100.0,2500.0,428200.0
758,2021-10-21 02:39:25,8100.0,1300.0,425700.0
759,2021-10-21 02:39:10,8070.0,3800.0,424400.0
760,2021-10-21 02:39:10,8080.0,600.0,420600.0
761,2021-10-21 02:39:10,8080.0,1000.0,420000.0
762,2021-10-21 02:39:10,8080.0,500.0,419000.0
763,2021-10-21 02:39:10,8080.0,200.0,418500.0
764,2021-10-21 02:39:10,8080.0,1000.0,418300.0
765,2021-10-21 02:39:10,8080.0,10000.0,417300.0
766,2021-10-21 02:39:10,8090.0,5000.0,407300.0
767,2021-10-21 02:39:10,8090.0,100.0,402300.0
768,2021-10-21 02:39:10,8090.0,1000.0,402200.0
769,2021-10-21 02:39:10,8090.0,300.0,401200.0
770,2021-10-21 02:38:48,8090.0,1000.0,400900.0
771,2021-10-21 02:38:47,8100.0,800.0,399900.0
772,2021-10-21 02:38:10,8100.0,100.0,399100.0
773,2021-10-21 02:38:10,8100.0,1000.0,399000.0
774,2021-10-21 02:38:10,8100.0,200.0,398000.0
775,2021-10-21 02:38:10,8100.0,200.0,397800.0
776,2021-10-21 02:38:10,8100.0,2000.0,397600.0
777,2021-10-21 02:38:10,8100.0,100.0,395600.0
778,2021-10-21 02:38:10,8100.0,1000.0,395500.0
779,2021-10-21 02:38:10,8100.0,200.0,394500.0
780,2021-10-21 02:38:10,8100.0,300.0,394300.0
781,2021-10-21 02:38:08,8100.0,500.0,394000.0
782,2021-10-21 02:38:08,8100.0,100.0,393500.0
783,2021-10-21 02:38:08,8100.0,300.0,393400.0
784,2021-10-21 02:38:08,8100.0,100.0,393100.0
785,2021-10-21 02:38:08,8100.0,500.0,393000.0
786,2021-10-21 02:38:08,8100.0,500.0,392500.0
787,2021-10-21 02:38:08,8100.0,500.0,392000.0
788,2021-10-21 02:38:00,8100.0,1000.0,391500.0
789,2021-10-21 02:37:56,8100.0,8500.0,390500.0
790,2021-10-21 02:37:56,8100.0,100.0,382000.0
791,2021-10-21 02:37:56,8100.0,1000.0,381900.0
792,2021-10-21 02:37:56,8100.0,10000.0,380900.0
793,2021-10-21 02:37:56,8100.0,200.0,370900.0
794,2021-10-21 02:37:56,8100.0,200.0,370700.0
795,2021-10-21 02:37:25,8100.0,1000.0,370500.0
796,2021-10-21 02:37:25,8100.0,1600.0,369500.0
797,2021-10-21 02:37:08,8120.0,300.0,367900.0
798,2021-10-21 02:36:29,8120.0,1400.0,367600.0
799,2021-10-21 02:36:18,8100.0,1400.0,366200.0
800,2021-10-21 02:36:18,8100.0,200.0,364800.0
801,2021-10-21 02:36:18,8100.0,200.0,364600.0
802,2021-10-21 02:36:18,8100.0,1000.0,364400.0
803,2021-10-21 02:36:18,8100.0,3000.0,363400.0
804,2021-10-21 02:36:18,8100.0,4200.0,360400.0
805,2021-10-21 02:36:01,8100.0,600.0,356200.0
806,2021-10-21 02:35:58,8120.0,700.0,355600.0
807,2021-10-21 02:35:58,8120.0,3000.0,354900.0
808,2021-10-21 02:35:58,8120.0,2500.0,351900.0
809,2021-10-21 02:35:34,8120.0,200.0,349400.0
810,2021-10-21 02:35:01,8120.0,4300.0,349200.0
811,2021-10-21 02:35:01,8110.0,100.0,344900.0
812,2021-10-21 02:35:01,8110.0,100.0,344800.0
813,2021-10-21 02:35:01,8110.0,100.0,344700.0
814,2021-10-21 02:35:01,8110.0,400.0,344600.0
815,2021-10-21 02:34:55,8110.0,800.0,344200.0
816,2021-10-21 02:34:55,8110.0,1000.0,343400.0
817,2021-10-21 02:34:55,8110.0,2500.0,342400.0
818,2021-10-21 02:34:50,8110.0,1500.0,339900.0
819,2021-10-21 02:34:38,8110.0,100.0,338400.0
820,2021-10-21 02:34:35,8110.0,200.0,338300.0
821,2021-10-21 02:34:35,8110.0,200.0,338100.0
822,2021-10-21 02:34:35,8110.0,300.0,337900.0
823,2021-10-21 02:34:35,8110.0,100.0,337600.0
824,2021-10-21 02:34:35,8110.0,300.0,337500.0
825,2021-10-21 02:34:13,8110.0,700.0,337200.0
826,2021-10-21 02:34:13,8110.0,500.0,336500.0
827,2021-10-21 02:34:13,8120.0,800.0,336000.0
828,2021-10-21 02:34:11,8120.0,1500.0,335200.0
829,2021-10-21 02:34:11,8120.0,2800.0,333700.0
830,2021-10-21 02:34:11,8120.0,1200.0,330900.0
831,2021-10-21 02:34:11,8120.0,4700.0,329700.0
832,2021-10-21 02:33:55,8120.0,100.0,325000.0
833,2021-10-21 02:33:41,8120.0,200.0,324900.0
834,2021-10-21 02:33:41,8120.0,500.0,324700.0
835,2021-10-21 02:33:41,8120.0,1300.0,324200.0
836,2021-10-21 02:33:35,8120.0,2000.0,322900.0
837,2021-10-21 02:33:25,8120.0,700.0,320900.0
838,2021-10-21 02:33:25,8120.0,1800.0,320200.0
839,2021-10-21 02:33:11,8120.0,200.0,318400.0
840,2021-10-21 02:33:11,8120.0,400.0,318200.0
841,2021-10-21 02:33:11,8120.0,400.0,317800.0
842,2021-10-21 02:32:13,8120.0,600.0,317400.0
843,2021-10-21 02:32:13,8120.0,100.0,316800.0
844,2021-10-21 02:32:13,8120.0,1300.0,316700.0
845,2021-10-21 02:31:42,8120.0,500.0,315400.0
846,2021-10-21 02:31:09,8190.0,1000.0,314900.0
847,2021-10-21 02:30:54,8120.0,200.0,313900.0
848,2021-10-21 02:30:52,8190.0,3100.0,313700.0
849,2021-10-21 02:30:43,8190.0,200.0,310600.0
850,2021-10-21 02:30:26,8190.0,300.0,310400.0
851,2021-10-21 02:30:26,8200.0,5000.0,310100.0
852,2021-10-21 02:30:14,8200.0,200.0,305100.0
853,2021-10-21 02:30:14,8200.0,200.0,304900.0
854,2021-10-21 02:30:14,8200.0,100.0,304700.0
855,2021-10-21 02:29:20,8200.0,400.0,304600.0
856,2021-10-21 02:29:20,8200.0,100.0,304200.0
857,2021-10-21 02:29:20,8190.0,500.0,304100.0
858,2021-10-21 02:28:13,8200.0,900.0,303600.0
859,2021-10-21 02:28:13,8200.0,300.0,302700.0
860,2021-10-21 02:27:41,8200.0,900.0,302400.0
861,2021-10-21 02:27:25,8200.0,1800.0,301500.0
862,2021-10-21 02:27:25,8200.0,500.0,299700.0
863,2021-10-21 02:27:25,8200.0,700.0,299200.0
864,2021-10-21 02:27:12,8200.0,300.0,298500.0
865,2021-10-21 02:27:11,8110.0,100.0,298200.0
866,2021-10-21 02:26:35,8110.0,300.0,298100.0
867,2021-10-21 02:26:24,8110.0,100.0,297800.0
868,2021-10-21 02:26:22,8110.0,1000.0,297700.0
869,2021-10-21 02:26:22,8110.0,100.0,296700.0
870,2021-10-21 02:26:22,8110.0,500.0,296600.0
871,2021-10-21 02:26:22,8120.0,2000.0,296100.0
872,2021-10-21 02:26:16,8200.0,200.0,294100.0
873,2021-10-21 02:26:10,8200.0,100.0,293900.0
874,2021-10-21 02:26:10,8200.0,500.0,293800.0
875,2021-10-21 02:26:10,8200.0,400.0,293300.0
876,2021-10-21 02:26:08,8200.0,100.0,292900.0
877,2021-10-21 02:25:32,8200.0,100.0,292800.0
878,2021-10-21 02:25:31,8100.0,200.0,292700.0
879,2021-10-21 02:25:22,8110.0,200.0,292500.0
880,2021-10-21 02:24:53,8100.0,100.0,292300.0
881,2021-10-21 02:24:53,8100.0,100.0,292200.0
882,2021-10-21 02:24:31,8100.0,500.0,292100.0
883,2021-10-21 02:24:30,8100.0,300.0,291600.0
884,2021-10-21 02:24:23,8100.0,200.0,291300.0
885,2021-10-21 02:24:23,8100.0,500.0,291100.0
886,2021-10-21 02:24:23,8100.0,300.0,290600.0
887,2021-10-21 02:24:08,8100.0,2000.0,290300.0
888,2021-10-21 02:24:08,8100.0,500.0,288300.0
889,2021-10-21 02:24:03,8100.0,500.0,287800.0
890,2021-10-21 02:24:03,8100.0,300.0,287300.0
891,2021-10-21 02:24:03,8100.0,500.0,287000.0
892,2021-10-21 02:24:03,8100.0,500.0,286500.0
893,2021-10-21 02:24:03,8100.0,100.0,286000.0
894,2021-10-21 02:23:56,8100.0,400.0,285900.0
895,2021-10-21 02:23:56,8100.0,200.0,285500.0
896,2021-10-21 02:23:56,8100.0,400.0,285300.0
897,2021-10-21 02:23:56,8100.0,1000.0,284900.0
898,2021-10-21 02:23:45,8100.0,100.0,283900.0
899,2021-10-21 02:23:42,8100.0,5000.0,283800.0
900,2021-10-21 02:23:32,8100.0,8100.0,278800.0
901,2021-10-21 02:23:26,8090.0,2000.0,270700.0
902,2021-10-21 02:23:26,8100.0,2900.0,268700.0
903,2021-10-21 02:23:22,8100.0,2400.0,265800.0
904,2021-10-21 02:23:21,8100.0,5000.0,263400.0
905,2021-10-21 02:23:10,8100.0,5000.0,258400.0
906,2021-10-21 02:22:56,8100.0,5000.0,253400.0
907,2021-10-21 02:22:41,8100.0,300.0,248400.0
908,2021-10-21 02:22:32,8100.0,2000.0,248100.0
909,2021-10-21 02:22:29,8100.0,3000.0,246100.0
910,2021-10-21 02:22:26,8100.0,500.0,243100.0
911,2021-10-21 02:22:26,8100.0,100.0,242600.0
912,2021-10-21 02:22:08,8100.0,10000.0,242500.0
913,2021-10-21 02:21:50,8100.0,3000.0,232500.0
914,2021-10-21 02:21:29,8090.0,1000.0,229500.0
915,2021-10-21 02:21:29,8100.0,1600.0,228500.0
916,2021-10-21 02:21:24,8100.0,100.0,226900.0
917,2021-10-21 02:21:05,8090.0,200.0,226800.0
918,2021-10-21 02:21:05,8090.0,1100.0,226600.0
919,2021-10-21 02:20:48,8090.0,900.0,225500.0
920,2021-10-21 02:20:48,8090.0,100.0,224600.0
921,2021-10-21 02:20:33,8090.0,1000.0,224500.0
922,2021-10-21 02:20:23,8090.0,1000.0,223500.0
923,2021-10-21 02:20:22,8080.0,1000.0,222500.0
924,2021-10-21 02:20:20,8090.0,1000.0,221500.0
925,2021-10-21 02:19:42,8100.0,1000.0,220500.0
926,2021-10-21 02:19:39,8100.0,4500.0,219500.0
927,2021-10-21 02:19:39,8100.0,100.0,215000.0
928,2021-10-21 02:19:39,8100.0,300.0,214900.0
929,2021-10-21 02:19:39,8100.0,2000.0,214600.0
930,2021-10-21 02:19:39,8100.0,2000.0,212600.0
931,2021-10-21 02:19:39,8100.0,3000.0,210600.0
932,2021-10-21 02:19:39,8100.0,2900.0,207600.0
933,2021-10-21 02:19:39,8110.0,100.0,204700.0
934,2021-10-21 02:19:39,8110.0,2800.0,204600.0
935,2021-10-21 02:19:39,8110.0,900.0,201800.0
936,2021-10-21 02:19:31,8100.0,100.0,200900.0
937,2021-10-21 02:19:30,8200.0,1000.0,200800.0
938,2021-10-21 02:19:28,8200.0,700.0,199800.0
939,2021-10-21 02:19:26,8200.0,200.0,199100.0
940,2021-10-21 02:19:15,8200.0,100.0,198900.0
941,2021-10-21 02:19:15,8200.0,200.0,198800.0
942,2021-10-21 02:19:15,8200.0,300.0,198600.0
943,2021-10-21 02:19:15,8200.0,100.0,198300.0
944,2021-10-21 02:19:15,8200.0,700.0,198200.0
945,2021-10-21 02:19:02,8210.0,700.0,197500.0
946,2021-10-21 02:19:02,8210.0,300.0,196800.0
947,2021-10-21 02:18:56,8200.0,2000.0,196500.0
948,2021-10-21 02:18:50,8200.0,3300.0,194500.0
949,2021-10-21 02:18:50,8200.0,500.0,191200.0
950,2021-10-21 02:18:50,8200.0,2000.0,190700.0
951,2021-10-21 02:18:50,8200.0,2000.0,188700.0
952,2021-10-21 02:18:50,8200.0,2200.0,186700.0
953,2021-10-21 02:18:48,8210.0,200.0,184500.0
954,2021-10-21 02:18:39,8210.0,500.0,184300.0
955,2021-10-21 02:18:09,8200.0,2800.0,183800.0
956,2021-10-21 02:18:09,8200.0,400.0,181000.0
957,2021-10-21 02:18:09,8300.0,500.0,180600.0
958,2021-10-21 02:18:09,8300.0,100.0,180100.0
959,2021-10-21 02:18:09,8300.0,1500.0,180000.0
960,2021-10-21 02:18:06,8300.0,3500.0,178500.0
961,2021-10-21 02:18:05,8300.0,1000.0,175000.0
962,2021-10-21 02:18:05,8300.0,400.0,174000.0
963,2021-10-21 02:18:05,8300.0,500.0,173600.0
964,2021-10-21 02:17:59,8300.0,3000.0,173100.0
965,2021-10-21 02:17:53,8300.0,1500.0,170100.0
966,2021-10-21 02:17:53,8300.0,500.0,168600.0
967,2021-10-21 02:17:44,8300.0,2000.0,168100.0
968,2021-10-21 02:17:16,8300.0,7500.0,166100.0
969,2021-10-21 02:17:16,8300.0,500.0,158600.0
970,2021-10-21 02:17:16,8300.0,800.0,158100.0
971,2021-10-21 02:17:16,8300.0,1200.0,157300.0
972,2021-10-21 02:17:04,8300.0,800.0,156100.0
973,2021-10-21 02:17:04,8300.0,1700.0,155300.0
974,2021-10-21 02:16:55,8300.0,300.0,153600.0
975,2021-10-21 02:16:55,8300.0,1000.0,153300.0
976,2021-10-21 02:16:55,8300.0,1100.0,152300.0
977,2021-10-21 02:16:46,8300.0,3900.0,151200.0
978,2021-10-21 02:16:46,8300.0,100.0,147300.0
979,2021-10-21 02:16:46,8300.0,2800.0,147200.0
980,2021-10-21 02:16:46,8390.0,100.0,144400.0
981,2021-10-21 02:16:28,8300.0,200.0,144300.0
982,2021-10-21 02:16:28,8300.0,4800.0,144100.0
983,2021-10-21 02:16:23,8400.0,300.0,139300.0
984,2021-10-21 02:16:22,8300.0,200.0,139000.0
985,2021-10-21 02:16:22,8300.0,300.0,138800.0
986,2021-10-21 02:16:12,8300.0,500.0,138500.0
987,2021-10-21 02:15:06,8400.0,3000.0,138000.0
988,2021-10-21 02:15:00,8450.0,4500.0,135000.0
989,2021-10-21 02:15:00,8450.0,4000.0,130500.0
990,2021-10-21 02:15:00,8450.0,100.0,126500.0
991,2021-10-21 02:15:00,8450.0,900.0,126400.0
992,2021-10-21 02:15:00,8450.0,11300.0,125500.0
993,2021-10-21 02:15:00,8450.0,5000.0,114200.0
994,2021-10-21 02:15:00,8450.0,2000.0,109200.0
995,2021-10-21 02:15:00,8450.0,3000.0,107200.0
996,2021-10-21 02:15:00,8450.0,1100.0,104200.0
997,2021-10-21 02:15:00,8450.0,20000.0,103100.0
998,2021-10-21 02:15:00,8450.0,5700.0,83100.0
999,2021-10-21 02:15:00,8450.0,1900.0,77400.0
1000,2021-10-21 02:15:00,8450.0,100.0,75500.0
1001,2021-10-21 02:15:00,8450.0,3800.0,75400.0
1002,2021-10-21 02:15:00,8450.0,14200.0,71600.0
1003,2021-10-21 02:15:00,8450.0,100.0,57400.0
1004,2021-10-21 02:15:00,8450.0,500.0,57300.0
1005,2021-10-21 02:15:00,8450.0,100.0,56800.0
1006,2021-10-21 02:15:00,8450.0,200.0,56700.0
1007,2021-10-21 02:15:00,8450.0,4900.0,56500.0
1008,2021-10-21 02:15:00,8450.0,1100.0,51600.0
1009,2021-10-21 02:15:00,8450.0,1000.0,50500.0
1010,2021-10-21 02:15:00,8450.0,2900.0,49500.0
1011,2021-10-21 02:15:00,8450.0,7100.0,46600.0
1012,2021-10-21 02:15:00,8450.0,400.0,39500.0
1013,2021-10-21 02:15:00,8450.0,400.0,39100.0
1014,2021-10-21 02:15:00,8450.0,1200.0,38700.0
1015,2021-10-21 02:15:00,8450.0,100.0,37500.0
1016,2021-10-21 02:15:00,8450.0,100.0,37400.0
1017,2021-10-21 02:15:00,8450.0,1900.0,37300.0
1018,2021-10-21 02:15:00,8450.0,1000.0,35400.0
1019,2021-10-21 02:15:00,8450.0,1200.0,34400.0
1020,2021-10-21 02:15:00,8450.0,1000.0,33200.0
1021,2021-10-21 02:15:00,8450.0,8000.0,32200.0
1022,2021-10-21 02:15:00,8450.0,100.0,24200.0
1023,2021-10-21 02:15:00,8450.0,500.0,24100.0
1024,2021-10-21 02:15:00,8450.0,1000.0,23600.0
1025,2021-10-21 02:15:00,8450.0,100.0,22600.0
1026,2021-10-21 02:15:00,8450.0,500.0,22500.0
1027,2021-10-21 02:15:00,8450.0,2000.0,22000.0
1028,2021-10-21 02:15:00,8450.0,500.0,20000.0
1029,2021-10-21 02:15:00,8450.0,200.0,19500.0
1030,2021-10-21 02:15:00,8450.0,1000.0,19300.0
1031,2021-10-21 02:15:00,8450.0,1000.0,18300.0
1032,2021-10-21 02:15:00,8450.0,200.0,17300.0
1033,2021-10-21 02:15:00,8450.0,100.0,17100.0
1034,2021-10-21 02:15:00,8450.0,200.0,17000.0
1035,2021-10-21 02:15:00,8450.0,600.0,16800.0
1036,2021-10-21 02:15:00,8450.0,700.0,16200.0
1037,2021-10-21 02:15:00,8450.0,500.0,15500.0
1038,2021-10-21 02:15:00,8450.0,2900.0,15000.0
1039,2021-10-21 02:15:00,8450.0,2100.0,12100.0
1040,2021-10-21 02:15:00,8450.0,2700.0,10000.0
1041,2021-10-21 02:15:00,8450.0,2300.0,7300.0
1042,2021-10-21 02:15:00,8450.0,2700.0,5000.0
1043,2021-10-21 02:15:00,8450.0,1300.0,2300.0
1044,2021-10-21 02:15:00,8450.0,1000.0,1000.0
