,Time,Price,Volume_per_trade,Volume
0,2021-10-22 07:45:01,38150.0,1000.0,659600.0
1,2021-10-22 07:45:01,38150.0,600.0,658600.0
2,2021-10-22 07:45:01,38150.0,1200.0,658000.0
3,2021-10-22 07:45:01,38150.0,500.0,656800.0
4,2021-10-22 07:45:01,38150.0,500.0,656300.0
5,2021-10-22 07:45:01,38150.0,400.0,655800.0
6,2021-10-22 07:45:01,38150.0,300.0,655400.0
7,2021-10-22 07:45:01,38150.0,500.0,655100.0
8,2021-10-22 07:45:01,38150.0,1000.0,654600.0
9,2021-10-22 07:29:52,38100.0,100.0,653600.0
10,2021-10-22 07:29:45,38100.0,100.0,653500.0
11,2021-10-22 07:29:44,38100.0,200.0,653400.0
12,2021-10-22 07:28:48,38100.0,100.0,653200.0
13,2021-10-22 07:27:51,38100.0,100.0,653100.0
14,2021-10-22 07:27:37,38100.0,900.0,653000.0
15,2021-10-22 07:27:26,38100.0,100.0,652100.0
16,2021-10-22 07:26:33,38100.0,500.0,652000.0
17,2021-10-22 07:24:59,38100.0,100.0,651500.0
18,2021-10-22 07:24:59,38100.0,3900.0,651400.0
19,2021-10-22 07:24:38,38100.0,100.0,647500.0
20,2021-10-22 07:24:38,38100.0,400.0,647400.0
21,2021-10-22 07:24:26,38050.0,1700.0,647000.0
22,2021-10-22 07:24:14,38050.0,200.0,645300.0
23,2021-10-22 07:24:07,38050.0,400.0,645100.0
24,2021-10-22 07:23:55,38050.0,300.0,644700.0
25,2021-10-22 07:23:41,38050.0,200.0,644400.0
26,2021-10-22 07:23:19,38050.0,500.0,644200.0
27,2021-10-22 07:23:00,38050.0,300.0,643700.0
28,2021-10-22 07:23:00,38050.0,2000.0,643400.0
29,2021-10-22 07:22:49,38100.0,400.0,641400.0
30,2021-10-22 07:22:48,38050.0,800.0,641000.0
31,2021-10-22 07:22:48,38050.0,1300.0,640200.0
32,2021-10-22 07:22:40,38100.0,200.0,638900.0
33,2021-10-22 07:22:40,38100.0,300.0,638700.0
34,2021-10-22 07:22:32,38100.0,100.0,638400.0
35,2021-10-22 07:22:26,38100.0,100.0,638300.0
36,2021-10-22 07:22:26,38100.0,200.0,638200.0
37,2021-10-22 07:21:00,38050.0,400.0,638000.0
38,2021-10-22 07:20:33,38050.0,100.0,637600.0
39,2021-10-22 07:20:29,38050.0,900.0,637500.0
40,2021-10-22 07:20:29,38050.0,100.0,636600.0
41,2021-10-22 07:19:38,38050.0,1000.0,636500.0
42,2021-10-22 07:19:38,38050.0,500.0,635500.0
43,2021-10-22 07:19:14,38050.0,200.0,635000.0
44,2021-10-22 07:19:10,38050.0,100.0,634800.0
45,2021-10-22 07:19:10,38050.0,200.0,634700.0
46,2021-10-22 07:18:52,38050.0,500.0,634500.0
47,2021-10-22 07:18:34,38050.0,100.0,634000.0
48,2021-10-22 07:17:29,38050.0,100.0,633900.0
49,2021-10-22 07:17:26,38050.0,1200.0,633800.0
50,2021-10-22 07:15:49,38050.0,2000.0,632600.0
51,2021-10-22 07:14:50,38050.0,100.0,630600.0
52,2021-10-22 07:14:01,38050.0,500.0,630500.0
53,2021-10-22 07:13:25,38050.0,1900.0,630000.0
54,2021-10-22 07:13:04,38050.0,100.0,628100.0
55,2021-10-22 07:13:04,38050.0,200.0,628000.0
56,2021-10-22 07:13:04,38050.0,200.0,627800.0
57,2021-10-22 07:13:04,38050.0,2900.0,627600.0
58,2021-10-22 07:12:58,38050.0,5100.0,624700.0
59,2021-10-22 07:12:58,38050.0,100.0,619600.0
60,2021-10-22 07:12:39,38050.0,100.0,619500.0
61,2021-10-22 07:12:33,38050.0,800.0,619400.0
62,2021-10-22 07:12:33,38050.0,4700.0,618600.0
63,2021-10-22 07:11:47,38050.0,1200.0,613900.0
64,2021-10-22 07:10:58,38050.0,800.0,612700.0
65,2021-10-22 07:10:26,38100.0,100.0,611900.0
66,2021-10-22 07:09:48,38100.0,100.0,611800.0
67,2021-10-22 07:06:56,38100.0,100.0,611700.0
68,2021-10-22 07:03:39,38100.0,600.0,611600.0
69,2021-10-22 07:03:39,38100.0,400.0,611000.0
70,2021-10-22 07:03:21,38100.0,100.0,610600.0
71,2021-10-22 07:03:21,38100.0,500.0,610500.0
72,2021-10-22 07:03:21,38100.0,500.0,610000.0
73,2021-10-22 07:03:21,38100.0,400.0,609500.0
74,2021-10-22 07:00:45,38100.0,100.0,609100.0
75,2021-10-22 07:00:45,38100.0,500.0,609000.0
76,2021-10-22 07:00:17,38100.0,400.0,608500.0
77,2021-10-22 07:00:17,38100.0,600.0,608100.0
78,2021-10-22 07:00:17,38150.0,500.0,607500.0
79,2021-10-22 06:59:05,38150.0,300.0,607000.0
80,2021-10-22 06:57:45,38100.0,400.0,606700.0
81,2021-10-22 06:57:23,38100.0,100.0,606300.0
82,2021-10-22 06:57:23,38100.0,400.0,606200.0
83,2021-10-22 06:57:23,38100.0,1000.0,605800.0
84,2021-10-22 06:57:23,38100.0,500.0,604800.0
85,2021-10-22 06:56:06,38100.0,600.0,604300.0
86,2021-10-22 06:55:16,38100.0,1000.0,603700.0
87,2021-10-22 06:55:01,38100.0,900.0,602700.0
88,2021-10-22 06:55:01,38100.0,300.0,601800.0
89,2021-10-22 06:54:32,38050.0,800.0,601500.0
90,2021-10-22 06:54:32,38050.0,2200.0,600700.0
91,2021-10-22 06:52:21,38100.0,700.0,598500.0
92,2021-10-22 06:52:18,38100.0,100.0,597800.0
93,2021-10-22 06:52:18,38100.0,500.0,597700.0
94,2021-10-22 06:52:18,38100.0,500.0,597200.0
95,2021-10-22 06:52:18,38100.0,100.0,596700.0
96,2021-10-22 06:52:18,38100.0,800.0,596600.0
97,2021-10-22 06:52:18,38100.0,200.0,595800.0
98,2021-10-22 06:52:18,38100.0,100.0,595600.0
99,2021-10-22 06:52:18,38100.0,100.0,595500.0
100,2021-10-22 06:52:18,38100.0,100.0,595400.0
101,2021-10-22 06:52:18,38100.0,500.0,595300.0
102,2021-10-22 06:52:18,38100.0,1500.0,594800.0
103,2021-10-22 06:52:18,38100.0,300.0,593300.0
104,2021-10-22 06:52:18,38100.0,200.0,593000.0
105,2021-10-22 06:52:18,38100.0,300.0,592800.0
106,2021-10-22 06:52:18,38100.0,2700.0,592500.0
107,2021-10-22 06:52:18,38100.0,2300.0,589800.0
108,2021-10-22 06:52:18,38100.0,700.0,587500.0
109,2021-10-22 06:48:52,38100.0,1000.0,586800.0
110,2021-10-22 06:48:11,38150.0,1300.0,585800.0
111,2021-10-22 06:47:17,38150.0,200.0,584500.0
112,2021-10-22 06:47:17,38150.0,400.0,584300.0
113,2021-10-22 06:42:47,38200.0,700.0,583900.0
114,2021-10-22 06:38:35,38100.0,400.0,583200.0
115,2021-10-22 06:38:35,38100.0,3400.0,582800.0
116,2021-10-22 06:38:16,38100.0,500.0,579400.0
117,2021-10-22 06:38:16,38100.0,200.0,578900.0
118,2021-10-22 06:38:16,38100.0,200.0,578700.0
119,2021-10-22 06:38:16,38100.0,900.0,578500.0
120,2021-10-22 06:38:16,38100.0,200.0,577600.0
121,2021-10-22 06:38:16,38100.0,500.0,577400.0
122,2021-10-22 06:38:16,38100.0,4100.0,576900.0
123,2021-10-22 06:37:50,38100.0,900.0,572800.0
124,2021-10-22 06:37:50,38100.0,500.0,571900.0
125,2021-10-22 06:37:50,38100.0,100.0,571400.0
126,2021-10-22 06:37:50,38100.0,1000.0,571300.0
127,2021-10-22 06:37:50,38100.0,100.0,570300.0
128,2021-10-22 06:37:50,38100.0,500.0,570200.0
129,2021-10-22 06:37:50,38100.0,2000.0,569700.0
130,2021-10-22 06:37:50,38100.0,1000.0,567700.0
131,2021-10-22 06:37:50,38100.0,200.0,566700.0
132,2021-10-22 06:37:50,38100.0,100.0,566500.0
133,2021-10-22 06:37:50,38100.0,100.0,566400.0
134,2021-10-22 06:37:50,38100.0,400.0,566300.0
135,2021-10-22 06:37:50,38100.0,1000.0,565900.0
136,2021-10-22 06:37:50,38100.0,800.0,564900.0
137,2021-10-22 06:37:50,38150.0,500.0,564100.0
138,2021-10-22 06:37:50,38150.0,200.0,563600.0
139,2021-10-22 06:37:50,38150.0,100.0,563400.0
140,2021-10-22 06:37:50,38150.0,200.0,563300.0
141,2021-10-22 06:37:50,38150.0,300.0,563100.0
142,2021-10-22 06:37:50,38150.0,3000.0,562800.0
143,2021-10-22 06:37:50,38150.0,100.0,559800.0
144,2021-10-22 06:37:50,38150.0,2900.0,559700.0
145,2021-10-22 06:36:10,38150.0,100.0,556800.0
146,2021-10-22 06:36:10,38150.0,100.0,556700.0
147,2021-10-22 06:35:54,38200.0,200.0,556600.0
148,2021-10-22 06:35:53,38200.0,1000.0,556400.0
149,2021-10-22 06:35:12,38200.0,100.0,555400.0
150,2021-10-22 06:33:29,38200.0,1000.0,555300.0
151,2021-10-22 06:32:51,38200.0,100.0,554300.0
152,2021-10-22 06:31:40,38200.0,500.0,554200.0
153,2021-10-22 06:31:40,38200.0,1000.0,553700.0
154,2021-10-22 06:31:40,38200.0,200.0,552700.0
155,2021-10-22 06:31:40,38200.0,500.0,552500.0
156,2021-10-22 06:31:40,38200.0,1700.0,552000.0
157,2021-10-22 06:29:35,38200.0,300.0,550300.0
158,2021-10-22 06:29:35,38200.0,100.0,550000.0
159,2021-10-22 06:29:35,38200.0,100.0,549900.0
160,2021-10-22 06:29:35,38200.0,1000.0,549800.0
161,2021-10-22 06:29:22,38250.0,500.0,548800.0
162,2021-10-22 06:29:22,38250.0,200.0,548300.0
163,2021-10-22 06:29:22,38250.0,2300.0,548100.0
164,2021-10-22 06:28:15,38250.0,100.0,545800.0
165,2021-10-22 06:27:51,38250.0,100.0,545700.0
166,2021-10-22 06:27:22,38250.0,1500.0,545600.0
167,2021-10-22 06:26:09,38250.0,500.0,544100.0
168,2021-10-22 06:26:09,38250.0,700.0,543600.0
169,2021-10-22 06:25:16,38250.0,100.0,542900.0
170,2021-10-22 06:25:12,38250.0,500.0,542800.0
171,2021-10-22 06:25:12,38250.0,4300.0,542300.0
172,2021-10-22 06:25:12,38250.0,100.0,538000.0
173,2021-10-22 06:23:59,38300.0,200.0,537900.0
174,2021-10-22 06:22:43,38300.0,200.0,537700.0
175,2021-10-22 06:22:18,38300.0,200.0,537500.0
176,2021-10-22 06:22:00,38300.0,2000.0,537300.0
177,2021-10-22 06:21:30,38300.0,100.0,535300.0
178,2021-10-22 06:20:51,38300.0,700.0,535200.0
179,2021-10-22 06:20:45,38300.0,100.0,534500.0
180,2021-10-22 06:20:36,38300.0,800.0,534400.0
181,2021-10-22 06:19:33,38200.0,100.0,533600.0
182,2021-10-22 06:19:14,38200.0,200.0,533500.0
183,2021-10-22 06:19:14,38200.0,300.0,533300.0
184,2021-10-22 06:19:05,38200.0,700.0,533000.0
185,2021-10-22 06:19:05,38200.0,300.0,532300.0
186,2021-10-22 06:18:49,38200.0,100.0,532000.0
187,2021-10-22 06:18:49,38200.0,300.0,531900.0
188,2021-10-22 06:18:25,38200.0,100.0,531600.0
189,2021-10-22 06:16:58,38200.0,100.0,531500.0
190,2021-10-22 06:16:58,38200.0,400.0,531400.0
191,2021-10-22 06:15:09,38200.0,100.0,531000.0
192,2021-10-22 06:14:56,38200.0,2500.0,530900.0
193,2021-10-22 06:14:56,38150.0,100.0,528400.0
194,2021-10-22 06:14:56,38150.0,200.0,528300.0
195,2021-10-22 06:14:42,38150.0,500.0,528100.0
196,2021-10-22 06:14:18,38150.0,100.0,527600.0
197,2021-10-22 06:13:49,38150.0,1000.0,527500.0
198,2021-10-22 06:13:25,38150.0,400.0,526500.0
199,2021-10-22 06:13:25,38150.0,800.0,526100.0
200,2021-10-22 06:13:17,38100.0,100.0,525300.0
201,2021-10-22 06:12:59,38150.0,100.0,525200.0
202,2021-10-22 06:12:41,38150.0,100.0,525100.0
203,2021-10-22 06:11:24,38150.0,1000.0,525000.0
204,2021-10-22 06:10:43,38150.0,1400.0,524000.0
205,2021-10-22 06:10:36,38150.0,6600.0,522600.0
206,2021-10-22 06:10:26,38150.0,300.0,516000.0
207,2021-10-22 06:10:26,38150.0,100.0,515700.0
208,2021-10-22 06:10:02,38200.0,1200.0,515600.0
209,2021-10-22 06:08:52,38200.0,2000.0,514400.0
210,2021-10-22 06:08:25,38100.0,3400.0,512400.0
211,2021-10-22 06:08:25,38150.0,1200.0,509000.0
212,2021-10-22 06:08:14,38150.0,300.0,507800.0
213,2021-10-22 06:08:12,38150.0,1500.0,507500.0
214,2021-10-22 06:08:03,38150.0,1500.0,506000.0
215,2021-10-22 06:08:03,38150.0,500.0,504500.0
216,2021-10-22 06:07:37,38150.0,900.0,504000.0
217,2021-10-22 06:07:30,38150.0,500.0,503100.0
218,2021-10-22 06:07:21,38150.0,5000.0,502600.0
219,2021-10-22 06:07:21,38150.0,1000.0,497600.0
220,2021-10-22 06:07:21,38150.0,100.0,496600.0
221,2021-10-22 06:07:21,38150.0,900.0,496500.0
222,2021-10-22 06:07:21,38150.0,2000.0,495600.0
223,2021-10-22 06:07:21,38150.0,100.0,493600.0
224,2021-10-22 06:07:21,38150.0,200.0,493500.0
225,2021-10-22 06:07:04,38200.0,400.0,493300.0
226,2021-10-22 06:07:04,38200.0,1400.0,492900.0
227,2021-10-22 06:06:36,38250.0,1600.0,491500.0
228,2021-10-22 06:06:36,38250.0,2400.0,489900.0
229,2021-10-22 06:05:56,38250.0,100.0,487500.0
230,2021-10-22 06:05:56,38250.0,100.0,487400.0
231,2021-10-22 06:05:56,38250.0,2900.0,487300.0
232,2021-10-22 06:05:48,38250.0,100.0,484400.0
233,2021-10-22 06:04:15,38250.0,500.0,484300.0
234,2021-10-22 06:03:49,38200.0,700.0,483800.0
235,2021-10-22 06:03:40,38200.0,1400.0,483100.0
236,2021-10-22 06:03:32,38200.0,2400.0,481700.0
237,2021-10-22 06:03:32,38200.0,100.0,479300.0
238,2021-10-22 06:02:58,38200.0,400.0,479200.0
239,2021-10-22 06:02:10,38200.0,200.0,478800.0
240,2021-10-22 06:02:10,38200.0,300.0,478600.0
241,2021-10-22 06:02:10,38200.0,100.0,478300.0
242,2021-10-22 06:01:24,38200.0,2000.0,478200.0
243,2021-10-22 06:01:16,38200.0,400.0,476200.0
244,2021-10-22 06:01:11,38200.0,1100.0,475800.0
245,2021-10-22 06:01:04,38200.0,1000.0,474700.0
246,2021-10-22 06:01:04,38200.0,1000.0,473700.0
247,2021-10-22 06:00:17,38150.0,300.0,472700.0
248,2021-10-22 06:00:12,38150.0,100.0,472400.0
249,2021-10-22 04:29:47,38150.0,100.0,472300.0
250,2021-10-22 04:24:49,38100.0,200.0,472200.0
251,2021-10-22 04:24:19,38100.0,500.0,472000.0
252,2021-10-22 04:22:12,38150.0,500.0,471500.0
253,2021-10-22 04:22:12,38150.0,100.0,471000.0
254,2021-10-22 04:22:12,38150.0,700.0,470900.0
255,2021-10-22 04:16:42,38150.0,200.0,470200.0
256,2021-10-22 04:15:51,38150.0,500.0,470000.0
257,2021-10-22 04:13:09,38150.0,1000.0,469500.0
258,2021-10-22 04:12:49,38150.0,1000.0,468500.0
259,2021-10-22 04:12:23,38150.0,200.0,467500.0
260,2021-10-22 04:11:15,38150.0,500.0,467300.0
261,2021-10-22 04:11:15,38150.0,1000.0,466800.0
262,2021-10-22 04:11:15,38150.0,200.0,465800.0
263,2021-10-22 04:11:15,38150.0,100.0,465600.0
264,2021-10-22 04:10:42,38150.0,200.0,465500.0
265,2021-10-22 04:10:42,38150.0,200.0,465300.0
266,2021-10-22 04:10:42,38150.0,600.0,465100.0
267,2021-10-22 04:10:27,38200.0,300.0,464500.0
268,2021-10-22 04:09:52,38200.0,200.0,464200.0
269,2021-10-22 04:08:16,38200.0,1200.0,464000.0
270,2021-10-22 04:08:11,38200.0,2300.0,462800.0
271,2021-10-22 04:08:11,38200.0,700.0,460500.0
272,2021-10-22 04:08:08,38200.0,100.0,459800.0
273,2021-10-22 04:06:45,38200.0,200.0,459700.0
274,2021-10-22 04:05:20,38200.0,100.0,459500.0
275,2021-10-22 04:04:06,38150.0,4400.0,459400.0
276,2021-10-22 04:02:58,38150.0,1100.0,455000.0
277,2021-10-22 04:02:55,38150.0,100.0,453900.0
278,2021-10-22 04:02:23,38150.0,500.0,453800.0
279,2021-10-22 04:02:23,38150.0,300.0,453300.0
280,2021-10-22 04:02:23,38150.0,2800.0,453000.0
281,2021-10-22 04:02:23,38150.0,200.0,450200.0
282,2021-10-22 04:02:23,38150.0,200.0,450000.0
283,2021-10-22 04:02:23,38150.0,200.0,449800.0
284,2021-10-22 04:02:23,38150.0,200.0,449600.0
285,2021-10-22 04:02:18,38200.0,100.0,449400.0
286,2021-10-22 04:01:18,38200.0,100.0,449300.0
287,2021-10-22 04:00:58,38200.0,100.0,449200.0
288,2021-10-22 03:59:34,38200.0,100.0,449100.0
289,2021-10-22 03:58:32,38200.0,200.0,449000.0
290,2021-10-22 03:58:32,38200.0,100.0,448800.0
291,2021-10-22 03:58:32,38200.0,100.0,448700.0
292,2021-10-22 03:58:32,38200.0,500.0,448600.0
293,2021-10-22 03:58:16,38250.0,200.0,448100.0
294,2021-10-22 03:57:56,38200.0,500.0,447900.0
295,2021-10-22 03:57:38,38250.0,1000.0,447400.0
296,2021-10-22 03:57:29,38200.0,800.0,446400.0
297,2021-10-22 03:55:05,38250.0,300.0,445600.0
298,2021-10-22 03:54:44,38200.0,200.0,445300.0
299,2021-10-22 03:51:20,38200.0,100.0,445100.0
300,2021-10-22 03:49:44,38200.0,2900.0,445000.0
301,2021-10-22 03:49:02,38200.0,1200.0,442100.0
302,2021-10-22 03:47:50,38150.0,300.0,440900.0
303,2021-10-22 03:47:50,38150.0,100.0,440600.0
304,2021-10-22 03:47:34,38200.0,100.0,440500.0
305,2021-10-22 03:47:34,38200.0,1000.0,440400.0
306,2021-10-22 03:47:34,38200.0,500.0,439400.0
307,2021-10-22 03:47:34,38200.0,1000.0,438900.0
308,2021-10-22 03:47:34,38200.0,200.0,437900.0
309,2021-10-22 03:47:24,38250.0,500.0,437700.0
310,2021-10-22 03:47:16,38250.0,200.0,437200.0
311,2021-10-22 03:46:39,38250.0,300.0,437000.0
312,2021-10-22 03:46:39,38250.0,1700.0,436700.0
313,2021-10-22 03:45:41,38250.0,1000.0,435000.0
314,2021-10-22 03:45:25,38250.0,2000.0,434000.0
315,2021-10-22 03:42:38,38250.0,300.0,432000.0
316,2021-10-22 03:42:38,38250.0,300.0,431700.0
317,2021-10-22 03:42:38,38250.0,400.0,431400.0
318,2021-10-22 03:40:03,38250.0,100.0,431000.0
319,2021-10-22 03:40:03,38250.0,100.0,430900.0
320,2021-10-22 03:39:31,38200.0,100.0,430800.0
321,2021-10-22 03:39:26,38200.0,300.0,430700.0
322,2021-10-22 03:39:26,38200.0,500.0,430400.0
323,2021-10-22 03:39:26,38200.0,200.0,429900.0
324,2021-10-22 03:38:48,38200.0,100.0,429700.0
325,2021-10-22 03:38:03,38200.0,200.0,429600.0
326,2021-10-22 03:38:03,38200.0,800.0,429400.0
327,2021-10-22 03:37:30,38200.0,100.0,428600.0
328,2021-10-22 03:37:05,38200.0,100.0,428500.0
329,2021-10-22 03:37:05,38200.0,200.0,428400.0
330,2021-10-22 03:37:05,38200.0,700.0,428200.0
331,2021-10-22 03:36:50,38200.0,500.0,427500.0
332,2021-10-22 03:36:50,38200.0,500.0,427000.0
333,2021-10-22 03:36:07,38200.0,300.0,426500.0
334,2021-10-22 03:36:07,38200.0,200.0,426200.0
335,2021-10-22 03:36:07,38200.0,500.0,426000.0
336,2021-10-22 03:35:32,38250.0,1000.0,425500.0
337,2021-10-22 03:35:19,38200.0,1100.0,424500.0
338,2021-10-22 03:35:13,38200.0,200.0,423400.0
339,2021-10-22 03:35:12,38200.0,3000.0,423200.0
340,2021-10-22 03:35:07,38200.0,700.0,420200.0
341,2021-10-22 03:34:43,38200.0,2000.0,419500.0
342,2021-10-22 03:34:43,38200.0,100.0,417500.0
343,2021-10-22 03:34:43,38200.0,100.0,417400.0
344,2021-10-22 03:34:23,38200.0,300.0,417300.0
345,2021-10-22 03:34:19,38200.0,500.0,417000.0
346,2021-10-22 03:34:14,38200.0,800.0,416500.0
347,2021-10-22 03:34:14,38200.0,1200.0,415700.0
348,2021-10-22 03:33:50,38200.0,100.0,414500.0
349,2021-10-22 03:33:12,38200.0,2600.0,414400.0
350,2021-10-22 03:33:12,38200.0,200.0,411800.0
351,2021-10-22 03:31:48,38200.0,700.0,411600.0
352,2021-10-22 03:31:43,38200.0,200.0,410900.0
353,2021-10-22 03:31:34,38200.0,3500.0,410700.0
354,2021-10-22 03:30:42,38200.0,400.0,407200.0
355,2021-10-22 03:30:10,38200.0,1700.0,406800.0
356,2021-10-22 03:30:08,38200.0,300.0,405100.0
357,2021-10-22 03:30:08,38200.0,10100.0,404800.0
358,2021-10-22 03:30:08,38200.0,2900.0,394700.0
359,2021-10-22 03:30:01,38300.0,1000.0,391800.0
360,2021-10-22 03:29:57,38200.0,100.0,390800.0
361,2021-10-22 03:29:51,38300.0,1400.0,390700.0
362,2021-10-22 03:29:35,38200.0,100.0,389300.0
363,2021-10-22 03:29:23,38300.0,2000.0,389200.0
364,2021-10-22 03:29:13,38200.0,400.0,387200.0
365,2021-10-22 03:29:09,38200.0,400.0,386800.0
366,2021-10-22 03:28:54,38200.0,200.0,386400.0
367,2021-10-22 03:28:54,38200.0,100.0,386200.0
368,2021-10-22 03:28:43,38200.0,200.0,386100.0
369,2021-10-22 03:28:43,38200.0,300.0,385900.0
370,2021-10-22 03:28:30,38200.0,1200.0,385600.0
371,2021-10-22 03:28:30,38200.0,600.0,384400.0
372,2021-10-22 03:28:30,38200.0,1000.0,383800.0
373,2021-10-22 03:28:30,38200.0,1000.0,382800.0
374,2021-10-22 03:28:30,38200.0,400.0,381800.0
375,2021-10-22 03:28:30,38200.0,800.0,381400.0
376,2021-10-22 03:28:03,38200.0,1000.0,380600.0
377,2021-10-22 03:27:50,38300.0,100.0,379600.0
378,2021-10-22 03:27:36,38200.0,1000.0,379500.0
379,2021-10-22 03:27:30,38200.0,700.0,378500.0
380,2021-10-22 03:27:30,38200.0,2100.0,377800.0
381,2021-10-22 03:27:27,38200.0,200.0,375700.0
382,2021-10-22 03:27:21,38200.0,1500.0,375500.0
383,2021-10-22 03:27:03,38200.0,600.0,374000.0
384,2021-10-22 03:26:58,38200.0,600.0,373400.0
385,2021-10-22 03:26:58,38200.0,1400.0,372800.0
386,2021-10-22 03:26:56,38200.0,100.0,371400.0
387,2021-10-22 03:26:50,38200.0,200.0,371300.0
388,2021-10-22 03:26:47,38200.0,500.0,371100.0
389,2021-10-22 03:26:38,38200.0,1300.0,370600.0
390,2021-10-22 03:26:38,38200.0,100.0,369300.0
391,2021-10-22 03:26:25,38200.0,100.0,369200.0
392,2021-10-22 03:26:25,38200.0,200.0,369100.0
393,2021-10-22 03:26:25,38200.0,200.0,368900.0
394,2021-10-22 03:26:23,38200.0,500.0,368700.0
395,2021-10-22 03:26:01,38200.0,2000.0,368200.0
396,2021-10-22 03:25:43,38100.0,200.0,366200.0
397,2021-10-22 03:25:43,38100.0,3800.0,366000.0
398,2021-10-22 03:24:42,38100.0,500.0,362200.0
399,2021-10-22 03:24:42,38100.0,400.0,361700.0
400,2021-10-22 03:24:05,38100.0,300.0,361300.0
401,2021-10-22 03:24:05,38100.0,100.0,361000.0
402,2021-10-22 03:24:05,38100.0,100.0,360900.0
403,2021-10-22 03:24:05,38100.0,200.0,360800.0
404,2021-10-22 03:24:05,38100.0,100.0,360600.0
405,2021-10-22 03:24:05,38100.0,200.0,360500.0
406,2021-10-22 03:24:05,38100.0,500.0,360300.0
407,2021-10-22 03:24:05,38100.0,1500.0,359800.0
408,2021-10-22 03:24:03,38050.0,1300.0,358300.0
409,2021-10-22 03:23:55,38000.0,2800.0,357000.0
410,2021-10-22 03:23:55,38000.0,300.0,354200.0
411,2021-10-22 03:23:55,38000.0,200.0,353900.0
412,2021-10-22 03:23:55,38000.0,1700.0,353700.0
413,2021-10-22 03:23:52,38050.0,2000.0,352000.0
414,2021-10-22 03:23:45,38050.0,2500.0,350000.0
415,2021-10-22 03:23:37,38000.0,100.0,347500.0
416,2021-10-22 03:23:36,38050.0,200.0,347400.0
417,2021-10-22 03:23:36,38050.0,800.0,347200.0
418,2021-10-22 03:23:32,38000.0,1200.0,346400.0
419,2021-10-22 03:23:30,38000.0,1600.0,345200.0
420,2021-10-22 03:23:26,38000.0,600.0,343600.0
421,2021-10-22 03:23:24,38000.0,1500.0,343000.0
422,2021-10-22 03:23:22,38000.0,100.0,341500.0
423,2021-10-22 03:23:19,38000.0,300.0,341400.0
424,2021-10-22 03:23:13,38000.0,300.0,341100.0
425,2021-10-22 03:23:07,38000.0,400.0,340800.0
426,2021-10-22 03:23:07,38000.0,300.0,340400.0
427,2021-10-22 03:23:07,38000.0,300.0,340100.0
428,2021-10-22 03:23:07,38000.0,200.0,339800.0
429,2021-10-22 03:23:07,38000.0,200.0,339600.0
430,2021-10-22 03:23:07,38000.0,100.0,339400.0
431,2021-10-22 03:23:07,38000.0,1300.0,339300.0
432,2021-10-22 03:23:06,38050.0,500.0,338000.0
433,2021-10-22 03:23:01,38050.0,1000.0,337500.0
434,2021-10-22 03:22:44,38000.0,1200.0,336500.0
435,2021-10-22 03:22:44,38000.0,300.0,335300.0
436,2021-10-22 03:22:38,38050.0,2700.0,335000.0
437,2021-10-22 03:22:38,38050.0,300.0,332300.0
438,2021-10-22 03:21:57,38000.0,1700.0,332000.0
439,2021-10-22 03:21:54,38000.0,8300.0,330300.0
440,2021-10-22 03:21:54,38000.0,100.0,322000.0
441,2021-10-22 03:21:54,38000.0,100.0,321900.0
442,2021-10-22 03:21:54,38000.0,100.0,321800.0
443,2021-10-22 03:21:54,38000.0,600.0,321700.0
444,2021-10-22 03:21:54,38000.0,800.0,321100.0
445,2021-10-22 03:21:54,38000.0,1000.0,320300.0
446,2021-10-22 03:21:51,38000.0,20000.0,319300.0
447,2021-10-22 03:21:45,38000.0,400.0,299300.0
448,2021-10-22 03:21:42,38000.0,500.0,298900.0
449,2021-10-22 03:21:41,38000.0,100.0,298400.0
450,2021-10-22 03:21:36,38000.0,400.0,298300.0
451,2021-10-22 03:21:18,38000.0,100.0,297900.0
452,2021-10-22 03:21:18,38000.0,400.0,297800.0
453,2021-10-22 03:21:14,38000.0,500.0,297400.0
454,2021-10-22 03:21:01,38000.0,800.0,296900.0
455,2021-10-22 03:21:01,38000.0,100.0,296100.0
456,2021-10-22 03:21:01,38000.0,500.0,296000.0
457,2021-10-22 03:21:01,38000.0,5000.0,295500.0
458,2021-10-22 03:21:01,38000.0,200.0,290500.0
459,2021-10-22 03:21:01,38000.0,100.0,290300.0
460,2021-10-22 03:21:01,38000.0,200.0,290200.0
461,2021-10-22 03:21:01,38000.0,400.0,290000.0
462,2021-10-22 03:21:01,38000.0,100.0,289600.0
463,2021-10-22 03:21:01,38000.0,1000.0,289500.0
464,2021-10-22 03:21:01,38000.0,100.0,288500.0
465,2021-10-22 03:21:01,38000.0,3000.0,288400.0
466,2021-10-22 03:21:01,38000.0,3300.0,285400.0
467,2021-10-22 03:21:01,38000.0,100.0,282100.0
468,2021-10-22 03:21:01,38000.0,100.0,282000.0
469,2021-10-22 03:20:35,37950.0,100.0,281900.0
470,2021-10-22 03:20:35,37950.0,500.0,281800.0
471,2021-10-22 03:19:59,37950.0,200.0,281300.0
472,2021-10-22 03:19:58,37950.0,600.0,281100.0
473,2021-10-22 03:19:50,37900.0,500.0,280500.0
474,2021-10-22 03:19:35,37950.0,1000.0,280000.0
475,2021-10-22 03:19:29,37950.0,800.0,279000.0
476,2021-10-22 03:19:12,37950.0,1500.0,278200.0
477,2021-10-22 03:19:07,37950.0,300.0,276700.0
478,2021-10-22 03:19:06,37950.0,500.0,276400.0
479,2021-10-22 03:18:47,37950.0,4500.0,275900.0
480,2021-10-22 03:18:44,37950.0,500.0,271400.0
481,2021-10-22 03:18:14,37900.0,200.0,270900.0
482,2021-10-22 03:16:28,37900.0,100.0,270700.0
483,2021-10-22 03:16:18,37900.0,300.0,270600.0
484,2021-10-22 03:16:18,37900.0,100.0,270300.0
485,2021-10-22 03:16:18,37900.0,100.0,270200.0
486,2021-10-22 03:16:18,37900.0,1500.0,270100.0
487,2021-10-22 03:16:11,37900.0,1200.0,268600.0
488,2021-10-22 03:16:09,37900.0,300.0,267400.0
489,2021-10-22 03:15:52,37900.0,500.0,267100.0
490,2021-10-22 03:15:41,37850.0,4300.0,266600.0
491,2021-10-22 03:15:40,37850.0,200.0,262300.0
492,2021-10-22 03:15:37,37850.0,3000.0,262100.0
493,2021-10-22 03:15:35,37850.0,1200.0,259100.0
494,2021-10-22 03:15:35,37850.0,2100.0,257900.0
495,2021-10-22 03:15:31,37850.0,2500.0,255800.0
496,2021-10-22 03:15:26,37850.0,1000.0,253300.0
497,2021-10-22 03:15:22,37850.0,3200.0,252300.0
498,2021-10-22 03:15:16,37850.0,1200.0,249100.0
499,2021-10-22 03:15:09,37850.0,1700.0,247900.0
500,2021-10-22 03:15:07,37850.0,3000.0,246200.0
501,2021-10-22 03:15:05,37850.0,300.0,243200.0
502,2021-10-22 03:15:05,37850.0,3500.0,242900.0
503,2021-10-22 03:15:04,37850.0,500.0,239400.0
504,2021-10-22 03:14:57,37850.0,4500.0,238900.0
505,2021-10-22 03:14:53,37800.0,200.0,234400.0
506,2021-10-22 03:14:53,37800.0,6600.0,234200.0
507,2021-10-22 03:14:53,37800.0,500.0,227600.0
508,2021-10-22 03:14:49,37800.0,2900.0,227100.0
509,2021-10-22 03:14:49,37800.0,3600.0,224200.0
510,2021-10-22 03:14:48,37800.0,500.0,220600.0
511,2021-10-22 03:14:44,37800.0,100.0,220100.0
512,2021-10-22 03:14:37,37800.0,1300.0,220000.0
513,2021-10-22 03:14:37,37800.0,1000.0,218700.0
514,2021-10-22 03:14:37,37800.0,3000.0,217700.0
515,2021-10-22 03:14:37,37800.0,300.0,214700.0
516,2021-10-22 03:13:39,37800.0,200.0,214400.0
517,2021-10-22 03:13:39,37800.0,1800.0,214200.0
518,2021-10-22 03:13:34,37800.0,2700.0,212400.0
519,2021-10-22 03:13:30,37800.0,5200.0,209700.0
520,2021-10-22 03:13:27,37800.0,3800.0,204500.0
521,2021-10-22 03:13:23,37800.0,1400.0,200700.0
522,2021-10-22 03:13:20,37800.0,10000.0,199300.0
523,2021-10-22 03:13:20,37800.0,8600.0,189300.0
524,2021-10-22 03:13:13,37800.0,100.0,180700.0
525,2021-10-22 03:13:08,37800.0,1300.0,180600.0
526,2021-10-22 03:13:08,37800.0,2500.0,179300.0
527,2021-10-22 03:13:01,37800.0,200.0,176800.0
528,2021-10-22 03:13:01,37800.0,5500.0,176600.0
529,2021-10-22 03:12:53,37800.0,900.0,171100.0
530,2021-10-22 03:12:53,37800.0,600.0,170200.0
531,2021-10-22 03:12:44,37800.0,200.0,169600.0
532,2021-10-22 03:12:44,37800.0,3000.0,169400.0
533,2021-10-22 03:12:37,37800.0,5400.0,166400.0
534,2021-10-22 03:12:33,37800.0,300.0,161000.0
535,2021-10-22 03:12:33,37800.0,400.0,160700.0
536,2021-10-22 03:12:33,37800.0,2600.0,160300.0
537,2021-10-22 03:12:25,37800.0,1000.0,157700.0
538,2021-10-22 03:12:02,37800.0,100.0,156700.0
539,2021-10-22 03:11:49,37800.0,600.0,156600.0
540,2021-10-22 03:11:41,37800.0,200.0,156000.0
541,2021-10-22 03:11:41,37800.0,100.0,155800.0
542,2021-10-22 03:11:41,37800.0,100.0,155700.0
543,2021-10-22 03:11:41,37800.0,600.0,155600.0
544,2021-10-22 03:11:23,37700.0,400.0,155000.0
545,2021-10-22 03:11:13,37700.0,3000.0,154600.0
546,2021-10-22 03:11:13,37700.0,1600.0,151600.0
547,2021-10-22 03:10:54,37700.0,4400.0,150000.0
548,2021-10-22 03:10:47,37700.0,5500.0,145600.0
549,2021-10-22 03:10:44,37700.0,12000.0,140100.0
550,2021-10-22 03:10:40,37700.0,1000.0,128100.0
551,2021-10-22 03:10:40,37700.0,2100.0,127100.0
552,2021-10-22 03:10:22,37700.0,1400.0,125000.0
553,2021-10-22 03:10:19,37700.0,3000.0,123600.0
554,2021-10-22 03:10:16,37700.0,5500.0,120600.0
555,2021-10-22 03:10:12,37700.0,100.0,115100.0
556,2021-10-22 03:10:02,37700.0,500.0,115000.0
557,2021-10-22 03:09:53,37600.0,5700.0,114500.0
558,2021-10-22 03:09:53,37600.0,100.0,108800.0
559,2021-10-22 03:09:53,37600.0,1000.0,108700.0
560,2021-10-22 03:09:53,37600.0,300.0,107700.0
561,2021-10-22 03:09:53,37600.0,100.0,107400.0
562,2021-10-22 03:09:53,37600.0,900.0,107300.0
563,2021-10-22 03:09:53,37650.0,3000.0,106400.0
564,2021-10-22 03:09:53,37650.0,1000.0,103400.0
565,2021-10-22 03:02:30,37600.0,100.0,102400.0
566,2021-10-22 02:59:37,37550.0,100.0,102300.0
567,2021-10-22 02:59:18,37550.0,1700.0,102200.0
568,2021-10-22 02:59:18,37550.0,1100.0,100500.0
569,2021-10-22 02:59:18,37550.0,1000.0,99400.0
570,2021-10-22 02:58:11,37600.0,1000.0,98400.0
571,2021-10-22 02:58:09,37600.0,200.0,97400.0
572,2021-10-22 02:57:46,37600.0,200.0,97200.0
573,2021-10-22 02:57:41,37700.0,1000.0,97000.0
574,2021-10-22 02:56:39,37700.0,200.0,96000.0
575,2021-10-22 02:54:49,37600.0,100.0,95800.0
576,2021-10-22 02:54:47,37600.0,100.0,95700.0
577,2021-10-22 02:54:47,37600.0,100.0,95600.0
578,2021-10-22 02:54:26,37600.0,200.0,95500.0
579,2021-10-22 02:53:28,37500.0,1000.0,95300.0
580,2021-10-22 02:53:01,37500.0,200.0,94300.0
581,2021-10-22 02:53:01,37500.0,4300.0,94100.0
582,2021-10-22 02:52:51,37500.0,1500.0,89800.0
583,2021-10-22 02:52:02,37500.0,500.0,88300.0
584,2021-10-22 02:52:02,37500.0,500.0,87800.0
585,2021-10-22 02:52:02,37500.0,300.0,87300.0
586,2021-10-22 02:52:02,37500.0,200.0,87000.0
587,2021-10-22 02:52:02,37500.0,300.0,86800.0
588,2021-10-22 02:52:02,37500.0,100.0,86500.0
589,2021-10-22 02:52:02,37500.0,100.0,86400.0
590,2021-10-22 02:52:02,37500.0,100.0,86300.0
591,2021-10-22 02:52:02,37500.0,200.0,86200.0
592,2021-10-22 02:52:02,37500.0,300.0,86000.0
593,2021-10-22 02:52:02,37500.0,100.0,85700.0
594,2021-10-22 02:52:02,37500.0,100.0,85600.0
595,2021-10-22 02:52:02,37500.0,300.0,85500.0
596,2021-10-22 02:52:02,37500.0,2400.0,85200.0
597,2021-10-22 02:51:51,37500.0,1200.0,82800.0
598,2021-10-22 02:50:57,37500.0,8500.0,81600.0
599,2021-10-22 02:50:57,37550.0,1500.0,73100.0
600,2021-10-22 02:50:26,37550.0,500.0,71600.0
601,2021-10-22 02:50:26,37550.0,100.0,71100.0
602,2021-10-22 02:50:04,37500.0,200.0,71000.0
603,2021-10-22 02:50:04,37550.0,200.0,70800.0
604,2021-10-22 02:49:41,37500.0,1000.0,70600.0
605,2021-10-22 02:49:13,37600.0,700.0,69600.0
606,2021-10-22 02:48:10,37600.0,1000.0,68900.0
607,2021-10-22 02:47:51,37550.0,100.0,67900.0
608,2021-10-22 02:47:10,37550.0,3000.0,67800.0
609,2021-10-22 02:47:10,37550.0,500.0,64800.0
610,2021-10-22 02:47:10,37550.0,100.0,64300.0
611,2021-10-22 02:47:10,37550.0,300.0,64200.0
612,2021-10-22 02:47:10,37550.0,700.0,63900.0
613,2021-10-22 02:47:10,37550.0,500.0,63200.0
614,2021-10-22 02:47:10,37550.0,300.0,62700.0
615,2021-10-22 02:47:10,37550.0,500.0,62400.0
616,2021-10-22 02:47:10,37550.0,200.0,61900.0
617,2021-10-22 02:46:44,37600.0,300.0,61700.0
618,2021-10-22 02:46:11,37600.0,500.0,61400.0
619,2021-10-22 02:46:11,37600.0,100.0,60900.0
620,2021-10-22 02:46:11,37600.0,1500.0,60800.0
621,2021-10-22 02:46:11,37600.0,100.0,59300.0
622,2021-10-22 02:46:04,37600.0,2900.0,59200.0
623,2021-10-22 02:45:26,37700.0,1300.0,56300.0
624,2021-10-22 02:45:26,37650.0,200.0,55000.0
625,2021-10-22 02:45:24,37650.0,100.0,54800.0
626,2021-10-22 02:45:01,37650.0,300.0,54700.0
627,2021-10-22 02:41:14,37650.0,1000.0,54400.0
628,2021-10-22 02:39:58,37650.0,100.0,53400.0
629,2021-10-22 02:39:40,37650.0,1200.0,53300.0
630,2021-10-22 02:39:13,37600.0,200.0,52100.0
631,2021-10-22 02:38:31,37600.0,500.0,51900.0
632,2021-10-22 02:38:24,37600.0,800.0,51400.0
633,2021-10-22 02:37:57,37600.0,300.0,50600.0
634,2021-10-22 02:37:10,37600.0,1000.0,50300.0
635,2021-10-22 02:37:06,37550.0,200.0,49300.0
636,2021-10-22 02:36:24,37600.0,2000.0,49100.0
637,2021-10-22 02:36:12,37600.0,3000.0,47100.0
638,2021-10-22 02:36:12,37600.0,200.0,44100.0
639,2021-10-22 02:36:12,37600.0,2000.0,43900.0
640,2021-10-22 02:36:07,37600.0,3000.0,41900.0
641,2021-10-22 02:36:07,37600.0,1500.0,38900.0
642,2021-10-22 02:36:01,37650.0,100.0,37400.0
643,2021-10-22 02:36:01,37650.0,100.0,37300.0
644,2021-10-22 02:35:36,37650.0,100.0,37200.0
645,2021-10-22 02:34:26,37650.0,400.0,37100.0
646,2021-10-22 02:34:26,37650.0,100.0,36700.0
647,2021-10-22 02:33:22,37650.0,5000.0,36600.0
648,2021-10-22 02:32:47,37700.0,300.0,31600.0
649,2021-10-22 02:32:35,37700.0,700.0,31300.0
650,2021-10-22 02:31:04,37700.0,100.0,30600.0
651,2021-10-22 02:30:34,37700.0,500.0,30500.0
652,2021-10-22 02:29:25,37700.0,200.0,30000.0
653,2021-10-22 02:29:25,37700.0,800.0,29800.0
654,2021-10-22 02:29:25,37700.0,100.0,29000.0
655,2021-10-22 02:29:25,37700.0,600.0,28900.0
656,2021-10-22 02:29:25,37700.0,200.0,28300.0
657,2021-10-22 02:29:25,37750.0,100.0,28100.0
658,2021-10-22 02:28:31,37800.0,100.0,28000.0
659,2021-10-22 02:28:27,37800.0,300.0,27900.0
660,2021-10-22 02:26:56,37800.0,100.0,27600.0
661,2021-10-22 02:26:48,37800.0,1000.0,27500.0
662,2021-10-22 02:26:42,37800.0,200.0,26500.0
663,2021-10-22 02:24:56,37800.0,1500.0,26300.0
664,2021-10-22 02:23:29,37800.0,100.0,24800.0
665,2021-10-22 02:22:39,37800.0,200.0,24700.0
666,2021-10-22 02:22:38,37800.0,100.0,24500.0
667,2021-10-22 02:22:27,37800.0,500.0,24400.0
668,2021-10-22 02:22:27,37800.0,200.0,23900.0
669,2021-10-22 02:22:27,37800.0,1000.0,23700.0
670,2021-10-22 02:22:27,37800.0,3000.0,22700.0
671,2021-10-22 02:22:27,37800.0,2100.0,19700.0
672,2021-10-22 02:22:13,37900.0,100.0,17600.0
673,2021-10-22 02:22:07,37900.0,100.0,17500.0
674,2021-10-22 02:21:08,38000.0,500.0,17400.0
675,2021-10-22 02:21:00,38000.0,200.0,16900.0
676,2021-10-22 02:21:00,38000.0,100.0,16700.0
677,2021-10-22 02:20:53,38000.0,900.0,16600.0
678,2021-10-22 02:20:43,38000.0,1500.0,15700.0
679,2021-10-22 02:20:31,38000.0,500.0,14200.0
680,2021-10-22 02:20:27,38000.0,1200.0,13700.0
681,2021-10-22 02:20:13,37900.0,200.0,12500.0
682,2021-10-22 02:20:13,37900.0,700.0,12300.0
683,2021-10-22 02:19:56,37900.0,100.0,11600.0
684,2021-10-22 02:19:49,37900.0,1000.0,11500.0
685,2021-10-22 02:19:43,37900.0,200.0,10500.0
686,2021-10-22 02:19:38,37900.0,1500.0,10300.0
687,2021-10-22 02:19:25,37800.0,400.0,8800.0
688,2021-10-22 02:19:19,37850.0,100.0,8400.0
689,2021-10-22 02:18:20,37850.0,100.0,8300.0
690,2021-10-22 02:18:12,37500.0,100.0,8200.0
691,2021-10-22 02:18:12,37600.0,200.0,8100.0
692,2021-10-22 02:16:59,37500.0,600.0,7900.0
693,2021-10-22 02:16:59,37500.0,800.0,7300.0
694,2021-10-22 02:16:59,37600.0,200.0,6500.0
695,2021-10-22 02:16:59,37600.0,500.0,6300.0
696,2021-10-22 02:16:59,37600.0,1000.0,5800.0
697,2021-10-22 02:16:59,37700.0,800.0,4800.0
698,2021-10-22 02:16:48,37700.0,400.0,4000.0
699,2021-10-22 02:16:22,37800.0,300.0,3600.0
700,2021-10-22 02:16:12,37800.0,100.0,3300.0
701,2021-10-22 02:15:00,37800.0,400.0,3200.0
702,2021-10-22 02:15:00,37800.0,800.0,2800.0
703,2021-10-22 02:15:00,37800.0,500.0,2000.0
704,2021-10-22 02:15:00,37800.0,900.0,1500.0
705,2021-10-22 02:15:00,37800.0,500.0,600.0
706,2021-10-22 02:15:00,37800.0,100.0,100.0
