,Time,Price,Volume_per_trade,Volume
0,2021-10-11 07:45:02,37900.0,200.0,445600.0
1,2021-10-11 07:45:02,37900.0,200.0,445400.0
2,2021-10-11 07:45:02,37900.0,600.0,445200.0
3,2021-10-11 07:45:02,37900.0,1400.0,444600.0
4,2021-10-11 07:45:02,37900.0,600.0,443200.0
5,2021-10-11 07:45:02,37900.0,1900.0,442600.0
6,2021-10-11 07:45:02,37900.0,1100.0,440700.0
7,2021-10-11 07:45:02,37900.0,400.0,439600.0
8,2021-10-11 07:45:02,37900.0,100.0,439200.0
9,2021-10-11 07:45:02,37900.0,200.0,439100.0
10,2021-10-11 07:27:46,37800.0,500.0,438900.0
11,2021-10-11 07:26:52,37800.0,900.0,438400.0
12,2021-10-11 07:26:52,37800.0,200.0,437500.0
13,2021-10-11 07:26:17,37900.0,100.0,437300.0
14,2021-10-11 07:24:33,37800.0,500.0,437200.0
15,2021-10-11 07:24:33,37800.0,1000.0,436700.0
16,2021-10-11 07:24:33,37800.0,1000.0,435700.0
17,2021-10-11 07:20:07,37900.0,500.0,434700.0
18,2021-10-11 07:20:07,37850.0,500.0,434200.0
19,2021-10-11 07:19:52,37800.0,1000.0,433700.0
20,2021-10-11 07:18:08,37800.0,1000.0,432700.0
21,2021-10-11 07:17:31,37800.0,300.0,431700.0
22,2021-10-11 07:15:55,37800.0,400.0,431400.0
23,2021-10-11 07:15:37,37800.0,1000.0,431000.0
24,2021-10-11 07:15:10,37800.0,2800.0,430000.0
25,2021-10-11 07:13:06,37800.0,200.0,427200.0
26,2021-10-11 07:10:31,37800.0,400.0,427000.0
27,2021-10-11 07:10:31,37800.0,100.0,426600.0
28,2021-10-11 07:07:44,37800.0,100.0,426500.0
29,2021-10-11 07:07:28,37800.0,100.0,426400.0
30,2021-10-11 07:07:03,37800.0,200.0,426300.0
31,2021-10-11 07:07:03,37800.0,100.0,426100.0
32,2021-10-11 07:02:53,37850.0,1000.0,426000.0
33,2021-10-11 07:01:18,37800.0,200.0,425000.0
34,2021-10-11 06:56:44,37800.0,900.0,424800.0
35,2021-10-11 06:56:16,37800.0,1500.0,423900.0
36,2021-10-11 06:55:51,37700.0,1000.0,422400.0
37,2021-10-11 06:53:04,37900.0,500.0,421400.0
38,2021-10-11 06:52:45,37900.0,100.0,420900.0
39,2021-10-11 06:51:49,37900.0,400.0,420800.0
40,2021-10-11 06:50:52,37900.0,800.0,420400.0
41,2021-10-11 06:50:52,37900.0,200.0,419600.0
42,2021-10-11 06:50:25,37900.0,800.0,419400.0
43,2021-10-11 06:50:25,37800.0,200.0,418600.0
44,2021-10-11 06:47:47,37800.0,500.0,418400.0
45,2021-10-11 06:47:45,37800.0,500.0,417900.0
46,2021-10-11 06:46:53,37800.0,1000.0,417400.0
47,2021-10-11 06:46:48,37800.0,400.0,416400.0
48,2021-10-11 06:46:28,37500.0,100.0,416000.0
49,2021-10-11 06:46:28,37600.0,300.0,415900.0
50,2021-10-11 06:46:26,37600.0,200.0,415600.0
51,2021-10-11 06:46:18,37600.0,100.0,415400.0
52,2021-10-11 06:45:49,37600.0,500.0,415300.0
53,2021-10-11 06:45:41,37600.0,700.0,414800.0
54,2021-10-11 06:45:41,37600.0,3500.0,414100.0
55,2021-10-11 06:44:47,37600.0,1500.0,410600.0
56,2021-10-11 06:44:47,37600.0,1000.0,409100.0
57,2021-10-11 06:44:47,37600.0,300.0,408100.0
58,2021-10-11 06:44:18,37900.0,500.0,407800.0
59,2021-10-11 06:43:53,37600.0,500.0,407300.0
60,2021-10-11 06:43:53,37600.0,200.0,406800.0
61,2021-10-11 06:43:53,37600.0,1000.0,406600.0
62,2021-10-11 06:43:53,37600.0,500.0,405600.0
63,2021-10-11 06:43:53,37600.0,100.0,405100.0
64,2021-10-11 06:43:53,37600.0,5000.0,405000.0
65,2021-10-11 06:43:53,37600.0,700.0,400000.0
66,2021-10-11 06:43:53,37650.0,2000.0,399300.0
67,2021-10-11 06:43:31,37650.0,8000.0,397300.0
68,2021-10-11 06:43:31,37650.0,100.0,389300.0
69,2021-10-11 06:43:31,37650.0,300.0,389200.0
70,2021-10-11 06:39:23,37800.0,1000.0,388900.0
71,2021-10-11 06:39:23,37800.0,500.0,387900.0
72,2021-10-11 06:38:30,37800.0,1500.0,387400.0
73,2021-10-11 06:38:01,37700.0,800.0,385900.0
74,2021-10-11 06:38:01,37700.0,1000.0,385100.0
75,2021-10-11 06:34:46,37700.0,1500.0,384100.0
76,2021-10-11 06:34:10,37700.0,100.0,382600.0
77,2021-10-11 06:33:50,37700.0,1000.0,382500.0
78,2021-10-11 06:33:50,37700.0,100.0,381500.0
79,2021-10-11 06:33:50,37700.0,500.0,381400.0
80,2021-10-11 06:33:50,37700.0,100.0,380900.0
81,2021-10-11 06:33:50,37700.0,700.0,380800.0
82,2021-10-11 06:33:33,37700.0,500.0,380100.0
83,2021-10-11 06:33:32,37900.0,1000.0,379600.0
84,2021-10-11 06:33:09,37800.0,1000.0,378600.0
85,2021-10-11 06:31:11,37700.0,2000.0,377600.0
86,2021-10-11 06:30:44,37600.0,300.0,375600.0
87,2021-10-11 06:30:41,37600.0,1000.0,375300.0
88,2021-10-11 06:30:28,37500.0,500.0,374300.0
89,2021-10-11 06:30:25,37500.0,2000.0,373800.0
90,2021-10-11 06:30:24,37500.0,300.0,371800.0
91,2021-10-11 06:30:15,37500.0,2500.0,371500.0
92,2021-10-11 06:29:52,37500.0,100.0,369000.0
93,2021-10-11 06:29:52,37500.0,500.0,368900.0
94,2021-10-11 06:29:52,37500.0,100.0,368400.0
95,2021-10-11 06:29:52,37500.0,1000.0,368300.0
96,2021-10-11 06:29:52,37500.0,1000.0,367300.0
97,2021-10-11 06:29:52,37500.0,1000.0,366300.0
98,2021-10-11 06:29:52,37500.0,100.0,365300.0
99,2021-10-11 06:29:52,37500.0,500.0,365200.0
100,2021-10-11 06:29:52,37500.0,800.0,364700.0
101,2021-10-11 06:29:52,37500.0,100.0,363900.0
102,2021-10-11 06:29:48,37500.0,200.0,363800.0
103,2021-10-11 06:29:48,37500.0,1000.0,363600.0
104,2021-10-11 06:29:48,37500.0,1000.0,362600.0
105,2021-10-11 06:29:48,37500.0,100.0,361600.0
106,2021-10-11 06:29:48,37500.0,100.0,361500.0
107,2021-10-11 06:29:48,37500.0,100.0,361400.0
108,2021-10-11 06:29:48,37500.0,2500.0,361300.0
109,2021-10-11 06:29:34,37600.0,500.0,358800.0
110,2021-10-11 06:29:34,37600.0,1500.0,358300.0
111,2021-10-11 06:29:34,37600.0,200.0,356800.0
112,2021-10-11 06:28:51,37800.0,200.0,356600.0
113,2021-10-11 06:28:51,37800.0,200.0,356400.0
114,2021-10-11 06:28:51,37700.0,1600.0,356200.0
115,2021-10-11 06:28:46,37700.0,200.0,354600.0
116,2021-10-11 06:28:46,37700.0,300.0,354400.0
117,2021-10-11 06:28:46,37700.0,400.0,354100.0
118,2021-10-11 06:28:27,37700.0,600.0,353700.0
119,2021-10-11 06:28:27,37700.0,300.0,353100.0
120,2021-10-11 06:28:27,37700.0,1000.0,352800.0
121,2021-10-11 06:28:27,37750.0,300.0,351800.0
122,2021-10-11 06:28:27,37750.0,300.0,351500.0
123,2021-10-11 06:28:27,37750.0,500.0,351200.0
124,2021-10-11 06:26:27,37800.0,1000.0,350700.0
125,2021-10-11 06:26:13,37800.0,1000.0,349700.0
126,2021-10-11 06:26:13,37800.0,100.0,348700.0
127,2021-10-11 06:26:13,37800.0,3000.0,348600.0
128,2021-10-11 06:26:13,37800.0,100.0,345600.0
129,2021-10-11 06:26:13,37800.0,1000.0,345500.0
130,2021-10-11 06:26:13,37800.0,500.0,344500.0
131,2021-10-11 06:26:13,37800.0,100.0,344000.0
132,2021-10-11 06:25:44,37800.0,900.0,343900.0
133,2021-10-11 06:25:44,37800.0,1200.0,343000.0
134,2021-10-11 06:25:44,37850.0,2000.0,341800.0
135,2021-10-11 06:25:44,37850.0,100.0,339800.0
136,2021-10-11 06:25:44,37900.0,5000.0,339700.0
137,2021-10-11 06:25:44,37900.0,100.0,334700.0
138,2021-10-11 06:25:44,37900.0,700.0,334600.0
139,2021-10-11 06:24:49,38000.0,1000.0,333900.0
140,2021-10-11 06:24:00,37900.0,300.0,332900.0
141,2021-10-11 06:24:00,37900.0,900.0,332600.0
142,2021-10-11 06:21:20,38000.0,800.0,331700.0
143,2021-10-11 06:15:31,38000.0,500.0,330900.0
144,2021-10-11 06:13:27,38000.0,200.0,330400.0
145,2021-10-11 06:12:49,38000.0,1000.0,330200.0
146,2021-10-11 06:12:14,38100.0,1000.0,329200.0
147,2021-10-11 06:12:10,38100.0,2200.0,328200.0
148,2021-10-11 06:12:10,38100.0,300.0,326000.0
149,2021-10-11 06:12:06,38000.0,800.0,325700.0
150,2021-10-11 06:11:22,38000.0,3200.0,324900.0
151,2021-10-11 06:11:22,38000.0,800.0,321700.0
152,2021-10-11 06:11:19,38000.0,300.0,320900.0
153,2021-10-11 06:11:03,38000.0,1400.0,320600.0
154,2021-10-11 06:10:57,38000.0,2400.0,319200.0
155,2021-10-11 06:10:57,38000.0,100.0,316800.0
156,2021-10-11 06:10:25,38100.0,1000.0,316700.0
157,2021-10-11 06:10:13,38000.0,900.0,315700.0
158,2021-10-11 06:10:07,38000.0,1000.0,314800.0
159,2021-10-11 06:10:01,38000.0,4000.0,313800.0
160,2021-10-11 06:09:59,38000.0,100.0,309800.0
161,2021-10-11 06:09:56,38000.0,600.0,309700.0
162,2021-10-11 06:09:29,38000.0,4400.0,309100.0
163,2021-10-11 06:09:22,38000.0,1000.0,304700.0
164,2021-10-11 06:09:22,38000.0,2700.0,303700.0
165,2021-10-11 06:09:17,38000.0,1100.0,301000.0
166,2021-10-11 06:09:12,38000.0,800.0,299900.0
167,2021-10-11 06:08:20,38000.0,1000.0,299100.0
168,2021-10-11 06:07:30,38000.0,200.0,298100.0
169,2021-10-11 06:07:25,38000.0,1000.0,297900.0
170,2021-10-11 06:07:18,38000.0,5000.0,296900.0
171,2021-10-11 06:07:13,38000.0,2800.0,291900.0
172,2021-10-11 06:07:09,38000.0,3100.0,289100.0
173,2021-10-11 06:07:09,38000.0,200.0,286000.0
174,2021-10-11 06:07:06,38000.0,2000.0,285800.0
175,2021-10-11 06:06:43,38000.0,2300.0,283800.0
176,2021-10-11 06:06:39,38000.0,3500.0,281500.0
177,2021-10-11 06:06:35,38000.0,4200.0,278000.0
178,2021-10-11 06:06:30,38000.0,2500.0,273800.0
179,2021-10-11 06:06:27,38000.0,1000.0,271300.0
180,2021-10-11 06:06:27,38000.0,1300.0,270300.0
181,2021-10-11 06:05:30,38000.0,1200.0,269000.0
182,2021-10-11 06:05:23,38000.0,1000.0,267800.0
183,2021-10-11 06:05:23,38000.0,500.0,266800.0
184,2021-10-11 06:05:23,38000.0,300.0,266300.0
185,2021-10-11 06:05:23,38000.0,1000.0,266000.0
186,2021-10-11 06:04:09,38000.0,1000.0,265000.0
187,2021-10-11 06:04:05,38000.0,500.0,264000.0
188,2021-10-11 06:04:01,38000.0,600.0,263500.0
189,2021-10-11 06:03:57,38000.0,1200.0,262900.0
190,2021-10-11 06:03:53,38000.0,1700.0,261700.0
191,2021-10-11 06:03:53,38000.0,100.0,260000.0
192,2021-10-11 06:03:53,38000.0,700.0,259900.0
193,2021-10-11 06:03:41,38000.0,400.0,259200.0
194,2021-10-11 06:03:18,38000.0,500.0,258800.0
195,2021-10-11 06:03:08,37900.0,1100.0,258300.0
196,2021-10-11 06:02:16,37900.0,1600.0,257200.0
197,2021-10-11 06:01:49,37900.0,900.0,255600.0
198,2021-10-11 06:01:45,37900.0,1200.0,254700.0
199,2021-10-11 06:01:41,37900.0,2500.0,253500.0
200,2021-10-11 06:01:33,37900.0,200.0,251000.0
201,2021-10-11 06:01:33,37900.0,3000.0,250800.0
202,2021-10-11 06:01:33,37900.0,200.0,247800.0
203,2021-10-11 06:01:33,37900.0,400.0,247600.0
204,2021-10-11 06:01:33,37900.0,500.0,247200.0
205,2021-10-11 06:01:33,37900.0,100.0,246700.0
206,2021-10-11 06:01:33,37900.0,1500.0,246600.0
207,2021-10-11 06:01:33,37900.0,500.0,245100.0
208,2021-10-11 04:27:42,38000.0,500.0,244600.0
209,2021-10-11 04:26:22,38000.0,300.0,244100.0
210,2021-10-11 04:25:23,38000.0,1500.0,243800.0
211,2021-10-11 04:24:35,38000.0,1300.0,242300.0
212,2021-10-11 04:24:20,38000.0,300.0,241000.0
213,2021-10-11 04:24:20,38000.0,1700.0,240700.0
214,2021-10-11 04:24:10,38100.0,100.0,239000.0
215,2021-10-11 04:24:10,38100.0,200.0,238900.0
216,2021-10-11 04:20:24,38000.0,300.0,238700.0
217,2021-10-11 04:19:07,38000.0,500.0,238400.0
218,2021-10-11 04:19:07,38000.0,500.0,237900.0
219,2021-10-11 04:19:07,38000.0,1000.0,237400.0
220,2021-10-11 04:15:27,38000.0,500.0,236400.0
221,2021-10-11 04:15:15,37900.0,500.0,235900.0
222,2021-10-11 04:15:06,37900.0,2500.0,235400.0
223,2021-10-11 04:15:04,37900.0,500.0,232900.0
224,2021-10-11 04:15:04,37900.0,100.0,232400.0
225,2021-10-11 04:15:04,37900.0,500.0,232300.0
226,2021-10-11 04:15:04,37900.0,1900.0,231800.0
227,2021-10-11 04:10:05,38000.0,1600.0,229900.0
228,2021-10-11 04:07:33,37900.0,600.0,228300.0
229,2021-10-11 04:07:06,37900.0,200.0,227700.0
230,2021-10-11 04:07:06,37900.0,100.0,227500.0
231,2021-10-11 04:07:06,37900.0,200.0,227400.0
232,2021-10-11 04:07:06,37900.0,3300.0,227200.0
233,2021-10-11 04:07:03,37900.0,1800.0,223900.0
234,2021-10-11 04:07:03,37900.0,1000.0,222100.0
235,2021-10-11 04:07:03,37900.0,700.0,221100.0
236,2021-10-11 04:06:24,38000.0,400.0,220400.0
237,2021-10-11 04:05:58,38000.0,200.0,220000.0
238,2021-10-11 04:05:58,38000.0,1000.0,219800.0
239,2021-10-11 04:04:10,38000.0,500.0,218800.0
240,2021-10-11 04:03:25,38000.0,1000.0,218300.0
241,2021-10-11 04:02:58,38000.0,1200.0,217300.0
242,2021-10-11 04:02:16,37900.0,100.0,216100.0
243,2021-10-11 03:56:06,38000.0,200.0,216000.0
244,2021-10-11 03:56:06,38000.0,100.0,215800.0
245,2021-10-11 03:56:06,38000.0,500.0,215700.0
246,2021-10-11 03:55:58,38000.0,400.0,215200.0
247,2021-10-11 03:55:27,38000.0,1000.0,214800.0
248,2021-10-11 03:50:32,38100.0,100.0,213800.0
249,2021-10-11 03:47:35,38100.0,500.0,213700.0
250,2021-10-11 03:45:11,38000.0,300.0,213200.0
251,2021-10-11 03:45:11,38000.0,300.0,212900.0
252,2021-10-11 03:45:11,38000.0,500.0,212600.0
253,2021-10-11 03:44:59,38000.0,1000.0,212100.0
254,2021-10-11 03:44:55,38000.0,500.0,211100.0
255,2021-10-11 03:44:55,38000.0,1000.0,210600.0
256,2021-10-11 03:42:48,38000.0,100.0,209600.0
257,2021-10-11 03:41:35,38000.0,2000.0,209500.0
258,2021-10-11 03:41:35,38000.0,100.0,207500.0
259,2021-10-11 03:41:35,38000.0,1700.0,207400.0
260,2021-10-11 03:41:35,38050.0,100.0,205700.0
261,2021-10-11 03:37:12,38100.0,100.0,205600.0
262,2021-10-11 03:37:12,38100.0,500.0,205500.0
263,2021-10-11 03:33:11,38100.0,1500.0,205000.0
264,2021-10-11 03:25:55,38200.0,800.0,203500.0
265,2021-10-11 03:25:55,38200.0,200.0,202700.0
266,2021-10-11 03:25:51,38200.0,300.0,202500.0
267,2021-10-11 03:25:46,38100.0,500.0,202200.0
268,2021-10-11 03:25:41,38100.0,500.0,201700.0
269,2021-10-11 03:25:41,38100.0,500.0,201200.0
270,2021-10-11 03:25:25,38050.0,1400.0,200700.0
271,2021-10-11 03:25:17,38000.0,3300.0,199300.0
272,2021-10-11 03:24:57,38000.0,500.0,196000.0
273,2021-10-11 03:24:57,38000.0,10000.0,195500.0
274,2021-10-11 03:24:57,38000.0,100.0,185500.0
275,2021-10-11 03:24:57,38000.0,1100.0,185400.0
276,2021-10-11 03:24:46,38000.0,300.0,184300.0
277,2021-10-11 03:23:49,38000.0,1600.0,184000.0
278,2021-10-11 03:23:49,38000.0,1000.0,182400.0
279,2021-10-11 03:23:49,38000.0,100.0,181400.0
280,2021-10-11 03:23:49,38000.0,200.0,181300.0
281,2021-10-11 03:23:49,38000.0,1600.0,181100.0
282,2021-10-11 03:23:49,38000.0,1500.0,179500.0
283,2021-10-11 03:23:43,38050.0,2000.0,178000.0
284,2021-10-11 03:23:43,38050.0,600.0,176000.0
285,2021-10-11 03:15:04,38100.0,1000.0,175400.0
286,2021-10-11 03:14:45,38100.0,500.0,174400.0
287,2021-10-11 03:13:09,38100.0,1000.0,173900.0
288,2021-10-11 03:12:04,38050.0,100.0,172900.0
289,2021-10-11 03:12:01,38050.0,300.0,172800.0
290,2021-10-11 03:11:44,38000.0,700.0,172500.0
291,2021-10-11 03:11:44,38000.0,200.0,171800.0
292,2021-10-11 03:11:44,38000.0,200.0,171600.0
293,2021-10-11 03:11:44,38000.0,1600.0,171400.0
294,2021-10-11 03:10:30,38000.0,500.0,169800.0
295,2021-10-11 03:08:25,38000.0,1500.0,169300.0
296,2021-10-11 03:07:50,38000.0,300.0,167800.0
297,2021-10-11 03:07:21,38000.0,1100.0,167500.0
298,2021-10-11 03:07:06,38000.0,600.0,166400.0
299,2021-10-11 03:07:05,38050.0,500.0,165800.0
300,2021-10-11 03:06:51,38000.0,300.0,165300.0
301,2021-10-11 03:06:31,38000.0,100.0,165000.0
302,2021-10-11 03:06:31,38000.0,2000.0,164900.0
303,2021-10-11 03:06:31,38000.0,100.0,162900.0
304,2021-10-11 03:06:31,38000.0,3000.0,162800.0
305,2021-10-11 03:06:31,38000.0,500.0,159800.0
306,2021-10-11 03:06:31,38000.0,200.0,159300.0
307,2021-10-11 03:06:31,38000.0,1000.0,159100.0
308,2021-10-11 03:06:31,38000.0,300.0,158100.0
309,2021-10-11 03:06:31,38000.0,100.0,157800.0
310,2021-10-11 03:06:31,38000.0,5000.0,157700.0
311,2021-10-11 03:06:31,38000.0,200.0,152700.0
312,2021-10-11 03:06:31,38000.0,1200.0,152500.0
313,2021-10-11 03:06:31,38000.0,5000.0,151300.0
314,2021-10-11 03:06:31,38000.0,1000.0,146300.0
315,2021-10-11 03:06:26,38050.0,1500.0,145300.0
316,2021-10-11 03:05:49,38050.0,2000.0,143800.0
317,2021-10-11 03:05:49,38050.0,1700.0,141800.0
318,2021-10-11 03:05:44,38050.0,900.0,140100.0
319,2021-10-11 03:05:44,38050.0,1500.0,139200.0
320,2021-10-11 03:05:44,38050.0,100.0,137700.0
321,2021-10-11 03:02:37,38100.0,2200.0,137600.0
322,2021-10-11 03:02:37,38100.0,1000.0,135400.0
323,2021-10-11 03:02:37,38100.0,5000.0,134400.0
324,2021-10-11 03:02:37,38100.0,200.0,129400.0
325,2021-10-11 03:02:37,38100.0,2000.0,129200.0
326,2021-10-11 03:02:37,38100.0,1500.0,127200.0
327,2021-10-11 03:02:37,38100.0,100.0,125700.0
328,2021-10-11 03:02:28,38200.0,100.0,125600.0
329,2021-10-11 03:00:38,38200.0,300.0,125500.0
330,2021-10-11 03:00:38,38200.0,1000.0,125200.0
331,2021-10-11 02:58:49,38200.0,1000.0,124200.0
332,2021-10-11 02:58:40,38150.0,800.0,123200.0
333,2021-10-11 02:55:42,38200.0,200.0,122400.0
334,2021-10-11 02:55:30,38200.0,100.0,122200.0
335,2021-10-11 02:55:13,38200.0,100.0,122100.0
336,2021-10-11 02:55:13,38200.0,100.0,122000.0
337,2021-10-11 02:54:45,38200.0,900.0,121900.0
338,2021-10-11 02:54:45,38200.0,100.0,121000.0
339,2021-10-11 02:53:06,38200.0,100.0,120900.0
340,2021-10-11 02:51:39,38300.0,200.0,120800.0
341,2021-10-11 02:51:19,38200.0,300.0,120600.0
342,2021-10-11 02:51:04,38200.0,200.0,120300.0
343,2021-10-11 02:50:30,38200.0,500.0,120100.0
344,2021-10-11 02:50:30,38200.0,600.0,119600.0
345,2021-10-11 02:48:37,38200.0,400.0,119000.0
346,2021-10-11 02:47:21,38200.0,1000.0,118600.0
347,2021-10-11 02:46:40,38200.0,500.0,117600.0
348,2021-10-11 02:46:17,38300.0,700.0,117100.0
349,2021-10-11 02:46:11,38300.0,100.0,116400.0
350,2021-10-11 02:46:11,38300.0,200.0,116300.0
351,2021-10-11 02:45:49,38300.0,100.0,116100.0
352,2021-10-11 02:44:57,38100.0,400.0,116000.0
353,2021-10-11 02:44:57,38200.0,500.0,115600.0
354,2021-10-11 02:44:57,38200.0,1000.0,115100.0
355,2021-10-11 02:44:57,38300.0,100.0,114100.0
356,2021-10-11 02:44:06,38400.0,200.0,114000.0
357,2021-10-11 02:43:53,38400.0,300.0,113800.0
358,2021-10-11 02:43:51,38300.0,200.0,113500.0
359,2021-10-11 02:43:51,38300.0,200.0,113300.0
360,2021-10-11 02:42:56,38300.0,500.0,113100.0
361,2021-10-11 02:42:56,38300.0,1000.0,112600.0
362,2021-10-11 02:42:56,38300.0,1500.0,111600.0
363,2021-10-11 02:42:56,38300.0,1500.0,110100.0
364,2021-10-11 02:42:56,38300.0,300.0,108600.0
365,2021-10-11 02:42:39,38350.0,200.0,108300.0
366,2021-10-11 02:41:56,38350.0,100.0,108100.0
367,2021-10-11 02:38:11,38400.0,500.0,108000.0
368,2021-10-11 02:38:11,38400.0,900.0,107500.0
369,2021-10-11 02:37:20,38500.0,700.0,106600.0
370,2021-10-11 02:37:20,38500.0,800.0,105900.0
371,2021-10-11 02:37:09,38500.0,400.0,105100.0
372,2021-10-11 02:36:54,38500.0,1000.0,104700.0
373,2021-10-11 02:36:53,38500.0,600.0,103700.0
374,2021-10-11 02:35:39,38500.0,400.0,103100.0
375,2021-10-11 02:35:39,38500.0,100.0,102700.0
376,2021-10-11 02:35:18,38500.0,100.0,102600.0
377,2021-10-11 02:34:53,38500.0,200.0,102500.0
378,2021-10-11 02:34:39,38500.0,1400.0,102300.0
379,2021-10-11 02:34:39,38450.0,200.0,100900.0
380,2021-10-11 02:34:39,38450.0,100.0,100700.0
381,2021-10-11 02:33:42,38400.0,800.0,100600.0
382,2021-10-11 02:33:07,38500.0,1600.0,99800.0
383,2021-10-11 02:32:57,38500.0,200.0,98200.0
384,2021-10-11 02:32:57,38500.0,100.0,98000.0
385,2021-10-11 02:32:57,38500.0,200.0,97900.0
386,2021-10-11 02:32:57,38500.0,6000.0,97700.0
387,2021-10-11 02:32:53,38500.0,3200.0,91700.0
388,2021-10-11 02:32:49,38500.0,4500.0,88500.0
389,2021-10-11 02:31:49,38600.0,100.0,84000.0
390,2021-10-11 02:31:26,38600.0,600.0,83900.0
391,2021-10-11 02:31:17,38600.0,1400.0,83300.0
392,2021-10-11 02:31:06,38600.0,100.0,81900.0
393,2021-10-11 02:30:55,38700.0,900.0,81800.0
394,2021-10-11 02:30:50,38700.0,500.0,80900.0
395,2021-10-11 02:30:34,38700.0,500.0,80400.0
396,2021-10-11 02:30:34,38600.0,300.0,79900.0
397,2021-10-11 02:30:34,38600.0,200.0,79600.0
398,2021-10-11 02:30:34,38600.0,2000.0,79400.0
399,2021-10-11 02:30:34,38600.0,500.0,77400.0
400,2021-10-11 02:30:34,38600.0,1000.0,76900.0
401,2021-10-11 02:30:30,38600.0,1000.0,75900.0
402,2021-10-11 02:30:22,38500.0,200.0,74900.0
403,2021-10-11 02:30:19,38500.0,2000.0,74700.0
404,2021-10-11 02:30:19,38500.0,100.0,72700.0
405,2021-10-11 02:30:19,38500.0,1300.0,72600.0
406,2021-10-11 02:30:19,38500.0,1000.0,71300.0
407,2021-10-11 02:30:19,38400.0,1700.0,70300.0
408,2021-10-11 02:30:18,38400.0,500.0,68600.0
409,2021-10-11 02:30:11,38400.0,1000.0,68100.0
410,2021-10-11 02:30:11,38400.0,100.0,67100.0
411,2021-10-11 02:30:11,38400.0,100.0,67000.0
412,2021-10-11 02:30:11,38400.0,100.0,66900.0
413,2021-10-11 02:30:09,38500.0,1000.0,66800.0
414,2021-10-11 02:29:16,38500.0,200.0,65800.0
415,2021-10-11 02:28:34,38500.0,500.0,65600.0
416,2021-10-11 02:28:27,38500.0,300.0,65100.0
417,2021-10-11 02:28:27,38500.0,500.0,64800.0
418,2021-10-11 02:28:27,38500.0,200.0,64300.0
419,2021-10-11 02:28:25,38500.0,100.0,64100.0
420,2021-10-11 02:28:12,38500.0,1000.0,64000.0
421,2021-10-11 02:27:42,38500.0,100.0,63000.0
422,2021-10-11 02:27:42,38500.0,1000.0,62900.0
423,2021-10-11 02:27:42,38500.0,100.0,61900.0
424,2021-10-11 02:27:42,38500.0,100.0,61800.0
425,2021-10-11 02:27:42,38500.0,200.0,61700.0
426,2021-10-11 02:27:42,38500.0,100.0,61500.0
427,2021-10-11 02:27:42,38500.0,500.0,61400.0
428,2021-10-11 02:27:42,38500.0,100.0,60900.0
429,2021-10-11 02:27:42,38500.0,1800.0,60800.0
430,2021-10-11 02:27:35,38500.0,1000.0,59000.0
431,2021-10-11 02:27:25,38500.0,1500.0,58000.0
432,2021-10-11 02:27:21,38500.0,300.0,56500.0
433,2021-10-11 02:27:15,38500.0,2000.0,56200.0
434,2021-10-11 02:27:11,38500.0,500.0,54200.0
435,2021-10-11 02:27:07,38500.0,1200.0,53700.0
436,2021-10-11 02:27:03,38500.0,500.0,52500.0
437,2021-10-11 02:26:58,38400.0,400.0,52000.0
438,2021-10-11 02:26:51,38400.0,500.0,51600.0
439,2021-10-11 02:26:32,38300.0,200.0,51100.0
440,2021-10-11 02:26:09,38500.0,200.0,50900.0
441,2021-10-11 02:26:07,38500.0,1000.0,50700.0
442,2021-10-11 02:26:07,38400.0,100.0,49700.0
443,2021-10-11 02:26:07,38400.0,100.0,49600.0
444,2021-10-11 02:26:07,38400.0,2000.0,49500.0
445,2021-10-11 02:26:07,38400.0,300.0,47500.0
446,2021-10-11 02:26:07,38400.0,800.0,47200.0
447,2021-10-11 02:26:07,38400.0,100.0,46400.0
448,2021-10-11 02:26:07,38400.0,500.0,46300.0
449,2021-10-11 02:26:07,38400.0,1000.0,45800.0
450,2021-10-11 02:26:07,38300.0,500.0,44800.0
451,2021-10-11 02:25:52,38300.0,300.0,44300.0
452,2021-10-11 02:25:34,38300.0,2200.0,44000.0
453,2021-10-11 02:24:33,38400.0,800.0,41800.0
454,2021-10-11 02:24:30,38300.0,500.0,41000.0
455,2021-10-11 02:24:26,38300.0,1000.0,40500.0
456,2021-10-11 02:24:22,38300.0,1700.0,39500.0
457,2021-10-11 02:24:08,38300.0,3500.0,37800.0
458,2021-10-11 02:24:08,38200.0,1100.0,34300.0
459,2021-10-11 02:23:49,38200.0,1400.0,33200.0
460,2021-10-11 02:23:40,38200.0,1400.0,31800.0
461,2021-10-11 02:23:40,38200.0,1100.0,30400.0
462,2021-10-11 02:23:35,38300.0,1500.0,29300.0
463,2021-10-11 02:23:28,38300.0,500.0,27800.0
464,2021-10-11 02:23:26,38400.0,500.0,27300.0
465,2021-10-11 02:22:20,38400.0,1200.0,26800.0
466,2021-10-11 02:22:06,38300.0,100.0,25600.0
467,2021-10-11 02:22:06,38300.0,500.0,25500.0
468,2021-10-11 02:22:06,38300.0,500.0,25000.0
469,2021-10-11 02:22:06,38300.0,200.0,24500.0
470,2021-10-11 02:22:06,38300.0,100.0,24300.0
471,2021-10-11 02:22:06,38300.0,100.0,24200.0
472,2021-10-11 02:22:01,38300.0,400.0,24100.0
473,2021-10-11 02:22:01,38300.0,300.0,23700.0
474,2021-10-11 02:22:01,38300.0,500.0,23400.0
475,2021-10-11 02:21:57,38300.0,500.0,22900.0
476,2021-10-11 02:21:51,38200.0,100.0,22400.0
477,2021-10-11 02:21:51,38200.0,600.0,22300.0
478,2021-10-11 02:21:51,38200.0,100.0,21700.0
479,2021-10-11 02:21:51,38200.0,100.0,21600.0
480,2021-10-11 02:20:52,38200.0,500.0,21500.0
481,2021-10-11 02:20:11,38200.0,1400.0,21000.0
482,2021-10-11 02:19:30,38200.0,200.0,19600.0
483,2021-10-11 02:19:20,38200.0,300.0,19400.0
484,2021-10-11 02:19:01,38300.0,1000.0,19100.0
485,2021-10-11 02:18:53,38300.0,200.0,18100.0
486,2021-10-11 02:18:25,38200.0,200.0,17900.0
487,2021-10-11 02:18:25,38200.0,300.0,17700.0
488,2021-10-11 02:18:21,38200.0,200.0,17400.0
489,2021-10-11 02:18:21,38200.0,100.0,17200.0
490,2021-10-11 02:17:52,38200.0,100.0,17100.0
491,2021-10-11 02:17:52,38200.0,300.0,17000.0
492,2021-10-11 02:17:42,38200.0,500.0,16700.0
493,2021-10-11 02:17:42,38200.0,100.0,16200.0
494,2021-10-11 02:17:06,38200.0,1200.0,16100.0
495,2021-10-11 02:16:54,38200.0,200.0,14900.0
496,2021-10-11 02:16:47,38300.0,500.0,14700.0
497,2021-10-11 02:16:16,38300.0,500.0,14200.0
498,2021-10-11 02:16:11,38300.0,300.0,13700.0
499,2021-10-11 02:16:07,38300.0,1000.0,13400.0
500,2021-10-11 02:16:01,38200.0,1800.0,12400.0
501,2021-10-11 02:15:42,38200.0,500.0,10600.0
502,2021-10-11 02:15:38,38200.0,1200.0,10100.0
503,2021-10-11 02:15:32,38200.0,1000.0,8900.0
504,2021-10-11 02:15:00,38300.0,500.0,7900.0
505,2021-10-11 02:15:00,38300.0,1000.0,7400.0
506,2021-10-11 02:15:00,38300.0,100.0,6400.0
507,2021-10-11 02:15:00,38300.0,1400.0,6300.0
508,2021-10-11 02:15:00,38300.0,500.0,4900.0
509,2021-10-11 02:15:00,38300.0,100.0,4400.0
510,2021-10-11 02:15:00,38300.0,100.0,4300.0
511,2021-10-11 02:15:00,38300.0,200.0,4200.0
512,2021-10-11 02:15:00,38300.0,100.0,4000.0
513,2021-10-11 02:15:00,38300.0,300.0,3900.0
514,2021-10-11 02:15:00,38300.0,1600.0,3600.0
515,2021-10-11 02:15:00,38300.0,800.0,2000.0
516,2021-10-11 02:15:00,38300.0,700.0,1200.0
517,2021-10-11 02:15:00,38300.0,500.0,500.0
