,Time,Price,Volume_per_trade,Volume
0,2021-10-19 07:45:01,19100.0,100.0,3426000.0
1,2021-10-19 07:45:01,19100.0,2000.0,3425900.0
2,2021-10-19 07:45:01,19100.0,600.0,3423900.0
3,2021-10-19 07:45:01,19100.0,1000.0,3423300.0
4,2021-10-19 07:45:01,19100.0,5000.0,3422300.0
5,2021-10-19 07:45:01,19100.0,500.0,3417300.0
6,2021-10-19 07:45:01,19100.0,300.0,3416800.0
7,2021-10-19 07:45:01,19100.0,3000.0,3416500.0
8,2021-10-19 07:45:01,19100.0,100.0,3413500.0
9,2021-10-19 07:45:01,19100.0,1000.0,3413400.0
10,2021-10-19 07:45:01,19100.0,1000.0,3412400.0
11,2021-10-19 07:45:01,19100.0,6600.0,3411400.0
12,2021-10-19 07:45:01,19100.0,500.0,3404800.0
13,2021-10-19 07:45:01,19100.0,200.0,3404300.0
14,2021-10-19 07:45:01,19100.0,5000.0,3404100.0
15,2021-10-19 07:45:01,19100.0,20000.0,3399100.0
16,2021-10-19 07:45:01,19100.0,100.0,3379100.0
17,2021-10-19 07:45:01,19100.0,4000.0,3379000.0
18,2021-10-19 07:45:01,19100.0,21200.0,3375000.0
19,2021-10-19 07:45:01,19100.0,100.0,3353800.0
20,2021-10-19 07:45:01,19100.0,400.0,3353700.0
21,2021-10-19 07:45:01,19100.0,100.0,3353300.0
22,2021-10-19 07:45:01,19100.0,100.0,3353200.0
23,2021-10-19 07:45:01,19100.0,1000.0,3353100.0
24,2021-10-19 07:45:01,19100.0,8000.0,3352100.0
25,2021-10-19 07:45:01,19100.0,100.0,3344100.0
26,2021-10-19 07:45:01,19100.0,2000.0,3344000.0
27,2021-10-19 07:45:01,19100.0,1200.0,3342000.0
28,2021-10-19 07:45:01,19100.0,100.0,3340800.0
29,2021-10-19 07:45:01,19100.0,9800.0,3340700.0
30,2021-10-19 07:45:01,19100.0,200.0,3330900.0
31,2021-10-19 07:45:01,19100.0,300.0,3330700.0
32,2021-10-19 07:45:01,19100.0,5000.0,3330400.0
33,2021-10-19 07:45:01,19100.0,400.0,3325400.0
34,2021-10-19 07:45:01,19100.0,100.0,3325000.0
35,2021-10-19 07:45:01,19100.0,200.0,3324900.0
36,2021-10-19 07:45:01,19100.0,100.0,3324700.0
37,2021-10-19 07:45:01,19100.0,100.0,3324600.0
38,2021-10-19 07:45:01,19100.0,500.0,3324500.0
39,2021-10-19 07:29:42,19100.0,4500.0,3324000.0
40,2021-10-19 07:29:22,19100.0,1000.0,3319500.0
41,2021-10-19 07:29:13,19100.0,500.0,3318500.0
42,2021-10-19 07:28:36,19150.0,100.0,3318000.0
43,2021-10-19 07:28:27,19150.0,100.0,3317900.0
44,2021-10-19 07:28:19,19100.0,100.0,3317800.0
45,2021-10-19 07:28:15,19100.0,10000.0,3317700.0
46,2021-10-19 07:28:15,19100.0,8000.0,3307700.0
47,2021-10-19 07:27:57,19100.0,1000.0,3299700.0
48,2021-10-19 07:27:57,19100.0,1000.0,3298700.0
49,2021-10-19 07:27:52,19100.0,25000.0,3297700.0
50,2021-10-19 07:27:49,19100.0,1900.0,3272700.0
51,2021-10-19 07:27:42,19100.0,5000.0,3270800.0
52,2021-10-19 07:27:41,19100.0,4000.0,3265800.0
53,2021-10-19 07:27:41,19100.0,18300.0,3261800.0
54,2021-10-19 07:27:30,19100.0,5500.0,3243500.0
55,2021-10-19 07:27:22,19100.0,2000.0,3238000.0
56,2021-10-19 07:27:10,19100.0,1000.0,3236000.0
57,2021-10-19 07:27:10,19100.0,30000.0,3235000.0
58,2021-10-19 07:27:10,19100.0,100.0,3205000.0
59,2021-10-19 07:27:10,19100.0,800.0,3204900.0
60,2021-10-19 07:27:10,19100.0,5400.0,3204100.0
61,2021-10-19 07:27:07,19100.0,200.0,3198700.0
62,2021-10-19 07:26:49,19100.0,500.0,3198500.0
63,2021-10-19 07:26:48,19100.0,200.0,3198000.0
64,2021-10-19 07:26:39,19100.0,900.0,3197800.0
65,2021-10-19 07:26:39,19100.0,1000.0,3196900.0
66,2021-10-19 07:26:39,19100.0,100.0,3195900.0
67,2021-10-19 07:26:39,19100.0,2000.0,3195800.0
68,2021-10-19 07:26:39,19100.0,100.0,3193800.0
69,2021-10-19 07:26:39,19100.0,100.0,3193700.0
70,2021-10-19 07:26:39,19100.0,100.0,3193600.0
71,2021-10-19 07:26:39,19100.0,100.0,3193500.0
72,2021-10-19 07:26:39,19100.0,1000.0,3193400.0
73,2021-10-19 07:26:39,19100.0,200.0,3192400.0
74,2021-10-19 07:26:39,19100.0,1000.0,3192200.0
75,2021-10-19 07:26:39,19100.0,1000.0,3191200.0
76,2021-10-19 07:26:39,19100.0,2000.0,3190200.0
77,2021-10-19 07:26:39,19100.0,500.0,3188200.0
78,2021-10-19 07:26:39,19100.0,200.0,3187700.0
79,2021-10-19 07:26:39,19100.0,400.0,3187500.0
80,2021-10-19 07:26:39,19100.0,1000.0,3187100.0
81,2021-10-19 07:26:39,19100.0,100.0,3186100.0
82,2021-10-19 07:26:39,19100.0,9900.0,3186000.0
83,2021-10-19 07:26:36,19100.0,1700.0,3176100.0
84,2021-10-19 07:26:33,19100.0,3400.0,3174400.0
85,2021-10-19 07:26:33,19100.0,200.0,3171000.0
86,2021-10-19 07:26:33,19100.0,300.0,3170800.0
87,2021-10-19 07:26:33,19100.0,100.0,3170500.0
88,2021-10-19 07:26:33,19100.0,100.0,3170400.0
89,2021-10-19 07:26:33,19100.0,1600.0,3170300.0
90,2021-10-19 07:26:33,19100.0,500.0,3168700.0
91,2021-10-19 07:26:33,19100.0,100.0,3168200.0
92,2021-10-19 07:26:33,19100.0,200.0,3168100.0
93,2021-10-19 07:26:33,19100.0,1400.0,3167900.0
94,2021-10-19 07:26:33,19100.0,500.0,3166500.0
95,2021-10-19 07:26:33,19100.0,1000.0,3166000.0
96,2021-10-19 07:26:33,19100.0,100.0,3165000.0
97,2021-10-19 07:26:33,19100.0,300.0,3164900.0
98,2021-10-19 07:26:33,19100.0,200.0,3164600.0
99,2021-10-19 07:26:33,19100.0,1000.0,3164400.0
100,2021-10-19 07:26:33,19100.0,500.0,3163400.0
101,2021-10-19 07:26:33,19100.0,100.0,3162900.0
102,2021-10-19 07:26:33,19100.0,500.0,3162800.0
103,2021-10-19 07:26:33,19100.0,100.0,3162300.0
104,2021-10-19 07:26:33,19100.0,200.0,3162200.0
105,2021-10-19 07:26:33,19100.0,2500.0,3162000.0
106,2021-10-19 07:26:33,19100.0,3000.0,3159500.0
107,2021-10-19 07:26:33,19100.0,5000.0,3156500.0
108,2021-10-19 07:26:33,19100.0,100.0,3151500.0
109,2021-10-19 07:26:33,19100.0,1000.0,3151400.0
110,2021-10-19 07:26:33,19100.0,600.0,3150400.0
111,2021-10-19 07:26:33,19100.0,50000.0,3149800.0
112,2021-10-19 07:26:33,19100.0,300.0,3099800.0
113,2021-10-19 07:26:33,19100.0,1100.0,3099500.0
114,2021-10-19 07:26:33,19100.0,1000.0,3098400.0
115,2021-10-19 07:26:33,19100.0,500.0,3097400.0
116,2021-10-19 07:26:33,19100.0,100.0,3096900.0
117,2021-10-19 07:26:33,19100.0,100.0,3096800.0
118,2021-10-19 07:26:33,19100.0,200.0,3096700.0
119,2021-10-19 07:26:33,19100.0,2900.0,3096500.0
120,2021-10-19 07:26:27,19100.0,5000.0,3093600.0
121,2021-10-19 07:26:04,19100.0,2100.0,3088600.0
122,2021-10-19 07:26:04,19100.0,1000.0,3086500.0
123,2021-10-19 07:26:04,19100.0,200.0,3085500.0
124,2021-10-19 07:26:04,19100.0,1000.0,3085300.0
125,2021-10-19 07:26:04,19100.0,1000.0,3084300.0
126,2021-10-19 07:25:50,19100.0,1000.0,3083300.0
127,2021-10-19 07:25:41,19100.0,1000.0,3082300.0
128,2021-10-19 07:25:13,19100.0,5000.0,3081300.0
129,2021-10-19 07:25:05,19100.0,100.0,3076300.0
130,2021-10-19 07:24:27,19100.0,500.0,3076200.0
131,2021-10-19 07:24:05,19100.0,200.0,3075700.0
132,2021-10-19 07:23:43,19150.0,200.0,3075500.0
133,2021-10-19 07:23:40,19100.0,3200.0,3075300.0
134,2021-10-19 07:23:40,19100.0,800.0,3072100.0
135,2021-10-19 07:23:40,19150.0,100.0,3071300.0
136,2021-10-19 07:23:37,19100.0,200.0,3071200.0
137,2021-10-19 07:23:37,19100.0,500.0,3071000.0
138,2021-10-19 07:23:37,19100.0,300.0,3070500.0
139,2021-10-19 07:22:53,19100.0,200.0,3070200.0
140,2021-10-19 07:22:53,19100.0,300.0,3070000.0
141,2021-10-19 07:22:45,19100.0,200.0,3069700.0
142,2021-10-19 07:22:45,19100.0,800.0,3069500.0
143,2021-10-19 07:22:45,19100.0,200.0,3068700.0
144,2021-10-19 07:22:45,19100.0,500.0,3068500.0
145,2021-10-19 07:22:25,19150.0,1500.0,3068000.0
146,2021-10-19 07:22:25,19150.0,100.0,3066500.0
147,2021-10-19 07:22:25,19150.0,1000.0,3066400.0
148,2021-10-19 07:22:25,19150.0,1000.0,3065400.0
149,2021-10-19 07:22:25,19150.0,1000.0,3064400.0
150,2021-10-19 07:22:25,19150.0,400.0,3063400.0
151,2021-10-19 07:22:18,19100.0,2000.0,3063000.0
152,2021-10-19 07:21:22,19150.0,600.0,3061000.0
153,2021-10-19 07:21:22,19150.0,6000.0,3060400.0
154,2021-10-19 07:21:22,19150.0,500.0,3054400.0
155,2021-10-19 07:21:22,19150.0,2900.0,3053900.0
156,2021-10-19 07:21:07,19100.0,200.0,3051000.0
157,2021-10-19 07:20:46,19100.0,700.0,3050800.0
158,2021-10-19 07:20:20,19100.0,100.0,3050100.0
159,2021-10-19 07:20:03,19100.0,5000.0,3050000.0
160,2021-10-19 07:19:43,19150.0,500.0,3045000.0
161,2021-10-19 07:18:46,19150.0,2000.0,3044500.0
162,2021-10-19 07:18:43,19100.0,6800.0,3042500.0
163,2021-10-19 07:18:13,19100.0,100.0,3035700.0
164,2021-10-19 07:17:37,19100.0,100.0,3035600.0
165,2021-10-19 07:17:36,19100.0,100.0,3035500.0
166,2021-10-19 07:17:30,19150.0,800.0,3035400.0
167,2021-10-19 07:17:03,19150.0,1000.0,3034600.0
168,2021-10-19 07:16:41,19100.0,1000.0,3033600.0
169,2021-10-19 07:16:35,19150.0,200.0,3032600.0
170,2021-10-19 07:15:46,19150.0,500.0,3032400.0
171,2021-10-19 07:15:44,19100.0,600.0,3031900.0
172,2021-10-19 07:15:35,19150.0,2000.0,3031300.0
173,2021-10-19 07:15:15,19100.0,600.0,3029300.0
174,2021-10-19 07:15:07,19100.0,1000.0,3028700.0
175,2021-10-19 07:14:49,19150.0,500.0,3027700.0
176,2021-10-19 07:14:44,19150.0,400.0,3027200.0
177,2021-10-19 07:14:09,19150.0,100.0,3026800.0
178,2021-10-19 07:13:00,19150.0,400.0,3026700.0
179,2021-10-19 07:12:23,19150.0,300.0,3026300.0
180,2021-10-19 07:12:13,19150.0,100.0,3026000.0
181,2021-10-19 07:11:39,19150.0,5000.0,3025900.0
182,2021-10-19 07:11:33,19150.0,1000.0,3020900.0
183,2021-10-19 07:11:31,19150.0,1300.0,3019900.0
184,2021-10-19 07:10:52,19150.0,1000.0,3018600.0
185,2021-10-19 07:10:18,19100.0,200.0,3017600.0
186,2021-10-19 07:09:12,19100.0,10000.0,3017400.0
187,2021-10-19 07:08:47,19100.0,4500.0,3007400.0
188,2021-10-19 07:08:46,19200.0,5800.0,3002900.0
189,2021-10-19 07:08:46,19200.0,400.0,2997100.0
190,2021-10-19 07:08:46,19150.0,1000.0,2996700.0
191,2021-10-19 07:08:46,19150.0,600.0,2995700.0
192,2021-10-19 07:08:46,19150.0,2200.0,2995100.0
193,2021-10-19 07:08:38,19150.0,4000.0,2992900.0
194,2021-10-19 07:08:38,19150.0,1000.0,2988900.0
195,2021-10-19 07:08:38,19150.0,8000.0,2987900.0
196,2021-10-19 07:08:38,19150.0,6000.0,2979900.0
197,2021-10-19 07:08:38,19150.0,1000.0,2973900.0
198,2021-10-19 07:08:17,19150.0,300.0,2972900.0
199,2021-10-19 07:07:16,19150.0,1000.0,2972600.0
200,2021-10-19 07:07:09,19150.0,1000.0,2971600.0
201,2021-10-19 07:07:05,19150.0,1300.0,2970600.0
202,2021-10-19 07:07:04,19150.0,500.0,2969300.0
203,2021-10-19 07:06:57,19150.0,100.0,2968800.0
204,2021-10-19 07:06:24,19150.0,1000.0,2968700.0
205,2021-10-19 07:06:13,19150.0,100.0,2967700.0
206,2021-10-19 07:06:13,19150.0,3700.0,2967600.0
207,2021-10-19 07:06:07,19150.0,200.0,2963900.0
208,2021-10-19 07:05:52,19150.0,1100.0,2963700.0
209,2021-10-19 07:05:49,19150.0,900.0,2962600.0
210,2021-10-19 07:05:44,19150.0,1600.0,2961700.0
211,2021-10-19 07:05:44,19150.0,500.0,2960100.0
212,2021-10-19 07:05:39,19150.0,5000.0,2959600.0
213,2021-10-19 07:05:39,19150.0,100.0,2954600.0
214,2021-10-19 07:05:39,19150.0,200.0,2954500.0
215,2021-10-19 07:05:39,19150.0,100.0,2954300.0
216,2021-10-19 07:05:39,19150.0,100.0,2954200.0
217,2021-10-19 07:05:27,19150.0,300.0,2954100.0
218,2021-10-19 07:05:27,19150.0,400.0,2953800.0
219,2021-10-19 07:05:27,19150.0,300.0,2953400.0
220,2021-10-19 07:05:18,19150.0,700.0,2953100.0
221,2021-10-19 07:05:18,19150.0,300.0,2952400.0
222,2021-10-19 07:04:59,19150.0,500.0,2952100.0
223,2021-10-19 07:04:55,19150.0,100.0,2951600.0
224,2021-10-19 07:04:44,19150.0,4100.0,2951500.0
225,2021-10-19 07:04:44,19150.0,600.0,2947400.0
226,2021-10-19 07:04:44,19150.0,5000.0,2946800.0
227,2021-10-19 07:04:44,19150.0,1300.0,2941800.0
228,2021-10-19 07:03:30,19150.0,500.0,2940500.0
229,2021-10-19 07:02:52,19150.0,2000.0,2940000.0
230,2021-10-19 07:01:35,19200.0,100.0,2938000.0
231,2021-10-19 07:00:46,19150.0,300.0,2937900.0
232,2021-10-19 07:00:14,19150.0,100.0,2937600.0
233,2021-10-19 07:00:13,19150.0,100.0,2937500.0
234,2021-10-19 06:59:52,19150.0,100.0,2937400.0
235,2021-10-19 06:59:44,19150.0,400.0,2937300.0
236,2021-10-19 06:59:32,19150.0,3000.0,2936900.0
237,2021-10-19 06:59:20,19150.0,200.0,2933900.0
238,2021-10-19 06:59:20,19150.0,100.0,2933700.0
239,2021-10-19 06:59:20,19150.0,1900.0,2933600.0
240,2021-10-19 06:58:34,19150.0,1000.0,2931700.0
241,2021-10-19 06:58:34,19150.0,100.0,2930700.0
242,2021-10-19 06:58:34,19150.0,2000.0,2930600.0
243,2021-10-19 06:57:44,19150.0,3000.0,2928600.0
244,2021-10-19 06:57:21,19150.0,5000.0,2925600.0
245,2021-10-19 06:57:09,19150.0,100.0,2920600.0
246,2021-10-19 06:57:07,19150.0,500.0,2920500.0
247,2021-10-19 06:56:43,19150.0,2900.0,2920000.0
248,2021-10-19 06:56:31,19150.0,200.0,2917100.0
249,2021-10-19 06:56:31,19150.0,1300.0,2916900.0
250,2021-10-19 06:56:13,19150.0,100.0,2915600.0
251,2021-10-19 06:55:32,19150.0,200.0,2915500.0
252,2021-10-19 06:55:03,19150.0,5000.0,2915300.0
253,2021-10-19 06:55:03,19150.0,200.0,2910300.0
254,2021-10-19 06:55:03,19150.0,100.0,2910100.0
255,2021-10-19 06:55:03,19150.0,800.0,2910000.0
256,2021-10-19 06:55:03,19150.0,2300.0,2909200.0
257,2021-10-19 06:54:27,19150.0,200.0,2906900.0
258,2021-10-19 06:54:03,19150.0,500.0,2906700.0
259,2021-10-19 06:54:02,19150.0,1000.0,2906200.0
260,2021-10-19 06:53:29,19150.0,4500.0,2905200.0
261,2021-10-19 06:53:25,19150.0,500.0,2900700.0
262,2021-10-19 06:53:24,19150.0,1000.0,2900200.0
263,2021-10-19 06:53:08,19100.0,13700.0,2899200.0
264,2021-10-19 06:53:08,19150.0,1000.0,2885500.0
265,2021-10-19 06:53:08,19150.0,300.0,2884500.0
266,2021-10-19 06:53:01,19150.0,200.0,2884200.0
267,2021-10-19 06:53:01,19150.0,300.0,2884000.0
268,2021-10-19 06:52:58,19150.0,200.0,2883700.0
269,2021-10-19 06:52:58,19150.0,4800.0,2883500.0
270,2021-10-19 06:52:46,19150.0,100.0,2878700.0
271,2021-10-19 06:52:46,19150.0,100.0,2878600.0
272,2021-10-19 06:52:46,19100.0,200.0,2878500.0
273,2021-10-19 06:52:26,19150.0,300.0,2878300.0
274,2021-10-19 06:51:57,19150.0,3000.0,2878000.0
275,2021-10-19 06:51:47,19150.0,1000.0,2875000.0
276,2021-10-19 06:51:32,19150.0,200.0,2874000.0
277,2021-10-19 06:51:20,19150.0,500.0,2873800.0
278,2021-10-19 06:51:04,19150.0,1000.0,2873300.0
279,2021-10-19 06:50:58,19150.0,1000.0,2872300.0
280,2021-10-19 06:50:51,19100.0,30000.0,2871300.0
281,2021-10-19 06:50:14,19150.0,100.0,2841300.0
282,2021-10-19 06:50:14,19150.0,100.0,2841200.0
283,2021-10-19 06:50:14,19150.0,300.0,2841100.0
284,2021-10-19 06:50:02,19100.0,4000.0,2840800.0
285,2021-10-19 06:49:57,19150.0,700.0,2836800.0
286,2021-10-19 06:49:45,19150.0,300.0,2836100.0
287,2021-10-19 06:49:45,19150.0,2000.0,2835800.0
288,2021-10-19 06:49:23,19150.0,7000.0,2833800.0
289,2021-10-19 06:49:23,19150.0,1000.0,2826800.0
290,2021-10-19 06:49:21,19100.0,100.0,2825800.0
291,2021-10-19 06:49:03,19150.0,100.0,2825700.0
292,2021-10-19 06:48:53,19150.0,1000.0,2825600.0
293,2021-10-19 06:48:50,19150.0,3000.0,2824600.0
294,2021-10-19 06:48:22,19150.0,1000.0,2821600.0
295,2021-10-19 06:48:22,19150.0,1600.0,2820600.0
296,2021-10-19 06:48:22,19150.0,1000.0,2819000.0
297,2021-10-19 06:48:22,19150.0,400.0,2818000.0
298,2021-10-19 06:48:13,19150.0,1600.0,2817600.0
299,2021-10-19 06:48:13,19150.0,500.0,2816000.0
300,2021-10-19 06:48:13,19150.0,2000.0,2815500.0
301,2021-10-19 06:48:13,19150.0,900.0,2813500.0
302,2021-10-19 06:48:12,19150.0,100.0,2812600.0
303,2021-10-19 06:48:12,19150.0,3400.0,2812500.0
304,2021-10-19 06:47:38,19200.0,100.0,2809100.0
305,2021-10-19 06:47:38,19200.0,2000.0,2809000.0
306,2021-10-19 06:47:36,19200.0,3000.0,2807000.0
307,2021-10-19 06:47:36,19200.0,2000.0,2804000.0
308,2021-10-19 06:47:23,19200.0,13600.0,2802000.0
309,2021-10-19 06:47:20,19200.0,4000.0,2788400.0
310,2021-10-19 06:47:14,19200.0,500.0,2784400.0
311,2021-10-19 06:47:14,19200.0,6000.0,2783900.0
312,2021-10-19 06:47:14,19200.0,200.0,2777900.0
313,2021-10-19 06:47:14,19200.0,100.0,2777700.0
314,2021-10-19 06:47:14,19200.0,5000.0,2777600.0
315,2021-10-19 06:47:14,19200.0,100.0,2772600.0
316,2021-10-19 06:47:14,19200.0,1000.0,2772500.0
317,2021-10-19 06:47:14,19200.0,7200.0,2771500.0
318,2021-10-19 06:47:14,19200.0,1100.0,2764300.0
319,2021-10-19 06:47:14,19200.0,2700.0,2763200.0
320,2021-10-19 06:47:14,19200.0,6500.0,2760500.0
321,2021-10-19 06:46:56,19200.0,500.0,2754000.0
322,2021-10-19 06:46:55,19150.0,500.0,2753500.0
323,2021-10-19 06:46:53,19150.0,900.0,2753000.0
324,2021-10-19 06:46:52,19150.0,2500.0,2752100.0
325,2021-10-19 06:46:43,19150.0,5000.0,2749600.0
326,2021-10-19 06:46:30,19150.0,37700.0,2744600.0
327,2021-10-19 06:46:30,19150.0,300.0,2706900.0
328,2021-10-19 06:46:30,19150.0,100.0,2706600.0
329,2021-10-19 06:46:30,19150.0,1900.0,2706500.0
330,2021-10-19 06:46:22,19200.0,500.0,2704600.0
331,2021-10-19 06:46:08,19200.0,1800.0,2704100.0
332,2021-10-19 06:46:01,19200.0,2700.0,2702300.0
333,2021-10-19 06:46:01,19200.0,300.0,2699600.0
334,2021-10-19 06:45:40,19200.0,100.0,2699300.0
335,2021-10-19 06:45:40,19200.0,500.0,2699200.0
336,2021-10-19 06:45:40,19200.0,100.0,2698700.0
337,2021-10-19 06:45:40,19200.0,1000.0,2698600.0
338,2021-10-19 06:45:23,19250.0,1600.0,2697600.0
339,2021-10-19 06:45:19,19200.0,1500.0,2696000.0
340,2021-10-19 06:45:14,19200.0,3500.0,2694500.0
341,2021-10-19 06:45:14,19200.0,2000.0,2691000.0
342,2021-10-19 06:45:14,19200.0,3000.0,2689000.0
343,2021-10-19 06:45:14,19200.0,2000.0,2686000.0
344,2021-10-19 06:45:14,19200.0,2000.0,2684000.0
345,2021-10-19 06:45:14,19200.0,7500.0,2682000.0
346,2021-10-19 06:44:56,19250.0,500.0,2674500.0
347,2021-10-19 06:44:53,19200.0,500.0,2674000.0
348,2021-10-19 06:44:27,19200.0,400.0,2673500.0
349,2021-10-19 06:44:06,19200.0,200.0,2673100.0
350,2021-10-19 06:43:37,19200.0,1400.0,2672900.0
351,2021-10-19 06:43:37,19200.0,2500.0,2671500.0
352,2021-10-19 06:43:37,19200.0,3100.0,2669000.0
353,2021-10-19 06:43:36,19200.0,1100.0,2665900.0
354,2021-10-19 06:43:20,19200.0,300.0,2664800.0
355,2021-10-19 06:43:13,19200.0,100.0,2664500.0
356,2021-10-19 06:42:40,19250.0,1800.0,2664400.0
357,2021-10-19 06:42:40,19250.0,1000.0,2662600.0
358,2021-10-19 06:42:40,19250.0,6000.0,2661600.0
359,2021-10-19 06:42:40,19250.0,100.0,2655600.0
360,2021-10-19 06:42:40,19250.0,100.0,2655500.0
361,2021-10-19 06:42:32,19200.0,100.0,2655400.0
362,2021-10-19 06:42:26,19200.0,300.0,2655300.0
363,2021-10-19 06:42:18,19200.0,100.0,2655000.0
364,2021-10-19 06:42:18,19200.0,2000.0,2654900.0
365,2021-10-19 06:42:18,19200.0,500.0,2652900.0
366,2021-10-19 06:42:18,19200.0,1000.0,2652400.0
367,2021-10-19 06:42:18,19200.0,1000.0,2651400.0
368,2021-10-19 06:42:18,19200.0,400.0,2650400.0
369,2021-10-19 06:42:15,19200.0,100.0,2650000.0
370,2021-10-19 06:42:12,19200.0,1300.0,2649900.0
371,2021-10-19 06:42:12,19200.0,500.0,2648600.0
372,2021-10-19 06:42:12,19200.0,200.0,2648100.0
373,2021-10-19 06:42:12,19200.0,1000.0,2647900.0
374,2021-10-19 06:42:12,19200.0,100.0,2646900.0
375,2021-10-19 06:42:12,19200.0,1600.0,2646800.0
376,2021-10-19 06:42:12,19200.0,5000.0,2645200.0
377,2021-10-19 06:42:12,19200.0,200.0,2640200.0
378,2021-10-19 06:42:12,19200.0,1000.0,2640000.0
379,2021-10-19 06:42:12,19200.0,400.0,2639000.0
380,2021-10-19 06:42:12,19200.0,300.0,2638600.0
381,2021-10-19 06:42:12,19200.0,5000.0,2638300.0
382,2021-10-19 06:42:12,19200.0,300.0,2633300.0
383,2021-10-19 06:42:12,19200.0,1000.0,2633000.0
384,2021-10-19 06:42:12,19200.0,5000.0,2632000.0
385,2021-10-19 06:42:12,19200.0,100.0,2627000.0
386,2021-10-19 06:42:12,19200.0,100.0,2626900.0
387,2021-10-19 06:42:12,19200.0,3000.0,2626800.0
388,2021-10-19 06:42:12,19200.0,500.0,2623800.0
389,2021-10-19 06:42:12,19200.0,800.0,2623300.0
390,2021-10-19 06:42:12,19200.0,100.0,2622500.0
391,2021-10-19 06:42:12,19200.0,2500.0,2622400.0
392,2021-10-19 06:41:51,19200.0,2500.0,2619900.0
393,2021-10-19 06:41:51,19200.0,100.0,2617400.0
394,2021-10-19 06:41:51,19200.0,1000.0,2617300.0
395,2021-10-19 06:41:51,19200.0,1000.0,2616300.0
396,2021-10-19 06:41:51,19200.0,500.0,2615300.0
397,2021-10-19 06:41:51,19200.0,200.0,2614800.0
398,2021-10-19 06:41:51,19200.0,2000.0,2614600.0
399,2021-10-19 06:41:51,19200.0,100.0,2612600.0
400,2021-10-19 06:41:51,19200.0,1000.0,2612500.0
401,2021-10-19 06:41:51,19200.0,100.0,2611500.0
402,2021-10-19 06:41:51,19200.0,1500.0,2611400.0
403,2021-10-19 06:41:49,19150.0,100.0,2609900.0
404,2021-10-19 06:41:21,19200.0,500.0,2609800.0
405,2021-10-19 06:41:21,19200.0,500.0,2609300.0
406,2021-10-19 06:41:19,19150.0,500.0,2608800.0
407,2021-10-19 06:40:41,19150.0,1000.0,2608300.0
408,2021-10-19 06:40:38,19150.0,400.0,2607300.0
409,2021-10-19 06:40:21,19150.0,6100.0,2606900.0
410,2021-10-19 06:40:14,19150.0,200.0,2600800.0
411,2021-10-19 06:40:12,19150.0,3700.0,2600600.0
412,2021-10-19 06:40:08,19150.0,1000.0,2596900.0
413,2021-10-19 06:40:07,19150.0,300.0,2595900.0
414,2021-10-19 06:40:07,19150.0,200.0,2595600.0
415,2021-10-19 06:40:05,19150.0,2800.0,2595400.0
416,2021-10-19 06:39:57,19150.0,1000.0,2592600.0
417,2021-10-19 06:39:57,19150.0,1000.0,2591600.0
418,2021-10-19 06:39:57,19150.0,400.0,2590600.0
419,2021-10-19 06:39:57,19150.0,14800.0,2590200.0
420,2021-10-19 06:39:02,19150.0,5000.0,2575400.0
421,2021-10-19 06:38:52,19150.0,200.0,2570400.0
422,2021-10-19 06:38:52,19150.0,4800.0,2570200.0
423,2021-10-19 06:38:40,19150.0,200.0,2565400.0
424,2021-10-19 06:38:40,19150.0,100.0,2565200.0
425,2021-10-19 06:38:40,19150.0,200.0,2565100.0
426,2021-10-19 06:38:38,19150.0,500.0,2564900.0
427,2021-10-19 06:38:16,19150.0,9000.0,2564400.0
428,2021-10-19 06:38:10,19150.0,300.0,2555400.0
429,2021-10-19 06:38:10,19150.0,19700.0,2555100.0
430,2021-10-19 06:37:57,19150.0,300.0,2535400.0
431,2021-10-19 06:37:57,19150.0,200.0,2535100.0
432,2021-10-19 06:37:47,19150.0,400.0,2534900.0
433,2021-10-19 06:37:45,19150.0,600.0,2534500.0
434,2021-10-19 06:37:45,19150.0,400.0,2533900.0
435,2021-10-19 06:37:33,19150.0,100.0,2533500.0
436,2021-10-19 06:37:33,19150.0,12000.0,2533400.0
437,2021-10-19 06:37:33,19150.0,500.0,2521400.0
438,2021-10-19 06:37:33,19150.0,100.0,2520900.0
439,2021-10-19 06:37:33,19150.0,3000.0,2520800.0
440,2021-10-19 06:37:33,19150.0,200.0,2517800.0
441,2021-10-19 06:37:33,19150.0,2000.0,2517600.0
442,2021-10-19 06:37:33,19150.0,700.0,2515600.0
443,2021-10-19 06:37:33,19150.0,100.0,2514900.0
444,2021-10-19 06:37:33,19150.0,500.0,2514800.0
445,2021-10-19 06:37:33,19150.0,1000.0,2514300.0
446,2021-10-19 06:37:33,19150.0,2000.0,2513300.0
447,2021-10-19 06:37:33,19150.0,3000.0,2511300.0
448,2021-10-19 06:37:33,19150.0,1000.0,2508300.0
449,2021-10-19 06:37:33,19150.0,1000.0,2507300.0
450,2021-10-19 06:37:33,19150.0,5000.0,2506300.0
451,2021-10-19 06:37:33,19150.0,500.0,2501300.0
452,2021-10-19 06:37:33,19150.0,3300.0,2500800.0
453,2021-10-19 06:37:19,19150.0,3000.0,2497500.0
454,2021-10-19 06:37:04,19150.0,20000.0,2494500.0
455,2021-10-19 06:37:02,19100.0,500.0,2474500.0
456,2021-10-19 06:37:01,19150.0,100.0,2474000.0
457,2021-10-19 06:36:47,19150.0,3600.0,2473900.0
458,2021-10-19 06:36:47,19150.0,2000.0,2470300.0
459,2021-10-19 06:36:47,19150.0,14400.0,2468300.0
460,2021-10-19 06:36:24,19150.0,5600.0,2453900.0
461,2021-10-19 06:36:24,19150.0,1000.0,2448300.0
462,2021-10-19 06:36:24,19150.0,900.0,2447300.0
463,2021-10-19 06:36:24,19150.0,500.0,2446400.0
464,2021-10-19 06:36:24,19150.0,500.0,2445900.0
465,2021-10-19 06:36:24,19150.0,2000.0,2445400.0
466,2021-10-19 06:36:24,19150.0,1000.0,2443400.0
467,2021-10-19 06:36:24,19150.0,200.0,2442400.0
468,2021-10-19 06:36:24,19150.0,3300.0,2442200.0
469,2021-10-19 06:36:13,19150.0,5000.0,2438900.0
470,2021-10-19 06:36:05,19100.0,10000.0,2433900.0
471,2021-10-19 06:36:05,19100.0,8000.0,2423900.0
472,2021-10-19 06:35:56,19100.0,1000.0,2415900.0
473,2021-10-19 06:35:28,19100.0,4000.0,2414900.0
474,2021-10-19 06:35:28,19100.0,16000.0,2410900.0
475,2021-10-19 06:35:02,19100.0,100.0,2394900.0
476,2021-10-19 06:35:02,19100.0,4400.0,2394800.0
477,2021-10-19 06:35:02,19100.0,29500.0,2390400.0
478,2021-10-19 06:34:31,19100.0,500.0,2360900.0
479,2021-10-19 06:34:21,19100.0,100.0,2360400.0
480,2021-10-19 06:34:08,19100.0,500.0,2360300.0
481,2021-10-19 06:34:08,19100.0,500.0,2359800.0
482,2021-10-19 06:34:08,19100.0,1000.0,2359300.0
483,2021-10-19 06:34:08,19100.0,1000.0,2358300.0
484,2021-10-19 06:34:08,19100.0,1000.0,2357300.0
485,2021-10-19 06:34:08,19100.0,16000.0,2356300.0
486,2021-10-19 06:34:08,19100.0,1000.0,2340300.0
487,2021-10-19 06:33:58,19100.0,30000.0,2339300.0
488,2021-10-19 06:33:57,19100.0,100.0,2309300.0
489,2021-10-19 06:33:29,19100.0,100.0,2309200.0
490,2021-10-19 06:33:28,19100.0,2800.0,2309100.0
491,2021-10-19 06:33:28,19100.0,1000.0,2306300.0
492,2021-10-19 06:33:28,19100.0,6200.0,2305300.0
493,2021-10-19 06:32:20,19100.0,100.0,2299100.0
494,2021-10-19 06:31:34,19100.0,300.0,2299000.0
495,2021-10-19 06:30:58,19100.0,3400.0,2298700.0
496,2021-10-19 06:30:48,19100.0,100.0,2295300.0
497,2021-10-19 06:30:48,19100.0,100.0,2295200.0
498,2021-10-19 06:30:48,19100.0,1000.0,2295100.0
499,2021-10-19 06:30:48,19100.0,200.0,2294100.0
500,2021-10-19 06:30:48,19100.0,500.0,2293900.0
501,2021-10-19 06:30:48,19100.0,500.0,2293400.0
502,2021-10-19 06:30:48,19100.0,800.0,2292900.0
503,2021-10-19 06:30:48,19100.0,100.0,2292100.0
504,2021-10-19 06:30:48,19100.0,1000.0,2292000.0
505,2021-10-19 06:30:48,19100.0,300.0,2291000.0
506,2021-10-19 06:30:48,19100.0,1000.0,2290700.0
507,2021-10-19 06:30:48,19100.0,1000.0,2289700.0
508,2021-10-19 06:30:48,19100.0,200.0,2288700.0
509,2021-10-19 06:30:48,19100.0,500.0,2288500.0
510,2021-10-19 06:30:48,19100.0,2000.0,2288000.0
511,2021-10-19 06:30:48,19100.0,1000.0,2286000.0
512,2021-10-19 06:30:48,19100.0,300.0,2285000.0
513,2021-10-19 06:30:48,19100.0,400.0,2284700.0
514,2021-10-19 06:30:48,19100.0,500.0,2284300.0
515,2021-10-19 06:30:48,19100.0,4000.0,2283800.0
516,2021-10-19 06:30:48,19100.0,100.0,2279800.0
517,2021-10-19 06:30:48,19100.0,1000.0,2279700.0
518,2021-10-19 06:30:48,19100.0,100.0,2278700.0
519,2021-10-19 06:30:47,19100.0,400.0,2278600.0
520,2021-10-19 06:30:47,19100.0,400.0,2278200.0
521,2021-10-19 06:30:47,19100.0,100.0,2277800.0
522,2021-10-19 06:30:43,19100.0,900.0,2277700.0
523,2021-10-19 06:30:43,19100.0,200.0,2276800.0
524,2021-10-19 06:30:43,19100.0,100.0,2276600.0
525,2021-10-19 06:30:43,19100.0,900.0,2276500.0
526,2021-10-19 06:30:43,19100.0,500.0,2275600.0
527,2021-10-19 06:30:43,19100.0,700.0,2275100.0
528,2021-10-19 06:30:35,19100.0,100.0,2274400.0
529,2021-10-19 06:30:35,19100.0,9200.0,2274300.0
530,2021-10-19 06:30:31,19100.0,500.0,2265100.0
531,2021-10-19 06:30:29,19100.0,20000.0,2264600.0
532,2021-10-19 06:30:24,19100.0,5000.0,2244600.0
533,2021-10-19 06:30:22,19100.0,300.0,2239600.0
534,2021-10-19 06:30:22,19100.0,1000.0,2239300.0
535,2021-10-19 06:30:22,19100.0,36700.0,2238300.0
536,2021-10-19 06:30:04,19100.0,10000.0,2201600.0
537,2021-10-19 06:29:34,19100.0,500.0,2191600.0
538,2021-10-19 06:28:52,19100.0,2800.0,2191100.0
539,2021-10-19 06:28:52,19100.0,200.0,2188300.0
540,2021-10-19 06:28:52,19100.0,500.0,2188100.0
541,2021-10-19 06:28:52,19100.0,19000.0,2187600.0
542,2021-10-19 06:28:52,19100.0,13500.0,2168600.0
543,2021-10-19 06:27:47,19100.0,1000.0,2155100.0
544,2021-10-19 06:27:18,19150.0,1300.0,2154100.0
545,2021-10-19 06:27:06,19100.0,1000.0,2152800.0
546,2021-10-19 06:26:45,19100.0,100.0,2151800.0
547,2021-10-19 06:26:34,19150.0,400.0,2151700.0
548,2021-10-19 06:26:34,19150.0,600.0,2151300.0
549,2021-10-19 06:25:21,19150.0,200.0,2150700.0
550,2021-10-19 06:24:54,19150.0,500.0,2150500.0
551,2021-10-19 06:24:54,19150.0,500.0,2150000.0
552,2021-10-19 06:24:48,19100.0,4400.0,2149500.0
553,2021-10-19 06:24:48,19100.0,1100.0,2145100.0
554,2021-10-19 06:24:24,19100.0,900.0,2144000.0
555,2021-10-19 06:24:24,19100.0,400.0,2143100.0
556,2021-10-19 06:24:24,19100.0,200.0,2142700.0
557,2021-10-19 06:24:24,19100.0,2000.0,2142500.0
558,2021-10-19 06:24:24,19100.0,300.0,2140500.0
559,2021-10-19 06:24:22,19100.0,100.0,2140200.0
560,2021-10-19 06:24:21,19150.0,100.0,2140100.0
561,2021-10-19 06:24:13,19150.0,100.0,2140000.0
562,2021-10-19 06:23:57,19150.0,300.0,2139900.0
563,2021-10-19 06:23:39,19150.0,100.0,2139600.0
564,2021-10-19 06:22:46,19150.0,100.0,2139500.0
565,2021-10-19 06:21:57,19150.0,300.0,2139400.0
566,2021-10-19 06:21:45,19150.0,8500.0,2139100.0
567,2021-10-19 06:21:45,19150.0,2500.0,2130600.0
568,2021-10-19 06:21:17,19150.0,1000.0,2128100.0
569,2021-10-19 06:20:50,19150.0,1000.0,2127100.0
570,2021-10-19 06:20:33,19100.0,100.0,2126100.0
571,2021-10-19 06:20:33,19100.0,800.0,2126000.0
572,2021-10-19 06:20:04,19150.0,1000.0,2125200.0
573,2021-10-19 06:19:38,19150.0,100.0,2124200.0
574,2021-10-19 06:19:32,19100.0,200.0,2124100.0
575,2021-10-19 06:18:40,19150.0,5000.0,2123900.0
576,2021-10-19 06:18:36,19150.0,1400.0,2118900.0
577,2021-10-19 06:18:36,19150.0,1000.0,2117500.0
578,2021-10-19 06:18:36,19150.0,1000.0,2116500.0
579,2021-10-19 06:18:36,19150.0,400.0,2115500.0
580,2021-10-19 06:18:36,19150.0,2000.0,2115100.0
581,2021-10-19 06:18:36,19150.0,500.0,2113100.0
582,2021-10-19 06:18:36,19150.0,1100.0,2112600.0
583,2021-10-19 06:18:20,19150.0,100.0,2111500.0
584,2021-10-19 06:18:13,19100.0,300.0,2111400.0
585,2021-10-19 06:18:13,19100.0,100.0,2111100.0
586,2021-10-19 06:18:13,19100.0,200.0,2111000.0
587,2021-10-19 06:18:13,19100.0,1000.0,2110800.0
588,2021-10-19 06:18:13,19100.0,500.0,2109800.0
589,2021-10-19 06:18:13,19100.0,1000.0,2109300.0
590,2021-10-19 06:18:13,19100.0,400.0,2108300.0
591,2021-10-19 06:18:13,19100.0,500.0,2107900.0
592,2021-10-19 06:18:13,19100.0,1000.0,2107400.0
593,2021-10-19 06:18:02,19100.0,100.0,2106400.0
594,2021-10-19 06:18:02,19100.0,600.0,2106300.0
595,2021-10-19 06:18:02,19100.0,100.0,2105700.0
596,2021-10-19 06:18:02,19100.0,200.0,2105600.0
597,2021-10-19 06:18:02,19100.0,100.0,2105400.0
598,2021-10-19 06:18:02,19100.0,1500.0,2105300.0
599,2021-10-19 06:18:02,19100.0,2400.0,2103800.0
600,2021-10-19 06:18:01,19150.0,5800.0,2101400.0
601,2021-10-19 06:18:01,19150.0,1000.0,2095600.0
602,2021-10-19 06:18:01,19150.0,400.0,2094600.0
603,2021-10-19 06:18:01,19150.0,1000.0,2094200.0
604,2021-10-19 06:18:01,19150.0,1800.0,2093200.0
605,2021-10-19 06:17:42,19100.0,1000.0,2091400.0
606,2021-10-19 06:17:37,19150.0,200.0,2090400.0
607,2021-10-19 06:17:37,19150.0,2000.0,2090200.0
608,2021-10-19 06:17:37,19150.0,2800.0,2088200.0
609,2021-10-19 06:17:37,19150.0,2000.0,2085400.0
610,2021-10-19 06:17:27,19150.0,500.0,2083400.0
611,2021-10-19 06:17:27,19150.0,2000.0,2082900.0
612,2021-10-19 06:16:44,19150.0,4700.0,2080900.0
613,2021-10-19 06:16:44,19150.0,300.0,2076200.0
614,2021-10-19 06:16:40,19150.0,700.0,2075900.0
615,2021-10-19 06:16:40,19150.0,1300.0,2075200.0
616,2021-10-19 06:15:36,19100.0,700.0,2073900.0
617,2021-10-19 06:15:34,19100.0,5000.0,2073200.0
618,2021-10-19 06:15:07,19100.0,900.0,2068200.0
619,2021-10-19 06:14:55,19100.0,300.0,2067300.0
620,2021-10-19 06:14:02,19100.0,600.0,2067000.0
621,2021-10-19 06:13:58,19100.0,3000.0,2066400.0
622,2021-10-19 06:12:54,19100.0,500.0,2063400.0
623,2021-10-19 06:12:40,19100.0,200.0,2062900.0
624,2021-10-19 06:12:35,19100.0,9000.0,2062700.0
625,2021-10-19 06:12:07,19100.0,3000.0,2053700.0
626,2021-10-19 06:12:07,19100.0,2000.0,2050700.0
627,2021-10-19 06:11:50,19150.0,2000.0,2048700.0
628,2021-10-19 06:11:44,19150.0,2000.0,2046700.0
629,2021-10-19 06:11:41,19150.0,100.0,2044700.0
630,2021-10-19 06:11:02,19150.0,500.0,2044600.0
631,2021-10-19 06:10:37,19150.0,100.0,2044100.0
632,2021-10-19 06:10:37,19150.0,4900.0,2044000.0
633,2021-10-19 06:10:25,19100.0,200.0,2039100.0
634,2021-10-19 06:09:54,19150.0,100.0,2038900.0
635,2021-10-19 06:09:29,19150.0,100.0,2038800.0
636,2021-10-19 06:08:55,19150.0,100.0,2038700.0
637,2021-10-19 06:08:37,19150.0,100.0,2038600.0
638,2021-10-19 06:08:28,19100.0,2300.0,2038500.0
639,2021-10-19 06:07:19,19150.0,100.0,2036200.0
640,2021-10-19 06:06:25,19150.0,100.0,2036100.0
641,2021-10-19 06:05:56,19150.0,600.0,2036000.0
642,2021-10-19 06:05:56,19150.0,100.0,2035400.0
643,2021-10-19 06:05:56,19150.0,300.0,2035300.0
644,2021-10-19 06:04:57,19150.0,100.0,2035000.0
645,2021-10-19 06:04:57,19150.0,100.0,2034900.0
646,2021-10-19 06:04:39,19100.0,9000.0,2034800.0
647,2021-10-19 06:04:31,19150.0,3200.0,2025800.0
648,2021-10-19 06:04:08,19100.0,5000.0,2022600.0
649,2021-10-19 06:03:39,19100.0,2000.0,2017600.0
650,2021-10-19 06:03:11,19100.0,1000.0,2015600.0
651,2021-10-19 06:02:41,19100.0,1900.0,2014600.0
652,2021-10-19 06:02:39,19100.0,400.0,2012700.0
653,2021-10-19 06:02:39,19100.0,800.0,2012300.0
654,2021-10-19 06:02:39,19100.0,3000.0,2011500.0
655,2021-10-19 06:02:39,19100.0,1000.0,2008500.0
656,2021-10-19 06:02:39,19100.0,300.0,2007500.0
657,2021-10-19 06:02:39,19100.0,100.0,2007200.0
658,2021-10-19 06:02:39,19100.0,500.0,2007100.0
659,2021-10-19 06:02:39,19100.0,600.0,2006600.0
660,2021-10-19 06:02:39,19100.0,100.0,2006000.0
661,2021-10-19 06:02:39,19100.0,1000.0,2005900.0
662,2021-10-19 06:02:39,19100.0,600.0,2004900.0
663,2021-10-19 06:02:39,19100.0,200.0,2004300.0
664,2021-10-19 06:02:39,19100.0,4000.0,2004100.0
665,2021-10-19 06:02:39,19100.0,100.0,2000100.0
666,2021-10-19 06:01:03,19100.0,500.0,2000000.0
667,2021-10-19 06:01:03,19100.0,100.0,1999500.0
668,2021-10-19 06:01:03,19100.0,100.0,1999400.0
669,2021-10-19 06:00:28,19100.0,100.0,1999300.0
670,2021-10-19 06:00:23,19100.0,1500.0,1999200.0
671,2021-10-19 06:00:02,19100.0,300.0,1997700.0
672,2021-10-19 06:00:01,19100.0,100.0,1997400.0
673,2021-10-19 06:00:01,19100.0,5800.0,1997300.0
674,2021-10-19 06:00:01,19100.0,800.0,1991500.0
675,2021-10-19 06:00:00,19100.0,100.0,1990700.0
676,2021-10-19 06:00:00,19100.0,1200.0,1990600.0
677,2021-10-19 06:00:00,19100.0,500.0,1989400.0
678,2021-10-19 06:00:00,19100.0,500.0,1988900.0
679,2021-10-19 04:29:00,19100.0,13100.0,1988400.0
680,2021-10-19 04:27:45,19100.0,500.0,1975300.0
681,2021-10-19 04:27:05,19100.0,2000.0,1974800.0
682,2021-10-19 04:26:59,19100.0,12000.0,1972800.0
683,2021-10-19 04:26:56,19100.0,10000.0,1960800.0
684,2021-10-19 04:26:51,19100.0,10000.0,1950800.0
685,2021-10-19 04:26:51,19100.0,500.0,1940800.0
686,2021-10-19 04:26:51,19100.0,300.0,1940300.0
687,2021-10-19 04:26:51,19100.0,12000.0,1940000.0
688,2021-10-19 04:26:51,19100.0,500.0,1928000.0
689,2021-10-19 04:26:50,19100.0,7800.0,1927500.0
690,2021-10-19 04:26:47,19100.0,400.0,1919700.0
691,2021-10-19 04:26:35,19100.0,300.0,1919300.0
692,2021-10-19 04:25:51,19100.0,1000.0,1919000.0
693,2021-10-19 04:25:16,19050.0,1000.0,1918000.0
694,2021-10-19 04:25:16,19050.0,300.0,1917000.0
695,2021-10-19 04:25:16,19050.0,100.0,1916700.0
696,2021-10-19 04:25:16,19050.0,500.0,1916600.0
697,2021-10-19 04:25:16,19050.0,1000.0,1916100.0
698,2021-10-19 04:25:16,19050.0,200.0,1915100.0
699,2021-10-19 04:25:16,19050.0,100.0,1914900.0
700,2021-10-19 04:25:16,19050.0,300.0,1914800.0
701,2021-10-19 04:25:16,19100.0,500.0,1914500.0
702,2021-10-19 04:25:16,19100.0,500.0,1914000.0
703,2021-10-19 04:25:16,19100.0,2000.0,1913500.0
704,2021-10-19 04:25:13,19100.0,1000.0,1911500.0
705,2021-10-19 04:25:05,19100.0,5000.0,1910500.0
706,2021-10-19 04:25:04,19100.0,100.0,1905500.0
707,2021-10-19 04:25:04,19100.0,100.0,1905400.0
708,2021-10-19 04:25:04,19100.0,3800.0,1905300.0
709,2021-10-19 04:24:42,19100.0,1000.0,1901500.0
710,2021-10-19 04:24:41,19100.0,2200.0,1900500.0
711,2021-10-19 04:24:41,19100.0,200.0,1898300.0
712,2021-10-19 04:24:41,19100.0,400.0,1898100.0
713,2021-10-19 04:24:41,19100.0,2200.0,1897700.0
714,2021-10-19 04:24:35,19100.0,2000.0,1895500.0
715,2021-10-19 04:24:25,19100.0,5800.0,1893500.0
716,2021-10-19 04:24:25,19100.0,4200.0,1887700.0
717,2021-10-19 04:24:25,19100.0,100.0,1883500.0
718,2021-10-19 04:24:13,19100.0,100.0,1883400.0
719,2021-10-19 04:24:09,19100.0,20600.0,1883300.0
720,2021-10-19 04:24:09,19100.0,25300.0,1862700.0
721,2021-10-19 04:23:38,19150.0,100.0,1837400.0
722,2021-10-19 04:23:07,19100.0,400.0,1837300.0
723,2021-10-19 04:23:07,19100.0,2000.0,1836900.0
724,2021-10-19 04:23:07,19100.0,10000.0,1834900.0
725,2021-10-19 04:23:07,19100.0,4000.0,1824900.0
726,2021-10-19 04:23:07,19100.0,7000.0,1820900.0
727,2021-10-19 04:23:07,19100.0,1300.0,1813900.0
728,2021-10-19 04:22:56,19100.0,5700.0,1812600.0
729,2021-10-19 04:22:03,19100.0,100.0,1806900.0
730,2021-10-19 04:22:03,19100.0,100.0,1806800.0
731,2021-10-19 04:22:03,19100.0,200.0,1806700.0
732,2021-10-19 04:22:03,19100.0,200.0,1806500.0
733,2021-10-19 04:22:03,19100.0,100.0,1806300.0
734,2021-10-19 04:22:03,19100.0,100.0,1806200.0
735,2021-10-19 04:22:03,19100.0,200.0,1806100.0
736,2021-10-19 04:22:01,19100.0,1600.0,1805900.0
737,2021-10-19 04:22:01,19100.0,100.0,1804300.0
738,2021-10-19 04:22:01,19100.0,100.0,1804200.0
739,2021-10-19 04:22:01,19100.0,200.0,1804100.0
740,2021-10-19 04:21:55,19100.0,1400.0,1803900.0
741,2021-10-19 04:21:55,19100.0,2000.0,1802500.0
742,2021-10-19 04:21:55,19100.0,1000.0,1800500.0
743,2021-10-19 04:21:55,19100.0,2000.0,1799500.0
744,2021-10-19 04:21:55,19100.0,400.0,1797500.0
745,2021-10-19 04:21:55,19100.0,500.0,1797100.0
746,2021-10-19 04:21:55,19100.0,1500.0,1796600.0
747,2021-10-19 04:21:55,19100.0,300.0,1795100.0
748,2021-10-19 04:21:55,19100.0,500.0,1794800.0
749,2021-10-19 04:21:55,19100.0,200.0,1794300.0
750,2021-10-19 04:21:55,19100.0,100.0,1794100.0
751,2021-10-19 04:21:55,19100.0,500.0,1794000.0
752,2021-10-19 04:21:55,19100.0,1000.0,1793500.0
753,2021-10-19 04:21:55,19100.0,200.0,1792500.0
754,2021-10-19 04:21:55,19100.0,1000.0,1792300.0
755,2021-10-19 04:21:55,19100.0,100.0,1791300.0
756,2021-10-19 04:21:55,19100.0,100.0,1791200.0
757,2021-10-19 04:21:55,19100.0,1000.0,1791100.0
758,2021-10-19 04:21:55,19100.0,100.0,1790100.0
759,2021-10-19 04:21:55,19100.0,300.0,1790000.0
760,2021-10-19 04:21:55,19100.0,100.0,1789700.0
761,2021-10-19 04:21:55,19100.0,200.0,1789600.0
762,2021-10-19 04:21:55,19100.0,500.0,1789400.0
763,2021-10-19 04:21:49,19100.0,500.0,1788900.0
764,2021-10-19 04:21:49,19100.0,100.0,1788400.0
765,2021-10-19 04:21:49,19100.0,100.0,1788300.0
766,2021-10-19 04:21:49,19100.0,100.0,1788200.0
767,2021-10-19 04:21:49,19100.0,9200.0,1788100.0
768,2021-10-19 04:21:25,19100.0,700.0,1778900.0
769,2021-10-19 04:20:55,19100.0,100.0,1778200.0
770,2021-10-19 04:20:55,19100.0,1000.0,1778100.0
771,2021-10-19 04:20:55,19100.0,100.0,1777100.0
772,2021-10-19 04:20:55,19100.0,5000.0,1777000.0
773,2021-10-19 04:20:55,19100.0,500.0,1772000.0
774,2021-10-19 04:20:55,19100.0,100.0,1771500.0
775,2021-10-19 04:20:55,19100.0,3200.0,1771400.0
776,2021-10-19 04:20:54,19150.0,500.0,1768200.0
777,2021-10-19 04:20:36,19100.0,2000.0,1767700.0
778,2021-10-19 04:20:03,19100.0,100.0,1765700.0
779,2021-10-19 04:19:46,19100.0,2500.0,1765600.0
780,2021-10-19 04:19:46,19100.0,100.0,1763100.0
781,2021-10-19 04:19:46,19100.0,2000.0,1763000.0
782,2021-10-19 04:19:46,19100.0,5400.0,1761000.0
783,2021-10-19 04:19:36,19100.0,100.0,1755600.0
784,2021-10-19 04:19:10,19100.0,1500.0,1755500.0
785,2021-10-19 04:19:00,19100.0,1000.0,1754000.0
786,2021-10-19 04:18:18,19100.0,20000.0,1753000.0
787,2021-10-19 04:17:10,19100.0,1000.0,1733000.0
788,2021-10-19 04:16:34,19100.0,400.0,1732000.0
789,2021-10-19 04:14:58,19100.0,100.0,1731600.0
790,2021-10-19 04:12:53,19100.0,1200.0,1731500.0
791,2021-10-19 04:12:08,19100.0,1900.0,1730300.0
792,2021-10-19 04:12:04,19150.0,100.0,1728400.0
793,2021-10-19 04:11:25,19150.0,3000.0,1728300.0
794,2021-10-19 04:11:16,19150.0,400.0,1725300.0
795,2021-10-19 04:11:11,19150.0,100.0,1724900.0
796,2021-10-19 04:10:56,19150.0,500.0,1724800.0
797,2021-10-19 04:10:46,19150.0,100.0,1724300.0
798,2021-10-19 04:10:38,19150.0,100.0,1724200.0
799,2021-10-19 04:09:04,19100.0,5000.0,1724100.0
800,2021-10-19 04:08:06,19150.0,2000.0,1719100.0
801,2021-10-19 04:08:03,19100.0,2000.0,1717100.0
802,2021-10-19 04:07:47,19150.0,500.0,1715100.0
803,2021-10-19 04:06:58,19150.0,1300.0,1714600.0
804,2021-10-19 04:06:58,19150.0,600.0,1713300.0
805,2021-10-19 04:06:18,19150.0,100.0,1712700.0
806,2021-10-19 04:06:16,19150.0,300.0,1712600.0
807,2021-10-19 04:06:16,19150.0,200.0,1712300.0
808,2021-10-19 04:05:43,19150.0,100.0,1712100.0
809,2021-10-19 04:05:43,19150.0,800.0,1712000.0
810,2021-10-19 04:05:38,19150.0,500.0,1711200.0
811,2021-10-19 04:05:37,19100.0,100.0,1710700.0
812,2021-10-19 04:04:40,19150.0,1000.0,1710600.0
813,2021-10-19 04:03:05,19150.0,100.0,1709600.0
814,2021-10-19 04:02:55,19150.0,5000.0,1709500.0
815,2021-10-19 04:02:04,19150.0,800.0,1704500.0
816,2021-10-19 04:02:00,19100.0,100.0,1703700.0
817,2021-10-19 04:01:59,19150.0,400.0,1703600.0
818,2021-10-19 04:01:54,19150.0,1000.0,1703200.0
819,2021-10-19 04:01:45,19150.0,500.0,1702200.0
820,2021-10-19 04:01:44,19150.0,200.0,1701700.0
821,2021-10-19 04:01:21,19150.0,1000.0,1701500.0
822,2021-10-19 04:01:14,19150.0,200.0,1700500.0
823,2021-10-19 04:01:13,19150.0,200.0,1700300.0
824,2021-10-19 04:00:51,19150.0,300.0,1700100.0
825,2021-10-19 04:00:51,19150.0,700.0,1699800.0
826,2021-10-19 03:59:51,19150.0,100.0,1699100.0
827,2021-10-19 03:59:29,19150.0,1000.0,1699000.0
828,2021-10-19 03:58:58,19150.0,200.0,1698000.0
829,2021-10-19 03:58:45,19150.0,1000.0,1697800.0
830,2021-10-19 03:58:45,19150.0,300.0,1696800.0
831,2021-10-19 03:58:42,19150.0,500.0,1696500.0
832,2021-10-19 03:58:25,19150.0,200.0,1696000.0
833,2021-10-19 03:58:20,19150.0,100.0,1695800.0
834,2021-10-19 03:58:20,19150.0,900.0,1695700.0
835,2021-10-19 03:58:20,19150.0,1000.0,1694800.0
836,2021-10-19 03:58:20,19150.0,300.0,1693800.0
837,2021-10-19 03:58:19,19150.0,1000.0,1693500.0
838,2021-10-19 03:58:16,19150.0,10000.0,1692500.0
839,2021-10-19 03:58:14,19150.0,600.0,1682500.0
840,2021-10-19 03:58:12,19150.0,1000.0,1681900.0
841,2021-10-19 03:58:08,19150.0,800.0,1680900.0
842,2021-10-19 03:57:44,19150.0,400.0,1680100.0
843,2021-10-19 03:57:35,19150.0,1900.0,1679700.0
844,2021-10-19 03:57:35,19150.0,300.0,1677800.0
845,2021-10-19 03:57:35,19150.0,2800.0,1677500.0
846,2021-10-19 03:57:21,19150.0,1000.0,1674700.0
847,2021-10-19 03:57:18,19150.0,3000.0,1673700.0
848,2021-10-19 03:57:05,19150.0,1000.0,1670700.0
849,2021-10-19 03:56:35,19150.0,100.0,1669700.0
850,2021-10-19 03:56:28,19150.0,2100.0,1669600.0
851,2021-10-19 03:56:28,19150.0,7900.0,1667500.0
852,2021-10-19 03:55:42,19150.0,300.0,1659600.0
853,2021-10-19 03:55:37,19150.0,100.0,1659300.0
854,2021-10-19 03:55:25,19150.0,3300.0,1659200.0
855,2021-10-19 03:55:24,19150.0,400.0,1655900.0
856,2021-10-19 03:55:24,19150.0,500.0,1655500.0
857,2021-10-19 03:55:08,19150.0,500.0,1655000.0
858,2021-10-19 03:54:57,19150.0,1000.0,1654500.0
859,2021-10-19 03:54:47,19100.0,8500.0,1653500.0
860,2021-10-19 03:53:57,19150.0,2000.0,1645000.0
861,2021-10-19 03:53:56,19150.0,600.0,1643000.0
862,2021-10-19 03:53:45,19150.0,3000.0,1642400.0
863,2021-10-19 03:53:45,19150.0,4400.0,1639400.0
864,2021-10-19 03:52:34,19150.0,5600.0,1635000.0
865,2021-10-19 03:52:21,19150.0,200.0,1629400.0
866,2021-10-19 03:52:01,19150.0,4000.0,1629200.0
867,2021-10-19 03:52:01,19150.0,500.0,1625200.0
868,2021-10-19 03:52:01,19150.0,1000.0,1624700.0
869,2021-10-19 03:52:01,19150.0,400.0,1623700.0
870,2021-10-19 03:52:01,19150.0,300.0,1623300.0
871,2021-10-19 03:51:42,19200.0,1500.0,1623000.0
872,2021-10-19 03:51:42,19200.0,1000.0,1621500.0
873,2021-10-19 03:51:42,19200.0,500.0,1620500.0
874,2021-10-19 03:51:16,19200.0,1000.0,1620000.0
875,2021-10-19 03:50:59,19200.0,2500.0,1619000.0
876,2021-10-19 03:50:59,19200.0,12000.0,1616500.0
877,2021-10-19 03:50:59,19200.0,300.0,1604500.0
878,2021-10-19 03:50:59,19200.0,1000.0,1604200.0
879,2021-10-19 03:50:59,19200.0,2000.0,1603200.0
880,2021-10-19 03:50:59,19200.0,1000.0,1601200.0
881,2021-10-19 03:50:59,19200.0,5000.0,1600200.0
882,2021-10-19 03:50:59,19200.0,500.0,1595200.0
883,2021-10-19 03:50:59,19200.0,700.0,1594700.0
884,2021-10-19 03:50:31,19150.0,500.0,1594000.0
885,2021-10-19 03:50:31,19150.0,9500.0,1593500.0
886,2021-10-19 03:49:50,19200.0,800.0,1584000.0
887,2021-10-19 03:49:37,19200.0,1000.0,1583200.0
888,2021-10-19 03:48:21,19200.0,500.0,1582200.0
889,2021-10-19 03:47:59,19200.0,1000.0,1581700.0
890,2021-10-19 03:47:46,19150.0,600.0,1580700.0
891,2021-10-19 03:47:45,19150.0,200.0,1580100.0
892,2021-10-19 03:47:15,19150.0,5000.0,1579900.0
893,2021-10-19 03:47:01,19150.0,1500.0,1574900.0
894,2021-10-19 03:46:50,19150.0,1300.0,1573400.0
895,2021-10-19 03:46:50,19150.0,3300.0,1572100.0
896,2021-10-19 03:46:41,19150.0,3000.0,1568800.0
897,2021-10-19 03:46:37,19150.0,3700.0,1565800.0
898,2021-10-19 03:46:37,19150.0,100.0,1562100.0
899,2021-10-19 03:46:37,19150.0,200.0,1562000.0
900,2021-10-19 03:45:55,19150.0,500.0,1561800.0
901,2021-10-19 03:45:51,19150.0,500.0,1561300.0
902,2021-10-19 03:45:42,19150.0,1000.0,1560800.0
903,2021-10-19 03:45:39,19150.0,1000.0,1559800.0
904,2021-10-19 03:45:39,19150.0,2800.0,1558800.0
905,2021-10-19 03:45:34,19150.0,2200.0,1556000.0
906,2021-10-19 03:45:34,19150.0,1000.0,1553800.0
907,2021-10-19 03:45:34,19150.0,2500.0,1552800.0
908,2021-10-19 03:45:34,19150.0,2000.0,1550300.0
909,2021-10-19 03:45:34,19150.0,2300.0,1548300.0
910,2021-10-19 03:45:32,19200.0,900.0,1546000.0
911,2021-10-19 03:45:29,19150.0,100.0,1545100.0
912,2021-10-19 03:45:27,19150.0,6000.0,1545000.0
913,2021-10-19 03:45:18,19150.0,1600.0,1539000.0
914,2021-10-19 03:45:18,19150.0,300.0,1537400.0
915,2021-10-19 03:45:18,19150.0,1000.0,1537100.0
916,2021-10-19 03:45:18,19150.0,3100.0,1536100.0
917,2021-10-19 03:45:07,19200.0,100.0,1533000.0
918,2021-10-19 03:45:07,19200.0,900.0,1532900.0
919,2021-10-19 03:44:52,19200.0,100.0,1532000.0
920,2021-10-19 03:44:43,19200.0,200.0,1531900.0
921,2021-10-19 03:44:43,19200.0,500.0,1531700.0
922,2021-10-19 03:44:43,19200.0,300.0,1531200.0
923,2021-10-19 03:44:41,19200.0,100.0,1530900.0
924,2021-10-19 03:44:33,19200.0,1000.0,1530800.0
925,2021-10-19 03:44:32,19200.0,3600.0,1529800.0
926,2021-10-19 03:44:32,19200.0,500.0,1526200.0
927,2021-10-19 03:44:32,19200.0,500.0,1525700.0
928,2021-10-19 03:44:32,19200.0,400.0,1525200.0
929,2021-10-19 03:44:30,19200.0,100.0,1524800.0
930,2021-10-19 03:44:30,19200.0,900.0,1524700.0
931,2021-10-19 03:44:29,19200.0,100.0,1523800.0
932,2021-10-19 03:44:29,19200.0,1000.0,1523700.0
933,2021-10-19 03:44:29,19200.0,100.0,1522700.0
934,2021-10-19 03:44:29,19200.0,100.0,1522600.0
935,2021-10-19 03:44:29,19200.0,500.0,1522500.0
936,2021-10-19 03:44:29,19200.0,3200.0,1522000.0
937,2021-10-19 03:44:05,19200.0,1800.0,1518800.0
938,2021-10-19 03:44:05,19200.0,300.0,1517000.0
939,2021-10-19 03:44:05,19200.0,1500.0,1516700.0
940,2021-10-19 03:44:05,19200.0,400.0,1515200.0
941,2021-10-19 03:43:44,19200.0,100.0,1514800.0
942,2021-10-19 03:43:22,19150.0,1900.0,1514700.0
943,2021-10-19 03:43:22,19150.0,100.0,1512800.0
944,2021-10-19 03:43:22,19150.0,3000.0,1512700.0
945,2021-10-19 03:43:22,19150.0,1000.0,1509700.0
946,2021-10-19 03:43:21,19200.0,500.0,1508700.0
947,2021-10-19 03:43:21,19200.0,100.0,1508200.0
948,2021-10-19 03:43:21,19200.0,500.0,1508100.0
949,2021-10-19 03:43:21,19200.0,1000.0,1507600.0
950,2021-10-19 03:43:21,19200.0,500.0,1506600.0
951,2021-10-19 03:43:21,19200.0,800.0,1506100.0
952,2021-10-19 03:43:21,19200.0,1600.0,1505300.0
953,2021-10-19 03:43:03,19200.0,2000.0,1503700.0
954,2021-10-19 03:42:55,19200.0,5000.0,1501700.0
955,2021-10-19 03:42:39,19200.0,1400.0,1496700.0
956,2021-10-19 03:42:39,19200.0,100.0,1495300.0
957,2021-10-19 03:42:39,19200.0,500.0,1495200.0
958,2021-10-19 03:42:28,19200.0,1500.0,1494700.0
959,2021-10-19 03:42:28,19200.0,1100.0,1493200.0
960,2021-10-19 03:42:28,19200.0,100.0,1492100.0
961,2021-10-19 03:42:27,19150.0,200.0,1492000.0
962,2021-10-19 03:42:02,19150.0,800.0,1491800.0
963,2021-10-19 03:42:02,19150.0,200.0,1491000.0
964,2021-10-19 03:42:00,19150.0,100.0,1490800.0
965,2021-10-19 03:42:00,19150.0,200.0,1490700.0
966,2021-10-19 03:41:58,19150.0,100.0,1490500.0
967,2021-10-19 03:41:57,19150.0,200.0,1490400.0
968,2021-10-19 03:41:47,19150.0,2000.0,1490200.0
969,2021-10-19 03:41:43,19150.0,3500.0,1488200.0
970,2021-10-19 03:41:43,19150.0,100.0,1484700.0
971,2021-10-19 03:41:43,19150.0,1400.0,1484600.0
972,2021-10-19 03:41:39,19150.0,300.0,1483200.0
973,2021-10-19 03:41:38,19150.0,800.0,1482900.0
974,2021-10-19 03:41:38,19150.0,2000.0,1482100.0
975,2021-10-19 03:41:38,19150.0,200.0,1480100.0
976,2021-10-19 03:41:32,19150.0,100.0,1479900.0
977,2021-10-19 03:41:32,19150.0,100.0,1479800.0
978,2021-10-19 03:41:32,19150.0,300.0,1479700.0
979,2021-10-19 03:41:21,19150.0,200.0,1479400.0
980,2021-10-19 03:41:21,19150.0,4800.0,1479200.0
981,2021-10-19 03:41:17,19150.0,200.0,1474400.0
982,2021-10-19 03:41:17,19150.0,200.0,1474200.0
983,2021-10-19 03:41:17,19150.0,4500.0,1474000.0
984,2021-10-19 03:41:17,19150.0,900.0,1469500.0
985,2021-10-19 03:41:17,19150.0,4200.0,1468600.0
986,2021-10-19 03:41:05,19150.0,1000.0,1464400.0
987,2021-10-19 03:40:56,19100.0,100.0,1463400.0
988,2021-10-19 03:40:19,19100.0,1600.0,1463300.0
989,2021-10-19 03:40:19,19100.0,300.0,1461700.0
990,2021-10-19 03:40:17,19150.0,800.0,1461400.0
991,2021-10-19 03:40:17,19150.0,2000.0,1460600.0
992,2021-10-19 03:40:17,19150.0,5000.0,1458600.0
993,2021-10-19 03:40:17,19150.0,100.0,1453600.0
994,2021-10-19 03:40:17,19150.0,2100.0,1453500.0
995,2021-10-19 03:39:52,19100.0,100.0,1451400.0
996,2021-10-19 03:39:44,19100.0,300.0,1451300.0
997,2021-10-19 03:39:44,19100.0,2000.0,1451000.0
998,2021-10-19 03:39:40,19100.0,600.0,1449000.0
999,2021-10-19 03:39:40,19100.0,100.0,1448400.0
1000,2021-10-19 03:39:40,19100.0,200.0,1448300.0
1001,2021-10-19 03:39:40,19100.0,400.0,1448100.0
1002,2021-10-19 03:39:33,19100.0,1000.0,1447700.0
1003,2021-10-19 03:39:10,19100.0,2700.0,1446700.0
1004,2021-10-19 03:38:47,19100.0,5000.0,1444000.0
1005,2021-10-19 03:38:22,19100.0,200.0,1439000.0
1006,2021-10-19 03:38:19,19100.0,1000.0,1438800.0
1007,2021-10-19 03:38:19,19100.0,400.0,1437800.0
1008,2021-10-19 03:38:19,19100.0,1000.0,1437400.0
1009,2021-10-19 03:38:19,19100.0,300.0,1436400.0
1010,2021-10-19 03:37:55,19100.0,1000.0,1436100.0
1011,2021-10-19 03:37:55,19100.0,500.0,1435100.0
1012,2021-10-19 03:37:55,19100.0,200.0,1434600.0
1013,2021-10-19 03:37:55,19100.0,8000.0,1434400.0
1014,2021-10-19 03:37:54,19100.0,100.0,1426400.0
1015,2021-10-19 03:37:48,19100.0,3900.0,1426300.0
1016,2021-10-19 03:37:48,19100.0,100.0,1422400.0
1017,2021-10-19 03:37:48,19100.0,1000.0,1422300.0
1018,2021-10-19 03:37:35,19100.0,3000.0,1421300.0
1019,2021-10-19 03:37:35,19100.0,100.0,1418300.0
1020,2021-10-19 03:37:35,19100.0,100.0,1418200.0
1021,2021-10-19 03:37:35,19100.0,200.0,1418100.0
1022,2021-10-19 03:37:35,19100.0,100.0,1417900.0
1023,2021-10-19 03:37:35,19100.0,200.0,1417800.0
1024,2021-10-19 03:37:35,19100.0,1000.0,1417600.0
1025,2021-10-19 03:37:35,19100.0,1000.0,1416600.0
1026,2021-10-19 03:37:35,19100.0,4000.0,1415600.0
1027,2021-10-19 03:37:35,19100.0,300.0,1411600.0
1028,2021-10-19 03:37:35,19100.0,1000.0,1411300.0
1029,2021-10-19 03:37:35,19100.0,6000.0,1410300.0
1030,2021-10-19 03:37:35,19100.0,100.0,1404300.0
1031,2021-10-19 03:37:35,19100.0,200.0,1404200.0
1032,2021-10-19 03:37:35,19100.0,200.0,1404000.0
1033,2021-10-19 03:37:35,19100.0,100.0,1403800.0
1034,2021-10-19 03:37:35,19100.0,1000.0,1403700.0
1035,2021-10-19 03:37:35,19100.0,4000.0,1402700.0
1036,2021-10-19 03:37:35,19100.0,2000.0,1398700.0
1037,2021-10-19 03:37:35,19100.0,500.0,1396700.0
1038,2021-10-19 03:37:35,19100.0,1500.0,1396200.0
1039,2021-10-19 03:37:35,19100.0,100.0,1394700.0
1040,2021-10-19 03:37:35,19100.0,100.0,1394600.0
1041,2021-10-19 03:37:35,19100.0,6000.0,1394500.0
1042,2021-10-19 03:37:35,19100.0,5000.0,1388500.0
1043,2021-10-19 03:37:35,19100.0,8000.0,1383500.0
1044,2021-10-19 03:37:35,19100.0,400.0,1375500.0
1045,2021-10-19 03:37:35,19100.0,200.0,1375100.0
1046,2021-10-19 03:37:35,19100.0,500.0,1374900.0
1047,2021-10-19 03:37:35,19100.0,3100.0,1374400.0
1048,2021-10-19 03:37:32,19050.0,100.0,1371300.0
1049,2021-10-19 03:35:47,19100.0,500.0,1371200.0
1050,2021-10-19 03:34:38,19100.0,300.0,1370700.0
1051,2021-10-19 03:34:30,19100.0,300.0,1370400.0
1052,2021-10-19 03:34:23,19100.0,300.0,1370100.0
1053,2021-10-19 03:34:16,19050.0,100.0,1369800.0
1054,2021-10-19 03:34:10,19100.0,300.0,1369700.0
1055,2021-10-19 03:33:51,19100.0,200.0,1369400.0
1056,2021-10-19 03:33:51,19100.0,800.0,1369200.0
1057,2021-10-19 03:33:37,19100.0,200.0,1368400.0
1058,2021-10-19 03:33:37,19100.0,200.0,1368200.0
1059,2021-10-19 03:33:37,19100.0,1000.0,1368000.0
1060,2021-10-19 03:33:37,19100.0,500.0,1367000.0
1061,2021-10-19 03:33:37,19100.0,1000.0,1366500.0
1062,2021-10-19 03:33:37,19100.0,600.0,1365500.0
1063,2021-10-19 03:33:23,19050.0,300.0,1364900.0
1064,2021-10-19 03:33:23,19050.0,1000.0,1364600.0
1065,2021-10-19 03:33:23,19050.0,1700.0,1363600.0
1066,2021-10-19 03:31:53,19100.0,500.0,1361900.0
1067,2021-10-19 03:31:20,19050.0,100.0,1361400.0
1068,2021-10-19 03:30:19,19050.0,100.0,1361300.0
1069,2021-10-19 03:30:18,19050.0,3100.0,1361200.0
1070,2021-10-19 03:30:18,19050.0,100.0,1358100.0
1071,2021-10-19 03:30:18,19050.0,1800.0,1358000.0
1072,2021-10-19 03:29:39,19050.0,1000.0,1356200.0
1073,2021-10-19 03:29:29,19050.0,1000.0,1355200.0
1074,2021-10-19 03:29:07,19050.0,100.0,1354200.0
1075,2021-10-19 03:28:42,19050.0,1100.0,1354100.0
1076,2021-10-19 03:28:42,19050.0,5000.0,1353000.0
1077,2021-10-19 03:28:42,19050.0,500.0,1348000.0
1078,2021-10-19 03:28:42,19050.0,1000.0,1347500.0
1079,2021-10-19 03:28:42,19050.0,500.0,1346500.0
1080,2021-10-19 03:28:42,19050.0,1900.0,1346000.0
1081,2021-10-19 03:28:11,19050.0,100.0,1344100.0
1082,2021-10-19 03:28:05,19050.0,1000.0,1344000.0
1083,2021-10-19 03:26:48,19100.0,500.0,1343000.0
1084,2021-10-19 03:26:26,19100.0,1000.0,1342500.0
1085,2021-10-19 03:25:23,19100.0,2400.0,1341500.0
1086,2021-10-19 03:25:23,19100.0,2600.0,1339100.0
1087,2021-10-19 03:24:48,19100.0,500.0,1336500.0
1088,2021-10-19 03:24:42,19050.0,200.0,1336000.0
1089,2021-10-19 03:24:13,19050.0,3000.0,1335800.0
1090,2021-10-19 03:24:02,19050.0,2000.0,1332800.0
1091,2021-10-19 03:24:02,19050.0,100.0,1330800.0
1092,2021-10-19 03:24:02,19050.0,500.0,1330700.0
1093,2021-10-19 03:24:02,19050.0,1200.0,1330200.0
1094,2021-10-19 03:24:01,19050.0,6800.0,1329000.0
1095,2021-10-19 03:24:01,19050.0,3200.0,1322200.0
1096,2021-10-19 03:23:43,19050.0,1000.0,1319000.0
1097,2021-10-19 03:23:31,19050.0,1000.0,1318000.0
1098,2021-10-19 03:23:25,19050.0,800.0,1317000.0
1099,2021-10-19 03:23:19,19050.0,1800.0,1316200.0
1100,2021-10-19 03:23:19,19050.0,3500.0,1314400.0
1101,2021-10-19 03:23:19,19050.0,1300.0,1310900.0
1102,2021-10-19 03:22:24,19050.0,100.0,1309600.0
1103,2021-10-19 03:21:37,19050.0,4600.0,1309500.0
1104,2021-10-19 03:21:37,19050.0,400.0,1304900.0
1105,2021-10-19 03:21:32,19050.0,200.0,1304500.0
1106,2021-10-19 03:21:24,19000.0,500.0,1304300.0
1107,2021-10-19 03:21:13,19050.0,2100.0,1303800.0
1108,2021-10-19 03:21:08,19000.0,1100.0,1301700.0
1109,2021-10-19 03:20:34,19000.0,1000.0,1300600.0
1110,2021-10-19 03:20:30,19000.0,1600.0,1299600.0
1111,2021-10-19 03:20:19,19000.0,1500.0,1298000.0
1112,2021-10-19 03:20:11,19000.0,500.0,1296500.0
1113,2021-10-19 03:20:11,19000.0,100.0,1296000.0
1114,2021-10-19 03:20:11,19000.0,2100.0,1295900.0
1115,2021-10-19 03:19:48,19000.0,10000.0,1293800.0
1116,2021-10-19 03:19:06,19000.0,2000.0,1283800.0
1117,2021-10-19 03:19:00,19000.0,5900.0,1281800.0
1118,2021-10-19 03:19:00,19000.0,1500.0,1275900.0
1119,2021-10-19 03:19:00,19000.0,1000.0,1274400.0
1120,2021-10-19 03:19:00,19000.0,2000.0,1273400.0
1121,2021-10-19 03:19:00,19000.0,100.0,1271400.0
1122,2021-10-19 03:19:00,19000.0,2000.0,1271300.0
1123,2021-10-19 03:19:00,19000.0,500.0,1269300.0
1124,2021-10-19 03:19:00,19000.0,100.0,1268800.0
1125,2021-10-19 03:19:00,19000.0,200.0,1268700.0
1126,2021-10-19 03:19:00,19000.0,300.0,1268500.0
1127,2021-10-19 03:19:00,19000.0,800.0,1268200.0
1128,2021-10-19 03:19:00,19000.0,1000.0,1267400.0
1129,2021-10-19 03:19:00,19000.0,100.0,1266400.0
1130,2021-10-19 03:19:00,19000.0,1000.0,1266300.0
1131,2021-10-19 03:19:00,19000.0,3500.0,1265300.0
1132,2021-10-19 03:19:00,19000.0,5000.0,1261800.0
1133,2021-10-19 03:18:43,19050.0,2000.0,1256800.0
1134,2021-10-19 03:18:22,19000.0,1000.0,1254800.0
1135,2021-10-19 03:18:03,19050.0,1300.0,1253800.0
1136,2021-10-19 03:18:03,19050.0,200.0,1252500.0
1137,2021-10-19 03:18:03,19050.0,1200.0,1252300.0
1138,2021-10-19 03:17:59,19000.0,500.0,1251100.0
1139,2021-10-19 03:17:59,19000.0,500.0,1250600.0
1140,2021-10-19 03:17:53,19050.0,2000.0,1250100.0
1141,2021-10-19 03:17:50,19050.0,400.0,1248100.0
1142,2021-10-19 03:17:16,19050.0,500.0,1247700.0
1143,2021-10-19 03:17:03,19050.0,900.0,1247200.0
1144,2021-10-19 03:17:03,19050.0,1400.0,1246300.0
1145,2021-10-19 03:16:32,19000.0,1500.0,1244900.0
1146,2021-10-19 03:16:32,19000.0,500.0,1243400.0
1147,2021-10-19 03:16:32,19000.0,200.0,1242900.0
1148,2021-10-19 03:16:32,19000.0,500.0,1242700.0
1149,2021-10-19 03:16:32,19000.0,500.0,1242200.0
1150,2021-10-19 03:16:32,19000.0,100.0,1241700.0
1151,2021-10-19 03:16:32,19000.0,500.0,1241600.0
1152,2021-10-19 03:16:32,19000.0,500.0,1241100.0
1153,2021-10-19 03:16:32,19000.0,1700.0,1240600.0
1154,2021-10-19 03:16:29,19000.0,200.0,1238900.0
1155,2021-10-19 03:16:29,19000.0,200.0,1238700.0
1156,2021-10-19 03:16:29,19000.0,1600.0,1238500.0
1157,2021-10-19 03:15:48,19050.0,800.0,1236900.0
1158,2021-10-19 03:15:46,19050.0,2000.0,1236100.0
1159,2021-10-19 03:15:46,19050.0,400.0,1234100.0
1160,2021-10-19 03:15:46,19050.0,6800.0,1233700.0
1161,2021-10-19 03:15:35,19050.0,1800.0,1226900.0
1162,2021-10-19 03:15:33,19050.0,200.0,1225100.0
1163,2021-10-19 03:15:31,19050.0,1200.0,1224900.0
1164,2021-10-19 03:15:31,19050.0,2500.0,1223700.0
1165,2021-10-19 03:15:31,19050.0,300.0,1221200.0
1166,2021-10-19 03:15:18,19050.0,900.0,1220900.0
1167,2021-10-19 03:14:59,19000.0,100.0,1220000.0
1168,2021-10-19 03:14:23,19050.0,1000.0,1219900.0
1169,2021-10-19 03:14:13,19050.0,100.0,1218900.0
1170,2021-10-19 03:14:01,19050.0,200.0,1218800.0
1171,2021-10-19 03:13:52,19050.0,500.0,1218600.0
1172,2021-10-19 03:13:39,19050.0,600.0,1218100.0
1173,2021-10-19 03:13:38,19000.0,100.0,1217500.0
1174,2021-10-19 03:13:29,19050.0,500.0,1217400.0
1175,2021-10-19 03:13:26,19050.0,400.0,1216900.0
1176,2021-10-19 03:13:26,19050.0,100.0,1216500.0
1177,2021-10-19 03:13:23,19000.0,3200.0,1216400.0
1178,2021-10-19 03:13:23,19000.0,1000.0,1213200.0
1179,2021-10-19 03:13:23,19000.0,800.0,1212200.0
1180,2021-10-19 03:13:18,19050.0,200.0,1211400.0
1181,2021-10-19 03:13:10,19050.0,200.0,1211200.0
1182,2021-10-19 03:13:09,19050.0,4000.0,1211000.0
1183,2021-10-19 03:13:05,19050.0,1500.0,1207000.0
1184,2021-10-19 03:12:50,19050.0,100.0,1205500.0
1185,2021-10-19 03:12:50,19050.0,100.0,1205400.0
1186,2021-10-19 03:12:50,19050.0,300.0,1205300.0
1187,2021-10-19 03:12:43,19050.0,100.0,1205000.0
1188,2021-10-19 03:12:39,19050.0,500.0,1204900.0
1189,2021-10-19 03:12:17,19050.0,500.0,1204400.0
1190,2021-10-19 03:12:12,19050.0,100.0,1203900.0
1191,2021-10-19 03:12:03,19050.0,500.0,1203800.0
1192,2021-10-19 03:11:58,19050.0,100.0,1203300.0
1193,2021-10-19 03:11:56,19050.0,600.0,1203200.0
1194,2021-10-19 03:11:40,19050.0,500.0,1202600.0
1195,2021-10-19 03:11:35,19000.0,300.0,1202100.0
1196,2021-10-19 03:11:35,19000.0,600.0,1201800.0
1197,2021-10-19 03:11:35,19000.0,400.0,1201200.0
1198,2021-10-19 03:11:32,19050.0,100.0,1200800.0
1199,2021-10-19 03:11:30,19050.0,100.0,1200700.0
1200,2021-10-19 03:11:26,19050.0,300.0,1200600.0
1201,2021-10-19 03:11:21,19050.0,200.0,1200300.0
1202,2021-10-19 03:11:19,19050.0,1000.0,1200100.0
1203,2021-10-19 03:10:59,19050.0,100.0,1199100.0
1204,2021-10-19 03:10:59,19050.0,200.0,1199000.0
1205,2021-10-19 03:10:59,19050.0,700.0,1198800.0
1206,2021-10-19 03:10:36,19050.0,200.0,1198100.0
1207,2021-10-19 03:10:28,19050.0,2000.0,1197900.0
1208,2021-10-19 03:10:17,19050.0,100.0,1195900.0
1209,2021-10-19 03:10:17,19050.0,400.0,1195800.0
1210,2021-10-19 03:10:15,19050.0,100.0,1195400.0
1211,2021-10-19 03:10:04,19050.0,1000.0,1195300.0
1212,2021-10-19 03:09:45,19050.0,1400.0,1194300.0
1213,2021-10-19 03:09:43,19050.0,1000.0,1192900.0
1214,2021-10-19 03:09:06,19050.0,1000.0,1191900.0
1215,2021-10-19 03:09:02,19050.0,1000.0,1190900.0
1216,2021-10-19 03:08:49,19050.0,100.0,1189900.0
1217,2021-10-19 03:08:47,19050.0,100.0,1189800.0
1218,2021-10-19 03:08:00,19050.0,1100.0,1189700.0
1219,2021-10-19 03:08:00,19050.0,5000.0,1188600.0
1220,2021-10-19 03:08:00,19050.0,1000.0,1183600.0
1221,2021-10-19 03:08:00,19050.0,2900.0,1182600.0
1222,2021-10-19 03:08:00,19000.0,100.0,1179700.0
1223,2021-10-19 03:07:58,19050.0,1000.0,1179600.0
1224,2021-10-19 03:07:51,19000.0,500.0,1178600.0
1225,2021-10-19 03:07:36,19000.0,100.0,1178100.0
1226,2021-10-19 03:07:28,19000.0,800.0,1178000.0
1227,2021-10-19 03:07:00,19000.0,1000.0,1177200.0
1228,2021-10-19 03:06:53,19000.0,100.0,1176200.0
1229,2021-10-19 03:06:53,19000.0,500.0,1176100.0
1230,2021-10-19 03:06:53,19000.0,2000.0,1175600.0
1231,2021-10-19 03:06:53,19000.0,2100.0,1173600.0
1232,2021-10-19 03:06:53,19000.0,1000.0,1171500.0
1233,2021-10-19 03:06:53,19000.0,100.0,1170500.0
1234,2021-10-19 03:06:53,19000.0,5000.0,1170400.0
1235,2021-10-19 03:06:53,19000.0,200.0,1165400.0
1236,2021-10-19 03:06:53,19000.0,2000.0,1165200.0
1237,2021-10-19 03:06:53,19000.0,200.0,1163200.0
1238,2021-10-19 03:06:53,19000.0,1000.0,1163000.0
1239,2021-10-19 03:06:53,19000.0,100.0,1162000.0
1240,2021-10-19 03:06:53,19000.0,100.0,1161900.0
1241,2021-10-19 03:06:53,19000.0,2000.0,1161800.0
1242,2021-10-19 03:06:53,19000.0,200.0,1159800.0
1243,2021-10-19 03:06:53,19000.0,200.0,1159600.0
1244,2021-10-19 03:06:53,19000.0,300.0,1159400.0
1245,2021-10-19 03:06:53,19000.0,300.0,1159100.0
1246,2021-10-19 03:06:53,19000.0,1000.0,1158800.0
1247,2021-10-19 03:06:53,19000.0,1600.0,1157800.0
1248,2021-10-19 03:06:30,19000.0,1400.0,1156200.0
1249,2021-10-19 03:06:30,19000.0,1000.0,1154800.0
1250,2021-10-19 03:06:30,19000.0,1000.0,1153800.0
1251,2021-10-19 03:06:30,19000.0,100.0,1152800.0
1252,2021-10-19 03:06:30,19000.0,3000.0,1152700.0
1253,2021-10-19 03:06:30,19000.0,1000.0,1149700.0
1254,2021-10-19 03:06:30,19000.0,500.0,1148700.0
1255,2021-10-19 03:06:30,19000.0,400.0,1148200.0
1256,2021-10-19 03:06:30,19000.0,100.0,1147800.0
1257,2021-10-19 03:06:30,19000.0,1000.0,1147700.0
1258,2021-10-19 03:06:30,19000.0,500.0,1146700.0
1259,2021-10-19 03:06:13,19000.0,1000.0,1146200.0
1260,2021-10-19 03:05:46,19000.0,400.0,1145200.0
1261,2021-10-19 03:05:46,19000.0,100.0,1144800.0
1262,2021-10-19 03:05:46,19000.0,200.0,1144700.0
1263,2021-10-19 03:05:46,19000.0,100.0,1144500.0
1264,2021-10-19 03:05:46,19000.0,200.0,1144400.0
1265,2021-10-19 03:05:34,19000.0,300.0,1144200.0
1266,2021-10-19 03:05:34,19000.0,5000.0,1143900.0
1267,2021-10-19 03:05:34,19000.0,2000.0,1138900.0
1268,2021-10-19 03:05:34,19000.0,100.0,1136900.0
1269,2021-10-19 03:05:34,19000.0,200.0,1136800.0
1270,2021-10-19 03:05:34,19000.0,2000.0,1136600.0
1271,2021-10-19 03:05:34,19000.0,300.0,1134600.0
1272,2021-10-19 03:05:34,19000.0,200.0,1134300.0
1273,2021-10-19 03:05:34,19000.0,3000.0,1134100.0
1274,2021-10-19 03:05:34,19000.0,500.0,1131100.0
1275,2021-10-19 03:05:34,19000.0,300.0,1130600.0
1276,2021-10-19 03:05:34,19000.0,100.0,1130300.0
1277,2021-10-19 03:05:34,19000.0,100.0,1130200.0
1278,2021-10-19 03:05:34,19000.0,200.0,1130100.0
1279,2021-10-19 03:05:34,19000.0,200.0,1129900.0
1280,2021-10-19 03:05:34,19000.0,500.0,1129700.0
1281,2021-10-19 03:05:33,19050.0,1000.0,1129200.0
1282,2021-10-19 03:05:14,19050.0,400.0,1128200.0
1283,2021-10-19 03:05:13,19050.0,100.0,1127800.0
1284,2021-10-19 03:05:05,19050.0,200.0,1127700.0
1285,2021-10-19 03:04:59,19050.0,300.0,1127500.0
1286,2021-10-19 03:04:59,19050.0,7300.0,1127200.0
1287,2021-10-19 03:04:59,19050.0,500.0,1119900.0
1288,2021-10-19 03:04:59,19050.0,100.0,1119400.0
1289,2021-10-19 03:04:59,19050.0,2000.0,1119300.0
1290,2021-10-19 03:04:59,19050.0,3000.0,1117300.0
1291,2021-10-19 03:04:59,19050.0,500.0,1114300.0
1292,2021-10-19 03:04:59,19050.0,700.0,1113800.0
1293,2021-10-19 03:04:50,19050.0,200.0,1113100.0
1294,2021-10-19 03:04:45,19050.0,1100.0,1112900.0
1295,2021-10-19 03:04:45,19050.0,3900.0,1111800.0
1296,2021-10-19 03:04:32,19050.0,1100.0,1107900.0
1297,2021-10-19 03:04:32,19050.0,400.0,1106800.0
1298,2021-10-19 03:04:18,19050.0,100.0,1106400.0
1299,2021-10-19 03:04:18,19050.0,1900.0,1106300.0
1300,2021-10-19 03:04:14,19050.0,1000.0,1104400.0
1301,2021-10-19 03:03:55,19050.0,100.0,1103400.0
1302,2021-10-19 03:03:55,19050.0,100.0,1103300.0
1303,2021-10-19 03:03:55,19050.0,100.0,1103200.0
1304,2021-10-19 03:03:19,19050.0,400.0,1103100.0
1305,2021-10-19 03:03:19,19050.0,600.0,1102700.0
1306,2021-10-19 03:02:59,19050.0,400.0,1102100.0
1307,2021-10-19 03:02:59,19050.0,200.0,1101700.0
1308,2021-10-19 03:02:25,19100.0,100.0,1101500.0
1309,2021-10-19 03:02:14,19100.0,300.0,1101400.0
1310,2021-10-19 03:02:01,19000.0,100.0,1101100.0
1311,2021-10-19 03:02:01,19050.0,1400.0,1101000.0
1312,2021-10-19 03:02:01,19050.0,1500.0,1099600.0
1313,2021-10-19 03:01:57,19050.0,900.0,1098100.0
1314,2021-10-19 03:01:57,19050.0,200.0,1097200.0
1315,2021-10-19 03:01:57,19050.0,900.0,1097000.0
1316,2021-10-19 03:01:19,19050.0,1100.0,1096100.0
1317,2021-10-19 03:01:19,19050.0,300.0,1095000.0
1318,2021-10-19 03:01:19,19050.0,2100.0,1094700.0
1319,2021-10-19 03:01:14,19100.0,100.0,1092600.0
1320,2021-10-19 03:00:53,19050.0,3900.0,1092500.0
1321,2021-10-19 03:00:34,19050.0,500.0,1088600.0
1322,2021-10-19 03:00:30,19050.0,100.0,1088100.0
1323,2021-10-19 03:00:30,19050.0,1000.0,1088000.0
1324,2021-10-19 03:00:30,19050.0,2400.0,1087000.0
1325,2021-10-19 03:00:28,19050.0,3000.0,1084600.0
1326,2021-10-19 03:00:26,19050.0,600.0,1081600.0
1327,2021-10-19 03:00:26,19050.0,1200.0,1081000.0
1328,2021-10-19 03:00:21,19050.0,300.0,1079800.0
1329,2021-10-19 03:00:11,19000.0,300.0,1079500.0
1330,2021-10-19 03:00:06,19000.0,100.0,1079200.0
1331,2021-10-19 03:00:00,19050.0,2000.0,1079100.0
1332,2021-10-19 02:59:56,19050.0,1000.0,1077100.0
1333,2021-10-19 02:59:54,19050.0,300.0,1076100.0
1334,2021-10-19 02:59:47,19050.0,2000.0,1075800.0
1335,2021-10-19 02:59:32,19050.0,100.0,1073800.0
1336,2021-10-19 02:59:32,19050.0,2000.0,1073700.0
1337,2021-10-19 02:59:22,19050.0,500.0,1071700.0
1338,2021-10-19 02:59:22,19050.0,100.0,1071200.0
1339,2021-10-19 02:59:22,19050.0,200.0,1071100.0
1340,2021-10-19 02:59:22,19050.0,100.0,1070900.0
1341,2021-10-19 02:59:22,19050.0,500.0,1070800.0
1342,2021-10-19 02:59:22,19050.0,4700.0,1070300.0
1343,2021-10-19 02:59:21,19050.0,300.0,1065600.0
1344,2021-10-19 02:59:21,19050.0,100.0,1065300.0
1345,2021-10-19 02:59:21,19050.0,600.0,1065200.0
1346,2021-10-19 02:59:21,19050.0,500.0,1064600.0
1347,2021-10-19 02:59:21,19050.0,100.0,1064100.0
1348,2021-10-19 02:58:53,19050.0,1000.0,1064000.0
1349,2021-10-19 02:57:39,19050.0,900.0,1063000.0
1350,2021-10-19 02:57:39,19050.0,100.0,1062100.0
1351,2021-10-19 02:57:38,19050.0,1000.0,1062000.0
1352,2021-10-19 02:56:41,19050.0,100.0,1061000.0
1353,2021-10-19 02:56:35,19050.0,800.0,1060900.0
1354,2021-10-19 02:56:28,19050.0,2000.0,1060100.0
1355,2021-10-19 02:56:27,19050.0,300.0,1058100.0
1356,2021-10-19 02:56:12,19050.0,1000.0,1057800.0
1357,2021-10-19 02:56:07,19050.0,200.0,1056800.0
1358,2021-10-19 02:56:05,19050.0,200.0,1056600.0
1359,2021-10-19 02:56:01,19050.0,200.0,1056400.0
1360,2021-10-19 02:55:58,19050.0,400.0,1056200.0
1361,2021-10-19 02:55:57,19050.0,200.0,1055800.0
1362,2021-10-19 02:55:43,19050.0,200.0,1055600.0
1363,2021-10-19 02:55:43,19050.0,500.0,1055400.0
1364,2021-10-19 02:55:39,19100.0,4000.0,1054900.0
1365,2021-10-19 02:55:18,19100.0,1000.0,1050900.0
1366,2021-10-19 02:54:32,19100.0,100.0,1049900.0
1367,2021-10-19 02:54:32,19050.0,700.0,1049800.0
1368,2021-10-19 02:54:25,19050.0,300.0,1049100.0
1369,2021-10-19 02:54:23,19050.0,700.0,1048800.0
1370,2021-10-19 02:54:16,19050.0,500.0,1048100.0
1371,2021-10-19 02:54:16,19050.0,1500.0,1047600.0
1372,2021-10-19 02:54:16,19050.0,3000.0,1046100.0
1373,2021-10-19 02:54:16,19050.0,500.0,1043100.0
1374,2021-10-19 02:54:16,19050.0,200.0,1042600.0
1375,2021-10-19 02:54:16,19050.0,1500.0,1042400.0
1376,2021-10-19 02:54:11,19100.0,100.0,1040900.0
1377,2021-10-19 02:54:08,19100.0,1200.0,1040800.0
1378,2021-10-19 02:54:08,19100.0,100.0,1039600.0
1379,2021-10-19 02:54:02,19100.0,200.0,1039500.0
1380,2021-10-19 02:54:02,19100.0,100.0,1039300.0
1381,2021-10-19 02:54:02,19100.0,1700.0,1039200.0
1382,2021-10-19 02:53:37,19100.0,500.0,1037500.0
1383,2021-10-19 02:53:32,19100.0,1000.0,1037000.0
1384,2021-10-19 02:53:11,19100.0,1000.0,1036000.0
1385,2021-10-19 02:52:49,19100.0,100.0,1035000.0
1386,2021-10-19 02:52:22,19100.0,3000.0,1034900.0
1387,2021-10-19 02:52:17,19050.0,100.0,1031900.0
1388,2021-10-19 02:52:09,19050.0,300.0,1031800.0
1389,2021-10-19 02:52:06,19050.0,300.0,1031500.0
1390,2021-10-19 02:52:06,19050.0,2800.0,1031200.0
1391,2021-10-19 02:52:04,19050.0,500.0,1028400.0
1392,2021-10-19 02:52:03,19000.0,500.0,1027900.0
1393,2021-10-19 02:51:46,19050.0,1000.0,1027400.0
1394,2021-10-19 02:51:42,19050.0,4000.0,1026400.0
1395,2021-10-19 02:51:32,19000.0,500.0,1022400.0
1396,2021-10-19 02:51:32,19000.0,100.0,1021900.0
1397,2021-10-19 02:51:32,19000.0,400.0,1021800.0
1398,2021-10-19 02:51:31,19050.0,1400.0,1021400.0
1399,2021-10-19 02:51:31,19050.0,2000.0,1020000.0
1400,2021-10-19 02:51:31,19050.0,5000.0,1018000.0
1401,2021-10-19 02:51:31,19050.0,100.0,1013000.0
1402,2021-10-19 02:51:31,19050.0,500.0,1012900.0
1403,2021-10-19 02:51:26,19050.0,500.0,1012400.0
1404,2021-10-19 02:51:26,19050.0,1500.0,1011900.0
1405,2021-10-19 02:50:37,19050.0,100.0,1010400.0
1406,2021-10-19 02:50:22,19050.0,3000.0,1010300.0
1407,2021-10-19 02:50:21,19050.0,500.0,1007300.0
1408,2021-10-19 02:50:20,19050.0,300.0,1006800.0
1409,2021-10-19 02:50:20,19050.0,600.0,1006500.0
1410,2021-10-19 02:49:41,19050.0,300.0,1005900.0
1411,2021-10-19 02:49:29,19050.0,100.0,1005600.0
1412,2021-10-19 02:49:18,19050.0,400.0,1005500.0
1413,2021-10-19 02:49:18,19050.0,300.0,1005100.0
1414,2021-10-19 02:49:18,19050.0,300.0,1004800.0
1415,2021-10-19 02:49:18,19050.0,2000.0,1004500.0
1416,2021-10-19 02:49:12,19000.0,600.0,1002500.0
1417,2021-10-19 02:49:12,19000.0,300.0,1001900.0
1418,2021-10-19 02:49:12,19000.0,100.0,1001600.0
1419,2021-10-19 02:49:09,19050.0,3400.0,1001500.0
1420,2021-10-19 02:49:03,19050.0,100.0,998100.0
1421,2021-10-19 02:48:58,19000.0,1000.0,998000.0
1422,2021-10-19 02:48:51,19050.0,200.0,997000.0
1423,2021-10-19 02:48:51,19050.0,300.0,996800.0
1424,2021-10-19 02:48:43,19050.0,300.0,996500.0
1425,2021-10-19 02:48:40,19050.0,3000.0,996200.0
1426,2021-10-19 02:48:31,19050.0,200.0,993200.0
1427,2021-10-19 02:48:25,19050.0,100.0,993000.0
1428,2021-10-19 02:48:20,19050.0,100.0,992900.0
1429,2021-10-19 02:48:13,19050.0,1000.0,992800.0
1430,2021-10-19 02:48:12,19050.0,2000.0,991800.0
1431,2021-10-19 02:48:08,19050.0,2000.0,989800.0
1432,2021-10-19 02:48:06,19050.0,100.0,987800.0
1433,2021-10-19 02:47:50,19050.0,600.0,987700.0
1434,2021-10-19 02:47:33,19050.0,200.0,987100.0
1435,2021-10-19 02:47:19,19050.0,500.0,986900.0
1436,2021-10-19 02:46:58,19050.0,500.0,986400.0
1437,2021-10-19 02:46:55,19000.0,5800.0,985900.0
1438,2021-10-19 02:46:55,19000.0,100.0,980100.0
1439,2021-10-19 02:46:55,19000.0,1000.0,980000.0
1440,2021-10-19 02:46:55,19000.0,100.0,979000.0
1441,2021-10-19 02:46:55,19000.0,2000.0,978900.0
1442,2021-10-19 02:46:55,19000.0,300.0,976900.0
1443,2021-10-19 02:46:55,19000.0,100.0,976600.0
1444,2021-10-19 02:46:55,19000.0,300.0,976500.0
1445,2021-10-19 02:46:55,19000.0,1000.0,976200.0
1446,2021-10-19 02:46:55,19000.0,500.0,975200.0
1447,2021-10-19 02:46:55,19000.0,800.0,974700.0
1448,2021-10-19 02:46:53,19050.0,400.0,973900.0
1449,2021-10-19 02:46:49,19000.0,200.0,973500.0
1450,2021-10-19 02:46:49,19000.0,10000.0,973300.0
1451,2021-10-19 02:46:49,19000.0,2000.0,963300.0
1452,2021-10-19 02:46:49,19000.0,600.0,961300.0
1453,2021-10-19 02:46:49,19000.0,1000.0,960700.0
1454,2021-10-19 02:46:49,19000.0,1000.0,959700.0
1455,2021-10-19 02:46:49,19000.0,100.0,958700.0
1456,2021-10-19 02:46:49,19000.0,100.0,958600.0
1457,2021-10-19 02:46:49,19000.0,100.0,958500.0
1458,2021-10-19 02:46:49,19000.0,5000.0,958400.0
1459,2021-10-19 02:46:49,19000.0,500.0,953400.0
1460,2021-10-19 02:46:49,19000.0,200.0,952900.0
1461,2021-10-19 02:46:49,19000.0,1000.0,952700.0
1462,2021-10-19 02:46:49,19000.0,500.0,951700.0
1463,2021-10-19 02:46:49,19000.0,200.0,951200.0
1464,2021-10-19 02:46:49,19000.0,700.0,951000.0
1465,2021-10-19 02:46:49,19000.0,1000.0,950300.0
1466,2021-10-19 02:46:49,19000.0,100.0,949300.0
1467,2021-10-19 02:46:49,19000.0,5000.0,949200.0
1468,2021-10-19 02:46:49,19000.0,200.0,944200.0
1469,2021-10-19 02:46:49,19000.0,100.0,944000.0
1470,2021-10-19 02:46:49,19000.0,3900.0,943900.0
1471,2021-10-19 02:46:49,19000.0,1000.0,940000.0
1472,2021-10-19 02:46:49,19000.0,100.0,939000.0
1473,2021-10-19 02:46:49,19000.0,100.0,938900.0
1474,2021-10-19 02:46:49,19000.0,2000.0,938800.0
1475,2021-10-19 02:46:49,19000.0,300.0,936800.0
1476,2021-10-19 02:46:49,19000.0,500.0,936500.0
1477,2021-10-19 02:46:49,19000.0,3100.0,936000.0
1478,2021-10-19 02:46:49,19000.0,100.0,932900.0
1479,2021-10-19 02:46:49,19000.0,400.0,932800.0
1480,2021-10-19 02:46:49,19000.0,100.0,932400.0
1481,2021-10-19 02:46:49,19000.0,1000.0,932300.0
1482,2021-10-19 02:46:49,19000.0,300.0,931300.0
1483,2021-10-19 02:46:49,19000.0,100.0,931000.0
1484,2021-10-19 02:46:49,19000.0,200.0,930900.0
1485,2021-10-19 02:46:49,19000.0,1000.0,930700.0
1486,2021-10-19 02:46:49,19000.0,200.0,929700.0
1487,2021-10-19 02:46:49,19000.0,1000.0,929500.0
1488,2021-10-19 02:46:42,19050.0,500.0,928500.0
1489,2021-10-19 02:46:42,19050.0,400.0,928000.0
1490,2021-10-19 02:46:42,19050.0,300.0,927600.0
1491,2021-10-19 02:46:42,19050.0,500.0,927300.0
1492,2021-10-19 02:46:42,19050.0,100.0,926800.0
1493,2021-10-19 02:46:42,19050.0,1000.0,926700.0
1494,2021-10-19 02:46:42,19050.0,900.0,925700.0
1495,2021-10-19 02:46:40,19100.0,700.0,924800.0
1496,2021-10-19 02:46:37,19050.0,100.0,924100.0
1497,2021-10-19 02:46:37,19050.0,500.0,924000.0
1498,2021-10-19 02:46:37,19050.0,500.0,923500.0
1499,2021-10-19 02:46:37,19050.0,100.0,923000.0
1500,2021-10-19 02:46:37,19050.0,300.0,922900.0
1501,2021-10-19 02:46:37,19050.0,100.0,922600.0
1502,2021-10-19 02:46:37,19050.0,500.0,922500.0
1503,2021-10-19 02:46:37,19050.0,200.0,922000.0
1504,2021-10-19 02:46:37,19050.0,500.0,921800.0
1505,2021-10-19 02:46:37,19050.0,100.0,921300.0
1506,2021-10-19 02:46:37,19050.0,100.0,921200.0
1507,2021-10-19 02:46:37,19050.0,1000.0,921100.0
1508,2021-10-19 02:46:37,19050.0,1000.0,920100.0
1509,2021-10-19 02:46:37,19050.0,100.0,919100.0
1510,2021-10-19 02:46:37,19050.0,1000.0,919000.0
1511,2021-10-19 02:46:37,19050.0,1000.0,918000.0
1512,2021-10-19 02:46:37,19050.0,2900.0,917000.0
1513,2021-10-19 02:46:34,19050.0,1500.0,914100.0
1514,2021-10-19 02:46:34,19050.0,100.0,912600.0
1515,2021-10-19 02:46:34,19050.0,300.0,912500.0
1516,2021-10-19 02:46:34,19050.0,100.0,912200.0
1517,2021-10-19 02:46:34,19050.0,200.0,912100.0
1518,2021-10-19 02:46:34,19050.0,1300.0,911900.0
1519,2021-10-19 02:46:13,19050.0,100.0,910600.0
1520,2021-10-19 02:46:01,19100.0,300.0,910500.0
1521,2021-10-19 02:46:00,19050.0,1000.0,910200.0
1522,2021-10-19 02:45:56,19050.0,500.0,909200.0
1523,2021-10-19 02:45:40,19050.0,1000.0,908700.0
1524,2021-10-19 02:45:36,19100.0,500.0,907700.0
1525,2021-10-19 02:45:17,19100.0,1200.0,907200.0
1526,2021-10-19 02:45:17,19100.0,800.0,906000.0
1527,2021-10-19 02:45:07,19050.0,100.0,905200.0
1528,2021-10-19 02:44:53,19050.0,500.0,905100.0
1529,2021-10-19 02:44:50,19100.0,100.0,904600.0
1530,2021-10-19 02:44:42,19100.0,2000.0,904500.0
1531,2021-10-19 02:44:36,19100.0,500.0,902500.0
1532,2021-10-19 02:44:35,19100.0,2000.0,902000.0
1533,2021-10-19 02:44:27,19100.0,300.0,900000.0
1534,2021-10-19 02:44:27,19100.0,3600.0,899700.0
1535,2021-10-19 02:44:27,19100.0,700.0,896100.0
1536,2021-10-19 02:44:25,19100.0,300.0,895400.0
1537,2021-10-19 02:44:25,19100.0,2500.0,895100.0
1538,2021-10-19 02:44:25,19100.0,1000.0,892600.0
1539,2021-10-19 02:44:25,19100.0,1000.0,891600.0
1540,2021-10-19 02:44:25,19100.0,1000.0,890600.0
1541,2021-10-19 02:44:25,19100.0,300.0,889600.0
1542,2021-10-19 02:44:25,19100.0,1000.0,889300.0
1543,2021-10-19 02:44:25,19100.0,100.0,888300.0
1544,2021-10-19 02:44:25,19100.0,200.0,888200.0
1545,2021-10-19 02:44:25,19100.0,500.0,888000.0
1546,2021-10-19 02:44:25,19100.0,600.0,887500.0
1547,2021-10-19 02:44:19,19100.0,1000.0,886900.0
1548,2021-10-19 02:44:19,19100.0,500.0,885900.0
1549,2021-10-19 02:44:19,19100.0,200.0,885400.0
1550,2021-10-19 02:44:19,19100.0,1000.0,885200.0
1551,2021-10-19 02:44:19,19100.0,1700.0,884200.0
1552,2021-10-19 02:44:19,19100.0,1000.0,882500.0
1553,2021-10-19 02:44:19,19100.0,12900.0,881500.0
1554,2021-10-19 02:44:14,19100.0,3100.0,868600.0
1555,2021-10-19 02:44:14,19100.0,100.0,865500.0
1556,2021-10-19 02:44:14,19100.0,200.0,865400.0
1557,2021-10-19 02:44:14,19100.0,100.0,865200.0
1558,2021-10-19 02:44:14,19100.0,100.0,865100.0
1559,2021-10-19 02:44:14,19100.0,100.0,865000.0
1560,2021-10-19 02:44:14,19100.0,1600.0,864900.0
1561,2021-10-19 02:44:14,19100.0,1000.0,863300.0
1562,2021-10-19 02:44:14,19100.0,1200.0,862300.0
1563,2021-10-19 02:44:14,19100.0,300.0,861100.0
1564,2021-10-19 02:44:14,19100.0,100.0,860800.0
1565,2021-10-19 02:44:14,19100.0,100.0,860700.0
1566,2021-10-19 02:44:14,19100.0,100.0,860600.0
1567,2021-10-19 02:44:14,19100.0,19900.0,860500.0
1568,2021-10-19 02:44:01,19150.0,2900.0,840600.0
1569,2021-10-19 02:44:01,19150.0,4100.0,837700.0
1570,2021-10-19 02:43:57,19100.0,1000.0,833600.0
1571,2021-10-19 02:43:42,19150.0,100.0,832600.0
1572,2021-10-19 02:43:39,19150.0,1000.0,832500.0
1573,2021-10-19 02:43:27,19150.0,1000.0,831500.0
1574,2021-10-19 02:43:05,19150.0,100.0,830500.0
1575,2021-10-19 02:43:00,19100.0,8000.0,830400.0
1576,2021-10-19 02:42:46,19100.0,1100.0,822400.0
1577,2021-10-19 02:42:46,19100.0,400.0,821300.0
1578,2021-10-19 02:42:46,19100.0,1500.0,820900.0
1579,2021-10-19 02:42:41,19100.0,3500.0,819400.0
1580,2021-10-19 02:42:41,19100.0,16500.0,815900.0
1581,2021-10-19 02:42:37,19150.0,4000.0,799400.0
1582,2021-10-19 02:42:17,19100.0,300.0,795400.0
1583,2021-10-19 02:42:17,19100.0,100.0,795100.0
1584,2021-10-19 02:41:38,19100.0,400.0,795000.0
1585,2021-10-19 02:41:38,19100.0,200.0,794600.0
1586,2021-10-19 02:41:22,19150.0,1000.0,794400.0
1587,2021-10-19 02:41:10,19150.0,100.0,793400.0
1588,2021-10-19 02:40:51,19150.0,200.0,793300.0
1589,2021-10-19 02:40:02,19100.0,500.0,793100.0
1590,2021-10-19 02:39:48,19150.0,300.0,792600.0
1591,2021-10-19 02:39:44,19150.0,500.0,792300.0
1592,2021-10-19 02:39:44,19150.0,300.0,791800.0
1593,2021-10-19 02:39:44,19150.0,100.0,791500.0
1594,2021-10-19 02:39:44,19150.0,2100.0,791400.0
1595,2021-10-19 02:39:44,19150.0,100.0,789300.0
1596,2021-10-19 02:39:41,19200.0,500.0,789200.0
1597,2021-10-19 02:39:36,19200.0,1000.0,788700.0
1598,2021-10-19 02:39:35,19200.0,1000.0,787700.0
1599,2021-10-19 02:39:26,19200.0,300.0,786700.0
1600,2021-10-19 02:39:10,19200.0,100.0,786400.0
1601,2021-10-19 02:39:03,19200.0,100.0,786300.0
1602,2021-10-19 02:39:00,19200.0,5000.0,786200.0
1603,2021-10-19 02:37:50,19200.0,2100.0,781200.0
1604,2021-10-19 02:37:50,19200.0,2300.0,779100.0
1605,2021-10-19 02:37:50,19150.0,600.0,776800.0
1606,2021-10-19 02:37:43,19150.0,200.0,776200.0
1607,2021-10-19 02:37:42,19150.0,2200.0,776000.0
1608,2021-10-19 02:37:39,19150.0,1000.0,773800.0
1609,2021-10-19 02:37:37,19150.0,1800.0,772800.0
1610,2021-10-19 02:37:37,19150.0,100.0,771000.0
1611,2021-10-19 02:37:37,19150.0,100.0,770900.0
1612,2021-10-19 02:37:37,19150.0,500.0,770800.0
1613,2021-10-19 02:37:37,19150.0,600.0,770300.0
1614,2021-10-19 02:37:36,19200.0,200.0,769700.0
1615,2021-10-19 02:37:06,19150.0,500.0,769500.0
1616,2021-10-19 02:36:58,19150.0,2100.0,769000.0
1617,2021-10-19 02:36:58,19150.0,100.0,766900.0
1618,2021-10-19 02:36:58,19150.0,500.0,766800.0
1619,2021-10-19 02:36:58,19150.0,400.0,766300.0
1620,2021-10-19 02:36:58,19150.0,100.0,765900.0
1621,2021-10-19 02:36:57,19200.0,500.0,765800.0
1622,2021-10-19 02:36:50,19150.0,500.0,765300.0
1623,2021-10-19 02:36:50,19150.0,500.0,764800.0
1624,2021-10-19 02:36:50,19150.0,1000.0,764300.0
1625,2021-10-19 02:36:46,19200.0,100.0,763300.0
1626,2021-10-19 02:36:43,19200.0,500.0,763200.0
1627,2021-10-19 02:36:39,19200.0,200.0,762700.0
1628,2021-10-19 02:36:32,19200.0,2000.0,762500.0
1629,2021-10-19 02:36:32,19200.0,1200.0,760500.0
1630,2021-10-19 02:36:29,19200.0,200.0,759300.0
1631,2021-10-19 02:36:25,19200.0,200.0,759100.0
1632,2021-10-19 02:36:25,19200.0,200.0,758900.0
1633,2021-10-19 02:36:25,19200.0,1000.0,758700.0
1634,2021-10-19 02:36:25,19200.0,900.0,757700.0
1635,2021-10-19 02:36:23,19300.0,300.0,756800.0
1636,2021-10-19 02:36:23,19300.0,500.0,756500.0
1637,2021-10-19 02:36:23,19300.0,5000.0,756000.0
1638,2021-10-19 02:36:23,19300.0,100.0,751000.0
1639,2021-10-19 02:36:23,19300.0,1000.0,750900.0
1640,2021-10-19 02:36:23,19300.0,1000.0,749900.0
1641,2021-10-19 02:36:23,19300.0,3000.0,748900.0
1642,2021-10-19 02:36:23,19300.0,1000.0,745900.0
1643,2021-10-19 02:36:23,19300.0,6400.0,744900.0
1644,2021-10-19 02:36:23,19300.0,100.0,738500.0
1645,2021-10-19 02:36:23,19300.0,500.0,738400.0
1646,2021-10-19 02:36:23,19300.0,1000.0,737900.0
1647,2021-10-19 02:36:23,19300.0,7100.0,736900.0
1648,2021-10-19 02:36:08,19200.0,500.0,729800.0
1649,2021-10-19 02:36:03,19200.0,700.0,729300.0
1650,2021-10-19 02:36:03,19200.0,100.0,728600.0
1651,2021-10-19 02:35:55,19300.0,5900.0,728500.0
1652,2021-10-19 02:35:55,19300.0,10000.0,722600.0
1653,2021-10-19 02:35:55,19300.0,500.0,712600.0
1654,2021-10-19 02:35:55,19300.0,100.0,712100.0
1655,2021-10-19 02:35:55,19300.0,1000.0,712000.0
1656,2021-10-19 02:35:55,19250.0,5000.0,711000.0
1657,2021-10-19 02:35:55,19250.0,5000.0,706000.0
1658,2021-10-19 02:35:55,19250.0,5000.0,701000.0
1659,2021-10-19 02:35:55,19250.0,1400.0,696000.0
1660,2021-10-19 02:35:55,19250.0,200.0,694600.0
1661,2021-10-19 02:35:55,19200.0,1000.0,694400.0
1662,2021-10-19 02:35:55,19200.0,100.0,693400.0
1663,2021-10-19 02:35:55,19200.0,500.0,693300.0
1664,2021-10-19 02:35:55,19200.0,100.0,692800.0
1665,2021-10-19 02:35:55,19200.0,4200.0,692700.0
1666,2021-10-19 02:35:52,19200.0,5800.0,688500.0
1667,2021-10-19 02:35:52,19200.0,1000.0,682700.0
1668,2021-10-19 02:35:52,19200.0,100.0,681700.0
1669,2021-10-19 02:35:52,19200.0,100.0,681600.0
1670,2021-10-19 02:35:52,19200.0,2000.0,681500.0
1671,2021-10-19 02:35:22,19200.0,200.0,679500.0
1672,2021-10-19 02:35:22,19200.0,200.0,679300.0
1673,2021-10-19 02:35:22,19200.0,1000.0,679100.0
1674,2021-10-19 02:35:22,19200.0,1000.0,678100.0
1675,2021-10-19 02:35:22,19200.0,2000.0,677100.0
1676,2021-10-19 02:35:22,19200.0,100.0,675100.0
1677,2021-10-19 02:35:22,19200.0,100.0,675000.0
1678,2021-10-19 02:35:22,19200.0,200.0,674900.0
1679,2021-10-19 02:35:22,19200.0,500.0,674700.0
1680,2021-10-19 02:35:22,19200.0,1000.0,674200.0
1681,2021-10-19 02:35:22,19200.0,2100.0,673200.0
1682,2021-10-19 02:35:22,19200.0,2600.0,671100.0
1683,2021-10-19 02:35:22,19200.0,200.0,668500.0
1684,2021-10-19 02:35:22,19200.0,7000.0,668300.0
1685,2021-10-19 02:35:22,19200.0,700.0,661300.0
1686,2021-10-19 02:35:22,19200.0,1000.0,660600.0
1687,2021-10-19 02:35:22,19150.0,5000.0,659600.0
1688,2021-10-19 02:35:22,19150.0,6000.0,654600.0
1689,2021-10-19 02:35:22,19150.0,3000.0,648600.0
1690,2021-10-19 02:35:22,19150.0,5000.0,645600.0
1691,2021-10-19 02:35:22,19150.0,5000.0,640600.0
1692,2021-10-19 02:35:22,19150.0,100.0,635600.0
1693,2021-10-19 02:35:20,19150.0,100.0,635500.0
1694,2021-10-19 02:35:11,19150.0,400.0,635400.0
1695,2021-10-19 02:34:23,19150.0,200.0,635000.0
1696,2021-10-19 02:34:00,19150.0,4200.0,634800.0
1697,2021-10-19 02:34:00,19150.0,5000.0,630600.0
1698,2021-10-19 02:34:00,19150.0,300.0,625600.0
1699,2021-10-19 02:34:00,19150.0,500.0,625300.0
1700,2021-10-19 02:33:54,19100.0,100.0,624800.0
1701,2021-10-19 02:33:54,19100.0,500.0,624700.0
1702,2021-10-19 02:33:51,19100.0,500.0,624200.0
1703,2021-10-19 02:33:51,19100.0,1000.0,623700.0
1704,2021-10-19 02:33:51,19100.0,1500.0,622700.0
1705,2021-10-19 02:33:51,19100.0,200.0,621200.0
1706,2021-10-19 02:33:51,19100.0,300.0,621000.0
1707,2021-10-19 02:33:51,19100.0,500.0,620700.0
1708,2021-10-19 02:33:51,19100.0,100.0,620200.0
1709,2021-10-19 02:33:51,19100.0,300.0,620100.0
1710,2021-10-19 02:33:51,19100.0,2000.0,619800.0
1711,2021-10-19 02:33:51,19100.0,2300.0,617800.0
1712,2021-10-19 02:33:36,19100.0,100.0,615500.0
1713,2021-10-19 02:33:35,19050.0,500.0,615400.0
1714,2021-10-19 02:33:35,19050.0,400.0,614900.0
1715,2021-10-19 02:33:25,19100.0,100.0,614500.0
1716,2021-10-19 02:33:25,19100.0,800.0,614400.0
1717,2021-10-19 02:33:17,19100.0,500.0,613600.0
1718,2021-10-19 02:33:16,19100.0,500.0,613100.0
1719,2021-10-19 02:33:12,19100.0,1000.0,612600.0
1720,2021-10-19 02:33:03,19100.0,4400.0,611600.0
1721,2021-10-19 02:33:03,19100.0,600.0,607200.0
1722,2021-10-19 02:32:56,19100.0,400.0,606600.0
1723,2021-10-19 02:32:56,19100.0,100.0,606200.0
1724,2021-10-19 02:32:41,19100.0,100.0,606100.0
1725,2021-10-19 02:32:40,19100.0,300.0,606000.0
1726,2021-10-19 02:32:39,19100.0,500.0,605700.0
1727,2021-10-19 02:32:39,19100.0,100.0,605200.0
1728,2021-10-19 02:32:39,19100.0,300.0,605100.0
1729,2021-10-19 02:32:39,19100.0,100.0,604800.0
1730,2021-10-19 02:32:34,19100.0,100.0,604700.0
1731,2021-10-19 02:32:34,19100.0,400.0,604600.0
1732,2021-10-19 02:32:33,19100.0,600.0,604200.0
1733,2021-10-19 02:32:33,19100.0,400.0,603600.0
1734,2021-10-19 02:32:30,19100.0,2000.0,603200.0
1735,2021-10-19 02:32:30,19100.0,2600.0,601200.0
1736,2021-10-19 02:32:30,19100.0,2400.0,598600.0
1737,2021-10-19 02:32:14,19100.0,100.0,596200.0
1738,2021-10-19 02:32:14,19100.0,100.0,596100.0
1739,2021-10-19 02:32:07,19100.0,500.0,596000.0
1740,2021-10-19 02:31:22,19050.0,1000.0,595500.0
1741,2021-10-19 02:31:22,19050.0,2000.0,594500.0
1742,2021-10-19 02:30:40,19050.0,5000.0,592500.0
1743,2021-10-19 02:30:40,19050.0,200.0,587500.0
1744,2021-10-19 02:30:40,19050.0,300.0,587300.0
1745,2021-10-19 02:30:40,19050.0,10000.0,587000.0
1746,2021-10-19 02:30:40,19050.0,1000.0,577000.0
1747,2021-10-19 02:30:40,19050.0,100.0,576000.0
1748,2021-10-19 02:30:37,19050.0,100.0,575900.0
1749,2021-10-19 02:30:30,19050.0,2000.0,575800.0
1750,2021-10-19 02:30:26,19050.0,1000.0,573800.0
1751,2021-10-19 02:30:22,19050.0,100.0,572800.0
1752,2021-10-19 02:30:15,19050.0,100.0,572700.0
1753,2021-10-19 02:30:12,19050.0,100.0,572600.0
1754,2021-10-19 02:30:05,19050.0,500.0,572500.0
1755,2021-10-19 02:30:05,19000.0,5400.0,572000.0
1756,2021-10-19 02:30:05,19000.0,3500.0,566600.0
1757,2021-10-19 02:30:05,19000.0,100.0,563100.0
1758,2021-10-19 02:30:05,19000.0,1000.0,563000.0
1759,2021-10-19 02:29:56,19050.0,800.0,562000.0
1760,2021-10-19 02:29:56,19050.0,100.0,561200.0
1761,2021-10-19 02:29:54,19050.0,500.0,561100.0
1762,2021-10-19 02:29:51,19050.0,200.0,560600.0
1763,2021-10-19 02:29:48,19050.0,1000.0,560400.0
1764,2021-10-19 02:29:47,19050.0,1000.0,559400.0
1765,2021-10-19 02:29:38,19050.0,2600.0,558400.0
1766,2021-10-19 02:29:38,19050.0,400.0,555800.0
1767,2021-10-19 02:29:36,19050.0,300.0,555400.0
1768,2021-10-19 02:29:31,19050.0,800.0,555100.0
1769,2021-10-19 02:29:31,19050.0,4200.0,554300.0
1770,2021-10-19 02:29:29,19050.0,500.0,550100.0
1771,2021-10-19 02:29:20,19000.0,300.0,549600.0
1772,2021-10-19 02:29:09,19050.0,300.0,549300.0
1773,2021-10-19 02:29:07,19000.0,500.0,549000.0
1774,2021-10-19 02:29:04,19000.0,1000.0,548500.0
1775,2021-10-19 02:29:04,19000.0,100.0,547500.0
1776,2021-10-19 02:29:04,19000.0,400.0,547400.0
1777,2021-10-19 02:29:04,19000.0,200.0,547000.0
1778,2021-10-19 02:29:04,19000.0,100.0,546800.0
1779,2021-10-19 02:29:04,19000.0,200.0,546700.0
1780,2021-10-19 02:29:04,19000.0,100.0,546500.0
1781,2021-10-19 02:28:59,19000.0,400.0,546400.0
1782,2021-10-19 02:28:59,19000.0,600.0,546000.0
1783,2021-10-19 02:28:51,19000.0,300.0,545400.0
1784,2021-10-19 02:28:51,19000.0,600.0,545100.0
1785,2021-10-19 02:28:51,19000.0,200.0,544500.0
1786,2021-10-19 02:28:50,19000.0,300.0,544300.0
1787,2021-10-19 02:28:50,19000.0,2000.0,544000.0
1788,2021-10-19 02:28:47,19000.0,300.0,542000.0
1789,2021-10-19 02:28:44,19000.0,100.0,541700.0
1790,2021-10-19 02:28:41,19000.0,500.0,541600.0
1791,2021-10-19 02:28:34,19000.0,100.0,541100.0
1792,2021-10-19 02:28:34,19000.0,900.0,541000.0
1793,2021-10-19 02:28:31,19000.0,1000.0,540100.0
1794,2021-10-19 02:28:30,18950.0,700.0,539100.0
1795,2021-10-19 02:28:26,19000.0,500.0,538400.0
1796,2021-10-19 02:28:20,19000.0,12600.0,537900.0
1797,2021-10-19 02:28:20,19000.0,1000.0,525300.0
1798,2021-10-19 02:28:20,19000.0,500.0,524300.0
1799,2021-10-19 02:28:20,19000.0,1600.0,523800.0
1800,2021-10-19 02:28:20,19000.0,1500.0,522200.0
1801,2021-10-19 02:28:20,19000.0,100.0,520700.0
1802,2021-10-19 02:28:20,19000.0,200.0,520600.0
1803,2021-10-19 02:28:20,19000.0,1500.0,520400.0
1804,2021-10-19 02:28:20,19000.0,1000.0,518900.0
1805,2021-10-19 02:28:20,19000.0,5000.0,517900.0
1806,2021-10-19 02:28:20,19000.0,900.0,512900.0
1807,2021-10-19 02:28:20,19000.0,100.0,512000.0
1808,2021-10-19 02:28:20,19000.0,1000.0,511900.0
1809,2021-10-19 02:28:20,19000.0,1000.0,510900.0
1810,2021-10-19 02:28:20,19000.0,200.0,509900.0
1811,2021-10-19 02:28:20,19000.0,1400.0,509700.0
1812,2021-10-19 02:28:20,19000.0,5400.0,508300.0
1813,2021-10-19 02:28:20,19000.0,15000.0,502900.0
1814,2021-10-19 02:28:09,19000.0,1000.0,487900.0
1815,2021-10-19 02:28:08,19000.0,400.0,486900.0
1816,2021-10-19 02:27:50,18950.0,1000.0,486500.0
1817,2021-10-19 02:27:50,18950.0,700.0,485500.0
1818,2021-10-19 02:27:50,18950.0,200.0,484800.0
1819,2021-10-19 02:27:50,18950.0,1000.0,484600.0
1820,2021-10-19 02:27:50,18950.0,100.0,483600.0
1821,2021-10-19 02:27:40,19000.0,300.0,483500.0
1822,2021-10-19 02:27:38,18950.0,1400.0,483200.0
1823,2021-10-19 02:27:27,19000.0,100.0,481800.0
1824,2021-10-19 02:27:25,18950.0,2000.0,481700.0
1825,2021-10-19 02:27:25,18950.0,1500.0,479700.0
1826,2021-10-19 02:27:23,18950.0,500.0,478200.0
1827,2021-10-19 02:27:23,18950.0,700.0,477700.0
1828,2021-10-19 02:27:23,18950.0,100.0,477000.0
1829,2021-10-19 02:27:23,18950.0,600.0,476900.0
1830,2021-10-19 02:27:23,18950.0,200.0,476300.0
1831,2021-10-19 02:27:23,18950.0,9000.0,476100.0
1832,2021-10-19 02:27:23,18950.0,3700.0,467100.0
1833,2021-10-19 02:27:17,18900.0,900.0,463400.0
1834,2021-10-19 02:27:17,18900.0,1000.0,462500.0
1835,2021-10-19 02:27:17,18900.0,100.0,461500.0
1836,2021-10-19 02:27:17,18950.0,6300.0,461400.0
1837,2021-10-19 02:27:17,18950.0,2600.0,455100.0
1838,2021-10-19 02:27:17,18950.0,1100.0,452500.0
1839,2021-10-19 02:27:16,18950.0,100.0,451400.0
1840,2021-10-19 02:27:15,18950.0,2000.0,451300.0
1841,2021-10-19 02:27:14,18950.0,700.0,449300.0
1842,2021-10-19 02:27:14,18950.0,300.0,448600.0
1843,2021-10-19 02:27:12,18950.0,200.0,448300.0
1844,2021-10-19 02:27:12,18950.0,2000.0,448100.0
1845,2021-10-19 02:27:12,18950.0,800.0,446100.0
1846,2021-10-19 02:27:06,18950.0,200.0,445300.0
1847,2021-10-19 02:27:05,18950.0,1000.0,445100.0
1848,2021-10-19 02:26:56,18900.0,100.0,444100.0
1849,2021-10-19 02:26:56,18900.0,500.0,444000.0
1850,2021-10-19 02:26:56,18900.0,300.0,443500.0
1851,2021-10-19 02:26:54,18950.0,100.0,443200.0
1852,2021-10-19 02:26:39,18950.0,500.0,443100.0
1853,2021-10-19 02:26:39,18950.0,500.0,442600.0
1854,2021-10-19 02:26:35,18900.0,500.0,442100.0
1855,2021-10-19 02:26:34,18950.0,5000.0,441600.0
1856,2021-10-19 02:26:31,18950.0,1700.0,436600.0
1857,2021-10-19 02:26:27,18900.0,500.0,434900.0
1858,2021-10-19 02:26:22,18950.0,1500.0,434400.0
1859,2021-10-19 02:26:13,18950.0,500.0,432900.0
1860,2021-10-19 02:26:10,18950.0,100.0,432400.0
1861,2021-10-19 02:26:06,18950.0,300.0,432300.0
1862,2021-10-19 02:26:03,18950.0,5000.0,432000.0
1863,2021-10-19 02:25:58,18900.0,1700.0,427000.0
1864,2021-10-19 02:25:58,18900.0,500.0,425300.0
1865,2021-10-19 02:25:57,18950.0,600.0,424800.0
1866,2021-10-19 02:25:57,18950.0,200.0,424200.0
1867,2021-10-19 02:25:57,18950.0,4000.0,424000.0
1868,2021-10-19 02:25:57,18950.0,200.0,420000.0
1869,2021-10-19 02:25:51,18950.0,100.0,419800.0
1870,2021-10-19 02:25:51,18950.0,300.0,419700.0
1871,2021-10-19 02:25:51,18950.0,100.0,419400.0
1872,2021-10-19 02:25:42,18950.0,500.0,419300.0
1873,2021-10-19 02:25:40,18950.0,100.0,418800.0
1874,2021-10-19 02:25:34,18950.0,300.0,418700.0
1875,2021-10-19 02:25:34,18950.0,100.0,418400.0
1876,2021-10-19 02:25:34,18950.0,100.0,418300.0
1877,2021-10-19 02:25:29,18950.0,200.0,418200.0
1878,2021-10-19 02:25:29,18950.0,100.0,418000.0
1879,2021-10-19 02:25:29,18950.0,200.0,417900.0
1880,2021-10-19 02:25:24,18950.0,200.0,417700.0
1881,2021-10-19 02:25:21,18950.0,100.0,417500.0
1882,2021-10-19 02:25:19,18950.0,1000.0,417400.0
1883,2021-10-19 02:25:17,18950.0,500.0,416400.0
1884,2021-10-19 02:25:15,18950.0,500.0,415900.0
1885,2021-10-19 02:25:15,18950.0,1500.0,415400.0
1886,2021-10-19 02:25:15,18950.0,500.0,413900.0
1887,2021-10-19 02:25:11,18950.0,500.0,413400.0
1888,2021-10-19 02:25:11,18950.0,500.0,412900.0
1889,2021-10-19 02:25:06,18950.0,100.0,412400.0
1890,2021-10-19 02:24:41,18950.0,500.0,412300.0
1891,2021-10-19 02:24:32,18900.0,500.0,411800.0
1892,2021-10-19 02:24:32,18900.0,500.0,411300.0
1893,2021-10-19 02:24:32,18900.0,200.0,410800.0
1894,2021-10-19 02:24:32,18900.0,900.0,410600.0
1895,2021-10-19 02:24:32,18900.0,500.0,409700.0
1896,2021-10-19 02:24:32,18900.0,100.0,409200.0
1897,2021-10-19 02:24:32,18900.0,200.0,409100.0
1898,2021-10-19 02:24:32,18900.0,100.0,408900.0
1899,2021-10-19 02:24:32,18900.0,2000.0,408800.0
1900,2021-10-19 02:24:32,18900.0,100.0,406800.0
1901,2021-10-19 02:24:32,18900.0,2000.0,406700.0
1902,2021-10-19 02:24:32,18900.0,100.0,404700.0
1903,2021-10-19 02:24:32,18900.0,2800.0,404600.0
1904,2021-10-19 02:24:23,18900.0,100.0,401800.0
1905,2021-10-19 02:24:18,18950.0,500.0,401700.0
1906,2021-10-19 02:24:17,18950.0,300.0,401200.0
1907,2021-10-19 02:24:14,18950.0,600.0,400900.0
1908,2021-10-19 02:24:11,18950.0,500.0,400300.0
1909,2021-10-19 02:24:06,18950.0,1500.0,399800.0
1910,2021-10-19 02:24:06,18950.0,300.0,398300.0
1911,2021-10-19 02:24:06,18950.0,300.0,398000.0
1912,2021-10-19 02:24:06,18950.0,100.0,397700.0
1913,2021-10-19 02:24:06,18950.0,200.0,397600.0
1914,2021-10-19 02:24:06,18950.0,500.0,397400.0
1915,2021-10-19 02:24:06,18950.0,1100.0,396900.0
1916,2021-10-19 02:24:05,18950.0,1000.0,395800.0
1917,2021-10-19 02:24:05,18950.0,300.0,394800.0
1918,2021-10-19 02:24:02,18950.0,1000.0,394500.0
1919,2021-10-19 02:24:01,18950.0,100.0,393500.0
1920,2021-10-19 02:23:59,18950.0,300.0,393400.0
1921,2021-10-19 02:23:58,18950.0,3000.0,393100.0
1922,2021-10-19 02:23:54,19000.0,3000.0,390100.0
1923,2021-10-19 02:23:49,18950.0,100.0,387100.0
1924,2021-10-19 02:23:47,18950.0,3100.0,387000.0
1925,2021-10-19 02:23:47,18950.0,1000.0,383900.0
1926,2021-10-19 02:23:47,18950.0,1500.0,382900.0
1927,2021-10-19 02:23:46,18950.0,500.0,381400.0
1928,2021-10-19 02:23:44,18950.0,400.0,380900.0
1929,2021-10-19 02:23:26,18950.0,2000.0,380500.0
1930,2021-10-19 02:23:15,18950.0,200.0,378500.0
1931,2021-10-19 02:23:01,18950.0,100.0,378300.0
1932,2021-10-19 02:22:59,18950.0,300.0,378200.0
1933,2021-10-19 02:22:58,18950.0,1000.0,377900.0
1934,2021-10-19 02:22:58,18950.0,300.0,376900.0
1935,2021-10-19 02:22:56,18950.0,200.0,376600.0
1936,2021-10-19 02:22:44,18950.0,1500.0,376400.0
1937,2021-10-19 02:22:44,18950.0,500.0,374900.0
1938,2021-10-19 02:22:38,18950.0,100.0,374400.0
1939,2021-10-19 02:22:38,18950.0,200.0,374300.0
1940,2021-10-19 02:22:32,19000.0,5000.0,374100.0
1941,2021-10-19 02:22:28,18950.0,5000.0,369100.0
1942,2021-10-19 02:22:26,18950.0,4100.0,364100.0
1943,2021-10-19 02:22:22,18950.0,700.0,360000.0
1944,2021-10-19 02:22:22,18950.0,100.0,359300.0
1945,2021-10-19 02:22:20,18950.0,100.0,359200.0
1946,2021-10-19 02:22:19,18950.0,800.0,359100.0
1947,2021-10-19 02:22:17,18950.0,700.0,358300.0
1948,2021-10-19 02:22:17,18950.0,300.0,357600.0
1949,2021-10-19 02:22:16,18900.0,100.0,357300.0
1950,2021-10-19 02:22:13,18950.0,4800.0,357200.0
1951,2021-10-19 02:22:13,18950.0,3000.0,352400.0
1952,2021-10-19 02:22:13,18950.0,200.0,349400.0
1953,2021-10-19 02:22:09,18900.0,2000.0,349200.0
1954,2021-10-19 02:22:09,18900.0,2400.0,347200.0
1955,2021-10-19 02:21:59,18950.0,100.0,344800.0
1956,2021-10-19 02:21:54,18950.0,800.0,344700.0
1957,2021-10-19 02:21:54,18950.0,700.0,343900.0
1958,2021-10-19 02:21:52,18900.0,100.0,343200.0
1959,2021-10-19 02:21:49,18900.0,500.0,343100.0
1960,2021-10-19 02:21:48,18900.0,200.0,342600.0
1961,2021-10-19 02:21:44,18900.0,1100.0,342400.0
1962,2021-10-19 02:21:44,18900.0,100.0,341300.0
1963,2021-10-19 02:21:41,18900.0,100.0,341200.0
1964,2021-10-19 02:21:41,18900.0,100.0,341100.0
1965,2021-10-19 02:21:41,18900.0,100.0,341000.0
1966,2021-10-19 02:21:41,18900.0,800.0,340900.0
1967,2021-10-19 02:21:40,18950.0,100.0,340100.0
1968,2021-10-19 02:21:33,18950.0,500.0,340000.0
1969,2021-10-19 02:21:31,18900.0,1000.0,339500.0
1970,2021-10-19 02:21:28,18950.0,500.0,338500.0
1971,2021-10-19 02:21:27,18900.0,300.0,338000.0
1972,2021-10-19 02:21:24,18900.0,2900.0,337700.0
1973,2021-10-19 02:21:24,18900.0,10000.0,334800.0
1974,2021-10-19 02:21:24,18900.0,1000.0,324800.0
1975,2021-10-19 02:21:24,18900.0,500.0,323800.0
1976,2021-10-19 02:21:24,18900.0,500.0,323300.0
1977,2021-10-19 02:21:24,18900.0,100.0,322800.0
1978,2021-10-19 02:21:24,18900.0,100.0,322700.0
1979,2021-10-19 02:21:24,18950.0,100.0,322600.0
1980,2021-10-19 02:21:24,18950.0,300.0,322500.0
1981,2021-10-19 02:21:24,18950.0,100.0,322200.0
1982,2021-10-19 02:21:17,18900.0,700.0,322100.0
1983,2021-10-19 02:21:17,18900.0,300.0,321400.0
1984,2021-10-19 02:21:13,18900.0,200.0,321100.0
1985,2021-10-19 02:21:10,18900.0,500.0,320900.0
1986,2021-10-19 02:21:07,18900.0,1000.0,320400.0
1987,2021-10-19 02:21:07,18900.0,500.0,319400.0
1988,2021-10-19 02:21:06,18900.0,100.0,318900.0
1989,2021-10-19 02:21:02,18950.0,100.0,318800.0
1990,2021-10-19 02:21:02,18950.0,200.0,318700.0
1991,2021-10-19 02:21:00,18900.0,300.0,318500.0
1992,2021-10-19 02:21:00,18900.0,200.0,318200.0
1993,2021-10-19 02:20:58,18900.0,200.0,318000.0
1994,2021-10-19 02:20:58,18900.0,200.0,317800.0
1995,2021-10-19 02:20:57,18900.0,800.0,317600.0
1996,2021-10-19 02:20:57,18900.0,500.0,316800.0
1997,2021-10-19 02:20:57,18900.0,500.0,316300.0
1998,2021-10-19 02:20:55,18900.0,500.0,315800.0
1999,2021-10-19 02:20:52,18900.0,1000.0,315300.0
2000,2021-10-19 02:20:49,18900.0,2000.0,314300.0
2001,2021-10-19 02:20:34,18900.0,300.0,312300.0
2002,2021-10-19 02:20:34,18900.0,1700.0,312000.0
2003,2021-10-19 02:20:30,18900.0,1300.0,310300.0
2004,2021-10-19 02:20:29,18900.0,100.0,309000.0
2005,2021-10-19 02:20:29,18900.0,1100.0,308900.0
2006,2021-10-19 02:20:25,18900.0,400.0,307800.0
2007,2021-10-19 02:20:20,18900.0,4600.0,307400.0
2008,2021-10-19 02:20:20,18900.0,200.0,302800.0
2009,2021-10-19 02:20:20,18900.0,500.0,302600.0
2010,2021-10-19 02:20:20,18900.0,1000.0,302100.0
2011,2021-10-19 02:20:20,18900.0,100.0,301100.0
2012,2021-10-19 02:20:20,18900.0,1400.0,301000.0
2013,2021-10-19 02:20:20,18900.0,1000.0,299600.0
2014,2021-10-19 02:20:20,18900.0,500.0,298600.0
2015,2021-10-19 02:20:20,18900.0,700.0,298100.0
2016,2021-10-19 02:20:18,18900.0,300.0,297400.0
2017,2021-10-19 02:20:18,18900.0,200.0,297100.0
2018,2021-10-19 02:20:18,18900.0,100.0,296900.0
2019,2021-10-19 02:20:15,18950.0,1000.0,296800.0
2020,2021-10-19 02:20:07,18900.0,500.0,295800.0
2021,2021-10-19 02:20:07,18900.0,1200.0,295300.0
2022,2021-10-19 02:20:07,18900.0,200.0,294100.0
2023,2021-10-19 02:20:07,18900.0,100.0,293900.0
2024,2021-10-19 02:20:07,18900.0,500.0,293800.0
2025,2021-10-19 02:20:07,18900.0,200.0,293300.0
2026,2021-10-19 02:20:07,18900.0,100.0,293100.0
2027,2021-10-19 02:20:07,18900.0,200.0,293000.0
2028,2021-10-19 02:20:07,18900.0,500.0,292800.0
2029,2021-10-19 02:20:05,18950.0,100.0,292300.0
2030,2021-10-19 02:20:05,18900.0,100.0,292200.0
2031,2021-10-19 02:20:05,18900.0,300.0,292100.0
2032,2021-10-19 02:20:05,18900.0,100.0,291800.0
2033,2021-10-19 02:19:54,18900.0,200.0,291700.0
2034,2021-10-19 02:19:54,18900.0,500.0,291500.0
2035,2021-10-19 02:19:54,18900.0,100.0,291000.0
2036,2021-10-19 02:19:54,18900.0,500.0,290900.0
2037,2021-10-19 02:19:54,18900.0,200.0,290400.0
2038,2021-10-19 02:19:54,18900.0,300.0,290200.0
2039,2021-10-19 02:19:54,18900.0,1000.0,289900.0
2040,2021-10-19 02:19:54,18900.0,200.0,288900.0
2041,2021-10-19 02:19:54,18900.0,3000.0,288700.0
2042,2021-10-19 02:19:54,18900.0,200.0,285700.0
2043,2021-10-19 02:19:54,18900.0,300.0,285500.0
2044,2021-10-19 02:19:51,18950.0,3000.0,285200.0
2045,2021-10-19 02:19:51,18900.0,600.0,282200.0
2046,2021-10-19 02:19:51,18900.0,100.0,281600.0
2047,2021-10-19 02:19:51,18900.0,500.0,281500.0
2048,2021-10-19 02:19:44,18950.0,500.0,281000.0
2049,2021-10-19 02:19:37,18950.0,100.0,280500.0
2050,2021-10-19 02:19:32,18950.0,500.0,280400.0
2051,2021-10-19 02:19:31,18950.0,1400.0,279900.0
2052,2021-10-19 02:19:28,18950.0,100.0,278500.0
2053,2021-10-19 02:19:26,18950.0,1000.0,278400.0
2054,2021-10-19 02:19:26,18950.0,500.0,277400.0
2055,2021-10-19 02:19:26,18950.0,400.0,276900.0
2056,2021-10-19 02:19:26,18950.0,100.0,276500.0
