,Time,Price,Volume_per_trade,Volume
0,2021-10-19 07:45:01,57700.0,1200.0,1732400.0
1,2021-10-19 07:45:01,57700.0,4300.0,1731200.0
2,2021-10-19 07:45:01,57700.0,1000.0,1726900.0
3,2021-10-19 07:45:01,57700.0,1000.0,1725900.0
4,2021-10-19 07:45:01,57700.0,1000.0,1724900.0
5,2021-10-19 07:45:01,57700.0,3000.0,1723900.0
6,2021-10-19 07:45:01,57700.0,3500.0,1720900.0
7,2021-10-19 07:45:01,57700.0,500.0,1717400.0
8,2021-10-19 07:45:01,57700.0,500.0,1716900.0
9,2021-10-19 07:45:01,57700.0,400.0,1716400.0
10,2021-10-19 07:45:01,57700.0,100.0,1716000.0
11,2021-10-19 07:45:01,57700.0,200.0,1715900.0
12,2021-10-19 07:45:01,57700.0,100.0,1715700.0
13,2021-10-19 07:45:01,57700.0,600.0,1715600.0
14,2021-10-19 07:45:01,57700.0,500.0,1715000.0
15,2021-10-19 07:45:01,57700.0,600.0,1714500.0
16,2021-10-19 07:45:01,57700.0,1000.0,1713900.0
17,2021-10-19 07:45:01,57700.0,200.0,1712900.0
18,2021-10-19 07:29:58,57700.0,500.0,1712700.0
19,2021-10-19 07:25:01,57700.0,100.0,1712200.0
20,2021-10-19 07:21:40,57700.0,100.0,1712100.0
21,2021-10-19 07:21:40,57700.0,600.0,1712000.0
22,2021-10-19 07:20:32,57600.0,200.0,1711400.0
23,2021-10-19 07:20:32,57600.0,300.0,1711200.0
24,2021-10-19 07:17:01,57600.0,100.0,1710900.0
25,2021-10-19 07:16:34,57600.0,100.0,1710800.0
26,2021-10-19 07:16:05,57600.0,100.0,1710700.0
27,2021-10-19 07:12:13,57700.0,300.0,1710600.0
28,2021-10-19 07:08:23,57600.0,100.0,1710300.0
29,2021-10-19 07:06:09,57700.0,400.0,1710200.0
30,2021-10-19 07:05:57,57600.0,3000.0,1709800.0
31,2021-10-19 07:05:57,57600.0,3500.0,1706800.0
32,2021-10-19 07:05:57,57600.0,1300.0,1703300.0
33,2021-10-19 07:05:22,57600.0,700.0,1702000.0
34,2021-10-19 07:01:26,57700.0,500.0,1701300.0
35,2021-10-19 07:00:38,57600.0,200.0,1700800.0
36,2021-10-19 06:58:43,57700.0,200.0,1700600.0
37,2021-10-19 06:57:37,57700.0,2000.0,1700400.0
38,2021-10-19 06:55:12,57700.0,4000.0,1698400.0
39,2021-10-19 06:55:12,57700.0,1000.0,1694400.0
40,2021-10-19 06:54:55,57600.0,100.0,1693400.0
41,2021-10-19 06:54:53,57700.0,100.0,1693300.0
42,2021-10-19 06:54:23,57700.0,200.0,1693200.0
43,2021-10-19 06:53:10,57700.0,2400.0,1693000.0
44,2021-10-19 06:53:10,57700.0,600.0,1690600.0
45,2021-10-19 06:53:10,57700.0,2400.0,1690000.0
46,2021-10-19 06:53:10,57700.0,600.0,1687600.0
47,2021-10-19 06:53:10,57700.0,1700.0,1687000.0
48,2021-10-19 06:53:10,57700.0,1300.0,1685300.0
49,2021-10-19 06:53:10,57700.0,300.0,1684000.0
50,2021-10-19 06:53:10,57700.0,900.0,1683700.0
51,2021-10-19 06:53:04,57800.0,600.0,1682800.0
52,2021-10-19 06:53:04,57800.0,400.0,1682200.0
53,2021-10-19 06:52:52,57700.0,1800.0,1681800.0
54,2021-10-19 06:52:51,57700.0,3000.0,1680000.0
55,2021-10-19 06:52:49,57700.0,200.0,1677000.0
56,2021-10-19 06:52:49,57700.0,2800.0,1676800.0
57,2021-10-19 06:52:48,57700.0,1400.0,1674000.0
58,2021-10-19 06:52:48,57700.0,1600.0,1672600.0
59,2021-10-19 06:52:47,57700.0,1200.0,1671000.0
60,2021-10-19 06:52:47,57700.0,1800.0,1669800.0
61,2021-10-19 06:52:45,57700.0,1700.0,1668000.0
62,2021-10-19 06:52:45,57700.0,1300.0,1666300.0
63,2021-10-19 06:52:44,57700.0,800.0,1665000.0
64,2021-10-19 06:52:44,57700.0,1400.0,1664200.0
65,2021-10-19 06:52:44,57700.0,700.0,1662800.0
66,2021-10-19 06:52:41,57700.0,100.0,1662100.0
67,2021-10-19 06:52:38,57700.0,2900.0,1662000.0
68,2021-10-19 06:52:38,57700.0,100.0,1659100.0
69,2021-10-19 06:52:34,57700.0,2700.0,1659000.0
70,2021-10-19 06:52:34,57700.0,300.0,1656300.0
71,2021-10-19 06:52:32,57700.0,1900.0,1656000.0
72,2021-10-19 06:52:32,57700.0,1100.0,1654100.0
73,2021-10-19 06:52:30,57700.0,500.0,1653000.0
74,2021-10-19 06:52:30,57700.0,1000.0,1652500.0
75,2021-10-19 06:52:30,57700.0,400.0,1651500.0
76,2021-10-19 06:52:25,57700.0,1100.0,1651100.0
77,2021-10-19 06:52:23,57700.0,1900.0,1650000.0
78,2021-10-19 06:52:18,57700.0,1100.0,1648100.0
79,2021-10-19 06:52:15,57700.0,2800.0,1647000.0
80,2021-10-19 06:52:15,57700.0,200.0,1644200.0
81,2021-10-19 06:52:13,57700.0,3000.0,1644000.0
82,2021-10-19 06:52:11,57700.0,1300.0,1641000.0
83,2021-10-19 06:52:11,57700.0,1700.0,1639700.0
84,2021-10-19 06:52:10,57700.0,1600.0,1638000.0
85,2021-10-19 06:52:10,57700.0,1400.0,1636400.0
86,2021-10-19 06:52:07,57700.0,1300.0,1635000.0
87,2021-10-19 06:52:07,57700.0,1700.0,1633700.0
88,2021-10-19 06:52:07,57700.0,400.0,1632000.0
89,2021-10-19 06:52:07,57700.0,1500.0,1631600.0
90,2021-10-19 06:52:07,57700.0,900.0,1630100.0
91,2021-10-19 06:51:59,57700.0,200.0,1629200.0
92,2021-10-19 06:51:56,57700.0,3000.0,1629000.0
93,2021-10-19 06:51:53,57700.0,400.0,1626000.0
94,2021-10-19 06:51:53,57700.0,2600.0,1625600.0
95,2021-10-19 06:51:52,57700.0,400.0,1623000.0
96,2021-10-19 06:51:52,57700.0,1800.0,1622600.0
97,2021-10-19 06:51:52,57700.0,800.0,1620800.0
98,2021-10-19 06:51:51,57700.0,1600.0,1620000.0
99,2021-10-19 06:51:51,57700.0,1200.0,1618400.0
100,2021-10-19 06:51:51,57700.0,200.0,1617200.0
101,2021-10-19 06:51:49,57700.0,400.0,1617000.0
102,2021-10-19 06:51:33,57700.0,2000.0,1616600.0
103,2021-10-19 06:51:33,57700.0,600.0,1614600.0
104,2021-10-19 06:51:31,57700.0,1100.0,1614000.0
105,2021-10-19 06:51:31,57700.0,1400.0,1612900.0
106,2021-10-19 06:51:31,57700.0,500.0,1611500.0
107,2021-10-19 06:51:29,57700.0,600.0,1611000.0
108,2021-10-19 06:51:28,57700.0,800.0,1610400.0
109,2021-10-19 06:51:14,57700.0,1600.0,1609600.0
110,2021-10-19 06:51:12,57700.0,1900.0,1608000.0
111,2021-10-19 06:51:12,57700.0,1100.0,1606100.0
112,2021-10-19 06:51:11,57700.0,2000.0,1605000.0
113,2021-10-19 06:51:11,57700.0,1000.0,1603000.0
114,2021-10-19 06:51:10,57700.0,1700.0,1602000.0
115,2021-10-19 06:51:10,57700.0,1300.0,1600300.0
116,2021-10-19 06:51:09,57700.0,1000.0,1599000.0
117,2021-10-19 06:51:09,57700.0,1900.0,1598000.0
118,2021-10-19 06:51:05,57700.0,100.0,1596100.0
119,2021-10-19 06:50:28,57700.0,400.0,1596000.0
120,2021-10-19 06:49:44,57800.0,1000.0,1595600.0
121,2021-10-19 06:49:32,57700.0,100.0,1594600.0
122,2021-10-19 06:46:40,57800.0,600.0,1594500.0
123,2021-10-19 06:46:40,57800.0,400.0,1593900.0
124,2021-10-19 06:46:33,57700.0,3000.0,1593500.0
125,2021-10-19 06:46:33,57700.0,3500.0,1590500.0
126,2021-10-19 06:44:26,57800.0,400.0,1587000.0
127,2021-10-19 06:44:26,57700.0,5000.0,1586600.0
128,2021-10-19 06:44:26,57700.0,3600.0,1581600.0
129,2021-10-19 06:44:26,57700.0,1000.0,1578000.0
130,2021-10-19 06:44:10,57200.0,100.0,1577000.0
131,2021-10-19 06:44:10,57200.0,100.0,1576900.0
132,2021-10-19 06:42:55,57800.0,500.0,1576800.0
133,2021-10-19 06:42:55,57700.0,3000.0,1576300.0
134,2021-10-19 06:42:55,57700.0,3500.0,1573300.0
135,2021-10-19 06:42:09,57800.0,300.0,1569800.0
136,2021-10-19 06:41:33,57500.0,800.0,1569500.0
137,2021-10-19 06:41:33,57500.0,800.0,1568700.0
138,2021-10-19 06:41:19,57500.0,2700.0,1567900.0
139,2021-10-19 06:41:18,57500.0,3500.0,1565200.0
140,2021-10-19 06:41:18,57500.0,3000.0,1561700.0
141,2021-10-19 06:41:18,57500.0,900.0,1558700.0
142,2021-10-19 06:41:18,57500.0,1500.0,1557800.0
143,2021-10-19 06:41:18,57500.0,3100.0,1556300.0
144,2021-10-19 06:41:17,57500.0,2300.0,1553200.0
145,2021-10-19 06:41:17,57500.0,1100.0,1550900.0
146,2021-10-19 06:41:17,57500.0,1100.0,1549800.0
147,2021-10-19 06:41:17,57500.0,800.0,1548700.0
148,2021-10-19 06:41:16,57500.0,700.0,1547900.0
149,2021-10-19 06:41:16,57500.0,300.0,1547200.0
150,2021-10-19 06:40:56,57500.0,4200.0,1546900.0
151,2021-10-19 06:40:55,57500.0,3500.0,1542700.0
152,2021-10-19 06:40:55,57500.0,500.0,1539200.0
153,2021-10-19 06:40:55,57500.0,2300.0,1538700.0
154,2021-10-19 06:40:55,57500.0,2100.0,1536400.0
155,2021-10-19 06:40:55,57500.0,1400.0,1534300.0
156,2021-10-19 06:40:54,57500.0,700.0,1532900.0
157,2021-10-19 06:40:50,57500.0,1000.0,1532200.0
158,2021-10-19 06:40:40,57500.0,2500.0,1531200.0
159,2021-10-19 06:40:39,57500.0,1900.0,1528700.0
160,2021-10-19 06:40:39,57500.0,2400.0,1526800.0
161,2021-10-19 06:40:39,57500.0,3400.0,1524400.0
162,2021-10-19 06:40:39,57500.0,2300.0,1521000.0
163,2021-10-19 06:40:39,57500.0,1600.0,1518700.0
164,2021-10-19 06:40:38,57500.0,2900.0,1517100.0
165,2021-10-19 06:40:37,57500.0,1900.0,1514200.0
166,2021-10-19 06:40:14,57500.0,3600.0,1512300.0
167,2021-10-19 06:40:13,57500.0,3600.0,1508700.0
168,2021-10-19 06:40:12,57500.0,4800.0,1505100.0
169,2021-10-19 06:40:12,57500.0,1600.0,1500300.0
170,2021-10-19 06:40:12,57500.0,4400.0,1498700.0
171,2021-10-19 06:40:12,57500.0,2400.0,1494300.0
172,2021-10-19 06:40:11,57500.0,3200.0,1491900.0
173,2021-10-19 06:40:11,57500.0,400.0,1488700.0
174,2021-10-19 06:40:11,57500.0,1200.0,1488300.0
175,2021-10-19 06:39:53,57500.0,3300.0,1487100.0
176,2021-10-19 06:39:52,57500.0,3700.0,1483800.0
177,2021-10-19 06:39:52,57500.0,1400.0,1480100.0
178,2021-10-19 06:39:52,57500.0,1500.0,1478700.0
179,2021-10-19 06:39:52,57500.0,2500.0,1477200.0
180,2021-10-19 06:39:51,57500.0,2100.0,1474700.0
181,2021-10-19 06:39:51,57500.0,1700.0,1472600.0
182,2021-10-19 06:39:50,57500.0,1300.0,1470900.0
183,2021-10-19 06:39:50,57500.0,900.0,1469600.0
184,2021-10-19 06:39:30,57200.0,100.0,1468700.0
185,2021-10-19 06:38:34,57800.0,1400.0,1468600.0
186,2021-10-19 06:38:34,57800.0,3600.0,1467200.0
187,2021-10-19 06:37:49,57700.0,200.0,1463600.0
188,2021-10-19 06:37:47,57700.0,3000.0,1463400.0
189,2021-10-19 06:37:47,57700.0,2000.0,1460400.0
190,2021-10-19 06:37:43,57700.0,1000.0,1458400.0
191,2021-10-19 06:37:41,57700.0,2500.0,1457400.0
192,2021-10-19 06:37:41,57700.0,500.0,1454900.0
193,2021-10-19 06:37:40,57700.0,2700.0,1454400.0
194,2021-10-19 06:37:40,57700.0,300.0,1451700.0
195,2021-10-19 06:37:38,57700.0,2600.0,1451400.0
196,2021-10-19 06:37:38,57700.0,400.0,1448800.0
197,2021-10-19 06:37:37,57700.0,2200.0,1448400.0
198,2021-10-19 06:37:37,57700.0,800.0,1446200.0
199,2021-10-19 06:37:37,57700.0,1500.0,1445400.0
200,2021-10-19 06:37:37,57700.0,1500.0,1443900.0
201,2021-10-19 06:37:35,57700.0,500.0,1442400.0
202,2021-10-19 06:37:35,57700.0,1700.0,1441900.0
203,2021-10-19 06:37:30,57700.0,800.0,1440200.0
204,2021-10-19 06:37:28,57700.0,3000.0,1439400.0
205,2021-10-19 06:37:27,57700.0,1600.0,1436400.0
206,2021-10-19 06:37:27,57700.0,1400.0,1434800.0
207,2021-10-19 06:37:25,57700.0,3000.0,1433400.0
208,2021-10-19 06:37:24,57700.0,300.0,1430400.0
209,2021-10-19 06:37:24,57700.0,2700.0,1430100.0
210,2021-10-19 06:37:24,57700.0,1300.0,1427400.0
211,2021-10-19 06:37:24,57700.0,1700.0,1426100.0
212,2021-10-19 06:37:23,57700.0,1600.0,1424400.0
213,2021-10-19 06:37:23,57700.0,1400.0,1422800.0
214,2021-10-19 06:37:18,57700.0,1200.0,1421400.0
215,2021-10-19 06:37:18,57700.0,1800.0,1420200.0
216,2021-10-19 06:37:18,57700.0,100.0,1418400.0
217,2021-10-19 06:37:06,57700.0,2900.0,1418300.0
218,2021-10-19 06:37:05,57700.0,900.0,1415400.0
219,2021-10-19 06:37:05,57700.0,2100.0,1414500.0
220,2021-10-19 06:37:04,57700.0,2100.0,1412400.0
221,2021-10-19 06:37:04,57700.0,900.0,1410300.0
222,2021-10-19 06:37:03,57700.0,2500.0,1409400.0
223,2021-10-19 06:37:03,57700.0,500.0,1406900.0
224,2021-10-19 06:37:01,57700.0,2500.0,1406400.0
225,2021-10-19 06:37:01,57700.0,500.0,1403900.0
226,2021-10-19 06:37:01,57700.0,2100.0,1403400.0
227,2021-10-19 06:37:01,57700.0,900.0,1401300.0
228,2021-10-19 06:36:59,57700.0,100.0,1400400.0
229,2021-10-19 06:36:59,57700.0,1200.0,1400300.0
230,2021-10-19 06:36:51,57700.0,700.0,1399100.0
231,2021-10-19 06:36:51,57700.0,1100.0,1398400.0
232,2021-10-19 06:36:46,57700.0,2800.0,1397300.0
233,2021-10-19 06:36:46,57700.0,200.0,1394500.0
234,2021-10-19 06:36:46,57700.0,3000.0,1394300.0
235,2021-10-19 06:36:45,57700.0,2500.0,1391300.0
236,2021-10-19 06:36:45,57700.0,500.0,1388800.0
237,2021-10-19 06:36:43,57700.0,1300.0,1388300.0
238,2021-10-19 06:36:43,57700.0,1100.0,1387000.0
239,2021-10-19 06:36:43,57700.0,400.0,1385900.0
240,2021-10-19 06:36:40,57700.0,200.0,1385500.0
241,2021-10-19 06:36:38,57700.0,3000.0,1385300.0
242,2021-10-19 06:36:37,57700.0,2700.0,1382300.0
243,2021-10-19 06:36:37,57700.0,300.0,1379600.0
244,2021-10-19 06:36:36,57700.0,1900.0,1379300.0
245,2021-10-19 06:36:36,57700.0,1100.0,1377400.0
246,2021-10-19 06:36:35,57700.0,600.0,1376300.0
247,2021-10-19 06:36:35,57700.0,1200.0,1375700.0
248,2021-10-19 06:36:35,57700.0,700.0,1374500.0
249,2021-10-19 06:36:35,57700.0,500.0,1373800.0
250,2021-10-19 06:36:34,57700.0,3000.0,1373300.0
251,2021-10-19 06:36:33,57700.0,100.0,1370300.0
252,2021-10-19 06:36:33,57700.0,2900.0,1370200.0
253,2021-10-19 06:36:32,57700.0,100.0,1367300.0
254,2021-10-19 06:36:32,57700.0,2400.0,1367200.0
255,2021-10-19 06:36:32,57700.0,500.0,1364800.0
256,2021-10-19 06:36:31,57700.0,1300.0,1364300.0
257,2021-10-19 06:36:31,57700.0,1200.0,1363000.0
258,2021-10-19 06:36:31,57700.0,500.0,1361800.0
259,2021-10-19 06:34:50,57200.0,100.0,1361300.0
260,2021-10-19 06:34:49,57600.0,700.0,1361200.0
261,2021-10-19 06:34:42,57600.0,2400.0,1360500.0
262,2021-10-19 06:34:42,57600.0,5000.0,1358100.0
263,2021-10-19 06:34:42,57600.0,3200.0,1353100.0
264,2021-10-19 06:34:35,57600.0,1800.0,1349900.0
265,2021-10-19 06:34:35,57600.0,5000.0,1348100.0
266,2021-10-19 06:34:35,57600.0,1200.0,1343100.0
267,2021-10-19 06:34:35,57600.0,100.0,1341900.0
268,2021-10-19 06:33:19,57600.0,3700.0,1341800.0
269,2021-10-19 06:33:19,57600.0,200.0,1338100.0
270,2021-10-19 06:33:19,57600.0,2900.0,1337900.0
271,2021-10-19 06:33:19,57600.0,1900.0,1335000.0
272,2021-10-19 06:33:19,57600.0,1500.0,1333100.0
273,2021-10-19 06:33:19,57600.0,2400.0,1331600.0
274,2021-10-19 06:33:18,57600.0,1100.0,1329200.0
275,2021-10-19 06:33:18,57600.0,800.0,1328100.0
276,2021-10-19 06:33:03,57600.0,2200.0,1327300.0
277,2021-10-19 06:33:02,57600.0,1900.0,1325100.0
278,2021-10-19 06:33:02,57600.0,100.0,1323200.0
279,2021-10-19 06:33:02,57600.0,1500.0,1323100.0
280,2021-10-19 06:33:01,57600.0,1300.0,1321600.0
281,2021-10-19 06:33:01,57600.0,1000.0,1320300.0
282,2021-10-19 06:33:00,57600.0,700.0,1319300.0
283,2021-10-19 06:32:46,57600.0,500.0,1318600.0
284,2021-10-19 06:32:45,57600.0,5000.0,1318100.0
285,2021-10-19 06:32:45,57600.0,5000.0,1313100.0
286,2021-10-19 06:32:45,57600.0,1400.0,1308100.0
287,2021-10-19 06:32:25,57600.0,3600.0,1306700.0
288,2021-10-19 06:32:25,57600.0,700.0,1303100.0
289,2021-10-19 06:32:25,57600.0,3700.0,1302400.0
290,2021-10-19 06:32:24,57600.0,600.0,1298700.0
291,2021-10-19 06:32:24,57600.0,2500.0,1298100.0
292,2021-10-19 06:32:23,57600.0,2500.0,1295600.0
293,2021-10-19 06:32:23,57600.0,1900.0,1293100.0
294,2021-10-19 06:31:52,57600.0,2800.0,1291200.0
295,2021-10-19 06:31:52,57600.0,300.0,1288400.0
296,2021-10-19 06:31:50,57600.0,2100.0,1288100.0
297,2021-10-19 06:31:50,57600.0,2000.0,1286000.0
298,2021-10-19 06:31:50,57600.0,900.0,1284000.0
299,2021-10-19 06:31:50,57600.0,700.0,1283100.0
300,2021-10-19 06:31:50,57600.0,1200.0,1282400.0
301,2021-10-19 06:31:49,57600.0,800.0,1281200.0
302,2021-10-19 06:31:40,57600.0,500.0,1280400.0
303,2021-10-19 06:31:33,57600.0,3600.0,1279900.0
304,2021-10-19 06:31:32,57600.0,3200.0,1276300.0
305,2021-10-19 06:31:32,57600.0,1000.0,1273100.0
306,2021-10-19 06:31:32,57600.0,3000.0,1272100.0
307,2021-10-19 06:31:32,57600.0,2400.0,1269100.0
308,2021-10-19 06:31:32,57600.0,1800.0,1266700.0
309,2021-10-19 06:31:31,57600.0,1200.0,1264900.0
310,2021-10-19 06:31:14,57600.0,600.0,1263700.0
311,2021-10-19 06:30:13,57600.0,200.0,1263100.0
312,2021-10-19 06:29:33,57700.0,2200.0,1262900.0
313,2021-10-19 06:29:28,57700.0,3000.0,1260700.0
314,2021-10-19 06:29:27,57700.0,3000.0,1257700.0
315,2021-10-19 06:29:27,57700.0,1300.0,1254700.0
316,2021-10-19 06:29:27,57700.0,1700.0,1253400.0
317,2021-10-19 06:29:22,57700.0,1600.0,1251700.0
318,2021-10-19 06:29:22,57700.0,1400.0,1250100.0
319,2021-10-19 06:29:21,57700.0,1600.0,1248700.0
320,2021-10-19 06:29:21,57700.0,1400.0,1247100.0
321,2021-10-19 06:29:19,57700.0,1300.0,1245700.0
322,2021-10-19 06:29:19,57700.0,1700.0,1244400.0
323,2021-10-19 06:29:17,57700.0,700.0,1242700.0
324,2021-10-19 06:29:17,57700.0,2100.0,1242000.0
325,2021-10-19 06:29:17,57700.0,200.0,1239900.0
326,2021-10-19 06:29:16,57700.0,1600.0,1239700.0
327,2021-10-19 06:29:16,57700.0,1400.0,1238100.0
328,2021-10-19 06:29:15,57700.0,100.0,1236700.0
329,2021-10-19 06:29:15,57700.0,1200.0,1236600.0
330,2021-10-19 06:29:15,57700.0,1700.0,1235400.0
331,2021-10-19 06:29:10,57700.0,3000.0,1233700.0
332,2021-10-19 06:29:08,57700.0,3000.0,1230700.0
333,2021-10-19 06:29:07,57700.0,1200.0,1227700.0
334,2021-10-19 06:29:07,57700.0,1800.0,1226500.0
335,2021-10-19 06:29:05,57700.0,3000.0,1224700.0
336,2021-10-19 06:29:03,57700.0,2700.0,1221700.0
337,2021-10-19 06:29:03,57700.0,300.0,1219000.0
338,2021-10-19 06:29:02,57700.0,3000.0,1218700.0
339,2021-10-19 06:29:00,57700.0,2800.0,1215700.0
340,2021-10-19 06:29:00,57700.0,200.0,1212900.0
341,2021-10-19 06:29:00,57700.0,3000.0,1212700.0
342,2021-10-19 06:28:59,57700.0,1500.0,1209700.0
343,2021-10-19 06:28:59,57700.0,1500.0,1208200.0
344,2021-10-19 06:28:59,57700.0,1800.0,1206700.0
345,2021-10-19 06:28:59,57700.0,1200.0,1204900.0
346,2021-10-19 06:28:57,57700.0,700.0,1203700.0
347,2021-10-19 06:28:48,57700.0,2300.0,1203000.0
348,2021-10-19 06:28:46,57700.0,300.0,1200700.0
349,2021-10-19 06:28:46,57700.0,2200.0,1200400.0
350,2021-10-19 06:28:46,57700.0,500.0,1198200.0
351,2021-10-19 06:28:45,57700.0,1300.0,1197700.0
352,2021-10-19 06:28:45,57700.0,1400.0,1196400.0
353,2021-10-19 06:28:45,57700.0,300.0,1195000.0
354,2021-10-19 06:28:45,57700.0,700.0,1194700.0
355,2021-10-19 06:28:45,57700.0,600.0,1194000.0
356,2021-10-19 06:28:45,57700.0,200.0,1193400.0
357,2021-10-19 06:28:45,57700.0,1500.0,1193200.0
358,2021-10-19 06:28:34,57700.0,2500.0,1191700.0
359,2021-10-19 06:28:32,57700.0,100.0,1189200.0
360,2021-10-19 06:28:32,57700.0,2400.0,1189100.0
361,2021-10-19 06:28:31,57700.0,1100.0,1186700.0
362,2021-10-19 06:28:31,57700.0,1400.0,1185600.0
363,2021-10-19 06:28:30,57700.0,1500.0,1184200.0
364,2021-10-19 06:28:30,57700.0,1000.0,1182700.0
365,2021-10-19 06:28:29,57700.0,1300.0,1181700.0
366,2021-10-19 06:28:29,57700.0,1200.0,1180400.0
367,2021-10-19 06:28:27,57700.0,500.0,1179200.0
368,2021-10-19 06:27:30,57800.0,3300.0,1178700.0
369,2021-10-19 06:27:29,57800.0,100.0,1175400.0
370,2021-10-19 06:27:29,57800.0,100.0,1175300.0
371,2021-10-19 06:27:17,57800.0,5100.0,1175200.0
372,2021-10-19 06:27:17,57800.0,4200.0,1170100.0
373,2021-10-19 06:27:16,57800.0,3300.0,1165900.0
374,2021-10-19 06:27:16,57800.0,2400.0,1162600.0
375,2021-10-19 06:27:15,57800.0,1500.0,1160200.0
376,2021-10-19 06:27:15,57800.0,600.0,1158700.0
377,2021-10-19 06:26:51,57800.0,2800.0,1158100.0
378,2021-10-19 06:26:51,57800.0,5400.0,1155300.0
379,2021-10-19 06:26:51,57800.0,6700.0,1149900.0
380,2021-10-19 06:26:50,57800.0,5200.0,1143200.0
381,2021-10-19 06:26:50,57800.0,2700.0,1138000.0
382,2021-10-19 06:26:50,57800.0,1000.0,1135300.0
383,2021-10-19 06:26:50,57800.0,2200.0,1134300.0
384,2021-10-19 06:26:49,57800.0,700.0,1132100.0
385,2021-10-19 06:26:30,57800.0,9900.0,1131400.0
386,2021-10-19 06:26:07,57800.0,6200.0,1121500.0
387,2021-10-19 06:26:07,57800.0,500.0,1115300.0
388,2021-10-19 06:26:06,57800.0,5800.0,1114800.0
389,2021-10-19 06:26:06,57800.0,4900.0,1109000.0
390,2021-10-19 06:26:06,57800.0,4000.0,1104100.0
391,2021-10-19 06:26:05,57800.0,3100.0,1100100.0
392,2021-10-19 06:26:05,57800.0,1700.0,1097000.0
393,2021-10-19 06:26:05,57800.0,400.0,1095300.0
394,2021-10-19 06:26:05,57800.0,100.0,1094900.0
395,2021-10-19 06:26:04,57800.0,1300.0,1094800.0
396,2021-10-19 06:26:03,57700.0,100.0,1093500.0
397,2021-10-19 06:23:12,57800.0,3600.0,1093400.0
398,2021-10-19 06:23:12,57800.0,3000.0,1089800.0
399,2021-10-19 06:23:12,57800.0,100.0,1086800.0
400,2021-10-19 06:23:12,57800.0,1300.0,1086700.0
401,2021-10-19 06:23:02,57700.0,4000.0,1085400.0
402,2021-10-19 06:23:02,57700.0,1400.0,1081400.0
403,2021-10-19 06:22:42,57700.0,1600.0,1080000.0
404,2021-10-19 06:22:27,57700.0,200.0,1078400.0
405,2021-10-19 06:22:27,57700.0,3000.0,1078200.0
406,2021-10-19 06:22:27,57700.0,200.0,1075200.0
407,2021-10-19 06:22:05,57700.0,3000.0,1075000.0
408,2021-10-19 06:22:05,57700.0,3000.0,1072000.0
409,2021-10-19 06:22:04,57700.0,3000.0,1069000.0
410,2021-10-19 06:22:03,57700.0,600.0,1066000.0
411,2021-10-19 06:22:03,57700.0,2400.0,1065400.0
412,2021-10-19 06:22:03,57700.0,3000.0,1063000.0
413,2021-10-19 06:22:02,57700.0,3000.0,1060000.0
414,2021-10-19 06:22:01,57700.0,100.0,1057000.0
415,2021-10-19 06:22:01,57700.0,2900.0,1056900.0
416,2021-10-19 06:22:01,57700.0,3000.0,1054000.0
417,2021-10-19 06:22:00,57700.0,1300.0,1051000.0
418,2021-10-19 06:22:00,57700.0,1700.0,1049700.0
419,2021-10-19 06:21:59,57700.0,3000.0,1048000.0
420,2021-10-19 06:21:59,57700.0,1200.0,1045000.0
421,2021-10-19 06:21:59,57700.0,1800.0,1043800.0
422,2021-10-19 06:21:59,57700.0,2800.0,1042000.0
423,2021-10-19 06:21:59,57700.0,200.0,1039200.0
424,2021-10-19 06:21:58,57700.0,3000.0,1039000.0
425,2021-10-19 06:21:57,57700.0,100.0,1036000.0
426,2021-10-19 06:21:56,57700.0,2000.0,1035900.0
427,2021-10-19 06:21:56,57700.0,900.0,1033900.0
428,2021-10-19 06:21:55,57600.0,100.0,1033000.0
429,2021-10-19 06:21:23,57700.0,3000.0,1032900.0
430,2021-10-19 06:21:21,57700.0,2500.0,1029900.0
431,2021-10-19 06:21:21,57700.0,500.0,1027400.0
432,2021-10-19 06:21:20,57700.0,3000.0,1026900.0
433,2021-10-19 06:21:19,57700.0,300.0,1023900.0
434,2021-10-19 06:21:19,57700.0,2700.0,1023600.0
435,2021-10-19 06:21:17,57700.0,2400.0,1020900.0
436,2021-10-19 06:21:17,57700.0,600.0,1018500.0
437,2021-10-19 06:21:16,57700.0,1900.0,1017900.0
438,2021-10-19 06:21:16,57700.0,1100.0,1016000.0
439,2021-10-19 06:21:14,57700.0,100.0,1014900.0
440,2021-10-19 06:19:51,57800.0,300.0,1014800.0
441,2021-10-19 06:19:44,57800.0,2600.0,1014500.0
442,2021-10-19 06:19:33,57800.0,4100.0,1011900.0
443,2021-10-19 06:19:33,57800.0,1700.0,1007800.0
444,2021-10-19 06:19:33,57800.0,2000.0,1006100.0
445,2021-10-19 06:19:33,57800.0,1000.0,1004100.0
446,2021-10-19 06:19:33,57800.0,1000.0,1003100.0
447,2021-10-19 06:19:33,57800.0,2000.0,1002100.0
448,2021-10-19 06:19:33,57800.0,500.0,1000100.0
449,2021-10-19 06:19:32,57800.0,1500.0,999600.0
450,2021-10-19 06:19:32,57800.0,1400.0,998100.0
451,2021-10-19 06:19:32,57800.0,600.0,996700.0
452,2021-10-19 06:19:32,57800.0,1700.0,996100.0
453,2021-10-19 06:19:32,57800.0,300.0,994400.0
454,2021-10-19 06:19:32,57800.0,1400.0,994100.0
455,2021-10-19 06:19:31,57800.0,600.0,992700.0
456,2021-10-19 06:19:31,57800.0,500.0,992100.0
457,2021-10-19 06:19:31,57800.0,500.0,991600.0
458,2021-10-19 06:19:07,57800.0,1000.0,991100.0
459,2021-10-19 06:19:07,57800.0,4300.0,990100.0
460,2021-10-19 06:19:07,57800.0,4200.0,985800.0
461,2021-10-19 06:19:06,57800.0,6400.0,981600.0
462,2021-10-19 06:19:06,57800.0,3100.0,975200.0
463,2021-10-19 06:19:06,57800.0,2000.0,972100.0
464,2021-10-19 06:19:06,57800.0,900.0,970100.0
465,2021-10-19 06:18:42,57800.0,4000.0,969200.0
466,2021-10-19 06:18:31,57800.0,6100.0,965200.0
467,2021-10-19 06:18:30,57800.0,4700.0,959100.0
468,2021-10-19 06:18:30,57800.0,3300.0,954400.0
469,2021-10-19 06:18:30,57800.0,1000.0,951100.0
470,2021-10-19 06:18:30,57800.0,900.0,950100.0
471,2021-10-19 06:18:02,57800.0,5100.0,949200.0
472,2021-10-19 06:18:02,57800.0,2900.0,944100.0
473,2021-10-19 06:17:50,57700.0,100.0,941200.0
474,2021-10-19 06:17:44,57800.0,100.0,941100.0
475,2021-10-19 06:17:12,57800.0,3300.0,941000.0
476,2021-10-19 06:17:12,57800.0,3600.0,937700.0
477,2021-10-19 06:17:12,57800.0,3000.0,934100.0
478,2021-10-19 06:16:06,57900.0,200.0,931100.0
479,2021-10-19 06:16:06,57800.0,500.0,930900.0
480,2021-10-19 06:16:06,57800.0,100.0,930400.0
481,2021-10-19 06:16:06,57800.0,700.0,930300.0
482,2021-10-19 06:14:58,57800.0,300.0,929600.0
483,2021-10-19 06:13:47,57800.0,300.0,929300.0
484,2021-10-19 06:13:42,57800.0,5000.0,929000.0
485,2021-10-19 06:13:42,57800.0,5000.0,924000.0
486,2021-10-19 06:13:42,57800.0,100.0,919000.0
487,2021-10-19 06:13:42,57800.0,1000.0,918900.0
488,2021-10-19 06:13:42,57800.0,100.0,917900.0
489,2021-10-19 06:13:42,57800.0,200.0,917800.0
490,2021-10-19 06:13:31,57700.0,5000.0,917600.0
491,2021-10-19 06:13:31,57700.0,100.0,912600.0
492,2021-10-19 06:13:31,57700.0,900.0,912500.0
493,2021-10-19 06:13:31,57700.0,1100.0,911600.0
494,2021-10-19 06:13:31,57700.0,2300.0,910500.0
495,2021-10-19 06:13:31,57700.0,400.0,908200.0
496,2021-10-19 06:13:23,57600.0,3000.0,907800.0
497,2021-10-19 06:13:23,57600.0,5000.0,904800.0
498,2021-10-19 06:13:23,57600.0,100.0,899800.0
499,2021-10-19 06:13:23,57600.0,1000.0,899700.0
500,2021-10-19 06:12:30,57600.0,300.0,898700.0
501,2021-10-19 06:12:30,57500.0,3900.0,898400.0
502,2021-10-19 06:10:44,57600.0,100.0,894500.0
503,2021-10-19 06:10:44,57500.0,10300.0,894400.0
504,2021-10-19 06:10:11,57000.0,200.0,884100.0
505,2021-10-19 06:10:06,57600.0,100.0,883900.0
506,2021-10-19 06:10:06,57500.0,13300.0,883800.0
507,2021-10-19 06:09:32,57500.0,2000.0,870500.0
508,2021-10-19 06:09:32,57500.0,4900.0,868500.0
509,2021-10-19 06:09:32,57500.0,100.0,863600.0
510,2021-10-19 06:09:32,57500.0,2700.0,863500.0
511,2021-10-19 06:09:32,57400.0,4000.0,860800.0
512,2021-10-19 06:09:32,57400.0,100.0,856800.0
513,2021-10-19 06:09:32,57400.0,800.0,856700.0
514,2021-10-19 06:09:32,57400.0,400.0,855900.0
515,2021-10-19 06:09:29,57300.0,100.0,855500.0
516,2021-10-19 06:09:25,57300.0,12100.0,855400.0
517,2021-10-19 06:09:03,57300.0,200.0,843300.0
518,2021-10-19 06:09:00,57300.0,11000.0,843100.0
519,2021-10-19 06:08:34,57300.0,15500.0,832100.0
520,2021-10-19 06:08:32,57300.0,100.0,816600.0
521,2021-10-19 06:08:12,57300.0,12800.0,816500.0
522,2021-10-19 06:07:42,57300.0,11500.0,803700.0
523,2021-10-19 06:07:42,57300.0,500.0,792200.0
524,2021-10-19 06:07:24,57300.0,300.0,791700.0
525,2021-10-19 06:07:20,57300.0,9700.0,791400.0
526,2021-10-19 06:07:20,57300.0,300.0,781700.0
527,2021-10-19 06:07:02,57300.0,500.0,781400.0
528,2021-10-19 06:06:59,57300.0,13400.0,780900.0
529,2021-10-19 06:06:59,57300.0,900.0,767500.0
530,2021-10-19 06:06:46,57000.0,300.0,766600.0
531,2021-10-19 06:06:34,57300.0,1500.0,766300.0
532,2021-10-19 06:06:30,57300.0,17900.0,764800.0
533,2021-10-19 06:06:30,57300.0,1000.0,746900.0
534,2021-10-19 06:06:08,57300.0,1400.0,745900.0
535,2021-10-19 06:06:05,57300.0,18000.0,744500.0
536,2021-10-19 06:06:05,57300.0,900.0,726500.0
537,2021-10-19 06:05:45,57300.0,1000.0,725600.0
538,2021-10-19 06:05:38,57300.0,15900.0,724600.0
539,2021-10-19 06:05:38,57300.0,600.0,708700.0
540,2021-10-19 06:05:15,57300.0,100.0,708100.0
541,2021-10-19 06:05:08,57300.0,16000.0,708000.0
542,2021-10-19 06:03:39,57000.0,300.0,692000.0
543,2021-10-19 06:00:53,57000.0,200.0,691700.0
544,2021-10-19 06:00:09,57200.0,400.0,691500.0
545,2021-10-19 04:23:09,57400.0,600.0,691100.0
546,2021-10-19 04:23:09,57400.0,400.0,690500.0
547,2021-10-19 04:22:42,57400.0,500.0,690100.0
548,2021-10-19 04:20:55,57400.0,1000.0,689600.0
549,2021-10-19 04:15:31,57400.0,100.0,688600.0
550,2021-10-19 04:15:25,57000.0,100.0,688500.0
551,2021-10-19 04:15:20,57400.0,100.0,688400.0
552,2021-10-19 04:09:33,57000.0,100.0,688300.0
553,2021-10-19 04:04:03,57400.0,100.0,688200.0
554,2021-10-19 04:03:43,57000.0,100.0,688100.0
555,2021-10-19 04:01:36,57400.0,100.0,688000.0
556,2021-10-19 03:57:54,57000.0,200.0,687900.0
557,2021-10-19 03:55:28,57400.0,1200.0,687700.0
558,2021-10-19 03:55:28,57400.0,1100.0,686500.0
559,2021-10-19 03:52:34,57400.0,100.0,685400.0
560,2021-10-19 03:52:16,57000.0,100.0,685300.0
561,2021-10-19 03:51:59,57400.0,3000.0,685200.0
562,2021-10-19 03:51:59,57400.0,100.0,682200.0
563,2021-10-19 03:51:59,57200.0,400.0,682100.0
564,2021-10-19 03:51:04,57000.0,2300.0,681700.0
565,2021-10-19 03:50:54,57100.0,900.0,679400.0
566,2021-10-19 03:46:40,57000.0,100.0,678500.0
567,2021-10-19 03:44:10,57000.0,400.0,678400.0
568,2021-10-19 03:41:04,56900.0,100.0,678000.0
569,2021-10-19 03:36:44,57200.0,100.0,677900.0
570,2021-10-19 03:35:30,56900.0,100.0,677800.0
571,2021-10-19 03:33:37,57200.0,3000.0,677700.0
572,2021-10-19 03:29:56,56900.0,100.0,674700.0
573,2021-10-19 03:26:34,57400.0,100.0,674600.0
574,2021-10-19 03:26:32,57400.0,10100.0,674500.0
575,2021-10-19 03:26:08,57500.0,200.0,664400.0
576,2021-10-19 03:26:08,57000.0,100.0,664200.0
577,2021-10-19 03:24:23,56800.0,100.0,664100.0
578,2021-10-19 03:23:39,57000.0,800.0,664000.0
579,2021-10-19 03:23:38,57000.0,1000.0,663200.0
580,2021-10-19 03:23:38,57000.0,3200.0,662200.0
581,2021-10-19 03:20:00,57000.0,300.0,659000.0
582,2021-10-19 03:18:51,56800.0,100.0,658700.0
583,2021-10-19 03:16:00,56900.0,1000.0,658600.0
584,2021-10-19 03:13:44,57000.0,100.0,657600.0
585,2021-10-19 03:13:44,56900.0,20900.0,657500.0
586,2021-10-19 03:13:20,56800.0,100.0,636600.0
587,2021-10-19 03:13:05,57100.0,100.0,636500.0
588,2021-10-19 03:13:05,57000.0,20500.0,636400.0
589,2021-10-19 03:12:32,57100.0,100.0,615900.0
590,2021-10-19 03:12:32,57000.0,23400.0,615800.0
591,2021-10-19 03:11:54,57200.0,100.0,592400.0
592,2021-10-19 03:11:54,57100.0,20500.0,592300.0
593,2021-10-19 03:11:28,57200.0,100.0,571800.0
594,2021-10-19 03:11:27,57200.0,22300.0,571700.0
595,2021-10-19 03:10:57,57300.0,100.0,549400.0
596,2021-10-19 03:10:57,57200.0,21300.0,549300.0
597,2021-10-19 03:09:50,57000.0,200.0,528000.0
598,2021-10-19 03:09:23,57000.0,200.0,527800.0
599,2021-10-19 03:09:23,57000.0,400.0,527600.0
600,2021-10-19 03:07:54,57000.0,100.0,527200.0
601,2021-10-19 03:07:49,57000.0,100.0,527100.0
602,2021-10-19 03:07:36,57300.0,100.0,527000.0
603,2021-10-19 03:07:36,57200.0,18700.0,526900.0
604,2021-10-19 03:07:03,57200.0,16600.0,508200.0
605,2021-10-19 03:07:01,57200.0,100.0,491600.0
606,2021-10-19 03:06:43,57200.0,22800.0,491500.0
607,2021-10-19 03:06:11,57300.0,100.0,468700.0
608,2021-10-19 03:06:11,57200.0,26400.0,468600.0
609,2021-10-19 03:05:46,57300.0,100.0,442200.0
610,2021-10-19 03:05:46,57200.0,23400.0,442100.0
611,2021-10-19 03:05:12,57300.0,100.0,418700.0
612,2021-10-19 03:05:12,57200.0,21500.0,418600.0
613,2021-10-19 03:02:48,57300.0,100.0,397100.0
614,2021-10-19 03:02:48,57200.0,26500.0,397000.0
615,2021-10-19 03:02:27,56800.0,100.0,370500.0
616,2021-10-19 03:02:27,56800.0,100.0,370400.0
617,2021-10-19 03:02:27,56800.0,100.0,370300.0
618,2021-10-19 03:00:51,57300.0,100.0,370200.0
619,2021-10-19 02:59:12,57300.0,300.0,370100.0
620,2021-10-19 02:59:11,57300.0,2700.0,369800.0
621,2021-10-19 02:57:20,56700.0,100.0,367100.0
622,2021-10-19 02:57:01,56800.0,300.0,367000.0
623,2021-10-19 02:56:59,56800.0,200.0,366700.0
624,2021-10-19 02:56:59,56800.0,200.0,366500.0
625,2021-10-19 02:56:59,56800.0,100.0,366300.0
626,2021-10-19 02:56:59,56800.0,500.0,366200.0
627,2021-10-19 02:56:59,56800.0,500.0,365700.0
628,2021-10-19 02:56:59,56800.0,100.0,365200.0
629,2021-10-19 02:56:59,56800.0,200.0,365100.0
630,2021-10-19 02:56:59,56800.0,1000.0,364900.0
631,2021-10-19 02:56:59,56800.0,1000.0,363900.0
632,2021-10-19 02:56:59,56800.0,200.0,362900.0
633,2021-10-19 02:56:59,56800.0,100.0,362700.0
634,2021-10-19 02:56:59,56800.0,900.0,362600.0
635,2021-10-19 02:56:53,56900.0,200.0,361700.0
636,2021-10-19 02:56:53,56900.0,300.0,361500.0
637,2021-10-19 02:56:01,56900.0,1000.0,361200.0
638,2021-10-19 02:55:56,56900.0,18700.0,360200.0
639,2021-10-19 02:55:56,56900.0,300.0,341500.0
640,2021-10-19 02:54:50,56900.0,100.0,341200.0
641,2021-10-19 02:54:48,56900.0,100.0,341100.0
642,2021-10-19 02:54:48,56900.0,1000.0,341000.0
643,2021-10-19 02:54:48,56900.0,500.0,340000.0
644,2021-10-19 02:54:48,56900.0,400.0,339500.0
645,2021-10-19 02:52:13,56900.0,200.0,339100.0
646,2021-10-19 02:51:38,57000.0,100.0,338900.0
647,2021-10-19 02:47:28,57000.0,100.0,338800.0
648,2021-10-19 02:47:28,57000.0,700.0,338700.0
649,2021-10-19 02:47:28,57000.0,400.0,338000.0
650,2021-10-19 02:47:13,57000.0,200.0,337600.0
651,2021-10-19 02:46:39,57500.0,100.0,337400.0
652,2021-10-19 02:44:40,57000.0,100.0,337300.0
653,2021-10-19 02:44:39,57000.0,700.0,337200.0
654,2021-10-19 02:44:37,57000.0,400.0,336500.0
655,2021-10-19 02:44:37,57000.0,2700.0,336100.0
656,2021-10-19 02:44:37,57000.0,500.0,333400.0
657,2021-10-19 02:43:43,57000.0,200.0,332900.0
658,2021-10-19 02:43:43,56900.0,2000.0,332700.0
659,2021-10-19 02:42:31,56900.0,400.0,330700.0
660,2021-10-19 02:42:30,56900.0,1400.0,330300.0
661,2021-10-19 02:42:30,56900.0,600.0,328900.0
662,2021-10-19 02:42:20,56800.0,100.0,328300.0
663,2021-10-19 02:42:20,56800.0,100.0,328200.0
664,2021-10-19 02:41:48,56900.0,6100.0,328100.0
665,2021-10-19 02:41:48,56900.0,900.0,322000.0
666,2021-10-19 02:41:20,56900.0,4600.0,321100.0
667,2021-10-19 02:41:18,56900.0,100.0,316500.0
668,2021-10-19 02:41:18,56900.0,300.0,316400.0
669,2021-10-19 02:38:57,56900.0,200.0,316100.0
670,2021-10-19 02:38:36,56800.0,1000.0,315900.0
671,2021-10-19 02:38:27,56800.0,100.0,314900.0
672,2021-10-19 02:38:27,56800.0,1000.0,314800.0
673,2021-10-19 02:38:27,56800.0,1000.0,313800.0
674,2021-10-19 02:38:27,56800.0,100.0,312800.0
675,2021-10-19 02:38:27,56800.0,2000.0,312700.0
676,2021-10-19 02:38:27,56800.0,1000.0,310700.0
677,2021-10-19 02:37:33,56800.0,200.0,309700.0
678,2021-10-19 02:36:27,56900.0,600.0,309500.0
679,2021-10-19 02:35:54,56900.0,2000.0,308900.0
680,2021-10-19 02:35:40,56900.0,200.0,306900.0
681,2021-10-19 02:35:14,57000.0,100.0,306700.0
682,2021-10-19 02:35:14,57000.0,200.0,306600.0
683,2021-10-19 02:35:14,56900.0,26400.0,306400.0
684,2021-10-19 02:35:11,56900.0,200.0,280000.0
685,2021-10-19 02:34:59,56900.0,100.0,279800.0
686,2021-10-19 02:34:54,56900.0,200.0,279700.0
687,2021-10-19 02:34:53,56900.0,500.0,279500.0
688,2021-10-19 02:34:53,56900.0,100.0,279000.0
689,2021-10-19 02:34:53,56900.0,100.0,278900.0
690,2021-10-19 02:34:53,56900.0,300.0,278800.0
691,2021-10-19 02:34:52,57000.0,300.0,278500.0
692,2021-10-19 02:34:51,56900.0,1700.0,278200.0
693,2021-10-19 02:34:51,56900.0,100.0,276500.0
694,2021-10-19 02:34:51,56900.0,2000.0,276400.0
695,2021-10-19 02:34:51,56900.0,300.0,274400.0
696,2021-10-19 02:34:51,56900.0,900.0,274100.0
697,2021-10-19 02:34:46,57000.0,1000.0,273200.0
698,2021-10-19 02:33:49,57000.0,1000.0,272200.0
699,2021-10-19 02:32:51,56900.0,100.0,271200.0
700,2021-10-19 02:32:51,56900.0,100.0,271100.0
701,2021-10-19 02:32:45,57000.0,1000.0,271000.0
702,2021-10-19 02:31:12,57000.0,1200.0,270000.0
703,2021-10-19 02:31:06,57000.0,14400.0,268800.0
704,2021-10-19 02:31:06,57000.0,1600.0,254400.0
705,2021-10-19 02:30:44,57000.0,400.0,252800.0
706,2021-10-19 02:30:43,57000.0,200.0,252400.0
707,2021-10-19 02:30:43,57000.0,9400.0,252200.0
708,2021-10-19 02:30:41,57000.0,100.0,242800.0
709,2021-10-19 02:30:41,57000.0,500.0,242700.0
710,2021-10-19 02:30:41,57000.0,500.0,242200.0
711,2021-10-19 02:29:22,57100.0,500.0,241700.0
712,2021-10-19 02:29:22,57000.0,100.0,241200.0
713,2021-10-19 02:29:22,57000.0,20400.0,241100.0
714,2021-10-19 02:29:20,57000.0,500.0,220700.0
715,2021-10-19 02:29:07,57100.0,100.0,220200.0
716,2021-10-19 02:29:07,57000.0,300.0,220100.0
717,2021-10-19 02:29:07,57000.0,200.0,219800.0
718,2021-10-19 02:28:28,57000.0,1000.0,219600.0
719,2021-10-19 02:28:28,57000.0,800.0,218600.0
720,2021-10-19 02:28:15,57000.0,200.0,217800.0
721,2021-10-19 02:27:51,57200.0,100.0,217600.0
722,2021-10-19 02:27:51,57100.0,15600.0,217500.0
723,2021-10-19 02:27:28,57200.0,1000.0,201900.0
724,2021-10-19 02:27:21,57200.0,20500.0,200900.0
725,2021-10-19 02:27:21,57100.0,200.0,180400.0
726,2021-10-19 02:27:21,57100.0,500.0,180200.0
727,2021-10-19 02:27:21,57100.0,1100.0,179700.0
728,2021-10-19 02:27:21,57000.0,700.0,178600.0
729,2021-10-19 02:26:14,57000.0,100.0,177900.0
730,2021-10-19 02:25:17,57000.0,100.0,177800.0
731,2021-10-19 02:24:32,57000.0,300.0,177700.0
732,2021-10-19 02:24:30,57000.0,300.0,177400.0
733,2021-10-19 02:24:30,57000.0,100.0,177100.0
734,2021-10-19 02:24:30,57000.0,5000.0,177000.0
735,2021-10-19 02:24:30,57000.0,100.0,172000.0
736,2021-10-19 02:24:30,57000.0,500.0,171900.0
737,2021-10-19 02:24:15,57000.0,200.0,171400.0
738,2021-10-19 02:24:14,57000.0,300.0,171200.0
739,2021-10-19 02:24:14,57000.0,100.0,170900.0
740,2021-10-19 02:24:14,57000.0,200.0,170800.0
741,2021-10-19 02:24:14,57000.0,100.0,170600.0
742,2021-10-19 02:24:14,57000.0,300.0,170500.0
743,2021-10-19 02:23:44,57000.0,200.0,170200.0
744,2021-10-19 02:23:15,57100.0,100.0,170000.0
745,2021-10-19 02:22:52,57100.0,1000.0,169900.0
746,2021-10-19 02:21:30,57100.0,200.0,168900.0
747,2021-10-19 02:21:30,57100.0,2600.0,168700.0
748,2021-10-19 02:20:07,57300.0,200.0,166100.0
749,2021-10-19 02:20:00,57300.0,26000.0,165900.0
750,2021-10-19 02:20:00,57100.0,100.0,139900.0
751,2021-10-19 02:20:00,57100.0,200.0,139800.0
752,2021-10-19 02:19:18,57100.0,100.0,139600.0
753,2021-10-19 02:19:18,57100.0,100.0,139500.0
754,2021-10-19 02:19:18,57100.0,300.0,139400.0
755,2021-10-19 02:19:03,57500.0,100.0,139100.0
756,2021-10-19 02:19:03,57400.0,23500.0,139000.0
757,2021-10-19 02:17:20,57600.0,100.0,115500.0
758,2021-10-19 02:17:20,57500.0,28400.0,115400.0
759,2021-10-19 02:16:37,57600.0,100.0,87000.0
760,2021-10-19 02:16:30,57600.0,16700.0,86900.0
761,2021-10-19 02:16:30,57100.0,800.0,70200.0
762,2021-10-19 02:16:16,57100.0,200.0,69400.0
763,2021-10-19 02:15:58,57700.0,100.0,69200.0
764,2021-10-19 02:15:58,57600.0,20500.0,69100.0
765,2021-10-19 02:15:34,57700.0,100.0,48600.0
766,2021-10-19 02:15:34,57600.0,21400.0,48500.0
767,2021-10-19 02:15:09,57700.0,100.0,27100.0
768,2021-10-19 02:15:09,57600.0,23500.0,27000.0
769,2021-10-19 02:15:00,57700.0,300.0,3500.0
770,2021-10-19 02:15:00,57700.0,200.0,3200.0
771,2021-10-19 02:15:00,57700.0,1400.0,3000.0
772,2021-10-19 02:15:00,57700.0,200.0,1600.0
773,2021-10-19 02:15:00,57700.0,200.0,1400.0
774,2021-10-19 02:15:00,57700.0,200.0,1200.0
775,2021-10-19 02:15:00,57700.0,1000.0,1000.0
