,Time,Price,Volume_per_trade,Volume
0,2021-10-17 07:45:01,58000.0,4900.0,1056400.0
1,2021-10-17 07:45:01,58000.0,100.0,1051500.0
2,2021-10-17 07:45:01,58000.0,1500.0,1051400.0
3,2021-10-17 07:45:01,58000.0,100.0,1049900.0
4,2021-10-17 07:45:01,58000.0,500.0,1049800.0
5,2021-10-17 07:45:01,58000.0,100.0,1049300.0
6,2021-10-17 07:45:01,58000.0,6000.0,1049200.0
7,2021-10-17 07:45:01,58000.0,1000.0,1043200.0
8,2021-10-17 07:45:01,58000.0,500.0,1042200.0
9,2021-10-17 07:45:01,58000.0,300.0,1041700.0
10,2021-10-17 07:45:01,58000.0,8000.0,1041400.0
11,2021-10-17 07:45:01,58000.0,2000.0,1033400.0
12,2021-10-17 07:45:01,58000.0,1700.0,1031400.0
13,2021-10-17 07:45:01,58000.0,300.0,1029700.0
14,2021-10-17 07:45:01,58000.0,1500.0,1029400.0
15,2021-10-17 07:45:01,58000.0,500.0,1027900.0
16,2021-10-17 07:45:01,58000.0,400.0,1027400.0
17,2021-10-17 07:45:01,58000.0,100.0,1027000.0
18,2021-10-17 07:45:01,58000.0,200.0,1026900.0
19,2021-10-17 07:45:01,58000.0,1000.0,1026700.0
20,2021-10-17 07:45:01,58000.0,300.0,1025700.0
21,2021-10-17 07:45:01,58000.0,7000.0,1025400.0
22,2021-10-17 07:45:01,58000.0,3000.0,1018400.0
23,2021-10-17 07:45:01,58000.0,5000.0,1015400.0
24,2021-10-17 07:45:01,58000.0,500.0,1010400.0
25,2021-10-17 07:45:01,58000.0,500.0,1009900.0
26,2021-10-17 07:45:01,58000.0,100.0,1009400.0
27,2021-10-17 07:45:01,58000.0,200.0,1009300.0
28,2021-10-17 07:45:01,58000.0,700.0,1009100.0
29,2021-10-17 07:28:56,57500.0,100.0,1008400.0
30,2021-10-17 07:28:39,57600.0,300.0,1008300.0
31,2021-10-17 07:27:10,57600.0,300.0,1008000.0
32,2021-10-17 07:23:13,57400.0,400.0,1007700.0
33,2021-10-17 07:22:54,57500.0,100.0,1007300.0
34,2021-10-17 07:19:37,57500.0,100.0,1007200.0
35,2021-10-17 07:19:35,57500.0,100.0,1007100.0
36,2021-10-17 07:19:35,57500.0,100.0,1007000.0
37,2021-10-17 07:18:23,57500.0,100.0,1006900.0
38,2021-10-17 07:18:16,57500.0,100.0,1006800.0
39,2021-10-17 07:18:16,57500.0,200.0,1006700.0
40,2021-10-17 07:18:16,57500.0,400.0,1006500.0
41,2021-10-17 07:18:16,57500.0,300.0,1006100.0
42,2021-10-17 07:17:47,57500.0,1600.0,1005800.0
43,2021-10-17 07:17:22,57500.0,1000.0,1004200.0
44,2021-10-17 07:16:03,57500.0,100.0,1003200.0
45,2021-10-17 07:14:09,57500.0,300.0,1003100.0
46,2021-10-17 07:13:08,57400.0,100.0,1002800.0
47,2021-10-17 07:13:05,57500.0,100.0,1002700.0
48,2021-10-17 07:11:28,57500.0,2000.0,1002600.0
49,2021-10-17 07:11:21,57500.0,100.0,1000600.0
50,2021-10-17 07:11:21,57500.0,300.0,1000500.0
51,2021-10-17 07:11:14,57500.0,25100.0,1000200.0
52,2021-10-17 07:11:14,57500.0,700.0,975100.0
53,2021-10-17 07:11:14,57500.0,400.0,974400.0
54,2021-10-17 07:10:34,57500.0,2000.0,974000.0
55,2021-10-17 07:10:33,57500.0,100.0,972000.0
56,2021-10-17 07:10:33,57500.0,1400.0,971900.0
57,2021-10-17 07:10:29,57500.0,1300.0,970500.0
58,2021-10-17 07:10:28,57500.0,17300.0,969200.0
59,2021-10-17 07:10:27,57500.0,300.0,951900.0
60,2021-10-17 07:10:27,57500.0,100.0,951600.0
61,2021-10-17 07:10:27,57500.0,2500.0,951500.0
62,2021-10-17 07:10:27,57500.0,2000.0,949000.0
63,2021-10-17 07:10:27,57500.0,1300.0,947000.0
64,2021-10-17 07:10:27,57500.0,200.0,945700.0
65,2021-10-17 07:10:27,57500.0,100.0,945500.0
66,2021-10-17 07:06:20,57600.0,1000.0,945400.0
67,2021-10-17 06:58:44,57600.0,3500.0,944400.0
68,2021-10-17 06:58:35,57600.0,15800.0,940900.0
69,2021-10-17 06:58:35,57600.0,300.0,925100.0
70,2021-10-17 06:58:35,57600.0,3900.0,924800.0
71,2021-10-17 06:57:40,57600.0,100.0,920900.0
72,2021-10-17 06:57:31,57600.0,600.0,920800.0
73,2021-10-17 06:57:31,57600.0,1200.0,920200.0
74,2021-10-17 06:53:32,57600.0,300.0,919000.0
75,2021-10-17 06:53:22,57600.0,300.0,918700.0
76,2021-10-17 06:52:12,57600.0,100.0,918400.0
77,2021-10-17 06:50:13,57500.0,200.0,918300.0
78,2021-10-17 06:50:04,57500.0,200.0,918100.0
79,2021-10-17 06:49:09,57500.0,100.0,917900.0
80,2021-10-17 06:48:12,57500.0,200.0,917800.0
81,2021-10-17 06:48:01,57500.0,100.0,917600.0
82,2021-10-17 06:48:01,57500.0,500.0,917500.0
83,2021-10-17 06:48:01,57500.0,100.0,917000.0
84,2021-10-17 06:48:01,57500.0,800.0,916900.0
85,2021-10-17 06:48:01,57500.0,200.0,916100.0
86,2021-10-17 06:48:01,57500.0,300.0,915900.0
87,2021-10-17 06:48:01,57500.0,100.0,915600.0
88,2021-10-17 06:48:01,57500.0,100.0,915500.0
89,2021-10-17 06:48:01,57500.0,200.0,915400.0
90,2021-10-17 06:48:01,57500.0,100.0,915200.0
91,2021-10-17 06:48:01,57500.0,100.0,915100.0
92,2021-10-17 06:48:01,57500.0,200.0,915000.0
93,2021-10-17 06:47:30,57600.0,400.0,914800.0
94,2021-10-17 06:47:24,57600.0,18700.0,914400.0
95,2021-10-17 06:47:24,57600.0,200.0,895700.0
96,2021-10-17 06:47:24,57600.0,3100.0,895500.0
97,2021-10-17 06:46:54,57600.0,100.0,892400.0
98,2021-10-17 06:46:45,57600.0,1000.0,892300.0
99,2021-10-17 06:46:44,57600.0,800.0,891300.0
100,2021-10-17 06:46:44,57600.0,19200.0,890500.0
101,2021-10-17 06:46:40,57600.0,300.0,871300.0
102,2021-10-17 06:46:40,57600.0,1000.0,871000.0
103,2021-10-17 06:46:40,57600.0,1000.0,870000.0
104,2021-10-17 06:46:40,57600.0,1900.0,869000.0
105,2021-10-17 06:46:03,57700.0,1000.0,867100.0
106,2021-10-17 06:45:58,57600.0,200.0,866100.0
107,2021-10-17 06:45:51,57600.0,900.0,865900.0
108,2021-10-17 06:45:51,57600.0,300.0,865000.0
109,2021-10-17 06:45:49,57600.0,200.0,864700.0
110,2021-10-17 06:45:49,57600.0,200.0,864500.0
111,2021-10-17 06:45:49,57600.0,100.0,864300.0
112,2021-10-17 06:45:49,57600.0,5000.0,864200.0
113,2021-10-17 06:45:49,57600.0,300.0,859200.0
114,2021-10-17 06:44:23,57600.0,100.0,858900.0
115,2021-10-17 06:44:21,57600.0,600.0,858800.0
116,2021-10-17 06:44:20,57600.0,3000.0,858200.0
117,2021-10-17 06:40:17,57600.0,300.0,855200.0
118,2021-10-17 06:40:17,57600.0,100.0,854900.0
119,2021-10-17 06:40:16,57600.0,300.0,854800.0
120,2021-10-17 06:40:16,57600.0,1600.0,854500.0
121,2021-10-17 06:40:16,57600.0,100.0,852900.0
122,2021-10-17 06:39:11,57700.0,100.0,852800.0
123,2021-10-17 06:39:05,57700.0,100.0,852700.0
124,2021-10-17 06:24:27,57700.0,1500.0,852600.0
125,2021-10-17 06:24:23,57700.0,17400.0,851100.0
126,2021-10-17 06:24:23,57700.0,400.0,833700.0
127,2021-10-17 06:24:23,57700.0,2700.0,833300.0
128,2021-10-17 06:24:23,57700.0,1500.0,830600.0
129,2021-10-17 06:21:07,57700.0,200.0,829100.0
130,2021-10-17 06:20:30,57700.0,2300.0,828900.0
131,2021-10-17 06:18:09,57700.0,400.0,826600.0
132,2021-10-17 06:17:17,57700.0,200.0,826200.0
133,2021-10-17 06:17:12,57700.0,7400.0,826000.0
134,2021-10-17 06:17:12,57700.0,1400.0,818600.0
135,2021-10-17 06:17:12,57700.0,4200.0,817200.0
136,2021-10-17 06:16:59,57600.0,100.0,813000.0
137,2021-10-17 06:16:57,57600.0,200.0,812900.0
138,2021-10-17 06:16:57,57600.0,100.0,812700.0
139,2021-10-17 06:16:57,57600.0,100.0,812600.0
140,2021-10-17 06:16:57,57600.0,300.0,812500.0
141,2021-10-17 06:16:55,57600.0,1700.0,812200.0
142,2021-10-17 06:16:55,57600.0,2000.0,810500.0
143,2021-10-17 06:16:48,57700.0,2800.0,808500.0
144,2021-10-17 06:16:48,57700.0,3300.0,805700.0
145,2021-10-17 06:16:48,57700.0,1000.0,802400.0
146,2021-10-17 06:16:30,57700.0,13600.0,801400.0
147,2021-10-17 06:16:30,57700.0,800.0,787800.0
148,2021-10-17 06:16:30,57700.0,1000.0,787000.0
149,2021-10-17 06:16:30,57700.0,600.0,786000.0
150,2021-10-17 06:16:14,57700.0,2400.0,785400.0
151,2021-10-17 06:16:14,57700.0,1600.0,783000.0
152,2021-10-17 06:15:54,57700.0,1400.0,781400.0
153,2021-10-17 06:15:54,57700.0,3300.0,780000.0
154,2021-10-17 06:15:54,57700.0,200.0,776700.0
155,2021-10-17 06:15:24,57700.0,100.0,776500.0
156,2021-10-17 06:15:04,57700.0,100.0,776400.0
157,2021-10-17 06:14:58,57700.0,15200.0,776300.0
158,2021-10-17 06:14:58,57700.0,800.0,761100.0
159,2021-10-17 06:14:39,57700.0,200.0,760300.0
160,2021-10-17 06:14:38,57700.0,2000.0,760100.0
161,2021-10-17 06:14:38,57700.0,2500.0,758100.0
162,2021-10-17 06:14:38,57700.0,300.0,755600.0
163,2021-10-17 06:12:58,57800.0,900.0,755300.0
164,2021-10-17 06:12:58,57700.0,1800.0,754400.0
165,2021-10-17 06:12:58,57700.0,17300.0,752600.0
166,2021-10-17 06:12:56,57700.0,1700.0,735300.0
167,2021-10-17 06:12:56,57700.0,200.0,733600.0
168,2021-10-17 06:12:56,57700.0,100.0,733400.0
169,2021-10-17 06:12:56,57700.0,100.0,733300.0
170,2021-10-17 06:12:56,57700.0,500.0,733200.0
171,2021-10-17 06:12:56,57700.0,4000.0,732700.0
172,2021-10-17 06:12:56,57700.0,1000.0,728700.0
173,2021-10-17 06:12:56,57700.0,500.0,727700.0
174,2021-10-17 06:12:56,57700.0,500.0,727200.0
175,2021-10-17 06:11:58,57700.0,200.0,726700.0
176,2021-10-17 06:11:58,57700.0,100.0,726500.0
177,2021-10-17 06:07:01,57800.0,800.0,726400.0
178,2021-10-17 06:06:39,57800.0,100.0,725600.0
179,2021-10-17 06:04:22,57800.0,12000.0,725500.0
180,2021-10-17 06:04:22,57800.0,900.0,713500.0
181,2021-10-17 06:04:22,57800.0,2100.0,712600.0
182,2021-10-17 06:03:50,57800.0,900.0,710500.0
183,2021-10-17 06:03:50,57800.0,900.0,709600.0
184,2021-10-17 06:03:50,57800.0,600.0,708700.0
185,2021-10-17 06:03:50,57800.0,1500.0,708100.0
186,2021-10-17 06:03:50,57800.0,600.0,706600.0
187,2021-10-17 06:02:47,57800.0,2400.0,706000.0
188,2021-10-17 06:02:47,57800.0,2100.0,703600.0
189,2021-10-17 06:02:30,57800.0,100.0,701500.0
190,2021-10-17 06:01:25,57800.0,1700.0,701400.0
191,2021-10-17 06:01:25,57800.0,300.0,699700.0
192,2021-10-17 06:01:25,57800.0,200.0,699400.0
193,2021-10-17 06:01:25,57800.0,800.0,699200.0
194,2021-10-17 06:00:09,57800.0,1000.0,698400.0
195,2021-10-17 06:00:07,57800.0,200.0,697400.0
196,2021-10-17 06:00:07,57800.0,200.0,697200.0
197,2021-10-17 06:00:07,57800.0,2000.0,697000.0
198,2021-10-17 06:00:07,57800.0,3800.0,695000.0
199,2021-10-17 06:00:07,57800.0,400.0,691200.0
200,2021-10-17 06:00:07,57800.0,1400.0,690800.0
201,2021-10-17 06:00:07,57800.0,1000.0,689400.0
202,2021-10-17 06:00:01,57800.0,1000.0,688400.0
203,2021-10-17 04:23:47,57800.0,1000.0,687400.0
204,2021-10-17 04:13:18,57800.0,100.0,686400.0
205,2021-10-17 04:12:43,57800.0,2000.0,686300.0
206,2021-10-17 04:12:39,57800.0,3400.0,684300.0
207,2021-10-17 04:12:39,57800.0,100.0,680900.0
208,2021-10-17 04:12:39,57800.0,2000.0,680800.0
209,2021-10-17 04:12:39,57800.0,1500.0,678800.0
210,2021-10-17 04:09:50,57800.0,500.0,677300.0
211,2021-10-17 04:09:46,57800.0,7800.0,676800.0
212,2021-10-17 04:09:46,57800.0,1900.0,669000.0
213,2021-10-17 04:09:27,57800.0,300.0,667100.0
214,2021-10-17 04:09:25,57800.0,100.0,666800.0
215,2021-10-17 04:09:25,57800.0,10500.0,666700.0
216,2021-10-17 04:09:24,57800.0,100.0,656200.0
217,2021-10-17 04:09:23,57800.0,400.0,656100.0
218,2021-10-17 04:08:47,57800.0,100.0,655700.0
219,2021-10-17 04:08:45,57800.0,900.0,655600.0
220,2021-10-17 04:08:44,57800.0,500.0,654700.0
221,2021-10-17 04:08:44,57800.0,4100.0,654200.0
222,2021-10-17 04:08:26,57800.0,700.0,650100.0
223,2021-10-17 04:08:26,57800.0,2000.0,649400.0
224,2021-10-17 04:08:23,57800.0,22500.0,647400.0
225,2021-10-17 04:08:23,57800.0,200.0,624900.0
226,2021-10-17 04:08:23,57800.0,300.0,624700.0
227,2021-10-17 04:08:07,57800.0,700.0,624400.0
228,2021-10-17 04:08:07,57800.0,300.0,623700.0
229,2021-10-17 04:07:52,57800.0,700.0,623400.0
230,2021-10-17 04:07:52,57800.0,3000.0,622700.0
231,2021-10-17 04:07:52,57800.0,1300.0,619700.0
232,2021-10-17 04:07:39,57800.0,1700.0,618400.0
233,2021-10-17 04:07:39,57800.0,2000.0,616700.0
234,2021-10-17 04:07:39,57800.0,800.0,614700.0
235,2021-10-17 04:07:39,57800.0,500.0,613900.0
236,2021-10-17 04:05:57,57800.0,600.0,613400.0
237,2021-10-17 04:05:57,57800.0,3400.0,612800.0
238,2021-10-17 04:05:41,57800.0,1200.0,609400.0
239,2021-10-17 04:05:41,57800.0,1800.0,608200.0
240,2021-10-17 04:05:38,57800.0,19200.0,606400.0
241,2021-10-17 04:05:38,57800.0,500.0,587200.0
242,2021-10-17 04:05:38,57800.0,100.0,586700.0
243,2021-10-17 04:05:38,57800.0,600.0,586600.0
244,2021-10-17 04:05:38,57800.0,1600.0,586000.0
245,2021-10-17 04:05:27,57800.0,100.0,584400.0
246,2021-10-17 04:05:17,57800.0,2900.0,584300.0
247,2021-10-17 04:05:16,57800.0,20100.0,581400.0
248,2021-10-17 04:05:14,57800.0,200.0,561300.0
249,2021-10-17 04:05:14,57800.0,200.0,561100.0
250,2021-10-17 04:05:14,57800.0,1800.0,560900.0
251,2021-10-17 04:05:08,57900.0,1500.0,559100.0
252,2021-10-17 04:03:17,57800.0,100.0,557600.0
253,2021-10-17 04:03:15,57800.0,100.0,557500.0
254,2021-10-17 04:03:15,57800.0,100.0,557400.0
255,2021-10-17 04:03:15,57800.0,300.0,557300.0
256,2021-10-17 04:03:13,57800.0,2500.0,557000.0
257,2021-10-17 03:58:23,57800.0,400.0,554500.0
258,2021-10-17 03:58:21,57800.0,800.0,554100.0
259,2021-10-17 03:58:21,57800.0,1500.0,553300.0
260,2021-10-17 03:58:06,57800.0,100.0,551800.0
261,2021-10-17 03:56:09,57900.0,100.0,551700.0
262,2021-10-17 03:55:04,57900.0,300.0,551600.0
263,2021-10-17 03:53:19,57800.0,100.0,551300.0
264,2021-10-17 03:53:17,57800.0,500.0,551200.0
265,2021-10-17 03:53:16,57800.0,2500.0,550700.0
266,2021-10-17 03:49:35,57800.0,400.0,548200.0
267,2021-10-17 03:49:33,57800.0,100.0,547800.0
268,2021-10-17 03:49:33,57800.0,1900.0,547700.0
269,2021-10-17 03:48:45,57800.0,300.0,545800.0
270,2021-10-17 03:48:43,57800.0,1800.0,545500.0
271,2021-10-17 03:46:20,57800.0,100.0,543700.0
272,2021-10-17 03:42:19,57800.0,200.0,543600.0
273,2021-10-17 03:42:17,57800.0,1000.0,543400.0
274,2021-10-17 03:40:59,57800.0,400.0,542400.0
275,2021-10-17 03:40:57,57800.0,2000.0,542000.0
276,2021-10-17 03:39:33,57800.0,100.0,540000.0
277,2021-10-17 03:39:32,57800.0,300.0,539900.0
278,2021-10-17 03:39:31,57800.0,200.0,539600.0
279,2021-10-17 03:39:29,57800.0,100.0,539400.0
280,2021-10-17 03:39:29,57800.0,2700.0,539300.0
281,2021-10-17 03:39:17,57800.0,100.0,536600.0
282,2021-10-17 03:39:07,57800.0,100.0,536500.0
283,2021-10-17 03:39:07,57800.0,400.0,536400.0
284,2021-10-17 03:39:01,57800.0,13000.0,536000.0
285,2021-10-17 03:39:01,57800.0,1000.0,523000.0
286,2021-10-17 03:38:34,57800.0,400.0,522000.0
287,2021-10-17 03:38:34,57800.0,2100.0,521600.0
288,2021-10-17 03:38:34,57800.0,2400.0,519500.0
289,2021-10-17 03:38:17,57800.0,2000.0,517100.0
290,2021-10-17 03:38:11,57800.0,9000.0,515100.0
291,2021-10-17 03:38:11,57800.0,500.0,506100.0
292,2021-10-17 03:38:11,57800.0,500.0,505600.0
293,2021-10-17 03:37:05,57800.0,900.0,505100.0
294,2021-10-17 03:37:05,57800.0,1600.0,504200.0
295,2021-10-17 03:36:07,57800.0,100.0,502600.0
296,2021-10-17 03:36:04,57800.0,500.0,502500.0
297,2021-10-17 03:35:59,57800.0,100.0,502000.0
298,2021-10-17 03:35:58,57800.0,500.0,501900.0
299,2021-10-17 03:35:34,57800.0,200.0,501400.0
300,2021-10-17 03:34:35,57800.0,400.0,501200.0
301,2021-10-17 03:34:32,57800.0,1100.0,500800.0
302,2021-10-17 03:34:32,57800.0,700.0,499700.0
303,2021-10-17 03:34:32,57800.0,100.0,499000.0
304,2021-10-17 03:34:32,57800.0,100.0,498900.0
305,2021-10-17 03:32:32,57800.0,200.0,498800.0
306,2021-10-17 03:32:01,57800.0,100.0,498600.0
307,2021-10-17 03:31:59,57800.0,600.0,498500.0
308,2021-10-17 03:31:56,57800.0,900.0,497900.0
309,2021-10-17 03:31:56,57800.0,500.0,497000.0
310,2021-10-17 03:31:56,57800.0,500.0,496500.0
311,2021-10-17 03:31:56,57800.0,1100.0,496000.0
312,2021-10-17 03:30:15,57900.0,200.0,494900.0
313,2021-10-17 03:29:51,57800.0,100.0,494700.0
314,2021-10-17 03:29:49,57800.0,500.0,494600.0
315,2021-10-17 03:29:48,57800.0,300.0,494100.0
316,2021-10-17 03:29:48,57800.0,2100.0,493800.0
317,2021-10-17 03:29:25,57800.0,400.0,491700.0
318,2021-10-17 03:29:22,57800.0,2000.0,491300.0
319,2021-10-17 03:26:15,57800.0,100.0,489300.0
320,2021-10-17 03:26:14,57800.0,500.0,489200.0
321,2021-10-17 03:08:33,57800.0,400.0,488700.0
322,2021-10-17 03:07:25,57800.0,4500.0,488300.0
323,2021-10-17 03:07:24,57800.0,4900.0,483800.0
324,2021-10-17 03:06:39,57800.0,8100.0,478900.0
325,2021-10-17 03:06:37,57800.0,3900.0,470800.0
326,2021-10-17 03:05:46,57800.0,5700.0,466900.0
327,2021-10-17 03:05:45,57800.0,5300.0,461200.0
328,2021-10-17 03:05:33,57900.0,2400.0,455900.0
329,2021-10-17 03:05:18,57800.0,4700.0,453500.0
330,2021-10-17 03:05:16,57800.0,100.0,448800.0
331,2021-10-17 03:05:16,57800.0,300.0,448700.0
332,2021-10-17 03:05:16,57800.0,6400.0,448400.0
333,2021-10-17 03:04:50,57800.0,1600.0,442000.0
334,2021-10-17 03:04:48,57800.0,1000.0,440400.0
335,2021-10-17 03:04:48,57800.0,4900.0,439400.0
336,2021-10-17 03:02:35,57900.0,600.0,434500.0
337,2021-10-17 03:02:34,57900.0,500.0,433900.0
338,2021-10-17 03:02:12,57900.0,900.0,433400.0
339,2021-10-17 03:02:09,57900.0,300.0,432500.0
340,2021-10-17 03:01:10,57900.0,300.0,432200.0
341,2021-10-17 02:56:38,57900.0,100.0,431900.0
342,2021-10-17 02:56:16,57800.0,900.0,431800.0
343,2021-10-17 02:56:14,57800.0,2400.0,430900.0
344,2021-10-17 02:56:14,57800.0,100.0,428500.0
345,2021-10-17 02:56:14,57800.0,2000.0,428400.0
346,2021-10-17 02:56:14,57800.0,600.0,426400.0
347,2021-10-17 02:55:54,57800.0,3000.0,425800.0
348,2021-10-17 02:55:31,57800.0,5400.0,422800.0
349,2021-10-17 02:55:30,57800.0,500.0,417400.0
350,2021-10-17 02:55:30,57800.0,4200.0,416900.0
351,2021-10-17 02:55:11,57800.0,2800.0,412700.0
352,2021-10-17 02:55:10,57800.0,4800.0,409900.0
353,2021-10-17 02:54:54,57800.0,3200.0,405100.0
354,2021-10-17 02:54:52,57800.0,4500.0,401900.0
355,2021-10-17 02:54:35,57800.0,3500.0,397400.0
356,2021-10-17 02:54:33,57800.0,5000.0,393900.0
357,2021-10-17 02:54:33,57800.0,300.0,388900.0
358,2021-10-17 02:54:29,57800.0,500.0,388600.0
359,2021-10-17 02:54:13,57800.0,4400.0,388100.0
360,2021-10-17 02:53:57,57800.0,1800.0,383700.0
361,2021-10-17 02:53:55,57800.0,5400.0,381900.0
362,2021-10-17 02:53:38,57800.0,2100.0,376500.0
363,2021-10-17 02:53:38,57800.0,3200.0,374400.0
364,2021-10-17 02:53:35,57800.0,3300.0,371200.0
365,2021-10-17 02:53:19,57800.0,1700.0,367900.0
366,2021-10-17 02:53:17,57800.0,100.0,366200.0
367,2021-10-17 02:53:17,57800.0,2400.0,366100.0
368,2021-10-17 02:53:17,57800.0,600.0,363700.0
369,2021-10-17 02:51:53,57800.0,6400.0,363100.0
370,2021-10-17 02:51:32,57800.0,1200.0,356700.0
371,2021-10-17 02:50:06,57800.0,700.0,355500.0
372,2021-10-17 02:50:04,57800.0,200.0,354800.0
373,2021-10-17 02:48:30,57800.0,900.0,354600.0
374,2021-10-17 02:48:30,57800.0,3600.0,353700.0
375,2021-10-17 02:48:30,57800.0,500.0,350100.0
376,2021-10-17 02:48:00,57800.0,200.0,349600.0
377,2021-10-17 02:48:00,57800.0,200.0,349400.0
378,2021-10-17 02:47:55,57800.0,2100.0,349200.0
379,2021-10-17 02:47:44,57800.0,2000.0,347100.0
380,2021-10-17 02:46:21,57800.0,5900.0,345100.0
381,2021-10-17 02:46:19,57800.0,100.0,339200.0
382,2021-10-17 02:46:19,57800.0,4400.0,339100.0
383,2021-10-17 02:46:02,57800.0,3600.0,334700.0
384,2021-10-17 02:45:59,57800.0,4800.0,331100.0
385,2021-10-17 02:45:38,57800.0,2800.0,326300.0
386,2021-10-17 02:45:36,57800.0,2200.0,323500.0
387,2021-10-17 02:45:36,57800.0,3600.0,321300.0
388,2021-10-17 02:45:16,57800.0,2900.0,317700.0
389,2021-10-17 02:45:14,57800.0,1700.0,314800.0
390,2021-10-17 02:45:14,57800.0,2400.0,313100.0
391,2021-10-17 02:44:44,57800.0,4000.0,310700.0
392,2021-10-17 02:44:42,57800.0,200.0,306700.0
393,2021-10-17 02:44:42,57800.0,2300.0,306500.0
394,2021-10-17 02:44:16,57800.0,4700.0,304200.0
395,2021-10-17 02:44:14,57800.0,2200.0,299500.0
396,2021-10-17 02:43:56,57800.0,7800.0,297300.0
397,2021-10-17 02:43:54,57800.0,1500.0,289500.0
398,2021-10-17 02:43:29,57800.0,3500.0,288000.0
399,2021-10-17 02:43:28,57800.0,1000.0,284500.0
400,2021-10-17 02:43:03,57800.0,5400.0,283500.0
401,2021-10-17 02:42:47,57800.0,2500.0,278100.0
402,2021-10-17 02:42:26,57800.0,2500.0,275600.0
403,2021-10-17 02:42:25,57800.0,100.0,273100.0
404,2021-10-17 02:42:25,57800.0,2100.0,273000.0
405,2021-10-17 02:42:05,57800.0,2800.0,270900.0
406,2021-10-17 02:42:03,57800.0,2000.0,268100.0
407,2021-10-17 02:40:57,57800.0,3000.0,266100.0
408,2021-10-17 02:40:55,57800.0,300.0,263100.0
409,2021-10-17 02:40:55,57800.0,900.0,262800.0
410,2021-10-17 02:40:40,57800.0,6100.0,261900.0
411,2021-10-17 02:40:38,57800.0,1000.0,255800.0
412,2021-10-17 02:40:18,57800.0,3000.0,254800.0
413,2021-10-17 02:40:17,57800.0,1300.0,251800.0
414,2021-10-17 02:39:21,57800.0,4700.0,250500.0
415,2021-10-17 02:39:20,57800.0,1700.0,245800.0
416,2021-10-17 02:39:05,57800.0,6300.0,244100.0
417,2021-10-17 02:39:04,57800.0,800.0,237800.0
418,2021-10-17 02:38:45,57800.0,4800.0,237000.0
419,2021-10-17 02:38:43,57800.0,2400.0,232200.0
420,2021-10-17 02:38:06,57800.0,600.0,229800.0
421,2021-10-17 02:38:05,57800.0,2600.0,229200.0
422,2021-10-17 02:37:45,57800.0,5500.0,226600.0
423,2021-10-17 02:37:43,57800.0,500.0,221100.0
424,2021-10-17 02:37:43,57800.0,2500.0,220600.0
425,2021-10-17 02:37:25,57800.0,2000.0,218100.0
426,2021-10-17 02:37:24,57800.0,300.0,216100.0
427,2021-10-17 02:37:24,57800.0,3100.0,215800.0
428,2021-10-17 02:36:00,57800.0,900.0,212700.0
429,2021-10-17 02:35:59,57800.0,200.0,211800.0
430,2021-10-17 02:35:59,57800.0,3400.0,211600.0
431,2021-10-17 02:35:33,57800.0,2600.0,208200.0
432,2021-10-17 02:35:31,57800.0,900.0,205600.0
433,2021-10-17 02:35:31,57800.0,100.0,204700.0
434,2021-10-17 02:35:31,57800.0,2500.0,204600.0
435,2021-10-17 02:35:12,57800.0,1000.0,202100.0
436,2021-10-17 02:35:11,57800.0,700.0,201100.0
437,2021-10-17 02:35:11,57800.0,1500.0,200400.0
438,2021-10-17 02:34:57,57800.0,4000.0,198900.0
439,2021-10-17 02:34:55,57800.0,1300.0,194900.0
440,2021-10-17 02:34:34,57800.0,5700.0,193600.0
441,2021-10-17 02:34:33,57800.0,1600.0,187900.0
442,2021-10-17 02:33:56,57800.0,4400.0,186300.0
443,2021-10-17 02:33:54,57800.0,1100.0,181900.0
444,2021-10-17 02:33:34,57800.0,8900.0,180800.0
445,2021-10-17 02:33:32,57800.0,2600.0,171900.0
446,2021-10-17 02:33:02,57800.0,2400.0,169300.0
447,2021-10-17 02:32:51,57800.0,6100.0,166900.0
448,2021-10-17 02:32:50,57800.0,1000.0,160800.0
449,2021-10-17 02:32:50,57800.0,900.0,159800.0
450,2021-10-17 02:32:20,57800.0,100.0,158900.0
451,2021-10-17 02:32:13,57800.0,7200.0,158800.0
452,2021-10-17 02:32:11,57800.0,600.0,151600.0
453,2021-10-17 02:31:42,57800.0,5400.0,151000.0
454,2021-10-17 02:31:39,57800.0,1300.0,145600.0
455,2021-10-17 02:31:18,57800.0,3700.0,144300.0
456,2021-10-17 02:31:16,57800.0,200.0,140600.0
457,2021-10-17 02:31:16,57800.0,300.0,140400.0
458,2021-10-17 02:31:16,57800.0,100.0,140100.0
459,2021-10-17 02:31:16,57800.0,500.0,140000.0
460,2021-10-17 02:31:14,57900.0,100.0,139500.0
461,2021-10-17 02:30:25,57900.0,100.0,139400.0
462,2021-10-17 02:30:05,57900.0,800.0,139300.0
463,2021-10-17 02:30:03,57900.0,200.0,138500.0
464,2021-10-17 02:30:03,57900.0,1000.0,138300.0
465,2021-10-17 02:26:05,57900.0,1500.0,137300.0
466,2021-10-17 02:26:01,57900.0,6300.0,135800.0
467,2021-10-17 02:26:00,57900.0,700.0,129500.0
468,2021-10-17 02:24:59,57900.0,4300.0,128800.0
469,2021-10-17 02:24:58,57900.0,900.0,124500.0
470,2021-10-17 02:24:42,57900.0,4000.0,123600.0
471,2021-10-17 02:24:40,57900.0,800.0,119600.0
472,2021-10-17 02:24:23,57900.0,5200.0,118800.0
473,2021-10-17 02:24:22,57900.0,1000.0,113600.0
474,2021-10-17 02:24:22,57900.0,100.0,112600.0
475,2021-10-17 02:22:58,57900.0,3500.0,112500.0
476,2021-10-17 02:22:58,57900.0,400.0,109000.0
477,2021-10-17 02:22:38,57900.0,4200.0,108600.0
478,2021-10-17 02:22:02,57900.0,1000.0,104400.0
479,2021-10-17 02:21:56,57900.0,6500.0,103400.0
480,2021-10-17 02:21:56,57900.0,200.0,96900.0
481,2021-10-17 02:21:50,57900.0,100.0,96700.0
482,2021-10-17 02:21:33,57900.0,4200.0,96600.0
483,2021-10-17 02:21:33,57900.0,800.0,92400.0
484,2021-10-17 02:19:39,57900.0,2200.0,91600.0
485,2021-10-17 02:19:39,57900.0,2600.0,89400.0
486,2021-10-17 02:19:14,57900.0,400.0,86800.0
487,2021-10-17 02:19:03,57900.0,6000.0,86400.0
488,2021-10-17 02:19:01,57900.0,300.0,80400.0
489,2021-10-17 02:18:45,57900.0,5100.0,80100.0
490,2021-10-17 02:18:44,57900.0,100.0,75000.0
491,2021-10-17 02:18:44,57900.0,100.0,74900.0
492,2021-10-17 02:18:09,57900.0,6300.0,74800.0
493,2021-10-17 02:17:43,57900.0,5400.0,68500.0
494,2021-10-17 02:17:43,57900.0,100.0,63100.0
495,2021-10-17 02:17:26,57900.0,7500.0,63000.0
496,2021-10-17 02:16:59,57900.0,9400.0,55500.0
497,2021-10-17 02:16:57,57900.0,100.0,46100.0
498,2021-10-17 02:16:38,57900.0,11400.0,46000.0
499,2021-10-17 02:16:17,58000.0,100.0,34600.0
500,2021-10-17 02:16:17,57900.0,13400.0,34500.0
501,2021-10-17 02:15:38,58000.0,100.0,21100.0
502,2021-10-17 02:15:38,57900.0,600.0,21000.0
503,2021-10-17 02:15:33,57900.0,8000.0,20400.0
504,2021-10-17 02:15:32,57900.0,100.0,12400.0
505,2021-10-17 02:15:31,57900.0,1000.0,12300.0
506,2021-10-17 02:15:00,58000.0,200.0,11300.0
507,2021-10-17 02:15:00,58000.0,200.0,11100.0
508,2021-10-17 02:15:00,58000.0,100.0,10900.0
509,2021-10-17 02:15:00,58000.0,1000.0,10800.0
510,2021-10-17 02:15:00,58000.0,1000.0,9800.0
511,2021-10-17 02:15:00,58000.0,100.0,8800.0
512,2021-10-17 02:15:00,58000.0,500.0,8700.0
513,2021-10-17 02:15:00,58000.0,500.0,8200.0
514,2021-10-17 02:15:00,58000.0,500.0,7700.0
515,2021-10-17 02:15:00,58000.0,3600.0,7200.0
516,2021-10-17 02:15:00,58000.0,200.0,3600.0
517,2021-10-17 02:15:00,58000.0,200.0,3400.0
518,2021-10-17 02:15:00,58000.0,800.0,3200.0
519,2021-10-17 02:15:00,58000.0,100.0,2400.0
520,2021-10-17 02:15:00,58000.0,100.0,2300.0
521,2021-10-17 02:15:00,58000.0,100.0,2200.0
522,2021-10-17 02:15:00,58000.0,400.0,2100.0
523,2021-10-17 02:15:00,58000.0,200.0,1700.0
524,2021-10-17 02:15:00,58000.0,1000.0,1500.0
525,2021-10-17 02:15:00,58000.0,400.0,500.0
526,2021-10-17 02:15:00,58000.0,100.0,100.0
