,Time,Price,Volume_per_trade,Volume
0,2021-09-30 14:45:00,63300.0,1000.0,1667300.0
1,2021-09-30 14:45:00,63300.0,100.0,1666300.0
2,2021-09-30 14:45:00,63300.0,1500.0,1666200.0
3,2021-09-30 14:45:00,63300.0,700.0,1664700.0
4,2021-09-30 14:45:00,63300.0,100.0,1664000.0
5,2021-09-30 14:45:00,63300.0,200.0,1663900.0
6,2021-09-30 14:45:00,63300.0,100.0,1663700.0
7,2021-09-30 14:45:00,63300.0,900.0,1663600.0
8,2021-09-30 14:45:00,63300.0,100.0,1662700.0
9,2021-09-30 14:45:00,63300.0,500.0,1662600.0
10,2021-09-30 14:45:00,63300.0,300.0,1662100.0
11,2021-09-30 14:45:00,63300.0,300.0,1661800.0
12,2021-09-30 14:45:00,63300.0,300.0,1661500.0
13,2021-09-30 14:45:00,63300.0,400.0,1661200.0
14,2021-09-30 14:45:00,63300.0,100.0,1660800.0
15,2021-09-30 14:45:00,63300.0,500.0,1660700.0
16,2021-09-30 14:45:00,63300.0,200.0,1660200.0
17,2021-09-30 14:45:00,63300.0,100.0,1660000.0
18,2021-09-30 14:45:00,63300.0,100.0,1659900.0
19,2021-09-30 14:45:00,63300.0,2000.0,1659800.0
20,2021-09-30 14:45:00,63300.0,200.0,1657800.0
21,2021-09-30 14:45:00,63300.0,200.0,1657600.0
22,2021-09-30 14:45:00,63300.0,1700.0,1657400.0
23,2021-09-30 14:45:00,63300.0,2000.0,1655700.0
24,2021-09-30 14:45:00,63300.0,500.0,1653700.0
25,2021-09-30 14:45:00,63300.0,1700.0,1653200.0
26,2021-09-30 14:45:00,63300.0,1000.0,1651500.0
27,2021-09-30 14:45:00,63300.0,1400.0,1650500.0
28,2021-09-30 14:45:00,63300.0,1400.0,1649100.0
29,2021-09-30 14:45:00,63300.0,300.0,1647700.0
30,2021-09-30 14:45:00,63300.0,300.0,1647400.0
31,2021-09-30 14:45:00,63300.0,200.0,1647100.0
32,2021-09-30 14:45:00,63300.0,9500.0,1646900.0
33,2021-09-30 14:45:00,63300.0,200.0,1637400.0
34,2021-09-30 14:45:00,63300.0,300.0,1637200.0
35,2021-09-30 14:45:00,63300.0,500.0,1636900.0
36,2021-09-30 14:45:00,63300.0,2200.0,1636400.0
37,2021-09-30 14:45:00,63300.0,3800.0,1634200.0
38,2021-09-30 14:45:00,63300.0,100.0,1630400.0
39,2021-09-30 14:45:00,63300.0,100.0,1630300.0
40,2021-09-30 14:45:00,63300.0,100.0,1630200.0
41,2021-09-30 14:45:00,63300.0,100.0,1630100.0
42,2021-09-30 14:45:00,63300.0,100.0,1630000.0
43,2021-09-30 14:29:48,63000.0,200.0,1629900.0
44,2021-09-30 14:29:48,63000.0,1100.0,1629700.0
45,2021-09-30 14:29:48,63000.0,100.0,1628600.0
46,2021-09-30 14:28:48,63000.0,900.0,1628500.0
47,2021-09-30 14:28:48,63000.0,100.0,1627600.0
48,2021-09-30 14:28:19,62800.0,12600.0,1627500.0
49,2021-09-30 14:28:19,62900.0,1000.0,1614900.0
50,2021-09-30 14:28:19,62900.0,600.0,1613900.0
51,2021-09-30 14:28:19,62900.0,500.0,1613300.0
52,2021-09-30 14:28:19,62900.0,400.0,1612800.0
53,2021-09-30 14:28:19,62900.0,300.0,1612400.0
54,2021-09-30 14:28:19,62900.0,100.0,1612100.0
55,2021-09-30 14:28:19,62900.0,500.0,1612000.0
56,2021-09-30 14:28:15,63000.0,500.0,1611500.0
57,2021-09-30 14:28:01,63000.0,500.0,1611000.0
58,2021-09-30 14:28:00,62900.0,200.0,1610500.0
59,2021-09-30 14:27:46,63000.0,1500.0,1610300.0
60,2021-09-30 14:27:46,63000.0,100.0,1608800.0
61,2021-09-30 14:27:46,63000.0,400.0,1608700.0
62,2021-09-30 14:27:46,63000.0,400.0,1608300.0
63,2021-09-30 14:27:40,63000.0,2000.0,1607900.0
64,2021-09-30 14:27:09,63000.0,400.0,1605900.0
65,2021-09-30 14:27:09,62900.0,500.0,1605500.0
66,2021-09-30 14:26:50,62900.0,400.0,1605000.0
67,2021-09-30 14:26:50,62900.0,100.0,1604600.0
68,2021-09-30 14:26:25,62900.0,100.0,1604500.0
69,2021-09-30 14:26:25,62900.0,2000.0,1604400.0
70,2021-09-30 14:26:25,62900.0,100.0,1602400.0
71,2021-09-30 14:26:25,62900.0,200.0,1602300.0
72,2021-09-30 14:26:25,62900.0,100.0,1602100.0
73,2021-09-30 14:26:25,62900.0,1000.0,1602000.0
74,2021-09-30 14:26:25,62900.0,100.0,1601000.0
75,2021-09-30 14:26:25,62900.0,100.0,1600900.0
76,2021-09-30 14:26:25,62900.0,1000.0,1600800.0
77,2021-09-30 14:26:25,62900.0,300.0,1599800.0
78,2021-09-30 14:26:10,63000.0,3100.0,1599500.0
79,2021-09-30 14:26:10,63000.0,400.0,1596400.0
80,2021-09-30 14:26:02,63000.0,200.0,1596000.0
81,2021-09-30 14:26:01,63000.0,200.0,1595800.0
82,2021-09-30 14:25:55,63300.0,500.0,1595600.0
83,2021-09-30 14:25:55,63300.0,200.0,1595100.0
84,2021-09-30 14:25:55,63300.0,100.0,1594900.0
85,2021-09-30 14:25:55,63300.0,100.0,1594800.0
86,2021-09-30 14:25:55,63300.0,100.0,1594700.0
87,2021-09-30 14:25:55,63300.0,100.0,1594600.0
88,2021-09-30 14:25:55,63300.0,200.0,1594500.0
89,2021-09-30 14:25:55,63300.0,300.0,1594300.0
90,2021-09-30 14:25:55,63300.0,500.0,1594000.0
91,2021-09-30 14:25:55,63300.0,100.0,1593500.0
92,2021-09-30 14:25:55,63300.0,100.0,1593400.0
93,2021-09-30 14:25:55,63300.0,500.0,1593300.0
94,2021-09-30 14:25:55,63300.0,5000.0,1592800.0
95,2021-09-30 14:25:55,63300.0,100.0,1587800.0
96,2021-09-30 14:25:55,63300.0,2000.0,1587700.0
97,2021-09-30 14:25:55,63300.0,500.0,1585700.0
98,2021-09-30 14:25:55,63300.0,1500.0,1585200.0
99,2021-09-30 14:25:55,63300.0,200.0,1583700.0
100,2021-09-30 14:25:55,63300.0,100.0,1583500.0
101,2021-09-30 14:25:55,63300.0,100.0,1583400.0
102,2021-09-30 14:25:55,63300.0,300.0,1583300.0
103,2021-09-30 14:25:55,63200.0,300.0,1583000.0
104,2021-09-30 14:25:55,63100.0,100.0,1582700.0
105,2021-09-30 14:25:54,63000.0,200.0,1582600.0
106,2021-09-30 14:25:38,63000.0,200.0,1582400.0
107,2021-09-30 14:25:37,63000.0,1000.0,1582200.0
108,2021-09-30 14:25:36,63000.0,100.0,1581200.0
109,2021-09-30 14:25:03,63000.0,100.0,1581100.0
110,2021-09-30 14:24:51,63000.0,100.0,1581000.0
111,2021-09-30 14:24:47,63000.0,300.0,1580900.0
112,2021-09-30 14:24:38,63000.0,600.0,1580600.0
113,2021-09-30 14:24:38,63000.0,200.0,1580000.0
114,2021-09-30 14:24:38,63000.0,100.0,1579800.0
115,2021-09-30 14:24:38,63000.0,500.0,1579700.0
116,2021-09-30 14:24:38,63000.0,500.0,1579200.0
117,2021-09-30 14:24:38,63000.0,1000.0,1578700.0
118,2021-09-30 14:24:38,63000.0,400.0,1577700.0
119,2021-09-30 14:24:38,63000.0,100.0,1577300.0
120,2021-09-30 14:24:38,63000.0,100.0,1577200.0
121,2021-09-30 14:24:38,63000.0,100.0,1577100.0
122,2021-09-30 14:24:38,63000.0,100.0,1577000.0
123,2021-09-30 14:24:38,63000.0,5000.0,1576900.0
124,2021-09-30 14:24:38,63000.0,300.0,1571900.0
125,2021-09-30 14:24:38,63000.0,100.0,1571600.0
126,2021-09-30 14:24:38,63000.0,400.0,1571500.0
127,2021-09-30 14:24:38,63000.0,1000.0,1571100.0
128,2021-09-30 14:24:38,63000.0,200.0,1570100.0
129,2021-09-30 14:24:38,63000.0,400.0,1569900.0
130,2021-09-30 14:24:38,63000.0,100.0,1569500.0
131,2021-09-30 14:24:38,63000.0,6800.0,1569400.0
132,2021-09-30 14:24:20,63100.0,200.0,1562600.0
133,2021-09-30 14:24:13,63100.0,300.0,1562400.0
134,2021-09-30 14:24:13,63100.0,1300.0,1562100.0
135,2021-09-30 14:23:46,63100.0,1000.0,1560800.0
136,2021-09-30 14:23:46,63200.0,100.0,1559800.0
137,2021-09-30 14:23:43,63200.0,1000.0,1559700.0
138,2021-09-30 14:23:43,63200.0,200.0,1558700.0
139,2021-09-30 14:23:43,63200.0,100.0,1558500.0
140,2021-09-30 14:23:43,63200.0,500.0,1558400.0
141,2021-09-30 14:23:43,63200.0,100.0,1557900.0
142,2021-09-30 14:23:43,63200.0,500.0,1557800.0
143,2021-09-30 14:23:43,63200.0,200.0,1557300.0
144,2021-09-30 14:23:43,63200.0,100.0,1557100.0
145,2021-09-30 14:23:43,63200.0,100.0,1557000.0
146,2021-09-30 14:23:43,63200.0,2700.0,1556900.0
147,2021-09-30 14:23:43,63200.0,500.0,1554200.0
148,2021-09-30 14:23:43,63200.0,900.0,1553700.0
149,2021-09-30 14:23:40,63100.0,200.0,1552800.0
150,2021-09-30 14:23:10,63100.0,100.0,1552600.0
151,2021-09-30 14:22:25,63200.0,100.0,1552500.0
152,2021-09-30 14:22:21,63100.0,100.0,1552400.0
153,2021-09-30 14:22:21,63100.0,300.0,1552300.0
154,2021-09-30 14:22:21,63100.0,100.0,1552000.0
155,2021-09-30 14:22:21,63100.0,200.0,1551900.0
156,2021-09-30 14:22:07,63000.0,100.0,1551700.0
157,2021-09-30 14:21:55,63000.0,100.0,1551600.0
158,2021-09-30 14:21:08,63000.0,1000.0,1551500.0
159,2021-09-30 14:20:53,63000.0,600.0,1550500.0
160,2021-09-30 14:20:23,63100.0,1800.0,1549900.0
161,2021-09-30 14:20:23,63100.0,4100.0,1548100.0
162,2021-09-30 14:20:09,63000.0,1400.0,1544000.0
163,2021-09-30 14:20:09,63000.0,600.0,1542600.0
164,2021-09-30 14:19:54,63000.0,3000.0,1542000.0
165,2021-09-30 14:18:38,63100.0,900.0,1539000.0
166,2021-09-30 14:18:32,63100.0,200.0,1538100.0
167,2021-09-30 14:17:53,63000.0,1000.0,1537900.0
168,2021-09-30 14:17:39,63100.0,100.0,1536900.0
169,2021-09-30 14:17:15,63100.0,100.0,1536800.0
170,2021-09-30 14:17:11,63100.0,400.0,1536700.0
171,2021-09-30 14:17:11,63100.0,400.0,1536300.0
172,2021-09-30 14:17:11,63100.0,100.0,1535900.0
173,2021-09-30 14:17:11,63100.0,2600.0,1535800.0
174,2021-09-30 14:17:01,63100.0,500.0,1533200.0
175,2021-09-30 14:16:23,63100.0,2900.0,1532700.0
176,2021-09-30 14:16:23,63100.0,100.0,1529800.0
177,2021-09-30 14:16:17,63200.0,800.0,1529700.0
178,2021-09-30 14:16:17,63200.0,200.0,1528900.0
179,2021-09-30 14:16:11,63100.0,300.0,1528700.0
180,2021-09-30 14:14:08,63200.0,300.0,1528400.0
181,2021-09-30 14:13:55,63200.0,200.0,1528100.0
182,2021-09-30 14:13:26,63100.0,100.0,1527900.0
183,2021-09-30 14:12:53,63200.0,100.0,1527800.0
184,2021-09-30 14:12:52,63200.0,100.0,1527700.0
185,2021-09-30 14:12:52,63200.0,100.0,1527600.0
186,2021-09-30 14:12:43,63200.0,3000.0,1527500.0
187,2021-09-30 14:12:23,63200.0,3000.0,1524500.0
188,2021-09-30 14:12:20,63300.0,200.0,1521500.0
189,2021-09-30 14:11:45,63200.0,200.0,1521300.0
190,2021-09-30 14:11:45,63200.0,200.0,1521100.0
191,2021-09-30 14:11:45,63200.0,100.0,1520900.0
192,2021-09-30 14:11:45,63200.0,2000.0,1520800.0
193,2021-09-30 14:11:45,63200.0,100.0,1518800.0
194,2021-09-30 14:11:45,63200.0,100.0,1518700.0
195,2021-09-30 14:11:45,63200.0,100.0,1518600.0
196,2021-09-30 14:11:45,63200.0,500.0,1518500.0
197,2021-09-30 14:11:45,63200.0,100.0,1518000.0
198,2021-09-30 14:11:45,63200.0,500.0,1517900.0
199,2021-09-30 14:10:45,63100.0,100.0,1517400.0
200,2021-09-30 14:09:40,63100.0,300.0,1517300.0
201,2021-09-30 14:09:07,63100.0,100.0,1517000.0
202,2021-09-30 14:09:07,63100.0,500.0,1516900.0
203,2021-09-30 14:09:07,63100.0,100.0,1516400.0
204,2021-09-30 14:08:38,63100.0,200.0,1516300.0
205,2021-09-30 14:08:34,63100.0,100.0,1516100.0
206,2021-09-30 14:08:29,63100.0,1000.0,1516000.0
207,2021-09-30 14:08:16,63100.0,3100.0,1515000.0
208,2021-09-30 14:08:08,63100.0,100.0,1511900.0
209,2021-09-30 14:08:08,63100.0,2000.0,1511800.0
210,2021-09-30 14:08:08,63100.0,500.0,1509800.0
211,2021-09-30 14:08:08,63100.0,1000.0,1509300.0
212,2021-09-30 14:08:08,63100.0,100.0,1508300.0
213,2021-09-30 14:08:08,63100.0,100.0,1508200.0
214,2021-09-30 14:08:08,63100.0,1700.0,1508100.0
215,2021-09-30 14:07:41,63000.0,1000.0,1506400.0
216,2021-09-30 14:06:47,63000.0,400.0,1505400.0
217,2021-09-30 14:05:17,63000.0,2000.0,1505000.0
218,2021-09-30 14:05:17,63000.0,300.0,1503000.0
219,2021-09-30 14:05:17,63000.0,1600.0,1502700.0
220,2021-09-30 14:04:06,63000.0,100.0,1501100.0
221,2021-09-30 14:04:06,63000.0,100.0,1501000.0
222,2021-09-30 14:04:06,63000.0,500.0,1500900.0
223,2021-09-30 14:04:06,63000.0,900.0,1500400.0
224,2021-09-30 14:04:06,63000.0,200.0,1499500.0
225,2021-09-30 14:04:06,63000.0,600.0,1499300.0
226,2021-09-30 14:03:43,63000.0,100.0,1498700.0
227,2021-09-30 14:03:29,63000.0,100.0,1498600.0
228,2021-09-30 14:02:59,63000.0,200.0,1498500.0
229,2021-09-30 14:02:35,63000.0,100.0,1498300.0
230,2021-09-30 14:02:33,63000.0,100.0,1498200.0
231,2021-09-30 14:02:33,63000.0,700.0,1498100.0
232,2021-09-30 14:02:33,63000.0,500.0,1497400.0
233,2021-09-30 14:02:33,63000.0,5000.0,1496900.0
234,2021-09-30 14:02:33,63000.0,3700.0,1491900.0
235,2021-09-30 14:02:22,63100.0,3000.0,1488200.0
236,2021-09-30 14:01:43,63000.0,100.0,1485200.0
237,2021-09-30 14:01:43,63000.0,1000.0,1485100.0
238,2021-09-30 14:01:43,63000.0,200.0,1484100.0
239,2021-09-30 14:01:35,63000.0,100.0,1483900.0
240,2021-09-30 14:01:09,63000.0,200.0,1483800.0
241,2021-09-30 14:00:52,63000.0,500.0,1483600.0
242,2021-09-30 14:00:07,63000.0,200.0,1483100.0
243,2021-09-30 14:00:07,62900.0,200.0,1482900.0
244,2021-09-30 14:00:03,63000.0,1000.0,1482700.0
245,2021-09-30 13:59:34,63000.0,100.0,1481700.0
246,2021-09-30 13:59:34,63000.0,200.0,1481600.0
247,2021-09-30 13:58:51,63000.0,100.0,1481400.0
248,2021-09-30 13:58:31,63000.0,200.0,1481300.0
249,2021-09-30 13:58:31,63000.0,100.0,1481100.0
250,2021-09-30 13:58:31,63000.0,700.0,1481000.0
251,2021-09-30 13:58:16,63100.0,100.0,1480300.0
252,2021-09-30 13:57:58,63000.0,100.0,1480200.0
253,2021-09-30 13:57:45,63000.0,100.0,1480100.0
254,2021-09-30 13:57:35,63100.0,200.0,1480000.0
255,2021-09-30 13:57:19,63000.0,100.0,1479800.0
256,2021-09-30 13:56:54,63100.0,100.0,1479700.0
257,2021-09-30 13:56:49,63200.0,100.0,1479600.0
258,2021-09-30 13:56:46,63100.0,1000.0,1479500.0
259,2021-09-30 13:56:46,63100.0,100.0,1478500.0
260,2021-09-30 13:56:40,63200.0,100.0,1478400.0
261,2021-09-30 13:56:16,63200.0,1000.0,1478300.0
262,2021-09-30 13:56:08,62800.0,10000.0,1477300.0
263,2021-09-30 13:56:08,62800.0,10000.0,1467300.0
264,2021-09-30 13:56:08,62800.0,200.0,1457300.0
265,2021-09-30 13:56:08,62800.0,100.0,1457100.0
266,2021-09-30 13:56:08,62900.0,1000.0,1457000.0
267,2021-09-30 13:56:08,62900.0,10000.0,1456000.0
268,2021-09-30 13:56:08,62900.0,500.0,1446000.0
269,2021-09-30 13:56:08,62900.0,100.0,1445500.0
270,2021-09-30 13:56:08,62900.0,10000.0,1445400.0
271,2021-09-30 13:56:08,62900.0,100.0,1435400.0
272,2021-09-30 13:56:08,62900.0,100.0,1435300.0
273,2021-09-30 13:56:08,62900.0,10000.0,1435200.0
274,2021-09-30 13:56:08,62900.0,300.0,1425200.0
275,2021-09-30 13:56:08,62900.0,9900.0,1424900.0
276,2021-09-30 13:56:08,63000.0,100.0,1415000.0
277,2021-09-30 13:56:08,63000.0,5000.0,1414900.0
278,2021-09-30 13:56:08,63000.0,100.0,1409900.0
279,2021-09-30 13:56:08,63000.0,400.0,1409800.0
280,2021-09-30 13:56:08,63000.0,300.0,1409400.0
281,2021-09-30 13:56:08,63000.0,900.0,1409100.0
282,2021-09-30 13:56:08,63000.0,10000.0,1408200.0
283,2021-09-30 13:56:08,63000.0,100.0,1398200.0
284,2021-09-30 13:56:08,63000.0,100.0,1398100.0
285,2021-09-30 13:56:08,63000.0,1900.0,1398000.0
286,2021-09-30 13:56:08,63000.0,100.0,1396100.0
287,2021-09-30 13:56:08,63000.0,100.0,1396000.0
288,2021-09-30 13:56:08,63000.0,1000.0,1395900.0
289,2021-09-30 13:56:08,63000.0,3000.0,1394900.0
290,2021-09-30 13:56:08,63000.0,1200.0,1391900.0
291,2021-09-30 13:56:08,63000.0,5100.0,1390700.0
292,2021-09-30 13:56:08,63100.0,600.0,1385600.0
293,2021-09-30 13:56:08,63100.0,100.0,1385000.0
294,2021-09-30 13:56:08,63100.0,5000.0,1384900.0
295,2021-09-30 13:56:08,63100.0,2600.0,1379900.0
296,2021-09-30 13:56:03,63200.0,200.0,1377300.0
297,2021-09-30 13:56:03,63200.0,100.0,1377100.0
298,2021-09-30 13:56:03,63200.0,1000.0,1377000.0
299,2021-09-30 13:56:03,63200.0,3000.0,1376000.0
300,2021-09-30 13:56:03,63200.0,100.0,1373000.0
301,2021-09-30 13:56:03,63200.0,200.0,1372900.0
302,2021-09-30 13:56:03,63200.0,1100.0,1372700.0
303,2021-09-30 13:55:47,63200.0,300.0,1371600.0
304,2021-09-30 13:55:30,63200.0,2000.0,1371300.0
305,2021-09-30 13:55:23,63200.0,500.0,1369300.0
306,2021-09-30 13:55:12,63200.0,500.0,1368800.0
307,2021-09-30 13:55:05,63300.0,100.0,1368300.0
308,2021-09-30 13:55:02,63300.0,100.0,1368200.0
309,2021-09-30 13:54:21,63200.0,4600.0,1368100.0
310,2021-09-30 13:54:20,63200.0,100.0,1363500.0
311,2021-09-30 13:54:00,63200.0,100.0,1363400.0
312,2021-09-30 13:53:23,63300.0,100.0,1363300.0
313,2021-09-30 13:52:54,63300.0,1000.0,1363200.0
314,2021-09-30 13:52:21,63300.0,500.0,1362200.0
315,2021-09-30 13:52:00,63300.0,300.0,1361700.0
316,2021-09-30 13:52:00,63300.0,300.0,1361400.0
317,2021-09-30 13:52:00,63300.0,500.0,1361100.0
318,2021-09-30 13:52:00,63300.0,100.0,1360600.0
319,2021-09-30 13:52:00,63300.0,300.0,1360500.0
320,2021-09-30 13:51:25,63300.0,200.0,1360200.0
321,2021-09-30 13:51:22,63300.0,500.0,1360000.0
322,2021-09-30 13:51:01,63300.0,300.0,1359500.0
323,2021-09-30 13:50:53,63300.0,200.0,1359200.0
324,2021-09-30 13:50:53,63300.0,100.0,1359000.0
325,2021-09-30 13:50:53,63300.0,1000.0,1358900.0
326,2021-09-30 13:50:53,63300.0,100.0,1357900.0
327,2021-09-30 13:50:53,63300.0,500.0,1357800.0
328,2021-09-30 13:50:53,63300.0,200.0,1357300.0
329,2021-09-30 13:50:27,63300.0,300.0,1357100.0
330,2021-09-30 13:50:27,63300.0,200.0,1356800.0
331,2021-09-30 13:50:27,63300.0,100.0,1356600.0
332,2021-09-30 13:50:27,63300.0,500.0,1356500.0
333,2021-09-30 13:50:27,63300.0,500.0,1356000.0
334,2021-09-30 13:50:27,63300.0,100.0,1355500.0
335,2021-09-30 13:50:27,63300.0,400.0,1355400.0
336,2021-09-30 13:50:27,63300.0,100.0,1355000.0
337,2021-09-30 13:50:27,63300.0,100.0,1354900.0
338,2021-09-30 13:50:27,63300.0,700.0,1354800.0
339,2021-09-30 13:50:19,63300.0,300.0,1354100.0
340,2021-09-30 13:50:19,63300.0,100.0,1353800.0
341,2021-09-30 13:50:19,63300.0,500.0,1353700.0
342,2021-09-30 13:50:19,63300.0,100.0,1353200.0
343,2021-09-30 13:50:19,63300.0,200.0,1353100.0
344,2021-09-30 13:50:19,63300.0,500.0,1352900.0
345,2021-09-30 13:50:19,63300.0,100.0,1352400.0
346,2021-09-30 13:50:19,63300.0,100.0,1352300.0
347,2021-09-30 13:50:19,63300.0,2000.0,1352200.0
348,2021-09-30 13:50:19,63300.0,100.0,1350200.0
349,2021-09-30 13:49:58,63200.0,700.0,1350100.0
350,2021-09-30 13:49:47,63300.0,200.0,1349400.0
351,2021-09-30 13:49:47,63300.0,700.0,1349200.0
352,2021-09-30 13:49:47,63300.0,100.0,1348500.0
353,2021-09-30 13:49:47,63300.0,200.0,1348400.0
354,2021-09-30 13:49:47,63300.0,100.0,1348200.0
355,2021-09-30 13:49:47,63300.0,100.0,1348100.0
356,2021-09-30 13:49:47,63300.0,1000.0,1348000.0
357,2021-09-30 13:49:47,63300.0,1500.0,1347000.0
358,2021-09-30 13:49:47,63300.0,100.0,1345500.0
359,2021-09-30 13:49:47,63300.0,500.0,1345400.0
360,2021-09-30 13:49:47,63300.0,100.0,1344900.0
361,2021-09-30 13:49:47,63300.0,400.0,1344800.0
362,2021-09-30 13:49:34,63300.0,100.0,1344400.0
363,2021-09-30 13:49:09,63200.0,100.0,1344300.0
364,2021-09-30 13:48:10,63200.0,500.0,1344200.0
365,2021-09-30 13:47:20,63200.0,300.0,1343700.0
366,2021-09-30 13:47:20,63200.0,400.0,1343400.0
367,2021-09-30 13:47:12,63200.0,1000.0,1343000.0
368,2021-09-30 13:47:12,63200.0,1000.0,1342000.0
369,2021-09-30 13:47:12,63200.0,100.0,1341000.0
370,2021-09-30 13:47:12,63200.0,100.0,1340900.0
371,2021-09-30 13:47:12,63200.0,100.0,1340800.0
372,2021-09-30 13:47:12,63200.0,300.0,1340700.0
373,2021-09-30 13:47:00,63200.0,100.0,1340400.0
374,2021-09-30 13:45:53,63200.0,4600.0,1340300.0
375,2021-09-30 13:45:53,63200.0,300.0,1335700.0
376,2021-09-30 13:45:53,63200.0,400.0,1335400.0
377,2021-09-30 13:45:53,63200.0,500.0,1335000.0
378,2021-09-30 13:45:53,63200.0,100.0,1334500.0
379,2021-09-30 13:45:53,63200.0,10000.0,1334400.0
380,2021-09-30 13:45:53,63200.0,300.0,1324400.0
381,2021-09-30 13:45:53,63200.0,100.0,1324100.0
382,2021-09-30 13:45:53,63200.0,500.0,1324000.0
383,2021-09-30 13:45:53,63200.0,300.0,1323500.0
384,2021-09-30 13:45:53,63200.0,2100.0,1323200.0
385,2021-09-30 13:45:53,63200.0,1800.0,1321100.0
386,2021-09-30 13:45:40,63100.0,200.0,1319300.0
387,2021-09-30 13:45:40,63100.0,5000.0,1319100.0
388,2021-09-30 13:45:40,63100.0,2200.0,1314100.0
389,2021-09-30 13:45:07,63100.0,700.0,1311900.0
390,2021-09-30 13:44:22,63100.0,2000.0,1311200.0
391,2021-09-30 13:44:22,63100.0,100.0,1309200.0
392,2021-09-30 13:44:19,63100.0,200.0,1309100.0
393,2021-09-30 13:44:17,63100.0,100.0,1308900.0
394,2021-09-30 13:43:51,63100.0,200.0,1308800.0
395,2021-09-30 13:43:51,63100.0,300.0,1308600.0
396,2021-09-30 13:43:48,63100.0,100.0,1308300.0
397,2021-09-30 13:43:27,63100.0,100.0,1308200.0
398,2021-09-30 13:43:23,63200.0,200.0,1308100.0
399,2021-09-30 13:43:23,63200.0,100.0,1307900.0
400,2021-09-30 13:43:23,63200.0,200.0,1307800.0
401,2021-09-30 13:43:21,63100.0,200.0,1307600.0
402,2021-09-30 13:42:48,63100.0,700.0,1307400.0
403,2021-09-30 13:42:25,63100.0,1000.0,1306700.0
404,2021-09-30 13:42:02,63100.0,100.0,1305700.0
405,2021-09-30 13:42:02,63100.0,100.0,1305600.0
406,2021-09-30 13:42:02,63100.0,400.0,1305500.0
407,2021-09-30 13:41:52,63100.0,400.0,1305100.0
408,2021-09-30 13:41:31,63100.0,100.0,1304700.0
409,2021-09-30 13:41:09,63100.0,100.0,1304600.0
410,2021-09-30 13:41:03,63100.0,100.0,1304500.0
411,2021-09-30 13:40:56,63100.0,900.0,1304400.0
412,2021-09-30 13:40:45,63200.0,300.0,1303500.0
413,2021-09-30 13:40:45,63200.0,200.0,1303200.0
414,2021-09-30 13:40:45,63100.0,500.0,1303000.0
415,2021-09-30 13:40:34,63100.0,700.0,1302500.0
416,2021-09-30 13:40:34,63100.0,300.0,1301800.0
417,2021-09-30 13:39:26,63000.0,100.0,1301500.0
418,2021-09-30 13:39:22,63100.0,700.0,1301400.0
419,2021-09-30 13:39:02,63100.0,300.0,1300700.0
420,2021-09-30 13:38:54,63100.0,1700.0,1300400.0
421,2021-09-30 13:38:37,63100.0,1000.0,1298700.0
422,2021-09-30 13:37:51,63100.0,200.0,1297700.0
423,2021-09-30 13:37:44,63100.0,100.0,1297500.0
424,2021-09-30 13:37:44,63100.0,100.0,1297400.0
425,2021-09-30 13:36:27,63100.0,400.0,1297300.0
426,2021-09-30 13:36:27,63100.0,200.0,1296900.0
427,2021-09-30 13:36:27,63100.0,300.0,1296700.0
428,2021-09-30 13:36:27,63100.0,1100.0,1296400.0
429,2021-09-30 13:36:23,63100.0,700.0,1295300.0
430,2021-09-30 13:35:08,63100.0,100.0,1294600.0
431,2021-09-30 13:34:34,63100.0,100.0,1294500.0
432,2021-09-30 13:34:09,63100.0,1000.0,1294400.0
433,2021-09-30 13:34:05,63100.0,2000.0,1293400.0
434,2021-09-30 13:33:56,63100.0,100.0,1291400.0
435,2021-09-30 13:33:53,63100.0,100.0,1291300.0
436,2021-09-30 13:33:53,63100.0,500.0,1291200.0
437,2021-09-30 13:33:53,63100.0,300.0,1290700.0
438,2021-09-30 13:33:12,63100.0,500.0,1290400.0
439,2021-09-30 13:32:58,63100.0,300.0,1289900.0
440,2021-09-30 13:32:56,63100.0,100.0,1289600.0
441,2021-09-30 13:32:48,63100.0,100.0,1289500.0
442,2021-09-30 13:32:48,63100.0,700.0,1289400.0
443,2021-09-30 13:32:46,63100.0,200.0,1288700.0
444,2021-09-30 13:32:44,63100.0,100.0,1288500.0
445,2021-09-30 13:32:44,63100.0,500.0,1288400.0
446,2021-09-30 13:32:44,63100.0,200.0,1287900.0
447,2021-09-30 13:32:44,63100.0,1500.0,1287700.0
448,2021-09-30 13:32:44,63100.0,100.0,1286200.0
449,2021-09-30 13:32:44,63100.0,100.0,1286100.0
450,2021-09-30 13:32:44,63100.0,800.0,1286000.0
451,2021-09-30 13:32:44,63100.0,400.0,1285200.0
452,2021-09-30 13:32:44,63100.0,1000.0,1284800.0
453,2021-09-30 13:32:44,63100.0,300.0,1283800.0
454,2021-09-30 13:32:39,63100.0,300.0,1283500.0
455,2021-09-30 13:32:32,63100.0,900.0,1283200.0
456,2021-09-30 13:32:23,63100.0,100.0,1282300.0
457,2021-09-30 13:32:22,63100.0,200.0,1282200.0
458,2021-09-30 13:32:06,63100.0,500.0,1282000.0
459,2021-09-30 13:31:58,63100.0,400.0,1281500.0
460,2021-09-30 13:31:49,63100.0,200.0,1281100.0
461,2021-09-30 13:31:47,63100.0,400.0,1280900.0
462,2021-09-30 13:31:45,63100.0,200.0,1280500.0
463,2021-09-30 13:31:18,63100.0,2000.0,1280300.0
464,2021-09-30 13:30:42,63100.0,200.0,1278300.0
465,2021-09-30 13:29:55,63100.0,100.0,1278100.0
466,2021-09-30 13:29:52,63100.0,100.0,1278000.0
467,2021-09-30 13:29:43,63000.0,100.0,1277900.0
468,2021-09-30 13:29:35,63000.0,1000.0,1277800.0
469,2021-09-30 13:28:27,63100.0,100.0,1276800.0
470,2021-09-30 13:26:57,63100.0,100.0,1276700.0
471,2021-09-30 13:26:57,63100.0,100.0,1276600.0
472,2021-09-30 13:26:54,63100.0,100.0,1276500.0
473,2021-09-30 13:26:26,63000.0,500.0,1276400.0
474,2021-09-30 13:25:35,63000.0,100.0,1275900.0
475,2021-09-30 13:24:54,63000.0,3100.0,1275800.0
476,2021-09-30 13:24:54,63000.0,500.0,1272700.0
477,2021-09-30 13:24:54,63000.0,1300.0,1272200.0
478,2021-09-30 13:24:54,63000.0,200.0,1270900.0
479,2021-09-30 13:24:54,63000.0,4900.0,1270700.0
480,2021-09-30 13:24:51,63000.0,100.0,1265800.0
481,2021-09-30 13:24:35,63100.0,500.0,1265700.0
482,2021-09-30 13:24:35,63100.0,300.0,1265200.0
483,2021-09-30 13:24:35,63100.0,100.0,1264900.0
484,2021-09-30 13:24:32,63100.0,100.0,1264800.0
485,2021-09-30 13:24:31,63100.0,200.0,1264700.0
486,2021-09-30 13:24:17,63100.0,800.0,1264500.0
487,2021-09-30 13:24:17,63100.0,200.0,1263700.0
488,2021-09-30 13:24:17,63100.0,400.0,1263500.0
489,2021-09-30 13:23:58,63100.0,100.0,1263100.0
490,2021-09-30 13:23:38,63100.0,200.0,1263000.0
491,2021-09-30 13:22:57,63100.0,200.0,1262800.0
492,2021-09-30 13:22:54,63100.0,500.0,1262600.0
493,2021-09-30 13:22:54,63100.0,300.0,1262100.0
494,2021-09-30 13:22:43,63100.0,100.0,1261800.0
495,2021-09-30 13:22:38,63000.0,500.0,1261700.0
496,2021-09-30 13:22:24,63100.0,600.0,1261200.0
497,2021-09-30 13:22:24,63100.0,100.0,1260600.0
498,2021-09-30 13:22:24,63100.0,400.0,1260500.0
499,2021-09-30 13:22:24,63100.0,600.0,1260100.0
500,2021-09-30 13:22:23,63100.0,400.0,1259500.0
501,2021-09-30 13:22:23,63100.0,500.0,1259100.0
502,2021-09-30 13:22:23,63100.0,200.0,1258600.0
503,2021-09-30 13:22:23,63100.0,100.0,1258400.0
504,2021-09-30 13:22:20,63100.0,200.0,1258300.0
505,2021-09-30 13:22:16,63100.0,300.0,1258100.0
506,2021-09-30 13:22:16,63100.0,500.0,1257800.0
507,2021-09-30 13:22:16,63100.0,500.0,1257300.0
508,2021-09-30 13:22:16,63100.0,100.0,1256800.0
509,2021-09-30 13:22:02,63100.0,400.0,1256700.0
510,2021-09-30 13:21:49,63100.0,1000.0,1256300.0
511,2021-09-30 13:21:49,63100.0,800.0,1255300.0
512,2021-09-30 13:21:38,63100.0,100.0,1254500.0
513,2021-09-30 13:21:31,63100.0,100.0,1254400.0
514,2021-09-30 13:21:31,63100.0,100.0,1254300.0
515,2021-09-30 13:21:22,63100.0,100.0,1254200.0
516,2021-09-30 13:21:22,63100.0,1300.0,1254100.0
517,2021-09-30 13:21:12,63100.0,100.0,1252800.0
518,2021-09-30 13:21:10,63100.0,1800.0,1252700.0
519,2021-09-30 13:21:07,63100.0,100.0,1250900.0
520,2021-09-30 13:20:41,63100.0,100.0,1250800.0
521,2021-09-30 13:20:36,63100.0,500.0,1250700.0
522,2021-09-30 13:20:23,63100.0,200.0,1250200.0
523,2021-09-30 13:20:14,63100.0,400.0,1250000.0
524,2021-09-30 13:20:00,63000.0,100.0,1249600.0
525,2021-09-30 13:18:48,63100.0,500.0,1249500.0
526,2021-09-30 13:17:48,63100.0,300.0,1249000.0
527,2021-09-30 13:17:48,63100.0,300.0,1248700.0
528,2021-09-30 13:17:48,63100.0,600.0,1248400.0
529,2021-09-30 13:17:46,63000.0,300.0,1247800.0
530,2021-09-30 13:17:46,63000.0,100.0,1247500.0
531,2021-09-30 13:17:46,63000.0,500.0,1247400.0
532,2021-09-30 13:17:46,63000.0,1600.0,1246900.0
533,2021-09-30 13:17:39,63100.0,100.0,1245300.0
534,2021-09-30 13:17:25,63100.0,400.0,1245200.0
535,2021-09-30 13:17:09,63000.0,500.0,1244800.0
536,2021-09-30 13:17:08,63000.0,100.0,1244300.0
537,2021-09-30 13:16:54,63000.0,400.0,1244200.0
538,2021-09-30 13:16:49,63000.0,100.0,1243800.0
539,2021-09-30 13:16:49,63000.0,500.0,1243700.0
540,2021-09-30 13:16:49,63000.0,100.0,1243200.0
541,2021-09-30 13:16:49,63000.0,300.0,1243100.0
542,2021-09-30 13:16:37,63000.0,200.0,1242800.0
543,2021-09-30 13:16:37,63000.0,800.0,1242600.0
544,2021-09-30 13:15:35,63000.0,100.0,1241800.0
545,2021-09-30 13:15:12,63000.0,100.0,1241700.0
546,2021-09-30 13:15:09,62900.0,100.0,1241600.0
547,2021-09-30 13:15:05,63000.0,100.0,1241500.0
548,2021-09-30 13:15:05,63000.0,2200.0,1241400.0
549,2021-09-30 13:15:05,63000.0,700.0,1239200.0
550,2021-09-30 13:14:55,63000.0,300.0,1238500.0
551,2021-09-30 13:14:55,63000.0,100.0,1238200.0
552,2021-09-30 13:14:55,63000.0,100.0,1238100.0
553,2021-09-30 13:14:39,63000.0,100.0,1238000.0
554,2021-09-30 13:14:28,63000.0,900.0,1237900.0
555,2021-09-30 13:14:28,63000.0,300.0,1237000.0
556,2021-09-30 13:14:28,63000.0,200.0,1236700.0
557,2021-09-30 13:14:28,63100.0,300.0,1236500.0
558,2021-09-30 13:14:26,63200.0,1500.0,1236200.0
559,2021-09-30 13:14:23,63200.0,300.0,1234700.0
560,2021-09-30 13:14:23,63200.0,100.0,1234400.0
561,2021-09-30 13:14:23,63200.0,100.0,1234300.0
562,2021-09-30 13:14:23,63100.0,300.0,1234200.0
563,2021-09-30 13:14:23,63100.0,1400.0,1233900.0
564,2021-09-30 13:14:23,63100.0,2000.0,1232500.0
565,2021-09-30 13:14:18,63100.0,100.0,1230500.0
566,2021-09-30 13:14:05,63100.0,2000.0,1230400.0
567,2021-09-30 13:14:05,63100.0,10000.0,1228400.0
568,2021-09-30 13:14:05,63100.0,100.0,1218400.0
569,2021-09-30 13:14:05,63100.0,100.0,1218300.0
570,2021-09-30 13:14:05,63100.0,3200.0,1218200.0
571,2021-09-30 13:14:05,63100.0,100.0,1215000.0
572,2021-09-30 13:13:42,63200.0,100.0,1214900.0
573,2021-09-30 13:12:39,63200.0,200.0,1214800.0
574,2021-09-30 13:11:50,63200.0,600.0,1214600.0
575,2021-09-30 13:11:50,63200.0,100.0,1214000.0
576,2021-09-30 13:11:50,63200.0,400.0,1213900.0
577,2021-09-30 13:11:50,63200.0,900.0,1213500.0
578,2021-09-30 13:11:34,63200.0,200.0,1212600.0
579,2021-09-30 13:11:25,63200.0,100.0,1212400.0
580,2021-09-30 13:10:57,63200.0,200.0,1212300.0
581,2021-09-30 13:10:57,63200.0,700.0,1212100.0
582,2021-09-30 13:10:55,63200.0,300.0,1211400.0
583,2021-09-30 13:10:55,63200.0,200.0,1211100.0
584,2021-09-30 13:10:47,63200.0,300.0,1210900.0
585,2021-09-30 13:10:47,63200.0,100.0,1210600.0
586,2021-09-30 13:10:47,63200.0,600.0,1210500.0
587,2021-09-30 13:10:23,63200.0,100.0,1209900.0
588,2021-09-30 13:10:18,63100.0,100.0,1209800.0
589,2021-09-30 13:08:17,63200.0,200.0,1209700.0
590,2021-09-30 13:08:17,63200.0,100.0,1209500.0
591,2021-09-30 13:08:17,63200.0,200.0,1209400.0
592,2021-09-30 13:08:10,63200.0,500.0,1209200.0
593,2021-09-30 13:07:46,63200.0,200.0,1208700.0
594,2021-09-30 13:07:32,63200.0,300.0,1208500.0
595,2021-09-30 13:07:25,63200.0,100.0,1208200.0
596,2021-09-30 13:06:48,63100.0,100.0,1208100.0
597,2021-09-30 13:06:19,63100.0,300.0,1208000.0
598,2021-09-30 13:06:16,63100.0,200.0,1207700.0
599,2021-09-30 13:05:50,63100.0,1000.0,1207500.0
600,2021-09-30 13:05:50,63100.0,500.0,1206500.0
601,2021-09-30 13:05:50,63100.0,100.0,1206000.0
602,2021-09-30 13:05:50,63100.0,3000.0,1205900.0
603,2021-09-30 13:05:50,63100.0,500.0,1202900.0
604,2021-09-30 13:05:50,63100.0,200.0,1202400.0
605,2021-09-30 13:05:50,63100.0,200.0,1202200.0
606,2021-09-30 13:05:50,63100.0,100.0,1202000.0
607,2021-09-30 13:05:34,63000.0,200.0,1201900.0
608,2021-09-30 13:05:34,63000.0,900.0,1201700.0
609,2021-09-30 13:05:34,63000.0,200.0,1200800.0
610,2021-09-30 13:05:34,63000.0,700.0,1200600.0
611,2021-09-30 13:05:26,63000.0,100.0,1199900.0
612,2021-09-30 13:04:57,63000.0,200.0,1199800.0
613,2021-09-30 13:04:57,63000.0,300.0,1199600.0
614,2021-09-30 13:04:57,63000.0,200.0,1199300.0
615,2021-09-30 13:04:26,63000.0,300.0,1199100.0
616,2021-09-30 13:04:25,63000.0,900.0,1198800.0
617,2021-09-30 13:04:18,63000.0,100.0,1197900.0
618,2021-09-30 13:04:18,63000.0,500.0,1197800.0
619,2021-09-30 13:04:10,63000.0,400.0,1197300.0
620,2021-09-30 13:04:10,63000.0,300.0,1196900.0
621,2021-09-30 13:04:04,63000.0,500.0,1196600.0
622,2021-09-30 13:04:04,63000.0,300.0,1196100.0
623,2021-09-30 13:04:02,63000.0,200.0,1195800.0
624,2021-09-30 13:04:02,63000.0,100.0,1195600.0
625,2021-09-30 13:03:56,63000.0,500.0,1195500.0
626,2021-09-30 13:03:56,63000.0,400.0,1195000.0
627,2021-09-30 13:03:56,63000.0,1000.0,1194600.0
628,2021-09-30 13:03:56,63000.0,100.0,1193600.0
629,2021-09-30 13:03:55,63000.0,200.0,1193500.0
630,2021-09-30 13:03:55,63000.0,100.0,1193300.0
631,2021-09-30 13:03:55,63000.0,300.0,1193200.0
632,2021-09-30 13:03:55,63000.0,100.0,1192900.0
633,2021-09-30 13:03:55,63000.0,400.0,1192800.0
634,2021-09-30 13:03:55,63000.0,100.0,1192400.0
635,2021-09-30 13:03:55,63000.0,100.0,1192300.0
636,2021-09-30 13:03:55,63000.0,500.0,1192200.0
637,2021-09-30 13:03:46,63000.0,500.0,1191700.0
638,2021-09-30 13:03:42,63000.0,400.0,1191200.0
639,2021-09-30 13:03:30,63000.0,500.0,1190800.0
640,2021-09-30 13:03:19,63000.0,1600.0,1190300.0
641,2021-09-30 13:03:13,63000.0,900.0,1188700.0
642,2021-09-30 13:03:12,63000.0,1000.0,1187800.0
643,2021-09-30 13:03:05,63000.0,100.0,1186800.0
644,2021-09-30 13:02:54,63000.0,700.0,1186700.0
645,2021-09-30 13:02:47,63000.0,800.0,1186000.0
646,2021-09-30 13:02:47,63000.0,100.0,1185200.0
647,2021-09-30 13:02:47,63000.0,100.0,1185100.0
648,2021-09-30 13:02:34,63000.0,900.0,1185000.0
649,2021-09-30 13:02:34,63000.0,1100.0,1184100.0
650,2021-09-30 13:02:32,63000.0,900.0,1183000.0
651,2021-09-30 13:02:32,63000.0,500.0,1182100.0
652,2021-09-30 13:02:32,63000.0,200.0,1181600.0
653,2021-09-30 13:02:32,63000.0,500.0,1181400.0
654,2021-09-30 13:02:32,63000.0,200.0,1180900.0
655,2021-09-30 13:02:32,63000.0,300.0,1180700.0
656,2021-09-30 13:02:32,63000.0,200.0,1180400.0
657,2021-09-30 13:02:32,63000.0,600.0,1180200.0
658,2021-09-30 13:02:32,63000.0,500.0,1179600.0
659,2021-09-30 13:02:32,63000.0,2000.0,1179100.0
660,2021-09-30 13:02:32,63000.0,500.0,1177100.0
661,2021-09-30 13:02:32,63000.0,500.0,1176600.0
662,2021-09-30 13:02:32,63000.0,1000.0,1176100.0
663,2021-09-30 13:02:32,63000.0,500.0,1175100.0
664,2021-09-30 13:02:32,63000.0,1000.0,1174600.0
665,2021-09-30 13:02:32,63000.0,600.0,1173600.0
666,2021-09-30 13:02:10,63000.0,200.0,1173000.0
667,2021-09-30 13:00:50,63000.0,200.0,1172800.0
668,2021-09-30 13:00:50,63000.0,100.0,1172600.0
669,2021-09-30 13:00:50,63000.0,100.0,1172500.0
670,2021-09-30 13:00:50,63000.0,400.0,1172400.0
671,2021-09-30 13:00:37,62900.0,200.0,1172000.0
672,2021-09-30 13:00:37,62900.0,100.0,1171800.0
673,2021-09-30 13:00:37,62900.0,100.0,1171700.0
674,2021-09-30 13:00:37,62900.0,1000.0,1171600.0
675,2021-09-30 13:00:37,62900.0,500.0,1170600.0
676,2021-09-30 13:00:37,62900.0,100.0,1170100.0
677,2021-09-30 13:00:37,62900.0,600.0,1170000.0
678,2021-09-30 13:00:34,62800.0,100.0,1169400.0
679,2021-09-30 13:00:31,62900.0,400.0,1169300.0
680,2021-09-30 13:00:13,62800.0,500.0,1168900.0
681,2021-09-30 13:00:11,62800.0,500.0,1168400.0
682,2021-09-30 13:00:11,62800.0,200.0,1167900.0
683,2021-09-30 13:00:11,62800.0,1000.0,1167700.0
684,2021-09-30 13:00:11,62800.0,1000.0,1166700.0
685,2021-09-30 13:00:11,62800.0,2000.0,1165700.0
686,2021-09-30 13:00:11,62800.0,200.0,1163700.0
687,2021-09-30 13:00:11,62800.0,100.0,1163500.0
688,2021-09-30 13:00:06,62800.0,2000.0,1163400.0
689,2021-09-30 13:00:01,62800.0,200.0,1161400.0
690,2021-09-30 13:00:01,62900.0,1900.0,1161200.0
691,2021-09-30 13:00:01,62900.0,100.0,1159300.0
692,2021-09-30 13:00:01,62800.0,200.0,1159200.0
693,2021-09-30 11:29:30,62800.0,300.0,1159000.0
694,2021-09-30 11:29:30,62800.0,100.0,1158700.0
695,2021-09-30 11:29:30,62800.0,600.0,1158600.0
696,2021-09-30 11:29:30,62800.0,1500.0,1158000.0
697,2021-09-30 11:29:10,62800.0,200.0,1156500.0
698,2021-09-30 11:28:56,62800.0,200.0,1156300.0
699,2021-09-30 11:28:54,62800.0,100.0,1156100.0
700,2021-09-30 11:28:46,62800.0,200.0,1156000.0
701,2021-09-30 11:28:11,62800.0,500.0,1155800.0
702,2021-09-30 11:28:11,62800.0,200.0,1155300.0
703,2021-09-30 11:28:10,62700.0,2000.0,1155100.0
704,2021-09-30 11:27:54,62800.0,800.0,1153100.0
705,2021-09-30 11:27:54,62800.0,200.0,1152300.0
706,2021-09-30 11:27:29,62700.0,2000.0,1152100.0
707,2021-09-30 11:27:18,62700.0,1000.0,1150100.0
708,2021-09-30 11:26:41,62700.0,100.0,1149100.0
709,2021-09-30 11:26:24,62700.0,200.0,1149000.0
710,2021-09-30 11:26:03,62800.0,1000.0,1148800.0
711,2021-09-30 11:25:51,62700.0,1000.0,1147800.0
712,2021-09-30 11:25:51,62700.0,300.0,1146800.0
713,2021-09-30 11:25:51,62700.0,200.0,1146500.0
714,2021-09-30 11:25:43,62700.0,100.0,1146300.0
715,2021-09-30 11:25:21,62700.0,200.0,1146200.0
716,2021-09-30 11:25:21,62700.0,300.0,1146000.0
717,2021-09-30 11:25:21,62800.0,1000.0,1145700.0
718,2021-09-30 11:25:21,62800.0,200.0,1144700.0
719,2021-09-30 11:25:21,62800.0,200.0,1144500.0
720,2021-09-30 11:25:21,62800.0,700.0,1144300.0
721,2021-09-30 11:25:21,62800.0,100.0,1143600.0
722,2021-09-30 11:25:21,62800.0,100.0,1143500.0
723,2021-09-30 11:25:21,62800.0,100.0,1143400.0
724,2021-09-30 11:25:21,62800.0,100.0,1143300.0
725,2021-09-30 11:25:21,62800.0,5000.0,1143200.0
726,2021-09-30 11:25:21,62800.0,100.0,1138200.0
727,2021-09-30 11:25:21,62800.0,500.0,1138100.0
728,2021-09-30 11:25:21,62800.0,100.0,1137600.0
729,2021-09-30 11:25:21,62800.0,200.0,1137500.0
730,2021-09-30 11:25:21,62800.0,1100.0,1137300.0
731,2021-09-30 11:24:56,62800.0,2000.0,1136200.0
732,2021-09-30 11:23:57,62800.0,200.0,1134200.0
733,2021-09-30 11:23:55,62800.0,500.0,1134000.0
734,2021-09-30 11:22:46,62800.0,200.0,1133500.0
735,2021-09-30 11:22:43,62800.0,1000.0,1133300.0
736,2021-09-30 11:22:13,62800.0,100.0,1132300.0
737,2021-09-30 11:21:50,62800.0,300.0,1132200.0
738,2021-09-30 11:20:54,62800.0,500.0,1131900.0
739,2021-09-30 11:20:51,62800.0,100.0,1131400.0
740,2021-09-30 11:20:51,62800.0,100.0,1131300.0
741,2021-09-30 11:20:27,62800.0,200.0,1131200.0
742,2021-09-30 11:20:26,62800.0,100.0,1131000.0
743,2021-09-30 11:20:11,62800.0,600.0,1130900.0
744,2021-09-30 11:20:11,62800.0,100.0,1130300.0
745,2021-09-30 11:20:11,62800.0,500.0,1130200.0
746,2021-09-30 11:19:51,62800.0,100.0,1129700.0
747,2021-09-30 11:19:51,62800.0,400.0,1129600.0
748,2021-09-30 11:18:40,62800.0,100.0,1129200.0
749,2021-09-30 11:18:21,62800.0,1500.0,1129100.0
750,2021-09-30 11:18:21,62800.0,200.0,1127600.0
751,2021-09-30 11:18:21,62800.0,300.0,1127400.0
752,2021-09-30 11:17:46,62800.0,900.0,1127100.0
753,2021-09-30 11:17:45,62900.0,300.0,1126200.0
754,2021-09-30 11:17:22,62800.0,200.0,1125900.0
755,2021-09-30 11:17:08,62900.0,100.0,1125700.0
756,2021-09-30 11:16:59,62900.0,300.0,1125600.0
757,2021-09-30 11:16:59,62900.0,500.0,1125300.0
758,2021-09-30 11:16:59,62900.0,200.0,1124800.0
759,2021-09-30 11:16:39,62900.0,1000.0,1124600.0
760,2021-09-30 11:16:00,62800.0,100.0,1123600.0
761,2021-09-30 11:15:12,62900.0,200.0,1123500.0
762,2021-09-30 11:12:19,62900.0,100.0,1123300.0
763,2021-09-30 11:12:10,62900.0,200.0,1123200.0
764,2021-09-30 11:11:56,62900.0,100.0,1123000.0
765,2021-09-30 11:11:47,62900.0,500.0,1122900.0
766,2021-09-30 11:11:32,62900.0,700.0,1122400.0
767,2021-09-30 11:11:32,62900.0,300.0,1121700.0
768,2021-09-30 11:11:09,62800.0,100.0,1121400.0
769,2021-09-30 11:10:36,62900.0,300.0,1121300.0
770,2021-09-30 11:10:36,62900.0,500.0,1121000.0
771,2021-09-30 11:10:20,62900.0,100.0,1120500.0
772,2021-09-30 11:09:50,62900.0,2400.0,1120400.0
773,2021-09-30 11:09:30,62900.0,800.0,1118000.0
774,2021-09-30 11:08:46,62900.0,1100.0,1117200.0
775,2021-09-30 11:08:46,62900.0,900.0,1116100.0
776,2021-09-30 11:08:40,62900.0,1100.0,1115200.0
777,2021-09-30 11:08:34,62800.0,3000.0,1114100.0
778,2021-09-30 11:08:34,62900.0,2000.0,1111100.0
779,2021-09-30 11:08:08,62900.0,100.0,1109100.0
780,2021-09-30 11:07:54,62900.0,300.0,1109000.0
781,2021-09-30 11:07:42,62900.0,700.0,1108700.0
782,2021-09-30 11:07:25,62900.0,300.0,1108000.0
783,2021-09-30 11:07:16,62900.0,200.0,1107700.0
784,2021-09-30 11:06:50,62900.0,300.0,1107500.0
785,2021-09-30 11:06:36,62900.0,1400.0,1107200.0
786,2021-09-30 11:06:17,62900.0,100.0,1105800.0
787,2021-09-30 11:06:00,62900.0,200.0,1105700.0
788,2021-09-30 11:05:22,62900.0,1000.0,1105500.0
789,2021-09-30 11:05:01,62900.0,800.0,1104500.0
790,2021-09-30 11:05:01,62900.0,200.0,1103700.0
791,2021-09-30 11:04:39,62800.0,200.0,1103500.0
792,2021-09-30 11:03:15,63000.0,100.0,1103300.0
793,2021-09-30 11:02:33,63000.0,1000.0,1103200.0
794,2021-09-30 11:01:49,62800.0,200.0,1102200.0
795,2021-09-30 11:01:49,62800.0,400.0,1102000.0
796,2021-09-30 11:01:26,62800.0,100.0,1101600.0
797,2021-09-30 11:01:00,62800.0,100.0,1101500.0
798,2021-09-30 11:01:00,62800.0,100.0,1101400.0
799,2021-09-30 11:01:00,62800.0,600.0,1101300.0
800,2021-09-30 11:01:00,62900.0,200.0,1100700.0
801,2021-09-30 11:00:59,62900.0,100.0,1100500.0
802,2021-09-30 10:56:37,62800.0,100.0,1100400.0
803,2021-09-30 10:54:45,63000.0,100.0,1100300.0
804,2021-09-30 10:54:45,63000.0,900.0,1100200.0
805,2021-09-30 10:54:22,62900.0,200.0,1099300.0
806,2021-09-30 10:54:18,62900.0,900.0,1099100.0
807,2021-09-30 10:54:18,62900.0,900.0,1098200.0
808,2021-09-30 10:54:13,62900.0,500.0,1097300.0
809,2021-09-30 10:53:47,62900.0,1000.0,1096800.0
810,2021-09-30 10:52:19,62900.0,200.0,1095800.0
811,2021-09-30 10:52:19,62900.0,1800.0,1095600.0
812,2021-09-30 10:52:02,62900.0,200.0,1093800.0
813,2021-09-30 10:51:43,62900.0,100.0,1093600.0
814,2021-09-30 10:51:41,62900.0,1000.0,1093500.0
815,2021-09-30 10:51:41,62900.0,500.0,1092500.0
816,2021-09-30 10:51:41,62900.0,200.0,1092000.0
817,2021-09-30 10:51:41,62900.0,400.0,1091800.0
818,2021-09-30 10:51:39,62900.0,100.0,1091400.0
819,2021-09-30 10:51:13,62900.0,5000.0,1091300.0
820,2021-09-30 10:51:12,62900.0,2500.0,1086300.0
821,2021-09-30 10:50:31,62900.0,100.0,1083800.0
822,2021-09-30 10:50:29,62800.0,300.0,1083700.0
823,2021-09-30 10:50:29,62800.0,100.0,1083400.0
824,2021-09-30 10:50:29,62800.0,600.0,1083300.0
825,2021-09-30 10:50:08,62900.0,1900.0,1082700.0
826,2021-09-30 10:49:51,62900.0,1000.0,1080800.0
827,2021-09-30 10:49:41,62900.0,600.0,1079800.0
828,2021-09-30 10:49:41,62900.0,400.0,1079200.0
829,2021-09-30 10:49:41,62900.0,100.0,1078800.0
830,2021-09-30 10:49:12,62900.0,100.0,1078700.0
831,2021-09-30 10:49:12,62900.0,300.0,1078600.0
832,2021-09-30 10:48:21,62900.0,200.0,1078300.0
833,2021-09-30 10:48:21,62900.0,100.0,1078100.0
834,2021-09-30 10:47:20,62900.0,200.0,1078000.0
835,2021-09-30 10:47:04,62800.0,400.0,1077800.0
836,2021-09-30 10:47:04,62800.0,100.0,1077400.0
837,2021-09-30 10:47:04,62800.0,100.0,1077300.0
838,2021-09-30 10:47:01,62900.0,100.0,1077200.0
839,2021-09-30 10:47:01,62900.0,2500.0,1077100.0
840,2021-09-30 10:46:51,62800.0,100.0,1074600.0
841,2021-09-30 10:45:25,62800.0,1000.0,1074500.0
842,2021-09-30 10:45:10,62800.0,1800.0,1073500.0
843,2021-09-30 10:45:10,62800.0,300.0,1071700.0
844,2021-09-30 10:45:10,62800.0,300.0,1071400.0
845,2021-09-30 10:45:10,62800.0,300.0,1071100.0
846,2021-09-30 10:45:10,62800.0,100.0,1070800.0
847,2021-09-30 10:45:10,62800.0,2200.0,1070700.0
848,2021-09-30 10:44:49,62800.0,500.0,1068500.0
849,2021-09-30 10:44:43,62900.0,500.0,1068000.0
850,2021-09-30 10:44:11,62900.0,100.0,1067500.0
851,2021-09-30 10:44:11,62900.0,200.0,1067400.0
852,2021-09-30 10:44:11,62900.0,1800.0,1067200.0
853,2021-09-30 10:43:47,63000.0,100.0,1065400.0
854,2021-09-30 10:43:47,63000.0,100.0,1065300.0
855,2021-09-30 10:43:47,63000.0,200.0,1065200.0
856,2021-09-30 10:43:47,63000.0,100.0,1065000.0
857,2021-09-30 10:43:20,62900.0,3200.0,1064900.0
858,2021-09-30 10:43:20,62900.0,1000.0,1061700.0
859,2021-09-30 10:43:20,62900.0,100.0,1060700.0
860,2021-09-30 10:43:20,62900.0,500.0,1060600.0
861,2021-09-30 10:43:20,62900.0,100.0,1060100.0
862,2021-09-30 10:43:20,62900.0,100.0,1060000.0
863,2021-09-30 10:42:50,62900.0,200.0,1059900.0
864,2021-09-30 10:42:00,62900.0,100.0,1059700.0
865,2021-09-30 10:41:11,62900.0,100.0,1059600.0
866,2021-09-30 10:39:51,62900.0,100.0,1059500.0
867,2021-09-30 10:39:51,62900.0,400.0,1059400.0
868,2021-09-30 10:39:21,62900.0,100.0,1059000.0
869,2021-09-30 10:39:00,63000.0,600.0,1058900.0
870,2021-09-30 10:39:00,63000.0,100.0,1058300.0
871,2021-09-30 10:39:00,62900.0,3900.0,1058200.0
872,2021-09-30 10:39:00,62900.0,200.0,1054300.0
873,2021-09-30 10:39:00,62900.0,1000.0,1054100.0
874,2021-09-30 10:39:00,62900.0,500.0,1053100.0
875,2021-09-30 10:39:00,62900.0,3000.0,1052600.0
876,2021-09-30 10:39:00,62900.0,500.0,1049600.0
877,2021-09-30 10:39:00,62900.0,200.0,1049100.0
878,2021-09-30 10:39:00,62900.0,700.0,1048900.0
879,2021-09-30 10:38:59,63000.0,600.0,1048200.0
880,2021-09-30 10:38:49,62900.0,200.0,1047600.0
881,2021-09-30 10:37:56,62900.0,100.0,1047400.0
882,2021-09-30 10:37:10,62900.0,100.0,1047300.0
883,2021-09-30 10:36:36,63000.0,300.0,1047200.0
884,2021-09-30 10:34:46,63000.0,200.0,1046900.0
885,2021-09-30 10:34:46,63000.0,300.0,1046700.0
886,2021-09-30 10:34:37,63000.0,100.0,1046400.0
887,2021-09-30 10:34:25,63000.0,100.0,1046300.0
888,2021-09-30 10:33:56,63000.0,1500.0,1046200.0
889,2021-09-30 10:33:44,63000.0,500.0,1044700.0
890,2021-09-30 10:33:34,62800.0,7300.0,1044200.0
891,2021-09-30 10:33:34,62800.0,100.0,1036900.0
892,2021-09-30 10:33:34,62800.0,200.0,1036800.0
893,2021-09-30 10:33:34,62800.0,100.0,1036600.0
894,2021-09-30 10:33:34,62800.0,100.0,1036500.0
895,2021-09-30 10:33:34,62800.0,200.0,1036400.0
896,2021-09-30 10:33:34,62800.0,300.0,1036200.0
897,2021-09-30 10:33:34,62800.0,100.0,1035900.0
898,2021-09-30 10:33:34,62800.0,200.0,1035800.0
899,2021-09-30 10:33:34,62900.0,4000.0,1035600.0
900,2021-09-30 10:33:34,62900.0,500.0,1031600.0
901,2021-09-30 10:33:34,62900.0,1000.0,1031100.0
902,2021-09-30 10:33:34,62900.0,300.0,1030100.0
903,2021-09-30 10:33:34,62900.0,100.0,1029800.0
904,2021-09-30 10:33:34,62900.0,500.0,1029700.0
905,2021-09-30 10:33:34,62900.0,2000.0,1029200.0
906,2021-09-30 10:33:34,63000.0,200.0,1027200.0
907,2021-09-30 10:33:26,63000.0,500.0,1027000.0
908,2021-09-30 10:33:26,63000.0,400.0,1026500.0
909,2021-09-30 10:33:26,63000.0,500.0,1026100.0
910,2021-09-30 10:33:26,63000.0,400.0,1025600.0
911,2021-09-30 10:32:52,63000.0,600.0,1025200.0
912,2021-09-30 10:32:52,63000.0,100.0,1024600.0
913,2021-09-30 10:32:52,63000.0,100.0,1024500.0
914,2021-09-30 10:32:52,63000.0,100.0,1024400.0
915,2021-09-30 10:32:52,63000.0,200.0,1024300.0
916,2021-09-30 10:32:52,63000.0,500.0,1024100.0
917,2021-09-30 10:32:36,62900.0,100.0,1023600.0
918,2021-09-30 10:32:36,62900.0,100.0,1023500.0
919,2021-09-30 10:32:28,63000.0,500.0,1023400.0
920,2021-09-30 10:32:28,63000.0,100.0,1022900.0
921,2021-09-30 10:32:28,63000.0,600.0,1022800.0
922,2021-09-30 10:32:28,63000.0,500.0,1022200.0
923,2021-09-30 10:32:25,63000.0,900.0,1021700.0
924,2021-09-30 10:32:22,63000.0,100.0,1020800.0
925,2021-09-30 10:32:22,63000.0,200.0,1020700.0
926,2021-09-30 10:32:22,63000.0,100.0,1020500.0
927,2021-09-30 10:32:22,63000.0,300.0,1020400.0
928,2021-09-30 10:32:17,62900.0,100.0,1020100.0
929,2021-09-30 10:32:12,63000.0,700.0,1020000.0
930,2021-09-30 10:32:12,63000.0,1300.0,1019300.0
931,2021-09-30 10:31:48,63000.0,200.0,1018000.0
932,2021-09-30 10:31:40,63000.0,1400.0,1017800.0
933,2021-09-30 10:31:30,63000.0,2100.0,1016400.0
934,2021-09-30 10:31:22,63000.0,500.0,1014300.0
935,2021-09-30 10:31:20,63000.0,2000.0,1013800.0
936,2021-09-30 10:31:11,63000.0,2000.0,1011800.0
937,2021-09-30 10:30:50,62900.0,500.0,1009800.0
938,2021-09-30 10:30:50,62900.0,600.0,1009300.0
939,2021-09-30 10:30:50,62900.0,2000.0,1008700.0
940,2021-09-30 10:30:50,62900.0,500.0,1006700.0
941,2021-09-30 10:30:34,63000.0,9800.0,1006200.0
942,2021-09-30 10:30:32,63000.0,300.0,996400.0
943,2021-09-30 10:30:16,63000.0,100.0,996100.0
944,2021-09-30 10:28:57,62900.0,100.0,996000.0
945,2021-09-30 10:28:49,62900.0,100.0,995900.0
946,2021-09-30 10:28:41,62900.0,4900.0,995800.0
947,2021-09-30 10:28:41,62900.0,100.0,990900.0
948,2021-09-30 10:28:41,62900.0,100.0,990800.0
949,2021-09-30 10:28:41,62900.0,100.0,990700.0
950,2021-09-30 10:28:08,62900.0,100.0,990600.0
951,2021-09-30 10:28:01,62900.0,100.0,990500.0
952,2021-09-30 10:27:56,63000.0,100.0,990400.0
953,2021-09-30 10:27:26,62900.0,100.0,990300.0
954,2021-09-30 10:27:24,62900.0,500.0,990200.0
955,2021-09-30 10:27:21,62900.0,100.0,989700.0
956,2021-09-30 10:27:21,62900.0,100.0,989600.0
957,2021-09-30 10:27:21,62900.0,1300.0,989500.0
958,2021-09-30 10:27:21,62900.0,4800.0,988200.0
959,2021-09-30 10:27:08,62900.0,200.0,983400.0
960,2021-09-30 10:27:08,62900.0,100.0,983200.0
961,2021-09-30 10:27:08,62900.0,200.0,983100.0
962,2021-09-30 10:27:08,62900.0,200.0,982900.0
963,2021-09-30 10:27:08,62900.0,1100.0,982700.0
964,2021-09-30 10:26:56,62900.0,1100.0,981600.0
965,2021-09-30 10:26:48,62900.0,7800.0,980500.0
966,2021-09-30 10:26:48,62900.0,2200.0,972700.0
967,2021-09-30 10:26:42,62900.0,2800.0,970500.0
968,2021-09-30 10:26:42,62900.0,500.0,967700.0
969,2021-09-30 10:26:42,62900.0,200.0,967200.0
970,2021-09-30 10:26:42,62900.0,500.0,967000.0
971,2021-09-30 10:26:42,62900.0,3000.0,966500.0
972,2021-09-30 10:26:24,63000.0,200.0,963500.0
973,2021-09-30 10:26:06,63000.0,700.0,963300.0
974,2021-09-30 10:26:03,63000.0,100.0,962600.0
975,2021-09-30 10:26:03,63000.0,200.0,962500.0
976,2021-09-30 10:25:52,63000.0,700.0,962300.0
977,2021-09-30 10:25:52,63000.0,300.0,961600.0
978,2021-09-30 10:25:52,63000.0,500.0,961300.0
979,2021-09-30 10:25:37,63000.0,500.0,960800.0
980,2021-09-30 10:25:37,63000.0,600.0,960300.0
981,2021-09-30 10:25:37,63000.0,100.0,959700.0
982,2021-09-30 10:25:37,63000.0,100.0,959600.0
983,2021-09-30 10:25:37,63000.0,500.0,959500.0
984,2021-09-30 10:25:37,63000.0,200.0,959000.0
985,2021-09-30 10:25:37,63000.0,100.0,958800.0
986,2021-09-30 10:25:37,63000.0,300.0,958700.0
987,2021-09-30 10:25:37,63000.0,3000.0,958400.0
988,2021-09-30 10:25:37,63000.0,1000.0,955400.0
989,2021-09-30 10:25:37,63000.0,200.0,954400.0
990,2021-09-30 10:25:37,63000.0,100.0,954200.0
991,2021-09-30 10:25:37,63000.0,100.0,954100.0
992,2021-09-30 10:25:37,63000.0,100.0,954000.0
993,2021-09-30 10:25:37,63000.0,4100.0,953900.0
994,2021-09-30 10:25:28,63000.0,1000.0,949800.0
995,2021-09-30 10:25:28,63100.0,400.0,948800.0
996,2021-09-30 10:25:18,63100.0,300.0,948400.0
997,2021-09-30 10:25:09,63100.0,1000.0,948100.0
998,2021-09-30 10:25:09,63100.0,100.0,947100.0
999,2021-09-30 10:25:09,63100.0,100.0,947000.0
1000,2021-09-30 10:25:09,63100.0,4100.0,946900.0
1001,2021-09-30 10:24:54,63100.0,100.0,942800.0
1002,2021-09-30 10:24:39,63100.0,500.0,942700.0
1003,2021-09-30 10:24:23,63100.0,200.0,942200.0
1004,2021-09-30 10:24:23,63100.0,100.0,942000.0
1005,2021-09-30 10:24:19,63100.0,1100.0,941900.0
1006,2021-09-30 10:24:10,63100.0,900.0,940800.0
1007,2021-09-30 10:24:07,63100.0,1900.0,939900.0
1008,2021-09-30 10:24:06,63100.0,600.0,938000.0
1009,2021-09-30 10:24:06,63100.0,400.0,937400.0
1010,2021-09-30 10:24:02,63200.0,100.0,937000.0
1011,2021-09-30 10:23:53,63100.0,4600.0,936900.0
1012,2021-09-30 10:23:53,63100.0,400.0,932300.0
1013,2021-09-30 10:23:53,63100.0,100.0,931900.0
1014,2021-09-30 10:23:33,63200.0,800.0,931800.0
1015,2021-09-30 10:23:33,63200.0,200.0,931000.0
1016,2021-09-30 10:22:51,63200.0,2000.0,930800.0
1017,2021-09-30 10:22:42,63000.0,13900.0,928800.0
1018,2021-09-30 10:22:42,63100.0,100.0,914900.0
1019,2021-09-30 10:22:42,63100.0,100.0,914800.0
1020,2021-09-30 10:22:42,63100.0,2000.0,914700.0
1021,2021-09-30 10:22:42,63100.0,1000.0,912700.0
1022,2021-09-30 10:22:42,63100.0,500.0,911700.0
1023,2021-09-30 10:22:42,63100.0,1000.0,911200.0
1024,2021-09-30 10:22:42,63100.0,300.0,910200.0
1025,2021-09-30 10:22:42,63100.0,100.0,909900.0
1026,2021-09-30 10:22:34,63100.0,100.0,909800.0
1027,2021-09-30 10:22:05,63200.0,100.0,909700.0
1028,2021-09-30 10:21:13,63200.0,500.0,909600.0
1029,2021-09-30 10:21:11,63200.0,2200.0,909100.0
1030,2021-09-30 10:21:11,63200.0,500.0,906900.0
1031,2021-09-30 10:21:11,63200.0,200.0,906400.0
1032,2021-09-30 10:21:11,63200.0,100.0,906200.0
1033,2021-09-30 10:21:11,63200.0,100.0,906100.0
1034,2021-09-30 10:21:11,63200.0,400.0,906000.0
1035,2021-09-30 10:21:11,63200.0,500.0,905600.0
1036,2021-09-30 10:21:08,63200.0,200.0,905100.0
1037,2021-09-30 10:20:49,63200.0,200.0,904900.0
1038,2021-09-30 10:20:46,63200.0,300.0,904700.0
1039,2021-09-30 10:20:35,63200.0,200.0,904400.0
1040,2021-09-30 10:20:22,63200.0,600.0,904200.0
1041,2021-09-30 10:20:22,63200.0,2000.0,903600.0
1042,2021-09-30 10:20:22,63200.0,100.0,901600.0
1043,2021-09-30 10:20:22,63200.0,100.0,901500.0
1044,2021-09-30 10:19:26,63100.0,100.0,901400.0
1045,2021-09-30 10:19:25,63100.0,2000.0,901300.0
1046,2021-09-30 10:19:25,63100.0,200.0,899300.0
1047,2021-09-30 10:19:25,63100.0,100.0,899100.0
1048,2021-09-30 10:19:25,63100.0,700.0,899000.0
1049,2021-09-30 10:19:22,63100.0,100.0,898300.0
1050,2021-09-30 10:19:21,63000.0,500.0,898200.0
1051,2021-09-30 10:18:38,63100.0,100.0,897700.0
1052,2021-09-30 10:17:43,63000.0,100.0,897600.0
1053,2021-09-30 10:17:39,63100.0,100.0,897500.0
1054,2021-09-30 10:17:29,63000.0,100.0,897400.0
1055,2021-09-30 10:17:13,63000.0,300.0,897300.0
1056,2021-09-30 10:17:13,63000.0,700.0,897000.0
1057,2021-09-30 10:17:02,63000.0,100.0,896300.0
1058,2021-09-30 10:17:02,63000.0,100.0,896200.0
1059,2021-09-30 10:17:02,63000.0,200.0,896100.0
1060,2021-09-30 10:16:40,63000.0,100.0,895900.0
1061,2021-09-30 10:16:37,63000.0,100.0,895800.0
1062,2021-09-30 10:16:37,63000.0,600.0,895700.0
1063,2021-09-30 10:16:28,63000.0,100.0,895100.0
1064,2021-09-30 10:16:20,63000.0,200.0,895000.0
1065,2021-09-30 10:15:40,63000.0,100.0,894800.0
1066,2021-09-30 10:15:32,63000.0,100.0,894700.0
1067,2021-09-30 10:15:32,63000.0,100.0,894600.0
1068,2021-09-30 10:15:32,63000.0,500.0,894500.0
1069,2021-09-30 10:15:32,63000.0,100.0,894000.0
1070,2021-09-30 10:15:32,63000.0,200.0,893900.0
1071,2021-09-30 10:15:32,63000.0,100.0,893700.0
1072,2021-09-30 10:15:32,63000.0,900.0,893600.0
1073,2021-09-30 10:15:32,63000.0,200.0,892700.0
1074,2021-09-30 10:15:32,63000.0,100.0,892500.0
1075,2021-09-30 10:15:32,63000.0,400.0,892400.0
1076,2021-09-30 10:15:32,63000.0,1200.0,892000.0
1077,2021-09-30 10:15:19,63000.0,300.0,890800.0
1078,2021-09-30 10:14:50,63000.0,200.0,890500.0
1079,2021-09-30 10:14:35,63000.0,300.0,890300.0
1080,2021-09-30 10:14:35,63000.0,100.0,890000.0
1081,2021-09-30 10:14:35,63000.0,500.0,889900.0
1082,2021-09-30 10:14:35,63000.0,1100.0,889400.0
1083,2021-09-30 10:14:24,63000.0,900.0,888300.0
1084,2021-09-30 10:14:24,63000.0,500.0,887400.0
1085,2021-09-30 10:14:24,63000.0,400.0,886900.0
1086,2021-09-30 10:14:11,63000.0,100.0,886500.0
1087,2021-09-30 10:13:19,63000.0,200.0,886400.0
1088,2021-09-30 10:13:19,63000.0,100.0,886200.0
1089,2021-09-30 10:13:19,63200.0,500.0,886100.0
1090,2021-09-30 10:13:13,63000.0,500.0,885600.0
1091,2021-09-30 10:12:51,63000.0,200.0,885100.0
1092,2021-09-30 10:12:43,63000.0,500.0,884900.0
1093,2021-09-30 10:12:17,63000.0,200.0,884400.0
1094,2021-09-30 10:12:13,63000.0,100.0,884200.0
1095,2021-09-30 10:11:44,63000.0,1000.0,884100.0
1096,2021-09-30 10:11:42,63200.0,500.0,883100.0
1097,2021-09-30 10:11:42,63200.0,1000.0,882600.0
1098,2021-09-30 10:11:42,63000.0,600.0,881600.0
1099,2021-09-30 10:11:42,63000.0,100.0,881000.0
1100,2021-09-30 10:11:23,63000.0,100.0,880900.0
1101,2021-09-30 10:11:23,63000.0,800.0,880800.0
1102,2021-09-30 10:11:19,63000.0,1800.0,880000.0
1103,2021-09-30 10:11:07,63000.0,1000.0,878200.0
1104,2021-09-30 10:11:03,63000.0,100.0,877200.0
1105,2021-09-30 10:10:53,63000.0,5000.0,877100.0
1106,2021-09-30 10:10:22,63000.0,200.0,872100.0
1107,2021-09-30 10:10:16,63000.0,300.0,871900.0
1108,2021-09-30 10:10:09,63000.0,3500.0,871600.0
1109,2021-09-30 10:10:09,63000.0,1000.0,868100.0
1110,2021-09-30 10:10:09,63000.0,300.0,867100.0
1111,2021-09-30 10:10:09,63000.0,100.0,866800.0
1112,2021-09-30 10:10:09,63000.0,100.0,866700.0
1113,2021-09-30 10:09:52,63000.0,100.0,866600.0
1114,2021-09-30 10:09:44,63000.0,100.0,866500.0
1115,2021-09-30 10:09:44,63000.0,200.0,866400.0
1116,2021-09-30 10:09:44,63000.0,2000.0,866200.0
1117,2021-09-30 10:09:44,63000.0,100.0,864200.0
1118,2021-09-30 10:09:44,63000.0,600.0,864100.0
1119,2021-09-30 10:09:35,63000.0,100.0,863500.0
1120,2021-09-30 10:09:18,63000.0,2300.0,863400.0
1121,2021-09-30 10:09:18,63000.0,100.0,861100.0
1122,2021-09-30 10:09:18,63000.0,400.0,861000.0
1123,2021-09-30 10:09:18,63000.0,200.0,860600.0
1124,2021-09-30 10:09:18,63000.0,100.0,860400.0
1125,2021-09-30 10:09:18,63000.0,100.0,860300.0
1126,2021-09-30 10:09:18,63000.0,2000.0,860200.0
1127,2021-09-30 10:09:18,63000.0,100.0,858200.0
1128,2021-09-30 10:09:18,63000.0,100.0,858100.0
1129,2021-09-30 10:09:18,63000.0,100.0,858000.0
1130,2021-09-30 10:09:18,63000.0,100.0,857900.0
1131,2021-09-30 10:09:18,63000.0,200.0,857800.0
1132,2021-09-30 10:09:18,63000.0,2000.0,857600.0
1133,2021-09-30 10:09:18,63100.0,100.0,855600.0
1134,2021-09-30 10:09:18,63100.0,1000.0,855500.0
1135,2021-09-30 10:09:18,63100.0,600.0,854500.0
1136,2021-09-30 10:09:18,63100.0,200.0,853900.0
1137,2021-09-30 10:09:18,63100.0,200.0,853700.0
1138,2021-09-30 10:09:18,63100.0,5000.0,853500.0
1139,2021-09-30 10:09:18,63100.0,100.0,848500.0
1140,2021-09-30 10:08:36,63100.0,500.0,848400.0
1141,2021-09-30 10:08:00,63100.0,100.0,847900.0
1142,2021-09-30 10:07:48,63200.0,400.0,847800.0
1143,2021-09-30 10:07:46,63300.0,300.0,847400.0
1144,2021-09-30 10:07:26,63200.0,100.0,847100.0
1145,2021-09-30 10:07:11,63300.0,200.0,847000.0
1146,2021-09-30 10:07:11,63200.0,100.0,846800.0
1147,2021-09-30 10:06:26,63300.0,18600.0,846700.0
1148,2021-09-30 10:05:20,63400.0,200.0,828100.0
1149,2021-09-30 10:04:57,63400.0,100.0,827900.0
1150,2021-09-30 10:04:49,63300.0,200.0,827800.0
1151,2021-09-30 10:04:49,63300.0,200.0,827600.0
1152,2021-09-30 10:04:34,63400.0,500.0,827400.0
1153,2021-09-30 10:04:27,63400.0,100.0,826900.0
1154,2021-09-30 10:03:52,63400.0,800.0,826800.0
1155,2021-09-30 10:03:52,63400.0,1200.0,826000.0
1156,2021-09-30 10:03:52,63400.0,500.0,824800.0
1157,2021-09-30 10:03:52,63400.0,600.0,824300.0
1158,2021-09-30 10:03:52,63400.0,1000.0,823700.0
1159,2021-09-30 10:03:52,63400.0,500.0,822700.0
1160,2021-09-30 10:03:52,63400.0,100.0,822200.0
1161,2021-09-30 10:03:52,63400.0,2000.0,822100.0
1162,2021-09-30 10:03:52,63400.0,2000.0,820100.0
1163,2021-09-30 10:03:52,63400.0,200.0,818100.0
1164,2021-09-30 10:03:52,63400.0,100.0,817900.0
1165,2021-09-30 10:03:52,63400.0,200.0,817800.0
1166,2021-09-30 10:03:52,63400.0,100.0,817600.0
1167,2021-09-30 10:03:52,63400.0,1000.0,817500.0
1168,2021-09-30 10:03:52,63400.0,100.0,816500.0
1169,2021-09-30 10:03:52,63400.0,100.0,816400.0
1170,2021-09-30 10:03:52,63400.0,1900.0,816300.0
1171,2021-09-30 10:03:49,63300.0,500.0,814400.0
1172,2021-09-30 10:03:24,63300.0,1000.0,813900.0
1173,2021-09-30 10:03:21,63300.0,100.0,812900.0
1174,2021-09-30 10:03:12,63300.0,200.0,812800.0
1175,2021-09-30 10:03:09,63200.0,100.0,812600.0
1176,2021-09-30 10:02:59,63300.0,100.0,812500.0
1177,2021-09-30 10:02:43,63300.0,100.0,812400.0
1178,2021-09-30 10:02:42,63300.0,100.0,812300.0
1179,2021-09-30 10:02:40,63300.0,600.0,812200.0
1180,2021-09-30 10:02:39,63300.0,300.0,811600.0
1181,2021-09-30 10:02:38,63300.0,500.0,811300.0
1182,2021-09-30 10:02:37,63300.0,600.0,810800.0
1183,2021-09-30 10:02:15,63300.0,100.0,810200.0
1184,2021-09-30 10:02:06,63300.0,100.0,810100.0
1185,2021-09-30 10:02:06,63300.0,600.0,810000.0
1186,2021-09-30 10:01:58,63300.0,400.0,809400.0
1187,2021-09-30 10:01:58,63300.0,1000.0,809000.0
1188,2021-09-30 10:01:58,63300.0,100.0,808000.0
1189,2021-09-30 10:01:58,63300.0,1000.0,807900.0
1190,2021-09-30 10:01:58,63300.0,300.0,806900.0
1191,2021-09-30 10:01:58,63300.0,1000.0,806600.0
1192,2021-09-30 10:01:58,63300.0,100.0,805600.0
1193,2021-09-30 10:01:58,63300.0,300.0,805500.0
1194,2021-09-30 10:01:58,63300.0,800.0,805200.0
1195,2021-09-30 10:01:56,63200.0,200.0,804400.0
1196,2021-09-30 10:01:23,63300.0,200.0,804200.0
1197,2021-09-30 10:01:23,63300.0,300.0,804000.0
1198,2021-09-30 10:01:10,63200.0,300.0,803700.0
1199,2021-09-30 10:01:00,63200.0,200.0,803400.0
1200,2021-09-30 10:00:17,63300.0,300.0,803200.0
1201,2021-09-30 09:59:49,63200.0,200.0,802900.0
1202,2021-09-30 09:59:43,63300.0,2400.0,802700.0
1203,2021-09-30 09:59:43,63300.0,1200.0,800300.0
1204,2021-09-30 09:59:43,63300.0,200.0,799100.0
1205,2021-09-30 09:59:43,63300.0,100.0,798900.0
1206,2021-09-30 09:59:43,63300.0,1000.0,798800.0
1207,2021-09-30 09:59:43,63300.0,100.0,797800.0
1208,2021-09-30 09:59:38,63200.0,100.0,797700.0
1209,2021-09-30 09:59:33,63300.0,100.0,797600.0
1210,2021-09-30 09:59:29,63200.0,200.0,797500.0
1211,2021-09-30 09:59:18,63200.0,300.0,797300.0
1212,2021-09-30 09:59:17,63300.0,100.0,797000.0
1213,2021-09-30 09:59:08,63200.0,100.0,796900.0
1214,2021-09-30 09:59:02,63300.0,700.0,796800.0
1215,2021-09-30 09:59:02,63300.0,100.0,796100.0
1216,2021-09-30 09:59:02,63300.0,2000.0,796000.0
1217,2021-09-30 09:59:02,63300.0,1000.0,794000.0
1218,2021-09-30 09:59:02,63300.0,100.0,793000.0
1219,2021-09-30 09:59:02,63300.0,800.0,792900.0
1220,2021-09-30 09:59:01,63200.0,500.0,792100.0
1221,2021-09-30 09:58:49,63300.0,500.0,791600.0
1222,2021-09-30 09:58:39,63200.0,100.0,791100.0
1223,2021-09-30 09:58:37,63200.0,100.0,791000.0
1224,2021-09-30 09:58:36,63200.0,200.0,790900.0
1225,2021-09-30 09:58:33,63200.0,300.0,790700.0
1226,2021-09-30 09:58:22,63200.0,100.0,790400.0
1227,2021-09-30 09:58:17,63200.0,100.0,790300.0
1228,2021-09-30 09:58:16,63200.0,200.0,790200.0
1229,2021-09-30 09:58:16,63200.0,200.0,790000.0
1230,2021-09-30 09:58:06,63200.0,100.0,789800.0
1231,2021-09-30 09:57:55,63200.0,200.0,789700.0
1232,2021-09-30 09:57:53,63200.0,300.0,789500.0
1233,2021-09-30 09:57:40,63300.0,3700.0,789200.0
1234,2021-09-30 09:57:40,63300.0,200.0,785500.0
1235,2021-09-30 09:57:40,63300.0,200.0,785300.0
1236,2021-09-30 09:57:40,63200.0,200.0,785100.0
1237,2021-09-30 09:57:31,63200.0,100.0,784900.0
1238,2021-09-30 09:57:31,63200.0,300.0,784800.0
1239,2021-09-30 09:57:31,63200.0,200.0,784500.0
1240,2021-09-30 09:57:28,63200.0,100.0,784300.0
1241,2021-09-30 09:57:17,63200.0,200.0,784200.0
1242,2021-09-30 09:57:16,63300.0,100.0,784000.0
1243,2021-09-30 09:57:16,63300.0,200.0,783900.0
1244,2021-09-30 09:57:16,63300.0,1000.0,783700.0
1245,2021-09-30 09:57:16,63300.0,500.0,782700.0
1246,2021-09-30 09:57:08,63300.0,500.0,782200.0
1247,2021-09-30 09:56:56,63300.0,100.0,781700.0
1248,2021-09-30 09:56:40,63300.0,200.0,781600.0
1249,2021-09-30 09:56:37,63300.0,200.0,781400.0
1250,2021-09-30 09:56:31,63400.0,100.0,781200.0
1251,2021-09-30 09:56:23,63400.0,100.0,781100.0
1252,2021-09-30 09:55:56,63400.0,2000.0,781000.0
1253,2021-09-30 09:55:56,63400.0,500.0,779000.0
1254,2021-09-30 09:55:56,63400.0,100.0,778500.0
1255,2021-09-30 09:55:56,63400.0,100.0,778400.0
1256,2021-09-30 09:55:56,63400.0,500.0,778300.0
1257,2021-09-30 09:55:56,63400.0,900.0,777800.0
1258,2021-09-30 09:55:56,63400.0,2000.0,776900.0
1259,2021-09-30 09:55:56,63400.0,1000.0,774900.0
1260,2021-09-30 09:55:56,63400.0,900.0,773900.0
1261,2021-09-30 09:55:50,63400.0,100.0,773000.0
1262,2021-09-30 09:55:50,63400.0,400.0,772900.0
1263,2021-09-30 09:55:39,63400.0,300.0,772500.0
1264,2021-09-30 09:54:53,63400.0,3400.0,772200.0
1265,2021-09-30 09:54:53,63300.0,1000.0,768800.0
1266,2021-09-30 09:54:53,63300.0,1000.0,767800.0
1267,2021-09-30 09:54:53,63300.0,200.0,766800.0
1268,2021-09-30 09:54:53,63300.0,100.0,766600.0
1269,2021-09-30 09:54:53,63300.0,200.0,766500.0
1270,2021-09-30 09:54:53,63300.0,100.0,766300.0
1271,2021-09-30 09:54:49,63100.0,300.0,766200.0
1272,2021-09-30 09:54:49,63100.0,100.0,765900.0
1273,2021-09-30 09:54:41,63300.0,200.0,765800.0
1274,2021-09-30 09:54:41,63300.0,100.0,765600.0
1275,2021-09-30 09:54:34,63300.0,700.0,765500.0
1276,2021-09-30 09:54:33,63300.0,100.0,764800.0
1277,2021-09-30 09:54:24,63300.0,9100.0,764700.0
1278,2021-09-30 09:54:24,63300.0,500.0,755600.0
1279,2021-09-30 09:54:24,63300.0,200.0,755100.0
1280,2021-09-30 09:54:24,63300.0,200.0,754900.0
1281,2021-09-30 09:54:22,63300.0,400.0,754700.0
1282,2021-09-30 09:54:06,63300.0,1600.0,754300.0
1283,2021-09-30 09:54:04,63200.0,100.0,752700.0
1284,2021-09-30 09:54:04,63100.0,100.0,752600.0
1285,2021-09-30 09:53:27,63300.0,500.0,752500.0
1286,2021-09-30 09:53:27,63300.0,600.0,752000.0
1287,2021-09-30 09:53:27,63200.0,100.0,751400.0
1288,2021-09-30 09:53:27,63200.0,1000.0,751300.0
1289,2021-09-30 09:53:27,63100.0,100.0,750300.0
1290,2021-09-30 09:53:27,63100.0,100.0,750200.0
1291,2021-09-30 09:53:27,63100.0,1600.0,750100.0
1292,2021-09-30 09:53:27,63100.0,100.0,748500.0
1293,2021-09-30 09:53:27,63100.0,500.0,748400.0
1294,2021-09-30 09:53:27,63100.0,300.0,747900.0
1295,2021-09-30 09:53:27,63100.0,100.0,747600.0
1296,2021-09-30 09:53:26,63000.0,100.0,747500.0
1297,2021-09-30 09:53:26,63100.0,4400.0,747400.0
1298,2021-09-30 09:53:24,63000.0,1000.0,743000.0
1299,2021-09-30 09:53:22,63000.0,500.0,742000.0
1300,2021-09-30 09:53:19,63000.0,500.0,741500.0
1301,2021-09-30 09:53:17,63000.0,500.0,741000.0
1302,2021-09-30 09:53:11,63000.0,100.0,740500.0
1303,2021-09-30 09:53:11,63000.0,400.0,740400.0
1304,2021-09-30 09:53:09,63000.0,1000.0,740000.0
1305,2021-09-30 09:53:02,63000.0,200.0,739000.0
1306,2021-09-30 09:53:02,63000.0,200.0,738800.0
1307,2021-09-30 09:53:02,63000.0,200.0,738600.0
1308,2021-09-30 09:52:58,63000.0,800.0,738400.0
1309,2021-09-30 09:52:58,63000.0,200.0,737600.0
1310,2021-09-30 09:52:33,63000.0,1000.0,737400.0
1311,2021-09-30 09:52:29,63000.0,500.0,736400.0
1312,2021-09-30 09:52:29,63000.0,500.0,735900.0
1313,2021-09-30 09:52:29,63000.0,1000.0,735400.0
1314,2021-09-30 09:52:29,63000.0,5000.0,734400.0
1315,2021-09-30 09:51:48,63000.0,200.0,729400.0
1316,2021-09-30 09:51:48,63000.0,100.0,729200.0
1317,2021-09-30 09:51:48,63000.0,100.0,729100.0
1318,2021-09-30 09:51:48,63000.0,100.0,729000.0
1319,2021-09-30 09:51:44,63000.0,100.0,728900.0
1320,2021-09-30 09:51:44,63000.0,100.0,728800.0
1321,2021-09-30 09:51:42,63000.0,100.0,728700.0
1322,2021-09-30 09:51:33,62900.0,2000.0,728600.0
1323,2021-09-30 09:51:32,63000.0,200.0,726600.0
1324,2021-09-30 09:51:30,63000.0,600.0,726400.0
1325,2021-09-30 09:51:30,63000.0,300.0,725800.0
1326,2021-09-30 09:51:30,63000.0,100.0,725500.0
1327,2021-09-30 09:51:18,63000.0,200.0,725400.0
1328,2021-09-30 09:51:17,63000.0,600.0,725200.0
1329,2021-09-30 09:51:12,63000.0,100.0,724600.0
1330,2021-09-30 09:51:00,63000.0,600.0,724500.0
1331,2021-09-30 09:50:44,63000.0,100.0,723900.0
1332,2021-09-30 09:50:40,63000.0,300.0,723800.0
1333,2021-09-30 09:50:37,63000.0,200.0,723500.0
1334,2021-09-30 09:50:29,63000.0,200.0,723300.0
1335,2021-09-30 09:50:25,63000.0,200.0,723100.0
1336,2021-09-30 09:50:25,63000.0,300.0,722900.0
1337,2021-09-30 09:50:25,63000.0,100.0,722600.0
1338,2021-09-30 09:50:21,63000.0,900.0,722500.0
1339,2021-09-30 09:50:15,63000.0,1000.0,721600.0
1340,2021-09-30 09:50:12,63000.0,3100.0,720600.0
1341,2021-09-30 09:50:12,63000.0,100.0,717500.0
1342,2021-09-30 09:50:12,63000.0,1300.0,717400.0
1343,2021-09-30 09:50:12,63000.0,200.0,716100.0
1344,2021-09-30 09:50:12,63000.0,300.0,715900.0
1345,2021-09-30 09:50:04,63000.0,100.0,715600.0
1346,2021-09-30 09:50:02,63000.0,200.0,715500.0
1347,2021-09-30 09:50:01,63000.0,100.0,715300.0
1348,2021-09-30 09:49:58,63000.0,400.0,715200.0
1349,2021-09-30 09:49:58,63000.0,500.0,714800.0
1350,2021-09-30 09:49:58,63000.0,100.0,714300.0
1351,2021-09-30 09:49:22,63000.0,200.0,714200.0
1352,2021-09-30 09:49:21,63000.0,200.0,714000.0
1353,2021-09-30 09:49:05,63000.0,500.0,713800.0
1354,2021-09-30 09:48:58,63100.0,100.0,713300.0
1355,2021-09-30 09:48:53,63100.0,200.0,713200.0
1356,2021-09-30 09:48:48,63100.0,200.0,713000.0
1357,2021-09-30 09:48:48,63100.0,100.0,712800.0
1358,2021-09-30 09:48:41,63000.0,1000.0,712700.0
1359,2021-09-30 09:48:34,63000.0,100.0,711700.0
1360,2021-09-30 09:48:30,63000.0,200.0,711600.0
1361,2021-09-30 09:48:11,63000.0,400.0,711400.0
1362,2021-09-30 09:48:11,63000.0,300.0,711000.0
1363,2021-09-30 09:48:09,63000.0,200.0,710700.0
1364,2021-09-30 09:48:09,63000.0,400.0,710500.0
1365,2021-09-30 09:47:59,63000.0,200.0,710100.0
1366,2021-09-30 09:47:59,63000.0,100.0,709900.0
1367,2021-09-30 09:47:48,63000.0,300.0,709800.0
1368,2021-09-30 09:47:48,63000.0,100.0,709500.0
1369,2021-09-30 09:47:48,63000.0,500.0,709400.0
1370,2021-09-30 09:47:48,63000.0,300.0,708900.0
1371,2021-09-30 09:47:48,63000.0,300.0,708600.0
1372,2021-09-30 09:47:39,63000.0,700.0,708300.0
1373,2021-09-30 09:47:39,63000.0,100.0,707600.0
1374,2021-09-30 09:47:39,63000.0,200.0,707500.0
1375,2021-09-30 09:47:19,63000.0,300.0,707300.0
1376,2021-09-30 09:47:19,63000.0,200.0,707000.0
1377,2021-09-30 09:47:19,63000.0,1000.0,706800.0
1378,2021-09-30 09:47:15,62800.0,400.0,705800.0
1379,2021-09-30 09:47:15,62800.0,600.0,705400.0
1380,2021-09-30 09:47:08,63000.0,100.0,704800.0
1381,2021-09-30 09:47:04,62900.0,100.0,704700.0
1382,2021-09-30 09:47:04,62900.0,400.0,704600.0
1383,2021-09-30 09:47:01,62900.0,100.0,704200.0
1384,2021-09-30 09:47:00,62900.0,300.0,704100.0
1385,2021-09-30 09:46:52,62900.0,400.0,703800.0
1386,2021-09-30 09:46:50,62900.0,500.0,703400.0
1387,2021-09-30 09:46:48,62800.0,600.0,702900.0
1388,2021-09-30 09:46:45,62900.0,100.0,702300.0
1389,2021-09-30 09:46:44,62900.0,100.0,702200.0
1390,2021-09-30 09:46:41,62900.0,100.0,702100.0
1391,2021-09-30 09:46:41,62900.0,100.0,702000.0
1392,2021-09-30 09:46:30,62800.0,200.0,701900.0
1393,2021-09-30 09:46:30,62800.0,300.0,701700.0
1394,2021-09-30 09:46:28,62900.0,100.0,701400.0
1395,2021-09-30 09:46:27,62900.0,200.0,701300.0
1396,2021-09-30 09:46:26,62900.0,100.0,701100.0
1397,2021-09-30 09:46:25,63000.0,900.0,701000.0
1398,2021-09-30 09:46:25,63000.0,300.0,700100.0
1399,2021-09-30 09:46:25,63000.0,300.0,699800.0
1400,2021-09-30 09:46:25,63000.0,200.0,699500.0
1401,2021-09-30 09:46:25,63000.0,1400.0,699300.0
1402,2021-09-30 09:46:25,63000.0,100.0,697900.0
1403,2021-09-30 09:46:25,63000.0,2800.0,697800.0
1404,2021-09-30 09:46:23,62900.0,400.0,695000.0
1405,2021-09-30 09:46:19,62900.0,500.0,694600.0
1406,2021-09-30 09:46:17,63000.0,400.0,694100.0
1407,2021-09-30 09:46:05,63000.0,800.0,693700.0
1408,2021-09-30 09:46:04,63000.0,500.0,692900.0
1409,2021-09-30 09:46:04,63000.0,2100.0,692400.0
1410,2021-09-30 09:46:04,63000.0,500.0,690300.0
1411,2021-09-30 09:46:04,63000.0,100.0,689800.0
1412,2021-09-30 09:46:04,63000.0,1000.0,689700.0
1413,2021-09-30 09:46:04,63000.0,1800.0,688700.0
1414,2021-09-30 09:46:01,63000.0,200.0,686900.0
1415,2021-09-30 09:46:01,63000.0,100.0,686700.0
1416,2021-09-30 09:46:01,63000.0,600.0,686600.0
1417,2021-09-30 09:46:01,63000.0,100.0,686000.0
1418,2021-09-30 09:46:00,63000.0,100.0,685900.0
1419,2021-09-30 09:45:54,63300.0,1200.0,685800.0
1420,2021-09-30 09:45:52,63300.0,5000.0,684600.0
1421,2021-09-30 09:45:49,63300.0,5000.0,679600.0
1422,2021-09-30 09:45:49,63300.0,500.0,674600.0
1423,2021-09-30 09:45:43,63300.0,1000.0,674100.0
1424,2021-09-30 09:45:42,63300.0,3000.0,673100.0
1425,2021-09-30 09:45:36,63400.0,900.0,670100.0
1426,2021-09-30 09:45:33,63400.0,100.0,669200.0
1427,2021-09-30 09:45:24,63500.0,1000.0,669100.0
1428,2021-09-30 09:45:22,63500.0,500.0,668100.0
1429,2021-09-30 09:45:16,63500.0,100.0,667600.0
1430,2021-09-30 09:45:16,63500.0,1000.0,667500.0
1431,2021-09-30 09:45:16,63400.0,1000.0,666500.0
1432,2021-09-30 09:45:06,63500.0,100.0,665500.0
1433,2021-09-30 09:45:05,63500.0,400.0,665400.0
1434,2021-09-30 09:45:01,63500.0,1000.0,665000.0
1435,2021-09-30 09:45:01,63400.0,2000.0,664000.0
1436,2021-09-30 09:45:01,63400.0,500.0,662000.0
1437,2021-09-30 09:45:01,63400.0,1000.0,661500.0
1438,2021-09-30 09:45:01,63400.0,100.0,660500.0
1439,2021-09-30 09:45:01,63400.0,200.0,660400.0
1440,2021-09-30 09:45:01,63400.0,200.0,660200.0
1441,2021-09-30 09:45:01,63400.0,1000.0,660000.0
1442,2021-09-30 09:44:56,63400.0,500.0,659000.0
1443,2021-09-30 09:44:43,63500.0,100.0,658500.0
1444,2021-09-30 09:44:31,63500.0,100.0,658400.0
1445,2021-09-30 09:44:31,63500.0,2700.0,658300.0
1446,2021-09-30 09:44:28,63500.0,400.0,655600.0
1447,2021-09-30 09:44:27,63500.0,500.0,655200.0
1448,2021-09-30 09:44:27,63500.0,100.0,654700.0
1449,2021-09-30 09:44:27,63500.0,1600.0,654600.0
1450,2021-09-30 09:44:27,63500.0,700.0,653000.0
1451,2021-09-30 09:44:22,63500.0,900.0,652300.0
1452,2021-09-30 09:44:16,63500.0,1000.0,651400.0
1453,2021-09-30 09:44:16,63500.0,400.0,650400.0
1454,2021-09-30 09:44:16,63500.0,600.0,650000.0
1455,2021-09-30 09:44:12,63400.0,200.0,649400.0
1456,2021-09-30 09:44:12,63500.0,400.0,649200.0
1457,2021-09-30 09:44:12,63500.0,600.0,648800.0
1458,2021-09-30 09:44:12,63500.0,200.0,648200.0
1459,2021-09-30 09:44:07,63500.0,2000.0,648000.0
1460,2021-09-30 09:44:06,63500.0,500.0,646000.0
1461,2021-09-30 09:44:04,63500.0,200.0,645500.0
1462,2021-09-30 09:44:02,63500.0,200.0,645300.0
1463,2021-09-30 09:44:01,63500.0,100.0,645100.0
1464,2021-09-30 09:43:57,63500.0,1400.0,645000.0
1465,2021-09-30 09:43:57,63400.0,100.0,643600.0
1466,2021-09-30 09:43:56,63400.0,100.0,643500.0
1467,2021-09-30 09:43:55,63400.0,100.0,643400.0
1468,2021-09-30 09:43:54,63500.0,3800.0,643300.0
1469,2021-09-30 09:43:53,63500.0,1000.0,639500.0
1470,2021-09-30 09:43:49,63400.0,400.0,638500.0
1471,2021-09-30 09:43:49,63500.0,100.0,638100.0
1472,2021-09-30 09:43:48,63500.0,200.0,638000.0
1473,2021-09-30 09:43:47,63500.0,100.0,637800.0
1474,2021-09-30 09:43:46,63500.0,1000.0,637700.0
1475,2021-09-30 09:43:46,63700.0,1300.0,636700.0
1476,2021-09-30 09:43:46,63600.0,1000.0,635400.0
1477,2021-09-30 09:43:46,63500.0,200.0,634400.0
1478,2021-09-30 09:43:46,63500.0,100.0,634200.0
1479,2021-09-30 09:43:46,63500.0,1000.0,634100.0
1480,2021-09-30 09:43:46,63500.0,200.0,633100.0
1481,2021-09-30 09:43:46,63500.0,200.0,632900.0
1482,2021-09-30 09:43:46,63500.0,100.0,632700.0
1483,2021-09-30 09:43:46,63500.0,200.0,632600.0
1484,2021-09-30 09:43:46,63500.0,500.0,632400.0
1485,2021-09-30 09:43:46,63500.0,1000.0,631900.0
1486,2021-09-30 09:43:46,63500.0,200.0,630900.0
1487,2021-09-30 09:43:46,63500.0,100.0,630700.0
1488,2021-09-30 09:43:43,63400.0,100.0,630600.0
1489,2021-09-30 09:43:40,63500.0,1000.0,630500.0
1490,2021-09-30 09:43:39,63500.0,700.0,629500.0
1491,2021-09-30 09:43:39,63500.0,100.0,628800.0
1492,2021-09-30 09:43:39,63500.0,200.0,628700.0
1493,2021-09-30 09:43:26,63400.0,400.0,628500.0
1494,2021-09-30 09:43:22,63300.0,100.0,628100.0
1495,2021-09-30 09:43:21,63400.0,600.0,628000.0
1496,2021-09-30 09:43:20,63400.0,500.0,627400.0
1497,2021-09-30 09:43:16,63400.0,1000.0,626900.0
1498,2021-09-30 09:43:02,63300.0,500.0,625900.0
1499,2021-09-30 09:43:02,63300.0,100.0,625400.0
1500,2021-09-30 09:43:02,63300.0,1000.0,625300.0
1501,2021-09-30 09:43:02,63200.0,500.0,624300.0
1502,2021-09-30 09:43:02,63200.0,1000.0,623800.0
1503,2021-09-30 09:43:02,63200.0,600.0,622800.0
1504,2021-09-30 09:43:02,63200.0,1000.0,622200.0
1505,2021-09-30 09:43:02,63200.0,9500.0,621200.0
1506,2021-09-30 09:43:00,63200.0,300.0,611700.0
1507,2021-09-30 09:42:58,63000.0,400.0,611400.0
1508,2021-09-30 09:42:55,63000.0,100.0,611000.0
1509,2021-09-30 09:42:54,63200.0,200.0,610900.0
1510,2021-09-30 09:42:54,63200.0,100.0,610700.0
1511,2021-09-30 09:42:54,63000.0,100.0,610600.0
1512,2021-09-30 09:42:54,63000.0,200.0,610500.0
1513,2021-09-30 09:42:54,63000.0,300.0,610300.0
1514,2021-09-30 09:42:54,63000.0,1200.0,610000.0
1515,2021-09-30 09:42:54,63000.0,100.0,608800.0
1516,2021-09-30 09:42:54,63000.0,100.0,608700.0
1517,2021-09-30 09:42:54,63000.0,100.0,608600.0
1518,2021-09-30 09:42:54,63000.0,1000.0,608500.0
1519,2021-09-30 09:42:54,63000.0,200.0,607500.0
1520,2021-09-30 09:42:54,63000.0,100.0,607300.0
1521,2021-09-30 09:42:54,63000.0,100.0,607200.0
1522,2021-09-30 09:42:54,63000.0,100.0,607100.0
1523,2021-09-30 09:42:54,63000.0,200.0,607000.0
1524,2021-09-30 09:42:54,63000.0,400.0,606800.0
1525,2021-09-30 09:42:54,63000.0,200.0,606400.0
1526,2021-09-30 09:42:54,63000.0,200.0,606200.0
1527,2021-09-30 09:42:54,63000.0,100.0,606000.0
1528,2021-09-30 09:42:54,63000.0,100.0,605900.0
1529,2021-09-30 09:42:54,63000.0,3000.0,605800.0
1530,2021-09-30 09:42:54,63000.0,5000.0,602800.0
1531,2021-09-30 09:42:54,63000.0,200.0,597800.0
1532,2021-09-30 09:42:54,63000.0,700.0,597600.0
1533,2021-09-30 09:42:54,63000.0,200.0,596900.0
1534,2021-09-30 09:42:54,63000.0,500.0,596700.0
1535,2021-09-30 09:42:54,63000.0,1000.0,596200.0
1536,2021-09-30 09:42:54,63000.0,200.0,595200.0
1537,2021-09-30 09:42:54,63000.0,1600.0,595000.0
1538,2021-09-30 09:42:54,63000.0,1000.0,593400.0
1539,2021-09-30 09:42:54,63000.0,100.0,592400.0
1540,2021-09-30 09:42:54,63000.0,200.0,592300.0
1541,2021-09-30 09:42:54,63000.0,200.0,592100.0
1542,2021-09-30 09:42:54,63000.0,100.0,591900.0
1543,2021-09-30 09:42:54,63000.0,200.0,591800.0
1544,2021-09-30 09:42:54,63000.0,100.0,591600.0
1545,2021-09-30 09:42:54,63000.0,100.0,591500.0
1546,2021-09-30 09:42:54,63000.0,100.0,591400.0
1547,2021-09-30 09:42:54,63000.0,1000.0,591300.0
1548,2021-09-30 09:42:54,63000.0,7000.0,590300.0
1549,2021-09-30 09:42:54,63000.0,300.0,583300.0
1550,2021-09-30 09:42:54,63000.0,100.0,583000.0
1551,2021-09-30 09:42:54,63000.0,100.0,582900.0
1552,2021-09-30 09:42:54,63000.0,1900.0,582800.0
1553,2021-09-30 09:42:51,63000.0,100.0,580900.0
1554,2021-09-30 09:42:47,63000.0,500.0,580800.0
1555,2021-09-30 09:42:42,63000.0,500.0,580300.0
1556,2021-09-30 09:42:42,62900.0,400.0,579800.0
1557,2021-09-30 09:42:38,62900.0,100.0,579400.0
1558,2021-09-30 09:42:38,62900.0,500.0,579300.0
1559,2021-09-30 09:42:38,62900.0,100.0,578800.0
1560,2021-09-30 09:42:38,62900.0,100.0,578700.0
1561,2021-09-30 09:42:38,62900.0,300.0,578600.0
1562,2021-09-30 09:42:37,62900.0,200.0,578300.0
1563,2021-09-30 09:42:32,62900.0,800.0,578100.0
1564,2021-09-30 09:42:31,62900.0,700.0,577300.0
1565,2021-09-30 09:42:31,62900.0,200.0,576600.0
1566,2021-09-30 09:42:31,62900.0,100.0,576400.0
1567,2021-09-30 09:42:20,62900.0,100.0,576300.0
1568,2021-09-30 09:42:20,62900.0,300.0,576200.0
1569,2021-09-30 09:42:20,62900.0,100.0,575900.0
1570,2021-09-30 09:42:12,62900.0,100.0,575800.0
1571,2021-09-30 09:41:58,62800.0,200.0,575700.0
1572,2021-09-30 09:41:58,62800.0,300.0,575500.0
1573,2021-09-30 09:41:57,62900.0,300.0,575200.0
1574,2021-09-30 09:41:57,62900.0,200.0,574900.0
1575,2021-09-30 09:41:50,62800.0,100.0,574700.0
1576,2021-09-30 09:41:48,62800.0,1000.0,574600.0
1577,2021-09-30 09:41:45,62800.0,100.0,573600.0
1578,2021-09-30 09:41:45,62800.0,200.0,573500.0
1579,2021-09-30 09:41:45,62800.0,3000.0,573300.0
1580,2021-09-30 09:41:45,62800.0,200.0,570300.0
1581,2021-09-30 09:41:45,62800.0,100.0,570100.0
1582,2021-09-30 09:41:36,62800.0,100.0,570000.0
1583,2021-09-30 09:41:36,62800.0,300.0,569900.0
1584,2021-09-30 09:41:36,62800.0,1700.0,569600.0
1585,2021-09-30 09:41:35,62800.0,200.0,567900.0
1586,2021-09-30 09:41:34,62800.0,100.0,567700.0
1587,2021-09-30 09:41:34,62800.0,900.0,567600.0
1588,2021-09-30 09:41:27,62700.0,100.0,566700.0
1589,2021-09-30 09:41:27,62700.0,200.0,566600.0
1590,2021-09-30 09:41:25,62800.0,5100.0,566400.0
1591,2021-09-30 09:41:25,62800.0,3000.0,561300.0
1592,2021-09-30 09:41:25,62800.0,600.0,558300.0
1593,2021-09-30 09:41:25,62700.0,300.0,557700.0
1594,2021-09-30 09:41:25,62700.0,200.0,557400.0
1595,2021-09-30 09:41:25,62700.0,100.0,557200.0
1596,2021-09-30 09:41:25,62700.0,700.0,557100.0
1597,2021-09-30 09:41:19,62700.0,100.0,556400.0
1598,2021-09-30 09:41:19,62700.0,100.0,556300.0
1599,2021-09-30 09:41:19,62700.0,200.0,556200.0
1600,2021-09-30 09:41:18,62700.0,300.0,556000.0
1601,2021-09-30 09:41:18,62700.0,700.0,555700.0
1602,2021-09-30 09:41:18,62700.0,400.0,555000.0
1603,2021-09-30 09:41:18,62700.0,300.0,554600.0
1604,2021-09-30 09:41:17,62700.0,200.0,554300.0
1605,2021-09-30 09:41:08,62700.0,200.0,554100.0
1606,2021-09-30 09:41:07,62700.0,3000.0,553900.0
1607,2021-09-30 09:40:58,62700.0,1000.0,550900.0
1608,2021-09-30 09:40:58,62700.0,100.0,549900.0
1609,2021-09-30 09:40:55,62700.0,200.0,549800.0
1610,2021-09-30 09:40:55,62700.0,300.0,549600.0
1611,2021-09-30 09:40:39,62700.0,500.0,549300.0
1612,2021-09-30 09:40:37,62700.0,100.0,548800.0
1613,2021-09-30 09:40:33,62600.0,100.0,548700.0
1614,2021-09-30 09:40:28,62700.0,100.0,548600.0
1615,2021-09-30 09:40:28,62700.0,1000.0,548500.0
1616,2021-09-30 09:40:27,62600.0,100.0,547500.0
1617,2021-09-30 09:40:24,62600.0,100.0,547400.0
1618,2021-09-30 09:39:57,62600.0,200.0,547300.0
1619,2021-09-30 09:39:55,62600.0,400.0,547100.0
1620,2021-09-30 09:39:55,62600.0,400.0,546700.0
1621,2021-09-30 09:39:54,62600.0,100.0,546300.0
1622,2021-09-30 09:39:54,62600.0,1000.0,546200.0
1623,2021-09-30 09:39:54,62600.0,500.0,545200.0
1624,2021-09-30 09:39:54,62600.0,100.0,544700.0
1625,2021-09-30 09:39:53,62600.0,100.0,544600.0
1626,2021-09-30 09:39:52,62600.0,100.0,544500.0
1627,2021-09-30 09:39:48,62600.0,200.0,544400.0
1628,2021-09-30 09:39:36,62500.0,900.0,544200.0
1629,2021-09-30 09:39:35,62500.0,100.0,543300.0
1630,2021-09-30 09:39:35,62500.0,300.0,543200.0
1631,2021-09-30 09:39:35,62500.0,2600.0,542900.0
1632,2021-09-30 09:39:30,62500.0,400.0,540300.0
1633,2021-09-30 09:39:30,62500.0,1000.0,539900.0
1634,2021-09-30 09:39:30,62500.0,600.0,538900.0
1635,2021-09-30 09:39:22,62500.0,200.0,538300.0
1636,2021-09-30 09:39:20,62500.0,1200.0,538100.0
1637,2021-09-30 09:39:16,62500.0,900.0,536900.0
1638,2021-09-30 09:39:14,62500.0,100.0,536000.0
1639,2021-09-30 09:39:14,62500.0,200.0,535900.0
1640,2021-09-30 09:39:14,62500.0,1300.0,535700.0
1641,2021-09-30 09:39:14,62500.0,300.0,534400.0
1642,2021-09-30 09:39:14,62500.0,100.0,534100.0
1643,2021-09-30 09:39:14,62500.0,100.0,534000.0
1644,2021-09-30 09:39:14,62500.0,1000.0,533900.0
1645,2021-09-30 09:39:14,62500.0,100.0,532900.0
1646,2021-09-30 09:39:14,62500.0,100.0,532800.0
1647,2021-09-30 09:39:14,62500.0,100.0,532700.0
1648,2021-09-30 09:39:14,62500.0,100.0,532600.0
1649,2021-09-30 09:39:14,62500.0,500.0,532500.0
1650,2021-09-30 09:39:14,62500.0,200.0,532000.0
1651,2021-09-30 09:39:14,62500.0,100.0,531800.0
1652,2021-09-30 09:39:14,62500.0,100.0,531700.0
1653,2021-09-30 09:39:14,62500.0,1000.0,531600.0
1654,2021-09-30 09:39:14,62500.0,7500.0,530600.0
1655,2021-09-30 09:39:09,62500.0,1600.0,523100.0
1656,2021-09-30 09:39:04,62500.0,900.0,521500.0
1657,2021-09-30 09:39:04,62500.0,100.0,520600.0
1658,2021-09-30 09:39:04,62500.0,600.0,520500.0
1659,2021-09-30 09:39:04,62500.0,200.0,519900.0
1660,2021-09-30 09:39:04,62500.0,100.0,519700.0
1661,2021-09-30 09:39:04,62500.0,200.0,519600.0
1662,2021-09-30 09:39:04,62500.0,200.0,519400.0
1663,2021-09-30 09:39:04,62500.0,100.0,519200.0
1664,2021-09-30 09:39:04,62500.0,1000.0,519100.0
1665,2021-09-30 09:39:04,62500.0,300.0,518100.0
1666,2021-09-30 09:39:04,62500.0,600.0,517800.0
1667,2021-09-30 09:39:04,62500.0,5700.0,517200.0
1668,2021-09-30 09:38:56,62500.0,4300.0,511500.0
1669,2021-09-30 09:38:56,62500.0,100.0,507200.0
1670,2021-09-30 09:38:56,62500.0,100.0,507100.0
1671,2021-09-30 09:38:56,62500.0,300.0,507000.0
1672,2021-09-30 09:38:56,62500.0,2500.0,506700.0
1673,2021-09-30 09:38:56,62500.0,500.0,504200.0
1674,2021-09-30 09:38:56,62500.0,300.0,503700.0
1675,2021-09-30 09:38:56,62500.0,1900.0,503400.0
1676,2021-09-30 09:38:53,62400.0,100.0,501500.0
1677,2021-09-30 09:38:51,62300.0,100.0,501400.0
1678,2021-09-30 09:38:46,62500.0,11600.0,501300.0
1679,2021-09-30 09:38:46,62500.0,1000.0,489700.0
1680,2021-09-30 09:38:46,62500.0,100.0,488700.0
1681,2021-09-30 09:38:46,62500.0,300.0,488600.0
1682,2021-09-30 09:38:46,62500.0,200.0,488300.0
1683,2021-09-30 09:38:46,62500.0,1500.0,488100.0
1684,2021-09-30 09:38:46,62500.0,500.0,486600.0
1685,2021-09-30 09:38:46,62500.0,100.0,486100.0
1686,2021-09-30 09:38:46,62500.0,500.0,486000.0
1687,2021-09-30 09:38:46,62500.0,100.0,485500.0
1688,2021-09-30 09:38:46,62500.0,2000.0,485400.0
1689,2021-09-30 09:38:46,62500.0,1000.0,483400.0
1690,2021-09-30 09:38:46,62500.0,200.0,482400.0
1691,2021-09-30 09:38:46,62500.0,1000.0,482200.0
1692,2021-09-30 09:38:46,62500.0,1000.0,481200.0
1693,2021-09-30 09:38:46,62500.0,100.0,480200.0
1694,2021-09-30 09:38:46,62500.0,100.0,480100.0
1695,2021-09-30 09:38:46,62500.0,500.0,480000.0
1696,2021-09-30 09:38:46,62500.0,100.0,479500.0
1697,2021-09-30 09:38:46,62500.0,1000.0,479400.0
1698,2021-09-30 09:38:46,62400.0,100.0,478400.0
1699,2021-09-30 09:38:46,62400.0,100.0,478300.0
1700,2021-09-30 09:38:46,62400.0,100.0,478200.0
1701,2021-09-30 09:38:46,62400.0,5000.0,478100.0
1702,2021-09-30 09:38:46,62400.0,200.0,473100.0
1703,2021-09-30 09:38:46,62400.0,100.0,472900.0
1704,2021-09-30 09:38:46,62400.0,100.0,472800.0
1705,2021-09-30 09:38:46,62400.0,100.0,472700.0
1706,2021-09-30 09:38:46,62400.0,1000.0,472600.0
1707,2021-09-30 09:38:46,62400.0,300.0,471600.0
1708,2021-09-30 09:38:45,62300.0,400.0,471300.0
1709,2021-09-30 09:38:45,62300.0,100.0,470900.0
1710,2021-09-30 09:38:45,62300.0,4500.0,470800.0
1711,2021-09-30 09:38:43,62400.0,200.0,466300.0
1712,2021-09-30 09:38:43,62400.0,500.0,466100.0
1713,2021-09-30 09:38:43,62400.0,500.0,465600.0
1714,2021-09-30 09:38:43,62400.0,5000.0,465100.0
1715,2021-09-30 09:38:43,62400.0,1000.0,460100.0
1716,2021-09-30 09:38:43,62400.0,1400.0,459100.0
1717,2021-09-30 09:38:43,62400.0,500.0,457700.0
1718,2021-09-30 09:38:43,62400.0,900.0,457200.0
1719,2021-09-30 09:38:42,62400.0,100.0,456300.0
1720,2021-09-30 09:38:42,62400.0,1100.0,456200.0
1721,2021-09-30 09:38:34,62300.0,300.0,455100.0
1722,2021-09-30 09:38:23,62300.0,100.0,454800.0
1723,2021-09-30 09:38:13,62300.0,100.0,454700.0
1724,2021-09-30 09:38:12,62400.0,1900.0,454600.0
1725,2021-09-30 09:38:12,62400.0,100.0,452700.0
1726,2021-09-30 09:38:05,62300.0,200.0,452600.0
1727,2021-09-30 09:37:59,62300.0,200.0,452400.0
1728,2021-09-30 09:37:58,62300.0,100.0,452200.0
1729,2021-09-30 09:37:56,62300.0,100.0,452100.0
1730,2021-09-30 09:37:44,62300.0,3000.0,452000.0
1731,2021-09-30 09:37:44,62300.0,100.0,449000.0
1732,2021-09-30 09:37:44,62300.0,500.0,448900.0
1733,2021-09-30 09:37:44,62300.0,300.0,448400.0
1734,2021-09-30 09:37:44,62300.0,100.0,448100.0
1735,2021-09-30 09:37:44,62200.0,400.0,448000.0
1736,2021-09-30 09:37:19,62300.0,100.0,447600.0
1737,2021-09-30 09:37:11,62300.0,400.0,447500.0
1738,2021-09-30 09:37:11,62300.0,1000.0,447100.0
1739,2021-09-30 09:37:11,62300.0,200.0,446100.0
1740,2021-09-30 09:37:11,62300.0,300.0,445900.0
1741,2021-09-30 09:37:11,62300.0,100.0,445600.0
1742,2021-09-30 09:37:11,62300.0,100.0,445500.0
1743,2021-09-30 09:37:11,62300.0,5000.0,445400.0
1744,2021-09-30 09:37:11,62300.0,200.0,440400.0
1745,2021-09-30 09:37:11,62200.0,100.0,440200.0
1746,2021-09-30 09:37:11,62200.0,2000.0,440100.0
1747,2021-09-30 09:37:11,62200.0,100.0,438100.0
1748,2021-09-30 09:37:11,62200.0,100.0,438000.0
1749,2021-09-30 09:37:11,62200.0,100.0,437900.0
1750,2021-09-30 09:37:11,62200.0,100.0,437800.0
1751,2021-09-30 09:37:11,62200.0,100.0,437700.0
1752,2021-09-30 09:37:11,62200.0,100.0,437600.0
1753,2021-09-30 09:37:06,62200.0,900.0,437500.0
1754,2021-09-30 09:37:06,62200.0,300.0,436600.0
1755,2021-09-30 09:37:06,62200.0,100.0,436300.0
1756,2021-09-30 09:37:06,62200.0,100.0,436200.0
1757,2021-09-30 09:37:06,62200.0,100.0,436100.0
1758,2021-09-30 09:37:06,62100.0,500.0,436000.0
1759,2021-09-30 09:36:35,62000.0,300.0,435500.0
1760,2021-09-30 09:36:35,62000.0,300.0,435200.0
1761,2021-09-30 09:36:35,62000.0,200.0,434900.0
1762,2021-09-30 09:36:35,62000.0,200.0,434700.0
1763,2021-09-30 09:36:27,62200.0,100.0,434500.0
1764,2021-09-30 09:36:18,62000.0,100.0,434400.0
1765,2021-09-30 09:36:08,62200.0,800.0,434300.0
1766,2021-09-30 09:36:08,62200.0,2000.0,433500.0
1767,2021-09-30 09:36:08,62100.0,100.0,431500.0
1768,2021-09-30 09:36:08,62100.0,200.0,431400.0
1769,2021-09-30 09:36:08,62100.0,100.0,431200.0
1770,2021-09-30 09:36:08,62100.0,100.0,431100.0
1771,2021-09-30 09:36:08,62100.0,100.0,431000.0
1772,2021-09-30 09:36:08,62100.0,200.0,430900.0
1773,2021-09-30 09:36:08,62000.0,5000.0,430700.0
1774,2021-09-30 09:36:08,62000.0,1000.0,425700.0
1775,2021-09-30 09:36:08,62000.0,1500.0,424700.0
1776,2021-09-30 09:36:08,62000.0,400.0,423200.0
1777,2021-09-30 09:36:08,62000.0,1000.0,422800.0
1778,2021-09-30 09:36:08,62000.0,100.0,421800.0
1779,2021-09-30 09:36:08,62000.0,200.0,421700.0
1780,2021-09-30 09:36:08,62000.0,200.0,421500.0
1781,2021-09-30 09:36:08,62000.0,500.0,421300.0
1782,2021-09-30 09:36:08,62000.0,500.0,420800.0
1783,2021-09-30 09:36:08,62000.0,200.0,420300.0
1784,2021-09-30 09:36:08,62000.0,200.0,420100.0
1785,2021-09-30 09:36:08,62000.0,100.0,419900.0
1786,2021-09-30 09:36:08,62000.0,100.0,419800.0
1787,2021-09-30 09:36:08,62000.0,500.0,419700.0
1788,2021-09-30 09:36:08,62000.0,3900.0,419200.0
1789,2021-09-30 09:36:05,62000.0,100.0,415300.0
1790,2021-09-30 09:36:05,62000.0,500.0,415200.0
1791,2021-09-30 09:35:53,62000.0,4500.0,414700.0
1792,2021-09-30 09:35:53,62000.0,600.0,410200.0
1793,2021-09-30 09:35:53,62000.0,10000.0,409600.0
1794,2021-09-30 09:35:53,62000.0,500.0,399600.0
1795,2021-09-30 09:35:53,62000.0,300.0,399100.0
1796,2021-09-30 09:35:53,62000.0,100.0,398800.0
1797,2021-09-30 09:35:53,62000.0,400.0,398700.0
1798,2021-09-30 09:35:53,62000.0,200.0,398300.0
1799,2021-09-30 09:35:53,62000.0,100.0,398100.0
1800,2021-09-30 09:35:53,62000.0,100.0,398000.0
1801,2021-09-30 09:35:53,62000.0,200.0,397900.0
1802,2021-09-30 09:35:53,62000.0,1000.0,397700.0
1803,2021-09-30 09:35:53,62000.0,2000.0,396700.0
1804,2021-09-30 09:35:41,61900.0,500.0,394700.0
1805,2021-09-30 09:35:39,61900.0,100.0,394200.0
1806,2021-09-30 09:35:07,61900.0,400.0,394100.0
1807,2021-09-30 09:35:07,61900.0,100.0,393700.0
1808,2021-09-30 09:35:07,61900.0,300.0,393600.0
1809,2021-09-30 09:35:03,61900.0,300.0,393300.0
1810,2021-09-30 09:34:55,61800.0,100.0,393000.0
1811,2021-09-30 09:34:55,61800.0,200.0,392900.0
1812,2021-09-30 09:34:55,61800.0,500.0,392700.0
1813,2021-09-30 09:34:51,61800.0,500.0,392200.0
1814,2021-09-30 09:34:28,61800.0,100.0,391700.0
1815,2021-09-30 09:34:09,61900.0,200.0,391600.0
1816,2021-09-30 09:34:00,61800.0,100.0,391400.0
1817,2021-09-30 09:33:50,61900.0,200.0,391300.0
1818,2021-09-30 09:33:50,61900.0,300.0,391100.0
1819,2021-09-30 09:33:50,61900.0,500.0,390800.0
1820,2021-09-30 09:33:40,61900.0,9500.0,390300.0
1821,2021-09-30 09:33:40,61900.0,100.0,380800.0
1822,2021-09-30 09:33:40,61900.0,100.0,380700.0
1823,2021-09-30 09:33:40,61900.0,100.0,380600.0
1824,2021-09-30 09:33:40,61900.0,200.0,380500.0
1825,2021-09-30 09:33:31,61800.0,200.0,380300.0
1826,2021-09-30 09:33:31,61800.0,4700.0,380100.0
1827,2021-09-30 09:33:19,61800.0,4400.0,375400.0
1828,2021-09-30 09:33:19,61700.0,600.0,371000.0
1829,2021-09-30 09:33:17,61700.0,1000.0,370400.0
1830,2021-09-30 09:33:17,61700.0,300.0,369400.0
1831,2021-09-30 09:33:17,61700.0,100.0,369100.0
1832,2021-09-30 09:33:11,61800.0,100.0,369000.0
1833,2021-09-30 09:32:52,61800.0,300.0,368900.0
1834,2021-09-30 09:32:43,61800.0,500.0,368600.0
1835,2021-09-30 09:32:43,61800.0,100.0,368100.0
1836,2021-09-30 09:32:28,61500.0,500.0,368000.0
1837,2021-09-30 09:32:26,61800.0,9900.0,367500.0
1838,2021-09-30 09:32:26,61700.0,100.0,357600.0
1839,2021-09-30 09:32:17,61500.0,200.0,357500.0
1840,2021-09-30 09:32:17,61500.0,200.0,357300.0
1841,2021-09-30 09:32:17,61500.0,100.0,357100.0
1842,2021-09-30 09:32:17,61500.0,1000.0,357000.0
1843,2021-09-30 09:32:17,61500.0,1500.0,356000.0
1844,2021-09-30 09:32:13,61700.0,500.0,354500.0
1845,2021-09-30 09:32:13,61700.0,500.0,354000.0
1846,2021-09-30 09:32:09,61500.0,200.0,353500.0
1847,2021-09-30 09:32:09,61500.0,100.0,353300.0
1848,2021-09-30 09:32:09,61500.0,500.0,353200.0
1849,2021-09-30 09:32:09,61500.0,300.0,352700.0
1850,2021-09-30 09:32:09,61500.0,100.0,352400.0
1851,2021-09-30 09:32:09,61500.0,1800.0,352300.0
1852,2021-09-30 09:31:57,61500.0,700.0,350500.0
1853,2021-09-30 09:31:54,61500.0,200.0,349800.0
1854,2021-09-30 09:31:54,61500.0,300.0,349600.0
1855,2021-09-30 09:31:51,61500.0,400.0,349300.0
1856,2021-09-30 09:31:49,61500.0,100.0,348900.0
1857,2021-09-30 09:31:41,61500.0,200.0,348800.0
1858,2021-09-30 09:31:14,61400.0,5000.0,348600.0
1859,2021-09-30 09:31:04,61200.0,100.0,343600.0
1860,2021-09-30 09:30:41,61000.0,100.0,343500.0
1861,2021-09-30 09:30:41,61100.0,400.0,343400.0
1862,2021-09-30 09:30:38,61100.0,3200.0,343000.0
1863,2021-09-30 09:30:38,61100.0,500.0,339800.0
1864,2021-09-30 09:30:38,61100.0,5700.0,339300.0
1865,2021-09-30 09:30:36,61000.0,1000.0,333600.0
1866,2021-09-30 09:30:36,61000.0,300.0,332600.0
1867,2021-09-30 09:30:36,61000.0,100.0,332300.0
1868,2021-09-30 09:30:36,61000.0,100.0,332200.0
1869,2021-09-30 09:30:36,61000.0,100.0,332100.0
1870,2021-09-30 09:30:36,61000.0,1400.0,332000.0
1871,2021-09-30 09:30:34,61000.0,100.0,330600.0
1872,2021-09-30 09:30:15,61000.0,100.0,330500.0
1873,2021-09-30 09:30:15,61000.0,100.0,330400.0
1874,2021-09-30 09:30:06,61000.0,100.0,330300.0
1875,2021-09-30 09:30:03,61100.0,500.0,330200.0
1876,2021-09-30 09:29:59,61000.0,100.0,329700.0
1877,2021-09-30 09:29:59,61000.0,2000.0,329600.0
1878,2021-09-30 09:29:59,61000.0,100.0,327600.0
1879,2021-09-30 09:29:59,61000.0,100.0,327500.0
1880,2021-09-30 09:29:59,61000.0,100.0,327400.0
1881,2021-09-30 09:29:59,61000.0,500.0,327300.0
1882,2021-09-30 09:29:59,61000.0,1000.0,326800.0
1883,2021-09-30 09:29:59,61000.0,1000.0,325800.0
1884,2021-09-30 09:29:59,61000.0,300.0,324800.0
1885,2021-09-30 09:29:59,61000.0,500.0,324500.0
1886,2021-09-30 09:29:59,61000.0,100.0,324000.0
1887,2021-09-30 09:29:59,61000.0,300.0,323900.0
1888,2021-09-30 09:29:59,61000.0,1000.0,323600.0
1889,2021-09-30 09:29:56,61100.0,300.0,322600.0
1890,2021-09-30 09:29:50,61100.0,500.0,322300.0
1891,2021-09-30 09:29:41,61100.0,500.0,321800.0
1892,2021-09-30 09:29:37,61100.0,500.0,321300.0
1893,2021-09-30 09:29:37,61100.0,2000.0,320800.0
1894,2021-09-30 09:29:36,61200.0,100.0,318800.0
1895,2021-09-30 09:29:24,61200.0,100.0,318700.0
1896,2021-09-30 09:29:21,61200.0,1000.0,318600.0
1897,2021-09-30 09:29:21,61200.0,200.0,317600.0
1898,2021-09-30 09:29:21,61200.0,500.0,317400.0
1899,2021-09-30 09:29:21,61200.0,500.0,316900.0
1900,2021-09-30 09:29:21,61200.0,200.0,316400.0
1901,2021-09-30 09:29:21,61200.0,300.0,316200.0
1902,2021-09-30 09:29:10,61200.0,100.0,315900.0
1903,2021-09-30 09:29:10,61400.0,2000.0,315800.0
1904,2021-09-30 09:29:03,61400.0,100.0,313800.0
1905,2021-09-30 09:29:03,61300.0,200.0,313700.0
1906,2021-09-30 09:28:43,61400.0,100.0,313500.0
1907,2021-09-30 09:28:43,61400.0,800.0,313400.0
1908,2021-09-30 09:28:35,61500.0,100.0,312600.0
1909,2021-09-30 09:28:30,61500.0,1000.0,312500.0
1910,2021-09-30 09:28:27,61500.0,100.0,311500.0
1911,2021-09-30 09:28:12,61500.0,600.0,311400.0
1912,2021-09-30 09:28:10,61500.0,700.0,310800.0
1913,2021-09-30 09:28:04,61500.0,700.0,310100.0
1914,2021-09-30 09:28:04,61500.0,300.0,309400.0
1915,2021-09-30 09:28:04,61500.0,500.0,309100.0
1916,2021-09-30 09:28:04,61500.0,100.0,308600.0
1917,2021-09-30 09:28:04,61500.0,1200.0,308500.0
1918,2021-09-30 09:28:04,61500.0,5000.0,307300.0
1919,2021-09-30 09:28:04,61500.0,100.0,302300.0
1920,2021-09-30 09:28:04,61500.0,200.0,302200.0
1921,2021-09-30 09:28:04,61500.0,300.0,302000.0
1922,2021-09-30 09:28:04,61500.0,200.0,301700.0
1923,2021-09-30 09:28:04,61500.0,100.0,301500.0
1924,2021-09-30 09:28:04,61500.0,300.0,301400.0
1925,2021-09-30 09:28:01,61500.0,200.0,301100.0
1926,2021-09-30 09:27:58,61600.0,200.0,300900.0
1927,2021-09-30 09:27:58,61600.0,100.0,300700.0
1928,2021-09-30 09:27:58,61600.0,300.0,300600.0
1929,2021-09-30 09:27:58,61600.0,300.0,300300.0
1930,2021-09-30 09:27:58,61600.0,100.0,300000.0
1931,2021-09-30 09:27:41,61700.0,100.0,299900.0
1932,2021-09-30 09:27:37,61700.0,100.0,299800.0
1933,2021-09-30 09:27:29,61700.0,100.0,299700.0
1934,2021-09-30 09:27:29,61800.0,2700.0,299600.0
1935,2021-09-30 09:27:27,61800.0,2000.0,296900.0
1936,2021-09-30 09:27:27,61800.0,100.0,294900.0
1937,2021-09-30 09:27:27,61800.0,200.0,294800.0
1938,2021-09-30 09:27:21,61700.0,200.0,294600.0
1939,2021-09-30 09:27:13,61700.0,1700.0,294400.0
1940,2021-09-30 09:27:13,61700.0,100.0,292700.0
1941,2021-09-30 09:27:13,61700.0,100.0,292600.0
1942,2021-09-30 09:27:13,61700.0,100.0,292500.0
1943,2021-09-30 09:27:11,61800.0,100.0,292400.0
1944,2021-09-30 09:26:59,61800.0,500.0,292300.0
1945,2021-09-30 09:26:59,61800.0,300.0,291800.0
1946,2021-09-30 09:26:59,61800.0,500.0,291500.0
1947,2021-09-30 09:26:59,61800.0,400.0,291000.0
1948,2021-09-30 09:26:55,61800.0,600.0,290600.0
1949,2021-09-30 09:26:55,61800.0,100.0,290000.0
1950,2021-09-30 09:26:55,61800.0,1000.0,289900.0
1951,2021-09-30 09:26:55,61800.0,500.0,288900.0
1952,2021-09-30 09:26:55,61800.0,300.0,288400.0
1953,2021-09-30 09:26:55,61800.0,100.0,288100.0
1954,2021-09-30 09:26:49,61800.0,300.0,288000.0
1955,2021-09-30 09:26:49,61800.0,300.0,287700.0
1956,2021-09-30 09:26:49,61800.0,100.0,287400.0
1957,2021-09-30 09:26:49,61800.0,800.0,287300.0
1958,2021-09-30 09:26:49,61800.0,200.0,286500.0
1959,2021-09-30 09:26:49,61800.0,200.0,286300.0
1960,2021-09-30 09:26:49,61800.0,100.0,286100.0
1961,2021-09-30 09:26:43,61900.0,100.0,286000.0
1962,2021-09-30 09:26:43,61900.0,100.0,285900.0
1963,2021-09-30 09:26:30,61900.0,100.0,285800.0
1964,2021-09-30 09:26:11,61900.0,800.0,285700.0
1965,2021-09-30 09:26:09,61900.0,200.0,284900.0
1966,2021-09-30 09:26:09,61900.0,500.0,284700.0
1967,2021-09-30 09:26:09,61900.0,100.0,284200.0
1968,2021-09-30 09:26:09,61900.0,200.0,284100.0
1969,2021-09-30 09:26:06,61900.0,300.0,283900.0
1970,2021-09-30 09:26:06,61900.0,500.0,283600.0
1971,2021-09-30 09:26:06,61900.0,500.0,283100.0
1972,2021-09-30 09:26:06,61900.0,400.0,282600.0
1973,2021-09-30 09:26:06,61900.0,100.0,282200.0
1974,2021-09-30 09:26:06,61900.0,200.0,282100.0
1975,2021-09-30 09:26:01,62000.0,1000.0,281900.0
1976,2021-09-30 09:25:59,62000.0,3400.0,280900.0
1977,2021-09-30 09:25:51,61900.0,100.0,277500.0
1978,2021-09-30 09:25:44,61900.0,100.0,277400.0
1979,2021-09-30 09:25:37,61900.0,600.0,277300.0
1980,2021-09-30 09:25:37,61900.0,100.0,276700.0
1981,2021-09-30 09:25:37,61900.0,300.0,276600.0
1982,2021-09-30 09:25:37,61900.0,1000.0,276300.0
1983,2021-09-30 09:25:35,61900.0,100.0,275300.0
1984,2021-09-30 09:25:34,61900.0,100.0,275200.0
1985,2021-09-30 09:25:27,61900.0,800.0,275100.0
1986,2021-09-30 09:25:27,61900.0,200.0,274300.0
1987,2021-09-30 09:25:26,61900.0,800.0,274100.0
1988,2021-09-30 09:25:25,62000.0,400.0,273300.0
1989,2021-09-30 09:25:23,61900.0,200.0,272900.0
1990,2021-09-30 09:25:20,61900.0,600.0,272700.0
1991,2021-09-30 09:25:20,61900.0,500.0,272100.0
1992,2021-09-30 09:25:18,61900.0,100.0,271600.0
1993,2021-09-30 09:25:13,61900.0,900.0,271500.0
1994,2021-09-30 09:25:07,62000.0,700.0,270600.0
1995,2021-09-30 09:25:06,61900.0,2000.0,269900.0
1996,2021-09-30 09:25:00,61900.0,100.0,267900.0
1997,2021-09-30 09:24:57,61900.0,200.0,267800.0
1998,2021-09-30 09:24:57,61900.0,500.0,267600.0
1999,2021-09-30 09:24:57,61900.0,1000.0,267100.0
2000,2021-09-30 09:24:57,61900.0,1000.0,266100.0
2001,2021-09-30 09:24:57,61900.0,500.0,265100.0
2002,2021-09-30 09:24:57,61900.0,500.0,264600.0
2003,2021-09-30 09:24:57,61900.0,300.0,264100.0
2004,2021-09-30 09:24:54,61900.0,500.0,263800.0
2005,2021-09-30 09:24:53,61900.0,500.0,263300.0
2006,2021-09-30 09:24:32,61900.0,200.0,262800.0
2007,2021-09-30 09:24:32,61900.0,100.0,262600.0
2008,2021-09-30 09:24:32,61900.0,100.0,262500.0
2009,2021-09-30 09:24:32,61900.0,100.0,262400.0
2010,2021-09-30 09:24:32,61900.0,1500.0,262300.0
2011,2021-09-30 09:24:22,62000.0,5000.0,260800.0
2012,2021-09-30 09:24:17,61900.0,100.0,255800.0
2013,2021-09-30 09:24:10,61900.0,500.0,255700.0
2014,2021-09-30 09:24:09,61900.0,300.0,255200.0
2015,2021-09-30 09:24:05,61900.0,800.0,254900.0
2016,2021-09-30 09:24:02,61900.0,800.0,254100.0
2017,2021-09-30 09:24:02,61900.0,1000.0,253300.0
2018,2021-09-30 09:24:02,61900.0,200.0,252300.0
2019,2021-09-30 09:24:02,61900.0,1000.0,252100.0
2020,2021-09-30 09:24:02,61900.0,100.0,251100.0
2021,2021-09-30 09:24:02,61900.0,1000.0,251000.0
2022,2021-09-30 09:24:02,61900.0,2000.0,250000.0
2023,2021-09-30 09:24:02,61900.0,100.0,248000.0
2024,2021-09-30 09:24:02,61900.0,800.0,247900.0
2025,2021-09-30 09:23:56,61900.0,200.0,247100.0
2026,2021-09-30 09:23:56,62000.0,100.0,246900.0
2027,2021-09-30 09:23:53,61900.0,200.0,246800.0
2028,2021-09-30 09:23:53,62000.0,100.0,246600.0
2029,2021-09-30 09:23:48,61900.0,300.0,246500.0
2030,2021-09-30 09:23:48,61900.0,700.0,246200.0
2031,2021-09-30 09:23:40,61900.0,200.0,245500.0
2032,2021-09-30 09:23:38,62000.0,200.0,245300.0
2033,2021-09-30 09:23:38,61900.0,100.0,245100.0
2034,2021-09-30 09:23:38,61900.0,900.0,245000.0
2035,2021-09-30 09:23:35,62000.0,200.0,244100.0
2036,2021-09-30 09:23:34,62000.0,700.0,243900.0
2037,2021-09-30 09:23:34,62000.0,500.0,243200.0
2038,2021-09-30 09:23:22,62000.0,100.0,242700.0
2039,2021-09-30 09:23:09,61900.0,100.0,242600.0
2040,2021-09-30 09:23:03,61900.0,200.0,242500.0
2041,2021-09-30 09:22:57,61900.0,500.0,242300.0
2042,2021-09-30 09:22:57,61900.0,100.0,241800.0
2043,2021-09-30 09:22:55,61900.0,500.0,241700.0
2044,2021-09-30 09:22:55,61900.0,3000.0,241200.0
2045,2021-09-30 09:22:51,61900.0,1000.0,238200.0
2046,2021-09-30 09:22:50,61900.0,400.0,237200.0
2047,2021-09-30 09:22:49,61900.0,800.0,236800.0
2048,2021-09-30 09:22:49,61900.0,200.0,236000.0
2049,2021-09-30 09:22:49,61900.0,1000.0,235800.0
2050,2021-09-30 09:22:48,61900.0,9000.0,234800.0
2051,2021-09-30 09:22:48,61900.0,500.0,225800.0
2052,2021-09-30 09:22:48,61900.0,400.0,225300.0
2053,2021-09-30 09:22:48,61900.0,100.0,224900.0
2054,2021-09-30 09:22:48,61900.0,100.0,224800.0
2055,2021-09-30 09:22:48,61900.0,100.0,224700.0
2056,2021-09-30 09:22:46,62300.0,2800.0,224600.0
2057,2021-09-30 09:22:46,62300.0,400.0,221800.0
2058,2021-09-30 09:22:46,62200.0,2000.0,221400.0
2059,2021-09-30 09:22:46,62200.0,500.0,219400.0
2060,2021-09-30 09:22:46,62200.0,100.0,218900.0
2061,2021-09-30 09:22:46,62200.0,100.0,218800.0
2062,2021-09-30 09:22:46,62200.0,200.0,218700.0
2063,2021-09-30 09:22:46,62200.0,3000.0,218500.0
2064,2021-09-30 09:22:46,62200.0,100.0,215500.0
2065,2021-09-30 09:22:46,62100.0,100.0,215400.0
2066,2021-09-30 09:22:46,62100.0,100.0,215300.0
2067,2021-09-30 09:22:46,62000.0,100.0,215200.0
2068,2021-09-30 09:22:46,62000.0,2500.0,215100.0
2069,2021-09-30 09:22:46,62000.0,700.0,212600.0
2070,2021-09-30 09:22:46,62000.0,700.0,211900.0
2071,2021-09-30 09:22:46,62000.0,1000.0,211200.0
2072,2021-09-30 09:22:46,62000.0,3800.0,210200.0
2073,2021-09-30 09:22:46,62000.0,500.0,206400.0
2074,2021-09-30 09:22:46,62000.0,500.0,205900.0
2075,2021-09-30 09:22:46,62000.0,800.0,205400.0
2076,2021-09-30 09:22:44,61900.0,500.0,204600.0
