,Time,Price,Volume_per_trade,Volume
0,2021-10-07 07:45:01,18100.0,2300.0,2201800.0
1,2021-10-07 07:45:01,18100.0,2000.0,2199500.0
2,2021-10-07 07:45:01,18100.0,1000.0,2197500.0
3,2021-10-07 07:45:01,18100.0,100.0,2196500.0
4,2021-10-07 07:45:01,18100.0,200.0,2196400.0
5,2021-10-07 07:45:01,18100.0,1000.0,2196200.0
6,2021-10-07 07:45:01,18100.0,1300.0,2195200.0
7,2021-10-07 07:45:01,18100.0,100.0,2193900.0
8,2021-10-07 07:45:01,18100.0,500.0,2193800.0
9,2021-10-07 07:45:01,18100.0,1800.0,2193300.0
10,2021-10-07 07:45:01,18100.0,300.0,2191500.0
11,2021-10-07 07:45:01,18100.0,600.0,2191200.0
12,2021-10-07 07:45:01,18100.0,400.0,2190600.0
13,2021-10-07 07:45:01,18100.0,200.0,2190200.0
14,2021-10-07 07:45:01,18100.0,200.0,2190000.0
15,2021-10-07 07:45:01,18100.0,2800.0,2189800.0
16,2021-10-07 07:45:01,18100.0,1000.0,2187000.0
17,2021-10-07 07:45:01,18100.0,500.0,2186000.0
18,2021-10-07 07:45:01,18100.0,500.0,2185500.0
19,2021-10-07 07:45:01,18100.0,200.0,2185000.0
20,2021-10-07 07:45:01,18100.0,500.0,2184800.0
21,2021-10-07 07:45:01,18100.0,100.0,2184300.0
22,2021-10-07 07:45:01,18100.0,300.0,2184200.0
23,2021-10-07 07:45:01,18100.0,200.0,2183900.0
24,2021-10-07 07:45:01,18100.0,700.0,2183700.0
25,2021-10-07 07:45:01,18100.0,200.0,2183000.0
26,2021-10-07 07:45:01,18100.0,100.0,2182800.0
27,2021-10-07 07:45:01,18100.0,100.0,2182700.0
28,2021-10-07 07:45:01,18100.0,500.0,2182600.0
29,2021-10-07 07:45:01,18100.0,400.0,2182100.0
30,2021-10-07 07:45:01,18100.0,100.0,2181700.0
31,2021-10-07 07:45:01,18100.0,300.0,2181600.0
32,2021-10-07 07:45:01,18100.0,500.0,2181300.0
33,2021-10-07 07:45:01,18100.0,200.0,2180800.0
34,2021-10-07 07:45:01,18100.0,100.0,2180600.0
35,2021-10-07 07:29:59,18100.0,400.0,2180500.0
36,2021-10-07 07:29:55,18100.0,200.0,2180100.0
37,2021-10-07 07:29:55,18100.0,300.0,2179900.0
38,2021-10-07 07:29:48,18100.0,100.0,2179600.0
39,2021-10-07 07:29:48,18100.0,400.0,2179500.0
40,2021-10-07 07:29:39,18100.0,2000.0,2179100.0
41,2021-10-07 07:29:30,18100.0,100.0,2177100.0
42,2021-10-07 07:29:16,18100.0,1600.0,2177000.0
43,2021-10-07 07:28:58,18050.0,1100.0,2175400.0
44,2021-10-07 07:28:52,18050.0,100.0,2174300.0
45,2021-10-07 07:28:45,18050.0,1000.0,2174200.0
46,2021-10-07 07:28:10,18100.0,100.0,2173200.0
47,2021-10-07 07:27:56,18050.0,800.0,2173100.0
48,2021-10-07 07:27:56,18050.0,100.0,2172300.0
49,2021-10-07 07:27:56,18050.0,100.0,2172200.0
50,2021-10-07 07:27:56,18050.0,100.0,2172100.0
51,2021-10-07 07:27:36,18100.0,2600.0,2172000.0
52,2021-10-07 07:27:00,18050.0,500.0,2169400.0
53,2021-10-07 07:26:20,18050.0,500.0,2168900.0
54,2021-10-07 07:26:20,18050.0,3000.0,2168400.0
55,2021-10-07 07:26:20,18050.0,3000.0,2165400.0
56,2021-10-07 07:26:20,18050.0,3500.0,2162400.0
57,2021-10-07 07:26:02,18100.0,1000.0,2158900.0
58,2021-10-07 07:25:33,18100.0,100.0,2157900.0
59,2021-10-07 07:25:10,18100.0,600.0,2157800.0
60,2021-10-07 07:25:10,18100.0,500.0,2157200.0
61,2021-10-07 07:25:10,18100.0,1900.0,2156700.0
62,2021-10-07 07:24:37,18100.0,800.0,2154800.0
63,2021-10-07 07:24:24,18100.0,3000.0,2154000.0
64,2021-10-07 07:24:22,18100.0,1000.0,2151000.0
65,2021-10-07 07:23:43,18100.0,1000.0,2150000.0
66,2021-10-07 07:23:26,18100.0,400.0,2149000.0
67,2021-10-07 07:23:02,18100.0,500.0,2148600.0
68,2021-10-07 07:23:02,18100.0,100.0,2148100.0
69,2021-10-07 07:23:02,18100.0,300.0,2148000.0
70,2021-10-07 07:23:02,18100.0,400.0,2147700.0
71,2021-10-07 07:23:02,18100.0,1000.0,2147300.0
72,2021-10-07 07:23:02,18100.0,1000.0,2146300.0
73,2021-10-07 07:23:02,18100.0,1700.0,2145300.0
74,2021-10-07 07:23:01,18100.0,600.0,2143600.0
75,2021-10-07 07:22:42,18100.0,500.0,2143000.0
76,2021-10-07 07:22:27,18100.0,2000.0,2142500.0
77,2021-10-07 07:21:07,18100.0,600.0,2140500.0
78,2021-10-07 07:20:37,18100.0,600.0,2139900.0
79,2021-10-07 07:20:37,18100.0,100.0,2139300.0
80,2021-10-07 07:20:37,18100.0,300.0,2139200.0
81,2021-10-07 07:20:37,18100.0,500.0,2138900.0
82,2021-10-07 07:20:23,18050.0,100.0,2138400.0
83,2021-10-07 07:20:11,18100.0,200.0,2138300.0
84,2021-10-07 07:20:11,18100.0,100.0,2138100.0
85,2021-10-07 07:20:01,18100.0,2000.0,2138000.0
86,2021-10-07 07:19:47,18100.0,1900.0,2136000.0
87,2021-10-07 07:19:26,18100.0,100.0,2134100.0
88,2021-10-07 07:19:14,18100.0,500.0,2134000.0
89,2021-10-07 07:19:09,18100.0,2000.0,2133500.0
90,2021-10-07 07:18:59,18100.0,100.0,2131500.0
91,2021-10-07 07:18:50,18100.0,100.0,2131400.0
92,2021-10-07 07:18:37,18100.0,1000.0,2131300.0
93,2021-10-07 07:18:35,18100.0,200.0,2130300.0
94,2021-10-07 07:18:32,18100.0,100.0,2130100.0
95,2021-10-07 07:18:12,18050.0,200.0,2130000.0
96,2021-10-07 07:17:29,18100.0,1000.0,2129800.0
97,2021-10-07 07:17:05,18100.0,300.0,2128800.0
98,2021-10-07 07:17:03,18100.0,300.0,2128500.0
99,2021-10-07 07:16:50,18100.0,300.0,2128200.0
100,2021-10-07 07:16:49,18100.0,300.0,2127900.0
101,2021-10-07 07:16:25,18100.0,100.0,2127600.0
102,2021-10-07 07:16:23,18100.0,100.0,2127500.0
103,2021-10-07 07:16:23,18100.0,300.0,2127400.0
104,2021-10-07 07:16:23,18100.0,500.0,2127100.0
105,2021-10-07 07:16:23,18100.0,100.0,2126600.0
106,2021-10-07 07:16:06,18100.0,100.0,2126500.0
107,2021-10-07 07:16:06,18100.0,100.0,2126400.0
108,2021-10-07 07:16:06,18100.0,9800.0,2126300.0
109,2021-10-07 07:15:44,18100.0,100.0,2116500.0
110,2021-10-07 07:15:00,18100.0,1000.0,2116400.0
111,2021-10-07 07:14:32,18100.0,9100.0,2115400.0
112,2021-10-07 07:14:32,18100.0,5000.0,2106300.0
113,2021-10-07 07:14:32,18100.0,1000.0,2101300.0
114,2021-10-07 07:14:32,18100.0,1000.0,2100300.0
115,2021-10-07 07:14:32,18100.0,100.0,2099300.0
116,2021-10-07 07:14:32,18100.0,3800.0,2099200.0
117,2021-10-07 07:14:16,18100.0,1000.0,2095400.0
118,2021-10-07 07:13:28,18100.0,200.0,2094400.0
119,2021-10-07 07:13:28,18100.0,3000.0,2094200.0
120,2021-10-07 07:13:28,18100.0,300.0,2091200.0
121,2021-10-07 07:13:28,18100.0,1000.0,2090900.0
122,2021-10-07 07:13:28,18100.0,100.0,2089900.0
123,2021-10-07 07:13:28,18100.0,200.0,2089800.0
124,2021-10-07 07:13:28,18100.0,100.0,2089600.0
125,2021-10-07 07:13:28,18100.0,100.0,2089500.0
126,2021-10-07 07:13:27,18100.0,3000.0,2089400.0
127,2021-10-07 07:13:17,18100.0,2000.0,2086400.0
128,2021-10-07 07:13:17,18100.0,500.0,2084400.0
129,2021-10-07 07:13:17,18100.0,200.0,2083900.0
130,2021-10-07 07:13:17,18100.0,100.0,2083700.0
131,2021-10-07 07:13:17,18100.0,100.0,2083600.0
132,2021-10-07 07:13:17,18100.0,100.0,2083500.0
133,2021-10-07 07:13:17,18100.0,300.0,2083400.0
134,2021-10-07 07:13:17,18100.0,700.0,2083100.0
135,2021-10-07 07:13:17,18100.0,100.0,2082400.0
136,2021-10-07 07:13:17,18100.0,900.0,2082300.0
137,2021-10-07 07:13:10,18100.0,700.0,2081400.0
138,2021-10-07 07:13:01,18100.0,400.0,2080700.0
139,2021-10-07 07:13:01,18100.0,1500.0,2080300.0
140,2021-10-07 07:13:01,18100.0,600.0,2078800.0
141,2021-10-07 07:11:56,18100.0,400.0,2078200.0
142,2021-10-07 07:11:32,18100.0,300.0,2077800.0
143,2021-10-07 07:11:20,18150.0,100.0,2077500.0
144,2021-10-07 07:10:49,18150.0,200.0,2077400.0
145,2021-10-07 07:10:40,18100.0,1700.0,2077200.0
146,2021-10-07 07:10:40,18100.0,100.0,2075500.0
147,2021-10-07 07:10:40,18100.0,300.0,2075400.0
148,2021-10-07 07:10:40,18100.0,100.0,2075100.0
149,2021-10-07 07:10:40,18100.0,1000.0,2075000.0
150,2021-10-07 07:10:40,18100.0,300.0,2074000.0
151,2021-10-07 07:09:56,18100.0,1800.0,2073700.0
152,2021-10-07 07:09:49,18100.0,1300.0,2071900.0
153,2021-10-07 07:08:57,18100.0,31600.0,2070600.0
154,2021-10-07 07:08:57,18100.0,1500.0,2039000.0
155,2021-10-07 07:08:57,18100.0,500.0,2037500.0
156,2021-10-07 07:08:57,18100.0,400.0,2037000.0
157,2021-10-07 07:07:57,18150.0,300.0,2036600.0
158,2021-10-07 07:07:56,18150.0,200.0,2036300.0
159,2021-10-07 07:07:56,18150.0,200.0,2036100.0
160,2021-10-07 07:07:49,18150.0,100.0,2035900.0
161,2021-10-07 07:07:49,18150.0,100.0,2035800.0
162,2021-10-07 07:07:16,18150.0,400.0,2035700.0
163,2021-10-07 07:07:16,18150.0,700.0,2035300.0
164,2021-10-07 07:07:05,18150.0,800.0,2034600.0
165,2021-10-07 07:07:05,18150.0,2000.0,2033800.0
166,2021-10-07 07:07:05,18150.0,100.0,2031800.0
167,2021-10-07 07:07:05,18150.0,1000.0,2031700.0
168,2021-10-07 07:07:05,18150.0,1100.0,2030700.0
169,2021-10-07 07:06:55,18150.0,2200.0,2029600.0
170,2021-10-07 07:06:49,18150.0,1600.0,2027400.0
171,2021-10-07 07:06:49,18150.0,100.0,2025800.0
172,2021-10-07 07:06:49,18150.0,2000.0,2025700.0
173,2021-10-07 07:06:49,18150.0,1000.0,2023700.0
174,2021-10-07 07:06:49,18150.0,600.0,2022700.0
175,2021-10-07 07:06:49,18150.0,1000.0,2022100.0
176,2021-10-07 07:06:49,18150.0,700.0,2021100.0
177,2021-10-07 07:06:49,18150.0,2000.0,2020400.0
178,2021-10-07 07:06:49,18150.0,700.0,2018400.0
179,2021-10-07 07:06:49,18150.0,5000.0,2017700.0
180,2021-10-07 07:06:49,18150.0,100.0,2012700.0
181,2021-10-07 07:06:49,18150.0,500.0,2012600.0
182,2021-10-07 07:06:36,18150.0,600.0,2012100.0
183,2021-10-07 07:06:23,18150.0,1800.0,2011500.0
184,2021-10-07 07:06:23,18150.0,100.0,2009700.0
185,2021-10-07 07:06:20,18150.0,100.0,2009600.0
186,2021-10-07 07:06:20,18150.0,200.0,2009500.0
187,2021-10-07 07:06:20,18150.0,700.0,2009300.0
188,2021-10-07 07:06:01,18150.0,200.0,2008600.0
189,2021-10-07 07:05:21,18100.0,100.0,2008400.0
190,2021-10-07 07:05:17,18100.0,1300.0,2008300.0
191,2021-10-07 07:05:17,18100.0,2000.0,2007000.0
192,2021-10-07 07:05:17,18100.0,800.0,2005000.0
193,2021-10-07 07:05:17,18100.0,2600.0,2004200.0
194,2021-10-07 07:05:16,18100.0,100.0,2001600.0
195,2021-10-07 07:05:16,18100.0,5000.0,2001500.0
196,2021-10-07 07:05:12,18100.0,1300.0,1996500.0
197,2021-10-07 07:05:10,18100.0,1000.0,1995200.0
198,2021-10-07 07:05:10,18100.0,1200.0,1994200.0
199,2021-10-07 07:05:10,18100.0,400.0,1993000.0
200,2021-10-07 07:05:10,18100.0,1000.0,1992600.0
201,2021-10-07 07:05:10,18100.0,200.0,1991600.0
202,2021-10-07 07:05:10,18100.0,9300.0,1991400.0
203,2021-10-07 07:05:10,18100.0,300.0,1982100.0
204,2021-10-07 07:05:10,18100.0,2000.0,1981800.0
205,2021-10-07 07:05:10,18100.0,300.0,1979800.0
206,2021-10-07 07:05:10,18100.0,1000.0,1979500.0
207,2021-10-07 07:05:10,18100.0,100.0,1978500.0
208,2021-10-07 07:05:10,18100.0,1000.0,1978400.0
209,2021-10-07 07:05:10,18100.0,200.0,1977400.0
210,2021-10-07 07:05:10,18100.0,300.0,1977200.0
211,2021-10-07 07:05:10,18100.0,1000.0,1976900.0
212,2021-10-07 07:05:10,18100.0,200.0,1975900.0
213,2021-10-07 07:05:10,18100.0,300.0,1975700.0
214,2021-10-07 07:05:10,18100.0,100.0,1975400.0
215,2021-10-07 07:05:10,18100.0,100.0,1975300.0
216,2021-10-07 07:05:07,18100.0,100.0,1975200.0
217,2021-10-07 07:04:20,18100.0,1100.0,1975100.0
218,2021-10-07 07:04:15,18100.0,500.0,1974000.0
219,2021-10-07 07:03:43,18100.0,2000.0,1973500.0
220,2021-10-07 07:03:27,18050.0,500.0,1971500.0
221,2021-10-07 07:03:04,18100.0,2000.0,1971000.0
222,2021-10-07 07:03:01,18100.0,100.0,1969000.0
223,2021-10-07 07:02:11,18100.0,300.0,1968900.0
224,2021-10-07 07:01:58,18100.0,300.0,1968600.0
225,2021-10-07 07:01:35,18100.0,100.0,1968300.0
226,2021-10-07 07:01:22,18050.0,2000.0,1968200.0
227,2021-10-07 07:00:37,18050.0,500.0,1966200.0
228,2021-10-07 07:00:28,18100.0,100.0,1965700.0
229,2021-10-07 07:00:10,18100.0,1000.0,1965600.0
230,2021-10-07 06:59:17,18050.0,3900.0,1964600.0
231,2021-10-07 06:59:17,18050.0,100.0,1960700.0
232,2021-10-07 06:59:17,18050.0,100.0,1960600.0
233,2021-10-07 06:59:17,18050.0,100.0,1960500.0
234,2021-10-07 06:59:17,18050.0,600.0,1960400.0
235,2021-10-07 06:59:17,18050.0,3000.0,1959800.0
236,2021-10-07 06:59:17,18050.0,200.0,1956800.0
237,2021-10-07 06:59:17,18050.0,2000.0,1956600.0
238,2021-10-07 06:59:14,18050.0,2000.0,1954600.0
239,2021-10-07 06:59:14,18050.0,100.0,1952600.0
240,2021-10-07 06:59:14,18050.0,100.0,1952500.0
241,2021-10-07 06:59:14,18050.0,3000.0,1952400.0
242,2021-10-07 06:59:14,18050.0,600.0,1949400.0
243,2021-10-07 06:59:14,18050.0,100.0,1948800.0
244,2021-10-07 06:59:14,18050.0,4100.0,1948700.0
245,2021-10-07 06:59:00,18050.0,600.0,1944600.0
246,2021-10-07 06:58:54,18100.0,200.0,1944000.0
247,2021-10-07 06:58:51,18050.0,3300.0,1943800.0
248,2021-10-07 06:58:51,18050.0,2000.0,1940500.0
249,2021-10-07 06:58:51,18050.0,100.0,1938500.0
250,2021-10-07 06:58:51,18050.0,100.0,1938400.0
251,2021-10-07 06:58:51,18050.0,3000.0,1938300.0
252,2021-10-07 06:58:51,18050.0,9000.0,1935300.0
253,2021-10-07 06:58:51,18050.0,700.0,1926300.0
254,2021-10-07 06:58:51,18050.0,100.0,1925600.0
255,2021-10-07 06:58:51,18050.0,400.0,1925500.0
256,2021-10-07 06:58:51,18050.0,1000.0,1925100.0
257,2021-10-07 06:58:51,18050.0,200.0,1924100.0
258,2021-10-07 06:58:51,18050.0,100.0,1923900.0
259,2021-10-07 06:58:51,18050.0,100.0,1923800.0
260,2021-10-07 06:58:51,18050.0,20000.0,1923700.0
261,2021-10-07 06:58:51,18050.0,100.0,1903700.0
262,2021-10-07 06:58:51,18050.0,700.0,1903600.0
263,2021-10-07 06:58:51,18050.0,1000.0,1902900.0
264,2021-10-07 06:58:51,18050.0,100.0,1901900.0
265,2021-10-07 06:58:51,18050.0,300.0,1901800.0
266,2021-10-07 06:58:51,18050.0,2500.0,1901500.0
267,2021-10-07 06:58:51,18050.0,5000.0,1899000.0
268,2021-10-07 06:58:51,18050.0,200.0,1894000.0
269,2021-10-07 06:58:28,18100.0,900.0,1893800.0
270,2021-10-07 06:58:15,18100.0,100.0,1892900.0
271,2021-10-07 06:56:45,18050.0,700.0,1892800.0
272,2021-10-07 06:55:48,18050.0,200.0,1892100.0
273,2021-10-07 06:55:35,18100.0,400.0,1891900.0
274,2021-10-07 06:55:35,18100.0,1200.0,1891500.0
275,2021-10-07 06:54:55,18050.0,1000.0,1890300.0
276,2021-10-07 06:54:43,18050.0,12900.0,1889300.0
277,2021-10-07 06:54:43,18050.0,200.0,1876400.0
278,2021-10-07 06:54:43,18050.0,500.0,1876200.0
279,2021-10-07 06:54:43,18050.0,1000.0,1875700.0
280,2021-10-07 06:54:43,18050.0,200.0,1874700.0
281,2021-10-07 06:54:43,18050.0,1000.0,1874500.0
282,2021-10-07 06:54:43,18050.0,800.0,1873500.0
283,2021-10-07 06:54:43,18050.0,7000.0,1872700.0
284,2021-10-07 06:54:43,18050.0,1000.0,1865700.0
285,2021-10-07 06:54:43,18050.0,5000.0,1864700.0
286,2021-10-07 06:54:43,18050.0,1000.0,1859700.0
287,2021-10-07 06:54:43,18050.0,5000.0,1858700.0
288,2021-10-07 06:54:43,18050.0,10000.0,1853700.0
289,2021-10-07 06:54:43,18050.0,100.0,1843700.0
290,2021-10-07 06:54:43,18050.0,1000.0,1843600.0
291,2021-10-07 06:54:43,18050.0,1000.0,1842600.0
292,2021-10-07 06:54:43,18050.0,2300.0,1841600.0
293,2021-10-07 06:54:28,18100.0,1800.0,1839300.0
294,2021-10-07 06:54:28,18100.0,1000.0,1837500.0
295,2021-10-07 06:54:28,18100.0,200.0,1836500.0
296,2021-10-07 06:53:32,18100.0,100.0,1836300.0
297,2021-10-07 06:53:07,18100.0,500.0,1836200.0
298,2021-10-07 06:53:07,18100.0,1000.0,1835700.0
299,2021-10-07 06:53:06,18100.0,2000.0,1834700.0
300,2021-10-07 06:52:46,18100.0,2200.0,1832700.0
301,2021-10-07 06:52:46,18100.0,2800.0,1830500.0
302,2021-10-07 06:52:38,18100.0,100.0,1827700.0
303,2021-10-07 06:52:20,18100.0,100.0,1827600.0
304,2021-10-07 06:52:19,18100.0,600.0,1827500.0
305,2021-10-07 06:52:17,18100.0,2000.0,1826900.0
306,2021-10-07 06:52:05,18100.0,14400.0,1824900.0
307,2021-10-07 06:52:05,18100.0,2000.0,1810500.0
308,2021-10-07 06:52:05,18100.0,1100.0,1808500.0
309,2021-10-07 06:52:05,18100.0,600.0,1807400.0
310,2021-10-07 06:52:05,18100.0,100.0,1806800.0
311,2021-10-07 06:52:04,18100.0,2600.0,1806700.0
312,2021-10-07 06:52:02,18100.0,400.0,1804100.0
313,2021-10-07 06:52:02,18100.0,2600.0,1803700.0
314,2021-10-07 06:51:18,18100.0,1400.0,1801100.0
315,2021-10-07 06:51:18,18100.0,500.0,1799700.0
316,2021-10-07 06:51:18,18100.0,1500.0,1799200.0
317,2021-10-07 06:51:18,18100.0,1600.0,1797700.0
318,2021-10-07 06:51:07,18050.0,100.0,1796100.0
319,2021-10-07 06:50:28,18100.0,200.0,1796000.0
320,2021-10-07 06:48:35,18100.0,200.0,1795800.0
321,2021-10-07 06:48:35,18100.0,100.0,1795600.0
322,2021-10-07 06:48:35,18100.0,19700.0,1795500.0
323,2021-10-07 06:48:31,18100.0,100.0,1775800.0
324,2021-10-07 06:47:29,18100.0,1000.0,1775700.0
325,2021-10-07 06:47:17,18100.0,100.0,1774700.0
326,2021-10-07 06:46:46,18100.0,2000.0,1774600.0
327,2021-10-07 06:46:44,18100.0,1000.0,1772600.0
328,2021-10-07 06:46:42,18100.0,100.0,1771600.0
329,2021-10-07 06:46:32,18100.0,100.0,1771500.0
330,2021-10-07 06:46:29,18100.0,500.0,1771400.0
331,2021-10-07 06:46:19,18100.0,100.0,1770900.0
332,2021-10-07 06:45:56,18100.0,500.0,1770800.0
333,2021-10-07 06:45:47,18100.0,2700.0,1770300.0
334,2021-10-07 06:45:11,18050.0,600.0,1767600.0
335,2021-10-07 06:45:11,18050.0,200.0,1767000.0
336,2021-10-07 06:45:11,18050.0,200.0,1766800.0
337,2021-10-07 06:45:11,18050.0,100.0,1766600.0
338,2021-10-07 06:45:11,18050.0,100.0,1766500.0
339,2021-10-07 06:45:11,18050.0,100.0,1766400.0
340,2021-10-07 06:44:28,18050.0,100.0,1766300.0
341,2021-10-07 06:43:57,18050.0,500.0,1766200.0
342,2021-10-07 06:43:57,18050.0,2000.0,1765700.0
343,2021-10-07 06:43:57,18050.0,800.0,1763700.0
344,2021-10-07 06:43:57,18050.0,1500.0,1762900.0
345,2021-10-07 06:43:57,18050.0,200.0,1761400.0
346,2021-10-07 06:43:30,18100.0,1000.0,1761200.0
347,2021-10-07 06:43:13,18100.0,200.0,1760200.0
348,2021-10-07 06:42:58,18100.0,200.0,1760000.0
349,2021-10-07 06:42:54,18100.0,500.0,1759800.0
350,2021-10-07 06:42:44,18100.0,300.0,1759300.0
351,2021-10-07 06:42:29,18100.0,800.0,1759000.0
352,2021-10-07 06:42:21,18100.0,1700.0,1758200.0
353,2021-10-07 06:41:57,18050.0,800.0,1756500.0
354,2021-10-07 06:41:57,18050.0,100.0,1755700.0
355,2021-10-07 06:41:57,18050.0,100.0,1755600.0
356,2021-10-07 06:41:49,18050.0,100.0,1755500.0
357,2021-10-07 06:41:49,18050.0,500.0,1755400.0
358,2021-10-07 06:41:49,18050.0,200.0,1754900.0
359,2021-10-07 06:41:49,18050.0,200.0,1754700.0
360,2021-10-07 06:41:27,18050.0,100.0,1754500.0
361,2021-10-07 06:41:20,18100.0,5500.0,1754400.0
362,2021-10-07 06:41:05,18100.0,200.0,1748900.0
363,2021-10-07 06:41:05,18100.0,300.0,1748700.0
364,2021-10-07 06:41:05,18100.0,5500.0,1748400.0
365,2021-10-07 06:41:05,18100.0,100.0,1742900.0
366,2021-10-07 06:41:05,18100.0,5000.0,1742800.0
367,2021-10-07 06:41:05,18100.0,800.0,1737800.0
368,2021-10-07 06:40:58,18100.0,3000.0,1737000.0
369,2021-10-07 06:40:33,18100.0,600.0,1734000.0
370,2021-10-07 06:40:30,18100.0,600.0,1733400.0
371,2021-10-07 06:40:30,18100.0,200.0,1732800.0
372,2021-10-07 06:40:30,18100.0,4800.0,1732600.0
373,2021-10-07 06:39:02,18150.0,1500.0,1727800.0
374,2021-10-07 06:38:57,18100.0,100.0,1726300.0
375,2021-10-07 06:38:55,18100.0,100.0,1726200.0
376,2021-10-07 06:38:55,18100.0,200.0,1726100.0
377,2021-10-07 06:38:39,18100.0,200.0,1725900.0
378,2021-10-07 06:38:23,18100.0,500.0,1725700.0
379,2021-10-07 06:38:22,18100.0,100.0,1725200.0
380,2021-10-07 06:38:21,18100.0,200.0,1725100.0
381,2021-10-07 06:38:15,18100.0,1800.0,1724900.0
382,2021-10-07 06:37:31,18100.0,200.0,1723100.0
383,2021-10-07 06:36:52,18100.0,200.0,1722900.0
384,2021-10-07 06:36:37,18100.0,1600.0,1722700.0
385,2021-10-07 06:36:37,18100.0,100.0,1721100.0
386,2021-10-07 06:36:37,18100.0,200.0,1721000.0
387,2021-10-07 06:36:24,18100.0,4800.0,1720800.0
388,2021-10-07 06:36:24,18100.0,1000.0,1716000.0
389,2021-10-07 06:36:24,18100.0,200.0,1715000.0
390,2021-10-07 06:36:24,18100.0,500.0,1714800.0
391,2021-10-07 06:36:24,18100.0,500.0,1714300.0
392,2021-10-07 06:36:24,18100.0,500.0,1713800.0
393,2021-10-07 06:36:24,18100.0,1000.0,1713300.0
394,2021-10-07 06:36:24,18100.0,500.0,1712300.0
395,2021-10-07 06:36:24,18100.0,500.0,1711800.0
396,2021-10-07 06:36:24,18100.0,200.0,1711300.0
397,2021-10-07 06:36:24,18100.0,100.0,1711100.0
398,2021-10-07 06:36:24,18100.0,400.0,1711000.0
399,2021-10-07 06:36:24,18100.0,200.0,1710600.0
400,2021-10-07 06:36:24,18100.0,2000.0,1710400.0
401,2021-10-07 06:36:24,18100.0,2000.0,1708400.0
402,2021-10-07 06:36:24,18100.0,100.0,1706400.0
403,2021-10-07 06:36:24,18100.0,1000.0,1706300.0
404,2021-10-07 06:36:24,18100.0,200.0,1705300.0
405,2021-10-07 06:36:24,18100.0,1000.0,1705100.0
406,2021-10-07 06:36:24,18100.0,11000.0,1704100.0
407,2021-10-07 06:36:24,18100.0,2400.0,1693100.0
408,2021-10-07 06:36:24,18100.0,100.0,1690700.0
409,2021-10-07 06:36:24,18100.0,100.0,1690600.0
410,2021-10-07 06:36:24,18100.0,400.0,1690500.0
411,2021-10-07 06:36:24,18100.0,1000.0,1690100.0
412,2021-10-07 06:36:24,18100.0,200.0,1689100.0
413,2021-10-07 06:36:24,18100.0,500.0,1688900.0
414,2021-10-07 06:36:24,18100.0,1000.0,1688400.0
415,2021-10-07 06:36:24,18100.0,100.0,1687400.0
416,2021-10-07 06:36:24,18100.0,1600.0,1687300.0
417,2021-10-07 06:36:24,18100.0,1000.0,1685700.0
418,2021-10-07 06:36:24,18100.0,1000.0,1684700.0
419,2021-10-07 06:36:24,18100.0,300.0,1683700.0
420,2021-10-07 06:36:24,18100.0,200.0,1683400.0
421,2021-10-07 06:36:24,18100.0,100.0,1683200.0
422,2021-10-07 06:36:24,18100.0,100.0,1683100.0
423,2021-10-07 06:36:24,18100.0,300.0,1683000.0
424,2021-10-07 06:36:24,18100.0,11900.0,1682700.0
425,2021-10-07 06:35:15,18150.0,200.0,1670800.0
426,2021-10-07 06:35:12,18150.0,400.0,1670600.0
427,2021-10-07 06:35:12,18150.0,2600.0,1670200.0
428,2021-10-07 06:34:41,18150.0,5000.0,1667600.0
429,2021-10-07 06:34:20,18150.0,100.0,1662600.0
430,2021-10-07 06:34:10,18150.0,100.0,1662500.0
431,2021-10-07 06:33:30,18150.0,200.0,1662400.0
432,2021-10-07 06:33:26,18150.0,1000.0,1662200.0
433,2021-10-07 06:33:19,18150.0,1000.0,1661200.0
434,2021-10-07 06:33:10,18150.0,1000.0,1660200.0
435,2021-10-07 06:33:10,18150.0,100.0,1659200.0
436,2021-10-07 06:33:10,18150.0,900.0,1659100.0
437,2021-10-07 06:32:23,18100.0,3000.0,1658200.0
438,2021-10-07 06:32:09,18150.0,1000.0,1655200.0
439,2021-10-07 06:31:53,18150.0,100.0,1654200.0
440,2021-10-07 06:31:44,18150.0,900.0,1654100.0
441,2021-10-07 06:31:44,18150.0,2900.0,1653200.0
442,2021-10-07 06:31:28,18150.0,17100.0,1650300.0
443,2021-10-07 06:31:28,18150.0,600.0,1633200.0
444,2021-10-07 06:31:28,18150.0,300.0,1632600.0
445,2021-10-07 06:31:11,18150.0,200.0,1632300.0
446,2021-10-07 06:31:11,18150.0,500.0,1632100.0
447,2021-10-07 06:31:11,18150.0,9000.0,1631600.0
448,2021-10-07 06:31:11,18150.0,300.0,1622600.0
449,2021-10-07 06:31:06,18150.0,500.0,1622300.0
450,2021-10-07 06:31:06,18150.0,1000.0,1621800.0
451,2021-10-07 06:31:06,18150.0,300.0,1620800.0
452,2021-10-07 06:31:06,18150.0,200.0,1620500.0
453,2021-10-07 06:31:05,18200.0,500.0,1620300.0
454,2021-10-07 06:30:38,18150.0,100.0,1619800.0
455,2021-10-07 06:30:37,18150.0,700.0,1619700.0
456,2021-10-07 06:30:37,18150.0,300.0,1619000.0
457,2021-10-07 06:30:35,18150.0,100.0,1618700.0
458,2021-10-07 06:30:10,18150.0,300.0,1618600.0
459,2021-10-07 06:29:50,18150.0,200.0,1618300.0
460,2021-10-07 06:29:44,18150.0,1000.0,1618100.0
461,2021-10-07 06:29:40,18150.0,100.0,1617100.0
462,2021-10-07 06:29:40,18150.0,100.0,1617000.0
463,2021-10-07 06:28:57,18150.0,100.0,1616900.0
464,2021-10-07 06:28:35,18150.0,100.0,1616800.0
465,2021-10-07 06:27:36,18150.0,500.0,1616700.0
466,2021-10-07 06:27:32,18150.0,200.0,1616200.0
467,2021-10-07 06:27:14,18200.0,500.0,1616000.0
468,2021-10-07 06:27:10,18150.0,100.0,1615500.0
469,2021-10-07 06:25:57,18200.0,600.0,1615400.0
470,2021-10-07 06:25:35,18200.0,500.0,1614800.0
471,2021-10-07 06:25:18,18200.0,100.0,1614300.0
472,2021-10-07 06:25:17,18150.0,100.0,1614200.0
473,2021-10-07 06:25:17,18150.0,10000.0,1614100.0
474,2021-10-07 06:25:17,18150.0,1400.0,1604100.0
475,2021-10-07 06:25:17,18150.0,15000.0,1602700.0
476,2021-10-07 06:25:17,18150.0,100.0,1587700.0
477,2021-10-07 06:25:17,18150.0,400.0,1587600.0
478,2021-10-07 06:24:20,18150.0,600.0,1587200.0
479,2021-10-07 06:24:20,18150.0,7000.0,1586600.0
480,2021-10-07 06:24:20,18150.0,400.0,1579600.0
481,2021-10-07 06:23:24,18150.0,200.0,1579200.0
482,2021-10-07 06:23:24,18150.0,500.0,1579000.0
483,2021-10-07 06:23:24,18150.0,100.0,1578500.0
484,2021-10-07 06:23:24,18150.0,700.0,1578400.0
485,2021-10-07 06:23:19,18150.0,100.0,1577700.0
486,2021-10-07 06:23:18,18150.0,2000.0,1577600.0
487,2021-10-07 06:23:16,18150.0,500.0,1575600.0
488,2021-10-07 06:23:15,18150.0,2600.0,1575100.0
489,2021-10-07 06:23:15,18150.0,2000.0,1572500.0
490,2021-10-07 06:23:15,18150.0,3000.0,1570500.0
491,2021-10-07 06:23:15,18150.0,200.0,1567500.0
492,2021-10-07 06:23:15,18150.0,200.0,1567300.0
493,2021-10-07 06:23:15,18150.0,100.0,1567100.0
494,2021-10-07 06:23:05,18150.0,200.0,1567000.0
495,2021-10-07 06:23:04,18150.0,100.0,1566800.0
496,2021-10-07 06:22:56,18150.0,100.0,1566700.0
497,2021-10-07 06:22:52,18150.0,200.0,1566600.0
498,2021-10-07 06:22:52,18150.0,5000.0,1566400.0
499,2021-10-07 06:22:50,18150.0,1000.0,1561400.0
500,2021-10-07 06:22:49,18150.0,2400.0,1560400.0
501,2021-10-07 06:22:49,18150.0,1100.0,1558000.0
502,2021-10-07 06:22:44,18150.0,600.0,1556900.0
503,2021-10-07 06:22:39,18150.0,3000.0,1556300.0
504,2021-10-07 06:22:38,18150.0,300.0,1553300.0
505,2021-10-07 06:22:38,18150.0,200.0,1553000.0
506,2021-10-07 06:22:32,18150.0,1000.0,1552800.0
507,2021-10-07 06:22:27,18150.0,10000.0,1551800.0
508,2021-10-07 06:22:10,18150.0,1000.0,1541800.0
509,2021-10-07 06:21:59,18150.0,1100.0,1540800.0
510,2021-10-07 06:21:59,18150.0,5000.0,1539700.0
511,2021-10-07 06:21:59,18150.0,500.0,1534700.0
512,2021-10-07 06:21:59,18150.0,1400.0,1534200.0
513,2021-10-07 06:21:43,18150.0,200.0,1532800.0
514,2021-10-07 06:21:41,18150.0,400.0,1532600.0
515,2021-10-07 06:21:41,18150.0,600.0,1532200.0
516,2021-10-07 06:21:36,18150.0,1000.0,1531600.0
517,2021-10-07 06:20:12,18150.0,200.0,1530600.0
518,2021-10-07 06:20:09,18150.0,100.0,1530400.0
519,2021-10-07 06:19:57,18150.0,3000.0,1530300.0
520,2021-10-07 06:19:50,18150.0,900.0,1527300.0
521,2021-10-07 06:19:31,18100.0,4700.0,1526400.0
522,2021-10-07 06:19:31,18100.0,1000.0,1521700.0
523,2021-10-07 06:18:57,18100.0,100.0,1520700.0
524,2021-10-07 06:18:57,18100.0,900.0,1520600.0
525,2021-10-07 06:18:24,18150.0,1000.0,1519700.0
526,2021-10-07 06:18:06,18150.0,700.0,1518700.0
527,2021-10-07 06:18:06,18100.0,100.0,1518000.0
528,2021-10-07 06:18:06,18100.0,500.0,1517900.0
529,2021-10-07 06:18:06,18100.0,200.0,1517400.0
530,2021-10-07 06:18:06,18100.0,200.0,1517200.0
531,2021-10-07 06:17:52,18150.0,100.0,1517000.0
532,2021-10-07 06:17:29,18150.0,3500.0,1516900.0
533,2021-10-07 06:17:28,18100.0,100.0,1513400.0
534,2021-10-07 06:17:28,18100.0,100.0,1513300.0
535,2021-10-07 06:16:15,18100.0,300.0,1513200.0
536,2021-10-07 06:16:11,18150.0,1100.0,1512900.0
537,2021-10-07 06:16:11,18150.0,200.0,1511800.0
538,2021-10-07 06:15:00,18150.0,200.0,1511600.0
539,2021-10-07 06:14:51,18100.0,700.0,1511400.0
540,2021-10-07 06:14:51,18100.0,100.0,1510700.0
541,2021-10-07 06:14:51,18100.0,200.0,1510600.0
542,2021-10-07 06:14:42,18100.0,100.0,1510400.0
543,2021-10-07 06:14:24,18150.0,500.0,1510300.0
544,2021-10-07 06:13:36,18100.0,100.0,1509800.0
545,2021-10-07 06:13:35,18150.0,200.0,1509700.0
546,2021-10-07 06:13:08,18150.0,100.0,1509500.0
547,2021-10-07 06:12:35,18100.0,100.0,1509400.0
548,2021-10-07 06:12:35,18100.0,1900.0,1509300.0
549,2021-10-07 06:11:54,18100.0,100.0,1507400.0
550,2021-10-07 06:11:54,18100.0,400.0,1507300.0
551,2021-10-07 06:11:50,18100.0,100.0,1506900.0
552,2021-10-07 06:11:50,18100.0,100.0,1506800.0
553,2021-10-07 06:11:31,18100.0,1200.0,1506700.0
554,2021-10-07 06:11:31,18100.0,1000.0,1505500.0
555,2021-10-07 06:11:31,18100.0,1000.0,1504500.0
556,2021-10-07 06:11:31,18100.0,1000.0,1503500.0
557,2021-10-07 06:11:31,18100.0,1000.0,1502500.0
558,2021-10-07 06:11:31,18100.0,100.0,1501500.0
559,2021-10-07 06:11:31,18100.0,100.0,1501400.0
560,2021-10-07 06:11:31,18100.0,3000.0,1501300.0
561,2021-10-07 06:11:31,18100.0,100.0,1498300.0
562,2021-10-07 06:11:31,18100.0,300.0,1498200.0
563,2021-10-07 06:11:31,18100.0,5200.0,1497900.0
564,2021-10-07 06:11:31,18100.0,300.0,1492700.0
565,2021-10-07 06:11:31,18100.0,1000.0,1492400.0
566,2021-10-07 06:11:31,18100.0,500.0,1491400.0
567,2021-10-07 06:11:31,18100.0,100.0,1490900.0
568,2021-10-07 06:11:31,18100.0,5000.0,1490800.0
569,2021-10-07 06:11:31,18100.0,400.0,1485800.0
570,2021-10-07 06:11:31,18100.0,1300.0,1485400.0
571,2021-10-07 06:11:31,18100.0,800.0,1484100.0
572,2021-10-07 06:11:31,18100.0,100.0,1483300.0
573,2021-10-07 06:11:31,18100.0,1500.0,1483200.0
574,2021-10-07 06:11:13,18100.0,200.0,1481700.0
575,2021-10-07 06:10:30,18100.0,1500.0,1481500.0
576,2021-10-07 06:09:20,18150.0,10000.0,1480000.0
577,2021-10-07 06:08:55,18100.0,200.0,1470000.0
578,2021-10-07 06:08:01,18150.0,100.0,1469800.0
579,2021-10-07 06:07:37,18100.0,1600.0,1469700.0
580,2021-10-07 06:07:37,18100.0,100.0,1468100.0
581,2021-10-07 06:07:37,18100.0,1000.0,1468000.0
582,2021-10-07 06:07:37,18100.0,800.0,1467000.0
583,2021-10-07 06:07:37,18100.0,400.0,1466200.0
584,2021-10-07 06:07:37,18100.0,300.0,1465800.0
585,2021-10-07 06:07:37,18100.0,100.0,1465500.0
586,2021-10-07 06:07:37,18100.0,100.0,1465400.0
587,2021-10-07 06:07:37,18100.0,1000.0,1465300.0
588,2021-10-07 06:07:37,18100.0,500.0,1464300.0
589,2021-10-07 06:07:37,18100.0,500.0,1463800.0
590,2021-10-07 06:07:37,18100.0,100.0,1463300.0
591,2021-10-07 06:07:37,18100.0,300.0,1463200.0
592,2021-10-07 06:07:37,18100.0,2000.0,1462900.0
593,2021-10-07 06:07:37,18100.0,1200.0,1460900.0
594,2021-10-07 06:07:33,18100.0,700.0,1459700.0
595,2021-10-07 06:06:37,18100.0,100.0,1459000.0
596,2021-10-07 06:06:16,18100.0,100.0,1458900.0
597,2021-10-07 06:05:59,18100.0,200.0,1458800.0
598,2021-10-07 06:05:50,18100.0,1000.0,1458600.0
599,2021-10-07 06:05:36,18100.0,500.0,1457600.0
600,2021-10-07 06:05:23,18150.0,3800.0,1457100.0
601,2021-10-07 06:04:56,18150.0,3000.0,1453300.0
602,2021-10-07 06:03:44,18150.0,600.0,1450300.0
603,2021-10-07 06:02:53,18150.0,1500.0,1449700.0
604,2021-10-07 06:02:51,18150.0,500.0,1448200.0
605,2021-10-07 06:02:25,18150.0,4000.0,1447700.0
606,2021-10-07 06:02:04,18150.0,1000.0,1443700.0
607,2021-10-07 06:01:30,18100.0,500.0,1442700.0
608,2021-10-07 06:01:24,18150.0,26000.0,1442200.0
609,2021-10-07 06:00:57,18150.0,3300.0,1416200.0
610,2021-10-07 06:00:51,18150.0,20000.0,1412900.0
611,2021-10-07 06:00:24,18100.0,500.0,1392900.0
612,2021-10-07 06:00:11,18100.0,900.0,1392400.0
613,2021-10-07 06:00:03,18100.0,2600.0,1391500.0
614,2021-10-07 06:00:02,18150.0,500.0,1388900.0
615,2021-10-07 06:00:01,18150.0,1000.0,1388400.0
616,2021-10-07 04:29:41,18100.0,2000.0,1387400.0
617,2021-10-07 04:29:40,18150.0,200.0,1385400.0
618,2021-10-07 04:29:28,18150.0,1900.0,1385200.0
619,2021-10-07 04:29:27,18100.0,41800.0,1383300.0
620,2021-10-07 04:29:27,18100.0,5000.0,1341500.0
621,2021-10-07 04:29:27,18100.0,200.0,1336500.0
622,2021-10-07 04:29:27,18100.0,2000.0,1336300.0
623,2021-10-07 04:29:27,18100.0,1000.0,1334300.0
624,2021-10-07 04:29:27,18150.0,100.0,1333300.0
625,2021-10-07 04:28:52,18150.0,800.0,1333200.0
626,2021-10-07 04:28:52,18150.0,500.0,1332400.0
627,2021-10-07 04:28:52,18150.0,100.0,1331900.0
628,2021-10-07 04:28:52,18150.0,200.0,1331800.0
629,2021-10-07 04:28:52,18150.0,5000.0,1331600.0
630,2021-10-07 04:28:52,18150.0,500.0,1326600.0
631,2021-10-07 04:28:52,18150.0,2000.0,1326100.0
632,2021-10-07 04:28:20,18200.0,1000.0,1324100.0
633,2021-10-07 04:28:16,18200.0,100.0,1323100.0
634,2021-10-07 04:27:39,18200.0,500.0,1323000.0
635,2021-10-07 04:27:39,18200.0,100.0,1322500.0
636,2021-10-07 04:27:13,18200.0,100.0,1322400.0
637,2021-10-07 04:27:02,18200.0,300.0,1322300.0
638,2021-10-07 04:27:02,18200.0,700.0,1322000.0
639,2021-10-07 04:26:58,18200.0,600.0,1321300.0
640,2021-10-07 04:26:30,18200.0,4000.0,1320700.0
641,2021-10-07 04:26:19,18200.0,900.0,1316700.0
642,2021-10-07 04:26:19,18200.0,1100.0,1315800.0
643,2021-10-07 04:26:19,18200.0,3000.0,1314700.0
644,2021-10-07 04:26:14,18250.0,600.0,1311700.0
645,2021-10-07 04:26:14,18250.0,1000.0,1311100.0
646,2021-10-07 04:26:14,18250.0,2000.0,1310100.0
647,2021-10-07 04:26:14,18250.0,1000.0,1308100.0
648,2021-10-07 04:26:14,18250.0,400.0,1307100.0
649,2021-10-07 04:26:11,18250.0,400.0,1306700.0
650,2021-10-07 04:26:11,18250.0,2000.0,1306300.0
651,2021-10-07 04:26:11,18250.0,400.0,1304300.0
652,2021-10-07 04:26:11,18250.0,200.0,1303900.0
653,2021-10-07 04:25:35,18250.0,1000.0,1303700.0
654,2021-10-07 04:25:35,18250.0,100.0,1302700.0
655,2021-10-07 04:25:35,18250.0,800.0,1302600.0
656,2021-10-07 04:25:35,18250.0,1000.0,1301800.0
657,2021-10-07 04:25:07,18250.0,2000.0,1300800.0
658,2021-10-07 04:25:07,18250.0,3000.0,1298800.0
659,2021-10-07 04:24:49,18200.0,5900.0,1295800.0
660,2021-10-07 04:24:49,18200.0,100.0,1289900.0
661,2021-10-07 04:24:49,18200.0,3000.0,1289800.0
662,2021-10-07 04:24:36,18250.0,5000.0,1286800.0
663,2021-10-07 04:24:36,18250.0,200.0,1281800.0
664,2021-10-07 04:24:36,18250.0,300.0,1281600.0
665,2021-10-07 04:24:36,18250.0,100.0,1281300.0
666,2021-10-07 04:24:36,18250.0,5000.0,1281200.0
667,2021-10-07 04:24:36,18250.0,100.0,1276200.0
668,2021-10-07 04:24:36,18250.0,100.0,1276100.0
669,2021-10-07 04:24:36,18250.0,200.0,1276000.0
670,2021-10-07 04:24:36,18250.0,200.0,1275800.0
671,2021-10-07 04:24:36,18250.0,7000.0,1275600.0
672,2021-10-07 04:24:36,18250.0,500.0,1268600.0
673,2021-10-07 04:24:36,18250.0,1300.0,1268100.0
674,2021-10-07 04:24:16,18200.0,100.0,1266800.0
675,2021-10-07 04:22:42,18250.0,100.0,1266700.0
676,2021-10-07 04:22:42,18250.0,100.0,1266600.0
677,2021-10-07 04:22:12,18250.0,1000.0,1266500.0
678,2021-10-07 04:22:01,18250.0,300.0,1265500.0
679,2021-10-07 04:21:53,18200.0,500.0,1265200.0
680,2021-10-07 04:21:41,18200.0,1000.0,1264700.0
681,2021-10-07 04:21:25,18200.0,100.0,1263700.0
682,2021-10-07 04:21:25,18200.0,300.0,1263600.0
683,2021-10-07 04:20:49,18200.0,500.0,1263300.0
684,2021-10-07 04:20:26,18200.0,500.0,1262800.0
685,2021-10-07 04:20:25,18200.0,500.0,1262300.0
686,2021-10-07 04:19:55,18250.0,100.0,1261800.0
687,2021-10-07 04:19:55,18200.0,200.0,1261700.0
688,2021-10-07 04:19:45,18200.0,400.0,1261500.0
689,2021-10-07 04:19:45,18200.0,400.0,1261100.0
690,2021-10-07 04:19:45,18200.0,500.0,1260700.0
691,2021-10-07 04:19:45,18200.0,300.0,1260200.0
692,2021-10-07 04:19:43,18200.0,1100.0,1259900.0
693,2021-10-07 04:19:33,18200.0,600.0,1258800.0
694,2021-10-07 04:19:33,18200.0,400.0,1258200.0
695,2021-10-07 04:19:09,18200.0,200.0,1257800.0
696,2021-10-07 04:18:57,18200.0,100.0,1257600.0
697,2021-10-07 04:18:55,18200.0,100.0,1257500.0
698,2021-10-07 04:18:53,18200.0,3300.0,1257400.0
699,2021-10-07 04:18:29,18200.0,100.0,1254100.0
700,2021-10-07 04:18:29,18250.0,1900.0,1254000.0
701,2021-10-07 04:18:29,18250.0,100.0,1252100.0
702,2021-10-07 04:18:29,18250.0,3000.0,1252000.0
703,2021-10-07 04:18:25,18200.0,200.0,1249000.0
704,2021-10-07 04:18:25,18200.0,600.0,1248800.0
705,2021-10-07 04:18:11,18200.0,1700.0,1248200.0
706,2021-10-07 04:18:09,18200.0,200.0,1246500.0
707,2021-10-07 04:17:55,18200.0,100.0,1246300.0
708,2021-10-07 04:17:55,18200.0,100.0,1246200.0
709,2021-10-07 04:17:38,18200.0,500.0,1246100.0
710,2021-10-07 04:17:38,18200.0,1000.0,1245600.0
711,2021-10-07 04:17:38,18200.0,100.0,1244600.0
712,2021-10-07 04:16:40,18100.0,100.0,1244500.0
713,2021-10-07 04:16:40,18150.0,400.0,1244400.0
714,2021-10-07 04:16:40,18150.0,500.0,1244000.0
715,2021-10-07 04:16:18,18150.0,500.0,1243500.0
716,2021-10-07 04:16:09,18150.0,500.0,1243000.0
717,2021-10-07 04:15:43,18150.0,500.0,1242500.0
718,2021-10-07 04:15:36,18150.0,1000.0,1242000.0
719,2021-10-07 04:15:35,18150.0,400.0,1241000.0
720,2021-10-07 04:15:35,18150.0,600.0,1240600.0
721,2021-10-07 04:15:29,18150.0,1000.0,1240000.0
722,2021-10-07 04:15:01,18150.0,900.0,1239000.0
723,2021-10-07 04:15:01,18150.0,100.0,1238100.0
724,2021-10-07 04:14:08,18100.0,1000.0,1238000.0
725,2021-10-07 04:14:07,18100.0,1000.0,1237000.0
726,2021-10-07 04:14:05,18100.0,5000.0,1236000.0
727,2021-10-07 04:13:54,18100.0,2000.0,1231000.0
728,2021-10-07 04:13:30,18100.0,2000.0,1229000.0
729,2021-10-07 04:13:28,18100.0,300.0,1227000.0
730,2021-10-07 04:13:27,18100.0,700.0,1226700.0
731,2021-10-07 04:13:27,18100.0,300.0,1226000.0
732,2021-10-07 04:13:24,18100.0,200.0,1225700.0
733,2021-10-07 04:13:14,18100.0,500.0,1225500.0
734,2021-10-07 04:13:02,18100.0,200.0,1225000.0
735,2021-10-07 04:12:59,18050.0,700.0,1224800.0
736,2021-10-07 04:12:59,18050.0,200.0,1224100.0
737,2021-10-07 04:12:59,18050.0,100.0,1223900.0
738,2021-10-07 04:12:49,18100.0,100.0,1223800.0
739,2021-10-07 04:11:53,18100.0,2000.0,1223700.0
740,2021-10-07 04:11:46,18100.0,500.0,1221700.0
741,2021-10-07 04:11:40,18100.0,3900.0,1221200.0
742,2021-10-07 04:10:55,18100.0,1000.0,1217300.0
743,2021-10-07 04:10:38,18100.0,200.0,1216300.0
744,2021-10-07 04:10:09,18100.0,500.0,1216100.0
745,2021-10-07 04:09:53,18100.0,500.0,1215600.0
746,2021-10-07 04:09:53,18100.0,2000.0,1215100.0
747,2021-10-07 04:09:53,18100.0,200.0,1213100.0
748,2021-10-07 04:09:53,18100.0,500.0,1212900.0
749,2021-10-07 04:09:53,18100.0,300.0,1212400.0
750,2021-10-07 04:09:53,18100.0,400.0,1212100.0
751,2021-10-07 04:09:53,18100.0,200.0,1211700.0
752,2021-10-07 04:09:53,18100.0,100.0,1211500.0
753,2021-10-07 04:09:53,18100.0,500.0,1211400.0
754,2021-10-07 04:09:53,18100.0,300.0,1210900.0
755,2021-10-07 04:09:53,18100.0,1000.0,1210600.0
756,2021-10-07 04:09:53,18100.0,10000.0,1209600.0
757,2021-10-07 04:09:53,18100.0,3000.0,1199600.0
758,2021-10-07 04:09:53,18100.0,2400.0,1196600.0
759,2021-10-07 04:09:53,18100.0,1000.0,1194200.0
760,2021-10-07 04:09:53,18100.0,1000.0,1193200.0
761,2021-10-07 04:09:53,18100.0,1000.0,1192200.0
762,2021-10-07 04:09:53,18100.0,1000.0,1191200.0
763,2021-10-07 04:09:53,18100.0,5500.0,1190200.0
764,2021-10-07 04:09:53,18100.0,2000.0,1184700.0
765,2021-10-07 04:09:53,18100.0,1100.0,1182700.0
766,2021-10-07 04:09:53,18100.0,1000.0,1181600.0
767,2021-10-07 04:09:53,18100.0,100.0,1180600.0
768,2021-10-07 04:09:53,18100.0,500.0,1180500.0
769,2021-10-07 04:09:53,18100.0,2000.0,1180000.0
770,2021-10-07 04:09:53,18100.0,700.0,1178000.0
771,2021-10-07 04:09:26,18100.0,1300.0,1177300.0
772,2021-10-07 04:09:26,18100.0,200.0,1176000.0
773,2021-10-07 04:09:26,18100.0,200.0,1175800.0
774,2021-10-07 04:09:26,18100.0,1300.0,1175600.0
775,2021-10-07 04:09:00,18150.0,3000.0,1174300.0
776,2021-10-07 04:08:53,18100.0,200.0,1171300.0
777,2021-10-07 04:08:04,18100.0,1200.0,1171100.0
778,2021-10-07 04:06:42,18150.0,100.0,1169900.0
779,2021-10-07 04:06:37,18150.0,2000.0,1169800.0
780,2021-10-07 04:06:15,18150.0,2900.0,1167800.0
781,2021-10-07 04:06:14,18150.0,400.0,1164900.0
782,2021-10-07 04:04:48,18150.0,3000.0,1164500.0
783,2021-10-07 04:04:21,18100.0,300.0,1161500.0
784,2021-10-07 04:04:10,18150.0,300.0,1161200.0
785,2021-10-07 04:03:55,18150.0,1000.0,1160900.0
786,2021-10-07 04:03:45,18150.0,200.0,1159900.0
787,2021-10-07 04:03:45,18150.0,1800.0,1159700.0
788,2021-10-07 04:03:45,18150.0,20000.0,1157900.0
789,2021-10-07 04:03:45,18150.0,1000.0,1137900.0
790,2021-10-07 04:03:45,18150.0,2000.0,1136900.0
791,2021-10-07 04:03:45,18150.0,1000.0,1134900.0
792,2021-10-07 04:03:36,18150.0,200.0,1133900.0
793,2021-10-07 04:03:10,18150.0,1000.0,1133700.0
794,2021-10-07 04:02:49,18150.0,200.0,1132700.0
795,2021-10-07 04:02:44,18150.0,600.0,1132500.0
796,2021-10-07 04:02:44,18150.0,500.0,1131900.0
797,2021-10-07 04:02:28,18150.0,500.0,1131400.0
798,2021-10-07 04:01:46,18200.0,200.0,1130900.0
799,2021-10-07 04:01:39,18200.0,4000.0,1130700.0
800,2021-10-07 04:01:39,18200.0,1000.0,1126700.0
801,2021-10-07 04:01:39,18200.0,1000.0,1125700.0
802,2021-10-07 04:01:39,18200.0,1000.0,1124700.0
803,2021-10-07 04:01:39,18200.0,200.0,1123700.0
804,2021-10-07 04:01:39,18200.0,2000.0,1123500.0
805,2021-10-07 04:01:39,18200.0,500.0,1121500.0
806,2021-10-07 04:01:39,18200.0,10000.0,1121000.0
807,2021-10-07 04:01:39,18200.0,1000.0,1111000.0
808,2021-10-07 04:01:39,18200.0,200.0,1110000.0
809,2021-10-07 04:01:39,18200.0,500.0,1109800.0
810,2021-10-07 04:01:39,18200.0,3000.0,1109300.0
811,2021-10-07 04:01:39,18200.0,100.0,1106300.0
812,2021-10-07 04:01:39,18200.0,100.0,1106200.0
813,2021-10-07 04:01:39,18200.0,600.0,1106100.0
814,2021-10-07 04:01:39,18200.0,300.0,1105500.0
815,2021-10-07 04:01:39,18200.0,800.0,1105200.0
816,2021-10-07 04:01:39,18200.0,200.0,1104400.0
817,2021-10-07 04:01:39,18200.0,700.0,1104200.0
818,2021-10-07 04:01:39,18250.0,2200.0,1103500.0
819,2021-10-07 04:01:36,18250.0,1400.0,1101300.0
820,2021-10-07 04:01:36,18250.0,100.0,1099900.0
821,2021-10-07 04:01:36,18250.0,1000.0,1099800.0
822,2021-10-07 04:01:36,18250.0,2000.0,1098800.0
823,2021-10-07 04:01:36,18250.0,300.0,1096800.0
824,2021-10-07 04:01:36,18250.0,1000.0,1096500.0
825,2021-10-07 04:01:36,18250.0,600.0,1095500.0
826,2021-10-07 04:01:16,18250.0,500.0,1094900.0
827,2021-10-07 04:01:11,18250.0,900.0,1094400.0
828,2021-10-07 04:01:11,18250.0,1100.0,1093500.0
829,2021-10-07 04:00:57,18250.0,600.0,1092400.0
830,2021-10-07 04:00:48,18250.0,300.0,1091800.0
831,2021-10-07 04:00:48,18250.0,100.0,1091500.0
832,2021-10-07 04:00:09,18250.0,2000.0,1091400.0
833,2021-10-07 03:59:45,18250.0,1500.0,1089400.0
834,2021-10-07 03:59:17,18250.0,500.0,1087900.0
835,2021-10-07 03:58:29,18250.0,500.0,1087400.0
836,2021-10-07 03:58:26,18250.0,400.0,1086900.0
837,2021-10-07 03:58:20,18250.0,300.0,1086500.0
838,2021-10-07 03:58:20,18250.0,100.0,1086200.0
839,2021-10-07 03:58:20,18250.0,3600.0,1086100.0
840,2021-10-07 03:58:06,18250.0,500.0,1082500.0
841,2021-10-07 03:58:04,18250.0,300.0,1082000.0
842,2021-10-07 03:58:02,18250.0,500.0,1081700.0
843,2021-10-07 03:58:02,18250.0,400.0,1081200.0
844,2021-10-07 03:58:02,18250.0,4100.0,1080800.0
845,2021-10-07 03:58:01,18300.0,200.0,1076700.0
846,2021-10-07 03:57:37,18250.0,3000.0,1076500.0
847,2021-10-07 03:57:34,18250.0,1000.0,1073500.0
848,2021-10-07 03:57:30,18300.0,200.0,1072500.0
849,2021-10-07 03:57:18,18250.0,1000.0,1072300.0
850,2021-10-07 03:57:13,18250.0,900.0,1071300.0
851,2021-10-07 03:57:13,18250.0,500.0,1070400.0
852,2021-10-07 03:57:13,18250.0,200.0,1069900.0
853,2021-10-07 03:56:48,18250.0,200.0,1069700.0
854,2021-10-07 03:56:48,18250.0,300.0,1069500.0
855,2021-10-07 03:56:40,18250.0,1100.0,1069200.0
856,2021-10-07 03:56:35,18250.0,200.0,1068100.0
857,2021-10-07 03:56:35,18250.0,400.0,1067900.0
858,2021-10-07 03:56:35,18250.0,1900.0,1067500.0
859,2021-10-07 03:56:28,18250.0,500.0,1065600.0
860,2021-10-07 03:56:26,18250.0,200.0,1065100.0
861,2021-10-07 03:56:05,18250.0,100.0,1064900.0
862,2021-10-07 03:56:05,18250.0,2300.0,1064800.0
863,2021-10-07 03:56:03,18250.0,400.0,1062500.0
864,2021-10-07 03:55:57,18250.0,500.0,1062100.0
865,2021-10-07 03:55:44,18250.0,100.0,1061600.0
866,2021-10-07 03:55:27,18250.0,300.0,1061500.0
867,2021-10-07 03:55:25,18250.0,100.0,1061200.0
868,2021-10-07 03:55:25,18250.0,13600.0,1061100.0
869,2021-10-07 03:55:24,18200.0,2000.0,1047500.0
870,2021-10-07 03:55:11,18250.0,1000.0,1045500.0
871,2021-10-07 03:54:54,18250.0,200.0,1044500.0
872,2021-10-07 03:54:49,18250.0,100.0,1044300.0
873,2021-10-07 03:54:49,18250.0,100.0,1044200.0
874,2021-10-07 03:54:47,18250.0,1000.0,1044100.0
875,2021-10-07 03:54:39,18250.0,400.0,1043100.0
876,2021-10-07 03:54:27,18300.0,100.0,1042700.0
877,2021-10-07 03:54:21,18250.0,2000.0,1042600.0
878,2021-10-07 03:54:16,18250.0,1000.0,1040600.0
879,2021-10-07 03:54:16,18250.0,1700.0,1039600.0
880,2021-10-07 03:54:07,18250.0,1000.0,1037900.0
881,2021-10-07 03:54:05,18250.0,200.0,1036900.0
882,2021-10-07 03:54:02,18250.0,100.0,1036700.0
883,2021-10-07 03:53:49,18250.0,100.0,1036600.0
884,2021-10-07 03:53:35,18250.0,300.0,1036500.0
885,2021-10-07 03:53:35,18250.0,1200.0,1036200.0
886,2021-10-07 03:53:22,18200.0,300.0,1035000.0
887,2021-10-07 03:53:22,18200.0,100.0,1034700.0
888,2021-10-07 03:53:22,18200.0,1800.0,1034600.0
889,2021-10-07 03:53:15,18200.0,200.0,1032800.0
890,2021-10-07 03:53:15,18200.0,200.0,1032600.0
891,2021-10-07 03:53:15,18200.0,500.0,1032400.0
892,2021-10-07 03:53:15,18200.0,100.0,1031900.0
893,2021-10-07 03:53:12,18250.0,800.0,1031800.0
894,2021-10-07 03:53:11,18250.0,100.0,1031000.0
895,2021-10-07 03:53:11,18250.0,100.0,1030900.0
896,2021-10-07 03:53:10,18250.0,100.0,1030800.0
897,2021-10-07 03:53:10,18250.0,300.0,1030700.0
898,2021-10-07 03:53:10,18250.0,1000.0,1030400.0
899,2021-10-07 03:53:10,18250.0,1000.0,1029400.0
900,2021-10-07 03:53:10,18250.0,1000.0,1028400.0
901,2021-10-07 03:53:10,18250.0,100.0,1027400.0
902,2021-10-07 03:53:10,18250.0,2000.0,1027300.0
903,2021-10-07 03:53:10,18250.0,2500.0,1025300.0
904,2021-10-07 03:53:03,18250.0,100.0,1022800.0
905,2021-10-07 03:53:03,18250.0,3400.0,1022700.0
906,2021-10-07 03:52:58,18250.0,5000.0,1019300.0
907,2021-10-07 03:52:53,18200.0,100.0,1014300.0
908,2021-10-07 03:52:49,18200.0,200.0,1014200.0
909,2021-10-07 03:52:22,18250.0,100.0,1014000.0
910,2021-10-07 03:52:16,18200.0,500.0,1013900.0
911,2021-10-07 03:52:11,18250.0,1000.0,1013400.0
912,2021-10-07 03:51:58,18250.0,1000.0,1012400.0
913,2021-10-07 03:51:36,18250.0,2000.0,1011400.0
914,2021-10-07 03:51:27,18250.0,1000.0,1009400.0
915,2021-10-07 03:51:22,18250.0,200.0,1008400.0
916,2021-10-07 03:51:18,18250.0,4300.0,1008200.0
917,2021-10-07 03:51:12,18250.0,1000.0,1003900.0
918,2021-10-07 03:51:11,18250.0,100.0,1002900.0
919,2021-10-07 03:51:07,18250.0,100.0,1002800.0
920,2021-10-07 03:51:07,18250.0,2900.0,1002700.0
921,2021-10-07 03:51:07,18250.0,300.0,999800.0
922,2021-10-07 03:50:57,18250.0,500.0,999500.0
923,2021-10-07 03:50:50,18250.0,200.0,999000.0
924,2021-10-07 03:50:48,18300.0,7200.0,998800.0
925,2021-10-07 03:50:48,18300.0,100.0,991600.0
926,2021-10-07 03:50:48,18300.0,1000.0,991500.0
927,2021-10-07 03:50:48,18300.0,100.0,990500.0
928,2021-10-07 03:50:48,18250.0,100.0,990400.0
929,2021-10-07 03:50:48,18250.0,100.0,990300.0
930,2021-10-07 03:50:48,18250.0,500.0,990200.0
931,2021-10-07 03:50:48,18250.0,500.0,989700.0
932,2021-10-07 03:50:48,18250.0,100.0,989200.0
933,2021-10-07 03:50:48,18250.0,100.0,989100.0
934,2021-10-07 03:50:48,18250.0,200.0,989000.0
935,2021-10-07 03:50:44,18250.0,500.0,988800.0
936,2021-10-07 03:50:35,18250.0,300.0,988300.0
937,2021-10-07 03:50:35,18250.0,200.0,988000.0
938,2021-10-07 03:50:34,18250.0,800.0,987800.0
939,2021-10-07 03:50:34,18250.0,900.0,987000.0
940,2021-10-07 03:50:32,18250.0,100.0,986100.0
941,2021-10-07 03:50:32,18250.0,400.0,986000.0
942,2021-10-07 03:50:32,18250.0,500.0,985600.0
943,2021-10-07 03:50:17,18200.0,100.0,985100.0
944,2021-10-07 03:49:57,18200.0,1500.0,985000.0
945,2021-10-07 03:49:54,18200.0,500.0,983500.0
946,2021-10-07 03:49:53,18200.0,100.0,983000.0
947,2021-10-07 03:49:53,18200.0,400.0,982900.0
948,2021-10-07 03:49:53,18200.0,500.0,982500.0
949,2021-10-07 03:49:51,18200.0,6100.0,982000.0
950,2021-10-07 03:49:51,18200.0,200.0,975900.0
951,2021-10-07 03:49:51,18200.0,100.0,975700.0
952,2021-10-07 03:49:51,18200.0,3000.0,975600.0
953,2021-10-07 03:49:51,18200.0,500.0,972600.0
954,2021-10-07 03:49:51,18200.0,3200.0,972100.0
955,2021-10-07 03:49:51,18200.0,600.0,968900.0
956,2021-10-07 03:49:51,18200.0,1000.0,968300.0
957,2021-10-07 03:49:51,18200.0,200.0,967300.0
958,2021-10-07 03:49:51,18200.0,5500.0,967100.0
959,2021-10-07 03:49:51,18200.0,100.0,961600.0
960,2021-10-07 03:49:51,18200.0,900.0,961500.0
961,2021-10-07 03:49:51,18200.0,2500.0,960600.0
962,2021-10-07 03:49:51,18200.0,100.0,958100.0
963,2021-10-07 03:49:51,18200.0,100.0,958000.0
964,2021-10-07 03:49:51,18200.0,500.0,957900.0
965,2021-10-07 03:49:51,18200.0,2000.0,957400.0
966,2021-10-07 03:49:51,18200.0,5400.0,955400.0
967,2021-10-07 03:49:40,18200.0,400.0,950000.0
968,2021-10-07 03:49:35,18200.0,4200.0,949600.0
969,2021-10-07 03:49:35,18200.0,1000.0,945400.0
970,2021-10-07 03:49:35,18200.0,1000.0,944400.0
971,2021-10-07 03:49:35,18200.0,3800.0,943400.0
972,2021-10-07 03:49:34,18200.0,1200.0,939600.0
973,2021-10-07 03:49:34,18200.0,200.0,938400.0
974,2021-10-07 03:49:34,18200.0,300.0,938200.0
975,2021-10-07 03:49:34,18200.0,1300.0,937900.0
976,2021-10-07 03:49:26,18200.0,700.0,936600.0
977,2021-10-07 03:49:26,18200.0,400.0,935900.0
978,2021-10-07 03:49:26,18200.0,6200.0,935500.0
979,2021-10-07 03:49:26,18200.0,300.0,929300.0
980,2021-10-07 03:49:26,18200.0,100.0,929000.0
981,2021-10-07 03:49:26,18200.0,2000.0,928900.0
982,2021-10-07 03:49:26,18200.0,5800.0,926900.0
983,2021-10-07 03:49:26,18200.0,100.0,921100.0
984,2021-10-07 03:49:26,18200.0,4400.0,921000.0
985,2021-10-07 03:49:16,18200.0,100.0,916600.0
986,2021-10-07 03:49:16,18200.0,1500.0,916500.0
987,2021-10-07 03:49:11,18200.0,100.0,915000.0
988,2021-10-07 03:49:09,18200.0,100.0,914900.0
989,2021-10-07 03:49:08,18200.0,2800.0,914800.0
990,2021-10-07 03:49:08,18200.0,200.0,912000.0
991,2021-10-07 03:48:58,18200.0,100.0,911800.0
992,2021-10-07 03:48:51,18200.0,1000.0,911700.0
993,2021-10-07 03:48:50,18200.0,700.0,910700.0
994,2021-10-07 03:48:50,18150.0,500.0,910000.0
995,2021-10-07 03:48:50,18150.0,2200.0,909500.0
996,2021-10-07 03:48:50,18150.0,600.0,907300.0
997,2021-10-07 03:48:50,18150.0,300.0,906700.0
998,2021-10-07 03:48:50,18150.0,200.0,906400.0
999,2021-10-07 03:48:48,18150.0,100.0,906200.0
1000,2021-10-07 03:48:41,18150.0,500.0,906100.0
1001,2021-10-07 03:48:41,18150.0,300.0,905600.0
1002,2021-10-07 03:48:41,18150.0,700.0,905300.0
1003,2021-10-07 03:48:41,18150.0,200.0,904600.0
1004,2021-10-07 03:48:41,18150.0,1000.0,904400.0
1005,2021-10-07 03:48:41,18150.0,300.0,903400.0
1006,2021-10-07 03:48:40,18150.0,2000.0,903100.0
1007,2021-10-07 03:48:35,18150.0,100.0,901100.0
1008,2021-10-07 03:48:31,18150.0,600.0,901000.0
1009,2021-10-07 03:48:31,18150.0,100.0,900400.0
1010,2021-10-07 03:48:31,18150.0,500.0,900300.0
1011,2021-10-07 03:48:26,18100.0,15000.0,899800.0
1012,2021-10-07 03:48:14,18150.0,100.0,884800.0
1013,2021-10-07 03:48:08,18100.0,18000.0,884700.0
1014,2021-10-07 03:48:08,18100.0,3000.0,866700.0
1015,2021-10-07 03:48:08,18100.0,100.0,863700.0
1016,2021-10-07 03:48:08,18100.0,1000.0,863600.0
1017,2021-10-07 03:48:08,18100.0,200.0,862600.0
1018,2021-10-07 03:48:08,18100.0,5000.0,862400.0
1019,2021-10-07 03:48:08,18100.0,300.0,857400.0
1020,2021-10-07 03:48:08,18100.0,100.0,857100.0
1021,2021-10-07 03:48:08,18100.0,300.0,857000.0
1022,2021-10-07 03:48:08,18100.0,2000.0,856700.0
1023,2021-10-07 03:48:08,18100.0,2000.0,854700.0
1024,2021-10-07 03:48:08,18100.0,200.0,852700.0
1025,2021-10-07 03:48:08,18100.0,100.0,852500.0
1026,2021-10-07 03:48:08,18100.0,5000.0,852400.0
1027,2021-10-07 03:48:08,18100.0,500.0,847400.0
1028,2021-10-07 03:48:08,18100.0,24300.0,846900.0
1029,2021-10-07 03:48:08,18100.0,1000.0,822600.0
1030,2021-10-07 03:48:08,18100.0,200.0,821600.0
1031,2021-10-07 03:48:08,18100.0,1800.0,821400.0
1032,2021-10-07 03:48:08,18100.0,13100.0,819600.0
1033,2021-10-07 03:48:03,18100.0,800.0,806500.0
1034,2021-10-07 03:47:53,18100.0,2500.0,805700.0
1035,2021-10-07 03:47:47,18100.0,1600.0,803200.0
1036,2021-10-07 03:47:42,18100.0,1500.0,801600.0
1037,2021-10-07 03:47:38,18100.0,100.0,800100.0
1038,2021-10-07 03:47:37,18050.0,500.0,800000.0
1039,2021-10-07 03:47:29,18100.0,100.0,799500.0
1040,2021-10-07 03:47:28,18100.0,300.0,799400.0
1041,2021-10-07 03:47:28,18100.0,100.0,799100.0
1042,2021-10-07 03:47:28,18100.0,400.0,799000.0
1043,2021-10-07 03:47:25,18050.0,4000.0,798600.0
1044,2021-10-07 03:47:25,18050.0,10700.0,794600.0
1045,2021-10-07 03:47:18,18050.0,500.0,783900.0
1046,2021-10-07 03:47:17,18050.0,1000.0,783400.0
1047,2021-10-07 03:47:16,18050.0,2800.0,782400.0
1048,2021-10-07 03:47:16,18050.0,1000.0,779600.0
1049,2021-10-07 03:47:16,18050.0,1200.0,778600.0
1050,2021-10-07 03:47:14,18050.0,3000.0,777400.0
1051,2021-10-07 03:47:13,18050.0,200.0,774400.0
1052,2021-10-07 03:47:08,18050.0,6000.0,774200.0
1053,2021-10-07 03:47:05,18050.0,5000.0,768200.0
1054,2021-10-07 03:46:55,18050.0,1000.0,763200.0
1055,2021-10-07 03:46:53,18050.0,2800.0,762200.0
1056,2021-10-07 03:46:53,18050.0,200.0,759400.0
1057,2021-10-07 03:46:53,18050.0,1100.0,759200.0
1058,2021-10-07 03:46:51,18050.0,800.0,758100.0
1059,2021-10-07 03:46:47,18050.0,1000.0,757300.0
1060,2021-10-07 03:46:45,18050.0,100.0,756300.0
1061,2021-10-07 03:46:45,18050.0,300.0,756200.0
1062,2021-10-07 03:46:45,18050.0,1600.0,755900.0
1063,2021-10-07 03:46:43,18050.0,900.0,754300.0
1064,2021-10-07 03:46:43,18050.0,100.0,753400.0
1065,2021-10-07 03:46:37,18050.0,2900.0,753300.0
1066,2021-10-07 03:46:37,18050.0,300.0,750400.0
1067,2021-10-07 03:46:37,18050.0,300.0,750100.0
1068,2021-10-07 03:46:37,18050.0,1500.0,749800.0
1069,2021-10-07 03:46:34,18050.0,1000.0,748300.0
1070,2021-10-07 03:46:28,18050.0,1000.0,747300.0
1071,2021-10-07 03:46:24,18050.0,1000.0,746300.0
1072,2021-10-07 03:46:15,18050.0,2500.0,745300.0
1073,2021-10-07 03:46:12,18050.0,2000.0,742800.0
1074,2021-10-07 03:46:11,18050.0,500.0,740800.0
1075,2021-10-07 03:46:04,18050.0,1000.0,740300.0
1076,2021-10-07 03:45:48,18050.0,1000.0,739300.0
1077,2021-10-07 03:45:47,18050.0,300.0,738300.0
1078,2021-10-07 03:45:43,18050.0,1000.0,738000.0
1079,2021-10-07 03:45:35,18050.0,1000.0,737000.0
1080,2021-10-07 03:44:49,18050.0,5000.0,736000.0
1081,2021-10-07 03:43:58,18050.0,2000.0,731000.0
1082,2021-10-07 03:43:29,18050.0,300.0,729000.0
1083,2021-10-07 03:43:16,18000.0,300.0,728700.0
1084,2021-10-07 03:42:56,18000.0,200.0,728400.0
1085,2021-10-07 03:42:56,18000.0,4000.0,728200.0
1086,2021-10-07 03:42:56,18000.0,100.0,724200.0
1087,2021-10-07 03:42:56,18000.0,2600.0,724100.0
1088,2021-10-07 03:42:52,18000.0,5700.0,721500.0
1089,2021-10-07 03:42:50,18000.0,100.0,715800.0
1090,2021-10-07 03:42:46,18000.0,1600.0,715700.0
1091,2021-10-07 03:42:46,18000.0,2000.0,714100.0
1092,2021-10-07 03:42:46,18000.0,100.0,712100.0
1093,2021-10-07 03:42:46,18000.0,6300.0,712000.0
1094,2021-10-07 03:42:46,18000.0,100.0,705700.0
1095,2021-10-07 03:42:34,18000.0,3000.0,705600.0
1096,2021-10-07 03:42:15,18000.0,10000.0,702600.0
1097,2021-10-07 03:42:15,18000.0,2000.0,692600.0
1098,2021-10-07 03:42:07,18000.0,1000.0,690600.0
1099,2021-10-07 03:42:06,18000.0,1000.0,689600.0
1100,2021-10-07 03:42:01,18000.0,1000.0,688600.0
1101,2021-10-07 03:42:01,18000.0,7000.0,687600.0
1102,2021-10-07 03:41:48,18000.0,2000.0,680600.0
1103,2021-10-07 03:41:09,18000.0,14000.0,678600.0
1104,2021-10-07 03:41:05,18000.0,2600.0,664600.0
1105,2021-10-07 03:41:05,18000.0,300.0,662000.0
1106,2021-10-07 03:41:05,18000.0,200.0,661700.0
1107,2021-10-07 03:41:05,18000.0,6900.0,661500.0
1108,2021-10-07 03:39:51,17950.0,400.0,654600.0
1109,2021-10-07 03:39:32,17950.0,500.0,654200.0
1110,2021-10-07 03:38:35,18000.0,100.0,653700.0
1111,2021-10-07 03:37:59,18000.0,1000.0,653600.0
1112,2021-10-07 03:37:35,18000.0,500.0,652600.0
1113,2021-10-07 03:37:16,18000.0,7300.0,652100.0
1114,2021-10-07 03:37:11,18000.0,400.0,644800.0
1115,2021-10-07 03:37:09,18000.0,100.0,644400.0
1116,2021-10-07 03:36:58,18000.0,500.0,644300.0
1117,2021-10-07 03:36:58,18000.0,200.0,643800.0
1118,2021-10-07 03:36:34,18000.0,300.0,643600.0
1119,2021-10-07 03:35:58,18000.0,12700.0,643300.0
1120,2021-10-07 03:35:58,18000.0,1000.0,630600.0
1121,2021-10-07 03:35:58,18000.0,1300.0,629600.0
1122,2021-10-07 03:35:58,18000.0,800.0,628300.0
1123,2021-10-07 03:35:58,18000.0,700.0,627500.0
1124,2021-10-07 03:35:58,18000.0,3500.0,626800.0
1125,2021-10-07 03:35:31,18000.0,100.0,623300.0
1126,2021-10-07 03:34:25,18000.0,200.0,623200.0
1127,2021-10-07 03:32:22,17950.0,900.0,623000.0
1128,2021-10-07 03:32:17,18000.0,100.0,622100.0
1129,2021-10-07 03:30:56,18000.0,200.0,622000.0
1130,2021-10-07 03:29:25,17950.0,100.0,621800.0
1131,2021-10-07 03:29:25,17950.0,200.0,621700.0
1132,2021-10-07 03:29:25,17950.0,200.0,621500.0
1133,2021-10-07 03:28:38,17950.0,1800.0,621300.0
1134,2021-10-07 03:28:38,17950.0,1000.0,619500.0
1135,2021-10-07 03:28:38,17950.0,1000.0,618500.0
1136,2021-10-07 03:28:38,17950.0,100.0,617500.0
1137,2021-10-07 03:28:38,17950.0,100.0,617400.0
1138,2021-10-07 03:28:38,17950.0,2000.0,617300.0
1139,2021-10-07 03:28:38,17950.0,100.0,615300.0
1140,2021-10-07 03:28:38,17950.0,300.0,615200.0
1141,2021-10-07 03:28:38,17950.0,200.0,614900.0
1142,2021-10-07 03:28:38,17950.0,100.0,614700.0
1143,2021-10-07 03:28:38,17950.0,100.0,614600.0
1144,2021-10-07 03:28:38,17950.0,3200.0,614500.0
1145,2021-10-07 03:28:24,18000.0,500.0,611300.0
1146,2021-10-07 03:27:57,18000.0,400.0,610800.0
1147,2021-10-07 03:27:57,18000.0,500.0,610400.0
1148,2021-10-07 03:27:20,18000.0,100.0,609900.0
1149,2021-10-07 03:27:17,18000.0,100.0,609800.0
1150,2021-10-07 03:27:05,18000.0,400.0,609700.0
1151,2021-10-07 03:25:33,18000.0,600.0,609300.0
1152,2021-10-07 03:25:33,18000.0,400.0,608700.0
1153,2021-10-07 03:25:11,18000.0,400.0,608300.0
1154,2021-10-07 03:25:00,18000.0,200.0,607900.0
1155,2021-10-07 03:24:48,18000.0,500.0,607700.0
1156,2021-10-07 03:24:45,18000.0,200.0,607200.0
1157,2021-10-07 03:24:30,18000.0,400.0,607000.0
1158,2021-10-07 03:24:30,18000.0,200.0,606600.0
1159,2021-10-07 03:24:30,18000.0,3700.0,606400.0
1160,2021-10-07 03:24:21,18000.0,700.0,602700.0
1161,2021-10-07 03:24:21,18000.0,1000.0,602000.0
1162,2021-10-07 03:24:21,18000.0,200.0,601000.0
1163,2021-10-07 03:24:21,18000.0,100.0,600800.0
1164,2021-10-07 03:24:10,18000.0,100.0,600700.0
1165,2021-10-07 03:24:10,18000.0,200.0,600600.0
1166,2021-10-07 03:24:10,18000.0,1000.0,600400.0
1167,2021-10-07 03:24:08,18000.0,100.0,599400.0
1168,2021-10-07 03:24:08,18000.0,1900.0,599300.0
1169,2021-10-07 03:24:00,18000.0,100.0,597400.0
1170,2021-10-07 03:24:00,18000.0,100.0,597300.0
1171,2021-10-07 03:24:00,18000.0,300.0,597200.0
1172,2021-10-07 03:24:00,18000.0,100.0,596900.0
1173,2021-10-07 03:24:00,18000.0,500.0,596800.0
1174,2021-10-07 03:24:00,18000.0,100.0,596300.0
1175,2021-10-07 03:24:00,18000.0,100.0,596200.0
1176,2021-10-07 03:24:00,18000.0,100.0,596100.0
1177,2021-10-07 03:24:00,18000.0,600.0,596000.0
1178,2021-10-07 03:23:56,18000.0,400.0,595400.0
1179,2021-10-07 03:23:56,18000.0,500.0,595000.0
1180,2021-10-07 03:23:56,18000.0,1000.0,594500.0
1181,2021-10-07 03:23:56,18000.0,1500.0,593500.0
1182,2021-10-07 03:23:56,18000.0,1600.0,592000.0
1183,2021-10-07 03:23:44,18000.0,3400.0,590400.0
1184,2021-10-07 03:23:44,18000.0,100.0,587000.0
1185,2021-10-07 03:23:44,18000.0,100.0,586900.0
1186,2021-10-07 03:23:44,18000.0,2000.0,586800.0
1187,2021-10-07 03:23:44,18000.0,1000.0,584800.0
1188,2021-10-07 03:23:44,18000.0,100.0,583800.0
1189,2021-10-07 03:23:44,18000.0,500.0,583700.0
1190,2021-10-07 03:23:44,18000.0,100.0,583200.0
1191,2021-10-07 03:23:44,18000.0,1000.0,583100.0
1192,2021-10-07 03:23:44,18000.0,500.0,582100.0
1193,2021-10-07 03:23:44,18000.0,3400.0,581600.0
1194,2021-10-07 03:23:44,18000.0,300.0,578200.0
1195,2021-10-07 03:23:44,18000.0,1000.0,577900.0
1196,2021-10-07 03:23:44,18000.0,1000.0,576900.0
1197,2021-10-07 03:23:44,18000.0,100.0,575900.0
1198,2021-10-07 03:23:44,18000.0,200.0,575800.0
1199,2021-10-07 03:23:44,18000.0,1000.0,575600.0
1200,2021-10-07 03:23:44,18000.0,300.0,574600.0
1201,2021-10-07 03:23:44,18000.0,100.0,574300.0
1202,2021-10-07 03:23:44,18000.0,200.0,574200.0
1203,2021-10-07 03:23:44,18000.0,200.0,574000.0
1204,2021-10-07 03:23:44,18000.0,100.0,573800.0
1205,2021-10-07 03:23:44,18000.0,100.0,573700.0
1206,2021-10-07 03:23:44,18000.0,1000.0,573600.0
1207,2021-10-07 03:23:44,18000.0,300.0,572600.0
1208,2021-10-07 03:23:44,18000.0,2000.0,572300.0
1209,2021-10-07 03:23:44,18000.0,800.0,570300.0
1210,2021-10-07 03:23:44,18000.0,300.0,569500.0
1211,2021-10-07 03:23:44,18000.0,200.0,569200.0
1212,2021-10-07 03:23:44,18000.0,200.0,569000.0
1213,2021-10-07 03:23:44,18000.0,5000.0,568800.0
1214,2021-10-07 03:23:44,18000.0,5000.0,563800.0
1215,2021-10-07 03:23:44,18000.0,100.0,558800.0
1216,2021-10-07 03:23:44,18000.0,1000.0,558700.0
1217,2021-10-07 03:23:44,18000.0,100.0,557700.0
1218,2021-10-07 03:23:44,18000.0,1000.0,557600.0
1219,2021-10-07 03:23:44,18000.0,200.0,556600.0
1220,2021-10-07 03:23:44,18000.0,6000.0,556400.0
1221,2021-10-07 03:23:44,18000.0,1500.0,550400.0
1222,2021-10-07 03:23:40,18000.0,5200.0,548900.0
1223,2021-10-07 03:23:39,18000.0,1500.0,543700.0
1224,2021-10-07 03:23:25,18000.0,400.0,542200.0
1225,2021-10-07 03:23:21,18050.0,28900.0,541800.0
1226,2021-10-07 03:23:21,18050.0,1000.0,512900.0
1227,2021-10-07 03:23:21,18050.0,1000.0,511900.0
1228,2021-10-07 03:23:21,18050.0,2000.0,510900.0
1229,2021-10-07 03:23:21,18050.0,1000.0,508900.0
1230,2021-10-07 03:23:21,18050.0,2900.0,507900.0
1231,2021-10-07 03:23:21,18050.0,100.0,505000.0
1232,2021-10-07 03:23:21,18050.0,4000.0,504900.0
1233,2021-10-07 03:23:21,18050.0,1000.0,500900.0
1234,2021-10-07 03:23:21,18050.0,500.0,499900.0
1235,2021-10-07 03:23:21,18050.0,1000.0,499400.0
1236,2021-10-07 03:23:21,18050.0,6600.0,498400.0
1237,2021-10-07 03:23:21,18000.0,4400.0,491800.0
1238,2021-10-07 03:23:21,18000.0,300.0,487400.0
1239,2021-10-07 03:23:21,18000.0,300.0,487100.0
1240,2021-10-07 03:23:20,18000.0,1000.0,486800.0
1241,2021-10-07 03:22:59,18000.0,500.0,485800.0
1242,2021-10-07 03:22:45,18000.0,200.0,485300.0
1243,2021-10-07 03:22:45,18000.0,100.0,485100.0
1244,2021-10-07 03:22:45,18000.0,500.0,485000.0
1245,2021-10-07 03:22:45,18000.0,1200.0,484500.0
1246,2021-10-07 03:22:31,18000.0,2000.0,483300.0
1247,2021-10-07 03:21:38,18000.0,1000.0,481300.0
1248,2021-10-07 03:21:18,18000.0,300.0,480300.0
1249,2021-10-07 03:21:05,18000.0,2900.0,480000.0
1250,2021-10-07 03:21:05,18000.0,100.0,477100.0
1251,2021-10-07 03:21:05,18000.0,1000.0,477000.0
1252,2021-10-07 03:21:05,18000.0,1900.0,476000.0
1253,2021-10-07 03:21:05,18000.0,5000.0,474100.0
1254,2021-10-07 03:21:05,18000.0,4100.0,469100.0
1255,2021-10-07 03:20:17,18000.0,100.0,465000.0
1256,2021-10-07 03:19:52,18000.0,5800.0,464900.0
1257,2021-10-07 03:19:52,18000.0,5000.0,459100.0
1258,2021-10-07 03:19:52,18000.0,500.0,454100.0
1259,2021-10-07 03:19:52,18000.0,500.0,453600.0
1260,2021-10-07 03:19:52,18000.0,1000.0,453100.0
1261,2021-10-07 03:19:52,18000.0,300.0,452100.0
1262,2021-10-07 03:19:52,18000.0,900.0,451800.0
1263,2021-10-07 03:19:52,18000.0,1000.0,450900.0
1264,2021-10-07 03:19:41,18000.0,100.0,449900.0
1265,2021-10-07 03:19:03,18050.0,100.0,449800.0
1266,2021-10-07 03:18:43,18000.0,100.0,449700.0
1267,2021-10-07 03:18:40,18000.0,100.0,449600.0
1268,2021-10-07 03:18:25,18000.0,700.0,449500.0
1269,2021-10-07 03:18:25,18000.0,100.0,448800.0
1270,2021-10-07 03:18:25,18000.0,400.0,448700.0
1271,2021-10-07 03:18:19,18000.0,500.0,448300.0
1272,2021-10-07 03:17:17,18050.0,100.0,447800.0
1273,2021-10-07 03:17:11,18050.0,500.0,447700.0
1274,2021-10-07 03:16:51,18050.0,100.0,447200.0
1275,2021-10-07 03:16:45,18050.0,1000.0,447100.0
1276,2021-10-07 03:16:44,18050.0,100.0,446100.0
1277,2021-10-07 03:14:51,18000.0,100.0,446000.0
1278,2021-10-07 03:14:51,18000.0,100.0,445900.0
1279,2021-10-07 03:14:48,18050.0,400.0,445800.0
1280,2021-10-07 03:14:39,18050.0,100.0,445400.0
1281,2021-10-07 03:14:33,18050.0,500.0,445300.0
1282,2021-10-07 03:14:20,18050.0,200.0,444800.0
1283,2021-10-07 03:14:15,18050.0,100.0,444600.0
1284,2021-10-07 03:14:11,18050.0,100.0,444500.0
1285,2021-10-07 03:14:00,18050.0,100.0,444400.0
1286,2021-10-07 03:13:48,18050.0,1000.0,444300.0
1287,2021-10-07 03:13:43,18050.0,1000.0,443300.0
1288,2021-10-07 03:13:36,18050.0,2000.0,442300.0
1289,2021-10-07 03:13:36,18050.0,1000.0,440300.0
1290,2021-10-07 03:13:36,18050.0,7000.0,439300.0
1291,2021-10-07 03:13:15,18050.0,1000.0,432300.0
1292,2021-10-07 03:13:06,18050.0,100.0,431300.0
1293,2021-10-07 03:13:00,18050.0,100.0,431200.0
1294,2021-10-07 03:13:00,18050.0,1900.0,431100.0
1295,2021-10-07 03:12:45,18050.0,200.0,429200.0
1296,2021-10-07 03:12:24,18050.0,1800.0,429000.0
1297,2021-10-07 03:12:00,18050.0,9000.0,427200.0
1298,2021-10-07 03:11:28,18050.0,1000.0,418200.0
1299,2021-10-07 03:11:28,18050.0,700.0,417200.0
1300,2021-10-07 03:11:28,18050.0,11800.0,416500.0
1301,2021-10-07 03:11:16,18050.0,4000.0,404700.0
1302,2021-10-07 03:11:13,18050.0,3000.0,400700.0
1303,2021-10-07 03:10:50,18050.0,1400.0,397700.0
1304,2021-10-07 03:10:50,18050.0,1500.0,396300.0
1305,2021-10-07 03:10:50,18050.0,1000.0,394800.0
1306,2021-10-07 03:10:50,18050.0,100.0,393800.0
1307,2021-10-07 03:10:50,18050.0,800.0,393700.0
1308,2021-10-07 03:10:50,18050.0,500.0,392900.0
1309,2021-10-07 03:10:50,18050.0,100.0,392400.0
1310,2021-10-07 03:10:50,18050.0,200.0,392300.0
1311,2021-10-07 03:10:50,18050.0,100.0,392100.0
1312,2021-10-07 03:10:50,18050.0,300.0,392000.0
1313,2021-10-07 03:10:50,18050.0,200.0,391700.0
1314,2021-10-07 03:10:50,18050.0,1800.0,391500.0
1315,2021-10-07 03:10:50,18050.0,1000.0,389700.0
1316,2021-10-07 03:10:49,18050.0,100.0,388700.0
1317,2021-10-07 03:09:26,18050.0,100.0,388600.0
1318,2021-10-07 03:08:51,18050.0,400.0,388500.0
1319,2021-10-07 03:08:51,18050.0,1000.0,388100.0
1320,2021-10-07 03:08:51,18050.0,1100.0,387100.0
1321,2021-10-07 03:08:47,18050.0,700.0,386000.0
1322,2021-10-07 03:08:46,18050.0,100.0,385300.0
1323,2021-10-07 03:08:26,18050.0,7000.0,385200.0
1324,2021-10-07 03:07:47,18050.0,5000.0,378200.0
1325,2021-10-07 03:06:58,18050.0,5000.0,373200.0
1326,2021-10-07 03:06:41,18050.0,1000.0,368200.0
1327,2021-10-07 03:06:20,18050.0,300.0,367200.0
1328,2021-10-07 03:06:01,18050.0,400.0,366900.0
1329,2021-10-07 03:05:59,18050.0,4500.0,366500.0
1330,2021-10-07 03:05:32,18050.0,4000.0,362000.0
1331,2021-10-07 03:03:41,18050.0,500.0,358000.0
1332,2021-10-07 03:03:41,18050.0,300.0,357500.0
1333,2021-10-07 03:03:41,18050.0,1000.0,357200.0
1334,2021-10-07 03:03:41,18050.0,2000.0,356200.0
1335,2021-10-07 03:03:41,18050.0,5000.0,354200.0
1336,2021-10-07 03:03:41,18050.0,1000.0,349200.0
1337,2021-10-07 03:03:41,18050.0,200.0,348200.0
1338,2021-10-07 03:03:41,18050.0,1000.0,348000.0
1339,2021-10-07 03:03:41,18050.0,1200.0,347000.0
1340,2021-10-07 03:03:41,18050.0,2500.0,345800.0
1341,2021-10-07 03:03:41,18050.0,500.0,343300.0
1342,2021-10-07 03:03:41,18050.0,2000.0,342800.0
1343,2021-10-07 03:03:41,18050.0,3700.0,340800.0
1344,2021-10-07 03:03:16,18000.0,800.0,337100.0
1345,2021-10-07 03:03:16,18000.0,400.0,336300.0
1346,2021-10-07 03:03:11,18000.0,500.0,335900.0
1347,2021-10-07 03:02:36,18050.0,200.0,335400.0
1348,2021-10-07 03:01:48,18000.0,5100.0,335200.0
1349,2021-10-07 03:01:44,18000.0,5000.0,330100.0
1350,2021-10-07 02:59:26,18000.0,3000.0,325100.0
1351,2021-10-07 02:59:23,18000.0,400.0,322100.0
1352,2021-10-07 02:58:49,18000.0,100.0,321700.0
1353,2021-10-07 02:58:21,18000.0,600.0,321600.0
1354,2021-10-07 02:58:18,18000.0,100.0,321000.0
1355,2021-10-07 02:58:04,18000.0,4800.0,320900.0
1356,2021-10-07 02:58:04,18000.0,200.0,316100.0
1357,2021-10-07 02:56:55,18000.0,100.0,315900.0
1358,2021-10-07 02:56:35,18050.0,200.0,315800.0
1359,2021-10-07 02:56:00,18050.0,100.0,315600.0
1360,2021-10-07 02:55:53,18050.0,1000.0,315500.0
1361,2021-10-07 02:53:14,18050.0,1100.0,314500.0
1362,2021-10-07 02:53:04,18050.0,200.0,313400.0
1363,2021-10-07 02:52:57,18050.0,200.0,313200.0
1364,2021-10-07 02:52:48,18050.0,500.0,313000.0
1365,2021-10-07 02:52:44,18050.0,100.0,312500.0
1366,2021-10-07 02:52:36,18050.0,2000.0,312400.0
1367,2021-10-07 02:52:23,18050.0,1000.0,310400.0
1368,2021-10-07 02:51:59,18050.0,500.0,309400.0
1369,2021-10-07 02:51:59,18050.0,500.0,308900.0
1370,2021-10-07 02:51:34,18050.0,500.0,308400.0
1371,2021-10-07 02:51:34,18050.0,400.0,307900.0
1372,2021-10-07 02:51:34,18050.0,2600.0,307500.0
1373,2021-10-07 02:51:22,18050.0,100.0,304900.0
1374,2021-10-07 02:51:22,18050.0,300.0,304800.0
1375,2021-10-07 02:51:22,18050.0,1200.0,304500.0
1376,2021-10-07 02:49:53,18050.0,2900.0,303300.0
1377,2021-10-07 02:49:53,18050.0,100.0,300400.0
1378,2021-10-07 02:49:10,18050.0,400.0,300300.0
1379,2021-10-07 02:49:10,18050.0,1600.0,299900.0
1380,2021-10-07 02:49:01,18050.0,300.0,298300.0
1381,2021-10-07 02:48:57,18000.0,700.0,298000.0
1382,2021-10-07 02:48:57,18000.0,1300.0,297300.0
1383,2021-10-07 02:48:45,18050.0,3100.0,296000.0
1384,2021-10-07 02:48:45,18050.0,300.0,292900.0
1385,2021-10-07 02:48:45,18050.0,100.0,292600.0
1386,2021-10-07 02:48:45,18050.0,1000.0,292500.0
1387,2021-10-07 02:48:45,18050.0,300.0,291500.0
1388,2021-10-07 02:48:45,18050.0,200.0,291200.0
1389,2021-10-07 02:48:16,18000.0,200.0,291000.0
1390,2021-10-07 02:47:53,18000.0,1500.0,290800.0
1391,2021-10-07 02:47:53,18000.0,500.0,289300.0
1392,2021-10-07 02:44:54,18050.0,200.0,288800.0
1393,2021-10-07 02:44:54,18050.0,100.0,288600.0
1394,2021-10-07 02:44:43,18050.0,500.0,288500.0
1395,2021-10-07 02:44:05,18050.0,100.0,288000.0
1396,2021-10-07 02:44:03,18050.0,100.0,287900.0
1397,2021-10-07 02:43:44,18050.0,100.0,287800.0
1398,2021-10-07 02:43:41,18050.0,200.0,287700.0
1399,2021-10-07 02:43:41,18050.0,1900.0,287500.0
1400,2021-10-07 02:43:26,18050.0,100.0,285600.0
1401,2021-10-07 02:43:00,18050.0,100.0,285500.0
1402,2021-10-07 02:42:54,18050.0,200.0,285400.0
1403,2021-10-07 02:42:54,18050.0,5000.0,285200.0
1404,2021-10-07 02:42:54,18050.0,1000.0,280200.0
1405,2021-10-07 02:42:54,18050.0,3100.0,279200.0
1406,2021-10-07 02:42:54,18050.0,700.0,276100.0
1407,2021-10-07 02:42:43,18050.0,900.0,275400.0
1408,2021-10-07 02:42:43,18050.0,100.0,274500.0
1409,2021-10-07 02:42:37,18050.0,2000.0,274400.0
1410,2021-10-07 02:41:35,18050.0,100.0,272400.0
1411,2021-10-07 02:41:18,18000.0,300.0,272300.0
1412,2021-10-07 02:41:15,18000.0,200.0,272000.0
1413,2021-10-07 02:41:15,18000.0,100.0,271800.0
1414,2021-10-07 02:40:52,18000.0,900.0,271700.0
1415,2021-10-07 02:40:52,18000.0,100.0,270800.0
1416,2021-10-07 02:40:27,18000.0,500.0,270700.0
1417,2021-10-07 02:40:27,18000.0,1500.0,270200.0
1418,2021-10-07 02:39:57,18000.0,100.0,268700.0
1419,2021-10-07 02:39:49,18000.0,1400.0,268600.0
1420,2021-10-07 02:39:49,18000.0,200.0,267200.0
1421,2021-10-07 02:39:49,18000.0,200.0,267000.0
1422,2021-10-07 02:39:37,18000.0,100.0,266800.0
1423,2021-10-07 02:39:05,18000.0,100.0,266700.0
1424,2021-10-07 02:39:05,18000.0,600.0,266600.0
1425,2021-10-07 02:38:59,18000.0,100.0,266000.0
1426,2021-10-07 02:38:32,18000.0,300.0,265900.0
1427,2021-10-07 02:38:32,18000.0,4700.0,265600.0
1428,2021-10-07 02:38:19,18000.0,500.0,260900.0
1429,2021-10-07 02:37:56,18000.0,300.0,260400.0
1430,2021-10-07 02:37:56,18000.0,100.0,260100.0
1431,2021-10-07 02:37:56,18000.0,200.0,260000.0
1432,2021-10-07 02:37:56,18000.0,200.0,259800.0
1433,2021-10-07 02:37:38,18000.0,800.0,259600.0
1434,2021-10-07 02:37:38,18000.0,200.0,258800.0
1435,2021-10-07 02:37:38,18000.0,800.0,258600.0
1436,2021-10-07 02:37:38,18000.0,2000.0,257800.0
1437,2021-10-07 02:37:38,18000.0,10000.0,255800.0
1438,2021-10-07 02:37:38,18000.0,100.0,245800.0
1439,2021-10-07 02:37:38,18000.0,200.0,245700.0
1440,2021-10-07 02:37:38,18000.0,2000.0,245500.0
1441,2021-10-07 02:37:38,18000.0,400.0,243500.0
1442,2021-10-07 02:37:38,18000.0,100.0,243100.0
1443,2021-10-07 02:37:38,18000.0,100.0,243000.0
1444,2021-10-07 02:37:38,18000.0,200.0,242900.0
1445,2021-10-07 02:37:38,18000.0,2000.0,242700.0
1446,2021-10-07 02:37:38,18000.0,1100.0,240700.0
1447,2021-10-07 02:37:21,18000.0,5000.0,239600.0
1448,2021-10-07 02:36:08,18000.0,1200.0,234600.0
1449,2021-10-07 02:36:05,18000.0,100.0,233400.0
1450,2021-10-07 02:35:51,18000.0,400.0,233300.0
1451,2021-10-07 02:35:47,18050.0,100.0,232900.0
1452,2021-10-07 02:35:31,18000.0,1300.0,232800.0
1453,2021-10-07 02:35:12,18000.0,900.0,231500.0
1454,2021-10-07 02:35:12,18000.0,200.0,230600.0
1455,2021-10-07 02:35:12,18000.0,200.0,230400.0
1456,2021-10-07 02:35:12,18000.0,100.0,230200.0
1457,2021-10-07 02:35:12,18000.0,100.0,230100.0
1458,2021-10-07 02:35:12,18000.0,100.0,230000.0
1459,2021-10-07 02:35:12,18000.0,3000.0,229900.0
1460,2021-10-07 02:35:12,18000.0,1000.0,226900.0
1461,2021-10-07 02:35:12,18000.0,100.0,225900.0
1462,2021-10-07 02:34:32,18000.0,900.0,225800.0
1463,2021-10-07 02:34:06,18000.0,2000.0,224900.0
1464,2021-10-07 02:34:06,18000.0,400.0,222900.0
1465,2021-10-07 02:34:06,18000.0,500.0,222500.0
1466,2021-10-07 02:34:06,18000.0,2000.0,222000.0
1467,2021-10-07 02:34:06,18000.0,100.0,220000.0
1468,2021-10-07 02:34:06,18000.0,4000.0,219900.0
1469,2021-10-07 02:34:05,18000.0,3000.0,215900.0
1470,2021-10-07 02:34:04,18000.0,200.0,212900.0
1471,2021-10-07 02:33:41,18000.0,6600.0,212700.0
1472,2021-10-07 02:33:27,17950.0,1800.0,206100.0
1473,2021-10-07 02:33:27,17950.0,5000.0,204300.0
1474,2021-10-07 02:33:27,17950.0,500.0,199300.0
1475,2021-10-07 02:33:27,17950.0,200.0,198800.0
1476,2021-10-07 02:33:27,17950.0,1000.0,198600.0
1477,2021-10-07 02:33:27,17950.0,100.0,197600.0
1478,2021-10-07 02:33:27,17950.0,200.0,197500.0
1479,2021-10-07 02:33:27,17950.0,400.0,197300.0
1480,2021-10-07 02:33:27,17950.0,800.0,196900.0
1481,2021-10-07 02:33:23,18000.0,100.0,196100.0
1482,2021-10-07 02:33:11,17950.0,4200.0,196000.0
1483,2021-10-07 02:33:11,17950.0,800.0,191800.0
1484,2021-10-07 02:32:29,18000.0,500.0,191000.0
1485,2021-10-07 02:31:45,18000.0,600.0,190500.0
1486,2021-10-07 02:31:45,18000.0,200.0,189900.0
1487,2021-10-07 02:31:45,18000.0,200.0,189700.0
1488,2021-10-07 02:31:34,18000.0,2000.0,189500.0
1489,2021-10-07 02:31:20,18000.0,1600.0,187500.0
1490,2021-10-07 02:31:20,18000.0,300.0,185900.0
1491,2021-10-07 02:31:20,18000.0,600.0,185600.0
1492,2021-10-07 02:31:07,18000.0,1000.0,185000.0
1493,2021-10-07 02:31:07,18000.0,400.0,184000.0
1494,2021-10-07 02:31:07,18000.0,600.0,183600.0
1495,2021-10-07 02:30:56,18000.0,400.0,183000.0
1496,2021-10-07 02:30:56,18000.0,100.0,182600.0
1497,2021-10-07 02:30:56,18000.0,100.0,182500.0
1498,2021-10-07 02:30:56,18000.0,400.0,182400.0
1499,2021-10-07 02:30:55,18000.0,500.0,182000.0
1500,2021-10-07 02:30:48,18000.0,1000.0,181500.0
1501,2021-10-07 02:30:03,18000.0,300.0,180500.0
1502,2021-10-07 02:29:09,17950.0,3200.0,180200.0
1503,2021-10-07 02:29:09,17950.0,5000.0,177000.0
1504,2021-10-07 02:29:09,17950.0,500.0,172000.0
1505,2021-10-07 02:29:09,17950.0,300.0,171500.0
1506,2021-10-07 02:28:53,17950.0,200.0,171200.0
1507,2021-10-07 02:28:53,17950.0,500.0,171000.0
1508,2021-10-07 02:28:53,17950.0,300.0,170500.0
1509,2021-10-07 02:28:32,17950.0,300.0,170200.0
1510,2021-10-07 02:28:32,17950.0,100.0,169900.0
1511,2021-10-07 02:28:28,18000.0,200.0,169800.0
1512,2021-10-07 02:27:35,18000.0,100.0,169600.0
1513,2021-10-07 02:27:16,18000.0,300.0,169500.0
1514,2021-10-07 02:27:11,18000.0,500.0,169200.0
1515,2021-10-07 02:27:06,18000.0,100.0,168700.0
1516,2021-10-07 02:27:06,18000.0,6600.0,168600.0
1517,2021-10-07 02:26:51,18000.0,200.0,162000.0
1518,2021-10-07 02:26:43,18000.0,3200.0,161800.0
1519,2021-10-07 02:26:43,18000.0,500.0,158600.0
1520,2021-10-07 02:26:43,18000.0,1000.0,158100.0
1521,2021-10-07 02:26:43,18000.0,200.0,157100.0
1522,2021-10-07 02:26:43,18000.0,1000.0,156900.0
1523,2021-10-07 02:26:43,18000.0,10000.0,155900.0
1524,2021-10-07 02:26:43,18000.0,2000.0,145900.0
1525,2021-10-07 02:26:43,18000.0,7100.0,143900.0
1526,2021-10-07 02:26:37,18000.0,100.0,136800.0
1527,2021-10-07 02:26:36,18000.0,2000.0,136700.0
1528,2021-10-07 02:26:35,18000.0,800.0,134700.0
1529,2021-10-07 02:26:35,18000.0,4200.0,133900.0
1530,2021-10-07 02:26:30,18000.0,3700.0,129700.0
1531,2021-10-07 02:26:28,18000.0,1000.0,126000.0
1532,2021-10-07 02:26:18,18000.0,200.0,125000.0
1533,2021-10-07 02:26:12,18000.0,600.0,124800.0
1534,2021-10-07 02:26:04,18000.0,400.0,124200.0
1535,2021-10-07 02:26:01,18000.0,9900.0,123800.0
1536,2021-10-07 02:26:01,18000.0,1000.0,113900.0
1537,2021-10-07 02:26:01,18000.0,100.0,112900.0
1538,2021-10-07 02:26:01,18000.0,1000.0,112800.0
1539,2021-10-07 02:26:01,18000.0,100.0,111800.0
1540,2021-10-07 02:26:01,18000.0,200.0,111700.0
1541,2021-10-07 02:26:01,18000.0,700.0,111500.0
1542,2021-10-07 02:25:50,18000.0,300.0,110800.0
1543,2021-10-07 02:25:50,18000.0,200.0,110500.0
1544,2021-10-07 02:25:50,18000.0,500.0,110300.0
1545,2021-10-07 02:25:46,18000.0,500.0,109800.0
1546,2021-10-07 02:25:46,18000.0,2500.0,109300.0
1547,2021-10-07 02:25:46,18000.0,200.0,106800.0
1548,2021-10-07 02:25:46,18000.0,1000.0,106600.0
1549,2021-10-07 02:25:46,18000.0,100.0,105600.0
1550,2021-10-07 02:25:46,18000.0,100.0,105500.0
1551,2021-10-07 02:25:46,18000.0,2000.0,105400.0
1552,2021-10-07 02:25:46,18000.0,200.0,103400.0
1553,2021-10-07 02:25:46,18000.0,200.0,103200.0
1554,2021-10-07 02:25:46,18000.0,200.0,103000.0
1555,2021-10-07 02:25:46,18000.0,100.0,102800.0
1556,2021-10-07 02:25:46,18000.0,900.0,102700.0
1557,2021-10-07 02:25:46,18000.0,200.0,101800.0
1558,2021-10-07 02:25:46,18000.0,200.0,101600.0
1559,2021-10-07 02:25:46,18000.0,300.0,101400.0
1560,2021-10-07 02:25:46,18000.0,200.0,101100.0
1561,2021-10-07 02:25:35,18000.0,2000.0,100900.0
1562,2021-10-07 02:25:35,18000.0,300.0,98900.0
1563,2021-10-07 02:25:35,18050.0,900.0,98600.0
1564,2021-10-07 02:25:27,18050.0,1000.0,97700.0
1565,2021-10-07 02:25:20,18050.0,100.0,96700.0
1566,2021-10-07 02:25:20,18050.0,300.0,96600.0
1567,2021-10-07 02:25:20,18050.0,100.0,96300.0
1568,2021-10-07 02:25:20,18050.0,100.0,96200.0
1569,2021-10-07 02:25:20,18050.0,100.0,96100.0
1570,2021-10-07 02:25:20,18050.0,200.0,96000.0
1571,2021-10-07 02:25:20,18050.0,3000.0,95800.0
1572,2021-10-07 02:25:20,18050.0,1000.0,92800.0
1573,2021-10-07 02:25:20,18050.0,1000.0,91800.0
1574,2021-10-07 02:25:20,18050.0,200.0,90800.0
1575,2021-10-07 02:25:20,18050.0,10000.0,90600.0
1576,2021-10-07 02:25:20,18050.0,900.0,80600.0
1577,2021-10-07 02:25:20,18050.0,200.0,79700.0
1578,2021-10-07 02:25:20,18050.0,1000.0,79500.0
1579,2021-10-07 02:25:20,18050.0,1000.0,78500.0
1580,2021-10-07 02:25:20,18050.0,2200.0,77500.0
1581,2021-10-07 02:25:20,18050.0,2000.0,75300.0
1582,2021-10-07 02:25:10,18050.0,100.0,73300.0
1583,2021-10-07 02:25:04,18050.0,100.0,73200.0
1584,2021-10-07 02:25:01,18100.0,1200.0,73100.0
1585,2021-10-07 02:24:52,18050.0,300.0,71900.0
1586,2021-10-07 02:24:52,18050.0,100.0,71600.0
1587,2021-10-07 02:24:37,18050.0,100.0,71500.0
1588,2021-10-07 02:24:35,18050.0,2300.0,71400.0
1589,2021-10-07 02:24:35,18050.0,2500.0,69100.0
1590,2021-10-07 02:24:35,18050.0,1000.0,66600.0
1591,2021-10-07 02:24:16,18100.0,400.0,65600.0
1592,2021-10-07 02:23:35,18100.0,500.0,65200.0
1593,2021-10-07 02:23:25,18100.0,1000.0,64700.0
1594,2021-10-07 02:23:22,18050.0,200.0,63700.0
1595,2021-10-07 02:23:17,18100.0,500.0,63500.0
1596,2021-10-07 02:23:17,18100.0,100.0,63000.0
1597,2021-10-07 02:23:17,18100.0,9400.0,62900.0
1598,2021-10-07 02:23:08,18100.0,1000.0,53500.0
1599,2021-10-07 02:23:06,18100.0,300.0,52500.0
1600,2021-10-07 02:22:46,18100.0,1000.0,52200.0
1601,2021-10-07 02:22:46,18100.0,1000.0,51200.0
1602,2021-10-07 02:22:46,18100.0,300.0,50200.0
1603,2021-10-07 02:22:46,18100.0,100.0,49900.0
1604,2021-10-07 02:22:46,18100.0,100.0,49800.0
1605,2021-10-07 02:22:46,18100.0,200.0,49700.0
1606,2021-10-07 02:22:46,18100.0,100.0,49500.0
1607,2021-10-07 02:22:46,18100.0,2000.0,49400.0
1608,2021-10-07 02:22:46,18100.0,200.0,47400.0
1609,2021-10-07 02:22:46,18100.0,500.0,47200.0
1610,2021-10-07 02:22:46,18100.0,500.0,46700.0
1611,2021-10-07 02:22:46,18100.0,500.0,46200.0
1612,2021-10-07 02:22:46,18100.0,4000.0,45700.0
1613,2021-10-07 02:22:46,18100.0,400.0,41700.0
1614,2021-10-07 02:22:46,18100.0,400.0,41300.0
1615,2021-10-07 02:22:05,18100.0,100.0,40900.0
1616,2021-10-07 02:22:05,18100.0,900.0,40800.0
1617,2021-10-07 02:21:07,18150.0,5000.0,39900.0
1618,2021-10-07 02:20:55,18150.0,9300.0,34900.0
1619,2021-10-07 02:20:55,18150.0,700.0,25600.0
1620,2021-10-07 02:20:36,18150.0,100.0,24900.0
1621,2021-10-07 02:20:36,18150.0,2000.0,24800.0
1622,2021-10-07 02:20:36,18150.0,200.0,22800.0
1623,2021-10-07 02:20:13,18200.0,1000.0,22600.0
1624,2021-10-07 02:19:15,18200.0,200.0,21600.0
1625,2021-10-07 02:19:15,18200.0,100.0,21400.0
1626,2021-10-07 02:19:15,18200.0,100.0,21300.0
1627,2021-10-07 02:19:15,18200.0,100.0,21200.0
1628,2021-10-07 02:18:58,18150.0,100.0,21100.0
1629,2021-10-07 02:18:48,18150.0,100.0,21000.0
1630,2021-10-07 02:18:40,18150.0,100.0,20900.0
1631,2021-10-07 02:18:40,18150.0,500.0,20800.0
1632,2021-10-07 02:17:54,18150.0,500.0,20300.0
1633,2021-10-07 02:17:49,18200.0,100.0,19800.0
1634,2021-10-07 02:17:40,18150.0,500.0,19700.0
1635,2021-10-07 02:16:52,18200.0,100.0,19200.0
1636,2021-10-07 02:16:32,18100.0,100.0,19100.0
1637,2021-10-07 02:16:15,18100.0,500.0,19000.0
1638,2021-10-07 02:16:15,18100.0,500.0,18500.0
1639,2021-10-07 02:15:44,18100.0,100.0,18000.0
1640,2021-10-07 02:15:40,18100.0,4800.0,17900.0
1641,2021-10-07 02:15:40,18100.0,600.0,13100.0
1642,2021-10-07 02:15:14,18100.0,300.0,12500.0
1643,2021-10-07 02:15:01,18100.0,400.0,12200.0
1644,2021-10-07 02:15:01,18050.0,100.0,11800.0
1645,2021-10-07 02:15:01,18050.0,300.0,11700.0
1646,2021-10-07 02:15:01,18050.0,200.0,11400.0
1647,2021-10-07 02:15:01,18050.0,900.0,11200.0
1648,2021-10-07 02:15:01,18050.0,600.0,10300.0
1649,2021-10-07 02:15:01,18050.0,400.0,9700.0
1650,2021-10-07 02:15:01,18050.0,1400.0,9300.0
1651,2021-10-07 02:15:01,18050.0,600.0,7900.0
1652,2021-10-07 02:15:01,18050.0,300.0,7300.0
1653,2021-10-07 02:15:01,18050.0,1000.0,7000.0
1654,2021-10-07 02:15:01,18050.0,100.0,6000.0
1655,2021-10-07 02:15:01,18050.0,300.0,5900.0
1656,2021-10-07 02:15:01,18050.0,1300.0,5600.0
1657,2021-10-07 02:15:01,18050.0,200.0,4300.0
1658,2021-10-07 02:15:01,18050.0,400.0,4100.0
1659,2021-10-07 02:15:01,18050.0,100.0,3700.0
1660,2021-10-07 02:15:01,18050.0,100.0,3600.0
1661,2021-10-07 02:15:01,18050.0,100.0,3500.0
1662,2021-10-07 02:15:01,18050.0,100.0,3400.0
1663,2021-10-07 02:15:01,18050.0,200.0,3300.0
1664,2021-10-07 02:15:01,18050.0,1800.0,3100.0
1665,2021-10-07 02:15:01,18050.0,300.0,1300.0
1666,2021-10-07 02:15:01,18050.0,900.0,1000.0
1667,2021-10-07 02:15:01,18050.0,100.0,100.0
