,Time,Price,Volume_per_trade,Volume
0,2021-10-19 14:45:02,12300.0,10800.0,428914.0
1,2021-10-19 14:29:45,12300.0,100.0,418114.0
2,2021-10-19 14:26:59,12200.0,100.0,418014.0
3,2021-10-19 14:26:46,12200.0,500.0,417914.0
4,2021-10-19 14:22:18,12300.0,3000.0,417414.0
5,2021-10-19 14:16:40,12200.0,12000.0,414414.0
6,2021-10-19 14:14:02,12300.0,800.0,402414.0
7,2021-10-19 14:12:08,12300.0,200.0,401614.0
8,2021-10-19 14:11:11,12300.0,100.0,401414.0
9,2021-10-19 14:10:44,12300.0,1000.0,401314.0
10,2021-10-19 14:10:25,12300.0,500.0,400314.0
11,2021-10-19 14:08:37,12300.0,4000.0,399814.0
12,2021-10-19 14:06:08,12300.0,400.0,395814.0
13,2021-10-19 14:05:41,12300.0,500.0,395414.0
14,2021-10-19 14:05:29,12300.0,2200.0,394914.0
15,2021-10-19 14:04:54,12300.0,12000.0,392714.0
16,2021-10-19 13:55:55,12300.0,3200.0,380714.0
17,2021-10-19 13:54:45,12200.0,100.0,377514.0
18,2021-10-19 13:53:58,12200.0,500.0,377414.0
19,2021-10-19 13:53:19,12200.0,1000.0,376914.0
20,2021-10-19 13:53:00,12200.0,1000.0,375914.0
21,2021-10-19 13:51:53,12200.0,10000.0,374914.0
22,2021-10-19 13:51:38,12200.0,2700.0,364914.0
23,2021-10-19 13:43:50,12300.0,2200.0,362214.0
24,2021-10-19 13:43:11,12300.0,2100.0,360014.0
25,2021-10-19 13:39:32,12300.0,600.0,357914.0
26,2021-10-19 13:36:08,12300.0,800.0,357314.0
27,2021-10-19 13:33:09,12300.0,100.0,356514.0
28,2021-10-19 13:32:30,12300.0,100.0,356414.0
29,2021-10-19 13:29:25,12300.0,1000.0,356314.0
30,2021-10-19 13:28:44,12300.0,1700.0,355314.0
31,2021-10-19 13:27:37,12300.0,800.0,353614.0
32,2021-10-19 13:25:17,12300.0,2500.0,352814.0
33,2021-10-19 13:22:39,12300.0,1600.0,350314.0
34,2021-10-19 13:22:25,12300.0,2400.0,348714.0
35,2021-10-19 13:19:00,12300.0,15000.0,346314.0
36,2021-10-19 13:16:33,12300.0,200.0,331314.0
37,2021-10-19 13:16:19,12300.0,200.0,331114.0
38,2021-10-19 13:08:00,12300.0,200.0,330914.0
39,2021-10-19 13:07:16,12300.0,11000.0,330714.0
40,2021-10-19 13:06:32,12400.0,100.0,319714.0
41,2021-10-19 13:04:54,12400.0,100.0,319614.0
42,2021-10-19 13:04:07,12400.0,100.0,319514.0
43,2021-10-19 13:02:58,12400.0,5000.0,319414.0
44,2021-10-19 13:02:50,12400.0,300.0,314414.0
45,2021-10-19 13:01:24,12400.0,1300.0,314114.0
46,2021-10-19 11:26:39,12400.0,200.0,312814.0
47,2021-10-19 11:23:03,12400.0,1000.0,312614.0
48,2021-10-19 11:22:30,12400.0,100.0,311614.0
49,2021-10-19 11:21:56,12400.0,8200.0,311514.0
50,2021-10-19 11:21:46,12400.0,4000.0,303314.0
51,2021-10-19 11:20:14,12400.0,800.0,299314.0
52,2021-10-19 11:17:52,12400.0,100.0,298514.0
53,2021-10-19 11:17:08,12400.0,500.0,298414.0
54,2021-10-19 11:12:58,12400.0,100.0,297914.0
55,2021-10-19 11:10:04,12300.0,2000.0,297814.0
56,2021-10-19 11:07:32,12300.0,1000.0,295814.0
57,2021-10-19 11:06:19,12300.0,100.0,294814.0
58,2021-10-19 11:05:42,12300.0,5000.0,294714.0
59,2021-10-19 11:05:13,12300.0,100.0,289714.0
60,2021-10-19 10:59:58,12400.0,4.0,289614.0
61,2021-10-19 10:59:41,12400.0,10.0,289610.0
62,2021-10-19 10:59:14,12400.0,3800.0,289600.0
63,2021-10-19 10:57:41,12400.0,5000.0,285800.0
64,2021-10-19 10:56:13,12400.0,200.0,280800.0
65,2021-10-19 10:52:26,12400.0,200.0,280600.0
66,2021-10-19 10:50:22,12400.0,800.0,280400.0
67,2021-10-19 10:49:51,12400.0,100.0,279600.0
68,2021-10-19 10:47:50,12400.0,200.0,279500.0
69,2021-10-19 10:47:30,12400.0,1200.0,279300.0
70,2021-10-19 10:47:11,12400.0,13800.0,278100.0
71,2021-10-19 10:45:53,12400.0,400.0,264300.0
72,2021-10-19 10:45:29,12400.0,100.0,263900.0
73,2021-10-19 10:41:52,12500.0,3400.0,263800.0
74,2021-10-19 10:41:39,12500.0,200.0,260400.0
75,2021-10-19 10:41:34,12500.0,5000.0,260200.0
76,2021-10-19 10:41:29,12500.0,5000.0,255200.0
77,2021-10-19 10:39:48,12500.0,1000.0,250200.0
78,2021-10-19 10:39:17,12500.0,1500.0,249200.0
79,2021-10-19 10:37:23,12500.0,1300.0,247700.0
80,2021-10-19 10:37:09,12600.0,5000.0,246400.0
81,2021-10-19 10:36:53,12500.0,200.0,241400.0
82,2021-10-19 10:36:34,12500.0,1000.0,241200.0
83,2021-10-19 10:35:54,12500.0,1200.0,240200.0
84,2021-10-19 10:35:52,12600.0,500.0,239000.0
85,2021-10-19 10:35:41,12600.0,5000.0,238500.0
86,2021-10-19 10:35:25,12500.0,200.0,233500.0
87,2021-10-19 10:35:21,12600.0,900.0,233300.0
88,2021-10-19 10:35:01,12500.0,200.0,232400.0
89,2021-10-19 10:35:00,12600.0,1600.0,232200.0
90,2021-10-19 10:34:06,12600.0,100.0,230600.0
91,2021-10-19 10:34:04,12500.0,1300.0,230500.0
92,2021-10-19 10:32:50,12500.0,6200.0,229200.0
93,2021-10-19 10:32:17,12500.0,500.0,223000.0
94,2021-10-19 10:31:37,12500.0,12300.0,222500.0
95,2021-10-19 10:31:06,12500.0,400.0,210200.0
96,2021-10-19 10:30:50,12500.0,1000.0,209800.0
97,2021-10-19 10:29:59,12400.0,1000.0,208800.0
98,2021-10-19 10:28:17,12400.0,24500.0,207800.0
99,2021-10-19 10:27:58,12400.0,2000.0,183300.0
100,2021-10-19 10:27:56,12300.0,300.0,181300.0
101,2021-10-19 10:27:53,12300.0,2100.0,181000.0
102,2021-10-19 10:26:12,12300.0,300.0,178900.0
103,2021-10-19 10:26:04,12300.0,8400.0,178600.0
104,2021-10-19 10:24:51,12300.0,1500.0,170200.0
105,2021-10-19 10:24:39,12300.0,800.0,168700.0
106,2021-10-19 10:24:34,12300.0,1000.0,167900.0
107,2021-10-19 10:23:55,12300.0,300.0,166900.0
108,2021-10-19 10:23:37,12300.0,500.0,166600.0
109,2021-10-19 10:23:29,12300.0,5300.0,166100.0
110,2021-10-19 10:23:17,12300.0,5000.0,160800.0
111,2021-10-19 10:23:06,12300.0,1000.0,155800.0
112,2021-10-19 10:22:55,12300.0,1000.0,154800.0
113,2021-10-19 10:22:41,12300.0,1700.0,153800.0
114,2021-10-19 10:22:03,12300.0,4300.0,152100.0
115,2021-10-19 10:21:51,12300.0,1000.0,147800.0
116,2021-10-19 10:21:36,12300.0,200.0,146800.0
117,2021-10-19 10:21:17,12300.0,500.0,146600.0
118,2021-10-19 10:21:15,12300.0,500.0,146100.0
119,2021-10-19 10:21:07,12300.0,8300.0,145600.0
120,2021-10-19 10:20:41,12300.0,6800.0,137300.0
121,2021-10-19 10:20:36,12300.0,600.0,130500.0
122,2021-10-19 10:20:27,12300.0,8000.0,129900.0
123,2021-10-19 10:19:22,12300.0,13500.0,121900.0
124,2021-10-19 10:19:05,12400.0,9000.0,108400.0
125,2021-10-19 10:18:21,12400.0,500.0,99400.0
126,2021-10-19 10:18:07,12400.0,1500.0,98900.0
127,2021-10-19 10:17:51,12400.0,100.0,97400.0
128,2021-10-19 10:17:29,12400.0,1200.0,97300.0
129,2021-10-19 10:17:22,12300.0,200.0,96100.0
130,2021-10-19 10:17:13,12400.0,1800.0,95900.0
131,2021-10-19 10:17:08,12400.0,1300.0,94100.0
132,2021-10-19 10:17:05,12300.0,5900.0,92800.0
133,2021-10-19 10:17:03,12400.0,400.0,86900.0
134,2021-10-19 10:16:58,12400.0,100.0,86500.0
135,2021-10-19 10:16:32,12300.0,100.0,86400.0
136,2021-10-19 10:15:56,12300.0,3500.0,86300.0
137,2021-10-19 10:15:09,12200.0,2000.0,82800.0
138,2021-10-19 10:15:06,12200.0,1000.0,80800.0
139,2021-10-19 10:14:33,12100.0,2700.0,79800.0
140,2021-10-19 10:14:32,12100.0,500.0,77100.0
141,2021-10-19 10:14:29,12100.0,4000.0,76600.0
142,2021-10-19 10:14:27,12100.0,200.0,72600.0
143,2021-10-19 10:14:11,12000.0,3300.0,72400.0
144,2021-10-19 10:14:06,12000.0,200.0,69100.0
145,2021-10-19 10:14:02,12000.0,400.0,68900.0
146,2021-10-19 10:13:55,12000.0,100.0,68500.0
147,2021-10-19 10:13:54,12000.0,5000.0,68400.0
148,2021-10-19 10:13:41,12000.0,500.0,63400.0
149,2021-10-19 10:13:36,12000.0,10300.0,62900.0
150,2021-10-19 10:10:40,11900.0,800.0,52600.0
151,2021-10-19 10:10:31,11900.0,100.0,51800.0
152,2021-10-19 10:09:59,11900.0,4200.0,51700.0
153,2021-10-19 10:09:46,11900.0,500.0,47500.0
154,2021-10-19 10:09:38,11900.0,2000.0,47000.0
155,2021-10-19 10:09:30,11900.0,500.0,45000.0
156,2021-10-19 10:08:51,11900.0,1000.0,44500.0
157,2021-10-19 10:06:56,11900.0,6000.0,43500.0
158,2021-10-19 10:05:34,11800.0,200.0,37500.0
159,2021-10-19 10:03:39,11800.0,300.0,37300.0
160,2021-10-19 10:03:20,11800.0,300.0,37000.0
161,2021-10-19 10:02:26,11800.0,300.0,36700.0
162,2021-10-19 10:00:16,11800.0,5000.0,36400.0
163,2021-10-19 09:58:46,11800.0,200.0,31400.0
164,2021-10-19 09:58:32,11800.0,3100.0,31200.0
165,2021-10-19 09:53:51,11800.0,200.0,28100.0
166,2021-10-19 09:53:26,11800.0,5000.0,27900.0
167,2021-10-19 09:45:20,11800.0,100.0,22900.0
168,2021-10-19 09:45:04,11800.0,2700.0,22800.0
169,2021-10-19 09:44:36,11800.0,2300.0,20100.0
170,2021-10-19 09:43:54,11800.0,400.0,17800.0
171,2021-10-19 09:43:17,11800.0,500.0,17400.0
172,2021-10-19 09:43:02,11800.0,1000.0,16900.0
173,2021-10-19 09:41:19,11800.0,5000.0,15900.0
174,2021-10-19 09:26:51,11800.0,500.0,10900.0
175,2021-10-19 09:23:25,11800.0,2400.0,10400.0
176,2021-10-19 09:23:02,11800.0,500.0,8000.0
177,2021-10-19 09:22:48,11800.0,6500.0,7500.0
178,2021-10-19 09:20:31,11800.0,1000.0,1000.0
