,Time,Price,Volume_per_trade,Volume
0,2021-10-21 07:45:01,19400.0,3300.0,1147000.0
1,2021-10-21 07:45:01,19400.0,1000.0,1143700.0
2,2021-10-21 07:45:01,19400.0,700.0,1142700.0
3,2021-10-21 07:45:01,19400.0,300.0,1142000.0
4,2021-10-21 07:45:01,19400.0,100.0,1141700.0
5,2021-10-21 07:45:01,19400.0,400.0,1141600.0
6,2021-10-21 07:45:01,19400.0,1000.0,1141200.0
7,2021-10-21 07:45:01,19400.0,200.0,1140200.0
8,2021-10-21 07:45:01,19400.0,400.0,1140000.0
9,2021-10-21 07:45:01,19400.0,1600.0,1139600.0
10,2021-10-21 07:45:01,19400.0,900.0,1138000.0
11,2021-10-21 07:45:01,19400.0,600.0,1137100.0
12,2021-10-21 07:45:01,19400.0,100.0,1136500.0
13,2021-10-21 07:45:01,19400.0,1000.0,1136400.0
14,2021-10-21 07:45:01,19400.0,5800.0,1135400.0
15,2021-10-21 07:45:01,19400.0,100.0,1129600.0
16,2021-10-21 07:45:01,19400.0,1000.0,1129500.0
17,2021-10-21 07:45:01,19400.0,3100.0,1128500.0
18,2021-10-21 07:29:36,19400.0,100.0,1125400.0
19,2021-10-21 07:29:01,19600.0,1000.0,1125300.0
20,2021-10-21 07:28:34,19400.0,100.0,1124300.0
21,2021-10-21 07:27:51,19600.0,5000.0,1124200.0
22,2021-10-21 07:27:46,19600.0,3700.0,1119200.0
23,2021-10-21 07:27:46,19600.0,1000.0,1115500.0
24,2021-10-21 07:27:46,19600.0,1300.0,1114500.0
25,2021-10-21 07:27:24,19400.0,100.0,1113200.0
26,2021-10-21 07:26:23,19600.0,8700.0,1113100.0
27,2021-10-21 07:26:23,19600.0,300.0,1104400.0
28,2021-10-21 07:25:16,19400.0,100.0,1104100.0
29,2021-10-21 07:25:05,19600.0,10000.0,1104000.0
30,2021-10-21 07:25:05,19600.0,5400.0,1094000.0
31,2021-10-21 07:24:52,19600.0,4600.0,1088600.0
32,2021-10-21 07:24:52,19600.0,9400.0,1084000.0
33,2021-10-21 07:24:37,19600.0,600.0,1074600.0
34,2021-10-21 07:24:37,19600.0,100.0,1074000.0
35,2021-10-21 07:24:37,19600.0,6200.0,1073900.0
36,2021-10-21 07:24:37,19500.0,8100.0,1067700.0
37,2021-10-21 07:22:38,19600.0,3800.0,1059600.0
38,2021-10-21 07:22:38,19600.0,1000.0,1055800.0
39,2021-10-21 07:22:38,19600.0,3200.0,1054800.0
40,2021-10-21 07:22:28,19600.0,6800.0,1051600.0
41,2021-10-21 07:22:28,19600.0,3200.0,1044800.0
42,2021-10-21 07:21:51,19600.0,6800.0,1041600.0
43,2021-10-21 07:20:57,19600.0,500.0,1034800.0
44,2021-10-21 07:20:57,19600.0,17700.0,1034300.0
45,2021-10-21 07:20:05,19600.0,2300.0,1016600.0
46,2021-10-21 07:19:52,19600.0,2000.0,1014300.0
47,2021-10-21 07:19:39,19600.0,10000.0,1012300.0
48,2021-10-21 07:19:39,19550.0,3000.0,1002300.0
49,2021-10-21 07:19:39,19550.0,600.0,999300.0
50,2021-10-21 07:19:39,19550.0,200.0,998700.0
51,2021-10-21 07:19:39,19550.0,1900.0,998500.0
52,2021-10-21 07:13:54,19250.0,2000.0,996600.0
53,2021-10-21 07:13:54,19300.0,200.0,994600.0
54,2021-10-21 07:13:54,19300.0,500.0,994400.0
55,2021-10-21 07:13:54,19400.0,100.0,993900.0
56,2021-10-21 07:13:54,19400.0,1800.0,993800.0
57,2021-10-21 07:13:33,19400.0,200.0,992000.0
58,2021-10-21 07:13:33,19450.0,800.0,991800.0
59,2021-10-21 07:12:34,19500.0,100.0,991000.0
60,2021-10-21 07:11:25,19500.0,1000.0,990900.0
61,2021-10-21 07:11:25,19500.0,2100.0,989900.0
62,2021-10-21 07:11:25,19500.0,100.0,987800.0
63,2021-10-21 07:09:43,19550.0,100.0,987700.0
64,2021-10-21 07:09:43,19550.0,700.0,987600.0
65,2021-10-21 07:09:43,19550.0,2000.0,986900.0
66,2021-10-21 07:09:43,19550.0,100.0,984900.0
67,2021-10-21 07:09:43,19550.0,100.0,984800.0
68,2021-10-21 07:06:49,19500.0,500.0,984700.0
69,2021-10-21 07:06:10,19500.0,2000.0,984200.0
70,2021-10-21 07:05:41,19500.0,500.0,982200.0
71,2021-10-21 07:05:41,19500.0,1000.0,981700.0
72,2021-10-21 07:05:41,19500.0,1000.0,980700.0
73,2021-10-21 07:05:41,19500.0,500.0,979700.0
74,2021-10-21 07:05:41,19500.0,2000.0,979200.0
75,2021-10-21 07:05:41,19500.0,10000.0,977200.0
76,2021-10-21 07:05:41,19500.0,200.0,967200.0
77,2021-10-21 07:05:39,19500.0,300.0,967000.0
78,2021-10-21 07:05:39,19500.0,1700.0,966700.0
79,2021-10-21 07:05:19,19500.0,1300.0,965000.0
80,2021-10-21 07:05:19,19500.0,1000.0,963700.0
81,2021-10-21 07:05:19,19500.0,3000.0,962700.0
82,2021-10-21 07:05:19,19500.0,100.0,959700.0
83,2021-10-21 07:05:19,19500.0,100.0,959600.0
84,2021-10-21 07:05:19,19500.0,1000.0,959500.0
85,2021-10-21 07:05:19,19500.0,100.0,958500.0
86,2021-10-21 07:05:19,19500.0,5000.0,958400.0
87,2021-10-21 07:05:19,19500.0,200.0,953400.0
88,2021-10-21 07:05:19,19500.0,300.0,953200.0
89,2021-10-21 07:05:19,19500.0,1000.0,952900.0
90,2021-10-21 07:05:19,19500.0,1900.0,951900.0
91,2021-10-21 06:57:40,19450.0,1000.0,950000.0
92,2021-10-21 06:54:48,19450.0,1000.0,949000.0
93,2021-10-21 06:53:58,19450.0,2000.0,948000.0
94,2021-10-21 06:52:18,19450.0,3300.0,946000.0
95,2021-10-21 06:51:55,19450.0,500.0,942700.0
96,2021-10-21 06:43:17,19450.0,500.0,942200.0
97,2021-10-21 06:42:45,19450.0,6700.0,941700.0
98,2021-10-21 06:41:55,19450.0,1000.0,935000.0
99,2021-10-21 06:40:03,19450.0,500.0,934000.0
100,2021-10-21 06:40:03,19450.0,500.0,933500.0
101,2021-10-21 06:40:03,19450.0,1300.0,933000.0
102,2021-10-21 06:33:37,19350.0,500.0,931700.0
103,2021-10-21 06:32:56,19450.0,3700.0,931200.0
104,2021-10-21 06:30:29,19450.0,500.0,927500.0
105,2021-10-21 06:30:28,19500.0,100.0,927000.0
106,2021-10-21 06:30:28,19500.0,200.0,926900.0
107,2021-10-21 06:30:07,19450.0,500.0,926700.0
108,2021-10-21 06:30:07,19450.0,5000.0,926200.0
109,2021-10-21 06:30:07,19450.0,300.0,921200.0
110,2021-10-21 06:26:40,19250.0,200.0,920900.0
111,2021-10-21 06:25:48,19450.0,4700.0,920700.0
112,2021-10-21 06:25:48,19450.0,100.0,916000.0
113,2021-10-21 06:25:48,19450.0,200.0,915900.0
114,2021-10-21 06:23:42,19450.0,400.0,915700.0
115,2021-10-21 06:23:42,19450.0,3000.0,915300.0
116,2021-10-21 06:23:42,19450.0,100.0,912300.0
117,2021-10-21 06:23:42,19450.0,200.0,912200.0
118,2021-10-21 06:23:42,19450.0,1000.0,912000.0
119,2021-10-21 06:23:42,19450.0,1200.0,911000.0
120,2021-10-21 06:23:42,19450.0,400.0,909800.0
121,2021-10-21 06:23:42,19450.0,1700.0,909400.0
122,2021-10-21 06:22:16,19450.0,300.0,907700.0
123,2021-10-21 06:21:54,19450.0,1000.0,907400.0
124,2021-10-21 06:21:15,19450.0,500.0,906400.0
125,2021-10-21 06:21:15,19450.0,100.0,905900.0
126,2021-10-21 06:21:15,19450.0,10000.0,905800.0
127,2021-10-21 06:21:15,19450.0,5600.0,895800.0
128,2021-10-21 06:21:15,19400.0,600.0,890200.0
129,2021-10-21 06:21:15,19400.0,1000.0,889600.0
130,2021-10-21 06:21:15,19400.0,900.0,888600.0
131,2021-10-21 06:20:38,19400.0,1000.0,887700.0
132,2021-10-21 06:20:38,19400.0,100.0,886700.0
133,2021-10-21 06:20:14,19400.0,1000.0,886600.0
134,2021-10-21 06:19:42,19400.0,2000.0,885600.0
135,2021-10-21 06:19:01,19400.0,1000.0,883600.0
136,2021-10-21 06:16:49,19400.0,1000.0,882600.0
137,2021-10-21 06:14:43,19400.0,8900.0,881600.0
138,2021-10-21 06:14:43,19300.0,1000.0,872700.0
139,2021-10-21 06:12:28,19250.0,200.0,871700.0
140,2021-10-21 06:12:00,19400.0,1000.0,871500.0
141,2021-10-21 06:11:38,19400.0,3600.0,870500.0
142,2021-10-21 06:11:15,19400.0,200.0,866900.0
143,2021-10-21 06:11:11,19400.0,900.0,866700.0
144,2021-10-21 06:10:58,19400.0,2000.0,865800.0
145,2021-10-21 06:10:55,19400.0,1000.0,863800.0
146,2021-10-21 06:10:19,19400.0,300.0,862800.0
147,2021-10-21 06:10:19,19400.0,1000.0,862500.0
148,2021-10-21 06:09:55,19400.0,4000.0,861500.0
149,2021-10-21 06:09:51,19400.0,1000.0,857500.0
150,2021-10-21 06:09:08,19250.0,200.0,856500.0
151,2021-10-21 06:08:45,19450.0,4400.0,856300.0
152,2021-10-21 06:08:45,19450.0,1000.0,851900.0
153,2021-10-21 06:08:45,19450.0,4300.0,850900.0
154,2021-10-21 06:08:45,19450.0,6300.0,846600.0
155,2021-10-21 06:08:26,19250.0,200.0,840300.0
156,2021-10-21 06:05:12,19250.0,100.0,840100.0
157,2021-10-21 06:05:12,19300.0,300.0,840000.0
158,2021-10-21 06:04:23,19450.0,300.0,839700.0
159,2021-10-21 06:04:23,19450.0,3400.0,839400.0
160,2021-10-21 06:03:23,19450.0,400.0,836000.0
161,2021-10-21 06:02:21,19450.0,200.0,835600.0
162,2021-10-21 06:02:21,19450.0,300.0,835400.0
163,2021-10-21 06:02:21,19450.0,5000.0,835100.0
164,2021-10-21 06:02:21,19450.0,2000.0,830100.0
165,2021-10-21 06:02:21,19450.0,5000.0,828100.0
166,2021-10-21 06:02:21,19450.0,200.0,823100.0
167,2021-10-21 06:02:21,19450.0,200.0,822900.0
168,2021-10-21 06:02:21,19450.0,1000.0,822700.0
169,2021-10-21 06:02:21,19450.0,400.0,821700.0
170,2021-10-21 06:02:21,19400.0,1900.0,821300.0
171,2021-10-21 06:01:29,19400.0,100.0,819400.0
172,2021-10-21 06:01:29,19400.0,100.0,819300.0
173,2021-10-21 06:01:29,19400.0,900.0,819200.0
174,2021-10-21 06:00:32,19400.0,200.0,818300.0
175,2021-10-21 06:00:19,19400.0,100.0,818100.0
176,2021-10-21 06:00:04,19400.0,1000.0,818000.0
177,2021-10-21 06:00:01,19400.0,3000.0,817000.0
178,2021-10-21 04:28:59,19400.0,1000.0,814000.0
179,2021-10-21 04:28:37,19400.0,300.0,813000.0
180,2021-10-21 04:28:26,19400.0,500.0,812700.0
181,2021-10-21 04:28:17,19400.0,1000.0,812200.0
182,2021-10-21 04:26:24,19400.0,2000.0,811200.0
183,2021-10-21 04:25:23,19400.0,6000.0,809200.0
184,2021-10-21 04:24:24,19400.0,3000.0,803200.0
185,2021-10-21 04:24:24,19400.0,1000.0,800200.0
186,2021-10-21 04:24:17,19400.0,300.0,799200.0
187,2021-10-21 04:23:23,19400.0,300.0,798900.0
188,2021-10-21 04:22:28,19400.0,3000.0,798600.0
189,2021-10-21 04:22:02,19450.0,100.0,795600.0
190,2021-10-21 04:22:02,19450.0,200.0,795500.0
191,2021-10-21 04:22:02,19450.0,200.0,795300.0
192,2021-10-21 04:22:01,19400.0,1300.0,795100.0
193,2021-10-21 04:21:57,19400.0,500.0,793800.0
194,2021-10-21 04:21:34,19400.0,1000.0,793300.0
195,2021-10-21 04:21:05,19400.0,2000.0,792300.0
196,2021-10-21 04:21:05,19400.0,1900.0,790300.0
197,2021-10-21 04:20:41,19400.0,1100.0,788400.0
198,2021-10-21 04:20:36,19400.0,3100.0,787300.0
199,2021-10-21 04:19:57,19400.0,1000.0,784200.0
200,2021-10-21 04:19:57,19400.0,400.0,783200.0
201,2021-10-21 04:19:57,19400.0,100.0,782800.0
202,2021-10-21 04:19:57,19400.0,3800.0,782700.0
203,2021-10-21 04:19:57,19250.0,500.0,778900.0
204,2021-10-21 04:17:57,19250.0,500.0,778400.0
205,2021-10-21 04:17:57,19250.0,200.0,777900.0
206,2021-10-21 04:17:57,19250.0,200.0,777700.0
207,2021-10-21 04:17:56,19250.0,300.0,777500.0
208,2021-10-21 04:17:47,19250.0,1000.0,777200.0
209,2021-10-21 04:17:06,19250.0,200.0,776200.0
210,2021-10-21 04:16:55,19250.0,3000.0,776000.0
211,2021-10-21 04:16:49,19250.0,300.0,773000.0
212,2021-10-21 04:16:03,19400.0,200.0,772700.0
213,2021-10-21 04:15:44,19400.0,500.0,772500.0
214,2021-10-21 04:14:00,19400.0,1000.0,772000.0
215,2021-10-21 04:13:40,19400.0,3000.0,771000.0
216,2021-10-21 04:13:30,19400.0,1600.0,768000.0
217,2021-10-21 04:12:49,19400.0,1000.0,766400.0
218,2021-10-21 04:12:49,19400.0,1000.0,765400.0
219,2021-10-21 04:12:49,19400.0,5000.0,764400.0
220,2021-10-21 04:12:49,19400.0,200.0,759400.0
221,2021-10-21 04:12:49,19400.0,1000.0,759200.0
222,2021-10-21 04:12:49,19350.0,500.0,758200.0
223,2021-10-21 04:11:16,19400.0,100.0,757700.0
224,2021-10-21 04:11:16,19400.0,5300.0,757600.0
225,2021-10-21 04:10:46,19400.0,500.0,752300.0
226,2021-10-21 04:10:08,19400.0,2900.0,751800.0
227,2021-10-21 04:10:08,19400.0,300.0,748900.0
228,2021-10-21 04:10:08,19400.0,5000.0,748600.0
229,2021-10-21 04:10:08,19400.0,1000.0,743600.0
230,2021-10-21 04:08:52,19400.0,5200.0,742600.0
231,2021-10-21 04:08:31,19400.0,2000.0,737400.0
232,2021-10-21 04:08:31,19400.0,1000.0,735400.0
233,2021-10-21 04:08:31,19400.0,1800.0,734400.0
234,2021-10-21 04:07:14,19400.0,500.0,732600.0
235,2021-10-21 04:07:02,19400.0,2700.0,732100.0
236,2021-10-21 04:06:53,19400.0,200.0,729400.0
237,2021-10-21 04:06:43,19400.0,1000.0,729200.0
238,2021-10-21 04:05:50,19400.0,100.0,728200.0
239,2021-10-21 04:05:50,19400.0,6000.0,728100.0
240,2021-10-21 04:03:11,19400.0,6600.0,722100.0
241,2021-10-21 04:02:14,19400.0,100.0,715500.0
242,2021-10-21 04:02:14,19400.0,1000.0,715400.0
243,2021-10-21 04:02:14,19400.0,5000.0,714400.0
244,2021-10-21 04:02:14,19400.0,3000.0,709400.0
245,2021-10-21 04:02:14,19400.0,1000.0,706400.0
246,2021-10-21 04:02:14,19400.0,500.0,705400.0
247,2021-10-21 04:02:14,19400.0,100.0,704900.0
248,2021-10-21 04:02:14,19400.0,100.0,704800.0
249,2021-10-21 04:02:14,19350.0,1000.0,704700.0
250,2021-10-21 04:02:14,19350.0,200.0,703700.0
251,2021-10-21 04:02:14,19350.0,1400.0,703500.0
252,2021-10-21 04:00:22,19350.0,6600.0,702100.0
253,2021-10-21 03:57:35,19400.0,100.0,695500.0
254,2021-10-21 03:57:28,19350.0,2000.0,695400.0
255,2021-10-21 03:57:28,19350.0,300.0,693400.0
256,2021-10-21 03:57:28,19350.0,800.0,693100.0
257,2021-10-21 03:57:28,19300.0,300.0,692300.0
258,2021-10-21 03:57:03,19200.0,200.0,692000.0
259,2021-10-21 03:56:49,19200.0,1000.0,691800.0
260,2021-10-21 03:55:52,19350.0,200.0,690800.0
261,2021-10-21 03:55:52,19350.0,1000.0,690600.0
262,2021-10-21 03:53:06,19350.0,100.0,689600.0
263,2021-10-21 03:53:06,19350.0,500.0,689500.0
264,2021-10-21 03:52:59,19350.0,3000.0,689000.0
265,2021-10-21 03:51:57,19350.0,600.0,686000.0
266,2021-10-21 03:51:57,19350.0,1000.0,685400.0
267,2021-10-21 03:50:17,19350.0,1000.0,684400.0
268,2021-10-21 03:49:42,19400.0,200.0,683400.0
269,2021-10-21 03:49:10,19350.0,1000.0,683200.0
270,2021-10-21 03:49:10,19350.0,2000.0,682200.0
271,2021-10-21 03:49:10,19350.0,200.0,680200.0
272,2021-10-21 03:49:10,19350.0,700.0,680000.0
273,2021-10-21 03:48:22,19350.0,300.0,679300.0
274,2021-10-21 03:48:22,19350.0,2500.0,679000.0
275,2021-10-21 03:47:43,19350.0,2000.0,676500.0
276,2021-10-21 03:47:34,19350.0,500.0,674500.0
277,2021-10-21 03:46:13,19350.0,100.0,674000.0
278,2021-10-21 03:45:56,19350.0,9600.0,673900.0
279,2021-10-21 03:45:37,19350.0,400.0,664300.0
280,2021-10-21 03:45:06,19350.0,3000.0,663900.0
281,2021-10-21 03:45:06,19350.0,300.0,660900.0
282,2021-10-21 03:45:06,19300.0,500.0,660600.0
283,2021-10-21 03:45:06,19300.0,500.0,660100.0
284,2021-10-21 03:45:06,19300.0,1800.0,659600.0
285,2021-10-21 03:45:06,19300.0,200.0,657800.0
286,2021-10-21 03:45:06,19250.0,3000.0,657600.0
287,2021-10-21 03:45:06,19250.0,300.0,654600.0
288,2021-10-21 03:44:55,19200.0,200.0,654300.0
289,2021-10-21 03:43:55,19200.0,300.0,654100.0
290,2021-10-21 03:40:20,19200.0,200.0,653800.0
291,2021-10-21 03:40:20,19200.0,1000.0,653600.0
292,2021-10-21 03:40:20,19200.0,500.0,652600.0
293,2021-10-21 03:40:20,19200.0,100.0,652100.0
294,2021-10-21 03:40:20,19200.0,1000.0,652000.0
295,2021-10-21 03:40:20,19200.0,2200.0,651000.0
296,2021-10-21 03:33:00,19100.0,1300.0,648800.0
297,2021-10-21 03:33:00,19000.0,1200.0,647500.0
298,2021-10-21 03:33:00,18950.0,1600.0,646300.0
299,2021-10-21 03:32:40,18950.0,1200.0,644700.0
300,2021-10-21 03:31:54,18950.0,5900.0,643500.0
301,2021-10-21 03:31:35,18950.0,3100.0,637600.0
302,2021-10-21 03:31:04,18950.0,6000.0,634500.0
303,2021-10-21 03:28:03,18900.0,100.0,628500.0
304,2021-10-21 03:25:35,18900.0,2700.0,628400.0
305,2021-10-21 03:25:35,18900.0,300.0,625700.0
306,2021-10-21 03:25:26,18900.0,29700.0,625400.0
307,2021-10-21 03:25:26,18900.0,5000.0,595700.0
308,2021-10-21 03:25:26,18900.0,5000.0,590700.0
309,2021-10-21 03:25:26,18900.0,300.0,585700.0
310,2021-10-21 03:25:26,18900.0,300.0,585400.0
311,2021-10-21 03:25:26,18900.0,200.0,585100.0
312,2021-10-21 03:25:26,18900.0,6000.0,584900.0
313,2021-10-21 03:25:26,18900.0,5000.0,578900.0
314,2021-10-21 03:25:26,18900.0,300.0,573900.0
315,2021-10-21 03:25:26,18900.0,3000.0,573600.0
316,2021-10-21 03:25:26,18900.0,500.0,570600.0
317,2021-10-21 03:25:26,18900.0,900.0,570100.0
318,2021-10-21 03:25:26,18900.0,100.0,569200.0
319,2021-10-21 03:25:26,18900.0,3000.0,569100.0
320,2021-10-21 03:25:26,18950.0,200.0,566100.0
321,2021-10-21 03:25:26,18950.0,200.0,565900.0
322,2021-10-21 03:25:26,18950.0,500.0,565700.0
323,2021-10-21 03:25:26,18950.0,200.0,565200.0
324,2021-10-21 03:25:26,18950.0,200.0,565000.0
325,2021-10-21 03:25:26,18950.0,100.0,564800.0
326,2021-10-21 03:25:26,18950.0,1000.0,564700.0
327,2021-10-21 03:25:26,18950.0,3000.0,563700.0
328,2021-10-21 03:25:26,18950.0,2700.0,560700.0
329,2021-10-21 03:25:26,18950.0,200.0,558000.0
330,2021-10-21 03:25:26,18950.0,500.0,557800.0
331,2021-10-21 03:25:26,18950.0,1000.0,557300.0
332,2021-10-21 03:25:26,18950.0,1400.0,556300.0
333,2021-10-21 03:25:26,19000.0,2000.0,554900.0
334,2021-10-21 03:25:26,19000.0,500.0,552900.0
335,2021-10-21 03:24:27,19100.0,700.0,552400.0
336,2021-10-21 03:24:27,19100.0,300.0,551700.0
337,2021-10-21 03:23:15,19000.0,500.0,551400.0
338,2021-10-21 03:23:15,19000.0,400.0,550900.0
339,2021-10-21 03:20:39,18950.0,600.0,550500.0
340,2021-10-21 03:20:39,19000.0,400.0,549900.0
341,2021-10-21 03:20:23,19000.0,1000.0,549500.0
342,2021-10-21 03:17:26,18950.0,500.0,548500.0
343,2021-10-21 03:17:10,18950.0,500.0,548000.0
344,2021-10-21 03:15:53,18900.0,10000.0,547500.0
345,2021-10-21 03:15:07,18800.0,4500.0,537500.0
346,2021-10-21 03:15:07,18800.0,200.0,533000.0
347,2021-10-21 03:15:02,18800.0,400.0,532800.0
348,2021-10-21 03:14:56,18800.0,3100.0,532400.0
349,2021-10-21 03:14:04,18800.0,16500.0,529300.0
350,2021-10-21 03:14:04,18800.0,2500.0,512800.0
351,2021-10-21 03:14:04,18800.0,20000.0,510300.0
352,2021-10-21 03:14:04,18800.0,10000.0,490300.0
353,2021-10-21 03:14:04,18800.0,1000.0,480300.0
354,2021-10-21 03:12:43,18700.0,10000.0,479300.0
355,2021-10-21 03:12:29,18700.0,14200.0,469300.0
356,2021-10-21 03:12:29,18700.0,100.0,455100.0
357,2021-10-21 03:12:29,18700.0,200.0,455000.0
358,2021-10-21 03:12:29,18700.0,11000.0,454800.0
359,2021-10-21 03:12:29,18700.0,4500.0,443800.0
360,2021-10-21 03:12:29,18800.0,10000.0,439300.0
361,2021-10-21 03:12:19,18700.0,20000.0,429300.0
362,2021-10-21 03:12:19,18800.0,10000.0,409300.0
363,2021-10-21 03:12:05,18700.0,55500.0,399300.0
364,2021-10-21 03:12:05,18700.0,100000.0,343800.0
365,2021-10-21 03:12:05,18700.0,2000.0,243800.0
366,2021-10-21 03:12:05,18700.0,200.0,241800.0
367,2021-10-21 03:12:05,18700.0,1000.0,241600.0
368,2021-10-21 03:12:05,18700.0,100.0,240600.0
369,2021-10-21 03:12:05,18750.0,10000.0,240500.0
370,2021-10-21 03:12:05,18800.0,5000.0,230500.0
371,2021-10-21 03:12:05,18800.0,3300.0,225500.0
372,2021-10-21 03:12:05,18800.0,3000.0,222200.0
373,2021-10-21 03:12:05,18800.0,200.0,219200.0
374,2021-10-21 03:12:05,18800.0,100.0,219000.0
375,2021-10-21 03:12:05,18800.0,300.0,218900.0
376,2021-10-21 03:12:05,18800.0,100.0,218600.0
377,2021-10-21 03:12:05,18800.0,1000.0,218500.0
378,2021-10-21 03:12:05,18800.0,100.0,217500.0
379,2021-10-21 03:12:05,18800.0,200.0,217400.0
380,2021-10-21 03:12:05,18800.0,200.0,217200.0
381,2021-10-21 03:12:05,18800.0,1000.0,217000.0
382,2021-10-21 03:12:05,18800.0,200.0,216000.0
383,2021-10-21 03:12:05,18800.0,2400.0,215800.0
384,2021-10-21 03:12:05,18800.0,200.0,213400.0
385,2021-10-21 03:12:05,18850.0,1000.0,213200.0
386,2021-10-21 03:12:05,18850.0,5000.0,212200.0
387,2021-10-21 03:12:05,18850.0,100.0,207200.0
388,2021-10-21 03:12:05,18850.0,3000.0,207100.0
389,2021-10-21 03:12:05,18850.0,4800.0,204100.0
390,2021-10-21 03:11:54,18850.0,200.0,199300.0
391,2021-10-21 03:11:54,18850.0,300.0,199100.0
392,2021-10-21 03:11:54,18850.0,100.0,198800.0
393,2021-10-21 03:11:53,18850.0,900.0,198700.0
394,2021-10-21 03:10:42,18850.0,1000.0,197800.0
395,2021-10-21 03:09:48,18800.0,300.0,196800.0
396,2021-10-21 03:09:48,18850.0,100.0,196500.0
397,2021-10-21 03:09:48,18900.0,100.0,196400.0
398,2021-10-21 03:09:48,18900.0,1000.0,196300.0
399,2021-10-21 03:09:48,18900.0,500.0,195300.0
400,2021-10-21 03:09:48,18900.0,500.0,194800.0
401,2021-10-21 03:09:48,18900.0,200.0,194300.0
402,2021-10-21 03:09:48,18900.0,100.0,194100.0
403,2021-10-21 03:09:48,18900.0,200.0,194000.0
404,2021-10-21 03:09:48,18900.0,100.0,193800.0
405,2021-10-21 03:09:48,18900.0,400.0,193700.0
406,2021-10-21 03:09:48,18900.0,200.0,193300.0
407,2021-10-21 03:09:48,18900.0,500.0,193100.0
408,2021-10-21 03:09:48,18900.0,800.0,192600.0
409,2021-10-21 03:09:21,18900.0,200.0,191800.0
410,2021-10-21 03:09:21,18900.0,100.0,191600.0
411,2021-10-21 03:09:21,18950.0,200.0,191500.0
412,2021-10-21 03:09:21,18950.0,400.0,191300.0
413,2021-10-21 03:09:21,18950.0,1000.0,190900.0
414,2021-10-21 03:09:21,18950.0,200.0,189900.0
415,2021-10-21 03:09:21,18950.0,1000.0,189700.0
416,2021-10-21 03:09:21,18950.0,900.0,188700.0
417,2021-10-21 03:09:10,18950.0,100.0,187800.0
418,2021-10-21 03:09:10,18950.0,100.0,187700.0
419,2021-10-21 03:09:10,18950.0,100.0,187600.0
420,2021-10-21 03:09:10,18950.0,300.0,187500.0
421,2021-10-21 03:09:10,19000.0,400.0,187200.0
422,2021-10-21 03:08:57,19000.0,100.0,186800.0
423,2021-10-21 03:08:57,19000.0,1000.0,186700.0
424,2021-10-21 03:08:57,19000.0,2000.0,185700.0
425,2021-10-21 03:08:57,19000.0,100.0,183700.0
426,2021-10-21 03:08:57,19000.0,2000.0,183600.0
427,2021-10-21 03:08:57,19000.0,300.0,181600.0
428,2021-10-21 03:08:57,19000.0,2000.0,181300.0
429,2021-10-21 03:08:57,19000.0,100.0,179300.0
430,2021-10-21 03:08:57,19000.0,500.0,179200.0
431,2021-10-21 03:08:57,19000.0,2900.0,178700.0
432,2021-10-21 03:08:28,19000.0,100.0,175800.0
433,2021-10-21 03:08:28,19000.0,300.0,175700.0
434,2021-10-21 03:08:28,19000.0,1000.0,175400.0
435,2021-10-21 03:08:28,19000.0,3100.0,174400.0
436,2021-10-21 03:08:28,19000.0,100.0,171300.0
437,2021-10-21 03:08:28,19000.0,500.0,171200.0
438,2021-10-21 03:08:28,19000.0,1000.0,170700.0
439,2021-10-21 03:08:28,19000.0,200.0,169700.0
440,2021-10-21 03:08:28,19000.0,4700.0,169500.0
441,2021-10-21 03:08:28,19050.0,2000.0,164800.0
442,2021-10-21 03:07:40,19000.0,300.0,162800.0
443,2021-10-21 03:07:40,19000.0,100.0,162500.0
444,2021-10-21 03:07:40,19000.0,200.0,162400.0
445,2021-10-21 03:05:29,19000.0,100.0,162200.0
446,2021-10-21 03:05:29,19050.0,1400.0,162100.0
447,2021-10-21 03:05:29,19050.0,7900.0,160700.0
448,2021-10-21 03:05:05,19050.0,12100.0,152800.0
449,2021-10-21 03:05:05,19050.0,3900.0,140700.0
450,2021-10-21 03:04:47,19050.0,2600.0,136800.0
451,2021-10-21 03:04:47,19050.0,6400.0,134200.0
452,2021-10-21 03:04:47,19050.0,200.0,127800.0
453,2021-10-21 03:04:47,19050.0,200.0,127600.0
454,2021-10-21 03:04:47,19050.0,200.0,127400.0
455,2021-10-21 03:04:47,19100.0,100.0,127200.0
456,2021-10-21 03:04:47,19100.0,600.0,127100.0
457,2021-10-21 03:04:47,19100.0,200.0,126500.0
458,2021-10-21 03:04:47,19100.0,3000.0,126300.0
459,2021-10-21 03:04:47,19100.0,200.0,123300.0
460,2021-10-21 03:04:47,19100.0,100.0,123100.0
461,2021-10-21 03:04:47,19100.0,300.0,123000.0
462,2021-10-21 03:04:47,19100.0,300.0,122700.0
463,2021-10-21 03:04:47,19100.0,4600.0,122400.0
464,2021-10-21 02:59:09,19100.0,400.0,117800.0
465,2021-10-21 02:59:09,19100.0,200.0,117400.0
466,2021-10-21 02:59:09,19100.0,300.0,117200.0
467,2021-10-21 02:59:09,19150.0,2000.0,116900.0
468,2021-10-21 02:59:09,19150.0,100.0,114900.0
469,2021-10-21 02:58:58,19150.0,400.0,114800.0
470,2021-10-21 02:58:58,19150.0,100.0,114400.0
471,2021-10-21 02:58:58,19200.0,400.0,114300.0
472,2021-10-21 02:58:58,19200.0,100.0,113900.0
473,2021-10-21 02:58:47,19200.0,100.0,113800.0
474,2021-10-21 02:56:29,19200.0,300.0,113700.0
475,2021-10-21 02:56:29,19300.0,1700.0,113400.0
476,2021-10-21 02:56:09,19450.0,500.0,111700.0
477,2021-10-21 02:56:09,19450.0,3000.0,111200.0
478,2021-10-21 02:56:09,19450.0,1000.0,108200.0
479,2021-10-21 02:56:09,19400.0,1000.0,107200.0
480,2021-10-21 02:56:09,19400.0,1000.0,106200.0
481,2021-10-21 02:56:09,19400.0,100.0,105200.0
482,2021-10-21 02:56:09,19400.0,3000.0,105100.0
483,2021-10-21 02:56:09,19400.0,400.0,102100.0
484,2021-10-21 02:55:21,19300.0,300.0,101700.0
485,2021-10-21 02:55:21,19300.0,100.0,101400.0
486,2021-10-21 02:55:21,19300.0,100.0,101300.0
487,2021-10-21 02:55:21,19350.0,500.0,101200.0
488,2021-10-21 02:51:22,19300.0,200.0,100700.0
489,2021-10-21 02:49:14,19400.0,300.0,100500.0
490,2021-10-21 02:47:39,19400.0,4500.0,100200.0
491,2021-10-21 02:47:39,19400.0,500.0,95700.0
492,2021-10-21 02:42:18,19400.0,100.0,95200.0
493,2021-10-21 02:40:17,19400.0,3400.0,95100.0
494,2021-10-21 02:40:17,19400.0,300.0,91700.0
495,2021-10-21 02:40:17,19400.0,1000.0,91400.0
496,2021-10-21 02:40:17,19400.0,3300.0,90400.0
497,2021-10-21 02:40:17,19350.0,1000.0,87100.0
498,2021-10-21 02:40:17,19350.0,1000.0,86100.0
499,2021-10-21 02:37:25,19350.0,200.0,85100.0
500,2021-10-21 02:35:03,19350.0,200.0,84900.0
501,2021-10-21 02:35:03,19350.0,100.0,84700.0
502,2021-10-21 02:34:56,19350.0,200.0,84600.0
503,2021-10-21 02:32:55,19350.0,1000.0,84400.0
504,2021-10-21 02:31:42,19350.0,500.0,83400.0
505,2021-10-21 02:31:35,19350.0,5000.0,82900.0
506,2021-10-21 02:30:51,19350.0,300.0,77900.0
507,2021-10-21 02:30:51,19350.0,300.0,77600.0
508,2021-10-21 02:30:51,19300.0,300.0,77300.0
509,2021-10-21 02:30:51,19200.0,1600.0,77000.0
510,2021-10-21 02:30:51,19200.0,200.0,75400.0
511,2021-10-21 02:30:51,19200.0,100.0,75200.0
512,2021-10-21 02:30:51,19200.0,700.0,75100.0
513,2021-10-21 02:29:29,19150.0,4900.0,74400.0
514,2021-10-21 02:29:29,19150.0,100.0,69500.0
515,2021-10-21 02:27:26,19200.0,300.0,69400.0
516,2021-10-21 02:27:26,19200.0,100.0,69100.0
517,2021-10-21 02:27:26,19200.0,400.0,69000.0
518,2021-10-21 02:20:48,19150.0,300.0,68600.0
519,2021-10-21 02:19:32,19150.0,100.0,68300.0
520,2021-10-21 02:19:28,19150.0,100.0,68200.0
521,2021-10-21 02:19:12,19150.0,900.0,68100.0
522,2021-10-21 02:19:00,19150.0,1900.0,67200.0
523,2021-10-21 02:18:31,19150.0,1000.0,65300.0
524,2021-10-21 02:18:22,19150.0,4000.0,64300.0
525,2021-10-21 02:18:22,19150.0,11000.0,60300.0
526,2021-10-21 02:18:16,19150.0,30000.0,49300.0
527,2021-10-21 02:17:54,19150.0,3000.0,19300.0
528,2021-10-21 02:17:49,19200.0,500.0,16300.0
529,2021-10-21 02:17:21,19200.0,3600.0,15800.0
530,2021-10-21 02:16:46,19150.0,200.0,12200.0
531,2021-10-21 02:15:00,19100.0,5000.0,12000.0
532,2021-10-21 02:15:00,19100.0,2000.0,7000.0
533,2021-10-21 02:15:00,19100.0,2700.0,5000.0
534,2021-10-21 02:15:00,19100.0,500.0,2300.0
535,2021-10-21 02:15:00,19100.0,1500.0,1800.0
536,2021-10-21 02:15:00,19100.0,100.0,300.0
537,2021-10-21 02:15:00,19100.0,100.0,200.0
538,2021-10-21 02:15:00,19100.0,100.0,100.0
