,Time,Price,Volume_per_trade,Volume
0,2021-10-12 07:45:00,23400.0,200.0,982300.0
1,2021-10-12 07:45:00,23400.0,100.0,982100.0
2,2021-10-12 07:45:00,23400.0,2000.0,982000.0
3,2021-10-12 07:45:00,23400.0,3700.0,980000.0
4,2021-10-12 07:45:00,23400.0,2800.0,976300.0
5,2021-10-12 07:45:00,23400.0,1000.0,973500.0
6,2021-10-12 07:45:00,23400.0,2000.0,972500.0
7,2021-10-12 07:45:00,23400.0,500.0,970500.0
8,2021-10-12 07:45:00,23400.0,2000.0,970000.0
9,2021-10-12 07:45:00,23400.0,1000.0,968000.0
10,2021-10-12 07:45:00,23400.0,200.0,967000.0
11,2021-10-12 07:45:00,23400.0,500.0,966800.0
12,2021-10-12 07:45:00,23400.0,100.0,966300.0
13,2021-10-12 07:45:00,23400.0,3500.0,966200.0
14,2021-10-12 07:45:00,23400.0,400.0,962700.0
15,2021-10-12 07:45:00,23400.0,300.0,962300.0
16,2021-10-12 07:45:00,23400.0,700.0,962000.0
17,2021-10-12 07:45:00,23400.0,1300.0,961300.0
18,2021-10-12 07:45:00,23400.0,3700.0,960000.0
19,2021-10-12 07:45:00,23400.0,5000.0,956300.0
20,2021-10-12 07:45:00,23400.0,1300.0,951300.0
21,2021-10-12 07:45:00,23400.0,5000.0,950000.0
22,2021-10-12 07:45:00,23400.0,3700.0,945000.0
23,2021-10-12 07:45:00,23400.0,500.0,941300.0
24,2021-10-12 07:45:00,23400.0,400.0,940800.0
25,2021-10-12 07:45:00,23400.0,400.0,940400.0
26,2021-10-12 07:29:25,23500.0,2000.0,940000.0
27,2021-10-12 07:29:25,23500.0,1000.0,938000.0
28,2021-10-12 07:29:25,23500.0,800.0,937000.0
29,2021-10-12 07:27:59,23400.0,900.0,936200.0
30,2021-10-12 07:27:59,23400.0,1000.0,935300.0
31,2021-10-12 07:27:59,23400.0,200.0,934300.0
32,2021-10-12 07:27:59,23400.0,2000.0,934100.0
33,2021-10-12 07:27:59,23400.0,900.0,932100.0
34,2021-10-12 07:27:35,23400.0,400.0,931200.0
35,2021-10-12 07:27:35,23400.0,500.0,930800.0
36,2021-10-12 07:27:35,23400.0,5900.0,930300.0
37,2021-10-12 07:27:20,23400.0,1000.0,924400.0
38,2021-10-12 07:25:41,23400.0,1900.0,923400.0
39,2021-10-12 07:24:50,23400.0,500.0,921500.0
40,2021-10-12 07:24:50,23450.0,2500.0,921000.0
41,2021-10-12 07:23:46,23400.0,700.0,918500.0
42,2021-10-12 07:23:46,23400.0,300.0,917800.0
43,2021-10-12 07:23:46,23450.0,1000.0,917500.0
44,2021-10-12 07:22:45,23400.0,200.0,916500.0
45,2021-10-12 07:22:45,23400.0,800.0,916300.0
46,2021-10-12 07:22:45,23400.0,2000.0,915500.0
47,2021-10-12 07:22:32,23400.0,400.0,913500.0
48,2021-10-12 07:22:32,23400.0,100.0,913100.0
49,2021-10-12 07:20:25,23400.0,700.0,913000.0
50,2021-10-12 07:20:25,23450.0,1000.0,912300.0
51,2021-10-12 07:20:25,23450.0,1000.0,911300.0
52,2021-10-12 07:20:25,23450.0,200.0,910300.0
53,2021-10-12 07:20:25,23450.0,2000.0,910100.0
54,2021-10-12 07:20:25,23450.0,1000.0,908100.0
55,2021-10-12 07:20:25,23450.0,1100.0,907100.0
56,2021-10-12 07:19:05,23450.0,900.0,906000.0
57,2021-10-12 07:19:05,23450.0,3700.0,905100.0
58,2021-10-12 07:18:49,23500.0,1000.0,901400.0
59,2021-10-12 07:14:46,23450.0,600.0,900400.0
60,2021-10-12 07:14:46,23550.0,1400.0,899800.0
61,2021-10-12 07:14:36,23550.0,200.0,898400.0
62,2021-10-12 07:13:59,23550.0,5000.0,898200.0
63,2021-10-12 07:13:54,23550.0,5000.0,893200.0
64,2021-10-12 07:13:54,23550.0,1000.0,888200.0
65,2021-10-12 07:13:29,23550.0,2000.0,887200.0
66,2021-10-12 07:12:44,23550.0,2000.0,885200.0
67,2021-10-12 07:12:44,23550.0,2000.0,883200.0
68,2021-10-12 07:12:44,23500.0,10000.0,881200.0
69,2021-10-12 07:12:44,23500.0,500.0,871200.0
70,2021-10-12 07:12:44,23500.0,400.0,870700.0
71,2021-10-12 07:12:44,23500.0,100.0,870300.0
72,2021-10-12 07:12:23,23500.0,200.0,870200.0
73,2021-10-12 07:12:23,23500.0,6000.0,870000.0
74,2021-10-12 07:12:23,23500.0,3800.0,864000.0
75,2021-10-12 07:09:41,23500.0,1000.0,860200.0
76,2021-10-12 07:06:59,23500.0,200.0,859200.0
77,2021-10-12 07:06:59,23500.0,700.0,859000.0
78,2021-10-12 07:05:34,23450.0,100.0,858300.0
79,2021-10-12 07:03:21,23500.0,100.0,858200.0
80,2021-10-12 07:00:38,23500.0,100.0,858100.0
81,2021-10-12 06:58:55,23450.0,600.0,858000.0
82,2021-10-12 06:58:55,23450.0,600.0,857400.0
83,2021-10-12 06:57:02,23450.0,1600.0,856800.0
84,2021-10-12 06:53:07,23500.0,100.0,855200.0
85,2021-10-12 06:52:55,23450.0,2000.0,855100.0
86,2021-10-12 06:48:47,23400.0,100.0,853100.0
87,2021-10-12 06:48:47,23550.0,400.0,853000.0
88,2021-10-12 06:48:30,23550.0,100.0,852600.0
89,2021-10-12 06:47:34,23550.0,100.0,852500.0
90,2021-10-12 06:47:22,23650.0,7000.0,852400.0
91,2021-10-12 06:46:31,23650.0,6300.0,845400.0
92,2021-10-12 06:46:31,23650.0,200.0,839100.0
93,2021-10-12 06:46:31,23650.0,200.0,838900.0
94,2021-10-12 06:46:31,23650.0,300.0,838700.0
95,2021-10-12 06:45:51,23650.0,2200.0,838400.0
96,2021-10-12 06:45:51,23650.0,500.0,836200.0
97,2021-10-12 06:45:51,23600.0,1000.0,835700.0
98,2021-10-12 06:45:51,23600.0,1000.0,834700.0
99,2021-10-12 06:45:51,23600.0,1000.0,833700.0
100,2021-10-12 06:45:51,23600.0,500.0,832700.0
101,2021-10-12 06:45:51,23600.0,2000.0,832200.0
102,2021-10-12 06:45:51,23600.0,200.0,830200.0
103,2021-10-12 06:45:51,23600.0,300.0,830000.0
104,2021-10-12 06:45:51,23600.0,100.0,829700.0
105,2021-10-12 06:45:51,23600.0,1200.0,829600.0
106,2021-10-12 06:45:36,23550.0,2000.0,828400.0
107,2021-10-12 06:43:15,23400.0,2100.0,826400.0
108,2021-10-12 06:43:15,23450.0,900.0,824300.0
109,2021-10-12 06:43:10,23450.0,100.0,823400.0
110,2021-10-12 06:43:10,23450.0,900.0,823300.0
111,2021-10-12 06:43:10,23450.0,1000.0,822400.0
112,2021-10-12 06:42:36,23450.0,1000.0,821400.0
113,2021-10-12 06:42:36,23500.0,1000.0,820400.0
114,2021-10-12 06:42:36,23500.0,200.0,819400.0
115,2021-10-12 06:42:36,23500.0,500.0,819200.0
116,2021-10-12 06:42:36,23500.0,500.0,818700.0
117,2021-10-12 06:42:36,23500.0,2000.0,818200.0
118,2021-10-12 06:42:36,23500.0,1800.0,816200.0
119,2021-10-12 06:42:22,23600.0,800.0,814400.0
120,2021-10-12 06:42:22,23600.0,4000.0,813600.0
121,2021-10-12 06:42:22,23600.0,200.0,809600.0
122,2021-10-12 06:42:22,23600.0,100.0,809400.0
123,2021-10-12 06:42:22,23600.0,1000.0,809300.0
124,2021-10-12 06:42:22,23600.0,1000.0,808300.0
125,2021-10-12 06:42:22,23600.0,1900.0,807300.0
126,2021-10-12 06:38:06,23600.0,1100.0,805400.0
127,2021-10-12 06:38:06,23600.0,300.0,804300.0
128,2021-10-12 06:38:06,23600.0,1000.0,804000.0
129,2021-10-12 06:38:06,23600.0,100.0,803000.0
130,2021-10-12 06:34:33,23500.0,2000.0,802900.0
131,2021-10-12 06:34:28,23500.0,200.0,800900.0
132,2021-10-12 06:34:28,23500.0,100.0,800700.0
133,2021-10-12 06:34:28,23500.0,200.0,800600.0
134,2021-10-12 06:32:48,23500.0,500.0,800400.0
135,2021-10-12 06:30:48,23500.0,300.0,799900.0
136,2021-10-12 06:30:48,23500.0,100.0,799600.0
137,2021-10-12 06:30:48,23500.0,1100.0,799500.0
138,2021-10-12 06:30:48,23500.0,100.0,798400.0
139,2021-10-12 06:30:00,23500.0,1000.0,798300.0
140,2021-10-12 06:29:45,23650.0,100.0,797300.0
141,2021-10-12 06:29:42,23650.0,1600.0,797200.0
142,2021-10-12 06:29:33,23500.0,900.0,795600.0
143,2021-10-12 06:29:33,23500.0,100.0,794700.0
144,2021-10-12 06:29:20,23650.0,7800.0,794600.0
145,2021-10-12 06:29:20,23650.0,300.0,786800.0
146,2021-10-12 06:29:20,23650.0,500.0,786500.0
147,2021-10-12 06:29:20,23650.0,200.0,786000.0
148,2021-10-12 06:29:20,23650.0,200.0,785800.0
149,2021-10-12 06:29:20,23600.0,2000.0,785600.0
150,2021-10-12 06:28:55,23600.0,600.0,783600.0
151,2021-10-12 06:28:55,23600.0,400.0,783000.0
152,2021-10-12 06:28:55,23600.0,7300.0,782600.0
153,2021-10-12 06:28:55,23600.0,2000.0,775300.0
154,2021-10-12 06:28:55,23600.0,1000.0,773300.0
155,2021-10-12 06:28:55,23600.0,100.0,772300.0
156,2021-10-12 06:28:55,23600.0,500.0,772200.0
157,2021-10-12 06:28:55,23600.0,2000.0,771700.0
158,2021-10-12 06:28:55,23600.0,800.0,769700.0
159,2021-10-12 06:28:55,23600.0,300.0,768900.0
160,2021-10-12 06:27:25,23500.0,500.0,768600.0
161,2021-10-12 06:27:00,23500.0,500.0,768100.0
162,2021-10-12 06:26:45,23500.0,500.0,767600.0
163,2021-10-12 06:25:33,23500.0,300.0,767100.0
164,2021-10-12 06:25:26,23500.0,300.0,766800.0
165,2021-10-12 06:25:17,23500.0,300.0,766500.0
166,2021-10-12 06:25:16,23600.0,100.0,766200.0
167,2021-10-12 06:25:16,23600.0,200.0,766100.0
168,2021-10-12 06:25:16,23600.0,1900.0,765900.0
169,2021-10-12 06:24:58,23500.0,300.0,764000.0
170,2021-10-12 06:22:57,23600.0,300.0,763700.0
171,2021-10-12 06:22:20,23500.0,500.0,763400.0
172,2021-10-12 06:21:56,23500.0,1000.0,762900.0
173,2021-10-12 06:20:11,23500.0,100.0,761900.0
174,2021-10-12 06:19:33,23500.0,1000.0,761800.0
175,2021-10-12 06:19:27,23600.0,2800.0,760800.0
176,2021-10-12 06:19:27,23600.0,4200.0,758000.0
177,2021-10-12 06:19:21,23600.0,800.0,753800.0
178,2021-10-12 06:19:21,23600.0,2000.0,753000.0
179,2021-10-12 06:19:21,23600.0,2000.0,751000.0
180,2021-10-12 06:19:21,23600.0,500.0,749000.0
181,2021-10-12 06:19:21,23600.0,500.0,748500.0
182,2021-10-12 06:19:21,23600.0,1500.0,748000.0
183,2021-10-12 06:19:21,23600.0,1100.0,746500.0
184,2021-10-12 06:19:21,23600.0,200.0,745400.0
185,2021-10-12 06:19:21,23600.0,100.0,745200.0
186,2021-10-12 06:19:21,23600.0,300.0,745100.0
187,2021-10-12 06:16:38,23500.0,100.0,744800.0
188,2021-10-12 06:15:43,23600.0,3100.0,744700.0
189,2021-10-12 06:15:43,23600.0,1100.0,741600.0
190,2021-10-12 06:15:43,23600.0,500.0,740500.0
191,2021-10-12 06:15:43,23600.0,500.0,740000.0
192,2021-10-12 06:15:43,23600.0,2000.0,739500.0
193,2021-10-12 06:15:43,23600.0,1000.0,737500.0
194,2021-10-12 06:15:43,23600.0,1800.0,736500.0
195,2021-10-12 06:15:38,23500.0,500.0,734700.0
196,2021-10-12 06:15:38,23500.0,300.0,734200.0
197,2021-10-12 06:15:16,23500.0,900.0,733900.0
198,2021-10-12 06:14:00,23500.0,4000.0,733000.0
199,2021-10-12 06:14:00,23500.0,100.0,729000.0
200,2021-10-12 06:14:00,23500.0,600.0,728900.0
201,2021-10-12 06:14:00,23500.0,100.0,728300.0
202,2021-10-12 06:11:44,23500.0,2800.0,728200.0
203,2021-10-12 06:11:41,23500.0,1000.0,725400.0
204,2021-10-12 06:11:41,23500.0,500.0,724400.0
205,2021-10-12 06:11:41,23500.0,1700.0,723900.0
206,2021-10-12 06:09:19,23500.0,1300.0,722200.0
207,2021-10-12 06:09:19,23500.0,200.0,720900.0
208,2021-10-12 06:09:00,23500.0,300.0,720700.0
209,2021-10-12 06:09:00,23500.0,300.0,720400.0
210,2021-10-12 06:09:00,23500.0,4700.0,720100.0
211,2021-10-12 06:05:20,23600.0,200.0,715400.0
212,2021-10-12 06:03:54,23500.0,500.0,715200.0
213,2021-10-12 06:03:54,23500.0,100.0,714700.0
214,2021-10-12 06:03:54,23600.0,400.0,714600.0
215,2021-10-12 06:03:07,23650.0,1500.0,714200.0
216,2021-10-12 06:03:07,23650.0,500.0,712700.0
217,2021-10-12 06:03:07,23650.0,200.0,712200.0
218,2021-10-12 06:03:07,23650.0,200.0,712000.0
219,2021-10-12 06:03:07,23650.0,100.0,711800.0
220,2021-10-12 06:03:07,23650.0,10000.0,711700.0
221,2021-10-12 06:03:07,23650.0,4700.0,701700.0
222,2021-10-12 06:03:07,23600.0,1800.0,697000.0
223,2021-10-12 06:01:24,23600.0,900.0,695200.0
224,2021-10-12 06:01:24,23600.0,200.0,694300.0
225,2021-10-12 06:01:24,23600.0,100.0,694100.0
226,2021-10-12 06:01:24,23600.0,200.0,694000.0
227,2021-10-12 06:01:24,23600.0,200.0,693800.0
228,2021-10-12 06:01:24,23600.0,1000.0,693600.0
229,2021-10-12 06:01:24,23600.0,100.0,692600.0
230,2021-10-12 06:01:24,23600.0,500.0,692500.0
231,2021-10-12 06:01:24,23600.0,300.0,692000.0
232,2021-10-12 06:01:24,23600.0,5000.0,691700.0
233,2021-10-12 06:01:24,23600.0,200.0,686700.0
234,2021-10-12 06:01:24,23600.0,200.0,686500.0
235,2021-10-12 06:01:24,23600.0,10000.0,686300.0
236,2021-10-12 06:01:24,23600.0,1100.0,676300.0
237,2021-10-12 06:00:25,23600.0,1900.0,675200.0
238,2021-10-12 06:00:25,23600.0,500.0,673300.0
239,2021-10-12 06:00:25,23600.0,100.0,672800.0
240,2021-10-12 04:28:43,23600.0,900.0,672700.0
241,2021-10-12 04:28:43,23600.0,100.0,671800.0
242,2021-10-12 04:28:30,23500.0,100.0,671700.0
243,2021-10-12 04:28:30,23500.0,100.0,671600.0
244,2021-10-12 04:28:30,23550.0,2300.0,671500.0
245,2021-10-12 04:28:30,23550.0,500.0,669200.0
246,2021-10-12 04:27:57,23550.0,200.0,668700.0
247,2021-10-12 04:27:23,23550.0,1300.0,668500.0
248,2021-10-12 04:27:20,23550.0,500.0,667200.0
249,2021-10-12 04:26:29,23500.0,300.0,666700.0
250,2021-10-12 04:24:55,23500.0,100.0,666400.0
251,2021-10-12 04:22:01,23500.0,1000.0,666300.0
252,2021-10-12 04:21:38,23500.0,300.0,665300.0
253,2021-10-12 04:19:49,23500.0,200.0,665000.0
254,2021-10-12 04:19:49,23500.0,3300.0,664800.0
255,2021-10-12 04:18:50,23500.0,200.0,661500.0
256,2021-10-12 04:18:37,23500.0,1200.0,661300.0
257,2021-10-12 04:17:19,23500.0,2000.0,660100.0
258,2021-10-12 04:15:22,23500.0,3300.0,658100.0
259,2021-10-12 04:14:42,23500.0,100.0,654800.0
260,2021-10-12 04:14:42,23500.0,900.0,654700.0
261,2021-10-12 04:12:42,23500.0,500.0,653800.0
262,2021-10-12 04:11:25,23500.0,2600.0,653300.0
263,2021-10-12 04:11:10,23500.0,2000.0,650700.0
264,2021-10-12 04:08:57,23450.0,5000.0,648700.0
265,2021-10-12 04:08:35,23450.0,100.0,643700.0
266,2021-10-12 04:07:56,23500.0,1000.0,643600.0
267,2021-10-12 04:07:44,23500.0,1000.0,642600.0
268,2021-10-12 04:07:18,23500.0,800.0,641600.0
269,2021-10-12 04:07:11,23650.0,5300.0,640800.0
270,2021-10-12 04:07:11,23650.0,200.0,635500.0
271,2021-10-12 04:07:11,23650.0,2500.0,635300.0
272,2021-10-12 04:07:11,23650.0,100.0,632800.0
273,2021-10-12 04:07:11,23650.0,900.0,632700.0
274,2021-10-12 04:07:11,23600.0,1000.0,631800.0
275,2021-10-12 04:05:32,23500.0,700.0,630800.0
276,2021-10-12 04:04:55,23600.0,1100.0,630100.0
277,2021-10-12 04:04:55,23600.0,1600.0,629000.0
278,2021-10-12 04:04:55,23600.0,300.0,627400.0
279,2021-10-12 04:04:55,23600.0,100.0,627100.0
280,2021-10-12 04:04:55,23600.0,900.0,627000.0
281,2021-10-12 04:04:55,23600.0,5000.0,626100.0
282,2021-10-12 04:04:55,23600.0,4600.0,621100.0
283,2021-10-12 04:04:55,23600.0,200.0,616500.0
284,2021-10-12 04:04:55,23600.0,100.0,616300.0
285,2021-10-12 04:04:55,23600.0,500.0,616200.0
286,2021-10-12 04:04:55,23600.0,600.0,615700.0
287,2021-10-12 04:04:38,23600.0,4400.0,615100.0
288,2021-10-12 04:04:38,23600.0,500.0,610700.0
289,2021-10-12 04:04:38,23600.0,100.0,610200.0
290,2021-10-12 04:03:16,23500.0,1000.0,610100.0
291,2021-10-12 04:03:04,23500.0,500.0,609100.0
292,2021-10-12 04:03:04,23550.0,500.0,608600.0
293,2021-10-12 04:02:13,23600.0,200.0,608100.0
294,2021-10-12 04:01:31,23550.0,5000.0,607900.0
295,2021-10-12 03:57:57,23550.0,500.0,602900.0
296,2021-10-12 03:54:12,23400.0,200.0,602400.0
297,2021-10-12 03:54:12,23450.0,100.0,602200.0
298,2021-10-12 03:54:12,23450.0,600.0,602100.0
299,2021-10-12 03:54:12,23500.0,1100.0,601500.0
300,2021-10-12 03:50:58,23500.0,100.0,600400.0
301,2021-10-12 03:50:12,23500.0,600.0,600300.0
302,2021-10-12 03:50:12,23500.0,100.0,599700.0
303,2021-10-12 03:50:12,23500.0,700.0,599600.0
304,2021-10-12 03:50:12,23500.0,1200.0,598900.0
305,2021-10-12 03:49:41,23550.0,100.0,597700.0
306,2021-10-12 03:49:04,23500.0,1000.0,597600.0
307,2021-10-12 03:48:18,23500.0,1800.0,596600.0
308,2021-10-12 03:48:18,23500.0,200.0,594800.0
309,2021-10-12 03:48:04,23600.0,200.0,594600.0
310,2021-10-12 03:48:04,23600.0,100.0,594400.0
311,2021-10-12 03:48:04,23600.0,200.0,594300.0
312,2021-10-12 03:47:53,23600.0,500.0,594100.0
313,2021-10-12 03:47:10,23600.0,1300.0,593600.0
314,2021-10-12 03:47:10,23600.0,500.0,592300.0
315,2021-10-12 03:47:10,23600.0,3200.0,591800.0
316,2021-10-12 03:46:57,23600.0,1500.0,588600.0
317,2021-10-12 03:46:49,23600.0,300.0,587100.0
318,2021-10-12 03:46:49,23600.0,500.0,586800.0
319,2021-10-12 03:46:49,23600.0,1000.0,586300.0
320,2021-10-12 03:46:49,23600.0,4200.0,585300.0
321,2021-10-12 03:46:36,23600.0,500.0,581100.0
322,2021-10-12 03:46:29,23600.0,9000.0,580600.0
323,2021-10-12 03:46:27,23550.0,800.0,571600.0
324,2021-10-12 03:44:24,23600.0,6300.0,570800.0
325,2021-10-12 03:44:24,23600.0,3800.0,564500.0
326,2021-10-12 03:44:24,23600.0,100.0,560700.0
327,2021-10-12 03:44:24,23600.0,1000.0,560600.0
328,2021-10-12 03:44:24,23600.0,2000.0,559600.0
329,2021-10-12 03:44:24,23550.0,1000.0,557600.0
330,2021-10-12 03:44:24,23550.0,800.0,556600.0
331,2021-10-12 03:43:24,23550.0,200.0,555800.0
332,2021-10-12 03:43:24,23550.0,2000.0,555600.0
333,2021-10-12 03:43:24,23550.0,1000.0,553600.0
334,2021-10-12 03:43:24,23550.0,2000.0,552600.0
335,2021-10-12 03:43:24,23550.0,500.0,550600.0
336,2021-10-12 03:43:24,23550.0,1000.0,550100.0
337,2021-10-12 03:43:24,23550.0,300.0,549100.0
338,2021-10-12 03:43:20,23500.0,1000.0,548800.0
339,2021-10-12 03:42:31,23500.0,3800.0,547800.0
340,2021-10-12 03:42:22,23500.0,300.0,544000.0
341,2021-10-12 03:42:07,23500.0,200.0,543700.0
342,2021-10-12 03:42:07,23500.0,200.0,543500.0
343,2021-10-12 03:42:07,23500.0,500.0,543300.0
344,2021-10-12 03:41:41,23500.0,400.0,542800.0
345,2021-10-12 03:40:51,23500.0,200.0,542400.0
346,2021-10-12 03:40:21,23500.0,2500.0,542200.0
347,2021-10-12 03:40:21,23500.0,2000.0,539700.0
348,2021-10-12 03:40:21,23500.0,1300.0,537700.0
349,2021-10-12 03:40:21,23500.0,1000.0,536400.0
350,2021-10-12 03:40:21,23500.0,1000.0,535400.0
351,2021-10-12 03:40:21,23500.0,200.0,534400.0
352,2021-10-12 03:40:21,23500.0,300.0,534200.0
353,2021-10-12 03:40:21,23500.0,600.0,533900.0
354,2021-10-12 03:40:11,23450.0,400.0,533300.0
355,2021-10-12 03:40:01,23500.0,9400.0,532900.0
356,2021-10-12 03:40:01,23500.0,500.0,523500.0
357,2021-10-12 03:40:01,23500.0,300.0,523000.0
358,2021-10-12 03:40:01,23500.0,100.0,522700.0
359,2021-10-12 03:40:01,23500.0,1000.0,522600.0
360,2021-10-12 03:40:01,23500.0,5000.0,521600.0
361,2021-10-12 03:40:01,23500.0,1100.0,516600.0
362,2021-10-12 03:40:01,23450.0,600.0,515500.0
363,2021-10-12 03:39:55,23450.0,400.0,514900.0
364,2021-10-12 03:39:49,23500.0,1900.0,514500.0
365,2021-10-12 03:39:49,23500.0,2000.0,512600.0
366,2021-10-12 03:39:49,23500.0,3000.0,510600.0
367,2021-10-12 03:39:49,23500.0,100.0,507600.0
368,2021-10-12 03:39:49,23500.0,1000.0,507500.0
369,2021-10-12 03:39:49,23500.0,800.0,506500.0
370,2021-10-12 03:39:49,23500.0,1000.0,505700.0
371,2021-10-12 03:39:49,23500.0,200.0,504700.0
372,2021-10-12 03:39:29,23450.0,600.0,504500.0
373,2021-10-12 03:38:15,23450.0,900.0,503900.0
374,2021-10-12 03:38:15,23450.0,200.0,503000.0
375,2021-10-12 03:37:13,23400.0,1800.0,502800.0
376,2021-10-12 03:34:45,23400.0,3000.0,501000.0
377,2021-10-12 03:33:19,23450.0,2000.0,498000.0
378,2021-10-12 03:33:16,23450.0,500.0,496000.0
379,2021-10-12 03:33:06,23450.0,3000.0,495500.0
380,2021-10-12 03:32:43,23450.0,500.0,492500.0
381,2021-10-12 03:32:43,23450.0,3500.0,492000.0
382,2021-10-12 03:32:43,23450.0,2000.0,488500.0
383,2021-10-12 03:32:43,23450.0,1000.0,486500.0
384,2021-10-12 03:32:43,23450.0,500.0,485500.0
385,2021-10-12 03:32:43,23450.0,2000.0,485000.0
386,2021-10-12 03:32:04,23400.0,800.0,483000.0
387,2021-10-12 03:31:56,23400.0,2700.0,482200.0
388,2021-10-12 03:31:42,23400.0,100.0,479500.0
389,2021-10-12 03:31:38,23350.0,600.0,479400.0
390,2021-10-12 03:31:17,23300.0,1500.0,478800.0
391,2021-10-12 03:31:17,23300.0,400.0,477300.0
392,2021-10-12 03:31:17,23300.0,100.0,476900.0
393,2021-10-12 03:31:17,23300.0,100.0,476800.0
394,2021-10-12 03:30:23,23350.0,100.0,476700.0
395,2021-10-12 03:30:13,23400.0,800.0,476600.0
396,2021-10-12 03:27:44,23400.0,5500.0,475800.0
397,2021-10-12 03:27:36,23400.0,1000.0,470300.0
398,2021-10-12 03:27:34,23400.0,1000.0,469300.0
399,2021-10-12 03:26:19,23400.0,1000.0,468300.0
400,2021-10-12 03:26:19,23400.0,200.0,467300.0
401,2021-10-12 03:26:19,23400.0,500.0,467100.0
402,2021-10-12 03:26:07,23300.0,500.0,466600.0
403,2021-10-12 03:25:36,23300.0,700.0,466100.0
404,2021-10-12 03:24:55,23300.0,4000.0,465400.0
405,2021-10-12 03:24:55,23350.0,1000.0,461400.0
406,2021-10-12 03:24:03,23350.0,100.0,460400.0
407,2021-10-12 03:24:03,23350.0,2000.0,460300.0
408,2021-10-12 03:24:03,23350.0,100.0,458300.0
409,2021-10-12 03:24:03,23350.0,500.0,458200.0
410,2021-10-12 03:22:59,23300.0,5300.0,457700.0
411,2021-10-12 03:22:59,23300.0,1700.0,452400.0
412,2021-10-12 03:22:52,23300.0,2300.0,450700.0
413,2021-10-12 03:22:52,23300.0,500.0,448400.0
414,2021-10-12 03:22:52,23300.0,100.0,447900.0
415,2021-10-12 03:22:52,23300.0,6100.0,447800.0
416,2021-10-12 03:22:08,23300.0,200.0,441700.0
417,2021-10-12 03:21:54,23350.0,100.0,441500.0
418,2021-10-12 03:21:48,23300.0,2800.0,441400.0
419,2021-10-12 03:21:48,23300.0,2200.0,438600.0
420,2021-10-12 03:21:48,23300.0,5000.0,436400.0
421,2021-10-12 03:21:24,23300.0,1000.0,431400.0
422,2021-10-12 03:20:55,23250.0,1000.0,430400.0
423,2021-10-12 03:19:20,23250.0,400.0,429400.0
424,2021-10-12 03:19:20,23300.0,14600.0,429000.0
425,2021-10-12 03:19:16,23300.0,5400.0,414400.0
426,2021-10-12 03:19:16,23300.0,100.0,409000.0
427,2021-10-12 03:19:16,23300.0,1000.0,408900.0
428,2021-10-12 03:19:16,23300.0,200.0,407900.0
429,2021-10-12 03:19:16,23300.0,300.0,407700.0
430,2021-10-12 03:19:16,23300.0,600.0,407400.0
431,2021-10-12 03:19:14,23300.0,400.0,406800.0
432,2021-10-12 03:19:14,23300.0,100.0,406400.0
433,2021-10-12 03:19:09,23300.0,2600.0,406300.0
434,2021-10-12 03:19:09,23300.0,200.0,403700.0
435,2021-10-12 03:19:09,23300.0,500.0,403500.0
436,2021-10-12 03:19:09,23300.0,100.0,403000.0
437,2021-10-12 03:19:09,23300.0,100.0,402900.0
438,2021-10-12 03:19:09,23300.0,500.0,402800.0
439,2021-10-12 03:19:09,23300.0,1000.0,402300.0
440,2021-10-12 03:19:09,23300.0,600.0,401300.0
441,2021-10-12 03:19:09,23300.0,200.0,400700.0
442,2021-10-12 03:19:09,23300.0,500.0,400500.0
443,2021-10-12 03:19:09,23300.0,200.0,400000.0
444,2021-10-12 03:19:09,23300.0,500.0,399800.0
445,2021-10-12 03:19:09,23300.0,3000.0,399300.0
446,2021-10-12 03:18:29,23300.0,2000.0,396300.0
447,2021-10-12 03:18:29,23300.0,13000.0,394300.0
448,2021-10-12 03:18:08,23350.0,700.0,381300.0
449,2021-10-12 03:18:02,23300.0,100.0,380600.0
450,2021-10-12 03:17:16,23300.0,100.0,380500.0
451,2021-10-12 03:16:54,23300.0,2000.0,380400.0
452,2021-10-12 03:16:44,23300.0,1000.0,378400.0
453,2021-10-12 03:16:09,23300.0,500.0,377400.0
454,2021-10-12 03:15:58,23300.0,1000.0,376900.0
455,2021-10-12 03:15:47,23300.0,1000.0,375900.0
456,2021-10-12 03:14:43,23300.0,1000.0,374900.0
457,2021-10-12 03:14:33,23300.0,300.0,373900.0
458,2021-10-12 03:14:33,23350.0,200.0,373600.0
459,2021-10-12 03:14:33,23350.0,100.0,373400.0
460,2021-10-12 03:14:33,23350.0,200.0,373300.0
461,2021-10-12 03:14:33,23350.0,200.0,373100.0
462,2021-10-12 03:13:57,23350.0,100.0,372900.0
463,2021-10-12 03:13:05,23400.0,100.0,372800.0
464,2021-10-12 03:13:05,23400.0,10000.0,372700.0
465,2021-10-12 03:13:05,23400.0,2300.0,362700.0
466,2021-10-12 03:13:05,23450.0,2500.0,360400.0
467,2021-10-12 03:12:53,23450.0,1000.0,357900.0
468,2021-10-12 03:12:53,23450.0,1000.0,356900.0
469,2021-10-12 03:12:53,23450.0,500.0,355900.0
470,2021-10-12 03:12:53,23450.0,2900.0,355400.0
471,2021-10-12 03:12:53,23450.0,2100.0,352500.0
472,2021-10-12 03:11:21,23450.0,500.0,350400.0
473,2021-10-12 03:11:21,23450.0,400.0,349900.0
474,2021-10-12 03:11:02,23450.0,300.0,349500.0
475,2021-10-12 03:10:43,23450.0,2000.0,349200.0
476,2021-10-12 03:08:55,23450.0,1400.0,347200.0
477,2021-10-12 03:08:41,23450.0,200.0,345800.0
478,2021-10-12 03:08:41,23450.0,1700.0,345600.0
479,2021-10-12 03:08:29,23450.0,500.0,343900.0
480,2021-10-12 03:07:04,23450.0,800.0,343400.0
481,2021-10-12 03:05:54,23450.0,1000.0,342600.0
482,2021-10-12 03:03:01,23450.0,200.0,341600.0
483,2021-10-12 03:03:01,23450.0,1000.0,341400.0
484,2021-10-12 03:03:01,23450.0,6000.0,340400.0
485,2021-10-12 03:03:01,23450.0,6000.0,334400.0
486,2021-10-12 03:03:01,23450.0,200.0,328400.0
487,2021-10-12 03:03:01,23450.0,500.0,328200.0
488,2021-10-12 03:03:01,23450.0,300.0,327700.0
489,2021-10-12 03:02:33,23400.0,200.0,327400.0
490,2021-10-12 03:02:29,23400.0,2000.0,327200.0
491,2021-10-12 03:02:17,23400.0,500.0,325200.0
492,2021-10-12 03:02:16,23400.0,1000.0,324700.0
493,2021-10-12 03:00:56,23400.0,500.0,323700.0
494,2021-10-12 03:00:55,23400.0,800.0,323200.0
495,2021-10-12 03:00:55,23400.0,500.0,322400.0
496,2021-10-12 03:00:55,23400.0,3200.0,321900.0
497,2021-10-12 03:00:29,23400.0,600.0,318700.0
498,2021-10-12 03:00:20,23400.0,200.0,318100.0
499,2021-10-12 02:59:21,23400.0,200.0,317900.0
500,2021-10-12 02:58:55,23400.0,100.0,317700.0
501,2021-10-12 02:57:55,23400.0,100.0,317600.0
502,2021-10-12 02:57:38,23400.0,1300.0,317500.0
503,2021-10-12 02:56:57,23400.0,1100.0,316200.0
504,2021-10-12 02:55:33,23400.0,2600.0,315100.0
505,2021-10-12 02:55:33,23400.0,100.0,312500.0
506,2021-10-12 02:55:27,23350.0,2300.0,312400.0
507,2021-10-12 02:55:20,23400.0,100.0,310100.0
508,2021-10-12 02:55:00,23400.0,600.0,310000.0
509,2021-10-12 02:53:43,23400.0,300.0,309400.0
510,2021-10-12 02:53:43,23400.0,100.0,309100.0
511,2021-10-12 02:53:43,23400.0,700.0,309000.0
512,2021-10-12 02:52:46,23400.0,100.0,308300.0
513,2021-10-12 02:51:38,23400.0,100.0,308200.0
514,2021-10-12 02:50:51,23450.0,300.0,308100.0
515,2021-10-12 02:50:51,23450.0,700.0,307800.0
516,2021-10-12 02:48:40,23450.0,300.0,307100.0
517,2021-10-12 02:47:11,23400.0,1700.0,306800.0
518,2021-10-12 02:47:11,23400.0,1000.0,305100.0
519,2021-10-12 02:47:11,23400.0,100.0,304100.0
520,2021-10-12 02:47:11,23400.0,1300.0,304000.0
521,2021-10-12 02:46:06,23400.0,100.0,302700.0
522,2021-10-12 02:45:59,23400.0,100.0,302600.0
523,2021-10-12 02:44:38,23400.0,500.0,302500.0
524,2021-10-12 02:42:37,23350.0,100.0,302000.0
525,2021-10-12 02:42:01,23350.0,1100.0,301900.0
526,2021-10-12 02:42:01,23350.0,1000.0,300800.0
527,2021-10-12 02:42:01,23350.0,200.0,299800.0
528,2021-10-12 02:41:51,23300.0,100.0,299600.0
529,2021-10-12 02:41:24,23300.0,8000.0,299500.0
530,2021-10-12 02:40:53,23300.0,1900.0,291500.0
531,2021-10-12 02:40:53,23300.0,1000.0,289600.0
532,2021-10-12 02:40:53,23300.0,400.0,288600.0
533,2021-10-12 02:40:53,23300.0,3700.0,288200.0
534,2021-10-12 02:39:58,23300.0,1300.0,284500.0
535,2021-10-12 02:39:58,23300.0,700.0,283200.0
536,2021-10-12 02:39:24,23300.0,200.0,282500.0
537,2021-10-12 02:39:23,23300.0,9100.0,282300.0
538,2021-10-12 02:39:23,23300.0,1900.0,273200.0
539,2021-10-12 02:38:57,23300.0,200.0,271300.0
540,2021-10-12 02:38:53,23300.0,10000.0,271100.0
541,2021-10-12 02:38:34,23300.0,2900.0,261100.0
542,2021-10-12 02:38:30,23300.0,10000.0,258200.0
543,2021-10-12 02:38:25,23300.0,10000.0,248200.0
544,2021-10-12 02:38:23,23300.0,5100.0,238200.0
545,2021-10-12 02:38:23,23300.0,4900.0,233100.0
546,2021-10-12 02:37:55,23300.0,2000.0,228200.0
547,2021-10-12 02:37:43,23300.0,400.0,226200.0
548,2021-10-12 02:37:03,23300.0,500.0,225800.0
549,2021-10-12 02:37:03,23300.0,12200.0,225300.0
550,2021-10-12 02:36:44,23300.0,7800.0,213100.0
551,2021-10-12 02:36:44,23300.0,3200.0,205300.0
552,2021-10-12 02:36:06,23300.0,5000.0,202100.0
553,2021-10-12 02:36:00,23300.0,6800.0,197100.0
554,2021-10-12 02:36:00,23300.0,1200.0,190300.0
555,2021-10-12 02:35:29,23300.0,10000.0,189100.0
556,2021-10-12 02:35:12,23300.0,300.0,179100.0
557,2021-10-12 02:35:12,23300.0,500.0,178800.0
558,2021-10-12 02:35:12,23300.0,500.0,178300.0
559,2021-10-12 02:35:12,23300.0,500.0,177800.0
560,2021-10-12 02:35:12,23300.0,1000.0,177300.0
561,2021-10-12 02:35:12,23300.0,200.0,176300.0
562,2021-10-12 02:35:12,23300.0,800.0,176100.0
563,2021-10-12 02:34:55,23300.0,200.0,175300.0
564,2021-10-12 02:34:37,23250.0,1000.0,175100.0
565,2021-10-12 02:34:33,23250.0,3200.0,174100.0
566,2021-10-12 02:34:33,23250.0,3800.0,170900.0
567,2021-10-12 02:34:32,23250.0,200.0,167100.0
568,2021-10-12 02:33:09,23250.0,6000.0,166900.0
569,2021-10-12 02:32:34,23250.0,10000.0,160900.0
570,2021-10-12 02:32:29,23300.0,100.0,150900.0
571,2021-10-12 02:32:14,23300.0,200.0,150800.0
572,2021-10-12 02:31:36,23250.0,100.0,150600.0
573,2021-10-12 02:31:31,23250.0,100.0,150500.0
574,2021-10-12 02:31:15,23250.0,16800.0,150400.0
575,2021-10-12 02:31:15,23300.0,3200.0,133600.0
576,2021-10-12 02:31:04,23300.0,800.0,130400.0
577,2021-10-12 02:31:04,23300.0,500.0,129600.0
578,2021-10-12 02:30:49,23300.0,2300.0,129100.0
579,2021-10-12 02:30:44,23250.0,3000.0,126800.0
580,2021-10-12 02:30:44,23250.0,7000.0,123800.0
581,2021-10-12 02:29:58,23300.0,100.0,116800.0
582,2021-10-12 02:29:58,23250.0,13000.0,116700.0
583,2021-10-12 02:29:58,23250.0,2000.0,103700.0
584,2021-10-12 02:29:52,23300.0,100.0,101700.0
585,2021-10-12 02:29:52,23300.0,100.0,101600.0
586,2021-10-12 02:29:52,23300.0,500.0,101500.0
587,2021-10-12 02:29:52,23300.0,500.0,101000.0
588,2021-10-12 02:29:52,23300.0,500.0,100500.0
589,2021-10-12 02:29:52,23300.0,500.0,100000.0
590,2021-10-12 02:29:52,23300.0,1000.0,99500.0
591,2021-10-12 02:29:52,23300.0,700.0,98500.0
592,2021-10-12 02:29:52,23300.0,5300.0,97800.0
593,2021-10-12 02:29:52,23350.0,3400.0,92500.0
594,2021-10-12 02:29:44,23350.0,100.0,89100.0
595,2021-10-12 02:29:42,23350.0,500.0,89000.0
596,2021-10-12 02:29:07,23350.0,1000.0,88500.0
597,2021-10-12 02:28:21,23350.0,500.0,87500.0
598,2021-10-12 02:27:53,23350.0,200.0,87000.0
599,2021-10-12 02:27:53,23350.0,300.0,86800.0
600,2021-10-12 02:27:45,23350.0,5200.0,86500.0
601,2021-10-12 02:27:35,23300.0,500.0,81300.0
602,2021-10-12 02:27:17,23300.0,4200.0,80800.0
603,2021-10-12 02:27:17,23300.0,5800.0,76600.0
604,2021-10-12 02:27:13,23300.0,2200.0,70800.0
605,2021-10-12 02:27:13,23350.0,400.0,68600.0
606,2021-10-12 02:27:13,23350.0,7400.0,68200.0
607,2021-10-12 02:27:12,23350.0,2000.0,60800.0
608,2021-10-12 02:26:01,23350.0,200.0,58800.0
609,2021-10-12 02:25:53,23350.0,400.0,58600.0
610,2021-10-12 02:25:53,23350.0,500.0,58200.0
611,2021-10-12 02:23:22,23300.0,2000.0,57700.0
612,2021-10-12 02:23:09,23500.0,2000.0,55700.0
613,2021-10-12 02:23:06,23400.0,200.0,53700.0
614,2021-10-12 02:22:45,23400.0,100.0,53500.0
615,2021-10-12 02:22:39,23400.0,1300.0,53400.0
616,2021-10-12 02:22:25,23400.0,5000.0,52100.0
617,2021-10-12 02:22:12,23400.0,5000.0,47100.0
618,2021-10-12 02:22:09,23400.0,300.0,42100.0
619,2021-10-12 02:21:55,23400.0,4300.0,41800.0
620,2021-10-12 02:19:03,23200.0,1300.0,37500.0
621,2021-10-12 02:19:03,23200.0,700.0,36200.0
622,2021-10-12 02:18:57,23300.0,100.0,35500.0
623,2021-10-12 02:18:31,23300.0,2000.0,35400.0
624,2021-10-12 02:18:08,23200.0,300.0,33400.0
625,2021-10-12 02:17:50,23300.0,700.0,33100.0
626,2021-10-12 02:17:39,23300.0,5800.0,32400.0
627,2021-10-12 02:17:10,23300.0,500.0,26600.0
628,2021-10-12 02:17:10,23300.0,100.0,26100.0
629,2021-10-12 02:17:10,23300.0,100.0,26000.0
630,2021-10-12 02:17:10,23300.0,700.0,25900.0
631,2021-10-12 02:17:08,23300.0,100.0,25200.0
632,2021-10-12 02:17:02,23300.0,1000.0,25100.0
633,2021-10-12 02:16:44,23300.0,2000.0,24100.0
634,2021-10-12 02:16:25,23300.0,5000.0,22100.0
635,2021-10-12 02:15:26,23300.0,1200.0,17100.0
636,2021-10-12 02:15:26,23300.0,500.0,15900.0
637,2021-10-12 02:15:26,23300.0,600.0,15400.0
638,2021-10-12 02:15:26,23300.0,2400.0,14800.0
639,2021-10-12 02:15:26,23300.0,1300.0,12400.0
640,2021-10-12 02:15:00,23300.0,700.0,11100.0
641,2021-10-12 02:15:00,23300.0,100.0,10400.0
642,2021-10-12 02:15:00,23300.0,4300.0,10300.0
643,2021-10-12 02:15:00,23300.0,200.0,6000.0
644,2021-10-12 02:15:00,23300.0,200.0,5800.0
645,2021-10-12 02:15:00,23300.0,100.0,5600.0
646,2021-10-12 02:15:00,23300.0,100.0,5500.0
647,2021-10-12 02:15:00,23300.0,100.0,5400.0
648,2021-10-12 02:15:00,23300.0,200.0,5300.0
649,2021-10-12 02:15:00,23300.0,3300.0,5100.0
650,2021-10-12 02:15:00,23300.0,300.0,1800.0
651,2021-10-12 02:15:00,23300.0,300.0,1500.0
652,2021-10-12 02:15:00,23300.0,200.0,1200.0
653,2021-10-12 02:15:00,23300.0,400.0,1000.0
654,2021-10-12 02:15:00,23300.0,100.0,600.0
655,2021-10-12 02:15:00,23300.0,300.0,500.0
656,2021-10-12 02:15:00,23300.0,100.0,200.0
657,2021-10-12 02:15:00,23300.0,100.0,100.0
