,Time,Price,Volume_per_trade,Volume
0,2021-10-14 14:45:02,16200.0,12200.0,2489019.0
1,2021-10-14 14:28:15,16200.0,200.0,2476819.0
2,2021-10-14 14:28:11,16200.0,500.0,2476619.0
3,2021-10-14 14:27:55,16200.0,800.0,2476119.0
4,2021-10-14 14:26:53,16200.0,2000.0,2475319.0
5,2021-10-14 14:26:15,16200.0,100.0,2473319.0
6,2021-10-14 14:13:52,16200.0,1000.0,2473219.0
7,2021-10-14 14:09:09,16200.0,500.0,2472219.0
8,2021-10-14 13:57:28,16200.0,1000.0,2471719.0
9,2021-10-14 13:57:17,16200.0,100.0,2470719.0
10,2021-10-14 13:57:09,16200.0,300.0,2470619.0
11,2021-10-14 13:52:00,16200.0,500.0,2470319.0
12,2021-10-14 13:49:45,16200.0,2000.0,2469819.0
13,2021-10-14 13:48:13,16200.0,10.0,2467819.0
14,2021-10-14 13:47:48,16200.0,1000.0,2467809.0
15,2021-10-14 13:46:46,16200.0,500.0,2466809.0
16,2021-10-14 13:38:38,16200.0,100.0,2466309.0
17,2021-10-14 13:36:20,16200.0,300.0,2466209.0
18,2021-10-14 13:33:37,16200.0,200.0,2465909.0
19,2021-10-14 13:32:26,16200.0,1.0,2465709.0
20,2021-10-14 13:29:37,16200.0,1.0,2465708.0
21,2021-10-14 13:24:26,16200.0,500.0,2465707.0
22,2021-10-14 13:24:15,16200.0,1000.0,2465207.0
23,2021-10-14 13:24:02,16200.0,1.0,2464207.0
24,2021-10-14 13:20:49,16200.0,1900.0,2464206.0
25,2021-10-14 13:14:23,16200.0,400.0,2462306.0
26,2021-10-14 13:10:52,16200.0,3000.0,2461906.0
27,2021-10-14 13:10:10,16200.0,500.0,2458906.0
28,2021-10-14 13:09:50,16200.0,200.0,2458406.0
29,2021-10-14 13:09:42,16200.0,200.0,2458206.0
30,2021-10-14 13:05:03,16200.0,200.0,2458006.0
31,2021-10-14 13:03:55,16200.0,200.0,2457806.0
32,2021-10-14 13:00:37,16200.0,5000.0,2457606.0
33,2021-10-14 13:00:14,16200.0,200.0,2452606.0
34,2021-10-14 13:00:06,16200.0,600.0,2452406.0
35,2021-10-14 13:00:05,16200.0,300.0,2451806.0
36,2021-10-14 13:00:03,16200.0,200.0,2451506.0
37,2021-10-14 13:00:01,16200.0,3100.0,2451306.0
38,2021-10-14 11:28:14,16200.0,100.0,2448206.0
39,2021-10-14 11:24:07,16200.0,3000.0,2448106.0
40,2021-10-14 11:23:42,16200.0,300.0,2445106.0
41,2021-10-14 11:23:41,16200.0,300.0,2444806.0
42,2021-10-14 11:19:32,16200.0,3000.0,2444506.0
43,2021-10-14 11:15:17,16200.0,100.0,2441506.0
44,2021-10-14 11:13:30,16200.0,1000.0,2441406.0
45,2021-10-14 11:13:01,16200.0,100.0,2440406.0
46,2021-10-14 11:10:41,16200.0,3000.0,2440306.0
47,2021-10-14 11:05:08,16200.0,200.0,2437306.0
48,2021-10-14 11:05:02,16200.0,100.0,2437106.0
49,2021-10-14 11:03:35,16200.0,500.0,2437006.0
50,2021-10-14 11:02:48,16200.0,100.0,2436506.0
51,2021-10-14 11:01:31,16200.0,1500.0,2436406.0
52,2021-10-14 10:59:58,16200.0,1000.0,2434906.0
53,2021-10-14 10:58:50,16200.0,200.0,2433906.0
54,2021-10-14 10:58:04,16200.0,7100.0,2433706.0
55,2021-10-14 10:58:01,16200.0,10.0,2426606.0
56,2021-10-14 10:57:01,16200.0,1000.0,2426596.0
57,2021-10-14 10:56:06,16200.0,2000.0,2425596.0
58,2021-10-14 10:55:37,16200.0,6900.0,2423596.0
59,2021-10-14 10:53:36,16200.0,100.0,2416696.0
60,2021-10-14 10:50:19,16200.0,1000.0,2416596.0
61,2021-10-14 10:49:52,16200.0,200.0,2415596.0
62,2021-10-14 10:46:57,16200.0,200.0,2415396.0
63,2021-10-14 10:46:31,16200.0,800.0,2415196.0
64,2021-10-14 10:46:22,16200.0,3000.0,2414396.0
65,2021-10-14 10:46:02,16200.0,300.0,2411396.0
66,2021-10-14 10:45:09,16200.0,2000.0,2411096.0
67,2021-10-14 10:42:42,16200.0,200.0,2409096.0
68,2021-10-14 10:42:39,16200.0,100.0,2408896.0
69,2021-10-14 10:36:07,16200.0,100.0,2408796.0
70,2021-10-14 10:34:33,16200.0,500.0,2408696.0
71,2021-10-14 10:33:41,16200.0,2600.0,2408196.0
72,2021-10-14 10:32:42,16200.0,100.0,2405596.0
73,2021-10-14 10:30:44,16200.0,300.0,2405496.0
74,2021-10-14 10:29:39,16200.0,1500.0,2405196.0
75,2021-10-14 10:28:50,16200.0,100.0,2403696.0
76,2021-10-14 10:28:29,16200.0,100.0,2403596.0
77,2021-10-14 10:27:50,16200.0,500.0,2403496.0
78,2021-10-14 10:26:24,16200.0,25.0,2402996.0
79,2021-10-14 10:25:14,16200.0,200.0,2402971.0
80,2021-10-14 10:24:41,16200.0,900.0,2402771.0
81,2021-10-14 10:22:32,16200.0,100.0,2401871.0
82,2021-10-14 10:20:09,16200.0,1000.0,2401771.0
83,2021-10-14 10:18:55,16200.0,2000.0,2400771.0
84,2021-10-14 10:18:22,16200.0,100.0,2398771.0
85,2021-10-14 10:18:16,16200.0,2200.0,2398671.0
86,2021-10-14 10:16:35,16200.0,700.0,2396471.0
87,2021-10-14 10:14:59,16200.0,500.0,2395771.0
88,2021-10-14 10:14:28,16200.0,2400.0,2395271.0
89,2021-10-14 10:14:21,16200.0,100.0,2392871.0
90,2021-10-14 10:11:39,16200.0,2000.0,2392771.0
91,2021-10-14 10:09:15,16200.0,100.0,2390771.0
92,2021-10-14 10:07:29,16200.0,100.0,2390671.0
93,2021-10-14 10:06:37,16200.0,500.0,2390571.0
94,2021-10-14 10:06:06,16200.0,2000.0,2390071.0
95,2021-10-14 10:04:51,16200.0,200.0,2388071.0
96,2021-10-14 10:04:32,16200.0,10000.0,2387871.0
97,2021-10-14 10:02:48,16200.0,300.0,2377871.0
98,2021-10-14 10:01:53,16200.0,3000.0,2377571.0
99,2021-10-14 10:00:53,16200.0,80.0,2374571.0
100,2021-10-14 09:59:27,16200.0,200.0,2374491.0
101,2021-10-14 09:58:21,16200.0,200.0,2374291.0
102,2021-10-14 09:58:18,16200.0,100.0,2374091.0
103,2021-10-14 09:58:03,16200.0,1000.0,2373991.0
104,2021-10-14 09:57:36,16200.0,100.0,2372991.0
105,2021-10-14 09:56:55,16200.0,800.0,2372891.0
106,2021-10-14 09:56:41,16200.0,100.0,2372091.0
107,2021-10-14 09:56:15,16200.0,1000.0,2371991.0
108,2021-10-14 09:56:05,16200.0,1000.0,2370991.0
109,2021-10-14 09:55:33,16200.0,3000.0,2369991.0
110,2021-10-14 09:53:53,16200.0,10000.0,2366991.0
111,2021-10-14 09:53:40,16200.0,2000.0,2356991.0
112,2021-10-14 09:53:15,16200.0,100.0,2354991.0
113,2021-10-14 09:52:57,16200.0,400.0,2354891.0
114,2021-10-14 09:52:49,16200.0,200.0,2354491.0
115,2021-10-14 09:52:37,16200.0,200.0,2354291.0
116,2021-10-14 09:51:58,16200.0,100.0,2354091.0
117,2021-10-14 09:50:33,16200.0,400.0,2353991.0
118,2021-10-14 09:49:59,16200.0,200.0,2353591.0
119,2021-10-14 09:49:56,16200.0,200.0,2353391.0
120,2021-10-14 09:49:26,16200.0,300.0,2353191.0
121,2021-10-14 09:46:31,16200.0,40.0,2352891.0
122,2021-10-14 09:46:15,16200.0,100.0,2352851.0
123,2021-10-14 09:45:55,16200.0,100.0,2352751.0
124,2021-10-14 09:45:39,16200.0,40.0,2352651.0
125,2021-10-14 09:45:18,16200.0,100.0,2352611.0
126,2021-10-14 09:44:18,16200.0,200.0,2352511.0
127,2021-10-14 09:43:40,16200.0,1000.0,2352311.0
128,2021-10-14 09:43:06,16200.0,100.0,2351311.0
129,2021-10-14 09:42:54,16200.0,1000.0,2351211.0
130,2021-10-14 09:42:44,16200.0,200.0,2350211.0
131,2021-10-14 09:42:27,16200.0,400.0,2350011.0
132,2021-10-14 09:42:00,16200.0,200.0,2349611.0
133,2021-10-14 09:40:50,16200.0,100.0,2349411.0
134,2021-10-14 09:40:26,16200.0,2000.0,2349311.0
135,2021-10-14 09:39:44,16200.0,100.0,2347311.0
136,2021-10-14 09:39:41,16200.0,400.0,2347211.0
137,2021-10-14 09:39:22,16200.0,1000.0,2346811.0
138,2021-10-14 09:39:04,16200.0,800.0,2345811.0
139,2021-10-14 09:38:59,16200.0,200.0,2345011.0
140,2021-10-14 09:38:51,16200.0,500.0,2344811.0
141,2021-10-14 09:37:49,16200.0,1100.0,2344311.0
142,2021-10-14 09:37:48,16200.0,1300.0,2343211.0
143,2021-10-14 09:37:33,16200.0,200.0,2341911.0
144,2021-10-14 09:36:56,16200.0,1000.0,2341711.0
145,2021-10-14 09:36:41,16200.0,100.0,2340711.0
146,2021-10-14 09:36:03,16200.0,1800.0,2340611.0
147,2021-10-14 09:35:59,16200.0,100.0,2338811.0
148,2021-10-14 09:35:54,16200.0,1000.0,2338711.0
149,2021-10-14 09:34:22,16200.0,100.0,2337711.0
150,2021-10-14 09:33:57,16200.0,500.0,2337611.0
151,2021-10-14 09:33:52,16200.0,900.0,2337111.0
152,2021-10-14 09:33:44,16200.0,100.0,2336211.0
153,2021-10-14 09:33:31,16200.0,7.0,2336111.0
154,2021-10-14 09:33:24,16200.0,500.0,2336104.0
155,2021-10-14 09:32:54,16200.0,200.0,2335604.0
156,2021-10-14 09:32:50,16200.0,100.0,2335404.0
157,2021-10-14 09:32:46,16200.0,100.0,2335304.0
158,2021-10-14 09:32:30,16200.0,100.0,2335204.0
159,2021-10-14 09:32:12,16200.0,400.0,2335104.0
160,2021-10-14 09:32:05,16200.0,100.0,2334704.0
161,2021-10-14 09:32:04,16200.0,1000.0,2334604.0
162,2021-10-14 09:32:01,16200.0,900.0,2333604.0
163,2021-10-14 09:31:55,16200.0,100.0,2332704.0
164,2021-10-14 09:31:52,16200.0,3000.0,2332604.0
165,2021-10-14 09:30:58,16200.0,500.0,2329604.0
166,2021-10-14 09:30:54,16200.0,1500.0,2329104.0
167,2021-10-14 09:30:38,16200.0,100.0,2327604.0
168,2021-10-14 09:30:25,16200.0,100.0,2327504.0
169,2021-10-14 09:30:23,16200.0,10000.0,2327404.0
170,2021-10-14 09:30:12,16200.0,200.0,2317404.0
171,2021-10-14 09:29:55,16200.0,200.0,2317204.0
172,2021-10-14 09:29:49,16200.0,100.0,2317004.0
173,2021-10-14 09:29:48,16200.0,2600.0,2316904.0
174,2021-10-14 09:29:44,16200.0,1000.0,2314304.0
175,2021-10-14 09:29:28,16200.0,500.0,2313304.0
176,2021-10-14 09:29:05,16200.0,500.0,2312804.0
177,2021-10-14 09:29:01,16200.0,2000.0,2312304.0
178,2021-10-14 09:28:51,16200.0,8000.0,2310304.0
179,2021-10-14 09:28:35,16200.0,100.0,2302304.0
180,2021-10-14 09:28:32,16200.0,100.0,2302204.0
181,2021-10-14 09:28:25,16200.0,3000.0,2302104.0
182,2021-10-14 09:28:19,16200.0,1000.0,2299104.0
183,2021-10-14 09:28:11,16200.0,35.0,2298104.0
184,2021-10-14 09:27:58,16200.0,1000.0,2298069.0
185,2021-10-14 09:27:41,16200.0,900.0,2297069.0
186,2021-10-14 09:27:31,16200.0,1300.0,2296169.0
187,2021-10-14 09:27:29,16200.0,100.0,2294869.0
188,2021-10-14 09:27:28,16200.0,1000.0,2294769.0
189,2021-10-14 09:27:22,16200.0,500.0,2293769.0
190,2021-10-14 09:26:57,16200.0,7200.0,2293269.0
191,2021-10-14 09:26:54,16200.0,1500.0,2286069.0
192,2021-10-14 09:26:51,16200.0,1500.0,2284569.0
193,2021-10-14 09:26:48,16200.0,200.0,2283069.0
194,2021-10-14 09:26:45,16200.0,300.0,2282869.0
195,2021-10-14 09:26:34,16200.0,2000.0,2282569.0
196,2021-10-14 09:26:32,16200.0,8000.0,2280569.0
197,2021-10-14 09:26:30,16200.0,10000.0,2272569.0
198,2021-10-14 09:26:29,16200.0,100.0,2262569.0
199,2021-10-14 09:26:28,16200.0,100.0,2262469.0
200,2021-10-14 09:26:27,16200.0,1300.0,2262369.0
201,2021-10-14 09:26:25,16200.0,1000.0,2261069.0
202,2021-10-14 09:26:24,16200.0,2000.0,2260069.0
203,2021-10-14 09:26:12,16200.0,100.0,2258069.0
204,2021-10-14 09:26:09,16200.0,500.0,2257969.0
205,2021-10-14 09:26:08,16200.0,2000.0,2257469.0
206,2021-10-14 09:26:07,16200.0,300.0,2255469.0
207,2021-10-14 09:25:45,16200.0,200.0,2255169.0
208,2021-10-14 09:25:43,16200.0,1000.0,2254969.0
209,2021-10-14 09:25:40,16200.0,100.0,2253969.0
210,2021-10-14 09:25:37,16200.0,800.0,2253869.0
211,2021-10-14 09:25:35,16200.0,300.0,2253069.0
212,2021-10-14 09:25:14,16200.0,100.0,2252769.0
213,2021-10-14 09:25:11,16200.0,1000.0,2252669.0
214,2021-10-14 09:25:07,16200.0,200.0,2251669.0
215,2021-10-14 09:25:06,16200.0,100.0,2251469.0
216,2021-10-14 09:25:04,16200.0,1000.0,2251369.0
217,2021-10-14 09:25:03,16200.0,1100.0,2250369.0
218,2021-10-14 09:24:59,16200.0,1000.0,2249269.0
219,2021-10-14 09:24:47,16200.0,1000.0,2248269.0
220,2021-10-14 09:24:44,16200.0,1000.0,2247269.0
221,2021-10-14 09:24:39,16200.0,4000.0,2246269.0
222,2021-10-14 09:24:35,16200.0,1000.0,2242269.0
223,2021-10-14 09:24:26,16200.0,300.0,2241269.0
224,2021-10-14 09:24:23,16200.0,200.0,2240969.0
225,2021-10-14 09:24:19,16200.0,500.0,2240769.0
226,2021-10-14 09:24:04,16200.0,400.0,2240269.0
227,2021-10-14 09:24:03,16200.0,2500.0,2239869.0
228,2021-10-14 09:24:01,16200.0,500.0,2237369.0
229,2021-10-14 09:23:53,16200.0,100.0,2236869.0
230,2021-10-14 09:23:50,16200.0,1002.0,2236769.0
231,2021-10-14 09:23:46,16200.0,1000.0,2235767.0
232,2021-10-14 09:23:42,16200.0,1000.0,2234767.0
233,2021-10-14 09:23:41,16200.0,200.0,2233767.0
234,2021-10-14 09:23:40,16200.0,1000.0,2233567.0
235,2021-10-14 09:23:39,16100.0,10000.0,2232567.0
236,2021-10-14 09:23:37,16200.0,1800.0,2222567.0
237,2021-10-14 09:23:36,16200.0,1200.0,2220767.0
238,2021-10-14 09:23:34,16200.0,1200.0,2219567.0
239,2021-10-14 09:23:33,16200.0,500.0,2218367.0
240,2021-10-14 09:23:32,16200.0,4200.0,2217867.0
241,2021-10-14 09:23:31,16200.0,6000.0,2213667.0
242,2021-10-14 09:23:30,16200.0,1000.0,2207667.0
243,2021-10-14 09:23:28,16200.0,14100.0,2206667.0
244,2021-10-14 09:23:27,16200.0,3100.0,2192567.0
245,2021-10-14 09:23:26,16200.0,2200.0,2189467.0
246,2021-10-14 09:23:25,16200.0,506.0,2187267.0
247,2021-10-14 09:23:24,16200.0,7800.0,2186761.0
248,2021-10-14 09:23:23,16200.0,1400.0,2178961.0
249,2021-10-14 09:23:22,16200.0,13800.0,2177561.0
250,2021-10-14 09:23:21,16200.0,7100.0,2163761.0
251,2021-10-14 09:23:20,16200.0,3800.0,2156661.0
252,2021-10-14 09:23:18,16200.0,2400.0,2152861.0
253,2021-10-14 09:23:17,16200.0,7400.0,2150461.0
254,2021-10-14 09:23:16,16200.0,600.0,2143061.0
255,2021-10-14 09:23:15,16200.0,1000.0,2142461.0
256,2021-10-14 09:23:14,16200.0,2000.0,2141461.0
257,2021-10-14 09:23:13,16200.0,900.0,2139461.0
258,2021-10-14 09:23:12,16200.0,2200.0,2138561.0
259,2021-10-14 09:23:11,16200.0,2000.0,2136361.0
260,2021-10-14 09:23:10,16200.0,1600.0,2134361.0
261,2021-10-14 09:23:09,16200.0,2200.0,2132761.0
262,2021-10-14 09:23:08,16200.0,38000.0,2130561.0
263,2021-10-14 09:23:07,16200.0,3600.0,2092561.0
264,2021-10-14 09:23:05,16200.0,200.0,2088961.0
265,2021-10-14 09:23:04,16200.0,21100.0,2088761.0
266,2021-10-14 09:23:03,16200.0,3900.0,2067661.0
267,2021-10-14 09:23:02,16200.0,1500.0,2063761.0
268,2021-10-14 09:23:01,16200.0,10000.0,2062261.0
269,2021-10-14 09:23:00,16200.0,300.0,2052261.0
270,2021-10-14 09:22:59,16200.0,4000.0,2051961.0
271,2021-10-14 09:22:58,16200.0,2000.0,2047961.0
272,2021-10-14 09:22:57,16200.0,6100.0,2045961.0
273,2021-10-14 09:22:56,16200.0,1000.0,2039861.0
274,2021-10-14 09:22:55,16200.0,1400.0,2038861.0
275,2021-10-14 09:22:54,16200.0,100.0,2037461.0
276,2021-10-14 09:22:52,16200.0,100.0,2037361.0
277,2021-10-14 09:22:50,16200.0,600.0,2037261.0
278,2021-10-14 09:22:49,16200.0,500.0,2036661.0
279,2021-10-14 09:22:46,16200.0,4800.0,2036161.0
280,2021-10-14 09:22:45,16200.0,5200.0,2031361.0
281,2021-10-14 09:22:44,16200.0,2000.0,2026161.0
282,2021-10-14 09:22:43,16200.0,2000.0,2024161.0
283,2021-10-14 09:22:42,16200.0,7800.0,2022161.0
284,2021-10-14 09:22:41,16200.0,300.0,2014361.0
285,2021-10-14 09:22:40,16200.0,3800.0,2014061.0
286,2021-10-14 09:22:36,16200.0,100.0,2010261.0
287,2021-10-14 09:22:35,16200.0,19000.0,2010161.0
288,2021-10-14 09:22:32,16200.0,2000.0,1991161.0
289,2021-10-14 09:22:31,16200.0,200.0,1989161.0
290,2021-10-14 09:22:30,16200.0,1800.0,1988961.0
291,2021-10-14 09:22:29,16200.0,100.0,1987161.0
292,2021-10-14 09:22:28,16200.0,1000.0,1987061.0
293,2021-10-14 09:22:26,16200.0,400.0,1986061.0
294,2021-10-14 09:22:25,16200.0,400.0,1985661.0
295,2021-10-14 09:22:24,16200.0,1000.0,1985261.0
296,2021-10-14 09:22:23,16200.0,1800.0,1984261.0
297,2021-10-14 09:22:22,16200.0,1200.0,1982461.0
298,2021-10-14 09:22:21,16100.0,19300.0,1981261.0
299,2021-10-14 09:22:19,16200.0,17800.0,1961961.0
300,2021-10-14 09:22:17,16200.0,3100.0,1944161.0
301,2021-10-14 09:22:16,16200.0,900.0,1941061.0
302,2021-10-14 09:22:15,16200.0,2500.0,1940161.0
303,2021-10-14 09:22:14,16200.0,100.0,1937661.0
304,2021-10-14 09:22:13,16200.0,100.0,1937561.0
305,2021-10-14 09:22:09,16200.0,5000.0,1937461.0
306,2021-10-14 09:22:08,16200.0,800.0,1932461.0
307,2021-10-14 09:22:05,16200.0,1400.0,1931661.0
308,2021-10-14 09:22:04,16200.0,5400.0,1930261.0
309,2021-10-14 09:22:03,16200.0,400.0,1924861.0
310,2021-10-14 09:21:59,16200.0,500.0,1924461.0
311,2021-10-14 09:21:57,16200.0,5101.0,1923961.0
312,2021-10-14 09:21:56,16100.0,1200.0,1918860.0
313,2021-10-14 09:21:54,16200.0,3100.0,1917660.0
314,2021-10-14 09:21:52,16200.0,1100.0,1914560.0
315,2021-10-14 09:21:51,16200.0,55300.0,1913460.0
316,2021-10-14 09:21:50,16200.0,8800.0,1858160.0
317,2021-10-14 09:21:47,16200.0,7400.0,1849360.0
318,2021-10-14 09:21:46,16200.0,100.0,1841960.0
319,2021-10-14 09:21:44,16200.0,1200.0,1841860.0
320,2021-10-14 09:21:42,16200.0,1000.0,1840660.0
321,2021-10-14 09:21:41,16100.0,800.0,1839660.0
322,2021-10-14 09:21:38,16200.0,6500.0,1838860.0
323,2021-10-14 09:21:37,16200.0,2500.0,1832360.0
324,2021-10-14 09:21:36,16200.0,100.0,1829860.0
325,2021-10-14 09:21:34,16200.0,200.0,1829760.0
326,2021-10-14 09:21:32,16200.0,200.0,1829560.0
327,2021-10-14 09:21:30,16200.0,200.0,1829360.0
328,2021-10-14 09:21:29,16200.0,100.0,1829160.0
329,2021-10-14 09:21:27,16200.0,500.0,1829060.0
330,2021-10-14 09:21:26,16200.0,1300.0,1828560.0
331,2021-10-14 09:21:25,16200.0,11400.0,1827260.0
332,2021-10-14 09:21:24,16200.0,11400.0,1815860.0
333,2021-10-14 09:21:22,16200.0,8100.0,1804460.0
334,2021-10-14 09:21:21,16200.0,2000.0,1796360.0
335,2021-10-14 09:21:18,16200.0,1100.0,1794360.0
336,2021-10-14 09:21:17,16200.0,800.0,1793260.0
337,2021-10-14 09:21:16,16200.0,200.0,1792460.0
338,2021-10-14 09:21:15,16100.0,3000.0,1792260.0
339,2021-10-14 09:21:14,16200.0,3000.0,1789260.0
340,2021-10-14 09:21:11,16200.0,100.0,1786260.0
341,2021-10-14 09:21:10,16200.0,800.0,1786160.0
342,2021-10-14 09:21:09,16200.0,800.0,1785360.0
343,2021-10-14 09:21:08,16200.0,200.0,1784560.0
344,2021-10-14 09:21:07,16100.0,800.0,1784360.0
345,2021-10-14 09:21:05,16200.0,400.0,1783560.0
346,2021-10-14 09:21:04,16200.0,800.0,1783160.0
347,2021-10-14 09:21:02,16200.0,9600.0,1782360.0
348,2021-10-14 09:21:01,16200.0,1000.0,1772760.0
349,2021-10-14 09:21:00,16200.0,2500.0,1771760.0
350,2021-10-14 09:20:59,16200.0,2700.0,1769260.0
351,2021-10-14 09:20:58,16200.0,300.0,1766560.0
352,2021-10-14 09:20:56,16200.0,5000.0,1766260.0
353,2021-10-14 09:20:55,16200.0,8000.0,1761260.0
354,2021-10-14 09:20:53,16200.0,2000.0,1753260.0
355,2021-10-14 09:20:52,16200.0,200.0,1751260.0
356,2021-10-14 09:20:51,16200.0,5500.0,1751060.0
357,2021-10-14 09:20:49,16200.0,9200.0,1745560.0
358,2021-10-14 09:20:48,16200.0,10100.0,1736360.0
359,2021-10-14 09:20:45,16200.0,12400.0,1726260.0
360,2021-10-14 09:20:44,16200.0,3100.0,1713860.0
361,2021-10-14 09:20:42,16200.0,1000.0,1710760.0
362,2021-10-14 09:20:37,16200.0,2700.0,1709760.0
363,2021-10-14 09:20:36,16200.0,3000.0,1707060.0
364,2021-10-14 09:20:35,16200.0,6000.0,1704060.0
365,2021-10-14 09:20:34,16200.0,1000.0,1698060.0
366,2021-10-14 09:20:32,16200.0,9400.0,1697060.0
367,2021-10-14 09:20:31,16200.0,4200.0,1687660.0
368,2021-10-14 09:20:29,16200.0,100.0,1683460.0
369,2021-10-14 09:20:28,16100.0,300.0,1683360.0
370,2021-10-14 09:20:27,16200.0,3700.0,1683060.0
371,2021-10-14 09:20:26,16200.0,1000.0,1679360.0
372,2021-10-14 09:20:25,16200.0,200.0,1678360.0
373,2021-10-14 09:20:23,16200.0,1300.0,1678160.0
374,2021-10-14 09:20:22,16200.0,1000.0,1676860.0
375,2021-10-14 09:20:21,16200.0,2900.0,1675860.0
376,2021-10-14 09:20:20,16200.0,1194.0,1672960.0
377,2021-10-14 09:20:18,16200.0,300.0,1671766.0
378,2021-10-14 09:20:17,16200.0,100.0,1671466.0
379,2021-10-14 09:20:16,16200.0,39500.0,1671366.0
380,2021-10-14 09:20:15,16100.0,100.0,1631866.0
381,2021-10-14 09:20:14,16200.0,1000.0,1631766.0
382,2021-10-14 09:20:12,16200.0,5700.0,1630766.0
383,2021-10-14 09:20:11,16200.0,300.0,1625066.0
384,2021-10-14 09:20:10,16200.0,300.0,1624766.0
385,2021-10-14 09:20:09,16200.0,2500.0,1624466.0
386,2021-10-14 09:20:07,16200.0,700.0,1621966.0
387,2021-10-14 09:20:05,16200.0,1200.0,1621266.0
388,2021-10-14 09:20:04,16200.0,2500.0,1620066.0
389,2021-10-14 09:20:02,16200.0,1300.0,1617566.0
390,2021-10-14 09:20:01,16200.0,800.0,1616266.0
391,2021-10-14 09:19:59,16200.0,3000.0,1615466.0
392,2021-10-14 09:19:58,16200.0,21400.0,1612466.0
393,2021-10-14 09:19:57,16200.0,48600.0,1591066.0
394,2021-10-14 09:19:56,16200.0,1400.0,1542466.0
395,2021-10-14 09:19:55,16200.0,2800.0,1541066.0
396,2021-10-14 09:19:54,16200.0,3100.0,1538266.0
397,2021-10-14 09:19:53,16200.0,200.0,1535166.0
398,2021-10-14 09:19:49,16200.0,200.0,1534966.0
399,2021-10-14 09:19:48,16200.0,14400.0,1534766.0
400,2021-10-14 09:19:44,16200.0,200.0,1520366.0
401,2021-10-14 09:19:41,16200.0,1100.0,1520166.0
402,2021-10-14 09:19:40,16200.0,1200.0,1519066.0
403,2021-10-14 09:19:38,16200.0,8700.0,1517866.0
404,2021-10-14 09:19:37,16200.0,100.0,1509166.0
405,2021-10-14 09:19:36,16200.0,10000.0,1509066.0
406,2021-10-14 09:19:35,16200.0,500.0,1499066.0
407,2021-10-14 09:19:34,16200.0,500.0,1498566.0
408,2021-10-14 09:19:33,16100.0,1000.0,1498066.0
409,2021-10-14 09:19:32,16100.0,2200.0,1497066.0
410,2021-10-14 09:19:31,16200.0,10000.0,1494866.0
411,2021-10-14 09:19:30,16200.0,800.0,1484866.0
412,2021-10-14 09:19:29,16200.0,300.0,1484066.0
413,2021-10-14 09:19:28,16200.0,6500.0,1483766.0
414,2021-10-14 09:19:27,16200.0,100.0,1477266.0
415,2021-10-14 09:19:24,16200.0,100.0,1477166.0
416,2021-10-14 09:19:20,16200.0,1900.0,1477066.0
417,2021-10-14 09:19:19,16200.0,5500.0,1475166.0
418,2021-10-14 09:19:16,16200.0,2106.0,1469666.0
419,2021-10-14 09:19:13,16200.0,2000.0,1467560.0
420,2021-10-14 09:19:10,16200.0,500.0,1465560.0
421,2021-10-14 09:19:08,16100.0,9500.0,1465060.0
422,2021-10-14 09:19:06,16200.0,1000.0,1455560.0
423,2021-10-14 09:19:04,16200.0,800.0,1454560.0
424,2021-10-14 09:19:03,16200.0,3000.0,1453760.0
425,2021-10-14 09:18:58,16200.0,3100.0,1450760.0
426,2021-10-14 09:18:55,16200.0,200.0,1447660.0
427,2021-10-14 09:18:54,16200.0,300.0,1447460.0
428,2021-10-14 09:18:48,16100.0,100.0,1447160.0
429,2021-10-14 09:18:47,16200.0,39100.0,1447060.0
430,2021-10-14 09:18:45,16200.0,7100.0,1407960.0
431,2021-10-14 09:18:44,16200.0,200000.0,1400860.0
432,2021-10-14 09:18:42,16100.0,5.0,1200860.0
433,2021-10-14 09:18:40,16100.0,5000.0,1200855.0
434,2021-10-14 09:18:38,16200.0,500.0,1195855.0
435,2021-10-14 09:18:35,16200.0,1100.0,1195355.0
436,2021-10-14 09:18:33,16100.0,1000.0,1194255.0
437,2021-10-14 09:18:31,16200.0,900.0,1193255.0
438,2021-10-14 09:18:28,16200.0,200.0,1192355.0
439,2021-10-14 09:18:27,16100.0,100.0,1192155.0
440,2021-10-14 09:18:25,16100.0,300.0,1192055.0
441,2021-10-14 09:18:24,16200.0,3600.0,1191755.0
442,2021-10-14 09:18:23,16200.0,100.0,1188155.0
443,2021-10-14 09:18:21,16200.0,1000.0,1188055.0
444,2021-10-14 09:18:15,16100.0,3600.0,1187055.0
445,2021-10-14 09:18:14,16100.0,700.0,1183455.0
446,2021-10-14 09:18:13,16100.0,1500.0,1182755.0
447,2021-10-14 09:18:12,16100.0,1800.0,1181255.0
448,2021-10-14 09:18:11,16100.0,2200.0,1179455.0
449,2021-10-14 09:18:10,16100.0,2000.0,1177255.0
450,2021-10-14 09:18:09,16100.0,100.0,1175255.0
451,2021-10-14 09:18:07,16100.0,3000.0,1175155.0
452,2021-10-14 09:18:04,16100.0,215.0,1172155.0
453,2021-10-14 09:18:03,16100.0,300.0,1171940.0
454,2021-10-14 09:18:01,16100.0,600.0,1171640.0
455,2021-10-14 09:18:00,16100.0,4300.0,1171040.0
456,2021-10-14 09:17:57,16100.0,2900.0,1166740.0
457,2021-10-14 09:17:56,16100.0,100.0,1163840.0
458,2021-10-14 09:17:55,16100.0,200.0,1163740.0
459,2021-10-14 09:17:54,16100.0,1500.0,1163540.0
460,2021-10-14 09:17:53,16000.0,1200.0,1162040.0
461,2021-10-14 09:17:52,16100.0,2800.0,1160840.0
462,2021-10-14 09:17:51,16100.0,500.0,1158040.0
463,2021-10-14 09:17:50,16100.0,49000.0,1157540.0
464,2021-10-14 09:17:49,16100.0,100.0,1108540.0
465,2021-10-14 09:17:45,16000.0,100.0,1108440.0
466,2021-10-14 09:17:44,16100.0,5000.0,1108340.0
467,2021-10-14 09:17:41,16100.0,84.0,1103340.0
468,2021-10-14 09:17:40,16100.0,1000.0,1103256.0
469,2021-10-14 09:17:38,16000.0,200.0,1102256.0
470,2021-10-14 09:17:36,16000.0,200.0,1102056.0
471,2021-10-14 09:17:35,16000.0,86100.0,1101856.0
472,2021-10-14 09:17:33,15900.0,100.0,1015756.0
473,2021-10-14 09:17:28,16000.0,600.0,1015656.0
474,2021-10-14 09:17:27,16000.0,2600.0,1015056.0
475,2021-10-14 09:17:24,15900.0,100.0,1012456.0
476,2021-10-14 09:17:22,16000.0,1000.0,1012356.0
477,2021-10-14 09:17:14,15900.0,100.0,1011356.0
478,2021-10-14 09:17:11,15900.0,500.0,1011256.0
479,2021-10-14 09:17:10,15900.0,6000.0,1010756.0
480,2021-10-14 09:17:07,15900.0,30300.0,1004756.0
481,2021-10-14 09:17:06,15900.0,200.0,974456.0
482,2021-10-14 09:17:05,15900.0,4700.0,974256.0
483,2021-10-14 09:17:03,15900.0,100.0,969556.0
484,2021-10-14 09:17:02,15900.0,1000.0,969456.0
485,2021-10-14 09:17:01,15900.0,1000.0,968456.0
486,2021-10-14 09:16:59,15900.0,100.0,967456.0
487,2021-10-14 09:16:58,15900.0,400.0,967356.0
488,2021-10-14 09:16:57,15900.0,6.0,966956.0
489,2021-10-14 09:16:55,15900.0,100.0,966950.0
490,2021-10-14 09:16:54,15900.0,300.0,966850.0
491,2021-10-14 09:16:53,15900.0,100.0,966550.0
492,2021-10-14 09:16:52,15900.0,300.0,966450.0
493,2021-10-14 09:16:51,15900.0,3600.0,966150.0
494,2021-10-14 09:16:50,15900.0,200.0,962550.0
495,2021-10-14 09:16:48,15900.0,1500.0,962350.0
496,2021-10-14 09:16:44,15900.0,1600.0,960850.0
497,2021-10-14 09:16:40,15900.0,100.0,959250.0
498,2021-10-14 09:16:39,15900.0,300.0,959150.0
499,2021-10-14 09:16:38,15900.0,6000.0,958850.0
500,2021-10-14 09:16:37,15900.0,500.0,952850.0
501,2021-10-14 09:16:36,15900.0,100.0,952350.0
502,2021-10-14 09:16:34,15900.0,1000.0,952250.0
503,2021-10-14 09:16:30,15900.0,200.0,951250.0
504,2021-10-14 09:16:28,15900.0,1000.0,951050.0
505,2021-10-14 09:16:26,15900.0,1500.0,950050.0
506,2021-10-14 09:16:25,15900.0,19000.0,948550.0
507,2021-10-14 09:16:24,15900.0,1300.0,929550.0
508,2021-10-14 09:16:22,15900.0,500.0,928250.0
509,2021-10-14 09:16:21,15900.0,7000.0,927750.0
510,2021-10-14 09:16:19,15800.0,1010.0,920750.0
511,2021-10-14 09:16:18,15900.0,900.0,919740.0
512,2021-10-14 09:16:17,15900.0,2000.0,918840.0
513,2021-10-14 09:16:15,15900.0,100.0,916840.0
514,2021-10-14 09:16:14,15900.0,2000.0,916740.0
515,2021-10-14 09:16:13,15900.0,100.0,914740.0
516,2021-10-14 09:16:09,15900.0,700.0,914640.0
517,2021-10-14 09:16:02,15900.0,300.0,913940.0
518,2021-10-14 09:16:00,15800.0,1000.0,913640.0
519,2021-10-14 09:15:59,15900.0,6000.0,912640.0
520,2021-10-14 09:15:58,15900.0,300.0,906640.0
521,2021-10-14 09:15:54,15900.0,2000.0,906340.0
522,2021-10-14 09:15:50,15900.0,800.0,904340.0
523,2021-10-14 09:15:49,15800.0,200.0,903540.0
524,2021-10-14 09:15:46,15900.0,300.0,903340.0
525,2021-10-14 09:15:45,15900.0,800.0,903040.0
526,2021-10-14 09:15:44,15800.0,100.0,902240.0
527,2021-10-14 09:15:42,15900.0,500.0,902140.0
528,2021-10-14 09:15:41,15800.0,1500.0,901640.0
529,2021-10-14 09:15:36,15800.0,4300.0,900140.0
530,2021-10-14 09:15:35,15900.0,300.0,895840.0
531,2021-10-14 09:15:33,15900.0,3300.0,895540.0
532,2021-10-14 09:15:32,15900.0,300.0,892240.0
533,2021-10-14 09:15:31,15900.0,100.0,891940.0
534,2021-10-14 09:15:30,15900.0,100.0,891840.0
535,2021-10-14 09:15:28,15900.0,1000.0,891740.0
536,2021-10-14 09:15:26,15900.0,1000.0,890740.0
537,2021-10-14 09:15:18,15900.0,1000.0,889740.0
538,2021-10-14 09:14:59,15800.0,300.0,888740.0
539,2021-10-14 09:14:57,15800.0,500.0,888440.0
540,2021-10-14 09:14:51,15900.0,500.0,887940.0
541,2021-10-14 09:14:49,15900.0,3000.0,887440.0
542,2021-10-14 09:14:40,15800.0,2200.0,884440.0
543,2021-10-14 09:14:34,15900.0,500.0,882240.0
544,2021-10-14 09:14:32,15900.0,500.0,881740.0
545,2021-10-14 09:14:25,15800.0,600.0,881240.0
546,2021-10-14 09:14:24,15800.0,300.0,880640.0
547,2021-10-14 09:14:21,15800.0,2000.0,880340.0
548,2021-10-14 09:14:19,15900.0,100.0,878340.0
549,2021-10-14 09:14:18,15900.0,400.0,878240.0
550,2021-10-14 09:14:13,15800.0,10200.0,877840.0
551,2021-10-14 09:14:11,15900.0,2000.0,867640.0
552,2021-10-14 09:14:10,15900.0,13100.0,865640.0
553,2021-10-14 09:14:09,15900.0,2000.0,852540.0
554,2021-10-14 09:14:08,15800.0,300.0,850540.0
555,2021-10-14 09:14:05,15900.0,2300.0,850240.0
556,2021-10-14 09:14:04,15900.0,20100.0,847940.0
557,2021-10-14 09:13:57,15800.0,2000.0,827840.0
558,2021-10-14 09:13:46,15900.0,1800.0,825840.0
559,2021-10-14 09:13:44,15900.0,300.0,824040.0
560,2021-10-14 09:13:33,15900.0,1200.0,823740.0
561,2021-10-14 09:13:24,15800.0,100.0,822540.0
562,2021-10-14 09:13:16,15900.0,1200.0,822440.0
563,2021-10-14 09:13:10,15800.0,100.0,821240.0
564,2021-10-14 09:13:06,15800.0,1200.0,821140.0
565,2021-10-14 09:13:05,15900.0,1000.0,819940.0
566,2021-10-14 09:13:02,15800.0,3000.0,818940.0
567,2021-10-14 09:12:23,15800.0,600.0,815940.0
568,2021-10-14 09:12:17,15800.0,4100.0,815340.0
569,2021-10-14 09:12:14,15800.0,6300.0,811240.0
570,2021-10-14 09:12:13,15800.0,1000.0,804940.0
571,2021-10-14 09:12:12,15800.0,200.0,803940.0
572,2021-10-14 09:12:11,15800.0,1100.0,803740.0
573,2021-10-14 09:12:10,15800.0,2200.0,802640.0
574,2021-10-14 09:12:09,15800.0,100.0,800440.0
575,2021-10-14 09:12:08,15800.0,3000.0,800340.0
576,2021-10-14 09:12:04,15800.0,5000.0,797340.0
577,2021-10-14 09:12:02,15800.0,1700.0,792340.0
578,2021-10-14 09:12:01,15800.0,200.0,790640.0
579,2021-10-14 09:11:59,15800.0,700.0,790440.0
580,2021-10-14 09:11:58,15800.0,100.0,789740.0
581,2021-10-14 09:11:55,15800.0,3000.0,789640.0
582,2021-10-14 09:11:53,15800.0,2000.0,786640.0
583,2021-10-14 09:11:52,15800.0,600.0,784640.0
584,2021-10-14 09:11:51,15800.0,2100.0,784040.0
585,2021-10-14 09:11:48,15800.0,3400.0,781940.0
586,2021-10-14 09:11:47,15800.0,2000.0,778540.0
587,2021-10-14 09:11:44,15800.0,2000.0,776540.0
588,2021-10-14 09:11:43,15800.0,4900.0,774540.0
589,2021-10-14 09:11:37,15800.0,2500.0,769640.0
590,2021-10-14 09:11:36,15800.0,300.0,767140.0
591,2021-10-14 09:11:35,15800.0,100.0,766840.0
592,2021-10-14 09:11:31,15800.0,10200.0,766740.0
593,2021-10-14 09:11:30,15800.0,1000.0,756540.0
594,2021-10-14 09:11:28,15800.0,2700.0,755540.0
595,2021-10-14 09:11:25,15800.0,400.0,752840.0
596,2021-10-14 09:11:24,15800.0,2200.0,752440.0
597,2021-10-14 09:11:22,15800.0,3000.0,750240.0
598,2021-10-14 09:11:20,15800.0,3000.0,747240.0
599,2021-10-14 09:11:19,15800.0,200.0,744240.0
600,2021-10-14 09:11:16,15800.0,1500.0,744040.0
601,2021-10-14 09:11:14,15800.0,500.0,742540.0
602,2021-10-14 09:11:12,15800.0,500.0,742040.0
603,2021-10-14 09:11:09,15800.0,2700.0,741540.0
604,2021-10-14 09:11:08,15800.0,3000.0,738840.0
605,2021-10-14 09:11:07,15800.0,300.0,735840.0
606,2021-10-14 09:11:04,15800.0,1700.0,735540.0
607,2021-10-14 09:11:02,15800.0,400.0,733840.0
608,2021-10-14 09:10:59,15800.0,1140.0,733440.0
609,2021-10-14 09:10:56,15800.0,300.0,732300.0
610,2021-10-14 09:10:52,15800.0,5000.0,732000.0
611,2021-10-14 09:10:51,15800.0,100.0,727000.0
612,2021-10-14 09:10:50,15800.0,600.0,726900.0
613,2021-10-14 09:10:49,15800.0,900.0,726300.0
614,2021-10-14 09:10:47,15800.0,1000.0,725400.0
615,2021-10-14 09:10:42,15800.0,300.0,724400.0
616,2021-10-14 09:10:36,15800.0,3700.0,724100.0
617,2021-10-14 09:10:33,15800.0,8400.0,720400.0
618,2021-10-14 09:10:28,15800.0,2000.0,712000.0
619,2021-10-14 09:10:26,15800.0,300.0,710000.0
620,2021-10-14 09:10:25,15700.0,200.0,709700.0
621,2021-10-14 09:10:24,15700.0,100.0,709500.0
622,2021-10-14 09:10:20,15800.0,1000.0,709400.0
623,2021-10-14 09:10:16,15700.0,5100.0,708400.0
624,2021-10-14 09:10:15,15700.0,2300.0,703300.0
625,2021-10-14 09:10:12,15700.0,200.0,701000.0
626,2021-10-14 09:10:10,15700.0,500.0,700800.0
627,2021-10-14 09:10:09,15800.0,600.0,700300.0
628,2021-10-14 09:10:06,15700.0,1500.0,699700.0
629,2021-10-14 09:10:04,15700.0,200.0,698200.0
630,2021-10-14 09:10:02,15800.0,2000.0,698000.0
631,2021-10-14 09:10:01,15700.0,500.0,696000.0
632,2021-10-14 09:09:59,15700.0,1000.0,695500.0
633,2021-10-14 09:09:56,15700.0,300.0,694500.0
634,2021-10-14 09:09:55,15700.0,200.0,694200.0
635,2021-10-14 09:09:53,15700.0,500.0,694000.0
636,2021-10-14 09:09:47,15700.0,100.0,693500.0
637,2021-10-14 09:09:44,15700.0,8800.0,693400.0
638,2021-10-14 09:09:40,15700.0,1000.0,684600.0
639,2021-10-14 09:09:39,15700.0,300.0,683600.0
640,2021-10-14 09:09:37,15600.0,100.0,683300.0
641,2021-10-14 09:09:36,15700.0,300.0,683200.0
642,2021-10-14 09:09:30,15700.0,4900.0,682900.0
643,2021-10-14 09:09:29,15700.0,8100.0,678000.0
644,2021-10-14 09:09:25,15700.0,3600.0,669900.0
645,2021-10-14 09:09:22,15700.0,6600.0,666300.0
646,2021-10-14 09:09:20,15700.0,200.0,659700.0
647,2021-10-14 09:09:17,15700.0,100.0,659500.0
648,2021-10-14 09:09:15,15700.0,1000.0,659400.0
649,2021-10-14 09:09:14,15700.0,8300.0,658400.0
650,2021-10-14 09:09:13,15700.0,1500.0,650100.0
651,2021-10-14 09:09:11,15600.0,200.0,648600.0
652,2021-10-14 09:09:10,15700.0,2000.0,648400.0
653,2021-10-14 09:09:01,15700.0,300.0,646400.0
654,2021-10-14 09:08:59,15700.0,300.0,646100.0
655,2021-10-14 09:08:58,15600.0,1400.0,645800.0
656,2021-10-14 09:08:55,15700.0,1600.0,644400.0
657,2021-10-14 09:08:54,15700.0,200.0,642800.0
658,2021-10-14 09:08:52,15700.0,7000.0,642600.0
659,2021-10-14 09:08:46,15700.0,500.0,635600.0
660,2021-10-14 09:08:44,15700.0,1600.0,635100.0
661,2021-10-14 09:08:42,15600.0,3700.0,633500.0
662,2021-10-14 09:08:41,15600.0,100.0,629800.0
663,2021-10-14 09:08:39,15700.0,900.0,629700.0
664,2021-10-14 09:08:35,15700.0,100.0,628800.0
665,2021-10-14 09:08:34,15700.0,3700.0,628700.0
666,2021-10-14 09:08:29,15700.0,100.0,625000.0
667,2021-10-14 09:08:27,15700.0,2400.0,624900.0
668,2021-10-14 09:08:26,15700.0,1500.0,622500.0
669,2021-10-14 09:08:17,15700.0,200.0,621000.0
670,2021-10-14 09:08:16,15600.0,100.0,620800.0
671,2021-10-14 09:08:11,15600.0,2500.0,620700.0
672,2021-10-14 09:08:08,15600.0,1500.0,618200.0
673,2021-10-14 09:08:07,15600.0,2000.0,616700.0
674,2021-10-14 09:08:06,15600.0,3500.0,614700.0
675,2021-10-14 09:08:05,15600.0,400.0,611200.0
676,2021-10-14 09:08:03,15600.0,2300.0,610800.0
677,2021-10-14 09:08:02,15600.0,5000.0,608500.0
678,2021-10-14 09:08:01,15600.0,3000.0,603500.0
679,2021-10-14 09:07:58,15600.0,3000.0,600500.0
680,2021-10-14 09:07:57,15600.0,600.0,597500.0
681,2021-10-14 09:07:55,15600.0,500.0,596900.0
682,2021-10-14 09:07:49,15600.0,26000.0,596400.0
683,2021-10-14 09:07:48,15600.0,1800.0,570400.0
684,2021-10-14 09:07:47,15600.0,500.0,568600.0
685,2021-10-14 09:07:46,15600.0,100.0,568100.0
686,2021-10-14 09:07:45,15600.0,1000.0,568000.0
687,2021-10-14 09:07:44,15600.0,1000.0,567000.0
688,2021-10-14 09:07:42,15500.0,1600.0,566000.0
689,2021-10-14 09:07:39,15600.0,100.0,564400.0
690,2021-10-14 09:07:38,15600.0,1100.0,564300.0
691,2021-10-14 09:07:34,15600.0,400.0,563200.0
692,2021-10-14 09:07:33,15600.0,100.0,562800.0
693,2021-10-14 09:07:24,15600.0,1000.0,562700.0
694,2021-10-14 09:07:23,15500.0,200.0,561700.0
695,2021-10-14 09:07:21,15500.0,500.0,561500.0
696,2021-10-14 09:07:17,15500.0,200.0,561000.0
697,2021-10-14 09:07:16,15500.0,100.0,560800.0
698,2021-10-14 09:07:14,15500.0,400.0,560700.0
699,2021-10-14 09:07:10,15500.0,3000.0,560300.0
700,2021-10-14 09:07:07,15500.0,2000.0,557300.0
701,2021-10-14 09:07:00,15500.0,300.0,555300.0
702,2021-10-14 09:06:59,15500.0,100.0,555000.0
703,2021-10-14 09:06:56,15500.0,2700.0,554900.0
704,2021-10-14 09:06:55,15500.0,300.0,552200.0
705,2021-10-14 09:06:54,15500.0,1500.0,551900.0
706,2021-10-14 09:06:51,15500.0,5100.0,550400.0
707,2021-10-14 09:06:50,15500.0,3400.0,545300.0
708,2021-10-14 09:06:47,15500.0,1200.0,541900.0
709,2021-10-14 09:06:46,15500.0,3000.0,540700.0
710,2021-10-14 09:06:42,15500.0,300.0,537700.0
711,2021-10-14 09:06:36,15400.0,100.0,537400.0
712,2021-10-14 09:06:35,15500.0,100.0,537300.0
713,2021-10-14 09:06:34,15500.0,300.0,537200.0
714,2021-10-14 09:06:33,15500.0,2400.0,536900.0
715,2021-10-14 09:06:32,15500.0,2200.0,534500.0
716,2021-10-14 09:06:30,15500.0,3500.0,532300.0
717,2021-10-14 09:06:28,15500.0,300.0,528800.0
718,2021-10-14 09:06:27,15500.0,300.0,528500.0
719,2021-10-14 09:06:26,15500.0,5000.0,528200.0
720,2021-10-14 09:06:25,15500.0,8500.0,523200.0
721,2021-10-14 09:06:21,15500.0,900.0,514700.0
722,2021-10-14 09:06:16,15500.0,600.0,513800.0
723,2021-10-14 09:06:15,15500.0,3000.0,513200.0
724,2021-10-14 09:06:06,15500.0,1000.0,510200.0
725,2021-10-14 09:06:04,15500.0,100.0,509200.0
726,2021-10-14 09:05:57,15400.0,1000.0,509100.0
727,2021-10-14 09:05:56,15400.0,4300.0,508100.0
728,2021-10-14 09:05:55,15500.0,4000.0,503800.0
729,2021-10-14 09:05:51,15500.0,100.0,499800.0
730,2021-10-14 09:05:46,15400.0,100.0,499700.0
731,2021-10-14 09:05:45,15400.0,100.0,499600.0
732,2021-10-14 09:05:42,15400.0,3200.0,499500.0
733,2021-10-14 09:05:41,15500.0,100.0,496300.0
734,2021-10-14 09:05:37,15500.0,4800.0,496200.0
735,2021-10-14 09:05:35,15400.0,1000.0,491400.0
736,2021-10-14 09:05:33,15400.0,700.0,490400.0
737,2021-10-14 09:05:32,15400.0,200.0,489700.0
738,2021-10-14 09:05:29,15400.0,1500.0,489500.0
739,2021-10-14 09:05:28,15400.0,1000.0,488000.0
740,2021-10-14 09:05:27,15400.0,100.0,487000.0
741,2021-10-14 09:05:18,15400.0,2000.0,486900.0
742,2021-10-14 09:05:17,15400.0,7900.0,484900.0
743,2021-10-14 09:05:16,15400.0,200.0,477000.0
744,2021-10-14 09:05:14,15400.0,6000.0,476800.0
745,2021-10-14 09:05:13,15400.0,300.0,470800.0
746,2021-10-14 09:05:12,15400.0,200.0,470500.0
747,2021-10-14 09:05:09,15400.0,5000.0,470300.0
748,2021-10-14 09:05:07,15400.0,3000.0,465300.0
749,2021-10-14 09:05:06,15400.0,5000.0,462300.0
750,2021-10-14 09:05:05,15400.0,500.0,457300.0
751,2021-10-14 09:05:04,15400.0,6500.0,456800.0
752,2021-10-14 09:05:03,15500.0,2000.0,450300.0
753,2021-10-14 09:05:00,15400.0,2700.0,448300.0
754,2021-10-14 09:04:59,15400.0,500.0,445600.0
755,2021-10-14 09:04:58,15400.0,5700.0,445100.0
756,2021-10-14 09:04:56,15400.0,1000.0,439400.0
757,2021-10-14 09:04:55,15400.0,1200.0,438400.0
758,2021-10-14 09:04:53,15500.0,8900.0,437200.0
759,2021-10-14 09:04:52,15400.0,600.0,428300.0
760,2021-10-14 09:04:49,15400.0,1100.0,427700.0
761,2021-10-14 09:04:47,15400.0,500.0,426600.0
762,2021-10-14 09:04:46,15400.0,10000.0,426100.0
763,2021-10-14 09:04:44,15500.0,100.0,416100.0
764,2021-10-14 09:04:43,15400.0,200.0,416000.0
765,2021-10-14 09:04:42,15400.0,2700.0,415800.0
766,2021-10-14 09:04:41,15400.0,1000.0,413100.0
767,2021-10-14 09:04:39,15400.0,100.0,412100.0
768,2021-10-14 09:04:38,15400.0,3000.0,412000.0
769,2021-10-14 09:04:35,15500.0,100.0,409000.0
770,2021-10-14 09:04:31,15500.0,300.0,408900.0
771,2021-10-14 09:04:28,15400.0,500.0,408600.0
772,2021-10-14 09:04:27,15400.0,500.0,408100.0
773,2021-10-14 09:04:24,15400.0,1000.0,407600.0
774,2021-10-14 09:04:23,15400.0,100.0,406600.0
775,2021-10-14 09:04:20,15400.0,1000.0,406500.0
776,2021-10-14 09:04:18,15400.0,1000.0,405500.0
777,2021-10-14 09:04:16,15400.0,7000.0,404500.0
778,2021-10-14 09:04:14,15400.0,7100.0,397500.0
779,2021-10-14 09:04:11,15400.0,500.0,390400.0
780,2021-10-14 09:04:10,15400.0,1200.0,389900.0
781,2021-10-14 09:04:09,15300.0,2000.0,388700.0
782,2021-10-14 09:04:08,15400.0,2900.0,386700.0
783,2021-10-14 09:04:07,15400.0,3100.0,383800.0
784,2021-10-14 09:04:06,15400.0,300.0,380700.0
785,2021-10-14 09:04:05,15400.0,1100.0,380400.0
786,2021-10-14 09:04:04,15400.0,200.0,379300.0
787,2021-10-14 09:04:02,15500.0,700.0,379100.0
788,2021-10-14 09:04:00,15400.0,100.0,378400.0
789,2021-10-14 09:03:59,15400.0,1300.0,378300.0
790,2021-10-14 09:03:58,15400.0,29000.0,377000.0
791,2021-10-14 09:03:57,15400.0,300.0,348000.0
792,2021-10-14 09:03:55,15400.0,1000.0,347700.0
793,2021-10-14 09:03:53,15400.0,500.0,346700.0
794,2021-10-14 09:03:52,15400.0,1000.0,346200.0
795,2021-10-14 09:03:51,15400.0,100.0,345200.0
796,2021-10-14 09:03:49,15400.0,300.0,345100.0
797,2021-10-14 09:03:48,15400.0,1000.0,344800.0
798,2021-10-14 09:03:47,15400.0,5000.0,343800.0
799,2021-10-14 09:03:46,15400.0,2000.0,338800.0
800,2021-10-14 09:03:43,15400.0,500.0,336800.0
801,2021-10-14 09:03:42,15400.0,500.0,336300.0
802,2021-10-14 09:03:41,15400.0,100.0,335800.0
803,2021-10-14 09:03:40,15400.0,100.0,335700.0
804,2021-10-14 09:03:39,15400.0,100.0,335600.0
805,2021-10-14 09:03:38,15400.0,2600.0,335500.0
806,2021-10-14 09:03:37,15400.0,200.0,332900.0
807,2021-10-14 09:03:36,15400.0,1000.0,332700.0
808,2021-10-14 09:03:35,15400.0,11900.0,331700.0
809,2021-10-14 09:03:33,15400.0,10000.0,319800.0
810,2021-10-14 09:03:32,15500.0,1700.0,309800.0
811,2021-10-14 09:03:31,15500.0,1000.0,308100.0
812,2021-10-14 09:03:29,15500.0,400.0,307100.0
813,2021-10-14 09:03:28,15500.0,1600.0,306700.0
814,2021-10-14 09:03:27,15500.0,500.0,305100.0
815,2021-10-14 09:03:26,15500.0,1000.0,304600.0
816,2021-10-14 09:03:23,15500.0,1000.0,303600.0
817,2021-10-14 09:03:22,15500.0,500.0,302600.0
818,2021-10-14 09:03:17,15600.0,10000.0,302100.0
819,2021-10-14 09:03:16,15400.0,1100.0,292100.0
820,2021-10-14 09:03:14,15400.0,700.0,291000.0
821,2021-10-14 09:03:13,15400.0,100.0,290300.0
822,2021-10-14 09:03:11,15400.0,1000.0,290200.0
823,2021-10-14 09:03:10,15400.0,2200.0,289200.0
824,2021-10-14 09:03:09,15400.0,1000.0,287000.0
825,2021-10-14 09:03:08,15400.0,20100.0,286000.0
826,2021-10-14 09:03:07,15400.0,2000.0,265900.0
827,2021-10-14 09:03:05,15400.0,1100.0,263900.0
828,2021-10-14 09:03:04,15400.0,2000.0,262800.0
829,2021-10-14 09:03:03,15400.0,2000.0,260800.0
830,2021-10-14 09:03:02,15400.0,500.0,258800.0
831,2021-10-14 09:03:01,15400.0,17800.0,258300.0
832,2021-10-14 09:03:00,15500.0,10100.0,240500.0
833,2021-10-14 09:02:58,15500.0,500.0,230400.0
834,2021-10-14 09:02:57,15500.0,500.0,229900.0
835,2021-10-14 09:02:55,15400.0,1000.0,229400.0
836,2021-10-14 09:02:53,15500.0,11000.0,228400.0
837,2021-10-14 09:02:52,15500.0,400.0,217400.0
838,2021-10-14 09:02:50,15400.0,8000.0,217000.0
839,2021-10-14 09:02:48,15500.0,100.0,209000.0
840,2021-10-14 09:02:47,15300.0,50900.0,208900.0
841,2021-10-14 09:02:46,15500.0,100.0,158000.0
842,2021-10-14 09:02:41,15400.0,9400.0,157900.0
843,2021-10-14 09:02:40,15500.0,100.0,148500.0
844,2021-10-14 09:02:38,15500.0,500.0,148400.0
845,2021-10-14 09:02:33,15500.0,200.0,147900.0
846,2021-10-14 09:02:32,15400.0,2900.0,147700.0
847,2021-10-14 09:02:31,15400.0,2000.0,144800.0
848,2021-10-14 09:02:30,15400.0,4200.0,142800.0
849,2021-10-14 09:02:27,15400.0,4000.0,138600.0
850,2021-10-14 09:02:26,15400.0,100.0,134600.0
851,2021-10-14 09:02:24,15400.0,3000.0,134500.0
852,2021-10-14 09:02:23,15300.0,200.0,131500.0
853,2021-10-14 09:02:22,15400.0,2100.0,131300.0
854,2021-10-14 09:02:21,15300.0,200.0,129200.0
855,2021-10-14 09:02:17,15400.0,300.0,129000.0
856,2021-10-14 09:02:15,15300.0,2000.0,128700.0
857,2021-10-14 09:02:11,15300.0,600.0,126700.0
858,2021-10-14 09:02:10,15300.0,300.0,126100.0
859,2021-10-14 09:02:09,15300.0,1000.0,125800.0
860,2021-10-14 09:02:08,15300.0,3100.0,124800.0
861,2021-10-14 09:02:07,15300.0,300.0,121700.0
862,2021-10-14 09:02:05,15300.0,1600.0,121400.0
863,2021-10-14 09:02:04,15300.0,4100.0,119800.0
864,2021-10-14 09:02:01,15300.0,1000.0,115700.0
865,2021-10-14 09:02:00,15300.0,2800.0,114700.0
866,2021-10-14 09:01:59,15300.0,5000.0,111900.0
867,2021-10-14 09:01:56,15300.0,1300.0,106900.0
868,2021-10-14 09:01:55,15300.0,300.0,105600.0
869,2021-10-14 09:01:54,15200.0,1300.0,105300.0
870,2021-10-14 09:01:52,15300.0,200.0,104000.0
871,2021-10-14 09:01:51,15300.0,500.0,103800.0
872,2021-10-14 09:01:50,15300.0,1500.0,103300.0
873,2021-10-14 09:01:49,15200.0,100.0,101800.0
874,2021-10-14 09:01:46,15300.0,300.0,101700.0
875,2021-10-14 09:01:45,15300.0,5500.0,101400.0
876,2021-10-14 09:01:43,15300.0,2600.0,95900.0
877,2021-10-14 09:01:42,15300.0,1000.0,93300.0
878,2021-10-14 09:01:40,15300.0,200.0,92300.0
879,2021-10-14 09:01:33,15200.0,23600.0,92100.0
880,2021-10-14 09:01:32,15200.0,1900.0,68500.0
881,2021-10-14 09:01:31,15100.0,100.0,66600.0
882,2021-10-14 09:01:30,15100.0,1500.0,66500.0
883,2021-10-14 09:01:29,15200.0,400.0,65000.0
884,2021-10-14 09:01:28,15200.0,100.0,64600.0
885,2021-10-14 09:01:27,15100.0,500.0,64500.0
886,2021-10-14 09:01:22,15200.0,5000.0,64000.0
887,2021-10-14 09:01:21,15200.0,100.0,59000.0
888,2021-10-14 09:01:20,15100.0,2200.0,58900.0
889,2021-10-14 09:01:17,15100.0,8000.0,56700.0
890,2021-10-14 09:01:16,15200.0,200.0,48700.0
891,2021-10-14 09:01:15,15200.0,500.0,48500.0
892,2021-10-14 09:01:14,15100.0,300.0,48000.0
893,2021-10-14 09:01:10,15100.0,1800.0,47700.0
894,2021-10-14 09:01:09,15100.0,1000.0,45900.0
895,2021-10-14 09:01:06,15100.0,400.0,44900.0
896,2021-10-14 09:00:52,15100.0,100.0,44500.0
897,2021-10-14 09:00:45,15000.0,5900.0,44400.0
898,2021-10-14 09:00:41,15100.0,1200.0,38500.0
899,2021-10-14 09:00:40,15100.0,200.0,37300.0
900,2021-10-14 09:00:35,15000.0,4300.0,37100.0
901,2021-10-14 09:00:19,15000.0,100.0,32800.0
902,2021-10-14 09:00:16,15000.0,10100.0,32700.0
903,2021-10-14 09:00:14,15200.0,300.0,22600.0
904,2021-10-14 09:00:10,15000.0,2000.0,22300.0
905,2021-10-14 09:00:07,15000.0,10900.0,20300.0
906,2021-10-14 09:00:05,15000.0,400.0,9400.0
907,2021-10-14 09:00:04,15000.0,8900.0,9000.0
908,2021-10-14 09:00:03,15000.0,100.0,100.0
