,Time,Price,Volume_per_trade,Volume
0,2021-10-07 14:45:02,14600.0,419700.0,2169786.0
1,2021-10-07 14:29:57,15000.0,100.0,1750086.0
2,2021-10-07 14:29:51,15000.0,28100.0,1749986.0
3,2021-10-07 14:29:46,14900.0,12900.0,1721886.0
4,2021-10-07 14:29:45,14700.0,1600.0,1708986.0
5,2021-10-07 14:29:42,14700.0,100.0,1707386.0
6,2021-10-07 14:29:41,14700.0,2000.0,1707286.0
7,2021-10-07 14:29:40,14700.0,700.0,1705286.0
8,2021-10-07 14:29:35,14700.0,1000.0,1704586.0
9,2021-10-07 14:29:31,14700.0,3800.0,1703586.0
10,2021-10-07 14:29:30,14600.0,9100.0,1699786.0
11,2021-10-07 14:29:23,14700.0,200.0,1690686.0
12,2021-10-07 14:29:22,14700.0,700.0,1690486.0
13,2021-10-07 14:29:18,14700.0,700.0,1689786.0
14,2021-10-07 14:29:17,14700.0,700.0,1689086.0
15,2021-10-07 14:29:16,14700.0,400.0,1688386.0
16,2021-10-07 14:29:14,14700.0,1500.0,1687986.0
17,2021-10-07 14:29:10,14700.0,300.0,1686486.0
18,2021-10-07 14:29:06,14700.0,200.0,1686186.0
19,2021-10-07 14:29:05,14700.0,1900.0,1685986.0
20,2021-10-07 14:29:01,14700.0,200.0,1684086.0
21,2021-10-07 14:28:57,14700.0,5000.0,1683886.0
22,2021-10-07 14:28:51,14700.0,500.0,1678886.0
23,2021-10-07 14:28:40,14700.0,300.0,1678386.0
24,2021-10-07 14:28:39,14700.0,100.0,1678086.0
25,2021-10-07 14:28:38,14700.0,200.0,1677986.0
26,2021-10-07 14:28:36,14700.0,100.0,1677786.0
27,2021-10-07 14:28:31,14700.0,1000.0,1677686.0
28,2021-10-07 14:28:30,14700.0,2700.0,1676686.0
29,2021-10-07 14:28:29,14600.0,1200.0,1673986.0
30,2021-10-07 14:28:24,14700.0,100.0,1672786.0
31,2021-10-07 14:28:23,14700.0,100.0,1672686.0
32,2021-10-07 14:28:16,14600.0,2000.0,1672586.0
33,2021-10-07 14:28:01,14700.0,3000.0,1670586.0
34,2021-10-07 14:27:58,14600.0,700.0,1667586.0
35,2021-10-07 14:27:48,14600.0,1000.0,1666886.0
36,2021-10-07 14:27:37,14700.0,100.0,1665886.0
37,2021-10-07 14:27:35,14700.0,1100.0,1665786.0
38,2021-10-07 14:27:32,14600.0,20000.0,1664686.0
39,2021-10-07 14:27:31,14600.0,100.0,1644686.0
40,2021-10-07 14:27:24,14700.0,1000.0,1644586.0
41,2021-10-07 14:27:19,14700.0,100.0,1643586.0
42,2021-10-07 14:27:08,14600.0,9700.0,1643486.0
43,2021-10-07 14:26:54,14600.0,2000.0,1633786.0
44,2021-10-07 14:26:48,14600.0,1900.0,1631786.0
45,2021-10-07 14:26:39,14600.0,200.0,1629886.0
46,2021-10-07 14:26:35,14600.0,1000.0,1629686.0
47,2021-10-07 14:26:31,14600.0,300.0,1628686.0
48,2021-10-07 14:26:30,14600.0,900.0,1628386.0
49,2021-10-07 14:25:59,14700.0,500.0,1627486.0
50,2021-10-07 14:25:46,14600.0,2300.0,1626986.0
51,2021-10-07 14:25:41,14600.0,100.0,1624686.0
52,2021-10-07 14:25:32,14600.0,100.0,1624586.0
53,2021-10-07 14:25:24,14700.0,1000.0,1624486.0
54,2021-10-07 14:25:23,14600.0,200.0,1623486.0
55,2021-10-07 14:25:22,14600.0,900.0,1623286.0
56,2021-10-07 14:25:19,14600.0,2600.0,1622386.0
57,2021-10-07 14:25:13,14700.0,100.0,1619786.0
58,2021-10-07 14:25:04,14700.0,500.0,1619686.0
59,2021-10-07 14:24:55,14600.0,200.0,1619186.0
60,2021-10-07 14:24:49,14600.0,200.0,1618986.0
61,2021-10-07 14:24:43,14600.0,100.0,1618786.0
62,2021-10-07 14:24:35,14600.0,2000.0,1618686.0
63,2021-10-07 14:24:31,14600.0,200.0,1616686.0
64,2021-10-07 14:24:27,14700.0,100.0,1616486.0
65,2021-10-07 14:24:24,14700.0,75.0,1616386.0
66,2021-10-07 14:24:17,14700.0,100.0,1616311.0
67,2021-10-07 14:24:15,14600.0,2000.0,1616211.0
68,2021-10-07 14:24:03,14700.0,2300.0,1614211.0
69,2021-10-07 14:24:00,14700.0,600.0,1611911.0
70,2021-10-07 14:23:57,14700.0,400.0,1611311.0
71,2021-10-07 14:23:56,14700.0,1000.0,1610911.0
72,2021-10-07 14:23:55,14700.0,1000.0,1609911.0
73,2021-10-07 14:23:37,14700.0,200.0,1608911.0
74,2021-10-07 14:23:30,14700.0,300.0,1608711.0
75,2021-10-07 14:23:15,14700.0,400.0,1608411.0
76,2021-10-07 14:23:12,14700.0,2300.0,1608011.0
77,2021-10-07 14:23:04,14600.0,200.0,1605711.0
78,2021-10-07 14:22:52,14600.0,200.0,1605511.0
79,2021-10-07 14:22:34,14600.0,500.0,1605311.0
80,2021-10-07 14:22:27,14600.0,700.0,1604811.0
81,2021-10-07 14:22:25,14600.0,100.0,1604111.0
82,2021-10-07 14:22:21,14600.0,8000.0,1604011.0
83,2021-10-07 14:22:19,14600.0,1000.0,1596011.0
84,2021-10-07 14:22:17,14600.0,500.0,1595011.0
85,2021-10-07 14:21:53,14600.0,400.0,1594511.0
86,2021-10-07 14:21:51,14600.0,500.0,1594111.0
87,2021-10-07 14:21:36,14600.0,600.0,1593611.0
88,2021-10-07 14:21:31,14600.0,300.0,1593011.0
89,2021-10-07 14:21:17,14600.0,5000.0,1592711.0
90,2021-10-07 14:21:13,14600.0,900.0,1587711.0
91,2021-10-07 14:21:02,14600.0,5000.0,1586811.0
92,2021-10-07 14:21:01,14700.0,100.0,1581811.0
93,2021-10-07 14:20:55,14700.0,1300.0,1581711.0
94,2021-10-07 14:20:26,14700.0,3000.0,1580411.0
95,2021-10-07 14:20:25,14600.0,400.0,1577411.0
96,2021-10-07 14:20:18,14600.0,1000.0,1577011.0
97,2021-10-07 14:20:08,14600.0,1000.0,1576011.0
98,2021-10-07 14:20:04,14600.0,2000.0,1575011.0
99,2021-10-07 14:19:58,14600.0,2000.0,1573011.0
100,2021-10-07 14:19:30,14600.0,2000.0,1571011.0
101,2021-10-07 14:19:21,14700.0,41000.0,1569011.0
102,2021-10-07 14:19:16,14700.0,300.0,1528011.0
103,2021-10-07 14:17:33,14700.0,300.0,1527711.0
104,2021-10-07 14:17:27,14800.0,200.0,1527411.0
105,2021-10-07 14:17:19,14800.0,100.0,1527211.0
106,2021-10-07 14:17:17,14800.0,100.0,1527111.0
107,2021-10-07 14:17:07,14800.0,100.0,1527011.0
108,2021-10-07 14:17:06,14800.0,300.0,1526911.0
109,2021-10-07 14:17:00,14800.0,100.0,1526611.0
110,2021-10-07 14:16:55,14800.0,900.0,1526511.0
111,2021-10-07 14:16:51,14800.0,300.0,1525611.0
112,2021-10-07 14:16:47,14700.0,100.0,1525311.0
113,2021-10-07 14:16:36,14800.0,300.0,1525211.0
114,2021-10-07 14:16:35,14800.0,100.0,1524911.0
115,2021-10-07 14:16:31,14800.0,300.0,1524811.0
116,2021-10-07 14:16:24,14800.0,3000.0,1524511.0
117,2021-10-07 14:16:22,14800.0,1600.0,1521511.0
118,2021-10-07 14:16:14,14800.0,100.0,1519911.0
119,2021-10-07 14:15:56,14800.0,100.0,1519811.0
120,2021-10-07 14:15:47,14800.0,100.0,1519711.0
121,2021-10-07 14:15:46,14700.0,400.0,1519611.0
122,2021-10-07 14:15:37,14800.0,100.0,1519211.0
123,2021-10-07 14:15:26,14800.0,600.0,1519111.0
124,2021-10-07 14:15:25,14800.0,1000.0,1518511.0
125,2021-10-07 14:15:21,14800.0,100.0,1517511.0
126,2021-10-07 14:15:15,14800.0,100.0,1517411.0
127,2021-10-07 14:15:09,14800.0,100.0,1517311.0
128,2021-10-07 14:14:57,14700.0,2000.0,1517211.0
129,2021-10-07 14:14:50,14700.0,800.0,1515211.0
130,2021-10-07 14:14:36,14700.0,1000.0,1514411.0
131,2021-10-07 14:14:26,14800.0,100.0,1513411.0
132,2021-10-07 14:14:08,14800.0,1000.0,1513311.0
133,2021-10-07 14:13:45,14800.0,2300.0,1512311.0
134,2021-10-07 14:13:33,14700.0,1000.0,1510011.0
135,2021-10-07 14:13:06,14700.0,1000.0,1509011.0
136,2021-10-07 14:13:02,14700.0,100.0,1508011.0
137,2021-10-07 14:12:53,14700.0,4700.0,1507911.0
138,2021-10-07 14:12:42,14800.0,300.0,1503211.0
139,2021-10-07 14:12:28,14700.0,500.0,1502911.0
140,2021-10-07 14:12:20,14700.0,1000.0,1502411.0
141,2021-10-07 14:12:19,14700.0,17700.0,1501411.0
142,2021-10-07 14:12:13,14700.0,100.0,1483711.0
143,2021-10-07 14:12:09,14700.0,100.0,1483611.0
144,2021-10-07 14:12:03,14700.0,10000.0,1483511.0
145,2021-10-07 14:11:45,14700.0,100.0,1473511.0
146,2021-10-07 14:11:32,14800.0,100.0,1473411.0
147,2021-10-07 14:11:28,14700.0,200.0,1473311.0
148,2021-10-07 14:11:26,14700.0,12500.0,1473111.0
149,2021-10-07 14:10:49,14800.0,100.0,1460611.0
150,2021-10-07 14:10:34,14800.0,300.0,1460511.0
151,2021-10-07 14:10:24,14800.0,100.0,1460211.0
152,2021-10-07 14:09:54,14800.0,100.0,1460111.0
153,2021-10-07 14:09:33,14800.0,100.0,1460011.0
154,2021-10-07 14:09:29,14800.0,100.0,1459911.0
155,2021-10-07 14:09:27,14700.0,5000.0,1459811.0
156,2021-10-07 14:09:07,14800.0,100.0,1454811.0
157,2021-10-07 14:08:46,14800.0,100.0,1454711.0
158,2021-10-07 14:08:42,14800.0,100.0,1454611.0
159,2021-10-07 14:08:29,14800.0,800.0,1454511.0
160,2021-10-07 14:08:23,14800.0,500.0,1453711.0
161,2021-10-07 14:07:43,14800.0,500.0,1453211.0
162,2021-10-07 14:07:41,14800.0,1500.0,1452711.0
163,2021-10-07 14:07:35,14800.0,500.0,1451211.0
164,2021-10-07 14:07:23,14800.0,3000.0,1450711.0
165,2021-10-07 14:06:24,14800.0,2000.0,1447711.0
166,2021-10-07 14:06:18,14700.0,1000.0,1445711.0
167,2021-10-07 14:06:13,14800.0,100.0,1444711.0
168,2021-10-07 14:06:10,14700.0,500.0,1444611.0
169,2021-10-07 14:06:01,14700.0,1600.0,1444111.0
170,2021-10-07 14:06:00,14700.0,4000.0,1442511.0
171,2021-10-07 14:05:59,14800.0,2000.0,1438511.0
172,2021-10-07 14:05:46,14800.0,2300.0,1436511.0
173,2021-10-07 14:05:38,14800.0,200.0,1434211.0
174,2021-10-07 14:05:19,14800.0,100.0,1434011.0
175,2021-10-07 14:05:15,14700.0,100.0,1433911.0
176,2021-10-07 14:04:58,14700.0,1000.0,1433811.0
177,2021-10-07 14:04:40,14700.0,1000.0,1432811.0
178,2021-10-07 14:04:33,14700.0,1500.0,1431811.0
179,2021-10-07 14:04:32,14800.0,100.0,1430311.0
180,2021-10-07 14:04:23,14800.0,100.0,1430211.0
181,2021-10-07 14:04:14,14700.0,3000.0,1430111.0
182,2021-10-07 14:03:58,14800.0,700.0,1427111.0
183,2021-10-07 14:03:49,14800.0,100.0,1426411.0
184,2021-10-07 14:03:41,14800.0,1300.0,1426311.0
185,2021-10-07 14:03:32,14800.0,100.0,1425011.0
186,2021-10-07 14:03:08,14800.0,400.0,1424911.0
187,2021-10-07 14:03:01,14800.0,5000.0,1424511.0
188,2021-10-07 14:01:53,14800.0,1000.0,1419511.0
189,2021-10-07 14:01:14,14800.0,4000.0,1418511.0
190,2021-10-07 14:01:03,14900.0,100.0,1414511.0
191,2021-10-07 14:00:43,14800.0,6000.0,1414411.0
192,2021-10-07 14:00:42,14800.0,200.0,1408411.0
193,2021-10-07 13:59:57,14800.0,5700.0,1408211.0
194,2021-10-07 13:59:53,14800.0,2500.0,1402511.0
195,2021-10-07 13:59:49,14800.0,100.0,1400011.0
196,2021-10-07 13:59:47,14800.0,800.0,1399911.0
197,2021-10-07 13:59:34,14800.0,1000.0,1399111.0
198,2021-10-07 13:59:30,14800.0,200.0,1398111.0
199,2021-10-07 13:59:24,14800.0,200.0,1397911.0
200,2021-10-07 13:59:18,14800.0,200.0,1397711.0
201,2021-10-07 13:59:16,14800.0,1700.0,1397511.0
202,2021-10-07 13:59:13,14700.0,600.0,1395811.0
203,2021-10-07 13:59:06,14800.0,500.0,1395211.0
204,2021-10-07 13:58:23,14800.0,1000.0,1394711.0
205,2021-10-07 13:58:22,14800.0,100.0,1393711.0
206,2021-10-07 13:58:21,14800.0,700.0,1393611.0
207,2021-10-07 13:58:01,14800.0,100.0,1392911.0
208,2021-10-07 13:57:53,14800.0,500.0,1392811.0
209,2021-10-07 13:57:45,14800.0,100.0,1392311.0
210,2021-10-07 13:57:35,14800.0,100.0,1392211.0
211,2021-10-07 13:57:22,14800.0,2000.0,1392111.0
212,2021-10-07 13:57:20,14800.0,200.0,1390111.0
213,2021-10-07 13:56:50,14800.0,200.0,1389911.0
214,2021-10-07 13:56:28,14800.0,700.0,1389711.0
215,2021-10-07 13:55:54,14800.0,100.0,1389011.0
216,2021-10-07 13:55:51,14800.0,200.0,1388911.0
217,2021-10-07 13:55:48,14700.0,2000.0,1388711.0
218,2021-10-07 13:55:36,14800.0,300.0,1386711.0
219,2021-10-07 13:55:26,14800.0,1000.0,1386411.0
220,2021-10-07 13:55:25,14700.0,5000.0,1385411.0
221,2021-10-07 13:55:01,14800.0,400.0,1380411.0
222,2021-10-07 13:54:48,14800.0,12300.0,1380011.0
223,2021-10-07 13:54:33,14800.0,200.0,1367711.0
224,2021-10-07 13:54:19,14800.0,700.0,1367511.0
225,2021-10-07 13:53:52,14800.0,200.0,1366811.0
226,2021-10-07 13:53:48,14900.0,100.0,1366611.0
227,2021-10-07 13:53:27,14900.0,500.0,1366511.0
228,2021-10-07 13:53:20,14800.0,2000.0,1366011.0
229,2021-10-07 13:52:54,14800.0,9900.0,1364011.0
230,2021-10-07 13:52:45,14800.0,100.0,1354111.0
231,2021-10-07 13:52:05,14900.0,100.0,1354011.0
232,2021-10-07 13:51:42,14900.0,100.0,1353911.0
233,2021-10-07 13:50:37,14900.0,100.0,1353811.0
234,2021-10-07 13:50:03,14900.0,100.0,1353711.0
235,2021-10-07 13:49:52,14900.0,1500.0,1353611.0
236,2021-10-07 13:48:55,15000.0,5000.0,1352111.0
237,2021-10-07 13:48:18,14800.0,6500.0,1347111.0
238,2021-10-07 13:48:03,14800.0,200.0,1340611.0
239,2021-10-07 13:47:36,14800.0,2000.0,1340411.0
240,2021-10-07 13:46:49,14800.0,1000.0,1338411.0
241,2021-10-07 13:46:30,14800.0,2100.0,1337411.0
242,2021-10-07 13:46:25,14800.0,10000.0,1335311.0
243,2021-10-07 13:46:24,14900.0,100.0,1325311.0
244,2021-10-07 13:46:17,14900.0,2000.0,1325211.0
245,2021-10-07 13:45:56,14800.0,500.0,1323211.0
246,2021-10-07 13:45:43,14900.0,1000.0,1322711.0
247,2021-10-07 13:45:36,14800.0,200.0,1321711.0
248,2021-10-07 13:45:35,14900.0,1000.0,1321511.0
249,2021-10-07 13:45:26,14800.0,100.0,1320511.0
250,2021-10-07 13:45:15,14800.0,100.0,1320411.0
251,2021-10-07 13:45:13,14800.0,200.0,1320311.0
252,2021-10-07 13:45:02,14800.0,1000.0,1320111.0
253,2021-10-07 13:44:58,14800.0,3000.0,1319111.0
254,2021-10-07 13:44:39,14900.0,300.0,1316111.0
255,2021-10-07 13:44:09,14800.0,2000.0,1315811.0
256,2021-10-07 13:43:53,14800.0,100.0,1313811.0
257,2021-10-07 13:43:24,14800.0,5200.0,1313711.0
258,2021-10-07 13:43:05,14800.0,100.0,1308511.0
259,2021-10-07 13:42:41,14800.0,6300.0,1308411.0
260,2021-10-07 13:42:23,14800.0,5000.0,1302111.0
261,2021-10-07 13:41:53,14800.0,100.0,1297111.0
262,2021-10-07 13:41:35,14800.0,1200.0,1297011.0
263,2021-10-07 13:41:29,14800.0,400.0,1295811.0
264,2021-10-07 13:41:27,14800.0,600.0,1295411.0
265,2021-10-07 13:41:26,14800.0,300.0,1294811.0
266,2021-10-07 13:41:22,14800.0,1000.0,1294511.0
267,2021-10-07 13:41:21,14800.0,400.0,1293511.0
268,2021-10-07 13:41:18,14700.0,2900.0,1293111.0
269,2021-10-07 13:41:16,14800.0,3000.0,1290211.0
270,2021-10-07 13:41:11,14800.0,100.0,1287211.0
271,2021-10-07 13:40:24,14800.0,1100.0,1287111.0
272,2021-10-07 13:40:07,14800.0,100.0,1286011.0
273,2021-10-07 13:39:39,14800.0,200.0,1285911.0
274,2021-10-07 13:39:29,14800.0,100.0,1285711.0
275,2021-10-07 13:39:23,14800.0,200.0,1285611.0
276,2021-10-07 13:39:22,14800.0,200.0,1285411.0
277,2021-10-07 13:39:12,14700.0,200.0,1285211.0
278,2021-10-07 13:38:55,14800.0,100.0,1285011.0
279,2021-10-07 13:38:38,14800.0,200.0,1284911.0
280,2021-10-07 13:38:34,14800.0,1000.0,1284711.0
281,2021-10-07 13:38:26,14800.0,900.0,1283711.0
282,2021-10-07 13:38:19,14800.0,4000.0,1282811.0
283,2021-10-07 13:37:48,14800.0,5000.0,1278811.0
284,2021-10-07 13:37:45,14800.0,2700.0,1273811.0
285,2021-10-07 13:37:41,14800.0,100.0,1271111.0
286,2021-10-07 13:37:32,14900.0,600.0,1271011.0
287,2021-10-07 13:37:06,14900.0,100.0,1270411.0
288,2021-10-07 13:36:56,14800.0,2000.0,1270311.0
289,2021-10-07 13:36:48,14900.0,200.0,1268311.0
290,2021-10-07 13:36:36,14900.0,1800.0,1268111.0
291,2021-10-07 13:36:32,14900.0,300.0,1266311.0
292,2021-10-07 13:36:27,14800.0,2000.0,1266011.0
293,2021-10-07 13:36:18,14900.0,1100.0,1264011.0
294,2021-10-07 13:35:33,14900.0,900.0,1262911.0
295,2021-10-07 13:35:30,14900.0,200.0,1262011.0
296,2021-10-07 13:34:58,14800.0,100.0,1261811.0
297,2021-10-07 13:34:57,14800.0,500.0,1261711.0
298,2021-10-07 13:34:55,14800.0,5000.0,1261211.0
299,2021-10-07 13:34:27,14800.0,100.0,1256211.0
300,2021-10-07 13:34:22,14800.0,100.0,1256111.0
301,2021-10-07 13:34:04,14800.0,1300.0,1256011.0
302,2021-10-07 13:33:54,14800.0,1400.0,1254711.0
303,2021-10-07 13:33:49,14800.0,800.0,1253311.0
304,2021-10-07 13:33:26,14800.0,10000.0,1252511.0
305,2021-10-07 13:33:03,14900.0,300.0,1242511.0
306,2021-10-07 13:32:50,14900.0,1000.0,1242211.0
307,2021-10-07 13:32:49,14900.0,100.0,1241211.0
308,2021-10-07 13:32:20,14900.0,10400.0,1241111.0
309,2021-10-07 13:32:13,14900.0,2000.0,1230711.0
310,2021-10-07 13:31:55,14900.0,100.0,1228711.0
311,2021-10-07 13:31:23,15000.0,1000.0,1228611.0
312,2021-10-07 13:31:19,14900.0,100.0,1227611.0
313,2021-10-07 13:31:13,14900.0,500.0,1227511.0
314,2021-10-07 13:31:12,15000.0,500.0,1227011.0
315,2021-10-07 13:31:08,15000.0,100.0,1226511.0
316,2021-10-07 13:30:48,15000.0,100.0,1226411.0
317,2021-10-07 13:30:27,15000.0,100.0,1226311.0
318,2021-10-07 13:29:43,15000.0,2000.0,1226211.0
319,2021-10-07 13:29:26,15000.0,100.0,1224211.0
320,2021-10-07 13:29:21,15000.0,400.0,1224111.0
321,2021-10-07 13:29:19,15000.0,300.0,1223711.0
322,2021-10-07 13:29:18,15000.0,1100.0,1223411.0
323,2021-10-07 13:29:04,15000.0,100.0,1222311.0
324,2021-10-07 13:28:51,15000.0,3000.0,1222211.0
325,2021-10-07 13:28:41,15000.0,200.0,1219211.0
326,2021-10-07 13:28:30,15000.0,100.0,1219011.0
327,2021-10-07 13:28:22,15000.0,100.0,1218911.0
328,2021-10-07 13:28:19,14900.0,1000.0,1218811.0
329,2021-10-07 13:27:54,15000.0,1000.0,1217811.0
330,2021-10-07 13:27:47,15000.0,2200.0,1216811.0
331,2021-10-07 13:27:36,15000.0,800.0,1214611.0
332,2021-10-07 13:27:25,15000.0,4200.0,1213811.0
333,2021-10-07 13:26:47,15000.0,1000.0,1209611.0
334,2021-10-07 13:26:38,15200.0,1000.0,1208611.0
335,2021-10-07 13:26:22,15200.0,200.0,1207611.0
336,2021-10-07 13:26:08,15200.0,200.0,1207411.0
337,2021-10-07 13:25:59,15000.0,4900.0,1207211.0
338,2021-10-07 13:25:58,14900.0,700.0,1202311.0
339,2021-10-07 13:25:56,15000.0,200.0,1201611.0
340,2021-10-07 13:25:44,14900.0,300.0,1201411.0
341,2021-10-07 13:25:41,14900.0,100.0,1201111.0
342,2021-10-07 13:25:40,14900.0,1100.0,1201011.0
343,2021-10-07 13:25:39,14900.0,500.0,1199911.0
344,2021-10-07 13:25:33,14900.0,400.0,1199411.0
345,2021-10-07 13:25:28,14900.0,5000.0,1199011.0
346,2021-10-07 13:25:21,14800.0,400.0,1194011.0
347,2021-10-07 13:25:15,14800.0,200.0,1193611.0
348,2021-10-07 13:25:14,14800.0,200.0,1193411.0
349,2021-10-07 13:25:13,14700.0,100.0,1193211.0
350,2021-10-07 13:25:02,14700.0,600.0,1193111.0
351,2021-10-07 13:25:00,14700.0,13100.0,1192511.0
352,2021-10-07 13:24:59,14700.0,300.0,1179411.0
353,2021-10-07 13:24:56,14700.0,2000.0,1179111.0
354,2021-10-07 13:24:53,14700.0,2000.0,1177111.0
355,2021-10-07 13:24:49,14700.0,1900.0,1175111.0
356,2021-10-07 13:24:48,14700.0,400.0,1173211.0
357,2021-10-07 13:24:43,14600.0,4700.0,1172811.0
358,2021-10-07 13:24:39,14700.0,100.0,1168111.0
359,2021-10-07 13:24:32,14600.0,5000.0,1168011.0
360,2021-10-07 13:24:31,14700.0,2000.0,1163011.0
361,2021-10-07 13:24:29,14600.0,500.0,1161011.0
362,2021-10-07 13:24:26,14600.0,1400.0,1160511.0
363,2021-10-07 13:24:24,14600.0,300.0,1159111.0
364,2021-10-07 13:24:17,14600.0,2000.0,1158811.0
365,2021-10-07 13:23:59,14600.0,1000.0,1156811.0
366,2021-10-07 13:23:51,14700.0,6100.0,1155811.0
367,2021-10-07 13:23:44,14600.0,700.0,1149711.0
368,2021-10-07 13:23:43,14700.0,100.0,1149011.0
369,2021-10-07 13:23:35,14700.0,100.0,1148911.0
370,2021-10-07 13:23:33,14600.0,100.0,1148811.0
371,2021-10-07 13:23:21,14700.0,700.0,1148711.0
372,2021-10-07 13:23:18,14700.0,1000.0,1148011.0
373,2021-10-07 13:23:15,14700.0,700.0,1147011.0
374,2021-10-07 13:23:13,14700.0,1500.0,1146311.0
375,2021-10-07 13:23:10,14700.0,8400.0,1144811.0
376,2021-10-07 13:23:09,14700.0,500.0,1136411.0
377,2021-10-07 13:23:04,14700.0,5800.0,1135911.0
378,2021-10-07 13:23:00,14700.0,1000.0,1130111.0
379,2021-10-07 13:22:56,14700.0,15000.0,1129111.0
380,2021-10-07 13:22:53,14800.0,4000.0,1114111.0
381,2021-10-07 13:22:52,14700.0,1000.0,1110111.0
382,2021-10-07 13:22:47,14700.0,4300.0,1109111.0
383,2021-10-07 13:22:42,14700.0,1000.0,1104811.0
384,2021-10-07 13:22:38,14700.0,300.0,1103811.0
385,2021-10-07 13:22:34,14800.0,2000.0,1103511.0
386,2021-10-07 13:22:31,14700.0,1000.0,1101511.0
387,2021-10-07 13:22:28,14800.0,100.0,1100511.0
388,2021-10-07 13:22:19,14800.0,400.0,1100411.0
389,2021-10-07 13:22:12,14800.0,100.0,1100011.0
390,2021-10-07 13:22:11,14800.0,10500.0,1099911.0
391,2021-10-07 13:22:08,14800.0,2000.0,1089411.0
392,2021-10-07 13:22:07,14800.0,100.0,1087411.0
393,2021-10-07 13:22:05,14800.0,10000.0,1087311.0
394,2021-10-07 13:21:59,14800.0,3000.0,1077311.0
395,2021-10-07 13:21:55,14900.0,100.0,1074311.0
396,2021-10-07 13:21:53,14800.0,200.0,1074211.0
397,2021-10-07 13:21:51,14800.0,100.0,1074011.0
398,2021-10-07 13:21:46,14800.0,500.0,1073911.0
399,2021-10-07 13:21:45,14900.0,100.0,1073411.0
400,2021-10-07 13:21:42,14800.0,2000.0,1073311.0
401,2021-10-07 13:21:35,14800.0,300.0,1071311.0
402,2021-10-07 13:21:31,14800.0,1200.0,1071011.0
403,2021-10-07 13:21:30,14900.0,100.0,1069811.0
404,2021-10-07 13:21:22,14900.0,1000.0,1069711.0
405,2021-10-07 13:21:18,14900.0,2300.0,1068711.0
406,2021-10-07 13:21:07,14900.0,6000.0,1066411.0
407,2021-10-07 13:21:03,15000.0,100.0,1060411.0
408,2021-10-07 13:20:48,14900.0,1700.0,1060311.0
409,2021-10-07 13:20:47,14900.0,4000.0,1058611.0
410,2021-10-07 13:20:40,15000.0,200.0,1054611.0
411,2021-10-07 13:20:39,15000.0,4000.0,1054411.0
412,2021-10-07 13:20:33,15000.0,3000.0,1050411.0
413,2021-10-07 13:20:31,15000.0,3200.0,1047411.0
414,2021-10-07 13:20:28,15000.0,20000.0,1044211.0
415,2021-10-07 13:20:12,15000.0,1000.0,1024211.0
416,2021-10-07 13:19:58,15000.0,4000.0,1023211.0
417,2021-10-07 13:19:47,15000.0,10000.0,1019211.0
418,2021-10-07 13:19:46,15000.0,100.0,1009211.0
419,2021-10-07 13:19:35,15000.0,10000.0,1009111.0
420,2021-10-07 13:19:23,15000.0,200.0,999111.0
421,2021-10-07 13:19:16,15000.0,200.0,998911.0
422,2021-10-07 13:18:57,15100.0,100.0,998711.0
423,2021-10-07 13:18:50,15000.0,9500.0,998611.0
424,2021-10-07 13:18:47,15000.0,1000.0,989111.0
425,2021-10-07 13:18:43,15000.0,2500.0,988111.0
426,2021-10-07 13:18:34,15000.0,5000.0,985611.0
427,2021-10-07 13:18:21,15000.0,7000.0,980611.0
428,2021-10-07 13:17:50,15100.0,500.0,973611.0
429,2021-10-07 13:17:26,15100.0,1000.0,973111.0
430,2021-10-07 13:17:18,15100.0,4000.0,972111.0
431,2021-10-07 13:17:05,15100.0,20500.0,968111.0
432,2021-10-07 13:16:24,15100.0,400.0,947611.0
433,2021-10-07 13:16:18,15100.0,1000.0,947211.0
434,2021-10-07 13:16:06,15100.0,7000.0,946211.0
435,2021-10-07 13:15:37,15100.0,700.0,939211.0
436,2021-10-07 13:15:27,15100.0,100.0,938511.0
437,2021-10-07 13:15:10,15100.0,200.0,938411.0
438,2021-10-07 13:15:00,15100.0,8600.0,938211.0
439,2021-10-07 13:13:48,15100.0,1000.0,929611.0
440,2021-10-07 13:13:21,15100.0,400.0,928611.0
441,2021-10-07 13:13:13,15200.0,2000.0,928211.0
442,2021-10-07 13:12:16,15100.0,4000.0,926211.0
443,2021-10-07 13:11:11,15200.0,100.0,922211.0
444,2021-10-07 13:11:09,15200.0,100.0,922111.0
445,2021-10-07 13:11:08,15200.0,800.0,922011.0
446,2021-10-07 13:11:07,15200.0,300.0,921211.0
447,2021-10-07 13:10:44,15200.0,400.0,920911.0
448,2021-10-07 13:10:31,15200.0,1500.0,920511.0
449,2021-10-07 13:10:30,15200.0,100.0,919011.0
450,2021-10-07 13:10:24,15200.0,15000.0,918911.0
451,2021-10-07 13:10:23,15200.0,1000.0,903911.0
452,2021-10-07 13:10:15,15200.0,12600.0,902911.0
453,2021-10-07 13:09:38,15200.0,1.0,890311.0
454,2021-10-07 13:09:24,15200.0,900.0,890310.0
455,2021-10-07 13:09:03,15200.0,3000.0,889410.0
456,2021-10-07 13:08:58,15200.0,38.0,886410.0
457,2021-10-07 13:08:50,15200.0,700.0,886372.0
458,2021-10-07 13:08:47,15200.0,1.0,885672.0
459,2021-10-07 13:06:30,15200.0,100.0,885671.0
460,2021-10-07 13:06:10,15200.0,1000.0,885571.0
461,2021-10-07 13:05:42,15200.0,500.0,884571.0
462,2021-10-07 13:05:38,15300.0,400.0,884071.0
463,2021-10-07 13:04:53,15300.0,300.0,883671.0
464,2021-10-07 13:04:45,15200.0,100.0,883371.0
465,2021-10-07 13:03:45,15300.0,2000.0,883271.0
466,2021-10-07 13:03:31,15200.0,200.0,881271.0
467,2021-10-07 13:02:50,15300.0,100.0,881071.0
468,2021-10-07 13:01:48,15300.0,200.0,880971.0
469,2021-10-07 13:00:08,15300.0,100.0,880771.0
470,2021-10-07 13:00:06,15300.0,10.0,880671.0
471,2021-10-07 13:00:05,15300.0,5100.0,880661.0
472,2021-10-07 13:00:04,15300.0,6100.0,875561.0
473,2021-10-07 13:00:03,15300.0,1100.0,869461.0
474,2021-10-07 11:29:52,15300.0,100.0,868361.0
475,2021-10-07 11:29:50,15200.0,700.0,868261.0
476,2021-10-07 11:28:52,15200.0,300.0,867561.0
477,2021-10-07 11:28:33,15300.0,3000.0,867261.0
478,2021-10-07 11:27:54,15300.0,300.0,864261.0
479,2021-10-07 11:27:48,15300.0,100.0,863961.0
480,2021-10-07 11:27:32,15300.0,100.0,863861.0
481,2021-10-07 11:27:20,15300.0,600.0,863761.0
482,2021-10-07 11:27:12,15300.0,3000.0,863161.0
483,2021-10-07 11:27:02,15300.0,200.0,860161.0
484,2021-10-07 11:26:58,15300.0,300.0,859961.0
485,2021-10-07 11:26:28,15300.0,5300.0,859661.0
486,2021-10-07 11:25:46,15300.0,600.0,854361.0
487,2021-10-07 11:25:36,15300.0,100.0,853761.0
488,2021-10-07 11:25:12,15300.0,100.0,853661.0
489,2021-10-07 11:22:56,15300.0,100.0,853561.0
490,2021-10-07 11:22:26,15300.0,100.0,853461.0
491,2021-10-07 11:22:15,15300.0,1900.0,853361.0
492,2021-10-07 11:21:55,15300.0,300.0,851461.0
493,2021-10-07 11:21:33,15300.0,100.0,851161.0
494,2021-10-07 11:21:28,15300.0,1000.0,851061.0
495,2021-10-07 11:20:51,15300.0,100.0,850061.0
496,2021-10-07 11:20:28,15300.0,100.0,849961.0
497,2021-10-07 11:20:21,15300.0,2600.0,849861.0
498,2021-10-07 11:19:14,15300.0,3400.0,847261.0
499,2021-10-07 11:18:48,15300.0,700.0,843861.0
500,2021-10-07 11:18:01,15300.0,3300.0,843161.0
501,2021-10-07 11:17:45,15300.0,100.0,839861.0
502,2021-10-07 11:17:39,15300.0,300.0,839761.0
503,2021-10-07 11:17:16,15300.0,600.0,839461.0
504,2021-10-07 11:16:17,15300.0,300.0,838861.0
505,2021-10-07 11:16:13,15300.0,100.0,838561.0
506,2021-10-07 11:15:59,15300.0,500.0,838461.0
507,2021-10-07 11:15:01,15200.0,11300.0,837961.0
508,2021-10-07 11:14:48,15300.0,3800.0,826661.0
509,2021-10-07 11:14:22,15300.0,100.0,822861.0
510,2021-10-07 11:13:43,15200.0,2800.0,822761.0
511,2021-10-07 11:12:37,15300.0,400.0,819961.0
512,2021-10-07 11:12:05,15300.0,600.0,819561.0
513,2021-10-07 11:11:13,15300.0,3200.0,818961.0
514,2021-10-07 11:10:43,15300.0,9.0,815761.0
515,2021-10-07 11:10:06,15300.0,100.0,815752.0
516,2021-10-07 11:10:05,15300.0,3000.0,815652.0
517,2021-10-07 11:09:30,15300.0,300.0,812652.0
518,2021-10-07 11:09:18,15400.0,500.0,812352.0
519,2021-10-07 11:08:58,15300.0,2000.0,811852.0
520,2021-10-07 11:07:39,15300.0,500.0,809852.0
521,2021-10-07 11:07:38,15300.0,400.0,809352.0
522,2021-10-07 11:07:33,15300.0,1300.0,808952.0
523,2021-10-07 11:07:26,15300.0,1000.0,807652.0
524,2021-10-07 11:07:18,15300.0,2600.0,806652.0
525,2021-10-07 11:06:55,15300.0,2700.0,804052.0
526,2021-10-07 11:05:13,15300.0,100.0,801352.0
527,2021-10-07 11:05:10,15300.0,2000.0,801252.0
528,2021-10-07 11:05:09,15300.0,500.0,799252.0
529,2021-10-07 11:04:44,15300.0,200.0,798752.0
530,2021-10-07 11:04:01,15300.0,500.0,798552.0
531,2021-10-07 11:03:41,15200.0,500.0,798052.0
532,2021-10-07 11:03:38,15300.0,500.0,797552.0
533,2021-10-07 11:03:14,15300.0,300.0,797052.0
534,2021-10-07 11:02:37,15300.0,500.0,796752.0
535,2021-10-07 11:00:13,15300.0,9200.0,796252.0
536,2021-10-07 10:59:35,15200.0,1000.0,787052.0
537,2021-10-07 10:59:22,15200.0,100.0,786052.0
538,2021-10-07 10:57:50,15200.0,1000.0,785952.0
539,2021-10-07 10:56:23,15200.0,6000.0,784952.0
540,2021-10-07 10:55:56,15200.0,2000.0,778952.0
541,2021-10-07 10:55:37,15300.0,2500.0,776952.0
542,2021-10-07 10:55:36,15300.0,100.0,774452.0
543,2021-10-07 10:55:18,15200.0,200.0,774352.0
544,2021-10-07 10:55:10,15300.0,2000.0,774152.0
545,2021-10-07 10:55:08,15200.0,100.0,772152.0
546,2021-10-07 10:54:42,15300.0,100.0,772052.0
547,2021-10-07 10:53:59,15300.0,900.0,771952.0
548,2021-10-07 10:52:45,15300.0,3900.0,771052.0
549,2021-10-07 10:52:32,15300.0,300.0,767152.0
550,2021-10-07 10:51:57,15300.0,1700.0,766852.0
551,2021-10-07 10:51:47,15300.0,200.0,765152.0
552,2021-10-07 10:51:18,15300.0,500.0,764952.0
553,2021-10-07 10:50:38,15300.0,100.0,764452.0
554,2021-10-07 10:50:13,15300.0,2000.0,764352.0
555,2021-10-07 10:49:31,15200.0,600.0,762352.0
556,2021-10-07 10:47:46,15400.0,10000.0,761752.0
557,2021-10-07 10:47:44,15200.0,5000.0,751752.0
558,2021-10-07 10:47:34,15200.0,400.0,746752.0
559,2021-10-07 10:45:39,15200.0,600.0,746352.0
560,2021-10-07 10:44:33,15200.0,1000.0,745752.0
561,2021-10-07 10:43:06,15200.0,100.0,744752.0
562,2021-10-07 10:42:52,15200.0,12700.0,744652.0
563,2021-10-07 10:42:04,15300.0,7800.0,731952.0
564,2021-10-07 10:40:35,15300.0,200.0,724152.0
565,2021-10-07 10:40:28,15300.0,1000.0,723952.0
566,2021-10-07 10:40:00,15300.0,2.0,722952.0
567,2021-10-07 10:39:13,15300.0,2000.0,722950.0
568,2021-10-07 10:39:08,15300.0,3100.0,720950.0
569,2021-10-07 10:38:46,15300.0,500.0,717850.0
570,2021-10-07 10:38:30,15200.0,1000.0,717350.0
571,2021-10-07 10:38:06,15200.0,200.0,716350.0
572,2021-10-07 10:37:55,15200.0,200.0,716150.0
573,2021-10-07 10:37:53,15200.0,1.0,715950.0
574,2021-10-07 10:37:37,15200.0,700.0,715949.0
575,2021-10-07 10:37:23,15200.0,30000.0,715249.0
576,2021-10-07 10:37:22,15200.0,500.0,685249.0
577,2021-10-07 10:37:16,15200.0,20000.0,684749.0
578,2021-10-07 10:36:48,15200.0,20000.0,664749.0
579,2021-10-07 10:36:45,15200.0,500.0,644749.0
580,2021-10-07 10:36:44,15200.0,3700.0,644249.0
581,2021-10-07 10:36:42,15200.0,2300.0,640549.0
582,2021-10-07 10:36:10,15200.0,200.0,638249.0
583,2021-10-07 10:36:09,15300.0,100.0,638049.0
584,2021-10-07 10:35:55,15300.0,100.0,637949.0
585,2021-10-07 10:35:42,15300.0,1000.0,637849.0
586,2021-10-07 10:35:29,15300.0,1000.0,636849.0
587,2021-10-07 10:35:11,15300.0,100.0,635849.0
588,2021-10-07 10:34:59,15300.0,4500.0,635749.0
589,2021-10-07 10:34:57,15300.0,2500.0,631249.0
590,2021-10-07 10:34:38,15300.0,5000.0,628749.0
591,2021-10-07 10:34:22,15300.0,200.0,623749.0
592,2021-10-07 10:34:17,15300.0,5000.0,623549.0
593,2021-10-07 10:33:46,15300.0,2300.0,618549.0
594,2021-10-07 10:33:40,15300.0,1000.0,616249.0
595,2021-10-07 10:33:30,15300.0,100.0,615249.0
596,2021-10-07 10:32:38,15300.0,100.0,615149.0
597,2021-10-07 10:31:44,15300.0,7500.0,615049.0
598,2021-10-07 10:31:24,15300.0,5000.0,607549.0
599,2021-10-07 10:30:49,15300.0,100.0,602549.0
600,2021-10-07 10:30:32,15300.0,1000.0,602449.0
601,2021-10-07 10:29:46,15300.0,1700.0,601449.0
602,2021-10-07 10:29:33,15300.0,4000.0,599749.0
603,2021-10-07 10:29:25,15300.0,5000.0,595749.0
604,2021-10-07 10:29:14,15300.0,1000.0,590749.0
605,2021-10-07 10:28:38,15300.0,200.0,589749.0
606,2021-10-07 10:28:29,15300.0,1000.0,589549.0
607,2021-10-07 10:28:02,15300.0,300.0,588549.0
608,2021-10-07 10:27:48,15300.0,600.0,588249.0
609,2021-10-07 10:27:34,15300.0,400.0,587649.0
610,2021-10-07 10:27:15,15300.0,200.0,587249.0
611,2021-10-07 10:27:08,15300.0,5000.0,587049.0
612,2021-10-07 10:26:51,15300.0,6000.0,582049.0
613,2021-10-07 10:26:47,15300.0,1000.0,576049.0
614,2021-10-07 10:26:11,15300.0,500.0,575049.0
615,2021-10-07 10:25:46,15300.0,1000.0,574549.0
616,2021-10-07 10:24:58,15300.0,1000.0,573549.0
617,2021-10-07 10:24:23,15300.0,100.0,572549.0
618,2021-10-07 10:24:08,15300.0,1200.0,572449.0
619,2021-10-07 10:24:04,15300.0,500.0,571249.0
620,2021-10-07 10:23:57,15300.0,100.0,570749.0
621,2021-10-07 10:23:45,15300.0,2400.0,570649.0
622,2021-10-07 10:23:29,15300.0,500.0,568249.0
623,2021-10-07 10:23:06,15300.0,900.0,567749.0
624,2021-10-07 10:22:43,15300.0,3000.0,566849.0
625,2021-10-07 10:22:38,15300.0,600.0,563849.0
626,2021-10-07 10:22:31,15300.0,100.0,563249.0
627,2021-10-07 10:22:29,15300.0,1700.0,563149.0
628,2021-10-07 10:22:26,15300.0,300.0,561449.0
629,2021-10-07 10:22:11,15300.0,200.0,561149.0
630,2021-10-07 10:21:35,15300.0,100.0,560949.0
631,2021-10-07 10:21:27,15300.0,100.0,560849.0
632,2021-10-07 10:21:09,15300.0,5000.0,560749.0
633,2021-10-07 10:20:28,15300.0,700.0,555749.0
634,2021-10-07 10:19:55,15300.0,100.0,555049.0
635,2021-10-07 10:19:53,15300.0,9900.0,554949.0
636,2021-10-07 10:19:50,15300.0,800.0,545049.0
637,2021-10-07 10:19:44,15200.0,2600.0,544249.0
638,2021-10-07 10:19:41,15300.0,2000.0,541649.0
639,2021-10-07 10:19:26,15300.0,1000.0,539649.0
640,2021-10-07 10:18:54,15300.0,2000.0,538649.0
641,2021-10-07 10:18:40,15300.0,5000.0,536649.0
642,2021-10-07 10:18:15,15300.0,1000.0,531649.0
643,2021-10-07 10:17:03,15300.0,100.0,530649.0
644,2021-10-07 10:16:59,15300.0,500.0,530549.0
645,2021-10-07 10:16:24,15300.0,9700.0,530049.0
646,2021-10-07 10:15:44,15300.0,300.0,520349.0
647,2021-10-07 10:15:07,15400.0,10000.0,520049.0
648,2021-10-07 10:14:30,15300.0,500.0,510049.0
649,2021-10-07 10:14:25,15300.0,2500.0,509549.0
650,2021-10-07 10:13:53,15300.0,200.0,507049.0
651,2021-10-07 10:13:10,15300.0,200.0,506849.0
652,2021-10-07 10:13:09,15300.0,700.0,506649.0
653,2021-10-07 10:13:06,15300.0,2000.0,505949.0
654,2021-10-07 10:12:57,15300.0,1100.0,503949.0
655,2021-10-07 10:12:38,15300.0,600.0,502849.0
656,2021-10-07 10:12:36,15300.0,200.0,502249.0
657,2021-10-07 10:12:26,15200.0,100.0,502049.0
658,2021-10-07 10:11:55,15200.0,2000.0,501949.0
659,2021-10-07 10:11:52,15300.0,1000.0,499949.0
660,2021-10-07 10:11:29,15300.0,500.0,498949.0
661,2021-10-07 10:11:25,15300.0,400.0,498449.0
662,2021-10-07 10:10:40,15300.0,100.0,498049.0
663,2021-10-07 10:10:28,15300.0,5000.0,497949.0
664,2021-10-07 10:10:24,15300.0,5500.0,492949.0
665,2021-10-07 10:10:17,15300.0,2900.0,487449.0
666,2021-10-07 10:10:06,15300.0,100.0,484549.0
667,2021-10-07 10:09:58,15300.0,800.0,484449.0
668,2021-10-07 10:09:52,15200.0,500.0,483649.0
669,2021-10-07 10:09:28,15200.0,100.0,483149.0
670,2021-10-07 10:09:26,15200.0,6300.0,483049.0
671,2021-10-07 10:09:01,15200.0,14700.0,476749.0
672,2021-10-07 10:09:00,15200.0,201.0,462049.0
673,2021-10-07 10:08:16,15200.0,5000.0,461848.0
674,2021-10-07 10:07:42,15200.0,600.0,456848.0
675,2021-10-07 10:07:37,15200.0,400.0,456248.0
676,2021-10-07 10:07:27,15200.0,200.0,455848.0
677,2021-10-07 10:06:29,15200.0,200.0,455648.0
678,2021-10-07 10:06:24,15300.0,100.0,455448.0
679,2021-10-07 10:05:18,15200.0,200.0,455348.0
680,2021-10-07 10:04:36,15200.0,500.0,455148.0
681,2021-10-07 10:04:31,15200.0,1500.0,454648.0
682,2021-10-07 10:04:24,15200.0,300.0,453148.0
683,2021-10-07 10:03:55,15200.0,1500.0,452848.0
684,2021-10-07 10:03:29,15200.0,100.0,451348.0
685,2021-10-07 10:03:25,15200.0,1200.0,451248.0
686,2021-10-07 10:03:22,15200.0,1000.0,450048.0
687,2021-10-07 10:03:12,15200.0,6800.0,449048.0
688,2021-10-07 10:03:00,15200.0,200.0,442248.0
689,2021-10-07 10:02:38,15200.0,4200.0,442048.0
690,2021-10-07 10:02:15,15200.0,1000.0,437848.0
691,2021-10-07 10:01:51,15200.0,700.0,436848.0
692,2021-10-07 10:01:47,15200.0,200.0,436148.0
693,2021-10-07 10:01:40,15300.0,100.0,435948.0
694,2021-10-07 10:01:23,15200.0,20000.0,435848.0
695,2021-10-07 10:01:10,15200.0,10000.0,415848.0
696,2021-10-07 10:00:18,15200.0,1500.0,405848.0
697,2021-10-07 10:00:02,15200.0,500.0,404348.0
698,2021-10-07 10:00:00,15200.0,3400.0,403848.0
699,2021-10-07 09:59:55,15200.0,200.0,400448.0
700,2021-10-07 09:59:53,15200.0,1000.0,400248.0
701,2021-10-07 09:59:45,15200.0,500.0,399248.0
702,2021-10-07 09:59:39,15200.0,2000.0,398748.0
703,2021-10-07 09:59:25,15200.0,100.0,396748.0
704,2021-10-07 09:59:15,15200.0,500.0,396648.0
705,2021-10-07 09:59:11,15200.0,500.0,396148.0
706,2021-10-07 09:59:01,15200.0,20.0,395648.0
707,2021-10-07 09:58:48,15200.0,500.0,395628.0
708,2021-10-07 09:58:47,15200.0,1600.0,395128.0
709,2021-10-07 09:58:43,15200.0,100.0,393528.0
710,2021-10-07 09:58:39,15200.0,100.0,393428.0
711,2021-10-07 09:58:25,15200.0,800.0,393328.0
712,2021-10-07 09:58:05,15200.0,3000.0,392528.0
713,2021-10-07 09:57:51,15200.0,9000.0,389528.0
714,2021-10-07 09:57:31,15200.0,1000.0,380528.0
715,2021-10-07 09:56:47,15200.0,1000.0,379528.0
716,2021-10-07 09:56:11,15300.0,1100.0,378528.0
717,2021-10-07 09:56:08,15300.0,2.0,377428.0
718,2021-10-07 09:55:45,15300.0,100.0,377426.0
719,2021-10-07 09:55:17,15300.0,3000.0,377326.0
720,2021-10-07 09:54:55,15300.0,500.0,374326.0
721,2021-10-07 09:54:54,15200.0,85000.0,373826.0
722,2021-10-07 09:54:27,15300.0,14500.0,288826.0
723,2021-10-07 09:53:48,15300.0,15000.0,274326.0
724,2021-10-07 09:53:34,15400.0,100.0,259326.0
725,2021-10-07 09:53:28,15400.0,1000.0,259226.0
726,2021-10-07 09:53:27,15400.0,300.0,258226.0
727,2021-10-07 09:53:12,15400.0,1.0,257926.0
728,2021-10-07 09:53:06,15400.0,2000.0,257925.0
729,2021-10-07 09:53:03,15400.0,500.0,255925.0
730,2021-10-07 09:52:59,15400.0,2000.0,255425.0
731,2021-10-07 09:52:53,15400.0,400.0,253425.0
732,2021-10-07 09:52:13,15500.0,200.0,253025.0
733,2021-10-07 09:52:11,15400.0,1000.0,252825.0
734,2021-10-07 09:52:08,15400.0,500.0,251825.0
735,2021-10-07 09:50:31,15500.0,200.0,251325.0
736,2021-10-07 09:49:58,15500.0,200.0,251125.0
737,2021-10-07 09:48:38,15500.0,1000.0,250925.0
738,2021-10-07 09:48:29,15500.0,2000.0,249925.0
739,2021-10-07 09:48:11,15500.0,100.0,247925.0
740,2021-10-07 09:48:03,15500.0,1000.0,247825.0
741,2021-10-07 09:47:45,15600.0,100.0,246825.0
742,2021-10-07 09:47:22,15500.0,4600.0,246725.0
743,2021-10-07 09:47:10,15400.0,100.0,242125.0
744,2021-10-07 09:47:03,15500.0,200.0,242025.0
745,2021-10-07 09:45:59,15500.0,500.0,241825.0
746,2021-10-07 09:45:50,15500.0,3400.0,241325.0
747,2021-10-07 09:45:41,15500.0,1000.0,237925.0
748,2021-10-07 09:45:13,15500.0,1000.0,236925.0
749,2021-10-07 09:44:59,15400.0,2000.0,235925.0
750,2021-10-07 09:44:40,15400.0,300.0,233925.0
751,2021-10-07 09:44:36,15400.0,1000.0,233625.0
752,2021-10-07 09:44:28,15400.0,300.0,232625.0
753,2021-10-07 09:44:18,15400.0,200.0,232325.0
754,2021-10-07 09:43:42,15400.0,300.0,232125.0
755,2021-10-07 09:43:34,15400.0,100.0,231825.0
756,2021-10-07 09:43:28,15400.0,300.0,231725.0
757,2021-10-07 09:43:22,15300.0,100.0,231425.0
758,2021-10-07 09:42:34,15300.0,100.0,231325.0
759,2021-10-07 09:42:20,15400.0,300.0,231225.0
760,2021-10-07 09:42:14,15300.0,800.0,230925.0
761,2021-10-07 09:42:13,15400.0,100.0,230125.0
762,2021-10-07 09:42:01,15400.0,2000.0,230025.0
763,2021-10-07 09:41:37,15300.0,200.0,228025.0
764,2021-10-07 09:41:35,15300.0,100.0,227825.0
765,2021-10-07 09:41:32,15300.0,300.0,227725.0
766,2021-10-07 09:41:00,15300.0,4000.0,227425.0
767,2021-10-07 09:40:56,15300.0,3000.0,223425.0
768,2021-10-07 09:40:53,15300.0,100.0,220425.0
769,2021-10-07 09:40:42,15300.0,5000.0,220325.0
770,2021-10-07 09:40:41,15300.0,2000.0,215325.0
771,2021-10-07 09:40:37,15300.0,1000.0,213325.0
772,2021-10-07 09:40:22,15400.0,1000.0,212325.0
773,2021-10-07 09:40:19,15400.0,1000.0,211325.0
774,2021-10-07 09:40:10,15300.0,1200.0,210325.0
775,2021-10-07 09:40:05,15400.0,200.0,209125.0
776,2021-10-07 09:39:44,15400.0,100.0,208925.0
777,2021-10-07 09:39:08,15400.0,300.0,208825.0
778,2021-10-07 09:38:55,15400.0,100.0,208525.0
779,2021-10-07 09:38:46,15400.0,300.0,208425.0
780,2021-10-07 09:38:28,15400.0,200.0,208125.0
781,2021-10-07 09:38:06,15400.0,100.0,207925.0
782,2021-10-07 09:37:52,15300.0,11600.0,207825.0
783,2021-10-07 09:37:42,15300.0,100.0,196225.0
784,2021-10-07 09:37:19,15300.0,100.0,196125.0
785,2021-10-07 09:37:17,15300.0,500.0,196025.0
786,2021-10-07 09:37:05,15300.0,300.0,195525.0
787,2021-10-07 09:35:53,15300.0,100.0,195225.0
788,2021-10-07 09:35:32,15300.0,200.0,195125.0
789,2021-10-07 09:35:28,15300.0,1000.0,194925.0
790,2021-10-07 09:33:56,15300.0,5000.0,193925.0
791,2021-10-07 09:33:52,15400.0,500.0,188925.0
792,2021-10-07 09:33:24,15400.0,4300.0,188425.0
793,2021-10-07 09:32:57,15400.0,2000.0,184125.0
794,2021-10-07 09:32:52,15400.0,500.0,182125.0
795,2021-10-07 09:32:40,15400.0,1000.0,181625.0
796,2021-10-07 09:31:49,15400.0,200.0,180625.0
797,2021-10-07 09:31:23,15400.0,300.0,180425.0
798,2021-10-07 09:30:57,15400.0,700.0,180125.0
799,2021-10-07 09:30:29,15400.0,400.0,179425.0
800,2021-10-07 09:30:21,15400.0,100.0,179025.0
801,2021-10-07 09:30:17,15400.0,3000.0,178925.0
802,2021-10-07 09:30:11,15400.0,1100.0,175925.0
803,2021-10-07 09:29:58,15400.0,500.0,174825.0
804,2021-10-07 09:29:57,15400.0,700.0,174325.0
805,2021-10-07 09:29:56,15400.0,1000.0,173625.0
806,2021-10-07 09:29:54,15400.0,1000.0,172625.0
807,2021-10-07 09:29:48,15400.0,4400.0,171625.0
808,2021-10-07 09:29:23,15400.0,500.0,167225.0
809,2021-10-07 09:29:20,15400.0,2000.0,166725.0
810,2021-10-07 09:29:18,15400.0,2000.0,164725.0
811,2021-10-07 09:28:28,15400.0,500.0,162725.0
812,2021-10-07 09:28:23,15400.0,1000.0,162225.0
813,2021-10-07 09:28:20,15400.0,700.0,161225.0
814,2021-10-07 09:28:09,15400.0,300.0,160525.0
815,2021-10-07 09:27:51,15400.0,500.0,160225.0
816,2021-10-07 09:26:31,15500.0,700.0,159725.0
817,2021-10-07 09:26:23,15500.0,100.0,159025.0
818,2021-10-07 09:26:09,15500.0,1200.0,158925.0
819,2021-10-07 09:25:44,15500.0,500.0,157725.0
820,2021-10-07 09:24:35,15400.0,2100.0,157225.0
821,2021-10-07 09:24:08,15500.0,4300.0,155125.0
822,2021-10-07 09:24:03,15400.0,300.0,150825.0
823,2021-10-07 09:23:42,15500.0,300.0,150525.0
824,2021-10-07 09:23:30,15500.0,200.0,150225.0
825,2021-10-07 09:23:23,15500.0,1000.0,150025.0
826,2021-10-07 09:23:01,15500.0,800.0,149025.0
827,2021-10-07 09:22:46,15400.0,200.0,148225.0
828,2021-10-07 09:22:35,15400.0,400.0,148025.0
829,2021-10-07 09:22:10,15400.0,1900.0,147625.0
830,2021-10-07 09:21:57,15300.0,500.0,145725.0
831,2021-10-07 09:21:41,15300.0,500.0,145225.0
832,2021-10-07 09:21:17,15300.0,100.0,144725.0
833,2021-10-07 09:20:56,15300.0,2400.0,144625.0
834,2021-10-07 09:20:50,15300.0,5.0,142225.0
835,2021-10-07 09:20:41,15300.0,2000.0,142220.0
836,2021-10-07 09:20:18,15300.0,300.0,140220.0
837,2021-10-07 09:19:47,15400.0,300.0,139920.0
838,2021-10-07 09:19:44,15400.0,800.0,139620.0
839,2021-10-07 09:19:37,15400.0,400.0,138820.0
840,2021-10-07 09:19:15,15400.0,500.0,138420.0
841,2021-10-07 09:18:52,15300.0,1100.0,137920.0
842,2021-10-07 09:18:46,15400.0,500.0,136820.0
843,2021-10-07 09:18:43,15400.0,100.0,136320.0
844,2021-10-07 09:18:15,15400.0,200.0,136220.0
845,2021-10-07 09:18:08,15400.0,100.0,136020.0
846,2021-10-07 09:18:05,15400.0,2000.0,135920.0
847,2021-10-07 09:18:04,15300.0,400.0,133920.0
848,2021-10-07 09:17:50,15400.0,400.0,133520.0
849,2021-10-07 09:17:40,15400.0,100.0,133120.0
850,2021-10-07 09:17:28,15500.0,200.0,133020.0
851,2021-10-07 09:17:04,15500.0,400.0,132820.0
852,2021-10-07 09:16:54,15300.0,20200.0,132420.0
853,2021-10-07 09:16:48,15500.0,1000.0,112220.0
854,2021-10-07 09:16:32,15400.0,100.0,111220.0
855,2021-10-07 09:16:22,15500.0,500.0,111120.0
856,2021-10-07 09:15:11,15400.0,100.0,110620.0
857,2021-10-07 09:14:56,15400.0,1200.0,110520.0
858,2021-10-07 09:14:55,15400.0,2000.0,109320.0
859,2021-10-07 09:14:47,15400.0,100.0,107320.0
860,2021-10-07 09:14:34,15400.0,900.0,107220.0
861,2021-10-07 09:14:31,15400.0,100.0,106320.0
862,2021-10-07 09:14:11,15400.0,3100.0,106220.0
863,2021-10-07 09:14:02,15300.0,500.0,103120.0
864,2021-10-07 09:13:47,15300.0,2000.0,102620.0
865,2021-10-07 09:13:40,15400.0,300.0,100620.0
866,2021-10-07 09:13:39,15400.0,100.0,100320.0
867,2021-10-07 09:13:27,15400.0,1000.0,100220.0
868,2021-10-07 09:13:20,15400.0,200.0,99220.0
869,2021-10-07 09:13:14,15400.0,1000.0,99020.0
870,2021-10-07 09:13:12,15400.0,2600.0,98020.0
871,2021-10-07 09:13:04,15400.0,100.0,95420.0
872,2021-10-07 09:12:40,15500.0,100.0,95320.0
873,2021-10-07 09:12:23,15500.0,200.0,95220.0
874,2021-10-07 09:12:03,15500.0,100.0,95020.0
875,2021-10-07 09:11:49,15500.0,300.0,94920.0
876,2021-10-07 09:11:46,15500.0,200.0,94620.0
877,2021-10-07 09:11:31,15500.0,500.0,94420.0
878,2021-10-07 09:11:26,15500.0,2000.0,93920.0
879,2021-10-07 09:11:25,15400.0,100.0,91920.0
880,2021-10-07 09:11:21,15500.0,100.0,91820.0
881,2021-10-07 09:11:05,15500.0,2100.0,91720.0
882,2021-10-07 09:10:55,15500.0,100.0,89620.0
883,2021-10-07 09:10:44,15500.0,5000.0,89520.0
884,2021-10-07 09:10:39,15400.0,5100.0,84520.0
885,2021-10-07 09:10:29,15400.0,100.0,79420.0
886,2021-10-07 09:10:26,15500.0,1000.0,79320.0
887,2021-10-07 09:10:17,15500.0,1800.0,78320.0
888,2021-10-07 09:10:04,15400.0,1.0,76520.0
889,2021-10-07 09:10:00,15400.0,100.0,76519.0
890,2021-10-07 09:09:56,15500.0,1000.0,76419.0
891,2021-10-07 09:09:50,15400.0,1000.0,75419.0
892,2021-10-07 09:09:44,15400.0,500.0,74419.0
893,2021-10-07 09:09:08,15300.0,200.0,73919.0
894,2021-10-07 09:09:05,15300.0,100.0,73719.0
895,2021-10-07 09:08:57,15300.0,1000.0,73619.0
896,2021-10-07 09:08:50,15200.0,1400.0,72619.0
897,2021-10-07 09:08:35,15300.0,200.0,71219.0
898,2021-10-07 09:08:34,15300.0,100.0,71019.0
899,2021-10-07 09:08:31,15300.0,3.0,70919.0
900,2021-10-07 09:08:26,15300.0,200.0,70916.0
901,2021-10-07 09:08:21,15300.0,200.0,70716.0
902,2021-10-07 09:08:15,15300.0,200.0,70516.0
903,2021-10-07 09:07:43,15200.0,200.0,70316.0
904,2021-10-07 09:07:41,15200.0,16.0,70116.0
905,2021-10-07 09:07:12,15200.0,1000.0,70100.0
906,2021-10-07 09:07:01,15200.0,200.0,69100.0
907,2021-10-07 09:06:58,15200.0,1300.0,68900.0
908,2021-10-07 09:05:28,15100.0,4200.0,67600.0
909,2021-10-07 09:05:23,15200.0,100.0,63400.0
910,2021-10-07 09:05:22,15100.0,3000.0,63300.0
911,2021-10-07 09:05:15,15100.0,500.0,60300.0
912,2021-10-07 09:05:06,15500.0,1500.0,59800.0
913,2021-10-07 09:05:05,15100.0,200.0,58300.0
914,2021-10-07 09:04:40,15100.0,5000.0,58100.0
915,2021-10-07 09:04:29,15100.0,100.0,53100.0
916,2021-10-07 09:04:27,15200.0,6200.0,53000.0
917,2021-10-07 09:04:23,15100.0,100.0,46800.0
918,2021-10-07 09:04:18,15100.0,1000.0,46700.0
919,2021-10-07 09:04:09,15100.0,1000.0,45700.0
920,2021-10-07 09:04:03,15100.0,100.0,44700.0
921,2021-10-07 09:03:46,15100.0,200.0,44600.0
922,2021-10-07 09:03:43,15000.0,6300.0,44400.0
923,2021-10-07 09:03:39,15100.0,1000.0,38100.0
924,2021-10-07 09:03:35,15100.0,400.0,37100.0
925,2021-10-07 09:03:22,15100.0,100.0,36700.0
926,2021-10-07 09:03:08,15100.0,300.0,36600.0
927,2021-10-07 09:03:02,15100.0,100.0,36300.0
928,2021-10-07 09:02:56,15100.0,100.0,36200.0
929,2021-10-07 09:02:51,15000.0,9600.0,36100.0
930,2021-10-07 09:02:45,15100.0,2100.0,26500.0
931,2021-10-07 09:02:44,15100.0,1900.0,24400.0
932,2021-10-07 09:02:43,15000.0,200.0,22500.0
933,2021-10-07 09:02:42,15100.0,400.0,22300.0
934,2021-10-07 09:02:41,15000.0,2000.0,21900.0
935,2021-10-07 09:02:40,15100.0,200.0,19900.0
936,2021-10-07 09:02:39,15100.0,500.0,19700.0
937,2021-10-07 09:02:37,15100.0,800.0,19200.0
938,2021-10-07 09:02:34,15100.0,200.0,18400.0
939,2021-10-07 09:02:27,15200.0,200.0,18200.0
940,2021-10-07 09:02:23,15200.0,2000.0,18000.0
941,2021-10-07 09:02:22,15200.0,1600.0,16000.0
942,2021-10-07 09:02:18,15200.0,100.0,14400.0
943,2021-10-07 09:02:13,15200.0,3700.0,14300.0
944,2021-10-07 09:02:02,15400.0,500.0,10600.0
945,2021-10-07 09:01:48,15500.0,600.0,10100.0
946,2021-10-07 09:01:38,15500.0,1000.0,9500.0
947,2021-10-07 09:01:31,15500.0,100.0,8500.0
948,2021-10-07 09:01:18,15500.0,1000.0,8400.0
949,2021-10-07 09:00:26,16000.0,500.0,7400.0
950,2021-10-07 09:00:18,16000.0,1000.0,6900.0
951,2021-10-07 09:00:14,16000.0,1400.0,5900.0
952,2021-10-07 09:00:06,16100.0,3000.0,4500.0
953,2021-10-07 09:00:04,16100.0,1500.0,1500.0
