,Time,Price,Volume_per_trade,Volume
0,2021-10-17 14:48:59,16400.0,400.0,6838510.0
1,2021-10-17 14:45:02,16400.0,56600.0,6838110.0
2,2021-10-17 14:45:01,16400.0,78200.0,6781510.0
3,2021-10-17 14:29:51,16100.0,1600.0,6703310.0
4,2021-10-17 14:29:50,16200.0,2100.0,6701710.0
5,2021-10-17 14:29:44,16200.0,200.0,6699610.0
6,2021-10-17 14:29:36,16200.0,3300.0,6699410.0
7,2021-10-17 14:29:33,16100.0,200.0,6696110.0
8,2021-10-17 14:29:31,16100.0,100.0,6695910.0
9,2021-10-17 14:29:29,16100.0,100.0,6695810.0
10,2021-10-17 14:29:27,16100.0,1000.0,6695710.0
11,2021-10-17 14:29:26,16100.0,200.0,6694710.0
12,2021-10-17 14:29:22,16100.0,1500.0,6694510.0
13,2021-10-17 14:29:18,16100.0,200.0,6693010.0
14,2021-10-17 14:29:17,16100.0,200.0,6692810.0
15,2021-10-17 14:29:13,16100.0,2100.0,6692610.0
16,2021-10-17 14:29:10,16000.0,1300.0,6690510.0
17,2021-10-17 14:29:00,16100.0,1000.0,6689210.0
18,2021-10-17 14:28:56,16000.0,12400.0,6688210.0
19,2021-10-17 14:28:37,16000.0,1000.0,6675810.0
20,2021-10-17 14:28:34,16100.0,1000.0,6674810.0
21,2021-10-17 14:28:20,16000.0,900.0,6673810.0
22,2021-10-17 14:28:12,16200.0,500.0,6672910.0
23,2021-10-17 14:28:05,16000.0,1300.0,6672410.0
24,2021-10-17 14:28:04,16100.0,100.0,6671110.0
25,2021-10-17 14:28:03,16200.0,1400.0,6671010.0
26,2021-10-17 14:27:56,16200.0,2000.0,6669610.0
27,2021-10-17 14:27:50,16100.0,200.0,6667610.0
28,2021-10-17 14:27:27,16300.0,2000.0,6667410.0
29,2021-10-17 14:27:25,16200.0,100.0,6665410.0
30,2021-10-17 14:27:21,16000.0,1000.0,6665310.0
31,2021-10-17 14:27:06,16200.0,500.0,6664310.0
32,2021-10-17 14:27:03,16000.0,4000.0,6663810.0
33,2021-10-17 14:26:53,16300.0,1500.0,6659810.0
34,2021-10-17 14:26:36,16400.0,100.0,6658310.0
35,2021-10-17 14:26:26,16400.0,500.0,6658210.0
36,2021-10-17 14:26:23,16400.0,200.0,6657710.0
37,2021-10-17 14:26:21,16400.0,100.0,6657510.0
38,2021-10-17 14:26:11,16400.0,3700.0,6657410.0
39,2021-10-17 14:26:03,16500.0,200.0,6653710.0
40,2021-10-17 14:26:02,16500.0,100.0,6653510.0
41,2021-10-17 14:25:44,16500.0,100.0,6653410.0
42,2021-10-17 14:25:24,16500.0,1000.0,6653310.0
43,2021-10-17 14:25:21,16500.0,3900.0,6652310.0
44,2021-10-17 14:25:12,16500.0,2000.0,6648410.0
45,2021-10-17 14:25:11,16600.0,300.0,6646410.0
46,2021-10-17 14:24:58,16600.0,5000.0,6646110.0
47,2021-10-17 14:24:53,16500.0,2200.0,6641110.0
48,2021-10-17 14:24:50,16500.0,200.0,6638910.0
49,2021-10-17 14:24:45,16500.0,1400.0,6638710.0
50,2021-10-17 14:24:42,16500.0,1500.0,6637310.0
51,2021-10-17 14:24:31,16500.0,800.0,6635810.0
52,2021-10-17 14:24:29,16500.0,200.0,6635010.0
53,2021-10-17 14:24:27,16400.0,30000.0,6634810.0
54,2021-10-17 14:24:25,16500.0,700.0,6604810.0
55,2021-10-17 14:24:24,16500.0,7300.0,6604110.0
56,2021-10-17 14:24:22,16400.0,300.0,6596810.0
57,2021-10-17 14:24:19,16500.0,2000.0,6596510.0
58,2021-10-17 14:24:17,16500.0,1000.0,6594510.0
59,2021-10-17 14:24:12,16500.0,1300.0,6593510.0
60,2021-10-17 14:24:09,16400.0,200.0,6592210.0
61,2021-10-17 14:24:04,16500.0,5000.0,6592010.0
62,2021-10-17 14:23:53,16400.0,1000.0,6587010.0
63,2021-10-17 14:23:39,16400.0,100.0,6586010.0
64,2021-10-17 14:23:34,16500.0,10300.0,6585910.0
65,2021-10-17 14:23:30,16400.0,900.0,6575610.0
66,2021-10-17 14:23:29,16400.0,100.0,6574710.0
67,2021-10-17 14:23:23,16300.0,500.0,6574610.0
68,2021-10-17 14:23:22,16400.0,500.0,6574110.0
69,2021-10-17 14:23:19,16400.0,8500.0,6573610.0
70,2021-10-17 14:23:18,16400.0,100.0,6565110.0
71,2021-10-17 14:23:10,16300.0,2000.0,6565010.0
72,2021-10-17 14:23:02,16300.0,4000.0,6563010.0
73,2021-10-17 14:22:57,16200.0,1100.0,6559010.0
74,2021-10-17 14:22:55,16200.0,800.0,6557910.0
75,2021-10-17 14:22:48,16100.0,5000.0,6557110.0
76,2021-10-17 14:22:46,16200.0,300.0,6552110.0
77,2021-10-17 14:22:45,16200.0,100.0,6551810.0
78,2021-10-17 14:22:44,16200.0,100.0,6551710.0
79,2021-10-17 14:22:43,16200.0,200.0,6551610.0
80,2021-10-17 14:22:39,16200.0,100.0,6551410.0
81,2021-10-17 14:22:32,16200.0,500.0,6551310.0
82,2021-10-17 14:22:30,16200.0,1000.0,6550810.0
83,2021-10-17 14:22:28,16200.0,1200.0,6549810.0
84,2021-10-17 14:22:24,16200.0,2100.0,6548610.0
85,2021-10-17 14:22:22,16200.0,4700.0,6546510.0
86,2021-10-17 14:22:21,16200.0,100.0,6541810.0
87,2021-10-17 14:22:19,16200.0,300.0,6541710.0
88,2021-10-17 14:22:18,16200.0,4000.0,6541410.0
89,2021-10-17 14:22:17,16200.0,100.0,6537410.0
90,2021-10-17 14:22:16,16200.0,400.0,6537310.0
91,2021-10-17 14:22:14,16200.0,600.0,6536910.0
92,2021-10-17 14:22:09,16200.0,100.0,6536310.0
93,2021-10-17 14:22:07,16200.0,1000.0,6536210.0
94,2021-10-17 14:22:02,16200.0,600.0,6535210.0
95,2021-10-17 14:21:59,16200.0,1000.0,6534610.0
96,2021-10-17 14:21:58,16100.0,1000.0,6533610.0
97,2021-10-17 14:21:55,16000.0,400.0,6532610.0
98,2021-10-17 14:21:51,16000.0,600.0,6532210.0
99,2021-10-17 14:21:43,16000.0,4400.0,6531610.0
100,2021-10-17 14:21:39,15900.0,100.0,6527210.0
101,2021-10-17 14:21:37,15900.0,1500.0,6527110.0
102,2021-10-17 14:21:36,15800.0,1500.0,6525610.0
103,2021-10-17 14:21:35,15800.0,5000.0,6524110.0
104,2021-10-17 14:21:34,15900.0,1000.0,6519110.0
105,2021-10-17 14:21:26,15800.0,100.0,6518110.0
106,2021-10-17 14:21:24,15800.0,2000.0,6518010.0
107,2021-10-17 14:21:22,15700.0,700.0,6516010.0
108,2021-10-17 14:21:14,15700.0,1000.0,6515310.0
109,2021-10-17 14:21:13,15700.0,6700.0,6514310.0
110,2021-10-17 14:21:12,15500.0,500.0,6507610.0
111,2021-10-17 14:21:05,15500.0,2400.0,6507110.0
112,2021-10-17 14:21:04,15500.0,5000.0,6504710.0
113,2021-10-17 14:21:03,15500.0,400.0,6499710.0
114,2021-10-17 14:21:01,15500.0,9300.0,6499310.0
115,2021-10-17 14:20:59,15500.0,200.0,6490010.0
116,2021-10-17 14:20:58,15500.0,3100.0,6489810.0
117,2021-10-17 14:20:57,15500.0,400.0,6486710.0
118,2021-10-17 14:20:56,15500.0,1200.0,6486310.0
119,2021-10-17 14:20:53,15500.0,1000.0,6485110.0
120,2021-10-17 14:20:52,15500.0,200.0,6484110.0
121,2021-10-17 14:20:51,15500.0,300.0,6483910.0
122,2021-10-17 14:20:43,15500.0,500.0,6483610.0
123,2021-10-17 14:20:41,15400.0,400.0,6483110.0
124,2021-10-17 14:20:39,15400.0,500.0,6482710.0
125,2021-10-17 14:20:37,15400.0,2000.0,6482210.0
126,2021-10-17 14:20:36,15400.0,500.0,6480210.0
127,2021-10-17 14:20:03,15200.0,1600.0,6479710.0
128,2021-10-17 14:20:02,15200.0,200.0,6478110.0
129,2021-10-17 14:19:57,15500.0,6500.0,6477910.0
130,2021-10-17 14:19:50,15100.0,100.0,6471410.0
131,2021-10-17 14:19:46,15000.0,200.0,6471310.0
132,2021-10-17 14:19:45,15000.0,1000.0,6471110.0
133,2021-10-17 14:19:44,15300.0,500.0,6470110.0
134,2021-10-17 14:19:40,15200.0,300.0,6469610.0
135,2021-10-17 14:19:36,15000.0,10000.0,6469310.0
136,2021-10-17 14:19:33,15000.0,2000.0,6459310.0
137,2021-10-17 14:19:27,15100.0,1300.0,6457310.0
138,2021-10-17 14:19:26,15300.0,27000.0,6456010.0
139,2021-10-17 14:19:23,15100.0,200.0,6429010.0
140,2021-10-17 14:19:22,15000.0,24600.0,6428810.0
141,2021-10-17 14:19:20,15000.0,4500.0,6404210.0
142,2021-10-17 14:19:16,15200.0,500.0,6399710.0
143,2021-10-17 14:19:14,15200.0,500.0,6399210.0
144,2021-10-17 14:19:11,15200.0,2000.0,6398710.0
145,2021-10-17 14:19:10,15100.0,500.0,6396710.0
146,2021-10-17 14:19:08,15100.0,4500.0,6396210.0
147,2021-10-17 14:19:05,15200.0,1000.0,6391710.0
148,2021-10-17 14:19:04,15200.0,300.0,6390710.0
149,2021-10-17 14:18:58,15200.0,12000.0,6390410.0
150,2021-10-17 14:18:55,15300.0,100.0,6378410.0
151,2021-10-17 14:18:54,15200.0,200.0,6378310.0
152,2021-10-17 14:18:53,15300.0,7400.0,6378110.0
153,2021-10-17 14:18:51,15300.0,6900.0,6370710.0
154,2021-10-17 14:18:45,15300.0,400.0,6363810.0
155,2021-10-17 14:18:41,15400.0,200.0,6363410.0
156,2021-10-17 14:18:40,15300.0,3400.0,6363210.0
157,2021-10-17 14:18:39,15400.0,500.0,6359810.0
158,2021-10-17 14:18:35,15200.0,1000.0,6359310.0
159,2021-10-17 14:18:34,15500.0,100.0,6358310.0
160,2021-10-17 14:18:33,15500.0,100.0,6358210.0
161,2021-10-17 14:18:27,15500.0,100.0,6358110.0
162,2021-10-17 14:18:24,15500.0,5100.0,6358010.0
163,2021-10-17 14:18:23,15500.0,1800.0,6352910.0
164,2021-10-17 14:18:22,15500.0,200.0,6351110.0
165,2021-10-17 14:18:21,15500.0,1000.0,6350910.0
166,2021-10-17 14:18:19,15500.0,1000.0,6349910.0
167,2021-10-17 14:18:17,15500.0,100.0,6348910.0
168,2021-10-17 14:18:15,15500.0,3200.0,6348810.0
169,2021-10-17 14:18:12,15600.0,300.0,6345610.0
170,2021-10-17 14:18:10,15700.0,100.0,6345310.0
171,2021-10-17 14:18:09,15700.0,2000.0,6345210.0
172,2021-10-17 14:18:06,15700.0,2000.0,6343210.0
173,2021-10-17 14:18:05,15800.0,2500.0,6341210.0
174,2021-10-17 14:18:04,15700.0,2000.0,6338710.0
175,2021-10-17 14:18:03,15700.0,1900.0,6336710.0
176,2021-10-17 14:18:02,15700.0,700.0,6334810.0
177,2021-10-17 14:18:00,15700.0,200.0,6334110.0
178,2021-10-17 14:17:56,15800.0,2100.0,6333910.0
179,2021-10-17 14:17:48,15800.0,200.0,6331810.0
180,2021-10-17 14:17:42,15800.0,10500.0,6331610.0
181,2021-10-17 14:17:41,15900.0,300.0,6321110.0
182,2021-10-17 14:17:38,15900.0,3800.0,6320810.0
183,2021-10-17 14:17:37,15900.0,700.0,6317010.0
184,2021-10-17 14:17:35,16000.0,100.0,6316310.0
185,2021-10-17 14:17:34,15900.0,5000.0,6316210.0
186,2021-10-17 14:17:30,15900.0,600.0,6311210.0
187,2021-10-17 14:17:28,16000.0,100.0,6310610.0
188,2021-10-17 14:17:27,15900.0,1000.0,6310510.0
189,2021-10-17 14:17:26,16000.0,7800.0,6309510.0
190,2021-10-17 14:17:24,16000.0,21000.0,6301710.0
191,2021-10-17 14:17:21,16000.0,600.0,6280710.0
192,2021-10-17 14:17:19,16000.0,200.0,6280110.0
193,2021-10-17 14:17:12,16000.0,3000.0,6279910.0
194,2021-10-17 14:17:11,16000.0,2000.0,6276910.0
195,2021-10-17 14:17:10,16100.0,15300.0,6274910.0
196,2021-10-17 14:17:03,16100.0,2300.0,6259610.0
197,2021-10-17 14:16:54,16200.0,39200.0,6257310.0
198,2021-10-17 14:16:53,16200.0,19700.0,6218110.0
199,2021-10-17 14:16:52,16200.0,1300.0,6198410.0
200,2021-10-17 14:16:51,16200.0,1200.0,6197110.0
201,2021-10-17 14:16:50,16200.0,9500.0,6195910.0
202,2021-10-17 14:16:45,16200.0,1000.0,6186410.0
203,2021-10-17 14:16:44,16200.0,9100.0,6185410.0
204,2021-10-17 14:16:39,16200.0,20000.0,6176310.0
205,2021-10-17 14:16:33,16300.0,100.0,6156310.0
206,2021-10-17 14:16:32,16200.0,800.0,6156210.0
207,2021-10-17 14:16:31,16300.0,3200.0,6155410.0
208,2021-10-17 14:16:30,16200.0,1700.0,6152210.0
209,2021-10-17 14:16:23,16300.0,1300.0,6150510.0
210,2021-10-17 14:16:21,16300.0,2200.0,6149210.0
211,2021-10-17 14:16:19,16200.0,500.0,6147010.0
212,2021-10-17 14:16:15,16200.0,2000.0,6146510.0
213,2021-10-17 14:16:11,16200.0,5000.0,6144510.0
214,2021-10-17 14:16:10,16200.0,900.0,6139510.0
215,2021-10-17 14:16:07,16200.0,100.0,6138610.0
216,2021-10-17 14:16:04,16200.0,1300.0,6138510.0
217,2021-10-17 14:16:03,16200.0,200.0,6137210.0
218,2021-10-17 14:15:53,16300.0,400.0,6137010.0
219,2021-10-17 14:15:52,16300.0,300.0,6136610.0
220,2021-10-17 14:15:49,16400.0,1000.0,6136310.0
221,2021-10-17 14:15:46,16300.0,20000.0,6135310.0
222,2021-10-17 14:15:45,16400.0,2100.0,6115310.0
223,2021-10-17 14:15:40,16300.0,19700.0,6113210.0
224,2021-10-17 14:15:36,16400.0,1000.0,6093510.0
225,2021-10-17 14:15:32,16400.0,100.0,6092510.0
226,2021-10-17 14:15:30,16400.0,100.0,6092410.0
227,2021-10-17 14:15:28,16400.0,200.0,6092310.0
228,2021-10-17 14:15:17,16400.0,2300.0,6092110.0
229,2021-10-17 14:15:07,16400.0,800.0,6089810.0
230,2021-10-17 14:15:01,16500.0,200.0,6089010.0
231,2021-10-17 14:14:59,16400.0,11400.0,6088810.0
232,2021-10-17 14:14:53,16400.0,1000.0,6077410.0
233,2021-10-17 14:14:52,16400.0,2000.0,6076410.0
234,2021-10-17 14:14:51,16400.0,100.0,6074410.0
235,2021-10-17 14:14:47,16400.0,100.0,6074310.0
236,2021-10-17 14:14:45,16400.0,2000.0,6074210.0
237,2021-10-17 14:14:36,16400.0,100.0,6072210.0
238,2021-10-17 14:14:26,16400.0,300.0,6072110.0
239,2021-10-17 14:14:25,16500.0,800.0,6071810.0
240,2021-10-17 14:14:14,16400.0,5600.0,6071010.0
241,2021-10-17 14:14:09,16500.0,400.0,6065410.0
242,2021-10-17 14:14:00,16500.0,5000.0,6065010.0
243,2021-10-17 14:13:56,16500.0,1900.0,6060010.0
244,2021-10-17 14:13:37,16500.0,100.0,6058110.0
245,2021-10-17 14:13:23,16500.0,400.0,6058010.0
246,2021-10-17 14:13:19,16500.0,500.0,6057610.0
247,2021-10-17 14:13:17,16500.0,100.0,6057110.0
248,2021-10-17 14:13:16,16500.0,400.0,6057010.0
249,2021-10-17 14:13:02,16500.0,900.0,6056610.0
250,2021-10-17 14:12:59,16500.0,5000.0,6055710.0
251,2021-10-17 14:12:56,16500.0,5000.0,6050710.0
252,2021-10-17 14:12:49,16500.0,700.0,6045710.0
253,2021-10-17 14:12:40,16500.0,100.0,6045010.0
254,2021-10-17 14:12:28,16500.0,1900.0,6044910.0
255,2021-10-17 14:12:13,16500.0,100.0,6043010.0
256,2021-10-17 14:12:05,16500.0,1600.0,6042910.0
257,2021-10-17 14:11:56,16500.0,4700.0,6041310.0
258,2021-10-17 14:11:29,16500.0,1000.0,6036610.0
259,2021-10-17 14:11:28,16500.0,100.0,6035610.0
260,2021-10-17 14:11:09,16500.0,100.0,6035510.0
261,2021-10-17 14:11:02,16500.0,4500.0,6035410.0
262,2021-10-17 14:10:44,16500.0,1000.0,6030910.0
263,2021-10-17 14:10:42,16500.0,10000.0,6029910.0
264,2021-10-17 14:10:33,16600.0,26200.0,6019910.0
265,2021-10-17 14:10:15,16600.0,200.0,5993710.0
266,2021-10-17 14:10:02,16600.0,4000.0,5993510.0
267,2021-10-17 14:09:54,16600.0,18500.0,5989510.0
268,2021-10-17 14:09:45,16600.0,1000.0,5971010.0
269,2021-10-17 14:09:39,16600.0,100.0,5970010.0
270,2021-10-17 14:09:28,16600.0,500.0,5969910.0
271,2021-10-17 14:09:24,16600.0,100.0,5969410.0
272,2021-10-17 14:08:59,16600.0,300.0,5969310.0
273,2021-10-17 14:08:23,16600.0,100.0,5969010.0
274,2021-10-17 14:07:54,16700.0,100.0,5968910.0
275,2021-10-17 14:07:50,16500.0,400.0,5968810.0
276,2021-10-17 14:07:47,16500.0,11800.0,5968410.0
277,2021-10-17 14:07:40,16700.0,40000.0,5956610.0
278,2021-10-17 14:07:39,16500.0,2500.0,5916610.0
279,2021-10-17 14:07:36,16600.0,1000.0,5914110.0
280,2021-10-17 14:07:35,16500.0,8800.0,5913110.0
281,2021-10-17 14:07:23,16600.0,22100.0,5904310.0
282,2021-10-17 14:07:20,16700.0,1200.0,5882210.0
283,2021-10-17 14:07:19,16700.0,100.0,5881010.0
284,2021-10-17 14:07:14,16700.0,100.0,5880910.0
285,2021-10-17 14:06:59,16700.0,12300.0,5880810.0
286,2021-10-17 14:06:41,16700.0,500.0,5868510.0
287,2021-10-17 14:06:34,16700.0,2000.0,5868010.0
288,2021-10-17 14:06:31,16700.0,300.0,5866010.0
289,2021-10-17 14:05:58,16700.0,200.0,5865710.0
290,2021-10-17 14:05:48,16700.0,300.0,5865510.0
291,2021-10-17 14:05:40,16700.0,500.0,5865210.0
292,2021-10-17 14:05:32,16700.0,300.0,5864710.0
293,2021-10-17 14:05:29,16700.0,1000.0,5864410.0
294,2021-10-17 14:05:04,16700.0,100.0,5863410.0
295,2021-10-17 14:05:03,16700.0,2000.0,5863310.0
296,2021-10-17 14:05:02,16700.0,200.0,5861310.0
297,2021-10-17 14:04:28,16700.0,2000.0,5861110.0
298,2021-10-17 14:03:57,16700.0,200.0,5859110.0
299,2021-10-17 14:03:18,16700.0,300.0,5858910.0
300,2021-10-17 14:02:46,16700.0,500.0,5858610.0
301,2021-10-17 14:02:40,16700.0,3900.0,5858110.0
302,2021-10-17 14:02:36,16700.0,100.0,5854210.0
303,2021-10-17 14:02:35,16700.0,100.0,5854110.0
304,2021-10-17 14:02:31,16700.0,300.0,5854010.0
305,2021-10-17 14:02:24,16700.0,200.0,5853710.0
306,2021-10-17 14:01:36,16700.0,100.0,5853510.0
307,2021-10-17 14:01:34,16700.0,100.0,5853410.0
308,2021-10-17 14:01:26,16700.0,500.0,5853310.0
309,2021-10-17 14:01:20,16700.0,1000.0,5852810.0
310,2021-10-17 14:01:17,16700.0,100.0,5851810.0
311,2021-10-17 14:01:07,16700.0,5000.0,5851710.0
312,2021-10-17 14:00:59,16700.0,1000.0,5846710.0
313,2021-10-17 14:00:52,16700.0,600.0,5845710.0
314,2021-10-17 14:00:48,16700.0,700.0,5845110.0
315,2021-10-17 14:00:26,16700.0,400.0,5844410.0
316,2021-10-17 14:00:21,16700.0,100.0,5844010.0
317,2021-10-17 14:00:16,16700.0,200.0,5843910.0
318,2021-10-17 14:00:14,16700.0,700.0,5843710.0
319,2021-10-17 13:59:30,16700.0,1000.0,5843010.0
320,2021-10-17 13:59:20,16700.0,500.0,5842010.0
321,2021-10-17 13:59:13,16700.0,400.0,5841510.0
322,2021-10-17 13:58:54,16700.0,800.0,5841110.0
323,2021-10-17 13:58:32,16700.0,2000.0,5840310.0
324,2021-10-17 13:58:25,16700.0,1000.0,5838310.0
325,2021-10-17 13:58:11,16700.0,100.0,5837310.0
326,2021-10-17 13:58:01,16700.0,100.0,5837210.0
327,2021-10-17 13:57:50,16700.0,100.0,5837110.0
328,2021-10-17 13:57:47,16700.0,300.0,5837010.0
329,2021-10-17 13:57:45,16700.0,200.0,5836710.0
330,2021-10-17 13:57:38,16700.0,100.0,5836510.0
331,2021-10-17 13:57:32,16600.0,11400.0,5836410.0
332,2021-10-17 13:57:23,16700.0,100.0,5825010.0
333,2021-10-17 13:57:09,16700.0,100.0,5824910.0
334,2021-10-17 13:56:59,16600.0,9800.0,5824810.0
335,2021-10-17 13:56:53,16700.0,1000.0,5815010.0
336,2021-10-17 13:56:52,16700.0,4000.0,5814010.0
337,2021-10-17 13:56:34,16700.0,100.0,5810010.0
338,2021-10-17 13:56:19,16700.0,10700.0,5809910.0
339,2021-10-17 13:56:13,16700.0,400.0,5799210.0
340,2021-10-17 13:55:52,16700.0,5000.0,5798810.0
341,2021-10-17 13:55:49,16600.0,300.0,5793810.0
342,2021-10-17 13:55:48,16600.0,1100.0,5793510.0
343,2021-10-17 13:55:42,16700.0,200.0,5792410.0
344,2021-10-17 13:55:37,16600.0,9.0,5792210.0
345,2021-10-17 13:55:29,16600.0,200.0,5792201.0
346,2021-10-17 13:55:22,16700.0,100.0,5792001.0
347,2021-10-17 13:55:20,16600.0,800.0,5791901.0
348,2021-10-17 13:55:12,16600.0,1000.0,5791101.0
349,2021-10-17 13:55:10,16600.0,500.0,5790101.0
350,2021-10-17 13:55:08,16600.0,500.0,5789601.0
351,2021-10-17 13:54:51,16600.0,100.0,5789101.0
352,2021-10-17 13:54:49,16600.0,200.0,5789001.0
353,2021-10-17 13:54:48,16600.0,300.0,5788801.0
354,2021-10-17 13:54:46,16600.0,200.0,5788501.0
355,2021-10-17 13:54:42,16600.0,4300.0,5788301.0
356,2021-10-17 13:54:28,16600.0,7100.0,5784001.0
357,2021-10-17 13:54:26,16600.0,200.0,5776901.0
358,2021-10-17 13:54:15,16600.0,600.0,5776701.0
359,2021-10-17 13:54:14,16600.0,500.0,5776101.0
360,2021-10-17 13:54:13,16600.0,100.0,5775601.0
361,2021-10-17 13:54:08,16600.0,10000.0,5775501.0
362,2021-10-17 13:54:05,16600.0,200.0,5765501.0
363,2021-10-17 13:53:50,16600.0,200.0,5765301.0
364,2021-10-17 13:53:45,16600.0,1000.0,5765101.0
365,2021-10-17 13:53:25,16600.0,200.0,5764101.0
366,2021-10-17 13:53:10,16600.0,500.0,5763901.0
367,2021-10-17 13:52:58,16600.0,1000.0,5763401.0
368,2021-10-17 13:52:46,16600.0,1500.0,5762401.0
369,2021-10-17 13:52:37,16600.0,97.0,5760901.0
370,2021-10-17 13:52:28,16600.0,700.0,5760804.0
371,2021-10-17 13:52:23,16600.0,500.0,5760104.0
372,2021-10-17 13:52:22,16600.0,2400.0,5759604.0
373,2021-10-17 13:52:20,16600.0,3000.0,5757204.0
374,2021-10-17 13:52:13,16500.0,100.0,5754204.0
375,2021-10-17 13:51:55,16500.0,300.0,5754104.0
376,2021-10-17 13:51:49,16600.0,5000.0,5753804.0
377,2021-10-17 13:51:45,16500.0,500.0,5748804.0
378,2021-10-17 13:51:41,16600.0,1200.0,5748304.0
379,2021-10-17 13:51:36,16500.0,100.0,5747104.0
380,2021-10-17 13:51:35,16600.0,200.0,5747004.0
381,2021-10-17 13:51:30,16600.0,100.0,5746804.0
382,2021-10-17 13:51:26,16500.0,100.0,5746704.0
383,2021-10-17 13:51:18,16600.0,300.0,5746604.0
384,2021-10-17 13:51:17,16600.0,1200.0,5746304.0
385,2021-10-17 13:51:16,16600.0,100.0,5745104.0
386,2021-10-17 13:51:03,16600.0,200.0,5745004.0
387,2021-10-17 13:50:51,16600.0,10000.0,5744804.0
388,2021-10-17 13:50:47,16500.0,200.0,5734804.0
389,2021-10-17 13:50:36,16500.0,1000.0,5734604.0
390,2021-10-17 13:50:28,16500.0,1300.0,5733604.0
391,2021-10-17 13:50:26,16500.0,100.0,5732304.0
392,2021-10-17 13:50:25,16500.0,6500.0,5732204.0
393,2021-10-17 13:50:24,16500.0,5000.0,5725704.0
394,2021-10-17 13:50:21,16500.0,100.0,5720704.0
395,2021-10-17 13:50:18,16500.0,1000.0,5720604.0
396,2021-10-17 13:50:17,16500.0,400.0,5719604.0
397,2021-10-17 13:50:12,16500.0,1000.0,5719204.0
398,2021-10-17 13:50:09,16500.0,100.0,5718204.0
399,2021-10-17 13:50:07,16500.0,2000.0,5718104.0
400,2021-10-17 13:50:02,16500.0,10000.0,5716104.0
401,2021-10-17 13:50:00,16500.0,500.0,5706104.0
402,2021-10-17 13:49:58,16500.0,900.0,5705604.0
403,2021-10-17 13:49:56,16500.0,200.0,5704704.0
404,2021-10-17 13:49:55,16500.0,1000.0,5704504.0
405,2021-10-17 13:49:52,16500.0,4100.0,5703504.0
406,2021-10-17 13:49:43,16500.0,3000.0,5699404.0
407,2021-10-17 13:49:37,16400.0,400.0,5696404.0
408,2021-10-17 13:49:34,16500.0,500.0,5696004.0
409,2021-10-17 13:49:33,16400.0,4000.0,5695504.0
410,2021-10-17 13:49:28,16400.0,1000.0,5691504.0
411,2021-10-17 13:49:27,16500.0,3000.0,5690504.0
412,2021-10-17 13:49:26,16400.0,100.0,5687504.0
413,2021-10-17 13:49:19,16400.0,1700.0,5687404.0
414,2021-10-17 13:49:13,16400.0,2000.0,5685704.0
415,2021-10-17 13:49:11,16400.0,300.0,5683704.0
416,2021-10-17 13:48:59,16400.0,5000.0,5683404.0
417,2021-10-17 13:48:54,16400.0,3000.0,5678404.0
418,2021-10-17 13:48:53,16500.0,500.0,5675404.0
419,2021-10-17 13:48:52,16500.0,500.0,5674904.0
420,2021-10-17 13:48:34,16500.0,8800.0,5674404.0
421,2021-10-17 13:48:33,16500.0,29400.0,5665604.0
422,2021-10-17 13:48:29,16700.0,500.0,5636204.0
423,2021-10-17 13:48:28,16700.0,1000.0,5635704.0
424,2021-10-17 13:48:23,16700.0,5000.0,5634704.0
425,2021-10-17 13:48:22,16600.0,1500.0,5629704.0
426,2021-10-17 13:48:09,16700.0,5000.0,5628204.0
427,2021-10-17 13:47:47,16700.0,100.0,5623204.0
428,2021-10-17 13:47:22,16700.0,10600.0,5623104.0
429,2021-10-17 13:47:02,16800.0,600.0,5612504.0
430,2021-10-17 13:46:54,16800.0,200.0,5611904.0
431,2021-10-17 13:46:51,16800.0,19300.0,5611704.0
432,2021-10-17 13:46:33,16800.0,200.0,5592404.0
433,2021-10-17 13:46:16,16800.0,6100.0,5592204.0
434,2021-10-17 13:46:01,16800.0,200.0,5586104.0
435,2021-10-17 13:46:00,16800.0,5000.0,5585904.0
436,2021-10-17 13:45:57,16800.0,2700.0,5580904.0
437,2021-10-17 13:45:50,16800.0,500.0,5578204.0
438,2021-10-17 13:45:46,16800.0,1000.0,5577704.0
439,2021-10-17 13:45:43,16800.0,600.0,5576704.0
440,2021-10-17 13:45:42,16800.0,200.0,5576104.0
441,2021-10-17 13:45:30,16800.0,500.0,5575904.0
442,2021-10-17 13:45:28,16800.0,100.0,5575404.0
443,2021-10-17 13:45:24,16800.0,900.0,5575304.0
444,2021-10-17 13:45:00,16800.0,400.0,5574404.0
445,2021-10-17 13:44:48,16800.0,100.0,5574004.0
446,2021-10-17 13:44:38,16700.0,500.0,5573904.0
447,2021-10-17 13:44:13,16700.0,1000.0,5573404.0
448,2021-10-17 13:44:08,16700.0,100.0,5572404.0
449,2021-10-17 13:44:04,16700.0,5100.0,5572304.0
450,2021-10-17 13:44:03,16700.0,5000.0,5567204.0
451,2021-10-17 13:44:00,16700.0,100.0,5562204.0
452,2021-10-17 13:43:58,16700.0,200.0,5562104.0
453,2021-10-17 13:43:53,16600.0,300.0,5561904.0
454,2021-10-17 13:43:48,16700.0,500.0,5561604.0
455,2021-10-17 13:43:45,16700.0,400.0,5561104.0
456,2021-10-17 13:43:18,16700.0,300.0,5560704.0
457,2021-10-17 13:43:13,16600.0,200.0,5560404.0
458,2021-10-17 13:43:11,16600.0,1700.0,5560204.0
459,2021-10-17 13:43:10,16600.0,500.0,5558504.0
460,2021-10-17 13:43:09,16500.0,3000.0,5558004.0
461,2021-10-17 13:43:01,16600.0,100.0,5555004.0
462,2021-10-17 13:42:51,16500.0,100.0,5554904.0
463,2021-10-17 13:42:48,16600.0,200.0,5554804.0
464,2021-10-17 13:42:46,16500.0,2000.0,5554604.0
465,2021-10-17 13:42:44,16500.0,200.0,5552604.0
466,2021-10-17 13:42:36,16500.0,100.0,5552404.0
467,2021-10-17 13:42:33,16500.0,6100.0,5552304.0
468,2021-10-17 13:42:30,16500.0,1500.0,5546204.0
469,2021-10-17 13:42:13,16500.0,100.0,5544704.0
470,2021-10-17 13:42:11,16500.0,10600.0,5544604.0
471,2021-10-17 13:42:06,16400.0,3800.0,5534004.0
472,2021-10-17 13:42:03,16500.0,400.0,5530204.0
473,2021-10-17 13:41:57,16500.0,500.0,5529804.0
474,2021-10-17 13:41:56,16500.0,200.0,5529304.0
475,2021-10-17 13:41:54,16500.0,6900.0,5529104.0
476,2021-10-17 13:41:39,16500.0,20000.0,5522204.0
477,2021-10-17 13:41:24,16700.0,100.0,5502204.0
478,2021-10-17 13:41:12,16700.0,97.0,5502104.0
479,2021-10-17 13:41:04,16700.0,600.0,5502007.0
480,2021-10-17 13:40:51,16600.0,39700.0,5501407.0
481,2021-10-17 13:40:46,16500.0,4000.0,5461707.0
482,2021-10-17 13:40:45,16600.0,100.0,5457707.0
483,2021-10-17 13:40:44,16600.0,200.0,5457607.0
484,2021-10-17 13:40:40,16600.0,200.0,5457407.0
485,2021-10-17 13:40:35,16600.0,14900.0,5457207.0
486,2021-10-17 13:40:31,16700.0,10000.0,5442307.0
487,2021-10-17 13:40:15,16800.0,100.0,5432307.0
488,2021-10-17 13:40:12,16800.0,900.0,5432207.0
489,2021-10-17 13:39:54,16800.0,100.0,5431307.0
490,2021-10-17 13:39:38,16500.0,100000.0,5431207.0
491,2021-10-17 13:39:25,16800.0,500.0,5331207.0
492,2021-10-17 13:39:11,16800.0,2600.0,5330707.0
493,2021-10-17 13:38:49,16800.0,100.0,5328107.0
494,2021-10-17 13:38:11,16700.0,2000.0,5328007.0
495,2021-10-17 13:38:09,16800.0,14300.0,5326007.0
496,2021-10-17 13:38:03,16700.0,10100.0,5311707.0
497,2021-10-17 13:37:56,16700.0,500.0,5301607.0
498,2021-10-17 13:37:49,16800.0,200.0,5301107.0
499,2021-10-17 13:37:41,16700.0,100.0,5300907.0
500,2021-10-17 13:37:39,16700.0,26000.0,5300807.0
501,2021-10-17 13:37:37,16800.0,200.0,5274807.0
502,2021-10-17 13:37:33,16700.0,1000.0,5274607.0
503,2021-10-17 13:37:29,16800.0,200.0,5273607.0
504,2021-10-17 13:37:28,16800.0,600.0,5273407.0
505,2021-10-17 13:37:25,16800.0,100.0,5272807.0
506,2021-10-17 13:37:24,16800.0,100.0,5272707.0
507,2021-10-17 13:37:17,16800.0,5600.0,5272607.0
508,2021-10-17 13:37:15,16800.0,1000.0,5267007.0
509,2021-10-17 13:37:10,16800.0,500.0,5266007.0
510,2021-10-17 13:37:06,16800.0,700.0,5265507.0
511,2021-10-17 13:37:05,16800.0,100.0,5264807.0
512,2021-10-17 13:36:59,16800.0,2000.0,5264707.0
513,2021-10-17 13:36:54,16800.0,21300.0,5262707.0
514,2021-10-17 13:36:50,16900.0,500.0,5241407.0
515,2021-10-17 13:36:33,16900.0,500.0,5240907.0
516,2021-10-17 13:36:26,16800.0,100.0,5240407.0
517,2021-10-17 13:36:15,16900.0,300.0,5240307.0
518,2021-10-17 13:36:13,16900.0,1800.0,5240007.0
519,2021-10-17 13:36:12,16900.0,2000.0,5238207.0
520,2021-10-17 13:36:08,16900.0,11800.0,5236207.0
521,2021-10-17 13:35:58,16900.0,5000.0,5224407.0
522,2021-10-17 13:35:56,16900.0,1400.0,5219407.0
523,2021-10-17 13:35:31,16900.0,2000.0,5218007.0
524,2021-10-17 13:35:14,16900.0,3000.0,5216007.0
525,2021-10-17 13:34:56,16900.0,300.0,5213007.0
526,2021-10-17 13:34:53,16900.0,500.0,5212707.0
527,2021-10-17 13:34:51,17000.0,200.0,5212207.0
528,2021-10-17 13:34:46,17000.0,2000.0,5212007.0
529,2021-10-17 13:34:31,17000.0,900.0,5210007.0
530,2021-10-17 13:34:22,17000.0,206500.0,5209107.0
531,2021-10-17 13:34:21,17200.0,2500.0,5002607.0
532,2021-10-17 13:34:18,17200.0,3000.0,5000107.0
533,2021-10-17 13:34:15,17200.0,200.0,4997107.0
534,2021-10-17 13:34:05,17200.0,5200.0,4996907.0
535,2021-10-17 13:34:03,17200.0,4600.0,4991707.0
536,2021-10-17 13:33:58,17200.0,1500.0,4987107.0
537,2021-10-17 13:33:54,17200.0,30000.0,4985607.0
538,2021-10-17 13:33:45,17200.0,100.0,4955607.0
539,2021-10-17 13:33:43,17200.0,3400.0,4955507.0
540,2021-10-17 13:33:17,17200.0,100.0,4952107.0
541,2021-10-17 13:33:12,17200.0,2000.0,4952007.0
542,2021-10-17 13:32:58,17200.0,1000.0,4950007.0
543,2021-10-17 13:32:36,17200.0,100.0,4949007.0
544,2021-10-17 13:32:29,17200.0,1000.0,4948907.0
545,2021-10-17 13:32:09,17200.0,1000.0,4947907.0
546,2021-10-17 13:30:49,17200.0,500.0,4946907.0
547,2021-10-17 13:30:44,17200.0,3000.0,4946407.0
548,2021-10-17 13:30:41,17200.0,1000.0,4943407.0
549,2021-10-17 13:30:29,17200.0,100.0,4942407.0
550,2021-10-17 13:30:08,17300.0,1000.0,4942307.0
551,2021-10-17 13:30:00,17300.0,1000.0,4941307.0
552,2021-10-17 13:29:26,17300.0,200.0,4940307.0
553,2021-10-17 13:29:23,17300.0,500.0,4940107.0
554,2021-10-17 13:29:06,17300.0,300.0,4939607.0
555,2021-10-17 13:28:33,17300.0,2100.0,4939307.0
556,2021-10-17 13:28:32,17300.0,500.0,4937207.0
557,2021-10-17 13:28:19,17300.0,200.0,4936707.0
558,2021-10-17 13:27:52,17200.0,700.0,4936507.0
559,2021-10-17 13:27:51,17300.0,400.0,4935807.0
560,2021-10-17 13:27:46,17300.0,10000.0,4935407.0
561,2021-10-17 13:27:43,17300.0,5000.0,4925407.0
562,2021-10-17 13:27:26,17300.0,10000.0,4920407.0
563,2021-10-17 13:26:53,17200.0,4000.0,4910407.0
564,2021-10-17 13:26:51,17200.0,1000.0,4906407.0
565,2021-10-17 13:26:43,17200.0,100.0,4905407.0
566,2021-10-17 13:26:12,17200.0,2000.0,4905307.0
567,2021-10-17 13:25:54,17200.0,1000.0,4903307.0
568,2021-10-17 13:25:24,17200.0,500.0,4902307.0
569,2021-10-17 13:25:22,17200.0,100.0,4901807.0
570,2021-10-17 13:24:25,17200.0,5000.0,4901707.0
571,2021-10-17 13:23:54,17200.0,1200.0,4896707.0
572,2021-10-17 13:23:52,17200.0,1500.0,4895507.0
573,2021-10-17 13:23:43,17200.0,500.0,4894007.0
574,2021-10-17 13:23:31,17300.0,100.0,4893507.0
575,2021-10-17 13:23:21,17200.0,600.0,4893407.0
576,2021-10-17 13:22:43,17200.0,600.0,4892807.0
577,2021-10-17 13:22:34,17200.0,3700.0,4892207.0
578,2021-10-17 13:22:03,17200.0,800.0,4888507.0
579,2021-10-17 13:21:53,17200.0,2000.0,4887707.0
580,2021-10-17 13:21:38,17200.0,200.0,4885707.0
581,2021-10-17 13:21:34,17200.0,2800.0,4885507.0
582,2021-10-17 13:21:30,17200.0,2000.0,4882707.0
583,2021-10-17 13:21:18,17200.0,300.0,4880707.0
584,2021-10-17 13:20:08,17200.0,500.0,4880407.0
585,2021-10-17 13:19:40,17200.0,100.0,4879907.0
586,2021-10-17 13:19:35,17200.0,500.0,4879807.0
587,2021-10-17 13:19:25,17200.0,300.0,4879307.0
588,2021-10-17 13:19:10,17200.0,900.0,4879007.0
589,2021-10-17 13:18:18,17200.0,100.0,4878107.0
590,2021-10-17 13:17:49,17200.0,9600.0,4878007.0
591,2021-10-17 13:17:00,17200.0,1100.0,4868407.0
592,2021-10-17 13:16:57,17200.0,1100.0,4867307.0
593,2021-10-17 13:16:31,17200.0,1500.0,4866207.0
594,2021-10-17 13:16:29,17200.0,900.0,4864707.0
595,2021-10-17 13:15:46,17200.0,2800.0,4863807.0
596,2021-10-17 13:15:37,17200.0,1000.0,4861007.0
597,2021-10-17 13:15:34,17200.0,100.0,4860007.0
598,2021-10-17 13:15:33,17200.0,100.0,4859907.0
599,2021-10-17 13:15:26,17200.0,2100.0,4859807.0
600,2021-10-17 13:15:24,17200.0,800.0,4857707.0
601,2021-10-17 13:15:09,17200.0,100.0,4856907.0
602,2021-10-17 13:14:54,17200.0,1600.0,4856807.0
603,2021-10-17 13:14:39,17200.0,100.0,4855207.0
604,2021-10-17 13:14:26,17200.0,2000.0,4855107.0
605,2021-10-17 13:14:18,17200.0,2500.0,4853107.0
606,2021-10-17 13:14:16,17200.0,2000.0,4850607.0
607,2021-10-17 13:14:10,17200.0,1000.0,4848607.0
608,2021-10-17 13:13:46,17200.0,1000.0,4847607.0
609,2021-10-17 13:13:43,17200.0,8600.0,4846607.0
610,2021-10-17 13:13:41,17200.0,200.0,4838007.0
611,2021-10-17 13:13:16,17200.0,2100.0,4837807.0
612,2021-10-17 13:12:53,17200.0,300.0,4835707.0
613,2021-10-17 13:12:51,17200.0,100.0,4835407.0
614,2021-10-17 13:12:50,17200.0,10000.0,4835307.0
615,2021-10-17 13:12:40,17200.0,100.0,4825307.0
616,2021-10-17 13:12:15,17200.0,100.0,4825207.0
617,2021-10-17 13:11:21,17200.0,1000.0,4825107.0
618,2021-10-17 13:11:05,17200.0,200.0,4824107.0
619,2021-10-17 13:11:04,17200.0,200.0,4823907.0
620,2021-10-17 13:10:55,17200.0,300.0,4823707.0
621,2021-10-17 13:10:10,17200.0,300.0,4823407.0
622,2021-10-17 13:09:46,17200.0,56.0,4823107.0
623,2021-10-17 13:09:25,17200.0,100.0,4823051.0
624,2021-10-17 13:09:07,17200.0,100.0,4822951.0
625,2021-10-17 13:08:53,17200.0,400.0,4822851.0
626,2021-10-17 13:08:51,17200.0,3000.0,4822451.0
627,2021-10-17 13:08:42,17200.0,1000.0,4819451.0
628,2021-10-17 13:08:21,17100.0,300.0,4818451.0
629,2021-10-17 13:07:08,17200.0,500.0,4818151.0
630,2021-10-17 13:07:06,17200.0,100.0,4817651.0
631,2021-10-17 13:06:55,17200.0,600.0,4817551.0
632,2021-10-17 13:06:53,17200.0,1100.0,4816951.0
633,2021-10-17 13:06:36,17200.0,200.0,4815851.0
634,2021-10-17 13:06:24,17100.0,100.0,4815651.0
635,2021-10-17 13:04:47,17200.0,100.0,4815551.0
636,2021-10-17 13:04:42,17200.0,100.0,4815451.0
637,2021-10-17 13:04:37,17200.0,5400.0,4815351.0
638,2021-10-17 13:04:18,17200.0,300.0,4809951.0
639,2021-10-17 13:03:45,17200.0,1200.0,4809651.0
640,2021-10-17 13:03:32,17100.0,500.0,4808451.0
641,2021-10-17 13:03:19,17200.0,2500.0,4807951.0
642,2021-10-17 13:02:46,17200.0,3000.0,4805451.0
643,2021-10-17 13:02:43,17100.0,500.0,4802451.0
644,2021-10-17 13:02:28,17100.0,1100.0,4801951.0
645,2021-10-17 13:01:41,17100.0,22000.0,4800851.0
646,2021-10-17 13:01:37,17000.0,100.0,4778851.0
647,2021-10-17 13:00:24,17000.0,1000.0,4778751.0
648,2021-10-17 13:00:15,17100.0,500.0,4777751.0
649,2021-10-17 13:00:14,17000.0,100.0,4777251.0
650,2021-10-17 13:00:12,17000.0,100.0,4777151.0
651,2021-10-17 13:00:09,17000.0,1800.0,4777051.0
652,2021-10-17 13:00:07,17100.0,12000.0,4775251.0
653,2021-10-17 13:00:06,17000.0,22400.0,4763251.0
654,2021-10-17 13:00:05,17100.0,300.0,4740851.0
655,2021-10-17 11:29:54,17000.0,700.0,4740551.0
656,2021-10-17 11:29:29,17000.0,800.0,4739851.0
657,2021-10-17 11:29:20,17100.0,500.0,4739051.0
658,2021-10-17 11:28:45,17100.0,1200.0,4738551.0
659,2021-10-17 11:28:43,17100.0,1000.0,4737351.0
660,2021-10-17 11:28:42,17100.0,500.0,4736351.0
661,2021-10-17 11:28:26,17100.0,1000.0,4735851.0
662,2021-10-17 11:27:56,17200.0,100.0,4734851.0
663,2021-10-17 11:27:30,17200.0,200.0,4734751.0
664,2021-10-17 11:27:20,17200.0,100.0,4734551.0
665,2021-10-17 11:27:13,17100.0,100.0,4734451.0
666,2021-10-17 11:26:42,17100.0,1200.0,4734351.0
667,2021-10-17 11:26:25,17100.0,100.0,4733151.0
668,2021-10-17 11:26:24,17100.0,1000.0,4733051.0
669,2021-10-17 11:26:16,17100.0,100.0,4732051.0
670,2021-10-17 11:25:50,17100.0,200.0,4731951.0
671,2021-10-17 11:25:46,17100.0,100.0,4731751.0
672,2021-10-17 11:25:11,17000.0,200.0,4731651.0
673,2021-10-17 11:25:06,17100.0,2000.0,4731451.0
674,2021-10-17 11:24:58,17100.0,100.0,4729451.0
675,2021-10-17 11:24:37,17000.0,1200.0,4729351.0
676,2021-10-17 11:24:32,17100.0,100.0,4728151.0
677,2021-10-17 11:24:15,17100.0,600.0,4728051.0
678,2021-10-17 11:23:55,17100.0,4600.0,4727451.0
679,2021-10-17 11:23:50,17100.0,200.0,4722851.0
680,2021-10-17 11:23:45,17100.0,100.0,4722651.0
681,2021-10-17 11:23:35,17100.0,100.0,4722551.0
682,2021-10-17 11:23:31,17100.0,100.0,4722451.0
683,2021-10-17 11:23:30,17000.0,200.0,4722351.0
684,2021-10-17 11:23:24,17100.0,100.0,4722151.0
685,2021-10-17 11:22:47,17100.0,100.0,4722051.0
686,2021-10-17 11:22:42,17100.0,2400.0,4721951.0
687,2021-10-17 11:22:30,17100.0,100.0,4719551.0
688,2021-10-17 11:22:20,17100.0,1.0,4719451.0
689,2021-10-17 11:22:19,17100.0,5000.0,4719450.0
690,2021-10-17 11:22:05,17100.0,200.0,4714450.0
691,2021-10-17 11:21:50,17100.0,200.0,4714250.0
692,2021-10-17 11:21:28,17100.0,200.0,4714050.0
693,2021-10-17 11:21:14,17100.0,1000.0,4713850.0
694,2021-10-17 11:21:09,17100.0,100.0,4712850.0
695,2021-10-17 11:21:05,17100.0,3000.0,4712750.0
696,2021-10-17 11:20:46,17100.0,500.0,4709750.0
697,2021-10-17 11:20:31,17100.0,3000.0,4709250.0
698,2021-10-17 11:20:10,17100.0,100.0,4706250.0
699,2021-10-17 11:20:00,17100.0,400.0,4706150.0
700,2021-10-17 11:19:40,17100.0,1100.0,4705750.0
701,2021-10-17 11:19:19,17100.0,1000.0,4704650.0
702,2021-10-17 11:19:02,17100.0,200.0,4703650.0
703,2021-10-17 11:18:53,17100.0,500.0,4703450.0
704,2021-10-17 11:18:45,17100.0,200.0,4702950.0
705,2021-10-17 11:18:20,17100.0,100.0,4702750.0
706,2021-10-17 11:18:13,17100.0,200.0,4702650.0
707,2021-10-17 11:17:48,17100.0,400.0,4702450.0
708,2021-10-17 11:17:45,17100.0,300.0,4702050.0
709,2021-10-17 11:17:20,17100.0,200.0,4701750.0
710,2021-10-17 11:17:10,17100.0,5000.0,4701550.0
711,2021-10-17 11:16:58,17100.0,1500.0,4696550.0
712,2021-10-17 11:16:26,17100.0,6000.0,4695050.0
713,2021-10-17 11:16:23,17000.0,2000.0,4689050.0
714,2021-10-17 11:16:19,17000.0,200.0,4687050.0
715,2021-10-17 11:16:09,17100.0,200.0,4686850.0
716,2021-10-17 11:16:05,17100.0,500.0,4686650.0
717,2021-10-17 11:15:48,17100.0,100.0,4686150.0
718,2021-10-17 11:15:09,17100.0,100.0,4686050.0
719,2021-10-17 11:15:00,17100.0,400.0,4685950.0
720,2021-10-17 11:14:27,17100.0,100.0,4685550.0
721,2021-10-17 11:14:25,17100.0,300.0,4685450.0
722,2021-10-17 11:14:23,17100.0,100.0,4685150.0
723,2021-10-17 11:13:08,17100.0,200.0,4685050.0
724,2021-10-17 11:12:46,17100.0,1000.0,4684850.0
725,2021-10-17 11:12:34,17000.0,3000.0,4683850.0
726,2021-10-17 11:12:23,17100.0,2400.0,4680850.0
727,2021-10-17 11:11:34,17100.0,17500.0,4678450.0
728,2021-10-17 11:11:30,17100.0,400.0,4660950.0
729,2021-10-17 11:10:21,17100.0,200.0,4660550.0
730,2021-10-17 11:09:28,17100.0,18300.0,4660350.0
731,2021-10-17 11:09:23,17200.0,700.0,4642050.0
732,2021-10-17 11:09:16,17200.0,500.0,4641350.0
733,2021-10-17 11:09:06,17200.0,200.0,4640850.0
734,2021-10-17 11:09:05,17200.0,2000.0,4640650.0
735,2021-10-17 11:09:04,17200.0,10000.0,4638650.0
736,2021-10-17 11:08:44,17200.0,400.0,4628650.0
737,2021-10-17 11:08:43,17200.0,900.0,4628250.0
738,2021-10-17 11:08:42,17200.0,1000.0,4627350.0
739,2021-10-17 11:07:26,17200.0,3000.0,4626350.0
740,2021-10-17 11:06:15,17300.0,100.0,4623350.0
741,2021-10-17 11:06:07,17300.0,200.0,4623250.0
742,2021-10-17 11:05:53,17300.0,600.0,4623050.0
743,2021-10-17 11:05:43,17300.0,200.0,4622450.0
744,2021-10-17 11:05:38,17300.0,600.0,4622250.0
745,2021-10-17 11:05:31,17300.0,1000.0,4621650.0
746,2021-10-17 11:04:49,17300.0,1000.0,4620650.0
747,2021-10-17 11:04:36,17200.0,47100.0,4619650.0
748,2021-10-17 11:04:28,17200.0,800.0,4572550.0
749,2021-10-17 11:03:59,17200.0,500.0,4571750.0
750,2021-10-17 11:03:56,17200.0,1000.0,4571250.0
751,2021-10-17 11:03:20,17200.0,100.0,4570250.0
752,2021-10-17 11:01:39,17200.0,500.0,4570150.0
753,2021-10-17 11:01:19,17100.0,2000.0,4569650.0
754,2021-10-17 11:01:06,17100.0,1000.0,4567650.0
755,2021-10-17 11:01:02,17100.0,500.0,4566650.0
756,2021-10-17 11:00:46,17100.0,400.0,4566150.0
757,2021-10-17 11:00:45,17100.0,1000.0,4565750.0
758,2021-10-17 11:00:39,17100.0,1000.0,4564750.0
759,2021-10-17 11:00:35,17100.0,14300.0,4563750.0
760,2021-10-17 10:59:38,17100.0,1000.0,4549450.0
761,2021-10-17 10:59:25,17100.0,1000.0,4548450.0
762,2021-10-17 10:59:12,17100.0,400.0,4547450.0
763,2021-10-17 10:58:55,17100.0,16800.0,4547050.0
764,2021-10-17 10:58:31,17100.0,1000.0,4530250.0
765,2021-10-17 10:58:22,17100.0,100.0,4529250.0
766,2021-10-17 10:56:44,17100.0,100.0,4529150.0
767,2021-10-17 10:56:31,17100.0,7900.0,4529050.0
768,2021-10-17 10:56:30,17100.0,500.0,4521150.0
769,2021-10-17 10:56:23,17100.0,1800.0,4520650.0
770,2021-10-17 10:55:31,17000.0,800.0,4518850.0
771,2021-10-17 10:55:25,17000.0,200.0,4518050.0
772,2021-10-17 10:54:46,17000.0,1000.0,4517850.0
773,2021-10-17 10:54:22,17000.0,1000.0,4516850.0
774,2021-10-17 10:53:57,17000.0,1000.0,4515850.0
775,2021-10-17 10:53:38,17000.0,200.0,4514850.0
776,2021-10-17 10:53:27,17100.0,4000.0,4514650.0
777,2021-10-17 10:53:04,17000.0,100.0,4510650.0
778,2021-10-17 10:52:58,17000.0,900.0,4510550.0
779,2021-10-17 10:52:51,17000.0,100.0,4509650.0
780,2021-10-17 10:52:30,17000.0,100.0,4509550.0
781,2021-10-17 10:52:28,17000.0,1600.0,4509450.0
782,2021-10-17 10:51:44,17000.0,19600.0,4507850.0
783,2021-10-17 10:51:35,17000.0,300.0,4488250.0
784,2021-10-17 10:51:12,17000.0,500.0,4487950.0
785,2021-10-17 10:51:08,16900.0,500.0,4487450.0
786,2021-10-17 10:50:50,17000.0,500.0,4486950.0
787,2021-10-17 10:50:38,16900.0,100.0,4486450.0
788,2021-10-17 10:50:31,16900.0,200.0,4486350.0
789,2021-10-17 10:50:30,17000.0,700.0,4486150.0
790,2021-10-17 10:50:08,17000.0,100.0,4485450.0
791,2021-10-17 10:49:36,17000.0,2000.0,4485350.0
792,2021-10-17 10:49:21,17000.0,100.0,4483350.0
793,2021-10-17 10:49:16,17000.0,200.0,4483250.0
794,2021-10-17 10:49:05,17000.0,100.0,4483050.0
795,2021-10-17 10:48:51,17000.0,100.0,4482950.0
796,2021-10-17 10:48:36,17000.0,100.0,4482850.0
797,2021-10-17 10:48:34,17000.0,1000.0,4482750.0
798,2021-10-17 10:48:28,17000.0,100.0,4481750.0
799,2021-10-17 10:47:49,16900.0,5000.0,4481650.0
800,2021-10-17 10:46:21,17000.0,1000.0,4476650.0
801,2021-10-17 10:45:42,17000.0,1000.0,4475650.0
802,2021-10-17 10:45:30,16900.0,1000.0,4474650.0
803,2021-10-17 10:45:02,17000.0,100.0,4473650.0
804,2021-10-17 10:44:52,17000.0,2900.0,4473550.0
805,2021-10-17 10:44:51,17000.0,300.0,4470650.0
806,2021-10-17 10:44:07,17000.0,2600.0,4470350.0
807,2021-10-17 10:43:56,17000.0,300.0,4467750.0
808,2021-10-17 10:43:33,16900.0,200.0,4467450.0
809,2021-10-17 10:43:24,17000.0,2200.0,4467250.0
810,2021-10-17 10:43:00,17000.0,83.0,4465050.0
811,2021-10-17 10:42:53,17000.0,10000.0,4464967.0
812,2021-10-17 10:42:47,17000.0,500.0,4454967.0
813,2021-10-17 10:41:56,17000.0,1200.0,4454467.0
814,2021-10-17 10:41:55,16900.0,1300.0,4453267.0
815,2021-10-17 10:41:41,16900.0,500.0,4451967.0
816,2021-10-17 10:40:58,16900.0,500.0,4451467.0
817,2021-10-17 10:39:16,17000.0,100.0,4450967.0
818,2021-10-17 10:38:54,17000.0,1000.0,4450867.0
819,2021-10-17 10:38:44,17000.0,1000.0,4449867.0
820,2021-10-17 10:38:33,17000.0,2200.0,4448867.0
821,2021-10-17 10:38:20,16900.0,200.0,4446667.0
822,2021-10-17 10:38:07,16900.0,100.0,4446467.0
823,2021-10-17 10:38:06,16900.0,300.0,4446367.0
824,2021-10-17 10:37:47,16900.0,500.0,4446067.0
825,2021-10-17 10:37:45,16900.0,2000.0,4445567.0
826,2021-10-17 10:37:25,16900.0,400.0,4443567.0
827,2021-10-17 10:36:52,16900.0,100.0,4443167.0
828,2021-10-17 10:36:34,16900.0,100.0,4443067.0
829,2021-10-17 10:36:32,16900.0,200.0,4442967.0
830,2021-10-17 10:36:09,16900.0,300.0,4442767.0
831,2021-10-17 10:35:59,16900.0,200.0,4442467.0
832,2021-10-17 10:35:58,16900.0,300.0,4442267.0
833,2021-10-17 10:35:35,16900.0,100.0,4441967.0
834,2021-10-17 10:35:31,16900.0,9400.0,4441867.0
835,2021-10-17 10:34:18,16900.0,1600.0,4432467.0
836,2021-10-17 10:34:06,16900.0,6600.0,4430867.0
837,2021-10-17 10:34:05,16900.0,100.0,4424267.0
838,2021-10-17 10:33:40,16900.0,700.0,4424167.0
839,2021-10-17 10:32:34,16900.0,400.0,4423467.0
840,2021-10-17 10:31:58,16900.0,1000.0,4423067.0
841,2021-10-17 10:31:57,17000.0,500.0,4422067.0
842,2021-10-17 10:31:49,16900.0,1000.0,4421567.0
843,2021-10-17 10:31:48,16900.0,50000.0,4420567.0
844,2021-10-17 10:31:46,17000.0,100.0,4370567.0
845,2021-10-17 10:31:43,17000.0,300.0,4370467.0
846,2021-10-17 10:31:41,17000.0,5800.0,4370167.0
847,2021-10-17 10:31:19,17000.0,100.0,4364367.0
848,2021-10-17 10:30:46,17000.0,1000.0,4364267.0
849,2021-10-17 10:30:43,17000.0,5000.0,4363267.0
850,2021-10-17 10:30:30,17000.0,100.0,4358267.0
851,2021-10-17 10:30:15,17000.0,16000.0,4358167.0
852,2021-10-17 10:30:12,17000.0,800.0,4342167.0
853,2021-10-17 10:30:08,17000.0,500.0,4341367.0
854,2021-10-17 10:29:39,17000.0,400.0,4340867.0
855,2021-10-17 10:29:22,17000.0,7100.0,4340467.0
856,2021-10-17 10:29:13,16900.0,100.0,4333367.0
857,2021-10-17 10:29:08,16900.0,400.0,4333267.0
858,2021-10-17 10:29:01,16800.0,500.0,4332867.0
859,2021-10-17 10:28:49,16900.0,100.0,4332367.0
860,2021-10-17 10:28:45,16900.0,800.0,4332267.0
861,2021-10-17 10:28:43,16900.0,500.0,4331467.0
862,2021-10-17 10:28:40,16900.0,700.0,4330967.0
863,2021-10-17 10:28:13,16900.0,1000.0,4330267.0
864,2021-10-17 10:28:07,16900.0,800.0,4329267.0
865,2021-10-17 10:27:38,16900.0,100.0,4328467.0
866,2021-10-17 10:27:32,16900.0,900.0,4328367.0
867,2021-10-17 10:27:31,16900.0,1100.0,4327467.0
868,2021-10-17 10:27:24,16900.0,500.0,4326367.0
869,2021-10-17 10:27:09,16900.0,500.0,4325867.0
870,2021-10-17 10:27:03,16900.0,100.0,4325367.0
871,2021-10-17 10:26:14,16900.0,1500.0,4325267.0
872,2021-10-17 10:25:42,16900.0,100.0,4323767.0
873,2021-10-17 10:25:35,17000.0,5200.0,4323667.0
874,2021-10-17 10:25:28,17000.0,200.0,4318467.0
875,2021-10-17 10:25:12,16900.0,4900.0,4318267.0
876,2021-10-17 10:24:43,16900.0,200.0,4313367.0
877,2021-10-17 10:24:38,16900.0,700.0,4313167.0
878,2021-10-17 10:24:18,16900.0,800.0,4312467.0
879,2021-10-17 10:24:06,16900.0,300.0,4311667.0
880,2021-10-17 10:23:47,16900.0,100.0,4311367.0
881,2021-10-17 10:23:45,16900.0,200.0,4311267.0
882,2021-10-17 10:23:40,16900.0,300.0,4311067.0
883,2021-10-17 10:23:28,16900.0,600.0,4310767.0
884,2021-10-17 10:23:22,17000.0,800.0,4310167.0
885,2021-10-17 10:22:59,16900.0,400.0,4309367.0
886,2021-10-17 10:22:06,17000.0,1500.0,4308967.0
887,2021-10-17 10:21:54,17000.0,500.0,4307467.0
888,2021-10-17 10:21:52,17000.0,1800.0,4306967.0
889,2021-10-17 10:21:39,17000.0,200.0,4305167.0
890,2021-10-17 10:21:25,17000.0,1000.0,4304967.0
891,2021-10-17 10:21:23,17000.0,200.0,4303967.0
892,2021-10-17 10:21:13,17000.0,1100.0,4303767.0
893,2021-10-17 10:21:11,17000.0,2000.0,4302667.0
894,2021-10-17 10:21:07,17000.0,28600.0,4300667.0
895,2021-10-17 10:21:00,17000.0,3000.0,4272067.0
896,2021-10-17 10:20:42,17100.0,500.0,4269067.0
897,2021-10-17 10:20:24,17100.0,100.0,4268567.0
898,2021-10-17 10:20:15,17000.0,400.0,4268467.0
899,2021-10-17 10:19:37,17100.0,2000.0,4268067.0
900,2021-10-17 10:19:35,17000.0,500.0,4266067.0
901,2021-10-17 10:19:17,17000.0,300.0,4265567.0
902,2021-10-17 10:19:01,17000.0,500.0,4265267.0
903,2021-10-17 10:18:31,17100.0,100.0,4264767.0
904,2021-10-17 10:18:19,17100.0,500.0,4264667.0
905,2021-10-17 10:17:35,17100.0,100.0,4264167.0
906,2021-10-17 10:17:16,17000.0,100.0,4264067.0
907,2021-10-17 10:17:05,17100.0,1000.0,4263967.0
908,2021-10-17 10:16:57,17000.0,500.0,4262967.0
909,2021-10-17 10:16:49,17000.0,1000.0,4262467.0
910,2021-10-17 10:15:55,17000.0,100.0,4261467.0
911,2021-10-17 10:15:13,17100.0,200.0,4261367.0
912,2021-10-17 10:15:12,17000.0,100.0,4261167.0
913,2021-10-17 10:15:09,17100.0,100.0,4261067.0
914,2021-10-17 10:15:06,17100.0,100.0,4260967.0
915,2021-10-17 10:14:58,17100.0,700.0,4260867.0
916,2021-10-17 10:14:56,17100.0,300.0,4260167.0
917,2021-10-17 10:14:46,17100.0,1000.0,4259867.0
918,2021-10-17 10:14:36,17000.0,500.0,4258867.0
919,2021-10-17 10:14:30,17000.0,1000.0,4258367.0
920,2021-10-17 10:14:01,17000.0,100.0,4257367.0
921,2021-10-17 10:13:57,17000.0,10000.0,4257267.0
922,2021-10-17 10:13:28,17000.0,30.0,4247267.0
923,2021-10-17 10:13:27,17000.0,800.0,4247237.0
924,2021-10-17 10:13:10,17000.0,1000.0,4246437.0
925,2021-10-17 10:12:51,17000.0,1000.0,4245437.0
926,2021-10-17 10:12:49,17000.0,1000.0,4244437.0
927,2021-10-17 10:12:45,17000.0,2000.0,4243437.0
928,2021-10-17 10:12:44,17000.0,500.0,4241437.0
929,2021-10-17 10:12:42,17000.0,1000.0,4240937.0
930,2021-10-17 10:12:35,17000.0,2800.0,4239937.0
931,2021-10-17 10:12:34,17000.0,1500.0,4237137.0
932,2021-10-17 10:12:32,17000.0,10400.0,4235637.0
933,2021-10-17 10:12:30,17000.0,800.0,4225237.0
934,2021-10-17 10:12:29,16900.0,100.0,4224437.0
935,2021-10-17 10:12:22,17000.0,100.0,4224337.0
936,2021-10-17 10:12:20,17000.0,200.0,4224237.0
937,2021-10-17 10:12:16,17000.0,200.0,4224037.0
938,2021-10-17 10:12:09,16900.0,200.0,4223837.0
939,2021-10-17 10:12:06,17000.0,100.0,4223637.0
940,2021-10-17 10:12:01,17000.0,100.0,4223537.0
941,2021-10-17 10:11:56,17000.0,100.0,4223437.0
942,2021-10-17 10:11:42,17000.0,1300.0,4223337.0
943,2021-10-17 10:11:40,17000.0,300.0,4222037.0
944,2021-10-17 10:11:34,17000.0,400.0,4221737.0
945,2021-10-17 10:11:32,17000.0,100.0,4221337.0
946,2021-10-17 10:11:24,17000.0,200.0,4221237.0
947,2021-10-17 10:11:22,17000.0,300.0,4221037.0
948,2021-10-17 10:11:14,16900.0,1000.0,4220737.0
949,2021-10-17 10:11:07,16900.0,100.0,4219737.0
950,2021-10-17 10:10:48,16900.0,36.0,4219637.0
951,2021-10-17 10:10:41,16900.0,200.0,4219601.0
952,2021-10-17 10:10:32,17000.0,800.0,4219401.0
953,2021-10-17 10:10:28,16900.0,100.0,4218601.0
954,2021-10-17 10:10:26,16900.0,100.0,4218501.0
955,2021-10-17 10:10:11,16900.0,200.0,4218401.0
956,2021-10-17 10:10:08,16800.0,1400.0,4218201.0
957,2021-10-17 10:10:01,16800.0,1000.0,4216801.0
958,2021-10-17 10:09:53,16800.0,200.0,4215801.0
959,2021-10-17 10:09:46,16800.0,300.0,4215601.0
960,2021-10-17 10:09:45,16800.0,2500.0,4215301.0
961,2021-10-17 10:09:38,16700.0,1500.0,4212801.0
962,2021-10-17 10:09:35,16800.0,200.0,4211301.0
963,2021-10-17 10:09:33,16700.0,300.0,4211101.0
964,2021-10-17 10:09:30,16600.0,8700.0,4210801.0
965,2021-10-17 10:09:27,16700.0,3700.0,4202101.0
966,2021-10-17 10:09:26,16700.0,1000.0,4198401.0
967,2021-10-17 10:09:17,16700.0,200.0,4197401.0
968,2021-10-17 10:09:13,16700.0,5100.0,4197201.0
969,2021-10-17 10:09:05,16700.0,100.0,4192101.0
970,2021-10-17 10:09:02,16700.0,1200.0,4192001.0
971,2021-10-17 10:08:58,16700.0,4900.0,4190801.0
972,2021-10-17 10:08:55,16700.0,500.0,4185901.0
973,2021-10-17 10:08:50,16800.0,400.0,4185401.0
974,2021-10-17 10:08:49,16800.0,100.0,4185001.0
975,2021-10-17 10:08:47,16700.0,10000.0,4184901.0
976,2021-10-17 10:08:45,16700.0,500.0,4174901.0
977,2021-10-17 10:08:42,16800.0,300.0,4174401.0
978,2021-10-17 10:08:40,16700.0,400.0,4174101.0
979,2021-10-17 10:08:32,16700.0,300.0,4173701.0
980,2021-10-17 10:08:31,16800.0,1100.0,4173401.0
981,2021-10-17 10:08:28,16700.0,10000.0,4172301.0
982,2021-10-17 10:08:26,16700.0,500.0,4162301.0
983,2021-10-17 10:08:25,16800.0,1500.0,4161801.0
984,2021-10-17 10:08:17,16800.0,100.0,4160301.0
985,2021-10-17 10:08:16,16800.0,20600.0,4160201.0
986,2021-10-17 10:08:12,16800.0,11100.0,4139601.0
987,2021-10-17 10:08:11,16900.0,500.0,4128501.0
988,2021-10-17 10:08:08,16800.0,200.0,4128001.0
989,2021-10-17 10:08:04,16800.0,10000.0,4127801.0
990,2021-10-17 10:07:52,16900.0,4900.0,4117801.0
991,2021-10-17 10:07:51,16900.0,100.0,4112901.0
992,2021-10-17 10:07:50,16900.0,7000.0,4112801.0
993,2021-10-17 10:07:45,16900.0,500.0,4105801.0
994,2021-10-17 10:07:36,16900.0,10000.0,4105301.0
995,2021-10-17 10:07:23,17000.0,1000.0,4095301.0
996,2021-10-17 10:07:17,17000.0,500.0,4094301.0
997,2021-10-17 10:07:15,17000.0,100.0,4093801.0
998,2021-10-17 10:07:02,17000.0,2400.0,4093701.0
999,2021-10-17 10:07:01,17000.0,8000.0,4091301.0
1000,2021-10-17 10:06:55,17000.0,100.0,4083301.0
1001,2021-10-17 10:06:54,17000.0,2500.0,4083201.0
1002,2021-10-17 10:06:45,17000.0,1000.0,4080701.0
1003,2021-10-17 10:06:40,17000.0,4000.0,4079701.0
1004,2021-10-17 10:06:39,17000.0,500.0,4075701.0
1005,2021-10-17 10:06:38,17000.0,7000.0,4075201.0
1006,2021-10-17 10:06:37,17000.0,2000.0,4068201.0
1007,2021-10-17 10:06:35,17000.0,400.0,4066201.0
1008,2021-10-17 10:06:33,17000.0,100.0,4065801.0
1009,2021-10-17 10:06:23,17000.0,200.0,4065701.0
1010,2021-10-17 10:06:13,17000.0,4000.0,4065501.0
1011,2021-10-17 10:06:09,17000.0,1000.0,4061501.0
1012,2021-10-17 10:06:00,17000.0,1000.0,4060501.0
1013,2021-10-17 10:05:55,17000.0,100.0,4059501.0
1014,2021-10-17 10:05:54,17100.0,100.0,4059401.0
1015,2021-10-17 10:05:44,17000.0,8200.0,4059301.0
1016,2021-10-17 10:05:41,17100.0,500.0,4051101.0
1017,2021-10-17 10:05:35,17000.0,2000.0,4050601.0
1018,2021-10-17 10:05:26,17100.0,200.0,4048601.0
1019,2021-10-17 10:05:08,17100.0,100.0,4048401.0
1020,2021-10-17 10:05:07,17100.0,100.0,4048301.0
1021,2021-10-17 10:05:03,17100.0,100.0,4048201.0
1022,2021-10-17 10:05:02,17000.0,1300.0,4048101.0
1023,2021-10-17 10:05:00,17100.0,200.0,4046801.0
1024,2021-10-17 10:04:38,17100.0,200.0,4046601.0
1025,2021-10-17 10:03:56,17100.0,100.0,4046401.0
1026,2021-10-17 10:03:55,17100.0,300.0,4046301.0
1027,2021-10-17 10:03:47,17100.0,1200.0,4046001.0
1028,2021-10-17 10:03:44,17200.0,100.0,4044801.0
1029,2021-10-17 10:03:36,17100.0,2000.0,4044701.0
1030,2021-10-17 10:03:31,17100.0,500.0,4042701.0
1031,2021-10-17 10:03:19,17100.0,500.0,4042201.0
1032,2021-10-17 10:03:16,17100.0,2000.0,4041701.0
1033,2021-10-17 10:02:59,17100.0,500.0,4039701.0
1034,2021-10-17 10:02:54,17200.0,300.0,4039201.0
1035,2021-10-17 10:02:36,17200.0,1000.0,4038901.0
1036,2021-10-17 10:02:27,17200.0,200.0,4037901.0
1037,2021-10-17 10:02:22,17100.0,100.0,4037701.0
1038,2021-10-17 10:01:40,17200.0,100.0,4037601.0
1039,2021-10-17 10:01:25,17200.0,100.0,4037501.0
1040,2021-10-17 10:01:24,17200.0,1500.0,4037401.0
1041,2021-10-17 10:01:22,17200.0,100.0,4035901.0
1042,2021-10-17 10:00:58,17200.0,800.0,4035801.0
1043,2021-10-17 10:00:51,17200.0,500.0,4035001.0
1044,2021-10-17 10:00:38,17200.0,100.0,4034501.0
1045,2021-10-17 10:00:21,17000.0,31000.0,4034401.0
1046,2021-10-17 10:00:12,17100.0,10400.0,4003401.0
1047,2021-10-17 10:00:05,17200.0,500.0,3993001.0
1048,2021-10-17 09:59:56,17300.0,100.0,3992501.0
1049,2021-10-17 09:59:46,17200.0,100.0,3992401.0
1050,2021-10-17 09:59:15,17200.0,2000.0,3992301.0
1051,2021-10-17 09:59:08,17200.0,1000.0,3990301.0
1052,2021-10-17 09:59:04,17200.0,400.0,3989301.0
1053,2021-10-17 09:58:53,17200.0,200.0,3988901.0
1054,2021-10-17 09:58:52,17200.0,100.0,3988701.0
1055,2021-10-17 09:58:50,17200.0,100.0,3988601.0
1056,2021-10-17 09:58:42,17200.0,5100.0,3988501.0
1057,2021-10-17 09:58:38,17200.0,300.0,3983401.0
1058,2021-10-17 09:58:36,17200.0,100.0,3983101.0
1059,2021-10-17 09:58:35,17200.0,3000.0,3983001.0
1060,2021-10-17 09:58:31,17200.0,200.0,3980001.0
1061,2021-10-17 09:58:24,17200.0,400.0,3979801.0
1062,2021-10-17 09:58:23,17200.0,4700.0,3979401.0
1063,2021-10-17 09:58:21,17200.0,1000.0,3974701.0
1064,2021-10-17 09:58:09,17200.0,100.0,3973701.0
1065,2021-10-17 09:58:04,17200.0,300.0,3973601.0
1066,2021-10-17 09:58:00,17200.0,100.0,3973301.0
1067,2021-10-17 09:57:51,17200.0,5000.0,3973201.0
1068,2021-10-17 09:57:49,17200.0,1000.0,3968201.0
1069,2021-10-17 09:57:28,17200.0,500.0,3967201.0
1070,2021-10-17 09:57:25,17200.0,100.0,3966701.0
1071,2021-10-17 09:57:23,17200.0,90.0,3966601.0
1072,2021-10-17 09:57:05,17200.0,13000.0,3966511.0
1073,2021-10-17 09:57:04,17100.0,500.0,3953511.0
1074,2021-10-17 09:56:54,17100.0,100.0,3953011.0
1075,2021-10-17 09:56:45,17200.0,20000.0,3952911.0
1076,2021-10-17 09:56:22,17100.0,4000.0,3932911.0
1077,2021-10-17 09:56:02,17200.0,100.0,3928911.0
1078,2021-10-17 09:55:44,17100.0,1200.0,3928811.0
1079,2021-10-17 09:55:36,17100.0,200.0,3927611.0
1080,2021-10-17 09:55:16,17100.0,100.0,3927411.0
1081,2021-10-17 09:54:39,17100.0,9000.0,3927311.0
1082,2021-10-17 09:54:31,17100.0,100.0,3918311.0
1083,2021-10-17 09:54:27,17100.0,200.0,3918211.0
1084,2021-10-17 09:54:22,17100.0,600.0,3918011.0
1085,2021-10-17 09:54:19,17100.0,200.0,3917411.0
1086,2021-10-17 09:54:07,17200.0,2100.0,3917211.0
1087,2021-10-17 09:53:57,17100.0,400.0,3915111.0
1088,2021-10-17 09:53:50,17100.0,1000.0,3914711.0
1089,2021-10-17 09:53:17,17000.0,400.0,3913711.0
1090,2021-10-17 09:53:03,17100.0,100.0,3913311.0
1091,2021-10-17 09:53:00,17000.0,500.0,3913211.0
1092,2021-10-17 09:52:54,17000.0,200.0,3912711.0
1093,2021-10-17 09:52:53,17000.0,700.0,3912511.0
1094,2021-10-17 09:52:48,17000.0,200.0,3911811.0
1095,2021-10-17 09:52:47,17000.0,200.0,3911611.0
1096,2021-10-17 09:52:33,17000.0,4200.0,3911411.0
1097,2021-10-17 09:52:32,17000.0,2800.0,3907211.0
1098,2021-10-17 09:52:25,17000.0,100.0,3904411.0
1099,2021-10-17 09:52:15,17000.0,100.0,3904311.0
1100,2021-10-17 09:52:12,17000.0,9900.0,3904211.0
1101,2021-10-17 09:52:11,17000.0,100.0,3894311.0
1102,2021-10-17 09:52:08,17100.0,1000.0,3894211.0
1103,2021-10-17 09:52:06,17100.0,1000.0,3893211.0
1104,2021-10-17 09:52:04,17000.0,5000.0,3892211.0
1105,2021-10-17 09:51:58,17100.0,1000.0,3887211.0
1106,2021-10-17 09:51:52,17000.0,200.0,3886211.0
1107,2021-10-17 09:51:44,17000.0,5000.0,3886011.0
1108,2021-10-17 09:51:36,17000.0,100.0,3881011.0
1109,2021-10-17 09:51:35,17100.0,500.0,3880911.0
1110,2021-10-17 09:51:32,17000.0,700.0,3880411.0
1111,2021-10-17 09:51:28,17000.0,1000.0,3879711.0
1112,2021-10-17 09:51:25,17000.0,1600.0,3878711.0
1113,2021-10-17 09:51:23,17000.0,300.0,3877111.0
1114,2021-10-17 09:51:18,17000.0,5500.0,3876811.0
1115,2021-10-17 09:51:08,17100.0,6000.0,3871311.0
1116,2021-10-17 09:51:06,17200.0,6600.0,3865311.0
1117,2021-10-17 09:50:52,17200.0,100.0,3858711.0
1118,2021-10-17 09:50:49,17200.0,1000.0,3858611.0
1119,2021-10-17 09:50:45,17200.0,9100.0,3857611.0
1120,2021-10-17 09:50:25,17300.0,1100.0,3848511.0
1121,2021-10-17 09:50:22,17300.0,200.0,3847411.0
1122,2021-10-17 09:50:19,17300.0,3600.0,3847211.0
1123,2021-10-17 09:50:12,17300.0,100.0,3843611.0
1124,2021-10-17 09:49:55,17400.0,6600.0,3843511.0
1125,2021-10-17 09:49:53,17300.0,1700.0,3836911.0
1126,2021-10-17 09:49:48,17400.0,100.0,3835211.0
1127,2021-10-17 09:49:37,17400.0,11900.0,3835111.0
1128,2021-10-17 09:49:36,17400.0,2400.0,3823211.0
1129,2021-10-17 09:49:23,17400.0,3000.0,3820811.0
1130,2021-10-17 09:49:21,17400.0,100.0,3817811.0
1131,2021-10-17 09:49:20,17400.0,2300.0,3817711.0
1132,2021-10-17 09:49:16,17400.0,700.0,3815411.0
1133,2021-10-17 09:49:09,17400.0,100.0,3814711.0
1134,2021-10-17 09:49:08,17400.0,8000.0,3814611.0
1135,2021-10-17 09:49:06,17400.0,1900.0,3806611.0
1136,2021-10-17 09:49:05,17400.0,2000.0,3804711.0
1137,2021-10-17 09:49:04,17400.0,2000.0,3802711.0
1138,2021-10-17 09:49:01,17400.0,2500.0,3800711.0
1139,2021-10-17 09:48:57,17400.0,2000.0,3798211.0
1140,2021-10-17 09:48:55,17500.0,100.0,3796211.0
1141,2021-10-17 09:48:53,17500.0,500.0,3796111.0
1142,2021-10-17 09:48:49,17400.0,1000.0,3795611.0
1143,2021-10-17 09:48:44,17400.0,3600.0,3794611.0
1144,2021-10-17 09:48:43,17500.0,100.0,3791011.0
1145,2021-10-17 09:48:41,17400.0,1000.0,3790911.0
1146,2021-10-17 09:48:39,17400.0,500.0,3789911.0
1147,2021-10-17 09:48:37,17400.0,800.0,3789411.0
1148,2021-10-17 09:48:29,17500.0,100.0,3788611.0
1149,2021-10-17 09:48:22,17400.0,1500.0,3788511.0
1150,2021-10-17 09:48:17,17400.0,26900.0,3787011.0
1151,2021-10-17 09:48:12,17300.0,3000.0,3760111.0
1152,2021-10-17 09:47:20,17300.0,1000.0,3757111.0
1153,2021-10-17 09:47:18,17400.0,100.0,3756111.0
1154,2021-10-17 09:47:16,17300.0,5700.0,3756011.0
1155,2021-10-17 09:47:10,17300.0,100.0,3750311.0
1156,2021-10-17 09:47:09,17400.0,1001.0,3750211.0
1157,2021-10-17 09:47:08,17400.0,2000.0,3749210.0
1158,2021-10-17 09:47:07,17400.0,400.0,3747210.0
1159,2021-10-17 09:47:04,17400.0,500.0,3746810.0
1160,2021-10-17 09:46:48,17400.0,900.0,3746310.0
1161,2021-10-17 09:46:41,17400.0,200.0,3745410.0
1162,2021-10-17 09:46:37,17400.0,100.0,3745210.0
1163,2021-10-17 09:46:28,17400.0,100.0,3745110.0
1164,2021-10-17 09:46:27,17500.0,14000.0,3745010.0
1165,2021-10-17 09:46:25,17300.0,1500.0,3731010.0
1166,2021-10-17 09:46:20,17400.0,800.0,3729510.0
1167,2021-10-17 09:46:16,17400.0,1000.0,3728710.0
1168,2021-10-17 09:46:15,17400.0,1500.0,3727710.0
1169,2021-10-17 09:46:10,17300.0,400.0,3726210.0
1170,2021-10-17 09:45:52,17400.0,5000.0,3725810.0
1171,2021-10-17 09:45:50,17400.0,100.0,3720810.0
1172,2021-10-17 09:45:44,17300.0,3400.0,3720710.0
1173,2021-10-17 09:45:41,17300.0,300.0,3717310.0
1174,2021-10-17 09:45:40,17300.0,5000.0,3717010.0
1175,2021-10-17 09:45:39,17300.0,2000.0,3712010.0
1176,2021-10-17 09:45:18,17300.0,10.0,3710010.0
1177,2021-10-17 09:45:17,17300.0,300.0,3710000.0
1178,2021-10-17 09:45:15,17300.0,100.0,3709700.0
1179,2021-10-17 09:45:12,17200.0,300.0,3709600.0
1180,2021-10-17 09:45:04,17200.0,2100.0,3709300.0
1181,2021-10-17 09:45:01,17200.0,1000.0,3707200.0
1182,2021-10-17 09:44:56,17200.0,1300.0,3706200.0
1183,2021-10-17 09:44:52,17200.0,500.0,3704900.0
1184,2021-10-17 09:44:51,17200.0,1.0,3704400.0
1185,2021-10-17 09:44:49,17200.0,5000.0,3704399.0
1186,2021-10-17 09:44:37,17200.0,2000.0,3699399.0
1187,2021-10-17 09:44:31,17200.0,100.0,3697399.0
1188,2021-10-17 09:44:26,17200.0,1500.0,3697299.0
1189,2021-10-17 09:44:25,17200.0,2000.0,3695799.0
1190,2021-10-17 09:44:21,17100.0,1200.0,3693799.0
1191,2021-10-17 09:44:19,17100.0,100.0,3692599.0
1192,2021-10-17 09:44:18,17200.0,11700.0,3692499.0
1193,2021-10-17 09:44:16,17100.0,1000.0,3680799.0
1194,2021-10-17 09:44:14,17200.0,100.0,3679799.0
1195,2021-10-17 09:44:06,17100.0,4100.0,3679699.0
1196,2021-10-17 09:44:03,17100.0,1400.0,3675599.0
1197,2021-10-17 09:44:00,17100.0,100.0,3674199.0
1198,2021-10-17 09:43:59,17000.0,200.0,3674099.0
1199,2021-10-17 09:43:54,17000.0,500.0,3673899.0
1200,2021-10-17 09:43:52,17100.0,9400.0,3673399.0
1201,2021-10-17 09:43:48,16800.0,8000.0,3663999.0
1202,2021-10-17 09:43:45,16900.0,500.0,3655999.0
1203,2021-10-17 09:43:40,16900.0,100.0,3655499.0
1204,2021-10-17 09:43:38,16900.0,500.0,3655399.0
1205,2021-10-17 09:43:37,16800.0,100.0,3654899.0
1206,2021-10-17 09:43:36,16800.0,2500.0,3654799.0
1207,2021-10-17 09:43:30,16900.0,500.0,3652299.0
1208,2021-10-17 09:43:29,16700.0,13500.0,3651799.0
1209,2021-10-17 09:43:27,16800.0,5100.0,3638299.0
1210,2021-10-17 09:43:26,16800.0,1400.0,3633199.0
1211,2021-10-17 09:43:25,16800.0,600.0,3631799.0
1212,2021-10-17 09:43:19,16700.0,6900.0,3631199.0
1213,2021-10-17 09:43:18,16700.0,10200.0,3624299.0
1214,2021-10-17 09:43:17,16600.0,8800.0,3614099.0
1215,2021-10-17 09:43:16,16700.0,800.0,3605299.0
1216,2021-10-17 09:43:11,16700.0,1700.0,3604499.0
1217,2021-10-17 09:43:10,16700.0,100.0,3602799.0
1218,2021-10-17 09:42:59,16700.0,500.0,3602699.0
1219,2021-10-17 09:42:57,16600.0,3000.0,3602199.0
1220,2021-10-17 09:42:48,16600.0,4000.0,3599199.0
1221,2021-10-17 09:42:40,16600.0,100.0,3595199.0
1222,2021-10-17 09:42:39,16600.0,1000.0,3595099.0
1223,2021-10-17 09:42:34,16600.0,3300.0,3594099.0
1224,2021-10-17 09:42:33,16600.0,1600.0,3590799.0
1225,2021-10-17 09:42:32,16600.0,2000.0,3589199.0
1226,2021-10-17 09:42:30,16600.0,500.0,3587199.0
1227,2021-10-17 09:42:29,16600.0,700.0,3586699.0
1228,2021-10-17 09:42:27,16600.0,1000.0,3585999.0
1229,2021-10-17 09:42:24,16600.0,3100.0,3584999.0
1230,2021-10-17 09:42:22,16600.0,2600.0,3581899.0
1231,2021-10-17 09:42:20,16600.0,2000.0,3579299.0
1232,2021-10-17 09:42:18,16500.0,1300.0,3577299.0
1233,2021-10-17 09:42:16,16600.0,2000.0,3575999.0
1234,2021-10-17 09:42:15,16600.0,500.0,3573999.0
1235,2021-10-17 09:42:13,16600.0,1900.0,3573499.0
1236,2021-10-17 09:42:12,16600.0,13900.0,3571599.0
1237,2021-10-17 09:42:09,16500.0,5000.0,3557699.0
1238,2021-10-17 09:42:06,16500.0,2000.0,3552699.0
1239,2021-10-17 09:42:04,16500.0,700.0,3550699.0
1240,2021-10-17 09:42:03,16600.0,100.0,3549999.0
1241,2021-10-17 09:42:02,16500.0,125.0,3549899.0
1242,2021-10-17 09:42:00,16500.0,400.0,3549774.0
1243,2021-10-17 09:41:59,16500.0,5900.0,3549374.0
1244,2021-10-17 09:41:57,16500.0,200.0,3543474.0
1245,2021-10-17 09:41:56,16600.0,300.0,3543274.0
1246,2021-10-17 09:41:54,16600.0,800.0,3542974.0
1247,2021-10-17 09:41:52,16500.0,1000.0,3542174.0
1248,2021-10-17 09:41:51,16500.0,300.0,3541174.0
1249,2021-10-17 09:41:49,16500.0,1300.0,3540874.0
1250,2021-10-17 09:41:48,16600.0,700.0,3539574.0
1251,2021-10-17 09:41:47,16600.0,1000.0,3538874.0
1252,2021-10-17 09:41:46,16600.0,300.0,3537874.0
1253,2021-10-17 09:41:42,16600.0,300.0,3537574.0
1254,2021-10-17 09:41:41,16600.0,3600.0,3537274.0
1255,2021-10-17 09:41:40,16600.0,400.0,3533674.0
1256,2021-10-17 09:41:39,16600.0,1900.0,3533274.0
1257,2021-10-17 09:41:35,16600.0,6800.0,3531374.0
1258,2021-10-17 09:41:34,16700.0,500.0,3524574.0
1259,2021-10-17 09:41:32,16600.0,500.0,3524074.0
1260,2021-10-17 09:41:27,16700.0,3200.0,3523574.0
1261,2021-10-17 09:41:26,16700.0,1000.0,3520374.0
1262,2021-10-17 09:41:25,16700.0,400.0,3519374.0
1263,2021-10-17 09:41:24,16700.0,5500.0,3518974.0
1264,2021-10-17 09:41:20,16700.0,600.0,3513474.0
1265,2021-10-17 09:41:19,16800.0,2400.0,3512874.0
1266,2021-10-17 09:41:17,16800.0,300.0,3510474.0
1267,2021-10-17 09:41:16,16800.0,2200.0,3510174.0
1268,2021-10-17 09:41:15,16800.0,1000.0,3507974.0
1269,2021-10-17 09:41:14,16800.0,1800.0,3506974.0
1270,2021-10-17 09:41:12,16800.0,2000.0,3505174.0
1271,2021-10-17 09:41:11,16900.0,200.0,3503174.0
1272,2021-10-17 09:41:08,16800.0,12400.0,3502974.0
1273,2021-10-17 09:41:05,16800.0,5000.0,3490574.0
1274,2021-10-17 09:41:04,16900.0,200.0,3485574.0
1275,2021-10-17 09:41:00,16800.0,20000.0,3485374.0
1276,2021-10-17 09:40:55,16900.0,200.0,3465374.0
1277,2021-10-17 09:40:54,16900.0,1100.0,3465174.0
1278,2021-10-17 09:40:52,16900.0,910.0,3464074.0
1279,2021-10-17 09:40:49,16900.0,2200.0,3463164.0
1280,2021-10-17 09:40:44,16900.0,1600.0,3460964.0
1281,2021-10-17 09:40:43,16900.0,300.0,3459364.0
1282,2021-10-17 09:40:41,16900.0,1100.0,3459064.0
1283,2021-10-17 09:40:40,17000.0,1200.0,3457964.0
1284,2021-10-17 09:40:38,16900.0,1800.0,3456764.0
1285,2021-10-17 09:40:37,16900.0,2000.0,3454964.0
1286,2021-10-17 09:40:36,16900.0,200.0,3452964.0
1287,2021-10-17 09:40:31,17000.0,1000.0,3452764.0
1288,2021-10-17 09:40:28,16900.0,1000.0,3451764.0
1289,2021-10-17 09:40:26,16900.0,1500.0,3450764.0
1290,2021-10-17 09:40:25,16900.0,900.0,3449264.0
1291,2021-10-17 09:40:24,17000.0,200.0,3448364.0
1292,2021-10-17 09:40:16,17000.0,200.0,3448164.0
1293,2021-10-17 09:40:11,17000.0,12000.0,3447964.0
1294,2021-10-17 09:40:09,17100.0,2900.0,3435964.0
1295,2021-10-17 09:40:08,17100.0,200.0,3433064.0
1296,2021-10-17 09:40:07,17000.0,1300.0,3432864.0
1297,2021-10-17 09:40:06,17000.0,2200.0,3431564.0
1298,2021-10-17 09:40:02,17000.0,100.0,3429364.0
1299,2021-10-17 09:40:01,17000.0,80000.0,3429264.0
1300,2021-10-17 09:39:55,17100.0,2800.0,3349264.0
1301,2021-10-17 09:39:49,17100.0,1000.0,3346464.0
1302,2021-10-17 09:39:47,17200.0,100.0,3345464.0
1303,2021-10-17 09:39:46,17100.0,2000.0,3345364.0
1304,2021-10-17 09:39:45,17100.0,6500.0,3343364.0
1305,2021-10-17 09:39:44,17100.0,1700.0,3336864.0
1306,2021-10-17 09:39:42,17100.0,9000.0,3335164.0
1307,2021-10-17 09:39:37,17100.0,100.0,3326164.0
1308,2021-10-17 09:39:36,17200.0,1900.0,3326064.0
1309,2021-10-17 09:39:28,17100.0,300.0,3324164.0
1310,2021-10-17 09:39:23,17100.0,2000.0,3323864.0
1311,2021-10-17 09:39:22,17200.0,5700.0,3321864.0
1312,2021-10-17 09:39:20,17100.0,100.0,3316164.0
1313,2021-10-17 09:39:19,17100.0,200.0,3316064.0
1314,2021-10-17 09:39:13,17100.0,400.0,3315864.0
1315,2021-10-17 09:39:11,17200.0,600.0,3315464.0
1316,2021-10-17 09:39:10,17100.0,800.0,3314864.0
1317,2021-10-17 09:39:05,17100.0,300.0,3314064.0
1318,2021-10-17 09:38:58,17200.0,1000.0,3313764.0
1319,2021-10-17 09:38:54,17200.0,3700.0,3312764.0
1320,2021-10-17 09:38:46,17200.0,500.0,3309064.0
1321,2021-10-17 09:38:45,17200.0,500.0,3308564.0
1322,2021-10-17 09:38:42,17200.0,2200.0,3308064.0
1323,2021-10-17 09:38:41,17200.0,10000.0,3305864.0
1324,2021-10-17 09:38:35,17200.0,3000.0,3295864.0
1325,2021-10-17 09:38:34,17200.0,4500.0,3292864.0
1326,2021-10-17 09:38:31,17300.0,100.0,3288364.0
1327,2021-10-17 09:38:15,17300.0,800.0,3288264.0
1328,2021-10-17 09:38:14,17300.0,800.0,3287464.0
1329,2021-10-17 09:38:09,17300.0,800.0,3286664.0
1330,2021-10-17 09:37:59,17300.0,1000.0,3285864.0
1331,2021-10-17 09:37:57,17200.0,7000.0,3284864.0
1332,2021-10-17 09:37:53,17300.0,700.0,3277864.0
1333,2021-10-17 09:37:51,17300.0,100.0,3277164.0
1334,2021-10-17 09:37:47,17300.0,200.0,3277064.0
1335,2021-10-17 09:37:46,17300.0,100.0,3276864.0
1336,2021-10-17 09:37:43,17300.0,1400.0,3276764.0
1337,2021-10-17 09:37:40,17300.0,200.0,3275364.0
1338,2021-10-17 09:37:36,17300.0,100.0,3275164.0
1339,2021-10-17 09:37:34,17200.0,3000.0,3275064.0
1340,2021-10-17 09:37:31,17300.0,700.0,3272064.0
1341,2021-10-17 09:37:30,17200.0,200.0,3271364.0
1342,2021-10-17 09:37:17,17200.0,100.0,3271164.0
1343,2021-10-17 09:37:15,17300.0,5700.0,3271064.0
1344,2021-10-17 09:37:09,17300.0,1000.0,3265364.0
1345,2021-10-17 09:37:06,17300.0,200.0,3264364.0
1346,2021-10-17 09:37:03,17200.0,1000.0,3264164.0
1347,2021-10-17 09:36:56,17300.0,100.0,3263164.0
1348,2021-10-17 09:36:55,17300.0,200.0,3263064.0
1349,2021-10-17 09:36:48,17300.0,6800.0,3262864.0
1350,2021-10-17 09:36:44,17300.0,100.0,3256064.0
1351,2021-10-17 09:36:25,17300.0,7000.0,3255964.0
1352,2021-10-17 09:36:22,17300.0,1200.0,3248964.0
1353,2021-10-17 09:36:20,17300.0,100.0,3247764.0
1354,2021-10-17 09:36:17,17300.0,1500.0,3247664.0
1355,2021-10-17 09:36:15,17300.0,300.0,3246164.0
1356,2021-10-17 09:36:05,17300.0,100.0,3245864.0
1357,2021-10-17 09:36:04,17300.0,100.0,3245764.0
1358,2021-10-17 09:36:03,17300.0,300.0,3245664.0
1359,2021-10-17 09:35:59,17300.0,200.0,3245364.0
1360,2021-10-17 09:35:56,17300.0,100.0,3245164.0
1361,2021-10-17 09:35:52,17400.0,10700.0,3245064.0
1362,2021-10-17 09:35:42,17300.0,300.0,3234364.0
1363,2021-10-17 09:35:35,17300.0,300.0,3234064.0
1364,2021-10-17 09:35:25,17300.0,300.0,3233764.0
1365,2021-10-17 09:35:24,17200.0,21000.0,3233464.0
1366,2021-10-17 09:35:17,17300.0,100.0,3212464.0
1367,2021-10-17 09:35:16,17300.0,400.0,3212364.0
1368,2021-10-17 09:35:10,17300.0,5600.0,3211964.0
1369,2021-10-17 09:35:08,17300.0,900.0,3206364.0
1370,2021-10-17 09:34:55,17200.0,2500.0,3205464.0
1371,2021-10-17 09:34:52,17300.0,300.0,3202964.0
1372,2021-10-17 09:34:47,17300.0,10000.0,3202664.0
1373,2021-10-17 09:34:44,17300.0,1000.0,3192664.0
1374,2021-10-17 09:34:40,17300.0,500.0,3191664.0
1375,2021-10-17 09:34:37,17300.0,2000.0,3191164.0
1376,2021-10-17 09:34:35,17300.0,1500.0,3189164.0
1377,2021-10-17 09:34:32,17300.0,200.0,3187664.0
1378,2021-10-17 09:34:30,17300.0,3000.0,3187464.0
1379,2021-10-17 09:34:27,17300.0,500.0,3184464.0
1380,2021-10-17 09:34:23,17300.0,200.0,3183964.0
1381,2021-10-17 09:34:21,17300.0,500.0,3183764.0
1382,2021-10-17 09:34:12,17300.0,11000.0,3183264.0
1383,2021-10-17 09:34:10,17300.0,4800.0,3172264.0
1384,2021-10-17 09:34:09,17400.0,200.0,3167464.0
1385,2021-10-17 09:34:07,17300.0,200.0,3167264.0
1386,2021-10-17 09:34:06,17300.0,900.0,3167064.0
1387,2021-10-17 09:34:04,17300.0,200.0,3166164.0
1388,2021-10-17 09:34:03,17300.0,3300.0,3165964.0
1389,2021-10-17 09:34:00,17300.0,3300.0,3162664.0
1390,2021-10-17 09:33:57,17300.0,2000.0,3159364.0
1391,2021-10-17 09:33:55,17300.0,300.0,3157364.0
1392,2021-10-17 09:33:46,17300.0,5000.0,3157064.0
1393,2021-10-17 09:33:44,17400.0,300.0,3152064.0
1394,2021-10-17 09:33:43,17300.0,12.0,3151764.0
1395,2021-10-17 09:33:42,17300.0,1000.0,3151752.0
1396,2021-10-17 09:33:41,17300.0,3300.0,3150752.0
1397,2021-10-17 09:33:39,17400.0,500.0,3147452.0
1398,2021-10-17 09:33:34,17300.0,3000.0,3146952.0
1399,2021-10-17 09:33:30,17400.0,500.0,3143952.0
1400,2021-10-17 09:33:29,17400.0,100.0,3143452.0
1401,2021-10-17 09:33:24,17400.0,100.0,3143352.0
1402,2021-10-17 09:33:21,17300.0,5000.0,3143252.0
1403,2021-10-17 09:33:10,17400.0,2000.0,3138252.0
1404,2021-10-17 09:33:06,17300.0,1000.0,3136252.0
1405,2021-10-17 09:33:03,17400.0,600.0,3135252.0
1406,2021-10-17 09:33:01,17400.0,10300.0,3134652.0
1407,2021-10-17 09:32:59,17400.0,3500.0,3124352.0
1408,2021-10-17 09:32:58,17400.0,2300.0,3120852.0
1409,2021-10-17 09:32:57,17400.0,2000.0,3118552.0
1410,2021-10-17 09:32:56,17400.0,2100.0,3116552.0
1411,2021-10-17 09:32:54,17400.0,24300.0,3114452.0
1412,2021-10-17 09:32:53,17400.0,700.0,3090152.0
1413,2021-10-17 09:32:52,17400.0,5200.0,3089452.0
1414,2021-10-17 09:32:49,17400.0,2000.0,3084252.0
1415,2021-10-17 09:32:48,17500.0,1000.0,3082252.0
1416,2021-10-17 09:32:45,17400.0,1000.0,3081252.0
1417,2021-10-17 09:32:42,17400.0,100.0,3080252.0
1418,2021-10-17 09:32:41,17400.0,1000.0,3080152.0
1419,2021-10-17 09:32:37,17400.0,500.0,3079152.0
1420,2021-10-17 09:32:36,17400.0,2000.0,3078652.0
1421,2021-10-17 09:32:33,17400.0,100.0,3076652.0
1422,2021-10-17 09:32:30,17400.0,50000.0,3076552.0
1423,2021-10-17 09:32:28,17400.0,200.0,3026552.0
1424,2021-10-17 09:32:25,17400.0,600.0,3026352.0
1425,2021-10-17 09:32:23,17400.0,500.0,3025752.0
1426,2021-10-17 09:32:16,17400.0,200.0,3025252.0
1427,2021-10-17 09:32:13,17400.0,100.0,3025052.0
1428,2021-10-17 09:32:12,17500.0,1700.0,3024952.0
1429,2021-10-17 09:32:11,17400.0,2000.0,3023252.0
1430,2021-10-17 09:32:06,17400.0,100.0,3021252.0
1431,2021-10-17 09:32:05,17400.0,600.0,3021152.0
1432,2021-10-17 09:32:03,17400.0,200.0,3020552.0
1433,2021-10-17 09:32:02,17400.0,100.0,3020352.0
1434,2021-10-17 09:32:00,17400.0,1300.0,3020252.0
1435,2021-10-17 09:31:57,17400.0,100.0,3018952.0
1436,2021-10-17 09:31:52,17400.0,1500.0,3018852.0
1437,2021-10-17 09:31:36,17400.0,1600.0,3017352.0
1438,2021-10-17 09:31:35,17500.0,100.0,3015752.0
1439,2021-10-17 09:31:28,17500.0,2100.0,3015652.0
1440,2021-10-17 09:31:27,17500.0,100.0,3013552.0
1441,2021-10-17 09:31:21,17500.0,100.0,3013452.0
1442,2021-10-17 09:31:19,17500.0,500.0,3013352.0
1443,2021-10-17 09:31:16,17500.0,4400.0,3012852.0
1444,2021-10-17 09:31:15,17600.0,100.0,3008452.0
1445,2021-10-17 09:31:14,17400.0,92000.0,3008352.0
1446,2021-10-17 09:31:02,17500.0,6200.0,2916352.0
1447,2021-10-17 09:30:53,17500.0,1100.0,2910152.0
1448,2021-10-17 09:30:48,17600.0,200.0,2909052.0
1449,2021-10-17 09:30:46,17600.0,1200.0,2908852.0
1450,2021-10-17 09:30:45,17500.0,500.0,2907652.0
1451,2021-10-17 09:30:40,17600.0,400.0,2907152.0
1452,2021-10-17 09:30:36,17500.0,200.0,2906752.0
1453,2021-10-17 09:30:28,17500.0,5700.0,2906552.0
1454,2021-10-17 09:30:27,17500.0,1000.0,2900852.0
1455,2021-10-17 09:30:19,17500.0,1200.0,2899852.0
1456,2021-10-17 09:30:17,17600.0,1000.0,2898652.0
1457,2021-10-17 09:30:05,17500.0,100.0,2897652.0
1458,2021-10-17 09:30:02,17500.0,1000.0,2897552.0
1459,2021-10-17 09:29:52,17500.0,2400.0,2896552.0
1460,2021-10-17 09:29:48,17500.0,1000.0,2894152.0
1461,2021-10-17 09:29:45,17600.0,100.0,2893152.0
1462,2021-10-17 09:29:44,17500.0,2000.0,2893052.0
1463,2021-10-17 09:29:26,17500.0,200.0,2891052.0
1464,2021-10-17 09:29:25,17500.0,1600.0,2890852.0
1465,2021-10-17 09:29:23,17600.0,100.0,2889252.0
1466,2021-10-17 09:29:21,17600.0,10000.0,2889152.0
1467,2021-10-17 09:29:13,17600.0,300.0,2879152.0
1468,2021-10-17 09:29:12,17600.0,500.0,2878852.0
1469,2021-10-17 09:28:58,17600.0,35200.0,2878352.0
1470,2021-10-17 09:28:49,17500.0,1000.0,2843152.0
1471,2021-10-17 09:28:44,17600.0,200.0,2842152.0
1472,2021-10-17 09:28:40,17600.0,100.0,2841952.0
1473,2021-10-17 09:28:39,17600.0,500.0,2841852.0
1474,2021-10-17 09:28:30,17600.0,800.0,2841352.0
1475,2021-10-17 09:28:26,17600.0,50.0,2840552.0
1476,2021-10-17 09:28:20,17600.0,1000.0,2840502.0
1477,2021-10-17 09:28:15,17600.0,500.0,2839502.0
1478,2021-10-17 09:28:10,17600.0,5000.0,2839002.0
1479,2021-10-17 09:27:58,17600.0,200.0,2834002.0
1480,2021-10-17 09:27:49,17500.0,200.0,2833802.0
1481,2021-10-17 09:27:48,17500.0,1000.0,2833602.0
1482,2021-10-17 09:27:41,17600.0,100.0,2832602.0
1483,2021-10-17 09:27:33,17600.0,100.0,2832502.0
1484,2021-10-17 09:27:29,17500.0,100.0,2832402.0
1485,2021-10-17 09:27:25,17600.0,100.0,2832302.0
1486,2021-10-17 09:27:21,17600.0,40000.0,2832202.0
1487,2021-10-17 09:27:16,17600.0,4000.0,2792202.0
1488,2021-10-17 09:27:12,17500.0,10000.0,2788202.0
1489,2021-10-17 09:27:08,17600.0,100.0,2778202.0
1490,2021-10-17 09:27:06,17600.0,400.0,2778102.0
1491,2021-10-17 09:27:05,17500.0,1300.0,2777702.0
1492,2021-10-17 09:26:58,17600.0,3000.0,2776402.0
1493,2021-10-17 09:26:56,17500.0,1200.0,2773402.0
1494,2021-10-17 09:26:55,17500.0,500.0,2772202.0
1495,2021-10-17 09:26:53,17500.0,1300.0,2771702.0
1496,2021-10-17 09:26:47,17500.0,200.0,2770402.0
1497,2021-10-17 09:26:45,17600.0,100.0,2770202.0
1498,2021-10-17 09:26:41,17500.0,10000.0,2770102.0
1499,2021-10-17 09:26:38,17500.0,1600.0,2760102.0
1500,2021-10-17 09:26:37,17500.0,2000.0,2758502.0
1501,2021-10-17 09:26:34,17500.0,6100.0,2756502.0
1502,2021-10-17 09:26:32,17600.0,2800.0,2750402.0
1503,2021-10-17 09:26:29,17600.0,900.0,2747602.0
1504,2021-10-17 09:26:21,17500.0,800.0,2746702.0
1505,2021-10-17 09:26:18,17600.0,100.0,2745902.0
1506,2021-10-17 09:26:16,17500.0,200.0,2745802.0
1507,2021-10-17 09:26:13,17600.0,2000.0,2745602.0
1508,2021-10-17 09:26:11,17500.0,800.0,2743602.0
1509,2021-10-17 09:26:03,17600.0,400.0,2742802.0
1510,2021-10-17 09:26:01,17500.0,100.0,2742402.0
1511,2021-10-17 09:25:59,17600.0,100.0,2742302.0
1512,2021-10-17 09:25:50,17600.0,900.0,2742202.0
1513,2021-10-17 09:25:48,17600.0,5000.0,2741302.0
1514,2021-10-17 09:25:45,17600.0,5000.0,2736302.0
1515,2021-10-17 09:25:39,17600.0,600.0,2731302.0
1516,2021-10-17 09:25:38,17500.0,1000.0,2730702.0
1517,2021-10-17 09:25:31,17600.0,500.0,2729702.0
1518,2021-10-17 09:25:26,17600.0,2100.0,2729202.0
1519,2021-10-17 09:25:21,17600.0,19700.0,2727102.0
1520,2021-10-17 09:25:16,17500.0,3000.0,2707402.0
1521,2021-10-17 09:25:12,17600.0,1500.0,2704402.0
1522,2021-10-17 09:25:10,17600.0,100.0,2702902.0
1523,2021-10-17 09:25:08,17600.0,500.0,2702802.0
1524,2021-10-17 09:25:07,17600.0,200.0,2702302.0
1525,2021-10-17 09:25:06,17600.0,200.0,2702102.0
1526,2021-10-17 09:25:00,17600.0,200.0,2701902.0
1527,2021-10-17 09:24:50,17600.0,200.0,2701702.0
1528,2021-10-17 09:24:48,17600.0,100.0,2701502.0
1529,2021-10-17 09:24:47,17600.0,1000.0,2701402.0
1530,2021-10-17 09:24:43,17600.0,4000.0,2700402.0
1531,2021-10-17 09:24:40,17600.0,22600.0,2696402.0
1532,2021-10-17 09:24:38,17700.0,200.0,2673802.0
1533,2021-10-17 09:24:34,17600.0,50000.0,2673602.0
1534,2021-10-17 09:24:33,17700.0,10000.0,2623602.0
1535,2021-10-17 09:24:28,17700.0,200.0,2613602.0
1536,2021-10-17 09:24:27,17700.0,2100.0,2613402.0
1537,2021-10-17 09:24:18,17700.0,100.0,2611302.0
1538,2021-10-17 09:24:17,17700.0,100.0,2611202.0
1539,2021-10-17 09:24:11,17700.0,300.0,2611102.0
1540,2021-10-17 09:24:07,17600.0,100.0,2610802.0
1541,2021-10-17 09:24:06,17700.0,3100.0,2610702.0
1542,2021-10-17 09:24:04,17600.0,1000.0,2607602.0
1543,2021-10-17 09:24:03,17600.0,200.0,2606602.0
1544,2021-10-17 09:23:57,17700.0,5000.0,2606402.0
1545,2021-10-17 09:23:56,17600.0,100.0,2601402.0
1546,2021-10-17 09:23:52,17600.0,100.0,2601302.0
1547,2021-10-17 09:23:50,17700.0,5800.0,2601202.0
1548,2021-10-17 09:23:45,17600.0,200.0,2595402.0
1549,2021-10-17 09:23:44,17600.0,1400.0,2595202.0
1550,2021-10-17 09:23:41,17600.0,200.0,2593802.0
1551,2021-10-17 09:23:34,17600.0,8000.0,2593602.0
1552,2021-10-17 09:23:31,17700.0,200.0,2585602.0
1553,2021-10-17 09:23:26,17700.0,500.0,2585402.0
1554,2021-10-17 09:23:23,17700.0,300.0,2584902.0
1555,2021-10-17 09:23:20,17700.0,3100.0,2584602.0
1556,2021-10-17 09:23:13,17600.0,1600.0,2581502.0
1557,2021-10-17 09:23:12,17700.0,200.0,2579902.0
1558,2021-10-17 09:23:09,17700.0,200.0,2579702.0
1559,2021-10-17 09:23:08,17700.0,100.0,2579502.0
1560,2021-10-17 09:23:06,17700.0,1600.0,2579402.0
1561,2021-10-17 09:23:05,17600.0,2000.0,2577802.0
1562,2021-10-17 09:22:59,17700.0,1300.0,2575802.0
1563,2021-10-17 09:22:56,17700.0,800.0,2574502.0
1564,2021-10-17 09:22:53,17700.0,200.0,2573702.0
1565,2021-10-17 09:22:49,17700.0,2000.0,2573502.0
1566,2021-10-17 09:22:48,17700.0,1200.0,2571502.0
1567,2021-10-17 09:22:46,17600.0,4600.0,2570302.0
1568,2021-10-17 09:22:43,17700.0,100.0,2565702.0
1569,2021-10-17 09:22:37,17700.0,10000.0,2565602.0
1570,2021-10-17 09:22:32,17700.0,700.0,2555602.0
1571,2021-10-17 09:22:29,17700.0,10000.0,2554902.0
1572,2021-10-17 09:22:28,17700.0,35000.0,2544902.0
1573,2021-10-17 09:22:23,17700.0,25000.0,2509902.0
1574,2021-10-17 09:22:22,17700.0,2000.0,2484902.0
1575,2021-10-17 09:22:18,17600.0,100.0,2482902.0
1576,2021-10-17 09:22:17,17600.0,200.0,2482802.0
1577,2021-10-17 09:22:09,17700.0,10000.0,2482602.0
1578,2021-10-17 09:22:06,17600.0,2000.0,2472602.0
1579,2021-10-17 09:22:05,17600.0,200.0,2470602.0
1580,2021-10-17 09:21:56,17600.0,700.0,2470402.0
1581,2021-10-17 09:21:52,17600.0,600.0,2469702.0
1582,2021-10-17 09:21:51,17600.0,1500.0,2469102.0
1583,2021-10-17 09:21:48,17600.0,700.0,2467602.0
1584,2021-10-17 09:21:47,17600.0,5000.0,2466902.0
1585,2021-10-17 09:21:46,17500.0,3000.0,2461902.0
1586,2021-10-17 09:21:42,17600.0,3000.0,2458902.0
1587,2021-10-17 09:21:38,17600.0,200.0,2455902.0
1588,2021-10-17 09:21:37,17600.0,1600.0,2455702.0
1589,2021-10-17 09:21:36,17600.0,1000.0,2454102.0
1590,2021-10-17 09:21:32,17500.0,5000.0,2453102.0
1591,2021-10-17 09:21:28,17600.0,11000.0,2448102.0
1592,2021-10-17 09:21:27,17500.0,100.0,2437102.0
1593,2021-10-17 09:21:25,17600.0,100.0,2437002.0
1594,2021-10-17 09:21:23,17500.0,200.0,2436902.0
1595,2021-10-17 09:21:17,17600.0,4000.0,2436702.0
1596,2021-10-17 09:21:09,17500.0,200.0,2432702.0
1597,2021-10-17 09:21:07,17500.0,2100.0,2432502.0
1598,2021-10-17 09:21:05,17500.0,600.0,2430402.0
1599,2021-10-17 09:21:04,17500.0,1000.0,2429802.0
1600,2021-10-17 09:21:02,17500.0,400.0,2428802.0
1601,2021-10-17 09:20:58,17500.0,500.0,2428402.0
1602,2021-10-17 09:20:50,17500.0,500.0,2427902.0
1603,2021-10-17 09:20:49,17400.0,500.0,2427402.0
1604,2021-10-17 09:20:48,17500.0,7000.0,2426902.0
1605,2021-10-17 09:20:43,17400.0,100.0,2419902.0
1606,2021-10-17 09:20:38,17400.0,100.0,2419802.0
1607,2021-10-17 09:20:34,17400.0,500.0,2419702.0
1608,2021-10-17 09:20:32,17400.0,700.0,2419202.0
1609,2021-10-17 09:20:30,17400.0,100.0,2418502.0
1610,2021-10-17 09:20:29,17400.0,2000.0,2418402.0
1611,2021-10-17 09:20:28,17400.0,1000.0,2416402.0
1612,2021-10-17 09:20:27,17400.0,1000.0,2415402.0
1613,2021-10-17 09:20:26,17300.0,1900.0,2414402.0
1614,2021-10-17 09:20:25,17400.0,3000.0,2412502.0
1615,2021-10-17 09:20:24,17300.0,500.0,2409502.0
1616,2021-10-17 09:20:21,17400.0,500.0,2409002.0
1617,2021-10-17 09:20:20,17400.0,2500.0,2408502.0
1618,2021-10-17 09:20:19,17400.0,3600.0,2406002.0
1619,2021-10-17 09:20:17,17300.0,500.0,2402402.0
1620,2021-10-17 09:20:16,17300.0,500.0,2401902.0
1621,2021-10-17 09:20:12,17300.0,300.0,2401402.0
1622,2021-10-17 09:20:11,17400.0,1300.0,2401102.0
1623,2021-10-17 09:20:09,17200.0,1400.0,2399802.0
1624,2021-10-17 09:20:08,17300.0,100.0,2398402.0
1625,2021-10-17 09:20:06,17300.0,200.0,2398302.0
1626,2021-10-17 09:20:02,17200.0,3200.0,2398102.0
1627,2021-10-17 09:20:01,17300.0,100.0,2394902.0
1628,2021-10-17 09:20:00,17200.0,100.0,2394802.0
1629,2021-10-17 09:19:58,17200.0,100.0,2394702.0
1630,2021-10-17 09:19:55,17300.0,200.0,2394602.0
1631,2021-10-17 09:19:53,17200.0,1400.0,2394402.0
1632,2021-10-17 09:19:51,17200.0,1200.0,2393002.0
1633,2021-10-17 09:19:49,17000.0,55000.0,2391802.0
1634,2021-10-17 09:19:47,17300.0,7300.0,2336802.0
1635,2021-10-17 09:19:45,17300.0,200.0,2329502.0
1636,2021-10-17 09:19:44,17200.0,1100.0,2329302.0
1637,2021-10-17 09:19:42,17200.0,4300.0,2328202.0
1638,2021-10-17 09:19:41,17300.0,500.0,2323902.0
1639,2021-10-17 09:19:40,17200.0,100.0,2323402.0
1640,2021-10-17 09:19:37,17300.0,1100.0,2323302.0
1641,2021-10-17 09:19:36,17300.0,1000.0,2322202.0
1642,2021-10-17 09:19:35,17300.0,100.0,2321202.0
1643,2021-10-17 09:19:33,17300.0,600.0,2321102.0
1644,2021-10-17 09:19:31,17200.0,1000.0,2320502.0
1645,2021-10-17 09:19:30,17300.0,2200.0,2319502.0
1646,2021-10-17 09:19:29,17200.0,200.0,2317302.0
1647,2021-10-17 09:19:28,17300.0,5000.0,2317102.0
1648,2021-10-17 09:19:25,17300.0,1200.0,2312102.0
1649,2021-10-17 09:19:24,17300.0,300.0,2310902.0
1650,2021-10-17 09:19:23,17200.0,1500.0,2310602.0
1651,2021-10-17 09:19:22,17300.0,1100.0,2309102.0
1652,2021-10-17 09:19:21,17300.0,3000.0,2308002.0
1653,2021-10-17 09:19:19,17300.0,1000.0,2305002.0
1654,2021-10-17 09:19:18,17300.0,500.0,2304002.0
1655,2021-10-17 09:19:16,17300.0,300.0,2303502.0
1656,2021-10-17 09:19:15,17300.0,300.0,2303202.0
1657,2021-10-17 09:19:11,17300.0,8900.0,2302902.0
1658,2021-10-17 09:19:10,17400.0,500.0,2294002.0
1659,2021-10-17 09:19:09,17400.0,300.0,2293502.0
1660,2021-10-17 09:19:08,17300.0,17300.0,2293202.0
1661,2021-10-17 09:19:07,17400.0,200.0,2275902.0
1662,2021-10-17 09:19:05,17400.0,100.0,2275702.0
1663,2021-10-17 09:19:04,17400.0,500.0,2275602.0
1664,2021-10-17 09:19:03,17300.0,1100.0,2275102.0
1665,2021-10-17 09:19:01,17400.0,1000.0,2274002.0
1666,2021-10-17 09:18:56,17400.0,5500.0,2273002.0
1667,2021-10-17 09:18:55,17400.0,4000.0,2267502.0
1668,2021-10-17 09:18:54,17500.0,700.0,2263502.0
1669,2021-10-17 09:18:52,17500.0,500.0,2262802.0
1670,2021-10-17 09:18:51,17500.0,200.0,2262302.0
1671,2021-10-17 09:18:49,17400.0,1.0,2262102.0
1672,2021-10-17 09:18:48,17400.0,2000.0,2262101.0
1673,2021-10-17 09:18:46,17400.0,100.0,2260101.0
1674,2021-10-17 09:18:44,17500.0,400.0,2260001.0
1675,2021-10-17 09:18:43,17500.0,100.0,2259601.0
1676,2021-10-17 09:18:38,17500.0,1700.0,2259501.0
1677,2021-10-17 09:18:37,17500.0,1000.0,2257801.0
1678,2021-10-17 09:18:36,17500.0,5000.0,2256801.0
1679,2021-10-17 09:18:33,17600.0,3200.0,2251801.0
1680,2021-10-17 09:18:30,17500.0,6600.0,2248601.0
1681,2021-10-17 09:18:23,17600.0,400.0,2242001.0
1682,2021-10-17 09:18:22,17600.0,500.0,2241601.0
1683,2021-10-17 09:18:18,17600.0,1700.0,2241101.0
1684,2021-10-17 09:18:17,17500.0,10000.0,2239401.0
1685,2021-10-17 09:18:14,17600.0,700.0,2229401.0
1686,2021-10-17 09:18:13,17700.0,1000.0,2228701.0
1687,2021-10-17 09:18:11,17600.0,500.0,2227701.0
1688,2021-10-17 09:18:09,17600.0,200.0,2227201.0
1689,2021-10-17 09:18:07,17700.0,4700.0,2227001.0
1690,2021-10-17 09:18:06,17600.0,11600.0,2222301.0
1691,2021-10-17 09:18:05,17600.0,1000.0,2210701.0
1692,2021-10-17 09:18:03,17600.0,500.0,2209701.0
1693,2021-10-17 09:18:02,17600.0,500.0,2209201.0
1694,2021-10-17 09:18:01,17600.0,500.0,2208701.0
1695,2021-10-17 09:17:54,17600.0,200.0,2208201.0
1696,2021-10-17 09:17:53,17600.0,100.0,2208001.0
1697,2021-10-17 09:17:51,17600.0,4500.0,2207901.0
1698,2021-10-17 09:17:48,17700.0,3300.0,2203401.0
1699,2021-10-17 09:17:47,17700.0,600.0,2200101.0
1700,2021-10-17 09:17:46,17600.0,8500.0,2199501.0
1701,2021-10-17 09:17:45,17700.0,1400.0,2191001.0
1702,2021-10-17 09:17:40,17700.0,100.0,2189601.0
1703,2021-10-17 09:17:37,17700.0,300.0,2189501.0
1704,2021-10-17 09:17:35,17700.0,71100.0,2189201.0
1705,2021-10-17 09:17:33,17700.0,5000.0,2118101.0
1706,2021-10-17 09:17:32,17700.0,20000.0,2113101.0
1707,2021-10-17 09:17:30,17700.0,3900.0,2093101.0
1708,2021-10-17 09:17:29,17700.0,6400.0,2089201.0
1709,2021-10-17 09:17:28,17700.0,4700.0,2082801.0
1710,2021-10-17 09:17:27,17700.0,100.0,2078101.0
1711,2021-10-17 09:17:26,17700.0,34500.0,2078001.0
1712,2021-10-17 09:17:25,17700.0,25000.0,2043501.0
1713,2021-10-17 09:17:24,17700.0,1000.0,2018501.0
1714,2021-10-17 09:17:23,17700.0,1000.0,2017501.0
1715,2021-10-17 09:17:22,17700.0,43000.0,2016501.0
1716,2021-10-17 09:17:20,17700.0,2000.0,1973501.0
1717,2021-10-17 09:17:17,17700.0,100.0,1971501.0
1718,2021-10-17 09:17:15,17700.0,5300.0,1971401.0
1719,2021-10-17 09:17:14,17700.0,5000.0,1966101.0
1720,2021-10-17 09:17:13,17800.0,400.0,1961101.0
1721,2021-10-17 09:17:11,17800.0,1200.0,1960701.0
1722,2021-10-17 09:17:10,17700.0,600.0,1959501.0
1723,2021-10-17 09:17:09,17800.0,900.0,1958901.0
1724,2021-10-17 09:17:08,17800.0,1200.0,1958001.0
1725,2021-10-17 09:17:07,17700.0,1100.0,1956801.0
1726,2021-10-17 09:17:04,17800.0,500.0,1955701.0
1727,2021-10-17 09:17:01,17700.0,1000.0,1955201.0
1728,2021-10-17 09:16:59,17700.0,4000.0,1954201.0
1729,2021-10-17 09:16:57,17700.0,2000.0,1950201.0
1730,2021-10-17 09:16:55,17700.0,1200.0,1948201.0
1731,2021-10-17 09:16:54,17700.0,1300.0,1947001.0
1732,2021-10-17 09:16:48,17800.0,500.0,1945701.0
1733,2021-10-17 09:16:47,17700.0,700.0,1945201.0
1734,2021-10-17 09:16:46,17800.0,2500.0,1944501.0
1735,2021-10-17 09:16:44,17700.0,1000.0,1942001.0
1736,2021-10-17 09:16:43,17700.0,1400.0,1941001.0
1737,2021-10-17 09:16:39,17700.0,1000.0,1939601.0
1738,2021-10-17 09:16:37,17800.0,6000.0,1938601.0
1739,2021-10-17 09:16:31,17800.0,200.0,1932601.0
1740,2021-10-17 09:16:30,17800.0,10000.0,1932401.0
1741,2021-10-17 09:16:27,17800.0,3500.0,1922401.0
1742,2021-10-17 09:16:25,17800.0,200.0,1918901.0
1743,2021-10-17 09:16:14,17800.0,100.0,1918701.0
1744,2021-10-17 09:16:13,17800.0,1900.0,1918601.0
1745,2021-10-17 09:16:11,17800.0,500.0,1916701.0
1746,2021-10-17 09:16:10,17800.0,1200.0,1916201.0
1747,2021-10-17 09:16:09,17800.0,700.0,1915001.0
1748,2021-10-17 09:16:08,17700.0,300.0,1914301.0
1749,2021-10-17 09:16:05,17800.0,1000.0,1914001.0
1750,2021-10-17 09:16:04,17800.0,100.0,1913001.0
1751,2021-10-17 09:16:02,17700.0,1000.0,1912901.0
1752,2021-10-17 09:15:56,17800.0,800.0,1911901.0
1753,2021-10-17 09:15:50,17800.0,700.0,1911101.0
1754,2021-10-17 09:15:49,17700.0,1100.0,1910401.0
1755,2021-10-17 09:15:48,17800.0,200.0,1909301.0
1756,2021-10-17 09:15:42,17800.0,6100.0,1909101.0
1757,2021-10-17 09:15:41,17800.0,1800.0,1903001.0
1758,2021-10-17 09:15:29,17800.0,100.0,1901201.0
1759,2021-10-17 09:15:25,17700.0,200.0,1901101.0
1760,2021-10-17 09:15:24,17700.0,300.0,1900901.0
1761,2021-10-17 09:15:20,17700.0,100.0,1900601.0
1762,2021-10-17 09:15:13,17700.0,1800.0,1900501.0
1763,2021-10-17 09:15:12,17800.0,100.0,1898701.0
1764,2021-10-17 09:15:09,17700.0,100.0,1898601.0
1765,2021-10-17 09:15:07,17700.0,2000.0,1898501.0
1766,2021-10-17 09:15:04,17700.0,400.0,1896501.0
1767,2021-10-17 09:15:03,17800.0,100.0,1896101.0
1768,2021-10-17 09:15:01,17800.0,800.0,1896001.0
1769,2021-10-17 09:14:59,17800.0,5000.0,1895201.0
1770,2021-10-17 09:14:55,17800.0,100.0,1890201.0
1771,2021-10-17 09:14:54,17700.0,300.0,1890101.0
1772,2021-10-17 09:14:51,17800.0,200.0,1889801.0
1773,2021-10-17 09:14:48,17800.0,1100.0,1889601.0
1774,2021-10-17 09:14:45,17800.0,100.0,1888501.0
1775,2021-10-17 09:14:42,17700.0,200.0,1888401.0
1776,2021-10-17 09:14:40,17800.0,2900.0,1888201.0
1777,2021-10-17 09:14:38,17800.0,300.0,1885301.0
1778,2021-10-17 09:14:33,17700.0,300.0,1885001.0
1779,2021-10-17 09:14:32,17700.0,1400.0,1884701.0
1780,2021-10-17 09:14:30,17800.0,100.0,1883301.0
1781,2021-10-17 09:14:27,17800.0,10.0,1883201.0
1782,2021-10-17 09:14:26,17800.0,14000.0,1883191.0
1783,2021-10-17 09:14:22,17800.0,100.0,1869191.0
1784,2021-10-17 09:14:19,17800.0,26000.0,1869091.0
1785,2021-10-17 09:14:18,17800.0,1000.0,1843091.0
1786,2021-10-17 09:14:16,17700.0,600.0,1842091.0
1787,2021-10-17 09:14:15,17700.0,2000.0,1841491.0
1788,2021-10-17 09:14:14,17800.0,500.0,1839491.0
1789,2021-10-17 09:14:13,17800.0,7000.0,1838991.0
1790,2021-10-17 09:14:12,17800.0,1400.0,1831991.0
1791,2021-10-17 09:14:06,17800.0,100.0,1830591.0
1792,2021-10-17 09:14:04,17800.0,1000.0,1830491.0
1793,2021-10-17 09:13:58,17800.0,500.0,1829491.0
1794,2021-10-17 09:13:57,17800.0,2000.0,1828991.0
1795,2021-10-17 09:13:54,17800.0,1000.0,1826991.0
1796,2021-10-17 09:13:51,17700.0,2000.0,1825991.0
1797,2021-10-17 09:13:50,17800.0,500.0,1823991.0
1798,2021-10-17 09:13:49,17800.0,1000.0,1823491.0
1799,2021-10-17 09:13:45,17700.0,200.0,1822491.0
1800,2021-10-17 09:13:44,17800.0,400.0,1822291.0
1801,2021-10-17 09:13:43,17800.0,11000.0,1821891.0
1802,2021-10-17 09:13:40,17700.0,1100.0,1810891.0
1803,2021-10-17 09:13:39,17800.0,1400.0,1809791.0
1804,2021-10-17 09:13:34,17800.0,502.0,1808391.0
1805,2021-10-17 09:13:32,17800.0,6200.0,1807889.0
1806,2021-10-17 09:13:29,17800.0,5300.0,1801689.0
1807,2021-10-17 09:13:26,17700.0,300.0,1796389.0
1808,2021-10-17 09:13:25,17800.0,1400.0,1796089.0
1809,2021-10-17 09:13:24,17800.0,500.0,1794689.0
1810,2021-10-17 09:13:23,17800.0,4000.0,1794189.0
1811,2021-10-17 09:13:22,17800.0,20000.0,1790189.0
1812,2021-10-17 09:13:21,17700.0,300.0,1770189.0
1813,2021-10-17 09:13:20,17800.0,200.0,1769889.0
1814,2021-10-17 09:13:19,17800.0,100.0,1769689.0
1815,2021-10-17 09:13:18,17800.0,100.0,1769589.0
1816,2021-10-17 09:13:15,17700.0,100.0,1769489.0
1817,2021-10-17 09:13:13,17800.0,1000.0,1769389.0
1818,2021-10-17 09:13:12,17800.0,3000.0,1768389.0
1819,2021-10-17 09:13:10,17700.0,300.0,1765389.0
1820,2021-10-17 09:13:05,17800.0,514.0,1765089.0
1821,2021-10-17 09:13:02,17800.0,100.0,1764575.0
1822,2021-10-17 09:13:00,17800.0,200.0,1764475.0
1823,2021-10-17 09:12:57,17800.0,500.0,1764275.0
1824,2021-10-17 09:12:56,17700.0,2000.0,1763775.0
1825,2021-10-17 09:12:53,17700.0,100.0,1761775.0
1826,2021-10-17 09:12:51,17800.0,1000.0,1761675.0
1827,2021-10-17 09:12:50,17800.0,9200.0,1760675.0
1828,2021-10-17 09:12:49,17800.0,23000.0,1751475.0
1829,2021-10-17 09:12:48,17700.0,700.0,1728475.0
1830,2021-10-17 09:12:47,17800.0,100.0,1727775.0
1831,2021-10-17 09:12:45,17800.0,80.0,1727675.0
1832,2021-10-17 09:12:44,17800.0,100.0,1727595.0
1833,2021-10-17 09:12:41,17800.0,10100.0,1727495.0
1834,2021-10-17 09:12:39,17800.0,2000.0,1717395.0
1835,2021-10-17 09:12:38,17800.0,300.0,1715395.0
1836,2021-10-17 09:12:37,17800.0,700.0,1715095.0
1837,2021-10-17 09:12:34,17700.0,100.0,1714395.0
1838,2021-10-17 09:12:30,17800.0,300.0,1714295.0
1839,2021-10-17 09:12:29,17700.0,1800.0,1713995.0
1840,2021-10-17 09:12:28,17800.0,1000.0,1712195.0
1841,2021-10-17 09:12:25,17800.0,100.0,1711195.0
1842,2021-10-17 09:12:13,17800.0,4700.0,1711095.0
1843,2021-10-17 09:12:12,17700.0,200.0,1706395.0
1844,2021-10-17 09:12:11,17700.0,400.0,1706195.0
1845,2021-10-17 09:12:02,17700.0,5000.0,1705795.0
1846,2021-10-17 09:12:00,17700.0,32700.0,1700795.0
1847,2021-10-17 09:11:59,17700.0,68000.0,1668095.0
1848,2021-10-17 09:11:57,17600.0,1400.0,1600095.0
1849,2021-10-17 09:11:55,17700.0,1300.0,1598695.0
1850,2021-10-17 09:11:53,17700.0,3000.0,1597395.0
1851,2021-10-17 09:11:51,17700.0,900.0,1594395.0
1852,2021-10-17 09:11:50,17600.0,300.0,1593495.0
1853,2021-10-17 09:11:44,17600.0,100.0,1593195.0
1854,2021-10-17 09:11:42,17600.0,1000.0,1593095.0
1855,2021-10-17 09:11:41,17600.0,400.0,1592095.0
1856,2021-10-17 09:11:39,17600.0,1000.0,1591695.0
1857,2021-10-17 09:11:29,17600.0,200.0,1590695.0
1858,2021-10-17 09:11:28,17600.0,1500.0,1590495.0
1859,2021-10-17 09:11:23,17600.0,8200.0,1588995.0
1860,2021-10-17 09:11:20,17600.0,1000.0,1580795.0
1861,2021-10-17 09:11:18,17500.0,800.0,1579795.0
1862,2021-10-17 09:11:12,17600.0,600.0,1578995.0
1863,2021-10-17 09:11:07,17500.0,2100.0,1578395.0
1864,2021-10-17 09:11:05,17500.0,300.0,1576295.0
1865,2021-10-17 09:11:04,17500.0,20300.0,1575995.0
1866,2021-10-17 09:11:03,17500.0,200.0,1555695.0
1867,2021-10-17 09:11:02,17500.0,1100.0,1555495.0
1868,2021-10-17 09:10:59,17500.0,8400.0,1554395.0
1869,2021-10-17 09:10:58,17500.0,3000.0,1545995.0
1870,2021-10-17 09:10:57,17500.0,200.0,1542995.0
1871,2021-10-17 09:10:56,17400.0,2000.0,1542795.0
1872,2021-10-17 09:10:55,17500.0,100.0,1540795.0
1873,2021-10-17 09:10:54,17400.0,8800.0,1540695.0
1874,2021-10-17 09:10:53,17500.0,600.0,1531895.0
1875,2021-10-17 09:10:52,17500.0,200.0,1531295.0
1876,2021-10-17 09:10:49,17500.0,100.0,1531095.0
1877,2021-10-17 09:10:48,17500.0,800.0,1530995.0
1878,2021-10-17 09:10:46,17500.0,300.0,1530195.0
1879,2021-10-17 09:10:45,17500.0,600.0,1529895.0
1880,2021-10-17 09:10:43,17500.0,100.0,1529295.0
1881,2021-10-17 09:10:42,17500.0,300.0,1529195.0
1882,2021-10-17 09:10:33,17500.0,3500.0,1528895.0
1883,2021-10-17 09:10:25,17400.0,2900.0,1525395.0
1884,2021-10-17 09:10:24,17400.0,1000.0,1522495.0
1885,2021-10-17 09:10:20,17400.0,300.0,1521495.0
1886,2021-10-17 09:10:15,17300.0,2500.0,1521195.0
1887,2021-10-17 09:10:13,17300.0,100.0,1518695.0
1888,2021-10-17 09:10:12,17300.0,700.0,1518595.0
1889,2021-10-17 09:10:11,17400.0,200.0,1517895.0
1890,2021-10-17 09:10:10,17400.0,100.0,1517695.0
1891,2021-10-17 09:10:09,17300.0,10000.0,1517595.0
1892,2021-10-17 09:10:07,17300.0,400.0,1507595.0
1893,2021-10-17 09:10:06,17300.0,700.0,1507195.0
1894,2021-10-17 09:10:05,17300.0,10000.0,1506495.0
1895,2021-10-17 09:10:04,17300.0,18800.0,1496495.0
1896,2021-10-17 09:10:00,17300.0,500.0,1477695.0
1897,2021-10-17 09:09:55,17300.0,600.0,1477195.0
1898,2021-10-17 09:09:53,17300.0,700.0,1476595.0
1899,2021-10-17 09:09:49,17200.0,3000.0,1475895.0
1900,2021-10-17 09:09:46,17300.0,1000.0,1472895.0
1901,2021-10-17 09:09:44,17300.0,1000.0,1471895.0
1902,2021-10-17 09:09:42,17300.0,900.0,1470895.0
1903,2021-10-17 09:09:40,17300.0,300.0,1469995.0
1904,2021-10-17 09:09:36,17300.0,500.0,1469695.0
1905,2021-10-17 09:09:31,17300.0,1500.0,1469195.0
1906,2021-10-17 09:09:30,17300.0,500.0,1467695.0
1907,2021-10-17 09:09:29,17400.0,200.0,1467195.0
1908,2021-10-17 09:09:26,17300.0,100.0,1466995.0
1909,2021-10-17 09:09:23,17200.0,10000.0,1466895.0
1910,2021-10-17 09:09:20,17300.0,1200.0,1456895.0
1911,2021-10-17 09:09:19,17400.0,30900.0,1455695.0
1912,2021-10-17 09:09:09,17300.0,500.0,1424795.0
1913,2021-10-17 09:09:08,17400.0,300.0,1424295.0
1914,2021-10-17 09:09:03,17300.0,21900.0,1423995.0
1915,2021-10-17 09:09:01,17300.0,1000.0,1402095.0
1916,2021-10-17 09:08:57,17300.0,100.0,1401095.0
1917,2021-10-17 09:08:55,17200.0,200.0,1400995.0
1918,2021-10-17 09:08:52,17300.0,6000.0,1400795.0
1919,2021-10-17 09:08:51,17200.0,500.0,1394795.0
1920,2021-10-17 09:08:49,17300.0,1000.0,1394295.0
1921,2021-10-17 09:08:48,17300.0,300.0,1393295.0
1922,2021-10-17 09:08:47,17200.0,800.0,1392995.0
1923,2021-10-17 09:08:44,17300.0,800.0,1392195.0
1924,2021-10-17 09:08:43,17300.0,900.0,1391395.0
1925,2021-10-17 09:08:42,17300.0,1300.0,1390495.0
1926,2021-10-17 09:08:41,17300.0,3734.0,1389195.0
1927,2021-10-17 09:08:40,17300.0,100.0,1385461.0
1928,2021-10-17 09:08:38,17300.0,7300.0,1385361.0
1929,2021-10-17 09:08:36,17400.0,1000.0,1378061.0
1930,2021-10-17 09:08:34,17300.0,500.0,1377061.0
1931,2021-10-17 09:08:33,17300.0,3000.0,1376561.0
1932,2021-10-17 09:08:31,17300.0,1000.0,1373561.0
1933,2021-10-17 09:08:29,17300.0,1000.0,1372561.0
1934,2021-10-17 09:08:28,17300.0,500.0,1371561.0
1935,2021-10-17 09:08:27,17300.0,5500.0,1371061.0
1936,2021-10-17 09:08:24,17300.0,500.0,1365561.0
1937,2021-10-17 09:08:21,17300.0,200.0,1365061.0
1938,2021-10-17 09:08:20,17300.0,2600.0,1364861.0
1939,2021-10-17 09:08:16,17300.0,3100.0,1362261.0
1940,2021-10-17 09:08:15,17400.0,1000.0,1359161.0
1941,2021-10-17 09:08:14,17400.0,900.0,1358161.0
1942,2021-10-17 09:08:12,17300.0,500.0,1357261.0
1943,2021-10-17 09:08:10,17300.0,5000.0,1356761.0
1944,2021-10-17 09:08:09,17400.0,1900.0,1351761.0
1945,2021-10-17 09:08:08,17500.0,1000.0,1349861.0
1946,2021-10-17 09:08:07,17400.0,700.0,1348861.0
1947,2021-10-17 09:08:05,17400.0,10000.0,1348161.0
1948,2021-10-17 09:08:03,17400.0,3500.0,1338161.0
1949,2021-10-17 09:08:01,17400.0,200.0,1334661.0
1950,2021-10-17 09:08:00,17500.0,1500.0,1334461.0
1951,2021-10-17 09:07:59,17500.0,500.0,1332961.0
1952,2021-10-17 09:07:57,17400.0,1400.0,1332461.0
1953,2021-10-17 09:07:53,17500.0,100.0,1331061.0
1954,2021-10-17 09:07:48,17400.0,1000.0,1330961.0
1955,2021-10-17 09:07:47,17500.0,1500.0,1329961.0
1956,2021-10-17 09:07:45,17400.0,5500.0,1328461.0
1957,2021-10-17 09:07:42,17400.0,1000.0,1322961.0
1958,2021-10-17 09:07:38,17400.0,6200.0,1321961.0
1959,2021-10-17 09:07:34,17500.0,500.0,1315761.0
1960,2021-10-17 09:07:31,17500.0,24000.0,1315261.0
1961,2021-10-17 09:07:30,17700.0,200.0,1291261.0
1962,2021-10-17 09:07:27,17700.0,4400.0,1291061.0
1963,2021-10-17 09:07:26,17700.0,100.0,1286661.0
1964,2021-10-17 09:07:25,17700.0,200.0,1286561.0
1965,2021-10-17 09:07:24,17600.0,100.0,1286361.0
1966,2021-10-17 09:07:23,17600.0,10000.0,1286261.0
1967,2021-10-17 09:07:20,17600.0,10000.0,1276261.0
1968,2021-10-17 09:07:19,17700.0,100.0,1266261.0
1969,2021-10-17 09:07:14,17700.0,800.0,1266161.0
1970,2021-10-17 09:07:12,17700.0,200.0,1265361.0
1971,2021-10-17 09:07:00,17700.0,600.0,1265161.0
1972,2021-10-17 09:06:59,17700.0,5000.0,1264561.0
1973,2021-10-17 09:06:58,17700.0,21100.0,1259561.0
1974,2021-10-17 09:06:54,17700.0,12200.0,1238461.0
1975,2021-10-17 09:06:52,17700.0,200.0,1226261.0
1976,2021-10-17 09:06:48,17700.0,300.0,1226061.0
1977,2021-10-17 09:06:47,17700.0,10600.0,1225761.0
1978,2021-10-17 09:06:46,17700.0,5200.0,1215161.0
1979,2021-10-17 09:06:45,17700.0,100.0,1209961.0
1980,2021-10-17 09:06:44,17700.0,1200.0,1209861.0
1981,2021-10-17 09:06:43,17700.0,100.0,1208661.0
1982,2021-10-17 09:06:41,17700.0,100.0,1208561.0
1983,2021-10-17 09:06:39,17700.0,300.0,1208461.0
1984,2021-10-17 09:06:37,17700.0,100.0,1208161.0
1985,2021-10-17 09:06:36,17700.0,10200.0,1208061.0
1986,2021-10-17 09:06:35,17700.0,200.0,1197861.0
1987,2021-10-17 09:06:34,17700.0,1400.0,1197661.0
1988,2021-10-17 09:06:33,17700.0,700.0,1196261.0
1989,2021-10-17 09:06:29,17700.0,500.0,1195561.0
1990,2021-10-17 09:06:28,17700.0,6800.0,1195061.0
1991,2021-10-17 09:06:27,17700.0,100.0,1188261.0
1992,2021-10-17 09:06:25,17800.0,200.0,1188161.0
1993,2021-10-17 09:06:24,17700.0,100.0,1187961.0
1994,2021-10-17 09:06:23,17700.0,28200.0,1187861.0
1995,2021-10-17 09:06:16,17700.0,2200.0,1159661.0
1996,2021-10-17 09:06:13,17700.0,2800.0,1157461.0
1997,2021-10-17 09:06:12,17700.0,4000.0,1154661.0
1998,2021-10-17 09:06:11,17700.0,200.0,1150661.0
1999,2021-10-17 09:06:10,17700.0,3200.0,1150461.0
2000,2021-10-17 09:06:09,17700.0,2700.0,1147261.0
2001,2021-10-17 09:06:07,17700.0,1100.0,1144561.0
2002,2021-10-17 09:06:05,17700.0,400.0,1143461.0
2003,2021-10-17 09:06:03,17700.0,400.0,1143061.0
2004,2021-10-17 09:06:02,17700.0,200.0,1142661.0
2005,2021-10-17 09:06:01,17600.0,5900.0,1142461.0
2006,2021-10-17 09:06:00,17800.0,1000.0,1136561.0
2007,2021-10-17 09:05:59,17700.0,4100.0,1135561.0
2008,2021-10-17 09:05:58,17700.0,7800.0,1131461.0
2009,2021-10-17 09:05:57,17700.0,2800.0,1123661.0
2010,2021-10-17 09:05:56,17700.0,1100.0,1120861.0
2011,2021-10-17 09:05:55,17700.0,2000.0,1119761.0
2012,2021-10-17 09:05:54,17700.0,1600.0,1117761.0
2013,2021-10-17 09:05:53,17700.0,400.0,1116161.0
2014,2021-10-17 09:05:51,17700.0,5600.0,1115761.0
2015,2021-10-17 09:05:49,17700.0,800.0,1110161.0
2016,2021-10-17 09:05:47,17700.0,300.0,1109361.0
2017,2021-10-17 09:05:46,17700.0,100.0,1109061.0
2018,2021-10-17 09:05:45,17700.0,100.0,1108961.0
2019,2021-10-17 09:05:44,17700.0,1100.0,1108861.0
2020,2021-10-17 09:05:43,17700.0,100.0,1107761.0
2021,2021-10-17 09:05:41,17700.0,200.0,1107661.0
2022,2021-10-17 09:05:40,17700.0,3700.0,1107461.0
2023,2021-10-17 09:05:38,17700.0,200.0,1103761.0
2024,2021-10-17 09:05:36,17700.0,5800.0,1103561.0
2025,2021-10-17 09:05:35,17700.0,100.0,1097761.0
2026,2021-10-17 09:05:34,17700.0,4000.0,1097661.0
2027,2021-10-17 09:05:33,17700.0,3300.0,1093661.0
2028,2021-10-17 09:05:31,17700.0,15600.0,1090361.0
2029,2021-10-17 09:05:30,17700.0,2000.0,1074761.0
2030,2021-10-17 09:05:29,17700.0,700.0,1072761.0
2031,2021-10-17 09:05:28,17700.0,700.0,1072061.0
2032,2021-10-17 09:05:27,17700.0,5200.0,1071361.0
2033,2021-10-17 09:05:25,17700.0,10000.0,1066161.0
2034,2021-10-17 09:05:24,17700.0,15700.0,1056161.0
2035,2021-10-17 09:05:22,17700.0,2000.0,1040461.0
2036,2021-10-17 09:05:20,17700.0,1000.0,1038461.0
2037,2021-10-17 09:05:19,17700.0,500.0,1037461.0
2038,2021-10-17 09:05:15,17700.0,1000.0,1036961.0
2039,2021-10-17 09:05:14,17700.0,200.0,1035961.0
