,Time,Price,Volume_per_trade,Volume
0,2021-10-07 07:45:00,13150.0,1400.0,67300.0
1,2021-10-07 07:21:50,13150.0,300.0,65900.0
2,2021-10-07 07:21:50,13150.0,1200.0,65600.0
3,2021-10-07 07:19:31,13150.0,200.0,64400.0
4,2021-10-07 07:19:28,13150.0,5000.0,64200.0
5,2021-10-07 07:19:28,13150.0,100.0,59200.0
6,2021-10-07 07:19:28,13150.0,1000.0,59100.0
7,2021-10-07 07:13:16,13150.0,200.0,58100.0
8,2021-10-07 07:08:33,13150.0,800.0,57900.0
9,2021-10-07 07:08:33,13150.0,700.0,57100.0
10,2021-10-07 07:08:33,13150.0,1000.0,56400.0
11,2021-10-07 07:08:33,13150.0,600.0,55400.0
12,2021-10-07 07:04:07,13100.0,1000.0,54800.0
13,2021-10-07 07:04:07,13100.0,900.0,53800.0
14,2021-10-07 07:03:47,13050.0,1900.0,52900.0
15,2021-10-07 07:03:47,13050.0,300.0,51000.0
16,2021-10-07 07:03:47,13050.0,300.0,50700.0
17,2021-10-07 07:03:47,13050.0,1900.0,50400.0
18,2021-10-07 06:59:44,13100.0,200.0,48500.0
19,2021-10-07 06:59:44,13100.0,900.0,48300.0
20,2021-10-07 06:54:09,13100.0,100.0,47400.0
21,2021-10-07 06:49:35,13150.0,600.0,47300.0
22,2021-10-07 06:48:44,13150.0,400.0,46700.0
23,2021-10-07 06:48:44,13150.0,400.0,46300.0
24,2021-10-07 06:48:44,13150.0,500.0,45900.0
25,2021-10-07 06:48:44,13150.0,500.0,45400.0
26,2021-10-07 06:48:44,13150.0,2200.0,44900.0
27,2021-10-07 06:48:34,13150.0,800.0,42700.0
28,2021-10-07 06:48:25,13150.0,1000.0,41900.0
29,2021-10-07 06:46:00,13150.0,100.0,40900.0
30,2021-10-07 06:43:16,13200.0,100.0,40800.0
31,2021-10-07 06:38:32,13200.0,700.0,40700.0
32,2021-10-07 06:27:58,13150.0,300.0,40000.0
33,2021-10-07 06:27:58,13150.0,600.0,39700.0
34,2021-10-07 06:25:02,13150.0,200.0,39100.0
35,2021-10-07 06:24:44,13150.0,200.0,38900.0
36,2021-10-07 06:23:29,13150.0,200.0,38700.0
37,2021-10-07 06:23:29,13150.0,600.0,38500.0
38,2021-10-07 06:21:15,13150.0,300.0,37900.0
39,2021-10-07 06:16:07,13200.0,200.0,37600.0
40,2021-10-07 06:16:07,13200.0,3100.0,37400.0
41,2021-10-07 06:13:01,13200.0,200.0,34300.0
42,2021-10-07 06:11:44,13200.0,600.0,34100.0
43,2021-10-07 06:10:53,13200.0,300.0,33500.0
44,2021-10-07 06:08:56,13200.0,300.0,33200.0
45,2021-10-07 06:07:42,13200.0,5500.0,32900.0
46,2021-10-07 06:07:42,13200.0,300.0,27400.0
47,2021-10-07 06:07:42,13200.0,100.0,27100.0
48,2021-10-07 06:07:42,13150.0,100.0,27000.0
49,2021-10-07 06:07:42,13150.0,500.0,26900.0
50,2021-10-07 06:01:46,13100.0,600.0,26400.0
51,2021-10-07 06:00:46,13100.0,100.0,25800.0
52,2021-10-07 06:00:33,13100.0,300.0,25700.0
53,2021-10-07 04:25:35,13150.0,1000.0,25400.0
54,2021-10-07 04:24:33,13100.0,100.0,24400.0
55,2021-10-07 04:20:06,13100.0,100.0,24300.0
56,2021-10-07 04:20:06,13100.0,100.0,24200.0
57,2021-10-07 04:20:06,13100.0,500.0,24100.0
58,2021-10-07 04:18:09,13100.0,200.0,23600.0
59,2021-10-07 04:16:14,13100.0,100.0,23400.0
60,2021-10-07 04:12:22,13100.0,200.0,23300.0
61,2021-10-07 04:08:12,13050.0,1400.0,23100.0
62,2021-10-07 03:55:14,13100.0,300.0,21700.0
63,2021-10-07 03:49:47,13100.0,100.0,21400.0
64,2021-10-07 03:47:38,13100.0,100.0,21300.0
65,2021-10-07 03:43:50,13100.0,500.0,21200.0
66,2021-10-07 03:40:05,13100.0,200.0,20700.0
67,2021-10-07 03:37:22,13100.0,100.0,20500.0
68,2021-10-07 03:37:07,13100.0,1000.0,20400.0
69,2021-10-07 03:22:50,13100.0,1000.0,19400.0
70,2021-10-07 03:09:40,13050.0,100.0,18400.0
71,2021-10-07 03:07:48,13050.0,3500.0,18300.0
72,2021-10-07 03:07:48,13050.0,800.0,14800.0
73,2021-10-07 03:07:42,13050.0,1000.0,14000.0
74,2021-10-07 03:03:51,13050.0,200.0,13000.0
75,2021-10-07 03:03:50,13050.0,3000.0,12800.0
76,2021-10-07 02:58:23,13100.0,500.0,9800.0
77,2021-10-07 02:57:18,13100.0,300.0,9300.0
78,2021-10-07 02:56:16,13100.0,900.0,9000.0
79,2021-10-07 02:56:16,13100.0,2100.0,8100.0
80,2021-10-07 02:48:48,13100.0,1200.0,6000.0
81,2021-10-07 02:48:48,13100.0,100.0,4800.0
82,2021-10-07 02:48:48,13100.0,100.0,4700.0
83,2021-10-07 02:48:48,13100.0,100.0,4600.0
84,2021-10-07 02:48:48,13100.0,100.0,4500.0
85,2021-10-07 02:46:26,13050.0,100.0,4400.0
86,2021-10-07 02:41:30,13000.0,100.0,4300.0
87,2021-10-07 02:33:15,13050.0,600.0,4200.0
88,2021-10-07 02:25:11,12900.0,100.0,3600.0
89,2021-10-07 02:25:11,12950.0,800.0,3500.0
90,2021-10-07 02:25:11,12950.0,100.0,2700.0
91,2021-10-07 02:15:00,12900.0,300.0,2600.0
92,2021-10-07 02:15:00,12900.0,200.0,2300.0
93,2021-10-07 02:15:00,12900.0,200.0,2100.0
94,2021-10-07 02:15:00,12900.0,100.0,1900.0
95,2021-10-07 02:15:00,12900.0,800.0,1800.0
96,2021-10-07 02:15:00,12900.0,800.0,1000.0
97,2021-10-07 02:15:00,12900.0,100.0,200.0
98,2021-10-07 02:15:00,12900.0,100.0,100.0
