,Time,Price,Volume_per_trade,Volume
0,2021-10-11 07:45:01,115700.0,100.0,364800.0
1,2021-10-11 07:45:01,115700.0,100.0,364700.0
2,2021-10-11 07:45:01,115700.0,300.0,364600.0
3,2021-10-11 07:45:01,115700.0,200.0,364300.0
4,2021-10-11 07:45:01,115700.0,500.0,364100.0
5,2021-10-11 07:45:01,115700.0,200.0,363600.0
6,2021-10-11 07:45:01,115700.0,1000.0,363400.0
7,2021-10-11 07:45:01,115700.0,200.0,362400.0
8,2021-10-11 07:45:01,115700.0,300.0,362200.0
9,2021-10-11 07:45:01,115700.0,200.0,361900.0
10,2021-10-11 07:45:01,115700.0,300.0,361700.0
11,2021-10-11 07:45:01,115700.0,100.0,361400.0
12,2021-10-11 07:45:01,115700.0,100.0,361300.0
13,2021-10-11 07:45:01,115700.0,3200.0,361200.0
14,2021-10-11 07:45:01,115700.0,200.0,358000.0
15,2021-10-11 07:45:01,115700.0,200.0,357800.0
16,2021-10-11 07:45:01,115700.0,200.0,357600.0
17,2021-10-11 07:45:01,115700.0,100.0,357400.0
18,2021-10-11 07:45:01,115700.0,600.0,357300.0
19,2021-10-11 07:45:01,115700.0,1300.0,356700.0
20,2021-10-11 07:45:01,115700.0,200.0,355400.0
21,2021-10-11 07:45:01,115700.0,100.0,355200.0
22,2021-10-11 07:45:01,115700.0,100.0,355100.0
23,2021-10-11 07:45:01,115700.0,100.0,355000.0
24,2021-10-11 07:45:01,115700.0,100.0,354900.0
25,2021-10-11 07:45:01,115700.0,100.0,354800.0
26,2021-10-11 07:45:01,115700.0,100.0,354700.0
27,2021-10-11 07:45:01,115700.0,100.0,354600.0
28,2021-10-11 07:45:01,115700.0,700.0,354500.0
29,2021-10-11 07:45:01,115700.0,300.0,353800.0
30,2021-10-11 07:45:01,115700.0,100.0,353500.0
31,2021-10-11 07:30:00,115700.0,800.0,353400.0
32,2021-10-11 07:29:59,115900.0,700.0,352600.0
33,2021-10-11 07:29:59,115900.0,100.0,351900.0
34,2021-10-11 07:29:59,115800.0,200.0,351800.0
35,2021-10-11 07:29:52,115700.0,1600.0,351600.0
36,2021-10-11 07:29:11,115900.0,700.0,350000.0
37,2021-10-11 07:29:09,115700.0,5000.0,349300.0
38,2021-10-11 07:28:46,115900.0,100.0,344300.0
39,2021-10-11 07:28:43,115700.0,100.0,344200.0
40,2021-10-11 07:28:01,115900.0,100.0,344100.0
41,2021-10-11 07:28:01,115900.0,100.0,344000.0
42,2021-10-11 07:26:39,115900.0,500.0,343900.0
43,2021-10-11 07:26:39,115900.0,2000.0,343400.0
44,2021-10-11 07:26:29,115900.0,200.0,341400.0
45,2021-10-11 07:26:29,115900.0,100.0,341200.0
46,2021-10-11 07:26:29,115900.0,100.0,341100.0
47,2021-10-11 07:26:29,115900.0,100.0,341000.0
48,2021-10-11 07:26:29,115900.0,300.0,340900.0
49,2021-10-11 07:26:19,115900.0,1500.0,340600.0
50,2021-10-11 07:26:19,115800.0,500.0,339100.0
51,2021-10-11 07:25:03,115900.0,1600.0,338600.0
52,2021-10-11 07:24:02,115900.0,500.0,337000.0
53,2021-10-11 07:23:42,115900.0,500.0,336500.0
54,2021-10-11 07:23:42,115900.0,100.0,336000.0
55,2021-10-11 07:23:42,115900.0,400.0,335900.0
56,2021-10-11 07:23:32,115900.0,300.0,335500.0
57,2021-10-11 07:23:16,115900.0,200.0,335200.0
58,2021-10-11 07:23:11,115900.0,100.0,335000.0
59,2021-10-11 07:22:47,115900.0,100.0,334900.0
60,2021-10-11 07:22:47,115800.0,200.0,334800.0
61,2021-10-11 07:22:47,115800.0,200.0,334600.0
62,2021-10-11 07:22:40,115600.0,200.0,334400.0
63,2021-10-11 07:22:39,115600.0,100.0,334200.0
64,2021-10-11 07:22:39,115600.0,200.0,334100.0
65,2021-10-11 07:22:39,115600.0,500.0,333900.0
66,2021-10-11 07:22:39,115700.0,200.0,333400.0
67,2021-10-11 07:22:07,115600.0,200.0,333200.0
68,2021-10-11 07:21:44,115600.0,100.0,333000.0
69,2021-10-11 07:20:13,115600.0,200.0,332900.0
70,2021-10-11 07:19:38,115600.0,100.0,332700.0
71,2021-10-11 07:18:48,115600.0,3900.0,332600.0
72,2021-10-11 07:18:39,115600.0,1100.0,328700.0
73,2021-10-11 07:18:34,115600.0,400.0,327600.0
74,2021-10-11 07:18:34,115600.0,100.0,327200.0
75,2021-10-11 07:18:34,115600.0,400.0,327100.0
76,2021-10-11 07:18:34,115600.0,500.0,326700.0
77,2021-10-11 07:18:34,115600.0,300.0,326200.0
78,2021-10-11 07:18:34,115600.0,100.0,325900.0
79,2021-10-11 07:18:34,115600.0,200.0,325800.0
80,2021-10-11 07:17:57,115600.0,800.0,325600.0
81,2021-10-11 07:17:57,115600.0,100.0,324800.0
82,2021-10-11 07:17:57,115600.0,100.0,324700.0
83,2021-10-11 07:16:46,115600.0,900.0,324600.0
84,2021-10-11 07:16:46,115600.0,3000.0,323700.0
85,2021-10-11 07:16:46,115600.0,100.0,320700.0
86,2021-10-11 07:16:46,115600.0,100.0,320600.0
87,2021-10-11 07:16:46,115600.0,100.0,320500.0
88,2021-10-11 07:16:46,115600.0,100.0,320400.0
89,2021-10-11 07:16:46,115600.0,700.0,320300.0
90,2021-10-11 07:16:37,115900.0,100.0,319600.0
91,2021-10-11 07:15:46,115600.0,100.0,319500.0
92,2021-10-11 07:14:40,115600.0,100.0,319400.0
93,2021-10-11 07:14:00,115600.0,100.0,319300.0
94,2021-10-11 07:13:45,115600.0,900.0,319200.0
95,2021-10-11 07:13:37,115600.0,1000.0,318300.0
96,2021-10-11 07:13:02,115500.0,900.0,317300.0
97,2021-10-11 07:13:02,115800.0,100.0,316400.0
98,2021-10-11 07:12:43,115800.0,200.0,316300.0
99,2021-10-11 07:12:12,115800.0,800.0,316100.0
100,2021-10-11 07:12:12,115800.0,200.0,315300.0
101,2021-10-11 07:12:12,115800.0,400.0,315100.0
102,2021-10-11 07:12:12,115700.0,100.0,314700.0
103,2021-10-11 07:12:12,115700.0,500.0,314600.0
104,2021-10-11 07:11:05,115700.0,100.0,314100.0
105,2021-10-11 07:10:48,115700.0,500.0,314000.0
106,2021-10-11 07:08:26,115800.0,100.0,313500.0
107,2021-10-11 07:08:26,115800.0,100.0,313400.0
108,2021-10-11 07:07:16,115800.0,900.0,313300.0
109,2021-10-11 07:06:02,115800.0,1000.0,312400.0
110,2021-10-11 07:05:27,115800.0,100.0,311400.0
111,2021-10-11 07:05:27,115800.0,300.0,311300.0
112,2021-10-11 07:05:27,115800.0,100.0,311000.0
113,2021-10-11 07:05:07,115800.0,100.0,310900.0
114,2021-10-11 07:04:52,115800.0,200.0,310800.0
115,2021-10-11 07:04:14,115900.0,200.0,310600.0
116,2021-10-11 07:04:14,115900.0,300.0,310400.0
117,2021-10-11 07:04:14,115900.0,200.0,310100.0
118,2021-10-11 07:04:14,115900.0,100.0,309900.0
119,2021-10-11 07:04:14,115900.0,500.0,309800.0
120,2021-10-11 07:04:14,115900.0,3000.0,309300.0
121,2021-10-11 07:04:14,115900.0,700.0,306300.0
122,2021-10-11 07:03:50,115800.0,300.0,305600.0
123,2021-10-11 07:02:31,115800.0,200.0,305300.0
124,2021-10-11 07:02:31,115800.0,100.0,305100.0
125,2021-10-11 07:02:31,115800.0,400.0,305000.0
126,2021-10-11 07:02:31,115800.0,100.0,304600.0
127,2021-10-11 07:02:31,115700.0,200.0,304500.0
128,2021-10-11 07:02:31,115700.0,300.0,304300.0
129,2021-10-11 07:00:51,115500.0,200.0,304000.0
130,2021-10-11 07:00:29,115500.0,1000.0,303800.0
131,2021-10-11 07:00:10,115500.0,600.0,302800.0
132,2021-10-11 06:59:59,115600.0,100.0,302200.0
133,2021-10-11 06:59:36,115600.0,100.0,302100.0
134,2021-10-11 06:59:36,115600.0,100.0,302000.0
135,2021-10-11 06:58:47,115600.0,100.0,301900.0
136,2021-10-11 06:58:23,115700.0,1000.0,301800.0
137,2021-10-11 06:58:23,115700.0,700.0,300800.0
138,2021-10-11 06:57:56,115700.0,300.0,300100.0
139,2021-10-11 06:57:26,115700.0,100.0,299800.0
140,2021-10-11 06:54:05,115800.0,1000.0,299700.0
141,2021-10-11 06:53:17,115800.0,100.0,298700.0
142,2021-10-11 06:53:17,115800.0,200.0,298600.0
143,2021-10-11 06:53:17,115800.0,100.0,298400.0
144,2021-10-11 06:53:17,115800.0,600.0,298300.0
145,2021-10-11 06:53:13,115800.0,500.0,297700.0
146,2021-10-11 06:53:12,115800.0,1500.0,297200.0
147,2021-10-11 06:53:08,115800.0,1000.0,295700.0
148,2021-10-11 06:53:06,115800.0,400.0,294700.0
149,2021-10-11 06:52:48,115800.0,1000.0,294300.0
150,2021-10-11 06:52:23,115800.0,1000.0,293300.0
151,2021-10-11 06:51:58,115800.0,200.0,292300.0
152,2021-10-11 06:51:53,115800.0,800.0,292100.0
153,2021-10-11 06:51:53,115800.0,100.0,291300.0
154,2021-10-11 06:51:53,115800.0,100.0,291200.0
155,2021-10-11 06:51:14,115900.0,500.0,291100.0
156,2021-10-11 06:51:00,115900.0,100.0,290600.0
157,2021-10-11 06:50:35,115900.0,100.0,290500.0
158,2021-10-11 06:47:39,115900.0,100.0,290400.0
159,2021-10-11 06:45:18,115800.0,100.0,290300.0
160,2021-10-11 06:42:50,115800.0,100.0,290200.0
161,2021-10-11 06:42:19,115800.0,100.0,290100.0
162,2021-10-11 06:42:19,115800.0,900.0,290000.0
163,2021-10-11 06:41:39,115800.0,100.0,289100.0
164,2021-10-11 06:41:39,115700.0,300.0,289000.0
165,2021-10-11 06:41:39,115700.0,700.0,288700.0
166,2021-10-11 06:39:31,115800.0,500.0,288000.0
167,2021-10-11 06:39:31,115800.0,100.0,287500.0
168,2021-10-11 06:39:31,115800.0,400.0,287400.0
169,2021-10-11 06:39:25,115800.0,100.0,287000.0
170,2021-10-11 06:39:17,115800.0,2000.0,286900.0
171,2021-10-11 06:39:02,115800.0,400.0,284900.0
172,2021-10-11 06:37:52,115800.0,100.0,284500.0
173,2021-10-11 06:37:46,115700.0,100.0,284400.0
174,2021-10-11 06:37:46,115700.0,500.0,284300.0
175,2021-10-11 06:36:56,115700.0,300.0,283800.0
176,2021-10-11 06:36:23,115700.0,100.0,283500.0
177,2021-10-11 06:36:18,115700.0,100.0,283400.0
178,2021-10-11 06:36:18,115700.0,400.0,283300.0
179,2021-10-11 06:35:42,115700.0,200.0,282900.0
180,2021-10-11 06:35:42,115700.0,300.0,282700.0
181,2021-10-11 06:35:42,115700.0,100.0,282400.0
182,2021-10-11 06:35:05,115700.0,1100.0,282300.0
183,2021-10-11 06:35:05,115700.0,200.0,281200.0
184,2021-10-11 06:34:53,115700.0,800.0,281000.0
185,2021-10-11 06:34:53,115700.0,100.0,280200.0
186,2021-10-11 06:34:53,115700.0,100.0,280100.0
187,2021-10-11 06:33:54,115700.0,100.0,280000.0
188,2021-10-11 06:33:54,115700.0,200.0,279900.0
189,2021-10-11 06:33:32,115700.0,100.0,279700.0
190,2021-10-11 06:32:58,115700.0,100.0,279600.0
191,2021-10-11 06:32:58,115700.0,800.0,279500.0
192,2021-10-11 06:32:37,115700.0,500.0,278700.0
193,2021-10-11 06:31:23,115700.0,1000.0,278200.0
194,2021-10-11 06:30:31,115700.0,1300.0,277200.0
195,2021-10-11 06:30:31,115800.0,200.0,275900.0
196,2021-10-11 06:30:31,115800.0,100.0,275700.0
197,2021-10-11 06:30:31,115800.0,100.0,275600.0
198,2021-10-11 06:30:31,115800.0,300.0,275500.0
199,2021-10-11 06:30:29,115800.0,200.0,275200.0
200,2021-10-11 06:28:41,115900.0,200.0,275000.0
201,2021-10-11 06:28:03,115900.0,500.0,274800.0
202,2021-10-11 06:27:29,115900.0,300.0,274300.0
203,2021-10-11 06:27:29,115900.0,100.0,274000.0
204,2021-10-11 06:26:12,115900.0,200.0,273900.0
205,2021-10-11 06:25:46,115900.0,300.0,273700.0
206,2021-10-11 06:25:46,115900.0,500.0,273400.0
207,2021-10-11 06:24:34,115900.0,500.0,272900.0
208,2021-10-11 06:24:30,115900.0,500.0,272400.0
209,2021-10-11 06:24:05,116000.0,100.0,271900.0
210,2021-10-11 06:24:05,115900.0,100.0,271800.0
211,2021-10-11 06:23:34,115800.0,1300.0,271700.0
212,2021-10-11 06:23:34,115900.0,100.0,270400.0
213,2021-10-11 06:23:34,115900.0,500.0,270300.0
214,2021-10-11 06:23:34,115900.0,100.0,269800.0
215,2021-10-11 06:22:59,115900.0,100.0,269700.0
216,2021-10-11 06:22:45,115900.0,100.0,269600.0
217,2021-10-11 06:22:45,115900.0,100.0,269500.0
218,2021-10-11 06:20:46,115900.0,500.0,269400.0
219,2021-10-11 06:20:09,115900.0,300.0,268900.0
220,2021-10-11 06:20:08,115900.0,100.0,268600.0
221,2021-10-11 06:19:57,115900.0,200.0,268500.0
222,2021-10-11 06:19:16,115800.0,200.0,268300.0
223,2021-10-11 06:19:09,115800.0,100.0,268100.0
224,2021-10-11 06:19:03,115800.0,400.0,268000.0
225,2021-10-11 06:19:02,115800.0,200.0,267600.0
226,2021-10-11 06:18:58,115800.0,100.0,267400.0
227,2021-10-11 06:18:58,115800.0,700.0,267300.0
228,2021-10-11 06:18:47,115700.0,100.0,266600.0
229,2021-10-11 06:18:47,115700.0,200.0,266500.0
230,2021-10-11 06:18:47,115700.0,300.0,266300.0
231,2021-10-11 06:18:47,115700.0,800.0,266000.0
232,2021-10-11 06:18:39,115700.0,2200.0,265200.0
233,2021-10-11 06:18:39,115700.0,300.0,263000.0
234,2021-10-11 06:18:39,115700.0,300.0,262700.0
235,2021-10-11 06:18:39,115700.0,800.0,262400.0
236,2021-10-11 06:17:34,115600.0,200.0,261600.0
237,2021-10-11 06:16:31,115500.0,200.0,261400.0
238,2021-10-11 06:16:31,115500.0,100.0,261200.0
239,2021-10-11 06:16:31,115500.0,100.0,261100.0
240,2021-10-11 06:16:31,115500.0,100.0,261000.0
241,2021-10-11 06:16:16,115500.0,200.0,260900.0
242,2021-10-11 06:16:16,115500.0,100.0,260700.0
243,2021-10-11 06:16:16,115500.0,100.0,260600.0
244,2021-10-11 06:16:16,115500.0,600.0,260500.0
245,2021-10-11 06:15:35,115500.0,100.0,259900.0
246,2021-10-11 06:12:48,115700.0,200.0,259800.0
247,2021-10-11 06:11:17,115700.0,200.0,259600.0
248,2021-10-11 06:11:01,115700.0,200.0,259400.0
249,2021-10-11 06:09:55,115500.0,300.0,259200.0
250,2021-10-11 06:09:39,115700.0,100.0,258900.0
251,2021-10-11 06:08:30,115700.0,500.0,258800.0
252,2021-10-11 06:07:44,115700.0,1000.0,258300.0
253,2021-10-11 06:07:44,115700.0,1000.0,257300.0
254,2021-10-11 06:07:40,115500.0,1000.0,256300.0
255,2021-10-11 06:07:40,115500.0,100.0,255300.0
256,2021-10-11 06:07:40,115500.0,500.0,255200.0
257,2021-10-11 06:07:40,115500.0,100.0,254700.0
258,2021-10-11 06:07:40,115500.0,300.0,254600.0
259,2021-10-11 06:07:23,115700.0,100.0,254300.0
260,2021-10-11 06:07:09,115700.0,200.0,254200.0
261,2021-10-11 06:06:51,115500.0,700.0,254000.0
262,2021-10-11 06:06:51,115500.0,500.0,253300.0
263,2021-10-11 06:06:51,115500.0,100.0,252800.0
264,2021-10-11 06:06:51,115600.0,100.0,252700.0
265,2021-10-11 06:06:51,115600.0,300.0,252600.0
266,2021-10-11 06:06:51,115600.0,300.0,252300.0
267,2021-10-11 06:06:03,115700.0,500.0,252000.0
268,2021-10-11 06:06:03,115700.0,200.0,251500.0
269,2021-10-11 06:04:19,115800.0,300.0,251300.0
270,2021-10-11 06:04:11,115800.0,200.0,251000.0
271,2021-10-11 06:03:16,115800.0,100.0,250800.0
272,2021-10-11 06:03:13,115800.0,100.0,250700.0
273,2021-10-11 06:03:04,115800.0,100.0,250600.0
274,2021-10-11 06:03:04,115900.0,300.0,250500.0
275,2021-10-11 06:02:50,115900.0,200.0,250200.0
276,2021-10-11 06:02:50,115900.0,300.0,250000.0
277,2021-10-11 06:02:50,115900.0,400.0,249700.0
278,2021-10-11 06:02:50,115900.0,400.0,249300.0
279,2021-10-11 06:02:50,115800.0,400.0,248900.0
280,2021-10-11 06:02:24,115800.0,100.0,248500.0
281,2021-10-11 06:02:24,115800.0,100.0,248400.0
282,2021-10-11 06:02:24,115800.0,100.0,248300.0
283,2021-10-11 06:02:24,115800.0,200.0,248200.0
284,2021-10-11 06:02:24,115800.0,200.0,248000.0
285,2021-10-11 06:02:24,115800.0,100.0,247800.0
286,2021-10-11 06:02:09,115900.0,100.0,247700.0
287,2021-10-11 06:02:05,115900.0,100.0,247600.0
288,2021-10-11 06:01:18,115900.0,900.0,247500.0
289,2021-10-11 06:00:03,115800.0,100.0,246600.0
290,2021-10-11 06:00:03,115800.0,100.0,246500.0
291,2021-10-11 06:00:01,115800.0,200.0,246400.0
292,2021-10-11 06:00:01,115800.0,100.0,246200.0
293,2021-10-11 06:00:01,115800.0,100.0,246100.0
294,2021-10-11 06:00:00,115800.0,400.0,246000.0
295,2021-10-11 06:00:00,115800.0,100.0,245600.0
296,2021-10-11 04:29:56,115800.0,100.0,245500.0
297,2021-10-11 04:29:06,115800.0,1000.0,245400.0
298,2021-10-11 04:28:55,115600.0,1700.0,244400.0
299,2021-10-11 04:28:55,115600.0,100.0,242700.0
300,2021-10-11 04:28:55,115600.0,200.0,242600.0
301,2021-10-11 04:28:54,115600.0,200.0,242400.0
302,2021-10-11 04:28:45,115800.0,100.0,242200.0
303,2021-10-11 04:28:13,115800.0,100.0,242100.0
304,2021-10-11 04:22:27,115900.0,200.0,242000.0
305,2021-10-11 04:19:31,115900.0,1000.0,241800.0
306,2021-10-11 04:12:55,115900.0,200.0,240800.0
307,2021-10-11 04:12:55,115900.0,800.0,240600.0
308,2021-10-11 04:12:04,115900.0,100.0,239800.0
309,2021-10-11 04:11:03,115900.0,200.0,239700.0
310,2021-10-11 04:08:08,115900.0,200.0,239500.0
311,2021-10-11 04:08:08,115900.0,300.0,239300.0
312,2021-10-11 04:08:08,115900.0,100.0,239000.0
313,2021-10-11 04:08:08,115900.0,400.0,238900.0
314,2021-10-11 04:07:25,115900.0,600.0,238500.0
315,2021-10-11 04:07:25,115900.0,400.0,237900.0
316,2021-10-11 04:07:22,115900.0,100.0,237500.0
317,2021-10-11 04:07:19,115900.0,100.0,237400.0
318,2021-10-11 04:06:29,115900.0,200.0,237300.0
319,2021-10-11 04:06:18,115900.0,100.0,237100.0
320,2021-10-11 04:06:16,115900.0,100.0,237000.0
321,2021-10-11 04:06:11,115900.0,200.0,236900.0
322,2021-10-11 04:04:04,115900.0,400.0,236700.0
323,2021-10-11 04:03:07,115900.0,600.0,236300.0
324,2021-10-11 04:02:33,115900.0,500.0,235700.0
325,2021-10-11 04:02:14,115900.0,300.0,235200.0
326,2021-10-11 04:02:14,115900.0,200.0,234900.0
327,2021-10-11 04:00:39,115500.0,100.0,234700.0
328,2021-10-11 04:00:33,115500.0,800.0,234600.0
329,2021-10-11 04:00:33,115500.0,500.0,233800.0
330,2021-10-11 04:00:33,115500.0,700.0,233300.0
331,2021-10-11 04:00:13,115300.0,100.0,232600.0
332,2021-10-11 04:00:13,115300.0,100.0,232500.0
333,2021-10-11 04:00:13,115300.0,100.0,232400.0
334,2021-10-11 04:00:13,115300.0,200.0,232300.0
335,2021-10-11 04:00:10,115300.0,100.0,232100.0
336,2021-10-11 04:00:10,115300.0,300.0,232000.0
337,2021-10-11 04:00:01,115300.0,100.0,231700.0
338,2021-10-11 04:00:01,115300.0,100.0,231600.0
339,2021-10-11 04:00:01,115300.0,300.0,231500.0
340,2021-10-11 03:59:51,115300.0,200.0,231200.0
341,2021-10-11 03:59:46,115300.0,200.0,231000.0
342,2021-10-11 03:59:43,115300.0,200.0,230800.0
343,2021-10-11 03:58:26,115100.0,1900.0,230600.0
344,2021-10-11 03:58:26,115200.0,200.0,228700.0
345,2021-10-11 03:58:26,115200.0,100.0,228500.0
346,2021-10-11 03:58:26,115200.0,200.0,228400.0
347,2021-10-11 03:58:26,115200.0,100.0,228200.0
348,2021-10-11 03:58:26,115200.0,500.0,228100.0
349,2021-10-11 03:58:26,115300.0,200.0,227600.0
350,2021-10-11 03:58:16,115300.0,500.0,227400.0
351,2021-10-11 03:58:12,115300.0,200.0,226900.0
352,2021-10-11 03:58:08,115300.0,900.0,226700.0
353,2021-10-11 03:58:08,115300.0,600.0,225800.0
354,2021-10-11 03:58:08,115300.0,500.0,225200.0
355,2021-10-11 03:57:56,115300.0,100.0,224700.0
356,2021-10-11 03:57:37,115200.0,700.0,224600.0
357,2021-10-11 03:57:35,115200.0,100.0,223900.0
358,2021-10-11 03:57:35,115200.0,100.0,223800.0
359,2021-10-11 03:57:25,115200.0,200.0,223700.0
360,2021-10-11 03:57:12,115100.0,100.0,223500.0
361,2021-10-11 03:57:05,115200.0,100.0,223400.0
362,2021-10-11 03:56:52,115200.0,100.0,223300.0
363,2021-10-11 03:56:40,115100.0,900.0,223200.0
364,2021-10-11 03:56:40,115100.0,100.0,222300.0
365,2021-10-11 03:56:14,115100.0,100.0,222200.0
366,2021-10-11 03:56:12,115100.0,200.0,222100.0
367,2021-10-11 03:56:04,115100.0,100.0,221900.0
368,2021-10-11 03:55:46,115100.0,100.0,221800.0
369,2021-10-11 03:55:36,115100.0,200.0,221700.0
370,2021-10-11 03:55:22,115100.0,100.0,221500.0
371,2021-10-11 03:55:04,115000.0,400.0,221400.0
372,2021-10-11 03:55:04,115000.0,100.0,221000.0
373,2021-10-11 03:55:04,115000.0,300.0,220900.0
374,2021-10-11 03:55:04,115000.0,300.0,220600.0
375,2021-10-11 03:55:04,115000.0,100.0,220300.0
376,2021-10-11 03:55:04,115000.0,100.0,220200.0
377,2021-10-11 03:54:57,115000.0,100.0,220100.0
378,2021-10-11 03:54:57,115000.0,200.0,220000.0
379,2021-10-11 03:54:57,115000.0,100.0,219800.0
380,2021-10-11 03:54:57,115000.0,100.0,219700.0
381,2021-10-11 03:54:57,115000.0,100.0,219600.0
382,2021-10-11 03:54:57,115000.0,100.0,219500.0
383,2021-10-11 03:54:57,115000.0,200.0,219400.0
384,2021-10-11 03:54:57,115000.0,100.0,219200.0
385,2021-10-11 03:54:57,115000.0,200.0,219100.0
386,2021-10-11 03:54:57,115000.0,100.0,218900.0
387,2021-10-11 03:54:57,115000.0,300.0,218800.0
388,2021-10-11 03:54:57,115000.0,400.0,218500.0
389,2021-10-11 03:54:45,115000.0,200.0,218100.0
390,2021-10-11 03:54:26,115000.0,400.0,217900.0
391,2021-10-11 03:54:26,115000.0,200.0,217500.0
392,2021-10-11 03:54:26,115000.0,100.0,217300.0
393,2021-10-11 03:54:26,115000.0,500.0,217200.0
394,2021-10-11 03:54:26,115000.0,2200.0,216700.0
395,2021-10-11 03:53:37,115300.0,700.0,214500.0
396,2021-10-11 03:53:37,115200.0,300.0,213800.0
397,2021-10-11 03:52:14,115300.0,200.0,213500.0
398,2021-10-11 03:52:13,115000.0,2800.0,213300.0
399,2021-10-11 03:52:13,115000.0,300.0,210500.0
400,2021-10-11 03:52:13,115000.0,200.0,210200.0
401,2021-10-11 03:52:13,115000.0,100.0,210000.0
402,2021-10-11 03:52:13,115000.0,500.0,209900.0
403,2021-10-11 03:52:13,115000.0,200.0,209400.0
404,2021-10-11 03:52:13,115000.0,100.0,209200.0
405,2021-10-11 03:52:13,115000.0,1000.0,209100.0
406,2021-10-11 03:52:13,115000.0,300.0,208100.0
407,2021-10-11 03:52:13,115000.0,400.0,207800.0
408,2021-10-11 03:52:13,115000.0,100.0,207400.0
409,2021-10-11 03:52:13,115000.0,100.0,207300.0
410,2021-10-11 03:52:13,115000.0,600.0,207200.0
411,2021-10-11 03:52:13,115000.0,100.0,206600.0
412,2021-10-11 03:52:13,115000.0,100.0,206500.0
413,2021-10-11 03:52:13,115100.0,600.0,206400.0
414,2021-10-11 03:52:13,115100.0,100.0,205800.0
415,2021-10-11 03:52:13,115100.0,100.0,205700.0
416,2021-10-11 03:52:13,115100.0,1000.0,205600.0
417,2021-10-11 03:52:13,115100.0,100.0,204600.0
418,2021-10-11 03:52:13,115100.0,100.0,204500.0
419,2021-10-11 03:52:13,115200.0,100.0,204400.0
420,2021-10-11 03:52:13,115200.0,100.0,204300.0
421,2021-10-11 03:52:13,115200.0,100.0,204200.0
422,2021-10-11 03:52:13,115200.0,100.0,204100.0
423,2021-10-11 03:52:13,115200.0,500.0,204000.0
424,2021-10-11 03:52:13,115200.0,100.0,203500.0
425,2021-10-11 03:52:13,115200.0,100.0,203400.0
426,2021-10-11 03:52:09,115200.0,200.0,203300.0
427,2021-10-11 03:52:01,115200.0,100.0,203100.0
428,2021-10-11 03:51:50,115200.0,100.0,203000.0
429,2021-10-11 03:51:31,115300.0,1000.0,202900.0
430,2021-10-11 03:51:31,115300.0,100.0,201900.0
431,2021-10-11 03:51:31,115300.0,100.0,201800.0
432,2021-10-11 03:51:31,115300.0,400.0,201700.0
433,2021-10-11 03:51:09,115400.0,400.0,201300.0
434,2021-10-11 03:51:09,115400.0,200.0,200900.0
435,2021-10-11 03:51:09,115400.0,100.0,200700.0
436,2021-10-11 03:51:09,115400.0,100.0,200600.0
437,2021-10-11 03:51:09,115400.0,800.0,200500.0
438,2021-10-11 03:50:54,115500.0,100.0,199700.0
439,2021-10-11 03:50:52,115500.0,100.0,199600.0
440,2021-10-11 03:50:11,115500.0,600.0,199500.0
441,2021-10-11 03:49:39,115400.0,500.0,198900.0
442,2021-10-11 03:49:19,115400.0,200.0,198400.0
443,2021-10-11 03:48:59,115500.0,300.0,198200.0
444,2021-10-11 03:48:59,115500.0,100.0,197900.0
445,2021-10-11 03:48:59,115500.0,200.0,197800.0
446,2021-10-11 03:48:53,115500.0,100.0,197600.0
447,2021-10-11 03:48:08,115500.0,100.0,197500.0
448,2021-10-11 03:47:52,115500.0,100.0,197400.0
449,2021-10-11 03:47:24,115500.0,400.0,197300.0
450,2021-10-11 03:47:24,115500.0,100.0,196900.0
451,2021-10-11 03:47:20,115500.0,100.0,196800.0
452,2021-10-11 03:46:49,115500.0,500.0,196700.0
453,2021-10-11 03:46:49,115500.0,100.0,196200.0
454,2021-10-11 03:46:32,115500.0,100.0,196100.0
455,2021-10-11 03:46:30,115500.0,200.0,196000.0
456,2021-10-11 03:46:30,115500.0,100.0,195800.0
457,2021-10-11 03:45:52,115500.0,200.0,195700.0
458,2021-10-11 03:45:52,115500.0,500.0,195500.0
459,2021-10-11 03:45:52,115500.0,100.0,195000.0
460,2021-10-11 03:45:52,115500.0,100.0,194900.0
461,2021-10-11 03:45:52,115500.0,100.0,194800.0
462,2021-10-11 03:45:19,115500.0,100.0,194700.0
463,2021-10-11 03:45:19,115500.0,2000.0,194600.0
464,2021-10-11 03:45:19,115500.0,100.0,192600.0
465,2021-10-11 03:45:19,115500.0,800.0,192500.0
466,2021-10-11 03:44:51,115600.0,100.0,191700.0
467,2021-10-11 03:44:22,115600.0,600.0,191600.0
468,2021-10-11 03:44:20,115600.0,100.0,191000.0
469,2021-10-11 03:44:20,115500.0,100.0,190900.0
470,2021-10-11 03:44:18,115600.0,200.0,190800.0
471,2021-10-11 03:44:08,115500.0,100.0,190600.0
472,2021-10-11 03:44:08,115500.0,100.0,190500.0
473,2021-10-11 03:43:52,115600.0,100.0,190400.0
474,2021-10-11 03:42:51,115500.0,500.0,190300.0
475,2021-10-11 03:42:51,115500.0,300.0,189800.0
476,2021-10-11 03:42:50,115500.0,100.0,189500.0
477,2021-10-11 03:42:50,115500.0,100.0,189400.0
478,2021-10-11 03:42:40,115500.0,200.0,189300.0
479,2021-10-11 03:42:08,115500.0,500.0,189100.0
480,2021-10-11 03:42:04,115500.0,400.0,188600.0
481,2021-10-11 03:42:04,115500.0,600.0,188200.0
482,2021-10-11 03:40:59,115500.0,100.0,187600.0
483,2021-10-11 03:40:27,115500.0,200.0,187500.0
484,2021-10-11 03:40:21,115500.0,100.0,187300.0
485,2021-10-11 03:40:21,115500.0,400.0,187200.0
486,2021-10-11 03:40:13,115500.0,100.0,186800.0
487,2021-10-11 03:40:13,115400.0,200.0,186700.0
488,2021-10-11 03:39:28,115500.0,800.0,186500.0
489,2021-10-11 03:39:28,115400.0,200.0,185700.0
490,2021-10-11 03:39:28,115200.0,200.0,185500.0
491,2021-10-11 03:39:27,115400.0,200.0,185300.0
492,2021-10-11 03:39:27,115400.0,100.0,185100.0
493,2021-10-11 03:38:44,115500.0,200.0,185000.0
494,2021-10-11 03:38:40,115500.0,100.0,184800.0
495,2021-10-11 03:38:38,115500.0,300.0,184700.0
496,2021-10-11 03:38:38,115500.0,100.0,184400.0
497,2021-10-11 03:38:26,115600.0,100.0,184300.0
498,2021-10-11 03:38:21,115500.0,100.0,184200.0
499,2021-10-11 03:37:44,115500.0,100.0,184100.0
500,2021-10-11 03:37:39,115500.0,100.0,184000.0
501,2021-10-11 03:37:35,115500.0,100.0,183900.0
502,2021-10-11 03:37:31,115500.0,100.0,183800.0
503,2021-10-11 03:37:31,115500.0,200.0,183700.0
504,2021-10-11 03:37:23,115500.0,1000.0,183500.0
505,2021-10-11 03:37:20,115500.0,300.0,182500.0
506,2021-10-11 03:37:19,115500.0,700.0,182200.0
507,2021-10-11 03:37:19,115500.0,100.0,181500.0
508,2021-10-11 03:37:19,115500.0,100.0,181400.0
509,2021-10-11 03:37:19,115500.0,100.0,181300.0
510,2021-10-11 03:37:05,115600.0,200.0,181200.0
511,2021-10-11 03:37:05,115600.0,100.0,181000.0
512,2021-10-11 03:36:54,115600.0,200.0,180900.0
513,2021-10-11 03:36:51,115600.0,200.0,180700.0
514,2021-10-11 03:36:51,115600.0,100.0,180500.0
515,2021-10-11 03:36:51,115600.0,1000.0,180400.0
516,2021-10-11 03:36:51,115600.0,200.0,179400.0
517,2021-10-11 03:36:08,115700.0,100.0,179200.0
518,2021-10-11 03:36:03,115700.0,100.0,179100.0
519,2021-10-11 03:36:03,115700.0,100.0,179000.0
520,2021-10-11 03:36:03,115700.0,100.0,178900.0
521,2021-10-11 03:36:03,115700.0,100.0,178800.0
522,2021-10-11 03:36:03,115700.0,100.0,178700.0
523,2021-10-11 03:36:03,115700.0,100.0,178600.0
524,2021-10-11 03:36:03,115700.0,100.0,178500.0
525,2021-10-11 03:36:03,115700.0,2000.0,178400.0
526,2021-10-11 03:36:03,115700.0,4100.0,176400.0
527,2021-10-11 03:35:58,115700.0,900.0,172300.0
528,2021-10-11 03:35:58,115700.0,100.0,171400.0
529,2021-10-11 03:35:45,115800.0,100.0,171300.0
530,2021-10-11 03:35:09,115800.0,100.0,171200.0
531,2021-10-11 03:35:09,115800.0,400.0,171100.0
532,2021-10-11 03:35:09,115800.0,500.0,170700.0
533,2021-10-11 03:34:24,115800.0,300.0,170200.0
534,2021-10-11 03:34:24,115800.0,200.0,169900.0
535,2021-10-11 03:33:56,116000.0,500.0,169700.0
536,2021-10-11 03:32:50,116000.0,200.0,169200.0
537,2021-10-11 03:32:32,115700.0,1000.0,169000.0
538,2021-10-11 03:32:26,115800.0,500.0,168000.0
539,2021-10-11 03:32:16,115800.0,500.0,167500.0
540,2021-10-11 03:32:13,115800.0,100.0,167000.0
541,2021-10-11 03:32:07,115800.0,100.0,166900.0
542,2021-10-11 03:32:05,116000.0,600.0,166800.0
543,2021-10-11 03:32:05,116000.0,400.0,166200.0
544,2021-10-11 03:32:05,115800.0,200.0,165800.0
545,2021-10-11 03:31:16,115800.0,100.0,165600.0
546,2021-10-11 03:31:15,115800.0,100.0,165500.0
547,2021-10-11 03:31:03,115800.0,200.0,165400.0
548,2021-10-11 03:30:54,115800.0,100.0,165200.0
549,2021-10-11 03:30:52,115800.0,100.0,165100.0
550,2021-10-11 03:30:37,115800.0,200.0,165000.0
551,2021-10-11 03:30:37,115800.0,300.0,164800.0
552,2021-10-11 03:30:34,115700.0,100.0,164500.0
553,2021-10-11 03:30:27,115800.0,200.0,164400.0
554,2021-10-11 03:30:21,115800.0,100.0,164200.0
555,2021-10-11 03:30:04,115800.0,200.0,164100.0
556,2021-10-11 03:29:15,115800.0,400.0,163900.0
557,2021-10-11 03:28:55,115700.0,800.0,163500.0
558,2021-10-11 03:28:55,115700.0,100.0,162700.0
559,2021-10-11 03:28:55,115700.0,100.0,162600.0
560,2021-10-11 03:28:47,115800.0,200.0,162500.0
561,2021-10-11 03:28:47,115800.0,100.0,162300.0
562,2021-10-11 03:28:08,115900.0,100.0,162200.0
563,2021-10-11 03:28:02,115900.0,100.0,162100.0
564,2021-10-11 03:27:58,115900.0,200.0,162000.0
565,2021-10-11 03:27:51,115900.0,100.0,161800.0
566,2021-10-11 03:27:51,115900.0,200.0,161700.0
567,2021-10-11 03:27:51,115900.0,200.0,161500.0
568,2021-10-11 03:27:51,115900.0,100.0,161300.0
569,2021-10-11 03:27:51,115900.0,100.0,161200.0
570,2021-10-11 03:27:51,115900.0,500.0,161100.0
571,2021-10-11 03:27:51,115900.0,100.0,160600.0
572,2021-10-11 03:27:51,115900.0,100.0,160500.0
573,2021-10-11 03:27:51,115900.0,200.0,160400.0
574,2021-10-11 03:27:51,115900.0,100.0,160200.0
575,2021-10-11 03:27:51,115900.0,100.0,160100.0
576,2021-10-11 03:27:51,115900.0,100.0,160000.0
577,2021-10-11 03:27:51,115900.0,100.0,159900.0
578,2021-10-11 03:27:51,115900.0,100.0,159800.0
579,2021-10-11 03:27:51,115900.0,500.0,159700.0
580,2021-10-11 03:27:51,115900.0,100.0,159200.0
581,2021-10-11 03:27:46,115900.0,100.0,159100.0
582,2021-10-11 03:27:38,115900.0,400.0,159000.0
583,2021-10-11 03:27:38,115900.0,100.0,158600.0
584,2021-10-11 03:27:31,115900.0,100.0,158500.0
585,2021-10-11 03:27:31,115900.0,200.0,158400.0
586,2021-10-11 03:27:24,115900.0,300.0,158200.0
587,2021-10-11 03:27:09,116000.0,100.0,157900.0
588,2021-10-11 03:27:08,116000.0,500.0,157800.0
589,2021-10-11 03:26:51,116000.0,500.0,157300.0
590,2021-10-11 03:26:51,116000.0,100.0,156800.0
591,2021-10-11 03:26:51,116000.0,100.0,156700.0
592,2021-10-11 03:26:51,116000.0,100.0,156600.0
593,2021-10-11 03:26:51,116000.0,500.0,156500.0
594,2021-10-11 03:26:51,116000.0,100.0,156000.0
595,2021-10-11 03:26:51,116000.0,1000.0,155900.0
596,2021-10-11 03:26:51,116000.0,100.0,154900.0
597,2021-10-11 03:26:51,116000.0,100.0,154800.0
598,2021-10-11 03:26:51,116000.0,200.0,154700.0
599,2021-10-11 03:26:51,116000.0,300.0,154500.0
600,2021-10-11 03:26:51,116000.0,100.0,154200.0
601,2021-10-11 03:26:51,116000.0,300.0,154100.0
602,2021-10-11 03:26:51,116000.0,300.0,153800.0
603,2021-10-11 03:26:51,116000.0,100.0,153500.0
604,2021-10-11 03:26:51,116000.0,700.0,153400.0
605,2021-10-11 03:26:17,116000.0,100.0,152700.0
606,2021-10-11 03:26:17,116000.0,100.0,152600.0
607,2021-10-11 03:26:17,116000.0,1000.0,152500.0
608,2021-10-11 03:26:17,116000.0,500.0,151500.0
609,2021-10-11 03:26:17,116000.0,300.0,151000.0
610,2021-10-11 03:25:54,116000.0,200.0,150700.0
611,2021-10-11 03:25:10,116000.0,800.0,150500.0
612,2021-10-11 03:25:10,116000.0,100.0,149700.0
613,2021-10-11 03:25:10,116000.0,100.0,149600.0
614,2021-10-11 03:24:54,116100.0,300.0,149500.0
615,2021-10-11 03:24:54,116100.0,100.0,149200.0
616,2021-10-11 03:24:54,116100.0,200.0,149100.0
617,2021-10-11 03:24:54,116100.0,500.0,148900.0
618,2021-10-11 03:24:54,116100.0,700.0,148400.0
619,2021-10-11 03:24:17,116100.0,300.0,147700.0
620,2021-10-11 03:24:17,116100.0,100.0,147400.0
621,2021-10-11 03:24:17,116100.0,500.0,147300.0
622,2021-10-11 03:24:17,116100.0,100.0,146800.0
623,2021-10-11 03:23:31,116100.0,100.0,146700.0
624,2021-10-11 03:22:41,116100.0,700.0,146600.0
625,2021-10-11 03:22:41,116100.0,300.0,145900.0
626,2021-10-11 03:22:21,116100.0,2700.0,145600.0
627,2021-10-11 03:22:21,116100.0,300.0,142900.0
628,2021-10-11 03:22:21,116100.0,100.0,142600.0
629,2021-10-11 03:22:21,116100.0,300.0,142500.0
630,2021-10-11 03:22:21,116100.0,5000.0,142200.0
631,2021-10-11 03:22:21,116100.0,200.0,137200.0
632,2021-10-11 03:22:21,116100.0,200.0,137000.0
633,2021-10-11 03:22:21,116100.0,1200.0,136800.0
634,2021-10-11 03:22:01,116200.0,200.0,135600.0
635,2021-10-11 03:21:46,116200.0,200.0,135400.0
636,2021-10-11 03:21:26,116200.0,200.0,135200.0
637,2021-10-11 03:21:24,116100.0,300.0,135000.0
638,2021-10-11 03:20:48,116200.0,200.0,134700.0
639,2021-10-11 03:20:18,116100.0,200.0,134500.0
640,2021-10-11 03:20:18,116100.0,100.0,134300.0
641,2021-10-11 03:20:18,116100.0,200.0,134200.0
642,2021-10-11 03:19:57,116200.0,2000.0,134000.0
643,2021-10-11 03:18:38,116200.0,200.0,132000.0
644,2021-10-11 03:18:18,116100.0,400.0,131800.0
645,2021-10-11 03:18:18,116100.0,100.0,131400.0
646,2021-10-11 03:17:49,116100.0,100.0,131300.0
647,2021-10-11 03:17:49,116100.0,100.0,131200.0
648,2021-10-11 03:17:49,116100.0,3000.0,131100.0
649,2021-10-11 03:17:49,116100.0,100.0,128100.0
650,2021-10-11 03:17:49,116100.0,1300.0,128000.0
651,2021-10-11 03:17:38,116100.0,500.0,126700.0
652,2021-10-11 03:17:37,116200.0,100.0,126200.0
653,2021-10-11 03:16:06,116100.0,100.0,126100.0
654,2021-10-11 03:14:18,116100.0,100.0,126000.0
655,2021-10-11 03:13:39,116200.0,2000.0,125900.0
656,2021-10-11 03:13:39,116200.0,200.0,123900.0
657,2021-10-11 03:13:16,116200.0,2000.0,123700.0
658,2021-10-11 03:13:16,116200.0,200.0,121700.0
659,2021-10-11 03:12:53,116300.0,200.0,121500.0
660,2021-10-11 03:12:53,116300.0,100.0,121300.0
661,2021-10-11 03:12:16,116300.0,400.0,121200.0
662,2021-10-11 03:12:07,116200.0,100.0,120800.0
663,2021-10-11 03:12:06,116300.0,300.0,120700.0
664,2021-10-11 03:12:06,116300.0,200.0,120400.0
665,2021-10-11 03:12:01,116300.0,200.0,120200.0
666,2021-10-11 03:11:34,116300.0,400.0,120000.0
667,2021-10-11 03:10:02,116300.0,100.0,119600.0
668,2021-10-11 03:10:02,116300.0,100.0,119500.0
669,2021-10-11 03:09:54,116300.0,300.0,119400.0
670,2021-10-11 03:09:34,116300.0,100.0,119100.0
671,2021-10-11 03:09:08,116300.0,200.0,119000.0
672,2021-10-11 03:09:08,116300.0,300.0,118800.0
673,2021-10-11 03:08:54,116300.0,100.0,118500.0
674,2021-10-11 03:07:37,116300.0,200.0,118400.0
675,2021-10-11 03:06:51,116400.0,100.0,118200.0
676,2021-10-11 03:06:30,116400.0,300.0,118100.0
677,2021-10-11 03:05:29,116400.0,200.0,117800.0
678,2021-10-11 03:04:01,116300.0,700.0,117600.0
679,2021-10-11 03:03:08,116300.0,200.0,116900.0
680,2021-10-11 03:03:08,116300.0,100.0,116700.0
681,2021-10-11 03:02:42,116300.0,500.0,116600.0
682,2021-10-11 03:01:54,116300.0,400.0,116100.0
683,2021-10-11 03:01:54,116300.0,100.0,115700.0
684,2021-10-11 03:01:43,116300.0,200.0,115600.0
685,2021-10-11 03:01:43,116300.0,800.0,115400.0
686,2021-10-11 03:00:30,116300.0,1300.0,114600.0
687,2021-10-11 03:00:14,116300.0,100.0,113300.0
688,2021-10-11 02:56:27,116400.0,100.0,113200.0
689,2021-10-11 02:56:27,116300.0,200.0,113100.0
690,2021-10-11 02:56:19,116300.0,300.0,112900.0
691,2021-10-11 02:55:35,116300.0,200.0,112600.0
692,2021-10-11 02:55:35,116300.0,500.0,112400.0
693,2021-10-11 02:55:21,116300.0,300.0,111900.0
694,2021-10-11 02:55:07,116300.0,100.0,111600.0
695,2021-10-11 02:54:34,116200.0,100.0,111500.0
696,2021-10-11 02:54:34,116200.0,1000.0,111400.0
697,2021-10-11 02:54:34,116200.0,400.0,110400.0
698,2021-10-11 02:54:12,116300.0,100.0,110000.0
699,2021-10-11 02:53:32,116400.0,1100.0,109900.0
700,2021-10-11 02:53:32,116400.0,100.0,108800.0
701,2021-10-11 02:51:47,116400.0,500.0,108700.0
702,2021-10-11 02:51:12,116400.0,100.0,108200.0
703,2021-10-11 02:50:12,116200.0,300.0,108100.0
704,2021-10-11 02:50:12,116200.0,200.0,107800.0
705,2021-10-11 02:49:31,116200.0,200.0,107600.0
706,2021-10-11 02:48:59,116300.0,100.0,107400.0
707,2021-10-11 02:48:01,116400.0,200.0,107300.0
708,2021-10-11 02:48:01,116400.0,300.0,107100.0
709,2021-10-11 02:47:40,116400.0,200.0,106800.0
710,2021-10-11 02:47:27,116400.0,100.0,106600.0
711,2021-10-11 02:47:27,116400.0,200.0,106500.0
712,2021-10-11 02:44:20,116400.0,100.0,106300.0
713,2021-10-11 02:43:34,116400.0,200.0,106200.0
714,2021-10-11 02:41:45,116400.0,100.0,106000.0
715,2021-10-11 02:41:44,116300.0,400.0,105900.0
716,2021-10-11 02:41:44,116300.0,200.0,105500.0
717,2021-10-11 02:41:33,116400.0,200.0,105300.0
718,2021-10-11 02:41:33,116400.0,200.0,105100.0
719,2021-10-11 02:41:13,116400.0,600.0,104900.0
720,2021-10-11 02:41:01,116500.0,500.0,104300.0
721,2021-10-11 02:40:30,116500.0,100.0,103800.0
722,2021-10-11 02:39:10,116500.0,2000.0,103700.0
723,2021-10-11 02:38:52,116500.0,500.0,101700.0
724,2021-10-11 02:38:52,116500.0,500.0,101200.0
725,2021-10-11 02:38:49,117000.0,100.0,100700.0
726,2021-10-11 02:38:04,117000.0,300.0,100600.0
727,2021-10-11 02:37:34,116400.0,1000.0,100300.0
728,2021-10-11 02:37:34,116400.0,200.0,99300.0
729,2021-10-11 02:37:34,116400.0,1000.0,99100.0
730,2021-10-11 02:37:34,116400.0,800.0,98100.0
731,2021-10-11 02:36:40,116500.0,300.0,97300.0
732,2021-10-11 02:36:17,116400.0,1000.0,97000.0
733,2021-10-11 02:35:13,116400.0,3200.0,96000.0
734,2021-10-11 02:35:13,116400.0,100.0,92800.0
735,2021-10-11 02:35:13,116400.0,900.0,92700.0
736,2021-10-11 02:35:13,116500.0,100.0,91800.0
737,2021-10-11 02:33:22,116400.0,100.0,91700.0
738,2021-10-11 02:32:57,116400.0,1000.0,91600.0
739,2021-10-11 02:32:37,116300.0,1100.0,90600.0
740,2021-10-11 02:32:36,116100.0,3000.0,89500.0
741,2021-10-11 02:32:29,116300.0,200.0,86500.0
742,2021-10-11 02:32:11,116300.0,100.0,86300.0
743,2021-10-11 02:32:10,116300.0,100.0,86200.0
744,2021-10-11 02:32:06,116300.0,500.0,86100.0
745,2021-10-11 02:31:59,116300.0,500.0,85600.0
746,2021-10-11 02:31:49,116300.0,100.0,85100.0
747,2021-10-11 02:31:21,116300.0,200.0,85000.0
748,2021-10-11 02:31:13,116100.0,100.0,84800.0
749,2021-10-11 02:31:08,116100.0,300.0,84700.0
750,2021-10-11 02:31:08,116100.0,200.0,84400.0
751,2021-10-11 02:31:08,116100.0,1500.0,84200.0
752,2021-10-11 02:30:56,116000.0,100.0,82700.0
753,2021-10-11 02:30:54,116100.0,200.0,82600.0
754,2021-10-11 02:30:37,116100.0,100.0,82400.0
755,2021-10-11 02:30:18,116000.0,200.0,82300.0
756,2021-10-11 02:30:18,116000.0,500.0,82100.0
757,2021-10-11 02:30:18,116000.0,200.0,81600.0
758,2021-10-11 02:30:18,116000.0,2000.0,81400.0
759,2021-10-11 02:30:18,116000.0,100.0,79400.0
760,2021-10-11 02:30:18,116000.0,100.0,79300.0
761,2021-10-11 02:30:18,116000.0,500.0,79200.0
762,2021-10-11 02:30:18,116000.0,100.0,78700.0
763,2021-10-11 02:30:18,116000.0,300.0,78600.0
764,2021-10-11 02:30:15,116100.0,200.0,78300.0
765,2021-10-11 02:30:15,116100.0,100.0,78100.0
766,2021-10-11 02:30:15,116100.0,500.0,78000.0
767,2021-10-11 02:30:15,116100.0,400.0,77500.0
768,2021-10-11 02:29:46,116100.0,300.0,77100.0
769,2021-10-11 02:29:28,116100.0,1300.0,76800.0
770,2021-10-11 02:29:21,116000.0,200.0,75500.0
771,2021-10-11 02:29:21,116000.0,100.0,75300.0
772,2021-10-11 02:29:21,116000.0,700.0,75200.0
773,2021-10-11 02:29:18,116100.0,200.0,74500.0
774,2021-10-11 02:29:18,116100.0,1500.0,74300.0
775,2021-10-11 02:28:51,116000.0,300.0,72800.0
776,2021-10-11 02:28:51,116000.0,1300.0,72500.0
777,2021-10-11 02:28:49,116300.0,200.0,71200.0
778,2021-10-11 02:28:49,116000.0,200.0,71000.0
779,2021-10-11 02:28:19,116000.0,1200.0,70800.0
780,2021-10-11 02:28:19,116000.0,200.0,69600.0
781,2021-10-11 02:28:19,116300.0,100.0,69400.0
782,2021-10-11 02:27:52,116300.0,1000.0,69300.0
783,2021-10-11 02:27:52,116300.0,500.0,68300.0
784,2021-10-11 02:27:39,116500.0,1400.0,67800.0
785,2021-10-11 02:27:26,116500.0,300.0,66400.0
786,2021-10-11 02:27:26,116500.0,300.0,66100.0
787,2021-10-11 02:27:24,116400.0,100.0,65800.0
788,2021-10-11 02:27:24,116400.0,3000.0,65700.0
789,2021-10-11 02:27:24,116400.0,6000.0,62700.0
790,2021-10-11 02:27:17,116500.0,200.0,56700.0
791,2021-10-11 02:27:17,116500.0,800.0,56500.0
792,2021-10-11 02:27:14,116500.0,200.0,55700.0
793,2021-10-11 02:26:53,116500.0,200.0,55500.0
794,2021-10-11 02:26:53,116500.0,1000.0,55300.0
795,2021-10-11 02:26:53,116500.0,1500.0,54300.0
796,2021-10-11 02:26:53,116600.0,300.0,52800.0
797,2021-10-11 02:26:52,117000.0,100.0,52500.0
798,2021-10-11 02:26:43,117000.0,100.0,52400.0
799,2021-10-11 02:26:43,117000.0,200.0,52300.0
800,2021-10-11 02:26:13,116500.0,500.0,52100.0
801,2021-10-11 02:26:13,116500.0,1000.0,51600.0
802,2021-10-11 02:26:13,116500.0,1000.0,50600.0
803,2021-10-11 02:26:13,116500.0,100.0,49600.0
804,2021-10-11 02:26:13,116500.0,400.0,49500.0
805,2021-10-11 02:25:47,116500.0,100.0,49100.0
806,2021-10-11 02:25:12,116500.0,1500.0,49000.0
807,2021-10-11 02:25:12,116500.0,300.0,47500.0
808,2021-10-11 02:25:12,116500.0,200.0,47200.0
809,2021-10-11 02:25:12,116500.0,500.0,47000.0
810,2021-10-11 02:25:12,116500.0,500.0,46500.0
811,2021-10-11 02:24:12,117000.0,100.0,46000.0
812,2021-10-11 02:24:12,117000.0,100.0,45900.0
813,2021-10-11 02:24:12,117000.0,200.0,45800.0
814,2021-10-11 02:23:52,117000.0,200.0,45600.0
815,2021-10-11 02:23:37,117500.0,100.0,45400.0
816,2021-10-11 02:23:25,117000.0,100.0,45300.0
817,2021-10-11 02:23:22,117000.0,500.0,45200.0
818,2021-10-11 02:23:22,117000.0,300.0,44700.0
819,2021-10-11 02:23:22,117000.0,100.0,44400.0
820,2021-10-11 02:23:22,117000.0,100.0,44300.0
821,2021-10-11 02:23:17,117000.0,900.0,44200.0
822,2021-10-11 02:23:17,117000.0,1000.0,43300.0
823,2021-10-11 02:23:17,117000.0,500.0,42300.0
824,2021-10-11 02:23:17,117000.0,600.0,41800.0
825,2021-10-11 02:23:17,117000.0,500.0,41200.0
826,2021-10-11 02:23:17,117000.0,1000.0,40700.0
827,2021-10-11 02:23:17,117100.0,500.0,39700.0
828,2021-10-11 02:23:16,117500.0,200.0,39200.0
829,2021-10-11 02:22:56,117500.0,300.0,39000.0
830,2021-10-11 02:22:56,117500.0,500.0,38700.0
831,2021-10-11 02:22:56,117500.0,500.0,38200.0
832,2021-10-11 02:22:56,117500.0,100.0,37700.0
833,2021-10-11 02:22:50,117500.0,100.0,37600.0
834,2021-10-11 02:22:50,117500.0,100.0,37500.0
835,2021-10-11 02:22:50,117900.0,100.0,37400.0
836,2021-10-11 02:22:42,117500.0,200.0,37300.0
837,2021-10-11 02:22:37,117500.0,300.0,37100.0
838,2021-10-11 02:22:37,117600.0,200.0,36800.0
839,2021-10-11 02:22:29,117500.0,500.0,36600.0
840,2021-10-11 02:22:25,117500.0,100.0,36100.0
841,2021-10-11 02:22:07,117500.0,100.0,36000.0
842,2021-10-11 02:21:54,117500.0,100.0,35900.0
843,2021-10-11 02:21:32,117900.0,200.0,35800.0
844,2021-10-11 02:21:32,117900.0,200.0,35600.0
845,2021-10-11 02:21:32,117900.0,100.0,35400.0
846,2021-10-11 02:21:10,117500.0,1800.0,35300.0
847,2021-10-11 02:21:10,117500.0,500.0,33500.0
848,2021-10-11 02:21:10,117500.0,700.0,33000.0
849,2021-10-11 02:20:58,117900.0,200.0,32300.0
850,2021-10-11 02:20:43,117500.0,300.0,32100.0
851,2021-10-11 02:20:23,117500.0,1000.0,31800.0
852,2021-10-11 02:20:23,117500.0,1000.0,30800.0
853,2021-10-11 02:20:23,117500.0,700.0,29800.0
854,2021-10-11 02:20:10,118000.0,100.0,29100.0
855,2021-10-11 02:20:10,118000.0,500.0,29000.0
856,2021-10-11 02:20:02,117500.0,100.0,28500.0
857,2021-10-11 02:20:02,117500.0,200.0,28400.0
858,2021-10-11 02:19:35,117500.0,200.0,28200.0
859,2021-10-11 02:19:35,117500.0,600.0,28000.0
860,2021-10-11 02:19:32,117500.0,400.0,27400.0
861,2021-10-11 02:19:16,117500.0,800.0,27000.0
862,2021-10-11 02:19:14,117500.0,1000.0,26200.0
863,2021-10-11 02:19:07,117500.0,100.0,25200.0
864,2021-10-11 02:19:05,117500.0,100.0,25100.0
865,2021-10-11 02:18:51,118000.0,100.0,25000.0
866,2021-10-11 02:18:30,117500.0,100.0,24900.0
867,2021-10-11 02:18:27,117000.0,100.0,24800.0
868,2021-10-11 02:17:49,117000.0,200.0,24700.0
869,2021-10-11 02:17:46,117000.0,100.0,24500.0
870,2021-10-11 02:17:39,117000.0,100.0,24400.0
871,2021-10-11 02:17:36,117000.0,500.0,24300.0
872,2021-10-11 02:17:33,117000.0,1100.0,23800.0
873,2021-10-11 02:17:17,117000.0,100.0,22700.0
874,2021-10-11 02:17:15,117000.0,300.0,22600.0
875,2021-10-11 02:17:03,117000.0,5000.0,22300.0
876,2021-10-11 02:17:03,117000.0,1400.0,17300.0
877,2021-10-11 02:17:03,117000.0,200.0,15900.0
878,2021-10-11 02:17:03,116900.0,3000.0,15700.0
879,2021-10-11 02:17:03,116900.0,400.0,12700.0
880,2021-10-11 02:16:38,116300.0,100.0,12300.0
881,2021-10-11 02:16:31,116300.0,500.0,12200.0
882,2021-10-11 02:16:27,116300.0,200.0,11700.0
883,2021-10-11 02:16:27,116300.0,200.0,11500.0
884,2021-10-11 02:16:08,116200.0,1000.0,11300.0
885,2021-10-11 02:16:05,116200.0,1500.0,10300.0
886,2021-10-11 02:16:05,116200.0,500.0,8800.0
887,2021-10-11 02:15:00,116000.0,100.0,8300.0
888,2021-10-11 02:15:00,116000.0,1000.0,8200.0
889,2021-10-11 02:15:00,116000.0,100.0,7200.0
890,2021-10-11 02:15:00,116000.0,600.0,7100.0
891,2021-10-11 02:15:00,116000.0,100.0,6500.0
892,2021-10-11 02:15:00,116000.0,900.0,6400.0
893,2021-10-11 02:15:00,116000.0,100.0,5500.0
894,2021-10-11 02:15:00,116000.0,100.0,5400.0
895,2021-10-11 02:15:00,116000.0,800.0,5300.0
896,2021-10-11 02:15:00,116000.0,1100.0,4500.0
897,2021-10-11 02:15:00,116000.0,100.0,3400.0
898,2021-10-11 02:15:00,116000.0,500.0,3300.0
899,2021-10-11 02:15:00,116000.0,300.0,2800.0
900,2021-10-11 02:15:00,116000.0,200.0,2500.0
901,2021-10-11 02:15:00,116000.0,200.0,2300.0
902,2021-10-11 02:15:00,116000.0,300.0,2100.0
903,2021-10-11 02:15:00,116000.0,100.0,1800.0
904,2021-10-11 02:15:00,116000.0,100.0,1700.0
905,2021-10-11 02:15:00,116000.0,200.0,1600.0
906,2021-10-11 02:15:00,116000.0,200.0,1400.0
907,2021-10-11 02:15:00,116000.0,400.0,1200.0
908,2021-10-11 02:15:00,116000.0,100.0,800.0
909,2021-10-11 02:15:00,116000.0,100.0,700.0
910,2021-10-11 02:15:00,116000.0,100.0,600.0
911,2021-10-11 02:15:00,116000.0,100.0,500.0
912,2021-10-11 02:15:00,116000.0,300.0,400.0
913,2021-10-11 02:15:00,116000.0,100.0,100.0
