,Time,Price,Volume_per_trade,Volume
0,2021-10-22 07:45:00,111600.0,300.0,508900.0
1,2021-10-22 07:45:00,111600.0,1000.0,508600.0
2,2021-10-22 07:45:00,111600.0,700.0,507600.0
3,2021-10-22 07:45:00,111600.0,300.0,506900.0
4,2021-10-22 07:45:00,111600.0,100.0,506600.0
5,2021-10-22 07:45:00,111600.0,100.0,506500.0
6,2021-10-22 07:45:00,111600.0,100.0,506400.0
7,2021-10-22 07:45:00,111600.0,100.0,506300.0
8,2021-10-22 07:45:00,111600.0,100.0,506200.0
9,2021-10-22 07:45:00,111600.0,500.0,506100.0
10,2021-10-22 07:45:00,111600.0,400.0,505600.0
11,2021-10-22 07:45:00,111600.0,100.0,505200.0
12,2021-10-22 07:45:00,111600.0,600.0,505100.0
13,2021-10-22 07:45:00,111600.0,1400.0,504500.0
14,2021-10-22 07:45:00,111600.0,100.0,503100.0
15,2021-10-22 07:45:00,111600.0,200.0,503000.0
16,2021-10-22 07:45:00,111600.0,300.0,502800.0
17,2021-10-22 07:45:00,111600.0,100.0,502500.0
18,2021-10-22 07:45:00,111600.0,400.0,502400.0
19,2021-10-22 07:45:00,111600.0,400.0,502000.0
20,2021-10-22 07:45:00,111600.0,200.0,501600.0
21,2021-10-22 07:45:00,111600.0,200.0,501400.0
22,2021-10-22 07:45:00,111600.0,100.0,501200.0
23,2021-10-22 07:45:00,111600.0,100.0,501100.0
24,2021-10-22 07:45:00,111600.0,600.0,501000.0
25,2021-10-22 07:45:00,111600.0,200.0,500400.0
26,2021-10-22 07:45:00,111600.0,200.0,500200.0
27,2021-10-22 07:45:00,111600.0,200.0,500000.0
28,2021-10-22 07:45:00,111600.0,100.0,499800.0
29,2021-10-22 07:45:00,111600.0,400.0,499700.0
30,2021-10-22 07:45:00,111600.0,100.0,499300.0
31,2021-10-22 07:29:59,111600.0,200.0,499200.0
32,2021-10-22 07:29:57,111700.0,100.0,499000.0
33,2021-10-22 07:29:25,111600.0,100.0,498900.0
34,2021-10-22 07:29:23,111600.0,1900.0,498800.0
35,2021-10-22 07:29:22,111600.0,500.0,496900.0
36,2021-10-22 07:28:58,111600.0,600.0,496400.0
37,2021-10-22 07:28:58,111600.0,100.0,495800.0
38,2021-10-22 07:28:58,111700.0,100.0,495700.0
39,2021-10-22 07:28:31,111800.0,100.0,495600.0
40,2021-10-22 07:28:31,111800.0,200.0,495500.0
41,2021-10-22 07:28:31,111800.0,700.0,495300.0
42,2021-10-22 07:28:24,111800.0,100.0,494600.0
43,2021-10-22 07:28:07,111800.0,200.0,494500.0
44,2021-10-22 07:28:07,111800.0,100.0,494300.0
45,2021-10-22 07:28:07,111800.0,100.0,494200.0
46,2021-10-22 07:28:05,111800.0,100.0,494100.0
47,2021-10-22 07:26:30,111800.0,100.0,494000.0
48,2021-10-22 07:26:30,111700.0,800.0,493900.0
49,2021-10-22 07:26:30,111600.0,100.0,493100.0
50,2021-10-22 07:26:05,111400.0,1000.0,493000.0
51,2021-10-22 07:25:47,111200.0,1000.0,492000.0
52,2021-10-22 07:25:47,111200.0,700.0,491000.0
53,2021-10-22 07:25:47,111200.0,2000.0,490300.0
54,2021-10-22 07:25:24,111100.0,100.0,488300.0
55,2021-10-22 07:24:55,111100.0,100.0,488200.0
56,2021-10-22 07:24:48,111200.0,900.0,488100.0
57,2021-10-22 07:24:17,111100.0,200.0,487200.0
58,2021-10-22 07:24:02,111100.0,100.0,487000.0
59,2021-10-22 07:21:25,111000.0,100.0,486900.0
60,2021-10-22 07:21:18,111000.0,300.0,486800.0
61,2021-10-22 07:21:11,111000.0,100.0,486500.0
62,2021-10-22 07:21:04,111000.0,1000.0,486400.0
63,2021-10-22 07:21:00,111000.0,100.0,485400.0
64,2021-10-22 07:20:55,111000.0,100.0,485300.0
65,2021-10-22 07:20:43,111000.0,100.0,485200.0
66,2021-10-22 07:20:30,110900.0,600.0,485100.0
67,2021-10-22 07:20:28,111000.0,200.0,484500.0
68,2021-10-22 07:20:28,111000.0,1000.0,484300.0
69,2021-10-22 07:20:28,111000.0,1000.0,483300.0
70,2021-10-22 07:20:28,111000.0,500.0,482300.0
71,2021-10-22 07:20:28,111000.0,300.0,481800.0
72,2021-10-22 07:20:26,111000.0,100.0,481500.0
73,2021-10-22 07:20:19,111000.0,100.0,481400.0
74,2021-10-22 07:20:08,111000.0,300.0,481300.0
75,2021-10-22 07:19:34,110900.0,100.0,481000.0
76,2021-10-22 07:19:26,110900.0,300.0,480900.0
77,2021-10-22 07:19:03,110900.0,1000.0,480600.0
78,2021-10-22 07:18:56,111000.0,200.0,479600.0
79,2021-10-22 07:18:52,110900.0,100.0,479400.0
80,2021-10-22 07:18:47,110900.0,200.0,479300.0
81,2021-10-22 07:18:47,110900.0,300.0,479100.0
82,2021-10-22 07:18:47,110900.0,100.0,478800.0
83,2021-10-22 07:18:47,110900.0,100.0,478700.0
84,2021-10-22 07:18:47,110900.0,100.0,478600.0
85,2021-10-22 07:18:47,110900.0,100.0,478500.0
86,2021-10-22 07:18:47,110900.0,300.0,478400.0
87,2021-10-22 07:18:47,110900.0,1800.0,478100.0
88,2021-10-22 07:18:43,111000.0,100.0,476300.0
89,2021-10-22 07:18:43,111000.0,100.0,476200.0
90,2021-10-22 07:18:09,111000.0,200.0,476100.0
91,2021-10-22 07:18:09,111000.0,100.0,475900.0
92,2021-10-22 07:18:09,111000.0,200.0,475800.0
93,2021-10-22 07:18:04,111000.0,100.0,475600.0
94,2021-10-22 07:18:04,111000.0,900.0,475500.0
95,2021-10-22 07:17:45,111000.0,500.0,474600.0
96,2021-10-22 07:17:45,111000.0,100.0,474100.0
97,2021-10-22 07:17:18,111000.0,300.0,474000.0
98,2021-10-22 07:17:18,111000.0,200.0,473700.0
99,2021-10-22 07:17:10,111000.0,100.0,473500.0
100,2021-10-22 07:16:47,110900.0,100.0,473400.0
101,2021-10-22 07:16:39,111000.0,100.0,473300.0
102,2021-10-22 07:16:27,111000.0,1000.0,473200.0
103,2021-10-22 07:16:11,110900.0,100.0,472200.0
104,2021-10-22 07:16:09,110900.0,100.0,472100.0
105,2021-10-22 07:16:04,110900.0,100.0,472000.0
106,2021-10-22 07:16:04,110900.0,200.0,471900.0
107,2021-10-22 07:16:04,110900.0,100.0,471700.0
108,2021-10-22 07:15:50,111000.0,100.0,471600.0
109,2021-10-22 07:15:46,111000.0,1000.0,471500.0
110,2021-10-22 07:15:29,111000.0,4000.0,470500.0
111,2021-10-22 07:14:53,110800.0,200.0,466500.0
112,2021-10-22 07:14:53,110800.0,100.0,466300.0
113,2021-10-22 07:14:46,110800.0,1700.0,466200.0
114,2021-10-22 07:14:23,110800.0,200.0,464500.0
115,2021-10-22 07:14:23,110900.0,500.0,464300.0
116,2021-10-22 07:14:21,111000.0,500.0,463800.0
117,2021-10-22 07:14:20,111000.0,2000.0,463300.0
118,2021-10-22 07:13:57,111000.0,100.0,461300.0
119,2021-10-22 07:13:50,111000.0,100.0,461200.0
120,2021-10-22 07:13:50,111000.0,1000.0,461100.0
121,2021-10-22 07:13:41,111000.0,300.0,460100.0
122,2021-10-22 07:13:30,111000.0,100.0,459800.0
123,2021-10-22 07:13:30,111000.0,600.0,459700.0
124,2021-10-22 07:13:30,110800.0,100.0,459100.0
125,2021-10-22 07:13:30,110800.0,100.0,459000.0
126,2021-10-22 07:13:30,110800.0,500.0,458900.0
127,2021-10-22 07:13:30,110800.0,400.0,458400.0
128,2021-10-22 07:13:30,110800.0,200.0,458000.0
129,2021-10-22 07:13:30,110800.0,100.0,457800.0
130,2021-10-22 07:13:30,110800.0,200.0,457700.0
131,2021-10-22 07:13:30,110800.0,400.0,457500.0
132,2021-10-22 07:13:30,110800.0,1000.0,457100.0
133,2021-10-22 07:13:30,110800.0,100.0,456100.0
134,2021-10-22 07:13:30,110800.0,100.0,456000.0
135,2021-10-22 07:13:30,110900.0,400.0,455900.0
136,2021-10-22 07:13:30,110900.0,2000.0,455500.0
137,2021-10-22 07:13:30,110900.0,200.0,453500.0
138,2021-10-22 07:13:30,110900.0,2000.0,453300.0
139,2021-10-22 07:13:30,110900.0,2000.0,451300.0
140,2021-10-22 07:13:30,110900.0,200.0,449300.0
141,2021-10-22 07:13:20,111000.0,200.0,449100.0
142,2021-10-22 07:13:20,111000.0,2000.0,448900.0
143,2021-10-22 07:13:17,111000.0,100.0,446900.0
144,2021-10-22 07:13:07,111000.0,500.0,446800.0
145,2021-10-22 07:13:06,111000.0,2000.0,446300.0
146,2021-10-22 07:13:03,111000.0,200.0,444300.0
147,2021-10-22 07:12:59,111000.0,4400.0,444100.0
148,2021-10-22 07:12:59,111000.0,600.0,439700.0
149,2021-10-22 07:12:51,111000.0,1000.0,439100.0
150,2021-10-22 07:12:02,110900.0,1000.0,438100.0
151,2021-10-22 07:11:57,110900.0,200.0,437100.0
152,2021-10-22 07:11:56,110800.0,400.0,436900.0
153,2021-10-22 07:11:56,110800.0,500.0,436500.0
154,2021-10-22 07:11:56,110800.0,4000.0,436000.0
155,2021-10-22 07:11:56,110800.0,100.0,432000.0
156,2021-10-22 07:11:53,110900.0,100.0,431900.0
157,2021-10-22 07:11:53,110900.0,300.0,431800.0
158,2021-10-22 07:11:37,110900.0,100.0,431500.0
159,2021-10-22 07:11:37,110900.0,100.0,431400.0
160,2021-10-22 07:11:37,110900.0,2000.0,431300.0
161,2021-10-22 07:11:37,110900.0,100.0,429300.0
162,2021-10-22 07:11:27,111000.0,100.0,429200.0
163,2021-10-22 07:11:25,110900.0,400.0,429100.0
164,2021-10-22 07:11:25,110900.0,100.0,428700.0
165,2021-10-22 07:11:25,110900.0,500.0,428600.0
166,2021-10-22 07:11:06,111000.0,500.0,428100.0
167,2021-10-22 07:10:48,110900.0,100.0,427600.0
168,2021-10-22 07:10:48,110900.0,100.0,427500.0
169,2021-10-22 07:10:48,110900.0,200.0,427400.0
170,2021-10-22 07:10:48,110900.0,100.0,427200.0
171,2021-10-22 07:10:48,110900.0,100.0,427100.0
172,2021-10-22 07:10:48,110900.0,100.0,427000.0
173,2021-10-22 07:10:48,110900.0,100.0,426900.0
174,2021-10-22 07:10:48,110900.0,100.0,426800.0
175,2021-10-22 07:10:48,110900.0,100.0,426700.0
176,2021-10-22 07:10:48,111000.0,100.0,426600.0
177,2021-10-22 07:10:42,110900.0,100.0,426500.0
178,2021-10-22 07:10:42,110900.0,200.0,426400.0
179,2021-10-22 07:10:42,110900.0,500.0,426200.0
180,2021-10-22 07:10:42,110900.0,200.0,425700.0
181,2021-10-22 07:10:42,110900.0,4000.0,425500.0
182,2021-10-22 07:10:29,111000.0,100.0,421500.0
183,2021-10-22 07:10:28,111000.0,100.0,421400.0
184,2021-10-22 07:10:16,111000.0,100.0,421300.0
185,2021-10-22 07:10:16,111000.0,200.0,421200.0
186,2021-10-22 07:10:16,111000.0,100.0,421000.0
187,2021-10-22 07:10:16,111000.0,1000.0,420900.0
188,2021-10-22 07:10:16,111000.0,100.0,419900.0
189,2021-10-22 07:10:16,111000.0,100.0,419800.0
190,2021-10-22 07:10:16,111000.0,500.0,419700.0
191,2021-10-22 07:10:16,111000.0,400.0,419200.0
192,2021-10-22 07:10:07,111000.0,600.0,418800.0
193,2021-10-22 07:10:07,111000.0,100.0,418200.0
194,2021-10-22 07:10:07,111000.0,100.0,418100.0
195,2021-10-22 07:10:07,111000.0,100.0,418000.0
196,2021-10-22 07:10:07,111000.0,100.0,417900.0
197,2021-10-22 07:10:07,111000.0,100.0,417800.0
198,2021-10-22 07:10:07,111000.0,100.0,417700.0
199,2021-10-22 07:10:07,111000.0,100.0,417600.0
200,2021-10-22 07:10:07,111000.0,100.0,417500.0
201,2021-10-22 07:10:07,111000.0,100.0,417400.0
202,2021-10-22 07:10:07,111000.0,500.0,417300.0
203,2021-10-22 07:10:07,111000.0,500.0,416800.0
204,2021-10-22 07:10:07,111000.0,1000.0,416300.0
205,2021-10-22 07:10:07,111000.0,100.0,415300.0
206,2021-10-22 07:10:07,111000.0,200.0,415200.0
207,2021-10-22 07:10:07,111000.0,200.0,415000.0
208,2021-10-22 07:10:07,111000.0,100.0,414800.0
209,2021-10-22 07:10:07,111000.0,2000.0,414700.0
210,2021-10-22 07:10:07,111000.0,1400.0,412700.0
211,2021-10-22 07:10:07,111100.0,500.0,411300.0
212,2021-10-22 07:10:04,111100.0,1000.0,410800.0
213,2021-10-22 07:10:04,111100.0,700.0,409800.0
214,2021-10-22 07:09:59,111000.0,600.0,409100.0
215,2021-10-22 07:09:59,111000.0,100.0,408500.0
216,2021-10-22 07:09:59,111000.0,100.0,408400.0
217,2021-10-22 07:09:59,111000.0,200.0,408300.0
218,2021-10-22 07:09:59,111000.0,100.0,408100.0
219,2021-10-22 07:09:59,111000.0,100.0,408000.0
220,2021-10-22 07:09:59,111000.0,300.0,407900.0
221,2021-10-22 07:09:59,111000.0,100.0,407600.0
222,2021-10-22 07:09:59,111000.0,300.0,407500.0
223,2021-10-22 07:09:59,111000.0,100.0,407200.0
224,2021-10-22 07:09:59,111000.0,100.0,407100.0
225,2021-10-22 07:09:59,111000.0,300.0,407000.0
226,2021-10-22 07:09:59,111000.0,100.0,406700.0
227,2021-10-22 07:09:59,111000.0,300.0,406600.0
228,2021-10-22 07:09:59,111000.0,100.0,406300.0
229,2021-10-22 07:09:59,111000.0,100.0,406200.0
230,2021-10-22 07:09:59,111000.0,100.0,406100.0
231,2021-10-22 07:09:59,111000.0,500.0,406000.0
232,2021-10-22 07:09:59,111000.0,1000.0,405500.0
233,2021-10-22 07:09:59,111000.0,200.0,404500.0
234,2021-10-22 07:09:59,111000.0,200.0,404300.0
235,2021-10-22 07:09:59,111000.0,500.0,404100.0
236,2021-10-22 07:09:57,111000.0,200.0,403600.0
237,2021-10-22 07:09:57,111000.0,100.0,403400.0
238,2021-10-22 07:09:57,111000.0,100.0,403300.0
239,2021-10-22 07:09:57,111000.0,100.0,403200.0
240,2021-10-22 07:09:57,111000.0,1000.0,403100.0
241,2021-10-22 07:09:57,111000.0,400.0,402100.0
242,2021-10-22 07:09:57,111000.0,100.0,401700.0
243,2021-10-22 07:09:57,111000.0,100.0,401600.0
244,2021-10-22 07:09:57,111000.0,100.0,401500.0
245,2021-10-22 07:09:57,111000.0,1500.0,401400.0
246,2021-10-22 07:09:57,111000.0,200.0,399900.0
247,2021-10-22 07:09:57,111000.0,200.0,399700.0
248,2021-10-22 07:09:57,111000.0,1000.0,399500.0
249,2021-10-22 07:09:57,111000.0,100.0,398500.0
250,2021-10-22 07:09:57,111000.0,100.0,398400.0
251,2021-10-22 07:09:57,111000.0,200.0,398300.0
252,2021-10-22 07:09:57,111000.0,100.0,398100.0
253,2021-10-22 07:09:57,111000.0,100.0,398000.0
254,2021-10-22 07:09:57,111000.0,300.0,397900.0
255,2021-10-22 07:09:57,111000.0,100.0,397600.0
256,2021-10-22 07:09:57,111000.0,200.0,397500.0
257,2021-10-22 07:09:57,111000.0,100.0,397300.0
258,2021-10-22 07:09:57,111000.0,3600.0,397200.0
259,2021-10-22 07:09:49,111100.0,200.0,393600.0
260,2021-10-22 07:09:49,111000.0,1400.0,393400.0
261,2021-10-22 07:09:49,111000.0,500.0,392000.0
262,2021-10-22 07:09:49,111000.0,2000.0,391500.0
263,2021-10-22 07:09:49,111000.0,100.0,389500.0
264,2021-10-22 07:09:49,111000.0,200.0,389400.0
265,2021-10-22 07:09:49,111000.0,100.0,389200.0
266,2021-10-22 07:09:49,111000.0,500.0,389100.0
267,2021-10-22 07:09:49,111000.0,100.0,388600.0
268,2021-10-22 07:09:49,111000.0,100.0,388500.0
269,2021-10-22 07:09:49,111000.0,2000.0,388400.0
270,2021-10-22 07:09:49,111000.0,500.0,386400.0
271,2021-10-22 07:09:49,111000.0,100.0,385900.0
272,2021-10-22 07:09:49,111000.0,100.0,385800.0
273,2021-10-22 07:09:49,111000.0,100.0,385700.0
274,2021-10-22 07:09:49,111000.0,100.0,385600.0
275,2021-10-22 07:09:49,111000.0,100.0,385500.0
276,2021-10-22 07:09:49,111000.0,100.0,385400.0
277,2021-10-22 07:09:49,111000.0,500.0,385300.0
278,2021-10-22 07:09:49,111000.0,100.0,384800.0
279,2021-10-22 07:09:49,111000.0,300.0,384700.0
280,2021-10-22 07:09:49,111000.0,500.0,384400.0
281,2021-10-22 07:09:49,111000.0,100.0,383900.0
282,2021-10-22 07:09:49,111000.0,300.0,383800.0
283,2021-10-22 07:09:49,111000.0,100.0,383500.0
284,2021-10-22 07:09:33,111100.0,100.0,383400.0
285,2021-10-22 07:09:33,111100.0,100.0,383300.0
286,2021-10-22 07:09:19,111100.0,200.0,383200.0
287,2021-10-22 07:08:58,111100.0,1900.0,383000.0
288,2021-10-22 07:08:58,111100.0,500.0,381100.0
289,2021-10-22 07:08:58,111100.0,1000.0,380600.0
290,2021-10-22 07:08:58,111100.0,100.0,379600.0
291,2021-10-22 07:08:58,111100.0,100.0,379500.0
292,2021-10-22 07:08:58,111100.0,100.0,379400.0
293,2021-10-22 07:08:58,111100.0,100.0,379300.0
294,2021-10-22 07:08:58,111100.0,100.0,379200.0
295,2021-10-22 07:08:58,111100.0,800.0,379100.0
296,2021-10-22 07:08:49,111100.0,1200.0,378300.0
297,2021-10-22 07:08:49,111100.0,1000.0,377100.0
298,2021-10-22 07:08:49,111100.0,500.0,376100.0
299,2021-10-22 07:08:49,111100.0,200.0,375600.0
300,2021-10-22 07:08:49,111100.0,100.0,375400.0
301,2021-10-22 07:08:49,111100.0,500.0,375300.0
302,2021-10-22 07:08:49,111100.0,300.0,374800.0
303,2021-10-22 07:08:49,111100.0,200.0,374500.0
304,2021-10-22 07:08:49,111100.0,1000.0,374300.0
305,2021-10-22 07:08:49,111100.0,2000.0,373300.0
306,2021-10-22 07:08:34,111200.0,100.0,371300.0
307,2021-10-22 07:08:11,111200.0,200.0,371200.0
308,2021-10-22 07:08:01,111200.0,100.0,371000.0
309,2021-10-22 07:08:01,111200.0,200.0,370900.0
310,2021-10-22 07:08:01,111200.0,100.0,370700.0
311,2021-10-22 07:08:01,111200.0,300.0,370600.0
312,2021-10-22 07:08:01,111200.0,200.0,370300.0
313,2021-10-22 07:08:01,111200.0,500.0,370100.0
314,2021-10-22 07:08:01,111200.0,3800.0,369600.0
315,2021-10-22 07:08:01,111200.0,100.0,365800.0
316,2021-10-22 07:08:01,111200.0,500.0,365700.0
317,2021-10-22 07:08:01,111200.0,100.0,365200.0
318,2021-10-22 07:08:01,111200.0,600.0,365100.0
319,2021-10-22 07:08:01,111300.0,100.0,364500.0
320,2021-10-22 07:08:01,111300.0,100.0,364400.0
321,2021-10-22 07:08:01,111300.0,100.0,364300.0
322,2021-10-22 07:07:46,111300.0,100.0,364200.0
323,2021-10-22 07:07:46,111300.0,100.0,364100.0
324,2021-10-22 07:07:09,111400.0,100.0,364000.0
325,2021-10-22 07:06:25,111300.0,100.0,363900.0
326,2021-10-22 07:06:25,111300.0,100.0,363800.0
327,2021-10-22 07:05:04,111300.0,200.0,363700.0
328,2021-10-22 07:04:34,111300.0,200.0,363500.0
329,2021-10-22 07:04:12,111300.0,200.0,363300.0
330,2021-10-22 07:03:49,111300.0,100.0,363100.0
331,2021-10-22 07:03:44,111300.0,100.0,363000.0
332,2021-10-22 07:03:44,111300.0,100.0,362900.0
333,2021-10-22 07:03:44,111300.0,100.0,362800.0
334,2021-10-22 07:03:44,111300.0,100.0,362700.0
335,2021-10-22 07:03:44,111300.0,200.0,362600.0
336,2021-10-22 07:03:44,111300.0,100.0,362400.0
337,2021-10-22 07:03:44,111300.0,700.0,362300.0
338,2021-10-22 07:03:44,111300.0,1100.0,361600.0
339,2021-10-22 07:03:44,111300.0,300.0,360500.0
340,2021-10-22 07:03:44,111300.0,1500.0,360200.0
341,2021-10-22 07:03:41,111400.0,100.0,358700.0
342,2021-10-22 07:03:26,111400.0,100.0,358600.0
343,2021-10-22 07:03:26,111400.0,500.0,358500.0
344,2021-10-22 07:03:26,111400.0,100.0,358000.0
345,2021-10-22 07:03:23,111700.0,200.0,357900.0
346,2021-10-22 07:03:23,111700.0,200.0,357700.0
347,2021-10-22 07:03:23,111700.0,400.0,357500.0
348,2021-10-22 07:03:23,111600.0,200.0,357100.0
349,2021-10-22 07:03:10,111400.0,100.0,356900.0
350,2021-10-22 07:02:41,111400.0,200.0,356800.0
351,2021-10-22 07:02:16,111400.0,1000.0,356600.0
352,2021-10-22 07:02:16,111400.0,300.0,355600.0
353,2021-10-22 07:02:03,111400.0,100.0,355300.0
354,2021-10-22 07:01:50,111400.0,100.0,355200.0
355,2021-10-22 07:01:50,111400.0,100.0,355100.0
356,2021-10-22 07:01:50,111400.0,100.0,355000.0
357,2021-10-22 07:01:50,111400.0,300.0,354900.0
358,2021-10-22 07:01:50,111400.0,400.0,354600.0
359,2021-10-22 07:01:50,111500.0,2000.0,354200.0
360,2021-10-22 07:00:58,111400.0,100.0,352200.0
361,2021-10-22 07:00:19,111400.0,100.0,352100.0
362,2021-10-22 07:00:17,111400.0,1000.0,352000.0
363,2021-10-22 06:59:54,111400.0,200.0,351000.0
364,2021-10-22 06:59:33,111400.0,200.0,350800.0
365,2021-10-22 06:59:28,111400.0,100.0,350600.0
366,2021-10-22 06:57:39,111400.0,200.0,350500.0
367,2021-10-22 06:57:31,111700.0,200.0,350300.0
368,2021-10-22 06:57:31,111700.0,800.0,350100.0
369,2021-10-22 06:57:31,111600.0,1000.0,349300.0
370,2021-10-22 06:57:07,111300.0,100.0,348300.0
371,2021-10-22 06:56:19,111300.0,1400.0,348200.0
372,2021-10-22 06:53:27,111300.0,500.0,346800.0
373,2021-10-22 06:53:18,111300.0,100.0,346300.0
374,2021-10-22 06:53:18,111300.0,1000.0,346200.0
375,2021-10-22 06:53:18,111400.0,100.0,345200.0
376,2021-10-22 06:52:22,111200.0,1600.0,345100.0
377,2021-10-22 06:52:22,111200.0,100.0,343500.0
378,2021-10-22 06:52:22,111200.0,500.0,343400.0
379,2021-10-22 06:52:22,111200.0,100.0,342900.0
380,2021-10-22 06:52:22,111200.0,100.0,342800.0
381,2021-10-22 06:52:22,111200.0,500.0,342700.0
382,2021-10-22 06:52:22,111200.0,1000.0,342200.0
383,2021-10-22 06:52:22,111200.0,100.0,341200.0
384,2021-10-22 06:52:22,111300.0,1000.0,341100.0
385,2021-10-22 06:52:13,111300.0,100.0,340100.0
386,2021-10-22 06:52:11,111300.0,400.0,340000.0
387,2021-10-22 06:51:59,111300.0,2000.0,339600.0
388,2021-10-22 06:51:59,111300.0,500.0,337600.0
389,2021-10-22 06:51:59,111300.0,100.0,337100.0
390,2021-10-22 06:51:59,111300.0,100.0,337000.0
391,2021-10-22 06:51:59,111300.0,1000.0,336900.0
392,2021-10-22 06:51:59,111300.0,3000.0,335900.0
393,2021-10-22 06:51:59,111300.0,200.0,332900.0
394,2021-10-22 06:51:59,111400.0,100.0,332700.0
395,2021-10-22 06:51:59,111400.0,100.0,332600.0
396,2021-10-22 06:51:59,111400.0,500.0,332500.0
397,2021-10-22 06:51:59,111400.0,100.0,332000.0
398,2021-10-22 06:51:59,111400.0,200.0,331900.0
399,2021-10-22 06:51:59,111500.0,1000.0,331700.0
400,2021-10-22 06:51:59,111500.0,100.0,330700.0
401,2021-10-22 06:51:59,111500.0,500.0,330600.0
402,2021-10-22 06:51:59,111500.0,100.0,330100.0
403,2021-10-22 06:51:35,111500.0,400.0,330000.0
404,2021-10-22 06:51:10,111700.0,200.0,329600.0
405,2021-10-22 06:50:37,111900.0,500.0,329400.0
406,2021-10-22 06:50:28,111500.0,300.0,328900.0
407,2021-10-22 06:50:11,111500.0,100.0,328600.0
408,2021-10-22 06:50:11,111500.0,100.0,328500.0
409,2021-10-22 06:50:11,111500.0,100.0,328400.0
410,2021-10-22 06:50:11,111500.0,1000.0,328300.0
411,2021-10-22 06:50:11,111500.0,200.0,327300.0
412,2021-10-22 06:50:11,111500.0,1000.0,327100.0
413,2021-10-22 06:50:11,111500.0,500.0,326100.0
414,2021-10-22 06:50:11,111500.0,2000.0,325600.0
415,2021-10-22 06:50:11,111500.0,200.0,323600.0
416,2021-10-22 06:50:11,111500.0,100.0,323400.0
417,2021-10-22 06:50:11,111500.0,2000.0,323300.0
418,2021-10-22 06:50:11,111500.0,500.0,321300.0
419,2021-10-22 06:50:11,111500.0,800.0,320800.0
420,2021-10-22 06:50:11,111600.0,300.0,320000.0
421,2021-10-22 06:50:11,111700.0,600.0,319700.0
422,2021-10-22 06:50:11,111700.0,200.0,319100.0
423,2021-10-22 06:49:14,111700.0,100.0,318900.0
424,2021-10-22 06:49:06,111900.0,400.0,318800.0
425,2021-10-22 06:49:06,111800.0,600.0,318400.0
426,2021-10-22 06:48:49,111800.0,400.0,317800.0
427,2021-10-22 06:48:49,111800.0,100.0,317400.0
428,2021-10-22 06:48:49,111800.0,100.0,317300.0
429,2021-10-22 06:48:49,111800.0,800.0,317200.0
430,2021-10-22 06:48:49,111800.0,1000.0,316400.0
431,2021-10-22 06:48:49,111800.0,600.0,315400.0
432,2021-10-22 06:48:19,111800.0,100.0,314800.0
433,2021-10-22 06:47:46,111800.0,100.0,314700.0
434,2021-10-22 06:46:05,111800.0,200.0,314600.0
435,2021-10-22 06:45:52,111800.0,100.0,314400.0
436,2021-10-22 06:45:16,111800.0,500.0,314300.0
437,2021-10-22 06:45:08,111800.0,100.0,313800.0
438,2021-10-22 06:42:38,111800.0,400.0,313700.0
439,2021-10-22 06:41:47,111800.0,2000.0,313300.0
440,2021-10-22 06:41:47,111800.0,500.0,311300.0
441,2021-10-22 06:39:50,111500.0,100.0,310800.0
442,2021-10-22 06:39:45,111500.0,1000.0,310700.0
443,2021-10-22 06:39:45,111500.0,500.0,309700.0
444,2021-10-22 06:39:45,111500.0,2000.0,309200.0
445,2021-10-22 06:39:45,111500.0,200.0,307200.0
446,2021-10-22 06:39:45,111500.0,1000.0,307000.0
447,2021-10-22 06:39:45,111500.0,1000.0,306000.0
448,2021-10-22 06:39:45,111500.0,100.0,305000.0
449,2021-10-22 06:39:45,111500.0,100.0,304900.0
450,2021-10-22 06:39:45,111500.0,1100.0,304800.0
451,2021-10-22 06:38:41,111900.0,300.0,303700.0
452,2021-10-22 06:38:41,111800.0,200.0,303400.0
453,2021-10-22 06:38:30,111800.0,800.0,303200.0
454,2021-10-22 06:38:30,111800.0,100.0,302400.0
455,2021-10-22 06:38:30,111800.0,1000.0,302300.0
456,2021-10-22 06:38:30,111800.0,100.0,301300.0
457,2021-10-22 06:38:30,111700.0,1000.0,301200.0
458,2021-10-22 06:38:23,111500.0,400.0,300200.0
459,2021-10-22 06:38:22,111500.0,100.0,299800.0
460,2021-10-22 06:38:11,111500.0,400.0,299700.0
461,2021-10-22 06:36:10,111500.0,100.0,299300.0
462,2021-10-22 06:36:10,111500.0,300.0,299200.0
463,2021-10-22 06:36:10,111500.0,400.0,298900.0
464,2021-10-22 06:34:51,111500.0,300.0,298500.0
465,2021-10-22 06:34:04,111500.0,300.0,298200.0
466,2021-10-22 06:33:51,111500.0,500.0,297900.0
467,2021-10-22 06:33:51,111500.0,400.0,297400.0
468,2021-10-22 06:33:51,111600.0,100.0,297000.0
469,2021-10-22 06:32:01,111500.0,1100.0,296900.0
470,2021-10-22 06:31:33,111800.0,100.0,295800.0
471,2021-10-22 06:31:32,111600.0,200.0,295700.0
472,2021-10-22 06:31:32,111600.0,300.0,295500.0
473,2021-10-22 06:31:32,111600.0,200.0,295200.0
474,2021-10-22 06:31:20,111800.0,100.0,295000.0
475,2021-10-22 06:30:20,111800.0,100.0,294900.0
476,2021-10-22 06:29:58,111500.0,100.0,294800.0
477,2021-10-22 06:28:49,111500.0,1000.0,294700.0
478,2021-10-22 06:28:02,111500.0,400.0,293700.0
479,2021-10-22 06:27:41,111500.0,100.0,293300.0
480,2021-10-22 06:27:41,111500.0,200.0,293200.0
481,2021-10-22 06:27:40,111800.0,300.0,293000.0
482,2021-10-22 06:27:01,111800.0,300.0,292700.0
483,2021-10-22 06:27:01,111800.0,100.0,292400.0
484,2021-10-22 06:26:29,111500.0,900.0,292300.0
485,2021-10-22 06:26:29,111500.0,200.0,291400.0
486,2021-10-22 06:26:29,111500.0,1900.0,291200.0
487,2021-10-22 06:25:47,111800.0,600.0,289300.0
488,2021-10-22 06:25:47,111700.0,100.0,288700.0
489,2021-10-22 06:25:47,111600.0,100.0,288600.0
490,2021-10-22 06:25:47,111600.0,100.0,288500.0
491,2021-10-22 06:25:47,111600.0,3100.0,288400.0
492,2021-10-22 06:25:26,111500.0,1100.0,285300.0
493,2021-10-22 06:25:11,111500.0,100.0,284200.0
494,2021-10-22 06:25:00,111400.0,100.0,284100.0
495,2021-10-22 06:24:45,111500.0,800.0,284000.0
496,2021-10-22 06:24:45,111500.0,100.0,283200.0
497,2021-10-22 06:24:45,111500.0,400.0,283100.0
498,2021-10-22 06:24:45,111500.0,300.0,282700.0
499,2021-10-22 06:24:45,111500.0,300.0,282400.0
500,2021-10-22 06:23:54,111500.0,500.0,282100.0
501,2021-10-22 06:23:52,111300.0,800.0,281600.0
502,2021-10-22 06:23:52,111300.0,200.0,280800.0
503,2021-10-22 06:22:36,111300.0,100.0,280600.0
504,2021-10-22 06:22:36,111300.0,200.0,280500.0
505,2021-10-22 06:21:08,111200.0,100.0,280300.0
506,2021-10-22 06:20:45,111300.0,100.0,280200.0
507,2021-10-22 06:19:58,111200.0,100.0,280100.0
508,2021-10-22 06:19:58,111200.0,1000.0,280000.0
509,2021-10-22 06:19:58,111200.0,100.0,279000.0
510,2021-10-22 06:19:58,111200.0,100.0,278900.0
511,2021-10-22 06:19:58,111200.0,100.0,278800.0
512,2021-10-22 06:19:58,111200.0,100.0,278700.0
513,2021-10-22 06:19:58,111200.0,100.0,278600.0
514,2021-10-22 06:19:58,111200.0,100.0,278500.0
515,2021-10-22 06:19:58,111200.0,100.0,278400.0
516,2021-10-22 06:19:58,111200.0,400.0,278300.0
517,2021-10-22 06:19:58,111200.0,200.0,277900.0
518,2021-10-22 06:19:58,111300.0,500.0,277700.0
519,2021-10-22 06:19:58,111300.0,100.0,277200.0
520,2021-10-22 06:19:22,111500.0,100.0,277100.0
521,2021-10-22 06:19:22,111500.0,100.0,277000.0
522,2021-10-22 06:18:47,111500.0,1400.0,276900.0
523,2021-10-22 06:18:34,111500.0,2500.0,275500.0
524,2021-10-22 06:17:45,111500.0,100.0,273000.0
525,2021-10-22 06:17:37,111500.0,200.0,272900.0
526,2021-10-22 06:17:27,111500.0,100.0,272700.0
527,2021-10-22 06:17:07,111500.0,100.0,272600.0
528,2021-10-22 06:17:07,111300.0,400.0,272500.0
529,2021-10-22 06:16:59,111300.0,100.0,272100.0
530,2021-10-22 06:16:59,111300.0,1000.0,272000.0
531,2021-10-22 06:16:59,111300.0,100.0,271000.0
532,2021-10-22 06:16:59,111300.0,100.0,270900.0
533,2021-10-22 06:16:59,111300.0,100.0,270800.0
534,2021-10-22 06:16:59,111300.0,700.0,270700.0
535,2021-10-22 06:16:59,111400.0,100.0,270000.0
536,2021-10-22 06:16:59,111400.0,2000.0,269900.0
537,2021-10-22 06:16:11,111500.0,100.0,267900.0
538,2021-10-22 06:16:09,111500.0,500.0,267800.0
539,2021-10-22 06:15:54,111500.0,1500.0,267300.0
540,2021-10-22 06:15:54,111500.0,500.0,265800.0
541,2021-10-22 06:14:21,111600.0,100.0,265300.0
542,2021-10-22 06:13:32,111600.0,1800.0,265200.0
543,2021-10-22 06:13:32,111500.0,700.0,263400.0
544,2021-10-22 06:13:32,111300.0,500.0,262700.0
545,2021-10-22 06:13:19,111200.0,100.0,262200.0
546,2021-10-22 06:13:19,111200.0,600.0,262100.0
547,2021-10-22 06:13:19,111200.0,100.0,261500.0
548,2021-10-22 06:13:19,111300.0,200.0,261400.0
549,2021-10-22 06:12:50,111300.0,400.0,261200.0
550,2021-10-22 06:12:50,111300.0,100.0,260800.0
551,2021-10-22 06:12:50,111300.0,200.0,260700.0
552,2021-10-22 06:12:50,111300.0,100.0,260500.0
553,2021-10-22 06:12:50,111300.0,200.0,260400.0
554,2021-10-22 06:12:39,111500.0,100.0,260200.0
555,2021-10-22 06:12:23,111500.0,100.0,260100.0
556,2021-10-22 06:10:50,111300.0,500.0,260000.0
557,2021-10-22 06:10:50,111300.0,100.0,259500.0
558,2021-10-22 06:10:02,111500.0,100.0,259400.0
559,2021-10-22 06:08:05,111300.0,900.0,259300.0
560,2021-10-22 06:08:05,111300.0,100.0,258400.0
561,2021-10-22 06:05:46,111500.0,1600.0,258300.0
562,2021-10-22 06:05:46,111400.0,400.0,256700.0
563,2021-10-22 06:03:54,111400.0,100.0,256300.0
564,2021-10-22 06:00:44,111400.0,1500.0,256200.0
565,2021-10-22 06:00:27,111500.0,100.0,254700.0
566,2021-10-22 06:00:24,111500.0,100.0,254600.0
567,2021-10-22 06:00:24,111400.0,300.0,254500.0
568,2021-10-22 06:00:21,111400.0,100.0,254200.0
569,2021-10-22 06:00:21,111400.0,100.0,254100.0
570,2021-10-22 06:00:03,111500.0,900.0,254000.0
571,2021-10-22 06:00:03,111500.0,100.0,253100.0
572,2021-10-22 06:00:03,111300.0,300.0,253000.0
573,2021-10-22 06:00:03,111300.0,100.0,252700.0
574,2021-10-22 06:00:03,111300.0,100.0,252600.0
575,2021-10-22 06:00:03,111300.0,100.0,252500.0
576,2021-10-22 06:00:03,111400.0,300.0,252400.0
577,2021-10-22 04:29:49,111500.0,900.0,252100.0
578,2021-10-22 04:29:49,111500.0,100.0,251200.0
579,2021-10-22 04:29:11,111400.0,100.0,251100.0
580,2021-10-22 04:27:41,111300.0,100.0,251000.0
581,2021-10-22 04:27:41,111300.0,100.0,250900.0
582,2021-10-22 04:26:44,111300.0,100.0,250800.0
583,2021-10-22 04:26:42,111300.0,100.0,250700.0
584,2021-10-22 04:26:39,111300.0,400.0,250600.0
585,2021-10-22 04:26:39,111300.0,100.0,250200.0
586,2021-10-22 04:26:28,111300.0,400.0,250100.0
587,2021-10-22 04:26:28,111300.0,100.0,249700.0
588,2021-10-22 04:26:05,111300.0,100.0,249600.0
589,2021-10-22 04:24:41,111200.0,100.0,249500.0
590,2021-10-22 04:24:21,111300.0,100.0,249400.0
591,2021-10-22 04:24:11,111300.0,200.0,249300.0
592,2021-10-22 04:23:39,111300.0,300.0,249100.0
593,2021-10-22 04:22:30,111300.0,100.0,248800.0
594,2021-10-22 04:21:42,111300.0,100.0,248700.0
595,2021-10-22 04:21:39,111300.0,100.0,248600.0
596,2021-10-22 04:20:44,111300.0,300.0,248500.0
597,2021-10-22 04:20:11,111300.0,100.0,248200.0
598,2021-10-22 04:19:43,111300.0,100.0,248100.0
599,2021-10-22 04:19:38,111000.0,100.0,248000.0
600,2021-10-22 04:19:38,111100.0,100.0,247900.0
601,2021-10-22 04:19:14,111000.0,400.0,247800.0
602,2021-10-22 04:19:14,111000.0,100.0,247400.0
603,2021-10-22 04:18:35,111000.0,900.0,247300.0
604,2021-10-22 04:18:35,111000.0,100.0,246400.0
605,2021-10-22 04:18:35,111000.0,500.0,246300.0
606,2021-10-22 04:18:35,111000.0,100.0,245800.0
607,2021-10-22 04:18:35,111000.0,100.0,245700.0
608,2021-10-22 04:18:35,111000.0,200.0,245600.0
609,2021-10-22 04:18:35,111000.0,100.0,245400.0
610,2021-10-22 04:18:35,111000.0,500.0,245300.0
611,2021-10-22 04:18:35,111000.0,200.0,244800.0
612,2021-10-22 04:18:35,111000.0,900.0,244600.0
613,2021-10-22 04:18:35,111000.0,100.0,243700.0
614,2021-10-22 04:18:35,111000.0,200.0,243600.0
615,2021-10-22 04:18:35,111000.0,300.0,243400.0
616,2021-10-22 04:18:35,111000.0,200.0,243100.0
617,2021-10-22 04:18:35,111000.0,100.0,242900.0
618,2021-10-22 04:18:35,111000.0,100.0,242800.0
619,2021-10-22 04:18:35,111000.0,300.0,242700.0
620,2021-10-22 04:18:35,111000.0,100.0,242400.0
621,2021-10-22 04:18:35,111000.0,1000.0,242300.0
622,2021-10-22 04:18:35,111000.0,100.0,241300.0
623,2021-10-22 04:18:35,111000.0,100.0,241200.0
624,2021-10-22 04:18:35,111000.0,3000.0,241100.0
625,2021-10-22 04:18:35,111000.0,100.0,238100.0
626,2021-10-22 04:18:35,111000.0,500.0,238000.0
627,2021-10-22 04:18:35,111000.0,100.0,237500.0
628,2021-10-22 04:18:35,111000.0,500.0,237400.0
629,2021-10-22 04:18:35,111000.0,100.0,236900.0
630,2021-10-22 04:18:35,111000.0,100.0,236800.0
631,2021-10-22 04:18:35,111000.0,100.0,236700.0
632,2021-10-22 04:18:35,111000.0,300.0,236600.0
633,2021-10-22 04:18:35,111000.0,300.0,236300.0
634,2021-10-22 04:18:35,111000.0,100.0,236000.0
635,2021-10-22 04:18:35,111000.0,100.0,235900.0
636,2021-10-22 04:18:35,111000.0,100.0,235800.0
637,2021-10-22 04:18:35,111000.0,100.0,235700.0
638,2021-10-22 04:18:35,111000.0,200.0,235600.0
639,2021-10-22 04:18:35,111000.0,400.0,235400.0
640,2021-10-22 04:18:35,111000.0,500.0,235000.0
641,2021-10-22 04:18:35,111000.0,100.0,234500.0
642,2021-10-22 04:18:35,111000.0,500.0,234400.0
643,2021-10-22 04:18:35,111000.0,100.0,233900.0
644,2021-10-22 04:18:35,111000.0,200.0,233800.0
645,2021-10-22 04:18:35,111000.0,1000.0,233600.0
646,2021-10-22 04:18:35,111000.0,100.0,232600.0
647,2021-10-22 04:18:35,111000.0,200.0,232500.0
648,2021-10-22 04:18:35,111000.0,4000.0,232300.0
649,2021-10-22 04:18:35,111000.0,1500.0,228300.0
650,2021-10-22 04:18:35,111000.0,600.0,226800.0
651,2021-10-22 04:18:35,111100.0,200.0,226200.0
652,2021-10-22 04:18:35,111100.0,100.0,226000.0
653,2021-10-22 04:18:35,111100.0,2000.0,225900.0
654,2021-10-22 04:18:35,111100.0,500.0,223900.0
655,2021-10-22 04:18:35,111100.0,2000.0,223400.0
656,2021-10-22 04:18:35,111100.0,1500.0,221400.0
657,2021-10-22 04:18:35,111100.0,100.0,219900.0
658,2021-10-22 04:18:35,111100.0,100.0,219800.0
659,2021-10-22 04:18:35,111100.0,1200.0,219700.0
660,2021-10-22 04:18:35,111100.0,300.0,218500.0
661,2021-10-22 04:18:35,111100.0,500.0,218200.0
662,2021-10-22 04:18:35,111100.0,500.0,217700.0
663,2021-10-22 04:18:35,111100.0,100.0,217200.0
664,2021-10-22 04:18:35,111200.0,100.0,217100.0
665,2021-10-22 04:18:35,111200.0,1000.0,217000.0
666,2021-10-22 04:18:35,111200.0,100.0,216000.0
667,2021-10-22 04:18:35,111200.0,100.0,215900.0
668,2021-10-22 04:18:35,111200.0,100.0,215800.0
669,2021-10-22 04:18:35,111200.0,1000.0,215700.0
670,2021-10-22 04:18:35,111200.0,200.0,214700.0
671,2021-10-22 04:18:35,111200.0,100.0,214500.0
672,2021-10-22 04:18:35,111200.0,100.0,214400.0
673,2021-10-22 04:18:35,111200.0,1000.0,214300.0
674,2021-10-22 04:18:35,111200.0,500.0,213300.0
675,2021-10-22 04:18:35,111200.0,100.0,212800.0
676,2021-10-22 04:18:35,111200.0,100.0,212700.0
677,2021-10-22 04:18:35,111200.0,700.0,212600.0
678,2021-10-22 04:18:35,111300.0,800.0,211900.0
679,2021-10-22 04:18:35,111300.0,1000.0,211100.0
680,2021-10-22 04:18:35,111300.0,100.0,210100.0
681,2021-10-22 04:18:35,111300.0,2000.0,210000.0
682,2021-10-22 04:18:35,111300.0,200.0,208000.0
683,2021-10-22 04:18:35,111300.0,100.0,207800.0
684,2021-10-22 04:18:35,111300.0,100.0,207700.0
685,2021-10-22 04:18:35,111300.0,100.0,207600.0
686,2021-10-22 04:18:35,111300.0,200.0,207500.0
687,2021-10-22 04:18:35,111300.0,100.0,207300.0
688,2021-10-22 04:17:24,111300.0,900.0,207200.0
689,2021-10-22 04:17:24,111300.0,100.0,206300.0
690,2021-10-22 04:17:13,111400.0,100.0,206200.0
691,2021-10-22 04:17:10,111400.0,200.0,206100.0
692,2021-10-22 04:17:10,111400.0,200.0,205900.0
693,2021-10-22 04:16:47,111400.0,100.0,205700.0
694,2021-10-22 04:15:56,111400.0,100.0,205600.0
695,2021-10-22 04:15:32,111300.0,100.0,205500.0
696,2021-10-22 04:15:32,111300.0,300.0,205400.0
697,2021-10-22 04:15:32,111400.0,100.0,205100.0
698,2021-10-22 04:14:54,111400.0,200.0,205000.0
699,2021-10-22 04:14:54,111400.0,300.0,204800.0
700,2021-10-22 04:14:54,111400.0,300.0,204500.0
701,2021-10-22 04:14:37,111400.0,100.0,204200.0
702,2021-10-22 04:14:31,111400.0,100.0,204100.0
703,2021-10-22 04:14:06,111400.0,100.0,204000.0
704,2021-10-22 04:13:48,111400.0,100.0,203900.0
705,2021-10-22 04:12:02,111300.0,200.0,203800.0
706,2021-10-22 04:10:16,111300.0,100.0,203600.0
707,2021-10-22 04:09:52,111300.0,100.0,203500.0
708,2021-10-22 04:08:46,111300.0,100.0,203400.0
709,2021-10-22 04:08:39,111300.0,100.0,203300.0
710,2021-10-22 04:08:39,111300.0,100.0,203200.0
711,2021-10-22 04:08:31,111300.0,300.0,203100.0
712,2021-10-22 04:08:17,111300.0,1000.0,202800.0
713,2021-10-22 04:07:54,111300.0,300.0,201800.0
714,2021-10-22 04:07:54,111300.0,200.0,201500.0
715,2021-10-22 04:07:40,111300.0,100.0,201300.0
716,2021-10-22 04:07:34,111300.0,100.0,201200.0
717,2021-10-22 04:07:24,111300.0,500.0,201100.0
718,2021-10-22 04:06:43,111200.0,500.0,200600.0
719,2021-10-22 04:06:34,111300.0,100.0,200100.0
720,2021-10-22 04:06:15,111300.0,2000.0,200000.0
721,2021-10-22 04:06:09,111200.0,100.0,198000.0
722,2021-10-22 04:05:24,111200.0,100.0,197900.0
723,2021-10-22 04:05:06,111200.0,100.0,197800.0
724,2021-10-22 04:05:06,111200.0,100.0,197700.0
725,2021-10-22 04:05:06,111200.0,900.0,197600.0
726,2021-10-22 04:05:06,111200.0,1000.0,196700.0
727,2021-10-22 04:05:06,111200.0,200.0,195700.0
728,2021-10-22 04:05:06,111200.0,100.0,195500.0
729,2021-10-22 04:05:06,111200.0,200.0,195400.0
730,2021-10-22 04:05:06,111300.0,100.0,195200.0
731,2021-10-22 04:05:06,111300.0,100.0,195100.0
732,2021-10-22 04:05:06,111300.0,100.0,195000.0
733,2021-10-22 04:05:06,111300.0,100.0,194900.0
734,2021-10-22 04:05:06,111300.0,100.0,194800.0
735,2021-10-22 04:05:06,111300.0,1900.0,194700.0
736,2021-10-22 04:03:34,111300.0,100.0,192800.0
737,2021-10-22 04:03:34,111300.0,200.0,192700.0
738,2021-10-22 04:03:34,111300.0,200.0,192500.0
739,2021-10-22 04:03:34,111400.0,200.0,192300.0
740,2021-10-22 04:02:55,111400.0,500.0,192100.0
741,2021-10-22 04:02:29,111400.0,100.0,191600.0
742,2021-10-22 04:01:54,111400.0,100.0,191500.0
743,2021-10-22 04:01:27,111400.0,100.0,191400.0
744,2021-10-22 04:01:27,111400.0,1000.0,191300.0
745,2021-10-22 04:01:27,111400.0,100.0,190300.0
746,2021-10-22 04:01:27,111400.0,1000.0,190200.0
747,2021-10-22 04:01:27,111400.0,200.0,189200.0
748,2021-10-22 04:01:27,111400.0,200.0,189000.0
749,2021-10-22 04:01:27,111400.0,500.0,188800.0
750,2021-10-22 04:01:27,111400.0,100.0,188300.0
751,2021-10-22 04:01:27,111400.0,200.0,188200.0
752,2021-10-22 04:00:13,111400.0,100.0,188000.0
753,2021-10-22 04:00:07,111400.0,200.0,187900.0
754,2021-10-22 04:00:07,111400.0,500.0,187700.0
755,2021-10-22 04:00:07,111400.0,300.0,187200.0
756,2021-10-22 03:59:04,111400.0,200.0,186900.0
757,2021-10-22 03:59:04,111400.0,100.0,186700.0
758,2021-10-22 03:59:04,111400.0,200.0,186600.0
759,2021-10-22 03:56:49,111500.0,200.0,186400.0
760,2021-10-22 03:56:49,111500.0,300.0,186200.0
761,2021-10-22 03:54:24,111400.0,400.0,185900.0
762,2021-10-22 03:53:55,111400.0,1400.0,185500.0
763,2021-10-22 03:53:36,111400.0,100.0,184100.0
764,2021-10-22 03:53:36,111400.0,600.0,184000.0
765,2021-10-22 03:53:36,111400.0,1000.0,183400.0
766,2021-10-22 03:53:36,111400.0,500.0,182400.0
767,2021-10-22 03:53:36,111400.0,200.0,181900.0
768,2021-10-22 03:53:36,111400.0,200.0,181700.0
769,2021-10-22 03:53:03,111400.0,1000.0,181500.0
770,2021-10-22 03:52:48,111400.0,800.0,180500.0
771,2021-10-22 03:52:20,111400.0,100.0,179700.0
772,2021-10-22 03:52:20,111400.0,100.0,179600.0
773,2021-10-22 03:51:34,111400.0,100.0,179500.0
774,2021-10-22 03:50:35,111500.0,100.0,179400.0
775,2021-10-22 03:50:23,111500.0,100.0,179300.0
776,2021-10-22 03:50:00,111500.0,100.0,179200.0
777,2021-10-22 03:50:00,111500.0,200.0,179100.0
778,2021-10-22 03:50:00,111500.0,100.0,178900.0
779,2021-10-22 03:50:00,111500.0,100.0,178800.0
780,2021-10-22 03:50:00,111500.0,100.0,178700.0
781,2021-10-22 03:50:00,111500.0,100.0,178600.0
782,2021-10-22 03:50:00,111500.0,200.0,178500.0
783,2021-10-22 03:50:00,111500.0,600.0,178300.0
784,2021-10-22 03:49:45,111500.0,200.0,177700.0
785,2021-10-22 03:49:35,111500.0,200.0,177500.0
786,2021-10-22 03:49:33,111500.0,100.0,177300.0
787,2021-10-22 03:49:33,111500.0,200.0,177200.0
788,2021-10-22 03:48:20,111600.0,200.0,177000.0
789,2021-10-22 03:48:20,111600.0,100.0,176800.0
790,2021-10-22 03:47:34,111700.0,300.0,176700.0
791,2021-10-22 03:47:28,111700.0,300.0,176400.0
792,2021-10-22 03:46:14,111700.0,500.0,176100.0
793,2021-10-22 03:46:14,111700.0,300.0,175600.0
794,2021-10-22 03:45:39,111700.0,100.0,175300.0
795,2021-10-22 03:43:40,111500.0,100.0,175200.0
796,2021-10-22 03:43:40,111500.0,200.0,175100.0
797,2021-10-22 03:43:40,111500.0,100.0,174900.0
798,2021-10-22 03:42:15,111700.0,600.0,174800.0
799,2021-10-22 03:41:50,111700.0,200.0,174200.0
800,2021-10-22 03:41:41,111700.0,100.0,174000.0
801,2021-10-22 03:41:35,111700.0,200.0,173900.0
802,2021-10-22 03:41:27,111700.0,200.0,173700.0
803,2021-10-22 03:41:27,111700.0,500.0,173500.0
804,2021-10-22 03:41:09,111500.0,200.0,173000.0
805,2021-10-22 03:41:09,111500.0,200.0,172800.0
806,2021-10-22 03:41:09,111500.0,100.0,172600.0
807,2021-10-22 03:41:09,111600.0,100.0,172500.0
808,2021-10-22 03:41:09,111600.0,400.0,172400.0
809,2021-10-22 03:40:38,111700.0,100.0,172000.0
810,2021-10-22 03:40:22,111700.0,200.0,171900.0
811,2021-10-22 03:39:05,111800.0,400.0,171700.0
812,2021-10-22 03:39:05,111800.0,100.0,171300.0
813,2021-10-22 03:37:12,111700.0,100.0,171200.0
814,2021-10-22 03:37:12,111700.0,300.0,171100.0
815,2021-10-22 03:36:14,111700.0,300.0,170800.0
816,2021-10-22 03:36:14,111700.0,1000.0,170500.0
817,2021-10-22 03:35:25,111500.0,100.0,169500.0
818,2021-10-22 03:35:25,111500.0,100.0,169400.0
819,2021-10-22 03:35:25,111500.0,400.0,169300.0
820,2021-10-22 03:35:25,111600.0,100.0,168900.0
821,2021-10-22 03:35:25,111600.0,300.0,168800.0
822,2021-10-22 03:35:23,111600.0,1000.0,168500.0
823,2021-10-22 03:34:56,111700.0,200.0,167500.0
824,2021-10-22 03:34:48,111600.0,100.0,167300.0
825,2021-10-22 03:33:39,111600.0,600.0,167200.0
826,2021-10-22 03:33:39,111600.0,200.0,166600.0
827,2021-10-22 03:33:38,111700.0,100.0,166400.0
828,2021-10-22 03:32:23,111700.0,200.0,166300.0
829,2021-10-22 03:31:37,111700.0,500.0,166100.0
830,2021-10-22 03:31:30,111700.0,100.0,165600.0
831,2021-10-22 03:30:20,111700.0,100.0,165500.0
832,2021-10-22 03:30:13,111700.0,400.0,165400.0
833,2021-10-22 03:29:51,111700.0,200.0,165000.0
834,2021-10-22 03:29:03,111600.0,100.0,164800.0
835,2021-10-22 03:29:03,111600.0,300.0,164700.0
836,2021-10-22 03:28:56,111600.0,200.0,164400.0
837,2021-10-22 03:28:50,111600.0,500.0,164200.0
838,2021-10-22 03:28:25,111600.0,100.0,163700.0
839,2021-10-22 03:28:15,111500.0,100.0,163600.0
840,2021-10-22 03:28:10,111500.0,100.0,163500.0
841,2021-10-22 03:27:30,111500.0,300.0,163400.0
842,2021-10-22 03:27:15,111500.0,700.0,163100.0
843,2021-10-22 03:26:37,111600.0,100.0,162400.0
844,2021-10-22 03:26:23,111600.0,100.0,162300.0
845,2021-10-22 03:25:34,111600.0,1000.0,162200.0
846,2021-10-22 03:25:33,111600.0,500.0,161200.0
847,2021-10-22 03:24:37,111000.0,400.0,160700.0
848,2021-10-22 03:24:37,111000.0,500.0,160300.0
849,2021-10-22 03:24:37,111000.0,100.0,159800.0
850,2021-10-22 03:24:37,111000.0,200.0,159700.0
851,2021-10-22 03:24:37,111000.0,100.0,159500.0
852,2021-10-22 03:24:37,111000.0,4000.0,159400.0
853,2021-10-22 03:24:37,111000.0,1000.0,155400.0
854,2021-10-22 03:24:37,111000.0,200.0,154400.0
855,2021-10-22 03:24:37,111000.0,400.0,154200.0
856,2021-10-22 03:24:37,111000.0,500.0,153800.0
857,2021-10-22 03:24:37,111000.0,100.0,153300.0
858,2021-10-22 03:24:37,111000.0,100.0,153200.0
859,2021-10-22 03:24:37,111000.0,100.0,153100.0
860,2021-10-22 03:24:37,111000.0,100.0,153000.0
861,2021-10-22 03:24:37,111000.0,200.0,152900.0
862,2021-10-22 03:24:37,111000.0,2000.0,152700.0
863,2021-10-22 03:24:37,111100.0,500.0,150700.0
864,2021-10-22 03:24:37,111100.0,100.0,150200.0
865,2021-10-22 03:24:37,111100.0,100.0,150100.0
866,2021-10-22 03:24:37,111100.0,100.0,150000.0
867,2021-10-22 03:24:37,111100.0,100.0,149900.0
868,2021-10-22 03:24:37,111100.0,100.0,149800.0
869,2021-10-22 03:24:37,111100.0,1000.0,149700.0
870,2021-10-22 03:24:37,111100.0,100.0,148700.0
871,2021-10-22 03:24:37,111100.0,600.0,148600.0
872,2021-10-22 03:24:37,111200.0,100.0,148000.0
873,2021-10-22 03:24:37,111200.0,100.0,147900.0
874,2021-10-22 03:24:37,111200.0,100.0,147800.0
875,2021-10-22 03:24:37,111200.0,1000.0,147700.0
876,2021-10-22 03:24:37,111200.0,100.0,146700.0
877,2021-10-22 03:24:37,111200.0,100.0,146600.0
878,2021-10-22 03:24:37,111200.0,100.0,146500.0
879,2021-10-22 03:24:37,111200.0,200.0,146400.0
880,2021-10-22 03:24:37,111200.0,100.0,146200.0
881,2021-10-22 03:24:37,111200.0,300.0,146100.0
882,2021-10-22 03:24:37,111300.0,200.0,145800.0
883,2021-10-22 03:24:37,111300.0,200.0,145600.0
884,2021-10-22 03:24:37,111300.0,100.0,145400.0
885,2021-10-22 03:24:37,111300.0,500.0,145300.0
886,2021-10-22 03:24:37,111300.0,100.0,144800.0
887,2021-10-22 03:24:37,111300.0,100.0,144700.0
888,2021-10-22 03:24:37,111300.0,100.0,144600.0
889,2021-10-22 03:24:37,111300.0,200.0,144500.0
890,2021-10-22 03:24:37,111300.0,200.0,144300.0
891,2021-10-22 03:24:37,111300.0,1000.0,144100.0
892,2021-10-22 03:24:37,111300.0,200.0,143100.0
893,2021-10-22 03:24:37,111300.0,100.0,142900.0
894,2021-10-22 03:24:37,111300.0,100.0,142800.0
895,2021-10-22 03:24:37,111300.0,700.0,142700.0
896,2021-10-22 03:24:37,111300.0,400.0,142000.0
897,2021-10-22 03:24:37,111400.0,200.0,141600.0
898,2021-10-22 03:24:37,111400.0,100.0,141400.0
899,2021-10-22 03:24:37,111400.0,100.0,141300.0
900,2021-10-22 03:23:55,111400.0,100.0,141200.0
901,2021-10-22 03:23:17,111400.0,300.0,141100.0
902,2021-10-22 03:23:01,111400.0,1000.0,140800.0
903,2021-10-22 03:22:38,111400.0,500.0,139800.0
904,2021-10-22 03:22:16,111400.0,100.0,139300.0
905,2021-10-22 03:22:16,111400.0,1000.0,139200.0
906,2021-10-22 03:22:16,111400.0,100.0,138200.0
907,2021-10-22 03:22:16,111400.0,100.0,138100.0
908,2021-10-22 03:22:16,111400.0,100.0,138000.0
909,2021-10-22 03:22:16,111400.0,200.0,137900.0
910,2021-10-22 03:22:16,111400.0,500.0,137700.0
911,2021-10-22 03:22:16,111400.0,200.0,137200.0
912,2021-10-22 03:22:16,111400.0,300.0,137000.0
913,2021-10-22 03:22:16,111400.0,400.0,136700.0
914,2021-10-22 03:22:16,111500.0,200.0,136300.0
915,2021-10-22 03:22:00,111500.0,100.0,136100.0
916,2021-10-22 03:22:00,111500.0,400.0,136000.0
917,2021-10-22 03:21:00,111600.0,100.0,135600.0
918,2021-10-22 03:20:53,111500.0,200.0,135500.0
919,2021-10-22 03:20:49,111500.0,1400.0,135300.0
920,2021-10-22 03:20:30,111500.0,400.0,133900.0
921,2021-10-22 03:20:30,111500.0,100.0,133500.0
922,2021-10-22 03:19:45,111700.0,100.0,133400.0
923,2021-10-22 03:19:11,111700.0,100.0,133300.0
924,2021-10-22 03:19:11,111600.0,200.0,133200.0
925,2021-10-22 03:19:04,111500.0,200.0,133000.0
926,2021-10-22 03:19:04,111500.0,500.0,132800.0
927,2021-10-22 03:19:04,111500.0,100.0,132300.0
928,2021-10-22 03:19:04,111500.0,100.0,132200.0
929,2021-10-22 03:19:04,111600.0,100.0,132100.0
930,2021-10-22 03:18:55,111700.0,100.0,132000.0
931,2021-10-22 03:18:08,111700.0,400.0,131900.0
932,2021-10-22 03:18:08,111700.0,500.0,131500.0
933,2021-10-22 03:18:08,111700.0,400.0,131000.0
934,2021-10-22 03:18:08,111700.0,200.0,130600.0
935,2021-10-22 03:15:52,111400.0,100.0,130400.0
936,2021-10-22 03:15:39,111300.0,500.0,130300.0
937,2021-10-22 03:14:40,111300.0,100.0,129800.0
938,2021-10-22 03:14:40,111300.0,100.0,129700.0
939,2021-10-22 03:14:40,111400.0,200.0,129600.0
940,2021-10-22 03:14:40,111400.0,400.0,129400.0
941,2021-10-22 03:14:40,111500.0,200.0,129000.0
942,2021-10-22 03:14:28,111500.0,200.0,128800.0
943,2021-10-22 03:14:25,111400.0,100.0,128600.0
944,2021-10-22 03:14:25,111400.0,200.0,128500.0
945,2021-10-22 03:14:25,111400.0,100.0,128300.0
946,2021-10-22 03:14:25,111400.0,100.0,128200.0
947,2021-10-22 03:14:25,111400.0,500.0,128100.0
948,2021-10-22 03:14:08,111500.0,300.0,127600.0
949,2021-10-22 03:14:08,111500.0,200.0,127300.0
950,2021-10-22 03:14:08,111500.0,100.0,127100.0
951,2021-10-22 03:14:04,111500.0,900.0,127000.0
952,2021-10-22 03:14:04,111500.0,200.0,126100.0
953,2021-10-22 03:14:04,111500.0,1000.0,125900.0
954,2021-10-22 03:14:04,111500.0,100.0,124900.0
955,2021-10-22 03:14:04,111500.0,2000.0,124800.0
956,2021-10-22 03:14:04,111500.0,1000.0,122800.0
957,2021-10-22 03:14:04,111500.0,200.0,121800.0
958,2021-10-22 03:14:04,111500.0,500.0,121600.0
959,2021-10-22 03:14:04,111500.0,500.0,121100.0
960,2021-10-22 03:14:04,111500.0,1000.0,120600.0
961,2021-10-22 03:14:04,111500.0,100.0,119600.0
962,2021-10-22 03:14:04,111500.0,500.0,119500.0
963,2021-10-22 03:14:04,111500.0,100.0,119000.0
964,2021-10-22 03:14:04,111500.0,1700.0,118900.0
965,2021-10-22 03:14:04,111600.0,200.0,117200.0
966,2021-10-22 03:13:58,111500.0,2300.0,117000.0
967,2021-10-22 03:13:58,111500.0,100.0,114700.0
968,2021-10-22 03:13:58,111500.0,100.0,114600.0
969,2021-10-22 03:13:58,111500.0,500.0,114500.0
970,2021-10-22 03:13:54,111700.0,100.0,114000.0
971,2021-10-22 03:13:38,111700.0,100.0,113900.0
972,2021-10-22 03:13:30,111600.0,100.0,113800.0
973,2021-10-22 03:13:25,111600.0,100.0,113700.0
974,2021-10-22 03:13:25,111600.0,100.0,113600.0
975,2021-10-22 03:13:18,111700.0,100.0,113500.0
976,2021-10-22 03:12:57,111800.0,100.0,113400.0
977,2021-10-22 03:12:38,111800.0,100.0,113300.0
978,2021-10-22 03:12:28,111800.0,100.0,113200.0
979,2021-10-22 03:11:56,111800.0,100.0,113100.0
980,2021-10-22 03:11:28,111800.0,100.0,113000.0
981,2021-10-22 03:10:55,111800.0,100.0,112900.0
982,2021-10-22 03:10:19,111500.0,2000.0,112800.0
983,2021-10-22 03:10:19,111500.0,100.0,110800.0
984,2021-10-22 03:10:19,111500.0,100.0,110700.0
985,2021-10-22 03:10:19,111500.0,100.0,110600.0
986,2021-10-22 03:10:19,111500.0,100.0,110500.0
987,2021-10-22 03:10:19,111500.0,600.0,110400.0
988,2021-10-22 03:09:28,111500.0,100.0,109800.0
989,2021-10-22 03:09:15,111500.0,100.0,109700.0
990,2021-10-22 03:08:23,111500.0,100.0,109600.0
991,2021-10-22 03:08:22,111500.0,100.0,109500.0
992,2021-10-22 03:08:13,111500.0,100.0,109400.0
993,2021-10-22 03:08:13,111500.0,300.0,109300.0
994,2021-10-22 03:08:13,111500.0,100.0,109000.0
995,2021-10-22 03:08:13,111500.0,100.0,108900.0
996,2021-10-22 03:07:56,111500.0,200.0,108800.0
997,2021-10-22 03:07:56,111500.0,200.0,108600.0
998,2021-10-22 03:07:51,111500.0,100.0,108400.0
999,2021-10-22 03:07:18,111500.0,100.0,108300.0
1000,2021-10-22 03:07:01,111500.0,500.0,108200.0
1001,2021-10-22 03:06:59,111500.0,100.0,107700.0
1002,2021-10-22 03:06:56,111500.0,100.0,107600.0
1003,2021-10-22 03:06:50,111500.0,100.0,107500.0
1004,2021-10-22 03:06:49,111500.0,200.0,107400.0
1005,2021-10-22 03:06:47,111500.0,100.0,107200.0
1006,2021-10-22 03:06:47,111500.0,200.0,107100.0
1007,2021-10-22 03:06:47,111500.0,6000.0,106900.0
1008,2021-10-22 03:06:47,111500.0,100.0,100900.0
1009,2021-10-22 03:06:47,111500.0,100.0,100800.0
1010,2021-10-22 03:06:47,111500.0,200.0,100700.0
1011,2021-10-22 03:06:47,111500.0,100.0,100500.0
1012,2021-10-22 03:06:47,111500.0,100.0,100400.0
1013,2021-10-22 03:06:47,111500.0,1000.0,100300.0
1014,2021-10-22 03:06:47,111500.0,100.0,99300.0
1015,2021-10-22 03:06:47,111500.0,600.0,99200.0
1016,2021-10-22 03:06:47,111500.0,100.0,98600.0
1017,2021-10-22 03:06:47,111500.0,100.0,98500.0
1018,2021-10-22 03:06:47,111500.0,100.0,98400.0
1019,2021-10-22 03:06:47,111500.0,100.0,98300.0
1020,2021-10-22 03:06:47,111500.0,100.0,98200.0
1021,2021-10-22 03:06:47,111500.0,500.0,98100.0
1022,2021-10-22 03:06:47,111500.0,100.0,97600.0
1023,2021-10-22 03:06:47,111500.0,100.0,97500.0
1024,2021-10-22 03:06:47,111500.0,1000.0,97400.0
1025,2021-10-22 03:06:47,111500.0,1000.0,96400.0
1026,2021-10-22 03:06:47,111600.0,300.0,95400.0
1027,2021-10-22 03:06:47,111600.0,100.0,95100.0
1028,2021-10-22 03:06:47,111600.0,100.0,95000.0
1029,2021-10-22 03:06:47,111600.0,100.0,94900.0
1030,2021-10-22 03:06:47,111600.0,800.0,94800.0
1031,2021-10-22 03:06:15,111600.0,1200.0,94000.0
1032,2021-10-22 03:06:15,111600.0,100.0,92800.0
1033,2021-10-22 03:06:15,111600.0,500.0,92700.0
1034,2021-10-22 03:06:15,111600.0,100.0,92200.0
1035,2021-10-22 03:06:15,111600.0,500.0,92100.0
1036,2021-10-22 03:06:15,111600.0,1500.0,91600.0
1037,2021-10-22 03:06:15,111600.0,100.0,90100.0
1038,2021-10-22 03:06:15,111600.0,200.0,90000.0
1039,2021-10-22 03:06:15,111600.0,500.0,89800.0
1040,2021-10-22 03:06:15,111600.0,100.0,89300.0
1041,2021-10-22 03:06:15,111600.0,100.0,89200.0
1042,2021-10-22 03:06:15,111700.0,100.0,89100.0
1043,2021-10-22 03:04:57,111600.0,200.0,89000.0
1044,2021-10-22 03:04:57,111600.0,300.0,88800.0
1045,2021-10-22 03:04:57,111700.0,100.0,88500.0
1046,2021-10-22 03:04:57,111700.0,100.0,88400.0
1047,2021-10-22 03:04:57,111700.0,100.0,88300.0
1048,2021-10-22 03:04:57,111800.0,200.0,88200.0
1049,2021-10-22 03:04:46,111900.0,300.0,88000.0
1050,2021-10-22 03:04:32,111900.0,200.0,87700.0
1051,2021-10-22 03:04:15,111900.0,100.0,87500.0
1052,2021-10-22 03:03:24,111900.0,600.0,87400.0
1053,2021-10-22 03:03:21,111900.0,100.0,86800.0
1054,2021-10-22 03:03:06,111900.0,1000.0,86700.0
1055,2021-10-22 03:02:48,111900.0,2800.0,85700.0
1056,2021-10-22 03:02:48,111800.0,500.0,82900.0
1057,2021-10-22 03:02:31,111800.0,100.0,82400.0
1058,2021-10-22 03:02:24,111900.0,200.0,82300.0
1059,2021-10-22 03:01:31,111900.0,100.0,82100.0
1060,2021-10-22 03:01:12,111900.0,100.0,82000.0
1061,2021-10-22 03:00:55,111900.0,400.0,81900.0
1062,2021-10-22 03:00:55,111800.0,300.0,81500.0
1063,2021-10-22 03:00:55,111600.0,300.0,81200.0
1064,2021-10-22 03:00:54,111600.0,500.0,80900.0
1065,2021-10-22 03:00:45,111600.0,100.0,80400.0
1066,2021-10-22 03:00:45,111600.0,100.0,80300.0
1067,2021-10-22 03:00:45,111600.0,100.0,80200.0
1068,2021-10-22 03:00:45,111600.0,100.0,80100.0
1069,2021-10-22 03:00:45,111600.0,100.0,80000.0
1070,2021-10-22 03:00:45,111600.0,200.0,79900.0
1071,2021-10-22 03:00:45,111700.0,100.0,79700.0
1072,2021-10-22 03:00:45,111700.0,100.0,79600.0
1073,2021-10-22 03:00:45,111700.0,100.0,79500.0
1074,2021-10-22 03:00:45,111700.0,500.0,79400.0
1075,2021-10-22 03:00:45,111700.0,100.0,78900.0
1076,2021-10-22 03:00:45,111700.0,100.0,78800.0
1077,2021-10-22 03:00:28,111800.0,100.0,78700.0
1078,2021-10-22 03:00:28,111800.0,100.0,78600.0
1079,2021-10-22 03:00:10,111800.0,300.0,78500.0
1080,2021-10-22 03:00:07,111800.0,100.0,78200.0
1081,2021-10-22 03:00:07,111800.0,100.0,78100.0
1082,2021-10-22 03:00:07,111800.0,200.0,78000.0
1083,2021-10-22 03:00:07,111800.0,100.0,77800.0
1084,2021-10-22 03:00:07,111800.0,300.0,77700.0
1085,2021-10-22 03:00:00,111900.0,100.0,77400.0
1086,2021-10-22 02:59:51,111900.0,100.0,77300.0
1087,2021-10-22 02:58:32,111800.0,100.0,77200.0
1088,2021-10-22 02:58:32,111800.0,100.0,77100.0
1089,2021-10-22 02:57:50,112000.0,200.0,77000.0
1090,2021-10-22 02:57:29,111800.0,100.0,76800.0
1091,2021-10-22 02:57:18,111800.0,1000.0,76700.0
1092,2021-10-22 02:57:18,111800.0,100.0,75700.0
1093,2021-10-22 02:57:18,111800.0,100.0,75600.0
1094,2021-10-22 02:57:18,111800.0,200.0,75500.0
1095,2021-10-22 02:57:18,111800.0,300.0,75300.0
1096,2021-10-22 02:57:18,111800.0,100.0,75000.0
1097,2021-10-22 02:57:18,111800.0,100.0,74900.0
1098,2021-10-22 02:57:18,111800.0,100.0,74800.0
1099,2021-10-22 02:57:18,111800.0,100.0,74700.0
1100,2021-10-22 02:57:18,111800.0,500.0,74600.0
1101,2021-10-22 02:57:18,111800.0,200.0,74100.0
1102,2021-10-22 02:57:18,111800.0,100.0,73900.0
1103,2021-10-22 02:57:18,111800.0,100.0,73800.0
1104,2021-10-22 02:57:18,111800.0,500.0,73700.0
1105,2021-10-22 02:57:18,111800.0,400.0,73200.0
1106,2021-10-22 02:57:18,111900.0,400.0,72800.0
1107,2021-10-22 02:57:18,111900.0,200.0,72400.0
1108,2021-10-22 02:57:18,111900.0,200.0,72200.0
1109,2021-10-22 02:57:18,111900.0,100.0,72000.0
1110,2021-10-22 02:57:18,111900.0,100.0,71900.0
1111,2021-10-22 02:56:23,112000.0,100.0,71800.0
1112,2021-10-22 02:56:23,112000.0,500.0,71700.0
1113,2021-10-22 02:56:14,111900.0,400.0,71200.0
1114,2021-10-22 02:55:52,111900.0,500.0,70800.0
1115,2021-10-22 02:55:20,111900.0,200.0,70300.0
1116,2021-10-22 02:55:20,111900.0,500.0,70100.0
1117,2021-10-22 02:55:20,111900.0,100.0,69600.0
1118,2021-10-22 02:54:53,112000.0,200.0,69500.0
1119,2021-10-22 02:54:43,112000.0,100.0,69300.0
1120,2021-10-22 02:54:43,112000.0,300.0,69200.0
1121,2021-10-22 02:54:37,112000.0,700.0,68900.0
1122,2021-10-22 02:54:37,112000.0,100.0,68200.0
1123,2021-10-22 02:54:37,112000.0,200.0,68100.0
1124,2021-10-22 02:54:20,112000.0,100.0,67900.0
1125,2021-10-22 02:53:47,112000.0,100.0,67800.0
1126,2021-10-22 02:53:47,112000.0,300.0,67700.0
1127,2021-10-22 02:53:47,112000.0,1000.0,67400.0
1128,2021-10-22 02:53:47,112000.0,600.0,66400.0
1129,2021-10-22 02:53:44,112000.0,400.0,65800.0
1130,2021-10-22 02:53:39,112100.0,100.0,65400.0
1131,2021-10-22 02:53:39,112100.0,200.0,65300.0
1132,2021-10-22 02:53:20,112100.0,200.0,65100.0
1133,2021-10-22 02:53:10,112100.0,200.0,64900.0
1134,2021-10-22 02:52:07,112100.0,200.0,64700.0
1135,2021-10-22 02:51:39,112100.0,200.0,64500.0
1136,2021-10-22 02:51:39,112100.0,800.0,64300.0
1137,2021-10-22 02:49:46,112100.0,100.0,63500.0
1138,2021-10-22 02:48:35,112000.0,500.0,63400.0
1139,2021-10-22 02:48:13,112000.0,100.0,62900.0
1140,2021-10-22 02:48:07,112100.0,100.0,62800.0
1141,2021-10-22 02:47:52,112000.0,200.0,62700.0
1142,2021-10-22 02:47:12,112000.0,100.0,62500.0
1143,2021-10-22 02:46:41,112000.0,100.0,62400.0
1144,2021-10-22 02:46:41,112000.0,100.0,62300.0
1145,2021-10-22 02:46:41,112000.0,400.0,62200.0
1146,2021-10-22 02:46:41,112000.0,400.0,61800.0
1147,2021-10-22 02:46:20,112000.0,500.0,61400.0
1148,2021-10-22 02:46:06,111900.0,100.0,60900.0
1149,2021-10-22 02:46:06,111900.0,300.0,60800.0
1150,2021-10-22 02:46:06,111900.0,200.0,60500.0
1151,2021-10-22 02:45:35,111900.0,800.0,60300.0
1152,2021-10-22 02:44:57,111800.0,1100.0,59500.0
1153,2021-10-22 02:44:50,111900.0,100.0,58400.0
1154,2021-10-22 02:44:50,111900.0,300.0,58300.0
1155,2021-10-22 02:44:19,111900.0,300.0,58000.0
1156,2021-10-22 02:44:10,111900.0,200.0,57700.0
1157,2021-10-22 02:44:00,111900.0,100.0,57500.0
1158,2021-10-22 02:44:00,111900.0,200.0,57400.0
1159,2021-10-22 02:43:39,111900.0,200.0,57200.0
1160,2021-10-22 02:43:22,111900.0,200.0,57000.0
1161,2021-10-22 02:43:09,111800.0,500.0,56800.0
1162,2021-10-22 02:43:06,111800.0,100.0,56300.0
1163,2021-10-22 02:43:00,111900.0,400.0,56200.0
1164,2021-10-22 02:42:35,111900.0,100.0,55800.0
1165,2021-10-22 02:42:18,111900.0,100.0,55700.0
1166,2021-10-22 02:42:18,111900.0,200.0,55600.0
1167,2021-10-22 02:42:18,111900.0,100.0,55400.0
1168,2021-10-22 02:42:09,112000.0,100.0,55300.0
1169,2021-10-22 02:42:00,112000.0,100.0,55200.0
1170,2021-10-22 02:41:43,112000.0,500.0,55100.0
1171,2021-10-22 02:41:43,112000.0,100.0,54600.0
1172,2021-10-22 02:41:43,112000.0,100.0,54500.0
1173,2021-10-22 02:41:43,112000.0,300.0,54400.0
1174,2021-10-22 02:41:43,112000.0,100.0,54100.0
1175,2021-10-22 02:41:43,112000.0,100.0,54000.0
1176,2021-10-22 02:41:43,112000.0,100.0,53900.0
1177,2021-10-22 02:41:43,112000.0,1000.0,53800.0
1178,2021-10-22 02:41:43,112000.0,500.0,52800.0
1179,2021-10-22 02:41:43,112000.0,200.0,52300.0
1180,2021-10-22 02:41:43,112000.0,400.0,52100.0
1181,2021-10-22 02:41:43,112000.0,200.0,51700.0
1182,2021-10-22 02:41:43,112000.0,500.0,51500.0
1183,2021-10-22 02:41:43,112000.0,100.0,51000.0
1184,2021-10-22 02:41:43,112000.0,100.0,50900.0
1185,2021-10-22 02:41:43,112000.0,200.0,50800.0
1186,2021-10-22 02:41:43,112000.0,300.0,50600.0
1187,2021-10-22 02:41:43,112000.0,100.0,50300.0
1188,2021-10-22 02:41:43,112000.0,100.0,50200.0
1189,2021-10-22 02:41:43,112000.0,100.0,50100.0
1190,2021-10-22 02:41:43,112000.0,200.0,50000.0
1191,2021-10-22 02:41:43,112000.0,200.0,49800.0
1192,2021-10-22 02:41:43,112000.0,100.0,49600.0
1193,2021-10-22 02:41:43,112000.0,100.0,49500.0
1194,2021-10-22 02:41:43,112000.0,200.0,49400.0
1195,2021-10-22 02:41:43,112000.0,2000.0,49200.0
1196,2021-10-22 02:41:43,112000.0,500.0,47200.0
1197,2021-10-22 02:41:43,112000.0,500.0,46700.0
1198,2021-10-22 02:41:22,112000.0,1100.0,46200.0
1199,2021-10-22 02:41:22,112000.0,1000.0,45100.0
1200,2021-10-22 02:41:22,112100.0,200.0,44100.0
1201,2021-10-22 02:41:22,112100.0,100.0,43900.0
1202,2021-10-22 02:41:22,112100.0,500.0,43800.0
1203,2021-10-22 02:41:22,112100.0,100.0,43300.0
1204,2021-10-22 02:41:22,112100.0,200.0,43200.0
1205,2021-10-22 02:41:22,112100.0,100.0,43000.0
1206,2021-10-22 02:41:22,112100.0,1700.0,42900.0
1207,2021-10-22 02:41:22,112100.0,200.0,41200.0
1208,2021-10-22 02:41:22,112100.0,100.0,41000.0
1209,2021-10-22 02:41:22,112100.0,100.0,40900.0
1210,2021-10-22 02:41:22,112100.0,100.0,40800.0
1211,2021-10-22 02:41:22,112100.0,100.0,40700.0
1212,2021-10-22 02:41:22,112100.0,100.0,40600.0
1213,2021-10-22 02:41:22,112100.0,100.0,40500.0
1214,2021-10-22 02:41:22,112100.0,100.0,40400.0
1215,2021-10-22 02:41:22,112100.0,500.0,40300.0
1216,2021-10-22 02:41:22,112100.0,100.0,39800.0
1217,2021-10-22 02:41:22,112300.0,500.0,39700.0
1218,2021-10-22 02:40:29,112300.0,200.0,39200.0
1219,2021-10-22 02:40:24,112300.0,100.0,39000.0
1220,2021-10-22 02:40:24,112300.0,100.0,38900.0
1221,2021-10-22 02:40:16,112300.0,100.0,38800.0
1222,2021-10-22 02:39:30,112300.0,400.0,38700.0
1223,2021-10-22 02:39:13,112300.0,1000.0,38300.0
1224,2021-10-22 02:37:05,112400.0,400.0,37300.0
1225,2021-10-22 02:37:05,112300.0,100.0,36900.0
1226,2021-10-22 02:36:26,112100.0,100.0,36800.0
1227,2021-10-22 02:36:26,112100.0,100.0,36700.0
1228,2021-10-22 02:36:26,112100.0,400.0,36600.0
1229,2021-10-22 02:36:26,112100.0,100.0,36200.0
1230,2021-10-22 02:36:26,112100.0,500.0,36100.0
1231,2021-10-22 02:36:26,112100.0,100.0,35600.0
1232,2021-10-22 02:36:26,112100.0,100.0,35500.0
1233,2021-10-22 02:36:26,112200.0,100.0,35400.0
1234,2021-10-22 02:34:15,112100.0,100.0,35300.0
1235,2021-10-22 02:34:06,112100.0,600.0,35200.0
1236,2021-10-22 02:34:06,112200.0,500.0,34600.0
1237,2021-10-22 02:34:06,112200.0,100.0,34100.0
1238,2021-10-22 02:34:04,112300.0,100.0,34000.0
1239,2021-10-22 02:33:49,112200.0,100.0,33900.0
1240,2021-10-22 02:33:34,112200.0,100.0,33800.0
1241,2021-10-22 02:32:51,112200.0,500.0,33700.0
1242,2021-10-22 02:32:51,112200.0,100.0,33200.0
1243,2021-10-22 02:32:51,112200.0,200.0,33100.0
1244,2021-10-22 02:32:46,112200.0,100.0,32900.0
1245,2021-10-22 02:32:46,112200.0,100.0,32800.0
1246,2021-10-22 02:32:46,112200.0,300.0,32700.0
1247,2021-10-22 02:32:46,112200.0,200.0,32400.0
1248,2021-10-22 02:32:39,112200.0,100.0,32200.0
1249,2021-10-22 02:32:39,112200.0,200.0,32100.0
1250,2021-10-22 02:32:39,112200.0,200.0,31900.0
1251,2021-10-22 02:32:39,112200.0,100.0,31700.0
1252,2021-10-22 02:32:31,112200.0,400.0,31600.0
1253,2021-10-22 02:32:31,112200.0,100.0,31200.0
1254,2021-10-22 02:32:31,112200.0,100.0,31100.0
1255,2021-10-22 02:32:31,112200.0,200.0,31000.0
1256,2021-10-22 02:32:31,112200.0,3700.0,30800.0
1257,2021-10-22 02:32:27,112200.0,1000.0,27100.0
1258,2021-10-22 02:31:50,112200.0,400.0,26100.0
1259,2021-10-22 02:31:35,112200.0,100.0,25700.0
1260,2021-10-22 02:30:38,112200.0,200.0,25600.0
1261,2021-10-22 02:30:00,112300.0,100.0,25400.0
1262,2021-10-22 02:28:44,112200.0,500.0,25300.0
1263,2021-10-22 02:28:12,112300.0,100.0,24800.0
1264,2021-10-22 02:27:25,112300.0,200.0,24700.0
1265,2021-10-22 02:27:12,112300.0,200.0,24500.0
1266,2021-10-22 02:27:12,112300.0,800.0,24300.0
1267,2021-10-22 02:26:52,112200.0,1600.0,23500.0
1268,2021-10-22 02:26:16,112200.0,200.0,21900.0
1269,2021-10-22 02:25:20,112300.0,300.0,21700.0
1270,2021-10-22 02:25:07,112300.0,100.0,21400.0
1271,2021-10-22 02:25:01,112300.0,200.0,21300.0
1272,2021-10-22 02:24:49,112300.0,300.0,21100.0
1273,2021-10-22 02:24:49,112300.0,200.0,20800.0
1274,2021-10-22 02:24:49,112300.0,700.0,20600.0
1275,2021-10-22 02:23:32,112300.0,1000.0,19900.0
1276,2021-10-22 02:23:02,112500.0,200.0,18900.0
1277,2021-10-22 02:22:20,112500.0,2000.0,18700.0
1278,2021-10-22 02:21:54,112300.0,200.0,16700.0
1279,2021-10-22 02:21:41,112200.0,2300.0,16500.0
1280,2021-10-22 02:21:41,112200.0,700.0,14200.0
1281,2021-10-22 02:21:41,112200.0,100.0,13500.0
1282,2021-10-22 02:21:41,112200.0,1300.0,13400.0
1283,2021-10-22 02:21:41,112200.0,100.0,12100.0
1284,2021-10-22 02:21:41,112200.0,300.0,12000.0
1285,2021-10-22 02:21:41,112200.0,100.0,11700.0
1286,2021-10-22 02:21:41,112300.0,100.0,11600.0
1287,2021-10-22 02:20:39,112200.0,500.0,11500.0
1288,2021-10-22 02:19:48,112200.0,400.0,11000.0
1289,2021-10-22 02:19:48,112200.0,400.0,10600.0
1290,2021-10-22 02:19:48,112200.0,700.0,10200.0
1291,2021-10-22 02:18:33,112100.0,200.0,9500.0
1292,2021-10-22 02:18:33,112100.0,200.0,9300.0
1293,2021-10-22 02:18:33,112100.0,500.0,9100.0
1294,2021-10-22 02:17:49,112100.0,100.0,8600.0
1295,2021-10-22 02:17:49,112200.0,100.0,8500.0
1296,2021-10-22 02:17:49,112200.0,200.0,8400.0
1297,2021-10-22 02:17:49,112200.0,2100.0,8200.0
1298,2021-10-22 02:17:40,112200.0,400.0,6100.0
1299,2021-10-22 02:17:36,112200.0,100.0,5700.0
1300,2021-10-22 02:17:36,112200.0,300.0,5600.0
1301,2021-10-22 02:17:36,112200.0,100.0,5300.0
1302,2021-10-22 02:17:03,112200.0,400.0,5200.0
1303,2021-10-22 02:17:03,112400.0,100.0,4800.0
1304,2021-10-22 02:17:03,112500.0,300.0,4700.0
1305,2021-10-22 02:17:03,112800.0,200.0,4400.0
1306,2021-10-22 02:16:45,112900.0,300.0,4200.0
1307,2021-10-22 02:16:13,113000.0,200.0,3900.0
1308,2021-10-22 02:16:13,113000.0,300.0,3700.0
1309,2021-10-22 02:15:39,113000.0,100.0,3400.0
1310,2021-10-22 02:15:39,113000.0,500.0,3300.0
1311,2021-10-22 02:15:39,113000.0,100.0,2800.0
1312,2021-10-22 02:15:00,112900.0,100.0,2700.0
1313,2021-10-22 02:15:00,112900.0,100.0,2600.0
1314,2021-10-22 02:15:00,112900.0,100.0,2500.0
1315,2021-10-22 02:15:00,112900.0,100.0,2400.0
1316,2021-10-22 02:15:00,112900.0,600.0,2300.0
1317,2021-10-22 02:15:00,112900.0,200.0,1700.0
1318,2021-10-22 02:15:00,112900.0,500.0,1500.0
1319,2021-10-22 02:15:00,112900.0,300.0,1000.0
1320,2021-10-22 02:15:00,112900.0,100.0,700.0
1321,2021-10-22 02:15:00,112900.0,200.0,600.0
1322,2021-10-22 02:15:00,112900.0,400.0,400.0
