,Time,Price,Volume_per_trade,Volume
0,2021-10-06 07:45:00,117900.0,400.0,322500.0
1,2021-10-06 07:45:00,117900.0,100.0,322100.0
2,2021-10-06 07:45:00,117900.0,100.0,322000.0
3,2021-10-06 07:45:00,117900.0,1000.0,321900.0
4,2021-10-06 07:45:00,117900.0,100.0,320900.0
5,2021-10-06 07:45:00,117900.0,400.0,320800.0
6,2021-10-06 07:45:00,117900.0,100.0,320400.0
7,2021-10-06 07:45:00,117900.0,100.0,320300.0
8,2021-10-06 07:45:00,117900.0,200.0,320200.0
9,2021-10-06 07:45:00,117900.0,100.0,320000.0
10,2021-10-06 07:45:00,117900.0,900.0,319900.0
11,2021-10-06 07:45:00,117900.0,400.0,319000.0
12,2021-10-06 07:45:00,117900.0,100.0,318600.0
13,2021-10-06 07:45:00,117900.0,300.0,318500.0
14,2021-10-06 07:45:00,117900.0,400.0,318200.0
15,2021-10-06 07:45:00,117900.0,100.0,317800.0
16,2021-10-06 07:45:00,117900.0,200.0,317700.0
17,2021-10-06 07:45:00,117900.0,1000.0,317500.0
18,2021-10-06 07:45:00,117900.0,500.0,316500.0
19,2021-10-06 07:45:00,117900.0,1900.0,316000.0
20,2021-10-06 07:45:00,117900.0,300.0,314100.0
21,2021-10-06 07:45:00,117900.0,1300.0,313800.0
22,2021-10-06 07:45:00,117900.0,700.0,312500.0
23,2021-10-06 07:45:00,117900.0,200.0,311800.0
24,2021-10-06 07:45:00,117900.0,800.0,311600.0
25,2021-10-06 07:45:00,117900.0,100.0,310800.0
26,2021-10-06 07:45:00,117900.0,300.0,310700.0
27,2021-10-06 07:45:00,117900.0,100.0,310400.0
28,2021-10-06 07:45:00,117900.0,300.0,310300.0
29,2021-10-06 07:45:00,117900.0,100.0,310000.0
30,2021-10-06 07:45:00,117900.0,200.0,309900.0
31,2021-10-06 07:45:00,117900.0,100.0,309700.0
32,2021-10-06 07:45:00,117900.0,200.0,309600.0
33,2021-10-06 07:45:00,117900.0,100.0,309400.0
34,2021-10-06 07:45:00,117900.0,900.0,309300.0
35,2021-10-06 07:45:00,117900.0,400.0,308400.0
36,2021-10-06 07:45:00,117900.0,600.0,308000.0
37,2021-10-06 07:45:00,117900.0,200.0,307400.0
38,2021-10-06 07:45:00,117900.0,700.0,307200.0
39,2021-10-06 07:45:00,117900.0,300.0,306500.0
40,2021-10-06 07:28:58,117000.0,400.0,306200.0
41,2021-10-06 07:28:58,116800.0,100.0,305800.0
42,2021-10-06 07:28:58,116800.0,1000.0,305700.0
43,2021-10-06 07:27:24,116800.0,200.0,304700.0
44,2021-10-06 07:27:18,116800.0,300.0,304500.0
45,2021-10-06 07:27:04,116800.0,100.0,304200.0
46,2021-10-06 07:26:51,116800.0,400.0,304100.0
47,2021-10-06 07:26:51,116800.0,100.0,303700.0
48,2021-10-06 07:26:11,116700.0,400.0,303600.0
49,2021-10-06 07:25:11,116700.0,300.0,303200.0
50,2021-10-06 07:24:32,116800.0,1000.0,302900.0
51,2021-10-06 07:23:22,116700.0,100.0,301900.0
52,2021-10-06 07:23:18,116700.0,100.0,301800.0
53,2021-10-06 07:23:08,116700.0,200.0,301700.0
54,2021-10-06 07:23:08,116700.0,200.0,301500.0
55,2021-10-06 07:23:08,116700.0,100.0,301300.0
56,2021-10-06 07:23:08,116700.0,200.0,301200.0
57,2021-10-06 07:22:03,116700.0,100.0,301000.0
58,2021-10-06 07:22:03,116700.0,100.0,300900.0
59,2021-10-06 07:21:45,116800.0,1000.0,300800.0
60,2021-10-06 07:21:06,116700.0,200.0,299800.0
61,2021-10-06 07:20:36,116700.0,100.0,299600.0
62,2021-10-06 07:20:03,116700.0,100.0,299500.0
63,2021-10-06 07:19:29,116700.0,100.0,299400.0
64,2021-10-06 07:17:48,116600.0,500.0,299300.0
65,2021-10-06 07:17:26,116600.0,100.0,298800.0
66,2021-10-06 07:17:26,116600.0,200.0,298700.0
67,2021-10-06 07:17:26,116600.0,200.0,298500.0
68,2021-10-06 07:17:26,116600.0,400.0,298300.0
69,2021-10-06 07:17:26,116600.0,300.0,297900.0
70,2021-10-06 07:17:26,116600.0,1000.0,297600.0
71,2021-10-06 07:15:54,116800.0,1000.0,296600.0
72,2021-10-06 07:14:43,116800.0,900.0,295600.0
73,2021-10-06 07:13:55,116800.0,100.0,294700.0
74,2021-10-06 07:13:55,116800.0,400.0,294600.0
75,2021-10-06 07:13:05,116800.0,600.0,294200.0
76,2021-10-06 07:12:23,116500.0,100.0,293600.0
77,2021-10-06 07:12:23,116600.0,200.0,293500.0
78,2021-10-06 07:12:23,116600.0,200.0,293300.0
79,2021-10-06 07:12:03,116600.0,100.0,293100.0
80,2021-10-06 07:11:50,116600.0,700.0,293000.0
81,2021-10-06 07:11:34,116600.0,100.0,292300.0
82,2021-10-06 07:11:34,116600.0,800.0,292200.0
83,2021-10-06 07:11:34,116600.0,500.0,291400.0
84,2021-10-06 07:11:34,116600.0,100.0,290900.0
85,2021-10-06 07:11:34,116600.0,100.0,290800.0
86,2021-10-06 07:11:34,116600.0,200.0,290700.0
87,2021-10-06 07:10:39,116800.0,200.0,290500.0
88,2021-10-06 07:10:39,116800.0,400.0,290300.0
89,2021-10-06 07:10:09,116800.0,300.0,289900.0
90,2021-10-06 07:10:09,116800.0,200.0,289600.0
91,2021-10-06 07:10:01,116900.0,100.0,289400.0
92,2021-10-06 07:09:12,116900.0,500.0,289300.0
93,2021-10-06 07:09:10,116800.0,800.0,288800.0
94,2021-10-06 07:08:17,116800.0,100.0,288000.0
95,2021-10-06 07:07:59,116900.0,1800.0,287900.0
96,2021-10-06 07:07:59,116900.0,200.0,286100.0
97,2021-10-06 07:06:45,117000.0,100.0,285900.0
98,2021-10-06 07:06:12,117000.0,100.0,285800.0
99,2021-10-06 07:05:47,116500.0,200.0,285700.0
100,2021-10-06 07:05:47,116500.0,2000.0,285500.0
101,2021-10-06 07:04:39,116500.0,300.0,283500.0
102,2021-10-06 07:04:13,116500.0,100.0,283200.0
103,2021-10-06 07:04:13,116500.0,100.0,283100.0
104,2021-10-06 07:04:13,116500.0,100.0,283000.0
105,2021-10-06 07:02:43,116900.0,100.0,282900.0
106,2021-10-06 07:02:43,116600.0,100.0,282800.0
107,2021-10-06 07:02:43,116600.0,100.0,282700.0
108,2021-10-06 07:02:07,116600.0,600.0,282600.0
109,2021-10-06 07:02:02,116600.0,400.0,282000.0
110,2021-10-06 07:01:37,116600.0,200.0,281600.0
111,2021-10-06 07:01:17,116600.0,1000.0,281400.0
112,2021-10-06 07:01:17,116600.0,100.0,280400.0
113,2021-10-06 07:01:06,116600.0,100.0,280300.0
114,2021-10-06 07:01:00,116600.0,100.0,280200.0
115,2021-10-06 07:00:21,116600.0,1000.0,280100.0
116,2021-10-06 07:00:00,116600.0,500.0,279100.0
117,2021-10-06 06:59:59,116600.0,100.0,278600.0
118,2021-10-06 06:59:48,116600.0,100.0,278500.0
119,2021-10-06 06:59:40,116600.0,300.0,278400.0
120,2021-10-06 06:59:40,116600.0,100.0,278100.0
121,2021-10-06 06:59:40,116600.0,200.0,278000.0
122,2021-10-06 06:58:17,116600.0,200.0,277800.0
123,2021-10-06 06:58:17,116600.0,300.0,277600.0
124,2021-10-06 06:57:09,116600.0,200.0,277300.0
125,2021-10-06 06:57:09,116600.0,100.0,277100.0
126,2021-10-06 06:57:09,116600.0,1000.0,277000.0
127,2021-10-06 06:57:09,116600.0,200.0,276000.0
128,2021-10-06 06:56:00,116600.0,100.0,275800.0
129,2021-10-06 06:53:53,116600.0,200.0,275700.0
130,2021-10-06 06:53:53,116600.0,500.0,275500.0
131,2021-10-06 06:53:08,116600.0,500.0,275000.0
132,2021-10-06 06:53:08,116900.0,1500.0,274500.0
133,2021-10-06 06:53:04,116900.0,3500.0,273000.0
134,2021-10-06 06:52:51,116600.0,100.0,269500.0
135,2021-10-06 06:52:51,116600.0,500.0,269400.0
136,2021-10-06 06:52:51,116600.0,500.0,268900.0
137,2021-10-06 06:52:51,116800.0,100.0,268400.0
138,2021-10-06 06:52:51,116800.0,400.0,268300.0
139,2021-10-06 06:52:41,116800.0,200.0,267900.0
140,2021-10-06 06:52:35,116800.0,100.0,267700.0
141,2021-10-06 06:52:22,116800.0,400.0,267600.0
142,2021-10-06 06:51:58,116800.0,300.0,267200.0
143,2021-10-06 06:51:53,116800.0,200.0,266900.0
144,2021-10-06 06:51:49,116800.0,1000.0,266700.0
145,2021-10-06 06:51:40,116800.0,200.0,265700.0
146,2021-10-06 06:49:59,116500.0,100.0,265500.0
147,2021-10-06 06:49:59,116500.0,100.0,265400.0
148,2021-10-06 06:49:25,116500.0,500.0,265300.0
149,2021-10-06 06:49:15,116500.0,100.0,264800.0
150,2021-10-06 06:49:14,116500.0,100.0,264700.0
151,2021-10-06 06:48:56,116500.0,200.0,264600.0
152,2021-10-06 06:48:42,116500.0,800.0,264400.0
153,2021-10-06 06:48:19,116500.0,100.0,263600.0
154,2021-10-06 06:47:52,116500.0,600.0,263500.0
155,2021-10-06 06:47:52,116500.0,100.0,262900.0
156,2021-10-06 06:47:52,116500.0,100.0,262800.0
157,2021-10-06 06:47:52,116500.0,100.0,262700.0
158,2021-10-06 06:47:25,116600.0,300.0,262600.0
159,2021-10-06 06:46:59,116600.0,200.0,262300.0
160,2021-10-06 06:46:56,116600.0,500.0,262100.0
161,2021-10-06 06:46:44,116600.0,300.0,261600.0
162,2021-10-06 06:46:42,116500.0,1000.0,261300.0
163,2021-10-06 06:46:42,116500.0,100.0,260300.0
164,2021-10-06 06:46:42,116500.0,100.0,260200.0
165,2021-10-06 06:46:42,116500.0,100.0,260100.0
166,2021-10-06 06:46:42,116500.0,100.0,260000.0
167,2021-10-06 06:46:42,116500.0,500.0,259900.0
168,2021-10-06 06:46:42,116500.0,100.0,259400.0
169,2021-10-06 06:46:42,116500.0,100.0,259300.0
170,2021-10-06 06:46:42,116500.0,500.0,259200.0
171,2021-10-06 06:46:42,116500.0,900.0,258700.0
172,2021-10-06 06:46:42,116500.0,500.0,257800.0
173,2021-10-06 06:46:26,116600.0,100.0,257300.0
174,2021-10-06 06:46:26,116600.0,1000.0,257200.0
175,2021-10-06 06:46:26,116600.0,300.0,256200.0
176,2021-10-06 06:46:26,116600.0,200.0,255900.0
177,2021-10-06 06:46:26,116600.0,100.0,255700.0
178,2021-10-06 06:46:26,116600.0,100.0,255600.0
179,2021-10-06 06:46:26,116600.0,200.0,255500.0
180,2021-10-06 06:45:21,116800.0,4600.0,255300.0
181,2021-10-06 06:45:21,116900.0,100.0,250700.0
182,2021-10-06 06:45:21,116900.0,100.0,250600.0
183,2021-10-06 06:44:42,116900.0,300.0,250500.0
184,2021-10-06 06:44:37,116900.0,100.0,250200.0
185,2021-10-06 06:43:50,116900.0,400.0,250100.0
186,2021-10-06 06:41:37,117000.0,100.0,249700.0
187,2021-10-06 06:41:11,117000.0,200.0,249600.0
188,2021-10-06 06:40:35,117000.0,100.0,249400.0
189,2021-10-06 06:40:22,117000.0,200.0,249300.0
190,2021-10-06 06:40:22,117000.0,100.0,249100.0
191,2021-10-06 06:39:48,117000.0,400.0,249000.0
192,2021-10-06 06:39:14,117000.0,1000.0,248600.0
193,2021-10-06 06:39:14,117000.0,300.0,247600.0
194,2021-10-06 06:39:14,117000.0,200.0,247300.0
195,2021-10-06 06:38:35,116800.0,100.0,247100.0
196,2021-10-06 06:37:48,116800.0,100.0,247000.0
197,2021-10-06 06:37:10,116800.0,200.0,246900.0
198,2021-10-06 06:36:56,116800.0,100.0,246700.0
199,2021-10-06 06:36:20,116800.0,100.0,246600.0
200,2021-10-06 06:36:17,116800.0,100.0,246500.0
201,2021-10-06 06:36:17,116800.0,100.0,246400.0
202,2021-10-06 06:35:03,117000.0,300.0,246300.0
203,2021-10-06 06:35:03,116900.0,200.0,246000.0
204,2021-10-06 06:34:45,116800.0,100.0,245800.0
205,2021-10-06 06:32:50,116600.0,200.0,245700.0
206,2021-10-06 06:32:36,116500.0,500.0,245500.0
207,2021-10-06 06:32:36,116500.0,200.0,245000.0
208,2021-10-06 06:32:36,116500.0,200.0,244800.0
209,2021-10-06 06:32:36,116500.0,1600.0,244600.0
210,2021-10-06 06:32:26,116500.0,3000.0,243000.0
211,2021-10-06 06:32:20,116500.0,2400.0,240000.0
212,2021-10-06 06:32:20,116500.0,100.0,237600.0
213,2021-10-06 06:32:20,116500.0,500.0,237500.0
214,2021-10-06 06:32:20,116500.0,500.0,237000.0
215,2021-10-06 06:32:20,116500.0,100.0,236500.0
216,2021-10-06 06:32:20,116500.0,500.0,236400.0
217,2021-10-06 06:32:20,116500.0,100.0,235900.0
218,2021-10-06 06:32:20,116500.0,500.0,235800.0
219,2021-10-06 06:32:20,116500.0,300.0,235300.0
220,2021-10-06 06:32:04,116500.0,700.0,235000.0
221,2021-10-06 06:32:04,116500.0,200.0,234300.0
222,2021-10-06 06:32:04,116500.0,100.0,234100.0
223,2021-10-06 06:32:04,116500.0,500.0,234000.0
224,2021-10-06 06:32:04,116500.0,200.0,233500.0
225,2021-10-06 06:32:04,116500.0,200.0,233300.0
226,2021-10-06 06:32:04,116500.0,100.0,233100.0
227,2021-10-06 06:32:04,116500.0,300.0,233000.0
228,2021-10-06 06:32:04,116500.0,400.0,232700.0
229,2021-10-06 06:32:04,116500.0,100.0,232300.0
230,2021-10-06 06:32:04,116500.0,500.0,232200.0
231,2021-10-06 06:32:04,116500.0,500.0,231700.0
232,2021-10-06 06:32:04,116500.0,100.0,231200.0
233,2021-10-06 06:32:04,116500.0,100.0,231100.0
234,2021-10-06 06:32:04,116500.0,100.0,231000.0
235,2021-10-06 06:32:04,116500.0,900.0,230900.0
236,2021-10-06 06:31:39,116500.0,2900.0,230000.0
237,2021-10-06 06:31:39,116600.0,1000.0,227100.0
238,2021-10-06 06:31:39,116600.0,100.0,226100.0
239,2021-10-06 06:31:39,116600.0,100.0,226000.0
240,2021-10-06 06:31:39,116600.0,1000.0,225900.0
241,2021-10-06 06:31:39,116600.0,2000.0,224900.0
242,2021-10-06 06:31:39,116600.0,1000.0,222900.0
243,2021-10-06 06:31:39,116600.0,100.0,221900.0
244,2021-10-06 06:31:39,116600.0,500.0,221800.0
245,2021-10-06 06:31:39,116600.0,100.0,221300.0
246,2021-10-06 06:31:39,116600.0,1000.0,221200.0
247,2021-10-06 06:31:39,116600.0,100.0,220200.0
248,2021-10-06 06:31:39,116600.0,100.0,220100.0
249,2021-10-06 06:30:59,116800.0,200.0,220000.0
250,2021-10-06 06:30:48,116800.0,1000.0,219800.0
251,2021-10-06 06:30:48,116800.0,600.0,218800.0
252,2021-10-06 06:30:37,116800.0,900.0,218200.0
253,2021-10-06 06:30:37,116800.0,1000.0,217300.0
254,2021-10-06 06:30:37,116800.0,100.0,216300.0
255,2021-10-06 06:30:22,116900.0,200.0,216200.0
256,2021-10-06 06:30:12,116900.0,1000.0,216000.0
257,2021-10-06 06:30:12,116900.0,500.0,215000.0
258,2021-10-06 06:30:12,116900.0,100.0,214500.0
259,2021-10-06 06:26:09,117000.0,200.0,214400.0
260,2021-10-06 06:26:05,117000.0,100.0,214200.0
261,2021-10-06 06:24:48,117000.0,100.0,214100.0
262,2021-10-06 06:24:03,117000.0,100.0,214000.0
263,2021-10-06 06:22:56,117000.0,100.0,213900.0
264,2021-10-06 06:22:56,117000.0,400.0,213800.0
265,2021-10-06 06:22:32,117000.0,100.0,213400.0
266,2021-10-06 06:21:34,117000.0,300.0,213300.0
267,2021-10-06 06:21:34,117000.0,100.0,213000.0
268,2021-10-06 06:19:09,117000.0,100.0,212900.0
269,2021-10-06 06:18:47,116900.0,100.0,212800.0
270,2021-10-06 06:18:18,116900.0,100.0,212700.0
271,2021-10-06 06:14:45,116900.0,100.0,212600.0
272,2021-10-06 06:14:24,116900.0,600.0,212500.0
273,2021-10-06 06:14:24,116900.0,200.0,211900.0
274,2021-10-06 06:14:24,116900.0,300.0,211700.0
275,2021-10-06 06:13:49,117000.0,100.0,211400.0
276,2021-10-06 06:13:41,117000.0,1700.0,211300.0
277,2021-10-06 06:13:11,117000.0,1600.0,209600.0
278,2021-10-06 06:12:34,117000.0,200.0,208000.0
279,2021-10-06 06:12:03,117000.0,200.0,207800.0
280,2021-10-06 06:10:15,117500.0,400.0,207600.0
281,2021-10-06 06:10:15,117400.0,100.0,207200.0
282,2021-10-06 06:10:15,117400.0,500.0,207100.0
283,2021-10-06 06:06:57,117000.0,200.0,206600.0
284,2021-10-06 06:05:24,117000.0,100.0,206400.0
285,2021-10-06 06:05:24,117000.0,100.0,206300.0
286,2021-10-06 06:05:23,117500.0,200.0,206200.0
287,2021-10-06 06:05:23,117500.0,700.0,206000.0
288,2021-10-06 06:05:23,117200.0,100.0,205300.0
289,2021-10-06 06:03:21,117000.0,100.0,205200.0
290,2021-10-06 06:03:21,117000.0,100.0,205100.0
291,2021-10-06 06:03:21,117000.0,200.0,205000.0
292,2021-10-06 06:02:10,117000.0,300.0,204800.0
293,2021-10-06 06:02:10,117000.0,100.0,204500.0
294,2021-10-06 06:02:10,117000.0,100.0,204400.0
295,2021-10-06 06:02:10,117000.0,100.0,204300.0
296,2021-10-06 06:02:10,117100.0,400.0,204200.0
297,2021-10-06 06:00:08,117000.0,100.0,203800.0
298,2021-10-06 06:00:08,117100.0,400.0,203700.0
299,2021-10-06 06:00:07,117100.0,100.0,203300.0
300,2021-10-06 04:28:03,117100.0,100.0,203200.0
301,2021-10-06 04:27:25,117000.0,300.0,203100.0
302,2021-10-06 04:25:37,117000.0,700.0,202800.0
303,2021-10-06 04:25:37,117000.0,2800.0,202100.0
304,2021-10-06 04:25:27,117000.0,100.0,199300.0
305,2021-10-06 04:25:26,116800.0,100.0,199200.0
306,2021-10-06 04:22:17,116600.0,400.0,199100.0
307,2021-10-06 04:22:17,116600.0,600.0,198700.0
308,2021-10-06 04:21:39,116800.0,100.0,198100.0
309,2021-10-06 04:20:19,116800.0,100.0,198000.0
310,2021-10-06 04:20:19,116800.0,700.0,197900.0
311,2021-10-06 04:20:19,116800.0,200.0,197200.0
312,2021-10-06 04:16:17,116800.0,100.0,197000.0
313,2021-10-06 04:16:17,116800.0,300.0,196900.0
314,2021-10-06 04:16:17,116800.0,200.0,196600.0
315,2021-10-06 04:16:17,116800.0,1600.0,196400.0
316,2021-10-06 04:16:17,116800.0,2900.0,194800.0
317,2021-10-06 04:15:24,116900.0,200.0,191900.0
318,2021-10-06 04:14:59,116900.0,800.0,191700.0
319,2021-10-06 04:14:59,116900.0,200.0,190900.0
320,2021-10-06 04:14:55,117000.0,100.0,190700.0
321,2021-10-06 04:13:58,116900.0,200.0,190600.0
322,2021-10-06 04:09:44,117000.0,400.0,190400.0
323,2021-10-06 04:09:24,117000.0,300.0,190000.0
324,2021-10-06 04:09:17,117000.0,100.0,189700.0
325,2021-10-06 04:08:47,117000.0,100.0,189600.0
326,2021-10-06 04:08:47,117000.0,1000.0,189500.0
327,2021-10-06 04:08:47,117000.0,800.0,188500.0
328,2021-10-06 04:07:58,117000.0,200.0,187700.0
329,2021-10-06 04:07:25,117500.0,300.0,187500.0
330,2021-10-06 04:06:58,117500.0,100.0,187200.0
331,2021-10-06 04:06:58,117500.0,300.0,187100.0
332,2021-10-06 04:06:58,117300.0,300.0,186800.0
333,2021-10-06 04:06:36,117100.0,200.0,186500.0
334,2021-10-06 04:06:17,117000.0,100.0,186300.0
335,2021-10-06 04:05:47,117000.0,500.0,186200.0
336,2021-10-06 04:05:47,117000.0,100.0,185700.0
337,2021-10-06 04:05:47,117000.0,300.0,185600.0
338,2021-10-06 04:05:24,117000.0,700.0,185300.0
339,2021-10-06 04:05:24,117000.0,300.0,184600.0
340,2021-10-06 04:05:17,116800.0,400.0,184300.0
341,2021-10-06 04:05:07,116800.0,400.0,183900.0
342,2021-10-06 04:04:50,116800.0,2300.0,183500.0
343,2021-10-06 04:04:12,116800.0,1000.0,181200.0
344,2021-10-06 04:04:09,116900.0,200.0,180200.0
345,2021-10-06 04:01:45,116800.0,100.0,180000.0
346,2021-10-06 04:01:45,116900.0,100.0,179900.0
347,2021-10-06 04:01:17,117000.0,1000.0,179800.0
348,2021-10-06 04:00:57,117000.0,1200.0,178800.0
349,2021-10-06 04:00:24,116900.0,100.0,177600.0
350,2021-10-06 03:59:03,116900.0,200.0,177500.0
351,2021-10-06 03:58:10,116800.0,200.0,177300.0
352,2021-10-06 03:58:07,116900.0,200.0,177100.0
353,2021-10-06 03:58:07,116900.0,100.0,176900.0
354,2021-10-06 03:57:26,116800.0,500.0,176800.0
355,2021-10-06 03:56:18,116900.0,300.0,176300.0
356,2021-10-06 03:55:21,116900.0,500.0,176000.0
357,2021-10-06 03:53:22,116900.0,100.0,175500.0
358,2021-10-06 03:52:29,116900.0,100.0,175400.0
359,2021-10-06 03:52:29,116800.0,100.0,175300.0
360,2021-10-06 03:52:21,116800.0,200.0,175200.0
361,2021-10-06 03:51:22,116900.0,100.0,175000.0
362,2021-10-06 03:50:37,116800.0,300.0,174900.0
363,2021-10-06 03:50:37,116800.0,700.0,174600.0
364,2021-10-06 03:49:47,116900.0,500.0,173900.0
365,2021-10-06 03:49:36,116900.0,600.0,173400.0
366,2021-10-06 03:49:36,116900.0,500.0,172800.0
367,2021-10-06 03:49:36,116900.0,200.0,172300.0
368,2021-10-06 03:49:36,116900.0,1000.0,172100.0
369,2021-10-06 03:46:43,116900.0,500.0,171100.0
370,2021-10-06 03:46:30,116900.0,200.0,170600.0
371,2021-10-06 03:46:10,116900.0,300.0,170400.0
372,2021-10-06 03:45:58,116900.0,100.0,170100.0
373,2021-10-06 03:42:38,117000.0,100.0,170000.0
374,2021-10-06 03:41:24,117000.0,300.0,169900.0
375,2021-10-06 03:41:24,117000.0,100.0,169600.0
376,2021-10-06 03:40:39,117000.0,200.0,169500.0
377,2021-10-06 03:39:43,117000.0,100.0,169300.0
378,2021-10-06 03:39:08,117000.0,1200.0,169200.0
379,2021-10-06 03:39:08,117000.0,200.0,168000.0
380,2021-10-06 03:39:08,117000.0,500.0,167800.0
381,2021-10-06 03:39:08,117000.0,100.0,167300.0
382,2021-10-06 03:38:09,117000.0,100.0,167200.0
383,2021-10-06 03:38:09,117000.0,100.0,167100.0
384,2021-10-06 03:37:29,117000.0,300.0,167000.0
385,2021-10-06 03:37:01,117000.0,500.0,166700.0
386,2021-10-06 03:36:52,117000.0,200.0,166200.0
387,2021-10-06 03:36:40,117000.0,400.0,166000.0
388,2021-10-06 03:36:22,117000.0,500.0,165600.0
389,2021-10-06 03:35:54,117000.0,1000.0,165100.0
390,2021-10-06 03:35:37,116900.0,700.0,164100.0
391,2021-10-06 03:35:36,116900.0,200.0,163400.0
392,2021-10-06 03:35:35,116900.0,1000.0,163200.0
393,2021-10-06 03:34:57,116900.0,100.0,162200.0
394,2021-10-06 03:34:20,116800.0,300.0,162100.0
395,2021-10-06 03:34:20,116700.0,200.0,161800.0
396,2021-10-06 03:33:43,116600.0,400.0,161600.0
397,2021-10-06 03:33:43,116600.0,300.0,161200.0
398,2021-10-06 03:33:43,116600.0,400.0,160900.0
399,2021-10-06 03:33:43,116700.0,200.0,160500.0
400,2021-10-06 03:33:30,116700.0,800.0,160300.0
401,2021-10-06 03:33:06,116700.0,200.0,159500.0
402,2021-10-06 03:33:06,116700.0,2000.0,159300.0
403,2021-10-06 03:32:32,116800.0,100.0,157300.0
404,2021-10-06 03:31:26,116700.0,500.0,157200.0
405,2021-10-06 03:30:46,116800.0,100.0,156700.0
406,2021-10-06 03:30:46,116800.0,100.0,156600.0
407,2021-10-06 03:30:46,116800.0,100.0,156500.0
408,2021-10-06 03:30:46,116800.0,300.0,156400.0
409,2021-10-06 03:30:46,116800.0,1000.0,156100.0
410,2021-10-06 03:30:23,116800.0,1000.0,155100.0
411,2021-10-06 03:29:43,116800.0,100.0,154100.0
412,2021-10-06 03:29:28,116800.0,100.0,154000.0
413,2021-10-06 03:28:35,116800.0,200.0,153900.0
414,2021-10-06 03:28:32,116800.0,200.0,153700.0
415,2021-10-06 03:28:29,116800.0,100.0,153500.0
416,2021-10-06 03:28:29,116800.0,200.0,153400.0
417,2021-10-06 03:28:05,116800.0,500.0,153200.0
418,2021-10-06 03:27:58,116800.0,500.0,152700.0
419,2021-10-06 03:27:42,116800.0,800.0,152200.0
420,2021-10-06 03:27:15,116900.0,100.0,151400.0
421,2021-10-06 03:27:05,116900.0,100.0,151300.0
422,2021-10-06 03:26:58,116900.0,100.0,151200.0
423,2021-10-06 03:26:53,116900.0,600.0,151100.0
424,2021-10-06 03:26:03,116900.0,200.0,150500.0
425,2021-10-06 03:25:42,116900.0,1000.0,150300.0
426,2021-10-06 03:24:58,116800.0,100.0,149300.0
427,2021-10-06 03:24:21,116600.0,100.0,149200.0
428,2021-10-06 03:24:21,116600.0,200.0,149100.0
429,2021-10-06 03:24:08,116600.0,300.0,148900.0
430,2021-10-06 03:24:08,116600.0,600.0,148600.0
431,2021-10-06 03:24:08,116800.0,100.0,148000.0
432,2021-10-06 03:24:03,116800.0,300.0,147900.0
433,2021-10-06 03:23:56,116600.0,400.0,147600.0
434,2021-10-06 03:23:56,116600.0,1000.0,147200.0
435,2021-10-06 03:23:56,116700.0,500.0,146200.0
436,2021-10-06 03:23:56,116700.0,1000.0,145700.0
437,2021-10-06 03:23:56,116700.0,3000.0,144700.0
438,2021-10-06 03:23:56,116700.0,100.0,141700.0
439,2021-10-06 03:23:41,116800.0,100.0,141600.0
440,2021-10-06 03:23:08,116800.0,200.0,141500.0
441,2021-10-06 03:23:07,116800.0,3400.0,141300.0
442,2021-10-06 03:22:31,116900.0,100.0,137900.0
443,2021-10-06 03:22:31,116900.0,400.0,137800.0
444,2021-10-06 03:22:22,116900.0,100.0,137400.0
445,2021-10-06 03:22:22,116900.0,300.0,137300.0
446,2021-10-06 03:22:21,116900.0,200.0,137000.0
447,2021-10-06 03:20:53,116900.0,100.0,136800.0
448,2021-10-06 03:20:53,116900.0,900.0,136700.0
449,2021-10-06 03:20:50,116900.0,100.0,135800.0
450,2021-10-06 03:20:50,116900.0,500.0,135700.0
451,2021-10-06 03:20:49,117000.0,100.0,135200.0
452,2021-10-06 03:20:41,117000.0,500.0,135100.0
453,2021-10-06 03:20:17,117000.0,800.0,134600.0
454,2021-10-06 03:19:39,117000.0,200.0,133800.0
455,2021-10-06 03:19:02,117000.0,1000.0,133600.0
456,2021-10-06 03:18:41,117000.0,100.0,132600.0
457,2021-10-06 03:18:41,117000.0,100.0,132500.0
458,2021-10-06 03:18:41,117000.0,700.0,132400.0
459,2021-10-06 03:18:41,117000.0,100.0,131700.0
460,2021-10-06 03:18:41,117000.0,100.0,131600.0
461,2021-10-06 03:18:41,117000.0,500.0,131500.0
462,2021-10-06 03:18:41,117000.0,500.0,131000.0
463,2021-10-06 03:18:41,117000.0,500.0,130500.0
464,2021-10-06 03:18:41,117000.0,100.0,130000.0
465,2021-10-06 03:18:41,117000.0,300.0,129900.0
466,2021-10-06 03:18:41,117100.0,1000.0,129600.0
467,2021-10-06 03:18:28,117000.0,200.0,128600.0
468,2021-10-06 03:18:28,117000.0,2000.0,128400.0
469,2021-10-06 03:18:28,117100.0,1800.0,126400.0
470,2021-10-06 03:17:35,117100.0,200.0,124600.0
471,2021-10-06 03:16:37,117100.0,200.0,124400.0
472,2021-10-06 03:16:18,117300.0,100.0,124200.0
473,2021-10-06 03:15:44,117300.0,200.0,124100.0
474,2021-10-06 03:15:44,117300.0,100.0,123900.0
475,2021-10-06 03:15:44,117300.0,100.0,123800.0
476,2021-10-06 03:15:44,117300.0,200.0,123700.0
477,2021-10-06 03:13:45,117500.0,100.0,123500.0
478,2021-10-06 03:13:45,117500.0,100.0,123400.0
479,2021-10-06 03:13:32,117800.0,300.0,123300.0
480,2021-10-06 03:13:32,117600.0,100.0,123000.0
481,2021-10-06 03:12:38,117700.0,100.0,122900.0
482,2021-10-06 03:11:31,117800.0,100.0,122800.0
483,2021-10-06 03:11:03,117800.0,900.0,122700.0
484,2021-10-06 03:10:24,117800.0,100.0,121800.0
485,2021-10-06 03:09:55,117500.0,100.0,121700.0
486,2021-10-06 03:09:55,117500.0,100.0,121600.0
487,2021-10-06 03:09:55,117500.0,200.0,121500.0
488,2021-10-06 03:09:49,117500.0,300.0,121300.0
489,2021-10-06 03:09:20,117400.0,100.0,121000.0
490,2021-10-06 03:09:04,117400.0,1800.0,120900.0
491,2021-10-06 03:08:16,117300.0,200.0,119100.0
492,2021-10-06 03:07:47,117300.0,100.0,118900.0
493,2021-10-06 03:07:35,117400.0,2000.0,118800.0
494,2021-10-06 03:07:34,117300.0,100.0,116800.0
495,2021-10-06 03:07:34,117300.0,200.0,116700.0
496,2021-10-06 03:06:56,117400.0,100.0,116500.0
497,2021-10-06 03:06:46,117300.0,100.0,116400.0
498,2021-10-06 03:06:46,117300.0,100.0,116300.0
499,2021-10-06 03:05:04,117500.0,100.0,116200.0
500,2021-10-06 03:04:52,117500.0,600.0,116100.0
501,2021-10-06 03:04:52,117500.0,300.0,115500.0
502,2021-10-06 03:04:52,117500.0,100.0,115200.0
503,2021-10-06 03:04:43,117500.0,100.0,115100.0
504,2021-10-06 03:04:23,117500.0,100.0,115000.0
505,2021-10-06 03:03:06,117500.0,500.0,114900.0
506,2021-10-06 03:03:00,117500.0,300.0,114400.0
507,2021-10-06 03:01:42,117500.0,100.0,114100.0
508,2021-10-06 03:00:57,117500.0,100.0,114000.0
509,2021-10-06 03:00:51,117500.0,300.0,113900.0
510,2021-10-06 03:00:31,117500.0,200.0,113600.0
511,2021-10-06 03:00:12,117500.0,200.0,113400.0
512,2021-10-06 02:58:36,117500.0,100.0,113200.0
513,2021-10-06 02:58:36,117500.0,200.0,113100.0
514,2021-10-06 02:57:24,118300.0,100.0,112900.0
515,2021-10-06 02:57:15,117700.0,200.0,112800.0
516,2021-10-06 02:57:15,118000.0,100.0,112600.0
517,2021-10-06 02:56:44,118300.0,100.0,112500.0
518,2021-10-06 02:56:27,118000.0,200.0,112400.0
519,2021-10-06 02:56:27,118000.0,700.0,112200.0
520,2021-10-06 02:56:22,118000.0,1900.0,111500.0
521,2021-10-06 02:56:22,118000.0,100.0,109600.0
522,2021-10-06 02:56:08,118000.0,100.0,109500.0
523,2021-10-06 02:55:51,118000.0,1000.0,109400.0
524,2021-10-06 02:55:51,118000.0,1000.0,108400.0
525,2021-10-06 02:55:27,118000.0,100.0,107400.0
526,2021-10-06 02:55:17,118000.0,600.0,107300.0
527,2021-10-06 02:55:17,118000.0,300.0,106700.0
528,2021-10-06 02:55:00,118000.0,200.0,106400.0
529,2021-10-06 02:55:00,118000.0,600.0,106200.0
530,2021-10-06 02:55:00,117800.0,200.0,105600.0
531,2021-10-06 02:54:35,117700.0,100.0,105400.0
532,2021-10-06 02:54:20,117700.0,500.0,105300.0
533,2021-10-06 02:54:11,117700.0,200.0,104800.0
534,2021-10-06 02:52:33,117600.0,900.0,104600.0
535,2021-10-06 02:52:13,117700.0,500.0,103700.0
536,2021-10-06 02:51:49,117600.0,100.0,103200.0
537,2021-10-06 02:51:45,117600.0,2000.0,103100.0
538,2021-10-06 02:51:39,117600.0,600.0,101100.0
539,2021-10-06 02:51:32,117600.0,1500.0,100500.0
540,2021-10-06 02:51:11,117600.0,1000.0,99000.0
541,2021-10-06 02:51:10,117600.0,200.0,98000.0
542,2021-10-06 02:51:07,117600.0,1000.0,97800.0
543,2021-10-06 02:50:47,117500.0,200.0,96800.0
544,2021-10-06 02:50:47,117500.0,100.0,96600.0
545,2021-10-06 02:50:34,117500.0,500.0,96500.0
546,2021-10-06 02:50:31,117500.0,800.0,96000.0
547,2021-10-06 02:50:24,117500.0,100.0,95200.0
548,2021-10-06 02:49:59,117300.0,1000.0,95100.0
549,2021-10-06 02:49:41,116900.0,1000.0,94100.0
550,2021-10-06 02:49:41,116900.0,1000.0,93100.0
551,2021-10-06 02:49:41,116900.0,600.0,92100.0
552,2021-10-06 02:49:41,116900.0,300.0,91500.0
553,2021-10-06 02:49:41,116900.0,500.0,91200.0
554,2021-10-06 02:49:41,117000.0,100.0,90700.0
555,2021-10-06 02:49:41,117000.0,500.0,90600.0
556,2021-10-06 02:49:41,117000.0,800.0,90100.0
557,2021-10-06 02:49:41,117000.0,1000.0,89300.0
558,2021-10-06 02:49:41,117000.0,200.0,88300.0
559,2021-10-06 02:49:41,117000.0,1000.0,88100.0
560,2021-10-06 02:49:37,117400.0,300.0,87100.0
561,2021-10-06 02:49:24,117000.0,200.0,86800.0
562,2021-10-06 02:49:24,117000.0,500.0,86600.0
563,2021-10-06 02:49:21,117000.0,100.0,86100.0
564,2021-10-06 02:49:21,117000.0,1000.0,86000.0
565,2021-10-06 02:49:19,117000.0,400.0,85000.0
566,2021-10-06 02:49:16,117000.0,100.0,84600.0
567,2021-10-06 02:49:16,117000.0,300.0,84500.0
568,2021-10-06 02:49:16,117000.0,1600.0,84200.0
569,2021-10-06 02:49:01,116900.0,500.0,82600.0
570,2021-10-06 02:48:46,116900.0,100.0,82100.0
571,2021-10-06 02:48:35,116900.0,400.0,82000.0
572,2021-10-06 02:48:35,116900.0,100.0,81600.0
573,2021-10-06 02:48:04,116600.0,100.0,81500.0
574,2021-10-06 02:48:04,116600.0,100.0,81400.0
575,2021-10-06 02:47:30,116600.0,300.0,81300.0
576,2021-10-06 02:46:45,116700.0,200.0,81000.0
577,2021-10-06 02:46:43,116700.0,100.0,80800.0
578,2021-10-06 02:46:42,116700.0,500.0,80700.0
579,2021-10-06 02:46:36,116700.0,100.0,80200.0
580,2021-10-06 02:46:17,116700.0,100.0,80100.0
581,2021-10-06 02:45:45,116600.0,100.0,80000.0
582,2021-10-06 02:45:29,116500.0,100.0,79900.0
583,2021-10-06 02:45:29,116500.0,100.0,79800.0
584,2021-10-06 02:45:29,116500.0,200.0,79700.0
585,2021-10-06 02:45:29,116500.0,800.0,79500.0
586,2021-10-06 02:45:23,116500.0,200.0,78700.0
587,2021-10-06 02:44:39,116500.0,300.0,78500.0
588,2021-10-06 02:44:17,116500.0,200.0,78200.0
589,2021-10-06 02:44:09,116500.0,100.0,78000.0
590,2021-10-06 02:43:56,116500.0,100.0,77900.0
591,2021-10-06 02:43:47,116500.0,100.0,77800.0
592,2021-10-06 02:43:47,116500.0,200.0,77700.0
593,2021-10-06 02:43:46,116600.0,900.0,77500.0
594,2021-10-06 02:43:46,116600.0,100.0,76600.0
595,2021-10-06 02:43:45,116600.0,100.0,76500.0
596,2021-10-06 02:43:32,116500.0,1800.0,76400.0
597,2021-10-06 02:43:32,116500.0,1000.0,74600.0
598,2021-10-06 02:43:32,116500.0,100.0,73600.0
599,2021-10-06 02:43:32,116500.0,100.0,73500.0
600,2021-10-06 02:43:32,116500.0,300.0,73400.0
601,2021-10-06 02:43:32,116500.0,700.0,73100.0
602,2021-10-06 02:43:28,116500.0,300.0,72400.0
603,2021-10-06 02:43:28,116500.0,100.0,72100.0
604,2021-10-06 02:43:28,116500.0,500.0,72000.0
605,2021-10-06 02:43:28,116500.0,100.0,71500.0
606,2021-10-06 02:43:18,116600.0,100.0,71400.0
607,2021-10-06 02:43:04,116600.0,700.0,71300.0
608,2021-10-06 02:42:48,116600.0,300.0,70600.0
609,2021-10-06 02:42:47,116700.0,100.0,70300.0
610,2021-10-06 02:42:47,116700.0,100.0,70200.0
611,2021-10-06 02:42:47,116700.0,1000.0,70100.0
612,2021-10-06 02:42:29,116800.0,100.0,69100.0
613,2021-10-06 02:42:25,116800.0,900.0,69000.0
614,2021-10-06 02:42:25,116800.0,1000.0,68100.0
615,2021-10-06 02:42:25,116800.0,100.0,67100.0
616,2021-10-06 02:42:25,116800.0,100.0,67000.0
617,2021-10-06 02:42:24,116800.0,100.0,66900.0
618,2021-10-06 02:42:24,116800.0,800.0,66800.0
619,2021-10-06 02:41:37,116900.0,100.0,66000.0
620,2021-10-06 02:41:37,116900.0,400.0,65900.0
621,2021-10-06 02:40:27,116900.0,100.0,65500.0
622,2021-10-06 02:40:27,116900.0,100.0,65400.0
623,2021-10-06 02:40:17,117000.0,200.0,65300.0
624,2021-10-06 02:40:11,117000.0,400.0,65100.0
625,2021-10-06 02:39:46,116900.0,100.0,64700.0
626,2021-10-06 02:39:38,117000.0,700.0,64600.0
627,2021-10-06 02:39:33,117000.0,100.0,63900.0
628,2021-10-06 02:39:25,116900.0,100.0,63800.0
629,2021-10-06 02:39:25,116900.0,300.0,63700.0
630,2021-10-06 02:39:25,116900.0,300.0,63400.0
631,2021-10-06 02:39:25,116900.0,1000.0,63100.0
632,2021-10-06 02:39:25,117000.0,100.0,62100.0
633,2021-10-06 02:39:25,117000.0,100.0,62000.0
634,2021-10-06 02:39:25,117000.0,1500.0,61900.0
635,2021-10-06 02:39:25,117000.0,100.0,60400.0
636,2021-10-06 02:39:25,117000.0,500.0,60300.0
637,2021-10-06 02:39:25,117100.0,1000.0,59800.0
638,2021-10-06 02:39:15,117100.0,400.0,58800.0
639,2021-10-06 02:38:49,117100.0,100.0,58400.0
640,2021-10-06 02:37:51,117500.0,500.0,58300.0
641,2021-10-06 02:37:45,117600.0,200.0,57800.0
642,2021-10-06 02:37:40,117600.0,100.0,57600.0
643,2021-10-06 02:37:05,117500.0,100.0,57500.0
644,2021-10-06 02:37:05,117600.0,100.0,57400.0
645,2021-10-06 02:34:51,117500.0,500.0,57300.0
646,2021-10-06 02:34:51,117500.0,200.0,56800.0
647,2021-10-06 02:34:51,117300.0,200.0,56600.0
648,2021-10-06 02:34:37,117000.0,100.0,56400.0
649,2021-10-06 02:34:37,117000.0,100.0,56300.0
650,2021-10-06 02:34:37,117000.0,1000.0,56200.0
651,2021-10-06 02:34:37,117000.0,300.0,55200.0
652,2021-10-06 02:34:17,117000.0,100.0,54900.0
653,2021-10-06 02:33:15,116900.0,500.0,54800.0
654,2021-10-06 02:31:40,116900.0,100.0,54300.0
655,2021-10-06 02:31:40,116900.0,400.0,54200.0
656,2021-10-06 02:31:40,116800.0,200.0,53800.0
657,2021-10-06 02:31:00,116900.0,500.0,53600.0
658,2021-10-06 02:30:40,116900.0,200.0,53100.0
659,2021-10-06 02:30:40,116900.0,100.0,52900.0
660,2021-10-06 02:30:40,116900.0,200.0,52800.0
661,2021-10-06 02:30:40,116900.0,300.0,52600.0
662,2021-10-06 02:30:40,116900.0,1300.0,52300.0
663,2021-10-06 02:30:29,117000.0,500.0,51000.0
664,2021-10-06 02:30:29,117100.0,100.0,50500.0
665,2021-10-06 02:30:13,116900.0,3300.0,50400.0
666,2021-10-06 02:30:13,117000.0,500.0,47100.0
667,2021-10-06 02:30:13,117100.0,1200.0,46600.0
668,2021-10-06 02:30:06,117100.0,300.0,45400.0
669,2021-10-06 02:28:35,116900.0,100.0,45100.0
670,2021-10-06 02:28:30,117900.0,300.0,45000.0
671,2021-10-06 02:28:30,117000.0,700.0,44700.0
672,2021-10-06 02:28:27,117000.0,200.0,44000.0
673,2021-10-06 02:28:27,117000.0,100.0,43800.0
674,2021-10-06 02:28:21,117100.0,200.0,43700.0
675,2021-10-06 02:27:56,117000.0,100.0,43500.0
676,2021-10-06 02:27:54,118000.0,100.0,43400.0
677,2021-10-06 02:27:54,117900.0,1000.0,43300.0
678,2021-10-06 02:27:54,117800.0,100.0,42300.0
679,2021-10-06 02:27:54,117400.0,500.0,42200.0
680,2021-10-06 02:27:54,117200.0,300.0,41700.0
681,2021-10-06 02:27:22,117000.0,500.0,41400.0
682,2021-10-06 02:26:57,117000.0,1000.0,40900.0
683,2021-10-06 02:26:57,117000.0,100.0,39900.0
684,2021-10-06 02:26:57,117000.0,300.0,39800.0
685,2021-10-06 02:26:40,117000.0,100.0,39500.0
686,2021-10-06 02:26:21,116900.0,300.0,39400.0
687,2021-10-06 02:26:21,116900.0,100.0,39100.0
688,2021-10-06 02:26:00,116900.0,300.0,39000.0
689,2021-10-06 02:25:54,117000.0,100.0,38700.0
690,2021-10-06 02:25:45,116900.0,100.0,38600.0
691,2021-10-06 02:25:31,116900.0,100.0,38500.0
692,2021-10-06 02:25:05,116900.0,100.0,38400.0
693,2021-10-06 02:25:05,116900.0,200.0,38300.0
694,2021-10-06 02:25:01,117000.0,100.0,38100.0
695,2021-10-06 02:24:21,117000.0,100.0,38000.0
696,2021-10-06 02:24:20,116900.0,800.0,37900.0
697,2021-10-06 02:24:09,117000.0,100.0,37100.0
698,2021-10-06 02:23:32,117000.0,300.0,37000.0
699,2021-10-06 02:23:20,117000.0,100.0,36700.0
700,2021-10-06 02:23:14,117000.0,400.0,36600.0
701,2021-10-06 02:22:42,117000.0,100.0,36200.0
702,2021-10-06 02:22:42,117000.0,200.0,36100.0
703,2021-10-06 02:22:28,117000.0,300.0,35900.0
704,2021-10-06 02:22:28,117000.0,200.0,35600.0
705,2021-10-06 02:22:28,117000.0,100.0,35400.0
706,2021-10-06 02:22:05,117000.0,100.0,35300.0
707,2021-10-06 02:22:05,117000.0,100.0,35200.0
708,2021-10-06 02:21:47,117400.0,1200.0,35100.0
709,2021-10-06 02:21:44,117000.0,900.0,33900.0
710,2021-10-06 02:21:44,117000.0,100.0,33000.0
711,2021-10-06 02:21:44,117000.0,200.0,32900.0
712,2021-10-06 02:21:44,117000.0,1300.0,32700.0
713,2021-10-06 02:21:44,117000.0,200.0,31400.0
714,2021-10-06 02:21:44,117300.0,200.0,31200.0
715,2021-10-06 02:21:44,117300.0,100.0,31000.0
716,2021-10-06 02:21:40,117400.0,500.0,30900.0
717,2021-10-06 02:21:18,117400.0,800.0,30400.0
718,2021-10-06 02:21:17,117400.0,200.0,29600.0
719,2021-10-06 02:21:17,117400.0,200.0,29400.0
720,2021-10-06 02:21:17,117500.0,100.0,29200.0
721,2021-10-06 02:20:49,117400.0,300.0,29100.0
722,2021-10-06 02:20:49,117500.0,200.0,28800.0
723,2021-10-06 02:19:06,118000.0,100.0,28600.0
724,2021-10-06 02:17:55,118500.0,100.0,28500.0
725,2021-10-06 02:17:55,118400.0,200.0,28400.0
726,2021-10-06 02:17:55,118000.0,100.0,28200.0
727,2021-10-06 02:17:40,118000.0,300.0,28100.0
728,2021-10-06 02:17:40,118000.0,400.0,27800.0
729,2021-10-06 02:17:40,117800.0,300.0,27400.0
730,2021-10-06 02:17:40,117000.0,1600.0,27100.0
731,2021-10-06 02:17:40,117300.0,400.0,25500.0
732,2021-10-06 02:16:51,117400.0,200.0,25100.0
733,2021-10-06 02:16:25,117300.0,2000.0,24900.0
734,2021-10-06 02:16:09,117300.0,100.0,22900.0
735,2021-10-06 02:15:51,117000.0,100.0,22800.0
736,2021-10-06 02:15:51,117000.0,3300.0,22700.0
737,2021-10-06 02:15:46,117000.0,1000.0,19400.0
738,2021-10-06 02:15:32,117000.0,1000.0,18400.0
739,2021-10-06 02:15:00,117000.0,100.0,17400.0
740,2021-10-06 02:15:00,117000.0,100.0,17300.0
741,2021-10-06 02:15:00,117000.0,5000.0,17200.0
742,2021-10-06 02:15:00,117000.0,400.0,12200.0
743,2021-10-06 02:15:00,117000.0,2100.0,11800.0
744,2021-10-06 02:15:00,117000.0,300.0,9700.0
745,2021-10-06 02:15:00,117000.0,200.0,9400.0
746,2021-10-06 02:15:00,117000.0,200.0,9200.0
747,2021-10-06 02:15:00,117000.0,200.0,9000.0
748,2021-10-06 02:15:00,117000.0,3000.0,8800.0
749,2021-10-06 02:15:00,117000.0,300.0,5800.0
750,2021-10-06 02:15:00,117000.0,700.0,5500.0
751,2021-10-06 02:15:00,117000.0,100.0,4800.0
752,2021-10-06 02:15:00,117000.0,600.0,4700.0
753,2021-10-06 02:15:00,117000.0,100.0,4100.0
754,2021-10-06 02:15:00,117000.0,1000.0,4000.0
755,2021-10-06 02:15:00,117000.0,100.0,3000.0
756,2021-10-06 02:15:00,117000.0,100.0,2900.0
757,2021-10-06 02:15:00,117000.0,1000.0,2800.0
758,2021-10-06 02:15:00,117000.0,1000.0,1800.0
759,2021-10-06 02:15:00,117000.0,100.0,800.0
760,2021-10-06 02:15:00,117000.0,200.0,700.0
761,2021-10-06 02:15:00,117000.0,100.0,500.0
762,2021-10-06 02:15:00,117000.0,300.0,400.0
763,2021-10-06 02:15:00,117000.0,100.0,100.0
