,Time,Price,Volume_per_trade,Volume
0,2021-10-01 14:45:01,30050.0,100.0,6076600.0
1,2021-10-01 14:45:01,30050.0,1500.0,6076500.0
2,2021-10-01 14:45:01,30050.0,200.0,6075000.0
3,2021-10-01 14:45:01,30050.0,10000.0,6074800.0
4,2021-10-01 14:45:01,30050.0,300.0,6064800.0
5,2021-10-01 14:45:01,30050.0,100.0,6064500.0
6,2021-10-01 14:45:01,30050.0,5000.0,6064400.0
7,2021-10-01 14:45:01,30050.0,2000.0,6059400.0
8,2021-10-01 14:45:01,30050.0,17800.0,6057400.0
9,2021-10-01 14:45:01,30050.0,100.0,6039600.0
10,2021-10-01 14:45:01,30050.0,200.0,6039500.0
11,2021-10-01 14:45:01,30050.0,1000.0,6039300.0
12,2021-10-01 14:45:01,30050.0,100.0,6038300.0
13,2021-10-01 14:45:01,30050.0,5000.0,6038200.0
14,2021-10-01 14:45:01,30050.0,800.0,6033200.0
15,2021-10-01 14:45:01,30050.0,700.0,6032400.0
16,2021-10-01 14:45:01,30050.0,2000.0,6031700.0
17,2021-10-01 14:45:01,30050.0,100.0,6029700.0
18,2021-10-01 14:45:01,30050.0,6000.0,6029600.0
19,2021-10-01 14:45:01,30050.0,100.0,6023600.0
20,2021-10-01 14:45:01,30050.0,100.0,6023500.0
21,2021-10-01 14:45:01,30050.0,100.0,6023400.0
22,2021-10-01 14:45:01,30050.0,1000.0,6023300.0
23,2021-10-01 14:45:01,30050.0,400.0,6022300.0
24,2021-10-01 14:45:01,30050.0,600.0,6021900.0
25,2021-10-01 14:45:01,30050.0,200.0,6021300.0
26,2021-10-01 14:45:01,30050.0,200.0,6021100.0
27,2021-10-01 14:45:01,30050.0,200.0,6020900.0
28,2021-10-01 14:45:01,30050.0,1500.0,6020700.0
29,2021-10-01 14:45:01,30050.0,500.0,6019200.0
30,2021-10-01 14:45:01,30050.0,2000.0,6018700.0
31,2021-10-01 14:45:01,30050.0,1000.0,6016700.0
32,2021-10-01 14:45:01,30050.0,2000.0,6015700.0
33,2021-10-01 14:45:01,30050.0,1000.0,6013700.0
34,2021-10-01 14:45:01,30050.0,100.0,6012700.0
35,2021-10-01 14:45:01,30050.0,100.0,6012600.0
36,2021-10-01 14:45:01,30050.0,200.0,6012500.0
37,2021-10-01 14:45:01,30050.0,3000.0,6012300.0
38,2021-10-01 14:45:01,30050.0,1000.0,6009300.0
39,2021-10-01 14:45:01,30050.0,100.0,6008300.0
40,2021-10-01 14:45:01,30050.0,300.0,6008200.0
41,2021-10-01 14:45:01,30050.0,100.0,6007900.0
42,2021-10-01 14:45:01,30050.0,400.0,6007800.0
43,2021-10-01 14:45:01,30050.0,15000.0,6007400.0
44,2021-10-01 14:45:01,30050.0,4600.0,5992400.0
45,2021-10-01 14:45:01,30050.0,500.0,5987800.0
46,2021-10-01 14:45:01,30050.0,500.0,5987300.0
47,2021-10-01 14:45:01,30050.0,1000.0,5986800.0
48,2021-10-01 14:45:01,30050.0,2000.0,5985800.0
49,2021-10-01 14:45:01,30050.0,500.0,5983800.0
50,2021-10-01 14:45:01,30050.0,3000.0,5983300.0
51,2021-10-01 14:45:01,30050.0,1000.0,5980300.0
52,2021-10-01 14:45:01,30050.0,500.0,5979300.0
53,2021-10-01 14:45:01,30050.0,2000.0,5978800.0
54,2021-10-01 14:45:01,30050.0,200.0,5976800.0
55,2021-10-01 14:45:01,30050.0,900.0,5976600.0
56,2021-10-01 14:45:01,30050.0,200.0,5975700.0
57,2021-10-01 14:45:01,30050.0,1000.0,5975500.0
58,2021-10-01 14:45:01,30050.0,500.0,5974500.0
59,2021-10-01 14:45:01,30050.0,1000.0,5974000.0
60,2021-10-01 14:45:01,30050.0,5000.0,5973000.0
61,2021-10-01 14:45:01,30050.0,100.0,5968000.0
62,2021-10-01 14:45:01,30050.0,5000.0,5967900.0
63,2021-10-01 14:45:01,30050.0,900.0,5962900.0
64,2021-10-01 14:45:01,30050.0,1000.0,5962000.0
65,2021-10-01 14:45:01,30050.0,1000.0,5961000.0
66,2021-10-01 14:45:01,30050.0,400.0,5960000.0
67,2021-10-01 14:45:01,30050.0,100.0,5959600.0
68,2021-10-01 14:45:01,30050.0,100.0,5959500.0
69,2021-10-01 14:45:01,30050.0,300.0,5959400.0
70,2021-10-01 14:45:01,30050.0,2000.0,5959100.0
71,2021-10-01 14:45:01,30050.0,100.0,5957100.0
72,2021-10-01 14:45:01,30050.0,300.0,5957000.0
73,2021-10-01 14:45:01,30050.0,1000.0,5956700.0
74,2021-10-01 14:45:01,30050.0,2000.0,5955700.0
75,2021-10-01 14:45:01,30050.0,2000.0,5953700.0
76,2021-10-01 14:45:01,30050.0,5000.0,5951700.0
77,2021-10-01 14:45:01,30050.0,200.0,5946700.0
78,2021-10-01 14:45:01,30050.0,1000.0,5946500.0
79,2021-10-01 14:45:01,30050.0,1000.0,5945500.0
80,2021-10-01 14:45:01,30050.0,100.0,5944500.0
81,2021-10-01 14:45:01,30050.0,2000.0,5944400.0
82,2021-10-01 14:45:01,30050.0,500.0,5942400.0
83,2021-10-01 14:45:01,30050.0,200.0,5941900.0
84,2021-10-01 14:45:01,30050.0,5000.0,5941700.0
85,2021-10-01 14:45:01,30050.0,2300.0,5936700.0
86,2021-10-01 14:45:01,30050.0,1700.0,5934400.0
87,2021-10-01 14:45:01,30050.0,5000.0,5932700.0
88,2021-10-01 14:45:01,30050.0,300.0,5927700.0
89,2021-10-01 14:45:01,30050.0,1000.0,5927400.0
90,2021-10-01 14:45:01,30050.0,200.0,5926400.0
91,2021-10-01 14:45:01,30050.0,300.0,5926200.0
92,2021-10-01 14:45:01,30050.0,500.0,5925900.0
93,2021-10-01 14:45:01,30050.0,100.0,5925400.0
94,2021-10-01 14:45:01,30050.0,200.0,5925300.0
95,2021-10-01 14:45:01,30050.0,500.0,5925100.0
96,2021-10-01 14:45:01,30050.0,2000.0,5924600.0
97,2021-10-01 14:45:01,30050.0,100.0,5922600.0
98,2021-10-01 14:45:01,30050.0,5000.0,5922500.0
99,2021-10-01 14:45:01,30050.0,500.0,5917500.0
100,2021-10-01 14:45:01,30050.0,500.0,5917000.0
101,2021-10-01 14:45:01,30050.0,100.0,5916500.0
102,2021-10-01 14:45:01,30050.0,100.0,5916400.0
103,2021-10-01 14:45:01,30050.0,300.0,5916300.0
104,2021-10-01 14:45:01,30050.0,200.0,5916000.0
105,2021-10-01 14:45:01,30050.0,100.0,5915800.0
106,2021-10-01 14:45:01,30050.0,1000.0,5915700.0
107,2021-10-01 14:45:01,30050.0,200.0,5914700.0
108,2021-10-01 14:45:01,30050.0,3900.0,5914500.0
109,2021-10-01 14:45:01,30050.0,100.0,5910600.0
110,2021-10-01 14:45:01,30050.0,100.0,5910500.0
111,2021-10-01 14:45:01,30050.0,200.0,5910400.0
112,2021-10-01 14:45:01,30050.0,2000.0,5910200.0
113,2021-10-01 14:45:01,30050.0,100.0,5908200.0
114,2021-10-01 14:45:01,30050.0,1000.0,5908100.0
115,2021-10-01 14:45:01,30050.0,400.0,5907100.0
116,2021-10-01 14:45:01,30050.0,600.0,5906700.0
117,2021-10-01 14:45:01,30050.0,1000.0,5906100.0
118,2021-10-01 14:45:01,30050.0,300.0,5905100.0
119,2021-10-01 14:45:01,30050.0,1000.0,5904800.0
120,2021-10-01 14:45:01,30050.0,500.0,5903800.0
121,2021-10-01 14:45:01,30050.0,300.0,5903300.0
122,2021-10-01 14:45:01,30050.0,2000.0,5903000.0
123,2021-10-01 14:45:01,30050.0,100.0,5901000.0
124,2021-10-01 14:45:01,30050.0,300.0,5900900.0
125,2021-10-01 14:45:01,30050.0,1000.0,5900600.0
126,2021-10-01 14:45:01,30050.0,2000.0,5899600.0
127,2021-10-01 14:45:01,30050.0,900.0,5897600.0
128,2021-10-01 14:45:01,30050.0,4100.0,5896700.0
129,2021-10-01 14:45:01,30050.0,300.0,5892600.0
130,2021-10-01 14:45:01,30050.0,100.0,5892300.0
131,2021-10-01 14:45:01,30050.0,2000.0,5892200.0
132,2021-10-01 14:45:01,30050.0,100.0,5890200.0
133,2021-10-01 14:45:01,30050.0,300.0,5890100.0
134,2021-10-01 14:45:01,30050.0,500.0,5889800.0
135,2021-10-01 14:45:01,30050.0,5000.0,5889300.0
136,2021-10-01 14:45:01,30050.0,7600.0,5884300.0
137,2021-10-01 14:45:01,30050.0,500.0,5876700.0
138,2021-10-01 14:45:01,30050.0,1100.0,5876200.0
139,2021-10-01 14:45:01,30050.0,300.0,5875100.0
140,2021-10-01 14:45:01,30050.0,2000.0,5874800.0
141,2021-10-01 14:45:01,30050.0,1000.0,5872800.0
142,2021-10-01 14:45:01,30050.0,2400.0,5871800.0
143,2021-10-01 14:45:01,30050.0,10000.0,5869400.0
144,2021-10-01 14:45:01,30050.0,1200.0,5859400.0
145,2021-10-01 14:45:01,30050.0,3900.0,5858200.0
146,2021-10-01 14:45:01,30050.0,1000.0,5854300.0
147,2021-10-01 14:45:01,30050.0,400.0,5853300.0
148,2021-10-01 14:45:01,30050.0,200.0,5852900.0
149,2021-10-01 14:45:01,30050.0,100.0,5852700.0
150,2021-10-01 14:45:01,30050.0,900.0,5852600.0
151,2021-10-01 14:45:01,30050.0,100.0,5851700.0
152,2021-10-01 14:45:01,30050.0,100.0,5851600.0
153,2021-10-01 14:45:01,30050.0,200.0,5851500.0
154,2021-10-01 14:45:01,30050.0,1400.0,5851300.0
155,2021-10-01 14:45:01,30050.0,400.0,5849900.0
156,2021-10-01 14:45:01,30050.0,200.0,5849500.0
157,2021-10-01 14:45:01,30050.0,7400.0,5849300.0
158,2021-10-01 14:45:01,30050.0,1000.0,5841900.0
159,2021-10-01 14:45:01,30050.0,1600.0,5840900.0
160,2021-10-01 14:45:01,30050.0,800.0,5839300.0
161,2021-10-01 14:45:01,30050.0,100.0,5838500.0
162,2021-10-01 14:45:01,30050.0,1500.0,5838400.0
163,2021-10-01 14:45:01,30050.0,100.0,5836900.0
164,2021-10-01 14:45:01,30050.0,3000.0,5836800.0
165,2021-10-01 14:45:01,30050.0,500.0,5833800.0
166,2021-10-01 14:45:01,30050.0,4000.0,5833300.0
167,2021-10-01 14:45:01,30050.0,1000.0,5829300.0
168,2021-10-01 14:45:01,30050.0,1000.0,5828300.0
169,2021-10-01 14:45:01,30050.0,8000.0,5827300.0
170,2021-10-01 14:45:01,30050.0,200.0,5819300.0
171,2021-10-01 14:45:01,30050.0,1000.0,5819100.0
172,2021-10-01 14:45:01,30050.0,1000.0,5818100.0
173,2021-10-01 14:45:01,30050.0,1000.0,5817100.0
174,2021-10-01 14:45:01,30050.0,500.0,5816100.0
175,2021-10-01 14:45:01,30050.0,200.0,5815600.0
176,2021-10-01 14:45:01,30050.0,100.0,5815400.0
177,2021-10-01 14:45:01,30050.0,200.0,5815300.0
178,2021-10-01 14:45:01,30050.0,200.0,5815100.0
179,2021-10-01 14:45:01,30050.0,1000.0,5814900.0
180,2021-10-01 14:45:01,30050.0,100.0,5813900.0
181,2021-10-01 14:45:01,30050.0,700.0,5813800.0
182,2021-10-01 14:45:01,30050.0,300.0,5813100.0
183,2021-10-01 14:45:01,30050.0,1000.0,5812800.0
184,2021-10-01 14:45:01,30050.0,200.0,5811800.0
185,2021-10-01 14:45:01,30050.0,700.0,5811600.0
186,2021-10-01 14:45:01,30050.0,300.0,5810900.0
187,2021-10-01 14:45:01,30050.0,500.0,5810600.0
188,2021-10-01 14:45:01,30050.0,400.0,5810100.0
189,2021-10-01 14:45:01,30050.0,100.0,5809700.0
190,2021-10-01 14:45:01,30050.0,2000.0,5809600.0
191,2021-10-01 14:45:01,30050.0,100.0,5807600.0
192,2021-10-01 14:45:01,30050.0,100.0,5807500.0
193,2021-10-01 14:45:01,30050.0,9500.0,5807400.0
194,2021-10-01 14:45:01,30050.0,500.0,5797900.0
195,2021-10-01 14:45:01,30050.0,100.0,5797400.0
196,2021-10-01 14:45:01,30050.0,400.0,5797300.0
197,2021-10-01 14:45:01,30050.0,4600.0,5796900.0
198,2021-10-01 14:45:01,30050.0,1100.0,5792300.0
199,2021-10-01 14:45:01,30050.0,200.0,5791200.0
200,2021-10-01 14:45:01,30050.0,2000.0,5791000.0
201,2021-10-01 14:45:01,30050.0,300.0,5789000.0
202,2021-10-01 14:45:01,30050.0,200.0,5788700.0
203,2021-10-01 14:45:01,30050.0,2000.0,5788500.0
204,2021-10-01 14:45:01,30050.0,500.0,5786500.0
205,2021-10-01 14:45:01,30050.0,9100.0,5786000.0
206,2021-10-01 14:45:01,30050.0,3000.0,5776900.0
207,2021-10-01 14:45:01,30050.0,200.0,5773900.0
208,2021-10-01 14:45:01,30050.0,100.0,5773700.0
209,2021-10-01 14:45:01,30050.0,7600.0,5773600.0
210,2021-10-01 14:45:01,30050.0,100.0,5766000.0
211,2021-10-01 14:45:01,30050.0,100.0,5765900.0
212,2021-10-01 14:45:01,30050.0,19900.0,5765800.0
213,2021-10-01 14:45:01,30050.0,1400.0,5745900.0
214,2021-10-01 14:45:01,30050.0,100.0,5744500.0
215,2021-10-01 14:29:55,30150.0,200.0,5744400.0
216,2021-10-01 14:29:53,30100.0,1000.0,5744200.0
217,2021-10-01 14:29:47,30100.0,300.0,5743200.0
218,2021-10-01 14:29:47,30150.0,100.0,5742900.0
219,2021-10-01 14:29:45,30100.0,800.0,5742800.0
220,2021-10-01 14:29:45,30100.0,100.0,5742000.0
221,2021-10-01 14:29:45,30100.0,1000.0,5741900.0
222,2021-10-01 14:29:45,30100.0,100.0,5740900.0
223,2021-10-01 14:29:45,30100.0,100.0,5740800.0
224,2021-10-01 14:29:45,30100.0,100.0,5740700.0
225,2021-10-01 14:29:45,30100.0,200.0,5740600.0
226,2021-10-01 14:29:45,30100.0,100.0,5740400.0
227,2021-10-01 14:29:45,30100.0,2000.0,5740300.0
228,2021-10-01 14:29:45,30100.0,700.0,5738300.0
229,2021-10-01 14:29:45,30100.0,200.0,5737600.0
230,2021-10-01 14:29:45,30100.0,1000.0,5737400.0
231,2021-10-01 14:29:45,30100.0,1200.0,5736400.0
232,2021-10-01 14:29:45,30100.0,2400.0,5735200.0
233,2021-10-01 14:29:43,30100.0,600.0,5732800.0
234,2021-10-01 14:29:43,30100.0,100.0,5732200.0
235,2021-10-01 14:29:43,30100.0,200.0,5732100.0
236,2021-10-01 14:29:43,30100.0,100.0,5731900.0
237,2021-10-01 14:29:42,30150.0,500.0,5731800.0
238,2021-10-01 14:29:37,30150.0,100.0,5731300.0
239,2021-10-01 14:29:32,30150.0,8500.0,5731200.0
240,2021-10-01 14:29:32,30150.0,1500.0,5722700.0
241,2021-10-01 14:29:32,30150.0,200.0,5721200.0
242,2021-10-01 14:29:31,30100.0,100.0,5721000.0
243,2021-10-01 14:29:31,30100.0,300.0,5720900.0
244,2021-10-01 14:29:31,30100.0,300.0,5720600.0
245,2021-10-01 14:29:31,30100.0,100.0,5720300.0
246,2021-10-01 14:29:31,30100.0,4200.0,5720200.0
247,2021-10-01 14:29:24,30100.0,100.0,5716000.0
248,2021-10-01 14:29:23,30150.0,300.0,5715900.0
249,2021-10-01 14:29:17,30150.0,100.0,5715600.0
250,2021-10-01 14:29:16,30150.0,1100.0,5715500.0
251,2021-10-01 14:29:12,30100.0,1000.0,5714400.0
252,2021-10-01 14:29:10,30150.0,100.0,5713400.0
253,2021-10-01 14:29:10,30150.0,300.0,5713300.0
254,2021-10-01 14:29:08,30150.0,100.0,5713000.0
255,2021-10-01 14:29:08,30150.0,6300.0,5712900.0
256,2021-10-01 14:29:08,30150.0,3700.0,5706600.0
257,2021-10-01 14:29:07,30100.0,10000.0,5702900.0
258,2021-10-01 14:29:05,30150.0,100.0,5692900.0
259,2021-10-01 14:28:43,30150.0,500.0,5692800.0
260,2021-10-01 14:28:40,30150.0,500.0,5692300.0
261,2021-10-01 14:28:40,30150.0,100.0,5691800.0
262,2021-10-01 14:28:40,30150.0,1000.0,5691700.0
263,2021-10-01 14:28:40,30150.0,200.0,5690700.0
264,2021-10-01 14:28:40,30150.0,100.0,5690500.0
265,2021-10-01 14:28:40,30150.0,400.0,5690400.0
266,2021-10-01 14:28:40,30150.0,3400.0,5690000.0
267,2021-10-01 14:28:39,30150.0,3900.0,5686600.0
268,2021-10-01 14:28:36,30150.0,400.0,5682700.0
269,2021-10-01 14:28:34,30150.0,400.0,5682300.0
270,2021-10-01 14:28:34,30150.0,700.0,5681900.0
271,2021-10-01 14:28:32,30200.0,300.0,5681200.0
272,2021-10-01 14:28:30,30200.0,500.0,5680900.0
273,2021-10-01 14:28:18,30150.0,1200.0,5680400.0
274,2021-10-01 14:28:18,30150.0,1000.0,5679200.0
275,2021-10-01 14:28:18,30150.0,7800.0,5678200.0
276,2021-10-01 14:28:17,30200.0,7800.0,5670400.0
277,2021-10-01 14:28:17,30200.0,500.0,5662600.0
278,2021-10-01 14:28:17,30200.0,500.0,5662100.0
279,2021-10-01 14:28:17,30200.0,200.0,5661600.0
280,2021-10-01 14:28:13,30150.0,1400.0,5661400.0
281,2021-10-01 14:28:12,30150.0,500.0,5660000.0
282,2021-10-01 14:28:06,30200.0,200.0,5659500.0
283,2021-10-01 14:28:06,30200.0,300.0,5659300.0
284,2021-10-01 14:28:05,30200.0,1000.0,5659000.0
285,2021-10-01 14:27:58,30150.0,600.0,5658000.0
286,2021-10-01 14:27:52,30150.0,9700.0,5657400.0
287,2021-10-01 14:27:52,30150.0,100.0,5647700.0
288,2021-10-01 14:27:52,30150.0,1400.0,5647600.0
289,2021-10-01 14:27:45,30150.0,100.0,5646200.0
290,2021-10-01 14:27:45,30150.0,100.0,5646100.0
291,2021-10-01 14:27:45,30150.0,200.0,5646000.0
292,2021-10-01 14:27:45,30150.0,400.0,5645800.0
293,2021-10-01 14:27:44,30150.0,300.0,5645400.0
294,2021-10-01 14:27:40,30150.0,5000.0,5645100.0
295,2021-10-01 14:27:36,30150.0,4300.0,5640100.0
296,2021-10-01 14:27:36,30150.0,500.0,5635800.0
297,2021-10-01 14:27:35,30200.0,200.0,5635300.0
298,2021-10-01 14:27:33,30200.0,10000.0,5635100.0
299,2021-10-01 14:27:31,30200.0,2600.0,5625100.0
300,2021-10-01 14:27:14,30150.0,500.0,5622500.0
301,2021-10-01 14:27:11,30200.0,1000.0,5622000.0
302,2021-10-01 14:27:10,30100.0,2700.0,5621000.0
303,2021-10-01 14:27:10,30150.0,100.0,5618300.0
304,2021-10-01 14:27:10,30150.0,4100.0,5618200.0
305,2021-10-01 14:27:10,30150.0,500.0,5614100.0
306,2021-10-01 14:27:10,30150.0,2000.0,5613600.0
307,2021-10-01 14:27:10,30150.0,600.0,5611600.0
308,2021-10-01 14:27:09,30200.0,200.0,5611000.0
309,2021-10-01 14:27:08,30150.0,400.0,5610800.0
310,2021-10-01 14:27:08,30200.0,100.0,5610400.0
311,2021-10-01 14:27:06,30200.0,700.0,5610300.0
312,2021-10-01 14:26:46,30200.0,500.0,5609600.0
313,2021-10-01 14:26:40,30200.0,2000.0,5609100.0
314,2021-10-01 14:26:25,30150.0,500.0,5607100.0
315,2021-10-01 14:26:25,30150.0,4800.0,5606600.0
316,2021-10-01 14:26:11,30050.0,1700.0,5601800.0
317,2021-10-01 14:26:11,30050.0,100.0,5600100.0
318,2021-10-01 14:26:11,30050.0,200.0,5600000.0
319,2021-10-01 14:26:11,30050.0,100.0,5599800.0
320,2021-10-01 14:26:11,30050.0,1000.0,5599700.0
321,2021-10-01 14:26:11,30050.0,100.0,5598700.0
322,2021-10-01 14:26:11,30050.0,1000.0,5598600.0
323,2021-10-01 14:26:11,30050.0,500.0,5597600.0
324,2021-10-01 14:26:11,30050.0,100.0,5597100.0
325,2021-10-01 14:26:11,30050.0,100.0,5597000.0
326,2021-10-01 14:26:11,30050.0,900.0,5596900.0
327,2021-10-01 14:26:11,30100.0,200.0,5596000.0
328,2021-10-01 14:26:11,30100.0,300.0,5595800.0
329,2021-10-01 14:26:11,30100.0,3000.0,5595500.0
330,2021-10-01 14:26:11,30100.0,700.0,5592500.0
331,2021-10-01 14:26:01,30100.0,1300.0,5591800.0
332,2021-10-01 14:26:00,30100.0,100.0,5590500.0
333,2021-10-01 14:25:59,30100.0,400.0,5590400.0
334,2021-10-01 14:25:53,30100.0,200.0,5590000.0
335,2021-10-01 14:25:53,30100.0,800.0,5589800.0
336,2021-10-01 14:25:46,30100.0,1000.0,5589000.0
337,2021-10-01 14:25:44,30100.0,1000.0,5588000.0
338,2021-10-01 14:25:39,30050.0,2100.0,5587000.0
339,2021-10-01 14:25:39,30050.0,500.0,5584900.0
340,2021-10-01 14:25:39,30050.0,900.0,5584400.0
341,2021-10-01 14:25:39,30050.0,5000.0,5583500.0
342,2021-10-01 14:25:39,30050.0,100.0,5578500.0
343,2021-10-01 14:25:39,30050.0,1000.0,5578400.0
344,2021-10-01 14:25:39,30050.0,400.0,5577400.0
345,2021-10-01 14:25:37,30100.0,100.0,5577000.0
346,2021-10-01 14:25:35,30100.0,2000.0,5576900.0
347,2021-10-01 14:25:34,30100.0,100.0,5574900.0
348,2021-10-01 14:25:32,30100.0,200.0,5574800.0
349,2021-10-01 14:25:28,30100.0,400.0,5574600.0
350,2021-10-01 14:25:28,30100.0,600.0,5574200.0
351,2021-10-01 14:25:26,30100.0,100.0,5573600.0
352,2021-10-01 14:25:25,30100.0,300.0,5573500.0
353,2021-10-01 14:25:25,30100.0,200.0,5573200.0
354,2021-10-01 14:25:25,30100.0,300.0,5573000.0
355,2021-10-01 14:25:21,30100.0,200.0,5572700.0
356,2021-10-01 14:25:17,30100.0,100.0,5572500.0
357,2021-10-01 14:25:15,30100.0,500.0,5572400.0
358,2021-10-01 14:25:14,30100.0,100.0,5571900.0
359,2021-10-01 14:25:10,30100.0,100.0,5571800.0
360,2021-10-01 14:25:10,30100.0,300.0,5571700.0
361,2021-10-01 14:25:10,30100.0,200.0,5571400.0
362,2021-10-01 14:25:10,30100.0,100.0,5571200.0
363,2021-10-01 14:25:10,30100.0,300.0,5571100.0
364,2021-10-01 14:25:10,30100.0,1000.0,5570800.0
365,2021-10-01 14:25:10,30100.0,100.0,5569800.0
366,2021-10-01 14:25:10,30100.0,500.0,5569700.0
367,2021-10-01 14:25:05,30100.0,100.0,5569200.0
368,2021-10-01 14:24:45,30100.0,200.0,5569100.0
369,2021-10-01 14:24:39,30100.0,800.0,5568900.0
370,2021-10-01 14:24:37,30100.0,1000.0,5568100.0
371,2021-10-01 14:24:36,30100.0,1000.0,5567100.0
372,2021-10-01 14:24:27,30150.0,100.0,5566100.0
373,2021-10-01 14:24:22,30050.0,100.0,5566000.0
374,2021-10-01 14:24:22,30100.0,100.0,5565900.0
375,2021-10-01 14:24:03,30150.0,100.0,5565800.0
376,2021-10-01 14:23:56,30050.0,1000.0,5565700.0
377,2021-10-01 14:23:49,30000.0,1600.0,5564700.0
378,2021-10-01 14:23:49,30000.0,400.0,5563100.0
379,2021-10-01 14:23:49,30000.0,300.0,5562700.0
380,2021-10-01 14:23:49,30000.0,500.0,5562400.0
381,2021-10-01 14:23:49,30050.0,2000.0,5561900.0
382,2021-10-01 14:23:49,30050.0,100.0,5559900.0
383,2021-10-01 14:23:49,30050.0,200.0,5559800.0
384,2021-10-01 14:23:49,30050.0,3400.0,5559600.0
385,2021-10-01 14:23:38,30050.0,700.0,5556200.0
386,2021-10-01 14:23:38,30100.0,2000.0,5555500.0
387,2021-10-01 14:23:38,30100.0,100.0,5553500.0
388,2021-10-01 14:23:38,30100.0,100.0,5553400.0
389,2021-10-01 14:23:38,30100.0,1000.0,5553300.0
390,2021-10-01 14:23:38,30100.0,100.0,5552300.0
391,2021-10-01 14:23:38,30100.0,100.0,5552200.0
392,2021-10-01 14:23:38,30100.0,100.0,5552100.0
393,2021-10-01 14:23:38,30100.0,100.0,5552000.0
394,2021-10-01 14:23:38,30100.0,100.0,5551900.0
395,2021-10-01 14:23:38,30100.0,2800.0,5551800.0
396,2021-10-01 14:23:38,30100.0,500.0,5549000.0
397,2021-10-01 14:23:38,30100.0,1000.0,5548500.0
398,2021-10-01 14:23:38,30100.0,100.0,5547500.0
399,2021-10-01 14:23:38,30100.0,100.0,5547400.0
400,2021-10-01 14:23:38,30100.0,1000.0,5547300.0
401,2021-10-01 14:23:38,30100.0,100.0,5546300.0
402,2021-10-01 14:23:38,30100.0,100.0,5546200.0
403,2021-10-01 14:23:38,30100.0,100.0,5546100.0
404,2021-10-01 14:23:38,30100.0,300.0,5546000.0
405,2021-10-01 14:23:38,30100.0,1000.0,5545700.0
406,2021-10-01 14:23:38,30100.0,100.0,5544700.0
407,2021-10-01 14:23:38,30150.0,100.0,5544600.0
408,2021-10-01 14:23:38,30150.0,500.0,5544500.0
409,2021-10-01 14:23:38,30150.0,1000.0,5544000.0
410,2021-10-01 14:23:38,30150.0,300.0,5543000.0
411,2021-10-01 14:23:38,30150.0,1000.0,5542700.0
412,2021-10-01 14:23:38,30150.0,500.0,5541700.0
413,2021-10-01 14:23:29,30200.0,1000.0,5541200.0
414,2021-10-01 14:23:28,30200.0,400.0,5540200.0
415,2021-10-01 14:23:28,30200.0,500.0,5539800.0
416,2021-10-01 14:23:14,30200.0,200.0,5539300.0
417,2021-10-01 14:23:14,30200.0,2000.0,5539100.0
418,2021-10-01 14:23:14,30200.0,500.0,5537100.0
419,2021-10-01 14:23:14,30200.0,1000.0,5536600.0
420,2021-10-01 14:23:14,30200.0,100.0,5535600.0
421,2021-10-01 14:23:14,30200.0,100.0,5535500.0
422,2021-10-01 14:23:14,30200.0,100.0,5535400.0
423,2021-10-01 14:23:14,30200.0,200.0,5535300.0
424,2021-10-01 14:23:14,30200.0,100.0,5535100.0
425,2021-10-01 14:23:14,30200.0,200.0,5535000.0
426,2021-10-01 14:23:14,30200.0,100.0,5534800.0
427,2021-10-01 14:23:14,30200.0,4900.0,5534700.0
428,2021-10-01 14:23:10,30200.0,100.0,5529800.0
429,2021-10-01 14:23:10,30200.0,3000.0,5529700.0
430,2021-10-01 14:23:10,30200.0,300.0,5526700.0
431,2021-10-01 14:23:10,30200.0,100.0,5526400.0
432,2021-10-01 14:23:10,30200.0,100.0,5526300.0
433,2021-10-01 14:23:10,30200.0,100.0,5526200.0
434,2021-10-01 14:23:10,30200.0,100.0,5526100.0
435,2021-10-01 14:23:10,30200.0,500.0,5526000.0
436,2021-10-01 14:23:10,30200.0,300.0,5525500.0
437,2021-10-01 14:23:10,30200.0,100.0,5525200.0
438,2021-10-01 14:23:10,30200.0,100.0,5525100.0
439,2021-10-01 14:23:10,30200.0,100.0,5525000.0
440,2021-10-01 14:23:10,30200.0,100.0,5524900.0
441,2021-10-01 14:23:10,30200.0,1000.0,5524800.0
442,2021-10-01 14:23:10,30200.0,1300.0,5523800.0
443,2021-10-01 14:23:10,30200.0,100.0,5522500.0
444,2021-10-01 14:23:10,30200.0,200.0,5522400.0
445,2021-10-01 14:23:10,30200.0,100.0,5522200.0
446,2021-10-01 14:23:10,30200.0,1000.0,5522100.0
447,2021-10-01 14:23:10,30200.0,100.0,5521100.0
448,2021-10-01 14:23:10,30200.0,100.0,5521000.0
449,2021-10-01 14:23:10,30200.0,100.0,5520900.0
450,2021-10-01 14:23:10,30200.0,100.0,5520800.0
451,2021-10-01 14:23:10,30200.0,900.0,5520700.0
452,2021-10-01 14:23:07,30200.0,2700.0,5519800.0
453,2021-10-01 14:23:07,30250.0,5000.0,5517100.0
454,2021-10-01 14:23:07,30250.0,2300.0,5512100.0
455,2021-10-01 14:23:02,30250.0,200.0,5509800.0
456,2021-10-01 14:22:57,30250.0,100.0,5509600.0
457,2021-10-01 14:22:49,30250.0,400.0,5509500.0
458,2021-10-01 14:22:45,30250.0,100.0,5509100.0
459,2021-10-01 14:22:45,30250.0,400.0,5509000.0
460,2021-10-01 14:22:40,30250.0,1100.0,5508600.0
461,2021-10-01 14:22:40,30250.0,3900.0,5507500.0
462,2021-10-01 14:22:23,30250.0,500.0,5503600.0
463,2021-10-01 14:22:20,30250.0,100.0,5503100.0
464,2021-10-01 14:22:14,30250.0,500.0,5503000.0
465,2021-10-01 14:22:06,30200.0,5600.0,5502500.0
466,2021-10-01 14:22:06,30250.0,100.0,5496900.0
467,2021-10-01 14:22:06,30250.0,100.0,5496800.0
468,2021-10-01 14:22:06,30250.0,300.0,5496700.0
469,2021-10-01 14:22:06,30250.0,1000.0,5496400.0
470,2021-10-01 14:22:06,30250.0,100.0,5495400.0
471,2021-10-01 14:22:06,30250.0,1000.0,5495300.0
472,2021-10-01 14:22:06,30250.0,1000.0,5494300.0
473,2021-10-01 14:22:06,30250.0,200.0,5493300.0
474,2021-10-01 14:22:06,30250.0,600.0,5493100.0
475,2021-10-01 14:22:02,30250.0,400.0,5492500.0
476,2021-10-01 14:21:56,30250.0,200.0,5492100.0
477,2021-10-01 14:21:56,30250.0,400.0,5491900.0
478,2021-10-01 14:21:46,30300.0,800.0,5491500.0
479,2021-10-01 14:21:44,30300.0,100.0,5490700.0
480,2021-10-01 14:21:39,30300.0,200.0,5490600.0
481,2021-10-01 14:21:35,30300.0,100.0,5490400.0
482,2021-10-01 14:21:35,30300.0,300.0,5490300.0
483,2021-10-01 14:21:35,30300.0,100.0,5490000.0
484,2021-10-01 14:21:35,30300.0,200.0,5489900.0
485,2021-10-01 14:21:35,30300.0,100.0,5489700.0
486,2021-10-01 14:21:35,30300.0,100.0,5489600.0
487,2021-10-01 14:21:35,30300.0,900.0,5489500.0
488,2021-10-01 14:21:30,30300.0,100.0,5488600.0
489,2021-10-01 14:21:30,30300.0,5000.0,5488500.0
490,2021-10-01 14:21:30,30300.0,100.0,5483500.0
491,2021-10-01 14:21:30,30300.0,500.0,5483400.0
492,2021-10-01 14:21:30,30300.0,10500.0,5482900.0
493,2021-10-01 14:21:30,30300.0,5000.0,5472400.0
494,2021-10-01 14:21:30,30300.0,300.0,5467400.0
495,2021-10-01 14:21:30,30300.0,100.0,5467100.0
496,2021-10-01 14:21:30,30300.0,1000.0,5467000.0
497,2021-10-01 14:21:30,30300.0,1000.0,5466000.0
498,2021-10-01 14:21:30,30300.0,100.0,5465000.0
499,2021-10-01 14:21:30,30300.0,100.0,5464900.0
500,2021-10-01 14:21:30,30300.0,500.0,5464800.0
501,2021-10-01 14:21:30,30300.0,200.0,5464300.0
502,2021-10-01 14:21:30,30300.0,100.0,5464100.0
503,2021-10-01 14:21:30,30300.0,200.0,5464000.0
504,2021-10-01 14:21:30,30300.0,100.0,5463800.0
505,2021-10-01 14:21:30,30300.0,100.0,5463700.0
506,2021-10-01 14:21:30,30300.0,1000.0,5463600.0
507,2021-10-01 14:21:30,30300.0,1000.0,5462600.0
508,2021-10-01 14:21:30,30300.0,1000.0,5461600.0
509,2021-10-01 14:21:30,30300.0,300.0,5460600.0
510,2021-10-01 14:21:30,30300.0,500.0,5460300.0
511,2021-10-01 14:21:30,30300.0,11800.0,5459800.0
512,2021-10-01 14:21:17,30300.0,200.0,5448000.0
513,2021-10-01 14:21:15,30300.0,500.0,5447800.0
514,2021-10-01 14:21:01,30300.0,800.0,5447300.0
515,2021-10-01 14:20:48,30300.0,1000.0,5446500.0
516,2021-10-01 14:20:47,30300.0,100.0,5445500.0
517,2021-10-01 14:20:36,30300.0,100.0,5445400.0
518,2021-10-01 14:20:35,30350.0,100.0,5445300.0
519,2021-10-01 14:20:35,30300.0,2500.0,5445200.0
520,2021-10-01 14:20:35,30300.0,500.0,5442700.0
521,2021-10-01 14:20:35,30300.0,1000.0,5442200.0
522,2021-10-01 14:20:35,30300.0,500.0,5441200.0
523,2021-10-01 14:20:35,30300.0,100.0,5440700.0
524,2021-10-01 14:20:35,30300.0,100.0,5440600.0
525,2021-10-01 14:20:35,30300.0,100.0,5440500.0
526,2021-10-01 14:20:35,30300.0,200.0,5440400.0
527,2021-10-01 14:20:32,30350.0,500.0,5440200.0
528,2021-10-01 14:20:30,30350.0,500.0,5439700.0
529,2021-10-01 14:20:30,30350.0,500.0,5439200.0
530,2021-10-01 14:20:30,30350.0,100.0,5438700.0
531,2021-10-01 14:20:30,30350.0,1900.0,5438600.0
532,2021-10-01 14:20:26,30300.0,1000.0,5436700.0
533,2021-10-01 14:20:26,30300.0,200.0,5435700.0
534,2021-10-01 14:20:26,30300.0,200.0,5435500.0
535,2021-10-01 14:20:26,30300.0,100.0,5435300.0
536,2021-10-01 14:20:26,30300.0,500.0,5435200.0
537,2021-10-01 14:20:21,30350.0,1000.0,5434700.0
538,2021-10-01 14:20:16,30350.0,100.0,5433700.0
539,2021-10-01 14:20:16,30350.0,100.0,5433600.0
540,2021-10-01 14:20:16,30350.0,800.0,5433500.0
541,2021-10-01 14:20:12,30300.0,100.0,5432700.0
542,2021-10-01 14:20:12,30300.0,100.0,5432600.0
543,2021-10-01 14:20:04,30350.0,200.0,5432500.0
544,2021-10-01 14:19:59,30350.0,500.0,5432300.0
545,2021-10-01 14:19:56,30300.0,100.0,5431800.0
546,2021-10-01 14:19:56,30300.0,100.0,5431700.0
547,2021-10-01 14:19:56,30300.0,200.0,5431600.0
548,2021-10-01 14:19:56,30300.0,500.0,5431400.0
549,2021-10-01 14:19:56,30300.0,500.0,5430900.0
550,2021-10-01 14:19:56,30300.0,200.0,5430400.0
551,2021-10-01 14:19:56,30300.0,1000.0,5430200.0
552,2021-10-01 14:19:56,30300.0,100.0,5429200.0
553,2021-10-01 14:19:56,30300.0,600.0,5429100.0
554,2021-10-01 14:19:56,30300.0,100.0,5428500.0
555,2021-10-01 14:19:56,30300.0,100.0,5428400.0
556,2021-10-01 14:19:56,30300.0,200.0,5428300.0
557,2021-10-01 14:19:56,30300.0,100.0,5428100.0
558,2021-10-01 14:19:56,30300.0,100.0,5428000.0
559,2021-10-01 14:19:56,30300.0,200.0,5427900.0
560,2021-10-01 14:19:56,30300.0,100.0,5427700.0
561,2021-10-01 14:19:56,30300.0,5000.0,5427600.0
562,2021-10-01 14:19:56,30300.0,200.0,5422600.0
563,2021-10-01 14:19:56,30300.0,100.0,5422400.0
564,2021-10-01 14:19:56,30300.0,1000.0,5422300.0
565,2021-10-01 14:19:56,30300.0,1000.0,5421300.0
566,2021-10-01 14:19:56,30300.0,5000.0,5420300.0
567,2021-10-01 14:19:56,30300.0,200.0,5415300.0
568,2021-10-01 14:19:56,30300.0,300.0,5415100.0
569,2021-10-01 14:19:56,30300.0,100.0,5414800.0
570,2021-10-01 14:19:56,30300.0,100.0,5414700.0
571,2021-10-01 14:19:56,30300.0,1000.0,5414600.0
572,2021-10-01 14:19:56,30300.0,300.0,5413600.0
573,2021-10-01 14:19:56,30300.0,2000.0,5413300.0
574,2021-10-01 14:19:56,30300.0,1200.0,5411300.0
575,2021-10-01 14:19:56,30300.0,800.0,5410100.0
576,2021-10-01 14:19:52,30350.0,100.0,5409300.0
577,2021-10-01 14:19:47,30350.0,100.0,5409200.0
578,2021-10-01 14:19:38,30350.0,300.0,5409100.0
579,2021-10-01 14:19:38,30350.0,200.0,5408800.0
580,2021-10-01 14:19:28,30350.0,100.0,5408600.0
581,2021-10-01 14:19:22,30350.0,500.0,5408500.0
582,2021-10-01 14:18:50,30350.0,500.0,5408000.0
583,2021-10-01 14:18:40,30350.0,300.0,5407500.0
584,2021-10-01 14:18:37,30350.0,500.0,5407200.0
585,2021-10-01 14:18:15,30350.0,500.0,5406700.0
586,2021-10-01 14:18:06,30350.0,100.0,5406200.0
587,2021-10-01 14:18:06,30350.0,100.0,5406100.0
588,2021-10-01 14:18:06,30350.0,1000.0,5406000.0
589,2021-10-01 14:18:06,30350.0,1200.0,5405000.0
590,2021-10-01 14:18:02,30350.0,2000.0,5403800.0
591,2021-10-01 14:17:47,30350.0,1800.0,5401800.0
592,2021-10-01 14:17:22,30350.0,100.0,5400000.0
593,2021-10-01 14:17:22,30350.0,400.0,5399900.0
594,2021-10-01 14:17:22,30350.0,200.0,5399500.0
595,2021-10-01 14:17:22,30350.0,100.0,5399300.0
596,2021-10-01 14:17:22,30350.0,300.0,5399200.0
597,2021-10-01 14:17:22,30350.0,3000.0,5398900.0
598,2021-10-01 14:17:22,30350.0,100.0,5395900.0
599,2021-10-01 14:17:22,30350.0,100.0,5395800.0
600,2021-10-01 14:17:22,30350.0,1100.0,5395700.0
601,2021-10-01 14:17:22,30350.0,300.0,5394600.0
602,2021-10-01 14:17:22,30350.0,100.0,5394300.0
603,2021-10-01 14:17:22,30350.0,200.0,5394200.0
604,2021-10-01 14:17:22,30350.0,100.0,5394000.0
605,2021-10-01 14:17:22,30350.0,500.0,5393900.0
606,2021-10-01 14:17:22,30350.0,1600.0,5393400.0
607,2021-10-01 14:17:04,30350.0,100.0,5391800.0
608,2021-10-01 14:17:02,30400.0,200.0,5391700.0
609,2021-10-01 14:16:56,30350.0,500.0,5391500.0
610,2021-10-01 14:16:55,30400.0,100.0,5391000.0
611,2021-10-01 14:16:55,30400.0,100.0,5390900.0
612,2021-10-01 14:16:46,30350.0,300.0,5390800.0
613,2021-10-01 14:16:29,30350.0,2500.0,5390500.0
614,2021-10-01 14:16:29,30350.0,200.0,5388000.0
615,2021-10-01 14:16:29,30350.0,2500.0,5387800.0
616,2021-10-01 14:16:26,30350.0,100.0,5385300.0
617,2021-10-01 14:16:20,30400.0,100.0,5385200.0
618,2021-10-01 14:16:13,30400.0,200.0,5385100.0
619,2021-10-01 14:16:10,30400.0,100.0,5384900.0
620,2021-10-01 14:16:09,30400.0,500.0,5384800.0
621,2021-10-01 14:16:09,30400.0,2200.0,5384300.0
622,2021-10-01 14:16:07,30400.0,300.0,5382100.0
623,2021-10-01 14:16:07,30400.0,200.0,5381800.0
624,2021-10-01 14:16:07,30400.0,1500.0,5381600.0
625,2021-10-01 14:15:33,30400.0,100.0,5380100.0
626,2021-10-01 14:15:29,30350.0,500.0,5380000.0
627,2021-10-01 14:15:28,30350.0,100.0,5379500.0
628,2021-10-01 14:15:28,30350.0,300.0,5379400.0
629,2021-10-01 14:15:28,30350.0,100.0,5379100.0
630,2021-10-01 14:15:28,30350.0,300.0,5379000.0
631,2021-10-01 14:15:22,30350.0,1400.0,5378700.0
632,2021-10-01 14:15:20,30400.0,300.0,5377300.0
633,2021-10-01 14:15:02,30400.0,1400.0,5377000.0
634,2021-10-01 14:15:02,30400.0,2600.0,5375600.0
635,2021-10-01 14:15:01,30350.0,200.0,5373000.0
636,2021-10-01 14:14:42,30400.0,400.0,5372800.0
637,2021-10-01 14:14:42,30400.0,200.0,5372400.0
638,2021-10-01 14:14:42,30400.0,300.0,5372200.0
639,2021-10-01 14:14:42,30400.0,1600.0,5371900.0
640,2021-10-01 14:14:37,30350.0,1000.0,5370300.0
641,2021-10-01 14:14:31,30350.0,500.0,5369300.0
642,2021-10-01 14:14:15,30350.0,200.0,5368800.0
643,2021-10-01 14:14:14,30350.0,600.0,5368600.0
644,2021-10-01 14:14:14,30350.0,5000.0,5368000.0
645,2021-10-01 14:14:14,30350.0,3900.0,5363000.0
646,2021-10-01 14:14:11,30300.0,1000.0,5359100.0
647,2021-10-01 14:14:11,30300.0,1000.0,5358100.0
648,2021-10-01 14:14:01,30350.0,100.0,5357100.0
649,2021-10-01 14:13:58,30350.0,500.0,5357000.0
650,2021-10-01 14:13:54,30350.0,100.0,5356500.0
651,2021-10-01 14:13:40,30350.0,100.0,5356400.0
652,2021-10-01 14:13:40,30350.0,300.0,5356300.0
653,2021-10-01 14:13:29,30400.0,100.0,5356000.0
654,2021-10-01 14:13:10,30350.0,700.0,5355900.0
655,2021-10-01 14:13:10,30350.0,500.0,5355200.0
656,2021-10-01 14:13:10,30350.0,800.0,5354700.0
657,2021-10-01 14:13:08,30350.0,200.0,5353900.0
658,2021-10-01 14:13:08,30350.0,100.0,5353700.0
659,2021-10-01 14:13:08,30350.0,600.0,5353600.0
660,2021-10-01 14:13:07,30400.0,100.0,5353000.0
661,2021-10-01 14:13:07,30350.0,300.0,5352900.0
662,2021-10-01 14:13:07,30350.0,100.0,5352600.0
663,2021-10-01 14:13:07,30350.0,600.0,5352500.0
664,2021-10-01 14:13:02,30400.0,500.0,5351900.0
665,2021-10-01 14:12:58,30350.0,400.0,5351400.0
666,2021-10-01 14:12:58,30350.0,100.0,5351000.0
667,2021-10-01 14:12:58,30350.0,100.0,5350900.0
668,2021-10-01 14:12:58,30350.0,100.0,5350800.0
669,2021-10-01 14:12:58,30350.0,100.0,5350700.0
670,2021-10-01 14:12:58,30350.0,1000.0,5350600.0
671,2021-10-01 14:12:58,30350.0,1000.0,5349600.0
672,2021-10-01 14:12:58,30350.0,1000.0,5348600.0
673,2021-10-01 14:12:58,30350.0,500.0,5347600.0
674,2021-10-01 14:12:58,30350.0,100.0,5347100.0
675,2021-10-01 14:12:58,30350.0,200.0,5347000.0
676,2021-10-01 14:12:58,30350.0,300.0,5346800.0
677,2021-10-01 14:12:58,30350.0,3800.0,5346500.0
678,2021-10-01 14:12:58,30400.0,100.0,5342700.0
679,2021-10-01 14:12:57,30400.0,100.0,5342600.0
680,2021-10-01 14:12:56,30400.0,500.0,5342500.0
681,2021-10-01 14:12:56,30400.0,500.0,5342000.0
682,2021-10-01 14:12:56,30400.0,100.0,5341500.0
683,2021-10-01 14:12:38,30400.0,100.0,5341400.0
684,2021-10-01 14:12:30,30400.0,300.0,5341300.0
685,2021-10-01 14:12:30,30400.0,100.0,5341000.0
686,2021-10-01 14:12:18,30400.0,400.0,5340900.0
687,2021-10-01 14:12:18,30400.0,1000.0,5340500.0
688,2021-10-01 14:11:54,30400.0,400.0,5339500.0
689,2021-10-01 14:11:42,30400.0,100.0,5339100.0
690,2021-10-01 14:11:41,30400.0,100.0,5339000.0
691,2021-10-01 14:11:40,30400.0,1000.0,5338900.0
692,2021-10-01 14:11:40,30400.0,2000.0,5337900.0
693,2021-10-01 14:11:40,30400.0,1000.0,5335900.0
694,2021-10-01 14:11:40,30400.0,1000.0,5334900.0
695,2021-10-01 14:11:40,30400.0,600.0,5333900.0
696,2021-10-01 14:11:40,30400.0,1100.0,5333300.0
697,2021-10-01 14:11:22,30400.0,900.0,5332200.0
698,2021-10-01 14:11:22,30400.0,4100.0,5331300.0
699,2021-10-01 14:11:14,30400.0,4000.0,5327200.0
700,2021-10-01 14:11:02,30400.0,300.0,5323200.0
701,2021-10-01 14:10:59,30400.0,1000.0,5322900.0
702,2021-10-01 14:10:51,30400.0,600.0,5321900.0
703,2021-10-01 14:10:51,30400.0,5000.0,5321300.0
704,2021-10-01 14:10:41,30350.0,1000.0,5316300.0
705,2021-10-01 14:10:39,30350.0,400.0,5315300.0
706,2021-10-01 14:10:39,30350.0,100.0,5314900.0
707,2021-10-01 14:10:39,30350.0,200.0,5314800.0
708,2021-10-01 14:10:39,30350.0,1000.0,5314600.0
709,2021-10-01 14:10:39,30350.0,900.0,5313600.0
710,2021-10-01 14:10:39,30350.0,100.0,5312700.0
711,2021-10-01 14:10:39,30350.0,300.0,5312600.0
712,2021-10-01 14:10:08,30400.0,100.0,5312300.0
713,2021-10-01 14:10:05,30350.0,100.0,5312200.0
714,2021-10-01 14:09:57,30400.0,100.0,5312100.0
715,2021-10-01 14:09:57,30400.0,600.0,5312000.0
716,2021-10-01 14:09:57,30400.0,200.0,5311400.0
717,2021-10-01 14:09:57,30400.0,200.0,5311200.0
718,2021-10-01 14:09:57,30400.0,500.0,5311000.0
719,2021-10-01 14:09:57,30400.0,3000.0,5310500.0
720,2021-10-01 14:09:57,30400.0,100.0,5307500.0
721,2021-10-01 14:09:57,30400.0,200.0,5307400.0
722,2021-10-01 14:09:48,30400.0,1000.0,5307200.0
723,2021-10-01 14:09:48,30400.0,3000.0,5306200.0
724,2021-10-01 14:09:47,30400.0,300.0,5303200.0
725,2021-10-01 14:09:43,30400.0,900.0,5302900.0
726,2021-10-01 14:09:26,30400.0,3000.0,5302000.0
727,2021-10-01 14:09:23,30400.0,1600.0,5299000.0
728,2021-10-01 14:09:23,30400.0,100.0,5297400.0
729,2021-10-01 14:09:23,30400.0,100.0,5297300.0
730,2021-10-01 14:09:23,30400.0,500.0,5297200.0
731,2021-10-01 14:09:23,30400.0,2000.0,5296700.0
732,2021-10-01 14:09:23,30400.0,300.0,5294700.0
733,2021-10-01 14:09:23,30400.0,400.0,5294400.0
734,2021-10-01 14:09:02,30400.0,300.0,5294000.0
735,2021-10-01 14:09:02,30400.0,500.0,5293700.0
736,2021-10-01 14:09:02,30400.0,100.0,5293200.0
737,2021-10-01 14:09:02,30400.0,100.0,5293100.0
738,2021-10-01 14:08:56,30400.0,900.0,5293000.0
739,2021-10-01 14:08:56,30400.0,500.0,5292100.0
740,2021-10-01 14:08:56,30400.0,100.0,5291600.0
741,2021-10-01 14:08:56,30400.0,100.0,5291500.0
742,2021-10-01 14:08:56,30400.0,100.0,5291400.0
743,2021-10-01 14:08:56,30400.0,200.0,5291300.0
744,2021-10-01 14:08:56,30400.0,200.0,5291100.0
745,2021-10-01 14:08:56,30400.0,200.0,5290900.0
746,2021-10-01 14:08:56,30400.0,1700.0,5290700.0
747,2021-10-01 14:08:46,30400.0,400.0,5289000.0
748,2021-10-01 14:08:44,30400.0,1000.0,5288600.0
749,2021-10-01 14:08:24,30400.0,100.0,5287600.0
750,2021-10-01 14:08:08,30400.0,3700.0,5287500.0
751,2021-10-01 14:07:53,30450.0,500.0,5283800.0
752,2021-10-01 14:07:43,30450.0,900.0,5283300.0
753,2021-10-01 14:07:43,30450.0,300.0,5282400.0
754,2021-10-01 14:07:34,30450.0,500.0,5282100.0
755,2021-10-01 14:07:28,30450.0,100.0,5281600.0
756,2021-10-01 14:07:11,30450.0,500.0,5281500.0
757,2021-10-01 14:07:08,30450.0,10000.0,5281000.0
758,2021-10-01 14:07:07,30450.0,1000.0,5271000.0
759,2021-10-01 14:07:05,30450.0,100.0,5270000.0
760,2021-10-01 14:06:59,30450.0,3000.0,5269900.0
761,2021-10-01 14:06:54,30450.0,100.0,5266900.0
762,2021-10-01 14:06:42,30450.0,300.0,5266800.0
763,2021-10-01 14:06:23,30450.0,100.0,5266500.0
764,2021-10-01 14:06:03,30450.0,400.0,5266400.0
765,2021-10-01 14:05:58,30450.0,500.0,5266000.0
766,2021-10-01 14:05:52,30450.0,1600.0,5265500.0
767,2021-10-01 14:05:52,30450.0,1000.0,5263900.0
768,2021-10-01 14:05:52,30450.0,400.0,5262900.0
769,2021-10-01 14:05:27,30450.0,100.0,5262500.0
770,2021-10-01 14:05:25,30400.0,1500.0,5262400.0
771,2021-10-01 14:05:25,30400.0,500.0,5260900.0
772,2021-10-01 14:05:25,30400.0,800.0,5260400.0
773,2021-10-01 14:05:25,30400.0,300.0,5259600.0
774,2021-10-01 14:05:25,30400.0,100.0,5259300.0
775,2021-10-01 14:05:25,30400.0,300.0,5259200.0
776,2021-10-01 14:05:25,30400.0,100.0,5258900.0
777,2021-10-01 14:05:25,30400.0,200.0,5258800.0
778,2021-10-01 14:05:25,30400.0,500.0,5258600.0
779,2021-10-01 14:05:25,30400.0,500.0,5258100.0
780,2021-10-01 14:05:25,30400.0,1000.0,5257600.0
781,2021-10-01 14:05:25,30400.0,100.0,5256600.0
782,2021-10-01 14:05:25,30400.0,100.0,5256500.0
783,2021-10-01 14:05:25,30400.0,300.0,5256400.0
784,2021-10-01 14:05:25,30400.0,100.0,5256100.0
785,2021-10-01 14:05:25,30400.0,1000.0,5256000.0
786,2021-10-01 14:05:25,30400.0,100.0,5255000.0
787,2021-10-01 14:05:25,30400.0,100.0,5254900.0
788,2021-10-01 14:05:25,30400.0,500.0,5254800.0
789,2021-10-01 14:05:25,30400.0,1000.0,5254300.0
790,2021-10-01 14:05:25,30400.0,100.0,5253300.0
791,2021-10-01 14:05:25,30400.0,600.0,5253200.0
792,2021-10-01 14:05:25,30400.0,100.0,5252600.0
793,2021-10-01 14:05:25,30400.0,100.0,5252500.0
794,2021-10-01 14:05:25,30400.0,400.0,5252400.0
795,2021-10-01 14:05:25,30400.0,1000.0,5252000.0
796,2021-10-01 14:05:25,30400.0,3000.0,5251000.0
797,2021-10-01 14:05:25,30400.0,200.0,5248000.0
798,2021-10-01 14:05:25,30400.0,3000.0,5247800.0
799,2021-10-01 14:05:25,30400.0,100.0,5244800.0
800,2021-10-01 14:05:25,30400.0,200.0,5244700.0
801,2021-10-01 14:05:25,30400.0,100.0,5244500.0
802,2021-10-01 14:05:25,30400.0,200.0,5244400.0
803,2021-10-01 14:05:25,30400.0,900.0,5244200.0
804,2021-10-01 14:05:25,30400.0,10000.0,5243300.0
805,2021-10-01 14:05:25,30400.0,100.0,5233300.0
806,2021-10-01 14:05:25,30400.0,100.0,5233200.0
807,2021-10-01 14:05:25,30400.0,700.0,5233100.0
808,2021-10-01 14:05:22,30400.0,300.0,5232400.0
809,2021-10-01 14:05:22,30400.0,100.0,5232100.0
810,2021-10-01 14:05:22,30450.0,200.0,5232000.0
811,2021-10-01 14:05:22,30450.0,100.0,5231800.0
812,2021-10-01 14:05:22,30450.0,300.0,5231700.0
813,2021-10-01 14:05:20,30450.0,700.0,5231400.0
814,2021-10-01 14:05:20,30450.0,100.0,5230700.0
815,2021-10-01 14:05:20,30450.0,100.0,5230600.0
816,2021-10-01 14:05:20,30450.0,200.0,5230500.0
817,2021-10-01 14:05:20,30450.0,200.0,5230300.0
818,2021-10-01 14:05:20,30450.0,300.0,5230100.0
819,2021-10-01 14:05:20,30450.0,1000.0,5229800.0
820,2021-10-01 14:05:20,30450.0,100.0,5228800.0
821,2021-10-01 14:05:20,30450.0,100.0,5228700.0
822,2021-10-01 14:05:20,30450.0,200.0,5228600.0
823,2021-10-01 14:04:48,30450.0,200.0,5228400.0
824,2021-10-01 14:04:44,30450.0,100.0,5228200.0
825,2021-10-01 14:04:44,30450.0,100.0,5228100.0
826,2021-10-01 14:04:43,30450.0,2000.0,5228000.0
827,2021-10-01 14:04:22,30450.0,200.0,5226000.0
828,2021-10-01 14:04:06,30450.0,1000.0,5225800.0
829,2021-10-01 14:03:55,30450.0,800.0,5224800.0
830,2021-10-01 14:03:55,30450.0,100.0,5224000.0
831,2021-10-01 14:03:55,30450.0,100.0,5223900.0
832,2021-10-01 14:03:21,30450.0,300.0,5223800.0
833,2021-10-01 14:03:21,30450.0,100.0,5223500.0
834,2021-10-01 14:03:21,30450.0,2000.0,5223400.0
835,2021-10-01 14:03:21,30450.0,200.0,5221400.0
836,2021-10-01 14:03:21,30450.0,200.0,5221200.0
837,2021-10-01 14:03:21,30450.0,500.0,5221000.0
838,2021-10-01 14:03:21,30450.0,100.0,5220500.0
839,2021-10-01 14:03:21,30450.0,300.0,5220400.0
840,2021-10-01 14:03:21,30450.0,1000.0,5220100.0
841,2021-10-01 14:03:21,30450.0,300.0,5219100.0
842,2021-10-01 14:03:18,30450.0,700.0,5218800.0
843,2021-10-01 14:03:18,30450.0,1100.0,5218100.0
844,2021-10-01 14:02:55,30450.0,100.0,5217000.0
845,2021-10-01 14:02:50,30450.0,1600.0,5216900.0
846,2021-10-01 14:02:28,30450.0,1000.0,5215300.0
847,2021-10-01 14:02:22,30450.0,100.0,5214300.0
848,2021-10-01 14:02:18,30450.0,500.0,5214200.0
849,2021-10-01 14:02:09,30450.0,500.0,5213700.0
850,2021-10-01 14:02:02,30450.0,200.0,5213200.0
851,2021-10-01 14:01:44,30450.0,100.0,5213000.0
852,2021-10-01 14:01:43,30450.0,900.0,5212900.0
853,2021-10-01 14:01:43,30450.0,300.0,5212000.0
854,2021-10-01 14:01:43,30450.0,300.0,5211700.0
855,2021-10-01 14:01:43,30450.0,500.0,5211400.0
856,2021-10-01 14:01:43,30450.0,3000.0,5210900.0
857,2021-10-01 14:01:28,30450.0,200.0,5207900.0
858,2021-10-01 14:01:23,30450.0,800.0,5207700.0
859,2021-10-01 14:01:23,30450.0,200.0,5206900.0
860,2021-10-01 14:01:23,30450.0,200.0,5206700.0
861,2021-10-01 14:01:23,30450.0,200.0,5206500.0
862,2021-10-01 14:01:23,30450.0,200.0,5206300.0
863,2021-10-01 14:01:23,30450.0,100.0,5206100.0
864,2021-10-01 14:01:23,30450.0,300.0,5206000.0
865,2021-10-01 14:01:23,30450.0,1000.0,5205700.0
866,2021-10-01 14:01:23,30450.0,500.0,5204700.0
867,2021-10-01 14:01:03,30450.0,500.0,5204200.0
868,2021-10-01 14:01:03,30450.0,500.0,5203700.0
869,2021-10-01 14:00:55,30500.0,300.0,5203200.0
870,2021-10-01 14:00:47,30450.0,1000.0,5202900.0
871,2021-10-01 14:00:47,30450.0,500.0,5201900.0
872,2021-10-01 14:00:47,30450.0,500.0,5201400.0
873,2021-10-01 14:00:47,30450.0,100.0,5200900.0
874,2021-10-01 14:00:47,30450.0,500.0,5200800.0
875,2021-10-01 14:00:47,30450.0,400.0,5200300.0
876,2021-10-01 14:00:42,30500.0,200.0,5199900.0
877,2021-10-01 14:00:38,30500.0,1000.0,5199700.0
878,2021-10-01 14:00:03,30500.0,100.0,5198700.0
879,2021-10-01 13:59:51,30500.0,300.0,5198600.0
880,2021-10-01 13:59:51,30500.0,500.0,5198300.0
881,2021-10-01 13:59:38,30500.0,1400.0,5197800.0
882,2021-10-01 13:59:35,30500.0,300.0,5196400.0
883,2021-10-01 13:58:33,30450.0,300.0,5196100.0
884,2021-10-01 13:58:33,30450.0,400.0,5195800.0
885,2021-10-01 13:58:33,30450.0,100.0,5195400.0
886,2021-10-01 13:58:29,30500.0,600.0,5195300.0
887,2021-10-01 13:58:19,30450.0,100.0,5194700.0
888,2021-10-01 13:58:19,30450.0,100.0,5194600.0
889,2021-10-01 13:58:05,30450.0,100.0,5194500.0
890,2021-10-01 13:57:49,30500.0,500.0,5194400.0
891,2021-10-01 13:57:33,30500.0,3500.0,5193900.0
892,2021-10-01 13:57:15,30500.0,600.0,5190400.0
893,2021-10-01 13:56:40,30500.0,100.0,5189800.0
894,2021-10-01 13:56:40,30500.0,400.0,5189700.0
895,2021-10-01 13:56:19,30500.0,1000.0,5189300.0
896,2021-10-01 13:56:15,30500.0,2000.0,5188300.0
897,2021-10-01 13:56:05,30500.0,1000.0,5186300.0
898,2021-10-01 13:55:59,30500.0,2000.0,5185300.0
899,2021-10-01 13:55:59,30500.0,100.0,5183300.0
900,2021-10-01 13:55:59,30500.0,100.0,5183200.0
901,2021-10-01 13:55:59,30500.0,300.0,5183100.0
902,2021-10-01 13:55:59,30500.0,2000.0,5182800.0
903,2021-10-01 13:55:59,30500.0,100.0,5180800.0
904,2021-10-01 13:55:59,30500.0,500.0,5180700.0
905,2021-10-01 13:55:59,30500.0,500.0,5180200.0
906,2021-10-01 13:55:59,30500.0,100.0,5179700.0
907,2021-10-01 13:55:59,30500.0,100.0,5179600.0
908,2021-10-01 13:55:59,30500.0,100.0,5179500.0
909,2021-10-01 13:55:59,30500.0,100.0,5179400.0
910,2021-10-01 13:55:59,30500.0,100.0,5179300.0
911,2021-10-01 13:55:59,30500.0,100.0,5179200.0
912,2021-10-01 13:55:59,30500.0,100.0,5179100.0
913,2021-10-01 13:55:59,30500.0,16000.0,5179000.0
914,2021-10-01 13:55:59,30500.0,3000.0,5163000.0
915,2021-10-01 13:55:59,30500.0,1000.0,5160000.0
916,2021-10-01 13:55:59,30500.0,600.0,5159000.0
917,2021-10-01 13:55:59,30500.0,100.0,5158400.0
918,2021-10-01 13:55:59,30500.0,100.0,5158300.0
919,2021-10-01 13:55:59,30500.0,3500.0,5158200.0
920,2021-10-01 13:55:59,30500.0,100.0,5154700.0
921,2021-10-01 13:55:59,30500.0,1000.0,5154600.0
922,2021-10-01 13:55:59,30500.0,100.0,5153600.0
923,2021-10-01 13:55:59,30500.0,5000.0,5153500.0
924,2021-10-01 13:55:59,30500.0,200.0,5148500.0
925,2021-10-01 13:55:59,30500.0,2000.0,5148300.0
926,2021-10-01 13:55:59,30500.0,400.0,5146300.0
927,2021-10-01 13:55:59,30500.0,100.0,5145900.0
928,2021-10-01 13:55:59,30500.0,4000.0,5145800.0
929,2021-10-01 13:55:59,30500.0,2100.0,5141800.0
930,2021-10-01 13:55:52,30600.0,200.0,5139700.0
931,2021-10-01 13:55:52,30550.0,300.0,5139500.0
932,2021-10-01 13:55:26,30550.0,1300.0,5139200.0
933,2021-10-01 13:54:58,30550.0,100.0,5137900.0
934,2021-10-01 13:54:56,30550.0,100.0,5137800.0
935,2021-10-01 13:54:56,30550.0,100.0,5137700.0
936,2021-10-01 13:54:53,30550.0,400.0,5137600.0
937,2021-10-01 13:54:47,30550.0,500.0,5137200.0
938,2021-10-01 13:54:41,30550.0,300.0,5136700.0
939,2021-10-01 13:54:33,30550.0,200.0,5136400.0
940,2021-10-01 13:54:27,30550.0,1600.0,5136200.0
941,2021-10-01 13:54:26,30550.0,300.0,5134600.0
942,2021-10-01 13:54:26,30550.0,100.0,5134300.0
943,2021-10-01 13:54:18,30550.0,100.0,5134200.0
944,2021-10-01 13:54:04,30550.0,300.0,5134100.0
945,2021-10-01 13:53:55,30550.0,200.0,5133800.0
946,2021-10-01 13:53:55,30550.0,100.0,5133600.0
947,2021-10-01 13:53:54,30600.0,2700.0,5133500.0
948,2021-10-01 13:53:49,30600.0,3600.0,5130800.0
949,2021-10-01 13:53:49,30600.0,100.0,5127200.0
950,2021-10-01 13:53:49,30600.0,1300.0,5127100.0
951,2021-10-01 13:53:46,30600.0,900.0,5125800.0
952,2021-10-01 13:53:46,30550.0,100.0,5124900.0
953,2021-10-01 13:53:43,30550.0,900.0,5124800.0
954,2021-10-01 13:53:38,30600.0,800.0,5123900.0
955,2021-10-01 13:53:38,30600.0,2000.0,5123100.0
956,2021-10-01 13:53:38,30600.0,100.0,5121100.0
957,2021-10-01 13:53:38,30600.0,300.0,5121000.0
958,2021-10-01 13:53:38,30600.0,1000.0,5120700.0
959,2021-10-01 13:53:38,30600.0,500.0,5119700.0
960,2021-10-01 13:53:38,30600.0,500.0,5119200.0
961,2021-10-01 13:53:38,30600.0,500.0,5118700.0
962,2021-10-01 13:53:38,30600.0,200.0,5118200.0
963,2021-10-01 13:53:38,30600.0,2100.0,5118000.0
964,2021-10-01 13:53:30,30550.0,1100.0,5115900.0
965,2021-10-01 13:53:30,30550.0,100.0,5114800.0
966,2021-10-01 13:53:30,30550.0,900.0,5114700.0
967,2021-10-01 13:53:23,30600.0,10000.0,5113800.0
968,2021-10-01 13:53:15,30600.0,15000.0,5103800.0
969,2021-10-01 13:53:06,30550.0,1000.0,5088800.0
970,2021-10-01 13:53:05,30550.0,1000.0,5087800.0
971,2021-10-01 13:52:54,30550.0,100.0,5086800.0
972,2021-10-01 13:52:49,30550.0,3000.0,5086700.0
973,2021-10-01 13:52:35,30550.0,100.0,5083700.0
974,2021-10-01 13:52:26,30550.0,1900.0,5083600.0
975,2021-10-01 13:52:26,30550.0,100.0,5081700.0
976,2021-10-01 13:52:26,30550.0,1000.0,5081600.0
977,2021-10-01 13:52:20,30500.0,100.0,5080600.0
978,2021-10-01 13:52:13,30500.0,100.0,5080500.0
979,2021-10-01 13:52:11,30550.0,500.0,5080400.0
980,2021-10-01 13:52:05,30550.0,5000.0,5079900.0
981,2021-10-01 13:52:02,30550.0,1500.0,5074900.0
982,2021-10-01 13:52:02,30550.0,1500.0,5073400.0
983,2021-10-01 13:52:02,30550.0,500.0,5071900.0
984,2021-10-01 13:51:45,30550.0,3000.0,5071400.0
985,2021-10-01 13:51:14,30550.0,200.0,5068400.0
986,2021-10-01 13:50:59,30500.0,2000.0,5068200.0
987,2021-10-01 13:50:52,30550.0,400.0,5066200.0
988,2021-10-01 13:50:52,30550.0,100.0,5065800.0
989,2021-10-01 13:50:52,30550.0,1500.0,5065700.0
990,2021-10-01 13:50:52,30550.0,2000.0,5064200.0
991,2021-10-01 13:50:52,30550.0,1000.0,5062200.0
992,2021-10-01 13:50:36,30550.0,1000.0,5061200.0
993,2021-10-01 13:50:16,30500.0,1000.0,5060200.0
994,2021-10-01 13:50:06,30500.0,100.0,5059200.0
995,2021-10-01 13:49:52,30500.0,400.0,5059100.0
996,2021-10-01 13:49:49,30500.0,1300.0,5058700.0
997,2021-10-01 13:49:20,30500.0,1000.0,5057400.0
998,2021-10-01 13:49:20,30500.0,100.0,5056400.0
999,2021-10-01 13:49:20,30500.0,900.0,5056300.0
1000,2021-10-01 13:49:20,30500.0,900.0,5055400.0
1001,2021-10-01 13:49:15,30500.0,3000.0,5054500.0
1002,2021-10-01 13:49:15,30500.0,7000.0,5051500.0
1003,2021-10-01 13:49:14,30450.0,200.0,5044500.0
1004,2021-10-01 13:48:38,30450.0,200.0,5044300.0
1005,2021-10-01 13:48:09,30500.0,3300.0,5044100.0
1006,2021-10-01 13:47:55,30500.0,100.0,5040800.0
1007,2021-10-01 13:47:43,30500.0,1000.0,5040700.0
1008,2021-10-01 13:47:42,30500.0,1000.0,5039700.0
1009,2021-10-01 13:47:42,30500.0,100.0,5038700.0
1010,2021-10-01 13:47:42,30500.0,1000.0,5038600.0
1011,2021-10-01 13:47:42,30500.0,100.0,5037600.0
1012,2021-10-01 13:47:42,30500.0,1000.0,5037500.0
1013,2021-10-01 13:47:42,30500.0,100.0,5036500.0
1014,2021-10-01 13:47:42,30500.0,100.0,5036400.0
1015,2021-10-01 13:47:42,30500.0,100.0,5036300.0
1016,2021-10-01 13:47:42,30500.0,100.0,5036200.0
1017,2021-10-01 13:47:19,30500.0,100.0,5036100.0
1018,2021-10-01 13:46:58,30500.0,2000.0,5036000.0
1019,2021-10-01 13:46:58,30500.0,200.0,5034000.0
1020,2021-10-01 13:46:58,30500.0,100.0,5033800.0
1021,2021-10-01 13:46:58,30500.0,1700.0,5033700.0
1022,2021-10-01 13:46:56,30500.0,3300.0,5032000.0
1023,2021-10-01 13:46:56,30500.0,300.0,5028700.0
1024,2021-10-01 13:46:56,30500.0,400.0,5028400.0
1025,2021-10-01 13:46:56,30500.0,400.0,5028000.0
1026,2021-10-01 13:46:56,30500.0,100.0,5027600.0
1027,2021-10-01 13:46:56,30500.0,200.0,5027500.0
1028,2021-10-01 13:46:56,30500.0,300.0,5027300.0
1029,2021-10-01 13:46:56,30500.0,100.0,5027000.0
1030,2021-10-01 13:46:56,30500.0,600.0,5026900.0
1031,2021-10-01 13:46:56,30500.0,100.0,5026300.0
1032,2021-10-01 13:46:56,30500.0,2700.0,5026200.0
1033,2021-10-01 13:46:56,30500.0,500.0,5023500.0
1034,2021-10-01 13:46:56,30500.0,500.0,5023000.0
1035,2021-10-01 13:46:56,30500.0,500.0,5022500.0
1036,2021-10-01 13:46:43,30500.0,100.0,5022000.0
1037,2021-10-01 13:46:43,30500.0,1500.0,5021900.0
1038,2021-10-01 13:46:43,30500.0,100.0,5020400.0
1039,2021-10-01 13:46:43,30500.0,3300.0,5020300.0
1040,2021-10-01 13:46:32,30500.0,200.0,5017000.0
1041,2021-10-01 13:46:32,30500.0,300.0,5016800.0
1042,2021-10-01 13:46:32,30500.0,500.0,5016500.0
1043,2021-10-01 13:46:31,30500.0,1500.0,5016000.0
1044,2021-10-01 13:46:31,30500.0,400.0,5014500.0
1045,2021-10-01 13:46:31,30500.0,200.0,5014100.0
1046,2021-10-01 13:46:31,30500.0,300.0,5013900.0
1047,2021-10-01 13:46:31,30500.0,1500.0,5013600.0
1048,2021-10-01 13:46:31,30500.0,300.0,5012100.0
1049,2021-10-01 13:46:31,30500.0,500.0,5011800.0
1050,2021-10-01 13:46:31,30500.0,300.0,5011300.0
1051,2021-10-01 13:46:29,30550.0,100.0,5011000.0
1052,2021-10-01 13:46:22,30550.0,100.0,5010900.0
1053,2021-10-01 13:46:19,30600.0,200.0,5010800.0
1054,2021-10-01 13:46:18,30550.0,500.0,5010600.0
1055,2021-10-01 13:46:18,30550.0,4400.0,5010100.0
1056,2021-10-01 13:46:14,30500.0,200.0,5005700.0
1057,2021-10-01 13:45:52,30500.0,100.0,5005500.0
1058,2021-10-01 13:45:52,30500.0,400.0,5005400.0
1059,2021-10-01 13:45:48,30550.0,200.0,5005000.0
1060,2021-10-01 13:45:42,30550.0,300.0,5004800.0
1061,2021-10-01 13:45:39,30550.0,100.0,5004500.0
1062,2021-10-01 13:45:20,30600.0,100.0,5004400.0
1063,2021-10-01 13:45:14,30500.0,900.0,5004300.0
1064,2021-10-01 13:45:14,30500.0,100.0,5003400.0
1065,2021-10-01 13:45:14,30500.0,4200.0,5003300.0
1066,2021-10-01 13:45:14,30550.0,100.0,4999100.0
1067,2021-10-01 13:45:14,30550.0,400.0,4999000.0
1068,2021-10-01 13:45:14,30550.0,5000.0,4998600.0
1069,2021-10-01 13:45:14,30550.0,200.0,4993600.0
1070,2021-10-01 13:45:14,30550.0,6100.0,4993400.0
1071,2021-10-01 13:45:09,30600.0,1800.0,4987300.0
1072,2021-10-01 13:45:05,30550.0,100.0,4985500.0
1073,2021-10-01 13:44:56,30550.0,200.0,4985400.0
1074,2021-10-01 13:44:05,30600.0,100.0,4985200.0
1075,2021-10-01 13:44:03,30550.0,100.0,4985100.0
1076,2021-10-01 13:43:58,30550.0,400.0,4985000.0
1077,2021-10-01 13:43:55,30550.0,300.0,4984600.0
1078,2021-10-01 13:43:55,30550.0,500.0,4984300.0
1079,2021-10-01 13:43:55,30550.0,100.0,4983800.0
1080,2021-10-01 13:43:55,30550.0,2200.0,4983700.0
1081,2021-10-01 13:43:41,30550.0,5000.0,4981500.0
1082,2021-10-01 13:43:37,30500.0,1000.0,4976500.0
1083,2021-10-01 13:43:27,30550.0,2800.0,4975500.0
1084,2021-10-01 13:43:27,30550.0,1700.0,4972700.0
1085,2021-10-01 13:43:27,30550.0,1000.0,4971000.0
1086,2021-10-01 13:43:27,30550.0,200.0,4970000.0
1087,2021-10-01 13:43:27,30550.0,1000.0,4969800.0
1088,2021-10-01 13:43:27,30550.0,2000.0,4968800.0
1089,2021-10-01 13:43:27,30550.0,100.0,4966800.0
1090,2021-10-01 13:43:27,30550.0,1000.0,4966700.0
1091,2021-10-01 13:43:27,30550.0,100.0,4965700.0
1092,2021-10-01 13:43:27,30550.0,100.0,4965600.0
1093,2021-10-01 13:43:26,30500.0,8000.0,4965500.0
1094,2021-10-01 13:43:22,30550.0,1900.0,4957500.0
1095,2021-10-01 13:43:22,30550.0,1600.0,4955600.0
1096,2021-10-01 13:43:22,30550.0,1000.0,4954000.0
1097,2021-10-01 13:43:22,30550.0,200.0,4953000.0
1098,2021-10-01 13:43:22,30550.0,300.0,4952800.0
1099,2021-10-01 13:43:21,30500.0,3000.0,4952500.0
1100,2021-10-01 13:43:09,30550.0,100.0,4949500.0
1101,2021-10-01 13:43:09,30550.0,100.0,4949400.0
1102,2021-10-01 13:43:06,30500.0,300.0,4949300.0
1103,2021-10-01 13:43:05,30550.0,100.0,4949000.0
1104,2021-10-01 13:43:05,30550.0,200.0,4948900.0
1105,2021-10-01 13:43:05,30550.0,200.0,4948700.0
1106,2021-10-01 13:43:05,30550.0,100.0,4948500.0
1107,2021-10-01 13:42:43,30550.0,1000.0,4948400.0
1108,2021-10-01 13:42:35,30550.0,500.0,4947400.0
1109,2021-10-01 13:42:32,30550.0,200.0,4946900.0
1110,2021-10-01 13:41:45,30550.0,100.0,4946700.0
1111,2021-10-01 13:41:23,30500.0,200.0,4946600.0
1112,2021-10-01 13:41:13,30500.0,2000.0,4946400.0
1113,2021-10-01 13:41:04,30550.0,100.0,4944400.0
1114,2021-10-01 13:41:04,30550.0,300.0,4944300.0
1115,2021-10-01 13:41:04,30550.0,300.0,4944000.0
1116,2021-10-01 13:41:04,30550.0,200.0,4943700.0
1117,2021-10-01 13:40:48,30550.0,1000.0,4943500.0
1118,2021-10-01 13:40:39,30500.0,500.0,4942500.0
1119,2021-10-01 13:40:25,30550.0,200.0,4942000.0
1120,2021-10-01 13:40:12,30500.0,100.0,4941800.0
1121,2021-10-01 13:39:52,30500.0,1000.0,4941700.0
1122,2021-10-01 13:39:38,30500.0,1000.0,4940700.0
1123,2021-10-01 13:39:23,30550.0,300.0,4939700.0
1124,2021-10-01 13:39:23,30550.0,200.0,4939400.0
1125,2021-10-01 13:39:19,30500.0,2000.0,4939200.0
1126,2021-10-01 13:39:15,30550.0,3500.0,4937200.0
1127,2021-10-01 13:39:01,30500.0,4800.0,4933700.0
1128,2021-10-01 13:38:42,30500.0,1000.0,4928900.0
1129,2021-10-01 13:38:20,30500.0,2900.0,4927900.0
1130,2021-10-01 13:38:20,30500.0,300.0,4925000.0
1131,2021-10-01 13:38:20,30500.0,300.0,4924700.0
1132,2021-10-01 13:38:20,30500.0,1500.0,4924400.0
1133,2021-10-01 13:38:03,30550.0,1000.0,4922900.0
1134,2021-10-01 13:37:46,30550.0,100.0,4921900.0
1135,2021-10-01 13:37:40,30550.0,100.0,4921800.0
1136,2021-10-01 13:37:40,30550.0,100.0,4921700.0
1137,2021-10-01 13:37:34,30550.0,1000.0,4921600.0
1138,2021-10-01 13:37:12,30550.0,900.0,4920600.0
1139,2021-10-01 13:37:12,30550.0,100.0,4919700.0
1140,2021-10-01 13:37:08,30550.0,100.0,4919600.0
1141,2021-10-01 13:37:02,30550.0,100.0,4919500.0
1142,2021-10-01 13:36:08,30550.0,100.0,4919400.0
1143,2021-10-01 13:36:00,30550.0,100.0,4919300.0
1144,2021-10-01 13:35:59,30550.0,200.0,4919200.0
1145,2021-10-01 13:35:59,30550.0,100.0,4919000.0
1146,2021-10-01 13:35:47,30550.0,200.0,4918900.0
1147,2021-10-01 13:35:47,30550.0,4800.0,4918700.0
1148,2021-10-01 13:35:42,30550.0,200.0,4913900.0
1149,2021-10-01 13:35:42,30550.0,100.0,4913700.0
1150,2021-10-01 13:35:42,30550.0,200.0,4913600.0
1151,2021-10-01 13:35:05,30550.0,300.0,4913400.0
1152,2021-10-01 13:35:02,30550.0,300.0,4913100.0
1153,2021-10-01 13:34:54,30550.0,100.0,4912800.0
1154,2021-10-01 13:34:54,30550.0,100.0,4912700.0
1155,2021-10-01 13:34:49,30550.0,4900.0,4912600.0
1156,2021-10-01 13:34:49,30550.0,100.0,4907700.0
1157,2021-10-01 13:34:49,30550.0,300.0,4907600.0
1158,2021-10-01 13:34:49,30550.0,200.0,4907300.0
1159,2021-10-01 13:34:49,30550.0,300.0,4907100.0
1160,2021-10-01 13:34:49,30550.0,400.0,4906800.0
1161,2021-10-01 13:34:49,30550.0,100.0,4906400.0
1162,2021-10-01 13:34:49,30550.0,700.0,4906300.0
1163,2021-10-01 13:34:46,30550.0,300.0,4905600.0
1164,2021-10-01 13:34:46,30550.0,700.0,4905300.0
1165,2021-10-01 13:34:42,30550.0,300.0,4904600.0
1166,2021-10-01 13:34:42,30550.0,700.0,4904300.0
1167,2021-10-01 13:33:52,30550.0,200.0,4903600.0
1168,2021-10-01 13:33:38,30550.0,2000.0,4903400.0
1169,2021-10-01 13:33:37,30550.0,100.0,4901400.0
1170,2021-10-01 13:33:07,30550.0,100.0,4901300.0
1171,2021-10-01 13:33:03,30550.0,1500.0,4901200.0
1172,2021-10-01 13:32:55,30550.0,500.0,4899700.0
1173,2021-10-01 13:32:30,30550.0,2700.0,4899200.0
1174,2021-10-01 13:32:30,30550.0,500.0,4896500.0
1175,2021-10-01 13:32:10,30500.0,1000.0,4896000.0
1176,2021-10-01 13:31:54,30500.0,200.0,4895000.0
1177,2021-10-01 13:31:51,30500.0,300.0,4894800.0
1178,2021-10-01 13:31:50,30500.0,1200.0,4894500.0
1179,2021-10-01 13:31:41,30500.0,1000.0,4893300.0
1180,2021-10-01 13:31:36,30500.0,100.0,4892300.0
1181,2021-10-01 13:31:36,30500.0,2800.0,4892200.0
1182,2021-10-01 13:31:32,30500.0,2000.0,4889400.0
1183,2021-10-01 13:31:27,30500.0,500.0,4887400.0
1184,2021-10-01 13:31:27,30500.0,500.0,4886900.0
1185,2021-10-01 13:31:25,30500.0,500.0,4886400.0
1186,2021-10-01 13:31:25,30500.0,300.0,4885900.0
1187,2021-10-01 13:31:21,30500.0,2500.0,4885600.0
1188,2021-10-01 13:30:53,30500.0,700.0,4883100.0
1189,2021-10-01 13:30:53,30500.0,100.0,4882400.0
1190,2021-10-01 13:30:53,30500.0,900.0,4882300.0
1191,2021-10-01 13:30:47,30500.0,1000.0,4881400.0
1192,2021-10-01 13:30:46,30500.0,500.0,4880400.0
1193,2021-10-01 13:30:38,30500.0,100.0,4879900.0
1194,2021-10-01 13:30:37,30500.0,500.0,4879800.0
1195,2021-10-01 13:30:29,30500.0,1000.0,4879300.0
1196,2021-10-01 13:30:20,30450.0,1000.0,4878300.0
1197,2021-10-01 13:30:20,30450.0,100.0,4877300.0
1198,2021-10-01 13:30:15,30450.0,500.0,4877200.0
1199,2021-10-01 13:30:14,30450.0,1500.0,4876700.0
1200,2021-10-01 13:30:05,30450.0,100.0,4875200.0
1201,2021-10-01 13:30:05,30450.0,100.0,4875100.0
1202,2021-10-01 13:30:05,30500.0,200.0,4875000.0
1203,2021-10-01 13:30:05,30500.0,1500.0,4874800.0
1204,2021-10-01 13:30:02,30500.0,600.0,4873300.0
1205,2021-10-01 13:30:02,30500.0,500.0,4872700.0
1206,2021-10-01 13:30:02,30500.0,2300.0,4872200.0
1207,2021-10-01 13:30:02,30500.0,5100.0,4869900.0
1208,2021-10-01 13:29:59,30500.0,17900.0,4864800.0
1209,2021-10-01 13:29:59,30500.0,1000.0,4846900.0
1210,2021-10-01 13:29:59,30500.0,500.0,4845900.0
1211,2021-10-01 13:29:44,30500.0,500.0,4845400.0
1212,2021-10-01 13:29:44,30500.0,200.0,4844900.0
1213,2021-10-01 13:29:44,30500.0,300.0,4844700.0
1214,2021-10-01 13:29:32,30500.0,400.0,4844400.0
1215,2021-10-01 13:29:32,30500.0,500.0,4844000.0
1216,2021-10-01 13:29:32,30500.0,100.0,4843500.0
1217,2021-10-01 13:29:15,30500.0,1000.0,4843400.0
1218,2021-10-01 13:29:07,30500.0,500.0,4842400.0
1219,2021-10-01 13:29:06,30500.0,200.0,4841900.0
1220,2021-10-01 13:29:06,30500.0,100.0,4841700.0
1221,2021-10-01 13:28:47,30500.0,100.0,4841600.0
1222,2021-10-01 13:28:47,30500.0,400.0,4841500.0
1223,2021-10-01 13:28:46,30400.0,200.0,4841100.0
1224,2021-10-01 13:28:32,30400.0,1000.0,4840900.0
1225,2021-10-01 13:28:24,30500.0,100.0,4839900.0
1226,2021-10-01 13:28:24,30500.0,900.0,4839800.0
1227,2021-10-01 13:28:23,30500.0,200.0,4838900.0
1228,2021-10-01 13:28:23,30500.0,1800.0,4838700.0
1229,2021-10-01 13:28:21,30400.0,100.0,4836900.0
1230,2021-10-01 13:28:11,30400.0,1400.0,4836800.0
1231,2021-10-01 13:28:11,30400.0,1000.0,4835400.0
1232,2021-10-01 13:28:11,30400.0,1000.0,4834400.0
1233,2021-10-01 13:28:11,30400.0,600.0,4833400.0
1234,2021-10-01 13:27:57,30400.0,400.0,4832800.0
1235,2021-10-01 13:27:52,30500.0,200.0,4832400.0
1236,2021-10-01 13:27:39,30500.0,500.0,4832200.0
1237,2021-10-01 13:27:38,30500.0,200.0,4831700.0
1238,2021-10-01 13:26:53,30500.0,300.0,4831500.0
1239,2021-10-01 13:26:53,30500.0,100.0,4831200.0
1240,2021-10-01 13:26:05,30350.0,4000.0,4831100.0
1241,2021-10-01 13:25:45,30350.0,100.0,4827100.0
1242,2021-10-01 13:25:35,30350.0,200.0,4827000.0
1243,2021-10-01 13:25:19,30500.0,1000.0,4826800.0
1244,2021-10-01 13:24:51,30300.0,600.0,4825800.0
1245,2021-10-01 13:24:51,30300.0,200.0,4825200.0
1246,2021-10-01 13:24:51,30300.0,200.0,4825000.0
1247,2021-10-01 13:24:51,30300.0,200.0,4824800.0
1248,2021-10-01 13:24:51,30300.0,200.0,4824600.0
1249,2021-10-01 13:24:51,30300.0,100.0,4824400.0
1250,2021-10-01 13:24:51,30350.0,100.0,4824300.0
1251,2021-10-01 13:24:51,30350.0,2000.0,4824200.0
1252,2021-10-01 13:24:51,30350.0,1000.0,4822200.0
1253,2021-10-01 13:24:51,30400.0,100.0,4821200.0
1254,2021-10-01 13:24:51,30400.0,1000.0,4821100.0
1255,2021-10-01 13:24:51,30400.0,1000.0,4820100.0
1256,2021-10-01 13:24:51,30400.0,300.0,4819100.0
1257,2021-10-01 13:24:51,30400.0,400.0,4818800.0
1258,2021-10-01 13:24:51,30400.0,2000.0,4818400.0
1259,2021-10-01 13:24:51,30400.0,100.0,4816400.0
1260,2021-10-01 13:24:51,30450.0,1000.0,4816300.0
1261,2021-10-01 13:24:51,30450.0,100.0,4815300.0
1262,2021-10-01 13:24:51,30450.0,8400.0,4815200.0
1263,2021-10-01 13:24:51,30500.0,100.0,4806800.0
1264,2021-10-01 13:24:51,30500.0,1100.0,4806700.0
1265,2021-10-01 13:24:51,30500.0,1000.0,4805600.0
1266,2021-10-01 13:24:51,30500.0,3000.0,4804600.0
1267,2021-10-01 13:24:51,30500.0,5000.0,4801600.0
1268,2021-10-01 13:24:51,30500.0,800.0,4796600.0
1269,2021-10-01 13:24:41,30550.0,100.0,4795800.0
1270,2021-10-01 13:24:31,30550.0,200.0,4795700.0
1271,2021-10-01 13:24:15,30550.0,700.0,4795500.0
1272,2021-10-01 13:24:15,30550.0,300.0,4794800.0
1273,2021-10-01 13:24:13,30550.0,700.0,4794500.0
1274,2021-10-01 13:24:13,30550.0,1000.0,4793800.0
1275,2021-10-01 13:24:13,30550.0,100.0,4792800.0
1276,2021-10-01 13:24:13,30550.0,100.0,4792700.0
1277,2021-10-01 13:24:13,30550.0,1000.0,4792600.0
1278,2021-10-01 13:24:13,30550.0,3100.0,4791600.0
1279,2021-10-01 13:24:09,30550.0,300.0,4788500.0
1280,2021-10-01 13:23:56,30550.0,1000.0,4788200.0
1281,2021-10-01 13:23:43,30500.0,1100.0,4787200.0
1282,2021-10-01 13:23:32,30500.0,2000.0,4786100.0
1283,2021-10-01 13:23:32,30500.0,2000.0,4784100.0
1284,2021-10-01 13:23:32,30500.0,4100.0,4782100.0
1285,2021-10-01 13:23:25,30500.0,100.0,4778000.0
1286,2021-10-01 13:23:23,30450.0,11600.0,4777900.0
1287,2021-10-01 13:23:23,30450.0,100.0,4766300.0
1288,2021-10-01 13:23:23,30450.0,400.0,4766200.0
1289,2021-10-01 13:23:20,30500.0,2000.0,4765800.0
1290,2021-10-01 13:23:04,30500.0,100.0,4763800.0
1291,2021-10-01 13:23:00,30500.0,100.0,4763700.0
1292,2021-10-01 13:22:51,30500.0,2000.0,4763600.0
1293,2021-10-01 13:22:44,30500.0,100.0,4761600.0
1294,2021-10-01 13:22:44,30500.0,1000.0,4761500.0
1295,2021-10-01 13:22:40,30500.0,2000.0,4760500.0
1296,2021-10-01 13:22:40,30500.0,400.0,4758500.0
1297,2021-10-01 13:22:40,30500.0,100.0,4758100.0
1298,2021-10-01 13:22:39,30550.0,500.0,4758000.0
1299,2021-10-01 13:22:22,30500.0,400.0,4757500.0
1300,2021-10-01 13:22:13,30500.0,100.0,4757100.0
1301,2021-10-01 13:22:00,30500.0,1400.0,4757000.0
1302,2021-10-01 13:22:00,30500.0,500.0,4755600.0
1303,2021-10-01 13:22:00,30500.0,100.0,4755100.0
1304,2021-10-01 13:21:55,30500.0,100.0,4755000.0
1305,2021-10-01 13:21:55,30500.0,400.0,4754900.0
1306,2021-10-01 13:21:36,30500.0,300.0,4754500.0
1307,2021-10-01 13:21:36,30500.0,300.0,4754200.0
1308,2021-10-01 13:21:28,30500.0,600.0,4753900.0
1309,2021-10-01 13:21:26,30500.0,1000.0,4753300.0
1310,2021-10-01 13:21:12,30500.0,100.0,4752300.0
1311,2021-10-01 13:21:12,30500.0,200.0,4752200.0
1312,2021-10-01 13:21:12,30500.0,300.0,4752000.0
1313,2021-10-01 13:21:12,30500.0,2500.0,4751700.0
1314,2021-10-01 13:21:06,30500.0,600.0,4749200.0
1315,2021-10-01 13:20:58,30500.0,1000.0,4748600.0
1316,2021-10-01 13:20:46,30500.0,500.0,4747600.0
1317,2021-10-01 13:20:45,30500.0,200.0,4747100.0
1318,2021-10-01 13:20:27,30500.0,100.0,4746900.0
1319,2021-10-01 13:20:27,30500.0,300.0,4746800.0
1320,2021-10-01 13:20:27,30500.0,200.0,4746500.0
1321,2021-10-01 13:20:27,30500.0,1000.0,4746300.0
1322,2021-10-01 13:20:27,30500.0,1000.0,4745300.0
1323,2021-10-01 13:20:27,30500.0,2000.0,4744300.0
1324,2021-10-01 13:20:27,30500.0,5000.0,4742300.0
1325,2021-10-01 13:20:27,30500.0,10600.0,4737300.0
1326,2021-10-01 13:20:26,30450.0,500.0,4726700.0
1327,2021-10-01 13:20:20,30450.0,100.0,4726200.0
1328,2021-10-01 13:20:20,30450.0,100.0,4726100.0
1329,2021-10-01 13:20:18,30450.0,100.0,4726000.0
1330,2021-10-01 13:19:40,30450.0,300.0,4725900.0
1331,2021-10-01 13:19:32,30450.0,500.0,4725600.0
1332,2021-10-01 13:19:31,30400.0,2100.0,4725100.0
1333,2021-10-01 13:19:31,30400.0,200.0,4723000.0
1334,2021-10-01 13:19:31,30400.0,100.0,4722800.0
1335,2021-10-01 13:19:31,30400.0,200.0,4722700.0
1336,2021-10-01 13:19:31,30400.0,100.0,4722500.0
1337,2021-10-01 13:19:31,30400.0,100.0,4722400.0
1338,2021-10-01 13:19:31,30400.0,2000.0,4722300.0
1339,2021-10-01 13:19:28,30400.0,1000.0,4720300.0
1340,2021-10-01 13:19:27,30400.0,1000.0,4719300.0
1341,2021-10-01 13:19:27,30400.0,100.0,4718300.0
1342,2021-10-01 13:19:27,30400.0,200.0,4718200.0
1343,2021-10-01 13:19:27,30400.0,2200.0,4718000.0
1344,2021-10-01 13:19:17,30400.0,800.0,4715800.0
1345,2021-10-01 13:19:17,30400.0,1000.0,4715000.0
1346,2021-10-01 13:19:17,30400.0,1000.0,4714000.0
1347,2021-10-01 13:19:17,30400.0,100.0,4713000.0
1348,2021-10-01 13:19:17,30400.0,500.0,4712900.0
1349,2021-10-01 13:19:17,30400.0,400.0,4712400.0
1350,2021-10-01 13:19:17,30400.0,1000.0,4712000.0
1351,2021-10-01 13:19:17,30400.0,200.0,4711000.0
1352,2021-10-01 13:19:10,30450.0,200.0,4710800.0
1353,2021-10-01 13:19:00,30450.0,1800.0,4710600.0
1354,2021-10-01 13:19:00,30450.0,200.0,4708800.0
1355,2021-10-01 13:18:57,30500.0,300.0,4708600.0
1356,2021-10-01 13:18:48,30500.0,100.0,4708300.0
1357,2021-10-01 13:18:48,30500.0,9000.0,4708200.0
1358,2021-10-01 13:18:47,30500.0,2500.0,4699200.0
1359,2021-10-01 13:18:42,30500.0,18500.0,4696700.0
1360,2021-10-01 13:18:42,30500.0,100.0,4678200.0
1361,2021-10-01 13:18:42,30500.0,5000.0,4678100.0
1362,2021-10-01 13:18:42,30500.0,6600.0,4673100.0
1363,2021-10-01 13:18:42,30500.0,300.0,4666500.0
1364,2021-10-01 13:18:42,30500.0,2000.0,4666200.0
1365,2021-10-01 13:18:42,30500.0,1000.0,4664200.0
1366,2021-10-01 13:18:42,30500.0,400.0,4663200.0
1367,2021-10-01 13:18:42,30500.0,4000.0,4662800.0
1368,2021-10-01 13:18:42,30500.0,100.0,4658800.0
1369,2021-10-01 13:18:42,30500.0,600.0,4658700.0
1370,2021-10-01 13:18:42,30500.0,100.0,4658100.0
1371,2021-10-01 13:18:42,30500.0,100.0,4658000.0
1372,2021-10-01 13:18:42,30500.0,1800.0,4657900.0
1373,2021-10-01 13:18:42,30500.0,300.0,4656100.0
1374,2021-10-01 13:18:42,30500.0,300.0,4655800.0
1375,2021-10-01 13:18:42,30500.0,100.0,4655500.0
1376,2021-10-01 13:18:42,30500.0,1000.0,4655400.0
1377,2021-10-01 13:18:42,30500.0,2000.0,4654400.0
1378,2021-10-01 13:18:42,30500.0,400.0,4652400.0
1379,2021-10-01 13:18:42,30500.0,100.0,4652000.0
1380,2021-10-01 13:18:42,30500.0,200.0,4651900.0
1381,2021-10-01 13:18:42,30500.0,400.0,4651700.0
1382,2021-10-01 13:18:42,30500.0,100.0,4651300.0
1383,2021-10-01 13:18:42,30500.0,100.0,4651200.0
1384,2021-10-01 13:18:42,30500.0,700.0,4651100.0
1385,2021-10-01 13:18:42,30550.0,1000.0,4650400.0
1386,2021-10-01 13:18:32,30500.0,300.0,4649400.0
1387,2021-10-01 13:18:32,30500.0,800.0,4649100.0
1388,2021-10-01 13:18:22,30500.0,100.0,4648300.0
1389,2021-10-01 13:18:21,30500.0,100.0,4648200.0
1390,2021-10-01 13:18:21,30500.0,100.0,4648100.0
1391,2021-10-01 13:18:08,30500.0,100.0,4648000.0
1392,2021-10-01 13:18:08,30500.0,200.0,4647900.0
1393,2021-10-01 13:18:08,30500.0,100.0,4647700.0
1394,2021-10-01 13:18:08,30500.0,100.0,4647600.0
1395,2021-10-01 13:18:08,30500.0,1600.0,4647500.0
1396,2021-10-01 13:18:08,30500.0,100.0,4645900.0
1397,2021-10-01 13:18:08,30500.0,200.0,4645800.0
1398,2021-10-01 13:18:08,30500.0,2000.0,4645600.0
1399,2021-10-01 13:18:08,30500.0,100.0,4643600.0
1400,2021-10-01 13:18:08,30500.0,200.0,4643500.0
1401,2021-10-01 13:18:08,30500.0,100.0,4643300.0
1402,2021-10-01 13:18:08,30500.0,100.0,4643200.0
1403,2021-10-01 13:18:08,30500.0,100.0,4643100.0
1404,2021-10-01 13:18:04,30500.0,400.0,4643000.0
1405,2021-10-01 13:18:04,30500.0,100.0,4642600.0
1406,2021-10-01 13:18:04,30500.0,500.0,4642500.0
1407,2021-10-01 13:18:04,30500.0,1000.0,4642000.0
1408,2021-10-01 13:18:04,30500.0,500.0,4641000.0
1409,2021-10-01 13:18:04,30500.0,500.0,4640500.0
1410,2021-10-01 13:18:02,30500.0,500.0,4640000.0
1411,2021-10-01 13:18:02,30500.0,500.0,4639500.0
1412,2021-10-01 13:17:58,30500.0,200.0,4639000.0
1413,2021-10-01 13:17:58,30500.0,300.0,4638800.0
1414,2021-10-01 13:17:56,30500.0,100.0,4638500.0
1415,2021-10-01 13:17:48,30500.0,900.0,4638400.0
1416,2021-10-01 13:17:48,30500.0,100.0,4637500.0
1417,2021-10-01 13:17:48,30500.0,1000.0,4637400.0
1418,2021-10-01 13:17:48,30500.0,1000.0,4636400.0
1419,2021-10-01 13:17:46,30500.0,1000.0,4635400.0
1420,2021-10-01 13:17:46,30500.0,2400.0,4634400.0
1421,2021-10-01 13:17:43,30500.0,600.0,4632000.0
1422,2021-10-01 13:17:43,30500.0,1400.0,4631400.0
1423,2021-10-01 13:17:40,30550.0,100.0,4630000.0
1424,2021-10-01 13:17:35,30500.0,200.0,4629900.0
1425,2021-10-01 13:17:31,30500.0,1000.0,4629700.0
1426,2021-10-01 13:17:31,30500.0,200.0,4628700.0
1427,2021-10-01 13:17:25,30500.0,100.0,4628500.0
1428,2021-10-01 13:17:24,30500.0,100.0,4628400.0
1429,2021-10-01 13:17:20,30500.0,300.0,4628300.0
1430,2021-10-01 13:17:20,30500.0,200.0,4628000.0
1431,2021-10-01 13:17:16,30500.0,100.0,4627800.0
1432,2021-10-01 13:17:16,30500.0,200.0,4627700.0
1433,2021-10-01 13:17:10,30500.0,1500.0,4627500.0
1434,2021-10-01 13:17:10,30500.0,500.0,4626000.0
1435,2021-10-01 13:17:10,30500.0,1000.0,4625500.0
1436,2021-10-01 13:17:10,30500.0,2500.0,4624500.0
1437,2021-10-01 13:17:10,30500.0,1000.0,4622000.0
1438,2021-10-01 13:17:10,30500.0,500.0,4621000.0
1439,2021-10-01 13:17:10,30500.0,500.0,4620500.0
1440,2021-10-01 13:17:10,30500.0,500.0,4620000.0
1441,2021-10-01 13:16:58,30500.0,2700.0,4619500.0
1442,2021-10-01 13:16:58,30500.0,2000.0,4616800.0
1443,2021-10-01 13:16:58,30500.0,300.0,4614800.0
1444,2021-10-01 13:16:53,30500.0,200.0,4614500.0
1445,2021-10-01 13:16:48,30500.0,300.0,4614300.0
1446,2021-10-01 13:16:48,30500.0,100.0,4614000.0
1447,2021-10-01 13:16:45,30500.0,900.0,4613900.0
1448,2021-10-01 13:16:45,30500.0,100.0,4613000.0
1449,2021-10-01 13:16:38,30550.0,100.0,4612900.0
1450,2021-10-01 13:16:38,30500.0,500.0,4612800.0
1451,2021-10-01 13:16:21,30500.0,200.0,4612300.0
1452,2021-10-01 13:16:05,30550.0,100.0,4612100.0
1453,2021-10-01 13:15:55,30550.0,100.0,4612000.0
1454,2021-10-01 13:15:39,30550.0,5000.0,4611900.0
1455,2021-10-01 13:15:39,30550.0,900.0,4606900.0
1456,2021-10-01 13:15:39,30550.0,100.0,4606000.0
1457,2021-10-01 13:15:39,30550.0,500.0,4605900.0
1458,2021-10-01 13:15:39,30550.0,100.0,4605400.0
1459,2021-10-01 13:15:39,30550.0,30000.0,4605300.0
1460,2021-10-01 13:15:39,30550.0,100.0,4575300.0
1461,2021-10-01 13:15:39,30550.0,100.0,4575200.0
1462,2021-10-01 13:15:39,30550.0,100.0,4575100.0
1463,2021-10-01 13:15:39,30550.0,1800.0,4575000.0
1464,2021-10-01 13:15:39,30550.0,100.0,4573200.0
1465,2021-10-01 13:15:39,30550.0,1000.0,4573100.0
1466,2021-10-01 13:15:39,30550.0,2000.0,4572100.0
1467,2021-10-01 13:15:39,30550.0,500.0,4570100.0
1468,2021-10-01 13:15:39,30550.0,1000.0,4569600.0
1469,2021-10-01 13:15:39,30550.0,400.0,4568600.0
1470,2021-10-01 13:15:35,30550.0,500.0,4568200.0
1471,2021-10-01 13:15:23,30550.0,100.0,4567700.0
1472,2021-10-01 13:15:22,30600.0,1300.0,4567600.0
1473,2021-10-01 13:15:20,30550.0,100.0,4566300.0
1474,2021-10-01 13:15:05,30550.0,200.0,4566200.0
1475,2021-10-01 13:15:00,30600.0,300.0,4566000.0
1476,2021-10-01 13:14:57,30550.0,100.0,4565700.0
1477,2021-10-01 13:14:52,30600.0,900.0,4565600.0
1478,2021-10-01 13:14:44,30600.0,300.0,4564700.0
1479,2021-10-01 13:14:33,30600.0,1000.0,4564400.0
1480,2021-10-01 13:14:33,30600.0,300.0,4563400.0
1481,2021-10-01 13:14:33,30600.0,5000.0,4563100.0
1482,2021-10-01 13:14:33,30600.0,100.0,4558100.0
1483,2021-10-01 13:14:33,30600.0,200.0,4558000.0
1484,2021-10-01 13:14:33,30600.0,100.0,4557800.0
1485,2021-10-01 13:14:33,30600.0,300.0,4557700.0
1486,2021-10-01 13:14:33,30600.0,200.0,4557400.0
1487,2021-10-01 13:14:33,30600.0,700.0,4557200.0
1488,2021-10-01 13:14:28,30600.0,300.0,4556500.0
1489,2021-10-01 13:14:28,30600.0,200.0,4556200.0
1490,2021-10-01 13:14:25,30600.0,100.0,4556000.0
1491,2021-10-01 13:14:17,30600.0,700.0,4555900.0
1492,2021-10-01 13:14:17,30600.0,500.0,4555200.0
1493,2021-10-01 13:14:17,30600.0,100.0,4554700.0
1494,2021-10-01 13:14:17,30600.0,2000.0,4554600.0
1495,2021-10-01 13:14:17,30600.0,200.0,4552600.0
1496,2021-10-01 13:14:17,30600.0,100.0,4552400.0
1497,2021-10-01 13:14:17,30600.0,400.0,4552300.0
1498,2021-10-01 13:14:10,30600.0,100.0,4551900.0
1499,2021-10-01 13:14:10,30600.0,900.0,4551800.0
1500,2021-10-01 13:14:10,30600.0,500.0,4550900.0
1501,2021-10-01 13:14:10,30600.0,5000.0,4550400.0
1502,2021-10-01 13:14:10,30600.0,100.0,4545400.0
1503,2021-10-01 13:14:10,30600.0,2200.0,4545300.0
1504,2021-10-01 13:14:10,30600.0,100.0,4543100.0
1505,2021-10-01 13:14:10,30600.0,100.0,4543000.0
1506,2021-10-01 13:14:10,30600.0,300.0,4542900.0
1507,2021-10-01 13:14:10,30600.0,500.0,4542600.0
1508,2021-10-01 13:14:10,30600.0,200.0,4542100.0
1509,2021-10-01 13:14:09,30600.0,200.0,4541900.0
1510,2021-10-01 13:13:49,30600.0,2000.0,4541700.0
1511,2021-10-01 13:13:49,30600.0,2600.0,4539700.0
1512,2021-10-01 13:13:49,30600.0,500.0,4537100.0
1513,2021-10-01 13:13:49,30600.0,1000.0,4536600.0
1514,2021-10-01 13:13:49,30600.0,200.0,4535600.0
1515,2021-10-01 13:13:49,30600.0,700.0,4535400.0
1516,2021-10-01 13:13:40,30600.0,1900.0,4534700.0
1517,2021-10-01 13:13:40,30650.0,31000.0,4532800.0
1518,2021-10-01 13:13:14,30650.0,100.0,4501800.0
1519,2021-10-01 13:13:14,30650.0,100.0,4501700.0
1520,2021-10-01 13:13:09,30650.0,1000.0,4501600.0
1521,2021-10-01 13:13:09,30650.0,1000.0,4500600.0
1522,2021-10-01 13:13:09,30650.0,1000.0,4499600.0
1523,2021-10-01 13:13:09,30650.0,1000.0,4498600.0
1524,2021-10-01 13:13:09,30650.0,1000.0,4497600.0
1525,2021-10-01 13:13:09,30650.0,3000.0,4496600.0
1526,2021-10-01 13:13:09,30650.0,1000.0,4493600.0
1527,2021-10-01 13:13:09,30650.0,1000.0,4492600.0
1528,2021-10-01 13:13:09,30650.0,100.0,4491600.0
1529,2021-10-01 13:13:09,30650.0,100.0,4491500.0
1530,2021-10-01 13:13:09,30650.0,4000.0,4491400.0
1531,2021-10-01 13:13:09,30650.0,200.0,4487400.0
1532,2021-10-01 13:13:09,30650.0,2600.0,4487200.0
1533,2021-10-01 13:13:09,30650.0,300.0,4484600.0
1534,2021-10-01 13:13:09,30650.0,800.0,4484300.0
1535,2021-10-01 13:13:08,30650.0,200.0,4483500.0
1536,2021-10-01 13:13:05,30700.0,500.0,4483300.0
1537,2021-10-01 13:13:04,30650.0,100.0,4482800.0
1538,2021-10-01 13:13:00,30700.0,500.0,4482700.0
1539,2021-10-01 13:12:54,30700.0,1000.0,4482200.0
1540,2021-10-01 13:12:53,30650.0,100.0,4481200.0
1541,2021-10-01 13:12:11,30700.0,500.0,4481100.0
1542,2021-10-01 13:12:03,30700.0,500.0,4480600.0
1543,2021-10-01 13:11:57,30650.0,300.0,4480100.0
1544,2021-10-01 13:11:48,30700.0,500.0,4479800.0
1545,2021-10-01 13:11:46,30650.0,200.0,4479300.0
1546,2021-10-01 13:11:46,30650.0,4800.0,4479100.0
1547,2021-10-01 13:11:42,30700.0,500.0,4474300.0
1548,2021-10-01 13:11:38,30650.0,200.0,4473800.0
1549,2021-10-01 13:11:38,30650.0,500.0,4473600.0
1550,2021-10-01 13:11:38,30650.0,300.0,4473100.0
1551,2021-10-01 13:11:32,30700.0,300.0,4472800.0
1552,2021-10-01 13:11:30,30700.0,1000.0,4472500.0
1553,2021-10-01 13:11:27,30700.0,500.0,4471500.0
1554,2021-10-01 13:11:24,30700.0,100.0,4471000.0
1555,2021-10-01 13:11:16,30700.0,2900.0,4470900.0
1556,2021-10-01 13:11:13,30700.0,100.0,4468000.0
1557,2021-10-01 13:11:12,30700.0,1000.0,4467900.0
1558,2021-10-01 13:11:08,30700.0,600.0,4466900.0
1559,2021-10-01 13:11:00,30700.0,1000.0,4466300.0
1560,2021-10-01 13:11:00,30700.0,200.0,4465300.0
1561,2021-10-01 13:10:55,30700.0,200.0,4465100.0
1562,2021-10-01 13:10:46,30700.0,200.0,4464900.0
1563,2021-10-01 13:10:34,30700.0,200.0,4464700.0
1564,2021-10-01 13:10:33,30650.0,500.0,4464500.0
1565,2021-10-01 13:10:31,30700.0,200.0,4464000.0
1566,2021-10-01 13:10:31,30700.0,500.0,4463800.0
1567,2021-10-01 13:10:28,30650.0,400.0,4463300.0
1568,2021-10-01 13:10:24,30700.0,100.0,4462900.0
1569,2021-10-01 13:10:23,30700.0,2000.0,4462800.0
1570,2021-10-01 13:10:16,30700.0,500.0,4460800.0
1571,2021-10-01 13:10:16,30700.0,1300.0,4460300.0
1572,2021-10-01 13:10:13,30700.0,500.0,4459000.0
1573,2021-10-01 13:10:07,30700.0,500.0,4458500.0
1574,2021-10-01 13:10:05,30700.0,500.0,4458000.0
1575,2021-10-01 13:09:55,30700.0,1000.0,4457500.0
1576,2021-10-01 13:09:45,30700.0,100.0,4456500.0
1577,2021-10-01 13:09:41,30700.0,500.0,4456400.0
1578,2021-10-01 13:09:31,30700.0,500.0,4455900.0
1579,2021-10-01 13:09:24,30700.0,2100.0,4455400.0
1580,2021-10-01 13:09:21,30700.0,1000.0,4453300.0
1581,2021-10-01 13:09:20,30650.0,800.0,4452300.0
1582,2021-10-01 13:09:18,30700.0,500.0,4451500.0
1583,2021-10-01 13:09:13,30700.0,2800.0,4451000.0
1584,2021-10-01 13:09:08,30700.0,500.0,4448200.0
1585,2021-10-01 13:09:00,30700.0,2000.0,4447700.0
1586,2021-10-01 13:08:59,30700.0,5000.0,4445700.0
1587,2021-10-01 13:08:56,30700.0,100.0,4440700.0
1588,2021-10-01 13:08:54,30700.0,500.0,4440600.0
1589,2021-10-01 13:08:50,30700.0,100.0,4440100.0
1590,2021-10-01 13:08:42,30700.0,100.0,4440000.0
1591,2021-10-01 13:08:37,30700.0,500.0,4439900.0
1592,2021-10-01 13:08:37,30700.0,9900.0,4439400.0
1593,2021-10-01 13:08:37,30700.0,10100.0,4429500.0
1594,2021-10-01 13:08:17,30700.0,3000.0,4419400.0
1595,2021-10-01 13:07:38,30650.0,1200.0,4416400.0
1596,2021-10-01 13:07:33,30650.0,100.0,4415200.0
1597,2021-10-01 13:07:31,30700.0,200.0,4415100.0
1598,2021-10-01 13:07:30,30700.0,1000.0,4414900.0
1599,2021-10-01 13:07:25,30700.0,3000.0,4413900.0
1600,2021-10-01 13:07:23,30700.0,5000.0,4410900.0
1601,2021-10-01 13:07:21,30700.0,500.0,4405900.0
1602,2021-10-01 13:07:07,30650.0,500.0,4405400.0
1603,2021-10-01 13:07:06,30700.0,100.0,4404900.0
1604,2021-10-01 13:07:04,30650.0,100.0,4404800.0
1605,2021-10-01 13:06:58,30700.0,3600.0,4404700.0
1606,2021-10-01 13:06:57,30700.0,2000.0,4401100.0
1607,2021-10-01 13:06:55,30700.0,300.0,4399100.0
1608,2021-10-01 13:06:53,30650.0,5000.0,4398800.0
1609,2021-10-01 13:06:48,30700.0,3200.0,4393800.0
1610,2021-10-01 13:06:35,30700.0,100.0,4390600.0
1611,2021-10-01 13:06:13,30650.0,300.0,4390500.0
1612,2021-10-01 13:06:05,30650.0,200.0,4390200.0
1613,2021-10-01 13:06:00,30650.0,100.0,4390000.0
1614,2021-10-01 13:05:57,30650.0,200.0,4389900.0
1615,2021-10-01 13:05:55,30650.0,500.0,4389700.0
1616,2021-10-01 13:05:49,30650.0,700.0,4389200.0
1617,2021-10-01 13:05:41,30650.0,400.0,4388500.0
1618,2021-10-01 13:05:41,30650.0,400.0,4388100.0
1619,2021-10-01 13:05:36,30650.0,100.0,4387700.0
1620,2021-10-01 13:05:36,30650.0,100.0,4387600.0
1621,2021-10-01 13:05:33,30650.0,1000.0,4387500.0
1622,2021-10-01 13:05:03,30650.0,500.0,4386500.0
1623,2021-10-01 13:05:03,30650.0,300.0,4386000.0
1624,2021-10-01 13:05:00,30650.0,1000.0,4385700.0
1625,2021-10-01 13:04:58,30650.0,1500.0,4384700.0
1626,2021-10-01 13:04:46,30650.0,2000.0,4383200.0
1627,2021-10-01 13:04:41,30650.0,100.0,4381200.0
1628,2021-10-01 13:04:37,30650.0,1000.0,4381100.0
1629,2021-10-01 13:04:29,30650.0,2000.0,4380100.0
1630,2021-10-01 13:04:29,30650.0,300.0,4378100.0
1631,2021-10-01 13:04:29,30650.0,200.0,4377800.0
1632,2021-10-01 13:04:25,30650.0,100.0,4377600.0
1633,2021-10-01 13:04:18,30650.0,900.0,4377500.0
1634,2021-10-01 13:04:18,30650.0,5000.0,4376600.0
1635,2021-10-01 13:04:18,30650.0,1000.0,4371600.0
1636,2021-10-01 13:04:18,30650.0,10000.0,4370600.0
1637,2021-10-01 13:04:18,30650.0,2800.0,4360600.0
1638,2021-10-01 13:04:16,30600.0,1000.0,4357800.0
1639,2021-10-01 13:04:09,30650.0,500.0,4356800.0
1640,2021-10-01 13:03:34,30650.0,600.0,4356300.0
1641,2021-10-01 13:03:19,30650.0,6100.0,4355700.0
1642,2021-10-01 13:03:19,30650.0,3900.0,4349600.0
1643,2021-10-01 13:03:05,30600.0,300.0,4345700.0
1644,2021-10-01 13:03:05,30600.0,200.0,4345400.0
1645,2021-10-01 13:03:05,30600.0,100.0,4345200.0
1646,2021-10-01 13:03:05,30600.0,100.0,4345100.0
1647,2021-10-01 13:02:53,30650.0,1000.0,4345000.0
1648,2021-10-01 13:02:49,30650.0,5000.0,4344000.0
1649,2021-10-01 13:02:47,30650.0,100.0,4339000.0
1650,2021-10-01 13:02:33,30700.0,2300.0,4338900.0
1651,2021-10-01 13:02:25,30700.0,200.0,4336600.0
1652,2021-10-01 13:02:07,30700.0,1000.0,4336400.0
1653,2021-10-01 13:01:57,30650.0,900.0,4335400.0
1654,2021-10-01 13:01:52,30650.0,1000.0,4334500.0
1655,2021-10-01 13:01:38,30600.0,400.0,4333500.0
1656,2021-10-01 13:01:38,30650.0,100.0,4333100.0
1657,2021-10-01 13:01:38,30650.0,500.0,4333000.0
1658,2021-10-01 13:01:29,30700.0,700.0,4332500.0
1659,2021-10-01 13:01:08,30700.0,700.0,4331800.0
1660,2021-10-01 13:01:08,30650.0,300.0,4331100.0
1661,2021-10-01 13:00:49,30650.0,100.0,4330800.0
1662,2021-10-01 13:00:29,30700.0,100.0,4330700.0
1663,2021-10-01 13:00:29,30700.0,600.0,4330600.0
1664,2021-10-01 13:00:23,30700.0,100.0,4330000.0
1665,2021-10-01 13:00:23,30600.0,500.0,4329900.0
1666,2021-10-01 13:00:23,30650.0,200.0,4329400.0
1667,2021-10-01 13:00:23,30650.0,100.0,4329200.0
1668,2021-10-01 13:00:23,30650.0,100.0,4329100.0
1669,2021-10-01 13:00:23,30650.0,100.0,4329000.0
1670,2021-10-01 13:00:23,30700.0,500.0,4328900.0
1671,2021-10-01 13:00:22,30700.0,3200.0,4328400.0
1672,2021-10-01 13:00:22,30700.0,1000.0,4325200.0
1673,2021-10-01 13:00:21,30700.0,500.0,4324200.0
1674,2021-10-01 13:00:19,30700.0,5000.0,4323700.0
1675,2021-10-01 13:00:18,30700.0,500.0,4318700.0
1676,2021-10-01 13:00:17,30700.0,300.0,4318200.0
1677,2021-10-01 13:00:16,30700.0,200.0,4317900.0
1678,2021-10-01 13:00:15,30700.0,1000.0,4317700.0
1679,2021-10-01 13:00:12,30700.0,100.0,4316700.0
1680,2021-10-01 13:00:12,30700.0,300.0,4316600.0
1681,2021-10-01 13:00:11,30700.0,400.0,4316300.0
1682,2021-10-01 13:00:09,30700.0,100.0,4315900.0
1683,2021-10-01 13:00:08,30700.0,1500.0,4315800.0
1684,2021-10-01 13:00:07,30700.0,500.0,4314300.0
1685,2021-10-01 13:00:06,30700.0,500.0,4313800.0
1686,2021-10-01 13:00:06,30700.0,100.0,4313300.0
1687,2021-10-01 13:00:06,30700.0,100.0,4313200.0
1688,2021-10-01 13:00:06,30700.0,100.0,4313100.0
1689,2021-10-01 13:00:06,30700.0,100.0,4313000.0
1690,2021-10-01 13:00:06,30700.0,200.0,4312900.0
1691,2021-10-01 13:00:04,30600.0,800.0,4312700.0
1692,2021-10-01 13:00:04,30600.0,600.0,4311900.0
1693,2021-10-01 13:00:04,30600.0,300.0,4311300.0
1694,2021-10-01 13:00:02,30600.0,500.0,4311000.0
1695,2021-10-01 13:00:02,30600.0,1000.0,4310500.0
1696,2021-10-01 13:00:02,30600.0,100.0,4309500.0
1697,2021-10-01 13:00:02,30600.0,500.0,4309400.0
1698,2021-10-01 13:00:02,30600.0,200.0,4308900.0
1699,2021-10-01 13:00:02,30600.0,500.0,4308700.0
1700,2021-10-01 13:00:02,30600.0,500.0,4308200.0
1701,2021-10-01 13:00:02,30600.0,500.0,4307700.0
1702,2021-10-01 13:00:02,30600.0,3800.0,4307200.0
1703,2021-10-01 13:00:02,30700.0,500.0,4303400.0
1704,2021-10-01 13:00:02,30700.0,200.0,4302900.0
1705,2021-10-01 13:00:01,30700.0,100.0,4302700.0
1706,2021-10-01 13:00:01,30750.0,100.0,4302600.0
1707,2021-10-01 13:00:01,30700.0,700.0,4302500.0
1708,2021-10-01 13:00:01,30700.0,300.0,4301800.0
1709,2021-10-01 13:00:01,30700.0,200.0,4301500.0
1710,2021-10-01 13:00:01,30700.0,200.0,4301300.0
1711,2021-10-01 13:00:01,30700.0,500.0,4301100.0
1712,2021-10-01 13:00:01,30700.0,100.0,4300600.0
1713,2021-10-01 11:30:00,30700.0,500.0,4300500.0
1714,2021-10-01 11:29:59,30700.0,3000.0,4300000.0
1715,2021-10-01 11:29:59,30700.0,500.0,4297000.0
1716,2021-10-01 11:29:56,30700.0,500.0,4296500.0
1717,2021-10-01 11:29:56,30700.0,5400.0,4296000.0
1718,2021-10-01 11:29:41,30700.0,100.0,4290600.0
1719,2021-10-01 11:29:33,30700.0,9500.0,4290500.0
1720,2021-10-01 11:29:33,30700.0,500.0,4281000.0
1721,2021-10-01 11:29:33,30700.0,100.0,4280500.0
1722,2021-10-01 11:29:33,30700.0,400.0,4280400.0
1723,2021-10-01 11:29:30,30600.0,400.0,4280000.0
1724,2021-10-01 11:29:29,30700.0,500.0,4279600.0
1725,2021-10-01 11:29:27,30600.0,4000.0,4279100.0
1726,2021-10-01 11:28:52,30700.0,1400.0,4275100.0
1727,2021-10-01 11:28:51,30600.0,1000.0,4273700.0
1728,2021-10-01 11:28:51,30700.0,4000.0,4272700.0
1729,2021-10-01 11:28:51,30700.0,3700.0,4268700.0
1730,2021-10-01 11:28:48,30700.0,800.0,4265000.0
1731,2021-10-01 11:28:48,30700.0,2000.0,4264200.0
1732,2021-10-01 11:28:46,30700.0,1500.0,4262200.0
1733,2021-10-01 11:28:40,30700.0,100.0,4260700.0
1734,2021-10-01 11:28:40,30600.0,800.0,4260600.0
1735,2021-10-01 11:28:40,30600.0,5000.0,4259800.0
1736,2021-10-01 11:28:40,30600.0,100.0,4254800.0
1737,2021-10-01 11:28:40,30600.0,100.0,4254700.0
1738,2021-10-01 11:28:40,30600.0,1000.0,4254600.0
1739,2021-10-01 11:28:40,30600.0,2000.0,4253600.0
1740,2021-10-01 11:28:40,30650.0,1000.0,4251600.0
1741,2021-10-01 11:28:39,30700.0,3000.0,4250600.0
1742,2021-10-01 11:28:37,30700.0,100.0,4247600.0
1743,2021-10-01 11:28:37,30700.0,500.0,4247500.0
1744,2021-10-01 11:28:37,30700.0,400.0,4247000.0
1745,2021-10-01 11:28:34,30700.0,100.0,4246600.0
1746,2021-10-01 11:28:30,30700.0,500.0,4246500.0
1747,2021-10-01 11:28:30,30700.0,500.0,4246000.0
1748,2021-10-01 11:28:27,30700.0,400.0,4245500.0
1749,2021-10-01 11:28:26,30700.0,100.0,4245100.0
1750,2021-10-01 11:28:15,30700.0,3000.0,4245000.0
1751,2021-10-01 11:28:08,30700.0,200.0,4242000.0
1752,2021-10-01 11:27:59,30700.0,1600.0,4241800.0
1753,2021-10-01 11:27:59,30600.0,3400.0,4240200.0
1754,2021-10-01 11:27:57,30600.0,400.0,4236800.0
1755,2021-10-01 11:27:57,30600.0,400.0,4236400.0
1756,2021-10-01 11:27:57,30600.0,1000.0,4236000.0
1757,2021-10-01 11:27:57,30600.0,500.0,4235000.0
1758,2021-10-01 11:27:57,30600.0,4300.0,4234500.0
1759,2021-10-01 11:27:44,30600.0,700.0,4230200.0
1760,2021-10-01 11:27:44,30600.0,300.0,4229500.0
1761,2021-10-01 11:27:43,30700.0,200.0,4229200.0
1762,2021-10-01 11:27:43,30700.0,400.0,4229000.0
1763,2021-10-01 11:27:43,30600.0,200.0,4228600.0
1764,2021-10-01 11:27:14,30600.0,100.0,4228400.0
1765,2021-10-01 11:27:14,30600.0,100.0,4228300.0
1766,2021-10-01 11:27:14,30600.0,4300.0,4228200.0
1767,2021-10-01 11:27:10,30600.0,200.0,4223900.0
1768,2021-10-01 11:27:05,30600.0,100.0,4223700.0
1769,2021-10-01 11:27:03,30600.0,5000.0,4223600.0
1770,2021-10-01 11:27:02,30500.0,1200.0,4218600.0
1771,2021-10-01 11:27:02,30500.0,2900.0,4217400.0
1772,2021-10-01 11:27:00,30600.0,100.0,4214500.0
1773,2021-10-01 11:26:48,30600.0,300.0,4214400.0
1774,2021-10-01 11:26:48,30600.0,1000.0,4214100.0
1775,2021-10-01 11:26:48,30600.0,1700.0,4213100.0
1776,2021-10-01 11:26:40,30500.0,200.0,4211400.0
1777,2021-10-01 11:26:24,30500.0,100.0,4211200.0
1778,2021-10-01 11:26:24,30500.0,700.0,4211100.0
1779,2021-10-01 11:26:24,30500.0,500.0,4210400.0
1780,2021-10-01 11:26:24,30500.0,600.0,4209900.0
1781,2021-10-01 11:26:15,30500.0,100.0,4209300.0
1782,2021-10-01 11:26:12,30500.0,100.0,4209200.0
1783,2021-10-01 11:26:10,30500.0,500.0,4209100.0
1784,2021-10-01 11:26:07,30500.0,200.0,4208600.0
1785,2021-10-01 11:25:49,30500.0,100.0,4208400.0
1786,2021-10-01 11:25:37,30500.0,200.0,4208300.0
1787,2021-10-01 11:25:37,30500.0,200.0,4208100.0
1788,2021-10-01 11:25:37,30500.0,900.0,4207900.0
1789,2021-10-01 11:25:37,30500.0,1400.0,4207000.0
1790,2021-10-01 11:25:37,30500.0,500.0,4205600.0
1791,2021-10-01 11:25:37,30500.0,6600.0,4205100.0
1792,2021-10-01 11:25:37,30500.0,1000.0,4198500.0
1793,2021-10-01 11:25:37,30500.0,100.0,4197500.0
1794,2021-10-01 11:25:37,30500.0,3500.0,4197400.0
1795,2021-10-01 11:25:37,30500.0,100.0,4193900.0
1796,2021-10-01 11:25:37,30500.0,3000.0,4193800.0
1797,2021-10-01 11:25:37,30500.0,200.0,4190800.0
1798,2021-10-01 11:25:37,30500.0,5000.0,4190600.0
1799,2021-10-01 11:25:37,30500.0,500.0,4185600.0
1800,2021-10-01 11:25:37,30500.0,2000.0,4185100.0
1801,2021-10-01 11:25:37,30500.0,800.0,4183100.0
1802,2021-10-01 11:25:37,30500.0,1000.0,4182300.0
1803,2021-10-01 11:25:37,30500.0,3000.0,4181300.0
1804,2021-10-01 11:25:37,30500.0,100.0,4178300.0
1805,2021-10-01 11:25:37,30500.0,100.0,4178200.0
1806,2021-10-01 11:25:37,30500.0,18100.0,4178100.0
1807,2021-10-01 11:25:37,30550.0,100.0,4160000.0
1808,2021-10-01 11:25:26,30600.0,600.0,4159900.0
1809,2021-10-01 11:25:26,30550.0,400.0,4159300.0
1810,2021-10-01 11:25:20,30550.0,100.0,4158900.0
1811,2021-10-01 11:25:16,30550.0,600.0,4158800.0
1812,2021-10-01 11:25:16,30550.0,500.0,4158200.0
1813,2021-10-01 11:25:16,30550.0,200.0,4157700.0
1814,2021-10-01 11:25:16,30550.0,100.0,4157500.0
1815,2021-10-01 11:25:16,30550.0,100.0,4157400.0
1816,2021-10-01 11:25:04,30600.0,100.0,4157300.0
1817,2021-10-01 11:24:55,30600.0,100.0,4157200.0
1818,2021-10-01 11:24:52,30600.0,100.0,4157100.0
1819,2021-10-01 11:24:50,30600.0,500.0,4157000.0
1820,2021-10-01 11:24:48,30600.0,500.0,4156500.0
1821,2021-10-01 11:24:41,30600.0,100.0,4156000.0
1822,2021-10-01 11:24:18,30600.0,100.0,4155900.0
1823,2021-10-01 11:24:18,30600.0,6200.0,4155800.0
1824,2021-10-01 11:24:15,30600.0,3800.0,4149600.0
1825,2021-10-01 11:24:15,30600.0,100.0,4145800.0
1826,2021-10-01 11:24:15,30600.0,300.0,4145700.0
1827,2021-10-01 11:24:15,30600.0,2200.0,4145400.0
1828,2021-10-01 11:24:15,30700.0,1000.0,4143200.0
1829,2021-10-01 11:24:15,30700.0,400.0,4142200.0
1830,2021-10-01 11:24:15,30700.0,500.0,4141800.0
1831,2021-10-01 11:24:15,30700.0,500.0,4141300.0
1832,2021-10-01 11:24:15,30700.0,1000.0,4140800.0
1833,2021-10-01 11:24:15,30700.0,200.0,4139800.0
1834,2021-10-01 11:24:14,30700.0,500.0,4139600.0
1835,2021-10-01 11:24:14,30750.0,500.0,4139100.0
1836,2021-10-01 11:24:13,30700.0,200.0,4138600.0
1837,2021-10-01 11:24:10,30700.0,1000.0,4138400.0
1838,2021-10-01 11:23:47,30700.0,100.0,4137400.0
1839,2021-10-01 11:23:47,30700.0,100.0,4137300.0
1840,2021-10-01 11:23:47,30700.0,100.0,4137200.0
1841,2021-10-01 11:23:47,30700.0,500.0,4137100.0
1842,2021-10-01 11:23:47,30700.0,200.0,4136600.0
1843,2021-10-01 11:23:41,30700.0,300.0,4136400.0
1844,2021-10-01 11:23:41,30700.0,200.0,4136100.0
1845,2021-10-01 11:23:34,30750.0,200.0,4135900.0
1846,2021-10-01 11:23:31,30750.0,500.0,4135700.0
1847,2021-10-01 11:23:30,30700.0,300.0,4135200.0
1848,2021-10-01 11:23:30,30700.0,200.0,4134900.0
1849,2021-10-01 11:23:25,30750.0,1000.0,4134700.0
1850,2021-10-01 11:23:24,30750.0,2000.0,4133700.0
1851,2021-10-01 11:23:24,30750.0,800.0,4131700.0
1852,2021-10-01 11:23:05,30750.0,200.0,4130900.0
1853,2021-10-01 11:23:02,30750.0,2700.0,4130700.0
1854,2021-10-01 11:22:58,30800.0,500.0,4128000.0
1855,2021-10-01 11:22:58,30800.0,500.0,4127500.0
1856,2021-10-01 11:22:57,30800.0,3500.0,4127000.0
1857,2021-10-01 11:22:57,30800.0,100.0,4123500.0
1858,2021-10-01 11:22:54,30800.0,500.0,4123400.0
1859,2021-10-01 11:22:52,30800.0,1600.0,4122900.0
1860,2021-10-01 11:22:52,30750.0,600.0,4121300.0
1861,2021-10-01 11:22:52,30750.0,1000.0,4120700.0
1862,2021-10-01 11:22:52,30750.0,100.0,4119700.0
1863,2021-10-01 11:22:52,30750.0,8300.0,4119600.0
1864,2021-10-01 11:22:51,30750.0,10000.0,4111300.0
1865,2021-10-01 11:22:47,30800.0,100.0,4101300.0
1866,2021-10-01 11:22:39,30800.0,300.0,4101200.0
1867,2021-10-01 11:22:36,30800.0,200.0,4100900.0
1868,2021-10-01 11:22:36,30800.0,100.0,4100700.0
1869,2021-10-01 11:22:36,30800.0,100.0,4100600.0
1870,2021-10-01 11:22:36,30800.0,400.0,4100500.0
1871,2021-10-01 11:22:36,30800.0,100.0,4100100.0
1872,2021-10-01 11:22:30,30800.0,2000.0,4100000.0
1873,2021-10-01 11:22:26,30800.0,2000.0,4098000.0
1874,2021-10-01 11:22:23,30850.0,300.0,4096000.0
1875,2021-10-01 11:22:21,30850.0,1900.0,4095700.0
1876,2021-10-01 11:22:18,30800.0,1500.0,4093800.0
1877,2021-10-01 11:22:13,30800.0,500.0,4092300.0
1878,2021-10-01 11:22:13,30800.0,500.0,4091800.0
1879,2021-10-01 11:22:13,30800.0,200.0,4091300.0
1880,2021-10-01 11:22:13,30800.0,200.0,4091100.0
1881,2021-10-01 11:22:13,30800.0,600.0,4090900.0
1882,2021-10-01 11:22:13,30850.0,200.0,4090300.0
1883,2021-10-01 11:22:09,30800.0,400.0,4090100.0
1884,2021-10-01 11:22:09,30800.0,200.0,4089700.0
1885,2021-10-01 11:22:09,30800.0,100.0,4089500.0
1886,2021-10-01 11:22:09,30800.0,200.0,4089400.0
1887,2021-10-01 11:22:09,30800.0,2000.0,4089200.0
1888,2021-10-01 11:22:09,30800.0,2100.0,4087200.0
1889,2021-10-01 11:22:08,30800.0,500.0,4085100.0
1890,2021-10-01 11:22:04,30800.0,400.0,4084600.0
1891,2021-10-01 11:22:01,30850.0,200.0,4084200.0
1892,2021-10-01 11:21:46,30850.0,17400.0,4084000.0
1893,2021-10-01 11:21:37,30850.0,1000.0,4066600.0
1894,2021-10-01 11:21:36,30850.0,6000.0,4065600.0
1895,2021-10-01 11:21:36,30850.0,100.0,4059600.0
1896,2021-10-01 11:21:36,30850.0,500.0,4059500.0
1897,2021-10-01 11:21:35,30800.0,5000.0,4059000.0
1898,2021-10-01 11:21:34,30850.0,1000.0,4054000.0
1899,2021-10-01 11:21:33,30850.0,500.0,4053000.0
1900,2021-10-01 11:21:32,30800.0,10000.0,4052500.0
1901,2021-10-01 11:21:26,30850.0,500.0,4042500.0
1902,2021-10-01 11:21:25,30850.0,500.0,4042000.0
1903,2021-10-01 11:21:25,30850.0,1500.0,4041500.0
1904,2021-10-01 11:21:25,30850.0,500.0,4040000.0
1905,2021-10-01 11:21:23,30850.0,1000.0,4039500.0
1906,2021-10-01 11:21:23,30850.0,1000.0,4038500.0
1907,2021-10-01 11:21:23,30850.0,100.0,4037500.0
1908,2021-10-01 11:21:23,30850.0,1200.0,4037400.0
1909,2021-10-01 11:21:20,30850.0,1800.0,4036200.0
1910,2021-10-01 11:21:19,30900.0,3000.0,4034400.0
1911,2021-10-01 11:21:13,30900.0,1000.0,4031400.0
1912,2021-10-01 11:21:12,30900.0,500.0,4030400.0
1913,2021-10-01 11:21:08,30900.0,100.0,4029900.0
1914,2021-10-01 11:20:58,30900.0,700.0,4029800.0
1915,2021-10-01 11:20:58,30900.0,300.0,4029100.0
1916,2021-10-01 11:20:57,30900.0,500.0,4028800.0
1917,2021-10-01 11:20:57,30900.0,900.0,4028300.0
1918,2021-10-01 11:20:57,30900.0,100.0,4027400.0
1919,2021-10-01 11:20:57,30900.0,200.0,4027300.0
1920,2021-10-01 11:20:57,30950.0,5000.0,4027100.0
1921,2021-10-01 11:20:56,30900.0,200.0,4022100.0
1922,2021-10-01 11:20:54,30900.0,1000.0,4021900.0
1923,2021-10-01 11:20:54,30950.0,100.0,4020900.0
1924,2021-10-01 11:20:53,30900.0,5000.0,4020800.0
1925,2021-10-01 11:20:51,30950.0,800.0,4015800.0
1926,2021-10-01 11:20:51,30950.0,800.0,4015000.0
1927,2021-10-01 11:20:49,30900.0,3300.0,4014200.0
1928,2021-10-01 11:20:49,30900.0,1000.0,4010900.0
1929,2021-10-01 11:20:49,30900.0,300.0,4009900.0
1930,2021-10-01 11:20:49,30900.0,400.0,4009600.0
1931,2021-10-01 11:20:45,30950.0,1000.0,4009200.0
1932,2021-10-01 11:20:41,30950.0,100.0,4008200.0
1933,2021-10-01 11:20:41,30950.0,100.0,4008100.0
1934,2021-10-01 11:20:41,31000.0,1000.0,4008000.0
1935,2021-10-01 11:20:36,30950.0,1000.0,4007000.0
1936,2021-10-01 11:20:32,31000.0,500.0,4006000.0
1937,2021-10-01 11:20:32,31000.0,800.0,4005500.0
1938,2021-10-01 11:20:31,31000.0,1500.0,4004700.0
1939,2021-10-01 11:20:31,31000.0,400.0,4003200.0
1940,2021-10-01 11:20:31,31000.0,200.0,4002800.0
1941,2021-10-01 11:20:31,31000.0,900.0,4002600.0
1942,2021-10-01 11:20:31,30950.0,900.0,4001700.0
1943,2021-10-01 11:20:30,30950.0,100.0,4000800.0
1944,2021-10-01 11:20:26,31000.0,100.0,4000700.0
1945,2021-10-01 11:20:26,31000.0,2900.0,4000600.0
1946,2021-10-01 11:20:23,30900.0,1600.0,3997700.0
1947,2021-10-01 11:20:23,30900.0,100.0,3996100.0
1948,2021-10-01 11:20:23,30900.0,100.0,3996000.0
1949,2021-10-01 11:20:23,30900.0,500.0,3995900.0
1950,2021-10-01 11:20:23,30900.0,200.0,3995400.0
1951,2021-10-01 11:20:22,31000.0,800.0,3995200.0
1952,2021-10-01 11:20:22,31000.0,200.0,3994400.0
1953,2021-10-01 11:20:20,31000.0,200.0,3994200.0
1954,2021-10-01 11:20:20,31000.0,2500.0,3994000.0
1955,2021-10-01 11:20:20,30950.0,500.0,3991500.0
1956,2021-10-01 11:20:15,31000.0,1000.0,3991000.0
1957,2021-10-01 11:20:12,31000.0,1000.0,3990000.0
1958,2021-10-01 11:20:09,31000.0,100.0,3989000.0
1959,2021-10-01 11:20:07,31000.0,100.0,3988900.0
1960,2021-10-01 11:20:07,31000.0,500.0,3988800.0
1961,2021-10-01 11:20:06,31000.0,100.0,3988300.0
1962,2021-10-01 11:20:03,31000.0,100.0,3988200.0
1963,2021-10-01 11:20:03,31000.0,300.0,3988100.0
1964,2021-10-01 11:20:03,31000.0,100.0,3987800.0
1965,2021-10-01 11:20:03,31000.0,100.0,3987700.0
1966,2021-10-01 11:20:03,31050.0,1000.0,3987600.0
1967,2021-10-01 11:20:03,31050.0,1000.0,3986600.0
1968,2021-10-01 11:19:55,31150.0,900.0,3985600.0
1969,2021-10-01 11:19:55,31100.0,1000.0,3984700.0
1970,2021-10-01 11:19:55,31000.0,900.0,3983700.0
1971,2021-10-01 11:19:55,31000.0,100.0,3982800.0
1972,2021-10-01 11:19:53,31150.0,500.0,3982700.0
1973,2021-10-01 11:19:52,31000.0,500.0,3982200.0
1974,2021-10-01 11:19:52,31000.0,500.0,3981700.0
1975,2021-10-01 11:19:52,31150.0,1000.0,3981200.0
1976,2021-10-01 11:19:49,31150.0,5000.0,3980200.0
1977,2021-10-01 11:19:47,30900.0,1800.0,3975200.0
1978,2021-10-01 11:19:47,30950.0,1000.0,3973400.0
1979,2021-10-01 11:19:47,30950.0,100.0,3972400.0
1980,2021-10-01 11:19:47,30950.0,2000.0,3972300.0
1981,2021-10-01 11:19:47,30950.0,1000.0,3970300.0
1982,2021-10-01 11:19:47,31000.0,2600.0,3969300.0
1983,2021-10-01 11:19:47,31000.0,10000.0,3966700.0
1984,2021-10-01 11:19:47,31000.0,200.0,3956700.0
1985,2021-10-01 11:19:47,31000.0,500.0,3956500.0
1986,2021-10-01 11:19:47,31000.0,500.0,3956000.0
1987,2021-10-01 11:19:47,31000.0,1200.0,3955500.0
1988,2021-10-01 11:19:47,31000.0,2000.0,3954300.0
1989,2021-10-01 11:19:47,31000.0,500.0,3952300.0
1990,2021-10-01 11:19:44,31000.0,1000.0,3951800.0
1991,2021-10-01 11:19:43,31150.0,800.0,3950800.0
1992,2021-10-01 11:19:33,31000.0,500.0,3950000.0
1993,2021-10-01 11:19:30,31400.0,1000.0,3949500.0
1994,2021-10-01 11:19:29,31400.0,3500.0,3948500.0
1995,2021-10-01 11:19:29,31400.0,200.0,3945000.0
1996,2021-10-01 11:19:29,31400.0,2100.0,3944800.0
1997,2021-10-01 11:19:29,31400.0,2000.0,3942700.0
1998,2021-10-01 11:19:29,31400.0,500.0,3940700.0
1999,2021-10-01 11:19:29,31400.0,2400.0,3940200.0
2000,2021-10-01 11:19:29,31350.0,1500.0,3937800.0
2001,2021-10-01 11:19:29,31300.0,500.0,3936300.0
2002,2021-10-01 11:19:29,31300.0,200.0,3935800.0
2003,2021-10-01 11:19:29,31300.0,1000.0,3935600.0
2004,2021-10-01 11:19:29,31300.0,500.0,3934600.0
2005,2021-10-01 11:19:29,31300.0,200.0,3934100.0
2006,2021-10-01 11:19:29,31300.0,300.0,3933900.0
2007,2021-10-01 11:19:29,31300.0,5000.0,3933600.0
2008,2021-10-01 11:19:29,31300.0,200.0,3928600.0
2009,2021-10-01 11:19:29,31250.0,1200.0,3928400.0
2010,2021-10-01 11:19:29,31200.0,2000.0,3927200.0
2011,2021-10-01 11:19:29,31200.0,200.0,3925200.0
2012,2021-10-01 11:19:29,31200.0,500.0,3925000.0
2013,2021-10-01 11:19:29,31200.0,300.0,3924500.0
2014,2021-10-01 11:19:29,31200.0,900.0,3924200.0
2015,2021-10-01 11:19:29,31200.0,600.0,3923300.0
2016,2021-10-01 11:19:29,31200.0,100.0,3922700.0
2017,2021-10-01 11:19:29,31200.0,800.0,3922600.0
2018,2021-10-01 11:19:29,31200.0,100.0,3921800.0
2019,2021-10-01 11:19:29,31200.0,1000.0,3921700.0
2020,2021-10-01 11:19:29,31200.0,4000.0,3920700.0
2021,2021-10-01 11:19:29,31200.0,100.0,3916700.0
2022,2021-10-01 11:19:29,31200.0,1800.0,3916600.0
2023,2021-10-01 11:19:29,31200.0,3000.0,3914800.0
2024,2021-10-01 11:19:29,31200.0,1000.0,3911800.0
2025,2021-10-01 11:19:29,31200.0,1000.0,3910800.0
2026,2021-10-01 11:19:29,31150.0,200.0,3909800.0
2027,2021-10-01 11:19:29,31150.0,1000.0,3909600.0
2028,2021-10-01 11:19:29,31150.0,100.0,3908600.0
2029,2021-10-01 11:19:28,31150.0,800.0,3908500.0
2030,2021-10-01 11:19:28,31000.0,200.0,3907700.0
2031,2021-10-01 11:19:27,30950.0,1000.0,3907500.0
2032,2021-10-01 11:19:26,31000.0,9200.0,3906500.0
2033,2021-10-01 11:19:24,31000.0,200.0,3897300.0
2034,2021-10-01 11:19:22,31000.0,400.0,3897100.0
2035,2021-10-01 11:19:21,31150.0,100.0,3896700.0
2036,2021-10-01 11:19:21,31100.0,100.0,3896600.0
2037,2021-10-01 11:19:21,31100.0,200.0,3896500.0
2038,2021-10-01 11:19:21,31100.0,200.0,3896300.0
2039,2021-10-01 11:19:21,31100.0,200.0,3896100.0
2040,2021-10-01 11:19:21,31100.0,200.0,3895900.0
2041,2021-10-01 11:19:21,31100.0,100.0,3895700.0
2042,2021-10-01 11:19:21,31100.0,100.0,3895600.0
2043,2021-10-01 11:19:21,31050.0,100.0,3895500.0
2044,2021-10-01 11:19:21,31050.0,300.0,3895400.0
2045,2021-10-01 11:19:21,31000.0,400.0,3895100.0
2046,2021-10-01 11:19:21,31000.0,500.0,3894700.0
2047,2021-10-01 11:19:21,31000.0,5000.0,3894200.0
2048,2021-10-01 11:19:21,31000.0,500.0,3889200.0
