,Time,Price,Volume_per_trade,Volume
0,2021-10-07 07:45:01,33250.0,100.0,6183600.0
1,2021-10-07 07:45:01,33250.0,100.0,6183500.0
2,2021-10-07 07:45:01,33250.0,700.0,6183400.0
3,2021-10-07 07:45:01,33250.0,900.0,6182700.0
4,2021-10-07 07:45:01,33250.0,600.0,6181800.0
5,2021-10-07 07:45:01,33250.0,1400.0,6181200.0
6,2021-10-07 07:45:01,33250.0,100.0,6179800.0
7,2021-10-07 07:45:01,33250.0,100.0,6179700.0
8,2021-10-07 07:45:01,33250.0,300.0,6179600.0
9,2021-10-07 07:45:01,33250.0,300.0,6179300.0
10,2021-10-07 07:45:01,33250.0,200.0,6179000.0
11,2021-10-07 07:45:01,33250.0,700.0,6178800.0
12,2021-10-07 07:45:01,33250.0,2000.0,6178100.0
13,2021-10-07 07:45:01,33250.0,3000.0,6176100.0
14,2021-10-07 07:45:01,33250.0,600.0,6173100.0
15,2021-10-07 07:45:01,33250.0,300.0,6172500.0
16,2021-10-07 07:45:01,33250.0,900.0,6172200.0
17,2021-10-07 07:45:01,33250.0,100.0,6171300.0
18,2021-10-07 07:45:01,33250.0,1000.0,6171200.0
19,2021-10-07 07:45:01,33250.0,500.0,6170200.0
20,2021-10-07 07:45:01,33250.0,200.0,6169700.0
21,2021-10-07 07:45:01,33250.0,3000.0,6169500.0
22,2021-10-07 07:45:01,33250.0,500.0,6166500.0
23,2021-10-07 07:45:01,33250.0,3200.0,6166000.0
24,2021-10-07 07:45:01,33250.0,3000.0,6162800.0
25,2021-10-07 07:45:01,33250.0,3100.0,6159800.0
26,2021-10-07 07:45:01,33250.0,500.0,6156700.0
27,2021-10-07 07:45:01,33250.0,1400.0,6156200.0
28,2021-10-07 07:45:01,33250.0,1600.0,6154800.0
29,2021-10-07 07:45:01,33250.0,400.0,6153200.0
30,2021-10-07 07:45:01,33250.0,300.0,6152800.0
31,2021-10-07 07:45:01,33250.0,300.0,6152500.0
32,2021-10-07 07:45:01,33250.0,200.0,6152200.0
33,2021-10-07 07:45:01,33250.0,300.0,6152000.0
34,2021-10-07 07:45:01,33250.0,400.0,6151700.0
35,2021-10-07 07:45:01,33250.0,400.0,6151300.0
36,2021-10-07 07:45:01,33250.0,7000.0,6150900.0
37,2021-10-07 07:45:01,33250.0,1200.0,6143900.0
38,2021-10-07 07:45:01,33250.0,500.0,6142700.0
39,2021-10-07 07:45:01,33250.0,2500.0,6142200.0
40,2021-10-07 07:45:01,33250.0,600.0,6139700.0
41,2021-10-07 07:45:01,33250.0,1900.0,6139100.0
42,2021-10-07 07:45:01,33250.0,100.0,6137200.0
43,2021-10-07 07:45:01,33250.0,1000.0,6137100.0
44,2021-10-07 07:45:01,33250.0,500.0,6136100.0
45,2021-10-07 07:45:01,33250.0,100.0,6135600.0
46,2021-10-07 07:45:01,33250.0,2000.0,6135500.0
47,2021-10-07 07:45:01,33250.0,500.0,6133500.0
48,2021-10-07 07:45:01,33250.0,100.0,6133000.0
49,2021-10-07 07:45:01,33250.0,1000.0,6132900.0
50,2021-10-07 07:45:01,33250.0,200.0,6131900.0
51,2021-10-07 07:45:01,33250.0,300.0,6131700.0
52,2021-10-07 07:45:01,33250.0,500.0,6131400.0
53,2021-10-07 07:45:01,33250.0,100.0,6130900.0
54,2021-10-07 07:45:01,33250.0,300.0,6130800.0
55,2021-10-07 07:45:01,33250.0,1400.0,6130500.0
56,2021-10-07 07:45:01,33250.0,700.0,6129100.0
57,2021-10-07 07:45:01,33250.0,2300.0,6128400.0
58,2021-10-07 07:45:01,33250.0,100.0,6126100.0
59,2021-10-07 07:45:01,33250.0,1000.0,6126000.0
60,2021-10-07 07:45:01,33250.0,500.0,6125000.0
61,2021-10-07 07:45:01,33250.0,100.0,6124500.0
62,2021-10-07 07:45:01,33250.0,100.0,6124400.0
63,2021-10-07 07:45:01,33250.0,1900.0,6124300.0
64,2021-10-07 07:45:01,33250.0,1000.0,6122400.0
65,2021-10-07 07:45:01,33250.0,2300.0,6121400.0
66,2021-10-07 07:45:01,33250.0,5000.0,6119100.0
67,2021-10-07 07:45:01,33250.0,5000.0,6114100.0
68,2021-10-07 07:45:01,33250.0,7700.0,6109100.0
69,2021-10-07 07:45:01,33250.0,900.0,6101400.0
70,2021-10-07 07:45:01,33250.0,200.0,6100500.0
71,2021-10-07 07:45:01,33250.0,200.0,6100300.0
72,2021-10-07 07:45:01,33250.0,300.0,6100100.0
73,2021-10-07 07:45:01,33250.0,200.0,6099800.0
74,2021-10-07 07:45:01,33250.0,500.0,6099600.0
75,2021-10-07 07:45:01,33250.0,100.0,6099100.0
76,2021-10-07 07:45:01,33250.0,200.0,6099000.0
77,2021-10-07 07:45:01,33250.0,2200.0,6098800.0
78,2021-10-07 07:45:01,33250.0,300.0,6096600.0
79,2021-10-07 07:45:01,33250.0,500.0,6096300.0
80,2021-10-07 07:45:01,33250.0,900.0,6095800.0
81,2021-10-07 07:45:01,33250.0,1400.0,6094900.0
82,2021-10-07 07:45:01,33250.0,400.0,6093500.0
83,2021-10-07 07:45:01,33250.0,1000.0,6093100.0
84,2021-10-07 07:45:01,33250.0,100.0,6092100.0
85,2021-10-07 07:45:01,33250.0,1000.0,6092000.0
86,2021-10-07 07:45:01,33250.0,2000.0,6091000.0
87,2021-10-07 07:45:01,33250.0,1000.0,6089000.0
88,2021-10-07 07:45:01,33250.0,100.0,6088000.0
89,2021-10-07 07:45:01,33250.0,1600.0,6087900.0
90,2021-10-07 07:45:01,33250.0,400.0,6086300.0
91,2021-10-07 07:45:01,33250.0,100.0,6085900.0
92,2021-10-07 07:45:01,33250.0,300.0,6085800.0
93,2021-10-07 07:45:01,33250.0,20000.0,6085500.0
94,2021-10-07 07:45:01,33250.0,200.0,6065500.0
95,2021-10-07 07:45:01,33250.0,1000.0,6065300.0
96,2021-10-07 07:45:01,33250.0,2000.0,6064300.0
97,2021-10-07 07:45:01,33250.0,600.0,6062300.0
98,2021-10-07 07:45:01,33250.0,5900.0,6061700.0
99,2021-10-07 07:45:01,33250.0,15000.0,6055800.0
100,2021-10-07 07:45:01,33250.0,50000.0,6040800.0
101,2021-10-07 07:45:01,33250.0,500.0,5990800.0
102,2021-10-07 07:45:01,33250.0,500.0,5990300.0
103,2021-10-07 07:45:01,33250.0,200.0,5989800.0
104,2021-10-07 07:45:01,33250.0,200.0,5989600.0
105,2021-10-07 07:45:01,33250.0,100.0,5989400.0
106,2021-10-07 07:45:01,33250.0,200.0,5989300.0
107,2021-10-07 07:45:01,33250.0,500.0,5989100.0
108,2021-10-07 07:45:01,33250.0,500.0,5988600.0
109,2021-10-07 07:45:01,33250.0,1200.0,5988100.0
110,2021-10-07 07:45:01,33250.0,400.0,5986900.0
111,2021-10-07 07:45:01,33250.0,300.0,5986500.0
112,2021-10-07 07:45:01,33250.0,500.0,5986200.0
113,2021-10-07 07:45:01,33250.0,100.0,5985700.0
114,2021-10-07 07:45:01,33250.0,1000.0,5985600.0
115,2021-10-07 07:45:01,33250.0,400.0,5984600.0
116,2021-10-07 07:45:01,33250.0,1000.0,5984200.0
117,2021-10-07 07:45:01,33250.0,2000.0,5983200.0
118,2021-10-07 07:45:01,33250.0,100.0,5981200.0
119,2021-10-07 07:45:01,33250.0,600.0,5981100.0
120,2021-10-07 07:45:01,33250.0,1000.0,5980500.0
121,2021-10-07 07:45:01,33250.0,500.0,5979500.0
122,2021-10-07 07:45:01,33250.0,100.0,5979000.0
123,2021-10-07 07:45:01,33250.0,200.0,5978900.0
124,2021-10-07 07:45:01,33250.0,1500.0,5978700.0
125,2021-10-07 07:45:01,33250.0,1000.0,5977200.0
126,2021-10-07 07:45:01,33250.0,1000.0,5976200.0
127,2021-10-07 07:45:01,33250.0,100.0,5975200.0
128,2021-10-07 07:45:01,33250.0,200.0,5975100.0
129,2021-10-07 07:45:01,33250.0,13200.0,5974900.0
130,2021-10-07 07:45:01,33250.0,6800.0,5961700.0
131,2021-10-07 07:45:01,33250.0,100.0,5954900.0
132,2021-10-07 07:45:01,33250.0,1000.0,5954800.0
133,2021-10-07 07:45:01,33250.0,2000.0,5953800.0
134,2021-10-07 07:45:01,33250.0,300.0,5951800.0
135,2021-10-07 07:45:01,33250.0,200.0,5951500.0
136,2021-10-07 07:45:01,33250.0,500.0,5951300.0
137,2021-10-07 07:45:01,33250.0,300.0,5950800.0
138,2021-10-07 07:45:01,33250.0,1000.0,5950500.0
139,2021-10-07 07:45:01,33250.0,1800.0,5949500.0
140,2021-10-07 07:45:01,33250.0,200.0,5947700.0
141,2021-10-07 07:29:58,33300.0,5000.0,5947500.0
142,2021-10-07 07:29:56,33300.0,1000.0,5942500.0
143,2021-10-07 07:29:54,33300.0,2600.0,5941500.0
144,2021-10-07 07:29:54,33250.0,800.0,5938900.0
145,2021-10-07 07:29:54,33250.0,100.0,5938100.0
146,2021-10-07 07:29:54,33250.0,100.0,5938000.0
147,2021-10-07 07:29:54,33250.0,500.0,5937900.0
148,2021-10-07 07:29:51,33300.0,400.0,5937400.0
149,2021-10-07 07:29:50,33250.0,100.0,5937000.0
150,2021-10-07 07:29:50,33250.0,500.0,5936900.0
151,2021-10-07 07:29:50,33250.0,1000.0,5936400.0
152,2021-10-07 07:29:50,33250.0,500.0,5935400.0
153,2021-10-07 07:29:50,33250.0,2900.0,5934900.0
154,2021-10-07 07:29:49,33350.0,100.0,5932000.0
155,2021-10-07 07:29:49,33350.0,200.0,5931900.0
156,2021-10-07 07:29:49,33300.0,500.0,5931700.0
157,2021-10-07 07:29:49,33300.0,200.0,5931200.0
158,2021-10-07 07:29:46,33250.0,100.0,5931000.0
159,2021-10-07 07:29:42,33300.0,200.0,5930900.0
160,2021-10-07 07:29:41,33300.0,100.0,5930700.0
161,2021-10-07 07:29:37,33250.0,100.0,5930600.0
162,2021-10-07 07:29:37,33300.0,400.0,5930500.0
163,2021-10-07 07:29:36,33300.0,100.0,5930100.0
164,2021-10-07 07:29:34,33300.0,500.0,5930000.0
165,2021-10-07 07:29:29,33300.0,200.0,5929500.0
166,2021-10-07 07:29:27,33300.0,100.0,5929300.0
167,2021-10-07 07:29:24,33300.0,100.0,5929200.0
168,2021-10-07 07:29:24,33300.0,100.0,5929100.0
169,2021-10-07 07:29:22,33350.0,1100.0,5929000.0
170,2021-10-07 07:29:18,33350.0,800.0,5927900.0
171,2021-10-07 07:29:08,33300.0,300.0,5927100.0
172,2021-10-07 07:29:05,33250.0,400.0,5926800.0
173,2021-10-07 07:29:04,33250.0,1000.0,5926400.0
174,2021-10-07 07:29:01,33250.0,500.0,5925400.0
175,2021-10-07 07:29:01,33250.0,500.0,5924900.0
176,2021-10-07 07:29:01,33250.0,200.0,5924400.0
177,2021-10-07 07:29:01,33250.0,100.0,5924200.0
178,2021-10-07 07:29:01,33250.0,100.0,5924100.0
179,2021-10-07 07:29:01,33250.0,100.0,5924000.0
180,2021-10-07 07:29:01,33250.0,11500.0,5923900.0
181,2021-10-07 07:29:01,33250.0,1100.0,5912400.0
182,2021-10-07 07:29:01,33300.0,100.0,5911300.0
183,2021-10-07 07:29:01,33300.0,100.0,5911200.0
184,2021-10-07 07:28:58,33350.0,1500.0,5911100.0
185,2021-10-07 07:28:48,33250.0,900.0,5909600.0
186,2021-10-07 07:28:48,33250.0,200.0,5908700.0
187,2021-10-07 07:28:48,33250.0,100.0,5908500.0
188,2021-10-07 07:28:48,33250.0,3100.0,5908400.0
189,2021-10-07 07:28:48,33250.0,400.0,5905300.0
190,2021-10-07 07:28:48,33250.0,100.0,5904900.0
191,2021-10-07 07:28:48,33250.0,500.0,5904800.0
192,2021-10-07 07:28:48,33250.0,100.0,5904300.0
193,2021-10-07 07:28:48,33250.0,2300.0,5904200.0
194,2021-10-07 07:28:48,33250.0,500.0,5901900.0
195,2021-10-07 07:28:48,33250.0,100.0,5901400.0
196,2021-10-07 07:28:48,33250.0,500.0,5901300.0
197,2021-10-07 07:28:48,33250.0,500.0,5900800.0
198,2021-10-07 07:28:48,33250.0,300.0,5900300.0
199,2021-10-07 07:28:48,33250.0,5000.0,5900000.0
200,2021-10-07 07:28:48,33300.0,100.0,5895000.0
201,2021-10-07 07:28:48,33300.0,200.0,5894900.0
202,2021-10-07 07:28:48,33300.0,100.0,5894700.0
203,2021-10-07 07:28:48,33300.0,1000.0,5894600.0
204,2021-10-07 07:28:48,33300.0,1000.0,5893600.0
205,2021-10-07 07:28:48,33300.0,5000.0,5892600.0
206,2021-10-07 07:28:48,33300.0,100.0,5887600.0
207,2021-10-07 07:28:48,33300.0,100.0,5887500.0
208,2021-10-07 07:28:48,33300.0,1000.0,5887400.0
209,2021-10-07 07:28:48,33300.0,100.0,5886400.0
210,2021-10-07 07:28:48,33300.0,500.0,5886300.0
211,2021-10-07 07:28:48,33300.0,200.0,5885800.0
212,2021-10-07 07:28:48,33300.0,10000.0,5885600.0
213,2021-10-07 07:28:48,33300.0,500.0,5875600.0
214,2021-10-07 07:28:48,33300.0,1000.0,5875100.0
215,2021-10-07 07:28:48,33300.0,5000.0,5874100.0
216,2021-10-07 07:28:48,33300.0,100.0,5869100.0
217,2021-10-07 07:28:48,33300.0,2000.0,5869000.0
218,2021-10-07 07:28:48,33300.0,1000.0,5867000.0
219,2021-10-07 07:28:48,33300.0,2000.0,5866000.0
220,2021-10-07 07:28:48,33300.0,1000.0,5864000.0
221,2021-10-07 07:28:48,33300.0,1000.0,5863000.0
222,2021-10-07 07:28:48,33300.0,200.0,5862000.0
223,2021-10-07 07:28:48,33300.0,500.0,5861800.0
224,2021-10-07 07:28:48,33300.0,100.0,5861300.0
225,2021-10-07 07:28:48,33300.0,500.0,5861200.0
226,2021-10-07 07:28:48,33300.0,100.0,5860700.0
227,2021-10-07 07:28:48,33300.0,100.0,5860600.0
228,2021-10-07 07:28:48,33300.0,100.0,5860500.0
229,2021-10-07 07:28:48,33300.0,800.0,5860400.0
230,2021-10-07 07:28:48,33300.0,300.0,5859600.0
231,2021-10-07 07:28:48,33300.0,1000.0,5859300.0
232,2021-10-07 07:28:48,33300.0,500.0,5858300.0
233,2021-10-07 07:28:48,33300.0,100.0,5857800.0
234,2021-10-07 07:28:48,33300.0,100.0,5857700.0
235,2021-10-07 07:28:48,33300.0,200.0,5857600.0
236,2021-10-07 07:28:48,33300.0,1000.0,5857400.0
237,2021-10-07 07:28:48,33300.0,100.0,5856400.0
238,2021-10-07 07:28:48,33300.0,1100.0,5856300.0
239,2021-10-07 07:28:48,33300.0,500.0,5855200.0
240,2021-10-07 07:28:48,33300.0,5000.0,5854700.0
241,2021-10-07 07:28:48,33300.0,1000.0,5849700.0
242,2021-10-07 07:28:48,33300.0,100.0,5848700.0
243,2021-10-07 07:28:48,33300.0,600.0,5848600.0
244,2021-10-07 07:28:48,33300.0,500.0,5848000.0
245,2021-10-07 07:28:48,33300.0,1000.0,5847500.0
246,2021-10-07 07:28:48,33300.0,1000.0,5846500.0
247,2021-10-07 07:28:48,33300.0,100.0,5845500.0
248,2021-10-07 07:28:48,33300.0,100.0,5845400.0
249,2021-10-07 07:28:48,33300.0,1000.0,5845300.0
250,2021-10-07 07:28:48,33300.0,100.0,5844300.0
251,2021-10-07 07:28:48,33300.0,500.0,5844200.0
252,2021-10-07 07:28:48,33300.0,100.0,5843700.0
253,2021-10-07 07:28:48,33300.0,1000.0,5843600.0
254,2021-10-07 07:28:48,33300.0,100.0,5842600.0
255,2021-10-07 07:28:48,33300.0,100.0,5842500.0
256,2021-10-07 07:28:48,33300.0,100.0,5842400.0
257,2021-10-07 07:28:48,33300.0,300.0,5842300.0
258,2021-10-07 07:28:48,33300.0,300.0,5842000.0
259,2021-10-07 07:28:48,33300.0,1000.0,5841700.0
260,2021-10-07 07:28:48,33300.0,500.0,5840700.0
261,2021-10-07 07:28:48,33300.0,300.0,5840200.0
262,2021-10-07 07:28:48,33300.0,2000.0,5839900.0
263,2021-10-07 07:28:48,33300.0,200.0,5837900.0
264,2021-10-07 07:28:48,33300.0,400.0,5837700.0
265,2021-10-07 07:28:48,33300.0,1000.0,5837300.0
266,2021-10-07 07:28:48,33300.0,100.0,5836300.0
267,2021-10-07 07:28:48,33300.0,100.0,5836200.0
268,2021-10-07 07:28:48,33300.0,100.0,5836100.0
269,2021-10-07 07:28:48,33300.0,700.0,5836000.0
270,2021-10-07 07:28:48,33300.0,3000.0,5835300.0
271,2021-10-07 07:28:48,33300.0,6000.0,5832300.0
272,2021-10-07 07:28:48,33300.0,300.0,5826300.0
273,2021-10-07 07:28:48,33300.0,300.0,5826000.0
274,2021-10-07 07:28:48,33300.0,1500.0,5825700.0
275,2021-10-07 07:28:48,33300.0,2000.0,5824200.0
276,2021-10-07 07:28:48,33300.0,100.0,5822200.0
277,2021-10-07 07:28:48,33300.0,1000.0,5822100.0
278,2021-10-07 07:28:48,33300.0,300.0,5821100.0
279,2021-10-07 07:28:48,33300.0,500.0,5820800.0
280,2021-10-07 07:28:48,33300.0,5000.0,5820300.0
281,2021-10-07 07:28:48,33300.0,100.0,5815300.0
282,2021-10-07 07:28:48,33300.0,4500.0,5815200.0
283,2021-10-07 07:28:48,33300.0,1100.0,5810700.0
284,2021-10-07 07:28:39,33300.0,900.0,5809600.0
285,2021-10-07 07:28:39,33300.0,100.0,5808700.0
286,2021-10-07 07:28:38,33350.0,200.0,5808600.0
287,2021-10-07 07:28:35,33350.0,400.0,5808400.0
288,2021-10-07 07:28:35,33350.0,1500.0,5808000.0
289,2021-10-07 07:28:35,33300.0,1000.0,5806500.0
290,2021-10-07 07:28:31,33350.0,500.0,5805500.0
291,2021-10-07 07:28:31,33350.0,200.0,5805000.0
292,2021-10-07 07:28:28,33300.0,1900.0,5804800.0
293,2021-10-07 07:28:28,33300.0,100.0,5802900.0
294,2021-10-07 07:28:28,33350.0,100.0,5802800.0
295,2021-10-07 07:28:21,33350.0,500.0,5802700.0
296,2021-10-07 07:28:18,33350.0,100.0,5802200.0
297,2021-10-07 07:28:13,33350.0,100.0,5802100.0
298,2021-10-07 07:28:08,33350.0,100.0,5802000.0
299,2021-10-07 07:28:07,33350.0,30000.0,5801900.0
300,2021-10-07 07:28:01,33350.0,100.0,5771900.0
301,2021-10-07 07:27:54,33350.0,200.0,5771800.0
302,2021-10-07 07:27:49,33350.0,100.0,5771600.0
303,2021-10-07 07:27:45,33350.0,500.0,5771500.0
304,2021-10-07 07:27:45,33350.0,100.0,5771000.0
305,2021-10-07 07:27:45,33350.0,500.0,5770900.0
306,2021-10-07 07:27:45,33350.0,300.0,5770400.0
307,2021-10-07 07:27:45,33350.0,100.0,5770100.0
308,2021-10-07 07:27:45,33350.0,1100.0,5770000.0
309,2021-10-07 07:27:45,33350.0,500.0,5768900.0
310,2021-10-07 07:27:45,33350.0,100.0,5768400.0
311,2021-10-07 07:27:45,33350.0,1000.0,5768300.0
312,2021-10-07 07:27:45,33350.0,1000.0,5767300.0
313,2021-10-07 07:27:45,33350.0,800.0,5766300.0
314,2021-10-07 07:27:45,33350.0,200.0,5765500.0
315,2021-10-07 07:27:45,33350.0,500.0,5765300.0
316,2021-10-07 07:27:45,33350.0,5200.0,5764800.0
317,2021-10-07 07:27:45,33350.0,500.0,5759600.0
318,2021-10-07 07:27:45,33350.0,20000.0,5759100.0
319,2021-10-07 07:27:45,33350.0,500.0,5739100.0
320,2021-10-07 07:27:45,33350.0,5000.0,5738600.0
321,2021-10-07 07:27:45,33350.0,100.0,5733600.0
322,2021-10-07 07:27:45,33350.0,200.0,5733500.0
323,2021-10-07 07:27:45,33350.0,100.0,5733300.0
324,2021-10-07 07:27:45,33350.0,1300.0,5733200.0
325,2021-10-07 07:27:45,33350.0,200.0,5731900.0
326,2021-10-07 07:27:45,33350.0,200.0,5731700.0
327,2021-10-07 07:27:45,33350.0,100.0,5731500.0
328,2021-10-07 07:27:45,33350.0,500.0,5731400.0
329,2021-10-07 07:27:45,33350.0,1000.0,5730900.0
330,2021-10-07 07:27:45,33350.0,500.0,5729900.0
331,2021-10-07 07:27:45,33350.0,500.0,5729400.0
332,2021-10-07 07:27:45,33350.0,100.0,5728900.0
333,2021-10-07 07:27:45,33350.0,200.0,5728800.0
334,2021-10-07 07:27:45,33350.0,200.0,5728600.0
335,2021-10-07 07:27:45,33350.0,300.0,5728400.0
336,2021-10-07 07:27:45,33350.0,3000.0,5728100.0
337,2021-10-07 07:27:45,33350.0,100.0,5725100.0
338,2021-10-07 07:27:45,33350.0,600.0,5725000.0
339,2021-10-07 07:27:45,33350.0,800.0,5724400.0
340,2021-10-07 07:27:45,33350.0,500.0,5723600.0
341,2021-10-07 07:27:45,33350.0,100.0,5723100.0
342,2021-10-07 07:27:39,33400.0,200.0,5723000.0
343,2021-10-07 07:27:39,33400.0,100.0,5722800.0
344,2021-10-07 07:27:39,33400.0,1100.0,5722700.0
345,2021-10-07 07:27:39,33400.0,800.0,5721600.0
346,2021-10-07 07:27:37,33400.0,200.0,5720800.0
347,2021-10-07 07:27:35,33400.0,300.0,5720600.0
348,2021-10-07 07:27:33,33400.0,300.0,5720300.0
349,2021-10-07 07:27:33,33400.0,100.0,5720000.0
350,2021-10-07 07:27:32,33450.0,500.0,5719900.0
351,2021-10-07 07:27:31,33400.0,400.0,5719400.0
352,2021-10-07 07:27:24,33400.0,200.0,5719000.0
353,2021-10-07 07:27:20,33400.0,200.0,5718800.0
354,2021-10-07 07:27:20,33400.0,3000.0,5718600.0
355,2021-10-07 07:27:20,33400.0,100.0,5715600.0
356,2021-10-07 07:27:20,33400.0,1000.0,5715500.0
357,2021-10-07 07:27:20,33400.0,400.0,5714500.0
358,2021-10-07 07:27:20,33400.0,500.0,5714100.0
359,2021-10-07 07:27:20,33400.0,900.0,5713600.0
360,2021-10-07 07:27:20,33400.0,100.0,5712700.0
361,2021-10-07 07:27:20,33400.0,1000.0,5712600.0
362,2021-10-07 07:27:20,33400.0,200.0,5711600.0
363,2021-10-07 07:27:20,33400.0,100.0,5711400.0
364,2021-10-07 07:27:20,33400.0,300.0,5711300.0
365,2021-10-07 07:27:20,33400.0,100.0,5711000.0
366,2021-10-07 07:27:20,33400.0,500.0,5710900.0
367,2021-10-07 07:27:20,33400.0,1000.0,5710400.0
368,2021-10-07 07:27:20,33400.0,1000.0,5709400.0
369,2021-10-07 07:27:20,33400.0,200.0,5708400.0
370,2021-10-07 07:27:20,33400.0,2000.0,5708200.0
371,2021-10-07 07:27:20,33400.0,500.0,5706200.0
372,2021-10-07 07:27:20,33400.0,1000.0,5705700.0
373,2021-10-07 07:27:20,33400.0,100.0,5704700.0
374,2021-10-07 07:27:20,33400.0,200.0,5704600.0
375,2021-10-07 07:27:20,33400.0,1000.0,5704400.0
376,2021-10-07 07:27:20,33400.0,500.0,5703400.0
377,2021-10-07 07:27:20,33400.0,1500.0,5702900.0
378,2021-10-07 07:27:20,33400.0,1500.0,5701400.0
379,2021-10-07 07:27:20,33400.0,300.0,5699900.0
380,2021-10-07 07:27:20,33400.0,400.0,5699600.0
381,2021-10-07 07:27:20,33400.0,400.0,5699200.0
382,2021-10-07 07:27:12,33400.0,600.0,5698800.0
383,2021-10-07 07:27:12,33400.0,500.0,5698200.0
384,2021-10-07 07:27:12,33400.0,200.0,5697700.0
385,2021-10-07 07:27:12,33400.0,300.0,5697500.0
386,2021-10-07 07:27:12,33400.0,400.0,5697200.0
387,2021-10-07 07:27:09,33450.0,300.0,5696800.0
388,2021-10-07 07:27:09,33450.0,300.0,5696500.0
389,2021-10-07 07:27:09,33450.0,100.0,5696200.0
390,2021-10-07 07:27:09,33450.0,300.0,5696100.0
391,2021-10-07 07:27:07,33400.0,600.0,5695800.0
392,2021-10-07 07:27:06,33450.0,100.0,5695200.0
393,2021-10-07 07:26:59,33400.0,100.0,5695100.0
394,2021-10-07 07:26:58,33400.0,600.0,5695000.0
395,2021-10-07 07:26:58,33400.0,1100.0,5694400.0
396,2021-10-07 07:26:58,33400.0,200.0,5693300.0
397,2021-10-07 07:26:58,33400.0,100.0,5693100.0
398,2021-10-07 07:26:58,33400.0,1600.0,5693000.0
399,2021-10-07 07:26:54,33400.0,1400.0,5691400.0
400,2021-10-07 07:26:54,33400.0,1000.0,5690000.0
401,2021-10-07 07:26:54,33400.0,900.0,5689000.0
402,2021-10-07 07:26:39,33400.0,500.0,5688100.0
403,2021-10-07 07:26:39,33400.0,1000.0,5687600.0
404,2021-10-07 07:26:27,33450.0,100.0,5686600.0
405,2021-10-07 07:26:27,33450.0,4900.0,5686500.0
406,2021-10-07 07:26:27,33400.0,500.0,5681600.0
407,2021-10-07 07:26:27,33400.0,200.0,5681100.0
408,2021-10-07 07:26:27,33400.0,300.0,5680900.0
409,2021-10-07 07:26:12,33400.0,700.0,5680600.0
410,2021-10-07 07:26:12,33400.0,100.0,5679900.0
411,2021-10-07 07:26:12,33400.0,7200.0,5679800.0
412,2021-10-07 07:26:12,33400.0,500.0,5672600.0
413,2021-10-07 07:26:12,33450.0,1000.0,5672100.0
414,2021-10-07 07:26:11,33400.0,100.0,5671100.0
415,2021-10-07 07:26:00,33450.0,900.0,5671000.0
416,2021-10-07 07:26:00,33400.0,700.0,5670100.0
417,2021-10-07 07:25:55,33400.0,2500.0,5669400.0
418,2021-10-07 07:25:55,33400.0,500.0,5666900.0
419,2021-10-07 07:25:50,33450.0,100.0,5666400.0
420,2021-10-07 07:25:49,33400.0,5000.0,5666300.0
421,2021-10-07 07:25:47,33400.0,300.0,5661300.0
422,2021-10-07 07:25:39,33400.0,4200.0,5661000.0
423,2021-10-07 07:25:39,33400.0,1000.0,5656800.0
424,2021-10-07 07:25:39,33400.0,5000.0,5655800.0
425,2021-10-07 07:25:39,33400.0,1000.0,5650800.0
426,2021-10-07 07:25:39,33400.0,200.0,5649800.0
427,2021-10-07 07:25:39,33400.0,1000.0,5649600.0
428,2021-10-07 07:25:39,33400.0,10000.0,5648600.0
429,2021-10-07 07:25:39,33400.0,5000.0,5638600.0
430,2021-10-07 07:25:39,33400.0,500.0,5633600.0
431,2021-10-07 07:25:39,33400.0,2000.0,5633100.0
432,2021-10-07 07:25:39,33400.0,100.0,5631100.0
433,2021-10-07 07:25:26,33450.0,400.0,5631000.0
434,2021-10-07 07:25:17,33450.0,1000.0,5630600.0
435,2021-10-07 07:24:54,33450.0,2000.0,5629600.0
436,2021-10-07 07:24:49,33400.0,200.0,5627600.0
437,2021-10-07 07:24:49,33400.0,100.0,5627400.0
438,2021-10-07 07:24:49,33400.0,700.0,5627300.0
439,2021-10-07 07:24:40,33450.0,300.0,5626600.0
440,2021-10-07 07:24:37,33450.0,500.0,5626300.0
441,2021-10-07 07:24:30,33450.0,500.0,5625800.0
442,2021-10-07 07:24:29,33450.0,500.0,5625300.0
443,2021-10-07 07:24:25,33400.0,900.0,5624800.0
444,2021-10-07 07:24:20,33450.0,100.0,5623900.0
445,2021-10-07 07:24:09,33450.0,500.0,5623800.0
446,2021-10-07 07:24:02,33450.0,1000.0,5623300.0
447,2021-10-07 07:23:53,33400.0,1400.0,5622300.0
448,2021-10-07 07:23:53,33400.0,100.0,5620900.0
449,2021-10-07 07:23:53,33400.0,100.0,5620800.0
450,2021-10-07 07:23:53,33400.0,400.0,5620700.0
451,2021-10-07 07:23:45,33400.0,2000.0,5620300.0
452,2021-10-07 07:23:42,33400.0,300.0,5618300.0
453,2021-10-07 07:23:34,33400.0,1100.0,5618000.0
454,2021-10-07 07:23:34,33400.0,200.0,5616900.0
455,2021-10-07 07:23:02,33400.0,400.0,5616700.0
456,2021-10-07 07:23:02,33400.0,100.0,5616300.0
457,2021-10-07 07:23:02,33400.0,100.0,5616200.0
458,2021-10-07 07:22:49,33450.0,100.0,5616100.0
459,2021-10-07 07:22:43,33400.0,100.0,5616000.0
460,2021-10-07 07:22:41,33400.0,100.0,5615900.0
461,2021-10-07 07:22:41,33400.0,200.0,5615800.0
462,2021-10-07 07:22:41,33400.0,100.0,5615600.0
463,2021-10-07 07:22:38,33450.0,100.0,5615500.0
464,2021-10-07 07:22:19,33400.0,100.0,5615400.0
465,2021-10-07 07:22:05,33400.0,100.0,5615300.0
466,2021-10-07 07:21:43,33400.0,200.0,5615200.0
467,2021-10-07 07:21:36,33450.0,1000.0,5615000.0
468,2021-10-07 07:21:28,33400.0,1000.0,5614000.0
469,2021-10-07 07:21:24,33400.0,3500.0,5613000.0
470,2021-10-07 07:21:24,33400.0,200.0,5609500.0
471,2021-10-07 07:21:24,33400.0,500.0,5609300.0
472,2021-10-07 07:21:24,33400.0,100.0,5608800.0
473,2021-10-07 07:21:24,33400.0,500.0,5608700.0
474,2021-10-07 07:21:24,33400.0,1300.0,5608200.0
475,2021-10-07 07:21:24,33400.0,100.0,5606900.0
476,2021-10-07 07:21:24,33400.0,1800.0,5606800.0
477,2021-10-07 07:21:24,33400.0,300.0,5605000.0
478,2021-10-07 07:21:24,33400.0,500.0,5604700.0
479,2021-10-07 07:21:24,33400.0,100.0,5604200.0
480,2021-10-07 07:21:24,33400.0,1000.0,5604100.0
481,2021-10-07 07:21:24,33400.0,4400.0,5603100.0
482,2021-10-07 07:21:22,33450.0,1500.0,5598700.0
483,2021-10-07 07:21:20,33450.0,100.0,5597200.0
484,2021-10-07 07:20:34,33450.0,100.0,5597100.0
485,2021-10-07 07:20:26,33450.0,100.0,5597000.0
486,2021-10-07 07:20:00,33400.0,100.0,5596900.0
487,2021-10-07 07:19:57,33450.0,100.0,5596800.0
488,2021-10-07 07:19:51,33400.0,1000.0,5596700.0
489,2021-10-07 07:19:44,33400.0,4500.0,5595700.0
490,2021-10-07 07:19:44,33400.0,100.0,5591200.0
491,2021-10-07 07:19:44,33400.0,5400.0,5591100.0
492,2021-10-07 07:19:38,33450.0,500.0,5585700.0
493,2021-10-07 07:19:27,33450.0,500.0,5585200.0
494,2021-10-07 07:19:17,33450.0,1000.0,5584700.0
495,2021-10-07 07:19:09,33450.0,1000.0,5583700.0
496,2021-10-07 07:19:08,33450.0,200.0,5582700.0
497,2021-10-07 07:18:50,33450.0,300.0,5582500.0
498,2021-10-07 07:18:46,33450.0,500.0,5582200.0
499,2021-10-07 07:18:44,33450.0,1000.0,5581700.0
500,2021-10-07 07:18:43,33450.0,200.0,5580700.0
501,2021-10-07 07:18:33,33450.0,200.0,5580500.0
502,2021-10-07 07:18:30,33450.0,1000.0,5580300.0
503,2021-10-07 07:18:20,33450.0,500.0,5579300.0
504,2021-10-07 07:18:11,33450.0,100.0,5578800.0
505,2021-10-07 07:18:06,33450.0,1000.0,5578700.0
506,2021-10-07 07:18:04,33450.0,400.0,5577700.0
507,2021-10-07 07:18:02,33450.0,300.0,5577300.0
508,2021-10-07 07:17:59,33450.0,100.0,5577000.0
509,2021-10-07 07:17:47,33450.0,2000.0,5576900.0
510,2021-10-07 07:17:46,33450.0,3000.0,5574900.0
511,2021-10-07 07:17:36,33450.0,10000.0,5571900.0
512,2021-10-07 07:17:33,33450.0,1000.0,5561900.0
513,2021-10-07 07:17:32,33400.0,800.0,5560900.0
514,2021-10-07 07:17:06,33400.0,1000.0,5560100.0
515,2021-10-07 07:17:04,33450.0,500.0,5559100.0
516,2021-10-07 07:17:02,33450.0,7100.0,5558600.0
517,2021-10-07 07:16:42,33450.0,800.0,5551500.0
518,2021-10-07 07:16:42,33450.0,300.0,5550700.0
519,2021-10-07 07:16:42,33450.0,300.0,5550400.0
520,2021-10-07 07:16:42,33450.0,200.0,5550100.0
521,2021-10-07 07:16:36,33400.0,1000.0,5549900.0
522,2021-10-07 07:16:35,33450.0,100.0,5548900.0
523,2021-10-07 07:16:17,33400.0,500.0,5548800.0
524,2021-10-07 07:16:02,33400.0,100.0,5548300.0
525,2021-10-07 07:15:59,33450.0,200.0,5548200.0
526,2021-10-07 07:15:59,33450.0,1000.0,5548000.0
527,2021-10-07 07:15:53,33450.0,1500.0,5547000.0
528,2021-10-07 07:15:53,33450.0,1000.0,5545500.0
529,2021-10-07 07:15:53,33450.0,100.0,5544500.0
530,2021-10-07 07:15:53,33450.0,1000.0,5544400.0
531,2021-10-07 07:15:53,33450.0,300.0,5543400.0
532,2021-10-07 07:15:53,33450.0,100.0,5543100.0
533,2021-10-07 07:15:53,33450.0,100.0,5543000.0
534,2021-10-07 07:15:53,33450.0,1500.0,5542900.0
535,2021-10-07 07:15:53,33450.0,200.0,5541400.0
536,2021-10-07 07:15:53,33450.0,100.0,5541200.0
537,2021-10-07 07:15:48,33450.0,1000.0,5541100.0
538,2021-10-07 07:15:48,33450.0,1700.0,5540100.0
539,2021-10-07 07:15:48,33450.0,500.0,5538400.0
540,2021-10-07 07:15:48,33450.0,200.0,5537900.0
541,2021-10-07 07:15:48,33450.0,2000.0,5537700.0
542,2021-10-07 07:15:48,33450.0,600.0,5535700.0
543,2021-10-07 07:15:35,33450.0,200.0,5535100.0
544,2021-10-07 07:15:26,33450.0,100.0,5534900.0
545,2021-10-07 07:15:23,33450.0,3000.0,5534800.0
546,2021-10-07 07:15:12,33450.0,200.0,5531800.0
547,2021-10-07 07:14:53,33400.0,1000.0,5531600.0
548,2021-10-07 07:14:50,33450.0,100.0,5530600.0
549,2021-10-07 07:14:47,33450.0,800.0,5530500.0
550,2021-10-07 07:14:47,33450.0,200.0,5529700.0
551,2021-10-07 07:14:29,33450.0,1000.0,5529500.0
552,2021-10-07 07:14:28,33450.0,800.0,5528500.0
553,2021-10-07 07:14:28,33450.0,100.0,5527700.0
554,2021-10-07 07:14:28,33450.0,1200.0,5527600.0
555,2021-10-07 07:14:01,33450.0,800.0,5526400.0
556,2021-10-07 07:14:01,33450.0,1000.0,5525600.0
557,2021-10-07 07:14:01,33450.0,100.0,5524600.0
558,2021-10-07 07:14:01,33450.0,100.0,5524500.0
559,2021-10-07 07:13:48,33450.0,900.0,5524400.0
560,2021-10-07 07:13:48,33450.0,400.0,5523500.0
561,2021-10-07 07:13:48,33450.0,5000.0,5523100.0
562,2021-10-07 07:13:48,33450.0,200.0,5518100.0
563,2021-10-07 07:13:48,33450.0,200.0,5517900.0
564,2021-10-07 07:13:48,33450.0,500.0,5517700.0
565,2021-10-07 07:13:48,33450.0,10000.0,5517200.0
566,2021-10-07 07:13:48,33450.0,500.0,5507200.0
567,2021-10-07 07:13:48,33450.0,200.0,5506700.0
568,2021-10-07 07:13:48,33450.0,100.0,5506500.0
569,2021-10-07 07:13:48,33450.0,100.0,5506400.0
570,2021-10-07 07:13:48,33450.0,100.0,5506300.0
571,2021-10-07 07:13:48,33450.0,100.0,5506200.0
572,2021-10-07 07:13:48,33450.0,1000.0,5506100.0
573,2021-10-07 07:13:48,33450.0,100.0,5505100.0
574,2021-10-07 07:13:48,33450.0,100.0,5505000.0
575,2021-10-07 07:13:48,33450.0,100.0,5504900.0
576,2021-10-07 07:13:48,33450.0,5400.0,5504800.0
577,2021-10-07 07:13:17,33450.0,1000.0,5499400.0
578,2021-10-07 07:13:03,33450.0,1400.0,5498400.0
579,2021-10-07 07:12:50,33400.0,200.0,5497000.0
580,2021-10-07 07:12:50,33400.0,800.0,5496800.0
581,2021-10-07 07:12:39,33400.0,1200.0,5496000.0
582,2021-10-07 07:12:39,33400.0,100.0,5494800.0
583,2021-10-07 07:12:39,33400.0,100.0,5494700.0
584,2021-10-07 07:12:39,33400.0,300.0,5494600.0
585,2021-10-07 07:12:39,33400.0,300.0,5494300.0
586,2021-10-07 07:12:32,33400.0,100.0,5494000.0
587,2021-10-07 07:12:31,33400.0,600.0,5493900.0
588,2021-10-07 07:12:31,33400.0,500.0,5493300.0
589,2021-10-07 07:12:31,33400.0,2000.0,5492800.0
590,2021-10-07 07:12:31,33400.0,1000.0,5490800.0
591,2021-10-07 07:12:31,33400.0,100.0,5489800.0
592,2021-10-07 07:12:31,33400.0,200.0,5489700.0
593,2021-10-07 07:12:31,33400.0,200.0,5489500.0
594,2021-10-07 07:12:31,33400.0,1000.0,5489300.0
595,2021-10-07 07:12:31,33400.0,100.0,5488300.0
596,2021-10-07 07:12:31,33400.0,400.0,5488200.0
597,2021-10-07 07:12:31,33400.0,100.0,5487800.0
598,2021-10-07 07:12:31,33400.0,3000.0,5487700.0
599,2021-10-07 07:12:31,33400.0,500.0,5484700.0
600,2021-10-07 07:12:31,33400.0,2000.0,5484200.0
601,2021-10-07 07:12:31,33400.0,2000.0,5482200.0
602,2021-10-07 07:12:15,33400.0,500.0,5480200.0
603,2021-10-07 07:12:15,33400.0,1000.0,5479700.0
604,2021-10-07 07:12:15,33400.0,100.0,5478700.0
605,2021-10-07 07:12:15,33400.0,200.0,5478600.0
606,2021-10-07 07:12:15,33400.0,200.0,5478400.0
607,2021-10-07 07:12:15,33450.0,42200.0,5478200.0
608,2021-10-07 07:12:15,33450.0,1000.0,5436000.0
609,2021-10-07 07:12:15,33450.0,800.0,5435000.0
610,2021-10-07 07:12:15,33450.0,300.0,5434200.0
611,2021-10-07 07:12:15,33450.0,400.0,5433900.0
612,2021-10-07 07:12:15,33450.0,500.0,5433500.0
613,2021-10-07 07:12:15,33450.0,100.0,5433000.0
614,2021-10-07 07:12:15,33450.0,1000.0,5432900.0
615,2021-10-07 07:12:15,33450.0,500.0,5431900.0
616,2021-10-07 07:12:15,33450.0,300.0,5431400.0
617,2021-10-07 07:12:15,33450.0,1000.0,5431100.0
618,2021-10-07 07:12:15,33450.0,100.0,5430100.0
619,2021-10-07 07:12:15,33450.0,1800.0,5430000.0
620,2021-10-07 07:12:05,33400.0,200.0,5428200.0
621,2021-10-07 07:11:58,33400.0,800.0,5428000.0
622,2021-10-07 07:11:52,33400.0,3000.0,5427200.0
623,2021-10-07 07:11:48,33400.0,600.0,5424200.0
624,2021-10-07 07:11:43,33450.0,8100.0,5423600.0
625,2021-10-07 07:11:38,33400.0,200.0,5415500.0
626,2021-10-07 07:11:38,33400.0,2000.0,5415300.0
627,2021-10-07 07:11:38,33400.0,500.0,5413300.0
628,2021-10-07 07:11:38,33400.0,500.0,5412800.0
629,2021-10-07 07:11:38,33400.0,200.0,5412300.0
630,2021-10-07 07:11:38,33400.0,100.0,5412100.0
631,2021-10-07 07:11:38,33400.0,1500.0,5412000.0
632,2021-10-07 07:11:32,33400.0,300.0,5410500.0
633,2021-10-07 07:11:32,33400.0,600.0,5410200.0
634,2021-10-07 07:11:30,33450.0,400.0,5409600.0
635,2021-10-07 07:11:22,33400.0,600.0,5409200.0
636,2021-10-07 07:11:22,33400.0,1100.0,5408600.0
637,2021-10-07 07:11:18,33400.0,200.0,5407500.0
638,2021-10-07 07:11:10,33400.0,500.0,5407300.0
639,2021-10-07 07:11:09,33400.0,200.0,5406800.0
640,2021-10-07 07:11:09,33400.0,100.0,5406600.0
641,2021-10-07 07:11:02,33400.0,1000.0,5406500.0
642,2021-10-07 07:10:55,33400.0,500.0,5405500.0
643,2021-10-07 07:10:46,33450.0,500.0,5405000.0
644,2021-10-07 07:10:41,33400.0,500.0,5404500.0
645,2021-10-07 07:10:41,33400.0,400.0,5404000.0
646,2021-10-07 07:10:41,33400.0,200.0,5403600.0
647,2021-10-07 07:10:41,33400.0,900.0,5403400.0
648,2021-10-07 07:10:38,33400.0,300.0,5402500.0
649,2021-10-07 07:10:27,33400.0,100.0,5402200.0
650,2021-10-07 07:10:26,33400.0,100.0,5402100.0
651,2021-10-07 07:10:24,33400.0,100.0,5402000.0
652,2021-10-07 07:10:17,33400.0,500.0,5401900.0
653,2021-10-07 07:10:17,33400.0,1000.0,5401400.0
654,2021-10-07 07:10:17,33400.0,100.0,5400400.0
655,2021-10-07 07:10:17,33400.0,900.0,5400300.0
656,2021-10-07 07:10:06,33400.0,100.0,5399400.0
657,2021-10-07 07:10:02,33450.0,100.0,5399300.0
658,2021-10-07 07:09:46,33400.0,100.0,5399200.0
659,2021-10-07 07:09:46,33400.0,400.0,5399100.0
660,2021-10-07 07:09:46,33400.0,100.0,5398700.0
661,2021-10-07 07:09:46,33400.0,700.0,5398600.0
662,2021-10-07 07:09:46,33400.0,600.0,5397900.0
663,2021-10-07 07:09:35,33400.0,200.0,5397300.0
664,2021-10-07 07:09:24,33400.0,200.0,5397100.0
665,2021-10-07 07:09:24,33400.0,100.0,5396900.0
666,2021-10-07 07:09:24,33400.0,100.0,5396800.0
667,2021-10-07 07:09:24,33400.0,1600.0,5396700.0
668,2021-10-07 07:09:15,33400.0,400.0,5395100.0
669,2021-10-07 07:09:15,33400.0,100.0,5394700.0
670,2021-10-07 07:09:15,33400.0,500.0,5394600.0
671,2021-10-07 07:09:15,33400.0,1000.0,5394100.0
672,2021-10-07 07:09:15,33400.0,100.0,5393100.0
673,2021-10-07 07:09:15,33400.0,100.0,5393000.0
674,2021-10-07 07:09:15,33400.0,500.0,5392900.0
675,2021-10-07 07:09:15,33400.0,1000.0,5392400.0
676,2021-10-07 07:09:15,33400.0,500.0,5391400.0
677,2021-10-07 07:09:15,33400.0,500.0,5390900.0
678,2021-10-07 07:09:15,33400.0,1000.0,5390400.0
679,2021-10-07 07:09:15,33400.0,1000.0,5389400.0
680,2021-10-07 07:09:15,33400.0,500.0,5388400.0
681,2021-10-07 07:09:15,33400.0,800.0,5387900.0
682,2021-10-07 07:09:09,33400.0,100.0,5387100.0
683,2021-10-07 07:09:08,33400.0,200.0,5387000.0
684,2021-10-07 07:08:55,33450.0,400.0,5386800.0
685,2021-10-07 07:08:43,33400.0,100.0,5386400.0
686,2021-10-07 07:08:40,33400.0,300.0,5386300.0
687,2021-10-07 07:08:40,33400.0,1000.0,5386000.0
688,2021-10-07 07:08:40,33400.0,2000.0,5385000.0
689,2021-10-07 07:08:40,33400.0,700.0,5383000.0
690,2021-10-07 07:08:31,33450.0,3000.0,5382300.0
691,2021-10-07 07:08:31,33400.0,200.0,5379300.0
692,2021-10-07 07:08:30,33400.0,200.0,5379100.0
693,2021-10-07 07:08:28,33400.0,1100.0,5378900.0
694,2021-10-07 07:08:28,33400.0,100.0,5377800.0
695,2021-10-07 07:08:28,33400.0,1000.0,5377700.0
696,2021-10-07 07:08:28,33400.0,500.0,5376700.0
697,2021-10-07 07:08:28,33400.0,1000.0,5376200.0
698,2021-10-07 07:08:28,33400.0,1900.0,5375200.0
699,2021-10-07 07:08:02,33450.0,1000.0,5373300.0
700,2021-10-07 07:07:23,33450.0,200.0,5372300.0
701,2021-10-07 07:06:57,33400.0,500.0,5372100.0
702,2021-10-07 07:06:52,33450.0,300.0,5371600.0
703,2021-10-07 07:06:39,33450.0,100.0,5371300.0
704,2021-10-07 07:06:27,33450.0,200.0,5371200.0
705,2021-10-07 07:06:09,33450.0,100.0,5371000.0
706,2021-10-07 07:06:02,33450.0,3800.0,5370900.0
707,2021-10-07 07:06:02,33450.0,200.0,5367100.0
708,2021-10-07 07:06:01,33400.0,100.0,5366900.0
709,2021-10-07 07:05:53,33450.0,500.0,5366800.0
710,2021-10-07 07:05:29,33400.0,500.0,5366300.0
711,2021-10-07 07:05:27,33450.0,100.0,5365800.0
712,2021-10-07 07:05:19,33450.0,400.0,5365700.0
713,2021-10-07 07:05:19,33450.0,100.0,5365300.0
714,2021-10-07 07:05:11,33400.0,1000.0,5365200.0
715,2021-10-07 07:05:11,33400.0,100.0,5364200.0
716,2021-10-07 07:05:11,33400.0,500.0,5364100.0
717,2021-10-07 07:05:11,33400.0,200.0,5363600.0
718,2021-10-07 07:05:11,33400.0,200.0,5363400.0
719,2021-10-07 07:05:10,33400.0,200.0,5363200.0
720,2021-10-07 07:05:10,33400.0,400.0,5363000.0
721,2021-10-07 07:05:10,33400.0,1000.0,5362600.0
722,2021-10-07 07:05:10,33400.0,1000.0,5361600.0
723,2021-10-07 07:05:10,33400.0,200.0,5360600.0
724,2021-10-07 07:05:10,33400.0,400.0,5360400.0
725,2021-10-07 07:05:10,33400.0,200.0,5360000.0
726,2021-10-07 07:05:10,33400.0,100.0,5359800.0
727,2021-10-07 07:05:10,33400.0,1000.0,5359700.0
728,2021-10-07 07:05:10,33400.0,500.0,5358700.0
729,2021-10-07 07:05:10,33400.0,100.0,5358200.0
730,2021-10-07 07:05:10,33400.0,15000.0,5358100.0
731,2021-10-07 07:05:08,33400.0,1100.0,5343100.0
732,2021-10-07 07:05:06,33400.0,800.0,5342000.0
733,2021-10-07 07:05:06,33400.0,100.0,5341200.0
734,2021-10-07 07:05:04,33400.0,1000.0,5341100.0
735,2021-10-07 07:05:01,33400.0,400.0,5340100.0
736,2021-10-07 07:04:58,33400.0,1000.0,5339700.0
737,2021-10-07 07:04:57,33350.0,400.0,5338700.0
738,2021-10-07 07:04:53,33400.0,4000.0,5338300.0
739,2021-10-07 07:04:50,33400.0,100.0,5334300.0
740,2021-10-07 07:04:44,33400.0,2000.0,5334200.0
741,2021-10-07 07:04:38,33400.0,3100.0,5332200.0
742,2021-10-07 07:04:37,33400.0,1400.0,5329100.0
743,2021-10-07 07:04:37,33400.0,100.0,5327700.0
744,2021-10-07 07:04:37,33400.0,100.0,5327600.0
745,2021-10-07 07:04:37,33400.0,200.0,5327500.0
746,2021-10-07 07:04:37,33400.0,1000.0,5327300.0
747,2021-10-07 07:04:37,33400.0,200.0,5326300.0
748,2021-10-07 07:04:29,33400.0,300.0,5326100.0
749,2021-10-07 07:04:27,33400.0,3300.0,5325800.0
750,2021-10-07 07:04:27,33400.0,200.0,5322500.0
751,2021-10-07 07:04:27,33400.0,100.0,5322300.0
752,2021-10-07 07:04:27,33400.0,400.0,5322200.0
753,2021-10-07 07:04:10,33400.0,200.0,5321800.0
754,2021-10-07 07:04:07,33400.0,200.0,5321600.0
755,2021-10-07 07:03:53,33400.0,1000.0,5321400.0
756,2021-10-07 07:03:52,33350.0,100.0,5320400.0
757,2021-10-07 07:03:50,33400.0,800.0,5320300.0
758,2021-10-07 07:03:50,33400.0,200.0,5319500.0
759,2021-10-07 07:03:43,33400.0,300.0,5319300.0
760,2021-10-07 07:03:41,33350.0,500.0,5319000.0
761,2021-10-07 07:03:40,33400.0,700.0,5318500.0
762,2021-10-07 07:03:40,33400.0,2000.0,5317800.0
763,2021-10-07 07:03:40,33400.0,500.0,5315800.0
764,2021-10-07 07:03:40,33400.0,100.0,5315300.0
765,2021-10-07 07:03:40,33400.0,1700.0,5315200.0
766,2021-10-07 07:03:38,33350.0,400.0,5313500.0
767,2021-10-07 07:03:37,33350.0,21000.0,5313100.0
768,2021-10-07 07:03:17,33400.0,300.0,5292100.0
769,2021-10-07 07:03:17,33400.0,800.0,5291800.0
770,2021-10-07 07:03:13,33350.0,200.0,5291000.0
771,2021-10-07 07:03:10,33400.0,100.0,5290800.0
772,2021-10-07 07:03:06,33350.0,5200.0,5290700.0
773,2021-10-07 07:03:06,33350.0,4100.0,5285500.0
774,2021-10-07 07:03:06,33350.0,1000.0,5281400.0
775,2021-10-07 07:03:06,33350.0,1000.0,5280400.0
776,2021-10-07 07:03:06,33350.0,10000.0,5279400.0
777,2021-10-07 07:03:06,33350.0,100.0,5269400.0
778,2021-10-07 07:03:06,33350.0,100.0,5269300.0
779,2021-10-07 07:03:06,33350.0,3700.0,5269200.0
780,2021-10-07 07:03:05,33400.0,600.0,5265500.0
781,2021-10-07 07:03:05,33400.0,400.0,5264900.0
782,2021-10-07 07:02:52,33350.0,100.0,5264500.0
783,2021-10-07 07:02:52,33350.0,3000.0,5264400.0
784,2021-10-07 07:02:51,33350.0,500.0,5261400.0
785,2021-10-07 07:02:51,33350.0,100.0,5260900.0
786,2021-10-07 07:02:49,33400.0,600.0,5260800.0
787,2021-10-07 07:02:49,33400.0,200.0,5260200.0
788,2021-10-07 07:02:49,33400.0,100.0,5260000.0
789,2021-10-07 07:02:49,33400.0,100.0,5259900.0
790,2021-10-07 07:02:46,33350.0,400.0,5259800.0
791,2021-10-07 07:02:46,33400.0,1000.0,5259400.0
792,2021-10-07 07:02:45,33350.0,2200.0,5258400.0
793,2021-10-07 07:02:45,33350.0,500.0,5256200.0
794,2021-10-07 07:02:45,33350.0,4000.0,5255700.0
795,2021-10-07 07:02:45,33350.0,300.0,5251700.0
796,2021-10-07 07:02:45,33350.0,100.0,5251400.0
797,2021-10-07 07:02:45,33350.0,2000.0,5251300.0
798,2021-10-07 07:02:45,33350.0,300.0,5249300.0
799,2021-10-07 07:02:45,33350.0,600.0,5249000.0
800,2021-10-07 07:02:43,33350.0,300.0,5248400.0
801,2021-10-07 07:02:38,33350.0,200.0,5248100.0
802,2021-10-07 07:02:34,33350.0,900.0,5247900.0
803,2021-10-07 07:02:28,33350.0,3000.0,5247000.0
804,2021-10-07 07:02:28,33350.0,2000.0,5244000.0
805,2021-10-07 07:02:16,33350.0,5000.0,5242000.0
806,2021-10-07 07:02:16,33350.0,3000.0,5237000.0
807,2021-10-07 07:02:16,33350.0,500.0,5234000.0
808,2021-10-07 07:02:11,33350.0,400.0,5233500.0
809,2021-10-07 07:02:10,33350.0,500.0,5233100.0
810,2021-10-07 07:02:10,33350.0,100.0,5232600.0
811,2021-10-07 07:02:10,33350.0,1400.0,5232500.0
812,2021-10-07 07:02:10,33350.0,100.0,5231100.0
813,2021-10-07 07:02:08,33350.0,2900.0,5231000.0
814,2021-10-07 07:02:08,33350.0,1000.0,5228100.0
815,2021-10-07 07:02:08,33350.0,500.0,5227100.0
816,2021-10-07 07:02:08,33350.0,500.0,5226600.0
817,2021-10-07 07:02:08,33350.0,200.0,5226100.0
818,2021-10-07 07:02:08,33350.0,4900.0,5225900.0
819,2021-10-07 07:02:02,33350.0,100.0,5221000.0
820,2021-10-07 07:02:01,33300.0,400.0,5220900.0
821,2021-10-07 07:02:01,33350.0,300.0,5220500.0
822,2021-10-07 07:02:01,33350.0,300.0,5220200.0
823,2021-10-07 07:02:01,33350.0,2400.0,5219900.0
824,2021-10-07 07:01:56,33350.0,1000.0,5217500.0
825,2021-10-07 07:01:56,33350.0,900.0,5216500.0
826,2021-10-07 07:01:51,33350.0,2000.0,5215600.0
827,2021-10-07 07:01:47,33350.0,1000.0,5213600.0
828,2021-10-07 07:01:45,33350.0,500.0,5212600.0
829,2021-10-07 07:01:36,33350.0,400.0,5212100.0
830,2021-10-07 07:01:25,33350.0,800.0,5211700.0
831,2021-10-07 07:01:14,33350.0,200.0,5210900.0
832,2021-10-07 07:00:41,33350.0,100.0,5210700.0
833,2021-10-07 07:00:38,33350.0,2000.0,5210600.0
834,2021-10-07 07:00:37,33350.0,100.0,5208600.0
835,2021-10-07 07:00:33,33350.0,500.0,5208500.0
836,2021-10-07 07:00:33,33350.0,5000.0,5208000.0
837,2021-10-07 07:00:33,33350.0,100.0,5203000.0
838,2021-10-07 07:00:33,33350.0,500.0,5202900.0
839,2021-10-07 07:00:33,33350.0,1000.0,5202400.0
840,2021-10-07 07:00:33,33350.0,1000.0,5201400.0
841,2021-10-07 07:00:31,33350.0,1000.0,5200400.0
842,2021-10-07 07:00:29,33350.0,2000.0,5199400.0
843,2021-10-07 07:00:29,33350.0,1000.0,5197400.0
844,2021-10-07 07:00:29,33350.0,100.0,5196400.0
845,2021-10-07 07:00:29,33350.0,100.0,5196300.0
846,2021-10-07 07:00:29,33350.0,600.0,5196200.0
847,2021-10-07 07:00:29,33350.0,500.0,5195600.0
848,2021-10-07 07:00:29,33350.0,1000.0,5195100.0
849,2021-10-07 07:00:29,33350.0,100.0,5194100.0
850,2021-10-07 07:00:29,33350.0,1000.0,5194000.0
851,2021-10-07 07:00:29,33350.0,300.0,5193000.0
852,2021-10-07 07:00:29,33350.0,100.0,5192700.0
853,2021-10-07 07:00:29,33350.0,200.0,5192600.0
854,2021-10-07 07:00:25,33350.0,2000.0,5192400.0
855,2021-10-07 07:00:23,33400.0,100.0,5190400.0
856,2021-10-07 07:00:22,33350.0,2800.0,5190300.0
857,2021-10-07 07:00:22,33350.0,600.0,5187500.0
858,2021-10-07 07:00:16,33350.0,100.0,5186900.0
859,2021-10-07 07:00:14,33350.0,300.0,5186800.0
860,2021-10-07 07:00:14,33350.0,100.0,5186500.0
861,2021-10-07 07:00:14,33350.0,100.0,5186400.0
862,2021-10-07 07:00:13,33350.0,100.0,5186300.0
863,2021-10-07 07:00:12,33350.0,300.0,5186200.0
864,2021-10-07 07:00:12,33350.0,200.0,5185900.0
865,2021-10-07 07:00:10,33350.0,200.0,5185700.0
866,2021-10-07 07:00:08,33350.0,1300.0,5185500.0
867,2021-10-07 06:59:53,33350.0,300.0,5184200.0
868,2021-10-07 06:59:45,33350.0,500.0,5183900.0
869,2021-10-07 06:59:41,33350.0,100.0,5183400.0
870,2021-10-07 06:59:39,33400.0,500.0,5183300.0
871,2021-10-07 06:59:39,33350.0,1500.0,5182800.0
872,2021-10-07 06:59:31,33350.0,900.0,5181300.0
873,2021-10-07 06:59:31,33350.0,100.0,5180400.0
874,2021-10-07 06:59:23,33400.0,1400.0,5180300.0
875,2021-10-07 06:59:11,33400.0,200.0,5178900.0
876,2021-10-07 06:59:07,33350.0,1000.0,5178700.0
877,2021-10-07 06:58:56,33400.0,1000.0,5177700.0
878,2021-10-07 06:58:53,33350.0,600.0,5176700.0
879,2021-10-07 06:58:45,33400.0,300.0,5176100.0
880,2021-10-07 06:58:35,33350.0,200.0,5175800.0
881,2021-10-07 06:58:27,33400.0,100.0,5175600.0
882,2021-10-07 06:58:23,33400.0,300.0,5175500.0
883,2021-10-07 06:58:20,33400.0,500.0,5175200.0
884,2021-10-07 06:58:17,33350.0,100.0,5174700.0
885,2021-10-07 06:58:08,33400.0,900.0,5174600.0
886,2021-10-07 06:57:54,33400.0,100.0,5173700.0
887,2021-10-07 06:57:46,33400.0,100.0,5173600.0
888,2021-10-07 06:57:43,33400.0,200.0,5173500.0
889,2021-10-07 06:57:43,33400.0,300.0,5173300.0
890,2021-10-07 06:57:43,33400.0,2000.0,5173000.0
891,2021-10-07 06:57:43,33400.0,5000.0,5171000.0
892,2021-10-07 06:57:43,33400.0,700.0,5166000.0
893,2021-10-07 06:57:43,33400.0,100.0,5165300.0
894,2021-10-07 06:57:43,33400.0,5000.0,5165200.0
895,2021-10-07 06:57:43,33400.0,1000.0,5160200.0
896,2021-10-07 06:57:43,33400.0,500.0,5159200.0
897,2021-10-07 06:57:43,33400.0,600.0,5158700.0
898,2021-10-07 06:57:43,33400.0,200.0,5158100.0
899,2021-10-07 06:57:43,33400.0,100.0,5157900.0
900,2021-10-07 06:57:43,33400.0,200.0,5157800.0
901,2021-10-07 06:57:43,33400.0,100.0,5157600.0
902,2021-10-07 06:57:43,33400.0,10000.0,5157500.0
903,2021-10-07 06:57:43,33400.0,100.0,5147500.0
904,2021-10-07 06:57:43,33400.0,100.0,5147400.0
905,2021-10-07 06:57:43,33400.0,300.0,5147300.0
906,2021-10-07 06:57:43,33400.0,100.0,5147000.0
907,2021-10-07 06:57:43,33400.0,100.0,5146900.0
908,2021-10-07 06:57:43,33400.0,100.0,5146800.0
909,2021-10-07 06:57:43,33400.0,100.0,5146700.0
910,2021-10-07 06:57:43,33400.0,800.0,5146600.0
911,2021-10-07 06:57:43,33400.0,100.0,5145800.0
912,2021-10-07 06:57:43,33400.0,100.0,5145700.0
913,2021-10-07 06:57:43,33400.0,600.0,5145600.0
914,2021-10-07 06:57:43,33400.0,100.0,5145000.0
915,2021-10-07 06:57:43,33400.0,4700.0,5144900.0
916,2021-10-07 06:57:33,33450.0,800.0,5140200.0
917,2021-10-07 06:57:22,33450.0,500.0,5139400.0
918,2021-10-07 06:57:22,33450.0,100.0,5138900.0
919,2021-10-07 06:57:22,33450.0,400.0,5138800.0
920,2021-10-07 06:57:22,33400.0,5300.0,5138400.0
921,2021-10-07 06:57:22,33400.0,100.0,5133100.0
922,2021-10-07 06:57:22,33400.0,200.0,5133000.0
923,2021-10-07 06:57:22,33400.0,100.0,5132800.0
924,2021-10-07 06:57:22,33400.0,500.0,5132700.0
925,2021-10-07 06:57:22,33400.0,100.0,5132200.0
926,2021-10-07 06:57:22,33400.0,1000.0,5132100.0
927,2021-10-07 06:57:22,33400.0,100.0,5131100.0
928,2021-10-07 06:57:20,33450.0,600.0,5131000.0
929,2021-10-07 06:57:20,33450.0,400.0,5130400.0
930,2021-10-07 06:57:19,33450.0,400.0,5130000.0
931,2021-10-07 06:57:16,33450.0,100.0,5129600.0
932,2021-10-07 06:57:12,33450.0,300.0,5129500.0
933,2021-10-07 06:57:12,33450.0,100.0,5129200.0
934,2021-10-07 06:57:12,33450.0,600.0,5129100.0
935,2021-10-07 06:57:11,33450.0,200.0,5128500.0
936,2021-10-07 06:57:06,33450.0,200.0,5128300.0
937,2021-10-07 06:57:06,33450.0,900.0,5128100.0
938,2021-10-07 06:57:06,33450.0,900.0,5127200.0
939,2021-10-07 06:57:04,33400.0,100.0,5126300.0
940,2021-10-07 06:57:04,33400.0,200.0,5126200.0
941,2021-10-07 06:57:04,33400.0,100.0,5126000.0
942,2021-10-07 06:57:04,33400.0,300.0,5125900.0
943,2021-10-07 06:57:04,33400.0,1100.0,5125600.0
944,2021-10-07 06:57:04,33400.0,300.0,5124500.0
945,2021-10-07 06:57:04,33400.0,500.0,5124200.0
946,2021-10-07 06:57:04,33400.0,900.0,5123700.0
947,2021-10-07 06:57:01,33450.0,900.0,5122800.0
948,2021-10-07 06:56:59,33400.0,100.0,5121900.0
949,2021-10-07 06:56:59,33400.0,1900.0,5121800.0
950,2021-10-07 06:56:57,33450.0,500.0,5119900.0
951,2021-10-07 06:56:52,33450.0,1700.0,5119400.0
952,2021-10-07 06:56:52,33450.0,300.0,5117700.0
953,2021-10-07 06:56:52,33450.0,300.0,5117400.0
954,2021-10-07 06:56:52,33450.0,1000.0,5117100.0
955,2021-10-07 06:56:52,33450.0,1000.0,5116100.0
956,2021-10-07 06:56:52,33450.0,700.0,5115100.0
957,2021-10-07 06:56:52,33400.0,100.0,5114400.0
958,2021-10-07 06:56:52,33400.0,100.0,5114300.0
959,2021-10-07 06:56:52,33400.0,100.0,5114200.0
960,2021-10-07 06:56:52,33400.0,300.0,5114100.0
961,2021-10-07 06:56:52,33400.0,400.0,5113800.0
962,2021-10-07 06:56:46,33400.0,500.0,5113400.0
963,2021-10-07 06:56:46,33450.0,300.0,5112900.0
964,2021-10-07 06:56:46,33450.0,700.0,5112600.0
965,2021-10-07 06:56:42,33450.0,1000.0,5111900.0
966,2021-10-07 06:56:30,33400.0,1100.0,5110900.0
967,2021-10-07 06:56:30,33400.0,400.0,5109800.0
968,2021-10-07 06:56:30,33400.0,400.0,5109400.0
969,2021-10-07 06:56:30,33400.0,100.0,5109000.0
970,2021-10-07 06:56:18,33450.0,100.0,5108900.0
971,2021-10-07 06:56:11,33450.0,100.0,5108800.0
972,2021-10-07 06:56:04,33450.0,100.0,5108700.0
973,2021-10-07 06:56:04,33450.0,900.0,5108600.0
974,2021-10-07 06:55:48,33450.0,500.0,5107700.0
975,2021-10-07 06:55:43,33450.0,2000.0,5107200.0
976,2021-10-07 06:55:40,33450.0,1000.0,5105200.0
977,2021-10-07 06:55:35,33450.0,100.0,5104200.0
978,2021-10-07 06:55:33,33450.0,100.0,5104100.0
979,2021-10-07 06:55:25,33450.0,2000.0,5104000.0
980,2021-10-07 06:55:21,33450.0,1000.0,5102000.0
981,2021-10-07 06:55:21,33450.0,1500.0,5101000.0
982,2021-10-07 06:55:21,33450.0,5500.0,5099500.0
983,2021-10-07 06:55:21,33450.0,300.0,5094000.0
984,2021-10-07 06:55:21,33450.0,300.0,5093700.0
985,2021-10-07 06:55:16,33450.0,100.0,5093400.0
986,2021-10-07 06:55:09,33450.0,100.0,5093300.0
987,2021-10-07 06:55:09,33450.0,200.0,5093200.0
988,2021-10-07 06:55:09,33450.0,100.0,5093000.0
989,2021-10-07 06:55:09,33450.0,100.0,5092900.0
990,2021-10-07 06:55:06,33450.0,1000.0,5092800.0
991,2021-10-07 06:55:06,33450.0,100.0,5091800.0
992,2021-10-07 06:55:06,33450.0,400.0,5091700.0
993,2021-10-07 06:55:06,33450.0,1000.0,5091300.0
994,2021-10-07 06:55:06,33450.0,100.0,5090300.0
995,2021-10-07 06:55:06,33450.0,100.0,5090200.0
996,2021-10-07 06:55:06,33450.0,100.0,5090100.0
997,2021-10-07 06:55:06,33450.0,500.0,5090000.0
998,2021-10-07 06:55:02,33450.0,500.0,5089500.0
999,2021-10-07 06:55:02,33450.0,500.0,5089000.0
1000,2021-10-07 06:55:00,33450.0,2000.0,5088500.0
1001,2021-10-07 06:55:00,33450.0,100.0,5086500.0
1002,2021-10-07 06:55:00,33450.0,300.0,5086400.0
1003,2021-10-07 06:55:00,33450.0,200.0,5086100.0
1004,2021-10-07 06:54:59,33450.0,100.0,5085900.0
1005,2021-10-07 06:54:59,33450.0,900.0,5085800.0
1006,2021-10-07 06:54:58,33450.0,1000.0,5084900.0
1007,2021-10-07 06:54:40,33450.0,1000.0,5083900.0
1008,2021-10-07 06:54:40,33500.0,500.0,5082900.0
1009,2021-10-07 06:54:29,33450.0,4200.0,5082400.0
1010,2021-10-07 06:54:25,33500.0,500.0,5078200.0
1011,2021-10-07 06:54:19,33450.0,2900.0,5077700.0
1012,2021-10-07 06:54:14,33500.0,800.0,5074800.0
1013,2021-10-07 06:54:14,33500.0,200.0,5074000.0
1014,2021-10-07 06:54:07,33500.0,300.0,5073800.0
1015,2021-10-07 06:54:02,33500.0,1000.0,5073500.0
1016,2021-10-07 06:53:57,33500.0,1500.0,5072500.0
1017,2021-10-07 06:53:55,33500.0,1100.0,5071000.0
1018,2021-10-07 06:53:46,33500.0,500.0,5069900.0
1019,2021-10-07 06:53:46,33500.0,300.0,5069400.0
1020,2021-10-07 06:53:45,33500.0,1000.0,5069100.0
1021,2021-10-07 06:53:45,33500.0,100.0,5068100.0
1022,2021-10-07 06:53:45,33500.0,300.0,5068000.0
1023,2021-10-07 06:53:45,33500.0,300.0,5067700.0
1024,2021-10-07 06:53:45,33500.0,500.0,5067400.0
1025,2021-10-07 06:53:45,33500.0,200.0,5066900.0
1026,2021-10-07 06:53:45,33500.0,600.0,5066700.0
1027,2021-10-07 06:53:45,33500.0,1000.0,5066100.0
1028,2021-10-07 06:53:45,33500.0,100.0,5065100.0
1029,2021-10-07 06:53:45,33500.0,700.0,5065000.0
1030,2021-10-07 06:53:45,33500.0,500.0,5064300.0
1031,2021-10-07 06:53:45,33500.0,700.0,5063800.0
1032,2021-10-07 06:53:43,33500.0,300.0,5063100.0
1033,2021-10-07 06:53:43,33500.0,100.0,5062800.0
1034,2021-10-07 06:53:43,33500.0,300.0,5062700.0
1035,2021-10-07 06:53:43,33500.0,5000.0,5062400.0
1036,2021-10-07 06:53:43,33500.0,200.0,5057400.0
1037,2021-10-07 06:53:43,33500.0,1000.0,5057200.0
1038,2021-10-07 06:53:43,33500.0,100.0,5056200.0
1039,2021-10-07 06:53:43,33500.0,1000.0,5056100.0
1040,2021-10-07 06:53:43,33500.0,300.0,5055100.0
1041,2021-10-07 06:53:43,33500.0,500.0,5054800.0
1042,2021-10-07 06:53:43,33500.0,500.0,5054300.0
1043,2021-10-07 06:53:43,33500.0,200.0,5053800.0
1044,2021-10-07 06:53:43,33500.0,100.0,5053600.0
1045,2021-10-07 06:53:43,33500.0,100.0,5053500.0
1046,2021-10-07 06:53:43,33500.0,200.0,5053400.0
1047,2021-10-07 06:53:39,33500.0,200.0,5053200.0
1048,2021-10-07 06:53:39,33500.0,1200.0,5053000.0
1049,2021-10-07 06:53:39,33500.0,600.0,5051800.0
1050,2021-10-07 06:53:39,33500.0,300.0,5051200.0
1051,2021-10-07 06:53:39,33500.0,200.0,5050900.0
1052,2021-10-07 06:53:39,33500.0,300.0,5050700.0
1053,2021-10-07 06:53:39,33500.0,500.0,5050400.0
1054,2021-10-07 06:53:39,33500.0,600.0,5049900.0
1055,2021-10-07 06:53:39,33500.0,200.0,5049300.0
1056,2021-10-07 06:53:39,33500.0,2500.0,5049100.0
1057,2021-10-07 06:53:39,33500.0,100.0,5046600.0
1058,2021-10-07 06:53:39,33500.0,1000.0,5046500.0
1059,2021-10-07 06:53:39,33500.0,1000.0,5045500.0
1060,2021-10-07 06:53:39,33500.0,1000.0,5044500.0
1061,2021-10-07 06:53:39,33500.0,300.0,5043500.0
1062,2021-10-07 06:53:39,33500.0,1000.0,5043200.0
1063,2021-10-07 06:53:39,33500.0,1000.0,5042200.0
1064,2021-10-07 06:53:39,33500.0,300.0,5041200.0
1065,2021-10-07 06:53:39,33500.0,100.0,5040900.0
1066,2021-10-07 06:53:39,33500.0,100.0,5040800.0
1067,2021-10-07 06:53:39,33500.0,1000.0,5040700.0
1068,2021-10-07 06:53:39,33500.0,1000.0,5039700.0
1069,2021-10-07 06:53:39,33500.0,200.0,5038700.0
1070,2021-10-07 06:53:39,33500.0,500.0,5038500.0
1071,2021-10-07 06:53:36,33500.0,500.0,5038000.0
1072,2021-10-07 06:53:36,33500.0,500.0,5037500.0
1073,2021-10-07 06:53:36,33500.0,5000.0,5037000.0
1074,2021-10-07 06:53:36,33500.0,100.0,5032000.0
1075,2021-10-07 06:53:36,33500.0,200.0,5031900.0
1076,2021-10-07 06:53:36,33500.0,100.0,5031700.0
1077,2021-10-07 06:53:36,33500.0,1200.0,5031600.0
1078,2021-10-07 06:53:36,33500.0,2400.0,5030400.0
1079,2021-10-07 06:53:28,33550.0,300.0,5028000.0
1080,2021-10-07 06:53:24,33500.0,100.0,5027700.0
1081,2021-10-07 06:53:22,33550.0,300.0,5027600.0
1082,2021-10-07 06:53:15,33550.0,200.0,5027300.0
1083,2021-10-07 06:53:14,33500.0,1000.0,5027100.0
1084,2021-10-07 06:53:13,33500.0,1500.0,5026100.0
1085,2021-10-07 06:53:13,33500.0,500.0,5024600.0
1086,2021-10-07 06:53:12,33500.0,300.0,5024100.0
1087,2021-10-07 06:53:12,33500.0,200.0,5023800.0
1088,2021-10-07 06:53:12,33500.0,500.0,5023600.0
1089,2021-10-07 06:53:08,33550.0,400.0,5023100.0
1090,2021-10-07 06:52:57,33550.0,100.0,5022700.0
1091,2021-10-07 06:52:56,33500.0,200.0,5022600.0
1092,2021-10-07 06:52:56,33500.0,200.0,5022400.0
1093,2021-10-07 06:52:56,33500.0,200.0,5022200.0
1094,2021-10-07 06:52:56,33500.0,100.0,5022000.0
1095,2021-10-07 06:52:56,33500.0,500.0,5021900.0
1096,2021-10-07 06:52:56,33500.0,1800.0,5021400.0
1097,2021-10-07 06:52:52,33500.0,8200.0,5019600.0
1098,2021-10-07 06:52:52,33500.0,100.0,5011400.0
1099,2021-10-07 06:52:52,33500.0,100.0,5011300.0
1100,2021-10-07 06:52:52,33500.0,100.0,5011200.0
1101,2021-10-07 06:52:52,33500.0,100.0,5011100.0
1102,2021-10-07 06:52:52,33500.0,100.0,5011000.0
1103,2021-10-07 06:52:52,33500.0,200.0,5010900.0
1104,2021-10-07 06:52:52,33500.0,100.0,5010700.0
1105,2021-10-07 06:52:52,33500.0,900.0,5010600.0
1106,2021-10-07 06:52:52,33500.0,100.0,5009700.0
1107,2021-10-07 06:52:40,33500.0,500.0,5009600.0
1108,2021-10-07 06:52:36,33500.0,400.0,5009100.0
1109,2021-10-07 06:52:36,33500.0,100.0,5008700.0
1110,2021-10-07 06:52:34,33500.0,200.0,5008600.0
1111,2021-10-07 06:52:34,33500.0,400.0,5008400.0
1112,2021-10-07 06:52:34,33500.0,1300.0,5008000.0
1113,2021-10-07 06:52:32,33550.0,100.0,5006700.0
1114,2021-10-07 06:52:28,33500.0,200.0,5006600.0
1115,2021-10-07 06:52:21,33550.0,900.0,5006400.0
1116,2021-10-07 06:52:20,33500.0,2500.0,5005500.0
1117,2021-10-07 06:52:20,33500.0,500.0,5003000.0
1118,2021-10-07 06:52:20,33500.0,300.0,5002500.0
1119,2021-10-07 06:52:02,33500.0,500.0,5002200.0
1120,2021-10-07 06:52:02,33500.0,500.0,5001700.0
1121,2021-10-07 06:52:02,33500.0,500.0,5001200.0
1122,2021-10-07 06:52:02,33500.0,3500.0,5000700.0
1123,2021-10-07 06:51:57,33500.0,400.0,4997200.0
1124,2021-10-07 06:51:51,33500.0,200.0,4996800.0
1125,2021-10-07 06:51:51,33550.0,1800.0,4996600.0
1126,2021-10-07 06:51:51,33550.0,100.0,4994800.0
1127,2021-10-07 06:51:47,33500.0,100.0,4994700.0
1128,2021-10-07 06:51:47,33500.0,500.0,4994600.0
1129,2021-10-07 06:51:47,33500.0,1000.0,4994100.0
1130,2021-10-07 06:51:47,33500.0,200.0,4993100.0
1131,2021-10-07 06:51:47,33500.0,100.0,4992900.0
1132,2021-10-07 06:51:47,33500.0,200.0,4992800.0
1133,2021-10-07 06:51:47,33500.0,200.0,4992600.0
1134,2021-10-07 06:51:47,33500.0,100.0,4992400.0
1135,2021-10-07 06:51:47,33500.0,200.0,4992300.0
1136,2021-10-07 06:51:47,33500.0,5000.0,4992100.0
1137,2021-10-07 06:51:47,33500.0,300.0,4987100.0
1138,2021-10-07 06:51:47,33500.0,1000.0,4986800.0
1139,2021-10-07 06:51:47,33500.0,100.0,4985800.0
1140,2021-10-07 06:51:47,33500.0,200.0,4985700.0
1141,2021-10-07 06:51:47,33500.0,800.0,4985500.0
1142,2021-10-07 06:51:43,33550.0,100.0,4984700.0
1143,2021-10-07 06:51:43,33550.0,200.0,4984600.0
1144,2021-10-07 06:51:43,33550.0,1200.0,4984400.0
1145,2021-10-07 06:51:40,33500.0,100.0,4983200.0
1146,2021-10-07 06:51:28,33500.0,1100.0,4983100.0
1147,2021-10-07 06:51:28,33500.0,1000.0,4982000.0
1148,2021-10-07 06:51:28,33500.0,500.0,4981000.0
1149,2021-10-07 06:51:28,33500.0,300.0,4980500.0
1150,2021-10-07 06:51:27,33500.0,300.0,4980200.0
1151,2021-10-07 06:51:16,33500.0,400.0,4979900.0
1152,2021-10-07 06:51:12,33550.0,800.0,4979500.0
1153,2021-10-07 06:51:12,33550.0,200.0,4978700.0
1154,2021-10-07 06:51:02,33550.0,400.0,4978500.0
1155,2021-10-07 06:51:02,33550.0,500.0,4978100.0
1156,2021-10-07 06:51:02,33550.0,100.0,4977600.0
1157,2021-10-07 06:51:02,33500.0,400.0,4977500.0
1158,2021-10-07 06:51:02,33500.0,100.0,4977100.0
1159,2021-10-07 06:50:55,33550.0,400.0,4977000.0
1160,2021-10-07 06:50:55,33550.0,400.0,4976600.0
1161,2021-10-07 06:50:50,33500.0,900.0,4976200.0
1162,2021-10-07 06:50:50,33500.0,200.0,4975300.0
1163,2021-10-07 06:50:50,33500.0,2000.0,4975100.0
1164,2021-10-07 06:50:50,33500.0,100.0,4973100.0
1165,2021-10-07 06:50:50,33500.0,100.0,4973000.0
1166,2021-10-07 06:50:50,33500.0,700.0,4972900.0
1167,2021-10-07 06:50:43,33500.0,3300.0,4972200.0
1168,2021-10-07 06:50:43,33500.0,100.0,4968900.0
1169,2021-10-07 06:50:43,33500.0,400.0,4968800.0
1170,2021-10-07 06:50:43,33500.0,100.0,4968400.0
1171,2021-10-07 06:50:43,33500.0,900.0,4968300.0
1172,2021-10-07 06:50:43,33500.0,5000.0,4967400.0
1173,2021-10-07 06:50:43,33500.0,100.0,4962400.0
1174,2021-10-07 06:50:43,33500.0,1400.0,4962300.0
1175,2021-10-07 06:50:43,33500.0,3000.0,4960900.0
1176,2021-10-07 06:50:43,33500.0,300.0,4957900.0
1177,2021-10-07 06:50:43,33500.0,100.0,4957600.0
1178,2021-10-07 06:50:43,33500.0,100.0,4957500.0
1179,2021-10-07 06:50:43,33500.0,300.0,4957400.0
1180,2021-10-07 06:50:43,33500.0,1000.0,4957100.0
1181,2021-10-07 06:50:43,33500.0,2000.0,4956100.0
1182,2021-10-07 06:50:43,33500.0,200.0,4954100.0
1183,2021-10-07 06:50:43,33500.0,300.0,4953900.0
1184,2021-10-07 06:50:43,33500.0,100.0,4953600.0
1185,2021-10-07 06:50:43,33500.0,200.0,4953500.0
1186,2021-10-07 06:50:43,33500.0,600.0,4953300.0
1187,2021-10-07 06:50:43,33500.0,1000.0,4952700.0
1188,2021-10-07 06:50:43,33500.0,300.0,4951700.0
1189,2021-10-07 06:50:43,33500.0,2000.0,4951400.0
1190,2021-10-07 06:50:43,33500.0,100.0,4949400.0
1191,2021-10-07 06:50:43,33500.0,1000.0,4949300.0
1192,2021-10-07 06:50:43,33500.0,100.0,4948300.0
1193,2021-10-07 06:50:43,33500.0,1000.0,4948200.0
1194,2021-10-07 06:50:43,33500.0,2000.0,4947200.0
1195,2021-10-07 06:50:43,33500.0,600.0,4945200.0
1196,2021-10-07 06:50:43,33500.0,800.0,4944600.0
1197,2021-10-07 06:50:43,33500.0,500.0,4943800.0
1198,2021-10-07 06:50:43,33500.0,500.0,4943300.0
1199,2021-10-07 06:50:43,33500.0,600.0,4942800.0
1200,2021-10-07 06:50:33,33500.0,1400.0,4942200.0
1201,2021-10-07 06:50:33,33500.0,500.0,4940800.0
1202,2021-10-07 06:50:33,33500.0,100.0,4940300.0
1203,2021-10-07 06:50:29,33500.0,400.0,4940200.0
1204,2021-10-07 06:50:29,33500.0,300.0,4939800.0
1205,2021-10-07 06:50:29,33500.0,300.0,4939500.0
1206,2021-10-07 06:50:18,33500.0,200.0,4939200.0
1207,2021-10-07 06:50:18,33500.0,300.0,4939000.0
1208,2021-10-07 06:50:18,33500.0,400.0,4938700.0
1209,2021-10-07 06:50:18,33500.0,200.0,4938300.0
1210,2021-10-07 06:50:18,33500.0,100.0,4938100.0
1211,2021-10-07 06:50:18,33500.0,100.0,4938000.0
1212,2021-10-07 06:50:18,33500.0,400.0,4937900.0
1213,2021-10-07 06:50:18,33500.0,500.0,4937500.0
1214,2021-10-07 06:50:18,33500.0,5000.0,4937000.0
1215,2021-10-07 06:50:18,33500.0,100.0,4932000.0
1216,2021-10-07 06:50:14,33500.0,4900.0,4931900.0
1217,2021-10-07 06:50:14,33500.0,100.0,4927000.0
1218,2021-10-07 06:50:12,33500.0,100.0,4926900.0
1219,2021-10-07 06:50:12,33500.0,100.0,4926800.0
1220,2021-10-07 06:50:06,33500.0,200.0,4926700.0
1221,2021-10-07 06:50:06,33500.0,100.0,4926500.0
1222,2021-10-07 06:50:06,33500.0,400.0,4926400.0
1223,2021-10-07 06:49:46,33500.0,100.0,4926000.0
1224,2021-10-07 06:49:46,33500.0,800.0,4925900.0
1225,2021-10-07 06:49:46,33500.0,100.0,4925100.0
1226,2021-10-07 06:49:46,33500.0,200.0,4925000.0
1227,2021-10-07 06:49:46,33500.0,500.0,4924800.0
1228,2021-10-07 06:49:46,33500.0,100.0,4924300.0
1229,2021-10-07 06:49:46,33500.0,100.0,4924200.0
1230,2021-10-07 06:49:46,33500.0,600.0,4924100.0
1231,2021-10-07 06:49:46,33500.0,2500.0,4923500.0
1232,2021-10-07 06:49:39,33550.0,1600.0,4921000.0
1233,2021-10-07 06:49:39,33550.0,400.0,4919400.0
1234,2021-10-07 06:49:35,33550.0,200.0,4919000.0
1235,2021-10-07 06:49:31,33550.0,600.0,4918800.0
1236,2021-10-07 06:49:29,33550.0,600.0,4918200.0
1237,2021-10-07 06:49:18,33550.0,400.0,4917600.0
1238,2021-10-07 06:49:12,33550.0,2000.0,4917200.0
1239,2021-10-07 06:49:06,33550.0,5000.0,4915200.0
1240,2021-10-07 06:49:00,33550.0,800.0,4910200.0
1241,2021-10-07 06:49:00,33550.0,100.0,4909400.0
1242,2021-10-07 06:48:54,33550.0,100.0,4909300.0
1243,2021-10-07 06:48:44,33500.0,200.0,4909200.0
1244,2021-10-07 06:48:42,33550.0,700.0,4909000.0
1245,2021-10-07 06:48:42,33550.0,200.0,4908300.0
1246,2021-10-07 06:48:37,33500.0,1000.0,4908100.0
1247,2021-10-07 06:48:34,33500.0,100.0,4907100.0
1248,2021-10-07 06:48:32,33550.0,1000.0,4907000.0
1249,2021-10-07 06:48:18,33500.0,100.0,4906000.0
1250,2021-10-07 06:48:17,33550.0,100.0,4905900.0
1251,2021-10-07 06:48:05,33500.0,2000.0,4905800.0
1252,2021-10-07 06:48:03,33550.0,100.0,4903800.0
1253,2021-10-07 06:48:01,33550.0,1000.0,4903700.0
1254,2021-10-07 06:47:59,33500.0,2600.0,4902700.0
1255,2021-10-07 06:47:48,33550.0,5000.0,4900100.0
1256,2021-10-07 06:47:47,33550.0,1200.0,4895100.0
1257,2021-10-07 06:47:42,33550.0,500.0,4893900.0
1258,2021-10-07 06:47:42,33550.0,2000.0,4893400.0
1259,2021-10-07 06:47:42,33550.0,300.0,4891400.0
1260,2021-10-07 06:47:42,33550.0,200.0,4891100.0
1261,2021-10-07 06:47:37,33550.0,900.0,4890900.0
1262,2021-10-07 06:47:37,33550.0,100.0,4890000.0
1263,2021-10-07 06:47:32,33500.0,100.0,4889900.0
1264,2021-10-07 06:47:29,33500.0,100.0,4889800.0
1265,2021-10-07 06:47:28,33500.0,1300.0,4889700.0
1266,2021-10-07 06:47:28,33550.0,100.0,4888400.0
1267,2021-10-07 06:47:21,33500.0,100.0,4888300.0
1268,2021-10-07 06:47:21,33500.0,300.0,4888200.0
1269,2021-10-07 06:47:21,33500.0,100.0,4887900.0
1270,2021-10-07 06:47:21,33500.0,500.0,4887800.0
1271,2021-10-07 06:47:13,33550.0,700.0,4887300.0
1272,2021-10-07 06:47:13,33550.0,300.0,4886600.0
1273,2021-10-07 06:47:06,33500.0,100.0,4886300.0
1274,2021-10-07 06:47:06,33500.0,100.0,4886200.0
1275,2021-10-07 06:47:03,33500.0,900.0,4886100.0
1276,2021-10-07 06:47:03,33500.0,100.0,4885200.0
1277,2021-10-07 06:47:03,33500.0,300.0,4885100.0
1278,2021-10-07 06:47:03,33500.0,5000.0,4884800.0
1279,2021-10-07 06:47:03,33500.0,1000.0,4879800.0
1280,2021-10-07 06:46:50,33500.0,500.0,4878800.0
1281,2021-10-07 06:46:50,33500.0,500.0,4878300.0
1282,2021-10-07 06:46:50,33500.0,100.0,4877800.0
1283,2021-10-07 06:46:50,33500.0,500.0,4877700.0
1284,2021-10-07 06:46:50,33500.0,200.0,4877200.0
1285,2021-10-07 06:46:50,33500.0,200.0,4877000.0
1286,2021-10-07 06:46:39,33550.0,300.0,4876800.0
1287,2021-10-07 06:46:24,33550.0,1000.0,4876500.0
1288,2021-10-07 06:46:22,33550.0,500.0,4875500.0
1289,2021-10-07 06:46:19,33550.0,200.0,4875000.0
1290,2021-10-07 06:46:19,33550.0,200.0,4874800.0
1291,2021-10-07 06:46:17,33550.0,5000.0,4874600.0
1292,2021-10-07 06:45:56,33550.0,500.0,4869600.0
1293,2021-10-07 06:45:56,33550.0,5000.0,4869100.0
1294,2021-10-07 06:45:56,33550.0,1000.0,4864100.0
1295,2021-10-07 06:45:56,33550.0,500.0,4863100.0
1296,2021-10-07 06:45:56,33550.0,1000.0,4862600.0
1297,2021-10-07 06:45:54,33550.0,100.0,4861600.0
1298,2021-10-07 06:45:46,33550.0,1000.0,4861500.0
1299,2021-10-07 06:45:46,33550.0,2500.0,4860500.0
1300,2021-10-07 06:45:42,33500.0,100.0,4858000.0
1301,2021-10-07 06:45:42,33500.0,200.0,4857900.0
1302,2021-10-07 06:45:42,33500.0,100.0,4857700.0
1303,2021-10-07 06:45:42,33500.0,200.0,4857600.0
1304,2021-10-07 06:45:42,33500.0,500.0,4857400.0
1305,2021-10-07 06:45:42,33500.0,200.0,4856900.0
1306,2021-10-07 06:45:42,33500.0,500.0,4856700.0
1307,2021-10-07 06:45:40,33550.0,200.0,4856200.0
1308,2021-10-07 06:45:36,33550.0,2000.0,4856000.0
1309,2021-10-07 06:45:33,33550.0,200.0,4854000.0
1310,2021-10-07 06:45:14,33500.0,1000.0,4853800.0
1311,2021-10-07 06:45:14,33500.0,2000.0,4852800.0
1312,2021-10-07 06:45:14,33500.0,100.0,4850800.0
1313,2021-10-07 06:45:14,33500.0,1000.0,4850700.0
1314,2021-10-07 06:45:14,33500.0,500.0,4849700.0
1315,2021-10-07 06:45:14,33500.0,100.0,4849200.0
1316,2021-10-07 06:45:14,33500.0,100.0,4849100.0
1317,2021-10-07 06:45:14,33500.0,200.0,4849000.0
1318,2021-10-07 06:45:07,33550.0,1100.0,4848800.0
1319,2021-10-07 06:45:01,33550.0,2200.0,4847700.0
1320,2021-10-07 06:44:55,33500.0,500.0,4845500.0
1321,2021-10-07 06:44:55,33500.0,300.0,4845000.0
1322,2021-10-07 06:44:55,33500.0,1000.0,4844700.0
1323,2021-10-07 06:44:55,33500.0,200.0,4843700.0
1324,2021-10-07 06:44:50,33500.0,300.0,4843500.0
1325,2021-10-07 06:44:45,33500.0,1500.0,4843200.0
1326,2021-10-07 06:44:45,33500.0,100.0,4841700.0
1327,2021-10-07 06:44:45,33500.0,1000.0,4841600.0
1328,2021-10-07 06:44:45,33500.0,400.0,4840600.0
1329,2021-10-07 06:44:45,33500.0,500.0,4840200.0
1330,2021-10-07 06:44:45,33500.0,100.0,4839700.0
1331,2021-10-07 06:44:45,33500.0,100.0,4839600.0
1332,2021-10-07 06:44:45,33500.0,1000.0,4839500.0
1333,2021-10-07 06:44:45,33550.0,1800.0,4838500.0
1334,2021-10-07 06:44:45,33550.0,200.0,4836700.0
1335,2021-10-07 06:44:43,33550.0,100.0,4836500.0
1336,2021-10-07 06:44:22,33500.0,100.0,4836400.0
1337,2021-10-07 06:44:16,33550.0,700.0,4836300.0
1338,2021-10-07 06:44:16,33550.0,1300.0,4835600.0
1339,2021-10-07 06:44:15,33550.0,700.0,4834300.0
1340,2021-10-07 06:44:15,33550.0,200.0,4833600.0
1341,2021-10-07 06:44:15,33550.0,100.0,4833400.0
1342,2021-10-07 06:43:48,33550.0,700.0,4833300.0
1343,2021-10-07 06:43:48,33550.0,200.0,4832600.0
1344,2021-10-07 06:43:48,33550.0,1000.0,4832400.0
1345,2021-10-07 06:43:48,33550.0,100.0,4831400.0
1346,2021-10-07 06:43:47,33500.0,500.0,4831300.0
1347,2021-10-07 06:43:35,33500.0,1000.0,4830800.0
1348,2021-10-07 06:43:35,33500.0,100.0,4829800.0
1349,2021-10-07 06:43:29,33550.0,300.0,4829700.0
1350,2021-10-07 06:43:14,33500.0,100.0,4829400.0
1351,2021-10-07 06:43:08,33550.0,100.0,4829300.0
1352,2021-10-07 06:43:01,33550.0,100.0,4829200.0
1353,2021-10-07 06:42:58,33550.0,500.0,4829100.0
1354,2021-10-07 06:42:56,33550.0,1900.0,4828600.0
1355,2021-10-07 06:42:50,33550.0,500.0,4826700.0
1356,2021-10-07 06:42:50,33550.0,500.0,4826200.0
1357,2021-10-07 06:42:41,33600.0,500.0,4825700.0
1358,2021-10-07 06:42:27,33500.0,200.0,4825200.0
1359,2021-10-07 06:42:27,33500.0,1000.0,4825000.0
1360,2021-10-07 06:42:27,33500.0,100.0,4824000.0
1361,2021-10-07 06:42:27,33500.0,300.0,4823900.0
1362,2021-10-07 06:42:27,33500.0,1700.0,4823600.0
1363,2021-10-07 06:42:27,33550.0,100.0,4821900.0
1364,2021-10-07 06:42:27,33550.0,300.0,4821800.0
1365,2021-10-07 06:42:27,33550.0,300.0,4821500.0
1366,2021-10-07 06:42:17,33550.0,200.0,4821200.0
1367,2021-10-07 06:42:17,33550.0,500.0,4821000.0
1368,2021-10-07 06:42:17,33550.0,100.0,4820500.0
1369,2021-10-07 06:42:17,33550.0,200.0,4820400.0
1370,2021-10-07 06:41:43,33550.0,500.0,4820200.0
1371,2021-10-07 06:41:43,33550.0,300.0,4819700.0
1372,2021-10-07 06:41:30,33550.0,100.0,4819400.0
1373,2021-10-07 06:41:30,33550.0,2400.0,4819300.0
1374,2021-10-07 06:41:30,33550.0,200.0,4816900.0
1375,2021-10-07 06:41:30,33550.0,2400.0,4816700.0
1376,2021-10-07 06:41:16,33550.0,100.0,4814300.0
1377,2021-10-07 06:41:16,33550.0,2500.0,4814200.0
1378,2021-10-07 06:41:11,33550.0,200.0,4811700.0
1379,2021-10-07 06:41:11,33550.0,300.0,4811500.0
1380,2021-10-07 06:40:59,33550.0,1800.0,4811200.0
1381,2021-10-07 06:40:59,33550.0,200.0,4809400.0
1382,2021-10-07 06:40:47,33500.0,500.0,4809200.0
1383,2021-10-07 06:40:41,33600.0,200.0,4808700.0
1384,2021-10-07 06:40:41,33550.0,1000.0,4808500.0
1385,2021-10-07 06:40:41,33550.0,1000.0,4807500.0
1386,2021-10-07 06:40:41,33550.0,300.0,4806500.0
1387,2021-10-07 06:40:29,33550.0,6400.0,4806200.0
1388,2021-10-07 06:39:53,33550.0,200.0,4799800.0
1389,2021-10-07 06:39:53,33550.0,800.0,4799600.0
1390,2021-10-07 06:39:49,33550.0,200.0,4798800.0
1391,2021-10-07 06:39:45,33550.0,100.0,4798600.0
1392,2021-10-07 06:39:41,33550.0,3900.0,4798500.0
1393,2021-10-07 06:39:41,33550.0,1000.0,4794600.0
1394,2021-10-07 06:39:41,33550.0,100.0,4793600.0
1395,2021-10-07 06:39:38,33550.0,200.0,4793500.0
1396,2021-10-07 06:39:38,33550.0,500.0,4793300.0
1397,2021-10-07 06:39:31,33550.0,200.0,4792800.0
1398,2021-10-07 06:39:30,33550.0,1000.0,4792600.0
1399,2021-10-07 06:39:27,33550.0,300.0,4791600.0
1400,2021-10-07 06:39:23,33550.0,200.0,4791300.0
1401,2021-10-07 06:39:21,33550.0,200.0,4791100.0
1402,2021-10-07 06:39:20,33500.0,2800.0,4790900.0
1403,2021-10-07 06:39:20,33500.0,200.0,4788100.0
1404,2021-10-07 06:39:20,33550.0,400.0,4787900.0
1405,2021-10-07 06:39:20,33550.0,300.0,4787500.0
1406,2021-10-07 06:39:17,33500.0,500.0,4787200.0
1407,2021-10-07 06:39:17,33500.0,500.0,4786700.0
1408,2021-10-07 06:39:10,33550.0,100.0,4786200.0
1409,2021-10-07 06:39:06,33550.0,300.0,4786100.0
1410,2021-10-07 06:39:06,33550.0,1000.0,4785800.0
1411,2021-10-07 06:39:04,33550.0,100.0,4784800.0
1412,2021-10-07 06:38:57,33550.0,200.0,4784700.0
1413,2021-10-07 06:38:57,33550.0,1000.0,4784500.0
1414,2021-10-07 06:38:57,33550.0,200.0,4783500.0
1415,2021-10-07 06:38:57,33550.0,100.0,4783300.0
1416,2021-10-07 06:38:57,33550.0,1000.0,4783200.0
1417,2021-10-07 06:38:57,33550.0,2000.0,4782200.0
1418,2021-10-07 06:38:54,33550.0,500.0,4780200.0
1419,2021-10-07 06:38:52,33500.0,100.0,4779700.0
1420,2021-10-07 06:38:45,33550.0,300.0,4779600.0
1421,2021-10-07 06:38:41,33550.0,100.0,4779300.0
1422,2021-10-07 06:38:37,33550.0,5000.0,4779200.0
1423,2021-10-07 06:38:37,33550.0,1000.0,4774200.0
1424,2021-10-07 06:38:33,33550.0,800.0,4773200.0
1425,2021-10-07 06:38:19,33550.0,100.0,4772400.0
1426,2021-10-07 06:38:14,33550.0,500.0,4772300.0
1427,2021-10-07 06:38:14,33550.0,1300.0,4771800.0
1428,2021-10-07 06:38:06,33550.0,1000.0,4770500.0
1429,2021-10-07 06:38:04,33550.0,500.0,4769500.0
1430,2021-10-07 06:38:04,33550.0,300.0,4769000.0
1431,2021-10-07 06:38:03,33550.0,200.0,4768700.0
1432,2021-10-07 06:38:03,33550.0,2100.0,4768500.0
1433,2021-10-07 06:37:59,33550.0,200.0,4766400.0
1434,2021-10-07 06:37:57,33550.0,700.0,4766200.0
1435,2021-10-07 06:37:57,33550.0,300.0,4765500.0
1436,2021-10-07 06:37:57,33550.0,900.0,4765200.0
1437,2021-10-07 06:37:54,33550.0,1100.0,4764300.0
1438,2021-10-07 06:37:54,33550.0,200.0,4763200.0
1439,2021-10-07 06:37:52,33550.0,300.0,4763000.0
1440,2021-10-07 06:37:51,33550.0,100.0,4762700.0
1441,2021-10-07 06:37:51,33550.0,100.0,4762600.0
1442,2021-10-07 06:37:51,33550.0,100.0,4762500.0
1443,2021-10-07 06:37:48,33550.0,1900.0,4762400.0
1444,2021-10-07 06:37:48,33550.0,100.0,4760500.0
1445,2021-10-07 06:37:48,33550.0,1100.0,4760400.0
1446,2021-10-07 06:37:47,33550.0,300.0,4759300.0
1447,2021-10-07 06:37:45,33550.0,400.0,4759000.0
1448,2021-10-07 06:37:41,33550.0,1000.0,4758600.0
1449,2021-10-07 06:37:41,33550.0,200.0,4757600.0
1450,2021-10-07 06:37:41,33550.0,2800.0,4757400.0
1451,2021-10-07 06:37:38,33550.0,300.0,4754600.0
1452,2021-10-07 06:37:32,33550.0,500.0,4754300.0
1453,2021-10-07 06:37:25,33550.0,2000.0,4753800.0
1454,2021-10-07 06:37:25,33600.0,100.0,4751800.0
1455,2021-10-07 06:37:18,33550.0,1400.0,4751700.0
1456,2021-10-07 06:37:14,33550.0,100.0,4750300.0
1457,2021-10-07 06:37:10,33550.0,100.0,4750200.0
1458,2021-10-07 06:37:10,33550.0,2000.0,4750100.0
1459,2021-10-07 06:37:07,33550.0,800.0,4748100.0
1460,2021-10-07 06:37:07,33550.0,700.0,4747300.0
1461,2021-10-07 06:36:41,33550.0,1000.0,4746600.0
1462,2021-10-07 06:36:33,33550.0,1000.0,4745600.0
1463,2021-10-07 06:36:27,33550.0,200.0,4744600.0
1464,2021-10-07 06:36:24,33550.0,1500.0,4744400.0
1465,2021-10-07 06:36:22,33550.0,100.0,4742900.0
1466,2021-10-07 06:36:22,33550.0,500.0,4742800.0
1467,2021-10-07 06:36:20,33500.0,200.0,4742300.0
1468,2021-10-07 06:36:20,33500.0,300.0,4742100.0
1469,2021-10-07 06:36:17,33550.0,1000.0,4741800.0
1470,2021-10-07 06:36:11,33550.0,100.0,4740800.0
1471,2021-10-07 06:36:06,33550.0,400.0,4740700.0
1472,2021-10-07 06:36:05,33550.0,200.0,4740300.0
1473,2021-10-07 06:36:05,33550.0,200.0,4740100.0
1474,2021-10-07 06:36:03,33550.0,100.0,4739900.0
1475,2021-10-07 06:36:03,33550.0,500.0,4739800.0
1476,2021-10-07 06:36:03,33550.0,100.0,4739300.0
1477,2021-10-07 06:36:03,33550.0,300.0,4739200.0
1478,2021-10-07 06:36:03,33550.0,300.0,4738900.0
1479,2021-10-07 06:35:58,33550.0,700.0,4738600.0
1480,2021-10-07 06:35:58,33550.0,500.0,4737900.0
1481,2021-10-07 06:35:53,33550.0,500.0,4737400.0
1482,2021-10-07 06:35:53,33550.0,100.0,4736900.0
1483,2021-10-07 06:35:53,33550.0,200.0,4736800.0
1484,2021-10-07 06:35:53,33550.0,200.0,4736600.0
1485,2021-10-07 06:35:53,33550.0,700.0,4736400.0
1486,2021-10-07 06:35:53,33550.0,200.0,4735700.0
1487,2021-10-07 06:35:53,33550.0,2000.0,4735500.0
1488,2021-10-07 06:35:53,33550.0,500.0,4733500.0
1489,2021-10-07 06:35:53,33550.0,800.0,4733000.0
1490,2021-10-07 06:35:53,33550.0,100.0,4732200.0
1491,2021-10-07 06:35:53,33550.0,100.0,4732100.0
1492,2021-10-07 06:35:53,33550.0,100.0,4732000.0
1493,2021-10-07 06:35:53,33550.0,500.0,4731900.0
1494,2021-10-07 06:35:53,33550.0,1000.0,4731400.0
1495,2021-10-07 06:35:53,33550.0,200.0,4730400.0
1496,2021-10-07 06:35:53,33550.0,500.0,4730200.0
1497,2021-10-07 06:35:46,33550.0,500.0,4729700.0
1498,2021-10-07 06:35:46,33550.0,300.0,4729200.0
1499,2021-10-07 06:35:46,33550.0,300.0,4728900.0
1500,2021-10-07 06:35:46,33550.0,1000.0,4728600.0
1501,2021-10-07 06:35:46,33550.0,100.0,4727600.0
1502,2021-10-07 06:35:46,33550.0,100.0,4727500.0
1503,2021-10-07 06:35:46,33550.0,2000.0,4727400.0
1504,2021-10-07 06:35:46,33550.0,500.0,4725400.0
1505,2021-10-07 06:35:42,33600.0,100.0,4724900.0
1506,2021-10-07 06:35:39,33550.0,100.0,4724800.0
1507,2021-10-07 06:35:39,33550.0,1300.0,4724700.0
1508,2021-10-07 06:35:29,33600.0,300.0,4723400.0
1509,2021-10-07 06:35:24,33550.0,5000.0,4723100.0
1510,2021-10-07 06:35:23,33550.0,600.0,4718100.0
1511,2021-10-07 06:35:21,33550.0,2500.0,4717500.0
1512,2021-10-07 06:35:21,33550.0,1000.0,4715000.0
1513,2021-10-07 06:35:21,33550.0,100.0,4714000.0
1514,2021-10-07 06:35:21,33550.0,3100.0,4713900.0
1515,2021-10-07 06:35:09,33550.0,500.0,4710800.0
1516,2021-10-07 06:35:00,33600.0,10000.0,4710300.0
1517,2021-10-07 06:34:55,33550.0,1800.0,4700300.0
1518,2021-10-07 06:34:55,33550.0,1000.0,4698500.0
1519,2021-10-07 06:34:55,33550.0,100.0,4697500.0
1520,2021-10-07 06:34:55,33550.0,900.0,4697400.0
1521,2021-10-07 06:34:55,33550.0,200.0,4696500.0
1522,2021-10-07 06:34:55,33550.0,10000.0,4696300.0
1523,2021-10-07 06:34:55,33550.0,500.0,4686300.0
1524,2021-10-07 06:34:55,33550.0,1000.0,4685800.0
1525,2021-10-07 06:34:55,33550.0,100.0,4684800.0
1526,2021-10-07 06:34:55,33550.0,800.0,4684700.0
1527,2021-10-07 06:34:53,33550.0,1000.0,4683900.0
1528,2021-10-07 06:34:25,33600.0,200.0,4682900.0
1529,2021-10-07 06:34:25,33600.0,200.0,4682700.0
1530,2021-10-07 06:34:23,33600.0,1000.0,4682500.0
1531,2021-10-07 06:34:18,33600.0,200.0,4681500.0
1532,2021-10-07 06:34:18,33600.0,200.0,4681300.0
1533,2021-10-07 06:34:13,33600.0,500.0,4681100.0
1534,2021-10-07 06:34:02,33600.0,1000.0,4680600.0
1535,2021-10-07 06:34:00,33600.0,1000.0,4679600.0
1536,2021-10-07 06:33:47,33600.0,500.0,4678600.0
1537,2021-10-07 06:33:44,33600.0,200.0,4678100.0
1538,2021-10-07 06:33:44,33600.0,300.0,4677900.0
1539,2021-10-07 06:33:34,33600.0,1000.0,4677600.0
1540,2021-10-07 06:33:34,33600.0,1000.0,4676600.0
1541,2021-10-07 06:33:34,33600.0,1000.0,4675600.0
1542,2021-10-07 06:33:34,33600.0,100.0,4674600.0
1543,2021-10-07 06:33:34,33600.0,20000.0,4674500.0
1544,2021-10-07 06:33:34,33600.0,1000.0,4654500.0
1545,2021-10-07 06:33:34,33600.0,300.0,4653500.0
1546,2021-10-07 06:33:34,33600.0,100.0,4653200.0
1547,2021-10-07 06:33:34,33600.0,300.0,4653100.0
1548,2021-10-07 06:33:34,33600.0,2000.0,4652800.0
1549,2021-10-07 06:33:34,33600.0,1000.0,4650800.0
1550,2021-10-07 06:33:34,33600.0,400.0,4649800.0
1551,2021-10-07 06:33:29,33650.0,500.0,4649400.0
1552,2021-10-07 06:33:20,33650.0,400.0,4648900.0
1553,2021-10-07 06:33:13,33650.0,200.0,4648500.0
1554,2021-10-07 06:33:05,33600.0,200.0,4648300.0
1555,2021-10-07 06:32:45,33600.0,500.0,4648100.0
1556,2021-10-07 06:32:37,33600.0,500.0,4647600.0
1557,2021-10-07 06:32:28,33600.0,100.0,4647100.0
1558,2021-10-07 06:32:27,33600.0,100.0,4647000.0
1559,2021-10-07 06:32:19,33600.0,200.0,4646900.0
1560,2021-10-07 06:32:19,33600.0,500.0,4646700.0
1561,2021-10-07 06:32:19,33600.0,4300.0,4646200.0
1562,2021-10-07 06:32:09,33600.0,2000.0,4641900.0
1563,2021-10-07 06:32:03,33600.0,800.0,4639900.0
1564,2021-10-07 06:32:03,33600.0,100.0,4639100.0
1565,2021-10-07 06:31:49,33600.0,2000.0,4639000.0
1566,2021-10-07 06:31:36,33600.0,800.0,4637000.0
1567,2021-10-07 06:31:36,33600.0,100.0,4636200.0
1568,2021-10-07 06:31:36,33600.0,400.0,4636100.0
1569,2021-10-07 06:31:36,33600.0,100.0,4635700.0
1570,2021-10-07 06:31:36,33600.0,1000.0,4635600.0
1571,2021-10-07 06:31:36,33600.0,3000.0,4634600.0
1572,2021-10-07 06:31:36,33600.0,2000.0,4631600.0
1573,2021-10-07 06:31:36,33600.0,300.0,4629600.0
1574,2021-10-07 06:31:36,33600.0,100.0,4629300.0
1575,2021-10-07 06:31:36,33600.0,1000.0,4629200.0
1576,2021-10-07 06:31:36,33600.0,100.0,4628200.0
1577,2021-10-07 06:31:36,33600.0,100.0,4628100.0
1578,2021-10-07 06:31:36,33600.0,200.0,4628000.0
1579,2021-10-07 06:31:36,33600.0,200.0,4627800.0
1580,2021-10-07 06:31:36,33600.0,100.0,4627600.0
1581,2021-10-07 06:31:36,33600.0,1000.0,4627500.0
1582,2021-10-07 06:31:36,33600.0,100.0,4626500.0
1583,2021-10-07 06:31:36,33600.0,300.0,4626400.0
1584,2021-10-07 06:31:36,33600.0,100.0,4626100.0
1585,2021-10-07 06:31:36,33600.0,100.0,4626000.0
1586,2021-10-07 06:31:36,33600.0,11000.0,4625900.0
1587,2021-10-07 06:31:36,33600.0,300.0,4614900.0
1588,2021-10-07 06:31:36,33600.0,3000.0,4614600.0
1589,2021-10-07 06:31:36,33600.0,2000.0,4611600.0
1590,2021-10-07 06:31:36,33600.0,1000.0,4609600.0
1591,2021-10-07 06:31:36,33600.0,100.0,4608600.0
1592,2021-10-07 06:31:36,33600.0,200.0,4608500.0
1593,2021-10-07 06:31:36,33600.0,1300.0,4608300.0
1594,2021-10-07 06:31:35,33600.0,1500.0,4607000.0
1595,2021-10-07 06:31:26,33600.0,900.0,4605500.0
1596,2021-10-07 06:31:26,33600.0,800.0,4604600.0
1597,2021-10-07 06:31:26,33600.0,100.0,4603800.0
1598,2021-10-07 06:31:26,33600.0,100.0,4603700.0
1599,2021-10-07 06:31:26,33600.0,100.0,4603600.0
1600,2021-10-07 06:31:26,33600.0,200.0,4603500.0
1601,2021-10-07 06:31:26,33600.0,100.0,4603300.0
1602,2021-10-07 06:31:26,33600.0,100.0,4603200.0
1603,2021-10-07 06:31:26,33600.0,200.0,4603100.0
1604,2021-10-07 06:31:26,33600.0,400.0,4602900.0
1605,2021-10-07 06:31:15,33600.0,600.0,4602500.0
1606,2021-10-07 06:31:15,33600.0,100.0,4601900.0
1607,2021-10-07 06:31:15,33600.0,800.0,4601800.0
1608,2021-10-07 06:31:15,33600.0,500.0,4601000.0
1609,2021-10-07 06:31:15,33600.0,200.0,4600500.0
1610,2021-10-07 06:31:15,33600.0,600.0,4600300.0
1611,2021-10-07 06:31:15,33600.0,100.0,4599700.0
1612,2021-10-07 06:31:15,33600.0,5000.0,4599600.0
1613,2021-10-07 06:31:15,33600.0,300.0,4594600.0
1614,2021-10-07 06:31:15,33600.0,100.0,4594300.0
1615,2021-10-07 06:31:15,33600.0,100.0,4594200.0
1616,2021-10-07 06:31:15,33600.0,10000.0,4594100.0
1617,2021-10-07 06:31:15,33600.0,3000.0,4584100.0
1618,2021-10-07 06:31:15,33600.0,200.0,4581100.0
1619,2021-10-07 06:31:15,33600.0,500.0,4580900.0
1620,2021-10-07 06:31:15,33600.0,1000.0,4580400.0
1621,2021-10-07 06:31:15,33600.0,2000.0,4579400.0
1622,2021-10-07 06:31:15,33600.0,100.0,4577400.0
1623,2021-10-07 06:31:15,33600.0,100.0,4577300.0
1624,2021-10-07 06:31:15,33600.0,300.0,4577200.0
1625,2021-10-07 06:31:15,33600.0,100.0,4576900.0
1626,2021-10-07 06:31:15,33600.0,100.0,4576800.0
1627,2021-10-07 06:31:15,33600.0,700.0,4576700.0
1628,2021-10-07 06:31:15,33600.0,500.0,4576000.0
1629,2021-10-07 06:31:15,33600.0,200.0,4575500.0
1630,2021-10-07 06:31:15,33600.0,200.0,4575300.0
1631,2021-10-07 06:31:15,33600.0,100.0,4575100.0
1632,2021-10-07 06:31:15,33600.0,100.0,4575000.0
1633,2021-10-07 06:31:15,33600.0,100.0,4574900.0
1634,2021-10-07 06:31:15,33600.0,1000.0,4574800.0
1635,2021-10-07 06:31:15,33600.0,100.0,4573800.0
1636,2021-10-07 06:31:15,33600.0,100.0,4573700.0
1637,2021-10-07 06:31:15,33600.0,300.0,4573600.0
1638,2021-10-07 06:31:15,33600.0,200.0,4573300.0
1639,2021-10-07 06:31:15,33600.0,600.0,4573100.0
1640,2021-10-07 06:31:15,33600.0,400.0,4572500.0
1641,2021-10-07 06:31:15,33600.0,100.0,4572100.0
1642,2021-10-07 06:31:15,33600.0,5000.0,4572000.0
1643,2021-10-07 06:31:15,33600.0,100.0,4567000.0
1644,2021-10-07 06:31:15,33600.0,100.0,4566900.0
1645,2021-10-07 06:31:15,33600.0,200.0,4566800.0
1646,2021-10-07 06:31:15,33600.0,100.0,4566600.0
1647,2021-10-07 06:31:15,33600.0,700.0,4566500.0
1648,2021-10-07 06:31:15,33600.0,100.0,4565800.0
1649,2021-10-07 06:31:15,33600.0,2500.0,4565700.0
1650,2021-10-07 06:31:15,33600.0,400.0,4563200.0
1651,2021-10-07 06:31:15,33600.0,100.0,4562800.0
1652,2021-10-07 06:31:15,33600.0,4000.0,4562700.0
1653,2021-10-07 06:31:15,33600.0,100.0,4558700.0
1654,2021-10-07 06:31:15,33600.0,200.0,4558600.0
1655,2021-10-07 06:31:15,33600.0,200.0,4558400.0
1656,2021-10-07 06:31:15,33600.0,100.0,4558200.0
1657,2021-10-07 06:31:15,33600.0,1000.0,4558100.0
1658,2021-10-07 06:31:15,33600.0,1000.0,4557100.0
1659,2021-10-07 06:31:15,33600.0,200.0,4556100.0
1660,2021-10-07 06:31:15,33600.0,1000.0,4555900.0
1661,2021-10-07 06:31:15,33600.0,500.0,4554900.0
1662,2021-10-07 06:31:15,33600.0,500.0,4554400.0
1663,2021-10-07 06:31:15,33650.0,200.0,4553900.0
1664,2021-10-07 06:31:15,33650.0,500.0,4553700.0
1665,2021-10-07 06:31:15,33650.0,100.0,4553200.0
1666,2021-10-07 06:31:15,33650.0,200.0,4553100.0
1667,2021-10-07 06:31:15,33650.0,1000.0,4552900.0
1668,2021-10-07 06:31:15,33650.0,500.0,4551900.0
1669,2021-10-07 06:31:15,33650.0,100.0,4551400.0
1670,2021-10-07 06:31:15,33650.0,3000.0,4551300.0
1671,2021-10-07 06:31:15,33650.0,200.0,4548300.0
1672,2021-10-07 06:31:15,33650.0,1000.0,4548100.0
1673,2021-10-07 06:31:15,33650.0,100.0,4547100.0
1674,2021-10-07 06:31:15,33650.0,100.0,4547000.0
1675,2021-10-07 06:31:15,33650.0,100.0,4546900.0
1676,2021-10-07 06:31:15,33650.0,200.0,4546800.0
1677,2021-10-07 06:31:15,33650.0,300.0,4546600.0
1678,2021-10-07 06:31:15,33650.0,100.0,4546300.0
1679,2021-10-07 06:31:15,33650.0,100.0,4546200.0
1680,2021-10-07 06:31:15,33650.0,100.0,4546100.0
1681,2021-10-07 06:31:15,33650.0,100.0,4546000.0
1682,2021-10-07 06:31:15,33650.0,900.0,4545900.0
1683,2021-10-07 06:31:15,33650.0,100.0,4545000.0
1684,2021-10-07 06:31:15,33650.0,600.0,4544900.0
1685,2021-10-07 06:31:15,33650.0,100.0,4544300.0
1686,2021-10-07 06:31:15,33650.0,100.0,4544200.0
1687,2021-10-07 06:31:15,33650.0,10000.0,4544100.0
1688,2021-10-07 06:31:15,33650.0,10000.0,4534100.0
1689,2021-10-07 06:31:15,33650.0,2000.0,4524100.0
1690,2021-10-07 06:31:15,33650.0,200.0,4522100.0
1691,2021-10-07 06:31:15,33650.0,1000.0,4521900.0
1692,2021-10-07 06:31:15,33650.0,1500.0,4520900.0
1693,2021-10-07 06:31:15,33650.0,3000.0,4519400.0
1694,2021-10-07 06:31:15,33650.0,400.0,4516400.0
1695,2021-10-07 06:31:15,33650.0,100.0,4516000.0
1696,2021-10-07 06:31:15,33650.0,800.0,4515900.0
1697,2021-10-07 06:31:15,33650.0,400.0,4515100.0
1698,2021-10-07 06:31:15,33650.0,100.0,4514700.0
1699,2021-10-07 06:31:15,33650.0,100.0,4514600.0
1700,2021-10-07 06:31:15,33650.0,300.0,4514500.0
1701,2021-10-07 06:31:15,33650.0,3600.0,4514200.0
1702,2021-10-07 06:31:15,33650.0,100.0,4510600.0
1703,2021-10-07 06:31:15,33650.0,200.0,4510500.0
1704,2021-10-07 06:31:15,33650.0,5000.0,4510300.0
1705,2021-10-07 06:31:15,33650.0,100.0,4505300.0
1706,2021-10-07 06:31:15,33650.0,500.0,4505200.0
1707,2021-10-07 06:31:15,33650.0,100.0,4504700.0
1708,2021-10-07 06:31:15,33650.0,200.0,4504600.0
1709,2021-10-07 06:31:15,33650.0,200.0,4504400.0
1710,2021-10-07 06:31:15,33650.0,5000.0,4504200.0
1711,2021-10-07 06:31:15,33650.0,1000.0,4499200.0
1712,2021-10-07 06:31:15,33650.0,1000.0,4498200.0
1713,2021-10-07 06:31:15,33650.0,100.0,4497200.0
1714,2021-10-07 06:31:15,33650.0,300.0,4497100.0
1715,2021-10-07 06:31:15,33650.0,2000.0,4496800.0
1716,2021-10-07 06:30:56,33650.0,3000.0,4494800.0
1717,2021-10-07 06:30:56,33650.0,300.0,4491800.0
1718,2021-10-07 06:30:56,33650.0,2100.0,4491500.0
1719,2021-10-07 06:30:56,33650.0,1200.0,4489400.0
1720,2021-10-07 06:30:55,33700.0,200.0,4488200.0
1721,2021-10-07 06:30:45,33700.0,300.0,4488000.0
1722,2021-10-07 06:30:34,33650.0,4000.0,4487700.0
1723,2021-10-07 06:30:28,33650.0,300.0,4483700.0
1724,2021-10-07 06:30:10,33650.0,7000.0,4483400.0
1725,2021-10-07 06:30:00,33700.0,200.0,4476400.0
1726,2021-10-07 06:30:00,33700.0,2000.0,4476200.0
1727,2021-10-07 06:29:46,33700.0,3000.0,4474200.0
1728,2021-10-07 06:29:46,33700.0,300.0,4471200.0
1729,2021-10-07 06:29:46,33700.0,200.0,4470900.0
1730,2021-10-07 06:29:46,33700.0,300.0,4470700.0
1731,2021-10-07 06:29:46,33700.0,100.0,4470400.0
1732,2021-10-07 06:29:46,33700.0,100.0,4470300.0
1733,2021-10-07 06:29:46,33700.0,100.0,4470200.0
1734,2021-10-07 06:29:46,33700.0,100.0,4470100.0
1735,2021-10-07 06:29:46,33700.0,500.0,4470000.0
1736,2021-10-07 06:29:46,33700.0,200.0,4469500.0
1737,2021-10-07 06:29:46,33700.0,600.0,4469300.0
1738,2021-10-07 06:29:46,33700.0,100.0,4468700.0
1739,2021-10-07 06:29:46,33700.0,2000.0,4468600.0
1740,2021-10-07 06:29:46,33700.0,800.0,4466600.0
1741,2021-10-07 06:29:41,33700.0,600.0,4465800.0
1742,2021-10-07 06:29:41,33700.0,2000.0,4465200.0
1743,2021-10-07 06:29:41,33700.0,100.0,4463200.0
1744,2021-10-07 06:29:41,33700.0,1000.0,4463100.0
1745,2021-10-07 06:29:41,33700.0,100.0,4462100.0
1746,2021-10-07 06:29:41,33700.0,1000.0,4462000.0
1747,2021-10-07 06:29:41,33700.0,100.0,4461000.0
1748,2021-10-07 06:29:41,33700.0,100.0,4460900.0
1749,2021-10-07 06:29:39,33700.0,200.0,4460800.0
1750,2021-10-07 06:29:39,33700.0,800.0,4460600.0
1751,2021-10-07 06:29:37,33700.0,9200.0,4459800.0
1752,2021-10-07 06:29:37,33700.0,100.0,4450600.0
1753,2021-10-07 06:29:37,33700.0,100.0,4450500.0
1754,2021-10-07 06:29:37,33700.0,600.0,4450400.0
1755,2021-10-07 06:29:36,33700.0,200.0,4449800.0
1756,2021-10-07 06:29:36,33700.0,1000.0,4449600.0
1757,2021-10-07 06:29:36,33700.0,1700.0,4448600.0
1758,2021-10-07 06:29:36,33700.0,400.0,4446900.0
1759,2021-10-07 06:29:36,33700.0,900.0,4446500.0
1760,2021-10-07 06:29:34,33700.0,200.0,4445600.0
1761,2021-10-07 06:29:34,33700.0,900.0,4445400.0
1762,2021-10-07 06:29:34,33700.0,1000.0,4444500.0
1763,2021-10-07 06:29:34,33700.0,1400.0,4443500.0
1764,2021-10-07 06:29:30,33700.0,1600.0,4442100.0
1765,2021-10-07 06:29:30,33700.0,1000.0,4440500.0
1766,2021-10-07 06:29:30,33700.0,200.0,4439500.0
1767,2021-10-07 06:29:30,33700.0,500.0,4439300.0
1768,2021-10-07 06:29:30,33700.0,1000.0,4438800.0
1769,2021-10-07 06:29:30,33700.0,3900.0,4437800.0
1770,2021-10-07 06:29:30,33700.0,1000.0,4433900.0
1771,2021-10-07 06:29:30,33700.0,800.0,4432900.0
1772,2021-10-07 06:29:25,33750.0,100.0,4432100.0
1773,2021-10-07 06:29:22,33700.0,1000.0,4432000.0
1774,2021-10-07 06:29:21,33700.0,100.0,4431000.0
1775,2021-10-07 06:29:18,33700.0,13000.0,4430900.0
1776,2021-10-07 06:29:13,33700.0,300.0,4417900.0
1777,2021-10-07 06:29:09,33700.0,6400.0,4417600.0
1778,2021-10-07 06:29:09,33700.0,500.0,4411200.0
1779,2021-10-07 06:29:09,33700.0,1000.0,4410700.0
1780,2021-10-07 06:29:09,33700.0,100.0,4409700.0
1781,2021-10-07 06:29:09,33700.0,1000.0,4409600.0
1782,2021-10-07 06:29:09,33700.0,1000.0,4408600.0
1783,2021-10-07 06:29:09,33700.0,200.0,4407600.0
1784,2021-10-07 06:29:09,33700.0,200.0,4407400.0
1785,2021-10-07 06:29:09,33700.0,1600.0,4407200.0
1786,2021-10-07 06:29:09,33700.0,500.0,4405600.0
1787,2021-10-07 06:29:09,33700.0,600.0,4405100.0
1788,2021-10-07 06:29:09,33700.0,500.0,4404500.0
1789,2021-10-07 06:29:09,33700.0,1000.0,4404000.0
1790,2021-10-07 06:29:09,33700.0,1000.0,4403000.0
1791,2021-10-07 06:29:09,33700.0,20000.0,4402000.0
1792,2021-10-07 06:29:09,33700.0,1000.0,4382000.0
1793,2021-10-07 06:29:09,33700.0,600.0,4381000.0
1794,2021-10-07 06:29:09,33700.0,100.0,4380400.0
1795,2021-10-07 06:29:09,33700.0,1100.0,4380300.0
1796,2021-10-07 06:29:09,33700.0,5000.0,4379200.0
1797,2021-10-07 06:29:09,33700.0,200.0,4374200.0
1798,2021-10-07 06:29:09,33700.0,500.0,4374000.0
1799,2021-10-07 06:29:09,33700.0,5900.0,4373500.0
1800,2021-10-07 06:29:09,33700.0,100.0,4367600.0
1801,2021-10-07 06:29:09,33700.0,100.0,4367500.0
1802,2021-10-07 06:29:09,33700.0,100.0,4367400.0
1803,2021-10-07 06:29:08,33700.0,4000.0,4367300.0
1804,2021-10-07 06:29:03,33700.0,1200.0,4363300.0
1805,2021-10-07 06:28:58,33700.0,4700.0,4362100.0
1806,2021-10-07 06:28:58,33700.0,100.0,4357400.0
1807,2021-10-07 06:28:58,33700.0,200.0,4357300.0
1808,2021-10-07 06:28:35,33700.0,100.0,4357100.0
1809,2021-10-07 06:28:33,33700.0,300.0,4357000.0
1810,2021-10-07 06:28:33,33700.0,100.0,4356700.0
1811,2021-10-07 06:28:29,33700.0,300.0,4356600.0
1812,2021-10-07 06:28:29,33700.0,300.0,4356300.0
1813,2021-10-07 06:28:29,33700.0,200.0,4356000.0
1814,2021-10-07 06:28:21,33700.0,800.0,4355800.0
1815,2021-10-07 06:28:21,33700.0,200.0,4355000.0
1816,2021-10-07 06:28:21,33700.0,200.0,4354800.0
1817,2021-10-07 06:28:21,33700.0,800.0,4354600.0
1818,2021-10-07 06:28:17,33700.0,200.0,4353800.0
1819,2021-10-07 06:28:17,33700.0,900.0,4353600.0
1820,2021-10-07 06:28:17,33700.0,200.0,4352700.0
1821,2021-10-07 06:28:17,33700.0,100.0,4352500.0
1822,2021-10-07 06:28:17,33700.0,500.0,4352400.0
1823,2021-10-07 06:28:17,33700.0,100.0,4351900.0
1824,2021-10-07 06:28:17,33700.0,2000.0,4351800.0
1825,2021-10-07 06:28:17,33700.0,200.0,4349800.0
1826,2021-10-07 06:28:17,33700.0,200.0,4349600.0
1827,2021-10-07 06:28:17,33700.0,300.0,4349400.0
1828,2021-10-07 06:28:17,33700.0,100.0,4349100.0
1829,2021-10-07 06:28:17,33700.0,900.0,4349000.0
1830,2021-10-07 06:28:17,33700.0,700.0,4348100.0
1831,2021-10-07 06:28:17,33700.0,500.0,4347400.0
1832,2021-10-07 06:28:17,33700.0,100.0,4346900.0
1833,2021-10-07 06:28:17,33700.0,100.0,4346800.0
1834,2021-10-07 06:28:17,33700.0,100.0,4346700.0
1835,2021-10-07 06:28:17,33700.0,700.0,4346600.0
1836,2021-10-07 06:28:17,33700.0,1000.0,4345900.0
1837,2021-10-07 06:28:17,33700.0,2000.0,4344900.0
1838,2021-10-07 06:28:17,33700.0,2100.0,4342900.0
1839,2021-10-07 06:28:00,33750.0,2500.0,4340800.0
1840,2021-10-07 06:28:00,33750.0,300.0,4338300.0
1841,2021-10-07 06:28:00,33750.0,100.0,4338000.0
1842,2021-10-07 06:28:00,33750.0,100.0,4337900.0
1843,2021-10-07 06:28:00,33750.0,1000.0,4337800.0
1844,2021-10-07 06:28:00,33750.0,1000.0,4336800.0
1845,2021-10-07 06:27:55,33750.0,100.0,4335800.0
1846,2021-10-07 06:27:51,33700.0,1000.0,4335700.0
1847,2021-10-07 06:27:51,33750.0,200.0,4334700.0
1848,2021-10-07 06:27:42,33700.0,100.0,4334500.0
1849,2021-10-07 06:27:32,33700.0,1800.0,4334400.0
1850,2021-10-07 06:27:32,33700.0,200.0,4332600.0
1851,2021-10-07 06:27:32,33700.0,100.0,4332400.0
1852,2021-10-07 06:27:32,33700.0,4900.0,4332300.0
1853,2021-10-07 06:27:15,33750.0,1000.0,4327400.0
1854,2021-10-07 06:27:08,33750.0,100.0,4326400.0
1855,2021-10-07 06:27:00,33750.0,100.0,4326300.0
1856,2021-10-07 06:27:00,33750.0,400.0,4326200.0
1857,2021-10-07 06:27:00,33750.0,100.0,4325800.0
1858,2021-10-07 06:27:00,33750.0,400.0,4325700.0
1859,2021-10-07 06:27:00,33750.0,100.0,4325300.0
1860,2021-10-07 06:26:53,33750.0,1200.0,4325200.0
1861,2021-10-07 06:26:35,33750.0,2000.0,4324000.0
1862,2021-10-07 06:26:21,33750.0,800.0,4322000.0
1863,2021-10-07 06:26:21,33750.0,100.0,4321200.0
1864,2021-10-07 06:26:21,33750.0,500.0,4321100.0
1865,2021-10-07 06:26:21,33750.0,600.0,4320600.0
1866,2021-10-07 06:26:13,33700.0,800.0,4320000.0
1867,2021-10-07 06:25:59,33700.0,4900.0,4319200.0
1868,2021-10-07 06:25:55,33700.0,1100.0,4314300.0
1869,2021-10-07 06:25:55,33700.0,300.0,4313200.0
1870,2021-10-07 06:25:55,33700.0,500.0,4312900.0
1871,2021-10-07 06:25:55,33700.0,100.0,4312400.0
1872,2021-10-07 06:24:59,33750.0,100.0,4312300.0
1873,2021-10-07 06:24:53,33750.0,2800.0,4312200.0
1874,2021-10-07 06:24:53,33750.0,800.0,4309400.0
1875,2021-10-07 06:24:48,33750.0,200.0,4308600.0
1876,2021-10-07 06:24:48,33750.0,200.0,4308400.0
1877,2021-10-07 06:24:48,33750.0,1600.0,4308200.0
1878,2021-10-07 06:24:47,33750.0,200.0,4306600.0
1879,2021-10-07 06:24:40,33750.0,500.0,4306400.0
1880,2021-10-07 06:24:29,33750.0,3000.0,4305900.0
1881,2021-10-07 06:24:21,33750.0,200.0,4302900.0
1882,2021-10-07 06:24:13,33750.0,30000.0,4302700.0
1883,2021-10-07 06:24:08,33750.0,500.0,4272700.0
1884,2021-10-07 06:23:29,33750.0,3300.0,4272200.0
1885,2021-10-07 06:23:24,33700.0,500.0,4268900.0
1886,2021-10-07 06:23:23,33750.0,10700.0,4268400.0
1887,2021-10-07 06:23:23,33750.0,100.0,4257700.0
1888,2021-10-07 06:23:23,33750.0,3000.0,4257600.0
1889,2021-10-07 06:23:23,33750.0,2000.0,4254600.0
1890,2021-10-07 06:23:23,33750.0,400.0,4252600.0
1891,2021-10-07 06:23:23,33750.0,100.0,4252200.0
1892,2021-10-07 06:23:23,33750.0,3700.0,4252100.0
1893,2021-10-07 06:23:12,33700.0,200.0,4248400.0
1894,2021-10-07 06:23:08,33750.0,1300.0,4248200.0
1895,2021-10-07 06:23:08,33750.0,300.0,4246900.0
1896,2021-10-07 06:23:08,33750.0,2000.0,4246600.0
1897,2021-10-07 06:23:08,33750.0,3000.0,4244600.0
1898,2021-10-07 06:23:08,33750.0,100.0,4241600.0
1899,2021-10-07 06:23:08,33750.0,1400.0,4241500.0
1900,2021-10-07 06:23:08,33750.0,1900.0,4240100.0
1901,2021-10-07 06:22:53,33750.0,2000.0,4238200.0
1902,2021-10-07 06:22:52,33750.0,500.0,4236200.0
1903,2021-10-07 06:22:48,33750.0,3000.0,4235700.0
1904,2021-10-07 06:22:24,33750.0,2000.0,4232700.0
1905,2021-10-07 06:21:37,33750.0,300.0,4230700.0
1906,2021-10-07 06:21:37,33750.0,3000.0,4230400.0
1907,2021-10-07 06:21:37,33750.0,1000.0,4227400.0
1908,2021-10-07 06:21:37,33750.0,500.0,4226400.0
1909,2021-10-07 06:21:37,33750.0,200.0,4225900.0
1910,2021-10-07 06:21:37,33750.0,5600.0,4225700.0
1911,2021-10-07 06:21:36,33750.0,100.0,4220100.0
1912,2021-10-07 06:21:32,33750.0,300.0,4220000.0
1913,2021-10-07 06:21:32,33750.0,100.0,4219700.0
1914,2021-10-07 06:21:32,33750.0,100.0,4219600.0
1915,2021-10-07 06:21:22,33750.0,900.0,4219500.0
1916,2021-10-07 06:21:22,33750.0,100.0,4218600.0
1917,2021-10-07 06:21:22,33750.0,1000.0,4218500.0
1918,2021-10-07 06:21:22,33750.0,600.0,4217500.0
1919,2021-10-07 06:21:22,33750.0,17400.0,4216900.0
1920,2021-10-07 06:21:03,33750.0,100.0,4199500.0
1921,2021-10-07 06:20:49,33750.0,1000.0,4199400.0
1922,2021-10-07 06:20:48,33750.0,3900.0,4198400.0
1923,2021-10-07 06:20:48,33750.0,600.0,4194500.0
1924,2021-10-07 06:20:48,33750.0,27000.0,4193900.0
1925,2021-10-07 06:20:40,33750.0,1300.0,4166900.0
1926,2021-10-07 06:20:34,33750.0,200.0,4165600.0
1927,2021-10-07 06:20:34,33750.0,20000.0,4165400.0
1928,2021-10-07 06:20:34,33750.0,500.0,4145400.0
1929,2021-10-07 06:20:34,33750.0,1000.0,4144900.0
1930,2021-10-07 06:20:32,33750.0,300.0,4143900.0
1931,2021-10-07 06:20:32,33800.0,1400.0,4143600.0
1932,2021-10-07 06:20:32,33800.0,100.0,4142200.0
1933,2021-10-07 06:20:32,33800.0,8500.0,4142100.0
1934,2021-10-07 06:20:26,33750.0,1000.0,4133600.0
1935,2021-10-07 06:20:22,33750.0,1000.0,4132600.0
1936,2021-10-07 06:20:20,33750.0,200.0,4131600.0
1937,2021-10-07 06:20:10,33800.0,5000.0,4131400.0
1938,2021-10-07 06:20:09,33750.0,5000.0,4126400.0
1939,2021-10-07 06:20:04,33750.0,1000.0,4121400.0
1940,2021-10-07 06:19:54,33750.0,200.0,4120400.0
1941,2021-10-07 06:19:54,33750.0,1400.0,4120200.0
1942,2021-10-07 06:19:54,33750.0,800.0,4118800.0
1943,2021-10-07 06:19:54,33750.0,38100.0,4118000.0
1944,2021-10-07 06:19:53,33750.0,1000.0,4079900.0
1945,2021-10-07 06:19:41,33750.0,500.0,4078900.0
1946,2021-10-07 06:19:35,33750.0,100.0,4078400.0
1947,2021-10-07 06:19:33,33750.0,200.0,4078300.0
1948,2021-10-07 06:19:33,33750.0,10000.0,4078100.0
1949,2021-10-07 06:19:33,33750.0,100.0,4068100.0
1950,2021-10-07 06:19:33,33750.0,500.0,4068000.0
1951,2021-10-07 06:19:33,33750.0,19500.0,4067500.0
1952,2021-10-07 06:19:05,33800.0,100.0,4048000.0
1953,2021-10-07 06:19:01,33750.0,300.0,4047900.0
1954,2021-10-07 06:19:01,33750.0,1000.0,4047600.0
1955,2021-10-07 06:19:01,33750.0,100.0,4046600.0
1956,2021-10-07 06:19:01,33750.0,29100.0,4046500.0
1957,2021-10-07 06:18:56,33750.0,1000.0,4017400.0
1958,2021-10-07 06:18:50,33750.0,2000.0,4016400.0
1959,2021-10-07 06:18:44,33750.0,100.0,4014400.0
1960,2021-10-07 06:18:44,33750.0,4700.0,4014300.0
1961,2021-10-07 06:18:35,33750.0,1000.0,4009600.0
1962,2021-10-07 06:18:24,33750.0,100.0,4008600.0
1963,2021-10-07 06:18:22,33750.0,200.0,4008500.0
1964,2021-10-07 06:18:22,33750.0,200.0,4008300.0
1965,2021-10-07 06:18:22,33750.0,2000.0,4008100.0
1966,2021-10-07 06:18:22,33750.0,3000.0,4006100.0
1967,2021-10-07 06:18:22,33750.0,100.0,4003100.0
1968,2021-10-07 06:18:22,33750.0,1000.0,4003000.0
1969,2021-10-07 06:18:22,33750.0,1400.0,4002000.0
1970,2021-10-07 06:18:22,33750.0,100.0,4000600.0
1971,2021-10-07 06:18:22,33750.0,100.0,4000500.0
1972,2021-10-07 06:18:22,33750.0,1500.0,4000400.0
1973,2021-10-07 06:18:22,33750.0,200.0,3998900.0
1974,2021-10-07 06:18:22,33750.0,2200.0,3998700.0
1975,2021-10-07 06:18:15,33800.0,200.0,3996500.0
1976,2021-10-07 06:18:10,33750.0,1000.0,3996300.0
1977,2021-10-07 06:18:00,33800.0,100.0,3995300.0
1978,2021-10-07 06:17:54,33800.0,100.0,3995200.0
1979,2021-10-07 06:17:53,33750.0,500.0,3995100.0
1980,2021-10-07 06:17:51,33750.0,1000.0,3994600.0
1981,2021-10-07 06:17:37,33750.0,100.0,3993600.0
1982,2021-10-07 06:17:27,33750.0,10000.0,3993500.0
1983,2021-10-07 06:17:13,33750.0,100.0,3983500.0
1984,2021-10-07 06:16:57,33750.0,100.0,3983400.0
1985,2021-10-07 06:16:50,33750.0,100.0,3983300.0
1986,2021-10-07 06:16:44,33750.0,1000.0,3983200.0
1987,2021-10-07 06:16:44,33750.0,200.0,3982200.0
1988,2021-10-07 06:16:37,33750.0,100.0,3982000.0
1989,2021-10-07 06:16:37,33750.0,400.0,3981900.0
1990,2021-10-07 06:16:13,33750.0,100.0,3981500.0
1991,2021-10-07 06:16:08,33750.0,500.0,3981400.0
1992,2021-10-07 06:16:08,33750.0,500.0,3980900.0
1993,2021-10-07 06:16:08,33750.0,1300.0,3980400.0
1994,2021-10-07 06:16:08,33750.0,1000.0,3979100.0
1995,2021-10-07 06:16:08,33750.0,700.0,3978100.0
1996,2021-10-07 06:16:01,33750.0,300.0,3977400.0
1997,2021-10-07 06:16:01,33750.0,600.0,3977100.0
1998,2021-10-07 06:16:01,33750.0,100.0,3976500.0
1999,2021-10-07 06:16:01,33750.0,100.0,3976400.0
2000,2021-10-07 06:16:01,33750.0,500.0,3976300.0
2001,2021-10-07 06:16:01,33750.0,500.0,3975800.0
2002,2021-10-07 06:16:01,33750.0,400.0,3975300.0
2003,2021-10-07 06:15:57,33750.0,100.0,3974900.0
2004,2021-10-07 06:15:50,33750.0,100.0,3974800.0
2005,2021-10-07 06:15:41,33750.0,100.0,3974700.0
2006,2021-10-07 06:15:35,33750.0,300.0,3974600.0
2007,2021-10-07 06:15:35,33750.0,900.0,3974300.0
2008,2021-10-07 06:15:35,33750.0,300.0,3973400.0
2009,2021-10-07 06:15:21,33750.0,5000.0,3973100.0
2010,2021-10-07 06:15:09,33750.0,500.0,3968100.0
2011,2021-10-07 06:15:06,33750.0,3200.0,3967600.0
2012,2021-10-07 06:15:06,33750.0,100.0,3964400.0
2013,2021-10-07 06:15:06,33750.0,100.0,3964300.0
2014,2021-10-07 06:15:06,33750.0,1600.0,3964200.0
2015,2021-10-07 06:15:04,33750.0,100.0,3962600.0
2016,2021-10-07 06:14:56,33750.0,500.0,3962500.0
2017,2021-10-07 06:14:56,33750.0,500.0,3962000.0
2018,2021-10-07 06:14:56,33750.0,100.0,3961500.0
2019,2021-10-07 06:14:55,33750.0,100.0,3961400.0
2020,2021-10-07 06:14:46,33750.0,100.0,3961300.0
2021,2021-10-07 06:14:46,33750.0,300.0,3961200.0
2022,2021-10-07 06:14:38,33750.0,200.0,3960900.0
2023,2021-10-07 06:14:38,33750.0,500.0,3960700.0
2024,2021-10-07 06:14:38,33750.0,600.0,3960200.0
2025,2021-10-07 06:14:38,33750.0,1200.0,3959600.0
2026,2021-10-07 06:14:36,33750.0,300.0,3958400.0
2027,2021-10-07 06:14:31,33750.0,100.0,3958100.0
2028,2021-10-07 06:14:28,33750.0,100.0,3958000.0
2029,2021-10-07 06:14:21,33750.0,200.0,3957900.0
2030,2021-10-07 06:14:09,33750.0,600.0,3957700.0
2031,2021-10-07 06:14:09,33750.0,100.0,3957100.0
2032,2021-10-07 06:14:09,33750.0,200.0,3957000.0
2033,2021-10-07 06:14:09,33750.0,200.0,3956800.0
2034,2021-10-07 06:14:09,33750.0,1800.0,3956600.0
2035,2021-10-07 06:14:09,33750.0,300.0,3954800.0
2036,2021-10-07 06:14:09,33750.0,900.0,3954500.0
2037,2021-10-07 06:14:06,33750.0,500.0,3953600.0
2038,2021-10-07 06:13:58,33750.0,100.0,3953100.0
2039,2021-10-07 06:13:53,33750.0,200.0,3953000.0
2040,2021-10-07 06:13:42,33750.0,300.0,3952800.0
2041,2021-10-07 06:13:42,33750.0,5000.0,3952500.0
2042,2021-10-07 06:13:42,33750.0,100.0,3947500.0
2043,2021-10-07 06:13:42,33750.0,1000.0,3947400.0
2044,2021-10-07 06:13:42,33750.0,2000.0,3946400.0
2045,2021-10-07 06:13:42,33750.0,800.0,3944400.0
2046,2021-10-07 06:13:42,33750.0,1900.0,3943600.0
2047,2021-10-07 06:13:42,33750.0,100.0,3941700.0
2048,2021-10-07 06:13:42,33750.0,2000.0,3941600.0
