,Time,Price,Volume_per_trade,Volume
0,2021-10-17 07:45:01,11900.0,100.0,2178400.0
1,2021-10-17 07:45:01,11900.0,600.0,2178300.0
2,2021-10-17 07:45:01,11900.0,6000.0,2177700.0
3,2021-10-17 07:45:01,11900.0,2200.0,2171700.0
4,2021-10-17 07:45:01,11900.0,700.0,2169500.0
5,2021-10-17 07:45:01,11900.0,4000.0,2168800.0
6,2021-10-17 07:45:01,11900.0,300.0,2164800.0
7,2021-10-17 07:45:01,11900.0,500.0,2164500.0
8,2021-10-17 07:45:01,11900.0,2000.0,2164000.0
9,2021-10-17 07:45:01,11900.0,200.0,2162000.0
10,2021-10-17 07:45:01,11900.0,200.0,2161800.0
11,2021-10-17 07:45:01,11900.0,100.0,2161600.0
12,2021-10-17 07:45:01,11900.0,500.0,2161500.0
13,2021-10-17 07:45:01,11900.0,100.0,2161000.0
14,2021-10-17 07:45:01,11900.0,800.0,2160900.0
15,2021-10-17 07:45:01,11900.0,500.0,2160100.0
16,2021-10-17 07:45:01,11900.0,200.0,2159600.0
17,2021-10-17 07:45:01,11900.0,1000.0,2159400.0
18,2021-10-17 07:45:01,11900.0,1000.0,2158400.0
19,2021-10-17 07:45:01,11900.0,5700.0,2157400.0
20,2021-10-17 07:45:01,11900.0,100.0,2151700.0
21,2021-10-17 07:45:01,11900.0,600.0,2151600.0
22,2021-10-17 07:45:01,11900.0,1000.0,2151000.0
23,2021-10-17 07:45:01,11900.0,10000.0,2150000.0
24,2021-10-17 07:45:01,11900.0,400.0,2140000.0
25,2021-10-17 07:45:01,11900.0,1000.0,2139600.0
26,2021-10-17 07:45:01,11900.0,1000.0,2138600.0
27,2021-10-17 07:45:01,11900.0,500.0,2137600.0
28,2021-10-17 07:45:01,11900.0,2000.0,2137100.0
29,2021-10-17 07:45:01,11900.0,200.0,2135100.0
30,2021-10-17 07:45:01,11900.0,1000.0,2134900.0
31,2021-10-17 07:45:01,11900.0,300.0,2133900.0
32,2021-10-17 07:45:01,11900.0,1000.0,2133600.0
33,2021-10-17 07:45:01,11900.0,500.0,2132600.0
34,2021-10-17 07:45:01,11900.0,200.0,2132100.0
35,2021-10-17 07:45:01,11900.0,500.0,2131900.0
36,2021-10-17 07:45:01,11900.0,400.0,2131400.0
37,2021-10-17 07:45:01,11900.0,1000.0,2131000.0
38,2021-10-17 07:45:01,11900.0,3900.0,2130000.0
39,2021-10-17 07:45:01,11900.0,200.0,2126100.0
40,2021-10-17 07:45:01,11900.0,500.0,2125900.0
41,2021-10-17 07:45:01,11900.0,100.0,2125400.0
42,2021-10-17 07:45:01,11900.0,100.0,2125300.0
43,2021-10-17 07:45:01,11900.0,700.0,2125200.0
44,2021-10-17 07:45:01,11900.0,100.0,2124500.0
45,2021-10-17 07:45:01,11900.0,1200.0,2124400.0
46,2021-10-17 07:45:01,11900.0,200.0,2123200.0
47,2021-10-17 07:45:01,11900.0,200.0,2123000.0
48,2021-10-17 07:45:01,11900.0,1000.0,2122800.0
49,2021-10-17 07:45:01,11900.0,100.0,2121800.0
50,2021-10-17 07:45:01,11900.0,3000.0,2121700.0
51,2021-10-17 07:45:01,11900.0,200.0,2118700.0
52,2021-10-17 07:45:01,11900.0,300.0,2118500.0
53,2021-10-17 07:45:01,11900.0,100.0,2118200.0
54,2021-10-17 07:45:01,11900.0,200.0,2118100.0
55,2021-10-17 07:45:01,11900.0,200.0,2117900.0
56,2021-10-17 07:45:01,11900.0,800.0,2117700.0
57,2021-10-17 07:45:01,11900.0,400.0,2116900.0
58,2021-10-17 07:45:01,11900.0,1600.0,2116500.0
59,2021-10-17 07:45:01,11900.0,2000.0,2114900.0
60,2021-10-17 07:45:01,11900.0,200.0,2112900.0
61,2021-10-17 07:45:01,11900.0,1000.0,2112700.0
62,2021-10-17 07:45:01,11900.0,2500.0,2111700.0
63,2021-10-17 07:45:01,11900.0,200.0,2109200.0
64,2021-10-17 07:45:01,11900.0,100.0,2109000.0
65,2021-10-17 07:45:01,11900.0,300.0,2108900.0
66,2021-10-17 07:45:01,11900.0,500.0,2108600.0
67,2021-10-17 07:45:01,11900.0,300.0,2108100.0
68,2021-10-17 07:45:01,11900.0,3500.0,2107800.0
69,2021-10-17 07:45:01,11900.0,400.0,2104300.0
70,2021-10-17 07:45:01,11900.0,100.0,2103900.0
71,2021-10-17 07:45:01,11900.0,400.0,2103800.0
72,2021-10-17 07:45:01,11900.0,100.0,2103400.0
73,2021-10-17 07:45:01,11900.0,200.0,2103300.0
74,2021-10-17 07:45:01,11900.0,100.0,2103100.0
75,2021-10-17 07:29:33,11700.0,2200.0,2103000.0
76,2021-10-17 07:29:33,11700.0,2800.0,2100800.0
77,2021-10-17 07:28:30,11650.0,200.0,2098000.0
78,2021-10-17 07:28:30,11650.0,200.0,2097800.0
79,2021-10-17 07:28:14,11650.0,1000.0,2097600.0
80,2021-10-17 07:28:12,11650.0,500.0,2096600.0
81,2021-10-17 07:28:04,11650.0,1000.0,2096100.0
82,2021-10-17 07:27:40,11650.0,500.0,2095100.0
83,2021-10-17 07:27:40,11650.0,1000.0,2094600.0
84,2021-10-17 07:27:40,11650.0,100.0,2093600.0
85,2021-10-17 07:27:40,11650.0,1000.0,2093500.0
86,2021-10-17 07:27:40,11650.0,1000.0,2092500.0
87,2021-10-17 07:27:40,11650.0,100.0,2091500.0
88,2021-10-17 07:27:40,11650.0,1500.0,2091400.0
89,2021-10-17 07:27:40,11650.0,500.0,2089900.0
90,2021-10-17 07:27:40,11650.0,500.0,2089400.0
91,2021-10-17 07:27:40,11650.0,1000.0,2088900.0
92,2021-10-17 07:27:40,11650.0,100.0,2087900.0
93,2021-10-17 07:27:40,11650.0,500.0,2087800.0
94,2021-10-17 07:27:40,11650.0,4500.0,2087300.0
95,2021-10-17 07:27:39,11650.0,100.0,2082800.0
96,2021-10-17 07:26:42,11650.0,400.0,2082700.0
97,2021-10-17 07:26:42,11650.0,600.0,2082300.0
98,2021-10-17 07:26:42,11650.0,400.0,2081700.0
99,2021-10-17 07:26:21,11650.0,100.0,2081300.0
100,2021-10-17 07:25:59,11650.0,500.0,2081200.0
101,2021-10-17 07:25:59,11650.0,4500.0,2080700.0
102,2021-10-17 07:25:36,11650.0,500.0,2076200.0
103,2021-10-17 07:24:24,11700.0,300.0,2075700.0
104,2021-10-17 07:23:58,11650.0,100.0,2075400.0
105,2021-10-17 07:23:10,11650.0,1400.0,2075300.0
106,2021-10-17 07:23:10,11650.0,900.0,2073900.0
107,2021-10-17 07:23:09,11650.0,4100.0,2073000.0
108,2021-10-17 07:23:09,11650.0,300.0,2068900.0
109,2021-10-17 07:23:09,11650.0,700.0,2068600.0
110,2021-10-17 07:23:09,11650.0,2500.0,2067900.0
111,2021-10-17 07:23:09,11650.0,600.0,2065400.0
112,2021-10-17 07:23:09,11650.0,500.0,2064800.0
113,2021-10-17 07:23:09,11650.0,100.0,2064300.0
114,2021-10-17 07:22:50,11650.0,1000.0,2064200.0
115,2021-10-17 07:22:35,11650.0,200.0,2063200.0
116,2021-10-17 07:22:32,11650.0,500.0,2063000.0
117,2021-10-17 07:22:26,11650.0,200.0,2062500.0
118,2021-10-17 07:22:26,11650.0,500.0,2062300.0
119,2021-10-17 07:22:26,11650.0,2000.0,2061800.0
120,2021-10-17 07:22:26,11650.0,2500.0,2059800.0
121,2021-10-17 07:22:26,11650.0,300.0,2057300.0
122,2021-10-17 07:22:26,11650.0,400.0,2057000.0
123,2021-10-17 07:22:26,11650.0,300.0,2056600.0
124,2021-10-17 07:22:26,11650.0,300.0,2056300.0
125,2021-10-17 07:22:26,11650.0,100.0,2056000.0
126,2021-10-17 07:22:26,11650.0,100.0,2055900.0
127,2021-10-17 07:22:26,11650.0,1900.0,2055800.0
128,2021-10-17 07:22:26,11650.0,900.0,2053900.0
129,2021-10-17 07:22:26,11650.0,200.0,2053000.0
130,2021-10-17 07:22:26,11650.0,300.0,2052800.0
131,2021-10-17 07:22:03,11700.0,1000.0,2052500.0
132,2021-10-17 07:22:03,11700.0,600.0,2051500.0
133,2021-10-17 07:22:03,11700.0,700.0,2050900.0
134,2021-10-17 07:22:03,11700.0,200.0,2050200.0
135,2021-10-17 07:22:03,11700.0,100.0,2050000.0
136,2021-10-17 07:22:03,11700.0,100.0,2049900.0
137,2021-10-17 07:22:03,11700.0,300.0,2049800.0
138,2021-10-17 07:22:03,11700.0,1000.0,2049500.0
139,2021-10-17 07:22:03,11700.0,5000.0,2048500.0
140,2021-10-17 07:22:03,11700.0,2000.0,2043500.0
141,2021-10-17 07:22:03,11700.0,300.0,2041500.0
142,2021-10-17 07:22:03,11700.0,1800.0,2041200.0
143,2021-10-17 07:22:03,11700.0,3800.0,2039400.0
144,2021-10-17 07:21:59,11700.0,1200.0,2035600.0
145,2021-10-17 07:21:59,11700.0,200.0,2034400.0
146,2021-10-17 07:21:59,11700.0,300.0,2034200.0
147,2021-10-17 07:21:53,11700.0,200.0,2033900.0
148,2021-10-17 07:21:53,11700.0,600.0,2033700.0
149,2021-10-17 07:21:53,11700.0,100.0,2033100.0
150,2021-10-17 07:21:53,11700.0,500.0,2033000.0
151,2021-10-17 07:21:53,11700.0,600.0,2032500.0
152,2021-10-17 07:21:49,11750.0,200.0,2031900.0
153,2021-10-17 07:21:48,11700.0,100.0,2031700.0
154,2021-10-17 07:21:25,11700.0,300.0,2031600.0
155,2021-10-17 07:21:25,11700.0,700.0,2031300.0
156,2021-10-17 07:21:10,11700.0,500.0,2030600.0
157,2021-10-17 07:20:43,11700.0,1000.0,2030100.0
158,2021-10-17 07:20:43,11700.0,300.0,2029100.0
159,2021-10-17 07:20:43,11700.0,2500.0,2028800.0
160,2021-10-17 07:20:41,11700.0,1000.0,2026300.0
161,2021-10-17 07:20:38,11700.0,500.0,2025300.0
162,2021-10-17 07:20:33,11700.0,500.0,2024800.0
163,2021-10-17 07:20:18,11700.0,500.0,2024300.0
164,2021-10-17 07:20:18,11700.0,100.0,2023800.0
165,2021-10-17 07:20:18,11700.0,2000.0,2023700.0
166,2021-10-17 07:20:18,11700.0,500.0,2021700.0
167,2021-10-17 07:20:18,11700.0,100.0,2021200.0
168,2021-10-17 07:20:18,11700.0,6800.0,2021100.0
169,2021-10-17 07:20:03,11700.0,500.0,2014300.0
170,2021-10-17 07:19:58,11700.0,2700.0,2013800.0
171,2021-10-17 07:19:58,11700.0,300.0,2011100.0
172,2021-10-17 07:19:18,11750.0,400.0,2010800.0
173,2021-10-17 07:19:18,11750.0,3100.0,2010400.0
174,2021-10-17 07:19:18,11750.0,18000.0,2007300.0
175,2021-10-17 07:19:18,11750.0,3000.0,1989300.0
176,2021-10-17 07:19:18,11750.0,100.0,1986300.0
177,2021-10-17 07:19:18,11750.0,200.0,1986200.0
178,2021-10-17 07:19:18,11750.0,400.0,1986000.0
179,2021-10-17 07:19:15,11750.0,4600.0,1985600.0
180,2021-10-17 07:19:15,11750.0,4000.0,1981000.0
181,2021-10-17 07:19:15,11750.0,6000.0,1977000.0
182,2021-10-17 07:19:15,11750.0,1000.0,1971000.0
183,2021-10-17 07:19:15,11750.0,2200.0,1970000.0
184,2021-10-17 07:19:15,11750.0,2900.0,1967800.0
185,2021-10-17 07:19:14,11750.0,1000.0,1964900.0
186,2021-10-17 07:19:06,11750.0,2000.0,1963900.0
187,2021-10-17 07:19:03,11750.0,10000.0,1961900.0
188,2021-10-17 07:19:01,11750.0,1000.0,1951900.0
189,2021-10-17 07:19:01,11750.0,900.0,1950900.0
190,2021-10-17 07:19:01,11750.0,500.0,1950000.0
191,2021-10-17 07:19:01,11750.0,200.0,1949500.0
192,2021-10-17 07:19:01,11750.0,400.0,1949300.0
193,2021-10-17 07:18:53,11750.0,600.0,1948900.0
194,2021-10-17 07:18:53,11750.0,1000.0,1948300.0
195,2021-10-17 07:18:53,11750.0,10000.0,1947300.0
196,2021-10-17 07:18:53,11750.0,2500.0,1937300.0
197,2021-10-17 07:18:53,11750.0,100.0,1934800.0
198,2021-10-17 07:18:53,11750.0,100.0,1934700.0
199,2021-10-17 07:18:53,11750.0,1000.0,1934600.0
200,2021-10-17 07:18:53,11750.0,600.0,1933600.0
201,2021-10-17 07:18:53,11750.0,300.0,1933000.0
202,2021-10-17 07:18:53,11750.0,900.0,1932700.0
203,2021-10-17 07:18:53,11750.0,2900.0,1931800.0
204,2021-10-17 07:18:49,11750.0,1000.0,1928900.0
205,2021-10-17 07:18:47,11750.0,1000.0,1927900.0
206,2021-10-17 07:18:39,11750.0,600.0,1926900.0
207,2021-10-17 07:18:19,11750.0,2000.0,1926300.0
208,2021-10-17 07:18:16,11750.0,1000.0,1924300.0
209,2021-10-17 07:18:13,11750.0,1000.0,1923300.0
210,2021-10-17 07:18:13,11750.0,1500.0,1922300.0
211,2021-10-17 07:18:13,11750.0,100.0,1920800.0
212,2021-10-17 07:18:13,11750.0,100.0,1920700.0
213,2021-10-17 07:18:13,11750.0,300.0,1920600.0
214,2021-10-17 07:18:13,11750.0,500.0,1920300.0
215,2021-10-17 07:18:05,11750.0,1200.0,1919800.0
216,2021-10-17 07:18:05,11750.0,400.0,1918600.0
217,2021-10-17 07:17:47,11750.0,200.0,1918200.0
218,2021-10-17 07:17:28,11800.0,5000.0,1918000.0
219,2021-10-17 07:16:30,11800.0,200.0,1913000.0
220,2021-10-17 07:16:06,11800.0,500.0,1912800.0
221,2021-10-17 07:14:48,11800.0,5000.0,1912300.0
222,2021-10-17 07:14:48,11800.0,14400.0,1907300.0
223,2021-10-17 07:14:47,11800.0,600.0,1892900.0
224,2021-10-17 07:14:47,11800.0,500.0,1892300.0
225,2021-10-17 07:14:47,11800.0,1900.0,1891800.0
226,2021-10-17 07:14:10,11800.0,1000.0,1889900.0
227,2021-10-17 07:13:57,11800.0,1000.0,1888900.0
228,2021-10-17 07:13:57,11800.0,100.0,1887900.0
229,2021-10-17 07:13:57,11800.0,1000.0,1887800.0
230,2021-10-17 07:13:57,11750.0,100.0,1886800.0
231,2021-10-17 07:13:46,11800.0,700.0,1886700.0
232,2021-10-17 07:13:46,11800.0,500.0,1886000.0
233,2021-10-17 07:13:46,11800.0,800.0,1885500.0
234,2021-10-17 07:13:24,11800.0,100.0,1884700.0
235,2021-10-17 07:13:24,11800.0,1000.0,1884600.0
236,2021-10-17 07:13:24,11800.0,3100.0,1883600.0
237,2021-10-17 07:13:01,11800.0,1000.0,1880500.0
238,2021-10-17 07:12:53,11800.0,1400.0,1879500.0
239,2021-10-17 07:12:45,11800.0,200.0,1878100.0
240,2021-10-17 07:12:37,11800.0,900.0,1877900.0
241,2021-10-17 07:12:22,11850.0,1000.0,1877000.0
242,2021-10-17 07:11:56,11800.0,3400.0,1876000.0
243,2021-10-17 07:11:56,11800.0,6600.0,1872600.0
244,2021-10-17 07:11:55,11800.0,1000.0,1866000.0
245,2021-10-17 07:11:44,11800.0,100.0,1865000.0
246,2021-10-17 07:11:44,11800.0,4300.0,1864900.0
247,2021-10-17 07:11:23,11800.0,700.0,1860600.0
248,2021-10-17 07:11:13,11800.0,3000.0,1859900.0
249,2021-10-17 07:11:13,11800.0,1000.0,1856900.0
250,2021-10-17 07:11:13,11800.0,300.0,1855900.0
251,2021-10-17 07:10:24,11800.0,2000.0,1855600.0
252,2021-10-17 07:09:43,11800.0,2000.0,1853600.0
253,2021-10-17 07:09:19,11800.0,3000.0,1851600.0
254,2021-10-17 07:09:17,11800.0,100.0,1848600.0
255,2021-10-17 07:08:48,11800.0,200.0,1848500.0
256,2021-10-17 07:08:34,11800.0,2400.0,1848300.0
257,2021-10-17 07:08:21,11800.0,300.0,1845900.0
258,2021-10-17 07:08:21,11800.0,2300.0,1845600.0
259,2021-10-17 07:07:55,11800.0,400.0,1843300.0
260,2021-10-17 07:07:38,11800.0,100.0,1842900.0
261,2021-10-17 07:07:36,11800.0,1000.0,1842800.0
262,2021-10-17 07:07:36,11800.0,1000.0,1841800.0
263,2021-10-17 07:07:36,11800.0,1200.0,1840800.0
264,2021-10-17 07:07:36,11800.0,4000.0,1839600.0
265,2021-10-17 07:07:16,11800.0,500.0,1835600.0
266,2021-10-17 07:07:11,11800.0,200.0,1835100.0
267,2021-10-17 07:06:36,11800.0,600.0,1834900.0
268,2021-10-17 07:06:23,11800.0,200.0,1834300.0
269,2021-10-17 07:05:16,11800.0,300.0,1834100.0
270,2021-10-17 07:05:16,11800.0,700.0,1833800.0
271,2021-10-17 07:04:42,11800.0,800.0,1833100.0
272,2021-10-17 07:04:42,11800.0,200.0,1832300.0
273,2021-10-17 07:03:58,11800.0,1000.0,1832100.0
274,2021-10-17 07:03:58,11800.0,500.0,1831100.0
275,2021-10-17 07:03:58,11800.0,1000.0,1830600.0
276,2021-10-17 07:03:58,11800.0,1000.0,1829600.0
277,2021-10-17 07:03:58,11800.0,300.0,1828600.0
278,2021-10-17 07:03:34,11800.0,4000.0,1828300.0
279,2021-10-17 07:03:06,11850.0,1200.0,1824300.0
280,2021-10-17 07:03:06,11850.0,500.0,1823100.0
281,2021-10-17 07:03:06,11850.0,2000.0,1822600.0
282,2021-10-17 07:03:06,11850.0,100.0,1820600.0
283,2021-10-17 07:03:06,11850.0,300.0,1820500.0
284,2021-10-17 07:03:04,11800.0,100.0,1820200.0
285,2021-10-17 07:02:03,11850.0,3000.0,1820100.0
286,2021-10-17 07:02:03,11850.0,800.0,1817100.0
287,2021-10-17 07:02:03,11850.0,500.0,1816300.0
288,2021-10-17 07:02:03,11850.0,700.0,1815800.0
289,2021-10-17 07:01:55,11850.0,4300.0,1815100.0
290,2021-10-17 07:01:55,11850.0,100.0,1810800.0
291,2021-10-17 07:01:55,11850.0,3000.0,1810700.0
292,2021-10-17 07:01:55,11850.0,1000.0,1807700.0
293,2021-10-17 07:01:55,11850.0,4300.0,1806700.0
294,2021-10-17 07:01:40,11800.0,1000.0,1802400.0
295,2021-10-17 07:01:22,11800.0,200.0,1801400.0
296,2021-10-17 07:01:08,11800.0,9400.0,1801200.0
297,2021-10-17 07:01:04,11800.0,1000.0,1791800.0
298,2021-10-17 07:00:53,11800.0,1600.0,1790800.0
299,2021-10-17 07:00:53,11800.0,1400.0,1789200.0
300,2021-10-17 07:00:32,11800.0,600.0,1787800.0
301,2021-10-17 07:00:24,11800.0,500.0,1787200.0
302,2021-10-17 07:00:14,11800.0,800.0,1786700.0
303,2021-10-17 07:00:07,11800.0,100.0,1785900.0
304,2021-10-17 07:00:05,11800.0,200.0,1785800.0
305,2021-10-17 06:59:52,11800.0,300.0,1785600.0
306,2021-10-17 06:59:42,11800.0,100.0,1785300.0
307,2021-10-17 06:59:42,11800.0,900.0,1785200.0
308,2021-10-17 06:59:18,11800.0,100.0,1784300.0
309,2021-10-17 06:58:57,11800.0,500.0,1784200.0
310,2021-10-17 06:58:42,11800.0,500.0,1783700.0
311,2021-10-17 06:58:33,11800.0,300.0,1783200.0
312,2021-10-17 06:57:54,11800.0,100.0,1782900.0
313,2021-10-17 06:57:26,11800.0,400.0,1782800.0
314,2021-10-17 06:57:13,11800.0,500.0,1782400.0
315,2021-10-17 06:57:06,11800.0,200.0,1781900.0
316,2021-10-17 06:57:06,11800.0,400.0,1781700.0
317,2021-10-17 06:56:42,11800.0,100.0,1781300.0
318,2021-10-17 06:55:10,11850.0,1500.0,1781200.0
319,2021-10-17 06:54:46,11800.0,1000.0,1779700.0
320,2021-10-17 06:54:45,11800.0,1000.0,1778700.0
321,2021-10-17 06:54:45,11800.0,2500.0,1777700.0
322,2021-10-17 06:54:20,11800.0,500.0,1775200.0
323,2021-10-17 06:53:55,11750.0,100.0,1774700.0
324,2021-10-17 06:53:43,11800.0,2000.0,1774600.0
325,2021-10-17 06:51:46,11750.0,100.0,1772600.0
326,2021-10-17 06:51:11,11750.0,200.0,1772500.0
327,2021-10-17 06:51:09,11850.0,4100.0,1772300.0
328,2021-10-17 06:51:09,11800.0,200.0,1768200.0
329,2021-10-17 06:51:09,11800.0,2000.0,1768000.0
330,2021-10-17 06:51:09,11800.0,1000.0,1766000.0
331,2021-10-17 06:51:09,11800.0,500.0,1765000.0
332,2021-10-17 06:51:09,11800.0,1000.0,1764500.0
333,2021-10-17 06:51:09,11800.0,2200.0,1763500.0
334,2021-10-17 06:51:09,11800.0,500.0,1761300.0
335,2021-10-17 06:51:09,11800.0,1000.0,1760800.0
336,2021-10-17 06:51:09,11800.0,1000.0,1759800.0
337,2021-10-17 06:51:09,11800.0,6500.0,1758800.0
338,2021-10-17 06:51:09,11800.0,1000.0,1752300.0
339,2021-10-17 06:50:53,11750.0,10000.0,1751300.0
340,2021-10-17 06:50:38,11750.0,2000.0,1741300.0
341,2021-10-17 06:50:04,11800.0,100.0,1739300.0
342,2021-10-17 06:49:30,11750.0,7300.0,1739200.0
343,2021-10-17 06:49:30,11750.0,1000.0,1731900.0
344,2021-10-17 06:49:30,11750.0,1700.0,1730900.0
345,2021-10-17 06:48:37,11800.0,4000.0,1729200.0
346,2021-10-17 06:48:37,11800.0,100.0,1725200.0
347,2021-10-17 06:48:25,11800.0,1000.0,1725100.0
348,2021-10-17 06:48:09,11800.0,1000.0,1724100.0
349,2021-10-17 06:47:31,11800.0,4200.0,1723100.0
350,2021-10-17 06:47:19,11800.0,100.0,1718900.0
351,2021-10-17 06:46:34,11750.0,200.0,1718800.0
352,2021-10-17 06:46:34,11750.0,300.0,1718600.0
353,2021-10-17 06:46:34,11750.0,200.0,1718300.0
354,2021-10-17 06:45:47,11800.0,1100.0,1718100.0
355,2021-10-17 06:45:47,11800.0,1000.0,1717000.0
356,2021-10-17 06:45:47,11800.0,600.0,1716000.0
357,2021-10-17 06:45:47,11800.0,100.0,1715400.0
358,2021-10-17 06:45:47,11800.0,100.0,1715300.0
359,2021-10-17 06:45:47,11800.0,1000.0,1715200.0
360,2021-10-17 06:45:47,11800.0,8100.0,1714200.0
361,2021-10-17 06:45:45,11800.0,100.0,1706100.0
362,2021-10-17 06:45:37,11800.0,11800.0,1706000.0
363,2021-10-17 06:45:37,11800.0,2000.0,1694200.0
364,2021-10-17 06:45:37,11800.0,1000.0,1692200.0
365,2021-10-17 06:45:37,11800.0,200.0,1691200.0
366,2021-10-17 06:45:01,11800.0,800.0,1691000.0
367,2021-10-17 06:44:43,11850.0,100.0,1690200.0
368,2021-10-17 06:40:54,11850.0,400.0,1690100.0
369,2021-10-17 06:40:22,11850.0,500.0,1689700.0
370,2021-10-17 06:40:22,11850.0,100.0,1689200.0
371,2021-10-17 06:40:11,11850.0,100.0,1689100.0
372,2021-10-17 06:39:52,11850.0,800.0,1689000.0
373,2021-10-17 06:39:52,11850.0,100.0,1688200.0
374,2021-10-17 06:39:52,11850.0,6800.0,1688100.0
375,2021-10-17 06:39:43,11850.0,1000.0,1681300.0
376,2021-10-17 06:39:06,11850.0,10000.0,1680300.0
377,2021-10-17 06:38:31,11900.0,1000.0,1670300.0
378,2021-10-17 06:38:25,11900.0,300.0,1669300.0
379,2021-10-17 06:38:25,11900.0,500.0,1669000.0
380,2021-10-17 06:38:25,11900.0,2000.0,1668500.0
381,2021-10-17 06:37:49,11900.0,1000.0,1666500.0
382,2021-10-17 06:37:49,11900.0,900.0,1665500.0
383,2021-10-17 06:37:41,11900.0,3000.0,1664600.0
384,2021-10-17 06:37:00,11900.0,100.0,1661600.0
385,2021-10-17 06:36:55,11900.0,100.0,1661500.0
386,2021-10-17 06:36:55,11900.0,200.0,1661400.0
387,2021-10-17 06:36:55,11900.0,1000.0,1661200.0
388,2021-10-17 06:36:55,11900.0,200.0,1660200.0
389,2021-10-17 06:36:55,11900.0,3500.0,1660000.0
390,2021-10-17 06:36:12,11950.0,200.0,1656500.0
391,2021-10-17 06:36:04,11950.0,500.0,1656300.0
392,2021-10-17 06:35:36,11950.0,1700.0,1655800.0
393,2021-10-17 06:35:36,11950.0,300.0,1654100.0
394,2021-10-17 06:35:36,11950.0,600.0,1653800.0
395,2021-10-17 06:35:34,11900.0,400.0,1653200.0
396,2021-10-17 06:35:34,11900.0,100.0,1652800.0
397,2021-10-17 06:35:05,11950.0,300.0,1652700.0
398,2021-10-17 06:34:55,11950.0,1000.0,1652400.0
399,2021-10-17 06:34:51,11950.0,1100.0,1651400.0
400,2021-10-17 06:34:51,11950.0,1000.0,1650300.0
401,2021-10-17 06:34:51,11950.0,400.0,1649300.0
402,2021-10-17 06:34:43,11950.0,100.0,1648900.0
403,2021-10-17 06:34:43,11950.0,400.0,1648800.0
404,2021-10-17 06:34:43,11950.0,2400.0,1648400.0
405,2021-10-17 06:34:43,11950.0,1000.0,1646000.0
406,2021-10-17 06:34:43,11950.0,100.0,1645000.0
407,2021-10-17 06:34:34,11950.0,200.0,1644900.0
408,2021-10-17 06:34:34,11950.0,100.0,1644700.0
409,2021-10-17 06:34:34,11950.0,100.0,1644600.0
410,2021-10-17 06:34:34,11950.0,500.0,1644500.0
411,2021-10-17 06:34:34,11950.0,100.0,1644000.0
412,2021-10-17 06:34:34,11950.0,100.0,1643900.0
413,2021-10-17 06:34:34,11950.0,100.0,1643800.0
414,2021-10-17 06:34:34,11950.0,300.0,1643700.0
415,2021-10-17 06:34:31,11950.0,200.0,1643400.0
416,2021-10-17 06:34:27,11950.0,1500.0,1643200.0
417,2021-10-17 06:34:27,11950.0,100.0,1641700.0
418,2021-10-17 06:34:27,11950.0,100.0,1641600.0
419,2021-10-17 06:34:27,11950.0,200.0,1641500.0
420,2021-10-17 06:34:27,11950.0,100.0,1641300.0
421,2021-10-17 06:34:05,11950.0,100.0,1641200.0
422,2021-10-17 06:34:05,11950.0,500.0,1641100.0
423,2021-10-17 06:34:05,11950.0,600.0,1640600.0
424,2021-10-17 06:34:05,11950.0,1000.0,1640000.0
425,2021-10-17 06:34:05,11950.0,100.0,1639000.0
426,2021-10-17 06:34:05,11950.0,100.0,1638900.0
427,2021-10-17 06:34:05,11950.0,1000.0,1638800.0
428,2021-10-17 06:34:05,11950.0,200.0,1637800.0
429,2021-10-17 06:34:05,11950.0,100.0,1637600.0
430,2021-10-17 06:34:05,11950.0,3000.0,1637500.0
431,2021-10-17 06:34:05,11950.0,900.0,1634500.0
432,2021-10-17 06:33:43,11950.0,100.0,1633600.0
433,2021-10-17 06:33:43,11950.0,1000.0,1633500.0
434,2021-10-17 06:33:43,11950.0,1000.0,1632500.0
435,2021-10-17 06:33:43,11950.0,100.0,1631500.0
436,2021-10-17 06:33:43,11950.0,400.0,1631400.0
437,2021-10-17 06:33:43,11950.0,200.0,1631000.0
438,2021-10-17 06:33:43,11950.0,400.0,1630800.0
439,2021-10-17 06:33:43,11950.0,200.0,1630400.0
440,2021-10-17 06:33:17,11900.0,300.0,1630200.0
441,2021-10-17 06:33:17,11950.0,1000.0,1629900.0
442,2021-10-17 06:33:16,11900.0,2100.0,1628900.0
443,2021-10-17 06:33:07,11900.0,6000.0,1626800.0
444,2021-10-17 06:33:00,11950.0,3800.0,1620800.0
445,2021-10-17 06:33:00,11950.0,1200.0,1617000.0
446,2021-10-17 06:32:59,11950.0,1000.0,1615800.0
447,2021-10-17 06:32:52,11900.0,100.0,1614800.0
448,2021-10-17 06:32:45,11900.0,1300.0,1614700.0
449,2021-10-17 06:32:45,11900.0,2000.0,1613400.0
450,2021-10-17 06:32:45,11900.0,3000.0,1611400.0
451,2021-10-17 06:32:45,11900.0,2000.0,1608400.0
452,2021-10-17 06:32:45,11900.0,3000.0,1606400.0
453,2021-10-17 06:32:45,11900.0,300.0,1603400.0
454,2021-10-17 06:32:45,11900.0,1500.0,1603100.0
455,2021-10-17 06:32:45,11900.0,1000.0,1601600.0
456,2021-10-17 06:32:45,11900.0,500.0,1600600.0
457,2021-10-17 06:32:45,11900.0,300.0,1600100.0
458,2021-10-17 06:32:45,11900.0,500.0,1599800.0
459,2021-10-17 06:32:45,11900.0,100.0,1599300.0
460,2021-10-17 06:32:45,11900.0,2000.0,1599200.0
461,2021-10-17 06:32:45,11900.0,500.0,1597200.0
462,2021-10-17 06:32:45,11900.0,5000.0,1596700.0
463,2021-10-17 06:32:45,11900.0,6200.0,1591700.0
464,2021-10-17 06:32:45,11900.0,100.0,1585500.0
465,2021-10-17 06:32:45,11900.0,900.0,1585400.0
466,2021-10-17 06:32:45,11900.0,5000.0,1584500.0
467,2021-10-17 06:32:45,11900.0,100.0,1579500.0
468,2021-10-17 06:32:45,11900.0,800.0,1579400.0
469,2021-10-17 06:32:39,11850.0,2200.0,1578600.0
470,2021-10-17 06:32:39,11850.0,1200.0,1576400.0
471,2021-10-17 06:32:39,11850.0,700.0,1575200.0
472,2021-10-17 06:32:37,11900.0,200.0,1574500.0
473,2021-10-17 06:32:36,11900.0,500.0,1574300.0
474,2021-10-17 06:32:36,11900.0,500.0,1573800.0
475,2021-10-17 06:32:36,11900.0,2000.0,1573300.0
476,2021-10-17 06:32:36,11900.0,100.0,1571300.0
477,2021-10-17 06:32:36,11900.0,500.0,1571200.0
478,2021-10-17 06:32:36,11900.0,100.0,1570700.0
479,2021-10-17 06:32:36,11900.0,400.0,1570600.0
480,2021-10-17 06:32:36,11900.0,1000.0,1570200.0
481,2021-10-17 06:32:36,11900.0,1000.0,1569200.0
482,2021-10-17 06:32:36,11900.0,2000.0,1568200.0
483,2021-10-17 06:32:36,11900.0,800.0,1566200.0
484,2021-10-17 06:32:36,11900.0,5000.0,1565400.0
485,2021-10-17 06:32:36,11900.0,200.0,1560400.0
486,2021-10-17 06:32:36,11900.0,5000.0,1560200.0
487,2021-10-17 06:32:36,11900.0,1000.0,1555200.0
488,2021-10-17 06:32:36,11900.0,100.0,1554200.0
489,2021-10-17 06:32:36,11900.0,200.0,1554100.0
490,2021-10-17 06:32:36,11900.0,3000.0,1553900.0
491,2021-10-17 06:32:36,11900.0,5000.0,1550900.0
492,2021-10-17 06:32:36,11900.0,200.0,1545900.0
493,2021-10-17 06:32:36,11900.0,300.0,1545700.0
494,2021-10-17 06:32:36,11900.0,10000.0,1545400.0
495,2021-10-17 06:32:36,11900.0,10000.0,1535400.0
496,2021-10-17 06:32:36,11900.0,100.0,1525400.0
497,2021-10-17 06:32:36,11900.0,1000.0,1525300.0
498,2021-10-17 06:32:36,11900.0,100.0,1524300.0
499,2021-10-17 06:32:36,11900.0,3000.0,1524200.0
500,2021-10-17 06:32:36,11900.0,1000.0,1521200.0
501,2021-10-17 06:32:36,11900.0,5000.0,1520200.0
502,2021-10-17 06:32:36,11900.0,4000.0,1515200.0
503,2021-10-17 06:32:36,11900.0,500.0,1511200.0
504,2021-10-17 06:32:36,11900.0,200.0,1510700.0
505,2021-10-17 06:32:36,11900.0,1000.0,1510500.0
506,2021-10-17 06:32:36,11900.0,10000.0,1509500.0
507,2021-10-17 06:32:36,11900.0,500.0,1499500.0
508,2021-10-17 06:32:36,11900.0,500.0,1499000.0
509,2021-10-17 06:32:36,11900.0,200.0,1498500.0
510,2021-10-17 06:32:36,11900.0,500.0,1498300.0
511,2021-10-17 06:32:36,11900.0,100.0,1497800.0
512,2021-10-17 06:32:36,11900.0,300.0,1497700.0
513,2021-10-17 06:32:36,11900.0,20000.0,1497400.0
514,2021-10-17 06:32:36,11900.0,700.0,1477400.0
515,2021-10-17 06:32:36,11900.0,200.0,1476700.0
516,2021-10-17 06:32:36,11900.0,2200.0,1476500.0
517,2021-10-17 06:32:36,11900.0,100.0,1474300.0
518,2021-10-17 06:32:23,11900.0,100.0,1474200.0
519,2021-10-17 06:32:12,11900.0,1000.0,1474100.0
520,2021-10-17 06:32:01,11900.0,1000.0,1473100.0
521,2021-10-17 06:31:53,11900.0,600.0,1472100.0
522,2021-10-17 06:31:53,11900.0,400.0,1471500.0
523,2021-10-17 06:31:24,11850.0,5000.0,1471100.0
524,2021-10-17 06:31:14,11900.0,600.0,1466100.0
525,2021-10-17 06:31:14,11900.0,1000.0,1465500.0
526,2021-10-17 06:31:14,11900.0,100.0,1464500.0
527,2021-10-17 06:31:14,11900.0,800.0,1464400.0
528,2021-10-17 06:31:14,11900.0,600.0,1463600.0
529,2021-10-17 06:31:14,11900.0,200.0,1463000.0
530,2021-10-17 06:31:14,11900.0,200.0,1462800.0
531,2021-10-17 06:31:14,11900.0,2000.0,1462600.0
532,2021-10-17 06:31:14,11900.0,500.0,1460600.0
533,2021-10-17 06:31:14,11900.0,400.0,1460100.0
534,2021-10-17 06:31:14,11900.0,300.0,1459700.0
535,2021-10-17 06:31:14,11900.0,2000.0,1459400.0
536,2021-10-17 06:31:14,11900.0,1000.0,1457400.0
537,2021-10-17 06:31:14,11900.0,2000.0,1456400.0
538,2021-10-17 06:31:14,11900.0,1000.0,1454400.0
539,2021-10-17 06:31:14,11900.0,100.0,1453400.0
540,2021-10-17 06:31:14,11900.0,2400.0,1453300.0
541,2021-10-17 06:31:14,11850.0,1000.0,1450900.0
542,2021-10-17 06:31:14,11850.0,100.0,1449900.0
543,2021-10-17 06:31:14,11850.0,2300.0,1449800.0
544,2021-10-17 06:31:14,11850.0,500.0,1447500.0
545,2021-10-17 06:31:14,11850.0,900.0,1447000.0
546,2021-10-17 06:31:05,11850.0,100.0,1446100.0
547,2021-10-17 06:31:05,11850.0,500.0,1446000.0
548,2021-10-17 06:31:05,11850.0,100.0,1445500.0
549,2021-10-17 06:31:05,11850.0,500.0,1445400.0
550,2021-10-17 06:31:05,11850.0,1000.0,1444900.0
551,2021-10-17 06:31:05,11850.0,2000.0,1443900.0
552,2021-10-17 06:31:05,11850.0,300.0,1441900.0
553,2021-10-17 06:31:05,11850.0,1000.0,1441600.0
554,2021-10-17 06:31:05,11850.0,2800.0,1440600.0
555,2021-10-17 06:31:05,11850.0,800.0,1437800.0
556,2021-10-17 06:31:05,11850.0,1000.0,1437000.0
557,2021-10-17 06:31:05,11850.0,200.0,1436000.0
558,2021-10-17 06:31:05,11850.0,900.0,1435800.0
559,2021-10-17 06:31:05,11850.0,200.0,1434900.0
560,2021-10-17 06:31:05,11850.0,200.0,1434700.0
561,2021-10-17 06:31:05,11850.0,1000.0,1434500.0
562,2021-10-17 06:31:05,11850.0,200.0,1433500.0
563,2021-10-17 06:31:05,11850.0,1000.0,1433300.0
564,2021-10-17 06:31:05,11850.0,3500.0,1432300.0
565,2021-10-17 06:31:05,11850.0,1000.0,1428800.0
566,2021-10-17 06:31:05,11850.0,100.0,1427800.0
567,2021-10-17 06:31:05,11850.0,200.0,1427700.0
568,2021-10-17 06:31:05,11850.0,100.0,1427500.0
569,2021-10-17 06:31:05,11850.0,100.0,1427400.0
570,2021-10-17 06:31:05,11850.0,100.0,1427300.0
571,2021-10-17 06:31:05,11850.0,11100.0,1427200.0
572,2021-10-17 06:30:59,11800.0,2800.0,1416100.0
573,2021-10-17 06:30:50,11800.0,4000.0,1413300.0
574,2021-10-17 06:30:44,11850.0,8900.0,1409300.0
575,2021-10-17 06:30:44,11850.0,300.0,1400400.0
576,2021-10-17 06:30:44,11850.0,500.0,1400100.0
577,2021-10-17 06:30:44,11850.0,200.0,1399600.0
578,2021-10-17 06:30:44,11850.0,2000.0,1399400.0
579,2021-10-17 06:30:44,11850.0,500.0,1397400.0
580,2021-10-17 06:30:44,11850.0,3000.0,1396900.0
581,2021-10-17 06:30:44,11850.0,2000.0,1393900.0
582,2021-10-17 06:30:44,11850.0,100.0,1391900.0
583,2021-10-17 06:30:44,11850.0,2000.0,1391800.0
584,2021-10-17 06:30:44,11850.0,1000.0,1389800.0
585,2021-10-17 06:30:44,11850.0,10000.0,1388800.0
586,2021-10-17 06:30:44,11850.0,1000.0,1378800.0
587,2021-10-17 06:30:44,11850.0,1000.0,1377800.0
588,2021-10-17 06:30:44,11850.0,5000.0,1376800.0
589,2021-10-17 06:30:44,11850.0,2000.0,1371800.0
590,2021-10-17 06:30:44,11850.0,800.0,1369800.0
591,2021-10-17 06:30:44,11850.0,9700.0,1369000.0
592,2021-10-17 06:30:40,11800.0,100.0,1359300.0
593,2021-10-17 06:30:40,11800.0,100.0,1359200.0
594,2021-10-17 06:30:40,11800.0,3000.0,1359100.0
595,2021-10-17 06:30:40,11800.0,500.0,1356100.0
596,2021-10-17 06:30:40,11800.0,500.0,1355600.0
597,2021-10-17 06:30:40,11800.0,500.0,1355100.0
598,2021-10-17 06:30:40,11800.0,4600.0,1354600.0
599,2021-10-17 06:30:40,11800.0,800.0,1350000.0
600,2021-10-17 06:30:40,11800.0,200.0,1349200.0
601,2021-10-17 06:30:40,11800.0,2000.0,1349000.0
602,2021-10-17 06:30:40,11800.0,200.0,1347000.0
603,2021-10-17 06:30:40,11800.0,100.0,1346800.0
604,2021-10-17 06:30:40,11800.0,600.0,1346700.0
605,2021-10-17 06:30:40,11800.0,200.0,1346100.0
606,2021-10-17 06:30:40,11800.0,37600.0,1345900.0
607,2021-10-17 06:30:38,11800.0,4200.0,1308300.0
608,2021-10-17 06:30:33,11800.0,13200.0,1304100.0
609,2021-10-17 06:30:33,11800.0,1000.0,1290900.0
610,2021-10-17 06:30:33,11800.0,2000.0,1289900.0
611,2021-10-17 06:30:33,11800.0,1000.0,1287900.0
612,2021-10-17 06:30:33,11800.0,200.0,1286900.0
613,2021-10-17 06:30:33,11800.0,2400.0,1286700.0
614,2021-10-17 06:30:29,11800.0,1600.0,1284300.0
615,2021-10-17 06:30:29,11800.0,1000.0,1282700.0
616,2021-10-17 06:30:29,11800.0,200.0,1281700.0
617,2021-10-17 06:30:29,11800.0,2200.0,1281500.0
618,2021-10-17 06:30:24,11800.0,300.0,1279300.0
619,2021-10-17 06:30:24,11800.0,100.0,1279000.0
620,2021-10-17 06:29:48,11800.0,200.0,1278900.0
621,2021-10-17 06:29:48,11800.0,100.0,1278700.0
622,2021-10-17 06:29:48,11800.0,400.0,1278600.0
623,2021-10-17 06:29:23,11800.0,4600.0,1278200.0
624,2021-10-17 06:29:23,11800.0,100.0,1273600.0
625,2021-10-17 06:29:23,11800.0,100.0,1273500.0
626,2021-10-17 06:29:23,11800.0,3000.0,1273400.0
627,2021-10-17 06:29:23,11800.0,500.0,1270400.0
628,2021-10-17 06:29:23,11800.0,10000.0,1269900.0
629,2021-10-17 06:29:23,11800.0,100.0,1259900.0
630,2021-10-17 06:29:23,11800.0,200.0,1259800.0
631,2021-10-17 06:29:23,11800.0,300.0,1259600.0
632,2021-10-17 06:29:23,11800.0,1000.0,1259300.0
633,2021-10-17 06:29:23,11800.0,100.0,1258300.0
634,2021-10-17 06:28:45,11800.0,6000.0,1258200.0
635,2021-10-17 06:28:07,11800.0,1000.0,1252200.0
636,2021-10-17 06:27:08,11800.0,8100.0,1251200.0
637,2021-10-17 06:27:08,11800.0,700.0,1243100.0
638,2021-10-17 06:26:38,11750.0,2000.0,1242400.0
639,2021-10-17 06:26:00,11750.0,1000.0,1240400.0
640,2021-10-17 06:25:31,11750.0,100.0,1239400.0
641,2021-10-17 06:24:56,11800.0,8300.0,1239300.0
642,2021-10-17 06:24:40,11800.0,100.0,1231000.0
643,2021-10-17 06:23:56,11750.0,9800.0,1230900.0
644,2021-10-17 06:23:56,11750.0,200.0,1221100.0
645,2021-10-17 06:23:30,11750.0,800.0,1220900.0
646,2021-10-17 06:23:30,11750.0,200.0,1220100.0
647,2021-10-17 06:23:30,11750.0,800.0,1219900.0
648,2021-10-17 06:23:30,11750.0,2700.0,1219100.0
649,2021-10-17 06:23:30,11750.0,500.0,1216400.0
650,2021-10-17 06:23:24,11750.0,400.0,1215900.0
651,2021-10-17 06:22:53,11750.0,900.0,1215500.0
652,2021-10-17 06:22:27,11750.0,8200.0,1214600.0
653,2021-10-17 06:22:27,11750.0,1000.0,1206400.0
654,2021-10-17 06:22:27,11750.0,800.0,1205400.0
655,2021-10-17 06:22:26,11800.0,100.0,1204600.0
656,2021-10-17 06:22:23,11750.0,600.0,1204500.0
657,2021-10-17 06:22:15,11750.0,500.0,1203900.0
658,2021-10-17 06:21:55,11750.0,1000.0,1203400.0
659,2021-10-17 06:21:55,11750.0,2000.0,1202400.0
660,2021-10-17 06:21:55,11750.0,500.0,1200400.0
661,2021-10-17 06:21:55,11750.0,10000.0,1199900.0
662,2021-10-17 06:21:55,11750.0,10000.0,1189900.0
663,2021-10-17 06:21:55,11750.0,4600.0,1179900.0
664,2021-10-17 06:21:46,11750.0,500.0,1175300.0
665,2021-10-17 06:21:24,11750.0,2000.0,1174800.0
666,2021-10-17 06:21:05,11750.0,100.0,1172800.0
667,2021-10-17 06:20:56,11700.0,1000.0,1172700.0
668,2021-10-17 06:18:27,11700.0,200.0,1171700.0
669,2021-10-17 06:18:20,11700.0,100.0,1171500.0
670,2021-10-17 06:18:18,11700.0,100.0,1171400.0
671,2021-10-17 06:18:16,11700.0,100.0,1171300.0
672,2021-10-17 06:18:16,11700.0,300.0,1171200.0
673,2021-10-17 06:17:39,11700.0,3900.0,1170900.0
674,2021-10-17 06:17:39,11700.0,100.0,1167000.0
675,2021-10-17 06:17:39,11700.0,500.0,1166900.0
676,2021-10-17 06:17:12,11700.0,1000.0,1166400.0
677,2021-10-17 06:16:55,11700.0,600.0,1165400.0
678,2021-10-17 06:16:55,11700.0,1400.0,1164800.0
679,2021-10-17 06:16:41,11700.0,200.0,1163400.0
680,2021-10-17 06:16:37,11700.0,2500.0,1163200.0
681,2021-10-17 06:14:42,11700.0,200.0,1160700.0
682,2021-10-17 06:14:36,11700.0,400.0,1160500.0
683,2021-10-17 06:14:29,11700.0,900.0,1160100.0
684,2021-10-17 06:14:22,11700.0,500.0,1159200.0
685,2021-10-17 06:14:09,11700.0,200.0,1158700.0
686,2021-10-17 06:13:19,11700.0,300.0,1158500.0
687,2021-10-17 06:13:13,11700.0,100.0,1158200.0
688,2021-10-17 06:13:13,11700.0,1000.0,1158100.0
689,2021-10-17 06:13:13,11700.0,2000.0,1157100.0
690,2021-10-17 06:13:13,11700.0,300.0,1155100.0
691,2021-10-17 06:12:19,11700.0,100.0,1154800.0
692,2021-10-17 06:12:19,11700.0,1000.0,1154700.0
693,2021-10-17 06:12:19,11700.0,1600.0,1153700.0
694,2021-10-17 06:11:56,11700.0,5000.0,1152100.0
695,2021-10-17 06:11:46,11700.0,3000.0,1147100.0
696,2021-10-17 06:11:05,11700.0,200.0,1144100.0
697,2021-10-17 06:10:57,11700.0,200.0,1143900.0
698,2021-10-17 06:10:57,11700.0,100.0,1143700.0
699,2021-10-17 06:10:57,11700.0,300.0,1143600.0
700,2021-10-17 06:10:57,11700.0,600.0,1143300.0
701,2021-10-17 06:10:57,11700.0,100.0,1142700.0
702,2021-10-17 06:10:57,11700.0,700.0,1142600.0
703,2021-10-17 06:09:57,11700.0,500.0,1141900.0
704,2021-10-17 06:09:57,11700.0,500.0,1141400.0
705,2021-10-17 06:09:57,11700.0,100.0,1140900.0
706,2021-10-17 06:09:57,11700.0,100.0,1140800.0
707,2021-10-17 06:09:57,11700.0,8800.0,1140700.0
708,2021-10-17 06:09:12,11700.0,500.0,1131900.0
709,2021-10-17 06:08:43,11700.0,1000.0,1131400.0
710,2021-10-17 06:08:40,11700.0,200.0,1130400.0
711,2021-10-17 06:08:36,11700.0,500.0,1130200.0
712,2021-10-17 06:08:03,11700.0,1000.0,1129700.0
713,2021-10-17 06:07:38,11700.0,100.0,1128700.0
714,2021-10-17 06:07:27,11700.0,3000.0,1128600.0
715,2021-10-17 06:07:22,11700.0,100.0,1125600.0
716,2021-10-17 06:07:20,11700.0,1500.0,1125500.0
717,2021-10-17 06:07:04,11700.0,200.0,1124000.0
718,2021-10-17 06:05:53,11700.0,2000.0,1123800.0
719,2021-10-17 06:05:39,11700.0,10000.0,1121800.0
720,2021-10-17 06:02:44,11700.0,1000.0,1111800.0
721,2021-10-17 06:02:22,11700.0,400.0,1110800.0
722,2021-10-17 06:02:13,11700.0,700.0,1110400.0
723,2021-10-17 06:02:04,11700.0,4400.0,1109700.0
724,2021-10-17 06:00:12,11650.0,2000.0,1105300.0
725,2021-10-17 06:00:12,11650.0,6000.0,1103300.0
726,2021-10-17 06:00:12,11650.0,200.0,1097300.0
727,2021-10-17 06:00:12,11650.0,500.0,1097100.0
728,2021-10-17 06:00:12,11650.0,400.0,1096600.0
729,2021-10-17 06:00:12,11650.0,2900.0,1096200.0
730,2021-10-17 06:00:06,11700.0,200.0,1093300.0
731,2021-10-17 06:00:02,11650.0,2100.0,1093100.0
732,2021-10-17 06:00:02,11650.0,200.0,1091000.0
733,2021-10-17 06:00:02,11650.0,100.0,1090800.0
734,2021-10-17 06:00:02,11650.0,2600.0,1090700.0
735,2021-10-17 06:00:02,11700.0,400.0,1088100.0
736,2021-10-17 04:28:49,11650.0,100.0,1087700.0
737,2021-10-17 04:28:49,11650.0,100.0,1087600.0
738,2021-10-17 04:27:38,11650.0,100.0,1087500.0
739,2021-10-17 04:27:38,11650.0,100.0,1087400.0
740,2021-10-17 04:26:40,11650.0,300.0,1087300.0
741,2021-10-17 04:25:31,11650.0,5000.0,1087000.0
742,2021-10-17 04:24:02,11650.0,6700.0,1082000.0
743,2021-10-17 04:24:02,11650.0,1500.0,1075300.0
744,2021-10-17 04:24:02,11650.0,500.0,1073800.0
745,2021-10-17 04:24:02,11650.0,500.0,1073300.0
746,2021-10-17 04:24:02,11650.0,2000.0,1072800.0
747,2021-10-17 04:24:02,11650.0,500.0,1070800.0
748,2021-10-17 04:24:02,11650.0,500.0,1070300.0
749,2021-10-17 04:24:02,11650.0,100.0,1069800.0
750,2021-10-17 04:24:02,11650.0,100.0,1069700.0
751,2021-10-17 04:24:02,11650.0,100.0,1069600.0
752,2021-10-17 04:24:02,11650.0,1500.0,1069500.0
753,2021-10-17 04:22:43,11650.0,500.0,1068000.0
754,2021-10-17 04:22:43,11650.0,1200.0,1067500.0
755,2021-10-17 04:21:37,11650.0,100.0,1066300.0
756,2021-10-17 04:21:34,11650.0,700.0,1066200.0
757,2021-10-17 04:21:34,11650.0,500.0,1065500.0
758,2021-10-17 04:21:34,11650.0,200.0,1065000.0
759,2021-10-17 04:21:34,11650.0,5000.0,1064800.0
760,2021-10-17 04:21:34,11650.0,3600.0,1059800.0
761,2021-10-17 04:21:34,11650.0,100.0,1056200.0
762,2021-10-17 04:21:34,11650.0,8900.0,1056100.0
763,2021-10-17 04:21:34,11650.0,800.0,1047200.0
764,2021-10-17 04:21:34,11650.0,200.0,1046400.0
765,2021-10-17 04:21:25,11650.0,200.0,1046200.0
766,2021-10-17 04:21:25,11650.0,300.0,1046000.0
767,2021-10-17 04:19:56,11650.0,200.0,1045700.0
768,2021-10-17 04:19:56,11650.0,500.0,1045500.0
769,2021-10-17 04:19:56,11650.0,300.0,1045000.0
770,2021-10-17 04:18:54,11700.0,2000.0,1044700.0
771,2021-10-17 04:18:36,11700.0,2600.0,1042700.0
772,2021-10-17 04:18:18,11700.0,5000.0,1040100.0
773,2021-10-17 04:18:18,11700.0,400.0,1035100.0
774,2021-10-17 04:17:52,11700.0,1100.0,1034700.0
775,2021-10-17 04:17:52,11700.0,7900.0,1033600.0
776,2021-10-17 04:17:52,11700.0,3900.0,1025700.0
777,2021-10-17 04:17:52,11700.0,3600.0,1021800.0
778,2021-10-17 04:17:52,11700.0,1500.0,1018200.0
779,2021-10-17 04:17:52,11700.0,2600.0,1016700.0
780,2021-10-17 04:17:52,11700.0,10000.0,1014100.0
781,2021-10-17 04:17:52,11700.0,4400.0,1004100.0
782,2021-10-17 04:15:48,11700.0,600.0,999700.0
783,2021-10-17 04:15:48,11700.0,300.0,999100.0
784,2021-10-17 04:15:48,11700.0,500.0,998800.0
785,2021-10-17 04:15:48,11700.0,600.0,998300.0
786,2021-10-17 04:13:43,11700.0,400.0,997700.0
787,2021-10-17 04:13:43,11700.0,100.0,997300.0
788,2021-10-17 04:13:43,11700.0,400.0,997200.0
789,2021-10-17 04:13:43,11700.0,100.0,996800.0
790,2021-10-17 04:12:43,11700.0,1900.0,996700.0
791,2021-10-17 04:12:43,11700.0,100.0,994800.0
792,2021-10-17 04:07:41,11750.0,2800.0,994700.0
793,2021-10-17 04:07:41,11750.0,300.0,991900.0
794,2021-10-17 04:07:41,11700.0,700.0,991600.0
795,2021-10-17 04:07:41,11700.0,6200.0,990900.0
796,2021-10-17 04:07:20,11700.0,700.0,984700.0
797,2021-10-17 04:07:09,11700.0,100.0,984000.0
798,2021-10-17 04:07:09,11700.0,100.0,983900.0
799,2021-10-17 04:07:09,11700.0,500.0,983800.0
800,2021-10-17 04:07:09,11700.0,100.0,983300.0
801,2021-10-17 04:07:09,11700.0,500.0,983200.0
802,2021-10-17 04:07:09,11700.0,1800.0,982700.0
803,2021-10-17 04:06:56,11750.0,100.0,980900.0
804,2021-10-17 04:06:56,11750.0,300.0,980800.0
805,2021-10-17 04:06:56,11750.0,1800.0,980500.0
806,2021-10-17 04:06:56,11700.0,5200.0,978700.0
807,2021-10-17 04:06:56,11700.0,100.0,973500.0
808,2021-10-17 04:06:56,11700.0,500.0,973400.0
809,2021-10-17 04:06:56,11700.0,100.0,972900.0
810,2021-10-17 04:06:56,11700.0,5000.0,972800.0
811,2021-10-17 04:06:56,11700.0,100.0,967800.0
812,2021-10-17 04:06:56,11700.0,500.0,967700.0
813,2021-10-17 04:06:56,11700.0,10000.0,967200.0
814,2021-10-17 04:06:56,11700.0,2500.0,957200.0
815,2021-10-17 04:06:56,11700.0,2000.0,954700.0
816,2021-10-17 04:06:56,11700.0,100.0,952700.0
817,2021-10-17 04:06:56,11700.0,2100.0,952600.0
818,2021-10-17 04:06:56,11700.0,500.0,950500.0
819,2021-10-17 04:06:56,11700.0,100.0,950000.0
820,2021-10-17 04:06:56,11700.0,1200.0,949900.0
821,2021-10-17 04:06:38,11750.0,100.0,948700.0
822,2021-10-17 04:04:51,11750.0,100.0,948600.0
823,2021-10-17 04:04:37,11750.0,3000.0,948500.0
824,2021-10-17 04:04:18,11750.0,1000.0,945500.0
825,2021-10-17 04:04:17,11750.0,2000.0,944500.0
826,2021-10-17 04:04:06,11750.0,5000.0,942500.0
827,2021-10-17 04:03:42,11750.0,1300.0,937500.0
828,2021-10-17 04:03:42,11750.0,700.0,936200.0
829,2021-10-17 04:03:29,11750.0,1000.0,935500.0
830,2021-10-17 04:03:29,11750.0,500.0,934500.0
831,2021-10-17 04:03:29,11750.0,500.0,934000.0
832,2021-10-17 04:03:29,11750.0,1500.0,933500.0
833,2021-10-17 04:03:29,11750.0,800.0,932000.0
834,2021-10-17 04:02:48,11750.0,200.0,931200.0
835,2021-10-17 04:02:27,11800.0,100.0,931000.0
836,2021-10-17 04:02:07,11750.0,9000.0,930900.0
837,2021-10-17 04:02:07,11750.0,1000.0,921900.0
838,2021-10-17 04:01:40,11800.0,500.0,920900.0
839,2021-10-17 04:00:38,11800.0,200.0,920400.0
840,2021-10-17 04:00:37,11800.0,800.0,920200.0
841,2021-10-17 04:00:37,11800.0,1000.0,919400.0
842,2021-10-17 04:00:37,11800.0,100.0,918400.0
843,2021-10-17 04:00:37,11800.0,2500.0,918300.0
844,2021-10-17 04:00:36,11800.0,500.0,915800.0
845,2021-10-17 04:00:12,11800.0,7000.0,915300.0
846,2021-10-17 04:00:12,11800.0,3000.0,908300.0
847,2021-10-17 03:59:23,11800.0,2000.0,905300.0
848,2021-10-17 03:59:04,11800.0,1000.0,903300.0
849,2021-10-17 03:57:52,11800.0,1300.0,902300.0
850,2021-10-17 03:57:42,11800.0,100.0,901000.0
851,2021-10-17 03:57:42,11800.0,2600.0,900900.0
852,2021-10-17 03:57:28,11800.0,7400.0,898300.0
853,2021-10-17 03:57:28,11800.0,100.0,890900.0
854,2021-10-17 03:57:28,11800.0,100.0,890800.0
855,2021-10-17 03:57:28,11800.0,100.0,890700.0
856,2021-10-17 03:57:28,11800.0,200.0,890600.0
857,2021-10-17 03:57:28,11800.0,2100.0,890400.0
858,2021-10-17 03:56:42,11800.0,1400.0,888300.0
859,2021-10-17 03:56:42,11800.0,1700.0,886900.0
860,2021-10-17 03:56:04,11800.0,100.0,885200.0
861,2021-10-17 03:55:00,11800.0,1000.0,885100.0
862,2021-10-17 03:54:42,11750.0,200.0,884100.0
863,2021-10-17 03:54:42,11800.0,2200.0,883900.0
864,2021-10-17 03:54:42,11800.0,600.0,881700.0
865,2021-10-17 03:54:42,11800.0,5000.0,881100.0
866,2021-10-17 03:54:42,11800.0,100.0,876100.0
867,2021-10-17 03:54:42,11800.0,100.0,876000.0
868,2021-10-17 03:54:42,11800.0,1000.0,875900.0
869,2021-10-17 03:54:42,11800.0,5000.0,874900.0
870,2021-10-17 03:54:42,11800.0,20000.0,869900.0
871,2021-10-17 03:54:42,11800.0,1000.0,849900.0
872,2021-10-17 03:54:42,11800.0,300.0,848900.0
873,2021-10-17 03:54:42,11800.0,2500.0,848600.0
874,2021-10-17 03:54:42,11800.0,1000.0,846100.0
875,2021-10-17 03:54:42,11800.0,100.0,845100.0
876,2021-10-17 03:54:42,11800.0,5000.0,845000.0
877,2021-10-17 03:54:42,11800.0,500.0,840000.0
878,2021-10-17 03:54:42,11800.0,100.0,839500.0
879,2021-10-17 03:54:42,11800.0,400.0,839400.0
880,2021-10-17 03:54:42,11800.0,500.0,839000.0
881,2021-10-17 03:54:10,11750.0,200.0,838500.0
882,2021-10-17 03:53:36,11800.0,2500.0,838300.0
883,2021-10-17 03:53:36,11800.0,1800.0,835800.0
884,2021-10-17 03:53:36,11800.0,100.0,834000.0
885,2021-10-17 03:53:36,11800.0,200.0,833900.0
886,2021-10-17 03:53:36,11800.0,100.0,833700.0
887,2021-10-17 03:53:36,11800.0,300.0,833600.0
888,2021-10-17 03:53:36,11800.0,5000.0,833300.0
889,2021-10-17 03:53:36,11800.0,200.0,828300.0
890,2021-10-17 03:53:36,11800.0,5400.0,828100.0
891,2021-10-17 03:53:36,11800.0,500.0,822700.0
892,2021-10-17 03:53:36,11800.0,9600.0,822200.0
893,2021-10-17 03:53:36,11800.0,100.0,812600.0
894,2021-10-17 03:53:36,11800.0,100.0,812500.0
895,2021-10-17 03:53:36,11800.0,200.0,812400.0
896,2021-10-17 03:53:36,11800.0,10000.0,812200.0
897,2021-10-17 03:53:36,11800.0,500.0,802200.0
898,2021-10-17 03:53:36,11800.0,3400.0,801700.0
899,2021-10-17 03:52:28,11750.0,300.0,798300.0
900,2021-10-17 03:52:28,11750.0,1000.0,798000.0
901,2021-10-17 03:52:15,11750.0,2000.0,797000.0
902,2021-10-17 03:52:15,11750.0,2000.0,795000.0
903,2021-10-17 03:52:15,11750.0,1000.0,793000.0
904,2021-10-17 03:51:56,11750.0,100.0,792000.0
905,2021-10-17 03:51:56,11750.0,1000.0,791900.0
906,2021-10-17 03:51:56,11750.0,1000.0,790900.0
907,2021-10-17 03:51:56,11750.0,100.0,789900.0
908,2021-10-17 03:51:56,11750.0,6000.0,789800.0
909,2021-10-17 03:51:56,11750.0,200.0,783800.0
910,2021-10-17 03:51:56,11750.0,500.0,783600.0
911,2021-10-17 03:51:56,11750.0,1100.0,783100.0
912,2021-10-17 03:51:36,11750.0,1000.0,782000.0
913,2021-10-17 03:51:36,11750.0,1000.0,781000.0
914,2021-10-17 03:51:36,11750.0,200.0,780000.0
915,2021-10-17 03:51:36,11750.0,100.0,779800.0
916,2021-10-17 03:51:36,11750.0,100.0,779700.0
917,2021-10-17 03:51:36,11750.0,800.0,779600.0
918,2021-10-17 03:51:36,11750.0,500.0,778800.0
919,2021-10-17 03:51:36,11750.0,5000.0,778300.0
920,2021-10-17 03:51:36,11750.0,10000.0,773300.0
921,2021-10-17 03:51:36,11750.0,100.0,763300.0
922,2021-10-17 03:51:36,11750.0,1200.0,763200.0
923,2021-10-17 03:49:15,11750.0,3800.0,762000.0
924,2021-10-17 03:49:15,11750.0,1000.0,758200.0
925,2021-10-17 03:49:15,11750.0,3700.0,757200.0
926,2021-10-17 03:49:05,11700.0,100.0,753500.0
927,2021-10-17 03:49:02,11750.0,1500.0,753400.0
928,2021-10-17 03:47:35,11750.0,200.0,751900.0
929,2021-10-17 03:46:43,11700.0,400.0,751700.0
930,2021-10-17 03:44:01,11700.0,1000.0,751300.0
931,2021-10-17 03:43:33,11700.0,600.0,750300.0
932,2021-10-17 03:43:33,11700.0,400.0,749700.0
933,2021-10-17 03:42:35,11700.0,1600.0,749300.0
934,2021-10-17 03:42:35,11700.0,200.0,747700.0
935,2021-10-17 03:42:35,11700.0,700.0,747500.0
936,2021-10-17 03:42:35,11700.0,1000.0,746800.0
937,2021-10-17 03:42:35,11700.0,400.0,745800.0
938,2021-10-17 03:42:35,11700.0,500.0,745400.0
939,2021-10-17 03:42:35,11700.0,300.0,744900.0
940,2021-10-17 03:42:35,11700.0,300.0,744600.0
941,2021-10-17 03:42:17,11700.0,400.0,744300.0
942,2021-10-17 03:40:16,11700.0,1200.0,743900.0
943,2021-10-17 03:39:02,11700.0,5000.0,742700.0
944,2021-10-17 03:38:57,11750.0,5000.0,737700.0
945,2021-10-17 03:37:51,11750.0,100.0,732700.0
946,2021-10-17 03:37:10,11750.0,500.0,732600.0
947,2021-10-17 03:36:33,11750.0,4000.0,732100.0
948,2021-10-17 03:36:33,11750.0,100.0,728100.0
949,2021-10-17 03:36:33,11750.0,3000.0,728000.0
950,2021-10-17 03:36:33,11750.0,100.0,725000.0
951,2021-10-17 03:36:33,11750.0,2000.0,724900.0
952,2021-10-17 03:36:33,11750.0,100.0,722900.0
953,2021-10-17 03:36:32,11700.0,300.0,722800.0
954,2021-10-17 03:35:42,11750.0,100.0,722500.0
955,2021-10-17 03:35:42,11750.0,100.0,722400.0
956,2021-10-17 03:35:42,11750.0,1500.0,722300.0
957,2021-10-17 03:34:44,11750.0,500.0,720800.0
958,2021-10-17 03:30:24,11750.0,2000.0,720300.0
959,2021-10-17 03:28:53,11750.0,100.0,718300.0
960,2021-10-17 03:28:15,11700.0,700.0,718200.0
961,2021-10-17 03:27:51,11750.0,500.0,717500.0
962,2021-10-17 03:26:01,11750.0,2000.0,717000.0
963,2021-10-17 03:24:30,11750.0,3600.0,715000.0
964,2021-10-17 03:23:54,11750.0,1000.0,711400.0
965,2021-10-17 03:22:25,11750.0,100.0,710400.0
966,2021-10-17 03:22:20,11700.0,2100.0,710300.0
967,2021-10-17 03:22:20,11700.0,100.0,708200.0
968,2021-10-17 03:22:20,11700.0,800.0,708100.0
969,2021-10-17 03:21:29,11700.0,1300.0,707300.0
970,2021-10-17 03:20:40,11700.0,900.0,706000.0
971,2021-10-17 03:18:30,11700.0,800.0,705100.0
972,2021-10-17 03:18:30,11700.0,200.0,704300.0
973,2021-10-17 03:18:30,11700.0,1000.0,704100.0
974,2021-10-17 03:18:24,11700.0,500.0,703100.0
975,2021-10-17 03:18:15,11700.0,1800.0,702600.0
976,2021-10-17 03:17:57,11700.0,200.0,700800.0
977,2021-10-17 03:17:46,11700.0,3500.0,700600.0
978,2021-10-17 03:16:54,11700.0,600.0,697100.0
979,2021-10-17 03:16:54,11700.0,1400.0,696500.0
980,2021-10-17 03:16:10,11700.0,1600.0,695100.0
981,2021-10-17 03:16:10,11700.0,1200.0,693500.0
982,2021-10-17 03:15:46,11700.0,100.0,692300.0
983,2021-10-17 03:15:46,11700.0,1000.0,692200.0
984,2021-10-17 03:15:46,11700.0,200.0,691200.0
985,2021-10-17 03:15:46,11700.0,4700.0,691000.0
986,2021-10-17 03:15:11,11700.0,300.0,686300.0
987,2021-10-17 03:14:19,11650.0,200.0,686000.0
988,2021-10-17 03:14:19,11650.0,700.0,685800.0
989,2021-10-17 03:14:08,11700.0,200.0,685100.0
990,2021-10-17 03:12:46,11650.0,2000.0,684900.0
991,2021-10-17 03:12:29,11650.0,7300.0,682900.0
992,2021-10-17 03:12:29,11650.0,200.0,675600.0
993,2021-10-17 03:12:29,11650.0,600.0,675400.0
994,2021-10-17 03:12:29,11650.0,400.0,674800.0
995,2021-10-17 03:12:05,11700.0,200.0,674400.0
996,2021-10-17 03:12:05,11700.0,500.0,674200.0
997,2021-10-17 03:11:36,11750.0,100.0,673700.0
998,2021-10-17 03:11:02,11700.0,300.0,673600.0
999,2021-10-17 03:11:02,11700.0,1000.0,673300.0
1000,2021-10-17 03:11:02,11700.0,200.0,672300.0
1001,2021-10-17 03:11:02,11700.0,600.0,672100.0
1002,2021-10-17 03:10:22,11700.0,900.0,671500.0
1003,2021-10-17 03:10:22,11700.0,2000.0,670600.0
1004,2021-10-17 03:10:22,11700.0,100.0,668600.0
1005,2021-10-17 03:10:18,11700.0,1000.0,668500.0
1006,2021-10-17 03:09:11,11700.0,100.0,667500.0
1007,2021-10-17 03:09:11,11700.0,3200.0,667400.0
1008,2021-10-17 03:09:11,11700.0,700.0,664200.0
1009,2021-10-17 03:09:08,11700.0,1000.0,663500.0
1010,2021-10-17 03:08:49,11700.0,200.0,662500.0
1011,2021-10-17 03:08:41,11700.0,1000.0,662300.0
1012,2021-10-17 03:07:50,11700.0,100.0,661300.0
1013,2021-10-17 03:07:38,11700.0,1000.0,661200.0
1014,2021-10-17 03:07:38,11700.0,2600.0,660200.0
1015,2021-10-17 03:07:20,11700.0,2400.0,657600.0
1016,2021-10-17 03:07:20,11700.0,600.0,655200.0
1017,2021-10-17 03:07:12,11700.0,200.0,654600.0
1018,2021-10-17 03:06:46,11700.0,1700.0,654400.0
1019,2021-10-17 03:06:46,11700.0,500.0,652700.0
1020,2021-10-17 03:06:46,11700.0,1000.0,652200.0
1021,2021-10-17 03:06:46,11700.0,6000.0,651200.0
1022,2021-10-17 03:06:00,11700.0,900.0,645200.0
1023,2021-10-17 03:06:00,11700.0,2000.0,644300.0
1024,2021-10-17 03:06:00,11700.0,100.0,642300.0
1025,2021-10-17 03:06:00,11700.0,300.0,642200.0
1026,2021-10-17 03:06:00,11700.0,800.0,641900.0
1027,2021-10-17 03:06:00,11700.0,400.0,641100.0
1028,2021-10-17 03:06:00,11700.0,300.0,640700.0
1029,2021-10-17 03:06:00,11700.0,500.0,640400.0
1030,2021-10-17 03:06:00,11700.0,2000.0,639900.0
1031,2021-10-17 03:06:00,11700.0,1000.0,637900.0
1032,2021-10-17 03:06:00,11700.0,200.0,636900.0
1033,2021-10-17 03:06:00,11700.0,100.0,636700.0
1034,2021-10-17 03:06:00,11700.0,100.0,636600.0
1035,2021-10-17 03:06:00,11700.0,1000.0,636500.0
1036,2021-10-17 03:06:00,11700.0,6300.0,635500.0
1037,2021-10-17 03:03:45,11700.0,500.0,629200.0
1038,2021-10-17 03:02:01,11700.0,100.0,628700.0
1039,2021-10-17 03:00:50,11700.0,100.0,628600.0
1040,2021-10-17 03:00:44,11750.0,1900.0,628500.0
1041,2021-10-17 03:00:33,11750.0,1000.0,626600.0
1042,2021-10-17 03:00:02,11700.0,2000.0,625600.0
1043,2021-10-17 02:59:21,11750.0,5000.0,623600.0
1044,2021-10-17 02:59:18,11700.0,1000.0,618600.0
1045,2021-10-17 02:58:57,11700.0,1000.0,617600.0
1046,2021-10-17 02:58:33,11750.0,5000.0,616600.0
1047,2021-10-17 02:58:22,11750.0,1000.0,611600.0
1048,2021-10-17 02:58:21,11700.0,200.0,610600.0
1049,2021-10-17 02:57:48,11750.0,3000.0,610400.0
1050,2021-10-17 02:56:57,11750.0,500.0,607400.0
1051,2021-10-17 02:56:54,11750.0,1000.0,606900.0
1052,2021-10-17 02:56:45,11750.0,200.0,605900.0
1053,2021-10-17 02:54:39,11750.0,10000.0,605700.0
1054,2021-10-17 02:54:26,11700.0,5000.0,595700.0
1055,2021-10-17 02:54:12,11750.0,100.0,590700.0
1056,2021-10-17 02:54:04,11750.0,900.0,590600.0
1057,2021-10-17 02:54:04,11750.0,2000.0,589700.0
1058,2021-10-17 02:54:04,11750.0,2000.0,587700.0
1059,2021-10-17 02:54:04,11750.0,100.0,585700.0
1060,2021-10-17 02:53:08,11700.0,200.0,585600.0
1061,2021-10-17 02:52:29,11750.0,900.0,585400.0
1062,2021-10-17 02:52:29,11750.0,2000.0,584500.0
1063,2021-10-17 02:51:46,11700.0,200.0,582500.0
1064,2021-10-17 02:51:32,11700.0,1000.0,582300.0
1065,2021-10-17 02:51:32,11700.0,2400.0,581300.0
1066,2021-10-17 02:51:30,11700.0,1000.0,578900.0
1067,2021-10-17 02:51:16,11650.0,600.0,577900.0
1068,2021-10-17 02:51:05,11700.0,1200.0,577300.0
1069,2021-10-17 02:50:47,11700.0,100.0,576100.0
1070,2021-10-17 02:50:37,11700.0,500.0,576000.0
1071,2021-10-17 02:50:37,11700.0,1000.0,575500.0
1072,2021-10-17 02:50:37,11700.0,500.0,574500.0
1073,2021-10-17 02:50:37,11700.0,500.0,574000.0
1074,2021-10-17 02:50:37,11700.0,500.0,573500.0
1075,2021-10-17 02:50:37,11700.0,100.0,573000.0
1076,2021-10-17 02:50:37,11700.0,100.0,572900.0
1077,2021-10-17 02:50:37,11700.0,500.0,572800.0
1078,2021-10-17 02:50:37,11700.0,1400.0,572300.0
1079,2021-10-17 02:50:17,11700.0,1100.0,570900.0
1080,2021-10-17 02:50:07,11700.0,2500.0,569800.0
1081,2021-10-17 02:50:07,11700.0,500.0,567300.0
1082,2021-10-17 02:49:53,11750.0,200.0,566800.0
1083,2021-10-17 02:49:53,11750.0,1800.0,566600.0
1084,2021-10-17 02:49:26,11750.0,200.0,564800.0
1085,2021-10-17 02:49:26,11750.0,100.0,564600.0
1086,2021-10-17 02:49:26,11750.0,1300.0,564500.0
1087,2021-10-17 02:49:26,11750.0,1900.0,563200.0
1088,2021-10-17 02:49:26,11750.0,200.0,561300.0
1089,2021-10-17 02:49:26,11750.0,100.0,561100.0
1090,2021-10-17 02:49:26,11750.0,400.0,561000.0
1091,2021-10-17 02:49:26,11750.0,100.0,560600.0
1092,2021-10-17 02:49:26,11750.0,3500.0,560500.0
1093,2021-10-17 02:49:26,11750.0,400.0,557000.0
1094,2021-10-17 02:49:05,11750.0,100.0,556600.0
1095,2021-10-17 02:49:05,11750.0,100.0,556500.0
1096,2021-10-17 02:49:05,11750.0,2500.0,556400.0
1097,2021-10-17 02:49:05,11750.0,500.0,553900.0
1098,2021-10-17 02:49:05,11750.0,100.0,553400.0
1099,2021-10-17 02:49:05,11750.0,5000.0,553300.0
1100,2021-10-17 02:49:05,11750.0,300.0,548300.0
1101,2021-10-17 02:49:05,11750.0,1400.0,548000.0
1102,2021-10-17 02:48:37,11750.0,3600.0,546600.0
1103,2021-10-17 02:48:37,11750.0,800.0,543000.0
1104,2021-10-17 02:48:04,11750.0,200.0,542200.0
1105,2021-10-17 02:47:48,11800.0,100.0,542000.0
1106,2021-10-17 02:47:19,11800.0,500.0,541900.0
1107,2021-10-17 02:46:52,11800.0,100.0,541400.0
1108,2021-10-17 02:46:52,11800.0,200.0,541300.0
1109,2021-10-17 02:46:50,11800.0,1000.0,541100.0
1110,2021-10-17 02:46:50,11800.0,5000.0,540100.0
1111,2021-10-17 02:46:50,11800.0,2600.0,535100.0
1112,2021-10-17 02:46:50,11800.0,1100.0,532500.0
1113,2021-10-17 02:46:50,11800.0,500.0,531400.0
1114,2021-10-17 02:46:50,11800.0,3600.0,530900.0
1115,2021-10-17 02:46:50,11800.0,100.0,527300.0
1116,2021-10-17 02:46:50,11800.0,1000.0,527200.0
1117,2021-10-17 02:46:50,11800.0,16900.0,526200.0
1118,2021-10-17 02:46:50,11800.0,100.0,509300.0
1119,2021-10-17 02:46:50,11800.0,9000.0,509200.0
1120,2021-10-17 02:46:50,11800.0,5000.0,500200.0
1121,2021-10-17 02:46:50,11800.0,200.0,495200.0
1122,2021-10-17 02:46:50,11800.0,500.0,495000.0
1123,2021-10-17 02:46:50,11800.0,1400.0,494500.0
1124,2021-10-17 02:42:19,11800.0,600.0,493100.0
1125,2021-10-17 02:42:19,11800.0,500.0,492500.0
1126,2021-10-17 02:42:19,11800.0,1000.0,492000.0
1127,2021-10-17 02:42:19,11800.0,3700.0,491000.0
1128,2021-10-17 02:41:53,11800.0,300.0,487300.0
1129,2021-10-17 02:41:53,11800.0,100.0,487000.0
1130,2021-10-17 02:41:53,11800.0,100.0,486900.0
1131,2021-10-17 02:41:34,11800.0,200.0,486800.0
1132,2021-10-17 02:41:24,11800.0,300.0,486600.0
1133,2021-10-17 02:41:09,11800.0,200.0,486300.0
1134,2021-10-17 02:41:09,11800.0,100.0,486100.0
1135,2021-10-17 02:41:09,11800.0,400.0,486000.0
1136,2021-10-17 02:41:09,11800.0,2000.0,485600.0
1137,2021-10-17 02:41:09,11800.0,2300.0,483600.0
1138,2021-10-17 02:41:04,11800.0,3400.0,481300.0
1139,2021-10-17 02:40:39,11800.0,1000.0,477900.0
1140,2021-10-17 02:40:37,11800.0,200.0,476900.0
1141,2021-10-17 02:40:21,11800.0,5000.0,476700.0
1142,2021-10-17 02:40:20,11800.0,2000.0,471700.0
1143,2021-10-17 02:39:46,11800.0,100.0,469700.0
1144,2021-10-17 02:39:44,11800.0,6000.0,469600.0
1145,2021-10-17 02:39:44,11800.0,1100.0,463600.0
1146,2021-10-17 02:39:43,11800.0,200.0,462500.0
1147,2021-10-17 02:39:43,11800.0,3500.0,462300.0
1148,2021-10-17 02:39:39,11800.0,2200.0,458800.0
1149,2021-10-17 02:39:32,11800.0,16000.0,456600.0
1150,2021-10-17 02:39:30,11800.0,100.0,440600.0
1151,2021-10-17 02:39:25,11800.0,200.0,440500.0
1152,2021-10-17 02:38:36,11800.0,600.0,440300.0
1153,2021-10-17 02:38:14,11850.0,300.0,439700.0
1154,2021-10-17 02:38:14,11850.0,300.0,439400.0
1155,2021-10-17 02:38:13,11800.0,1000.0,439100.0
1156,2021-10-17 02:38:10,11800.0,200.0,438100.0
1157,2021-10-17 02:38:02,11800.0,600.0,437900.0
1158,2021-10-17 02:37:45,11800.0,4300.0,437300.0
1159,2021-10-17 02:37:40,11800.0,12400.0,433000.0
1160,2021-10-17 02:37:36,11800.0,200.0,420600.0
1161,2021-10-17 02:37:31,11800.0,1000.0,420400.0
1162,2021-10-17 02:37:20,11800.0,100.0,419400.0
1163,2021-10-17 02:37:16,11800.0,100.0,419300.0
1164,2021-10-17 02:36:40,11800.0,500.0,419200.0
1165,2021-10-17 02:36:40,11800.0,1000.0,418700.0
1166,2021-10-17 02:36:40,11800.0,700.0,417700.0
1167,2021-10-17 02:36:23,11800.0,300.0,417000.0
1168,2021-10-17 02:36:23,11800.0,1400.0,416700.0
1169,2021-10-17 02:36:23,11800.0,500.0,415300.0
1170,2021-10-17 02:36:23,11800.0,2100.0,414800.0
1171,2021-10-17 02:36:08,11800.0,1000.0,412700.0
1172,2021-10-17 02:35:57,11800.0,100.0,411700.0
1173,2021-10-17 02:35:51,11800.0,6800.0,411600.0
1174,2021-10-17 02:35:51,11800.0,3200.0,404800.0
1175,2021-10-17 02:35:48,11800.0,300.0,401600.0
1176,2021-10-17 02:35:48,11800.0,700.0,401300.0
1177,2021-10-17 02:35:19,11800.0,100.0,400600.0
1178,2021-10-17 02:35:19,11800.0,500.0,400500.0
1179,2021-10-17 02:34:45,11800.0,100.0,400000.0
1180,2021-10-17 02:34:38,11800.0,600.0,399900.0
1181,2021-10-17 02:34:38,11800.0,400.0,399300.0
1182,2021-10-17 02:34:34,11800.0,100.0,398900.0
1183,2021-10-17 02:34:31,11800.0,1000.0,398800.0
1184,2021-10-17 02:34:31,11800.0,100.0,397800.0
1185,2021-10-17 02:34:31,11800.0,8400.0,397700.0
1186,2021-10-17 02:34:21,11800.0,6600.0,389300.0
1187,2021-10-17 02:34:17,11800.0,1600.0,382700.0
1188,2021-10-17 02:34:14,11800.0,1800.0,381100.0
1189,2021-10-17 02:34:14,11800.0,300.0,379300.0
1190,2021-10-17 02:34:14,11800.0,2900.0,379000.0
1191,2021-10-17 02:34:14,11800.0,100.0,376100.0
1192,2021-10-17 02:34:13,11800.0,1000.0,376000.0
1193,2021-10-17 02:34:13,11800.0,1000.0,375000.0
1194,2021-10-17 02:34:09,11800.0,2000.0,374000.0
1195,2021-10-17 02:34:04,11800.0,1000.0,372000.0
1196,2021-10-17 02:34:00,11800.0,500.0,371000.0
1197,2021-10-17 02:33:57,11800.0,1500.0,370500.0
1198,2021-10-17 02:33:57,11800.0,400.0,369000.0
1199,2021-10-17 02:33:53,11800.0,1000.0,368600.0
1200,2021-10-17 02:33:38,11800.0,2400.0,367600.0
1201,2021-10-17 02:33:38,11800.0,3600.0,365200.0
1202,2021-10-17 02:33:34,11800.0,2000.0,361600.0
1203,2021-10-17 02:33:33,11800.0,300.0,359600.0
1204,2021-10-17 02:33:31,11800.0,800.0,359300.0
1205,2021-10-17 02:33:13,11800.0,900.0,358500.0
1206,2021-10-17 02:33:13,11800.0,2400.0,357600.0
1207,2021-10-17 02:33:09,11800.0,100.0,355200.0
1208,2021-10-17 02:33:09,11800.0,1400.0,355100.0
1209,2021-10-17 02:33:09,11800.0,100.0,353700.0
1210,2021-10-17 02:33:09,11800.0,1000.0,353600.0
1211,2021-10-17 02:33:09,11800.0,200.0,352600.0
1212,2021-10-17 02:33:09,11800.0,100.0,352400.0
1213,2021-10-17 02:33:09,11800.0,200.0,352300.0
1214,2021-10-17 02:33:09,11800.0,500.0,352100.0
1215,2021-10-17 02:33:09,11800.0,3000.0,351600.0
1216,2021-10-17 02:33:09,11800.0,1000.0,348600.0
1217,2021-10-17 02:33:09,11800.0,1000.0,347600.0
1218,2021-10-17 02:33:04,11800.0,1000.0,346600.0
1219,2021-10-17 02:32:54,11800.0,100.0,345600.0
1220,2021-10-17 02:32:54,11800.0,500.0,345500.0
1221,2021-10-17 02:32:51,11800.0,2000.0,345000.0
1222,2021-10-17 02:32:48,11800.0,3000.0,343000.0
1223,2021-10-17 02:32:31,11800.0,1400.0,340000.0
1224,2021-10-17 02:32:31,11800.0,100.0,338600.0
1225,2021-10-17 02:32:31,11800.0,2800.0,338500.0
1226,2021-10-17 02:32:31,11800.0,1000.0,335700.0
1227,2021-10-17 02:32:31,11800.0,100.0,334700.0
1228,2021-10-17 02:32:31,11800.0,100.0,334600.0
1229,2021-10-17 02:32:31,11800.0,4500.0,334500.0
1230,2021-10-17 02:31:43,11850.0,1900.0,330000.0
1231,2021-10-17 02:31:43,11850.0,1100.0,328100.0
1232,2021-10-17 02:31:30,11850.0,1000.0,327000.0
1233,2021-10-17 02:31:14,11850.0,900.0,326000.0
1234,2021-10-17 02:31:14,11850.0,100.0,325100.0
1235,2021-10-17 02:31:14,11900.0,2400.0,325000.0
1236,2021-10-17 02:31:10,11850.0,200.0,322600.0
1237,2021-10-17 02:31:05,11850.0,2000.0,322400.0
1238,2021-10-17 02:30:56,11850.0,2400.0,320400.0
1239,2021-10-17 02:30:56,11850.0,100.0,318000.0
1240,2021-10-17 02:30:52,11850.0,200.0,317900.0
1241,2021-10-17 02:30:39,11850.0,400.0,317700.0
1242,2021-10-17 02:30:11,11800.0,500.0,317300.0
1243,2021-10-17 02:30:11,11800.0,500.0,316800.0
1244,2021-10-17 02:30:11,11850.0,2000.0,316300.0
1245,2021-10-17 02:29:57,11900.0,200.0,314300.0
1246,2021-10-17 02:29:57,11900.0,3000.0,314100.0
1247,2021-10-17 02:29:57,11900.0,800.0,311100.0
1248,2021-10-17 02:29:57,11900.0,500.0,310300.0
1249,2021-10-17 02:29:57,11900.0,200.0,309800.0
1250,2021-10-17 02:29:57,11900.0,100.0,309600.0
1251,2021-10-17 02:29:57,11900.0,200.0,309500.0
1252,2021-10-17 02:29:28,11800.0,300.0,309300.0
1253,2021-10-17 02:29:23,11900.0,800.0,309000.0
1254,2021-10-17 02:29:23,11900.0,1000.0,308200.0
1255,2021-10-17 02:29:23,11900.0,400.0,307200.0
1256,2021-10-17 02:29:23,11900.0,1000.0,306800.0
1257,2021-10-17 02:29:23,11900.0,300.0,305800.0
1258,2021-10-17 02:29:15,11900.0,100.0,305500.0
1259,2021-10-17 02:29:13,11900.0,400.0,305400.0
1260,2021-10-17 02:29:13,11900.0,100.0,305000.0
1261,2021-10-17 02:29:13,11900.0,100.0,304900.0
1262,2021-10-17 02:29:13,11900.0,1000.0,304800.0
1263,2021-10-17 02:29:13,11900.0,100.0,303800.0
1264,2021-10-17 02:29:13,11900.0,1000.0,303700.0
1265,2021-10-17 02:29:13,11900.0,4300.0,302700.0
1266,2021-10-17 02:29:13,11900.0,700.0,298400.0
1267,2021-10-17 02:29:13,11900.0,3000.0,297700.0
1268,2021-10-17 02:29:13,11900.0,500.0,294700.0
1269,2021-10-17 02:29:13,11900.0,100.0,294200.0
1270,2021-10-17 02:29:13,11850.0,700.0,294100.0
1271,2021-10-17 02:29:05,11800.0,300.0,293400.0
1272,2021-10-17 02:29:05,11800.0,100.0,293100.0
1273,2021-10-17 02:29:05,11800.0,500.0,293000.0
1274,2021-10-17 02:28:58,11900.0,1000.0,292500.0
1275,2021-10-17 02:28:54,11900.0,900.0,291500.0
1276,2021-10-17 02:28:54,11900.0,100.0,290600.0
1277,2021-10-17 02:28:54,11900.0,1000.0,290500.0
1278,2021-10-17 02:28:54,11900.0,100.0,289500.0
1279,2021-10-17 02:28:54,11900.0,300.0,289400.0
1280,2021-10-17 02:28:54,11900.0,4300.0,289100.0
1281,2021-10-17 02:28:54,11900.0,1500.0,284800.0
1282,2021-10-17 02:28:54,11900.0,100.0,283300.0
1283,2021-10-17 02:28:54,11900.0,500.0,283200.0
1284,2021-10-17 02:28:54,11900.0,800.0,282700.0
1285,2021-10-17 02:28:54,11900.0,400.0,281900.0
1286,2021-10-17 02:28:35,11900.0,600.0,281500.0
1287,2021-10-17 02:28:35,11900.0,400.0,280900.0
1288,2021-10-17 02:28:14,11900.0,100.0,280500.0
1289,2021-10-17 02:28:14,11900.0,200.0,280400.0
1290,2021-10-17 02:28:14,11900.0,1000.0,280200.0
1291,2021-10-17 02:28:14,11850.0,900.0,279200.0
1292,2021-10-17 02:28:02,11850.0,300.0,278300.0
1293,2021-10-17 02:28:02,11850.0,600.0,278000.0
1294,2021-10-17 02:28:02,11850.0,800.0,277400.0
1295,2021-10-17 02:28:02,11850.0,3500.0,276600.0
1296,2021-10-17 02:28:02,11850.0,2000.0,273100.0
1297,2021-10-17 02:28:02,11850.0,1200.0,271100.0
1298,2021-10-17 02:28:02,11850.0,800.0,269900.0
1299,2021-10-17 02:28:02,11850.0,500.0,269100.0
1300,2021-10-17 02:28:02,11850.0,400.0,268600.0
1301,2021-10-17 02:27:53,11900.0,200.0,268200.0
1302,2021-10-17 02:27:48,11900.0,8300.0,268000.0
1303,2021-10-17 02:27:48,11900.0,10500.0,259700.0
1304,2021-10-17 02:27:26,11900.0,300.0,249200.0
1305,2021-10-17 02:27:09,11900.0,200.0,248900.0
1306,2021-10-17 02:27:06,11900.0,100.0,248700.0
1307,2021-10-17 02:27:06,11900.0,5000.0,248600.0
1308,2021-10-17 02:27:01,11900.0,100.0,243600.0
1309,2021-10-17 02:27:01,11900.0,200.0,243500.0
1310,2021-10-17 02:27:01,11900.0,200.0,243300.0
1311,2021-10-17 02:27:01,11900.0,500.0,243100.0
1312,2021-10-17 02:27:01,11900.0,1000.0,242600.0
1313,2021-10-17 02:27:01,11900.0,200.0,241600.0
1314,2021-10-17 02:27:01,11900.0,1700.0,241400.0
1315,2021-10-17 02:26:54,11900.0,300.0,239700.0
1316,2021-10-17 02:26:51,11900.0,500.0,239400.0
1317,2021-10-17 02:26:49,11900.0,300.0,238900.0
1318,2021-10-17 02:26:48,11900.0,300.0,238600.0
1319,2021-10-17 02:26:47,11900.0,200.0,238300.0
1320,2021-10-17 02:26:43,11900.0,1000.0,238100.0
1321,2021-10-17 02:26:43,11900.0,1000.0,237100.0
1322,2021-10-17 02:26:38,11900.0,800.0,236100.0
1323,2021-10-17 02:26:34,11900.0,100.0,235300.0
1324,2021-10-17 02:26:34,11900.0,100.0,235200.0
1325,2021-10-17 02:26:34,11900.0,800.0,235100.0
1326,2021-10-17 02:26:29,11900.0,1200.0,234300.0
1327,2021-10-17 02:26:29,11900.0,200.0,233100.0
1328,2021-10-17 02:26:29,11900.0,3600.0,232900.0
1329,2021-10-17 02:26:27,11900.0,500.0,229300.0
1330,2021-10-17 02:26:27,11900.0,1000.0,228800.0
1331,2021-10-17 02:26:25,11900.0,500.0,227800.0
1332,2021-10-17 02:26:15,11900.0,100.0,227300.0
1333,2021-10-17 02:26:15,11900.0,100.0,227200.0
1334,2021-10-17 02:26:15,11900.0,600.0,227100.0
1335,2021-10-17 02:26:15,11900.0,3600.0,226500.0
1336,2021-10-17 02:26:09,11900.0,1000.0,222900.0
1337,2021-10-17 02:26:09,11900.0,200.0,221900.0
1338,2021-10-17 02:26:08,11900.0,200.0,221700.0
1339,2021-10-17 02:26:05,11900.0,500.0,221500.0
1340,2021-10-17 02:26:05,11900.0,500.0,221000.0
1341,2021-10-17 02:26:03,11900.0,300.0,220500.0
1342,2021-10-17 02:25:55,11900.0,1000.0,220200.0
1343,2021-10-17 02:25:55,11900.0,1400.0,219200.0
1344,2021-10-17 02:25:55,11900.0,1800.0,217800.0
1345,2021-10-17 02:25:53,11900.0,3200.0,216000.0
1346,2021-10-17 02:25:53,11900.0,100.0,212800.0
1347,2021-10-17 02:25:53,11900.0,600.0,212700.0
1348,2021-10-17 02:25:53,11900.0,100.0,212100.0
1349,2021-10-17 02:25:53,11900.0,500.0,212000.0
1350,2021-10-17 02:25:53,11900.0,200.0,211500.0
1351,2021-10-17 02:25:53,11900.0,300.0,211300.0
1352,2021-10-17 02:25:53,11900.0,1000.0,211000.0
1353,2021-10-17 02:25:47,11900.0,3700.0,210000.0
1354,2021-10-17 02:25:47,11900.0,700.0,206300.0
1355,2021-10-17 02:25:44,11900.0,500.0,205600.0
1356,2021-10-17 02:25:42,11900.0,100.0,205100.0
1357,2021-10-17 02:25:39,11900.0,700.0,205000.0
1358,2021-10-17 02:25:39,11900.0,400.0,204300.0
1359,2021-10-17 02:25:39,11900.0,100.0,203900.0
1360,2021-10-17 02:25:39,11900.0,200.0,203800.0
1361,2021-10-17 02:25:39,11900.0,500.0,203600.0
1362,2021-10-17 02:25:39,11900.0,1000.0,203100.0
1363,2021-10-17 02:25:39,11900.0,2100.0,202100.0
1364,2021-10-17 02:25:32,11900.0,1000.0,200000.0
1365,2021-10-17 02:25:27,11900.0,1000.0,199000.0
1366,2021-10-17 02:25:24,11900.0,500.0,198000.0
1367,2021-10-17 02:25:17,11900.0,400.0,197500.0
1368,2021-10-17 02:25:17,11900.0,100.0,197100.0
1369,2021-10-17 02:25:17,11900.0,200.0,197000.0
1370,2021-10-17 02:25:17,11900.0,500.0,196800.0
1371,2021-10-17 02:25:17,11900.0,200.0,196300.0
1372,2021-10-17 02:25:17,11900.0,200.0,196100.0
1373,2021-10-17 02:25:17,11900.0,400.0,195900.0
1374,2021-10-17 02:25:17,11900.0,600.0,195500.0
1375,2021-10-17 02:25:17,11900.0,100.0,194900.0
1376,2021-10-17 02:25:17,11900.0,200.0,194800.0
1377,2021-10-17 02:25:17,11900.0,200.0,194600.0
1378,2021-10-17 02:25:17,11900.0,200.0,194400.0
1379,2021-10-17 02:25:17,11900.0,900.0,194200.0
1380,2021-10-17 02:25:17,11900.0,200.0,193300.0
1381,2021-10-17 02:25:17,11900.0,400.0,193100.0
1382,2021-10-17 02:25:17,11900.0,200.0,192700.0
1383,2021-10-17 02:25:17,11900.0,100.0,192500.0
1384,2021-10-17 02:25:17,11900.0,1000.0,192400.0
1385,2021-10-17 02:25:17,11900.0,1700.0,191400.0
1386,2021-10-17 02:25:14,11900.0,200.0,189700.0
1387,2021-10-17 02:25:11,11900.0,200.0,189500.0
1388,2021-10-17 02:24:53,11900.0,500.0,189300.0
1389,2021-10-17 02:24:49,11850.0,1000.0,188800.0
1390,2021-10-17 02:24:42,11900.0,1000.0,187800.0
1391,2021-10-17 02:24:41,11900.0,100.0,186800.0
1392,2021-10-17 02:24:35,11900.0,300.0,186700.0
1393,2021-10-17 02:24:27,11900.0,100.0,186400.0
1394,2021-10-17 02:24:24,11900.0,1000.0,186300.0
1395,2021-10-17 02:24:22,11900.0,300.0,185300.0
1396,2021-10-17 02:24:15,11900.0,4600.0,185000.0
1397,2021-10-17 02:24:15,11900.0,400.0,180400.0
1398,2021-10-17 02:24:15,11900.0,7900.0,180000.0
1399,2021-10-17 02:24:15,11900.0,2000.0,172100.0
1400,2021-10-17 02:24:15,11900.0,1000.0,170100.0
1401,2021-10-17 02:24:15,11900.0,2000.0,169100.0
1402,2021-10-17 02:24:15,11900.0,500.0,167100.0
1403,2021-10-17 02:24:15,11900.0,100.0,166600.0
1404,2021-10-17 02:24:15,11900.0,1500.0,166500.0
1405,2021-10-17 02:23:56,11850.0,2000.0,165000.0
1406,2021-10-17 02:23:55,11850.0,100.0,163000.0
1407,2021-10-17 02:23:53,11850.0,600.0,162900.0
1408,2021-10-17 02:23:49,11850.0,400.0,162300.0
1409,2021-10-17 02:23:49,11850.0,200.0,161900.0
1410,2021-10-17 02:23:49,11850.0,500.0,161700.0
1411,2021-10-17 02:23:49,11850.0,3200.0,161200.0
1412,2021-10-17 02:23:49,11850.0,500.0,158000.0
1413,2021-10-17 02:23:49,11850.0,500.0,157500.0
1414,2021-10-17 02:23:49,11850.0,100.0,157000.0
1415,2021-10-17 02:23:49,11850.0,5900.0,156900.0
1416,2021-10-17 02:23:39,11850.0,1900.0,151000.0
1417,2021-10-17 02:23:39,11850.0,100.0,149100.0
1418,2021-10-17 02:23:39,11850.0,200.0,149000.0
1419,2021-10-17 02:23:39,11850.0,100.0,148800.0
1420,2021-10-17 02:23:39,11850.0,200.0,148700.0
1421,2021-10-17 02:23:39,11850.0,200.0,148500.0
1422,2021-10-17 02:23:39,11850.0,4000.0,148300.0
1423,2021-10-17 02:23:39,11850.0,300.0,144300.0
1424,2021-10-17 02:23:39,11850.0,300.0,144000.0
1425,2021-10-17 02:23:26,11850.0,300.0,143700.0
1426,2021-10-17 02:23:16,11800.0,100.0,143400.0
1427,2021-10-17 02:23:10,11850.0,400.0,143300.0
1428,2021-10-17 02:23:10,11850.0,100.0,142900.0
1429,2021-10-17 02:22:53,11850.0,500.0,142800.0
1430,2021-10-17 02:22:30,11850.0,1000.0,142300.0
1431,2021-10-17 02:22:18,11850.0,1500.0,141300.0
1432,2021-10-17 02:22:18,11850.0,100.0,139800.0
1433,2021-10-17 02:22:18,11850.0,1000.0,139700.0
1434,2021-10-17 02:22:18,11850.0,1000.0,138700.0
1435,2021-10-17 02:22:18,11850.0,1000.0,137700.0
1436,2021-10-17 02:22:18,11850.0,500.0,136700.0
1437,2021-10-17 02:22:18,11850.0,100.0,136200.0
1438,2021-10-17 02:22:18,11850.0,300.0,136100.0
1439,2021-10-17 02:22:18,11850.0,4500.0,135800.0
1440,2021-10-17 02:22:12,11800.0,200.0,131300.0
1441,2021-10-17 02:22:12,11800.0,300.0,131100.0
1442,2021-10-17 02:22:05,11800.0,200.0,130800.0
1443,2021-10-17 02:21:56,11850.0,500.0,130600.0
1444,2021-10-17 02:21:54,11800.0,100.0,130100.0
1445,2021-10-17 02:21:54,11800.0,200.0,130000.0
1446,2021-10-17 02:21:53,11800.0,100.0,129800.0
1447,2021-10-17 02:21:53,11800.0,1000.0,129700.0
1448,2021-10-17 02:21:51,11800.0,1700.0,128700.0
1449,2021-10-17 02:21:51,11800.0,100.0,127000.0
1450,2021-10-17 02:21:51,11800.0,100.0,126900.0
1451,2021-10-17 02:21:51,11800.0,100.0,126800.0
1452,2021-10-17 02:21:39,11800.0,200.0,126700.0
1453,2021-10-17 02:21:39,11800.0,500.0,126500.0
1454,2021-10-17 02:21:39,11800.0,500.0,126000.0
1455,2021-10-17 02:21:39,11800.0,100.0,125500.0
1456,2021-10-17 02:21:39,11800.0,1000.0,125400.0
1457,2021-10-17 02:21:39,11800.0,500.0,124400.0
1458,2021-10-17 02:21:39,11800.0,1000.0,123900.0
1459,2021-10-17 02:21:39,11800.0,200.0,122900.0
1460,2021-10-17 02:21:39,11800.0,1000.0,122700.0
1461,2021-10-17 02:21:39,11800.0,200.0,121700.0
1462,2021-10-17 02:21:39,11800.0,100.0,121500.0
1463,2021-10-17 02:21:39,11800.0,200.0,121400.0
1464,2021-10-17 02:21:37,11800.0,1000.0,121200.0
1465,2021-10-17 02:21:35,11800.0,100.0,120200.0
1466,2021-10-17 02:21:25,11800.0,1000.0,120100.0
1467,2021-10-17 02:21:23,11800.0,500.0,119100.0
1468,2021-10-17 02:21:16,11800.0,2900.0,118600.0
1469,2021-10-17 02:21:16,11800.0,500.0,115700.0
1470,2021-10-17 02:21:16,11800.0,100.0,115200.0
1471,2021-10-17 02:21:16,11800.0,100.0,115100.0
1472,2021-10-17 02:21:16,11800.0,500.0,115000.0
1473,2021-10-17 02:21:16,11800.0,900.0,114500.0
1474,2021-10-17 02:21:01,11800.0,100.0,113600.0
1475,2021-10-17 02:20:54,11750.0,100.0,113500.0
1476,2021-10-17 02:20:54,11750.0,300.0,113400.0
1477,2021-10-17 02:20:54,11750.0,200.0,113100.0
1478,2021-10-17 02:20:54,11750.0,100.0,112900.0
1479,2021-10-17 02:20:54,11750.0,1500.0,112800.0
1480,2021-10-17 02:20:52,11750.0,500.0,111300.0
1481,2021-10-17 02:20:43,11750.0,2000.0,110800.0
1482,2021-10-17 02:20:43,11750.0,100.0,108800.0
1483,2021-10-17 02:20:43,11750.0,100.0,108700.0
1484,2021-10-17 02:20:43,11750.0,200.0,108600.0
1485,2021-10-17 02:20:43,11750.0,1000.0,108400.0
1486,2021-10-17 02:20:43,11750.0,1000.0,107400.0
1487,2021-10-17 02:20:43,11750.0,1000.0,106400.0
1488,2021-10-17 02:20:43,11750.0,1000.0,105400.0
1489,2021-10-17 02:20:43,11750.0,100.0,104400.0
1490,2021-10-17 02:20:43,11750.0,500.0,104300.0
1491,2021-10-17 02:20:43,11750.0,100.0,103800.0
1492,2021-10-17 02:20:43,11750.0,2900.0,103700.0
1493,2021-10-17 02:20:41,11750.0,2100.0,100800.0
1494,2021-10-17 02:20:41,11750.0,1000.0,98700.0
1495,2021-10-17 02:20:41,11750.0,1900.0,97700.0
1496,2021-10-17 02:20:39,11750.0,100.0,95800.0
1497,2021-10-17 02:20:26,11750.0,3000.0,95700.0
1498,2021-10-17 02:20:25,11700.0,1000.0,92700.0
1499,2021-10-17 02:20:04,11700.0,200.0,91700.0
1500,2021-10-17 02:19:56,11700.0,200.0,91500.0
1501,2021-10-17 02:19:36,11700.0,2000.0,91300.0
1502,2021-10-17 02:19:36,11700.0,10000.0,89300.0
1503,2021-10-17 02:19:36,11700.0,1000.0,79300.0
1504,2021-10-17 02:19:36,11700.0,100.0,78300.0
1505,2021-10-17 02:19:36,11700.0,2400.0,78200.0
1506,2021-10-17 02:19:10,11700.0,700.0,75800.0
1507,2021-10-17 02:19:09,11700.0,500.0,75100.0
1508,2021-10-17 02:19:04,11700.0,500.0,74600.0
1509,2021-10-17 02:19:03,11650.0,100.0,74100.0
1510,2021-10-17 02:18:50,11700.0,100.0,74000.0
1511,2021-10-17 02:18:48,11700.0,800.0,73900.0
1512,2021-10-17 02:18:48,11700.0,1000.0,73100.0
1513,2021-10-17 02:18:48,11700.0,200.0,72100.0
1514,2021-10-17 02:18:40,11700.0,1000.0,71900.0
1515,2021-10-17 02:18:40,11700.0,100.0,70900.0
1516,2021-10-17 02:18:40,11700.0,1000.0,70800.0
1517,2021-10-17 02:18:40,11700.0,100.0,69800.0
1518,2021-10-17 02:18:40,11700.0,600.0,69700.0
1519,2021-10-17 02:18:40,11700.0,200.0,69100.0
1520,2021-10-17 02:18:40,11700.0,2000.0,68900.0
1521,2021-10-17 02:18:38,11650.0,100.0,66900.0
1522,2021-10-17 02:18:32,11700.0,3000.0,66800.0
1523,2021-10-17 02:18:32,11700.0,400.0,63800.0
1524,2021-10-17 02:18:17,11650.0,300.0,63400.0
1525,2021-10-17 02:18:17,11650.0,500.0,63100.0
1526,2021-10-17 02:18:09,11700.0,100.0,62600.0
1527,2021-10-17 02:18:01,11700.0,500.0,62500.0
1528,2021-10-17 02:18:00,11700.0,200.0,62000.0
1529,2021-10-17 02:17:54,11700.0,800.0,61800.0
1530,2021-10-17 02:17:54,11700.0,500.0,61000.0
1531,2021-10-17 02:17:54,11700.0,300.0,60500.0
1532,2021-10-17 02:17:54,11700.0,100.0,60200.0
1533,2021-10-17 02:17:54,11700.0,300.0,60100.0
1534,2021-10-17 02:17:37,11700.0,200.0,59800.0
1535,2021-10-17 02:17:37,11700.0,100.0,59600.0
1536,2021-10-17 02:17:37,11700.0,1000.0,59500.0
1537,2021-10-17 02:17:37,11700.0,200.0,58500.0
1538,2021-10-17 02:17:37,11700.0,200.0,58300.0
1539,2021-10-17 02:17:37,11700.0,200.0,58100.0
1540,2021-10-17 02:17:37,11650.0,3000.0,57900.0
1541,2021-10-17 02:17:37,11650.0,500.0,54900.0
1542,2021-10-17 02:17:37,11650.0,1500.0,54400.0
1543,2021-10-17 02:17:37,11650.0,500.0,52900.0
1544,2021-10-17 02:17:37,11650.0,5900.0,52400.0
1545,2021-10-17 02:17:32,11600.0,500.0,46500.0
1546,2021-10-17 02:16:53,11650.0,500.0,46000.0
1547,2021-10-17 02:16:43,11650.0,2000.0,45500.0
1548,2021-10-17 02:16:39,11650.0,400.0,43500.0
1549,2021-10-17 02:16:38,11650.0,1200.0,43100.0
1550,2021-10-17 02:16:38,11650.0,1000.0,41900.0
1551,2021-10-17 02:16:38,11650.0,800.0,40900.0
1552,2021-10-17 02:16:30,11650.0,3700.0,40100.0
1553,2021-10-17 02:16:29,11600.0,1400.0,36400.0
1554,2021-10-17 02:16:18,11650.0,500.0,35000.0
1555,2021-10-17 02:16:15,11600.0,1200.0,34500.0
1556,2021-10-17 02:15:52,11600.0,500.0,33300.0
1557,2021-10-17 02:15:51,11600.0,100.0,32800.0
1558,2021-10-17 02:15:51,11600.0,1000.0,32700.0
1559,2021-10-17 02:15:51,11600.0,600.0,31700.0
1560,2021-10-17 02:15:51,11600.0,500.0,31100.0
1561,2021-10-17 02:15:51,11600.0,100.0,30600.0
1562,2021-10-17 02:15:51,11600.0,200.0,30500.0
1563,2021-10-17 02:15:48,11600.0,700.0,30300.0
1564,2021-10-17 02:15:41,11600.0,100.0,29600.0
1565,2021-10-17 02:15:35,11600.0,2000.0,29500.0
1566,2021-10-17 02:15:00,11600.0,3000.0,27500.0
1567,2021-10-17 02:15:00,11600.0,1000.0,24500.0
1568,2021-10-17 02:15:00,11600.0,300.0,23500.0
1569,2021-10-17 02:15:00,11600.0,200.0,23200.0
1570,2021-10-17 02:15:00,11600.0,100.0,23000.0
1571,2021-10-17 02:15:00,11600.0,100.0,22900.0
1572,2021-10-17 02:15:00,11600.0,200.0,22800.0
1573,2021-10-17 02:15:00,11600.0,100.0,22600.0
1574,2021-10-17 02:15:00,11600.0,900.0,22500.0
1575,2021-10-17 02:15:00,11600.0,4100.0,21600.0
1576,2021-10-17 02:15:00,11600.0,1100.0,17500.0
1577,2021-10-17 02:15:00,11600.0,100.0,16400.0
1578,2021-10-17 02:15:00,11600.0,500.0,16300.0
1579,2021-10-17 02:15:00,11600.0,9500.0,15800.0
1580,2021-10-17 02:15:00,11600.0,500.0,6300.0
1581,2021-10-17 02:15:00,11600.0,500.0,5800.0
1582,2021-10-17 02:15:00,11600.0,500.0,5300.0
1583,2021-10-17 02:15:00,11600.0,1100.0,4800.0
1584,2021-10-17 02:15:00,11600.0,400.0,3700.0
1585,2021-10-17 02:15:00,11600.0,100.0,3300.0
1586,2021-10-17 02:15:00,11600.0,1000.0,3200.0
1587,2021-10-17 02:15:00,11600.0,1000.0,2200.0
1588,2021-10-17 02:15:00,11600.0,1000.0,1200.0
1589,2021-10-17 02:15:00,11600.0,100.0,200.0
1590,2021-10-17 02:15:00,11600.0,100.0,100.0
