,Time,Price,Volume_per_trade,Volume
0,2021-10-12 07:45:01,11400.0,600.0,851200.0
1,2021-10-12 07:45:01,11400.0,2100.0,850600.0
2,2021-10-12 07:45:01,11400.0,300.0,848500.0
3,2021-10-12 07:45:01,11400.0,2000.0,848200.0
4,2021-10-12 07:45:01,11400.0,1000.0,846200.0
5,2021-10-12 07:45:01,11400.0,200.0,845200.0
6,2021-10-12 07:45:01,11400.0,2500.0,845000.0
7,2021-10-12 07:45:01,11400.0,400.0,842500.0
8,2021-10-12 07:45:01,11400.0,1900.0,842100.0
9,2021-10-12 07:45:01,11400.0,100.0,840200.0
10,2021-10-12 07:45:01,11400.0,100.0,840100.0
11,2021-10-12 07:45:01,11400.0,4000.0,840000.0
12,2021-10-12 07:45:01,11400.0,200.0,836000.0
13,2021-10-12 07:45:01,11400.0,1000.0,835800.0
14,2021-10-12 07:45:01,11400.0,700.0,834800.0
15,2021-10-12 07:45:01,11400.0,200.0,834100.0
16,2021-10-12 07:45:01,11400.0,1000.0,833900.0
17,2021-10-12 07:45:01,11400.0,100.0,832900.0
18,2021-10-12 07:45:01,11400.0,1900.0,832800.0
19,2021-10-12 07:45:01,11400.0,100.0,830900.0
20,2021-10-12 07:29:55,11350.0,10000.0,830800.0
21,2021-10-12 07:29:55,11350.0,500.0,820800.0
22,2021-10-12 07:29:41,11300.0,11000.0,820300.0
23,2021-10-12 07:29:40,11350.0,200.0,809300.0
24,2021-10-12 07:28:07,11350.0,7300.0,809100.0
25,2021-10-12 07:28:07,11350.0,2000.0,801800.0
26,2021-10-12 07:28:07,11350.0,100.0,799800.0
27,2021-10-12 07:28:07,11350.0,500.0,799700.0
28,2021-10-12 07:28:07,11350.0,100.0,799200.0
29,2021-10-12 07:27:57,11300.0,1500.0,799100.0
30,2021-10-12 07:27:57,11300.0,8500.0,797600.0
31,2021-10-12 07:27:04,11350.0,100.0,789100.0
32,2021-10-12 07:26:30,11300.0,500.0,789000.0
33,2021-10-12 07:23:16,11350.0,800.0,788500.0
34,2021-10-12 07:22:33,11350.0,200.0,787700.0
35,2021-10-12 07:22:33,11350.0,4000.0,787500.0
36,2021-10-12 07:22:33,11350.0,1000.0,783500.0
37,2021-10-12 07:22:33,11350.0,1400.0,782500.0
38,2021-10-12 07:22:33,11350.0,1600.0,781100.0
39,2021-10-12 07:22:33,11300.0,1000.0,779500.0
40,2021-10-12 07:22:22,11250.0,400.0,778500.0
41,2021-10-12 07:22:22,11250.0,500.0,778100.0
42,2021-10-12 07:22:22,11250.0,500.0,777600.0
43,2021-10-12 07:22:22,11250.0,1000.0,777100.0
44,2021-10-12 07:22:22,11250.0,1000.0,776100.0
45,2021-10-12 07:22:22,11250.0,500.0,775100.0
46,2021-10-12 07:22:22,11250.0,200.0,774600.0
47,2021-10-12 07:22:22,11250.0,600.0,774400.0
48,2021-10-12 07:22:22,11250.0,5000.0,773800.0
49,2021-10-12 07:22:22,11250.0,200.0,768800.0
50,2021-10-12 07:22:22,11250.0,100.0,768600.0
51,2021-10-12 07:21:30,11350.0,4100.0,768500.0
52,2021-10-12 07:21:30,11350.0,100.0,764400.0
53,2021-10-12 07:21:30,11350.0,2500.0,764300.0
54,2021-10-12 07:21:30,11350.0,3300.0,761800.0
55,2021-10-12 07:21:18,11300.0,6000.0,758500.0
56,2021-10-12 07:21:18,11300.0,100.0,752500.0
57,2021-10-12 07:21:18,11300.0,100.0,752400.0
58,2021-10-12 07:21:18,11300.0,100.0,752300.0
59,2021-10-12 07:21:18,11300.0,300.0,752200.0
60,2021-10-12 07:21:18,11300.0,500.0,751900.0
61,2021-10-12 07:21:18,11300.0,2900.0,751400.0
62,2021-10-12 07:20:58,11300.0,2100.0,748500.0
63,2021-10-12 07:20:58,11300.0,200.0,746400.0
64,2021-10-12 07:16:25,11350.0,100.0,746200.0
65,2021-10-12 07:16:07,11300.0,700.0,746100.0
66,2021-10-12 07:16:07,11300.0,300.0,745400.0
67,2021-10-12 07:16:00,11300.0,500.0,745100.0
68,2021-10-12 07:16:00,11300.0,200.0,744600.0
69,2021-10-12 07:14:03,11250.0,200.0,744400.0
70,2021-10-12 07:13:41,11250.0,200.0,744200.0
71,2021-10-12 07:13:41,11250.0,200.0,744000.0
72,2021-10-12 07:13:41,11250.0,800.0,743800.0
73,2021-10-12 07:13:41,11300.0,1000.0,743000.0
74,2021-10-12 07:13:41,11300.0,1800.0,742000.0
75,2021-10-12 07:12:45,11300.0,1200.0,740200.0
76,2021-10-12 07:12:45,11300.0,1100.0,739000.0
77,2021-10-12 07:10:44,11300.0,200.0,737900.0
78,2021-10-12 07:10:44,11300.0,1000.0,737700.0
79,2021-10-12 07:10:44,11300.0,500.0,736700.0
80,2021-10-12 07:10:44,11300.0,1000.0,736200.0
81,2021-10-12 07:10:44,11300.0,200.0,735200.0
82,2021-10-12 07:10:44,11300.0,2000.0,735000.0
83,2021-10-12 07:10:44,11300.0,500.0,733000.0
84,2021-10-12 07:10:44,11300.0,200.0,732500.0
85,2021-10-12 07:05:21,11300.0,300.0,732300.0
86,2021-10-12 07:05:21,11300.0,400.0,732000.0
87,2021-10-12 07:05:21,11300.0,300.0,731600.0
88,2021-10-12 07:05:13,11250.0,100.0,731300.0
89,2021-10-12 07:04:31,11250.0,200.0,731200.0
90,2021-10-12 07:04:31,11250.0,100.0,731000.0
91,2021-10-12 07:04:31,11250.0,200.0,730900.0
92,2021-10-12 07:03:46,11250.0,1300.0,730700.0
93,2021-10-12 07:03:46,11250.0,3700.0,729400.0
94,2021-10-12 07:03:09,11250.0,4200.0,725700.0
95,2021-10-12 07:01:03,11250.0,2300.0,721500.0
96,2021-10-12 07:00:08,11250.0,200.0,719200.0
97,2021-10-12 06:58:50,11250.0,1000.0,719000.0
98,2021-10-12 06:57:50,11250.0,1000.0,718000.0
99,2021-10-12 06:57:11,11250.0,1000.0,717000.0
100,2021-10-12 06:56:46,11250.0,2000.0,716000.0
101,2021-10-12 06:56:39,11250.0,1000.0,714000.0
102,2021-10-12 06:55:27,11250.0,1000.0,713000.0
103,2021-10-12 06:54:34,11250.0,500.0,712000.0
104,2021-10-12 06:52:31,11250.0,12100.0,711500.0
105,2021-10-12 06:52:31,11250.0,500.0,699400.0
106,2021-10-12 06:52:31,11250.0,100.0,698900.0
107,2021-10-12 06:52:31,11250.0,3000.0,698800.0
108,2021-10-12 06:52:31,11250.0,100.0,695800.0
109,2021-10-12 06:52:31,11250.0,200.0,695700.0
110,2021-10-12 06:52:31,11250.0,800.0,695500.0
111,2021-10-12 06:52:31,11250.0,300.0,694700.0
112,2021-10-12 06:52:31,11250.0,100.0,694400.0
113,2021-10-12 06:52:31,11250.0,2800.0,694300.0
114,2021-10-12 06:51:34,11300.0,200.0,691500.0
115,2021-10-12 06:51:34,11300.0,300.0,691300.0
116,2021-10-12 06:50:24,11300.0,100.0,691000.0
117,2021-10-12 06:50:17,11300.0,400.0,690900.0
118,2021-10-12 06:50:17,11300.0,500.0,690500.0
119,2021-10-12 06:50:17,11300.0,700.0,690000.0
120,2021-10-12 06:48:18,11300.0,500.0,689300.0
121,2021-10-12 06:46:39,11350.0,500.0,688800.0
122,2021-10-12 06:45:53,11350.0,100.0,688300.0
123,2021-10-12 06:44:45,11300.0,200.0,688200.0
124,2021-10-12 06:44:36,11350.0,700.0,688000.0
125,2021-10-12 06:44:10,11300.0,9300.0,687300.0
126,2021-10-12 06:44:10,11300.0,1700.0,678000.0
127,2021-10-12 06:44:10,11300.0,600.0,676300.0
128,2021-10-12 06:44:10,11300.0,200.0,675700.0
129,2021-10-12 06:44:10,11300.0,200.0,675500.0
130,2021-10-12 06:42:11,11300.0,100.0,675300.0
131,2021-10-12 06:41:02,11350.0,200.0,675200.0
132,2021-10-12 06:41:02,11350.0,100.0,675000.0
133,2021-10-12 06:40:38,11300.0,200.0,674900.0
134,2021-10-12 06:40:38,11300.0,100.0,674700.0
135,2021-10-12 06:40:38,11300.0,100.0,674600.0
136,2021-10-12 06:40:38,11300.0,400.0,674500.0
137,2021-10-12 06:40:38,11300.0,200.0,674100.0
138,2021-10-12 06:40:38,11300.0,1200.0,673900.0
139,2021-10-12 06:40:14,11300.0,200.0,672700.0
140,2021-10-12 06:40:03,11250.0,2000.0,672500.0
141,2021-10-12 06:39:43,11300.0,200.0,670500.0
142,2021-10-12 06:39:36,11300.0,1500.0,670300.0
143,2021-10-12 06:38:50,11300.0,600.0,668800.0
144,2021-10-12 06:35:58,11300.0,100.0,668200.0
145,2021-10-12 06:34:08,11300.0,200.0,668100.0
146,2021-10-12 06:34:08,11300.0,800.0,667900.0
147,2021-10-12 06:30:32,11300.0,1000.0,667100.0
148,2021-10-12 06:29:58,11250.0,3300.0,666100.0
149,2021-10-12 06:29:31,11250.0,1000.0,662800.0
150,2021-10-12 06:29:24,11300.0,2000.0,661800.0
151,2021-10-12 06:27:49,11250.0,900.0,659800.0
152,2021-10-12 06:27:31,11250.0,2000.0,658900.0
153,2021-10-12 06:27:25,11250.0,1000.0,656900.0
154,2021-10-12 06:27:08,11200.0,100.0,655900.0
155,2021-10-12 06:27:08,11200.0,200.0,655800.0
156,2021-10-12 06:27:08,11200.0,200.0,655600.0
157,2021-10-12 06:26:56,11250.0,500.0,655400.0
158,2021-10-12 06:26:51,11250.0,2500.0,654900.0
159,2021-10-12 06:26:11,11250.0,1000.0,652400.0
160,2021-10-12 06:26:05,11250.0,200.0,651400.0
161,2021-10-12 06:25:47,11250.0,400.0,651200.0
162,2021-10-12 06:25:47,11250.0,100.0,650800.0
163,2021-10-12 06:25:44,11250.0,2000.0,650700.0
164,2021-10-12 06:25:08,11250.0,100.0,648700.0
165,2021-10-12 06:25:06,11250.0,100.0,648600.0
166,2021-10-12 06:25:03,11250.0,1000.0,648500.0
167,2021-10-12 06:24:53,11250.0,100.0,647500.0
168,2021-10-12 06:24:41,11250.0,100.0,647400.0
169,2021-10-12 06:24:29,11250.0,400.0,647300.0
170,2021-10-12 06:24:17,11250.0,2000.0,646900.0
171,2021-10-12 06:24:17,11250.0,100.0,644900.0
172,2021-10-12 06:24:17,11250.0,1600.0,644800.0
173,2021-10-12 06:24:17,11250.0,100.0,643200.0
174,2021-10-12 06:24:17,11250.0,1800.0,643100.0
175,2021-10-12 06:24:17,11250.0,2000.0,641300.0
176,2021-10-12 06:24:17,11250.0,100.0,639300.0
177,2021-10-12 06:24:17,11250.0,100.0,639200.0
178,2021-10-12 06:24:17,11250.0,100.0,639100.0
179,2021-10-12 06:24:17,11250.0,100.0,639000.0
180,2021-10-12 06:24:17,11250.0,100.0,638900.0
181,2021-10-12 06:24:17,11250.0,100.0,638800.0
182,2021-10-12 06:24:17,11250.0,100.0,638700.0
183,2021-10-12 06:24:17,11250.0,100.0,638600.0
184,2021-10-12 06:24:17,11250.0,400.0,638500.0
185,2021-10-12 06:24:17,11250.0,200.0,638100.0
186,2021-10-12 06:24:17,11250.0,100.0,637900.0
187,2021-10-12 06:24:17,11250.0,100.0,637800.0
188,2021-10-12 06:24:17,11250.0,5000.0,637700.0
189,2021-10-12 06:24:17,11250.0,5000.0,632700.0
190,2021-10-12 06:24:17,11250.0,1000.0,627700.0
191,2021-10-12 06:24:17,11250.0,1000.0,626700.0
192,2021-10-12 06:24:17,11250.0,1400.0,625700.0
193,2021-10-12 06:23:27,11250.0,100.0,624300.0
194,2021-10-12 06:23:16,11300.0,10000.0,624200.0
195,2021-10-12 06:23:16,11300.0,400.0,614200.0
196,2021-10-12 06:23:16,11300.0,400.0,613800.0
197,2021-10-12 06:23:16,11300.0,200.0,613400.0
198,2021-10-12 06:23:16,11300.0,1000.0,613200.0
199,2021-10-12 06:23:16,11300.0,200.0,612200.0
200,2021-10-12 06:23:16,11300.0,3000.0,612000.0
201,2021-10-12 06:23:16,11300.0,100.0,609000.0
202,2021-10-12 06:23:16,11300.0,200.0,608900.0
203,2021-10-12 06:23:16,11300.0,200.0,608700.0
204,2021-10-12 06:23:16,11300.0,100.0,608500.0
205,2021-10-12 06:23:16,11300.0,100.0,608400.0
206,2021-10-12 06:23:16,11300.0,100.0,608300.0
207,2021-10-12 06:23:16,11300.0,200.0,608200.0
208,2021-10-12 06:22:41,11350.0,400.0,608000.0
209,2021-10-12 06:22:41,11350.0,1000.0,607600.0
210,2021-10-12 06:22:41,11350.0,200.0,606600.0
211,2021-10-12 06:22:41,11350.0,400.0,606400.0
212,2021-10-12 06:22:17,11300.0,300.0,606000.0
213,2021-10-12 06:22:17,11300.0,500.0,605700.0
214,2021-10-12 06:22:17,11300.0,200.0,605200.0
215,2021-10-12 06:22:17,11300.0,4000.0,605000.0
216,2021-10-12 06:20:02,11300.0,100.0,601000.0
217,2021-10-12 06:17:34,11300.0,900.0,600900.0
218,2021-10-12 06:17:34,11300.0,400.0,600000.0
219,2021-10-12 06:17:34,11300.0,700.0,599600.0
220,2021-10-12 06:15:43,11300.0,300.0,598900.0
221,2021-10-12 06:15:43,11300.0,600.0,598600.0
222,2021-10-12 06:15:43,11300.0,100.0,598000.0
223,2021-10-12 06:14:16,11350.0,300.0,597900.0
224,2021-10-12 06:13:33,11350.0,100.0,597600.0
225,2021-10-12 06:11:55,11350.0,100.0,597500.0
226,2021-10-12 06:11:51,11350.0,100.0,597400.0
227,2021-10-12 06:11:51,11350.0,300.0,597300.0
228,2021-10-12 06:11:51,11350.0,500.0,597000.0
229,2021-10-12 06:11:51,11350.0,2000.0,596500.0
230,2021-10-12 06:11:51,11350.0,200.0,594500.0
231,2021-10-12 06:11:51,11350.0,100.0,594300.0
232,2021-10-12 06:11:51,11350.0,300.0,594200.0
233,2021-10-12 06:11:34,11350.0,600.0,593900.0
234,2021-10-12 06:11:34,11350.0,3000.0,593300.0
235,2021-10-12 06:11:34,11350.0,400.0,590300.0
236,2021-10-12 06:09:10,11400.0,100.0,589900.0
237,2021-10-12 06:09:04,11350.0,100.0,589800.0
238,2021-10-12 06:00:26,11350.0,700.0,589700.0
239,2021-10-12 06:00:16,11350.0,100.0,589000.0
240,2021-10-12 04:29:47,11350.0,500.0,588900.0
241,2021-10-12 04:28:29,11350.0,200.0,588400.0
242,2021-10-12 04:28:29,11350.0,200.0,588200.0
243,2021-10-12 04:28:29,11350.0,100.0,588000.0
244,2021-10-12 04:25:47,11400.0,200.0,587900.0
245,2021-10-12 04:25:03,11450.0,600.0,587700.0
246,2021-10-12 04:25:03,11450.0,500.0,587100.0
247,2021-10-12 04:25:03,11450.0,500.0,586600.0
248,2021-10-12 04:25:03,11450.0,400.0,586100.0
249,2021-10-12 04:24:56,11400.0,200.0,585700.0
250,2021-10-12 04:24:56,11400.0,100.0,585500.0
251,2021-10-12 04:24:56,11400.0,1200.0,585400.0
252,2021-10-12 04:21:29,11400.0,300.0,584200.0
253,2021-10-12 04:20:52,11400.0,1000.0,583900.0
254,2021-10-12 04:19:12,11400.0,1500.0,582900.0
255,2021-10-12 04:19:04,11450.0,200.0,581400.0
256,2021-10-12 04:18:11,11450.0,100.0,581200.0
257,2021-10-12 04:17:41,11450.0,200.0,581100.0
258,2021-10-12 04:16:46,11400.0,500.0,580900.0
259,2021-10-12 04:15:20,11400.0,2000.0,580400.0
260,2021-10-12 04:15:20,11400.0,3500.0,578400.0
261,2021-10-12 04:13:41,11400.0,6500.0,574900.0
262,2021-10-12 04:12:25,11400.0,1000.0,568400.0
263,2021-10-12 04:12:25,11400.0,200.0,567400.0
264,2021-10-12 04:12:25,11400.0,100.0,567200.0
265,2021-10-12 04:12:25,11400.0,200.0,567100.0
266,2021-10-12 04:12:25,11400.0,1000.0,566900.0
267,2021-10-12 04:12:25,11400.0,200.0,565900.0
268,2021-10-12 04:12:25,11400.0,2000.0,565700.0
269,2021-10-12 04:12:25,11400.0,1000.0,563700.0
270,2021-10-12 04:12:25,11400.0,1000.0,562700.0
271,2021-10-12 04:12:25,11400.0,1400.0,561700.0
272,2021-10-12 04:12:25,11400.0,100.0,560300.0
273,2021-10-12 04:12:25,11400.0,4000.0,560200.0
274,2021-10-12 04:12:25,11400.0,1600.0,556200.0
275,2021-10-12 04:11:28,11350.0,300.0,554600.0
276,2021-10-12 04:11:10,11350.0,11500.0,554300.0
277,2021-10-12 04:10:16,11350.0,2000.0,542800.0
278,2021-10-12 04:07:55,11400.0,200.0,540800.0
279,2021-10-12 04:07:55,11350.0,10100.0,540600.0
280,2021-10-12 04:07:55,11350.0,1300.0,530500.0
281,2021-10-12 04:07:55,11350.0,1000.0,529200.0
282,2021-10-12 04:07:55,11350.0,1000.0,528200.0
283,2021-10-12 04:07:55,11350.0,36600.0,527200.0
284,2021-10-12 04:07:39,11350.0,200.0,490600.0
285,2021-10-12 04:07:33,11400.0,200.0,490400.0
286,2021-10-12 04:06:12,11350.0,100.0,490200.0
287,2021-10-12 04:05:55,11400.0,200.0,490100.0
288,2021-10-12 04:04:34,11400.0,500.0,489900.0
289,2021-10-12 04:04:34,11400.0,2000.0,489400.0
290,2021-10-12 04:04:34,11400.0,300.0,487400.0
291,2021-10-12 04:04:34,11400.0,500.0,487100.0
292,2021-10-12 04:04:34,11400.0,300.0,486600.0
293,2021-10-12 04:04:34,11400.0,2000.0,486300.0
294,2021-10-12 04:04:34,11400.0,1300.0,484300.0
295,2021-10-12 04:03:26,11400.0,200.0,483000.0
296,2021-10-12 04:03:26,11400.0,800.0,482800.0
297,2021-10-12 04:01:49,11400.0,500.0,482000.0
298,2021-10-12 04:00:34,11350.0,2300.0,481500.0
299,2021-10-12 04:00:17,11350.0,800.0,479200.0
300,2021-10-12 04:00:17,11350.0,500.0,478400.0
301,2021-10-12 04:00:17,11350.0,100.0,477900.0
302,2021-10-12 03:58:02,11400.0,500.0,477800.0
303,2021-10-12 03:56:15,11400.0,100.0,477300.0
304,2021-10-12 03:53:40,11350.0,200.0,477200.0
305,2021-10-12 03:52:53,11350.0,1100.0,477000.0
306,2021-10-12 03:52:43,11350.0,1200.0,475900.0
307,2021-10-12 03:52:12,11350.0,500.0,474700.0
308,2021-10-12 03:52:06,11350.0,2000.0,474200.0
309,2021-10-12 03:50:52,11350.0,100.0,472200.0
310,2021-10-12 03:50:48,11350.0,500.0,472100.0
311,2021-10-12 03:50:48,11350.0,600.0,471600.0
312,2021-10-12 03:50:27,11350.0,500.0,471000.0
313,2021-10-12 03:50:24,11350.0,200.0,470500.0
314,2021-10-12 03:50:23,11350.0,200.0,470300.0
315,2021-10-12 03:49:39,11350.0,500.0,470100.0
316,2021-10-12 03:49:39,11350.0,100.0,469600.0
317,2021-10-12 03:47:45,11300.0,600.0,469500.0
318,2021-10-12 03:47:13,11300.0,100.0,468900.0
319,2021-10-12 03:47:13,11300.0,900.0,468800.0
320,2021-10-12 03:45:54,11300.0,500.0,467900.0
321,2021-10-12 03:45:41,11300.0,200.0,467400.0
322,2021-10-12 03:45:27,11300.0,200.0,467200.0
323,2021-10-12 03:45:19,11300.0,500.0,467000.0
324,2021-10-12 03:44:52,11300.0,500.0,466500.0
325,2021-10-12 03:43:38,11300.0,200.0,466000.0
326,2021-10-12 03:42:56,11250.0,100.0,465800.0
327,2021-10-12 03:42:51,11300.0,500.0,465700.0
328,2021-10-12 03:42:06,11300.0,300.0,465200.0
329,2021-10-12 03:42:06,11300.0,200.0,464900.0
330,2021-10-12 03:40:59,11300.0,100.0,464700.0
331,2021-10-12 03:40:52,11300.0,700.0,464600.0
332,2021-10-12 03:40:52,11300.0,200.0,463900.0
333,2021-10-12 03:40:52,11300.0,3500.0,463700.0
334,2021-10-12 03:40:43,11300.0,100.0,460200.0
335,2021-10-12 03:40:24,11300.0,200.0,460100.0
336,2021-10-12 03:39:49,11250.0,400.0,459900.0
337,2021-10-12 03:39:29,11300.0,300.0,459500.0
338,2021-10-12 03:39:08,11250.0,100.0,459200.0
339,2021-10-12 03:39:08,11250.0,400.0,459100.0
340,2021-10-12 03:39:08,11250.0,100.0,458700.0
341,2021-10-12 03:38:58,11300.0,5000.0,458600.0
342,2021-10-12 03:38:28,11300.0,5000.0,453600.0
343,2021-10-12 03:38:24,11300.0,3500.0,448600.0
344,2021-10-12 03:38:23,11300.0,5000.0,445100.0
345,2021-10-12 03:38:12,11300.0,200.0,440100.0
346,2021-10-12 03:38:04,11300.0,11200.0,439900.0
347,2021-10-12 03:37:45,11300.0,1000.0,428700.0
348,2021-10-12 03:37:40,11300.0,1200.0,427700.0
349,2021-10-12 03:37:30,11300.0,1000.0,426500.0
350,2021-10-12 03:37:12,11300.0,2000.0,425500.0
351,2021-10-12 03:36:42,11300.0,400.0,423500.0
352,2021-10-12 03:36:15,11300.0,6000.0,423100.0
353,2021-10-12 03:35:50,11300.0,100.0,417100.0
354,2021-10-12 03:31:39,11250.0,400.0,417000.0
355,2021-10-12 03:31:27,11250.0,500.0,416600.0
356,2021-10-12 03:31:13,11250.0,100.0,416100.0
357,2021-10-12 03:31:13,11250.0,100.0,416000.0
358,2021-10-12 03:31:09,11250.0,100.0,415900.0
359,2021-10-12 03:30:24,11250.0,400.0,415800.0
360,2021-10-12 03:30:24,11250.0,200.0,415400.0
361,2021-10-12 03:30:24,11250.0,3000.0,415200.0
362,2021-10-12 03:30:24,11250.0,1400.0,412200.0
363,2021-10-12 03:30:18,11250.0,500.0,410800.0
364,2021-10-12 03:29:58,11250.0,5000.0,410300.0
365,2021-10-12 03:29:57,11200.0,5800.0,405300.0
366,2021-10-12 03:29:57,11200.0,1000.0,399500.0
367,2021-10-12 03:29:57,11200.0,100.0,398500.0
368,2021-10-12 03:29:57,11200.0,100.0,398400.0
369,2021-10-12 03:29:57,11200.0,3000.0,398300.0
370,2021-10-12 03:29:51,11250.0,1800.0,395300.0
371,2021-10-12 03:28:48,11250.0,1000.0,393500.0
372,2021-10-12 03:28:18,11250.0,200.0,392500.0
373,2021-10-12 03:26:18,11200.0,2000.0,392300.0
374,2021-10-12 03:26:16,11250.0,100.0,390300.0
375,2021-10-12 03:26:09,11250.0,2000.0,390200.0
376,2021-10-12 03:25:56,11200.0,5000.0,388200.0
377,2021-10-12 03:25:56,11200.0,5000.0,383200.0
378,2021-10-12 03:25:56,11250.0,3000.0,378200.0
379,2021-10-12 03:25:56,11250.0,100.0,375200.0
380,2021-10-12 03:25:56,11250.0,900.0,375100.0
381,2021-10-12 03:25:36,11200.0,4000.0,374200.0
382,2021-10-12 03:25:21,11250.0,300.0,370200.0
383,2021-10-12 03:25:18,11200.0,1000.0,369900.0
384,2021-10-12 03:23:57,11200.0,2000.0,368900.0
385,2021-10-12 03:23:44,11200.0,500.0,366900.0
386,2021-10-12 03:23:44,11200.0,2000.0,366400.0
387,2021-10-12 03:23:43,11200.0,500.0,364400.0
388,2021-10-12 03:23:22,11200.0,2000.0,363900.0
389,2021-10-12 03:23:18,11200.0,1000.0,361900.0
390,2021-10-12 03:23:18,11200.0,5000.0,360900.0
391,2021-10-12 03:23:18,11200.0,100.0,355900.0
392,2021-10-12 03:22:57,11150.0,400.0,355800.0
393,2021-10-12 03:22:57,11150.0,100.0,355400.0
394,2021-10-12 03:22:57,11150.0,500.0,355300.0
395,2021-10-12 03:22:57,11200.0,3000.0,354800.0
396,2021-10-12 03:22:57,11200.0,2300.0,351800.0
397,2021-10-12 03:22:56,11200.0,2700.0,349500.0
398,2021-10-12 03:22:54,11200.0,1000.0,346800.0
399,2021-10-12 03:22:51,11200.0,20000.0,345800.0
400,2021-10-12 03:22:17,11200.0,1000.0,325800.0
401,2021-10-12 03:22:08,11200.0,1000.0,324800.0
402,2021-10-12 03:22:01,11200.0,200.0,323800.0
403,2021-10-12 03:21:57,11200.0,1800.0,323600.0
404,2021-10-12 03:21:57,11200.0,200.0,321800.0
405,2021-10-12 03:21:19,11150.0,4300.0,321600.0
406,2021-10-12 03:21:02,11150.0,200.0,317300.0
407,2021-10-12 03:20:59,11200.0,100.0,317100.0
408,2021-10-12 03:20:38,11200.0,200.0,317000.0
409,2021-10-12 03:20:02,11200.0,100.0,316800.0
410,2021-10-12 03:20:02,11200.0,1800.0,316700.0
411,2021-10-12 03:19:54,11200.0,200.0,314900.0
412,2021-10-12 03:19:54,11200.0,2400.0,314700.0
413,2021-10-12 03:19:54,11200.0,900.0,312300.0
414,2021-10-12 03:19:27,11200.0,500.0,311400.0
415,2021-10-12 03:19:27,11200.0,100.0,310900.0
416,2021-10-12 03:19:27,11200.0,3000.0,310800.0
417,2021-10-12 03:19:27,11200.0,100.0,307800.0
418,2021-10-12 03:19:27,11200.0,200.0,307700.0
419,2021-10-12 03:19:27,11200.0,100.0,307500.0
420,2021-10-12 03:19:27,11200.0,100.0,307400.0
421,2021-10-12 03:19:18,11200.0,100.0,307300.0
422,2021-10-12 03:19:18,11200.0,1000.0,307200.0
423,2021-10-12 03:19:18,11200.0,1000.0,306200.0
424,2021-10-12 03:19:18,11200.0,200.0,305200.0
425,2021-10-12 03:19:18,11200.0,500.0,305000.0
426,2021-10-12 03:19:18,11200.0,2000.0,304500.0
427,2021-10-12 03:19:18,11200.0,200.0,302500.0
428,2021-10-12 03:19:18,11200.0,1000.0,302300.0
429,2021-10-12 03:19:18,11200.0,400.0,301300.0
430,2021-10-12 03:19:18,11200.0,3100.0,300900.0
431,2021-10-12 03:19:18,11200.0,500.0,297800.0
432,2021-10-12 03:19:18,11200.0,1000.0,297300.0
433,2021-10-12 03:19:18,11200.0,300.0,296300.0
434,2021-10-12 03:19:18,11200.0,3000.0,296000.0
435,2021-10-12 03:19:18,11200.0,300.0,293000.0
436,2021-10-12 03:19:18,11200.0,5400.0,292700.0
437,2021-10-12 03:19:08,11200.0,9500.0,287300.0
438,2021-10-12 03:19:02,11200.0,5100.0,277800.0
439,2021-10-12 03:19:02,11200.0,200.0,272700.0
440,2021-10-12 03:19:02,11200.0,1000.0,272500.0
441,2021-10-12 03:19:02,11200.0,100.0,271500.0
442,2021-10-12 03:19:02,11200.0,100.0,271400.0
443,2021-10-12 03:19:02,11200.0,1000.0,271300.0
444,2021-10-12 03:19:02,11200.0,100.0,270300.0
445,2021-10-12 03:19:02,11200.0,1000.0,270200.0
446,2021-10-12 03:19:02,11200.0,200.0,269200.0
447,2021-10-12 03:19:02,11200.0,1000.0,269000.0
448,2021-10-12 03:19:02,11200.0,100.0,268000.0
449,2021-10-12 03:19:02,11200.0,1300.0,267900.0
450,2021-10-12 03:19:02,11200.0,800.0,266600.0
451,2021-10-12 03:18:19,11200.0,200.0,265800.0
452,2021-10-12 03:18:19,11200.0,200.0,265600.0
453,2021-10-12 03:18:19,11200.0,600.0,265400.0
454,2021-10-12 03:18:13,11200.0,400.0,264800.0
455,2021-10-12 03:18:13,11200.0,100.0,264400.0
456,2021-10-12 03:18:13,11200.0,2000.0,264300.0
457,2021-10-12 03:18:13,11200.0,500.0,262300.0
458,2021-10-12 03:15:48,11200.0,500.0,261800.0
459,2021-10-12 03:15:48,11200.0,100.0,261300.0
460,2021-10-12 03:14:39,11200.0,900.0,261200.0
461,2021-10-12 03:14:39,11200.0,3000.0,260300.0
462,2021-10-12 03:14:39,11200.0,300.0,257300.0
463,2021-10-12 03:14:39,11200.0,500.0,257000.0
464,2021-10-12 03:14:39,11200.0,5000.0,256500.0
465,2021-10-12 03:14:39,11200.0,300.0,251500.0
466,2021-10-12 03:14:15,11250.0,800.0,251200.0
467,2021-10-12 03:14:15,11250.0,200.0,250400.0
468,2021-10-12 03:13:31,11250.0,300.0,250200.0
469,2021-10-12 03:13:31,11250.0,400.0,249900.0
470,2021-10-12 03:13:09,11250.0,200.0,249500.0
471,2021-10-12 03:12:29,11250.0,100.0,249300.0
472,2021-10-12 03:12:29,11250.0,400.0,249200.0
473,2021-10-12 03:12:14,11250.0,2000.0,248800.0
474,2021-10-12 03:12:14,11250.0,100.0,246800.0
475,2021-10-12 03:12:14,11250.0,100.0,246700.0
476,2021-10-12 03:12:14,11250.0,700.0,246600.0
477,2021-10-12 03:11:47,11250.0,1300.0,245900.0
478,2021-10-12 03:11:47,11250.0,700.0,244600.0
479,2021-10-12 03:11:40,11250.0,500.0,243900.0
480,2021-10-12 03:11:36,11250.0,200.0,243400.0
481,2021-10-12 03:10:47,11250.0,1900.0,243200.0
482,2021-10-12 03:10:47,11250.0,1000.0,241300.0
483,2021-10-12 03:10:47,11250.0,3700.0,240300.0
484,2021-10-12 03:10:02,11250.0,200.0,236600.0
485,2021-10-12 03:10:01,11250.0,200.0,236400.0
486,2021-10-12 03:09:47,11250.0,1000.0,236200.0
487,2021-10-12 03:09:44,11250.0,2400.0,235200.0
488,2021-10-12 03:09:16,11250.0,1200.0,232800.0
489,2021-10-12 03:09:16,11250.0,100.0,231600.0
490,2021-10-12 03:09:16,11250.0,2000.0,231500.0
491,2021-10-12 03:09:16,11250.0,500.0,229500.0
492,2021-10-12 03:09:16,11250.0,500.0,229000.0
493,2021-10-12 03:09:16,11250.0,2000.0,228500.0
494,2021-10-12 03:09:16,11250.0,500.0,226500.0
495,2021-10-12 03:09:16,11250.0,200.0,226000.0
496,2021-10-12 03:09:16,11250.0,100.0,225800.0
497,2021-10-12 03:09:16,11250.0,4800.0,225700.0
498,2021-10-12 03:09:09,11250.0,200.0,220900.0
499,2021-10-12 03:09:09,11250.0,19800.0,220700.0
500,2021-10-12 03:09:07,11250.0,200.0,200900.0
501,2021-10-12 03:09:07,11250.0,300.0,200700.0
502,2021-10-12 03:08:34,11300.0,200.0,200400.0
503,2021-10-12 03:07:26,11250.0,300.0,200200.0
504,2021-10-12 03:07:26,11250.0,100.0,199900.0
505,2021-10-12 03:07:19,11250.0,3300.0,199800.0
506,2021-10-12 03:06:54,11250.0,100.0,196500.0
507,2021-10-12 03:06:43,11300.0,500.0,196400.0
508,2021-10-12 03:06:34,11300.0,500.0,195900.0
509,2021-10-12 03:06:02,11250.0,5000.0,195400.0
510,2021-10-12 03:05:37,11250.0,1000.0,190400.0
511,2021-10-12 03:05:10,11250.0,100.0,189400.0
512,2021-10-12 03:04:47,11250.0,400.0,189300.0
513,2021-10-12 03:04:34,11250.0,1600.0,188900.0
514,2021-10-12 03:04:34,11250.0,100.0,187300.0
515,2021-10-12 03:04:34,11250.0,2000.0,187200.0
516,2021-10-12 03:04:34,11250.0,500.0,185200.0
517,2021-10-12 03:04:34,11250.0,1500.0,184700.0
518,2021-10-12 03:04:34,11250.0,4300.0,183200.0
519,2021-10-12 03:04:32,11250.0,2800.0,178900.0
520,2021-10-12 03:04:10,11250.0,1000.0,176100.0
521,2021-10-12 03:04:09,11250.0,1900.0,175100.0
522,2021-10-12 03:04:09,11250.0,600.0,173200.0
523,2021-10-12 03:03:47,11250.0,100.0,172600.0
524,2021-10-12 03:03:37,11250.0,700.0,172500.0
525,2021-10-12 03:02:52,11250.0,1000.0,171800.0
526,2021-10-12 03:01:29,11250.0,1000.0,170800.0
527,2021-10-12 03:01:11,11250.0,200.0,169800.0
528,2021-10-12 03:01:11,11250.0,200.0,169600.0
529,2021-10-12 03:01:11,11250.0,500.0,169400.0
530,2021-10-12 03:01:11,11250.0,500.0,168900.0
531,2021-10-12 03:01:11,11250.0,2000.0,168400.0
532,2021-10-12 03:01:11,11250.0,200.0,166400.0
533,2021-10-12 03:01:11,11250.0,100.0,166200.0
534,2021-10-12 03:01:11,11250.0,100.0,166100.0
535,2021-10-12 03:01:11,11250.0,400.0,166000.0
536,2021-10-12 03:01:11,11250.0,500.0,165600.0
537,2021-10-12 03:01:11,11250.0,100.0,165100.0
538,2021-10-12 03:01:11,11250.0,200.0,165000.0
539,2021-10-12 03:01:11,11250.0,100.0,164800.0
540,2021-10-12 03:01:11,11250.0,5000.0,164700.0
541,2021-10-12 03:00:55,11250.0,500.0,159700.0
542,2021-10-12 03:00:55,11250.0,1000.0,159200.0
543,2021-10-12 03:00:55,11250.0,100.0,158200.0
544,2021-10-12 03:00:55,11250.0,400.0,158100.0
545,2021-10-12 03:00:55,11250.0,100.0,157700.0
546,2021-10-12 03:00:55,11250.0,5000.0,157600.0
547,2021-10-12 03:00:55,11250.0,1000.0,152600.0
548,2021-10-12 03:00:55,11250.0,100.0,151600.0
549,2021-10-12 03:00:55,11250.0,200.0,151500.0
550,2021-10-12 03:00:55,11250.0,200.0,151300.0
551,2021-10-12 03:00:29,11250.0,1000.0,151100.0
552,2021-10-12 03:00:14,11250.0,1300.0,150100.0
553,2021-10-12 03:00:14,11250.0,100.0,148800.0
554,2021-10-12 03:00:14,11250.0,2600.0,148700.0
555,2021-10-12 03:00:12,11250.0,700.0,146100.0
556,2021-10-12 03:00:02,11250.0,1700.0,145400.0
557,2021-10-12 03:00:02,11250.0,2000.0,143700.0
558,2021-10-12 03:00:02,11250.0,4300.0,141700.0
559,2021-10-12 02:58:54,11300.0,100.0,137400.0
560,2021-10-12 02:58:54,11300.0,400.0,137300.0
561,2021-10-12 02:58:35,11300.0,100.0,136900.0
562,2021-10-12 02:57:14,11300.0,400.0,136800.0
563,2021-10-12 02:56:56,11300.0,1600.0,136400.0
564,2021-10-12 02:56:56,11300.0,1400.0,134800.0
565,2021-10-12 02:56:56,11300.0,1500.0,133400.0
566,2021-10-12 02:56:31,11300.0,100.0,131900.0
567,2021-10-12 02:55:05,11300.0,500.0,131800.0
568,2021-10-12 02:55:05,11300.0,100.0,131300.0
569,2021-10-12 02:55:05,11300.0,400.0,131200.0
570,2021-10-12 02:54:54,11300.0,100.0,130800.0
571,2021-10-12 02:54:10,11300.0,4500.0,130700.0
572,2021-10-12 02:53:49,11300.0,100.0,126200.0
573,2021-10-12 02:53:49,11300.0,200.0,126100.0
574,2021-10-12 02:53:10,11300.0,400.0,125900.0
575,2021-10-12 02:52:35,11300.0,100.0,125500.0
576,2021-10-12 02:52:35,11300.0,100.0,125400.0
577,2021-10-12 02:51:13,11300.0,200.0,125300.0
578,2021-10-12 02:51:13,11300.0,100.0,125100.0
579,2021-10-12 02:51:13,11300.0,1000.0,125000.0
580,2021-10-12 02:51:13,11300.0,200.0,124000.0
581,2021-10-12 02:51:13,11300.0,600.0,123800.0
582,2021-10-12 02:49:50,11350.0,200.0,123200.0
583,2021-10-12 02:49:50,11350.0,200.0,123000.0
584,2021-10-12 02:49:50,11350.0,200.0,122800.0
585,2021-10-12 02:49:50,11350.0,400.0,122600.0
586,2021-10-12 02:49:49,11300.0,900.0,122200.0
587,2021-10-12 02:49:49,11300.0,3000.0,121300.0
588,2021-10-12 02:49:49,11300.0,200.0,118300.0
589,2021-10-12 02:49:49,11300.0,1000.0,118100.0
590,2021-10-12 02:49:49,11300.0,200.0,117100.0
591,2021-10-12 02:49:49,11300.0,4700.0,116900.0
592,2021-10-12 02:49:12,11350.0,100.0,112200.0
593,2021-10-12 02:48:03,11300.0,300.0,112100.0
594,2021-10-12 02:48:03,11300.0,200.0,111800.0
595,2021-10-12 02:45:46,11300.0,2700.0,111600.0
596,2021-10-12 02:45:12,11300.0,500.0,108900.0
597,2021-10-12 02:45:12,11300.0,1000.0,108400.0
598,2021-10-12 02:44:56,11300.0,200.0,107400.0
599,2021-10-12 02:44:56,11300.0,300.0,107200.0
600,2021-10-12 02:44:56,11300.0,500.0,106900.0
601,2021-10-12 02:44:42,11300.0,400.0,106400.0
602,2021-10-12 02:44:37,11300.0,100.0,106000.0
603,2021-10-12 02:44:37,11300.0,100.0,105900.0
604,2021-10-12 02:44:05,11300.0,100.0,105800.0
605,2021-10-12 02:42:29,11300.0,100.0,105700.0
606,2021-10-12 02:41:15,11300.0,200.0,105600.0
607,2021-10-12 02:40:44,11300.0,2000.0,105400.0
608,2021-10-12 02:40:44,11300.0,300.0,103400.0
609,2021-10-12 02:40:44,11300.0,1400.0,103100.0
610,2021-10-12 02:40:44,11350.0,300.0,101700.0
611,2021-10-12 02:40:44,11350.0,1000.0,101400.0
612,2021-10-12 02:39:29,11400.0,100.0,100400.0
613,2021-10-12 02:39:29,11400.0,200.0,100300.0
614,2021-10-12 02:38:58,11400.0,500.0,100100.0
615,2021-10-12 02:38:09,11350.0,200.0,99600.0
616,2021-10-12 02:37:37,11350.0,800.0,99400.0
617,2021-10-12 02:35:35,11300.0,300.0,98600.0
618,2021-10-12 02:35:30,11300.0,300.0,98300.0
619,2021-10-12 02:35:19,11300.0,100.0,98000.0
620,2021-10-12 02:35:19,11300.0,100.0,97900.0
621,2021-10-12 02:35:19,11300.0,2000.0,97800.0
622,2021-10-12 02:35:19,11300.0,2500.0,95800.0
623,2021-10-12 02:35:14,11300.0,1000.0,93300.0
624,2021-10-12 02:34:49,11300.0,1500.0,92300.0
625,2021-10-12 02:33:16,11300.0,500.0,90800.0
626,2021-10-12 02:32:26,11300.0,2000.0,90300.0
627,2021-10-12 02:31:59,11300.0,500.0,88300.0
628,2021-10-12 02:31:23,11250.0,700.0,87800.0
629,2021-10-12 02:31:23,11300.0,600.0,87100.0
630,2021-10-12 02:31:01,11300.0,400.0,86500.0
631,2021-10-12 02:31:01,11300.0,200.0,86100.0
632,2021-10-12 02:31:01,11300.0,100.0,85900.0
633,2021-10-12 02:31:01,11300.0,100.0,85800.0
634,2021-10-12 02:31:01,11300.0,200.0,85700.0
635,2021-10-12 02:30:39,11300.0,800.0,85500.0
636,2021-10-12 02:30:39,11300.0,4000.0,84700.0
637,2021-10-12 02:30:39,11300.0,100.0,80700.0
638,2021-10-12 02:30:39,11300.0,1000.0,80600.0
639,2021-10-12 02:30:39,11300.0,5000.0,79600.0
640,2021-10-12 02:30:39,11300.0,500.0,74600.0
641,2021-10-12 02:30:39,11300.0,1000.0,74100.0
642,2021-10-12 02:30:39,11300.0,500.0,73100.0
643,2021-10-12 02:30:39,11300.0,100.0,72600.0
644,2021-10-12 02:30:39,11300.0,500.0,72500.0
645,2021-10-12 02:30:39,11300.0,1000.0,72000.0
646,2021-10-12 02:30:39,11300.0,500.0,71000.0
647,2021-10-12 02:30:39,11300.0,1200.0,70500.0
648,2021-10-12 02:30:39,11300.0,500.0,69300.0
649,2021-10-12 02:30:39,11300.0,2000.0,68800.0
650,2021-10-12 02:30:35,11300.0,1000.0,66800.0
651,2021-10-12 02:29:19,11300.0,2000.0,65800.0
652,2021-10-12 02:29:19,11300.0,300.0,63800.0
653,2021-10-12 02:29:19,11300.0,200.0,63500.0
654,2021-10-12 02:29:19,11300.0,2500.0,63300.0
655,2021-10-12 02:29:18,11300.0,500.0,60800.0
656,2021-10-12 02:29:14,11300.0,400.0,60300.0
657,2021-10-12 02:29:01,11300.0,1000.0,59900.0
658,2021-10-12 02:28:58,11300.0,1000.0,58900.0
659,2021-10-12 02:28:43,11300.0,500.0,57900.0
660,2021-10-12 02:28:39,11300.0,700.0,57400.0
661,2021-10-12 02:28:26,11300.0,100.0,56700.0
662,2021-10-12 02:27:21,11300.0,2200.0,56600.0
663,2021-10-12 02:26:57,11300.0,100.0,54400.0
664,2021-10-12 02:26:57,11300.0,100.0,54300.0
665,2021-10-12 02:26:52,11400.0,100.0,54200.0
666,2021-10-12 02:26:09,11300.0,1900.0,54100.0
667,2021-10-12 02:26:09,11300.0,1000.0,52200.0
668,2021-10-12 02:26:09,11300.0,1100.0,51200.0
669,2021-10-12 02:26:09,11300.0,600.0,50100.0
670,2021-10-12 02:26:02,11300.0,100.0,49500.0
671,2021-10-12 02:24:56,11300.0,100.0,49400.0
672,2021-10-12 02:24:51,11350.0,500.0,49300.0
673,2021-10-12 02:24:51,11350.0,2300.0,48800.0
674,2021-10-12 02:23:57,11300.0,2500.0,46500.0
675,2021-10-12 02:23:28,11300.0,1700.0,44000.0
676,2021-10-12 02:23:28,11300.0,500.0,42300.0
677,2021-10-12 02:23:28,11300.0,500.0,41800.0
678,2021-10-12 02:23:28,11300.0,2000.0,41300.0
679,2021-10-12 02:23:28,11300.0,100.0,39300.0
680,2021-10-12 02:23:28,11300.0,100.0,39200.0
681,2021-10-12 02:23:28,11300.0,100.0,39100.0
682,2021-10-12 02:23:14,11350.0,3000.0,39000.0
683,2021-10-12 02:23:14,11350.0,100.0,36000.0
684,2021-10-12 02:23:14,11350.0,1000.0,35900.0
685,2021-10-12 02:23:14,11350.0,200.0,34900.0
686,2021-10-12 02:23:14,11350.0,400.0,34700.0
687,2021-10-12 02:22:51,11350.0,100.0,34300.0
688,2021-10-12 02:22:51,11350.0,600.0,34200.0
689,2021-10-12 02:21:38,11350.0,400.0,33600.0
690,2021-10-12 02:21:38,11350.0,1600.0,33200.0
691,2021-10-12 02:20:51,11350.0,1000.0,31600.0
692,2021-10-12 02:20:22,11350.0,2400.0,30600.0
693,2021-10-12 02:20:14,11400.0,400.0,28200.0
694,2021-10-12 02:20:14,11400.0,100.0,27800.0
695,2021-10-12 02:19:54,11400.0,1000.0,27700.0
696,2021-10-12 02:19:00,11400.0,500.0,26700.0
697,2021-10-12 02:18:49,11400.0,500.0,26200.0
698,2021-10-12 02:18:49,11400.0,2000.0,25700.0
699,2021-10-12 02:18:49,11400.0,4900.0,23700.0
700,2021-10-12 02:18:19,11400.0,800.0,18800.0
701,2021-10-12 02:18:19,11400.0,200.0,18000.0
702,2021-10-12 02:18:15,11400.0,200.0,17800.0
703,2021-10-12 02:18:15,11400.0,200.0,17600.0
704,2021-10-12 02:18:15,11400.0,300.0,17400.0
705,2021-10-12 02:18:15,11400.0,400.0,17100.0
706,2021-10-12 02:18:15,11400.0,100.0,16700.0
707,2021-10-12 02:18:15,11400.0,900.0,16600.0
708,2021-10-12 02:17:33,11400.0,100.0,15700.0
709,2021-10-12 02:17:25,11450.0,200.0,15600.0
710,2021-10-12 02:16:45,11450.0,100.0,15400.0
711,2021-10-12 02:16:06,11450.0,1000.0,15300.0
712,2021-10-12 02:16:03,11400.0,600.0,14300.0
713,2021-10-12 02:15:58,11400.0,400.0,13700.0
714,2021-10-12 02:15:58,11400.0,100.0,13300.0
715,2021-10-12 02:15:58,11400.0,200.0,13200.0
716,2021-10-12 02:15:58,11400.0,100.0,13000.0
717,2021-10-12 02:15:25,11400.0,500.0,12900.0
718,2021-10-12 02:15:25,11400.0,100.0,12400.0
719,2021-10-12 02:15:25,11400.0,400.0,12300.0
720,2021-10-12 02:15:21,11400.0,100.0,11900.0
721,2021-10-12 02:15:21,11400.0,300.0,11800.0
722,2021-10-12 02:15:14,11400.0,400.0,11500.0
723,2021-10-12 02:15:00,11400.0,2300.0,11100.0
724,2021-10-12 02:15:00,11400.0,200.0,8800.0
725,2021-10-12 02:15:00,11400.0,2000.0,8600.0
726,2021-10-12 02:15:00,11400.0,100.0,6600.0
727,2021-10-12 02:15:00,11400.0,400.0,6500.0
728,2021-10-12 02:15:00,11400.0,600.0,6100.0
729,2021-10-12 02:15:00,11400.0,300.0,5500.0
730,2021-10-12 02:15:00,11400.0,200.0,5200.0
731,2021-10-12 02:15:00,11400.0,5000.0,5000.0
