,Time,Price,Volume_per_trade,Volume
0,2021-10-21 07:45:02,12700.0,1500.0,3830500.0
1,2021-10-21 07:45:02,12700.0,1000.0,3829000.0
2,2021-10-21 07:45:02,12700.0,1000.0,3828000.0
3,2021-10-21 07:45:02,12700.0,100.0,3827000.0
4,2021-10-21 07:45:02,12700.0,3000.0,3826900.0
5,2021-10-21 07:45:02,12700.0,100.0,3823900.0
6,2021-10-21 07:45:02,12700.0,100.0,3823800.0
7,2021-10-21 07:45:02,12700.0,1000.0,3823700.0
8,2021-10-21 07:45:02,12700.0,2000.0,3822700.0
9,2021-10-21 07:45:02,12700.0,1000.0,3820700.0
10,2021-10-21 07:45:02,12700.0,500.0,3819700.0
11,2021-10-21 07:45:02,12700.0,200.0,3819200.0
12,2021-10-21 07:45:02,12700.0,500.0,3819000.0
13,2021-10-21 07:45:02,12700.0,100.0,3818500.0
14,2021-10-21 07:45:02,12700.0,1500.0,3818400.0
15,2021-10-21 07:45:02,12700.0,1000.0,3816900.0
16,2021-10-21 07:45:02,12700.0,100.0,3815900.0
17,2021-10-21 07:45:02,12700.0,4000.0,3815800.0
18,2021-10-21 07:45:02,12700.0,400.0,3811800.0
19,2021-10-21 07:45:02,12700.0,1900.0,3811400.0
20,2021-10-21 07:45:02,12700.0,800.0,3809500.0
21,2021-10-21 07:45:02,12700.0,5000.0,3808700.0
22,2021-10-21 07:45:02,12700.0,3000.0,3803700.0
23,2021-10-21 07:45:02,12700.0,5200.0,3800700.0
24,2021-10-21 07:45:02,12700.0,100.0,3795500.0
25,2021-10-21 07:45:02,12700.0,16000.0,3795400.0
26,2021-10-21 07:45:02,12700.0,4000.0,3779400.0
27,2021-10-21 07:45:02,12700.0,100.0,3775400.0
28,2021-10-21 07:45:02,12700.0,500.0,3775300.0
29,2021-10-21 07:45:02,12700.0,10000.0,3774800.0
30,2021-10-21 07:45:02,12700.0,2000.0,3764800.0
31,2021-10-21 07:45:02,12700.0,2500.0,3762800.0
32,2021-10-21 07:45:02,12700.0,500.0,3760300.0
33,2021-10-21 07:45:02,12700.0,3300.0,3759800.0
34,2021-10-21 07:45:02,12700.0,1000.0,3756500.0
35,2021-10-21 07:45:02,12700.0,1900.0,3755500.0
36,2021-10-21 07:45:02,12700.0,3000.0,3753600.0
37,2021-10-21 07:45:02,12700.0,300.0,3750600.0
38,2021-10-21 07:45:02,12700.0,2000.0,3750300.0
39,2021-10-21 07:45:02,12700.0,500.0,3748300.0
40,2021-10-21 07:45:02,12700.0,22800.0,3747800.0
41,2021-10-21 07:45:02,12700.0,200.0,3725000.0
42,2021-10-21 07:45:02,12700.0,500.0,3724800.0
43,2021-10-21 07:45:02,12700.0,1100.0,3724300.0
44,2021-10-21 07:45:02,12700.0,2000.0,3723200.0
45,2021-10-21 07:45:02,12700.0,500.0,3721200.0
46,2021-10-21 07:45:02,12700.0,1000.0,3720700.0
47,2021-10-21 07:45:02,12700.0,1900.0,3719700.0
48,2021-10-21 07:45:02,12700.0,100.0,3717800.0
49,2021-10-21 07:45:02,12700.0,1000.0,3717700.0
50,2021-10-21 07:45:02,12700.0,2600.0,3716700.0
51,2021-10-21 07:45:02,12700.0,300.0,3714100.0
52,2021-10-21 07:45:02,12700.0,600.0,3713800.0
53,2021-10-21 07:45:02,12700.0,500.0,3713200.0
54,2021-10-21 07:45:02,12700.0,200.0,3712700.0
55,2021-10-21 07:45:02,12700.0,100.0,3712500.0
56,2021-10-21 07:45:02,12700.0,1000.0,3712400.0
57,2021-10-21 07:45:02,12700.0,300.0,3711400.0
58,2021-10-21 07:45:02,12700.0,5500.0,3711100.0
59,2021-10-21 07:45:02,12700.0,3100.0,3705600.0
60,2021-10-21 07:45:02,12700.0,100.0,3702500.0
61,2021-10-21 07:45:02,12700.0,800.0,3702400.0
62,2021-10-21 07:29:57,12650.0,1000.0,3701600.0
63,2021-10-21 07:29:24,12650.0,300.0,3700600.0
64,2021-10-21 07:29:19,12650.0,800.0,3700300.0
65,2021-10-21 07:29:18,12650.0,500.0,3699500.0
66,2021-10-21 07:29:09,12650.0,200.0,3699000.0
67,2021-10-21 07:29:09,12650.0,500.0,3698800.0
68,2021-10-21 07:28:57,12650.0,200.0,3698300.0
69,2021-10-21 07:28:57,12650.0,3800.0,3698100.0
70,2021-10-21 07:28:57,12650.0,200.0,3694300.0
71,2021-10-21 07:28:57,12650.0,1500.0,3694100.0
72,2021-10-21 07:28:57,12650.0,2000.0,3692600.0
73,2021-10-21 07:28:57,12650.0,10000.0,3690600.0
74,2021-10-21 07:28:57,12650.0,200.0,3680600.0
75,2021-10-21 07:28:57,12650.0,100.0,3680400.0
76,2021-10-21 07:28:57,12650.0,100.0,3680300.0
77,2021-10-21 07:28:57,12650.0,9000.0,3680200.0
78,2021-10-21 07:28:57,12650.0,800.0,3671200.0
79,2021-10-21 07:28:57,12650.0,5000.0,3670400.0
80,2021-10-21 07:28:57,12650.0,1000.0,3665400.0
81,2021-10-21 07:28:57,12650.0,1400.0,3664400.0
82,2021-10-21 07:28:57,12650.0,7000.0,3663000.0
83,2021-10-21 07:28:57,12650.0,600.0,3656000.0
84,2021-10-21 07:28:57,12650.0,5000.0,3655400.0
85,2021-10-21 07:28:57,12650.0,500.0,3650400.0
86,2021-10-21 07:28:57,12650.0,1600.0,3649900.0
87,2021-10-21 07:28:53,12700.0,400.0,3648300.0
88,2021-10-21 07:28:41,12650.0,400.0,3647900.0
89,2021-10-21 07:28:40,12650.0,3000.0,3647500.0
90,2021-10-21 07:28:32,12650.0,100.0,3644500.0
91,2021-10-21 07:28:30,12650.0,10000.0,3644400.0
92,2021-10-21 07:28:27,12650.0,100.0,3634400.0
93,2021-10-21 07:28:11,12650.0,1000.0,3634300.0
94,2021-10-21 07:28:11,12700.0,500.0,3633300.0
95,2021-10-21 07:28:03,12700.0,2000.0,3632800.0
96,2021-10-21 07:28:01,12650.0,200.0,3630800.0
97,2021-10-21 07:27:46,12650.0,2000.0,3630600.0
98,2021-10-21 07:27:46,12650.0,100.0,3628600.0
99,2021-10-21 07:27:46,12650.0,2000.0,3628500.0
100,2021-10-21 07:27:46,12650.0,900.0,3626500.0
101,2021-10-21 07:27:44,12650.0,3000.0,3625600.0
102,2021-10-21 07:27:28,12700.0,4800.0,3622600.0
103,2021-10-21 07:27:01,12650.0,1200.0,3617800.0
104,2021-10-21 07:26:14,12650.0,500.0,3616600.0
105,2021-10-21 07:26:13,12700.0,200.0,3616100.0
106,2021-10-21 07:25:49,12700.0,300.0,3615900.0
107,2021-10-21 07:25:43,12700.0,500.0,3615600.0
108,2021-10-21 07:25:43,12700.0,1000.0,3615100.0
109,2021-10-21 07:25:43,12700.0,1000.0,3614100.0
110,2021-10-21 07:25:43,12700.0,100.0,3613100.0
111,2021-10-21 07:25:43,12700.0,500.0,3613000.0
112,2021-10-21 07:25:43,12700.0,100.0,3612500.0
113,2021-10-21 07:25:43,12700.0,3000.0,3612400.0
114,2021-10-21 07:25:43,12700.0,1000.0,3609400.0
115,2021-10-21 07:25:43,12700.0,1700.0,3608400.0
116,2021-10-21 07:25:43,12700.0,500.0,3606700.0
117,2021-10-21 07:25:43,12700.0,1000.0,3606200.0
118,2021-10-21 07:25:43,12700.0,800.0,3605200.0
119,2021-10-21 07:25:43,12700.0,500.0,3604400.0
120,2021-10-21 07:25:43,12700.0,200.0,3603900.0
121,2021-10-21 07:25:43,12700.0,300.0,3603700.0
122,2021-10-21 07:25:16,12700.0,700.0,3603400.0
123,2021-10-21 07:25:16,12700.0,500.0,3602700.0
124,2021-10-21 07:25:16,12700.0,100.0,3602200.0
125,2021-10-21 07:25:16,12700.0,800.0,3602100.0
126,2021-10-21 07:24:42,12650.0,500.0,3601300.0
127,2021-10-21 07:24:18,12650.0,1000.0,3600800.0
128,2021-10-21 07:24:08,12650.0,2900.0,3599800.0
129,2021-10-21 07:24:08,12650.0,1100.0,3596900.0
130,2021-10-21 07:24:04,12700.0,100.0,3595800.0
131,2021-10-21 07:23:44,12700.0,5000.0,3595700.0
132,2021-10-21 07:23:43,12650.0,1900.0,3590700.0
133,2021-10-21 07:23:43,12650.0,600.0,3588800.0
134,2021-10-21 07:23:43,12650.0,300.0,3588200.0
135,2021-10-21 07:23:43,12650.0,200.0,3587900.0
136,2021-10-21 07:23:42,12700.0,500.0,3587700.0
137,2021-10-21 07:23:29,12700.0,300.0,3587200.0
138,2021-10-21 07:23:29,12700.0,500.0,3586900.0
139,2021-10-21 07:23:29,12700.0,1000.0,3586400.0
140,2021-10-21 07:23:29,12700.0,500.0,3585400.0
141,2021-10-21 07:23:29,12700.0,300.0,3584900.0
142,2021-10-21 07:23:29,12700.0,900.0,3584600.0
143,2021-10-21 07:23:09,12700.0,100.0,3583700.0
144,2021-10-21 07:22:19,12700.0,100.0,3583600.0
145,2021-10-21 07:22:12,12650.0,400.0,3583500.0
146,2021-10-21 07:22:12,12650.0,100.0,3583100.0
147,2021-10-21 07:22:12,12650.0,4000.0,3583000.0
148,2021-10-21 07:22:12,12650.0,500.0,3579000.0
149,2021-10-21 07:21:58,12650.0,1900.0,3578500.0
150,2021-10-21 07:21:58,12650.0,1100.0,3576600.0
151,2021-10-21 07:21:33,12650.0,6000.0,3575500.0
152,2021-10-21 07:21:19,12650.0,4200.0,3569500.0
153,2021-10-21 07:21:16,12650.0,2000.0,3565300.0
154,2021-10-21 07:20:08,12650.0,200.0,3563300.0
155,2021-10-21 07:20:08,12650.0,4800.0,3563100.0
156,2021-10-21 07:20:08,12650.0,200.0,3558300.0
157,2021-10-21 07:20:08,12650.0,500.0,3558100.0
158,2021-10-21 07:20:08,12650.0,100.0,3557600.0
159,2021-10-21 07:20:08,12650.0,900.0,3557500.0
160,2021-10-21 07:20:06,12650.0,100.0,3556600.0
161,2021-10-21 07:20:06,12650.0,200.0,3556500.0
162,2021-10-21 07:20:05,12650.0,500.0,3556300.0
163,2021-10-21 07:20:05,12650.0,500.0,3555800.0
164,2021-10-21 07:20:05,12650.0,200.0,3555300.0
165,2021-10-21 07:20:05,12650.0,200.0,3555100.0
166,2021-10-21 07:20:05,12650.0,1500.0,3554900.0
167,2021-10-21 07:20:05,12650.0,300.0,3553400.0
168,2021-10-21 07:20:02,12650.0,100.0,3553100.0
169,2021-10-21 07:20:02,12650.0,500.0,3553000.0
170,2021-10-21 07:20:00,12650.0,100.0,3552500.0
171,2021-10-21 07:20:00,12650.0,400.0,3552400.0
172,2021-10-21 07:20:00,12650.0,1000.0,3552000.0
173,2021-10-21 07:20:00,12650.0,100.0,3551000.0
174,2021-10-21 07:20:00,12650.0,200.0,3550900.0
175,2021-10-21 07:20:00,12650.0,100.0,3550700.0
176,2021-10-21 07:20:00,12650.0,100.0,3550600.0
177,2021-10-21 07:20:00,12650.0,1000.0,3550500.0
178,2021-10-21 07:19:50,12650.0,200.0,3549500.0
179,2021-10-21 07:19:50,12650.0,500.0,3549300.0
180,2021-10-21 07:19:50,12650.0,1500.0,3548800.0
181,2021-10-21 07:19:50,12650.0,100.0,3547300.0
182,2021-10-21 07:19:50,12650.0,1200.0,3547200.0
183,2021-10-21 07:19:46,12650.0,400.0,3546000.0
184,2021-10-21 07:19:44,12650.0,1000.0,3545600.0
185,2021-10-21 07:19:33,12650.0,200.0,3544600.0
186,2021-10-21 07:19:30,12650.0,300.0,3544400.0
187,2021-10-21 07:19:29,12650.0,6900.0,3544100.0
188,2021-10-21 07:19:29,12650.0,1500.0,3537200.0
189,2021-10-21 07:19:29,12650.0,500.0,3535700.0
190,2021-10-21 07:19:29,12650.0,400.0,3535200.0
191,2021-10-21 07:19:29,12650.0,500.0,3534800.0
192,2021-10-21 07:19:29,12650.0,100.0,3534300.0
193,2021-10-21 07:19:29,12650.0,100.0,3534200.0
194,2021-10-21 07:19:01,12650.0,1000.0,3534100.0
195,2021-10-21 07:19:01,12650.0,300.0,3533100.0
196,2021-10-21 07:19:01,12650.0,500.0,3532800.0
197,2021-10-21 07:19:01,12650.0,2000.0,3532300.0
198,2021-10-21 07:19:01,12650.0,100.0,3530300.0
199,2021-10-21 07:19:01,12650.0,100.0,3530200.0
200,2021-10-21 07:19:01,12650.0,200.0,3530100.0
201,2021-10-21 07:19:01,12650.0,500.0,3529900.0
202,2021-10-21 07:19:01,12650.0,2800.0,3529400.0
203,2021-10-21 07:18:42,12650.0,2200.0,3526600.0
204,2021-10-21 07:18:42,12650.0,1000.0,3524400.0
205,2021-10-21 07:18:42,12650.0,500.0,3523400.0
206,2021-10-21 07:18:42,12650.0,200.0,3522900.0
207,2021-10-21 07:18:42,12650.0,100.0,3522700.0
208,2021-10-21 07:18:42,12650.0,1000.0,3522600.0
209,2021-10-21 07:18:42,12650.0,2000.0,3521600.0
210,2021-10-21 07:18:42,12650.0,200.0,3519600.0
211,2021-10-21 07:18:42,12650.0,300.0,3519400.0
212,2021-10-21 07:18:42,12650.0,1000.0,3519100.0
213,2021-10-21 07:18:42,12650.0,5500.0,3518100.0
214,2021-10-21 07:18:34,12650.0,500.0,3512600.0
215,2021-10-21 07:18:29,12650.0,2000.0,3512100.0
216,2021-10-21 07:17:33,12650.0,100.0,3510100.0
217,2021-10-21 07:17:28,12650.0,500.0,3510000.0
218,2021-10-21 07:16:57,12650.0,2000.0,3509500.0
219,2021-10-21 07:15:38,12650.0,100.0,3507500.0
220,2021-10-21 07:15:34,12600.0,1700.0,3507400.0
221,2021-10-21 07:15:34,12600.0,10000.0,3505700.0
222,2021-10-21 07:15:34,12600.0,2700.0,3495700.0
223,2021-10-21 07:15:34,12600.0,1400.0,3493000.0
224,2021-10-21 07:15:34,12600.0,14800.0,3491600.0
225,2021-10-21 07:14:48,12650.0,4300.0,3476800.0
226,2021-10-21 07:14:48,12650.0,100.0,3472500.0
227,2021-10-21 07:14:48,12650.0,100.0,3472400.0
228,2021-10-21 07:14:48,12650.0,100.0,3472300.0
229,2021-10-21 07:14:48,12650.0,400.0,3472200.0
230,2021-10-21 07:13:55,12650.0,100.0,3471800.0
231,2021-10-21 07:13:55,12650.0,1000.0,3471700.0
232,2021-10-21 07:13:55,12650.0,1000.0,3470700.0
233,2021-10-21 07:13:55,12650.0,2000.0,3469700.0
234,2021-10-21 07:13:55,12650.0,200.0,3467700.0
235,2021-10-21 07:13:55,12650.0,100.0,3467500.0
236,2021-10-21 07:13:55,12650.0,500.0,3467400.0
237,2021-10-21 07:13:55,12650.0,100.0,3466900.0
238,2021-10-21 07:13:55,12650.0,100.0,3466800.0
239,2021-10-21 07:13:55,12650.0,100.0,3466700.0
240,2021-10-21 07:13:55,12650.0,500.0,3466600.0
241,2021-10-21 07:13:55,12650.0,400.0,3466100.0
242,2021-10-21 07:13:55,12650.0,500.0,3465700.0
243,2021-10-21 07:13:55,12650.0,100.0,3465200.0
244,2021-10-21 07:13:55,12650.0,2000.0,3465100.0
245,2021-10-21 07:13:44,12600.0,100.0,3463100.0
246,2021-10-21 07:13:44,12600.0,100.0,3463000.0
247,2021-10-21 07:13:44,12600.0,200.0,3462900.0
248,2021-10-21 07:13:44,12600.0,1000.0,3462700.0
249,2021-10-21 07:13:44,12600.0,200.0,3461700.0
250,2021-10-21 07:13:44,12600.0,1000.0,3461500.0
251,2021-10-21 07:13:44,12600.0,2000.0,3460500.0
252,2021-10-21 07:13:44,12600.0,600.0,3458500.0
253,2021-10-21 07:13:43,12600.0,1200.0,3457900.0
254,2021-10-21 07:13:43,12600.0,1000.0,3456700.0
255,2021-10-21 07:13:43,12600.0,100.0,3455700.0
256,2021-10-21 07:13:43,12600.0,1000.0,3455600.0
257,2021-10-21 07:13:43,12600.0,500.0,3454600.0
258,2021-10-21 07:13:43,12600.0,1000.0,3454100.0
259,2021-10-21 07:13:43,12600.0,200.0,3453100.0
260,2021-10-21 07:13:37,12600.0,200.0,3452900.0
261,2021-10-21 07:13:33,12550.0,3000.0,3452700.0
262,2021-10-21 07:13:31,12600.0,3000.0,3449700.0
263,2021-10-21 07:13:31,12600.0,500.0,3446700.0
264,2021-10-21 07:13:31,12600.0,1000.0,3446200.0
265,2021-10-21 07:13:31,12600.0,300.0,3445200.0
266,2021-10-21 07:13:31,12600.0,3000.0,3444900.0
267,2021-10-21 07:13:31,12600.0,200.0,3441900.0
268,2021-10-21 07:13:31,12600.0,700.0,3441700.0
269,2021-10-21 07:13:31,12600.0,500.0,3441000.0
270,2021-10-21 07:13:31,12600.0,800.0,3440500.0
271,2021-10-21 07:13:29,12600.0,200.0,3439700.0
272,2021-10-21 07:13:29,12600.0,400.0,3439500.0
273,2021-10-21 07:13:25,12600.0,600.0,3439100.0
274,2021-10-21 07:13:25,12600.0,200.0,3438500.0
275,2021-10-21 07:13:25,12600.0,1000.0,3438300.0
276,2021-10-21 07:13:25,12600.0,100.0,3437300.0
277,2021-10-21 07:13:25,12600.0,100.0,3437200.0
278,2021-10-21 07:13:25,12600.0,100.0,3437100.0
279,2021-10-21 07:13:25,12600.0,100.0,3437000.0
280,2021-10-21 07:13:25,12600.0,100.0,3436900.0
281,2021-10-21 07:13:25,12600.0,500.0,3436800.0
282,2021-10-21 07:13:25,12600.0,1000.0,3436300.0
283,2021-10-21 07:13:25,12600.0,1200.0,3435300.0
284,2021-10-21 07:13:25,12600.0,5000.0,3434100.0
285,2021-10-21 07:13:25,12600.0,100.0,3429100.0
286,2021-10-21 07:13:25,12600.0,6000.0,3429000.0
287,2021-10-21 07:13:25,12600.0,2000.0,3423000.0
288,2021-10-21 07:13:25,12600.0,300.0,3421000.0
289,2021-10-21 07:13:25,12600.0,200.0,3420700.0
290,2021-10-21 07:13:25,12600.0,200.0,3420500.0
291,2021-10-21 07:13:25,12600.0,100.0,3420300.0
292,2021-10-21 07:13:25,12600.0,1100.0,3420200.0
293,2021-10-21 07:13:24,12600.0,2000.0,3419100.0
294,2021-10-21 07:13:23,12600.0,10000.0,3417100.0
295,2021-10-21 07:13:20,12550.0,3000.0,3407100.0
296,2021-10-21 07:13:19,12600.0,6900.0,3404100.0
297,2021-10-21 07:13:19,12600.0,100.0,3397200.0
298,2021-10-21 07:13:19,12600.0,100.0,3397100.0
299,2021-10-21 07:13:19,12600.0,3100.0,3397000.0
300,2021-10-21 07:13:19,12600.0,400.0,3393900.0
301,2021-10-21 07:13:19,12600.0,1000.0,3393500.0
302,2021-10-21 07:13:19,12600.0,500.0,3392500.0
303,2021-10-21 07:13:19,12600.0,100.0,3392000.0
304,2021-10-21 07:13:19,12600.0,200.0,3391900.0
305,2021-10-21 07:13:19,12600.0,100.0,3391700.0
306,2021-10-21 07:13:19,12600.0,1000.0,3391600.0
307,2021-10-21 07:13:19,12600.0,500.0,3390600.0
308,2021-10-21 07:13:19,12600.0,3000.0,3390100.0
309,2021-10-21 07:13:19,12600.0,300.0,3387100.0
310,2021-10-21 07:13:19,12600.0,1000.0,3386800.0
311,2021-10-21 07:13:19,12600.0,100.0,3385800.0
312,2021-10-21 07:13:19,12600.0,300.0,3385700.0
313,2021-10-21 07:13:19,12600.0,5000.0,3385400.0
314,2021-10-21 07:13:19,12600.0,500.0,3380400.0
315,2021-10-21 07:13:19,12600.0,300.0,3379900.0
316,2021-10-21 07:13:19,12600.0,700.0,3379600.0
317,2021-10-21 07:13:19,12600.0,1000.0,3378900.0
318,2021-10-21 07:13:19,12600.0,100.0,3377900.0
319,2021-10-21 07:13:19,12600.0,500.0,3377800.0
320,2021-10-21 07:13:19,12600.0,200.0,3377300.0
321,2021-10-21 07:13:19,12600.0,200.0,3377100.0
322,2021-10-21 07:13:19,12600.0,200.0,3376900.0
323,2021-10-21 07:13:19,12600.0,500.0,3376700.0
324,2021-10-21 07:13:19,12600.0,200.0,3376200.0
325,2021-10-21 07:13:19,12600.0,100.0,3376000.0
326,2021-10-21 07:13:19,12600.0,200.0,3375900.0
327,2021-10-21 07:13:19,12600.0,500.0,3375700.0
328,2021-10-21 07:13:19,12600.0,600.0,3375200.0
329,2021-10-21 07:13:19,12600.0,200.0,3374600.0
330,2021-10-21 07:13:19,12600.0,1000.0,3374400.0
331,2021-10-21 07:13:19,12600.0,10000.0,3373400.0
332,2021-10-21 07:13:19,12600.0,3000.0,3363400.0
333,2021-10-21 07:13:19,12600.0,500.0,3360400.0
334,2021-10-21 07:13:19,12600.0,100.0,3359900.0
335,2021-10-21 07:13:19,12600.0,1800.0,3359800.0
336,2021-10-21 07:13:19,12600.0,500.0,3358000.0
337,2021-10-21 07:13:19,12600.0,500.0,3357500.0
338,2021-10-21 07:13:19,12600.0,400.0,3357000.0
339,2021-10-21 07:13:19,12600.0,2000.0,3356600.0
340,2021-10-21 07:13:19,12600.0,1000.0,3354600.0
341,2021-10-21 07:13:19,12600.0,500.0,3353600.0
342,2021-10-21 07:13:19,12600.0,1000.0,3353100.0
343,2021-10-21 07:13:19,12600.0,1700.0,3352100.0
344,2021-10-21 07:13:19,12600.0,1200.0,3350400.0
345,2021-10-21 07:13:19,12600.0,100.0,3349200.0
346,2021-10-21 07:13:19,12600.0,1300.0,3349100.0
347,2021-10-21 07:13:19,12600.0,300.0,3347800.0
348,2021-10-21 07:13:19,12600.0,1000.0,3347500.0
349,2021-10-21 07:13:19,12600.0,1000.0,3346500.0
350,2021-10-21 07:13:19,12600.0,100.0,3345500.0
351,2021-10-21 07:13:19,12600.0,100.0,3345400.0
352,2021-10-21 07:13:19,12600.0,400.0,3345300.0
353,2021-10-21 07:13:19,12600.0,100.0,3344900.0
354,2021-10-21 07:13:19,12600.0,500.0,3344800.0
355,2021-10-21 07:13:19,12600.0,5000.0,3344300.0
356,2021-10-21 07:13:19,12600.0,6900.0,3339300.0
357,2021-10-21 07:13:19,12600.0,2000.0,3332400.0
358,2021-10-21 07:13:19,12600.0,100.0,3330400.0
359,2021-10-21 07:13:19,12600.0,400.0,3330300.0
360,2021-10-21 07:13:19,12600.0,100.0,3329900.0
361,2021-10-21 07:13:19,12600.0,100.0,3329800.0
362,2021-10-21 07:13:19,12600.0,300.0,3329700.0
363,2021-10-21 07:13:19,12600.0,1000.0,3329400.0
364,2021-10-21 07:13:19,12600.0,200.0,3328400.0
365,2021-10-21 07:13:19,12600.0,1000.0,3328200.0
366,2021-10-21 07:13:19,12600.0,800.0,3327200.0
367,2021-10-21 07:13:19,12600.0,1000.0,3326400.0
368,2021-10-21 07:13:19,12600.0,1300.0,3325400.0
369,2021-10-21 07:13:09,12600.0,5100.0,3324100.0
370,2021-10-21 07:13:05,12550.0,100.0,3319000.0
371,2021-10-21 07:12:47,12600.0,3600.0,3318900.0
372,2021-10-21 07:12:47,12600.0,200.0,3315300.0
373,2021-10-21 07:12:47,12600.0,500.0,3315100.0
374,2021-10-21 07:12:47,12600.0,1000.0,3314600.0
375,2021-10-21 07:12:47,12600.0,200.0,3313600.0
376,2021-10-21 07:12:47,12600.0,100.0,3313400.0
377,2021-10-21 07:12:47,12600.0,4400.0,3313300.0
378,2021-10-21 07:12:46,12600.0,200.0,3308900.0
379,2021-10-21 07:12:12,12600.0,5400.0,3308700.0
380,2021-10-21 07:12:12,12600.0,44600.0,3303300.0
381,2021-10-21 07:12:09,12550.0,500.0,3258700.0
382,2021-10-21 07:11:57,12550.0,2000.0,3258200.0
383,2021-10-21 07:11:26,12550.0,2000.0,3256200.0
384,2021-10-21 07:11:24,12600.0,1000.0,3254200.0
385,2021-10-21 07:11:20,12600.0,2000.0,3253200.0
386,2021-10-21 07:11:16,12600.0,100.0,3251200.0
387,2021-10-21 07:11:04,12600.0,500.0,3251100.0
388,2021-10-21 07:10:55,12600.0,1000.0,3250600.0
389,2021-10-21 07:10:30,12550.0,2000.0,3249600.0
390,2021-10-21 07:10:28,12600.0,2000.0,3247600.0
391,2021-10-21 07:10:12,12550.0,100.0,3245600.0
392,2021-10-21 07:09:56,12600.0,2000.0,3245500.0
393,2021-10-21 07:09:54,12600.0,100.0,3243500.0
394,2021-10-21 07:09:42,12600.0,1000.0,3243400.0
395,2021-10-21 07:09:33,12600.0,10000.0,3242400.0
396,2021-10-21 07:08:15,12600.0,100.0,3232400.0
397,2021-10-21 07:08:02,12550.0,200.0,3232300.0
398,2021-10-21 07:06:48,12600.0,5000.0,3232100.0
399,2021-10-21 07:06:28,12600.0,1000.0,3227100.0
400,2021-10-21 07:06:27,12550.0,1000.0,3226100.0
401,2021-10-21 07:06:18,12600.0,900.0,3225100.0
402,2021-10-21 07:06:07,12600.0,100.0,3224200.0
403,2021-10-21 07:05:54,12600.0,1400.0,3224100.0
404,2021-10-21 07:05:48,12550.0,100.0,3222700.0
405,2021-10-21 07:05:34,12550.0,1000.0,3222600.0
406,2021-10-21 07:04:59,12600.0,1800.0,3221600.0
407,2021-10-21 07:04:46,12600.0,3000.0,3219800.0
408,2021-10-21 07:04:42,12600.0,4500.0,3216800.0
409,2021-10-21 07:04:36,12600.0,1400.0,3212300.0
410,2021-10-21 07:04:17,12600.0,10000.0,3210900.0
411,2021-10-21 07:04:09,12550.0,2300.0,3200900.0
412,2021-10-21 07:03:43,12600.0,200.0,3198600.0
413,2021-10-21 07:03:41,12600.0,5000.0,3198400.0
414,2021-10-21 07:03:34,12600.0,800.0,3193400.0
415,2021-10-21 07:03:34,12600.0,100.0,3192600.0
416,2021-10-21 07:03:34,12600.0,100.0,3192500.0
417,2021-10-21 07:03:08,12550.0,100.0,3192400.0
418,2021-10-21 07:03:04,12550.0,800.0,3192300.0
419,2021-10-21 07:03:04,12550.0,2000.0,3191500.0
420,2021-10-21 07:03:04,12550.0,500.0,3189500.0
421,2021-10-21 07:03:04,12550.0,500.0,3189000.0
422,2021-10-21 07:03:04,12550.0,1000.0,3188500.0
423,2021-10-21 07:03:04,12550.0,3000.0,3187500.0
424,2021-10-21 07:03:04,12550.0,47200.0,3184500.0
425,2021-10-21 07:03:04,12550.0,1000.0,3137300.0
426,2021-10-21 07:03:04,12550.0,200.0,3136300.0
427,2021-10-21 07:03:04,12550.0,700.0,3136100.0
428,2021-10-21 07:03:04,12550.0,700.0,3135400.0
429,2021-10-21 07:03:04,12550.0,1000.0,3134700.0
430,2021-10-21 07:03:04,12550.0,200.0,3133700.0
431,2021-10-21 07:03:04,12550.0,2500.0,3133500.0
432,2021-10-21 07:03:04,12550.0,100.0,3131000.0
433,2021-10-21 07:03:04,12550.0,500.0,3130900.0
434,2021-10-21 07:03:04,12550.0,300.0,3130400.0
435,2021-10-21 07:03:04,12550.0,200.0,3130100.0
436,2021-10-21 07:03:04,12550.0,300.0,3129900.0
437,2021-10-21 07:03:04,12550.0,1000.0,3129600.0
438,2021-10-21 07:03:04,12550.0,100.0,3128600.0
439,2021-10-21 07:03:04,12550.0,2000.0,3128500.0
440,2021-10-21 07:03:04,12550.0,4600.0,3126500.0
441,2021-10-21 07:03:04,12550.0,500.0,3121900.0
442,2021-10-21 07:03:04,12550.0,100.0,3121400.0
443,2021-10-21 07:03:04,12550.0,500.0,3121300.0
444,2021-10-21 07:03:04,12550.0,500.0,3120800.0
445,2021-10-21 07:03:04,12550.0,10000.0,3120300.0
446,2021-10-21 07:03:04,12550.0,3000.0,3110300.0
447,2021-10-21 07:03:04,12550.0,2000.0,3107300.0
448,2021-10-21 07:03:04,12550.0,900.0,3105300.0
449,2021-10-21 07:02:30,12550.0,2100.0,3104400.0
450,2021-10-21 07:02:30,12550.0,1500.0,3102300.0
451,2021-10-21 07:02:30,12550.0,100.0,3100800.0
452,2021-10-21 07:02:30,12550.0,400.0,3100700.0
453,2021-10-21 07:02:30,12550.0,900.0,3100300.0
454,2021-10-21 07:02:23,12550.0,9100.0,3099400.0
455,2021-10-21 07:02:23,12550.0,900.0,3090300.0
456,2021-10-21 07:02:06,12500.0,800.0,3089400.0
457,2021-10-21 07:01:27,12550.0,400.0,3088600.0
458,2021-10-21 07:00:43,12550.0,300.0,3088200.0
459,2021-10-21 07:00:43,12550.0,1000.0,3087900.0
460,2021-10-21 07:00:43,12550.0,300.0,3086900.0
461,2021-10-21 07:00:43,12550.0,500.0,3086600.0
462,2021-10-21 07:00:43,12550.0,300.0,3086100.0
463,2021-10-21 07:00:43,12550.0,1000.0,3085800.0
464,2021-10-21 07:00:43,12550.0,500.0,3084800.0
465,2021-10-21 07:00:28,12550.0,100.0,3084300.0
466,2021-10-21 07:00:20,12500.0,100.0,3084200.0
467,2021-10-21 06:59:44,12550.0,1900.0,3084100.0
468,2021-10-21 06:59:20,12550.0,1000.0,3082200.0
469,2021-10-21 06:58:49,12550.0,200.0,3081200.0
470,2021-10-21 06:58:41,12550.0,2000.0,3081000.0
471,2021-10-21 06:58:32,12550.0,300.0,3079000.0
472,2021-10-21 06:58:32,12550.0,200.0,3078700.0
473,2021-10-21 06:58:25,12550.0,1000.0,3078500.0
474,2021-10-21 06:58:22,12500.0,5000.0,3077500.0
475,2021-10-21 06:58:14,12550.0,600.0,3072500.0
476,2021-10-21 06:57:40,12550.0,500.0,3071900.0
477,2021-10-21 06:57:21,12500.0,1800.0,3071400.0
478,2021-10-21 06:57:18,12500.0,1400.0,3069600.0
479,2021-10-21 06:57:18,12500.0,100.0,3068200.0
480,2021-10-21 06:56:57,12500.0,900.0,3068100.0
481,2021-10-21 06:56:57,12500.0,100.0,3067200.0
482,2021-10-21 06:56:40,12500.0,100.0,3067100.0
483,2021-10-21 06:56:40,12500.0,200.0,3067000.0
484,2021-10-21 06:56:40,12500.0,700.0,3066800.0
485,2021-10-21 06:56:14,12500.0,1300.0,3066100.0
486,2021-10-21 06:56:14,12500.0,500.0,3064800.0
487,2021-10-21 06:56:14,12500.0,200.0,3064300.0
488,2021-10-21 06:55:52,12500.0,1500.0,3064100.0
489,2021-10-21 06:54:39,12500.0,100.0,3062600.0
490,2021-10-21 06:53:41,12500.0,500.0,3062500.0
491,2021-10-21 06:53:40,12500.0,1000.0,3062000.0
492,2021-10-21 06:53:27,12500.0,100.0,3061000.0
493,2021-10-21 06:53:19,12500.0,100.0,3060900.0
494,2021-10-21 06:53:02,12500.0,6500.0,3060800.0
495,2021-10-21 06:53:02,12500.0,1000.0,3054300.0
496,2021-10-21 06:53:02,12500.0,800.0,3053300.0
497,2021-10-21 06:53:02,12500.0,1700.0,3052500.0
498,2021-10-21 06:52:46,12500.0,1000.0,3050800.0
499,2021-10-21 06:52:19,12500.0,7300.0,3049800.0
500,2021-10-21 06:52:19,12500.0,500.0,3042500.0
501,2021-10-21 06:51:01,12500.0,300.0,3042000.0
502,2021-10-21 06:51:00,12500.0,1200.0,3041700.0
503,2021-10-21 06:51:00,12500.0,1000.0,3040500.0
504,2021-10-21 06:51:00,12500.0,500.0,3039500.0
505,2021-10-21 06:51:00,12500.0,500.0,3039000.0
506,2021-10-21 06:51:00,12500.0,1800.0,3038500.0
507,2021-10-21 06:50:33,12500.0,7000.0,3036700.0
508,2021-10-21 06:50:10,12500.0,1200.0,3029700.0
509,2021-10-21 06:50:10,12500.0,200.0,3028500.0
510,2021-10-21 06:50:10,12500.0,1000.0,3028300.0
511,2021-10-21 06:50:10,12500.0,1000.0,3027300.0
512,2021-10-21 06:50:10,12500.0,5000.0,3026300.0
513,2021-10-21 06:50:10,12500.0,300.0,3021300.0
514,2021-10-21 06:50:10,12500.0,500.0,3021000.0
515,2021-10-21 06:50:10,12500.0,1400.0,3020500.0
516,2021-10-21 06:50:10,12500.0,300.0,3019100.0
517,2021-10-21 06:50:10,12500.0,1000.0,3018800.0
518,2021-10-21 06:50:10,12500.0,400.0,3017800.0
519,2021-10-21 06:50:10,12500.0,700.0,3017400.0
520,2021-10-21 06:50:10,12500.0,500.0,3016700.0
521,2021-10-21 06:50:10,12500.0,1000.0,3016200.0
522,2021-10-21 06:50:10,12500.0,500.0,3015200.0
523,2021-10-21 06:50:00,12550.0,1000.0,3014700.0
524,2021-10-21 06:49:57,12550.0,4000.0,3013700.0
525,2021-10-21 06:49:36,12500.0,200.0,3009700.0
526,2021-10-21 06:49:08,12500.0,9800.0,3009500.0
527,2021-10-21 06:49:08,12500.0,300.0,2999700.0
528,2021-10-21 06:49:08,12500.0,900.0,2999400.0
529,2021-10-21 06:49:04,12550.0,500.0,2998500.0
530,2021-10-21 06:48:50,12550.0,500.0,2998000.0
531,2021-10-21 06:48:41,12550.0,600.0,2997500.0
532,2021-10-21 06:48:24,12550.0,700.0,2996900.0
533,2021-10-21 06:48:14,12550.0,2000.0,2996200.0
534,2021-10-21 06:47:54,12550.0,200.0,2994200.0
535,2021-10-21 06:47:10,12550.0,2000.0,2994000.0
536,2021-10-21 06:46:41,12550.0,1000.0,2992000.0
537,2021-10-21 06:46:02,12500.0,100.0,2991000.0
538,2021-10-21 06:45:47,12500.0,1000.0,2990900.0
539,2021-10-21 06:45:28,12550.0,2000.0,2989900.0
540,2021-10-21 06:45:02,12550.0,100.0,2987900.0
541,2021-10-21 06:45:02,12550.0,100.0,2987800.0
542,2021-10-21 06:44:51,12500.0,200.0,2987700.0
543,2021-10-21 06:44:39,12500.0,1800.0,2987500.0
544,2021-10-21 06:44:39,12500.0,200.0,2985700.0
545,2021-10-21 06:44:39,12500.0,2000.0,2985500.0
546,2021-10-21 06:44:26,12500.0,400.0,2983500.0
547,2021-10-21 06:44:17,12500.0,100.0,2983100.0
548,2021-10-21 06:43:24,12500.0,700.0,2983000.0
549,2021-10-21 06:42:12,12500.0,800.0,2982300.0
550,2021-10-21 06:41:40,12550.0,900.0,2981500.0
551,2021-10-21 06:41:40,12550.0,400.0,2980600.0
552,2021-10-21 06:41:40,12550.0,700.0,2980200.0
553,2021-10-21 06:41:20,12550.0,2300.0,2979500.0
554,2021-10-21 06:41:15,12550.0,1000.0,2977200.0
555,2021-10-21 06:41:15,12550.0,400.0,2976200.0
556,2021-10-21 06:41:15,12550.0,600.0,2975800.0
557,2021-10-21 06:40:44,12550.0,2400.0,2975200.0
558,2021-10-21 06:40:44,12550.0,600.0,2972800.0
559,2021-10-21 06:40:33,12550.0,400.0,2972200.0
560,2021-10-21 06:40:33,12550.0,500.0,2971800.0
561,2021-10-21 06:40:03,12550.0,500.0,2971300.0
562,2021-10-21 06:39:31,12500.0,1000.0,2970800.0
563,2021-10-21 06:39:31,12500.0,1000.0,2969800.0
564,2021-10-21 06:39:31,12500.0,900.0,2968800.0
565,2021-10-21 06:39:31,12500.0,1000.0,2967900.0
566,2021-10-21 06:39:31,12500.0,500.0,2966900.0
567,2021-10-21 06:39:31,12500.0,100.0,2966400.0
568,2021-10-21 06:39:31,12500.0,600.0,2966300.0
569,2021-10-21 06:39:31,12500.0,300.0,2965700.0
570,2021-10-21 06:39:31,12500.0,400.0,2965400.0
571,2021-10-21 06:39:31,12500.0,1000.0,2965000.0
572,2021-10-21 06:39:31,12500.0,500.0,2964000.0
573,2021-10-21 06:39:31,12500.0,4000.0,2963500.0
574,2021-10-21 06:39:31,12500.0,1000.0,2959500.0
575,2021-10-21 06:39:31,12500.0,2000.0,2958500.0
576,2021-10-21 06:39:31,12500.0,2700.0,2956500.0
577,2021-10-21 06:39:20,12550.0,100.0,2953800.0
578,2021-10-21 06:39:16,12550.0,2000.0,2953700.0
579,2021-10-21 06:38:50,12550.0,100.0,2951700.0
580,2021-10-21 06:38:50,12550.0,100.0,2951600.0
581,2021-10-21 06:38:50,12550.0,600.0,2951500.0
582,2021-10-21 06:38:20,12500.0,300.0,2950900.0
583,2021-10-21 06:37:17,12550.0,400.0,2950600.0
584,2021-10-21 06:37:17,12550.0,100.0,2950200.0
585,2021-10-21 06:37:17,12550.0,200.0,2950100.0
586,2021-10-21 06:37:17,12550.0,300.0,2949900.0
587,2021-10-21 06:37:16,12550.0,200.0,2949600.0
588,2021-10-21 06:37:16,12550.0,200.0,2949400.0
589,2021-10-21 06:36:54,12550.0,100.0,2949200.0
590,2021-10-21 06:36:45,12550.0,100.0,2949100.0
591,2021-10-21 06:36:33,12550.0,600.0,2949000.0
592,2021-10-21 06:36:23,12550.0,300.0,2948400.0
593,2021-10-21 06:35:45,12550.0,3000.0,2948100.0
594,2021-10-21 06:35:23,12550.0,900.0,2945100.0
595,2021-10-21 06:35:13,12550.0,200.0,2944200.0
596,2021-10-21 06:35:13,12550.0,4600.0,2944000.0
597,2021-10-21 06:35:13,12550.0,1900.0,2939400.0
598,2021-10-21 06:33:50,12550.0,1000.0,2937500.0
599,2021-10-21 06:33:46,12500.0,100.0,2936500.0
600,2021-10-21 06:33:46,12500.0,2600.0,2936400.0
601,2021-10-21 06:33:46,12500.0,400.0,2933800.0
602,2021-10-21 06:33:46,12500.0,1000.0,2933400.0
603,2021-10-21 06:33:46,12500.0,300.0,2932400.0
604,2021-10-21 06:33:46,12500.0,400.0,2932100.0
605,2021-10-21 06:33:46,12500.0,1000.0,2931700.0
606,2021-10-21 06:33:46,12500.0,400.0,2930700.0
607,2021-10-21 06:33:46,12500.0,2000.0,2930300.0
608,2021-10-21 06:33:46,12500.0,800.0,2928300.0
609,2021-10-21 06:33:27,12550.0,400.0,2927500.0
610,2021-10-21 06:33:15,12550.0,800.0,2927100.0
611,2021-10-21 06:32:51,12550.0,1000.0,2926300.0
612,2021-10-21 06:32:36,12550.0,700.0,2925300.0
613,2021-10-21 06:32:03,12550.0,600.0,2924600.0
614,2021-10-21 06:31:46,12550.0,500.0,2924000.0
615,2021-10-21 06:31:14,12550.0,3100.0,2923500.0
616,2021-10-21 06:31:14,12550.0,1900.0,2920400.0
617,2021-10-21 06:30:13,12550.0,100.0,2918500.0
618,2021-10-21 06:30:01,12500.0,300.0,2918400.0
619,2021-10-21 06:30:01,12500.0,100.0,2918100.0
620,2021-10-21 06:30:01,12500.0,1000.0,2918000.0
621,2021-10-21 06:30:01,12500.0,7500.0,2917000.0
622,2021-10-21 06:30:01,12500.0,200.0,2909500.0
623,2021-10-21 06:30:01,12500.0,900.0,2909300.0
624,2021-10-21 06:28:49,12500.0,1000.0,2908400.0
625,2021-10-21 06:27:31,12550.0,100.0,2907400.0
626,2021-10-21 06:27:06,12550.0,400.0,2907300.0
627,2021-10-21 06:26:14,12500.0,100.0,2906900.0
628,2021-10-21 06:26:14,12500.0,900.0,2906800.0
629,2021-10-21 06:24:46,12500.0,100.0,2905900.0
630,2021-10-21 06:24:46,12500.0,1200.0,2905800.0
631,2021-10-21 06:24:43,12500.0,300.0,2904600.0
632,2021-10-21 06:24:43,12500.0,700.0,2904300.0
633,2021-10-21 06:24:43,12500.0,500.0,2903600.0
634,2021-10-21 06:24:43,12500.0,1000.0,2903100.0
635,2021-10-21 06:24:43,12500.0,1000.0,2902100.0
636,2021-10-21 06:24:43,12500.0,100.0,2901100.0
637,2021-10-21 06:24:43,12500.0,2000.0,2901000.0
638,2021-10-21 06:24:43,12500.0,2000.0,2899000.0
639,2021-10-21 06:24:43,12500.0,1000.0,2897000.0
640,2021-10-21 06:24:43,12500.0,1000.0,2896000.0
641,2021-10-21 06:24:43,12500.0,1200.0,2895000.0
642,2021-10-21 06:24:43,12500.0,2000.0,2893800.0
643,2021-10-21 06:24:43,12500.0,100.0,2891800.0
644,2021-10-21 06:24:43,12500.0,5000.0,2891700.0
645,2021-10-21 06:24:43,12500.0,500.0,2886700.0
646,2021-10-21 06:24:43,12500.0,200.0,2886200.0
647,2021-10-21 06:24:43,12500.0,1400.0,2886000.0
648,2021-10-21 06:23:47,12550.0,500.0,2884600.0
649,2021-10-21 06:23:47,12550.0,100.0,2884100.0
650,2021-10-21 06:23:20,12550.0,1000.0,2884000.0
651,2021-10-21 06:23:20,12550.0,600.0,2883000.0
652,2021-10-21 06:23:20,12550.0,3000.0,2882400.0
653,2021-10-21 06:22:29,12550.0,1800.0,2879400.0
654,2021-10-21 06:21:05,12500.0,200.0,2877600.0
655,2021-10-21 06:20:54,12500.0,300.0,2877400.0
656,2021-10-21 06:20:44,12500.0,100.0,2877100.0
657,2021-10-21 06:20:44,12500.0,600.0,2877000.0
658,2021-10-21 06:20:37,12500.0,800.0,2876400.0
659,2021-10-21 06:20:37,12500.0,500.0,2875600.0
660,2021-10-21 06:20:37,12500.0,200.0,2875100.0
661,2021-10-21 06:19:31,12500.0,100.0,2874900.0
662,2021-10-21 06:19:17,12500.0,200.0,2874800.0
663,2021-10-21 06:19:17,12500.0,200.0,2874600.0
664,2021-10-21 06:18:59,12500.0,800.0,2874400.0
665,2021-10-21 06:18:59,12500.0,4200.0,2873600.0
666,2021-10-21 06:18:50,12550.0,200.0,2869400.0
667,2021-10-21 06:18:29,12500.0,5800.0,2869200.0
668,2021-10-21 06:18:29,12500.0,4800.0,2863400.0
669,2021-10-21 06:18:29,12500.0,10000.0,2858600.0
670,2021-10-21 06:18:29,12500.0,5000.0,2848600.0
671,2021-10-21 06:18:29,12500.0,200.0,2843600.0
672,2021-10-21 06:18:29,12500.0,10000.0,2843400.0
673,2021-10-21 06:18:29,12500.0,300.0,2833400.0
674,2021-10-21 06:18:29,12500.0,400.0,2833100.0
675,2021-10-21 06:18:29,12500.0,2000.0,2832700.0
676,2021-10-21 06:18:29,12500.0,3600.0,2830700.0
677,2021-10-21 06:18:29,12500.0,5000.0,2827100.0
678,2021-10-21 06:18:29,12500.0,1000.0,2822100.0
679,2021-10-21 06:18:29,12500.0,1900.0,2821100.0
680,2021-10-21 06:17:50,12500.0,600.0,2819200.0
681,2021-10-21 06:17:50,12500.0,5000.0,2818600.0
682,2021-10-21 06:17:50,12500.0,100.0,2813600.0
683,2021-10-21 06:17:50,12500.0,1400.0,2813500.0
684,2021-10-21 06:17:50,12500.0,400.0,2812100.0
685,2021-10-21 06:17:38,12550.0,500.0,2811700.0
686,2021-10-21 06:17:38,12550.0,2500.0,2811200.0
687,2021-10-21 06:17:18,12550.0,800.0,2808700.0
688,2021-10-21 06:17:06,12500.0,100.0,2807900.0
689,2021-10-21 06:16:21,12500.0,200.0,2807800.0
690,2021-10-21 06:15:55,12500.0,100.0,2807600.0
691,2021-10-21 06:15:45,12500.0,400.0,2807500.0
692,2021-10-21 06:15:24,12500.0,100.0,2807100.0
693,2021-10-21 06:15:17,12500.0,1000.0,2807000.0
694,2021-10-21 06:14:51,12500.0,100.0,2806000.0
695,2021-10-21 06:14:16,12500.0,2000.0,2805900.0
696,2021-10-21 06:14:14,12500.0,400.0,2803900.0
697,2021-10-21 06:14:09,12500.0,500.0,2803500.0
698,2021-10-21 06:13:43,12500.0,500.0,2803000.0
699,2021-10-21 06:13:26,12550.0,800.0,2802500.0
700,2021-10-21 06:13:21,12550.0,1000.0,2801700.0
701,2021-10-21 06:12:17,12550.0,2500.0,2800700.0
702,2021-10-21 06:12:16,12500.0,3000.0,2798200.0
703,2021-10-21 06:11:22,12550.0,100.0,2795200.0
704,2021-10-21 06:10:57,12550.0,2300.0,2795100.0
705,2021-10-21 06:10:57,12550.0,200.0,2792800.0
706,2021-10-21 06:10:57,12550.0,100.0,2792600.0
707,2021-10-21 06:10:57,12550.0,300.0,2792500.0
708,2021-10-21 06:10:57,12550.0,100.0,2792200.0
709,2021-10-21 06:10:57,12550.0,1000.0,2792100.0
710,2021-10-21 06:10:57,12550.0,1300.0,2791100.0
711,2021-10-21 06:10:57,12550.0,3000.0,2789800.0
712,2021-10-21 06:10:57,12550.0,600.0,2786800.0
713,2021-10-21 06:09:16,12550.0,500.0,2786200.0
714,2021-10-21 06:09:16,12550.0,400.0,2785700.0
715,2021-10-21 06:09:16,12550.0,500.0,2785300.0
716,2021-10-21 06:09:15,12550.0,500.0,2784800.0
717,2021-10-21 06:09:09,12550.0,100.0,2784300.0
718,2021-10-21 06:09:09,12600.0,100.0,2784200.0
719,2021-10-21 06:08:49,12550.0,400.0,2784100.0
720,2021-10-21 06:08:49,12550.0,600.0,2783700.0
721,2021-10-21 06:08:46,12550.0,9400.0,2783100.0
722,2021-10-21 06:08:46,12550.0,300.0,2773700.0
723,2021-10-21 06:08:46,12550.0,10000.0,2773400.0
724,2021-10-21 06:08:46,12550.0,2000.0,2763400.0
725,2021-10-21 06:08:46,12550.0,1000.0,2761400.0
726,2021-10-21 06:08:46,12550.0,300.0,2760400.0
727,2021-10-21 06:08:46,12550.0,1000.0,2760100.0
728,2021-10-21 06:08:46,12550.0,700.0,2759100.0
729,2021-10-21 06:08:46,12550.0,300.0,2758400.0
730,2021-10-21 06:08:42,12600.0,1000.0,2758100.0
731,2021-10-21 06:08:33,12550.0,200.0,2757100.0
732,2021-10-21 06:08:24,12550.0,200.0,2756900.0
733,2021-10-21 06:08:16,12550.0,100.0,2756700.0
734,2021-10-21 06:07:52,12550.0,2500.0,2756600.0
735,2021-10-21 06:07:41,12550.0,1000.0,2754100.0
736,2021-10-21 06:07:38,12550.0,1200.0,2753100.0
737,2021-10-21 06:07:38,12550.0,1000.0,2751900.0
738,2021-10-21 06:07:38,12550.0,100.0,2750900.0
739,2021-10-21 06:07:38,12550.0,2000.0,2750800.0
740,2021-10-21 06:07:38,12550.0,100.0,2748800.0
741,2021-10-21 06:07:38,12550.0,1000.0,2748700.0
742,2021-10-21 06:07:38,12550.0,100.0,2747700.0
743,2021-10-21 06:07:38,12550.0,500.0,2747600.0
744,2021-10-21 06:07:35,12550.0,1000.0,2747100.0
745,2021-10-21 06:07:35,12550.0,2000.0,2746100.0
746,2021-10-21 06:06:57,12600.0,100.0,2744100.0
747,2021-10-21 06:05:58,12600.0,300.0,2744000.0
748,2021-10-21 06:05:53,12600.0,200.0,2743700.0
749,2021-10-21 06:05:53,12600.0,600.0,2743500.0
750,2021-10-21 06:05:52,12550.0,200.0,2742900.0
751,2021-10-21 06:03:36,12550.0,800.0,2742700.0
752,2021-10-21 06:03:36,12550.0,800.0,2741900.0
753,2021-10-21 06:03:36,12550.0,100.0,2741100.0
754,2021-10-21 06:03:36,12550.0,800.0,2741000.0
755,2021-10-21 06:03:28,12550.0,500.0,2740200.0
756,2021-10-21 06:03:02,12550.0,900.0,2739700.0
757,2021-10-21 06:02:28,12550.0,800.0,2738800.0
758,2021-10-21 06:02:28,12550.0,100.0,2738000.0
759,2021-10-21 06:02:28,12550.0,300.0,2737900.0
760,2021-10-21 06:02:28,12550.0,1000.0,2737600.0
761,2021-10-21 06:02:28,12550.0,3800.0,2736600.0
762,2021-10-21 06:02:19,12600.0,3000.0,2732800.0
763,2021-10-21 06:02:18,12550.0,1300.0,2729800.0
764,2021-10-21 06:01:42,12550.0,100.0,2728500.0
765,2021-10-21 06:00:49,12550.0,200.0,2728400.0
766,2021-10-21 06:00:25,12550.0,2000.0,2728200.0
767,2021-10-21 06:00:18,12550.0,100.0,2726200.0
768,2021-10-21 06:00:14,12550.0,100.0,2726100.0
769,2021-10-21 06:00:13,12550.0,1000.0,2726000.0
770,2021-10-21 06:00:08,12550.0,1000.0,2725000.0
771,2021-10-21 06:00:07,12600.0,900.0,2724000.0
772,2021-10-21 06:00:07,12600.0,500.0,2723100.0
773,2021-10-21 06:00:07,12600.0,300.0,2722600.0
774,2021-10-21 06:00:07,12600.0,1800.0,2722300.0
775,2021-10-21 06:00:03,12600.0,1000.0,2720500.0
776,2021-10-21 06:00:02,12550.0,400.0,2719500.0
777,2021-10-21 06:00:02,12500.0,1200.0,2719100.0
778,2021-10-21 06:00:02,12500.0,100.0,2717900.0
779,2021-10-21 06:00:02,12500.0,1000.0,2717800.0
780,2021-10-21 06:00:02,12500.0,600.0,2716800.0
781,2021-10-21 06:00:02,12500.0,20000.0,2716200.0
782,2021-10-21 06:00:02,12500.0,200.0,2696200.0
783,2021-10-21 06:00:02,12500.0,5000.0,2696000.0
784,2021-10-21 06:00:02,12500.0,2000.0,2691000.0
785,2021-10-21 06:00:02,12500.0,10000.0,2689000.0
786,2021-10-21 06:00:02,12500.0,1000.0,2679000.0
787,2021-10-21 06:00:02,12500.0,1000.0,2678000.0
788,2021-10-21 06:00:02,12500.0,1200.0,2677000.0
789,2021-10-21 06:00:02,12500.0,6700.0,2675800.0
790,2021-10-21 06:00:02,12550.0,600.0,2669100.0
791,2021-10-21 06:00:02,12550.0,2700.0,2668500.0
792,2021-10-21 06:00:02,12550.0,1700.0,2665800.0
793,2021-10-21 06:00:02,12550.0,600.0,2664100.0
794,2021-10-21 06:00:02,12550.0,200.0,2663500.0
795,2021-10-21 06:00:02,12550.0,100.0,2663300.0
796,2021-10-21 06:00:02,12550.0,100.0,2663200.0
797,2021-10-21 06:00:02,12550.0,3900.0,2663100.0
798,2021-10-21 06:00:02,12550.0,1100.0,2659200.0
799,2021-10-21 06:00:01,12550.0,900.0,2658100.0
800,2021-10-21 06:00:01,12550.0,4100.0,2657200.0
801,2021-10-21 06:00:01,12550.0,900.0,2653100.0
802,2021-10-21 06:00:01,12550.0,100.0,2652200.0
803,2021-10-21 06:00:01,12550.0,2000.0,2652100.0
804,2021-10-21 06:00:01,12550.0,8000.0,2650100.0
805,2021-10-21 06:00:01,12550.0,100.0,2642100.0
806,2021-10-21 06:00:01,12550.0,10000.0,2642000.0
807,2021-10-21 06:00:01,12550.0,1900.0,2632000.0
808,2021-10-21 06:00:01,12550.0,100.0,2630100.0
809,2021-10-21 06:00:01,12550.0,10000.0,2630000.0
810,2021-10-21 06:00:01,12550.0,4000.0,2620000.0
811,2021-10-21 06:00:01,12550.0,400.0,2616000.0
812,2021-10-21 06:00:01,12550.0,500.0,2615600.0
813,2021-10-21 04:29:35,12550.0,5000.0,2615100.0
814,2021-10-21 04:29:35,12550.0,5000.0,2610100.0
815,2021-10-21 04:29:21,12550.0,25000.0,2605100.0
816,2021-10-21 04:29:20,12500.0,400.0,2580100.0
817,2021-10-21 04:27:34,12500.0,200.0,2579700.0
818,2021-10-21 04:27:05,12500.0,900.0,2579500.0
819,2021-10-21 04:27:05,12500.0,500.0,2578600.0
820,2021-10-21 04:27:05,12500.0,1600.0,2578100.0
821,2021-10-21 04:26:52,12500.0,1000.0,2576500.0
822,2021-10-21 04:26:44,12500.0,100.0,2575500.0
823,2021-10-21 04:26:37,12500.0,100.0,2575400.0
824,2021-10-21 04:26:37,12500.0,1800.0,2575300.0
825,2021-10-21 04:26:00,12500.0,3200.0,2573500.0
826,2021-10-21 04:26:00,12500.0,100.0,2570300.0
827,2021-10-21 04:26:00,12500.0,1700.0,2570200.0
828,2021-10-21 04:25:58,12500.0,700.0,2568500.0
829,2021-10-21 04:25:58,12500.0,300.0,2567800.0
830,2021-10-21 04:25:45,12500.0,1700.0,2567500.0
831,2021-10-21 04:25:45,12500.0,1000.0,2565800.0
832,2021-10-21 04:25:45,12500.0,100.0,2564800.0
833,2021-10-21 04:25:45,12500.0,400.0,2564700.0
834,2021-10-21 04:25:45,12500.0,100.0,2564300.0
835,2021-10-21 04:25:45,12500.0,700.0,2564200.0
836,2021-10-21 04:25:45,12500.0,500.0,2563500.0
837,2021-10-21 04:25:45,12500.0,5000.0,2563000.0
838,2021-10-21 04:25:45,12500.0,500.0,2558000.0
839,2021-10-21 04:25:33,12500.0,300.0,2557500.0
840,2021-10-21 04:25:22,12500.0,4500.0,2557200.0
841,2021-10-21 04:24:50,12500.0,1000.0,2552700.0
842,2021-10-21 04:23:57,12500.0,300.0,2551700.0
843,2021-10-21 04:23:46,12500.0,2500.0,2551400.0
844,2021-10-21 04:23:43,12450.0,100.0,2548900.0
845,2021-10-21 04:23:32,12500.0,300.0,2548800.0
846,2021-10-21 04:23:32,12500.0,200.0,2548500.0
847,2021-10-21 04:22:11,12500.0,1000.0,2548300.0
848,2021-10-21 04:22:07,12450.0,100.0,2547300.0
849,2021-10-21 04:21:30,12450.0,900.0,2547200.0
850,2021-10-21 04:21:30,12450.0,1400.0,2546300.0
851,2021-10-21 04:20:39,12500.0,1000.0,2544900.0
852,2021-10-21 04:20:39,12500.0,1800.0,2543900.0
853,2021-10-21 04:20:33,12500.0,900.0,2542100.0
854,2021-10-21 04:20:10,12500.0,3000.0,2541200.0
855,2021-10-21 04:20:05,12500.0,4300.0,2538200.0
856,2021-10-21 04:20:05,12500.0,700.0,2533900.0
857,2021-10-21 04:19:28,12500.0,2000.0,2533200.0
858,2021-10-21 04:18:58,12500.0,3000.0,2531200.0
859,2021-10-21 04:18:58,12500.0,100.0,2528200.0
860,2021-10-21 04:18:58,12500.0,100.0,2528100.0
861,2021-10-21 04:18:58,12500.0,100.0,2528000.0
862,2021-10-21 04:18:58,12500.0,20000.0,2527900.0
863,2021-10-21 04:18:58,12500.0,100.0,2507900.0
864,2021-10-21 04:18:58,12500.0,2900.0,2507800.0
865,2021-10-21 04:18:45,12500.0,100.0,2504900.0
866,2021-10-21 04:18:13,12500.0,900.0,2504800.0
867,2021-10-21 04:17:31,12500.0,1900.0,2503900.0
868,2021-10-21 04:17:31,12500.0,24200.0,2502000.0
869,2021-10-21 04:17:02,12500.0,15300.0,2477800.0
870,2021-10-21 04:16:25,12500.0,400.0,2462500.0
871,2021-10-21 04:16:23,12500.0,800.0,2462100.0
872,2021-10-21 04:15:35,12500.0,100.0,2461300.0
873,2021-10-21 04:15:23,12500.0,100.0,2461200.0
874,2021-10-21 04:15:23,12500.0,400.0,2461100.0
875,2021-10-21 04:15:23,12500.0,500.0,2460700.0
876,2021-10-21 04:15:18,12500.0,100.0,2460200.0
877,2021-10-21 04:15:15,12500.0,200.0,2460100.0
878,2021-10-21 04:15:15,12500.0,1800.0,2459900.0
879,2021-10-21 04:14:55,12500.0,1200.0,2458100.0
880,2021-10-21 04:14:55,12500.0,300.0,2456900.0
881,2021-10-21 04:14:55,12500.0,3200.0,2456600.0
882,2021-10-21 04:14:55,12500.0,400.0,2453400.0
883,2021-10-21 04:14:55,12500.0,400.0,2453000.0
884,2021-10-21 04:14:55,12500.0,6000.0,2452600.0
885,2021-10-21 04:14:53,12500.0,4000.0,2446600.0
886,2021-10-21 04:14:53,12500.0,500.0,2442600.0
887,2021-10-21 04:14:53,12500.0,1000.0,2442100.0
888,2021-10-21 04:14:53,12500.0,400.0,2441100.0
889,2021-10-21 04:14:53,12500.0,1000.0,2440700.0
890,2021-10-21 04:14:53,12500.0,8000.0,2439700.0
891,2021-10-21 04:14:53,12500.0,800.0,2431700.0
892,2021-10-21 04:14:53,12500.0,2000.0,2430900.0
893,2021-10-21 04:14:53,12500.0,1000.0,2428900.0
894,2021-10-21 04:14:53,12500.0,1000.0,2427900.0
895,2021-10-21 04:14:53,12500.0,300.0,2426900.0
896,2021-10-21 04:14:53,12500.0,1000.0,2426600.0
897,2021-10-21 04:14:53,12500.0,100.0,2425600.0
898,2021-10-21 04:14:53,12500.0,500.0,2425500.0
899,2021-10-21 04:14:53,12500.0,2000.0,2425000.0
900,2021-10-21 04:14:53,12500.0,5000.0,2423000.0
901,2021-10-21 04:14:53,12500.0,500.0,2418000.0
902,2021-10-21 04:14:53,12500.0,5000.0,2417500.0
903,2021-10-21 04:14:53,12500.0,2000.0,2412500.0
904,2021-10-21 04:14:53,12500.0,1000.0,2410500.0
905,2021-10-21 04:14:53,12500.0,1000.0,2409500.0
906,2021-10-21 04:14:53,12500.0,200.0,2408500.0
907,2021-10-21 04:14:53,12500.0,1700.0,2408300.0
908,2021-10-21 04:14:53,12500.0,1000.0,2406600.0
909,2021-10-21 04:14:53,12500.0,5000.0,2405600.0
910,2021-10-21 04:14:53,12500.0,200.0,2400600.0
911,2021-10-21 04:14:53,12500.0,1700.0,2400400.0
912,2021-10-21 04:14:53,12500.0,100.0,2398700.0
913,2021-10-21 04:14:53,12500.0,500.0,2398600.0
914,2021-10-21 04:14:53,12500.0,500.0,2398100.0
915,2021-10-21 04:14:53,12500.0,1000.0,2397600.0
916,2021-10-21 04:14:35,12500.0,1000.0,2396600.0
917,2021-10-21 04:14:31,12500.0,1000.0,2395600.0
918,2021-10-21 04:14:31,12500.0,200.0,2394600.0
919,2021-10-21 04:14:31,12500.0,500.0,2394400.0
920,2021-10-21 04:14:31,12500.0,700.0,2393900.0
921,2021-10-21 04:14:25,12500.0,9300.0,2393200.0
922,2021-10-21 04:14:25,12500.0,700.0,2383900.0
923,2021-10-21 04:14:19,12500.0,2000.0,2383200.0
924,2021-10-21 04:14:12,12500.0,2000.0,2381200.0
925,2021-10-21 04:13:54,12500.0,10000.0,2379200.0
926,2021-10-21 04:13:18,12500.0,100.0,2369200.0
927,2021-10-21 04:13:11,12500.0,100.0,2369100.0
928,2021-10-21 04:12:05,12500.0,500.0,2369000.0
929,2021-10-21 04:11:24,12500.0,100.0,2368500.0
930,2021-10-21 04:08:10,12550.0,200.0,2368400.0
931,2021-10-21 04:08:01,12550.0,1000.0,2368200.0
932,2021-10-21 04:07:43,12550.0,200.0,2367200.0
933,2021-10-21 04:07:43,12550.0,1300.0,2367000.0
934,2021-10-21 04:07:30,12550.0,3700.0,2365700.0
935,2021-10-21 04:07:28,12550.0,200.0,2362000.0
936,2021-10-21 04:07:10,12550.0,300.0,2361800.0
937,2021-10-21 04:06:51,12550.0,2000.0,2361500.0
938,2021-10-21 04:06:51,12550.0,500.0,2359500.0
939,2021-10-21 04:06:51,12550.0,1000.0,2359000.0
940,2021-10-21 04:06:51,12550.0,1000.0,2358000.0
941,2021-10-21 04:06:51,12550.0,1000.0,2357000.0
942,2021-10-21 04:06:51,12550.0,300.0,2356000.0
943,2021-10-21 04:06:27,12550.0,700.0,2355700.0
944,2021-10-21 04:06:27,12550.0,300.0,2355000.0
945,2021-10-21 04:06:23,12550.0,1600.0,2354700.0
946,2021-10-21 04:06:23,12550.0,600.0,2353100.0
947,2021-10-21 04:06:23,12550.0,3300.0,2352500.0
948,2021-10-21 04:06:16,12500.0,400.0,2349200.0
949,2021-10-21 04:06:05,12550.0,800.0,2348800.0
950,2021-10-21 04:06:00,12550.0,5900.0,2348000.0
951,2021-10-21 04:06:00,12550.0,100.0,2342100.0
952,2021-10-21 04:05:54,12550.0,400.0,2342000.0
953,2021-10-21 04:05:54,12550.0,600.0,2341600.0
954,2021-10-21 04:05:49,12550.0,1100.0,2341000.0
955,2021-10-21 04:05:35,12550.0,8300.0,2339900.0
956,2021-10-21 04:05:35,12550.0,600.0,2331600.0
957,2021-10-21 04:05:35,12550.0,6000.0,2331000.0
958,2021-10-21 04:05:35,12550.0,1000.0,2325000.0
959,2021-10-21 04:05:35,12550.0,100.0,2324000.0
960,2021-10-21 04:05:35,12550.0,3000.0,2323900.0
961,2021-10-21 04:05:35,12550.0,5000.0,2320900.0
962,2021-10-21 04:05:35,12550.0,1000.0,2315900.0
963,2021-10-21 04:05:17,12550.0,1000.0,2314900.0
964,2021-10-21 04:05:17,12550.0,100.0,2313900.0
965,2021-10-21 04:05:17,12550.0,700.0,2313800.0
966,2021-10-21 04:04:29,12550.0,800.0,2313100.0
967,2021-10-21 04:04:20,12550.0,200.0,2312300.0
968,2021-10-21 04:03:46,12550.0,3300.0,2312100.0
969,2021-10-21 04:03:46,12550.0,1000.0,2308800.0
970,2021-10-21 04:03:46,12550.0,1100.0,2307800.0
971,2021-10-21 04:03:10,12550.0,200.0,2306700.0
972,2021-10-21 04:01:58,12550.0,300.0,2306500.0
973,2021-10-21 04:01:25,12500.0,1300.0,2306200.0
974,2021-10-21 04:00:18,12500.0,800.0,2304900.0
975,2021-10-21 04:00:01,12500.0,500.0,2304100.0
976,2021-10-21 03:57:12,12500.0,400.0,2303600.0
977,2021-10-21 03:57:07,12500.0,400.0,2303200.0
978,2021-10-21 03:57:00,12500.0,1000.0,2302800.0
979,2021-10-21 03:56:03,12500.0,500.0,2301800.0
980,2021-10-21 03:54:04,12500.0,1500.0,2301300.0
981,2021-10-21 03:53:34,12500.0,3700.0,2299800.0
982,2021-10-21 03:53:34,12550.0,1300.0,2296100.0
983,2021-10-21 03:53:26,12550.0,1000.0,2294800.0
984,2021-10-21 03:53:26,12550.0,500.0,2293800.0
985,2021-10-21 03:53:23,12550.0,500.0,2293300.0
986,2021-10-21 03:53:08,12550.0,500.0,2292800.0
987,2021-10-21 03:52:23,12550.0,800.0,2292300.0
988,2021-10-21 03:52:23,12550.0,100.0,2291500.0
989,2021-10-21 03:52:23,12550.0,1000.0,2291400.0
990,2021-10-21 03:52:23,12550.0,1000.0,2290400.0
991,2021-10-21 03:52:23,12550.0,1800.0,2289400.0
992,2021-10-21 03:52:23,12550.0,1000.0,2287600.0
993,2021-10-21 03:52:23,12550.0,600.0,2286600.0
994,2021-10-21 03:52:23,12550.0,2200.0,2286000.0
995,2021-10-21 03:52:06,12550.0,600.0,2283800.0
996,2021-10-21 03:51:48,12550.0,400.0,2283200.0
997,2021-10-21 03:50:43,12550.0,1000.0,2282800.0
998,2021-10-21 03:50:43,12550.0,8800.0,2281800.0
999,2021-10-21 03:50:36,12550.0,100.0,2273000.0
1000,2021-10-21 03:50:36,12550.0,100.0,2272900.0
1001,2021-10-21 03:50:36,12550.0,9900.0,2272800.0
1002,2021-10-21 03:50:04,12550.0,100.0,2262900.0
1003,2021-10-21 03:49:32,12550.0,900.0,2262800.0
1004,2021-10-21 03:49:31,12550.0,1000.0,2261900.0
1005,2021-10-21 03:49:24,12550.0,100.0,2260900.0
1006,2021-10-21 03:49:24,12550.0,200.0,2260800.0
1007,2021-10-21 03:49:24,12550.0,300.0,2260600.0
1008,2021-10-21 03:49:24,12550.0,300.0,2260300.0
1009,2021-10-21 03:49:24,12550.0,4100.0,2260000.0
1010,2021-10-21 03:49:24,12550.0,100.0,2255900.0
1011,2021-10-21 03:49:20,12550.0,5800.0,2255800.0
1012,2021-10-21 03:49:20,12550.0,8600.0,2250000.0
1013,2021-10-21 03:49:20,12550.0,2000.0,2241400.0
1014,2021-10-21 03:49:20,12550.0,200.0,2239400.0
1015,2021-10-21 03:49:20,12550.0,300.0,2239200.0
1016,2021-10-21 03:49:20,12550.0,3100.0,2238900.0
1017,2021-10-21 03:49:14,12550.0,600.0,2235800.0
1018,2021-10-21 03:48:57,12550.0,3000.0,2235200.0
1019,2021-10-21 03:48:47,12550.0,5000.0,2232200.0
1020,2021-10-21 03:48:30,12550.0,8300.0,2227200.0
1021,2021-10-21 03:48:30,12550.0,300.0,2218900.0
1022,2021-10-21 03:48:30,12550.0,2000.0,2218600.0
1023,2021-10-21 03:48:30,12550.0,200.0,2216600.0
1024,2021-10-21 03:48:30,12550.0,100.0,2216400.0
1025,2021-10-21 03:48:30,12550.0,500.0,2216300.0
1026,2021-10-21 03:48:30,12550.0,100.0,2215800.0
1027,2021-10-21 03:48:30,12550.0,100.0,2215700.0
1028,2021-10-21 03:48:30,12550.0,13400.0,2215600.0
1029,2021-10-21 03:48:20,12550.0,200.0,2202200.0
1030,2021-10-21 03:48:03,12600.0,100.0,2202000.0
1031,2021-10-21 03:47:54,12600.0,3000.0,2201900.0
1032,2021-10-21 03:47:49,12600.0,1100.0,2198900.0
1033,2021-10-21 03:47:49,12600.0,1200.0,2197800.0
1034,2021-10-21 03:47:49,12600.0,600.0,2196600.0
1035,2021-10-21 03:47:10,12550.0,100.0,2196000.0
1036,2021-10-21 03:46:51,12550.0,100.0,2195900.0
1037,2021-10-21 03:46:43,12550.0,1000.0,2195800.0
1038,2021-10-21 03:46:39,12550.0,100.0,2194800.0
1039,2021-10-21 03:46:00,12550.0,1000.0,2194700.0
1040,2021-10-21 03:45:41,12600.0,3000.0,2193700.0
1041,2021-10-21 03:45:19,12550.0,3100.0,2190700.0
1042,2021-10-21 03:45:19,12550.0,500.0,2187600.0
1043,2021-10-21 03:45:19,12550.0,3300.0,2187100.0
1044,2021-10-21 03:45:16,12550.0,500.0,2183800.0
1045,2021-10-21 03:45:02,12600.0,100.0,2183300.0
1046,2021-10-21 03:44:09,12550.0,100.0,2183200.0
1047,2021-10-21 03:43:58,12550.0,5000.0,2183100.0
1048,2021-10-21 03:43:41,12550.0,300.0,2178100.0
1049,2021-10-21 03:43:32,12550.0,1000.0,2177800.0
1050,2021-10-21 03:43:25,12550.0,600.0,2176800.0
1051,2021-10-21 03:42:31,12550.0,2000.0,2176200.0
1052,2021-10-21 03:42:00,12600.0,800.0,2174200.0
1053,2021-10-21 03:42:00,12600.0,800.0,2173400.0
1054,2021-10-21 03:42:00,12600.0,500.0,2172600.0
1055,2021-10-21 03:42:00,12600.0,200.0,2172100.0
1056,2021-10-21 03:42:00,12600.0,1000.0,2171900.0
1057,2021-10-21 03:42:00,12600.0,6700.0,2170900.0
1058,2021-10-21 03:41:56,12550.0,200.0,2164200.0
1059,2021-10-21 03:41:56,12550.0,4900.0,2164000.0
1060,2021-10-21 03:41:56,12550.0,100.0,2159100.0
1061,2021-10-21 03:41:56,12550.0,200.0,2159000.0
1062,2021-10-21 03:41:56,12550.0,1000.0,2158800.0
1063,2021-10-21 03:41:56,12550.0,5000.0,2157800.0
1064,2021-10-21 03:41:56,12550.0,1000.0,2152800.0
1065,2021-10-21 03:41:56,12550.0,1000.0,2151800.0
1066,2021-10-21 03:41:56,12550.0,500.0,2150800.0
1067,2021-10-21 03:41:56,12550.0,300.0,2150300.0
1068,2021-10-21 03:41:56,12550.0,1000.0,2150000.0
1069,2021-10-21 03:41:56,12550.0,4800.0,2149000.0
1070,2021-10-21 03:41:11,12550.0,2000.0,2144200.0
1071,2021-10-21 03:40:07,12600.0,13300.0,2142200.0
1072,2021-10-21 03:40:07,12600.0,200.0,2128900.0
1073,2021-10-21 03:40:07,12600.0,1000.0,2128700.0
1074,2021-10-21 03:40:07,12600.0,500.0,2127700.0
1075,2021-10-21 03:38:09,12550.0,400.0,2127200.0
1076,2021-10-21 03:38:01,12600.0,100.0,2126800.0
1077,2021-10-21 03:38:01,12600.0,1000.0,2126700.0
1078,2021-10-21 03:38:01,12600.0,900.0,2125700.0
1079,2021-10-21 03:37:10,12600.0,300.0,2124800.0
1080,2021-10-21 03:36:23,12600.0,1800.0,2124500.0
1081,2021-10-21 03:36:23,12600.0,200.0,2122700.0
1082,2021-10-21 03:35:45,12600.0,1300.0,2122500.0
1083,2021-10-21 03:35:45,12600.0,100.0,2121200.0
1084,2021-10-21 03:35:45,12600.0,100.0,2121100.0
1085,2021-10-21 03:35:45,12600.0,100.0,2121000.0
1086,2021-10-21 03:35:45,12600.0,100.0,2120900.0
1087,2021-10-21 03:35:45,12600.0,200.0,2120800.0
1088,2021-10-21 03:35:45,12600.0,200.0,2120600.0
1089,2021-10-21 03:35:45,12600.0,4900.0,2120400.0
1090,2021-10-21 03:35:35,12550.0,1000.0,2115500.0
1091,2021-10-21 03:35:27,12600.0,200.0,2114500.0
1092,2021-10-21 03:35:27,12550.0,6800.0,2114300.0
1093,2021-10-21 03:35:27,12550.0,800.0,2107500.0
1094,2021-10-21 03:35:27,12550.0,500.0,2106700.0
1095,2021-10-21 03:35:27,12550.0,100.0,2106200.0
1096,2021-10-21 03:35:27,12550.0,1000.0,2106100.0
1097,2021-10-21 03:35:27,12550.0,100.0,2105100.0
1098,2021-10-21 03:35:27,12550.0,700.0,2105000.0
1099,2021-10-21 03:35:20,12600.0,700.0,2104300.0
1100,2021-10-21 03:35:16,12600.0,1000.0,2103600.0
1101,2021-10-21 03:35:08,12600.0,3200.0,2102600.0
1102,2021-10-21 03:35:08,12600.0,500.0,2099400.0
1103,2021-10-21 03:35:08,12600.0,300.0,2098900.0
1104,2021-10-21 03:35:08,12600.0,1400.0,2098600.0
1105,2021-10-21 03:35:08,12600.0,900.0,2097200.0
1106,2021-10-21 03:35:08,12600.0,2000.0,2096300.0
1107,2021-10-21 03:35:08,12600.0,1000.0,2094300.0
1108,2021-10-21 03:35:08,12600.0,300.0,2093300.0
1109,2021-10-21 03:35:08,12600.0,1000.0,2093000.0
1110,2021-10-21 03:35:08,12600.0,100.0,2092000.0
1111,2021-10-21 03:35:08,12600.0,300.0,2091900.0
1112,2021-10-21 03:35:08,12600.0,100.0,2091600.0
1113,2021-10-21 03:35:08,12600.0,500.0,2091500.0
1114,2021-10-21 03:35:08,12600.0,500.0,2091000.0
1115,2021-10-21 03:35:08,12600.0,200.0,2090500.0
1116,2021-10-21 03:35:08,12600.0,1400.0,2090300.0
1117,2021-10-21 03:35:08,12600.0,5000.0,2088900.0
1118,2021-10-21 03:35:08,12600.0,100.0,2083900.0
1119,2021-10-21 03:35:08,12600.0,1000.0,2083800.0
1120,2021-10-21 03:35:08,12600.0,6000.0,2082800.0
1121,2021-10-21 03:35:08,12600.0,100.0,2076800.0
1122,2021-10-21 03:35:08,12600.0,300.0,2076700.0
1123,2021-10-21 03:35:08,12600.0,1000.0,2076400.0
1124,2021-10-21 03:35:08,12600.0,1200.0,2075400.0
1125,2021-10-21 03:35:08,12600.0,800.0,2074200.0
1126,2021-10-21 03:35:08,12600.0,1000.0,2073400.0
1127,2021-10-21 03:35:08,12600.0,3000.0,2072400.0
1128,2021-10-21 03:35:08,12600.0,100.0,2069400.0
1129,2021-10-21 03:35:08,12600.0,200.0,2069300.0
1130,2021-10-21 03:35:08,12600.0,100.0,2069100.0
1131,2021-10-21 03:35:08,12600.0,600.0,2069000.0
1132,2021-10-21 03:35:08,12600.0,3000.0,2068400.0
1133,2021-10-21 03:35:08,12600.0,1000.0,2065400.0
1134,2021-10-21 03:35:08,12600.0,1300.0,2064400.0
1135,2021-10-21 03:35:08,12600.0,500.0,2063100.0
1136,2021-10-21 03:35:08,12600.0,100.0,2062600.0
1137,2021-10-21 03:35:08,12600.0,9200.0,2062500.0
1138,2021-10-21 03:35:08,12600.0,100.0,2053300.0
1139,2021-10-21 03:35:08,12600.0,1700.0,2053200.0
1140,2021-10-21 03:35:08,12600.0,400.0,2051500.0
1141,2021-10-21 03:35:08,12600.0,600.0,2051100.0
1142,2021-10-21 03:35:08,12600.0,1000.0,2050500.0
1143,2021-10-21 03:35:08,12600.0,2000.0,2049500.0
1144,2021-10-21 03:35:08,12600.0,100.0,2047500.0
1145,2021-10-21 03:35:08,12600.0,200.0,2047400.0
1146,2021-10-21 03:35:08,12600.0,100.0,2047200.0
1147,2021-10-21 03:35:08,12600.0,400.0,2047100.0
1148,2021-10-21 03:35:08,12600.0,1000.0,2046700.0
1149,2021-10-21 03:35:08,12600.0,200.0,2045700.0
1150,2021-10-21 03:35:08,12600.0,4000.0,2045500.0
1151,2021-10-21 03:35:08,12600.0,1000.0,2041500.0
1152,2021-10-21 03:35:08,12600.0,300.0,2040500.0
1153,2021-10-21 03:35:08,12600.0,500.0,2040200.0
1154,2021-10-21 03:35:08,12600.0,2000.0,2039700.0
1155,2021-10-21 03:35:08,12600.0,500.0,2037700.0
1156,2021-10-21 03:35:08,12600.0,100.0,2037200.0
1157,2021-10-21 03:35:08,12600.0,500.0,2037100.0
1158,2021-10-21 03:35:08,12600.0,1000.0,2036600.0
1159,2021-10-21 03:35:08,12600.0,200.0,2035600.0
1160,2021-10-21 03:35:08,12600.0,2000.0,2035400.0
1161,2021-10-21 03:35:08,12600.0,1000.0,2033400.0
1162,2021-10-21 03:35:08,12600.0,2000.0,2032400.0
1163,2021-10-21 03:35:08,12600.0,100.0,2030400.0
1164,2021-10-21 03:35:08,12600.0,100.0,2030300.0
1165,2021-10-21 03:35:08,12600.0,2000.0,2030200.0
1166,2021-10-21 03:35:08,12600.0,300.0,2028200.0
1167,2021-10-21 03:35:08,12600.0,300.0,2027900.0
1168,2021-10-21 03:35:08,12600.0,100.0,2027600.0
1169,2021-10-21 03:35:08,12600.0,700.0,2027500.0
1170,2021-10-21 03:35:08,12600.0,4200.0,2026800.0
1171,2021-10-21 03:34:50,12550.0,4300.0,2022600.0
1172,2021-10-21 03:34:50,12550.0,100.0,2018300.0
1173,2021-10-21 03:34:50,12550.0,3000.0,2018200.0
1174,2021-10-21 03:34:50,12550.0,500.0,2015200.0
1175,2021-10-21 03:34:50,12550.0,2100.0,2014700.0
1176,2021-10-21 03:34:17,12550.0,100.0,2012600.0
1177,2021-10-21 03:34:12,12600.0,4800.0,2012500.0
1178,2021-10-21 03:34:12,12600.0,100.0,2007700.0
1179,2021-10-21 03:34:12,12600.0,4000.0,2007600.0
1180,2021-10-21 03:34:12,12600.0,300.0,2003600.0
1181,2021-10-21 03:34:12,12600.0,5000.0,2003300.0
1182,2021-10-21 03:34:12,12600.0,500.0,1998300.0
1183,2021-10-21 03:34:12,12600.0,500.0,1997800.0
1184,2021-10-21 03:34:12,12600.0,100.0,1997300.0
1185,2021-10-21 03:34:12,12600.0,2700.0,1997200.0
1186,2021-10-21 03:33:59,12550.0,3000.0,1994500.0
1187,2021-10-21 03:33:20,12550.0,100.0,1991500.0
1188,2021-10-21 03:33:17,12600.0,300.0,1991400.0
1189,2021-10-21 03:33:17,12600.0,2000.0,1991100.0
1190,2021-10-21 03:33:17,12600.0,100.0,1989100.0
1191,2021-10-21 03:33:17,12600.0,600.0,1989000.0
1192,2021-10-21 03:32:54,12600.0,400.0,1988400.0
1193,2021-10-21 03:32:54,12600.0,100.0,1988000.0
1194,2021-10-21 03:32:54,12600.0,500.0,1987900.0
1195,2021-10-21 03:32:42,12600.0,1000.0,1987400.0
1196,2021-10-21 03:32:42,12600.0,1000.0,1986400.0
1197,2021-10-21 03:32:40,12550.0,2000.0,1985400.0
1198,2021-10-21 03:32:20,12550.0,1000.0,1983400.0
1199,2021-10-21 03:32:03,12550.0,5700.0,1982400.0
1200,2021-10-21 03:32:03,12550.0,3000.0,1976700.0
1201,2021-10-21 03:32:03,12550.0,1300.0,1973700.0
1202,2021-10-21 03:31:42,12550.0,1400.0,1972400.0
1203,2021-10-21 03:31:33,12550.0,200.0,1971000.0
1204,2021-10-21 03:31:17,12600.0,100.0,1970800.0
1205,2021-10-21 03:31:09,12600.0,200.0,1970700.0
1206,2021-10-21 03:30:55,12600.0,100.0,1970500.0
1207,2021-10-21 03:30:08,12550.0,300.0,1970400.0
1208,2021-10-21 03:30:08,12550.0,300.0,1970100.0
1209,2021-10-21 03:30:08,12550.0,400.0,1969800.0
1210,2021-10-21 03:29:58,12600.0,10000.0,1969400.0
1211,2021-10-21 03:29:58,12600.0,1000.0,1959400.0
1212,2021-10-21 03:29:58,12600.0,1000.0,1958400.0
1213,2021-10-21 03:29:53,12550.0,100.0,1957400.0
1214,2021-10-21 03:29:47,12600.0,400.0,1957300.0
1215,2021-10-21 03:29:36,12550.0,1000.0,1956900.0
1216,2021-10-21 03:29:13,12550.0,400.0,1955900.0
1217,2021-10-21 03:29:09,12550.0,100.0,1955500.0
1218,2021-10-21 03:28:30,12550.0,3000.0,1955400.0
1219,2021-10-21 03:28:08,12550.0,800.0,1952400.0
1220,2021-10-21 03:28:08,12550.0,300.0,1951600.0
1221,2021-10-21 03:28:08,12550.0,200.0,1951300.0
1222,2021-10-21 03:28:08,12550.0,400.0,1951100.0
1223,2021-10-21 03:27:56,12550.0,9600.0,1950700.0
1224,2021-10-21 03:27:56,12550.0,500.0,1941100.0
1225,2021-10-21 03:27:56,12550.0,500.0,1940600.0
1226,2021-10-21 03:27:56,12550.0,1400.0,1940100.0
1227,2021-10-21 03:27:15,12550.0,3600.0,1938700.0
1228,2021-10-21 03:27:15,12550.0,6000.0,1935100.0
1229,2021-10-21 03:27:15,12550.0,10000.0,1929100.0
1230,2021-10-21 03:27:15,12550.0,400.0,1919100.0
1231,2021-10-21 03:27:09,12550.0,300.0,1918700.0
1232,2021-10-21 03:27:08,12550.0,300.0,1918400.0
1233,2021-10-21 03:27:08,12550.0,200.0,1918100.0
1234,2021-10-21 03:27:07,12550.0,200.0,1917900.0
1235,2021-10-21 03:27:07,12550.0,300.0,1917700.0
1236,2021-10-21 03:27:07,12600.0,1200.0,1917400.0
1237,2021-10-21 03:26:43,12600.0,500.0,1916200.0
1238,2021-10-21 03:26:13,12550.0,1900.0,1915700.0
1239,2021-10-21 03:26:13,12550.0,1200.0,1913800.0
1240,2021-10-21 03:26:09,12550.0,5000.0,1912600.0
1241,2021-10-21 03:25:44,12550.0,500.0,1907600.0
1242,2021-10-21 03:25:39,12550.0,1000.0,1907100.0
1243,2021-10-21 03:25:18,12550.0,1000.0,1906100.0
1244,2021-10-21 03:25:16,12550.0,300.0,1905100.0
1245,2021-10-21 03:25:16,12550.0,700.0,1904800.0
1246,2021-10-21 03:25:14,12550.0,500.0,1904100.0
1247,2021-10-21 03:25:09,12550.0,10000.0,1903600.0
1248,2021-10-21 03:25:05,12550.0,100.0,1893600.0
1249,2021-10-21 03:24:32,12550.0,1000.0,1893500.0
1250,2021-10-21 03:24:32,12550.0,500.0,1892500.0
1251,2021-10-21 03:24:32,12550.0,200.0,1892000.0
1252,2021-10-21 03:24:32,12550.0,200.0,1891800.0
1253,2021-10-21 03:24:32,12550.0,2400.0,1891600.0
1254,2021-10-21 03:24:32,12550.0,2000.0,1889200.0
1255,2021-10-21 03:24:32,12550.0,100.0,1887200.0
1256,2021-10-21 03:24:32,12550.0,2000.0,1887100.0
1257,2021-10-21 03:24:32,12550.0,200.0,1885100.0
1258,2021-10-21 03:24:32,12550.0,300.0,1884900.0
1259,2021-10-21 03:24:32,12550.0,800.0,1884600.0
1260,2021-10-21 03:24:32,12550.0,1000.0,1883800.0
1261,2021-10-21 03:24:32,12550.0,100.0,1882800.0
1262,2021-10-21 03:24:32,12550.0,300.0,1882700.0
1263,2021-10-21 03:24:32,12550.0,1000.0,1882400.0
1264,2021-10-21 03:24:32,12550.0,100.0,1881400.0
1265,2021-10-21 03:24:32,12550.0,500.0,1881300.0
1266,2021-10-21 03:24:32,12550.0,200.0,1880800.0
1267,2021-10-21 03:24:32,12550.0,500.0,1880600.0
1268,2021-10-21 03:24:32,12550.0,200.0,1880100.0
1269,2021-10-21 03:24:32,12550.0,3900.0,1879900.0
1270,2021-10-21 03:24:27,12550.0,3000.0,1876000.0
1271,2021-10-21 03:24:27,12550.0,1600.0,1873000.0
1272,2021-10-21 03:24:27,12550.0,400.0,1871400.0
1273,2021-10-21 03:24:27,12550.0,100.0,1871000.0
1274,2021-10-21 03:24:27,12550.0,500.0,1870900.0
1275,2021-10-21 03:24:27,12550.0,300.0,1870400.0
1276,2021-10-21 03:24:27,12550.0,500.0,1870100.0
1277,2021-10-21 03:24:27,12550.0,500.0,1869600.0
1278,2021-10-21 03:24:27,12550.0,10000.0,1869100.0
1279,2021-10-21 03:24:27,12550.0,1100.0,1859100.0
1280,2021-10-21 03:23:55,12550.0,1900.0,1858000.0
1281,2021-10-21 03:23:55,12550.0,4300.0,1856100.0
1282,2021-10-21 03:23:55,12550.0,600.0,1851800.0
1283,2021-10-21 03:23:55,12550.0,500.0,1851200.0
1284,2021-10-21 03:23:55,12550.0,2000.0,1850700.0
1285,2021-10-21 03:23:55,12550.0,200.0,1848700.0
1286,2021-10-21 03:23:34,12500.0,1000.0,1848500.0
1287,2021-10-21 03:23:34,12500.0,100.0,1847500.0
1288,2021-10-21 03:23:34,12500.0,15000.0,1847400.0
1289,2021-10-21 03:23:34,12500.0,1000.0,1832400.0
1290,2021-10-21 03:23:34,12500.0,200.0,1831400.0
1291,2021-10-21 03:23:34,12500.0,10000.0,1831200.0
1292,2021-10-21 03:23:34,12500.0,1000.0,1821200.0
1293,2021-10-21 03:23:34,12500.0,900.0,1820200.0
1294,2021-10-21 03:23:34,12500.0,1000.0,1819300.0
1295,2021-10-21 03:23:34,12500.0,600.0,1818300.0
1296,2021-10-21 03:23:34,12500.0,1000.0,1817700.0
1297,2021-10-21 03:23:34,12500.0,2000.0,1816700.0
1298,2021-10-21 03:23:34,12500.0,100.0,1814700.0
1299,2021-10-21 03:23:34,12500.0,200.0,1814600.0
1300,2021-10-21 03:23:34,12500.0,400.0,1814400.0
1301,2021-10-21 03:23:34,12500.0,400.0,1814000.0
1302,2021-10-21 03:23:34,12500.0,400.0,1813600.0
1303,2021-10-21 03:23:34,12500.0,100.0,1813200.0
1304,2021-10-21 03:23:34,12500.0,500.0,1813100.0
1305,2021-10-21 03:23:34,12500.0,20000.0,1812600.0
1306,2021-10-21 03:23:34,12500.0,100.0,1792600.0
1307,2021-10-21 03:23:34,12500.0,1000.0,1792500.0
1308,2021-10-21 03:23:34,12500.0,1000.0,1791500.0
1309,2021-10-21 03:23:34,12500.0,200.0,1790500.0
1310,2021-10-21 03:23:34,12500.0,800.0,1790300.0
1311,2021-10-21 03:23:34,12500.0,100.0,1789500.0
1312,2021-10-21 03:23:34,12500.0,500.0,1789400.0
1313,2021-10-21 03:23:34,12500.0,2000.0,1788900.0
1314,2021-10-21 03:23:34,12500.0,300.0,1786900.0
1315,2021-10-21 03:23:34,12500.0,10000.0,1786600.0
1316,2021-10-21 03:23:34,12500.0,700.0,1776600.0
1317,2021-10-21 03:23:34,12500.0,1400.0,1775900.0
1318,2021-10-21 03:22:54,12500.0,600.0,1774500.0
1319,2021-10-21 03:22:54,12500.0,500.0,1773900.0
1320,2021-10-21 03:22:54,12500.0,500.0,1773400.0
1321,2021-10-21 03:22:54,12500.0,300.0,1772900.0
1322,2021-10-21 03:22:54,12500.0,100.0,1772600.0
1323,2021-10-21 03:22:54,12500.0,200.0,1772500.0
1324,2021-10-21 03:22:54,12500.0,100.0,1772300.0
1325,2021-10-21 03:22:54,12500.0,1000.0,1772200.0
1326,2021-10-21 03:22:54,12500.0,300.0,1771200.0
1327,2021-10-21 03:22:54,12500.0,1000.0,1770900.0
1328,2021-10-21 03:22:54,12500.0,100.0,1769900.0
1329,2021-10-21 03:22:54,12500.0,4000.0,1769800.0
1330,2021-10-21 03:22:54,12500.0,1000.0,1765800.0
1331,2021-10-21 03:22:54,12500.0,24200.0,1764800.0
1332,2021-10-21 03:22:08,12450.0,400.0,1740600.0
1333,2021-10-21 03:22:07,12450.0,800.0,1740200.0
1334,2021-10-21 03:22:07,12450.0,1000.0,1739400.0
1335,2021-10-21 03:22:07,12450.0,5200.0,1738400.0
1336,2021-10-21 03:21:28,12450.0,100.0,1733200.0
1337,2021-10-21 03:21:25,12450.0,4700.0,1733100.0
1338,2021-10-21 03:21:25,12450.0,8600.0,1728400.0
1339,2021-10-21 03:21:25,12450.0,1000.0,1719800.0
1340,2021-10-21 03:21:25,12450.0,4000.0,1718800.0
1341,2021-10-21 03:21:25,12450.0,1000.0,1714800.0
1342,2021-10-21 03:21:25,12450.0,700.0,1713800.0
1343,2021-10-21 03:20:58,12450.0,100.0,1713100.0
1344,2021-10-21 03:20:48,12450.0,100.0,1713000.0
1345,2021-10-21 03:20:29,12450.0,200.0,1712900.0
1346,2021-10-21 03:20:10,12450.0,1000.0,1712700.0
1347,2021-10-21 03:20:09,12450.0,400.0,1711700.0
1348,2021-10-21 03:20:09,12450.0,300.0,1711300.0
1349,2021-10-21 03:20:01,12450.0,1000.0,1711000.0
1350,2021-10-21 03:19:26,12450.0,700.0,1710000.0
1351,2021-10-21 03:19:26,12450.0,300.0,1709300.0
1352,2021-10-21 03:19:26,12450.0,1000.0,1709000.0
1353,2021-10-21 03:19:26,12450.0,300.0,1708000.0
1354,2021-10-21 03:19:26,12450.0,600.0,1707700.0
1355,2021-10-21 03:19:26,12450.0,4000.0,1707100.0
1356,2021-10-21 03:19:26,12450.0,1000.0,1703100.0
1357,2021-10-21 03:19:26,12450.0,100.0,1702100.0
1358,2021-10-21 03:19:26,12450.0,2800.0,1702000.0
1359,2021-10-21 03:19:22,12450.0,1000.0,1699200.0
1360,2021-10-21 03:19:19,12450.0,6200.0,1698200.0
1361,2021-10-21 03:19:19,12450.0,500.0,1692000.0
1362,2021-10-21 03:19:19,12450.0,100.0,1691500.0
1363,2021-10-21 03:19:19,12450.0,700.0,1691400.0
1364,2021-10-21 03:18:46,12450.0,100.0,1690700.0
1365,2021-10-21 03:18:01,12450.0,200.0,1690600.0
1366,2021-10-21 03:16:43,12450.0,200.0,1690400.0
1367,2021-10-21 03:16:36,12450.0,1800.0,1690200.0
1368,2021-10-21 03:16:36,12450.0,300.0,1688400.0
1369,2021-10-21 03:16:36,12450.0,1000.0,1688100.0
1370,2021-10-21 03:16:36,12450.0,100.0,1687100.0
1371,2021-10-21 03:16:36,12450.0,1300.0,1687000.0
1372,2021-10-21 03:16:36,12450.0,500.0,1685700.0
1373,2021-10-21 03:16:32,12450.0,1500.0,1685200.0
1374,2021-10-21 03:15:35,12450.0,1000.0,1683700.0
1375,2021-10-21 03:15:30,12450.0,200.0,1682700.0
1376,2021-10-21 03:15:28,12400.0,2000.0,1682500.0
1377,2021-10-21 03:15:22,12450.0,500.0,1680500.0
1378,2021-10-21 03:15:19,12450.0,500.0,1680000.0
1379,2021-10-21 03:14:56,12450.0,500.0,1679500.0
1380,2021-10-21 03:14:52,12450.0,1000.0,1679000.0
1381,2021-10-21 03:14:46,12450.0,200.0,1678000.0
1382,2021-10-21 03:14:42,12450.0,1300.0,1677800.0
1383,2021-10-21 03:14:34,12450.0,2000.0,1676500.0
1384,2021-10-21 03:14:10,12450.0,2300.0,1674500.0
1385,2021-10-21 03:14:09,12450.0,100.0,1672200.0
1386,2021-10-21 03:14:05,12450.0,4000.0,1672100.0
1387,2021-10-21 03:14:05,12450.0,100.0,1668100.0
1388,2021-10-21 03:14:05,12450.0,500.0,1668000.0
1389,2021-10-21 03:14:05,12450.0,200.0,1667500.0
1390,2021-10-21 03:14:05,12450.0,4300.0,1667300.0
1391,2021-10-21 03:14:05,12450.0,2500.0,1663000.0
1392,2021-10-21 03:13:53,12400.0,1000.0,1660500.0
1393,2021-10-21 03:13:31,12450.0,200.0,1659500.0
1394,2021-10-21 03:13:03,12450.0,300.0,1659300.0
1395,2021-10-21 03:13:01,12450.0,500.0,1659000.0
1396,2021-10-21 03:12:49,12450.0,200.0,1658500.0
1397,2021-10-21 03:12:49,12450.0,200.0,1658300.0
1398,2021-10-21 03:12:49,12450.0,100.0,1658100.0
1399,2021-10-21 03:12:48,12450.0,500.0,1658000.0
1400,2021-10-21 03:12:48,12450.0,400.0,1657500.0
1401,2021-10-21 03:12:36,12450.0,400.0,1657100.0
1402,2021-10-21 03:12:36,12450.0,900.0,1656700.0
1403,2021-10-21 03:12:33,12450.0,100.0,1655800.0
1404,2021-10-21 03:12:33,12450.0,300.0,1655700.0
1405,2021-10-21 03:12:29,12450.0,1500.0,1655400.0
1406,2021-10-21 03:12:29,12450.0,100.0,1653900.0
1407,2021-10-21 03:12:29,12450.0,100.0,1653800.0
1408,2021-10-21 03:12:29,12450.0,1300.0,1653700.0
1409,2021-10-21 03:12:29,12450.0,200.0,1652400.0
1410,2021-10-21 03:12:29,12450.0,6800.0,1652200.0
1411,2021-10-21 03:12:28,12450.0,14700.0,1645400.0
1412,2021-10-21 03:12:25,12450.0,1000.0,1630700.0
1413,2021-10-21 03:12:19,12450.0,1000.0,1629700.0
1414,2021-10-21 03:12:19,12450.0,5000.0,1628700.0
1415,2021-10-21 03:11:57,12450.0,500.0,1623700.0
1416,2021-10-21 03:11:44,12450.0,100.0,1623200.0
1417,2021-10-21 03:11:44,12450.0,2000.0,1623100.0
1418,2021-10-21 03:11:41,12450.0,300.0,1621100.0
1419,2021-10-21 03:11:40,12450.0,200.0,1620800.0
1420,2021-10-21 03:11:38,12450.0,900.0,1620600.0
1421,2021-10-21 03:11:37,12450.0,200.0,1619700.0
1422,2021-10-21 03:11:37,12450.0,5000.0,1619500.0
1423,2021-10-21 03:11:07,12450.0,1000.0,1614500.0
1424,2021-10-21 03:10:25,12450.0,1400.0,1613500.0
1425,2021-10-21 03:09:27,12450.0,1300.0,1612100.0
1426,2021-10-21 03:09:25,12450.0,200.0,1610800.0
1427,2021-10-21 03:08:35,12450.0,200.0,1610600.0
1428,2021-10-21 03:08:34,12450.0,1000.0,1610400.0
1429,2021-10-21 03:08:33,12450.0,3000.0,1609400.0
1430,2021-10-21 03:08:21,12450.0,2000.0,1606400.0
1431,2021-10-21 03:07:51,12450.0,300.0,1604400.0
1432,2021-10-21 03:07:28,12450.0,1900.0,1604100.0
1433,2021-10-21 03:07:28,12450.0,1000.0,1602200.0
1434,2021-10-21 03:07:28,12450.0,2100.0,1601200.0
1435,2021-10-21 03:07:26,12450.0,200.0,1599100.0
1436,2021-10-21 03:07:25,12450.0,500.0,1598900.0
1437,2021-10-21 03:07:15,12450.0,100.0,1598400.0
1438,2021-10-21 03:06:41,12450.0,100.0,1598300.0
1439,2021-10-21 03:06:41,12450.0,100.0,1598200.0
1440,2021-10-21 03:06:28,12450.0,1000.0,1598100.0
1441,2021-10-21 03:06:16,12450.0,8000.0,1597100.0
1442,2021-10-21 03:05:46,12450.0,3000.0,1589100.0
1443,2021-10-21 03:05:36,12500.0,700.0,1586100.0
1444,2021-10-21 03:05:36,12500.0,300.0,1585400.0
1445,2021-10-21 03:04:53,12500.0,100.0,1585100.0
1446,2021-10-21 03:04:48,12450.0,600.0,1585000.0
1447,2021-10-21 03:04:48,12450.0,1000.0,1584400.0
1448,2021-10-21 03:04:48,12450.0,200.0,1583400.0
1449,2021-10-21 03:04:48,12450.0,5000.0,1583200.0
1450,2021-10-21 03:04:48,12450.0,3200.0,1578200.0
1451,2021-10-21 03:04:40,12450.0,300.0,1575000.0
1452,2021-10-21 03:04:20,12500.0,100.0,1574700.0
1453,2021-10-21 03:04:20,12500.0,300.0,1574600.0
1454,2021-10-21 03:04:12,12500.0,200.0,1574300.0
1455,2021-10-21 03:04:12,12500.0,200.0,1574100.0
1456,2021-10-21 03:04:12,12500.0,600.0,1573900.0
1457,2021-10-21 03:03:44,12500.0,100.0,1573300.0
1458,2021-10-21 03:03:39,12500.0,500.0,1573200.0
1459,2021-10-21 03:03:09,12500.0,1000.0,1572700.0
1460,2021-10-21 03:02:54,12500.0,1800.0,1571700.0
1461,2021-10-21 03:02:54,12500.0,8200.0,1569900.0
1462,2021-10-21 03:02:52,12500.0,200.0,1561700.0
1463,2021-10-21 03:02:43,12500.0,1600.0,1561500.0
1464,2021-10-21 03:02:43,12500.0,500.0,1559900.0
1465,2021-10-21 03:02:43,12500.0,1000.0,1559400.0
1466,2021-10-21 03:02:43,12500.0,100.0,1558400.0
1467,2021-10-21 03:02:43,12500.0,5000.0,1558300.0
1468,2021-10-21 03:02:43,12500.0,1800.0,1553300.0
1469,2021-10-21 03:02:39,12450.0,700.0,1551500.0
1470,2021-10-21 03:02:34,12500.0,100.0,1550800.0
1471,2021-10-21 03:01:40,12500.0,3100.0,1550700.0
1472,2021-10-21 03:01:40,12500.0,400.0,1547600.0
1473,2021-10-21 03:01:40,12500.0,1000.0,1547200.0
1474,2021-10-21 03:01:40,12500.0,400.0,1546200.0
1475,2021-10-21 03:01:40,12500.0,2200.0,1545800.0
1476,2021-10-21 03:01:40,12500.0,800.0,1543600.0
1477,2021-10-21 03:01:40,12500.0,2100.0,1542800.0
1478,2021-10-21 03:01:38,12450.0,500.0,1540700.0
1479,2021-10-21 03:01:06,12450.0,500.0,1540200.0
1480,2021-10-21 03:00:57,12450.0,200.0,1539700.0
1481,2021-10-21 03:00:57,12450.0,1000.0,1539500.0
1482,2021-10-21 03:00:57,12450.0,14800.0,1538500.0
1483,2021-10-21 03:00:52,12450.0,500.0,1523700.0
1484,2021-10-21 03:00:03,12450.0,1000.0,1523200.0
1485,2021-10-21 02:59:37,12450.0,3700.0,1522200.0
1486,2021-10-21 02:59:37,12450.0,200.0,1518500.0
1487,2021-10-21 02:59:37,12450.0,6100.0,1518300.0
1488,2021-10-21 02:58:54,12450.0,100.0,1512200.0
1489,2021-10-21 02:58:54,12450.0,1300.0,1512100.0
1490,2021-10-21 02:58:54,12450.0,2000.0,1510800.0
1491,2021-10-21 02:58:54,12450.0,500.0,1508800.0
1492,2021-10-21 02:58:51,12450.0,1000.0,1508300.0
1493,2021-10-21 02:58:51,12450.0,200.0,1507300.0
1494,2021-10-21 02:58:51,12450.0,100.0,1507100.0
1495,2021-10-21 02:58:51,12450.0,700.0,1507000.0
1496,2021-10-21 02:58:47,12450.0,2300.0,1506300.0
1497,2021-10-21 02:58:47,12450.0,1200.0,1504000.0
1498,2021-10-21 02:58:33,12450.0,100.0,1502800.0
1499,2021-10-21 02:58:22,12450.0,1700.0,1502700.0
1500,2021-10-21 02:58:22,12450.0,300.0,1501000.0
1501,2021-10-21 02:58:22,12450.0,200.0,1500700.0
1502,2021-10-21 02:58:22,12450.0,500.0,1500500.0
1503,2021-10-21 02:58:22,12450.0,2000.0,1500000.0
1504,2021-10-21 02:58:22,12450.0,500.0,1498000.0
1505,2021-10-21 02:58:22,12450.0,4000.0,1497500.0
1506,2021-10-21 02:58:22,12450.0,500.0,1493500.0
1507,2021-10-21 02:58:22,12450.0,300.0,1493000.0
1508,2021-10-21 02:58:13,12450.0,500.0,1492700.0
1509,2021-10-21 02:58:11,12450.0,200.0,1492200.0
1510,2021-10-21 02:58:03,12450.0,2000.0,1492000.0
1511,2021-10-21 02:58:03,12450.0,1000.0,1490000.0
1512,2021-10-21 02:58:03,12450.0,3000.0,1489000.0
1513,2021-10-21 02:58:03,12450.0,100.0,1486000.0
1514,2021-10-21 02:58:03,12450.0,2000.0,1485900.0
1515,2021-10-21 02:58:03,12450.0,1900.0,1483900.0
1516,2021-10-21 02:57:56,12450.0,200.0,1482000.0
1517,2021-10-21 02:57:41,12450.0,2900.0,1481800.0
1518,2021-10-21 02:57:41,12450.0,1500.0,1478900.0
1519,2021-10-21 02:57:41,12450.0,100.0,1477400.0
1520,2021-10-21 02:57:41,12450.0,200.0,1477300.0
1521,2021-10-21 02:57:41,12450.0,300.0,1477100.0
1522,2021-10-21 02:57:36,12450.0,800.0,1476800.0
1523,2021-10-21 02:57:27,12450.0,100.0,1476000.0
1524,2021-10-21 02:57:18,12450.0,3800.0,1475900.0
1525,2021-10-21 02:57:18,12450.0,600.0,1472100.0
1526,2021-10-21 02:56:31,12450.0,200.0,1471500.0
1527,2021-10-21 02:56:22,12450.0,200.0,1471300.0
1528,2021-10-21 02:56:22,12450.0,1000.0,1471100.0
1529,2021-10-21 02:56:22,12450.0,800.0,1470100.0
1530,2021-10-21 02:55:45,12450.0,200.0,1469300.0
1531,2021-10-21 02:55:45,12450.0,100.0,1469100.0
1532,2021-10-21 02:55:45,12450.0,200.0,1469000.0
1533,2021-10-21 02:55:45,12450.0,500.0,1468800.0
1534,2021-10-21 02:55:33,12450.0,500.0,1468300.0
1535,2021-10-21 02:54:37,12500.0,200.0,1467800.0
1536,2021-10-21 02:54:36,12500.0,400.0,1467600.0
1537,2021-10-21 02:54:36,12500.0,600.0,1467200.0
1538,2021-10-21 02:54:29,12500.0,400.0,1466600.0
1539,2021-10-21 02:54:29,12500.0,300.0,1466200.0
1540,2021-10-21 02:54:23,12500.0,100.0,1465900.0
1541,2021-10-21 02:54:01,12500.0,600.0,1465800.0
1542,2021-10-21 02:54:01,12500.0,400.0,1465200.0
1543,2021-10-21 02:53:34,12500.0,100.0,1464800.0
1544,2021-10-21 02:52:57,12450.0,400.0,1464700.0
1545,2021-10-21 02:52:57,12450.0,400.0,1464300.0
1546,2021-10-21 02:52:27,12450.0,1500.0,1463900.0
1547,2021-10-21 02:52:27,12450.0,100.0,1462400.0
1548,2021-10-21 02:52:27,12450.0,400.0,1462300.0
1549,2021-10-21 02:52:27,12450.0,200.0,1461900.0
1550,2021-10-21 02:52:27,12450.0,2800.0,1461700.0
1551,2021-10-21 02:52:26,12450.0,200.0,1458900.0
1552,2021-10-21 02:52:26,12450.0,300.0,1458700.0
1553,2021-10-21 02:52:11,12450.0,700.0,1458400.0
1554,2021-10-21 02:52:11,12450.0,1100.0,1457700.0
1555,2021-10-21 02:52:09,12450.0,500.0,1456600.0
1556,2021-10-21 02:51:29,12450.0,3400.0,1456100.0
1557,2021-10-21 02:51:29,12450.0,900.0,1452700.0
1558,2021-10-21 02:51:05,12500.0,1200.0,1451800.0
1559,2021-10-21 02:50:19,12500.0,100.0,1450600.0
1560,2021-10-21 02:50:00,12450.0,700.0,1450500.0
1561,2021-10-21 02:50:00,12450.0,300.0,1449800.0
1562,2021-10-21 02:48:19,12500.0,100.0,1449500.0
1563,2021-10-21 02:48:15,12450.0,100.0,1449400.0
1564,2021-10-21 02:48:10,12450.0,600.0,1449300.0
1565,2021-10-21 02:48:10,12450.0,200.0,1448700.0
1566,2021-10-21 02:47:48,12450.0,800.0,1448500.0
1567,2021-10-21 02:47:48,12450.0,4200.0,1447700.0
1568,2021-10-21 02:47:43,12450.0,500.0,1443500.0
1569,2021-10-21 02:46:57,12450.0,2800.0,1443000.0
1570,2021-10-21 02:46:55,12450.0,1200.0,1440200.0
1571,2021-10-21 02:46:55,12450.0,1000.0,1439000.0
1572,2021-10-21 02:46:42,12450.0,15000.0,1438000.0
1573,2021-10-21 02:46:42,12450.0,100.0,1423000.0
1574,2021-10-21 02:46:42,12450.0,14900.0,1422900.0
1575,2021-10-21 02:46:31,12450.0,100.0,1408000.0
1576,2021-10-21 02:46:13,12450.0,300.0,1407900.0
1577,2021-10-21 02:46:13,12450.0,200.0,1407600.0
1578,2021-10-21 02:46:00,12450.0,1000.0,1407400.0
1579,2021-10-21 02:46:00,12450.0,1000.0,1406400.0
1580,2021-10-21 02:46:00,12450.0,1200.0,1405400.0
1581,2021-10-21 02:46:00,12450.0,600.0,1404200.0
1582,2021-10-21 02:46:00,12450.0,100.0,1403600.0
1583,2021-10-21 02:46:00,12450.0,500.0,1403500.0
1584,2021-10-21 02:46:00,12450.0,100.0,1403000.0
1585,2021-10-21 02:46:00,12450.0,1000.0,1402900.0
1586,2021-10-21 02:46:00,12450.0,2000.0,1401900.0
1587,2021-10-21 02:46:00,12450.0,3000.0,1399900.0
1588,2021-10-21 02:46:00,12450.0,500.0,1396900.0
1589,2021-10-21 02:46:00,12450.0,100.0,1396400.0
1590,2021-10-21 02:46:00,12450.0,2000.0,1396300.0
1591,2021-10-21 02:46:00,12450.0,200.0,1394300.0
1592,2021-10-21 02:46:00,12450.0,1200.0,1394100.0
1593,2021-10-21 02:46:00,12500.0,3300.0,1392900.0
1594,2021-10-21 02:46:00,12500.0,200.0,1389600.0
1595,2021-10-21 02:46:00,12500.0,1200.0,1389400.0
1596,2021-10-21 02:46:00,12500.0,300.0,1388200.0
1597,2021-10-21 02:45:51,12500.0,200.0,1387900.0
1598,2021-10-21 02:45:51,12500.0,3000.0,1387700.0
1599,2021-10-21 02:45:51,12500.0,5900.0,1384700.0
1600,2021-10-21 02:45:51,12500.0,400.0,1378800.0
1601,2021-10-21 02:45:51,12500.0,20000.0,1378400.0
1602,2021-10-21 02:45:51,12500.0,1000.0,1358400.0
1603,2021-10-21 02:45:29,12450.0,500.0,1357400.0
1604,2021-10-21 02:45:28,12450.0,300.0,1356900.0
1605,2021-10-21 02:45:28,12450.0,700.0,1356600.0
1606,2021-10-21 02:45:20,12450.0,500.0,1355900.0
1607,2021-10-21 02:45:18,12450.0,800.0,1355400.0
1608,2021-10-21 02:45:18,12450.0,500.0,1354600.0
1609,2021-10-21 02:45:18,12450.0,700.0,1354100.0
1610,2021-10-21 02:45:01,12450.0,700.0,1353400.0
1611,2021-10-21 02:44:50,12450.0,300.0,1352700.0
1612,2021-10-21 02:44:50,12500.0,1700.0,1352400.0
1613,2021-10-21 02:44:40,12450.0,1000.0,1350700.0
1614,2021-10-21 02:44:35,12450.0,200.0,1349700.0
1615,2021-10-21 02:44:30,12450.0,100.0,1349500.0
1616,2021-10-21 02:44:29,12450.0,1000.0,1349400.0
1617,2021-10-21 02:44:27,12450.0,2200.0,1348400.0
1618,2021-10-21 02:44:26,12450.0,2000.0,1346200.0
1619,2021-10-21 02:44:11,12450.0,1000.0,1344200.0
1620,2021-10-21 02:44:08,12450.0,800.0,1343200.0
1621,2021-10-21 02:44:08,12450.0,1200.0,1342400.0
1622,2021-10-21 02:43:59,12450.0,6800.0,1341200.0
1623,2021-10-21 02:43:59,12450.0,1000.0,1334400.0
1624,2021-10-21 02:43:59,12450.0,300.0,1333400.0
1625,2021-10-21 02:43:25,12500.0,1300.0,1333100.0
1626,2021-10-21 02:43:25,12500.0,4200.0,1331800.0
1627,2021-10-21 02:43:20,12500.0,100.0,1327600.0
1628,2021-10-21 02:42:55,12500.0,1000.0,1327500.0
1629,2021-10-21 02:42:55,12500.0,300.0,1326500.0
1630,2021-10-21 02:42:55,12500.0,400.0,1326200.0
1631,2021-10-21 02:42:48,12500.0,1000.0,1325800.0
1632,2021-10-21 02:42:45,12500.0,600.0,1324800.0
1633,2021-10-21 02:42:45,12500.0,500.0,1324200.0
1634,2021-10-21 02:42:45,12500.0,100.0,1323700.0
1635,2021-10-21 02:42:45,12500.0,800.0,1323600.0
1636,2021-10-21 02:42:40,12500.0,500.0,1322800.0
1637,2021-10-21 02:42:29,12500.0,700.0,1322300.0
1638,2021-10-21 02:42:29,12500.0,100.0,1321600.0
1639,2021-10-21 02:42:29,12500.0,500.0,1321500.0
1640,2021-10-21 02:42:29,12500.0,500.0,1321000.0
1641,2021-10-21 02:42:29,12500.0,2000.0,1320500.0
1642,2021-10-21 02:42:29,12500.0,100.0,1318500.0
1643,2021-10-21 02:42:29,12500.0,100.0,1318400.0
1644,2021-10-21 02:42:29,12500.0,500.0,1318300.0
1645,2021-10-21 02:42:29,12500.0,1200.0,1317800.0
1646,2021-10-21 02:42:29,12500.0,3500.0,1316600.0
1647,2021-10-21 02:42:29,12500.0,3000.0,1313100.0
1648,2021-10-21 02:42:29,12500.0,5000.0,1310100.0
1649,2021-10-21 02:42:29,12500.0,1800.0,1305100.0
1650,2021-10-21 02:42:21,12500.0,5000.0,1303300.0
1651,2021-10-21 02:41:59,12500.0,300.0,1298300.0
1652,2021-10-21 02:41:58,12500.0,7900.0,1298000.0
1653,2021-10-21 02:41:58,12500.0,500.0,1290100.0
1654,2021-10-21 02:41:58,12500.0,1000.0,1289600.0
1655,2021-10-21 02:41:58,12500.0,600.0,1288600.0
1656,2021-10-21 02:41:54,12500.0,1400.0,1288000.0
1657,2021-10-21 02:41:54,12500.0,500.0,1286600.0
1658,2021-10-21 02:41:54,12500.0,100.0,1286100.0
1659,2021-10-21 02:41:22,12500.0,200.0,1286000.0
1660,2021-10-21 02:41:20,12500.0,1600.0,1285800.0
1661,2021-10-21 02:41:14,12550.0,1900.0,1284200.0
1662,2021-10-21 02:41:14,12550.0,2000.0,1282300.0
1663,2021-10-21 02:41:14,12550.0,3400.0,1280300.0
1664,2021-10-21 02:41:14,12550.0,1000.0,1276900.0
1665,2021-10-21 02:41:08,12500.0,100.0,1275900.0
1666,2021-10-21 02:41:08,12500.0,900.0,1275800.0
1667,2021-10-21 02:40:55,12500.0,2000.0,1274900.0
1668,2021-10-21 02:40:46,12500.0,100.0,1272900.0
1669,2021-10-21 02:40:46,12500.0,100.0,1272800.0
1670,2021-10-21 02:40:46,12500.0,2000.0,1272700.0
1671,2021-10-21 02:40:46,12500.0,1000.0,1270700.0
1672,2021-10-21 02:40:46,12500.0,100.0,1269700.0
1673,2021-10-21 02:40:46,12500.0,4500.0,1269600.0
1674,2021-10-21 02:40:46,12500.0,1000.0,1265100.0
1675,2021-10-21 02:40:45,12500.0,500.0,1264100.0
1676,2021-10-21 02:40:28,12500.0,14000.0,1263600.0
1677,2021-10-21 02:40:28,12500.0,100.0,1249600.0
1678,2021-10-21 02:40:28,12500.0,2000.0,1249500.0
1679,2021-10-21 02:40:28,12500.0,500.0,1247500.0
1680,2021-10-21 02:40:28,12500.0,200.0,1247000.0
1681,2021-10-21 02:40:28,12500.0,200.0,1246800.0
1682,2021-10-21 02:40:28,12500.0,100.0,1246600.0
1683,2021-10-21 02:40:28,12500.0,200.0,1246500.0
1684,2021-10-21 02:40:28,12500.0,500.0,1246300.0
1685,2021-10-21 02:40:28,12500.0,500.0,1245800.0
1686,2021-10-21 02:40:28,12500.0,2000.0,1245300.0
1687,2021-10-21 02:40:28,12500.0,1000.0,1243300.0
1688,2021-10-21 02:40:28,12500.0,200.0,1242300.0
1689,2021-10-21 02:40:28,12500.0,1800.0,1242100.0
1690,2021-10-21 02:40:27,12550.0,500.0,1240300.0
1691,2021-10-21 02:40:27,12550.0,100.0,1239800.0
1692,2021-10-21 02:40:27,12550.0,1000.0,1239700.0
1693,2021-10-21 02:40:27,12550.0,100.0,1238700.0
1694,2021-10-21 02:40:27,12550.0,500.0,1238600.0
1695,2021-10-21 02:40:22,12550.0,3000.0,1238100.0
1696,2021-10-21 02:40:22,12550.0,100.0,1235100.0
1697,2021-10-21 02:40:22,12550.0,100.0,1235000.0
1698,2021-10-21 02:40:22,12550.0,800.0,1234900.0
1699,2021-10-21 02:40:20,12550.0,1200.0,1234100.0
1700,2021-10-21 02:40:20,12550.0,10700.0,1232900.0
1701,2021-10-21 02:40:18,12550.0,100.0,1222200.0
1702,2021-10-21 02:40:18,12550.0,1000.0,1222100.0
1703,2021-10-21 02:40:16,12550.0,500.0,1221100.0
1704,2021-10-21 02:40:07,12550.0,7700.0,1220600.0
1705,2021-10-21 02:40:07,12550.0,500.0,1212900.0
1706,2021-10-21 02:40:07,12550.0,500.0,1212400.0
1707,2021-10-21 02:40:07,12550.0,1300.0,1211900.0
1708,2021-10-21 02:39:55,12550.0,800.0,1210600.0
1709,2021-10-21 02:39:47,12550.0,800.0,1209800.0
1710,2021-10-21 02:39:44,12550.0,3000.0,1209000.0
1711,2021-10-21 02:38:32,12600.0,1000.0,1206000.0
1712,2021-10-21 02:38:14,12550.0,100.0,1205000.0
1713,2021-10-21 02:38:14,12550.0,400.0,1204900.0
1714,2021-10-21 02:38:09,12550.0,1600.0,1204500.0
1715,2021-10-21 02:38:09,12550.0,500.0,1202900.0
1716,2021-10-21 02:38:09,12550.0,500.0,1202400.0
1717,2021-10-21 02:38:09,12550.0,2400.0,1201900.0
1718,2021-10-21 02:37:56,12550.0,600.0,1199500.0
1719,2021-10-21 02:37:44,12550.0,1000.0,1198900.0
1720,2021-10-21 02:37:39,12550.0,100.0,1197900.0
1721,2021-10-21 02:37:37,12550.0,2000.0,1197800.0
1722,2021-10-21 02:37:27,12550.0,300.0,1195800.0
1723,2021-10-21 02:37:19,12550.0,10000.0,1195500.0
1724,2021-10-21 02:37:14,12550.0,3600.0,1185500.0
1725,2021-10-21 02:37:14,12550.0,400.0,1181900.0
1726,2021-10-21 02:37:07,12550.0,100.0,1181500.0
1727,2021-10-21 02:36:34,12550.0,2000.0,1181400.0
1728,2021-10-21 02:36:29,12600.0,2000.0,1179400.0
1729,2021-10-21 02:36:27,12550.0,25000.0,1177400.0
1730,2021-10-21 02:36:07,12550.0,10000.0,1152400.0
1731,2021-10-21 02:36:05,12600.0,1700.0,1142400.0
1732,2021-10-21 02:36:05,12600.0,1300.0,1140700.0
1733,2021-10-21 02:36:04,12550.0,300.0,1139400.0
1734,2021-10-21 02:36:00,12600.0,1700.0,1139100.0
1735,2021-10-21 02:36:00,12600.0,500.0,1137400.0
1736,2021-10-21 02:36:00,12600.0,2000.0,1136900.0
1737,2021-10-21 02:36:00,12600.0,300.0,1134900.0
1738,2021-10-21 02:36:00,12600.0,500.0,1134600.0
1739,2021-10-21 02:35:50,12550.0,2000.0,1134100.0
1740,2021-10-21 02:35:49,12550.0,300.0,1132100.0
1741,2021-10-21 02:35:43,12550.0,1100.0,1131800.0
1742,2021-10-21 02:35:40,12550.0,4000.0,1130700.0
1743,2021-10-21 02:35:40,12550.0,500.0,1126700.0
1744,2021-10-21 02:35:35,12550.0,200.0,1126200.0
1745,2021-10-21 02:35:33,12550.0,2600.0,1126000.0
1746,2021-10-21 02:35:33,12550.0,500.0,1123400.0
1747,2021-10-21 02:35:30,12550.0,6000.0,1122900.0
1748,2021-10-21 02:35:30,12550.0,3000.0,1116900.0
1749,2021-10-21 02:35:30,12550.0,3000.0,1113900.0
1750,2021-10-21 02:35:30,12550.0,500.0,1110900.0
1751,2021-10-21 02:35:30,12550.0,200.0,1110400.0
1752,2021-10-21 02:35:30,12550.0,3800.0,1110200.0
1753,2021-10-21 02:35:29,12550.0,3200.0,1106400.0
1754,2021-10-21 02:35:29,12550.0,1000.0,1103200.0
1755,2021-10-21 02:35:29,12550.0,100.0,1102200.0
1756,2021-10-21 02:35:29,12550.0,500.0,1102100.0
1757,2021-10-21 02:35:29,12550.0,100.0,1101600.0
1758,2021-10-21 02:35:29,12550.0,100.0,1101500.0
1759,2021-10-21 02:35:28,12550.0,400.0,1101400.0
1760,2021-10-21 02:35:28,12550.0,3400.0,1101000.0
1761,2021-10-21 02:35:13,12550.0,5000.0,1097600.0
1762,2021-10-21 02:35:10,12550.0,10000.0,1092600.0
1763,2021-10-21 02:35:08,12500.0,300.0,1082600.0
1764,2021-10-21 02:35:04,12500.0,1800.0,1082300.0
1765,2021-10-21 02:35:04,12500.0,200.0,1080500.0
1766,2021-10-21 02:35:04,12500.0,2000.0,1080300.0
1767,2021-10-21 02:35:04,12500.0,4000.0,1078300.0
1768,2021-10-21 02:35:04,12500.0,100.0,1074300.0
1769,2021-10-21 02:34:59,12550.0,1600.0,1074200.0
1770,2021-10-21 02:34:59,12550.0,5000.0,1072600.0
1771,2021-10-21 02:34:59,12550.0,200.0,1067600.0
1772,2021-10-21 02:34:59,12550.0,200.0,1067400.0
1773,2021-10-21 02:34:55,12550.0,1300.0,1067200.0
1774,2021-10-21 02:34:55,12550.0,700.0,1065900.0
1775,2021-10-21 02:34:53,12550.0,700.0,1065200.0
1776,2021-10-21 02:34:53,12550.0,1000.0,1064500.0
1777,2021-10-21 02:34:53,12550.0,1000.0,1063500.0
1778,2021-10-21 02:34:53,12550.0,500.0,1062500.0
1779,2021-10-21 02:34:53,12550.0,1000.0,1062000.0
1780,2021-10-21 02:34:53,12550.0,200.0,1061000.0
1781,2021-10-21 02:34:43,12550.0,100.0,1060800.0
1782,2021-10-21 02:34:43,12550.0,3000.0,1060700.0
1783,2021-10-21 02:34:43,12550.0,1000.0,1057700.0
1784,2021-10-21 02:34:43,12550.0,900.0,1056700.0
1785,2021-10-21 02:34:37,12550.0,400.0,1055800.0
1786,2021-10-21 02:34:37,12550.0,100.0,1055400.0
1787,2021-10-21 02:34:34,12550.0,4900.0,1055300.0
1788,2021-10-21 02:34:34,12550.0,6300.0,1050400.0
1789,2021-10-21 02:34:28,12550.0,3700.0,1044100.0
1790,2021-10-21 02:34:28,12550.0,200.0,1040400.0
1791,2021-10-21 02:34:28,12550.0,100.0,1040200.0
1792,2021-10-21 02:34:23,12500.0,500.0,1040100.0
1793,2021-10-21 02:34:23,12500.0,1000.0,1039600.0
1794,2021-10-21 02:34:07,12550.0,500.0,1038600.0
1795,2021-10-21 02:34:07,12500.0,500.0,1038100.0
1796,2021-10-21 02:34:07,12500.0,100.0,1037600.0
1797,2021-10-21 02:34:07,12500.0,200.0,1037500.0
1798,2021-10-21 02:33:59,12550.0,1000.0,1037300.0
1799,2021-10-21 02:33:42,12550.0,500.0,1036300.0
1800,2021-10-21 02:33:34,12550.0,100.0,1035800.0
1801,2021-10-21 02:33:30,12550.0,200.0,1035700.0
1802,2021-10-21 02:33:30,12550.0,100.0,1035500.0
1803,2021-10-21 02:33:21,12550.0,1900.0,1035400.0
1804,2021-10-21 02:33:21,12550.0,100.0,1033500.0
1805,2021-10-21 02:33:21,12550.0,900.0,1033400.0
1806,2021-10-21 02:33:21,12550.0,100.0,1032500.0
1807,2021-10-21 02:33:21,12500.0,2000.0,1032400.0
1808,2021-10-21 02:33:07,12550.0,400.0,1030400.0
1809,2021-10-21 02:33:07,12550.0,800.0,1030000.0
1810,2021-10-21 02:33:07,12550.0,100.0,1029200.0
1811,2021-10-21 02:33:07,12550.0,600.0,1029100.0
1812,2021-10-21 02:33:07,12550.0,100.0,1028500.0
1813,2021-10-21 02:33:03,12550.0,200.0,1028400.0
1814,2021-10-21 02:32:58,12550.0,700.0,1028200.0
1815,2021-10-21 02:32:58,12550.0,1300.0,1027500.0
1816,2021-10-21 02:32:41,12550.0,100.0,1026200.0
1817,2021-10-21 02:32:30,12550.0,1600.0,1026100.0
1818,2021-10-21 02:32:30,12550.0,200.0,1024500.0
1819,2021-10-21 02:32:30,12500.0,800.0,1024300.0
1820,2021-10-21 02:32:30,12500.0,1200.0,1023500.0
1821,2021-10-21 02:32:29,12550.0,500.0,1022300.0
1822,2021-10-21 02:32:27,12550.0,200.0,1021800.0
1823,2021-10-21 02:32:24,12550.0,300.0,1021600.0
1824,2021-10-21 02:32:20,12550.0,10000.0,1021300.0
1825,2021-10-21 02:32:18,12500.0,3100.0,1011300.0
1826,2021-10-21 02:32:17,12550.0,3000.0,1008200.0
1827,2021-10-21 02:31:59,12550.0,1000.0,1005200.0
1828,2021-10-21 02:31:47,12500.0,100.0,1004200.0
1829,2021-10-21 02:31:45,12500.0,1500.0,1004100.0
1830,2021-10-21 02:31:35,12500.0,100.0,1002600.0
1831,2021-10-21 02:31:30,12550.0,500.0,1002500.0
1832,2021-10-21 02:31:23,12500.0,300.0,1002000.0
1833,2021-10-21 02:31:17,12500.0,500.0,1001700.0
1834,2021-10-21 02:31:15,12550.0,3600.0,1001200.0
1835,2021-10-21 02:31:00,12500.0,2500.0,997600.0
1836,2021-10-21 02:30:49,12500.0,600.0,995100.0
1837,2021-10-21 02:30:39,12500.0,100.0,994500.0
1838,2021-10-21 02:30:39,12500.0,100.0,994400.0
1839,2021-10-21 02:30:39,12500.0,800.0,994300.0
1840,2021-10-21 02:30:36,12500.0,100.0,993500.0
1841,2021-10-21 02:30:36,12500.0,400.0,993400.0
1842,2021-10-21 02:30:24,12500.0,500.0,993000.0
1843,2021-10-21 02:30:17,12500.0,100.0,992500.0
1844,2021-10-21 02:30:17,12500.0,100.0,992400.0
1845,2021-10-21 02:30:11,12500.0,1000.0,992300.0
1846,2021-10-21 02:30:10,12550.0,700.0,991300.0
1847,2021-10-21 02:30:10,12550.0,200.0,990600.0
1848,2021-10-21 02:30:10,12550.0,500.0,990400.0
1849,2021-10-21 02:30:10,12550.0,1600.0,989900.0
1850,2021-10-21 02:30:02,12550.0,1300.0,988300.0
1851,2021-10-21 02:30:00,12550.0,200.0,987000.0
1852,2021-10-21 02:29:59,12550.0,1000.0,986800.0
1853,2021-10-21 02:29:59,12550.0,3000.0,985800.0
1854,2021-10-21 02:29:56,12500.0,3600.0,982800.0
1855,2021-10-21 02:29:41,12550.0,500.0,979200.0
1856,2021-10-21 02:29:39,12550.0,2000.0,978700.0
1857,2021-10-21 02:29:39,12550.0,200.0,976700.0
1858,2021-10-21 02:29:39,12550.0,200.0,976500.0
1859,2021-10-21 02:29:37,12550.0,500.0,976300.0
1860,2021-10-21 02:29:33,12550.0,100.0,975800.0
1861,2021-10-21 02:29:33,12550.0,9900.0,975700.0
1862,2021-10-21 02:29:33,12600.0,500.0,965800.0
1863,2021-10-21 02:29:28,12550.0,10100.0,965300.0
1864,2021-10-21 02:29:28,12550.0,100.0,955200.0
1865,2021-10-21 02:29:28,12550.0,800.0,955100.0
1866,2021-10-21 02:29:28,12550.0,200.0,954300.0
1867,2021-10-21 02:29:28,12550.0,3400.0,954100.0
1868,2021-10-21 02:29:23,12550.0,5000.0,950700.0
1869,2021-10-21 02:29:13,12550.0,1000.0,945700.0
1870,2021-10-21 02:29:12,12550.0,1000.0,944700.0
1871,2021-10-21 02:29:10,12550.0,3600.0,943700.0
1872,2021-10-21 02:29:10,12550.0,100.0,940100.0
1873,2021-10-21 02:29:10,12550.0,4000.0,940000.0
1874,2021-10-21 02:29:10,12550.0,200.0,936000.0
1875,2021-10-21 02:29:10,12550.0,2000.0,935800.0
1876,2021-10-21 02:29:10,12550.0,1000.0,933800.0
1877,2021-10-21 02:29:09,12600.0,100.0,932800.0
1878,2021-10-21 02:29:05,12600.0,100.0,932700.0
1879,2021-10-21 02:29:02,12550.0,500.0,932600.0
1880,2021-10-21 02:28:44,12600.0,1000.0,932100.0
1881,2021-10-21 02:28:38,12600.0,500.0,931100.0
1882,2021-10-21 02:28:34,12550.0,200.0,930600.0
1883,2021-10-21 02:28:25,12600.0,3200.0,930400.0
1884,2021-10-21 02:28:25,12600.0,100.0,927200.0
1885,2021-10-21 02:28:25,12600.0,100.0,927100.0
1886,2021-10-21 02:28:25,12600.0,5000.0,927000.0
1887,2021-10-21 02:28:25,12600.0,500.0,922000.0
1888,2021-10-21 02:28:25,12600.0,5300.0,921500.0
1889,2021-10-21 02:28:24,12600.0,600.0,916200.0
1890,2021-10-21 02:28:22,12600.0,1000.0,915600.0
1891,2021-10-21 02:28:22,12600.0,4000.0,914600.0
1892,2021-10-21 02:28:20,12600.0,5000.0,910600.0
1893,2021-10-21 02:28:20,12600.0,300.0,905600.0
1894,2021-10-21 02:28:16,12600.0,3800.0,905300.0
1895,2021-10-21 02:28:16,12600.0,1900.0,901500.0
1896,2021-10-21 02:28:15,12600.0,800.0,899600.0
1897,2021-10-21 02:28:14,12600.0,1700.0,898800.0
1898,2021-10-21 02:28:13,12600.0,600.0,897100.0
1899,2021-10-21 02:28:13,12600.0,200.0,896500.0
1900,2021-10-21 02:28:13,12600.0,200.0,896300.0
1901,2021-10-21 02:28:11,12650.0,300.0,896100.0
1902,2021-10-21 02:28:11,12650.0,300.0,895800.0
1903,2021-10-21 02:28:11,12650.0,900.0,895500.0
1904,2021-10-21 02:28:11,12600.0,3000.0,894600.0
1905,2021-10-21 02:28:11,12600.0,3000.0,891600.0
1906,2021-10-21 02:28:11,12600.0,1000.0,888600.0
1907,2021-10-21 02:28:09,12600.0,100.0,887600.0
1908,2021-10-21 02:28:03,12600.0,1000.0,887500.0
1909,2021-10-21 02:28:01,12600.0,100.0,886500.0
1910,2021-10-21 02:28:01,12600.0,500.0,886400.0
1911,2021-10-21 02:27:58,12600.0,5000.0,885900.0
1912,2021-10-21 02:27:58,12600.0,500.0,880900.0
1913,2021-10-21 02:27:58,12600.0,3000.0,880400.0
1914,2021-10-21 02:27:58,12600.0,1500.0,877400.0
1915,2021-10-21 02:27:50,12600.0,200.0,875900.0
1916,2021-10-21 02:27:50,12600.0,1000.0,875700.0
1917,2021-10-21 02:27:50,12600.0,2800.0,874700.0
1918,2021-10-21 02:27:44,12600.0,600.0,871900.0
1919,2021-10-21 02:27:36,12650.0,600.0,871300.0
1920,2021-10-21 02:27:33,12650.0,700.0,870700.0
1921,2021-10-21 02:27:29,12600.0,200.0,870000.0
1922,2021-10-21 02:27:28,12650.0,1000.0,869800.0
1923,2021-10-21 02:27:26,12650.0,300.0,868800.0
1924,2021-10-21 02:27:25,12650.0,1500.0,868500.0
1925,2021-10-21 02:27:25,12650.0,600.0,867000.0
1926,2021-10-21 02:27:19,12650.0,1400.0,866400.0
1927,2021-10-21 02:27:19,12650.0,600.0,865000.0
1928,2021-10-21 02:27:10,12650.0,500.0,864400.0
1929,2021-10-21 02:27:07,12650.0,200.0,863900.0
1930,2021-10-21 02:27:07,12650.0,700.0,863700.0
1931,2021-10-21 02:27:07,12700.0,700.0,863000.0
1932,2021-10-21 02:27:06,12650.0,300.0,862300.0
1933,2021-10-21 02:27:06,12650.0,600.0,862000.0
1934,2021-10-21 02:27:06,12650.0,100.0,861400.0
1935,2021-10-21 02:26:59,12700.0,200.0,861300.0
1936,2021-10-21 02:26:53,12700.0,100.0,861100.0
1937,2021-10-21 02:26:51,12700.0,300.0,861000.0
1938,2021-10-21 02:26:43,12700.0,3000.0,860700.0
1939,2021-10-21 02:26:43,12700.0,1000.0,857700.0
1940,2021-10-21 02:26:43,12650.0,1900.0,856700.0
1941,2021-10-21 02:26:43,12650.0,100.0,854800.0
1942,2021-10-21 02:26:40,12700.0,3000.0,854700.0
1943,2021-10-21 02:26:39,12650.0,3900.0,851700.0
1944,2021-10-21 02:26:39,12650.0,1300.0,847800.0
1945,2021-10-21 02:26:39,12650.0,500.0,846500.0
1946,2021-10-21 02:26:39,12650.0,10000.0,846000.0
1947,2021-10-21 02:26:39,12650.0,800.0,836000.0
1948,2021-10-21 02:26:39,12650.0,500.0,835200.0
1949,2021-10-21 02:26:39,12650.0,1000.0,834700.0
1950,2021-10-21 02:26:39,12650.0,1000.0,833700.0
1951,2021-10-21 02:26:39,12650.0,1000.0,832700.0
1952,2021-10-21 02:26:37,12650.0,100.0,831700.0
1953,2021-10-21 02:26:34,12700.0,200.0,831600.0
1954,2021-10-21 02:26:28,12700.0,400.0,831400.0
1955,2021-10-21 02:26:28,12700.0,500.0,831000.0
1956,2021-10-21 02:26:28,12700.0,100.0,830500.0
1957,2021-10-21 02:26:28,12700.0,400.0,830400.0
1958,2021-10-21 02:26:28,12700.0,100.0,830000.0
1959,2021-10-21 02:26:28,12650.0,400.0,829900.0
1960,2021-10-21 02:26:27,12650.0,500.0,829500.0
1961,2021-10-21 02:26:27,12650.0,1000.0,829000.0
1962,2021-10-21 02:26:17,12650.0,100.0,828000.0
1963,2021-10-21 02:26:16,12700.0,100.0,827900.0
1964,2021-10-21 02:26:16,12700.0,100.0,827800.0
1965,2021-10-21 02:26:15,12700.0,100.0,827700.0
1966,2021-10-21 02:26:15,12650.0,200.0,827600.0
1967,2021-10-21 02:26:10,12700.0,100.0,827400.0
1968,2021-10-21 02:26:10,12700.0,2900.0,827300.0
1969,2021-10-21 02:26:08,12650.0,300.0,824400.0
1970,2021-10-21 02:26:08,12650.0,700.0,824100.0
1971,2021-10-21 02:25:52,12700.0,300.0,823400.0
1972,2021-10-21 02:25:51,12650.0,100.0,823100.0
1973,2021-10-21 02:25:43,12700.0,4800.0,823000.0
1974,2021-10-21 02:25:43,12700.0,200.0,818200.0
1975,2021-10-21 02:25:43,12700.0,5000.0,818000.0
1976,2021-10-21 02:25:42,12650.0,700.0,813000.0
1977,2021-10-21 02:25:42,12700.0,5000.0,812300.0
1978,2021-10-21 02:25:40,12700.0,500.0,807300.0
1979,2021-10-21 02:25:38,12700.0,2000.0,806800.0
1980,2021-10-21 02:25:32,12700.0,7500.0,804800.0
1981,2021-10-21 02:25:32,12700.0,700.0,797300.0
1982,2021-10-21 02:25:32,12700.0,100.0,796600.0
1983,2021-10-21 02:25:32,12700.0,300.0,796500.0
1984,2021-10-21 02:25:32,12700.0,200.0,796200.0
1985,2021-10-21 02:25:32,12700.0,600.0,796000.0
1986,2021-10-21 02:25:32,12700.0,600.0,795400.0
1987,2021-10-21 02:25:32,12700.0,1300.0,794800.0
1988,2021-10-21 02:25:29,12650.0,500.0,793500.0
1989,2021-10-21 02:25:27,12700.0,2000.0,793000.0
1990,2021-10-21 02:25:16,12700.0,100.0,791000.0
1991,2021-10-21 02:24:59,12650.0,1000.0,790900.0
1992,2021-10-21 02:24:51,12700.0,1000.0,789900.0
1993,2021-10-21 02:24:51,12650.0,2000.0,788900.0
1994,2021-10-21 02:24:51,12650.0,500.0,786900.0
1995,2021-10-21 02:24:49,12650.0,1000.0,786400.0
1996,2021-10-21 02:24:49,12650.0,1000.0,785400.0
1997,2021-10-21 02:24:49,12650.0,500.0,784400.0
1998,2021-10-21 02:24:49,12650.0,1400.0,783900.0
1999,2021-10-21 02:24:49,12650.0,500.0,782500.0
2000,2021-10-21 02:24:49,12650.0,100.0,782000.0
2001,2021-10-21 02:24:49,12650.0,500.0,781900.0
2002,2021-10-21 02:24:45,12650.0,200.0,781400.0
2003,2021-10-21 02:24:45,12650.0,800.0,781200.0
2004,2021-10-21 02:24:44,12600.0,1400.0,780400.0
2005,2021-10-21 02:24:44,12600.0,800.0,779000.0
2006,2021-10-21 02:24:44,12600.0,2800.0,778200.0
2007,2021-10-21 02:24:43,12650.0,800.0,775400.0
2008,2021-10-21 02:24:43,12650.0,100.0,774600.0
2009,2021-10-21 02:24:43,12650.0,500.0,774500.0
2010,2021-10-21 02:24:43,12650.0,200.0,774000.0
2011,2021-10-21 02:24:43,12650.0,500.0,773800.0
2012,2021-10-21 02:24:43,12650.0,500.0,773300.0
2013,2021-10-21 02:24:43,12650.0,300.0,772800.0
2014,2021-10-21 02:24:43,12650.0,1000.0,772500.0
2015,2021-10-21 02:24:43,12650.0,1000.0,771500.0
2016,2021-10-21 02:24:43,12650.0,1000.0,770500.0
2017,2021-10-21 02:24:43,12650.0,100.0,769500.0
2018,2021-10-21 02:24:43,12650.0,2000.0,769400.0
2019,2021-10-21 02:24:40,12650.0,1000.0,767400.0
2020,2021-10-21 02:24:39,12650.0,200.0,766400.0
2021,2021-10-21 02:24:38,12650.0,600.0,766200.0
2022,2021-10-21 02:24:37,12650.0,3000.0,765600.0
2023,2021-10-21 02:24:37,12650.0,3200.0,762600.0
2024,2021-10-21 02:24:37,12650.0,1000.0,759400.0
2025,2021-10-21 02:24:37,12650.0,1200.0,758400.0
2026,2021-10-21 02:24:37,12650.0,3300.0,757200.0
2027,2021-10-21 02:24:37,12650.0,1000.0,753900.0
2028,2021-10-21 02:24:37,12650.0,300.0,752900.0
2029,2021-10-21 02:24:36,12650.0,1000.0,752600.0
2030,2021-10-21 02:24:31,12650.0,700.0,751600.0
2031,2021-10-21 02:24:26,12650.0,1000.0,750900.0
2032,2021-10-21 02:24:26,12650.0,100.0,749900.0
2033,2021-10-21 02:24:26,12650.0,1800.0,749800.0
2034,2021-10-21 02:24:26,12650.0,300.0,748000.0
2035,2021-10-21 02:24:26,12650.0,1800.0,747700.0
2036,2021-10-21 02:24:21,12650.0,200.0,745900.0
2037,2021-10-21 02:24:21,12650.0,100.0,745700.0
2038,2021-10-21 02:24:21,12650.0,100.0,745600.0
2039,2021-10-21 02:24:21,12650.0,300.0,745500.0
2040,2021-10-21 02:24:17,12650.0,100.0,745200.0
2041,2021-10-21 02:24:15,12600.0,200.0,745100.0
2042,2021-10-21 02:24:15,12600.0,300.0,744900.0
2043,2021-10-21 02:24:12,12650.0,300.0,744600.0
2044,2021-10-21 02:24:09,12600.0,500.0,744300.0
2045,2021-10-21 02:24:08,12650.0,100.0,743800.0
2046,2021-10-21 02:24:05,12650.0,1000.0,743700.0
2047,2021-10-21 02:23:59,12600.0,1000.0,742700.0
