,Time,Price,Volume_per_trade,Volume
0,2021-10-13 07:45:00,30500.0,100.0,323200.0
1,2021-10-13 07:07:58,30500.0,100.0,323100.0
2,2021-10-13 06:46:36,30500.0,100.0,323000.0
3,2021-10-13 06:34:46,30500.0,100.0,322900.0
4,2021-10-13 06:11:13,30500.0,600.0,322800.0
5,2021-10-13 06:11:13,30500.0,400.0,322200.0
6,2021-10-13 06:00:20,30500.0,400.0,321800.0
7,2021-10-13 06:00:09,30500.0,900.0,321400.0
8,2021-10-13 04:15:40,30500.0,300.0,320500.0
9,2021-10-13 04:15:40,30500.0,200.0,320200.0
10,2021-10-13 04:15:40,30500.0,200.0,320000.0
11,2021-10-13 04:10:10,30500.0,100.0,319800.0
12,2021-10-13 03:31:42,30500.0,100.0,319700.0
13,2021-10-13 03:28:42,30500.0,100.0,319600.0
14,2021-10-13 03:25:34,30500.0,200.0,319500.0
15,2021-10-13 03:25:34,30500.0,1600.0,319300.0
16,2021-10-13 03:25:34,30500.0,200.0,317700.0
17,2021-10-13 03:19:15,30500.0,100.0,317500.0
18,2021-10-13 03:03:04,30500.0,300.0,317400.0
19,2021-10-13 03:02:58,30500.0,400.0,317100.0
20,2021-10-13 03:02:58,30500.0,100.0,316700.0
21,2021-10-13 03:02:58,30500.0,200.0,316600.0
22,2021-10-13 03:02:58,30500.0,800.0,316400.0
23,2021-10-13 03:02:58,30500.0,100.0,315600.0
24,2021-10-13 03:02:58,30500.0,100.0,315500.0
25,2021-10-13 03:02:28,30500.0,100.0,315400.0
26,2021-10-13 03:02:18,30500.0,100.0,315300.0
27,2021-10-13 03:02:18,30500.0,100.0,315200.0
28,2021-10-13 03:02:18,30500.0,9800.0,315100.0
29,2021-10-13 02:56:17,30500.0,300.0,305300.0
30,2021-10-13 02:56:17,30500.0,100.0,305000.0
31,2021-10-13 02:56:17,30500.0,100.0,304900.0
32,2021-10-13 02:54:24,30500.0,100.0,304800.0
33,2021-10-13 02:50:01,30500.0,100.0,304700.0
34,2021-10-13 02:50:01,30500.0,1300.0,304600.0
35,2021-10-13 02:49:34,30500.0,100.0,303300.0
36,2021-10-13 02:45:46,30500.0,100.0,303200.0
37,2021-10-13 02:44:03,30500.0,300.0,303100.0
38,2021-10-13 02:44:03,30500.0,100.0,302800.0
39,2021-10-13 02:44:03,30500.0,400.0,302700.0
40,2021-10-13 02:44:03,30500.0,200.0,302300.0
41,2021-10-13 02:40:25,30500.0,400.0,302100.0
42,2021-10-13 02:40:25,30500.0,500.0,301700.0
43,2021-10-13 02:40:25,30500.0,100.0,301200.0
44,2021-10-13 02:39:19,30500.0,100.0,301100.0
45,2021-10-13 02:38:56,30500.0,500.0,301000.0
46,2021-10-13 02:38:56,30500.0,100.0,300500.0
47,2021-10-13 02:38:56,30500.0,500.0,300400.0
48,2021-10-13 02:38:56,30500.0,100.0,299900.0
49,2021-10-13 02:38:56,30500.0,900.0,299800.0
50,2021-10-13 02:38:56,30500.0,2000.0,298900.0
51,2021-10-13 02:38:56,30500.0,300.0,296900.0
52,2021-10-13 02:38:56,30500.0,1000.0,296600.0
53,2021-10-13 02:38:56,30500.0,200.0,295600.0
54,2021-10-13 02:37:37,30500.0,100.0,295400.0
55,2021-10-13 02:37:37,30500.0,500.0,295300.0
56,2021-10-13 02:37:21,30500.0,200.0,294800.0
57,2021-10-13 02:37:17,30500.0,1000.0,294600.0
58,2021-10-13 02:37:14,30500.0,200.0,293600.0
59,2021-10-13 02:37:14,30500.0,800.0,293400.0
60,2021-10-13 02:37:13,30500.0,1400.0,292600.0
61,2021-10-13 02:37:12,30500.0,300.0,291200.0
62,2021-10-13 02:37:09,30500.0,800.0,290900.0
63,2021-10-13 02:36:51,30500.0,100.0,290100.0
64,2021-10-13 02:36:50,30500.0,1000.0,290000.0
65,2021-10-13 02:36:46,30500.0,200.0,289000.0
66,2021-10-13 02:36:42,30500.0,300.0,288800.0
67,2021-10-13 02:36:42,30500.0,1000.0,288500.0
68,2021-10-13 02:36:38,30500.0,1000.0,287500.0
69,2021-10-13 02:36:36,30500.0,100.0,286500.0
70,2021-10-13 02:36:33,30500.0,2600.0,286400.0
71,2021-10-13 02:36:23,30500.0,200.0,283800.0
72,2021-10-13 02:36:20,30500.0,2000.0,283600.0
73,2021-10-13 02:36:16,30500.0,3300.0,281600.0
74,2021-10-13 02:36:15,30500.0,300.0,278300.0
75,2021-10-13 02:36:15,30500.0,400.0,278000.0
76,2021-10-13 02:36:07,30500.0,100.0,277600.0
77,2021-10-13 02:35:58,30500.0,100.0,277500.0
78,2021-10-13 02:35:58,30500.0,900.0,277400.0
79,2021-10-13 02:35:58,30500.0,100.0,276500.0
80,2021-10-13 02:35:58,30500.0,1000.0,276400.0
81,2021-10-13 02:35:58,30500.0,1500.0,275400.0
82,2021-10-13 02:35:58,30500.0,300.0,273900.0
83,2021-10-13 02:35:58,30500.0,1000.0,273600.0
84,2021-10-13 02:35:58,30500.0,1800.0,272600.0
85,2021-10-13 02:35:58,30500.0,100.0,270800.0
86,2021-10-13 02:35:58,30500.0,200.0,270700.0
87,2021-10-13 02:35:58,30500.0,600.0,270500.0
88,2021-10-13 02:35:58,30500.0,500.0,269900.0
89,2021-10-13 02:35:58,30500.0,100.0,269400.0
90,2021-10-13 02:35:58,30500.0,100.0,269300.0
91,2021-10-13 02:35:58,30500.0,1000.0,269200.0
92,2021-10-13 02:35:58,30500.0,4300.0,268200.0
93,2021-10-13 02:35:58,30500.0,200.0,263900.0
94,2021-10-13 02:35:58,30500.0,100.0,263700.0
95,2021-10-13 02:35:58,30500.0,100.0,263600.0
96,2021-10-13 02:35:58,30500.0,3000.0,263500.0
97,2021-10-13 02:35:58,30500.0,200.0,260500.0
98,2021-10-13 02:35:58,30500.0,6800.0,260300.0
99,2021-10-13 02:35:58,30500.0,1000.0,253500.0
100,2021-10-13 02:35:58,30500.0,3000.0,252500.0
101,2021-10-13 02:35:58,30500.0,1000.0,249500.0
102,2021-10-13 02:35:58,30500.0,3300.0,248500.0
103,2021-10-13 02:35:58,30500.0,300.0,245200.0
104,2021-10-13 02:35:58,30500.0,100.0,244900.0
105,2021-10-13 02:35:58,30500.0,4700.0,244800.0
106,2021-10-13 02:35:58,30500.0,500.0,240100.0
107,2021-10-13 02:35:58,30500.0,800.0,239600.0
108,2021-10-13 02:35:58,30500.0,400.0,238800.0
109,2021-10-13 02:35:58,30500.0,1000.0,238400.0
110,2021-10-13 02:35:58,30500.0,200.0,237400.0
111,2021-10-13 02:35:58,30500.0,600.0,237200.0
112,2021-10-13 02:35:58,30500.0,300.0,236600.0
113,2021-10-13 02:35:58,30500.0,1200.0,236300.0
114,2021-10-13 02:35:58,30500.0,300.0,235100.0
115,2021-10-13 02:35:58,30500.0,200.0,234800.0
116,2021-10-13 02:35:58,30500.0,100.0,234600.0
117,2021-10-13 02:35:58,30500.0,1100.0,234500.0
118,2021-10-13 02:35:15,30500.0,1200.0,233400.0
119,2021-10-13 02:34:48,30500.0,1600.0,232200.0
120,2021-10-13 02:34:32,30500.0,600.0,230600.0
121,2021-10-13 02:33:53,30500.0,100.0,230000.0
122,2021-10-13 02:33:40,30500.0,100.0,229900.0
123,2021-10-13 02:33:40,30500.0,300.0,229800.0
124,2021-10-13 02:33:36,30500.0,100.0,229500.0
125,2021-10-13 02:33:36,30500.0,600.0,229400.0
126,2021-10-13 02:33:34,30500.0,100.0,228800.0
127,2021-10-13 02:33:32,30500.0,100.0,228700.0
128,2021-10-13 02:33:32,30500.0,100.0,228600.0
129,2021-10-13 02:33:32,30500.0,19100.0,228500.0
130,2021-10-13 02:33:30,30500.0,300.0,209400.0
131,2021-10-13 02:33:10,30500.0,400.0,209100.0
132,2021-10-13 02:33:09,30500.0,200.0,208700.0
133,2021-10-13 02:33:09,30500.0,300.0,208500.0
134,2021-10-13 02:33:07,30500.0,500.0,208200.0
135,2021-10-13 02:33:03,30500.0,300.0,207700.0
136,2021-10-13 02:33:03,30500.0,100.0,207400.0
137,2021-10-13 02:33:03,30500.0,100.0,207300.0
138,2021-10-13 02:33:03,30500.0,700.0,207200.0
139,2021-10-13 02:32:43,30500.0,100.0,206500.0
140,2021-10-13 02:32:43,30500.0,200.0,206400.0
141,2021-10-13 02:32:42,30500.0,800.0,206200.0
142,2021-10-13 02:32:42,30500.0,100.0,205400.0
143,2021-10-13 02:32:42,30500.0,100.0,205300.0
144,2021-10-13 02:32:42,30500.0,100.0,205200.0
145,2021-10-13 02:32:42,30500.0,100.0,205100.0
146,2021-10-13 02:32:42,30500.0,800.0,205000.0
147,2021-10-13 02:32:38,30500.0,200.0,204200.0
148,2021-10-13 02:32:38,30500.0,100.0,204000.0
149,2021-10-13 02:32:38,30500.0,200.0,203900.0
150,2021-10-13 02:32:35,30500.0,100.0,203700.0
151,2021-10-13 02:32:32,30500.0,3700.0,203600.0
152,2021-10-13 02:32:32,30500.0,1500.0,199900.0
153,2021-10-13 02:32:32,30500.0,100.0,198400.0
154,2021-10-13 02:32:32,30500.0,1500.0,198300.0
155,2021-10-13 02:32:32,30500.0,7000.0,196800.0
156,2021-10-13 02:32:32,30500.0,10000.0,189800.0
157,2021-10-13 02:32:32,30500.0,200.0,179800.0
158,2021-10-13 02:32:32,30500.0,600.0,179600.0
159,2021-10-13 02:32:32,30500.0,100.0,179000.0
160,2021-10-13 02:32:32,30500.0,100.0,178900.0
161,2021-10-13 02:32:32,30500.0,300.0,178800.0
162,2021-10-13 02:32:32,30500.0,1000.0,178500.0
163,2021-10-13 02:32:32,30500.0,500.0,177500.0
164,2021-10-13 02:32:32,30500.0,10000.0,177000.0
165,2021-10-13 02:32:32,30500.0,2100.0,167000.0
166,2021-10-13 02:32:32,30500.0,1500.0,164900.0
167,2021-10-13 02:32:32,30500.0,100.0,163400.0
168,2021-10-13 02:32:32,30500.0,100.0,163300.0
169,2021-10-13 02:32:32,30500.0,200.0,163200.0
170,2021-10-13 02:32:32,30500.0,3000.0,163000.0
171,2021-10-13 02:32:32,30500.0,400.0,160000.0
172,2021-10-13 02:32:32,30500.0,300.0,159600.0
173,2021-10-13 02:32:32,30500.0,5700.0,159300.0
174,2021-10-13 02:32:20,30450.0,200.0,153600.0
175,2021-10-13 02:32:16,30450.0,700.0,153400.0
176,2021-10-13 02:32:16,30450.0,1000.0,152700.0
177,2021-10-13 02:32:16,30450.0,300.0,151700.0
178,2021-10-13 02:32:14,30450.0,100.0,151400.0
179,2021-10-13 02:32:04,30450.0,3000.0,151300.0
180,2021-10-13 02:32:01,30450.0,100.0,148300.0
181,2021-10-13 02:32:00,30450.0,100.0,148200.0
182,2021-10-13 02:31:58,30450.0,100.0,148100.0
183,2021-10-13 02:31:57,30450.0,100.0,148000.0
184,2021-10-13 02:31:52,30450.0,100.0,147900.0
185,2021-10-13 02:31:52,30450.0,900.0,147800.0
186,2021-10-13 02:31:38,30450.0,500.0,146900.0
187,2021-10-13 02:31:34,30400.0,600.0,146400.0
188,2021-10-13 02:31:34,30400.0,100.0,145800.0
189,2021-10-13 02:31:34,30400.0,100.0,145700.0
190,2021-10-13 02:31:29,30450.0,3000.0,145600.0
191,2021-10-13 02:31:08,30400.0,400.0,142600.0
192,2021-10-13 02:31:01,30450.0,600.0,142200.0
193,2021-10-13 02:30:52,30400.0,100.0,141600.0
194,2021-10-13 02:30:41,30400.0,800.0,141500.0
195,2021-10-13 02:30:34,30400.0,500.0,140700.0
196,2021-10-13 02:30:28,30400.0,300.0,140200.0
197,2021-10-13 02:30:26,30400.0,100.0,139900.0
198,2021-10-13 02:30:26,30400.0,200.0,139800.0
199,2021-10-13 02:30:26,30400.0,900.0,139600.0
200,2021-10-13 02:30:26,30400.0,500.0,138700.0
201,2021-10-13 02:30:15,30400.0,500.0,138200.0
202,2021-10-13 02:30:10,30400.0,500.0,137700.0
203,2021-10-13 02:30:04,30400.0,100.0,137200.0
204,2021-10-13 02:30:03,30400.0,100.0,137100.0
205,2021-10-13 02:30:03,30500.0,200.0,137000.0
206,2021-10-13 02:29:59,30500.0,2500.0,136800.0
207,2021-10-13 02:29:59,30450.0,1000.0,134300.0
208,2021-10-13 02:29:59,30450.0,200.0,133300.0
209,2021-10-13 02:29:59,30450.0,100.0,133100.0
210,2021-10-13 02:29:59,30450.0,6200.0,133000.0
211,2021-10-13 02:29:51,30200.0,200.0,126800.0
212,2021-10-13 02:29:51,30200.0,100.0,126600.0
213,2021-10-13 02:29:51,30200.0,100.0,126500.0
214,2021-10-13 02:29:51,30200.0,200.0,126400.0
215,2021-10-13 02:29:51,30350.0,100.0,126200.0
216,2021-10-13 02:29:48,30450.0,3800.0,126100.0
217,2021-10-13 02:29:48,30450.0,100.0,122300.0
218,2021-10-13 02:29:48,30450.0,1100.0,122200.0
219,2021-10-13 02:29:44,30450.0,300.0,121100.0
220,2021-10-13 02:29:34,30450.0,600.0,120800.0
221,2021-10-13 02:29:26,30450.0,100.0,120200.0
222,2021-10-13 02:29:26,30450.0,200.0,120100.0
223,2021-10-13 02:29:26,30450.0,200.0,119900.0
224,2021-10-13 02:29:26,30450.0,500.0,119700.0
225,2021-10-13 02:29:26,30450.0,400.0,119200.0
226,2021-10-13 02:29:26,30450.0,1600.0,118800.0
227,2021-10-13 02:29:09,30450.0,2000.0,117200.0
228,2021-10-13 02:29:07,30500.0,1400.0,115200.0
229,2021-10-13 02:29:00,30500.0,200.0,113800.0
230,2021-10-13 02:29:00,30500.0,100.0,113600.0
231,2021-10-13 02:29:00,30500.0,100.0,113500.0
232,2021-10-13 02:29:00,30450.0,500.0,113400.0
233,2021-10-13 02:28:58,30450.0,900.0,112900.0
234,2021-10-13 02:28:54,30450.0,100.0,112000.0
235,2021-10-13 02:28:49,30350.0,200.0,111900.0
236,2021-10-13 02:28:49,30400.0,100.0,111700.0
237,2021-10-13 02:28:49,30400.0,100.0,111600.0
238,2021-10-13 02:28:49,30450.0,200.0,111500.0
239,2021-10-13 02:28:49,30450.0,100.0,111300.0
240,2021-10-13 02:28:49,30450.0,100.0,111200.0
241,2021-10-13 02:28:41,30450.0,100.0,111100.0
242,2021-10-13 02:28:25,30450.0,300.0,111000.0
243,2021-10-13 02:28:25,30450.0,500.0,110700.0
244,2021-10-13 02:28:22,30450.0,2200.0,110200.0
245,2021-10-13 02:28:19,30450.0,5000.0,108000.0
246,2021-10-13 02:28:17,30450.0,700.0,103000.0
247,2021-10-13 02:28:09,30400.0,400.0,102300.0
248,2021-10-13 02:28:00,30400.0,400.0,101900.0
249,2021-10-13 02:27:59,30400.0,100.0,101500.0
250,2021-10-13 02:27:59,30400.0,100.0,101400.0
251,2021-10-13 02:27:56,30450.0,1000.0,101300.0
252,2021-10-13 02:27:53,30450.0,1000.0,100300.0
253,2021-10-13 02:27:49,30450.0,900.0,99300.0
254,2021-10-13 02:27:49,30450.0,100.0,98400.0
255,2021-10-13 02:27:44,30400.0,200.0,98300.0
256,2021-10-13 02:27:42,30400.0,100.0,98100.0
257,2021-10-13 02:27:42,30400.0,1500.0,98000.0
258,2021-10-13 02:27:34,30400.0,900.0,96500.0
259,2021-10-13 02:27:33,30400.0,100.0,95600.0
260,2021-10-13 02:27:22,30200.0,200.0,95500.0
261,2021-10-13 02:27:19,30200.0,100.0,95300.0
262,2021-10-13 02:27:06,30000.0,100.0,95200.0
263,2021-10-13 02:27:06,30000.0,1000.0,95100.0
264,2021-10-13 02:27:06,30000.0,200.0,94100.0
265,2021-10-13 02:27:06,30000.0,1000.0,93900.0
266,2021-10-13 02:27:06,30000.0,300.0,92900.0
267,2021-10-13 02:26:54,30000.0,100.0,92600.0
268,2021-10-13 02:26:52,30000.0,600.0,92500.0
269,2021-10-13 02:26:30,29800.0,500.0,91900.0
270,2021-10-13 02:26:30,29800.0,200.0,91400.0
271,2021-10-13 02:26:30,29800.0,100.0,91200.0
272,2021-10-13 02:26:28,29800.0,1000.0,91100.0
273,2021-10-13 02:26:22,29800.0,300.0,90100.0
274,2021-10-13 02:26:14,29800.0,100.0,89800.0
275,2021-10-13 02:26:12,29800.0,600.0,89700.0
276,2021-10-13 02:26:08,29800.0,1000.0,89100.0
277,2021-10-13 02:25:56,29800.0,1700.0,88100.0
278,2021-10-13 02:25:55,29700.0,100.0,86400.0
279,2021-10-13 02:25:46,29700.0,100.0,86300.0
280,2021-10-13 02:25:32,29600.0,200.0,86200.0
281,2021-10-13 02:25:31,29600.0,300.0,86000.0
282,2021-10-13 02:25:26,29600.0,1000.0,85700.0
283,2021-10-13 02:25:21,29600.0,100.0,84700.0
284,2021-10-13 02:25:08,29500.0,100.0,84600.0
285,2021-10-13 02:24:58,29500.0,800.0,84500.0
286,2021-10-13 02:24:55,29500.0,700.0,83700.0
287,2021-10-13 02:24:48,29500.0,500.0,83000.0
288,2021-10-13 02:24:32,29500.0,1000.0,82500.0
289,2021-10-13 02:24:31,29400.0,200.0,81500.0
290,2021-10-13 02:24:28,29500.0,100.0,81300.0
291,2021-10-13 02:24:28,29500.0,900.0,81200.0
292,2021-10-13 02:24:23,29500.0,100.0,80300.0
293,2021-10-13 02:24:23,29500.0,100.0,80200.0
294,2021-10-13 02:24:22,29500.0,100.0,80100.0
295,2021-10-13 02:24:17,29500.0,100.0,80000.0
296,2021-10-13 02:24:07,29500.0,800.0,79900.0
297,2021-10-13 02:24:02,29500.0,300.0,79100.0
298,2021-10-13 02:24:00,29500.0,100.0,78800.0
299,2021-10-13 02:23:58,29500.0,100.0,78700.0
300,2021-10-13 02:23:54,29500.0,2600.0,78600.0
301,2021-10-13 02:23:36,29500.0,100.0,76000.0
302,2021-10-13 02:23:24,29400.0,1600.0,75900.0
303,2021-10-13 02:23:20,29400.0,100.0,74300.0
304,2021-10-13 02:23:13,29400.0,300.0,74200.0
305,2021-10-13 02:22:55,29400.0,100.0,73900.0
306,2021-10-13 02:22:55,29400.0,100.0,73800.0
307,2021-10-13 02:22:55,29400.0,800.0,73700.0
308,2021-10-13 02:22:43,29300.0,100.0,72900.0
309,2021-10-13 02:22:40,29400.0,100.0,72800.0
310,2021-10-13 02:22:32,29300.0,300.0,72700.0
311,2021-10-13 02:22:26,29300.0,400.0,72400.0
312,2021-10-13 02:22:19,29400.0,100.0,72000.0
313,2021-10-13 02:22:11,29300.0,100.0,71900.0
314,2021-10-13 02:22:11,29300.0,600.0,71800.0
315,2021-10-13 02:22:11,29300.0,700.0,71200.0
316,2021-10-13 02:21:55,29300.0,100.0,70500.0
317,2021-10-13 02:21:33,29300.0,200.0,70400.0
318,2021-10-13 02:21:05,29300.0,500.0,70200.0
319,2021-10-13 02:20:59,29300.0,500.0,69700.0
320,2021-10-13 02:20:40,29300.0,200.0,69200.0
321,2021-10-13 02:20:36,29300.0,100.0,69000.0
322,2021-10-13 02:19:43,28500.0,200.0,68900.0
323,2021-10-13 02:19:43,28550.0,100.0,68700.0
324,2021-10-13 02:19:43,28550.0,400.0,68600.0
325,2021-10-13 02:19:43,28550.0,100.0,68200.0
326,2021-10-13 02:19:43,29000.0,400.0,68100.0
327,2021-10-13 02:19:25,29500.0,900.0,67700.0
328,2021-10-13 02:19:16,29000.0,200.0,66800.0
329,2021-10-13 02:18:57,28550.0,100.0,66600.0
330,2021-10-13 02:18:57,28600.0,400.0,66500.0
331,2021-10-13 02:18:57,29000.0,100.0,66100.0
332,2021-10-13 02:18:57,29000.0,400.0,66000.0
333,2021-10-13 02:18:53,29000.0,100.0,65600.0
334,2021-10-13 02:18:53,29000.0,100.0,65500.0
335,2021-10-13 02:18:53,29000.0,200.0,65400.0
336,2021-10-13 02:18:51,29000.0,200.0,65200.0
337,2021-10-13 02:18:33,28550.0,100.0,65000.0
338,2021-10-13 02:18:29,28550.0,100.0,64900.0
339,2021-10-13 02:18:26,28500.0,100.0,64800.0
340,2021-10-13 02:18:17,28500.0,400.0,64700.0
341,2021-10-13 02:18:15,28500.0,300.0,64300.0
342,2021-10-13 02:18:04,28500.0,300.0,64000.0
343,2021-10-13 02:17:59,28500.0,500.0,63700.0
344,2021-10-13 02:17:55,28500.0,200.0,63200.0
345,2021-10-13 02:17:44,28000.0,1000.0,63000.0
346,2021-10-13 02:17:43,28500.0,400.0,62000.0
347,2021-10-13 02:17:33,28000.0,800.0,61600.0
348,2021-10-13 02:17:33,28050.0,200.0,60800.0
349,2021-10-13 02:17:24,28000.0,5000.0,60600.0
350,2021-10-13 02:17:23,28000.0,200.0,55600.0
351,2021-10-13 02:17:21,28000.0,6800.0,55400.0
352,2021-10-13 02:17:19,28000.0,1000.0,48600.0
353,2021-10-13 02:17:17,28000.0,100.0,47600.0
354,2021-10-13 02:17:12,28000.0,500.0,47500.0
355,2021-10-13 02:17:12,28000.0,300.0,47000.0
356,2021-10-13 02:17:08,28000.0,100.0,46700.0
357,2021-10-13 02:17:02,28000.0,300.0,46600.0
358,2021-10-13 02:17:00,28000.0,100.0,46300.0
359,2021-10-13 02:16:59,28000.0,500.0,46200.0
360,2021-10-13 02:16:59,28000.0,100.0,45700.0
361,2021-10-13 02:16:59,28000.0,100.0,45600.0
362,2021-10-13 02:16:59,28000.0,100.0,45500.0
363,2021-10-13 02:16:55,28500.0,300.0,45400.0
364,2021-10-13 02:16:52,28500.0,500.0,45100.0
365,2021-10-13 02:16:42,28000.0,700.0,44600.0
366,2021-10-13 02:16:34,27750.0,100.0,43900.0
367,2021-10-13 02:16:30,28000.0,300.0,43800.0
368,2021-10-13 02:16:24,27750.0,100.0,43500.0
369,2021-10-13 02:16:20,27750.0,1500.0,43400.0
370,2021-10-13 02:16:20,27750.0,800.0,41900.0
371,2021-10-13 02:15:49,27700.0,200.0,41100.0
372,2021-10-13 02:15:30,27500.0,200.0,40900.0
373,2021-10-13 02:15:16,27500.0,200.0,40700.0
374,2021-10-13 02:15:10,27750.0,5000.0,40500.0
375,2021-10-13 02:15:02,27750.0,100.0,35500.0
376,2021-10-13 02:15:01,27500.0,100.0,35400.0
377,2021-10-13 02:15:00,27750.0,1000.0,35300.0
378,2021-10-13 02:15:00,27750.0,100.0,34300.0
379,2021-10-13 02:15:00,27750.0,100.0,34200.0
380,2021-10-13 02:15:00,27750.0,600.0,34100.0
381,2021-10-13 02:15:00,27750.0,400.0,33500.0
382,2021-10-13 02:15:00,27750.0,500.0,33100.0
383,2021-10-13 02:15:00,27750.0,100.0,32600.0
384,2021-10-13 02:15:00,27750.0,100.0,32500.0
385,2021-10-13 02:15:00,27750.0,100.0,32400.0
386,2021-10-13 02:15:00,27750.0,1000.0,32300.0
387,2021-10-13 02:15:00,27750.0,200.0,31300.0
388,2021-10-13 02:15:00,27750.0,2000.0,31100.0
389,2021-10-13 02:15:00,27750.0,100.0,29100.0
390,2021-10-13 02:15:00,27750.0,2000.0,29000.0
391,2021-10-13 02:15:00,27750.0,100.0,27000.0
392,2021-10-13 02:15:00,27750.0,3000.0,26900.0
393,2021-10-13 02:15:00,27750.0,400.0,23900.0
394,2021-10-13 02:15:00,27750.0,500.0,23500.0
395,2021-10-13 02:15:00,27750.0,1000.0,23000.0
396,2021-10-13 02:15:00,27750.0,700.0,22000.0
397,2021-10-13 02:15:00,27750.0,300.0,21300.0
398,2021-10-13 02:15:00,27750.0,100.0,21000.0
399,2021-10-13 02:15:00,27750.0,200.0,20900.0
400,2021-10-13 02:15:00,27750.0,1000.0,20700.0
401,2021-10-13 02:15:00,27750.0,200.0,19700.0
402,2021-10-13 02:15:00,27750.0,100.0,19500.0
403,2021-10-13 02:15:00,27750.0,2500.0,19400.0
404,2021-10-13 02:15:00,27750.0,100.0,16900.0
405,2021-10-13 02:15:00,27750.0,900.0,16800.0
406,2021-10-13 02:15:00,27750.0,2000.0,15900.0
407,2021-10-13 02:15:00,27750.0,1000.0,13900.0
408,2021-10-13 02:15:00,27750.0,100.0,12900.0
409,2021-10-13 02:15:00,27750.0,1500.0,12800.0
410,2021-10-13 02:15:00,27750.0,100.0,11300.0
411,2021-10-13 02:15:00,27750.0,100.0,11200.0
412,2021-10-13 02:15:00,27750.0,200.0,11100.0
413,2021-10-13 02:15:00,27750.0,100.0,10900.0
414,2021-10-13 02:15:00,27750.0,200.0,10800.0
415,2021-10-13 02:15:00,27750.0,300.0,10600.0
416,2021-10-13 02:15:00,27750.0,100.0,10300.0
417,2021-10-13 02:15:00,27750.0,300.0,10200.0
418,2021-10-13 02:15:00,27750.0,300.0,9900.0
419,2021-10-13 02:15:00,27750.0,200.0,9600.0
420,2021-10-13 02:15:00,27750.0,100.0,9400.0
421,2021-10-13 02:15:00,27750.0,100.0,9300.0
422,2021-10-13 02:15:00,27750.0,100.0,9200.0
423,2021-10-13 02:15:00,27750.0,200.0,9100.0
424,2021-10-13 02:15:00,27750.0,100.0,8900.0
425,2021-10-13 02:15:00,27750.0,100.0,8800.0
426,2021-10-13 02:15:00,27750.0,500.0,8700.0
427,2021-10-13 02:15:00,27750.0,500.0,8200.0
428,2021-10-13 02:15:00,27750.0,200.0,7700.0
429,2021-10-13 02:15:00,27750.0,400.0,7500.0
430,2021-10-13 02:15:00,27750.0,1000.0,7100.0
431,2021-10-13 02:15:00,27750.0,500.0,6100.0
432,2021-10-13 02:15:00,27750.0,300.0,5600.0
433,2021-10-13 02:15:00,27750.0,100.0,5300.0
434,2021-10-13 02:15:00,27750.0,100.0,5200.0
435,2021-10-13 02:15:00,27750.0,100.0,5100.0
436,2021-10-13 02:15:00,27750.0,900.0,5000.0
437,2021-10-13 02:15:00,27750.0,100.0,4100.0
438,2021-10-13 02:15:00,27750.0,100.0,4000.0
439,2021-10-13 02:15:00,27750.0,400.0,3900.0
440,2021-10-13 02:15:00,27750.0,1000.0,3500.0
441,2021-10-13 02:15:00,27750.0,500.0,2500.0
442,2021-10-13 02:15:00,27750.0,100.0,2000.0
443,2021-10-13 02:15:00,27750.0,1000.0,1900.0
444,2021-10-13 02:15:00,27750.0,500.0,900.0
445,2021-10-13 02:15:00,27750.0,400.0,400.0
