,Time,Price,Volume_per_trade,Volume
0,2021-10-17 07:45:01,30350.0,1000.0,1413500.0
1,2021-10-17 07:45:01,30350.0,3000.0,1412500.0
2,2021-10-17 07:45:01,30350.0,1000.0,1409500.0
3,2021-10-17 07:45:01,30350.0,100.0,1408500.0
4,2021-10-17 07:45:01,30350.0,1000.0,1408400.0
5,2021-10-17 07:45:01,30350.0,100.0,1407400.0
6,2021-10-17 07:45:01,30350.0,500.0,1407300.0
7,2021-10-17 07:45:01,30350.0,3000.0,1406800.0
8,2021-10-17 07:45:01,30350.0,100.0,1403800.0
9,2021-10-17 07:45:01,30350.0,800.0,1403700.0
10,2021-10-17 07:45:01,30350.0,100.0,1402900.0
11,2021-10-17 07:45:01,30350.0,100.0,1402800.0
12,2021-10-17 07:45:01,30350.0,1000.0,1402700.0
13,2021-10-17 07:45:01,30350.0,500.0,1401700.0
14,2021-10-17 07:45:01,30350.0,200.0,1401200.0
15,2021-10-17 07:45:01,30350.0,100.0,1401000.0
16,2021-10-17 07:45:01,30350.0,800.0,1400900.0
17,2021-10-17 07:45:01,30350.0,100.0,1400100.0
18,2021-10-17 07:45:01,30350.0,100.0,1400000.0
19,2021-10-17 07:45:01,30350.0,1000.0,1399900.0
20,2021-10-17 07:45:01,30350.0,200.0,1398900.0
21,2021-10-17 07:45:01,30350.0,700.0,1398700.0
22,2021-10-17 07:45:01,30350.0,600.0,1398000.0
23,2021-10-17 07:45:01,30350.0,500.0,1397400.0
24,2021-10-17 07:45:01,30350.0,200.0,1396900.0
25,2021-10-17 07:45:01,30350.0,100.0,1396700.0
26,2021-10-17 07:45:01,30350.0,500.0,1396600.0
27,2021-10-17 07:45:01,30350.0,200.0,1396100.0
28,2021-10-17 07:45:01,30350.0,200.0,1395900.0
29,2021-10-17 07:45:01,30350.0,100.0,1395700.0
30,2021-10-17 07:45:01,30350.0,100.0,1395600.0
31,2021-10-17 07:45:01,30350.0,600.0,1395500.0
32,2021-10-17 07:45:01,30350.0,400.0,1394900.0
33,2021-10-17 07:45:01,30350.0,1000.0,1394500.0
34,2021-10-17 07:45:01,30350.0,100.0,1393500.0
35,2021-10-17 07:45:01,30350.0,200.0,1393400.0
36,2021-10-17 07:45:01,30350.0,500.0,1393200.0
37,2021-10-17 07:45:01,30350.0,100.0,1392700.0
38,2021-10-17 07:45:01,30350.0,100.0,1392600.0
39,2021-10-17 07:45:01,30350.0,100.0,1392500.0
40,2021-10-17 07:45:01,30350.0,100.0,1392400.0
41,2021-10-17 07:45:01,30350.0,500.0,1392300.0
42,2021-10-17 07:45:01,30350.0,100.0,1391800.0
43,2021-10-17 07:45:01,30350.0,200.0,1391700.0
44,2021-10-17 07:45:01,30350.0,600.0,1391500.0
45,2021-10-17 07:45:01,30350.0,500.0,1390900.0
46,2021-10-17 07:45:01,30350.0,1000.0,1390400.0
47,2021-10-17 07:45:01,30350.0,200.0,1389400.0
48,2021-10-17 07:45:01,30350.0,200.0,1389200.0
49,2021-10-17 07:45:01,30350.0,1000.0,1389000.0
50,2021-10-17 07:45:01,30350.0,500.0,1388000.0
51,2021-10-17 07:45:01,30350.0,200.0,1387500.0
52,2021-10-17 07:45:01,30350.0,1000.0,1387300.0
53,2021-10-17 07:45:01,30350.0,100.0,1386300.0
54,2021-10-17 07:45:01,30350.0,100.0,1386200.0
55,2021-10-17 07:45:01,30350.0,100.0,1386100.0
56,2021-10-17 07:45:01,30350.0,300.0,1386000.0
57,2021-10-17 07:45:01,30350.0,300.0,1385700.0
58,2021-10-17 07:45:01,30350.0,300.0,1385400.0
59,2021-10-17 07:45:01,30350.0,1000.0,1385100.0
60,2021-10-17 07:45:01,30350.0,1500.0,1384100.0
61,2021-10-17 07:45:01,30350.0,700.0,1382600.0
62,2021-10-17 07:45:01,30350.0,7200.0,1381900.0
63,2021-10-17 07:45:01,30350.0,200.0,1374700.0
64,2021-10-17 07:45:01,30350.0,200.0,1374500.0
65,2021-10-17 07:45:01,30350.0,200.0,1374300.0
66,2021-10-17 07:45:01,30350.0,200.0,1374100.0
67,2021-10-17 07:45:01,30350.0,100.0,1373900.0
68,2021-10-17 07:45:01,30350.0,200.0,1373800.0
69,2021-10-17 07:45:01,30350.0,200.0,1373600.0
70,2021-10-17 07:45:01,30350.0,500.0,1373400.0
71,2021-10-17 07:45:01,30350.0,800.0,1372900.0
72,2021-10-17 07:45:01,30350.0,1000.0,1372100.0
73,2021-10-17 07:45:01,30350.0,1000.0,1371100.0
74,2021-10-17 07:45:01,30350.0,1000.0,1370100.0
75,2021-10-17 07:45:01,30350.0,200.0,1369100.0
76,2021-10-17 07:45:01,30350.0,2000.0,1368900.0
77,2021-10-17 07:45:01,30350.0,400.0,1366900.0
78,2021-10-17 07:45:01,30350.0,200.0,1366500.0
79,2021-10-17 07:45:01,30350.0,100.0,1366300.0
80,2021-10-17 07:45:01,30350.0,1600.0,1366200.0
81,2021-10-17 07:45:01,30350.0,100.0,1364600.0
82,2021-10-17 07:45:01,30350.0,400.0,1364500.0
83,2021-10-17 07:45:01,30350.0,200.0,1364100.0
84,2021-10-17 07:45:01,30350.0,100.0,1363900.0
85,2021-10-17 07:45:01,30350.0,5000.0,1363800.0
86,2021-10-17 07:45:01,30350.0,100.0,1358800.0
87,2021-10-17 07:45:01,30350.0,200.0,1358700.0
88,2021-10-17 07:45:01,30350.0,100.0,1358500.0
89,2021-10-17 07:45:01,30350.0,100.0,1358400.0
90,2021-10-17 07:45:01,30350.0,100.0,1358300.0
91,2021-10-17 07:45:01,30350.0,2000.0,1358200.0
92,2021-10-17 07:45:01,30350.0,2000.0,1356200.0
93,2021-10-17 07:45:01,30350.0,500.0,1354200.0
94,2021-10-17 07:45:01,30350.0,1000.0,1353700.0
95,2021-10-17 07:45:01,30350.0,300.0,1352700.0
96,2021-10-17 07:45:01,30350.0,500.0,1352400.0
97,2021-10-17 07:45:01,30350.0,500.0,1351900.0
98,2021-10-17 07:45:01,30350.0,100.0,1351400.0
99,2021-10-17 07:45:01,30350.0,100.0,1351300.0
100,2021-10-17 07:45:01,30350.0,200.0,1351200.0
101,2021-10-17 07:45:01,30350.0,300.0,1351000.0
102,2021-10-17 07:45:01,30350.0,500.0,1350700.0
103,2021-10-17 07:45:01,30350.0,1000.0,1350200.0
104,2021-10-17 07:45:01,30350.0,1000.0,1349200.0
105,2021-10-17 07:45:01,30350.0,500.0,1348200.0
106,2021-10-17 07:45:01,30350.0,500.0,1347700.0
107,2021-10-17 07:45:01,30350.0,200.0,1347200.0
108,2021-10-17 07:45:01,30350.0,200.0,1347000.0
109,2021-10-17 07:45:01,30350.0,500.0,1346800.0
110,2021-10-17 07:45:01,30350.0,500.0,1346300.0
111,2021-10-17 07:45:01,30350.0,100.0,1345800.0
112,2021-10-17 07:45:01,30350.0,200.0,1345700.0
113,2021-10-17 07:45:01,30350.0,300.0,1345500.0
114,2021-10-17 07:45:01,30350.0,500.0,1345200.0
115,2021-10-17 07:45:01,30350.0,100.0,1344700.0
116,2021-10-17 07:45:01,30350.0,100.0,1344600.0
117,2021-10-17 07:45:01,30350.0,100.0,1344500.0
118,2021-10-17 07:45:01,30350.0,2700.0,1344400.0
119,2021-10-17 07:45:01,30350.0,1600.0,1341700.0
120,2021-10-17 07:45:01,30350.0,2700.0,1340100.0
121,2021-10-17 07:45:01,30350.0,200.0,1337400.0
122,2021-10-17 07:45:01,30350.0,500.0,1337200.0
123,2021-10-17 07:45:01,30350.0,600.0,1336700.0
124,2021-10-17 07:45:01,30350.0,4000.0,1336100.0
125,2021-10-17 07:45:01,30350.0,100.0,1332100.0
126,2021-10-17 07:45:01,30350.0,3000.0,1332000.0
127,2021-10-17 07:45:01,30350.0,1600.0,1329000.0
128,2021-10-17 07:45:01,30350.0,100.0,1327400.0
129,2021-10-17 07:45:01,30350.0,100.0,1327300.0
130,2021-10-17 07:45:01,30350.0,100.0,1327200.0
131,2021-10-17 07:45:01,30350.0,400.0,1327100.0
132,2021-10-17 07:45:01,30350.0,100.0,1326700.0
133,2021-10-17 07:45:01,30350.0,100.0,1326600.0
134,2021-10-17 07:45:01,30350.0,1000.0,1326500.0
135,2021-10-17 07:45:01,30350.0,100.0,1325500.0
136,2021-10-17 07:45:01,30350.0,1000.0,1325400.0
137,2021-10-17 07:45:01,30350.0,100.0,1324400.0
138,2021-10-17 07:45:01,30350.0,700.0,1324300.0
139,2021-10-17 07:45:01,30350.0,1300.0,1323600.0
140,2021-10-17 07:45:01,30350.0,1800.0,1322300.0
141,2021-10-17 07:45:01,30350.0,700.0,1320500.0
142,2021-10-17 07:45:01,30350.0,100.0,1319800.0
143,2021-10-17 07:45:01,30350.0,100.0,1319700.0
144,2021-10-17 07:45:01,30350.0,6000.0,1319600.0
145,2021-10-17 07:45:01,30350.0,100.0,1313600.0
146,2021-10-17 07:45:01,30350.0,6200.0,1313500.0
147,2021-10-17 07:45:01,30350.0,200.0,1307300.0
148,2021-10-17 07:45:01,30350.0,300.0,1307100.0
149,2021-10-17 07:45:01,30350.0,100.0,1306800.0
150,2021-10-17 07:45:01,30350.0,200.0,1306700.0
151,2021-10-17 07:45:01,30350.0,300.0,1306500.0
152,2021-10-17 07:45:01,30350.0,900.0,1306200.0
153,2021-10-17 07:45:01,30350.0,200.0,1305300.0
154,2021-10-17 07:45:01,30350.0,500.0,1305100.0
155,2021-10-17 07:45:01,30350.0,1000.0,1304600.0
156,2021-10-17 07:45:01,30350.0,200.0,1303600.0
157,2021-10-17 07:45:01,30350.0,300.0,1303400.0
158,2021-10-17 07:45:01,30350.0,300.0,1303100.0
159,2021-10-17 07:45:01,30350.0,400.0,1302800.0
160,2021-10-17 07:45:01,30350.0,100.0,1302400.0
161,2021-10-17 07:29:59,31000.0,100.0,1302300.0
162,2021-10-17 07:29:12,30500.0,500.0,1302200.0
163,2021-10-17 07:29:12,30500.0,500.0,1301700.0
164,2021-10-17 07:29:12,30600.0,300.0,1301200.0
165,2021-10-17 07:29:12,30650.0,300.0,1300900.0
166,2021-10-17 07:29:12,30650.0,600.0,1300600.0
167,2021-10-17 07:29:12,30850.0,1000.0,1300000.0
168,2021-10-17 07:29:12,31000.0,100.0,1299000.0
169,2021-10-17 07:29:12,31900.0,100.0,1298900.0
170,2021-10-17 07:29:10,31000.0,100.0,1298800.0
171,2021-10-17 07:28:55,31000.0,100.0,1298700.0
172,2021-10-17 07:28:55,31650.0,100.0,1298600.0
173,2021-10-17 07:28:24,31900.0,100.0,1298500.0
174,2021-10-17 07:28:03,31950.0,100.0,1298400.0
175,2021-10-17 07:28:03,31950.0,200.0,1298300.0
176,2021-10-17 07:27:39,31950.0,100.0,1298100.0
177,2021-10-17 07:27:19,31950.0,2000.0,1298000.0
178,2021-10-17 07:27:02,31950.0,2900.0,1296000.0
179,2021-10-17 07:27:02,31950.0,100.0,1293100.0
180,2021-10-17 07:26:51,32000.0,2800.0,1293000.0
181,2021-10-17 07:26:50,32100.0,100.0,1290200.0
182,2021-10-17 07:26:48,32000.0,400.0,1290100.0
183,2021-10-17 07:26:31,32000.0,200.0,1289700.0
184,2021-10-17 07:26:13,32000.0,1600.0,1289500.0
185,2021-10-17 07:26:08,32000.0,200.0,1287900.0
186,2021-10-17 07:26:06,32000.0,200.0,1287700.0
187,2021-10-17 07:26:06,32000.0,800.0,1287500.0
188,2021-10-17 07:25:16,32000.0,500.0,1286700.0
189,2021-10-17 07:25:11,31950.0,200.0,1286200.0
190,2021-10-17 07:25:04,32000.0,100.0,1286000.0
191,2021-10-17 07:25:03,32000.0,200.0,1285900.0
192,2021-10-17 07:25:03,32000.0,100.0,1285700.0
193,2021-10-17 07:24:14,32000.0,300.0,1285600.0
194,2021-10-17 07:24:14,32000.0,200.0,1285300.0
195,2021-10-17 07:23:52,32000.0,100.0,1285100.0
196,2021-10-17 07:23:36,32000.0,200.0,1285000.0
197,2021-10-17 07:23:24,32000.0,800.0,1284800.0
198,2021-10-17 07:23:19,31900.0,100.0,1284000.0
199,2021-10-17 07:23:14,32000.0,100.0,1283900.0
200,2021-10-17 07:22:51,32000.0,500.0,1283800.0
201,2021-10-17 07:22:51,31950.0,100.0,1283300.0
202,2021-10-17 07:22:51,31950.0,100.0,1283200.0
203,2021-10-17 07:22:23,31950.0,100.0,1283100.0
204,2021-10-17 07:22:02,30650.0,100.0,1283000.0
205,2021-10-17 07:22:01,30600.0,100.0,1282900.0
206,2021-10-17 07:21:53,30600.0,700.0,1282800.0
207,2021-10-17 07:21:53,30600.0,2400.0,1282100.0
208,2021-10-17 07:21:53,30600.0,900.0,1279700.0
209,2021-10-17 07:21:36,30600.0,100.0,1278800.0
210,2021-10-17 07:21:36,30600.0,1000.0,1278700.0
211,2021-10-17 07:21:35,30600.0,500.0,1277700.0
212,2021-10-17 07:21:30,30600.0,100.0,1277200.0
213,2021-10-17 07:21:28,30600.0,1000.0,1277100.0
214,2021-10-17 07:21:26,30600.0,500.0,1276100.0
215,2021-10-17 07:20:59,30400.0,1300.0,1275600.0
216,2021-10-17 07:20:56,30600.0,1000.0,1274300.0
217,2021-10-17 07:20:48,30400.0,100.0,1273300.0
218,2021-10-17 07:20:24,30350.0,600.0,1273200.0
219,2021-10-17 07:20:24,30350.0,2000.0,1272600.0
220,2021-10-17 07:20:24,30400.0,300.0,1270600.0
221,2021-10-17 07:20:22,30400.0,700.0,1270300.0
222,2021-10-17 07:20:22,30400.0,300.0,1269600.0
223,2021-10-17 07:20:09,30500.0,100.0,1269300.0
224,2021-10-17 07:20:07,30400.0,900.0,1269200.0
225,2021-10-17 07:20:07,30350.0,1000.0,1268300.0
226,2021-10-17 07:20:06,30400.0,800.0,1267300.0
227,2021-10-17 07:20:06,30400.0,200.0,1266500.0
228,2021-10-17 07:20:06,30400.0,100.0,1266300.0
229,2021-10-17 07:20:05,30400.0,100.0,1266200.0
230,2021-10-17 07:20:05,30400.0,100.0,1266100.0
231,2021-10-17 07:20:04,30400.0,100.0,1266000.0
232,2021-10-17 07:20:03,30400.0,500.0,1265900.0
233,2021-10-17 07:20:01,30400.0,100.0,1265400.0
234,2021-10-17 07:19:56,30400.0,500.0,1265300.0
235,2021-10-17 07:19:56,30400.0,300.0,1264800.0
236,2021-10-17 07:19:56,30400.0,300.0,1264500.0
237,2021-10-17 07:19:56,30400.0,500.0,1264200.0
238,2021-10-17 07:19:56,30400.0,1000.0,1263700.0
239,2021-10-17 07:19:53,30400.0,1500.0,1262700.0
240,2021-10-17 07:19:53,30400.0,500.0,1261200.0
241,2021-10-17 07:19:53,30400.0,400.0,1260700.0
242,2021-10-17 07:19:53,30400.0,100.0,1260300.0
243,2021-10-17 07:19:53,30400.0,200.0,1260200.0
244,2021-10-17 07:19:52,30400.0,800.0,1260000.0
245,2021-10-17 07:19:52,30400.0,100.0,1259200.0
246,2021-10-17 07:19:52,30400.0,100.0,1259100.0
247,2021-10-17 07:19:49,30400.0,2900.0,1259000.0
248,2021-10-17 07:19:42,30400.0,1200.0,1256100.0
249,2021-10-17 07:19:41,30500.0,100.0,1254900.0
250,2021-10-17 07:19:39,30400.0,800.0,1254800.0
251,2021-10-17 07:19:39,30400.0,1000.0,1254000.0
252,2021-10-17 07:19:39,30400.0,300.0,1253000.0
253,2021-10-17 07:19:39,30400.0,1000.0,1252700.0
254,2021-10-17 07:19:37,30400.0,10000.0,1251700.0
255,2021-10-17 07:19:36,30500.0,300.0,1241700.0
256,2021-10-17 07:19:36,30400.0,100.0,1241400.0
257,2021-10-17 07:19:31,30400.0,1000.0,1241300.0
258,2021-10-17 07:19:30,30400.0,2600.0,1240300.0
259,2021-10-17 07:19:30,30400.0,2400.0,1237700.0
260,2021-10-17 07:19:29,30500.0,500.0,1235300.0
261,2021-10-17 07:19:29,30500.0,200.0,1234800.0
262,2021-10-17 07:19:29,30400.0,600.0,1234600.0
263,2021-10-17 07:19:28,30400.0,100.0,1234000.0
264,2021-10-17 07:19:27,30400.0,1400.0,1233900.0
265,2021-10-17 07:19:22,30400.0,500.0,1232500.0
266,2021-10-17 07:19:18,30500.0,500.0,1232000.0
267,2021-10-17 07:19:18,30500.0,500.0,1231500.0
268,2021-10-17 07:19:18,30500.0,9500.0,1231000.0
269,2021-10-17 07:19:18,30500.0,1000.0,1221500.0
270,2021-10-17 07:19:18,30500.0,3000.0,1220500.0
271,2021-10-17 07:19:18,30500.0,500.0,1217500.0
272,2021-10-17 07:19:18,30500.0,100.0,1217000.0
273,2021-10-17 07:19:14,30500.0,10000.0,1216900.0
274,2021-10-17 07:19:06,30600.0,5900.0,1206900.0
275,2021-10-17 07:19:02,30600.0,4000.0,1201000.0
276,2021-10-17 07:19:00,30600.0,100.0,1197000.0
277,2021-10-17 07:19:00,30600.0,300.0,1196900.0
278,2021-10-17 07:19:00,30600.0,500.0,1196600.0
279,2021-10-17 07:19:00,30800.0,500.0,1196100.0
280,2021-10-17 07:19:00,30800.0,100.0,1195600.0
281,2021-10-17 07:18:56,30850.0,100.0,1195500.0
282,2021-10-17 07:18:54,30850.0,200.0,1195400.0
283,2021-10-17 07:18:33,30850.0,600.0,1195200.0
284,2021-10-17 07:18:27,30850.0,100.0,1194600.0
285,2021-10-17 07:18:08,31000.0,1000.0,1194500.0
286,2021-10-17 07:18:03,30850.0,100.0,1193500.0
287,2021-10-17 07:17:56,30850.0,100.0,1193400.0
288,2021-10-17 07:17:46,30850.0,500.0,1193300.0
289,2021-10-17 07:17:43,31000.0,1000.0,1192800.0
290,2021-10-17 07:17:43,31000.0,500.0,1191800.0
291,2021-10-17 07:17:43,31000.0,1000.0,1191300.0
292,2021-10-17 07:17:43,31000.0,500.0,1190300.0
293,2021-10-17 07:17:43,31000.0,200.0,1189800.0
294,2021-10-17 07:17:43,31000.0,100.0,1189600.0
295,2021-10-17 07:17:43,31000.0,6600.0,1189500.0
296,2021-10-17 07:17:43,31000.0,100.0,1182900.0
297,2021-10-17 07:17:43,31000.0,1400.0,1182800.0
298,2021-10-17 07:17:43,31100.0,300.0,1181400.0
299,2021-10-17 07:17:25,31000.0,100.0,1181100.0
300,2021-10-17 07:17:25,31000.0,500.0,1181000.0
301,2021-10-17 07:17:25,31000.0,100.0,1180500.0
302,2021-10-17 07:17:25,31000.0,1000.0,1180400.0
303,2021-10-17 07:17:25,31000.0,1000.0,1179400.0
304,2021-10-17 07:17:25,31000.0,100.0,1178400.0
305,2021-10-17 07:17:25,31000.0,1200.0,1178300.0
306,2021-10-17 07:17:25,31000.0,200.0,1177100.0
307,2021-10-17 07:17:25,31050.0,200.0,1176900.0
308,2021-10-17 07:17:25,31100.0,200.0,1176700.0
309,2021-10-17 07:17:25,31150.0,100.0,1176500.0
310,2021-10-17 07:17:25,31150.0,500.0,1176400.0
311,2021-10-17 07:17:25,31200.0,500.0,1175900.0
312,2021-10-17 07:17:25,31200.0,100.0,1175400.0
313,2021-10-17 07:17:25,31250.0,1000.0,1175300.0
314,2021-10-17 07:17:25,31250.0,100.0,1174300.0
315,2021-10-17 07:17:25,31250.0,300.0,1174200.0
316,2021-10-17 07:17:25,31250.0,100.0,1173900.0
317,2021-10-17 07:17:25,31350.0,100.0,1173800.0
318,2021-10-17 07:17:25,31350.0,300.0,1173700.0
319,2021-10-17 07:17:25,31400.0,800.0,1173400.0
320,2021-10-17 07:17:25,31500.0,100.0,1172600.0
321,2021-10-17 07:17:25,31550.0,300.0,1172500.0
322,2021-10-17 07:17:25,31550.0,100.0,1172200.0
323,2021-10-17 07:17:19,31550.0,200.0,1172100.0
324,2021-10-17 07:17:17,31550.0,300.0,1171900.0
325,2021-10-17 07:17:08,31550.0,400.0,1171600.0
326,2021-10-17 07:17:01,31600.0,400.0,1171200.0
327,2021-10-17 07:17:01,31600.0,400.0,1170800.0
328,2021-10-17 07:17:01,31600.0,100.0,1170400.0
329,2021-10-17 07:16:50,32000.0,500.0,1170300.0
330,2021-10-17 07:16:50,32000.0,500.0,1169800.0
331,2021-10-17 07:16:50,32000.0,1300.0,1169300.0
332,2021-10-17 07:16:48,32000.0,300.0,1168000.0
333,2021-10-17 07:16:48,32000.0,100.0,1167700.0
334,2021-10-17 07:16:48,32000.0,100.0,1167600.0
335,2021-10-17 07:16:48,32000.0,500.0,1167500.0
336,2021-10-17 07:16:42,32100.0,100.0,1167000.0
337,2021-10-17 07:16:42,32100.0,100.0,1166900.0
338,2021-10-17 07:16:42,32150.0,100.0,1166800.0
339,2021-10-17 07:16:20,32200.0,100.0,1166700.0
340,2021-10-17 07:16:20,32200.0,300.0,1166600.0
341,2021-10-17 07:16:20,32200.0,100.0,1166300.0
342,2021-10-17 07:15:48,32300.0,100.0,1166200.0
343,2021-10-17 07:13:35,32500.0,100.0,1166100.0
344,2021-10-17 07:13:14,32500.0,500.0,1166000.0
345,2021-10-17 07:12:17,32500.0,500.0,1165500.0
346,2021-10-17 07:12:17,32500.0,100.0,1165000.0
347,2021-10-17 07:12:17,32500.0,200.0,1164900.0
348,2021-10-17 07:11:46,32500.0,100.0,1164700.0
349,2021-10-17 07:10:45,32500.0,200.0,1164600.0
350,2021-10-17 07:09:17,32200.0,1400.0,1164400.0
351,2021-10-17 07:09:17,32200.0,100.0,1163000.0
352,2021-10-17 07:09:17,32500.0,2000.0,1162900.0
353,2021-10-17 07:09:10,32600.0,2000.0,1160900.0
354,2021-10-17 07:09:10,32700.0,200.0,1158900.0
355,2021-10-17 07:09:10,32700.0,500.0,1158700.0
356,2021-10-17 07:08:19,32900.0,400.0,1158200.0
357,2021-10-17 07:07:05,33000.0,100.0,1157800.0
358,2021-10-17 07:06:12,33000.0,200.0,1157700.0
359,2021-10-17 07:06:11,33000.0,100.0,1157500.0
360,2021-10-17 07:06:09,33000.0,1000.0,1157400.0
361,2021-10-17 07:06:02,33000.0,400.0,1156400.0
362,2021-10-17 07:06:02,33000.0,300.0,1156000.0
363,2021-10-17 07:05:59,33000.0,200.0,1155700.0
364,2021-10-17 07:05:54,32900.0,100.0,1155500.0
365,2021-10-17 07:04:43,32900.0,100.0,1155400.0
366,2021-10-17 07:03:47,33000.0,500.0,1155300.0
367,2021-10-17 07:03:43,33000.0,900.0,1154800.0
368,2021-10-17 07:03:12,33000.0,700.0,1153900.0
369,2021-10-17 07:03:12,33000.0,300.0,1153200.0
370,2021-10-17 07:02:58,32800.0,100.0,1152900.0
371,2021-10-17 07:02:52,32800.0,1100.0,1152800.0
372,2021-10-17 07:02:24,32700.0,500.0,1151700.0
373,2021-10-17 07:01:18,32700.0,100.0,1151200.0
374,2021-10-17 07:01:06,32700.0,100.0,1151100.0
375,2021-10-17 07:00:38,32700.0,100.0,1151000.0
376,2021-10-17 07:00:30,32700.0,200.0,1150900.0
377,2021-10-17 07:00:28,32700.0,100.0,1150700.0
378,2021-10-17 07:00:24,32700.0,100.0,1150600.0
379,2021-10-17 06:58:56,32600.0,100.0,1150500.0
380,2021-10-17 06:58:44,32500.0,200.0,1150400.0
381,2021-10-17 06:58:41,32500.0,600.0,1150200.0
382,2021-10-17 06:58:41,32500.0,100.0,1149600.0
383,2021-10-17 06:58:41,32500.0,300.0,1149500.0
384,2021-10-17 06:58:20,32500.0,700.0,1149200.0
385,2021-10-17 06:58:20,32200.0,300.0,1148500.0
386,2021-10-17 06:58:17,32200.0,200.0,1148200.0
387,2021-10-17 06:58:17,32200.0,100.0,1148000.0
388,2021-10-17 06:58:02,32000.0,100.0,1147900.0
389,2021-10-17 06:57:58,32000.0,1000.0,1147800.0
390,2021-10-17 06:57:49,32000.0,900.0,1146800.0
391,2021-10-17 06:57:49,31800.0,100.0,1145900.0
392,2021-10-17 06:57:46,31800.0,200.0,1145800.0
393,2021-10-17 06:57:46,31800.0,800.0,1145600.0
394,2021-10-17 06:57:38,31800.0,200.0,1144800.0
395,2021-10-17 06:57:38,31800.0,200.0,1144600.0
396,2021-10-17 06:57:36,31800.0,1100.0,1144400.0
397,2021-10-17 06:57:33,31800.0,2000.0,1143300.0
398,2021-10-17 06:57:22,31800.0,200.0,1141300.0
399,2021-10-17 06:57:15,31800.0,200.0,1141100.0
400,2021-10-17 06:57:00,31800.0,19200.0,1140900.0
401,2021-10-17 06:57:00,31800.0,300.0,1121700.0
402,2021-10-17 06:57:00,31750.0,200.0,1121400.0
403,2021-10-17 06:57:00,31600.0,300.0,1121200.0
404,2021-10-17 06:56:58,31600.0,100.0,1120900.0
405,2021-10-17 06:56:55,31600.0,200.0,1120800.0
406,2021-10-17 06:56:55,31600.0,100.0,1120600.0
407,2021-10-17 06:56:54,31600.0,100.0,1120500.0
408,2021-10-17 06:56:42,31600.0,200.0,1120400.0
409,2021-10-17 06:56:39,31500.0,200.0,1120200.0
410,2021-10-17 06:56:29,31500.0,200.0,1120000.0
411,2021-10-17 06:55:51,31600.0,100.0,1119800.0
412,2021-10-17 06:55:43,31450.0,1000.0,1119700.0
413,2021-10-17 06:55:38,31450.0,100.0,1118700.0
414,2021-10-17 06:55:31,31450.0,1000.0,1118600.0
415,2021-10-17 06:55:06,31450.0,100.0,1117600.0
416,2021-10-17 06:55:02,31450.0,100.0,1117500.0
417,2021-10-17 06:55:01,31450.0,700.0,1117400.0
418,2021-10-17 06:54:44,31450.0,200.0,1116700.0
419,2021-10-17 06:53:52,31250.0,1100.0,1116500.0
420,2021-10-17 06:53:52,31600.0,300.0,1115400.0
421,2021-10-17 06:53:52,31600.0,500.0,1115100.0
422,2021-10-17 06:53:52,31600.0,1500.0,1114600.0
423,2021-10-17 06:53:52,31600.0,100.0,1113100.0
424,2021-10-17 06:53:52,31600.0,2400.0,1113000.0
425,2021-10-17 06:53:52,31700.0,100.0,1110600.0
426,2021-10-17 06:53:37,31600.0,100.0,1110500.0
427,2021-10-17 06:53:10,31600.0,100.0,1110400.0
428,2021-10-17 06:53:10,31450.0,300.0,1110300.0
429,2021-10-17 06:53:08,31450.0,100.0,1110000.0
430,2021-10-17 06:53:08,31450.0,100.0,1109900.0
431,2021-10-17 06:53:06,31200.0,200.0,1109800.0
432,2021-10-17 06:53:04,31200.0,200.0,1109600.0
433,2021-10-17 06:52:56,31200.0,400.0,1109400.0
434,2021-10-17 06:52:43,31150.0,100.0,1109000.0
435,2021-10-17 06:52:28,31100.0,100.0,1108900.0
436,2021-10-17 06:52:07,31000.0,300.0,1108800.0
437,2021-10-17 06:52:03,31450.0,100.0,1108500.0
438,2021-10-17 06:52:03,31400.0,200.0,1108400.0
439,2021-10-17 06:52:03,31350.0,200.0,1108200.0
440,2021-10-17 06:51:29,31600.0,300.0,1108000.0
441,2021-10-17 06:51:17,31800.0,600.0,1107700.0
442,2021-10-17 06:51:13,31800.0,100.0,1107100.0
443,2021-10-17 06:51:13,31800.0,5000.0,1107000.0
444,2021-10-17 06:51:12,31800.0,1000.0,1102000.0
445,2021-10-17 06:51:11,31800.0,2000.0,1101000.0
446,2021-10-17 06:51:05,31800.0,700.0,1099000.0
447,2021-10-17 06:50:51,31800.0,500.0,1098300.0
448,2021-10-17 06:50:51,31800.0,100.0,1097800.0
449,2021-10-17 06:50:51,31800.0,100.0,1097700.0
450,2021-10-17 06:50:47,31900.0,3200.0,1097600.0
451,2021-10-17 06:50:43,31900.0,300.0,1094400.0
452,2021-10-17 06:50:43,31900.0,500.0,1094100.0
453,2021-10-17 06:50:32,31900.0,1000.0,1093600.0
454,2021-10-17 06:50:31,32000.0,500.0,1092600.0
455,2021-10-17 06:50:31,32000.0,500.0,1092100.0
456,2021-10-17 06:50:31,32000.0,100.0,1091600.0
457,2021-10-17 06:50:31,32000.0,500.0,1091500.0
458,2021-10-17 06:50:31,32000.0,100.0,1091000.0
459,2021-10-17 06:50:31,32000.0,100.0,1090900.0
460,2021-10-17 06:50:26,32000.0,900.0,1090800.0
461,2021-10-17 06:50:26,32000.0,200.0,1089900.0
462,2021-10-17 06:50:26,32000.0,500.0,1089700.0
463,2021-10-17 06:50:21,32200.0,1000.0,1089200.0
464,2021-10-17 06:50:21,32200.0,100.0,1088200.0
465,2021-10-17 06:50:15,32400.0,100.0,1088100.0
466,2021-10-17 06:50:13,32400.0,1000.0,1088000.0
467,2021-10-17 06:49:51,32500.0,100.0,1087000.0
468,2021-10-17 06:49:51,32500.0,1000.0,1086900.0
469,2021-10-17 06:49:51,32500.0,100.0,1085900.0
470,2021-10-17 06:49:51,32500.0,500.0,1085800.0
471,2021-10-17 06:49:51,32500.0,100.0,1085300.0
472,2021-10-17 06:49:35,32600.0,100.0,1085200.0
473,2021-10-17 06:49:35,32600.0,300.0,1085100.0
474,2021-10-17 06:49:33,32600.0,100.0,1084800.0
475,2021-10-17 06:49:33,32600.0,600.0,1084700.0
476,2021-10-17 06:49:33,32600.0,600.0,1084100.0
477,2021-10-17 06:49:32,32600.0,400.0,1083500.0
478,2021-10-17 06:49:32,32600.0,800.0,1083100.0
479,2021-10-17 06:49:32,32600.0,200.0,1082300.0
480,2021-10-17 06:49:32,32600.0,1000.0,1082100.0
481,2021-10-17 06:49:32,32600.0,2000.0,1081100.0
482,2021-10-17 06:49:32,32600.0,100.0,1079100.0
483,2021-10-17 06:49:32,32600.0,200.0,1079000.0
484,2021-10-17 06:49:24,32600.0,100.0,1078800.0
485,2021-10-17 06:49:21,32600.0,200.0,1078700.0
486,2021-10-17 06:49:21,32600.0,100.0,1078500.0
487,2021-10-17 06:49:21,32600.0,100.0,1078400.0
488,2021-10-17 06:49:21,32600.0,300.0,1078300.0
489,2021-10-17 06:49:21,32600.0,100.0,1078000.0
490,2021-10-17 06:49:18,32600.0,100.0,1077900.0
491,2021-10-17 06:49:18,32600.0,1000.0,1077800.0
492,2021-10-17 06:49:18,32600.0,900.0,1076800.0
493,2021-10-17 06:49:12,32600.0,100.0,1075900.0
494,2021-10-17 06:49:12,32600.0,500.0,1075800.0
495,2021-10-17 06:49:12,32600.0,200.0,1075300.0
496,2021-10-17 06:49:12,32600.0,1000.0,1075100.0
497,2021-10-17 06:49:12,32600.0,100.0,1074100.0
498,2021-10-17 06:49:12,32600.0,1000.0,1074000.0
499,2021-10-17 06:49:12,32600.0,100.0,1073000.0
500,2021-10-17 06:49:10,32600.0,100.0,1072900.0
501,2021-10-17 06:49:09,32600.0,2800.0,1072800.0
502,2021-10-17 06:49:09,32650.0,900.0,1070000.0
503,2021-10-17 06:49:09,32650.0,1000.0,1069100.0
504,2021-10-17 06:49:09,32650.0,100.0,1068100.0
505,2021-10-17 06:49:09,32650.0,200.0,1068000.0
506,2021-10-17 06:48:43,32700.0,1000.0,1067800.0
507,2021-10-17 06:48:32,32700.0,200.0,1066800.0
508,2021-10-17 06:48:32,32700.0,100.0,1066600.0
509,2021-10-17 06:48:32,32700.0,500.0,1066500.0
510,2021-10-17 06:48:32,32800.0,100.0,1066000.0
511,2021-10-17 06:48:21,32700.0,1000.0,1065900.0
512,2021-10-17 06:48:01,32700.0,500.0,1064900.0
513,2021-10-17 06:48:01,32750.0,100.0,1064400.0
514,2021-10-17 06:48:01,32750.0,100.0,1064300.0
515,2021-10-17 06:48:01,32750.0,200.0,1064200.0
516,2021-10-17 06:48:01,32750.0,100.0,1064000.0
517,2021-10-17 06:47:28,32800.0,700.0,1063900.0
518,2021-10-17 06:46:55,32800.0,100.0,1063200.0
519,2021-10-17 06:46:41,32800.0,2200.0,1063100.0
520,2021-10-17 06:46:18,32900.0,200.0,1060900.0
521,2021-10-17 06:46:14,32900.0,300.0,1060700.0
522,2021-10-17 06:45:58,32900.0,100.0,1060400.0
523,2021-10-17 06:45:58,32900.0,100.0,1060300.0
524,2021-10-17 06:45:21,32900.0,500.0,1060200.0
525,2021-10-17 06:44:48,33000.0,300.0,1059700.0
526,2021-10-17 06:44:48,33000.0,100.0,1059400.0
527,2021-10-17 06:44:48,33000.0,300.0,1059300.0
528,2021-10-17 06:44:48,33000.0,100.0,1059000.0
529,2021-10-17 06:44:48,32900.0,100.0,1058900.0
530,2021-10-17 06:44:29,32900.0,1900.0,1058800.0
531,2021-10-17 06:43:16,32750.0,600.0,1056900.0
532,2021-10-17 06:43:16,32750.0,500.0,1056300.0
533,2021-10-17 06:43:05,32750.0,2000.0,1055800.0
534,2021-10-17 06:42:15,32750.0,200.0,1053800.0
535,2021-10-17 06:42:15,32750.0,200.0,1053600.0
536,2021-10-17 06:42:15,32750.0,100.0,1053400.0
537,2021-10-17 06:40:25,32900.0,300.0,1053300.0
538,2021-10-17 06:40:00,32650.0,100.0,1053000.0
539,2021-10-17 06:40:00,32650.0,1000.0,1052900.0
540,2021-10-17 06:40:00,32700.0,100.0,1051900.0
541,2021-10-17 06:40:00,32700.0,100.0,1051800.0
542,2021-10-17 06:40:00,32700.0,100.0,1051700.0
543,2021-10-17 06:40:00,32750.0,100.0,1051600.0
544,2021-10-17 06:39:56,32750.0,1000.0,1051500.0
545,2021-10-17 06:39:56,32750.0,1900.0,1050500.0
546,2021-10-17 06:39:51,32750.0,1000.0,1048600.0
547,2021-10-17 06:39:37,32750.0,100.0,1047600.0
548,2021-10-17 06:39:36,32700.0,100.0,1047500.0
549,2021-10-17 06:39:35,32700.0,200.0,1047400.0
550,2021-10-17 06:39:10,32700.0,600.0,1047200.0
551,2021-10-17 06:39:09,32700.0,500.0,1046600.0
552,2021-10-17 06:39:09,32700.0,100.0,1046100.0
553,2021-10-17 06:39:09,32700.0,400.0,1046000.0
554,2021-10-17 06:39:05,32750.0,100.0,1045600.0
555,2021-10-17 06:38:45,32700.0,200.0,1045500.0
556,2021-10-17 06:38:45,32750.0,300.0,1045300.0
557,2021-10-17 06:38:45,32750.0,100.0,1045000.0
558,2021-10-17 06:38:04,32700.0,100.0,1044900.0
559,2021-10-17 06:37:57,32700.0,100.0,1044800.0
560,2021-10-17 06:37:57,32700.0,100.0,1044700.0
561,2021-10-17 06:37:57,32700.0,200.0,1044600.0
562,2021-10-17 06:37:57,32700.0,100.0,1044400.0
563,2021-10-17 06:37:57,32700.0,300.0,1044300.0
564,2021-10-17 06:37:57,32700.0,100.0,1044000.0
565,2021-10-17 06:37:57,32700.0,1000.0,1043900.0
566,2021-10-17 06:37:57,32800.0,500.0,1042900.0
567,2021-10-17 06:37:57,32800.0,900.0,1042400.0
568,2021-10-17 06:37:52,32900.0,100.0,1041500.0
569,2021-10-17 06:37:21,32900.0,200.0,1041400.0
570,2021-10-17 06:37:15,32800.0,300.0,1041200.0
571,2021-10-17 06:37:08,32800.0,1000.0,1040900.0
572,2021-10-17 06:37:08,32800.0,500.0,1039900.0
573,2021-10-17 06:37:08,32800.0,200.0,1039400.0
574,2021-10-17 06:37:08,32800.0,700.0,1039200.0
575,2021-10-17 06:37:08,32800.0,300.0,1038500.0
576,2021-10-17 06:37:08,32800.0,300.0,1038200.0
577,2021-10-17 06:37:01,32800.0,500.0,1037900.0
578,2021-10-17 06:36:55,32800.0,300.0,1037400.0
579,2021-10-17 06:36:55,32800.0,100.0,1037100.0
580,2021-10-17 06:36:55,32800.0,100.0,1037000.0
581,2021-10-17 06:36:55,32800.0,100.0,1036900.0
582,2021-10-17 06:36:55,32800.0,300.0,1036800.0
583,2021-10-17 06:36:55,32800.0,700.0,1036500.0
584,2021-10-17 06:36:49,32800.0,300.0,1035800.0
585,2021-10-17 06:36:49,32800.0,800.0,1035500.0
586,2021-10-17 06:36:24,32800.0,200.0,1034700.0
587,2021-10-17 06:36:24,32800.0,100.0,1034500.0
588,2021-10-17 06:36:24,32800.0,500.0,1034400.0
589,2021-10-17 06:36:00,32800.0,5500.0,1033900.0
590,2021-10-17 06:36:00,32800.0,500.0,1028400.0
591,2021-10-17 06:35:47,32900.0,100.0,1027900.0
592,2021-10-17 06:35:47,32900.0,500.0,1027800.0
593,2021-10-17 06:35:47,32900.0,300.0,1027300.0
594,2021-10-17 06:35:47,32900.0,200.0,1027000.0
595,2021-10-17 06:35:47,32900.0,100.0,1026800.0
596,2021-10-17 06:35:47,32900.0,1000.0,1026700.0
597,2021-10-17 06:35:28,33000.0,2000.0,1025700.0
598,2021-10-17 06:35:27,33000.0,100.0,1023700.0
599,2021-10-17 06:35:27,33000.0,1000.0,1023600.0
600,2021-10-17 06:35:27,33000.0,1000.0,1022600.0
601,2021-10-17 06:35:27,33000.0,500.0,1021600.0
602,2021-10-17 06:35:27,33000.0,100.0,1021100.0
603,2021-10-17 06:35:27,33000.0,2000.0,1021000.0
604,2021-10-17 06:35:27,33000.0,500.0,1019000.0
605,2021-10-17 06:35:27,33000.0,700.0,1018500.0
606,2021-10-17 06:35:27,33000.0,1500.0,1017800.0
607,2021-10-17 06:35:27,33000.0,600.0,1016300.0
608,2021-10-17 06:35:27,33000.0,1000.0,1015700.0
609,2021-10-17 06:35:27,33000.0,200.0,1014700.0
610,2021-10-17 06:35:27,33000.0,7200.0,1014500.0
611,2021-10-17 06:35:07,33000.0,500.0,1007300.0
612,2021-10-17 06:34:58,33000.0,2300.0,1006800.0
613,2021-10-17 06:34:58,33000.0,100.0,1004500.0
614,2021-10-17 06:34:58,33000.0,100.0,1004400.0
615,2021-10-17 06:34:58,33000.0,100.0,1004300.0
616,2021-10-17 06:34:58,33000.0,200.0,1004200.0
617,2021-10-17 06:34:58,33000.0,500.0,1004000.0
618,2021-10-17 06:34:58,33000.0,700.0,1003500.0
619,2021-10-17 06:34:58,33000.0,2700.0,1002800.0
620,2021-10-17 06:34:58,33050.0,200.0,1000100.0
621,2021-10-17 06:34:58,33050.0,100.0,999900.0
622,2021-10-17 06:34:52,33100.0,700.0,999800.0
623,2021-10-17 06:34:52,33100.0,400.0,999100.0
624,2021-10-17 06:34:46,33100.0,100.0,998700.0
625,2021-10-17 06:34:46,33100.0,500.0,998600.0
626,2021-10-17 06:34:46,33100.0,100.0,998100.0
627,2021-10-17 06:34:46,33100.0,300.0,998000.0
628,2021-10-17 06:34:15,33100.0,100.0,997700.0
629,2021-10-17 06:32:52,33100.0,100.0,997600.0
630,2021-10-17 06:32:52,33100.0,100.0,997500.0
631,2021-10-17 06:32:52,33100.0,300.0,997400.0
632,2021-10-17 06:32:40,33100.0,1200.0,997100.0
633,2021-10-17 06:31:36,33100.0,300.0,995900.0
634,2021-10-17 06:31:27,33100.0,700.0,995600.0
635,2021-10-17 06:31:27,33100.0,400.0,994900.0
636,2021-10-17 06:31:27,33100.0,2500.0,994500.0
637,2021-10-17 06:31:27,33100.0,100.0,992000.0
638,2021-10-17 06:31:27,33150.0,500.0,991900.0
639,2021-10-17 06:31:27,33150.0,8300.0,991400.0
640,2021-10-17 06:31:06,33150.0,700.0,983100.0
641,2021-10-17 06:31:06,33150.0,300.0,982400.0
642,2021-10-17 06:31:06,33200.0,1000.0,982100.0
643,2021-10-17 06:30:52,33200.0,100.0,981100.0
644,2021-10-17 06:30:08,33200.0,100.0,981000.0
645,2021-10-17 06:30:08,33200.0,800.0,980900.0
646,2021-10-17 06:30:06,33300.0,200.0,980100.0
647,2021-10-17 06:29:51,33300.0,200.0,979900.0
648,2021-10-17 06:29:50,33200.0,200.0,979700.0
649,2021-10-17 06:29:50,33200.0,100.0,979500.0
650,2021-10-17 06:29:50,33200.0,100.0,979400.0
651,2021-10-17 06:29:02,33300.0,200.0,979300.0
652,2021-10-17 06:29:02,33300.0,100.0,979100.0
653,2021-10-17 06:27:38,33300.0,100.0,979000.0
654,2021-10-17 06:27:21,33300.0,600.0,978900.0
655,2021-10-17 06:27:09,33300.0,100.0,978300.0
656,2021-10-17 06:26:26,33300.0,100.0,978200.0
657,2021-10-17 06:26:21,33300.0,300.0,978100.0
658,2021-10-17 06:26:21,33200.0,100.0,977800.0
659,2021-10-17 06:25:51,33300.0,100.0,977700.0
660,2021-10-17 06:25:51,33300.0,100.0,977600.0
661,2021-10-17 06:23:02,33300.0,500.0,977500.0
662,2021-10-17 06:22:28,33300.0,400.0,977000.0
663,2021-10-17 06:22:28,33300.0,100.0,976600.0
664,2021-10-17 06:20:42,33300.0,800.0,976500.0
665,2021-10-17 06:20:42,33250.0,200.0,975700.0
666,2021-10-17 06:19:41,33250.0,100.0,975500.0
667,2021-10-17 06:19:19,33200.0,500.0,975400.0
668,2021-10-17 06:18:55,33300.0,100.0,974900.0
669,2021-10-17 06:18:46,33100.0,200.0,974800.0
670,2021-10-17 06:17:20,33300.0,100.0,974600.0
671,2021-10-17 06:16:12,33100.0,100.0,974500.0
672,2021-10-17 06:16:12,33100.0,100.0,974400.0
673,2021-10-17 06:16:00,33100.0,200.0,974300.0
674,2021-10-17 06:16:00,33100.0,100.0,974100.0
675,2021-10-17 06:16:00,33100.0,100.0,974000.0
676,2021-10-17 06:16:00,33100.0,100.0,973900.0
677,2021-10-17 06:15:53,33100.0,1000.0,973800.0
678,2021-10-17 06:15:52,33300.0,100.0,972800.0
679,2021-10-17 06:13:53,33100.0,100.0,972700.0
680,2021-10-17 06:13:20,33100.0,200.0,972600.0
681,2021-10-17 06:13:19,33300.0,100.0,972400.0
682,2021-10-17 06:13:05,33300.0,200.0,972300.0
683,2021-10-17 06:11:49,33050.0,500.0,972100.0
684,2021-10-17 06:11:17,33050.0,500.0,971600.0
685,2021-10-17 06:11:17,33050.0,100.0,971100.0
686,2021-10-17 06:11:17,33050.0,100.0,971000.0
687,2021-10-17 06:11:17,33100.0,1300.0,970900.0
688,2021-10-17 06:10:49,33100.0,700.0,969600.0
689,2021-10-17 06:10:49,33100.0,500.0,968900.0
690,2021-10-17 06:10:49,33200.0,200.0,968400.0
691,2021-10-17 06:10:44,33200.0,1800.0,968200.0
692,2021-10-17 06:10:44,33200.0,200.0,966400.0
693,2021-10-17 06:10:29,33200.0,1800.0,966200.0
694,2021-10-17 06:10:04,33200.0,1000.0,964400.0
695,2021-10-17 06:09:34,33300.0,500.0,963400.0
696,2021-10-17 06:08:56,33200.0,1000.0,962900.0
697,2021-10-17 06:08:56,33200.0,100.0,961900.0
698,2021-10-17 06:08:56,33200.0,200.0,961800.0
699,2021-10-17 06:08:48,33200.0,9800.0,961600.0
700,2021-10-17 06:08:48,33200.0,4500.0,951800.0
701,2021-10-17 06:08:48,33200.0,700.0,947300.0
702,2021-10-17 06:08:27,33200.0,300.0,946600.0
703,2021-10-17 06:08:27,33200.0,200.0,946300.0
704,2021-10-17 06:08:27,33300.0,300.0,946100.0
705,2021-10-17 06:08:27,33300.0,100.0,945800.0
706,2021-10-17 06:08:27,33350.0,2100.0,945700.0
707,2021-10-17 06:08:07,33400.0,200.0,943600.0
708,2021-10-17 06:08:07,33400.0,100.0,943400.0
709,2021-10-17 06:07:06,33400.0,100.0,943300.0
710,2021-10-17 06:06:59,33400.0,900.0,943200.0
711,2021-10-17 06:06:59,33400.0,1000.0,942300.0
712,2021-10-17 06:06:59,33400.0,100.0,941300.0
713,2021-10-17 06:06:35,33450.0,100.0,941200.0
714,2021-10-17 06:06:35,33450.0,600.0,941100.0
715,2021-10-17 06:06:29,33450.0,100.0,940500.0
716,2021-10-17 06:06:19,33450.0,4300.0,940400.0
717,2021-10-17 06:06:19,33450.0,200.0,936100.0
718,2021-10-17 06:06:19,33450.0,200.0,935900.0
719,2021-10-17 06:06:19,33450.0,300.0,935700.0
720,2021-10-17 06:04:54,33450.0,100.0,935400.0
721,2021-10-17 06:04:48,33450.0,600.0,935300.0
722,2021-10-17 06:04:48,33450.0,500.0,934700.0
723,2021-10-17 06:04:46,33450.0,100.0,934200.0
724,2021-10-17 06:04:44,33450.0,100.0,934100.0
725,2021-10-17 06:04:44,33450.0,1900.0,934000.0
726,2021-10-17 06:04:08,33450.0,100.0,932100.0
727,2021-10-17 06:04:06,33450.0,1000.0,932000.0
728,2021-10-17 06:03:58,33450.0,900.0,931000.0
729,2021-10-17 06:03:34,33500.0,200.0,930100.0
730,2021-10-17 06:03:07,33500.0,100.0,929900.0
731,2021-10-17 06:02:26,33500.0,2200.0,929800.0
732,2021-10-17 06:02:26,33500.0,200.0,927600.0
733,2021-10-17 06:02:26,33500.0,1000.0,927400.0
734,2021-10-17 06:02:26,33500.0,400.0,926400.0
735,2021-10-17 06:02:26,33500.0,1200.0,926000.0
736,2021-10-17 06:00:47,33450.0,200.0,924800.0
737,2021-10-17 06:00:47,33450.0,100.0,924600.0
738,2021-10-17 06:00:47,33450.0,200.0,924500.0
739,2021-10-17 06:00:41,33500.0,300.0,924300.0
740,2021-10-17 06:00:38,33450.0,300.0,924000.0
741,2021-10-17 06:00:32,33450.0,400.0,923700.0
742,2021-10-17 06:00:32,33450.0,100.0,923300.0
743,2021-10-17 06:00:10,33500.0,100.0,923200.0
744,2021-10-17 06:00:02,33500.0,500.0,923100.0
745,2021-10-17 04:29:12,33450.0,100.0,922600.0
746,2021-10-17 04:28:47,33450.0,200.0,922500.0
747,2021-10-17 04:28:17,33450.0,100.0,922300.0
748,2021-10-17 04:27:41,33450.0,100.0,922200.0
749,2021-10-17 04:27:14,33500.0,500.0,922100.0
750,2021-10-17 04:26:01,33450.0,100.0,921600.0
751,2021-10-17 04:25:51,33450.0,600.0,921500.0
752,2021-10-17 04:25:26,33450.0,300.0,920900.0
753,2021-10-17 04:25:26,33450.0,200.0,920600.0
754,2021-10-17 04:25:16,33450.0,100.0,920400.0
755,2021-10-17 04:24:27,33450.0,900.0,920300.0
756,2021-10-17 04:24:27,33450.0,100.0,919400.0
757,2021-10-17 04:24:25,33400.0,200.0,919300.0
758,2021-10-17 04:24:09,33400.0,100.0,919100.0
759,2021-10-17 04:22:33,33350.0,1300.0,919000.0
760,2021-10-17 04:22:33,33400.0,600.0,917700.0
761,2021-10-17 04:22:33,33400.0,100.0,917100.0
762,2021-10-17 04:21:38,33400.0,100.0,917000.0
763,2021-10-17 04:21:26,33400.0,300.0,916900.0
764,2021-10-17 04:16:53,33400.0,500.0,916600.0
765,2021-10-17 04:16:53,33400.0,1400.0,916100.0
766,2021-10-17 04:14:36,33400.0,600.0,914700.0
767,2021-10-17 04:14:02,33400.0,100.0,914100.0
768,2021-10-17 04:14:02,33400.0,200.0,914000.0
769,2021-10-17 04:14:02,33400.0,100.0,913800.0
770,2021-10-17 04:13:59,33350.0,500.0,913700.0
771,2021-10-17 04:13:59,33350.0,1000.0,913200.0
772,2021-10-17 04:13:59,33350.0,100.0,912200.0
773,2021-10-17 04:13:37,33350.0,100.0,912100.0
774,2021-10-17 04:12:45,33350.0,100.0,912000.0
775,2021-10-17 04:12:10,33350.0,200.0,911900.0
776,2021-10-17 04:12:09,33300.0,200.0,911700.0
777,2021-10-17 04:12:09,33300.0,300.0,911500.0
778,2021-10-17 04:11:49,33350.0,100.0,911200.0
779,2021-10-17 04:11:39,33350.0,200.0,911100.0
780,2021-10-17 04:11:11,33350.0,1200.0,910900.0
781,2021-10-17 04:10:16,33350.0,100.0,909700.0
782,2021-10-17 04:10:16,33350.0,700.0,909600.0
783,2021-10-17 04:09:41,33350.0,100.0,908900.0
784,2021-10-17 04:05:11,33350.0,100.0,908800.0
785,2021-10-17 04:05:04,33400.0,100.0,908700.0
786,2021-10-17 04:04:37,33450.0,100.0,908600.0
787,2021-10-17 04:04:13,33400.0,100.0,908500.0
788,2021-10-17 04:03:44,33400.0,300.0,908400.0
789,2021-10-17 04:03:19,33350.0,900.0,908100.0
790,2021-10-17 04:00:45,33000.0,700.0,907200.0
791,2021-10-17 04:00:45,33000.0,1600.0,906500.0
792,2021-10-17 04:00:12,33000.0,200.0,904900.0
793,2021-10-17 03:59:05,32800.0,100.0,904700.0
794,2021-10-17 03:59:01,33000.0,100.0,904600.0
795,2021-10-17 03:58:49,32800.0,100.0,904500.0
796,2021-10-17 03:58:37,32800.0,100.0,904400.0
797,2021-10-17 03:58:37,32800.0,200.0,904300.0
798,2021-10-17 03:58:37,32800.0,100.0,904100.0
799,2021-10-17 03:58:37,32800.0,100.0,904000.0
800,2021-10-17 03:58:20,32900.0,600.0,903900.0
801,2021-10-17 03:58:12,32900.0,100.0,903300.0
802,2021-10-17 03:58:12,32900.0,100.0,903200.0
803,2021-10-17 03:58:12,32900.0,100.0,903100.0
804,2021-10-17 03:58:12,32900.0,100.0,903000.0
805,2021-10-17 03:58:12,32900.0,200.0,902900.0
806,2021-10-17 03:58:00,33000.0,100.0,902700.0
807,2021-10-17 03:57:57,33000.0,100.0,902600.0
808,2021-10-17 03:56:51,33000.0,100.0,902500.0
809,2021-10-17 03:56:51,33000.0,100.0,902400.0
810,2021-10-17 03:56:51,33000.0,100.0,902300.0
811,2021-10-17 03:56:51,33000.0,2300.0,902200.0
812,2021-10-17 03:56:51,33000.0,100.0,899900.0
813,2021-10-17 03:56:51,33000.0,100.0,899800.0
814,2021-10-17 03:56:51,33000.0,100.0,899700.0
815,2021-10-17 03:56:51,33000.0,100.0,899600.0
816,2021-10-17 03:56:51,33000.0,1300.0,899500.0
817,2021-10-17 03:56:51,33000.0,5000.0,898200.0
818,2021-10-17 03:56:51,33000.0,200.0,893200.0
819,2021-10-17 03:56:51,33000.0,100.0,893000.0
820,2021-10-17 03:56:51,33000.0,100.0,892900.0
821,2021-10-17 03:56:51,33000.0,1000.0,892800.0
822,2021-10-17 03:56:51,33000.0,900.0,891800.0
823,2021-10-17 03:56:51,33000.0,500.0,890900.0
824,2021-10-17 03:56:51,33000.0,200.0,890400.0
825,2021-10-17 03:56:51,33000.0,100.0,890200.0
826,2021-10-17 03:56:51,33000.0,1000.0,890100.0
827,2021-10-17 03:56:51,33000.0,1000.0,889100.0
828,2021-10-17 03:56:51,33000.0,500.0,888100.0
829,2021-10-17 03:56:51,33000.0,100.0,887600.0
830,2021-10-17 03:56:51,33000.0,100.0,887500.0
831,2021-10-17 03:56:51,33000.0,500.0,887400.0
832,2021-10-17 03:56:51,33000.0,100.0,886900.0
833,2021-10-17 03:56:51,33000.0,200.0,886800.0
834,2021-10-17 03:56:51,33000.0,500.0,886600.0
835,2021-10-17 03:56:51,33000.0,900.0,886100.0
836,2021-10-17 03:56:51,33000.0,500.0,885200.0
837,2021-10-17 03:56:51,33000.0,100.0,884700.0
838,2021-10-17 03:56:47,33000.0,100.0,884600.0
839,2021-10-17 03:56:47,33000.0,100.0,884500.0
840,2021-10-17 03:56:37,33000.0,400.0,884400.0
841,2021-10-17 03:55:51,33000.0,300.0,884000.0
842,2021-10-17 03:55:45,33000.0,300.0,883700.0
843,2021-10-17 03:55:19,33000.0,100.0,883400.0
844,2021-10-17 03:55:19,33000.0,200.0,883300.0
845,2021-10-17 03:55:19,33000.0,200.0,883100.0
846,2021-10-17 03:55:19,33050.0,300.0,882900.0
847,2021-10-17 03:55:19,33050.0,200.0,882600.0
848,2021-10-17 03:55:19,33100.0,300.0,882400.0
849,2021-10-17 03:55:19,33100.0,100.0,882100.0
850,2021-10-17 03:55:19,33100.0,100.0,882000.0
851,2021-10-17 03:55:19,33100.0,100.0,881900.0
852,2021-10-17 03:55:19,33100.0,300.0,881800.0
853,2021-10-17 03:55:19,33300.0,100.0,881500.0
854,2021-10-17 03:55:19,33300.0,800.0,881400.0
855,2021-10-17 03:55:04,33300.0,100.0,880600.0
856,2021-10-17 03:54:57,33300.0,100.0,880500.0
857,2021-10-17 03:53:49,33100.0,200.0,880400.0
858,2021-10-17 03:53:49,33100.0,300.0,880200.0
859,2021-10-17 03:53:49,33100.0,600.0,879900.0
860,2021-10-17 03:53:49,33200.0,200.0,879300.0
861,2021-10-17 03:53:49,33200.0,500.0,879100.0
862,2021-10-17 03:53:49,33200.0,500.0,878600.0
863,2021-10-17 03:53:49,33200.0,300.0,878100.0
864,2021-10-17 03:53:49,33200.0,1000.0,877800.0
865,2021-10-17 03:53:49,33200.0,100.0,876800.0
866,2021-10-17 03:53:49,33200.0,1000.0,876700.0
867,2021-10-17 03:53:49,33300.0,100.0,875700.0
868,2021-10-17 03:53:49,33300.0,100.0,875600.0
869,2021-10-17 03:53:49,33300.0,100.0,875500.0
870,2021-10-17 03:53:14,33450.0,100.0,875400.0
871,2021-10-17 03:53:14,33450.0,200.0,875300.0
872,2021-10-17 03:53:14,33450.0,200.0,875100.0
873,2021-10-17 03:52:39,33450.0,100.0,874900.0
874,2021-10-17 03:50:37,33200.0,500.0,874800.0
875,2021-10-17 03:50:37,33200.0,100.0,874300.0
876,2021-10-17 03:50:37,33400.0,100.0,874200.0
877,2021-10-17 03:49:42,33400.0,100.0,874100.0
878,2021-10-17 03:49:42,33400.0,100.0,874000.0
879,2021-10-17 03:49:42,33400.0,500.0,873900.0
880,2021-10-17 03:49:42,33400.0,100.0,873400.0
881,2021-10-17 03:49:24,33300.0,100.0,873300.0
882,2021-10-17 03:49:15,33300.0,1400.0,873200.0
883,2021-10-17 03:49:08,33300.0,100.0,871800.0
884,2021-10-17 03:49:01,33300.0,800.0,871700.0
885,2021-10-17 03:48:38,33400.0,100.0,870900.0
886,2021-10-17 03:48:16,33300.0,700.0,870800.0
887,2021-10-17 03:46:39,33300.0,100.0,870100.0
888,2021-10-17 03:46:12,33300.0,100.0,870000.0
889,2021-10-17 03:45:05,33300.0,200.0,869900.0
890,2021-10-17 03:45:05,33300.0,500.0,869700.0
891,2021-10-17 03:45:05,33300.0,300.0,869200.0
892,2021-10-17 03:44:38,33300.0,300.0,868900.0
893,2021-10-17 03:44:24,33300.0,1000.0,868600.0
894,2021-10-17 03:44:15,33300.0,500.0,867600.0
895,2021-10-17 03:43:49,33200.0,200.0,867100.0
896,2021-10-17 03:43:49,33200.0,200.0,866900.0
897,2021-10-17 03:43:21,33200.0,200.0,866700.0
898,2021-10-17 03:43:21,33200.0,100.0,866500.0
899,2021-10-17 03:43:21,33200.0,100.0,866400.0
900,2021-10-17 03:43:21,33200.0,100.0,866300.0
901,2021-10-17 03:43:21,33200.0,200.0,866200.0
902,2021-10-17 03:43:21,33200.0,100.0,866000.0
903,2021-10-17 03:43:21,33200.0,100.0,865900.0
904,2021-10-17 03:43:21,33250.0,1100.0,865800.0
905,2021-10-17 03:43:10,33250.0,200.0,864700.0
906,2021-10-17 03:42:42,33250.0,200.0,864500.0
907,2021-10-17 03:42:42,33250.0,100.0,864300.0
908,2021-10-17 03:42:42,33250.0,500.0,864200.0
909,2021-10-17 03:42:42,33250.0,100.0,863700.0
910,2021-10-17 03:42:42,33300.0,100.0,863600.0
911,2021-10-17 03:42:42,33300.0,900.0,863500.0
912,2021-10-17 03:42:42,33300.0,1000.0,862600.0
913,2021-10-17 03:41:46,33300.0,500.0,861600.0
914,2021-10-17 03:41:46,33300.0,100.0,861100.0
915,2021-10-17 03:41:46,33300.0,700.0,861000.0
916,2021-10-17 03:41:46,33300.0,200.0,860300.0
917,2021-10-17 03:41:46,33300.0,100.0,860100.0
918,2021-10-17 03:41:46,33300.0,2500.0,860000.0
919,2021-10-17 03:41:46,33300.0,100.0,857500.0
920,2021-10-17 03:41:46,33300.0,200.0,857400.0
921,2021-10-17 03:41:46,33300.0,100.0,857200.0
922,2021-10-17 03:41:46,33400.0,200.0,857100.0
923,2021-10-17 03:41:46,33400.0,100.0,856900.0
924,2021-10-17 03:41:46,33400.0,200.0,856800.0
925,2021-10-17 03:39:52,33500.0,100.0,856600.0
926,2021-10-17 03:39:52,33500.0,900.0,856500.0
927,2021-10-17 03:38:22,33500.0,4100.0,855600.0
928,2021-10-17 03:38:17,33500.0,1600.0,851500.0
929,2021-10-17 03:37:46,33400.0,300.0,849900.0
930,2021-10-17 03:37:46,33400.0,100.0,849600.0
931,2021-10-17 03:37:38,33400.0,600.0,849500.0
932,2021-10-17 03:37:38,33400.0,500.0,848900.0
933,2021-10-17 03:37:38,33400.0,100.0,848400.0
934,2021-10-17 03:37:38,33400.0,500.0,848300.0
935,2021-10-17 03:37:03,33500.0,100.0,847800.0
936,2021-10-17 03:32:24,33550.0,100.0,847700.0
937,2021-10-17 03:31:51,33550.0,500.0,847600.0
938,2021-10-17 03:31:13,33500.0,1000.0,847100.0
939,2021-10-17 03:31:13,33500.0,100.0,846100.0
940,2021-10-17 03:31:13,33500.0,200.0,846000.0
941,2021-10-17 03:31:13,33500.0,700.0,845800.0
942,2021-10-17 03:30:39,33500.0,1000.0,845100.0
943,2021-10-17 03:30:26,33500.0,500.0,844100.0
944,2021-10-17 03:30:19,33550.0,100.0,843600.0
945,2021-10-17 03:30:19,33550.0,300.0,843500.0
946,2021-10-17 03:28:53,33500.0,200.0,843200.0
947,2021-10-17 03:27:55,33300.0,600.0,843000.0
948,2021-10-17 03:27:55,33300.0,500.0,842400.0
949,2021-10-17 03:27:55,33300.0,100.0,841900.0
950,2021-10-17 03:27:21,33300.0,3800.0,841800.0
951,2021-10-17 03:27:21,33350.0,100.0,838000.0
952,2021-10-17 03:27:09,33500.0,100.0,837900.0
953,2021-10-17 03:27:07,33300.0,1100.0,837800.0
954,2021-10-17 03:27:07,33300.0,900.0,836700.0
955,2021-10-17 03:26:41,33300.0,100.0,835800.0
956,2021-10-17 03:26:22,33300.0,1200.0,835700.0
957,2021-10-17 03:26:22,33350.0,200.0,834500.0
958,2021-10-17 03:26:22,33350.0,100.0,834300.0
959,2021-10-17 03:26:06,33500.0,200.0,834200.0
960,2021-10-17 03:26:06,33500.0,200.0,834000.0
961,2021-10-17 03:25:05,33500.0,100.0,833800.0
962,2021-10-17 03:24:29,33550.0,100.0,833700.0
963,2021-10-17 03:23:43,33500.0,900.0,833600.0
964,2021-10-17 03:23:23,33500.0,100.0,832700.0
965,2021-10-17 03:23:11,33500.0,100.0,832600.0
966,2021-10-17 03:23:03,33500.0,100.0,832500.0
967,2021-10-17 03:22:57,33500.0,300.0,832400.0
968,2021-10-17 03:22:16,33500.0,200.0,832100.0
969,2021-10-17 03:21:55,33500.0,200.0,831900.0
970,2021-10-17 03:21:38,33500.0,100.0,831700.0
971,2021-10-17 03:21:25,33300.0,2800.0,831600.0
972,2021-10-17 03:21:20,33300.0,100.0,828800.0
973,2021-10-17 03:21:08,33300.0,2100.0,828700.0
974,2021-10-17 03:20:55,33300.0,300.0,826600.0
975,2021-10-17 03:20:52,33300.0,300.0,826300.0
976,2021-10-17 03:20:45,33300.0,500.0,826000.0
977,2021-10-17 03:20:42,33300.0,100.0,825500.0
978,2021-10-17 03:20:33,33300.0,100.0,825400.0
979,2021-10-17 03:20:17,33300.0,1000.0,825300.0
980,2021-10-17 03:20:14,33300.0,200.0,824300.0
981,2021-10-17 03:19:59,33250.0,200.0,824100.0
982,2021-10-17 03:19:53,33300.0,700.0,823900.0
983,2021-10-17 03:19:44,33250.0,100.0,823200.0
984,2021-10-17 03:19:44,33250.0,200.0,823100.0
985,2021-10-17 03:18:08,33250.0,300.0,822900.0
986,2021-10-17 03:17:56,33300.0,100.0,822600.0
987,2021-10-17 03:17:53,33300.0,100.0,822500.0
988,2021-10-17 03:17:47,33300.0,100.0,822400.0
989,2021-10-17 03:17:40,33300.0,500.0,822300.0
990,2021-10-17 03:17:31,33300.0,500.0,821800.0
991,2021-10-17 03:17:26,33300.0,200.0,821300.0
992,2021-10-17 03:17:14,33200.0,100.0,821100.0
993,2021-10-17 03:17:12,33200.0,700.0,821000.0
994,2021-10-17 03:17:10,33300.0,600.0,820300.0
995,2021-10-17 03:16:57,33200.0,100.0,819700.0
996,2021-10-17 03:16:47,33200.0,300.0,819600.0
997,2021-10-17 03:16:47,33200.0,300.0,819300.0
998,2021-10-17 03:16:47,33200.0,300.0,819000.0
999,2021-10-17 03:16:47,33200.0,100.0,818700.0
1000,2021-10-17 03:16:38,33300.0,500.0,818600.0
1001,2021-10-17 03:16:16,33200.0,100.0,818100.0
1002,2021-10-17 03:16:04,33300.0,300.0,818000.0
1003,2021-10-17 03:16:04,33300.0,200.0,817700.0
1004,2021-10-17 03:16:04,33300.0,10000.0,817500.0
1005,2021-10-17 03:16:04,33300.0,200.0,807500.0
1006,2021-10-17 03:16:04,33300.0,100.0,807300.0
1007,2021-10-17 03:16:04,33300.0,200.0,807200.0
1008,2021-10-17 03:16:04,33400.0,500.0,807000.0
1009,2021-10-17 03:16:04,33400.0,300.0,806500.0
1010,2021-10-17 03:16:04,33400.0,200.0,806200.0
1011,2021-10-17 03:16:04,33400.0,1400.0,806000.0
1012,2021-10-17 03:16:04,33400.0,200.0,804600.0
1013,2021-10-17 03:16:04,33400.0,500.0,804400.0
1014,2021-10-17 03:16:04,33400.0,800.0,803900.0
1015,2021-10-17 03:15:59,33500.0,100.0,803100.0
1016,2021-10-17 03:15:40,33500.0,200.0,803000.0
1017,2021-10-17 03:15:26,33500.0,100.0,802800.0
1018,2021-10-17 03:15:16,33500.0,200.0,802700.0
1019,2021-10-17 03:15:16,33500.0,100.0,802500.0
1020,2021-10-17 03:15:16,33500.0,200.0,802400.0
1021,2021-10-17 03:15:16,33500.0,100.0,802200.0
1022,2021-10-17 03:14:53,33600.0,100.0,802100.0
1023,2021-10-17 03:14:34,33600.0,100.0,802000.0
1024,2021-10-17 03:14:20,33600.0,2000.0,801900.0
1025,2021-10-17 03:14:04,33600.0,100.0,799900.0
1026,2021-10-17 03:14:00,33600.0,100.0,799800.0
1027,2021-10-17 03:13:49,33600.0,100.0,799700.0
1028,2021-10-17 03:13:48,33600.0,700.0,799600.0
1029,2021-10-17 03:13:42,33500.0,100.0,798900.0
1030,2021-10-17 03:13:36,33500.0,500.0,798800.0
1031,2021-10-17 03:13:33,33500.0,100.0,798300.0
1032,2021-10-17 03:13:33,33500.0,1000.0,798200.0
1033,2021-10-17 03:13:28,33500.0,1400.0,797200.0
1034,2021-10-17 03:13:28,33500.0,5000.0,795800.0
1035,2021-10-17 03:13:28,33550.0,100.0,790800.0
1036,2021-10-17 03:13:28,33550.0,500.0,790700.0
1037,2021-10-17 03:13:12,33600.0,100.0,790200.0
1038,2021-10-17 03:12:40,33600.0,1000.0,790100.0
1039,2021-10-17 03:12:28,33700.0,200.0,789100.0
1040,2021-10-17 03:12:15,33800.0,200.0,788900.0
1041,2021-10-17 03:11:58,33800.0,2000.0,788700.0
1042,2021-10-17 03:11:58,33800.0,6000.0,786700.0
1043,2021-10-17 03:11:50,33800.0,1000.0,780700.0
1044,2021-10-17 03:11:47,33800.0,3000.0,779700.0
1045,2021-10-17 03:11:32,33850.0,900.0,776700.0
1046,2021-10-17 03:11:07,33850.0,400.0,775800.0
1047,2021-10-17 03:11:07,33900.0,100.0,775400.0
1048,2021-10-17 03:10:39,34000.0,600.0,775300.0
1049,2021-10-17 03:10:30,34000.0,400.0,774700.0
1050,2021-10-17 03:10:30,34000.0,100.0,774300.0
1051,2021-10-17 03:10:26,33900.0,100.0,774200.0
1052,2021-10-17 03:10:16,33900.0,100.0,774100.0
1053,2021-10-17 03:10:02,34000.0,100.0,774000.0
1054,2021-10-17 03:10:02,34000.0,200.0,773900.0
1055,2021-10-17 03:09:40,34000.0,200.0,773700.0
1056,2021-10-17 03:09:40,34000.0,300.0,773500.0
1057,2021-10-17 03:09:38,34000.0,200.0,773200.0
1058,2021-10-17 03:09:37,34000.0,100.0,773000.0
1059,2021-10-17 03:09:30,34000.0,300.0,772900.0
1060,2021-10-17 03:09:30,34000.0,100.0,772600.0
1061,2021-10-17 03:09:10,34000.0,400.0,772500.0
1062,2021-10-17 03:09:02,34000.0,500.0,772100.0
1063,2021-10-17 03:09:02,34000.0,800.0,771600.0
1064,2021-10-17 03:08:58,34000.0,100.0,770800.0
1065,2021-10-17 03:08:58,34000.0,400.0,770700.0
1066,2021-10-17 03:08:58,34000.0,100.0,770300.0
1067,2021-10-17 03:08:58,34000.0,1100.0,770200.0
1068,2021-10-17 03:08:47,34000.0,100.0,769100.0
1069,2021-10-17 03:08:45,34000.0,100.0,769000.0
1070,2021-10-17 03:08:11,34000.0,200.0,768900.0
1071,2021-10-17 03:07:53,34000.0,100.0,768700.0
1072,2021-10-17 03:07:35,34000.0,300.0,768600.0
1073,2021-10-17 03:07:18,34000.0,500.0,768300.0
1074,2021-10-17 03:06:36,34000.0,400.0,767800.0
1075,2021-10-17 03:06:30,34000.0,1200.0,767400.0
1076,2021-10-17 03:06:22,33900.0,100.0,766200.0
1077,2021-10-17 03:06:06,34000.0,100.0,766100.0
1078,2021-10-17 03:06:06,34000.0,200.0,766000.0
1079,2021-10-17 03:06:06,34000.0,1000.0,765800.0
1080,2021-10-17 03:06:06,34000.0,100.0,764800.0
1081,2021-10-17 03:06:06,34000.0,1000.0,764700.0
1082,2021-10-17 03:06:06,34000.0,800.0,763700.0
1083,2021-10-17 03:06:06,34000.0,100.0,762900.0
1084,2021-10-17 03:06:06,34000.0,100.0,762800.0
1085,2021-10-17 03:06:06,34000.0,100.0,762700.0
1086,2021-10-17 03:06:06,34000.0,5000.0,762600.0
1087,2021-10-17 03:06:06,34000.0,500.0,757600.0
1088,2021-10-17 03:06:06,34000.0,100.0,757100.0
1089,2021-10-17 03:06:06,34050.0,100.0,757000.0
1090,2021-10-17 03:06:06,34050.0,700.0,756900.0
1091,2021-10-17 03:06:02,34050.0,1000.0,756200.0
1092,2021-10-17 03:06:02,34050.0,300.0,755200.0
1093,2021-10-17 03:06:02,34050.0,2000.0,754900.0
1094,2021-10-17 03:05:37,34050.0,1300.0,752900.0
1095,2021-10-17 03:05:37,34050.0,100.0,751600.0
1096,2021-10-17 03:05:36,34100.0,200.0,751500.0
1097,2021-10-17 03:05:36,34100.0,300.0,751300.0
1098,2021-10-17 03:05:36,34100.0,100.0,751000.0
1099,2021-10-17 03:05:36,34100.0,200.0,750900.0
1100,2021-10-17 03:05:01,34100.0,100.0,750700.0
1101,2021-10-17 03:04:45,34400.0,500.0,750600.0
1102,2021-10-17 03:04:45,34400.0,100.0,750100.0
1103,2021-10-17 03:04:01,34400.0,100.0,750000.0
1104,2021-10-17 03:03:00,34400.0,100.0,749900.0
1105,2021-10-17 03:02:31,34450.0,900.0,749800.0
1106,2021-10-17 03:02:23,34450.0,500.0,748900.0
1107,2021-10-17 03:02:23,34450.0,100.0,748400.0
1108,2021-10-17 03:02:23,34450.0,100.0,748300.0
1109,2021-10-17 03:02:23,34450.0,100.0,748200.0
1110,2021-10-17 03:01:43,34450.0,100.0,748100.0
1111,2021-10-17 03:01:43,34450.0,200.0,748000.0
1112,2021-10-17 03:01:41,34450.0,1500.0,747800.0
1113,2021-10-17 03:01:41,34400.0,400.0,746300.0
1114,2021-10-17 03:01:24,34400.0,100.0,745900.0
1115,2021-10-17 03:01:07,34100.0,200.0,745800.0
1116,2021-10-17 03:01:07,34100.0,100.0,745600.0
1117,2021-10-17 03:00:05,34450.0,2300.0,745500.0
1118,2021-10-17 03:00:05,34400.0,1000.0,743200.0
1119,2021-10-17 03:00:05,34300.0,200.0,742200.0
1120,2021-10-17 03:00:05,34300.0,1000.0,742000.0
1121,2021-10-17 03:00:05,34300.0,200.0,741000.0
1122,2021-10-17 03:00:05,34300.0,100.0,740800.0
1123,2021-10-17 03:00:05,34200.0,100.0,740700.0
1124,2021-10-17 03:00:05,34150.0,100.0,740600.0
1125,2021-10-17 02:59:29,34100.0,100.0,740500.0
1126,2021-10-17 02:59:27,34050.0,100.0,740400.0
1127,2021-10-17 02:58:20,34200.0,100.0,740300.0
1128,2021-10-17 02:58:07,34300.0,100.0,740200.0
1129,2021-10-17 02:58:07,34300.0,100.0,740100.0
1130,2021-10-17 02:58:07,34300.0,100.0,740000.0
1131,2021-10-17 02:58:07,34300.0,100.0,739900.0
1132,2021-10-17 02:58:07,34300.0,100.0,739800.0
1133,2021-10-17 02:57:53,34450.0,200.0,739700.0
1134,2021-10-17 02:57:36,34450.0,800.0,739500.0
1135,2021-10-17 02:57:36,34450.0,800.0,738700.0
1136,2021-10-17 02:57:36,34450.0,500.0,737900.0
1137,2021-10-17 02:57:36,34450.0,100.0,737400.0
1138,2021-10-17 02:57:36,34400.0,100.0,737300.0
1139,2021-10-17 02:57:13,34300.0,1900.0,737200.0
1140,2021-10-17 02:57:13,34300.0,100.0,735300.0
1141,2021-10-17 02:57:00,34300.0,100.0,735200.0
1142,2021-10-17 02:56:34,34300.0,100.0,735100.0
1143,2021-10-17 02:56:32,34300.0,500.0,735000.0
1144,2021-10-17 02:56:20,34300.0,100.0,734500.0
1145,2021-10-17 02:56:20,34300.0,200.0,734400.0
1146,2021-10-17 02:56:20,34300.0,400.0,734200.0
1147,2021-10-17 02:56:20,34300.0,200.0,733800.0
1148,2021-10-17 02:56:20,34300.0,100.0,733600.0
1149,2021-10-17 02:56:20,34300.0,200.0,733500.0
1150,2021-10-17 02:55:24,34300.0,100.0,733300.0
1151,2021-10-17 02:55:24,34250.0,500.0,733200.0
1152,2021-10-17 02:55:10,34300.0,300.0,732700.0
1153,2021-10-17 02:54:27,34300.0,100.0,732400.0
1154,2021-10-17 02:54:12,34300.0,700.0,732300.0
1155,2021-10-17 02:54:12,34300.0,300.0,731600.0
1156,2021-10-17 02:54:11,34050.0,300.0,731300.0
1157,2021-10-17 02:54:11,34100.0,200.0,731000.0
1158,2021-10-17 02:54:04,34300.0,100.0,730800.0
1159,2021-10-17 02:53:27,34300.0,200.0,730700.0
1160,2021-10-17 02:53:10,34300.0,200.0,730500.0
1161,2021-10-17 02:52:54,34450.0,200.0,730300.0
1162,2021-10-17 02:52:42,34450.0,700.0,730100.0
1163,2021-10-17 02:52:42,34300.0,100.0,729400.0
1164,2021-10-17 02:52:29,34050.0,300.0,729300.0
1165,2021-10-17 02:52:12,34450.0,100.0,729000.0
1166,2021-10-17 02:52:02,34450.0,100.0,728900.0
1167,2021-10-17 02:51:38,34450.0,100.0,728800.0
1168,2021-10-17 02:51:03,34450.0,100.0,728700.0
1169,2021-10-17 02:50:55,34500.0,200.0,728600.0
1170,2021-10-17 02:50:53,34600.0,200.0,728400.0
1171,2021-10-17 02:50:52,34600.0,100.0,728200.0
1172,2021-10-17 02:50:52,34600.0,500.0,728100.0
1173,2021-10-17 02:50:52,34600.0,300.0,727600.0
1174,2021-10-17 02:50:52,34600.0,1000.0,727300.0
1175,2021-10-17 02:50:52,34600.0,2400.0,726300.0
1176,2021-10-17 02:50:52,34500.0,100.0,723900.0
1177,2021-10-17 02:50:52,34500.0,100.0,723800.0
1178,2021-10-17 02:50:52,34500.0,100.0,723700.0
1179,2021-10-17 02:50:50,34500.0,100.0,723600.0
1180,2021-10-17 02:50:42,34500.0,600.0,723500.0
1181,2021-10-17 02:50:38,34600.0,100.0,722900.0
1182,2021-10-17 02:50:31,34500.0,200.0,722800.0
1183,2021-10-17 02:50:20,34500.0,2100.0,722600.0
1184,2021-10-17 02:50:07,34500.0,200.0,720500.0
1185,2021-10-17 02:50:07,34500.0,200.0,720300.0
1186,2021-10-17 02:50:07,34500.0,5000.0,720100.0
1187,2021-10-17 02:50:07,34500.0,200.0,715100.0
1188,2021-10-17 02:50:07,34500.0,1000.0,714900.0
1189,2021-10-17 02:50:07,34500.0,300.0,713900.0
1190,2021-10-17 02:50:05,34000.0,700.0,713600.0
1191,2021-10-17 02:49:56,34000.0,400.0,712900.0
1192,2021-10-17 02:49:55,34500.0,700.0,712500.0
1193,2021-10-17 02:49:55,34500.0,100.0,711800.0
1194,2021-10-17 02:49:55,34200.0,100.0,711700.0
1195,2021-10-17 02:49:44,34200.0,100.0,711600.0
1196,2021-10-17 02:49:28,34200.0,300.0,711500.0
1197,2021-10-17 02:49:28,34200.0,100.0,711200.0
1198,2021-10-17 02:49:20,34000.0,100.0,711100.0
1199,2021-10-17 02:49:19,34000.0,100.0,711000.0
1200,2021-10-17 02:49:19,34000.0,1000.0,710900.0
1201,2021-10-17 02:49:19,34000.0,9000.0,709900.0
1202,2021-10-17 02:49:19,34000.0,1000.0,700900.0
1203,2021-10-17 02:49:19,34000.0,100.0,699900.0
1204,2021-10-17 02:49:19,34000.0,300.0,699800.0
1205,2021-10-17 02:49:19,34000.0,500.0,699500.0
1206,2021-10-17 02:49:19,34000.0,1000.0,699000.0
1207,2021-10-17 02:49:19,34000.0,100.0,698000.0
1208,2021-10-17 02:49:19,34000.0,700.0,697900.0
1209,2021-10-17 02:49:19,34000.0,1000.0,697200.0
1210,2021-10-17 02:49:19,34000.0,1500.0,696200.0
1211,2021-10-17 02:49:19,34000.0,200.0,694700.0
1212,2021-10-17 02:49:07,33850.0,200.0,694500.0
1213,2021-10-17 02:49:07,33900.0,100.0,694300.0
1214,2021-10-17 02:49:07,33900.0,200.0,694200.0
1215,2021-10-17 02:49:06,33950.0,100.0,694000.0
1216,2021-10-17 02:49:06,33950.0,900.0,693900.0
1217,2021-10-17 02:48:44,33950.0,100.0,693000.0
1218,2021-10-17 02:48:39,34000.0,100.0,692900.0
1219,2021-10-17 02:48:18,34000.0,100.0,692800.0
1220,2021-10-17 02:48:15,34000.0,500.0,692700.0
1221,2021-10-17 02:48:15,34000.0,100.0,692200.0
1222,2021-10-17 02:47:44,33950.0,100.0,692100.0
1223,2021-10-17 02:47:42,33900.0,1000.0,692000.0
1224,2021-10-17 02:47:42,33900.0,100.0,691000.0
1225,2021-10-17 02:47:28,33950.0,400.0,690900.0
1226,2021-10-17 02:47:28,33950.0,400.0,690500.0
1227,2021-10-17 02:47:28,33950.0,200.0,690100.0
1228,2021-10-17 02:47:18,33900.0,300.0,689900.0
1229,2021-10-17 02:47:15,33850.0,200.0,689600.0
1230,2021-10-17 02:46:49,33850.0,300.0,689400.0
1231,2021-10-17 02:46:49,33850.0,1000.0,689100.0
1232,2021-10-17 02:46:49,33850.0,2000.0,688100.0
1233,2021-10-17 02:46:49,33850.0,1000.0,686100.0
1234,2021-10-17 02:46:42,33850.0,500.0,685100.0
1235,2021-10-17 02:46:39,33850.0,1000.0,684600.0
1236,2021-10-17 02:46:33,33850.0,200.0,683600.0
1237,2021-10-17 02:46:33,33800.0,100.0,683400.0
1238,2021-10-17 02:46:09,33850.0,100.0,683300.0
1239,2021-10-17 02:46:09,33850.0,200.0,683200.0
1240,2021-10-17 02:45:38,33850.0,100.0,683000.0
1241,2021-10-17 02:45:22,33550.0,100.0,682900.0
1242,2021-10-17 02:45:22,33550.0,100.0,682800.0
1243,2021-10-17 02:45:22,33550.0,200.0,682700.0
1244,2021-10-17 02:44:52,33600.0,100.0,682500.0
1245,2021-10-17 02:44:38,33550.0,100.0,682400.0
1246,2021-10-17 02:44:36,33550.0,200.0,682300.0
1247,2021-10-17 02:44:36,33600.0,300.0,682100.0
1248,2021-10-17 02:44:11,33550.0,100.0,681800.0
1249,2021-10-17 02:44:10,33550.0,800.0,681700.0
1250,2021-10-17 02:43:56,33550.0,1200.0,680900.0
1251,2021-10-17 02:43:47,33400.0,1200.0,679700.0
1252,2021-10-17 02:43:47,33400.0,100.0,678500.0
1253,2021-10-17 02:43:42,33550.0,100.0,678400.0
1254,2021-10-17 02:43:06,33500.0,300.0,678300.0
1255,2021-10-17 02:42:48,33400.0,100.0,678000.0
1256,2021-10-17 02:42:48,33400.0,900.0,677900.0
1257,2021-10-17 02:42:42,33400.0,1000.0,677000.0
1258,2021-10-17 02:42:38,33400.0,1000.0,676000.0
1259,2021-10-17 02:42:34,33400.0,100.0,675000.0
1260,2021-10-17 02:42:33,33400.0,900.0,674900.0
1261,2021-10-17 02:42:33,33400.0,600.0,674000.0
1262,2021-10-17 02:42:33,33400.0,300.0,673400.0
1263,2021-10-17 02:42:28,33400.0,100.0,673100.0
1264,2021-10-17 02:42:10,33400.0,100.0,673000.0
1265,2021-10-17 02:42:03,33300.0,500.0,672900.0
1266,2021-10-17 02:42:03,33400.0,1000.0,672400.0
1267,2021-10-17 02:42:02,33300.0,100.0,671400.0
1268,2021-10-17 02:41:57,33300.0,100.0,671300.0
1269,2021-10-17 02:41:57,33300.0,100.0,671200.0
1270,2021-10-17 02:41:57,33300.0,100.0,671100.0
1271,2021-10-17 02:41:57,33300.0,500.0,671000.0
1272,2021-10-17 02:41:57,33350.0,200.0,670500.0
1273,2021-10-17 02:41:53,33400.0,300.0,670300.0
1274,2021-10-17 02:41:50,33350.0,100.0,670000.0
1275,2021-10-17 02:41:46,33400.0,100.0,669900.0
1276,2021-10-17 02:41:36,33400.0,100.0,669800.0
1277,2021-10-17 02:41:32,33400.0,300.0,669700.0
1278,2021-10-17 02:41:31,33400.0,600.0,669400.0
1279,2021-10-17 02:41:31,33400.0,100.0,668800.0
1280,2021-10-17 02:41:21,33500.0,100.0,668700.0
1281,2021-10-17 02:41:16,33500.0,100.0,668600.0
1282,2021-10-17 02:41:16,33500.0,100.0,668500.0
1283,2021-10-17 02:41:16,33500.0,300.0,668400.0
1284,2021-10-17 02:41:12,33500.0,100.0,668100.0
1285,2021-10-17 02:41:12,33500.0,100.0,668000.0
1286,2021-10-17 02:41:12,33500.0,100.0,667900.0
1287,2021-10-17 02:41:12,33500.0,200.0,667800.0
1288,2021-10-17 02:41:12,33500.0,100.0,667600.0
1289,2021-10-17 02:41:01,33550.0,200.0,667500.0
1290,2021-10-17 02:41:01,33550.0,500.0,667300.0
1291,2021-10-17 02:41:01,33550.0,100.0,666800.0
1292,2021-10-17 02:41:01,33550.0,200.0,666700.0
1293,2021-10-17 02:41:01,33550.0,200.0,666500.0
1294,2021-10-17 02:41:01,33550.0,500.0,666300.0
1295,2021-10-17 02:41:00,33550.0,300.0,665800.0
1296,2021-10-17 02:40:56,33600.0,100.0,665500.0
1297,2021-10-17 02:40:53,33600.0,800.0,665400.0
1298,2021-10-17 02:40:47,33600.0,100.0,664600.0
1299,2021-10-17 02:40:45,33600.0,300.0,664500.0
1300,2021-10-17 02:40:45,33600.0,100.0,664200.0
1301,2021-10-17 02:40:45,33600.0,500.0,664100.0
1302,2021-10-17 02:40:45,33600.0,300.0,663600.0
1303,2021-10-17 02:40:45,33600.0,200.0,663300.0
1304,2021-10-17 02:40:45,33600.0,100.0,663100.0
1305,2021-10-17 02:40:42,33600.0,200.0,663000.0
1306,2021-10-17 02:40:42,33600.0,100.0,662800.0
1307,2021-10-17 02:40:42,33600.0,1000.0,662700.0
1308,2021-10-17 02:40:42,33600.0,100.0,661700.0
1309,2021-10-17 02:40:42,33600.0,1000.0,661600.0
1310,2021-10-17 02:40:42,33600.0,100.0,660600.0
1311,2021-10-17 02:40:42,33600.0,500.0,660500.0
1312,2021-10-17 02:40:30,33600.0,300.0,660000.0
1313,2021-10-17 02:40:22,33600.0,100.0,659700.0
1314,2021-10-17 02:39:56,33600.0,100.0,659600.0
1315,2021-10-17 02:39:33,33550.0,100.0,659500.0
1316,2021-10-17 02:39:09,33950.0,800.0,659400.0
1317,2021-10-17 02:39:09,33900.0,800.0,658600.0
1318,2021-10-17 02:39:09,33900.0,100.0,657800.0
1319,2021-10-17 02:38:57,33500.0,900.0,657700.0
1320,2021-10-17 02:38:57,33500.0,1600.0,656800.0
1321,2021-10-17 02:38:57,33500.0,200.0,655200.0
1322,2021-10-17 02:38:57,33500.0,100.0,655000.0
1323,2021-10-17 02:38:57,33500.0,300.0,654900.0
1324,2021-10-17 02:38:57,33500.0,100.0,654600.0
1325,2021-10-17 02:38:57,33550.0,300.0,654500.0
1326,2021-10-17 02:38:57,33550.0,1500.0,654200.0
1327,2021-10-17 02:38:28,33550.0,500.0,652700.0
1328,2021-10-17 02:38:28,33550.0,500.0,652200.0
1329,2021-10-17 02:38:28,33550.0,2000.0,651700.0
1330,2021-10-17 02:38:04,34000.0,200.0,649700.0
1331,2021-10-17 02:37:44,34000.0,400.0,649500.0
1332,2021-10-17 02:37:40,34000.0,200.0,649100.0
1333,2021-10-17 02:37:20,33500.0,100.0,648900.0
1334,2021-10-17 02:37:20,33500.0,300.0,648800.0
1335,2021-10-17 02:37:20,33600.0,500.0,648500.0
1336,2021-10-17 02:37:20,33600.0,100.0,648000.0
1337,2021-10-17 02:37:20,33600.0,300.0,647900.0
1338,2021-10-17 02:37:20,33650.0,500.0,647600.0
1339,2021-10-17 02:37:20,33650.0,300.0,647100.0
1340,2021-10-17 02:37:20,33650.0,200.0,646800.0
1341,2021-10-17 02:37:20,33650.0,700.0,646600.0
1342,2021-10-17 02:37:20,33750.0,100.0,645900.0
1343,2021-10-17 02:37:20,33750.0,100.0,645800.0
1344,2021-10-17 02:37:20,33750.0,500.0,645700.0
1345,2021-10-17 02:37:20,33750.0,100.0,645200.0
1346,2021-10-17 02:37:20,33750.0,400.0,645100.0
1347,2021-10-17 02:37:19,34000.0,100.0,644700.0
1348,2021-10-17 02:37:19,33950.0,200.0,644600.0
1349,2021-10-17 02:36:54,34000.0,700.0,644400.0
1350,2021-10-17 02:36:37,34000.0,100.0,643700.0
1351,2021-10-17 02:36:02,34000.0,1800.0,643600.0
1352,2021-10-17 02:36:02,33950.0,2500.0,641800.0
1353,2021-10-17 02:36:02,33950.0,700.0,639300.0
1354,2021-10-17 02:35:51,33950.0,500.0,638600.0
1355,2021-10-17 02:35:46,33950.0,300.0,638100.0
1356,2021-10-17 02:35:44,34000.0,200.0,637800.0
1357,2021-10-17 02:35:42,33900.0,100.0,637600.0
1358,2021-10-17 02:35:42,34000.0,700.0,637500.0
1359,2021-10-17 02:35:24,34000.0,3200.0,636800.0
1360,2021-10-17 02:35:21,34000.0,100.0,633600.0
1361,2021-10-17 02:35:20,34000.0,500.0,633500.0
1362,2021-10-17 02:35:18,34000.0,800.0,633000.0
1363,2021-10-17 02:35:16,34000.0,3000.0,632200.0
1364,2021-10-17 02:35:13,34100.0,1100.0,629200.0
1365,2021-10-17 02:35:12,34000.0,200.0,628100.0
1366,2021-10-17 02:35:06,34000.0,100.0,627900.0
1367,2021-10-17 02:35:05,34000.0,100.0,627800.0
1368,2021-10-17 02:35:01,34000.0,4000.0,627700.0
1369,2021-10-17 02:34:59,34000.0,200.0,623700.0
1370,2021-10-17 02:34:57,34000.0,100.0,623500.0
1371,2021-10-17 02:34:55,34000.0,200.0,623400.0
1372,2021-10-17 02:34:52,34000.0,900.0,623200.0
1373,2021-10-17 02:34:52,34000.0,100.0,622300.0
1374,2021-10-17 02:34:52,34000.0,1300.0,622200.0
1375,2021-10-17 02:34:52,33950.0,200.0,620900.0
1376,2021-10-17 02:34:49,33650.0,300.0,620700.0
1377,2021-10-17 02:34:49,33750.0,300.0,620400.0
1378,2021-10-17 02:34:49,33750.0,100.0,620100.0
1379,2021-10-17 02:34:46,33750.0,200.0,620000.0
1380,2021-10-17 02:34:34,33750.0,100.0,619800.0
1381,2021-10-17 02:34:33,33750.0,200.0,619700.0
1382,2021-10-17 02:34:33,33800.0,200.0,619500.0
1383,2021-10-17 02:34:33,33850.0,100.0,619300.0
1384,2021-10-17 02:34:30,33950.0,200.0,619200.0
1385,2021-10-17 02:34:26,33950.0,100.0,619000.0
1386,2021-10-17 02:34:24,34000.0,1000.0,618900.0
1387,2021-10-17 02:34:12,33950.0,500.0,617900.0
1388,2021-10-17 02:34:12,33950.0,100.0,617400.0
1389,2021-10-17 02:34:03,34000.0,200.0,617300.0
1390,2021-10-17 02:33:55,34000.0,300.0,617100.0
1391,2021-10-17 02:33:53,34000.0,100.0,616800.0
1392,2021-10-17 02:33:52,34000.0,500.0,616700.0
1393,2021-10-17 02:33:52,34000.0,500.0,616200.0
1394,2021-10-17 02:33:52,34000.0,500.0,615700.0
1395,2021-10-17 02:33:52,34000.0,100.0,615200.0
1396,2021-10-17 02:33:52,34000.0,500.0,615100.0
1397,2021-10-17 02:33:52,34000.0,5000.0,614600.0
1398,2021-10-17 02:33:51,34000.0,400.0,609600.0
1399,2021-10-17 02:33:47,34000.0,200.0,609200.0
1400,2021-10-17 02:33:38,34000.0,1000.0,609000.0
1401,2021-10-17 02:33:38,34150.0,100.0,608000.0
1402,2021-10-17 02:33:26,34150.0,400.0,607900.0
1403,2021-10-17 02:33:26,34100.0,100.0,607500.0
1404,2021-10-17 02:33:25,34000.0,400.0,607400.0
1405,2021-10-17 02:33:21,34000.0,400.0,607000.0
1406,2021-10-17 02:33:05,34200.0,1200.0,606600.0
1407,2021-10-17 02:33:00,34200.0,1000.0,605400.0
1408,2021-10-17 02:32:59,34500.0,200.0,604400.0
1409,2021-10-17 02:32:58,34300.0,400.0,604200.0
1410,2021-10-17 02:32:58,34200.0,800.0,603800.0
1411,2021-10-17 02:32:58,34200.0,2000.0,603000.0
1412,2021-10-17 02:32:58,34200.0,500.0,601000.0
1413,2021-10-17 02:32:58,34200.0,300.0,600500.0
1414,2021-10-17 02:32:56,34200.0,100.0,600200.0
1415,2021-10-17 02:32:49,34300.0,100.0,600100.0
1416,2021-10-17 02:32:49,34300.0,100.0,600000.0
1417,2021-10-17 02:32:49,34400.0,200.0,599900.0
1418,2021-10-17 02:32:39,34500.0,500.0,599700.0
1419,2021-10-17 02:32:36,34500.0,100.0,599200.0
1420,2021-10-17 02:32:36,34500.0,100.0,599100.0
1421,2021-10-17 02:32:36,34500.0,400.0,599000.0
1422,2021-10-17 02:32:36,34500.0,500.0,598600.0
1423,2021-10-17 02:32:36,34500.0,300.0,598100.0
1424,2021-10-17 02:32:36,34500.0,500.0,597800.0
1425,2021-10-17 02:32:36,34500.0,1000.0,597300.0
1426,2021-10-17 02:32:36,34500.0,5000.0,596300.0
1427,2021-10-17 02:32:36,34500.0,200.0,591300.0
1428,2021-10-17 02:32:36,34500.0,300.0,591100.0
1429,2021-10-17 02:32:34,34600.0,100.0,590800.0
1430,2021-10-17 02:32:29,34600.0,100.0,590700.0
1431,2021-10-17 02:32:29,34600.0,100.0,590600.0
1432,2021-10-17 02:32:29,34600.0,600.0,590500.0
1433,2021-10-17 02:32:28,34600.0,100.0,589900.0
1434,2021-10-17 02:32:18,34600.0,500.0,589800.0
1435,2021-10-17 02:32:16,34600.0,200.0,589300.0
1436,2021-10-17 02:32:01,34600.0,1000.0,589100.0
1437,2021-10-17 02:32:00,34650.0,100.0,588100.0
1438,2021-10-17 02:31:59,34600.0,600.0,588000.0
1439,2021-10-17 02:31:59,34600.0,100.0,587400.0
1440,2021-10-17 02:31:59,34600.0,100.0,587300.0
1441,2021-10-17 02:31:59,34600.0,100.0,587200.0
1442,2021-10-17 02:31:59,34600.0,300.0,587100.0
1443,2021-10-17 02:31:59,34600.0,100.0,586800.0
1444,2021-10-17 02:31:59,34600.0,100.0,586700.0
1445,2021-10-17 02:31:55,34600.0,100.0,586600.0
1446,2021-10-17 02:31:52,34600.0,300.0,586500.0
1447,2021-10-17 02:31:35,34600.0,1000.0,586200.0
1448,2021-10-17 02:31:33,34600.0,100.0,585200.0
1449,2021-10-17 02:31:15,34650.0,100.0,585100.0
1450,2021-10-17 02:31:03,34650.0,500.0,585000.0
1451,2021-10-17 02:30:54,34650.0,100.0,584500.0
1452,2021-10-17 02:30:53,34600.0,100.0,584400.0
1453,2021-10-17 02:30:42,34600.0,100.0,584300.0
1454,2021-10-17 02:30:39,34600.0,200.0,584200.0
1455,2021-10-17 02:30:35,34650.0,100.0,584000.0
1456,2021-10-17 02:30:27,34600.0,200.0,583900.0
1457,2021-10-17 02:30:27,34600.0,100.0,583700.0
1458,2021-10-17 02:30:27,34600.0,700.0,583600.0
1459,2021-10-17 02:30:23,34650.0,100.0,582900.0
1460,2021-10-17 02:30:23,34650.0,200.0,582800.0
1461,2021-10-17 02:30:23,34650.0,7500.0,582600.0
1462,2021-10-17 02:30:21,34700.0,300.0,575100.0
1463,2021-10-17 02:30:13,34700.0,800.0,574800.0
1464,2021-10-17 02:30:13,34700.0,500.0,574000.0
1465,2021-10-17 02:30:06,34650.0,200.0,573500.0
1466,2021-10-17 02:30:02,34700.0,800.0,573300.0
1467,2021-10-17 02:30:00,34700.0,500.0,572500.0
1468,2021-10-17 02:29:59,34700.0,400.0,572000.0
1469,2021-10-17 02:29:47,34700.0,100.0,571600.0
1470,2021-10-17 02:29:46,34700.0,200.0,571500.0
1471,2021-10-17 02:29:44,34700.0,200.0,571300.0
1472,2021-10-17 02:29:44,34700.0,100.0,571100.0
1473,2021-10-17 02:29:40,34650.0,100.0,571000.0
1474,2021-10-17 02:29:37,34650.0,100.0,570900.0
1475,2021-10-17 02:29:36,34700.0,100.0,570800.0
1476,2021-10-17 02:29:33,34700.0,800.0,570700.0
1477,2021-10-17 02:29:31,34700.0,200.0,569900.0
1478,2021-10-17 02:29:25,34650.0,2900.0,569700.0
1479,2021-10-17 02:29:25,34700.0,900.0,566800.0
1480,2021-10-17 02:29:20,34700.0,1900.0,565900.0
1481,2021-10-17 02:29:07,34650.0,100.0,564000.0
1482,2021-10-17 02:29:04,34600.0,200.0,563900.0
1483,2021-10-17 02:29:03,34600.0,100.0,563700.0
1484,2021-10-17 02:29:03,34650.0,500.0,563600.0
1485,2021-10-17 02:28:55,34650.0,100.0,563100.0
1486,2021-10-17 02:28:52,34700.0,200.0,563000.0
1487,2021-10-17 02:28:52,34600.0,3800.0,562800.0
1488,2021-10-17 02:28:51,34600.0,100.0,559000.0
1489,2021-10-17 02:28:49,34600.0,100.0,558900.0
1490,2021-10-17 02:28:48,34650.0,1000.0,558800.0
1491,2021-10-17 02:28:48,34700.0,100.0,557800.0
1492,2021-10-17 02:28:45,34700.0,100.0,557700.0
1493,2021-10-17 02:28:43,34700.0,100.0,557600.0
1494,2021-10-17 02:28:41,34700.0,100.0,557500.0
1495,2021-10-17 02:28:39,34700.0,100.0,557400.0
1496,2021-10-17 02:28:38,34700.0,3000.0,557300.0
1497,2021-10-17 02:28:38,34700.0,500.0,554300.0
1498,2021-10-17 02:28:38,34700.0,400.0,553800.0
1499,2021-10-17 02:28:32,34700.0,400.0,553400.0
1500,2021-10-17 02:28:32,34800.0,400.0,553000.0
1501,2021-10-17 02:28:32,34800.0,100.0,552600.0
1502,2021-10-17 02:28:32,34800.0,500.0,552500.0
1503,2021-10-17 02:28:32,34700.0,1200.0,552000.0
1504,2021-10-17 02:28:26,34800.0,400.0,550800.0
1505,2021-10-17 02:28:26,34750.0,100.0,550400.0
1506,2021-10-17 02:28:17,34700.0,1000.0,550300.0
1507,2021-10-17 02:28:17,34700.0,200.0,549300.0
1508,2021-10-17 02:28:17,34700.0,300.0,549100.0
1509,2021-10-17 02:28:17,34750.0,1000.0,548800.0
1510,2021-10-17 02:28:17,34750.0,500.0,547800.0
1511,2021-10-17 02:28:17,34750.0,100.0,547300.0
1512,2021-10-17 02:28:17,34750.0,300.0,547200.0
1513,2021-10-17 02:28:16,34800.0,100.0,546900.0
1514,2021-10-17 02:28:14,34800.0,1000.0,546800.0
1515,2021-10-17 02:28:05,34800.0,200.0,545800.0
1516,2021-10-17 02:27:54,34800.0,100.0,545600.0
1517,2021-10-17 02:27:54,34800.0,100.0,545500.0
1518,2021-10-17 02:27:52,34800.0,500.0,545400.0
1519,2021-10-17 02:27:50,34800.0,500.0,544900.0
1520,2021-10-17 02:27:44,34800.0,100.0,544400.0
1521,2021-10-17 02:27:44,34850.0,400.0,544300.0
1522,2021-10-17 02:27:40,34800.0,100.0,543900.0
1523,2021-10-17 02:27:40,34800.0,100.0,543800.0
1524,2021-10-17 02:27:39,34800.0,100.0,543700.0
1525,2021-10-17 02:27:34,34800.0,100.0,543600.0
1526,2021-10-17 02:27:34,34800.0,500.0,543500.0
1527,2021-10-17 02:27:34,34800.0,100.0,543000.0
1528,2021-10-17 02:27:33,34800.0,500.0,542900.0
1529,2021-10-17 02:27:26,34800.0,400.0,542400.0
1530,2021-10-17 02:27:26,34800.0,200.0,542000.0
1531,2021-10-17 02:27:26,34800.0,200.0,541800.0
1532,2021-10-17 02:27:26,34800.0,100.0,541600.0
1533,2021-10-17 02:27:26,34800.0,300.0,541500.0
1534,2021-10-17 02:27:26,34800.0,500.0,541200.0
1535,2021-10-17 02:27:26,34800.0,300.0,540700.0
1536,2021-10-17 02:27:23,34850.0,100.0,540400.0
1537,2021-10-17 02:27:22,34800.0,200.0,540300.0
1538,2021-10-17 02:27:05,34800.0,300.0,540100.0
1539,2021-10-17 02:27:05,34800.0,1000.0,539800.0
1540,2021-10-17 02:27:03,34800.0,500.0,538800.0
1541,2021-10-17 02:27:02,34800.0,1200.0,538300.0
1542,2021-10-17 02:27:02,34800.0,100.0,537100.0
1543,2021-10-17 02:27:02,34800.0,500.0,537000.0
1544,2021-10-17 02:27:02,34800.0,200.0,536500.0
1545,2021-10-17 02:27:00,34750.0,200.0,536300.0
1546,2021-10-17 02:27:00,34750.0,100.0,536100.0
1547,2021-10-17 02:27:00,34750.0,1000.0,536000.0
1548,2021-10-17 02:26:59,34800.0,500.0,535000.0
1549,2021-10-17 02:26:54,34800.0,300.0,534500.0
1550,2021-10-17 02:26:54,34800.0,100.0,534200.0
1551,2021-10-17 02:26:54,34800.0,600.0,534100.0
1552,2021-10-17 02:26:54,34800.0,1400.0,533500.0
1553,2021-10-17 02:26:54,34800.0,200.0,532100.0
1554,2021-10-17 02:26:54,34800.0,200.0,531900.0
1555,2021-10-17 02:26:54,34800.0,500.0,531700.0
1556,2021-10-17 02:26:54,34800.0,500.0,531200.0
1557,2021-10-17 02:26:54,34800.0,6200.0,530700.0
1558,2021-10-17 02:26:50,34800.0,500.0,524500.0
1559,2021-10-17 02:26:44,34800.0,200.0,524000.0
1560,2021-10-17 02:26:42,34800.0,400.0,523800.0
1561,2021-10-17 02:26:39,34800.0,900.0,523400.0
1562,2021-10-17 02:26:39,34800.0,300.0,522500.0
1563,2021-10-17 02:26:37,34800.0,500.0,522200.0
1564,2021-10-17 02:26:31,34800.0,300.0,521700.0
1565,2021-10-17 02:26:29,34800.0,700.0,521400.0
1566,2021-10-17 02:26:29,34800.0,100.0,520700.0
1567,2021-10-17 02:26:27,34800.0,500.0,520600.0
1568,2021-10-17 02:26:27,34800.0,100.0,520100.0
1569,2021-10-17 02:26:19,34750.0,100.0,520000.0
1570,2021-10-17 02:26:19,34750.0,100.0,519900.0
1571,2021-10-17 02:26:18,34800.0,600.0,519800.0
1572,2021-10-17 02:26:18,34800.0,400.0,519200.0
1573,2021-10-17 02:26:14,34800.0,100.0,518800.0
1574,2021-10-17 02:26:14,34800.0,100.0,518700.0
1575,2021-10-17 02:26:14,34800.0,100.0,518600.0
1576,2021-10-17 02:26:12,34800.0,500.0,518500.0
1577,2021-10-17 02:26:06,34800.0,500.0,518000.0
1578,2021-10-17 02:26:06,34800.0,1000.0,517500.0
1579,2021-10-17 02:26:06,34800.0,1000.0,516500.0
1580,2021-10-17 02:26:06,34800.0,100.0,515500.0
1581,2021-10-17 02:26:06,34800.0,500.0,515400.0
1582,2021-10-17 02:26:06,34800.0,1500.0,514900.0
1583,2021-10-17 02:26:06,34750.0,200.0,513400.0
1584,2021-10-17 02:26:06,34750.0,1000.0,513200.0
1585,2021-10-17 02:25:58,34750.0,1000.0,512200.0
1586,2021-10-17 02:25:56,34750.0,300.0,511200.0
1587,2021-10-17 02:25:54,34750.0,200.0,510900.0
1588,2021-10-17 02:25:54,34750.0,500.0,510700.0
1589,2021-10-17 02:25:54,34750.0,2300.0,510200.0
1590,2021-10-17 02:25:47,34700.0,200.0,507900.0
1591,2021-10-17 02:25:42,34700.0,1000.0,507700.0
1592,2021-10-17 02:25:36,34650.0,500.0,506700.0
1593,2021-10-17 02:25:33,34650.0,200.0,506200.0
1594,2021-10-17 02:25:33,34600.0,100.0,506000.0
1595,2021-10-17 02:25:32,34600.0,200.0,505900.0
1596,2021-10-17 02:25:27,34650.0,100.0,505700.0
1597,2021-10-17 02:25:21,34650.0,200.0,505600.0
1598,2021-10-17 02:25:20,34600.0,100.0,505400.0
1599,2021-10-17 02:25:20,34600.0,100.0,505300.0
1600,2021-10-17 02:25:20,34600.0,500.0,505200.0
1601,2021-10-17 02:25:10,34500.0,200.0,504700.0
1602,2021-10-17 02:24:56,34500.0,1000.0,504500.0
1603,2021-10-17 02:24:56,34500.0,200.0,503500.0
1604,2021-10-17 02:24:56,34500.0,500.0,503300.0
1605,2021-10-17 02:24:56,34300.0,500.0,502800.0
1606,2021-10-17 02:24:54,34500.0,100.0,502300.0
1607,2021-10-17 02:24:54,34500.0,500.0,502200.0
1608,2021-10-17 02:24:52,34500.0,2000.0,501700.0
1609,2021-10-17 02:24:52,34500.0,500.0,499700.0
1610,2021-10-17 02:24:52,34500.0,2300.0,499200.0
1611,2021-10-17 02:24:51,34500.0,1000.0,496900.0
1612,2021-10-17 02:24:47,34500.0,100.0,495900.0
1613,2021-10-17 02:24:47,34500.0,100.0,495800.0
1614,2021-10-17 02:24:47,34500.0,500.0,495700.0
1615,2021-10-17 02:24:34,34500.0,1000.0,495200.0
1616,2021-10-17 02:24:34,34500.0,200.0,494200.0
1617,2021-10-17 02:24:34,34500.0,1000.0,494000.0
1618,2021-10-17 02:24:25,34200.0,1000.0,493000.0
1619,2021-10-17 02:24:25,34200.0,400.0,492000.0
1620,2021-10-17 02:24:19,34050.0,100.0,491600.0
1621,2021-10-17 02:24:14,34200.0,400.0,491500.0
1622,2021-10-17 02:24:14,34100.0,100.0,491100.0
1623,2021-10-17 02:24:00,34050.0,300.0,491000.0
1624,2021-10-17 02:24:00,34000.0,800.0,490700.0
1625,2021-10-17 02:23:57,34000.0,500.0,489900.0
1626,2021-10-17 02:23:55,34000.0,100.0,489400.0
1627,2021-10-17 02:23:40,34000.0,100.0,489300.0
1628,2021-10-17 02:23:40,34000.0,300.0,489200.0
1629,2021-10-17 02:23:40,34000.0,100.0,488900.0
1630,2021-10-17 02:23:40,34000.0,300.0,488800.0
1631,2021-10-17 02:23:40,34000.0,100.0,488500.0
1632,2021-10-17 02:23:40,34000.0,200.0,488400.0
1633,2021-10-17 02:23:40,34000.0,100.0,488200.0
1634,2021-10-17 02:23:37,34000.0,100.0,488100.0
1635,2021-10-17 02:23:37,34000.0,300.0,488000.0
1636,2021-10-17 02:23:36,34000.0,1500.0,487700.0
1637,2021-10-17 02:23:36,34000.0,500.0,486200.0
1638,2021-10-17 02:23:35,34000.0,500.0,485700.0
1639,2021-10-17 02:23:35,34000.0,2000.0,485200.0
1640,2021-10-17 02:23:35,34000.0,500.0,483200.0
1641,2021-10-17 02:23:29,34000.0,100.0,482700.0
1642,2021-10-17 02:23:29,34000.0,100.0,482600.0
1643,2021-10-17 02:23:29,34000.0,100.0,482500.0
1644,2021-10-17 02:23:29,34000.0,100.0,482400.0
1645,2021-10-17 02:23:29,34000.0,100.0,482300.0
1646,2021-10-17 02:23:29,34000.0,200.0,482200.0
1647,2021-10-17 02:23:29,34000.0,4300.0,482000.0
1648,2021-10-17 02:23:25,34000.0,200.0,477700.0
1649,2021-10-17 02:23:21,34000.0,100.0,477500.0
1650,2021-10-17 02:23:11,34000.0,100.0,477400.0
1651,2021-10-17 02:23:05,33950.0,500.0,477300.0
1652,2021-10-17 02:22:59,33950.0,400.0,476800.0
1653,2021-10-17 02:22:59,33900.0,500.0,476400.0
1654,2021-10-17 02:22:57,33900.0,100.0,475900.0
1655,2021-10-17 02:22:52,33900.0,100.0,475800.0
1656,2021-10-17 02:22:52,33900.0,100.0,475700.0
1657,2021-10-17 02:22:44,33900.0,200.0,475600.0
1658,2021-10-17 02:22:43,33800.0,1000.0,475400.0
1659,2021-10-17 02:22:32,33850.0,200.0,474400.0
1660,2021-10-17 02:22:32,33850.0,100.0,474200.0
1661,2021-10-17 02:22:30,33800.0,400.0,474100.0
1662,2021-10-17 02:22:30,33800.0,200.0,473700.0
1663,2021-10-17 02:22:30,33800.0,600.0,473500.0
1664,2021-10-17 02:22:30,33800.0,400.0,472900.0
1665,2021-10-17 02:22:23,33800.0,100.0,472500.0
1666,2021-10-17 02:22:22,33800.0,300.0,472400.0
1667,2021-10-17 02:22:22,33800.0,200.0,472100.0
1668,2021-10-17 02:22:22,33800.0,100.0,471900.0
1669,2021-10-17 02:22:16,33800.0,300.0,471800.0
1670,2021-10-17 02:22:08,33800.0,800.0,471500.0
1671,2021-10-17 02:21:56,33800.0,300.0,470700.0
1672,2021-10-17 02:21:56,33800.0,200.0,470400.0
1673,2021-10-17 02:21:56,33800.0,2200.0,470200.0
1674,2021-10-17 02:21:56,33800.0,1000.0,468000.0
1675,2021-10-17 02:21:55,33800.0,200.0,467000.0
1676,2021-10-17 02:21:52,33800.0,1000.0,466800.0
1677,2021-10-17 02:21:51,33800.0,100.0,465800.0
1678,2021-10-17 02:21:41,33800.0,300.0,465700.0
1679,2021-10-17 02:21:40,33800.0,200.0,465400.0
1680,2021-10-17 02:21:39,33800.0,300.0,465200.0
1681,2021-10-17 02:21:39,33700.0,100.0,464900.0
1682,2021-10-17 02:21:36,33650.0,100.0,464800.0
1683,2021-10-17 02:21:34,33650.0,100.0,464700.0
1684,2021-10-17 02:21:33,33650.0,1500.0,464600.0
1685,2021-10-17 02:21:32,33650.0,200.0,463100.0
1686,2021-10-17 02:21:31,33650.0,100.0,462900.0
1687,2021-10-17 02:21:30,33500.0,200.0,462800.0
1688,2021-10-17 02:21:30,33500.0,5200.0,462600.0
1689,2021-10-17 02:21:30,33500.0,500.0,457400.0
1690,2021-10-17 02:21:30,33500.0,300.0,456900.0
1691,2021-10-17 02:21:30,33500.0,500.0,456600.0
1692,2021-10-17 02:21:30,33500.0,1000.0,456100.0
1693,2021-10-17 02:21:30,33500.0,2300.0,455100.0
1694,2021-10-17 02:21:30,33500.0,300.0,452800.0
1695,2021-10-17 02:21:26,33500.0,100.0,452500.0
1696,2021-10-17 02:21:26,33600.0,100.0,452400.0
1697,2021-10-17 02:21:19,33500.0,300.0,452300.0
1698,2021-10-17 02:21:19,33500.0,100.0,452000.0
1699,2021-10-17 02:21:19,33500.0,200.0,451900.0
1700,2021-10-17 02:21:19,33600.0,400.0,451700.0
1701,2021-10-17 02:21:19,33600.0,100.0,451300.0
1702,2021-10-17 02:21:19,33600.0,100.0,451200.0
1703,2021-10-17 02:21:19,33600.0,300.0,451100.0
1704,2021-10-17 02:21:11,33600.0,500.0,450800.0
1705,2021-10-17 02:21:11,33600.0,200.0,450300.0
1706,2021-10-17 02:21:11,33600.0,100.0,450100.0
1707,2021-10-17 02:21:11,33600.0,200.0,450000.0
1708,2021-10-17 02:21:10,33600.0,100.0,449800.0
1709,2021-10-17 02:21:02,33650.0,700.0,449700.0
1710,2021-10-17 02:21:01,33800.0,1000.0,449000.0
1711,2021-10-17 02:20:58,33800.0,200.0,448000.0
1712,2021-10-17 02:20:57,33800.0,100.0,447800.0
1713,2021-10-17 02:20:51,33800.0,200.0,447700.0
1714,2021-10-17 02:20:51,33800.0,400.0,447500.0
1715,2021-10-17 02:20:51,33800.0,2600.0,447100.0
1716,2021-10-17 02:20:46,33850.0,100.0,444500.0
1717,2021-10-17 02:20:45,33800.0,300.0,444400.0
1718,2021-10-17 02:20:45,33800.0,1000.0,444100.0
1719,2021-10-17 02:20:43,33850.0,300.0,443100.0
1720,2021-10-17 02:20:42,33850.0,100.0,442800.0
1721,2021-10-17 02:20:40,33850.0,100.0,442700.0
1722,2021-10-17 02:20:35,33800.0,300.0,442600.0
1723,2021-10-17 02:20:34,33800.0,800.0,442300.0
1724,2021-10-17 02:20:27,33850.0,1000.0,441500.0
1725,2021-10-17 02:20:27,33850.0,200.0,440500.0
1726,2021-10-17 02:20:21,33850.0,100.0,440300.0
1727,2021-10-17 02:20:20,33900.0,200.0,440200.0
1728,2021-10-17 02:20:15,33900.0,100.0,440000.0
1729,2021-10-17 02:20:15,33900.0,100.0,439900.0
1730,2021-10-17 02:20:14,33900.0,100.0,439800.0
1731,2021-10-17 02:20:14,33900.0,300.0,439700.0
1732,2021-10-17 02:20:12,33900.0,100.0,439400.0
1733,2021-10-17 02:20:03,34000.0,300.0,439300.0
1734,2021-10-17 02:19:56,33900.0,200.0,439000.0
1735,2021-10-17 02:19:51,33900.0,100.0,438800.0
1736,2021-10-17 02:19:51,33900.0,300.0,438700.0
1737,2021-10-17 02:19:51,33900.0,200.0,438400.0
1738,2021-10-17 02:19:51,33900.0,200.0,438200.0
1739,2021-10-17 02:19:51,33900.0,300.0,438000.0
1740,2021-10-17 02:19:48,34000.0,200.0,437700.0
1741,2021-10-17 02:19:48,34000.0,1200.0,437500.0
1742,2021-10-17 02:19:48,34000.0,200.0,436300.0
1743,2021-10-17 02:19:46,34000.0,100.0,436100.0
1744,2021-10-17 02:19:44,33900.0,200.0,436000.0
1745,2021-10-17 02:19:44,33900.0,400.0,435800.0
1746,2021-10-17 02:19:44,33900.0,100.0,435400.0
1747,2021-10-17 02:19:44,33900.0,100.0,435300.0
1748,2021-10-17 02:19:44,33900.0,200.0,435200.0
1749,2021-10-17 02:19:36,34000.0,400.0,435000.0
1750,2021-10-17 02:19:36,34000.0,200.0,434600.0
1751,2021-10-17 02:19:36,34000.0,200.0,434400.0
1752,2021-10-17 02:19:36,34000.0,200.0,434200.0
1753,2021-10-17 02:19:34,34000.0,100.0,434000.0
1754,2021-10-17 02:19:30,34000.0,200.0,433900.0
1755,2021-10-17 02:19:30,34000.0,2000.0,433700.0
1756,2021-10-17 02:19:30,34000.0,500.0,431700.0
1757,2021-10-17 02:19:30,34000.0,100.0,431200.0
1758,2021-10-17 02:19:30,34000.0,200.0,431100.0
1759,2021-10-17 02:19:29,34000.0,100.0,430900.0
1760,2021-10-17 02:19:28,33900.0,200.0,430800.0
1761,2021-10-17 02:19:28,33900.0,600.0,430600.0
1762,2021-10-17 02:19:28,33900.0,200.0,430000.0
1763,2021-10-17 02:19:28,33900.0,100.0,429800.0
1764,2021-10-17 02:19:28,33900.0,1000.0,429700.0
1765,2021-10-17 02:19:28,33950.0,100.0,428700.0
1766,2021-10-17 02:19:23,33900.0,500.0,428600.0
1767,2021-10-17 02:19:22,34000.0,3000.0,428100.0
1768,2021-10-17 02:19:22,34000.0,200.0,425100.0
1769,2021-10-17 02:19:22,33950.0,700.0,424900.0
1770,2021-10-17 02:19:22,33950.0,100.0,424200.0
1771,2021-10-17 02:19:09,33900.0,100.0,424100.0
1772,2021-10-17 02:19:06,33900.0,500.0,424000.0
1773,2021-10-17 02:18:54,34000.0,100.0,423500.0
1774,2021-10-17 02:18:54,33950.0,2000.0,423400.0
1775,2021-10-17 02:18:54,33950.0,200.0,421400.0
1776,2021-10-17 02:18:54,33900.0,1000.0,421200.0
1777,2021-10-17 02:18:54,33800.0,500.0,420200.0
1778,2021-10-17 02:18:54,33800.0,500.0,419700.0
1779,2021-10-17 02:18:53,33600.0,200.0,419200.0
1780,2021-10-17 02:18:53,33600.0,700.0,419000.0
1781,2021-10-17 02:18:53,33700.0,100.0,418300.0
1782,2021-10-17 02:18:52,33800.0,200.0,418200.0
1783,2021-10-17 02:18:48,33800.0,100.0,418000.0
1784,2021-10-17 02:18:46,33900.0,200.0,417900.0
1785,2021-10-17 02:18:43,33900.0,100.0,417700.0
1786,2021-10-17 02:18:43,33900.0,100.0,417600.0
1787,2021-10-17 02:18:41,33900.0,300.0,417500.0
1788,2021-10-17 02:18:41,33900.0,2000.0,417200.0
1789,2021-10-17 02:18:41,33900.0,200.0,415200.0
1790,2021-10-17 02:18:41,33900.0,300.0,415000.0
1791,2021-10-17 02:18:41,33900.0,700.0,414700.0
1792,2021-10-17 02:18:41,33900.0,15900.0,414000.0
1793,2021-10-17 02:18:41,33850.0,100.0,398100.0
1794,2021-10-17 02:18:40,33600.0,100.0,398000.0
1795,2021-10-17 02:18:38,33600.0,100.0,397900.0
1796,2021-10-17 02:18:37,33900.0,300.0,397800.0
1797,2021-10-17 02:18:36,33600.0,100.0,397500.0
1798,2021-10-17 02:18:35,33900.0,100.0,397400.0
1799,2021-10-17 02:18:33,33600.0,2800.0,397300.0
1800,2021-10-17 02:18:33,33900.0,100.0,394500.0
1801,2021-10-17 02:18:32,33600.0,1100.0,394400.0
1802,2021-10-17 02:18:32,33600.0,900.0,393300.0
1803,2021-10-17 02:18:30,33900.0,300.0,392400.0
1804,2021-10-17 02:18:30,33900.0,200.0,392100.0
1805,2021-10-17 02:18:26,33900.0,800.0,391900.0
1806,2021-10-17 02:18:23,33900.0,100.0,391100.0
1807,2021-10-17 02:18:23,33900.0,100.0,391000.0
1808,2021-10-17 02:18:21,33900.0,2300.0,390900.0
1809,2021-10-17 02:18:21,33900.0,500.0,388600.0
1810,2021-10-17 02:18:21,33900.0,1000.0,388100.0
1811,2021-10-17 02:18:17,33900.0,500.0,387100.0
1812,2021-10-17 02:18:17,33900.0,500.0,386600.0
1813,2021-10-17 02:18:17,33600.0,100.0,386100.0
1814,2021-10-17 02:18:17,33600.0,300.0,386000.0
1815,2021-10-17 02:18:16,33900.0,200.0,385700.0
1816,2021-10-17 02:18:15,33900.0,200.0,385500.0
1817,2021-10-17 02:18:10,33900.0,100.0,385300.0
1818,2021-10-17 02:18:10,33900.0,500.0,385200.0
1819,2021-10-17 02:18:10,33900.0,1200.0,384700.0
1820,2021-10-17 02:18:09,33900.0,100.0,383500.0
1821,2021-10-17 02:18:07,33900.0,100.0,383400.0
1822,2021-10-17 02:18:06,33900.0,1000.0,383300.0
1823,2021-10-17 02:18:05,33600.0,100.0,382300.0
1824,2021-10-17 02:18:05,33900.0,100.0,382200.0
1825,2021-10-17 02:18:03,33900.0,200.0,382100.0
1826,2021-10-17 02:18:02,33900.0,100.0,381900.0
1827,2021-10-17 02:18:02,33600.0,100.0,381800.0
1828,2021-10-17 02:17:58,33900.0,100.0,381700.0
1829,2021-10-17 02:17:58,33900.0,100.0,381600.0
1830,2021-10-17 02:17:56,33950.0,100.0,381500.0
1831,2021-10-17 02:17:54,33950.0,100.0,381400.0
1832,2021-10-17 02:17:53,34000.0,800.0,381300.0
1833,2021-10-17 02:17:53,34000.0,100.0,380500.0
1834,2021-10-17 02:17:51,34000.0,100.0,380400.0
1835,2021-10-17 02:17:51,34000.0,300.0,380300.0
1836,2021-10-17 02:17:50,34000.0,300.0,380000.0
1837,2021-10-17 02:17:49,34000.0,200.0,379700.0
1838,2021-10-17 02:17:49,34000.0,1500.0,379500.0
1839,2021-10-17 02:17:49,34000.0,100.0,378000.0
1840,2021-10-17 02:17:49,34000.0,200.0,377900.0
1841,2021-10-17 02:17:48,34000.0,100.0,377700.0
1842,2021-10-17 02:17:48,34000.0,500.0,377600.0
1843,2021-10-17 02:17:48,33950.0,300.0,377100.0
1844,2021-10-17 02:17:48,33950.0,200.0,376800.0
1845,2021-10-17 02:17:48,33900.0,3000.0,376600.0
1846,2021-10-17 02:17:48,33900.0,200.0,373600.0
1847,2021-10-17 02:17:48,33900.0,800.0,373400.0
1848,2021-10-17 02:17:46,33900.0,200.0,372600.0
1849,2021-10-17 02:17:38,34000.0,300.0,372400.0
1850,2021-10-17 02:17:38,34000.0,100.0,372100.0
1851,2021-10-17 02:17:38,34000.0,100.0,372000.0
1852,2021-10-17 02:17:36,34000.0,100.0,371900.0
1853,2021-10-17 02:17:36,34000.0,500.0,371800.0
1854,2021-10-17 02:17:36,34000.0,2000.0,371300.0
1855,2021-10-17 02:17:36,33900.0,100.0,369300.0
1856,2021-10-17 02:17:36,33900.0,100.0,369200.0
1857,2021-10-17 02:17:35,33900.0,200.0,369100.0
1858,2021-10-17 02:17:34,34000.0,200.0,368900.0
1859,2021-10-17 02:17:32,34000.0,700.0,368700.0
1860,2021-10-17 02:17:31,34000.0,300.0,368000.0
1861,2021-10-17 02:17:30,34000.0,100.0,367700.0
1862,2021-10-17 02:17:30,33950.0,100.0,367600.0
1863,2021-10-17 02:17:27,34000.0,1000.0,367500.0
1864,2021-10-17 02:17:25,34000.0,100.0,366500.0
1865,2021-10-17 02:17:24,34000.0,300.0,366400.0
1866,2021-10-17 02:17:20,34000.0,2800.0,366100.0
1867,2021-10-17 02:17:19,34000.0,800.0,363300.0
1868,2021-10-17 02:17:19,33950.0,1000.0,362500.0
1869,2021-10-17 02:17:19,33950.0,800.0,361500.0
1870,2021-10-17 02:17:18,33900.0,100.0,360700.0
1871,2021-10-17 02:17:14,33950.0,100.0,360600.0
1872,2021-10-17 02:17:13,33950.0,100.0,360500.0
1873,2021-10-17 02:17:05,34000.0,200.0,360400.0
1874,2021-10-17 02:17:05,33500.0,200.0,360200.0
1875,2021-10-17 02:17:01,33400.0,900.0,360000.0
1876,2021-10-17 02:16:58,33200.0,500.0,359100.0
1877,2021-10-17 02:16:56,33200.0,100.0,358600.0
1878,2021-10-17 02:16:55,33200.0,1000.0,358500.0
1879,2021-10-17 02:16:49,34000.0,1000.0,357500.0
1880,2021-10-17 02:16:49,34000.0,500.0,356500.0
1881,2021-10-17 02:16:49,34000.0,4000.0,356000.0
1882,2021-10-17 02:16:49,34000.0,200.0,352000.0
1883,2021-10-17 02:16:49,33500.0,500.0,351800.0
1884,2021-10-17 02:16:49,33500.0,2300.0,351300.0
1885,2021-10-17 02:16:49,33400.0,300.0,349000.0
1886,2021-10-17 02:16:49,33200.0,1200.0,348700.0
1887,2021-10-17 02:16:48,33200.0,100.0,347500.0
1888,2021-10-17 02:16:47,33000.0,200.0,347400.0
1889,2021-10-17 02:16:47,33000.0,400.0,347200.0
1890,2021-10-17 02:16:46,33200.0,100.0,346800.0
1891,2021-10-17 02:16:45,33200.0,100.0,346700.0
1892,2021-10-17 02:16:37,33200.0,500.0,346600.0
1893,2021-10-17 02:16:35,33000.0,100.0,346100.0
1894,2021-10-17 02:16:35,33000.0,500.0,346000.0
1895,2021-10-17 02:16:32,33000.0,100.0,345500.0
1896,2021-10-17 02:16:32,33000.0,200.0,345400.0
1897,2021-10-17 02:16:32,33000.0,200.0,345200.0
1898,2021-10-17 02:16:32,33500.0,100.0,345000.0
1899,2021-10-17 02:16:30,33500.0,2000.0,344900.0
1900,2021-10-17 02:16:27,33000.0,100.0,342900.0
1901,2021-10-17 02:16:27,33000.0,200.0,342800.0
1902,2021-10-17 02:16:25,33000.0,500.0,342600.0
1903,2021-10-17 02:16:24,33000.0,100.0,342100.0
1904,2021-10-17 02:16:24,33000.0,100.0,342000.0
1905,2021-10-17 02:16:24,33000.0,500.0,341900.0
1906,2021-10-17 02:16:24,33000.0,300.0,341400.0
1907,2021-10-17 02:16:20,32800.0,100.0,341100.0
1908,2021-10-17 02:16:20,32800.0,800.0,341000.0
1909,2021-10-17 02:16:19,32700.0,100.0,340200.0
1910,2021-10-17 02:16:17,32700.0,900.0,340100.0
1911,2021-10-17 02:16:17,32700.0,500.0,339200.0
1912,2021-10-17 02:16:17,32700.0,200.0,338700.0
1913,2021-10-17 02:16:15,32800.0,500.0,338500.0
1914,2021-10-17 02:16:14,32800.0,400.0,338000.0
1915,2021-10-17 02:16:10,32700.0,100.0,337600.0
1916,2021-10-17 02:16:09,32800.0,300.0,337500.0
1917,2021-10-17 02:16:08,32800.0,1000.0,337200.0
1918,2021-10-17 02:16:07,32700.0,100.0,336200.0
1919,2021-10-17 02:16:05,33000.0,300.0,336100.0
1920,2021-10-17 02:16:03,33000.0,2000.0,335800.0
1921,2021-10-17 02:16:03,32850.0,100.0,333800.0
1922,2021-10-17 02:16:02,33000.0,100.0,333700.0
1923,2021-10-17 02:16:01,33000.0,200.0,333600.0
1924,2021-10-17 02:16:01,32800.0,100.0,333400.0
1925,2021-10-17 02:16:01,32800.0,100.0,333300.0
1926,2021-10-17 02:16:01,32850.0,800.0,333200.0
1927,2021-10-17 02:15:58,32850.0,100.0,332400.0
1928,2021-10-17 02:15:57,33000.0,100.0,332300.0
1929,2021-10-17 02:15:54,32800.0,100.0,332200.0
1930,2021-10-17 02:15:54,33000.0,100.0,332100.0
1931,2021-10-17 02:15:53,33000.0,400.0,332000.0
1932,2021-10-17 02:15:53,33000.0,1000.0,331600.0
1933,2021-10-17 02:15:52,32800.0,500.0,330600.0
1934,2021-10-17 02:15:52,32800.0,100.0,330100.0
1935,2021-10-17 02:15:50,33000.0,1000.0,330000.0
1936,2021-10-17 02:15:50,33000.0,2800.0,329000.0
1937,2021-10-17 02:15:45,33000.0,200.0,326200.0
1938,2021-10-17 02:15:45,33000.0,500.0,326000.0
1939,2021-10-17 02:15:44,33000.0,1500.0,325500.0
1940,2021-10-17 02:15:43,33000.0,500.0,324000.0
1941,2021-10-17 02:15:43,33000.0,200.0,323500.0
1942,2021-10-17 02:15:42,33000.0,500.0,323300.0
1943,2021-10-17 02:15:41,32800.0,200.0,322800.0
1944,2021-10-17 02:15:41,32800.0,100.0,322600.0
1945,2021-10-17 02:15:39,33000.0,100.0,322500.0
1946,2021-10-17 02:15:37,33000.0,200.0,322400.0
1947,2021-10-17 02:15:35,33000.0,700.0,322200.0
1948,2021-10-17 02:15:35,33000.0,1000.0,321500.0
1949,2021-10-17 02:15:35,33000.0,200.0,320500.0
1950,2021-10-17 02:15:32,34750.0,2800.0,320300.0
1951,2021-10-17 02:15:32,34500.0,3000.0,317500.0
1952,2021-10-17 02:15:31,34500.0,2000.0,314500.0
1953,2021-10-17 02:15:31,34500.0,2000.0,312500.0
1954,2021-10-17 02:15:31,34350.0,1000.0,310500.0
1955,2021-10-17 02:15:29,33000.0,100.0,309500.0
1956,2021-10-17 02:15:22,34500.0,700.0,309400.0
1957,2021-10-17 02:15:13,34750.0,400.0,308700.0
1958,2021-10-17 02:15:13,34000.0,100.0,308300.0
1959,2021-10-17 02:15:08,33000.0,500.0,308200.0
1960,2021-10-17 02:15:08,33000.0,500.0,307700.0
1961,2021-10-17 02:15:08,33000.0,1000.0,307200.0
1962,2021-10-17 02:15:08,33000.0,1000.0,306200.0
1963,2021-10-17 02:15:08,33100.0,600.0,305200.0
1964,2021-10-17 02:15:08,33800.0,1000.0,304600.0
1965,2021-10-17 02:15:08,34000.0,1200.0,303600.0
1966,2021-10-17 02:15:08,34550.0,200.0,302400.0
1967,2021-10-17 02:15:06,34750.0,800.0,302200.0
1968,2021-10-17 02:15:03,34750.0,200.0,301400.0
1969,2021-10-17 02:15:03,34800.0,200.0,301200.0
1970,2021-10-17 02:15:03,34800.0,3000.0,301000.0
1971,2021-10-17 02:15:03,34800.0,300.0,298000.0
1972,2021-10-17 02:15:00,34850.0,1000.0,297700.0
1973,2021-10-17 02:15:00,34850.0,1100.0,296700.0
1974,2021-10-17 02:15:00,34850.0,100.0,295600.0
1975,2021-10-17 02:15:00,34850.0,100.0,295500.0
1976,2021-10-17 02:15:00,34850.0,200.0,295400.0
1977,2021-10-17 02:15:00,34850.0,100.0,295200.0
1978,2021-10-17 02:15:00,34850.0,700.0,295100.0
1979,2021-10-17 02:15:00,34850.0,100.0,294400.0
1980,2021-10-17 02:15:00,34850.0,200.0,294300.0
1981,2021-10-17 02:15:00,34850.0,800.0,294100.0
1982,2021-10-17 02:15:00,34850.0,200.0,293300.0
1983,2021-10-17 02:15:00,34850.0,800.0,293100.0
1984,2021-10-17 02:15:00,34850.0,200.0,292300.0
1985,2021-10-17 02:15:00,34850.0,100.0,292100.0
1986,2021-10-17 02:15:00,34850.0,100.0,292000.0
1987,2021-10-17 02:15:00,34850.0,300.0,291900.0
1988,2021-10-17 02:15:00,34850.0,2600.0,291600.0
1989,2021-10-17 02:15:00,34850.0,300.0,289000.0
1990,2021-10-17 02:15:00,34850.0,100.0,288700.0
1991,2021-10-17 02:15:00,34850.0,100.0,288600.0
1992,2021-10-17 02:15:00,34850.0,300.0,288500.0
1993,2021-10-17 02:15:00,34850.0,2000.0,288200.0
1994,2021-10-17 02:15:00,34850.0,100.0,286200.0
1995,2021-10-17 02:15:00,34850.0,29500.0,286100.0
1996,2021-10-17 02:15:00,34850.0,200.0,256600.0
1997,2021-10-17 02:15:00,34850.0,500.0,256400.0
1998,2021-10-17 02:15:00,34850.0,400.0,255900.0
1999,2021-10-17 02:15:00,34850.0,500.0,255500.0
2000,2021-10-17 02:15:00,34850.0,2000.0,255000.0
2001,2021-10-17 02:15:00,34850.0,10000.0,253000.0
2002,2021-10-17 02:15:00,34850.0,100.0,243000.0
2003,2021-10-17 02:15:00,34850.0,700.0,242900.0
2004,2021-10-17 02:15:00,34850.0,100.0,242200.0
2005,2021-10-17 02:15:00,34850.0,100.0,242100.0
2006,2021-10-17 02:15:00,34850.0,1000.0,242000.0
2007,2021-10-17 02:15:00,34850.0,500.0,241000.0
2008,2021-10-17 02:15:00,34850.0,10000.0,240500.0
2009,2021-10-17 02:15:00,34850.0,100.0,230500.0
2010,2021-10-17 02:15:00,34850.0,400.0,230400.0
2011,2021-10-17 02:15:00,34850.0,2000.0,230000.0
2012,2021-10-17 02:15:00,34850.0,400.0,228000.0
2013,2021-10-17 02:15:00,34850.0,200.0,227600.0
2014,2021-10-17 02:15:00,34850.0,1300.0,227400.0
2015,2021-10-17 02:15:00,34850.0,700.0,226100.0
2016,2021-10-17 02:15:00,34850.0,100.0,225400.0
2017,2021-10-17 02:15:00,34850.0,100.0,225300.0
2018,2021-10-17 02:15:00,34850.0,200.0,225200.0
2019,2021-10-17 02:15:00,34850.0,200.0,225000.0
2020,2021-10-17 02:15:00,34850.0,100.0,224800.0
2021,2021-10-17 02:15:00,34850.0,100.0,224700.0
2022,2021-10-17 02:15:00,34850.0,200.0,224600.0
2023,2021-10-17 02:15:00,34850.0,300.0,224400.0
2024,2021-10-17 02:15:00,34850.0,100.0,224100.0
2025,2021-10-17 02:15:00,34850.0,200.0,224000.0
2026,2021-10-17 02:15:00,34850.0,100.0,223800.0
2027,2021-10-17 02:15:00,34850.0,100.0,223700.0
2028,2021-10-17 02:15:00,34850.0,200.0,223600.0
2029,2021-10-17 02:15:00,34850.0,200.0,223400.0
2030,2021-10-17 02:15:00,34850.0,400.0,223200.0
2031,2021-10-17 02:15:00,34850.0,500.0,222800.0
2032,2021-10-17 02:15:00,34850.0,200.0,222300.0
2033,2021-10-17 02:15:00,34850.0,1700.0,222100.0
2034,2021-10-17 02:15:00,34850.0,300.0,220400.0
2035,2021-10-17 02:15:00,34850.0,500.0,220100.0
2036,2021-10-17 02:15:00,34850.0,100.0,219600.0
2037,2021-10-17 02:15:00,34850.0,200.0,219500.0
2038,2021-10-17 02:15:00,34850.0,100.0,219300.0
2039,2021-10-17 02:15:00,34850.0,100.0,219200.0
2040,2021-10-17 02:15:00,34850.0,300.0,219100.0
2041,2021-10-17 02:15:00,34850.0,100.0,218800.0
2042,2021-10-17 02:15:00,34850.0,100.0,218700.0
2043,2021-10-17 02:15:00,34850.0,1100.0,218600.0
2044,2021-10-17 02:15:00,34850.0,900.0,217500.0
2045,2021-10-17 02:15:00,34850.0,1600.0,216600.0
2046,2021-10-17 02:15:00,34850.0,2000.0,215000.0
2047,2021-10-17 02:15:00,34850.0,3800.0,213000.0
2048,2021-10-17 02:15:00,34850.0,100.0,209200.0
2049,2021-10-17 02:15:00,34850.0,300.0,209100.0
2050,2021-10-17 02:15:00,34850.0,100.0,208800.0
2051,2021-10-17 02:15:00,34850.0,2000.0,208700.0
2052,2021-10-17 02:15:00,34850.0,100.0,206700.0
2053,2021-10-17 02:15:00,34850.0,100.0,206600.0
2054,2021-10-17 02:15:00,34850.0,100.0,206500.0
2055,2021-10-17 02:15:00,34850.0,100.0,206400.0
2056,2021-10-17 02:15:00,34850.0,300.0,206300.0
2057,2021-10-17 02:15:00,34850.0,100.0,206000.0
2058,2021-10-17 02:15:00,34850.0,100.0,205900.0
2059,2021-10-17 02:15:00,34850.0,1000.0,205800.0
2060,2021-10-17 02:15:00,34850.0,200.0,204800.0
2061,2021-10-17 02:15:00,34850.0,500.0,204600.0
2062,2021-10-17 02:15:00,34850.0,200.0,204100.0
2063,2021-10-17 02:15:00,34850.0,200.0,203900.0
2064,2021-10-17 02:15:00,34850.0,2600.0,203700.0
2065,2021-10-17 02:15:00,34850.0,100.0,201100.0
2066,2021-10-17 02:15:00,34850.0,100.0,201000.0
2067,2021-10-17 02:15:00,34850.0,500.0,200900.0
2068,2021-10-17 02:15:00,34850.0,1000.0,200400.0
2069,2021-10-17 02:15:00,34850.0,300.0,199400.0
2070,2021-10-17 02:15:00,34850.0,300.0,199100.0
2071,2021-10-17 02:15:00,34850.0,200.0,198800.0
2072,2021-10-17 02:15:00,34850.0,500.0,198600.0
2073,2021-10-17 02:15:00,34850.0,3000.0,198100.0
2074,2021-10-17 02:15:00,34850.0,2600.0,195100.0
2075,2021-10-17 02:15:00,34850.0,200.0,192500.0
2076,2021-10-17 02:15:00,34850.0,500.0,192300.0
2077,2021-10-17 02:15:00,34850.0,1500.0,191800.0
2078,2021-10-17 02:15:00,34850.0,3300.0,190300.0
2079,2021-10-17 02:15:00,34850.0,200.0,187000.0
2080,2021-10-17 02:15:00,34850.0,100.0,186800.0
2081,2021-10-17 02:15:00,34850.0,2000.0,186700.0
2082,2021-10-17 02:15:00,34850.0,500.0,184700.0
2083,2021-10-17 02:15:00,34850.0,2200.0,184200.0
2084,2021-10-17 02:15:00,34850.0,100.0,182000.0
