,Time,Price,Volume_per_trade,Volume
0,2021-10-11 07:45:01,5060.0,200.0,4371300.0
1,2021-10-11 07:45:01,5060.0,1000.0,4371100.0
2,2021-10-11 07:45:01,5060.0,200.0,4370100.0
3,2021-10-11 07:45:01,5060.0,9800.0,4369900.0
4,2021-10-11 07:45:01,5060.0,4500.0,4360100.0
5,2021-10-11 07:45:01,5060.0,800.0,4355600.0
6,2021-10-11 07:45:01,5060.0,3600.0,4354800.0
7,2021-10-11 07:45:01,5060.0,300.0,4351200.0
8,2021-10-11 07:45:01,5060.0,1000.0,4350900.0
9,2021-10-11 07:45:01,5060.0,700.0,4349900.0
10,2021-10-11 07:45:01,5060.0,200.0,4349200.0
11,2021-10-11 07:45:01,5060.0,5000.0,4349000.0
12,2021-10-11 07:45:01,5060.0,100.0,4344000.0
13,2021-10-11 07:45:01,5060.0,500.0,4343900.0
14,2021-10-11 07:45:01,5060.0,500.0,4343400.0
15,2021-10-11 07:45:01,5060.0,200.0,4342900.0
16,2021-10-11 07:45:01,5060.0,200.0,4342700.0
17,2021-10-11 07:45:01,5060.0,100.0,4342500.0
18,2021-10-11 07:45:01,5060.0,200.0,4342400.0
19,2021-10-11 07:45:01,5060.0,200.0,4342200.0
20,2021-10-11 07:45:01,5060.0,500.0,4342000.0
21,2021-10-11 07:45:01,5060.0,6700.0,4341500.0
22,2021-10-11 07:45:01,5060.0,1300.0,4334800.0
23,2021-10-11 07:45:01,5060.0,500.0,4333500.0
24,2021-10-11 07:45:01,5060.0,200.0,4333000.0
25,2021-10-11 07:45:01,5060.0,1300.0,4332800.0
26,2021-10-11 07:45:01,5060.0,700.0,4331500.0
27,2021-10-11 07:45:01,5060.0,1000.0,4330800.0
28,2021-10-11 07:45:01,5060.0,300.0,4329800.0
29,2021-10-11 07:45:01,5060.0,1700.0,4329500.0
30,2021-10-11 07:45:01,5060.0,1000.0,4327800.0
31,2021-10-11 07:45:01,5060.0,7300.0,4326800.0
32,2021-10-11 07:45:01,5060.0,100.0,4319500.0
33,2021-10-11 07:45:01,5060.0,10000.0,4319400.0
34,2021-10-11 07:45:01,5060.0,1000.0,4309400.0
35,2021-10-11 07:45:01,5060.0,200.0,4308400.0
36,2021-10-11 07:45:01,5060.0,1000.0,4308200.0
37,2021-10-11 07:45:01,5060.0,300.0,4307200.0
38,2021-10-11 07:45:01,5060.0,100.0,4306900.0
39,2021-10-11 07:30:00,5060.0,5200.0,4306800.0
40,2021-10-11 07:30:00,5060.0,9800.0,4301600.0
41,2021-10-11 07:29:55,5050.0,4800.0,4291800.0
42,2021-10-11 07:29:54,5050.0,2300.0,4287000.0
43,2021-10-11 07:29:54,5050.0,700.0,4284700.0
44,2021-10-11 07:29:51,5060.0,200.0,4284000.0
45,2021-10-11 07:29:51,5060.0,300.0,4283800.0
46,2021-10-11 07:29:51,5060.0,2500.0,4283500.0
47,2021-10-11 07:29:50,5060.0,1000.0,4281000.0
48,2021-10-11 07:29:36,5060.0,100.0,4280000.0
49,2021-10-11 07:29:04,5060.0,500.0,4279900.0
50,2021-10-11 07:29:02,5050.0,200.0,4279400.0
51,2021-10-11 07:29:00,5060.0,900.0,4279200.0
52,2021-10-11 07:29:00,5060.0,100.0,4278300.0
53,2021-10-11 07:28:57,5060.0,100.0,4278200.0
54,2021-10-11 07:28:34,5050.0,100.0,4278100.0
55,2021-10-11 07:28:32,5040.0,600.0,4278000.0
56,2021-10-11 07:28:32,5040.0,200.0,4277400.0
57,2021-10-11 07:28:32,5040.0,200.0,4277200.0
58,2021-10-11 07:28:29,5050.0,9900.0,4277000.0
59,2021-10-11 07:28:29,5050.0,100.0,4267100.0
60,2021-10-11 07:26:52,5040.0,5000.0,4267000.0
61,2021-10-11 07:26:52,5040.0,800.0,4262000.0
62,2021-10-11 07:25:20,5030.0,1700.0,4261200.0
63,2021-10-11 07:24:48,5030.0,300.0,4259500.0
64,2021-10-11 07:24:46,5030.0,100.0,4259200.0
65,2021-10-11 07:24:38,5030.0,1900.0,4259100.0
66,2021-10-11 07:24:26,5030.0,2000.0,4257200.0
67,2021-10-11 07:24:20,5030.0,600.0,4255200.0
68,2021-10-11 07:24:20,5030.0,500.0,4254600.0
69,2021-10-11 07:24:10,5030.0,500.0,4254100.0
70,2021-10-11 07:24:08,5030.0,200.0,4253600.0
71,2021-10-11 07:23:54,5030.0,500.0,4253400.0
72,2021-10-11 07:23:54,5030.0,100.0,4252900.0
73,2021-10-11 07:23:54,5030.0,700.0,4252800.0
74,2021-10-11 07:23:54,5030.0,300.0,4252100.0
75,2021-10-11 07:23:54,5030.0,9600.0,4251800.0
76,2021-10-11 07:23:53,5040.0,200.0,4242200.0
77,2021-10-11 07:23:25,5030.0,9000.0,4242000.0
78,2021-10-11 07:23:20,5040.0,2000.0,4233000.0
79,2021-10-11 07:23:14,5050.0,3100.0,4231000.0
80,2021-10-11 07:23:14,5040.0,1700.0,4227900.0
81,2021-10-11 07:23:08,5040.0,100.0,4226200.0
82,2021-10-11 07:23:08,5040.0,200.0,4226100.0
83,2021-10-11 07:23:08,5040.0,1000.0,4225900.0
84,2021-10-11 07:22:34,5040.0,1000.0,4224900.0
85,2021-10-11 07:22:10,5040.0,2000.0,4223900.0
86,2021-10-11 07:22:07,5040.0,3000.0,4221900.0
87,2021-10-11 07:21:36,5050.0,100.0,4218900.0
88,2021-10-11 07:20:25,5000.0,1400.0,4218800.0
89,2021-10-11 07:20:25,5000.0,100.0,4217400.0
90,2021-10-11 07:20:25,5000.0,6000.0,4217300.0
91,2021-10-11 07:20:25,5000.0,1000.0,4211300.0
92,2021-10-11 07:20:25,5000.0,5000.0,4210300.0
93,2021-10-11 07:20:25,5000.0,100.0,4205300.0
94,2021-10-11 07:20:25,5000.0,2000.0,4205200.0
95,2021-10-11 07:20:25,5000.0,400.0,4203200.0
96,2021-10-11 07:20:25,5010.0,200.0,4202800.0
97,2021-10-11 07:20:25,5010.0,3800.0,4202600.0
98,2021-10-11 07:20:25,5010.0,1600.0,4198800.0
99,2021-10-11 07:20:25,5010.0,500.0,4197200.0
100,2021-10-11 07:20:25,5010.0,600.0,4196700.0
101,2021-10-11 07:20:25,5020.0,68000.0,4196100.0
102,2021-10-11 07:20:25,5020.0,50000.0,4128100.0
103,2021-10-11 07:20:25,5020.0,100.0,4078100.0
104,2021-10-11 07:20:25,5020.0,1500.0,4078000.0
105,2021-10-11 07:20:25,5020.0,300.0,4076500.0
106,2021-10-11 07:20:25,5030.0,20000.0,4076200.0
107,2021-10-11 07:20:25,5030.0,200.0,4056200.0
108,2021-10-11 07:20:25,5030.0,2000.0,4056000.0
109,2021-10-11 07:20:25,5030.0,500.0,4054000.0
110,2021-10-11 07:20:25,5030.0,500.0,4053500.0
111,2021-10-11 07:20:25,5030.0,5000.0,4053000.0
112,2021-10-11 07:20:25,5040.0,5000.0,4048000.0
113,2021-10-11 07:20:25,5040.0,2000.0,4043000.0
114,2021-10-11 07:20:25,5040.0,500.0,4041000.0
115,2021-10-11 07:20:25,5040.0,15000.0,4040500.0
116,2021-10-11 07:20:25,5040.0,300.0,4025500.0
117,2021-10-11 07:20:25,5050.0,2000.0,4025200.0
118,2021-10-11 07:20:25,5050.0,200.0,4023200.0
119,2021-10-11 07:20:25,5050.0,200.0,4023000.0
120,2021-10-11 07:20:25,5050.0,4000.0,4022800.0
121,2021-10-11 07:20:04,5060.0,300.0,4018800.0
122,2021-10-11 07:20:03,5060.0,100.0,4018500.0
123,2021-10-11 07:19:49,5060.0,100.0,4018400.0
124,2021-10-11 07:19:44,5060.0,100.0,4018300.0
125,2021-10-11 07:19:35,5050.0,100.0,4018200.0
126,2021-10-11 07:19:11,5060.0,800.0,4018100.0
127,2021-10-11 07:19:11,5050.0,900.0,4017300.0
128,2021-10-11 07:19:11,5050.0,100.0,4016400.0
129,2021-10-11 07:19:10,5060.0,100.0,4016300.0
130,2021-10-11 07:19:08,5060.0,900.0,4016200.0
131,2021-10-11 07:18:31,5050.0,2900.0,4015300.0
132,2021-10-11 07:18:22,5050.0,200.0,4012400.0
133,2021-10-11 07:18:21,5050.0,500.0,4012200.0
134,2021-10-11 07:18:21,5050.0,1000.0,4011700.0
135,2021-10-11 07:18:21,5050.0,2000.0,4010700.0
136,2021-10-11 07:18:21,5050.0,2000.0,4008700.0
137,2021-10-11 07:18:21,5050.0,300.0,4006700.0
138,2021-10-11 07:18:21,5050.0,6000.0,4006400.0
139,2021-10-11 07:18:21,5050.0,100.0,4000400.0
140,2021-10-11 07:18:21,5050.0,200.0,4000300.0
141,2021-10-11 07:18:21,5050.0,1000.0,4000100.0
142,2021-10-11 07:18:21,5050.0,2000.0,3999100.0
143,2021-10-11 07:18:21,5050.0,5000.0,3997100.0
144,2021-10-11 07:18:21,5060.0,900.0,3992100.0
145,2021-10-11 07:18:21,5060.0,2000.0,3991200.0
146,2021-10-11 07:18:21,5060.0,1600.0,3989200.0
147,2021-10-11 07:18:20,5060.0,200.0,3987600.0
148,2021-10-11 07:17:10,5070.0,200.0,3987400.0
149,2021-10-11 07:16:59,5070.0,1100.0,3987200.0
150,2021-10-11 07:16:20,5070.0,200.0,3986100.0
151,2021-10-11 07:16:12,5070.0,3100.0,3985900.0
152,2021-10-11 07:15:55,5070.0,100.0,3982800.0
153,2021-10-11 07:15:48,5070.0,100.0,3982700.0
154,2021-10-11 07:15:22,5070.0,100.0,3982600.0
155,2021-10-11 07:15:22,5060.0,1000.0,3982500.0
156,2021-10-11 07:15:20,5060.0,4000.0,3981500.0
157,2021-10-11 07:14:57,5060.0,200.0,3977500.0
158,2021-10-11 07:14:57,5070.0,100.0,3977300.0
159,2021-10-11 07:14:54,5060.0,4800.0,3977200.0
160,2021-10-11 07:14:54,5060.0,200.0,3972400.0
161,2021-10-11 07:14:51,5060.0,200.0,3972200.0
162,2021-10-11 07:14:13,5060.0,3600.0,3972000.0
163,2021-10-11 07:14:13,5060.0,2000.0,3968400.0
164,2021-10-11 07:14:13,5060.0,500.0,3966400.0
165,2021-10-11 07:14:13,5060.0,5000.0,3965900.0
166,2021-10-11 07:14:13,5060.0,100.0,3960900.0
167,2021-10-11 07:14:13,5060.0,1000.0,3960800.0
168,2021-10-11 07:14:13,5060.0,100.0,3959800.0
169,2021-10-11 07:14:13,5070.0,500.0,3959700.0
170,2021-10-11 07:13:14,5070.0,300.0,3959200.0
171,2021-10-11 07:13:14,5070.0,1000.0,3958900.0
172,2021-10-11 07:13:14,5070.0,200.0,3957900.0
173,2021-10-11 07:13:14,5070.0,1000.0,3957700.0
174,2021-10-11 07:13:14,5070.0,5000.0,3956700.0
175,2021-10-11 07:13:14,5070.0,800.0,3951700.0
176,2021-10-11 07:13:14,5070.0,100.0,3950900.0
177,2021-10-11 07:13:14,5070.0,200.0,3950800.0
178,2021-10-11 07:13:14,5070.0,100.0,3950600.0
179,2021-10-11 07:13:14,5070.0,1000.0,3950500.0
180,2021-10-11 07:12:04,5080.0,100.0,3949500.0
181,2021-10-11 07:11:36,5080.0,1000.0,3949400.0
182,2021-10-11 07:11:33,5080.0,300.0,3948400.0
183,2021-10-11 07:10:38,5080.0,100.0,3948100.0
184,2021-10-11 07:10:38,5080.0,1000.0,3948000.0
185,2021-10-11 07:10:38,5080.0,1000.0,3947000.0
186,2021-10-11 07:10:38,5080.0,500.0,3946000.0
187,2021-10-11 07:10:38,5080.0,100.0,3945500.0
188,2021-10-11 07:10:38,5080.0,300.0,3945400.0
189,2021-10-11 07:10:38,5080.0,1000.0,3945100.0
190,2021-10-11 07:10:38,5080.0,100.0,3944100.0
191,2021-10-11 07:10:38,5080.0,6000.0,3944000.0
192,2021-10-11 07:10:38,5080.0,200.0,3938000.0
193,2021-10-11 07:10:38,5080.0,5000.0,3937800.0
194,2021-10-11 07:10:38,5080.0,1500.0,3932800.0
195,2021-10-11 07:10:38,5080.0,4100.0,3931300.0
196,2021-10-11 07:10:08,5080.0,900.0,3927200.0
197,2021-10-11 07:10:06,5090.0,400.0,3926300.0
198,2021-10-11 07:10:06,5090.0,1600.0,3925900.0
199,2021-10-11 07:09:42,5090.0,100.0,3924300.0
200,2021-10-11 07:09:32,5090.0,1300.0,3924200.0
201,2021-10-11 07:09:32,5090.0,100.0,3922900.0
202,2021-10-11 07:09:32,5090.0,1900.0,3922800.0
203,2021-10-11 07:09:30,5090.0,300.0,3920900.0
204,2021-10-11 07:09:18,5090.0,400.0,3920600.0
205,2021-10-11 07:09:18,5090.0,400.0,3920200.0
206,2021-10-11 07:08:53,5090.0,1000.0,3919800.0
207,2021-10-11 07:08:53,5090.0,1000.0,3918800.0
208,2021-10-11 07:08:53,5090.0,1000.0,3917800.0
209,2021-10-11 07:08:34,5100.0,7200.0,3916800.0
210,2021-10-11 07:08:27,5100.0,3000.0,3909600.0
211,2021-10-11 07:08:06,5100.0,400.0,3906600.0
212,2021-10-11 07:08:06,5100.0,2700.0,3906200.0
213,2021-10-11 07:07:07,5110.0,1000.0,3903500.0
214,2021-10-11 07:06:47,5100.0,2000.0,3902500.0
215,2021-10-11 07:06:47,5100.0,100.0,3900500.0
216,2021-10-11 07:06:47,5100.0,50000.0,3900400.0
217,2021-10-11 07:06:47,5100.0,5000.0,3850400.0
218,2021-10-11 07:06:47,5100.0,500.0,3845400.0
219,2021-10-11 07:06:47,5100.0,700.0,3844900.0
220,2021-10-11 07:06:47,5090.0,3000.0,3844200.0
221,2021-10-11 07:05:36,5100.0,300.0,3841200.0
222,2021-10-11 07:05:35,5100.0,300.0,3840900.0
223,2021-10-11 07:05:34,5100.0,2000.0,3840600.0
224,2021-10-11 07:05:07,5080.0,5000.0,3838600.0
225,2021-10-11 07:05:07,5080.0,300.0,3833600.0
226,2021-10-11 07:05:07,5080.0,100.0,3833300.0
227,2021-10-11 07:05:07,5090.0,100.0,3833200.0
228,2021-10-11 07:05:07,5090.0,100.0,3833100.0
229,2021-10-11 07:05:07,5090.0,2000.0,3833000.0
230,2021-10-11 07:05:07,5090.0,1000.0,3831000.0
231,2021-10-11 07:05:07,5090.0,3300.0,3830000.0
232,2021-10-11 07:05:07,5100.0,400.0,3826700.0
233,2021-10-11 07:05:07,5100.0,500.0,3826300.0
234,2021-10-11 07:05:07,5100.0,900.0,3825800.0
235,2021-10-11 07:04:59,5100.0,4100.0,3824900.0
236,2021-10-11 07:04:59,5100.0,300.0,3820800.0
237,2021-10-11 07:04:59,5100.0,10000.0,3820500.0
238,2021-10-11 07:04:59,5100.0,200.0,3810500.0
239,2021-10-11 07:04:59,5100.0,300.0,3810300.0
240,2021-10-11 07:04:59,5100.0,400.0,3810000.0
241,2021-10-11 07:04:59,5100.0,2000.0,3809600.0
242,2021-10-11 07:04:59,5100.0,100.0,3807600.0
243,2021-10-11 07:04:59,5100.0,1900.0,3807500.0
244,2021-10-11 07:04:59,5100.0,100.0,3805600.0
245,2021-10-11 07:04:59,5100.0,2000.0,3805500.0
246,2021-10-11 07:04:59,5100.0,100.0,3803500.0
247,2021-10-11 07:04:59,5100.0,100.0,3803400.0
248,2021-10-11 07:04:59,5100.0,1000.0,3803300.0
249,2021-10-11 07:04:59,5100.0,100.0,3802300.0
250,2021-10-11 07:04:59,5100.0,400.0,3802200.0
251,2021-10-11 07:04:59,5100.0,100.0,3801800.0
252,2021-10-11 07:04:59,5100.0,400.0,3801700.0
253,2021-10-11 07:04:59,5100.0,200.0,3801300.0
254,2021-10-11 07:04:59,5100.0,500.0,3801100.0
255,2021-10-11 07:04:59,5100.0,5000.0,3800600.0
256,2021-10-11 07:04:59,5100.0,100.0,3795600.0
257,2021-10-11 07:04:59,5100.0,100.0,3795500.0
258,2021-10-11 07:04:59,5100.0,600.0,3795400.0
259,2021-10-11 07:04:59,5100.0,100.0,3794800.0
260,2021-10-11 07:04:59,5100.0,5000.0,3794700.0
261,2021-10-11 07:04:59,5100.0,1000.0,3789700.0
262,2021-10-11 07:04:59,5100.0,1000.0,3788700.0
263,2021-10-11 07:04:59,5100.0,1500.0,3787700.0
264,2021-10-11 07:04:59,5100.0,7000.0,3786200.0
265,2021-10-11 07:04:59,5100.0,400.0,3779200.0
266,2021-10-11 07:04:56,5110.0,200.0,3778800.0
267,2021-10-11 07:04:32,5110.0,200.0,3778600.0
268,2021-10-11 07:02:21,5110.0,2000.0,3778400.0
269,2021-10-11 07:02:12,5100.0,500.0,3776400.0
270,2021-10-11 07:01:11,5110.0,1000.0,3775900.0
271,2021-10-11 07:00:37,5110.0,1000.0,3774900.0
272,2021-10-11 07:00:07,5110.0,200.0,3773900.0
273,2021-10-11 07:00:03,5110.0,1000.0,3773700.0
274,2021-10-11 06:59:41,5110.0,800.0,3772700.0
275,2021-10-11 06:59:41,5110.0,200.0,3771900.0
276,2021-10-11 06:59:24,5110.0,1100.0,3771700.0
277,2021-10-11 06:59:02,5100.0,1300.0,3770600.0
278,2021-10-11 06:59:02,5100.0,5000.0,3769300.0
279,2021-10-11 06:59:02,5100.0,400.0,3764300.0
280,2021-10-11 06:59:02,5110.0,100.0,3763900.0
281,2021-10-11 06:59:02,5110.0,5200.0,3763800.0
282,2021-10-11 06:59:00,5110.0,2000.0,3758600.0
283,2021-10-11 06:58:30,5110.0,500.0,3756600.0
284,2021-10-11 06:58:27,5110.0,500.0,3756100.0
285,2021-10-11 06:58:27,5110.0,1000.0,3755600.0
286,2021-10-11 06:58:27,5110.0,2500.0,3754600.0
287,2021-10-11 06:58:27,5110.0,5000.0,3752100.0
288,2021-10-11 06:58:27,5110.0,2000.0,3747100.0
289,2021-10-11 06:58:27,5110.0,1300.0,3745100.0
290,2021-10-11 06:58:16,5110.0,100.0,3743800.0
291,2021-10-11 06:58:06,5110.0,2000.0,3743700.0
292,2021-10-11 06:57:52,5110.0,100.0,3741700.0
293,2021-10-11 06:57:40,5110.0,200.0,3741600.0
294,2021-10-11 06:57:28,5110.0,100.0,3741400.0
295,2021-10-11 06:56:24,5110.0,100.0,3741300.0
296,2021-10-11 06:55:15,5110.0,100.0,3741200.0
297,2021-10-11 06:55:03,5100.0,400.0,3741100.0
298,2021-10-11 06:54:40,5100.0,600.0,3740700.0
299,2021-10-11 06:54:13,5100.0,100.0,3740100.0
300,2021-10-11 06:54:13,5110.0,1000.0,3740000.0
301,2021-10-11 06:54:13,5110.0,1300.0,3739000.0
302,2021-10-11 06:54:12,5110.0,100.0,3737700.0
303,2021-10-11 06:54:00,5110.0,100.0,3737600.0
304,2021-10-11 06:53:57,5100.0,100.0,3737500.0
305,2021-10-11 06:53:54,5110.0,100.0,3737400.0
306,2021-10-11 06:53:15,5110.0,200.0,3737300.0
307,2021-10-11 06:53:15,5110.0,400.0,3737100.0
308,2021-10-11 06:53:13,5110.0,100.0,3736700.0
309,2021-10-11 06:53:05,5100.0,400.0,3736600.0
310,2021-10-11 06:53:05,5100.0,100.0,3736200.0
311,2021-10-11 06:53:05,5100.0,2000.0,3736100.0
312,2021-10-11 06:52:51,5110.0,500.0,3734100.0
313,2021-10-11 06:52:51,5110.0,500.0,3733600.0
314,2021-10-11 06:52:51,5110.0,4000.0,3733100.0
315,2021-10-11 06:52:17,5110.0,1000.0,3729100.0
316,2021-10-11 06:52:14,5100.0,10000.0,3728100.0
317,2021-10-11 06:52:07,5110.0,10000.0,3718100.0
318,2021-10-11 06:51:33,5110.0,2500.0,3708100.0
319,2021-10-11 06:51:15,5110.0,300.0,3705600.0
320,2021-10-11 06:51:09,5110.0,100.0,3705300.0
321,2021-10-11 06:50:48,5110.0,200.0,3705200.0
322,2021-10-11 06:50:46,5110.0,100.0,3705000.0
323,2021-10-11 06:50:15,5110.0,300.0,3704900.0
324,2021-10-11 06:50:15,5110.0,300.0,3704600.0
325,2021-10-11 06:50:15,5110.0,1200.0,3704300.0
326,2021-10-11 06:50:15,5120.0,3900.0,3703100.0
327,2021-10-11 06:50:15,5120.0,200.0,3699200.0
328,2021-10-11 06:50:15,5120.0,3200.0,3699000.0
329,2021-10-11 06:49:36,5110.0,800.0,3695800.0
330,2021-10-11 06:49:36,5110.0,200.0,3695000.0
331,2021-10-11 06:48:51,5120.0,1200.0,3694800.0
332,2021-10-11 06:48:51,5110.0,3800.0,3693600.0
333,2021-10-11 06:48:47,5110.0,6000.0,3689800.0
334,2021-10-11 06:48:10,5110.0,200.0,3683800.0
335,2021-10-11 06:47:52,5110.0,500.0,3683600.0
336,2021-10-11 06:47:51,5110.0,500.0,3683100.0
337,2021-10-11 06:47:29,5120.0,300.0,3682600.0
338,2021-10-11 06:47:14,5120.0,4000.0,3682300.0
339,2021-10-11 06:47:14,5110.0,1000.0,3678300.0
340,2021-10-11 06:46:26,5120.0,2500.0,3677300.0
341,2021-10-11 06:46:26,5110.0,300.0,3674800.0
342,2021-10-11 06:46:26,5110.0,2200.0,3674500.0
343,2021-10-11 06:46:12,5110.0,100.0,3672300.0
344,2021-10-11 06:46:12,5110.0,300.0,3672200.0
345,2021-10-11 06:46:12,5110.0,3400.0,3671900.0
346,2021-10-11 06:45:46,5110.0,4400.0,3668500.0
347,2021-10-11 06:45:46,5110.0,1000.0,3664100.0
348,2021-10-11 06:45:46,5110.0,3000.0,3663100.0
349,2021-10-11 06:45:46,5110.0,500.0,3660100.0
350,2021-10-11 06:45:46,5110.0,900.0,3659600.0
351,2021-10-11 06:45:46,5110.0,200.0,3658700.0
352,2021-10-11 06:45:38,5120.0,3800.0,3658500.0
353,2021-10-11 06:45:38,5120.0,1000.0,3654700.0
354,2021-10-11 06:44:44,5120.0,700.0,3653700.0
355,2021-10-11 06:44:44,5120.0,300.0,3653000.0
356,2021-10-11 06:44:31,5120.0,100.0,3652700.0
357,2021-10-11 06:44:31,5120.0,400.0,3652600.0
358,2021-10-11 06:44:15,5120.0,400.0,3652200.0
359,2021-10-11 06:43:53,5120.0,200.0,3651800.0
360,2021-10-11 06:43:50,5120.0,100.0,3651600.0
361,2021-10-11 06:43:43,5120.0,8900.0,3651500.0
362,2021-10-11 06:43:30,5120.0,200.0,3642600.0
363,2021-10-11 06:43:29,5120.0,7200.0,3642400.0
364,2021-10-11 06:43:29,5120.0,1000.0,3635200.0
365,2021-10-11 06:43:29,5120.0,1000.0,3634200.0
366,2021-10-11 06:43:29,5120.0,5000.0,3633200.0
367,2021-10-11 06:43:29,5120.0,1000.0,3628200.0
368,2021-10-11 06:43:29,5120.0,200.0,3627200.0
369,2021-10-11 06:43:29,5120.0,4200.0,3627000.0
370,2021-10-11 06:43:29,5120.0,1000.0,3622800.0
371,2021-10-11 06:43:29,5120.0,2000.0,3621800.0
372,2021-10-11 06:43:29,5120.0,100.0,3619800.0
373,2021-10-11 06:43:29,5120.0,10200.0,3619700.0
374,2021-10-11 06:43:26,5110.0,200.0,3609500.0
375,2021-10-11 06:43:11,5110.0,200.0,3609300.0
376,2021-10-11 06:42:47,5120.0,1000.0,3609100.0
377,2021-10-11 06:42:45,5120.0,10000.0,3608100.0
378,2021-10-11 06:42:42,5120.0,600.0,3598100.0
379,2021-10-11 06:41:42,5120.0,1000.0,3597500.0
380,2021-10-11 06:41:16,5120.0,100.0,3596500.0
381,2021-10-11 06:41:01,5120.0,500.0,3596400.0
382,2021-10-11 06:40:59,5120.0,2000.0,3595900.0
383,2021-10-11 06:40:52,5120.0,300.0,3593900.0
384,2021-10-11 06:40:48,5120.0,1000.0,3593600.0
385,2021-10-11 06:40:01,5120.0,600.0,3592600.0
386,2021-10-11 06:40:01,5120.0,5000.0,3592000.0
387,2021-10-11 06:39:47,5120.0,8000.0,3587000.0
388,2021-10-11 06:39:41,5120.0,1000.0,3579000.0
389,2021-10-11 06:39:14,5120.0,6900.0,3578000.0
390,2021-10-11 06:39:14,5110.0,200.0,3571100.0
391,2021-10-11 06:39:14,5110.0,900.0,3570900.0
392,2021-10-11 06:39:13,5110.0,1000.0,3570000.0
393,2021-10-11 06:38:52,5110.0,100.0,3569000.0
394,2021-10-11 06:38:52,5110.0,1200.0,3568900.0
395,2021-10-11 06:38:16,5110.0,800.0,3567700.0
396,2021-10-11 06:38:13,5120.0,500.0,3566900.0
397,2021-10-11 06:38:13,5110.0,500.0,3566400.0
398,2021-10-11 06:38:12,5110.0,100.0,3565900.0
399,2021-10-11 06:38:12,5110.0,6400.0,3565800.0
400,2021-10-11 06:37:57,5110.0,3600.0,3559400.0
401,2021-10-11 06:37:47,5110.0,5000.0,3555800.0
402,2021-10-11 06:37:44,5110.0,100.0,3550800.0
403,2021-10-11 06:37:40,5110.0,300.0,3550700.0
404,2021-10-11 06:37:40,5110.0,100.0,3550400.0
405,2021-10-11 06:37:40,5110.0,2200.0,3550300.0
406,2021-10-11 06:37:40,5110.0,600.0,3548100.0
407,2021-10-11 06:37:40,5110.0,1100.0,3547500.0
408,2021-10-11 06:37:40,5110.0,700.0,3546400.0
409,2021-10-11 06:37:33,5110.0,2100.0,3545700.0
410,2021-10-11 06:37:24,5110.0,100.0,3543600.0
411,2021-10-11 06:37:06,5110.0,3000.0,3543500.0
412,2021-10-11 06:37:06,5110.0,100.0,3540500.0
413,2021-10-11 06:37:06,5110.0,2000.0,3540400.0
414,2021-10-11 06:36:52,5110.0,500.0,3538400.0
415,2021-10-11 06:36:49,5110.0,1500.0,3537900.0
416,2021-10-11 06:36:49,5110.0,500.0,3536400.0
417,2021-10-11 06:36:49,5110.0,5000.0,3535900.0
418,2021-10-11 06:36:49,5110.0,2000.0,3530900.0
419,2021-10-11 06:36:49,5110.0,1000.0,3528900.0
420,2021-10-11 06:36:42,5110.0,200.0,3527900.0
421,2021-10-11 06:36:42,5110.0,300.0,3527700.0
422,2021-10-11 06:36:20,5110.0,100.0,3527400.0
423,2021-10-11 06:36:18,5110.0,1500.0,3527300.0
424,2021-10-11 06:36:18,5110.0,1500.0,3525800.0
425,2021-10-11 06:35:56,5110.0,3000.0,3524300.0
426,2021-10-11 06:35:55,5120.0,200.0,3521300.0
427,2021-10-11 06:35:23,5120.0,500.0,3521100.0
428,2021-10-11 06:34:48,5120.0,100.0,3520600.0
429,2021-10-11 06:33:45,5120.0,500.0,3520500.0
430,2021-10-11 06:33:02,5130.0,10000.0,3520000.0
431,2021-10-11 06:33:00,5110.0,100.0,3510000.0
432,2021-10-11 06:33:00,5110.0,5700.0,3509900.0
433,2021-10-11 06:32:46,5110.0,1300.0,3504200.0
434,2021-10-11 06:32:44,5110.0,1700.0,3502900.0
435,2021-10-11 06:32:44,5110.0,2100.0,3501200.0
436,2021-10-11 06:31:57,5110.0,2000.0,3499100.0
437,2021-10-11 06:31:56,5110.0,10200.0,3497100.0
438,2021-10-11 06:31:56,5120.0,6700.0,3486900.0
439,2021-10-11 06:31:55,5120.0,100.0,3480200.0
440,2021-10-11 06:31:55,5120.0,1000.0,3480100.0
441,2021-10-11 06:31:55,5120.0,1000.0,3479100.0
442,2021-10-11 06:31:55,5120.0,5000.0,3478100.0
443,2021-10-11 06:31:55,5120.0,200.0,3473100.0
444,2021-10-11 06:31:55,5120.0,400.0,3472900.0
445,2021-10-11 06:31:55,5120.0,10600.0,3472500.0
446,2021-10-11 06:31:50,5110.0,500.0,3461900.0
447,2021-10-11 06:31:50,5110.0,1000.0,3461400.0
448,2021-10-11 06:31:50,5110.0,3200.0,3460400.0
449,2021-10-11 06:31:40,5110.0,800.0,3457200.0
450,2021-10-11 06:31:36,5110.0,6000.0,3456400.0
451,2021-10-11 06:30:44,5100.0,2300.0,3450400.0
452,2021-10-11 06:30:44,5100.0,2000.0,3448100.0
453,2021-10-11 06:30:44,5100.0,2400.0,3446100.0
454,2021-10-11 06:30:44,5100.0,1300.0,3443700.0
455,2021-10-11 06:30:28,5100.0,400.0,3442400.0
456,2021-10-11 06:30:27,5090.0,400.0,3442000.0
457,2021-10-11 06:30:00,5100.0,300.0,3441600.0
458,2021-10-11 06:30:00,5100.0,1700.0,3441300.0
459,2021-10-11 06:29:55,5090.0,1300.0,3439600.0
460,2021-10-11 06:29:55,5090.0,30700.0,3438300.0
461,2021-10-11 06:29:55,5090.0,100.0,3407600.0
462,2021-10-11 06:29:55,5090.0,100.0,3407500.0
463,2021-10-11 06:29:55,5090.0,20000.0,3407400.0
464,2021-10-11 06:29:55,5090.0,500.0,3387400.0
465,2021-10-11 06:29:55,5090.0,7300.0,3386900.0
466,2021-10-11 06:29:25,5100.0,200.0,3379600.0
467,2021-10-11 06:29:25,5100.0,3100.0,3379400.0
468,2021-10-11 06:29:23,5100.0,2500.0,3376300.0
469,2021-10-11 06:29:12,5100.0,4400.0,3373800.0
470,2021-10-11 06:29:12,5100.0,100.0,3369400.0
471,2021-10-11 06:29:12,5100.0,2000.0,3369300.0
472,2021-10-11 06:29:12,5100.0,1000.0,3367300.0
473,2021-10-11 06:29:02,5110.0,10000.0,3366300.0
474,2021-10-11 06:28:51,5110.0,10000.0,3356300.0
475,2021-10-11 06:28:34,5100.0,1000.0,3346300.0
476,2021-10-11 06:28:34,5100.0,3000.0,3345300.0
477,2021-10-11 06:28:34,5100.0,500.0,3342300.0
478,2021-10-11 06:28:34,5100.0,2000.0,3341800.0
479,2021-10-11 06:28:34,5100.0,1000.0,3339800.0
480,2021-10-11 06:28:34,5100.0,20000.0,3338800.0
481,2021-10-11 06:28:34,5100.0,200.0,3318800.0
482,2021-10-11 06:28:34,5100.0,100.0,3318600.0
483,2021-10-11 06:28:34,5100.0,5000.0,3318500.0
484,2021-10-11 06:28:34,5100.0,1000.0,3313500.0
485,2021-10-11 06:28:34,5100.0,2000.0,3312500.0
486,2021-10-11 06:28:34,5100.0,10000.0,3310500.0
487,2021-10-11 06:28:34,5100.0,300.0,3300500.0
488,2021-10-11 06:28:34,5100.0,20000.0,3300200.0
489,2021-10-11 06:28:34,5100.0,2000.0,3280200.0
490,2021-10-11 06:28:34,5100.0,100.0,3278200.0
491,2021-10-11 06:28:34,5100.0,10000.0,3278100.0
492,2021-10-11 06:28:34,5100.0,100.0,3268100.0
493,2021-10-11 06:28:34,5100.0,1000.0,3268000.0
494,2021-10-11 06:28:34,5100.0,5000.0,3267000.0
495,2021-10-11 06:28:34,5110.0,1000.0,3262000.0
496,2021-10-11 06:28:34,5110.0,1000.0,3261000.0
497,2021-10-11 06:28:34,5110.0,1000.0,3260000.0
498,2021-10-11 06:28:34,5110.0,100.0,3259000.0
499,2021-10-11 06:28:34,5110.0,100.0,3258900.0
500,2021-10-11 06:28:34,5110.0,200.0,3258800.0
501,2021-10-11 06:28:34,5110.0,4000.0,3258600.0
502,2021-10-11 06:28:34,5110.0,200.0,3254600.0
503,2021-10-11 06:28:34,5110.0,3000.0,3254400.0
504,2021-10-11 06:28:34,5110.0,1400.0,3251400.0
505,2021-10-11 06:28:34,5110.0,500.0,3250000.0
506,2021-10-11 06:28:34,5110.0,200.0,3249500.0
507,2021-10-11 06:28:34,5110.0,1000.0,3249300.0
508,2021-10-11 06:28:34,5110.0,2900.0,3248300.0
509,2021-10-11 06:28:18,5110.0,2100.0,3245400.0
510,2021-10-11 06:28:18,5110.0,2900.0,3243300.0
511,2021-10-11 06:27:58,5120.0,300.0,3240400.0
512,2021-10-11 06:27:21,5120.0,100.0,3240100.0
513,2021-10-11 06:27:20,5110.0,7100.0,3240000.0
514,2021-10-11 06:27:20,5110.0,100.0,3232900.0
515,2021-10-11 06:27:20,5110.0,2000.0,3232800.0
516,2021-10-11 06:27:20,5110.0,800.0,3230800.0
517,2021-10-11 06:27:08,5120.0,700.0,3230000.0
518,2021-10-11 06:27:07,5120.0,200.0,3229300.0
519,2021-10-11 06:27:03,5120.0,200.0,3229100.0
520,2021-10-11 06:27:03,5120.0,900.0,3228900.0
521,2021-10-11 06:26:50,5120.0,600.0,3228000.0
522,2021-10-11 06:26:47,5120.0,1500.0,3227400.0
523,2021-10-11 06:26:47,5120.0,1500.0,3225900.0
524,2021-10-11 06:26:44,5120.0,200.0,3224400.0
525,2021-10-11 06:26:41,5120.0,300.0,3224200.0
526,2021-10-11 06:26:41,5120.0,1700.0,3223900.0
527,2021-10-11 06:26:13,5120.0,800.0,3222200.0
528,2021-10-11 06:26:13,5120.0,4200.0,3221400.0
529,2021-10-11 06:26:04,5120.0,800.0,3217200.0
530,2021-10-11 06:26:04,5120.0,200.0,3216400.0
531,2021-10-11 06:25:53,5120.0,200.0,3216200.0
532,2021-10-11 06:25:49,5120.0,1600.0,3216000.0
533,2021-10-11 06:25:49,5120.0,1000.0,3214400.0
534,2021-10-11 06:25:49,5120.0,300.0,3213400.0
535,2021-10-11 06:25:49,5120.0,1000.0,3213100.0
536,2021-10-11 06:25:49,5120.0,1000.0,3212100.0
537,2021-10-11 06:25:49,5120.0,100.0,3211100.0
538,2021-10-11 06:25:49,5120.0,5000.0,3211000.0
539,2021-10-11 06:25:37,5130.0,5000.0,3206000.0
540,2021-10-11 06:25:14,5130.0,200.0,3201000.0
541,2021-10-11 06:25:07,5130.0,100.0,3200800.0
542,2021-10-11 06:25:06,5130.0,100.0,3200700.0
543,2021-10-11 06:25:03,5130.0,600.0,3200600.0
544,2021-10-11 06:25:03,5130.0,1000.0,3200000.0
545,2021-10-11 06:25:03,5130.0,700.0,3199000.0
546,2021-10-11 06:25:03,5130.0,100.0,3198300.0
547,2021-10-11 06:25:03,5130.0,2600.0,3198200.0
548,2021-10-11 06:25:01,5130.0,400.0,3195600.0
549,2021-10-11 06:24:55,5130.0,2000.0,3195200.0
550,2021-10-11 06:24:55,5130.0,2000.0,3193200.0
551,2021-10-11 06:24:55,5130.0,1000.0,3191200.0
552,2021-10-11 06:24:55,5130.0,2000.0,3190200.0
553,2021-10-11 06:24:26,5130.0,600.0,3188200.0
554,2021-10-11 06:24:03,5140.0,3300.0,3187600.0
555,2021-10-11 06:24:03,5140.0,1700.0,3184300.0
556,2021-10-11 06:23:52,5140.0,3300.0,3182600.0
557,2021-10-11 06:23:41,5140.0,200.0,3179300.0
558,2021-10-11 06:23:19,5140.0,200.0,3179100.0
559,2021-10-11 06:23:19,5140.0,2000.0,3178900.0
560,2021-10-11 06:23:19,5140.0,1800.0,3176900.0
561,2021-10-11 06:23:19,5140.0,1500.0,3175100.0
562,2021-10-11 06:23:07,5140.0,500.0,3173600.0
563,2021-10-11 06:22:23,5140.0,300.0,3173100.0
564,2021-10-11 06:22:23,5140.0,200.0,3172800.0
565,2021-10-11 06:22:19,5140.0,2800.0,3172600.0
566,2021-10-11 06:22:19,5140.0,100.0,3169800.0
567,2021-10-11 06:22:16,5140.0,1000.0,3169700.0
568,2021-10-11 06:21:59,5140.0,2000.0,3168700.0
569,2021-10-11 06:21:33,5140.0,200.0,3166700.0
570,2021-10-11 06:21:33,5140.0,600.0,3166500.0
571,2021-10-11 06:21:33,5140.0,200.0,3165900.0
572,2021-10-11 06:21:33,5140.0,900.0,3165700.0
573,2021-10-11 06:21:20,5140.0,100.0,3164800.0
574,2021-10-11 06:20:41,5140.0,200.0,3164700.0
575,2021-10-11 06:20:41,5140.0,600.0,3164500.0
576,2021-10-11 06:20:41,5140.0,200.0,3163900.0
577,2021-10-11 06:20:26,5140.0,3900.0,3163700.0
578,2021-10-11 06:19:38,5140.0,900.0,3159800.0
579,2021-10-11 06:19:38,5140.0,2000.0,3158900.0
580,2021-10-11 06:19:38,5140.0,5000.0,3156900.0
581,2021-10-11 06:19:38,5140.0,15000.0,3151900.0
582,2021-10-11 06:19:38,5140.0,4500.0,3136900.0
583,2021-10-11 06:19:38,5140.0,10000.0,3132400.0
584,2021-10-11 06:19:37,5150.0,500.0,3122400.0
585,2021-10-11 06:19:37,5150.0,500.0,3121900.0
586,2021-10-11 06:19:37,5150.0,200.0,3121400.0
587,2021-10-11 06:19:28,5150.0,100.0,3121200.0
588,2021-10-11 06:19:10,5150.0,500.0,3121100.0
589,2021-10-11 06:19:01,5150.0,3000.0,3120600.0
590,2021-10-11 06:18:53,5150.0,400.0,3117600.0
591,2021-10-11 06:18:45,5150.0,5000.0,3117200.0
592,2021-10-11 06:18:45,5150.0,1000.0,3112200.0
593,2021-10-11 06:18:45,5150.0,1000.0,3111200.0
594,2021-10-11 06:18:45,5150.0,1200.0,3110200.0
595,2021-10-11 06:18:15,5160.0,600.0,3109000.0
596,2021-10-11 06:17:56,5160.0,1100.0,3108400.0
597,2021-10-11 06:17:44,5160.0,300.0,3107300.0
598,2021-10-11 06:17:38,5160.0,2000.0,3107000.0
599,2021-10-11 06:17:37,5160.0,200.0,3105000.0
600,2021-10-11 06:17:19,5160.0,1000.0,3104800.0
601,2021-10-11 06:17:06,5160.0,1500.0,3103800.0
602,2021-10-11 06:17:06,5160.0,500.0,3102300.0
603,2021-10-11 06:17:00,5160.0,1000.0,3101800.0
604,2021-10-11 06:16:35,5170.0,100.0,3100800.0
605,2021-10-11 06:16:35,5170.0,400.0,3100700.0
606,2021-10-11 06:16:27,5170.0,2000.0,3100300.0
607,2021-10-11 06:16:18,5170.0,100.0,3098300.0
608,2021-10-11 06:16:10,5170.0,7500.0,3098200.0
609,2021-10-11 06:16:10,5170.0,12500.0,3090700.0
610,2021-10-11 06:16:02,5170.0,3000.0,3078200.0
611,2021-10-11 06:15:47,5170.0,4600.0,3075200.0
612,2021-10-11 06:15:47,5170.0,300.0,3070600.0
613,2021-10-11 06:15:43,5170.0,500.0,3070300.0
614,2021-10-11 06:15:33,5170.0,2000.0,3069800.0
615,2021-10-11 06:15:22,5170.0,200.0,3067800.0
616,2021-10-11 06:15:17,5170.0,500.0,3067600.0
617,2021-10-11 06:15:16,5170.0,4000.0,3067100.0
618,2021-10-11 06:15:11,5170.0,7500.0,3063100.0
619,2021-10-11 06:15:11,5170.0,100.0,3055600.0
620,2021-10-11 06:15:11,5170.0,600.0,3055500.0
621,2021-10-11 06:15:11,5170.0,1800.0,3054900.0
622,2021-10-11 06:14:47,5170.0,1500.0,3053100.0
623,2021-10-11 06:14:39,5170.0,1000.0,3051600.0
624,2021-10-11 06:14:20,5180.0,1000.0,3050600.0
625,2021-10-11 06:14:09,5170.0,700.0,3049600.0
626,2021-10-11 06:14:09,5170.0,600.0,3048900.0
627,2021-10-11 06:14:09,5170.0,1700.0,3048300.0
628,2021-10-11 06:14:07,5170.0,1500.0,3046600.0
629,2021-10-11 06:14:07,5170.0,100.0,3045100.0
630,2021-10-11 06:14:07,5170.0,400.0,3045000.0
631,2021-10-11 06:13:53,5170.0,100.0,3044600.0
632,2021-10-11 06:13:53,5170.0,500.0,3044500.0
633,2021-10-11 06:13:53,5170.0,1400.0,3044000.0
634,2021-10-11 06:13:51,5170.0,1300.0,3042600.0
635,2021-10-11 06:13:51,5170.0,300.0,3041300.0
636,2021-10-11 06:13:51,5170.0,1400.0,3041000.0
637,2021-10-11 06:13:22,5170.0,100.0,3039600.0
638,2021-10-11 06:13:15,5170.0,300.0,3039500.0
639,2021-10-11 06:13:11,5170.0,1000.0,3039200.0
640,2021-10-11 06:13:02,5170.0,1000.0,3038200.0
641,2021-10-11 06:12:55,5180.0,600.0,3037200.0
642,2021-10-11 06:12:09,5180.0,28000.0,3036600.0
643,2021-10-11 06:12:08,5170.0,11900.0,3008600.0
644,2021-10-11 06:12:07,5170.0,3500.0,2996700.0
645,2021-10-11 06:11:31,5170.0,200.0,2993200.0
646,2021-10-11 06:11:08,5170.0,500.0,2993000.0
647,2021-10-11 06:11:08,5170.0,100.0,2992500.0
648,2021-10-11 06:11:01,5170.0,200.0,2992400.0
649,2021-10-11 06:10:56,5170.0,600.0,2992200.0
650,2021-10-11 06:10:33,5170.0,200.0,2991600.0
651,2021-10-11 06:10:32,5170.0,100.0,2991400.0
652,2021-10-11 06:10:32,5170.0,500.0,2991300.0
653,2021-10-11 06:10:32,5170.0,200.0,2990800.0
654,2021-10-11 06:10:30,5170.0,500.0,2990600.0
655,2021-10-11 06:10:22,5170.0,1000.0,2990100.0
656,2021-10-11 06:10:20,5170.0,5000.0,2989100.0
657,2021-10-11 06:10:16,5170.0,2000.0,2984100.0
658,2021-10-11 06:10:09,5170.0,1000.0,2982100.0
659,2021-10-11 06:09:54,5170.0,300.0,2981100.0
660,2021-10-11 06:09:54,5170.0,100.0,2980800.0
661,2021-10-11 06:09:41,5170.0,3000.0,2980700.0
662,2021-10-11 06:09:33,5170.0,900.0,2977700.0
663,2021-10-11 06:09:30,5170.0,100.0,2976800.0
664,2021-10-11 06:09:30,5170.0,2900.0,2976700.0
665,2021-10-11 06:09:12,5170.0,500.0,2973800.0
666,2021-10-11 06:09:12,5170.0,300.0,2973300.0
667,2021-10-11 06:09:12,5170.0,100.0,2973000.0
668,2021-10-11 06:09:12,5170.0,1200.0,2972900.0
669,2021-10-11 06:09:00,5170.0,1000.0,2971700.0
670,2021-10-11 06:08:47,5170.0,2000.0,2970700.0
671,2021-10-11 06:08:46,5170.0,2000.0,2968700.0
672,2021-10-11 06:08:46,5170.0,3800.0,2966700.0
673,2021-10-11 06:08:45,5170.0,1200.0,2962900.0
674,2021-10-11 06:08:45,5170.0,2000.0,2961700.0
675,2021-10-11 06:08:45,5170.0,300.0,2959700.0
676,2021-10-11 06:08:45,5170.0,200.0,2959400.0
677,2021-10-11 06:08:45,5170.0,300.0,2959200.0
678,2021-10-11 06:08:45,5170.0,1000.0,2958900.0
679,2021-10-11 06:08:28,5170.0,100.0,2957900.0
680,2021-10-11 06:07:48,5170.0,100.0,2957800.0
681,2021-10-11 06:07:47,5180.0,1000.0,2957700.0
682,2021-10-11 06:07:43,5170.0,900.0,2956700.0
683,2021-10-11 06:07:43,5170.0,100.0,2955800.0
684,2021-10-11 06:07:43,5170.0,1000.0,2955700.0
685,2021-10-11 06:07:30,5180.0,2000.0,2954700.0
686,2021-10-11 06:07:30,5180.0,300.0,2952700.0
687,2021-10-11 06:07:30,5180.0,200.0,2952400.0
688,2021-10-11 06:07:21,5180.0,200.0,2952200.0
689,2021-10-11 06:07:21,5180.0,100.0,2952000.0
690,2021-10-11 06:07:21,5180.0,700.0,2951900.0
691,2021-10-11 06:06:51,5180.0,100.0,2951200.0
692,2021-10-11 06:06:51,5180.0,100.0,2951100.0
693,2021-10-11 06:06:51,5180.0,4800.0,2951000.0
694,2021-10-11 06:06:49,5190.0,2600.0,2946200.0
695,2021-10-11 06:06:49,5190.0,300.0,2943600.0
696,2021-10-11 06:06:49,5190.0,400.0,2943300.0
697,2021-10-11 06:06:49,5190.0,700.0,2942900.0
698,2021-10-11 06:06:49,5190.0,300.0,2942200.0
699,2021-10-11 06:06:49,5190.0,200.0,2941900.0
700,2021-10-11 06:06:43,5180.0,100.0,2941700.0
701,2021-10-11 06:06:37,5190.0,200.0,2941600.0
702,2021-10-11 06:06:37,5190.0,1200.0,2941400.0
703,2021-10-11 06:06:30,5190.0,200.0,2940200.0
704,2021-10-11 06:06:11,5190.0,800.0,2940000.0
705,2021-10-11 06:05:23,5190.0,1500.0,2939200.0
706,2021-10-11 06:05:20,5180.0,100.0,2937700.0
707,2021-10-11 06:05:19,5190.0,96300.0,2937600.0
708,2021-10-11 06:05:19,5190.0,100.0,2841300.0
709,2021-10-11 06:05:19,5180.0,2000.0,2841200.0
710,2021-10-11 06:05:19,5180.0,1600.0,2839200.0
711,2021-10-11 06:05:18,5180.0,2000.0,2837600.0
712,2021-10-11 06:05:01,5180.0,100.0,2835600.0
713,2021-10-11 06:04:57,5180.0,2600.0,2835500.0
714,2021-10-11 06:04:51,5180.0,3000.0,2832900.0
715,2021-10-11 06:04:42,5160.0,1000.0,2829900.0
716,2021-10-11 06:04:39,5160.0,100.0,2828900.0
717,2021-10-11 06:04:39,5160.0,3000.0,2828800.0
718,2021-10-11 06:04:39,5160.0,100.0,2825800.0
719,2021-10-11 06:04:39,5160.0,300.0,2825700.0
720,2021-10-11 06:04:39,5160.0,1000.0,2825400.0
721,2021-10-11 06:04:39,5160.0,300.0,2824400.0
722,2021-10-11 06:04:39,5160.0,1100.0,2824100.0
723,2021-10-11 06:04:21,5150.0,700.0,2823000.0
724,2021-10-11 06:04:20,5150.0,200.0,2822300.0
725,2021-10-11 06:04:20,5150.0,100.0,2822100.0
726,2021-10-11 06:04:20,5150.0,100.0,2822000.0
727,2021-10-11 06:04:16,5150.0,100.0,2821900.0
728,2021-10-11 06:04:16,5150.0,100.0,2821800.0
729,2021-10-11 06:04:16,5150.0,1000.0,2821700.0
730,2021-10-11 06:04:16,5150.0,500.0,2820700.0
731,2021-10-11 06:04:16,5150.0,4200.0,2820200.0
732,2021-10-11 06:04:14,5150.0,10000.0,2816000.0
733,2021-10-11 06:04:11,5150.0,200.0,2806000.0
734,2021-10-11 06:04:02,5150.0,20000.0,2805800.0
735,2021-10-11 06:04:00,5150.0,900.0,2785800.0
736,2021-10-11 06:03:54,5150.0,500.0,2784900.0
737,2021-10-11 06:03:47,5150.0,4000.0,2784400.0
738,2021-10-11 06:03:46,5150.0,6000.0,2780400.0
739,2021-10-11 06:03:45,5150.0,1000.0,2774400.0
740,2021-10-11 06:03:43,5150.0,100.0,2773400.0
741,2021-10-11 06:03:42,5150.0,7700.0,2773300.0
742,2021-10-11 06:03:38,5150.0,20000.0,2765600.0
743,2021-10-11 06:03:36,5150.0,2000.0,2745600.0
744,2021-10-11 06:03:34,5150.0,9700.0,2743600.0
745,2021-10-11 06:03:27,5150.0,2500.0,2733900.0
746,2021-10-11 06:02:44,5150.0,1100.0,2731400.0
747,2021-10-11 06:02:44,5150.0,100.0,2730300.0
748,2021-10-11 06:02:44,5150.0,10000.0,2730200.0
749,2021-10-11 06:02:43,5150.0,50000.0,2720200.0
750,2021-10-11 06:02:39,5160.0,2900.0,2670200.0
751,2021-10-11 06:02:39,5160.0,1000.0,2667300.0
752,2021-10-11 06:02:39,5160.0,100.0,2666300.0
753,2021-10-11 06:02:34,5150.0,800.0,2666200.0
754,2021-10-11 06:02:10,5150.0,1000.0,2665400.0
755,2021-10-11 06:02:10,5150.0,2100.0,2664400.0
756,2021-10-11 06:02:10,5150.0,100.0,2662300.0
757,2021-10-11 06:02:10,5150.0,1000.0,2662200.0
758,2021-10-11 06:02:10,5150.0,100.0,2661200.0
759,2021-10-11 06:02:10,5150.0,10000.0,2661100.0
760,2021-10-11 06:02:10,5150.0,1000.0,2651100.0
761,2021-10-11 06:02:10,5150.0,700.0,2650100.0
762,2021-10-11 06:02:10,5150.0,100.0,2649400.0
763,2021-10-11 06:02:10,5150.0,1700.0,2649300.0
764,2021-10-11 06:02:10,5150.0,800.0,2647600.0
765,2021-10-11 06:02:10,5150.0,200.0,2646800.0
766,2021-10-11 06:02:10,5150.0,1100.0,2646600.0
767,2021-10-11 06:02:10,5150.0,2000.0,2645500.0
768,2021-10-11 06:02:10,5150.0,1000.0,2643500.0
769,2021-10-11 06:02:10,5150.0,100.0,2642500.0
770,2021-10-11 06:02:10,5150.0,300.0,2642400.0
771,2021-10-11 06:02:10,5150.0,1000.0,2642100.0
772,2021-10-11 06:02:10,5150.0,2000.0,2641100.0
773,2021-10-11 06:02:10,5150.0,12900.0,2639100.0
774,2021-10-11 06:02:09,5150.0,7100.0,2626200.0
775,2021-10-11 06:02:09,5150.0,100.0,2619100.0
776,2021-10-11 06:02:09,5150.0,1400.0,2619000.0
777,2021-10-11 06:01:55,5140.0,300.0,2617600.0
778,2021-10-11 06:01:48,5150.0,2000.0,2617300.0
779,2021-10-11 06:01:46,5150.0,2400.0,2615300.0
780,2021-10-11 06:01:46,5150.0,200.0,2612900.0
781,2021-10-11 06:01:46,5150.0,1400.0,2612700.0
782,2021-10-11 06:01:42,5140.0,100.0,2611300.0
783,2021-10-11 06:01:42,5140.0,200.0,2611200.0
784,2021-10-11 06:01:42,5140.0,300.0,2611000.0
785,2021-10-11 06:01:38,5150.0,1700.0,2610700.0
786,2021-10-11 06:01:38,5150.0,200.0,2609000.0
787,2021-10-11 06:01:38,5150.0,100.0,2608800.0
788,2021-10-11 06:01:14,5140.0,800.0,2608700.0
789,2021-10-11 06:01:14,5140.0,8900.0,2607900.0
790,2021-10-11 06:00:34,5130.0,1000.0,2599000.0
791,2021-10-11 06:00:27,5140.0,3000.0,2598000.0
792,2021-10-11 06:00:24,5130.0,400.0,2595000.0
793,2021-10-11 06:00:21,5140.0,8100.0,2594600.0
794,2021-10-11 06:00:21,5140.0,1900.0,2586500.0
795,2021-10-11 06:00:15,5120.0,1800.0,2584600.0
796,2021-10-11 06:00:11,5120.0,200.0,2582800.0
797,2021-10-11 06:00:10,5140.0,5000.0,2582600.0
798,2021-10-11 06:00:10,5140.0,100.0,2577600.0
799,2021-10-11 06:00:10,5140.0,500.0,2577500.0
800,2021-10-11 06:00:10,5140.0,500.0,2577000.0
801,2021-10-11 06:00:10,5140.0,100.0,2576500.0
802,2021-10-11 06:00:10,5140.0,100.0,2576400.0
803,2021-10-11 06:00:10,5140.0,600.0,2576300.0
804,2021-10-11 06:00:10,5140.0,5000.0,2575700.0
805,2021-10-11 06:00:10,5130.0,1100.0,2570700.0
806,2021-10-11 06:00:09,5120.0,100.0,2569600.0
807,2021-10-11 06:00:08,5120.0,2000.0,2569500.0
808,2021-10-11 06:00:07,5120.0,800.0,2567500.0
809,2021-10-11 06:00:07,5120.0,100.0,2566700.0
810,2021-10-11 06:00:07,5120.0,100.0,2566600.0
811,2021-10-11 06:00:07,5120.0,3000.0,2566500.0
812,2021-10-11 06:00:07,5120.0,200.0,2563500.0
813,2021-10-11 06:00:07,5120.0,1100.0,2563300.0
814,2021-10-11 06:00:07,5120.0,1900.0,2562200.0
815,2021-10-11 06:00:07,5120.0,100.0,2560300.0
816,2021-10-11 06:00:07,5120.0,1000.0,2560200.0
817,2021-10-11 06:00:07,5120.0,1000.0,2559200.0
818,2021-10-11 06:00:07,5120.0,5000.0,2558200.0
819,2021-10-11 06:00:07,5120.0,1000.0,2553200.0
820,2021-10-11 06:00:07,5130.0,14000.0,2552200.0
821,2021-10-11 06:00:06,5130.0,10000.0,2538200.0
822,2021-10-11 06:00:04,5130.0,20000.0,2528200.0
823,2021-10-11 06:00:03,5130.0,500.0,2508200.0
824,2021-10-11 06:00:02,5130.0,300.0,2507700.0
825,2021-10-11 06:00:02,5130.0,4100.0,2507400.0
826,2021-10-11 06:00:01,5140.0,100.0,2503300.0
827,2021-10-11 06:00:01,5140.0,200.0,2503200.0
828,2021-10-11 06:00:01,5130.0,200.0,2503000.0
829,2021-10-11 06:00:01,5140.0,1000.0,2502800.0
830,2021-10-11 06:00:01,5140.0,3700.0,2501800.0
831,2021-10-11 06:00:01,5140.0,100.0,2498100.0
832,2021-10-11 06:00:01,5130.0,200.0,2498000.0
833,2021-10-11 06:00:01,5130.0,400.0,2497800.0
834,2021-10-11 06:00:00,5130.0,100.0,2497400.0
835,2021-10-11 04:29:39,5110.0,2300.0,2497300.0
836,2021-10-11 04:29:36,5110.0,300.0,2495000.0
837,2021-10-11 04:29:36,5110.0,10400.0,2494700.0
838,2021-10-11 04:29:31,5110.0,1000.0,2484300.0
839,2021-10-11 04:29:28,5110.0,10000.0,2483300.0
840,2021-10-11 04:29:28,5110.0,5000.0,2473300.0
841,2021-10-11 04:29:28,5110.0,10000.0,2468300.0
842,2021-10-11 04:29:28,5110.0,3000.0,2458300.0
843,2021-10-11 04:29:28,5120.0,3200.0,2455300.0
844,2021-10-11 04:29:28,5130.0,4800.0,2452100.0
845,2021-10-11 04:29:27,5130.0,2000.0,2447300.0
846,2021-10-11 04:29:27,5130.0,500.0,2445300.0
847,2021-10-11 04:29:27,5130.0,1400.0,2444800.0
848,2021-10-11 04:29:27,5130.0,10000.0,2443400.0
849,2021-10-11 04:29:27,5130.0,300.0,2433400.0
850,2021-10-11 04:29:25,5130.0,700.0,2433100.0
851,2021-10-11 04:29:25,5120.0,4200.0,2432400.0
852,2021-10-11 04:29:25,5120.0,100.0,2428200.0
853,2021-10-11 04:29:25,5120.0,200.0,2428100.0
854,2021-10-11 04:29:25,5120.0,1300.0,2427900.0
855,2021-10-11 04:29:22,5120.0,200.0,2426600.0
856,2021-10-11 04:29:21,5120.0,3700.0,2426400.0
857,2021-10-11 04:29:18,5120.0,300.0,2422700.0
858,2021-10-11 04:29:18,5120.0,100.0,2422400.0
859,2021-10-11 04:29:18,5120.0,600.0,2422300.0
860,2021-10-11 04:29:14,5120.0,2000.0,2421700.0
861,2021-10-11 04:29:14,5120.0,100.0,2419700.0
862,2021-10-11 04:29:14,5120.0,100.0,2419600.0
863,2021-10-11 04:29:14,5120.0,2800.0,2419500.0
864,2021-10-11 04:29:11,5120.0,2200.0,2416700.0
865,2021-10-11 04:29:11,5120.0,100.0,2414500.0
866,2021-10-11 04:29:11,5120.0,100.0,2414400.0
867,2021-10-11 04:29:11,5120.0,7600.0,2414300.0
868,2021-10-11 04:29:11,5120.0,5000.0,2406700.0
869,2021-10-11 04:28:57,5120.0,4200.0,2401700.0
870,2021-10-11 04:28:57,5110.0,500.0,2397500.0
871,2021-10-11 04:28:57,5110.0,200.0,2397000.0
872,2021-10-11 04:28:56,5110.0,800.0,2396800.0
873,2021-10-11 04:28:56,5110.0,1200.0,2396000.0
874,2021-10-11 04:28:46,5110.0,1300.0,2394800.0
875,2021-10-11 04:28:45,5110.0,1000.0,2393500.0
876,2021-10-11 04:28:44,5110.0,500.0,2392500.0
877,2021-10-11 04:28:41,5110.0,1000.0,2392000.0
878,2021-10-11 04:28:36,5110.0,200.0,2391000.0
879,2021-10-11 04:28:32,5110.0,300.0,2390800.0
880,2021-10-11 04:28:23,5110.0,200.0,2390500.0
881,2021-10-11 04:28:09,5110.0,400.0,2390300.0
882,2021-10-11 04:28:06,5110.0,3900.0,2389900.0
883,2021-10-11 04:28:06,5110.0,1000.0,2386000.0
884,2021-10-11 04:28:06,5110.0,1000.0,2385000.0
885,2021-10-11 04:28:06,5110.0,1000.0,2384000.0
886,2021-10-11 04:28:06,5110.0,200.0,2383000.0
887,2021-10-11 04:28:06,5110.0,12900.0,2382800.0
888,2021-10-11 04:27:55,5110.0,5000.0,2369900.0
889,2021-10-11 04:27:52,5110.0,3000.0,2364900.0
890,2021-10-11 04:27:42,5110.0,300.0,2361900.0
891,2021-10-11 04:27:42,5110.0,700.0,2361600.0
892,2021-10-11 04:27:28,5110.0,100.0,2360900.0
893,2021-10-11 04:27:26,5100.0,300.0,2360800.0
894,2021-10-11 04:27:26,5110.0,300.0,2360500.0
895,2021-10-11 04:27:25,5110.0,1500.0,2360200.0
896,2021-10-11 04:27:22,5100.0,2000.0,2358700.0
897,2021-10-11 04:27:14,5110.0,100.0,2356700.0
898,2021-10-11 04:27:10,5100.0,100.0,2356600.0
899,2021-10-11 04:26:54,5100.0,100.0,2356500.0
900,2021-10-11 04:26:40,5110.0,500.0,2356400.0
901,2021-10-11 04:26:38,5110.0,1000.0,2355900.0
902,2021-10-11 04:26:38,5110.0,3000.0,2354900.0
903,2021-10-11 04:26:32,5110.0,100.0,2351900.0
904,2021-10-11 04:26:14,5110.0,2400.0,2351800.0
905,2021-10-11 04:26:02,5110.0,5700.0,2349400.0
906,2021-10-11 04:25:45,5110.0,2000.0,2343700.0
907,2021-10-11 04:25:33,5110.0,200.0,2341700.0
908,2021-10-11 04:25:28,5110.0,700.0,2341500.0
909,2021-10-11 04:25:27,5110.0,4000.0,2340800.0
910,2021-10-11 04:25:11,5110.0,3000.0,2336800.0
911,2021-10-11 04:25:11,5110.0,2000.0,2333800.0
912,2021-10-11 04:25:11,5110.0,1500.0,2331800.0
913,2021-10-11 04:24:51,5110.0,100.0,2330300.0
914,2021-10-11 04:24:45,5120.0,3200.0,2330200.0
915,2021-10-11 04:24:45,5120.0,1900.0,2327000.0
916,2021-10-11 04:24:45,5110.0,3900.0,2325100.0
917,2021-10-11 04:24:41,5110.0,20000.0,2321200.0
918,2021-10-11 04:24:41,5110.0,5000.0,2301200.0
919,2021-10-11 04:24:40,5110.0,2000.0,2296200.0
920,2021-10-11 04:24:37,5110.0,10000.0,2294200.0
921,2021-10-11 04:24:37,5110.0,2000.0,2284200.0
922,2021-10-11 04:24:37,5110.0,1000.0,2282200.0
923,2021-10-11 04:24:37,5110.0,5000.0,2281200.0
924,2021-10-11 04:24:37,5110.0,1100.0,2276200.0
925,2021-10-11 04:24:27,5110.0,100.0,2275100.0
926,2021-10-11 04:24:25,5120.0,100.0,2275000.0
927,2021-10-11 04:24:25,5120.0,200.0,2274900.0
928,2021-10-11 04:24:21,5120.0,600.0,2274700.0
929,2021-10-11 04:24:21,5120.0,2000.0,2274100.0
930,2021-10-11 04:24:21,5120.0,400.0,2272100.0
931,2021-10-11 04:24:13,5110.0,50000.0,2271700.0
932,2021-10-11 04:24:08,5120.0,3600.0,2221700.0
933,2021-10-11 04:23:56,5110.0,21000.0,2218100.0
934,2021-10-11 04:23:55,5110.0,27800.0,2197100.0
935,2021-10-11 04:23:55,5110.0,100.0,2169300.0
936,2021-10-11 04:23:55,5110.0,2100.0,2169200.0
937,2021-10-11 04:23:33,5110.0,100.0,2167100.0
938,2021-10-11 04:23:30,5110.0,4800.0,2167000.0
939,2021-10-11 04:23:28,5100.0,10000.0,2162200.0
940,2021-10-11 04:23:26,5110.0,200.0,2152200.0
941,2021-10-11 04:23:05,5100.0,31000.0,2152000.0
942,2021-10-11 04:23:05,5100.0,3000.0,2121000.0
943,2021-10-11 04:23:05,5100.0,1000.0,2118000.0
944,2021-10-11 04:23:05,5110.0,8000.0,2117000.0
945,2021-10-11 04:23:05,5110.0,7500.0,2109000.0
946,2021-10-11 04:22:49,5110.0,600.0,2101500.0
947,2021-10-11 04:22:49,5110.0,2000.0,2100900.0
948,2021-10-11 04:22:49,5110.0,200.0,2098900.0
949,2021-10-11 04:22:49,5110.0,2200.0,2098700.0
950,2021-10-11 04:22:46,5100.0,300.0,2096500.0
951,2021-10-11 04:22:33,5100.0,500.0,2096200.0
952,2021-10-11 04:22:33,5110.0,2000.0,2095700.0
953,2021-10-11 04:22:29,5100.0,200.0,2093700.0
954,2021-10-11 04:22:26,5100.0,200.0,2093500.0
955,2021-10-11 04:22:23,5110.0,900.0,2093300.0
956,2021-10-11 04:22:22,5110.0,200.0,2092400.0
957,2021-10-11 04:22:22,5100.0,900.0,2092200.0
958,2021-10-11 04:22:16,5110.0,3000.0,2091300.0
959,2021-10-11 04:22:16,5100.0,5800.0,2088300.0
960,2021-10-11 04:22:05,5090.0,2100.0,2082500.0
961,2021-10-11 04:22:03,5100.0,3000.0,2080400.0
962,2021-10-11 04:22:01,5100.0,200.0,2077400.0
963,2021-10-11 04:22:01,5100.0,2000.0,2077200.0
964,2021-10-11 04:22:01,5100.0,4000.0,2075200.0
965,2021-10-11 04:21:59,5110.0,1800.0,2071200.0
966,2021-10-11 04:21:56,5110.0,21000.0,2069400.0
967,2021-10-11 04:21:54,5100.0,1000.0,2048400.0
968,2021-10-11 04:21:54,5100.0,3000.0,2047400.0
969,2021-10-11 04:21:54,5100.0,3000.0,2044400.0
970,2021-10-11 04:21:54,5100.0,400.0,2041400.0
971,2021-10-11 04:21:54,5100.0,100.0,2041000.0
972,2021-10-11 04:21:54,5100.0,2500.0,2040900.0
973,2021-10-11 04:21:51,5110.0,10000.0,2038400.0
974,2021-10-11 04:21:47,5110.0,100.0,2028400.0
975,2021-10-11 04:21:42,5100.0,500.0,2028300.0
976,2021-10-11 04:21:42,5110.0,2000.0,2027800.0
977,2021-10-11 04:21:32,5110.0,10000.0,2025800.0
978,2021-10-11 04:21:22,5110.0,300.0,2015800.0
979,2021-10-11 04:21:21,5100.0,1000.0,2015500.0
980,2021-10-11 04:21:16,5100.0,2000.0,2014500.0
981,2021-10-11 04:21:14,5100.0,1000.0,2012500.0
982,2021-10-11 04:20:43,5100.0,1000.0,2011500.0
983,2021-10-11 04:20:42,5110.0,1200.0,2010500.0
984,2021-10-11 04:20:38,5100.0,1000.0,2009300.0
985,2021-10-11 04:20:20,5100.0,200.0,2008300.0
986,2021-10-11 04:20:20,5100.0,800.0,2008100.0
987,2021-10-11 04:20:18,5100.0,200.0,2007300.0
988,2021-10-11 04:20:00,5090.0,600.0,2007100.0
989,2021-10-11 04:20:00,5090.0,500.0,2006500.0
990,2021-10-11 04:20:00,5090.0,3000.0,2006000.0
991,2021-10-11 04:20:00,5090.0,2000.0,2003000.0
992,2021-10-11 04:20:00,5090.0,1900.0,2001000.0
993,2021-10-11 04:19:57,5110.0,10200.0,1999100.0
994,2021-10-11 04:19:57,5110.0,100.0,1988900.0
995,2021-10-11 04:19:57,5110.0,3000.0,1988800.0
996,2021-10-11 04:19:57,5110.0,100.0,1985800.0
997,2021-10-11 04:19:57,5110.0,200.0,1985700.0
998,2021-10-11 04:19:57,5110.0,300.0,1985500.0
999,2021-10-11 04:19:57,5110.0,10400.0,1985200.0
1000,2021-10-11 04:19:57,5100.0,100.0,1974800.0
1001,2021-10-11 04:19:57,5100.0,1000.0,1974700.0
1002,2021-10-11 04:19:57,5100.0,2000.0,1973700.0
1003,2021-10-11 04:19:57,5100.0,3000.0,1971700.0
1004,2021-10-11 04:19:57,5100.0,100.0,1968700.0
1005,2021-10-11 04:19:57,5100.0,6500.0,1968600.0
1006,2021-10-11 04:19:40,5100.0,1000.0,1962100.0
1007,2021-10-11 04:19:22,5100.0,2500.0,1961100.0
1008,2021-10-11 04:19:22,5100.0,5000.0,1958600.0
1009,2021-10-11 04:19:22,5100.0,100.0,1953600.0
1010,2021-10-11 04:19:22,5100.0,400.0,1953500.0
1011,2021-10-11 04:19:22,5100.0,39000.0,1953100.0
1012,2021-10-11 04:19:22,5100.0,100.0,1914100.0
1013,2021-10-11 04:19:22,5100.0,500.0,1914000.0
1014,2021-10-11 04:19:22,5100.0,500.0,1913500.0
1015,2021-10-11 04:19:22,5100.0,300.0,1913000.0
1016,2021-10-11 04:19:22,5100.0,1000.0,1912700.0
1017,2021-10-11 04:19:22,5100.0,600.0,1911700.0
1018,2021-10-11 04:19:16,5090.0,100.0,1911100.0
1019,2021-10-11 04:19:16,5090.0,1900.0,1911000.0
1020,2021-10-11 04:19:06,5090.0,200.0,1909100.0
1021,2021-10-11 04:19:01,5090.0,10000.0,1908900.0
1022,2021-10-11 04:19:01,5090.0,1000.0,1898900.0
1023,2021-10-11 04:19:01,5090.0,100.0,1897900.0
1024,2021-10-11 04:19:01,5090.0,5000.0,1897800.0
1025,2021-10-11 04:19:01,5090.0,1800.0,1892800.0
1026,2021-10-11 04:18:59,5090.0,1000.0,1891000.0
1027,2021-10-11 04:18:43,5090.0,2000.0,1890000.0
1028,2021-10-11 04:18:43,5090.0,1700.0,1888000.0
1029,2021-10-11 04:18:43,5090.0,100.0,1886300.0
1030,2021-10-11 04:18:43,5090.0,3400.0,1886200.0
1031,2021-10-11 04:18:41,5090.0,1000.0,1882800.0
1032,2021-10-11 04:18:38,5090.0,600.0,1881800.0
1033,2021-10-11 04:18:38,5090.0,400.0,1881200.0
1034,2021-10-11 04:18:28,5090.0,100.0,1880800.0
1035,2021-10-11 04:18:28,5090.0,900.0,1880700.0
1036,2021-10-11 04:18:27,5090.0,100.0,1879800.0
1037,2021-10-11 04:18:27,5090.0,4900.0,1879700.0
1038,2021-10-11 04:18:18,5100.0,5000.0,1874800.0
1039,2021-10-11 04:18:09,5090.0,22500.0,1869800.0
1040,2021-10-11 04:18:07,5100.0,1400.0,1847300.0
1041,2021-10-11 04:18:07,5100.0,1000.0,1845900.0
1042,2021-10-11 04:18:07,5100.0,4600.0,1844900.0
1043,2021-10-11 04:17:49,5090.0,10000.0,1840300.0
1044,2021-10-11 04:17:48,5100.0,5600.0,1830300.0
1045,2021-10-11 04:17:33,5090.0,500.0,1824700.0
1046,2021-10-11 04:17:26,5080.0,100.0,1824200.0
1047,2021-10-11 04:17:26,5080.0,62000.0,1824100.0
1048,2021-10-11 04:17:25,5080.0,1000.0,1762100.0
1049,2021-10-11 04:17:23,5080.0,1200.0,1761100.0
1050,2021-10-11 04:17:11,5080.0,10000.0,1759900.0
1051,2021-10-11 04:17:08,5080.0,10700.0,1749900.0
1052,2021-10-11 04:17:06,5080.0,200.0,1739200.0
1053,2021-10-11 04:17:03,5080.0,9100.0,1739000.0
1054,2021-10-11 04:16:58,5080.0,20000.0,1729900.0
1055,2021-10-11 04:16:53,5070.0,1000.0,1709900.0
1056,2021-10-11 04:16:36,5080.0,18000.0,1708900.0
1057,2021-10-11 04:16:34,5080.0,2300.0,1690900.0
1058,2021-10-11 04:16:28,5080.0,15000.0,1688600.0
1059,2021-10-11 04:16:03,5070.0,3000.0,1673600.0
1060,2021-10-11 04:15:35,5080.0,8700.0,1670600.0
1061,2021-10-11 04:15:32,5080.0,3000.0,1661900.0
1062,2021-10-11 04:15:23,5080.0,500.0,1658900.0
1063,2021-10-11 04:15:19,5080.0,300.0,1658400.0
1064,2021-10-11 04:15:19,5080.0,4000.0,1658100.0
1065,2021-10-11 04:15:19,5080.0,5000.0,1654100.0
1066,2021-10-11 04:15:19,5080.0,900.0,1649100.0
1067,2021-10-11 04:15:19,5090.0,5000.0,1648200.0
1068,2021-10-11 04:15:19,5090.0,2000.0,1643200.0
1069,2021-10-11 04:15:19,5090.0,14100.0,1641200.0
1070,2021-10-11 04:15:17,5100.0,5000.0,1627100.0
1071,2021-10-11 04:15:17,5100.0,100.0,1622100.0
1072,2021-10-11 04:15:17,5100.0,1000.0,1622000.0
1073,2021-10-11 04:15:17,5100.0,2000.0,1621000.0
1074,2021-10-11 04:15:17,5100.0,1000.0,1619000.0
1075,2021-10-11 04:15:17,5100.0,100.0,1618000.0
1076,2021-10-11 04:15:17,5100.0,200.0,1617900.0
1077,2021-10-11 04:15:17,5100.0,200.0,1617700.0
1078,2021-10-11 04:15:17,5100.0,400.0,1617500.0
1079,2021-10-11 04:15:17,5100.0,100.0,1617100.0
1080,2021-10-11 04:15:17,5100.0,1000.0,1617000.0
1081,2021-10-11 04:15:17,5100.0,3900.0,1616000.0
1082,2021-10-11 04:15:11,5100.0,1100.0,1612100.0
1083,2021-10-11 04:15:11,5100.0,100.0,1611000.0
1084,2021-10-11 04:15:11,5100.0,200.0,1610900.0
1085,2021-10-11 04:15:11,5100.0,1100.0,1610700.0
1086,2021-10-11 04:15:05,5100.0,1000.0,1609600.0
1087,2021-10-11 04:14:57,5100.0,500.0,1608600.0
1088,2021-10-11 04:14:55,5100.0,100.0,1608100.0
1089,2021-10-11 04:14:42,5100.0,300.0,1608000.0
1090,2021-10-11 04:14:42,5100.0,100.0,1607700.0
1091,2021-10-11 04:14:42,5100.0,300.0,1607600.0
1092,2021-10-11 04:14:42,5100.0,1000.0,1607300.0
1093,2021-10-11 04:14:42,5100.0,3100.0,1606300.0
1094,2021-10-11 04:14:42,5100.0,1800.0,1603200.0
1095,2021-10-11 04:14:42,5100.0,500.0,1601400.0
1096,2021-10-11 04:14:42,5100.0,1000.0,1600900.0
1097,2021-10-11 04:14:42,5100.0,1000.0,1599900.0
1098,2021-10-11 04:14:42,5100.0,100.0,1598900.0
1099,2021-10-11 04:14:38,5100.0,900.0,1598800.0
1100,2021-10-11 04:14:38,5100.0,100.0,1597900.0
1101,2021-10-11 04:14:38,5100.0,100.0,1597800.0
1102,2021-10-11 04:14:38,5100.0,700.0,1597700.0
1103,2021-10-11 04:14:38,5100.0,3200.0,1597000.0
1104,2021-10-11 04:14:37,5100.0,1800.0,1593800.0
1105,2021-10-11 04:14:31,5100.0,1400.0,1592000.0
1106,2021-10-11 04:14:26,5100.0,3600.0,1590600.0
1107,2021-10-11 04:14:26,5100.0,200.0,1587000.0
1108,2021-10-11 04:14:26,5100.0,1000.0,1586800.0
1109,2021-10-11 04:14:26,5100.0,100.0,1585800.0
1110,2021-10-11 04:14:26,5100.0,100.0,1585700.0
1111,2021-10-11 04:14:16,5090.0,2000.0,1585600.0
1112,2021-10-11 04:14:06,5090.0,100.0,1583600.0
1113,2021-10-11 04:14:04,5090.0,600.0,1583500.0
1114,2021-10-11 04:14:04,5090.0,3200.0,1582900.0
1115,2021-10-11 04:14:02,5080.0,400.0,1579700.0
1116,2021-10-11 04:14:02,5080.0,600.0,1579300.0
1117,2021-10-11 04:13:55,5090.0,1800.0,1578700.0
1118,2021-10-11 04:13:55,5090.0,900.0,1576900.0
1119,2021-10-11 04:13:50,5090.0,4100.0,1576000.0
1120,2021-10-11 04:13:50,5090.0,200.0,1571900.0
1121,2021-10-11 04:13:50,5090.0,5200.0,1571700.0
1122,2021-10-11 04:13:50,5090.0,500.0,1566500.0
1123,2021-10-11 04:13:45,5090.0,100.0,1566000.0
1124,2021-10-11 04:13:45,5090.0,200.0,1565900.0
1125,2021-10-11 04:13:45,5090.0,800.0,1565700.0
1126,2021-10-11 04:13:36,5080.0,1000.0,1564900.0
1127,2021-10-11 04:13:31,5090.0,500.0,1563900.0
1128,2021-10-11 04:13:31,5090.0,4500.0,1563400.0
1129,2021-10-11 04:13:20,5080.0,1000.0,1558900.0
1130,2021-10-11 04:13:20,5080.0,200.0,1557900.0
1131,2021-10-11 04:13:20,5080.0,3000.0,1557700.0
1132,2021-10-11 04:13:20,5080.0,3200.0,1554700.0
1133,2021-10-11 04:13:18,5080.0,3000.0,1551500.0
1134,2021-10-11 04:13:14,5080.0,1000.0,1548500.0
1135,2021-10-11 04:13:12,5080.0,2200.0,1547500.0
1136,2021-10-11 04:13:12,5080.0,3500.0,1545300.0
1137,2021-10-11 04:13:11,5080.0,3100.0,1541800.0
1138,2021-10-11 04:13:11,5080.0,1000.0,1538700.0
1139,2021-10-11 04:13:11,5080.0,5900.0,1537700.0
1140,2021-10-11 04:13:07,5080.0,3500.0,1531800.0
1141,2021-10-11 04:13:07,5080.0,600.0,1528300.0
1142,2021-10-11 04:13:07,5080.0,500.0,1527700.0
1143,2021-10-11 04:13:07,5080.0,2900.0,1527200.0
1144,2021-10-11 04:13:05,5080.0,3000.0,1524300.0
1145,2021-10-11 04:13:02,5080.0,5000.0,1521300.0
1146,2021-10-11 04:12:48,5080.0,100.0,1516300.0
1147,2021-10-11 04:12:43,5080.0,5000.0,1516200.0
1148,2021-10-11 04:12:43,5080.0,100.0,1511200.0
1149,2021-10-11 04:12:40,5070.0,1000.0,1511100.0
1150,2021-10-11 04:12:40,5070.0,100.0,1510100.0
1151,2021-10-11 04:12:40,5070.0,100.0,1510000.0
1152,2021-10-11 04:12:40,5070.0,1000.0,1509900.0
1153,2021-10-11 04:12:40,5070.0,700.0,1508900.0
1154,2021-10-11 04:12:33,5070.0,1000.0,1508200.0
1155,2021-10-11 04:12:32,5070.0,100.0,1507200.0
1156,2021-10-11 04:12:31,5070.0,700.0,1507100.0
1157,2021-10-11 04:12:30,5070.0,1000.0,1506400.0
1158,2021-10-11 04:12:28,5070.0,1500.0,1505400.0
1159,2021-10-11 04:12:26,5070.0,1000.0,1503900.0
1160,2021-10-11 04:12:26,5070.0,1000.0,1502900.0
1161,2021-10-11 04:12:26,5070.0,1000.0,1501900.0
1162,2021-10-11 04:12:24,5060.0,1500.0,1500900.0
1163,2021-10-11 04:12:24,5060.0,3500.0,1499400.0
1164,2021-10-11 04:12:14,5060.0,3000.0,1495900.0
1165,2021-10-11 04:12:14,5060.0,3000.0,1492900.0
1166,2021-10-11 04:12:14,5060.0,500.0,1489900.0
1167,2021-10-11 04:12:03,5060.0,2000.0,1489400.0
1168,2021-10-11 04:12:02,5050.0,1000.0,1487400.0
1169,2021-10-11 04:11:53,5060.0,3500.0,1486400.0
1170,2021-10-11 04:11:53,5060.0,900.0,1482900.0
1171,2021-10-11 04:11:53,5060.0,1000.0,1482000.0
1172,2021-10-11 04:11:53,5060.0,500.0,1481000.0
1173,2021-10-11 04:11:53,5050.0,4100.0,1480500.0
1174,2021-10-11 04:11:50,5050.0,900.0,1476400.0
1175,2021-10-11 04:11:50,5050.0,100.0,1475500.0
1176,2021-10-11 04:11:50,5050.0,1000.0,1475400.0
1177,2021-10-11 04:11:50,5050.0,3000.0,1474400.0
1178,2021-10-11 04:11:47,5040.0,5000.0,1471400.0
1179,2021-10-11 04:11:47,5040.0,29900.0,1466400.0
1180,2021-10-11 04:11:47,5040.0,500.0,1436500.0
1181,2021-10-11 04:11:46,5040.0,500.0,1436000.0
1182,2021-10-11 04:11:45,5040.0,10000.0,1435500.0
1183,2021-10-11 04:11:44,5040.0,2000.0,1425500.0
1184,2021-10-11 04:11:43,5040.0,600.0,1423500.0
1185,2021-10-11 04:11:40,5040.0,100.0,1422900.0
1186,2021-10-11 04:11:37,5040.0,500.0,1422800.0
1187,2021-10-11 04:11:35,5040.0,20000.0,1422300.0
1188,2021-10-11 04:11:31,5040.0,7000.0,1402300.0
1189,2021-10-11 04:11:30,5040.0,1000.0,1395300.0
1190,2021-10-11 04:11:27,5040.0,500.0,1394300.0
1191,2021-10-11 04:11:24,5040.0,5000.0,1393800.0
1192,2021-10-11 04:11:17,5040.0,2300.0,1388800.0
1193,2021-10-11 04:11:16,5030.0,2000.0,1386500.0
1194,2021-10-11 04:11:00,5030.0,100.0,1384500.0
1195,2021-10-11 04:10:42,5030.0,1000.0,1384400.0
1196,2021-10-11 04:10:29,5040.0,5000.0,1383400.0
1197,2021-10-11 04:10:25,5030.0,500.0,1378400.0
1198,2021-10-11 04:10:18,5030.0,1900.0,1377900.0
1199,2021-10-11 04:10:18,5030.0,100.0,1376000.0
1200,2021-10-11 04:09:59,5040.0,100.0,1375900.0
1201,2021-10-11 04:09:49,5040.0,10000.0,1375800.0
1202,2021-10-11 04:09:49,5040.0,5000.0,1365800.0
1203,2021-10-11 04:09:40,5040.0,1000.0,1360800.0
1204,2021-10-11 04:09:40,5040.0,200.0,1359800.0
1205,2021-10-11 04:09:40,5040.0,3800.0,1359600.0
1206,2021-10-11 04:09:29,5040.0,2000.0,1355800.0
1207,2021-10-11 04:09:24,5040.0,500.0,1353800.0
1208,2021-10-11 04:09:19,5040.0,2100.0,1353300.0
1209,2021-10-11 04:09:11,5040.0,1000.0,1351200.0
1210,2021-10-11 04:09:11,5040.0,200.0,1350200.0
1211,2021-10-11 04:09:11,5040.0,10400.0,1350000.0
1212,2021-10-11 04:08:03,5030.0,2000.0,1339600.0
1213,2021-10-11 04:07:44,5040.0,8000.0,1337600.0
1214,2021-10-11 04:07:29,5040.0,10000.0,1329600.0
1215,2021-10-11 04:07:29,5040.0,600.0,1319600.0
1216,2021-10-11 04:07:29,5050.0,1000.0,1319000.0
1217,2021-10-11 04:07:09,5050.0,200.0,1318000.0
1218,2021-10-11 04:07:09,5050.0,800.0,1317800.0
1219,2021-10-11 04:07:05,5040.0,100.0,1317000.0
1220,2021-10-11 04:07:00,5040.0,200.0,1316900.0
1221,2021-10-11 04:06:52,5040.0,100.0,1316700.0
1222,2021-10-11 04:06:52,5040.0,900.0,1316600.0
1223,2021-10-11 04:06:42,5040.0,5000.0,1315700.0
1224,2021-10-11 04:06:42,5040.0,100.0,1310700.0
1225,2021-10-11 04:06:40,5040.0,900.0,1310600.0
1226,2021-10-11 04:06:40,5040.0,1300.0,1309700.0
1227,2021-10-11 04:06:40,5040.0,1000.0,1308400.0
1228,2021-10-11 04:06:40,5040.0,900.0,1307400.0
1229,2021-10-11 04:06:40,5040.0,1600.0,1306500.0
1230,2021-10-11 04:06:40,5040.0,200.0,1304900.0
1231,2021-10-11 04:06:40,5040.0,4100.0,1304700.0
1232,2021-10-11 04:06:28,5040.0,3500.0,1300600.0
1233,2021-10-11 04:06:27,5040.0,1800.0,1297100.0
1234,2021-10-11 04:06:19,5040.0,7200.0,1295300.0
1235,2021-10-11 04:06:13,5030.0,200.0,1288100.0
1236,2021-10-11 04:06:08,5030.0,800.0,1287900.0
1237,2021-10-11 04:06:07,5030.0,400.0,1287100.0
1238,2021-10-11 04:06:02,5030.0,400.0,1286700.0
1239,2021-10-11 04:06:02,5030.0,400.0,1286300.0
1240,2021-10-11 04:06:02,5030.0,200.0,1285900.0
1241,2021-10-11 04:05:41,5030.0,3000.0,1285700.0
1242,2021-10-11 04:05:35,5030.0,1000.0,1282700.0
1243,2021-10-11 04:05:31,5030.0,300.0,1281700.0
1244,2021-10-11 04:05:26,5030.0,500.0,1281400.0
1245,2021-10-11 04:05:26,5030.0,500.0,1280900.0
1246,2021-10-11 04:04:58,5010.0,900.0,1280400.0
1247,2021-10-11 04:04:58,5010.0,100.0,1279500.0
1248,2021-10-11 04:04:51,5010.0,100.0,1279400.0
1249,2021-10-11 04:04:51,5030.0,100.0,1279300.0
1250,2021-10-11 04:04:50,5030.0,8000.0,1279200.0
1251,2021-10-11 04:04:45,5030.0,1900.0,1271200.0
1252,2021-10-11 04:04:24,5030.0,200.0,1269300.0
1253,2021-10-11 04:04:22,5010.0,100.0,1269100.0
1254,2021-10-11 04:03:06,5010.0,100.0,1269000.0
1255,2021-10-11 04:02:56,5030.0,27900.0,1268900.0
1256,2021-10-11 04:02:56,5030.0,200.0,1241000.0
1257,2021-10-11 04:02:56,5030.0,2000.0,1240800.0
1258,2021-10-11 04:01:54,5040.0,400.0,1238800.0
1259,2021-10-11 04:01:54,5030.0,700.0,1238400.0
1260,2021-10-11 04:01:48,5030.0,300.0,1237700.0
1261,2021-10-11 04:01:09,5040.0,2000.0,1237400.0
1262,2021-10-11 04:01:09,5040.0,1000.0,1235400.0
1263,2021-10-11 04:00:31,5000.0,100.0,1234400.0
1264,2021-10-11 04:00:31,5010.0,500.0,1234300.0
1265,2021-10-11 04:00:31,5030.0,400.0,1233800.0
1266,2021-10-11 04:00:30,5030.0,3600.0,1233400.0
1267,2021-10-11 04:00:30,5030.0,900.0,1229800.0
1268,2021-10-11 04:00:30,5030.0,8100.0,1228900.0
1269,2021-10-11 04:00:30,5030.0,700.0,1220800.0
1270,2021-10-11 04:00:30,5030.0,700.0,1220100.0
1271,2021-10-11 04:00:30,5030.0,100.0,1219400.0
1272,2021-10-11 04:00:30,5030.0,1400.0,1219300.0
1273,2021-10-11 04:00:30,5050.0,4500.0,1217900.0
1274,2021-10-11 03:59:57,5040.0,2000.0,1213400.0
1275,2021-10-11 03:59:39,5030.0,800.0,1211400.0
1276,2021-10-11 03:59:03,5060.0,500.0,1210600.0
1277,2021-10-11 03:58:10,5030.0,34000.0,1210100.0
1278,2021-10-11 03:58:10,5030.0,100.0,1176100.0
1279,2021-10-11 03:58:10,5040.0,100.0,1176000.0
1280,2021-10-11 03:58:10,5060.0,3800.0,1175900.0
1281,2021-10-11 03:57:58,5060.0,1000.0,1172100.0
1282,2021-10-11 03:57:51,5060.0,200.0,1171100.0
1283,2021-10-11 03:57:39,5030.0,100.0,1170900.0
1284,2021-10-11 03:57:37,5030.0,100.0,1170800.0
1285,2021-10-11 03:57:31,5030.0,2000.0,1170700.0
1286,2021-10-11 03:57:27,5030.0,1500.0,1168700.0
1287,2021-10-11 03:57:13,5020.0,500.0,1167200.0
1288,2021-10-11 03:57:13,5020.0,500.0,1166700.0
1289,2021-10-11 03:56:04,5020.0,1000.0,1166200.0
1290,2021-10-11 03:55:56,5090.0,2500.0,1165200.0
1291,2021-10-11 03:55:56,5080.0,4900.0,1162700.0
1292,2021-10-11 03:55:56,5080.0,100.0,1157800.0
1293,2021-10-11 03:55:56,5070.0,200.0,1157700.0
1294,2021-10-11 03:55:56,5060.0,2000.0,1157500.0
1295,2021-10-11 03:55:56,5060.0,100.0,1155500.0
1296,2021-10-11 03:55:56,5050.0,200.0,1155400.0
1297,2021-10-11 03:55:56,5050.0,300.0,1155200.0
1298,2021-10-11 03:55:56,5040.0,1000.0,1154900.0
1299,2021-10-11 03:55:56,5020.0,200.0,1153900.0
1300,2021-10-11 03:55:56,5020.0,3000.0,1153700.0
1301,2021-10-11 03:55:56,5020.0,500.0,1150700.0
1302,2021-10-11 03:55:14,5010.0,9000.0,1150200.0
1303,2021-10-11 03:55:03,5010.0,1000.0,1141200.0
1304,2021-10-11 03:55:03,5010.0,1900.0,1140200.0
1305,2021-10-11 03:54:59,5010.0,2700.0,1138300.0
1306,2021-10-11 03:54:39,5010.0,300.0,1135600.0
1307,2021-10-11 03:54:21,5000.0,600.0,1135300.0
1308,2021-10-11 03:54:20,5000.0,200.0,1134700.0
1309,2021-10-11 03:54:20,5000.0,100.0,1134500.0
1310,2021-10-11 03:54:20,5000.0,100.0,1134400.0
1311,2021-10-11 03:54:20,5000.0,10000.0,1134300.0
1312,2021-10-11 03:54:20,5000.0,500.0,1124300.0
1313,2021-10-11 03:54:20,5000.0,1000.0,1123800.0
1314,2021-10-11 03:54:20,5000.0,200.0,1122800.0
1315,2021-10-11 03:54:20,5000.0,500.0,1122600.0
1316,2021-10-11 03:54:20,5000.0,1000.0,1122100.0
1317,2021-10-11 03:54:20,5000.0,18000.0,1121100.0
1318,2021-10-11 03:54:20,5000.0,500.0,1103100.0
1319,2021-10-11 03:54:20,5000.0,1000.0,1102600.0
1320,2021-10-11 03:54:20,5000.0,2000.0,1101600.0
1321,2021-10-11 03:54:20,5000.0,500.0,1099600.0
1322,2021-10-11 03:54:20,5000.0,2400.0,1099100.0
1323,2021-10-11 03:54:20,5000.0,1000.0,1096700.0
1324,2021-10-11 03:54:20,5000.0,1000.0,1095700.0
1325,2021-10-11 03:54:20,5000.0,8400.0,1094700.0
1326,2021-10-11 03:54:20,5000.0,5000.0,1086300.0
1327,2021-10-11 03:54:20,5000.0,100.0,1081300.0
1328,2021-10-11 03:54:20,5000.0,1000.0,1081200.0
1329,2021-10-11 03:54:20,5000.0,1500.0,1080200.0
1330,2021-10-11 03:54:20,5000.0,5000.0,1078700.0
1331,2021-10-11 03:54:20,5000.0,1000.0,1073700.0
1332,2021-10-11 03:54:20,5000.0,200.0,1072700.0
1333,2021-10-11 03:54:20,5000.0,1100.0,1072500.0
1334,2021-10-11 03:54:20,5000.0,400.0,1071400.0
1335,2021-10-11 03:54:20,5000.0,100.0,1071000.0
1336,2021-10-11 03:54:20,5000.0,200.0,1070900.0
1337,2021-10-11 03:54:20,5000.0,300.0,1070700.0
1338,2021-10-11 03:54:20,5000.0,1000.0,1070400.0
1339,2021-10-11 03:54:20,5000.0,200.0,1069400.0
1340,2021-10-11 03:54:20,5000.0,100.0,1069200.0
1341,2021-10-11 03:54:20,5000.0,4000.0,1069100.0
1342,2021-10-11 03:54:20,5000.0,100.0,1065100.0
1343,2021-10-11 03:54:20,5000.0,100.0,1065000.0
1344,2021-10-11 03:54:20,5000.0,30400.0,1064900.0
1345,2021-10-11 03:54:20,5000.0,500.0,1034500.0
1346,2021-10-11 03:54:20,5000.0,400.0,1034000.0
1347,2021-10-11 03:54:20,5000.0,2000.0,1033600.0
1348,2021-10-11 03:54:20,5000.0,200.0,1031600.0
1349,2021-10-11 03:54:20,5000.0,100.0,1031400.0
1350,2021-10-11 03:54:20,5000.0,200.0,1031300.0
1351,2021-10-11 03:54:20,5000.0,1000.0,1031100.0
1352,2021-10-11 03:54:20,4990.0,1200.0,1030100.0
1353,2021-10-11 03:54:10,4990.0,3800.0,1028900.0
1354,2021-10-11 03:54:08,4990.0,200.0,1025100.0
1355,2021-10-11 03:54:08,4990.0,1000.0,1024900.0
1356,2021-10-11 03:54:04,4990.0,3000.0,1023900.0
1357,2021-10-11 03:54:04,4990.0,200.0,1020900.0
1358,2021-10-11 03:54:04,4990.0,300.0,1020700.0
1359,2021-10-11 03:54:04,4990.0,1200.0,1020400.0
1360,2021-10-11 03:54:04,4990.0,5000.0,1019200.0
1361,2021-10-11 03:54:04,4990.0,1100.0,1014200.0
1362,2021-10-11 03:54:04,4990.0,100.0,1013100.0
1363,2021-10-11 03:54:04,4990.0,2200.0,1013000.0
1364,2021-10-11 03:54:04,4990.0,2200.0,1010800.0
1365,2021-10-11 03:54:04,4990.0,2000.0,1008600.0
1366,2021-10-11 03:54:04,4990.0,100.0,1006600.0
1367,2021-10-11 03:54:04,4990.0,17600.0,1006500.0
1368,2021-10-11 03:53:56,4980.0,200.0,988900.0
1369,2021-10-11 03:53:56,4980.0,100.0,988700.0
1370,2021-10-11 03:53:56,4980.0,4400.0,988600.0
1371,2021-10-11 03:53:50,4980.0,600.0,984200.0
1372,2021-10-11 03:53:50,4980.0,200.0,983600.0
1373,2021-10-11 03:53:50,4980.0,100.0,983400.0
1374,2021-10-11 03:53:50,4980.0,100.0,983300.0
1375,2021-10-11 03:53:46,4980.0,800.0,983200.0
1376,2021-10-11 03:53:34,4980.0,100.0,982400.0
1377,2021-10-11 03:53:03,4970.0,8000.0,982300.0
1378,2021-10-11 03:53:03,4970.0,200.0,974300.0
1379,2021-10-11 03:53:03,4970.0,10000.0,974100.0
1380,2021-10-11 03:53:03,4970.0,900.0,964100.0
1381,2021-10-11 03:53:02,4970.0,16800.0,963200.0
1382,2021-10-11 03:52:50,4970.0,20000.0,946400.0
1383,2021-10-11 03:52:46,4970.0,57900.0,926400.0
1384,2021-10-11 03:52:46,4970.0,1400.0,868500.0
1385,2021-10-11 03:52:46,4970.0,6000.0,867100.0
1386,2021-10-11 03:52:46,4970.0,1000.0,861100.0
1387,2021-10-11 03:52:46,4970.0,1000.0,860100.0
1388,2021-10-11 03:52:46,4970.0,1000.0,859100.0
1389,2021-10-11 03:52:46,4970.0,26300.0,858100.0
1390,2021-10-11 03:51:43,4970.0,100.0,831800.0
1391,2021-10-11 03:51:20,4970.0,200.0,831700.0
1392,2021-10-11 03:51:15,4970.0,100.0,831500.0
1393,2021-10-11 03:50:40,4960.0,200.0,831400.0
1394,2021-10-11 03:50:25,4960.0,400.0,831200.0
1395,2021-10-11 03:50:25,4960.0,100.0,830800.0
1396,2021-10-11 03:50:18,4960.0,100.0,830700.0
1397,2021-10-11 03:50:16,4960.0,400.0,830600.0
1398,2021-10-11 03:49:32,4960.0,1200.0,830200.0
1399,2021-10-11 03:49:23,4960.0,200.0,829000.0
1400,2021-10-11 03:49:23,4960.0,1000.0,828800.0
1401,2021-10-11 03:49:23,4960.0,300.0,827800.0
1402,2021-10-11 03:49:23,4960.0,100.0,827500.0
1403,2021-10-11 03:49:23,4970.0,100.0,827400.0
1404,2021-10-11 03:47:52,4960.0,1500.0,827300.0
1405,2021-10-11 03:47:18,4960.0,1000.0,825800.0
1406,2021-10-11 03:47:12,4960.0,500.0,824800.0
1407,2021-10-11 03:47:10,4960.0,1900.0,824300.0
1408,2021-10-11 03:47:10,4960.0,5100.0,822400.0
1409,2021-10-11 03:47:01,4960.0,2200.0,817300.0
1410,2021-10-11 03:46:47,4960.0,200.0,815100.0
1411,2021-10-11 03:46:30,4960.0,500.0,814900.0
1412,2021-10-11 03:46:30,4960.0,100.0,814400.0
1413,2021-10-11 03:46:30,4960.0,100.0,814300.0
1414,2021-10-11 03:46:30,4960.0,30000.0,814200.0
1415,2021-10-11 03:46:30,4960.0,300.0,784200.0
1416,2021-10-11 03:46:30,4960.0,11500.0,783900.0
1417,2021-10-11 03:46:13,4960.0,200.0,772400.0
1418,2021-10-11 03:45:56,4960.0,1000.0,772200.0
1419,2021-10-11 03:45:25,4960.0,700.0,771200.0
1420,2021-10-11 03:45:17,4960.0,3000.0,770500.0
1421,2021-10-11 03:44:56,4960.0,2000.0,767500.0
1422,2021-10-11 03:44:53,4950.0,100.0,765500.0
1423,2021-10-11 03:43:49,4960.0,1600.0,765400.0
1424,2021-10-11 03:43:25,4960.0,1000.0,763800.0
1425,2021-10-11 03:43:25,4960.0,12400.0,762800.0
1426,2021-10-11 03:43:03,4960.0,3000.0,750400.0
1427,2021-10-11 03:42:08,4960.0,1100.0,747400.0
1428,2021-10-11 03:42:06,4960.0,1000.0,746300.0
1429,2021-10-11 03:42:06,4960.0,1000.0,745300.0
1430,2021-10-11 03:41:41,4960.0,2200.0,744300.0
1431,2021-10-11 03:41:34,4960.0,100.0,742100.0
1432,2021-10-11 03:40:45,4960.0,200.0,742000.0
1433,2021-10-11 03:40:16,4960.0,500.0,741800.0
1434,2021-10-11 03:39:51,4960.0,1000.0,741300.0
1435,2021-10-11 03:38:20,4950.0,100.0,740300.0
1436,2021-10-11 03:37:49,4950.0,1800.0,740200.0
1437,2021-10-11 03:37:49,4950.0,2000.0,738400.0
1438,2021-10-11 03:37:49,4950.0,1000.0,736400.0
1439,2021-10-11 03:37:49,4950.0,500.0,735400.0
1440,2021-10-11 03:37:49,4950.0,500.0,734900.0
1441,2021-10-11 03:37:16,4950.0,4500.0,734400.0
1442,2021-10-11 03:37:16,4950.0,1300.0,729900.0
1443,2021-10-11 03:36:33,4950.0,1300.0,728600.0
1444,2021-10-11 03:36:26,4960.0,200.0,727300.0
1445,2021-10-11 03:35:22,4960.0,400.0,727100.0
1446,2021-10-11 03:35:20,4960.0,1000.0,726700.0
1447,2021-10-11 03:35:11,4960.0,100.0,725700.0
1448,2021-10-11 03:34:48,4960.0,100.0,725600.0
1449,2021-10-11 03:34:21,4960.0,100.0,725500.0
1450,2021-10-11 03:34:21,4960.0,4900.0,725400.0
1451,2021-10-11 03:32:22,4960.0,100.0,720500.0
1452,2021-10-11 03:32:22,4960.0,100.0,720400.0
1453,2021-10-11 03:32:22,4960.0,200.0,720300.0
1454,2021-10-11 03:32:22,4960.0,1800.0,720100.0
1455,2021-10-11 03:31:55,4960.0,200.0,718300.0
1456,2021-10-11 03:31:55,4960.0,300.0,718100.0
1457,2021-10-11 03:31:50,4960.0,300.0,717800.0
1458,2021-10-11 03:30:32,4960.0,200.0,717500.0
1459,2021-10-11 03:30:24,4960.0,500.0,717300.0
1460,2021-10-11 03:30:10,4960.0,300.0,716800.0
1461,2021-10-11 03:30:10,4960.0,600.0,716500.0
1462,2021-10-11 03:29:55,4960.0,300.0,715900.0
1463,2021-10-11 03:29:55,4960.0,500.0,715600.0
1464,2021-10-11 03:29:55,4960.0,100.0,715100.0
1465,2021-10-11 03:29:55,4960.0,2000.0,715000.0
1466,2021-10-11 03:29:55,4960.0,200.0,713000.0
1467,2021-10-11 03:29:55,4960.0,900.0,712800.0
1468,2021-10-11 03:29:50,4970.0,100.0,711900.0
1469,2021-10-11 03:28:59,4970.0,200.0,711800.0
1470,2021-10-11 03:28:48,4970.0,100.0,711600.0
1471,2021-10-11 03:28:30,4960.0,1000.0,711500.0
1472,2021-10-11 03:28:09,4960.0,1100.0,710500.0
1473,2021-10-11 03:27:36,4960.0,2000.0,709400.0
1474,2021-10-11 03:26:28,4970.0,100.0,707400.0
1475,2021-10-11 03:25:45,4970.0,10000.0,707300.0
1476,2021-10-11 03:25:21,4970.0,1800.0,697300.0
1477,2021-10-11 03:24:17,4970.0,4900.0,695500.0
1478,2021-10-11 03:24:17,4970.0,100.0,690600.0
1479,2021-10-11 03:24:17,4970.0,1000.0,690500.0
1480,2021-10-11 03:24:17,4970.0,1500.0,689500.0
1481,2021-10-11 03:24:17,4970.0,1000.0,688000.0
1482,2021-10-11 03:24:17,4970.0,500.0,687000.0
1483,2021-10-11 03:24:12,4970.0,4500.0,686500.0
1484,2021-10-11 03:24:12,4970.0,500.0,682000.0
1485,2021-10-11 03:23:49,4970.0,500.0,681500.0
1486,2021-10-11 03:23:35,4970.0,2300.0,681000.0
1487,2021-10-11 03:23:35,4970.0,2700.0,678700.0
1488,2021-10-11 03:22:47,4970.0,100.0,676000.0
1489,2021-10-11 03:22:27,4970.0,5000.0,675900.0
1490,2021-10-11 03:22:16,4970.0,2000.0,670900.0
1491,2021-10-11 03:21:40,4970.0,3800.0,668900.0
1492,2021-10-11 03:21:40,4970.0,2000.0,665100.0
1493,2021-10-11 03:21:40,4970.0,600.0,663100.0
1494,2021-10-11 03:21:13,4960.0,1000.0,662500.0
1495,2021-10-11 03:21:07,4960.0,1000.0,661500.0
1496,2021-10-11 03:21:07,4960.0,1500.0,660500.0
1497,2021-10-11 03:20:17,4960.0,1100.0,659000.0
1498,2021-10-11 03:20:02,4960.0,2400.0,657900.0
1499,2021-10-11 03:20:02,4960.0,2600.0,655500.0
1500,2021-10-11 03:19:59,4950.0,200.0,652900.0
1501,2021-10-11 03:19:29,4960.0,700.0,652700.0
1502,2021-10-11 03:19:18,4960.0,1000.0,652000.0
1503,2021-10-11 03:18:58,4960.0,700.0,651000.0
1504,2021-10-11 03:18:58,4960.0,1300.0,650300.0
1505,2021-10-11 03:18:45,4960.0,200.0,649000.0
1506,2021-10-11 03:18:12,4960.0,1000.0,648800.0
1507,2021-10-11 03:18:12,4960.0,100.0,647800.0
1508,2021-10-11 03:16:37,4950.0,2200.0,647700.0
1509,2021-10-11 03:16:35,4950.0,2000.0,645500.0
1510,2021-10-11 03:16:35,4950.0,800.0,643500.0
1511,2021-10-11 03:16:08,4950.0,7200.0,642700.0
1512,2021-10-11 03:14:43,4950.0,2800.0,635500.0
1513,2021-10-11 03:14:29,4950.0,5000.0,632700.0
1514,2021-10-11 03:14:15,4950.0,19800.0,627700.0
1515,2021-10-11 03:14:07,4950.0,2000.0,607900.0
1516,2021-10-11 03:13:11,4950.0,10000.0,605900.0
1517,2021-10-11 03:13:11,4950.0,10000.0,595900.0
1518,2021-10-11 03:13:11,4950.0,16000.0,585900.0
1519,2021-10-11 03:13:11,4950.0,400.0,569900.0
1520,2021-10-11 03:13:11,4950.0,2000.0,569500.0
1521,2021-10-11 03:13:11,4950.0,2000.0,567500.0
1522,2021-10-11 03:13:11,4950.0,2700.0,565500.0
1523,2021-10-11 03:13:11,4950.0,4900.0,562800.0
1524,2021-10-11 03:13:11,4950.0,700.0,557900.0
1525,2021-10-11 03:13:11,4940.0,7900.0,557200.0
1526,2021-10-11 03:13:11,4940.0,2400.0,549300.0
1527,2021-10-11 03:13:11,4940.0,1000.0,546900.0
1528,2021-10-11 03:13:11,4940.0,100.0,545900.0
1529,2021-10-11 03:13:11,4940.0,400.0,545800.0
1530,2021-10-11 03:13:11,4940.0,9900.0,545400.0
1531,2021-10-11 03:12:54,4930.0,1800.0,535500.0
1532,2021-10-11 03:12:54,4930.0,1000.0,533700.0
1533,2021-10-11 03:12:54,4930.0,2200.0,532700.0
1534,2021-10-11 03:12:13,4930.0,3000.0,530500.0
1535,2021-10-11 03:11:39,4940.0,100.0,527500.0
1536,2021-10-11 03:11:39,4940.0,7500.0,527400.0
1537,2021-10-11 03:11:39,4940.0,2400.0,519900.0
1538,2021-10-11 03:11:36,4930.0,400.0,517500.0
1539,2021-10-11 03:11:24,4940.0,200.0,517100.0
1540,2021-10-11 03:11:09,4930.0,700.0,516900.0
1541,2021-10-11 03:10:58,4940.0,100.0,516200.0
1542,2021-10-11 03:10:40,4930.0,700.0,516100.0
1543,2021-10-11 03:10:40,4930.0,300.0,515400.0
1544,2021-10-11 03:10:08,4930.0,4700.0,515100.0
1545,2021-10-11 03:10:08,4930.0,1000.0,510400.0
1546,2021-10-11 03:10:08,4930.0,1000.0,509400.0
1547,2021-10-11 03:10:08,4930.0,200.0,508400.0
1548,2021-10-11 03:10:08,4930.0,3000.0,508200.0
1549,2021-10-11 03:10:08,4930.0,100.0,505200.0
1550,2021-10-11 03:09:59,4930.0,3000.0,505100.0
1551,2021-10-11 03:09:59,4930.0,3900.0,502100.0
1552,2021-10-11 03:09:59,4930.0,100.0,498200.0
1553,2021-10-11 03:09:59,4930.0,900.0,498100.0
1554,2021-10-11 03:09:56,4940.0,1000.0,497200.0
1555,2021-10-11 03:09:35,4940.0,100.0,496200.0
1556,2021-10-11 03:09:20,4930.0,100.0,496100.0
1557,2021-10-11 03:09:20,4930.0,300.0,496000.0
1558,2021-10-11 03:09:20,4930.0,100.0,495700.0
1559,2021-10-11 03:09:20,4930.0,400.0,495600.0
1560,2021-10-11 03:09:20,4930.0,100.0,495200.0
1561,2021-10-11 03:09:12,4940.0,2900.0,495100.0
1562,2021-10-11 03:07:52,4940.0,200.0,492200.0
1563,2021-10-11 03:07:35,4930.0,100.0,492000.0
1564,2021-10-11 03:07:29,4930.0,10000.0,491900.0
1565,2021-10-11 03:07:29,4930.0,200.0,481900.0
1566,2021-10-11 03:07:22,4940.0,100.0,481700.0
1567,2021-10-11 03:07:12,4940.0,200.0,481600.0
1568,2021-10-11 03:07:12,4940.0,200.0,481400.0
1569,2021-10-11 03:07:12,4940.0,2000.0,481200.0
1570,2021-10-11 03:07:12,4940.0,200.0,479200.0
1571,2021-10-11 03:07:12,4940.0,100.0,479000.0
1572,2021-10-11 03:07:12,4940.0,300.0,478900.0
1573,2021-10-11 03:06:59,4940.0,100.0,478600.0
1574,2021-10-11 03:06:40,4940.0,200.0,478500.0
1575,2021-10-11 03:06:35,4950.0,2600.0,478300.0
1576,2021-10-11 03:06:02,4940.0,100.0,475700.0
1577,2021-10-11 03:05:55,4940.0,300.0,475600.0
1578,2021-10-11 03:05:33,4940.0,100.0,475300.0
1579,2021-10-11 03:05:29,4940.0,200.0,475200.0
1580,2021-10-11 03:05:05,4940.0,200.0,475000.0
1581,2021-10-11 03:05:04,4940.0,1000.0,474800.0
1582,2021-10-11 03:05:01,4950.0,500.0,473800.0
1583,2021-10-11 03:04:54,4950.0,100.0,473300.0
1584,2021-10-11 03:04:49,4940.0,3800.0,473200.0
1585,2021-10-11 03:04:49,4940.0,100.0,469400.0
1586,2021-10-11 03:04:49,4940.0,300.0,469300.0
1587,2021-10-11 03:04:49,4940.0,1000.0,469000.0
1588,2021-10-11 03:04:49,4940.0,100.0,468000.0
1589,2021-10-11 03:04:49,4940.0,1000.0,467900.0
1590,2021-10-11 03:04:49,4940.0,100.0,466900.0
1591,2021-10-11 03:04:49,4940.0,100.0,466800.0
1592,2021-10-11 03:04:49,4940.0,1000.0,466700.0
1593,2021-10-11 03:04:49,4940.0,500.0,465700.0
1594,2021-10-11 03:04:45,4950.0,1000.0,465200.0
1595,2021-10-11 03:04:43,4950.0,100.0,464200.0
1596,2021-10-11 03:04:43,4950.0,1900.0,464100.0
1597,2021-10-11 03:04:23,4950.0,100.0,462200.0
1598,2021-10-11 03:04:07,4940.0,200.0,462100.0
1599,2021-10-11 03:04:07,4940.0,800.0,461900.0
1600,2021-10-11 03:03:19,4950.0,600.0,461100.0
1601,2021-10-11 03:03:17,4950.0,1000.0,460500.0
1602,2021-10-11 03:03:13,4940.0,1200.0,459500.0
1603,2021-10-11 03:03:13,4940.0,200.0,458300.0
1604,2021-10-11 03:03:13,4940.0,100.0,458100.0
1605,2021-10-11 03:03:13,4940.0,10000.0,458000.0
1606,2021-10-11 03:03:13,4940.0,100.0,448000.0
1607,2021-10-11 03:03:13,4940.0,1000.0,447900.0
1608,2021-10-11 03:03:13,4940.0,3000.0,446900.0
1609,2021-10-11 03:03:13,4940.0,800.0,443900.0
1610,2021-10-11 03:03:13,4940.0,500.0,443100.0
1611,2021-10-11 03:03:13,4940.0,100.0,442600.0
1612,2021-10-11 03:03:13,4940.0,500.0,442500.0
1613,2021-10-11 03:03:13,4940.0,3000.0,442000.0
1614,2021-10-11 03:03:13,4940.0,3300.0,439000.0
1615,2021-10-11 03:02:47,4950.0,1000.0,435700.0
1616,2021-10-11 03:02:14,4950.0,100.0,434700.0
1617,2021-10-11 03:01:53,4940.0,2000.0,434600.0
1618,2021-10-11 03:01:37,4940.0,1400.0,432600.0
1619,2021-10-11 03:01:21,4950.0,100.0,431200.0
1620,2021-10-11 03:01:21,4950.0,1000.0,431100.0
1621,2021-10-11 03:01:21,4950.0,4200.0,430100.0
1622,2021-10-11 03:01:00,4950.0,10000.0,425900.0
1623,2021-10-11 03:00:56,4950.0,2800.0,415900.0
1624,2021-10-11 03:00:53,4950.0,200.0,413100.0
1625,2021-10-11 03:00:42,4940.0,200.0,412900.0
1626,2021-10-11 03:00:36,4950.0,100.0,412700.0
1627,2021-10-11 03:00:27,4950.0,100.0,412600.0
1628,2021-10-11 03:00:27,4950.0,800.0,412500.0
1629,2021-10-11 03:00:04,4950.0,3000.0,411700.0
1630,2021-10-11 02:59:51,4950.0,6200.0,408700.0
1631,2021-10-11 02:59:51,4950.0,1000.0,402500.0
1632,2021-10-11 02:59:51,4950.0,2800.0,401500.0
1633,2021-10-11 02:59:46,4950.0,100.0,398700.0
1634,2021-10-11 02:59:27,4950.0,1000.0,398600.0
1635,2021-10-11 02:59:27,4950.0,5000.0,397600.0
1636,2021-10-11 02:59:27,4950.0,1100.0,392600.0
1637,2021-10-11 02:59:00,4950.0,3900.0,391500.0
1638,2021-10-11 02:58:59,4950.0,1100.0,387600.0
1639,2021-10-11 02:58:28,4950.0,200.0,386500.0
1640,2021-10-11 02:58:22,4940.0,3100.0,386300.0
1641,2021-10-11 02:58:22,4940.0,100.0,383200.0
1642,2021-10-11 02:58:22,4940.0,100.0,383100.0
1643,2021-10-11 02:58:22,4940.0,100.0,383000.0
1644,2021-10-11 02:58:22,4940.0,200.0,382900.0
1645,2021-10-11 02:58:22,4950.0,400.0,382700.0
1646,2021-10-11 02:58:22,4950.0,100.0,382300.0
1647,2021-10-11 02:58:22,4950.0,100.0,382200.0
1648,2021-10-11 02:58:22,4950.0,500.0,382100.0
1649,2021-10-11 02:57:47,4960.0,400.0,381600.0
1650,2021-10-11 02:57:45,4950.0,200.0,381200.0
1651,2021-10-11 02:57:30,4960.0,1000.0,381000.0
1652,2021-10-11 02:56:56,4950.0,2800.0,380000.0
1653,2021-10-11 02:56:56,4950.0,1000.0,377200.0
1654,2021-10-11 02:56:56,4950.0,2000.0,376200.0
1655,2021-10-11 02:56:56,4950.0,10100.0,374200.0
1656,2021-10-11 02:56:56,4950.0,100.0,364100.0
1657,2021-10-11 02:56:56,4950.0,200.0,364000.0
1658,2021-10-11 02:56:56,4950.0,1000.0,363800.0
1659,2021-10-11 02:56:56,4950.0,300.0,362800.0
1660,2021-10-11 02:56:56,4950.0,2500.0,362500.0
1661,2021-10-11 02:56:46,4950.0,2500.0,360000.0
1662,2021-10-11 02:56:46,4950.0,500.0,357500.0
1663,2021-10-11 02:54:48,4960.0,100.0,357000.0
1664,2021-10-11 02:53:53,4960.0,5000.0,356900.0
1665,2021-10-11 02:53:53,4960.0,1700.0,351900.0
1666,2021-10-11 02:53:53,4960.0,200.0,350200.0
1667,2021-10-11 02:53:53,4960.0,1100.0,350000.0
1668,2021-10-11 02:53:21,4960.0,1900.0,348900.0
1669,2021-10-11 02:53:21,4960.0,100.0,347000.0
1670,2021-10-11 02:52:31,4960.0,200.0,346900.0
1671,2021-10-11 02:52:29,4970.0,400.0,346700.0
1672,2021-10-11 02:52:29,4970.0,300.0,346300.0
1673,2021-10-11 02:52:29,4970.0,100.0,346000.0
1674,2021-10-11 02:52:29,4970.0,200.0,345900.0
1675,2021-10-11 02:51:31,4960.0,4000.0,345700.0
1676,2021-10-11 02:51:31,4960.0,500.0,341700.0
1677,2021-10-11 02:51:31,4960.0,4200.0,341200.0
1678,2021-10-11 02:51:22,4950.0,200.0,337000.0
1679,2021-10-11 02:51:07,4950.0,500.0,336800.0
1680,2021-10-11 02:51:07,4950.0,200.0,336300.0
1681,2021-10-11 02:51:07,4950.0,300.0,336100.0
1682,2021-10-11 02:51:05,4960.0,100.0,335800.0
1683,2021-10-11 02:50:52,4960.0,1000.0,335700.0
1684,2021-10-11 02:50:39,4960.0,100.0,334700.0
1685,2021-10-11 02:50:34,4960.0,1400.0,334600.0
1686,2021-10-11 02:49:46,4960.0,4000.0,333200.0
1687,2021-10-11 02:49:26,4950.0,700.0,329200.0
1688,2021-10-11 02:49:23,4950.0,100.0,328500.0
1689,2021-10-11 02:49:23,4950.0,1200.0,328400.0
1690,2021-10-11 02:49:10,4950.0,600.0,327200.0
1691,2021-10-11 02:49:10,4950.0,100.0,326600.0
1692,2021-10-11 02:49:10,4950.0,100.0,326500.0
1693,2021-10-11 02:49:10,4950.0,200.0,326400.0
1694,2021-10-11 02:49:10,4950.0,300.0,326200.0
1695,2021-10-11 02:49:10,4950.0,1700.0,325900.0
1696,2021-10-11 02:48:48,4950.0,1200.0,324200.0
1697,2021-10-11 02:48:48,4950.0,500.0,323000.0
1698,2021-10-11 02:48:48,4950.0,200.0,322500.0
1699,2021-10-11 02:48:48,4950.0,500.0,322300.0
1700,2021-10-11 02:48:48,4950.0,300.0,321800.0
1701,2021-10-11 02:48:48,4950.0,100.0,321500.0
1702,2021-10-11 02:48:48,4950.0,1200.0,321400.0
1703,2021-10-11 02:48:12,4950.0,200.0,320200.0
1704,2021-10-11 02:48:09,4950.0,3600.0,320000.0
1705,2021-10-11 02:48:09,4950.0,5000.0,316400.0
1706,2021-10-11 02:48:09,4950.0,100.0,311400.0
1707,2021-10-11 02:48:09,4950.0,1000.0,311300.0
1708,2021-10-11 02:48:09,4950.0,300.0,310300.0
1709,2021-10-11 02:47:43,4950.0,200.0,310000.0
1710,2021-10-11 02:47:43,4950.0,500.0,309800.0
1711,2021-10-11 02:47:43,4950.0,200.0,309300.0
1712,2021-10-11 02:47:43,4950.0,200.0,309100.0
1713,2021-10-11 02:47:43,4950.0,200.0,308900.0
1714,2021-10-11 02:47:43,4950.0,2000.0,308700.0
1715,2021-10-11 02:47:43,4950.0,500.0,306700.0
1716,2021-10-11 02:47:43,4950.0,100.0,306200.0
1717,2021-10-11 02:47:43,4950.0,500.0,306100.0
1718,2021-10-11 02:47:43,4950.0,500.0,305600.0
1719,2021-10-11 02:47:43,4950.0,100.0,305100.0
1720,2021-10-11 02:47:43,4960.0,3000.0,305000.0
1721,2021-10-11 02:47:39,4960.0,500.0,302000.0
1722,2021-10-11 02:47:39,4960.0,500.0,301500.0
1723,2021-10-11 02:47:37,4960.0,100.0,301000.0
1724,2021-10-11 02:47:00,4960.0,500.0,300900.0
1725,2021-10-11 02:47:00,4960.0,500.0,300400.0
1726,2021-10-11 02:47:00,4960.0,200.0,299900.0
1727,2021-10-11 02:47:00,4960.0,400.0,299700.0
1728,2021-10-11 02:46:59,4960.0,600.0,299300.0
1729,2021-10-11 02:46:59,4960.0,1100.0,298700.0
1730,2021-10-11 02:46:48,4960.0,1900.0,297600.0
1731,2021-10-11 02:46:48,4960.0,100.0,295700.0
1732,2021-10-11 02:46:48,4960.0,500.0,295600.0
1733,2021-10-11 02:46:48,4960.0,5000.0,295100.0
1734,2021-10-11 02:46:48,4960.0,200.0,290100.0
1735,2021-10-11 02:46:48,4960.0,100.0,289900.0
1736,2021-10-11 02:46:48,4960.0,1000.0,289800.0
1737,2021-10-11 02:46:48,4960.0,300.0,288800.0
1738,2021-10-11 02:46:48,4960.0,200.0,288500.0
1739,2021-10-11 02:46:46,4960.0,100.0,288300.0
1740,2021-10-11 02:46:20,4960.0,2200.0,288200.0
1741,2021-10-11 02:46:20,4960.0,2800.0,286000.0
1742,2021-10-11 02:45:36,4970.0,1000.0,283200.0
1743,2021-10-11 02:44:53,4980.0,1000.0,282200.0
1744,2021-10-11 02:44:17,4980.0,100.0,281200.0
1745,2021-10-11 02:44:07,4980.0,11800.0,281100.0
1746,2021-10-11 02:44:07,4980.0,2300.0,269300.0
1747,2021-10-11 02:44:07,4970.0,500.0,267000.0
1748,2021-10-11 02:44:07,4970.0,4800.0,266500.0
1749,2021-10-11 02:44:07,4970.0,600.0,261700.0
1750,2021-10-11 02:43:53,4970.0,5000.0,261100.0
1751,2021-10-11 02:43:53,4970.0,100.0,256100.0
1752,2021-10-11 02:43:53,4970.0,4300.0,256000.0
1753,2021-10-11 02:43:36,4980.0,100.0,251700.0
1754,2021-10-11 02:43:01,4980.0,300.0,251600.0
1755,2021-10-11 02:42:41,4980.0,300.0,251300.0
1756,2021-10-11 02:42:36,4970.0,1000.0,251000.0
1757,2021-10-11 02:42:24,4970.0,700.0,250000.0
1758,2021-10-11 02:42:24,4970.0,400.0,249300.0
1759,2021-10-11 02:42:24,4970.0,500.0,248900.0
1760,2021-10-11 02:42:24,4970.0,300.0,248400.0
1761,2021-10-11 02:42:18,4970.0,200.0,248100.0
1762,2021-10-11 02:42:18,4970.0,200.0,247900.0
1763,2021-10-11 02:42:18,4970.0,300.0,247700.0
1764,2021-10-11 02:42:18,4970.0,1300.0,247400.0
1765,2021-10-11 02:41:05,4970.0,700.0,246100.0
1766,2021-10-11 02:41:05,4970.0,1000.0,245400.0
1767,2021-10-11 02:41:05,4970.0,700.0,244400.0
1768,2021-10-11 02:41:05,4970.0,1000.0,243700.0
1769,2021-10-11 02:41:05,4970.0,1000.0,242700.0
1770,2021-10-11 02:41:05,4970.0,600.0,241700.0
1771,2021-10-11 02:40:39,4970.0,4400.0,241100.0
1772,2021-10-11 02:40:39,4970.0,1000.0,236700.0
1773,2021-10-11 02:40:39,4970.0,1000.0,235700.0
1774,2021-10-11 02:40:39,4970.0,5500.0,234700.0
1775,2021-10-11 02:40:28,4970.0,4500.0,229200.0
1776,2021-10-11 02:40:28,4970.0,500.0,224700.0
1777,2021-10-11 02:40:28,4970.0,200.0,224200.0
1778,2021-10-11 02:40:28,4970.0,1000.0,224000.0
1779,2021-10-11 02:40:28,4970.0,3000.0,223000.0
1780,2021-10-11 02:40:28,4970.0,4100.0,220000.0
1781,2021-10-11 02:40:05,4970.0,200.0,215900.0
1782,2021-10-11 02:38:49,4980.0,1000.0,215700.0
1783,2021-10-11 02:38:36,4980.0,1000.0,214700.0
1784,2021-10-11 02:38:17,4980.0,800.0,213700.0
1785,2021-10-11 02:38:16,4970.0,5000.0,212900.0
1786,2021-10-11 02:37:40,4970.0,700.0,207900.0
1787,2021-10-11 02:37:40,4970.0,500.0,207200.0
1788,2021-10-11 02:37:40,4970.0,1300.0,206700.0
1789,2021-10-11 02:37:01,4980.0,300.0,205400.0
1790,2021-10-11 02:36:16,4990.0,200.0,205100.0
1791,2021-10-11 02:35:58,4980.0,4000.0,204900.0
1792,2021-10-11 02:35:50,4980.0,100.0,200900.0
1793,2021-10-11 02:35:42,4980.0,100.0,200800.0
1794,2021-10-11 02:35:39,4980.0,300.0,200700.0
1795,2021-10-11 02:35:39,4980.0,500.0,200400.0
1796,2021-10-11 02:35:34,4980.0,1000.0,199900.0
1797,2021-10-11 02:34:27,4990.0,6200.0,198900.0
1798,2021-10-11 02:34:27,4990.0,800.0,192700.0
1799,2021-10-11 02:34:13,4980.0,4000.0,191900.0
1800,2021-10-11 02:34:12,4990.0,400.0,187900.0
1801,2021-10-11 02:34:09,4990.0,900.0,187500.0
1802,2021-10-11 02:33:56,4980.0,200.0,186600.0
1803,2021-10-11 02:33:43,4990.0,500.0,186400.0
1804,2021-10-11 02:32:57,4990.0,2000.0,185900.0
1805,2021-10-11 02:32:57,4990.0,100.0,183900.0
1806,2021-10-11 02:32:48,4980.0,4300.0,183800.0
1807,2021-10-11 02:32:48,4980.0,5200.0,179500.0
1808,2021-10-11 02:32:48,4980.0,100.0,174300.0
1809,2021-10-11 02:32:48,4980.0,400.0,174200.0
1810,2021-10-11 02:32:03,4990.0,200.0,173800.0
1811,2021-10-11 02:31:33,4980.0,100.0,173600.0
1812,2021-10-11 02:31:33,4980.0,1900.0,173500.0
1813,2021-10-11 02:31:04,4980.0,5000.0,171600.0
1814,2021-10-11 02:30:39,4980.0,300.0,166600.0
1815,2021-10-11 02:30:39,4980.0,100.0,166300.0
1816,2021-10-11 02:30:34,4980.0,2700.0,166200.0
1817,2021-10-11 02:30:34,4980.0,300.0,163500.0
1818,2021-10-11 02:30:34,4980.0,200.0,163200.0
1819,2021-10-11 02:30:34,4980.0,3700.0,163000.0
1820,2021-10-11 02:30:05,4980.0,200.0,159300.0
1821,2021-10-11 02:29:06,4980.0,400.0,159100.0
1822,2021-10-11 02:29:06,4980.0,700.0,158700.0
1823,2021-10-11 02:28:53,4980.0,300.0,158000.0
1824,2021-10-11 02:28:53,4980.0,100.0,157700.0
1825,2021-10-11 02:28:53,4980.0,200.0,157600.0
1826,2021-10-11 02:28:32,4980.0,2100.0,157400.0
1827,2021-10-11 02:28:32,4980.0,900.0,155300.0
1828,2021-10-11 02:28:00,4980.0,100.0,154400.0
1829,2021-10-11 02:27:15,4970.0,1700.0,154300.0
1830,2021-10-11 02:27:15,4970.0,400.0,152600.0
1831,2021-10-11 02:27:15,4970.0,100.0,152200.0
1832,2021-10-11 02:27:10,4980.0,5000.0,152100.0
1833,2021-10-11 02:27:07,4980.0,700.0,147100.0
1834,2021-10-11 02:26:18,4980.0,100.0,146400.0
1835,2021-10-11 02:26:18,4980.0,8600.0,146300.0
1836,2021-10-11 02:25:30,4980.0,500.0,137700.0
1837,2021-10-11 02:25:30,4980.0,500.0,137200.0
1838,2021-10-11 02:25:30,4980.0,100.0,136700.0
1839,2021-10-11 02:25:30,4980.0,300.0,136600.0
1840,2021-10-11 02:25:14,4970.0,400.0,136300.0
1841,2021-10-11 02:24:49,4970.0,100.0,135900.0
1842,2021-10-11 02:24:45,4970.0,100.0,135800.0
1843,2021-10-11 02:24:41,4970.0,300.0,135700.0
1844,2021-10-11 02:24:41,4970.0,100.0,135400.0
1845,2021-10-11 02:24:17,4970.0,9200.0,135300.0
1846,2021-10-11 02:23:40,4970.0,5000.0,126100.0
1847,2021-10-11 02:23:23,4970.0,200.0,121100.0
1848,2021-10-11 02:23:23,4970.0,100.0,120900.0
1849,2021-10-11 02:23:23,4970.0,500.0,120800.0
1850,2021-10-11 02:23:23,4970.0,100.0,120300.0
1851,2021-10-11 02:23:23,4970.0,200.0,120200.0
1852,2021-10-11 02:23:12,4970.0,1800.0,120000.0
1853,2021-10-11 02:23:12,4970.0,100.0,118200.0
1854,2021-10-11 02:22:46,4980.0,200.0,118100.0
1855,2021-10-11 02:22:25,4980.0,500.0,117900.0
1856,2021-10-11 02:21:49,4980.0,200.0,117400.0
1857,2021-10-11 02:21:03,4980.0,400.0,117200.0
1858,2021-10-11 02:20:47,4970.0,100.0,116800.0
1859,2021-10-11 02:20:26,4980.0,3300.0,116700.0
1860,2021-10-11 02:20:26,4980.0,1000.0,113400.0
1861,2021-10-11 02:20:26,4980.0,700.0,112400.0
1862,2021-10-11 02:19:47,4980.0,100.0,111700.0
1863,2021-10-11 02:19:47,4980.0,900.0,111600.0
1864,2021-10-11 02:19:47,4960.0,200.0,110700.0
1865,2021-10-11 02:19:47,4960.0,200.0,110500.0
1866,2021-10-11 02:19:47,4960.0,4000.0,110300.0
1867,2021-10-11 02:19:47,4960.0,300.0,106300.0
1868,2021-10-11 02:19:47,4970.0,300.0,106000.0
1869,2021-10-11 02:19:33,4980.0,3300.0,105700.0
1870,2021-10-11 02:19:33,4970.0,100.0,102400.0
1871,2021-10-11 02:19:33,4970.0,600.0,102300.0
1872,2021-10-11 02:19:25,4960.0,100.0,101700.0
1873,2021-10-11 02:19:24,4970.0,300.0,101600.0
1874,2021-10-11 02:19:24,4970.0,700.0,101300.0
1875,2021-10-11 02:19:18,4970.0,800.0,100600.0
1876,2021-10-11 02:19:18,4970.0,1000.0,99800.0
1877,2021-10-11 02:19:18,4970.0,100.0,98800.0
1878,2021-10-11 02:19:18,4970.0,3100.0,98700.0
1879,2021-10-11 02:19:06,4970.0,4000.0,95600.0
1880,2021-10-11 02:18:31,4960.0,100.0,91600.0
1881,2021-10-11 02:18:31,4960.0,100.0,91500.0
1882,2021-10-11 02:18:31,4960.0,300.0,91400.0
1883,2021-10-11 02:17:53,4960.0,5000.0,91100.0
1884,2021-10-11 02:17:53,4960.0,1000.0,86100.0
1885,2021-10-11 02:17:53,4960.0,2000.0,85100.0
1886,2021-10-11 02:17:33,4960.0,100.0,83100.0
1887,2021-10-11 02:17:25,4960.0,100.0,83000.0
1888,2021-10-11 02:17:15,4960.0,2800.0,82900.0
1889,2021-10-11 02:17:15,4960.0,2000.0,80100.0
1890,2021-10-11 02:17:15,4960.0,2000.0,78100.0
1891,2021-10-11 02:17:15,4960.0,200.0,76100.0
1892,2021-10-11 02:17:15,4960.0,1000.0,75900.0
1893,2021-10-11 02:17:15,4960.0,1000.0,74900.0
1894,2021-10-11 02:17:15,4960.0,1000.0,73900.0
1895,2021-10-11 02:17:03,4970.0,100.0,72900.0
1896,2021-10-11 02:16:41,4970.0,600.0,72800.0
1897,2021-10-11 02:16:41,4970.0,400.0,72200.0
1898,2021-10-11 02:16:41,4970.0,3900.0,71800.0
1899,2021-10-11 02:16:41,4970.0,3000.0,67900.0
1900,2021-10-11 02:16:41,4970.0,200.0,64900.0
1901,2021-10-11 02:16:41,4970.0,100.0,64700.0
1902,2021-10-11 02:16:41,4970.0,200.0,64600.0
1903,2021-10-11 02:16:41,4970.0,800.0,64400.0
1904,2021-10-11 02:16:41,4970.0,200.0,63600.0
1905,2021-10-11 02:16:41,4970.0,200.0,63400.0
1906,2021-10-11 02:16:41,4970.0,23200.0,63200.0
1907,2021-10-11 02:16:21,4970.0,10000.0,40000.0
1908,2021-10-11 02:15:43,4970.0,300.0,30000.0
1909,2021-10-11 02:15:33,4970.0,200.0,29700.0
1910,2021-10-11 02:15:00,4970.0,900.0,29500.0
1911,2021-10-11 02:15:00,4970.0,4200.0,28600.0
1912,2021-10-11 02:15:00,4970.0,500.0,24400.0
1913,2021-10-11 02:15:00,4970.0,100.0,23900.0
1914,2021-10-11 02:15:00,4970.0,800.0,23800.0
1915,2021-10-11 02:15:00,4970.0,700.0,23000.0
1916,2021-10-11 02:15:00,4970.0,300.0,22300.0
1917,2021-10-11 02:15:00,4970.0,300.0,22000.0
1918,2021-10-11 02:15:00,4970.0,100.0,21700.0
1919,2021-10-11 02:15:00,4970.0,200.0,21600.0
1920,2021-10-11 02:15:00,4970.0,500.0,21400.0
1921,2021-10-11 02:15:00,4970.0,900.0,20900.0
1922,2021-10-11 02:15:00,4970.0,200.0,20000.0
1923,2021-10-11 02:15:00,4970.0,1000.0,19800.0
1924,2021-10-11 02:15:00,4970.0,100.0,18800.0
1925,2021-10-11 02:15:00,4970.0,500.0,18700.0
1926,2021-10-11 02:15:00,4970.0,2300.0,18200.0
1927,2021-10-11 02:15:00,4970.0,100.0,15900.0
1928,2021-10-11 02:15:00,4970.0,1100.0,15800.0
1929,2021-10-11 02:15:00,4970.0,100.0,14700.0
1930,2021-10-11 02:15:00,4970.0,100.0,14600.0
1931,2021-10-11 02:15:00,4970.0,1000.0,14500.0
1932,2021-10-11 02:15:00,4970.0,100.0,13500.0
1933,2021-10-11 02:15:00,4970.0,100.0,13400.0
1934,2021-10-11 02:15:00,4970.0,100.0,13300.0
1935,2021-10-11 02:15:00,4970.0,400.0,13200.0
1936,2021-10-11 02:15:00,4970.0,400.0,12800.0
1937,2021-10-11 02:15:00,4970.0,200.0,12400.0
1938,2021-10-11 02:15:00,4970.0,900.0,12200.0
1939,2021-10-11 02:15:00,4970.0,100.0,11300.0
1940,2021-10-11 02:15:00,4970.0,2000.0,11200.0
1941,2021-10-11 02:15:00,4970.0,1000.0,9200.0
1942,2021-10-11 02:15:00,4970.0,100.0,8200.0
1943,2021-10-11 02:15:00,4970.0,500.0,8100.0
1944,2021-10-11 02:15:00,4970.0,500.0,7600.0
1945,2021-10-11 02:15:00,4970.0,2300.0,7100.0
1946,2021-10-11 02:15:00,4970.0,200.0,4800.0
1947,2021-10-11 02:15:00,4970.0,300.0,4600.0
1948,2021-10-11 02:15:00,4970.0,2000.0,4300.0
1949,2021-10-11 02:15:00,4970.0,1700.0,2300.0
1950,2021-10-11 02:15:00,4970.0,500.0,600.0
1951,2021-10-11 02:15:00,4970.0,100.0,100.0
