,Time,Price,Volume_per_trade,Volume
0,2021-10-08 07:45:00,4970.0,1000.0,3201000.0
1,2021-10-08 07:45:00,4970.0,2000.0,3200000.0
2,2021-10-08 07:45:00,4970.0,100.0,3198000.0
3,2021-10-08 07:45:00,4970.0,100.0,3197900.0
4,2021-10-08 07:45:00,4970.0,300.0,3197800.0
5,2021-10-08 07:45:00,4970.0,1700.0,3197500.0
6,2021-10-08 07:45:00,4970.0,300.0,3195800.0
7,2021-10-08 07:45:00,4970.0,3000.0,3195500.0
8,2021-10-08 07:45:00,4970.0,100.0,3192500.0
9,2021-10-08 07:45:00,4970.0,1000.0,3192400.0
10,2021-10-08 07:45:00,4970.0,300.0,3191400.0
11,2021-10-08 07:45:00,4970.0,700.0,3191100.0
12,2021-10-08 07:45:00,4970.0,100.0,3190400.0
13,2021-10-08 07:45:00,4970.0,200.0,3190300.0
14,2021-10-08 07:45:00,4970.0,400.0,3190100.0
15,2021-10-08 07:45:00,4970.0,200.0,3189700.0
16,2021-10-08 07:45:00,4970.0,300.0,3189500.0
17,2021-10-08 07:45:00,4970.0,200.0,3189200.0
18,2021-10-08 07:45:00,4970.0,200.0,3189000.0
19,2021-10-08 07:45:00,4970.0,1000.0,3188800.0
20,2021-10-08 07:45:00,4970.0,300.0,3187800.0
21,2021-10-08 07:45:00,4970.0,1500.0,3187500.0
22,2021-10-08 07:45:00,4970.0,200.0,3186000.0
23,2021-10-08 07:45:00,4970.0,400.0,3185800.0
24,2021-10-08 07:45:00,4970.0,100.0,3185400.0
25,2021-10-08 07:45:00,4970.0,3000.0,3185300.0
26,2021-10-08 07:45:00,4970.0,1000.0,3182300.0
27,2021-10-08 07:45:00,4970.0,100.0,3181300.0
28,2021-10-08 07:45:00,4970.0,22900.0,3181200.0
29,2021-10-08 07:45:00,4970.0,3200.0,3158300.0
30,2021-10-08 07:45:00,4970.0,3000.0,3155100.0
31,2021-10-08 07:45:00,4970.0,2000.0,3152100.0
32,2021-10-08 07:45:00,4970.0,1000.0,3150100.0
33,2021-10-08 07:45:00,4970.0,10000.0,3149100.0
34,2021-10-08 07:45:00,4970.0,3000.0,3139100.0
35,2021-10-08 07:45:00,4970.0,20000.0,3136100.0
36,2021-10-08 07:45:00,4970.0,4000.0,3116100.0
37,2021-10-08 07:45:00,4970.0,14000.0,3112100.0
38,2021-10-08 07:45:00,4970.0,100.0,3098100.0
39,2021-10-08 07:45:00,4970.0,3500.0,3098000.0
40,2021-10-08 07:45:00,4970.0,8400.0,3094500.0
41,2021-10-08 07:45:00,4970.0,600.0,3086100.0
42,2021-10-08 07:45:00,4970.0,1400.0,3085500.0
43,2021-10-08 07:45:00,4970.0,500.0,3084100.0
44,2021-10-08 07:45:00,4970.0,100.0,3083600.0
45,2021-10-08 07:45:00,4970.0,900.0,3083500.0
46,2021-10-08 07:45:00,4970.0,1000.0,3082600.0
47,2021-10-08 07:45:00,4970.0,1700.0,3081600.0
48,2021-10-08 07:45:00,4970.0,1000.0,3079900.0
49,2021-10-08 07:45:00,4970.0,100.0,3078900.0
50,2021-10-08 07:45:00,4970.0,200.0,3078800.0
51,2021-10-08 07:29:44,4980.0,300.0,3078600.0
52,2021-10-08 07:29:32,4980.0,10200.0,3078300.0
53,2021-10-08 07:29:14,4980.0,15500.0,3068100.0
54,2021-10-08 07:28:48,4980.0,10000.0,3052600.0
55,2021-10-08 07:28:46,4990.0,2000.0,3042600.0
56,2021-10-08 07:28:14,4990.0,300.0,3040600.0
57,2021-10-08 07:27:37,4980.0,3000.0,3040300.0
58,2021-10-08 07:26:48,4980.0,1000.0,3037300.0
59,2021-10-08 07:26:27,4990.0,100.0,3036300.0
60,2021-10-08 07:26:04,4980.0,2600.0,3036200.0
61,2021-10-08 07:25:13,4990.0,500.0,3033600.0
62,2021-10-08 07:24:59,4990.0,3000.0,3033100.0
63,2021-10-08 07:24:50,4990.0,100.0,3030100.0
64,2021-10-08 07:24:05,4990.0,1000.0,3030000.0
65,2021-10-08 07:24:00,4990.0,100.0,3029000.0
66,2021-10-08 07:23:58,4990.0,500.0,3028900.0
67,2021-10-08 07:23:56,4990.0,100.0,3028400.0
68,2021-10-08 07:23:56,4990.0,1000.0,3028300.0
69,2021-10-08 07:23:27,4990.0,10000.0,3027300.0
70,2021-10-08 07:23:25,4990.0,20000.0,3017300.0
71,2021-10-08 07:23:25,4990.0,5100.0,2997300.0
72,2021-10-08 07:23:25,4990.0,2000.0,2992200.0
73,2021-10-08 07:23:25,4990.0,10000.0,2990200.0
74,2021-10-08 07:23:25,4990.0,400.0,2980200.0
75,2021-10-08 07:23:25,4990.0,10700.0,2979800.0
76,2021-10-08 07:23:13,4990.0,2000.0,2969100.0
77,2021-10-08 07:22:37,4990.0,16000.0,2967100.0
78,2021-10-08 07:22:35,4990.0,13000.0,2951100.0
79,2021-10-08 07:21:49,4990.0,400.0,2938100.0
80,2021-10-08 07:21:49,4990.0,100.0,2937700.0
81,2021-10-08 07:21:49,4990.0,7800.0,2937600.0
82,2021-10-08 07:21:45,4990.0,1000.0,2929800.0
83,2021-10-08 07:21:36,4990.0,100.0,2928800.0
84,2021-10-08 07:21:34,4990.0,100.0,2928700.0
85,2021-10-08 07:21:32,4990.0,1000.0,2928600.0
86,2021-10-08 07:21:32,4990.0,1000.0,2927600.0
87,2021-10-08 07:21:31,4990.0,200.0,2926600.0
88,2021-10-08 07:21:31,4990.0,400.0,2926400.0
89,2021-10-08 07:21:28,4990.0,1000.0,2926000.0
90,2021-10-08 07:21:02,4990.0,7800.0,2925000.0
91,2021-10-08 07:20:53,4990.0,10000.0,2917200.0
92,2021-10-08 07:20:53,4990.0,200.0,2907200.0
93,2021-10-08 07:20:28,4980.0,1000.0,2907000.0
94,2021-10-08 07:20:10,4980.0,100.0,2906000.0
95,2021-10-08 07:19:47,4980.0,400.0,2905900.0
96,2021-10-08 07:19:26,4980.0,300.0,2905500.0
97,2021-10-08 07:19:05,4980.0,1100.0,2905200.0
98,2021-10-08 07:19:03,4980.0,200.0,2904100.0
99,2021-10-08 07:19:03,4980.0,1000.0,2903900.0
100,2021-10-08 07:18:56,4980.0,2000.0,2902900.0
101,2021-10-08 07:18:56,4980.0,3000.0,2900900.0
102,2021-10-08 07:18:38,4990.0,200.0,2897900.0
103,2021-10-08 07:18:32,4980.0,1000.0,2897700.0
104,2021-10-08 07:18:20,4980.0,10000.0,2896700.0
105,2021-10-08 07:18:15,5000.0,100.0,2886700.0
106,2021-10-08 07:17:59,5000.0,1100.0,2886600.0
107,2021-10-08 07:17:58,5000.0,900.0,2885500.0
108,2021-10-08 07:17:58,5000.0,10000.0,2884600.0
109,2021-10-08 07:17:58,5000.0,300.0,2874600.0
110,2021-10-08 07:17:58,5000.0,500.0,2874300.0
111,2021-10-08 07:17:58,5000.0,1000.0,2873800.0
112,2021-10-08 07:17:58,5000.0,17300.0,2872800.0
113,2021-10-08 07:17:40,5000.0,19800.0,2855500.0
114,2021-10-08 07:17:40,4990.0,5000.0,2835700.0
115,2021-10-08 07:17:40,4990.0,5000.0,2830700.0
116,2021-10-08 07:17:40,4990.0,200.0,2825700.0
117,2021-10-08 07:17:40,4990.0,100.0,2825500.0
118,2021-10-08 07:17:40,4990.0,5000.0,2825400.0
119,2021-10-08 07:17:40,4990.0,500.0,2820400.0
120,2021-10-08 07:17:40,4990.0,5000.0,2819900.0
121,2021-10-08 07:17:40,4990.0,4000.0,2814900.0
122,2021-10-08 07:17:40,4980.0,2000.0,2810900.0
123,2021-10-08 07:17:40,4980.0,1000.0,2808900.0
124,2021-10-08 07:17:40,4980.0,700.0,2807900.0
125,2021-10-08 07:17:40,4980.0,100.0,2807200.0
126,2021-10-08 07:17:40,4980.0,1600.0,2807100.0
127,2021-10-08 07:17:27,4980.0,200.0,2805500.0
128,2021-10-08 07:16:11,4980.0,200.0,2805300.0
129,2021-10-08 07:15:53,4980.0,200.0,2805100.0
130,2021-10-08 07:15:26,4980.0,200.0,2804900.0
131,2021-10-08 07:14:35,4970.0,3000.0,2804700.0
132,2021-10-08 07:14:32,4980.0,100.0,2801700.0
133,2021-10-08 07:14:26,4970.0,2000.0,2801600.0
134,2021-10-08 07:12:56,4970.0,100.0,2799600.0
135,2021-10-08 07:12:49,4980.0,400.0,2799500.0
136,2021-10-08 07:12:42,4980.0,300.0,2799100.0
137,2021-10-08 07:12:23,4980.0,1000.0,2798800.0
138,2021-10-08 07:12:23,4970.0,1400.0,2797800.0
139,2021-10-08 07:11:46,4980.0,300.0,2796400.0
140,2021-10-08 07:11:43,4980.0,100.0,2796100.0
141,2021-10-08 07:11:38,4980.0,5000.0,2796000.0
142,2021-10-08 07:11:07,4980.0,100.0,2791000.0
143,2021-10-08 07:11:04,4980.0,400.0,2790900.0
144,2021-10-08 07:11:04,4980.0,100.0,2790500.0
145,2021-10-08 07:11:04,4980.0,1600.0,2790400.0
146,2021-10-08 07:10:33,4980.0,1500.0,2788800.0
147,2021-10-08 07:10:18,4980.0,1000.0,2787300.0
148,2021-10-08 07:10:18,4980.0,900.0,2786300.0
149,2021-10-08 07:10:03,4970.0,100.0,2785400.0
150,2021-10-08 07:09:41,4980.0,800.0,2785300.0
151,2021-10-08 07:09:32,4980.0,1100.0,2784500.0
152,2021-10-08 07:09:32,4980.0,1100.0,2783400.0
153,2021-10-08 07:09:32,4980.0,100.0,2782300.0
154,2021-10-08 07:09:32,4980.0,5000.0,2782200.0
155,2021-10-08 07:09:32,4980.0,2200.0,2777200.0
156,2021-10-08 07:09:32,4980.0,500.0,2775000.0
157,2021-10-08 07:08:46,4980.0,1000.0,2774500.0
158,2021-10-08 07:08:17,4980.0,100.0,2773500.0
159,2021-10-08 07:07:50,4980.0,200.0,2773400.0
160,2021-10-08 07:07:10,4980.0,100.0,2773200.0
161,2021-10-08 07:07:03,4980.0,100.0,2773100.0
162,2021-10-08 07:07:03,4980.0,500.0,2773000.0
163,2021-10-08 07:07:03,4980.0,300.0,2772500.0
164,2021-10-08 07:07:03,4980.0,100.0,2772200.0
165,2021-10-08 07:07:03,4980.0,500.0,2772100.0
166,2021-10-08 07:07:03,4980.0,1600.0,2771600.0
167,2021-10-08 07:06:29,4980.0,3400.0,2770000.0
168,2021-10-08 07:06:29,4980.0,1600.0,2766600.0
169,2021-10-08 07:05:30,4980.0,500.0,2765000.0
170,2021-10-08 07:05:20,4980.0,900.0,2764500.0
171,2021-10-08 07:05:20,4980.0,600.0,2763600.0
172,2021-10-08 07:04:21,4980.0,1000.0,2763000.0
173,2021-10-08 07:04:06,4980.0,200.0,2762000.0
174,2021-10-08 07:03:56,4980.0,800.0,2761800.0
175,2021-10-08 07:03:15,4980.0,200.0,2761000.0
176,2021-10-08 07:02:50,4970.0,1200.0,2760800.0
177,2021-10-08 07:02:41,4960.0,1000.0,2759600.0
178,2021-10-08 07:02:28,4960.0,2500.0,2758600.0
179,2021-10-08 07:02:28,4960.0,100.0,2756100.0
180,2021-10-08 07:02:28,4960.0,2000.0,2756000.0
181,2021-10-08 07:02:28,4960.0,100.0,2754000.0
182,2021-10-08 07:02:28,4960.0,1000.0,2753900.0
183,2021-10-08 07:02:28,4960.0,6600.0,2752900.0
184,2021-10-08 07:02:22,4970.0,100.0,2746300.0
185,2021-10-08 07:02:18,4970.0,300.0,2746200.0
186,2021-10-08 07:02:18,4970.0,1300.0,2745900.0
187,2021-10-08 07:02:03,4970.0,2200.0,2744600.0
188,2021-10-08 07:02:03,4970.0,2900.0,2742400.0
189,2021-10-08 07:02:03,4980.0,500.0,2739500.0
190,2021-10-08 07:02:03,4980.0,400.0,2739000.0
191,2021-10-08 07:01:49,4980.0,600.0,2738600.0
192,2021-10-08 07:01:49,4980.0,400.0,2738000.0
193,2021-10-08 07:01:46,4980.0,200.0,2737600.0
194,2021-10-08 07:01:06,4980.0,400.0,2737400.0
195,2021-10-08 07:01:06,4980.0,100.0,2737000.0
196,2021-10-08 07:01:02,4990.0,200.0,2736900.0
197,2021-10-08 07:01:02,4990.0,2300.0,2736700.0
198,2021-10-08 07:00:53,4970.0,13900.0,2734400.0
199,2021-10-08 07:00:53,4970.0,200.0,2720500.0
200,2021-10-08 07:00:53,4970.0,200.0,2720300.0
201,2021-10-08 07:00:53,4970.0,500.0,2720100.0
202,2021-10-08 07:00:53,4970.0,300.0,2719600.0
203,2021-10-08 07:00:53,4970.0,2000.0,2719300.0
204,2021-10-08 07:00:53,4970.0,100.0,2717300.0
205,2021-10-08 07:00:53,4970.0,1000.0,2717200.0
206,2021-10-08 07:00:53,4970.0,1400.0,2716200.0
207,2021-10-08 07:00:53,4980.0,300.0,2714800.0
208,2021-10-08 07:00:53,4980.0,100.0,2714500.0
209,2021-10-08 07:00:31,4990.0,300.0,2714400.0
210,2021-10-08 06:59:22,4990.0,300.0,2714100.0
211,2021-10-08 06:59:12,4980.0,3000.0,2713800.0
212,2021-10-08 06:58:41,4980.0,3300.0,2710800.0
213,2021-10-08 06:58:41,4980.0,100.0,2707500.0
214,2021-10-08 06:58:07,4980.0,900.0,2707400.0
215,2021-10-08 06:58:02,4980.0,100.0,2706500.0
216,2021-10-08 06:58:02,4980.0,1900.0,2706400.0
217,2021-10-08 06:57:55,4970.0,200.0,2704500.0
218,2021-10-08 06:57:26,4970.0,2400.0,2704300.0
219,2021-10-08 06:57:26,4970.0,1000.0,2701900.0
220,2021-10-08 06:57:26,4970.0,800.0,2700900.0
221,2021-10-08 06:56:35,4970.0,3200.0,2700100.0
222,2021-10-08 06:56:04,4960.0,5300.0,2696900.0
223,2021-10-08 06:55:58,4960.0,3600.0,2691600.0
224,2021-10-08 06:55:58,4960.0,1400.0,2688000.0
225,2021-10-08 06:55:52,4960.0,3000.0,2686600.0
226,2021-10-08 06:55:35,4960.0,20000.0,2683600.0
227,2021-10-08 06:55:30,4960.0,100.0,2663600.0
228,2021-10-08 06:55:11,4960.0,2000.0,2663500.0
229,2021-10-08 06:55:11,4960.0,300.0,2661500.0
230,2021-10-08 06:55:11,4960.0,10000.0,2661200.0
231,2021-10-08 06:55:11,4960.0,200.0,2651200.0
232,2021-10-08 06:55:11,4960.0,100.0,2651000.0
233,2021-10-08 06:55:11,4960.0,200.0,2650900.0
234,2021-10-08 06:55:11,4960.0,700.0,2650700.0
235,2021-10-08 06:54:53,4960.0,200.0,2650000.0
236,2021-10-08 06:54:31,4960.0,1100.0,2649800.0
237,2021-10-08 06:54:31,4970.0,200.0,2648700.0
238,2021-10-08 06:54:31,4970.0,6900.0,2648500.0
239,2021-10-08 06:54:31,4970.0,800.0,2641600.0
240,2021-10-08 06:54:31,4970.0,1000.0,2640800.0
241,2021-10-08 06:54:08,4970.0,3000.0,2639800.0
242,2021-10-08 06:54:08,4970.0,2000.0,2636800.0
243,2021-10-08 06:53:58,4980.0,200.0,2634800.0
244,2021-10-08 06:53:50,4980.0,100.0,2634600.0
245,2021-10-08 06:53:50,4980.0,700.0,2634500.0
246,2021-10-08 06:53:50,4980.0,3100.0,2633800.0
247,2021-10-08 06:53:21,4980.0,1900.0,2630700.0
248,2021-10-08 06:53:21,4980.0,200.0,2628800.0
249,2021-10-08 06:53:21,4980.0,1000.0,2628600.0
250,2021-10-08 06:53:21,4980.0,100.0,2627600.0
251,2021-10-08 06:53:21,4980.0,100.0,2627500.0
252,2021-10-08 06:53:21,4980.0,3000.0,2627400.0
253,2021-10-08 06:53:21,4980.0,200.0,2624400.0
254,2021-10-08 06:53:21,4980.0,1500.0,2624200.0
255,2021-10-08 06:53:02,4980.0,500.0,2622700.0
256,2021-10-08 06:53:02,4980.0,100.0,2622200.0
257,2021-10-08 06:53:02,4980.0,300.0,2622100.0
258,2021-10-08 06:53:02,4980.0,400.0,2621800.0
259,2021-10-08 06:53:02,4980.0,200.0,2621400.0
260,2021-10-08 06:52:57,4980.0,500.0,2621200.0
261,2021-10-08 06:52:52,4980.0,100.0,2620700.0
262,2021-10-08 06:52:52,4980.0,500.0,2620600.0
263,2021-10-08 06:52:44,4990.0,12100.0,2620100.0
264,2021-10-08 06:52:44,4990.0,9400.0,2608000.0
265,2021-10-08 06:52:38,4990.0,3000.0,2598600.0
266,2021-10-08 06:51:58,4990.0,200.0,2595600.0
267,2021-10-08 06:51:57,4990.0,100.0,2595400.0
268,2021-10-08 06:51:46,4990.0,5000.0,2595300.0
269,2021-10-08 06:51:46,4990.0,400.0,2590300.0
270,2021-10-08 06:51:46,4990.0,100.0,2589900.0
271,2021-10-08 06:51:46,4990.0,200.0,2589800.0
272,2021-10-08 06:51:46,4990.0,100.0,2589600.0
273,2021-10-08 06:51:46,4990.0,100.0,2589500.0
274,2021-10-08 06:51:46,4990.0,1000.0,2589400.0
275,2021-10-08 06:51:46,4990.0,100.0,2588400.0
276,2021-10-08 06:51:46,4990.0,1000.0,2588300.0
277,2021-10-08 06:51:46,4990.0,100.0,2587300.0
278,2021-10-08 06:51:46,4990.0,200.0,2587200.0
279,2021-10-08 06:51:46,4990.0,1000.0,2587000.0
280,2021-10-08 06:51:46,4990.0,100.0,2586000.0
281,2021-10-08 06:51:46,4990.0,300.0,2585900.0
282,2021-10-08 06:51:46,4990.0,600.0,2585600.0
283,2021-10-08 06:51:42,5000.0,200.0,2585000.0
284,2021-10-08 06:51:38,4990.0,2000.0,2584800.0
285,2021-10-08 06:51:30,4990.0,7400.0,2582800.0
286,2021-10-08 06:51:30,4990.0,4000.0,2575400.0
287,2021-10-08 06:51:01,4990.0,5000.0,2571400.0
288,2021-10-08 06:50:38,4990.0,1000.0,2566400.0
289,2021-10-08 06:50:38,4990.0,5000.0,2565400.0
290,2021-10-08 06:50:38,4990.0,1000.0,2560400.0
291,2021-10-08 06:50:38,4990.0,1000.0,2559400.0
292,2021-10-08 06:50:38,4990.0,200.0,2558400.0
293,2021-10-08 06:50:38,4990.0,5600.0,2558200.0
294,2021-10-08 06:50:05,4990.0,500.0,2552600.0
295,2021-10-08 06:49:57,5000.0,200.0,2552100.0
296,2021-10-08 06:49:39,5000.0,2000.0,2551900.0
297,2021-10-08 06:49:30,4990.0,1300.0,2549900.0
298,2021-10-08 06:48:59,5000.0,6000.0,2548600.0
299,2021-10-08 06:48:29,4990.0,100.0,2542600.0
300,2021-10-08 06:48:09,5000.0,100.0,2542500.0
301,2021-10-08 06:48:01,4990.0,500.0,2542400.0
302,2021-10-08 06:48:01,4990.0,300.0,2541900.0
303,2021-10-08 06:48:01,4990.0,1000.0,2541600.0
304,2021-10-08 06:48:01,4990.0,3000.0,2540600.0
305,2021-10-08 06:48:01,4990.0,100.0,2537600.0
306,2021-10-08 06:48:01,4990.0,100.0,2537500.0
307,2021-10-08 06:47:59,5000.0,100.0,2537400.0
308,2021-10-08 06:47:53,5000.0,200.0,2537300.0
309,2021-10-08 06:47:41,5000.0,200.0,2537100.0
310,2021-10-08 06:47:41,5000.0,3900.0,2536900.0
311,2021-10-08 06:47:16,5000.0,800.0,2533000.0
312,2021-10-08 06:47:11,5000.0,4300.0,2532200.0
313,2021-10-08 06:47:11,5000.0,100.0,2527900.0
314,2021-10-08 06:47:11,5000.0,600.0,2527800.0
315,2021-10-08 06:46:58,5000.0,100.0,2527200.0
316,2021-10-08 06:46:57,5000.0,1200.0,2527100.0
317,2021-10-08 06:46:51,5000.0,1100.0,2525900.0
318,2021-10-08 06:46:51,5000.0,3000.0,2524800.0
319,2021-10-08 06:46:51,5000.0,100.0,2521800.0
320,2021-10-08 06:46:51,5000.0,100.0,2521700.0
321,2021-10-08 06:46:51,5000.0,10000.0,2521600.0
322,2021-10-08 06:46:51,5000.0,300.0,2511600.0
323,2021-10-08 06:46:51,5000.0,100.0,2511300.0
324,2021-10-08 06:46:51,5000.0,1000.0,2511200.0
325,2021-10-08 06:46:51,5000.0,100.0,2510200.0
326,2021-10-08 06:46:51,5000.0,1000.0,2510100.0
327,2021-10-08 06:46:51,5000.0,500.0,2509100.0
328,2021-10-08 06:46:51,5000.0,2500.0,2508600.0
329,2021-10-08 06:46:51,5000.0,200.0,2506100.0
330,2021-10-08 06:46:48,5000.0,200.0,2505900.0
331,2021-10-08 06:46:34,5000.0,1600.0,2505700.0
332,2021-10-08 06:46:34,5000.0,200.0,2504100.0
333,2021-10-08 06:46:34,5000.0,100.0,2503900.0
334,2021-10-08 06:46:34,5000.0,1000.0,2503800.0
335,2021-10-08 06:46:34,5000.0,100.0,2502800.0
336,2021-10-08 06:46:34,5000.0,100.0,2502700.0
337,2021-10-08 06:46:34,5000.0,100.0,2502600.0
338,2021-10-08 06:46:34,5000.0,1000.0,2502500.0
339,2021-10-08 06:46:34,5000.0,400.0,2501500.0
340,2021-10-08 06:46:34,5000.0,200.0,2501100.0
341,2021-10-08 06:46:34,5000.0,100.0,2500900.0
342,2021-10-08 06:46:34,5000.0,100.0,2500800.0
343,2021-10-08 06:46:30,5000.0,200.0,2500700.0
344,2021-10-08 06:46:30,5000.0,100.0,2500500.0
345,2021-10-08 06:46:30,5000.0,100.0,2500400.0
346,2021-10-08 06:46:30,5000.0,100.0,2500300.0
347,2021-10-08 06:46:30,5000.0,100.0,2500200.0
348,2021-10-08 06:46:30,5000.0,200.0,2500100.0
349,2021-10-08 06:46:30,5000.0,1100.0,2499900.0
350,2021-10-08 06:46:30,5000.0,100.0,2498800.0
351,2021-10-08 06:46:30,5000.0,1000.0,2498700.0
352,2021-10-08 06:46:30,5000.0,200.0,2497700.0
353,2021-10-08 06:46:30,5000.0,100.0,2497500.0
354,2021-10-08 06:46:30,5000.0,500.0,2497400.0
355,2021-10-08 06:46:30,5000.0,1000.0,2496900.0
356,2021-10-08 06:46:30,5000.0,400.0,2495900.0
357,2021-10-08 06:46:30,5000.0,200.0,2495500.0
358,2021-10-08 06:46:30,5000.0,100.0,2495300.0
359,2021-10-08 06:46:30,5000.0,2000.0,2495200.0
360,2021-10-08 06:46:30,5000.0,1000.0,2493200.0
361,2021-10-08 06:46:30,5000.0,100.0,2492200.0
362,2021-10-08 06:46:30,5000.0,400.0,2492100.0
363,2021-10-08 06:46:30,5000.0,200.0,2491700.0
364,2021-10-08 06:46:30,5000.0,100.0,2491500.0
365,2021-10-08 06:46:30,5000.0,500.0,2491400.0
366,2021-10-08 06:46:30,5000.0,200.0,2490900.0
367,2021-10-08 06:46:30,5000.0,500.0,2490700.0
368,2021-10-08 06:46:21,5000.0,5000.0,2490200.0
369,2021-10-08 06:46:10,5000.0,2300.0,2485200.0
370,2021-10-08 06:46:10,5000.0,100.0,2482900.0
371,2021-10-08 06:46:10,5000.0,100.0,2482800.0
372,2021-10-08 06:46:10,5000.0,200.0,2482700.0
373,2021-10-08 06:46:10,5000.0,700.0,2482500.0
374,2021-10-08 06:46:10,5000.0,500.0,2481800.0
375,2021-10-08 06:46:07,5000.0,3200.0,2481300.0
376,2021-10-08 06:46:07,5000.0,400.0,2478100.0
377,2021-10-08 06:46:07,5000.0,1000.0,2477700.0
378,2021-10-08 06:46:07,5000.0,5000.0,2476700.0
379,2021-10-08 06:46:07,5000.0,1000.0,2471700.0
380,2021-10-08 06:46:07,5000.0,300.0,2470700.0
381,2021-10-08 06:46:07,5000.0,1000.0,2470400.0
382,2021-10-08 06:46:07,5000.0,1600.0,2469400.0
383,2021-10-08 06:46:07,5000.0,500.0,2467800.0
384,2021-10-08 06:46:07,5000.0,2000.0,2467300.0
385,2021-10-08 06:46:07,5000.0,1000.0,2465300.0
386,2021-10-08 06:46:07,5000.0,100.0,2464300.0
387,2021-10-08 06:46:07,5000.0,100.0,2464200.0
388,2021-10-08 06:46:07,5000.0,100.0,2464100.0
389,2021-10-08 06:46:07,5000.0,200.0,2464000.0
390,2021-10-08 06:46:07,5000.0,300.0,2463800.0
391,2021-10-08 06:46:07,5000.0,1000.0,2463500.0
392,2021-10-08 06:46:07,5000.0,800.0,2462500.0
393,2021-10-08 06:46:07,5000.0,100.0,2461700.0
394,2021-10-08 06:46:07,5000.0,12300.0,2461600.0
395,2021-10-08 06:45:32,5010.0,5700.0,2449300.0
396,2021-10-08 06:45:02,5010.0,300.0,2443600.0
397,2021-10-08 06:44:22,5010.0,200.0,2443300.0
398,2021-10-08 06:44:04,5010.0,200.0,2443100.0
399,2021-10-08 06:44:04,5010.0,1000.0,2442900.0
400,2021-10-08 06:44:04,5010.0,1000.0,2441900.0
401,2021-10-08 06:43:46,5020.0,3000.0,2440900.0
402,2021-10-08 06:43:45,5010.0,200.0,2437900.0
403,2021-10-08 06:43:45,5010.0,1800.0,2437700.0
404,2021-10-08 06:43:45,5010.0,4200.0,2435900.0
405,2021-10-08 06:43:45,5010.0,2000.0,2431700.0
406,2021-10-08 06:43:45,5010.0,11800.0,2429700.0
407,2021-10-08 06:43:11,5020.0,2000.0,2417900.0
408,2021-10-08 06:42:02,5020.0,200.0,2415900.0
409,2021-10-08 06:41:30,5020.0,200.0,2415700.0
410,2021-10-08 06:41:08,5020.0,1000.0,2415500.0
411,2021-10-08 06:40:50,5010.0,200.0,2414500.0
412,2021-10-08 06:40:50,5010.0,8000.0,2414300.0
413,2021-10-08 06:40:27,5000.0,500.0,2406300.0
414,2021-10-08 06:40:16,5020.0,400.0,2405800.0
415,2021-10-08 06:40:16,5020.0,800.0,2405400.0
416,2021-10-08 06:40:13,5020.0,2200.0,2404600.0
417,2021-10-08 06:40:13,5010.0,1100.0,2402400.0
418,2021-10-08 06:40:13,5010.0,1700.0,2401300.0
419,2021-10-08 06:40:06,5010.0,1500.0,2399600.0
420,2021-10-08 06:40:06,5010.0,100.0,2398100.0
421,2021-10-08 06:40:06,5010.0,5000.0,2398000.0
422,2021-10-08 06:40:06,5010.0,500.0,2393000.0
423,2021-10-08 06:40:06,5010.0,500.0,2392500.0
424,2021-10-08 06:40:06,5010.0,500.0,2392000.0
425,2021-10-08 06:40:06,5010.0,300.0,2391500.0
426,2021-10-08 06:40:06,5010.0,2000.0,2391200.0
427,2021-10-08 06:40:06,5010.0,7500.0,2389200.0
428,2021-10-08 06:40:06,5010.0,200.0,2381700.0
429,2021-10-08 06:40:06,5010.0,2000.0,2381500.0
430,2021-10-08 06:40:06,5010.0,3200.0,2379500.0
431,2021-10-08 06:39:52,5020.0,1000.0,2376300.0
432,2021-10-08 06:39:44,5020.0,3400.0,2375300.0
433,2021-10-08 06:39:44,5020.0,2600.0,2371900.0
434,2021-10-08 06:39:20,5020.0,800.0,2369300.0
435,2021-10-08 06:39:00,5020.0,100.0,2368500.0
436,2021-10-08 06:39:00,5020.0,200.0,2368400.0
437,2021-10-08 06:39:00,5020.0,500.0,2368200.0
438,2021-10-08 06:39:00,5020.0,500.0,2367700.0
439,2021-10-08 06:39:00,5020.0,300.0,2367200.0
440,2021-10-08 06:39:00,5020.0,100.0,2366900.0
441,2021-10-08 06:39:00,5020.0,3800.0,2366800.0
442,2021-10-08 06:39:00,5020.0,100.0,2363000.0
443,2021-10-08 06:39:00,5020.0,21000.0,2362900.0
444,2021-10-08 06:38:47,5030.0,1000.0,2341900.0
445,2021-10-08 06:38:38,5020.0,600.0,2340900.0
446,2021-10-08 06:38:31,5030.0,1300.0,2340300.0
447,2021-10-08 06:38:30,5030.0,600.0,2339000.0
448,2021-10-08 06:38:30,5030.0,3400.0,2338400.0
449,2021-10-08 06:36:40,5020.0,8400.0,2335000.0
450,2021-10-08 06:36:40,5020.0,200.0,2326600.0
451,2021-10-08 06:36:40,5020.0,500.0,2326400.0
452,2021-10-08 06:36:40,5020.0,100.0,2325900.0
453,2021-10-08 06:36:40,5020.0,800.0,2325800.0
454,2021-10-08 06:36:09,5030.0,5000.0,2325000.0
455,2021-10-08 06:36:09,5030.0,900.0,2320000.0
456,2021-10-08 06:36:09,5030.0,100.0,2319100.0
457,2021-10-08 06:36:09,5030.0,5000.0,2319000.0
458,2021-10-08 06:36:09,5030.0,600.0,2314000.0
459,2021-10-08 06:36:02,5030.0,1400.0,2313400.0
460,2021-10-08 06:36:02,5030.0,100.0,2312000.0
461,2021-10-08 06:35:37,5030.0,100.0,2311900.0
462,2021-10-08 06:34:58,5030.0,2400.0,2311800.0
463,2021-10-08 06:34:58,5030.0,400.0,2309400.0
464,2021-10-08 06:34:58,5030.0,200.0,2309000.0
465,2021-10-08 06:34:58,5030.0,3000.0,2308800.0
466,2021-10-08 06:34:58,5030.0,500.0,2305800.0
467,2021-10-08 06:34:58,5030.0,400.0,2305300.0
468,2021-10-08 06:34:58,5030.0,100.0,2304900.0
469,2021-10-08 06:33:22,5040.0,200.0,2304800.0
470,2021-10-08 06:33:15,5040.0,2100.0,2304600.0
471,2021-10-08 06:32:14,5040.0,200.0,2302500.0
472,2021-10-08 06:31:52,5030.0,100.0,2302300.0
473,2021-10-08 06:31:52,5030.0,2000.0,2302200.0
474,2021-10-08 06:31:52,5030.0,2000.0,2300200.0
475,2021-10-08 06:31:52,5030.0,100.0,2298200.0
476,2021-10-08 06:31:52,5030.0,400.0,2298100.0
477,2021-10-08 06:31:52,5030.0,400.0,2297700.0
478,2021-10-08 06:31:24,5040.0,100.0,2297300.0
479,2021-10-08 06:30:25,5040.0,2900.0,2297200.0
480,2021-10-08 06:30:13,5030.0,300.0,2294300.0
481,2021-10-08 06:30:12,5030.0,1000.0,2294000.0
482,2021-10-08 06:28:59,5030.0,400.0,2293000.0
483,2021-10-08 06:28:51,5030.0,500.0,2292600.0
484,2021-10-08 06:28:47,5040.0,100.0,2292100.0
485,2021-10-08 06:28:31,5030.0,300.0,2292000.0
486,2021-10-08 06:27:37,5030.0,100.0,2291700.0
487,2021-10-08 06:27:00,5030.0,100.0,2291600.0
488,2021-10-08 06:26:56,5030.0,200.0,2291500.0
489,2021-10-08 06:26:03,5030.0,2000.0,2291300.0
490,2021-10-08 06:25:52,5030.0,6900.0,2289300.0
491,2021-10-08 06:25:36,5040.0,600.0,2282400.0
492,2021-10-08 06:23:51,5040.0,200.0,2281800.0
493,2021-10-08 06:23:49,5040.0,200.0,2281600.0
494,2021-10-08 06:22:06,5040.0,7100.0,2281400.0
495,2021-10-08 06:22:06,5040.0,600.0,2274300.0
496,2021-10-08 06:21:32,5020.0,2000.0,2273700.0
497,2021-10-08 06:21:26,5030.0,500.0,2271700.0
498,2021-10-08 06:21:26,5030.0,100.0,2271200.0
499,2021-10-08 06:20:24,5040.0,100.0,2271100.0
500,2021-10-08 06:20:24,5040.0,2300.0,2271000.0
501,2021-10-08 06:20:16,5040.0,2600.0,2268700.0
502,2021-10-08 06:20:09,5040.0,900.0,2266100.0
503,2021-10-08 06:20:09,5040.0,1600.0,2265200.0
504,2021-10-08 06:20:09,5040.0,2600.0,2263600.0
505,2021-10-08 06:19:48,5030.0,400.0,2261000.0
506,2021-10-08 06:19:00,5040.0,1400.0,2260600.0
507,2021-10-08 06:19:00,5040.0,700.0,2259200.0
508,2021-10-08 06:19:00,5040.0,400.0,2258500.0
509,2021-10-08 06:19:00,5040.0,2700.0,2258100.0
510,2021-10-08 06:19:00,5030.0,500.0,2255400.0
511,2021-10-08 06:18:44,5030.0,3000.0,2254900.0
512,2021-10-08 06:18:44,5030.0,3400.0,2251900.0
513,2021-10-08 06:18:44,5030.0,100.0,2248500.0
514,2021-10-08 06:18:44,5030.0,500.0,2248400.0
515,2021-10-08 06:18:43,5020.0,200.0,2247900.0
516,2021-10-08 06:18:43,5020.0,500.0,2247700.0
517,2021-10-08 06:18:43,5020.0,300.0,2247200.0
518,2021-10-08 06:18:27,5030.0,200.0,2246900.0
519,2021-10-08 06:18:01,5030.0,200.0,2246700.0
520,2021-10-08 06:16:51,5020.0,200.0,2246500.0
521,2021-10-08 06:16:35,5020.0,2000.0,2246300.0
522,2021-10-08 06:16:31,5020.0,3300.0,2244300.0
523,2021-10-08 06:16:15,5020.0,1800.0,2241000.0
524,2021-10-08 06:16:12,5020.0,1000.0,2239200.0
525,2021-10-08 06:15:58,5020.0,500.0,2238200.0
526,2021-10-08 06:15:53,5020.0,1000.0,2237700.0
527,2021-10-08 06:15:53,5020.0,800.0,2236700.0
528,2021-10-08 06:15:35,5020.0,500.0,2235900.0
529,2021-10-08 06:14:52,5020.0,200.0,2235400.0
530,2021-10-08 06:14:50,5020.0,500.0,2235200.0
531,2021-10-08 06:14:50,5020.0,8000.0,2234700.0
532,2021-10-08 06:14:12,5030.0,1000.0,2226700.0
533,2021-10-08 06:14:12,5030.0,700.0,2225700.0
534,2021-10-08 06:13:42,5030.0,200.0,2225000.0
535,2021-10-08 06:12:55,5030.0,100.0,2224800.0
536,2021-10-08 06:12:55,5030.0,1000.0,2224700.0
537,2021-10-08 06:11:45,5040.0,1000.0,2223700.0
538,2021-10-08 06:11:41,5040.0,100.0,2222700.0
539,2021-10-08 06:11:41,5040.0,200.0,2222600.0
540,2021-10-08 06:11:41,5040.0,6000.0,2222400.0
541,2021-10-08 06:11:35,5040.0,1000.0,2216400.0
542,2021-10-08 06:11:19,5040.0,300.0,2215400.0
543,2021-10-08 06:10:49,5040.0,400.0,2215100.0
544,2021-10-08 06:09:30,5040.0,3000.0,2214700.0
545,2021-10-08 06:08:53,5040.0,1000.0,2211700.0
546,2021-10-08 06:08:48,5040.0,800.0,2210700.0
547,2021-10-08 06:08:16,5040.0,3200.0,2209900.0
548,2021-10-08 06:08:10,5040.0,100.0,2206700.0
549,2021-10-08 06:08:10,5040.0,4500.0,2206600.0
550,2021-10-08 06:07:59,5040.0,500.0,2202100.0
551,2021-10-08 06:06:52,5040.0,1700.0,2201600.0
552,2021-10-08 06:05:10,5040.0,3300.0,2199900.0
553,2021-10-08 06:04:35,5040.0,200.0,2196600.0
554,2021-10-08 06:04:24,5040.0,10000.0,2196400.0
555,2021-10-08 06:04:09,5040.0,22100.0,2186400.0
556,2021-10-08 06:04:09,5040.0,100.0,2164300.0
557,2021-10-08 06:04:09,5040.0,800.0,2164200.0
558,2021-10-08 06:04:09,5040.0,500.0,2163400.0
559,2021-10-08 06:04:09,5040.0,1000.0,2162900.0
560,2021-10-08 06:03:24,5030.0,100.0,2161900.0
561,2021-10-08 06:03:24,5030.0,500.0,2161800.0
562,2021-10-08 06:01:53,5020.0,200.0,2161300.0
563,2021-10-08 06:00:18,5010.0,100.0,2161100.0
564,2021-10-08 06:00:02,5030.0,400.0,2161000.0
565,2021-10-08 06:00:02,5030.0,200.0,2160600.0
566,2021-10-08 06:00:02,5030.0,2900.0,2160400.0
567,2021-10-08 06:00:02,5020.0,100.0,2157500.0
568,2021-10-08 06:00:01,5010.0,100.0,2157400.0
569,2021-10-08 04:29:44,5000.0,200.0,2157300.0
570,2021-10-08 04:29:44,5000.0,100.0,2157100.0
571,2021-10-08 04:29:44,5000.0,700.0,2157000.0
572,2021-10-08 04:29:05,5000.0,3600.0,2156300.0
573,2021-10-08 04:29:05,5010.0,10000.0,2152700.0
574,2021-10-08 04:29:05,5010.0,100.0,2142700.0
575,2021-10-08 04:29:05,5010.0,400.0,2142600.0
576,2021-10-08 04:29:05,5010.0,300.0,2142200.0
577,2021-10-08 04:29:05,5010.0,100.0,2141900.0
578,2021-10-08 04:29:05,5010.0,20000.0,2141800.0
579,2021-10-08 04:29:05,5010.0,1000.0,2121800.0
580,2021-10-08 04:29:05,5010.0,400.0,2120800.0
581,2021-10-08 04:29:05,5010.0,200.0,2120400.0
582,2021-10-08 04:29:05,5010.0,500.0,2120200.0
583,2021-10-08 04:29:05,5010.0,200.0,2119700.0
584,2021-10-08 04:29:05,5020.0,500.0,2119500.0
585,2021-10-08 04:29:05,5020.0,400.0,2119000.0
586,2021-10-08 04:29:05,5020.0,1300.0,2118600.0
587,2021-10-08 04:29:05,5020.0,23100.0,2117300.0
588,2021-10-08 04:27:37,5030.0,500.0,2094200.0
589,2021-10-08 04:27:20,5030.0,100.0,2093700.0
590,2021-10-08 04:27:20,5030.0,3200.0,2093600.0
591,2021-10-08 04:27:20,5030.0,800.0,2090400.0
592,2021-10-08 04:27:20,5030.0,300.0,2089600.0
593,2021-10-08 04:27:13,5040.0,100.0,2089300.0
594,2021-10-08 04:27:09,5040.0,2800.0,2089200.0
595,2021-10-08 04:26:44,5040.0,200.0,2086400.0
596,2021-10-08 04:26:44,5040.0,300.0,2086200.0
597,2021-10-08 04:26:44,5040.0,400.0,2085900.0
598,2021-10-08 04:26:44,5040.0,5000.0,2085500.0
599,2021-10-08 04:26:44,5040.0,700.0,2080500.0
600,2021-10-08 04:26:44,5040.0,400.0,2079800.0
601,2021-10-08 04:26:44,5040.0,100.0,2079400.0
602,2021-10-08 04:26:44,5040.0,1300.0,2079300.0
603,2021-10-08 04:26:44,5040.0,17400.0,2078000.0
604,2021-10-08 04:26:06,5040.0,4700.0,2060600.0
605,2021-10-08 04:26:02,5040.0,2000.0,2055900.0
606,2021-10-08 04:26:00,5040.0,4000.0,2053900.0
607,2021-10-08 04:25:57,5040.0,6000.0,2049900.0
608,2021-10-08 04:25:53,5040.0,4200.0,2043900.0
609,2021-10-08 04:25:50,5040.0,4000.0,2039700.0
610,2021-10-08 04:25:41,5050.0,300.0,2035700.0
611,2021-10-08 04:25:18,5050.0,3000.0,2035400.0
612,2021-10-08 04:25:15,5040.0,1300.0,2032400.0
613,2021-10-08 04:25:10,5040.0,15000.0,2031100.0
614,2021-10-08 04:24:25,5040.0,10000.0,2016100.0
615,2021-10-08 04:24:19,5040.0,14500.0,2006100.0
616,2021-10-08 04:23:40,5040.0,2100.0,1991600.0
617,2021-10-08 04:23:08,5040.0,10000.0,1989500.0
618,2021-10-08 04:22:50,5050.0,500.0,1979500.0
619,2021-10-08 04:20:02,5050.0,1000.0,1979000.0
620,2021-10-08 04:19:42,5040.0,3200.0,1978000.0
621,2021-10-08 04:19:09,5050.0,500.0,1974800.0
622,2021-10-08 04:19:09,5050.0,200.0,1974300.0
623,2021-10-08 04:19:09,5050.0,200.0,1974100.0
624,2021-10-08 04:19:09,5050.0,11800.0,1973900.0
625,2021-10-08 04:19:09,5050.0,100.0,1962100.0
626,2021-10-08 04:19:09,5050.0,18700.0,1962000.0
627,2021-10-08 04:18:54,5050.0,30000.0,1943300.0
628,2021-10-08 04:18:48,5050.0,2000.0,1913300.0
629,2021-10-08 04:18:45,5050.0,2500.0,1911300.0
630,2021-10-08 04:18:05,5050.0,1600.0,1908800.0
631,2021-10-08 04:17:35,5050.0,6000.0,1907200.0
632,2021-10-08 04:16:59,5050.0,3000.0,1901200.0
633,2021-10-08 04:16:28,5050.0,100.0,1898200.0
634,2021-10-08 04:15:36,5050.0,5000.0,1898100.0
635,2021-10-08 04:15:19,5060.0,200.0,1893100.0
636,2021-10-08 04:15:06,5060.0,100.0,1892900.0
637,2021-10-08 04:14:34,5050.0,3000.0,1892800.0
638,2021-10-08 04:14:33,5060.0,200.0,1889800.0
639,2021-10-08 04:14:19,5050.0,100.0,1889600.0
640,2021-10-08 04:14:15,5050.0,2000.0,1889500.0
641,2021-10-08 04:14:09,5050.0,6000.0,1887500.0
642,2021-10-08 04:14:06,5060.0,1000.0,1881500.0
643,2021-10-08 04:13:51,5050.0,10000.0,1880500.0
644,2021-10-08 04:13:37,5060.0,100.0,1870500.0
645,2021-10-08 04:12:56,5060.0,400.0,1870400.0
646,2021-10-08 04:12:56,5060.0,400.0,1870000.0
647,2021-10-08 04:12:56,5060.0,800.0,1869600.0
648,2021-10-08 04:12:56,5060.0,2000.0,1868800.0
649,2021-10-08 04:12:56,5060.0,400.0,1866800.0
650,2021-10-08 04:12:52,5050.0,2000.0,1866400.0
651,2021-10-08 04:12:45,5060.0,100.0,1864400.0
652,2021-10-08 04:11:09,5050.0,2000.0,1864300.0
653,2021-10-08 04:10:24,5050.0,1000.0,1862300.0
654,2021-10-08 04:10:24,5050.0,1000.0,1861300.0
655,2021-10-08 04:10:24,5050.0,400.0,1860300.0
656,2021-10-08 04:10:24,5050.0,4600.0,1859900.0
657,2021-10-08 04:10:10,5050.0,400.0,1855300.0
658,2021-10-08 04:10:10,5050.0,1000.0,1854900.0
659,2021-10-08 04:10:10,5050.0,600.0,1853900.0
660,2021-10-08 04:10:10,5050.0,300.0,1853300.0
661,2021-10-08 04:09:44,5050.0,500.0,1853000.0
662,2021-10-08 04:08:20,5050.0,2000.0,1852500.0
663,2021-10-08 04:07:09,5060.0,2500.0,1850500.0
664,2021-10-08 04:06:21,5050.0,500.0,1848000.0
665,2021-10-08 04:05:41,5060.0,100.0,1847500.0
666,2021-10-08 04:05:13,5060.0,900.0,1847400.0
667,2021-10-08 04:05:13,5060.0,2300.0,1846500.0
668,2021-10-08 04:04:40,5050.0,300.0,1844200.0
669,2021-10-08 04:04:01,5050.0,5000.0,1843900.0
670,2021-10-08 04:03:47,5050.0,1200.0,1838900.0
671,2021-10-08 04:03:06,5050.0,200.0,1837700.0
672,2021-10-08 04:01:55,5050.0,1000.0,1837500.0
673,2021-10-08 04:01:50,5050.0,1800.0,1836500.0
674,2021-10-08 04:01:39,5050.0,1000.0,1834700.0
675,2021-10-08 04:01:13,5050.0,500.0,1833700.0
676,2021-10-08 04:00:08,5050.0,500.0,1833200.0
677,2021-10-08 03:59:13,5050.0,500.0,1832700.0
678,2021-10-08 03:59:12,5050.0,7000.0,1832200.0
679,2021-10-08 03:59:06,5060.0,100.0,1825200.0
680,2021-10-08 03:58:25,5050.0,1000.0,1825100.0
681,2021-10-08 03:58:02,5060.0,100.0,1824100.0
682,2021-10-08 03:57:14,5060.0,100.0,1824000.0
683,2021-10-08 03:56:34,5050.0,100.0,1823900.0
684,2021-10-08 03:56:31,5060.0,100.0,1823800.0
685,2021-10-08 03:56:20,5050.0,15000.0,1823700.0
686,2021-10-08 03:55:35,5060.0,500.0,1808700.0
687,2021-10-08 03:55:27,5060.0,1700.0,1808200.0
688,2021-10-08 03:55:26,5060.0,300.0,1806500.0
689,2021-10-08 03:54:41,5060.0,300.0,1806200.0
690,2021-10-08 03:54:24,5060.0,4000.0,1805900.0
691,2021-10-08 03:53:39,5050.0,700.0,1801900.0
692,2021-10-08 03:53:29,5050.0,600.0,1801200.0
693,2021-10-08 03:53:29,5050.0,3700.0,1800600.0
694,2021-10-08 03:53:29,5050.0,2000.0,1796900.0
695,2021-10-08 03:53:29,5050.0,200.0,1794900.0
696,2021-10-08 03:53:29,5050.0,1000.0,1794700.0
697,2021-10-08 03:53:29,5050.0,400.0,1793700.0
698,2021-10-08 03:53:29,5050.0,2000.0,1793300.0
699,2021-10-08 03:53:29,5050.0,100.0,1791300.0
700,2021-10-08 03:53:29,5050.0,300.0,1791200.0
701,2021-10-08 03:52:43,5050.0,600.0,1790900.0
702,2021-10-08 03:52:37,5040.0,100.0,1790300.0
703,2021-10-08 03:52:04,5040.0,1500.0,1790200.0
704,2021-10-08 03:50:35,5030.0,300.0,1788700.0
705,2021-10-08 03:48:29,5040.0,100.0,1788400.0
706,2021-10-08 03:48:29,5040.0,900.0,1788300.0
707,2021-10-08 03:47:42,5040.0,1100.0,1787400.0
708,2021-10-08 03:47:23,5040.0,100.0,1786300.0
709,2021-10-08 03:47:23,5040.0,500.0,1786200.0
710,2021-10-08 03:47:23,5040.0,300.0,1785700.0
711,2021-10-08 03:46:34,5040.0,2400.0,1785400.0
712,2021-10-08 03:46:34,5040.0,300.0,1783000.0
713,2021-10-08 03:45:13,5030.0,100.0,1782700.0
714,2021-10-08 03:44:34,5030.0,4300.0,1782600.0
715,2021-10-08 03:44:34,5030.0,100.0,1778300.0
716,2021-10-08 03:44:34,5030.0,2000.0,1778200.0
717,2021-10-08 03:44:34,5030.0,3600.0,1776200.0
718,2021-10-08 03:44:33,5030.0,200.0,1772600.0
719,2021-10-08 03:44:08,5030.0,200.0,1772400.0
720,2021-10-08 03:44:08,5030.0,800.0,1772200.0
721,2021-10-08 03:44:07,5050.0,100.0,1771400.0
722,2021-10-08 03:43:00,5030.0,100.0,1771300.0
723,2021-10-08 03:42:32,5030.0,1000.0,1771200.0
724,2021-10-08 03:41:28,5030.0,8100.0,1770200.0
725,2021-10-08 03:41:28,5030.0,600.0,1762100.0
726,2021-10-08 03:41:28,5040.0,500.0,1761500.0
727,2021-10-08 03:41:28,5040.0,800.0,1761000.0
728,2021-10-08 03:40:36,5040.0,100.0,1760200.0
729,2021-10-08 03:40:32,5040.0,500.0,1760100.0
730,2021-10-08 03:40:32,5040.0,100.0,1759600.0
731,2021-10-08 03:40:32,5040.0,500.0,1759500.0
732,2021-10-08 03:40:32,5040.0,3000.0,1759000.0
733,2021-10-08 03:39:45,5040.0,500.0,1756000.0
734,2021-10-08 03:38:24,5040.0,100.0,1755500.0
735,2021-10-08 03:38:22,5040.0,100.0,1755400.0
736,2021-10-08 03:37:47,5040.0,3000.0,1755300.0
737,2021-10-08 03:37:47,5040.0,2000.0,1752300.0
738,2021-10-08 03:37:38,5010.0,10300.0,1750300.0
739,2021-10-08 03:37:38,5010.0,5000.0,1740000.0
740,2021-10-08 03:37:38,5010.0,100.0,1735000.0
741,2021-10-08 03:37:38,5010.0,4400.0,1734900.0
742,2021-10-08 03:37:38,5010.0,5000.0,1730500.0
743,2021-10-08 03:37:38,5010.0,300.0,1725500.0
744,2021-10-08 03:37:38,5010.0,200.0,1725200.0
745,2021-10-08 03:37:38,5010.0,600.0,1725000.0
746,2021-10-08 03:37:38,5010.0,200.0,1724400.0
747,2021-10-08 03:37:38,5010.0,1000.0,1724200.0
748,2021-10-08 03:37:38,5010.0,1000.0,1723200.0
749,2021-10-08 03:37:38,5020.0,400.0,1722200.0
750,2021-10-08 03:37:38,5020.0,3000.0,1721800.0
751,2021-10-08 03:37:38,5020.0,4600.0,1718800.0
752,2021-10-08 03:37:38,5020.0,1000.0,1714200.0
753,2021-10-08 03:37:38,5020.0,400.0,1713200.0
754,2021-10-08 03:37:38,5020.0,200.0,1712800.0
755,2021-10-08 03:37:38,5020.0,2000.0,1712600.0
756,2021-10-08 03:37:38,5020.0,300.0,1710600.0
757,2021-10-08 03:37:38,5020.0,1000.0,1710300.0
758,2021-10-08 03:37:38,5020.0,2000.0,1709300.0
759,2021-10-08 03:37:38,5020.0,2000.0,1707300.0
760,2021-10-08 03:37:38,5020.0,300.0,1705300.0
761,2021-10-08 03:37:38,5020.0,800.0,1705000.0
762,2021-10-08 03:37:38,5030.0,200.0,1704200.0
763,2021-10-08 03:37:38,5030.0,300.0,1704000.0
764,2021-10-08 03:37:38,5030.0,1000.0,1703700.0
765,2021-10-08 03:37:38,5030.0,4000.0,1702700.0
766,2021-10-08 03:37:38,5030.0,100.0,1698700.0
767,2021-10-08 03:36:40,5050.0,1000.0,1698600.0
768,2021-10-08 03:36:40,5050.0,500.0,1697600.0
769,2021-10-08 03:36:38,5040.0,300.0,1697100.0
770,2021-10-08 03:36:38,5040.0,1500.0,1696800.0
771,2021-10-08 03:36:30,5040.0,1000.0,1695300.0
772,2021-10-08 03:36:22,5040.0,400.0,1694300.0
773,2021-10-08 03:35:58,5040.0,500.0,1693900.0
774,2021-10-08 03:35:58,5040.0,500.0,1693400.0
775,2021-10-08 03:35:58,5040.0,2000.0,1692900.0
776,2021-10-08 03:35:44,5050.0,400.0,1690900.0
777,2021-10-08 03:34:51,5050.0,1000.0,1690500.0
778,2021-10-08 03:33:15,5050.0,100.0,1689500.0
779,2021-10-08 03:33:15,5050.0,100.0,1689400.0
780,2021-10-08 03:32:45,5050.0,900.0,1689300.0
781,2021-10-08 03:32:35,5050.0,2000.0,1688400.0
782,2021-10-08 03:31:43,5060.0,100.0,1686400.0
783,2021-10-08 03:31:04,5050.0,600.0,1686300.0
784,2021-10-08 03:31:04,5050.0,300.0,1685700.0
785,2021-10-08 03:31:04,5050.0,1000.0,1685400.0
786,2021-10-08 03:31:04,5050.0,500.0,1684400.0
787,2021-10-08 03:31:04,5050.0,100.0,1683900.0
788,2021-10-08 03:31:04,5050.0,300.0,1683800.0
789,2021-10-08 03:31:04,5050.0,4000.0,1683500.0
790,2021-10-08 03:31:04,5050.0,1000.0,1679500.0
791,2021-10-08 03:31:04,5050.0,5000.0,1678500.0
792,2021-10-08 03:31:04,5050.0,400.0,1673500.0
793,2021-10-08 03:31:04,5050.0,1000.0,1673100.0
794,2021-10-08 03:31:04,5050.0,800.0,1672100.0
795,2021-10-08 03:31:02,5060.0,400.0,1671300.0
796,2021-10-08 03:31:02,5060.0,100.0,1670900.0
797,2021-10-08 03:30:16,5060.0,400.0,1670800.0
798,2021-10-08 03:30:16,5060.0,100.0,1670400.0
799,2021-10-08 03:29:49,5050.0,200.0,1670300.0
800,2021-10-08 03:29:49,5050.0,300.0,1670100.0
801,2021-10-08 03:29:04,5050.0,100.0,1669800.0
802,2021-10-08 03:28:33,5050.0,400.0,1669700.0
803,2021-10-08 03:28:33,5050.0,100.0,1669300.0
804,2021-10-08 03:28:33,5050.0,500.0,1669200.0
805,2021-10-08 03:28:18,5060.0,200.0,1668700.0
806,2021-10-08 03:28:10,5060.0,100.0,1668500.0
807,2021-10-08 03:27:58,5060.0,100.0,1668400.0
808,2021-10-08 03:27:40,5060.0,5000.0,1668300.0
809,2021-10-08 03:27:30,5060.0,400.0,1663300.0
810,2021-10-08 03:27:12,5060.0,600.0,1662900.0
811,2021-10-08 03:27:10,5060.0,1000.0,1662300.0
812,2021-10-08 03:26:42,5060.0,1000.0,1661300.0
813,2021-10-08 03:26:42,5060.0,42600.0,1660300.0
814,2021-10-08 03:26:42,5070.0,8900.0,1617700.0
815,2021-10-08 03:26:37,5070.0,1100.0,1608800.0
816,2021-10-08 03:26:37,5070.0,5100.0,1607700.0
817,2021-10-08 03:26:37,5070.0,500.0,1602600.0
818,2021-10-08 03:26:37,5070.0,3300.0,1602100.0
819,2021-10-08 03:26:15,5070.0,100.0,1598800.0
820,2021-10-08 03:25:50,5080.0,300.0,1598700.0
821,2021-10-08 03:25:50,5080.0,500.0,1598400.0
822,2021-10-08 03:25:50,5080.0,100.0,1597900.0
823,2021-10-08 03:25:50,5080.0,200.0,1597800.0
824,2021-10-08 03:24:53,5070.0,200.0,1597600.0
825,2021-10-08 03:24:53,5070.0,1400.0,1597400.0
826,2021-10-08 03:24:24,5070.0,3000.0,1596000.0
827,2021-10-08 03:24:10,5070.0,600.0,1593000.0
828,2021-10-08 03:24:10,5070.0,1400.0,1592400.0
829,2021-10-08 03:23:53,5070.0,300.0,1591000.0
830,2021-10-08 03:23:50,5060.0,2500.0,1590700.0
831,2021-10-08 03:23:19,5060.0,100.0,1588200.0
832,2021-10-08 03:21:29,5060.0,50000.0,1588100.0
833,2021-10-08 03:21:16,5070.0,200.0,1538100.0
834,2021-10-08 03:21:09,5070.0,200.0,1537900.0
835,2021-10-08 03:20:56,5070.0,100.0,1537700.0
836,2021-10-08 03:20:56,5070.0,800.0,1537600.0
837,2021-10-08 03:20:20,5060.0,9000.0,1536800.0
838,2021-10-08 03:19:37,5060.0,100.0,1527800.0
839,2021-10-08 03:18:55,5050.0,4500.0,1527700.0
840,2021-10-08 03:18:55,5050.0,1200.0,1523200.0
841,2021-10-08 03:18:46,5060.0,100.0,1522000.0
842,2021-10-08 03:18:41,5050.0,1800.0,1521900.0
843,2021-10-08 03:18:19,5050.0,100.0,1520100.0
844,2021-10-08 03:17:51,5020.0,200.0,1520000.0
845,2021-10-08 03:17:51,5020.0,700.0,1519800.0
846,2021-10-08 03:17:51,5020.0,1000.0,1519100.0
847,2021-10-08 03:17:51,5020.0,600.0,1518100.0
848,2021-10-08 03:17:51,5040.0,2600.0,1517500.0
849,2021-10-08 03:17:14,5040.0,400.0,1514900.0
850,2021-10-08 03:16:49,5020.0,400.0,1514500.0
851,2021-10-08 03:16:49,5020.0,1000.0,1514100.0
852,2021-10-08 03:16:49,5020.0,2000.0,1513100.0
853,2021-10-08 03:16:49,5020.0,1000.0,1511100.0
854,2021-10-08 03:16:49,5030.0,300.0,1510100.0
855,2021-10-08 03:16:49,5030.0,100.0,1509800.0
856,2021-10-08 03:16:49,5030.0,100.0,1509700.0
857,2021-10-08 03:16:49,5030.0,200.0,1509600.0
858,2021-10-08 03:16:47,5050.0,2000.0,1509400.0
859,2021-10-08 03:16:45,5030.0,800.0,1507400.0
860,2021-10-08 03:16:45,5030.0,1000.0,1506600.0
861,2021-10-08 03:16:45,5040.0,100.0,1505600.0
862,2021-10-08 03:16:45,5040.0,3200.0,1505500.0
863,2021-10-08 03:16:41,5040.0,5100.0,1502300.0
864,2021-10-08 03:16:32,5050.0,100.0,1497200.0
865,2021-10-08 03:16:32,5050.0,400.0,1497100.0
866,2021-10-08 03:16:32,5050.0,200.0,1496700.0
867,2021-10-08 03:16:32,5050.0,100.0,1496500.0
868,2021-10-08 03:16:32,5050.0,1200.0,1496400.0
869,2021-10-08 03:16:26,5050.0,100.0,1495200.0
870,2021-10-08 03:16:01,5040.0,400.0,1495100.0
871,2021-10-08 03:16:01,5040.0,1100.0,1494700.0
872,2021-10-08 03:15:56,5040.0,500.0,1493600.0
873,2021-10-08 03:15:56,5040.0,4500.0,1493100.0
874,2021-10-08 03:15:38,5040.0,600.0,1488600.0
875,2021-10-08 03:15:35,5040.0,2000.0,1488000.0
876,2021-10-08 03:15:06,5040.0,900.0,1486000.0
877,2021-10-08 03:14:51,5040.0,1000.0,1485100.0
878,2021-10-08 03:14:39,5050.0,1000.0,1484100.0
879,2021-10-08 03:14:31,5050.0,100.0,1483100.0
880,2021-10-08 03:14:28,5050.0,100.0,1483000.0
881,2021-10-08 03:14:21,5050.0,100.0,1482900.0
882,2021-10-08 03:14:20,5050.0,500.0,1482800.0
883,2021-10-08 03:14:20,5050.0,1200.0,1482300.0
884,2021-10-08 03:14:20,5050.0,2000.0,1481100.0
885,2021-10-08 03:14:20,5050.0,2300.0,1479100.0
886,2021-10-08 03:14:20,5050.0,1400.0,1476800.0
887,2021-10-08 03:14:14,5050.0,200.0,1475400.0
888,2021-10-08 03:14:14,5060.0,4900.0,1475200.0
889,2021-10-08 03:14:05,5060.0,5100.0,1470300.0
890,2021-10-08 03:13:50,5050.0,4400.0,1465200.0
891,2021-10-08 03:13:50,5050.0,300.0,1460800.0
892,2021-10-08 03:13:50,5050.0,500.0,1460500.0
893,2021-10-08 03:13:46,5050.0,300.0,1460000.0
894,2021-10-08 03:13:46,5050.0,1000.0,1459700.0
895,2021-10-08 03:13:46,5050.0,100.0,1458700.0
896,2021-10-08 03:13:46,5050.0,1000.0,1458600.0
897,2021-10-08 03:13:46,5050.0,200.0,1457600.0
898,2021-10-08 03:13:46,5060.0,200.0,1457400.0
899,2021-10-08 03:13:46,5060.0,300.0,1457200.0
900,2021-10-08 03:13:46,5060.0,500.0,1456900.0
901,2021-10-08 03:13:46,5070.0,100.0,1456400.0
902,2021-10-08 03:13:46,5070.0,100.0,1456300.0
903,2021-10-08 03:13:46,5070.0,900.0,1456200.0
904,2021-10-08 03:13:46,5070.0,100.0,1455300.0
905,2021-10-08 03:13:46,5070.0,200.0,1455200.0
906,2021-10-08 03:13:46,5070.0,100.0,1455000.0
907,2021-10-08 03:13:33,5080.0,100.0,1454900.0
908,2021-10-08 03:13:31,5080.0,700.0,1454800.0
909,2021-10-08 03:13:23,5070.0,400.0,1454100.0
910,2021-10-08 03:13:23,5070.0,2000.0,1453700.0
911,2021-10-08 03:13:23,5070.0,700.0,1451700.0
912,2021-10-08 03:13:23,5070.0,500.0,1451000.0
913,2021-10-08 03:13:23,5070.0,1500.0,1450500.0
914,2021-10-08 03:13:06,5080.0,100.0,1449000.0
915,2021-10-08 03:13:06,5080.0,100.0,1448900.0
916,2021-10-08 03:12:59,5070.0,2500.0,1448800.0
917,2021-10-08 03:12:59,5070.0,800.0,1446300.0
918,2021-10-08 03:12:59,5070.0,1900.0,1445500.0
919,2021-10-08 03:12:06,5070.0,100.0,1443600.0
920,2021-10-08 03:12:06,5070.0,100.0,1443500.0
921,2021-10-08 03:11:17,5070.0,100.0,1443400.0
922,2021-10-08 03:11:04,5080.0,100.0,1443300.0
923,2021-10-08 03:10:40,5070.0,1000.0,1443200.0
924,2021-10-08 03:10:17,5080.0,100.0,1442200.0
925,2021-10-08 03:10:17,5080.0,100.0,1442100.0
926,2021-10-08 03:10:17,5080.0,5000.0,1442000.0
927,2021-10-08 03:10:17,5080.0,400.0,1437000.0
928,2021-10-08 03:10:17,5080.0,500.0,1436600.0
929,2021-10-08 03:10:17,5080.0,100.0,1436100.0
930,2021-10-08 03:10:17,5080.0,2000.0,1436000.0
931,2021-10-08 03:10:17,5080.0,1000.0,1434000.0
932,2021-10-08 03:10:17,5080.0,600.0,1433000.0
933,2021-10-08 03:10:11,5080.0,3400.0,1432400.0
934,2021-10-08 03:10:11,5080.0,400.0,1429000.0
935,2021-10-08 03:10:11,5080.0,100.0,1428600.0
936,2021-10-08 03:10:11,5080.0,600.0,1428500.0
937,2021-10-08 03:09:32,5080.0,400.0,1427900.0
938,2021-10-08 03:09:32,5080.0,2600.0,1427500.0
939,2021-10-08 03:09:20,5080.0,900.0,1424900.0
940,2021-10-08 03:09:20,5080.0,1800.0,1424000.0
941,2021-10-08 03:09:15,5090.0,800.0,1422200.0
942,2021-10-08 03:09:13,5080.0,200.0,1421400.0
943,2021-10-08 03:09:04,5090.0,3900.0,1421200.0
944,2021-10-08 03:08:57,5090.0,200.0,1417300.0
945,2021-10-08 03:08:57,5090.0,1200.0,1417100.0
946,2021-10-08 03:08:44,5090.0,100.0,1415900.0
947,2021-10-08 03:08:44,5090.0,500.0,1415800.0
948,2021-10-08 03:08:44,5090.0,100.0,1415300.0
949,2021-10-08 03:08:42,5090.0,9900.0,1415200.0
950,2021-10-08 03:08:42,5090.0,100.0,1405300.0
951,2021-10-08 03:08:29,5090.0,100.0,1405200.0
952,2021-10-08 03:08:09,5090.0,2000.0,1405100.0
953,2021-10-08 03:07:54,5090.0,2000.0,1403100.0
954,2021-10-08 03:07:54,5090.0,200.0,1401100.0
955,2021-10-08 03:07:38,5090.0,1400.0,1400900.0
956,2021-10-08 03:07:38,5090.0,1000.0,1399500.0
957,2021-10-08 03:07:38,5090.0,200.0,1398500.0
958,2021-10-08 03:07:38,5090.0,300.0,1398300.0
959,2021-10-08 03:07:38,5090.0,100.0,1398000.0
960,2021-10-08 03:07:18,5090.0,300.0,1397900.0
961,2021-10-08 03:07:09,5090.0,100.0,1397600.0
962,2021-10-08 03:07:09,5090.0,200.0,1397500.0
963,2021-10-08 03:07:09,5090.0,100.0,1397300.0
964,2021-10-08 03:07:05,5090.0,1400.0,1397200.0
965,2021-10-08 03:07:02,5090.0,500.0,1395800.0
966,2021-10-08 03:07:02,5090.0,300.0,1395300.0
967,2021-10-08 03:07:02,5090.0,200.0,1395000.0
968,2021-10-08 03:06:57,5090.0,10000.0,1394800.0
969,2021-10-08 03:06:10,5090.0,20000.0,1384800.0
970,2021-10-08 03:06:08,5100.0,100.0,1364800.0
971,2021-10-08 03:05:33,5100.0,3800.0,1364700.0
972,2021-10-08 03:04:38,5100.0,100.0,1360900.0
973,2021-10-08 03:04:29,5100.0,2300.0,1360800.0
974,2021-10-08 03:04:29,5100.0,200.0,1358500.0
975,2021-10-08 03:04:24,5100.0,1000.0,1358300.0
976,2021-10-08 03:04:24,5100.0,500.0,1357300.0
977,2021-10-08 03:03:32,5100.0,500.0,1356800.0
978,2021-10-08 03:03:26,5100.0,300.0,1356300.0
979,2021-10-08 03:03:25,5100.0,9700.0,1356000.0
980,2021-10-08 03:03:18,5100.0,200.0,1346300.0
981,2021-10-08 03:03:18,5100.0,10000.0,1346100.0
982,2021-10-08 03:03:18,5100.0,100.0,1336100.0
983,2021-10-08 03:03:01,5100.0,100.0,1336000.0
984,2021-10-08 03:02:54,5100.0,2200.0,1335900.0
985,2021-10-08 03:02:54,5100.0,7700.0,1333700.0
986,2021-10-08 03:02:54,5100.0,10000.0,1326000.0
987,2021-10-08 03:02:54,5100.0,100.0,1316000.0
988,2021-10-08 03:02:02,5100.0,500.0,1315900.0
989,2021-10-08 03:02:00,5090.0,1100.0,1315400.0
990,2021-10-08 03:02:00,5090.0,1000.0,1314300.0
991,2021-10-08 03:02:00,5090.0,4900.0,1313300.0
992,2021-10-08 03:01:47,5100.0,100.0,1308400.0
993,2021-10-08 03:01:39,5100.0,1000.0,1308300.0
994,2021-10-08 03:01:18,5100.0,1300.0,1307300.0
995,2021-10-08 03:01:18,5100.0,3700.0,1306000.0
996,2021-10-08 03:00:48,5100.0,1300.0,1302300.0
997,2021-10-08 03:00:44,5100.0,4600.0,1301000.0
998,2021-10-08 03:00:43,5100.0,1000.0,1296400.0
999,2021-10-08 03:00:43,5100.0,1000.0,1295400.0
1000,2021-10-08 03:00:43,5100.0,100.0,1294400.0
1001,2021-10-08 03:00:43,5100.0,300.0,1294300.0
1002,2021-10-08 03:00:43,5100.0,100.0,1294000.0
1003,2021-10-08 03:00:43,5100.0,1600.0,1293900.0
1004,2021-10-08 03:00:14,5100.0,100.0,1292300.0
1005,2021-10-08 03:00:14,5100.0,600.0,1292200.0
1006,2021-10-08 02:59:10,5100.0,100.0,1291600.0
1007,2021-10-08 02:58:58,5100.0,100.0,1291500.0
1008,2021-10-08 02:58:58,5100.0,300.0,1291400.0
1009,2021-10-08 02:58:58,5100.0,100.0,1291100.0
1010,2021-10-08 02:58:58,5100.0,1800.0,1291000.0
1011,2021-10-08 02:58:48,5100.0,200.0,1289200.0
1012,2021-10-08 02:58:45,5100.0,100.0,1289000.0
1013,2021-10-08 02:58:45,5100.0,1200.0,1288900.0
1014,2021-10-08 02:58:40,5100.0,800.0,1287700.0
1015,2021-10-08 02:58:40,5100.0,1000.0,1286900.0
1016,2021-10-08 02:58:40,5100.0,1000.0,1285900.0
1017,2021-10-08 02:58:40,5100.0,200.0,1284900.0
1018,2021-10-08 02:58:33,5100.0,300.0,1284700.0
1019,2021-10-08 02:58:30,5100.0,200.0,1284400.0
1020,2021-10-08 02:58:30,5100.0,100.0,1284200.0
1021,2021-10-08 02:58:24,5110.0,1000.0,1284100.0
1022,2021-10-08 02:58:07,5100.0,1000.0,1283100.0
1023,2021-10-08 02:58:05,5100.0,100.0,1282100.0
1024,2021-10-08 02:57:48,5100.0,300.0,1282000.0
1025,2021-10-08 02:57:42,5110.0,200.0,1281700.0
1026,2021-10-08 02:57:41,5100.0,500.0,1281500.0
1027,2021-10-08 02:57:40,5110.0,2800.0,1281000.0
1028,2021-10-08 02:57:40,5110.0,1000.0,1278200.0
1029,2021-10-08 02:57:40,5110.0,6200.0,1277200.0
1030,2021-10-08 02:57:38,5100.0,2300.0,1271000.0
1031,2021-10-08 02:57:38,5100.0,5000.0,1268700.0
1032,2021-10-08 02:57:38,5100.0,900.0,1263700.0
1033,2021-10-08 02:57:38,5100.0,700.0,1262800.0
1034,2021-10-08 02:57:19,5100.0,300.0,1262100.0
1035,2021-10-08 02:57:17,5100.0,100.0,1261800.0
1036,2021-10-08 02:57:13,5100.0,900.0,1261700.0
1037,2021-10-08 02:57:13,5100.0,15000.0,1260800.0
1038,2021-10-08 02:57:13,5100.0,1000.0,1245800.0
1039,2021-10-08 02:57:13,5100.0,3100.0,1244800.0
1040,2021-10-08 02:56:15,5100.0,2800.0,1241700.0
1041,2021-10-08 02:55:25,5100.0,400.0,1238900.0
1042,2021-10-08 02:54:49,5100.0,200.0,1238500.0
1043,2021-10-08 02:54:27,5100.0,100.0,1238300.0
1044,2021-10-08 02:54:15,5100.0,200.0,1238200.0
1045,2021-10-08 02:53:24,5100.0,1000.0,1238000.0
1046,2021-10-08 02:53:07,5100.0,400.0,1237000.0
1047,2021-10-08 02:53:03,5100.0,100.0,1236600.0
1048,2021-10-08 02:53:01,5100.0,200.0,1236500.0
1049,2021-10-08 02:53:01,5100.0,2000.0,1236300.0
1050,2021-10-08 02:53:01,5100.0,9500.0,1234300.0
1051,2021-10-08 02:52:51,5090.0,200.0,1224800.0
1052,2021-10-08 02:52:19,5100.0,100.0,1224600.0
1053,2021-10-08 02:52:13,5100.0,400.0,1224500.0
1054,2021-10-08 02:52:13,5100.0,100.0,1224100.0
1055,2021-10-08 02:52:13,5100.0,500.0,1224000.0
1056,2021-10-08 02:51:57,5090.0,500.0,1223500.0
1057,2021-10-08 02:51:57,5090.0,200.0,1223000.0
1058,2021-10-08 02:51:57,5090.0,200.0,1222800.0
1059,2021-10-08 02:51:52,5090.0,500.0,1222600.0
1060,2021-10-08 02:51:40,5080.0,5000.0,1222100.0
1061,2021-10-08 02:51:39,5080.0,100.0,1217100.0
1062,2021-10-08 02:51:38,5080.0,500.0,1217000.0
1063,2021-10-08 02:51:38,5080.0,2000.0,1216500.0
1064,2021-10-08 02:51:38,5080.0,1000.0,1214500.0
1065,2021-10-08 02:51:38,5080.0,1500.0,1213500.0
1066,2021-10-08 02:51:12,5080.0,500.0,1212000.0
1067,2021-10-08 02:51:06,5090.0,300.0,1211500.0
1068,2021-10-08 02:51:01,5080.0,1000.0,1211200.0
1069,2021-10-08 02:50:44,5080.0,1000.0,1210200.0
1070,2021-10-08 02:50:44,5080.0,40000.0,1209200.0
1071,2021-10-08 02:50:44,5080.0,20000.0,1169200.0
1072,2021-10-08 02:50:44,5080.0,30000.0,1149200.0
1073,2021-10-08 02:50:44,5080.0,2000.0,1119200.0
1074,2021-10-08 02:50:44,5080.0,100.0,1117200.0
1075,2021-10-08 02:50:44,5090.0,400.0,1117100.0
1076,2021-10-08 02:50:44,5090.0,1600.0,1116700.0
1077,2021-10-08 02:50:44,5090.0,3900.0,1115100.0
1078,2021-10-08 02:50:35,5090.0,1100.0,1111200.0
1079,2021-10-08 02:50:35,5090.0,100.0,1110100.0
1080,2021-10-08 02:50:35,5090.0,800.0,1110000.0
1081,2021-10-08 02:50:06,5090.0,200.0,1109200.0
1082,2021-10-08 02:50:01,5090.0,200.0,1109000.0
1083,2021-10-08 02:50:00,5090.0,200.0,1108800.0
1084,2021-10-08 02:50:00,5100.0,4500.0,1108600.0
1085,2021-10-08 02:50:00,5100.0,2800.0,1104100.0
1086,2021-10-08 02:50:00,5100.0,100.0,1101300.0
1087,2021-10-08 02:50:00,5100.0,1600.0,1101200.0
1088,2021-10-08 02:49:39,5090.0,800.0,1099600.0
1089,2021-10-08 02:49:39,5090.0,100.0,1098800.0
1090,2021-10-08 02:49:39,5090.0,100.0,1098700.0
1091,2021-10-08 02:49:23,5090.0,1900.0,1098600.0
1092,2021-10-08 02:49:23,5090.0,100.0,1096700.0
1093,2021-10-08 02:49:16,5100.0,1600.0,1096600.0
1094,2021-10-08 02:49:12,5100.0,200.0,1095000.0
1095,2021-10-08 02:49:12,5100.0,200.0,1094800.0
1096,2021-10-08 02:49:11,5100.0,2600.0,1094600.0
1097,2021-10-08 02:49:10,5100.0,2000.0,1092000.0
1098,2021-10-08 02:49:10,5100.0,100.0,1090000.0
1099,2021-10-08 02:49:10,5100.0,3300.0,1089900.0
1100,2021-10-08 02:49:05,5100.0,5000.0,1086600.0
1101,2021-10-08 02:48:59,5100.0,1600.0,1081600.0
1102,2021-10-08 02:48:48,5100.0,1000.0,1080000.0
1103,2021-10-08 02:48:48,5100.0,9100.0,1079000.0
1104,2021-10-08 02:48:48,5100.0,500.0,1069900.0
1105,2021-10-08 02:48:40,5100.0,400.0,1069400.0
1106,2021-10-08 02:48:31,5100.0,100.0,1069000.0
1107,2021-10-08 02:48:30,5100.0,100.0,1068900.0
1108,2021-10-08 02:48:30,5100.0,400.0,1068800.0
1109,2021-10-08 02:48:27,5100.0,100.0,1068400.0
1110,2021-10-08 02:48:27,5100.0,400.0,1068300.0
1111,2021-10-08 02:48:21,5100.0,5000.0,1067900.0
1112,2021-10-08 02:48:21,5100.0,100.0,1062900.0
1113,2021-10-08 02:48:21,5100.0,100.0,1062800.0
1114,2021-10-08 02:48:21,5100.0,2000.0,1062700.0
1115,2021-10-08 02:48:21,5100.0,2000.0,1060700.0
1116,2021-10-08 02:48:21,5100.0,800.0,1058700.0
1117,2021-10-08 02:48:09,5100.0,1000.0,1057900.0
1118,2021-10-08 02:48:03,5100.0,3200.0,1056900.0
1119,2021-10-08 02:48:03,5100.0,2000.0,1053700.0
1120,2021-10-08 02:48:03,5100.0,800.0,1051700.0
1121,2021-10-08 02:48:00,5110.0,5700.0,1050900.0
1122,2021-10-08 02:47:53,5110.0,800.0,1045200.0
1123,2021-10-08 02:47:53,5110.0,100.0,1044400.0
1124,2021-10-08 02:47:46,5110.0,100.0,1044300.0
1125,2021-10-08 02:47:46,5110.0,300.0,1044200.0
1126,2021-10-08 02:47:46,5110.0,2000.0,1043900.0
1127,2021-10-08 02:47:46,5110.0,600.0,1041900.0
1128,2021-10-08 02:47:42,5110.0,300.0,1041300.0
1129,2021-10-08 02:47:36,5120.0,200.0,1041000.0
1130,2021-10-08 02:47:36,5110.0,100.0,1040800.0
1131,2021-10-08 02:47:36,5110.0,200.0,1040700.0
1132,2021-10-08 02:47:21,5120.0,100.0,1040500.0
1133,2021-10-08 02:47:21,5120.0,100.0,1040400.0
1134,2021-10-08 02:47:21,5120.0,300.0,1040300.0
1135,2021-10-08 02:47:15,5120.0,300.0,1040000.0
1136,2021-10-08 02:47:14,5130.0,500.0,1039700.0
1137,2021-10-08 02:47:07,5130.0,1000.0,1039200.0
1138,2021-10-08 02:47:07,5120.0,1400.0,1038200.0
1139,2021-10-08 02:47:07,5120.0,400.0,1036800.0
1140,2021-10-08 02:47:07,5120.0,1000.0,1036400.0
1141,2021-10-08 02:47:07,5120.0,2000.0,1035400.0
1142,2021-10-08 02:47:07,5120.0,2000.0,1033400.0
1143,2021-10-08 02:47:07,5120.0,1100.0,1031400.0
1144,2021-10-08 02:47:07,5120.0,10000.0,1030300.0
1145,2021-10-08 02:47:00,5130.0,3000.0,1020300.0
1146,2021-10-08 02:46:59,5130.0,2000.0,1017300.0
1147,2021-10-08 02:46:51,5130.0,4500.0,1015300.0
1148,2021-10-08 02:46:51,5130.0,100.0,1010800.0
1149,2021-10-08 02:46:51,5130.0,700.0,1010700.0
1150,2021-10-08 02:46:51,5130.0,200.0,1010000.0
1151,2021-10-08 02:46:51,5130.0,1000.0,1009800.0
1152,2021-10-08 02:46:51,5130.0,1400.0,1008800.0
1153,2021-10-08 02:46:51,5130.0,1000.0,1007400.0
1154,2021-10-08 02:46:51,5130.0,200.0,1006400.0
1155,2021-10-08 02:46:51,5130.0,300.0,1006200.0
1156,2021-10-08 02:46:51,5130.0,200.0,1005900.0
1157,2021-10-08 02:46:51,5130.0,400.0,1005700.0
1158,2021-10-08 02:46:49,5120.0,800.0,1005300.0
1159,2021-10-08 02:46:47,5120.0,8100.0,1004500.0
1160,2021-10-08 02:46:47,5120.0,400.0,996400.0
1161,2021-10-08 02:46:47,5120.0,1000.0,996000.0
1162,2021-10-08 02:46:47,5120.0,500.0,995000.0
1163,2021-10-08 02:46:45,5130.0,400.0,994500.0
1164,2021-10-08 02:46:12,5130.0,200.0,994100.0
1165,2021-10-08 02:46:12,5130.0,800.0,993900.0
1166,2021-10-08 02:46:11,5120.0,100.0,993100.0
1167,2021-10-08 02:45:56,5130.0,200.0,993000.0
1168,2021-10-08 02:45:52,5120.0,400.0,992800.0
1169,2021-10-08 02:45:48,5120.0,2300.0,992400.0
1170,2021-10-08 02:45:43,5130.0,6000.0,990100.0
1171,2021-10-08 02:45:36,5130.0,1500.0,984100.0
1172,2021-10-08 02:45:32,5120.0,200.0,982600.0
1173,2021-10-08 02:45:10,5120.0,900.0,982400.0
1174,2021-10-08 02:45:09,5130.0,1000.0,981500.0
1175,2021-10-08 02:45:03,5120.0,5000.0,980500.0
1176,2021-10-08 02:44:50,5120.0,400.0,975500.0
1177,2021-10-08 02:44:49,5120.0,10000.0,975100.0
1178,2021-10-08 02:44:43,5120.0,500.0,965100.0
1179,2021-10-08 02:44:33,5120.0,1000.0,964600.0
1180,2021-10-08 02:44:31,5130.0,500.0,963600.0
1181,2021-10-08 02:44:31,5130.0,1000.0,963100.0
1182,2021-10-08 02:44:31,5130.0,300.0,962100.0
1183,2021-10-08 02:44:31,5130.0,100.0,961800.0
1184,2021-10-08 02:44:31,5130.0,100.0,961700.0
1185,2021-10-08 02:44:30,5130.0,1000.0,961600.0
1186,2021-10-08 02:44:28,5130.0,400.0,960600.0
1187,2021-10-08 02:44:24,5120.0,500.0,960200.0
1188,2021-10-08 02:44:15,5120.0,1000.0,959700.0
1189,2021-10-08 02:44:09,5130.0,500.0,958700.0
1190,2021-10-08 02:43:48,5120.0,1000.0,958200.0
1191,2021-10-08 02:43:46,5120.0,500.0,957200.0
1192,2021-10-08 02:43:46,5120.0,400.0,956700.0
1193,2021-10-08 02:43:46,5120.0,1000.0,956300.0
1194,2021-10-08 02:43:46,5120.0,500.0,955300.0
1195,2021-10-08 02:43:46,5120.0,100.0,954800.0
1196,2021-10-08 02:43:46,5120.0,100.0,954700.0
1197,2021-10-08 02:43:46,5120.0,200.0,954600.0
1198,2021-10-08 02:43:46,5120.0,200.0,954400.0
1199,2021-10-08 02:43:46,5120.0,1400.0,954200.0
1200,2021-10-08 02:43:45,5120.0,600.0,952800.0
1201,2021-10-08 02:43:45,5120.0,100.0,952200.0
1202,2021-10-08 02:43:45,5120.0,2000.0,952100.0
1203,2021-10-08 02:43:45,5120.0,1300.0,950100.0
1204,2021-10-08 02:43:34,5110.0,800.0,948800.0
1205,2021-10-08 02:43:34,5110.0,2000.0,948000.0
1206,2021-10-08 02:43:34,5110.0,200.0,946000.0
1207,2021-10-08 02:43:26,5120.0,800.0,945800.0
1208,2021-10-08 02:43:25,5120.0,2900.0,945000.0
1209,2021-10-08 02:43:25,5120.0,100.0,942100.0
1210,2021-10-08 02:43:25,5120.0,400.0,942000.0
1211,2021-10-08 02:43:25,5120.0,600.0,941600.0
1212,2021-10-08 02:43:20,5120.0,400.0,941000.0
1213,2021-10-08 02:43:20,5120.0,600.0,940600.0
1214,2021-10-08 02:43:11,5120.0,400.0,940000.0
1215,2021-10-08 02:43:11,5120.0,100.0,939600.0
1216,2021-10-08 02:43:00,5110.0,6300.0,939500.0
1217,2021-10-08 02:43:00,5110.0,500.0,933200.0
1218,2021-10-08 02:43:00,5110.0,3000.0,932700.0
1219,2021-10-08 02:42:53,5100.0,1000.0,929700.0
1220,2021-10-08 02:42:48,5100.0,200.0,928700.0
1221,2021-10-08 02:42:34,5100.0,1000.0,928500.0
1222,2021-10-08 02:42:34,5100.0,100.0,927500.0
1223,2021-10-08 02:42:34,5100.0,2000.0,927400.0
1224,2021-10-08 02:42:34,5100.0,1200.0,925400.0
1225,2021-10-08 02:42:34,5100.0,1000.0,924200.0
1226,2021-10-08 02:42:34,5100.0,500.0,923200.0
1227,2021-10-08 02:42:34,5100.0,1000.0,922700.0
1228,2021-10-08 02:42:34,5100.0,1000.0,921700.0
1229,2021-10-08 02:42:34,5100.0,5000.0,920700.0
1230,2021-10-08 02:42:34,5100.0,1000.0,915700.0
1231,2021-10-08 02:42:34,5100.0,200.0,914700.0
1232,2021-10-08 02:42:34,5100.0,1000.0,914500.0
1233,2021-10-08 02:42:34,5100.0,1000.0,913500.0
1234,2021-10-08 02:42:34,5100.0,1000.0,912500.0
1235,2021-10-08 02:42:34,5100.0,3400.0,911500.0
1236,2021-10-08 02:42:34,5100.0,2600.0,908100.0
1237,2021-10-08 02:42:33,5100.0,1400.0,905500.0
1238,2021-10-08 02:42:33,5100.0,3900.0,904100.0
1239,2021-10-08 02:42:31,5100.0,1100.0,900200.0
1240,2021-10-08 02:42:31,5100.0,3400.0,899100.0
1241,2021-10-08 02:42:30,5100.0,600.0,895700.0
1242,2021-10-08 02:42:30,5100.0,100.0,895100.0
1243,2021-10-08 02:42:30,5100.0,200.0,895000.0
1244,2021-10-08 02:42:30,5100.0,3000.0,894800.0
1245,2021-10-08 02:42:30,5100.0,1100.0,891800.0
1246,2021-10-08 02:42:29,5100.0,100.0,890700.0
1247,2021-10-08 02:42:29,5100.0,600.0,890600.0
1248,2021-10-08 02:42:29,5100.0,700.0,890000.0
1249,2021-10-08 02:42:29,5100.0,200.0,889300.0
1250,2021-10-08 02:42:29,5100.0,2200.0,889100.0
1251,2021-10-08 02:42:29,5100.0,100.0,886900.0
1252,2021-10-08 02:42:29,5100.0,100.0,886800.0
1253,2021-10-08 02:42:29,5100.0,2000.0,886700.0
1254,2021-10-08 02:42:29,5100.0,100.0,884700.0
1255,2021-10-08 02:42:29,5100.0,2000.0,884600.0
1256,2021-10-08 02:42:29,5100.0,1000.0,882600.0
1257,2021-10-08 02:42:29,5100.0,1000.0,881600.0
1258,2021-10-08 02:42:29,5100.0,600.0,880600.0
1259,2021-10-08 02:42:28,5100.0,3000.0,880000.0
1260,2021-10-08 02:42:23,5100.0,1600.0,877000.0
1261,2021-10-08 02:42:23,5100.0,3000.0,875400.0
1262,2021-10-08 02:42:23,5100.0,3000.0,872400.0
1263,2021-10-08 02:42:23,5100.0,2400.0,869400.0
1264,2021-10-08 02:42:20,5100.0,500.0,867000.0
1265,2021-10-08 02:42:19,5100.0,6000.0,866500.0
1266,2021-10-08 02:42:19,5100.0,1100.0,860500.0
1267,2021-10-08 02:42:19,5100.0,900.0,859400.0
1268,2021-10-08 02:42:16,5100.0,5000.0,858500.0
1269,2021-10-08 02:42:10,5100.0,5000.0,853500.0
1270,2021-10-08 02:42:06,5100.0,1200.0,848500.0
1271,2021-10-08 02:42:04,5100.0,7900.0,847300.0
1272,2021-10-08 02:42:04,5100.0,100.0,839400.0
1273,2021-10-08 02:42:04,5100.0,2000.0,839300.0
1274,2021-10-08 02:42:04,5100.0,100.0,837300.0
1275,2021-10-08 02:42:04,5100.0,100.0,837200.0
1276,2021-10-08 02:42:04,5100.0,200.0,837100.0
1277,2021-10-08 02:42:04,5100.0,10000.0,836900.0
1278,2021-10-08 02:42:04,5100.0,400.0,826900.0
1279,2021-10-08 02:42:04,5100.0,800.0,826500.0
1280,2021-10-08 02:42:04,5100.0,500.0,825700.0
1281,2021-10-08 02:42:04,5100.0,2000.0,825200.0
1282,2021-10-08 02:42:04,5100.0,1000.0,823200.0
1283,2021-10-08 02:42:04,5100.0,500.0,822200.0
1284,2021-10-08 02:42:04,5100.0,100.0,821700.0
1285,2021-10-08 02:42:04,5100.0,500.0,821600.0
1286,2021-10-08 02:42:04,5100.0,1000.0,821100.0
1287,2021-10-08 02:42:04,5100.0,5000.0,820100.0
1288,2021-10-08 02:42:04,5100.0,8800.0,815100.0
1289,2021-10-08 02:41:55,5100.0,1200.0,806300.0
1290,2021-10-08 02:41:55,5100.0,500.0,805100.0
1291,2021-10-08 02:41:55,5100.0,100.0,804600.0
1292,2021-10-08 02:41:55,5100.0,100.0,804500.0
1293,2021-10-08 02:41:55,5100.0,300.0,804400.0
1294,2021-10-08 02:41:55,5100.0,2800.0,804100.0
1295,2021-10-08 02:41:53,5090.0,3000.0,801300.0
1296,2021-10-08 02:41:53,5090.0,300.0,798300.0
1297,2021-10-08 02:41:53,5090.0,2600.0,798000.0
1298,2021-10-08 02:41:46,5090.0,1000.0,795400.0
1299,2021-10-08 02:41:46,5090.0,100.0,794400.0
1300,2021-10-08 02:41:43,5100.0,200.0,794300.0
1301,2021-10-08 02:41:37,5090.0,100.0,794100.0
1302,2021-10-08 02:41:37,5090.0,100.0,794000.0
1303,2021-10-08 02:41:37,5090.0,1100.0,793900.0
1304,2021-10-08 02:41:33,5090.0,4600.0,792800.0
1305,2021-10-08 02:41:33,5090.0,2000.0,788200.0
1306,2021-10-08 02:41:33,5090.0,500.0,786200.0
1307,2021-10-08 02:41:33,5090.0,500.0,785700.0
1308,2021-10-08 02:41:33,5090.0,10000.0,785200.0
1309,2021-10-08 02:41:33,5090.0,100.0,775200.0
1310,2021-10-08 02:41:33,5090.0,100.0,775100.0
1311,2021-10-08 02:41:33,5090.0,32200.0,775000.0
1312,2021-10-08 02:41:27,5090.0,8500.0,742800.0
1313,2021-10-08 02:41:18,5090.0,2200.0,734300.0
1314,2021-10-08 02:41:06,5090.0,3000.0,732100.0
1315,2021-10-08 02:41:04,5080.0,2000.0,729100.0
1316,2021-10-08 02:41:00,5090.0,2000.0,727100.0
1317,2021-10-08 02:40:57,5090.0,1000.0,725100.0
1318,2021-10-08 02:40:56,5090.0,200.0,724100.0
1319,2021-10-08 02:40:48,5090.0,900.0,723900.0
1320,2021-10-08 02:40:48,5090.0,4000.0,723000.0
1321,2021-10-08 02:40:48,5090.0,1000.0,719000.0
1322,2021-10-08 02:40:48,5090.0,100.0,718000.0
1323,2021-10-08 02:40:48,5090.0,1000.0,717900.0
1324,2021-10-08 02:40:48,5090.0,200.0,716900.0
1325,2021-10-08 02:40:48,5090.0,1000.0,716700.0
1326,2021-10-08 02:40:48,5090.0,400.0,715700.0
1327,2021-10-08 02:40:48,5090.0,100.0,715300.0
1328,2021-10-08 02:40:48,5090.0,100.0,715200.0
1329,2021-10-08 02:40:48,5090.0,1200.0,715100.0
1330,2021-10-08 02:40:43,5090.0,12000.0,713900.0
1331,2021-10-08 02:40:30,5080.0,2000.0,701900.0
1332,2021-10-08 02:40:28,5080.0,500.0,699900.0
1333,2021-10-08 02:40:26,5080.0,200.0,699400.0
1334,2021-10-08 02:40:26,5080.0,4800.0,699200.0
1335,2021-10-08 02:40:25,5080.0,200.0,694400.0
1336,2021-10-08 02:40:25,5080.0,300.0,694200.0
1337,2021-10-08 02:40:25,5080.0,500.0,693900.0
1338,2021-10-08 02:40:21,5080.0,1000.0,693400.0
1339,2021-10-08 02:40:20,5080.0,700.0,692400.0
1340,2021-10-08 02:40:19,5080.0,500.0,691700.0
1341,2021-10-08 02:40:06,5080.0,100.0,691200.0
1342,2021-10-08 02:40:06,5080.0,100.0,691100.0
1343,2021-10-08 02:40:06,5090.0,4800.0,691000.0
1344,2021-10-08 02:40:06,5090.0,200.0,686200.0
1345,2021-10-08 02:40:01,5080.0,100.0,686000.0
1346,2021-10-08 02:39:44,5080.0,2000.0,685900.0
1347,2021-10-08 02:39:44,5080.0,10000.0,683900.0
1348,2021-10-08 02:39:44,5080.0,500.0,673900.0
1349,2021-10-08 02:39:44,5080.0,900.0,673400.0
1350,2021-10-08 02:39:44,5080.0,100.0,672500.0
1351,2021-10-08 02:39:44,5080.0,3500.0,672400.0
1352,2021-10-08 02:39:40,5080.0,1500.0,668900.0
1353,2021-10-08 02:39:40,5080.0,2000.0,667400.0
1354,2021-10-08 02:39:40,5080.0,500.0,665400.0
1355,2021-10-08 02:39:29,5080.0,200.0,664900.0
1356,2021-10-08 02:39:27,5070.0,100.0,664700.0
1357,2021-10-08 02:39:24,5080.0,5000.0,664600.0
1358,2021-10-08 02:39:16,5080.0,700.0,659600.0
1359,2021-10-08 02:39:13,5070.0,100.0,658900.0
1360,2021-10-08 02:39:09,5070.0,100.0,658800.0
1361,2021-10-08 02:39:05,5070.0,1500.0,658700.0
1362,2021-10-08 02:39:05,5070.0,800.0,657200.0
1363,2021-10-08 02:39:05,5070.0,700.0,656400.0
1364,2021-10-08 02:39:02,5070.0,1500.0,655700.0
1365,2021-10-08 02:38:59,5080.0,13600.0,654200.0
1366,2021-10-08 02:38:59,5080.0,2000.0,640600.0
1367,2021-10-08 02:38:51,5070.0,800.0,638600.0
1368,2021-10-08 02:38:39,5070.0,500.0,637800.0
1369,2021-10-08 02:38:35,5070.0,600.0,637300.0
1370,2021-10-08 02:38:34,5070.0,3000.0,636700.0
1371,2021-10-08 02:38:34,5070.0,2900.0,633700.0
1372,2021-10-08 02:38:33,5070.0,1000.0,630800.0
1373,2021-10-08 02:38:25,5070.0,5600.0,629800.0
1374,2021-10-08 02:38:19,5070.0,200.0,624200.0
1375,2021-10-08 02:38:13,5070.0,1000.0,624000.0
1376,2021-10-08 02:37:59,5070.0,1000.0,623000.0
1377,2021-10-08 02:37:40,5070.0,5000.0,622000.0
1378,2021-10-08 02:37:04,5070.0,1200.0,617000.0
1379,2021-10-08 02:36:56,5070.0,1500.0,615800.0
1380,2021-10-08 02:36:56,5070.0,500.0,614300.0
1381,2021-10-08 02:36:47,5030.0,3100.0,613800.0
1382,2021-10-08 02:36:47,5030.0,300.0,610700.0
1383,2021-10-08 02:36:47,5030.0,800.0,610400.0
1384,2021-10-08 02:36:47,5030.0,300.0,609600.0
1385,2021-10-08 02:36:23,5030.0,2100.0,609300.0
1386,2021-10-08 02:36:23,5030.0,800.0,607200.0
1387,2021-10-08 02:36:23,5050.0,2000.0,606400.0
1388,2021-10-08 02:36:23,5050.0,1000.0,604400.0
1389,2021-10-08 02:36:23,5050.0,1000.0,603400.0
1390,2021-10-08 02:36:23,5050.0,300.0,602400.0
1391,2021-10-08 02:36:23,5050.0,100.0,602100.0
1392,2021-10-08 02:36:23,5070.0,2700.0,602000.0
1393,2021-10-08 02:36:18,5070.0,2000.0,599300.0
1394,2021-10-08 02:36:18,5070.0,2000.0,597300.0
1395,2021-10-08 02:36:18,5070.0,1700.0,595300.0
1396,2021-10-08 02:36:18,5060.0,1300.0,593600.0
1397,2021-10-08 02:36:18,5060.0,300.0,592300.0
1398,2021-10-08 02:36:16,5050.0,5200.0,592000.0
1399,2021-10-08 02:36:16,5050.0,2500.0,586800.0
1400,2021-10-08 02:36:08,5060.0,200.0,584300.0
1401,2021-10-08 02:36:07,5070.0,100.0,584100.0
1402,2021-10-08 02:35:44,5050.0,1400.0,584000.0
1403,2021-10-08 02:35:25,5050.0,2000.0,582600.0
1404,2021-10-08 02:35:15,5070.0,200.0,580600.0
1405,2021-10-08 02:35:15,5070.0,300.0,580400.0
1406,2021-10-08 02:35:15,5070.0,500.0,580100.0
1407,2021-10-08 02:35:15,5070.0,500.0,579600.0
1408,2021-10-08 02:35:15,5070.0,2000.0,579100.0
1409,2021-10-08 02:35:15,5070.0,100.0,577100.0
1410,2021-10-08 02:35:15,5070.0,1000.0,577000.0
1411,2021-10-08 02:35:15,5070.0,200.0,576000.0
1412,2021-10-08 02:34:56,5050.0,100.0,575800.0
1413,2021-10-08 02:34:56,5050.0,900.0,575700.0
1414,2021-10-08 02:34:56,5050.0,100.0,574800.0
1415,2021-10-08 02:34:26,5070.0,3300.0,574700.0
1416,2021-10-08 02:34:19,5070.0,100.0,571400.0
1417,2021-10-08 02:34:17,5070.0,1700.0,571300.0
1418,2021-10-08 02:34:17,5060.0,300.0,569600.0
1419,2021-10-08 02:33:41,5070.0,200.0,569300.0
1420,2021-10-08 02:33:41,5060.0,900.0,569100.0
1421,2021-10-08 02:33:06,5050.0,1000.0,568200.0
1422,2021-10-08 02:33:06,5050.0,800.0,567200.0
1423,2021-10-08 02:33:06,5050.0,1000.0,566400.0
1424,2021-10-08 02:33:06,5050.0,200.0,565400.0
1425,2021-10-08 02:32:35,5050.0,100.0,565200.0
1426,2021-10-08 02:32:00,5070.0,1100.0,565100.0
1427,2021-10-08 02:32:00,5070.0,400.0,564000.0
1428,2021-10-08 02:32:00,5070.0,5000.0,563600.0
1429,2021-10-08 02:32:00,5070.0,300.0,558600.0
1430,2021-10-08 02:32:00,5070.0,5000.0,558300.0
1431,2021-10-08 02:32:00,5070.0,7900.0,553300.0
1432,2021-10-08 02:31:20,5070.0,200.0,545400.0
1433,2021-10-08 02:31:17,5070.0,100.0,545200.0
1434,2021-10-08 02:31:14,5090.0,400.0,545100.0
1435,2021-10-08 02:31:14,5090.0,200.0,544700.0
1436,2021-10-08 02:31:14,5080.0,100.0,544500.0
1437,2021-10-08 02:31:14,5080.0,2000.0,544400.0
1438,2021-10-08 02:31:14,5080.0,100.0,542400.0
1439,2021-10-08 02:31:09,5070.0,100.0,542300.0
1440,2021-10-08 02:31:06,5070.0,100.0,542200.0
1441,2021-10-08 02:30:38,5070.0,1000.0,542100.0
1442,2021-10-08 02:30:38,5070.0,100.0,541100.0
1443,2021-10-08 02:30:38,5070.0,100.0,541000.0
1444,2021-10-08 02:30:38,5070.0,10100.0,540900.0
1445,2021-10-08 02:30:38,5060.0,100.0,530800.0
1446,2021-10-08 02:30:38,5060.0,200.0,530700.0
1447,2021-10-08 02:30:29,5050.0,200.0,530500.0
1448,2021-10-08 02:30:26,5050.0,100.0,530300.0
1449,2021-10-08 02:30:19,5070.0,100.0,530200.0
1450,2021-10-08 02:30:11,5070.0,1100.0,530100.0
1451,2021-10-08 02:30:11,5070.0,400.0,529000.0
1452,2021-10-08 02:30:11,5050.0,500.0,528600.0
1453,2021-10-08 02:30:01,5070.0,100.0,528100.0
1454,2021-10-08 02:30:01,5060.0,2000.0,528000.0
1455,2021-10-08 02:29:46,5050.0,1900.0,526000.0
1456,2021-10-08 02:29:28,5050.0,100.0,524100.0
1457,2021-10-08 02:29:12,5020.0,300.0,524000.0
1458,2021-10-08 02:29:08,5020.0,200.0,523700.0
1459,2021-10-08 02:28:53,5020.0,100.0,523500.0
1460,2021-10-08 02:28:39,5020.0,9000.0,523400.0
1461,2021-10-08 02:28:39,5020.0,7500.0,514400.0
1462,2021-10-08 02:28:39,5020.0,3100.0,506900.0
1463,2021-10-08 02:28:39,5030.0,100.0,503800.0
1464,2021-10-08 02:28:01,5020.0,1900.0,503700.0
1465,2021-10-08 02:28:01,5030.0,1000.0,501800.0
1466,2021-10-08 02:28:01,5040.0,500.0,500800.0
1467,2021-10-08 02:28:01,5040.0,1000.0,500300.0
1468,2021-10-08 02:28:01,5050.0,100.0,499300.0
1469,2021-10-08 02:28:01,5050.0,10000.0,499200.0
1470,2021-10-08 02:28:01,5050.0,1800.0,489200.0
1471,2021-10-08 02:28:01,5060.0,11200.0,487400.0
1472,2021-10-08 02:28:01,5060.0,1000.0,476200.0
1473,2021-10-08 02:28:01,5070.0,500.0,475200.0
1474,2021-10-08 02:28:01,5080.0,100.0,474700.0
1475,2021-10-08 02:28:01,5080.0,900.0,474600.0
1476,2021-10-08 02:27:58,5080.0,7900.0,473700.0
1477,2021-10-08 02:27:56,5080.0,2000.0,465800.0
1478,2021-10-08 02:27:56,5080.0,500.0,463800.0
1479,2021-10-08 02:27:56,5080.0,700.0,463300.0
1480,2021-10-08 02:27:38,5080.0,200.0,462600.0
1481,2021-10-08 02:27:37,5080.0,6000.0,462400.0
1482,2021-10-08 02:27:37,5080.0,2000.0,456400.0
1483,2021-10-08 02:27:37,5080.0,1600.0,454400.0
1484,2021-10-08 02:27:32,5080.0,700.0,452800.0
1485,2021-10-08 02:27:25,5080.0,1200.0,452100.0
1486,2021-10-08 02:27:24,5080.0,1000.0,450900.0
1487,2021-10-08 02:27:15,5080.0,500.0,449900.0
1488,2021-10-08 02:27:11,5070.0,3500.0,449400.0
1489,2021-10-08 02:27:11,5070.0,100.0,445900.0
1490,2021-10-08 02:27:11,5070.0,2200.0,445800.0
1491,2021-10-08 02:27:06,5070.0,300.0,443600.0
1492,2021-10-08 02:27:06,5070.0,100.0,443300.0
1493,2021-10-08 02:27:05,5070.0,800.0,443200.0
1494,2021-10-08 02:27:05,5080.0,4200.0,442400.0
1495,2021-10-08 02:27:02,5080.0,100.0,438200.0
1496,2021-10-08 02:27:02,5080.0,100.0,438100.0
1497,2021-10-08 02:27:02,5080.0,500.0,438000.0
1498,2021-10-08 02:27:02,5080.0,10000.0,437500.0
1499,2021-10-08 02:27:02,5080.0,100.0,427500.0
1500,2021-10-08 02:26:53,5070.0,1200.0,427400.0
1501,2021-10-08 02:26:53,5070.0,3800.0,426200.0
1502,2021-10-08 02:26:48,5070.0,100.0,422400.0
1503,2021-10-08 02:26:46,5070.0,1900.0,422300.0
1504,2021-10-08 02:25:54,5070.0,100.0,420400.0
1505,2021-10-08 02:25:41,5070.0,4600.0,420300.0
1506,2021-10-08 02:25:41,5080.0,8500.0,415700.0
1507,2021-10-08 02:25:41,5080.0,400.0,407200.0
1508,2021-10-08 02:25:41,5080.0,500.0,406800.0
1509,2021-10-08 02:25:41,5080.0,500.0,406300.0
1510,2021-10-08 02:25:41,5080.0,5500.0,405800.0
1511,2021-10-08 02:25:39,5080.0,5000.0,400300.0
1512,2021-10-08 02:25:31,5090.0,1000.0,395300.0
1513,2021-10-08 02:25:31,5090.0,700.0,394300.0
1514,2021-10-08 02:25:29,5090.0,1000.0,393600.0
1515,2021-10-08 02:25:28,5090.0,500.0,392600.0
1516,2021-10-08 02:25:15,5090.0,5000.0,392100.0
1517,2021-10-08 02:25:13,5090.0,2000.0,387100.0
1518,2021-10-08 02:25:08,5090.0,800.0,385100.0
1519,2021-10-08 02:25:03,5090.0,3700.0,384300.0
1520,2021-10-08 02:25:01,5090.0,1300.0,380600.0
1521,2021-10-08 02:25:01,5090.0,1200.0,379300.0
1522,2021-10-08 02:24:59,5090.0,1000.0,378100.0
1523,2021-10-08 02:24:58,5090.0,1400.0,377100.0
1524,2021-10-08 02:24:57,5090.0,400.0,375700.0
1525,2021-10-08 02:24:52,5090.0,2200.0,375300.0
1526,2021-10-08 02:24:45,5090.0,17800.0,373100.0
1527,2021-10-08 02:24:45,5090.0,500.0,355300.0
1528,2021-10-08 02:24:45,5090.0,1700.0,354800.0
1529,2021-10-08 02:24:30,5090.0,100.0,353100.0
1530,2021-10-08 02:24:30,5090.0,2000.0,353000.0
1531,2021-10-08 02:24:30,5090.0,1000.0,351000.0
1532,2021-10-08 02:24:24,5100.0,100.0,350000.0
1533,2021-10-08 02:24:19,5090.0,100.0,349900.0
1534,2021-10-08 02:24:11,5090.0,100.0,349800.0
1535,2021-10-08 02:24:00,5090.0,1000.0,349700.0
1536,2021-10-08 02:23:41,5100.0,100.0,348700.0
1537,2021-10-08 02:23:41,5100.0,100.0,348600.0
1538,2021-10-08 02:23:41,5100.0,500.0,348500.0
1539,2021-10-08 02:23:41,5100.0,1000.0,348000.0
1540,2021-10-08 02:23:41,5100.0,500.0,347000.0
1541,2021-10-08 02:23:41,5100.0,200.0,346500.0
1542,2021-10-08 02:23:41,5100.0,100.0,346300.0
1543,2021-10-08 02:23:41,5100.0,2500.0,346200.0
1544,2021-10-08 02:23:40,5080.0,19500.0,343700.0
1545,2021-10-08 02:23:40,5090.0,400.0,324200.0
1546,2021-10-08 02:23:40,5090.0,100.0,323800.0
1547,2021-10-08 02:23:40,5100.0,8500.0,323700.0
1548,2021-10-08 02:23:38,5100.0,200.0,315200.0
1549,2021-10-08 02:23:33,5100.0,1000.0,315000.0
1550,2021-10-08 02:23:26,5100.0,7800.0,314000.0
1551,2021-10-08 02:23:26,5100.0,1000.0,306200.0
1552,2021-10-08 02:23:26,5100.0,1000.0,305200.0
1553,2021-10-08 02:23:26,5100.0,500.0,304200.0
1554,2021-10-08 02:23:26,5100.0,1300.0,303700.0
1555,2021-10-08 02:23:26,5100.0,2000.0,302400.0
1556,2021-10-08 02:23:26,5100.0,200.0,300400.0
1557,2021-10-08 02:23:26,5100.0,1700.0,300200.0
1558,2021-10-08 02:23:26,5100.0,4500.0,298500.0
1559,2021-10-08 02:23:26,5090.0,1500.0,294000.0
1560,2021-10-08 02:23:26,5090.0,1500.0,292500.0
1561,2021-10-08 02:23:26,5090.0,2000.0,291000.0
1562,2021-10-08 02:23:23,5100.0,3500.0,289000.0
1563,2021-10-08 02:23:22,5100.0,2500.0,285500.0
1564,2021-10-08 02:23:22,5090.0,2000.0,283000.0
1565,2021-10-08 02:23:19,5090.0,5000.0,281000.0
1566,2021-10-08 02:23:17,5090.0,300.0,276000.0
1567,2021-10-08 02:23:10,5090.0,10000.0,275700.0
1568,2021-10-08 02:23:10,5090.0,1500.0,265700.0
1569,2021-10-08 02:23:09,5100.0,14500.0,264200.0
1570,2021-10-08 02:23:09,5100.0,200.0,249700.0
1571,2021-10-08 02:23:09,5100.0,10300.0,249500.0
1572,2021-10-08 02:23:09,5100.0,100.0,239200.0
1573,2021-10-08 02:23:09,5100.0,4900.0,239100.0
1574,2021-10-08 02:23:04,5090.0,700.0,234200.0
1575,2021-10-08 02:23:04,5090.0,1300.0,233500.0
1576,2021-10-08 02:23:03,5100.0,100.0,232200.0
1577,2021-10-08 02:23:03,5100.0,300.0,232100.0
1578,2021-10-08 02:23:03,5100.0,2000.0,231800.0
1579,2021-10-08 02:23:03,5100.0,500.0,229800.0
1580,2021-10-08 02:23:03,5100.0,2000.0,229300.0
1581,2021-10-08 02:23:03,5100.0,100.0,227300.0
1582,2021-10-08 02:23:00,5090.0,5500.0,227200.0
1583,2021-10-08 02:22:58,5090.0,2000.0,221700.0
1584,2021-10-08 02:22:58,5090.0,1200.0,219700.0
1585,2021-10-08 02:22:56,5090.0,5000.0,218500.0
1586,2021-10-08 02:22:55,5090.0,3800.0,213500.0
1587,2021-10-08 02:22:55,5090.0,100.0,209700.0
1588,2021-10-08 02:22:55,5090.0,900.0,209600.0
1589,2021-10-08 02:22:55,5090.0,100.0,208700.0
1590,2021-10-08 02:22:47,5090.0,5400.0,208600.0
1591,2021-10-08 02:22:47,5090.0,100.0,203200.0
1592,2021-10-08 02:22:47,5090.0,400.0,203100.0
1593,2021-10-08 02:22:47,5090.0,100.0,202700.0
1594,2021-10-08 02:22:42,5090.0,900.0,202600.0
1595,2021-10-08 02:22:42,5090.0,100.0,201700.0
1596,2021-10-08 02:22:41,5080.0,6100.0,201600.0
1597,2021-10-08 02:22:41,5080.0,600.0,195500.0
1598,2021-10-08 02:22:41,5080.0,3300.0,194900.0
1599,2021-10-08 02:22:34,5090.0,1000.0,191600.0
1600,2021-10-08 02:22:34,5090.0,200.0,190600.0
1601,2021-10-08 02:22:34,5090.0,800.0,190400.0
1602,2021-10-08 02:22:18,5080.0,200.0,189600.0
1603,2021-10-08 02:22:17,5080.0,1000.0,189400.0
1604,2021-10-08 02:22:00,5080.0,1700.0,188400.0
1605,2021-10-08 02:21:58,5080.0,100.0,186700.0
1606,2021-10-08 02:21:58,5060.0,100.0,186600.0
1607,2021-10-08 02:21:53,5050.0,500.0,186500.0
1608,2021-10-08 02:21:51,5050.0,2000.0,186000.0
1609,2021-10-08 02:21:50,5050.0,300.0,184000.0
1610,2021-10-08 02:21:45,5050.0,3100.0,183700.0
1611,2021-10-08 02:21:36,5050.0,1800.0,180600.0
1612,2021-10-08 02:21:24,5050.0,100.0,178800.0
1613,2021-10-08 02:21:24,5050.0,7000.0,178700.0
1614,2021-10-08 02:21:24,5040.0,100.0,171700.0
1615,2021-10-08 02:21:24,5030.0,100.0,171600.0
1616,2021-10-08 02:21:24,5020.0,100.0,171500.0
1617,2021-10-08 02:21:24,5020.0,500.0,171400.0
1618,2021-10-08 02:21:24,5020.0,5000.0,170900.0
1619,2021-10-08 02:21:24,5020.0,100.0,165900.0
1620,2021-10-08 02:21:24,5020.0,2000.0,165800.0
1621,2021-10-08 02:21:15,5010.0,600.0,163800.0
1622,2021-10-08 02:21:15,5010.0,100.0,163200.0
1623,2021-10-08 02:21:15,5010.0,200.0,163100.0
1624,2021-10-08 02:21:15,5010.0,2000.0,162900.0
1625,2021-10-08 02:21:11,5010.0,16000.0,160900.0
1626,2021-10-08 02:21:11,5010.0,100.0,144900.0
1627,2021-10-08 02:21:11,5010.0,3900.0,144800.0
1628,2021-10-08 02:21:07,5000.0,1000.0,140900.0
1629,2021-10-08 02:20:54,5010.0,1000.0,139900.0
1630,2021-10-08 02:20:49,5010.0,1000.0,138900.0
1631,2021-10-08 02:20:42,5000.0,200.0,137900.0
1632,2021-10-08 02:20:42,5000.0,200.0,137700.0
1633,2021-10-08 02:20:42,5010.0,100.0,137500.0
1634,2021-10-08 02:20:22,5000.0,100.0,137400.0
1635,2021-10-08 02:20:17,5010.0,1000.0,137300.0
1636,2021-10-08 02:20:11,5000.0,200.0,136300.0
1637,2021-10-08 02:20:11,5000.0,100.0,136100.0
1638,2021-10-08 02:20:11,5000.0,300.0,136000.0
1639,2021-10-08 02:20:11,5000.0,1800.0,135700.0
1640,2021-10-08 02:20:11,5000.0,300.0,133900.0
1641,2021-10-08 02:20:11,5000.0,1000.0,133600.0
1642,2021-10-08 02:20:11,5000.0,10500.0,132600.0
1643,2021-10-08 02:20:10,5000.0,3500.0,122100.0
1644,2021-10-08 02:20:10,5000.0,1500.0,118600.0
1645,2021-10-08 02:20:03,5000.0,700.0,117100.0
1646,2021-10-08 02:20:03,5000.0,9300.0,116400.0
1647,2021-10-08 02:20:02,5000.0,100.0,107100.0
1648,2021-10-08 02:19:57,4990.0,3000.0,107000.0
1649,2021-10-08 02:19:49,5000.0,2000.0,104000.0
1650,2021-10-08 02:19:42,5000.0,5000.0,102000.0
1651,2021-10-08 02:19:21,5000.0,10000.0,97000.0
1652,2021-10-08 02:19:18,5000.0,200.0,87000.0
1653,2021-10-08 02:19:17,5000.0,3400.0,86800.0
1654,2021-10-08 02:19:17,5000.0,500.0,83400.0
1655,2021-10-08 02:19:17,5000.0,9000.0,82900.0
1656,2021-10-08 02:19:17,5000.0,200.0,73900.0
1657,2021-10-08 02:19:17,5000.0,100.0,73700.0
1658,2021-10-08 02:19:17,5000.0,100.0,73600.0
1659,2021-10-08 02:19:17,5000.0,200.0,73500.0
1660,2021-10-08 02:19:17,5000.0,400.0,73300.0
1661,2021-10-08 02:19:17,5000.0,100.0,72900.0
1662,2021-10-08 02:19:17,5000.0,1000.0,72800.0
1663,2021-10-08 02:19:17,5000.0,2000.0,71800.0
1664,2021-10-08 02:19:17,5000.0,1000.0,69800.0
1665,2021-10-08 02:19:17,5000.0,300.0,68800.0
1666,2021-10-08 02:19:17,5000.0,800.0,68500.0
1667,2021-10-08 02:19:17,5000.0,900.0,67700.0
1668,2021-10-08 02:19:16,5000.0,100.0,66800.0
1669,2021-10-08 02:19:16,5000.0,200.0,66700.0
1670,2021-10-08 02:19:12,5000.0,800.0,66500.0
1671,2021-10-08 02:19:12,5000.0,600.0,65700.0
1672,2021-10-08 02:19:12,5000.0,200.0,65100.0
1673,2021-10-08 02:19:12,5000.0,100.0,64900.0
1674,2021-10-08 02:19:12,5000.0,200.0,64800.0
1675,2021-10-08 02:19:12,5000.0,100.0,64600.0
1676,2021-10-08 02:19:12,5000.0,500.0,64500.0
1677,2021-10-08 02:19:12,5000.0,1000.0,64000.0
1678,2021-10-08 02:19:12,5000.0,100.0,63000.0
1679,2021-10-08 02:19:12,5000.0,200.0,62900.0
1680,2021-10-08 02:19:12,5000.0,2200.0,62700.0
1681,2021-10-08 02:19:07,5000.0,200.0,60500.0
1682,2021-10-08 02:18:54,5000.0,3000.0,60300.0
1683,2021-10-08 02:18:26,5000.0,14900.0,57300.0
1684,2021-10-08 02:18:26,5000.0,100.0,42400.0
1685,2021-10-08 02:18:26,5000.0,200.0,42300.0
1686,2021-10-08 02:18:26,4990.0,400.0,42100.0
1687,2021-10-08 02:18:26,4990.0,4100.0,41700.0
1688,2021-10-08 02:18:22,4990.0,5000.0,37600.0
1689,2021-10-08 02:18:22,4990.0,400.0,32600.0
1690,2021-10-08 02:18:22,4990.0,500.0,32200.0
1691,2021-10-08 02:17:39,4990.0,100.0,31700.0
1692,2021-10-08 02:17:04,4990.0,1900.0,31600.0
1693,2021-10-08 02:17:01,4990.0,300.0,29700.0
1694,2021-10-08 02:17:01,4990.0,500.0,29400.0
1695,2021-10-08 02:17:01,4990.0,500.0,28900.0
1696,2021-10-08 02:17:01,4990.0,300.0,28400.0
1697,2021-10-08 02:16:46,4980.0,8700.0,28100.0
1698,2021-10-08 02:16:43,4980.0,500.0,19400.0
1699,2021-10-08 02:15:00,4990.0,900.0,18900.0
1700,2021-10-08 02:15:00,4990.0,3800.0,18000.0
1701,2021-10-08 02:15:00,4990.0,2000.0,14200.0
1702,2021-10-08 02:15:00,4990.0,2000.0,12200.0
1703,2021-10-08 02:15:00,4990.0,3000.0,10200.0
1704,2021-10-08 02:15:00,4990.0,800.0,7200.0
1705,2021-10-08 02:15:00,4990.0,100.0,6400.0
1706,2021-10-08 02:15:00,4990.0,1000.0,6300.0
1707,2021-10-08 02:15:00,4990.0,100.0,5300.0
1708,2021-10-08 02:15:00,4990.0,1900.0,5200.0
1709,2021-10-08 02:15:00,4990.0,2800.0,3300.0
1710,2021-10-08 02:15:00,4990.0,200.0,500.0
1711,2021-10-08 02:15:00,4990.0,100.0,300.0
1712,2021-10-08 02:15:00,4990.0,100.0,200.0
1713,2021-10-08 02:15:00,4990.0,100.0,100.0
