,Time,Price,Volume_per_trade,Volume
0,2021-10-17 14:45:03,12400.0,70900.0,1611240.0
1,2021-10-17 14:29:54,12500.0,800.0,1540340.0
2,2021-10-17 14:29:49,12500.0,600.0,1539540.0
3,2021-10-17 14:29:48,12500.0,1000.0,1538940.0
4,2021-10-17 14:29:42,12400.0,100.0,1537940.0
5,2021-10-17 14:29:35,12500.0,200.0,1537840.0
6,2021-10-17 14:29:34,12500.0,100.0,1537640.0
7,2021-10-17 14:29:30,12500.0,2000.0,1537540.0
8,2021-10-17 14:29:23,12500.0,900.0,1535540.0
9,2021-10-17 14:29:19,12500.0,2000.0,1534640.0
10,2021-10-17 14:29:17,12500.0,3000.0,1532640.0
11,2021-10-17 14:29:04,12500.0,300.0,1529640.0
12,2021-10-17 14:29:01,12500.0,7000.0,1529340.0
13,2021-10-17 14:28:58,12500.0,1000.0,1522340.0
14,2021-10-17 14:28:57,12400.0,500.0,1521340.0
15,2021-10-17 14:28:51,12500.0,3000.0,1520840.0
16,2021-10-17 14:28:45,12500.0,5000.0,1517840.0
17,2021-10-17 14:28:26,12500.0,100.0,1512840.0
18,2021-10-17 14:28:15,12500.0,2000.0,1512740.0
19,2021-10-17 14:28:06,12500.0,500.0,1510740.0
20,2021-10-17 14:28:02,12500.0,10000.0,1510240.0
21,2021-10-17 14:27:58,12500.0,100.0,1500240.0
22,2021-10-17 14:27:46,12500.0,200.0,1500140.0
23,2021-10-17 14:27:42,12500.0,600.0,1499940.0
24,2021-10-17 14:27:22,12400.0,700.0,1499340.0
25,2021-10-17 14:27:15,12500.0,500.0,1498640.0
26,2021-10-17 14:27:14,12500.0,5000.0,1498140.0
27,2021-10-17 14:27:13,12500.0,5000.0,1493140.0
28,2021-10-17 14:26:56,12500.0,6400.0,1488140.0
29,2021-10-17 14:26:53,12500.0,1000.0,1481740.0
30,2021-10-17 14:26:47,12500.0,1500.0,1480740.0
31,2021-10-17 14:26:44,12500.0,200.0,1479240.0
32,2021-10-17 14:26:25,12500.0,100.0,1479040.0
33,2021-10-17 14:26:15,12500.0,200.0,1478940.0
34,2021-10-17 14:26:06,12400.0,400.0,1478740.0
35,2021-10-17 14:25:47,12400.0,3500.0,1478340.0
36,2021-10-17 14:25:04,12400.0,500.0,1474840.0
37,2021-10-17 14:25:00,12400.0,1000.0,1474340.0
38,2021-10-17 14:24:46,12400.0,1000.0,1473340.0
39,2021-10-17 14:24:45,12400.0,300.0,1472340.0
40,2021-10-17 14:24:05,12400.0,100.0,1472040.0
41,2021-10-17 14:22:51,12400.0,1500.0,1471940.0
42,2021-10-17 14:22:38,12400.0,1000.0,1470440.0
43,2021-10-17 14:22:33,12500.0,1000.0,1469440.0
44,2021-10-17 14:22:14,12400.0,1000.0,1468440.0
45,2021-10-17 14:22:01,12400.0,3000.0,1467440.0
46,2021-10-17 14:21:59,12400.0,1000.0,1464440.0
47,2021-10-17 14:21:55,12400.0,1000.0,1463440.0
48,2021-10-17 14:21:54,12400.0,300.0,1462440.0
49,2021-10-17 14:21:30,12400.0,100.0,1462140.0
50,2021-10-17 14:21:24,12400.0,12000.0,1462040.0
51,2021-10-17 14:20:58,12400.0,700.0,1450040.0
52,2021-10-17 14:20:28,12400.0,100.0,1449340.0
53,2021-10-17 14:20:25,12400.0,200.0,1449240.0
54,2021-10-17 14:20:24,12400.0,15000.0,1449040.0
55,2021-10-17 14:20:09,12400.0,31000.0,1434040.0
56,2021-10-17 14:19:59,12400.0,10800.0,1403040.0
57,2021-10-17 14:19:48,12400.0,1200.0,1392240.0
58,2021-10-17 14:19:46,12400.0,7500.0,1391040.0
59,2021-10-17 14:19:41,12400.0,1000.0,1383540.0
60,2021-10-17 14:19:38,12400.0,500.0,1382540.0
61,2021-10-17 14:19:36,12400.0,900.0,1382040.0
62,2021-10-17 14:19:31,12400.0,5000.0,1381140.0
63,2021-10-17 14:19:06,12400.0,1000.0,1376140.0
64,2021-10-17 14:18:27,12500.0,200.0,1375140.0
65,2021-10-17 14:18:26,12400.0,100.0,1374940.0
66,2021-10-17 14:18:20,12400.0,500.0,1374840.0
67,2021-10-17 14:18:16,12400.0,10000.0,1374340.0
68,2021-10-17 14:17:10,12500.0,2000.0,1364340.0
69,2021-10-17 14:15:38,12500.0,500.0,1362340.0
70,2021-10-17 14:15:33,12500.0,100.0,1361840.0
71,2021-10-17 14:15:23,12400.0,1600.0,1361740.0
72,2021-10-17 14:14:58,12500.0,100.0,1360140.0
73,2021-10-17 14:14:13,12400.0,17200.0,1360040.0
74,2021-10-17 14:14:05,12400.0,6000.0,1342840.0
75,2021-10-17 14:14:04,12500.0,1000.0,1336840.0
76,2021-10-17 14:14:01,12500.0,300.0,1335840.0
77,2021-10-17 14:13:44,12500.0,1000.0,1335540.0
78,2021-10-17 14:13:23,12500.0,3500.0,1334540.0
79,2021-10-17 14:13:22,12500.0,18000.0,1331040.0
80,2021-10-17 14:12:30,12500.0,1400.0,1313040.0
81,2021-10-17 14:12:27,12500.0,200.0,1311640.0
82,2021-10-17 14:12:16,12500.0,858.0,1311440.0
83,2021-10-17 14:12:13,12500.0,3000.0,1310582.0
84,2021-10-17 14:12:10,12500.0,2000.0,1307582.0
85,2021-10-17 14:12:07,12500.0,2600.0,1305582.0
86,2021-10-17 14:11:50,12500.0,200.0,1302982.0
87,2021-10-17 14:11:38,12500.0,100.0,1302782.0
88,2021-10-17 14:11:35,12500.0,1000.0,1302682.0
89,2021-10-17 14:11:32,12500.0,8700.0,1301682.0
90,2021-10-17 14:11:19,12500.0,4000.0,1292982.0
91,2021-10-17 14:11:11,12500.0,100.0,1288982.0
92,2021-10-17 14:10:57,12500.0,10000.0,1288882.0
93,2021-10-17 14:10:55,12500.0,200.0,1278882.0
94,2021-10-17 14:10:48,12500.0,100.0,1278682.0
95,2021-10-17 14:10:44,12500.0,300.0,1278582.0
96,2021-10-17 14:10:39,12500.0,500.0,1278282.0
97,2021-10-17 14:10:31,12500.0,100.0,1277782.0
98,2021-10-17 14:10:30,12500.0,2000.0,1277682.0
99,2021-10-17 14:10:29,12500.0,2000.0,1275682.0
100,2021-10-17 14:10:11,12500.0,100.0,1273682.0
101,2021-10-17 14:09:56,12500.0,700.0,1273582.0
102,2021-10-17 14:09:35,12500.0,100.0,1272882.0
103,2021-10-17 14:09:20,12500.0,100.0,1272782.0
104,2021-10-17 14:09:15,12500.0,28800.0,1272682.0
105,2021-10-17 14:08:56,12500.0,1500.0,1243882.0
106,2021-10-17 14:08:49,12500.0,200.0,1242382.0
107,2021-10-17 14:08:09,12500.0,100000.0,1242182.0
108,2021-10-17 14:06:52,12600.0,100.0,1142182.0
109,2021-10-17 14:06:48,12600.0,600.0,1142082.0
110,2021-10-17 14:06:37,12600.0,1000.0,1141482.0
111,2021-10-17 14:05:39,12600.0,500.0,1140482.0
112,2021-10-17 14:05:36,12600.0,1000.0,1139982.0
113,2021-10-17 14:05:12,12600.0,200.0,1138982.0
114,2021-10-17 14:04:55,12600.0,9300.0,1138782.0
115,2021-10-17 14:03:48,12600.0,16400.0,1129482.0
116,2021-10-17 14:03:44,12600.0,300.0,1113082.0
117,2021-10-17 14:03:37,12600.0,1000.0,1112782.0
118,2021-10-17 14:02:54,12600.0,1000.0,1111782.0
119,2021-10-17 14:02:43,12600.0,1400.0,1110782.0
120,2021-10-17 14:02:38,12600.0,5000.0,1109382.0
121,2021-10-17 14:02:15,12600.0,400.0,1104382.0
122,2021-10-17 14:02:14,12600.0,2000.0,1103982.0
123,2021-10-17 14:02:11,12600.0,300.0,1101982.0
124,2021-10-17 14:02:07,12600.0,300.0,1101682.0
125,2021-10-17 14:01:54,12600.0,1000.0,1101382.0
126,2021-10-17 14:01:06,12600.0,2000.0,1100382.0
127,2021-10-17 14:00:59,12600.0,2700.0,1098382.0
128,2021-10-17 14:00:49,12600.0,10000.0,1095682.0
129,2021-10-17 13:59:44,12600.0,2000.0,1085682.0
130,2021-10-17 13:58:57,12500.0,4000.0,1083682.0
131,2021-10-17 13:58:19,12500.0,100.0,1079682.0
132,2021-10-17 13:57:57,12600.0,1000.0,1079582.0
133,2021-10-17 13:56:52,12600.0,2000.0,1078582.0
134,2021-10-17 13:56:41,12600.0,500.0,1076582.0
135,2021-10-17 13:55:56,12600.0,100.0,1076082.0
136,2021-10-17 13:55:20,12500.0,1000.0,1075982.0
137,2021-10-17 13:55:16,12600.0,300.0,1074982.0
138,2021-10-17 13:52:53,12500.0,100.0,1074682.0
139,2021-10-17 13:51:16,12500.0,1600.0,1074582.0
140,2021-10-17 13:51:05,12500.0,25000.0,1072982.0
141,2021-10-17 13:50:13,12500.0,10000.0,1047982.0
142,2021-10-17 13:49:34,12500.0,9.0,1037982.0
143,2021-10-17 13:48:44,12500.0,100.0,1037973.0
144,2021-10-17 13:47:39,12500.0,2000.0,1037873.0
145,2021-10-17 13:47:30,12600.0,100.0,1035873.0
146,2021-10-17 13:46:52,12600.0,100.0,1035773.0
147,2021-10-17 13:46:28,12600.0,300.0,1035673.0
148,2021-10-17 13:44:58,12600.0,2800.0,1035373.0
149,2021-10-17 13:44:57,12500.0,1100.0,1032573.0
150,2021-10-17 13:44:25,12500.0,4000.0,1031473.0
151,2021-10-17 13:43:35,12500.0,1500.0,1027473.0
152,2021-10-17 13:43:34,12500.0,500.0,1025973.0
153,2021-10-17 13:42:41,12500.0,5000.0,1025473.0
154,2021-10-17 13:42:19,12500.0,1200.0,1020473.0
155,2021-10-17 13:41:48,12500.0,9900.0,1019273.0
156,2021-10-17 13:41:45,12600.0,100.0,1009373.0
157,2021-10-17 13:41:36,12500.0,30000.0,1009273.0
158,2021-10-17 13:40:30,12600.0,100.0,979273.0
159,2021-10-17 13:40:15,12600.0,900.0,979173.0
160,2021-10-17 13:40:11,12600.0,100.0,978273.0
161,2021-10-17 13:39:09,12500.0,50900.0,978173.0
162,2021-10-17 13:38:58,12600.0,100.0,927273.0
163,2021-10-17 13:38:49,12600.0,100.0,927173.0
164,2021-10-17 13:38:23,12500.0,6600.0,927073.0
165,2021-10-17 13:38:22,12500.0,3400.0,920473.0
166,2021-10-17 13:37:38,12600.0,2500.0,917073.0
167,2021-10-17 13:36:51,12600.0,500.0,914573.0
168,2021-10-17 13:36:49,12600.0,200.0,914073.0
169,2021-10-17 13:36:07,12600.0,2000.0,913873.0
170,2021-10-17 13:35:49,12600.0,200.0,911873.0
171,2021-10-17 13:35:34,12600.0,1200.0,911673.0
172,2021-10-17 13:34:50,12600.0,200.0,910473.0
173,2021-10-17 13:34:43,12600.0,1000.0,910273.0
174,2021-10-17 13:34:42,12600.0,300.0,909273.0
175,2021-10-17 13:34:25,12600.0,700.0,908973.0
176,2021-10-17 13:34:06,12500.0,10000.0,908273.0
177,2021-10-17 13:33:43,12600.0,3000.0,898273.0
178,2021-10-17 13:33:05,12600.0,2000.0,895273.0
179,2021-10-17 13:32:58,12600.0,12000.0,893273.0
180,2021-10-17 13:32:55,12600.0,1500.0,881273.0
181,2021-10-17 13:32:18,12600.0,6000.0,879773.0
182,2021-10-17 13:30:54,12600.0,200.0,873773.0
183,2021-10-17 13:30:47,12600.0,500.0,873573.0
184,2021-10-17 13:28:32,12600.0,1000.0,873073.0
185,2021-10-17 13:27:22,12600.0,3000.0,872073.0
186,2021-10-17 13:27:09,12600.0,500.0,869073.0
187,2021-10-17 13:26:27,12600.0,10000.0,868573.0
188,2021-10-17 13:25:40,12600.0,100.0,858573.0
189,2021-10-17 13:23:53,12700.0,500.0,858473.0
190,2021-10-17 13:23:50,12700.0,1000.0,857973.0
191,2021-10-17 13:23:14,12700.0,100.0,856973.0
192,2021-10-17 13:23:07,12700.0,1000.0,856873.0
193,2021-10-17 13:22:43,12700.0,100.0,855873.0
194,2021-10-17 13:22:37,12600.0,60000.0,855773.0
195,2021-10-17 13:22:13,12700.0,300.0,795773.0
196,2021-10-17 13:21:46,12700.0,500.0,795473.0
197,2021-10-17 13:21:40,12700.0,100.0,794973.0
198,2021-10-17 13:20:37,12700.0,100.0,794873.0
199,2021-10-17 13:20:08,12700.0,100.0,794773.0
200,2021-10-17 13:19:29,12600.0,300.0,794673.0
201,2021-10-17 13:19:28,12700.0,100.0,794373.0
202,2021-10-17 13:17:48,12700.0,800.0,794273.0
203,2021-10-17 13:17:46,12700.0,3700.0,793473.0
204,2021-10-17 13:17:42,12700.0,300.0,789773.0
205,2021-10-17 13:17:27,12700.0,100.0,789473.0
206,2021-10-17 13:17:24,12700.0,400.0,789373.0
207,2021-10-17 13:17:17,12700.0,200.0,788973.0
208,2021-10-17 13:16:55,12700.0,10000.0,788773.0
209,2021-10-17 13:16:36,12700.0,600.0,778773.0
210,2021-10-17 13:15:03,12700.0,3000.0,778173.0
211,2021-10-17 13:15:01,12700.0,1300.0,775173.0
212,2021-10-17 13:14:10,12700.0,500.0,773873.0
213,2021-10-17 13:13:49,12700.0,2500.0,773373.0
214,2021-10-17 13:13:48,12700.0,5000.0,770873.0
215,2021-10-17 13:13:29,12700.0,200.0,765873.0
216,2021-10-17 13:12:09,12700.0,1000.0,765673.0
217,2021-10-17 13:11:40,12700.0,1000.0,764673.0
218,2021-10-17 13:11:09,12700.0,1000.0,763673.0
219,2021-10-17 13:11:06,12700.0,500.0,762673.0
220,2021-10-17 13:11:04,12700.0,3100.0,762173.0
221,2021-10-17 13:10:50,12700.0,200.0,759073.0
222,2021-10-17 13:10:46,12700.0,1200.0,758873.0
223,2021-10-17 13:10:24,12700.0,3700.0,757673.0
224,2021-10-17 13:10:12,12700.0,2000.0,753973.0
225,2021-10-17 13:10:10,12700.0,100.0,751973.0
226,2021-10-17 13:09:57,12700.0,5500.0,751873.0
227,2021-10-17 13:09:34,12700.0,300.0,746373.0
228,2021-10-17 13:09:09,12700.0,1000.0,746073.0
229,2021-10-17 13:08:26,12700.0,1000.0,745073.0
230,2021-10-17 13:08:25,12600.0,35000.0,744073.0
231,2021-10-17 13:08:13,12700.0,10000.0,709073.0
232,2021-10-17 13:08:02,12700.0,3000.0,699073.0
233,2021-10-17 13:07:30,12700.0,1000.0,696073.0
234,2021-10-17 13:07:28,12700.0,500.0,695073.0
235,2021-10-17 13:06:56,12700.0,500.0,694573.0
236,2021-10-17 13:06:54,12700.0,1500.0,694073.0
237,2021-10-17 13:06:34,12700.0,1000.0,692573.0
238,2021-10-17 13:06:07,12600.0,44500.0,691573.0
239,2021-10-17 13:05:19,12600.0,12000.0,647073.0
240,2021-10-17 13:05:17,12600.0,1000.0,635073.0
241,2021-10-17 13:01:13,12600.0,400.0,634073.0
242,2021-10-17 13:00:55,12700.0,1000.0,633673.0
243,2021-10-17 13:00:33,12700.0,5000.0,632673.0
244,2021-10-17 13:00:29,12700.0,2400.0,627673.0
245,2021-10-17 13:00:25,12700.0,1500.0,625273.0
246,2021-10-17 13:00:14,12700.0,800.0,623773.0
247,2021-10-17 13:00:11,12700.0,100.0,622973.0
248,2021-10-17 13:00:09,12700.0,500.0,622873.0
249,2021-10-17 13:00:07,12700.0,1000.0,622373.0
250,2021-10-17 13:00:06,12700.0,1800.0,621373.0
251,2021-10-17 13:00:05,12700.0,100.0,619573.0
252,2021-10-17 11:29:50,12700.0,200.0,619473.0
253,2021-10-17 11:29:16,12700.0,500.0,619273.0
254,2021-10-17 11:28:40,12700.0,100.0,618773.0
255,2021-10-17 11:27:59,12700.0,500.0,618673.0
256,2021-10-17 11:27:11,12700.0,400.0,618173.0
257,2021-10-17 11:26:11,12700.0,100.0,617773.0
258,2021-10-17 11:24:59,12700.0,1000.0,617673.0
259,2021-10-17 11:24:23,12600.0,1500.0,616673.0
260,2021-10-17 11:23:39,12600.0,1000.0,615173.0
261,2021-10-17 11:21:14,12600.0,100.0,614173.0
262,2021-10-17 11:16:12,12600.0,5000.0,614073.0
263,2021-10-17 11:15:53,12600.0,200.0,609073.0
264,2021-10-17 11:13:57,12600.0,700.0,608873.0
265,2021-10-17 11:13:56,12700.0,3200.0,608173.0
266,2021-10-17 11:09:01,12600.0,1000.0,604973.0
267,2021-10-17 11:07:46,12600.0,27800.0,603973.0
268,2021-10-17 11:06:30,12700.0,1000.0,576173.0
269,2021-10-17 11:06:20,12700.0,500.0,575173.0
270,2021-10-17 11:05:42,12700.0,500.0,574673.0
271,2021-10-17 11:04:45,12600.0,3800.0,574173.0
272,2021-10-17 11:03:25,12600.0,30000.0,570373.0
273,2021-10-17 11:02:26,12700.0,100.0,540373.0
274,2021-10-17 11:02:10,12700.0,2100.0,540273.0
275,2021-10-17 11:01:51,12700.0,1000.0,538173.0
276,2021-10-17 11:01:07,12700.0,2000.0,537173.0
277,2021-10-17 11:00:36,12700.0,100.0,535173.0
278,2021-10-17 11:00:33,12700.0,600.0,535073.0
279,2021-10-17 11:00:21,12700.0,1000.0,534473.0
280,2021-10-17 11:00:11,12700.0,2000.0,533473.0
281,2021-10-17 10:59:58,12700.0,1000.0,531473.0
282,2021-10-17 10:59:20,12700.0,1000.0,530473.0
283,2021-10-17 10:59:17,12700.0,1000.0,529473.0
284,2021-10-17 10:59:16,12700.0,1000.0,528473.0
285,2021-10-17 10:59:04,12700.0,39.0,527473.0
286,2021-10-17 10:58:59,12700.0,1000.0,527434.0
287,2021-10-17 10:58:53,12700.0,100.0,526434.0
288,2021-10-17 10:58:37,12700.0,2000.0,526334.0
289,2021-10-17 10:58:30,12700.0,3000.0,524334.0
290,2021-10-17 10:57:42,12700.0,2800.0,521334.0
291,2021-10-17 10:57:33,12700.0,100.0,518534.0
292,2021-10-17 10:57:23,12700.0,500.0,518434.0
293,2021-10-17 10:57:18,12700.0,2000.0,517934.0
294,2021-10-17 10:57:04,12700.0,500.0,515934.0
295,2021-10-17 10:56:58,12700.0,500.0,515434.0
296,2021-10-17 10:56:48,12600.0,500.0,514934.0
297,2021-10-17 10:55:16,12600.0,400.0,514434.0
298,2021-10-17 10:55:02,12700.0,200.0,514034.0
299,2021-10-17 10:54:34,12700.0,2000.0,513834.0
300,2021-10-17 10:52:40,12600.0,9900.0,511834.0
301,2021-10-17 10:52:06,12700.0,100.0,501934.0
302,2021-10-17 10:51:37,12600.0,100.0,501834.0
303,2021-10-17 10:50:13,12600.0,22600.0,501734.0
304,2021-10-17 10:49:50,12700.0,5000.0,479134.0
305,2021-10-17 10:48:41,12700.0,2000.0,474134.0
306,2021-10-17 10:48:27,12700.0,2900.0,472134.0
307,2021-10-17 10:48:22,12800.0,5000.0,469234.0
308,2021-10-17 10:48:21,12700.0,1000.0,464234.0
309,2021-10-17 10:47:33,12700.0,200.0,463234.0
310,2021-10-17 10:47:24,12700.0,100.0,463034.0
311,2021-10-17 10:47:16,12700.0,10000.0,462934.0
312,2021-10-17 10:47:09,12700.0,1500.0,452934.0
313,2021-10-17 10:47:02,12700.0,3600.0,451434.0
314,2021-10-17 10:46:47,12700.0,2600.0,447834.0
315,2021-10-17 10:46:08,12700.0,4000.0,445234.0
316,2021-10-17 10:45:59,12600.0,4200.0,441234.0
317,2021-10-17 10:45:57,12700.0,1100.0,437034.0
318,2021-10-17 10:45:32,12700.0,100.0,435934.0
319,2021-10-17 10:45:26,12700.0,10000.0,435834.0
320,2021-10-17 10:44:47,12700.0,10000.0,425834.0
321,2021-10-17 10:44:19,12600.0,400.0,415834.0
322,2021-10-17 10:42:26,12700.0,400.0,415434.0
323,2021-10-17 10:42:05,12600.0,100.0,415034.0
324,2021-10-17 10:42:02,12700.0,2000.0,414934.0
325,2021-10-17 10:41:47,12700.0,600.0,412934.0
326,2021-10-17 10:38:13,12700.0,500.0,412334.0
327,2021-10-17 10:38:12,12600.0,200.0,411834.0
328,2021-10-17 10:38:06,12600.0,4000.0,411634.0
329,2021-10-17 10:37:40,12700.0,500.0,407634.0
330,2021-10-17 10:37:09,12700.0,100.0,407134.0
331,2021-10-17 10:36:57,12600.0,3400.0,407034.0
332,2021-10-17 10:36:00,12600.0,100.0,403634.0
333,2021-10-17 10:31:39,12600.0,5500.0,403534.0
334,2021-10-17 10:30:24,12600.0,5000.0,398034.0
335,2021-10-17 10:29:36,12700.0,100.0,393034.0
336,2021-10-17 10:28:54,12600.0,1000.0,392934.0
337,2021-10-17 10:28:50,12600.0,1500.0,391934.0
338,2021-10-17 10:28:13,12600.0,100.0,390434.0
339,2021-10-17 10:27:31,12700.0,400.0,390334.0
340,2021-10-17 10:25:45,12700.0,300.0,389934.0
341,2021-10-17 10:25:26,12700.0,2000.0,389634.0
342,2021-10-17 10:24:37,12600.0,200.0,387634.0
343,2021-10-17 10:24:17,12700.0,2000.0,387434.0
344,2021-10-17 10:23:51,12700.0,10000.0,385434.0
345,2021-10-17 10:21:38,12700.0,10.0,375434.0
346,2021-10-17 10:21:04,12700.0,1000.0,375424.0
347,2021-10-17 10:20:05,12700.0,500.0,374424.0
348,2021-10-17 10:19:25,12700.0,100.0,373924.0
349,2021-10-17 10:19:12,12700.0,300.0,373824.0
350,2021-10-17 10:18:25,12700.0,1000.0,373524.0
351,2021-10-17 10:17:54,12700.0,300.0,372524.0
352,2021-10-17 10:17:21,12700.0,2900.0,372224.0
353,2021-10-17 10:15:42,12600.0,1000.0,369324.0
354,2021-10-17 10:15:02,12600.0,1000.0,368324.0
355,2021-10-17 10:14:57,12600.0,20.0,367324.0
356,2021-10-17 10:13:57,12600.0,400.0,367304.0
357,2021-10-17 10:12:19,12700.0,500.0,366904.0
358,2021-10-17 10:08:31,12700.0,500.0,366404.0
359,2021-10-17 10:08:15,12700.0,12800.0,365904.0
360,2021-10-17 10:07:43,12600.0,100.0,353104.0
361,2021-10-17 10:06:13,12600.0,600.0,353004.0
362,2021-10-17 10:05:42,12600.0,7400.0,352404.0
363,2021-10-17 10:04:26,12600.0,6600.0,345004.0
364,2021-10-17 10:03:45,12600.0,5000.0,338404.0
365,2021-10-17 10:02:42,12700.0,4000.0,333404.0
366,2021-10-17 10:00:27,12700.0,1200.0,329404.0
367,2021-10-17 09:59:52,12700.0,500.0,328204.0
368,2021-10-17 09:59:08,12700.0,100.0,327704.0
369,2021-10-17 09:59:03,12700.0,400.0,327604.0
370,2021-10-17 09:58:35,12700.0,2400.0,327204.0
371,2021-10-17 09:58:30,12700.0,5000.0,324804.0
372,2021-10-17 09:57:33,12700.0,2000.0,319804.0
373,2021-10-17 09:57:21,12700.0,100.0,317804.0
374,2021-10-17 09:56:13,12700.0,9600.0,317704.0
375,2021-10-17 09:55:20,12600.0,600.0,308104.0
376,2021-10-17 09:54:40,12600.0,100.0,307504.0
377,2021-10-17 09:54:35,12700.0,20000.0,307404.0
378,2021-10-17 09:54:12,12600.0,6600.0,287404.0
379,2021-10-17 09:53:33,12600.0,100.0,280804.0
380,2021-10-17 09:53:30,12600.0,2500.0,280704.0
381,2021-10-17 09:53:22,12600.0,100.0,278204.0
382,2021-10-17 09:52:51,12600.0,500.0,278104.0
383,2021-10-17 09:52:28,12600.0,100.0,277604.0
384,2021-10-17 09:52:21,12600.0,500.0,277504.0
385,2021-10-17 09:51:47,12600.0,200.0,277004.0
386,2021-10-17 09:50:56,12600.0,10000.0,276804.0
387,2021-10-17 09:50:05,12700.0,3600.0,266804.0
388,2021-10-17 09:50:00,12700.0,200.0,263204.0
389,2021-10-17 09:48:46,12600.0,10000.0,263004.0
390,2021-10-17 09:48:28,12700.0,200.0,253004.0
391,2021-10-17 09:47:53,12700.0,2900.0,252804.0
392,2021-10-17 09:46:54,12700.0,1700.0,249904.0
393,2021-10-17 09:46:45,12700.0,2500.0,248204.0
394,2021-10-17 09:46:18,12700.0,400.0,245704.0
395,2021-10-17 09:46:08,12700.0,11100.0,245304.0
396,2021-10-17 09:45:34,12700.0,1000.0,234204.0
397,2021-10-17 09:44:43,12700.0,6900.0,233204.0
398,2021-10-17 09:44:36,12700.0,2500.0,226304.0
399,2021-10-17 09:44:27,12700.0,6600.0,223804.0
400,2021-10-17 09:44:00,12700.0,1100.0,217204.0
401,2021-10-17 09:41:42,12600.0,500.0,216104.0
402,2021-10-17 09:40:39,12600.0,5000.0,215604.0
403,2021-10-17 09:39:41,12600.0,200.0,210604.0
404,2021-10-17 09:39:31,12600.0,1000.0,210404.0
405,2021-10-17 09:39:01,12600.0,1000.0,209404.0
406,2021-10-17 09:38:50,12600.0,4000.0,208404.0
407,2021-10-17 09:38:47,12600.0,200.0,204404.0
408,2021-10-17 09:37:53,12600.0,300.0,204204.0
409,2021-10-17 09:37:31,12600.0,100.0,203904.0
410,2021-10-17 09:37:24,12600.0,1000.0,203804.0
411,2021-10-17 09:36:37,12600.0,4000.0,202804.0
412,2021-10-17 09:34:55,12600.0,100.0,198804.0
413,2021-10-17 09:34:02,12700.0,1900.0,198704.0
414,2021-10-17 09:32:24,12700.0,11800.0,196804.0
415,2021-10-17 09:31:51,12700.0,500.0,185004.0
416,2021-10-17 09:31:39,12700.0,800.0,184504.0
417,2021-10-17 09:30:43,12700.0,5300.0,183704.0
418,2021-10-17 09:30:05,12800.0,100.0,178404.0
419,2021-10-17 09:30:03,12800.0,1000.0,178304.0
420,2021-10-17 09:28:38,12800.0,2300.0,177304.0
421,2021-10-17 09:28:04,12700.0,2800.0,175004.0
422,2021-10-17 09:28:03,12700.0,5700.0,172204.0
423,2021-10-17 09:27:59,12800.0,500.0,166504.0
424,2021-10-17 09:27:41,12700.0,57500.0,166004.0
425,2021-10-17 09:27:35,12800.0,7000.0,108504.0
426,2021-10-17 09:26:54,12700.0,100.0,101504.0
427,2021-10-17 09:26:15,12700.0,2000.0,101404.0
428,2021-10-17 09:25:22,12700.0,100.0,99404.0
429,2021-10-17 09:24:59,12700.0,1000.0,99304.0
430,2021-10-17 09:24:58,12700.0,4.0,98304.0
431,2021-10-17 09:23:17,12700.0,200.0,98300.0
432,2021-10-17 09:23:10,12800.0,900.0,98100.0
433,2021-10-17 09:22:46,12800.0,1000.0,97200.0
434,2021-10-17 09:22:45,12700.0,100.0,96200.0
435,2021-10-17 09:22:24,12800.0,800.0,96100.0
436,2021-10-17 09:21:56,12800.0,2000.0,95300.0
437,2021-10-17 09:21:52,12800.0,1200.0,93300.0
438,2021-10-17 09:21:05,12800.0,300.0,92100.0
439,2021-10-17 09:20:32,12800.0,900.0,91800.0
440,2021-10-17 09:20:10,12800.0,9400.0,90900.0
441,2021-10-17 09:19:18,12800.0,100.0,81500.0
442,2021-10-17 09:19:07,12800.0,1000.0,81400.0
443,2021-10-17 09:18:33,12800.0,300.0,80400.0
444,2021-10-17 09:16:48,12800.0,200.0,80100.0
445,2021-10-17 09:16:45,12800.0,300.0,79900.0
446,2021-10-17 09:16:17,12800.0,1000.0,79600.0
447,2021-10-17 09:15:55,12800.0,1600.0,78600.0
448,2021-10-17 09:15:36,12800.0,1000.0,77000.0
449,2021-10-17 09:15:21,12800.0,2000.0,76000.0
450,2021-10-17 09:14:38,12800.0,100.0,74000.0
451,2021-10-17 09:13:32,12800.0,100.0,73900.0
452,2021-10-17 09:12:28,12700.0,500.0,73800.0
453,2021-10-17 09:12:05,12700.0,100.0,73300.0
454,2021-10-17 09:12:01,12700.0,4900.0,73200.0
455,2021-10-17 09:11:51,12700.0,500.0,68300.0
456,2021-10-17 09:11:19,12700.0,6800.0,67800.0
457,2021-10-17 09:10:48,12700.0,500.0,61000.0
458,2021-10-17 09:09:53,12700.0,100.0,60500.0
459,2021-10-17 09:09:30,12800.0,300.0,60400.0
460,2021-10-17 09:08:57,12800.0,1000.0,60100.0
461,2021-10-17 09:08:39,12800.0,7600.0,59100.0
462,2021-10-17 09:08:29,12800.0,5000.0,51500.0
463,2021-10-17 09:08:01,12800.0,1000.0,46500.0
464,2021-10-17 09:07:39,12800.0,3000.0,45500.0
465,2021-10-17 09:07:32,12800.0,200.0,42500.0
466,2021-10-17 09:05:57,12800.0,400.0,42300.0
467,2021-10-17 09:05:54,12800.0,700.0,41900.0
468,2021-10-17 09:05:08,12700.0,1900.0,41200.0
469,2021-10-17 09:04:59,12800.0,1000.0,39300.0
470,2021-10-17 09:04:56,12800.0,500.0,38300.0
471,2021-10-17 09:04:42,12800.0,700.0,37800.0
472,2021-10-17 09:03:29,12800.0,1000.0,37100.0
473,2021-10-17 09:03:02,12800.0,200.0,36100.0
474,2021-10-17 09:01:25,12700.0,30000.0,35900.0
475,2021-10-17 09:01:24,12800.0,1900.0,5900.0
476,2021-10-17 09:00:34,12800.0,100.0,4000.0
477,2021-10-17 09:00:32,12900.0,2800.0,3900.0
478,2021-10-17 09:00:07,12900.0,900.0,1100.0
479,2021-10-17 09:00:04,12700.0,200.0,200.0
