,Time,Price,Volume_per_trade,Volume
0,2021-10-01 14:45:03,12000.0,31800.0,2667386.0
1,2021-10-01 14:29:27,12000.0,2700.0,2635586.0
2,2021-10-01 14:29:26,12000.0,1000.0,2632886.0
3,2021-10-01 14:29:20,12000.0,1500.0,2631886.0
4,2021-10-01 14:29:16,12000.0,1000.0,2630386.0
5,2021-10-01 14:29:12,12000.0,800.0,2629386.0
6,2021-10-01 14:29:11,12000.0,200.0,2628586.0
7,2021-10-01 14:29:06,12000.0,100.0,2628386.0
8,2021-10-01 14:29:03,12000.0,100.0,2628286.0
9,2021-10-01 14:28:58,12000.0,1000.0,2628186.0
10,2021-10-01 14:28:54,12000.0,1000.0,2627186.0
11,2021-10-01 14:28:44,12000.0,1000.0,2626186.0
12,2021-10-01 14:28:35,12000.0,5000.0,2625186.0
13,2021-10-01 14:28:17,12000.0,1000.0,2620186.0
14,2021-10-01 14:28:00,12000.0,2700.0,2619186.0
15,2021-10-01 14:27:37,12000.0,100.0,2616486.0
16,2021-10-01 14:27:35,12000.0,500.0,2616386.0
17,2021-10-01 14:27:18,12000.0,500.0,2615886.0
18,2021-10-01 14:27:13,12000.0,1400.0,2615386.0
19,2021-10-01 14:27:11,12000.0,2000.0,2613986.0
20,2021-10-01 14:27:01,12000.0,100.0,2611986.0
21,2021-10-01 14:27:00,12000.0,1000.0,2611886.0
22,2021-10-01 14:26:52,12000.0,1900.0,2610886.0
23,2021-10-01 14:26:45,12000.0,300.0,2608986.0
24,2021-10-01 14:25:53,11900.0,5000.0,2608686.0
25,2021-10-01 14:25:52,12000.0,600.0,2603686.0
26,2021-10-01 14:25:40,12000.0,19400.0,2603086.0
27,2021-10-01 14:25:00,12000.0,6900.0,2583686.0
28,2021-10-01 14:24:58,12000.0,10000.0,2576786.0
29,2021-10-01 14:24:53,11900.0,5000.0,2566786.0
30,2021-10-01 14:24:51,12000.0,100.0,2561786.0
31,2021-10-01 14:24:42,12000.0,10000.0,2561686.0
32,2021-10-01 14:23:19,12000.0,500.0,2551686.0
33,2021-10-01 14:22:53,12000.0,1000.0,2551186.0
34,2021-10-01 14:22:31,12000.0,5000.0,2550186.0
35,2021-10-01 14:22:20,11900.0,500.0,2545186.0
36,2021-10-01 14:21:54,11900.0,500.0,2544686.0
37,2021-10-01 14:21:50,12000.0,100.0,2544186.0
38,2021-10-01 14:20:35,12000.0,28.0,2544086.0
39,2021-10-01 14:18:37,12000.0,11600.0,2544058.0
40,2021-10-01 14:18:31,12000.0,16000.0,2532458.0
41,2021-10-01 14:18:17,12000.0,1000.0,2516458.0
42,2021-10-01 14:16:41,12000.0,2000.0,2515458.0
43,2021-10-01 14:16:22,12100.0,600.0,2513458.0
44,2021-10-01 14:16:10,12100.0,100.0,2512858.0
45,2021-10-01 14:16:09,12100.0,4000.0,2512758.0
46,2021-10-01 14:15:53,12100.0,500.0,2508758.0
47,2021-10-01 14:15:35,12100.0,100.0,2508258.0
48,2021-10-01 14:15:03,12100.0,500.0,2508158.0
49,2021-10-01 14:12:38,12100.0,100.0,2507658.0
50,2021-10-01 14:12:17,12100.0,900.0,2507558.0
51,2021-10-01 14:12:06,12100.0,1000.0,2506658.0
52,2021-10-01 14:11:59,12100.0,500.0,2505658.0
53,2021-10-01 14:11:58,12100.0,300.0,2505158.0
54,2021-10-01 14:11:57,12100.0,1000.0,2504858.0
55,2021-10-01 14:11:56,12100.0,100.0,2503858.0
56,2021-10-01 14:11:28,12100.0,3000.0,2503758.0
57,2021-10-01 14:11:14,12100.0,200.0,2500758.0
58,2021-10-01 14:11:09,12100.0,100.0,2500558.0
59,2021-10-01 14:10:52,12100.0,52.0,2500458.0
60,2021-10-01 14:10:50,12100.0,1000.0,2500406.0
61,2021-10-01 14:10:37,12100.0,1000.0,2499406.0
62,2021-10-01 14:10:12,12100.0,4000.0,2498406.0
63,2021-10-01 14:10:06,12100.0,1200.0,2494406.0
64,2021-10-01 14:10:02,12100.0,100.0,2493206.0
65,2021-10-01 14:09:53,12100.0,500.0,2493106.0
66,2021-10-01 14:09:39,12100.0,100.0,2492606.0
67,2021-10-01 14:09:37,12100.0,1000.0,2492506.0
68,2021-10-01 14:09:27,12100.0,200.0,2491506.0
69,2021-10-01 14:09:26,12100.0,100.0,2491306.0
70,2021-10-01 14:09:02,12100.0,5000.0,2491206.0
71,2021-10-01 14:08:57,12100.0,5000.0,2486206.0
72,2021-10-01 14:08:21,12100.0,100.0,2481206.0
73,2021-10-01 14:08:08,12100.0,200.0,2481106.0
74,2021-10-01 14:07:34,12100.0,14800.0,2480906.0
75,2021-10-01 14:07:26,12100.0,10000.0,2466106.0
76,2021-10-01 14:07:03,12100.0,3000.0,2456106.0
77,2021-10-01 14:07:01,12100.0,100.0,2453106.0
78,2021-10-01 14:06:08,12100.0,2000.0,2453006.0
79,2021-10-01 14:05:48,12100.0,400.0,2451006.0
80,2021-10-01 14:05:44,12200.0,5000.0,2450606.0
81,2021-10-01 14:05:28,12200.0,2500.0,2445606.0
82,2021-10-01 14:04:19,12200.0,100.0,2443106.0
83,2021-10-01 14:03:47,12200.0,100.0,2443006.0
84,2021-10-01 14:03:41,12200.0,2000.0,2442906.0
85,2021-10-01 14:03:40,12200.0,2000.0,2440906.0
86,2021-10-01 14:03:34,12200.0,100.0,2438906.0
87,2021-10-01 14:03:29,12200.0,2000.0,2438806.0
88,2021-10-01 14:03:25,12200.0,100.0,2436806.0
89,2021-10-01 14:03:20,12200.0,1000.0,2436706.0
90,2021-10-01 14:03:00,12200.0,1000.0,2435706.0
91,2021-10-01 14:02:24,12200.0,100.0,2434706.0
92,2021-10-01 14:02:08,12200.0,2.0,2434606.0
93,2021-10-01 14:01:41,12200.0,3600.0,2434604.0
94,2021-10-01 14:01:38,12200.0,100.0,2431004.0
95,2021-10-01 14:01:36,12200.0,1.0,2430904.0
96,2021-10-01 14:01:35,12200.0,500.0,2430903.0
97,2021-10-01 14:01:34,12200.0,10000.0,2430403.0
98,2021-10-01 14:01:29,12200.0,1000.0,2420403.0
99,2021-10-01 14:01:25,12200.0,800.0,2419403.0
100,2021-10-01 14:01:13,12200.0,100.0,2418603.0
101,2021-10-01 14:01:10,12200.0,15000.0,2418503.0
102,2021-10-01 14:01:09,12200.0,3500.0,2403503.0
103,2021-10-01 14:01:03,12200.0,5000.0,2400003.0
104,2021-10-01 14:00:54,12200.0,1000.0,2395003.0
105,2021-10-01 14:00:49,12200.0,1200.0,2394003.0
106,2021-10-01 14:00:41,12100.0,200.0,2392803.0
107,2021-10-01 14:00:39,12200.0,5000.0,2392603.0
108,2021-10-01 14:00:32,12200.0,1000.0,2387603.0
109,2021-10-01 14:00:28,12200.0,15000.0,2386603.0
110,2021-10-01 14:00:06,12200.0,20000.0,2371603.0
111,2021-10-01 13:59:57,12100.0,400.0,2351603.0
112,2021-10-01 13:59:25,12100.0,2000.0,2351203.0
113,2021-10-01 13:59:12,12100.0,1000.0,2349203.0
114,2021-10-01 13:58:01,12100.0,5000.0,2348203.0
115,2021-10-01 13:57:59,12100.0,100.0,2343203.0
116,2021-10-01 13:56:59,12100.0,1000.0,2343103.0
117,2021-10-01 13:56:57,12100.0,100.0,2342103.0
118,2021-10-01 13:56:25,12100.0,1000.0,2342003.0
119,2021-10-01 13:55:58,12100.0,300.0,2341003.0
120,2021-10-01 13:55:55,12200.0,300.0,2340703.0
121,2021-10-01 13:55:25,12200.0,300.0,2340403.0
122,2021-10-01 13:55:23,12100.0,900.0,2340103.0
123,2021-10-01 13:55:22,12200.0,200.0,2339203.0
124,2021-10-01 13:55:14,12200.0,100.0,2339003.0
125,2021-10-01 13:55:00,12200.0,13300.0,2338903.0
126,2021-10-01 13:54:55,12100.0,10200.0,2325603.0
127,2021-10-01 13:54:53,12100.0,300.0,2315403.0
128,2021-10-01 13:54:45,12200.0,500.0,2315103.0
129,2021-10-01 13:54:44,12100.0,500.0,2314603.0
130,2021-10-01 13:54:24,12200.0,4100.0,2314103.0
131,2021-10-01 13:53:22,12100.0,100.0,2310003.0
132,2021-10-01 13:52:46,12100.0,4000.0,2309903.0
133,2021-10-01 13:52:32,12100.0,1000.0,2305903.0
134,2021-10-01 13:52:27,12100.0,5000.0,2304903.0
135,2021-10-01 13:52:14,12100.0,5000.0,2299903.0
136,2021-10-01 13:52:11,12100.0,100.0,2294903.0
137,2021-10-01 13:52:08,12100.0,100.0,2294803.0
138,2021-10-01 13:51:44,12100.0,1000.0,2294703.0
139,2021-10-01 13:51:17,12100.0,3000.0,2293703.0
140,2021-10-01 13:50:27,12100.0,5000.0,2290703.0
141,2021-10-01 13:50:26,12100.0,1000.0,2285703.0
142,2021-10-01 13:50:20,12100.0,10100.0,2284703.0
143,2021-10-01 13:49:32,12100.0,200.0,2274603.0
144,2021-10-01 13:49:24,12100.0,8200.0,2274403.0
145,2021-10-01 13:49:03,12100.0,1000.0,2266203.0
146,2021-10-01 13:48:58,12200.0,1.0,2265203.0
147,2021-10-01 13:48:57,12200.0,100.0,2265202.0
148,2021-10-01 13:48:49,12100.0,100.0,2265102.0
149,2021-10-01 13:48:31,12200.0,1500.0,2265002.0
150,2021-10-01 13:48:12,12200.0,700.0,2263502.0
151,2021-10-01 13:47:36,12200.0,4700.0,2262802.0
152,2021-10-01 13:47:22,12200.0,1000.0,2258102.0
153,2021-10-01 13:47:17,12200.0,10.0,2257102.0
154,2021-10-01 13:47:09,12200.0,1000.0,2257092.0
155,2021-10-01 13:47:08,12200.0,13900.0,2256092.0
156,2021-10-01 13:47:06,12200.0,8000.0,2242192.0
157,2021-10-01 13:47:03,12300.0,8100.0,2234192.0
158,2021-10-01 13:47:01,12200.0,7700.0,2226092.0
159,2021-10-01 13:47:00,12200.0,10000.0,2218392.0
160,2021-10-01 13:46:58,12300.0,10.0,2208392.0
161,2021-10-01 13:46:49,12300.0,19.0,2208382.0
162,2021-10-01 13:46:37,12300.0,1.0,2208363.0
163,2021-10-01 13:46:29,12300.0,700.0,2208362.0
164,2021-10-01 13:45:54,12300.0,5600.0,2207662.0
165,2021-10-01 13:45:38,12200.0,100.0,2202062.0
166,2021-10-01 13:45:09,12300.0,300.0,2201962.0
167,2021-10-01 13:44:23,12300.0,1.0,2201662.0
168,2021-10-01 13:44:14,12300.0,800.0,2201661.0
169,2021-10-01 13:44:10,12200.0,1000.0,2200861.0
170,2021-10-01 13:43:59,12300.0,7000.0,2199861.0
171,2021-10-01 13:43:55,12300.0,62.0,2192861.0
172,2021-10-01 13:43:51,12300.0,300.0,2192799.0
173,2021-10-01 13:43:46,12200.0,500.0,2192499.0
174,2021-10-01 13:43:40,12300.0,2000.0,2191999.0
175,2021-10-01 13:43:35,12300.0,500.0,2189999.0
176,2021-10-01 13:43:30,12300.0,1000.0,2189499.0
177,2021-10-01 13:43:22,12300.0,800.0,2188499.0
178,2021-10-01 13:43:20,12300.0,15000.0,2187699.0
179,2021-10-01 13:42:58,12200.0,1300.0,2172699.0
180,2021-10-01 13:42:48,12200.0,100.0,2171399.0
181,2021-10-01 13:42:43,12200.0,40.0,2171299.0
182,2021-10-01 13:42:13,12200.0,600.0,2171259.0
183,2021-10-01 13:42:11,12200.0,10000.0,2170659.0
184,2021-10-01 13:42:10,12300.0,2700.0,2160659.0
185,2021-10-01 13:41:52,12300.0,100.0,2157959.0
186,2021-10-01 13:41:44,12300.0,8100.0,2157859.0
187,2021-10-01 13:41:25,12300.0,2500.0,2149759.0
188,2021-10-01 13:41:18,12200.0,1800.0,2147259.0
189,2021-10-01 13:41:14,12200.0,5000.0,2145459.0
190,2021-10-01 13:41:13,12200.0,10000.0,2140459.0
191,2021-10-01 13:41:09,12200.0,20500.0,2130459.0
192,2021-10-01 13:41:06,12200.0,1600.0,2109959.0
193,2021-10-01 13:41:01,12200.0,40000.0,2108359.0
194,2021-10-01 13:40:52,12200.0,700.0,2068359.0
195,2021-10-01 13:40:50,12200.0,30000.0,2067659.0
196,2021-10-01 13:40:40,12200.0,300.0,2037659.0
197,2021-10-01 13:40:26,12200.0,500.0,2037359.0
198,2021-10-01 13:40:20,12100.0,5000.0,2036859.0
199,2021-10-01 13:40:15,12100.0,1000.0,2031859.0
200,2021-10-01 13:40:08,12100.0,200.0,2030859.0
201,2021-10-01 13:40:07,12200.0,30200.0,2030659.0
202,2021-10-01 13:39:56,12100.0,1900.0,2000459.0
203,2021-10-01 13:39:52,12100.0,20000.0,1998559.0
204,2021-10-01 13:39:51,12100.0,10000.0,1978559.0
205,2021-10-01 13:39:49,12100.0,300.0,1968559.0
206,2021-10-01 13:39:45,12100.0,5000.0,1968259.0
207,2021-10-01 13:39:44,12100.0,600.0,1963259.0
208,2021-10-01 13:39:43,12100.0,3500.0,1962659.0
209,2021-10-01 13:39:39,12100.0,2000.0,1959159.0
210,2021-10-01 13:39:38,12100.0,19500.0,1957159.0
211,2021-10-01 13:39:37,12100.0,700.0,1937659.0
212,2021-10-01 13:39:36,12100.0,800.0,1936959.0
213,2021-10-01 13:39:35,12100.0,900.0,1936159.0
214,2021-10-01 13:39:31,12100.0,1900.0,1935259.0
215,2021-10-01 13:39:29,12100.0,500.0,1933359.0
216,2021-10-01 13:39:28,12100.0,5000.0,1932859.0
217,2021-10-01 13:39:26,12100.0,7000.0,1927859.0
218,2021-10-01 13:39:22,12100.0,6200.0,1920859.0
219,2021-10-01 13:38:42,12100.0,1000.0,1914659.0
220,2021-10-01 13:38:39,12100.0,1000.0,1913659.0
221,2021-10-01 13:38:37,12100.0,800.0,1912659.0
222,2021-10-01 13:38:32,12100.0,60.0,1911859.0
223,2021-10-01 13:38:20,12100.0,5000.0,1911799.0
224,2021-10-01 13:38:12,12100.0,100.0,1906799.0
225,2021-10-01 13:37:59,12100.0,1300.0,1906699.0
226,2021-10-01 13:37:11,12000.0,2000.0,1905399.0
227,2021-10-01 13:36:57,12100.0,100.0,1903399.0
228,2021-10-01 13:36:41,12000.0,5600.0,1903299.0
229,2021-10-01 13:36:40,12000.0,1000.0,1897699.0
230,2021-10-01 13:36:38,12000.0,50000.0,1896699.0
231,2021-10-01 13:36:37,12000.0,30000.0,1846699.0
232,2021-10-01 13:36:35,12000.0,2000.0,1816699.0
233,2021-10-01 13:36:26,12000.0,3600.0,1814699.0
234,2021-10-01 13:36:21,12000.0,1000.0,1811099.0
235,2021-10-01 13:36:20,12000.0,800.0,1810099.0
236,2021-10-01 13:36:12,12000.0,2000.0,1809299.0
237,2021-10-01 13:36:03,12000.0,2000.0,1807299.0
238,2021-10-01 13:36:00,12000.0,2000.0,1805299.0
239,2021-10-01 13:35:54,12000.0,4200.0,1803299.0
240,2021-10-01 13:35:52,12000.0,3000.0,1799099.0
241,2021-10-01 13:35:46,12000.0,6000.0,1796099.0
242,2021-10-01 13:35:44,12000.0,1000.0,1790099.0
243,2021-10-01 13:35:20,12000.0,3000.0,1789099.0
244,2021-10-01 13:35:05,11900.0,5500.0,1786099.0
245,2021-10-01 13:34:54,12000.0,200.0,1780599.0
246,2021-10-01 13:34:26,12000.0,100.0,1780399.0
247,2021-10-01 13:34:22,12000.0,1000.0,1780299.0
248,2021-10-01 13:34:21,12000.0,100.0,1779299.0
249,2021-10-01 13:34:20,12000.0,1000.0,1779199.0
250,2021-10-01 13:34:15,12000.0,15000.0,1778199.0
251,2021-10-01 13:34:11,12000.0,1800.0,1763199.0
252,2021-10-01 13:33:24,12000.0,2400.0,1761399.0
253,2021-10-01 13:33:11,12000.0,200.0,1758999.0
254,2021-10-01 13:32:42,11900.0,100.0,1758799.0
255,2021-10-01 13:32:25,12000.0,15000.0,1758699.0
256,2021-10-01 13:32:06,12000.0,3200.0,1743699.0
257,2021-10-01 13:31:35,11900.0,1000.0,1740499.0
258,2021-10-01 13:31:32,12000.0,9000.0,1739499.0
259,2021-10-01 13:31:19,12000.0,100.0,1730499.0
260,2021-10-01 13:31:11,11900.0,50.0,1730399.0
261,2021-10-01 13:31:04,11900.0,2900.0,1730349.0
262,2021-10-01 13:30:50,11900.0,2000.0,1727449.0
263,2021-10-01 13:30:44,11900.0,4000.0,1725449.0
264,2021-10-01 13:30:40,11900.0,1400.0,1721449.0
265,2021-10-01 13:30:36,11900.0,100.0,1720049.0
266,2021-10-01 13:30:17,11900.0,2000.0,1719949.0
267,2021-10-01 13:30:07,11900.0,500.0,1717949.0
268,2021-10-01 13:30:06,11900.0,1000.0,1717449.0
269,2021-10-01 13:29:49,11900.0,1300.0,1716449.0
270,2021-10-01 13:29:26,11900.0,600.0,1715149.0
271,2021-10-01 13:29:12,11900.0,1200.0,1714549.0
272,2021-10-01 13:28:07,11900.0,500.0,1713349.0
273,2021-10-01 13:27:55,11900.0,1000.0,1712849.0
274,2021-10-01 13:27:07,11900.0,500.0,1711849.0
275,2021-10-01 13:26:59,11900.0,2000.0,1711349.0
276,2021-10-01 13:26:53,11900.0,200.0,1709349.0
277,2021-10-01 13:26:17,11900.0,500.0,1709149.0
278,2021-10-01 13:25:48,11900.0,100.0,1708649.0
279,2021-10-01 13:25:43,11900.0,3000.0,1708549.0
280,2021-10-01 13:25:05,11900.0,1400.0,1705549.0
281,2021-10-01 13:24:38,11900.0,200.0,1704149.0
282,2021-10-01 13:22:49,11900.0,12600.0,1703949.0
283,2021-10-01 13:22:45,11900.0,500.0,1691349.0
284,2021-10-01 13:22:32,11900.0,400.0,1690849.0
285,2021-10-01 13:21:56,11900.0,100.0,1690449.0
286,2021-10-01 13:21:55,11900.0,2000.0,1690349.0
287,2021-10-01 13:21:06,11900.0,200.0,1688349.0
288,2021-10-01 13:20:47,11900.0,1500.0,1688149.0
289,2021-10-01 13:20:43,11900.0,300.0,1686649.0
290,2021-10-01 13:18:52,11900.0,5300.0,1686349.0
291,2021-10-01 13:18:43,11900.0,11000.0,1681049.0
292,2021-10-01 13:18:41,11900.0,200.0,1670049.0
293,2021-10-01 13:18:33,11900.0,200.0,1669849.0
294,2021-10-01 13:18:25,11900.0,900.0,1669649.0
295,2021-10-01 13:18:20,11900.0,100.0,1668749.0
296,2021-10-01 13:18:18,11900.0,200.0,1668649.0
297,2021-10-01 13:17:32,11900.0,300.0,1668449.0
298,2021-10-01 13:17:23,12000.0,200.0,1668149.0
299,2021-10-01 13:16:46,11900.0,100.0,1667949.0
300,2021-10-01 13:16:16,11900.0,3000.0,1667849.0
301,2021-10-01 13:15:52,11900.0,500.0,1664849.0
302,2021-10-01 13:14:42,11900.0,1000.0,1664349.0
303,2021-10-01 13:14:05,11900.0,200.0,1663349.0
304,2021-10-01 13:13:23,11900.0,100.0,1663149.0
305,2021-10-01 13:12:48,11900.0,100.0,1663049.0
306,2021-10-01 13:12:15,11900.0,3000.0,1662949.0
307,2021-10-01 13:11:12,11900.0,100.0,1659949.0
308,2021-10-01 13:11:01,11900.0,100.0,1659849.0
309,2021-10-01 13:10:12,11900.0,300.0,1659749.0
310,2021-10-01 13:10:01,11900.0,300.0,1659449.0
311,2021-10-01 13:09:43,11900.0,200.0,1659149.0
312,2021-10-01 13:09:13,11900.0,500.0,1658949.0
313,2021-10-01 13:08:56,11900.0,100.0,1658449.0
314,2021-10-01 13:08:51,11900.0,20.0,1658349.0
315,2021-10-01 13:07:54,11900.0,100.0,1658329.0
316,2021-10-01 13:07:12,11900.0,100.0,1658229.0
317,2021-10-01 13:06:46,11900.0,100.0,1658129.0
318,2021-10-01 13:06:34,11900.0,800.0,1658029.0
319,2021-10-01 13:06:29,11900.0,3200.0,1657229.0
320,2021-10-01 13:06:21,11900.0,1600.0,1654029.0
321,2021-10-01 13:05:45,11900.0,800.0,1652429.0
322,2021-10-01 13:05:37,11900.0,5000.0,1651629.0
323,2021-10-01 13:05:31,11800.0,300.0,1646629.0
324,2021-10-01 13:03:10,11800.0,500.0,1646329.0
325,2021-10-01 13:02:09,11800.0,500.0,1645829.0
326,2021-10-01 13:01:40,11800.0,500.0,1645329.0
327,2021-10-01 13:01:34,11900.0,1000.0,1644829.0
328,2021-10-01 13:01:30,11900.0,900.0,1643829.0
329,2021-10-01 13:00:51,11900.0,300.0,1642929.0
330,2021-10-01 13:00:07,11900.0,100.0,1642629.0
331,2021-10-01 13:00:06,11900.0,1000.0,1642529.0
332,2021-10-01 13:00:05,11900.0,4200.0,1641529.0
333,2021-10-01 13:00:04,11900.0,1000.0,1637329.0
334,2021-10-01 13:00:03,11800.0,12830.0,1636329.0
335,2021-10-01 13:00:02,11900.0,2000.0,1623499.0
336,2021-10-01 11:29:59,11900.0,500.0,1621499.0
337,2021-10-01 11:29:47,11900.0,100.0,1620999.0
338,2021-10-01 11:28:25,11900.0,500.0,1620899.0
339,2021-10-01 11:28:00,11800.0,100.0,1620399.0
340,2021-10-01 11:27:45,11800.0,500.0,1620299.0
341,2021-10-01 11:27:43,11900.0,20000.0,1619799.0
342,2021-10-01 11:26:47,11800.0,2500.0,1599799.0
343,2021-10-01 11:26:25,11800.0,4200.0,1597299.0
344,2021-10-01 11:26:17,11800.0,100.0,1593099.0
345,2021-10-01 11:25:55,11800.0,900.0,1592999.0
346,2021-10-01 11:25:50,11800.0,20000.0,1592099.0
347,2021-10-01 11:25:35,11800.0,25000.0,1572099.0
348,2021-10-01 11:25:28,11800.0,30000.0,1547099.0
349,2021-10-01 11:25:19,11800.0,3000.0,1517099.0
350,2021-10-01 11:25:14,11800.0,18.0,1514099.0
351,2021-10-01 11:25:08,11800.0,1000.0,1514081.0
352,2021-10-01 11:23:45,11900.0,2000.0,1513081.0
353,2021-10-01 11:23:01,11900.0,2.0,1511081.0
354,2021-10-01 11:19:40,11900.0,500.0,1511079.0
355,2021-10-01 11:19:23,11900.0,100.0,1510579.0
356,2021-10-01 11:18:40,11900.0,600.0,1510479.0
357,2021-10-01 11:18:08,11900.0,500.0,1509879.0
358,2021-10-01 11:18:06,11900.0,200.0,1509379.0
359,2021-10-01 11:17:55,11900.0,1000.0,1509179.0
360,2021-10-01 11:17:53,11900.0,1000.0,1508179.0
361,2021-10-01 11:17:39,11900.0,500.0,1507179.0
362,2021-10-01 11:17:30,11900.0,500.0,1506679.0
363,2021-10-01 11:17:19,11900.0,100.0,1506179.0
364,2021-10-01 11:17:06,11900.0,2600.0,1506079.0
365,2021-10-01 11:16:59,11900.0,500.0,1503479.0
366,2021-10-01 11:16:04,11900.0,200.0,1502979.0
367,2021-10-01 11:15:09,11900.0,300.0,1502779.0
368,2021-10-01 11:14:43,11900.0,13400.0,1502479.0
369,2021-10-01 11:13:51,11900.0,5.0,1489079.0
370,2021-10-01 11:13:48,11900.0,1000.0,1489074.0
371,2021-10-01 11:13:05,11900.0,6.0,1488074.0
372,2021-10-01 11:11:45,11900.0,19.0,1488068.0
373,2021-10-01 11:11:24,11900.0,1800.0,1488049.0
374,2021-10-01 11:11:19,11900.0,100.0,1486249.0
375,2021-10-01 11:11:13,11900.0,9100.0,1486149.0
376,2021-10-01 11:11:10,11900.0,2300.0,1477049.0
377,2021-10-01 11:11:06,11900.0,100.0,1474749.0
378,2021-10-01 11:10:39,11900.0,20.0,1474649.0
379,2021-10-01 11:10:35,11900.0,1000.0,1474629.0
380,2021-10-01 11:10:16,11900.0,57.0,1473629.0
381,2021-10-01 11:08:55,11900.0,50000.0,1473572.0
382,2021-10-01 11:08:06,12000.0,1.0,1423572.0
383,2021-10-01 11:07:43,12000.0,2.0,1423571.0
384,2021-10-01 11:07:35,12000.0,2000.0,1423569.0
385,2021-10-01 11:07:07,12000.0,5.0,1421569.0
386,2021-10-01 11:06:34,12000.0,20000.0,1421564.0
387,2021-10-01 11:06:20,12000.0,13.0,1401564.0
388,2021-10-01 11:05:44,12000.0,500.0,1401551.0
389,2021-10-01 11:04:31,12000.0,7400.0,1401051.0
390,2021-10-01 11:04:08,12000.0,1.0,1393651.0
391,2021-10-01 11:03:55,12000.0,500.0,1393650.0
392,2021-10-01 11:03:39,12000.0,9000.0,1393150.0
393,2021-10-01 11:03:37,12000.0,100.0,1384150.0
394,2021-10-01 11:02:19,12000.0,200.0,1384050.0
395,2021-10-01 11:01:37,12000.0,1000.0,1383850.0
396,2021-10-01 11:01:08,12000.0,50000.0,1382850.0
397,2021-10-01 10:59:49,11900.0,500.0,1332850.0
398,2021-10-01 10:59:17,11900.0,1000.0,1332350.0
399,2021-10-01 10:58:36,11900.0,300.0,1331350.0
400,2021-10-01 10:58:34,11900.0,1000.0,1331050.0
401,2021-10-01 10:58:33,11900.0,500.0,1330050.0
402,2021-10-01 10:58:12,11900.0,500.0,1329550.0
403,2021-10-01 10:57:28,11900.0,300.0,1329050.0
404,2021-10-01 10:56:55,11900.0,700.0,1328750.0
405,2021-10-01 10:56:52,11900.0,300.0,1328050.0
406,2021-10-01 10:56:45,11900.0,10000.0,1327750.0
407,2021-10-01 10:56:28,11900.0,20000.0,1317750.0
408,2021-10-01 10:56:14,11800.0,500.0,1297750.0
409,2021-10-01 10:55:53,11800.0,500.0,1297250.0
410,2021-10-01 10:55:22,11800.0,500.0,1296750.0
411,2021-10-01 10:54:34,11800.0,1300.0,1296250.0
412,2021-10-01 10:53:15,11900.0,100.0,1294950.0
413,2021-10-01 10:52:48,11900.0,300.0,1294850.0
414,2021-10-01 10:52:39,11800.0,400.0,1294550.0
415,2021-10-01 10:52:26,11900.0,1800.0,1294150.0
416,2021-10-01 10:52:22,11900.0,2000.0,1292350.0
417,2021-10-01 10:52:18,11900.0,100.0,1290350.0
418,2021-10-01 10:52:17,11900.0,3100.0,1290250.0
419,2021-10-01 10:52:10,11900.0,500.0,1287150.0
420,2021-10-01 10:51:56,11900.0,10000.0,1286650.0
421,2021-10-01 10:51:55,11900.0,2000.0,1276650.0
422,2021-10-01 10:50:26,11900.0,200.0,1274650.0
423,2021-10-01 10:50:25,11900.0,7000.0,1274450.0
424,2021-10-01 10:50:15,11900.0,32000.0,1267450.0
425,2021-10-01 10:49:26,11900.0,400.0,1235450.0
426,2021-10-01 10:49:11,11900.0,200.0,1235050.0
427,2021-10-01 10:48:52,11900.0,2000.0,1234850.0
428,2021-10-01 10:48:05,12000.0,100.0,1232850.0
429,2021-10-01 10:48:03,12000.0,300.0,1232750.0
430,2021-10-01 10:46:47,12000.0,300.0,1232450.0
431,2021-10-01 10:45:25,12000.0,700.0,1232150.0
432,2021-10-01 10:44:54,12000.0,300.0,1231450.0
433,2021-10-01 10:44:36,12000.0,1000.0,1231150.0
434,2021-10-01 10:44:15,12000.0,1000.0,1230150.0
435,2021-10-01 10:42:51,12000.0,15.0,1229150.0
436,2021-10-01 10:42:29,12000.0,10.0,1229135.0
437,2021-10-01 10:42:23,12000.0,18600.0,1229125.0
438,2021-10-01 10:42:21,12000.0,500.0,1210525.0
439,2021-10-01 10:42:14,12000.0,3000.0,1210025.0
440,2021-10-01 10:42:07,12000.0,1000.0,1207025.0
441,2021-10-01 10:41:46,12000.0,10000.0,1206025.0
442,2021-10-01 10:41:30,12000.0,1000.0,1196025.0
443,2021-10-01 10:40:58,12000.0,1000.0,1195025.0
444,2021-10-01 10:40:50,12100.0,20.0,1194025.0
445,2021-10-01 10:40:21,12100.0,200.0,1194005.0
446,2021-10-01 10:40:18,12000.0,5000.0,1193805.0
447,2021-10-01 10:40:07,12000.0,1300.0,1188805.0
448,2021-10-01 10:40:03,12000.0,1000.0,1187505.0
449,2021-10-01 10:39:50,12000.0,3000.0,1186505.0
450,2021-10-01 10:39:42,12000.0,1000.0,1183505.0
451,2021-10-01 10:39:39,12000.0,100.0,1182505.0
452,2021-10-01 10:39:02,12000.0,500.0,1182405.0
453,2021-10-01 10:38:55,12000.0,500.0,1181905.0
454,2021-10-01 10:38:30,12000.0,2000.0,1181405.0
455,2021-10-01 10:37:44,12000.0,4700.0,1179405.0
456,2021-10-01 10:37:19,12000.0,1700.0,1174705.0
457,2021-10-01 10:37:01,12000.0,500.0,1173005.0
458,2021-10-01 10:36:56,12100.0,100.0,1172505.0
459,2021-10-01 10:36:39,12000.0,400.0,1172405.0
460,2021-10-01 10:36:38,12000.0,20000.0,1172005.0
461,2021-10-01 10:36:35,12000.0,2000.0,1152005.0
462,2021-10-01 10:36:27,12000.0,2.0,1150005.0
463,2021-10-01 10:35:54,12000.0,200.0,1150003.0
464,2021-10-01 10:35:43,12000.0,1000.0,1149803.0
465,2021-10-01 10:35:23,12000.0,100.0,1148803.0
466,2021-10-01 10:35:18,12000.0,800.0,1148703.0
467,2021-10-01 10:35:06,12000.0,200.0,1147903.0
468,2021-10-01 10:34:49,12000.0,500.0,1147703.0
469,2021-10-01 10:34:43,12000.0,500.0,1147203.0
470,2021-10-01 10:34:22,12000.0,1.0,1146703.0
471,2021-10-01 10:34:20,12000.0,3000.0,1146702.0
472,2021-10-01 10:34:13,12000.0,500.0,1143702.0
473,2021-10-01 10:34:07,12000.0,1800.0,1143202.0
474,2021-10-01 10:34:03,12000.0,1600.0,1141402.0
475,2021-10-01 10:33:59,12000.0,100.0,1139802.0
476,2021-10-01 10:33:52,12000.0,16.0,1139702.0
477,2021-10-01 10:33:35,12000.0,500.0,1139686.0
478,2021-10-01 10:33:33,12000.0,100.0,1139186.0
479,2021-10-01 10:33:11,12000.0,4000.0,1139086.0
480,2021-10-01 10:33:10,12000.0,9000.0,1135086.0
481,2021-10-01 10:32:32,12000.0,1600.0,1126086.0
482,2021-10-01 10:32:31,12000.0,102.0,1124486.0
483,2021-10-01 10:32:17,12000.0,3000.0,1124384.0
484,2021-10-01 10:32:08,12000.0,500.0,1121384.0
485,2021-10-01 10:31:29,12000.0,600.0,1120884.0
486,2021-10-01 10:31:27,12000.0,2100.0,1120284.0
487,2021-10-01 10:31:20,12000.0,2000.0,1118184.0
488,2021-10-01 10:31:17,12000.0,400.0,1116184.0
489,2021-10-01 10:31:09,12000.0,1000.0,1115784.0
490,2021-10-01 10:31:05,12000.0,900.0,1114784.0
491,2021-10-01 10:31:03,12100.0,2000.0,1113884.0
492,2021-10-01 10:30:35,12000.0,3000.0,1111884.0
493,2021-10-01 10:30:29,12000.0,2000.0,1108884.0
494,2021-10-01 10:30:22,12000.0,89500.0,1106884.0
495,2021-10-01 10:29:48,11900.0,200.0,1017384.0
496,2021-10-01 10:29:28,11900.0,500.0,1017184.0
497,2021-10-01 10:29:04,12000.0,100.0,1016684.0
498,2021-10-01 10:28:12,12000.0,1000.0,1016584.0
499,2021-10-01 10:27:29,12000.0,200.0,1015584.0
500,2021-10-01 10:27:01,12000.0,500.0,1015384.0
501,2021-10-01 10:27:00,12000.0,500.0,1014884.0
502,2021-10-01 10:26:45,12000.0,100.0,1014384.0
503,2021-10-01 10:26:07,12000.0,400.0,1014284.0
504,2021-10-01 10:25:06,12000.0,3000.0,1013884.0
505,2021-10-01 10:24:49,12000.0,500.0,1010884.0
506,2021-10-01 10:24:44,12000.0,3000.0,1010384.0
507,2021-10-01 10:24:40,12000.0,5000.0,1007384.0
508,2021-10-01 10:24:36,11900.0,900.0,1002384.0
509,2021-10-01 10:24:19,12000.0,1.0,1001484.0
510,2021-10-01 10:23:42,12000.0,1000.0,1001483.0
511,2021-10-01 10:23:22,11900.0,2.0,1000483.0
512,2021-10-01 10:23:18,11900.0,1200.0,1000481.0
513,2021-10-01 10:21:17,12000.0,100.0,999281.0
514,2021-10-01 10:21:10,12000.0,10000.0,999181.0
515,2021-10-01 10:20:43,12000.0,200.0,989181.0
516,2021-10-01 10:20:42,12000.0,100.0,988981.0
517,2021-10-01 10:20:39,12000.0,15000.0,988881.0
518,2021-10-01 10:20:38,12000.0,2000.0,973881.0
519,2021-10-01 10:20:20,12000.0,2600.0,971881.0
520,2021-10-01 10:20:12,12000.0,5000.0,969281.0
521,2021-10-01 10:20:03,12000.0,20000.0,964281.0
522,2021-10-01 10:19:58,12000.0,2700.0,944281.0
523,2021-10-01 10:19:56,12000.0,10000.0,941581.0
524,2021-10-01 10:19:48,12000.0,1000.0,931581.0
525,2021-10-01 10:19:32,12000.0,2000.0,930581.0
526,2021-10-01 10:19:29,12000.0,1000.0,928581.0
527,2021-10-01 10:19:19,12000.0,6700.0,927581.0
528,2021-10-01 10:19:11,12000.0,1000.0,920881.0
529,2021-10-01 10:18:35,12000.0,100.0,919881.0
530,2021-10-01 10:18:31,12100.0,900.0,919781.0
531,2021-10-01 10:18:26,12000.0,1000.0,918881.0
532,2021-10-01 10:18:21,12100.0,2000.0,917881.0
533,2021-10-01 10:17:55,12000.0,800.0,915881.0
534,2021-10-01 10:17:52,12000.0,10000.0,915081.0
535,2021-10-01 10:17:38,12000.0,10000.0,905081.0
536,2021-10-01 10:15:44,12100.0,200.0,895081.0
537,2021-10-01 10:15:43,12000.0,900.0,894881.0
538,2021-10-01 10:14:59,12000.0,10000.0,893981.0
539,2021-10-01 10:14:51,12000.0,1000.0,883981.0
540,2021-10-01 10:14:44,12000.0,2000.0,882981.0
541,2021-10-01 10:14:33,12000.0,300.0,880981.0
542,2021-10-01 10:14:10,12000.0,5000.0,880681.0
543,2021-10-01 10:13:43,12000.0,200.0,875681.0
544,2021-10-01 10:13:24,12000.0,2100.0,875481.0
545,2021-10-01 10:13:14,12000.0,4100.0,873381.0
546,2021-10-01 10:13:08,12000.0,1000.0,869281.0
547,2021-10-01 10:13:07,12000.0,10000.0,868281.0
548,2021-10-01 10:13:06,12000.0,8000.0,858281.0
549,2021-10-01 10:13:02,12000.0,8000.0,850281.0
550,2021-10-01 10:12:50,12000.0,23000.0,842281.0
551,2021-10-01 10:12:11,12000.0,100.0,819281.0
552,2021-10-01 10:11:18,11900.0,100.0,819181.0
553,2021-10-01 10:10:58,11900.0,1900.0,819081.0
554,2021-10-01 10:10:53,11900.0,400.0,817181.0
555,2021-10-01 10:10:18,12000.0,1000.0,816781.0
556,2021-10-01 10:09:57,11900.0,56.0,815781.0
557,2021-10-01 10:09:52,11900.0,200.0,815725.0
558,2021-10-01 10:09:34,11900.0,16.0,815525.0
559,2021-10-01 10:09:16,11900.0,100.0,815509.0
560,2021-10-01 10:08:57,11900.0,100.0,815409.0
561,2021-10-01 10:08:43,11900.0,5000.0,815309.0
562,2021-10-01 10:08:29,11900.0,24.0,810309.0
563,2021-10-01 10:08:20,11900.0,500.0,810285.0
564,2021-10-01 10:08:17,12000.0,500.0,809785.0
565,2021-10-01 10:08:07,12000.0,200.0,809285.0
566,2021-10-01 10:07:53,12000.0,100.0,809085.0
567,2021-10-01 10:07:40,12000.0,12700.0,808985.0
568,2021-10-01 10:07:25,12000.0,5200.0,796285.0
569,2021-10-01 10:07:24,12000.0,2000.0,791085.0
570,2021-10-01 10:07:18,12000.0,3000.0,789085.0
571,2021-10-01 10:07:17,12000.0,500.0,786085.0
572,2021-10-01 10:07:12,12000.0,400.0,785585.0
573,2021-10-01 10:07:11,12000.0,100.0,785185.0
574,2021-10-01 10:07:10,12000.0,400.0,785085.0
575,2021-10-01 10:07:08,12100.0,2000.0,784685.0
576,2021-10-01 10:06:58,12000.0,2000.0,782685.0
577,2021-10-01 10:06:53,12000.0,100.0,780685.0
578,2021-10-01 10:06:45,12000.0,2000.0,780585.0
579,2021-10-01 10:06:35,12000.0,400.0,778585.0
580,2021-10-01 10:06:34,12000.0,37800.0,778185.0
581,2021-10-01 10:06:29,12000.0,8000.0,740385.0
582,2021-10-01 10:06:28,12000.0,400.0,732385.0
583,2021-10-01 10:06:18,12000.0,1000.0,731985.0
584,2021-10-01 10:06:17,12000.0,2900.0,730985.0
585,2021-10-01 10:05:04,12000.0,1000.0,728085.0
586,2021-10-01 10:04:48,12000.0,700.0,727085.0
587,2021-10-01 10:04:46,12100.0,500.0,726385.0
588,2021-10-01 10:04:43,12100.0,1000.0,725885.0
589,2021-10-01 10:04:36,12100.0,300.0,724885.0
590,2021-10-01 10:04:32,12000.0,500.0,724585.0
591,2021-10-01 10:04:26,12100.0,700.0,724085.0
592,2021-10-01 10:04:20,12000.0,500.0,723385.0
593,2021-10-01 10:04:15,12100.0,100.0,722885.0
594,2021-10-01 10:04:12,12100.0,5000.0,722785.0
595,2021-10-01 10:04:11,12000.0,10000.0,717785.0
596,2021-10-01 10:03:49,12100.0,400.0,707785.0
597,2021-10-01 10:03:48,12100.0,300.0,707385.0
598,2021-10-01 10:03:47,12100.0,1500.0,707085.0
599,2021-10-01 10:03:44,12000.0,5000.0,705585.0
600,2021-10-01 10:03:38,12000.0,3001.0,700585.0
601,2021-10-01 10:03:17,12000.0,200.0,697584.0
602,2021-10-01 10:03:13,12000.0,100.0,697384.0
603,2021-10-01 10:02:59,12000.0,10000.0,697284.0
604,2021-10-01 10:02:58,12100.0,100.0,687284.0
605,2021-10-01 10:02:52,12100.0,1.0,687184.0
606,2021-10-01 10:02:39,12100.0,2000.0,687183.0
607,2021-10-01 10:02:37,12100.0,500.0,685183.0
608,2021-10-01 10:02:31,12100.0,600.0,684683.0
609,2021-10-01 10:02:19,12100.0,1000.0,684083.0
610,2021-10-01 10:02:18,12100.0,500.0,683083.0
611,2021-10-01 10:02:15,12100.0,200.0,682583.0
612,2021-10-01 10:02:10,12100.0,1000.0,682383.0
613,2021-10-01 10:01:53,12100.0,1000.0,681383.0
614,2021-10-01 10:01:51,12100.0,1000.0,680383.0
615,2021-10-01 10:01:45,12100.0,5000.0,679383.0
616,2021-10-01 10:01:38,12100.0,3300.0,674383.0
617,2021-10-01 10:01:26,12100.0,500.0,671083.0
618,2021-10-01 10:01:14,12100.0,200.0,670583.0
619,2021-10-01 10:01:11,12100.0,1000.0,670383.0
620,2021-10-01 10:01:01,12100.0,1000.0,669383.0
621,2021-10-01 10:01:00,12100.0,3000.0,668383.0
622,2021-10-01 10:00:47,12100.0,5400.0,665383.0
623,2021-10-01 10:00:45,12200.0,100.0,659983.0
624,2021-10-01 10:00:42,12100.0,1400.0,659883.0
625,2021-10-01 10:00:33,12100.0,5000.0,658483.0
626,2021-10-01 10:00:29,12200.0,300.0,653483.0
627,2021-10-01 10:00:28,12200.0,1400.0,653183.0
628,2021-10-01 10:00:27,12200.0,600.0,651783.0
629,2021-10-01 10:00:13,12200.0,100.0,651183.0
630,2021-10-01 10:00:01,12200.0,2600.0,651083.0
631,2021-10-01 09:59:59,12200.0,100.0,648483.0
632,2021-10-01 09:59:57,12200.0,300.0,648383.0
633,2021-10-01 09:59:52,12200.0,8600.0,648083.0
634,2021-10-01 09:59:42,12200.0,200.0,639483.0
635,2021-10-01 09:59:41,12200.0,600.0,639283.0
636,2021-10-01 09:59:40,12200.0,1200.0,638683.0
637,2021-10-01 09:59:33,12200.0,500.0,637483.0
638,2021-10-01 09:59:24,12200.0,100.0,636983.0
639,2021-10-01 09:59:02,12200.0,3000.0,636883.0
640,2021-10-01 09:58:53,12200.0,900.0,633883.0
641,2021-10-01 09:58:39,12200.0,1000.0,632983.0
642,2021-10-01 09:58:35,12200.0,10000.0,631983.0
643,2021-10-01 09:58:33,12200.0,1000.0,621983.0
644,2021-10-01 09:58:31,12200.0,200.0,620983.0
645,2021-10-01 09:58:29,12200.0,6000.0,620783.0
646,2021-10-01 09:58:25,12200.0,3000.0,614783.0
647,2021-10-01 09:58:22,12200.0,500.0,611783.0
648,2021-10-01 09:58:16,12200.0,1000.0,611283.0
649,2021-10-01 09:58:13,12200.0,1000.0,610283.0
650,2021-10-01 09:58:02,12200.0,3000.0,609283.0
651,2021-10-01 09:58:01,12100.0,2300.0,606283.0
652,2021-10-01 09:58:00,12200.0,200.0,603983.0
653,2021-10-01 09:57:59,12200.0,2000.0,603783.0
654,2021-10-01 09:57:55,12200.0,100.0,601783.0
655,2021-10-01 09:57:48,12200.0,700.0,601683.0
656,2021-10-01 09:57:45,12100.0,200.0,600983.0
657,2021-10-01 09:57:41,12200.0,200.0,600783.0
658,2021-10-01 09:57:28,12100.0,4900.0,600583.0
659,2021-10-01 09:57:24,12100.0,3000.0,595683.0
660,2021-10-01 09:57:22,12100.0,4000.0,592683.0
661,2021-10-01 09:57:18,12100.0,2000.0,588683.0
662,2021-10-01 09:57:16,12000.0,4900.0,586683.0
663,2021-10-01 09:57:13,12000.0,10800.0,581783.0
664,2021-10-01 09:57:00,12000.0,300.0,570983.0
665,2021-10-01 09:56:58,12000.0,20400.0,570683.0
666,2021-10-01 09:56:54,12000.0,50900.0,550283.0
667,2021-10-01 09:56:53,12000.0,1400.0,499383.0
668,2021-10-01 09:56:52,12000.0,20000.0,497983.0
669,2021-10-01 09:56:45,12000.0,100000.0,477983.0
670,2021-10-01 09:56:40,12000.0,10000.0,377983.0
671,2021-10-01 09:56:38,12000.0,2200.0,367983.0
672,2021-10-01 09:56:36,12000.0,2000.0,365783.0
673,2021-10-01 09:56:34,12000.0,200.0,363783.0
674,2021-10-01 09:56:32,12000.0,2900.0,363583.0
675,2021-10-01 09:56:26,12000.0,100.0,360683.0
676,2021-10-01 09:56:25,12000.0,1500.0,360583.0
677,2021-10-01 09:56:15,12000.0,3500.0,359083.0
678,2021-10-01 09:56:12,12000.0,3100.0,355583.0
679,2021-10-01 09:56:03,12000.0,6600.0,352483.0
680,2021-10-01 09:56:02,11900.0,5000.0,345883.0
681,2021-10-01 09:56:00,11900.0,500.0,340883.0
682,2021-10-01 09:55:59,11900.0,2000.0,340383.0
683,2021-10-01 09:55:57,11900.0,1000.0,338383.0
684,2021-10-01 09:55:55,11900.0,5000.0,337383.0
685,2021-10-01 09:55:54,11900.0,1500.0,332383.0
686,2021-10-01 09:55:53,11900.0,10000.0,330883.0
687,2021-10-01 09:55:52,11900.0,11000.0,320883.0
688,2021-10-01 09:55:49,11900.0,1500.0,309883.0
689,2021-10-01 09:55:47,11900.0,7000.0,308383.0
690,2021-10-01 09:55:45,11900.0,100.0,301383.0
691,2021-10-01 09:55:43,11900.0,500.0,301283.0
692,2021-10-01 09:55:28,11900.0,2000.0,300783.0
693,2021-10-01 09:55:27,11900.0,5000.0,298783.0
694,2021-10-01 09:55:23,11900.0,100.0,293783.0
695,2021-10-01 09:55:17,11900.0,1000.0,293683.0
696,2021-10-01 09:55:15,11900.0,500.0,292683.0
697,2021-10-01 09:55:12,11900.0,2000.0,292183.0
698,2021-10-01 09:55:06,11900.0,10000.0,290183.0
699,2021-10-01 09:54:52,11900.0,10000.0,280183.0
700,2021-10-01 09:54:39,11800.0,500.0,270183.0
701,2021-10-01 09:54:36,11700.0,10000.0,269683.0
702,2021-10-01 09:54:25,11800.0,4700.0,259683.0
703,2021-10-01 09:54:17,11800.0,100.0,254983.0
704,2021-10-01 09:54:12,11700.0,100.0,254883.0
705,2021-10-01 09:54:09,11800.0,500.0,254783.0
706,2021-10-01 09:53:27,11700.0,200.0,254283.0
707,2021-10-01 09:53:14,11700.0,200.0,254083.0
708,2021-10-01 09:53:13,11800.0,500.0,253883.0
709,2021-10-01 09:53:07,11800.0,2300.0,253383.0
710,2021-10-01 09:53:05,11800.0,100.0,251083.0
711,2021-10-01 09:52:35,11800.0,100.0,250983.0
712,2021-10-01 09:52:22,11700.0,3000.0,250883.0
713,2021-10-01 09:51:13,11700.0,100.0,247883.0
714,2021-10-01 09:51:07,11800.0,300.0,247783.0
715,2021-10-01 09:50:30,11700.0,100.0,247483.0
716,2021-10-01 09:49:56,11800.0,10000.0,247383.0
717,2021-10-01 09:49:34,11800.0,30000.0,237383.0
718,2021-10-01 09:49:25,11800.0,1.0,207383.0
719,2021-10-01 09:48:45,11800.0,2000.0,207382.0
720,2021-10-01 09:48:24,11700.0,2000.0,205382.0
721,2021-10-01 09:47:51,11700.0,2000.0,203382.0
722,2021-10-01 09:47:47,11700.0,100.0,201382.0
723,2021-10-01 09:47:38,11700.0,2.0,201282.0
724,2021-10-01 09:46:56,11700.0,13300.0,201280.0
725,2021-10-01 09:46:33,11700.0,1.0,187980.0
726,2021-10-01 09:46:21,11700.0,3000.0,187979.0
727,2021-10-01 09:46:06,11700.0,1000.0,184979.0
728,2021-10-01 09:45:39,11700.0,200.0,183979.0
729,2021-10-01 09:45:30,11700.0,300.0,183779.0
730,2021-10-01 09:44:59,11700.0,2200.0,183479.0
731,2021-10-01 09:44:42,11700.0,16.0,181279.0
732,2021-10-01 09:44:22,11700.0,300.0,181263.0
733,2021-10-01 09:43:51,11800.0,1000.0,180963.0
734,2021-10-01 09:43:49,11700.0,200.0,179963.0
735,2021-10-01 09:43:16,11700.0,1900.0,179763.0
736,2021-10-01 09:42:39,11600.0,18100.0,177863.0
737,2021-10-01 09:41:35,11800.0,1000.0,159763.0
738,2021-10-01 09:41:20,11800.0,3000.0,158763.0
739,2021-10-01 09:41:07,11800.0,3000.0,155763.0
740,2021-10-01 09:40:22,11800.0,500.0,152763.0
741,2021-10-01 09:40:07,11800.0,500.0,152263.0
742,2021-10-01 09:39:49,11800.0,1500.0,151763.0
743,2021-10-01 09:39:46,11700.0,300.0,150263.0
744,2021-10-01 09:39:14,11700.0,100.0,149963.0
745,2021-10-01 09:39:12,11700.0,1000.0,149863.0
746,2021-10-01 09:38:58,11700.0,3000.0,148863.0
747,2021-10-01 09:38:57,11700.0,3000.0,145863.0
748,2021-10-01 09:38:48,11700.0,200.0,142863.0
749,2021-10-01 09:38:47,11600.0,200.0,142663.0
750,2021-10-01 09:38:25,11700.0,50.0,142463.0
751,2021-10-01 09:37:23,11700.0,100.0,142413.0
752,2021-10-01 09:37:20,11700.0,2000.0,142313.0
753,2021-10-01 09:36:22,11600.0,2000.0,140313.0
754,2021-10-01 09:36:21,11600.0,1000.0,138313.0
755,2021-10-01 09:36:11,11600.0,7700.0,137313.0
756,2021-10-01 09:35:26,11600.0,200.0,129613.0
757,2021-10-01 09:35:09,11600.0,2100.0,129413.0
758,2021-10-01 09:32:56,11600.0,1000.0,127313.0
759,2021-10-01 09:32:41,11600.0,2400.0,126313.0
760,2021-10-01 09:32:03,11600.0,1000.0,123913.0
761,2021-10-01 09:31:53,11600.0,1000.0,122913.0
762,2021-10-01 09:31:36,11600.0,1000.0,121913.0
763,2021-10-01 09:31:03,11600.0,1500.0,120913.0
764,2021-10-01 09:30:50,11600.0,6000.0,119413.0
765,2021-10-01 09:30:35,11500.0,2000.0,113413.0
766,2021-10-01 09:30:15,11600.0,2000.0,111413.0
767,2021-10-01 09:30:12,11600.0,200.0,109413.0
768,2021-10-01 09:30:03,11600.0,3000.0,109213.0
769,2021-10-01 09:29:43,11600.0,2.0,106213.0
770,2021-10-01 09:29:32,11600.0,4000.0,106211.0
771,2021-10-01 09:28:35,11600.0,12000.0,102211.0
772,2021-10-01 09:28:11,11500.0,5000.0,90211.0
773,2021-10-01 09:27:59,11600.0,100.0,85211.0
774,2021-10-01 09:26:00,11500.0,1000.0,85111.0
775,2021-10-01 09:25:31,11500.0,9000.0,84111.0
776,2021-10-01 09:24:40,11500.0,500.0,75111.0
777,2021-10-01 09:24:17,11500.0,600.0,74611.0
778,2021-10-01 09:24:13,11500.0,1000.0,74011.0
779,2021-10-01 09:23:51,11500.0,1500.0,73011.0
780,2021-10-01 09:23:29,11500.0,16600.0,71511.0
781,2021-10-01 09:23:23,11400.0,5000.0,54911.0
782,2021-10-01 09:21:10,11400.0,2000.0,49911.0
783,2021-10-01 09:20:41,11500.0,1000.0,47911.0
784,2021-10-01 09:20:35,11500.0,1000.0,46911.0
785,2021-10-01 09:20:22,11500.0,3000.0,45911.0
786,2021-10-01 09:20:20,11400.0,200.0,42911.0
787,2021-10-01 09:20:07,11400.0,3900.0,42711.0
788,2021-10-01 09:20:00,11500.0,1000.0,38811.0
789,2021-10-01 09:19:55,11400.0,1000.0,37811.0
790,2021-10-01 09:18:30,11500.0,9400.0,36811.0
791,2021-10-01 09:18:29,11500.0,200.0,27411.0
792,2021-10-01 09:18:24,11500.0,500.0,27211.0
793,2021-10-01 09:18:21,11500.0,100.0,26711.0
794,2021-10-01 09:18:15,11500.0,100.0,26611.0
795,2021-10-01 09:17:54,11500.0,100.0,26511.0
796,2021-10-01 09:17:18,11500.0,100.0,26411.0
797,2021-10-01 09:17:07,11500.0,500.0,26311.0
798,2021-10-01 09:16:20,11600.0,100.0,25811.0
799,2021-10-01 09:14:47,11600.0,100.0,25711.0
800,2021-10-01 09:14:38,11500.0,500.0,25611.0
801,2021-10-01 09:13:28,11500.0,500.0,25111.0
802,2021-10-01 09:13:06,11500.0,500.0,24611.0
803,2021-10-01 09:12:46,11500.0,200.0,24111.0
804,2021-10-01 09:11:06,11500.0,200.0,23911.0
805,2021-10-01 09:10:24,11500.0,1000.0,23711.0
806,2021-10-01 09:09:03,11500.0,1600.0,22711.0
807,2021-10-01 09:08:15,11500.0,11500.0,21111.0
808,2021-10-01 09:08:05,11500.0,100.0,9611.0
809,2021-10-01 09:08:00,11500.0,400.0,9511.0
810,2021-10-01 09:07:42,11500.0,3000.0,9111.0
811,2021-10-01 09:07:40,11500.0,3800.0,6111.0
812,2021-10-01 09:07:25,11500.0,1000.0,2311.0
813,2021-10-01 09:07:22,11600.0,2.0,1311.0
814,2021-10-01 09:06:19,11600.0,104.0,1309.0
815,2021-10-01 09:04:40,11600.0,200.0,1205.0
816,2021-10-01 09:02:27,11600.0,300.0,1005.0
817,2021-10-01 09:01:59,11600.0,100.0,705.0
818,2021-10-01 09:01:08,11600.0,5.0,605.0
819,2021-10-01 09:00:38,11600.0,100.0,600.0
820,2021-10-01 09:00:37,11600.0,100.0,500.0
821,2021-10-01 09:00:27,11600.0,300.0,400.0
822,2021-10-01 09:00:25,11700.0,100.0,100.0
