,Time,Price,Volume_per_trade,Volume
0,2021-10-12 07:45:00,7490.0,26900.0,4630100.0
1,2021-10-12 07:45:00,7490.0,1000.0,4603200.0
2,2021-10-12 07:45:00,7490.0,100.0,4602200.0
3,2021-10-12 07:45:00,7490.0,100.0,4602100.0
4,2021-10-12 07:45:00,7490.0,9500.0,4602000.0
5,2021-10-12 07:45:00,7490.0,100.0,4592500.0
6,2021-10-12 07:45:00,7490.0,10000.0,4592400.0
7,2021-10-12 07:45:00,7490.0,100.0,4582400.0
8,2021-10-12 07:45:00,7490.0,1000.0,4582300.0
9,2021-10-12 07:45:00,7490.0,100.0,4581300.0
10,2021-10-12 07:45:00,7490.0,5000.0,4581200.0
11,2021-10-12 07:45:00,7490.0,20000.0,4576200.0
12,2021-10-12 07:45:00,7490.0,100.0,4556200.0
13,2021-10-12 07:45:00,7490.0,100.0,4556100.0
14,2021-10-12 07:45:00,7490.0,2200.0,4556000.0
15,2021-10-12 07:45:00,7490.0,1800.0,4553800.0
16,2021-10-12 07:45:00,7490.0,200.0,4552000.0
17,2021-10-12 07:45:00,7490.0,100.0,4551800.0
18,2021-10-12 07:45:00,7490.0,600.0,4551700.0
19,2021-10-12 07:45:00,7490.0,200.0,4551100.0
20,2021-10-12 07:45:00,7490.0,7100.0,4550900.0
21,2021-10-12 07:45:00,7490.0,2900.0,4543800.0
22,2021-10-12 07:45:00,7490.0,500.0,4540900.0
23,2021-10-12 07:45:00,7490.0,500.0,4540400.0
24,2021-10-12 07:45:00,7490.0,1000.0,4539900.0
25,2021-10-12 07:45:00,7490.0,100.0,4538900.0
26,2021-10-12 07:45:00,7490.0,1900.0,4538800.0
27,2021-10-12 07:45:00,7490.0,1000.0,4536900.0
28,2021-10-12 07:45:00,7490.0,500.0,4535900.0
29,2021-10-12 07:45:00,7490.0,4500.0,4535400.0
30,2021-10-12 07:45:00,7490.0,5500.0,4530900.0
31,2021-10-12 07:45:00,7490.0,500.0,4525400.0
32,2021-10-12 07:45:00,7490.0,1000.0,4524900.0
33,2021-10-12 07:45:00,7490.0,1000.0,4523900.0
34,2021-10-12 07:45:00,7490.0,1000.0,4522900.0
35,2021-10-12 07:45:00,7490.0,96500.0,4521900.0
36,2021-10-12 07:45:00,7490.0,3500.0,4425400.0
37,2021-10-12 07:45:00,7490.0,1500.0,4421900.0
38,2021-10-12 07:45:00,7490.0,500.0,4420400.0
39,2021-10-12 07:45:00,7490.0,4000.0,4419900.0
40,2021-10-12 07:45:00,7490.0,300.0,4415900.0
41,2021-10-12 07:45:00,7490.0,2000.0,4415600.0
42,2021-10-12 07:45:00,7490.0,300.0,4413600.0
43,2021-10-12 07:45:00,7490.0,200.0,4413300.0
44,2021-10-12 07:45:00,7490.0,100.0,4413100.0
45,2021-10-12 07:45:00,7490.0,100.0,4413000.0
46,2021-10-12 07:45:00,7490.0,1000.0,4412900.0
47,2021-10-12 07:45:00,7490.0,1500.0,4411900.0
48,2021-10-12 07:45:00,7490.0,500.0,4410400.0
49,2021-10-12 07:45:00,7490.0,1000.0,4409900.0
50,2021-10-12 07:45:00,7490.0,1000.0,4408900.0
51,2021-10-12 07:45:00,7490.0,500.0,4407900.0
52,2021-10-12 07:45:00,7490.0,2000.0,4407400.0
53,2021-10-12 07:45:00,7490.0,8000.0,4405400.0
54,2021-10-12 07:45:00,7490.0,200.0,4397400.0
55,2021-10-12 07:29:52,7500.0,700.0,4397200.0
56,2021-10-12 07:29:52,7500.0,1000.0,4396500.0
57,2021-10-12 07:29:52,7500.0,2000.0,4395500.0
58,2021-10-12 07:29:52,7500.0,300.0,4393500.0
59,2021-10-12 07:29:52,7500.0,3000.0,4393200.0
60,2021-10-12 07:29:52,7500.0,1000.0,4390200.0
61,2021-10-12 07:29:31,7490.0,1000.0,4389200.0
62,2021-10-12 07:29:26,7500.0,1000.0,4388200.0
63,2021-10-12 07:29:24,7500.0,500.0,4387200.0
64,2021-10-12 07:29:06,7500.0,500.0,4386700.0
65,2021-10-12 07:28:56,7500.0,100.0,4386200.0
66,2021-10-12 07:28:40,7500.0,400.0,4386100.0
67,2021-10-12 07:28:17,7500.0,8000.0,4385700.0
68,2021-10-12 07:27:56,7500.0,100.0,4377700.0
69,2021-10-12 07:27:52,7490.0,2000.0,4377600.0
70,2021-10-12 07:27:42,7500.0,100.0,4375600.0
71,2021-10-12 07:27:42,7500.0,200.0,4375500.0
72,2021-10-12 07:27:26,7500.0,3900.0,4375300.0
73,2021-10-12 07:27:14,7490.0,17200.0,4371400.0
74,2021-10-12 07:27:14,7490.0,500.0,4354200.0
75,2021-10-12 07:27:14,7490.0,300.0,4353700.0
76,2021-10-12 07:27:14,7490.0,500.0,4353400.0
77,2021-10-12 07:27:14,7490.0,1500.0,4352900.0
78,2021-10-12 07:26:49,7500.0,100.0,4351400.0
79,2021-10-12 07:26:48,7500.0,500.0,4351300.0
80,2021-10-12 07:26:03,7500.0,10000.0,4350800.0
81,2021-10-12 07:25:57,7500.0,100.0,4340800.0
82,2021-10-12 07:25:53,7500.0,1500.0,4340700.0
83,2021-10-12 07:25:43,7500.0,1000.0,4339200.0
84,2021-10-12 07:25:43,7500.0,100.0,4338200.0
85,2021-10-12 07:25:15,7500.0,200.0,4338100.0
86,2021-10-12 07:25:13,7500.0,300.0,4337900.0
87,2021-10-12 07:25:09,7500.0,2500.0,4337600.0
88,2021-10-12 07:25:09,7500.0,900.0,4335100.0
89,2021-10-12 07:25:09,7500.0,700.0,4334200.0
90,2021-10-12 07:25:09,7500.0,5000.0,4333500.0
91,2021-10-12 07:25:09,7500.0,900.0,4328500.0
92,2021-10-12 07:25:06,7500.0,500.0,4327600.0
93,2021-10-12 07:24:34,7500.0,100.0,4327100.0
94,2021-10-12 07:24:10,7490.0,7600.0,4327000.0
95,2021-10-12 07:24:02,7500.0,100.0,4319400.0
96,2021-10-12 07:23:41,7490.0,200.0,4319300.0
97,2021-10-12 07:23:27,7490.0,400.0,4319100.0
98,2021-10-12 07:23:09,7490.0,300.0,4318700.0
99,2021-10-12 07:23:09,7490.0,900.0,4318400.0
100,2021-10-12 07:23:09,7490.0,100.0,4317500.0
101,2021-10-12 07:23:07,7490.0,100.0,4317400.0
102,2021-10-12 07:23:07,7490.0,100.0,4317300.0
103,2021-10-12 07:23:06,7500.0,100.0,4317200.0
104,2021-10-12 07:22:39,7500.0,2000.0,4317100.0
105,2021-10-12 07:21:51,7490.0,100.0,4315100.0
106,2021-10-12 07:21:38,7490.0,200.0,4315000.0
107,2021-10-12 07:21:14,7490.0,800.0,4314800.0
108,2021-10-12 07:21:14,7490.0,100.0,4314000.0
109,2021-10-12 07:21:14,7490.0,200.0,4313900.0
110,2021-10-12 07:21:14,7490.0,2600.0,4313700.0
111,2021-10-12 07:21:12,7500.0,1000.0,4311100.0
112,2021-10-12 07:20:30,7500.0,900.0,4310100.0
113,2021-10-12 07:20:18,7490.0,1000.0,4309200.0
114,2021-10-12 07:20:03,7490.0,1400.0,4308200.0
115,2021-10-12 07:20:03,7490.0,2500.0,4306800.0
116,2021-10-12 07:20:03,7490.0,10000.0,4304300.0
117,2021-10-12 07:20:03,7490.0,100.0,4294300.0
118,2021-10-12 07:20:03,7490.0,300.0,4294200.0
119,2021-10-12 07:20:03,7490.0,200.0,4293900.0
120,2021-10-12 07:20:03,7490.0,4000.0,4293700.0
121,2021-10-12 07:20:03,7490.0,500.0,4289700.0
122,2021-10-12 07:20:03,7490.0,200.0,4289200.0
123,2021-10-12 07:20:03,7490.0,1000.0,4289000.0
124,2021-10-12 07:20:03,7490.0,1000.0,4288000.0
125,2021-10-12 07:20:03,7490.0,500.0,4287000.0
126,2021-10-12 07:20:03,7490.0,2000.0,4286500.0
127,2021-10-12 07:20:03,7490.0,400.0,4284500.0
128,2021-10-12 07:20:03,7490.0,400.0,4284100.0
129,2021-10-12 07:20:03,7490.0,200.0,4283700.0
130,2021-10-12 07:20:03,7490.0,500.0,4283500.0
131,2021-10-12 07:20:03,7490.0,100.0,4283000.0
132,2021-10-12 07:20:03,7490.0,5000.0,4282900.0
133,2021-10-12 07:20:03,7490.0,1000.0,4277900.0
134,2021-10-12 07:20:03,7490.0,100.0,4276900.0
135,2021-10-12 07:20:03,7490.0,1500.0,4276800.0
136,2021-10-12 07:20:03,7490.0,500.0,4275300.0
137,2021-10-12 07:20:03,7490.0,500.0,4274800.0
138,2021-10-12 07:20:03,7490.0,16100.0,4274300.0
139,2021-10-12 07:19:25,7500.0,1000.0,4258200.0
140,2021-10-12 07:18:35,7500.0,200.0,4257200.0
141,2021-10-12 07:18:22,7500.0,500.0,4257000.0
142,2021-10-12 07:18:08,7490.0,10000.0,4256500.0
143,2021-10-12 07:17:54,7490.0,2000.0,4246500.0
144,2021-10-12 07:17:54,7490.0,1000.0,4244500.0
145,2021-10-12 07:17:53,7490.0,300.0,4243500.0
146,2021-10-12 07:17:44,7500.0,1000.0,4243200.0
147,2021-10-12 07:17:40,7490.0,4000.0,4242200.0
148,2021-10-12 07:17:29,7500.0,2000.0,4238200.0
149,2021-10-12 07:16:59,7490.0,2000.0,4236200.0
150,2021-10-12 07:16:51,7490.0,14600.0,4234200.0
151,2021-10-12 07:16:51,7490.0,100.0,4219600.0
152,2021-10-12 07:16:51,7490.0,100.0,4219500.0
153,2021-10-12 07:16:51,7490.0,1300.0,4219400.0
154,2021-10-12 07:16:39,7500.0,600.0,4218100.0
155,2021-10-12 07:15:24,7490.0,800.0,4217500.0
156,2021-10-12 07:15:24,7490.0,100.0,4216700.0
157,2021-10-12 07:15:24,7490.0,100.0,4216600.0
158,2021-10-12 07:15:24,7490.0,4000.0,4216500.0
159,2021-10-12 07:15:06,7490.0,1100.0,4212500.0
160,2021-10-12 07:14:37,7500.0,100.0,4211400.0
161,2021-10-12 07:14:35,7500.0,500.0,4211300.0
162,2021-10-12 07:14:30,7500.0,10000.0,4210800.0
163,2021-10-12 07:14:28,7500.0,5000.0,4200800.0
164,2021-10-12 07:14:27,7500.0,200.0,4195800.0
165,2021-10-12 07:14:23,7490.0,1000.0,4195600.0
166,2021-10-12 07:14:04,7500.0,700.0,4194600.0
167,2021-10-12 07:13:48,7500.0,300.0,4193900.0
168,2021-10-12 07:13:37,7490.0,100.0,4193600.0
169,2021-10-12 07:13:37,7500.0,6000.0,4193500.0
170,2021-10-12 07:13:28,7490.0,3000.0,4187500.0
171,2021-10-12 07:13:14,7490.0,800.0,4184500.0
172,2021-10-12 07:13:14,7490.0,200.0,4183700.0
173,2021-10-12 07:13:07,7500.0,500.0,4183500.0
174,2021-10-12 07:12:55,7500.0,1000.0,4183000.0
175,2021-10-12 07:12:55,7500.0,2200.0,4182000.0
176,2021-10-12 07:12:55,7500.0,1000.0,4179800.0
177,2021-10-12 07:12:55,7500.0,2000.0,4178800.0
178,2021-10-12 07:12:55,7500.0,5000.0,4176800.0
179,2021-10-12 07:12:55,7500.0,500.0,4171800.0
180,2021-10-12 07:12:55,7500.0,500.0,4171300.0
181,2021-10-12 07:12:55,7500.0,2500.0,4170800.0
182,2021-10-12 07:12:13,7510.0,100.0,4168300.0
183,2021-10-12 07:12:13,7510.0,2700.0,4168200.0
184,2021-10-12 07:12:04,7510.0,1000.0,4165500.0
185,2021-10-12 07:11:50,7510.0,4000.0,4164500.0
186,2021-10-12 07:11:46,7510.0,1000.0,4160500.0
187,2021-10-12 07:11:40,7510.0,100.0,4159500.0
188,2021-10-12 07:11:07,7510.0,400.0,4159400.0
189,2021-10-12 07:10:55,7520.0,200.0,4159000.0
190,2021-10-12 07:10:47,7520.0,1000.0,4158800.0
191,2021-10-12 07:10:46,7510.0,100.0,4157800.0
192,2021-10-12 07:10:29,7520.0,300.0,4157700.0
193,2021-10-12 07:09:50,7520.0,1000.0,4157400.0
194,2021-10-12 07:08:42,7520.0,100.0,4156400.0
195,2021-10-12 07:08:42,7520.0,900.0,4156300.0
196,2021-10-12 07:08:35,7510.0,100.0,4155400.0
197,2021-10-12 07:08:27,7520.0,100.0,4155300.0
198,2021-10-12 07:08:09,7520.0,200.0,4155200.0
199,2021-10-12 07:08:06,7520.0,500.0,4155000.0
200,2021-10-12 07:08:02,7520.0,2000.0,4154500.0
201,2021-10-12 07:07:27,7520.0,600.0,4152500.0
202,2021-10-12 07:07:24,7520.0,7100.0,4151900.0
203,2021-10-12 07:06:37,7510.0,10600.0,4144800.0
204,2021-10-12 07:06:37,7510.0,300.0,4134200.0
205,2021-10-12 07:06:37,7510.0,2100.0,4133900.0
206,2021-10-12 07:05:49,7510.0,1000.0,4131800.0
207,2021-10-12 07:05:49,7510.0,3000.0,4130800.0
208,2021-10-12 07:05:45,7500.0,200.0,4127800.0
209,2021-10-12 07:05:41,7500.0,200.0,4127600.0
210,2021-10-12 07:05:34,7500.0,2500.0,4127400.0
211,2021-10-12 07:05:34,7500.0,2500.0,4124900.0
212,2021-10-12 07:05:24,7500.0,3800.0,4122400.0
213,2021-10-12 07:05:18,7500.0,1000.0,4118600.0
214,2021-10-12 07:05:18,7500.0,200.0,4117600.0
215,2021-10-12 07:05:18,7500.0,3000.0,4117400.0
216,2021-10-12 07:05:18,7500.0,500.0,4114400.0
217,2021-10-12 07:05:18,7500.0,200.0,4113900.0
218,2021-10-12 07:05:18,7500.0,100.0,4113700.0
219,2021-10-12 07:05:18,7500.0,1000.0,4113600.0
220,2021-10-12 07:05:18,7500.0,1000.0,4112600.0
221,2021-10-12 07:05:18,7500.0,1000.0,4111600.0
222,2021-10-12 07:05:18,7500.0,400.0,4110600.0
223,2021-10-12 07:05:18,7500.0,1000.0,4110200.0
224,2021-10-12 07:05:18,7500.0,100.0,4109200.0
225,2021-10-12 07:05:18,7500.0,600.0,4109100.0
226,2021-10-12 07:05:18,7500.0,200.0,4108500.0
227,2021-10-12 07:05:18,7500.0,2000.0,4108300.0
228,2021-10-12 07:05:18,7500.0,100.0,4106300.0
229,2021-10-12 07:05:18,7500.0,31300.0,4106200.0
230,2021-10-12 07:05:16,7500.0,500.0,4074900.0
231,2021-10-12 07:04:48,7500.0,5000.0,4074400.0
232,2021-10-12 07:03:35,7490.0,1000.0,4069400.0
233,2021-10-12 07:03:21,7480.0,5000.0,4068400.0
234,2021-10-12 07:03:16,7490.0,100.0,4063400.0
235,2021-10-12 07:03:08,7490.0,100.0,4063300.0
236,2021-10-12 07:03:08,7490.0,800.0,4063200.0
237,2021-10-12 07:03:04,7490.0,200.0,4062400.0
238,2021-10-12 07:03:04,7490.0,100.0,4062200.0
239,2021-10-12 07:03:04,7490.0,4600.0,4062100.0
240,2021-10-12 07:02:59,7500.0,1000.0,4057500.0
241,2021-10-12 07:02:51,7490.0,400.0,4056500.0
242,2021-10-12 07:02:51,7490.0,500.0,4056100.0
243,2021-10-12 07:01:45,7500.0,300.0,4055600.0
244,2021-10-12 07:01:25,7500.0,100.0,4055300.0
245,2021-10-12 07:01:05,7490.0,200.0,4055200.0
246,2021-10-12 07:00:49,7490.0,600.0,4055000.0
247,2021-10-12 07:00:36,7490.0,300.0,4054400.0
248,2021-10-12 07:00:32,7490.0,200.0,4054100.0
249,2021-10-12 07:00:29,7490.0,500.0,4053900.0
250,2021-10-12 07:00:18,7490.0,100.0,4053400.0
251,2021-10-12 07:00:18,7490.0,200.0,4053300.0
252,2021-10-12 07:00:02,7490.0,300.0,4053100.0
253,2021-10-12 07:00:02,7490.0,100.0,4052800.0
254,2021-10-12 07:00:02,7490.0,1000.0,4052700.0
255,2021-10-12 07:00:02,7490.0,700.0,4051700.0
256,2021-10-12 07:00:02,7490.0,900.0,4051000.0
257,2021-10-12 07:00:02,7490.0,100.0,4050100.0
258,2021-10-12 07:00:02,7490.0,1500.0,4050000.0
259,2021-10-12 07:00:02,7490.0,200.0,4048500.0
260,2021-10-12 07:00:02,7490.0,200.0,4048300.0
261,2021-10-12 07:00:02,7490.0,1000.0,4048100.0
262,2021-10-12 07:00:02,7490.0,200.0,4047100.0
263,2021-10-12 07:00:02,7490.0,2000.0,4046900.0
264,2021-10-12 07:00:02,7490.0,500.0,4044900.0
265,2021-10-12 07:00:02,7490.0,300.0,4044400.0
266,2021-10-12 07:00:00,7490.0,300.0,4044100.0
267,2021-10-12 07:00:00,7490.0,400.0,4043800.0
268,2021-10-12 07:00:00,7490.0,200.0,4043400.0
269,2021-10-12 07:00:00,7490.0,100.0,4043200.0
270,2021-10-12 06:59:59,7490.0,100.0,4043100.0
271,2021-10-12 06:59:59,7490.0,200.0,4043000.0
272,2021-10-12 06:59:59,7490.0,200.0,4042800.0
273,2021-10-12 06:59:59,7490.0,100.0,4042600.0
274,2021-10-12 06:59:59,7490.0,400.0,4042500.0
275,2021-10-12 06:59:55,7490.0,1000.0,4042100.0
276,2021-10-12 06:59:29,7490.0,1600.0,4041100.0
277,2021-10-12 06:59:29,7490.0,100.0,4039500.0
278,2021-10-12 06:59:29,7490.0,500.0,4039400.0
279,2021-10-12 06:59:29,7490.0,500.0,4038900.0
280,2021-10-12 06:59:29,7490.0,100.0,4038400.0
281,2021-10-12 06:59:29,7490.0,100.0,4038300.0
282,2021-10-12 06:59:29,7490.0,2000.0,4038200.0
283,2021-10-12 06:59:29,7490.0,1000.0,4036200.0
284,2021-10-12 06:59:29,7490.0,100.0,4035200.0
285,2021-10-12 06:59:29,7490.0,4000.0,4035100.0
286,2021-10-12 06:59:15,7500.0,200.0,4031100.0
287,2021-10-12 06:58:49,7500.0,2000.0,4030900.0
288,2021-10-12 06:58:49,7500.0,500.0,4028900.0
289,2021-10-12 06:58:49,7500.0,5000.0,4028400.0
290,2021-10-12 06:58:49,7500.0,500.0,4023400.0
291,2021-10-12 06:58:49,7500.0,100.0,4022900.0
292,2021-10-12 06:58:49,7500.0,1100.0,4022800.0
293,2021-10-12 06:58:49,7500.0,20000.0,4021700.0
294,2021-10-12 06:57:04,7540.0,5100.0,4001700.0
295,2021-10-12 06:57:04,7540.0,1000.0,3996600.0
296,2021-10-12 06:57:04,7540.0,20000.0,3995600.0
297,2021-10-12 06:57:04,7540.0,6300.0,3975600.0
298,2021-10-12 06:57:04,7530.0,200.0,3969300.0
299,2021-10-12 06:57:04,7530.0,1000.0,3969100.0
300,2021-10-12 06:57:04,7530.0,2000.0,3968100.0
301,2021-10-12 06:57:04,7530.0,200.0,3966100.0
302,2021-10-12 06:57:04,7530.0,20000.0,3965900.0
303,2021-10-12 06:57:04,7520.0,1200.0,3945900.0
304,2021-10-12 06:57:04,7520.0,10000.0,3944700.0
305,2021-10-12 06:57:04,7520.0,500.0,3934700.0
306,2021-10-12 06:57:04,7520.0,300.0,3934200.0
307,2021-10-12 06:57:04,7520.0,900.0,3933900.0
308,2021-10-12 06:57:04,7520.0,10000.0,3933000.0
309,2021-10-12 06:57:04,7520.0,200.0,3923000.0
310,2021-10-12 06:57:04,7510.0,5000.0,3922800.0
311,2021-10-12 06:57:04,7510.0,400.0,3917800.0
312,2021-10-12 06:57:04,7510.0,300.0,3917400.0
313,2021-10-12 06:57:04,7510.0,2000.0,3917100.0
314,2021-10-12 06:57:04,7510.0,200.0,3915100.0
315,2021-10-12 06:57:04,7510.0,200.0,3914900.0
316,2021-10-12 06:57:04,7510.0,3500.0,3914700.0
317,2021-10-12 06:57:04,7500.0,3000.0,3911200.0
318,2021-10-12 06:57:04,7500.0,900.0,3908200.0
319,2021-10-12 06:57:04,7500.0,5600.0,3907300.0
320,2021-10-12 06:56:44,7500.0,300.0,3901700.0
321,2021-10-12 06:56:40,7500.0,400.0,3901400.0
322,2021-10-12 06:56:40,7500.0,500.0,3901000.0
323,2021-10-12 06:56:40,7500.0,3200.0,3900500.0
324,2021-10-12 06:56:35,7500.0,4000.0,3897300.0
325,2021-10-12 06:56:17,7500.0,2500.0,3893300.0
326,2021-10-12 06:56:14,7500.0,100.0,3890800.0
327,2021-10-12 06:56:08,7500.0,200.0,3890700.0
328,2021-10-12 06:56:00,7500.0,300.0,3890500.0
329,2021-10-12 06:56:00,7500.0,700.0,3890200.0
330,2021-10-12 06:55:40,7500.0,300.0,3889500.0
331,2021-10-12 06:55:32,7500.0,100.0,3889200.0
332,2021-10-12 06:55:29,7500.0,500.0,3889100.0
333,2021-10-12 06:55:16,7500.0,5000.0,3888600.0
334,2021-10-12 06:55:15,7490.0,500.0,3883600.0
335,2021-10-12 06:54:37,7500.0,700.0,3883100.0
336,2021-10-12 06:54:37,7500.0,100.0,3882400.0
337,2021-10-12 06:54:37,7500.0,200.0,3882300.0
338,2021-10-12 06:54:37,7500.0,3100.0,3882100.0
339,2021-10-12 06:54:37,7500.0,500.0,3879000.0
340,2021-10-12 06:54:36,7500.0,1000.0,3878500.0
341,2021-10-12 06:54:36,7510.0,100.0,3877500.0
342,2021-10-12 06:54:27,7500.0,1000.0,3877400.0
343,2021-10-12 06:53:58,7500.0,2000.0,3876400.0
344,2021-10-12 06:53:41,7500.0,100.0,3874400.0
345,2021-10-12 06:53:41,7500.0,2000.0,3874300.0
346,2021-10-12 06:53:41,7500.0,1000.0,3872300.0
347,2021-10-12 06:53:41,7500.0,2000.0,3871300.0
348,2021-10-12 06:53:41,7500.0,500.0,3869300.0
349,2021-10-12 06:53:41,7500.0,200.0,3868800.0
350,2021-10-12 06:53:41,7500.0,1000.0,3868600.0
351,2021-10-12 06:53:41,7500.0,100.0,3867600.0
352,2021-10-12 06:53:41,7500.0,1000.0,3867500.0
353,2021-10-12 06:53:41,7500.0,4500.0,3866500.0
354,2021-10-12 06:53:29,7500.0,500.0,3862000.0
355,2021-10-12 06:53:26,7500.0,5000.0,3861500.0
356,2021-10-12 06:53:26,7500.0,1000.0,3856500.0
357,2021-10-12 06:53:26,7500.0,5000.0,3855500.0
358,2021-10-12 06:53:26,7500.0,1000.0,3850500.0
359,2021-10-12 06:53:26,7500.0,12000.0,3849500.0
360,2021-10-12 06:53:21,7500.0,300.0,3837500.0
361,2021-10-12 06:53:10,7500.0,200.0,3837200.0
362,2021-10-12 06:52:57,7500.0,20000.0,3837000.0
363,2021-10-12 06:52:29,7500.0,10000.0,3817000.0
364,2021-10-12 06:52:23,7500.0,2000.0,3807000.0
365,2021-10-12 06:52:21,7500.0,200.0,3805000.0
366,2021-10-12 06:52:14,7500.0,500.0,3804800.0
367,2021-10-12 06:51:58,7500.0,200.0,3804300.0
368,2021-10-12 06:51:58,7500.0,3300.0,3804100.0
369,2021-10-12 06:51:58,7500.0,200.0,3800800.0
370,2021-10-12 06:51:58,7500.0,81100.0,3800600.0
371,2021-10-12 06:51:53,7500.0,18900.0,3719500.0
372,2021-10-12 06:51:53,7500.0,26100.0,3700600.0
373,2021-10-12 06:51:44,7500.0,3900.0,3674500.0
374,2021-10-12 06:51:44,7500.0,1100.0,3670600.0
375,2021-10-12 06:51:40,7510.0,100.0,3669500.0
376,2021-10-12 06:51:39,7500.0,200.0,3669400.0
377,2021-10-12 06:50:43,7500.0,1700.0,3669200.0
378,2021-10-12 06:50:43,7500.0,1000.0,3667500.0
379,2021-10-12 06:50:43,7500.0,300.0,3666500.0
380,2021-10-12 06:49:59,7500.0,200.0,3666200.0
381,2021-10-12 06:49:40,7500.0,200.0,3666000.0
382,2021-10-12 06:49:40,7500.0,200.0,3665800.0
383,2021-10-12 06:49:17,7500.0,200.0,3665600.0
384,2021-10-12 06:49:16,7500.0,100.0,3665400.0
385,2021-10-12 06:49:15,7490.0,500.0,3665300.0
386,2021-10-12 06:49:08,7500.0,1000.0,3664800.0
387,2021-10-12 06:49:08,7500.0,400.0,3663800.0
388,2021-10-12 06:49:08,7500.0,200.0,3663400.0
389,2021-10-12 06:49:08,7500.0,1000.0,3663200.0
390,2021-10-12 06:49:08,7500.0,1000.0,3662200.0
391,2021-10-12 06:49:08,7500.0,100.0,3661200.0
392,2021-10-12 06:49:08,7500.0,100.0,3661100.0
393,2021-10-12 06:49:08,7500.0,1000.0,3661000.0
394,2021-10-12 06:49:08,7500.0,800.0,3660000.0
395,2021-10-12 06:49:08,7500.0,500.0,3659200.0
396,2021-10-12 06:49:08,7500.0,100.0,3658700.0
397,2021-10-12 06:49:08,7500.0,1000.0,3658600.0
398,2021-10-12 06:49:08,7500.0,5000.0,3657600.0
399,2021-10-12 06:49:08,7500.0,300.0,3652600.0
400,2021-10-12 06:49:08,7500.0,500.0,3652300.0
401,2021-10-12 06:49:08,7500.0,1000.0,3651800.0
402,2021-10-12 06:49:08,7500.0,100.0,3650800.0
403,2021-10-12 06:49:08,7500.0,500.0,3650700.0
404,2021-10-12 06:49:08,7500.0,5000.0,3650200.0
405,2021-10-12 06:49:08,7500.0,1000.0,3645200.0
406,2021-10-12 06:49:08,7500.0,100.0,3644200.0
407,2021-10-12 06:49:08,7500.0,1000.0,3644100.0
408,2021-10-12 06:49:08,7500.0,5000.0,3643100.0
409,2021-10-12 06:49:08,7500.0,5000.0,3638100.0
410,2021-10-12 06:49:08,7500.0,5000.0,3633100.0
411,2021-10-12 06:49:08,7500.0,500.0,3628100.0
412,2021-10-12 06:49:08,7500.0,400.0,3627600.0
413,2021-10-12 06:49:08,7500.0,20000.0,3627200.0
414,2021-10-12 06:49:08,7500.0,100.0,3607200.0
415,2021-10-12 06:49:08,7500.0,100.0,3607100.0
416,2021-10-12 06:49:08,7500.0,500.0,3607000.0
417,2021-10-12 06:49:08,7500.0,2000.0,3606500.0
418,2021-10-12 06:49:08,7500.0,1000.0,3604500.0
419,2021-10-12 06:49:08,7500.0,1500.0,3603500.0
420,2021-10-12 06:49:08,7500.0,100.0,3602000.0
421,2021-10-12 06:49:08,7500.0,1000.0,3601900.0
422,2021-10-12 06:49:08,7500.0,500.0,3600900.0
423,2021-10-12 06:49:08,7500.0,500.0,3600400.0
424,2021-10-12 06:49:08,7500.0,200.0,3599900.0
425,2021-10-12 06:49:08,7500.0,300.0,3599700.0
426,2021-10-12 06:49:08,7500.0,100.0,3599400.0
427,2021-10-12 06:49:08,7500.0,4000.0,3599300.0
428,2021-10-12 06:49:08,7500.0,200.0,3595300.0
429,2021-10-12 06:49:08,7500.0,200.0,3595100.0
430,2021-10-12 06:49:08,7500.0,500.0,3594900.0
431,2021-10-12 06:49:08,7500.0,500.0,3594400.0
432,2021-10-12 06:49:08,7500.0,20000.0,3593900.0
433,2021-10-12 06:49:08,7500.0,100.0,3573900.0
434,2021-10-12 06:49:08,7500.0,300.0,3573800.0
435,2021-10-12 06:49:08,7500.0,100.0,3573500.0
436,2021-10-12 06:49:08,7500.0,100.0,3573400.0
437,2021-10-12 06:49:08,7500.0,4000.0,3573300.0
438,2021-10-12 06:49:08,7500.0,200.0,3569300.0
439,2021-10-12 06:49:08,7500.0,3000.0,3569100.0
440,2021-10-12 06:49:08,7500.0,1500.0,3566100.0
441,2021-10-12 06:49:08,7500.0,1000.0,3564600.0
442,2021-10-12 06:49:08,7500.0,200.0,3563600.0
443,2021-10-12 06:49:08,7500.0,3900.0,3563400.0
444,2021-10-12 06:49:08,7500.0,1000.0,3559500.0
445,2021-10-12 06:49:08,7500.0,1000.0,3558500.0
446,2021-10-12 06:49:08,7500.0,500.0,3557500.0
447,2021-10-12 06:49:08,7500.0,200.0,3557000.0
448,2021-10-12 06:49:08,7500.0,500.0,3556800.0
449,2021-10-12 06:49:08,7500.0,500.0,3556300.0
450,2021-10-12 06:49:08,7500.0,200.0,3555800.0
451,2021-10-12 06:49:08,7500.0,100.0,3555600.0
452,2021-10-12 06:49:08,7500.0,1000.0,3555500.0
453,2021-10-12 06:49:08,7500.0,1000.0,3554500.0
454,2021-10-12 06:49:08,7500.0,200.0,3553500.0
455,2021-10-12 06:49:08,7500.0,200.0,3553300.0
456,2021-10-12 06:49:08,7500.0,100.0,3553100.0
457,2021-10-12 06:49:08,7500.0,100.0,3553000.0
458,2021-10-12 06:49:08,7500.0,200.0,3552900.0
459,2021-10-12 06:49:08,7500.0,100.0,3552700.0
460,2021-10-12 06:49:08,7500.0,2600.0,3552600.0
461,2021-10-12 06:49:08,7500.0,1600.0,3550000.0
462,2021-10-12 06:49:08,7500.0,1000.0,3548400.0
463,2021-10-12 06:49:08,7500.0,500.0,3547400.0
464,2021-10-12 06:49:08,7500.0,1600.0,3546900.0
465,2021-10-12 06:48:51,7510.0,500.0,3545300.0
466,2021-10-12 06:48:36,7510.0,100.0,3544800.0
467,2021-10-12 06:48:06,7510.0,500.0,3544700.0
468,2021-10-12 06:48:04,7510.0,200.0,3544200.0
469,2021-10-12 06:48:02,7510.0,2800.0,3544000.0
470,2021-10-12 06:48:02,7510.0,1000.0,3541200.0
471,2021-10-12 06:48:02,7510.0,500.0,3540200.0
472,2021-10-12 06:48:02,7510.0,100.0,3539700.0
473,2021-10-12 06:48:02,7510.0,700.0,3539600.0
474,2021-10-12 06:47:43,7510.0,300.0,3538900.0
475,2021-10-12 06:47:43,7510.0,700.0,3538600.0
476,2021-10-12 06:47:21,7520.0,300.0,3537900.0
477,2021-10-12 06:47:21,7520.0,300.0,3537600.0
478,2021-10-12 06:47:10,7520.0,100.0,3537300.0
479,2021-10-12 06:46:58,7520.0,300.0,3537200.0
480,2021-10-12 06:46:31,7520.0,500.0,3536900.0
481,2021-10-12 06:46:21,7510.0,1000.0,3536400.0
482,2021-10-12 06:46:11,7510.0,3000.0,3535400.0
483,2021-10-12 06:46:03,7510.0,4700.0,3532400.0
484,2021-10-12 06:45:50,7510.0,600.0,3527700.0
485,2021-10-12 06:45:50,7510.0,300.0,3527100.0
486,2021-10-12 06:45:50,7510.0,1000.0,3526800.0
487,2021-10-12 06:45:50,7510.0,500.0,3525800.0
488,2021-10-12 06:45:50,7510.0,2000.0,3525300.0
489,2021-10-12 06:45:50,7510.0,500.0,3523300.0
490,2021-10-12 06:45:50,7510.0,2000.0,3522800.0
491,2021-10-12 06:45:50,7510.0,1000.0,3520800.0
492,2021-10-12 06:45:50,7510.0,300.0,3519800.0
493,2021-10-12 06:45:50,7510.0,200.0,3519500.0
494,2021-10-12 06:45:50,7510.0,10000.0,3519300.0
495,2021-10-12 06:45:38,7510.0,500.0,3509300.0
496,2021-10-12 06:45:38,7510.0,100.0,3508800.0
497,2021-10-12 06:45:38,7510.0,1000.0,3508700.0
498,2021-10-12 06:45:38,7510.0,300.0,3507700.0
499,2021-10-12 06:45:37,7510.0,400.0,3507400.0
500,2021-10-12 06:44:54,7510.0,1200.0,3507000.0
501,2021-10-12 06:43:57,7520.0,200.0,3505800.0
502,2021-10-12 06:43:52,7520.0,500.0,3505600.0
503,2021-10-12 06:40:57,7510.0,1000.0,3505100.0
504,2021-10-12 06:40:36,7510.0,5100.0,3504100.0
505,2021-10-12 06:40:36,7510.0,2400.0,3499000.0
506,2021-10-12 06:40:36,7520.0,500.0,3496600.0
507,2021-10-12 06:40:36,7520.0,4000.0,3496100.0
508,2021-10-12 06:39:07,7540.0,200.0,3492100.0
509,2021-10-12 06:37:35,7540.0,200.0,3491900.0
510,2021-10-12 06:37:35,7540.0,200.0,3491700.0
511,2021-10-12 06:37:35,7540.0,1000.0,3491500.0
512,2021-10-12 06:37:35,7540.0,900.0,3490500.0
513,2021-10-12 06:37:25,7530.0,500.0,3489600.0
514,2021-10-12 06:37:25,7530.0,1000.0,3489100.0
515,2021-10-12 06:37:25,7530.0,300.0,3488100.0
516,2021-10-12 06:37:15,7520.0,200.0,3487800.0
517,2021-10-12 06:36:11,7510.0,100.0,3487600.0
518,2021-10-12 06:36:10,7520.0,200.0,3487500.0
519,2021-10-12 06:36:02,7510.0,2000.0,3487300.0
520,2021-10-12 06:35:56,7520.0,1000.0,3485300.0
521,2021-10-12 06:35:33,7520.0,300.0,3484300.0
522,2021-10-12 06:35:25,7520.0,10000.0,3484000.0
523,2021-10-12 06:35:18,7510.0,300.0,3474000.0
524,2021-10-12 06:35:18,7520.0,100.0,3473700.0
525,2021-10-12 06:35:13,7520.0,100.0,3473600.0
526,2021-10-12 06:35:13,7520.0,100.0,3473500.0
527,2021-10-12 06:35:13,7520.0,2000.0,3473400.0
528,2021-10-12 06:35:13,7520.0,600.0,3471400.0
529,2021-10-12 06:35:13,7520.0,1000.0,3470800.0
530,2021-10-12 06:35:13,7520.0,900.0,3469800.0
531,2021-10-12 06:34:26,7520.0,500.0,3468900.0
532,2021-10-12 06:34:02,7520.0,600.0,3468400.0
533,2021-10-12 06:33:56,7520.0,300.0,3467800.0
534,2021-10-12 06:33:56,7520.0,300.0,3467500.0
535,2021-10-12 06:33:35,7520.0,200.0,3467200.0
536,2021-10-12 06:33:31,7520.0,200.0,3467000.0
537,2021-10-12 06:32:26,7520.0,3000.0,3466800.0
538,2021-10-12 06:32:09,7520.0,100.0,3463800.0
539,2021-10-12 06:32:04,7520.0,100.0,3463700.0
540,2021-10-12 06:31:58,7510.0,1000.0,3463600.0
541,2021-10-12 06:31:45,7520.0,2000.0,3462600.0
542,2021-10-12 06:30:56,7520.0,1000.0,3460600.0
543,2021-10-12 06:30:11,7510.0,1000.0,3459600.0
544,2021-10-12 06:29:54,7510.0,1000.0,3458600.0
545,2021-10-12 06:29:30,7510.0,5600.0,3457600.0
546,2021-10-12 06:28:57,7510.0,200.0,3452000.0
547,2021-10-12 06:28:44,7510.0,500.0,3451800.0
548,2021-10-12 06:27:47,7510.0,100.0,3451300.0
549,2021-10-12 06:27:28,7510.0,1000.0,3451200.0
550,2021-10-12 06:27:28,7510.0,1000.0,3450200.0
551,2021-10-12 06:27:28,7510.0,1800.0,3449200.0
552,2021-10-12 06:27:08,7510.0,100.0,3447400.0
553,2021-10-12 06:27:04,7500.0,400.0,3447300.0
554,2021-10-12 06:27:04,7500.0,100.0,3446900.0
555,2021-10-12 06:27:04,7500.0,300.0,3446800.0
556,2021-10-12 06:27:04,7500.0,500.0,3446500.0
557,2021-10-12 06:27:04,7500.0,1000.0,3446000.0
558,2021-10-12 06:27:04,7500.0,1000.0,3445000.0
559,2021-10-12 06:27:04,7500.0,1000.0,3444000.0
560,2021-10-12 06:27:04,7500.0,100.0,3443000.0
561,2021-10-12 06:27:04,7500.0,600.0,3442900.0
562,2021-10-12 06:27:04,7500.0,300.0,3442300.0
563,2021-10-12 06:27:04,7500.0,2000.0,3442000.0
564,2021-10-12 06:27:04,7500.0,500.0,3440000.0
565,2021-10-12 06:27:04,7500.0,600.0,3439500.0
566,2021-10-12 06:27:04,7500.0,5000.0,3438900.0
567,2021-10-12 06:27:04,7500.0,2000.0,3433900.0
568,2021-10-12 06:27:04,7500.0,1000.0,3431900.0
569,2021-10-12 06:27:04,7500.0,200.0,3430900.0
570,2021-10-12 06:27:04,7500.0,1000.0,3430700.0
571,2021-10-12 06:27:04,7500.0,200.0,3429700.0
572,2021-10-12 06:27:04,7500.0,300.0,3429500.0
573,2021-10-12 06:27:04,7500.0,4000.0,3429200.0
574,2021-10-12 06:27:04,7500.0,500.0,3425200.0
575,2021-10-12 06:27:04,7500.0,500.0,3424700.0
576,2021-10-12 06:27:04,7500.0,3000.0,3424200.0
577,2021-10-12 06:27:04,7500.0,1000.0,3421200.0
578,2021-10-12 06:27:04,7500.0,200.0,3420200.0
579,2021-10-12 06:27:04,7500.0,1000.0,3420000.0
580,2021-10-12 06:27:04,7500.0,1000.0,3419000.0
581,2021-10-12 06:27:04,7500.0,2000.0,3418000.0
582,2021-10-12 06:27:04,7500.0,100.0,3416000.0
583,2021-10-12 06:27:04,7500.0,10000.0,3415900.0
584,2021-10-12 06:27:04,7500.0,8600.0,3405900.0
585,2021-10-12 06:26:58,7500.0,6400.0,3397300.0
586,2021-10-12 06:26:58,7500.0,8500.0,3390900.0
587,2021-10-12 06:26:54,7500.0,100.0,3382400.0
588,2021-10-12 06:26:51,7500.0,1900.0,3382300.0
589,2021-10-12 06:26:49,7500.0,2000.0,3380400.0
590,2021-10-12 06:26:20,7500.0,100.0,3378400.0
591,2021-10-12 06:26:13,7510.0,1100.0,3378300.0
592,2021-10-12 06:26:13,7510.0,600.0,3377200.0
593,2021-10-12 06:26:13,7510.0,2000.0,3376600.0
594,2021-10-12 06:26:13,7510.0,300.0,3374600.0
595,2021-10-12 06:26:11,7510.0,100.0,3374300.0
596,2021-10-12 06:25:57,7510.0,4600.0,3374200.0
597,2021-10-12 06:25:57,7510.0,400.0,3369600.0
598,2021-10-12 06:25:42,7510.0,100.0,3369200.0
599,2021-10-12 06:25:30,7510.0,100.0,3369100.0
600,2021-10-12 06:24:45,7510.0,1000.0,3369000.0
601,2021-10-12 06:24:25,7500.0,1000.0,3368000.0
602,2021-10-12 06:24:18,7510.0,400.0,3367000.0
603,2021-10-12 06:24:18,7510.0,100.0,3366600.0
604,2021-10-12 06:24:18,7510.0,500.0,3366500.0
605,2021-10-12 06:24:18,7510.0,400.0,3366000.0
606,2021-10-12 06:24:11,7510.0,10000.0,3365600.0
607,2021-10-12 06:24:03,7510.0,2700.0,3355600.0
608,2021-10-12 06:24:03,7510.0,700.0,3352900.0
609,2021-10-12 06:24:03,7510.0,500.0,3352200.0
610,2021-10-12 06:24:03,7510.0,8400.0,3351700.0
611,2021-10-12 06:24:03,7510.0,5000.0,3343300.0
612,2021-10-12 06:24:03,7510.0,500.0,3338300.0
613,2021-10-12 06:24:03,7510.0,200.0,3337800.0
614,2021-10-12 06:24:03,7510.0,200.0,3337600.0
615,2021-10-12 06:24:03,7510.0,1600.0,3337400.0
616,2021-10-12 06:23:59,7510.0,500.0,3335800.0
617,2021-10-12 06:23:19,7510.0,2900.0,3335300.0
618,2021-10-12 06:23:19,7510.0,100.0,3332400.0
619,2021-10-12 06:23:19,7510.0,1000.0,3332300.0
620,2021-10-12 06:22:46,7510.0,2000.0,3331300.0
621,2021-10-12 06:22:36,7510.0,1000.0,3329300.0
622,2021-10-12 06:22:07,7510.0,900.0,3328300.0
623,2021-10-12 06:22:07,7510.0,100.0,3327400.0
624,2021-10-12 06:21:38,7510.0,1900.0,3327300.0
625,2021-10-12 06:21:38,7510.0,1300.0,3325400.0
626,2021-10-12 06:21:38,7520.0,100.0,3324100.0
627,2021-10-12 06:21:38,7520.0,100.0,3324000.0
628,2021-10-12 06:21:38,7520.0,100.0,3323900.0
629,2021-10-12 06:21:38,7520.0,100.0,3323800.0
630,2021-10-12 06:21:38,7520.0,300.0,3323700.0
631,2021-10-12 06:21:38,7530.0,100.0,3323400.0
632,2021-10-12 06:21:19,7540.0,100.0,3323300.0
633,2021-10-12 06:20:56,7540.0,400.0,3323200.0
634,2021-10-12 06:20:56,7540.0,100.0,3322800.0
635,2021-10-12 06:20:54,7540.0,100.0,3322700.0
636,2021-10-12 06:20:28,7540.0,500.0,3322600.0
637,2021-10-12 06:20:20,7540.0,300.0,3322100.0
638,2021-10-12 06:20:20,7540.0,700.0,3321800.0
639,2021-10-12 06:20:14,7550.0,200.0,3321100.0
640,2021-10-12 06:19:56,7540.0,200.0,3320900.0
641,2021-10-12 06:19:37,7540.0,1000.0,3320700.0
642,2021-10-12 06:19:33,7540.0,100.0,3319700.0
643,2021-10-12 06:19:21,7550.0,300.0,3319600.0
644,2021-10-12 06:19:21,7550.0,3000.0,3319300.0
645,2021-10-12 06:19:21,7550.0,500.0,3316300.0
646,2021-10-12 06:19:21,7550.0,300.0,3315800.0
647,2021-10-12 06:19:21,7550.0,100.0,3315500.0
648,2021-10-12 06:19:21,7550.0,200.0,3315400.0
649,2021-10-12 06:19:21,7550.0,100.0,3315200.0
650,2021-10-12 06:19:20,7540.0,500.0,3315100.0
651,2021-10-12 06:19:20,7540.0,1500.0,3314600.0
652,2021-10-12 06:19:13,7540.0,200.0,3313100.0
653,2021-10-12 06:19:11,7540.0,100.0,3312900.0
654,2021-10-12 06:19:06,7540.0,1000.0,3312800.0
655,2021-10-12 06:19:02,7540.0,100.0,3311800.0
656,2021-10-12 06:18:42,7540.0,1000.0,3311700.0
657,2021-10-12 06:18:28,7540.0,1100.0,3310700.0
658,2021-10-12 06:18:28,7540.0,100.0,3309600.0
659,2021-10-12 06:18:28,7540.0,100.0,3309500.0
660,2021-10-12 06:18:28,7540.0,1200.0,3309400.0
661,2021-10-12 06:17:22,7550.0,1400.0,3308200.0
662,2021-10-12 06:17:21,7550.0,500.0,3306800.0
663,2021-10-12 06:16:53,7550.0,1000.0,3306300.0
664,2021-10-12 06:16:20,7540.0,300.0,3305300.0
665,2021-10-12 06:15:13,7540.0,2300.0,3305000.0
666,2021-10-12 06:15:11,7550.0,1100.0,3302700.0
667,2021-10-12 06:14:55,7550.0,2000.0,3301600.0
668,2021-10-12 06:14:54,7540.0,100.0,3299600.0
669,2021-10-12 06:14:06,7540.0,100.0,3299500.0
670,2021-10-12 06:13:49,7540.0,2000.0,3299400.0
671,2021-10-12 06:13:27,7550.0,700.0,3297400.0
672,2021-10-12 06:13:27,7550.0,2400.0,3296700.0
673,2021-10-12 06:13:27,7540.0,200.0,3294300.0
674,2021-10-12 06:13:27,7540.0,1000.0,3294100.0
675,2021-10-12 06:13:27,7540.0,500.0,3293100.0
676,2021-10-12 06:13:27,7540.0,200.0,3292600.0
677,2021-10-12 06:12:45,7540.0,2800.0,3292400.0
678,2021-10-12 06:12:45,7540.0,500.0,3289600.0
679,2021-10-12 06:12:45,7540.0,2400.0,3289100.0
680,2021-10-12 06:12:41,7530.0,1000.0,3286700.0
681,2021-10-12 06:12:27,7530.0,1500.0,3285700.0
682,2021-10-12 06:12:14,7530.0,200.0,3284200.0
683,2021-10-12 06:12:14,7530.0,2000.0,3284000.0
684,2021-10-12 06:12:14,7530.0,800.0,3282000.0
685,2021-10-12 06:11:54,7530.0,1000.0,3281200.0
686,2021-10-12 06:11:42,7520.0,10000.0,3280200.0
687,2021-10-12 06:11:38,7520.0,2400.0,3270200.0
688,2021-10-12 06:11:38,7520.0,200.0,3267800.0
689,2021-10-12 06:11:17,7520.0,700.0,3267600.0
690,2021-10-12 06:10:59,7520.0,1000.0,3266900.0
691,2021-10-12 06:10:46,7510.0,8700.0,3265900.0
692,2021-10-12 06:10:46,7510.0,1300.0,3257200.0
693,2021-10-12 06:10:38,7520.0,100.0,3255900.0
694,2021-10-12 06:10:38,7520.0,900.0,3255800.0
695,2021-10-12 06:10:07,7510.0,5200.0,3254900.0
696,2021-10-12 06:10:05,7520.0,1000.0,3249700.0
697,2021-10-12 06:09:50,7520.0,1000.0,3248700.0
698,2021-10-12 06:09:50,7520.0,100.0,3247700.0
699,2021-10-12 06:09:32,7520.0,300.0,3247600.0
700,2021-10-12 06:09:32,7520.0,600.0,3247300.0
701,2021-10-12 06:09:32,7520.0,2000.0,3246700.0
702,2021-10-12 06:09:13,7510.0,100.0,3244700.0
703,2021-10-12 06:08:59,7510.0,1100.0,3244600.0
704,2021-10-12 06:08:59,7510.0,400.0,3243500.0
705,2021-10-12 06:08:56,7520.0,200.0,3243100.0
706,2021-10-12 06:08:34,7520.0,200.0,3242900.0
707,2021-10-12 06:08:27,7520.0,600.0,3242700.0
708,2021-10-12 06:08:12,7500.0,1400.0,3242100.0
709,2021-10-12 06:08:12,7500.0,6300.0,3240700.0
710,2021-10-12 06:07:55,7500.0,11700.0,3234400.0
711,2021-10-12 06:07:55,7510.0,100.0,3222700.0
712,2021-10-12 06:07:55,7510.0,200.0,3222600.0
713,2021-10-12 06:07:55,7510.0,5000.0,3222400.0
714,2021-10-12 06:07:55,7510.0,100.0,3217400.0
715,2021-10-12 06:07:55,7510.0,2900.0,3217300.0
716,2021-10-12 06:07:01,7510.0,100.0,3214400.0
717,2021-10-12 06:07:01,7510.0,10000.0,3214300.0
718,2021-10-12 06:07:01,7510.0,1700.0,3204300.0
719,2021-10-12 06:07:01,7520.0,200.0,3202600.0
720,2021-10-12 06:07:01,7520.0,2500.0,3202400.0
721,2021-10-12 06:07:01,7520.0,500.0,3199900.0
722,2021-10-12 06:06:30,7520.0,300.0,3199400.0
723,2021-10-12 06:06:30,7520.0,9200.0,3199100.0
724,2021-10-12 06:06:11,7520.0,800.0,3189900.0
725,2021-10-12 06:06:07,7520.0,800.0,3189100.0
726,2021-10-12 06:06:04,7520.0,100.0,3188300.0
727,2021-10-12 06:05:52,7520.0,100.0,3188200.0
728,2021-10-12 06:05:52,7520.0,2000.0,3188100.0
729,2021-10-12 06:05:33,7520.0,1200.0,3186100.0
730,2021-10-12 06:05:33,7520.0,300.0,3184900.0
731,2021-10-12 06:05:20,7520.0,800.0,3184600.0
732,2021-10-12 06:04:59,7520.0,200.0,3183800.0
733,2021-10-12 06:04:59,7520.0,400.0,3183600.0
734,2021-10-12 06:04:59,7520.0,400.0,3183200.0
735,2021-10-12 06:04:59,7520.0,300.0,3182800.0
736,2021-10-12 06:04:59,7520.0,1700.0,3182500.0
737,2021-10-12 06:04:57,7520.0,300.0,3180800.0
738,2021-10-12 06:04:31,7510.0,100.0,3180500.0
739,2021-10-12 06:04:21,7510.0,200.0,3180400.0
740,2021-10-12 06:04:21,7510.0,1000.0,3180200.0
741,2021-10-12 06:04:21,7510.0,2000.0,3179200.0
742,2021-10-12 06:04:02,7510.0,300.0,3177200.0
743,2021-10-12 06:03:58,7500.0,2000.0,3176900.0
744,2021-10-12 06:03:58,7500.0,1000.0,3174900.0
745,2021-10-12 06:03:58,7500.0,1000.0,3173900.0
746,2021-10-12 06:03:53,7500.0,1000.0,3172900.0
747,2021-10-12 06:03:53,7500.0,1000.0,3171900.0
748,2021-10-12 06:03:53,7500.0,1000.0,3170900.0
749,2021-10-12 06:03:53,7500.0,2000.0,3169900.0
750,2021-10-12 06:03:53,7500.0,1000.0,3167900.0
751,2021-10-12 06:03:49,7510.0,700.0,3166900.0
752,2021-10-12 06:03:49,7510.0,100.0,3166200.0
753,2021-10-12 06:03:49,7510.0,500.0,3166100.0
754,2021-10-12 06:03:49,7510.0,700.0,3165600.0
755,2021-10-12 06:03:46,7510.0,2300.0,3164900.0
756,2021-10-12 06:03:46,7510.0,400.0,3162600.0
757,2021-10-12 06:03:46,7510.0,1500.0,3162200.0
758,2021-10-12 06:03:46,7510.0,400.0,3160700.0
759,2021-10-12 06:03:46,7510.0,300.0,3160300.0
760,2021-10-12 06:03:46,7510.0,3000.0,3160000.0
761,2021-10-12 06:03:46,7510.0,2100.0,3157000.0
762,2021-10-12 06:02:58,7510.0,100.0,3154900.0
763,2021-10-12 06:02:58,7500.0,1000.0,3154800.0
764,2021-10-12 06:02:58,7500.0,2000.0,3153800.0
765,2021-10-12 06:02:49,7510.0,500.0,3151800.0
766,2021-10-12 06:02:47,7510.0,500.0,3151300.0
767,2021-10-12 06:01:56,7510.0,6800.0,3150800.0
768,2021-10-12 06:01:56,7510.0,2800.0,3144000.0
769,2021-10-12 06:01:53,7510.0,300.0,3141200.0
770,2021-10-12 06:01:24,7510.0,3000.0,3140900.0
771,2021-10-12 06:01:09,7510.0,1000.0,3137900.0
772,2021-10-12 06:00:57,7510.0,100.0,3136900.0
773,2021-10-12 06:00:47,7510.0,800.0,3136800.0
774,2021-10-12 06:00:47,7510.0,400.0,3136000.0
775,2021-10-12 06:00:40,7510.0,1000.0,3135600.0
776,2021-10-12 06:00:31,7510.0,300.0,3134600.0
777,2021-10-12 06:00:25,7510.0,3000.0,3134300.0
778,2021-10-12 06:00:24,7510.0,100.0,3131300.0
779,2021-10-12 06:00:24,7510.0,200.0,3131200.0
780,2021-10-12 06:00:20,7500.0,500.0,3131000.0
781,2021-10-12 06:00:19,7510.0,100.0,3130500.0
782,2021-10-12 06:00:16,7510.0,200.0,3130400.0
783,2021-10-12 06:00:14,7500.0,100.0,3130200.0
784,2021-10-12 06:00:12,7510.0,5000.0,3130100.0
785,2021-10-12 06:00:06,7500.0,600.0,3125100.0
786,2021-10-12 06:00:03,7510.0,2700.0,3124500.0
787,2021-10-12 06:00:02,7510.0,1000.0,3121800.0
788,2021-10-12 06:00:01,7500.0,800.0,3120800.0
789,2021-10-12 06:00:01,7500.0,100.0,3120000.0
790,2021-10-12 06:00:01,7500.0,600.0,3119900.0
791,2021-10-12 06:00:01,7500.0,100.0,3119300.0
792,2021-10-12 06:00:01,7510.0,100.0,3119200.0
793,2021-10-12 06:00:01,7510.0,2000.0,3119100.0
794,2021-10-12 06:00:01,7500.0,300.0,3117100.0
795,2021-10-12 06:00:01,7500.0,1000.0,3116800.0
796,2021-10-12 06:00:01,7500.0,300.0,3115800.0
797,2021-10-12 06:00:01,7500.0,600.0,3115500.0
798,2021-10-12 06:00:01,7510.0,1000.0,3114900.0
799,2021-10-12 06:00:00,7510.0,500.0,3113900.0
800,2021-10-12 04:29:41,7510.0,12000.0,3113400.0
801,2021-10-12 04:29:20,7510.0,200.0,3101400.0
802,2021-10-12 04:29:07,7510.0,200.0,3101200.0
803,2021-10-12 04:29:03,7500.0,300.0,3101000.0
804,2021-10-12 04:28:52,7500.0,100.0,3100700.0
805,2021-10-12 04:28:52,7500.0,1000.0,3100600.0
806,2021-10-12 04:28:52,7500.0,2000.0,3099600.0
807,2021-10-12 04:28:52,7500.0,100.0,3097600.0
808,2021-10-12 04:28:52,7500.0,1000.0,3097500.0
809,2021-10-12 04:28:52,7500.0,300.0,3096500.0
810,2021-10-12 04:28:52,7510.0,500.0,3096200.0
811,2021-10-12 04:28:52,7510.0,3000.0,3095700.0
812,2021-10-12 04:28:52,7510.0,1000.0,3092700.0
813,2021-10-12 04:28:52,7510.0,5000.0,3091700.0
814,2021-10-12 04:28:52,7510.0,900.0,3086700.0
815,2021-10-12 04:28:52,7510.0,100.0,3085800.0
816,2021-10-12 04:28:32,7510.0,400.0,3085700.0
817,2021-10-12 04:28:32,7510.0,2000.0,3085300.0
818,2021-10-12 04:28:32,7510.0,100.0,3083300.0
819,2021-10-12 04:28:32,7510.0,2000.0,3083200.0
820,2021-10-12 04:28:32,7510.0,200.0,3081200.0
821,2021-10-12 04:28:32,7510.0,100.0,3081000.0
822,2021-10-12 04:28:32,7520.0,200.0,3080900.0
823,2021-10-12 04:26:32,7510.0,900.0,3080700.0
824,2021-10-12 04:26:32,7510.0,3800.0,3079800.0
825,2021-10-12 04:26:32,7520.0,300.0,3076000.0
826,2021-10-12 04:24:47,7510.0,200.0,3075700.0
827,2021-10-12 04:24:25,7510.0,5000.0,3075500.0
828,2021-10-12 04:23:42,7500.0,200.0,3070500.0
829,2021-10-12 04:23:42,7500.0,500.0,3070300.0
830,2021-10-12 04:23:42,7500.0,500.0,3069800.0
831,2021-10-12 04:23:42,7500.0,20800.0,3069300.0
832,2021-10-12 04:23:42,7510.0,100.0,3048500.0
833,2021-10-12 04:23:42,7510.0,500.0,3048400.0
834,2021-10-12 04:23:42,7510.0,6000.0,3047900.0
835,2021-10-12 04:23:42,7510.0,1000.0,3041900.0
836,2021-10-12 04:23:42,7510.0,200.0,3040900.0
837,2021-10-12 04:23:42,7510.0,500.0,3040700.0
838,2021-10-12 04:23:42,7510.0,500.0,3040200.0
839,2021-10-12 04:23:42,7510.0,1000.0,3039700.0
840,2021-10-12 04:23:42,7510.0,200.0,3038700.0
841,2021-10-12 04:23:42,7510.0,500.0,3038500.0
842,2021-10-12 04:23:42,7510.0,1000.0,3038000.0
843,2021-10-12 04:23:42,7510.0,500.0,3037000.0
844,2021-10-12 04:23:42,7510.0,4800.0,3036500.0
845,2021-10-12 04:23:42,7520.0,1000.0,3031700.0
846,2021-10-12 04:23:42,7520.0,300.0,3030700.0
847,2021-10-12 04:23:35,7530.0,200.0,3030400.0
848,2021-10-12 04:23:35,7530.0,300.0,3030200.0
849,2021-10-12 04:22:58,7520.0,200.0,3029900.0
850,2021-10-12 04:21:11,7510.0,200.0,3029700.0
851,2021-10-12 04:21:11,7510.0,4800.0,3029500.0
852,2021-10-12 04:20:49,7510.0,15200.0,3024700.0
853,2021-10-12 04:20:49,7510.0,3000.0,3009500.0
854,2021-10-12 04:20:49,7510.0,100.0,3006500.0
855,2021-10-12 04:20:49,7510.0,500.0,3006400.0
856,2021-10-12 04:20:49,7510.0,1200.0,3005900.0
857,2021-10-12 04:20:27,7520.0,100.0,3004700.0
858,2021-10-12 04:20:27,7520.0,200.0,3004600.0
859,2021-10-12 04:20:27,7520.0,1600.0,3004400.0
860,2021-10-12 04:20:27,7520.0,1000.0,3002800.0
861,2021-10-12 04:20:27,7520.0,5900.0,3001800.0
862,2021-10-12 04:20:20,7520.0,700.0,2995900.0
863,2021-10-12 04:20:20,7520.0,200.0,2995200.0
864,2021-10-12 04:20:20,7520.0,1000.0,2995000.0
865,2021-10-12 04:20:20,7520.0,8800.0,2994000.0
866,2021-10-12 04:20:17,7520.0,1200.0,2985200.0
867,2021-10-12 04:20:17,7520.0,500.0,2984000.0
868,2021-10-12 04:20:17,7520.0,300.0,2983500.0
869,2021-10-12 04:20:00,7530.0,300.0,2983200.0
870,2021-10-12 04:20:00,7530.0,400.0,2982900.0
871,2021-10-12 04:19:21,7530.0,600.0,2982500.0
872,2021-10-12 04:18:57,7530.0,5000.0,2981900.0
873,2021-10-12 04:18:41,7540.0,200.0,2976900.0
874,2021-10-12 04:18:12,7540.0,100.0,2976700.0
875,2021-10-12 04:18:04,7540.0,200.0,2976600.0
876,2021-10-12 04:17:11,7540.0,1000.0,2976400.0
877,2021-10-12 04:16:43,7540.0,100.0,2975400.0
878,2021-10-12 04:16:43,7540.0,1000.0,2975300.0
879,2021-10-12 04:13:53,7540.0,500.0,2974300.0
880,2021-10-12 04:13:50,7540.0,3500.0,2973800.0
881,2021-10-12 04:13:40,7540.0,400.0,2970300.0
882,2021-10-12 04:13:33,7540.0,11100.0,2969900.0
883,2021-10-12 04:13:33,7540.0,8900.0,2958800.0
884,2021-10-12 04:13:06,7540.0,1100.0,2949900.0
885,2021-10-12 04:13:06,7540.0,900.0,2948800.0
886,2021-10-12 04:12:43,7540.0,400.0,2947900.0
887,2021-10-12 04:12:34,7540.0,500.0,2947500.0
888,2021-10-12 04:11:52,7530.0,100.0,2947000.0
889,2021-10-12 04:11:19,7520.0,200.0,2946900.0
890,2021-10-12 04:11:19,7520.0,100.0,2946700.0
891,2021-10-12 04:11:11,7540.0,200.0,2946600.0
892,2021-10-12 04:10:52,7520.0,900.0,2946400.0
893,2021-10-12 04:10:52,7520.0,500.0,2945500.0
894,2021-10-12 04:10:35,7520.0,500.0,2945000.0
895,2021-10-12 04:10:35,7520.0,2500.0,2944500.0
896,2021-10-12 04:10:32,7520.0,500.0,2942000.0
897,2021-10-12 04:08:12,7520.0,2000.0,2941500.0
898,2021-10-12 04:06:42,7520.0,100.0,2939500.0
899,2021-10-12 04:02:29,7520.0,500.0,2939400.0
900,2021-10-12 04:02:14,7520.0,500.0,2938900.0
901,2021-10-12 04:01:44,7520.0,1000.0,2938400.0
902,2021-10-12 04:01:44,7520.0,2000.0,2937400.0
903,2021-10-12 04:01:11,7510.0,600.0,2935400.0
904,2021-10-12 04:01:11,7520.0,100.0,2934800.0
905,2021-10-12 04:00:08,7510.0,2000.0,2934700.0
906,2021-10-12 04:00:06,7510.0,500.0,2932700.0
907,2021-10-12 04:00:05,7510.0,2000.0,2932200.0
908,2021-10-12 03:59:59,7510.0,3700.0,2930200.0
909,2021-10-12 03:59:59,7510.0,1000.0,2926500.0
910,2021-10-12 03:59:59,7510.0,3000.0,2925500.0
911,2021-10-12 03:59:59,7510.0,1100.0,2922500.0
912,2021-10-12 03:59:59,7510.0,300.0,2921400.0
913,2021-10-12 03:59:59,7510.0,900.0,2921100.0
914,2021-10-12 03:59:43,7510.0,400.0,2920200.0
915,2021-10-12 03:59:10,7550.0,2500.0,2919800.0
916,2021-10-12 03:59:10,7550.0,600.0,2917300.0
917,2021-10-12 03:59:10,7550.0,200.0,2916700.0
918,2021-10-12 03:59:10,7550.0,300.0,2916500.0
919,2021-10-12 03:59:10,7550.0,200.0,2916200.0
920,2021-10-12 03:59:10,7550.0,100.0,2916000.0
921,2021-10-12 03:59:10,7550.0,200.0,2915900.0
922,2021-10-12 03:59:10,7550.0,100.0,2915700.0
923,2021-10-12 03:59:10,7550.0,5000.0,2915600.0
924,2021-10-12 03:59:10,7550.0,1000.0,2910600.0
925,2021-10-12 03:59:10,7550.0,100.0,2909600.0
926,2021-10-12 03:59:10,7550.0,1000.0,2909500.0
927,2021-10-12 03:59:10,7550.0,200.0,2908500.0
928,2021-10-12 03:59:10,7550.0,2800.0,2908300.0
929,2021-10-12 03:59:10,7540.0,100.0,2905500.0
930,2021-10-12 03:59:10,7540.0,500.0,2905400.0
931,2021-10-12 03:59:10,7540.0,600.0,2904900.0
932,2021-10-12 03:59:10,7540.0,500.0,2904300.0
933,2021-10-12 03:59:10,7540.0,3600.0,2903800.0
934,2021-10-12 03:59:10,7530.0,11700.0,2900200.0
935,2021-10-12 03:59:10,7530.0,3000.0,2888500.0
936,2021-10-12 03:59:10,7530.0,200.0,2885500.0
937,2021-10-12 03:59:10,7530.0,400.0,2885300.0
938,2021-10-12 03:59:10,7530.0,500.0,2884900.0
939,2021-10-12 03:59:10,7530.0,4500.0,2884400.0
940,2021-10-12 03:59:10,7520.0,1600.0,2879900.0
941,2021-10-12 03:59:10,7520.0,500.0,2878300.0
942,2021-10-12 03:59:10,7520.0,5200.0,2877800.0
943,2021-10-12 03:59:10,7520.0,2800.0,2872600.0
944,2021-10-12 03:59:02,7510.0,500.0,2869800.0
945,2021-10-12 03:58:23,7510.0,10000.0,2869300.0
946,2021-10-12 03:58:09,7510.0,1000.0,2859300.0
947,2021-10-12 03:57:56,7510.0,6900.0,2858300.0
948,2021-10-12 03:57:56,7510.0,500.0,2851400.0
949,2021-10-12 03:57:56,7510.0,1000.0,2850900.0
950,2021-10-12 03:57:56,7510.0,11600.0,2849900.0
951,2021-10-12 03:57:51,7520.0,3900.0,2838300.0
952,2021-10-12 03:57:51,7520.0,1000.0,2834400.0
953,2021-10-12 03:57:51,7520.0,100.0,2833400.0
954,2021-10-12 03:56:08,7520.0,100.0,2833300.0
955,2021-10-12 03:55:23,7520.0,600.0,2833200.0
956,2021-10-12 03:55:23,7520.0,4400.0,2832600.0
957,2021-10-12 03:54:42,7520.0,100.0,2828200.0
958,2021-10-12 03:54:34,7520.0,2000.0,2828100.0
959,2021-10-12 03:54:34,7520.0,5000.0,2826100.0
960,2021-10-12 03:52:48,7510.0,400.0,2821100.0
961,2021-10-12 03:52:48,7510.0,6000.0,2820700.0
962,2021-10-12 03:52:48,7510.0,3900.0,2814700.0
963,2021-10-12 03:52:48,7510.0,200.0,2810800.0
964,2021-10-12 03:52:48,7510.0,100.0,2810600.0
965,2021-10-12 03:52:48,7510.0,1000.0,2810500.0
966,2021-10-12 03:52:48,7510.0,1300.0,2809500.0
967,2021-10-12 03:52:48,7510.0,200.0,2808200.0
968,2021-10-12 03:52:40,7510.0,3800.0,2808000.0
969,2021-10-12 03:52:20,7510.0,100.0,2804200.0
970,2021-10-12 03:49:32,7510.0,500.0,2804100.0
971,2021-10-12 03:49:20,7530.0,100.0,2803600.0
972,2021-10-12 03:49:17,7510.0,300.0,2803500.0
973,2021-10-12 03:49:16,7510.0,2100.0,2803200.0
974,2021-10-12 03:48:58,7510.0,100.0,2801100.0
975,2021-10-12 03:48:52,7510.0,200.0,2801000.0
976,2021-10-12 03:48:49,7510.0,500.0,2800800.0
977,2021-10-12 03:48:49,7510.0,500.0,2800300.0
978,2021-10-12 03:48:49,7510.0,100.0,2799800.0
979,2021-10-12 03:48:49,7510.0,700.0,2799700.0
980,2021-10-12 03:48:49,7510.0,4300.0,2799000.0
981,2021-10-12 03:47:58,7510.0,10000.0,2794700.0
982,2021-10-12 03:47:58,7510.0,7700.0,2784700.0
983,2021-10-12 03:47:28,7510.0,2400.0,2777000.0
984,2021-10-12 03:47:16,7510.0,300.0,2774600.0
985,2021-10-12 03:47:12,7500.0,9200.0,2774300.0
986,2021-10-12 03:47:12,7500.0,1000.0,2765100.0
987,2021-10-12 03:47:12,7500.0,2700.0,2764100.0
988,2021-10-12 03:47:12,7500.0,1000.0,2761400.0
989,2021-10-12 03:47:12,7500.0,1100.0,2760400.0
990,2021-10-12 03:46:12,7510.0,100.0,2759300.0
991,2021-10-12 03:46:12,7510.0,300.0,2759200.0
992,2021-10-12 03:46:12,7510.0,200.0,2758900.0
993,2021-10-12 03:44:51,7510.0,800.0,2758700.0
994,2021-10-12 03:44:51,7510.0,200.0,2757900.0
995,2021-10-12 03:44:31,7510.0,800.0,2757700.0
996,2021-10-12 03:44:31,7510.0,1300.0,2756900.0
997,2021-10-12 03:44:31,7510.0,100.0,2755600.0
998,2021-10-12 03:44:31,7510.0,500.0,2755500.0
999,2021-10-12 03:44:31,7510.0,11300.0,2755000.0
1000,2021-10-12 03:44:31,7510.0,3700.0,2743700.0
1001,2021-10-12 03:44:31,7510.0,10000.0,2740000.0
1002,2021-10-12 03:44:31,7510.0,1000.0,2730000.0
1003,2021-10-12 03:44:31,7510.0,100.0,2729000.0
1004,2021-10-12 03:44:31,7510.0,100.0,2728900.0
1005,2021-10-12 03:44:31,7510.0,100.0,2728800.0
1006,2021-10-12 03:44:31,7510.0,500.0,2728700.0
1007,2021-10-12 03:44:31,7520.0,200.0,2728200.0
1008,2021-10-12 03:44:31,7520.0,1000.0,2728000.0
1009,2021-10-12 03:44:31,7520.0,500.0,2727000.0
1010,2021-10-12 03:44:31,7520.0,100.0,2726500.0
1011,2021-10-12 03:44:31,7520.0,100.0,2726400.0
1012,2021-10-12 03:44:31,7520.0,500.0,2726300.0
1013,2021-10-12 03:44:31,7520.0,500.0,2725800.0
1014,2021-10-12 03:44:31,7520.0,5000.0,2725300.0
1015,2021-10-12 03:44:31,7520.0,700.0,2720300.0
1016,2021-10-12 03:44:31,7520.0,100.0,2719600.0
1017,2021-10-12 03:44:31,7520.0,5800.0,2719500.0
1018,2021-10-12 03:44:31,7520.0,15000.0,2713700.0
1019,2021-10-12 03:44:31,7520.0,13100.0,2698700.0
1020,2021-10-12 03:44:31,7530.0,1900.0,2685600.0
1021,2021-10-12 03:44:11,7530.0,3100.0,2683700.0
1022,2021-10-12 03:44:11,7530.0,200.0,2680600.0
1023,2021-10-12 03:44:11,7530.0,200.0,2680400.0
1024,2021-10-12 03:44:11,7530.0,400.0,2680200.0
1025,2021-10-12 03:44:11,7530.0,2000.0,2679800.0
1026,2021-10-12 03:44:11,7530.0,100.0,2677800.0
1027,2021-10-12 03:43:29,7540.0,200.0,2677700.0
1028,2021-10-12 03:42:59,7530.0,100.0,2677500.0
1029,2021-10-12 03:42:23,7530.0,1800.0,2677400.0
1030,2021-10-12 03:42:15,7530.0,2800.0,2675600.0
1031,2021-10-12 03:42:04,7530.0,200.0,2672800.0
1032,2021-10-12 03:42:04,7530.0,200.0,2672600.0
1033,2021-10-12 03:41:41,7530.0,100.0,2672400.0
1034,2021-10-12 03:41:41,7530.0,200.0,2672300.0
1035,2021-10-12 03:40:43,7530.0,4800.0,2672100.0
1036,2021-10-12 03:40:43,7530.0,2000.0,2667300.0
1037,2021-10-12 03:40:43,7530.0,500.0,2665300.0
1038,2021-10-12 03:40:43,7530.0,5000.0,2664800.0
1039,2021-10-12 03:40:43,7530.0,1000.0,2659800.0
1040,2021-10-12 03:40:43,7530.0,1700.0,2658800.0
1041,2021-10-12 03:40:24,7540.0,2200.0,2657100.0
1042,2021-10-12 03:40:01,7540.0,3000.0,2654900.0
1043,2021-10-12 03:39:52,7540.0,100.0,2651900.0
1044,2021-10-12 03:39:52,7540.0,900.0,2651800.0
1045,2021-10-12 03:39:13,7540.0,200.0,2650900.0
1046,2021-10-12 03:39:13,7540.0,100.0,2650700.0
1047,2021-10-12 03:39:07,7540.0,200.0,2650600.0
1048,2021-10-12 03:38:52,7540.0,300.0,2650400.0
1049,2021-10-12 03:38:52,7540.0,1000.0,2650100.0
1050,2021-10-12 03:38:15,7530.0,100.0,2649100.0
1051,2021-10-12 03:38:14,7540.0,300.0,2649000.0
1052,2021-10-12 03:37:56,7530.0,200.0,2648700.0
1053,2021-10-12 03:37:23,7530.0,100.0,2648500.0
1054,2021-10-12 03:37:23,7530.0,900.0,2648400.0
1055,2021-10-12 03:36:38,7530.0,1100.0,2647500.0
1056,2021-10-12 03:36:38,7530.0,100.0,2646400.0
1057,2021-10-12 03:36:38,7530.0,10000.0,2646300.0
1058,2021-10-12 03:36:38,7530.0,100.0,2636300.0
1059,2021-10-12 03:36:38,7530.0,800.0,2636200.0
1060,2021-10-12 03:36:38,7530.0,100.0,2635400.0
1061,2021-10-12 03:36:38,7530.0,2800.0,2635300.0
1062,2021-10-12 03:36:36,7540.0,8700.0,2632500.0
1063,2021-10-12 03:36:36,7540.0,1300.0,2623800.0
1064,2021-10-12 03:36:08,7530.0,2200.0,2622500.0
1065,2021-10-12 03:36:08,7530.0,3700.0,2620300.0
1066,2021-10-12 03:36:04,7530.0,400.0,2616600.0
1067,2021-10-12 03:34:38,7540.0,2700.0,2616200.0
1068,2021-10-12 03:34:38,7540.0,500.0,2613500.0
1069,2021-10-12 03:34:38,7540.0,500.0,2613000.0
1070,2021-10-12 03:32:27,7550.0,100.0,2612500.0
1071,2021-10-12 03:32:12,7550.0,100.0,2612400.0
1072,2021-10-12 03:32:01,7540.0,2200.0,2612300.0
1073,2021-10-12 03:32:01,7540.0,7800.0,2610100.0
1074,2021-10-12 03:31:21,7540.0,2000.0,2602300.0
1075,2021-10-12 03:31:19,7540.0,1000.0,2600300.0
1076,2021-10-12 03:31:14,7540.0,100.0,2599300.0
1077,2021-10-12 03:30:49,7540.0,2400.0,2599200.0
1078,2021-10-12 03:30:49,7540.0,3000.0,2596800.0
1079,2021-10-12 03:30:49,7540.0,10000.0,2593800.0
1080,2021-10-12 03:30:49,7540.0,3700.0,2583800.0
1081,2021-10-12 03:30:47,7540.0,1000.0,2580100.0
1082,2021-10-12 03:30:36,7540.0,700.0,2579100.0
1083,2021-10-12 03:29:48,7530.0,100.0,2578400.0
1084,2021-10-12 03:29:46,7530.0,800.0,2578300.0
1085,2021-10-12 03:29:46,7530.0,1200.0,2577500.0
1086,2021-10-12 03:29:29,7540.0,400.0,2576300.0
1087,2021-10-12 03:29:10,7530.0,100.0,2575900.0
1088,2021-10-12 03:28:23,7540.0,100.0,2575800.0
1089,2021-10-12 03:27:59,7530.0,100.0,2575700.0
1090,2021-10-12 03:27:48,7540.0,200.0,2575600.0
1091,2021-10-12 03:27:15,7540.0,300.0,2575400.0
1092,2021-10-12 03:27:15,7540.0,100.0,2575100.0
1093,2021-10-12 03:26:45,7540.0,900.0,2575000.0
1094,2021-10-12 03:26:45,7540.0,100.0,2574100.0
1095,2021-10-12 03:26:45,7540.0,4000.0,2574000.0
1096,2021-10-12 03:26:23,7530.0,3600.0,2570000.0
1097,2021-10-12 03:26:15,7520.0,2600.0,2566400.0
1098,2021-10-12 03:26:04,7520.0,200.0,2563800.0
1099,2021-10-12 03:26:04,7520.0,3000.0,2563600.0
1100,2021-10-12 03:26:04,7520.0,200.0,2560600.0
1101,2021-10-12 03:26:04,7520.0,100.0,2560400.0
1102,2021-10-12 03:25:35,7520.0,2000.0,2560300.0
1103,2021-10-12 03:25:06,7520.0,100.0,2558300.0
1104,2021-10-12 03:24:54,7520.0,100.0,2558200.0
1105,2021-10-12 03:24:26,7520.0,8000.0,2558100.0
1106,2021-10-12 03:24:26,7520.0,2000.0,2550100.0
1107,2021-10-12 03:24:01,7510.0,400.0,2548100.0
1108,2021-10-12 03:23:53,7510.0,100.0,2547700.0
1109,2021-10-12 03:23:49,7500.0,200.0,2547600.0
1110,2021-10-12 03:23:41,7510.0,100.0,2547400.0
1111,2021-10-12 03:23:34,7510.0,100.0,2547300.0
1112,2021-10-12 03:23:21,7510.0,1000.0,2547200.0
1113,2021-10-12 03:23:21,7510.0,200.0,2546200.0
1114,2021-10-12 03:23:21,7510.0,500.0,2546000.0
1115,2021-10-12 03:23:21,7510.0,200.0,2545500.0
1116,2021-10-12 03:23:00,7500.0,100.0,2545300.0
1117,2021-10-12 03:23:00,7500.0,600.0,2545200.0
1118,2021-10-12 03:22:54,7500.0,1200.0,2544600.0
1119,2021-10-12 03:22:48,7500.0,4000.0,2543400.0
1120,2021-10-12 03:22:47,7500.0,2400.0,2539400.0
1121,2021-10-12 03:22:47,7500.0,600.0,2537000.0
1122,2021-10-12 03:22:42,7500.0,700.0,2536400.0
1123,2021-10-12 03:22:40,7500.0,700.0,2535700.0
1124,2021-10-12 03:22:40,7500.0,500.0,2535000.0
1125,2021-10-12 03:22:40,7500.0,400.0,2534500.0
1126,2021-10-12 03:22:40,7500.0,1000.0,2534100.0
1127,2021-10-12 03:22:40,7500.0,7400.0,2533100.0
1128,2021-10-12 03:22:39,7500.0,2900.0,2525700.0
1129,2021-10-12 03:22:36,7500.0,5000.0,2522800.0
1130,2021-10-12 03:22:36,7500.0,800.0,2517800.0
1131,2021-10-12 03:22:35,7500.0,2000.0,2517000.0
1132,2021-10-12 03:22:34,7500.0,100.0,2515000.0
1133,2021-10-12 03:22:12,7500.0,3000.0,2514900.0
1134,2021-10-12 03:22:11,7500.0,25000.0,2511900.0
1135,2021-10-12 03:22:06,7500.0,10000.0,2486900.0
1136,2021-10-12 03:22:05,7500.0,7000.0,2476900.0
1137,2021-10-12 03:22:00,7490.0,500.0,2469900.0
1138,2021-10-12 03:21:59,7500.0,1500.0,2469400.0
1139,2021-10-12 03:21:56,7500.0,1000.0,2467900.0
1140,2021-10-12 03:21:48,7500.0,200.0,2466900.0
1141,2021-10-12 03:21:45,7500.0,100.0,2466700.0
1142,2021-10-12 03:21:36,7500.0,8000.0,2466600.0
1143,2021-10-12 03:21:29,7500.0,13900.0,2458600.0
1144,2021-10-12 03:21:22,7500.0,1000.0,2444700.0
1145,2021-10-12 03:21:22,7500.0,45800.0,2443700.0
1146,2021-10-12 03:21:12,7500.0,100.0,2397900.0
1147,2021-10-12 03:20:57,7500.0,65200.0,2397800.0
1148,2021-10-12 03:20:57,7500.0,600.0,2332600.0
1149,2021-10-12 03:20:57,7500.0,2700.0,2332000.0
1150,2021-10-12 03:20:57,7500.0,200.0,2329300.0
1151,2021-10-12 03:20:57,7500.0,4000.0,2329100.0
1152,2021-10-12 03:20:57,7500.0,400.0,2325100.0
1153,2021-10-12 03:20:57,7500.0,22000.0,2324700.0
1154,2021-10-12 03:20:57,7500.0,4300.0,2302700.0
1155,2021-10-12 03:20:57,7490.0,500.0,2298400.0
1156,2021-10-12 03:20:57,7490.0,100.0,2297900.0
1157,2021-10-12 03:20:45,7490.0,500.0,2297800.0
1158,2021-10-12 03:20:45,7490.0,4400.0,2297300.0
1159,2021-10-12 03:20:30,7490.0,1000.0,2292900.0
1160,2021-10-12 03:20:30,7490.0,20000.0,2291900.0
1161,2021-10-12 03:20:30,7490.0,4600.0,2271900.0
1162,2021-10-12 03:20:20,7480.0,5000.0,2267300.0
1163,2021-10-12 03:20:20,7480.0,10000.0,2262300.0
1164,2021-10-12 03:20:20,7480.0,63500.0,2252300.0
1165,2021-10-12 03:20:19,7480.0,1000.0,2188800.0
1166,2021-10-12 03:19:52,7480.0,1800.0,2187800.0
1167,2021-10-12 03:19:50,7470.0,9400.0,2186000.0
1168,2021-10-12 03:19:50,7470.0,100.0,2176600.0
1169,2021-10-12 03:19:50,7470.0,500.0,2176500.0
1170,2021-10-12 03:19:48,7470.0,500.0,2176000.0
1171,2021-10-12 03:19:48,7470.0,500.0,2175500.0
1172,2021-10-12 03:19:48,7470.0,4000.0,2175000.0
1173,2021-10-12 03:19:46,7480.0,3500.0,2171000.0
1174,2021-10-12 03:19:46,7480.0,2000.0,2167500.0
1175,2021-10-12 03:19:46,7480.0,1000.0,2165500.0
1176,2021-10-12 03:19:46,7480.0,600.0,2164500.0
1177,2021-10-12 03:19:46,7480.0,2900.0,2163900.0
1178,2021-10-12 03:19:46,7480.0,500.0,2161000.0
1179,2021-10-12 03:19:35,7480.0,1000.0,2160500.0
1180,2021-10-12 03:19:35,7480.0,200.0,2159500.0
1181,2021-10-12 03:19:33,7480.0,100.0,2159300.0
1182,2021-10-12 03:19:33,7480.0,100.0,2159200.0
1183,2021-10-12 03:19:33,7480.0,200.0,2159100.0
1184,2021-10-12 03:19:32,7480.0,1000.0,2158900.0
1185,2021-10-12 03:19:29,7480.0,1800.0,2157900.0
1186,2021-10-12 03:19:29,7480.0,1600.0,2156100.0
1187,2021-10-12 03:19:21,7480.0,500.0,2154500.0
1188,2021-10-12 03:19:21,7480.0,100.0,2154000.0
1189,2021-10-12 03:19:21,7480.0,100.0,2153900.0
1190,2021-10-12 03:19:21,7480.0,4000.0,2153800.0
1191,2021-10-12 03:19:21,7480.0,500.0,2149800.0
1192,2021-10-12 03:19:21,7480.0,1000.0,2149300.0
1193,2021-10-12 03:19:21,7480.0,200.0,2148300.0
1194,2021-10-12 03:19:21,7480.0,100.0,2148100.0
1195,2021-10-12 03:19:21,7480.0,100.0,2148000.0
1196,2021-10-12 03:19:21,7480.0,200.0,2147900.0
1197,2021-10-12 03:19:21,7480.0,1000.0,2147700.0
1198,2021-10-12 03:19:21,7480.0,500.0,2146700.0
1199,2021-10-12 03:19:21,7480.0,100.0,2146200.0
1200,2021-10-12 03:19:21,7480.0,100.0,2146100.0
1201,2021-10-12 03:19:21,7480.0,500.0,2146000.0
1202,2021-10-12 03:19:21,7480.0,1000.0,2145500.0
1203,2021-10-12 03:19:18,7480.0,1000.0,2144500.0
1204,2021-10-12 03:19:06,7490.0,100.0,2143500.0
1205,2021-10-12 03:18:52,7490.0,1000.0,2143400.0
1206,2021-10-12 03:18:52,7490.0,500.0,2142400.0
1207,2021-10-12 03:18:52,7490.0,1000.0,2141900.0
1208,2021-10-12 03:18:52,7490.0,700.0,2140900.0
1209,2021-10-12 03:18:52,7490.0,500.0,2140200.0
1210,2021-10-12 03:18:52,7490.0,1000.0,2139700.0
1211,2021-10-12 03:18:42,7500.0,800.0,2138700.0
1212,2021-10-12 03:17:50,7500.0,500.0,2137900.0
1213,2021-10-12 03:17:42,7500.0,4400.0,2137400.0
1214,2021-10-12 03:17:42,7500.0,1000.0,2133000.0
1215,2021-10-12 03:17:42,7500.0,500.0,2132000.0
1216,2021-10-12 03:17:42,7500.0,4100.0,2131500.0
1217,2021-10-12 03:17:39,7500.0,2000.0,2127400.0
1218,2021-10-12 03:17:30,7500.0,100.0,2125400.0
1219,2021-10-12 03:17:30,7490.0,100.0,2125300.0
1220,2021-10-12 03:17:30,7490.0,300.0,2125200.0
1221,2021-10-12 03:17:30,7490.0,100.0,2124900.0
1222,2021-10-12 03:17:30,7490.0,500.0,2124800.0
1223,2021-10-12 03:17:20,7500.0,2000.0,2124300.0
1224,2021-10-12 03:17:20,7500.0,200.0,2122300.0
1225,2021-10-12 03:17:20,7500.0,200.0,2122100.0
1226,2021-10-12 03:17:20,7500.0,300.0,2121900.0
1227,2021-10-12 03:17:20,7500.0,1500.0,2121600.0
1228,2021-10-12 03:17:20,7500.0,9600.0,2120100.0
1229,2021-10-12 03:17:05,7500.0,5400.0,2110500.0
1230,2021-10-12 03:17:05,7500.0,300.0,2105100.0
1231,2021-10-12 03:17:05,7500.0,10000.0,2104800.0
1232,2021-10-12 03:17:05,7500.0,100.0,2094800.0
1233,2021-10-12 03:17:05,7500.0,400.0,2094700.0
1234,2021-10-12 03:17:05,7500.0,200.0,2094300.0
1235,2021-10-12 03:17:05,7500.0,1000.0,2094100.0
1236,2021-10-12 03:17:05,7500.0,200.0,2093100.0
1237,2021-10-12 03:17:05,7500.0,1000.0,2092900.0
1238,2021-10-12 03:17:05,7500.0,1000.0,2091900.0
1239,2021-10-12 03:17:05,7500.0,5000.0,2090900.0
1240,2021-10-12 03:17:05,7500.0,5400.0,2085900.0
1241,2021-10-12 03:16:45,7500.0,2600.0,2080500.0
1242,2021-10-12 03:16:45,7500.0,100.0,2077900.0
1243,2021-10-12 03:16:45,7500.0,500.0,2077800.0
1244,2021-10-12 03:16:45,7500.0,1000.0,2077300.0
1245,2021-10-12 03:16:45,7500.0,100.0,2076300.0
1246,2021-10-12 03:16:45,7500.0,500.0,2076200.0
1247,2021-10-12 03:16:45,7500.0,100.0,2075700.0
1248,2021-10-12 03:16:45,7500.0,1000.0,2075600.0
1249,2021-10-12 03:16:45,7500.0,500.0,2074600.0
1250,2021-10-12 03:16:45,7500.0,100.0,2074100.0
1251,2021-10-12 03:16:45,7500.0,2000.0,2074000.0
1252,2021-10-12 03:16:45,7500.0,1000.0,2072000.0
1253,2021-10-12 03:16:45,7500.0,100.0,2071000.0
1254,2021-10-12 03:16:45,7500.0,100.0,2070900.0
1255,2021-10-12 03:16:45,7500.0,200.0,2070800.0
1256,2021-10-12 03:16:45,7500.0,1000.0,2070600.0
1257,2021-10-12 03:16:37,7510.0,3400.0,2069600.0
1258,2021-10-12 03:16:33,7510.0,200.0,2066200.0
1259,2021-10-12 03:16:26,7510.0,1000.0,2066000.0
1260,2021-10-12 03:16:26,7510.0,400.0,2065000.0
1261,2021-10-12 03:15:50,7510.0,100.0,2064600.0
1262,2021-10-12 03:15:42,7510.0,200.0,2064500.0
1263,2021-10-12 03:15:33,7500.0,700.0,2064300.0
1264,2021-10-12 03:15:29,7510.0,100.0,2063600.0
1265,2021-10-12 03:15:24,7500.0,2000.0,2063500.0
1266,2021-10-12 03:15:19,7500.0,1000.0,2061500.0
1267,2021-10-12 03:15:00,7500.0,100.0,2060500.0
1268,2021-10-12 03:15:00,7500.0,100.0,2060400.0
1269,2021-10-12 03:15:00,7500.0,1800.0,2060300.0
1270,2021-10-12 03:14:54,7500.0,1000.0,2058500.0
1271,2021-10-12 03:14:50,7500.0,100.0,2057500.0
1272,2021-10-12 03:14:48,7500.0,5000.0,2057400.0
1273,2021-10-12 03:14:44,7510.0,200.0,2052400.0
1274,2021-10-12 03:14:20,7500.0,3000.0,2052200.0
1275,2021-10-12 03:14:16,7500.0,29100.0,2049200.0
1276,2021-10-12 03:14:16,7500.0,30000.0,2020100.0
1277,2021-10-12 03:14:16,7500.0,100.0,1990100.0
1278,2021-10-12 03:14:16,7500.0,700.0,1990000.0
1279,2021-10-12 03:14:05,7500.0,1300.0,1989300.0
1280,2021-10-12 03:14:05,7500.0,200.0,1988000.0
1281,2021-10-12 03:14:05,7500.0,100.0,1987800.0
1282,2021-10-12 03:14:05,7500.0,100.0,1987700.0
1283,2021-10-12 03:14:05,7500.0,300.0,1987600.0
1284,2021-10-12 03:13:55,7510.0,5000.0,1987300.0
1285,2021-10-12 03:13:55,7510.0,2100.0,1982300.0
1286,2021-10-12 03:13:54,7510.0,100.0,1980200.0
1287,2021-10-12 03:13:47,7510.0,1800.0,1980100.0
1288,2021-10-12 03:13:47,7510.0,1000.0,1978300.0
1289,2021-10-12 03:13:44,7510.0,500.0,1977300.0
1290,2021-10-12 03:13:35,7510.0,1000.0,1976800.0
1291,2021-10-12 03:13:31,7500.0,500.0,1975800.0
1292,2021-10-12 03:13:31,7500.0,100.0,1975300.0
1293,2021-10-12 03:13:31,7500.0,4000.0,1975200.0
1294,2021-10-12 03:13:31,7500.0,300.0,1971200.0
1295,2021-10-12 03:13:31,7500.0,200.0,1970900.0
1296,2021-10-12 03:13:31,7500.0,100.0,1970700.0
1297,2021-10-12 03:13:31,7500.0,500.0,1970600.0
1298,2021-10-12 03:13:31,7500.0,200.0,1970100.0
1299,2021-10-12 03:13:31,7500.0,2000.0,1969900.0
1300,2021-10-12 03:13:31,7500.0,100.0,1967900.0
1301,2021-10-12 03:13:18,7500.0,200.0,1967800.0
1302,2021-10-12 03:13:18,7500.0,1000.0,1967600.0
1303,2021-10-12 03:13:18,7500.0,700.0,1966600.0
1304,2021-10-12 03:13:18,7500.0,100.0,1965900.0
1305,2021-10-12 03:13:18,7500.0,500.0,1965800.0
1306,2021-10-12 03:13:18,7500.0,500.0,1965300.0
1307,2021-10-12 03:13:16,7500.0,300.0,1964800.0
1308,2021-10-12 03:13:09,7500.0,200.0,1964500.0
1309,2021-10-12 03:13:09,7500.0,800.0,1964300.0
1310,2021-10-12 03:13:04,7510.0,100.0,1963500.0
1311,2021-10-12 03:12:59,7500.0,200.0,1963400.0
1312,2021-10-12 03:12:59,7500.0,200.0,1963200.0
1313,2021-10-12 03:12:59,7500.0,500.0,1963000.0
1314,2021-10-12 03:12:59,7500.0,300.0,1962500.0
1315,2021-10-12 03:12:59,7500.0,1200.0,1962200.0
1316,2021-10-12 03:12:49,7510.0,100.0,1961000.0
1317,2021-10-12 03:12:48,7500.0,2000.0,1960900.0
1318,2021-10-12 03:12:45,7500.0,3000.0,1958900.0
1319,2021-10-12 03:12:43,7500.0,3800.0,1955900.0
1320,2021-10-12 03:12:43,7500.0,1000.0,1952100.0
1321,2021-10-12 03:12:43,7500.0,1000.0,1951100.0
1322,2021-10-12 03:12:43,7500.0,200.0,1950100.0
1323,2021-10-12 03:12:43,7500.0,100.0,1949900.0
1324,2021-10-12 03:12:43,7500.0,2000.0,1949800.0
1325,2021-10-12 03:12:43,7500.0,100.0,1947800.0
1326,2021-10-12 03:12:43,7500.0,300.0,1947700.0
1327,2021-10-12 03:12:43,7500.0,100.0,1947400.0
1328,2021-10-12 03:12:43,7500.0,2000.0,1947300.0
1329,2021-10-12 03:12:43,7500.0,100.0,1945300.0
1330,2021-10-12 03:12:43,7500.0,200.0,1945200.0
1331,2021-10-12 03:12:43,7500.0,1100.0,1945000.0
1332,2021-10-12 03:12:43,7500.0,100.0,1943900.0
1333,2021-10-12 03:12:43,7500.0,2000.0,1943800.0
1334,2021-10-12 03:12:43,7500.0,900.0,1941800.0
1335,2021-10-12 03:12:32,7500.0,100.0,1940900.0
1336,2021-10-12 03:12:32,7500.0,500.0,1940800.0
1337,2021-10-12 03:12:32,7500.0,5000.0,1940300.0
1338,2021-10-12 03:12:32,7500.0,3000.0,1935300.0
1339,2021-10-12 03:12:32,7500.0,5000.0,1932300.0
1340,2021-10-12 03:12:32,7500.0,2000.0,1927300.0
1341,2021-10-12 03:12:32,7500.0,1000.0,1925300.0
1342,2021-10-12 03:12:32,7500.0,100.0,1924300.0
1343,2021-10-12 03:12:32,7500.0,100.0,1924200.0
1344,2021-10-12 03:12:32,7500.0,100.0,1924100.0
1345,2021-10-12 03:12:32,7500.0,500.0,1924000.0
1346,2021-10-12 03:12:32,7500.0,2000.0,1923500.0
1347,2021-10-12 03:12:32,7500.0,5000.0,1921500.0
1348,2021-10-12 03:12:32,7500.0,900.0,1916500.0
1349,2021-10-12 03:12:32,7500.0,2200.0,1915600.0
1350,2021-10-12 03:12:32,7500.0,100.0,1913400.0
1351,2021-10-12 03:12:32,7500.0,1000.0,1913300.0
1352,2021-10-12 03:12:32,7500.0,600.0,1912300.0
1353,2021-10-12 03:12:32,7500.0,500.0,1911700.0
1354,2021-10-12 03:12:32,7500.0,100.0,1911200.0
1355,2021-10-12 03:12:32,7500.0,2000.0,1911100.0
1356,2021-10-12 03:12:32,7500.0,500.0,1909100.0
1357,2021-10-12 03:12:32,7500.0,100.0,1908600.0
1358,2021-10-12 03:12:32,7500.0,100.0,1908500.0
1359,2021-10-12 03:12:32,7500.0,2000.0,1908400.0
1360,2021-10-12 03:12:32,7500.0,300.0,1906400.0
1361,2021-10-12 03:12:32,7500.0,500.0,1906100.0
1362,2021-10-12 03:12:32,7500.0,200.0,1905600.0
1363,2021-10-12 03:12:32,7500.0,1000.0,1905400.0
1364,2021-10-12 03:12:32,7500.0,3000.0,1904400.0
1365,2021-10-12 03:12:32,7500.0,300.0,1901400.0
1366,2021-10-12 03:12:32,7500.0,2000.0,1901100.0
1367,2021-10-12 03:12:32,7500.0,100.0,1899100.0
1368,2021-10-12 03:12:32,7500.0,1000.0,1899000.0
1369,2021-10-12 03:12:32,7500.0,3000.0,1898000.0
1370,2021-10-12 03:12:32,7500.0,800.0,1895000.0
1371,2021-10-12 03:12:32,7500.0,700.0,1894200.0
1372,2021-10-12 03:12:32,7500.0,1000.0,1893500.0
1373,2021-10-12 03:12:32,7500.0,100.0,1892500.0
1374,2021-10-12 03:12:32,7500.0,1200.0,1892400.0
1375,2021-10-12 03:12:32,7500.0,100.0,1891200.0
1376,2021-10-12 03:12:32,7500.0,100.0,1891100.0
1377,2021-10-12 03:12:32,7500.0,100.0,1891000.0
1378,2021-10-12 03:12:28,7510.0,2300.0,1890900.0
1379,2021-10-12 03:12:27,7530.0,1000.0,1888600.0
1380,2021-10-12 03:12:20,7510.0,17700.0,1887600.0
1381,2021-10-12 03:12:20,7510.0,200.0,1869900.0
1382,2021-10-12 03:12:20,7510.0,3000.0,1869700.0
1383,2021-10-12 03:12:20,7510.0,4000.0,1866700.0
1384,2021-10-12 03:12:20,7510.0,2000.0,1862700.0
1385,2021-10-12 03:12:20,7510.0,100.0,1860700.0
1386,2021-10-12 03:12:20,7510.0,100.0,1860600.0
1387,2021-10-12 03:12:20,7510.0,500.0,1860500.0
1388,2021-10-12 03:12:20,7510.0,100.0,1860000.0
1389,2021-10-12 03:12:20,7510.0,4500.0,1859900.0
1390,2021-10-12 03:12:20,7510.0,1000.0,1855400.0
1391,2021-10-12 03:12:20,7510.0,12000.0,1854400.0
1392,2021-10-12 03:12:20,7510.0,300.0,1842400.0
1393,2021-10-12 03:12:20,7510.0,3000.0,1842100.0
1394,2021-10-12 03:12:20,7510.0,100.0,1839100.0
1395,2021-10-12 03:12:20,7510.0,100.0,1839000.0
1396,2021-10-12 03:12:20,7510.0,100.0,1838900.0
1397,2021-10-12 03:12:20,7510.0,500.0,1838800.0
1398,2021-10-12 03:12:20,7520.0,10000.0,1838300.0
1399,2021-10-12 03:12:20,7520.0,5000.0,1828300.0
1400,2021-10-12 03:12:20,7520.0,200.0,1823300.0
1401,2021-10-12 03:12:20,7520.0,1000.0,1823100.0
1402,2021-10-12 03:12:20,7520.0,1000.0,1822100.0
1403,2021-10-12 03:12:20,7520.0,500.0,1821100.0
1404,2021-10-12 03:12:20,7520.0,5000.0,1820600.0
1405,2021-10-12 03:12:20,7520.0,100.0,1815600.0
1406,2021-10-12 03:12:20,7520.0,1000.0,1815500.0
1407,2021-10-12 03:12:20,7520.0,2000.0,1814500.0
1408,2021-10-12 03:12:20,7520.0,1000.0,1812500.0
1409,2021-10-12 03:12:20,7520.0,100.0,1811500.0
1410,2021-10-12 03:12:20,7520.0,1000.0,1811400.0
1411,2021-10-12 03:12:20,7520.0,200.0,1810400.0
1412,2021-10-12 03:12:20,7520.0,500.0,1810200.0
1413,2021-10-12 03:12:20,7520.0,200.0,1809700.0
1414,2021-10-12 03:12:20,7520.0,1000.0,1809500.0
1415,2021-10-12 03:12:20,7520.0,100.0,1808500.0
1416,2021-10-12 03:12:20,7520.0,10000.0,1808400.0
1417,2021-10-12 03:12:20,7520.0,100.0,1798400.0
1418,2021-10-12 03:12:20,7520.0,10000.0,1798300.0
1419,2021-10-12 03:12:20,7520.0,100.0,1788300.0
1420,2021-10-12 03:12:20,7520.0,100.0,1788200.0
1421,2021-10-12 03:12:20,7520.0,500.0,1788100.0
1422,2021-10-12 03:11:51,7520.0,500.0,1787600.0
1423,2021-10-12 03:11:51,7520.0,500.0,1787100.0
1424,2021-10-12 03:11:48,7520.0,600.0,1786600.0
1425,2021-10-12 03:11:19,7520.0,11600.0,1786000.0
1426,2021-10-12 03:11:19,7530.0,12000.0,1774400.0
1427,2021-10-12 03:11:19,7530.0,500.0,1762400.0
1428,2021-10-12 03:11:19,7530.0,800.0,1761900.0
1429,2021-10-12 03:11:19,7530.0,1000.0,1761100.0
1430,2021-10-12 03:11:19,7530.0,100.0,1760100.0
1431,2021-10-12 03:11:19,7530.0,300.0,1760000.0
1432,2021-10-12 03:11:19,7530.0,2000.0,1759700.0
1433,2021-10-12 03:11:19,7530.0,500.0,1757700.0
1434,2021-10-12 03:11:19,7530.0,500.0,1757200.0
1435,2021-10-12 03:11:19,7530.0,600.0,1756700.0
1436,2021-10-12 03:11:19,7530.0,200.0,1756100.0
1437,2021-10-12 03:11:19,7530.0,1100.0,1755900.0
1438,2021-10-12 03:11:19,7530.0,200.0,1754800.0
1439,2021-10-12 03:11:19,7530.0,1000.0,1754600.0
1440,2021-10-12 03:11:19,7530.0,2600.0,1753600.0
1441,2021-10-12 03:11:19,7540.0,100.0,1751000.0
1442,2021-10-12 03:11:19,7540.0,200.0,1750900.0
1443,2021-10-12 03:11:19,7540.0,500.0,1750700.0
1444,2021-10-12 03:11:19,7540.0,1700.0,1750200.0
1445,2021-10-12 03:11:17,7540.0,100.0,1748500.0
1446,2021-10-12 03:11:01,7540.0,200.0,1748400.0
1447,2021-10-12 03:10:48,7540.0,2000.0,1748200.0
1448,2021-10-12 03:10:38,7550.0,500.0,1746200.0
1449,2021-10-12 03:10:31,7540.0,700.0,1745700.0
1450,2021-10-12 03:10:00,7540.0,13200.0,1745000.0
1451,2021-10-12 03:09:58,7540.0,1100.0,1731800.0
1452,2021-10-12 03:09:58,7540.0,300.0,1730700.0
1453,2021-10-12 03:09:58,7540.0,600.0,1730400.0
1454,2021-10-12 03:09:24,7550.0,3000.0,1729800.0
1455,2021-10-12 03:09:20,7540.0,400.0,1726800.0
1456,2021-10-12 03:09:20,7540.0,9600.0,1726400.0
1457,2021-10-12 03:09:18,7550.0,30000.0,1716800.0
1458,2021-10-12 03:08:58,7550.0,19000.0,1686800.0
1459,2021-10-12 03:08:47,7540.0,1000.0,1667800.0
1460,2021-10-12 03:08:41,7540.0,1300.0,1666800.0
1461,2021-10-12 03:08:38,7540.0,1500.0,1665500.0
1462,2021-10-12 03:08:32,7540.0,1000.0,1664000.0
1463,2021-10-12 03:08:23,7540.0,100.0,1663000.0
1464,2021-10-12 03:08:16,7540.0,100.0,1662900.0
1465,2021-10-12 03:08:00,7540.0,400.0,1662800.0
1466,2021-10-12 03:07:58,7540.0,100.0,1662400.0
1467,2021-10-12 03:07:58,7540.0,5900.0,1662300.0
1468,2021-10-12 03:07:58,7540.0,2000.0,1656400.0
1469,2021-10-12 03:07:58,7540.0,2100.0,1654400.0
1470,2021-10-12 03:07:58,7550.0,500.0,1652300.0
1471,2021-10-12 03:07:54,7540.0,1000.0,1651800.0
1472,2021-10-12 03:07:53,7540.0,500.0,1650800.0
1473,2021-10-12 03:07:49,7540.0,900.0,1650300.0
1474,2021-10-12 03:07:38,7540.0,100.0,1649400.0
1475,2021-10-12 03:07:27,7540.0,100.0,1649300.0
1476,2021-10-12 03:07:27,7540.0,5000.0,1649200.0
1477,2021-10-12 03:07:27,7540.0,300.0,1644200.0
1478,2021-10-12 03:07:15,7540.0,100.0,1643900.0
1479,2021-10-12 03:07:05,7530.0,400.0,1643800.0
1480,2021-10-12 03:07:05,7530.0,600.0,1643400.0
1481,2021-10-12 03:07:04,7530.0,100.0,1642800.0
1482,2021-10-12 03:06:44,7530.0,300.0,1642700.0
1483,2021-10-12 03:06:36,7530.0,300.0,1642400.0
1484,2021-10-12 03:05:51,7530.0,1800.0,1642100.0
1485,2021-10-12 03:05:32,7530.0,500.0,1640300.0
1486,2021-10-12 03:05:32,7530.0,2600.0,1639800.0
1487,2021-10-12 03:05:25,7530.0,500.0,1637200.0
1488,2021-10-12 03:05:06,7520.0,5000.0,1636700.0
1489,2021-10-12 03:05:06,7520.0,500.0,1631700.0
1490,2021-10-12 03:05:06,7530.0,1900.0,1631200.0
1491,2021-10-12 03:05:06,7530.0,1000.0,1629300.0
1492,2021-10-12 03:05:06,7530.0,100.0,1628300.0
1493,2021-10-12 03:04:54,7530.0,400.0,1628200.0
1494,2021-10-12 03:04:54,7530.0,400.0,1627800.0
1495,2021-10-12 03:04:53,7530.0,1500.0,1627400.0
1496,2021-10-12 03:04:39,7530.0,1000.0,1625900.0
1497,2021-10-12 03:03:49,7530.0,1000.0,1624900.0
1498,2021-10-12 03:03:45,7530.0,100.0,1623900.0
1499,2021-10-12 03:03:45,7530.0,400.0,1623800.0
1500,2021-10-12 03:03:29,7530.0,600.0,1623400.0
1501,2021-10-12 03:03:26,7530.0,400.0,1622800.0
1502,2021-10-12 03:03:26,7530.0,100.0,1622400.0
1503,2021-10-12 03:03:25,7540.0,600.0,1622300.0
1504,2021-10-12 03:03:25,7540.0,400.0,1621700.0
1505,2021-10-12 03:03:23,7530.0,800.0,1621300.0
1506,2021-10-12 03:03:21,7530.0,5000.0,1620500.0
1507,2021-10-12 03:02:58,7520.0,1100.0,1615500.0
1508,2021-10-12 03:02:58,7530.0,1000.0,1614400.0
1509,2021-10-12 03:02:58,7530.0,900.0,1613400.0
1510,2021-10-12 03:02:55,7530.0,300.0,1612500.0
1511,2021-10-12 03:02:34,7530.0,300.0,1612200.0
1512,2021-10-12 03:02:21,7530.0,2000.0,1611900.0
1513,2021-10-12 03:02:09,7530.0,100.0,1609900.0
1514,2021-10-12 03:02:09,7530.0,600.0,1609800.0
1515,2021-10-12 03:02:09,7530.0,1000.0,1609200.0
1516,2021-10-12 03:01:23,7550.0,100.0,1608200.0
1517,2021-10-12 03:01:23,7530.0,4500.0,1608100.0
1518,2021-10-12 03:01:23,7530.0,500.0,1603600.0
1519,2021-10-12 03:01:18,7550.0,3000.0,1603100.0
1520,2021-10-12 03:01:13,7550.0,100.0,1600100.0
1521,2021-10-12 03:00:20,7560.0,5000.0,1600000.0
1522,2021-10-12 03:00:12,7520.0,300.0,1595000.0
1523,2021-10-12 02:59:59,7520.0,94400.0,1594700.0
1524,2021-10-12 02:59:59,7530.0,5500.0,1500300.0
1525,2021-10-12 02:59:59,7530.0,100.0,1494800.0
1526,2021-10-12 02:59:54,7520.0,1500.0,1494700.0
1527,2021-10-12 02:59:41,7520.0,100000.0,1493200.0
1528,2021-10-12 02:59:24,7520.0,84500.0,1393200.0
1529,2021-10-12 02:59:24,7530.0,1000.0,1308700.0
1530,2021-10-12 02:59:24,7530.0,5500.0,1307700.0
1531,2021-10-12 02:59:24,7530.0,200.0,1302200.0
1532,2021-10-12 02:59:24,7530.0,3000.0,1302000.0
1533,2021-10-12 02:59:24,7530.0,5800.0,1299000.0
1534,2021-10-12 02:59:22,7560.0,174700.0,1293200.0
1535,2021-10-12 02:59:22,7560.0,400.0,1118500.0
1536,2021-10-12 02:59:22,7560.0,5000.0,1118100.0
1537,2021-10-12 02:59:22,7550.0,2000.0,1113100.0
1538,2021-10-12 02:59:22,7550.0,500.0,1111100.0
1539,2021-10-12 02:59:22,7550.0,5300.0,1110600.0
1540,2021-10-12 02:59:22,7540.0,100.0,1105300.0
1541,2021-10-12 02:59:22,7540.0,4000.0,1105200.0
1542,2021-10-12 02:59:22,7540.0,100.0,1101200.0
1543,2021-10-12 02:59:22,7540.0,7900.0,1101100.0
1544,2021-10-12 02:58:52,7530.0,2700.0,1093200.0
1545,2021-10-12 02:58:46,7530.0,1000.0,1090500.0
1546,2021-10-12 02:58:39,7530.0,100.0,1089500.0
1547,2021-10-12 02:58:15,7530.0,200.0,1089400.0
1548,2021-10-12 02:58:15,7530.0,2400.0,1089200.0
1549,2021-10-12 02:58:15,7530.0,1000.0,1086800.0
1550,2021-10-12 02:58:15,7530.0,100.0,1085800.0
1551,2021-10-12 02:58:15,7530.0,400.0,1085700.0
1552,2021-10-12 02:58:15,7530.0,100.0,1085300.0
1553,2021-10-12 02:58:15,7530.0,1000.0,1085200.0
1554,2021-10-12 02:58:15,7530.0,200.0,1084200.0
1555,2021-10-12 02:58:15,7530.0,500.0,1084000.0
1556,2021-10-12 02:58:15,7530.0,3000.0,1083500.0
1557,2021-10-12 02:58:15,7530.0,20000.0,1080500.0
1558,2021-10-12 02:58:15,7530.0,10000.0,1060500.0
1559,2021-10-12 02:58:15,7530.0,300.0,1050500.0
1560,2021-10-12 02:58:10,7540.0,100.0,1050200.0
1561,2021-10-12 02:57:26,7540.0,1000.0,1050100.0
1562,2021-10-12 02:57:26,7540.0,500.0,1049100.0
1563,2021-10-12 02:57:26,7540.0,5500.0,1048600.0
1564,2021-10-12 02:57:15,7540.0,2000.0,1043100.0
1565,2021-10-12 02:57:15,7540.0,2500.0,1041100.0
1566,2021-10-12 02:57:15,7540.0,100.0,1038600.0
1567,2021-10-12 02:57:15,7540.0,100.0,1038500.0
1568,2021-10-12 02:57:15,7540.0,100.0,1038400.0
1569,2021-10-12 02:57:15,7540.0,100.0,1038300.0
1570,2021-10-12 02:57:15,7540.0,1000.0,1038200.0
1571,2021-10-12 02:57:15,7540.0,600.0,1037200.0
1572,2021-10-12 02:57:14,7540.0,700.0,1036600.0
1573,2021-10-12 02:57:04,7540.0,1500.0,1035900.0
1574,2021-10-12 02:56:44,7540.0,500.0,1034400.0
1575,2021-10-12 02:56:16,7540.0,5000.0,1033900.0
1576,2021-10-12 02:56:15,7540.0,700.0,1028900.0
1577,2021-10-12 02:56:15,7540.0,200.0,1028200.0
1578,2021-10-12 02:56:08,7550.0,3000.0,1028000.0
1579,2021-10-12 02:55:57,7550.0,100.0,1025000.0
1580,2021-10-12 02:55:57,7550.0,10000.0,1024900.0
1581,2021-10-12 02:55:57,7550.0,200.0,1014900.0
1582,2021-10-12 02:55:57,7550.0,200.0,1014700.0
1583,2021-10-12 02:55:57,7550.0,1200.0,1014500.0
1584,2021-10-12 02:55:43,7550.0,1200.0,1013300.0
1585,2021-10-12 02:55:38,7550.0,27600.0,1012100.0
1586,2021-10-12 02:55:38,7550.0,14000.0,984500.0
1587,2021-10-12 02:55:38,7550.0,200.0,970500.0
1588,2021-10-12 02:55:38,7550.0,500.0,970300.0
1589,2021-10-12 02:55:38,7550.0,100.0,969800.0
1590,2021-10-12 02:55:38,7550.0,500.0,969700.0
1591,2021-10-12 02:55:38,7550.0,1000.0,969200.0
1592,2021-10-12 02:55:38,7550.0,200.0,968200.0
1593,2021-10-12 02:55:38,7550.0,3000.0,968000.0
1594,2021-10-12 02:55:38,7550.0,100.0,965000.0
1595,2021-10-12 02:55:38,7550.0,500.0,964900.0
1596,2021-10-12 02:55:38,7550.0,2400.0,964400.0
1597,2021-10-12 02:55:38,7550.0,2000.0,962000.0
1598,2021-10-12 02:55:38,7550.0,100.0,960000.0
1599,2021-10-12 02:55:38,7550.0,10000.0,959900.0
1600,2021-10-12 02:55:38,7550.0,200.0,949900.0
1601,2021-10-12 02:55:38,7550.0,1000.0,949700.0
1602,2021-10-12 02:55:38,7550.0,200.0,948700.0
1603,2021-10-12 02:55:38,7550.0,4400.0,948500.0
1604,2021-10-12 02:55:14,7550.0,5300.0,944100.0
1605,2021-10-12 02:55:08,7560.0,23700.0,938800.0
1606,2021-10-12 02:54:48,7560.0,100.0,915100.0
1607,2021-10-12 02:54:48,7560.0,2000.0,915000.0
1608,2021-10-12 02:54:48,7560.0,1000.0,913000.0
1609,2021-10-12 02:54:48,7560.0,10000.0,912000.0
1610,2021-10-12 02:54:48,7560.0,100.0,902000.0
1611,2021-10-12 02:54:48,7560.0,28500.0,901900.0
1612,2021-10-12 02:54:48,7570.0,3600.0,873400.0
1613,2021-10-12 02:54:35,7570.0,2000.0,869800.0
1614,2021-10-12 02:54:27,7570.0,6000.0,867800.0
1615,2021-10-12 02:54:27,7570.0,1000.0,861800.0
1616,2021-10-12 02:54:27,7570.0,14400.0,860800.0
1617,2021-10-12 02:54:11,7570.0,5600.0,846400.0
1618,2021-10-12 02:54:11,7570.0,14400.0,840800.0
1619,2021-10-12 02:53:58,7570.0,5600.0,826400.0
1620,2021-10-12 02:53:45,7570.0,200.0,820800.0
1621,2021-10-12 02:53:26,7570.0,100.0,820600.0
1622,2021-10-12 02:53:09,7570.0,9100.0,820500.0
1623,2021-10-12 02:52:59,7570.0,2000.0,811400.0
1624,2021-10-12 02:52:57,7570.0,8900.0,809400.0
1625,2021-10-12 02:52:46,7570.0,6100.0,800500.0
1626,2021-10-12 02:52:45,7570.0,2000.0,794400.0
1627,2021-10-12 02:52:45,7560.0,900.0,792400.0
1628,2021-10-12 02:52:31,7570.0,100.0,791500.0
1629,2021-10-12 02:52:31,7570.0,500.0,791400.0
1630,2021-10-12 02:52:31,7570.0,10000.0,790900.0
1631,2021-10-12 02:52:31,7570.0,100.0,780900.0
1632,2021-10-12 02:52:31,7570.0,1000.0,780800.0
1633,2021-10-12 02:52:31,7570.0,2000.0,779800.0
1634,2021-10-12 02:52:31,7570.0,18200.0,777800.0
1635,2021-10-12 02:52:11,7580.0,100.0,759600.0
1636,2021-10-12 02:52:08,7570.0,1000.0,759500.0
1637,2021-10-12 02:51:48,7580.0,100.0,758500.0
1638,2021-10-12 02:51:20,7580.0,500.0,758400.0
1639,2021-10-12 02:51:20,7580.0,500.0,757900.0
1640,2021-10-12 02:51:02,7580.0,500.0,757400.0
1641,2021-10-12 02:50:53,7580.0,100.0,756900.0
1642,2021-10-12 02:50:35,7580.0,500.0,756800.0
1643,2021-10-12 02:50:35,7580.0,1500.0,756300.0
1644,2021-10-12 02:50:32,7580.0,100.0,754800.0
1645,2021-10-12 02:50:13,7580.0,8400.0,754700.0
1646,2021-10-12 02:50:13,7580.0,200.0,746300.0
1647,2021-10-12 02:50:13,7580.0,1000.0,746100.0
1648,2021-10-12 02:50:13,7580.0,400.0,745100.0
1649,2021-10-12 02:49:45,7580.0,600.0,744700.0
1650,2021-10-12 02:49:38,7570.0,1000.0,744100.0
1651,2021-10-12 02:49:20,7570.0,2800.0,743100.0
1652,2021-10-12 02:49:03,7570.0,200.0,740300.0
1653,2021-10-12 02:48:31,7570.0,1000.0,740100.0
1654,2021-10-12 02:48:31,7570.0,200.0,739100.0
1655,2021-10-12 02:48:31,7570.0,800.0,738900.0
1656,2021-10-12 02:48:20,7570.0,100.0,738100.0
1657,2021-10-12 02:48:17,7570.0,3000.0,738000.0
1658,2021-10-12 02:48:13,7570.0,100.0,735000.0
1659,2021-10-12 02:48:07,7570.0,500.0,734900.0
1660,2021-10-12 02:48:04,7570.0,2000.0,734400.0
1661,2021-10-12 02:47:05,7570.0,700.0,732400.0
1662,2021-10-12 02:47:05,7570.0,2300.0,731700.0
1663,2021-10-12 02:46:53,7570.0,100.0,729400.0
1664,2021-10-12 02:46:53,7570.0,1600.0,729300.0
1665,2021-10-12 02:46:47,7570.0,200.0,727700.0
1666,2021-10-12 02:46:27,7570.0,1200.0,727500.0
1667,2021-10-12 02:46:27,7570.0,1800.0,726300.0
1668,2021-10-12 02:45:58,7570.0,500.0,724500.0
1669,2021-10-12 02:45:57,7570.0,5000.0,724000.0
1670,2021-10-12 02:45:51,7570.0,1000.0,719000.0
1671,2021-10-12 02:45:48,7570.0,6200.0,718000.0
1672,2021-10-12 02:45:32,7570.0,100.0,711800.0
1673,2021-10-12 02:45:30,7560.0,600.0,711700.0
1674,2021-10-12 02:45:30,7560.0,200.0,711100.0
1675,2021-10-12 02:45:30,7560.0,200.0,710900.0
1676,2021-10-12 02:45:30,7560.0,200.0,710700.0
1677,2021-10-12 02:45:30,7560.0,600.0,710500.0
1678,2021-10-12 02:45:30,7560.0,1800.0,709900.0
1679,2021-10-12 02:45:30,7560.0,1000.0,708100.0
1680,2021-10-12 02:45:30,7560.0,200.0,707100.0
1681,2021-10-12 02:45:30,7560.0,100.0,706900.0
1682,2021-10-12 02:45:30,7560.0,100.0,706800.0
1683,2021-10-12 02:45:22,7570.0,100.0,706700.0
1684,2021-10-12 02:45:22,7570.0,100.0,706600.0
1685,2021-10-12 02:45:22,7570.0,500.0,706500.0
1686,2021-10-12 02:45:08,7570.0,300.0,706000.0
1687,2021-10-12 02:45:04,7570.0,100.0,705700.0
1688,2021-10-12 02:44:58,7570.0,100.0,705600.0
1689,2021-10-12 02:44:28,7570.0,500.0,705500.0
1690,2021-10-12 02:44:28,7570.0,100.0,705000.0
1691,2021-10-12 02:43:23,7590.0,500.0,704900.0
1692,2021-10-12 02:42:52,7590.0,100.0,704400.0
1693,2021-10-12 02:41:59,7590.0,1000.0,704300.0
1694,2021-10-12 02:41:52,7590.0,300.0,703300.0
1695,2021-10-12 02:41:42,7590.0,100.0,703000.0
1696,2021-10-12 02:41:33,7570.0,400.0,702900.0
1697,2021-10-12 02:41:30,7570.0,500.0,702500.0
1698,2021-10-12 02:41:30,7570.0,500.0,702000.0
1699,2021-10-12 02:41:30,7580.0,100.0,701500.0
1700,2021-10-12 02:41:16,7570.0,1000.0,701400.0
1701,2021-10-12 02:41:16,7570.0,1200.0,700400.0
1702,2021-10-12 02:41:03,7590.0,500.0,699200.0
1703,2021-10-12 02:41:02,7590.0,2000.0,698700.0
1704,2021-10-12 02:41:02,7590.0,100.0,696700.0
1705,2021-10-12 02:40:13,7600.0,200.0,696600.0
1706,2021-10-12 02:40:13,7600.0,100.0,696400.0
1707,2021-10-12 02:40:13,7600.0,2200.0,696300.0
1708,2021-10-12 02:39:59,7590.0,1000.0,694100.0
1709,2021-10-12 02:39:20,7590.0,5000.0,693100.0
1710,2021-10-12 02:39:18,7600.0,500.0,688100.0
1711,2021-10-12 02:39:13,7570.0,300.0,687600.0
1712,2021-10-12 02:39:13,7570.0,200.0,687300.0
1713,2021-10-12 02:39:07,7600.0,500.0,687100.0
1714,2021-10-12 02:39:06,7600.0,200.0,686600.0
1715,2021-10-12 02:38:44,7600.0,300.0,686400.0
1716,2021-10-12 02:38:03,7600.0,200.0,686100.0
1717,2021-10-12 02:37:58,7600.0,1000.0,685900.0
1718,2021-10-12 02:37:54,7600.0,100.0,684900.0
1719,2021-10-12 02:37:42,7600.0,100.0,684800.0
1720,2021-10-12 02:37:15,7600.0,100.0,684700.0
1721,2021-10-12 02:37:05,7650.0,1000.0,684600.0
1722,2021-10-12 02:36:52,7650.0,8700.0,683600.0
1723,2021-10-12 02:36:52,7650.0,8000.0,674900.0
1724,2021-10-12 02:36:52,7650.0,100.0,666900.0
1725,2021-10-12 02:36:52,7650.0,500.0,666800.0
1726,2021-10-12 02:36:52,7650.0,3000.0,666300.0
1727,2021-10-12 02:36:52,7650.0,500.0,663300.0
1728,2021-10-12 02:36:52,7650.0,300.0,662800.0
1729,2021-10-12 02:36:52,7650.0,3000.0,662500.0
1730,2021-10-12 02:36:52,7650.0,2000.0,659500.0
1731,2021-10-12 02:36:52,7650.0,500.0,657500.0
1732,2021-10-12 02:36:52,7650.0,23100.0,657000.0
1733,2021-10-12 02:36:52,7650.0,2000.0,633900.0
1734,2021-10-12 02:36:52,7640.0,1000.0,631900.0
1735,2021-10-12 02:36:52,7620.0,200.0,630900.0
1736,2021-10-12 02:36:52,7620.0,1000.0,630700.0
1737,2021-10-12 02:36:52,7620.0,100.0,629700.0
1738,2021-10-12 02:36:52,7620.0,100.0,629600.0
1739,2021-10-12 02:36:52,7620.0,5000.0,629500.0
1740,2021-10-12 02:36:52,7610.0,1000.0,624500.0
1741,2021-10-12 02:36:52,7610.0,300.0,623500.0
1742,2021-10-12 02:36:52,7610.0,100.0,623200.0
1743,2021-10-12 02:36:52,7610.0,1000.0,623100.0
1744,2021-10-12 02:36:52,7610.0,500.0,622100.0
1745,2021-10-12 02:36:52,7610.0,100.0,621600.0
1746,2021-10-12 02:36:52,7610.0,100.0,621500.0
1747,2021-10-12 02:36:52,7610.0,800.0,621400.0
1748,2021-10-12 02:36:52,7600.0,1000.0,620600.0
1749,2021-10-12 02:36:52,7600.0,1500.0,619600.0
1750,2021-10-12 02:36:52,7600.0,100.0,618100.0
1751,2021-10-12 02:36:52,7600.0,300.0,618000.0
1752,2021-10-12 02:36:52,7600.0,100.0,617700.0
1753,2021-10-12 02:36:52,7600.0,100.0,617600.0
1754,2021-10-12 02:36:52,7600.0,800.0,617500.0
1755,2021-10-12 02:36:52,7600.0,5000.0,616700.0
1756,2021-10-12 02:36:52,7600.0,200.0,611700.0
1757,2021-10-12 02:36:52,7600.0,300.0,611500.0
1758,2021-10-12 02:36:52,7600.0,100.0,611200.0
1759,2021-10-12 02:36:52,7600.0,200.0,611100.0
1760,2021-10-12 02:36:52,7600.0,100.0,610900.0
1761,2021-10-12 02:36:52,7600.0,100.0,610800.0
1762,2021-10-12 02:36:52,7600.0,1000.0,610700.0
1763,2021-10-12 02:36:52,7600.0,100.0,609700.0
1764,2021-10-12 02:36:52,7600.0,400.0,609600.0
1765,2021-10-12 02:36:52,7600.0,2000.0,609200.0
1766,2021-10-12 02:36:52,7600.0,2000.0,607200.0
1767,2021-10-12 02:36:52,7600.0,700.0,605200.0
1768,2021-10-12 02:36:52,7600.0,2300.0,604500.0
1769,2021-10-12 02:36:52,7590.0,1000.0,602200.0
1770,2021-10-12 02:36:52,7590.0,10000.0,601200.0
1771,2021-10-12 02:36:52,7580.0,1000.0,591200.0
1772,2021-10-12 02:36:52,7580.0,1800.0,590200.0
1773,2021-10-12 02:36:52,7570.0,4800.0,588400.0
1774,2021-10-12 02:36:51,7560.0,200.0,583600.0
1775,2021-10-12 02:36:49,7570.0,200.0,583400.0
1776,2021-10-12 02:36:49,7570.0,2800.0,583200.0
1777,2021-10-12 02:36:34,7570.0,5000.0,580400.0
1778,2021-10-12 02:36:22,7570.0,200.0,575400.0
1779,2021-10-12 02:36:18,7560.0,700.0,575200.0
1780,2021-10-12 02:36:18,7560.0,200.0,574500.0
1781,2021-10-12 02:36:18,7560.0,400.0,574300.0
1782,2021-10-12 02:36:15,7570.0,2000.0,573900.0
1783,2021-10-12 02:35:51,7560.0,100.0,571900.0
1784,2021-10-12 02:35:48,7560.0,300.0,571800.0
1785,2021-10-12 02:35:48,7560.0,200.0,571500.0
1786,2021-10-12 02:35:30,7560.0,300.0,571300.0
1787,2021-10-12 02:35:13,7560.0,1000.0,571000.0
1788,2021-10-12 02:35:13,7560.0,300.0,570000.0
1789,2021-10-12 02:35:13,7560.0,400.0,569700.0
1790,2021-10-12 02:35:07,7550.0,300.0,569300.0
1791,2021-10-12 02:34:46,7540.0,200.0,569000.0
1792,2021-10-12 02:34:39,7540.0,100.0,568800.0
1793,2021-10-12 02:34:39,7550.0,200.0,568700.0
1794,2021-10-12 02:34:39,7550.0,2000.0,568500.0
1795,2021-10-12 02:34:39,7550.0,1700.0,566500.0
1796,2021-10-12 02:34:25,7550.0,200.0,564800.0
1797,2021-10-12 02:34:22,7560.0,1000.0,564600.0
1798,2021-10-12 02:34:15,7560.0,100.0,563600.0
1799,2021-10-12 02:34:07,7550.0,21200.0,563500.0
1800,2021-10-12 02:34:07,7550.0,100.0,542300.0
1801,2021-10-12 02:34:07,7550.0,1400.0,542200.0
1802,2021-10-12 02:34:07,7550.0,600.0,540800.0
1803,2021-10-12 02:34:07,7550.0,200.0,540200.0
1804,2021-10-12 02:34:07,7550.0,100.0,540000.0
1805,2021-10-12 02:34:07,7550.0,2000.0,539900.0
1806,2021-10-12 02:34:07,7550.0,500.0,537900.0
1807,2021-10-12 02:34:07,7540.0,2000.0,537400.0
1808,2021-10-12 02:33:59,7540.0,3000.0,535400.0
1809,2021-10-12 02:33:55,7530.0,100.0,532400.0
1810,2021-10-12 02:33:44,7530.0,500.0,532300.0
1811,2021-10-12 02:33:43,7530.0,500.0,531800.0
1812,2021-10-12 02:33:29,7520.0,200.0,531300.0
1813,2021-10-12 02:33:27,7520.0,100.0,531100.0
1814,2021-10-12 02:33:21,7520.0,1200.0,531000.0
1815,2021-10-12 02:33:19,7520.0,200.0,529800.0
1816,2021-10-12 02:33:16,7520.0,100.0,529600.0
1817,2021-10-12 02:33:16,7520.0,100.0,529500.0
1818,2021-10-12 02:33:16,7520.0,500.0,529400.0
1819,2021-10-12 02:33:16,7520.0,100.0,528900.0
1820,2021-10-12 02:33:16,7520.0,10000.0,528800.0
1821,2021-10-12 02:33:16,7520.0,2500.0,518800.0
1822,2021-10-12 02:33:16,7520.0,400.0,516300.0
1823,2021-10-12 02:33:16,7520.0,1000.0,515900.0
1824,2021-10-12 02:33:16,7520.0,1600.0,514900.0
1825,2021-10-12 02:33:12,7520.0,400.0,513300.0
1826,2021-10-12 02:33:12,7520.0,1000.0,512900.0
1827,2021-10-12 02:33:12,7520.0,100.0,511900.0
1828,2021-10-12 02:33:12,7520.0,500.0,511800.0
1829,2021-10-12 02:33:11,7530.0,500.0,511300.0
1830,2021-10-12 02:33:09,7530.0,400.0,510800.0
1831,2021-10-12 02:32:49,7520.0,200.0,510400.0
1832,2021-10-12 02:32:48,7520.0,300.0,510200.0
1833,2021-10-12 02:32:38,7520.0,1000.0,509900.0
1834,2021-10-12 02:32:09,7520.0,500.0,508900.0
1835,2021-10-12 02:31:54,7520.0,100.0,508400.0
1836,2021-10-12 02:31:45,7520.0,400.0,508300.0
1837,2021-10-12 02:31:38,7510.0,100.0,507900.0
1838,2021-10-12 02:31:33,7510.0,300.0,507800.0
1839,2021-10-12 02:31:22,7510.0,600.0,507500.0
1840,2021-10-12 02:31:22,7520.0,100.0,506900.0
1841,2021-10-12 02:31:22,7520.0,300.0,506800.0
1842,2021-10-12 02:31:22,7520.0,100.0,506500.0
1843,2021-10-12 02:31:22,7520.0,900.0,506400.0
1844,2021-10-12 02:30:58,7520.0,100.0,505500.0
1845,2021-10-12 02:30:58,7530.0,1000.0,505400.0
1846,2021-10-12 02:30:33,7510.0,1200.0,504400.0
1847,2021-10-12 02:30:33,7510.0,300.0,503200.0
1848,2021-10-12 02:30:33,7510.0,100.0,502900.0
1849,2021-10-12 02:30:33,7510.0,900.0,502800.0
1850,2021-10-12 02:30:33,7520.0,7500.0,501900.0
1851,2021-10-12 02:30:22,7520.0,500.0,494400.0
1852,2021-10-12 02:30:22,7520.0,1000.0,493900.0
1853,2021-10-12 02:30:22,7520.0,600.0,492900.0
1854,2021-10-12 02:30:22,7520.0,20400.0,492300.0
1855,2021-10-12 02:30:11,7520.0,2300.0,471900.0
1856,2021-10-12 02:30:03,7520.0,2000.0,469600.0
1857,2021-10-12 02:29:57,7520.0,300.0,467600.0
1858,2021-10-12 02:29:56,7510.0,3900.0,467300.0
1859,2021-10-12 02:29:51,7520.0,300.0,463400.0
1860,2021-10-12 02:29:51,7520.0,700.0,463100.0
1861,2021-10-12 02:29:50,7520.0,100.0,462400.0
1862,2021-10-12 02:29:50,7520.0,6200.0,462300.0
1863,2021-10-12 02:29:43,7520.0,2000.0,456100.0
1864,2021-10-12 02:29:43,7520.0,500.0,454100.0
1865,2021-10-12 02:29:43,7520.0,1300.0,453600.0
1866,2021-10-12 02:29:42,7510.0,200.0,452300.0
1867,2021-10-12 02:29:42,7510.0,300.0,452100.0
1868,2021-10-12 02:29:32,7520.0,400.0,451800.0
1869,2021-10-12 02:29:18,7520.0,300.0,451400.0
1870,2021-10-12 02:29:18,7520.0,1000.0,451100.0
1871,2021-10-12 02:29:18,7520.0,1300.0,450100.0
1872,2021-10-12 02:29:18,7520.0,400.0,448800.0
1873,2021-10-12 02:29:11,7500.0,2400.0,448400.0
1874,2021-10-12 02:29:07,7500.0,1000.0,446000.0
1875,2021-10-12 02:29:07,7500.0,1600.0,445000.0
1876,2021-10-12 02:29:03,7500.0,400.0,443400.0
1877,2021-10-12 02:29:03,7500.0,100.0,443000.0
1878,2021-10-12 02:29:03,7500.0,100.0,442900.0
1879,2021-10-12 02:29:03,7500.0,200.0,442800.0
1880,2021-10-12 02:29:03,7500.0,300.0,442600.0
1881,2021-10-12 02:29:03,7500.0,2000.0,442300.0
1882,2021-10-12 02:29:03,7500.0,6900.0,440300.0
1883,2021-10-12 02:28:56,7520.0,100.0,433400.0
1884,2021-10-12 02:28:53,7500.0,4000.0,433300.0
1885,2021-10-12 02:28:51,7500.0,9100.0,429300.0
1886,2021-10-12 02:28:46,7500.0,500.0,420200.0
1887,2021-10-12 02:28:46,7500.0,100.0,419700.0
1888,2021-10-12 02:28:46,7500.0,1000.0,419600.0
1889,2021-10-12 02:28:46,7500.0,100.0,418600.0
1890,2021-10-12 02:28:46,7500.0,500.0,418500.0
1891,2021-10-12 02:28:46,7500.0,1000.0,418000.0
1892,2021-10-12 02:28:46,7500.0,300.0,417000.0
1893,2021-10-12 02:28:46,7500.0,100.0,416700.0
1894,2021-10-12 02:28:46,7500.0,200.0,416600.0
1895,2021-10-12 02:28:44,7500.0,1800.0,416400.0
1896,2021-10-12 02:28:44,7500.0,100.0,414600.0
1897,2021-10-12 02:28:44,7500.0,100.0,414500.0
1898,2021-10-12 02:28:44,7500.0,100.0,414400.0
1899,2021-10-12 02:28:44,7500.0,200.0,414300.0
1900,2021-10-12 02:28:44,7500.0,700.0,414100.0
1901,2021-10-12 02:28:42,7500.0,300.0,413400.0
1902,2021-10-12 02:28:42,7500.0,600.0,413100.0
1903,2021-10-12 02:28:42,7500.0,200.0,412500.0
1904,2021-10-12 02:28:42,7500.0,200.0,412300.0
1905,2021-10-12 02:28:42,7500.0,300.0,412100.0
1906,2021-10-12 02:28:42,7500.0,200.0,411800.0
1907,2021-10-12 02:28:42,7500.0,200.0,411600.0
1908,2021-10-12 02:28:42,7500.0,3000.0,411400.0
1909,2021-10-12 02:28:39,7500.0,100.0,408400.0
1910,2021-10-12 02:28:37,7500.0,4200.0,408300.0
1911,2021-10-12 02:28:37,7500.0,2700.0,404100.0
1912,2021-10-12 02:28:37,7500.0,100.0,401400.0
1913,2021-10-12 02:28:37,7500.0,100.0,401300.0
1914,2021-10-12 02:28:37,7500.0,1000.0,401200.0
1915,2021-10-12 02:28:37,7500.0,600.0,400200.0
1916,2021-10-12 02:28:37,7500.0,1000.0,399600.0
1917,2021-10-12 02:28:37,7500.0,1000.0,398600.0
1918,2021-10-12 02:28:37,7500.0,700.0,397600.0
1919,2021-10-12 02:28:36,7500.0,300.0,396900.0
1920,2021-10-12 02:28:36,7500.0,900.0,396600.0
1921,2021-10-12 02:28:36,7500.0,200.0,395700.0
1922,2021-10-12 02:28:36,7500.0,2700.0,395500.0
1923,2021-10-12 02:28:33,7500.0,2000.0,392800.0
1924,2021-10-12 02:28:33,7520.0,100.0,390800.0
1925,2021-10-12 02:28:20,7500.0,1000.0,390700.0
1926,2021-10-12 02:28:19,7500.0,500.0,389700.0
1927,2021-10-12 02:28:18,7500.0,2800.0,389200.0
1928,2021-10-12 02:28:18,7500.0,100.0,386400.0
1929,2021-10-12 02:28:18,7500.0,800.0,386300.0
1930,2021-10-12 02:28:18,7500.0,4000.0,385500.0
1931,2021-10-12 02:28:18,7500.0,500.0,381500.0
1932,2021-10-12 02:28:18,7500.0,1000.0,381000.0
1933,2021-10-12 02:28:18,7500.0,5000.0,380000.0
1934,2021-10-12 02:28:18,7500.0,100.0,375000.0
1935,2021-10-12 02:28:18,7510.0,2000.0,374900.0
1936,2021-10-12 02:28:18,7510.0,500.0,372900.0
1937,2021-10-12 02:28:18,7510.0,100.0,372400.0
1938,2021-10-12 02:28:18,7510.0,3000.0,372300.0
1939,2021-10-12 02:28:18,7510.0,100.0,369300.0
1940,2021-10-12 02:28:18,7510.0,20000.0,369200.0
1941,2021-10-12 02:28:08,7520.0,100.0,349200.0
1942,2021-10-12 02:27:59,7520.0,500.0,349100.0
1943,2021-10-12 02:27:58,7520.0,100.0,348600.0
1944,2021-10-12 02:27:53,7520.0,100.0,348500.0
1945,2021-10-12 02:27:53,7520.0,1000.0,348400.0
1946,2021-10-12 02:27:53,7520.0,200.0,347400.0
1947,2021-10-12 02:27:53,7520.0,100.0,347200.0
1948,2021-10-12 02:27:51,7520.0,100.0,347100.0
1949,2021-10-12 02:27:51,7520.0,3000.0,347000.0
1950,2021-10-12 02:27:51,7520.0,500.0,344000.0
1951,2021-10-12 02:27:51,7520.0,100.0,343500.0
1952,2021-10-12 02:27:51,7520.0,600.0,343400.0
1953,2021-10-12 02:27:34,7520.0,300.0,342800.0
1954,2021-10-12 02:27:32,7550.0,200.0,342500.0
1955,2021-10-12 02:27:24,7550.0,1000.0,342300.0
1956,2021-10-12 02:27:19,7550.0,200.0,341300.0
1957,2021-10-12 02:27:17,7550.0,200.0,341100.0
1958,2021-10-12 02:27:05,7550.0,100.0,340900.0
1959,2021-10-12 02:26:45,7550.0,100.0,340800.0
1960,2021-10-12 02:26:43,7550.0,400.0,340700.0
1961,2021-10-12 02:26:43,7520.0,100.0,340300.0
1962,2021-10-12 02:26:39,7550.0,400.0,340200.0
1963,2021-10-12 02:26:39,7550.0,100.0,339800.0
1964,2021-10-12 02:26:39,7550.0,1000.0,339700.0
1965,2021-10-12 02:26:39,7550.0,500.0,338700.0
1966,2021-10-12 02:26:39,7550.0,200.0,338200.0
1967,2021-10-12 02:26:39,7550.0,200.0,338000.0
1968,2021-10-12 02:26:39,7550.0,200.0,337800.0
1969,2021-10-12 02:26:39,7550.0,1400.0,337600.0
1970,2021-10-12 02:26:39,7550.0,300.0,336200.0
1971,2021-10-12 02:26:39,7550.0,1000.0,335900.0
1972,2021-10-12 02:26:39,7550.0,1000.0,334900.0
1973,2021-10-12 02:26:39,7550.0,500.0,333900.0
1974,2021-10-12 02:26:39,7550.0,500.0,333400.0
1975,2021-10-12 02:26:37,7560.0,1000.0,332900.0
1976,2021-10-12 02:26:15,7560.0,100.0,331900.0
1977,2021-10-12 02:26:07,7560.0,400.0,331800.0
1978,2021-10-12 02:26:06,7560.0,200.0,331400.0
1979,2021-10-12 02:26:06,7560.0,500.0,331200.0
1980,2021-10-12 02:26:06,7560.0,200.0,330700.0
1981,2021-10-12 02:26:06,7560.0,1000.0,330500.0
1982,2021-10-12 02:26:06,7560.0,100.0,329500.0
1983,2021-10-12 02:26:06,7560.0,5800.0,329400.0
1984,2021-10-12 02:26:06,7560.0,8900.0,323600.0
1985,2021-10-12 02:26:05,7570.0,500.0,314700.0
1986,2021-10-12 02:25:55,7570.0,400.0,314200.0
1987,2021-10-12 02:25:52,7560.0,41100.0,313800.0
1988,2021-10-12 02:25:52,7560.0,500.0,272700.0
1989,2021-10-12 02:25:52,7560.0,41500.0,272200.0
1990,2021-10-12 02:25:52,7570.0,500.0,230700.0
1991,2021-10-12 02:25:52,7570.0,100.0,230200.0
1992,2021-10-12 02:25:52,7570.0,200.0,230100.0
1993,2021-10-12 02:25:52,7570.0,100.0,229900.0
1994,2021-10-12 02:25:52,7570.0,200.0,229800.0
1995,2021-10-12 02:25:52,7570.0,15000.0,229600.0
1996,2021-10-12 02:25:52,7570.0,100.0,214600.0
1997,2021-10-12 02:25:52,7570.0,700.0,214500.0
1998,2021-10-12 02:25:35,7570.0,300.0,213800.0
1999,2021-10-12 02:25:29,7570.0,1900.0,213500.0
2000,2021-10-12 02:25:29,7570.0,600.0,211600.0
2001,2021-10-12 02:25:29,7570.0,100.0,211000.0
2002,2021-10-12 02:25:29,7570.0,500.0,210900.0
2003,2021-10-12 02:25:29,7570.0,1000.0,210400.0
2004,2021-10-12 02:25:29,7570.0,700.0,209400.0
2005,2021-10-12 02:25:29,7570.0,300.0,208700.0
2006,2021-10-12 02:25:29,7580.0,1000.0,208400.0
2007,2021-10-12 02:25:21,7580.0,100.0,207400.0
2008,2021-10-12 02:24:54,7580.0,500.0,207300.0
2009,2021-10-12 02:24:54,7580.0,200.0,206800.0
2010,2021-10-12 02:24:54,7580.0,2800.0,206600.0
2011,2021-10-12 02:24:54,7580.0,300.0,203800.0
2012,2021-10-12 02:24:54,7580.0,500.0,203500.0
2013,2021-10-12 02:24:54,7580.0,100.0,203000.0
2014,2021-10-12 02:24:54,7580.0,100.0,202900.0
2015,2021-10-12 02:24:54,7580.0,6600.0,202800.0
2016,2021-10-12 02:24:54,7580.0,100.0,196200.0
2017,2021-10-12 02:24:54,7580.0,100.0,196100.0
2018,2021-10-12 02:24:54,7580.0,100.0,196000.0
2019,2021-10-12 02:24:54,7580.0,200.0,195900.0
2020,2021-10-12 02:24:54,7580.0,100.0,195700.0
2021,2021-10-12 02:24:54,7580.0,100.0,195600.0
2022,2021-10-12 02:24:54,7580.0,200.0,195500.0
2023,2021-10-12 02:24:54,7580.0,2300.0,195300.0
2024,2021-10-12 02:24:54,7580.0,500.0,193000.0
2025,2021-10-12 02:24:54,7580.0,500.0,192500.0
2026,2021-10-12 02:24:54,7580.0,5400.0,192000.0
2027,2021-10-12 02:24:46,7580.0,1300.0,186600.0
2028,2021-10-12 02:24:42,7580.0,500.0,185300.0
2029,2021-10-12 02:24:28,7580.0,5000.0,184800.0
2030,2021-10-12 02:24:10,7580.0,500.0,179800.0
2031,2021-10-12 02:23:56,7580.0,500.0,179300.0
2032,2021-10-12 02:23:55,7590.0,600.0,178800.0
2033,2021-10-12 02:23:53,7580.0,1000.0,178200.0
2034,2021-10-12 02:23:42,7580.0,200.0,177200.0
2035,2021-10-12 02:23:31,7580.0,100.0,177000.0
2036,2021-10-12 02:23:17,7580.0,1500.0,176900.0
2037,2021-10-12 02:23:17,7580.0,100.0,175400.0
2038,2021-10-12 02:23:17,7580.0,1000.0,175300.0
2039,2021-10-12 02:23:17,7580.0,1100.0,174300.0
2040,2021-10-12 02:23:17,7580.0,500.0,173200.0
2041,2021-10-12 02:23:17,7580.0,800.0,172700.0
2042,2021-10-12 02:23:09,7580.0,500.0,171900.0
2043,2021-10-12 02:22:54,7590.0,100.0,171400.0
2044,2021-10-12 02:22:48,7580.0,200.0,171300.0
2045,2021-10-12 02:22:47,7590.0,100.0,171100.0
2046,2021-10-12 02:22:47,7590.0,100.0,171000.0
2047,2021-10-12 02:22:42,7590.0,1000.0,170900.0
2048,2021-10-12 02:22:39,7590.0,100.0,169900.0
2049,2021-10-12 02:22:35,7590.0,1000.0,169800.0
2050,2021-10-12 02:22:23,7590.0,400.0,168800.0
2051,2021-10-12 02:21:46,7580.0,100.0,168400.0
2052,2021-10-12 02:21:46,7580.0,100.0,168300.0
2053,2021-10-12 02:21:42,7590.0,500.0,168200.0
2054,2021-10-12 02:21:42,7590.0,2000.0,167700.0
2055,2021-10-12 02:21:42,7590.0,100.0,165700.0
2056,2021-10-12 02:21:42,7590.0,2000.0,165600.0
2057,2021-10-12 02:21:30,7600.0,300.0,163600.0
2058,2021-10-12 02:21:22,7600.0,1000.0,163300.0
2059,2021-10-12 02:21:19,7600.0,500.0,162300.0
2060,2021-10-12 02:21:18,7590.0,500.0,161800.0
2061,2021-10-12 02:20:47,7600.0,900.0,161300.0
2062,2021-10-12 02:20:47,7600.0,100.0,160400.0
2063,2021-10-12 02:20:29,7600.0,1000.0,160300.0
2064,2021-10-12 02:20:21,7590.0,400.0,159300.0
2065,2021-10-12 02:20:11,7600.0,2000.0,158900.0
2066,2021-10-12 02:20:10,7600.0,900.0,156900.0
2067,2021-10-12 02:20:10,7600.0,100.0,156000.0
2068,2021-10-12 02:20:06,7600.0,700.0,155900.0
2069,2021-10-12 02:20:01,7600.0,1000.0,155200.0
2070,2021-10-12 02:19:57,7600.0,2000.0,154200.0
2071,2021-10-12 02:19:56,7600.0,2000.0,152200.0
2072,2021-10-12 02:19:47,7600.0,1500.0,150200.0
2073,2021-10-12 02:19:41,7600.0,1000.0,148700.0
2074,2021-10-12 02:19:41,7600.0,1000.0,147700.0
2075,2021-10-12 02:19:41,7600.0,700.0,146700.0
2076,2021-10-12 02:19:39,7600.0,1000.0,146000.0
2077,2021-10-12 02:19:24,7600.0,300.0,145000.0
2078,2021-10-12 02:19:10,7610.0,2000.0,144700.0
2079,2021-10-12 02:19:06,7610.0,700.0,142700.0
2080,2021-10-12 02:19:01,7600.0,100.0,142000.0
2081,2021-10-12 02:19:01,7600.0,1100.0,141900.0
2082,2021-10-12 02:18:55,7610.0,500.0,140800.0
2083,2021-10-12 02:18:48,7600.0,200.0,140300.0
2084,2021-10-12 02:18:48,7600.0,700.0,140100.0
2085,2021-10-12 02:18:32,7600.0,200.0,139400.0
2086,2021-10-12 02:18:25,7600.0,16000.0,139200.0
2087,2021-10-12 02:18:25,7600.0,200.0,123200.0
2088,2021-10-12 02:18:25,7600.0,2900.0,123000.0
2089,2021-10-12 02:18:22,7610.0,5000.0,120100.0
2090,2021-10-12 02:18:10,7610.0,200.0,115100.0
2091,2021-10-12 02:18:09,7600.0,100.0,114900.0
2092,2021-10-12 02:18:08,7600.0,47000.0,114800.0
2093,2021-10-12 02:18:08,7600.0,3000.0,67800.0
2094,2021-10-12 02:18:05,7600.0,3100.0,64800.0
2095,2021-10-12 02:17:47,7600.0,400.0,61700.0
