,Time,Price,Volume_per_trade,Volume
0,2021-10-20 07:45:00,7450.0,100.0,3885400.0
1,2021-10-20 07:45:00,7450.0,100.0,3885300.0
2,2021-10-20 07:45:00,7450.0,100.0,3885200.0
3,2021-10-20 07:45:00,7450.0,3000.0,3885100.0
4,2021-10-20 07:45:00,7450.0,24500.0,3882100.0
5,2021-10-20 07:45:00,7450.0,100.0,3857600.0
6,2021-10-20 07:45:00,7450.0,38000.0,3857500.0
7,2021-10-20 07:45:00,7450.0,2000.0,3819500.0
8,2021-10-20 07:45:00,7450.0,44500.0,3817500.0
9,2021-10-20 07:45:00,7450.0,300.0,3773000.0
10,2021-10-20 07:45:00,7450.0,2000.0,3772700.0
11,2021-10-20 07:45:00,7450.0,49700.0,3770700.0
12,2021-10-20 07:45:00,7450.0,1900.0,3721000.0
13,2021-10-20 07:45:00,7450.0,10000.0,3719100.0
14,2021-10-20 07:45:00,7450.0,13000.0,3709100.0
15,2021-10-20 07:45:00,7450.0,1000.0,3696100.0
16,2021-10-20 07:45:00,7450.0,113000.0,3695100.0
17,2021-10-20 07:45:00,7450.0,4000.0,3582100.0
18,2021-10-20 07:45:00,7450.0,500.0,3578100.0
19,2021-10-20 07:45:00,7450.0,1000.0,3577600.0
20,2021-10-20 07:45:00,7450.0,400.0,3576600.0
21,2021-10-20 07:45:00,7450.0,2100.0,3576200.0
22,2021-10-20 07:45:00,7450.0,100.0,3574100.0
23,2021-10-20 07:45:00,7450.0,200.0,3574000.0
24,2021-10-20 07:45:00,7450.0,100.0,3573800.0
25,2021-10-20 07:45:00,7450.0,100.0,3573700.0
26,2021-10-20 07:45:00,7450.0,100.0,3573600.0
27,2021-10-20 07:45:00,7450.0,3000.0,3573500.0
28,2021-10-20 07:45:00,7450.0,200.0,3570500.0
29,2021-10-20 07:45:00,7450.0,200.0,3570300.0
30,2021-10-20 07:45:00,7450.0,1000.0,3570100.0
31,2021-10-20 07:45:00,7450.0,100.0,3569100.0
32,2021-10-20 07:45:00,7450.0,200.0,3569000.0
33,2021-10-20 07:45:00,7450.0,200.0,3568800.0
34,2021-10-20 07:45:00,7450.0,1200.0,3568600.0
35,2021-10-20 07:45:00,7450.0,8800.0,3567400.0
36,2021-10-20 07:45:00,7450.0,5000.0,3558600.0
37,2021-10-20 07:45:00,7450.0,10000.0,3553600.0
38,2021-10-20 07:45:00,7450.0,100.0,3543600.0
39,2021-10-20 07:45:00,7450.0,200.0,3543500.0
40,2021-10-20 07:45:00,7450.0,200.0,3543300.0
41,2021-10-20 07:45:00,7450.0,2000.0,3543100.0
42,2021-10-20 07:45:00,7450.0,1000.0,3541100.0
43,2021-10-20 07:45:00,7450.0,2700.0,3540100.0
44,2021-10-20 07:45:00,7450.0,1000.0,3537400.0
45,2021-10-20 07:45:00,7450.0,200.0,3536400.0
46,2021-10-20 07:45:00,7450.0,100.0,3536200.0
47,2021-10-20 07:45:00,7450.0,100.0,3536100.0
48,2021-10-20 07:45:00,7450.0,100.0,3536000.0
49,2021-10-20 07:45:00,7450.0,100.0,3535900.0
50,2021-10-20 07:45:00,7450.0,400.0,3535800.0
51,2021-10-20 07:45:00,7450.0,600.0,3535400.0
52,2021-10-20 07:45:00,7450.0,100.0,3534800.0
53,2021-10-20 07:45:00,7450.0,5000.0,3534700.0
54,2021-10-20 07:45:00,7450.0,4300.0,3529700.0
55,2021-10-20 07:45:00,7450.0,200.0,3525400.0
56,2021-10-20 07:45:00,7450.0,500.0,3525200.0
57,2021-10-20 07:29:59,7400.0,600.0,3524700.0
58,2021-10-20 07:29:58,7400.0,100.0,3524100.0
59,2021-10-20 07:29:55,7400.0,1000.0,3524000.0
60,2021-10-20 07:29:55,7390.0,1000.0,3523000.0
61,2021-10-20 07:29:55,7390.0,500.0,3522000.0
62,2021-10-20 07:29:54,7390.0,200.0,3521500.0
63,2021-10-20 07:29:54,7390.0,1000.0,3521300.0
64,2021-10-20 07:29:54,7390.0,1000.0,3520300.0
65,2021-10-20 07:29:54,7390.0,10000.0,3519300.0
66,2021-10-20 07:29:54,7390.0,200.0,3509300.0
67,2021-10-20 07:29:54,7390.0,100.0,3509100.0
68,2021-10-20 07:29:42,7400.0,300.0,3509000.0
69,2021-10-20 07:29:37,7400.0,1700.0,3508700.0
70,2021-10-20 07:29:30,7400.0,100.0,3507000.0
71,2021-10-20 07:29:15,7400.0,200.0,3506900.0
72,2021-10-20 07:29:09,7400.0,1000.0,3506700.0
73,2021-10-20 07:28:39,7390.0,1000.0,3505700.0
74,2021-10-20 07:28:31,7400.0,1000.0,3504700.0
75,2021-10-20 07:28:31,7400.0,500.0,3503700.0
76,2021-10-20 07:28:23,7400.0,500.0,3503200.0
77,2021-10-20 07:28:23,7400.0,500.0,3502700.0
78,2021-10-20 07:28:23,7400.0,500.0,3502200.0
79,2021-10-20 07:28:13,7400.0,3100.0,3501700.0
80,2021-10-20 07:28:10,7400.0,500.0,3498600.0
81,2021-10-20 07:28:06,7410.0,2000.0,3498100.0
82,2021-10-20 07:27:58,7400.0,300.0,3496100.0
83,2021-10-20 07:27:52,7400.0,1000.0,3495800.0
84,2021-10-20 07:27:52,7400.0,5200.0,3494800.0
85,2021-10-20 07:27:47,7400.0,4000.0,3489600.0
86,2021-10-20 07:27:39,7400.0,800.0,3485600.0
87,2021-10-20 07:27:39,7400.0,500.0,3484800.0
88,2021-10-20 07:27:39,7400.0,8000.0,3484300.0
89,2021-10-20 07:27:39,7400.0,300.0,3476300.0
90,2021-10-20 07:27:39,7400.0,100.0,3476000.0
91,2021-10-20 07:27:39,7400.0,300.0,3475900.0
92,2021-10-20 07:27:06,7400.0,1000.0,3475600.0
93,2021-10-20 07:27:06,7400.0,100.0,3474600.0
94,2021-10-20 07:26:59,7400.0,600.0,3474500.0
95,2021-10-20 07:26:46,7380.0,400.0,3473900.0
96,2021-10-20 07:26:46,7380.0,600.0,3473500.0
97,2021-10-20 07:26:43,7400.0,700.0,3472900.0
98,2021-10-20 07:26:43,7400.0,300.0,3472200.0
99,2021-10-20 07:26:36,7400.0,1000.0,3471900.0
100,2021-10-20 07:26:26,7400.0,500.0,3470900.0
101,2021-10-20 07:26:19,7400.0,8200.0,3470400.0
102,2021-10-20 07:26:19,7400.0,1300.0,3462200.0
103,2021-10-20 07:26:19,7390.0,2500.0,3460900.0
104,2021-10-20 07:26:16,7400.0,3000.0,3458400.0
105,2021-10-20 07:26:16,7400.0,5700.0,3455400.0
106,2021-10-20 07:26:16,7400.0,4300.0,3449700.0
107,2021-10-20 07:26:05,7400.0,3000.0,3445400.0
108,2021-10-20 07:26:05,7400.0,1000.0,3442400.0
109,2021-10-20 07:26:05,7400.0,1000.0,3441400.0
110,2021-10-20 07:26:02,7380.0,400.0,3440400.0
111,2021-10-20 07:26:02,7380.0,1000.0,3440000.0
112,2021-10-20 07:26:02,7380.0,1000.0,3439000.0
113,2021-10-20 07:26:02,7380.0,200.0,3438000.0
114,2021-10-20 07:26:02,7380.0,2400.0,3437800.0
115,2021-10-20 07:25:56,7380.0,600.0,3435400.0
116,2021-10-20 07:25:56,7380.0,500.0,3434800.0
117,2021-10-20 07:25:51,7380.0,4500.0,3434300.0
118,2021-10-20 07:25:51,7380.0,100.0,3429800.0
119,2021-10-20 07:25:51,7380.0,400.0,3429700.0
120,2021-10-20 07:25:45,7400.0,2000.0,3429300.0
121,2021-10-20 07:25:45,7400.0,18000.0,3427300.0
122,2021-10-20 07:25:44,7380.0,1600.0,3409300.0
123,2021-10-20 07:25:44,7380.0,500.0,3407700.0
124,2021-10-20 07:25:44,7380.0,5000.0,3407200.0
125,2021-10-20 07:25:44,7380.0,300.0,3402200.0
126,2021-10-20 07:25:44,7380.0,100.0,3401900.0
127,2021-10-20 07:25:44,7380.0,2500.0,3401800.0
128,2021-10-20 07:25:39,7400.0,2000.0,3399300.0
129,2021-10-20 07:25:34,7390.0,100.0,3397300.0
130,2021-10-20 07:25:21,7380.0,1500.0,3397200.0
131,2021-10-20 07:25:19,7380.0,2500.0,3395700.0
132,2021-10-20 07:25:19,7360.0,7500.0,3393200.0
133,2021-10-20 07:25:18,7360.0,300.0,3385700.0
134,2021-10-20 07:25:17,7360.0,200.0,3385400.0
135,2021-10-20 07:25:17,7360.0,400.0,3385200.0
136,2021-10-20 07:25:15,7360.0,10000.0,3384800.0
137,2021-10-20 07:25:15,7370.0,1000.0,3374800.0
138,2021-10-20 07:25:15,7370.0,500.0,3373800.0
139,2021-10-20 07:25:15,7370.0,100.0,3373300.0
140,2021-10-20 07:25:08,7380.0,1000.0,3373200.0
141,2021-10-20 07:25:04,7380.0,5000.0,3372200.0
142,2021-10-20 07:25:04,7370.0,100.0,3367200.0
143,2021-10-20 07:25:04,7370.0,500.0,3367100.0
144,2021-10-20 07:25:02,7380.0,100.0,3366600.0
145,2021-10-20 07:24:56,7380.0,100.0,3366500.0
146,2021-10-20 07:24:53,7350.0,25700.0,3366400.0
147,2021-10-20 07:24:53,7350.0,500.0,3340700.0
148,2021-10-20 07:24:53,7350.0,1000.0,3340200.0
149,2021-10-20 07:24:53,7350.0,1000.0,3339200.0
150,2021-10-20 07:24:53,7350.0,100.0,3338200.0
151,2021-10-20 07:24:53,7350.0,100.0,3338100.0
152,2021-10-20 07:24:53,7350.0,500.0,3338000.0
153,2021-10-20 07:24:53,7350.0,1500.0,3337500.0
154,2021-10-20 07:24:53,7350.0,500.0,3336000.0
155,2021-10-20 07:24:53,7350.0,500.0,3335500.0
156,2021-10-20 07:24:53,7350.0,100.0,3335000.0
157,2021-10-20 07:24:53,7350.0,300.0,3334900.0
158,2021-10-20 07:24:53,7350.0,200.0,3334600.0
159,2021-10-20 07:24:53,7350.0,5000.0,3334400.0
160,2021-10-20 07:24:53,7350.0,100.0,3329400.0
161,2021-10-20 07:24:53,7350.0,5000.0,3329300.0
162,2021-10-20 07:24:53,7350.0,200.0,3324300.0
163,2021-10-20 07:24:53,7350.0,500.0,3324100.0
164,2021-10-20 07:24:53,7350.0,5000.0,3323600.0
165,2021-10-20 07:24:53,7350.0,1200.0,3318600.0
166,2021-10-20 07:24:53,7350.0,300.0,3317400.0
167,2021-10-20 07:24:53,7350.0,100.0,3317100.0
168,2021-10-20 07:24:53,7350.0,500.0,3317000.0
169,2021-10-20 07:24:53,7350.0,2000.0,3316500.0
170,2021-10-20 07:24:53,7350.0,500.0,3314500.0
171,2021-10-20 07:24:53,7360.0,5000.0,3314000.0
172,2021-10-20 07:24:53,7360.0,200.0,3309000.0
173,2021-10-20 07:24:53,7370.0,2000.0,3308800.0
174,2021-10-20 07:24:53,7370.0,10000.0,3306800.0
175,2021-10-20 07:24:53,7370.0,400.0,3296800.0
176,2021-10-20 07:24:52,7370.0,500.0,3296400.0
177,2021-10-20 07:24:42,7380.0,19800.0,3295900.0
178,2021-10-20 07:24:42,7380.0,18200.0,3276100.0
179,2021-10-20 07:24:37,7380.0,100.0,3257900.0
180,2021-10-20 07:24:37,7360.0,100.0,3257800.0
181,2021-10-20 07:24:37,7360.0,10000.0,3257700.0
182,2021-10-20 07:24:37,7360.0,5000.0,3247700.0
183,2021-10-20 07:24:37,7360.0,900.0,3242700.0
184,2021-10-20 07:24:37,7360.0,8000.0,3241800.0
185,2021-10-20 07:24:37,7360.0,1000.0,3233800.0
186,2021-10-20 07:24:33,7380.0,1800.0,3232800.0
187,2021-10-20 07:24:31,7380.0,8800.0,3231000.0
188,2021-10-20 07:24:31,7370.0,1200.0,3222200.0
189,2021-10-20 07:24:28,7370.0,200.0,3221000.0
190,2021-10-20 07:24:28,7370.0,1000.0,3220800.0
191,2021-10-20 07:24:28,7370.0,500.0,3219800.0
192,2021-10-20 07:24:28,7370.0,500.0,3219300.0
193,2021-10-20 07:24:28,7370.0,600.0,3218800.0
194,2021-10-20 07:24:25,7380.0,1000.0,3218200.0
195,2021-10-20 07:24:24,7370.0,9600.0,3217200.0
196,2021-10-20 07:24:24,7370.0,400.0,3207600.0
197,2021-10-20 07:24:13,7370.0,4600.0,3207200.0
198,2021-10-20 07:24:13,7370.0,10000.0,3202600.0
199,2021-10-20 07:24:13,7370.0,6400.0,3192600.0
200,2021-10-20 07:23:54,7370.0,2200.0,3186200.0
201,2021-10-20 07:23:54,7370.0,200.0,3184000.0
202,2021-10-20 07:23:51,7370.0,200.0,3183800.0
203,2021-10-20 07:23:51,7370.0,300.0,3183600.0
204,2021-10-20 07:23:51,7360.0,2900.0,3183300.0
205,2021-10-20 07:23:47,7360.0,100.0,3180400.0
206,2021-10-20 07:23:40,7370.0,100.0,3180300.0
207,2021-10-20 07:23:40,7370.0,2900.0,3180200.0
208,2021-10-20 07:23:40,7370.0,2000.0,3177300.0
209,2021-10-20 07:23:37,7370.0,100.0,3175300.0
210,2021-10-20 07:23:35,7370.0,2000.0,3175200.0
211,2021-10-20 07:23:27,7370.0,500.0,3173200.0
212,2021-10-20 07:23:23,7370.0,5000.0,3172700.0
213,2021-10-20 07:23:18,7370.0,200.0,3167700.0
214,2021-10-20 07:23:18,7350.0,500.0,3167500.0
215,2021-10-20 07:23:18,7350.0,100.0,3167000.0
216,2021-10-20 07:23:18,7350.0,500.0,3166900.0
217,2021-10-20 07:23:18,7350.0,100.0,3166400.0
218,2021-10-20 07:23:18,7350.0,300.0,3166300.0
219,2021-10-20 07:23:18,7350.0,500.0,3166000.0
220,2021-10-20 07:23:18,7350.0,4000.0,3165500.0
221,2021-10-20 07:23:18,7360.0,500.0,3161500.0
222,2021-10-20 07:23:18,7360.0,200.0,3161000.0
223,2021-10-20 07:23:18,7360.0,100.0,3160800.0
224,2021-10-20 07:23:18,7360.0,100.0,3160700.0
225,2021-10-20 07:23:18,7360.0,1000.0,3160600.0
226,2021-10-20 07:23:18,7360.0,400.0,3159600.0
227,2021-10-20 07:23:18,7360.0,200.0,3159200.0
228,2021-10-20 07:23:18,7360.0,1000.0,3159000.0
229,2021-10-20 07:23:18,7360.0,100.0,3158000.0
230,2021-10-20 07:23:18,7360.0,2000.0,3157900.0
231,2021-10-20 07:23:18,7360.0,1500.0,3155900.0
232,2021-10-20 07:23:18,7360.0,100.0,3154400.0
233,2021-10-20 07:23:18,7360.0,6800.0,3154300.0
234,2021-10-20 07:23:12,7370.0,700.0,3147500.0
235,2021-10-20 07:23:12,7370.0,1000.0,3146800.0
236,2021-10-20 07:23:11,7370.0,5000.0,3145800.0
237,2021-10-20 07:23:01,7370.0,100.0,3140800.0
238,2021-10-20 07:23:01,7370.0,500.0,3140700.0
239,2021-10-20 07:22:57,7380.0,100.0,3140200.0
240,2021-10-20 07:22:52,7380.0,3400.0,3140100.0
241,2021-10-20 07:22:50,7380.0,500.0,3136700.0
242,2021-10-20 07:22:48,7370.0,1000.0,3136200.0
243,2021-10-20 07:22:46,7370.0,600.0,3135200.0
244,2021-10-20 07:22:46,7370.0,2000.0,3134600.0
245,2021-10-20 07:22:46,7370.0,2000.0,3132600.0
246,2021-10-20 07:22:46,7370.0,8200.0,3130600.0
247,2021-10-20 07:22:30,7380.0,300.0,3122400.0
248,2021-10-20 07:22:23,7380.0,100.0,3122100.0
249,2021-10-20 07:22:21,7370.0,500.0,3122000.0
250,2021-10-20 07:22:13,7370.0,4000.0,3121500.0
251,2021-10-20 07:22:13,7370.0,200.0,3117500.0
252,2021-10-20 07:22:13,7370.0,3000.0,3117300.0
253,2021-10-20 07:22:13,7370.0,4100.0,3114300.0
254,2021-10-20 07:22:10,7370.0,700.0,3110200.0
255,2021-10-20 07:22:08,7370.0,2700.0,3109500.0
256,2021-10-20 07:22:08,7370.0,2300.0,3106800.0
257,2021-10-20 07:21:57,7370.0,100.0,3104500.0
258,2021-10-20 07:21:56,7370.0,1900.0,3104400.0
259,2021-10-20 07:21:49,7360.0,1000.0,3102500.0
260,2021-10-20 07:21:49,7370.0,5700.0,3101500.0
261,2021-10-20 07:21:49,7370.0,4300.0,3095800.0
262,2021-10-20 07:21:45,7370.0,300.0,3091500.0
263,2021-10-20 07:21:37,7360.0,200.0,3091200.0
264,2021-10-20 07:21:31,7370.0,1000.0,3091000.0
265,2021-10-20 07:21:30,7360.0,2000.0,3090000.0
266,2021-10-20 07:21:24,7370.0,300.0,3088000.0
267,2021-10-20 07:21:18,7370.0,1000.0,3087700.0
268,2021-10-20 07:21:18,7370.0,2000.0,3086700.0
269,2021-10-20 07:21:18,7370.0,4100.0,3084700.0
270,2021-10-20 07:21:09,7370.0,300.0,3080600.0
271,2021-10-20 07:21:09,7370.0,2200.0,3080300.0
272,2021-10-20 07:21:05,7370.0,500.0,3078100.0
273,2021-10-20 07:21:05,7370.0,200.0,3077600.0
274,2021-10-20 07:21:05,7370.0,7100.0,3077400.0
275,2021-10-20 07:20:54,7370.0,2000.0,3070300.0
276,2021-10-20 07:20:51,7370.0,800.0,3068300.0
277,2021-10-20 07:20:45,7370.0,200.0,3067500.0
278,2021-10-20 07:20:36,7370.0,2000.0,3067300.0
279,2021-10-20 07:20:36,7370.0,12600.0,3065300.0
280,2021-10-20 07:20:36,7370.0,300.0,3052700.0
281,2021-10-20 07:20:33,7350.0,100.0,3052400.0
282,2021-10-20 07:20:14,7350.0,900.0,3052300.0
283,2021-10-20 07:20:14,7350.0,5000.0,3051400.0
284,2021-10-20 07:20:14,7350.0,200.0,3046400.0
285,2021-10-20 07:20:14,7350.0,1000.0,3046200.0
286,2021-10-20 07:20:14,7350.0,200.0,3045200.0
287,2021-10-20 07:20:14,7350.0,100.0,3045000.0
288,2021-10-20 07:20:14,7350.0,1000.0,3044900.0
289,2021-10-20 07:20:14,7350.0,500.0,3043900.0
290,2021-10-20 07:20:14,7350.0,100.0,3043400.0
291,2021-10-20 07:20:14,7350.0,100.0,3043300.0
292,2021-10-20 07:20:14,7350.0,900.0,3043200.0
293,2021-10-20 07:20:11,7370.0,1000.0,3042300.0
294,2021-10-20 07:20:06,7350.0,1100.0,3041300.0
295,2021-10-20 07:20:06,7350.0,1000.0,3040200.0
296,2021-10-20 07:20:06,7350.0,5000.0,3039200.0
297,2021-10-20 07:20:06,7350.0,100.0,3034200.0
298,2021-10-20 07:19:53,7350.0,200.0,3034100.0
299,2021-10-20 07:19:53,7350.0,200.0,3033900.0
300,2021-10-20 07:19:53,7350.0,1000.0,3033700.0
301,2021-10-20 07:19:53,7350.0,2000.0,3032700.0
302,2021-10-20 07:19:53,7350.0,3600.0,3030700.0
303,2021-10-20 07:19:50,7370.0,3000.0,3027100.0
304,2021-10-20 07:19:44,7350.0,6400.0,3024100.0
305,2021-10-20 07:19:44,7350.0,2000.0,3017700.0
306,2021-10-20 07:19:44,7350.0,200.0,3015700.0
307,2021-10-20 07:19:44,7350.0,900.0,3015500.0
308,2021-10-20 07:19:44,7360.0,100.0,3014600.0
309,2021-10-20 07:19:44,7360.0,5000.0,3014500.0
310,2021-10-20 07:19:44,7360.0,600.0,3009500.0
311,2021-10-20 07:19:44,7360.0,500.0,3008900.0
312,2021-10-20 07:19:44,7360.0,100.0,3008400.0
313,2021-10-20 07:19:44,7360.0,4000.0,3008300.0
314,2021-10-20 07:19:44,7360.0,5000.0,3004300.0
315,2021-10-20 07:19:44,7360.0,200.0,2999300.0
316,2021-10-20 07:19:43,7370.0,700.0,2999100.0
317,2021-10-20 07:19:43,7370.0,1500.0,2998400.0
318,2021-10-20 07:19:43,7370.0,1300.0,2996900.0
319,2021-10-20 07:19:43,7370.0,6500.0,2995600.0
320,2021-10-20 07:19:42,7370.0,100.0,2989100.0
321,2021-10-20 07:19:40,7370.0,100.0,2989000.0
322,2021-10-20 07:19:29,7370.0,2000.0,2988900.0
323,2021-10-20 07:19:29,7370.0,100.0,2986900.0
324,2021-10-20 07:19:29,7370.0,1200.0,2986800.0
325,2021-10-20 07:19:29,7380.0,200.0,2985600.0
326,2021-10-20 07:19:24,7380.0,5000.0,2985400.0
327,2021-10-20 07:19:22,7370.0,900.0,2980400.0
328,2021-10-20 07:19:09,7370.0,3000.0,2979500.0
329,2021-10-20 07:19:09,7370.0,4000.0,2976500.0
330,2021-10-20 07:19:09,7370.0,900.0,2972500.0
331,2021-10-20 07:18:46,7370.0,100.0,2971600.0
332,2021-10-20 07:18:39,7350.0,100.0,2971500.0
333,2021-10-20 07:18:39,7350.0,500.0,2971400.0
334,2021-10-20 07:18:39,7350.0,2000.0,2970900.0
335,2021-10-20 07:18:39,7350.0,5200.0,2968900.0
336,2021-10-20 07:18:39,7360.0,4500.0,2963700.0
337,2021-10-20 07:18:39,7360.0,700.0,2959200.0
338,2021-10-20 07:18:33,7360.0,200.0,2958500.0
339,2021-10-20 07:18:28,7360.0,100.0,2958300.0
340,2021-10-20 07:18:28,7370.0,100.0,2958200.0
341,2021-10-20 07:18:28,7370.0,500.0,2958100.0
342,2021-10-20 07:18:28,7370.0,100.0,2957600.0
343,2021-10-20 07:18:16,7380.0,500.0,2957500.0
344,2021-10-20 07:18:11,7350.0,4800.0,2957000.0
345,2021-10-20 07:18:11,7350.0,100.0,2952200.0
346,2021-10-20 07:18:11,7350.0,100.0,2952100.0
347,2021-10-20 07:18:11,7350.0,100.0,2952000.0
348,2021-10-20 07:18:11,7350.0,5000.0,2951900.0
349,2021-10-20 07:18:11,7360.0,200.0,2946900.0
350,2021-10-20 07:18:11,7360.0,300.0,2946700.0
351,2021-10-20 07:18:11,7360.0,100.0,2946400.0
352,2021-10-20 07:18:11,7360.0,500.0,2946300.0
353,2021-10-20 07:18:11,7360.0,5000.0,2945800.0
354,2021-10-20 07:18:11,7360.0,1500.0,2940800.0
355,2021-10-20 07:18:11,7360.0,3000.0,2939300.0
356,2021-10-20 07:18:11,7360.0,100.0,2936300.0
357,2021-10-20 07:18:11,7360.0,500.0,2936200.0
358,2021-10-20 07:18:11,7360.0,1000.0,2935700.0
359,2021-10-20 07:18:11,7360.0,200.0,2934700.0
360,2021-10-20 07:18:11,7360.0,100.0,2934500.0
361,2021-10-20 07:18:11,7360.0,1300.0,2934400.0
362,2021-10-20 07:18:11,7370.0,100.0,2933100.0
363,2021-10-20 07:18:11,7370.0,4900.0,2933000.0
364,2021-10-20 07:18:08,7370.0,100.0,2928100.0
365,2021-10-20 07:18:05,7370.0,100.0,2928000.0
366,2021-10-20 07:18:01,7370.0,4900.0,2927900.0
367,2021-10-20 07:17:58,7370.0,1000.0,2923000.0
368,2021-10-20 07:17:55,7370.0,100.0,2922000.0
369,2021-10-20 07:17:54,7370.0,4000.0,2921900.0
370,2021-10-20 07:17:54,7370.0,200.0,2917900.0
371,2021-10-20 07:17:54,7370.0,1000.0,2917700.0
372,2021-10-20 07:17:54,7370.0,4800.0,2916700.0
373,2021-10-20 07:17:50,7370.0,200.0,2911900.0
374,2021-10-20 07:17:48,7360.0,500.0,2911700.0
375,2021-10-20 07:17:48,7360.0,100.0,2911200.0
376,2021-10-20 07:17:39,7370.0,100.0,2911100.0
377,2021-10-20 07:17:24,7370.0,20000.0,2911000.0
378,2021-10-20 07:17:23,7370.0,100.0,2891000.0
379,2021-10-20 07:17:20,7380.0,200.0,2890900.0
380,2021-10-20 07:17:19,7360.0,800.0,2890700.0
381,2021-10-20 07:17:19,7360.0,500.0,2889900.0
382,2021-10-20 07:17:19,7370.0,100.0,2889400.0
383,2021-10-20 07:17:19,7370.0,500.0,2889300.0
384,2021-10-20 07:17:19,7370.0,1000.0,2888800.0
385,2021-10-20 07:17:19,7370.0,100.0,2887800.0
386,2021-10-20 07:17:09,7370.0,400.0,2887700.0
387,2021-10-20 07:17:04,7380.0,4800.0,2887300.0
388,2021-10-20 07:17:04,7380.0,5200.0,2882500.0
389,2021-10-20 07:17:01,7380.0,100.0,2877300.0
390,2021-10-20 07:16:57,7380.0,1000.0,2877200.0
391,2021-10-20 07:16:52,7380.0,500.0,2876200.0
392,2021-10-20 07:16:50,7380.0,300.0,2875700.0
393,2021-10-20 07:16:50,7380.0,2000.0,2875400.0
394,2021-10-20 07:16:50,7380.0,900.0,2873400.0
395,2021-10-20 07:16:46,7380.0,100.0,2872500.0
396,2021-10-20 07:16:46,7380.0,100.0,2872400.0
397,2021-10-20 07:16:46,7380.0,400.0,2872300.0
398,2021-10-20 07:16:46,7380.0,400.0,2871900.0
399,2021-10-20 07:16:46,7380.0,600.0,2871500.0
400,2021-10-20 07:16:46,7380.0,100.0,2870900.0
401,2021-10-20 07:16:43,7380.0,400.0,2870800.0
402,2021-10-20 07:16:43,7380.0,1000.0,2870400.0
403,2021-10-20 07:16:43,7380.0,4000.0,2869400.0
404,2021-10-20 07:16:43,7380.0,500.0,2865400.0
405,2021-10-20 07:16:43,7380.0,1200.0,2864900.0
406,2021-10-20 07:16:42,7380.0,100.0,2863700.0
407,2021-10-20 07:16:36,7380.0,1700.0,2863600.0
408,2021-10-20 07:16:36,7380.0,1200.0,2861900.0
409,2021-10-20 07:16:33,7390.0,100.0,2860700.0
410,2021-10-20 07:16:26,7380.0,800.0,2860600.0
411,2021-10-20 07:16:26,7380.0,100.0,2859800.0
412,2021-10-20 07:16:26,7380.0,100.0,2859700.0
413,2021-10-20 07:16:23,7380.0,4000.0,2859600.0
414,2021-10-20 07:16:19,7390.0,100.0,2855600.0
415,2021-10-20 07:16:18,7390.0,200.0,2855500.0
416,2021-10-20 07:16:17,7390.0,100.0,2855300.0
417,2021-10-20 07:16:17,7390.0,300.0,2855200.0
418,2021-10-20 07:16:17,7390.0,100.0,2854900.0
419,2021-10-20 07:16:17,7390.0,100.0,2854800.0
420,2021-10-20 07:16:17,7390.0,100.0,2854700.0
421,2021-10-20 07:16:17,7390.0,300.0,2854600.0
422,2021-10-20 07:16:17,7390.0,1400.0,2854300.0
423,2021-10-20 07:16:17,7390.0,100.0,2852900.0
424,2021-10-20 07:16:06,7400.0,1000.0,2852800.0
425,2021-10-20 07:16:06,7400.0,100.0,2851800.0
426,2021-10-20 07:16:06,7400.0,400.0,2851700.0
427,2021-10-20 07:16:06,7400.0,100.0,2851300.0
428,2021-10-20 07:16:06,7400.0,200.0,2851200.0
429,2021-10-20 07:16:06,7400.0,200.0,2851000.0
430,2021-10-20 07:16:06,7400.0,100.0,2850800.0
431,2021-10-20 07:16:06,7400.0,100.0,2850700.0
432,2021-10-20 07:16:06,7400.0,1500.0,2850600.0
433,2021-10-20 07:16:05,7400.0,8500.0,2849100.0
434,2021-10-20 07:16:05,7400.0,300.0,2840600.0
435,2021-10-20 07:16:05,7400.0,100.0,2840300.0
436,2021-10-20 07:16:05,7400.0,1000.0,2840200.0
437,2021-10-20 07:16:05,7400.0,1000.0,2839200.0
438,2021-10-20 07:16:05,7400.0,100.0,2838200.0
439,2021-10-20 07:16:05,7400.0,100.0,2838100.0
440,2021-10-20 07:16:05,7400.0,500.0,2838000.0
441,2021-10-20 07:16:05,7400.0,500.0,2837500.0
442,2021-10-20 07:16:05,7400.0,1000.0,2837000.0
443,2021-10-20 07:16:05,7400.0,2000.0,2836000.0
444,2021-10-20 07:16:05,7400.0,2000.0,2834000.0
445,2021-10-20 07:16:05,7400.0,1000.0,2832000.0
446,2021-10-20 07:16:05,7400.0,200.0,2831000.0
447,2021-10-20 07:16:05,7400.0,1000.0,2830800.0
448,2021-10-20 07:16:05,7400.0,500.0,2829800.0
449,2021-10-20 07:16:05,7400.0,200.0,2829300.0
450,2021-10-20 07:16:03,7400.0,200.0,2829100.0
451,2021-10-20 07:16:03,7400.0,100.0,2828900.0
452,2021-10-20 07:16:03,7400.0,100.0,2828800.0
453,2021-10-20 07:16:03,7400.0,100.0,2828700.0
454,2021-10-20 07:16:03,7400.0,100.0,2828600.0
455,2021-10-20 07:16:03,7400.0,100.0,2828500.0
456,2021-10-20 07:16:03,7400.0,500.0,2828400.0
457,2021-10-20 07:16:03,7400.0,200.0,2827900.0
458,2021-10-20 07:16:03,7400.0,100.0,2827700.0
459,2021-10-20 07:16:03,7400.0,1000.0,2827600.0
460,2021-10-20 07:16:03,7400.0,1000.0,2826600.0
461,2021-10-20 07:16:03,7400.0,200.0,2825600.0
462,2021-10-20 07:16:03,7400.0,200.0,2825400.0
463,2021-10-20 07:16:03,7400.0,200.0,2825200.0
464,2021-10-20 07:16:03,7400.0,1300.0,2825000.0
465,2021-10-20 07:16:03,7400.0,1000.0,2823700.0
466,2021-10-20 07:16:03,7400.0,100.0,2822700.0
467,2021-10-20 07:16:03,7400.0,2000.0,2822600.0
468,2021-10-20 07:16:03,7400.0,100.0,2820600.0
469,2021-10-20 07:16:03,7400.0,1600.0,2820500.0
470,2021-10-20 07:15:57,7400.0,1500.0,2818900.0
471,2021-10-20 07:15:56,7400.0,900.0,2817400.0
472,2021-10-20 07:15:56,7400.0,100.0,2816500.0
473,2021-10-20 07:15:56,7400.0,900.0,2816400.0
474,2021-10-20 07:15:56,7400.0,300.0,2815500.0
475,2021-10-20 07:15:56,7400.0,300.0,2815200.0
476,2021-10-20 07:15:56,7400.0,100.0,2814900.0
477,2021-10-20 07:15:56,7400.0,100.0,2814800.0
478,2021-10-20 07:15:56,7400.0,100.0,2814700.0
479,2021-10-20 07:15:56,7400.0,2000.0,2814600.0
480,2021-10-20 07:15:56,7400.0,1000.0,2812600.0
481,2021-10-20 07:15:56,7400.0,300.0,2811600.0
482,2021-10-20 07:15:56,7400.0,3000.0,2811300.0
483,2021-10-20 07:15:56,7400.0,1000.0,2808300.0
484,2021-10-20 07:15:56,7400.0,2000.0,2807300.0
485,2021-10-20 07:15:56,7400.0,100.0,2805300.0
486,2021-10-20 07:15:56,7400.0,10000.0,2805200.0
487,2021-10-20 07:15:56,7400.0,1000.0,2795200.0
488,2021-10-20 07:15:56,7400.0,1000.0,2794200.0
489,2021-10-20 07:15:56,7400.0,500.0,2793200.0
490,2021-10-20 07:15:56,7400.0,200.0,2792700.0
491,2021-10-20 07:15:56,7400.0,500.0,2792500.0
492,2021-10-20 07:15:56,7400.0,2000.0,2792000.0
493,2021-10-20 07:15:56,7400.0,500.0,2790000.0
494,2021-10-20 07:15:56,7400.0,400.0,2789500.0
495,2021-10-20 07:15:56,7400.0,100.0,2789100.0
496,2021-10-20 07:15:56,7400.0,500.0,2789000.0
497,2021-10-20 07:15:56,7400.0,3000.0,2788500.0
498,2021-10-20 07:15:56,7400.0,100.0,2785500.0
499,2021-10-20 07:15:56,7400.0,500.0,2785400.0
500,2021-10-20 07:15:56,7400.0,100.0,2784900.0
501,2021-10-20 07:15:56,7400.0,1000.0,2784800.0
502,2021-10-20 07:15:56,7400.0,100.0,2783800.0
503,2021-10-20 07:15:56,7400.0,500.0,2783700.0
504,2021-10-20 07:15:56,7400.0,100.0,2783200.0
505,2021-10-20 07:15:56,7400.0,200.0,2783100.0
506,2021-10-20 07:15:56,7400.0,15500.0,2782900.0
507,2021-10-20 07:15:54,7400.0,3500.0,2767400.0
508,2021-10-20 07:15:54,7400.0,300.0,2763900.0
509,2021-10-20 07:15:54,7400.0,5000.0,2763600.0
510,2021-10-20 07:15:54,7400.0,500.0,2758600.0
511,2021-10-20 07:15:52,7400.0,1900.0,2758100.0
512,2021-10-20 07:15:52,7400.0,5000.0,2756200.0
513,2021-10-20 07:15:52,7400.0,100.0,2751200.0
514,2021-10-20 07:15:52,7400.0,100.0,2751100.0
515,2021-10-20 07:15:52,7400.0,2000.0,2751000.0
516,2021-10-20 07:15:52,7400.0,100.0,2749000.0
517,2021-10-20 07:15:52,7400.0,500.0,2748900.0
518,2021-10-20 07:15:52,7400.0,300.0,2748400.0
519,2021-10-20 07:15:51,7400.0,700.0,2748100.0
520,2021-10-20 07:15:51,7400.0,1000.0,2747400.0
521,2021-10-20 07:15:51,7400.0,100.0,2746400.0
522,2021-10-20 07:15:51,7400.0,200.0,2746300.0
523,2021-10-20 07:15:50,7400.0,100.0,2746100.0
524,2021-10-20 07:15:50,7400.0,300.0,2746000.0
525,2021-10-20 07:15:50,7400.0,100.0,2745700.0
526,2021-10-20 07:15:50,7400.0,300.0,2745600.0
527,2021-10-20 07:15:50,7400.0,100.0,2745300.0
528,2021-10-20 07:15:50,7400.0,1000.0,2745200.0
529,2021-10-20 07:15:40,7410.0,100.0,2744200.0
530,2021-10-20 07:15:38,7410.0,200.0,2744100.0
531,2021-10-20 07:15:38,7410.0,100.0,2743900.0
532,2021-10-20 07:15:38,7410.0,100.0,2743800.0
533,2021-10-20 07:15:38,7410.0,3000.0,2743700.0
534,2021-10-20 07:15:38,7410.0,11000.0,2740700.0
535,2021-10-20 07:15:35,7410.0,9000.0,2729700.0
536,2021-10-20 07:15:35,7410.0,100.0,2720700.0
537,2021-10-20 07:15:35,7410.0,200.0,2720600.0
538,2021-10-20 07:15:35,7410.0,100.0,2720400.0
539,2021-10-20 07:15:35,7410.0,100.0,2720300.0
540,2021-10-20 07:15:35,7410.0,500.0,2720200.0
541,2021-10-20 07:15:35,7410.0,500.0,2719700.0
542,2021-10-20 07:15:35,7410.0,5000.0,2719200.0
543,2021-10-20 07:15:35,7410.0,100.0,2714200.0
544,2021-10-20 07:15:35,7410.0,4400.0,2714100.0
545,2021-10-20 07:15:33,7410.0,20000.0,2709700.0
546,2021-10-20 07:15:32,7410.0,15000.0,2689700.0
547,2021-10-20 07:15:31,7410.0,10600.0,2674700.0
548,2021-10-20 07:15:31,7410.0,100.0,2664100.0
549,2021-10-20 07:15:31,7410.0,500.0,2664000.0
550,2021-10-20 07:15:31,7410.0,100.0,2663500.0
551,2021-10-20 07:15:31,7410.0,1000.0,2663400.0
552,2021-10-20 07:15:31,7410.0,100.0,2662400.0
553,2021-10-20 07:15:31,7410.0,100.0,2662300.0
554,2021-10-20 07:15:31,7410.0,100.0,2662200.0
555,2021-10-20 07:15:31,7410.0,7400.0,2662100.0
556,2021-10-20 07:15:27,7410.0,40000.0,2654700.0
557,2021-10-20 07:15:25,7410.0,7600.0,2614700.0
558,2021-10-20 07:15:25,7410.0,500.0,2607100.0
559,2021-10-20 07:15:25,7410.0,2000.0,2606600.0
560,2021-10-20 07:15:25,7410.0,1000.0,2604600.0
561,2021-10-20 07:15:25,7410.0,5000.0,2603600.0
562,2021-10-20 07:15:25,7410.0,500.0,2598600.0
563,2021-10-20 07:15:25,7410.0,4000.0,2598100.0
564,2021-10-20 07:15:25,7410.0,200.0,2594100.0
565,2021-10-20 07:15:25,7410.0,100.0,2593900.0
566,2021-10-20 07:15:25,7410.0,100.0,2593800.0
567,2021-10-20 07:15:25,7410.0,3000.0,2593700.0
568,2021-10-20 07:15:15,7410.0,3900.0,2590700.0
569,2021-10-20 07:15:15,7410.0,300.0,2586800.0
570,2021-10-20 07:15:15,7410.0,1000.0,2586500.0
571,2021-10-20 07:15:15,7410.0,400.0,2585500.0
572,2021-10-20 07:15:12,7420.0,200.0,2585100.0
573,2021-10-20 07:15:05,7420.0,200.0,2584900.0
574,2021-10-20 07:15:05,7420.0,100.0,2584700.0
575,2021-10-20 07:15:05,7420.0,100.0,2584600.0
576,2021-10-20 07:15:05,7420.0,100.0,2584500.0
577,2021-10-20 07:15:05,7420.0,100.0,2584400.0
578,2021-10-20 07:15:05,7420.0,500.0,2584300.0
579,2021-10-20 07:15:05,7420.0,2000.0,2583800.0
580,2021-10-20 07:15:05,7420.0,500.0,2581800.0
581,2021-10-20 07:15:05,7420.0,25000.0,2581300.0
582,2021-10-20 07:15:05,7420.0,400.0,2556300.0
583,2021-10-20 07:15:05,7420.0,300.0,2555900.0
584,2021-10-20 07:15:05,7420.0,200.0,2555600.0
585,2021-10-20 07:15:05,7420.0,200.0,2555400.0
586,2021-10-20 07:15:05,7420.0,100.0,2555200.0
587,2021-10-20 07:15:05,7420.0,100.0,2555100.0
588,2021-10-20 07:15:05,7420.0,2000.0,2555000.0
589,2021-10-20 07:15:05,7420.0,100.0,2553000.0
590,2021-10-20 07:15:05,7420.0,300.0,2552900.0
591,2021-10-20 07:15:05,7420.0,500.0,2552600.0
592,2021-10-20 07:15:05,7420.0,3000.0,2552100.0
593,2021-10-20 07:15:05,7420.0,3200.0,2549100.0
594,2021-10-20 07:14:59,7430.0,200.0,2545900.0
595,2021-10-20 07:14:34,7430.0,2000.0,2545700.0
596,2021-10-20 07:14:34,7430.0,200.0,2543700.0
597,2021-10-20 07:14:34,7430.0,1000.0,2543500.0
598,2021-10-20 07:14:34,7430.0,4000.0,2542500.0
599,2021-10-20 07:14:34,7430.0,500.0,2538500.0
600,2021-10-20 07:14:34,7430.0,5000.0,2538000.0
601,2021-10-20 07:14:34,7430.0,100.0,2533000.0
602,2021-10-20 07:14:34,7430.0,100.0,2532900.0
603,2021-10-20 07:14:34,7430.0,400.0,2532800.0
604,2021-10-20 07:14:34,7430.0,1000.0,2532400.0
605,2021-10-20 07:14:34,7430.0,5000.0,2531400.0
606,2021-10-20 07:14:34,7430.0,1300.0,2526400.0
607,2021-10-20 07:14:23,7430.0,1000.0,2525100.0
608,2021-10-20 07:14:20,7430.0,2000.0,2524100.0
609,2021-10-20 07:14:13,7440.0,300.0,2522100.0
610,2021-10-20 07:14:12,7430.0,100.0,2521800.0
611,2021-10-20 07:14:03,7440.0,100.0,2521700.0
612,2021-10-20 07:13:45,7440.0,100.0,2521600.0
613,2021-10-20 07:13:36,7440.0,1000.0,2521500.0
614,2021-10-20 07:13:28,7440.0,200.0,2520500.0
615,2021-10-20 07:13:22,7440.0,200.0,2520300.0
616,2021-10-20 07:13:13,7440.0,200.0,2520100.0
617,2021-10-20 07:13:02,7440.0,100.0,2519900.0
618,2021-10-20 07:12:59,7440.0,1000.0,2519800.0
619,2021-10-20 07:12:55,7440.0,500.0,2518800.0
620,2021-10-20 07:12:13,7440.0,3700.0,2518300.0
621,2021-10-20 07:12:12,7430.0,2000.0,2514600.0
622,2021-10-20 07:11:51,7440.0,1100.0,2512600.0
623,2021-10-20 07:11:28,7440.0,200.0,2511500.0
624,2021-10-20 07:11:28,7440.0,800.0,2511300.0
625,2021-10-20 07:11:28,7440.0,100.0,2510500.0
626,2021-10-20 07:11:28,7440.0,200.0,2510400.0
627,2021-10-20 07:11:28,7440.0,100.0,2510200.0
628,2021-10-20 07:11:28,7440.0,300.0,2510100.0
629,2021-10-20 07:11:28,7440.0,200.0,2509800.0
630,2021-10-20 07:11:28,7440.0,20000.0,2509600.0
631,2021-10-20 07:11:28,7440.0,100.0,2489600.0
632,2021-10-20 07:11:28,7440.0,200.0,2489500.0
633,2021-10-20 07:11:28,7440.0,100.0,2489300.0
634,2021-10-20 07:11:28,7440.0,100.0,2489200.0
635,2021-10-20 07:11:28,7440.0,600.0,2489100.0
636,2021-10-20 07:10:53,7440.0,700.0,2488500.0
637,2021-10-20 07:10:15,7450.0,100.0,2487800.0
638,2021-10-20 07:10:09,7440.0,2000.0,2487700.0
639,2021-10-20 07:07:33,7450.0,100.0,2485700.0
640,2021-10-20 07:07:06,7450.0,100.0,2485600.0
641,2021-10-20 07:06:58,7440.0,1100.0,2485500.0
642,2021-10-20 07:06:26,7440.0,1000.0,2484400.0
643,2021-10-20 07:06:20,7440.0,4600.0,2483400.0
644,2021-10-20 07:06:20,7440.0,5400.0,2478800.0
645,2021-10-20 07:06:11,7440.0,2000.0,2473400.0
646,2021-10-20 07:06:00,7440.0,7000.0,2471400.0
647,2021-10-20 07:04:51,7440.0,5600.0,2464400.0
648,2021-10-20 07:04:51,7440.0,200.0,2458800.0
649,2021-10-20 07:04:51,7440.0,100.0,2458600.0
650,2021-10-20 07:04:51,7440.0,200.0,2458500.0
651,2021-10-20 07:04:39,7440.0,300.0,2458300.0
652,2021-10-20 07:04:39,7440.0,300.0,2458000.0
653,2021-10-20 07:04:39,7440.0,200.0,2457700.0
654,2021-10-20 07:04:39,7440.0,3700.0,2457500.0
655,2021-10-20 07:04:04,7440.0,1000.0,2453800.0
656,2021-10-20 07:03:52,7440.0,3000.0,2452800.0
657,2021-10-20 07:03:50,7440.0,2300.0,2449800.0
658,2021-10-20 07:03:50,7440.0,17700.0,2447500.0
659,2021-10-20 07:03:23,7440.0,1000.0,2429800.0
660,2021-10-20 07:02:50,7440.0,1000.0,2428800.0
661,2021-10-20 07:01:58,7440.0,300.0,2427800.0
662,2021-10-20 07:01:37,7440.0,10000.0,2427500.0
663,2021-10-20 07:01:35,7440.0,100.0,2417500.0
664,2021-10-20 07:01:25,7440.0,1000.0,2417400.0
665,2021-10-20 07:01:15,7440.0,300.0,2416400.0
666,2021-10-20 07:01:07,7440.0,1200.0,2416100.0
667,2021-10-20 07:01:06,7440.0,300.0,2414900.0
668,2021-10-20 07:00:53,7440.0,1700.0,2414600.0
669,2021-10-20 07:00:41,7440.0,2000.0,2412900.0
670,2021-10-20 07:00:41,7440.0,100.0,2410900.0
671,2021-10-20 07:00:39,7440.0,1000.0,2410800.0
672,2021-10-20 07:00:10,7440.0,2000.0,2409800.0
673,2021-10-20 06:59:48,7440.0,1000.0,2407800.0
674,2021-10-20 06:59:48,7440.0,12000.0,2406800.0
675,2021-10-20 06:59:43,7440.0,500.0,2394800.0
676,2021-10-20 06:59:40,7440.0,300.0,2394300.0
677,2021-10-20 06:58:29,7440.0,200.0,2394000.0
678,2021-10-20 06:58:29,7440.0,5000.0,2393800.0
679,2021-10-20 06:58:29,7440.0,1000.0,2388800.0
680,2021-10-20 06:58:29,7440.0,300.0,2387800.0
681,2021-10-20 06:58:29,7440.0,200.0,2387500.0
682,2021-10-20 06:58:29,7440.0,300.0,2387300.0
683,2021-10-20 06:58:29,7440.0,200.0,2387000.0
684,2021-10-20 06:57:28,7450.0,400.0,2386800.0
685,2021-10-20 06:57:05,7450.0,300.0,2386400.0
686,2021-10-20 06:56:47,7450.0,1000.0,2386100.0
687,2021-10-20 06:56:35,7450.0,19500.0,2385100.0
688,2021-10-20 06:56:35,7450.0,500.0,2365600.0
689,2021-10-20 06:56:28,7450.0,500.0,2365100.0
690,2021-10-20 06:55:45,7450.0,1000.0,2364600.0
691,2021-10-20 06:55:10,7450.0,1000.0,2363600.0
692,2021-10-20 06:55:10,7450.0,500.0,2362600.0
693,2021-10-20 06:55:10,7450.0,5000.0,2362100.0
694,2021-10-20 06:55:07,7450.0,500.0,2357100.0
695,2021-10-20 06:54:41,7450.0,3000.0,2356600.0
696,2021-10-20 06:54:11,7430.0,1700.0,2353600.0
697,2021-10-20 06:54:11,7430.0,1900.0,2351900.0
698,2021-10-20 06:54:11,7430.0,2100.0,2350000.0
699,2021-10-20 06:54:05,7430.0,300.0,2347900.0
700,2021-10-20 06:54:05,7420.0,1800.0,2347600.0
701,2021-10-20 06:54:05,7420.0,200.0,2345800.0
702,2021-10-20 06:54:01,7430.0,5000.0,2345600.0
703,2021-10-20 06:53:39,7430.0,100.0,2340600.0
704,2021-10-20 06:53:20,7430.0,500.0,2340500.0
705,2021-10-20 06:53:20,7430.0,100.0,2340000.0
706,2021-10-20 06:53:20,7430.0,100.0,2339900.0
707,2021-10-20 06:53:20,7430.0,100.0,2339800.0
708,2021-10-20 06:53:20,7430.0,100.0,2339700.0
709,2021-10-20 06:53:20,7430.0,1000.0,2339600.0
710,2021-10-20 06:53:20,7430.0,100.0,2338600.0
711,2021-10-20 06:53:20,7430.0,100.0,2338500.0
712,2021-10-20 06:53:20,7430.0,500.0,2338400.0
713,2021-10-20 06:53:20,7430.0,2000.0,2337900.0
714,2021-10-20 06:53:20,7430.0,500.0,2335900.0
715,2021-10-20 06:53:20,7430.0,100.0,2335400.0
716,2021-10-20 06:53:20,7430.0,100.0,2335300.0
717,2021-10-20 06:53:20,7430.0,300.0,2335200.0
718,2021-10-20 06:52:48,7430.0,1000.0,2334900.0
719,2021-10-20 06:52:11,7460.0,100.0,2333900.0
720,2021-10-20 06:51:58,7430.0,100.0,2333800.0
721,2021-10-20 06:51:58,7430.0,1000.0,2333700.0
722,2021-10-20 06:51:58,7430.0,500.0,2332700.0
723,2021-10-20 06:51:58,7440.0,100.0,2332200.0
724,2021-10-20 06:51:58,7440.0,500.0,2332100.0
725,2021-10-20 06:51:58,7440.0,100.0,2331600.0
726,2021-10-20 06:51:58,7440.0,500.0,2331500.0
727,2021-10-20 06:51:58,7440.0,500.0,2331000.0
728,2021-10-20 06:51:58,7440.0,100.0,2330500.0
729,2021-10-20 06:51:58,7440.0,5000.0,2330400.0
730,2021-10-20 06:51:58,7440.0,500.0,2325400.0
731,2021-10-20 06:51:58,7440.0,100.0,2324900.0
732,2021-10-20 06:51:58,7440.0,100.0,2324800.0
733,2021-10-20 06:51:58,7440.0,100.0,2324700.0
734,2021-10-20 06:51:58,7440.0,500.0,2324600.0
735,2021-10-20 06:51:58,7440.0,3600.0,2324100.0
736,2021-10-20 06:51:58,7450.0,300.0,2320500.0
737,2021-10-20 06:51:58,7450.0,400.0,2320200.0
738,2021-10-20 06:51:52,7450.0,300.0,2319800.0
739,2021-10-20 06:51:52,7450.0,100.0,2319500.0
740,2021-10-20 06:51:52,7450.0,4200.0,2319400.0
741,2021-10-20 06:51:50,7440.0,1000.0,2315200.0
742,2021-10-20 06:51:46,7450.0,100.0,2314200.0
743,2021-10-20 06:51:45,7450.0,100.0,2314100.0
744,2021-10-20 06:51:29,7450.0,400.0,2314000.0
745,2021-10-20 06:51:25,7440.0,400.0,2313600.0
746,2021-10-20 06:51:25,7440.0,100.0,2313200.0
747,2021-10-20 06:51:25,7440.0,500.0,2313100.0
748,2021-10-20 06:51:23,7450.0,1000.0,2312600.0
749,2021-10-20 06:51:23,7440.0,1000.0,2311600.0
750,2021-10-20 06:51:14,7450.0,100.0,2310600.0
751,2021-10-20 06:51:09,7440.0,1500.0,2310500.0
752,2021-10-20 06:51:09,7440.0,100.0,2309000.0
753,2021-10-20 06:51:09,7440.0,400.0,2308900.0
754,2021-10-20 06:50:51,7450.0,10000.0,2308500.0
755,2021-10-20 06:50:51,7450.0,100.0,2298500.0
756,2021-10-20 06:50:51,7450.0,200.0,2298400.0
757,2021-10-20 06:50:51,7450.0,1000.0,2298200.0
758,2021-10-20 06:50:51,7450.0,100.0,2297200.0
759,2021-10-20 06:50:51,7450.0,1500.0,2297100.0
760,2021-10-20 06:50:51,7450.0,300.0,2295600.0
761,2021-10-20 06:50:51,7450.0,500.0,2295300.0
762,2021-10-20 06:50:51,7450.0,300.0,2294800.0
763,2021-10-20 06:50:51,7450.0,100.0,2294500.0
764,2021-10-20 06:50:50,7460.0,100.0,2294400.0
765,2021-10-20 06:50:48,7460.0,400.0,2294300.0
766,2021-10-20 06:50:44,7450.0,400.0,2293900.0
767,2021-10-20 06:50:44,7450.0,500.0,2293500.0
768,2021-10-20 06:50:44,7450.0,100.0,2293000.0
769,2021-10-20 06:50:37,7450.0,300.0,2292900.0
770,2021-10-20 06:50:22,7450.0,200.0,2292600.0
771,2021-10-20 06:50:13,7450.0,4400.0,2292400.0
772,2021-10-20 06:50:13,7450.0,200.0,2288000.0
773,2021-10-20 06:50:13,7450.0,400.0,2287800.0
774,2021-10-20 06:50:13,7450.0,1000.0,2287400.0
775,2021-10-20 06:50:13,7450.0,400.0,2286400.0
776,2021-10-20 06:50:12,7450.0,300.0,2286000.0
777,2021-10-20 06:49:36,7450.0,10000.0,2285700.0
778,2021-10-20 06:49:35,7450.0,1300.0,2275700.0
779,2021-10-20 06:49:35,7450.0,3000.0,2274400.0
780,2021-10-20 06:49:35,7450.0,100.0,2271400.0
781,2021-10-20 06:49:35,7450.0,200.0,2271300.0
782,2021-10-20 06:49:35,7450.0,1500.0,2271100.0
783,2021-10-20 06:49:35,7450.0,1000.0,2269600.0
784,2021-10-20 06:49:35,7450.0,300.0,2268600.0
785,2021-10-20 06:49:35,7450.0,500.0,2268300.0
786,2021-10-20 06:49:35,7450.0,500.0,2267800.0
787,2021-10-20 06:49:35,7450.0,500.0,2267300.0
788,2021-10-20 06:49:35,7450.0,1000.0,2266800.0
789,2021-10-20 06:49:35,7450.0,100.0,2265800.0
790,2021-10-20 06:49:21,7450.0,800.0,2265700.0
791,2021-10-20 06:49:21,7450.0,100.0,2264900.0
792,2021-10-20 06:49:21,7450.0,300.0,2264800.0
793,2021-10-20 06:49:21,7450.0,100.0,2264500.0
794,2021-10-20 06:49:21,7450.0,10000.0,2264400.0
795,2021-10-20 06:49:21,7450.0,100.0,2254400.0
796,2021-10-20 06:49:21,7450.0,200.0,2254300.0
797,2021-10-20 06:49:21,7450.0,2000.0,2254100.0
798,2021-10-20 06:49:21,7450.0,100.0,2252100.0
799,2021-10-20 06:49:21,7450.0,300.0,2252000.0
800,2021-10-20 06:49:21,7450.0,500.0,2251700.0
801,2021-10-20 06:49:21,7450.0,500.0,2251200.0
802,2021-10-20 06:49:21,7450.0,500.0,2250700.0
803,2021-10-20 06:49:21,7450.0,1100.0,2250200.0
804,2021-10-20 06:49:21,7450.0,22200.0,2249100.0
805,2021-10-20 06:49:21,7450.0,500.0,2226900.0
806,2021-10-20 06:49:21,7450.0,500.0,2226400.0
807,2021-10-20 06:49:21,7450.0,100.0,2225900.0
808,2021-10-20 06:49:21,7450.0,1000.0,2225800.0
809,2021-10-20 06:49:21,7450.0,200.0,2224800.0
810,2021-10-20 06:49:21,7450.0,200.0,2224600.0
811,2021-10-20 06:49:21,7450.0,100.0,2224400.0
812,2021-10-20 06:49:21,7450.0,100.0,2224300.0
813,2021-10-20 06:49:21,7450.0,3000.0,2224200.0
814,2021-10-20 06:49:21,7450.0,100.0,2221200.0
815,2021-10-20 06:49:21,7450.0,500.0,2221100.0
816,2021-10-20 06:49:21,7450.0,1000.0,2220600.0
817,2021-10-20 06:49:21,7450.0,100.0,2219600.0
818,2021-10-20 06:49:21,7450.0,300.0,2219500.0
819,2021-10-20 06:49:21,7450.0,500.0,2219200.0
820,2021-10-20 06:49:21,7450.0,3000.0,2218700.0
821,2021-10-20 06:48:24,7460.0,100.0,2215700.0
822,2021-10-20 06:47:41,7460.0,100.0,2215600.0
823,2021-10-20 06:47:30,7460.0,100.0,2215500.0
824,2021-10-20 06:47:27,7460.0,10000.0,2215400.0
825,2021-10-20 06:47:27,7460.0,200.0,2205400.0
826,2021-10-20 06:47:27,7460.0,4300.0,2205200.0
827,2021-10-20 06:46:23,7470.0,500.0,2200900.0
828,2021-10-20 06:46:18,7460.0,2000.0,2200400.0
829,2021-10-20 06:46:06,7460.0,18700.0,2198400.0
830,2021-10-20 06:46:06,7460.0,100.0,2179700.0
831,2021-10-20 06:46:06,7460.0,100.0,2179600.0
832,2021-10-20 06:46:06,7460.0,1100.0,2179500.0
833,2021-10-20 06:45:56,7460.0,8900.0,2178400.0
834,2021-10-20 06:45:56,7460.0,500.0,2169500.0
835,2021-10-20 06:45:56,7460.0,200.0,2169000.0
836,2021-10-20 06:45:56,7460.0,20400.0,2168800.0
837,2021-10-20 06:45:41,7460.0,100.0,2148400.0
838,2021-10-20 06:45:31,7470.0,800.0,2148300.0
839,2021-10-20 06:44:58,7460.0,4500.0,2147500.0
840,2021-10-20 06:44:58,7460.0,100.0,2143000.0
841,2021-10-20 06:44:58,7460.0,100.0,2142900.0
842,2021-10-20 06:44:58,7460.0,400.0,2142800.0
843,2021-10-20 06:44:33,7460.0,49600.0,2142400.0
844,2021-10-20 06:44:33,7460.0,200.0,2092800.0
845,2021-10-20 06:44:33,7460.0,100.0,2092600.0
846,2021-10-20 06:44:33,7460.0,100.0,2092500.0
847,2021-10-20 06:44:33,7460.0,600.0,2092400.0
848,2021-10-20 06:44:33,7460.0,100.0,2091800.0
849,2021-10-20 06:44:33,7460.0,1500.0,2091700.0
850,2021-10-20 06:44:33,7460.0,500.0,2090200.0
851,2021-10-20 06:44:33,7460.0,2000.0,2089700.0
852,2021-10-20 06:44:33,7460.0,2000.0,2087700.0
853,2021-10-20 06:44:33,7460.0,3000.0,2085700.0
854,2021-10-20 06:44:33,7460.0,200.0,2082700.0
855,2021-10-20 06:44:33,7460.0,100.0,2082500.0
856,2021-10-20 06:44:02,7470.0,3000.0,2082400.0
857,2021-10-20 06:44:00,7470.0,100.0,2079400.0
858,2021-10-20 06:44:00,7470.0,100.0,2079300.0
859,2021-10-20 06:44:00,7470.0,1300.0,2079200.0
860,2021-10-20 06:43:26,7470.0,1100.0,2077900.0
861,2021-10-20 06:43:14,7470.0,10000.0,2076800.0
862,2021-10-20 06:42:58,7470.0,400.0,2066800.0
863,2021-10-20 06:42:58,7470.0,1000.0,2066400.0
864,2021-10-20 06:42:58,7470.0,1000.0,2065400.0
865,2021-10-20 06:42:58,7470.0,100.0,2064400.0
866,2021-10-20 06:42:58,7470.0,1000.0,2064300.0
867,2021-10-20 06:42:58,7470.0,5000.0,2063300.0
868,2021-10-20 06:42:58,7470.0,2000.0,2058300.0
869,2021-10-20 06:42:58,7470.0,2100.0,2056300.0
870,2021-10-20 06:42:50,7470.0,600.0,2054200.0
871,2021-10-20 06:42:35,7470.0,25000.0,2053600.0
872,2021-10-20 06:42:30,7470.0,200.0,2028600.0
873,2021-10-20 06:42:17,7470.0,100.0,2028400.0
874,2021-10-20 06:41:51,7470.0,200.0,2028300.0
875,2021-10-20 06:41:23,7470.0,1000.0,2028100.0
876,2021-10-20 06:41:23,7470.0,800.0,2027100.0
877,2021-10-20 06:41:16,7470.0,18000.0,2026300.0
878,2021-10-20 06:40:52,7470.0,1000.0,2008300.0
879,2021-10-20 06:40:52,7470.0,400.0,2007300.0
880,2021-10-20 06:40:52,7470.0,1000.0,2006900.0
881,2021-10-20 06:40:52,7470.0,3800.0,2005900.0
882,2021-10-20 06:40:29,7470.0,100.0,2002100.0
883,2021-10-20 06:40:17,7460.0,100.0,2002000.0
884,2021-10-20 06:40:17,7460.0,100.0,2001900.0
885,2021-10-20 06:40:17,7460.0,100.0,2001800.0
886,2021-10-20 06:40:17,7460.0,700.0,2001700.0
887,2021-10-20 06:40:04,7470.0,200.0,2001000.0
888,2021-10-20 06:40:04,7470.0,9800.0,2000800.0
889,2021-10-20 06:39:41,7460.0,100.0,1991000.0
890,2021-10-20 06:39:21,7470.0,2000.0,1990900.0
891,2021-10-20 06:39:21,7470.0,1000.0,1988900.0
892,2021-10-20 06:39:21,7470.0,100.0,1987900.0
893,2021-10-20 06:39:21,7470.0,1000.0,1987800.0
894,2021-10-20 06:39:21,7470.0,300.0,1986800.0
895,2021-10-20 06:39:21,7470.0,15800.0,1986500.0
896,2021-10-20 06:37:30,7490.0,100.0,1970700.0
897,2021-10-20 06:37:26,7470.0,34200.0,1970600.0
898,2021-10-20 06:37:26,7470.0,200.0,1936400.0
899,2021-10-20 06:37:26,7470.0,600.0,1936200.0
900,2021-10-20 06:35:28,7470.0,400.0,1935600.0
901,2021-10-20 06:35:28,7470.0,100.0,1935200.0
902,2021-10-20 06:35:28,7480.0,500.0,1935100.0
903,2021-10-20 06:35:18,7480.0,2300.0,1934600.0
904,2021-10-20 06:35:18,7480.0,500.0,1932300.0
905,2021-10-20 06:35:18,7480.0,200.0,1931800.0
906,2021-10-20 06:34:52,7480.0,1000.0,1931600.0
907,2021-10-20 06:34:38,7480.0,100.0,1930600.0
908,2021-10-20 06:34:25,7480.0,100.0,1930500.0
909,2021-10-20 06:34:25,7480.0,300.0,1930400.0
910,2021-10-20 06:34:20,7480.0,100.0,1930100.0
911,2021-10-20 06:34:13,7480.0,300.0,1930000.0
912,2021-10-20 06:34:01,7480.0,500.0,1929700.0
913,2021-10-20 06:33:39,7480.0,2200.0,1929200.0
914,2021-10-20 06:33:39,7480.0,1000.0,1927000.0
915,2021-10-20 06:33:39,7480.0,3900.0,1926000.0
916,2021-10-20 06:33:39,7480.0,42900.0,1922100.0
917,2021-10-20 06:33:21,7490.0,1000.0,1879200.0
918,2021-10-20 06:32:59,7490.0,1000.0,1878200.0
919,2021-10-20 06:32:59,7480.0,200.0,1877200.0
920,2021-10-20 06:32:42,7490.0,7800.0,1877000.0
921,2021-10-20 06:32:42,7490.0,2200.0,1869200.0
922,2021-10-20 06:32:41,7490.0,100.0,1867000.0
923,2021-10-20 06:32:35,7490.0,200.0,1866900.0
924,2021-10-20 06:31:14,7480.0,6900.0,1866700.0
925,2021-10-20 06:31:14,7480.0,100.0,1859800.0
926,2021-10-20 06:31:08,7490.0,400.0,1859700.0
927,2021-10-20 06:31:05,7490.0,100.0,1859300.0
928,2021-10-20 06:30:41,7490.0,100.0,1859200.0
929,2021-10-20 06:30:33,7490.0,1700.0,1859100.0
930,2021-10-20 06:30:13,7490.0,200.0,1857400.0
931,2021-10-20 06:30:08,7480.0,5000.0,1857200.0
932,2021-10-20 06:30:06,7480.0,3300.0,1852200.0
933,2021-10-20 06:29:50,7480.0,1000.0,1848900.0
934,2021-10-20 06:29:47,7480.0,25700.0,1847900.0
935,2021-10-20 06:29:44,7480.0,15000.0,1822200.0
936,2021-10-20 06:29:31,7490.0,1000.0,1807200.0
937,2021-10-20 06:29:03,7490.0,1000.0,1806200.0
938,2021-10-20 06:28:58,7490.0,400.0,1805200.0
939,2021-10-20 06:28:55,7490.0,200.0,1804800.0
940,2021-10-20 06:28:55,7490.0,200.0,1804600.0
941,2021-10-20 06:28:55,7490.0,3200.0,1804400.0
942,2021-10-20 06:28:11,7490.0,1000.0,1801200.0
943,2021-10-20 06:28:02,7500.0,100.0,1800200.0
944,2021-10-20 06:27:41,7500.0,100.0,1800100.0
945,2021-10-20 06:27:16,7490.0,100.0,1800000.0
946,2021-10-20 06:27:16,7490.0,700.0,1799900.0
947,2021-10-20 06:27:06,7490.0,2300.0,1799200.0
948,2021-10-20 06:26:49,7490.0,500.0,1796900.0
949,2021-10-20 06:26:34,7490.0,300.0,1796400.0
950,2021-10-20 06:26:34,7490.0,100.0,1796100.0
951,2021-10-20 06:26:34,7490.0,200.0,1796000.0
952,2021-10-20 06:26:34,7490.0,20000.0,1795800.0
953,2021-10-20 06:26:34,7490.0,2200.0,1775800.0
954,2021-10-20 06:26:34,7490.0,24400.0,1773600.0
955,2021-10-20 06:26:08,7480.0,9300.0,1749200.0
956,2021-10-20 06:26:06,7470.0,900.0,1739900.0
957,2021-10-20 06:26:06,7480.0,500.0,1739000.0
958,2021-10-20 06:25:36,7470.0,200.0,1738500.0
959,2021-10-20 06:24:02,7470.0,2000.0,1738300.0
960,2021-10-20 06:22:54,7470.0,1000.0,1736300.0
961,2021-10-20 06:22:41,7480.0,100.0,1735300.0
962,2021-10-20 06:22:11,7480.0,100.0,1735200.0
963,2021-10-20 06:22:02,7470.0,500.0,1735100.0
964,2021-10-20 06:21:59,7470.0,200.0,1734600.0
965,2021-10-20 06:21:53,7470.0,200.0,1734400.0
966,2021-10-20 06:20:39,7470.0,4900.0,1734200.0
967,2021-10-20 06:20:37,7460.0,200.0,1729300.0
968,2021-10-20 06:20:35,7470.0,100.0,1729100.0
969,2021-10-20 06:20:33,7470.0,100.0,1729000.0
970,2021-10-20 06:20:07,7470.0,10000.0,1728900.0
971,2021-10-20 06:19:56,7470.0,100.0,1718900.0
972,2021-10-20 06:19:50,7470.0,100.0,1718800.0
973,2021-10-20 06:19:36,7470.0,200.0,1718700.0
974,2021-10-20 06:19:36,7470.0,500.0,1718500.0
975,2021-10-20 06:19:36,7470.0,100.0,1718000.0
976,2021-10-20 06:19:36,7470.0,1000.0,1717900.0
977,2021-10-20 06:19:36,7470.0,500.0,1716900.0
978,2021-10-20 06:19:36,7470.0,200.0,1716400.0
979,2021-10-20 06:19:36,7470.0,300.0,1716200.0
980,2021-10-20 06:19:36,7470.0,2000.0,1715900.0
981,2021-10-20 06:19:36,7470.0,2000.0,1713900.0
982,2021-10-20 06:19:36,7470.0,2000.0,1711900.0
983,2021-10-20 06:19:36,7470.0,100.0,1709900.0
984,2021-10-20 06:19:36,7470.0,100.0,1709800.0
985,2021-10-20 06:19:36,7470.0,500.0,1709700.0
986,2021-10-20 06:19:36,7470.0,3600.0,1709200.0
987,2021-10-20 06:19:36,7470.0,1000.0,1705600.0
988,2021-10-20 06:19:36,7470.0,100.0,1704600.0
989,2021-10-20 06:19:36,7470.0,300.0,1704500.0
990,2021-10-20 06:19:36,7470.0,1000.0,1704200.0
991,2021-10-20 06:19:36,7470.0,2000.0,1703200.0
992,2021-10-20 06:19:36,7470.0,100.0,1701200.0
993,2021-10-20 06:19:36,7470.0,35000.0,1701100.0
994,2021-10-20 06:19:36,7480.0,500.0,1666100.0
995,2021-10-20 06:19:36,7480.0,3200.0,1665600.0
996,2021-10-20 06:19:36,7480.0,1000.0,1662400.0
997,2021-10-20 06:19:36,7480.0,400.0,1661400.0
998,2021-10-20 06:19:36,7480.0,500.0,1661000.0
999,2021-10-20 06:19:36,7480.0,500.0,1660500.0
1000,2021-10-20 06:19:36,7480.0,5000.0,1660000.0
1001,2021-10-20 06:19:36,7480.0,500.0,1655000.0
1002,2021-10-20 06:19:36,7480.0,1000.0,1654500.0
1003,2021-10-20 06:19:36,7480.0,200.0,1653500.0
1004,2021-10-20 06:19:36,7480.0,400.0,1653300.0
1005,2021-10-20 06:19:36,7480.0,1000.0,1652900.0
1006,2021-10-20 06:19:36,7480.0,300.0,1651900.0
1007,2021-10-20 06:19:36,7480.0,2000.0,1651600.0
1008,2021-10-20 06:19:36,7480.0,300.0,1649600.0
1009,2021-10-20 06:19:36,7480.0,100.0,1649300.0
1010,2021-10-20 06:19:36,7480.0,100.0,1649200.0
1011,2021-10-20 06:19:36,7480.0,2000.0,1649100.0
1012,2021-10-20 06:19:36,7480.0,200.0,1647100.0
1013,2021-10-20 06:19:36,7480.0,10000.0,1646900.0
1014,2021-10-20 06:19:36,7480.0,100.0,1636900.0
1015,2021-10-20 06:19:36,7480.0,2000.0,1636800.0
1016,2021-10-20 06:19:36,7480.0,800.0,1634800.0
1017,2021-10-20 06:19:33,7480.0,400.0,1634000.0
1018,2021-10-20 06:19:33,7480.0,200.0,1633600.0
1019,2021-10-20 06:19:33,7480.0,300.0,1633400.0
1020,2021-10-20 06:19:33,7480.0,100.0,1633100.0
1021,2021-10-20 06:19:33,7480.0,1200.0,1633000.0
1022,2021-10-20 06:19:07,7490.0,100.0,1631800.0
1023,2021-10-20 06:18:30,7490.0,100.0,1631700.0
1024,2021-10-20 06:18:25,7490.0,100.0,1631600.0
1025,2021-10-20 06:18:16,7490.0,300.0,1631500.0
1026,2021-10-20 06:15:31,7490.0,2000.0,1631200.0
1027,2021-10-20 06:14:47,7480.0,100.0,1629200.0
1028,2021-10-20 06:14:46,7490.0,1000.0,1629100.0
1029,2021-10-20 06:14:10,7490.0,1100.0,1628100.0
1030,2021-10-20 06:13:48,7490.0,200.0,1627000.0
1031,2021-10-20 06:13:39,7490.0,5700.0,1626800.0
1032,2021-10-20 06:13:39,7490.0,600.0,1621100.0
1033,2021-10-20 06:13:39,7490.0,700.0,1620500.0
1034,2021-10-20 06:13:39,7490.0,200.0,1619800.0
1035,2021-10-20 06:13:39,7490.0,800.0,1619600.0
1036,2021-10-20 06:13:39,7490.0,2000.0,1618800.0
1037,2021-10-20 06:13:24,7480.0,200.0,1616800.0
1038,2021-10-20 06:13:08,7490.0,200.0,1616600.0
1039,2021-10-20 06:12:50,7490.0,500.0,1616400.0
1040,2021-10-20 06:12:22,7490.0,200.0,1615900.0
1041,2021-10-20 06:12:21,7480.0,1500.0,1615700.0
1042,2021-10-20 06:11:43,7480.0,600.0,1614200.0
1043,2021-10-20 06:11:28,7480.0,1000.0,1613600.0
1044,2021-10-20 06:11:19,7480.0,400.0,1612600.0
1045,2021-10-20 06:11:19,7480.0,500.0,1612200.0
1046,2021-10-20 06:11:19,7480.0,100.0,1611700.0
1047,2021-10-20 06:11:19,7480.0,100.0,1611600.0
1048,2021-10-20 06:11:19,7480.0,200.0,1611500.0
1049,2021-10-20 06:11:06,7490.0,500.0,1611300.0
1050,2021-10-20 06:10:46,7490.0,1600.0,1610800.0
1051,2021-10-20 06:10:46,7490.0,400.0,1609200.0
1052,2021-10-20 06:10:46,7490.0,1000.0,1608800.0
1053,2021-10-20 06:10:01,7490.0,300.0,1607800.0
1054,2021-10-20 06:09:52,7490.0,4000.0,1607500.0
1055,2021-10-20 06:09:20,7490.0,3000.0,1603500.0
1056,2021-10-20 06:09:20,7490.0,1900.0,1600500.0
1057,2021-10-20 06:09:09,7490.0,4000.0,1598600.0
1058,2021-10-20 06:09:03,7490.0,4100.0,1594600.0
1059,2021-10-20 06:09:03,7490.0,900.0,1590500.0
1060,2021-10-20 06:09:03,7490.0,100.0,1589600.0
1061,2021-10-20 06:08:53,7490.0,200.0,1589500.0
1062,2021-10-20 06:08:44,7490.0,800.0,1589300.0
1063,2021-10-20 06:08:44,7490.0,2000.0,1588500.0
1064,2021-10-20 06:08:44,7490.0,7200.0,1586500.0
1065,2021-10-20 06:08:28,7490.0,1000.0,1579300.0
1066,2021-10-20 06:08:09,7490.0,100.0,1578300.0
1067,2021-10-20 06:07:43,7490.0,200.0,1578200.0
1068,2021-10-20 06:07:30,7490.0,1500.0,1578000.0
1069,2021-10-20 06:07:27,7490.0,500.0,1576500.0
1070,2021-10-20 06:06:16,7490.0,200.0,1576000.0
1071,2021-10-20 06:06:16,7490.0,100.0,1575800.0
1072,2021-10-20 06:05:46,7490.0,200.0,1575700.0
1073,2021-10-20 06:04:59,7490.0,300.0,1575500.0
1074,2021-10-20 06:04:59,7490.0,2700.0,1575200.0
1075,2021-10-20 06:04:59,7490.0,2300.0,1572500.0
1076,2021-10-20 06:04:27,7490.0,5000.0,1570200.0
1077,2021-10-20 06:03:30,7490.0,5000.0,1565200.0
1078,2021-10-20 06:03:30,7490.0,400.0,1560200.0
1079,2021-10-20 06:02:45,7490.0,300.0,1559800.0
1080,2021-10-20 06:02:06,7490.0,1800.0,1559500.0
1081,2021-10-20 06:02:06,7490.0,300.0,1557700.0
1082,2021-10-20 06:02:06,7490.0,500.0,1557400.0
1083,2021-10-20 06:02:06,7490.0,7400.0,1556900.0
1084,2021-10-20 06:00:53,7490.0,1000.0,1549500.0
1085,2021-10-20 06:00:32,7490.0,100.0,1548500.0
1086,2021-10-20 06:00:17,7500.0,8700.0,1548400.0
1087,2021-10-20 06:00:17,7500.0,1000.0,1539700.0
1088,2021-10-20 06:00:17,7500.0,20000.0,1538700.0
1089,2021-10-20 06:00:17,7500.0,100.0,1518700.0
1090,2021-10-20 06:00:17,7500.0,3300.0,1518600.0
1091,2021-10-20 06:00:17,7500.0,500.0,1515300.0
1092,2021-10-20 06:00:17,7500.0,400.0,1514800.0
1093,2021-10-20 06:00:17,7500.0,100.0,1514400.0
1094,2021-10-20 06:00:17,7500.0,3900.0,1514300.0
1095,2021-10-20 06:00:14,7490.0,1500.0,1510400.0
1096,2021-10-20 06:00:10,7480.0,1100.0,1508900.0
1097,2021-10-20 06:00:10,7490.0,500.0,1507800.0
1098,2021-10-20 06:00:10,7490.0,3000.0,1507300.0
1099,2021-10-20 06:00:10,7490.0,800.0,1504300.0
1100,2021-10-20 06:00:10,7490.0,300.0,1503500.0
1101,2021-10-20 06:00:10,7490.0,100.0,1503200.0
1102,2021-10-20 06:00:10,7490.0,100.0,1503100.0
1103,2021-10-20 06:00:10,7490.0,100.0,1503000.0
1104,2021-10-20 06:00:10,7490.0,1000.0,1502900.0
1105,2021-10-20 06:00:10,7490.0,100.0,1501900.0
1106,2021-10-20 06:00:10,7490.0,100.0,1501800.0
1107,2021-10-20 06:00:10,7490.0,300.0,1501700.0
1108,2021-10-20 06:00:10,7490.0,7500.0,1501400.0
1109,2021-10-20 06:00:01,7490.0,200.0,1493900.0
1110,2021-10-20 06:00:01,7490.0,1600.0,1493700.0
1111,2021-10-20 06:00:01,7490.0,700.0,1492100.0
1112,2021-10-20 06:00:00,7490.0,100.0,1491400.0
1113,2021-10-20 06:00:00,7490.0,100.0,1491300.0
1114,2021-10-20 06:00:00,7490.0,1400.0,1491200.0
1115,2021-10-20 06:00:00,7500.0,100.0,1489800.0
1116,2021-10-20 04:29:39,7490.0,300.0,1489700.0
1117,2021-10-20 04:29:35,7490.0,100.0,1489400.0
1118,2021-10-20 04:28:13,7490.0,1000.0,1489300.0
1119,2021-10-20 04:26:07,7480.0,400.0,1488300.0
1120,2021-10-20 04:26:07,7490.0,100.0,1487900.0
1121,2021-10-20 04:25:28,7500.0,100.0,1487800.0
1122,2021-10-20 04:25:14,7490.0,1000.0,1487700.0
1123,2021-10-20 04:24:04,7490.0,200.0,1486700.0
1124,2021-10-20 04:23:59,7490.0,100.0,1486500.0
1125,2021-10-20 04:23:48,7490.0,1600.0,1486400.0
1126,2021-10-20 04:23:48,7490.0,100.0,1484800.0
1127,2021-10-20 04:23:48,7490.0,2000.0,1484700.0
1128,2021-10-20 04:23:48,7490.0,11300.0,1482700.0
1129,2021-10-20 04:21:26,7490.0,400.0,1471400.0
1130,2021-10-20 04:21:03,7500.0,300.0,1471000.0
1131,2021-10-20 04:20:56,7500.0,600.0,1470700.0
1132,2021-10-20 04:20:56,7500.0,1000.0,1470100.0
1133,2021-10-20 04:20:56,7500.0,1000.0,1469100.0
1134,2021-10-20 04:20:56,7500.0,1000.0,1468100.0
1135,2021-10-20 04:20:56,7500.0,100.0,1467100.0
1136,2021-10-20 04:20:56,7500.0,100.0,1467000.0
1137,2021-10-20 04:20:56,7500.0,200.0,1466900.0
1138,2021-10-20 04:20:56,7500.0,600.0,1466700.0
1139,2021-10-20 04:20:56,7500.0,3000.0,1466100.0
1140,2021-10-20 04:20:56,7500.0,1000.0,1463100.0
1141,2021-10-20 04:20:56,7500.0,3400.0,1462100.0
1142,2021-10-20 04:20:36,7490.0,6300.0,1458700.0
1143,2021-10-20 04:19:44,7490.0,1000.0,1452400.0
1144,2021-10-20 04:18:49,7490.0,2700.0,1451400.0
1145,2021-10-20 04:18:49,7490.0,200.0,1448700.0
1146,2021-10-20 04:18:49,7490.0,2100.0,1448500.0
1147,2021-10-20 04:17:24,7490.0,1000.0,1446400.0
1148,2021-10-20 04:17:11,7490.0,1000.0,1445400.0
1149,2021-10-20 04:17:11,7490.0,500.0,1444400.0
1150,2021-10-20 04:17:11,7490.0,100.0,1443900.0
1151,2021-10-20 04:17:11,7490.0,5300.0,1443800.0
1152,2021-10-20 04:17:11,7490.0,2000.0,1438500.0
1153,2021-10-20 04:16:44,7490.0,800.0,1436500.0
1154,2021-10-20 04:15:37,7490.0,100.0,1435700.0
1155,2021-10-20 04:15:35,7490.0,5000.0,1435600.0
1156,2021-10-20 04:14:45,7490.0,100.0,1430600.0
1157,2021-10-20 04:14:25,7490.0,500.0,1430500.0
1158,2021-10-20 04:14:25,7490.0,500.0,1430000.0
1159,2021-10-20 04:14:25,7490.0,2000.0,1429500.0
1160,2021-10-20 04:14:25,7490.0,3700.0,1427500.0
1161,2021-10-20 04:14:19,7490.0,1000.0,1423800.0
1162,2021-10-20 04:13:35,7490.0,100.0,1422800.0
1163,2021-10-20 04:12:57,7480.0,100.0,1422700.0
1164,2021-10-20 04:12:48,7480.0,100.0,1422600.0
1165,2021-10-20 04:12:23,7480.0,100.0,1422500.0
1166,2021-10-20 04:12:23,7480.0,4200.0,1422400.0
1167,2021-10-20 04:12:23,7480.0,100.0,1418200.0
1168,2021-10-20 04:12:23,7480.0,500.0,1418100.0
1169,2021-10-20 04:12:23,7480.0,5000.0,1417600.0
1170,2021-10-20 04:12:23,7480.0,100.0,1412600.0
1171,2021-10-20 04:12:12,7480.0,100.0,1412500.0
1172,2021-10-20 04:12:12,7480.0,700.0,1412400.0
1173,2021-10-20 04:10:26,7480.0,100.0,1411700.0
1174,2021-10-20 04:09:58,7490.0,200.0,1411600.0
1175,2021-10-20 04:09:58,7490.0,300.0,1411400.0
1176,2021-10-20 04:09:06,7480.0,1200.0,1411100.0
1177,2021-10-20 04:09:06,7480.0,300.0,1409900.0
1178,2021-10-20 04:08:07,7490.0,1000.0,1409600.0
1179,2021-10-20 04:08:07,7490.0,700.0,1408600.0
1180,2021-10-20 04:07:49,7490.0,300.0,1407900.0
1181,2021-10-20 04:07:49,7490.0,100.0,1407600.0
1182,2021-10-20 04:07:49,7490.0,1600.0,1407500.0
1183,2021-10-20 04:06:56,7490.0,4400.0,1405900.0
1184,2021-10-20 04:06:56,7490.0,200.0,1401500.0
1185,2021-10-20 04:06:56,7490.0,100.0,1401300.0
1186,2021-10-20 04:06:56,7490.0,3300.0,1401200.0
1187,2021-10-20 04:06:26,7490.0,400.0,1397900.0
1188,2021-10-20 04:06:15,7490.0,200.0,1397500.0
1189,2021-10-20 04:06:06,7490.0,100.0,1397300.0
1190,2021-10-20 04:04:51,7490.0,200.0,1397200.0
1191,2021-10-20 04:04:51,7490.0,100.0,1397000.0
1192,2021-10-20 04:04:51,7490.0,100.0,1396900.0
1193,2021-10-20 04:04:51,7490.0,2600.0,1396800.0
1194,2021-10-20 04:04:46,7490.0,100.0,1394200.0
1195,2021-10-20 04:03:17,7490.0,900.0,1394100.0
1196,2021-10-20 04:02:37,7490.0,700.0,1393200.0
1197,2021-10-20 04:02:04,7480.0,800.0,1392500.0
1198,2021-10-20 04:02:04,7480.0,1000.0,1391700.0
1199,2021-10-20 04:02:04,7480.0,200.0,1390700.0
1200,2021-10-20 04:01:58,7480.0,100.0,1390500.0
1201,2021-10-20 04:01:43,7490.0,500.0,1390400.0
1202,2021-10-20 04:00:47,7490.0,100.0,1389900.0
1203,2021-10-20 03:59:47,7490.0,500.0,1389800.0
1204,2021-10-20 03:58:51,7480.0,200.0,1389300.0
1205,2021-10-20 03:58:34,7480.0,100.0,1389100.0
1206,2021-10-20 03:58:34,7480.0,100.0,1389000.0
1207,2021-10-20 03:58:34,7480.0,100.0,1388900.0
1208,2021-10-20 03:58:16,7480.0,1400.0,1388800.0
1209,2021-10-20 03:58:16,7480.0,100.0,1387400.0
1210,2021-10-20 03:58:16,7480.0,5800.0,1387300.0
1211,2021-10-20 03:58:16,7480.0,100.0,1381500.0
1212,2021-10-20 03:58:16,7480.0,2000.0,1381400.0
1213,2021-10-20 03:58:16,7480.0,200.0,1379400.0
1214,2021-10-20 03:58:16,7480.0,1000.0,1379200.0
1215,2021-10-20 03:58:16,7480.0,3000.0,1378200.0
1216,2021-10-20 03:58:16,7480.0,8200.0,1375200.0
1217,2021-10-20 03:58:16,7480.0,200.0,1367000.0
1218,2021-10-20 03:58:16,7480.0,20000.0,1366800.0
1219,2021-10-20 03:58:16,7480.0,5000.0,1346800.0
1220,2021-10-20 03:58:16,7480.0,3000.0,1341800.0
1221,2021-10-20 03:57:20,7490.0,1000.0,1338800.0
1222,2021-10-20 03:57:16,7490.0,200.0,1337800.0
1223,2021-10-20 03:57:03,7490.0,3000.0,1337600.0
1224,2021-10-20 03:57:03,7490.0,400.0,1334600.0
1225,2021-10-20 03:56:54,7490.0,500.0,1334200.0
1226,2021-10-20 03:56:54,7490.0,100.0,1333700.0
1227,2021-10-20 03:56:51,7490.0,300.0,1333600.0
1228,2021-10-20 03:56:16,7490.0,2000.0,1333300.0
1229,2021-10-20 03:56:16,7490.0,1100.0,1331300.0
1230,2021-10-20 03:56:16,7490.0,6000.0,1330200.0
1231,2021-10-20 03:56:16,7490.0,5000.0,1324200.0
1232,2021-10-20 03:56:16,7490.0,100.0,1319200.0
1233,2021-10-20 03:56:16,7490.0,2100.0,1319100.0
1234,2021-10-20 03:56:16,7490.0,1000.0,1317000.0
1235,2021-10-20 03:56:16,7490.0,1000.0,1316000.0
1236,2021-10-20 03:56:16,7490.0,100.0,1315000.0
1237,2021-10-20 03:56:16,7490.0,1000.0,1314900.0
1238,2021-10-20 03:56:16,7490.0,200.0,1313900.0
1239,2021-10-20 03:55:47,7490.0,4800.0,1313700.0
1240,2021-10-20 03:55:47,7490.0,5200.0,1308900.0
1241,2021-10-20 03:55:15,7490.0,1000.0,1303700.0
1242,2021-10-20 03:54:51,7490.0,2000.0,1302700.0
1243,2021-10-20 03:54:33,7490.0,100.0,1300700.0
1244,2021-10-20 03:54:22,7490.0,20200.0,1300600.0
1245,2021-10-20 03:53:14,7490.0,1000.0,1280400.0
1246,2021-10-20 03:53:12,7500.0,1800.0,1279400.0
1247,2021-10-20 03:51:57,7500.0,1000.0,1277600.0
1248,2021-10-20 03:51:46,7490.0,1000.0,1276600.0
1249,2021-10-20 03:51:26,7500.0,200.0,1275600.0
1250,2021-10-20 03:51:21,7500.0,100.0,1275400.0
1251,2021-10-20 03:51:05,7490.0,1600.0,1275300.0
1252,2021-10-20 03:50:27,7490.0,10000.0,1273700.0
1253,2021-10-20 03:50:25,7490.0,500.0,1263700.0
1254,2021-10-20 03:50:02,7500.0,1200.0,1263200.0
1255,2021-10-20 03:49:07,7500.0,400.0,1262000.0
1256,2021-10-20 03:49:03,7500.0,1900.0,1261600.0
1257,2021-10-20 03:49:03,7500.0,100.0,1259700.0
1258,2021-10-20 03:49:03,7500.0,7000.0,1259600.0
1259,2021-10-20 03:48:31,7500.0,1000.0,1252600.0
1260,2021-10-20 03:48:16,7500.0,200.0,1251600.0
1261,2021-10-20 03:48:11,7500.0,1000.0,1251400.0
1262,2021-10-20 03:47:45,7500.0,800.0,1250400.0
1263,2021-10-20 03:47:45,7500.0,100.0,1249600.0
1264,2021-10-20 03:47:22,7500.0,900.0,1249500.0
1265,2021-10-20 03:47:22,7500.0,2100.0,1248600.0
1266,2021-10-20 03:47:02,7490.0,2000.0,1246500.0
1267,2021-10-20 03:47:02,7490.0,5400.0,1244500.0
1268,2021-10-20 03:46:55,7490.0,100.0,1239100.0
1269,2021-10-20 03:46:55,7490.0,2000.0,1239000.0
1270,2021-10-20 03:46:55,7490.0,500.0,1237000.0
1271,2021-10-20 03:46:55,7490.0,1500.0,1236500.0
1272,2021-10-20 03:46:55,7490.0,500.0,1235000.0
1273,2021-10-20 03:44:45,7490.0,1000.0,1234500.0
1274,2021-10-20 03:44:04,7490.0,300.0,1233500.0
1275,2021-10-20 03:43:51,7500.0,200.0,1233200.0
1276,2021-10-20 03:41:36,7490.0,1300.0,1233000.0
1277,2021-10-20 03:41:36,7490.0,7000.0,1231700.0
1278,2021-10-20 03:41:36,7490.0,1700.0,1224700.0
1279,2021-10-20 03:41:14,7490.0,25000.0,1223000.0
1280,2021-10-20 03:41:13,7490.0,1100.0,1198000.0
1281,2021-10-20 03:40:53,7490.0,5000.0,1196900.0
1282,2021-10-20 03:39:54,7490.0,2500.0,1191900.0
1283,2021-10-20 03:39:10,7490.0,200.0,1189400.0
1284,2021-10-20 03:38:45,7490.0,6700.0,1189200.0
1285,2021-10-20 03:38:29,7500.0,400.0,1182500.0
1286,2021-10-20 03:38:27,7500.0,200.0,1182100.0
1287,2021-10-20 03:38:04,7500.0,3000.0,1181900.0
1288,2021-10-20 03:38:01,7500.0,2500.0,1178900.0
1289,2021-10-20 03:37:59,7500.0,200.0,1176400.0
1290,2021-10-20 03:36:42,7500.0,200.0,1176200.0
1291,2021-10-20 03:36:36,7500.0,300.0,1176000.0
1292,2021-10-20 03:36:36,7500.0,400.0,1175700.0
1293,2021-10-20 03:36:36,7500.0,2000.0,1175300.0
1294,2021-10-20 03:36:36,7500.0,2500.0,1173300.0
1295,2021-10-20 03:36:36,7500.0,6000.0,1170800.0
1296,2021-10-20 03:36:06,7500.0,200.0,1164800.0
1297,2021-10-20 03:36:01,7500.0,1500.0,1164600.0
1298,2021-10-20 03:35:46,7500.0,900.0,1163100.0
1299,2021-10-20 03:35:18,7500.0,5400.0,1162200.0
1300,2021-10-20 03:35:18,7500.0,1400.0,1156800.0
1301,2021-10-20 03:35:18,7500.0,100.0,1155400.0
1302,2021-10-20 03:35:18,7500.0,3000.0,1155300.0
1303,2021-10-20 03:35:18,7500.0,100.0,1152300.0
1304,2021-10-20 03:34:52,7500.0,1000.0,1152200.0
1305,2021-10-20 03:34:12,7500.0,1000.0,1151200.0
1306,2021-10-20 03:33:50,7510.0,1000.0,1150200.0
1307,2021-10-20 03:33:18,7500.0,400.0,1149200.0
1308,2021-10-20 03:33:18,7500.0,1000.0,1148800.0
1309,2021-10-20 03:33:18,7500.0,18600.0,1147800.0
1310,2021-10-20 03:32:45,7510.0,3000.0,1129200.0
1311,2021-10-20 03:32:35,7510.0,2000.0,1126200.0
1312,2021-10-20 03:32:35,7510.0,3000.0,1124200.0
1313,2021-10-20 03:32:31,7510.0,1000.0,1121200.0
1314,2021-10-20 03:32:31,7510.0,600.0,1120200.0
1315,2021-10-20 03:32:31,7510.0,400.0,1119600.0
1316,2021-10-20 03:32:10,7510.0,500.0,1119200.0
1317,2021-10-20 03:31:49,7520.0,1900.0,1118700.0
1318,2021-10-20 03:31:49,7520.0,100.0,1116800.0
1319,2021-10-20 03:31:49,7520.0,4000.0,1116700.0
1320,2021-10-20 03:31:25,7510.0,2000.0,1112700.0
1321,2021-10-20 03:31:24,7520.0,100.0,1110700.0
1322,2021-10-20 03:31:23,7520.0,200.0,1110600.0
1323,2021-10-20 03:30:39,7520.0,500.0,1110400.0
1324,2021-10-20 03:30:33,7520.0,600.0,1109900.0
1325,2021-10-20 03:30:18,7520.0,400.0,1109300.0
1326,2021-10-20 03:29:54,7520.0,600.0,1108900.0
1327,2021-10-20 03:29:44,7520.0,2000.0,1108300.0
1328,2021-10-20 03:29:44,7520.0,1600.0,1106300.0
1329,2021-10-20 03:29:06,7510.0,9400.0,1104700.0
1330,2021-10-20 03:29:03,7510.0,10000.0,1095300.0
1331,2021-10-20 03:29:03,7510.0,500.0,1085300.0
1332,2021-10-20 03:29:03,7520.0,100.0,1084800.0
1333,2021-10-20 03:29:00,7520.0,1000.0,1084700.0
1334,2021-10-20 03:29:00,7520.0,10000.0,1083700.0
1335,2021-10-20 03:29:00,7520.0,10000.0,1073700.0
1336,2021-10-20 03:29:00,7520.0,2000.0,1063700.0
1337,2021-10-20 03:29:00,7520.0,200.0,1061700.0
1338,2021-10-20 03:29:00,7520.0,600.0,1061500.0
1339,2021-10-20 03:29:00,7520.0,200.0,1060900.0
1340,2021-10-20 03:29:00,7520.0,5700.0,1060700.0
1341,2021-10-20 03:28:58,7520.0,1300.0,1055000.0
1342,2021-10-20 03:28:30,7520.0,1000.0,1053700.0
1343,2021-10-20 03:28:21,7520.0,2000.0,1052700.0
1344,2021-10-20 03:28:21,7520.0,1000.0,1050700.0
1345,2021-10-20 03:28:21,7520.0,800.0,1049700.0
1346,2021-10-20 03:28:15,7520.0,1200.0,1048900.0
1347,2021-10-20 03:28:15,7520.0,800.0,1047700.0
1348,2021-10-20 03:28:08,7520.0,100.0,1046900.0
1349,2021-10-20 03:27:59,7520.0,100.0,1046800.0
1350,2021-10-20 03:27:59,7520.0,100.0,1046700.0
1351,2021-10-20 03:27:59,7520.0,100.0,1046600.0
1352,2021-10-20 03:27:55,7510.0,1600.0,1046500.0
1353,2021-10-20 03:27:55,7510.0,10000.0,1044900.0
1354,2021-10-20 03:27:55,7510.0,100.0,1034900.0
1355,2021-10-20 03:27:55,7510.0,900.0,1034800.0
1356,2021-10-20 03:27:55,7510.0,10000.0,1033900.0
1357,2021-10-20 03:27:55,7510.0,1000.0,1023900.0
1358,2021-10-20 03:27:55,7510.0,500.0,1022900.0
1359,2021-10-20 03:27:55,7510.0,1100.0,1022400.0
1360,2021-10-20 03:27:30,7510.0,5000.0,1021300.0
1361,2021-10-20 03:27:20,7510.0,100.0,1016300.0
1362,2021-10-20 03:27:09,7510.0,400.0,1016200.0
1363,2021-10-20 03:27:02,7500.0,500.0,1015800.0
1364,2021-10-20 03:27:02,7500.0,200.0,1015300.0
1365,2021-10-20 03:27:02,7500.0,2000.0,1015100.0
1366,2021-10-20 03:27:02,7500.0,4500.0,1013100.0
1367,2021-10-20 03:27:02,7500.0,500.0,1008600.0
1368,2021-10-20 03:27:02,7500.0,300.0,1008100.0
1369,2021-10-20 03:27:02,7500.0,100.0,1007800.0
1370,2021-10-20 03:27:02,7500.0,200.0,1007700.0
1371,2021-10-20 03:27:02,7500.0,100.0,1007500.0
1372,2021-10-20 03:27:02,7500.0,100.0,1007400.0
1373,2021-10-20 03:27:02,7500.0,100.0,1007300.0
1374,2021-10-20 03:27:02,7500.0,500.0,1007200.0
1375,2021-10-20 03:27:02,7500.0,1000.0,1006700.0
1376,2021-10-20 03:27:02,7500.0,100.0,1005700.0
1377,2021-10-20 03:27:02,7500.0,2900.0,1005600.0
1378,2021-10-20 03:27:02,7500.0,1000.0,1002700.0
1379,2021-10-20 03:27:02,7500.0,400.0,1001700.0
1380,2021-10-20 03:27:02,7500.0,1000.0,1001300.0
1381,2021-10-20 03:27:02,7500.0,1000.0,1000300.0
1382,2021-10-20 03:27:02,7500.0,300.0,999300.0
1383,2021-10-20 03:27:02,7500.0,300.0,999000.0
1384,2021-10-20 03:27:02,7500.0,1000.0,998700.0
1385,2021-10-20 03:27:02,7500.0,1000.0,997700.0
1386,2021-10-20 03:27:02,7500.0,3000.0,996700.0
1387,2021-10-20 03:27:02,7500.0,2000.0,993700.0
1388,2021-10-20 03:27:02,7500.0,7300.0,991700.0
1389,2021-10-20 03:26:59,7500.0,2700.0,984400.0
1390,2021-10-20 03:26:59,7500.0,1000.0,981700.0
1391,2021-10-20 03:26:59,7500.0,100.0,980700.0
1392,2021-10-20 03:26:54,7500.0,29900.0,980600.0
1393,2021-10-20 03:26:54,7500.0,200.0,950700.0
1394,2021-10-20 03:26:54,7500.0,1000.0,950500.0
1395,2021-10-20 03:26:54,7500.0,3900.0,949500.0
1396,2021-10-20 03:26:47,7490.0,2000.0,945600.0
1397,2021-10-20 03:26:47,7490.0,2000.0,943600.0
1398,2021-10-20 03:26:47,7490.0,3800.0,941600.0
1399,2021-10-20 03:26:46,7490.0,6200.0,937800.0
1400,2021-10-20 03:26:46,7490.0,3800.0,931600.0
1401,2021-10-20 03:26:40,7490.0,200.0,927800.0
1402,2021-10-20 03:26:29,7480.0,500.0,927600.0
1403,2021-10-20 03:26:29,7480.0,700.0,927100.0
1404,2021-10-20 03:26:26,7480.0,1000.0,926400.0
1405,2021-10-20 03:26:19,7480.0,200.0,925400.0
1406,2021-10-20 03:26:19,7480.0,100.0,925200.0
1407,2021-10-20 03:26:19,7480.0,1700.0,925100.0
1408,2021-10-20 03:25:34,7480.0,24000.0,923400.0
1409,2021-10-20 03:25:20,7480.0,5000.0,899400.0
1410,2021-10-20 03:25:19,7480.0,200.0,894400.0
1411,2021-10-20 03:25:19,7480.0,8000.0,894200.0
1412,2021-10-20 03:25:19,7480.0,4000.0,886200.0
1413,2021-10-20 03:25:19,7480.0,5000.0,882200.0
1414,2021-10-20 03:25:19,7480.0,100.0,877200.0
1415,2021-10-20 03:25:19,7480.0,1000.0,877100.0
1416,2021-10-20 03:25:19,7480.0,1000.0,876100.0
1417,2021-10-20 03:24:54,7470.0,15000.0,875100.0
1418,2021-10-20 03:24:52,7470.0,200.0,860100.0
1419,2021-10-20 03:24:47,7470.0,500.0,859900.0
1420,2021-10-20 03:24:41,7470.0,100.0,859400.0
1421,2021-10-20 03:24:36,7470.0,300.0,859300.0
1422,2021-10-20 03:24:32,7470.0,2000.0,859000.0
1423,2021-10-20 03:24:32,7470.0,1900.0,857000.0
1424,2021-10-20 03:24:22,7470.0,100.0,855100.0
1425,2021-10-20 03:24:22,7470.0,1700.0,855000.0
1426,2021-10-20 03:24:14,7470.0,2000.0,853300.0
1427,2021-10-20 03:24:03,7470.0,400.0,851300.0
1428,2021-10-20 03:24:03,7470.0,2100.0,850900.0
1429,2021-10-20 03:23:57,7470.0,100.0,848800.0
1430,2021-10-20 03:23:47,7470.0,500.0,848700.0
1431,2021-10-20 03:23:31,7460.0,1500.0,848200.0
1432,2021-10-20 03:23:31,7460.0,100.0,846700.0
1433,2021-10-20 03:23:31,7460.0,100.0,846600.0
1434,2021-10-20 03:23:31,7460.0,800.0,846500.0
1435,2021-10-20 03:23:11,7470.0,100.0,845700.0
1436,2021-10-20 03:23:10,7470.0,1700.0,845600.0
1437,2021-10-20 03:23:04,7470.0,200.0,843900.0
1438,2021-10-20 03:22:56,7470.0,100.0,843700.0
1439,2021-10-20 03:22:40,7470.0,5000.0,843600.0
1440,2021-10-20 03:22:20,7470.0,200.0,838600.0
1441,2021-10-20 03:22:19,7470.0,800.0,838400.0
1442,2021-10-20 03:22:01,7470.0,100.0,837600.0
1443,2021-10-20 03:21:56,7470.0,3000.0,837500.0
1444,2021-10-20 03:21:49,7470.0,6100.0,834500.0
1445,2021-10-20 03:21:49,7470.0,100.0,828400.0
1446,2021-10-20 03:21:49,7470.0,3800.0,828300.0
1447,2021-10-20 03:21:23,7470.0,100.0,824500.0
1448,2021-10-20 03:21:09,7470.0,4000.0,824400.0
1449,2021-10-20 03:21:07,7470.0,1000.0,820400.0
1450,2021-10-20 03:20:38,7470.0,200.0,819400.0
1451,2021-10-20 03:20:20,7470.0,200.0,819200.0
1452,2021-10-20 03:20:13,7470.0,700.0,819000.0
1453,2021-10-20 03:20:13,7470.0,200.0,818300.0
1454,2021-10-20 03:20:13,7470.0,7100.0,818100.0
1455,2021-10-20 03:20:05,7470.0,200.0,811000.0
1456,2021-10-20 03:20:00,7470.0,200.0,810800.0
1457,2021-10-20 03:19:26,7470.0,4500.0,810600.0
1458,2021-10-20 03:18:35,7470.0,200.0,806100.0
1459,2021-10-20 03:18:01,7460.0,1200.0,805900.0
1460,2021-10-20 03:18:01,7460.0,200.0,804700.0
1461,2021-10-20 03:18:01,7460.0,100.0,804500.0
1462,2021-10-20 03:18:01,7460.0,100.0,804400.0
1463,2021-10-20 03:18:01,7460.0,100.0,804300.0
1464,2021-10-20 03:18:01,7460.0,500.0,804200.0
1465,2021-10-20 03:18:01,7460.0,300.0,803700.0
1466,2021-10-20 03:18:01,7460.0,1000.0,803400.0
1467,2021-10-20 03:18:01,7460.0,100.0,802400.0
1468,2021-10-20 03:18:01,7460.0,200.0,802300.0
1469,2021-10-20 03:18:01,7460.0,2500.0,802100.0
1470,2021-10-20 03:18:01,7460.0,1000.0,799600.0
1471,2021-10-20 03:18:01,7460.0,2700.0,798600.0
1472,2021-10-20 03:17:45,7460.0,1300.0,795900.0
1473,2021-10-20 03:17:45,7460.0,1000.0,794600.0
1474,2021-10-20 03:17:45,7460.0,200.0,793600.0
1475,2021-10-20 03:17:45,7460.0,100.0,793400.0
1476,2021-10-20 03:17:18,7470.0,3500.0,793300.0
1477,2021-10-20 03:17:06,7470.0,200.0,789800.0
1478,2021-10-20 03:17:06,7470.0,2000.0,789600.0
1479,2021-10-20 03:16:50,7470.0,200.0,787600.0
1480,2021-10-20 03:16:47,7470.0,1000.0,787400.0
1481,2021-10-20 03:16:43,7470.0,300.0,786400.0
1482,2021-10-20 03:16:12,7470.0,1000.0,786100.0
1483,2021-10-20 03:16:03,7470.0,100.0,785100.0
1484,2021-10-20 03:16:02,7470.0,1300.0,785000.0
1485,2021-10-20 03:16:02,7470.0,100.0,783700.0
1486,2021-10-20 03:16:02,7470.0,3000.0,783600.0
1487,2021-10-20 03:16:02,7470.0,5000.0,780600.0
1488,2021-10-20 03:16:02,7470.0,3000.0,775600.0
1489,2021-10-20 03:16:02,7470.0,1100.0,772600.0
1490,2021-10-20 03:16:02,7470.0,2000.0,771500.0
1491,2021-10-20 03:16:02,7470.0,100.0,769500.0
1492,2021-10-20 03:16:02,7470.0,200.0,769400.0
1493,2021-10-20 03:16:02,7470.0,2300.0,769200.0
1494,2021-10-20 03:15:36,7480.0,100.0,766900.0
1495,2021-10-20 03:14:39,7480.0,200.0,766800.0
1496,2021-10-20 03:14:34,7480.0,600.0,766600.0
1497,2021-10-20 03:14:34,7480.0,700.0,766000.0
1498,2021-10-20 03:13:49,7480.0,100.0,765300.0
1499,2021-10-20 03:13:29,7480.0,200.0,765200.0
1500,2021-10-20 03:13:29,7480.0,900.0,765000.0
1501,2021-10-20 03:13:29,7480.0,1900.0,764100.0
1502,2021-10-20 03:12:50,7480.0,400.0,762200.0
1503,2021-10-20 03:12:40,7480.0,3900.0,761800.0
1504,2021-10-20 03:12:38,7470.0,2700.0,757900.0
1505,2021-10-20 03:12:38,7470.0,200.0,755200.0
1506,2021-10-20 03:12:38,7470.0,100.0,755000.0
1507,2021-10-20 03:12:38,7470.0,500.0,754900.0
1508,2021-10-20 03:12:19,7480.0,100.0,754400.0
1509,2021-10-20 03:11:53,7480.0,2000.0,754300.0
1510,2021-10-20 03:11:17,7480.0,200.0,752300.0
1511,2021-10-20 03:11:17,7480.0,800.0,752100.0
1512,2021-10-20 03:10:28,7470.0,2900.0,751300.0
1513,2021-10-20 03:10:28,7470.0,100.0,748400.0
1514,2021-10-20 03:10:00,7480.0,200.0,748300.0
1515,2021-10-20 03:10:00,7480.0,100.0,748100.0
1516,2021-10-20 03:09:04,7470.0,100.0,748000.0
1517,2021-10-20 03:08:51,7470.0,100.0,747900.0
1518,2021-10-20 03:08:34,7480.0,100.0,747800.0
1519,2021-10-20 03:08:34,7480.0,400.0,747700.0
1520,2021-10-20 03:08:18,7480.0,400.0,747300.0
1521,2021-10-20 03:08:18,7480.0,1600.0,746900.0
1522,2021-10-20 03:08:03,7480.0,100.0,745300.0
1523,2021-10-20 03:08:01,7480.0,100.0,745200.0
1524,2021-10-20 03:07:36,7470.0,100.0,745100.0
1525,2021-10-20 03:06:59,7480.0,100.0,745000.0
1526,2021-10-20 03:06:21,7470.0,600.0,744900.0
1527,2021-10-20 03:06:08,7470.0,1400.0,744300.0
1528,2021-10-20 03:06:08,7470.0,500.0,742900.0
1529,2021-10-20 03:05:54,7470.0,200.0,742400.0
1530,2021-10-20 03:05:54,7470.0,300.0,742200.0
1531,2021-10-20 03:05:51,7480.0,100.0,741900.0
1532,2021-10-20 03:05:34,7470.0,100.0,741800.0
1533,2021-10-20 03:05:34,7470.0,4900.0,741700.0
1534,2021-10-20 03:05:29,7480.0,500.0,736800.0
1535,2021-10-20 03:05:14,7480.0,3000.0,736300.0
1536,2021-10-20 03:04:03,7480.0,2000.0,733300.0
1537,2021-10-20 03:03:59,7470.0,100.0,731300.0
1538,2021-10-20 03:03:56,7480.0,500.0,731200.0
1539,2021-10-20 03:03:39,7480.0,5000.0,730700.0
1540,2021-10-20 03:03:17,7480.0,1900.0,725700.0
1541,2021-10-20 03:03:01,7480.0,1100.0,723800.0
1542,2021-10-20 03:02:53,7480.0,500.0,722700.0
1543,2021-10-20 03:02:42,7480.0,100.0,722200.0
1544,2021-10-20 03:02:42,7480.0,5300.0,722100.0
1545,2021-10-20 03:02:26,7480.0,500.0,716800.0
1546,2021-10-20 03:02:05,7480.0,200.0,716300.0
1547,2021-10-20 03:01:51,7480.0,4000.0,716100.0
1548,2021-10-20 03:01:46,7480.0,5000.0,712100.0
1549,2021-10-20 03:01:46,7480.0,1000.0,707100.0
1550,2021-10-20 03:01:08,7480.0,4000.0,706100.0
1551,2021-10-20 03:00:42,7480.0,9000.0,702100.0
1552,2021-10-20 03:00:37,7480.0,1000.0,693100.0
1553,2021-10-20 03:00:24,7480.0,11800.0,692100.0
1554,2021-10-20 02:59:59,7480.0,2000.0,680300.0
1555,2021-10-20 02:59:59,7480.0,200.0,678300.0
1556,2021-10-20 02:59:59,7480.0,1000.0,678100.0
1557,2021-10-20 02:59:05,7480.0,1000.0,677100.0
1558,2021-10-20 02:59:05,7480.0,1000.0,676100.0
1559,2021-10-20 02:57:45,7490.0,300.0,675100.0
1560,2021-10-20 02:57:43,7490.0,100.0,674800.0
1561,2021-10-20 02:57:40,7470.0,100.0,674700.0
1562,2021-10-20 02:56:54,7460.0,2000.0,674600.0
1563,2021-10-20 02:56:16,7490.0,100.0,672600.0
1564,2021-10-20 02:56:08,7490.0,1700.0,672500.0
1565,2021-10-20 02:56:08,7470.0,300.0,670800.0
1566,2021-10-20 02:56:06,7470.0,1000.0,670500.0
1567,2021-10-20 02:56:06,7470.0,500.0,669500.0
1568,2021-10-20 02:55:52,7490.0,1000.0,669000.0
1569,2021-10-20 02:55:51,7490.0,200.0,668000.0
1570,2021-10-20 02:54:57,7490.0,2000.0,667800.0
1571,2021-10-20 02:54:47,7490.0,500.0,665800.0
1572,2021-10-20 02:54:23,7490.0,100.0,665300.0
1573,2021-10-20 02:54:23,7490.0,100.0,665200.0
1574,2021-10-20 02:54:23,7490.0,300.0,665100.0
1575,2021-10-20 02:54:23,7480.0,600.0,664800.0
1576,2021-10-20 02:54:13,7460.0,4400.0,664200.0
1577,2021-10-20 02:54:13,7470.0,500.0,659800.0
1578,2021-10-20 02:54:13,7470.0,100.0,659300.0
1579,2021-10-20 02:54:02,7480.0,400.0,659200.0
1580,2021-10-20 02:54:02,7480.0,1000.0,658800.0
1581,2021-10-20 02:54:02,7480.0,700.0,657800.0
1582,2021-10-20 02:54:02,7480.0,100.0,657100.0
1583,2021-10-20 02:53:50,7480.0,500.0,657000.0
1584,2021-10-20 02:53:36,7460.0,800.0,656500.0
1585,2021-10-20 02:53:36,7470.0,100.0,655700.0
1586,2021-10-20 02:53:36,7470.0,500.0,655600.0
1587,2021-10-20 02:53:36,7470.0,100.0,655100.0
1588,2021-10-20 02:53:36,7470.0,28500.0,655000.0
1589,2021-10-20 02:53:20,7470.0,1800.0,626500.0
1590,2021-10-20 02:53:01,7480.0,500.0,624700.0
1591,2021-10-20 02:53:01,7480.0,1000.0,624200.0
1592,2021-10-20 02:53:01,7480.0,500.0,623200.0
1593,2021-10-20 02:53:01,7480.0,2700.0,622700.0
1594,2021-10-20 02:53:01,7480.0,2000.0,620000.0
1595,2021-10-20 02:53:01,7480.0,500.0,618000.0
1596,2021-10-20 02:53:01,7480.0,500.0,617500.0
1597,2021-10-20 02:53:01,7480.0,5000.0,617000.0
1598,2021-10-20 02:53:01,7480.0,2500.0,612000.0
1599,2021-10-20 02:52:07,7480.0,1000.0,609500.0
1600,2021-10-20 02:51:36,7490.0,1300.0,608500.0
1601,2021-10-20 02:50:44,7490.0,3400.0,607200.0
1602,2021-10-20 02:50:44,7490.0,3000.0,603800.0
1603,2021-10-20 02:50:44,7490.0,1000.0,600800.0
1604,2021-10-20 02:50:44,7490.0,2600.0,599800.0
1605,2021-10-20 02:50:12,7480.0,1500.0,597200.0
1606,2021-10-20 02:50:12,7480.0,500.0,595700.0
1607,2021-10-20 02:50:12,7480.0,1000.0,595200.0
1608,2021-10-20 02:49:45,7490.0,1400.0,594200.0
1609,2021-10-20 02:49:33,7490.0,200.0,592800.0
1610,2021-10-20 02:49:10,7490.0,900.0,592600.0
1611,2021-10-20 02:48:52,7490.0,100.0,591700.0
1612,2021-10-20 02:48:34,7490.0,2600.0,591600.0
1613,2021-10-20 02:48:06,7480.0,3000.0,589000.0
1614,2021-10-20 02:48:06,7480.0,1000.0,586000.0
1615,2021-10-20 02:47:44,7480.0,1000.0,585000.0
1616,2021-10-20 02:47:23,7470.0,2300.0,584000.0
1617,2021-10-20 02:47:23,7470.0,5000.0,581700.0
1618,2021-10-20 02:47:23,7470.0,400.0,576700.0
1619,2021-10-20 02:47:23,7470.0,100.0,576300.0
1620,2021-10-20 02:47:23,7470.0,1000.0,576200.0
1621,2021-10-20 02:47:23,7470.0,200.0,575200.0
1622,2021-10-20 02:47:23,7470.0,1000.0,575000.0
1623,2021-10-20 02:47:23,7470.0,100.0,574000.0
1624,2021-10-20 02:47:23,7470.0,2000.0,573900.0
1625,2021-10-20 02:47:23,7470.0,3600.0,571900.0
1626,2021-10-20 02:47:23,7470.0,800.0,568300.0
1627,2021-10-20 02:47:23,7470.0,100.0,567500.0
1628,2021-10-20 02:47:23,7470.0,200.0,567400.0
1629,2021-10-20 02:47:23,7470.0,800.0,567200.0
1630,2021-10-20 02:47:23,7470.0,1000.0,566400.0
1631,2021-10-20 02:47:23,7470.0,300.0,565400.0
1632,2021-10-20 02:47:23,7470.0,1100.0,565100.0
1633,2021-10-20 02:47:10,7470.0,200.0,564000.0
1634,2021-10-20 02:47:07,7470.0,100.0,563800.0
1635,2021-10-20 02:46:58,7470.0,3600.0,563700.0
1636,2021-10-20 02:46:58,7470.0,400.0,560100.0
1637,2021-10-20 02:46:58,7470.0,1000.0,559700.0
1638,2021-10-20 02:46:58,7470.0,59000.0,558700.0
1639,2021-10-20 02:46:49,7470.0,500.0,499700.0
1640,2021-10-20 02:46:36,7470.0,400.0,499200.0
1641,2021-10-20 02:46:36,7480.0,1000.0,498800.0
1642,2021-10-20 02:45:43,7470.0,3700.0,497800.0
1643,2021-10-20 02:45:43,7480.0,400.0,494100.0
1644,2021-10-20 02:45:43,7480.0,1000.0,493700.0
1645,2021-10-20 02:45:43,7480.0,300.0,492700.0
1646,2021-10-20 02:45:43,7480.0,3000.0,492400.0
1647,2021-10-20 02:45:43,7480.0,200.0,489400.0
1648,2021-10-20 02:45:43,7480.0,2000.0,489200.0
1649,2021-10-20 02:45:43,7480.0,500.0,487200.0
1650,2021-10-20 02:45:43,7480.0,2000.0,486700.0
1651,2021-10-20 02:45:43,7480.0,200.0,484700.0
1652,2021-10-20 02:45:34,7490.0,200.0,484500.0
1653,2021-10-20 02:45:21,7490.0,100.0,484300.0
1654,2021-10-20 02:45:21,7490.0,2100.0,484200.0
1655,2021-10-20 02:45:21,7490.0,200.0,482100.0
1656,2021-10-20 02:44:28,7490.0,500.0,481900.0
1657,2021-10-20 02:44:25,7500.0,100.0,481400.0
1658,2021-10-20 02:44:09,7490.0,300.0,481300.0
1659,2021-10-20 02:44:05,7490.0,100.0,481000.0
1660,2021-10-20 02:44:05,7490.0,100.0,480900.0
1661,2021-10-20 02:44:04,7500.0,100.0,480800.0
1662,2021-10-20 02:43:45,7490.0,100.0,480700.0
1663,2021-10-20 02:43:45,7490.0,900.0,480600.0
1664,2021-10-20 02:43:21,7500.0,900.0,479700.0
1665,2021-10-20 02:43:21,7500.0,100.0,478800.0
1666,2021-10-20 02:41:20,7520.0,500.0,478700.0
1667,2021-10-20 02:40:26,7520.0,300.0,478200.0
1668,2021-10-20 02:40:09,7520.0,200.0,477900.0
1669,2021-10-20 02:40:07,7530.0,200.0,477700.0
1670,2021-10-20 02:39:59,7530.0,100.0,477500.0
1671,2021-10-20 02:39:40,7530.0,100.0,477400.0
1672,2021-10-20 02:39:14,7520.0,200.0,477300.0
1673,2021-10-20 02:39:03,7520.0,500.0,477100.0
1674,2021-10-20 02:38:57,7520.0,200.0,476600.0
1675,2021-10-20 02:38:29,7520.0,100.0,476400.0
1676,2021-10-20 02:38:19,7480.0,3000.0,476300.0
1677,2021-10-20 02:38:09,7480.0,100.0,473300.0
1678,2021-10-20 02:37:36,7480.0,1000.0,473200.0
1679,2021-10-20 02:37:24,7480.0,4200.0,472200.0
1680,2021-10-20 02:37:21,7480.0,800.0,468000.0
1681,2021-10-20 02:36:56,7540.0,9300.0,467200.0
1682,2021-10-20 02:36:56,7540.0,100.0,457900.0
1683,2021-10-20 02:36:56,7540.0,100.0,457800.0
1684,2021-10-20 02:36:56,7540.0,1000.0,457700.0
1685,2021-10-20 02:36:56,7530.0,200.0,456700.0
1686,2021-10-20 02:36:56,7510.0,5000.0,456500.0
1687,2021-10-20 02:36:56,7510.0,3000.0,451500.0
1688,2021-10-20 02:36:56,7500.0,200.0,448500.0
1689,2021-10-20 02:36:56,7500.0,200.0,448300.0
1690,2021-10-20 02:36:56,7500.0,2000.0,448100.0
1691,2021-10-20 02:36:56,7500.0,30000.0,446100.0
1692,2021-10-20 02:36:56,7500.0,1000.0,416100.0
1693,2021-10-20 02:36:56,7500.0,1200.0,415100.0
1694,2021-10-20 02:36:56,7500.0,2000.0,413900.0
1695,2021-10-20 02:36:56,7500.0,6600.0,411900.0
1696,2021-10-20 02:36:56,7500.0,100.0,405300.0
1697,2021-10-20 02:36:56,7500.0,2000.0,405200.0
1698,2021-10-20 02:36:56,7500.0,10000.0,403200.0
1699,2021-10-20 02:36:56,7500.0,1400.0,393200.0
1700,2021-10-20 02:36:56,7500.0,800.0,391800.0
1701,2021-10-20 02:36:56,7500.0,2400.0,391000.0
1702,2021-10-20 02:36:56,7500.0,3700.0,388600.0
1703,2021-10-20 02:36:56,7500.0,400.0,384900.0
1704,2021-10-20 02:36:56,7490.0,1000.0,384500.0
1705,2021-10-20 02:36:56,7490.0,10000.0,383500.0
1706,2021-10-20 02:36:56,7490.0,100.0,373500.0
1707,2021-10-20 02:36:56,7490.0,1500.0,373400.0
1708,2021-10-20 02:36:56,7490.0,3300.0,371900.0
1709,2021-10-20 02:36:56,7480.0,1400.0,368600.0
1710,2021-10-20 02:36:46,7480.0,1600.0,367200.0
1711,2021-10-20 02:36:46,7480.0,5000.0,365600.0
1712,2021-10-20 02:36:25,7480.0,3100.0,360600.0
1713,2021-10-20 02:36:25,7480.0,200.0,357500.0
1714,2021-10-20 02:36:25,7480.0,100.0,357300.0
1715,2021-10-20 02:36:18,7480.0,500.0,357200.0
1716,2021-10-20 02:35:41,7480.0,1600.0,356700.0
1717,2021-10-20 02:35:41,7480.0,400.0,355100.0
1718,2021-10-20 02:35:36,7480.0,100.0,354700.0
1719,2021-10-20 02:35:35,7470.0,5000.0,354600.0
1720,2021-10-20 02:35:27,7480.0,600.0,349600.0
1721,2021-10-20 02:35:27,7480.0,1100.0,349000.0
1722,2021-10-20 02:35:27,7480.0,1000.0,347900.0
1723,2021-10-20 02:35:27,7480.0,200.0,346900.0
1724,2021-10-20 02:35:27,7480.0,1000.0,346700.0
1725,2021-10-20 02:35:27,7480.0,600.0,345700.0
1726,2021-10-20 02:35:25,7470.0,100.0,345100.0
1727,2021-10-20 02:34:59,7480.0,500.0,345000.0
1728,2021-10-20 02:34:59,7480.0,200.0,344500.0
1729,2021-10-20 02:34:59,7480.0,1300.0,344300.0
1730,2021-10-20 02:34:34,7480.0,2000.0,343000.0
1731,2021-10-20 02:34:13,7480.0,2000.0,341000.0
1732,2021-10-20 02:33:50,7480.0,700.0,339000.0
1733,2021-10-20 02:33:47,7480.0,200.0,338300.0
1734,2021-10-20 02:33:41,7480.0,300.0,338100.0
1735,2021-10-20 02:33:33,7480.0,100.0,337800.0
1736,2021-10-20 02:33:29,7480.0,200.0,337700.0
1737,2021-10-20 02:33:15,7480.0,1600.0,337500.0
1738,2021-10-20 02:33:09,7480.0,1000.0,335900.0
1739,2021-10-20 02:33:08,7470.0,2300.0,334900.0
1740,2021-10-20 02:33:08,7470.0,10000.0,332600.0
1741,2021-10-20 02:33:08,7470.0,2700.0,322600.0
1742,2021-10-20 02:32:34,7480.0,100.0,319900.0
1743,2021-10-20 02:32:11,7480.0,100.0,319800.0
1744,2021-10-20 02:31:36,7480.0,400.0,319700.0
1745,2021-10-20 02:31:30,7480.0,300.0,319300.0
1746,2021-10-20 02:31:30,7480.0,100.0,319000.0
1747,2021-10-20 02:31:30,7480.0,5000.0,318900.0
1748,2021-10-20 02:31:30,7480.0,100.0,313900.0
1749,2021-10-20 02:31:30,7480.0,4500.0,313800.0
1750,2021-10-20 02:31:22,7490.0,100.0,309300.0
1751,2021-10-20 02:31:16,7480.0,1300.0,309200.0
1752,2021-10-20 02:30:58,7480.0,300.0,307900.0
1753,2021-10-20 02:30:56,7480.0,100.0,307600.0
1754,2021-10-20 02:30:50,7480.0,200.0,307500.0
1755,2021-10-20 02:30:47,7490.0,100.0,307300.0
1756,2021-10-20 02:30:41,7490.0,100.0,307200.0
1757,2021-10-20 02:30:39,7480.0,2000.0,307100.0
1758,2021-10-20 02:29:55,7490.0,1000.0,305100.0
1759,2021-10-20 02:29:49,7490.0,500.0,304100.0
1760,2021-10-20 02:29:46,7490.0,1500.0,303600.0
1761,2021-10-20 02:29:41,7490.0,100.0,302100.0
1762,2021-10-20 02:29:25,7490.0,100.0,302000.0
1763,2021-10-20 02:29:16,7490.0,100.0,301900.0
1764,2021-10-20 02:29:16,7490.0,3100.0,301800.0
1765,2021-10-20 02:28:59,7490.0,200.0,298700.0
1766,2021-10-20 02:28:51,7490.0,2000.0,298500.0
1767,2021-10-20 02:28:36,7490.0,4700.0,296500.0
1768,2021-10-20 02:28:36,7490.0,4300.0,291800.0
1769,2021-10-20 02:28:24,7500.0,3000.0,287500.0
1770,2021-10-20 02:28:24,7500.0,200.0,284500.0
1771,2021-10-20 02:28:24,7500.0,500.0,284300.0
1772,2021-10-20 02:28:24,7500.0,100.0,283800.0
1773,2021-10-20 02:28:24,7500.0,1500.0,283700.0
1774,2021-10-20 02:28:24,7500.0,5000.0,282200.0
1775,2021-10-20 02:28:24,7500.0,100.0,277200.0
1776,2021-10-20 02:28:24,7500.0,300.0,277100.0
1777,2021-10-20 02:28:24,7500.0,8000.0,276800.0
1778,2021-10-20 02:28:24,7500.0,200.0,268800.0
1779,2021-10-20 02:28:24,7500.0,1100.0,268600.0
1780,2021-10-20 02:28:18,7490.0,700.0,267500.0
1781,2021-10-20 02:28:18,7490.0,9300.0,266800.0
1782,2021-10-20 02:28:13,7500.0,100.0,257500.0
1783,2021-10-20 02:28:05,7490.0,10000.0,257400.0
1784,2021-10-20 02:28:05,7490.0,700.0,247400.0
1785,2021-10-20 02:28:02,7490.0,100.0,246700.0
1786,2021-10-20 02:27:52,7490.0,1200.0,246600.0
1787,2021-10-20 02:27:52,7490.0,3800.0,245400.0
1788,2021-10-20 02:27:52,7480.0,200.0,241600.0
1789,2021-10-20 02:27:49,7480.0,10000.0,241400.0
1790,2021-10-20 02:27:42,7480.0,7000.0,231400.0
1791,2021-10-20 02:27:40,7480.0,3000.0,224400.0
1792,2021-10-20 02:27:40,7480.0,1000.0,221400.0
1793,2021-10-20 02:27:34,7480.0,100.0,220400.0
1794,2021-10-20 02:27:34,7480.0,200.0,220300.0
1795,2021-10-20 02:27:34,7480.0,300.0,220100.0
1796,2021-10-20 02:27:15,7470.0,2000.0,219800.0
1797,2021-10-20 02:27:15,7470.0,8000.0,217800.0
1798,2021-10-20 02:27:15,7470.0,7300.0,209800.0
1799,2021-10-20 02:27:13,7470.0,1000.0,202500.0
1800,2021-10-20 02:27:07,7470.0,100.0,201500.0
1801,2021-10-20 02:26:21,7460.0,5000.0,201400.0
1802,2021-10-20 02:26:21,7460.0,300.0,196400.0
1803,2021-10-20 02:26:21,7460.0,700.0,196100.0
1804,2021-10-20 02:26:21,7460.0,2000.0,195400.0
1805,2021-10-20 02:26:21,7460.0,10500.0,193400.0
1806,2021-10-20 02:26:21,7460.0,2500.0,182900.0
1807,2021-10-20 02:26:17,7450.0,100.0,180400.0
1808,2021-10-20 02:26:01,7450.0,200.0,180300.0
1809,2021-10-20 02:25:57,7450.0,1000.0,180100.0
1810,2021-10-20 02:25:52,7450.0,2000.0,179100.0
1811,2021-10-20 02:25:45,7450.0,4600.0,177100.0
1812,2021-10-20 02:25:45,7450.0,4400.0,172500.0
1813,2021-10-20 02:25:41,7450.0,100.0,168100.0
1814,2021-10-20 02:25:39,7450.0,400.0,168000.0
1815,2021-10-20 02:25:20,7450.0,100.0,167600.0
1816,2021-10-20 02:25:20,7450.0,900.0,167500.0
1817,2021-10-20 02:25:19,7450.0,100.0,166600.0
1818,2021-10-20 02:25:19,7450.0,200.0,166500.0
1819,2021-10-20 02:24:57,7450.0,1000.0,166300.0
1820,2021-10-20 02:24:53,7450.0,100.0,165300.0
1821,2021-10-20 02:24:52,7450.0,100.0,165200.0
1822,2021-10-20 02:24:52,7450.0,100.0,165100.0
1823,2021-10-20 02:24:51,7460.0,100.0,165000.0
1824,2021-10-20 02:24:51,7450.0,100.0,164900.0
1825,2021-10-20 02:24:51,7450.0,200.0,164800.0
1826,2021-10-20 02:24:51,7450.0,700.0,164600.0
1827,2021-10-20 02:24:41,7460.0,300.0,163900.0
1828,2021-10-20 02:24:41,7460.0,300.0,163600.0
1829,2021-10-20 02:24:34,7450.0,1500.0,163300.0
1830,2021-10-20 02:24:19,7450.0,800.0,161800.0
1831,2021-10-20 02:24:08,7450.0,200.0,161000.0
1832,2021-10-20 02:24:08,7450.0,1000.0,160800.0
1833,2021-10-20 02:24:08,7450.0,1000.0,159800.0
1834,2021-10-20 02:24:08,7450.0,1000.0,158800.0
1835,2021-10-20 02:24:08,7450.0,1000.0,157800.0
1836,2021-10-20 02:24:08,7450.0,2000.0,156800.0
1837,2021-10-20 02:24:08,7450.0,11200.0,154800.0
1838,2021-10-20 02:24:08,7440.0,2600.0,143600.0
1839,2021-10-20 02:24:07,7440.0,10000.0,141000.0
1840,2021-10-20 02:23:51,7440.0,2000.0,131000.0
1841,2021-10-20 02:23:37,7450.0,500.0,129000.0
1842,2021-10-20 02:23:29,7450.0,100.0,128500.0
1843,2021-10-20 02:23:18,7450.0,300.0,128400.0
1844,2021-10-20 02:22:59,7450.0,100.0,128100.0
1845,2021-10-20 02:21:53,7410.0,100.0,128000.0
1846,2021-10-20 02:21:25,7450.0,1000.0,127900.0
1847,2021-10-20 02:21:24,7450.0,1200.0,126900.0
1848,2021-10-20 02:21:21,7410.0,4500.0,125700.0
1849,2021-10-20 02:21:21,7410.0,3000.0,121200.0
1850,2021-10-20 02:21:21,7430.0,500.0,118200.0
1851,2021-10-20 02:21:21,7430.0,100.0,117700.0
1852,2021-10-20 02:21:21,7430.0,20000.0,117600.0
1853,2021-10-20 02:21:21,7430.0,500.0,97600.0
1854,2021-10-20 02:21:21,7430.0,500.0,97100.0
1855,2021-10-20 02:21:21,7430.0,500.0,96600.0
1856,2021-10-20 02:21:21,7430.0,100.0,96100.0
1857,2021-10-20 02:21:21,7440.0,300.0,96000.0
1858,2021-10-20 02:21:05,7450.0,600.0,95700.0
1859,2021-10-20 02:20:56,7450.0,2000.0,95100.0
1860,2021-10-20 02:20:55,7450.0,17400.0,93100.0
1861,2021-10-20 02:20:12,7450.0,2600.0,75700.0
1862,2021-10-20 02:20:12,7450.0,200.0,73100.0
1863,2021-10-20 02:20:12,7450.0,200.0,72900.0
1864,2021-10-20 02:20:01,7450.0,1800.0,72700.0
1865,2021-10-20 02:19:59,7460.0,500.0,70900.0
1866,2021-10-20 02:19:57,7450.0,200.0,70400.0
1867,2021-10-20 02:19:57,7450.0,200.0,70200.0
1868,2021-10-20 02:19:57,7450.0,100.0,70000.0
1869,2021-10-20 02:19:42,7450.0,3000.0,69900.0
1870,2021-10-20 02:19:39,7460.0,500.0,66900.0
1871,2021-10-20 02:19:30,7460.0,100.0,66400.0
1872,2021-10-20 02:19:28,7460.0,2600.0,66300.0
1873,2021-10-20 02:19:26,7470.0,500.0,63700.0
1874,2021-10-20 02:19:19,7460.0,10000.0,63200.0
1875,2021-10-20 02:19:10,7470.0,200.0,53200.0
1876,2021-10-20 02:18:54,7470.0,1000.0,53000.0
1877,2021-10-20 02:18:51,7470.0,2000.0,52000.0
1878,2021-10-20 02:18:51,7470.0,100.0,50000.0
1879,2021-10-20 02:18:51,7470.0,600.0,49900.0
1880,2021-10-20 02:18:51,7470.0,5400.0,49300.0
1881,2021-10-20 02:18:51,7470.0,1600.0,43900.0
1882,2021-10-20 02:18:09,7490.0,100.0,42300.0
1883,2021-10-20 02:16:45,7490.0,1000.0,42200.0
1884,2021-10-20 02:16:38,7490.0,100.0,41200.0
1885,2021-10-20 02:16:23,7500.0,3800.0,41100.0
1886,2021-10-20 02:16:23,7500.0,1400.0,37300.0
1887,2021-10-20 02:16:21,7460.0,400.0,35900.0
1888,2021-10-20 02:15:50,7500.0,100.0,35500.0
1889,2021-10-20 02:15:39,7500.0,100.0,35400.0
1890,2021-10-20 02:15:39,7500.0,100.0,35300.0
1891,2021-10-20 02:15:31,7460.0,100.0,35200.0
1892,2021-10-20 02:15:01,7460.0,5000.0,35100.0
1893,2021-10-20 02:15:01,7460.0,1900.0,30100.0
1894,2021-10-20 02:15:01,7460.0,3000.0,28200.0
1895,2021-10-20 02:15:01,7460.0,1600.0,25200.0
1896,2021-10-20 02:15:01,7460.0,100.0,23600.0
1897,2021-10-20 02:15:01,7460.0,300.0,23500.0
1898,2021-10-20 02:15:01,7460.0,1400.0,23200.0
1899,2021-10-20 02:15:01,7460.0,1600.0,21800.0
1900,2021-10-20 02:15:01,7460.0,100.0,20200.0
1901,2021-10-20 02:15:01,7460.0,100.0,20100.0
1902,2021-10-20 02:15:01,7460.0,2300.0,20000.0
1903,2021-10-20 02:15:01,7460.0,900.0,17700.0
1904,2021-10-20 02:15:01,7460.0,400.0,16800.0
1905,2021-10-20 02:15:01,7460.0,100.0,16400.0
1906,2021-10-20 02:15:01,7460.0,2900.0,16300.0
1907,2021-10-20 02:15:01,7460.0,5000.0,13400.0
1908,2021-10-20 02:15:01,7460.0,400.0,8400.0
1909,2021-10-20 02:15:01,7460.0,300.0,8000.0
1910,2021-10-20 02:15:01,7460.0,2800.0,7700.0
1911,2021-10-20 02:15:01,7460.0,1000.0,4900.0
1912,2021-10-20 02:15:01,7460.0,2000.0,3900.0
1913,2021-10-20 02:15:01,7460.0,300.0,1900.0
1914,2021-10-20 02:15:01,7460.0,600.0,1600.0
1915,2021-10-20 02:15:01,7460.0,1000.0,1000.0
