,Time,Price,Volume_per_trade,Volume
0,2021-10-08 07:45:00,71800.0,100.0,211100.0
1,2021-10-08 07:45:00,71800.0,300.0,211000.0
2,2021-10-08 07:45:00,71800.0,100.0,210700.0
3,2021-10-08 07:45:00,71800.0,100.0,210600.0
4,2021-10-08 07:45:00,71800.0,100.0,210500.0
5,2021-10-08 07:45:00,71800.0,200.0,210400.0
6,2021-10-08 07:45:00,71800.0,200.0,210200.0
7,2021-10-08 07:45:00,71800.0,1000.0,210000.0
8,2021-10-08 07:45:00,71800.0,400.0,209000.0
9,2021-10-08 07:45:00,71800.0,300.0,208600.0
10,2021-10-08 07:29:16,71900.0,300.0,208300.0
11,2021-10-08 07:26:49,72000.0,100.0,208000.0
12,2021-10-08 07:26:16,71900.0,100.0,207900.0
13,2021-10-08 07:26:16,71900.0,100.0,207800.0
14,2021-10-08 07:26:16,71900.0,300.0,207700.0
15,2021-10-08 07:25:47,71900.0,300.0,207400.0
16,2021-10-08 07:23:25,71900.0,1000.0,207100.0
17,2021-10-08 07:23:20,71900.0,100.0,206100.0
18,2021-10-08 07:22:16,71900.0,300.0,206000.0
19,2021-10-08 07:22:16,71900.0,1700.0,205700.0
20,2021-10-08 07:21:22,71900.0,300.0,204000.0
21,2021-10-08 07:21:22,71900.0,200.0,203700.0
22,2021-10-08 07:21:15,71900.0,200.0,203500.0
23,2021-10-08 07:21:14,71900.0,100.0,203300.0
24,2021-10-08 07:19:39,71900.0,500.0,203200.0
25,2021-10-08 07:19:39,71900.0,100.0,202700.0
26,2021-10-08 07:19:15,72000.0,100.0,202600.0
27,2021-10-08 07:19:15,72000.0,100.0,202500.0
28,2021-10-08 07:19:15,72000.0,200.0,202400.0
29,2021-10-08 07:19:15,72000.0,100.0,202200.0
30,2021-10-08 07:19:15,72000.0,2000.0,202100.0
31,2021-10-08 07:19:15,72000.0,300.0,200100.0
32,2021-10-08 07:13:00,72000.0,500.0,199800.0
33,2021-10-08 07:13:00,72000.0,2700.0,199300.0
34,2021-10-08 07:12:35,72000.0,1000.0,196600.0
35,2021-10-08 07:09:06,71800.0,200.0,195600.0
36,2021-10-08 07:09:06,71800.0,200.0,195400.0
37,2021-10-08 07:09:06,71800.0,300.0,195200.0
38,2021-10-08 07:09:06,71800.0,100.0,194900.0
39,2021-10-08 07:09:06,71800.0,100.0,194800.0
40,2021-10-08 07:09:06,71800.0,100.0,194700.0
41,2021-10-08 07:06:02,71800.0,200.0,194600.0
42,2021-10-08 07:06:02,71900.0,1000.0,194400.0
43,2021-10-08 06:59:34,71800.0,100.0,193400.0
44,2021-10-08 06:59:34,71800.0,9700.0,193300.0
45,2021-10-08 06:59:34,71900.0,200.0,183600.0
46,2021-10-08 06:59:34,71900.0,500.0,183400.0
47,2021-10-08 06:59:34,71900.0,100.0,182900.0
48,2021-10-08 06:59:34,71900.0,200.0,182800.0
49,2021-10-08 06:59:34,71900.0,3000.0,182600.0
50,2021-10-08 06:59:34,71900.0,300.0,179600.0
51,2021-10-08 06:59:34,71900.0,1000.0,179300.0
52,2021-10-08 06:59:34,71900.0,500.0,178300.0
53,2021-10-08 06:59:34,71900.0,200.0,177800.0
54,2021-10-08 06:59:34,71900.0,300.0,177600.0
55,2021-10-08 06:59:34,71900.0,100.0,177300.0
56,2021-10-08 06:59:34,71900.0,100.0,177200.0
57,2021-10-08 06:59:34,71900.0,700.0,177100.0
58,2021-10-08 06:58:26,71900.0,100.0,176400.0
59,2021-10-08 06:58:03,71900.0,200.0,176300.0
60,2021-10-08 06:56:58,72000.0,100.0,176100.0
61,2021-10-08 06:56:35,72000.0,200.0,176000.0
62,2021-10-08 06:56:35,72000.0,1000.0,175800.0
63,2021-10-08 06:54:41,72000.0,100.0,174800.0
64,2021-10-08 06:54:41,72000.0,800.0,174700.0
65,2021-10-08 06:52:41,72000.0,200.0,173900.0
66,2021-10-08 06:52:40,72000.0,200.0,173700.0
67,2021-10-08 06:52:15,72000.0,200.0,173500.0
68,2021-10-08 06:52:06,72000.0,200.0,173300.0
69,2021-10-08 06:51:53,72000.0,100.0,173100.0
70,2021-10-08 06:51:49,72000.0,100.0,173000.0
71,2021-10-08 06:46:16,72000.0,300.0,172900.0
72,2021-10-08 06:46:16,72000.0,300.0,172600.0
73,2021-10-08 06:46:11,72000.0,100.0,172300.0
74,2021-10-08 06:45:59,72000.0,200.0,172200.0
75,2021-10-08 06:43:56,71900.0,200.0,172000.0
76,2021-10-08 06:43:56,71900.0,100.0,171800.0
77,2021-10-08 06:43:49,72000.0,1000.0,171700.0
78,2021-10-08 06:43:33,72000.0,500.0,170700.0
79,2021-10-08 06:43:33,72000.0,2500.0,170200.0
80,2021-10-08 06:41:52,72000.0,200.0,167700.0
81,2021-10-08 06:39:43,72000.0,200.0,167500.0
82,2021-10-08 06:39:15,72000.0,1000.0,167300.0
83,2021-10-08 06:32:53,71900.0,100.0,166300.0
84,2021-10-08 06:30:39,71900.0,2000.0,166200.0
85,2021-10-08 06:30:39,71900.0,800.0,164200.0
86,2021-10-08 06:30:39,71900.0,200.0,163400.0
87,2021-10-08 06:30:39,71900.0,300.0,163200.0
88,2021-10-08 06:30:39,71900.0,1000.0,162900.0
89,2021-10-08 06:29:52,71900.0,100.0,161900.0
90,2021-10-08 06:28:56,72000.0,200.0,161800.0
91,2021-10-08 06:26:46,72000.0,200.0,161600.0
92,2021-10-08 06:24:37,72000.0,100.0,161400.0
93,2021-10-08 06:22:28,72000.0,200.0,161300.0
94,2021-10-08 06:20:18,72000.0,200.0,161100.0
95,2021-10-08 06:18:09,72000.0,200.0,160900.0
96,2021-10-08 06:17:31,72000.0,100.0,160700.0
97,2021-10-08 06:16:35,71900.0,100.0,160600.0
98,2021-10-08 06:16:35,71900.0,200.0,160500.0
99,2021-10-08 06:16:35,71900.0,200.0,160300.0
100,2021-10-08 06:07:50,71900.0,200.0,160100.0
101,2021-10-08 06:06:47,71900.0,200.0,159900.0
102,2021-10-08 06:06:47,71900.0,100.0,159700.0
103,2021-10-08 06:00:53,71900.0,200.0,159600.0
104,2021-10-08 06:00:22,71900.0,200.0,159400.0
105,2021-10-08 06:00:00,71800.0,300.0,159200.0
106,2021-10-08 06:00:00,71800.0,500.0,158900.0
107,2021-10-08 06:00:00,71800.0,1000.0,158400.0
108,2021-10-08 06:00:00,71900.0,200.0,157400.0
109,2021-10-08 04:27:58,71900.0,200.0,157200.0
110,2021-10-08 04:27:46,71900.0,100.0,157000.0
111,2021-10-08 04:27:46,71900.0,100.0,156900.0
112,2021-10-08 04:27:10,71900.0,100.0,156800.0
113,2021-10-08 04:27:10,71900.0,100.0,156700.0
114,2021-10-08 04:27:10,71900.0,200.0,156600.0
115,2021-10-08 04:27:10,71900.0,200.0,156400.0
116,2021-10-08 04:27:10,71900.0,100.0,156200.0
117,2021-10-08 04:27:10,71900.0,200.0,156100.0
118,2021-10-08 04:27:10,71900.0,1000.0,155900.0
119,2021-10-08 04:27:10,71900.0,100.0,154900.0
120,2021-10-08 04:27:10,71900.0,100.0,154800.0
121,2021-10-08 04:27:10,71900.0,900.0,154700.0
122,2021-10-08 04:26:42,71900.0,100.0,153800.0
123,2021-10-08 04:26:42,71900.0,1000.0,153700.0
124,2021-10-08 04:26:42,71900.0,300.0,152700.0
125,2021-10-08 04:26:42,71900.0,200.0,152400.0
126,2021-10-08 04:26:42,71900.0,400.0,152200.0
127,2021-10-08 04:16:30,71900.0,100.0,151800.0
128,2021-10-08 04:16:30,71900.0,3000.0,151700.0
129,2021-10-08 04:16:30,71900.0,100.0,148700.0
130,2021-10-08 04:16:30,71900.0,200.0,148600.0
131,2021-10-08 04:16:30,71900.0,600.0,148400.0
132,2021-10-08 04:15:47,72000.0,200.0,147800.0
133,2021-10-08 04:13:38,72000.0,100.0,147600.0
134,2021-10-08 04:12:21,72000.0,200.0,147500.0
135,2021-10-08 04:09:19,72000.0,200.0,147300.0
136,2021-10-08 04:07:31,72000.0,200.0,147100.0
137,2021-10-08 04:07:31,72000.0,200.0,146900.0
138,2021-10-08 04:07:31,72000.0,100.0,146700.0
139,2021-10-08 04:07:31,72000.0,300.0,146600.0
140,2021-10-08 04:07:31,72000.0,200.0,146300.0
141,2021-10-08 04:07:31,72000.0,300.0,146100.0
142,2021-10-08 04:03:38,72000.0,200.0,145800.0
143,2021-10-08 04:03:38,72000.0,200.0,145600.0
144,2021-10-08 04:03:38,72000.0,200.0,145400.0
145,2021-10-08 04:03:38,72000.0,100.0,145200.0
146,2021-10-08 04:03:38,72000.0,200.0,145100.0
147,2021-10-08 04:03:38,72100.0,100.0,144900.0
148,2021-10-08 04:00:01,72000.0,100.0,144800.0
149,2021-10-08 03:55:59,72000.0,700.0,144700.0
150,2021-10-08 03:55:10,72000.0,200.0,144000.0
151,2021-10-08 03:55:10,72000.0,500.0,143800.0
152,2021-10-08 03:55:10,72000.0,100.0,143300.0
153,2021-10-08 03:55:10,72000.0,200.0,143200.0
154,2021-10-08 03:51:21,72000.0,200.0,143000.0
155,2021-10-08 03:51:21,72000.0,200.0,142800.0
156,2021-10-08 03:51:21,72000.0,200.0,142600.0
157,2021-10-08 03:51:21,72000.0,400.0,142400.0
158,2021-10-08 03:50:17,72000.0,600.0,142000.0
159,2021-10-08 03:50:17,72000.0,10000.0,141400.0
160,2021-10-08 03:50:17,72000.0,200.0,131400.0
161,2021-10-08 03:50:17,72000.0,300.0,131200.0
162,2021-10-08 03:50:17,72000.0,300.0,130900.0
163,2021-10-08 03:50:17,72000.0,200.0,130600.0
164,2021-10-08 03:50:17,72000.0,1400.0,130400.0
165,2021-10-08 03:50:17,72100.0,1000.0,129000.0
166,2021-10-08 03:46:15,72000.0,4500.0,128000.0
167,2021-10-08 03:45:55,72000.0,4100.0,123500.0
168,2021-10-08 03:45:55,72000.0,300.0,119400.0
169,2021-10-08 03:45:55,72000.0,200.0,119100.0
170,2021-10-08 03:45:55,72000.0,400.0,118900.0
171,2021-10-08 03:42:24,72000.0,9600.0,118500.0
172,2021-10-08 03:42:24,72000.0,1000.0,108900.0
173,2021-10-08 03:42:24,72000.0,100.0,107900.0
174,2021-10-08 03:42:24,72000.0,100.0,107800.0
175,2021-10-08 03:42:24,72000.0,200.0,107700.0
176,2021-10-08 03:39:44,72000.0,500.0,107500.0
177,2021-10-08 03:39:44,72000.0,200.0,107000.0
178,2021-10-08 03:39:44,72000.0,100.0,106800.0
179,2021-10-08 03:39:44,72000.0,400.0,106700.0
180,2021-10-08 03:35:47,72000.0,9600.0,106300.0
181,2021-10-08 03:35:47,72000.0,100.0,96700.0
182,2021-10-08 03:35:47,72000.0,200.0,96600.0
183,2021-10-08 03:35:47,72000.0,100.0,96400.0
184,2021-10-08 03:35:02,72000.0,100.0,96300.0
185,2021-10-08 03:30:57,72000.0,100.0,96200.0
186,2021-10-08 03:30:57,72000.0,200.0,96100.0
187,2021-10-08 03:30:57,72000.0,100.0,95900.0
188,2021-10-08 03:30:57,72000.0,200.0,95800.0
189,2021-10-08 03:30:57,72000.0,10000.0,95600.0
190,2021-10-08 03:30:57,72000.0,200.0,85600.0
191,2021-10-08 03:30:57,72000.0,100.0,85400.0
192,2021-10-08 03:30:57,72000.0,100.0,85300.0
193,2021-10-08 03:30:57,72100.0,1000.0,85200.0
194,2021-10-08 03:25:04,72000.0,400.0,84200.0
195,2021-10-08 03:24:14,72000.0,5000.0,83800.0
196,2021-10-08 03:24:14,72000.0,100.0,78800.0
197,2021-10-08 03:24:14,72000.0,2000.0,78700.0
198,2021-10-08 03:24:14,72000.0,700.0,76700.0
199,2021-10-08 03:24:14,72100.0,500.0,76000.0
200,2021-10-08 03:24:14,72100.0,100.0,75500.0
201,2021-10-08 03:24:14,72100.0,2200.0,75400.0
202,2021-10-08 03:24:14,72200.0,200.0,73200.0
203,2021-10-08 03:24:14,72200.0,200.0,73000.0
204,2021-10-08 03:22:48,72200.0,200.0,72800.0
205,2021-10-08 03:21:57,72200.0,1000.0,72600.0
206,2021-10-08 03:21:57,72300.0,200.0,71600.0
207,2021-10-08 03:21:57,72300.0,100.0,71400.0
208,2021-10-08 03:21:57,72300.0,200.0,71300.0
209,2021-10-08 03:21:57,72300.0,200.0,71100.0
210,2021-10-08 03:21:57,72300.0,100.0,70900.0
211,2021-10-08 03:20:54,72300.0,100.0,70800.0
212,2021-10-08 03:19:16,72300.0,100.0,70700.0
213,2021-10-08 03:14:15,72300.0,100.0,70600.0
214,2021-10-08 03:14:15,72300.0,900.0,70500.0
215,2021-10-08 03:13:14,72300.0,100.0,69600.0
216,2021-10-08 03:13:14,72300.0,100.0,69500.0
217,2021-10-08 03:13:10,72300.0,100.0,69400.0
218,2021-10-08 03:13:09,72100.0,500.0,69300.0
219,2021-10-08 03:11:04,72300.0,200.0,68800.0
220,2021-10-08 03:10:51,72300.0,100.0,68600.0
221,2021-10-08 03:08:55,72300.0,100.0,68500.0
222,2021-10-08 03:08:21,72300.0,200.0,68400.0
223,2021-10-08 03:07:17,72300.0,100.0,68200.0
224,2021-10-08 03:06:26,72300.0,300.0,68100.0
225,2021-10-08 03:06:03,72300.0,1000.0,67800.0
226,2021-10-08 03:06:03,72300.0,1000.0,66800.0
227,2021-10-08 03:06:03,72300.0,1000.0,65800.0
228,2021-10-08 03:06:03,72300.0,700.0,64800.0
229,2021-10-08 03:05:55,72400.0,1000.0,64100.0
230,2021-10-08 03:04:36,72500.0,200.0,63100.0
231,2021-10-08 03:04:14,72500.0,100.0,62900.0
232,2021-10-08 03:02:36,72300.0,100.0,62800.0
233,2021-10-08 03:02:36,72300.0,200.0,62700.0
234,2021-10-08 03:01:15,72300.0,800.0,62500.0
235,2021-10-08 03:01:15,72300.0,200.0,61700.0
236,2021-10-08 02:59:11,72100.0,300.0,61500.0
237,2021-10-08 02:57:23,72300.0,300.0,61200.0
238,2021-10-08 02:57:23,72300.0,100.0,60900.0
239,2021-10-08 02:57:23,72300.0,100.0,60800.0
240,2021-10-08 02:57:23,72300.0,100.0,60700.0
241,2021-10-08 02:57:23,72300.0,100.0,60600.0
242,2021-10-08 02:57:23,72300.0,100.0,60500.0
243,2021-10-08 02:52:53,72300.0,200.0,60400.0
244,2021-10-08 02:50:14,72300.0,400.0,60200.0
245,2021-10-08 02:50:14,72300.0,300.0,59800.0
246,2021-10-08 02:50:04,72300.0,100.0,59500.0
247,2021-10-08 02:49:00,72300.0,600.0,59400.0
248,2021-10-08 02:49:00,72300.0,400.0,58800.0
249,2021-10-08 02:48:33,72300.0,100.0,58400.0
250,2021-10-08 02:48:33,72300.0,100.0,58300.0
251,2021-10-08 02:48:33,72300.0,800.0,58200.0
252,2021-10-08 02:47:36,72000.0,500.0,57400.0
253,2021-10-08 02:47:36,72000.0,2800.0,56900.0
254,2021-10-08 02:47:32,72000.0,1000.0,54100.0
255,2021-10-08 02:47:27,72000.0,1000.0,53100.0
256,2021-10-08 02:47:25,72000.0,200.0,52100.0
257,2021-10-08 02:47:25,72000.0,600.0,51900.0
258,2021-10-08 02:47:18,72000.0,1000.0,51300.0
259,2021-10-08 02:46:08,72000.0,1000.0,50300.0
260,2021-10-08 02:45:13,71900.0,400.0,49300.0
261,2021-10-08 02:44:47,72000.0,4900.0,48900.0
262,2021-10-08 02:44:24,72000.0,100.0,44000.0
263,2021-10-08 02:43:58,72000.0,100.0,43900.0
264,2021-10-08 02:43:52,72000.0,2400.0,43800.0
265,2021-10-08 02:43:52,72000.0,100.0,41400.0
266,2021-10-08 02:43:29,72000.0,200.0,41300.0
267,2021-10-08 02:43:29,72000.0,800.0,41100.0
268,2021-10-08 02:41:26,72000.0,2200.0,40300.0
269,2021-10-08 02:41:26,72000.0,3800.0,38100.0
270,2021-10-08 02:41:26,72100.0,3000.0,34300.0
271,2021-10-08 02:41:26,72100.0,1000.0,31300.0
272,2021-10-08 02:38:04,72300.0,700.0,30300.0
273,2021-10-08 02:38:04,72200.0,300.0,29600.0
274,2021-10-08 02:37:24,72000.0,100.0,29300.0
275,2021-10-08 02:37:24,72000.0,1000.0,29200.0
276,2021-10-08 02:37:24,72000.0,100.0,28200.0
277,2021-10-08 02:37:07,72000.0,1000.0,28100.0
278,2021-10-08 02:35:29,72000.0,100.0,27100.0
279,2021-10-08 02:35:29,72000.0,1000.0,27000.0
280,2021-10-08 02:35:29,72000.0,200.0,26000.0
281,2021-10-08 02:35:29,72000.0,2000.0,25800.0
282,2021-10-08 02:35:29,72000.0,1000.0,23800.0
283,2021-10-08 02:35:29,72000.0,300.0,22800.0
284,2021-10-08 02:35:29,72000.0,500.0,22500.0
285,2021-10-08 02:35:29,72000.0,1300.0,22000.0
286,2021-10-08 02:35:26,72000.0,700.0,20700.0
287,2021-10-08 02:35:26,72000.0,1000.0,20000.0
288,2021-10-08 02:35:26,72000.0,200.0,19000.0
289,2021-10-08 02:35:26,72000.0,100.0,18800.0
290,2021-10-08 02:34:11,72200.0,100.0,18700.0
291,2021-10-08 02:34:07,72200.0,100.0,18600.0
292,2021-10-08 02:32:36,72300.0,1000.0,18500.0
293,2021-10-08 02:32:07,72000.0,200.0,17500.0
294,2021-10-08 02:32:07,72100.0,1000.0,17300.0
295,2021-10-08 02:24:49,72000.0,700.0,16300.0
296,2021-10-08 02:24:44,72000.0,100.0,15600.0
297,2021-10-08 02:24:44,72000.0,500.0,15500.0
298,2021-10-08 02:24:44,72000.0,100.0,15000.0
299,2021-10-08 02:24:44,72000.0,200.0,14900.0
300,2021-10-08 02:24:44,72000.0,5000.0,14700.0
301,2021-10-08 02:24:44,72000.0,200.0,9700.0
302,2021-10-08 02:24:44,72100.0,300.0,9500.0
303,2021-10-08 02:24:44,72100.0,100.0,9200.0
304,2021-10-08 02:24:44,72200.0,200.0,9100.0
305,2021-10-08 02:24:44,72200.0,100.0,8900.0
306,2021-10-08 02:24:18,72300.0,2000.0,8800.0
307,2021-10-08 02:23:35,72300.0,100.0,6800.0
308,2021-10-08 02:23:10,72200.0,100.0,6700.0
309,2021-10-08 02:23:10,72300.0,100.0,6600.0
310,2021-10-08 02:22:16,72300.0,300.0,6500.0
311,2021-10-08 02:22:16,72300.0,200.0,6200.0
312,2021-10-08 02:18:27,72200.0,200.0,6000.0
313,2021-10-08 02:18:27,72200.0,400.0,5800.0
314,2021-10-08 02:17:52,72200.0,1100.0,5400.0
315,2021-10-08 02:17:52,72200.0,900.0,4300.0
316,2021-10-08 02:15:35,72200.0,3000.0,3400.0
317,2021-10-08 02:15:00,72200.0,200.0,400.0
318,2021-10-08 02:15:00,72200.0,200.0,200.0
