,Time,Price,Volume_per_trade,Volume
0,2021-10-11 07:45:00,41200.0,900.0,1962300.0
1,2021-10-11 07:45:00,41200.0,100.0,1961400.0
2,2021-10-11 07:45:00,41200.0,2500.0,1961300.0
3,2021-10-11 07:45:00,41200.0,500.0,1958800.0
4,2021-10-11 07:45:00,41200.0,2000.0,1958300.0
5,2021-10-11 07:45:00,41200.0,1000.0,1956300.0
6,2021-10-11 07:45:00,41200.0,900.0,1955300.0
7,2021-10-11 07:45:00,41200.0,2000.0,1954400.0
8,2021-10-11 07:45:00,41200.0,500.0,1952400.0
9,2021-10-11 07:45:00,41200.0,400.0,1951900.0
10,2021-10-11 07:45:00,41200.0,200.0,1951500.0
11,2021-10-11 07:45:00,41200.0,100.0,1951300.0
12,2021-10-11 07:45:00,41200.0,2000.0,1951200.0
13,2021-10-11 07:45:00,41200.0,1000.0,1949200.0
14,2021-10-11 07:45:00,41200.0,1000.0,1948200.0
15,2021-10-11 07:45:00,41200.0,200.0,1947200.0
16,2021-10-11 07:45:00,41200.0,500.0,1947000.0
17,2021-10-11 07:45:00,41200.0,400.0,1946500.0
18,2021-10-11 07:45:00,41200.0,100.0,1946100.0
19,2021-10-11 07:45:00,41200.0,500.0,1946000.0
20,2021-10-11 07:45:00,41200.0,1000.0,1945500.0
21,2021-10-11 07:45:00,41200.0,1000.0,1944500.0
22,2021-10-11 07:45:00,41200.0,1500.0,1943500.0
23,2021-10-11 07:45:00,41200.0,2000.0,1942000.0
24,2021-10-11 07:45:00,41200.0,1500.0,1940000.0
25,2021-10-11 07:45:00,41200.0,500.0,1938500.0
26,2021-10-11 07:45:00,41200.0,500.0,1938000.0
27,2021-10-11 07:45:00,41200.0,500.0,1937500.0
28,2021-10-11 07:45:00,41200.0,200.0,1937000.0
29,2021-10-11 07:45:00,41200.0,1000.0,1936800.0
30,2021-10-11 07:45:00,41200.0,500.0,1935800.0
31,2021-10-11 07:45:00,41200.0,100.0,1935300.0
32,2021-10-11 07:45:00,41200.0,500.0,1935200.0
33,2021-10-11 07:45:00,41200.0,1000.0,1934700.0
34,2021-10-11 07:45:00,41200.0,300.0,1933700.0
35,2021-10-11 07:45:00,41200.0,1200.0,1933400.0
36,2021-10-11 07:45:00,41200.0,5300.0,1932200.0
37,2021-10-11 07:45:00,41200.0,1000.0,1926900.0
38,2021-10-11 07:45:00,41200.0,100.0,1925900.0
39,2021-10-11 07:45:00,41200.0,100.0,1925800.0
40,2021-10-11 07:45:00,41200.0,100.0,1925700.0
41,2021-10-11 07:45:00,41200.0,1700.0,1925600.0
42,2021-10-11 07:45:00,41200.0,5000.0,1923900.0
43,2021-10-11 07:45:00,41200.0,700.0,1918900.0
44,2021-10-11 07:45:00,41200.0,2000.0,1918200.0
45,2021-10-11 07:45:00,41200.0,2000.0,1916200.0
46,2021-10-11 07:45:00,41200.0,1200.0,1914200.0
47,2021-10-11 07:45:00,41200.0,700.0,1913000.0
48,2021-10-11 07:45:00,41200.0,200.0,1912300.0
49,2021-10-11 07:45:00,41200.0,100.0,1912100.0
50,2021-10-11 07:45:00,41200.0,600.0,1912000.0
51,2021-10-11 07:45:00,41200.0,500.0,1911400.0
52,2021-10-11 07:45:00,41200.0,2500.0,1910900.0
53,2021-10-11 07:45:00,41200.0,100.0,1908400.0
54,2021-10-11 07:45:00,41200.0,100.0,1908300.0
55,2021-10-11 07:45:00,41200.0,1000.0,1908200.0
56,2021-10-11 07:45:00,41200.0,2000.0,1907200.0
57,2021-10-11 07:45:00,41200.0,1100.0,1905200.0
58,2021-10-11 07:45:00,41200.0,1000.0,1904100.0
59,2021-10-11 07:45:00,41200.0,100.0,1903100.0
60,2021-10-11 07:45:00,41200.0,300.0,1903000.0
61,2021-10-11 07:45:00,41200.0,500.0,1902700.0
62,2021-10-11 07:45:00,41200.0,100.0,1902200.0
63,2021-10-11 07:45:00,41200.0,100.0,1902100.0
64,2021-10-11 07:45:00,41200.0,300.0,1902000.0
65,2021-10-11 07:45:00,41200.0,500.0,1901700.0
66,2021-10-11 07:45:00,41200.0,100.0,1901200.0
67,2021-10-11 07:45:00,41200.0,500.0,1901100.0
68,2021-10-11 07:45:00,41200.0,1000.0,1900600.0
69,2021-10-11 07:45:00,41200.0,1500.0,1899600.0
70,2021-10-11 07:45:00,41200.0,100.0,1898100.0
71,2021-10-11 07:45:00,41200.0,300.0,1898000.0
72,2021-10-11 07:45:00,41200.0,400.0,1897700.0
73,2021-10-11 07:45:00,41200.0,600.0,1897300.0
74,2021-10-11 07:29:43,40700.0,100.0,1896700.0
75,2021-10-11 07:29:43,40700.0,200.0,1896600.0
76,2021-10-11 07:29:20,40800.0,100.0,1896400.0
77,2021-10-11 07:28:49,40800.0,1000.0,1896300.0
78,2021-10-11 07:28:41,40800.0,1900.0,1895300.0
79,2021-10-11 07:28:41,40800.0,1000.0,1893400.0
80,2021-10-11 07:28:18,40700.0,1000.0,1892400.0
81,2021-10-11 07:27:08,40850.0,1400.0,1891400.0
82,2021-10-11 07:27:08,40850.0,600.0,1890000.0
83,2021-10-11 07:26:58,40850.0,700.0,1889400.0
84,2021-10-11 07:26:58,40800.0,300.0,1888700.0
85,2021-10-11 07:26:58,40800.0,100.0,1888400.0
86,2021-10-11 07:26:57,40800.0,800.0,1888300.0
87,2021-10-11 07:26:49,40800.0,100.0,1887500.0
88,2021-10-11 07:26:48,40700.0,3800.0,1887400.0
89,2021-10-11 07:26:05,40850.0,500.0,1883600.0
90,2021-10-11 07:25:56,40400.0,800.0,1883100.0
91,2021-10-11 07:25:56,40450.0,1000.0,1882300.0
92,2021-10-11 07:25:56,40450.0,4000.0,1881300.0
93,2021-10-11 07:25:56,40450.0,300.0,1877300.0
94,2021-10-11 07:25:56,40450.0,300.0,1877000.0
95,2021-10-11 07:25:56,40450.0,500.0,1876700.0
96,2021-10-11 07:25:56,40450.0,500.0,1876200.0
97,2021-10-11 07:25:56,40450.0,200.0,1875700.0
98,2021-10-11 07:25:56,40450.0,100.0,1875500.0
99,2021-10-11 07:25:56,40450.0,500.0,1875400.0
100,2021-10-11 07:25:56,40450.0,1000.0,1874900.0
101,2021-10-11 07:25:56,40450.0,100.0,1873900.0
102,2021-10-11 07:25:56,40450.0,1100.0,1873800.0
103,2021-10-11 07:25:56,40450.0,5000.0,1872700.0
104,2021-10-11 07:25:56,40450.0,100.0,1867700.0
105,2021-10-11 07:25:56,40450.0,1000.0,1867600.0
106,2021-10-11 07:25:56,40450.0,1000.0,1866600.0
107,2021-10-11 07:25:56,40450.0,10000.0,1865600.0
108,2021-10-11 07:25:56,40450.0,1300.0,1855600.0
109,2021-10-11 07:25:56,40450.0,600.0,1854300.0
110,2021-10-11 07:25:56,40450.0,5000.0,1853700.0
111,2021-10-11 07:25:56,40450.0,500.0,1848700.0
112,2021-10-11 07:25:56,40450.0,2700.0,1848200.0
113,2021-10-11 07:25:56,40450.0,300.0,1845500.0
114,2021-10-11 07:25:56,40500.0,500.0,1845200.0
115,2021-10-11 07:25:56,40500.0,100.0,1844700.0
116,2021-10-11 07:25:56,40500.0,300.0,1844600.0
117,2021-10-11 07:25:56,40500.0,300.0,1844300.0
118,2021-10-11 07:25:56,40500.0,100.0,1844000.0
119,2021-10-11 07:25:56,40500.0,100.0,1843900.0
120,2021-10-11 07:25:56,40500.0,2000.0,1843800.0
121,2021-10-11 07:25:56,40500.0,2000.0,1841800.0
122,2021-10-11 07:25:56,40500.0,800.0,1839800.0
123,2021-10-11 07:25:56,40500.0,2900.0,1839000.0
124,2021-10-11 07:25:56,40500.0,2000.0,1836100.0
125,2021-10-11 07:25:56,40500.0,200.0,1834100.0
126,2021-10-11 07:25:56,40500.0,200.0,1833900.0
127,2021-10-11 07:25:56,40500.0,100.0,1833700.0
128,2021-10-11 07:25:56,40500.0,2000.0,1833600.0
129,2021-10-11 07:25:56,40550.0,100.0,1831600.0
130,2021-10-11 07:25:56,40550.0,4900.0,1831500.0
131,2021-10-11 07:25:56,40600.0,100.0,1826600.0
132,2021-10-11 07:25:56,40600.0,5000.0,1826500.0
133,2021-10-11 07:25:56,40650.0,600.0,1821500.0
134,2021-10-11 07:25:56,40700.0,200.0,1820900.0
135,2021-10-11 07:25:56,40700.0,2000.0,1820700.0
136,2021-10-11 07:25:56,40700.0,100.0,1818700.0
137,2021-10-11 07:25:56,40700.0,500.0,1818600.0
138,2021-10-11 07:25:56,40700.0,3500.0,1818100.0
139,2021-10-11 07:25:56,40700.0,2100.0,1814600.0
140,2021-10-11 07:25:56,40750.0,2400.0,1812500.0
141,2021-10-11 07:25:56,40800.0,800.0,1810100.0
142,2021-10-11 07:25:51,40800.0,100.0,1809300.0
143,2021-10-11 07:25:51,40800.0,100.0,1809200.0
144,2021-10-11 07:25:51,40800.0,500.0,1809100.0
145,2021-10-11 07:25:51,40800.0,100.0,1808600.0
146,2021-10-11 07:25:46,40750.0,500.0,1808500.0
147,2021-10-11 07:25:43,40800.0,400.0,1808000.0
148,2021-10-11 07:25:43,40800.0,300.0,1807600.0
149,2021-10-11 07:25:43,40800.0,100.0,1807300.0
150,2021-10-11 07:25:43,40800.0,1200.0,1807200.0
151,2021-10-11 07:25:43,40800.0,1000.0,1806000.0
152,2021-10-11 07:25:33,40750.0,3600.0,1805000.0
153,2021-10-11 07:25:33,40750.0,100.0,1801400.0
154,2021-10-11 07:24:51,40750.0,1900.0,1801300.0
155,2021-10-11 07:24:51,40750.0,2800.0,1799400.0
156,2021-10-11 07:24:26,40800.0,2100.0,1796600.0
157,2021-10-11 07:23:51,40800.0,500.0,1794500.0
158,2021-10-11 07:23:51,40800.0,800.0,1794000.0
159,2021-10-11 07:23:51,40800.0,600.0,1793200.0
160,2021-10-11 07:23:39,40800.0,2000.0,1792600.0
161,2021-10-11 07:23:35,40800.0,1400.0,1790600.0
162,2021-10-11 07:23:29,40800.0,1500.0,1789200.0
163,2021-10-11 07:23:18,40800.0,3700.0,1787700.0
164,2021-10-11 07:23:11,40800.0,1300.0,1784000.0
165,2021-10-11 07:23:11,40800.0,400.0,1782700.0
166,2021-10-11 07:23:03,40800.0,600.0,1782300.0
167,2021-10-11 07:23:03,40800.0,400.0,1781700.0
168,2021-10-11 07:23:03,40800.0,600.0,1781300.0
169,2021-10-11 07:22:59,40800.0,400.0,1780700.0
170,2021-10-11 07:22:59,40800.0,2000.0,1780300.0
171,2021-10-11 07:22:54,40800.0,1800.0,1778300.0
172,2021-10-11 07:22:45,40750.0,6000.0,1776500.0
173,2021-10-11 07:22:45,40750.0,2300.0,1770500.0
174,2021-10-11 07:22:44,40750.0,100.0,1768200.0
175,2021-10-11 07:22:43,40700.0,100.0,1768100.0
176,2021-10-11 07:22:39,40700.0,100.0,1768000.0
177,2021-10-11 07:22:24,40700.0,3600.0,1767900.0
178,2021-10-11 07:22:18,40650.0,300.0,1764300.0
179,2021-10-11 07:22:17,40650.0,1700.0,1764000.0
180,2021-10-11 07:22:10,40700.0,600.0,1762300.0
181,2021-10-11 07:22:00,40700.0,100.0,1761700.0
182,2021-10-11 07:21:49,40700.0,500.0,1761600.0
183,2021-10-11 07:21:45,40750.0,700.0,1761100.0
184,2021-10-11 07:21:42,40700.0,3000.0,1760400.0
185,2021-10-11 07:21:42,40700.0,1500.0,1757400.0
186,2021-10-11 07:21:29,40650.0,800.0,1755900.0
187,2021-10-11 07:21:24,40650.0,3600.0,1755100.0
188,2021-10-11 07:21:07,40650.0,300.0,1751500.0
189,2021-10-11 07:21:01,40650.0,2000.0,1751200.0
190,2021-10-11 07:20:56,40600.0,200.0,1749200.0
191,2021-10-11 07:20:53,40650.0,4700.0,1749000.0
192,2021-10-11 07:20:53,40650.0,4000.0,1744300.0
193,2021-10-11 07:20:53,40650.0,1300.0,1740300.0
194,2021-10-11 07:20:40,40600.0,1300.0,1739000.0
195,2021-10-11 07:20:28,40600.0,4700.0,1737700.0
196,2021-10-11 07:20:28,40600.0,100.0,1733000.0
197,2021-10-11 07:20:28,40600.0,200.0,1732900.0
198,2021-10-11 07:20:22,40600.0,2900.0,1732700.0
199,2021-10-11 07:20:05,40550.0,5000.0,1729800.0
200,2021-10-11 07:20:05,40550.0,2400.0,1724800.0
201,2021-10-11 07:20:04,40550.0,200.0,1722400.0
202,2021-10-11 07:19:47,40550.0,1800.0,1722200.0
203,2021-10-11 07:19:35,40550.0,200.0,1720400.0
204,2021-10-11 07:19:35,40550.0,2000.0,1720200.0
205,2021-10-11 07:19:26,40500.0,2000.0,1718200.0
206,2021-10-11 07:18:52,40550.0,300.0,1716200.0
207,2021-10-11 07:18:48,40500.0,100.0,1715900.0
208,2021-10-11 07:18:47,40500.0,400.0,1715800.0
209,2021-10-11 07:18:25,40550.0,100.0,1715400.0
210,2021-10-11 07:18:19,40550.0,100.0,1715300.0
211,2021-10-11 07:18:04,40550.0,2700.0,1715200.0
212,2021-10-11 07:17:34,40550.0,1600.0,1712500.0
213,2021-10-11 07:17:32,40500.0,100.0,1710900.0
214,2021-10-11 07:17:02,40550.0,1400.0,1710800.0
215,2021-10-11 07:17:02,40550.0,500.0,1709400.0
216,2021-10-11 07:16:47,40500.0,2300.0,1708900.0
217,2021-10-11 07:16:37,40450.0,100.0,1706600.0
218,2021-10-11 07:16:35,40500.0,200.0,1706500.0
219,2021-10-11 07:16:35,40500.0,500.0,1706300.0
220,2021-10-11 07:16:35,40500.0,1200.0,1705800.0
221,2021-10-11 07:16:35,40500.0,100.0,1704600.0
222,2021-10-11 07:16:28,40500.0,400.0,1704500.0
223,2021-10-11 07:16:28,40500.0,100.0,1704100.0
224,2021-10-11 07:16:28,40500.0,300.0,1704000.0
225,2021-10-11 07:16:28,40500.0,300.0,1703700.0
226,2021-10-11 07:16:14,40500.0,300.0,1703400.0
227,2021-10-11 07:16:06,40500.0,1600.0,1703100.0
228,2021-10-11 07:16:06,40500.0,900.0,1701500.0
229,2021-10-11 07:15:50,40500.0,100.0,1700600.0
230,2021-10-11 07:15:50,40500.0,500.0,1700500.0
231,2021-10-11 07:15:05,40500.0,100.0,1700000.0
232,2021-10-11 07:14:49,40500.0,100.0,1699900.0
233,2021-10-11 07:14:43,40500.0,3300.0,1699800.0
234,2021-10-11 07:14:43,40500.0,400.0,1696500.0
235,2021-10-11 07:14:43,40500.0,3300.0,1696100.0
236,2021-10-11 07:14:32,40500.0,200.0,1692800.0
237,2021-10-11 07:14:26,40500.0,100.0,1692600.0
238,2021-10-11 07:14:15,40500.0,1000.0,1692500.0
239,2021-10-11 07:14:15,40450.0,600.0,1691500.0
240,2021-10-11 07:14:15,40450.0,200.0,1690900.0
241,2021-10-11 07:14:15,40450.0,200.0,1690700.0
242,2021-10-11 07:14:09,40500.0,100.0,1690500.0
243,2021-10-11 07:13:50,40500.0,100.0,1690400.0
244,2021-10-11 07:13:38,40500.0,100.0,1690300.0
245,2021-10-11 07:13:20,40500.0,400.0,1690200.0
246,2021-10-11 07:12:53,40500.0,200.0,1689800.0
247,2021-10-11 07:12:46,40500.0,1900.0,1689600.0
248,2021-10-11 07:12:38,40450.0,600.0,1687700.0
249,2021-10-11 07:12:36,40500.0,100.0,1687100.0
250,2021-10-11 07:12:26,40500.0,1900.0,1687000.0
251,2021-10-11 07:12:17,40450.0,100.0,1685100.0
252,2021-10-11 07:11:55,40500.0,200.0,1685000.0
253,2021-10-11 07:11:33,40500.0,100.0,1684800.0
254,2021-10-11 07:11:28,40500.0,1000.0,1684700.0
255,2021-10-11 07:11:03,40500.0,2400.0,1683700.0
256,2021-10-11 07:10:57,40450.0,1000.0,1681300.0
257,2021-10-11 07:09:18,40500.0,100.0,1680300.0
258,2021-10-11 07:08:06,40450.0,400.0,1680200.0
259,2021-10-11 07:07:34,40500.0,200.0,1679800.0
260,2021-10-11 07:07:18,40500.0,200.0,1679600.0
261,2021-10-11 07:06:50,40500.0,2000.0,1679400.0
262,2021-10-11 07:06:12,40500.0,100.0,1677400.0
263,2021-10-11 07:06:00,40500.0,100.0,1677300.0
264,2021-10-11 07:05:59,40500.0,100.0,1677200.0
265,2021-10-11 07:05:48,40500.0,5000.0,1677100.0
266,2021-10-11 07:05:43,40500.0,100.0,1672100.0
267,2021-10-11 07:05:39,40500.0,1500.0,1672000.0
268,2021-10-11 07:05:05,40450.0,500.0,1670500.0
269,2021-10-11 07:05:05,40500.0,500.0,1670000.0
270,2021-10-11 07:04:17,40500.0,600.0,1669500.0
271,2021-10-11 07:03:16,40450.0,2200.0,1668900.0
272,2021-10-11 07:02:55,40450.0,400.0,1666700.0
273,2021-10-11 07:02:44,40450.0,700.0,1666300.0
274,2021-10-11 07:02:44,40450.0,500.0,1665600.0
275,2021-10-11 07:02:44,40450.0,4300.0,1665100.0
276,2021-10-11 07:02:37,40450.0,500.0,1660800.0
277,2021-10-11 07:02:24,40450.0,200.0,1660300.0
278,2021-10-11 07:02:17,40450.0,1000.0,1660100.0
279,2021-10-11 07:02:17,40450.0,100.0,1659100.0
280,2021-10-11 07:02:00,40450.0,2000.0,1659000.0
281,2021-10-11 07:01:34,40450.0,1000.0,1657000.0
282,2021-10-11 07:01:34,40450.0,100.0,1656000.0
283,2021-10-11 07:01:34,40450.0,500.0,1655900.0
284,2021-10-11 07:01:34,40450.0,400.0,1655400.0
285,2021-10-11 07:01:34,40450.0,500.0,1655000.0
286,2021-10-11 07:01:30,40450.0,1600.0,1654500.0
287,2021-10-11 07:01:30,40450.0,1000.0,1652900.0
288,2021-10-11 07:01:22,40450.0,400.0,1651900.0
289,2021-10-11 07:01:22,40450.0,100.0,1651500.0
290,2021-10-11 07:01:22,40450.0,200.0,1651400.0
291,2021-10-11 07:01:22,40450.0,100.0,1651200.0
292,2021-10-11 07:01:22,40450.0,3100.0,1651100.0
293,2021-10-11 07:01:07,40500.0,100.0,1648000.0
294,2021-10-11 07:00:00,40500.0,200.0,1647900.0
295,2021-10-11 06:58:54,40450.0,3900.0,1647700.0
296,2021-10-11 06:58:42,40450.0,100.0,1643800.0
297,2021-10-11 06:58:42,40450.0,400.0,1643700.0
298,2021-10-11 06:58:24,40450.0,200.0,1643300.0
299,2021-10-11 06:58:19,40450.0,500.0,1643100.0
300,2021-10-11 06:57:35,40450.0,500.0,1642600.0
301,2021-10-11 06:57:35,40450.0,300.0,1642100.0
302,2021-10-11 06:57:35,40450.0,100.0,1641800.0
303,2021-10-11 06:57:35,40450.0,100.0,1641700.0
304,2021-10-11 06:57:35,40450.0,300.0,1641600.0
305,2021-10-11 06:57:35,40450.0,100.0,1641300.0
306,2021-10-11 06:57:35,40450.0,100.0,1641200.0
307,2021-10-11 06:57:35,40450.0,100.0,1641100.0
308,2021-10-11 06:57:35,40450.0,500.0,1641000.0
309,2021-10-11 06:57:35,40450.0,400.0,1640500.0
310,2021-10-11 06:57:10,40500.0,500.0,1640100.0
311,2021-10-11 06:56:58,40500.0,4200.0,1639600.0
312,2021-10-11 06:56:58,40500.0,100.0,1635400.0
313,2021-10-11 06:56:58,40500.0,1300.0,1635300.0
314,2021-10-11 06:56:49,40550.0,2300.0,1634000.0
315,2021-10-11 06:56:49,40550.0,1200.0,1631700.0
316,2021-10-11 06:56:45,40500.0,5000.0,1630500.0
317,2021-10-11 06:56:37,40500.0,700.0,1625500.0
318,2021-10-11 06:56:37,40500.0,5700.0,1624800.0
319,2021-10-11 06:56:18,40500.0,4300.0,1619100.0
320,2021-10-11 06:56:18,40500.0,200.0,1614800.0
321,2021-10-11 06:55:44,40500.0,100.0,1614600.0
322,2021-10-11 06:55:44,40500.0,700.0,1614500.0
323,2021-10-11 06:55:00,40500.0,100.0,1613800.0
324,2021-10-11 06:54:53,40500.0,200.0,1613700.0
325,2021-10-11 06:54:47,40500.0,100.0,1613500.0
326,2021-10-11 06:53:28,40450.0,100.0,1613400.0
327,2021-10-11 06:53:07,40500.0,2500.0,1613300.0
328,2021-10-11 06:53:07,40500.0,2800.0,1610800.0
329,2021-10-11 06:53:07,40500.0,100.0,1608000.0
330,2021-10-11 06:53:07,40500.0,2700.0,1607900.0
331,2021-10-11 06:53:07,40500.0,1000.0,1605200.0
332,2021-10-11 06:53:07,40500.0,900.0,1604200.0
333,2021-10-11 06:53:02,40450.0,100.0,1603300.0
334,2021-10-11 06:52:39,40500.0,800.0,1603200.0
335,2021-10-11 06:52:37,40500.0,800.0,1602400.0
336,2021-10-11 06:52:29,40500.0,100.0,1601600.0
337,2021-10-11 06:52:12,40500.0,200.0,1601500.0
338,2021-10-11 06:51:13,40500.0,100.0,1601300.0
339,2021-10-11 06:50:10,40500.0,500.0,1601200.0
340,2021-10-11 06:49:39,40500.0,100.0,1600700.0
341,2021-10-11 06:49:36,40500.0,100.0,1600600.0
342,2021-10-11 06:49:18,40500.0,500.0,1600500.0
343,2021-10-11 06:49:18,40500.0,500.0,1600000.0
344,2021-10-11 06:48:47,40500.0,100.0,1599500.0
345,2021-10-11 06:48:32,40500.0,1000.0,1599400.0
346,2021-10-11 06:48:17,40500.0,1000.0,1598400.0
347,2021-10-11 06:48:12,40500.0,1600.0,1597400.0
348,2021-10-11 06:48:04,40500.0,400.0,1595800.0
349,2021-10-11 06:47:54,40500.0,2600.0,1595400.0
350,2021-10-11 06:47:54,40500.0,100.0,1592800.0
351,2021-10-11 06:47:54,40500.0,300.0,1592700.0
352,2021-10-11 06:47:40,40500.0,2000.0,1592400.0
353,2021-10-11 06:47:12,40500.0,100.0,1590400.0
354,2021-10-11 06:46:52,40500.0,1000.0,1590300.0
355,2021-10-11 06:46:16,40500.0,500.0,1589300.0
356,2021-10-11 06:45:34,40500.0,3100.0,1588800.0
357,2021-10-11 06:45:24,40400.0,300.0,1585700.0
358,2021-10-11 06:45:24,40450.0,300.0,1585400.0
359,2021-10-11 06:45:24,40450.0,400.0,1585100.0
360,2021-10-11 06:45:24,40450.0,500.0,1584700.0
361,2021-10-11 06:45:24,40450.0,1000.0,1584200.0
362,2021-10-11 06:45:24,40450.0,100.0,1583200.0
363,2021-10-11 06:45:24,40450.0,1400.0,1583100.0
364,2021-10-11 06:45:20,40450.0,1600.0,1581700.0
365,2021-10-11 06:45:20,40450.0,100.0,1580100.0
366,2021-10-11 06:45:20,40450.0,500.0,1580000.0
367,2021-10-11 06:45:20,40450.0,100.0,1579500.0
368,2021-10-11 06:45:20,40450.0,3000.0,1579400.0
369,2021-10-11 06:45:20,40450.0,300.0,1576400.0
370,2021-10-11 06:45:20,40450.0,100.0,1576100.0
371,2021-10-11 06:45:20,40450.0,100.0,1576000.0
372,2021-10-11 06:45:20,40450.0,200.0,1575900.0
373,2021-10-11 06:44:45,40500.0,1700.0,1575700.0
374,2021-10-11 06:44:40,40500.0,100.0,1574000.0
375,2021-10-11 06:44:31,40500.0,200.0,1573900.0
376,2021-10-11 06:44:30,40500.0,1000.0,1573700.0
377,2021-10-11 06:44:17,40500.0,100.0,1572700.0
378,2021-10-11 06:44:01,40500.0,500.0,1572600.0
379,2021-10-11 06:43:59,40500.0,300.0,1572100.0
380,2021-10-11 06:43:24,40500.0,100.0,1571800.0
381,2021-10-11 06:43:06,40500.0,100.0,1571700.0
382,2021-10-11 06:42:54,40500.0,3000.0,1571600.0
383,2021-10-11 06:42:24,40500.0,200.0,1568600.0
384,2021-10-11 06:42:24,40500.0,100.0,1568400.0
385,2021-10-11 06:42:24,40500.0,200.0,1568300.0
386,2021-10-11 06:41:45,40500.0,2300.0,1568100.0
387,2021-10-11 06:41:45,40500.0,500.0,1565800.0
388,2021-10-11 06:41:27,40450.0,100.0,1565300.0
389,2021-10-11 06:40:58,40500.0,500.0,1565200.0
390,2021-10-11 06:40:43,40500.0,2900.0,1564700.0
391,2021-10-11 06:40:42,40500.0,100.0,1561800.0
392,2021-10-11 06:40:42,40500.0,1000.0,1561700.0
393,2021-10-11 06:40:42,40500.0,200.0,1560700.0
394,2021-10-11 06:40:42,40500.0,3700.0,1560500.0
395,2021-10-11 06:40:35,40500.0,100.0,1556800.0
396,2021-10-11 06:40:13,40500.0,1200.0,1556700.0
397,2021-10-11 06:40:13,40500.0,1300.0,1555500.0
398,2021-10-11 06:40:13,40500.0,400.0,1554200.0
399,2021-10-11 06:39:26,40500.0,2000.0,1553800.0
400,2021-10-11 06:39:26,40500.0,2600.0,1551800.0
401,2021-10-11 06:39:26,40500.0,100.0,1549200.0
402,2021-10-11 06:39:20,40500.0,100.0,1549100.0
403,2021-10-11 06:39:20,40500.0,1200.0,1549000.0
404,2021-10-11 06:39:20,40500.0,2500.0,1547800.0
405,2021-10-11 06:39:16,40500.0,200.0,1545300.0
406,2021-10-11 06:39:12,40500.0,200.0,1545100.0
407,2021-10-11 06:39:09,40500.0,200.0,1544900.0
408,2021-10-11 06:39:07,40500.0,7600.0,1544700.0
409,2021-10-11 06:39:07,40500.0,2000.0,1537100.0
410,2021-10-11 06:39:02,40500.0,3400.0,1535100.0
411,2021-10-11 06:38:42,40500.0,600.0,1531700.0
412,2021-10-11 06:38:40,40500.0,400.0,1531100.0
413,2021-10-11 06:38:36,40500.0,1200.0,1530700.0
414,2021-10-11 06:38:32,40500.0,4400.0,1529500.0
415,2021-10-11 06:38:31,40500.0,1100.0,1525100.0
416,2021-10-11 06:38:28,40500.0,2600.0,1524000.0
417,2021-10-11 06:38:26,40500.0,500.0,1521400.0
418,2021-10-11 06:38:25,40500.0,4100.0,1520900.0
419,2021-10-11 06:38:25,40500.0,900.0,1516800.0
420,2021-10-11 06:38:17,40500.0,2500.0,1515900.0
421,2021-10-11 06:38:14,40500.0,100.0,1513400.0
422,2021-10-11 06:38:12,40500.0,100.0,1513300.0
423,2021-10-11 06:38:12,40500.0,300.0,1513200.0
424,2021-10-11 06:38:06,40500.0,1200.0,1512900.0
425,2021-10-11 06:38:02,40500.0,600.0,1511700.0
426,2021-10-11 06:38:00,40500.0,6200.0,1511100.0
427,2021-10-11 06:38:00,40500.0,3800.0,1504900.0
428,2021-10-11 06:37:54,40500.0,2200.0,1501100.0
429,2021-10-11 06:37:54,40500.0,1300.0,1498900.0
430,2021-10-11 06:37:50,40450.0,100.0,1497600.0
431,2021-10-11 06:37:49,40500.0,1000.0,1497500.0
432,2021-10-11 06:37:45,40500.0,2000.0,1496500.0
433,2021-10-11 06:37:45,40500.0,1100.0,1494500.0
434,2021-10-11 06:37:40,40550.0,100.0,1493400.0
435,2021-10-11 06:37:12,40500.0,200.0,1493300.0
436,2021-10-11 06:36:42,40500.0,1000.0,1493100.0
437,2021-10-11 06:36:08,40500.0,2700.0,1492100.0
438,2021-10-11 06:36:03,40500.0,500.0,1489400.0
439,2021-10-11 06:35:39,40500.0,300.0,1488900.0
440,2021-10-11 06:35:17,40500.0,700.0,1488600.0
441,2021-10-11 06:35:16,40450.0,1000.0,1487900.0
442,2021-10-11 06:35:14,40500.0,200.0,1486900.0
443,2021-10-11 06:35:09,40500.0,400.0,1486700.0
444,2021-10-11 06:34:56,40500.0,1700.0,1486300.0
445,2021-10-11 06:34:49,40500.0,2500.0,1484600.0
446,2021-10-11 06:34:49,40500.0,200.0,1482100.0
447,2021-10-11 06:34:18,40500.0,1000.0,1481900.0
448,2021-10-11 06:34:03,40500.0,100.0,1480900.0
449,2021-10-11 06:33:58,40500.0,100.0,1480800.0
450,2021-10-11 06:33:34,40500.0,1500.0,1480700.0
451,2021-10-11 06:33:13,40500.0,2000.0,1479200.0
452,2021-10-11 06:33:09,40500.0,100.0,1477200.0
453,2021-10-11 06:32:32,40500.0,100.0,1477100.0
454,2021-10-11 06:32:25,40500.0,2900.0,1477000.0
455,2021-10-11 06:32:25,40500.0,100.0,1474100.0
456,2021-10-11 06:32:16,40500.0,100.0,1474000.0
457,2021-10-11 06:32:13,40500.0,200.0,1473900.0
458,2021-10-11 06:32:02,40500.0,100.0,1473700.0
459,2021-10-11 06:31:53,40450.0,100.0,1473600.0
460,2021-10-11 06:31:45,40500.0,2500.0,1473500.0
461,2021-10-11 06:31:35,40500.0,100.0,1471000.0
462,2021-10-11 06:31:25,40500.0,500.0,1470900.0
463,2021-10-11 06:31:23,40450.0,100.0,1470400.0
464,2021-10-11 06:31:05,40500.0,200.0,1470300.0
465,2021-10-11 06:31:01,40500.0,200.0,1470100.0
466,2021-10-11 06:30:59,40500.0,100.0,1469900.0
467,2021-10-11 06:30:59,40500.0,500.0,1469800.0
468,2021-10-11 06:30:59,40500.0,1100.0,1469300.0
469,2021-10-11 06:30:51,40500.0,100.0,1468200.0
470,2021-10-11 06:30:50,40500.0,800.0,1468100.0
471,2021-10-11 06:30:48,40500.0,3000.0,1467300.0
472,2021-10-11 06:30:44,40500.0,100.0,1464300.0
473,2021-10-11 06:30:36,40450.0,100.0,1464200.0
474,2021-10-11 06:30:08,40450.0,100.0,1464100.0
475,2021-10-11 06:29:54,40450.0,1200.0,1464000.0
476,2021-10-11 06:29:53,40450.0,500.0,1462800.0
477,2021-10-11 06:29:49,40400.0,100.0,1462300.0
478,2021-10-11 06:29:47,40450.0,1800.0,1462200.0
479,2021-10-11 06:29:47,40450.0,200.0,1460400.0
480,2021-10-11 06:29:28,40400.0,100.0,1460200.0
481,2021-10-11 06:29:27,40450.0,100.0,1460100.0
482,2021-10-11 06:29:11,40450.0,100.0,1460000.0
483,2021-10-11 06:29:09,40450.0,100.0,1459900.0
484,2021-10-11 06:29:09,40450.0,2500.0,1459800.0
485,2021-10-11 06:29:09,40450.0,1000.0,1457300.0
486,2021-10-11 06:28:55,40500.0,300.0,1456300.0
487,2021-10-11 06:28:55,40500.0,300.0,1456000.0
488,2021-10-11 06:28:44,40500.0,300.0,1455700.0
489,2021-10-11 06:28:44,40500.0,500.0,1455400.0
490,2021-10-11 06:28:44,40500.0,100.0,1454900.0
491,2021-10-11 06:28:44,40500.0,500.0,1454800.0
492,2021-10-11 06:28:44,40500.0,500.0,1454300.0
493,2021-10-11 06:28:44,40500.0,200.0,1453800.0
494,2021-10-11 06:28:44,40500.0,100.0,1453600.0
495,2021-10-11 06:28:44,40500.0,100.0,1453500.0
496,2021-10-11 06:28:44,40500.0,1000.0,1453400.0
497,2021-10-11 06:28:44,40500.0,100.0,1452400.0
498,2021-10-11 06:28:44,40500.0,1000.0,1452300.0
499,2021-10-11 06:28:44,40500.0,500.0,1451300.0
500,2021-10-11 06:28:44,40500.0,600.0,1450800.0
501,2021-10-11 06:28:44,40500.0,1000.0,1450200.0
502,2021-10-11 06:28:44,40500.0,100.0,1449200.0
503,2021-10-11 06:28:44,40500.0,300.0,1449100.0
504,2021-10-11 06:28:44,40500.0,500.0,1448800.0
505,2021-10-11 06:28:44,40500.0,400.0,1448300.0
506,2021-10-11 06:28:39,40550.0,200.0,1447900.0
507,2021-10-11 06:27:30,40550.0,100.0,1447700.0
508,2021-10-11 06:27:19,40550.0,100.0,1447600.0
509,2021-10-11 06:27:17,40550.0,100.0,1447500.0
510,2021-10-11 06:27:12,40550.0,200.0,1447400.0
511,2021-10-11 06:25:42,40550.0,500.0,1447200.0
512,2021-10-11 06:25:42,40550.0,100.0,1446700.0
513,2021-10-11 06:25:42,40550.0,1300.0,1446600.0
514,2021-10-11 06:25:03,40550.0,4000.0,1445300.0
515,2021-10-11 06:24:34,40600.0,500.0,1441300.0
516,2021-10-11 06:24:33,40600.0,500.0,1440800.0
517,2021-10-11 06:24:33,40600.0,600.0,1440300.0
518,2021-10-11 06:24:20,40600.0,6500.0,1439700.0
519,2021-10-11 06:24:14,40600.0,400.0,1433200.0
520,2021-10-11 06:24:14,40600.0,100.0,1432800.0
521,2021-10-11 06:24:14,40600.0,3600.0,1432700.0
522,2021-10-11 06:24:14,40600.0,600.0,1429100.0
523,2021-10-11 06:23:32,40650.0,100.0,1428500.0
524,2021-10-11 06:23:32,40650.0,3600.0,1428400.0
525,2021-10-11 06:23:25,40700.0,1000.0,1424800.0
526,2021-10-11 06:23:15,40700.0,100.0,1423800.0
527,2021-10-11 06:22:58,40700.0,1000.0,1423700.0
528,2021-10-11 06:22:58,40700.0,200.0,1422700.0
529,2021-10-11 06:22:52,40700.0,800.0,1422500.0
530,2021-10-11 06:22:52,40700.0,2900.0,1421700.0
531,2021-10-11 06:22:52,40700.0,100.0,1418800.0
532,2021-10-11 06:22:52,40700.0,100.0,1418700.0
533,2021-10-11 06:22:52,40700.0,2000.0,1418600.0
534,2021-10-11 06:22:52,40700.0,2000.0,1416600.0
535,2021-10-11 06:22:40,40700.0,2000.0,1414600.0
536,2021-10-11 06:22:18,40750.0,600.0,1412600.0
537,2021-10-11 06:21:58,40750.0,100.0,1412000.0
538,2021-10-11 06:21:58,40750.0,100.0,1411900.0
539,2021-10-11 06:21:48,40750.0,6400.0,1411800.0
540,2021-10-11 06:21:48,40750.0,3600.0,1405400.0
541,2021-10-11 06:21:14,40800.0,300.0,1401800.0
542,2021-10-11 06:21:14,40800.0,500.0,1401500.0
543,2021-10-11 06:21:14,40800.0,500.0,1401000.0
544,2021-10-11 06:21:11,40800.0,100.0,1400500.0
545,2021-10-11 06:21:08,40800.0,2600.0,1400400.0
546,2021-10-11 06:20:50,40800.0,1000.0,1397800.0
547,2021-10-11 06:20:24,40850.0,100.0,1396800.0
548,2021-10-11 06:20:24,40850.0,1900.0,1396700.0
549,2021-10-11 06:18:58,40900.0,100.0,1394800.0
550,2021-10-11 06:17:53,40900.0,500.0,1394700.0
551,2021-10-11 06:17:48,40900.0,300.0,1394200.0
552,2021-10-11 06:17:42,40900.0,900.0,1393900.0
553,2021-10-11 06:17:39,40900.0,1000.0,1393000.0
554,2021-10-11 06:17:33,40900.0,100.0,1392000.0
555,2021-10-11 06:17:24,40900.0,2000.0,1391900.0
556,2021-10-11 06:17:24,40900.0,100.0,1389900.0
557,2021-10-11 06:17:15,40950.0,500.0,1389800.0
558,2021-10-11 06:17:12,40900.0,200.0,1389300.0
559,2021-10-11 06:17:12,40900.0,2000.0,1389100.0
560,2021-10-11 06:17:12,40900.0,1400.0,1387100.0
561,2021-10-11 06:17:06,40950.0,600.0,1385700.0
562,2021-10-11 06:17:06,40950.0,400.0,1385100.0
563,2021-10-11 06:16:59,40950.0,100.0,1384700.0
564,2021-10-11 06:16:43,40900.0,100.0,1384600.0
565,2021-10-11 06:16:43,40900.0,500.0,1384500.0
566,2021-10-11 06:16:40,40900.0,200.0,1384000.0
567,2021-10-11 06:16:36,40900.0,500.0,1383800.0
568,2021-10-11 06:16:17,40900.0,2400.0,1383300.0
569,2021-10-11 06:15:52,40900.0,200.0,1380900.0
570,2021-10-11 06:15:06,40850.0,900.0,1380700.0
571,2021-10-11 06:15:02,40850.0,3000.0,1379800.0
572,2021-10-11 06:14:52,40800.0,2300.0,1376800.0
573,2021-10-11 06:14:47,40800.0,700.0,1374500.0
574,2021-10-11 06:14:47,40800.0,500.0,1373800.0
575,2021-10-11 06:14:47,40800.0,500.0,1373300.0
576,2021-10-11 06:14:47,40800.0,800.0,1372800.0
577,2021-10-11 06:14:40,40750.0,1000.0,1372000.0
578,2021-10-11 06:14:31,40750.0,2000.0,1371000.0
579,2021-10-11 06:14:31,40750.0,300.0,1369000.0
580,2021-10-11 06:14:08,40750.0,500.0,1368700.0
581,2021-10-11 06:13:49,40750.0,100.0,1368200.0
582,2021-10-11 06:13:43,40750.0,200.0,1368100.0
583,2021-10-11 06:13:43,40750.0,200.0,1367900.0
584,2021-10-11 06:13:43,40750.0,100.0,1367700.0
585,2021-10-11 06:13:43,40750.0,400.0,1367600.0
586,2021-10-11 06:13:43,40750.0,2200.0,1367200.0
587,2021-10-11 06:13:31,40750.0,2500.0,1365000.0
588,2021-10-11 06:12:45,40750.0,100.0,1362500.0
589,2021-10-11 06:12:31,40800.0,2000.0,1362400.0
590,2021-10-11 06:12:24,40800.0,100.0,1360400.0
591,2021-10-11 06:12:22,40800.0,2800.0,1360300.0
592,2021-10-11 06:12:11,40800.0,1800.0,1357500.0
593,2021-10-11 06:12:09,40800.0,100.0,1355700.0
594,2021-10-11 06:12:00,40800.0,400.0,1355600.0
595,2021-10-11 06:12:00,40800.0,2400.0,1355200.0
596,2021-10-11 06:11:55,40800.0,600.0,1352800.0
597,2021-10-11 06:11:22,40750.0,2100.0,1352200.0
598,2021-10-11 06:11:20,40750.0,500.0,1350100.0
599,2021-10-11 06:11:11,40750.0,100.0,1349600.0
600,2021-10-11 06:10:58,40750.0,1200.0,1349500.0
601,2021-10-11 06:10:58,40750.0,100.0,1348300.0
602,2021-10-11 06:10:52,40750.0,5500.0,1348200.0
603,2021-10-11 06:10:49,40750.0,800.0,1342700.0
604,2021-10-11 06:10:45,40750.0,500.0,1341900.0
605,2021-10-11 06:10:45,40750.0,1000.0,1341400.0
606,2021-10-11 06:10:32,40700.0,600.0,1340400.0
607,2021-10-11 06:10:23,40700.0,300.0,1339800.0
608,2021-10-11 06:10:20,40700.0,500.0,1339500.0
609,2021-10-11 06:10:17,40700.0,10600.0,1339000.0
610,2021-10-11 06:10:17,40700.0,900.0,1328400.0
611,2021-10-11 06:10:12,40700.0,1200.0,1327500.0
612,2021-10-11 06:10:11,40700.0,6900.0,1326300.0
613,2021-10-11 06:10:11,40700.0,400.0,1319400.0
614,2021-10-11 06:10:11,40700.0,2700.0,1319000.0
615,2021-10-11 06:10:06,40700.0,900.0,1316300.0
616,2021-10-11 06:10:02,40700.0,2100.0,1315400.0
617,2021-10-11 06:09:59,40700.0,1400.0,1313300.0
618,2021-10-11 06:09:58,40700.0,100.0,1311900.0
619,2021-10-11 06:09:57,40700.0,1700.0,1311800.0
620,2021-10-11 06:09:55,40700.0,100.0,1310100.0
621,2021-10-11 06:09:55,40700.0,900.0,1310000.0
622,2021-10-11 06:09:47,40700.0,2400.0,1309100.0
623,2021-10-11 06:09:44,40700.0,1700.0,1306700.0
624,2021-10-11 06:09:37,40700.0,3400.0,1305000.0
625,2021-10-11 06:09:36,40700.0,100.0,1301600.0
626,2021-10-11 06:09:30,40700.0,200.0,1301500.0
627,2021-10-11 06:09:30,40700.0,300.0,1301300.0
628,2021-10-11 06:09:26,40700.0,2700.0,1301000.0
629,2021-10-11 06:09:21,40700.0,1000.0,1298300.0
630,2021-10-11 06:09:09,40700.0,1300.0,1297300.0
631,2021-10-11 06:09:09,40700.0,2100.0,1296000.0
632,2021-10-11 06:09:08,40700.0,200.0,1293900.0
633,2021-10-11 06:09:03,40700.0,1600.0,1293700.0
634,2021-10-11 06:08:57,40700.0,800.0,1292100.0
635,2021-10-11 06:08:57,40700.0,1200.0,1291300.0
636,2021-10-11 06:08:57,40700.0,3000.0,1290100.0
637,2021-10-11 06:08:57,40700.0,1200.0,1287100.0
638,2021-10-11 06:08:52,40700.0,100.0,1285900.0
639,2021-10-11 06:08:52,40700.0,300.0,1285800.0
640,2021-10-11 06:08:49,40700.0,6600.0,1285500.0
641,2021-10-11 06:08:45,40700.0,2500.0,1278900.0
642,2021-10-11 06:08:41,40700.0,600.0,1276400.0
643,2021-10-11 06:08:41,40700.0,2500.0,1275800.0
644,2021-10-11 06:08:23,40650.0,700.0,1273300.0
645,2021-10-11 06:08:22,40650.0,500.0,1272600.0
646,2021-10-11 06:08:19,40650.0,300.0,1272100.0
647,2021-10-11 06:08:18,40650.0,100.0,1271800.0
648,2021-10-11 06:08:18,40650.0,1200.0,1271700.0
649,2021-10-11 06:08:14,40650.0,8800.0,1270500.0
650,2021-10-11 06:08:13,40650.0,600.0,1261700.0
651,2021-10-11 06:08:13,40650.0,300.0,1261100.0
652,2021-10-11 06:08:13,40650.0,600.0,1260800.0
653,2021-10-11 06:08:10,40650.0,200.0,1260200.0
654,2021-10-11 06:08:09,40650.0,1600.0,1260000.0
655,2021-10-11 06:08:07,40650.0,4600.0,1258400.0
656,2021-10-11 06:08:07,40650.0,900.0,1253800.0
657,2021-10-11 06:08:03,40650.0,2500.0,1252900.0
658,2021-10-11 06:08:00,40650.0,400.0,1250400.0
659,2021-10-11 06:07:58,40650.0,100.0,1250000.0
660,2021-10-11 06:07:58,40650.0,9500.0,1249900.0
661,2021-10-11 06:07:48,40650.0,200.0,1240400.0
662,2021-10-11 06:07:41,40650.0,300.0,1240200.0
663,2021-10-11 06:07:41,40650.0,6600.0,1239900.0
664,2021-10-11 06:07:31,40650.0,100.0,1233300.0
665,2021-10-11 06:07:29,40650.0,500.0,1233200.0
666,2021-10-11 06:07:29,40650.0,2800.0,1232700.0
667,2021-10-11 06:07:29,40650.0,2000.0,1229900.0
668,2021-10-11 06:07:29,40650.0,200.0,1227900.0
669,2021-10-11 06:07:10,40600.0,400.0,1227700.0
670,2021-10-11 06:07:06,40600.0,5000.0,1227300.0
671,2021-10-11 06:07:03,40600.0,1900.0,1222300.0
672,2021-10-11 06:07:03,40600.0,500.0,1220400.0
673,2021-10-11 06:06:58,40600.0,600.0,1219900.0
674,2021-10-11 06:06:55,40600.0,1500.0,1219300.0
675,2021-10-11 06:06:53,40600.0,9400.0,1217800.0
676,2021-10-11 06:06:53,40600.0,600.0,1208400.0
677,2021-10-11 06:06:47,40600.0,600.0,1207800.0
678,2021-10-11 06:06:45,40600.0,6200.0,1207200.0
679,2021-10-11 06:06:45,40600.0,3800.0,1201000.0
680,2021-10-11 06:06:43,40600.0,2300.0,1197200.0
681,2021-10-11 06:06:39,40600.0,900.0,1194900.0
682,2021-10-11 06:06:39,40600.0,500.0,1194000.0
683,2021-10-11 06:06:39,40600.0,400.0,1193500.0
684,2021-10-11 06:06:39,40600.0,3200.0,1193100.0
685,2021-10-11 06:06:28,40550.0,1600.0,1189900.0
686,2021-10-11 06:06:19,40550.0,200.0,1188300.0
687,2021-10-11 06:06:10,40550.0,300.0,1188100.0
688,2021-10-11 06:06:05,40550.0,800.0,1187800.0
689,2021-10-11 06:06:03,40550.0,1200.0,1187000.0
690,2021-10-11 06:06:02,40550.0,100.0,1185800.0
691,2021-10-11 06:06:01,40550.0,9600.0,1185700.0
692,2021-10-11 06:06:01,40550.0,400.0,1176100.0
693,2021-10-11 06:06:01,40550.0,300.0,1175700.0
694,2021-10-11 06:05:56,40550.0,200.0,1175400.0
695,2021-10-11 06:05:55,40550.0,2000.0,1175200.0
696,2021-10-11 06:05:51,40550.0,1900.0,1173200.0
697,2021-10-11 06:05:48,40550.0,7200.0,1171300.0
698,2021-10-11 06:05:48,40550.0,2800.0,1164100.0
699,2021-10-11 06:05:41,40550.0,200.0,1161300.0
700,2021-10-11 06:05:40,40550.0,3300.0,1161100.0
701,2021-10-11 06:05:40,40550.0,200.0,1157800.0
702,2021-10-11 06:05:35,40550.0,8800.0,1157600.0
703,2021-10-11 06:05:34,40550.0,100.0,1148800.0
704,2021-10-11 06:05:34,40550.0,1100.0,1148700.0
705,2021-10-11 06:05:24,40550.0,3500.0,1147600.0
706,2021-10-11 06:05:17,40550.0,1800.0,1144100.0
707,2021-10-11 06:05:09,40550.0,4000.0,1142300.0
708,2021-10-11 06:05:09,40550.0,700.0,1138300.0
709,2021-10-11 06:04:40,40500.0,100.0,1137600.0
710,2021-10-11 06:04:11,40500.0,3000.0,1137500.0
711,2021-10-11 06:03:42,40500.0,100.0,1134500.0
712,2021-10-11 06:03:30,40500.0,200.0,1134400.0
713,2021-10-11 06:03:20,40500.0,500.0,1134200.0
714,2021-10-11 06:02:27,40500.0,100.0,1133700.0
715,2021-10-11 06:02:27,40450.0,100.0,1133600.0
716,2021-10-11 06:02:16,40450.0,900.0,1133500.0
717,2021-10-11 06:02:16,40450.0,1600.0,1132600.0
718,2021-10-11 06:02:02,40450.0,700.0,1131000.0
719,2021-10-11 06:01:29,40450.0,700.0,1130300.0
720,2021-10-11 06:01:29,40450.0,300.0,1129600.0
721,2021-10-11 06:00:38,40450.0,400.0,1129300.0
722,2021-10-11 06:00:35,40450.0,1000.0,1128900.0
723,2021-10-11 06:00:35,40450.0,1000.0,1127900.0
724,2021-10-11 06:00:35,40450.0,200.0,1126900.0
725,2021-10-11 06:00:35,40450.0,1000.0,1126700.0
726,2021-10-11 06:00:35,40500.0,100.0,1125700.0
727,2021-10-11 06:00:28,40550.0,3100.0,1125600.0
728,2021-10-11 06:00:28,40550.0,600.0,1122500.0
729,2021-10-11 06:00:28,40550.0,4000.0,1121900.0
730,2021-10-11 06:00:28,40550.0,300.0,1117900.0
731,2021-10-11 06:00:28,40500.0,400.0,1117600.0
732,2021-10-11 06:00:28,40500.0,1600.0,1117200.0
733,2021-10-11 06:00:21,40500.0,100.0,1115600.0
734,2021-10-11 06:00:01,40450.0,400.0,1115500.0
735,2021-10-11 06:00:01,40500.0,100.0,1115100.0
736,2021-10-11 06:00:00,40500.0,100.0,1115000.0
737,2021-10-11 06:00:00,40500.0,1000.0,1114900.0
738,2021-10-11 06:00:00,40500.0,100.0,1113900.0
739,2021-10-11 06:00:00,40500.0,100.0,1113800.0
740,2021-10-11 04:29:57,40450.0,2200.0,1113700.0
741,2021-10-11 04:29:50,40450.0,1200.0,1111500.0
742,2021-10-11 04:29:34,40400.0,1000.0,1110300.0
743,2021-10-11 04:29:19,40450.0,300.0,1109300.0
744,2021-10-11 04:29:17,40450.0,300.0,1109000.0
745,2021-10-11 04:29:17,40450.0,900.0,1108700.0
746,2021-10-11 04:28:52,40450.0,200.0,1107800.0
747,2021-10-11 04:28:27,40450.0,1500.0,1107600.0
748,2021-10-11 04:28:08,40400.0,500.0,1106100.0
749,2021-10-11 04:27:35,40450.0,400.0,1105600.0
750,2021-10-11 04:27:35,40450.0,1400.0,1105200.0
751,2021-10-11 04:27:27,40450.0,100.0,1103800.0
752,2021-10-11 04:27:27,40450.0,3800.0,1103700.0
753,2021-10-11 04:26:30,40450.0,200.0,1099900.0
754,2021-10-11 04:26:08,40500.0,1000.0,1099700.0
755,2021-10-11 04:24:31,40500.0,100.0,1098700.0
756,2021-10-11 04:24:30,40500.0,1000.0,1098600.0
757,2021-10-11 04:23:36,40500.0,100.0,1097600.0
758,2021-10-11 04:23:05,40500.0,200.0,1097500.0
759,2021-10-11 04:23:03,40500.0,500.0,1097300.0
760,2021-10-11 04:22:52,40500.0,100.0,1096800.0
761,2021-10-11 04:22:32,40500.0,400.0,1096700.0
762,2021-10-11 04:22:32,40500.0,2900.0,1096300.0
763,2021-10-11 04:22:26,40500.0,400.0,1093400.0
764,2021-10-11 04:22:16,40550.0,700.0,1093000.0
765,2021-10-11 04:22:16,40550.0,300.0,1092300.0
766,2021-10-11 04:21:54,40550.0,300.0,1092000.0
767,2021-10-11 04:21:54,40550.0,700.0,1091700.0
768,2021-10-11 04:21:54,40550.0,2300.0,1091000.0
769,2021-10-11 04:19:54,40550.0,1300.0,1088700.0
770,2021-10-11 04:19:44,40550.0,1000.0,1087400.0
771,2021-10-11 04:19:38,40500.0,100.0,1086400.0
772,2021-10-11 04:19:38,40500.0,3200.0,1086300.0
773,2021-10-11 04:19:32,40500.0,100.0,1083100.0
774,2021-10-11 04:19:32,40500.0,200.0,1083000.0
775,2021-10-11 04:19:32,40500.0,500.0,1082800.0
776,2021-10-11 04:18:09,40500.0,500.0,1082300.0
777,2021-10-11 04:18:07,40500.0,500.0,1081800.0
778,2021-10-11 04:17:41,40500.0,1500.0,1081300.0
779,2021-10-11 04:17:41,40500.0,100.0,1079800.0
780,2021-10-11 04:17:41,40500.0,400.0,1079700.0
781,2021-10-11 04:17:17,40500.0,100.0,1079300.0
782,2021-10-11 04:16:41,40500.0,300.0,1079200.0
783,2021-10-11 04:16:41,40500.0,500.0,1078900.0
784,2021-10-11 04:16:41,40500.0,100.0,1078400.0
785,2021-10-11 04:16:32,40500.0,100.0,1078300.0
786,2021-10-11 04:16:25,40500.0,100.0,1078200.0
787,2021-10-11 04:16:20,40500.0,200.0,1078100.0
788,2021-10-11 04:16:20,40500.0,800.0,1077900.0
789,2021-10-11 04:16:13,40500.0,100.0,1077100.0
790,2021-10-11 04:16:07,40500.0,500.0,1077000.0
791,2021-10-11 04:15:54,40500.0,1000.0,1076500.0
792,2021-10-11 04:15:46,40450.0,500.0,1075500.0
793,2021-10-11 04:15:41,40450.0,1800.0,1075000.0
794,2021-10-11 04:15:36,40450.0,1200.0,1073200.0
795,2021-10-11 04:15:36,40450.0,1700.0,1072000.0
796,2021-10-11 04:15:31,40400.0,700.0,1070300.0
797,2021-10-11 04:15:26,40400.0,200.0,1069600.0
798,2021-10-11 04:15:25,40400.0,1500.0,1069400.0
799,2021-10-11 04:15:25,40400.0,1500.0,1067900.0
800,2021-10-11 04:14:01,40400.0,2100.0,1066400.0
801,2021-10-11 04:13:51,40400.0,500.0,1064300.0
802,2021-10-11 04:13:51,40400.0,2400.0,1063800.0
803,2021-10-11 04:13:48,40400.0,2300.0,1061400.0
804,2021-10-11 04:13:48,40400.0,600.0,1059100.0
805,2021-10-11 04:12:58,40350.0,2000.0,1058500.0
806,2021-10-11 04:12:58,40350.0,1500.0,1056500.0
807,2021-10-11 04:12:30,40350.0,100.0,1055000.0
808,2021-10-11 04:12:30,40350.0,200.0,1054900.0
809,2021-10-11 04:12:30,40350.0,3000.0,1054700.0
810,2021-10-11 04:12:30,40350.0,300.0,1051700.0
811,2021-10-11 04:12:24,40350.0,3700.0,1051400.0
812,2021-10-11 04:12:24,40350.0,200.0,1047700.0
813,2021-10-11 04:12:24,40350.0,100.0,1047500.0
814,2021-10-11 04:12:24,40350.0,200.0,1047400.0
815,2021-10-11 04:12:19,40350.0,1800.0,1047200.0
816,2021-10-11 04:12:19,40350.0,1000.0,1045400.0
817,2021-10-11 04:12:19,40350.0,3500.0,1044400.0
818,2021-10-11 04:11:21,40400.0,3400.0,1040900.0
819,2021-10-11 04:11:21,40350.0,1500.0,1037500.0
820,2021-10-11 04:11:18,40350.0,100.0,1036000.0
821,2021-10-11 04:11:16,40350.0,200.0,1035900.0
822,2021-10-11 04:11:13,40350.0,500.0,1035700.0
823,2021-10-11 04:11:12,40350.0,400.0,1035200.0
824,2021-10-11 04:11:00,40350.0,200.0,1034800.0
825,2021-10-11 04:11:00,40350.0,100.0,1034600.0
826,2021-10-11 04:11:00,40350.0,100.0,1034500.0
827,2021-10-11 04:11:00,40350.0,100.0,1034400.0
828,2021-10-11 04:11:00,40350.0,200.0,1034300.0
829,2021-10-11 04:11:00,40350.0,4200.0,1034100.0
830,2021-10-11 04:10:56,40350.0,3900.0,1029900.0
831,2021-10-11 04:10:51,40350.0,4300.0,1026000.0
832,2021-10-11 04:10:51,40350.0,400.0,1021700.0
833,2021-10-11 04:09:53,40350.0,100.0,1021300.0
834,2021-10-11 04:09:46,40350.0,100.0,1021200.0
835,2021-10-11 04:09:35,40350.0,100.0,1021100.0
836,2021-10-11 04:09:32,40350.0,2000.0,1021000.0
837,2021-10-11 04:09:27,40350.0,700.0,1019000.0
838,2021-10-11 04:09:27,40350.0,3300.0,1018300.0
839,2021-10-11 04:09:12,40350.0,400.0,1015000.0
840,2021-10-11 04:09:10,40300.0,800.0,1014600.0
841,2021-10-11 04:09:10,40300.0,100.0,1013800.0
842,2021-10-11 04:09:10,40300.0,1000.0,1013700.0
843,2021-10-11 04:09:10,40300.0,300.0,1012700.0
844,2021-10-11 04:09:10,40300.0,200.0,1012400.0
845,2021-10-11 04:09:10,40300.0,200.0,1012200.0
846,2021-10-11 04:09:10,40300.0,100.0,1012000.0
847,2021-10-11 04:09:10,40300.0,100.0,1011900.0
848,2021-10-11 04:09:10,40300.0,200.0,1011800.0
849,2021-10-11 04:08:42,40350.0,100.0,1011600.0
850,2021-10-11 04:08:42,40350.0,200.0,1011500.0
851,2021-10-11 04:08:42,40350.0,2000.0,1011300.0
852,2021-10-11 04:08:42,40350.0,1300.0,1009300.0
853,2021-10-11 04:08:39,40450.0,100.0,1008000.0
854,2021-10-11 04:08:39,40450.0,2400.0,1007900.0
855,2021-10-11 04:08:39,40400.0,500.0,1005500.0
856,2021-10-11 04:08:39,40400.0,2000.0,1005000.0
857,2021-10-11 04:08:36,40350.0,2600.0,1003000.0
858,2021-10-11 04:08:30,40350.0,300.0,1000400.0
859,2021-10-11 04:08:30,40350.0,100.0,1000100.0
860,2021-10-11 04:08:30,40350.0,300.0,1000000.0
861,2021-10-11 04:08:30,40350.0,100.0,999700.0
862,2021-10-11 04:08:30,40350.0,200.0,999600.0
863,2021-10-11 04:08:30,40350.0,700.0,999400.0
864,2021-10-11 04:08:30,40350.0,200.0,998700.0
865,2021-10-11 04:08:30,40350.0,100.0,998500.0
866,2021-10-11 04:08:30,40350.0,100.0,998400.0
867,2021-10-11 04:08:30,40350.0,100.0,998300.0
868,2021-10-11 04:08:30,40350.0,2000.0,998200.0
869,2021-10-11 04:08:30,40350.0,200.0,996200.0
870,2021-10-11 04:08:27,40400.0,100.0,996000.0
871,2021-10-11 04:08:03,40350.0,300.0,995900.0
872,2021-10-11 04:08:03,40350.0,1500.0,995600.0
873,2021-10-11 04:08:03,40350.0,200.0,994100.0
874,2021-10-11 04:08:03,40350.0,100.0,993900.0
875,2021-10-11 04:08:03,40350.0,1000.0,993800.0
876,2021-10-11 04:08:03,40350.0,3800.0,992800.0
877,2021-10-11 04:07:58,40350.0,1200.0,989000.0
878,2021-10-11 04:07:58,40350.0,200.0,987800.0
879,2021-10-11 04:07:58,40350.0,200.0,987600.0
880,2021-10-11 04:07:58,40350.0,200.0,987400.0
881,2021-10-11 04:07:58,40350.0,1000.0,987200.0
882,2021-10-11 04:07:58,40350.0,100.0,986200.0
883,2021-10-11 04:07:58,40350.0,500.0,986100.0
884,2021-10-11 04:07:53,40350.0,11100.0,985600.0
885,2021-10-11 04:07:43,40350.0,100.0,974500.0
886,2021-10-11 04:07:26,40400.0,200.0,974400.0
887,2021-10-11 04:07:26,40400.0,800.0,974200.0
888,2021-10-11 04:07:26,40400.0,1000.0,973400.0
889,2021-10-11 04:07:15,40400.0,800.0,972400.0
890,2021-10-11 04:07:10,40400.0,100.0,971600.0
891,2021-10-11 04:07:10,40400.0,100.0,971500.0
892,2021-10-11 04:07:10,40400.0,5200.0,971400.0
893,2021-10-11 04:07:06,40400.0,4800.0,966200.0
894,2021-10-11 04:06:59,40450.0,300.0,961400.0
895,2021-10-11 04:05:53,40400.0,300.0,961100.0
896,2021-10-11 04:05:36,40400.0,100.0,960800.0
897,2021-10-11 04:05:29,40400.0,100.0,960700.0
898,2021-10-11 04:05:13,40400.0,2000.0,960600.0
899,2021-10-11 04:05:02,40400.0,800.0,958600.0
900,2021-10-11 04:03:50,40400.0,100.0,957800.0
901,2021-10-11 04:03:50,40400.0,200.0,957700.0
902,2021-10-11 04:03:33,40400.0,200.0,957500.0
903,2021-10-11 04:03:14,40400.0,100.0,957300.0
904,2021-10-11 04:03:14,40400.0,700.0,957200.0
905,2021-10-11 04:03:14,40400.0,100.0,956500.0
906,2021-10-11 04:03:14,40400.0,200.0,956400.0
907,2021-10-11 04:03:14,40400.0,100.0,956200.0
908,2021-10-11 04:03:14,40400.0,1000.0,956100.0
909,2021-10-11 04:03:14,40400.0,500.0,955100.0
910,2021-10-11 04:03:14,40400.0,500.0,954600.0
911,2021-10-11 04:03:14,40400.0,200.0,954100.0
912,2021-10-11 04:03:14,40400.0,200.0,953900.0
913,2021-10-11 04:03:06,40400.0,100.0,953700.0
914,2021-10-11 04:03:06,40400.0,100.0,953600.0
915,2021-10-11 04:03:06,40400.0,100.0,953500.0
916,2021-10-11 04:03:06,40400.0,300.0,953400.0
917,2021-10-11 04:03:06,40400.0,300.0,953100.0
918,2021-10-11 04:03:06,40400.0,200.0,952800.0
919,2021-10-11 04:03:06,40400.0,1000.0,952600.0
920,2021-10-11 04:03:06,40400.0,1800.0,951600.0
921,2021-10-11 04:02:53,40450.0,2200.0,949800.0
922,2021-10-11 04:02:53,40450.0,100.0,947600.0
923,2021-10-11 04:02:42,40450.0,200.0,947500.0
924,2021-10-11 04:01:31,40450.0,200.0,947300.0
925,2021-10-11 03:59:46,40450.0,1800.0,947100.0
926,2021-10-11 03:59:46,40450.0,200.0,945300.0
927,2021-10-11 03:59:19,40450.0,500.0,945100.0
928,2021-10-11 03:58:49,40500.0,100.0,944600.0
929,2021-10-11 03:55:44,40400.0,200.0,944500.0
930,2021-10-11 03:54:07,40400.0,2300.0,944300.0
931,2021-10-11 03:53:54,40400.0,100.0,942000.0
932,2021-10-11 03:53:43,40400.0,100.0,941900.0
933,2021-10-11 03:53:26,40400.0,200.0,941800.0
934,2021-10-11 03:53:26,40400.0,100.0,941600.0
935,2021-10-11 03:53:07,40400.0,700.0,941500.0
936,2021-10-11 03:52:58,40400.0,300.0,940800.0
937,2021-10-11 03:52:43,40400.0,200.0,940500.0
938,2021-10-11 03:52:40,40400.0,200.0,940300.0
939,2021-10-11 03:52:30,40400.0,200.0,940100.0
940,2021-10-11 03:51:34,40400.0,1000.0,939900.0
941,2021-10-11 03:50:55,40400.0,1000.0,938900.0
942,2021-10-11 03:50:55,40400.0,500.0,937900.0
943,2021-10-11 03:50:55,40400.0,200.0,937400.0
944,2021-10-11 03:50:55,40400.0,100.0,937200.0
945,2021-10-11 03:50:55,40400.0,200.0,937100.0
946,2021-10-11 03:50:55,40400.0,100.0,936900.0
947,2021-10-11 03:50:55,40400.0,100.0,936800.0
948,2021-10-11 03:50:36,40400.0,400.0,936700.0
949,2021-10-11 03:50:36,40400.0,200.0,936300.0
950,2021-10-11 03:50:36,40400.0,200.0,936100.0
951,2021-10-11 03:50:36,40400.0,500.0,935900.0
952,2021-10-11 03:50:36,40400.0,200.0,935400.0
953,2021-10-11 03:50:36,40400.0,1000.0,935200.0
954,2021-10-11 03:50:36,40400.0,1200.0,934200.0
955,2021-10-11 03:50:36,40450.0,100.0,933000.0
956,2021-10-11 03:50:15,40500.0,100.0,932900.0
957,2021-10-11 03:49:17,40500.0,300.0,932800.0
958,2021-10-11 03:49:17,40500.0,200.0,932500.0
959,2021-10-11 03:49:17,40500.0,500.0,932300.0
960,2021-10-11 03:47:54,40400.0,4000.0,931800.0
961,2021-10-11 03:47:54,40400.0,500.0,927800.0
962,2021-10-11 03:47:38,40400.0,100.0,927300.0
963,2021-10-11 03:47:01,40400.0,100.0,927200.0
964,2021-10-11 03:46:58,40400.0,300.0,927100.0
965,2021-10-11 03:46:32,40400.0,100.0,926800.0
966,2021-10-11 03:46:23,40400.0,700.0,926700.0
967,2021-10-11 03:46:23,40400.0,700.0,926000.0
968,2021-10-11 03:45:42,40400.0,2300.0,925300.0
969,2021-10-11 03:45:34,40400.0,100.0,923000.0
970,2021-10-11 03:45:30,40400.0,200.0,922900.0
971,2021-10-11 03:45:30,40400.0,500.0,922700.0
972,2021-10-11 03:45:30,40400.0,1200.0,922200.0
973,2021-10-11 03:45:30,40400.0,500.0,921000.0
974,2021-10-11 03:45:30,40400.0,100.0,920500.0
975,2021-10-11 03:45:30,40400.0,200.0,920400.0
976,2021-10-11 03:45:30,40400.0,200.0,920200.0
977,2021-10-11 03:45:30,40400.0,200.0,920000.0
978,2021-10-11 03:45:30,40400.0,100.0,919800.0
979,2021-10-11 03:45:30,40400.0,100.0,919700.0
980,2021-10-11 03:45:30,40400.0,100.0,919600.0
981,2021-10-11 03:45:30,40400.0,1000.0,919500.0
982,2021-10-11 03:45:30,40400.0,100.0,918500.0
983,2021-10-11 03:45:30,40400.0,500.0,918400.0
984,2021-10-11 03:45:30,40400.0,200.0,917900.0
985,2021-10-11 03:45:30,40400.0,400.0,917700.0
986,2021-10-11 03:45:28,40400.0,2800.0,917300.0
987,2021-10-11 03:45:25,40400.0,1800.0,914500.0
988,2021-10-11 03:45:25,40400.0,500.0,912700.0
989,2021-10-11 03:45:25,40400.0,100.0,912200.0
990,2021-10-11 03:45:25,40400.0,1000.0,912100.0
991,2021-10-11 03:45:25,40400.0,100.0,911100.0
992,2021-10-11 03:45:25,40400.0,900.0,911000.0
993,2021-10-11 03:45:16,40500.0,500.0,910100.0
994,2021-10-11 03:44:34,40500.0,1900.0,909600.0
995,2021-10-11 03:41:25,40400.0,100.0,907700.0
996,2021-10-11 03:41:25,40450.0,100.0,907600.0
997,2021-10-11 03:41:25,40450.0,100.0,907500.0
998,2021-10-11 03:41:25,40450.0,2000.0,907400.0
999,2021-10-11 03:41:16,40500.0,500.0,905400.0
1000,2021-10-11 03:41:16,40500.0,200.0,904900.0
1001,2021-10-11 03:41:14,40500.0,100.0,904700.0
1002,2021-10-11 03:41:14,40500.0,2800.0,904600.0
1003,2021-10-11 03:39:49,40550.0,100.0,901800.0
1004,2021-10-11 03:39:33,40500.0,300.0,901700.0
1005,2021-10-11 03:39:27,40500.0,200.0,901400.0
1006,2021-10-11 03:39:27,40500.0,2700.0,901200.0
1007,2021-10-11 03:38:27,40500.0,500.0,898500.0
1008,2021-10-11 03:38:13,40500.0,100.0,898000.0
1009,2021-10-11 03:38:13,40500.0,400.0,897900.0
1010,2021-10-11 03:38:12,40500.0,100.0,897500.0
1011,2021-10-11 03:38:02,40500.0,500.0,897400.0
1012,2021-10-11 03:38:02,40500.0,2000.0,896900.0
1013,2021-10-11 03:38:02,40500.0,400.0,894900.0
1014,2021-10-11 03:37:54,40500.0,3600.0,894500.0
1015,2021-10-11 03:37:47,40500.0,1000.0,890900.0
1016,2021-10-11 03:37:47,40500.0,1000.0,889900.0
1017,2021-10-11 03:36:51,40550.0,600.0,888900.0
1018,2021-10-11 03:36:42,40550.0,600.0,888300.0
1019,2021-10-11 03:36:21,40550.0,4400.0,887700.0
1020,2021-10-11 03:34:41,40500.0,2000.0,883300.0
1021,2021-10-11 03:34:41,40500.0,1000.0,881300.0
1022,2021-10-11 03:34:17,40500.0,2500.0,880300.0
1023,2021-10-11 03:32:22,40400.0,300.0,877800.0
1024,2021-10-11 03:32:18,40400.0,200.0,877500.0
1025,2021-10-11 03:32:13,40400.0,200.0,877300.0
1026,2021-10-11 03:32:08,40400.0,1000.0,877100.0
1027,2021-10-11 03:32:02,40400.0,100.0,876100.0
1028,2021-10-11 03:32:02,40400.0,100.0,876000.0
1029,2021-10-11 03:32:00,40400.0,900.0,875900.0
1030,2021-10-11 03:32:00,40400.0,1200.0,875000.0
1031,2021-10-11 03:32:00,40400.0,800.0,873800.0
1032,2021-10-11 03:31:48,40400.0,100.0,873000.0
1033,2021-10-11 03:30:46,40350.0,100.0,872900.0
1034,2021-10-11 03:30:44,40350.0,100.0,872800.0
1035,2021-10-11 03:30:43,40350.0,100.0,872700.0
1036,2021-10-11 03:30:39,40350.0,1000.0,872600.0
1037,2021-10-11 03:30:33,40350.0,100.0,871600.0
1038,2021-10-11 03:30:20,40350.0,100.0,871500.0
1039,2021-10-11 03:30:19,40350.0,100.0,871400.0
1040,2021-10-11 03:30:17,40350.0,200.0,871300.0
1041,2021-10-11 03:30:15,40350.0,100.0,871100.0
1042,2021-10-11 03:30:12,40350.0,100.0,871000.0
1043,2021-10-11 03:30:09,40350.0,500.0,870900.0
1044,2021-10-11 03:30:09,40350.0,300.0,870400.0
1045,2021-10-11 03:30:04,40350.0,100.0,870100.0
1046,2021-10-11 03:29:37,40350.0,100.0,870000.0
1047,2021-10-11 03:29:36,40350.0,100.0,869900.0
1048,2021-10-11 03:29:33,40350.0,400.0,869800.0
1049,2021-10-11 03:29:33,40350.0,1600.0,869400.0
1050,2021-10-11 03:28:27,40350.0,1000.0,867800.0
1051,2021-10-11 03:28:24,40350.0,100.0,866800.0
1052,2021-10-11 03:28:24,40350.0,300.0,866700.0
1053,2021-10-11 03:27:59,40350.0,500.0,866400.0
1054,2021-10-11 03:27:59,40350.0,1800.0,865900.0
1055,2021-10-11 03:27:06,40300.0,300.0,864100.0
1056,2021-10-11 03:27:06,40300.0,9000.0,863800.0
1057,2021-10-11 03:27:06,40350.0,1000.0,854800.0
1058,2021-10-11 03:27:04,40350.0,200.0,853800.0
1059,2021-10-11 03:26:47,40350.0,1000.0,853600.0
1060,2021-10-11 03:26:42,40350.0,100.0,852600.0
1061,2021-10-11 03:26:37,40350.0,900.0,852500.0
1062,2021-10-11 03:26:37,40350.0,400.0,851600.0
1063,2021-10-11 03:26:21,40350.0,300.0,851200.0
1064,2021-10-11 03:26:18,40350.0,100.0,850900.0
1065,2021-10-11 03:26:18,40350.0,500.0,850800.0
1066,2021-10-11 03:26:18,40350.0,100.0,850300.0
1067,2021-10-11 03:26:18,40350.0,3000.0,850200.0
1068,2021-10-11 03:26:18,40350.0,600.0,847200.0
1069,2021-10-11 03:26:18,40350.0,600.0,846600.0
1070,2021-10-11 03:26:18,40350.0,300.0,846000.0
1071,2021-10-11 03:26:18,40350.0,100.0,845700.0
1072,2021-10-11 03:26:18,40350.0,200.0,845600.0
1073,2021-10-11 03:26:09,40350.0,2800.0,845400.0
1074,2021-10-11 03:26:09,40350.0,1000.0,842600.0
1075,2021-10-11 03:26:09,40350.0,100.0,841600.0
1076,2021-10-11 03:26:06,40400.0,100.0,841500.0
1077,2021-10-11 03:26:03,40400.0,100.0,841400.0
1078,2021-10-11 03:25:55,40400.0,100.0,841300.0
1079,2021-10-11 03:25:51,40400.0,100.0,841200.0
1080,2021-10-11 03:25:45,40400.0,100.0,841100.0
1081,2021-10-11 03:25:39,40400.0,100.0,841000.0
1082,2021-10-11 03:25:14,40400.0,100.0,840900.0
1083,2021-10-11 03:25:10,40400.0,1800.0,840800.0
1084,2021-10-11 03:25:10,40400.0,1200.0,839000.0
1085,2021-10-11 03:25:08,40400.0,200.0,837800.0
1086,2021-10-11 03:25:04,40400.0,100.0,837600.0
1087,2021-10-11 03:24:47,40400.0,100.0,837500.0
1088,2021-10-11 03:24:47,40400.0,100.0,837400.0
1089,2021-10-11 03:24:47,40400.0,500.0,837300.0
1090,2021-10-11 03:24:47,40400.0,100.0,836800.0
1091,2021-10-11 03:24:47,40400.0,100.0,836700.0
1092,2021-10-11 03:24:47,40400.0,400.0,836600.0
1093,2021-10-11 03:24:44,40400.0,200.0,836200.0
1094,2021-10-11 03:24:33,40400.0,100.0,836000.0
1095,2021-10-11 03:24:33,40400.0,100.0,835900.0
1096,2021-10-11 03:24:33,40400.0,100.0,835800.0
1097,2021-10-11 03:24:33,40400.0,2800.0,835700.0
1098,2021-10-11 03:24:33,40450.0,100.0,832900.0
1099,2021-10-11 03:24:33,40450.0,500.0,832800.0
1100,2021-10-11 03:24:33,40450.0,200.0,832300.0
1101,2021-10-11 03:23:34,40500.0,200.0,832100.0
1102,2021-10-11 03:23:34,40500.0,100.0,831900.0
1103,2021-10-11 03:23:09,40600.0,1200.0,831800.0
1104,2021-10-11 03:23:06,40500.0,300.0,830600.0
1105,2021-10-11 03:23:06,40500.0,200.0,830300.0
1106,2021-10-11 03:23:06,40500.0,300.0,830100.0
1107,2021-10-11 03:23:06,40500.0,100.0,829800.0
1108,2021-10-11 03:23:06,40500.0,200.0,829700.0
1109,2021-10-11 03:23:06,40500.0,300.0,829500.0
1110,2021-10-11 03:23:06,40500.0,2200.0,829200.0
1111,2021-10-11 03:22:52,40600.0,300.0,827000.0
1112,2021-10-11 03:20:27,40500.0,2500.0,826700.0
1113,2021-10-11 03:19:46,40600.0,100.0,824200.0
1114,2021-10-11 03:19:13,40600.0,200.0,824100.0
1115,2021-10-11 03:19:03,40550.0,200.0,823900.0
1116,2021-10-11 03:18:37,40550.0,1000.0,823700.0
1117,2021-10-11 03:18:07,40550.0,100.0,822700.0
1118,2021-10-11 03:17:53,40550.0,100.0,822600.0
1119,2021-10-11 03:17:49,40550.0,2800.0,822500.0
1120,2021-10-11 03:17:42,40550.0,7800.0,819700.0
1121,2021-10-11 03:16:29,40500.0,100.0,811900.0
1122,2021-10-11 03:15:55,40500.0,1000.0,811800.0
1123,2021-10-11 03:15:12,40500.0,300.0,810800.0
1124,2021-10-11 03:15:12,40500.0,800.0,810500.0
1125,2021-10-11 03:15:12,40500.0,1400.0,809700.0
1126,2021-10-11 03:14:50,40500.0,1800.0,808300.0
1127,2021-10-11 03:14:43,40400.0,6000.0,806500.0
1128,2021-10-11 03:14:43,40400.0,1200.0,800500.0
1129,2021-10-11 03:13:50,40400.0,500.0,799300.0
1130,2021-10-11 03:13:25,40400.0,1500.0,798800.0
1131,2021-10-11 03:12:49,40350.0,300.0,797300.0
1132,2021-10-11 03:12:49,40350.0,200.0,797000.0
1133,2021-10-11 03:12:38,40350.0,100.0,796800.0
1134,2021-10-11 03:12:24,40350.0,100.0,796700.0
1135,2021-10-11 03:12:21,40350.0,200.0,796600.0
1136,2021-10-11 03:12:21,40350.0,3600.0,796400.0
1137,2021-10-11 03:12:17,40500.0,200.0,792800.0
1138,2021-10-11 03:12:17,40400.0,800.0,792600.0
1139,2021-10-11 03:12:13,40400.0,1200.0,791800.0
1140,2021-10-11 03:12:07,40400.0,100.0,790600.0
1141,2021-10-11 03:12:06,40350.0,1400.0,790500.0
1142,2021-10-11 03:12:06,40350.0,2900.0,789100.0
1143,2021-10-11 03:12:01,40400.0,100.0,786200.0
1144,2021-10-11 03:11:57,40350.0,100.0,786100.0
1145,2021-10-11 03:11:57,40350.0,500.0,786000.0
1146,2021-10-11 03:11:57,40350.0,200.0,785500.0
1147,2021-10-11 03:11:57,40350.0,500.0,785300.0
1148,2021-10-11 03:11:57,40350.0,100.0,784800.0
1149,2021-10-11 03:11:57,40350.0,1000.0,784700.0
1150,2021-10-11 03:11:57,40350.0,500.0,783700.0
1151,2021-10-11 03:11:57,40350.0,900.0,783200.0
1152,2021-10-11 03:11:49,40400.0,200.0,782300.0
1153,2021-10-11 03:11:44,40400.0,600.0,782100.0
1154,2021-10-11 03:11:44,40400.0,1100.0,781500.0
1155,2021-10-11 03:11:40,40400.0,100.0,780400.0
1156,2021-10-11 03:11:05,40400.0,500.0,780300.0
1157,2021-10-11 03:10:48,40400.0,100.0,779800.0
1158,2021-10-11 03:10:48,40400.0,100.0,779700.0
1159,2021-10-11 03:10:19,40350.0,700.0,779600.0
1160,2021-10-11 03:10:17,40350.0,200.0,778900.0
1161,2021-10-11 03:10:01,40350.0,200.0,778700.0
1162,2021-10-11 03:10:01,40350.0,500.0,778500.0
1163,2021-10-11 03:10:01,40350.0,1000.0,778000.0
1164,2021-10-11 03:10:01,40350.0,200.0,777000.0
1165,2021-10-11 03:09:49,40350.0,300.0,776800.0
1166,2021-10-11 03:09:49,40350.0,1000.0,776500.0
1167,2021-10-11 03:09:49,40350.0,100.0,775500.0
1168,2021-10-11 03:09:49,40350.0,2200.0,775400.0
1169,2021-10-11 03:09:37,40400.0,1500.0,773200.0
1170,2021-10-11 03:09:37,40400.0,500.0,771700.0
1171,2021-10-11 03:09:21,40400.0,200.0,771200.0
1172,2021-10-11 03:09:07,40400.0,1000.0,771000.0
1173,2021-10-11 03:08:59,40400.0,100.0,770000.0
1174,2021-10-11 03:08:52,40400.0,100.0,769900.0
1175,2021-10-11 03:08:35,40400.0,100.0,769800.0
1176,2021-10-11 03:07:22,40350.0,2000.0,769700.0
1177,2021-10-11 03:07:22,40350.0,800.0,767700.0
1178,2021-10-11 03:07:21,40350.0,100.0,766900.0
1179,2021-10-11 03:06:54,40350.0,600.0,766800.0
1180,2021-10-11 03:06:54,40350.0,800.0,766200.0
1181,2021-10-11 03:06:54,40350.0,100.0,765400.0
1182,2021-10-11 03:06:54,40350.0,100.0,765300.0
1183,2021-10-11 03:06:54,40350.0,1100.0,765200.0
1184,2021-10-11 03:06:46,40400.0,100.0,764100.0
1185,2021-10-11 03:06:46,40350.0,1000.0,764000.0
1186,2021-10-11 03:06:46,40350.0,100.0,763000.0
1187,2021-10-11 03:06:46,40350.0,200.0,762900.0
1188,2021-10-11 03:06:46,40350.0,1000.0,762700.0
1189,2021-10-11 03:06:46,40350.0,100.0,761700.0
1190,2021-10-11 03:06:46,40350.0,500.0,761600.0
1191,2021-10-11 03:06:46,40350.0,100.0,761100.0
1192,2021-10-11 03:06:46,40350.0,100.0,761000.0
1193,2021-10-11 03:06:46,40350.0,800.0,760900.0
1194,2021-10-11 03:06:23,40400.0,300.0,760100.0
1195,2021-10-11 03:06:06,40400.0,300.0,759800.0
1196,2021-10-11 03:05:54,40400.0,200.0,759500.0
1197,2021-10-11 03:05:51,40350.0,200.0,759300.0
1198,2021-10-11 03:05:51,40350.0,200.0,759100.0
1199,2021-10-11 03:05:51,40350.0,100.0,758900.0
1200,2021-10-11 03:05:51,40350.0,2000.0,758800.0
1201,2021-10-11 03:05:51,40350.0,100.0,756800.0
1202,2021-10-11 03:05:51,40350.0,100.0,756700.0
1203,2021-10-11 03:05:51,40350.0,900.0,756600.0
1204,2021-10-11 03:05:51,40400.0,300.0,755700.0
1205,2021-10-11 03:05:51,40400.0,5000.0,755400.0
1206,2021-10-11 03:05:40,40400.0,3000.0,750400.0
1207,2021-10-11 03:05:34,40400.0,100.0,747400.0
1208,2021-10-11 03:05:18,40400.0,100.0,747300.0
1209,2021-10-11 03:05:12,40400.0,100.0,747200.0
1210,2021-10-11 03:05:10,40400.0,100.0,747100.0
1211,2021-10-11 03:04:54,40400.0,2000.0,747000.0
1212,2021-10-11 03:04:53,40400.0,200.0,745000.0
1213,2021-10-11 03:04:37,40400.0,100.0,744800.0
1214,2021-10-11 03:04:19,40400.0,100.0,744700.0
1215,2021-10-11 03:04:19,40400.0,600.0,744600.0
1216,2021-10-11 03:04:19,40400.0,100.0,744000.0
1217,2021-10-11 03:04:19,40400.0,200.0,743900.0
1218,2021-10-11 03:04:19,40400.0,100.0,743700.0
1219,2021-10-11 03:04:19,40400.0,100.0,743600.0
1220,2021-10-11 03:04:09,40400.0,100.0,743500.0
1221,2021-10-11 03:04:09,40400.0,1100.0,743400.0
1222,2021-10-11 03:04:09,40400.0,500.0,742300.0
1223,2021-10-11 03:04:09,40400.0,1000.0,741800.0
1224,2021-10-11 03:04:09,40400.0,100.0,740800.0
1225,2021-10-11 03:04:09,40400.0,100.0,740700.0
1226,2021-10-11 03:04:09,40400.0,100.0,740600.0
1227,2021-10-11 03:04:09,40400.0,100.0,740500.0
1228,2021-10-11 03:04:09,40400.0,100.0,740400.0
1229,2021-10-11 03:04:09,40400.0,100.0,740300.0
1230,2021-10-11 03:04:09,40400.0,200.0,740200.0
1231,2021-10-11 03:04:09,40400.0,1100.0,740000.0
1232,2021-10-11 03:01:07,40400.0,400.0,738900.0
1233,2021-10-11 03:00:14,40500.0,100.0,738500.0
1234,2021-10-11 03:00:14,40500.0,500.0,738400.0
1235,2021-10-11 03:00:14,40500.0,100.0,737900.0
1236,2021-10-11 03:00:14,40500.0,900.0,737800.0
1237,2021-10-11 03:00:07,40500.0,1100.0,736900.0
1238,2021-10-11 03:00:07,40500.0,100.0,735800.0
1239,2021-10-11 03:00:07,40500.0,100.0,735700.0
1240,2021-10-11 03:00:07,40500.0,3000.0,735600.0
1241,2021-10-11 02:59:48,40500.0,2100.0,732600.0
1242,2021-10-11 02:59:48,40500.0,100.0,730500.0
1243,2021-10-11 02:59:48,40500.0,100.0,730400.0
1244,2021-10-11 02:59:48,40500.0,1000.0,730300.0
1245,2021-10-11 02:59:48,40500.0,1500.0,729300.0
1246,2021-10-11 02:59:45,40500.0,500.0,727800.0
1247,2021-10-11 02:59:36,40550.0,200.0,727300.0
1248,2021-10-11 02:59:10,40550.0,100.0,727100.0
1249,2021-10-11 02:59:10,40550.0,600.0,727000.0
1250,2021-10-11 02:59:10,40550.0,200.0,726400.0
1251,2021-10-11 02:58:53,40550.0,100.0,726200.0
1252,2021-10-11 02:58:16,40600.0,100.0,726100.0
1253,2021-10-11 02:56:42,40600.0,700.0,726000.0
1254,2021-10-11 02:56:18,40600.0,400.0,725300.0
1255,2021-10-11 02:56:18,40600.0,100.0,724900.0
1256,2021-10-11 02:56:18,40600.0,1400.0,724800.0
1257,2021-10-11 02:56:09,40600.0,3100.0,723400.0
1258,2021-10-11 02:56:09,40600.0,1900.0,720300.0
1259,2021-10-11 02:55:22,40650.0,100.0,718400.0
1260,2021-10-11 02:55:04,40650.0,100.0,718300.0
1261,2021-10-11 02:54:47,40650.0,100.0,718200.0
1262,2021-10-11 02:54:40,40650.0,200.0,718100.0
1263,2021-10-11 02:54:39,40650.0,100.0,717900.0
1264,2021-10-11 02:54:33,40650.0,100.0,717800.0
1265,2021-10-11 02:54:20,40650.0,100.0,717700.0
1266,2021-10-11 02:53:31,40650.0,500.0,717600.0
1267,2021-10-11 02:53:12,40650.0,100.0,717100.0
1268,2021-10-11 02:53:03,40650.0,300.0,717000.0
1269,2021-10-11 02:52:44,40650.0,200.0,716700.0
1270,2021-10-11 02:52:24,40600.0,1300.0,716500.0
1271,2021-10-11 02:52:11,40600.0,100.0,715200.0
1272,2021-10-11 02:52:03,40600.0,100.0,715100.0
1273,2021-10-11 02:52:01,40600.0,100.0,715000.0
1274,2021-10-11 02:51:59,40600.0,1000.0,714900.0
1275,2021-10-11 02:51:50,40600.0,600.0,713900.0
1276,2021-10-11 02:51:50,40600.0,1300.0,713300.0
1277,2021-10-11 02:51:40,40500.0,800.0,712000.0
1278,2021-10-11 02:51:39,40500.0,100.0,711200.0
1279,2021-10-11 02:51:33,40500.0,2000.0,711100.0
1280,2021-10-11 02:51:26,40400.0,2100.0,709100.0
1281,2021-10-11 02:51:23,40400.0,1700.0,707000.0
1282,2021-10-11 02:51:14,40400.0,2100.0,705300.0
1283,2021-10-11 02:51:02,40350.0,100.0,703200.0
1284,2021-10-11 02:51:02,40350.0,300.0,703100.0
1285,2021-10-11 02:50:51,40400.0,300.0,702800.0
1286,2021-10-11 02:50:33,40400.0,100.0,702500.0
1287,2021-10-11 02:50:18,40350.0,200.0,702400.0
1288,2021-10-11 02:50:16,40350.0,5000.0,702200.0
1289,2021-10-11 02:50:10,40350.0,500.0,697200.0
1290,2021-10-11 02:50:03,40350.0,300.0,696700.0
1291,2021-10-11 02:50:02,40350.0,200.0,696400.0
1292,2021-10-11 02:49:59,40350.0,500.0,696200.0
1293,2021-10-11 02:49:58,40350.0,300.0,695700.0
1294,2021-10-11 02:49:58,40350.0,1700.0,695400.0
1295,2021-10-11 02:49:51,40350.0,500.0,693700.0
1296,2021-10-11 02:49:44,40350.0,500.0,693200.0
1297,2021-10-11 02:49:38,40350.0,100.0,692700.0
1298,2021-10-11 02:49:31,40350.0,100.0,692600.0
1299,2021-10-11 02:49:31,40350.0,100.0,692500.0
1300,2021-10-11 02:49:31,40350.0,200.0,692400.0
1301,2021-10-11 02:49:31,40350.0,100.0,692200.0
1302,2021-10-11 02:49:31,40350.0,100.0,692100.0
1303,2021-10-11 02:49:31,40350.0,200.0,692000.0
1304,2021-10-11 02:49:31,40350.0,100.0,691800.0
1305,2021-10-11 02:49:31,40350.0,100.0,691700.0
1306,2021-10-11 02:49:30,40400.0,100.0,691600.0
1307,2021-10-11 02:49:27,40400.0,1200.0,691500.0
1308,2021-10-11 02:49:27,40400.0,300.0,690300.0
1309,2021-10-11 02:49:22,40400.0,100.0,690000.0
1310,2021-10-11 02:49:09,40350.0,2000.0,689900.0
1311,2021-10-11 02:49:06,40350.0,1100.0,687900.0
1312,2021-10-11 02:49:05,40350.0,100.0,686800.0
1313,2021-10-11 02:48:59,40350.0,1000.0,686700.0
1314,2021-10-11 02:48:54,40350.0,200.0,685700.0
1315,2021-10-11 02:48:54,40350.0,200.0,685500.0
1316,2021-10-11 02:48:54,40350.0,100.0,685300.0
1317,2021-10-11 02:48:54,40350.0,100.0,685200.0
1318,2021-10-11 02:48:54,40350.0,100.0,685100.0
1319,2021-10-11 02:48:53,40400.0,200.0,685000.0
1320,2021-10-11 02:48:47,40400.0,100.0,684800.0
1321,2021-10-11 02:48:47,40400.0,1000.0,684700.0
1322,2021-10-11 02:48:42,40400.0,100.0,683700.0
1323,2021-10-11 02:48:31,40400.0,2100.0,683600.0
1324,2021-10-11 02:48:31,40400.0,700.0,681500.0
1325,2021-10-11 02:48:31,40350.0,3200.0,680800.0
1326,2021-10-11 02:48:28,40350.0,800.0,677600.0
1327,2021-10-11 02:48:26,40350.0,2300.0,676800.0
1328,2021-10-11 02:48:25,40350.0,1000.0,674500.0
1329,2021-10-11 02:48:15,40300.0,1000.0,673500.0
1330,2021-10-11 02:48:13,40300.0,1000.0,672500.0
1331,2021-10-11 02:48:13,40300.0,100.0,671500.0
1332,2021-10-11 02:48:10,40300.0,2900.0,671400.0
1333,2021-10-11 02:48:10,40300.0,1400.0,668500.0
1334,2021-10-11 02:48:07,40300.0,2500.0,667100.0
1335,2021-10-11 02:47:59,40300.0,300.0,664600.0
1336,2021-10-11 02:47:59,40300.0,800.0,664300.0
1337,2021-10-11 02:47:59,40300.0,200.0,663500.0
1338,2021-10-11 02:47:58,40300.0,100.0,663300.0
1339,2021-10-11 02:47:57,40200.0,6000.0,663200.0
1340,2021-10-11 02:47:57,40200.0,1800.0,657200.0
1341,2021-10-11 02:47:57,40200.0,200.0,655400.0
1342,2021-10-11 02:47:50,40200.0,100.0,655200.0
1343,2021-10-11 02:47:44,40200.0,900.0,655100.0
1344,2021-10-11 02:47:44,40200.0,100.0,654200.0
1345,2021-10-11 02:47:41,40200.0,500.0,654100.0
1346,2021-10-11 02:47:35,40100.0,200.0,653600.0
1347,2021-10-11 02:47:35,40100.0,300.0,653400.0
1348,2021-10-11 02:47:35,40100.0,500.0,653100.0
1349,2021-10-11 02:47:35,40100.0,400.0,652600.0
1350,2021-10-11 02:47:35,40100.0,300.0,652200.0
1351,2021-10-11 02:47:35,40100.0,1500.0,651900.0
1352,2021-10-11 02:47:35,40100.0,300.0,650400.0
1353,2021-10-11 02:47:35,40100.0,500.0,650100.0
1354,2021-10-11 02:47:34,40200.0,200.0,649600.0
1355,2021-10-11 02:47:32,40200.0,1000.0,649400.0
1356,2021-10-11 02:47:30,40200.0,200.0,648400.0
1357,2021-10-11 02:47:24,40100.0,300.0,648200.0
1358,2021-10-11 02:47:24,40100.0,100.0,647900.0
1359,2021-10-11 02:47:24,40100.0,200.0,647800.0
1360,2021-10-11 02:47:24,40100.0,100.0,647600.0
1361,2021-10-11 02:47:24,40100.0,200.0,647500.0
1362,2021-10-11 02:47:24,40100.0,200.0,647300.0
1363,2021-10-11 02:47:24,40150.0,100.0,647100.0
1364,2021-10-11 02:47:24,40150.0,200.0,647000.0
1365,2021-10-11 02:47:24,40150.0,100.0,646800.0
1366,2021-10-11 02:47:24,40150.0,500.0,646700.0
1367,2021-10-11 02:47:23,40200.0,1000.0,646200.0
1368,2021-10-11 02:47:18,40200.0,200.0,645200.0
1369,2021-10-11 02:47:16,40200.0,200.0,645000.0
1370,2021-10-11 02:47:15,40200.0,2000.0,644800.0
1371,2021-10-11 02:47:15,40200.0,100.0,642800.0
1372,2021-10-11 02:47:15,40200.0,100.0,642700.0
1373,2021-10-11 02:47:15,40200.0,300.0,642600.0
1374,2021-10-11 02:47:15,40200.0,2300.0,642300.0
1375,2021-10-11 02:47:15,40250.0,100.0,640000.0
1376,2021-10-11 02:47:08,40200.0,2700.0,639900.0
1377,2021-10-11 02:47:08,40200.0,300.0,637200.0
1378,2021-10-11 02:47:08,40200.0,300.0,636900.0
1379,2021-10-11 02:47:08,40200.0,100.0,636600.0
1380,2021-10-11 02:47:08,40200.0,100.0,636500.0
1381,2021-10-11 02:47:08,40200.0,200.0,636400.0
1382,2021-10-11 02:47:08,40200.0,2000.0,636200.0
1383,2021-10-11 02:47:08,40200.0,100.0,634200.0
1384,2021-10-11 02:47:08,40250.0,100.0,634100.0
1385,2021-10-11 02:47:01,40200.0,900.0,634000.0
1386,2021-10-11 02:47:01,40200.0,200.0,633100.0
1387,2021-10-11 02:47:01,40200.0,1000.0,632900.0
1388,2021-10-11 02:47:01,40200.0,100.0,631900.0
1389,2021-10-11 02:47:01,40200.0,1000.0,631800.0
1390,2021-10-11 02:47:01,40200.0,200.0,630800.0
1391,2021-10-11 02:47:01,40200.0,700.0,630600.0
1392,2021-10-11 02:47:01,40200.0,100.0,629900.0
1393,2021-10-11 02:47:01,40200.0,100.0,629800.0
1394,2021-10-11 02:47:01,40200.0,100.0,629700.0
1395,2021-10-11 02:47:01,40200.0,500.0,629600.0
1396,2021-10-11 02:47:01,40200.0,100.0,629100.0
1397,2021-10-11 02:47:01,40250.0,800.0,629000.0
1398,2021-10-11 02:47:01,40250.0,200.0,628200.0
1399,2021-10-11 02:47:01,40250.0,200.0,628000.0
1400,2021-10-11 02:47:01,40250.0,100.0,627800.0
1401,2021-10-11 02:47:01,40250.0,100.0,627700.0
1402,2021-10-11 02:47:01,40250.0,100.0,627600.0
1403,2021-10-11 02:47:01,40250.0,200.0,627500.0
1404,2021-10-11 02:47:01,40250.0,200.0,627300.0
1405,2021-10-11 02:47:01,40250.0,500.0,627100.0
1406,2021-10-11 02:47:01,40250.0,100.0,626600.0
1407,2021-10-11 02:47:01,40250.0,100.0,626500.0
1408,2021-10-11 02:46:59,40300.0,100.0,626400.0
1409,2021-10-11 02:46:56,40300.0,100.0,626300.0
1410,2021-10-11 02:46:54,40300.0,100.0,626200.0
1411,2021-10-11 02:46:52,40300.0,200.0,626100.0
1412,2021-10-11 02:46:52,40300.0,100.0,625900.0
1413,2021-10-11 02:46:48,40300.0,300.0,625800.0
1414,2021-10-11 02:46:45,40300.0,100.0,625500.0
1415,2021-10-11 02:46:44,40300.0,100.0,625400.0
1416,2021-10-11 02:46:43,40300.0,200.0,625300.0
1417,2021-10-11 02:46:43,40300.0,200.0,625100.0
1418,2021-10-11 02:46:41,40300.0,100.0,624900.0
1419,2021-10-11 02:46:40,40300.0,300.0,624800.0
1420,2021-10-11 02:46:40,40300.0,100.0,624500.0
1421,2021-10-11 02:46:40,40300.0,300.0,624400.0
1422,2021-10-11 02:46:40,40300.0,1000.0,624100.0
1423,2021-10-11 02:46:40,40300.0,700.0,623100.0
1424,2021-10-11 02:46:38,40300.0,100.0,622400.0
1425,2021-10-11 02:46:32,40300.0,100.0,622300.0
1426,2021-10-11 02:46:32,40300.0,2000.0,622200.0
1427,2021-10-11 02:46:30,40300.0,100.0,620200.0
1428,2021-10-11 02:46:29,40300.0,100.0,620100.0
1429,2021-10-11 02:46:29,40300.0,100.0,620000.0
1430,2021-10-11 02:46:27,40300.0,1000.0,619900.0
1431,2021-10-11 02:46:27,40300.0,700.0,618900.0
1432,2021-10-11 02:46:23,40350.0,500.0,618200.0
1433,2021-10-11 02:46:19,40300.0,1300.0,617700.0
1434,2021-10-11 02:46:16,40300.0,100.0,616400.0
1435,2021-10-11 02:46:15,40300.0,300.0,616300.0
1436,2021-10-11 02:46:15,40300.0,100.0,616000.0
1437,2021-10-11 02:46:15,40300.0,1000.0,615900.0
1438,2021-10-11 02:46:15,40300.0,200.0,614900.0
1439,2021-10-11 02:46:15,40300.0,100.0,614700.0
1440,2021-10-11 02:46:15,40300.0,500.0,614600.0
1441,2021-10-11 02:46:15,40300.0,100.0,614100.0
1442,2021-10-11 02:46:15,40300.0,200.0,614000.0
1443,2021-10-11 02:46:15,40300.0,1000.0,613800.0
1444,2021-10-11 02:46:15,40300.0,500.0,612800.0
1445,2021-10-11 02:46:15,40300.0,300.0,612300.0
1446,2021-10-11 02:46:15,40300.0,8600.0,612000.0
1447,2021-10-11 02:46:03,40350.0,100.0,603400.0
1448,2021-10-11 02:46:01,40350.0,200.0,603300.0
1449,2021-10-11 02:45:58,40350.0,200.0,603100.0
1450,2021-10-11 02:45:58,40350.0,200.0,602900.0
1451,2021-10-11 02:45:52,40350.0,100.0,602700.0
1452,2021-10-11 02:45:49,40350.0,100.0,602600.0
1453,2021-10-11 02:45:49,40350.0,300.0,602500.0
1454,2021-10-11 02:45:49,40350.0,500.0,602200.0
1455,2021-10-11 02:45:49,40350.0,200.0,601700.0
1456,2021-10-11 02:45:49,40350.0,200.0,601500.0
1457,2021-10-11 02:45:49,40350.0,2200.0,601300.0
1458,2021-10-11 02:45:42,40400.0,100.0,599100.0
1459,2021-10-11 02:45:34,40400.0,100.0,599000.0
1460,2021-10-11 02:45:29,40400.0,100.0,598900.0
1461,2021-10-11 02:45:13,40400.0,1000.0,598800.0
1462,2021-10-11 02:45:12,40350.0,300.0,597800.0
1463,2021-10-11 02:45:05,40400.0,200.0,597500.0
1464,2021-10-11 02:45:02,40400.0,100.0,597300.0
1465,2021-10-11 02:45:02,40400.0,100.0,597200.0
1466,2021-10-11 02:45:02,40400.0,1000.0,597100.0
1467,2021-10-11 02:45:02,40400.0,100.0,596100.0
1468,2021-10-11 02:45:02,40400.0,700.0,596000.0
1469,2021-10-11 02:45:02,40400.0,100.0,595300.0
1470,2021-10-11 02:45:02,40400.0,100.0,595200.0
1471,2021-10-11 02:45:02,40400.0,100.0,595100.0
1472,2021-10-11 02:45:02,40400.0,100.0,595000.0
1473,2021-10-11 02:45:02,40400.0,2100.0,594900.0
1474,2021-10-11 02:45:00,40500.0,200.0,592800.0
1475,2021-10-11 02:44:55,40400.0,2900.0,592600.0
1476,2021-10-11 02:44:53,40500.0,100.0,589700.0
1477,2021-10-11 02:44:46,40500.0,100.0,589600.0
1478,2021-10-11 02:44:45,40500.0,100.0,589500.0
1479,2021-10-11 02:44:44,40500.0,100.0,589400.0
1480,2021-10-11 02:44:44,40500.0,100.0,589300.0
1481,2021-10-11 02:44:44,40500.0,100.0,589200.0
1482,2021-10-11 02:44:44,40500.0,100.0,589100.0
1483,2021-10-11 02:44:44,40500.0,100.0,589000.0
1484,2021-10-11 02:44:44,40500.0,100.0,588900.0
1485,2021-10-11 02:44:44,40500.0,100.0,588800.0
1486,2021-10-11 02:44:35,40500.0,300.0,588700.0
1487,2021-10-11 02:44:35,40500.0,200.0,588400.0
1488,2021-10-11 02:44:35,40500.0,1000.0,588200.0
1489,2021-10-11 02:44:35,40500.0,100.0,587200.0
1490,2021-10-11 02:44:35,40500.0,300.0,587100.0
1491,2021-10-11 02:44:35,40500.0,100.0,586800.0
1492,2021-10-11 02:44:35,40500.0,300.0,586700.0
1493,2021-10-11 02:44:35,40500.0,500.0,586400.0
1494,2021-10-11 02:44:35,40500.0,800.0,585900.0
1495,2021-10-11 02:44:23,40500.0,200.0,585100.0
1496,2021-10-11 02:44:23,40500.0,200.0,584900.0
1497,2021-10-11 02:44:23,40500.0,100.0,584700.0
1498,2021-10-11 02:44:23,40500.0,100.0,584600.0
1499,2021-10-11 02:44:23,40500.0,200.0,584500.0
1500,2021-10-11 02:44:23,40500.0,300.0,584300.0
1501,2021-10-11 02:44:23,40500.0,100.0,584000.0
1502,2021-10-11 02:44:23,40500.0,100.0,583900.0
1503,2021-10-11 02:44:23,40500.0,100.0,583800.0
1504,2021-10-11 02:44:23,40500.0,100.0,583700.0
1505,2021-10-11 02:44:23,40550.0,200.0,583600.0
1506,2021-10-11 02:44:23,40550.0,200.0,583400.0
1507,2021-10-11 02:44:23,40550.0,4000.0,583200.0
1508,2021-10-11 02:44:19,40600.0,100.0,579200.0
1509,2021-10-11 02:44:06,40600.0,100.0,579100.0
1510,2021-10-11 02:44:00,40600.0,2200.0,579000.0
1511,2021-10-11 02:43:58,40600.0,100.0,576800.0
1512,2021-10-11 02:43:48,40600.0,100.0,576700.0
1513,2021-10-11 02:43:47,40600.0,1000.0,576600.0
1514,2021-10-11 02:43:44,40500.0,200.0,575600.0
1515,2021-10-11 02:43:44,40500.0,700.0,575400.0
1516,2021-10-11 02:43:44,40500.0,200.0,574700.0
1517,2021-10-11 02:43:44,40500.0,200.0,574500.0
1518,2021-10-11 02:43:44,40500.0,2000.0,574300.0
1519,2021-10-11 02:43:44,40550.0,300.0,572300.0
1520,2021-10-11 02:43:44,40550.0,1300.0,572000.0
1521,2021-10-11 02:43:30,40600.0,100.0,570700.0
1522,2021-10-11 02:43:25,40600.0,500.0,570600.0
1523,2021-10-11 02:43:24,40600.0,200.0,570100.0
1524,2021-10-11 02:43:24,40600.0,500.0,569900.0
1525,2021-10-11 02:43:24,40600.0,100.0,569400.0
1526,2021-10-11 02:43:24,40600.0,1000.0,569300.0
1527,2021-10-11 02:43:24,40600.0,100.0,568300.0
1528,2021-10-11 02:43:24,40600.0,100.0,568200.0
1529,2021-10-11 02:43:24,40600.0,200.0,568100.0
1530,2021-10-11 02:43:24,40600.0,100.0,567900.0
1531,2021-10-11 02:43:24,40600.0,100.0,567800.0
1532,2021-10-11 02:43:24,40600.0,200.0,567700.0
1533,2021-10-11 02:43:17,40700.0,4800.0,567500.0
1534,2021-10-11 02:43:17,40700.0,100.0,562700.0
1535,2021-10-11 02:43:16,40700.0,100.0,562600.0
1536,2021-10-11 02:43:10,40700.0,3100.0,562500.0
1537,2021-10-11 02:43:09,40700.0,1000.0,559400.0
1538,2021-10-11 02:43:07,40700.0,100.0,558400.0
1539,2021-10-11 02:43:07,40700.0,800.0,558300.0
1540,2021-10-11 02:42:59,40700.0,500.0,557500.0
1541,2021-10-11 02:42:59,40700.0,300.0,557000.0
1542,2021-10-11 02:42:54,40700.0,2200.0,556700.0
1543,2021-10-11 02:42:45,40700.0,1800.0,554500.0
1544,2021-10-11 02:42:44,40700.0,100.0,552700.0
1545,2021-10-11 02:42:40,40700.0,2900.0,552600.0
1546,2021-10-11 02:42:40,40700.0,1100.0,549700.0
1547,2021-10-11 02:42:32,40700.0,500.0,548600.0
1548,2021-10-11 02:42:29,40700.0,2000.0,548100.0
1549,2021-10-11 02:42:23,40700.0,3100.0,546100.0
1550,2021-10-11 02:42:22,40700.0,100.0,543000.0
1551,2021-10-11 02:42:22,40700.0,100.0,542900.0
1552,2021-10-11 02:42:22,40700.0,400.0,542800.0
1553,2021-10-11 02:42:13,40700.0,100.0,542400.0
1554,2021-10-11 02:42:13,40700.0,200.0,542300.0
1555,2021-10-11 02:42:13,40700.0,100.0,542100.0
1556,2021-10-11 02:42:13,40700.0,5400.0,542000.0
1557,2021-10-11 02:42:07,40700.0,1500.0,536600.0
1558,2021-10-11 02:42:05,40750.0,300.0,535100.0
1559,2021-10-11 02:41:58,40750.0,1900.0,534800.0
1560,2021-10-11 02:41:51,40800.0,200.0,532900.0
1561,2021-10-11 02:41:49,40750.0,6000.0,532700.0
1562,2021-10-11 02:41:49,40750.0,1800.0,526700.0
1563,2021-10-11 02:41:39,40750.0,100.0,524900.0
1564,2021-10-11 02:41:39,40750.0,100.0,524800.0
1565,2021-10-11 02:41:39,40750.0,200.0,524700.0
1566,2021-10-11 02:41:39,40750.0,1300.0,524500.0
1567,2021-10-11 02:41:32,40750.0,1000.0,523200.0
1568,2021-10-11 02:41:00,40750.0,1000.0,522200.0
1569,2021-10-11 02:40:52,40800.0,2000.0,521200.0
1570,2021-10-11 02:40:48,40800.0,1000.0,519200.0
1571,2021-10-11 02:40:48,40800.0,3300.0,518200.0
1572,2021-10-11 02:40:43,40800.0,1700.0,514900.0
1573,2021-10-11 02:40:41,40800.0,200.0,513200.0
1574,2021-10-11 02:40:41,40800.0,500.0,513000.0
1575,2021-10-11 02:40:41,40800.0,100.0,512500.0
1576,2021-10-11 02:40:41,40800.0,100.0,512400.0
1577,2021-10-11 02:40:34,40800.0,3900.0,512300.0
1578,2021-10-11 02:40:32,40800.0,100.0,508400.0
1579,2021-10-11 02:40:28,40800.0,900.0,508300.0
1580,2021-10-11 02:40:28,40800.0,5800.0,507400.0
1581,2021-10-11 02:40:11,40850.0,3600.0,501600.0
1582,2021-10-11 02:40:01,40900.0,400.0,498000.0
1583,2021-10-11 02:39:55,40900.0,3900.0,497600.0
1584,2021-10-11 02:39:50,40900.0,2100.0,493700.0
1585,2021-10-11 02:39:50,40900.0,400.0,491600.0
1586,2021-10-11 02:39:29,40900.0,1500.0,491200.0
1587,2021-10-11 02:39:29,40900.0,200.0,489700.0
1588,2021-10-11 02:39:29,40900.0,4900.0,489500.0
1589,2021-10-11 02:39:22,40900.0,100.0,484600.0
1590,2021-10-11 02:39:22,40900.0,100.0,484500.0
1591,2021-10-11 02:39:22,40900.0,1000.0,484400.0
1592,2021-10-11 02:39:22,40900.0,4200.0,483400.0
1593,2021-10-11 02:39:18,40950.0,100.0,479200.0
1594,2021-10-11 02:39:11,40950.0,400.0,479100.0
1595,2021-10-11 02:39:11,40950.0,3200.0,478700.0
1596,2021-10-11 02:38:48,41000.0,100.0,475500.0
1597,2021-10-11 02:38:48,41000.0,500.0,475400.0
1598,2021-10-11 02:38:43,41000.0,500.0,474900.0
1599,2021-10-11 02:38:24,41000.0,1900.0,474400.0
1600,2021-10-11 02:38:18,41000.0,1700.0,472500.0
1601,2021-10-11 02:38:18,41000.0,600.0,470800.0
1602,2021-10-11 02:37:42,41000.0,500.0,470200.0
1603,2021-10-11 02:37:42,41000.0,300.0,469700.0
1604,2021-10-11 02:37:42,41000.0,100.0,469400.0
1605,2021-10-11 02:37:42,41000.0,100.0,469300.0
1606,2021-10-11 02:37:42,41000.0,500.0,469200.0
1607,2021-10-11 02:37:42,41000.0,2000.0,468700.0
1608,2021-10-11 02:37:40,41100.0,100.0,466700.0
1609,2021-10-11 02:37:28,41100.0,300.0,466600.0
1610,2021-10-11 02:37:25,41000.0,1300.0,466300.0
1611,2021-10-11 02:37:25,41000.0,100.0,465000.0
1612,2021-10-11 02:37:25,41000.0,100.0,464900.0
1613,2021-10-11 02:37:25,41000.0,2400.0,464800.0
1614,2021-10-11 02:36:51,41100.0,100.0,462400.0
1615,2021-10-11 02:36:22,41100.0,100.0,462300.0
1616,2021-10-11 02:36:13,41100.0,2900.0,462200.0
1617,2021-10-11 02:36:06,41100.0,2600.0,459300.0
1618,2021-10-11 02:35:59,41100.0,500.0,456700.0
1619,2021-10-11 02:35:59,41100.0,300.0,456200.0
1620,2021-10-11 02:35:59,41100.0,2700.0,455900.0
1621,2021-10-11 02:34:59,41100.0,3000.0,453200.0
1622,2021-10-11 02:34:55,41000.0,500.0,450200.0
1623,2021-10-11 02:33:57,41100.0,500.0,449700.0
1624,2021-10-11 02:33:50,41100.0,300.0,449200.0
1625,2021-10-11 02:33:50,41100.0,500.0,448900.0
1626,2021-10-11 02:33:50,41100.0,6400.0,448400.0
1627,2021-10-11 02:33:46,41100.0,100.0,442000.0
1628,2021-10-11 02:33:38,41150.0,1600.0,441900.0
1629,2021-10-11 02:33:32,41150.0,1900.0,440300.0
1630,2021-10-11 02:33:32,41150.0,2100.0,438400.0
1631,2021-10-11 02:33:25,41150.0,2100.0,436300.0
1632,2021-10-11 02:33:25,41150.0,1000.0,434200.0
1633,2021-10-11 02:33:25,41150.0,3900.0,433200.0
1634,2021-10-11 02:33:08,41200.0,100.0,429300.0
1635,2021-10-11 02:33:08,41200.0,700.0,429200.0
1636,2021-10-11 02:33:08,41200.0,100.0,428500.0
1637,2021-10-11 02:33:08,41200.0,500.0,428400.0
1638,2021-10-11 02:33:08,41200.0,2900.0,427900.0
1639,2021-10-11 02:32:21,41250.0,800.0,425000.0
1640,2021-10-11 02:32:12,41250.0,2800.0,424200.0
1641,2021-10-11 02:31:51,41300.0,700.0,421400.0
1642,2021-10-11 02:31:51,41300.0,200.0,420700.0
1643,2021-10-11 02:31:43,41300.0,500.0,420500.0
1644,2021-10-11 02:31:12,41300.0,300.0,420000.0
1645,2021-10-11 02:30:49,41300.0,200.0,419700.0
1646,2021-10-11 02:30:49,41300.0,200.0,419500.0
1647,2021-10-11 02:30:48,41300.0,100.0,419300.0
1648,2021-10-11 02:30:34,41300.0,100.0,419200.0
1649,2021-10-11 02:30:26,41300.0,600.0,419100.0
1650,2021-10-11 02:30:26,41300.0,5000.0,418500.0
1651,2021-10-11 02:30:13,41300.0,300.0,413500.0
1652,2021-10-11 02:30:13,41300.0,1500.0,413200.0
1653,2021-10-11 02:30:08,41300.0,300.0,411700.0
1654,2021-10-11 02:30:08,41300.0,1000.0,411400.0
1655,2021-10-11 02:29:58,41300.0,2200.0,410400.0
1656,2021-10-11 02:29:54,41300.0,3700.0,408200.0
1657,2021-10-11 02:29:54,41300.0,1300.0,404500.0
1658,2021-10-11 02:29:44,41300.0,1900.0,403200.0
1659,2021-10-11 02:29:35,41300.0,200.0,401300.0
1660,2021-10-11 02:29:35,41300.0,500.0,401100.0
1661,2021-10-11 02:29:27,41250.0,3300.0,400600.0
1662,2021-10-11 02:29:25,41200.0,700.0,397300.0
1663,2021-10-11 02:29:25,41200.0,500.0,396600.0
1664,2021-10-11 02:29:25,41200.0,100.0,396100.0
1665,2021-10-11 02:29:25,41200.0,100.0,396000.0
1666,2021-10-11 02:29:25,41200.0,1000.0,395900.0
1667,2021-10-11 02:29:25,41200.0,1400.0,394900.0
1668,2021-10-11 02:29:21,41250.0,3200.0,393500.0
1669,2021-10-11 02:29:21,41250.0,1000.0,390300.0
1670,2021-10-11 02:29:08,41250.0,1900.0,389300.0
1671,2021-10-11 02:29:08,41250.0,600.0,387400.0
1672,2021-10-11 02:29:04,41250.0,400.0,386800.0
1673,2021-10-11 02:29:04,41250.0,3200.0,386400.0
1674,2021-10-11 02:29:02,41300.0,1000.0,383200.0
1675,2021-10-11 02:28:54,41300.0,300.0,382200.0
1676,2021-10-11 02:28:54,41300.0,100.0,381900.0
1677,2021-10-11 02:28:54,41300.0,100.0,381800.0
1678,2021-10-11 02:28:54,41300.0,500.0,381700.0
1679,2021-10-11 02:28:54,41300.0,200.0,381200.0
1680,2021-10-11 02:28:54,41300.0,300.0,381000.0
1681,2021-10-11 02:28:41,41350.0,1100.0,380700.0
1682,2021-10-11 02:28:37,41350.0,1200.0,379600.0
1683,2021-10-11 02:28:33,41350.0,2500.0,378400.0
1684,2021-10-11 02:28:18,41350.0,2800.0,375900.0
1685,2021-10-11 02:28:00,41350.0,100.0,373100.0
1686,2021-10-11 02:28:00,41350.0,100.0,373000.0
1687,2021-10-11 02:28:00,41350.0,2000.0,372900.0
1688,2021-10-11 02:28:00,41350.0,6900.0,370900.0
1689,2021-10-11 02:28:00,41350.0,200.0,364000.0
1690,2021-10-11 02:28:00,41350.0,700.0,363800.0
1691,2021-10-11 02:27:27,41350.0,300.0,363100.0
1692,2021-10-11 02:27:11,41350.0,4000.0,362800.0
1693,2021-10-11 02:27:06,41350.0,200.0,358800.0
1694,2021-10-11 02:27:06,41350.0,2300.0,358600.0
1695,2021-10-11 02:27:02,41350.0,500.0,356300.0
1696,2021-10-11 02:26:58,41300.0,200.0,355800.0
1697,2021-10-11 02:26:53,41350.0,500.0,355600.0
1698,2021-10-11 02:26:50,41350.0,2200.0,355100.0
1699,2021-10-11 02:26:43,41350.0,1000.0,352900.0
1700,2021-10-11 02:26:43,41350.0,2800.0,351900.0
1701,2021-10-11 02:26:39,41350.0,1800.0,349100.0
1702,2021-10-11 02:26:39,41350.0,1000.0,347300.0
1703,2021-10-11 02:26:27,41350.0,1800.0,346300.0
1704,2021-10-11 02:26:22,41350.0,3800.0,344500.0
1705,2021-10-11 02:26:22,41350.0,4400.0,340700.0
1706,2021-10-11 02:26:11,41350.0,200.0,336300.0
1707,2021-10-11 02:26:09,41350.0,2600.0,336100.0
1708,2021-10-11 02:25:55,41350.0,100.0,333500.0
1709,2021-10-11 02:25:55,41350.0,1300.0,333400.0
1710,2021-10-11 02:25:54,41300.0,500.0,332100.0
1711,2021-10-11 02:25:50,41300.0,4500.0,331600.0
1712,2021-10-11 02:25:49,41350.0,800.0,327100.0
1713,2021-10-11 02:25:49,41350.0,1800.0,326300.0
1714,2021-10-11 02:25:45,41300.0,200.0,324500.0
1715,2021-10-11 02:25:41,41350.0,1800.0,324300.0
1716,2021-10-11 02:25:41,41350.0,200.0,322500.0
1717,2021-10-11 02:25:41,41350.0,200.0,322300.0
1718,2021-10-11 02:25:39,41300.0,400.0,322100.0
1719,2021-10-11 02:25:28,41300.0,400.0,321700.0
1720,2021-10-11 02:25:17,41300.0,1000.0,321300.0
1721,2021-10-11 02:25:13,41300.0,100.0,320300.0
1722,2021-10-11 02:25:13,41300.0,3400.0,320200.0
1723,2021-10-11 02:25:13,41300.0,2000.0,316800.0
1724,2021-10-11 02:25:01,41300.0,600.0,314800.0
1725,2021-10-11 02:24:59,41300.0,1800.0,314200.0
1726,2021-10-11 02:24:53,41300.0,2000.0,312400.0
1727,2021-10-11 02:24:53,41300.0,4400.0,310400.0
1728,2021-10-11 02:24:53,41300.0,200.0,306000.0
1729,2021-10-11 02:24:53,41300.0,1600.0,305800.0
1730,2021-10-11 02:24:39,41300.0,200.0,304200.0
1731,2021-10-11 02:24:39,41300.0,1500.0,304000.0
1732,2021-10-11 02:24:39,41300.0,300.0,302500.0
1733,2021-10-11 02:24:14,41300.0,100.0,302200.0
1734,2021-10-11 02:24:14,41300.0,3200.0,302100.0
1735,2021-10-11 02:24:14,41300.0,200.0,298900.0
1736,2021-10-11 02:24:14,41300.0,100.0,298700.0
1737,2021-10-11 02:24:13,41300.0,100.0,298600.0
1738,2021-10-11 02:23:59,41300.0,2300.0,298500.0
1739,2021-10-11 02:23:54,41300.0,600.0,296200.0
1740,2021-10-11 02:23:49,41300.0,4100.0,295600.0
1741,2021-10-11 02:23:49,41300.0,1000.0,291500.0
1742,2021-10-11 02:23:40,41300.0,500.0,290500.0
1743,2021-10-11 02:23:36,41300.0,2800.0,290000.0
1744,2021-10-11 02:23:34,41300.0,2200.0,287200.0
1745,2021-10-11 02:23:34,41300.0,400.0,285000.0
1746,2021-10-11 02:23:33,41350.0,100.0,284600.0
1747,2021-10-11 02:23:15,41300.0,300.0,284500.0
1748,2021-10-11 02:23:15,41300.0,300.0,284200.0
1749,2021-10-11 02:23:15,41300.0,100.0,283900.0
1750,2021-10-11 02:23:15,41300.0,1000.0,283800.0
1751,2021-10-11 02:23:15,41300.0,3400.0,282800.0
1752,2021-10-11 02:23:05,41300.0,3100.0,279400.0
1753,2021-10-11 02:23:05,41300.0,400.0,276300.0
1754,2021-10-11 02:23:00,41250.0,400.0,275900.0
1755,2021-10-11 02:23:00,41250.0,800.0,275500.0
1756,2021-10-11 02:22:53,41300.0,1000.0,274700.0
1757,2021-10-11 02:22:50,41300.0,2100.0,273700.0
1758,2021-10-11 02:22:44,41300.0,500.0,271600.0
1759,2021-10-11 02:22:30,41300.0,2000.0,271100.0
1760,2021-10-11 02:22:15,41300.0,1600.0,269100.0
1761,2021-10-11 02:21:50,41300.0,1900.0,267500.0
1762,2021-10-11 02:21:42,41300.0,200.0,265600.0
1763,2021-10-11 02:21:15,41300.0,200.0,265400.0
1764,2021-10-11 02:21:11,41300.0,600.0,265200.0
1765,2021-10-11 02:21:06,41300.0,3800.0,264600.0
1766,2021-10-11 02:21:00,41300.0,2900.0,260800.0
1767,2021-10-11 02:20:56,41300.0,2500.0,257900.0
1768,2021-10-11 02:20:56,41300.0,500.0,255400.0
1769,2021-10-11 02:20:56,41300.0,600.0,254900.0
1770,2021-10-11 02:20:55,41250.0,1000.0,254300.0
1771,2021-10-11 02:20:43,41300.0,200.0,253300.0
1772,2021-10-11 02:20:34,41300.0,600.0,253100.0
1773,2021-10-11 02:20:34,41300.0,2900.0,252500.0
1774,2021-10-11 02:20:20,41300.0,4200.0,249600.0
1775,2021-10-11 02:20:20,41300.0,2300.0,245400.0
1776,2021-10-11 02:19:38,41300.0,1000.0,243100.0
1777,2021-10-11 02:19:31,41250.0,2200.0,242100.0
1778,2021-10-11 02:19:18,41300.0,1700.0,239900.0
1779,2021-10-11 02:19:18,41300.0,500.0,238200.0
1780,2021-10-11 02:19:18,41300.0,2800.0,237700.0
1781,2021-10-11 02:19:08,41300.0,2200.0,234900.0
1782,2021-10-11 02:19:00,41300.0,100.0,232700.0
1783,2021-10-11 02:19:00,41300.0,300.0,232600.0
1784,2021-10-11 02:18:53,41250.0,6900.0,232300.0
1785,2021-10-11 02:18:53,41250.0,300.0,225400.0
1786,2021-10-11 02:18:48,41250.0,100.0,225100.0
1787,2021-10-11 02:18:35,41250.0,200.0,225000.0
1788,2021-10-11 02:18:35,41250.0,3700.0,224800.0
1789,2021-10-11 02:18:31,41250.0,3600.0,221100.0
1790,2021-10-11 02:18:23,41250.0,2700.0,217500.0
1791,2021-10-11 02:18:23,41250.0,400.0,214800.0
1792,2021-10-11 02:18:19,41300.0,5000.0,214400.0
1793,2021-10-11 02:18:16,41250.0,5100.0,209400.0
1794,2021-10-11 02:18:10,41250.0,1000.0,204300.0
1795,2021-10-11 02:18:10,41250.0,2300.0,203300.0
1796,2021-10-11 02:17:59,41250.0,3100.0,201000.0
1797,2021-10-11 02:17:51,41250.0,200.0,197900.0
1798,2021-10-11 02:17:48,41250.0,200.0,197700.0
1799,2021-10-11 02:17:48,41250.0,2800.0,197500.0
1800,2021-10-11 02:17:38,41200.0,3600.0,194700.0
1801,2021-10-11 02:17:38,41200.0,5000.0,191100.0
1802,2021-10-11 02:17:25,41200.0,1900.0,186100.0
1803,2021-10-11 02:17:25,41200.0,100.0,184200.0
1804,2021-10-11 02:17:10,41200.0,600.0,184100.0
1805,2021-10-11 02:16:56,41250.0,3300.0,183500.0
1806,2021-10-11 02:16:47,41200.0,500.0,180200.0
1807,2021-10-11 02:16:29,41200.0,100.0,179700.0
1808,2021-10-11 02:16:21,41200.0,400.0,179600.0
1809,2021-10-11 02:16:14,41200.0,2500.0,179200.0
1810,2021-10-11 02:16:07,41100.0,3500.0,176700.0
1811,2021-10-11 02:16:06,41100.0,1000.0,173200.0
1812,2021-10-11 02:16:06,41100.0,3400.0,172200.0
1813,2021-10-11 02:15:57,41100.0,6300.0,168800.0
1814,2021-10-11 02:15:48,41100.0,7800.0,162500.0
1815,2021-10-11 02:15:34,41100.0,18500.0,154700.0
1816,2021-10-11 02:15:22,41100.0,2000.0,136200.0
1817,2021-10-11 02:15:17,41100.0,300.0,134200.0
1818,2021-10-11 02:15:03,41100.0,26800.0,133900.0
1819,2021-10-11 02:15:03,41100.0,47500.0,107100.0
1820,2021-10-11 02:15:03,41100.0,45700.0,59600.0
1821,2021-10-11 02:15:00,41100.0,1000.0,13900.0
1822,2021-10-11 02:15:00,41100.0,800.0,12900.0
1823,2021-10-11 02:15:00,41100.0,200.0,12100.0
1824,2021-10-11 02:15:00,41100.0,200.0,11900.0
1825,2021-10-11 02:15:00,41100.0,400.0,11700.0
1826,2021-10-11 02:15:00,41100.0,1000.0,11300.0
1827,2021-10-11 02:15:00,41100.0,100.0,10300.0
1828,2021-10-11 02:15:00,41100.0,2200.0,10200.0
1829,2021-10-11 02:15:00,41100.0,400.0,8000.0
1830,2021-10-11 02:15:00,41100.0,100.0,7600.0
1831,2021-10-11 02:15:00,41100.0,200.0,7500.0
1832,2021-10-11 02:15:00,41100.0,400.0,7300.0
1833,2021-10-11 02:15:00,41100.0,1000.0,6900.0
1834,2021-10-11 02:15:00,41100.0,300.0,5900.0
1835,2021-10-11 02:15:00,41100.0,1900.0,5600.0
1836,2021-10-11 02:15:00,41100.0,200.0,3700.0
1837,2021-10-11 02:15:00,41100.0,500.0,3500.0
1838,2021-10-11 02:15:00,41100.0,2000.0,3000.0
1839,2021-10-11 02:15:00,41100.0,1000.0,1000.0
