,Time,Price,Volume_per_trade,Volume
0,2021-10-12 07:45:01,90400.0,10000.0,3616300.0
1,2021-10-12 07:45:01,90400.0,7200.0,3606300.0
2,2021-10-12 07:45:01,90400.0,200.0,3599100.0
3,2021-10-12 07:45:01,90400.0,600.0,3598900.0
4,2021-10-12 07:45:01,90400.0,3800.0,3598300.0
5,2021-10-12 07:45:01,90400.0,100.0,3594500.0
6,2021-10-12 07:45:01,90400.0,500.0,3594400.0
7,2021-10-12 07:45:01,90400.0,200.0,3593900.0
8,2021-10-12 07:45:01,90400.0,2000.0,3593700.0
9,2021-10-12 07:45:01,90400.0,300.0,3591700.0
10,2021-10-12 07:45:01,90400.0,1000.0,3591400.0
11,2021-10-12 07:45:01,90400.0,200.0,3590400.0
12,2021-10-12 07:45:01,90400.0,600.0,3590200.0
13,2021-10-12 07:45:01,90400.0,200.0,3589600.0
14,2021-10-12 07:45:01,90400.0,200.0,3589400.0
15,2021-10-12 07:45:01,90400.0,300.0,3589200.0
16,2021-10-12 07:45:01,90400.0,900.0,3588900.0
17,2021-10-12 07:45:01,90400.0,3000.0,3588000.0
18,2021-10-12 07:45:01,90400.0,300.0,3585000.0
19,2021-10-12 07:45:01,90400.0,2000.0,3584700.0
20,2021-10-12 07:45:01,90400.0,100.0,3582700.0
21,2021-10-12 07:45:01,90400.0,2400.0,3582600.0
22,2021-10-12 07:45:01,90400.0,700.0,3580200.0
23,2021-10-12 07:45:01,90400.0,400.0,3579500.0
24,2021-10-12 07:45:01,90400.0,200.0,3579100.0
25,2021-10-12 07:45:01,90400.0,100.0,3578900.0
26,2021-10-12 07:45:01,90400.0,300.0,3578800.0
27,2021-10-12 07:45:01,90400.0,700.0,3578500.0
28,2021-10-12 07:45:01,90400.0,600.0,3577800.0
29,2021-10-12 07:45:01,90400.0,1400.0,3577200.0
30,2021-10-12 07:45:01,90400.0,300.0,3575800.0
31,2021-10-12 07:45:01,90400.0,300.0,3575500.0
32,2021-10-12 07:45:01,90400.0,700.0,3575200.0
33,2021-10-12 07:45:01,90400.0,300.0,3574500.0
34,2021-10-12 07:45:01,90400.0,500.0,3574200.0
35,2021-10-12 07:45:01,90400.0,100.0,3573700.0
36,2021-10-12 07:45:01,90400.0,100.0,3573600.0
37,2021-10-12 07:45:01,90400.0,100.0,3573500.0
38,2021-10-12 07:45:01,90400.0,3000.0,3573400.0
39,2021-10-12 07:45:01,90400.0,13400.0,3570400.0
40,2021-10-12 07:45:01,90400.0,300.0,3557000.0
41,2021-10-12 07:45:01,90400.0,100.0,3556700.0
42,2021-10-12 07:45:01,90400.0,100.0,3556600.0
43,2021-10-12 07:45:01,90400.0,7900.0,3556500.0
44,2021-10-12 07:45:01,90400.0,3000.0,3548600.0
45,2021-10-12 07:45:01,90400.0,9200.0,3545600.0
46,2021-10-12 07:45:01,90400.0,100.0,3536400.0
47,2021-10-12 07:45:01,90400.0,600.0,3536300.0
48,2021-10-12 07:45:01,90400.0,1000.0,3535700.0
49,2021-10-12 07:45:01,90400.0,100.0,3534700.0
50,2021-10-12 07:45:01,90400.0,2200.0,3534600.0
51,2021-10-12 07:45:01,90400.0,2200.0,3532400.0
52,2021-10-12 07:45:01,90400.0,600.0,3530200.0
53,2021-10-12 07:45:01,90400.0,2000.0,3529600.0
54,2021-10-12 07:45:01,90400.0,1400.0,3527600.0
55,2021-10-12 07:45:01,90400.0,2200.0,3526200.0
56,2021-10-12 07:45:01,90400.0,100.0,3524000.0
57,2021-10-12 07:45:01,90400.0,100.0,3523900.0
58,2021-10-12 07:45:01,90400.0,1000.0,3523800.0
59,2021-10-12 07:45:01,90400.0,200.0,3522800.0
60,2021-10-12 07:29:50,90300.0,200.0,3522600.0
61,2021-10-12 07:29:50,90300.0,200.0,3522400.0
62,2021-10-12 07:29:50,90300.0,100.0,3522200.0
63,2021-10-12 07:29:50,90300.0,100.0,3522100.0
64,2021-10-12 07:29:50,90300.0,500.0,3522000.0
65,2021-10-12 07:29:34,90500.0,900.0,3521500.0
66,2021-10-12 07:29:34,90500.0,100.0,3520600.0
67,2021-10-12 07:29:34,90500.0,100.0,3520500.0
68,2021-10-12 07:29:34,90500.0,600.0,3520400.0
69,2021-10-12 07:29:34,90500.0,100.0,3519800.0
70,2021-10-12 07:29:34,90500.0,100.0,3519700.0
71,2021-10-12 07:29:34,90500.0,100.0,3519600.0
72,2021-10-12 07:29:01,90500.0,100.0,3519500.0
73,2021-10-12 07:29:01,90400.0,100.0,3519400.0
74,2021-10-12 07:29:01,90400.0,100.0,3519300.0
75,2021-10-12 07:29:01,90400.0,2700.0,3519200.0
76,2021-10-12 07:28:37,90300.0,100.0,3516500.0
77,2021-10-12 07:28:36,90400.0,1000.0,3516400.0
78,2021-10-12 07:28:30,90400.0,3000.0,3515400.0
79,2021-10-12 07:26:33,90400.0,300.0,3512400.0
80,2021-10-12 07:26:31,90400.0,100.0,3512100.0
81,2021-10-12 07:26:31,90400.0,500.0,3512000.0
82,2021-10-12 07:26:31,90400.0,2000.0,3511500.0
83,2021-10-12 07:26:31,90400.0,400.0,3509500.0
84,2021-10-12 07:26:29,90400.0,1000.0,3509100.0
85,2021-10-12 07:26:08,90500.0,300.0,3508100.0
86,2021-10-12 07:26:08,90500.0,300.0,3507800.0
87,2021-10-12 07:26:08,90500.0,300.0,3507500.0
88,2021-10-12 07:26:07,90500.0,100.0,3507200.0
89,2021-10-12 07:26:06,90400.0,100.0,3507100.0
90,2021-10-12 07:26:06,90500.0,300.0,3507000.0
91,2021-10-12 07:26:06,90500.0,200.0,3506700.0
92,2021-10-12 07:26:06,90500.0,1000.0,3506500.0
93,2021-10-12 07:26:06,90500.0,100.0,3505500.0
94,2021-10-12 07:26:06,90500.0,500.0,3505400.0
95,2021-10-12 07:26:06,90500.0,100.0,3504900.0
96,2021-10-12 07:26:06,90500.0,400.0,3504800.0
97,2021-10-12 07:26:06,90500.0,100.0,3504400.0
98,2021-10-12 07:26:06,90500.0,5000.0,3504300.0
99,2021-10-12 07:26:06,90500.0,100.0,3499300.0
100,2021-10-12 07:26:06,90500.0,1000.0,3499200.0
101,2021-10-12 07:26:06,90500.0,100.0,3498200.0
102,2021-10-12 07:26:06,90500.0,200.0,3498100.0
103,2021-10-12 07:26:06,90500.0,900.0,3497900.0
104,2021-10-12 07:25:54,90400.0,600.0,3497000.0
105,2021-10-12 07:25:37,90400.0,5000.0,3496400.0
106,2021-10-12 07:25:37,90400.0,300.0,3491400.0
107,2021-10-12 07:25:37,90400.0,400.0,3491100.0
108,2021-10-12 07:25:37,90400.0,100.0,3490700.0
109,2021-10-12 07:25:37,90400.0,200.0,3490600.0
110,2021-10-12 07:25:37,90400.0,800.0,3490400.0
111,2021-10-12 07:25:37,90400.0,600.0,3489600.0
112,2021-10-12 07:25:37,90400.0,100.0,3489000.0
113,2021-10-12 07:25:37,90400.0,5600.0,3488900.0
114,2021-10-12 07:25:29,90300.0,1000.0,3483300.0
115,2021-10-12 07:25:23,90300.0,500.0,3482300.0
116,2021-10-12 07:25:03,90300.0,800.0,3481800.0
117,2021-10-12 07:25:03,90300.0,300.0,3481000.0
118,2021-10-12 07:25:00,90300.0,200.0,3480700.0
119,2021-10-12 07:25:00,90300.0,600.0,3480500.0
120,2021-10-12 07:25:00,90300.0,100.0,3479900.0
121,2021-10-12 07:24:45,90300.0,100.0,3479800.0
122,2021-10-12 07:24:33,90300.0,100.0,3479700.0
123,2021-10-12 07:24:19,90300.0,200.0,3479600.0
124,2021-10-12 07:24:18,90300.0,800.0,3479400.0
125,2021-10-12 07:24:18,90300.0,100.0,3478600.0
126,2021-10-12 07:24:18,90300.0,400.0,3478500.0
127,2021-10-12 07:24:18,90300.0,3700.0,3478100.0
128,2021-10-12 07:24:07,90300.0,100.0,3474400.0
129,2021-10-12 07:24:07,90300.0,100.0,3474300.0
130,2021-10-12 07:24:06,90300.0,1200.0,3474200.0
131,2021-10-12 07:24:04,90200.0,1000.0,3473000.0
132,2021-10-12 07:23:58,90300.0,400.0,3472000.0
133,2021-10-12 07:23:57,90300.0,400.0,3471600.0
134,2021-10-12 07:23:56,90300.0,4000.0,3471200.0
135,2021-10-12 07:23:47,90200.0,600.0,3467200.0
136,2021-10-12 07:23:45,90300.0,100.0,3466600.0
137,2021-10-12 07:23:43,90200.0,2400.0,3466500.0
138,2021-10-12 07:23:43,90200.0,3000.0,3464100.0
139,2021-10-12 07:23:43,90200.0,200.0,3461100.0
140,2021-10-12 07:23:43,90200.0,400.0,3460900.0
141,2021-10-12 07:23:43,90200.0,400.0,3460500.0
142,2021-10-12 07:23:43,90200.0,1200.0,3460100.0
143,2021-10-12 07:23:20,90300.0,100.0,3458900.0
144,2021-10-12 07:23:20,90300.0,100.0,3458800.0
145,2021-10-12 07:23:19,90300.0,200.0,3458700.0
146,2021-10-12 07:23:19,90300.0,600.0,3458500.0
147,2021-10-12 07:23:19,90300.0,1000.0,3457900.0
148,2021-10-12 07:23:19,90300.0,400.0,3456900.0
149,2021-10-12 07:23:07,90200.0,200.0,3456500.0
150,2021-10-12 07:23:07,90200.0,2000.0,3456300.0
151,2021-10-12 07:23:07,90200.0,1600.0,3454300.0
152,2021-10-12 07:23:05,90200.0,100.0,3452700.0
153,2021-10-12 07:22:53,90200.0,200.0,3452600.0
154,2021-10-12 07:22:53,90200.0,200.0,3452400.0
155,2021-10-12 07:22:51,90200.0,1200.0,3452200.0
156,2021-10-12 07:22:51,90200.0,1100.0,3451000.0
157,2021-10-12 07:22:50,90200.0,5600.0,3449900.0
158,2021-10-12 07:22:50,90200.0,200.0,3444300.0
159,2021-10-12 07:22:50,90200.0,4200.0,3444100.0
160,2021-10-12 07:22:46,90100.0,1000.0,3439900.0
161,2021-10-12 07:22:46,90200.0,200.0,3438900.0
162,2021-10-12 07:22:30,90200.0,100.0,3438700.0
163,2021-10-12 07:22:28,90100.0,500.0,3438600.0
164,2021-10-12 07:22:17,90200.0,300.0,3438100.0
165,2021-10-12 07:21:39,90100.0,600.0,3437800.0
166,2021-10-12 07:21:04,90100.0,100.0,3437200.0
167,2021-10-12 07:21:02,90200.0,700.0,3437100.0
168,2021-10-12 07:20:35,90100.0,900.0,3436400.0
169,2021-10-12 07:20:34,90200.0,100.0,3435500.0
170,2021-10-12 07:20:32,90200.0,100.0,3435400.0
171,2021-10-12 07:20:31,90200.0,900.0,3435300.0
172,2021-10-12 07:20:27,90100.0,500.0,3434400.0
173,2021-10-12 07:20:21,90100.0,1200.0,3433900.0
174,2021-10-12 07:20:16,90100.0,100.0,3432700.0
175,2021-10-12 07:20:16,90100.0,300.0,3432600.0
176,2021-10-12 07:20:16,90100.0,100.0,3432300.0
177,2021-10-12 07:20:15,90100.0,100.0,3432200.0
178,2021-10-12 07:20:15,90100.0,100.0,3432100.0
179,2021-10-12 07:20:15,90100.0,100.0,3432000.0
180,2021-10-12 07:20:15,90100.0,200.0,3431900.0
181,2021-10-12 07:20:15,90100.0,500.0,3431700.0
182,2021-10-12 07:20:15,90100.0,4400.0,3431200.0
183,2021-10-12 07:20:15,90100.0,3200.0,3426800.0
184,2021-10-12 07:19:46,90100.0,1000.0,3423600.0
185,2021-10-12 07:19:32,90100.0,600.0,3422600.0
186,2021-10-12 07:19:23,90100.0,200.0,3422000.0
187,2021-10-12 07:19:23,90100.0,200.0,3421800.0
188,2021-10-12 07:19:23,90100.0,700.0,3421600.0
189,2021-10-12 07:19:08,90100.0,300.0,3420900.0
190,2021-10-12 07:19:08,90100.0,100.0,3420600.0
191,2021-10-12 07:19:08,90100.0,100.0,3420500.0
192,2021-10-12 07:19:08,90100.0,100.0,3420400.0
193,2021-10-12 07:19:08,90100.0,500.0,3420300.0
194,2021-10-12 07:19:08,90100.0,100.0,3419800.0
195,2021-10-12 07:19:08,90100.0,100.0,3419700.0
196,2021-10-12 07:19:08,90100.0,100.0,3419600.0
197,2021-10-12 07:19:08,90100.0,600.0,3419500.0
198,2021-10-12 07:19:08,90100.0,100.0,3418900.0
199,2021-10-12 07:19:08,90100.0,100.0,3418800.0
200,2021-10-12 07:19:08,90100.0,100.0,3418700.0
201,2021-10-12 07:19:08,90100.0,100.0,3418600.0
202,2021-10-12 07:19:08,90100.0,100.0,3418500.0
203,2021-10-12 07:19:08,90100.0,800.0,3418400.0
204,2021-10-12 07:19:08,90100.0,100.0,3417600.0
205,2021-10-12 07:19:08,90100.0,10000.0,3417500.0
206,2021-10-12 07:19:08,90100.0,1000.0,3407500.0
207,2021-10-12 07:19:08,90100.0,500.0,3406500.0
208,2021-10-12 07:19:08,90100.0,100.0,3406000.0
209,2021-10-12 07:19:08,90100.0,200.0,3405900.0
210,2021-10-12 07:19:08,90100.0,500.0,3405700.0
211,2021-10-12 07:19:08,90100.0,500.0,3405200.0
212,2021-10-12 07:19:08,90100.0,500.0,3404700.0
213,2021-10-12 07:19:08,90100.0,2400.0,3404200.0
214,2021-10-12 07:19:08,90100.0,100.0,3401800.0
215,2021-10-12 07:19:08,90100.0,500.0,3401700.0
216,2021-10-12 07:19:08,90100.0,700.0,3401200.0
217,2021-10-12 07:19:08,90100.0,100.0,3400500.0
218,2021-10-12 07:19:08,90100.0,100.0,3400400.0
219,2021-10-12 07:19:08,90100.0,100.0,3400300.0
220,2021-10-12 07:19:08,90100.0,100.0,3400200.0
221,2021-10-12 07:19:08,90100.0,100.0,3400100.0
222,2021-10-12 07:19:08,90100.0,2000.0,3400000.0
223,2021-10-12 07:19:08,90100.0,300.0,3398000.0
224,2021-10-12 07:19:08,90100.0,10000.0,3397700.0
225,2021-10-12 07:19:08,90100.0,300.0,3387700.0
226,2021-10-12 07:19:08,90100.0,400.0,3387400.0
227,2021-10-12 07:19:08,90100.0,200.0,3387000.0
228,2021-10-12 07:19:08,90100.0,1000.0,3386800.0
229,2021-10-12 07:19:08,90100.0,1000.0,3385800.0
230,2021-10-12 07:19:08,90100.0,200.0,3384800.0
231,2021-10-12 07:19:08,90100.0,100.0,3384600.0
232,2021-10-12 07:19:08,90100.0,2000.0,3384500.0
233,2021-10-12 07:19:08,90100.0,300.0,3382500.0
234,2021-10-12 07:19:08,90100.0,200.0,3382200.0
235,2021-10-12 07:19:08,90100.0,200.0,3382000.0
236,2021-10-12 07:19:08,90100.0,900.0,3381800.0
237,2021-10-12 07:19:05,90200.0,100.0,3380900.0
238,2021-10-12 07:19:05,90200.0,100.0,3380800.0
239,2021-10-12 07:19:04,90200.0,1000.0,3380700.0
240,2021-10-12 07:18:48,90200.0,200.0,3379700.0
241,2021-10-12 07:18:48,90200.0,200.0,3379500.0
242,2021-10-12 07:18:47,90200.0,100.0,3379300.0
243,2021-10-12 07:18:47,90200.0,1900.0,3379200.0
244,2021-10-12 07:18:22,90200.0,100.0,3377300.0
245,2021-10-12 07:18:22,90200.0,100.0,3377200.0
246,2021-10-12 07:17:58,90200.0,100.0,3377100.0
247,2021-10-12 07:17:55,90200.0,100.0,3377000.0
248,2021-10-12 07:17:55,90200.0,100.0,3376900.0
249,2021-10-12 07:17:55,90200.0,200.0,3376800.0
250,2021-10-12 07:17:40,90200.0,800.0,3376600.0
251,2021-10-12 07:17:40,90200.0,200.0,3375800.0
252,2021-10-12 07:17:37,90300.0,200.0,3375600.0
253,2021-10-12 07:17:25,90100.0,100.0,3375400.0
254,2021-10-12 07:17:25,90100.0,100.0,3375300.0
255,2021-10-12 07:17:25,90200.0,200.0,3375200.0
256,2021-10-12 07:17:25,90200.0,100.0,3375000.0
257,2021-10-12 07:17:25,90200.0,200.0,3374900.0
258,2021-10-12 07:17:07,90200.0,300.0,3374700.0
259,2021-10-12 07:17:04,90200.0,100.0,3374400.0
260,2021-10-12 07:16:48,90200.0,100.0,3374300.0
261,2021-10-12 07:16:48,90200.0,100.0,3374200.0
262,2021-10-12 07:16:47,90200.0,700.0,3374100.0
263,2021-10-12 07:16:47,90200.0,7300.0,3373400.0
264,2021-10-12 07:16:41,90300.0,100.0,3366100.0
265,2021-10-12 07:16:22,90200.0,500.0,3366000.0
266,2021-10-12 07:16:10,90200.0,500.0,3365500.0
267,2021-10-12 07:16:10,90200.0,200.0,3365000.0
268,2021-10-12 07:16:10,90200.0,200.0,3364800.0
269,2021-10-12 07:16:07,90300.0,100.0,3364600.0
270,2021-10-12 07:15:55,90200.0,1000.0,3364500.0
271,2021-10-12 07:15:55,90200.0,100.0,3363500.0
272,2021-10-12 07:15:55,90200.0,100.0,3363400.0
273,2021-10-12 07:15:55,90200.0,1000.0,3363300.0
274,2021-10-12 07:15:55,90200.0,100.0,3362300.0
275,2021-10-12 07:15:55,90200.0,100.0,3362200.0
276,2021-10-12 07:15:55,90200.0,200.0,3362100.0
277,2021-10-12 07:15:55,90200.0,100.0,3361900.0
278,2021-10-12 07:15:55,90200.0,100.0,3361800.0
279,2021-10-12 07:15:55,90200.0,100.0,3361700.0
280,2021-10-12 07:15:55,90200.0,100.0,3361600.0
281,2021-10-12 07:15:55,90200.0,100.0,3361500.0
282,2021-10-12 07:15:55,90200.0,500.0,3361400.0
283,2021-10-12 07:15:55,90200.0,1300.0,3360900.0
284,2021-10-12 07:15:55,90200.0,5000.0,3359600.0
285,2021-10-12 07:15:55,90200.0,1500.0,3354600.0
286,2021-10-12 07:15:55,90200.0,400.0,3353100.0
287,2021-10-12 07:15:55,90200.0,200.0,3352700.0
288,2021-10-12 07:15:55,90200.0,1000.0,3352500.0
289,2021-10-12 07:15:55,90200.0,10000.0,3351500.0
290,2021-10-12 07:15:55,90200.0,300.0,3341500.0
291,2021-10-12 07:15:55,90200.0,400.0,3341200.0
292,2021-10-12 07:15:55,90200.0,3000.0,3340800.0
293,2021-10-12 07:15:55,90200.0,100.0,3337800.0
294,2021-10-12 07:15:55,90200.0,100.0,3337700.0
295,2021-10-12 07:15:55,90200.0,200.0,3337600.0
296,2021-10-12 07:15:55,90200.0,100.0,3337400.0
297,2021-10-12 07:15:55,90200.0,100.0,3337300.0
298,2021-10-12 07:15:55,90200.0,500.0,3337200.0
299,2021-10-12 07:15:55,90200.0,1000.0,3336700.0
300,2021-10-12 07:15:55,90200.0,700.0,3335700.0
301,2021-10-12 07:15:55,90200.0,100.0,3335000.0
302,2021-10-12 07:15:55,90200.0,100.0,3334900.0
303,2021-10-12 07:15:55,90200.0,100.0,3334800.0
304,2021-10-12 07:15:55,90200.0,100.0,3334700.0
305,2021-10-12 07:15:55,90200.0,100.0,3334600.0
306,2021-10-12 07:15:26,90200.0,100.0,3334500.0
307,2021-10-12 07:15:26,90200.0,300.0,3334400.0
308,2021-10-12 07:15:26,90200.0,100.0,3334100.0
309,2021-10-12 07:15:26,90200.0,100.0,3334000.0
310,2021-10-12 07:15:26,90200.0,100.0,3333900.0
311,2021-10-12 07:15:26,90300.0,100.0,3333800.0
312,2021-10-12 07:15:26,90300.0,100.0,3333700.0
313,2021-10-12 07:15:26,90300.0,1000.0,3333600.0
314,2021-10-12 07:15:26,90300.0,100.0,3332600.0
315,2021-10-12 07:15:18,90300.0,100.0,3332500.0
316,2021-10-12 07:15:18,90300.0,100.0,3332400.0
317,2021-10-12 07:15:18,90300.0,300.0,3332300.0
318,2021-10-12 07:14:58,90400.0,200.0,3332000.0
319,2021-10-12 07:14:27,90300.0,200.0,3331800.0
320,2021-10-12 07:14:09,90300.0,300.0,3331600.0
321,2021-10-12 07:14:08,90200.0,100.0,3331300.0
322,2021-10-12 07:14:05,90300.0,200.0,3331200.0
323,2021-10-12 07:14:04,90300.0,200.0,3331000.0
324,2021-10-12 07:14:04,90300.0,300.0,3330800.0
325,2021-10-12 07:14:04,90300.0,1900.0,3330500.0
326,2021-10-12 07:14:00,90300.0,200.0,3328600.0
327,2021-10-12 07:13:58,90200.0,100.0,3328400.0
328,2021-10-12 07:13:58,90200.0,100.0,3328300.0
329,2021-10-12 07:13:58,90200.0,100.0,3328200.0
330,2021-10-12 07:13:58,90200.0,100.0,3328100.0
331,2021-10-12 07:13:51,90300.0,600.0,3328000.0
332,2021-10-12 07:13:22,90300.0,100.0,3327400.0
333,2021-10-12 07:13:21,90300.0,100.0,3327300.0
334,2021-10-12 07:13:20,90300.0,500.0,3327200.0
335,2021-10-12 07:13:20,90300.0,500.0,3326700.0
336,2021-10-12 07:13:19,90300.0,500.0,3326200.0
337,2021-10-12 07:13:19,90300.0,300.0,3325700.0
338,2021-10-12 07:13:19,90300.0,700.0,3325400.0
339,2021-10-12 07:13:19,90300.0,1200.0,3324700.0
340,2021-10-12 07:13:19,90300.0,300.0,3323500.0
341,2021-10-12 07:13:19,90300.0,100.0,3323200.0
342,2021-10-12 07:13:19,90300.0,100.0,3323100.0
343,2021-10-12 07:13:19,90300.0,100.0,3323000.0
344,2021-10-12 07:13:19,90300.0,100.0,3322900.0
345,2021-10-12 07:13:19,90300.0,1000.0,3322800.0
346,2021-10-12 07:13:19,90300.0,200.0,3321800.0
347,2021-10-12 07:13:10,90300.0,500.0,3321600.0
348,2021-10-12 07:13:02,90300.0,100.0,3321100.0
349,2021-10-12 07:12:52,90300.0,1200.0,3321000.0
350,2021-10-12 07:12:52,90300.0,700.0,3319800.0
351,2021-10-12 07:12:52,90300.0,500.0,3319100.0
352,2021-10-12 07:12:52,90300.0,100.0,3318600.0
353,2021-10-12 07:12:52,90300.0,100.0,3318500.0
354,2021-10-12 07:12:52,90300.0,100.0,3318400.0
355,2021-10-12 07:12:52,90300.0,900.0,3318300.0
356,2021-10-12 07:12:52,90300.0,1000.0,3317400.0
357,2021-10-12 07:12:52,90300.0,300.0,3316400.0
358,2021-10-12 07:12:52,90300.0,500.0,3316100.0
359,2021-10-12 07:12:52,90300.0,100.0,3315600.0
360,2021-10-12 07:12:52,90300.0,700.0,3315500.0
361,2021-10-12 07:12:52,90300.0,100.0,3314800.0
362,2021-10-12 07:12:52,90300.0,100.0,3314700.0
363,2021-10-12 07:12:52,90300.0,100.0,3314600.0
364,2021-10-12 07:12:52,90300.0,100.0,3314500.0
365,2021-10-12 07:12:52,90300.0,100.0,3314400.0
366,2021-10-12 07:12:52,90300.0,100.0,3314300.0
367,2021-10-12 07:12:52,90300.0,100.0,3314200.0
368,2021-10-12 07:12:52,90300.0,100.0,3314100.0
369,2021-10-12 07:12:52,90300.0,400.0,3314000.0
370,2021-10-12 07:12:52,90300.0,1000.0,3313600.0
371,2021-10-12 07:12:52,90300.0,1500.0,3312600.0
372,2021-10-12 07:12:52,90300.0,100.0,3311100.0
373,2021-10-12 07:12:49,90400.0,100.0,3311000.0
374,2021-10-12 07:12:24,90400.0,100.0,3310900.0
375,2021-10-12 07:12:07,90400.0,100.0,3310800.0
376,2021-10-12 07:11:44,90300.0,800.0,3310700.0
377,2021-10-12 07:11:44,90300.0,100.0,3309900.0
378,2021-10-12 07:11:30,90300.0,500.0,3309800.0
379,2021-10-12 07:11:03,90400.0,100.0,3309300.0
380,2021-10-12 07:11:03,90300.0,600.0,3309200.0
381,2021-10-12 07:10:38,90400.0,200.0,3308600.0
382,2021-10-12 07:10:28,90400.0,100.0,3308400.0
383,2021-10-12 07:10:06,90400.0,300.0,3308300.0
384,2021-10-12 07:10:06,90400.0,300.0,3308000.0
385,2021-10-12 07:10:05,90400.0,200.0,3307700.0
386,2021-10-12 07:10:05,90400.0,200.0,3307500.0
387,2021-10-12 07:10:05,90400.0,2100.0,3307300.0
388,2021-10-12 07:10:05,90400.0,400.0,3305200.0
389,2021-10-12 07:10:04,90400.0,600.0,3304800.0
390,2021-10-12 07:10:04,90400.0,900.0,3304200.0
391,2021-10-12 07:10:04,90400.0,700.0,3303300.0
392,2021-10-12 07:09:52,90400.0,300.0,3302600.0
393,2021-10-12 07:09:52,90400.0,100.0,3302300.0
394,2021-10-12 07:09:52,90400.0,500.0,3302200.0
395,2021-10-12 07:09:52,90400.0,300.0,3301700.0
396,2021-10-12 07:09:52,90400.0,300.0,3301400.0
397,2021-10-12 07:09:52,90400.0,7000.0,3301100.0
398,2021-10-12 07:09:11,90400.0,500.0,3294100.0
399,2021-10-12 07:09:11,90400.0,500.0,3293600.0
400,2021-10-12 07:09:11,90400.0,2000.0,3293100.0
401,2021-10-12 07:09:04,90400.0,100.0,3291100.0
402,2021-10-12 07:09:03,90400.0,100.0,3291000.0
403,2021-10-12 07:09:02,90400.0,100.0,3290900.0
404,2021-10-12 07:09:01,90400.0,1400.0,3290800.0
405,2021-10-12 07:08:56,90300.0,100.0,3289400.0
406,2021-10-12 07:08:56,90300.0,100.0,3289300.0
407,2021-10-12 07:08:56,90300.0,100.0,3289200.0
408,2021-10-12 07:08:56,90300.0,100.0,3289100.0
409,2021-10-12 07:08:56,90300.0,100.0,3289000.0
410,2021-10-12 07:08:53,90400.0,100.0,3288900.0
411,2021-10-12 07:08:13,90400.0,100.0,3288800.0
412,2021-10-12 07:08:12,90400.0,100.0,3288700.0
413,2021-10-12 07:08:11,90400.0,1400.0,3288600.0
414,2021-10-12 07:07:55,90400.0,100.0,3287200.0
415,2021-10-12 07:07:55,90400.0,100.0,3287100.0
416,2021-10-12 07:07:55,90400.0,200.0,3287000.0
417,2021-10-12 07:07:52,90400.0,300.0,3286800.0
418,2021-10-12 07:07:50,90400.0,500.0,3286500.0
419,2021-10-12 07:07:50,90400.0,200.0,3286000.0
420,2021-10-12 07:07:50,90400.0,100.0,3285800.0
421,2021-10-12 07:07:50,90400.0,200.0,3285700.0
422,2021-10-12 07:07:31,90400.0,500.0,3285500.0
423,2021-10-12 07:07:25,90400.0,300.0,3285000.0
424,2021-10-12 07:07:24,90400.0,300.0,3284700.0
425,2021-10-12 07:07:19,90400.0,100.0,3284400.0
426,2021-10-12 07:07:19,90400.0,200.0,3284300.0
427,2021-10-12 07:07:02,90500.0,100.0,3284100.0
428,2021-10-12 07:07:02,90500.0,100.0,3284000.0
429,2021-10-12 07:07:01,90500.0,200.0,3283900.0
430,2021-10-12 07:07:01,90500.0,200.0,3283700.0
431,2021-10-12 07:07:01,90500.0,1000.0,3283500.0
432,2021-10-12 07:07:01,90500.0,500.0,3282500.0
433,2021-10-12 07:07:01,90500.0,300.0,3282000.0
434,2021-10-12 07:07:01,90500.0,100.0,3281700.0
435,2021-10-12 07:07:01,90500.0,100.0,3281600.0
436,2021-10-12 07:07:00,90400.0,600.0,3281500.0
437,2021-10-12 07:06:59,90400.0,200.0,3280900.0
438,2021-10-12 07:06:59,90400.0,400.0,3280700.0
439,2021-10-12 07:06:51,90400.0,100.0,3280300.0
440,2021-10-12 07:06:50,90400.0,600.0,3280200.0
441,2021-10-12 07:06:50,90400.0,100.0,3279600.0
442,2021-10-12 07:06:50,90400.0,500.0,3279500.0
443,2021-10-12 07:06:50,90400.0,100.0,3279000.0
444,2021-10-12 07:06:49,90400.0,100.0,3278900.0
445,2021-10-12 07:06:49,90400.0,1100.0,3278800.0
446,2021-10-12 07:06:49,90400.0,500.0,3277700.0
447,2021-10-12 07:06:49,90400.0,200.0,3277200.0
448,2021-10-12 07:06:49,90400.0,1000.0,3277000.0
449,2021-10-12 07:06:49,90400.0,1000.0,3276000.0
450,2021-10-12 07:06:49,90400.0,1000.0,3275000.0
451,2021-10-12 07:06:49,90400.0,200.0,3274000.0
452,2021-10-12 07:06:49,90400.0,600.0,3273800.0
453,2021-10-12 07:06:49,90400.0,100.0,3273200.0
454,2021-10-12 07:06:49,90400.0,200.0,3273100.0
455,2021-10-12 07:06:30,90400.0,100.0,3272900.0
456,2021-10-12 07:06:30,90400.0,100.0,3272800.0
457,2021-10-12 07:06:29,90400.0,600.0,3272700.0
458,2021-10-12 07:06:29,90400.0,500.0,3272100.0
459,2021-10-12 07:06:23,90300.0,8600.0,3271600.0
460,2021-10-12 07:06:10,90300.0,200.0,3263000.0
461,2021-10-12 07:06:04,90300.0,900.0,3262800.0
462,2021-10-12 07:06:04,90300.0,600.0,3261900.0
463,2021-10-12 07:06:01,90300.0,200.0,3261300.0
464,2021-10-12 07:05:55,90300.0,200.0,3261100.0
465,2021-10-12 07:05:55,90300.0,100.0,3260900.0
466,2021-10-12 07:05:43,90300.0,100.0,3260800.0
467,2021-10-12 07:05:40,90300.0,100.0,3260700.0
468,2021-10-12 07:05:39,90300.0,100.0,3260600.0
469,2021-10-12 07:05:38,90300.0,800.0,3260500.0
470,2021-10-12 07:05:38,90300.0,100.0,3259700.0
471,2021-10-12 07:05:33,90300.0,100.0,3259600.0
472,2021-10-12 07:05:33,90300.0,100.0,3259500.0
473,2021-10-12 07:05:33,90300.0,300.0,3259400.0
474,2021-10-12 07:05:32,90300.0,300.0,3259100.0
475,2021-10-12 07:05:27,90300.0,500.0,3258800.0
476,2021-10-12 07:05:27,90300.0,300.0,3258300.0
477,2021-10-12 07:05:27,90300.0,200.0,3258000.0
478,2021-10-12 07:05:27,90300.0,200.0,3257800.0
479,2021-10-12 07:05:27,90300.0,100.0,3257600.0
480,2021-10-12 07:05:20,90300.0,200.0,3257500.0
481,2021-10-12 07:05:16,90300.0,200.0,3257300.0
482,2021-10-12 07:05:06,90300.0,500.0,3257100.0
483,2021-10-12 07:05:06,90300.0,100.0,3256600.0
484,2021-10-12 07:04:59,90300.0,100.0,3256500.0
485,2021-10-12 07:04:59,90300.0,100.0,3256400.0
486,2021-10-12 07:04:59,90300.0,100.0,3256300.0
487,2021-10-12 07:04:59,90300.0,200.0,3256200.0
488,2021-10-12 07:04:39,90300.0,100.0,3256000.0
489,2021-10-12 07:04:39,90300.0,100.0,3255900.0
490,2021-10-12 07:04:38,90300.0,600.0,3255800.0
491,2021-10-12 07:04:38,90300.0,100.0,3255200.0
492,2021-10-12 07:04:38,90300.0,200.0,3255100.0
493,2021-10-12 07:04:38,90300.0,1100.0,3254900.0
494,2021-10-12 07:04:32,90300.0,100.0,3253800.0
495,2021-10-12 07:04:31,90300.0,100.0,3253700.0
496,2021-10-12 07:04:31,90300.0,100.0,3253600.0
497,2021-10-12 07:04:30,90300.0,100.0,3253500.0
498,2021-10-12 07:04:30,90200.0,100.0,3253400.0
499,2021-10-12 07:04:30,90200.0,100.0,3253300.0
500,2021-10-12 07:04:30,90200.0,100.0,3253200.0
501,2021-10-12 07:04:30,90200.0,400.0,3253100.0
502,2021-10-12 07:04:30,90200.0,300.0,3252700.0
503,2021-10-12 07:04:19,90300.0,500.0,3252400.0
504,2021-10-12 07:04:19,90300.0,400.0,3251900.0
505,2021-10-12 07:04:18,90300.0,1100.0,3251500.0
506,2021-10-12 07:04:18,90300.0,1000.0,3250400.0
507,2021-10-12 07:04:18,90300.0,100.0,3249400.0
508,2021-10-12 07:04:18,90300.0,500.0,3249300.0
509,2021-10-12 07:04:18,90300.0,1100.0,3248800.0
510,2021-10-12 07:03:48,90200.0,100.0,3247700.0
511,2021-10-12 07:03:48,90200.0,2000.0,3247600.0
512,2021-10-12 07:03:48,90200.0,500.0,3245600.0
513,2021-10-12 07:03:48,90200.0,800.0,3245100.0
514,2021-10-12 07:03:48,90200.0,100.0,3244300.0
515,2021-10-12 07:03:39,90200.0,100.0,3244200.0
516,2021-10-12 07:03:39,90200.0,100.0,3244100.0
517,2021-10-12 07:03:39,90200.0,100.0,3244000.0
518,2021-10-12 07:03:39,90200.0,400.0,3243900.0
519,2021-10-12 07:03:38,90300.0,100.0,3243500.0
520,2021-10-12 07:03:32,90200.0,100.0,3243400.0
521,2021-10-12 07:03:26,90300.0,200.0,3243300.0
522,2021-10-12 07:03:24,90200.0,100.0,3243100.0
523,2021-10-12 07:03:24,90200.0,100.0,3243000.0
524,2021-10-12 07:03:24,90200.0,100.0,3242900.0
525,2021-10-12 07:03:24,90200.0,100.0,3242800.0
526,2021-10-12 07:03:24,90200.0,100.0,3242700.0
527,2021-10-12 07:03:24,90200.0,100.0,3242600.0
528,2021-10-12 07:03:24,90200.0,100.0,3242500.0
529,2021-10-12 07:03:24,90200.0,100.0,3242400.0
530,2021-10-12 07:03:24,90200.0,100.0,3242300.0
531,2021-10-12 07:03:24,90200.0,100.0,3242200.0
532,2021-10-12 07:03:24,90200.0,100.0,3242100.0
533,2021-10-12 07:03:24,90200.0,300.0,3242000.0
534,2021-10-12 07:03:23,90200.0,1700.0,3241700.0
535,2021-10-12 07:03:23,90200.0,500.0,3240000.0
536,2021-10-12 07:03:23,90200.0,1000.0,3239500.0
537,2021-10-12 07:03:23,90200.0,400.0,3238500.0
538,2021-10-12 07:03:23,90200.0,100.0,3238100.0
539,2021-10-12 07:03:23,90200.0,200.0,3238000.0
540,2021-10-12 07:03:23,90200.0,100.0,3237800.0
541,2021-10-12 07:03:23,90200.0,500.0,3237700.0
542,2021-10-12 07:03:23,90200.0,100.0,3237200.0
543,2021-10-12 07:03:23,90200.0,2000.0,3237100.0
544,2021-10-12 07:03:23,90200.0,100.0,3235100.0
545,2021-10-12 07:03:23,90200.0,100.0,3235000.0
546,2021-10-12 07:03:23,90200.0,100.0,3234900.0
547,2021-10-12 07:03:23,90200.0,100.0,3234800.0
548,2021-10-12 07:03:23,90200.0,1000.0,3234700.0
549,2021-10-12 07:03:23,90200.0,500.0,3233700.0
550,2021-10-12 07:03:23,90200.0,100.0,3233200.0
551,2021-10-12 07:03:22,90200.0,1000.0,3233100.0
552,2021-10-12 07:03:11,90300.0,200.0,3232100.0
553,2021-10-12 07:03:11,90200.0,500.0,3231900.0
554,2021-10-12 07:02:58,90200.0,500.0,3231400.0
555,2021-10-12 07:02:58,90200.0,100.0,3230900.0
556,2021-10-12 07:02:58,90200.0,400.0,3230800.0
557,2021-10-12 07:02:55,90200.0,900.0,3230400.0
558,2021-10-12 07:02:40,90200.0,500.0,3229500.0
559,2021-10-12 07:01:18,90200.0,100.0,3229000.0
560,2021-10-12 07:01:16,90200.0,100.0,3228900.0
561,2021-10-12 07:01:16,90200.0,200.0,3228800.0
562,2021-10-12 07:01:16,90200.0,200.0,3228600.0
563,2021-10-12 07:01:16,90200.0,100.0,3228400.0
564,2021-10-12 07:00:55,90200.0,400.0,3228300.0
565,2021-10-12 07:00:55,90200.0,100.0,3227900.0
566,2021-10-12 07:00:55,90200.0,500.0,3227800.0
567,2021-10-12 07:00:48,90300.0,100.0,3227300.0
568,2021-10-12 06:59:52,90300.0,100.0,3227200.0
569,2021-10-12 06:59:46,90300.0,100.0,3227100.0
570,2021-10-12 06:59:46,90300.0,100.0,3227000.0
571,2021-10-12 06:59:45,90300.0,700.0,3226900.0
572,2021-10-12 06:59:45,90300.0,600.0,3226200.0
573,2021-10-12 06:59:44,90300.0,500.0,3225600.0
574,2021-10-12 06:59:44,90300.0,600.0,3225100.0
575,2021-10-12 06:59:44,90300.0,300.0,3224500.0
576,2021-10-12 06:59:44,90300.0,100.0,3224200.0
577,2021-10-12 06:59:44,90300.0,3000.0,3224100.0
578,2021-10-12 06:59:44,90300.0,100.0,3221100.0
579,2021-10-12 06:59:44,90300.0,600.0,3221000.0
580,2021-10-12 06:59:44,90300.0,500.0,3220400.0
581,2021-10-12 06:59:44,90300.0,100.0,3219900.0
582,2021-10-12 06:59:44,90300.0,100.0,3219800.0
583,2021-10-12 06:59:36,90300.0,100.0,3219700.0
584,2021-10-12 06:59:36,90300.0,100.0,3219600.0
585,2021-10-12 06:59:36,90300.0,5000.0,3219500.0
586,2021-10-12 06:59:22,90300.0,100.0,3214500.0
587,2021-10-12 06:59:22,90300.0,100.0,3214400.0
588,2021-10-12 06:59:22,90300.0,100.0,3214300.0
589,2021-10-12 06:59:22,90300.0,100.0,3214200.0
590,2021-10-12 06:59:22,90300.0,100.0,3214100.0
591,2021-10-12 06:58:58,90300.0,100.0,3214000.0
592,2021-10-12 06:58:58,90300.0,100.0,3213900.0
593,2021-10-12 06:58:58,90300.0,100.0,3213800.0
594,2021-10-12 06:58:58,90300.0,100.0,3213700.0
595,2021-10-12 06:58:58,90300.0,1700.0,3213600.0
596,2021-10-12 06:58:58,90300.0,1600.0,3211900.0
597,2021-10-12 06:58:58,90300.0,600.0,3210300.0
598,2021-10-12 06:58:58,90300.0,300.0,3209700.0
599,2021-10-12 06:58:58,90300.0,400.0,3209400.0
600,2021-10-12 06:58:45,90300.0,100.0,3209000.0
601,2021-10-12 06:58:34,90300.0,300.0,3208900.0
602,2021-10-12 06:58:34,90300.0,500.0,3208600.0
603,2021-10-12 06:58:34,90300.0,100.0,3208100.0
604,2021-10-12 06:58:34,90300.0,100.0,3208000.0
605,2021-10-12 06:58:29,90300.0,900.0,3207900.0
606,2021-10-12 06:58:21,90300.0,1000.0,3207000.0
607,2021-10-12 06:58:02,90300.0,100.0,3206000.0
608,2021-10-12 06:58:02,90300.0,1200.0,3205900.0
609,2021-10-12 06:58:02,90300.0,100.0,3204700.0
610,2021-10-12 06:58:02,90300.0,100.0,3204600.0
611,2021-10-12 06:57:57,90300.0,100.0,3204500.0
612,2021-10-12 06:57:57,90300.0,100.0,3204400.0
613,2021-10-12 06:57:57,90300.0,1000.0,3204300.0
614,2021-10-12 06:57:57,90300.0,1000.0,3203300.0
615,2021-10-12 06:57:57,90300.0,300.0,3202300.0
616,2021-10-12 06:57:57,90300.0,100.0,3202000.0
617,2021-10-12 06:57:57,90300.0,1000.0,3201900.0
618,2021-10-12 06:57:57,90300.0,300.0,3200900.0
619,2021-10-12 06:57:57,90300.0,100.0,3200600.0
620,2021-10-12 06:57:57,90300.0,100.0,3200500.0
621,2021-10-12 06:57:57,90300.0,10000.0,3200400.0
622,2021-10-12 06:57:57,90300.0,200.0,3190400.0
623,2021-10-12 06:57:57,90300.0,100.0,3190200.0
624,2021-10-12 06:57:57,90300.0,100.0,3190100.0
625,2021-10-12 06:57:57,90300.0,100.0,3190000.0
626,2021-10-12 06:57:27,90300.0,500.0,3189900.0
627,2021-10-12 06:57:25,90300.0,400.0,3189400.0
628,2021-10-12 06:57:25,90300.0,200.0,3189000.0
629,2021-10-12 06:57:25,90300.0,1000.0,3188800.0
630,2021-10-12 06:57:25,90300.0,900.0,3187800.0
631,2021-10-12 06:57:25,90300.0,100.0,3186900.0
632,2021-10-12 06:57:25,90300.0,100.0,3186800.0
633,2021-10-12 06:57:25,90300.0,100.0,3186700.0
634,2021-10-12 06:57:25,90300.0,100.0,3186600.0
635,2021-10-12 06:57:25,90300.0,100.0,3186500.0
636,2021-10-12 06:57:25,90300.0,100.0,3186400.0
637,2021-10-12 06:57:25,90300.0,100.0,3186300.0
638,2021-10-12 06:57:25,90300.0,100.0,3186200.0
639,2021-10-12 06:57:25,90300.0,200.0,3186100.0
640,2021-10-12 06:57:25,90300.0,4000.0,3185900.0
641,2021-10-12 06:56:41,90300.0,1000.0,3181900.0
642,2021-10-12 06:56:41,90300.0,100.0,3180900.0
643,2021-10-12 06:56:41,90300.0,200.0,3180800.0
644,2021-10-12 06:56:41,90300.0,5000.0,3180600.0
645,2021-10-12 06:56:41,90300.0,300.0,3175600.0
646,2021-10-12 06:56:41,90300.0,300.0,3175300.0
647,2021-10-12 06:56:41,90300.0,300.0,3175000.0
648,2021-10-12 06:56:41,90300.0,900.0,3174700.0
649,2021-10-12 06:56:41,90300.0,100.0,3173800.0
650,2021-10-12 06:56:41,90300.0,100.0,3173700.0
651,2021-10-12 06:56:41,90300.0,200.0,3173600.0
652,2021-10-12 06:56:41,90300.0,100.0,3173400.0
653,2021-10-12 06:56:41,90300.0,100.0,3173300.0
654,2021-10-12 06:56:41,90300.0,100.0,3173200.0
655,2021-10-12 06:56:41,90300.0,100.0,3173100.0
656,2021-10-12 06:56:41,90300.0,300.0,3173000.0
657,2021-10-12 06:56:41,90300.0,400.0,3172700.0
658,2021-10-12 06:56:41,90300.0,400.0,3172300.0
659,2021-10-12 06:56:29,90400.0,100.0,3171900.0
660,2021-10-12 06:56:26,90300.0,1100.0,3171800.0
661,2021-10-12 06:56:26,90300.0,100.0,3170700.0
662,2021-10-12 06:56:26,90300.0,100.0,3170600.0
663,2021-10-12 06:56:07,90300.0,5000.0,3170500.0
664,2021-10-12 06:56:07,90300.0,100.0,3165500.0
665,2021-10-12 06:56:07,90300.0,300.0,3165400.0
666,2021-10-12 06:56:07,90300.0,1100.0,3165100.0
667,2021-10-12 06:56:07,90300.0,2600.0,3164000.0
668,2021-10-12 06:56:04,90400.0,100.0,3161400.0
669,2021-10-12 06:56:03,90400.0,100.0,3161300.0
670,2021-10-12 06:56:02,90400.0,600.0,3161200.0
671,2021-10-12 06:56:02,90400.0,400.0,3160600.0
672,2021-10-12 06:55:45,90400.0,100.0,3160200.0
673,2021-10-12 06:54:59,90400.0,500.0,3160100.0
674,2021-10-12 06:54:48,90400.0,100.0,3159600.0
675,2021-10-12 06:54:48,90400.0,100.0,3159500.0
676,2021-10-12 06:54:48,90400.0,100.0,3159400.0
677,2021-10-12 06:54:48,90400.0,100.0,3159300.0
678,2021-10-12 06:54:48,90400.0,100.0,3159200.0
679,2021-10-12 06:54:43,90400.0,100.0,3159100.0
680,2021-10-12 06:54:33,90400.0,100.0,3159000.0
681,2021-10-12 06:54:33,90400.0,100.0,3158900.0
682,2021-10-12 06:54:33,90400.0,100.0,3158800.0
683,2021-10-12 06:54:33,90400.0,200.0,3158700.0
684,2021-10-12 06:54:15,90400.0,900.0,3158500.0
685,2021-10-12 06:54:15,90400.0,100.0,3157600.0
686,2021-10-12 06:54:03,90400.0,900.0,3157500.0
687,2021-10-12 06:53:49,90400.0,200.0,3156600.0
688,2021-10-12 06:53:38,90400.0,500.0,3156400.0
689,2021-10-12 06:53:32,90400.0,100.0,3155900.0
690,2021-10-12 06:53:32,90400.0,200.0,3155800.0
691,2021-10-12 06:53:32,90400.0,2700.0,3155600.0
692,2021-10-12 06:53:32,90400.0,100.0,3152900.0
693,2021-10-12 06:53:32,90400.0,500.0,3152800.0
694,2021-10-12 06:53:32,90400.0,100.0,3152300.0
695,2021-10-12 06:53:32,90400.0,500.0,3152200.0
696,2021-10-12 06:53:32,90400.0,300.0,3151700.0
697,2021-10-12 06:53:32,90400.0,100.0,3151400.0
698,2021-10-12 06:53:32,90400.0,200.0,3151300.0
699,2021-10-12 06:53:32,90400.0,400.0,3151100.0
700,2021-10-12 06:53:32,90400.0,100.0,3150700.0
701,2021-10-12 06:53:32,90400.0,4000.0,3150600.0
702,2021-10-12 06:53:19,90300.0,800.0,3146600.0
703,2021-10-12 06:52:57,90400.0,200.0,3145800.0
704,2021-10-12 06:52:57,90400.0,200.0,3145600.0
705,2021-10-12 06:52:55,90300.0,100.0,3145400.0
706,2021-10-12 06:52:46,90300.0,100.0,3145300.0
707,2021-10-12 06:52:46,90300.0,100.0,3145200.0
708,2021-10-12 06:52:33,90300.0,300.0,3145100.0
709,2021-10-12 06:52:33,90300.0,100.0,3144800.0
710,2021-10-12 06:52:33,90300.0,100.0,3144700.0
711,2021-10-12 06:52:33,90300.0,200.0,3144600.0
712,2021-10-12 06:52:33,90300.0,100.0,3144400.0
713,2021-10-12 06:52:33,90300.0,500.0,3144300.0
714,2021-10-12 06:52:33,90300.0,400.0,3143800.0
715,2021-10-12 06:52:33,90300.0,100.0,3143400.0
716,2021-10-12 06:52:33,90300.0,100.0,3143300.0
717,2021-10-12 06:52:33,90300.0,100.0,3143200.0
718,2021-10-12 06:52:33,90300.0,1000.0,3143100.0
719,2021-10-12 06:52:33,90300.0,100.0,3142100.0
720,2021-10-12 06:52:33,90300.0,200.0,3142000.0
721,2021-10-12 06:52:33,90300.0,2000.0,3141800.0
722,2021-10-12 06:52:33,90300.0,1000.0,3139800.0
723,2021-10-12 06:52:33,90300.0,200.0,3138800.0
724,2021-10-12 06:52:33,90300.0,300.0,3138600.0
725,2021-10-12 06:52:33,90300.0,200.0,3138300.0
726,2021-10-12 06:52:33,90300.0,100.0,3138100.0
727,2021-10-12 06:52:33,90300.0,100.0,3138000.0
728,2021-10-12 06:52:33,90300.0,100.0,3137900.0
729,2021-10-12 06:52:33,90300.0,500.0,3137800.0
730,2021-10-12 06:52:33,90300.0,500.0,3137300.0
731,2021-10-12 06:52:33,90300.0,100.0,3136800.0
732,2021-10-12 06:52:33,90300.0,500.0,3136700.0
733,2021-10-12 06:52:33,90300.0,100.0,3136200.0
734,2021-10-12 06:52:13,90300.0,1000.0,3136100.0
735,2021-10-12 06:52:01,90300.0,100.0,3135100.0
736,2021-10-12 06:51:51,90300.0,900.0,3135000.0
737,2021-10-12 06:51:51,90300.0,100.0,3134100.0
738,2021-10-12 06:51:43,90300.0,500.0,3134000.0
739,2021-10-12 06:51:41,90300.0,200.0,3133500.0
740,2021-10-12 06:50:50,90300.0,200.0,3133300.0
741,2021-10-12 06:50:50,90300.0,200.0,3133100.0
742,2021-10-12 06:50:06,90300.0,300.0,3132900.0
743,2021-10-12 06:50:06,90300.0,100.0,3132600.0
744,2021-10-12 06:50:06,90300.0,100.0,3132500.0
745,2021-10-12 06:50:06,90300.0,200.0,3132400.0
746,2021-10-12 06:49:54,90400.0,100.0,3132200.0
747,2021-10-12 06:49:51,90400.0,100.0,3132100.0
748,2021-10-12 06:49:48,90400.0,100.0,3132000.0
749,2021-10-12 06:49:40,90400.0,100.0,3131900.0
750,2021-10-12 06:49:39,90400.0,100.0,3131800.0
751,2021-10-12 06:49:39,90400.0,300.0,3131700.0
752,2021-10-12 06:49:39,90300.0,800.0,3131400.0
753,2021-10-12 06:49:38,90400.0,400.0,3130600.0
754,2021-10-12 06:49:38,90400.0,100.0,3130200.0
755,2021-10-12 06:49:38,90400.0,500.0,3130100.0
756,2021-10-12 06:49:38,90400.0,600.0,3129600.0
757,2021-10-12 06:49:38,90400.0,100.0,3129000.0
758,2021-10-12 06:49:37,90400.0,200.0,3128900.0
759,2021-10-12 06:49:37,90400.0,700.0,3128700.0
760,2021-10-12 06:49:37,90400.0,700.0,3128000.0
761,2021-10-12 06:49:37,90400.0,100.0,3127300.0
762,2021-10-12 06:49:37,90400.0,100.0,3127200.0
763,2021-10-12 06:49:37,90400.0,100.0,3127100.0
764,2021-10-12 06:49:37,90400.0,100.0,3127000.0
765,2021-10-12 06:49:37,90400.0,100.0,3126900.0
766,2021-10-12 06:49:37,90400.0,200.0,3126800.0
767,2021-10-12 06:49:23,90400.0,100.0,3126600.0
768,2021-10-12 06:49:23,90400.0,100.0,3126500.0
769,2021-10-12 06:49:15,90400.0,100.0,3126400.0
770,2021-10-12 06:49:15,90400.0,100.0,3126300.0
771,2021-10-12 06:49:15,90400.0,100.0,3126200.0
772,2021-10-12 06:49:10,90400.0,100.0,3126100.0
773,2021-10-12 06:49:10,90400.0,100.0,3126000.0
774,2021-10-12 06:49:10,90400.0,100.0,3125900.0
775,2021-10-12 06:49:10,90400.0,200.0,3125800.0
776,2021-10-12 06:49:10,90400.0,100.0,3125600.0
777,2021-10-12 06:49:10,90400.0,3000.0,3125500.0
778,2021-10-12 06:49:10,90400.0,500.0,3122500.0
779,2021-10-12 06:49:10,90400.0,200.0,3122000.0
780,2021-10-12 06:49:10,90400.0,100.0,3121800.0
781,2021-10-12 06:49:10,90400.0,100.0,3121700.0
782,2021-10-12 06:49:10,90400.0,100.0,3121600.0
783,2021-10-12 06:49:10,90400.0,100.0,3121500.0
784,2021-10-12 06:49:10,90400.0,100.0,3121400.0
785,2021-10-12 06:49:10,90400.0,200.0,3121300.0
786,2021-10-12 06:49:01,90400.0,100.0,3121100.0
787,2021-10-12 06:49:01,90400.0,100.0,3121000.0
788,2021-10-12 06:49:01,90400.0,100.0,3120900.0
789,2021-10-12 06:49:01,90400.0,8600.0,3120800.0
790,2021-10-12 06:48:55,90400.0,1000.0,3112200.0
791,2021-10-12 06:48:35,90400.0,400.0,3111200.0
792,2021-10-12 06:48:35,90400.0,200.0,3110800.0
793,2021-10-12 06:48:15,90500.0,100.0,3110600.0
794,2021-10-12 06:48:12,90500.0,100.0,3110500.0
795,2021-10-12 06:48:10,90500.0,100.0,3110400.0
796,2021-10-12 06:47:55,90400.0,100.0,3110300.0
797,2021-10-12 06:47:54,90400.0,100.0,3110200.0
798,2021-10-12 06:47:54,90400.0,100.0,3110100.0
799,2021-10-12 06:47:54,90400.0,100.0,3110000.0
800,2021-10-12 06:47:54,90400.0,100.0,3109900.0
801,2021-10-12 06:47:54,90400.0,100.0,3109800.0
802,2021-10-12 06:47:54,90400.0,100.0,3109700.0
803,2021-10-12 06:47:51,90400.0,100.0,3109600.0
804,2021-10-12 06:47:46,90400.0,200.0,3109500.0
805,2021-10-12 06:47:44,90400.0,100.0,3109300.0
806,2021-10-12 06:47:44,90400.0,100.0,3109200.0
807,2021-10-12 06:47:41,90400.0,200.0,3109100.0
808,2021-10-12 06:47:37,90400.0,200.0,3108900.0
809,2021-10-12 06:47:34,90400.0,200.0,3108700.0
810,2021-10-12 06:47:30,90400.0,200.0,3108500.0
811,2021-10-12 06:47:27,90400.0,100.0,3108300.0
812,2021-10-12 06:47:27,90400.0,200.0,3108200.0
813,2021-10-12 06:47:27,90400.0,1000.0,3108000.0
814,2021-10-12 06:47:26,90400.0,200.0,3107000.0
815,2021-10-12 06:47:22,90400.0,200.0,3106800.0
816,2021-10-12 06:47:18,90400.0,200.0,3106600.0
817,2021-10-12 06:47:15,90400.0,200.0,3106400.0
818,2021-10-12 06:47:11,90400.0,200.0,3106200.0
819,2021-10-12 06:46:53,90500.0,100.0,3106000.0
820,2021-10-12 06:46:50,90500.0,100.0,3105900.0
821,2021-10-12 06:46:47,90500.0,200.0,3105800.0
822,2021-10-12 06:46:47,90500.0,100.0,3105600.0
823,2021-10-12 06:46:47,90500.0,100.0,3105500.0
824,2021-10-12 06:46:45,90500.0,100.0,3105400.0
825,2021-10-12 06:46:43,90500.0,100.0,3105300.0
826,2021-10-12 06:46:40,90500.0,100.0,3105200.0
827,2021-10-12 06:46:37,90500.0,100.0,3105100.0
828,2021-10-12 06:46:36,90500.0,100.0,3105000.0
829,2021-10-12 06:46:33,90500.0,100.0,3104900.0
830,2021-10-12 06:46:30,90500.0,100.0,3104800.0
831,2021-10-12 06:46:00,90400.0,1000.0,3104700.0
832,2021-10-12 06:45:40,90500.0,100.0,3103700.0
833,2021-10-12 06:45:40,90500.0,200.0,3103600.0
834,2021-10-12 06:45:35,90400.0,200.0,3103400.0
835,2021-10-12 06:45:32,90500.0,100.0,3103200.0
836,2021-10-12 06:45:29,90500.0,100.0,3103100.0
837,2021-10-12 06:45:14,90400.0,800.0,3103000.0
838,2021-10-12 06:45:07,90500.0,200.0,3102200.0
839,2021-10-12 06:45:07,90500.0,100.0,3102000.0
840,2021-10-12 06:45:04,90500.0,200.0,3101900.0
841,2021-10-12 06:44:59,90500.0,100.0,3101700.0
842,2021-10-12 06:44:50,90500.0,100.0,3101600.0
843,2021-10-12 06:44:43,90500.0,200.0,3101500.0
844,2021-10-12 06:44:43,90500.0,200.0,3101300.0
845,2021-10-12 06:44:42,90500.0,100.0,3101100.0
846,2021-10-12 06:44:42,90400.0,1000.0,3101000.0
847,2021-10-12 06:44:42,90400.0,500.0,3100000.0
848,2021-10-12 06:44:42,90400.0,100.0,3099500.0
849,2021-10-12 06:44:42,90400.0,100.0,3099400.0
850,2021-10-12 06:44:42,90400.0,100.0,3099300.0
851,2021-10-12 06:44:42,90400.0,200.0,3099200.0
852,2021-10-12 06:44:32,90500.0,100.0,3099000.0
853,2021-10-12 06:44:23,90500.0,100.0,3098900.0
854,2021-10-12 06:41:59,90500.0,500.0,3098800.0
855,2021-10-12 06:41:33,90400.0,100.0,3098300.0
856,2021-10-12 06:41:33,90400.0,900.0,3098200.0
857,2021-10-12 06:41:14,90400.0,100.0,3097300.0
858,2021-10-12 06:41:07,90500.0,100.0,3097200.0
859,2021-10-12 06:41:06,90500.0,100.0,3097100.0
860,2021-10-12 06:41:05,90500.0,400.0,3097000.0
861,2021-10-12 06:41:05,90500.0,300.0,3096600.0
862,2021-10-12 06:41:05,90500.0,300.0,3096300.0
863,2021-10-12 06:41:05,90500.0,200.0,3096000.0
864,2021-10-12 06:41:05,90500.0,300.0,3095800.0
865,2021-10-12 06:40:47,90400.0,800.0,3095500.0
866,2021-10-12 06:40:41,90500.0,200.0,3094700.0
867,2021-10-12 06:40:40,90500.0,200.0,3094500.0
868,2021-10-12 06:40:40,90500.0,2000.0,3094300.0
869,2021-10-12 06:40:17,90400.0,300.0,3092300.0
870,2021-10-12 06:40:17,90400.0,200.0,3092000.0
871,2021-10-12 06:40:16,90400.0,600.0,3091800.0
872,2021-10-12 06:40:14,90400.0,100.0,3091200.0
873,2021-10-12 06:40:14,90400.0,100.0,3091100.0
874,2021-10-12 06:40:13,90400.0,300.0,3091000.0
875,2021-10-12 06:40:13,90400.0,300.0,3090700.0
876,2021-10-12 06:40:13,90400.0,500.0,3090400.0
877,2021-10-12 06:40:13,90400.0,100.0,3089900.0
878,2021-10-12 06:40:13,90400.0,100.0,3089800.0
879,2021-10-12 06:40:13,90400.0,100.0,3089700.0
880,2021-10-12 06:40:13,90400.0,100.0,3089600.0
881,2021-10-12 06:40:13,90400.0,2800.0,3089500.0
882,2021-10-12 06:40:13,90400.0,200.0,3086700.0
883,2021-10-12 06:40:13,90400.0,500.0,3086500.0
884,2021-10-12 06:40:13,90400.0,600.0,3086000.0
885,2021-10-12 06:40:13,90400.0,600.0,3085400.0
886,2021-10-12 06:40:13,90400.0,100.0,3084800.0
887,2021-10-12 06:40:13,90400.0,100.0,3084700.0
888,2021-10-12 06:40:13,90400.0,200.0,3084600.0
889,2021-10-12 06:40:13,90400.0,100.0,3084400.0
890,2021-10-12 06:40:13,90400.0,300.0,3084300.0
891,2021-10-12 06:40:13,90400.0,100.0,3084000.0
892,2021-10-12 06:40:13,90400.0,200.0,3083900.0
893,2021-10-12 06:40:13,90400.0,200.0,3083700.0
894,2021-10-12 06:40:13,90400.0,200.0,3083500.0
895,2021-10-12 06:40:13,90400.0,500.0,3083300.0
896,2021-10-12 06:40:13,90400.0,100.0,3082800.0
897,2021-10-12 06:40:13,90400.0,800.0,3082700.0
898,2021-10-12 06:40:13,90400.0,400.0,3081900.0
899,2021-10-12 06:40:13,90400.0,100.0,3081500.0
900,2021-10-12 06:40:13,90400.0,200.0,3081400.0
901,2021-10-12 06:40:09,90400.0,500.0,3081200.0
902,2021-10-12 06:40:09,90400.0,1300.0,3080700.0
903,2021-10-12 06:40:09,90400.0,3000.0,3079400.0
904,2021-10-12 06:40:09,90400.0,100.0,3076400.0
905,2021-10-12 06:40:09,90400.0,100.0,3076300.0
906,2021-10-12 06:39:50,90500.0,300.0,3076200.0
907,2021-10-12 06:38:53,90400.0,500.0,3075900.0
908,2021-10-12 06:38:47,90400.0,200.0,3075400.0
909,2021-10-12 06:38:38,90400.0,200.0,3075200.0
910,2021-10-12 06:38:21,90400.0,500.0,3075000.0
911,2021-10-12 06:38:14,90400.0,200.0,3074500.0
912,2021-10-12 06:38:04,90400.0,5000.0,3074300.0
913,2021-10-12 06:37:42,90400.0,700.0,3069300.0
914,2021-10-12 06:37:19,90500.0,100.0,3068600.0
915,2021-10-12 06:36:39,90500.0,100.0,3068500.0
916,2021-10-12 06:36:38,90500.0,700.0,3068400.0
917,2021-10-12 06:36:38,90500.0,600.0,3067700.0
918,2021-10-12 06:36:37,90500.0,100.0,3067100.0
919,2021-10-12 06:36:37,90500.0,700.0,3067000.0
920,2021-10-12 06:36:37,90500.0,200.0,3066300.0
921,2021-10-12 06:36:37,90500.0,500.0,3066100.0
922,2021-10-12 06:36:37,90500.0,200.0,3065600.0
923,2021-10-12 06:36:37,90500.0,400.0,3065400.0
924,2021-10-12 06:36:37,90500.0,900.0,3065000.0
925,2021-10-12 06:36:37,90500.0,3000.0,3064100.0
926,2021-10-12 06:36:29,90500.0,100.0,3061100.0
927,2021-10-12 06:36:29,90500.0,100.0,3061000.0
928,2021-10-12 06:36:27,90500.0,1000.0,3060900.0
929,2021-10-12 06:36:27,90400.0,100.0,3059900.0
930,2021-10-12 06:36:27,90400.0,200.0,3059800.0
931,2021-10-12 06:36:27,90400.0,200.0,3059600.0
932,2021-10-12 06:36:22,90400.0,800.0,3059400.0
933,2021-10-12 06:35:47,90500.0,500.0,3058600.0
934,2021-10-12 06:34:05,90500.0,100.0,3058100.0
935,2021-10-12 06:33:46,90400.0,200.0,3058000.0
936,2021-10-12 06:33:45,90500.0,400.0,3057800.0
937,2021-10-12 06:33:45,90500.0,100.0,3057400.0
938,2021-10-12 06:33:44,90500.0,1800.0,3057300.0
939,2021-10-12 06:33:44,90500.0,1000.0,3055500.0
940,2021-10-12 06:33:44,90500.0,200.0,3054500.0
941,2021-10-12 06:33:44,90500.0,100.0,3054300.0
942,2021-10-12 06:33:44,90500.0,300.0,3054200.0
943,2021-10-12 06:33:43,90500.0,9700.0,3053900.0
944,2021-10-12 06:33:43,90500.0,100.0,3044200.0
945,2021-10-12 06:33:43,90500.0,600.0,3044100.0
946,2021-10-12 06:33:43,90500.0,500.0,3043500.0
947,2021-10-12 06:33:43,90500.0,600.0,3043000.0
948,2021-10-12 06:33:43,90400.0,500.0,3042400.0
949,2021-10-12 06:33:43,90400.0,200.0,3041900.0
950,2021-10-12 06:33:43,90400.0,100.0,3041700.0
951,2021-10-12 06:33:43,90400.0,300.0,3041600.0
952,2021-10-12 06:33:43,90400.0,600.0,3041300.0
953,2021-10-12 06:33:43,90400.0,200.0,3040700.0
954,2021-10-12 06:33:43,90400.0,300.0,3040500.0
955,2021-10-12 06:33:43,90400.0,1300.0,3040200.0
956,2021-10-12 06:33:41,90400.0,100.0,3038900.0
957,2021-10-12 06:33:35,90400.0,100.0,3038800.0
958,2021-10-12 06:33:34,90400.0,100.0,3038700.0
959,2021-10-12 06:33:33,90400.0,100.0,3038600.0
960,2021-10-12 06:33:33,90400.0,1000.0,3038500.0
961,2021-10-12 06:33:32,90400.0,100.0,3037500.0
962,2021-10-12 06:33:31,90400.0,700.0,3037400.0
963,2021-10-12 06:33:31,90400.0,300.0,3036700.0
964,2021-10-12 06:33:25,90400.0,100.0,3036400.0
965,2021-10-12 06:33:25,90400.0,100.0,3036300.0
966,2021-10-12 06:33:24,90400.0,100.0,3036200.0
967,2021-10-12 06:33:23,90400.0,1000.0,3036100.0
968,2021-10-12 06:32:52,90400.0,100.0,3035100.0
969,2021-10-12 06:32:52,90400.0,100.0,3035000.0
970,2021-10-12 06:32:51,90400.0,600.0,3034900.0
971,2021-10-12 06:32:51,90400.0,600.0,3034300.0
972,2021-10-12 06:32:50,90400.0,100.0,3033700.0
973,2021-10-12 06:32:50,90400.0,200.0,3033600.0
974,2021-10-12 06:32:50,90400.0,2400.0,3033400.0
975,2021-10-12 06:32:50,90400.0,300.0,3031000.0
976,2021-10-12 06:32:50,90400.0,600.0,3030700.0
977,2021-10-12 06:32:50,90400.0,100.0,3030100.0
978,2021-10-12 06:32:50,90400.0,200.0,3030000.0
979,2021-10-12 06:32:50,90400.0,200.0,3029800.0
980,2021-10-12 06:32:50,90400.0,300.0,3029600.0
981,2021-10-12 06:32:50,90400.0,800.0,3029300.0
982,2021-10-12 06:32:50,90400.0,100.0,3028500.0
983,2021-10-12 06:32:50,90400.0,1000.0,3028400.0
984,2021-10-12 06:32:38,90400.0,100.0,3027400.0
985,2021-10-12 06:32:38,90400.0,300.0,3027300.0
986,2021-10-12 06:32:38,90400.0,100.0,3027000.0
987,2021-10-12 06:32:21,90500.0,400.0,3026900.0
988,2021-10-12 06:32:20,90500.0,200.0,3026500.0
989,2021-10-12 06:32:20,90500.0,200.0,3026300.0
990,2021-10-12 06:32:19,90500.0,1300.0,3026100.0
991,2021-10-12 06:32:19,90500.0,900.0,3024800.0
992,2021-10-12 06:32:17,90400.0,1400.0,3023900.0
993,2021-10-12 06:32:17,90400.0,1000.0,3022500.0
994,2021-10-12 06:32:17,90400.0,100.0,3021500.0
995,2021-10-12 06:32:17,90400.0,100.0,3021400.0
996,2021-10-12 06:32:17,90400.0,1000.0,3021300.0
997,2021-10-12 06:32:17,90400.0,2000.0,3020300.0
998,2021-10-12 06:32:17,90400.0,1000.0,3018300.0
999,2021-10-12 06:32:17,90400.0,100.0,3017300.0
1000,2021-10-12 06:32:17,90400.0,100.0,3017200.0
1001,2021-10-12 06:32:17,90400.0,400.0,3017100.0
1002,2021-10-12 06:31:58,90400.0,600.0,3016700.0
1003,2021-10-12 06:31:58,90400.0,100.0,3016100.0
1004,2021-10-12 06:31:58,90400.0,100.0,3016000.0
1005,2021-10-12 06:30:50,90400.0,300.0,3015900.0
1006,2021-10-12 06:30:43,90400.0,500.0,3015600.0
1007,2021-10-12 06:30:25,90400.0,1300.0,3015100.0
1008,2021-10-12 06:30:08,90400.0,500.0,3013800.0
1009,2021-10-12 06:29:56,90400.0,400.0,3013300.0
1010,2021-10-12 06:29:55,90400.0,200.0,3012900.0
1011,2021-10-12 06:29:55,90400.0,300.0,3012700.0
1012,2021-10-12 06:29:55,90400.0,400.0,3012400.0
1013,2021-10-12 06:29:54,90400.0,1000.0,3012000.0
1014,2021-10-12 06:29:54,90400.0,700.0,3011000.0
1015,2021-10-12 06:29:54,90400.0,100.0,3010300.0
1016,2021-10-12 06:29:54,90400.0,1600.0,3010200.0
1017,2021-10-12 06:29:54,90400.0,800.0,3008600.0
1018,2021-10-12 06:29:53,90400.0,400.0,3007800.0
1019,2021-10-12 06:29:53,90400.0,300.0,3007400.0
1020,2021-10-12 06:29:53,90400.0,300.0,3007100.0
1021,2021-10-12 06:29:53,90400.0,300.0,3006800.0
1022,2021-10-12 06:29:53,90400.0,4600.0,3006500.0
1023,2021-10-12 06:29:53,90400.0,100.0,3001900.0
1024,2021-10-12 06:29:53,90400.0,300.0,3001800.0
1025,2021-10-12 06:29:53,90400.0,8100.0,3001500.0
1026,2021-10-12 06:29:53,90400.0,200.0,2993400.0
1027,2021-10-12 06:29:53,90400.0,400.0,2993200.0
1028,2021-10-12 06:29:51,90400.0,400.0,2992800.0
1029,2021-10-12 06:29:46,90400.0,600.0,2992400.0
1030,2021-10-12 06:29:45,90400.0,300.0,2991800.0
1031,2021-10-12 06:29:45,90400.0,200.0,2991500.0
1032,2021-10-12 06:29:44,90400.0,300.0,2991300.0
1033,2021-10-12 06:29:44,90400.0,1100.0,2991000.0
1034,2021-10-12 06:29:44,90400.0,500.0,2989900.0
1035,2021-10-12 06:29:44,90400.0,3000.0,2989400.0
1036,2021-10-12 06:29:44,90400.0,100.0,2986400.0
1037,2021-10-12 06:29:36,90400.0,100.0,2986300.0
1038,2021-10-12 06:29:31,90400.0,200.0,2986200.0
1039,2021-10-12 06:29:31,90400.0,100.0,2986000.0
1040,2021-10-12 06:29:29,90400.0,400.0,2985900.0
1041,2021-10-12 06:29:29,90400.0,100.0,2985500.0
1042,2021-10-12 06:29:28,90400.0,100.0,2985400.0
1043,2021-10-12 06:29:24,90400.0,100.0,2985300.0
1044,2021-10-12 06:29:23,90400.0,500.0,2985200.0
1045,2021-10-12 06:29:23,90400.0,100.0,2984700.0
1046,2021-10-12 06:29:22,90400.0,900.0,2984600.0
1047,2021-10-12 06:29:07,90400.0,100.0,2983700.0
1048,2021-10-12 06:28:48,90400.0,100.0,2983600.0
1049,2021-10-12 06:28:33,90400.0,500.0,2983500.0
1050,2021-10-12 06:28:22,90400.0,100.0,2983000.0
1051,2021-10-12 06:28:07,90400.0,100.0,2982900.0
1052,2021-10-12 06:28:07,90400.0,100.0,2982800.0
1053,2021-10-12 06:28:01,90300.0,200.0,2982700.0
1054,2021-10-12 06:28:01,90300.0,100.0,2982500.0
1055,2021-10-12 06:27:51,90400.0,100.0,2982400.0
1056,2021-10-12 06:27:51,90400.0,200.0,2982300.0
1057,2021-10-12 06:27:50,90400.0,900.0,2982100.0
1058,2021-10-12 06:27:50,90300.0,1300.0,2981200.0
1059,2021-10-12 06:27:34,90300.0,100.0,2979900.0
1060,2021-10-12 06:27:32,90300.0,500.0,2979800.0
1061,2021-10-12 06:27:32,90300.0,300.0,2979300.0
1062,2021-10-12 06:27:32,90300.0,1000.0,2979000.0
1063,2021-10-12 06:26:57,90300.0,3700.0,2978000.0
1064,2021-10-12 06:26:57,90300.0,300.0,2974300.0
1065,2021-10-12 06:26:57,90300.0,500.0,2974000.0
1066,2021-10-12 06:26:57,90300.0,500.0,2973500.0
1067,2021-10-12 06:26:53,90400.0,100.0,2973000.0
1068,2021-10-12 06:26:42,90400.0,600.0,2972900.0
1069,2021-10-12 06:26:42,90400.0,200.0,2972300.0
1070,2021-10-12 06:26:25,90400.0,700.0,2972100.0
1071,2021-10-12 06:26:25,90400.0,100.0,2971400.0
1072,2021-10-12 06:26:14,90400.0,100.0,2971300.0
1073,2021-10-12 06:26:14,90400.0,100.0,2971200.0
1074,2021-10-12 06:26:13,90400.0,200.0,2971100.0
1075,2021-10-12 06:26:13,90400.0,500.0,2970900.0
1076,2021-10-12 06:26:13,90400.0,300.0,2970400.0
1077,2021-10-12 06:26:10,90400.0,100.0,2970100.0
1078,2021-10-12 06:26:10,90400.0,100.0,2970000.0
1079,2021-10-12 06:26:09,90400.0,1700.0,2969900.0
1080,2021-10-12 06:25:55,90400.0,300.0,2968200.0
1081,2021-10-12 06:25:55,90400.0,300.0,2967900.0
1082,2021-10-12 06:25:54,90400.0,300.0,2967600.0
1083,2021-10-12 06:25:54,90400.0,2700.0,2967300.0
1084,2021-10-12 06:25:47,90300.0,200.0,2964600.0
1085,2021-10-12 06:25:47,90300.0,300.0,2964400.0
1086,2021-10-12 06:25:05,90400.0,100.0,2964100.0
1087,2021-10-12 06:25:05,90400.0,100.0,2964000.0
1088,2021-10-12 06:25:04,90400.0,600.0,2963900.0
1089,2021-10-12 06:25:04,90400.0,1000.0,2963300.0
1090,2021-10-12 06:25:02,90400.0,800.0,2962300.0
1091,2021-10-12 06:25:01,90400.0,2700.0,2961500.0
1092,2021-10-12 06:25:01,90400.0,2400.0,2958800.0
1093,2021-10-12 06:25:01,90400.0,1400.0,2956400.0
1094,2021-10-12 06:25:01,90400.0,100.0,2955000.0
1095,2021-10-12 06:25:01,90400.0,1000.0,2954900.0
1096,2021-10-12 06:25:01,90400.0,2300.0,2953900.0
1097,2021-10-12 06:25:01,90400.0,1100.0,2951600.0
1098,2021-10-12 06:25:01,90400.0,100.0,2950500.0
1099,2021-10-12 06:25:01,90400.0,500.0,2950400.0
1100,2021-10-12 06:25:01,90400.0,400.0,2949900.0
1101,2021-10-12 06:25:01,90400.0,300.0,2949500.0
1102,2021-10-12 06:25:01,90400.0,100.0,2949200.0
1103,2021-10-12 06:25:01,90400.0,100.0,2949100.0
1104,2021-10-12 06:25:01,90400.0,300.0,2949000.0
1105,2021-10-12 06:25:01,90400.0,100.0,2948700.0
1106,2021-10-12 06:25:01,90400.0,500.0,2948600.0
1107,2021-10-12 06:25:01,90400.0,200.0,2948100.0
1108,2021-10-12 06:25:01,90400.0,300.0,2947900.0
1109,2021-10-12 06:25:01,90400.0,100.0,2947600.0
1110,2021-10-12 06:25:01,90400.0,300.0,2947500.0
1111,2021-10-12 06:25:01,90400.0,100.0,2947200.0
1112,2021-10-12 06:25:01,90400.0,100.0,2947100.0
1113,2021-10-12 06:25:01,90400.0,600.0,2947000.0
1114,2021-10-12 06:25:01,90400.0,100.0,2946400.0
1115,2021-10-12 06:25:00,90400.0,100.0,2946300.0
1116,2021-10-12 06:25:00,90400.0,700.0,2946200.0
1117,2021-10-12 06:25:00,90400.0,1200.0,2945500.0
1118,2021-10-12 06:25:00,90400.0,500.0,2944300.0
1119,2021-10-12 06:25:00,90400.0,200.0,2943800.0
1120,2021-10-12 06:25:00,90400.0,500.0,2943600.0
1121,2021-10-12 06:25:00,90400.0,500.0,2943100.0
1122,2021-10-12 06:25:00,90400.0,100.0,2942600.0
1123,2021-10-12 06:25:00,90400.0,400.0,2942500.0
1124,2021-10-12 06:25:00,90400.0,100.0,2942100.0
1125,2021-10-12 06:25:00,90400.0,400.0,2942000.0
1126,2021-10-12 06:25:00,90400.0,1900.0,2941600.0
1127,2021-10-12 06:25:00,90400.0,900.0,2939700.0
1128,2021-10-12 06:25:00,90400.0,200.0,2938800.0
1129,2021-10-12 06:25:00,90400.0,100.0,2938600.0
1130,2021-10-12 06:25:00,90400.0,200.0,2938500.0
1131,2021-10-12 06:25:00,90400.0,200.0,2938300.0
1132,2021-10-12 06:25:00,90400.0,200.0,2938100.0
1133,2021-10-12 06:25:00,90400.0,200.0,2937900.0
1134,2021-10-12 06:25:00,90400.0,100.0,2937700.0
1135,2021-10-12 06:25:00,90400.0,100.0,2937600.0
1136,2021-10-12 06:25:00,90400.0,400.0,2937500.0
1137,2021-10-12 06:25:00,90400.0,200.0,2937100.0
1138,2021-10-12 06:25:00,90400.0,300.0,2936900.0
1139,2021-10-12 06:25:00,90400.0,1000.0,2936600.0
1140,2021-10-12 06:25:00,90400.0,700.0,2935600.0
1141,2021-10-12 06:25:00,90400.0,700.0,2934900.0
1142,2021-10-12 06:25:00,90400.0,400.0,2934200.0
1143,2021-10-12 06:25:00,90400.0,9200.0,2933800.0
1144,2021-10-12 06:25:00,90400.0,500.0,2924600.0
1145,2021-10-12 06:25:00,90400.0,300.0,2924100.0
1146,2021-10-12 06:25:00,90400.0,1500.0,2923800.0
1147,2021-10-12 06:24:59,90400.0,500.0,2922300.0
1148,2021-10-12 06:24:43,90400.0,700.0,2921800.0
1149,2021-10-12 06:24:43,90400.0,700.0,2921100.0
1150,2021-10-12 06:24:43,90400.0,2900.0,2920400.0
1151,2021-10-12 06:24:43,90400.0,200.0,2917500.0
1152,2021-10-12 06:24:43,90400.0,300.0,2917300.0
1153,2021-10-12 06:24:42,90400.0,400.0,2917000.0
1154,2021-10-12 06:24:42,90400.0,300.0,2916600.0
1155,2021-10-12 06:24:42,90400.0,200.0,2916300.0
1156,2021-10-12 06:24:42,90400.0,500.0,2916100.0
1157,2021-10-12 06:24:42,90400.0,3200.0,2915600.0
1158,2021-10-12 06:24:42,90400.0,300.0,2912400.0
1159,2021-10-12 06:24:42,90400.0,200.0,2912100.0
1160,2021-10-12 06:24:42,90400.0,1300.0,2911900.0
1161,2021-10-12 06:24:42,90400.0,100.0,2910600.0
1162,2021-10-12 06:24:42,90400.0,100.0,2910500.0
1163,2021-10-12 06:24:42,90400.0,100.0,2910400.0
1164,2021-10-12 06:24:42,90400.0,300.0,2910300.0
1165,2021-10-12 06:24:42,90400.0,100.0,2910000.0
1166,2021-10-12 06:24:42,90400.0,300.0,2909900.0
1167,2021-10-12 06:24:42,90400.0,200.0,2909600.0
1168,2021-10-12 06:24:42,90400.0,200.0,2909400.0
1169,2021-10-12 06:24:42,90400.0,100.0,2909200.0
1170,2021-10-12 06:24:42,90400.0,100.0,2909100.0
1171,2021-10-12 06:24:42,90400.0,3000.0,2909000.0
1172,2021-10-12 06:24:42,90400.0,2200.0,2906000.0
1173,2021-10-12 06:24:42,90400.0,200.0,2903800.0
1174,2021-10-12 06:24:42,90400.0,400.0,2903600.0
1175,2021-10-12 06:24:42,90400.0,200.0,2903200.0
1176,2021-10-12 06:24:42,90400.0,700.0,2903000.0
1177,2021-10-12 06:24:42,90400.0,500.0,2902300.0
1178,2021-10-12 06:24:38,90400.0,200.0,2901800.0
1179,2021-10-12 06:24:21,90400.0,100.0,2901600.0
1180,2021-10-12 06:23:55,90400.0,100.0,2901500.0
1181,2021-10-12 06:23:52,90400.0,1400.0,2901400.0
1182,2021-10-12 06:23:52,90400.0,500.0,2900000.0
1183,2021-10-12 06:23:52,90400.0,1000.0,2899500.0
1184,2021-10-12 06:23:52,90400.0,700.0,2898500.0
1185,2021-10-12 06:23:40,90400.0,300.0,2897800.0
1186,2021-10-12 06:23:40,90400.0,200.0,2897500.0
1187,2021-10-12 06:23:37,90500.0,200.0,2897300.0
1188,2021-10-12 06:23:37,90500.0,100.0,2897100.0
1189,2021-10-12 06:23:06,90400.0,800.0,2897000.0
1190,2021-10-12 06:22:04,90500.0,200.0,2896200.0
1191,2021-10-12 06:22:04,90500.0,200.0,2896000.0
1192,2021-10-12 06:21:57,90500.0,200.0,2895800.0
1193,2021-10-12 06:21:57,90500.0,200.0,2895600.0
1194,2021-10-12 06:21:57,90500.0,1400.0,2895400.0
1195,2021-10-12 06:21:57,90500.0,200.0,2894000.0
1196,2021-10-12 06:21:51,90500.0,500.0,2893800.0
1197,2021-10-12 06:21:43,90500.0,900.0,2893300.0
1198,2021-10-12 06:21:43,90500.0,300.0,2892400.0
1199,2021-10-12 06:21:43,90500.0,800.0,2892100.0
1200,2021-10-12 06:21:39,90500.0,500.0,2891300.0
1201,2021-10-12 06:21:39,90500.0,200.0,2890800.0
1202,2021-10-12 06:21:39,90500.0,100.0,2890600.0
1203,2021-10-12 06:21:39,90500.0,500.0,2890500.0
1204,2021-10-12 06:21:39,90500.0,100.0,2890000.0
1205,2021-10-12 06:21:39,90500.0,100.0,2889900.0
1206,2021-10-12 06:21:39,90500.0,5500.0,2889800.0
1207,2021-10-12 06:21:39,90500.0,600.0,2884300.0
1208,2021-10-12 06:21:39,90500.0,300.0,2883700.0
1209,2021-10-12 06:21:39,90500.0,3500.0,2883400.0
1210,2021-10-12 06:21:39,90500.0,200.0,2879900.0
1211,2021-10-12 06:21:39,90500.0,200.0,2879700.0
1212,2021-10-12 06:21:38,90500.0,700.0,2879500.0
1213,2021-10-12 06:21:38,90500.0,300.0,2878800.0
1214,2021-10-12 06:21:38,90500.0,1900.0,2878500.0
1215,2021-10-12 06:21:38,90500.0,300.0,2876600.0
1216,2021-10-12 06:21:28,90600.0,300.0,2876300.0
1217,2021-10-12 06:21:26,90500.0,800.0,2876000.0
1218,2021-10-12 06:21:26,90500.0,700.0,2875200.0
1219,2021-10-12 06:21:26,90500.0,500.0,2874500.0
1220,2021-10-12 06:21:26,90500.0,500.0,2874000.0
1221,2021-10-12 06:21:26,90500.0,1100.0,2873500.0
1222,2021-10-12 06:21:26,90500.0,900.0,2872400.0
1223,2021-10-12 06:21:26,90500.0,300.0,2871500.0
1224,2021-10-12 06:21:26,90500.0,100.0,2871200.0
1225,2021-10-12 06:21:26,90500.0,100.0,2871100.0
1226,2021-10-12 06:21:26,90500.0,700.0,2871000.0
1227,2021-10-12 06:21:26,90500.0,200.0,2870300.0
1228,2021-10-12 06:21:26,90500.0,100.0,2870100.0
1229,2021-10-12 06:21:26,90500.0,100.0,2870000.0
1230,2021-10-12 06:21:26,90500.0,100.0,2869900.0
1231,2021-10-12 06:21:26,90500.0,100.0,2869800.0
1232,2021-10-12 06:21:26,90500.0,100.0,2869700.0
1233,2021-10-12 06:21:26,90500.0,400.0,2869600.0
1234,2021-10-12 06:21:26,90500.0,100.0,2869200.0
1235,2021-10-12 06:21:26,90500.0,1000.0,2869100.0
1236,2021-10-12 06:21:26,90500.0,200.0,2868100.0
1237,2021-10-12 06:21:26,90500.0,100.0,2867900.0
1238,2021-10-12 06:21:26,90500.0,100.0,2867800.0
1239,2021-10-12 06:21:26,90500.0,300.0,2867700.0
1240,2021-10-12 06:21:26,90500.0,300.0,2867400.0
1241,2021-10-12 06:21:26,90500.0,300.0,2867100.0
1242,2021-10-12 06:21:26,90500.0,200.0,2866800.0
1243,2021-10-12 06:21:26,90500.0,500.0,2866600.0
1244,2021-10-12 06:21:26,90500.0,100.0,2866100.0
1245,2021-10-12 06:21:26,90500.0,300.0,2866000.0
1246,2021-10-12 06:21:26,90500.0,300.0,2865700.0
1247,2021-10-12 06:21:26,90500.0,100.0,2865400.0
1248,2021-10-12 06:21:26,90500.0,200.0,2865300.0
1249,2021-10-12 06:21:26,90500.0,100.0,2865100.0
1250,2021-10-12 06:21:26,90500.0,100.0,2865000.0
1251,2021-10-12 06:21:26,90500.0,100.0,2864900.0
1252,2021-10-12 06:21:26,90500.0,2000.0,2864800.0
1253,2021-10-12 06:21:26,90500.0,400.0,2862800.0
1254,2021-10-12 06:21:26,90500.0,1000.0,2862400.0
1255,2021-10-12 06:21:26,90500.0,200.0,2861400.0
1256,2021-10-12 06:21:26,90500.0,500.0,2861200.0
1257,2021-10-12 06:21:26,90500.0,100.0,2860700.0
1258,2021-10-12 06:21:26,90500.0,100.0,2860600.0
1259,2021-10-12 06:21:26,90500.0,300.0,2860500.0
1260,2021-10-12 06:21:26,90500.0,4200.0,2860200.0
1261,2021-10-12 06:21:26,90500.0,5400.0,2856000.0
1262,2021-10-12 06:21:26,90500.0,400.0,2850600.0
1263,2021-10-12 06:21:26,90500.0,100.0,2850200.0
1264,2021-10-12 06:21:26,90500.0,500.0,2850100.0
1265,2021-10-12 06:21:26,90500.0,1000.0,2849600.0
1266,2021-10-12 06:21:26,90500.0,300.0,2848600.0
1267,2021-10-12 06:21:26,90500.0,1000.0,2848300.0
1268,2021-10-12 06:21:26,90500.0,100.0,2847300.0
1269,2021-10-12 06:21:26,90500.0,100.0,2847200.0
1270,2021-10-12 06:21:26,90500.0,100.0,2847100.0
1271,2021-10-12 06:21:26,90500.0,500.0,2847000.0
1272,2021-10-12 06:21:26,90500.0,200.0,2846500.0
1273,2021-10-12 06:21:26,90500.0,400.0,2846300.0
1274,2021-10-12 06:21:26,90500.0,100.0,2845900.0
1275,2021-10-12 06:21:26,90500.0,2300.0,2845800.0
1276,2021-10-12 06:21:26,90500.0,1100.0,2843500.0
1277,2021-10-12 06:21:26,90500.0,100.0,2842400.0
1278,2021-10-12 06:21:26,90500.0,100.0,2842300.0
1279,2021-10-12 06:21:26,90500.0,100.0,2842200.0
1280,2021-10-12 06:21:26,90500.0,400.0,2842100.0
1281,2021-10-12 06:21:26,90500.0,600.0,2841700.0
1282,2021-10-12 06:21:26,90500.0,200.0,2841100.0
1283,2021-10-12 06:21:26,90500.0,400.0,2840900.0
1284,2021-10-12 06:21:26,90500.0,100.0,2840500.0
1285,2021-10-12 06:21:26,90500.0,700.0,2840400.0
1286,2021-10-12 06:21:26,90500.0,9300.0,2839700.0
1287,2021-10-12 06:21:26,90500.0,5000.0,2830400.0
1288,2021-10-12 06:21:26,90500.0,1500.0,2825400.0
1289,2021-10-12 06:21:26,90500.0,300.0,2823900.0
1290,2021-10-12 06:21:25,90500.0,200.0,2823600.0
1291,2021-10-12 06:21:25,90500.0,200.0,2823400.0
1292,2021-10-12 06:21:25,90500.0,500.0,2823200.0
1293,2021-10-12 06:21:25,90500.0,200.0,2822700.0
1294,2021-10-12 06:21:25,90500.0,200.0,2822500.0
1295,2021-10-12 06:21:25,90500.0,400.0,2822300.0
1296,2021-10-12 06:21:25,90500.0,1600.0,2821900.0
1297,2021-10-12 06:21:25,90500.0,1000.0,2820300.0
1298,2021-10-12 06:21:25,90500.0,1000.0,2819300.0
1299,2021-10-12 06:21:25,90500.0,100.0,2818300.0
1300,2021-10-12 06:21:25,90500.0,1000.0,2818200.0
1301,2021-10-12 06:21:25,90500.0,1000.0,2817200.0
1302,2021-10-12 06:21:25,90500.0,700.0,2816200.0
1303,2021-10-12 06:21:25,90500.0,500.0,2815500.0
1304,2021-10-12 06:21:25,90500.0,200.0,2815000.0
1305,2021-10-12 06:21:25,90500.0,300.0,2814800.0
1306,2021-10-12 06:21:25,90500.0,8500.0,2814500.0
1307,2021-10-12 06:21:14,90500.0,1500.0,2806000.0
1308,2021-10-12 06:21:14,90500.0,2000.0,2804500.0
1309,2021-10-12 06:21:14,90500.0,100.0,2802500.0
1310,2021-10-12 06:21:14,90500.0,100.0,2802400.0
1311,2021-10-12 06:21:14,90500.0,100.0,2802300.0
1312,2021-10-12 06:21:14,90500.0,100.0,2802200.0
1313,2021-10-12 06:21:14,90500.0,100.0,2802100.0
1314,2021-10-12 06:21:14,90500.0,1000.0,2802000.0
1315,2021-10-12 06:21:14,90500.0,200.0,2801000.0
1316,2021-10-12 06:21:14,90500.0,1000.0,2800800.0
1317,2021-10-12 06:21:14,90500.0,100.0,2799800.0
1318,2021-10-12 06:21:14,90500.0,1500.0,2799700.0
1319,2021-10-12 06:21:14,90500.0,500.0,2798200.0
1320,2021-10-12 06:21:14,90500.0,100.0,2797700.0
1321,2021-10-12 06:21:14,90500.0,1600.0,2797600.0
1322,2021-10-12 06:21:10,90500.0,500.0,2796000.0
1323,2021-10-12 06:20:39,90500.0,500.0,2795500.0
1324,2021-10-12 06:20:15,90500.0,100.0,2795000.0
1325,2021-10-12 06:19:52,90500.0,500.0,2794900.0
1326,2021-10-12 06:19:22,90500.0,1200.0,2794400.0
1327,2021-10-12 06:19:15,90500.0,600.0,2793200.0
1328,2021-10-12 06:18:48,90500.0,1400.0,2792600.0
1329,2021-10-12 06:18:42,90500.0,800.0,2791200.0
1330,2021-10-12 06:18:13,90600.0,100.0,2790400.0
1331,2021-10-12 06:18:11,90600.0,100.0,2790300.0
1332,2021-10-12 06:18:11,90600.0,700.0,2790200.0
1333,2021-10-12 06:18:11,90600.0,100.0,2789500.0
1334,2021-10-12 06:17:20,90500.0,500.0,2789400.0
1335,2021-10-12 06:15:59,90500.0,2300.0,2788900.0
1336,2021-10-12 06:15:59,90500.0,500.0,2786600.0
1337,2021-10-12 06:15:59,90500.0,200.0,2786100.0
1338,2021-10-12 06:15:12,90600.0,200.0,2785900.0
1339,2021-10-12 06:15:11,90600.0,200.0,2785700.0
1340,2021-10-12 06:15:10,90600.0,1300.0,2785500.0
1341,2021-10-12 06:15:10,90600.0,900.0,2784200.0
1342,2021-10-12 06:15:03,90600.0,100.0,2783300.0
1343,2021-10-12 06:14:49,90600.0,500.0,2783200.0
1344,2021-10-12 06:14:48,90600.0,400.0,2782700.0
1345,2021-10-12 06:14:48,90600.0,100.0,2782300.0
1346,2021-10-12 06:14:48,90600.0,200.0,2782200.0
1347,2021-10-12 06:14:48,90600.0,1000.0,2782000.0
1348,2021-10-12 06:14:48,90600.0,100.0,2781000.0
1349,2021-10-12 06:14:48,90600.0,100.0,2780900.0
1350,2021-10-12 06:14:48,90600.0,100.0,2780800.0
1351,2021-10-12 06:14:48,90600.0,100.0,2780700.0
1352,2021-10-12 06:14:48,90600.0,100.0,2780600.0
1353,2021-10-12 06:14:48,90600.0,500.0,2780500.0
1354,2021-10-12 06:14:48,90600.0,300.0,2780000.0
1355,2021-10-12 06:14:48,90600.0,100.0,2779700.0
1356,2021-10-12 06:14:48,90600.0,100.0,2779600.0
1357,2021-10-12 06:14:48,90600.0,200.0,2779500.0
1358,2021-10-12 06:14:48,90600.0,400.0,2779300.0
1359,2021-10-12 06:14:48,90600.0,2100.0,2778900.0
1360,2021-10-12 06:14:48,90600.0,1500.0,2776800.0
1361,2021-10-12 06:14:48,90600.0,200.0,2775300.0
1362,2021-10-12 06:14:48,90600.0,100.0,2775100.0
1363,2021-10-12 06:14:48,90600.0,100.0,2775000.0
1364,2021-10-12 06:14:48,90600.0,100.0,2774900.0
1365,2021-10-12 06:14:48,90600.0,300.0,2774800.0
1366,2021-10-12 06:14:48,90600.0,1200.0,2774500.0
1367,2021-10-12 06:14:48,90600.0,500.0,2773300.0
1368,2021-10-12 06:14:48,90600.0,100.0,2772800.0
1369,2021-10-12 06:14:48,90600.0,300.0,2772700.0
1370,2021-10-12 06:14:48,90600.0,200.0,2772400.0
1371,2021-10-12 06:14:48,90600.0,200.0,2772200.0
1372,2021-10-12 06:14:48,90600.0,400.0,2772000.0
1373,2021-10-12 06:14:48,90600.0,300.0,2771600.0
1374,2021-10-12 06:14:48,90600.0,700.0,2771300.0
1375,2021-10-12 06:14:48,90600.0,200.0,2770600.0
1376,2021-10-12 06:14:48,90600.0,2200.0,2770400.0
1377,2021-10-12 06:14:28,90600.0,1000.0,2768200.0
1378,2021-10-12 06:14:17,90600.0,800.0,2767200.0
1379,2021-10-12 06:14:16,90600.0,300.0,2766400.0
1380,2021-10-12 06:13:48,90600.0,100.0,2766100.0
1381,2021-10-12 06:13:35,90600.0,700.0,2766000.0
1382,2021-10-12 06:13:35,90600.0,700.0,2765300.0
1383,2021-10-12 06:13:35,90600.0,300.0,2764600.0
1384,2021-10-12 06:13:35,90600.0,4600.0,2764300.0
1385,2021-10-12 06:13:35,90600.0,200.0,2759700.0
1386,2021-10-12 06:13:35,90600.0,200.0,2759500.0
1387,2021-10-12 06:13:35,90600.0,300.0,2759300.0
1388,2021-10-12 06:13:35,90600.0,200.0,2759000.0
1389,2021-10-12 06:13:35,90600.0,4300.0,2758800.0
1390,2021-10-12 06:13:35,90600.0,100.0,2754500.0
1391,2021-10-12 06:13:35,90600.0,100.0,2754400.0
1392,2021-10-12 06:13:35,90600.0,3600.0,2754300.0
1393,2021-10-12 06:13:35,90600.0,2900.0,2750700.0
1394,2021-10-12 06:13:35,90600.0,400.0,2747800.0
1395,2021-10-12 06:13:35,90600.0,500.0,2747400.0
1396,2021-10-12 06:13:35,90600.0,900.0,2746900.0
1397,2021-10-12 06:13:31,90600.0,600.0,2746000.0
1398,2021-10-12 06:13:21,90600.0,1000.0,2745400.0
1399,2021-10-12 06:12:46,90600.0,100.0,2744400.0
1400,2021-10-12 06:12:46,90600.0,100.0,2744300.0
1401,2021-10-12 06:12:46,90600.0,100.0,2744200.0
1402,2021-10-12 06:12:42,90600.0,100.0,2744100.0
1403,2021-10-12 06:12:39,90600.0,100.0,2744000.0
1404,2021-10-12 06:12:38,90600.0,100.0,2743900.0
1405,2021-10-12 06:12:37,90600.0,100.0,2743800.0
1406,2021-10-12 06:12:33,90600.0,100.0,2743700.0
1407,2021-10-12 06:12:32,90600.0,100.0,2743600.0
1408,2021-10-12 06:12:32,90600.0,100.0,2743500.0
1409,2021-10-12 06:12:32,90600.0,100.0,2743400.0
1410,2021-10-12 06:12:29,90600.0,100.0,2743300.0
1411,2021-10-12 06:12:26,90600.0,100.0,2743200.0
1412,2021-10-12 06:12:24,90600.0,100.0,2743100.0
1413,2021-10-12 06:12:24,90600.0,100.0,2743000.0
1414,2021-10-12 06:12:23,90600.0,100.0,2742900.0
1415,2021-10-12 06:12:20,90600.0,100.0,2742800.0
1416,2021-10-12 06:12:19,90600.0,100.0,2742700.0
1417,2021-10-12 06:12:19,90600.0,100.0,2742600.0
1418,2021-10-12 06:12:19,90600.0,100.0,2742500.0
1419,2021-10-12 06:12:19,90600.0,700.0,2742400.0
1420,2021-10-12 06:12:19,90600.0,800.0,2741700.0
1421,2021-10-12 06:12:19,90600.0,1300.0,2740900.0
1422,2021-10-12 06:12:19,90600.0,600.0,2739600.0
1423,2021-10-12 06:12:17,90600.0,100.0,2739000.0
1424,2021-10-12 06:12:14,90600.0,100.0,2738900.0
1425,2021-10-12 06:12:11,90600.0,100.0,2738800.0
1426,2021-10-12 06:12:07,90600.0,100.0,2738700.0
1427,2021-10-12 06:12:02,90600.0,100.0,2738600.0
1428,2021-10-12 06:12:01,90600.0,100.0,2738500.0
1429,2021-10-12 06:12:01,90600.0,100.0,2738400.0
1430,2021-10-12 06:11:53,90600.0,100.0,2738300.0
1431,2021-10-12 06:11:49,90600.0,100.0,2738200.0
1432,2021-10-12 06:11:46,90600.0,1000.0,2738100.0
1433,2021-10-12 06:11:44,90600.0,100.0,2737100.0
1434,2021-10-12 06:11:43,90600.0,500.0,2737000.0
1435,2021-10-12 06:11:39,90600.0,100.0,2736500.0
1436,2021-10-12 06:11:37,90600.0,500.0,2736400.0
1437,2021-10-12 06:11:35,90600.0,100.0,2735900.0
1438,2021-10-12 06:11:21,90600.0,200.0,2735800.0
1439,2021-10-12 06:10:53,90600.0,200.0,2735600.0
1440,2021-10-12 06:10:53,90600.0,100.0,2735400.0
1441,2021-10-12 06:10:53,90600.0,500.0,2735300.0
1442,2021-10-12 06:10:53,90600.0,100.0,2734800.0
1443,2021-10-12 06:10:53,90600.0,100.0,2734700.0
1444,2021-10-12 06:10:53,90600.0,200.0,2734600.0
1445,2021-10-12 06:10:53,90600.0,100.0,2734400.0
1446,2021-10-12 06:10:53,90600.0,500.0,2734300.0
1447,2021-10-12 06:10:53,90600.0,200.0,2733800.0
1448,2021-10-12 06:10:53,90600.0,3500.0,2733600.0
1449,2021-10-12 06:10:53,90600.0,6100.0,2730100.0
1450,2021-10-12 06:10:53,90600.0,300.0,2724000.0
1451,2021-10-12 06:10:53,90600.0,700.0,2723700.0
1452,2021-10-12 06:10:53,90600.0,600.0,2723000.0
1453,2021-10-12 06:10:49,90600.0,100.0,2722400.0
1454,2021-10-12 06:10:28,90600.0,200.0,2722300.0
1455,2021-10-12 06:10:17,90600.0,100.0,2722100.0
1456,2021-10-12 06:10:17,90600.0,100.0,2722000.0
1457,2021-10-12 06:10:17,90600.0,300.0,2721900.0
1458,2021-10-12 06:10:16,90600.0,100.0,2721600.0
1459,2021-10-12 06:10:16,90600.0,300.0,2721500.0
1460,2021-10-12 06:10:16,90600.0,100.0,2721200.0
1461,2021-10-12 06:10:16,90600.0,100.0,2721100.0
1462,2021-10-12 06:10:16,90600.0,100.0,2721000.0
1463,2021-10-12 06:10:16,90600.0,100.0,2720900.0
1464,2021-10-12 06:10:16,90600.0,200.0,2720800.0
1465,2021-10-12 06:10:16,90600.0,300.0,2720600.0
1466,2021-10-12 06:10:00,90600.0,500.0,2720300.0
1467,2021-10-12 06:09:51,90600.0,800.0,2719800.0
1468,2021-10-12 06:09:48,90600.0,100.0,2719000.0
1469,2021-10-12 06:09:48,90600.0,1300.0,2718900.0
1470,2021-10-12 06:09:44,90600.0,100.0,2717600.0
1471,2021-10-12 06:09:42,90600.0,100.0,2717500.0
1472,2021-10-12 06:09:42,90600.0,300.0,2717400.0
1473,2021-10-12 06:09:22,90600.0,200.0,2717100.0
1474,2021-10-12 06:09:19,90600.0,100.0,2716900.0
1475,2021-10-12 06:09:16,90700.0,200.0,2716800.0
1476,2021-10-12 06:08:58,90600.0,400.0,2716600.0
1477,2021-10-12 06:08:57,90600.0,100.0,2716200.0
1478,2021-10-12 06:08:57,90600.0,1300.0,2716100.0
1479,2021-10-12 06:08:57,90600.0,2300.0,2714800.0
1480,2021-10-12 06:08:57,90600.0,100.0,2712500.0
1481,2021-10-12 06:08:57,90600.0,100.0,2712400.0
1482,2021-10-12 06:08:57,90600.0,100.0,2712300.0
1483,2021-10-12 06:08:57,90600.0,100.0,2712200.0
1484,2021-10-12 06:08:57,90600.0,100.0,2712100.0
1485,2021-10-12 06:08:57,90600.0,100.0,2712000.0
1486,2021-10-12 06:08:57,90600.0,100.0,2711900.0
1487,2021-10-12 06:08:57,90600.0,100.0,2711800.0
1488,2021-10-12 06:08:57,90600.0,100.0,2711700.0
1489,2021-10-12 06:08:50,90600.0,200.0,2711600.0
1490,2021-10-12 06:08:11,90600.0,100.0,2711400.0
1491,2021-10-12 06:07:51,90600.0,600.0,2711300.0
1492,2021-10-12 06:07:51,90600.0,700.0,2710700.0
1493,2021-10-12 06:07:47,90600.0,300.0,2710000.0
1494,2021-10-12 06:07:47,90600.0,300.0,2709700.0
1495,2021-10-12 06:07:44,90600.0,500.0,2709400.0
1496,2021-10-12 06:07:02,90600.0,1000.0,2708900.0
1497,2021-10-12 06:06:45,90600.0,200.0,2707900.0
1498,2021-10-12 06:06:44,90600.0,100.0,2707700.0
1499,2021-10-12 06:06:40,90600.0,200.0,2707600.0
1500,2021-10-12 06:06:36,90600.0,100.0,2707400.0
1501,2021-10-12 06:05:56,90600.0,300.0,2707300.0
1502,2021-10-12 06:05:53,90600.0,500.0,2707000.0
1503,2021-10-12 06:05:39,90600.0,100.0,2706500.0
1504,2021-10-12 06:05:39,90600.0,100.0,2706400.0
1505,2021-10-12 06:05:39,90600.0,100.0,2706300.0
1506,2021-10-12 06:05:39,90600.0,100.0,2706200.0
1507,2021-10-12 06:05:39,90600.0,600.0,2706100.0
1508,2021-10-12 06:05:39,90600.0,500.0,2705500.0
1509,2021-10-12 06:05:39,90600.0,100.0,2705000.0
1510,2021-10-12 06:05:39,90600.0,3400.0,2704900.0
1511,2021-10-12 06:05:39,90600.0,300.0,2701500.0
1512,2021-10-12 06:05:39,90600.0,500.0,2701200.0
1513,2021-10-12 06:05:39,90600.0,200.0,2700700.0
1514,2021-10-12 06:05:39,90600.0,200.0,2700500.0
1515,2021-10-12 06:05:39,90600.0,2600.0,2700300.0
1516,2021-10-12 06:05:38,90600.0,100.0,2697700.0
1517,2021-10-12 06:05:38,90600.0,100.0,2697600.0
1518,2021-10-12 06:05:37,90600.0,1000.0,2697500.0
1519,2021-10-12 06:05:35,90600.0,100.0,2696500.0
1520,2021-10-12 06:05:26,90600.0,500.0,2696400.0
1521,2021-10-12 06:05:26,90600.0,100.0,2695900.0
1522,2021-10-12 06:05:25,90500.0,800.0,2695800.0
1523,2021-10-12 06:05:16,90600.0,100.0,2695000.0
1524,2021-10-12 06:05:12,90600.0,500.0,2694900.0
1525,2021-10-12 06:04:20,90600.0,200.0,2694400.0
1526,2021-10-12 06:04:18,90600.0,200.0,2694200.0
1527,2021-10-12 06:04:17,90600.0,100.0,2694000.0
1528,2021-10-12 06:04:16,90600.0,100.0,2693900.0
1529,2021-10-12 06:04:15,90600.0,400.0,2693800.0
1530,2021-10-12 06:04:15,90600.0,300.0,2693400.0
1531,2021-10-12 06:04:15,90600.0,700.0,2693100.0
1532,2021-10-12 06:04:15,90600.0,200.0,2692400.0
1533,2021-10-12 06:03:58,90500.0,500.0,2692200.0
1534,2021-10-12 06:03:55,90500.0,200.0,2691700.0
1535,2021-10-12 06:03:07,90600.0,300.0,2691500.0
1536,2021-10-12 06:02:02,90600.0,300.0,2691200.0
1537,2021-10-12 06:02:01,90600.0,200.0,2690900.0
1538,2021-10-12 06:02:01,90600.0,100.0,2690700.0
1539,2021-10-12 06:02:00,90600.0,100.0,2690600.0
1540,2021-10-12 06:02:00,90600.0,300.0,2690500.0
1541,2021-10-12 06:02:00,90600.0,500.0,2690200.0
1542,2021-10-12 06:02:00,90600.0,100.0,2689700.0
1543,2021-10-12 06:02:00,90600.0,100.0,2689600.0
1544,2021-10-12 06:02:00,90600.0,100.0,2689500.0
1545,2021-10-12 06:02:00,90600.0,300.0,2689400.0
1546,2021-10-12 06:02:00,90600.0,100.0,2689100.0
1547,2021-10-12 06:02:00,90600.0,100.0,2689000.0
1548,2021-10-12 06:01:27,90600.0,500.0,2688900.0
1549,2021-10-12 06:01:16,90600.0,400.0,2688400.0
1550,2021-10-12 06:01:01,90600.0,400.0,2688000.0
1551,2021-10-12 06:00:54,90600.0,100.0,2687600.0
1552,2021-10-12 06:00:54,90600.0,100.0,2687500.0
1553,2021-10-12 06:00:54,90600.0,100.0,2687400.0
1554,2021-10-12 06:00:54,90600.0,400.0,2687300.0
1555,2021-10-12 06:00:36,90600.0,100.0,2686900.0
1556,2021-10-12 06:00:29,90600.0,100.0,2686800.0
1557,2021-10-12 06:00:25,90500.0,8200.0,2686700.0
1558,2021-10-12 06:00:25,90500.0,100.0,2678500.0
1559,2021-10-12 06:00:25,90500.0,500.0,2678400.0
1560,2021-10-12 06:00:25,90500.0,100.0,2677900.0
1561,2021-10-12 06:00:25,90500.0,2000.0,2677800.0
1562,2021-10-12 06:00:25,90500.0,500.0,2675800.0
1563,2021-10-12 06:00:25,90500.0,1000.0,2675300.0
1564,2021-10-12 06:00:25,90500.0,400.0,2674300.0
1565,2021-10-12 06:00:25,90500.0,10000.0,2673900.0
1566,2021-10-12 06:00:25,90500.0,200.0,2663900.0
1567,2021-10-12 06:00:25,90500.0,200.0,2663700.0
1568,2021-10-12 06:00:25,90500.0,100.0,2663500.0
1569,2021-10-12 06:00:25,90500.0,200.0,2663400.0
1570,2021-10-12 06:00:25,90600.0,10000.0,2663200.0
1571,2021-10-12 06:00:25,90600.0,100.0,2653200.0
1572,2021-10-12 06:00:25,90600.0,1000.0,2653100.0
1573,2021-10-12 06:00:25,90600.0,100.0,2652100.0
1574,2021-10-12 06:00:25,90600.0,1000.0,2652000.0
1575,2021-10-12 06:00:25,90600.0,300.0,2651000.0
1576,2021-10-12 06:00:25,90600.0,1300.0,2650700.0
1577,2021-10-12 06:00:25,90600.0,400.0,2649400.0
1578,2021-10-12 06:00:25,90600.0,100.0,2649000.0
1579,2021-10-12 06:00:25,90600.0,300.0,2648900.0
1580,2021-10-12 06:00:25,90600.0,100.0,2648600.0
1581,2021-10-12 06:00:25,90600.0,100.0,2648500.0
1582,2021-10-12 06:00:25,90600.0,300.0,2648400.0
1583,2021-10-12 06:00:25,90600.0,100.0,2648100.0
1584,2021-10-12 06:00:25,90600.0,100.0,2648000.0
1585,2021-10-12 06:00:25,90600.0,100.0,2647900.0
1586,2021-10-12 06:00:25,90600.0,100.0,2647800.0
1587,2021-10-12 06:00:25,90600.0,1000.0,2647700.0
1588,2021-10-12 06:00:25,90600.0,2000.0,2646700.0
1589,2021-10-12 06:00:25,90600.0,1200.0,2644700.0
1590,2021-10-12 06:00:25,90600.0,1000.0,2643500.0
1591,2021-10-12 06:00:25,90600.0,100.0,2642500.0
1592,2021-10-12 06:00:25,90600.0,200.0,2642400.0
1593,2021-10-12 06:00:25,90600.0,500.0,2642200.0
1594,2021-10-12 06:00:09,90600.0,500.0,2641700.0
1595,2021-10-12 06:00:08,90600.0,200.0,2641200.0
1596,2021-10-12 06:00:08,90600.0,300.0,2641000.0
1597,2021-10-12 06:00:01,90600.0,400.0,2640700.0
1598,2021-10-12 06:00:01,90700.0,100.0,2640300.0
1599,2021-10-12 06:00:01,90600.0,100.0,2640200.0
1600,2021-10-12 06:00:01,90600.0,100.0,2640100.0
1601,2021-10-12 06:00:00,90600.0,100.0,2640000.0
1602,2021-10-12 06:00:00,90600.0,200.0,2639900.0
1603,2021-10-12 04:29:47,90600.0,200.0,2639700.0
1604,2021-10-12 04:29:47,90600.0,200.0,2639500.0
1605,2021-10-12 04:29:33,90600.0,100.0,2639300.0
1606,2021-10-12 04:29:33,90600.0,200.0,2639200.0
1607,2021-10-12 04:29:16,90600.0,300.0,2639000.0
1608,2021-10-12 04:29:16,90600.0,100.0,2638700.0
1609,2021-10-12 04:29:16,90600.0,100.0,2638600.0
1610,2021-10-12 04:29:14,90600.0,600.0,2638500.0
1611,2021-10-12 04:29:13,90600.0,5000.0,2637900.0
1612,2021-10-12 04:29:02,90500.0,1000.0,2632900.0
1613,2021-10-12 04:28:14,90500.0,600.0,2631900.0
1614,2021-10-12 04:28:00,90500.0,200.0,2631300.0
1615,2021-10-12 04:28:00,90500.0,500.0,2631100.0
1616,2021-10-12 04:28:00,90500.0,200.0,2630600.0
1617,2021-10-12 04:27:17,90600.0,100.0,2630400.0
1618,2021-10-12 04:27:16,90600.0,100.0,2630300.0
1619,2021-10-12 04:27:15,90600.0,300.0,2630200.0
1620,2021-10-12 04:27:15,90600.0,300.0,2629900.0
1621,2021-10-12 04:27:15,90600.0,200.0,2629600.0
1622,2021-10-12 04:27:15,90600.0,200.0,2629400.0
1623,2021-10-12 04:27:01,90600.0,100.0,2629200.0
1624,2021-10-12 04:26:34,90600.0,600.0,2629100.0
1625,2021-10-12 04:26:33,90600.0,600.0,2628500.0
1626,2021-10-12 04:26:33,90600.0,2000.0,2627900.0
1627,2021-10-12 04:26:32,90600.0,200.0,2625900.0
1628,2021-10-12 04:26:32,90600.0,400.0,2625700.0
1629,2021-10-12 04:26:32,90600.0,300.0,2625300.0
1630,2021-10-12 04:26:32,90600.0,300.0,2625000.0
1631,2021-10-12 04:26:32,90600.0,500.0,2624700.0
1632,2021-10-12 04:26:32,90600.0,200.0,2624200.0
1633,2021-10-12 04:26:32,90600.0,200.0,2624000.0
1634,2021-10-12 04:26:32,90600.0,500.0,2623800.0
1635,2021-10-12 04:26:32,90600.0,800.0,2623300.0
1636,2021-10-12 04:26:23,90600.0,200.0,2622500.0
1637,2021-10-12 04:26:20,90600.0,500.0,2622300.0
1638,2021-10-12 04:25:36,90600.0,100.0,2621800.0
1639,2021-10-12 04:25:36,90600.0,100.0,2621700.0
1640,2021-10-12 04:25:36,90600.0,1000.0,2621600.0
1641,2021-10-12 04:25:36,90600.0,800.0,2620600.0
1642,2021-10-12 04:24:35,90600.0,200.0,2619800.0
1643,2021-10-12 04:24:35,90600.0,1000.0,2619600.0
1644,2021-10-12 04:24:35,90600.0,100.0,2618600.0
1645,2021-10-12 04:24:35,90600.0,100.0,2618500.0
1646,2021-10-12 04:24:25,90600.0,200.0,2618400.0
1647,2021-10-12 04:24:25,90600.0,300.0,2618200.0
1648,2021-10-12 04:23:27,90600.0,800.0,2617900.0
1649,2021-10-12 04:23:27,90600.0,100.0,2617100.0
1650,2021-10-12 04:23:02,90600.0,700.0,2617000.0
1651,2021-10-12 04:23:02,90600.0,700.0,2616300.0
1652,2021-10-12 04:23:02,90600.0,200.0,2615600.0
1653,2021-10-12 04:23:02,90600.0,300.0,2615400.0
1654,2021-10-12 04:23:02,90600.0,200.0,2615100.0
1655,2021-10-12 04:23:02,90600.0,300.0,2614900.0
1656,2021-10-12 04:23:02,90600.0,800.0,2614600.0
1657,2021-10-12 04:23:01,90600.0,100.0,2613800.0
1658,2021-10-12 04:23:01,90600.0,100.0,2613700.0
1659,2021-10-12 04:23:01,90600.0,500.0,2613600.0
1660,2021-10-12 04:23:01,90600.0,100.0,2613100.0
1661,2021-10-12 04:23:01,90600.0,100.0,2613000.0
1662,2021-10-12 04:23:01,90600.0,100.0,2612900.0
1663,2021-10-12 04:23:01,90600.0,100.0,2612800.0
1664,2021-10-12 04:23:01,90600.0,200.0,2612700.0
1665,2021-10-12 04:23:01,90600.0,1000.0,2612500.0
1666,2021-10-12 04:23:01,90600.0,100.0,2611500.0
1667,2021-10-12 04:23:01,90600.0,100.0,2611400.0
1668,2021-10-12 04:23:01,90600.0,200.0,2611300.0
1669,2021-10-12 04:23:01,90600.0,1100.0,2611100.0
1670,2021-10-12 04:23:01,90600.0,500.0,2610000.0
1671,2021-10-12 04:23:01,90600.0,100.0,2609500.0
1672,2021-10-12 04:23:01,90600.0,100.0,2609400.0
1673,2021-10-12 04:23:01,90600.0,100.0,2609300.0
1674,2021-10-12 04:23:01,90600.0,100.0,2609200.0
1675,2021-10-12 04:23:01,90600.0,200.0,2609100.0
1676,2021-10-12 04:23:01,90600.0,100.0,2608900.0
1677,2021-10-12 04:23:01,90600.0,2000.0,2608800.0
1678,2021-10-12 04:23:01,90600.0,400.0,2606800.0
1679,2021-10-12 04:23:01,90600.0,400.0,2606400.0
1680,2021-10-12 04:23:01,90600.0,200.0,2606000.0
1681,2021-10-12 04:23:01,90600.0,100.0,2605800.0
1682,2021-10-12 04:23:01,90600.0,600.0,2605700.0
1683,2021-10-12 04:23:01,90600.0,1100.0,2605100.0
1684,2021-10-12 04:23:01,90600.0,3700.0,2604000.0
1685,2021-10-12 04:23:01,90600.0,300.0,2600300.0
1686,2021-10-12 04:23:01,90600.0,1700.0,2600000.0
1687,2021-10-12 04:23:01,90600.0,200.0,2598300.0
1688,2021-10-12 04:23:01,90600.0,200.0,2598100.0
1689,2021-10-12 04:23:01,90600.0,100.0,2597900.0
1690,2021-10-12 04:23:01,90600.0,800.0,2597800.0
1691,2021-10-12 04:22:44,90600.0,200.0,2597000.0
1692,2021-10-12 04:22:39,90600.0,200.0,2596800.0
1693,2021-10-12 04:22:39,90600.0,300.0,2596600.0
1694,2021-10-12 04:22:31,90600.0,600.0,2596300.0
1695,2021-10-12 04:21:48,90600.0,400.0,2595700.0
1696,2021-10-12 04:20:22,90700.0,100.0,2595300.0
1697,2021-10-12 04:19:57,90700.0,100.0,2595200.0
1698,2021-10-12 04:19:57,90700.0,200.0,2595100.0
1699,2021-10-12 04:19:56,90700.0,300.0,2594900.0
1700,2021-10-12 04:19:56,90700.0,1000.0,2594600.0
1701,2021-10-12 04:19:56,90700.0,700.0,2593600.0
1702,2021-10-12 04:19:24,90700.0,300.0,2592900.0
1703,2021-10-12 04:19:22,90700.0,400.0,2592600.0
1704,2021-10-12 04:19:22,90700.0,100.0,2592200.0
1705,2021-10-12 04:19:17,90700.0,100.0,2592100.0
1706,2021-10-12 04:19:17,90700.0,400.0,2592000.0
1707,2021-10-12 04:19:12,90700.0,100.0,2591600.0
1708,2021-10-12 04:19:12,90700.0,200.0,2591500.0
1709,2021-10-12 04:19:12,90700.0,200.0,2591300.0
1710,2021-10-12 04:19:12,90700.0,400.0,2591100.0
1711,2021-10-12 04:19:12,90700.0,100.0,2590700.0
1712,2021-10-12 04:19:12,90700.0,200.0,2590600.0
1713,2021-10-12 04:19:11,90700.0,200.0,2590400.0
1714,2021-10-12 04:19:11,90700.0,500.0,2590200.0
1715,2021-10-12 04:19:11,90700.0,100.0,2589700.0
1716,2021-10-12 04:19:11,90700.0,600.0,2589600.0
1717,2021-10-12 04:19:11,90700.0,500.0,2589000.0
1718,2021-10-12 04:19:11,90700.0,200.0,2588500.0
1719,2021-10-12 04:19:11,90700.0,100.0,2588300.0
1720,2021-10-12 04:19:11,90700.0,100.0,2588200.0
1721,2021-10-12 04:19:11,90700.0,200.0,2588100.0
1722,2021-10-12 04:19:11,90700.0,300.0,2587900.0
1723,2021-10-12 04:19:11,90700.0,200.0,2587600.0
1724,2021-10-12 04:19:11,90700.0,200.0,2587400.0
1725,2021-10-12 04:19:11,90700.0,500.0,2587200.0
1726,2021-10-12 04:19:11,90700.0,100.0,2586700.0
1727,2021-10-12 04:19:11,90700.0,500.0,2586600.0
1728,2021-10-12 04:19:11,90700.0,100.0,2586100.0
1729,2021-10-12 04:19:11,90700.0,1000.0,2586000.0
1730,2021-10-12 04:19:11,90700.0,600.0,2585000.0
1731,2021-10-12 04:19:11,90700.0,500.0,2584400.0
1732,2021-10-12 04:19:11,90700.0,100.0,2583900.0
1733,2021-10-12 04:19:10,90700.0,100.0,2583800.0
1734,2021-10-12 04:19:10,90700.0,1400.0,2583700.0
1735,2021-10-12 04:19:10,90700.0,400.0,2582300.0
1736,2021-10-12 04:19:10,90700.0,100.0,2581900.0
1737,2021-10-12 04:19:10,90700.0,200.0,2581800.0
1738,2021-10-12 04:18:54,90700.0,900.0,2581600.0
1739,2021-10-12 04:18:48,90700.0,3000.0,2580700.0
1740,2021-10-12 04:18:48,90700.0,2000.0,2577700.0
1741,2021-10-12 04:18:41,90700.0,500.0,2575700.0
1742,2021-10-12 04:18:01,90700.0,1800.0,2575200.0
1743,2021-10-12 04:17:40,90700.0,200.0,2573400.0
1744,2021-10-12 04:17:04,90700.0,200.0,2573200.0
1745,2021-10-12 04:17:04,90700.0,100.0,2573000.0
1746,2021-10-12 04:16:47,90700.0,200.0,2572900.0
1747,2021-10-12 04:16:47,90700.0,400.0,2572700.0
1748,2021-10-12 04:16:12,90700.0,400.0,2572300.0
1749,2021-10-12 04:16:12,90700.0,100.0,2571900.0
1750,2021-10-12 04:16:12,90700.0,100.0,2571800.0
1751,2021-10-12 04:16:12,90700.0,100.0,2571700.0
1752,2021-10-12 04:16:12,90700.0,100.0,2571600.0
1753,2021-10-12 04:16:12,90700.0,1200.0,2571500.0
1754,2021-10-12 04:16:03,90800.0,200.0,2570300.0
1755,2021-10-12 04:15:25,90800.0,100.0,2570100.0
1756,2021-10-12 04:15:25,90800.0,100.0,2570000.0
1757,2021-10-12 04:15:24,90800.0,1300.0,2569900.0
1758,2021-10-12 04:14:52,90700.0,500.0,2568600.0
1759,2021-10-12 04:14:23,90700.0,100.0,2568100.0
1760,2021-10-12 04:14:22,90700.0,100.0,2568000.0
1761,2021-10-12 04:14:21,90700.0,900.0,2567900.0
1762,2021-10-12 04:13:24,90700.0,200.0,2567000.0
1763,2021-10-12 04:13:24,90700.0,100.0,2566800.0
1764,2021-10-12 04:13:24,90700.0,300.0,2566700.0
1765,2021-10-12 04:12:16,90800.0,100.0,2566400.0
1766,2021-10-12 04:11:15,90700.0,600.0,2566300.0
1767,2021-10-12 04:11:13,90700.0,5000.0,2565700.0
1768,2021-10-12 04:11:03,90700.0,100.0,2560700.0
1769,2021-10-12 04:11:03,90700.0,400.0,2560600.0
1770,2021-10-12 04:10:53,90700.0,400.0,2560200.0
1771,2021-10-12 04:10:53,90700.0,600.0,2559800.0
1772,2021-10-12 04:10:23,90700.0,3800.0,2559200.0
1773,2021-10-12 04:09:59,90700.0,1000.0,2555400.0
1774,2021-10-12 04:09:48,90700.0,900.0,2554400.0
1775,2021-10-12 04:09:08,90700.0,500.0,2553500.0
1776,2021-10-12 04:08:05,90700.0,700.0,2553000.0
1777,2021-10-12 04:08:05,90700.0,100.0,2552300.0
1778,2021-10-12 04:08:05,90700.0,600.0,2552200.0
1779,2021-10-12 04:08:05,90700.0,1000.0,2551600.0
1780,2021-10-12 04:08:05,90700.0,100.0,2550600.0
1781,2021-10-12 04:08:05,90700.0,1300.0,2550500.0
1782,2021-10-12 04:07:58,90700.0,100.0,2549200.0
1783,2021-10-12 04:07:50,90700.0,100.0,2549100.0
1784,2021-10-12 04:07:50,90700.0,400.0,2549000.0
1785,2021-10-12 04:07:29,90700.0,500.0,2548600.0
1786,2021-10-12 04:07:28,90700.0,100.0,2548100.0
1787,2021-10-12 04:07:26,90700.0,1400.0,2548000.0
1788,2021-10-12 04:06:20,90700.0,100.0,2546600.0
1789,2021-10-12 04:06:10,90700.0,600.0,2546500.0
1790,2021-10-12 04:06:10,90700.0,500.0,2545900.0
1791,2021-10-12 04:06:09,90700.0,1400.0,2545400.0
1792,2021-10-12 04:06:09,90700.0,100.0,2544000.0
1793,2021-10-12 04:06:09,90700.0,100.0,2543900.0
1794,2021-10-12 04:06:09,90700.0,400.0,2543800.0
1795,2021-10-12 04:06:09,90700.0,100.0,2543400.0
1796,2021-10-12 04:06:09,90700.0,500.0,2543300.0
1797,2021-10-12 04:06:09,90700.0,400.0,2542800.0
1798,2021-10-12 04:06:09,90700.0,300.0,2542400.0
1799,2021-10-12 04:06:09,90700.0,300.0,2542100.0
1800,2021-10-12 04:06:09,90700.0,400.0,2541800.0
1801,2021-10-12 04:06:09,90700.0,500.0,2541400.0
1802,2021-10-12 04:06:09,90700.0,500.0,2540900.0
1803,2021-10-12 04:05:47,90700.0,100.0,2540400.0
1804,2021-10-12 04:05:47,90700.0,100.0,2540300.0
1805,2021-10-12 04:05:38,90700.0,200.0,2540200.0
1806,2021-10-12 04:05:38,90700.0,200.0,2540000.0
1807,2021-10-12 04:05:38,90700.0,100.0,2539800.0
1808,2021-10-12 04:05:38,90700.0,200.0,2539700.0
1809,2021-10-12 04:05:31,90700.0,100.0,2539500.0
1810,2021-10-12 04:05:31,90700.0,100.0,2539400.0
1811,2021-10-12 04:05:30,90700.0,100.0,2539300.0
1812,2021-10-12 04:05:30,90700.0,400.0,2539200.0
1813,2021-10-12 04:05:30,90700.0,100.0,2538800.0
1814,2021-10-12 04:05:30,90700.0,100.0,2538700.0
1815,2021-10-12 04:05:30,90700.0,200.0,2538600.0
1816,2021-10-12 04:05:30,90700.0,200.0,2538400.0
1817,2021-10-12 04:05:29,90700.0,2100.0,2538200.0
1818,2021-10-12 04:05:29,90700.0,2900.0,2536100.0
1819,2021-10-12 04:05:23,90600.0,700.0,2533200.0
1820,2021-10-12 04:05:23,90600.0,700.0,2532500.0
1821,2021-10-12 04:05:19,90600.0,500.0,2531800.0
1822,2021-10-12 04:05:14,90600.0,800.0,2531300.0
1823,2021-10-12 04:05:14,90600.0,100.0,2530500.0
1824,2021-10-12 04:04:40,90600.0,100.0,2530400.0
1825,2021-10-12 04:04:14,90600.0,100.0,2530300.0
1826,2021-10-12 04:04:04,90600.0,200.0,2530200.0
1827,2021-10-12 04:03:54,90600.0,100.0,2530000.0
1828,2021-10-12 04:03:49,90600.0,200.0,2529900.0
1829,2021-10-12 04:03:46,90600.0,400.0,2529700.0
1830,2021-10-12 04:03:46,90600.0,100.0,2529300.0
1831,2021-10-12 04:03:46,90600.0,200.0,2529200.0
1832,2021-10-12 04:03:46,90600.0,100.0,2529000.0
1833,2021-10-12 04:03:46,90600.0,300.0,2528900.0
1834,2021-10-12 04:03:46,90600.0,4000.0,2528600.0
1835,2021-10-12 04:03:46,90600.0,10000.0,2524600.0
1836,2021-10-12 04:03:46,90600.0,100.0,2514600.0
1837,2021-10-12 04:03:46,90600.0,300.0,2514500.0
1838,2021-10-12 04:03:46,90600.0,10000.0,2514200.0
1839,2021-10-12 04:03:46,90600.0,100.0,2504200.0
1840,2021-10-12 04:03:46,90600.0,100.0,2504100.0
1841,2021-10-12 04:03:46,90600.0,100.0,2504000.0
1842,2021-10-12 04:03:46,90600.0,100.0,2503900.0
1843,2021-10-12 04:03:46,90600.0,100.0,2503800.0
1844,2021-10-12 04:03:46,90600.0,2000.0,2503700.0
1845,2021-10-12 04:03:46,90600.0,200.0,2501700.0
1846,2021-10-12 04:03:46,90600.0,200.0,2501500.0
1847,2021-10-12 04:03:46,90600.0,1000.0,2501300.0
1848,2021-10-12 04:03:46,90600.0,100.0,2500300.0
1849,2021-10-12 04:03:46,90600.0,300.0,2500200.0
1850,2021-10-12 04:03:46,90600.0,1000.0,2499900.0
1851,2021-10-12 04:03:46,90600.0,100.0,2498900.0
1852,2021-10-12 04:03:46,90600.0,300.0,2498800.0
1853,2021-10-12 04:03:46,90600.0,300.0,2498500.0
1854,2021-10-12 04:03:46,90600.0,100.0,2498200.0
1855,2021-10-12 04:03:24,90600.0,500.0,2498100.0
1856,2021-10-12 04:03:13,90600.0,400.0,2497600.0
1857,2021-10-12 04:03:13,90600.0,200.0,2497200.0
1858,2021-10-12 04:03:13,90600.0,100.0,2497000.0
1859,2021-10-12 04:03:13,90600.0,100.0,2496900.0
1860,2021-10-12 04:03:13,90600.0,100.0,2496800.0
1861,2021-10-12 04:03:13,90600.0,100.0,2496700.0
1862,2021-10-12 04:03:13,90600.0,100.0,2496600.0
1863,2021-10-12 04:03:13,90600.0,100.0,2496500.0
1864,2021-10-12 04:03:13,90600.0,100.0,2496400.0
1865,2021-10-12 04:03:13,90600.0,200.0,2496300.0
1866,2021-10-12 04:03:13,90600.0,100.0,2496100.0
1867,2021-10-12 04:03:13,90600.0,100.0,2496000.0
1868,2021-10-12 04:03:13,90600.0,500.0,2495900.0
1869,2021-10-12 04:03:06,90700.0,400.0,2495400.0
1870,2021-10-12 04:03:04,90700.0,300.0,2495000.0
1871,2021-10-12 04:03:04,90700.0,400.0,2494700.0
1872,2021-10-12 04:03:04,90700.0,100.0,2494300.0
1873,2021-10-12 04:03:04,90700.0,400.0,2494200.0
1874,2021-10-12 04:03:04,90700.0,1500.0,2493800.0
1875,2021-10-12 04:03:04,90700.0,100.0,2492300.0
1876,2021-10-12 04:03:04,90700.0,200.0,2492200.0
1877,2021-10-12 04:03:04,90700.0,800.0,2492000.0
1878,2021-10-12 04:02:43,90600.0,200.0,2491200.0
1879,2021-10-12 04:02:39,90600.0,800.0,2491000.0
1880,2021-10-12 04:02:39,90600.0,1000.0,2490200.0
1881,2021-10-12 04:02:39,90600.0,200.0,2489200.0
1882,2021-10-12 04:02:39,90600.0,1000.0,2489000.0
1883,2021-10-12 04:02:39,90600.0,500.0,2488000.0
1884,2021-10-12 04:02:39,90600.0,400.0,2487500.0
1885,2021-10-12 04:02:39,90600.0,100.0,2487100.0
1886,2021-10-12 04:02:39,90600.0,300.0,2487000.0
1887,2021-10-12 04:02:39,90600.0,5700.0,2486700.0
1888,2021-10-12 04:02:36,90600.0,100.0,2481000.0
1889,2021-10-12 04:01:46,90600.0,100.0,2480900.0
1890,2021-10-12 04:01:30,90600.0,600.0,2480800.0
1891,2021-10-12 04:01:15,90600.0,200.0,2480200.0
1892,2021-10-12 04:00:41,90600.0,900.0,2480000.0
1893,2021-10-12 04:00:40,90700.0,100.0,2479100.0
1894,2021-10-12 04:00:30,90600.0,100.0,2479000.0
1895,2021-10-12 04:00:27,90600.0,100.0,2478900.0
1896,2021-10-12 03:59:41,90600.0,200.0,2478800.0
1897,2021-10-12 03:59:40,90600.0,1000.0,2478600.0
1898,2021-10-12 03:59:35,90600.0,500.0,2477600.0
1899,2021-10-12 03:59:26,90600.0,500.0,2477100.0
1900,2021-10-12 03:59:26,90600.0,100.0,2476600.0
1901,2021-10-12 03:59:26,90600.0,100.0,2476500.0
1902,2021-10-12 03:59:26,90600.0,400.0,2476400.0
1903,2021-10-12 03:59:20,90700.0,100.0,2476000.0
1904,2021-10-12 03:59:19,90700.0,1000.0,2475900.0
1905,2021-10-12 03:59:19,90700.0,100.0,2474900.0
1906,2021-10-12 03:59:19,90700.0,100.0,2474800.0
1907,2021-10-12 03:59:19,90700.0,300.0,2474700.0
1908,2021-10-12 03:58:42,90700.0,100.0,2474400.0
1909,2021-10-12 03:58:37,90700.0,100.0,2474300.0
1910,2021-10-12 03:57:53,90700.0,100.0,2474200.0
1911,2021-10-12 03:57:53,90700.0,200.0,2474100.0
1912,2021-10-12 03:57:52,90700.0,200.0,2473900.0
1913,2021-10-12 03:57:52,90700.0,2300.0,2473700.0
1914,2021-10-12 03:57:52,90700.0,500.0,2471400.0
1915,2021-10-12 03:57:41,90600.0,100.0,2470900.0
1916,2021-10-12 03:57:41,90600.0,400.0,2470800.0
1917,2021-10-12 03:57:26,90600.0,100.0,2470400.0
1918,2021-10-12 03:57:08,90600.0,500.0,2470300.0
1919,2021-10-12 03:57:08,90600.0,500.0,2469800.0
1920,2021-10-12 03:56:36,90600.0,400.0,2469300.0
1921,2021-10-12 03:56:36,90600.0,200.0,2468900.0
1922,2021-10-12 03:56:36,90600.0,1100.0,2468700.0
1923,2021-10-12 03:56:36,90600.0,100.0,2467600.0
1924,2021-10-12 03:56:36,90600.0,500.0,2467500.0
1925,2021-10-12 03:56:36,90600.0,500.0,2467000.0
1926,2021-10-12 03:56:36,90600.0,200.0,2466500.0
1927,2021-10-12 03:56:23,90600.0,300.0,2466300.0
1928,2021-10-12 03:56:23,90600.0,100.0,2466000.0
1929,2021-10-12 03:56:23,90600.0,100.0,2465900.0
1930,2021-10-12 03:56:23,90600.0,900.0,2465800.0
1931,2021-10-12 03:56:08,90600.0,900.0,2464900.0
1932,2021-10-12 03:56:00,90700.0,200.0,2464000.0
1933,2021-10-12 03:55:57,90600.0,1000.0,2463800.0
1934,2021-10-12 03:55:48,90700.0,200.0,2462800.0
1935,2021-10-12 03:55:29,90700.0,600.0,2462600.0
1936,2021-10-12 03:55:15,90700.0,100.0,2462000.0
1937,2021-10-12 03:54:58,90700.0,200.0,2461900.0
1938,2021-10-12 03:53:51,90600.0,500.0,2461700.0
1939,2021-10-12 03:53:32,90600.0,2700.0,2461200.0
1940,2021-10-12 03:53:32,90600.0,100.0,2458500.0
1941,2021-10-12 03:53:32,90600.0,100.0,2458400.0
1942,2021-10-12 03:53:32,90600.0,100.0,2458300.0
1943,2021-10-12 03:51:56,90600.0,400.0,2458200.0
1944,2021-10-12 03:51:56,90600.0,200.0,2457800.0
1945,2021-10-12 03:51:35,90600.0,900.0,2457600.0
1946,2021-10-12 03:51:25,90700.0,500.0,2456700.0
1947,2021-10-12 03:51:24,90700.0,200.0,2456200.0
1948,2021-10-12 03:51:24,90700.0,100.0,2456000.0
1949,2021-10-12 03:51:24,90700.0,1400.0,2455900.0
1950,2021-10-12 03:51:24,90700.0,200.0,2454500.0
1951,2021-10-12 03:51:24,90700.0,200.0,2454300.0
1952,2021-10-12 03:51:24,90700.0,200.0,2454100.0
1953,2021-10-12 03:51:24,90700.0,300.0,2453900.0
1954,2021-10-12 03:51:24,90700.0,900.0,2453600.0
1955,2021-10-12 03:51:24,90700.0,200.0,2452700.0
1956,2021-10-12 03:51:24,90700.0,200.0,2452500.0
1957,2021-10-12 03:51:24,90700.0,100.0,2452300.0
1958,2021-10-12 03:51:24,90700.0,200.0,2452200.0
1959,2021-10-12 03:51:17,90700.0,1000.0,2452000.0
1960,2021-10-12 03:51:06,90700.0,500.0,2451000.0
1961,2021-10-12 03:50:50,90700.0,300.0,2450500.0
1962,2021-10-12 03:50:31,90800.0,300.0,2450200.0
1963,2021-10-12 03:50:30,90800.0,2800.0,2449900.0
1964,2021-10-12 03:50:27,90700.0,100.0,2447100.0
1965,2021-10-12 03:50:12,90700.0,200.0,2447000.0
1966,2021-10-12 03:50:02,90700.0,500.0,2446800.0
1967,2021-10-12 03:49:56,90700.0,200.0,2446300.0
1968,2021-10-12 03:49:48,90700.0,1700.0,2446100.0
1969,2021-10-12 03:49:48,90700.0,100.0,2444400.0
1970,2021-10-12 03:49:48,90700.0,300.0,2444300.0
1971,2021-10-12 03:49:48,90700.0,100.0,2444000.0
1972,2021-10-12 03:49:48,90700.0,800.0,2443900.0
1973,2021-10-12 03:49:23,90700.0,200.0,2443100.0
1974,2021-10-12 03:49:17,90700.0,100.0,2442900.0
1975,2021-10-12 03:49:16,90700.0,400.0,2442800.0
1976,2021-10-12 03:49:16,90700.0,100.0,2442400.0
1977,2021-10-12 03:49:16,90700.0,200.0,2442300.0
1978,2021-10-12 03:49:16,90700.0,400.0,2442100.0
1979,2021-10-12 03:49:16,90700.0,2800.0,2441700.0
1980,2021-10-12 03:49:16,90700.0,100.0,2438900.0
1981,2021-10-12 03:49:16,90700.0,1000.0,2438800.0
1982,2021-10-12 03:49:16,90700.0,100.0,2437800.0
1983,2021-10-12 03:49:16,90700.0,1500.0,2437700.0
1984,2021-10-12 03:49:16,90700.0,800.0,2436200.0
1985,2021-10-12 03:49:16,90700.0,200.0,2435400.0
1986,2021-10-12 03:49:16,90700.0,200.0,2435200.0
1987,2021-10-12 03:49:16,90700.0,300.0,2435000.0
1988,2021-10-12 03:49:16,90700.0,1500.0,2434700.0
1989,2021-10-12 03:49:16,90700.0,100.0,2433200.0
1990,2021-10-12 03:49:16,90700.0,200.0,2433100.0
1991,2021-10-12 03:48:51,90700.0,100.0,2432900.0
1992,2021-10-12 03:48:51,90700.0,400.0,2432800.0
1993,2021-10-12 03:48:17,90700.0,100.0,2432400.0
1994,2021-10-12 03:48:17,90700.0,100.0,2432300.0
1995,2021-10-12 03:48:17,90700.0,100.0,2432200.0
1996,2021-10-12 03:48:15,90800.0,100.0,2432100.0
1997,2021-10-12 03:48:08,90700.0,200.0,2432000.0
1998,2021-10-12 03:48:08,90700.0,300.0,2431800.0
1999,2021-10-12 03:47:27,90700.0,100.0,2431500.0
2000,2021-10-12 03:47:12,90700.0,100.0,2431400.0
2001,2021-10-12 03:47:02,90700.0,100.0,2431300.0
2002,2021-10-12 03:47:02,90700.0,100.0,2431200.0
2003,2021-10-12 03:47:02,90700.0,700.0,2431100.0
2004,2021-10-12 03:46:32,90700.0,300.0,2430400.0
2005,2021-10-12 03:46:32,90700.0,500.0,2430100.0
2006,2021-10-12 03:46:32,90700.0,100.0,2429600.0
2007,2021-10-12 03:46:32,90700.0,100.0,2429500.0
2008,2021-10-12 03:46:13,90700.0,100.0,2429400.0
2009,2021-10-12 03:46:13,90700.0,100.0,2429300.0
2010,2021-10-12 03:46:13,90700.0,300.0,2429200.0
2011,2021-10-12 03:46:13,90700.0,100.0,2428900.0
2012,2021-10-12 03:44:43,90700.0,100.0,2428800.0
2013,2021-10-12 03:44:43,90700.0,400.0,2428700.0
2014,2021-10-12 03:44:43,90700.0,100.0,2428300.0
2015,2021-10-12 03:44:43,90700.0,200.0,2428200.0
2016,2021-10-12 03:44:43,90700.0,400.0,2428000.0
2017,2021-10-12 03:44:43,90700.0,200.0,2427600.0
2018,2021-10-12 03:44:43,90700.0,300.0,2427400.0
2019,2021-10-12 03:44:43,90700.0,200.0,2427100.0
2020,2021-10-12 03:44:43,90700.0,500.0,2426900.0
2021,2021-10-12 03:44:43,90700.0,100.0,2426400.0
2022,2021-10-12 03:44:43,90700.0,100.0,2426300.0
2023,2021-10-12 03:44:43,90700.0,1000.0,2426200.0
2024,2021-10-12 03:44:43,90700.0,100.0,2425200.0
2025,2021-10-12 03:44:43,90700.0,100.0,2425100.0
2026,2021-10-12 03:44:43,90700.0,700.0,2425000.0
2027,2021-10-12 03:44:43,90700.0,1000.0,2424300.0
2028,2021-10-12 03:44:43,90700.0,300.0,2423300.0
2029,2021-10-12 03:44:43,90700.0,1000.0,2423000.0
2030,2021-10-12 03:44:43,90700.0,100.0,2422000.0
2031,2021-10-12 03:44:43,90700.0,200.0,2421900.0
2032,2021-10-12 03:44:43,90700.0,600.0,2421700.0
2033,2021-10-12 03:44:43,90700.0,200.0,2421100.0
2034,2021-10-12 03:44:43,90700.0,200.0,2420900.0
2035,2021-10-12 03:44:43,90700.0,500.0,2420700.0
2036,2021-10-12 03:44:43,90700.0,100.0,2420200.0
2037,2021-10-12 03:44:43,90700.0,100.0,2420100.0
2038,2021-10-12 03:44:43,90700.0,100.0,2420000.0
2039,2021-10-12 03:44:43,90700.0,100.0,2419900.0
2040,2021-10-12 03:44:43,90700.0,300.0,2419800.0
2041,2021-10-12 03:44:43,90700.0,400.0,2419500.0
2042,2021-10-12 03:44:43,90700.0,100.0,2419100.0
2043,2021-10-12 03:44:43,90700.0,200.0,2419000.0
2044,2021-10-12 03:44:32,90700.0,1000.0,2418800.0
2045,2021-10-12 03:44:07,90800.0,500.0,2417800.0
2046,2021-10-12 03:43:56,90700.0,100.0,2417300.0
2047,2021-10-12 03:43:15,90700.0,100.0,2417200.0
2048,2021-10-12 03:42:29,90700.0,900.0,2417100.0
2049,2021-10-12 03:41:11,90700.0,100.0,2416200.0
2050,2021-10-12 03:40:59,90700.0,100.0,2416100.0
2051,2021-10-12 03:40:59,90700.0,100.0,2416000.0
2052,2021-10-12 03:40:54,90700.0,100.0,2415900.0
2053,2021-10-12 03:40:54,90700.0,100.0,2415800.0
2054,2021-10-12 03:40:51,90700.0,200.0,2415700.0
2055,2021-10-12 03:40:48,90700.0,200.0,2415500.0
