,Time,Price,Volume_per_trade,Volume
0,2021-10-11 07:45:02,90000.0,1400.0,2474800.0
1,2021-10-11 07:45:02,90000.0,100.0,2473400.0
2,2021-10-11 07:45:02,90000.0,300.0,2473300.0
3,2021-10-11 07:45:02,90000.0,200.0,2473000.0
4,2021-10-11 07:45:02,90000.0,300.0,2472800.0
5,2021-10-11 07:45:02,90000.0,100.0,2472500.0
6,2021-10-11 07:45:02,90000.0,300.0,2472400.0
7,2021-10-11 07:45:02,90000.0,500.0,2472100.0
8,2021-10-11 07:45:02,90000.0,100.0,2471600.0
9,2021-10-11 07:45:02,90000.0,100.0,2471500.0
10,2021-10-11 07:45:02,90000.0,100.0,2471400.0
11,2021-10-11 07:45:02,90000.0,100.0,2471300.0
12,2021-10-11 07:45:02,90000.0,100.0,2471200.0
13,2021-10-11 07:45:02,90000.0,100.0,2471100.0
14,2021-10-11 07:45:02,90000.0,200.0,2471000.0
15,2021-10-11 07:45:02,90000.0,300.0,2470800.0
16,2021-10-11 07:45:02,90000.0,700.0,2470500.0
17,2021-10-11 07:45:02,90000.0,1000.0,2469800.0
18,2021-10-11 07:45:02,90000.0,100.0,2468800.0
19,2021-10-11 07:45:02,90000.0,100.0,2468700.0
20,2021-10-11 07:45:02,90000.0,100.0,2468600.0
21,2021-10-11 07:45:02,90000.0,200.0,2468500.0
22,2021-10-11 07:45:02,90000.0,20000.0,2468300.0
23,2021-10-11 07:45:02,90000.0,1800.0,2448300.0
24,2021-10-11 07:45:02,90000.0,400.0,2446500.0
25,2021-10-11 07:45:02,90000.0,13400.0,2446100.0
26,2021-10-11 07:45:02,90000.0,100.0,2432700.0
27,2021-10-11 07:45:02,90000.0,30000.0,2432600.0
28,2021-10-11 07:45:02,90000.0,10000.0,2402600.0
29,2021-10-11 07:45:02,90000.0,100.0,2392600.0
30,2021-10-11 07:45:02,90000.0,5000.0,2392500.0
31,2021-10-11 07:45:02,90000.0,17000.0,2387500.0
32,2021-10-11 07:45:02,90000.0,300.0,2370500.0
33,2021-10-11 07:45:02,90000.0,500.0,2370200.0
34,2021-10-11 07:45:02,90000.0,2200.0,2369700.0
35,2021-10-11 07:45:02,90000.0,15000.0,2367500.0
36,2021-10-11 07:45:02,90000.0,1000.0,2352500.0
37,2021-10-11 07:45:02,90000.0,500.0,2351500.0
38,2021-10-11 07:45:02,90000.0,1000.0,2351000.0
39,2021-10-11 07:45:02,90000.0,100.0,2350000.0
40,2021-10-11 07:45:02,90000.0,1000.0,2349900.0
41,2021-10-11 07:45:02,90000.0,1000.0,2348900.0
42,2021-10-11 07:45:02,90000.0,400.0,2347900.0
43,2021-10-11 07:45:02,90000.0,400.0,2347500.0
44,2021-10-11 07:45:02,90000.0,100.0,2347100.0
45,2021-10-11 07:45:02,90000.0,100.0,2347000.0
46,2021-10-11 07:45:02,90000.0,100.0,2346900.0
47,2021-10-11 07:45:02,90000.0,5000.0,2346800.0
48,2021-10-11 07:45:02,90000.0,100.0,2341800.0
49,2021-10-11 07:45:02,90000.0,200.0,2341700.0
50,2021-10-11 07:45:02,90000.0,1000.0,2341500.0
51,2021-10-11 07:45:02,90000.0,800.0,2340500.0
52,2021-10-11 07:45:02,90000.0,200.0,2339700.0
53,2021-10-11 07:45:02,90000.0,2000.0,2339500.0
54,2021-10-11 07:45:02,90000.0,2000.0,2337500.0
55,2021-10-11 07:45:02,90000.0,2000.0,2335500.0
56,2021-10-11 07:45:02,90000.0,10000.0,2333500.0
57,2021-10-11 07:45:02,90000.0,3800.0,2323500.0
58,2021-10-11 07:45:02,90000.0,2000.0,2319700.0
59,2021-10-11 07:45:02,90000.0,100.0,2317700.0
60,2021-10-11 07:45:02,90000.0,300.0,2317600.0
61,2021-10-11 07:45:02,90000.0,400.0,2317300.0
62,2021-10-11 07:45:02,90000.0,7000.0,2316900.0
63,2021-10-11 07:45:02,90000.0,16700.0,2309900.0
64,2021-10-11 07:45:02,90000.0,1800.0,2293200.0
65,2021-10-11 07:45:02,90000.0,200.0,2291400.0
66,2021-10-11 07:45:02,90000.0,1000.0,2291200.0
67,2021-10-11 07:45:02,90000.0,2300.0,2290200.0
68,2021-10-11 07:45:02,90000.0,100.0,2287900.0
69,2021-10-11 07:45:02,90000.0,23100.0,2287800.0
70,2021-10-11 07:45:02,90000.0,100.0,2264700.0
71,2021-10-11 07:45:02,90000.0,200.0,2264600.0
72,2021-10-11 07:45:02,90000.0,15800.0,2264400.0
73,2021-10-11 07:45:02,90000.0,1000.0,2248600.0
74,2021-10-11 07:45:02,90000.0,1700.0,2247600.0
75,2021-10-11 07:45:02,90000.0,900.0,2245900.0
76,2021-10-11 07:45:02,90000.0,700.0,2245000.0
77,2021-10-11 07:45:02,90000.0,100.0,2244300.0
78,2021-10-11 07:45:02,90000.0,600.0,2244200.0
79,2021-10-11 07:45:02,90000.0,100.0,2243600.0
80,2021-10-11 07:45:02,90000.0,100.0,2243500.0
81,2021-10-11 07:45:02,90000.0,100.0,2243400.0
82,2021-10-11 07:45:02,90000.0,700.0,2243300.0
83,2021-10-11 07:45:02,90000.0,2000.0,2242600.0
84,2021-10-11 07:45:02,90000.0,200.0,2240600.0
85,2021-10-11 07:45:02,90000.0,100.0,2240400.0
86,2021-10-11 07:45:02,90000.0,100.0,2240300.0
87,2021-10-11 07:45:02,90000.0,100.0,2240200.0
88,2021-10-11 07:29:44,90000.0,2500.0,2240100.0
89,2021-10-11 07:29:29,90000.0,2000.0,2237600.0
90,2021-10-11 07:29:29,90000.0,2100.0,2235600.0
91,2021-10-11 07:29:29,90000.0,3900.0,2233500.0
92,2021-10-11 07:29:23,90000.0,100.0,2229600.0
93,2021-10-11 07:29:18,90000.0,2700.0,2229500.0
94,2021-10-11 07:29:09,90000.0,2000.0,2226800.0
95,2021-10-11 07:29:09,89800.0,1000.0,2224800.0
96,2021-10-11 07:29:09,89800.0,2000.0,2223800.0
97,2021-10-11 07:29:05,90000.0,2800.0,2221800.0
98,2021-10-11 07:29:05,90000.0,800.0,2219000.0
99,2021-10-11 07:29:05,90000.0,500.0,2218200.0
100,2021-10-11 07:29:05,90000.0,900.0,2217700.0
101,2021-10-11 07:29:05,90000.0,1000.0,2216800.0
102,2021-10-11 07:29:03,90000.0,200.0,2215800.0
103,2021-10-11 07:29:03,90000.0,2000.0,2215600.0
104,2021-10-11 07:28:53,90000.0,300.0,2213600.0
105,2021-10-11 07:28:53,90000.0,1800.0,2213300.0
106,2021-10-11 07:28:53,90000.0,600.0,2211500.0
107,2021-10-11 07:28:53,90000.0,300.0,2210900.0
108,2021-10-11 07:28:49,90000.0,1800.0,2210600.0
109,2021-10-11 07:28:44,90000.0,5200.0,2208800.0
110,2021-10-11 07:28:44,90000.0,800.0,2203600.0
111,2021-10-11 07:28:38,90000.0,100.0,2202800.0
112,2021-10-11 07:28:38,90000.0,2400.0,2202700.0
113,2021-10-11 07:28:38,89800.0,500.0,2200300.0
114,2021-10-11 07:28:26,89700.0,8600.0,2199800.0
115,2021-10-11 07:28:24,90000.0,1600.0,2191200.0
116,2021-10-11 07:28:24,90000.0,100.0,2189600.0
117,2021-10-11 07:28:24,90000.0,100.0,2189500.0
118,2021-10-11 07:28:24,90000.0,2300.0,2189400.0
119,2021-10-11 07:28:24,90000.0,1400.0,2187100.0
120,2021-10-11 07:28:24,90000.0,400.0,2185700.0
121,2021-10-11 07:28:24,90000.0,100.0,2185300.0
122,2021-10-11 07:28:22,90000.0,100.0,2185200.0
123,2021-10-11 07:28:22,90000.0,400.0,2185100.0
124,2021-10-11 07:28:22,90000.0,400.0,2184700.0
125,2021-10-11 07:28:22,90000.0,200.0,2184300.0
126,2021-10-11 07:28:22,90000.0,200.0,2184100.0
127,2021-10-11 07:28:22,89800.0,1700.0,2183900.0
128,2021-10-11 07:28:20,89800.0,300.0,2182200.0
129,2021-10-11 07:28:19,90000.0,200.0,2181900.0
130,2021-10-11 07:28:19,90000.0,100.0,2181700.0
131,2021-10-11 07:28:19,90000.0,1600.0,2181600.0
132,2021-10-11 07:28:18,89800.0,100.0,2180000.0
133,2021-10-11 07:28:17,90000.0,300.0,2179900.0
134,2021-10-11 07:28:17,89800.0,4000.0,2179600.0
135,2021-10-11 07:28:10,89800.0,200.0,2175600.0
136,2021-10-11 07:28:05,89800.0,2600.0,2175400.0
137,2021-10-11 07:27:58,89800.0,100.0,2172800.0
138,2021-10-11 07:27:56,89800.0,600.0,2172700.0
139,2021-10-11 07:27:55,89800.0,600.0,2172100.0
140,2021-10-11 07:27:55,89800.0,200.0,2171500.0
141,2021-10-11 07:27:55,89800.0,200.0,2171300.0
142,2021-10-11 07:27:55,89800.0,500.0,2171100.0
143,2021-10-11 07:27:55,89800.0,1000.0,2170600.0
144,2021-10-11 07:27:51,90000.0,1500.0,2169600.0
145,2021-10-11 07:27:50,90000.0,1300.0,2168100.0
146,2021-10-11 07:27:50,89900.0,200.0,2166800.0
147,2021-10-11 07:27:48,89900.0,600.0,2166600.0
148,2021-10-11 07:27:45,89900.0,200.0,2166000.0
149,2021-10-11 07:27:45,89900.0,300.0,2165800.0
150,2021-10-11 07:27:44,89900.0,1000.0,2165500.0
151,2021-10-11 07:27:44,89900.0,700.0,2164500.0
152,2021-10-11 07:27:44,89900.0,100.0,2163800.0
153,2021-10-11 07:27:44,89900.0,300.0,2163700.0
154,2021-10-11 07:27:44,89900.0,100.0,2163400.0
155,2021-10-11 07:27:44,89900.0,4800.0,2163300.0
156,2021-10-11 07:27:41,89900.0,200.0,2158500.0
157,2021-10-11 07:27:41,89800.0,400.0,2158300.0
158,2021-10-11 07:27:39,89800.0,600.0,2157900.0
159,2021-10-11 07:27:35,89700.0,2600.0,2157300.0
160,2021-10-11 07:27:35,89700.0,100.0,2154700.0
161,2021-10-11 07:27:35,89700.0,100.0,2154600.0
162,2021-10-11 07:27:35,89700.0,100.0,2154500.0
163,2021-10-11 07:27:35,89700.0,100.0,2154400.0
164,2021-10-11 07:27:35,89700.0,1400.0,2154300.0
165,2021-10-11 07:27:35,89700.0,200.0,2152900.0
166,2021-10-11 07:27:35,89700.0,200.0,2152700.0
167,2021-10-11 07:27:35,89700.0,100.0,2152500.0
168,2021-10-11 07:27:35,89700.0,800.0,2152400.0
169,2021-10-11 07:27:35,89700.0,300.0,2151600.0
170,2021-10-11 07:27:35,89700.0,100.0,2151300.0
171,2021-10-11 07:27:35,89800.0,1000.0,2151200.0
172,2021-10-11 07:27:26,89700.0,100.0,2150200.0
173,2021-10-11 07:27:21,89900.0,1700.0,2150100.0
174,2021-10-11 07:27:21,89800.0,1000.0,2148400.0
175,2021-10-11 07:27:21,89800.0,3300.0,2147400.0
176,2021-10-11 07:27:10,89800.0,200.0,2144100.0
177,2021-10-11 07:27:09,89800.0,5000.0,2143900.0
178,2021-10-11 07:27:03,89800.0,1500.0,2138900.0
179,2021-10-11 07:27:03,89800.0,4500.0,2137400.0
180,2021-10-11 07:26:57,89800.0,2000.0,2132900.0
181,2021-10-11 07:26:55,89800.0,900.0,2130900.0
182,2021-10-11 07:26:47,89800.0,200.0,2130000.0
183,2021-10-11 07:26:44,89800.0,500.0,2129800.0
184,2021-10-11 07:26:44,89800.0,100.0,2129300.0
185,2021-10-11 07:26:44,89800.0,200.0,2129200.0
186,2021-10-11 07:26:44,89800.0,1600.0,2129000.0
187,2021-10-11 07:26:44,89900.0,6000.0,2127400.0
188,2021-10-11 07:26:35,89800.0,100.0,2121400.0
189,2021-10-11 07:26:26,89900.0,6000.0,2121300.0
190,2021-10-11 07:26:24,89900.0,300.0,2115300.0
191,2021-10-11 07:26:23,89800.0,100.0,2115000.0
192,2021-10-11 07:26:23,89800.0,300.0,2114900.0
193,2021-10-11 07:26:22,89800.0,100.0,2114600.0
194,2021-10-11 07:26:19,89800.0,100.0,2114500.0
195,2021-10-11 07:26:19,89800.0,1000.0,2114400.0
196,2021-10-11 07:26:18,89800.0,1000.0,2113400.0
197,2021-10-11 07:26:11,89800.0,300.0,2112400.0
198,2021-10-11 07:26:10,89800.0,1000.0,2112100.0
199,2021-10-11 07:26:09,89800.0,2100.0,2111100.0
200,2021-10-11 07:26:09,89800.0,400.0,2109000.0
201,2021-10-11 07:26:08,89800.0,500.0,2108600.0
202,2021-10-11 07:26:08,89800.0,100.0,2108100.0
203,2021-10-11 07:26:08,89800.0,200.0,2108000.0
204,2021-10-11 07:26:08,89800.0,2100.0,2107800.0
205,2021-10-11 07:26:08,89800.0,800.0,2105700.0
206,2021-10-11 07:26:04,89900.0,300.0,2104900.0
207,2021-10-11 07:26:03,89900.0,3000.0,2104600.0
208,2021-10-11 07:26:03,89900.0,100.0,2101600.0
209,2021-10-11 07:26:02,89900.0,200.0,2101500.0
210,2021-10-11 07:26:02,89900.0,1300.0,2101300.0
211,2021-10-11 07:26:00,89900.0,1900.0,2100000.0
212,2021-10-11 07:26:00,89900.0,600.0,2098100.0
213,2021-10-11 07:25:59,89900.0,6000.0,2097500.0
214,2021-10-11 07:25:58,89900.0,200.0,2091500.0
215,2021-10-11 07:25:56,89900.0,2100.0,2091300.0
216,2021-10-11 07:25:50,89900.0,300.0,2089200.0
217,2021-10-11 07:25:49,89900.0,2900.0,2088900.0
218,2021-10-11 07:25:49,89900.0,100.0,2086000.0
219,2021-10-11 07:25:48,89900.0,200.0,2085900.0
220,2021-10-11 07:25:46,89900.0,2000.0,2085700.0
221,2021-10-11 07:25:44,89900.0,200.0,2083700.0
222,2021-10-11 07:25:43,89900.0,500.0,2083500.0
223,2021-10-11 07:25:43,89900.0,1600.0,2083000.0
224,2021-10-11 07:25:41,89900.0,200.0,2081400.0
225,2021-10-11 07:25:40,89900.0,200.0,2081200.0
226,2021-10-11 07:25:40,89900.0,100.0,2081000.0
227,2021-10-11 07:25:40,89900.0,2200.0,2080900.0
228,2021-10-11 07:25:36,89900.0,100.0,2078700.0
229,2021-10-11 07:25:35,89900.0,1700.0,2078600.0
230,2021-10-11 07:25:34,89900.0,100.0,2076900.0
231,2021-10-11 07:25:32,89900.0,1000.0,2076800.0
232,2021-10-11 07:25:31,89900.0,300.0,2075800.0
233,2021-10-11 07:25:30,89900.0,200.0,2075500.0
234,2021-10-11 07:25:29,89900.0,2600.0,2075300.0
235,2021-10-11 07:25:29,89900.0,1800.0,2072700.0
236,2021-10-11 07:25:29,89900.0,600.0,2070900.0
237,2021-10-11 07:25:28,89900.0,100.0,2070300.0
238,2021-10-11 07:25:28,89900.0,100.0,2070200.0
239,2021-10-11 07:25:27,89900.0,1000.0,2070100.0
240,2021-10-11 07:25:27,89900.0,300.0,2069100.0
241,2021-10-11 07:25:25,89900.0,500.0,2068800.0
242,2021-10-11 07:25:25,89800.0,2500.0,2068300.0
243,2021-10-11 07:25:24,89800.0,100.0,2065800.0
244,2021-10-11 07:25:24,89800.0,200.0,2065700.0
245,2021-10-11 07:25:24,89800.0,100.0,2065500.0
246,2021-10-11 07:25:24,89800.0,200.0,2065400.0
247,2021-10-11 07:25:24,89800.0,500.0,2065200.0
248,2021-10-11 07:25:24,89800.0,1000.0,2064700.0
249,2021-10-11 07:25:24,89800.0,100.0,2063700.0
250,2021-10-11 07:25:24,89800.0,600.0,2063600.0
251,2021-10-11 07:25:24,89800.0,100.0,2063000.0
252,2021-10-11 07:25:24,89800.0,100.0,2062900.0
253,2021-10-11 07:25:24,89800.0,100.0,2062800.0
254,2021-10-11 07:25:24,89800.0,1100.0,2062700.0
255,2021-10-11 07:25:24,89800.0,700.0,2061600.0
256,2021-10-11 07:25:24,89800.0,1400.0,2060900.0
257,2021-10-11 07:25:24,89800.0,100.0,2059500.0
258,2021-10-11 07:25:24,89800.0,900.0,2059400.0
259,2021-10-11 07:25:24,89800.0,100.0,2058500.0
260,2021-10-11 07:25:24,89800.0,100.0,2058400.0
261,2021-10-11 07:25:24,89900.0,100.0,2058300.0
262,2021-10-11 07:25:21,89900.0,1000.0,2058200.0
263,2021-10-11 07:25:17,89900.0,100.0,2057200.0
264,2021-10-11 07:25:16,89900.0,1300.0,2057100.0
265,2021-10-11 07:25:15,89900.0,1900.0,2055800.0
266,2021-10-11 07:25:15,89900.0,10300.0,2053900.0
267,2021-10-11 07:25:12,89900.0,100.0,2043600.0
268,2021-10-11 07:25:08,89900.0,300.0,2043500.0
269,2021-10-11 07:25:06,89900.0,3000.0,2043200.0
270,2021-10-11 07:25:03,89900.0,300.0,2040200.0
271,2021-10-11 07:25:01,89900.0,300.0,2039900.0
272,2021-10-11 07:25:01,89900.0,2200.0,2039600.0
273,2021-10-11 07:25:01,89900.0,700.0,2037400.0
274,2021-10-11 07:24:58,89900.0,100.0,2036700.0
275,2021-10-11 07:24:58,89900.0,100.0,2036600.0
276,2021-10-11 07:24:57,89900.0,1000.0,2036500.0
277,2021-10-11 07:24:51,89900.0,100.0,2035500.0
278,2021-10-11 07:24:51,89900.0,100.0,2035400.0
279,2021-10-11 07:24:50,89900.0,1000.0,2035300.0
280,2021-10-11 07:24:48,89900.0,500.0,2034300.0
281,2021-10-11 07:24:48,89900.0,400.0,2033800.0
282,2021-10-11 07:24:47,89900.0,2500.0,2033400.0
283,2021-10-11 07:24:47,89900.0,100.0,2030900.0
284,2021-10-11 07:24:47,89900.0,400.0,2030800.0
285,2021-10-11 07:24:47,89900.0,1100.0,2030400.0
286,2021-10-11 07:24:47,89900.0,800.0,2029300.0
287,2021-10-11 07:24:41,89900.0,200.0,2028500.0
288,2021-10-11 07:24:41,89900.0,200.0,2028300.0
289,2021-10-11 07:24:40,89900.0,2100.0,2028100.0
290,2021-10-11 07:24:38,89900.0,200.0,2026000.0
291,2021-10-11 07:24:38,89900.0,100.0,2025800.0
292,2021-10-11 07:24:37,89900.0,600.0,2025700.0
293,2021-10-11 07:24:36,89900.0,600.0,2025100.0
294,2021-10-11 07:24:36,89900.0,300.0,2024500.0
295,2021-10-11 07:24:36,89900.0,200.0,2024200.0
296,2021-10-11 07:24:36,89900.0,300.0,2024000.0
297,2021-10-11 07:24:35,89900.0,200.0,2023700.0
298,2021-10-11 07:24:35,89900.0,6000.0,2023500.0
299,2021-10-11 07:24:34,89900.0,3000.0,2017500.0
300,2021-10-11 07:24:33,89900.0,2000.0,2014500.0
301,2021-10-11 07:24:30,89900.0,200.0,2012500.0
302,2021-10-11 07:24:30,89900.0,200.0,2012300.0
303,2021-10-11 07:24:29,89900.0,200.0,2012100.0
304,2021-10-11 07:24:29,89900.0,100.0,2011900.0
305,2021-10-11 07:24:28,89900.0,2100.0,2011800.0
306,2021-10-11 07:24:28,89900.0,100.0,2009700.0
307,2021-10-11 07:24:22,89900.0,300.0,2009600.0
308,2021-10-11 07:24:22,89900.0,200.0,2009300.0
309,2021-10-11 07:24:22,89900.0,100.0,2009100.0
310,2021-10-11 07:24:22,89900.0,100.0,2009000.0
311,2021-10-11 07:24:21,89900.0,100.0,2008900.0
312,2021-10-11 07:24:21,89900.0,3000.0,2008800.0
313,2021-10-11 07:24:20,89900.0,200.0,2005800.0
314,2021-10-11 07:24:20,89900.0,800.0,2005600.0
315,2021-10-11 07:24:19,89900.0,100.0,2004800.0
316,2021-10-11 07:24:19,89900.0,500.0,2004700.0
317,2021-10-11 07:24:19,89900.0,2100.0,2004200.0
318,2021-10-11 07:24:18,89900.0,3000.0,2002100.0
319,2021-10-11 07:24:18,89900.0,300.0,1999100.0
320,2021-10-11 07:24:18,89900.0,500.0,1998800.0
321,2021-10-11 07:24:18,89900.0,1200.0,1998300.0
322,2021-10-11 07:24:12,89900.0,200.0,1997100.0
323,2021-10-11 07:24:12,89900.0,200.0,1996900.0
324,2021-10-11 07:24:11,89900.0,300.0,1996700.0
325,2021-10-11 07:24:11,89900.0,300.0,1996400.0
326,2021-10-11 07:24:10,89900.0,2000.0,1996100.0
327,2021-10-11 07:24:10,89900.0,3000.0,1994100.0
328,2021-10-11 07:24:09,89800.0,500.0,1991100.0
329,2021-10-11 07:24:09,89900.0,200.0,1990600.0
330,2021-10-11 07:24:09,89900.0,200.0,1990400.0
331,2021-10-11 07:24:08,89900.0,2100.0,1990200.0
332,2021-10-11 07:24:08,89900.0,200.0,1988100.0
333,2021-10-11 07:24:08,89900.0,100.0,1987900.0
334,2021-10-11 07:24:08,89900.0,200.0,1987800.0
335,2021-10-11 07:24:07,89900.0,100.0,1987600.0
336,2021-10-11 07:24:07,89900.0,300.0,1987500.0
337,2021-10-11 07:24:07,89900.0,200.0,1987200.0
338,2021-10-11 07:24:07,89900.0,600.0,1987000.0
339,2021-10-11 07:24:07,89900.0,1300.0,1986400.0
340,2021-10-11 07:24:07,89900.0,100.0,1985100.0
341,2021-10-11 07:24:07,89900.0,100.0,1985000.0
342,2021-10-11 07:24:06,89900.0,300.0,1984900.0
343,2021-10-11 07:24:06,89900.0,200.0,1984600.0
344,2021-10-11 07:24:06,89900.0,100.0,1984400.0
345,2021-10-11 07:24:06,89800.0,400.0,1984300.0
346,2021-10-11 07:24:06,89800.0,1200.0,1983900.0
347,2021-10-11 07:24:06,89800.0,300.0,1982700.0
348,2021-10-11 07:24:06,89800.0,200.0,1982400.0
349,2021-10-11 07:24:06,89800.0,100.0,1982200.0
350,2021-10-11 07:24:06,89800.0,200.0,1982100.0
351,2021-10-11 07:24:06,89800.0,1000.0,1981900.0
352,2021-10-11 07:24:06,89800.0,6600.0,1980900.0
353,2021-10-11 07:24:05,89900.0,2000.0,1974300.0
354,2021-10-11 07:24:05,89900.0,3000.0,1972300.0
355,2021-10-11 07:24:05,89900.0,300.0,1969300.0
356,2021-10-11 07:24:02,89900.0,300.0,1969000.0
357,2021-10-11 07:24:00,89900.0,300.0,1968700.0
358,2021-10-11 07:23:59,89900.0,3000.0,1968400.0
359,2021-10-11 07:23:55,89900.0,800.0,1965400.0
360,2021-10-11 07:23:51,89900.0,100.0,1964600.0
361,2021-10-11 07:23:50,89900.0,100.0,1964500.0
362,2021-10-11 07:23:48,89900.0,100.0,1964400.0
363,2021-10-11 07:23:48,89900.0,200.0,1964300.0
364,2021-10-11 07:23:48,89900.0,1100.0,1964100.0
365,2021-10-11 07:23:48,89900.0,100.0,1963000.0
366,2021-10-11 07:23:48,89900.0,100.0,1962900.0
367,2021-10-11 07:23:46,89900.0,800.0,1962800.0
368,2021-10-11 07:23:44,89900.0,1600.0,1962000.0
369,2021-10-11 07:23:43,89900.0,300.0,1960400.0
370,2021-10-11 07:23:43,89900.0,300.0,1960100.0
371,2021-10-11 07:23:42,89900.0,3000.0,1959800.0
372,2021-10-11 07:23:42,89900.0,300.0,1956800.0
373,2021-10-11 07:23:35,89900.0,300.0,1956500.0
374,2021-10-11 07:23:29,89900.0,900.0,1956200.0
375,2021-10-11 07:23:25,89900.0,900.0,1955300.0
376,2021-10-11 07:23:24,89800.0,500.0,1954400.0
377,2021-10-11 07:23:23,89800.0,1000.0,1953900.0
378,2021-10-11 07:23:22,89900.0,300.0,1952900.0
379,2021-10-11 07:23:22,89900.0,200.0,1952600.0
380,2021-10-11 07:23:22,89900.0,100.0,1952400.0
381,2021-10-11 07:23:22,89900.0,300.0,1952300.0
382,2021-10-11 07:23:21,89800.0,10000.0,1952000.0
383,2021-10-11 07:23:09,89900.0,100.0,1942000.0
384,2021-10-11 07:23:07,89900.0,200.0,1941900.0
385,2021-10-11 07:23:03,89900.0,600.0,1941700.0
386,2021-10-11 07:23:02,89800.0,1900.0,1941100.0
387,2021-10-11 07:23:02,89800.0,5000.0,1939200.0
388,2021-10-11 07:23:02,89800.0,200.0,1934200.0
389,2021-10-11 07:23:02,89800.0,300.0,1934000.0
390,2021-10-11 07:23:02,89800.0,100.0,1933700.0
391,2021-10-11 07:23:02,89800.0,1000.0,1933600.0
392,2021-10-11 07:23:02,89800.0,500.0,1932600.0
393,2021-10-11 07:23:02,89800.0,400.0,1932100.0
394,2021-10-11 07:23:02,89800.0,500.0,1931700.0
395,2021-10-11 07:23:02,89800.0,700.0,1931200.0
396,2021-10-11 07:23:02,89800.0,100.0,1930500.0
397,2021-10-11 07:23:02,89800.0,1000.0,1930400.0
398,2021-10-11 07:23:02,89800.0,100.0,1929400.0
399,2021-10-11 07:23:02,89800.0,1400.0,1929300.0
400,2021-10-11 07:23:02,89800.0,1200.0,1927900.0
401,2021-10-11 07:23:02,89800.0,500.0,1926700.0
402,2021-10-11 07:23:02,89800.0,600.0,1926200.0
403,2021-10-11 07:23:02,89800.0,500.0,1925600.0
404,2021-10-11 07:23:02,89800.0,1100.0,1925100.0
405,2021-10-11 07:23:02,89800.0,200.0,1924000.0
406,2021-10-11 07:23:02,89800.0,200.0,1923800.0
407,2021-10-11 07:23:02,89800.0,200.0,1923600.0
408,2021-10-11 07:23:02,89800.0,300.0,1923400.0
409,2021-10-11 07:23:02,89800.0,2000.0,1923100.0
410,2021-10-11 07:22:59,89900.0,800.0,1921100.0
411,2021-10-11 07:22:58,89900.0,600.0,1920300.0
412,2021-10-11 07:22:57,89900.0,100.0,1919700.0
413,2021-10-11 07:22:56,89800.0,1000.0,1919600.0
414,2021-10-11 07:22:54,89900.0,600.0,1918600.0
415,2021-10-11 07:22:52,89900.0,300.0,1918000.0
416,2021-10-11 07:22:50,89900.0,600.0,1917700.0
417,2021-10-11 07:22:49,89900.0,400.0,1917100.0
418,2021-10-11 07:22:47,89900.0,300.0,1916700.0
419,2021-10-11 07:22:46,89900.0,400.0,1916400.0
420,2021-10-11 07:22:44,89900.0,600.0,1916000.0
421,2021-10-11 07:22:43,89900.0,100.0,1915400.0
422,2021-10-11 07:22:35,89900.0,700.0,1915300.0
423,2021-10-11 07:22:19,89900.0,100.0,1914600.0
424,2021-10-11 07:22:19,89900.0,100.0,1914500.0
425,2021-10-11 07:22:18,89900.0,400.0,1914400.0
426,2021-10-11 07:22:18,89900.0,700.0,1914000.0
427,2021-10-11 07:22:16,89900.0,400.0,1913300.0
428,2021-10-11 07:22:11,89900.0,100.0,1912900.0
429,2021-10-11 07:22:11,89900.0,100.0,1912800.0
430,2021-10-11 07:22:08,89900.0,100.0,1912700.0
431,2021-10-11 07:22:08,89900.0,500.0,1912600.0
432,2021-10-11 07:22:04,89900.0,500.0,1912100.0
433,2021-10-11 07:22:04,89900.0,500.0,1911600.0
434,2021-10-11 07:22:03,89900.0,700.0,1911100.0
435,2021-10-11 07:22:03,89900.0,100.0,1910400.0
436,2021-10-11 07:22:03,89900.0,200.0,1910300.0
437,2021-10-11 07:22:02,89900.0,200.0,1910100.0
438,2021-10-11 07:22:02,89900.0,500.0,1909900.0
439,2021-10-11 07:21:57,89900.0,400.0,1909400.0
440,2021-10-11 07:21:54,89900.0,100.0,1909000.0
441,2021-10-11 07:21:53,89900.0,100.0,1908900.0
442,2021-10-11 07:21:47,89900.0,900.0,1908800.0
443,2021-10-11 07:21:43,89900.0,100.0,1907900.0
444,2021-10-11 07:21:40,89900.0,300.0,1907800.0
445,2021-10-11 07:21:35,89900.0,700.0,1907500.0
446,2021-10-11 07:21:31,89900.0,200.0,1906800.0
447,2021-10-11 07:21:30,89900.0,100.0,1906600.0
448,2021-10-11 07:21:29,89800.0,100.0,1906500.0
449,2021-10-11 07:21:20,89900.0,800.0,1906400.0
450,2021-10-11 07:21:06,89900.0,1000.0,1905600.0
451,2021-10-11 07:21:05,89900.0,200.0,1904600.0
452,2021-10-11 07:21:02,89900.0,800.0,1904400.0
453,2021-10-11 07:20:57,89900.0,500.0,1903600.0
454,2021-10-11 07:20:50,89900.0,900.0,1903100.0
455,2021-10-11 07:20:46,89900.0,5000.0,1902200.0
456,2021-10-11 07:20:35,89800.0,100.0,1897200.0
457,2021-10-11 07:20:34,89900.0,900.0,1897100.0
458,2021-10-11 07:20:31,89900.0,300.0,1896200.0
459,2021-10-11 07:20:29,89900.0,2000.0,1895900.0
460,2021-10-11 07:20:25,89900.0,500.0,1893900.0
461,2021-10-11 07:20:21,89900.0,600.0,1893400.0
462,2021-10-11 07:20:11,89900.0,400.0,1892800.0
463,2021-10-11 07:20:07,89900.0,500.0,1892400.0
464,2021-10-11 07:19:57,89900.0,100.0,1891900.0
465,2021-10-11 07:19:54,89900.0,700.0,1891800.0
466,2021-10-11 07:19:53,89900.0,300.0,1891100.0
467,2021-10-11 07:19:50,89800.0,600.0,1890800.0
468,2021-10-11 07:19:50,89800.0,400.0,1890200.0
469,2021-10-11 07:19:49,89900.0,200.0,1889800.0
470,2021-10-11 07:19:49,89900.0,200.0,1889600.0
471,2021-10-11 07:19:39,89900.0,500.0,1889400.0
472,2021-10-11 07:19:36,89900.0,200.0,1888900.0
473,2021-10-11 07:19:33,89900.0,1000.0,1888700.0
474,2021-10-11 07:19:32,89900.0,100.0,1887700.0
475,2021-10-11 07:19:31,89900.0,1200.0,1887600.0
476,2021-10-11 07:19:23,89900.0,900.0,1886400.0
477,2021-10-11 07:19:23,89900.0,100.0,1885500.0
478,2021-10-11 07:19:23,89900.0,200.0,1885400.0
479,2021-10-11 07:19:21,89900.0,300.0,1885200.0
480,2021-10-11 07:19:15,89900.0,500.0,1884900.0
481,2021-10-11 07:19:14,89900.0,600.0,1884400.0
482,2021-10-11 07:19:11,89900.0,500.0,1883800.0
483,2021-10-11 07:19:03,89900.0,100.0,1883300.0
484,2021-10-11 07:19:03,89900.0,100.0,1883200.0
485,2021-10-11 07:19:02,89900.0,1700.0,1883100.0
486,2021-10-11 07:18:59,89900.0,200.0,1881400.0
487,2021-10-11 07:18:59,89900.0,200.0,1881200.0
488,2021-10-11 07:18:58,89900.0,1000.0,1881000.0
489,2021-10-11 07:18:58,89900.0,1100.0,1880000.0
490,2021-10-11 07:18:56,89900.0,10000.0,1878900.0
491,2021-10-11 07:18:56,89900.0,800.0,1868900.0
492,2021-10-11 07:18:50,89900.0,300.0,1868100.0
493,2021-10-11 07:18:47,89900.0,100.0,1867800.0
494,2021-10-11 07:18:43,89900.0,500.0,1867700.0
495,2021-10-11 07:18:38,89900.0,100.0,1867200.0
496,2021-10-11 07:18:38,89900.0,100.0,1867100.0
497,2021-10-11 07:18:37,89900.0,600.0,1867000.0
498,2021-10-11 07:18:37,89900.0,600.0,1866400.0
499,2021-10-11 07:18:36,89900.0,500.0,1865800.0
500,2021-10-11 07:18:36,89900.0,500.0,1865300.0
501,2021-10-11 07:18:36,89900.0,2400.0,1864800.0
502,2021-10-11 07:18:36,89900.0,2600.0,1862400.0
503,2021-10-11 07:18:34,90000.0,300.0,1859800.0
504,2021-10-11 07:18:26,89900.0,100.0,1859500.0
505,2021-10-11 07:18:26,89900.0,5000.0,1859400.0
506,2021-10-11 07:18:25,89900.0,100.0,1854400.0
507,2021-10-11 07:18:25,89900.0,20000.0,1854300.0
508,2021-10-11 07:18:25,89900.0,1900.0,1834300.0
509,2021-10-11 07:18:25,89900.0,1000.0,1832400.0
510,2021-10-11 07:18:25,89900.0,100.0,1831400.0
511,2021-10-11 07:18:25,89900.0,100.0,1831300.0
512,2021-10-11 07:18:25,89900.0,1000.0,1831200.0
513,2021-10-11 07:18:25,89900.0,700.0,1830200.0
514,2021-10-11 07:18:20,90000.0,300.0,1829500.0
515,2021-10-11 07:18:20,90000.0,300.0,1829200.0
516,2021-10-11 07:18:19,90000.0,3000.0,1828900.0
517,2021-10-11 07:18:15,90000.0,400.0,1825900.0
518,2021-10-11 07:18:15,90000.0,100.0,1825500.0
519,2021-10-11 07:18:15,90000.0,100.0,1825400.0
520,2021-10-11 07:18:15,90000.0,300.0,1825300.0
521,2021-10-11 07:17:59,90000.0,100.0,1825000.0
522,2021-10-11 07:17:58,90000.0,400.0,1824900.0
523,2021-10-11 07:17:58,90000.0,400.0,1824500.0
524,2021-10-11 07:17:57,90000.0,200.0,1824100.0
525,2021-10-11 07:17:57,90000.0,500.0,1823900.0
526,2021-10-11 07:17:57,90000.0,400.0,1823400.0
527,2021-10-11 07:17:57,90000.0,600.0,1823000.0
528,2021-10-11 07:17:57,90000.0,400.0,1822400.0
529,2021-10-11 07:17:57,90000.0,300.0,1822000.0
530,2021-10-11 07:17:57,90000.0,100.0,1821700.0
531,2021-10-11 07:17:57,90000.0,400.0,1821600.0
532,2021-10-11 07:17:57,90000.0,400.0,1821200.0
533,2021-10-11 07:17:57,90000.0,200.0,1820800.0
534,2021-10-11 07:17:57,90000.0,400.0,1820600.0
535,2021-10-11 07:17:57,90000.0,200.0,1820200.0
536,2021-10-11 07:17:57,90000.0,200.0,1820000.0
537,2021-10-11 07:17:57,90000.0,100.0,1819800.0
538,2021-10-11 07:17:57,90000.0,100.0,1819700.0
539,2021-10-11 07:17:57,90000.0,100.0,1819600.0
540,2021-10-11 07:17:56,90100.0,900.0,1819500.0
541,2021-10-11 07:17:51,90100.0,100.0,1818600.0
542,2021-10-11 07:17:50,90100.0,800.0,1818500.0
543,2021-10-11 07:17:50,90100.0,200.0,1817700.0
544,2021-10-11 07:17:42,90000.0,2500.0,1817500.0
545,2021-10-11 07:17:42,90000.0,1500.0,1815000.0
546,2021-10-11 07:17:42,90000.0,100.0,1813500.0
547,2021-10-11 07:17:42,90000.0,100.0,1813400.0
548,2021-10-11 07:17:41,90000.0,1300.0,1813300.0
549,2021-10-11 07:17:41,90000.0,100.0,1812000.0
550,2021-10-11 07:17:41,90000.0,2300.0,1811900.0
551,2021-10-11 07:17:41,90000.0,400.0,1809600.0
552,2021-10-11 07:17:41,90000.0,200.0,1809200.0
553,2021-10-11 07:17:41,90000.0,200.0,1809000.0
554,2021-10-11 07:17:41,90000.0,400.0,1808800.0
555,2021-10-11 07:17:41,90000.0,200.0,1808400.0
556,2021-10-11 07:17:41,90000.0,200.0,1808200.0
557,2021-10-11 07:17:41,90000.0,200.0,1808000.0
558,2021-10-11 07:17:41,90000.0,100.0,1807800.0
559,2021-10-11 07:17:41,90000.0,200.0,1807700.0
560,2021-10-11 07:17:38,90100.0,800.0,1807500.0
561,2021-10-11 07:17:31,90000.0,1100.0,1806700.0
562,2021-10-11 07:17:31,90000.0,800.0,1805600.0
563,2021-10-11 07:17:31,90000.0,700.0,1804800.0
564,2021-10-11 07:17:31,90000.0,2200.0,1804100.0
565,2021-10-11 07:17:31,90000.0,1000.0,1801900.0
566,2021-10-11 07:17:31,90000.0,1200.0,1800900.0
567,2021-10-11 07:17:31,90000.0,400.0,1799700.0
568,2021-10-11 07:17:31,90000.0,400.0,1799300.0
569,2021-10-11 07:17:31,90000.0,2200.0,1798900.0
570,2021-10-11 07:17:31,90000.0,8200.0,1796700.0
571,2021-10-11 07:17:31,90000.0,300.0,1788500.0
572,2021-10-11 07:17:31,90000.0,1500.0,1788200.0
573,2021-10-11 07:17:31,90000.0,1100.0,1786700.0
574,2021-10-11 07:17:31,90000.0,400.0,1785600.0
575,2021-10-11 07:17:31,90000.0,100.0,1785200.0
576,2021-10-11 07:17:31,90000.0,300.0,1785100.0
577,2021-10-11 07:17:31,90000.0,1800.0,1784800.0
578,2021-10-11 07:17:31,90000.0,500.0,1783000.0
579,2021-10-11 07:17:31,90000.0,400.0,1782500.0
580,2021-10-11 07:17:31,90000.0,9600.0,1782100.0
581,2021-10-11 07:17:31,90000.0,1600.0,1772500.0
582,2021-10-11 07:17:31,90000.0,900.0,1770900.0
583,2021-10-11 07:17:31,90000.0,400.0,1770000.0
584,2021-10-11 07:17:31,90000.0,2200.0,1769600.0
585,2021-10-11 07:17:30,90000.0,900.0,1767400.0
586,2021-10-11 07:17:30,90000.0,1900.0,1766500.0
587,2021-10-11 07:17:30,90000.0,2700.0,1764600.0
588,2021-10-11 07:17:30,90000.0,4600.0,1761900.0
589,2021-10-11 07:17:30,90000.0,600.0,1757300.0
590,2021-10-11 07:17:29,90100.0,100.0,1756700.0
591,2021-10-11 07:17:27,90100.0,200.0,1756600.0
592,2021-10-11 07:17:26,90100.0,2400.0,1756400.0
593,2021-10-11 07:17:25,90100.0,2000.0,1754000.0
594,2021-10-11 07:17:25,90100.0,4300.0,1752000.0
595,2021-10-11 07:17:25,90100.0,300.0,1747700.0
596,2021-10-11 07:17:25,90100.0,600.0,1747400.0
597,2021-10-11 07:17:25,90100.0,300.0,1746800.0
598,2021-10-11 07:17:25,90100.0,6900.0,1746500.0
599,2021-10-11 07:17:25,90100.0,1100.0,1739600.0
600,2021-10-11 07:17:25,90100.0,1400.0,1738500.0
601,2021-10-11 07:17:25,90100.0,4400.0,1737100.0
602,2021-10-11 07:17:25,90100.0,500.0,1732700.0
603,2021-10-11 07:17:24,90100.0,200.0,1732200.0
604,2021-10-11 07:17:24,90100.0,500.0,1732000.0
605,2021-10-11 07:17:24,90100.0,1100.0,1731500.0
606,2021-10-11 07:17:24,90100.0,700.0,1730400.0
607,2021-10-11 07:17:24,90200.0,100.0,1729700.0
608,2021-10-11 07:17:22,90200.0,800.0,1729600.0
609,2021-10-11 07:17:20,90200.0,100.0,1728800.0
610,2021-10-11 07:17:19,90200.0,1300.0,1728700.0
611,2021-10-11 07:17:18,90200.0,1200.0,1727400.0
612,2021-10-11 07:17:18,90200.0,300.0,1726200.0
613,2021-10-11 07:17:18,90200.0,1500.0,1725900.0
614,2021-10-11 07:17:18,90200.0,3100.0,1724400.0
615,2021-10-11 07:17:18,90200.0,200.0,1721300.0
616,2021-10-11 07:17:18,90200.0,1200.0,1721100.0
617,2021-10-11 07:17:18,90200.0,400.0,1719900.0
618,2021-10-11 07:17:18,90200.0,1000.0,1719500.0
619,2021-10-11 07:17:18,90200.0,300.0,1718500.0
620,2021-10-11 07:17:18,90200.0,200.0,1718200.0
621,2021-10-11 07:17:18,90200.0,700.0,1718000.0
622,2021-10-11 07:17:18,90200.0,400.0,1717300.0
623,2021-10-11 07:17:18,90200.0,700.0,1716900.0
624,2021-10-11 07:17:18,90200.0,300.0,1716200.0
625,2021-10-11 07:17:17,90200.0,500.0,1715900.0
626,2021-10-11 07:17:17,90200.0,200.0,1715400.0
627,2021-10-11 07:17:17,90200.0,400.0,1715200.0
628,2021-10-11 07:17:17,90200.0,900.0,1714800.0
629,2021-10-11 07:17:11,90200.0,2900.0,1713900.0
630,2021-10-11 07:17:11,90200.0,9100.0,1711000.0
631,2021-10-11 07:17:11,90200.0,300.0,1701900.0
632,2021-10-11 07:17:11,90200.0,600.0,1701600.0
633,2021-10-11 07:17:11,90200.0,6900.0,1701000.0
634,2021-10-11 07:17:11,90200.0,300.0,1694100.0
635,2021-10-11 07:17:11,90200.0,4400.0,1693800.0
636,2021-10-11 07:17:11,90200.0,1100.0,1689400.0
637,2021-10-11 07:17:11,90200.0,500.0,1688300.0
638,2021-10-11 07:17:11,90200.0,1100.0,1687800.0
639,2021-10-11 07:17:11,90300.0,200.0,1686700.0
640,2021-10-11 07:17:11,90300.0,300.0,1686500.0
641,2021-10-11 07:17:11,90300.0,200.0,1686200.0
642,2021-10-11 07:17:11,90300.0,500.0,1686000.0
643,2021-10-11 07:17:11,90300.0,200.0,1685500.0
644,2021-10-11 07:17:11,90300.0,300.0,1685300.0
645,2021-10-11 07:17:11,90300.0,1100.0,1685000.0
646,2021-10-11 07:17:08,90400.0,900.0,1683900.0
647,2021-10-11 07:17:04,90300.0,3600.0,1683000.0
648,2021-10-11 07:17:04,90300.0,2000.0,1679400.0
649,2021-10-11 07:17:04,90300.0,400.0,1677400.0
650,2021-10-11 07:17:04,90300.0,100.0,1677000.0
651,2021-10-11 07:17:04,90300.0,300.0,1676900.0
652,2021-10-11 07:17:04,90300.0,200.0,1676600.0
653,2021-10-11 07:17:03,90300.0,500.0,1676400.0
654,2021-10-11 07:17:03,90300.0,100.0,1675900.0
655,2021-10-11 07:17:03,90300.0,300.0,1675800.0
656,2021-10-11 07:17:03,90300.0,3500.0,1675500.0
657,2021-10-11 07:17:03,90300.0,200.0,1672000.0
658,2021-10-11 07:17:03,90300.0,600.0,1671800.0
659,2021-10-11 07:17:03,90300.0,300.0,1671200.0
660,2021-10-11 07:17:03,90300.0,700.0,1670900.0
661,2021-10-11 07:17:03,90300.0,2200.0,1670200.0
662,2021-10-11 07:16:57,90400.0,400.0,1668000.0
663,2021-10-11 07:16:57,90400.0,100.0,1667600.0
664,2021-10-11 07:16:50,90300.0,3000.0,1667500.0
665,2021-10-11 07:16:50,90300.0,200.0,1664500.0
666,2021-10-11 07:16:50,90300.0,100.0,1664300.0
667,2021-10-11 07:16:50,90300.0,500.0,1664200.0
668,2021-10-11 07:16:50,90300.0,3000.0,1663700.0
669,2021-10-11 07:16:50,90300.0,100.0,1660700.0
670,2021-10-11 07:16:50,90300.0,100.0,1660600.0
671,2021-10-11 07:16:50,90300.0,700.0,1660500.0
672,2021-10-11 07:16:50,90300.0,100.0,1659800.0
673,2021-10-11 07:16:50,90300.0,100.0,1659700.0
674,2021-10-11 07:16:50,90300.0,300.0,1659600.0
675,2021-10-11 07:16:50,90300.0,5000.0,1659300.0
676,2021-10-11 07:16:50,90300.0,500.0,1654300.0
677,2021-10-11 07:16:50,90300.0,800.0,1653800.0
678,2021-10-11 07:16:50,90300.0,100.0,1653000.0
679,2021-10-11 07:16:50,90300.0,100.0,1652900.0
680,2021-10-11 07:16:50,90300.0,200.0,1652800.0
681,2021-10-11 07:16:50,90300.0,2000.0,1652600.0
682,2021-10-11 07:16:50,90300.0,1100.0,1650600.0
683,2021-10-11 07:16:50,90300.0,200.0,1649500.0
684,2021-10-11 07:16:50,90300.0,100.0,1649300.0
685,2021-10-11 07:16:50,90300.0,400.0,1649200.0
686,2021-10-11 07:16:50,90300.0,500.0,1648800.0
687,2021-10-11 07:16:50,90300.0,100.0,1648300.0
688,2021-10-11 07:16:50,90300.0,100.0,1648200.0
689,2021-10-11 07:16:50,90300.0,100.0,1648100.0
690,2021-10-11 07:16:50,90300.0,100.0,1648000.0
691,2021-10-11 07:16:50,90300.0,1000.0,1647900.0
692,2021-10-11 07:16:48,90200.0,100.0,1646900.0
693,2021-10-11 07:16:46,90200.0,500.0,1646800.0
694,2021-10-11 07:16:43,90200.0,100.0,1646300.0
695,2021-10-11 07:16:42,90200.0,100.0,1646200.0
696,2021-10-11 07:16:42,90200.0,2000.0,1646100.0
697,2021-10-11 07:16:42,90200.0,3000.0,1644100.0
698,2021-10-11 07:16:42,90200.0,100.0,1641100.0
699,2021-10-11 07:16:42,90200.0,200.0,1641000.0
700,2021-10-11 07:16:42,90200.0,100.0,1640800.0
701,2021-10-11 07:16:42,90200.0,2000.0,1640700.0
702,2021-10-11 07:16:42,90200.0,400.0,1638700.0
703,2021-10-11 07:16:42,90200.0,100.0,1638300.0
704,2021-10-11 07:16:42,90200.0,100.0,1638200.0
705,2021-10-11 07:16:42,90200.0,200.0,1638100.0
706,2021-10-11 07:16:42,90200.0,1500.0,1637900.0
707,2021-10-11 07:16:42,90200.0,10000.0,1636400.0
708,2021-10-11 07:16:42,90200.0,100.0,1626400.0
709,2021-10-11 07:16:42,90200.0,500.0,1626300.0
710,2021-10-11 07:16:42,90200.0,2000.0,1625800.0
711,2021-10-11 07:16:42,90200.0,5000.0,1623800.0
712,2021-10-11 07:16:42,90200.0,300.0,1618800.0
713,2021-10-11 07:16:42,90200.0,100.0,1618500.0
714,2021-10-11 07:16:42,90200.0,500.0,1618400.0
715,2021-10-11 07:16:42,90200.0,500.0,1617900.0
716,2021-10-11 07:16:42,90200.0,300.0,1617400.0
717,2021-10-11 07:16:42,90200.0,200.0,1617100.0
718,2021-10-11 07:16:42,90200.0,1000.0,1616900.0
719,2021-10-11 07:16:42,90200.0,200.0,1615900.0
720,2021-10-11 07:16:42,90200.0,100.0,1615700.0
721,2021-10-11 07:16:42,90200.0,100.0,1615600.0
722,2021-10-11 07:16:42,90200.0,1000.0,1615500.0
723,2021-10-11 07:16:42,90200.0,200.0,1614500.0
724,2021-10-11 07:16:42,90200.0,200.0,1614300.0
725,2021-10-11 07:16:42,90200.0,200.0,1614100.0
726,2021-10-11 07:16:42,90200.0,100.0,1613900.0
727,2021-10-11 07:16:42,90200.0,500.0,1613800.0
728,2021-10-11 07:16:42,90200.0,200.0,1613300.0
729,2021-10-11 07:16:42,90200.0,500.0,1613100.0
730,2021-10-11 07:16:42,90200.0,100.0,1612600.0
731,2021-10-11 07:16:42,90200.0,100.0,1612500.0
732,2021-10-11 07:16:42,90200.0,100.0,1612400.0
733,2021-10-11 07:16:42,90200.0,100.0,1612300.0
734,2021-10-11 07:16:42,90200.0,100.0,1612200.0
735,2021-10-11 07:16:42,90200.0,100.0,1612100.0
736,2021-10-11 07:16:42,90200.0,500.0,1612000.0
737,2021-10-11 07:16:42,90200.0,3000.0,1611500.0
738,2021-10-11 07:16:42,90200.0,100.0,1608500.0
739,2021-10-11 07:16:42,90200.0,100.0,1608400.0
740,2021-10-11 07:16:42,90200.0,100.0,1608300.0
741,2021-10-11 07:16:42,90200.0,500.0,1608200.0
742,2021-10-11 07:16:42,90200.0,1000.0,1607700.0
743,2021-10-11 07:16:42,90200.0,300.0,1606700.0
744,2021-10-11 07:16:42,90200.0,500.0,1606400.0
745,2021-10-11 07:16:42,90200.0,100.0,1605900.0
746,2021-10-11 07:16:42,90200.0,100.0,1605800.0
747,2021-10-11 07:16:42,90200.0,100.0,1605700.0
748,2021-10-11 07:16:42,90200.0,400.0,1605600.0
749,2021-10-11 07:16:42,90200.0,400.0,1605200.0
750,2021-10-11 07:16:42,90200.0,200.0,1604800.0
751,2021-10-11 07:16:42,90200.0,5000.0,1604600.0
752,2021-10-11 07:16:42,90200.0,300.0,1599600.0
753,2021-10-11 07:16:42,90200.0,100.0,1599300.0
754,2021-10-11 07:16:42,90200.0,100.0,1599200.0
755,2021-10-11 07:16:42,90200.0,2000.0,1599100.0
756,2021-10-11 07:16:42,90200.0,200.0,1597100.0
757,2021-10-11 07:16:42,90200.0,3500.0,1596900.0
758,2021-10-11 07:16:42,90200.0,100.0,1593400.0
759,2021-10-11 07:16:42,90200.0,1000.0,1593300.0
760,2021-10-11 07:16:42,90200.0,800.0,1592300.0
761,2021-10-11 07:16:42,90200.0,500.0,1591500.0
762,2021-10-11 07:16:42,90200.0,1400.0,1591000.0
763,2021-10-11 07:16:42,90200.0,3000.0,1589600.0
764,2021-10-11 07:16:42,90200.0,2000.0,1586600.0
765,2021-10-11 07:16:42,90200.0,2000.0,1584600.0
766,2021-10-11 07:16:42,90200.0,100.0,1582600.0
767,2021-10-11 07:16:42,90200.0,100.0,1582500.0
768,2021-10-11 07:16:42,90200.0,100.0,1582400.0
769,2021-10-11 07:16:42,90200.0,1000.0,1582300.0
770,2021-10-11 07:16:42,90200.0,1000.0,1581300.0
771,2021-10-11 07:16:42,90200.0,400.0,1580300.0
772,2021-10-11 07:16:42,90200.0,700.0,1579900.0
773,2021-10-11 07:16:42,90200.0,100.0,1579200.0
774,2021-10-11 07:16:42,90200.0,200.0,1579100.0
775,2021-10-11 07:16:42,90200.0,500.0,1578900.0
776,2021-10-11 07:16:42,90200.0,100.0,1578400.0
777,2021-10-11 07:16:42,90200.0,1000.0,1578300.0
778,2021-10-11 07:16:42,90200.0,200.0,1577300.0
779,2021-10-11 07:16:42,90200.0,100.0,1577100.0
780,2021-10-11 07:16:42,90200.0,300.0,1577000.0
781,2021-10-11 07:16:42,90200.0,1900.0,1576700.0
782,2021-10-11 07:16:42,90200.0,100.0,1574800.0
783,2021-10-11 07:16:42,90200.0,200.0,1574700.0
784,2021-10-11 07:16:42,90200.0,100.0,1574500.0
785,2021-10-11 07:16:42,90200.0,300.0,1574400.0
786,2021-10-11 07:16:42,90200.0,500.0,1574100.0
787,2021-10-11 07:16:42,90200.0,2400.0,1573600.0
788,2021-10-11 07:16:40,90200.0,200.0,1571200.0
789,2021-10-11 07:16:39,90200.0,2400.0,1571000.0
790,2021-10-11 07:16:39,90200.0,200.0,1568600.0
791,2021-10-11 07:16:39,90200.0,200.0,1568400.0
792,2021-10-11 07:16:38,90200.0,200.0,1568200.0
793,2021-10-11 07:16:38,90200.0,100.0,1568000.0
794,2021-10-11 07:16:38,90100.0,100.0,1567900.0
795,2021-10-11 07:16:38,90100.0,100.0,1567800.0
796,2021-10-11 07:16:38,90100.0,1000.0,1567700.0
797,2021-10-11 07:16:38,90100.0,300.0,1566700.0
798,2021-10-11 07:16:38,90100.0,500.0,1566400.0
799,2021-10-11 07:16:38,90100.0,100.0,1565900.0
800,2021-10-11 07:16:38,90100.0,500.0,1565800.0
801,2021-10-11 07:16:38,90100.0,300.0,1565300.0
802,2021-10-11 07:16:38,90100.0,2000.0,1565000.0
803,2021-10-11 07:16:38,90100.0,500.0,1563000.0
804,2021-10-11 07:16:38,90100.0,500.0,1562500.0
805,2021-10-11 07:16:38,90100.0,2000.0,1562000.0
806,2021-10-11 07:16:38,90100.0,200.0,1560000.0
807,2021-10-11 07:16:38,90100.0,300.0,1559800.0
808,2021-10-11 07:16:38,90100.0,100.0,1559500.0
809,2021-10-11 07:16:38,90100.0,600.0,1559400.0
810,2021-10-11 07:16:38,90100.0,1000.0,1558800.0
811,2021-10-11 07:16:38,90100.0,2000.0,1557800.0
812,2021-10-11 07:16:38,90100.0,1000.0,1555800.0
813,2021-10-11 07:16:38,90100.0,5000.0,1554800.0
814,2021-10-11 07:16:38,90100.0,500.0,1549800.0
815,2021-10-11 07:16:38,90100.0,200.0,1549300.0
816,2021-10-11 07:16:38,90100.0,100.0,1549100.0
817,2021-10-11 07:16:38,90100.0,500.0,1549000.0
818,2021-10-11 07:16:38,90100.0,100.0,1548500.0
819,2021-10-11 07:16:38,90100.0,200.0,1548400.0
820,2021-10-11 07:16:38,90100.0,100.0,1548200.0
821,2021-10-11 07:16:38,90100.0,300.0,1548100.0
822,2021-10-11 07:16:38,90100.0,800.0,1547800.0
823,2021-10-11 07:16:38,90100.0,5000.0,1547000.0
824,2021-10-11 07:16:38,90100.0,200.0,1542000.0
825,2021-10-11 07:16:38,90100.0,200.0,1541800.0
826,2021-10-11 07:16:38,90100.0,200.0,1541600.0
827,2021-10-11 07:16:38,90100.0,100.0,1541400.0
828,2021-10-11 07:16:38,90100.0,100.0,1541300.0
829,2021-10-11 07:16:38,90100.0,500.0,1541200.0
830,2021-10-11 07:16:38,90100.0,100.0,1540700.0
831,2021-10-11 07:16:38,90100.0,400.0,1540600.0
832,2021-10-11 07:16:38,90100.0,100.0,1540200.0
833,2021-10-11 07:16:35,90100.0,900.0,1540100.0
834,2021-10-11 07:16:34,90000.0,100.0,1539200.0
835,2021-10-11 07:16:31,90100.0,100.0,1539100.0
836,2021-10-11 07:16:31,90100.0,100.0,1539000.0
837,2021-10-11 07:16:31,90100.0,200.0,1538900.0
838,2021-10-11 07:16:31,90100.0,500.0,1538700.0
839,2021-10-11 07:16:30,90000.0,200.0,1538200.0
840,2021-10-11 07:16:30,90000.0,100.0,1538000.0
841,2021-10-11 07:16:30,90000.0,200.0,1537900.0
842,2021-10-11 07:16:30,90000.0,100.0,1537700.0
843,2021-10-11 07:16:30,90000.0,500.0,1537600.0
844,2021-10-11 07:16:30,90000.0,1000.0,1537100.0
845,2021-10-11 07:16:30,90000.0,100.0,1536100.0
846,2021-10-11 07:16:30,90000.0,100.0,1536000.0
847,2021-10-11 07:16:30,90000.0,1200.0,1535900.0
848,2021-10-11 07:16:30,90000.0,100.0,1534700.0
849,2021-10-11 07:16:30,90000.0,100.0,1534600.0
850,2021-10-11 07:16:30,90000.0,400.0,1534500.0
851,2021-10-11 07:16:30,90000.0,100.0,1534100.0
852,2021-10-11 07:16:30,90000.0,200.0,1534000.0
853,2021-10-11 07:16:30,90000.0,100.0,1533800.0
854,2021-10-11 07:16:30,90000.0,200.0,1533700.0
855,2021-10-11 07:16:30,90000.0,1000.0,1533500.0
856,2021-10-11 07:16:30,90000.0,100.0,1532500.0
857,2021-10-11 07:16:30,90000.0,100.0,1532400.0
858,2021-10-11 07:16:30,90000.0,300.0,1532300.0
859,2021-10-11 07:16:30,90000.0,100.0,1532000.0
860,2021-10-11 07:16:30,90000.0,300.0,1531900.0
861,2021-10-11 07:16:30,90000.0,300.0,1531600.0
862,2021-10-11 07:16:30,90000.0,200.0,1531300.0
863,2021-10-11 07:16:30,90000.0,500.0,1531100.0
864,2021-10-11 07:16:30,90000.0,1000.0,1530600.0
865,2021-10-11 07:16:30,90000.0,600.0,1529600.0
866,2021-10-11 07:16:30,90000.0,400.0,1529000.0
867,2021-10-11 07:16:30,90000.0,500.0,1528600.0
868,2021-10-11 07:16:30,90000.0,5000.0,1528100.0
869,2021-10-11 07:16:30,90000.0,400.0,1523100.0
870,2021-10-11 07:16:30,90000.0,2000.0,1522700.0
871,2021-10-11 07:16:30,90000.0,100.0,1520700.0
872,2021-10-11 07:16:30,90000.0,1000.0,1520600.0
873,2021-10-11 07:16:30,90000.0,300.0,1519600.0
874,2021-10-11 07:16:30,90000.0,2000.0,1519300.0
875,2021-10-11 07:16:30,90000.0,500.0,1517300.0
876,2021-10-11 07:16:30,90000.0,100.0,1516800.0
877,2021-10-11 07:16:30,90000.0,200.0,1516700.0
878,2021-10-11 07:16:30,90000.0,100.0,1516500.0
879,2021-10-11 07:16:30,90000.0,400.0,1516400.0
880,2021-10-11 07:16:30,90000.0,300.0,1516000.0
881,2021-10-11 07:16:30,90000.0,500.0,1515700.0
882,2021-10-11 07:16:30,90000.0,1000.0,1515200.0
883,2021-10-11 07:16:30,90000.0,700.0,1514200.0
884,2021-10-11 07:16:30,90000.0,100.0,1513500.0
885,2021-10-11 07:16:30,90000.0,100.0,1513400.0
886,2021-10-11 07:16:30,90000.0,100.0,1513300.0
887,2021-10-11 07:16:30,90000.0,1000.0,1513200.0
888,2021-10-11 07:16:30,90000.0,4000.0,1512200.0
889,2021-10-11 07:16:30,90000.0,200.0,1508200.0
890,2021-10-11 07:16:30,90000.0,1500.0,1508000.0
891,2021-10-11 07:16:30,90000.0,700.0,1506500.0
892,2021-10-11 07:16:30,90000.0,500.0,1505800.0
893,2021-10-11 07:16:30,90000.0,100.0,1505300.0
894,2021-10-11 07:16:30,90000.0,2000.0,1505200.0
895,2021-10-11 07:16:30,90000.0,500.0,1503200.0
896,2021-10-11 07:16:30,90000.0,400.0,1502700.0
897,2021-10-11 07:16:30,90000.0,200.0,1502300.0
898,2021-10-11 07:16:30,90000.0,5000.0,1502100.0
899,2021-10-11 07:16:30,90000.0,300.0,1497100.0
900,2021-10-11 07:16:30,90000.0,100.0,1496800.0
901,2021-10-11 07:16:30,90000.0,100.0,1496700.0
902,2021-10-11 07:16:30,90000.0,100.0,1496600.0
903,2021-10-11 07:16:30,90000.0,800.0,1496500.0
904,2021-10-11 07:16:30,90000.0,400.0,1495700.0
905,2021-10-11 07:16:30,90000.0,500.0,1495300.0
906,2021-10-11 07:16:30,90000.0,4000.0,1494800.0
907,2021-10-11 07:16:30,90000.0,1100.0,1490800.0
908,2021-10-11 07:16:30,90000.0,100.0,1489700.0
909,2021-10-11 07:16:30,90000.0,100.0,1489600.0
910,2021-10-11 07:16:30,90000.0,2000.0,1489500.0
911,2021-10-11 07:16:30,90000.0,1000.0,1487500.0
912,2021-10-11 07:16:30,90000.0,300.0,1486500.0
913,2021-10-11 07:16:30,90000.0,200.0,1486200.0
914,2021-10-11 07:16:30,90000.0,500.0,1486000.0
915,2021-10-11 07:16:30,90000.0,100.0,1485500.0
916,2021-10-11 07:16:30,90000.0,600.0,1485400.0
917,2021-10-11 07:16:30,90000.0,500.0,1484800.0
918,2021-10-11 07:16:30,90000.0,100.0,1484300.0
919,2021-10-11 07:16:30,90000.0,300.0,1484200.0
920,2021-10-11 07:16:30,90000.0,100.0,1483900.0
921,2021-10-11 07:16:30,90000.0,300.0,1483800.0
922,2021-10-11 07:16:30,90000.0,500.0,1483500.0
923,2021-10-11 07:16:30,90000.0,200.0,1483000.0
924,2021-10-11 07:16:30,90000.0,200.0,1482800.0
925,2021-10-11 07:16:30,90000.0,300.0,1482600.0
926,2021-10-11 07:16:30,90000.0,500.0,1482300.0
927,2021-10-11 07:16:30,90000.0,1000.0,1481800.0
928,2021-10-11 07:16:30,90000.0,100.0,1480800.0
929,2021-10-11 07:16:30,90000.0,100.0,1480700.0
930,2021-10-11 07:16:30,90000.0,2000.0,1480600.0
931,2021-10-11 07:16:30,90000.0,500.0,1478600.0
932,2021-10-11 07:16:30,90000.0,500.0,1478100.0
933,2021-10-11 07:16:30,90000.0,400.0,1477600.0
934,2021-10-11 07:16:30,90000.0,100.0,1477200.0
935,2021-10-11 07:16:30,90000.0,300.0,1477100.0
936,2021-10-11 07:16:30,90000.0,200.0,1476800.0
937,2021-10-11 07:16:30,90000.0,5000.0,1476600.0
938,2021-10-11 07:16:30,90000.0,100.0,1471600.0
939,2021-10-11 07:16:30,90000.0,200.0,1471500.0
940,2021-10-11 07:16:30,90000.0,100.0,1471300.0
941,2021-10-11 07:16:30,90000.0,100.0,1471200.0
942,2021-10-11 07:16:30,90000.0,200.0,1471100.0
943,2021-10-11 07:16:30,90000.0,3500.0,1470900.0
944,2021-10-11 07:16:30,90000.0,200.0,1467400.0
945,2021-10-11 07:16:30,90000.0,100.0,1467200.0
946,2021-10-11 07:16:30,90000.0,100.0,1467100.0
947,2021-10-11 07:16:30,90000.0,400.0,1467000.0
948,2021-10-11 07:16:30,90000.0,2400.0,1466600.0
949,2021-10-11 07:16:30,90000.0,300.0,1464200.0
950,2021-10-11 07:16:30,90000.0,16800.0,1463900.0
951,2021-10-11 07:16:30,90000.0,400.0,1447100.0
952,2021-10-11 07:16:30,90000.0,400.0,1446700.0
953,2021-10-11 07:16:30,90000.0,500.0,1446300.0
954,2021-10-11 07:16:30,90000.0,2000.0,1445800.0
955,2021-10-11 07:16:30,90000.0,100.0,1443800.0
956,2021-10-11 07:16:30,90000.0,100.0,1443700.0
957,2021-10-11 07:16:30,90000.0,100.0,1443600.0
958,2021-10-11 07:16:30,90000.0,100.0,1443500.0
959,2021-10-11 07:16:30,90000.0,500.0,1443400.0
960,2021-10-11 07:16:30,90000.0,1000.0,1442900.0
961,2021-10-11 07:16:30,90000.0,300.0,1441900.0
962,2021-10-11 07:16:27,90000.0,700.0,1441600.0
963,2021-10-11 07:16:27,90000.0,200.0,1440900.0
964,2021-10-11 07:16:19,89900.0,300.0,1440700.0
965,2021-10-11 07:16:19,89900.0,100.0,1440400.0
966,2021-10-11 07:16:19,89900.0,100.0,1440300.0
967,2021-10-11 07:16:19,89900.0,500.0,1440200.0
968,2021-10-11 07:16:17,90000.0,300.0,1439700.0
969,2021-10-11 07:16:17,90000.0,100.0,1439400.0
970,2021-10-11 07:16:17,90000.0,100.0,1439300.0
971,2021-10-11 07:16:17,90000.0,200.0,1439200.0
972,2021-10-11 07:16:17,90000.0,100.0,1439000.0
973,2021-10-11 07:16:15,90000.0,100.0,1438900.0
974,2021-10-11 07:16:14,90000.0,200.0,1438800.0
975,2021-10-11 07:16:14,90000.0,600.0,1438600.0
976,2021-10-11 07:16:14,90000.0,100.0,1438000.0
977,2021-10-11 07:16:14,90000.0,300.0,1437900.0
978,2021-10-11 07:16:14,90000.0,200.0,1437600.0
979,2021-10-11 07:16:14,90000.0,200.0,1437400.0
980,2021-10-11 07:16:14,90000.0,500.0,1437200.0
981,2021-10-11 07:16:13,90000.0,100.0,1436700.0
982,2021-10-11 07:16:13,90000.0,100.0,1436600.0
983,2021-10-11 07:16:13,90000.0,100.0,1436500.0
984,2021-10-11 07:16:13,90000.0,200.0,1436400.0
985,2021-10-11 07:16:12,90000.0,300.0,1436200.0
986,2021-10-11 07:16:12,90000.0,200.0,1435900.0
987,2021-10-11 07:16:12,90000.0,100.0,1435700.0
988,2021-10-11 07:16:12,90000.0,100.0,1435600.0
989,2021-10-11 07:16:12,90000.0,500.0,1435500.0
990,2021-10-11 07:16:11,90000.0,1300.0,1435000.0
991,2021-10-11 07:16:11,90000.0,100.0,1433700.0
992,2021-10-11 07:16:11,90000.0,800.0,1433600.0
993,2021-10-11 07:16:11,90000.0,500.0,1432800.0
994,2021-10-11 07:16:11,90000.0,100.0,1432300.0
995,2021-10-11 07:16:11,90000.0,1000.0,1432200.0
996,2021-10-11 07:16:11,90000.0,400.0,1431200.0
997,2021-10-11 07:16:11,90000.0,1000.0,1430800.0
998,2021-10-11 07:16:11,90000.0,800.0,1429800.0
999,2021-10-11 07:16:11,90000.0,100.0,1429000.0
1000,2021-10-11 07:16:11,90000.0,100.0,1428900.0
1001,2021-10-11 07:16:10,90000.0,100.0,1428800.0
1002,2021-10-11 07:16:10,90000.0,100.0,1428700.0
1003,2021-10-11 07:16:09,90000.0,100.0,1428600.0
1004,2021-10-11 07:16:09,90000.0,200.0,1428500.0
1005,2021-10-11 07:16:09,90000.0,600.0,1428300.0
1006,2021-10-11 07:16:09,90000.0,100.0,1427700.0
1007,2021-10-11 07:16:08,90000.0,600.0,1427600.0
1008,2021-10-11 07:16:08,90000.0,300.0,1427000.0
1009,2021-10-11 07:16:03,90000.0,200.0,1426700.0
1010,2021-10-11 07:16:03,90000.0,200.0,1426500.0
1011,2021-10-11 07:16:03,90000.0,500.0,1426300.0
1012,2021-10-11 07:15:58,89900.0,100.0,1425800.0
1013,2021-10-11 07:15:49,90000.0,300.0,1425700.0
1014,2021-10-11 07:15:47,90000.0,200.0,1425400.0
1015,2021-10-11 07:15:47,90000.0,100.0,1425200.0
1016,2021-10-11 07:15:47,90000.0,300.0,1425100.0
1017,2021-10-11 07:15:47,90000.0,300.0,1424800.0
1018,2021-10-11 07:15:44,90000.0,100.0,1424500.0
1019,2021-10-11 07:15:44,90000.0,100.0,1424400.0
1020,2021-10-11 07:15:43,90000.0,200.0,1424300.0
1021,2021-10-11 07:15:43,90000.0,200.0,1424100.0
1022,2021-10-11 07:15:43,90000.0,200.0,1423900.0
1023,2021-10-11 07:15:43,90000.0,100.0,1423700.0
1024,2021-10-11 07:15:43,90000.0,200.0,1423600.0
1025,2021-10-11 07:15:42,89900.0,100.0,1423400.0
1026,2021-10-11 07:15:42,90000.0,200.0,1423300.0
1027,2021-10-11 07:15:42,90000.0,100.0,1423100.0
1028,2021-10-11 07:15:42,90000.0,100.0,1423000.0
1029,2021-10-11 07:15:41,90000.0,1000.0,1422900.0
1030,2021-10-11 07:15:41,90000.0,500.0,1421900.0
1031,2021-10-11 07:15:41,90000.0,100.0,1421400.0
1032,2021-10-11 07:15:41,90000.0,100.0,1421300.0
1033,2021-10-11 07:15:41,90000.0,700.0,1421200.0
1034,2021-10-11 07:15:39,90000.0,900.0,1420500.0
1035,2021-10-11 07:15:38,90000.0,100.0,1419600.0
1036,2021-10-11 07:15:38,90000.0,100.0,1419500.0
1037,2021-10-11 07:15:37,90000.0,200.0,1419400.0
1038,2021-10-11 07:15:37,90000.0,400.0,1419200.0
1039,2021-10-11 07:15:37,90000.0,200.0,1418800.0
1040,2021-10-11 07:15:37,90000.0,400.0,1418600.0
1041,2021-10-11 07:15:35,90000.0,1600.0,1418200.0
1042,2021-10-11 07:15:35,90000.0,2000.0,1416600.0
1043,2021-10-11 07:15:35,90000.0,100.0,1414600.0
1044,2021-10-11 07:15:35,90000.0,300.0,1414500.0
1045,2021-10-11 07:15:35,90000.0,500.0,1414200.0
1046,2021-10-11 07:15:35,90000.0,200.0,1413700.0
1047,2021-10-11 07:15:35,90000.0,400.0,1413500.0
1048,2021-10-11 07:15:35,90000.0,900.0,1413100.0
1049,2021-10-11 07:15:25,90000.0,300.0,1412200.0
1050,2021-10-11 07:15:21,90000.0,800.0,1411900.0
1051,2021-10-11 07:15:21,90000.0,100.0,1411100.0
1052,2021-10-11 07:15:20,90000.0,200.0,1411000.0
1053,2021-10-11 07:15:20,90000.0,200.0,1410800.0
1054,2021-10-11 07:15:19,90000.0,100.0,1410600.0
1055,2021-10-11 07:15:18,90000.0,500.0,1410500.0
1056,2021-10-11 07:15:18,90000.0,100.0,1410000.0
1057,2021-10-11 07:15:18,90000.0,600.0,1409900.0
1058,2021-10-11 07:15:18,90000.0,600.0,1409300.0
1059,2021-10-11 07:15:18,90000.0,300.0,1408700.0
1060,2021-10-11 07:15:18,90000.0,200.0,1408400.0
1061,2021-10-11 07:15:18,90000.0,100.0,1408200.0
1062,2021-10-11 07:15:18,90000.0,100.0,1408100.0
1063,2021-10-11 07:15:18,90000.0,100.0,1408000.0
1064,2021-10-11 07:15:18,90000.0,100.0,1407900.0
1065,2021-10-11 07:15:17,90000.0,900.0,1407800.0
1066,2021-10-11 07:15:16,90000.0,200.0,1406900.0
1067,2021-10-11 07:15:16,90000.0,500.0,1406700.0
1068,2021-10-11 07:15:16,90000.0,700.0,1406200.0
1069,2021-10-11 07:15:15,90000.0,3800.0,1405500.0
1070,2021-10-11 07:15:15,90000.0,500.0,1401700.0
1071,2021-10-11 07:15:15,90000.0,200.0,1401200.0
1072,2021-10-11 07:15:15,89900.0,100.0,1401000.0
1073,2021-10-11 07:15:15,89900.0,100.0,1400900.0
1074,2021-10-11 07:15:15,89900.0,1000.0,1400800.0
1075,2021-10-11 07:15:15,89900.0,300.0,1399800.0
1076,2021-10-11 07:15:14,89900.0,1000.0,1399500.0
1077,2021-10-11 07:15:13,89900.0,100.0,1398500.0
1078,2021-10-11 07:15:13,89900.0,300.0,1398400.0
1079,2021-10-11 07:15:12,89900.0,900.0,1398100.0
1080,2021-10-11 07:15:11,89800.0,100.0,1397200.0
1081,2021-10-11 07:15:07,89900.0,100.0,1397100.0
1082,2021-10-11 07:15:07,89900.0,100.0,1397000.0
1083,2021-10-11 07:15:06,89900.0,1000.0,1396900.0
1084,2021-10-11 07:15:00,89900.0,200.0,1395900.0
1085,2021-10-11 07:14:59,89900.0,200.0,1395700.0
1086,2021-10-11 07:14:58,89900.0,2500.0,1395500.0
1087,2021-10-11 07:14:53,89900.0,300.0,1393000.0
1088,2021-10-11 07:14:53,89900.0,300.0,1392700.0
1089,2021-10-11 07:14:52,89900.0,3000.0,1392400.0
1090,2021-10-11 07:14:52,89900.0,200.0,1389400.0
1091,2021-10-11 07:14:51,89900.0,200.0,1389200.0
1092,2021-10-11 07:14:50,89900.0,100.0,1389000.0
1093,2021-10-11 07:14:50,89900.0,2300.0,1388900.0
1094,2021-10-11 07:14:50,89900.0,100.0,1386600.0
1095,2021-10-11 07:14:48,89900.0,600.0,1386500.0
1096,2021-10-11 07:14:48,89900.0,600.0,1385900.0
1097,2021-10-11 07:14:46,89900.0,6000.0,1385300.0
1098,2021-10-11 07:14:43,89900.0,100.0,1379300.0
1099,2021-10-11 07:14:43,89900.0,100.0,1379200.0
1100,2021-10-11 07:14:42,89900.0,100.0,1379100.0
1101,2021-10-11 07:14:42,89900.0,300.0,1379000.0
1102,2021-10-11 07:14:42,89900.0,200.0,1378700.0
1103,2021-10-11 07:14:42,89900.0,200.0,1378500.0
1104,2021-10-11 07:14:42,90000.0,300.0,1378300.0
1105,2021-10-11 07:14:41,90000.0,200.0,1378000.0
1106,2021-10-11 07:14:41,90000.0,1000.0,1377800.0
1107,2021-10-11 07:14:41,90000.0,100.0,1376800.0
1108,2021-10-11 07:14:41,89900.0,500.0,1376700.0
1109,2021-10-11 07:14:41,89900.0,600.0,1376200.0
1110,2021-10-11 07:14:41,89900.0,600.0,1375600.0
1111,2021-10-11 07:14:40,89900.0,500.0,1375000.0
1112,2021-10-11 07:14:40,89900.0,900.0,1374500.0
1113,2021-10-11 07:14:40,89900.0,100.0,1373600.0
1114,2021-10-11 07:14:40,89900.0,900.0,1373500.0
1115,2021-10-11 07:14:33,89900.0,100.0,1372600.0
1116,2021-10-11 07:14:33,89900.0,200.0,1372500.0
1117,2021-10-11 07:14:30,89900.0,100.0,1372300.0
1118,2021-10-11 07:14:30,89900.0,300.0,1372200.0
1119,2021-10-11 07:14:29,89900.0,600.0,1371900.0
1120,2021-10-11 07:14:29,89900.0,400.0,1371300.0
1121,2021-10-11 07:14:28,89900.0,2200.0,1370900.0
1122,2021-10-11 07:14:28,89900.0,500.0,1368700.0
1123,2021-10-11 07:14:28,89900.0,500.0,1368200.0
1124,2021-10-11 07:14:27,89900.0,3000.0,1367700.0
1125,2021-10-11 07:14:27,89900.0,5000.0,1364700.0
1126,2021-10-11 07:14:26,89900.0,100.0,1359700.0
1127,2021-10-11 07:14:26,89900.0,100.0,1359600.0
1128,2021-10-11 07:14:25,89900.0,600.0,1359500.0
1129,2021-10-11 07:14:25,89900.0,600.0,1358900.0
1130,2021-10-11 07:14:24,89900.0,6000.0,1358300.0
1131,2021-10-11 07:14:20,89900.0,200.0,1352300.0
1132,2021-10-11 07:14:20,89900.0,200.0,1352100.0
1133,2021-10-11 07:14:19,89900.0,2600.0,1351900.0
1134,2021-10-11 07:14:13,89900.0,200.0,1349300.0
1135,2021-10-11 07:14:12,89900.0,900.0,1349100.0
1136,2021-10-11 07:14:09,89900.0,600.0,1348200.0
1137,2021-10-11 07:14:07,89900.0,600.0,1347600.0
1138,2021-10-11 07:14:05,89900.0,200.0,1347000.0
1139,2021-10-11 07:14:04,89900.0,100.0,1346800.0
1140,2021-10-11 07:14:02,89900.0,600.0,1346700.0
1141,2021-10-11 07:14:02,89900.0,500.0,1346100.0
1142,2021-10-11 07:14:02,89900.0,600.0,1345600.0
1143,2021-10-11 07:14:01,89900.0,600.0,1345000.0
1144,2021-10-11 07:13:59,89900.0,1900.0,1344400.0
1145,2021-10-11 07:13:59,89900.0,200.0,1342500.0
1146,2021-10-11 07:13:59,89900.0,100.0,1342300.0
1147,2021-10-11 07:13:59,89900.0,300.0,1342200.0
1148,2021-10-11 07:13:59,89900.0,100.0,1341900.0
1149,2021-10-11 07:13:59,89900.0,200.0,1341800.0
1150,2021-10-11 07:13:59,89900.0,2000.0,1341600.0
1151,2021-10-11 07:13:59,89900.0,900.0,1339600.0
1152,2021-10-11 07:13:59,89900.0,300.0,1338700.0
1153,2021-10-11 07:13:59,89900.0,600.0,1338400.0
1154,2021-10-11 07:13:57,89900.0,900.0,1337800.0
1155,2021-10-11 07:13:54,89900.0,400.0,1336900.0
1156,2021-10-11 07:13:52,89900.0,100.0,1336500.0
1157,2021-10-11 07:13:51,89900.0,200.0,1336400.0
1158,2021-10-11 07:13:51,89900.0,100.0,1336200.0
1159,2021-10-11 07:13:50,89900.0,900.0,1336100.0
1160,2021-10-11 07:13:50,89900.0,300.0,1335200.0
1161,2021-10-11 07:13:50,89900.0,1000.0,1334900.0
1162,2021-10-11 07:13:50,89900.0,300.0,1333900.0
1163,2021-10-11 07:13:48,89900.0,3000.0,1333600.0
1164,2021-10-11 07:13:48,89900.0,100.0,1330600.0
1165,2021-10-11 07:13:48,89900.0,300.0,1330500.0
1166,2021-10-11 07:13:48,89900.0,100.0,1330200.0
1167,2021-10-11 07:13:45,89900.0,600.0,1330100.0
1168,2021-10-11 07:13:44,89900.0,600.0,1329500.0
1169,2021-10-11 07:13:44,89900.0,6000.0,1328900.0
1170,2021-10-11 07:13:39,89900.0,100.0,1322900.0
1171,2021-10-11 07:13:39,89900.0,100.0,1322800.0
1172,2021-10-11 07:13:38,89900.0,200.0,1322700.0
1173,2021-10-11 07:13:38,89900.0,800.0,1322500.0
1174,2021-10-11 07:13:35,89900.0,100.0,1321700.0
1175,2021-10-11 07:13:33,89900.0,600.0,1321600.0
1176,2021-10-11 07:13:29,89900.0,600.0,1321000.0
1177,2021-10-11 07:13:27,89900.0,800.0,1320400.0
1178,2021-10-11 07:13:26,89900.0,600.0,1319600.0
1179,2021-10-11 07:13:21,89900.0,200.0,1319000.0
1180,2021-10-11 07:13:21,89900.0,100.0,1318800.0
1181,2021-10-11 07:13:21,89900.0,100.0,1318700.0
1182,2021-10-11 07:13:20,89900.0,500.0,1318600.0
1183,2021-10-11 07:13:20,89900.0,100.0,1318100.0
1184,2021-10-11 07:13:20,89900.0,900.0,1318000.0
1185,2021-10-11 07:13:20,89900.0,100.0,1317100.0
1186,2021-10-11 07:13:20,89900.0,100.0,1317000.0
1187,2021-10-11 07:13:20,89900.0,500.0,1316900.0
1188,2021-10-11 07:13:20,89900.0,500.0,1316400.0
1189,2021-10-11 07:13:20,89900.0,100.0,1315900.0
1190,2021-10-11 07:13:18,89900.0,200.0,1315800.0
1191,2021-10-11 07:13:18,89900.0,200.0,1315600.0
1192,2021-10-11 07:13:18,89900.0,300.0,1315400.0
1193,2021-10-11 07:13:18,89900.0,1000.0,1315100.0
1194,2021-10-11 07:13:18,89900.0,100.0,1314100.0
1195,2021-10-11 07:13:18,89900.0,1000.0,1314000.0
1196,2021-10-11 07:13:18,89900.0,800.0,1313000.0
1197,2021-10-11 07:13:18,89900.0,1000.0,1312200.0
1198,2021-10-11 07:13:18,89900.0,100.0,1311200.0
1199,2021-10-11 07:13:18,89900.0,600.0,1311100.0
1200,2021-10-11 07:13:18,89900.0,100.0,1310500.0
1201,2021-10-11 07:13:18,89900.0,100.0,1310400.0
1202,2021-10-11 07:13:18,89900.0,100.0,1310300.0
1203,2021-10-11 07:13:18,89900.0,200.0,1310200.0
1204,2021-10-11 07:13:18,89900.0,200.0,1310000.0
1205,2021-10-11 07:13:14,89900.0,100.0,1309800.0
1206,2021-10-11 07:13:14,89900.0,300.0,1309700.0
1207,2021-10-11 07:13:11,89900.0,700.0,1309400.0
1208,2021-10-11 07:13:10,89900.0,300.0,1308700.0
1209,2021-10-11 07:13:10,89900.0,300.0,1308400.0
1210,2021-10-11 07:13:08,89900.0,3000.0,1308100.0
1211,2021-10-11 07:13:02,89900.0,300.0,1305100.0
1212,2021-10-11 07:13:00,89900.0,100.0,1304800.0
1213,2021-10-11 07:13:00,89900.0,100.0,1304700.0
1214,2021-10-11 07:12:59,89900.0,700.0,1304600.0
1215,2021-10-11 07:12:58,89900.0,100.0,1303900.0
1216,2021-10-11 07:12:58,89900.0,900.0,1303800.0
1217,2021-10-11 07:12:57,89900.0,600.0,1302900.0
1218,2021-10-11 07:12:57,89900.0,600.0,1302300.0
1219,2021-10-11 07:12:56,89900.0,6000.0,1301700.0
1220,2021-10-11 07:12:53,89900.0,900.0,1295700.0
1221,2021-10-11 07:12:50,89900.0,300.0,1294800.0
1222,2021-10-11 07:12:50,89900.0,300.0,1294500.0
1223,2021-10-11 07:12:49,89900.0,900.0,1294200.0
1224,2021-10-11 07:12:48,89900.0,3000.0,1293300.0
1225,2021-10-11 07:12:43,89900.0,100.0,1290300.0
1226,2021-10-11 07:12:43,89900.0,200.0,1290200.0
1227,2021-10-11 07:12:42,89900.0,300.0,1290000.0
1228,2021-10-11 07:12:42,89900.0,400.0,1289700.0
1229,2021-10-11 07:12:42,89900.0,100.0,1289300.0
1230,2021-10-11 07:12:42,89900.0,500.0,1289200.0
1231,2021-10-11 07:12:42,89900.0,500.0,1288700.0
1232,2021-10-11 07:12:42,89900.0,100.0,1288200.0
1233,2021-10-11 07:12:40,89900.0,200.0,1288100.0
1234,2021-10-11 07:12:40,89900.0,4000.0,1287900.0
1235,2021-10-11 07:12:40,89900.0,100.0,1283900.0
1236,2021-10-11 07:12:40,89900.0,200.0,1283800.0
1237,2021-10-11 07:12:40,89900.0,1500.0,1283600.0
1238,2021-10-11 07:12:34,89800.0,100.0,1282100.0
1239,2021-10-11 07:12:34,89800.0,2000.0,1282000.0
1240,2021-10-11 07:12:34,89800.0,100.0,1280000.0
1241,2021-10-11 07:12:34,89800.0,100.0,1279900.0
1242,2021-10-11 07:12:34,89800.0,100.0,1279800.0
1243,2021-10-11 07:12:34,89800.0,100.0,1279700.0
1244,2021-10-11 07:12:34,89800.0,100.0,1279600.0
1245,2021-10-11 07:12:34,89800.0,100.0,1279500.0
1246,2021-10-11 07:12:34,89800.0,100.0,1279400.0
1247,2021-10-11 07:12:34,89800.0,300.0,1279300.0
1248,2021-10-11 07:12:34,89800.0,400.0,1279000.0
1249,2021-10-11 07:12:34,89800.0,200.0,1278600.0
1250,2021-10-11 07:12:34,89800.0,300.0,1278400.0
1251,2021-10-11 07:12:34,89800.0,100.0,1278100.0
1252,2021-10-11 07:12:34,89800.0,100.0,1278000.0
1253,2021-10-11 07:12:34,89800.0,300.0,1277900.0
1254,2021-10-11 07:12:34,89800.0,300.0,1277600.0
1255,2021-10-11 07:12:34,89800.0,700.0,1277300.0
1256,2021-10-11 07:12:27,89900.0,200.0,1276600.0
1257,2021-10-11 07:12:27,89900.0,200.0,1276400.0
1258,2021-10-11 07:12:26,89900.0,100.0,1276200.0
1259,2021-10-11 07:12:26,89900.0,700.0,1276100.0
1260,2021-10-11 07:12:26,89900.0,600.0,1275400.0
1261,2021-10-11 07:12:25,89900.0,600.0,1274800.0
1262,2021-10-11 07:12:24,89900.0,6000.0,1274200.0
1263,2021-10-11 07:12:24,89900.0,200.0,1268200.0
1264,2021-10-11 07:12:23,89900.0,200.0,1268000.0
1265,2021-10-11 07:12:22,89900.0,2000.0,1267800.0
1266,2021-10-11 07:12:15,89900.0,700.0,1265800.0
1267,2021-10-11 07:12:10,89800.0,100.0,1265100.0
1268,2021-10-11 07:12:04,89900.0,100.0,1265000.0
1269,2021-10-11 07:12:02,89800.0,100.0,1264900.0
1270,2021-10-11 07:11:37,89800.0,100.0,1264800.0
1271,2021-10-11 07:11:14,89800.0,2000.0,1264700.0
1272,2021-10-11 07:10:03,89900.0,200.0,1262700.0
1273,2021-10-11 07:10:01,89800.0,100.0,1262500.0
1274,2021-10-11 07:09:49,89800.0,1000.0,1262400.0
1275,2021-10-11 07:09:46,89800.0,1000.0,1261400.0
1276,2021-10-11 07:09:39,89900.0,300.0,1260400.0
1277,2021-10-11 07:09:27,89900.0,300.0,1260100.0
1278,2021-10-11 07:09:25,89900.0,300.0,1259800.0
1279,2021-10-11 07:09:00,89900.0,400.0,1259500.0
1280,2021-10-11 07:08:55,89800.0,100.0,1259100.0
1281,2021-10-11 07:08:41,89800.0,1300.0,1259000.0
1282,2021-10-11 07:08:38,89900.0,400.0,1257700.0
1283,2021-10-11 07:08:32,89900.0,100.0,1257300.0
1284,2021-10-11 07:08:02,89800.0,100.0,1257200.0
1285,2021-10-11 07:07:48,89800.0,3400.0,1257100.0
1286,2021-10-11 07:07:42,89800.0,100.0,1253700.0
1287,2021-10-11 07:07:39,89800.0,200.0,1253600.0
1288,2021-10-11 07:07:39,89800.0,200.0,1253400.0
1289,2021-10-11 07:07:38,89800.0,1000.0,1253200.0
1290,2021-10-11 07:07:38,89800.0,1100.0,1252200.0
1291,2021-10-11 07:07:38,89800.0,100.0,1251100.0
1292,2021-10-11 07:07:38,89800.0,500.0,1251000.0
1293,2021-10-11 07:07:36,89800.0,500.0,1250500.0
1294,2021-10-11 07:07:36,89800.0,100.0,1250000.0
1295,2021-10-11 07:07:36,89800.0,1000.0,1249900.0
1296,2021-10-11 07:07:36,89800.0,500.0,1248900.0
1297,2021-10-11 07:07:36,89800.0,100.0,1248400.0
1298,2021-10-11 07:07:36,89800.0,100.0,1248300.0
1299,2021-10-11 07:07:36,89800.0,100.0,1248200.0
1300,2021-10-11 07:07:36,89800.0,1000.0,1248100.0
1301,2021-10-11 07:07:36,89800.0,1000.0,1247100.0
1302,2021-10-11 07:07:36,89800.0,100.0,1246100.0
1303,2021-10-11 07:07:36,89800.0,500.0,1246000.0
1304,2021-10-11 07:07:36,89800.0,100.0,1245500.0
1305,2021-10-11 07:07:36,89800.0,100.0,1245400.0
1306,2021-10-11 07:07:36,89800.0,1500.0,1245300.0
1307,2021-10-11 07:07:36,89800.0,1700.0,1243800.0
1308,2021-10-11 07:07:36,89800.0,200.0,1242100.0
1309,2021-10-11 07:07:36,89800.0,100.0,1241900.0
1310,2021-10-11 07:07:36,89800.0,300.0,1241800.0
1311,2021-10-11 07:07:36,89800.0,100.0,1241500.0
1312,2021-10-11 07:07:36,89800.0,100.0,1241400.0
1313,2021-10-11 07:07:36,89800.0,800.0,1241300.0
1314,2021-10-11 07:06:50,89900.0,100.0,1240500.0
1315,2021-10-11 07:06:47,89900.0,100.0,1240400.0
1316,2021-10-11 07:06:47,89900.0,100.0,1240300.0
1317,2021-10-11 07:06:46,89900.0,1000.0,1240200.0
1318,2021-10-11 07:06:04,89900.0,300.0,1239200.0
1319,2021-10-11 07:06:00,89900.0,200.0,1238900.0
1320,2021-10-11 07:05:59,89900.0,200.0,1238700.0
1321,2021-10-11 07:05:58,89900.0,2000.0,1238500.0
1322,2021-10-11 07:05:41,89900.0,100.0,1236500.0
1323,2021-10-11 07:05:14,89900.0,300.0,1236400.0
1324,2021-10-11 07:05:10,89800.0,200.0,1236100.0
1325,2021-10-11 07:05:10,89800.0,300.0,1235900.0
1326,2021-10-11 07:04:37,89800.0,500.0,1235600.0
1327,2021-10-11 07:03:58,89900.0,100.0,1235100.0
1328,2021-10-11 07:03:44,89900.0,100.0,1235000.0
1329,2021-10-11 07:03:29,89900.0,300.0,1234900.0
1330,2021-10-11 07:03:29,89800.0,100.0,1234600.0
1331,2021-10-11 07:03:27,89800.0,300.0,1234500.0
1332,2021-10-11 07:03:27,89800.0,300.0,1234200.0
1333,2021-10-11 07:03:26,89800.0,1700.0,1233900.0
1334,2021-10-11 07:03:25,89800.0,400.0,1232200.0
1335,2021-10-11 07:03:25,89800.0,1000.0,1231800.0
1336,2021-10-11 07:03:16,89800.0,100.0,1230800.0
1337,2021-10-11 07:03:15,89800.0,100.0,1230700.0
1338,2021-10-11 07:03:14,89800.0,1000.0,1230600.0
1339,2021-10-11 07:03:09,89900.0,100.0,1229600.0
1340,2021-10-11 07:03:09,89900.0,100.0,1229500.0
1341,2021-10-11 07:03:07,89900.0,1500.0,1229400.0
1342,2021-10-11 07:02:54,89900.0,300.0,1227900.0
1343,2021-10-11 07:02:54,89900.0,200.0,1227600.0
1344,2021-10-11 07:02:54,89900.0,100.0,1227400.0
1345,2021-10-11 07:02:44,89900.0,100.0,1227300.0
1346,2021-10-11 07:02:44,89900.0,700.0,1227200.0
1347,2021-10-11 07:02:34,89900.0,400.0,1226500.0
1348,2021-10-11 07:02:34,89900.0,400.0,1226100.0
1349,2021-10-11 07:02:27,89900.0,500.0,1225700.0
1350,2021-10-11 07:02:27,89900.0,100.0,1225200.0
1351,2021-10-11 07:02:27,89900.0,100.0,1225100.0
1352,2021-10-11 07:02:26,89900.0,600.0,1225000.0
1353,2021-10-11 07:02:26,89900.0,100.0,1224400.0
1354,2021-10-11 07:02:26,89900.0,500.0,1224300.0
1355,2021-10-11 07:02:25,89900.0,2400.0,1223800.0
1356,2021-10-11 07:02:25,89900.0,700.0,1221400.0
1357,2021-10-11 07:02:25,89900.0,2900.0,1220700.0
1358,2021-10-11 07:02:16,89900.0,800.0,1217800.0
1359,2021-10-11 07:02:11,89700.0,100.0,1217000.0
1360,2021-10-11 07:02:11,89900.0,400.0,1216900.0
1361,2021-10-11 07:02:06,89900.0,600.0,1216500.0
1362,2021-10-11 07:02:04,89900.0,200.0,1215900.0
1363,2021-10-11 07:02:00,89900.0,400.0,1215700.0
1364,2021-10-11 07:01:58,89900.0,100.0,1215300.0
1365,2021-10-11 07:01:58,89900.0,800.0,1215200.0
1366,2021-10-11 07:01:57,89900.0,700.0,1214400.0
1367,2021-10-11 07:01:57,89900.0,600.0,1213700.0
1368,2021-10-11 07:01:56,89900.0,6000.0,1213100.0
1369,2021-10-11 07:01:45,89900.0,300.0,1207100.0
1370,2021-10-11 07:01:45,89900.0,900.0,1206800.0
1371,2021-10-11 07:01:34,89900.0,100.0,1205900.0
1372,2021-10-11 07:01:34,89900.0,700.0,1205800.0
1373,2021-10-11 07:01:34,89900.0,100.0,1205100.0
1374,2021-10-11 07:01:33,89900.0,600.0,1205000.0
1375,2021-10-11 07:01:33,89900.0,600.0,1204400.0
1376,2021-10-11 07:01:32,89900.0,3200.0,1203800.0
1377,2021-10-11 07:01:32,89900.0,100.0,1200600.0
1378,2021-10-11 07:01:32,89900.0,600.0,1200500.0
1379,2021-10-11 07:01:32,89900.0,300.0,1199900.0
1380,2021-10-11 07:01:32,89900.0,1800.0,1199600.0
1381,2021-10-11 07:01:29,89900.0,100.0,1197800.0
1382,2021-10-11 07:01:29,89700.0,100.0,1197700.0
1383,2021-10-11 07:01:29,89900.0,100.0,1197600.0
1384,2021-10-11 07:01:28,89900.0,700.0,1197500.0
1385,2021-10-11 07:01:28,89900.0,700.0,1196800.0
1386,2021-10-11 07:01:26,89900.0,7000.0,1196100.0
1387,2021-10-11 07:01:26,89900.0,700.0,1189100.0
1388,2021-10-11 07:01:16,89900.0,100.0,1188400.0
1389,2021-10-11 07:01:15,89900.0,100.0,1188300.0
1390,2021-10-11 07:01:15,89900.0,600.0,1188200.0
1391,2021-10-11 07:01:14,89900.0,600.0,1187600.0
1392,2021-10-11 07:01:14,89900.0,600.0,1187000.0
1393,2021-10-11 07:01:14,89800.0,5400.0,1186400.0
1394,2021-10-11 07:01:10,89800.0,200.0,1181000.0
1395,2021-10-11 07:01:10,89800.0,200.0,1180800.0
1396,2021-10-11 07:01:09,89800.0,1100.0,1180600.0
1397,2021-10-11 07:01:09,89800.0,1200.0,1179500.0
1398,2021-10-11 07:01:08,89800.0,300.0,1178300.0
1399,2021-10-11 07:01:08,89800.0,500.0,1178000.0
1400,2021-10-11 07:01:08,89800.0,600.0,1177500.0
1401,2021-10-11 07:01:08,89800.0,100.0,1176900.0
1402,2021-10-11 07:01:08,89800.0,500.0,1176800.0
1403,2021-10-11 07:01:08,89800.0,2000.0,1176300.0
1404,2021-10-11 07:01:08,89800.0,1100.0,1174300.0
1405,2021-10-11 07:01:08,89800.0,200.0,1173200.0
1406,2021-10-11 07:01:08,89800.0,400.0,1173000.0
1407,2021-10-11 07:01:08,89800.0,300.0,1172600.0
1408,2021-10-11 07:01:08,89800.0,100.0,1172300.0
1409,2021-10-11 07:01:08,89800.0,700.0,1172200.0
1410,2021-10-11 07:01:08,89800.0,600.0,1171500.0
1411,2021-10-11 07:01:08,89800.0,200.0,1170900.0
1412,2021-10-11 07:01:08,89800.0,200.0,1170700.0
1413,2021-10-11 07:01:08,89800.0,2000.0,1170500.0
1414,2021-10-11 07:01:08,89800.0,1000.0,1168500.0
1415,2021-10-11 07:01:08,89800.0,200.0,1167500.0
1416,2021-10-11 07:01:08,89800.0,200.0,1167300.0
1417,2021-10-11 07:01:08,89800.0,700.0,1167100.0
1418,2021-10-11 07:00:42,89900.0,100.0,1166400.0
1419,2021-10-11 07:00:19,89900.0,100.0,1166300.0
1420,2021-10-11 07:00:16,89800.0,500.0,1166200.0
1421,2021-10-11 06:59:47,89900.0,200.0,1165700.0
1422,2021-10-11 06:59:45,89900.0,100.0,1165500.0
1423,2021-10-11 06:59:45,89900.0,100.0,1165400.0
1424,2021-10-11 06:59:44,89900.0,600.0,1165300.0
1425,2021-10-11 06:59:44,89900.0,600.0,1164700.0
1426,2021-10-11 06:59:42,89900.0,5100.0,1164100.0
1427,2021-10-11 06:59:42,89900.0,500.0,1159000.0
1428,2021-10-11 06:59:42,89900.0,400.0,1158500.0
1429,2021-10-11 06:59:21,89900.0,200.0,1158100.0
1430,2021-10-11 06:59:21,89900.0,200.0,1157900.0
1431,2021-10-11 06:59:20,89900.0,2400.0,1157700.0
1432,2021-10-11 06:59:08,89900.0,100.0,1155300.0
1433,2021-10-11 06:59:08,89900.0,100.0,1155200.0
1434,2021-10-11 06:59:07,89900.0,100.0,1155100.0
1435,2021-10-11 06:59:07,89900.0,100.0,1155000.0
1436,2021-10-11 06:59:07,89900.0,1800.0,1154900.0
1437,2021-10-11 06:59:06,89900.0,600.0,1153100.0
1438,2021-10-11 06:59:06,89900.0,600.0,1152500.0
1439,2021-10-11 06:59:04,89900.0,6000.0,1151900.0
1440,2021-10-11 06:59:00,89800.0,200.0,1145900.0
1441,2021-10-11 06:59:00,89900.0,300.0,1145700.0
1442,2021-10-11 06:58:59,89900.0,200.0,1145400.0
1443,2021-10-11 06:58:58,89900.0,2600.0,1145200.0
1444,2021-10-11 06:58:46,89900.0,100.0,1142600.0
1445,2021-10-11 06:58:45,89900.0,100.0,1142500.0
1446,2021-10-11 06:58:45,89900.0,600.0,1142400.0
1447,2021-10-11 06:58:44,89800.0,100.0,1141800.0
1448,2021-10-11 06:58:44,89800.0,200.0,1141700.0
1449,2021-10-11 06:58:44,89900.0,600.0,1141500.0
1450,2021-10-11 06:58:44,89900.0,2900.0,1140900.0
1451,2021-10-11 06:58:44,89900.0,300.0,1138000.0
1452,2021-10-11 06:58:44,89900.0,1000.0,1137700.0
1453,2021-10-11 06:58:44,89900.0,100.0,1136700.0
1454,2021-10-11 06:58:44,89900.0,200.0,1136600.0
1455,2021-10-11 06:58:44,89900.0,200.0,1136400.0
1456,2021-10-11 06:58:44,89900.0,500.0,1136200.0
1457,2021-10-11 06:58:44,89900.0,800.0,1135700.0
1458,2021-10-11 06:58:34,89800.0,300.0,1134900.0
1459,2021-10-11 06:58:34,89800.0,200.0,1134600.0
1460,2021-10-11 06:58:34,89800.0,100.0,1134400.0
1461,2021-10-11 06:58:34,89800.0,100.0,1134300.0
1462,2021-10-11 06:58:34,89800.0,100.0,1134200.0
1463,2021-10-11 06:58:34,89800.0,100.0,1134100.0
1464,2021-10-11 06:58:34,89800.0,100.0,1134000.0
1465,2021-10-11 06:58:34,89800.0,300.0,1133900.0
1466,2021-10-11 06:57:18,89800.0,2000.0,1133600.0
1467,2021-10-11 06:56:56,89800.0,2000.0,1131600.0
1468,2021-10-11 06:56:51,89900.0,100.0,1129600.0
1469,2021-10-11 06:56:45,89900.0,100.0,1129500.0
1470,2021-10-11 06:55:53,89800.0,100.0,1129400.0
1471,2021-10-11 06:55:44,89800.0,500.0,1129300.0
1472,2021-10-11 06:55:12,89800.0,100.0,1128800.0
1473,2021-10-11 06:54:56,89800.0,200.0,1128700.0
1474,2021-10-11 06:54:37,89800.0,600.0,1128500.0
1475,2021-10-11 06:54:37,89800.0,100.0,1127900.0
1476,2021-10-11 06:54:37,89800.0,100.0,1127800.0
1477,2021-10-11 06:54:37,89800.0,200.0,1127700.0
1478,2021-10-11 06:54:07,89800.0,400.0,1127500.0
1479,2021-10-11 06:54:07,89800.0,600.0,1127100.0
1480,2021-10-11 06:54:06,89800.0,100.0,1126500.0
1481,2021-10-11 06:54:06,89800.0,100.0,1126400.0
1482,2021-10-11 06:54:06,89800.0,100.0,1126300.0
1483,2021-10-11 06:54:06,89800.0,200.0,1126200.0
1484,2021-10-11 06:54:06,89800.0,500.0,1126000.0
1485,2021-10-11 06:54:06,89800.0,300.0,1125500.0
1486,2021-10-11 06:54:06,89800.0,300.0,1125200.0
1487,2021-10-11 06:54:06,89800.0,1300.0,1124900.0
1488,2021-10-11 06:54:06,89800.0,3100.0,1123600.0
1489,2021-10-11 06:53:33,89900.0,100.0,1120500.0
1490,2021-10-11 06:53:28,89900.0,100.0,1120400.0
1491,2021-10-11 06:53:28,89900.0,100.0,1120300.0
1492,2021-10-11 06:53:27,89900.0,1000.0,1120200.0
1493,2021-10-11 06:53:04,89900.0,500.0,1119200.0
1494,2021-10-11 06:53:03,89900.0,100.0,1118700.0
1495,2021-10-11 06:53:02,89900.0,300.0,1118600.0
1496,2021-10-11 06:53:01,89900.0,200.0,1118300.0
1497,2021-10-11 06:53:01,89900.0,600.0,1118100.0
1498,2021-10-11 06:53:01,89900.0,2000.0,1117500.0
1499,2021-10-11 06:53:01,89900.0,600.0,1115500.0
1500,2021-10-11 06:53:00,89900.0,400.0,1114900.0
1501,2021-10-11 06:53:00,89900.0,500.0,1114500.0
1502,2021-10-11 06:53:00,89900.0,100.0,1114000.0
1503,2021-10-11 06:53:00,89900.0,1000.0,1113900.0
1504,2021-10-11 06:53:00,89900.0,300.0,1112900.0
1505,2021-10-11 06:53:00,89900.0,2000.0,1112600.0
1506,2021-10-11 06:53:00,89900.0,1700.0,1110600.0
1507,2021-10-11 06:51:58,89800.0,2000.0,1108900.0
1508,2021-10-11 06:51:58,89800.0,1500.0,1106900.0
1509,2021-10-11 06:51:48,89800.0,500.0,1105400.0
1510,2021-10-11 06:51:47,89800.0,400.0,1104900.0
1511,2021-10-11 06:51:46,89800.0,100.0,1104500.0
1512,2021-10-11 06:51:46,89800.0,100.0,1104400.0
1513,2021-10-11 06:51:46,89800.0,100.0,1104300.0
1514,2021-10-11 06:51:46,89800.0,100.0,1104200.0
1515,2021-10-11 06:51:46,89800.0,100.0,1104100.0
1516,2021-10-11 06:51:46,89800.0,100.0,1104000.0
1517,2021-10-11 06:51:46,89800.0,100.0,1103900.0
1518,2021-10-11 06:51:46,89800.0,100.0,1103800.0
1519,2021-10-11 06:51:46,89800.0,200.0,1103700.0
1520,2021-10-11 06:51:46,89800.0,2000.0,1103500.0
1521,2021-10-11 06:51:46,89800.0,500.0,1101500.0
1522,2021-10-11 06:51:46,89800.0,100.0,1101000.0
1523,2021-10-11 06:51:46,89800.0,100.0,1100900.0
1524,2021-10-11 06:51:46,89800.0,100.0,1100800.0
1525,2021-10-11 06:51:46,89800.0,100.0,1100700.0
1526,2021-10-11 06:51:46,89800.0,100.0,1100600.0
1527,2021-10-11 06:51:46,89800.0,200.0,1100500.0
1528,2021-10-11 06:51:45,89900.0,300.0,1100300.0
1529,2021-10-11 06:51:45,89900.0,200.0,1100000.0
1530,2021-10-11 06:51:35,89800.0,200.0,1099800.0
1531,2021-10-11 06:51:35,89800.0,100.0,1099600.0
1532,2021-10-11 06:51:01,89900.0,100.0,1099500.0
1533,2021-10-11 06:50:48,89900.0,100.0,1099400.0
1534,2021-10-11 06:50:47,89900.0,100.0,1099300.0
1535,2021-10-11 06:50:47,89900.0,600.0,1099200.0
1536,2021-10-11 06:50:46,89900.0,600.0,1098600.0
1537,2021-10-11 06:50:45,89900.0,300.0,1098000.0
1538,2021-10-11 06:50:45,89900.0,400.0,1097700.0
1539,2021-10-11 06:50:45,89900.0,5000.0,1097300.0
1540,2021-10-11 06:50:45,89900.0,300.0,1092300.0
1541,2021-10-11 06:49:51,89900.0,300.0,1092000.0
1542,2021-10-11 06:49:49,89900.0,900.0,1091700.0
1543,2021-10-11 06:49:45,89900.0,900.0,1090800.0
1544,2021-10-11 06:49:42,89900.0,900.0,1089900.0
1545,2021-10-11 06:49:40,89800.0,2400.0,1089000.0
1546,2021-10-11 06:49:35,89800.0,100.0,1086600.0
1547,2021-10-11 06:49:35,89800.0,100.0,1086500.0
1548,2021-10-11 06:49:34,89800.0,100.0,1086400.0
1549,2021-10-11 06:49:34,89800.0,100.0,1086300.0
1550,2021-10-11 06:49:34,89800.0,200.0,1086200.0
1551,2021-10-11 06:49:34,89900.0,300.0,1086000.0
1552,2021-10-11 06:49:34,89900.0,100.0,1085700.0
1553,2021-10-11 06:49:34,89900.0,100.0,1085600.0
1554,2021-10-11 06:49:34,89900.0,500.0,1085500.0
1555,2021-10-11 06:49:32,89900.0,200.0,1085000.0
1556,2021-10-11 06:49:32,89900.0,200.0,1084800.0
1557,2021-10-11 06:49:31,89900.0,100.0,1084600.0
1558,2021-10-11 06:49:31,89900.0,900.0,1084500.0
1559,2021-10-11 06:49:31,89900.0,300.0,1083600.0
1560,2021-10-11 06:49:31,89900.0,300.0,1083300.0
1561,2021-10-11 06:49:31,89900.0,700.0,1083000.0
1562,2021-10-11 06:49:31,89900.0,300.0,1082300.0
1563,2021-10-11 06:49:29,89900.0,200.0,1082000.0
1564,2021-10-11 06:49:29,89900.0,100.0,1081800.0
1565,2021-10-11 06:49:26,89900.0,600.0,1081700.0
1566,2021-10-11 06:49:26,89900.0,300.0,1081100.0
1567,2021-10-11 06:49:24,89900.0,100.0,1080800.0
1568,2021-10-11 06:49:24,89900.0,100.0,1080700.0
1569,2021-10-11 06:49:23,89900.0,900.0,1080600.0
1570,2021-10-11 06:49:23,89900.0,300.0,1079700.0
1571,2021-10-11 06:49:22,89900.0,500.0,1079400.0
1572,2021-10-11 06:49:22,89900.0,200.0,1078900.0
1573,2021-10-11 06:49:22,89900.0,200.0,1078700.0
1574,2021-10-11 06:49:22,89900.0,500.0,1078500.0
1575,2021-10-11 06:49:21,89900.0,1900.0,1078000.0
1576,2021-10-11 06:49:20,89900.0,900.0,1076100.0
1577,2021-10-11 06:49:20,89900.0,5000.0,1075200.0
1578,2021-10-11 06:49:20,89900.0,200.0,1070200.0
1579,2021-10-11 06:49:19,89900.0,1000.0,1070000.0
1580,2021-10-11 06:49:19,89900.0,1100.0,1069000.0
1581,2021-10-11 06:49:18,89900.0,6800.0,1067900.0
1582,2021-10-11 06:49:18,89900.0,3200.0,1061100.0
1583,2021-10-11 06:49:10,89900.0,200.0,1057900.0
1584,2021-10-11 06:49:10,89900.0,200.0,1057700.0
1585,2021-10-11 06:49:09,89900.0,2400.0,1057500.0
1586,2021-10-11 06:49:06,89900.0,300.0,1055100.0
1587,2021-10-11 06:49:01,89900.0,900.0,1054800.0
1588,2021-10-11 06:48:59,89900.0,100.0,1053900.0
1589,2021-10-11 06:48:59,89900.0,100.0,1053800.0
1590,2021-10-11 06:48:58,89900.0,200.0,1053700.0
1591,2021-10-11 06:48:58,89900.0,900.0,1053500.0
1592,2021-10-11 06:48:58,89900.0,200.0,1052600.0
1593,2021-10-11 06:48:57,89900.0,2000.0,1052400.0
1594,2021-10-11 06:48:55,89900.0,200.0,1050400.0
1595,2021-10-11 06:48:55,89900.0,200.0,1050200.0
1596,2021-10-11 06:48:54,89900.0,1500.0,1050000.0
1597,2021-10-11 06:48:54,89900.0,900.0,1048500.0
1598,2021-10-11 06:48:51,89900.0,200.0,1047600.0
1599,2021-10-11 06:48:51,89900.0,200.0,1047400.0
1600,2021-10-11 06:48:50,89900.0,2000.0,1047200.0
1601,2021-10-11 06:48:42,89900.0,300.0,1045200.0
1602,2021-10-11 06:48:40,89900.0,500.0,1044900.0
1603,2021-10-11 06:48:40,89900.0,600.0,1044400.0
1604,2021-10-11 06:48:39,89900.0,900.0,1043800.0
1605,2021-10-11 06:48:39,89900.0,1800.0,1042900.0
1606,2021-10-11 06:48:39,89900.0,500.0,1041100.0
1607,2021-10-11 06:48:39,89900.0,2200.0,1040600.0
1608,2021-10-11 06:48:39,89800.0,500.0,1038400.0
1609,2021-10-11 06:48:38,89800.0,200.0,1037900.0
1610,2021-10-11 06:48:38,89800.0,200.0,1037700.0
1611,2021-10-11 06:48:37,89800.0,2000.0,1037500.0
1612,2021-10-11 06:48:35,89800.0,100.0,1035500.0
1613,2021-10-11 06:48:35,89800.0,800.0,1035400.0
1614,2021-10-11 06:48:32,89800.0,900.0,1034600.0
1615,2021-10-11 06:48:31,89800.0,100.0,1033700.0
1616,2021-10-11 06:48:31,89800.0,100.0,1033600.0
1617,2021-10-11 06:48:29,89800.0,1000.0,1033500.0
1618,2021-10-11 06:48:27,89800.0,300.0,1032500.0
1619,2021-10-11 06:48:25,89800.0,300.0,1032200.0
1620,2021-10-11 06:48:24,89800.0,400.0,1031900.0
1621,2021-10-11 06:48:24,89800.0,1200.0,1031500.0
1622,2021-10-11 06:48:24,89800.0,1000.0,1030300.0
1623,2021-10-11 06:48:24,89800.0,400.0,1029300.0
1624,2021-10-11 06:48:24,89800.0,100.0,1028900.0
1625,2021-10-11 06:48:24,89800.0,500.0,1028800.0
1626,2021-10-11 06:48:24,89800.0,600.0,1028300.0
1627,2021-10-11 06:48:23,89800.0,6000.0,1027700.0
1628,2021-10-11 06:48:12,89800.0,300.0,1021700.0
1629,2021-10-11 06:48:11,89800.0,900.0,1021400.0
1630,2021-10-11 06:48:09,89800.0,200.0,1020500.0
1631,2021-10-11 06:48:07,89800.0,400.0,1020300.0
1632,2021-10-11 06:48:07,89800.0,300.0,1019900.0
1633,2021-10-11 06:48:06,89800.0,3000.0,1019600.0
1634,2021-10-11 06:48:06,89800.0,900.0,1016600.0
1635,2021-10-11 06:48:05,89800.0,600.0,1015700.0
1636,2021-10-11 06:48:03,89800.0,900.0,1015100.0
1637,2021-10-11 06:47:58,89800.0,200.0,1014200.0
1638,2021-10-11 06:47:56,89700.0,500.0,1014000.0
1639,2021-10-11 06:47:56,89800.0,700.0,1013500.0
1640,2021-10-11 06:47:53,89800.0,100.0,1012800.0
1641,2021-10-11 06:47:53,89800.0,100.0,1012700.0
1642,2021-10-11 06:47:52,89800.0,1500.0,1012600.0
1643,2021-10-11 06:47:48,89800.0,600.0,1011100.0
1644,2021-10-11 06:47:43,89800.0,600.0,1010500.0
1645,2021-10-11 06:47:41,89800.0,600.0,1009900.0
1646,2021-10-11 06:47:39,89800.0,700.0,1009300.0
1647,2021-10-11 06:47:34,89800.0,300.0,1008600.0
1648,2021-10-11 06:47:34,89800.0,100.0,1008300.0
1649,2021-10-11 06:47:34,89800.0,200.0,1008200.0
1650,2021-10-11 06:47:29,89800.0,200.0,1008000.0
1651,2021-10-11 06:47:29,89800.0,400.0,1007800.0
1652,2021-10-11 06:47:24,89800.0,100.0,1007400.0
1653,2021-10-11 06:47:24,89800.0,500.0,1007300.0
1654,2021-10-11 06:47:24,89800.0,100.0,1006800.0
1655,2021-10-11 06:47:06,89800.0,400.0,1006700.0
1656,2021-10-11 06:47:06,89800.0,300.0,1006300.0
1657,2021-10-11 06:46:58,89800.0,100.0,1006000.0
1658,2021-10-11 06:46:58,89800.0,100.0,1005900.0
1659,2021-10-11 06:46:56,89800.0,500.0,1005800.0
1660,2021-10-11 06:46:56,89800.0,500.0,1005300.0
1661,2021-10-11 06:46:54,89800.0,100.0,1004800.0
1662,2021-10-11 06:46:54,89800.0,100.0,1004700.0
1663,2021-10-11 06:46:53,89800.0,1300.0,1004600.0
1664,2021-10-11 06:46:53,89800.0,100.0,1003300.0
1665,2021-10-11 06:46:53,89800.0,100.0,1003200.0
1666,2021-10-11 06:46:49,89800.0,200.0,1003100.0
1667,2021-10-11 06:46:49,89800.0,200.0,1002900.0
1668,2021-10-11 06:46:49,89800.0,100.0,1002700.0
1669,2021-10-11 06:46:45,89800.0,300.0,1002600.0
1670,2021-10-11 06:46:45,89800.0,300.0,1002300.0
1671,2021-10-11 06:46:44,89800.0,3000.0,1002000.0
1672,2021-10-11 06:46:33,89800.0,800.0,999000.0
1673,2021-10-11 06:46:32,89800.0,300.0,998200.0
1674,2021-10-11 06:46:32,89800.0,300.0,997900.0
1675,2021-10-11 06:46:31,89800.0,3000.0,997600.0
1676,2021-10-11 06:46:24,89800.0,100.0,994600.0
1677,2021-10-11 06:46:23,89800.0,100.0,994500.0
1678,2021-10-11 06:46:22,89800.0,1500.0,994400.0
1679,2021-10-11 06:46:20,89800.0,600.0,992900.0
1680,2021-10-11 06:46:03,89800.0,500.0,992300.0
1681,2021-10-11 06:45:41,89800.0,300.0,991800.0
1682,2021-10-11 06:45:40,89800.0,400.0,991500.0
1683,2021-10-11 06:45:40,89800.0,1800.0,991100.0
1684,2021-10-11 06:45:39,89800.0,2000.0,989300.0
1685,2021-10-11 06:45:38,89800.0,4700.0,987300.0
1686,2021-10-11 06:45:38,89800.0,7000.0,982600.0
1687,2021-10-11 06:45:38,89800.0,200.0,975600.0
1688,2021-10-11 06:45:38,89800.0,1000.0,975400.0
1689,2021-10-11 06:45:38,89800.0,200.0,974400.0
1690,2021-10-11 06:45:38,89800.0,100.0,974200.0
1691,2021-10-11 06:45:38,89800.0,300.0,974100.0
1692,2021-10-11 06:45:38,89800.0,200.0,973800.0
1693,2021-10-11 06:45:38,89800.0,1000.0,973600.0
1694,2021-10-11 06:45:38,89800.0,100.0,972600.0
1695,2021-10-11 06:45:38,89800.0,1000.0,972500.0
1696,2021-10-11 06:45:38,89800.0,2800.0,971500.0
1697,2021-10-11 06:45:20,89800.0,100.0,968700.0
1698,2021-10-11 06:45:20,89800.0,300.0,968600.0
1699,2021-10-11 06:45:19,89700.0,100.0,968300.0
1700,2021-10-11 06:45:19,89700.0,100.0,968200.0
1701,2021-10-11 06:45:19,89700.0,100.0,968100.0
1702,2021-10-11 06:45:19,89700.0,100.0,968000.0
1703,2021-10-11 06:45:19,89700.0,500.0,967900.0
1704,2021-10-11 06:45:19,89700.0,300.0,967400.0
1705,2021-10-11 06:45:19,89700.0,300.0,967100.0
1706,2021-10-11 06:45:18,89800.0,3000.0,966800.0
1707,2021-10-11 06:45:18,89700.0,300.0,963800.0
1708,2021-10-11 06:45:12,89700.0,400.0,963500.0
1709,2021-10-11 06:45:12,89700.0,500.0,963100.0
1710,2021-10-11 06:45:12,89700.0,1100.0,962600.0
1711,2021-10-11 06:44:09,89700.0,500.0,961500.0
1712,2021-10-11 06:44:01,89800.0,100.0,961000.0
1713,2021-10-11 06:44:00,89800.0,100.0,960900.0
1714,2021-10-11 06:44:00,89800.0,1000.0,960800.0
1715,2021-10-11 06:43:30,89800.0,100.0,959800.0
1716,2021-10-11 06:43:19,89800.0,300.0,959700.0
1717,2021-10-11 06:43:18,89800.0,200.0,959400.0
1718,2021-10-11 06:43:17,89800.0,2800.0,959200.0
1719,2021-10-11 06:43:15,89700.0,200.0,956400.0
1720,2021-10-11 06:42:51,89800.0,200.0,956200.0
1721,2021-10-11 06:42:48,89800.0,400.0,956000.0
1722,2021-10-11 06:42:44,89800.0,400.0,955600.0
1723,2021-10-11 06:42:41,89800.0,400.0,955200.0
1724,2021-10-11 06:42:38,89800.0,400.0,954800.0
1725,2021-10-11 06:42:34,89800.0,400.0,954400.0
1726,2021-10-11 06:42:32,89700.0,100.0,954000.0
1727,2021-10-11 06:42:30,89800.0,400.0,953900.0
1728,2021-10-11 06:42:26,89800.0,400.0,953500.0
1729,2021-10-11 06:42:10,89800.0,400.0,953100.0
1730,2021-10-11 06:42:06,89800.0,600.0,952700.0
1731,2021-10-11 06:42:02,89800.0,600.0,952100.0
1732,2021-10-11 06:41:57,89800.0,600.0,951500.0
1733,2021-10-11 06:41:53,89800.0,400.0,950900.0
1734,2021-10-11 06:41:49,89800.0,400.0,950500.0
1735,2021-10-11 06:41:34,89800.0,300.0,950100.0
1736,2021-10-11 06:41:30,89800.0,600.0,949800.0
1737,2021-10-11 06:41:26,89800.0,600.0,949200.0
1738,2021-10-11 06:41:23,89800.0,600.0,948600.0
1739,2021-10-11 06:41:19,89800.0,400.0,948000.0
1740,2021-10-11 06:41:15,89800.0,400.0,947600.0
1741,2021-10-11 06:41:11,89800.0,100.0,947200.0
1742,2021-10-11 06:41:01,89700.0,100.0,947100.0
1743,2021-10-11 06:40:58,89800.0,200.0,947000.0
1744,2021-10-11 06:40:58,89800.0,300.0,946800.0
1745,2021-10-11 06:40:58,89800.0,400.0,946500.0
1746,2021-10-11 06:40:21,89700.0,100.0,946100.0
1747,2021-10-11 06:40:12,89700.0,300.0,946000.0
1748,2021-10-11 06:39:45,89700.0,100.0,945700.0
1749,2021-10-11 06:38:54,89800.0,600.0,945600.0
1750,2021-10-11 06:38:54,89800.0,100.0,945000.0
1751,2021-10-11 06:38:36,89700.0,200.0,944900.0
1752,2021-10-11 06:38:36,89700.0,100.0,944700.0
1753,2021-10-11 06:38:36,89700.0,400.0,944600.0
1754,2021-10-11 06:38:36,89700.0,400.0,944200.0
1755,2021-10-11 06:38:36,89700.0,200.0,943800.0
1756,2021-10-11 06:38:20,89700.0,100.0,943600.0
1757,2021-10-11 06:37:50,89800.0,300.0,943500.0
1758,2021-10-11 06:37:25,89700.0,500.0,943200.0
1759,2021-10-11 06:37:25,89700.0,300.0,942700.0
1760,2021-10-11 06:37:25,89700.0,300.0,942400.0
1761,2021-10-11 06:37:25,89700.0,300.0,942100.0
1762,2021-10-11 06:37:25,89700.0,500.0,941800.0
1763,2021-10-11 06:37:25,89700.0,500.0,941300.0
1764,2021-10-11 06:37:25,89700.0,1000.0,940800.0
1765,2021-10-11 06:37:25,89700.0,1000.0,939800.0
1766,2021-10-11 06:37:25,89700.0,100.0,938800.0
1767,2021-10-11 06:37:25,89700.0,100.0,938700.0
1768,2021-10-11 06:37:25,89700.0,100.0,938600.0
1769,2021-10-11 06:37:25,89700.0,300.0,938500.0
1770,2021-10-11 06:37:04,89700.0,100.0,938200.0
1771,2021-10-11 06:36:03,89700.0,200.0,938100.0
1772,2021-10-11 06:36:03,89700.0,300.0,937900.0
1773,2021-10-11 06:35:39,89700.0,400.0,937600.0
1774,2021-10-11 06:35:30,89700.0,200.0,937200.0
1775,2021-10-11 06:35:23,89700.0,700.0,937000.0
1776,2021-10-11 06:35:01,89700.0,1100.0,936300.0
1777,2021-10-11 06:35:01,89700.0,500.0,935200.0
1778,2021-10-11 06:35:01,89700.0,2000.0,934700.0
1779,2021-10-11 06:35:01,89700.0,100.0,932700.0
1780,2021-10-11 06:35:01,89700.0,300.0,932600.0
1781,2021-10-11 06:35:01,89700.0,300.0,932300.0
1782,2021-10-11 06:34:55,89800.0,100.0,932000.0
1783,2021-10-11 06:34:44,89700.0,200.0,931900.0
1784,2021-10-11 06:34:31,89700.0,500.0,931700.0
1785,2021-10-11 06:34:07,89700.0,3000.0,931200.0
1786,2021-10-11 06:33:53,89800.0,100.0,928200.0
1787,2021-10-11 06:33:48,89800.0,400.0,928100.0
1788,2021-10-11 06:33:48,89800.0,200.0,927700.0
1789,2021-10-11 06:32:43,89800.0,800.0,927500.0
1790,2021-10-11 06:32:36,89700.0,300.0,926700.0
1791,2021-10-11 06:31:48,89800.0,100.0,926400.0
1792,2021-10-11 06:31:19,89800.0,500.0,926300.0
1793,2021-10-11 06:31:14,89700.0,100.0,925800.0
1794,2021-10-11 06:30:45,89800.0,500.0,925700.0
1795,2021-10-11 06:30:43,89800.0,100.0,925200.0
1796,2021-10-11 06:30:07,89800.0,100.0,925100.0
1797,2021-10-11 06:29:41,89800.0,100.0,925000.0
1798,2021-10-11 06:29:31,89700.0,5300.0,924900.0
1799,2021-10-11 06:29:10,89700.0,300.0,919600.0
1800,2021-10-11 06:29:10,89700.0,100.0,919300.0
1801,2021-10-11 06:29:10,89700.0,100.0,919200.0
1802,2021-10-11 06:28:38,89800.0,100.0,919100.0
1803,2021-10-11 06:28:27,89800.0,100.0,919000.0
1804,2021-10-11 06:28:20,89700.0,200.0,918900.0
1805,2021-10-11 06:28:20,89700.0,100.0,918700.0
1806,2021-10-11 06:28:20,89700.0,100.0,918600.0
1807,2021-10-11 06:28:17,89800.0,300.0,918500.0
1808,2021-10-11 06:28:13,89800.0,100.0,918200.0
1809,2021-10-11 06:28:10,89800.0,100.0,918100.0
1810,2021-10-11 06:28:08,89800.0,100.0,918000.0
1811,2021-10-11 06:28:05,89800.0,200.0,917900.0
1812,2021-10-11 06:28:04,89800.0,100.0,917700.0
1813,2021-10-11 06:28:03,89800.0,100.0,917600.0
1814,2021-10-11 06:28:02,89800.0,100.0,917500.0
1815,2021-10-11 06:28:02,89800.0,1300.0,917400.0
1816,2021-10-11 06:28:01,89800.0,100.0,916100.0
1817,2021-10-11 06:27:59,89800.0,100.0,916000.0
1818,2021-10-11 06:27:55,89800.0,100.0,915900.0
1819,2021-10-11 06:27:55,89700.0,100.0,915800.0
1820,2021-10-11 06:27:55,89700.0,400.0,915700.0
1821,2021-10-11 06:27:52,89800.0,100.0,915300.0
1822,2021-10-11 06:27:49,89800.0,100.0,915200.0
1823,2021-10-11 06:27:46,89800.0,100.0,915100.0
1824,2021-10-11 06:27:46,89800.0,100.0,915000.0
1825,2021-10-11 06:27:45,89800.0,100.0,914900.0
1826,2021-10-11 06:27:44,89800.0,300.0,914800.0
1827,2021-10-11 06:27:44,89800.0,1200.0,914500.0
1828,2021-10-11 06:27:42,89800.0,100.0,913300.0
1829,2021-10-11 06:27:39,89800.0,100.0,913200.0
1830,2021-10-11 06:27:36,89800.0,100.0,913100.0
1831,2021-10-11 06:27:33,89800.0,100.0,913000.0
1832,2021-10-11 06:27:30,89800.0,100.0,912900.0
1833,2021-10-11 06:27:30,89800.0,100.0,912800.0
1834,2021-10-11 06:27:26,89800.0,100.0,912700.0
1835,2021-10-11 06:27:23,89800.0,100.0,912600.0
1836,2021-10-11 06:27:19,89800.0,100.0,912500.0
1837,2021-10-11 06:27:16,89800.0,100.0,912400.0
1838,2021-10-11 06:27:11,89800.0,100.0,912300.0
1839,2021-10-11 06:27:00,89700.0,400.0,912200.0
1840,2021-10-11 06:27:00,89700.0,100.0,911800.0
1841,2021-10-11 06:26:25,89700.0,400.0,911700.0
1842,2021-10-11 06:26:25,89700.0,100.0,911300.0
1843,2021-10-11 06:26:25,89700.0,200.0,911200.0
1844,2021-10-11 06:25:22,89800.0,200.0,911000.0
1845,2021-10-11 06:25:22,89800.0,200.0,910800.0
1846,2021-10-11 06:25:22,89800.0,300.0,910600.0
1847,2021-10-11 06:25:14,89800.0,500.0,910300.0
1848,2021-10-11 06:25:14,89800.0,100.0,909800.0
1849,2021-10-11 06:24:59,89800.0,100.0,909700.0
1850,2021-10-11 06:24:59,89800.0,2000.0,909600.0
1851,2021-10-11 06:24:59,89800.0,100.0,907600.0
1852,2021-10-11 06:24:59,89800.0,100.0,907500.0
1853,2021-10-11 06:24:58,89800.0,100.0,907400.0
1854,2021-10-11 06:24:58,89800.0,500.0,907300.0
1855,2021-10-11 06:24:58,89800.0,400.0,906800.0
1856,2021-10-11 06:24:34,89800.0,300.0,906400.0
1857,2021-10-11 06:24:27,89800.0,300.0,906100.0
1858,2021-10-11 06:24:14,89700.0,100.0,905800.0
1859,2021-10-11 06:24:14,89700.0,300.0,905700.0
1860,2021-10-11 06:24:14,89700.0,200.0,905400.0
1861,2021-10-11 06:24:14,89700.0,100.0,905200.0
1862,2021-10-11 06:24:14,89700.0,100.0,905100.0
1863,2021-10-11 06:24:14,89700.0,300.0,905000.0
1864,2021-10-11 06:24:14,89700.0,400.0,904700.0
1865,2021-10-11 06:24:14,89700.0,5200.0,904300.0
1866,2021-10-11 06:23:49,89800.0,200.0,899100.0
1867,2021-10-11 06:22:43,89800.0,100.0,898900.0
1868,2021-10-11 06:22:41,89800.0,300.0,898800.0
1869,2021-10-11 06:22:41,89800.0,300.0,898500.0
1870,2021-10-11 06:22:40,89800.0,200.0,898200.0
1871,2021-10-11 06:22:40,89800.0,200.0,898000.0
1872,2021-10-11 06:22:40,89800.0,400.0,897800.0
1873,2021-10-11 06:22:40,89800.0,500.0,897400.0
1874,2021-10-11 06:22:40,89800.0,600.0,896900.0
1875,2021-10-11 06:22:40,89800.0,700.0,896300.0
1876,2021-10-11 06:22:40,89800.0,800.0,895600.0
1877,2021-10-11 06:22:36,89800.0,2000.0,894800.0
1878,2021-10-11 06:22:27,89800.0,200.0,892800.0
1879,2021-10-11 06:22:25,89800.0,100.0,892600.0
1880,2021-10-11 06:22:23,89800.0,300.0,892500.0
1881,2021-10-11 06:21:22,89800.0,200.0,892200.0
1882,2021-10-11 06:20:51,89800.0,800.0,892000.0
1883,2021-10-11 06:20:51,89800.0,5600.0,891200.0
1884,2021-10-11 06:20:47,89800.0,200.0,885600.0
1885,2021-10-11 06:20:47,89800.0,200.0,885400.0
1886,2021-10-11 06:20:45,89800.0,2400.0,885200.0
1887,2021-10-11 06:20:42,89800.0,100.0,882800.0
1888,2021-10-11 06:20:24,89800.0,100.0,882700.0
1889,2021-10-11 06:20:24,89800.0,100.0,882600.0
1890,2021-10-11 06:20:23,89800.0,900.0,882500.0
1891,2021-10-11 06:20:23,89800.0,400.0,881600.0
1892,2021-10-11 06:20:16,89800.0,600.0,881200.0
1893,2021-10-11 06:20:15,89800.0,400.0,880600.0
1894,2021-10-11 06:20:15,89800.0,500.0,880200.0
1895,2021-10-11 06:20:15,89800.0,300.0,879700.0
1896,2021-10-11 06:20:15,89800.0,100.0,879400.0
1897,2021-10-11 06:20:15,89800.0,100.0,879300.0
1898,2021-10-11 06:20:15,89800.0,800.0,879200.0
1899,2021-10-11 06:20:15,89800.0,1000.0,878400.0
1900,2021-10-11 06:20:15,89800.0,200.0,877400.0
1901,2021-10-11 06:20:15,89800.0,200.0,877200.0
1902,2021-10-11 06:20:15,89800.0,100.0,877000.0
1903,2021-10-11 06:20:15,89800.0,5700.0,876900.0
1904,2021-10-11 06:20:01,89800.0,4300.0,871200.0
1905,2021-10-11 06:20:01,89800.0,200.0,866900.0
1906,2021-10-11 06:20:01,89800.0,200.0,866700.0
1907,2021-10-11 06:20:01,89800.0,200.0,866500.0
1908,2021-10-11 06:20:01,89800.0,100.0,866300.0
1909,2021-10-11 06:19:54,89800.0,100.0,866200.0
1910,2021-10-11 06:19:45,89800.0,100.0,866100.0
1911,2021-10-11 06:19:37,89800.0,100.0,866000.0
1912,2021-10-11 06:19:37,89800.0,100.0,865900.0
1913,2021-10-11 06:19:33,89800.0,100.0,865800.0
1914,2021-10-11 06:19:18,89800.0,200.0,865700.0
1915,2021-10-11 06:19:18,89800.0,200.0,865500.0
1916,2021-10-11 06:19:18,89800.0,1100.0,865300.0
1917,2021-10-11 06:19:08,89800.0,600.0,864200.0
1918,2021-10-11 06:19:05,89800.0,7800.0,863600.0
1919,2021-10-11 06:19:05,89800.0,100.0,855800.0
1920,2021-10-11 06:19:05,89800.0,1200.0,855700.0
1921,2021-10-11 06:19:05,89800.0,500.0,854500.0
1922,2021-10-11 06:19:05,89800.0,400.0,854000.0
1923,2021-10-11 06:18:12,89900.0,200.0,853600.0
1924,2021-10-11 06:18:06,89900.0,100.0,853400.0
1925,2021-10-11 06:18:05,89900.0,100.0,853300.0
1926,2021-10-11 06:18:04,89900.0,1000.0,853200.0
1927,2021-10-11 06:17:40,89900.0,100.0,852200.0
1928,2021-10-11 06:17:40,89900.0,100.0,852100.0
1929,2021-10-11 06:17:39,89900.0,1000.0,852000.0
1930,2021-10-11 06:17:38,89800.0,600.0,851000.0
1931,2021-10-11 06:17:38,89800.0,300.0,850400.0
1932,2021-10-11 06:17:38,89900.0,1100.0,850100.0
1933,2021-10-11 06:17:36,89900.0,10000.0,849000.0
1934,2021-10-11 06:17:34,89800.0,300.0,839000.0
1935,2021-10-11 06:17:34,89800.0,600.0,838700.0
1936,2021-10-11 06:17:34,89800.0,500.0,838100.0
1937,2021-10-11 06:17:34,89800.0,500.0,837600.0
1938,2021-10-11 06:17:34,89800.0,100.0,837100.0
1939,2021-10-11 06:17:34,89800.0,100.0,837000.0
1940,2021-10-11 06:17:34,89800.0,100.0,836900.0
1941,2021-10-11 06:17:34,89800.0,100.0,836800.0
1942,2021-10-11 06:17:34,89800.0,100.0,836700.0
1943,2021-10-11 06:17:34,89800.0,100.0,836600.0
1944,2021-10-11 06:16:48,89900.0,200.0,836500.0
1945,2021-10-11 06:16:48,89900.0,200.0,836300.0
1946,2021-10-11 06:16:47,89900.0,1100.0,836100.0
1947,2021-10-11 06:16:47,89900.0,1200.0,835000.0
1948,2021-10-11 06:16:45,89900.0,500.0,833800.0
1949,2021-10-11 06:16:45,89900.0,10000.0,833300.0
1950,2021-10-11 06:16:45,89900.0,600.0,823300.0
1951,2021-10-11 06:16:45,89900.0,300.0,822700.0
1952,2021-10-11 06:16:18,89900.0,400.0,822400.0
1953,2021-10-11 06:16:17,89900.0,200.0,822000.0
1954,2021-10-11 06:16:17,89900.0,400.0,821800.0
1955,2021-10-11 06:16:17,89900.0,400.0,821400.0
1956,2021-10-11 06:16:17,89900.0,5600.0,821000.0
1957,2021-10-11 06:16:01,89900.0,400.0,815400.0
1958,2021-10-11 06:15:46,89900.0,900.0,815000.0
1959,2021-10-11 06:15:46,89900.0,3100.0,814100.0
1960,2021-10-11 06:15:43,89900.0,100.0,811000.0
1961,2021-10-11 06:15:42,89900.0,100.0,810900.0
1962,2021-10-11 06:15:42,89900.0,100.0,810800.0
1963,2021-10-11 06:15:42,89900.0,100.0,810700.0
1964,2021-10-11 06:15:42,89900.0,700.0,810600.0
1965,2021-10-11 06:15:42,89900.0,700.0,809900.0
1966,2021-10-11 06:15:42,89900.0,100.0,809200.0
1967,2021-10-11 06:15:39,89900.0,500.0,809100.0
1968,2021-10-11 06:15:29,89900.0,100.0,808600.0
1969,2021-10-11 06:15:28,89900.0,200.0,808500.0
1970,2021-10-11 06:15:16,89900.0,500.0,808300.0
1971,2021-10-11 06:15:04,89900.0,800.0,807800.0
1972,2021-10-11 06:15:01,89900.0,100.0,807000.0
1973,2021-10-11 06:14:56,89900.0,100.0,806900.0
1974,2021-10-11 06:14:54,89900.0,200.0,806800.0
1975,2021-10-11 06:14:29,89900.0,500.0,806600.0
1976,2021-10-11 06:14:29,89900.0,100.0,806100.0
1977,2021-10-11 06:14:29,89900.0,1000.0,806000.0
1978,2021-10-11 06:14:29,89900.0,5000.0,805000.0
1979,2021-10-11 06:14:29,89900.0,100.0,800000.0
1980,2021-10-11 06:14:29,89900.0,300.0,799900.0
1981,2021-10-11 06:13:32,89800.0,100.0,799600.0
1982,2021-10-11 06:13:32,89800.0,300.0,799500.0
1983,2021-10-11 06:13:32,89800.0,300.0,799200.0
1984,2021-10-11 06:13:32,89800.0,100.0,798900.0
1985,2021-10-11 06:13:32,89800.0,200.0,798800.0
1986,2021-10-11 06:13:32,89800.0,100.0,798600.0
1987,2021-10-11 06:13:32,89800.0,100.0,798500.0
1988,2021-10-11 06:13:27,89900.0,100.0,798400.0
1989,2021-10-11 06:13:26,89900.0,100.0,798300.0
1990,2021-10-11 06:13:25,89900.0,1500.0,798200.0
1991,2021-10-11 06:13:04,89900.0,300.0,796700.0
1992,2021-10-11 06:13:04,89900.0,300.0,796400.0
1993,2021-10-11 06:13:03,89900.0,1400.0,796100.0
1994,2021-10-11 06:13:03,89900.0,100.0,794700.0
1995,2021-10-11 06:13:03,89900.0,100.0,794600.0
1996,2021-10-11 06:13:03,89900.0,300.0,794500.0
1997,2021-10-11 06:13:03,89900.0,1600.0,794200.0
1998,2021-10-11 06:11:57,89900.0,100.0,792600.0
1999,2021-10-11 06:11:57,89900.0,100.0,792500.0
2000,2021-10-11 06:11:55,89900.0,200.0,792400.0
2001,2021-10-11 06:11:55,89900.0,800.0,792200.0
2002,2021-10-11 06:11:09,89900.0,100.0,791400.0
2003,2021-10-11 06:11:07,89900.0,100.0,791300.0
2004,2021-10-11 06:11:07,89900.0,100.0,791200.0
2005,2021-10-11 06:11:07,89900.0,100.0,791100.0
2006,2021-10-11 06:11:07,89900.0,200.0,791000.0
2007,2021-10-11 06:11:07,89900.0,200.0,790800.0
2008,2021-10-11 06:11:07,89900.0,400.0,790600.0
2009,2021-10-11 06:10:47,89900.0,200.0,790200.0
2010,2021-10-11 06:10:20,89900.0,600.0,790000.0
2011,2021-10-11 06:10:07,89900.0,100.0,789400.0
2012,2021-10-11 06:10:04,90000.0,100.0,789300.0
2013,2021-10-11 06:09:50,90000.0,100.0,789200.0
2014,2021-10-11 06:09:41,90000.0,100.0,789100.0
2015,2021-10-11 06:09:40,90000.0,100.0,789000.0
2016,2021-10-11 06:09:40,90000.0,500.0,788900.0
2017,2021-10-11 06:09:40,90000.0,500.0,788400.0
2018,2021-10-11 06:09:24,89900.0,100.0,787900.0
2019,2021-10-11 06:09:24,89900.0,2100.0,787800.0
2020,2021-10-11 06:08:56,89800.0,100.0,785700.0
2021,2021-10-11 06:08:56,89800.0,100.0,785600.0
2022,2021-10-11 06:08:56,89800.0,500.0,785500.0
2023,2021-10-11 06:08:56,89800.0,1300.0,785000.0
2024,2021-10-11 06:08:56,89900.0,100.0,783700.0
2025,2021-10-11 06:08:56,89900.0,100.0,783600.0
2026,2021-10-11 06:08:55,89900.0,100.0,783500.0
2027,2021-10-11 06:08:55,89900.0,1100.0,783400.0
2028,2021-10-11 06:08:54,89900.0,500.0,782300.0
2029,2021-10-11 06:08:54,89900.0,400.0,781800.0
2030,2021-10-11 06:08:53,89900.0,500.0,781400.0
2031,2021-10-11 06:08:53,89900.0,3000.0,780900.0
2032,2021-10-11 06:08:53,89900.0,100.0,777900.0
2033,2021-10-11 06:08:53,89900.0,200.0,777800.0
2034,2021-10-11 06:08:53,89900.0,200.0,777600.0
2035,2021-10-11 06:08:53,89900.0,100.0,777400.0
2036,2021-10-11 06:08:53,89900.0,500.0,777300.0
2037,2021-10-11 06:08:53,89900.0,300.0,776800.0
2038,2021-10-11 06:08:53,89900.0,200.0,776500.0
2039,2021-10-11 06:08:53,89900.0,200.0,776300.0
2040,2021-10-11 06:08:53,89900.0,4700.0,776100.0
2041,2021-10-11 06:08:42,89900.0,100.0,771400.0
2042,2021-10-11 06:08:22,89900.0,100.0,771300.0
2043,2021-10-11 06:08:18,89800.0,100.0,771200.0
2044,2021-10-11 06:08:17,89900.0,100.0,771100.0
2045,2021-10-11 06:08:17,89900.0,100.0,771000.0
2046,2021-10-11 06:08:17,89900.0,100.0,770900.0
2047,2021-10-11 06:08:13,89900.0,300.0,770800.0
2048,2021-10-11 06:08:07,89900.0,300.0,770500.0
2049,2021-10-11 06:08:02,89900.0,300.0,770200.0
2050,2021-10-11 06:07:57,89900.0,100.0,769900.0
2051,2021-10-11 06:07:57,89900.0,200.0,769800.0
2052,2021-10-11 06:07:49,89900.0,300.0,769600.0
2053,2021-10-11 06:07:49,89900.0,100.0,769300.0
2054,2021-10-11 06:07:49,89900.0,200.0,769200.0
2055,2021-10-11 06:07:49,89900.0,300.0,769000.0
2056,2021-10-11 06:07:48,89900.0,200.0,768700.0
2057,2021-10-11 06:07:48,89900.0,1000.0,768500.0
2058,2021-10-11 06:07:48,89900.0,100.0,767500.0
2059,2021-10-11 06:07:48,89900.0,200.0,767400.0
2060,2021-10-11 06:07:48,89900.0,1500.0,767200.0
