,Time,Price,Volume_per_trade,Volume
0,2021-09-30 14:45:01,9000.0,600.0,381800.0
1,2021-09-30 14:45:01,9000.0,100.0,381200.0
2,2021-09-30 14:45:01,9000.0,100.0,381100.0
3,2021-09-30 14:45:01,9000.0,2400.0,381000.0
4,2021-09-30 14:45:01,9000.0,1000.0,378600.0
5,2021-09-30 14:45:01,9000.0,500.0,377600.0
6,2021-09-30 14:45:01,9000.0,100.0,377100.0
7,2021-09-30 14:45:01,9000.0,1000.0,377000.0
8,2021-09-30 14:45:01,9000.0,1000.0,376000.0
9,2021-09-30 14:29:19,9000.0,1500.0,375000.0
10,2021-09-30 14:29:19,9000.0,500.0,373500.0
11,2021-09-30 14:25:46,8960.0,1200.0,373000.0
12,2021-09-30 14:25:46,8960.0,1000.0,371800.0
13,2021-09-30 14:25:46,8960.0,100.0,370800.0
14,2021-09-30 14:25:46,8960.0,100.0,370700.0
15,2021-09-30 14:25:46,8960.0,100.0,370600.0
16,2021-09-30 14:24:27,8960.0,500.0,370500.0
17,2021-09-30 14:21:27,8960.0,400.0,370000.0
18,2021-09-30 14:21:27,8960.0,2900.0,369600.0
19,2021-09-30 14:21:27,8970.0,300.0,366700.0
20,2021-09-30 14:21:27,8970.0,100.0,366400.0
21,2021-09-30 14:21:27,8990.0,1000.0,366300.0
22,2021-09-30 14:21:27,8990.0,1000.0,365300.0
23,2021-09-30 14:21:27,8990.0,2000.0,364300.0
24,2021-09-30 14:21:27,8990.0,200.0,362300.0
25,2021-09-30 14:21:27,9000.0,2000.0,362100.0
26,2021-09-30 14:21:27,9000.0,1000.0,360100.0
27,2021-09-30 14:21:27,9000.0,1000.0,359100.0
28,2021-09-30 14:21:27,9000.0,400.0,358100.0
29,2021-09-30 14:20:41,9000.0,400.0,357700.0
30,2021-09-30 14:18:05,9000.0,200.0,357300.0
31,2021-09-30 14:18:01,9000.0,4700.0,357100.0
32,2021-09-30 14:18:01,9000.0,1000.0,352400.0
33,2021-09-30 14:18:01,9000.0,100.0,351400.0
34,2021-09-30 14:15:36,9000.0,400.0,351300.0
35,2021-09-30 14:15:25,9000.0,5000.0,350900.0
36,2021-09-30 14:15:25,9000.0,4400.0,345900.0
37,2021-09-30 14:14:30,9000.0,4000.0,341500.0
38,2021-09-30 14:14:14,8990.0,600.0,337500.0
39,2021-09-30 14:14:14,8990.0,100.0,336900.0
40,2021-09-30 14:14:14,8990.0,200.0,336800.0
41,2021-09-30 14:13:47,9000.0,500.0,336600.0
42,2021-09-30 14:13:39,9000.0,1000.0,336100.0
43,2021-09-30 14:12:45,9000.0,5000.0,335100.0
44,2021-09-30 14:12:38,9000.0,1500.0,330100.0
45,2021-09-30 14:12:14,9000.0,3000.0,328600.0
46,2021-09-30 14:12:14,9000.0,4300.0,325600.0
47,2021-09-30 14:12:14,9000.0,500.0,321300.0
48,2021-09-30 14:12:14,9000.0,200.0,320800.0
49,2021-09-30 14:12:14,9000.0,600.0,320600.0
50,2021-09-30 14:12:14,9010.0,300.0,320000.0
51,2021-09-30 14:11:45,9010.0,4200.0,319700.0
52,2021-09-30 14:11:26,9050.0,200.0,315500.0
53,2021-09-30 14:11:26,9050.0,1800.0,315300.0
54,2021-09-30 14:10:51,9010.0,500.0,313500.0
55,2021-09-30 14:10:51,9010.0,4500.0,313000.0
56,2021-09-30 14:10:26,9010.0,500.0,308500.0
57,2021-09-30 14:10:18,9000.0,4400.0,308000.0
58,2021-09-30 14:10:18,9000.0,5000.0,303600.0
59,2021-09-30 14:10:18,9000.0,300.0,298600.0
60,2021-09-30 14:10:18,9000.0,900.0,298300.0
61,2021-09-30 14:09:20,9000.0,100.0,297400.0
62,2021-09-30 14:09:19,9000.0,2000.0,297300.0
63,2021-09-30 14:09:19,9000.0,100.0,295300.0
64,2021-09-30 14:09:19,9000.0,1000.0,295200.0
65,2021-09-30 14:09:19,9000.0,1000.0,294200.0
66,2021-09-30 14:09:19,9000.0,500.0,293200.0
67,2021-09-30 14:09:19,9000.0,2000.0,292700.0
68,2021-09-30 14:07:30,9000.0,100.0,290700.0
69,2021-09-30 14:04:58,9000.0,500.0,290600.0
70,2021-09-30 14:04:58,9000.0,1000.0,290100.0
71,2021-09-30 14:04:58,9000.0,100.0,289100.0
72,2021-09-30 14:04:58,9000.0,2200.0,289000.0
73,2021-09-30 14:04:58,9000.0,600.0,286800.0
74,2021-09-30 14:04:58,9000.0,100.0,286200.0
75,2021-09-30 14:04:58,9000.0,200.0,286100.0
76,2021-09-30 14:04:58,9000.0,2000.0,285900.0
77,2021-09-30 14:04:58,9000.0,1000.0,283900.0
78,2021-09-30 14:04:58,9000.0,300.0,282900.0
79,2021-09-30 14:04:58,9000.0,1100.0,282600.0
80,2021-09-30 14:04:04,9000.0,1900.0,281500.0
81,2021-09-30 14:04:04,9000.0,500.0,279600.0
82,2021-09-30 14:04:04,9000.0,500.0,279100.0
83,2021-09-30 14:04:04,9000.0,800.0,278600.0
84,2021-09-30 14:04:04,9000.0,2000.0,277800.0
85,2021-09-30 14:04:04,9000.0,500.0,275800.0
86,2021-09-30 14:04:04,9000.0,100.0,275300.0
87,2021-09-30 14:04:04,9000.0,500.0,275200.0
88,2021-09-30 14:04:04,9000.0,200.0,274700.0
89,2021-09-30 14:04:04,9000.0,100.0,274500.0
90,2021-09-30 14:04:04,9000.0,600.0,274400.0
91,2021-09-30 14:04:04,9000.0,200.0,273800.0
92,2021-09-30 14:04:04,9000.0,1000.0,273600.0
93,2021-09-30 14:04:04,9000.0,1300.0,272600.0
94,2021-09-30 14:04:04,9010.0,1000.0,271300.0
95,2021-09-30 14:04:04,9010.0,1000.0,270300.0
96,2021-09-30 14:04:04,9020.0,1000.0,269300.0
97,2021-09-30 14:04:04,9020.0,1000.0,268300.0
98,2021-09-30 14:04:04,9030.0,1000.0,267300.0
99,2021-09-30 14:04:04,9030.0,100.0,266300.0
100,2021-09-30 14:04:04,9030.0,1000.0,266200.0
101,2021-09-30 14:04:04,9030.0,1000.0,265200.0
102,2021-09-30 14:04:04,9030.0,100.0,264200.0
103,2021-09-30 14:04:04,9030.0,3000.0,264100.0
104,2021-09-30 14:04:04,9030.0,100.0,261100.0
105,2021-09-30 14:04:04,9030.0,1300.0,261000.0
106,2021-09-30 14:04:04,9040.0,100.0,259700.0
107,2021-09-30 14:04:04,9040.0,3100.0,259600.0
108,2021-09-30 14:01:19,9050.0,1000.0,256500.0
109,2021-09-30 13:59:14,9040.0,1900.0,255500.0
110,2021-09-30 13:56:29,9040.0,100.0,253600.0
111,2021-09-30 13:56:29,9040.0,200.0,253500.0
112,2021-09-30 13:56:29,9040.0,100.0,253300.0
113,2021-09-30 13:56:29,9040.0,100.0,253200.0
114,2021-09-30 13:56:29,9040.0,600.0,253100.0
115,2021-09-30 13:53:25,9040.0,1100.0,252500.0
116,2021-09-30 13:51:40,9040.0,3300.0,251400.0
117,2021-09-30 13:49:58,9030.0,700.0,248100.0
118,2021-09-30 13:49:12,9030.0,200.0,247400.0
119,2021-09-30 13:49:12,9030.0,100.0,247200.0
120,2021-09-30 13:47:51,9030.0,900.0,247100.0
121,2021-09-30 13:47:51,9030.0,100.0,246200.0
122,2021-09-30 13:47:51,9030.0,1000.0,246100.0
123,2021-09-30 13:47:40,9050.0,100.0,245100.0
124,2021-09-30 13:47:32,9050.0,100.0,245000.0
125,2021-09-30 13:47:22,9030.0,1000.0,244900.0
126,2021-09-30 13:47:22,9030.0,100.0,243900.0
127,2021-09-30 13:45:10,9050.0,100.0,243800.0
128,2021-09-30 13:42:25,9050.0,600.0,243700.0
129,2021-09-30 13:42:25,9050.0,500.0,243100.0
130,2021-09-30 13:42:25,9050.0,200.0,242600.0
131,2021-09-30 13:41:55,9060.0,100.0,242400.0
132,2021-09-30 13:41:19,9060.0,500.0,242300.0
133,2021-09-30 13:40:27,9080.0,1000.0,241800.0
134,2021-09-30 13:40:27,9080.0,400.0,240800.0
135,2021-09-30 13:40:27,9080.0,200.0,240400.0
136,2021-09-30 13:40:27,9080.0,600.0,240200.0
137,2021-09-30 13:38:03,9080.0,700.0,239600.0
138,2021-09-30 13:36:30,9080.0,1000.0,238900.0
139,2021-09-30 13:36:15,9070.0,100.0,237900.0
140,2021-09-30 13:36:15,9070.0,500.0,237800.0
141,2021-09-30 13:30:21,9070.0,100.0,237300.0
142,2021-09-30 13:19:59,9050.0,700.0,237200.0
143,2021-09-30 13:19:59,9050.0,500.0,236500.0
144,2021-09-30 13:19:33,9070.0,100.0,236000.0
145,2021-09-30 13:16:24,9070.0,400.0,235900.0
146,2021-09-30 13:15:07,9080.0,3500.0,235500.0
147,2021-09-30 13:12:44,9080.0,1200.0,232000.0
148,2021-09-30 13:12:44,9080.0,800.0,230800.0
149,2021-09-30 13:12:28,9080.0,4000.0,230000.0
150,2021-09-30 13:12:19,9080.0,500.0,226000.0
151,2021-09-30 13:11:57,9070.0,500.0,225500.0
152,2021-09-30 13:11:57,9070.0,100.0,225000.0
153,2021-09-30 13:11:01,9070.0,100.0,224900.0
154,2021-09-30 13:05:59,9050.0,400.0,224800.0
155,2021-09-30 13:05:50,9050.0,2800.0,224400.0
156,2021-09-30 13:05:50,9050.0,100.0,221600.0
157,2021-09-30 13:00:48,9020.0,200.0,221500.0
158,2021-09-30 13:00:21,9020.0,2800.0,221300.0
159,2021-09-30 13:00:21,9020.0,300.0,218500.0
160,2021-09-30 13:00:02,9020.0,100.0,218200.0
161,2021-09-30 11:28:50,9000.0,1000.0,218100.0
162,2021-09-30 11:28:42,9010.0,300.0,217100.0
163,2021-09-30 11:28:19,9010.0,100.0,216800.0
164,2021-09-30 11:27:14,9010.0,500.0,216700.0
165,2021-09-30 11:25:30,9020.0,1500.0,216200.0
166,2021-09-30 11:25:28,9000.0,200.0,214700.0
167,2021-09-30 11:25:28,9000.0,1000.0,214500.0
168,2021-09-30 11:25:28,9000.0,100.0,213500.0
169,2021-09-30 11:25:28,9000.0,1000.0,213400.0
170,2021-09-30 11:25:28,9000.0,3000.0,212400.0
171,2021-09-30 11:25:28,9000.0,100.0,209400.0
172,2021-09-30 11:25:28,9000.0,1000.0,209300.0
173,2021-09-30 11:25:28,9000.0,500.0,208300.0
174,2021-09-30 11:25:28,9000.0,2900.0,207800.0
175,2021-09-30 11:25:28,9000.0,100.0,204900.0
176,2021-09-30 11:25:28,9000.0,1000.0,204800.0
177,2021-09-30 11:25:28,9000.0,400.0,203800.0
178,2021-09-30 11:25:28,9010.0,1000.0,203400.0
179,2021-09-30 11:25:28,9010.0,400.0,202400.0
180,2021-09-30 11:25:28,9010.0,300.0,202000.0
181,2021-09-30 11:25:22,9020.0,100.0,201700.0
182,2021-09-30 11:24:30,9010.0,100.0,201600.0
183,2021-09-30 11:24:30,9010.0,300.0,201500.0
184,2021-09-30 11:24:30,9010.0,500.0,201200.0
185,2021-09-30 11:24:30,9010.0,100.0,200700.0
186,2021-09-30 11:21:59,9020.0,400.0,200600.0
187,2021-09-30 11:21:48,9020.0,700.0,200200.0
188,2021-09-30 11:17:39,9020.0,500.0,199500.0
189,2021-09-30 11:17:22,9020.0,300.0,199000.0
190,2021-09-30 11:17:22,9020.0,1000.0,198700.0
191,2021-09-30 11:17:22,9020.0,100.0,197700.0
192,2021-09-30 11:14:55,9050.0,500.0,197600.0
193,2021-09-30 11:11:49,9050.0,100.0,197100.0
194,2021-09-30 11:08:34,9010.0,900.0,197000.0
195,2021-09-30 11:08:34,9010.0,100.0,196100.0
196,2021-09-30 11:08:34,9010.0,3000.0,196000.0
197,2021-09-30 11:08:34,9010.0,800.0,193000.0
198,2021-09-30 11:08:34,9050.0,200.0,192200.0
199,2021-09-30 11:08:27,9050.0,2500.0,192000.0
200,2021-09-30 11:08:27,9050.0,200.0,189500.0
201,2021-09-30 11:08:27,9050.0,300.0,189300.0
202,2021-09-30 11:07:49,9050.0,300.0,189000.0
203,2021-09-30 11:03:57,9060.0,500.0,188700.0
204,2021-09-30 11:03:57,9060.0,500.0,188200.0
205,2021-09-30 10:58:04,9070.0,200.0,187700.0
206,2021-09-30 10:54:19,9070.0,500.0,187500.0
207,2021-09-30 10:54:14,9060.0,3000.0,187000.0
208,2021-09-30 10:52:46,9070.0,500.0,184000.0
209,2021-09-30 10:52:02,9070.0,100.0,183500.0
210,2021-09-30 10:46:31,9070.0,100.0,183400.0
211,2021-09-30 10:43:27,9010.0,1200.0,183300.0
212,2021-09-30 10:43:27,9010.0,1000.0,182100.0
213,2021-09-30 10:43:27,9010.0,1800.0,181100.0
214,2021-09-30 10:43:27,9020.0,200.0,179300.0
215,2021-09-30 10:43:27,9020.0,10000.0,179100.0
216,2021-09-30 10:43:27,9030.0,1000.0,169100.0
217,2021-09-30 10:43:27,9030.0,2000.0,168100.0
218,2021-09-30 10:43:27,9050.0,500.0,166100.0
219,2021-09-30 10:43:27,9050.0,1000.0,165600.0
220,2021-09-30 10:43:27,9060.0,400.0,164600.0
221,2021-09-30 10:43:27,9060.0,1000.0,164200.0
222,2021-09-30 10:43:27,9060.0,100.0,163200.0
223,2021-09-30 10:41:15,9070.0,400.0,163100.0
224,2021-09-30 10:40:44,9070.0,600.0,162700.0
225,2021-09-30 10:40:44,9070.0,200.0,162100.0
226,2021-09-30 10:40:07,9070.0,1800.0,161900.0
227,2021-09-30 10:40:07,9070.0,1000.0,160100.0
228,2021-09-30 10:40:07,9070.0,200.0,159100.0
229,2021-09-30 10:37:53,9080.0,1000.0,158900.0
230,2021-09-30 10:37:23,9080.0,500.0,157900.0
231,2021-09-30 10:35:43,9080.0,500.0,157400.0
232,2021-09-30 10:35:43,9080.0,300.0,156900.0
233,2021-09-30 10:35:43,9080.0,600.0,156600.0
234,2021-09-30 10:35:43,9080.0,1000.0,156000.0
235,2021-09-30 10:35:43,9080.0,800.0,155000.0
236,2021-09-30 10:35:40,9080.0,200.0,154200.0
237,2021-09-30 10:35:40,9080.0,900.0,154000.0
238,2021-09-30 10:29:10,9080.0,100.0,153100.0
239,2021-09-30 10:28:53,9080.0,4900.0,153000.0
240,2021-09-30 10:28:02,9080.0,100.0,148100.0
241,2021-09-30 10:22:58,9070.0,800.0,148000.0
242,2021-09-30 10:22:58,9070.0,200.0,147200.0
243,2021-09-30 10:22:57,9090.0,500.0,147000.0
244,2021-09-30 10:21:27,9080.0,500.0,146500.0
245,2021-09-30 10:20:07,9080.0,100.0,146000.0
246,2021-09-30 10:19:31,9080.0,500.0,145900.0
247,2021-09-30 10:19:31,9080.0,200.0,145400.0
248,2021-09-30 10:17:15,9080.0,300.0,145200.0
249,2021-09-30 10:17:15,9080.0,700.0,144900.0
250,2021-09-30 10:16:39,9080.0,2000.0,144200.0
251,2021-09-30 10:15:14,9100.0,100.0,142200.0
252,2021-09-30 10:15:14,9100.0,1000.0,142100.0
253,2021-09-30 10:15:14,9100.0,200.0,141100.0
254,2021-09-30 10:14:06,9110.0,200.0,140900.0
255,2021-09-30 10:14:06,9110.0,100.0,140700.0
256,2021-09-30 10:14:06,9110.0,100.0,140600.0
257,2021-09-30 10:13:55,9110.0,1000.0,140500.0
258,2021-09-30 10:08:16,9110.0,900.0,139500.0
259,2021-09-30 10:08:16,9110.0,100.0,138600.0
260,2021-09-30 10:07:49,9110.0,1000.0,138500.0
261,2021-09-30 10:06:06,9110.0,200.0,137500.0
262,2021-09-30 10:04:51,9110.0,700.0,137300.0
263,2021-09-30 10:04:51,9110.0,300.0,136600.0
264,2021-09-30 10:03:50,9120.0,600.0,136300.0
265,2021-09-30 10:03:33,9120.0,900.0,135700.0
266,2021-09-30 10:03:03,9120.0,100.0,134800.0
267,2021-09-30 10:02:53,9120.0,1000.0,134700.0
268,2021-09-30 10:02:53,9120.0,400.0,133700.0
269,2021-09-30 10:01:44,9120.0,2000.0,133300.0
270,2021-09-30 10:01:33,9120.0,5000.0,131300.0
271,2021-09-30 10:01:01,9120.0,500.0,126300.0
272,2021-09-30 10:00:57,9110.0,1000.0,125800.0
273,2021-09-30 10:00:42,9120.0,2100.0,124800.0
274,2021-09-30 10:00:42,9120.0,1400.0,122700.0
275,2021-09-30 09:58:42,9110.0,400.0,121300.0
276,2021-09-30 09:58:42,9110.0,600.0,120900.0
277,2021-09-30 09:58:02,9110.0,400.0,120300.0
278,2021-09-30 09:57:45,9110.0,1600.0,119900.0
279,2021-09-30 09:57:37,9110.0,1400.0,118300.0
280,2021-09-30 09:57:06,9110.0,1000.0,116900.0
281,2021-09-30 09:56:12,9100.0,100.0,115900.0
282,2021-09-30 09:56:11,9100.0,100.0,115800.0
283,2021-09-30 09:55:06,9100.0,900.0,115700.0
284,2021-09-30 09:54:05,9100.0,500.0,114800.0
285,2021-09-30 09:53:56,9100.0,1000.0,114300.0
286,2021-09-30 09:53:16,9100.0,1000.0,113300.0
287,2021-09-30 09:53:16,9100.0,600.0,112300.0
288,2021-09-30 09:53:13,9100.0,1400.0,111700.0
289,2021-09-30 09:53:13,9100.0,100.0,110300.0
290,2021-09-30 09:53:13,9100.0,1500.0,110200.0
291,2021-09-30 09:52:49,9120.0,600.0,108700.0
292,2021-09-30 09:51:16,9120.0,1900.0,108100.0
293,2021-09-30 09:50:45,9120.0,400.0,106200.0
294,2021-09-30 09:50:45,9120.0,100.0,105800.0
295,2021-09-30 09:50:12,9120.0,900.0,105700.0
296,2021-09-30 09:50:05,9120.0,100.0,104800.0
297,2021-09-30 09:49:27,9120.0,1000.0,104700.0
298,2021-09-30 09:48:58,9120.0,300.0,103700.0
299,2021-09-30 09:48:58,9120.0,400.0,103400.0
300,2021-09-30 09:48:42,9120.0,600.0,103000.0
301,2021-09-30 09:48:42,9120.0,700.0,102400.0
302,2021-09-30 09:48:42,9120.0,500.0,101700.0
303,2021-09-30 09:48:42,9110.0,100.0,101200.0
304,2021-09-30 09:48:33,9110.0,1900.0,101100.0
305,2021-09-30 09:48:33,9110.0,100.0,99200.0
306,2021-09-30 09:47:49,9100.0,1000.0,99100.0
307,2021-09-30 09:47:42,9090.0,100.0,98100.0
308,2021-09-30 09:47:25,9100.0,1000.0,98000.0
309,2021-09-30 09:47:25,9100.0,2000.0,97000.0
310,2021-09-30 09:47:25,9100.0,2000.0,95000.0
311,2021-09-30 09:47:25,9100.0,300.0,93000.0
312,2021-09-30 09:47:08,9100.0,900.0,92700.0
313,2021-09-30 09:47:08,9100.0,1000.0,91800.0
314,2021-09-30 09:47:08,9100.0,3100.0,90800.0
315,2021-09-30 09:46:30,9100.0,1100.0,87700.0
316,2021-09-30 09:44:57,9090.0,2000.0,86600.0
317,2021-09-30 09:44:57,9090.0,1000.0,84600.0
318,2021-09-30 09:44:40,9090.0,1000.0,83600.0
319,2021-09-30 09:44:06,9080.0,1000.0,82600.0
320,2021-09-30 09:44:06,9080.0,1300.0,81600.0
321,2021-09-30 09:43:48,9080.0,700.0,80300.0
322,2021-09-30 09:43:42,9080.0,1000.0,79600.0
323,2021-09-30 09:41:37,9070.0,800.0,78600.0
324,2021-09-30 09:41:30,9070.0,200.0,77800.0
325,2021-09-30 09:41:30,9070.0,400.0,77600.0
326,2021-09-30 09:41:25,9070.0,2000.0,77200.0
327,2021-09-30 09:37:23,9060.0,100.0,75200.0
328,2021-09-30 09:37:01,9050.0,100.0,75100.0
329,2021-09-30 09:37:01,9050.0,1800.0,75000.0
330,2021-09-30 09:36:48,9000.0,600.0,73200.0
331,2021-09-30 09:36:48,9000.0,400.0,72600.0
332,2021-09-30 09:36:04,9010.0,500.0,72200.0
333,2021-09-30 09:35:26,9020.0,1000.0,71700.0
334,2021-09-30 09:32:56,9020.0,100.0,70700.0
335,2021-09-30 09:32:49,9020.0,400.0,70600.0
336,2021-09-30 09:32:40,9020.0,600.0,70200.0
337,2021-09-30 09:32:34,9020.0,20000.0,69600.0
338,2021-09-30 09:32:34,9030.0,2000.0,49600.0
339,2021-09-30 09:31:33,9050.0,1900.0,47600.0
340,2021-09-30 09:30:09,9050.0,1500.0,45700.0
341,2021-09-30 09:28:33,9050.0,1000.0,44200.0
342,2021-09-30 09:28:33,9050.0,500.0,43200.0
343,2021-09-30 09:28:33,9060.0,1000.0,42700.0
344,2021-09-30 09:28:33,9060.0,300.0,41700.0
345,2021-09-30 09:28:33,9060.0,2000.0,41400.0
346,2021-09-30 09:28:11,9100.0,800.0,39400.0
347,2021-09-30 09:28:09,9100.0,200.0,38600.0
348,2021-09-30 09:28:09,9100.0,800.0,38400.0
349,2021-09-30 09:28:09,9100.0,2000.0,37600.0
350,2021-09-30 09:26:42,9100.0,200.0,35600.0
351,2021-09-30 09:26:42,9100.0,1000.0,35400.0
352,2021-09-30 09:26:42,9100.0,6800.0,34400.0
353,2021-09-30 09:26:06,9100.0,600.0,27600.0
354,2021-09-30 09:25:55,9100.0,500.0,27000.0
355,2021-09-30 09:24:39,9100.0,500.0,26500.0
356,2021-09-30 09:24:05,9100.0,1400.0,26000.0
357,2021-09-30 09:24:05,9100.0,9600.0,24600.0
358,2021-09-30 09:24:05,9100.0,400.0,15000.0
359,2021-09-30 09:23:59,9100.0,1000.0,14600.0
360,2021-09-30 09:23:07,9120.0,600.0,13600.0
361,2021-09-30 09:22:57,9120.0,400.0,13000.0
362,2021-09-30 09:22:53,9120.0,2000.0,12600.0
363,2021-09-30 09:22:51,9110.0,1000.0,10600.0
364,2021-09-30 09:22:51,9110.0,100.0,9600.0
365,2021-09-30 09:22:39,9120.0,400.0,9500.0
366,2021-09-30 09:22:33,9120.0,300.0,9100.0
367,2021-09-30 09:22:23,9120.0,300.0,8800.0
368,2021-09-30 09:22:18,9120.0,100.0,8500.0
369,2021-09-30 09:22:12,9120.0,600.0,8400.0
370,2021-09-30 09:21:40,9140.0,900.0,7800.0
371,2021-09-30 09:21:40,9140.0,100.0,6900.0
372,2021-09-30 09:21:40,9130.0,1000.0,6800.0
373,2021-09-30 09:21:25,9130.0,100.0,5800.0
374,2021-09-30 09:21:10,9110.0,1000.0,5700.0
375,2021-09-30 09:19:36,9100.0,100.0,4700.0
376,2021-09-30 09:19:31,9090.0,1000.0,4600.0
377,2021-09-30 09:19:07,9090.0,400.0,3600.0
378,2021-09-30 09:19:05,9090.0,100.0,3200.0
379,2021-09-30 09:18:00,9090.0,1600.0,3100.0
380,2021-09-30 09:18:00,9090.0,400.0,1500.0
381,2021-09-30 09:17:29,9090.0,100.0,1100.0
382,2021-09-30 09:17:05,9000.0,100.0,1000.0
383,2021-09-30 09:17:05,9000.0,900.0,900.0
