,Time,Price,Volume_per_trade,Volume
0,2021-09-30 14:45:00,32200.0,200.0,905700.0
1,2021-09-30 14:45:00,32200.0,300.0,905500.0
2,2021-09-30 14:45:00,32200.0,5800.0,905200.0
3,2021-09-30 14:45:00,32200.0,100.0,899400.0
4,2021-09-30 14:45:00,32200.0,900.0,899300.0
5,2021-09-30 14:45:00,32200.0,1800.0,898400.0
6,2021-09-30 14:45:00,32200.0,100.0,896600.0
7,2021-09-30 14:45:00,32200.0,1000.0,896500.0
8,2021-09-30 14:45:00,32200.0,100.0,895500.0
9,2021-09-30 14:45:00,32200.0,300.0,895400.0
10,2021-09-30 14:45:00,32200.0,1000.0,895100.0
11,2021-09-30 14:45:00,32200.0,1100.0,894100.0
12,2021-09-30 14:45:00,32200.0,100.0,893000.0
13,2021-09-30 14:45:00,32200.0,1300.0,892900.0
14,2021-09-30 14:45:00,32200.0,200.0,891600.0
15,2021-09-30 14:45:00,32200.0,900.0,891400.0
16,2021-09-30 14:45:00,32200.0,2000.0,890500.0
17,2021-09-30 14:45:00,32200.0,600.0,888500.0
18,2021-09-30 14:45:00,32200.0,100.0,887900.0
19,2021-09-30 14:45:00,32200.0,800.0,887800.0
20,2021-09-30 14:45:00,32200.0,200.0,887000.0
21,2021-09-30 14:45:00,32200.0,500.0,886800.0
22,2021-09-30 14:45:00,32200.0,7100.0,886300.0
23,2021-09-30 14:45:00,32200.0,500.0,879200.0
24,2021-09-30 14:45:00,32200.0,2400.0,878700.0
25,2021-09-30 14:45:00,32200.0,100.0,876300.0
26,2021-09-30 14:45:00,32200.0,200.0,876200.0
27,2021-09-30 14:29:41,32200.0,200.0,876000.0
28,2021-09-30 14:29:25,32150.0,200.0,875800.0
29,2021-09-30 14:29:17,32150.0,2000.0,875600.0
30,2021-09-30 14:29:06,32150.0,1300.0,873600.0
31,2021-09-30 14:28:40,32150.0,100.0,872300.0
32,2021-09-30 14:28:40,32150.0,100.0,872200.0
33,2021-09-30 14:28:23,32200.0,100.0,872100.0
34,2021-09-30 14:28:17,32200.0,900.0,872000.0
35,2021-09-30 14:28:17,32200.0,100.0,871100.0
36,2021-09-30 14:28:17,32200.0,2000.0,871000.0
37,2021-09-30 14:27:33,32200.0,600.0,869000.0
38,2021-09-30 14:27:13,32200.0,100.0,868400.0
39,2021-09-30 14:27:11,32150.0,900.0,868300.0
40,2021-09-30 14:26:44,32150.0,500.0,867400.0
41,2021-09-30 14:25:53,32100.0,1200.0,866900.0
42,2021-09-30 14:25:53,32100.0,600.0,865700.0
43,2021-09-30 14:25:34,32100.0,6000.0,865100.0
44,2021-09-30 14:25:34,32100.0,100.0,859100.0
45,2021-09-30 14:25:34,32100.0,300.0,859000.0
46,2021-09-30 14:25:34,32100.0,100.0,858700.0
47,2021-09-30 14:25:34,32100.0,19000.0,858600.0
48,2021-09-30 14:25:34,32100.0,200.0,839600.0
49,2021-09-30 14:25:34,32100.0,100.0,839400.0
50,2021-09-30 14:25:34,32100.0,100.0,839300.0
51,2021-09-30 14:25:34,32100.0,100.0,839200.0
52,2021-09-30 14:25:34,32100.0,1000.0,839100.0
53,2021-09-30 14:25:34,32100.0,100.0,838100.0
54,2021-09-30 14:25:34,32100.0,200.0,838000.0
55,2021-09-30 14:25:34,32100.0,1000.0,837800.0
56,2021-09-30 14:25:34,32100.0,1000.0,836800.0
57,2021-09-30 14:25:34,32100.0,700.0,835800.0
58,2021-09-30 14:24:29,32100.0,2300.0,835100.0
59,2021-09-30 14:24:29,32100.0,300.0,832800.0
60,2021-09-30 14:24:29,32100.0,100.0,832500.0
61,2021-09-30 14:24:29,32100.0,1000.0,832400.0
62,2021-09-30 14:24:29,32100.0,200.0,831400.0
63,2021-09-30 14:24:29,32100.0,1000.0,831200.0
64,2021-09-30 14:24:29,32100.0,1000.0,830200.0
65,2021-09-30 14:24:29,32100.0,1000.0,829200.0
66,2021-09-30 14:24:29,32100.0,200.0,828200.0
67,2021-09-30 14:24:29,32100.0,1000.0,828000.0
68,2021-09-30 14:24:29,32150.0,1000.0,827000.0
69,2021-09-30 14:24:29,32150.0,1100.0,826000.0
70,2021-09-30 14:24:21,32150.0,11900.0,824900.0
71,2021-09-30 14:24:21,32150.0,100.0,813000.0
72,2021-09-30 14:24:21,32150.0,1000.0,812900.0
73,2021-09-30 14:24:21,32150.0,3000.0,811900.0
74,2021-09-30 14:24:21,32150.0,700.0,808900.0
75,2021-09-30 14:24:21,32150.0,400.0,808200.0
76,2021-09-30 14:24:21,32150.0,1000.0,807800.0
77,2021-09-30 14:24:21,32150.0,300.0,806800.0
78,2021-09-30 14:24:21,32150.0,100.0,806500.0
79,2021-09-30 14:24:21,32150.0,1000.0,806400.0
80,2021-09-30 14:24:21,32150.0,100.0,805400.0
81,2021-09-30 14:24:21,32150.0,100.0,805300.0
82,2021-09-30 14:24:21,32150.0,100.0,805200.0
83,2021-09-30 14:24:03,32150.0,100.0,805100.0
84,2021-09-30 14:24:03,32150.0,2400.0,805000.0
85,2021-09-30 14:23:47,32150.0,600.0,802600.0
86,2021-09-30 14:23:47,32150.0,400.0,802000.0
87,2021-09-30 14:23:37,32200.0,100.0,801600.0
88,2021-09-30 14:23:07,32200.0,500.0,801500.0
89,2021-09-30 14:23:07,32200.0,5000.0,801000.0
90,2021-09-30 14:23:07,32200.0,100.0,796000.0
91,2021-09-30 14:23:07,32200.0,100.0,795900.0
92,2021-09-30 14:23:07,32200.0,1400.0,795800.0
93,2021-09-30 14:23:07,32200.0,1000.0,794400.0
94,2021-09-30 14:23:07,32200.0,100.0,793400.0
95,2021-09-30 14:23:07,32200.0,300.0,793300.0
96,2021-09-30 14:23:07,32200.0,600.0,793000.0
97,2021-09-30 14:23:07,32200.0,100.0,792400.0
98,2021-09-30 14:23:07,32200.0,1000.0,792300.0
99,2021-09-30 14:23:07,32200.0,100.0,791300.0
100,2021-09-30 14:23:07,32200.0,500.0,791200.0
101,2021-09-30 14:23:07,32200.0,5000.0,790700.0
102,2021-09-30 14:23:07,32200.0,1000.0,785700.0
103,2021-09-30 14:23:07,32200.0,100.0,784700.0
104,2021-09-30 14:23:07,32200.0,2000.0,784600.0
105,2021-09-30 14:23:07,32200.0,2000.0,782600.0
106,2021-09-30 14:23:07,32200.0,200.0,780600.0
107,2021-09-30 14:23:07,32200.0,1000.0,780400.0
108,2021-09-30 14:23:07,32200.0,500.0,779400.0
109,2021-09-30 14:23:07,32200.0,100.0,778900.0
110,2021-09-30 14:23:07,32200.0,100.0,778800.0
111,2021-09-30 14:23:07,32200.0,10000.0,778700.0
112,2021-09-30 14:23:07,32200.0,4000.0,768700.0
113,2021-09-30 14:23:07,32200.0,200.0,764700.0
114,2021-09-30 14:23:07,32200.0,4000.0,764500.0
115,2021-09-30 14:23:07,32200.0,100.0,760500.0
116,2021-09-30 14:23:07,32200.0,100.0,760400.0
117,2021-09-30 14:23:07,32200.0,500.0,760300.0
118,2021-09-30 14:23:07,32200.0,1000.0,759800.0
119,2021-09-30 14:23:07,32200.0,200.0,758800.0
120,2021-09-30 14:23:07,32200.0,900.0,758600.0
121,2021-09-30 14:23:07,32200.0,100.0,757700.0
122,2021-09-30 14:23:07,32200.0,100.0,757600.0
123,2021-09-30 14:23:07,32200.0,1100.0,757500.0
124,2021-09-30 14:23:07,32200.0,100.0,756400.0
125,2021-09-30 14:23:07,32200.0,200.0,756300.0
126,2021-09-30 14:23:07,32200.0,3000.0,756100.0
127,2021-09-30 14:23:07,32200.0,200.0,753100.0
128,2021-09-30 14:23:07,32200.0,100.0,752900.0
129,2021-09-30 14:23:07,32200.0,100.0,752800.0
130,2021-09-30 14:23:07,32200.0,600.0,752700.0
131,2021-09-30 14:23:07,32200.0,100.0,752100.0
132,2021-09-30 14:23:07,32200.0,200.0,752000.0
133,2021-09-30 14:23:07,32200.0,500.0,751800.0
134,2021-09-30 14:23:07,32200.0,100.0,751300.0
135,2021-09-30 14:23:07,32200.0,1000.0,751200.0
136,2021-09-30 14:23:07,32200.0,300.0,750200.0
137,2021-09-30 14:23:07,32200.0,200.0,749900.0
138,2021-09-30 14:23:07,32200.0,100.0,749700.0
139,2021-09-30 14:23:07,32200.0,100.0,749600.0
140,2021-09-30 14:23:07,32200.0,200.0,749500.0
141,2021-09-30 14:23:07,32250.0,500.0,749300.0
142,2021-09-30 14:23:07,32250.0,100.0,748800.0
143,2021-09-30 14:23:07,32250.0,100.0,748700.0
144,2021-09-30 14:23:07,32250.0,100.0,748600.0
145,2021-09-30 14:23:07,32250.0,200.0,748500.0
146,2021-09-30 14:23:07,32250.0,500.0,748300.0
147,2021-09-30 14:22:41,32250.0,100.0,747800.0
148,2021-09-30 14:22:41,32250.0,200.0,747700.0
149,2021-09-30 14:22:29,32250.0,300.0,747500.0
150,2021-09-30 14:22:29,32250.0,200.0,747200.0
151,2021-09-30 14:22:20,32250.0,300.0,747000.0
152,2021-09-30 14:22:20,32250.0,100.0,746700.0
153,2021-09-30 14:22:20,32250.0,2000.0,746600.0
154,2021-09-30 14:22:20,32250.0,1000.0,744600.0
155,2021-09-30 14:22:20,32250.0,1000.0,743600.0
156,2021-09-30 14:22:20,32250.0,300.0,742600.0
157,2021-09-30 14:22:20,32250.0,200.0,742300.0
158,2021-09-30 14:22:20,32250.0,2000.0,742100.0
159,2021-09-30 14:22:20,32250.0,2000.0,740100.0
160,2021-09-30 14:22:20,32250.0,1100.0,738100.0
161,2021-09-30 14:21:37,32250.0,1000.0,737000.0
162,2021-09-30 14:19:30,32250.0,2000.0,736000.0
163,2021-09-30 14:19:19,32250.0,100.0,734000.0
164,2021-09-30 14:19:16,32300.0,3600.0,733900.0
165,2021-09-30 14:19:16,32300.0,1000.0,730300.0
166,2021-09-30 14:19:16,32300.0,100.0,729300.0
167,2021-09-30 14:19:16,32300.0,4700.0,729200.0
168,2021-09-30 14:19:16,32300.0,2000.0,724500.0
169,2021-09-30 14:19:16,32300.0,5000.0,722500.0
170,2021-09-30 14:19:16,32300.0,200.0,717500.0
171,2021-09-30 14:19:16,32300.0,1000.0,717300.0
172,2021-09-30 14:19:16,32300.0,2400.0,716300.0
173,2021-09-30 14:18:54,32250.0,200.0,713900.0
174,2021-09-30 14:18:34,32250.0,600.0,713700.0
175,2021-09-30 14:18:34,32250.0,100.0,713100.0
176,2021-09-30 14:18:34,32250.0,700.0,713000.0
177,2021-09-30 14:17:07,32250.0,500.0,712300.0
178,2021-09-30 14:16:56,32300.0,200.0,711800.0
179,2021-09-30 14:15:11,32300.0,400.0,711600.0
180,2021-09-30 14:14:40,32300.0,1000.0,711200.0
181,2021-09-30 14:14:29,32300.0,100.0,710200.0
182,2021-09-30 14:13:25,32300.0,200.0,710100.0
183,2021-09-30 14:13:25,32300.0,100.0,709900.0
184,2021-09-30 14:13:25,32300.0,200.0,709800.0
185,2021-09-30 14:13:25,32300.0,100.0,709600.0
186,2021-09-30 14:13:25,32300.0,400.0,709500.0
187,2021-09-30 14:12:56,32300.0,2000.0,709100.0
188,2021-09-30 14:11:58,32300.0,200.0,707100.0
189,2021-09-30 14:11:10,32300.0,100.0,706900.0
190,2021-09-30 14:11:10,32300.0,500.0,706800.0
191,2021-09-30 14:11:10,32300.0,100.0,706300.0
192,2021-09-30 14:11:10,32300.0,1000.0,706200.0
193,2021-09-30 14:11:10,32300.0,1000.0,705200.0
194,2021-09-30 14:11:10,32300.0,2300.0,704200.0
195,2021-09-30 14:10:57,32250.0,800.0,701900.0
196,2021-09-30 14:10:57,32250.0,100.0,701100.0
197,2021-09-30 14:10:57,32250.0,100.0,701000.0
198,2021-09-30 14:10:57,32250.0,1000.0,700900.0
199,2021-09-30 14:10:20,32250.0,500.0,699900.0
200,2021-09-30 14:10:06,32250.0,1000.0,699400.0
201,2021-09-30 14:09:35,32250.0,1000.0,698400.0
202,2021-09-30 14:09:34,32300.0,100.0,697400.0
203,2021-09-30 14:08:39,32300.0,100.0,697300.0
204,2021-09-30 14:05:51,32300.0,300.0,697200.0
205,2021-09-30 14:04:35,32300.0,3500.0,696900.0
206,2021-09-30 14:03:47,32300.0,2000.0,693400.0
207,2021-09-30 14:02:07,32300.0,1700.0,691400.0
208,2021-09-30 14:01:34,32300.0,500.0,689700.0
209,2021-09-30 14:01:27,32250.0,100.0,689200.0
210,2021-09-30 13:57:15,32250.0,300.0,689100.0
211,2021-09-30 13:56:30,32250.0,200.0,688800.0
212,2021-09-30 13:55:52,32250.0,200.0,688600.0
213,2021-09-30 13:54:52,32300.0,500.0,688400.0
214,2021-09-30 13:54:52,32300.0,1500.0,687900.0
215,2021-09-30 13:54:23,32300.0,500.0,686400.0
216,2021-09-30 13:53:44,32300.0,1500.0,685900.0
217,2021-09-30 13:52:09,32300.0,1600.0,684400.0
218,2021-09-30 13:52:09,32300.0,3000.0,682800.0
219,2021-09-30 13:52:09,32300.0,300.0,679800.0
220,2021-09-30 13:52:09,32300.0,100.0,679500.0
221,2021-09-30 13:51:18,32300.0,900.0,679400.0
222,2021-09-30 13:51:18,32300.0,500.0,678500.0
223,2021-09-30 13:51:18,32300.0,2000.0,678000.0
224,2021-09-30 13:51:18,32300.0,300.0,676000.0
225,2021-09-30 13:51:18,32300.0,300.0,675700.0
226,2021-09-30 13:51:18,32300.0,1000.0,675400.0
227,2021-09-30 13:50:36,32250.0,500.0,674400.0
228,2021-09-30 13:50:27,32250.0,100.0,673900.0
229,2021-09-30 13:50:27,32250.0,100.0,673800.0
230,2021-09-30 13:49:46,32250.0,100.0,673700.0
231,2021-09-30 13:48:59,32250.0,1000.0,673600.0
232,2021-09-30 13:48:59,32250.0,4000.0,672600.0
233,2021-09-30 13:48:45,32250.0,600.0,668600.0
234,2021-09-30 13:48:31,32250.0,2000.0,668000.0
235,2021-09-30 13:48:29,32300.0,600.0,666000.0
236,2021-09-30 13:47:25,32250.0,400.0,665400.0
237,2021-09-30 13:47:15,32250.0,2800.0,665000.0
238,2021-09-30 13:47:15,32250.0,1000.0,662200.0
239,2021-09-30 13:47:15,32250.0,1000.0,661200.0
240,2021-09-30 13:47:15,32250.0,200.0,660200.0
241,2021-09-30 13:46:51,32300.0,100.0,660000.0
242,2021-09-30 13:46:06,32300.0,1900.0,659900.0
243,2021-09-30 13:46:03,32300.0,600.0,658000.0
244,2021-09-30 13:45:24,32300.0,100.0,657400.0
245,2021-09-30 13:43:23,32300.0,1000.0,657300.0
246,2021-09-30 13:43:23,32300.0,100.0,656300.0
247,2021-09-30 13:43:23,32300.0,3800.0,656200.0
248,2021-09-30 13:43:23,32300.0,200.0,652400.0
249,2021-09-30 13:43:23,32300.0,200.0,652200.0
250,2021-09-30 13:43:23,32300.0,200.0,652000.0
251,2021-09-30 13:43:23,32300.0,5000.0,651800.0
252,2021-09-30 13:43:23,32300.0,200.0,646800.0
253,2021-09-30 13:41:08,32350.0,500.0,646600.0
254,2021-09-30 13:41:05,32350.0,200.0,646100.0
255,2021-09-30 13:38:39,32350.0,300.0,645900.0
256,2021-09-30 13:38:39,32350.0,200.0,645600.0
257,2021-09-30 13:38:39,32350.0,5000.0,645400.0
258,2021-09-30 13:38:39,32350.0,900.0,640400.0
259,2021-09-30 13:38:39,32350.0,700.0,639500.0
260,2021-09-30 13:37:43,32400.0,100.0,638800.0
261,2021-09-30 13:37:16,32350.0,100.0,638700.0
262,2021-09-30 13:36:07,32350.0,2900.0,638600.0
263,2021-09-30 13:35:31,32350.0,500.0,635700.0
264,2021-09-30 13:34:47,32350.0,800.0,635200.0
265,2021-09-30 13:34:47,32350.0,200.0,634400.0
266,2021-09-30 13:32:49,32300.0,1000.0,634200.0
267,2021-09-30 13:30:55,32300.0,800.0,633200.0
268,2021-09-30 13:30:55,32300.0,200.0,632400.0
269,2021-09-30 13:30:27,32400.0,100.0,632200.0
270,2021-09-30 13:29:58,32400.0,300.0,632100.0
271,2021-09-30 13:29:41,32300.0,500.0,631800.0
272,2021-09-30 13:27:59,32300.0,1900.0,631300.0
273,2021-09-30 13:27:59,32300.0,300.0,629400.0
274,2021-09-30 13:27:59,32300.0,2100.0,629100.0
275,2021-09-30 13:27:20,32300.0,100.0,627000.0
276,2021-09-30 13:27:06,32300.0,1600.0,626900.0
277,2021-09-30 13:23:19,32200.0,100.0,625300.0
278,2021-09-30 13:21:52,32200.0,700.0,625200.0
279,2021-09-30 13:21:52,32200.0,2000.0,624500.0
280,2021-09-30 13:21:52,32200.0,500.0,622500.0
281,2021-09-30 13:21:52,32200.0,100.0,622000.0
282,2021-09-30 13:21:52,32200.0,500.0,621900.0
283,2021-09-30 13:21:52,32200.0,200.0,621400.0
284,2021-09-30 13:21:52,32200.0,2000.0,621200.0
285,2021-09-30 13:21:07,32200.0,100.0,619200.0
286,2021-09-30 13:20:45,32200.0,2900.0,619100.0
287,2021-09-30 13:20:45,32250.0,100.0,616200.0
288,2021-09-30 13:20:45,32250.0,400.0,616100.0
289,2021-09-30 13:20:45,32250.0,3100.0,615700.0
290,2021-09-30 13:20:45,32250.0,100.0,612600.0
291,2021-09-30 13:20:45,32250.0,1000.0,612500.0
292,2021-09-30 13:20:45,32250.0,1000.0,611500.0
293,2021-09-30 13:20:45,32250.0,400.0,610500.0
294,2021-09-30 13:19:38,32250.0,100.0,610100.0
295,2021-09-30 13:17:46,32300.0,200.0,610000.0
296,2021-09-30 13:17:28,32300.0,1000.0,609800.0
297,2021-09-30 13:16:15,32350.0,300.0,608800.0
298,2021-09-30 13:15:57,32300.0,3300.0,608500.0
299,2021-09-30 13:15:52,32300.0,500.0,605200.0
300,2021-09-30 13:15:48,32300.0,1000.0,604700.0
301,2021-09-30 13:15:40,32300.0,200.0,603700.0
302,2021-09-30 13:15:32,32300.0,100.0,603500.0
303,2021-09-30 13:15:20,32300.0,100.0,603400.0
304,2021-09-30 13:15:20,32300.0,100.0,603300.0
305,2021-09-30 13:15:20,32300.0,500.0,603200.0
306,2021-09-30 13:15:20,32300.0,100.0,602700.0
307,2021-09-30 13:15:20,32300.0,300.0,602600.0
308,2021-09-30 13:14:45,32300.0,700.0,602300.0
309,2021-09-30 13:14:45,32300.0,100.0,601600.0
310,2021-09-30 13:14:45,32300.0,200.0,601500.0
311,2021-09-30 13:10:09,32400.0,600.0,601300.0
312,2021-09-30 13:09:59,32400.0,100.0,600700.0
313,2021-09-30 13:08:52,32400.0,3600.0,600600.0
314,2021-09-30 13:08:25,32400.0,1400.0,597000.0
315,2021-09-30 13:08:18,32350.0,600.0,595600.0
316,2021-09-30 13:07:54,32350.0,500.0,595000.0
317,2021-09-30 13:07:13,32350.0,1000.0,594500.0
318,2021-09-30 13:07:04,32450.0,600.0,593500.0
319,2021-09-30 13:06:47,32350.0,1000.0,592900.0
320,2021-09-30 13:06:28,32500.0,300.0,591900.0
321,2021-09-30 13:06:28,32450.0,300.0,591600.0
322,2021-09-30 13:06:27,32450.0,100.0,591300.0
323,2021-09-30 13:06:08,32400.0,100.0,591200.0
324,2021-09-30 13:05:59,32450.0,600.0,591100.0
325,2021-09-30 13:05:50,32350.0,100.0,590500.0
326,2021-09-30 13:05:41,32500.0,200.0,590400.0
327,2021-09-30 13:05:32,32500.0,800.0,590200.0
328,2021-09-30 13:05:32,32500.0,900.0,589400.0
329,2021-09-30 13:05:32,32450.0,4000.0,588500.0
330,2021-09-30 13:05:32,32400.0,300.0,584500.0
331,2021-09-30 13:05:30,32400.0,2700.0,584200.0
332,2021-09-30 13:05:30,32400.0,100.0,581500.0
333,2021-09-30 13:05:21,32400.0,900.0,581400.0
334,2021-09-30 13:05:21,32400.0,900.0,580500.0
335,2021-09-30 13:05:00,32400.0,100.0,579600.0
336,2021-09-30 13:04:10,32350.0,3200.0,579500.0
337,2021-09-30 13:03:43,32350.0,800.0,576300.0
338,2021-09-30 13:02:53,32300.0,300.0,575500.0
339,2021-09-30 13:02:53,32300.0,200.0,575200.0
340,2021-09-30 13:02:23,32300.0,500.0,575000.0
341,2021-09-30 13:01:50,32250.0,100.0,574500.0
342,2021-09-30 13:01:01,32250.0,100.0,574400.0
343,2021-09-30 13:01:01,32250.0,500.0,574300.0
344,2021-09-30 13:01:01,32250.0,100.0,573800.0
345,2021-09-30 13:01:01,32250.0,100.0,573700.0
346,2021-09-30 13:01:01,32250.0,100.0,573600.0
347,2021-09-30 13:01:01,32250.0,100.0,573500.0
348,2021-09-30 13:00:32,32250.0,2900.0,573400.0
349,2021-09-30 13:00:32,32250.0,200.0,570500.0
350,2021-09-30 13:00:32,32250.0,400.0,570300.0
351,2021-09-30 13:00:32,32250.0,500.0,569900.0
352,2021-09-30 13:00:32,32250.0,1000.0,569400.0
353,2021-09-30 13:00:22,32250.0,300.0,568400.0
354,2021-09-30 13:00:22,32250.0,100.0,568100.0
355,2021-09-30 13:00:22,32250.0,2000.0,568000.0
356,2021-09-30 13:00:04,32300.0,300.0,566000.0
357,2021-09-30 13:00:04,32300.0,300.0,565700.0
358,2021-09-30 13:00:04,32300.0,100.0,565400.0
359,2021-09-30 13:00:04,32300.0,100.0,565300.0
360,2021-09-30 13:00:01,32300.0,200.0,565200.0
361,2021-09-30 13:00:01,32300.0,100.0,565000.0
362,2021-09-30 11:28:36,32300.0,600.0,564900.0
363,2021-09-30 11:26:35,32250.0,100.0,564300.0
364,2021-09-30 11:26:18,32300.0,100.0,564200.0
365,2021-09-30 11:25:57,32300.0,100.0,564100.0
366,2021-09-30 11:23:21,32300.0,500.0,564000.0
367,2021-09-30 11:23:21,32300.0,100.0,563500.0
368,2021-09-30 11:23:21,32300.0,100.0,563400.0
369,2021-09-30 11:22:48,32300.0,900.0,563300.0
370,2021-09-30 11:22:48,32300.0,100.0,562400.0
371,2021-09-30 11:21:48,32300.0,200.0,562300.0
372,2021-09-30 11:19:02,32300.0,500.0,562100.0
373,2021-09-30 11:19:02,32300.0,100.0,561600.0
374,2021-09-30 11:19:02,32300.0,500.0,561500.0
375,2021-09-30 11:19:02,32300.0,1500.0,561000.0
376,2021-09-30 11:19:02,32300.0,2000.0,559500.0
377,2021-09-30 11:19:02,32300.0,1200.0,557500.0
378,2021-09-30 11:19:02,32350.0,100.0,556300.0
379,2021-09-30 11:19:02,32350.0,2500.0,556200.0
380,2021-09-30 11:19:00,32350.0,1700.0,553700.0
381,2021-09-30 11:18:12,32350.0,500.0,552000.0
382,2021-09-30 11:17:46,32350.0,300.0,551500.0
383,2021-09-30 11:17:10,32300.0,1800.0,551200.0
384,2021-09-30 11:17:10,32300.0,100.0,549400.0
385,2021-09-30 11:17:10,32300.0,300.0,549300.0
386,2021-09-30 11:17:10,32300.0,200.0,549000.0
387,2021-09-30 11:17:10,32300.0,1000.0,548800.0
388,2021-09-30 11:17:10,32300.0,100.0,547800.0
389,2021-09-30 11:17:10,32300.0,100.0,547700.0
390,2021-09-30 11:17:10,32300.0,100.0,547600.0
391,2021-09-30 11:17:10,32300.0,200.0,547500.0
392,2021-09-30 11:17:10,32300.0,2000.0,547300.0
393,2021-09-30 11:17:10,32300.0,100.0,545300.0
394,2021-09-30 11:17:10,32300.0,100.0,545200.0
395,2021-09-30 11:17:10,32300.0,100.0,545100.0
396,2021-09-30 11:17:10,32300.0,100.0,545000.0
397,2021-09-30 11:17:10,32300.0,9400.0,544900.0
398,2021-09-30 11:17:10,32300.0,100.0,535500.0
399,2021-09-30 11:17:10,32300.0,600.0,535400.0
400,2021-09-30 11:17:10,32300.0,500.0,534800.0
401,2021-09-30 11:17:10,32300.0,500.0,534300.0
402,2021-09-30 11:17:10,32300.0,100.0,533800.0
403,2021-09-30 11:17:10,32300.0,100.0,533700.0
404,2021-09-30 11:17:10,32350.0,400.0,533600.0
405,2021-09-30 11:16:08,32350.0,9600.0,533200.0
406,2021-09-30 11:16:08,32350.0,400.0,523600.0
407,2021-09-30 11:14:03,32400.0,100.0,523200.0
408,2021-09-30 11:10:26,32400.0,200.0,523100.0
409,2021-09-30 11:09:51,32300.0,300.0,522900.0
410,2021-09-30 11:09:51,32350.0,700.0,522600.0
411,2021-09-30 11:09:51,32350.0,300.0,521900.0
412,2021-09-30 11:09:51,32350.0,2000.0,521600.0
413,2021-09-30 11:09:51,32350.0,100.0,519600.0
414,2021-09-30 11:09:51,32350.0,100.0,519500.0
415,2021-09-30 11:09:51,32350.0,200.0,519400.0
416,2021-09-30 11:09:51,32350.0,1000.0,519200.0
417,2021-09-30 11:09:51,32350.0,100.0,518200.0
418,2021-09-30 11:09:51,32350.0,200.0,518100.0
419,2021-09-30 11:09:03,32400.0,500.0,517900.0
420,2021-09-30 11:08:50,32400.0,3000.0,517400.0
421,2021-09-30 11:08:26,32400.0,100.0,514400.0
422,2021-09-30 11:07:52,32400.0,1900.0,514300.0
423,2021-09-30 11:04:52,32400.0,100.0,512400.0
424,2021-09-30 11:04:52,32400.0,1000.0,512300.0
425,2021-09-30 11:04:52,32400.0,500.0,511300.0
426,2021-09-30 11:04:52,32400.0,500.0,510800.0
427,2021-09-30 11:04:52,32400.0,1000.0,510300.0
428,2021-09-30 11:04:52,32400.0,100.0,509300.0
429,2021-09-30 11:04:52,32400.0,800.0,509200.0
430,2021-09-30 11:04:06,32400.0,500.0,508400.0
431,2021-09-30 11:03:46,32500.0,100.0,507900.0
432,2021-09-30 11:03:46,32500.0,100.0,507800.0
433,2021-09-30 11:03:42,32450.0,400.0,507700.0
434,2021-09-30 11:03:42,32450.0,100.0,507300.0
435,2021-09-30 11:02:46,32450.0,500.0,507200.0
436,2021-09-30 11:01:57,32500.0,100.0,506700.0
437,2021-09-30 11:01:22,32500.0,800.0,506600.0
438,2021-09-30 11:01:17,32500.0,700.0,505800.0
439,2021-09-30 11:01:17,32500.0,200.0,505100.0
440,2021-09-30 11:01:13,32450.0,500.0,504900.0
441,2021-09-30 11:01:13,32450.0,1500.0,504400.0
442,2021-09-30 11:00:40,32450.0,300.0,502900.0
443,2021-09-30 11:00:34,32450.0,1400.0,502600.0
444,2021-09-30 11:00:34,32450.0,4200.0,501200.0
445,2021-09-30 10:59:03,32450.0,1500.0,497000.0
446,2021-09-30 10:57:56,32500.0,600.0,495500.0
447,2021-09-30 10:56:55,32450.0,100.0,494900.0
448,2021-09-30 10:55:29,32450.0,200.0,494800.0
449,2021-09-30 10:55:09,32400.0,700.0,494600.0
450,2021-09-30 10:55:01,32400.0,200.0,493900.0
451,2021-09-30 10:54:57,32400.0,100.0,493700.0
452,2021-09-30 10:54:32,32400.0,100.0,493600.0
453,2021-09-30 10:54:14,32400.0,300.0,493500.0
454,2021-09-30 10:53:25,32400.0,600.0,493200.0
455,2021-09-30 10:53:02,32400.0,300.0,492600.0
456,2021-09-30 10:53:02,32400.0,100.0,492300.0
457,2021-09-30 10:52:39,32400.0,900.0,492200.0
458,2021-09-30 10:52:39,32400.0,100.0,491300.0
459,2021-09-30 10:51:56,32400.0,1000.0,491200.0
460,2021-09-30 10:51:35,32350.0,100.0,490200.0
461,2021-09-30 10:49:45,32350.0,100.0,490100.0
462,2021-09-30 10:49:45,32350.0,100.0,490000.0
463,2021-09-30 10:49:45,32350.0,500.0,489900.0
464,2021-09-30 10:49:45,32350.0,100.0,489400.0
465,2021-09-30 10:49:45,32350.0,500.0,489300.0
466,2021-09-30 10:47:31,32400.0,600.0,488800.0
467,2021-09-30 10:46:08,32400.0,200.0,488200.0
468,2021-09-30 10:46:00,32400.0,100.0,488000.0
469,2021-09-30 10:45:38,32400.0,300.0,487900.0
470,2021-09-30 10:44:55,32400.0,300.0,487600.0
471,2021-09-30 10:44:55,32400.0,200.0,487300.0
472,2021-09-30 10:44:55,32400.0,500.0,487100.0
473,2021-09-30 10:44:55,32400.0,100.0,486600.0
474,2021-09-30 10:44:55,32400.0,200.0,486500.0
475,2021-09-30 10:44:15,32400.0,100.0,486300.0
476,2021-09-30 10:44:15,32400.0,100.0,486200.0
477,2021-09-30 10:44:15,32400.0,1000.0,486100.0
478,2021-09-30 10:44:15,32400.0,1800.0,485100.0
479,2021-09-30 10:43:11,32400.0,200.0,483300.0
480,2021-09-30 10:43:04,32400.0,3000.0,483100.0
481,2021-09-30 10:43:04,32400.0,500.0,480100.0
482,2021-09-30 10:43:04,32400.0,100.0,479600.0
483,2021-09-30 10:43:04,32400.0,1400.0,479500.0
484,2021-09-30 10:42:45,32450.0,100.0,478100.0
485,2021-09-30 10:42:45,32450.0,200.0,478000.0
486,2021-09-30 10:41:18,32450.0,100.0,477800.0
487,2021-09-30 10:41:18,32450.0,100.0,477700.0
488,2021-09-30 10:41:16,32500.0,200.0,477600.0
489,2021-09-30 10:40:59,32500.0,300.0,477400.0
490,2021-09-30 10:40:44,32500.0,100.0,477100.0
491,2021-09-30 10:40:28,32500.0,100.0,477000.0
492,2021-09-30 10:40:28,32500.0,1300.0,476900.0
493,2021-09-30 10:40:21,32500.0,2500.0,475600.0
494,2021-09-30 10:40:14,32500.0,100.0,473100.0
495,2021-09-30 10:39:43,32500.0,200.0,473000.0
496,2021-09-30 10:39:03,32500.0,900.0,472800.0
497,2021-09-30 10:38:33,32500.0,100.0,471900.0
498,2021-09-30 10:37:42,32500.0,600.0,471800.0
499,2021-09-30 10:37:29,32500.0,3000.0,471200.0
500,2021-09-30 10:37:01,32500.0,3000.0,468200.0
501,2021-09-30 10:36:51,32500.0,4000.0,465200.0
502,2021-09-30 10:35:52,32500.0,200.0,461200.0
503,2021-09-30 10:34:44,32500.0,200.0,461000.0
504,2021-09-30 10:34:21,32500.0,600.0,460800.0
505,2021-09-30 10:34:21,32500.0,1200.0,460200.0
506,2021-09-30 10:33:35,32500.0,100.0,459000.0
507,2021-09-30 10:33:06,32500.0,300.0,458900.0
508,2021-09-30 10:33:01,32600.0,400.0,458600.0
509,2021-09-30 10:33:01,32550.0,100.0,458200.0
510,2021-09-30 10:32:42,32500.0,400.0,458100.0
511,2021-09-30 10:32:39,32400.0,1000.0,457700.0
512,2021-09-30 10:32:31,32500.0,200.0,456700.0
513,2021-09-30 10:32:25,32500.0,200.0,456500.0
514,2021-09-30 10:32:25,32550.0,300.0,456300.0
515,2021-09-30 10:31:32,32550.0,200.0,456000.0
516,2021-09-30 10:30:16,32600.0,100.0,455800.0
517,2021-09-30 10:29:39,32600.0,500.0,455700.0
518,2021-09-30 10:29:30,32600.0,600.0,455200.0
519,2021-09-30 10:29:25,32600.0,100.0,454600.0
520,2021-09-30 10:29:01,32650.0,1300.0,454500.0
521,2021-09-30 10:29:01,32650.0,100.0,453200.0
522,2021-09-30 10:27:41,32500.0,100.0,453100.0
523,2021-09-30 10:27:41,32500.0,1000.0,453000.0
524,2021-09-30 10:27:41,32500.0,2700.0,452000.0
525,2021-09-30 10:27:34,32500.0,500.0,449300.0
526,2021-09-30 10:26:48,32500.0,3800.0,448800.0
527,2021-09-30 10:26:22,32500.0,3000.0,445000.0
528,2021-09-30 10:25:46,32700.0,4100.0,442000.0
529,2021-09-30 10:25:46,32700.0,200.0,437900.0
530,2021-09-30 10:25:46,32700.0,100.0,437700.0
531,2021-09-30 10:25:46,32650.0,100.0,437600.0
532,2021-09-30 10:25:46,32650.0,100.0,437500.0
533,2021-09-30 10:25:46,32600.0,100.0,437400.0
534,2021-09-30 10:25:46,32600.0,1000.0,437300.0
535,2021-09-30 10:25:46,32600.0,5000.0,436300.0
536,2021-09-30 10:25:46,32600.0,400.0,431300.0
537,2021-09-30 10:25:46,32600.0,1000.0,430900.0
538,2021-09-30 10:25:46,32600.0,100.0,429900.0
539,2021-09-30 10:25:46,32600.0,2000.0,429800.0
540,2021-09-30 10:25:46,32600.0,100.0,427800.0
541,2021-09-30 10:25:46,32600.0,5000.0,427700.0
542,2021-09-30 10:25:46,32550.0,500.0,422700.0
543,2021-09-30 10:25:46,32550.0,1700.0,422200.0
544,2021-09-30 10:25:46,32550.0,200.0,420500.0
545,2021-09-30 10:25:46,32550.0,1000.0,420300.0
546,2021-09-30 10:25:46,32550.0,10000.0,419300.0
547,2021-09-30 10:25:46,32550.0,2000.0,409300.0
548,2021-09-30 10:25:46,32550.0,100.0,407300.0
549,2021-09-30 10:25:46,32500.0,4000.0,407200.0
550,2021-09-30 10:25:46,32500.0,4300.0,403200.0
551,2021-09-30 10:25:46,32500.0,200.0,398900.0
552,2021-09-30 10:25:46,32500.0,500.0,398700.0
553,2021-09-30 10:25:46,32500.0,200.0,398200.0
554,2021-09-30 10:25:46,32500.0,1200.0,398000.0
555,2021-09-30 10:25:46,32500.0,4800.0,396800.0
556,2021-09-30 10:25:38,32500.0,7200.0,392000.0
557,2021-09-30 10:25:38,32500.0,100.0,384800.0
558,2021-09-30 10:25:38,32500.0,100.0,384700.0
559,2021-09-30 10:25:38,32500.0,100.0,384600.0
560,2021-09-30 10:25:38,32500.0,100.0,384500.0
561,2021-09-30 10:25:38,32500.0,1000.0,384400.0
562,2021-09-30 10:25:38,32500.0,1000.0,383400.0
563,2021-09-30 10:25:38,32500.0,100.0,382400.0
564,2021-09-30 10:25:38,32500.0,500.0,382300.0
565,2021-09-30 10:25:38,32500.0,1000.0,381800.0
566,2021-09-30 10:25:38,32500.0,100.0,380800.0
567,2021-09-30 10:25:38,32500.0,1000.0,380700.0
568,2021-09-30 10:25:38,32500.0,100.0,379700.0
569,2021-09-30 10:25:38,32500.0,100.0,379600.0
570,2021-09-30 10:25:38,32500.0,200.0,379500.0
571,2021-09-30 10:25:38,32500.0,100.0,379300.0
572,2021-09-30 10:25:38,32500.0,3200.0,379200.0
573,2021-09-30 10:25:38,32500.0,200.0,376000.0
574,2021-09-30 10:25:38,32500.0,200.0,375800.0
575,2021-09-30 10:25:38,32500.0,4500.0,375600.0
576,2021-09-30 10:25:38,32450.0,100.0,371100.0
577,2021-09-30 10:25:38,32450.0,500.0,371000.0
578,2021-09-30 10:25:38,32450.0,1000.0,370500.0
579,2021-09-30 10:25:38,32450.0,2000.0,369500.0
580,2021-09-30 10:25:38,32450.0,500.0,367500.0
581,2021-09-30 10:25:38,32450.0,3000.0,367000.0
582,2021-09-30 10:25:38,32450.0,5000.0,364000.0
583,2021-09-30 10:25:38,32400.0,400.0,359000.0
584,2021-09-30 10:25:38,32400.0,1000.0,358600.0
585,2021-09-30 10:25:38,32400.0,800.0,357600.0
586,2021-09-30 10:25:38,32400.0,2400.0,356800.0
587,2021-09-30 10:25:38,32400.0,2000.0,354400.0
588,2021-09-30 10:25:38,32400.0,4500.0,352400.0
589,2021-09-30 10:25:38,32400.0,2100.0,347900.0
590,2021-09-30 10:25:38,32400.0,200.0,345800.0
591,2021-09-30 10:25:38,32400.0,500.0,345600.0
592,2021-09-30 10:25:38,32350.0,500.0,345100.0
593,2021-09-30 10:25:38,32350.0,13400.0,344600.0
594,2021-09-30 10:25:28,32300.0,2800.0,331200.0
595,2021-09-30 10:25:23,32300.0,1000.0,328400.0
596,2021-09-30 10:25:22,32300.0,2300.0,327400.0
597,2021-09-30 10:25:18,32300.0,2200.0,325100.0
598,2021-09-30 10:25:18,32300.0,300.0,322900.0
599,2021-09-30 10:25:18,32300.0,100.0,322600.0
600,2021-09-30 10:25:18,32300.0,100.0,322500.0
601,2021-09-30 10:25:18,32300.0,1000.0,322400.0
602,2021-09-30 10:25:18,32300.0,800.0,321400.0
603,2021-09-30 10:25:18,32300.0,500.0,320600.0
604,2021-09-30 10:25:11,32300.0,1500.0,320100.0
605,2021-09-30 10:25:11,32300.0,100.0,318600.0
606,2021-09-30 10:25:11,32300.0,100.0,318500.0
607,2021-09-30 10:25:11,32300.0,300.0,318400.0
608,2021-09-30 10:25:03,32300.0,300.0,318100.0
609,2021-09-30 10:24:49,32300.0,400.0,317800.0
610,2021-09-30 10:24:49,32300.0,100.0,317400.0
611,2021-09-30 10:24:48,32300.0,400.0,317300.0
612,2021-09-30 10:24:48,32300.0,100.0,316900.0
613,2021-09-30 10:24:28,32300.0,100.0,316800.0
614,2021-09-30 10:24:28,32300.0,100.0,316700.0
615,2021-09-30 10:24:07,32300.0,900.0,316600.0
616,2021-09-30 10:24:07,32300.0,100.0,315700.0
617,2021-09-30 10:24:00,32300.0,100.0,315600.0
618,2021-09-30 10:23:26,32300.0,200.0,315500.0
619,2021-09-30 10:23:20,32300.0,100.0,315300.0
620,2021-09-30 10:23:20,32300.0,300.0,315200.0
621,2021-09-30 10:23:20,32300.0,100.0,314900.0
622,2021-09-30 10:23:06,32350.0,1000.0,314800.0
623,2021-09-30 10:22:11,32350.0,1200.0,313800.0
624,2021-09-30 10:22:11,32350.0,1000.0,312600.0
625,2021-09-30 10:21:00,32350.0,300.0,311600.0
626,2021-09-30 10:19:26,32300.0,900.0,311300.0
627,2021-09-30 10:19:26,32300.0,400.0,310400.0
628,2021-09-30 10:17:17,32350.0,300.0,310000.0
629,2021-09-30 10:17:06,32350.0,100.0,309700.0
630,2021-09-30 10:16:48,32300.0,100.0,309600.0
631,2021-09-30 10:16:48,32300.0,100.0,309500.0
632,2021-09-30 10:16:48,32300.0,100.0,309400.0
633,2021-09-30 10:16:09,32300.0,200.0,309300.0
634,2021-09-30 10:15:12,32350.0,100.0,309100.0
635,2021-09-30 10:14:50,32350.0,500.0,309000.0
636,2021-09-30 10:14:19,32350.0,500.0,308500.0
637,2021-09-30 10:13:37,32350.0,1700.0,308000.0
638,2021-09-30 10:13:27,32350.0,1800.0,306300.0
639,2021-09-30 10:13:22,32350.0,1500.0,304500.0
640,2021-09-30 10:13:22,32350.0,100.0,303000.0
641,2021-09-30 10:13:22,32350.0,100.0,302900.0
642,2021-09-30 10:13:22,32350.0,200.0,302800.0
643,2021-09-30 10:13:22,32350.0,8000.0,302600.0
644,2021-09-30 10:13:22,32350.0,100.0,294600.0
645,2021-09-30 10:13:17,32350.0,500.0,294500.0
646,2021-09-30 10:12:47,32450.0,500.0,294000.0
647,2021-09-30 10:12:29,32450.0,100.0,293500.0
648,2021-09-30 10:12:02,32400.0,5000.0,293400.0
649,2021-09-30 10:11:41,32350.0,1000.0,288400.0
650,2021-09-30 10:11:17,32400.0,500.0,287400.0
651,2021-09-30 10:10:55,32400.0,500.0,286900.0
652,2021-09-30 10:10:55,32400.0,500.0,286400.0
653,2021-09-30 10:10:55,32400.0,500.0,285900.0
654,2021-09-30 10:10:55,32400.0,100.0,285400.0
655,2021-09-30 10:10:55,32400.0,2000.0,285300.0
656,2021-09-30 10:10:55,32400.0,100.0,283300.0
657,2021-09-30 10:10:55,32400.0,20000.0,283200.0
658,2021-09-30 10:10:55,32400.0,1300.0,263200.0
659,2021-09-30 10:10:51,32400.0,500.0,261900.0
660,2021-09-30 10:10:25,32450.0,1000.0,261400.0
661,2021-09-30 10:10:25,32450.0,500.0,260400.0
662,2021-09-30 10:10:12,32450.0,100.0,259900.0
663,2021-09-30 10:10:12,32450.0,400.0,259800.0
664,2021-09-30 10:09:24,32450.0,100.0,259400.0
665,2021-09-30 10:09:24,32450.0,1000.0,259300.0
666,2021-09-30 10:09:24,32450.0,100.0,258300.0
667,2021-09-30 10:08:35,32500.0,500.0,258200.0
668,2021-09-30 10:08:35,32500.0,500.0,257700.0
669,2021-09-30 10:08:35,32500.0,300.0,257200.0
670,2021-09-30 10:08:35,32500.0,200.0,256900.0
671,2021-09-30 10:08:35,32500.0,200.0,256700.0
672,2021-09-30 10:08:35,32450.0,500.0,256500.0
673,2021-09-30 10:08:35,32450.0,200.0,256000.0
674,2021-09-30 10:08:35,32450.0,100.0,255800.0
675,2021-09-30 10:08:35,32450.0,500.0,255700.0
676,2021-09-30 10:08:34,32400.0,500.0,255200.0
677,2021-09-30 10:08:23,32450.0,500.0,254700.0
678,2021-09-30 10:08:21,32450.0,1000.0,254200.0
679,2021-09-30 10:08:17,32450.0,300.0,253200.0
680,2021-09-30 10:08:04,32450.0,1700.0,252900.0
681,2021-09-30 10:08:00,32450.0,100.0,251200.0
682,2021-09-30 10:08:00,32450.0,200.0,251100.0
683,2021-09-30 10:08:00,32450.0,1000.0,250900.0
684,2021-09-30 10:08:00,32400.0,100.0,249900.0
685,2021-09-30 10:07:56,32450.0,100.0,249800.0
686,2021-09-30 10:07:53,32400.0,1000.0,249700.0
687,2021-09-30 10:07:30,32400.0,100.0,248700.0
688,2021-09-30 10:07:30,32400.0,1400.0,248600.0
689,2021-09-30 10:07:30,32400.0,100.0,247200.0
690,2021-09-30 10:07:16,32400.0,1900.0,247100.0
691,2021-09-30 10:07:16,32400.0,400.0,245200.0
692,2021-09-30 10:07:16,32400.0,2000.0,244800.0
693,2021-09-30 10:07:16,32400.0,2000.0,242800.0
694,2021-09-30 10:07:16,32400.0,100.0,240800.0
695,2021-09-30 10:07:16,32400.0,1100.0,240700.0
696,2021-09-30 10:07:16,32400.0,500.0,239600.0
697,2021-09-30 10:07:16,32400.0,600.0,239100.0
698,2021-09-30 10:07:16,32400.0,300.0,238500.0
699,2021-09-30 10:07:16,32400.0,200.0,238200.0
700,2021-09-30 10:07:16,32400.0,100.0,238000.0
701,2021-09-30 10:07:16,32400.0,300.0,237900.0
702,2021-09-30 10:07:16,32400.0,500.0,237600.0
703,2021-09-30 10:07:12,32400.0,5000.0,237100.0
704,2021-09-30 10:06:47,32400.0,13500.0,232100.0
705,2021-09-30 10:06:47,32400.0,300.0,218600.0
706,2021-09-30 10:06:47,32400.0,5000.0,218300.0
707,2021-09-30 10:06:47,32400.0,11200.0,213300.0
708,2021-09-30 10:06:47,32350.0,100.0,202100.0
709,2021-09-30 10:06:47,32350.0,1000.0,202000.0
710,2021-09-30 10:06:47,32350.0,200.0,201000.0
711,2021-09-30 10:06:47,32350.0,100.0,200800.0
712,2021-09-30 10:06:47,32350.0,100.0,200700.0
713,2021-09-30 10:06:47,32350.0,200.0,200600.0
714,2021-09-30 10:06:47,32350.0,100.0,200400.0
715,2021-09-30 10:06:47,32350.0,300.0,200300.0
716,2021-09-30 10:06:47,32350.0,300.0,200000.0
717,2021-09-30 10:06:47,32350.0,1000.0,199700.0
718,2021-09-30 10:06:47,32350.0,100.0,198700.0
719,2021-09-30 10:06:44,32350.0,200.0,198600.0
720,2021-09-30 10:06:41,32350.0,3000.0,198400.0
721,2021-09-30 10:06:38,32350.0,100.0,195400.0
722,2021-09-30 10:06:37,32350.0,500.0,195300.0
723,2021-09-30 10:06:37,32350.0,1100.0,194800.0
724,2021-09-30 10:06:37,32350.0,300.0,193700.0
725,2021-09-30 10:06:29,32350.0,700.0,193400.0
726,2021-09-30 10:06:29,32350.0,800.0,192700.0
727,2021-09-30 10:06:29,32350.0,500.0,191900.0
728,2021-09-30 10:06:29,32350.0,300.0,191400.0
729,2021-09-30 10:06:17,32350.0,700.0,191100.0
730,2021-09-30 10:06:17,32350.0,300.0,190400.0
731,2021-09-30 10:05:59,32400.0,2600.0,190100.0
732,2021-09-30 10:05:21,32400.0,1200.0,187500.0
733,2021-09-30 10:05:21,32400.0,100.0,186300.0
734,2021-09-30 10:05:21,32400.0,700.0,186200.0
735,2021-09-30 10:05:09,32350.0,100.0,185500.0
736,2021-09-30 10:05:06,32400.0,500.0,185400.0
737,2021-09-30 10:03:43,32350.0,500.0,184900.0
738,2021-09-30 10:03:40,32350.0,1000.0,184400.0
739,2021-09-30 10:03:31,32400.0,500.0,183400.0
740,2021-09-30 10:03:30,32400.0,300.0,182900.0
741,2021-09-30 10:03:30,32400.0,200.0,182600.0
742,2021-09-30 10:03:28,32400.0,100.0,182400.0
743,2021-09-30 10:03:23,32400.0,400.0,182300.0
744,2021-09-30 10:03:16,32350.0,100.0,181900.0
745,2021-09-30 10:03:16,32350.0,4900.0,181800.0
746,2021-09-30 10:03:16,32400.0,100.0,176900.0
747,2021-09-30 10:03:12,32350.0,100.0,176800.0
748,2021-09-30 10:03:12,32350.0,200.0,176700.0
749,2021-09-30 10:02:52,32400.0,300.0,176500.0
750,2021-09-30 10:02:49,32350.0,1000.0,176200.0
751,2021-09-30 10:02:27,32350.0,1000.0,175200.0
752,2021-09-30 10:02:27,32350.0,1100.0,174200.0
753,2021-09-30 10:02:13,32350.0,500.0,173100.0
754,2021-09-30 10:02:13,32350.0,200.0,172600.0
755,2021-09-30 10:02:05,32350.0,200.0,172400.0
756,2021-09-30 10:01:56,32350.0,300.0,172200.0
757,2021-09-30 10:01:33,32350.0,1000.0,171900.0
758,2021-09-30 10:01:28,32350.0,1000.0,170900.0
759,2021-09-30 09:59:51,32400.0,900.0,169900.0
760,2021-09-30 09:59:51,32400.0,700.0,169000.0
761,2021-09-30 09:59:51,32350.0,1000.0,168300.0
762,2021-09-30 09:59:51,32350.0,100.0,167300.0
763,2021-09-30 09:59:51,32350.0,2500.0,167200.0
764,2021-09-30 09:59:51,32350.0,2000.0,164700.0
765,2021-09-30 09:59:51,32350.0,2000.0,162700.0
766,2021-09-30 09:59:51,32350.0,500.0,160700.0
767,2021-09-30 09:59:51,32300.0,2000.0,160200.0
768,2021-09-30 09:59:51,32300.0,400.0,158200.0
769,2021-09-30 09:59:51,32300.0,200.0,157800.0
770,2021-09-30 09:59:51,32300.0,900.0,157600.0
771,2021-09-30 09:59:51,32300.0,700.0,156700.0
772,2021-09-30 09:59:51,32300.0,500.0,156000.0
773,2021-09-30 09:59:51,32300.0,300.0,155500.0
774,2021-09-30 09:59:51,32300.0,300.0,155200.0
775,2021-09-30 09:59:51,32300.0,200.0,154900.0
776,2021-09-30 09:59:51,32300.0,1400.0,154700.0
777,2021-09-30 09:58:11,32250.0,1200.0,153300.0
778,2021-09-30 09:58:03,32250.0,700.0,152100.0
779,2021-09-30 09:57:05,32250.0,100.0,151400.0
780,2021-09-30 09:56:43,32300.0,100.0,151300.0
781,2021-09-30 09:56:43,32300.0,100.0,151200.0
782,2021-09-30 09:56:26,32300.0,2700.0,151100.0
783,2021-09-30 09:56:26,32300.0,500.0,148400.0
784,2021-09-30 09:56:26,32300.0,500.0,147900.0
785,2021-09-30 09:56:26,32300.0,300.0,147400.0
786,2021-09-30 09:56:26,32300.0,1000.0,147100.0
787,2021-09-30 09:56:26,32300.0,3000.0,146100.0
788,2021-09-30 09:56:26,32300.0,1000.0,143100.0
789,2021-09-30 09:56:26,32300.0,300.0,142100.0
790,2021-09-30 09:56:26,32300.0,700.0,141800.0
791,2021-09-30 09:56:16,32300.0,100.0,141100.0
792,2021-09-30 09:55:41,32300.0,100.0,141000.0
793,2021-09-30 09:55:18,32300.0,100.0,140900.0
794,2021-09-30 09:55:18,32300.0,100.0,140800.0
795,2021-09-30 09:55:09,32300.0,700.0,140700.0
796,2021-09-30 09:55:09,32300.0,800.0,140000.0
797,2021-09-30 09:55:08,32300.0,100.0,139200.0
798,2021-09-30 09:55:04,32300.0,100.0,139100.0
799,2021-09-30 09:55:02,32300.0,100.0,139000.0
800,2021-09-30 09:52:24,32300.0,300.0,138900.0
801,2021-09-30 09:52:15,32300.0,100.0,138600.0
802,2021-09-30 09:51:17,32300.0,100.0,138500.0
803,2021-09-30 09:51:00,32250.0,100.0,138400.0
804,2021-09-30 09:50:51,32250.0,900.0,138300.0
805,2021-09-30 09:50:51,32250.0,1200.0,137400.0
806,2021-09-30 09:50:44,32250.0,300.0,136200.0
807,2021-09-30 09:50:44,32250.0,6100.0,135900.0
808,2021-09-30 09:49:28,32250.0,100.0,129800.0
809,2021-09-30 09:48:35,32250.0,1900.0,129700.0
810,2021-09-30 09:47:39,32200.0,1400.0,127800.0
811,2021-09-30 09:47:34,32200.0,5000.0,126400.0
812,2021-09-30 09:47:34,32200.0,2300.0,121400.0
813,2021-09-30 09:47:34,32200.0,100.0,119100.0
814,2021-09-30 09:47:34,32200.0,100.0,119000.0
815,2021-09-30 09:47:34,32200.0,400.0,118900.0
816,2021-09-30 09:47:34,32200.0,3700.0,118500.0
817,2021-09-30 09:47:15,32250.0,100.0,114800.0
818,2021-09-30 09:46:12,32200.0,500.0,114700.0
819,2021-09-30 09:46:12,32200.0,1700.0,114200.0
820,2021-09-30 09:46:12,32200.0,800.0,112500.0
821,2021-09-30 09:45:08,32200.0,1000.0,111700.0
822,2021-09-30 09:44:53,32150.0,100.0,110700.0
823,2021-09-30 09:43:18,32150.0,100.0,110600.0
824,2021-09-30 09:43:18,32150.0,200.0,110500.0
825,2021-09-30 09:42:23,32150.0,100.0,110300.0
826,2021-09-30 09:42:23,32150.0,900.0,110200.0
827,2021-09-30 09:41:52,32150.0,100.0,109300.0
828,2021-09-30 09:41:52,32150.0,100.0,109200.0
829,2021-09-30 09:41:52,32150.0,100.0,109100.0
830,2021-09-30 09:41:52,32150.0,100.0,109000.0
831,2021-09-30 09:41:52,32150.0,100.0,108900.0
832,2021-09-30 09:41:34,32200.0,200.0,108800.0
833,2021-09-30 09:41:34,32200.0,100.0,108600.0
834,2021-09-30 09:40:53,32200.0,900.0,108500.0
835,2021-09-30 09:40:53,32200.0,400.0,107600.0
836,2021-09-30 09:40:32,32200.0,700.0,107200.0
837,2021-09-30 09:40:32,32200.0,500.0,106500.0
838,2021-09-30 09:40:32,32200.0,100.0,106000.0
839,2021-09-30 09:40:32,32200.0,700.0,105900.0
840,2021-09-30 09:39:56,32150.0,200.0,105200.0
841,2021-09-30 09:39:37,32150.0,200.0,105000.0
842,2021-09-30 09:39:21,32150.0,1800.0,104800.0
843,2021-09-30 09:39:21,32150.0,500.0,103000.0
844,2021-09-30 09:39:21,32150.0,300.0,102500.0
845,2021-09-30 09:39:21,32150.0,2100.0,102200.0
846,2021-09-30 09:38:48,32150.0,500.0,100100.0
847,2021-09-30 09:37:50,32150.0,100.0,99600.0
848,2021-09-30 09:37:50,32150.0,100.0,99500.0
849,2021-09-30 09:37:50,32150.0,500.0,99400.0
850,2021-09-30 09:37:50,32150.0,1700.0,98900.0
851,2021-09-30 09:36:58,32150.0,300.0,97200.0
852,2021-09-30 09:36:58,32150.0,700.0,96900.0
853,2021-09-30 09:36:43,32150.0,300.0,96200.0
854,2021-09-30 09:36:43,32150.0,200.0,95900.0
855,2021-09-30 09:36:08,32150.0,200.0,95700.0
856,2021-09-30 09:35:45,32150.0,100.0,95500.0
857,2021-09-30 09:34:00,32150.0,100.0,95400.0
858,2021-09-30 09:33:57,32150.0,300.0,95300.0
859,2021-09-30 09:33:46,32150.0,100.0,95000.0
860,2021-09-30 09:33:46,32150.0,400.0,94900.0
861,2021-09-30 09:33:41,32150.0,1000.0,94500.0
862,2021-09-30 09:33:27,32150.0,100.0,93500.0
863,2021-09-30 09:33:20,32150.0,2500.0,93400.0
864,2021-09-30 09:32:57,32150.0,100.0,90900.0
865,2021-09-30 09:32:47,32150.0,200.0,90800.0
866,2021-09-30 09:32:37,32100.0,200.0,90600.0
867,2021-09-30 09:32:34,32150.0,100.0,90400.0
868,2021-09-30 09:32:26,32150.0,500.0,90300.0
869,2021-09-30 09:32:26,32150.0,100.0,89800.0
870,2021-09-30 09:31:34,32150.0,500.0,89700.0
871,2021-09-30 09:31:16,32100.0,800.0,89200.0
872,2021-09-30 09:31:16,32100.0,100.0,88400.0
873,2021-09-30 09:31:03,32200.0,300.0,88300.0
874,2021-09-30 09:30:55,32200.0,100.0,88000.0
875,2021-09-30 09:30:55,32200.0,100.0,87900.0
876,2021-09-30 09:30:55,32200.0,100.0,87800.0
877,2021-09-30 09:30:55,32200.0,1300.0,87700.0
878,2021-09-30 09:30:55,32200.0,100.0,86400.0
879,2021-09-30 09:30:55,32200.0,2000.0,86300.0
880,2021-09-30 09:30:55,32200.0,300.0,84300.0
881,2021-09-30 09:30:55,32200.0,400.0,84000.0
882,2021-09-30 09:30:55,32200.0,200.0,83600.0
883,2021-09-30 09:30:55,32200.0,100.0,83400.0
884,2021-09-30 09:30:55,32200.0,2000.0,83300.0
885,2021-09-30 09:30:55,32200.0,500.0,81300.0
886,2021-09-30 09:30:55,32200.0,1000.0,80800.0
887,2021-09-30 09:30:55,32200.0,100.0,79800.0
888,2021-09-30 09:30:55,32200.0,700.0,79700.0
889,2021-09-30 09:30:55,32300.0,100.0,79000.0
890,2021-09-30 09:28:50,32300.0,100.0,78900.0
891,2021-09-30 09:28:16,32300.0,100.0,78800.0
892,2021-09-30 09:28:06,32300.0,1000.0,78700.0
893,2021-09-30 09:26:17,32300.0,100.0,77700.0
894,2021-09-30 09:25:57,32300.0,8000.0,77600.0
895,2021-09-30 09:25:57,32300.0,500.0,69600.0
896,2021-09-30 09:25:57,32300.0,200.0,69100.0
897,2021-09-30 09:25:57,32300.0,200.0,68900.0
898,2021-09-30 09:25:57,32300.0,3800.0,68700.0
899,2021-09-30 09:25:53,32400.0,200.0,64900.0
900,2021-09-30 09:25:27,32400.0,4100.0,64700.0
901,2021-09-30 09:25:27,32400.0,5400.0,60600.0
902,2021-09-30 09:25:27,32400.0,500.0,55200.0
903,2021-09-30 09:25:25,32300.0,3200.0,54700.0
904,2021-09-30 09:25:25,32300.0,1800.0,51500.0
905,2021-09-30 09:25:15,32300.0,200.0,49700.0
906,2021-09-30 09:25:12,32300.0,100.0,49500.0
907,2021-09-30 09:25:03,32300.0,500.0,49400.0
908,2021-09-30 09:24:45,32300.0,400.0,48900.0
909,2021-09-30 09:24:45,32300.0,100.0,48500.0
910,2021-09-30 09:24:45,32300.0,2500.0,48400.0
911,2021-09-30 09:23:25,32300.0,100.0,45900.0
912,2021-09-30 09:21:24,32300.0,500.0,45800.0
913,2021-09-30 09:21:22,32300.0,200.0,45300.0
914,2021-09-30 09:21:22,32300.0,100.0,45100.0
915,2021-09-30 09:21:22,32300.0,6600.0,45000.0
916,2021-09-30 09:21:14,32300.0,500.0,38400.0
917,2021-09-30 09:21:12,32300.0,2500.0,37900.0
918,2021-09-30 09:21:05,32300.0,1000.0,35400.0
919,2021-09-30 09:20:30,32200.0,2600.0,34400.0
920,2021-09-30 09:20:23,32200.0,1200.0,31800.0
921,2021-09-30 09:20:02,32300.0,100.0,30600.0
922,2021-09-30 09:19:52,32300.0,100.0,30500.0
923,2021-09-30 09:19:31,32300.0,300.0,30400.0
924,2021-09-30 09:18:39,32200.0,500.0,30100.0
925,2021-09-30 09:18:39,32200.0,200.0,29600.0
926,2021-09-30 09:18:39,32200.0,300.0,29400.0
927,2021-09-30 09:18:39,32200.0,500.0,29100.0
928,2021-09-30 09:18:39,32200.0,600.0,28600.0
929,2021-09-30 09:18:39,32200.0,1000.0,28000.0
930,2021-09-30 09:18:39,32200.0,100.0,27000.0
931,2021-09-30 09:18:39,32200.0,300.0,26900.0
932,2021-09-30 09:18:39,32200.0,200.0,26600.0
933,2021-09-30 09:18:39,32200.0,1300.0,26400.0
934,2021-09-30 09:18:15,32300.0,200.0,25100.0
935,2021-09-30 09:18:14,32300.0,100.0,24900.0
936,2021-09-30 09:18:14,32300.0,3000.0,24800.0
937,2021-09-30 09:18:14,32300.0,4800.0,21800.0
938,2021-09-30 09:18:14,32400.0,800.0,17000.0
939,2021-09-30 09:18:11,32400.0,100.0,16200.0
940,2021-09-30 09:18:11,32400.0,100.0,16100.0
941,2021-09-30 09:17:41,32300.0,200.0,16000.0
942,2021-09-30 09:17:34,32300.0,100.0,15800.0
943,2021-09-30 09:17:34,32300.0,100.0,15700.0
944,2021-09-30 09:17:26,32300.0,100.0,15600.0
945,2021-09-30 09:17:17,32300.0,1000.0,15500.0
946,2021-09-30 09:17:17,32300.0,500.0,14500.0
947,2021-09-30 09:17:05,32300.0,100.0,14000.0
948,2021-09-30 09:16:57,32400.0,1000.0,13900.0
949,2021-09-30 09:16:54,32400.0,100.0,12900.0
950,2021-09-30 09:16:53,32400.0,3900.0,12800.0
951,2021-09-30 09:16:53,32400.0,1000.0,8900.0
952,2021-09-30 09:16:53,32400.0,100.0,7900.0
953,2021-09-30 09:16:39,32300.0,800.0,7800.0
954,2021-09-30 09:16:39,32300.0,100.0,7000.0
955,2021-09-30 09:16:16,32300.0,100.0,6900.0
956,2021-09-30 09:16:03,32200.0,1000.0,6800.0
957,2021-09-30 09:15:00,32200.0,500.0,5800.0
958,2021-09-30 09:15:00,32200.0,700.0,5300.0
959,2021-09-30 09:15:00,32200.0,100.0,4600.0
960,2021-09-30 09:15:00,32200.0,1400.0,4500.0
961,2021-09-30 09:15:00,32200.0,100.0,3100.0
962,2021-09-30 09:15:00,32200.0,500.0,3000.0
963,2021-09-30 09:15:00,32200.0,100.0,2500.0
964,2021-09-30 09:15:00,32200.0,400.0,2400.0
965,2021-09-30 09:15:00,32200.0,200.0,2000.0
966,2021-09-30 09:15:00,32200.0,200.0,1800.0
967,2021-09-30 09:15:00,32200.0,500.0,1600.0
968,2021-09-30 09:15:00,32200.0,100.0,1100.0
969,2021-09-30 09:15:00,32200.0,1000.0,1000.0
