,Time,Price,Volume_per_trade,Volume
0,2021-10-22 07:45:01,31900.0,100.0,1168200.0
1,2021-10-22 07:45:01,31900.0,1900.0,1168100.0
2,2021-10-22 07:45:01,31900.0,500.0,1166200.0
3,2021-10-22 07:45:01,31900.0,200.0,1165700.0
4,2021-10-22 07:45:01,31900.0,2000.0,1165500.0
5,2021-10-22 07:45:01,31900.0,3200.0,1163500.0
6,2021-10-22 07:45:01,31900.0,1800.0,1160300.0
7,2021-10-22 07:45:01,31900.0,3200.0,1158500.0
8,2021-10-22 07:45:01,31900.0,300.0,1155300.0
9,2021-10-22 07:45:01,31900.0,200.0,1155000.0
10,2021-10-22 07:45:01,31900.0,600.0,1154800.0
11,2021-10-22 07:45:01,31900.0,100.0,1154200.0
12,2021-10-22 07:45:01,31900.0,300.0,1154100.0
13,2021-10-22 07:45:01,31900.0,1000.0,1153800.0
14,2021-10-22 07:45:01,31900.0,3000.0,1152800.0
15,2021-10-22 07:45:01,31900.0,200.0,1149800.0
16,2021-10-22 07:45:01,31900.0,100.0,1149600.0
17,2021-10-22 07:45:01,31900.0,100.0,1149500.0
18,2021-10-22 07:45:01,31900.0,100.0,1149400.0
19,2021-10-22 07:45:01,31900.0,700.0,1149300.0
20,2021-10-22 07:45:01,31900.0,4600.0,1148600.0
21,2021-10-22 07:45:01,31900.0,1400.0,1144000.0
22,2021-10-22 07:45:01,31900.0,1000.0,1142600.0
23,2021-10-22 07:45:01,31900.0,600.0,1141600.0
24,2021-10-22 07:45:01,31900.0,100.0,1141000.0
25,2021-10-22 07:45:01,31900.0,100.0,1140900.0
26,2021-10-22 07:45:01,31900.0,200.0,1140800.0
27,2021-10-22 07:28:58,31950.0,1000.0,1140600.0
28,2021-10-22 07:28:42,31950.0,2000.0,1139600.0
29,2021-10-22 07:28:16,31900.0,200.0,1137600.0
30,2021-10-22 07:27:57,31950.0,500.0,1137400.0
31,2021-10-22 07:27:32,31950.0,900.0,1136900.0
32,2021-10-22 07:26:47,31950.0,100.0,1136000.0
33,2021-10-22 07:26:37,31950.0,200.0,1135900.0
34,2021-10-22 07:25:08,31900.0,100.0,1135700.0
35,2021-10-22 07:25:08,31900.0,1000.0,1135600.0
36,2021-10-22 07:25:08,31900.0,100.0,1134600.0
37,2021-10-22 07:25:08,31900.0,4300.0,1134500.0
38,2021-10-22 07:25:02,31900.0,100.0,1130200.0
39,2021-10-22 07:24:32,31900.0,200.0,1130100.0
40,2021-10-22 07:24:10,31900.0,300.0,1129900.0
41,2021-10-22 07:24:10,31800.0,300.0,1129600.0
42,2021-10-22 07:24:10,31850.0,1000.0,1129300.0
43,2021-10-22 07:24:10,31850.0,200.0,1128300.0
44,2021-10-22 07:24:10,31850.0,1100.0,1128100.0
45,2021-10-22 07:24:10,31850.0,700.0,1127000.0
46,2021-10-22 07:24:10,31850.0,500.0,1126300.0
47,2021-10-22 07:24:10,31850.0,1200.0,1125800.0
48,2021-10-22 07:23:46,31850.0,800.0,1124600.0
49,2021-10-22 07:23:46,31850.0,200.0,1123800.0
50,2021-10-22 07:23:21,31850.0,500.0,1123600.0
51,2021-10-22 07:23:16,31850.0,1300.0,1123100.0
52,2021-10-22 07:23:16,31850.0,100.0,1121800.0
53,2021-10-22 07:23:16,31850.0,100.0,1121700.0
54,2021-10-22 07:23:16,31850.0,1500.0,1121600.0
55,2021-10-22 07:23:07,31900.0,1500.0,1120100.0
56,2021-10-22 07:22:53,31850.0,100.0,1118600.0
57,2021-10-22 07:22:47,31850.0,2200.0,1118500.0
58,2021-10-22 07:22:14,31850.0,100.0,1116300.0
59,2021-10-22 07:21:31,31900.0,2600.0,1116200.0
60,2021-10-22 07:21:31,31900.0,1400.0,1113600.0
61,2021-10-22 07:21:03,31900.0,1000.0,1112200.0
62,2021-10-22 07:20:50,31850.0,1100.0,1111200.0
63,2021-10-22 07:20:50,31850.0,5000.0,1110100.0
64,2021-10-22 07:20:50,31850.0,1000.0,1105100.0
65,2021-10-22 07:20:50,31850.0,500.0,1104100.0
66,2021-10-22 07:20:50,31850.0,200.0,1103600.0
67,2021-10-22 07:20:50,31850.0,100.0,1103400.0
68,2021-10-22 07:20:50,31850.0,100.0,1103300.0
69,2021-10-22 07:20:03,31900.0,1400.0,1103200.0
70,2021-10-22 07:20:03,31900.0,600.0,1101800.0
71,2021-10-22 07:19:54,31850.0,200.0,1101200.0
72,2021-10-22 07:19:54,31850.0,100.0,1101000.0
73,2021-10-22 07:19:54,31850.0,300.0,1100900.0
74,2021-10-22 07:19:54,31850.0,2400.0,1100600.0
75,2021-10-22 07:19:29,31850.0,2600.0,1098200.0
76,2021-10-22 07:19:29,31850.0,500.0,1095600.0
77,2021-10-22 07:19:29,31850.0,4900.0,1095100.0
78,2021-10-22 07:19:24,31850.0,100.0,1090200.0
79,2021-10-22 07:19:11,31900.0,200.0,1090100.0
80,2021-10-22 07:17:56,31900.0,1000.0,1089900.0
81,2021-10-22 07:17:56,31900.0,500.0,1088900.0
82,2021-10-22 07:17:56,31900.0,1000.0,1088400.0
83,2021-10-22 07:17:56,31900.0,500.0,1087400.0
84,2021-10-22 07:17:56,31900.0,3200.0,1086900.0
85,2021-10-22 07:16:45,31950.0,1100.0,1083700.0
86,2021-10-22 07:16:21,31900.0,2200.0,1082600.0
87,2021-10-22 07:16:04,31900.0,500.0,1080400.0
88,2021-10-22 07:15:59,31950.0,500.0,1079900.0
89,2021-10-22 07:15:57,31900.0,1500.0,1079400.0
90,2021-10-22 07:15:53,31900.0,200.0,1077900.0
91,2021-10-22 07:15:53,31900.0,2400.0,1077700.0
92,2021-10-22 07:15:53,31900.0,500.0,1075300.0
93,2021-10-22 07:15:53,31900.0,100.0,1074800.0
94,2021-10-22 07:15:53,31900.0,500.0,1074700.0
95,2021-10-22 07:15:53,31900.0,100.0,1074200.0
96,2021-10-22 07:15:53,31900.0,300.0,1074100.0
97,2021-10-22 07:15:53,31900.0,100.0,1073800.0
98,2021-10-22 07:15:53,31900.0,500.0,1073700.0
99,2021-10-22 07:15:47,31900.0,1300.0,1073200.0
100,2021-10-22 07:15:47,31900.0,500.0,1071900.0
101,2021-10-22 07:15:47,31900.0,400.0,1071400.0
102,2021-10-22 07:15:47,31900.0,800.0,1071000.0
103,2021-10-22 07:15:42,31900.0,100.0,1070200.0
104,2021-10-22 07:15:41,31900.0,2500.0,1070100.0
105,2021-10-22 07:15:29,31900.0,5000.0,1067600.0
106,2021-10-22 07:15:12,31900.0,1600.0,1062600.0
107,2021-10-22 07:15:12,31900.0,1900.0,1061000.0
108,2021-10-22 07:14:13,31900.0,5000.0,1059100.0
109,2021-10-22 07:12:59,31900.0,1000.0,1054100.0
110,2021-10-22 07:12:36,31950.0,300.0,1053100.0
111,2021-10-22 07:12:36,31950.0,100.0,1052800.0
112,2021-10-22 07:12:36,31950.0,1200.0,1052700.0
113,2021-10-22 07:12:28,31950.0,1800.0,1051500.0
114,2021-10-22 07:12:22,31950.0,100.0,1049700.0
115,2021-10-22 07:12:17,31950.0,200.0,1049600.0
116,2021-10-22 07:11:06,31950.0,1500.0,1049400.0
117,2021-10-22 07:10:46,31950.0,3400.0,1047900.0
118,2021-10-22 07:10:36,31950.0,200.0,1044500.0
119,2021-10-22 07:10:34,31950.0,100.0,1044300.0
120,2021-10-22 07:10:34,31950.0,1000.0,1044200.0
121,2021-10-22 07:10:34,31950.0,500.0,1043200.0
122,2021-10-22 07:10:22,31900.0,300.0,1042700.0
123,2021-10-22 07:10:17,31900.0,800.0,1042400.0
124,2021-10-22 07:10:02,31900.0,3000.0,1041600.0
125,2021-10-22 07:09:45,31900.0,3000.0,1038600.0
126,2021-10-22 07:09:37,31900.0,100.0,1035600.0
127,2021-10-22 07:09:27,31900.0,100.0,1035500.0
128,2021-10-22 07:09:18,31900.0,300.0,1035400.0
129,2021-10-22 07:09:09,31900.0,200.0,1035100.0
130,2021-10-22 07:09:09,31900.0,400.0,1034900.0
131,2021-10-22 07:08:31,31900.0,200.0,1034500.0
132,2021-10-22 07:08:28,31900.0,300.0,1034300.0
133,2021-10-22 07:08:28,31900.0,100.0,1034000.0
134,2021-10-22 07:08:28,31900.0,400.0,1033900.0
135,2021-10-22 07:08:16,31900.0,100.0,1033500.0
136,2021-10-22 07:07:50,31900.0,800.0,1033400.0
137,2021-10-22 07:07:26,31900.0,300.0,1032600.0
138,2021-10-22 07:07:26,31900.0,1400.0,1032300.0
139,2021-10-22 07:07:18,31950.0,100.0,1030900.0
140,2021-10-22 07:06:05,31950.0,100.0,1030800.0
141,2021-10-22 07:06:04,31950.0,1000.0,1030700.0
142,2021-10-22 07:05:53,31950.0,900.0,1029700.0
143,2021-10-22 07:05:14,31950.0,100.0,1028800.0
144,2021-10-22 07:05:12,31900.0,200.0,1028700.0
145,2021-10-22 07:05:12,31900.0,1500.0,1028500.0
146,2021-10-22 07:04:36,31900.0,1000.0,1027000.0
147,2021-10-22 07:04:27,31900.0,1000.0,1026000.0
148,2021-10-22 07:04:24,31900.0,500.0,1025000.0
149,2021-10-22 07:04:08,31900.0,400.0,1024500.0
150,2021-10-22 07:04:07,31900.0,1000.0,1024100.0
151,2021-10-22 07:03:44,31900.0,4600.0,1023100.0
152,2021-10-22 07:03:44,31900.0,100.0,1018500.0
153,2021-10-22 07:03:44,31900.0,200.0,1018400.0
154,2021-10-22 07:03:44,31900.0,100.0,1018200.0
155,2021-10-22 07:03:13,31900.0,200.0,1018100.0
156,2021-10-22 07:03:13,31900.0,100.0,1017900.0
157,2021-10-22 07:03:13,31900.0,1000.0,1017800.0
158,2021-10-22 07:03:13,31900.0,3700.0,1016800.0
159,2021-10-22 07:02:57,31900.0,500.0,1013100.0
160,2021-10-22 07:02:46,31900.0,2000.0,1012600.0
161,2021-10-22 07:01:32,31900.0,100.0,1010600.0
162,2021-10-22 07:01:26,32000.0,100.0,1010500.0
163,2021-10-22 07:01:26,32000.0,500.0,1010400.0
164,2021-10-22 07:00:28,32000.0,100.0,1009900.0
165,2021-10-22 07:00:07,31900.0,3700.0,1009800.0
166,2021-10-22 07:00:00,31900.0,6300.0,1006100.0
167,2021-10-22 06:59:55,31900.0,3000.0,999800.0
168,2021-10-22 06:59:53,31900.0,500.0,996800.0
169,2021-10-22 06:59:44,31900.0,200.0,996300.0
170,2021-10-22 06:58:54,31850.0,600.0,996100.0
171,2021-10-22 06:58:54,31850.0,200.0,995500.0
172,2021-10-22 06:58:54,31850.0,1000.0,995300.0
173,2021-10-22 06:58:54,31850.0,100.0,994300.0
174,2021-10-22 06:58:54,31850.0,2000.0,994200.0
175,2021-10-22 06:58:54,31850.0,1000.0,992200.0
176,2021-10-22 06:58:54,31900.0,200.0,991200.0
177,2021-10-22 06:58:54,31900.0,9900.0,991000.0
178,2021-10-22 06:58:31,31900.0,100.0,981100.0
179,2021-10-22 06:58:31,31900.0,100.0,981000.0
180,2021-10-22 06:58:31,31900.0,100.0,980900.0
181,2021-10-22 06:58:31,31900.0,300.0,980800.0
182,2021-10-22 06:57:58,31900.0,800.0,980500.0
183,2021-10-22 06:57:58,31850.0,200.0,979700.0
184,2021-10-22 06:57:56,31850.0,200.0,979500.0
185,2021-10-22 06:57:56,31850.0,100.0,979300.0
186,2021-10-22 06:57:56,31850.0,200.0,979200.0
187,2021-10-22 06:57:56,31850.0,100.0,979000.0
188,2021-10-22 06:57:56,31850.0,1000.0,978900.0
189,2021-10-22 06:57:56,31850.0,300.0,977900.0
190,2021-10-22 06:57:56,31850.0,3900.0,977600.0
191,2021-10-22 06:57:53,31850.0,200.0,973700.0
192,2021-10-22 06:57:27,31850.0,900.0,973500.0
193,2021-10-22 06:57:27,31850.0,100.0,972600.0
194,2021-10-22 06:57:07,31850.0,200.0,972500.0
195,2021-10-22 06:55:20,31900.0,200.0,972300.0
196,2021-10-22 06:55:20,31900.0,800.0,972100.0
197,2021-10-22 06:54:47,31900.0,800.0,971300.0
198,2021-10-22 06:54:41,31850.0,800.0,970500.0
199,2021-10-22 06:54:41,31850.0,200.0,969700.0
200,2021-10-22 06:54:34,31900.0,1500.0,969500.0
201,2021-10-22 06:54:29,31900.0,500.0,968000.0
202,2021-10-22 06:54:29,31900.0,700.0,967500.0
203,2021-10-22 06:54:29,31900.0,500.0,966800.0
204,2021-10-22 06:54:29,31900.0,100.0,966300.0
205,2021-10-22 06:54:29,31900.0,1000.0,966200.0
206,2021-10-22 06:54:29,31900.0,300.0,965200.0
207,2021-10-22 06:54:29,31900.0,1000.0,964900.0
208,2021-10-22 06:54:29,31900.0,300.0,963900.0
209,2021-10-22 06:54:29,31900.0,300.0,963600.0
210,2021-10-22 06:54:29,31900.0,500.0,963300.0
211,2021-10-22 06:54:29,31900.0,500.0,962800.0
212,2021-10-22 06:54:29,31900.0,200.0,962300.0
213,2021-10-22 06:54:29,31900.0,300.0,962100.0
214,2021-10-22 06:54:29,31900.0,200.0,961800.0
215,2021-10-22 06:54:29,31900.0,1000.0,961600.0
216,2021-10-22 06:54:29,31900.0,100.0,960600.0
217,2021-10-22 06:54:29,31900.0,100.0,960500.0
218,2021-10-22 06:54:29,31900.0,200.0,960400.0
219,2021-10-22 06:54:29,31900.0,5000.0,960200.0
220,2021-10-22 06:54:29,31900.0,4000.0,955200.0
221,2021-10-22 06:54:14,31900.0,200.0,951200.0
222,2021-10-22 06:54:11,31900.0,800.0,951000.0
223,2021-10-22 06:54:11,31900.0,100.0,950200.0
224,2021-10-22 06:54:11,31900.0,200.0,950100.0
225,2021-10-22 06:54:11,31900.0,100.0,949900.0
226,2021-10-22 06:54:11,31900.0,100.0,949800.0
227,2021-10-22 06:54:11,31900.0,1700.0,949700.0
228,2021-10-22 06:53:33,31900.0,100.0,948000.0
229,2021-10-22 06:52:33,32000.0,100.0,947900.0
230,2021-10-22 06:52:33,32000.0,500.0,947800.0
231,2021-10-22 06:52:33,32000.0,400.0,947300.0
232,2021-10-22 06:51:06,32000.0,100.0,946900.0
233,2021-10-22 06:49:33,32000.0,400.0,946800.0
234,2021-10-22 06:49:33,32000.0,100.0,946400.0
235,2021-10-22 06:49:29,32000.0,100.0,946300.0
236,2021-10-22 06:48:05,32000.0,100.0,946200.0
237,2021-10-22 06:46:39,31900.0,200.0,946100.0
238,2021-10-22 06:46:39,31900.0,1000.0,945900.0
239,2021-10-22 06:46:39,31900.0,200.0,944900.0
240,2021-10-22 06:46:39,31900.0,500.0,944700.0
241,2021-10-22 06:46:39,31950.0,100.0,944200.0
242,2021-10-22 06:46:39,31950.0,200.0,944100.0
243,2021-10-22 06:46:39,31950.0,1000.0,943900.0
244,2021-10-22 06:46:39,31950.0,300.0,942900.0
245,2021-10-22 06:46:39,31950.0,5000.0,942600.0
246,2021-10-22 06:46:39,31950.0,1000.0,937600.0
247,2021-10-22 06:46:39,31950.0,100.0,936600.0
248,2021-10-22 06:46:39,32050.0,400.0,936500.0
249,2021-10-22 06:46:37,32050.0,200.0,936100.0
250,2021-10-22 06:46:36,32050.0,100.0,935900.0
251,2021-10-22 06:46:36,32000.0,100.0,935800.0
252,2021-10-22 06:46:36,32000.0,500.0,935700.0
253,2021-10-22 06:46:36,32000.0,700.0,935200.0
254,2021-10-22 06:46:05,32000.0,5000.0,934500.0
255,2021-10-22 06:46:05,32000.0,100.0,929500.0
256,2021-10-22 06:46:05,32000.0,1000.0,929400.0
257,2021-10-22 06:46:05,32000.0,400.0,928400.0
258,2021-10-22 06:46:05,32000.0,2800.0,928000.0
259,2021-10-22 06:46:04,32050.0,100.0,925200.0
260,2021-10-22 06:45:51,32000.0,1200.0,925100.0
261,2021-10-22 06:45:51,32000.0,5000.0,923900.0
262,2021-10-22 06:45:51,32000.0,1000.0,918900.0
263,2021-10-22 06:45:51,32000.0,100.0,917900.0
264,2021-10-22 06:45:51,32000.0,200.0,917800.0
265,2021-10-22 06:45:51,32000.0,100.0,917600.0
266,2021-10-22 06:45:51,32000.0,600.0,917500.0
267,2021-10-22 06:45:51,32000.0,400.0,916900.0
268,2021-10-22 06:45:51,32000.0,500.0,916500.0
269,2021-10-22 06:45:51,32000.0,400.0,916000.0
270,2021-10-22 06:45:51,32000.0,1000.0,915600.0
271,2021-10-22 06:45:51,32000.0,100.0,914600.0
272,2021-10-22 06:45:51,32000.0,500.0,914500.0
273,2021-10-22 06:45:51,32000.0,500.0,914000.0
274,2021-10-22 06:45:51,32000.0,3000.0,913500.0
275,2021-10-22 06:45:51,32000.0,500.0,910500.0
276,2021-10-22 06:45:51,32000.0,500.0,910000.0
277,2021-10-22 06:45:51,32000.0,100.0,909500.0
278,2021-10-22 06:45:51,32000.0,200.0,909400.0
279,2021-10-22 06:45:51,32000.0,100.0,909200.0
280,2021-10-22 06:45:51,32000.0,100.0,909100.0
281,2021-10-22 06:45:51,32000.0,300.0,909000.0
282,2021-10-22 06:45:51,32000.0,500.0,908700.0
283,2021-10-22 06:45:51,32000.0,500.0,908200.0
284,2021-10-22 06:45:51,32000.0,1000.0,907700.0
285,2021-10-22 06:45:51,32000.0,1500.0,906700.0
286,2021-10-22 06:45:51,32000.0,100.0,905200.0
287,2021-10-22 06:45:31,32000.0,100.0,905100.0
288,2021-10-22 06:45:31,32000.0,200.0,905000.0
289,2021-10-22 06:45:31,32000.0,1000.0,904800.0
290,2021-10-22 06:45:31,32000.0,500.0,903800.0
291,2021-10-22 06:45:31,32000.0,100.0,903300.0
292,2021-10-22 06:45:31,32000.0,100.0,903200.0
293,2021-10-22 06:44:50,32100.0,800.0,903100.0
294,2021-10-22 06:44:50,32100.0,1000.0,902300.0
295,2021-10-22 06:44:50,32100.0,200.0,901300.0
296,2021-10-22 06:44:36,32100.0,100.0,901100.0
297,2021-10-22 06:44:34,32100.0,100.0,901000.0
298,2021-10-22 06:44:34,32100.0,100.0,900900.0
299,2021-10-22 06:44:34,32100.0,700.0,900800.0
300,2021-10-22 06:44:34,32050.0,200.0,900100.0
301,2021-10-22 06:44:34,32050.0,900.0,899900.0
302,2021-10-22 06:44:28,32050.0,100.0,899000.0
303,2021-10-22 06:44:16,32000.0,100.0,898900.0
304,2021-10-22 06:44:13,32000.0,400.0,898800.0
305,2021-10-22 06:43:49,32000.0,1400.0,898400.0
306,2021-10-22 06:43:49,32000.0,100.0,897000.0
307,2021-10-22 06:43:49,32000.0,100.0,896900.0
308,2021-10-22 06:43:49,32000.0,800.0,896800.0
309,2021-10-22 06:43:34,32000.0,200.0,896000.0
310,2021-10-22 06:43:34,32000.0,100.0,895800.0
311,2021-10-22 06:43:32,32000.0,400.0,895700.0
312,2021-10-22 06:43:32,32000.0,100.0,895300.0
313,2021-10-22 06:43:32,32000.0,500.0,895200.0
314,2021-10-22 06:42:57,32000.0,200.0,894700.0
315,2021-10-22 06:42:49,32000.0,300.0,894500.0
316,2021-10-22 06:42:49,32000.0,1000.0,894200.0
317,2021-10-22 06:42:49,32000.0,300.0,893200.0
318,2021-10-22 06:42:49,32000.0,200.0,892900.0
319,2021-10-22 06:42:49,32000.0,100.0,892700.0
320,2021-10-22 06:42:49,32000.0,100.0,892600.0
321,2021-10-22 06:42:40,32000.0,900.0,892500.0
322,2021-10-22 06:42:40,32000.0,100.0,891600.0
323,2021-10-22 06:41:51,32000.0,200.0,891500.0
324,2021-10-22 06:41:51,32000.0,800.0,891300.0
325,2021-10-22 06:41:41,32000.0,200.0,890500.0
326,2021-10-22 06:41:31,32050.0,100.0,890300.0
327,2021-10-22 06:41:20,32050.0,100.0,890200.0
328,2021-10-22 06:41:13,32050.0,400.0,890100.0
329,2021-10-22 06:41:10,32050.0,500.0,889700.0
330,2021-10-22 06:41:10,32050.0,100.0,889200.0
331,2021-10-22 06:41:10,32050.0,200.0,889100.0
332,2021-10-22 06:41:10,32050.0,200.0,888900.0
333,2021-10-22 06:41:10,32050.0,200.0,888700.0
334,2021-10-22 06:41:10,32050.0,300.0,888500.0
335,2021-10-22 06:41:10,32050.0,100.0,888200.0
336,2021-10-22 06:40:43,32050.0,400.0,888100.0
337,2021-10-22 06:40:43,32050.0,200.0,887700.0
338,2021-10-22 06:40:04,32050.0,300.0,887500.0
339,2021-10-22 06:40:04,32050.0,100.0,887200.0
340,2021-10-22 06:40:04,32050.0,600.0,887100.0
341,2021-10-22 06:39:59,32050.0,1000.0,886500.0
342,2021-10-22 06:39:40,32050.0,100.0,885500.0
343,2021-10-22 06:39:36,32050.0,2000.0,885400.0
344,2021-10-22 06:39:23,32050.0,800.0,883400.0
345,2021-10-22 06:39:23,32050.0,500.0,882600.0
346,2021-10-22 06:39:23,32050.0,100.0,882100.0
347,2021-10-22 06:39:23,32050.0,400.0,882000.0
348,2021-10-22 06:39:21,32050.0,100.0,881600.0
349,2021-10-22 06:39:17,32100.0,600.0,881500.0
350,2021-10-22 06:37:47,32100.0,2000.0,880900.0
351,2021-10-22 06:37:07,32100.0,200.0,878900.0
352,2021-10-22 06:37:05,32100.0,500.0,878700.0
353,2021-10-22 06:36:14,32100.0,500.0,878200.0
354,2021-10-22 06:36:10,32100.0,5500.0,877700.0
355,2021-10-22 06:36:10,32100.0,400.0,872200.0
356,2021-10-22 06:35:06,32100.0,100.0,871800.0
357,2021-10-22 06:34:49,32100.0,500.0,871700.0
358,2021-10-22 06:34:00,32100.0,100.0,871200.0
359,2021-10-22 06:34:00,32100.0,100.0,871100.0
360,2021-10-22 06:34:00,32100.0,600.0,871000.0
361,2021-10-22 06:34:00,32100.0,200.0,870400.0
362,2021-10-22 06:34:00,32100.0,500.0,870200.0
363,2021-10-22 06:33:44,32100.0,100.0,869700.0
364,2021-10-22 06:33:44,32100.0,200.0,869600.0
365,2021-10-22 06:32:50,32100.0,200.0,869400.0
366,2021-10-22 06:32:09,32100.0,200.0,869200.0
367,2021-10-22 06:31:37,32100.0,400.0,869000.0
368,2021-10-22 06:31:37,32100.0,1000.0,868600.0
369,2021-10-22 06:31:37,32100.0,1000.0,867600.0
370,2021-10-22 06:31:37,32100.0,1000.0,866600.0
371,2021-10-22 06:31:37,32100.0,1500.0,865600.0
372,2021-10-22 06:31:37,32100.0,100.0,864100.0
373,2021-10-22 06:30:13,32050.0,500.0,864000.0
374,2021-10-22 06:29:43,32100.0,200.0,863500.0
375,2021-10-22 06:29:00,32100.0,200.0,863300.0
376,2021-10-22 06:29:00,32100.0,500.0,863100.0
377,2021-10-22 06:29:00,32100.0,4300.0,862600.0
378,2021-10-22 06:28:48,32100.0,500.0,858300.0
379,2021-10-22 06:28:48,32100.0,100.0,857800.0
380,2021-10-22 06:28:48,32100.0,100.0,857700.0
381,2021-10-22 06:28:45,32100.0,100.0,857600.0
382,2021-10-22 06:28:45,32100.0,200.0,857500.0
383,2021-10-22 06:28:45,32100.0,700.0,857300.0
384,2021-10-22 06:28:29,32100.0,200.0,856600.0
385,2021-10-22 06:28:12,32100.0,1000.0,856400.0
386,2021-10-22 06:27:59,32100.0,300.0,855400.0
387,2021-10-22 06:27:45,32100.0,1000.0,855100.0
388,2021-10-22 06:27:38,32100.0,1000.0,854100.0
389,2021-10-22 06:27:31,32100.0,1000.0,853100.0
390,2021-10-22 06:27:09,32100.0,500.0,852100.0
391,2021-10-22 06:27:04,32100.0,100.0,851600.0
392,2021-10-22 06:26:59,32100.0,200.0,851500.0
393,2021-10-22 06:26:37,32100.0,300.0,851300.0
394,2021-10-22 06:26:37,32100.0,400.0,851000.0
395,2021-10-22 06:26:37,32100.0,1000.0,850600.0
396,2021-10-22 06:26:37,32100.0,500.0,849600.0
397,2021-10-22 06:26:37,32100.0,2800.0,849100.0
398,2021-10-22 06:25:48,32100.0,700.0,846300.0
399,2021-10-22 06:25:48,32100.0,1000.0,845600.0
400,2021-10-22 06:25:48,32100.0,400.0,844600.0
401,2021-10-22 06:25:48,32100.0,4700.0,844200.0
402,2021-10-22 06:24:34,32100.0,1000.0,839500.0
403,2021-10-22 06:24:09,32100.0,500.0,838500.0
404,2021-10-22 06:23:59,32100.0,1000.0,838000.0
405,2021-10-22 06:23:54,32100.0,100.0,837000.0
406,2021-10-22 06:23:51,32100.0,1000.0,836900.0
407,2021-10-22 06:23:46,32100.0,500.0,835900.0
408,2021-10-22 06:23:41,32100.0,300.0,835400.0
409,2021-10-22 06:23:27,32100.0,900.0,835100.0
410,2021-10-22 06:23:27,32100.0,400.0,834200.0
411,2021-10-22 06:22:40,32150.0,4400.0,833800.0
412,2021-10-22 06:21:08,32100.0,100.0,829400.0
413,2021-10-22 06:21:08,32100.0,1000.0,829300.0
414,2021-10-22 06:21:08,32100.0,500.0,828300.0
415,2021-10-22 06:20:37,32100.0,300.0,827800.0
416,2021-10-22 06:20:37,32100.0,300.0,827500.0
417,2021-10-22 06:20:37,32100.0,300.0,827200.0
418,2021-10-22 06:20:37,32100.0,200.0,826900.0
419,2021-10-22 06:20:37,32100.0,200.0,826700.0
420,2021-10-22 06:20:37,32100.0,4400.0,826500.0
421,2021-10-22 06:20:35,32100.0,500.0,822100.0
422,2021-10-22 06:20:17,32100.0,100.0,821600.0
423,2021-10-22 06:20:17,32100.0,100.0,821500.0
424,2021-10-22 06:19:21,32150.0,200.0,821400.0
425,2021-10-22 06:19:16,32150.0,100.0,821200.0
426,2021-10-22 06:17:07,32150.0,1500.0,821100.0
427,2021-10-22 06:15:54,32150.0,100.0,819600.0
428,2021-10-22 06:15:52,32050.0,13100.0,819500.0
429,2021-10-22 06:15:52,32100.0,300.0,806400.0
430,2021-10-22 06:15:52,32100.0,10000.0,806100.0
431,2021-10-22 06:15:52,32100.0,200.0,796100.0
432,2021-10-22 06:15:52,32100.0,1800.0,795900.0
433,2021-10-22 06:15:52,32100.0,2000.0,794100.0
434,2021-10-22 06:15:52,32100.0,300.0,792100.0
435,2021-10-22 06:15:52,32100.0,500.0,791800.0
436,2021-10-22 06:15:52,32100.0,100.0,791300.0
437,2021-10-22 06:15:52,32100.0,100.0,791200.0
438,2021-10-22 06:15:52,32100.0,100.0,791100.0
439,2021-10-22 06:15:52,32100.0,100.0,791000.0
440,2021-10-22 06:15:52,32100.0,100.0,790900.0
441,2021-10-22 06:15:52,32100.0,1300.0,790800.0
442,2021-10-22 06:15:45,32150.0,500.0,789500.0
443,2021-10-22 06:15:39,32100.0,700.0,789000.0
444,2021-10-22 06:15:39,32100.0,200.0,788300.0
445,2021-10-22 06:15:39,32100.0,1100.0,788100.0
446,2021-10-22 06:15:27,32150.0,100.0,787000.0
447,2021-10-22 06:14:42,32100.0,100.0,786900.0
448,2021-10-22 06:14:36,32100.0,500.0,786800.0
449,2021-10-22 06:13:57,32100.0,500.0,786300.0
450,2021-10-22 06:13:34,32100.0,200.0,785800.0
451,2021-10-22 06:12:55,32100.0,600.0,785600.0
452,2021-10-22 06:12:55,32100.0,300.0,785000.0
453,2021-10-22 06:12:55,32100.0,500.0,784700.0
454,2021-10-22 06:12:55,32100.0,200.0,784200.0
455,2021-10-22 06:12:55,32100.0,1200.0,784000.0
456,2021-10-22 06:12:21,32100.0,500.0,782800.0
457,2021-10-22 06:12:00,32100.0,1000.0,782300.0
458,2021-10-22 06:11:56,32100.0,300.0,781300.0
459,2021-10-22 06:11:56,32100.0,100.0,781000.0
460,2021-10-22 06:11:56,32100.0,300.0,780900.0
461,2021-10-22 06:11:56,32100.0,200.0,780600.0
462,2021-10-22 06:11:56,32100.0,1000.0,780400.0
463,2021-10-22 06:11:56,32100.0,3100.0,779400.0
464,2021-10-22 06:10:32,32100.0,500.0,776300.0
465,2021-10-22 06:10:01,32100.0,100.0,775800.0
466,2021-10-22 06:09:19,32100.0,2500.0,775700.0
467,2021-10-22 06:09:03,32150.0,100.0,773200.0
468,2021-10-22 06:08:46,32150.0,700.0,773100.0
469,2021-10-22 06:08:46,32150.0,200.0,772400.0
470,2021-10-22 06:08:46,32150.0,2000.0,772200.0
471,2021-10-22 06:08:46,32150.0,1000.0,770200.0
472,2021-10-22 06:08:46,32150.0,1900.0,769200.0
473,2021-10-22 06:08:45,32100.0,300.0,767300.0
474,2021-10-22 06:08:24,32150.0,100.0,767000.0
475,2021-10-22 06:08:24,32150.0,100.0,766900.0
476,2021-10-22 06:07:41,32150.0,500.0,766800.0
477,2021-10-22 06:07:33,32150.0,3500.0,766300.0
478,2021-10-22 06:07:22,32100.0,2000.0,762800.0
479,2021-10-22 06:06:57,32150.0,300.0,760800.0
480,2021-10-22 06:04:29,32150.0,200.0,760500.0
481,2021-10-22 06:04:29,32150.0,400.0,760300.0
482,2021-10-22 06:04:27,32150.0,1000.0,759900.0
483,2021-10-22 06:03:39,32150.0,100.0,758900.0
484,2021-10-22 06:03:31,32150.0,300.0,758800.0
485,2021-10-22 06:03:31,32150.0,100.0,758500.0
486,2021-10-22 06:02:22,32150.0,500.0,758400.0
487,2021-10-22 06:02:04,32150.0,300.0,757900.0
488,2021-10-22 06:02:04,32150.0,200.0,757600.0
489,2021-10-22 06:00:37,32150.0,100.0,757400.0
490,2021-10-22 06:00:27,32100.0,2000.0,757300.0
491,2021-10-22 06:00:24,32100.0,400.0,755300.0
492,2021-10-22 06:00:24,32150.0,200.0,754900.0
493,2021-10-22 06:00:23,32150.0,100.0,754700.0
494,2021-10-22 06:00:23,32150.0,400.0,754600.0
495,2021-10-22 06:00:20,32150.0,100.0,754200.0
496,2021-10-22 06:00:15,32150.0,100.0,754100.0
497,2021-10-22 06:00:12,32150.0,400.0,754000.0
498,2021-10-22 06:00:11,32150.0,100.0,753600.0
499,2021-10-22 06:00:11,32150.0,400.0,753500.0
500,2021-10-22 06:00:09,32150.0,100.0,753100.0
501,2021-10-22 06:00:03,32150.0,100.0,753000.0
502,2021-10-22 06:00:03,32100.0,100.0,752900.0
503,2021-10-22 06:00:03,32100.0,200.0,752800.0
504,2021-10-22 06:00:02,32100.0,100.0,752600.0
505,2021-10-22 06:00:02,32100.0,8700.0,752500.0
506,2021-10-22 06:00:02,32100.0,1300.0,743800.0
507,2021-10-22 04:29:40,32100.0,500.0,742500.0
508,2021-10-22 04:29:33,32150.0,4000.0,742000.0
509,2021-10-22 04:29:03,32150.0,2300.0,738000.0
510,2021-10-22 04:29:03,32150.0,1000.0,735700.0
511,2021-10-22 04:29:03,32150.0,1000.0,734700.0
512,2021-10-22 04:29:03,32150.0,200.0,733700.0
513,2021-10-22 04:29:03,32150.0,500.0,733500.0
514,2021-10-22 04:29:03,32150.0,1000.0,733000.0
515,2021-10-22 04:29:03,32200.0,100.0,732000.0
516,2021-10-22 04:29:03,32200.0,100.0,731900.0
517,2021-10-22 04:29:03,32200.0,100.0,731800.0
518,2021-10-22 04:29:03,32200.0,1000.0,731700.0
519,2021-10-22 04:29:03,32200.0,700.0,730700.0
520,2021-10-22 04:28:50,32200.0,100.0,730000.0
521,2021-10-22 04:28:50,32200.0,100.0,729900.0
522,2021-10-22 04:28:50,32200.0,100.0,729800.0
523,2021-10-22 04:28:50,32200.0,1100.0,729700.0
524,2021-10-22 04:28:31,32200.0,2000.0,728600.0
525,2021-10-22 04:28:30,32150.0,100.0,726600.0
526,2021-10-22 04:28:28,32200.0,400.0,726500.0
527,2021-10-22 04:28:27,32150.0,100.0,726100.0
528,2021-10-22 04:28:12,32200.0,1300.0,726000.0
529,2021-10-22 04:27:35,32200.0,200.0,724700.0
530,2021-10-22 04:27:19,32150.0,500.0,724500.0
531,2021-10-22 04:27:19,32150.0,1000.0,724000.0
532,2021-10-22 04:27:19,32150.0,4000.0,723000.0
533,2021-10-22 04:27:19,32150.0,3300.0,719000.0
534,2021-10-22 04:27:09,32150.0,1600.0,715700.0
535,2021-10-22 04:27:09,32150.0,200.0,714100.0
536,2021-10-22 04:27:04,32150.0,800.0,713900.0
537,2021-10-22 04:27:04,32150.0,200.0,713100.0
538,2021-10-22 04:26:50,32150.0,800.0,712900.0
539,2021-10-22 04:26:50,32150.0,100.0,712100.0
540,2021-10-22 04:26:50,32150.0,200.0,712000.0
541,2021-10-22 04:26:50,32150.0,10000.0,711800.0
542,2021-10-22 04:26:41,32100.0,100.0,701800.0
543,2021-10-22 04:26:03,32100.0,1000.0,701700.0
544,2021-10-22 04:25:59,32100.0,500.0,700700.0
545,2021-10-22 04:25:40,32100.0,500.0,700200.0
546,2021-10-22 04:25:32,32100.0,100.0,699700.0
547,2021-10-22 04:25:32,32100.0,1000.0,699600.0
548,2021-10-22 04:25:27,32050.0,1700.0,698600.0
549,2021-10-22 04:24:59,32050.0,2000.0,696900.0
550,2021-10-22 04:24:47,32050.0,100.0,694900.0
551,2021-10-22 04:24:34,32050.0,100.0,694800.0
552,2021-10-22 04:24:07,32050.0,100.0,694700.0
553,2021-10-22 04:24:04,32000.0,1000.0,694600.0
554,2021-10-22 04:23:28,32000.0,1500.0,693600.0
555,2021-10-22 04:23:28,32050.0,500.0,692100.0
556,2021-10-22 04:23:27,32100.0,100.0,691600.0
557,2021-10-22 04:23:27,32100.0,100.0,691500.0
558,2021-10-22 04:23:27,32100.0,100.0,691400.0
559,2021-10-22 04:23:27,32100.0,1000.0,691300.0
560,2021-10-22 04:23:27,32100.0,100.0,690300.0
561,2021-10-22 04:23:27,32100.0,1000.0,690200.0
562,2021-10-22 04:23:27,32100.0,5000.0,689200.0
563,2021-10-22 04:23:27,32100.0,500.0,684200.0
564,2021-10-22 04:23:27,32100.0,2100.0,683700.0
565,2021-10-22 04:23:07,32100.0,100.0,681600.0
566,2021-10-22 04:22:29,32050.0,100.0,681500.0
567,2021-10-22 04:22:23,32050.0,400.0,681400.0
568,2021-10-22 04:21:42,32000.0,200.0,681000.0
569,2021-10-22 04:20:13,32000.0,3900.0,680800.0
570,2021-10-22 04:19:54,32000.0,1000.0,676900.0
571,2021-10-22 04:19:48,32000.0,5100.0,675900.0
572,2021-10-22 04:19:39,32000.0,4900.0,670800.0
573,2021-10-22 04:19:39,32000.0,100.0,665900.0
574,2021-10-22 04:19:05,32100.0,100.0,665800.0
575,2021-10-22 04:18:59,32100.0,3400.0,665700.0
576,2021-10-22 04:18:49,32050.0,100.0,662300.0
577,2021-10-22 04:18:19,32000.0,200.0,662200.0
578,2021-10-22 04:18:07,32000.0,1000.0,662000.0
579,2021-10-22 04:18:07,32000.0,6800.0,661000.0
580,2021-10-22 04:18:07,32000.0,1500.0,654200.0
581,2021-10-22 04:18:07,32000.0,500.0,652700.0
582,2021-10-22 04:17:49,32050.0,900.0,652200.0
583,2021-10-22 04:17:49,32050.0,9100.0,651300.0
584,2021-10-22 04:17:12,32000.0,500.0,642200.0
585,2021-10-22 04:15:27,32050.0,100.0,641700.0
586,2021-10-22 04:15:21,32050.0,300.0,641600.0
587,2021-10-22 04:15:02,32050.0,500.0,641300.0
588,2021-10-22 04:14:46,32100.0,700.0,640800.0
589,2021-10-22 04:14:46,32000.0,9300.0,640100.0
590,2021-10-22 04:14:46,32000.0,700.0,630800.0
591,2021-10-22 04:14:32,32100.0,2500.0,630100.0
592,2021-10-22 04:14:32,32100.0,300.0,627600.0
593,2021-10-22 04:14:32,32100.0,200.0,627300.0
594,2021-10-22 04:14:32,32100.0,300.0,627100.0
595,2021-10-22 04:14:32,32100.0,100.0,626800.0
596,2021-10-22 04:14:32,32100.0,1000.0,626700.0
597,2021-10-22 04:14:32,32100.0,100.0,625700.0
598,2021-10-22 04:14:32,32100.0,100.0,625600.0
599,2021-10-22 04:14:32,32100.0,100.0,625500.0
600,2021-10-22 04:14:32,32100.0,600.0,625400.0
601,2021-10-22 04:14:32,32100.0,100.0,624800.0
602,2021-10-22 04:14:32,32100.0,500.0,624700.0
603,2021-10-22 04:14:32,32100.0,500.0,624200.0
604,2021-10-22 04:14:32,32100.0,1000.0,623700.0
605,2021-10-22 04:14:32,32100.0,100.0,622700.0
606,2021-10-22 04:14:32,32100.0,500.0,622600.0
607,2021-10-22 04:14:32,32100.0,500.0,622100.0
608,2021-10-22 04:14:32,32100.0,100.0,621600.0
609,2021-10-22 04:14:32,32100.0,100.0,621500.0
610,2021-10-22 04:14:32,32100.0,200.0,621400.0
611,2021-10-22 04:14:32,32100.0,1100.0,621200.0
612,2021-10-22 04:14:28,32000.0,300.0,620100.0
613,2021-10-22 04:14:25,32100.0,1000.0,619800.0
614,2021-10-22 04:14:20,32100.0,100.0,618800.0
615,2021-10-22 04:14:11,32100.0,700.0,618700.0
616,2021-10-22 04:14:11,32050.0,100.0,618000.0
617,2021-10-22 04:14:11,32050.0,1000.0,617900.0
618,2021-10-22 04:14:11,32050.0,100.0,616900.0
619,2021-10-22 04:14:11,32050.0,1000.0,616800.0
620,2021-10-22 04:14:11,32050.0,400.0,615800.0
621,2021-10-22 04:14:11,32000.0,1700.0,615400.0
622,2021-10-22 04:14:01,32000.0,8300.0,613700.0
623,2021-10-22 04:13:49,32000.0,1700.0,605400.0
624,2021-10-22 04:13:49,32000.0,2300.0,603700.0
625,2021-10-22 04:13:32,32000.0,1000.0,601400.0
626,2021-10-22 04:13:32,32000.0,200.0,600400.0
627,2021-10-22 04:13:32,32000.0,100.0,600200.0
628,2021-10-22 04:13:32,32000.0,2000.0,600100.0
629,2021-10-22 04:13:32,32000.0,200.0,598100.0
630,2021-10-22 04:13:32,32000.0,300.0,597900.0
631,2021-10-22 04:13:32,32000.0,500.0,597600.0
632,2021-10-22 04:13:32,32000.0,200.0,597100.0
633,2021-10-22 04:13:32,32000.0,400.0,596900.0
634,2021-10-22 04:13:32,32000.0,1000.0,596500.0
635,2021-10-22 04:13:32,32000.0,1800.0,595500.0
636,2021-10-22 04:13:22,32000.0,200.0,593700.0
637,2021-10-22 04:12:57,32000.0,1000.0,593500.0
638,2021-10-22 04:10:59,32000.0,4900.0,592500.0
639,2021-10-22 04:10:59,32000.0,2000.0,587600.0
640,2021-10-22 04:10:59,32000.0,1000.0,585600.0
641,2021-10-22 04:10:59,32000.0,1000.0,584600.0
642,2021-10-22 04:10:59,32000.0,200.0,583600.0
643,2021-10-22 04:10:59,32000.0,100.0,583400.0
644,2021-10-22 04:10:59,32000.0,800.0,583300.0
645,2021-10-22 04:09:51,32000.0,1200.0,582500.0
646,2021-10-22 04:09:51,32000.0,200.0,581300.0
647,2021-10-22 04:09:51,32000.0,100.0,581100.0
648,2021-10-22 04:09:51,32000.0,2000.0,581000.0
649,2021-10-22 04:09:19,31950.0,1000.0,579000.0
650,2021-10-22 04:08:47,31900.0,1700.0,578000.0
651,2021-10-22 04:08:22,31900.0,200.0,576300.0
652,2021-10-22 04:08:21,31950.0,500.0,576100.0
653,2021-10-22 04:08:18,31950.0,100.0,575600.0
654,2021-10-22 04:08:18,31950.0,400.0,575500.0
655,2021-10-22 04:07:57,31950.0,1000.0,575100.0
656,2021-10-22 04:07:57,31950.0,100.0,574100.0
657,2021-10-22 04:07:57,31950.0,1500.0,574000.0
658,2021-10-22 04:07:56,31950.0,1200.0,572500.0
659,2021-10-22 04:07:56,31950.0,800.0,571300.0
660,2021-10-22 04:07:52,31950.0,200.0,570500.0
661,2021-10-22 04:07:49,31950.0,2000.0,570300.0
662,2021-10-22 04:07:09,31950.0,100.0,568300.0
663,2021-10-22 04:06:22,31950.0,2900.0,568200.0
664,2021-10-22 04:06:22,31950.0,100.0,565300.0
665,2021-10-22 04:06:08,31950.0,100.0,565200.0
666,2021-10-22 04:06:08,31900.0,500.0,565100.0
667,2021-10-22 04:06:07,31900.0,300.0,564600.0
668,2021-10-22 04:05:49,31950.0,100.0,564300.0
669,2021-10-22 04:05:49,31950.0,200.0,564200.0
670,2021-10-22 04:05:49,31950.0,100.0,564000.0
671,2021-10-22 04:05:49,31950.0,300.0,563900.0
672,2021-10-22 04:05:49,31950.0,2500.0,563600.0
673,2021-10-22 04:05:49,31950.0,500.0,561100.0
674,2021-10-22 04:05:49,31950.0,100.0,560600.0
675,2021-10-22 04:05:49,31950.0,100.0,560500.0
676,2021-10-22 04:05:49,31950.0,900.0,560400.0
677,2021-10-22 04:05:45,31950.0,2400.0,559500.0
678,2021-10-22 04:05:35,31950.0,100.0,557100.0
679,2021-10-22 04:05:32,31950.0,5000.0,557000.0
680,2021-10-22 04:05:15,31950.0,100.0,552000.0
681,2021-10-22 04:04:24,32000.0,300.0,551900.0
682,2021-10-22 04:04:24,32000.0,700.0,551600.0
683,2021-10-22 04:03:15,32000.0,800.0,550900.0
684,2021-10-22 04:03:06,32000.0,100.0,550100.0
685,2021-10-22 04:02:54,31950.0,100.0,550000.0
686,2021-10-22 04:02:50,32000.0,100.0,549900.0
687,2021-10-22 04:02:46,31950.0,1000.0,549800.0
688,2021-10-22 04:02:11,31950.0,1200.0,548800.0
689,2021-10-22 04:02:10,32000.0,100.0,547600.0
690,2021-10-22 04:01:35,32000.0,100.0,547500.0
691,2021-10-22 04:01:01,32000.0,300.0,547400.0
692,2021-10-22 04:00:46,32000.0,300.0,547100.0
693,2021-10-22 03:59:45,32000.0,300.0,546800.0
694,2021-10-22 03:59:37,32000.0,600.0,546500.0
695,2021-10-22 03:59:09,32000.0,900.0,545900.0
696,2021-10-22 03:58:46,32000.0,700.0,545000.0
697,2021-10-22 03:58:46,32000.0,1000.0,544300.0
698,2021-10-22 03:58:46,32000.0,300.0,543300.0
699,2021-10-22 03:58:27,32000.0,700.0,543000.0
700,2021-10-22 03:58:27,32000.0,7200.0,542300.0
701,2021-10-22 03:58:21,32000.0,500.0,535100.0
702,2021-10-22 03:58:00,32000.0,600.0,534600.0
703,2021-10-22 03:57:52,32000.0,1000.0,534000.0
704,2021-10-22 03:57:52,32000.0,300.0,533000.0
705,2021-10-22 03:57:52,32000.0,200.0,532700.0
706,2021-10-22 03:56:54,32000.0,300.0,532500.0
707,2021-10-22 03:56:54,32000.0,500.0,532200.0
708,2021-10-22 03:56:54,32000.0,3000.0,531700.0
709,2021-10-22 03:56:47,32000.0,1000.0,528700.0
710,2021-10-22 03:56:12,32000.0,100.0,527700.0
711,2021-10-22 03:56:12,32000.0,400.0,527600.0
712,2021-10-22 03:55:55,32000.0,200.0,527200.0
713,2021-10-22 03:55:48,32000.0,500.0,527000.0
714,2021-10-22 03:55:46,32000.0,1100.0,526500.0
715,2021-10-22 03:55:46,32000.0,400.0,525400.0
716,2021-10-22 03:55:27,32000.0,3000.0,525000.0
717,2021-10-22 03:55:26,32000.0,100.0,522000.0
718,2021-10-22 03:55:26,32000.0,300.0,521900.0
719,2021-10-22 03:55:26,32000.0,500.0,521600.0
720,2021-10-22 03:55:26,32000.0,500.0,521100.0
721,2021-10-22 03:55:26,32000.0,200.0,520600.0
722,2021-10-22 03:55:23,32000.0,100.0,520400.0
723,2021-10-22 03:55:06,32000.0,500.0,520300.0
724,2021-10-22 03:54:41,32000.0,100.0,519800.0
725,2021-10-22 03:54:37,32000.0,100.0,519700.0
726,2021-10-22 03:54:37,32000.0,300.0,519600.0
727,2021-10-22 03:54:18,32050.0,100.0,519300.0
728,2021-10-22 03:54:18,32050.0,100.0,519200.0
729,2021-10-22 03:54:18,32050.0,300.0,519100.0
730,2021-10-22 03:53:37,32050.0,100.0,518800.0
731,2021-10-22 03:53:27,32050.0,500.0,518700.0
732,2021-10-22 03:53:23,32000.0,500.0,518200.0
733,2021-10-22 03:53:22,32050.0,2000.0,517700.0
734,2021-10-22 03:53:21,32000.0,1200.0,515700.0
735,2021-10-22 03:53:14,32050.0,100.0,514500.0
736,2021-10-22 03:53:11,32050.0,2000.0,514400.0
737,2021-10-22 03:53:11,32050.0,400.0,512400.0
738,2021-10-22 03:53:02,32050.0,500.0,512000.0
739,2021-10-22 03:52:49,32000.0,200.0,511500.0
740,2021-10-22 03:52:44,32000.0,800.0,511300.0
741,2021-10-22 03:52:44,32000.0,500.0,510500.0
742,2021-10-22 03:52:44,32000.0,1000.0,510000.0
743,2021-10-22 03:52:44,32000.0,5000.0,509000.0
744,2021-10-22 03:52:44,32000.0,100.0,504000.0
745,2021-10-22 03:52:44,32000.0,100.0,503900.0
746,2021-10-22 03:52:44,32000.0,200.0,503800.0
747,2021-10-22 03:52:44,32000.0,3000.0,503600.0
748,2021-10-22 03:52:44,32000.0,1000.0,500600.0
749,2021-10-22 03:52:44,32000.0,1000.0,499600.0
750,2021-10-22 03:52:44,32000.0,300.0,498600.0
751,2021-10-22 03:52:44,32000.0,1400.0,498300.0
752,2021-10-22 03:52:44,32000.0,1000.0,496900.0
753,2021-10-22 03:52:44,32000.0,100.0,495900.0
754,2021-10-22 03:52:44,32000.0,1000.0,495800.0
755,2021-10-22 03:52:44,32000.0,1000.0,494800.0
756,2021-10-22 03:52:44,32000.0,500.0,493800.0
757,2021-10-22 03:52:44,32000.0,1000.0,493300.0
758,2021-10-22 03:52:44,32000.0,100.0,492300.0
759,2021-10-22 03:52:44,32000.0,300.0,492200.0
760,2021-10-22 03:52:44,32000.0,1000.0,491900.0
761,2021-10-22 03:52:44,32000.0,10000.0,490900.0
762,2021-10-22 03:52:44,32000.0,700.0,480900.0
763,2021-10-22 03:52:44,32000.0,300.0,480200.0
764,2021-10-22 03:52:44,32000.0,100.0,479900.0
765,2021-10-22 03:52:44,32000.0,500.0,479800.0
766,2021-10-22 03:52:44,32000.0,100.0,479300.0
767,2021-10-22 03:52:44,32000.0,100.0,479200.0
768,2021-10-22 03:52:44,32000.0,100.0,479100.0
769,2021-10-22 03:52:44,32000.0,1000.0,479000.0
770,2021-10-22 03:52:44,32000.0,200.0,478000.0
771,2021-10-22 03:52:44,32000.0,200.0,477800.0
772,2021-10-22 03:52:44,32000.0,1000.0,477600.0
773,2021-10-22 03:52:44,32000.0,6300.0,476600.0
774,2021-10-22 03:52:38,32000.0,200.0,470300.0
775,2021-10-22 03:52:30,32000.0,800.0,470100.0
776,2021-10-22 03:52:01,32000.0,200.0,469300.0
777,2021-10-22 03:51:36,31950.0,500.0,469100.0
778,2021-10-22 03:51:23,31950.0,1000.0,468600.0
779,2021-10-22 03:51:09,31950.0,100.0,467600.0
780,2021-10-22 03:51:09,31950.0,900.0,467500.0
781,2021-10-22 03:50:24,31950.0,2100.0,466600.0
782,2021-10-22 03:50:20,31950.0,1000.0,464500.0
783,2021-10-22 03:50:13,31950.0,2000.0,463500.0
784,2021-10-22 03:49:25,32000.0,500.0,461500.0
785,2021-10-22 03:49:25,32000.0,100.0,461000.0
786,2021-10-22 03:49:25,32000.0,3000.0,460900.0
787,2021-10-22 03:49:25,32000.0,100.0,457900.0
788,2021-10-22 03:49:25,32000.0,4300.0,457800.0
789,2021-10-22 03:49:15,32000.0,300.0,453500.0
790,2021-10-22 03:49:09,32000.0,100.0,453200.0
791,2021-10-22 03:48:45,32000.0,100.0,453100.0
792,2021-10-22 03:48:33,32000.0,200.0,453000.0
793,2021-10-22 03:48:23,32000.0,100.0,452800.0
794,2021-10-22 03:48:06,31950.0,3000.0,452700.0
795,2021-10-22 03:47:56,31950.0,500.0,449700.0
796,2021-10-22 03:47:56,31950.0,5000.0,449200.0
797,2021-10-22 03:47:53,31950.0,1400.0,444200.0
798,2021-10-22 03:47:46,31950.0,4600.0,442800.0
799,2021-10-22 03:47:46,31950.0,400.0,438200.0
800,2021-10-22 03:47:36,31950.0,600.0,437800.0
801,2021-10-22 03:47:36,31950.0,400.0,437200.0
802,2021-10-22 03:47:23,31950.0,100.0,436800.0
803,2021-10-22 03:47:18,31950.0,500.0,436700.0
804,2021-10-22 03:47:18,31950.0,200.0,436200.0
805,2021-10-22 03:47:18,31950.0,3000.0,436000.0
806,2021-10-22 03:47:18,31950.0,200.0,433000.0
807,2021-10-22 03:47:18,31950.0,2000.0,432800.0
808,2021-10-22 03:47:18,31950.0,500.0,430800.0
809,2021-10-22 03:47:18,31950.0,100.0,430300.0
810,2021-10-22 03:47:18,31950.0,200.0,430200.0
811,2021-10-22 03:47:18,31950.0,1000.0,430000.0
812,2021-10-22 03:47:18,31950.0,2000.0,429000.0
813,2021-10-22 03:47:18,31950.0,300.0,427000.0
814,2021-10-22 03:46:48,31900.0,700.0,426700.0
815,2021-10-22 03:46:48,31900.0,300.0,426000.0
816,2021-10-22 03:46:42,31900.0,200.0,425700.0
817,2021-10-22 03:46:42,31900.0,800.0,425500.0
818,2021-10-22 03:46:32,31900.0,100.0,424700.0
819,2021-10-22 03:46:29,31900.0,100.0,424600.0
820,2021-10-22 03:45:57,31900.0,2000.0,424500.0
821,2021-10-22 03:45:54,31900.0,3000.0,422500.0
822,2021-10-22 03:44:26,31900.0,1000.0,419500.0
823,2021-10-22 03:44:26,31900.0,200.0,418500.0
824,2021-10-22 03:44:26,31900.0,100.0,418300.0
825,2021-10-22 03:44:09,31900.0,100.0,418200.0
826,2021-10-22 03:43:45,31900.0,100.0,418100.0
827,2021-10-22 03:43:06,31950.0,100.0,418000.0
828,2021-10-22 03:42:26,31900.0,400.0,417900.0
829,2021-10-22 03:42:00,31900.0,100.0,417500.0
830,2021-10-22 03:42:00,31900.0,1000.0,417400.0
831,2021-10-22 03:42:00,31900.0,400.0,416400.0
832,2021-10-22 03:42:00,31850.0,3000.0,416000.0
833,2021-10-22 03:41:56,31850.0,100.0,413000.0
834,2021-10-22 03:41:56,31850.0,1700.0,412900.0
835,2021-10-22 03:41:56,31850.0,200.0,411200.0
836,2021-10-22 03:41:36,31900.0,100.0,411000.0
837,2021-10-22 03:40:36,31900.0,100.0,410900.0
838,2021-10-22 03:40:36,31900.0,400.0,410800.0
839,2021-10-22 03:39:51,31900.0,100.0,410400.0
840,2021-10-22 03:39:51,31900.0,200.0,410300.0
841,2021-10-22 03:39:30,31900.0,100.0,410100.0
842,2021-10-22 03:39:23,31900.0,2100.0,410000.0
843,2021-10-22 03:38:37,31800.0,400.0,407900.0
844,2021-10-22 03:38:37,31800.0,1000.0,407500.0
845,2021-10-22 03:38:37,31800.0,200.0,406500.0
846,2021-10-22 03:38:37,31800.0,200.0,406300.0
847,2021-10-22 03:38:37,31800.0,100.0,406100.0
848,2021-10-22 03:38:37,31800.0,1000.0,406000.0
849,2021-10-22 03:38:37,31800.0,1000.0,405000.0
850,2021-10-22 03:38:37,31800.0,200.0,404000.0
851,2021-10-22 03:38:37,31800.0,500.0,403800.0
852,2021-10-22 03:38:37,31800.0,100.0,403300.0
853,2021-10-22 03:38:37,31800.0,10000.0,403200.0
854,2021-10-22 03:38:37,31850.0,1200.0,393200.0
855,2021-10-22 03:38:37,31850.0,1000.0,392000.0
856,2021-10-22 03:38:37,31850.0,500.0,391000.0
857,2021-10-22 03:38:37,31850.0,2600.0,390500.0
858,2021-10-22 03:38:14,31850.0,1500.0,387900.0
859,2021-10-22 03:38:14,31850.0,900.0,386400.0
860,2021-10-22 03:37:43,31850.0,100.0,385500.0
861,2021-10-22 03:37:43,31850.0,1100.0,385400.0
862,2021-10-22 03:37:30,31850.0,200.0,384300.0
863,2021-10-22 03:37:30,31850.0,100.0,384100.0
864,2021-10-22 03:37:30,31850.0,100.0,384000.0
865,2021-10-22 03:37:30,31850.0,1500.0,383900.0
866,2021-10-22 03:37:27,31900.0,2000.0,382400.0
867,2021-10-22 03:37:04,31900.0,1000.0,380400.0
868,2021-10-22 03:36:58,31900.0,500.0,379400.0
869,2021-10-22 03:36:42,31900.0,100.0,378900.0
870,2021-10-22 03:36:33,31900.0,2000.0,378800.0
871,2021-10-22 03:36:14,31900.0,700.0,376800.0
872,2021-10-22 03:36:14,31900.0,200.0,376100.0
873,2021-10-22 03:36:14,31900.0,1000.0,375900.0
874,2021-10-22 03:36:14,31900.0,100.0,374900.0
875,2021-10-22 03:35:46,31950.0,600.0,374800.0
876,2021-10-22 03:35:34,31950.0,500.0,374200.0
877,2021-10-22 03:35:23,31950.0,1900.0,373700.0
878,2021-10-22 03:35:23,31950.0,100.0,371800.0
879,2021-10-22 03:35:23,31950.0,1000.0,371700.0
880,2021-10-22 03:35:23,31950.0,300.0,370700.0
881,2021-10-22 03:35:23,31900.0,300.0,370400.0
882,2021-10-22 03:35:23,31900.0,1000.0,370100.0
883,2021-10-22 03:35:23,31900.0,400.0,369100.0
884,2021-10-22 03:34:50,31900.0,600.0,368700.0
885,2021-10-22 03:34:50,31900.0,100.0,368100.0
886,2021-10-22 03:34:50,31900.0,100.0,368000.0
887,2021-10-22 03:34:50,31900.0,1000.0,367900.0
888,2021-10-22 03:34:50,31900.0,1000.0,366900.0
889,2021-10-22 03:34:50,31900.0,800.0,365900.0
890,2021-10-22 03:34:50,31900.0,1000.0,365100.0
891,2021-10-22 03:34:50,31900.0,2000.0,364100.0
892,2021-10-22 03:34:50,31900.0,1000.0,362100.0
893,2021-10-22 03:34:50,31900.0,100.0,361100.0
894,2021-10-22 03:34:50,31900.0,300.0,361000.0
895,2021-10-22 03:34:50,31900.0,1000.0,360700.0
896,2021-10-22 03:34:37,31850.0,500.0,359700.0
897,2021-10-22 03:34:29,31850.0,100.0,359200.0
898,2021-10-22 03:34:15,31850.0,400.0,359100.0
899,2021-10-22 03:33:43,31850.0,600.0,358700.0
900,2021-10-22 03:33:43,31850.0,300.0,358100.0
901,2021-10-22 03:33:43,31850.0,800.0,357800.0
902,2021-10-22 03:33:43,31850.0,500.0,357000.0
903,2021-10-22 03:33:43,31850.0,100.0,356500.0
904,2021-10-22 03:33:43,31850.0,1000.0,356400.0
905,2021-10-22 03:33:43,31850.0,1500.0,355400.0
906,2021-10-22 03:33:43,31850.0,1700.0,353900.0
907,2021-10-22 03:33:43,31850.0,2500.0,352200.0
908,2021-10-22 03:33:26,31850.0,300.0,349700.0
909,2021-10-22 03:32:52,31800.0,10000.0,349400.0
910,2021-10-22 03:32:25,31800.0,1000.0,339400.0
911,2021-10-22 03:32:11,31800.0,500.0,338400.0
912,2021-10-22 03:31:48,31800.0,200.0,337900.0
913,2021-10-22 03:31:31,31800.0,300.0,337700.0
914,2021-10-22 03:31:02,31800.0,500.0,337400.0
915,2021-10-22 03:30:47,31800.0,200.0,336900.0
916,2021-10-22 03:30:47,31800.0,300.0,336700.0
917,2021-10-22 03:30:12,31800.0,900.0,336400.0
918,2021-10-22 03:30:12,31800.0,100.0,335500.0
919,2021-10-22 03:30:12,31800.0,100.0,335400.0
920,2021-10-22 03:30:12,31800.0,500.0,335300.0
921,2021-10-22 03:30:12,31800.0,200.0,334800.0
922,2021-10-22 03:29:53,31800.0,200.0,334600.0
923,2021-10-22 03:29:53,31800.0,1000.0,334400.0
924,2021-10-22 03:29:53,31800.0,100.0,333400.0
925,2021-10-22 03:29:53,31800.0,1700.0,333300.0
926,2021-10-22 03:29:45,31800.0,1000.0,331600.0
927,2021-10-22 03:29:41,31850.0,2000.0,330600.0
928,2021-10-22 03:29:37,31800.0,300.0,328600.0
929,2021-10-22 03:28:35,31850.0,100.0,328300.0
930,2021-10-22 03:28:16,31850.0,200.0,328200.0
931,2021-10-22 03:27:30,31850.0,500.0,328000.0
932,2021-10-22 03:25:48,31850.0,2000.0,327500.0
933,2021-10-22 03:24:55,31850.0,200.0,325500.0
934,2021-10-22 03:24:54,31850.0,1800.0,325300.0
935,2021-10-22 03:24:54,31850.0,100.0,323500.0
936,2021-10-22 03:24:54,31850.0,100.0,323400.0
937,2021-10-22 03:24:46,31850.0,900.0,323300.0
938,2021-10-22 03:24:46,31850.0,100.0,322400.0
939,2021-10-22 03:24:46,31850.0,300.0,322300.0
940,2021-10-22 03:24:46,31850.0,500.0,322000.0
941,2021-10-22 03:24:46,31850.0,200.0,321500.0
942,2021-10-22 03:24:25,31800.0,100.0,321300.0
943,2021-10-22 03:24:06,31800.0,900.0,321200.0
944,2021-10-22 03:24:06,31800.0,100.0,320300.0
945,2021-10-22 03:23:09,31800.0,1000.0,320200.0
946,2021-10-22 03:22:34,31800.0,3000.0,319200.0
947,2021-10-22 03:22:14,31800.0,3000.0,316200.0
948,2021-10-22 03:22:10,31750.0,500.0,313200.0
949,2021-10-22 03:21:55,31800.0,300.0,312700.0
950,2021-10-22 03:21:55,31800.0,400.0,312400.0
951,2021-10-22 03:21:35,31750.0,100.0,312000.0
952,2021-10-22 03:20:51,31800.0,300.0,311900.0
953,2021-10-22 03:20:36,31800.0,300.0,311600.0
954,2021-10-22 03:20:17,31800.0,700.0,311300.0
955,2021-10-22 03:20:17,31800.0,1000.0,310600.0
956,2021-10-22 03:20:07,31800.0,1000.0,309600.0
957,2021-10-22 03:20:01,31800.0,300.0,308600.0
958,2021-10-22 03:18:34,31850.0,100.0,308300.0
959,2021-10-22 03:18:21,31750.0,3600.0,308200.0
960,2021-10-22 03:18:21,31800.0,100.0,304600.0
961,2021-10-22 03:18:21,31800.0,300.0,304500.0
962,2021-10-22 03:18:04,31800.0,200.0,304200.0
963,2021-10-22 03:18:04,31800.0,100.0,304000.0
964,2021-10-22 03:15:54,31800.0,200.0,303900.0
965,2021-10-22 03:14:47,31800.0,200.0,303700.0
966,2021-10-22 03:14:46,31800.0,3000.0,303500.0
967,2021-10-22 03:14:46,31800.0,500.0,300500.0
968,2021-10-22 03:14:46,31800.0,300.0,300000.0
969,2021-10-22 03:14:41,31800.0,500.0,299700.0
970,2021-10-22 03:14:22,31800.0,3900.0,299200.0
971,2021-10-22 03:14:22,31800.0,800.0,295300.0
972,2021-10-22 03:14:22,31800.0,100.0,294500.0
973,2021-10-22 03:14:22,31800.0,3000.0,294400.0
974,2021-10-22 03:14:22,31800.0,200.0,291400.0
975,2021-10-22 03:14:06,31850.0,100.0,291200.0
976,2021-10-22 03:13:19,31800.0,1000.0,291100.0
977,2021-10-22 03:13:19,31800.0,2600.0,290100.0
978,2021-10-22 03:13:19,31800.0,22500.0,287500.0
979,2021-10-22 03:13:19,31800.0,1000.0,265000.0
980,2021-10-22 03:13:19,31800.0,2700.0,264000.0
981,2021-10-22 03:13:17,31800.0,100.0,261300.0
982,2021-10-22 03:13:09,31750.0,100.0,261200.0
983,2021-10-22 03:12:55,31750.0,100.0,261100.0
984,2021-10-22 03:12:53,31800.0,5000.0,261000.0
985,2021-10-22 03:12:16,31750.0,300.0,256000.0
986,2021-10-22 03:11:32,31750.0,500.0,255700.0
987,2021-10-22 03:11:32,31750.0,1000.0,255200.0
988,2021-10-22 03:11:32,31750.0,500.0,254200.0
989,2021-10-22 03:11:32,31750.0,200.0,253700.0
990,2021-10-22 03:11:32,31750.0,100.0,253500.0
991,2021-10-22 03:11:32,31750.0,4000.0,253400.0
992,2021-10-22 03:11:32,31750.0,200.0,249400.0
993,2021-10-22 03:11:28,31750.0,100.0,249200.0
994,2021-10-22 03:11:23,31700.0,100.0,249100.0
995,2021-10-22 03:09:55,31750.0,300.0,249000.0
996,2021-10-22 03:09:55,31700.0,3700.0,248700.0
997,2021-10-22 03:09:55,31700.0,200.0,245000.0
998,2021-10-22 03:09:55,31700.0,100.0,244800.0
999,2021-10-22 03:09:55,31700.0,1000.0,244700.0
1000,2021-10-22 03:09:24,31750.0,200.0,243700.0
1001,2021-10-22 03:09:00,31700.0,100.0,243500.0
1002,2021-10-22 03:09:00,31700.0,100.0,243400.0
1003,2021-10-22 03:08:37,31700.0,200.0,243300.0
1004,2021-10-22 03:08:37,31700.0,200.0,243100.0
1005,2021-10-22 03:08:06,31700.0,100.0,242900.0
1006,2021-10-22 03:07:45,31700.0,100.0,242800.0
1007,2021-10-22 03:07:15,31700.0,100.0,242700.0
1008,2021-10-22 03:06:53,31700.0,400.0,242600.0
1009,2021-10-22 03:06:44,31700.0,500.0,242200.0
1010,2021-10-22 03:05:38,31700.0,4600.0,241700.0
1011,2021-10-22 03:05:33,31700.0,500.0,237100.0
1012,2021-10-22 03:05:28,31700.0,800.0,236600.0
1013,2021-10-22 03:05:14,31700.0,100.0,235800.0
1014,2021-10-22 03:05:11,31700.0,1000.0,235700.0
1015,2021-10-22 03:05:01,31650.0,3000.0,234700.0
1016,2021-10-22 03:04:58,31650.0,800.0,231700.0
1017,2021-10-22 03:04:32,31650.0,5400.0,230900.0
1018,2021-10-22 03:04:32,31650.0,500.0,225500.0
1019,2021-10-22 03:04:32,31650.0,100.0,225000.0
1020,2021-10-22 03:04:32,31650.0,300.0,224900.0
1021,2021-10-22 03:04:32,31650.0,1000.0,224600.0
1022,2021-10-22 03:04:32,31650.0,1000.0,223600.0
1023,2021-10-22 03:04:32,31650.0,200.0,222600.0
1024,2021-10-22 03:04:32,31650.0,200.0,222400.0
1025,2021-10-22 03:04:32,31650.0,200.0,222200.0
1026,2021-10-22 03:04:32,31650.0,500.0,222000.0
1027,2021-10-22 03:04:32,31650.0,3000.0,221500.0
1028,2021-10-22 03:04:32,31650.0,500.0,218500.0
1029,2021-10-22 03:04:32,31650.0,200.0,218000.0
1030,2021-10-22 03:04:32,31650.0,500.0,217800.0
1031,2021-10-22 03:04:32,31650.0,300.0,217300.0
1032,2021-10-22 03:04:32,31650.0,100.0,217000.0
1033,2021-10-22 03:04:32,31650.0,100.0,216900.0
1034,2021-10-22 03:04:32,31650.0,100.0,216800.0
1035,2021-10-22 03:04:32,31650.0,100.0,216700.0
1036,2021-10-22 03:04:32,31650.0,3000.0,216600.0
1037,2021-10-22 03:04:32,31650.0,100.0,213600.0
1038,2021-10-22 03:04:32,31650.0,1000.0,213500.0
1039,2021-10-22 03:04:32,31650.0,1000.0,212500.0
1040,2021-10-22 03:04:32,31650.0,500.0,211500.0
1041,2021-10-22 03:04:32,31650.0,100.0,211000.0
1042,2021-10-22 03:04:32,31650.0,1000.0,210900.0
1043,2021-10-22 03:04:32,31700.0,3000.0,209900.0
1044,2021-10-22 03:04:32,31700.0,100.0,206900.0
1045,2021-10-22 03:04:32,31700.0,100.0,206800.0
1046,2021-10-22 03:04:32,31700.0,200.0,206700.0
1047,2021-10-22 03:04:32,31700.0,100.0,206500.0
1048,2021-10-22 03:04:32,31700.0,400.0,206400.0
1049,2021-10-22 03:04:32,31700.0,5000.0,206000.0
1050,2021-10-22 03:04:32,31700.0,100.0,201000.0
1051,2021-10-22 03:04:17,31700.0,400.0,200900.0
1052,2021-10-22 03:04:17,31700.0,100.0,200500.0
1053,2021-10-22 03:04:17,31700.0,100.0,200400.0
1054,2021-10-22 03:04:17,31700.0,1700.0,200300.0
1055,2021-10-22 03:04:17,31700.0,100.0,198600.0
1056,2021-10-22 03:04:17,31700.0,800.0,198500.0
1057,2021-10-22 03:04:17,31700.0,200.0,197700.0
1058,2021-10-22 03:04:17,31700.0,600.0,197500.0
1059,2021-10-22 03:04:17,31700.0,200.0,196900.0
1060,2021-10-22 03:04:17,31700.0,1800.0,196700.0
1061,2021-10-22 03:04:16,31750.0,100.0,194900.0
1062,2021-10-22 03:04:05,31700.0,700.0,194800.0
1063,2021-10-22 03:03:51,31700.0,100.0,194100.0
1064,2021-10-22 03:02:50,31700.0,100.0,194000.0
1065,2021-10-22 03:02:31,31750.0,100.0,193900.0
1066,2021-10-22 03:02:00,31700.0,200.0,193800.0
1067,2021-10-22 03:01:57,31700.0,1000.0,193600.0
1068,2021-10-22 03:01:57,31700.0,1100.0,192600.0
1069,2021-10-22 03:01:38,31700.0,100.0,191500.0
1070,2021-10-22 03:01:34,31700.0,500.0,191400.0
1071,2021-10-22 03:01:32,31700.0,500.0,190900.0
1072,2021-10-22 03:01:29,31700.0,1000.0,190400.0
1073,2021-10-22 03:01:24,31700.0,200.0,189400.0
1074,2021-10-22 03:01:23,31700.0,500.0,189200.0
1075,2021-10-22 03:01:12,31700.0,100.0,188700.0
1076,2021-10-22 03:01:05,31700.0,1000.0,188600.0
1077,2021-10-22 03:01:05,31700.0,200.0,187600.0
1078,2021-10-22 03:01:05,31700.0,600.0,187400.0
1079,2021-10-22 03:01:05,31700.0,100.0,186800.0
1080,2021-10-22 03:01:05,31700.0,100.0,186700.0
1081,2021-10-22 03:01:05,31700.0,100.0,186600.0
1082,2021-10-22 03:01:05,31700.0,200.0,186500.0
1083,2021-10-22 03:01:05,31700.0,3000.0,186300.0
1084,2021-10-22 03:01:05,31700.0,500.0,183300.0
1085,2021-10-22 03:01:05,31700.0,100.0,182800.0
1086,2021-10-22 03:01:05,31700.0,200.0,182700.0
1087,2021-10-22 03:01:05,31700.0,700.0,182500.0
1088,2021-10-22 03:01:05,31700.0,100.0,181800.0
1089,2021-10-22 03:01:05,31700.0,200.0,181700.0
1090,2021-10-22 03:01:05,31700.0,200.0,181500.0
1091,2021-10-22 03:01:05,31700.0,1000.0,181300.0
1092,2021-10-22 03:01:05,31700.0,100.0,180300.0
1093,2021-10-22 03:01:05,31700.0,2000.0,180200.0
1094,2021-10-22 03:01:05,31700.0,100.0,178200.0
1095,2021-10-22 03:01:05,31700.0,500.0,178100.0
1096,2021-10-22 03:01:05,31700.0,500.0,177600.0
1097,2021-10-22 03:01:05,31700.0,500.0,177100.0
1098,2021-10-22 03:01:05,31700.0,200.0,176600.0
1099,2021-10-22 03:01:05,31700.0,100.0,176400.0
1100,2021-10-22 03:01:05,31700.0,100.0,176300.0
1101,2021-10-22 03:01:05,31700.0,100.0,176200.0
1102,2021-10-22 03:01:05,31700.0,3000.0,176100.0
1103,2021-10-22 03:00:39,31700.0,100.0,173100.0
1104,2021-10-22 03:00:39,31700.0,900.0,173000.0
1105,2021-10-22 02:59:51,31700.0,100.0,172100.0
1106,2021-10-22 02:59:51,31700.0,100.0,172000.0
1107,2021-10-22 02:59:51,31700.0,1800.0,171900.0
1108,2021-10-22 02:59:43,31700.0,700.0,170100.0
1109,2021-10-22 02:59:43,31700.0,300.0,169400.0
1110,2021-10-22 02:59:26,31700.0,300.0,169100.0
1111,2021-10-22 02:59:12,31700.0,500.0,168800.0
1112,2021-10-22 02:56:52,31700.0,1000.0,168300.0
1113,2021-10-22 02:56:14,31700.0,1500.0,167300.0
1114,2021-10-22 02:56:11,31700.0,200.0,165800.0
1115,2021-10-22 02:55:07,31700.0,100.0,165600.0
1116,2021-10-22 02:54:03,31700.0,300.0,165500.0
1117,2021-10-22 02:53:50,31700.0,100.0,165200.0
1118,2021-10-22 02:53:50,31700.0,500.0,165100.0
1119,2021-10-22 02:53:50,31700.0,2400.0,164600.0
1120,2021-10-22 02:53:02,31700.0,100.0,162200.0
1121,2021-10-22 02:52:56,31700.0,300.0,162100.0
1122,2021-10-22 02:52:24,31750.0,300.0,161800.0
1123,2021-10-22 02:52:15,31700.0,500.0,161500.0
1124,2021-10-22 02:52:05,31750.0,2000.0,161000.0
1125,2021-10-22 02:51:59,31750.0,1000.0,159000.0
1126,2021-10-22 02:51:57,31750.0,1700.0,158000.0
1127,2021-10-22 02:51:53,31750.0,100.0,156300.0
1128,2021-10-22 02:51:02,31750.0,100.0,156200.0
1129,2021-10-22 02:50:56,31700.0,1700.0,156100.0
1130,2021-10-22 02:50:39,31750.0,3000.0,154400.0
1131,2021-10-22 02:50:39,31750.0,5000.0,151400.0
1132,2021-10-22 02:50:39,31750.0,100.0,146400.0
1133,2021-10-22 02:50:39,31750.0,100.0,146300.0
1134,2021-10-22 02:50:39,31750.0,900.0,146200.0
1135,2021-10-22 02:50:08,31800.0,1000.0,145300.0
1136,2021-10-22 02:50:06,31750.0,1800.0,144300.0
1137,2021-10-22 02:48:25,31750.0,2300.0,142500.0
1138,2021-10-22 02:48:25,31750.0,200.0,140200.0
1139,2021-10-22 02:48:14,31750.0,100.0,140000.0
1140,2021-10-22 02:48:07,31800.0,1200.0,139900.0
1141,2021-10-22 02:48:07,31800.0,800.0,138700.0
1142,2021-10-22 02:48:04,31750.0,100.0,137900.0
1143,2021-10-22 02:48:04,31750.0,100.0,137800.0
1144,2021-10-22 02:48:04,31750.0,100.0,137700.0
1145,2021-10-22 02:48:01,31750.0,1000.0,137600.0
1146,2021-10-22 02:48:00,31800.0,200.0,136600.0
1147,2021-10-22 02:47:52,31800.0,100.0,136400.0
1148,2021-10-22 02:47:44,31750.0,1900.0,136300.0
1149,2021-10-22 02:47:44,31750.0,100.0,134400.0
1150,2021-10-22 02:47:44,31750.0,800.0,134300.0
1151,2021-10-22 02:47:44,31750.0,200.0,133500.0
1152,2021-10-22 02:47:44,31750.0,500.0,133300.0
1153,2021-10-22 02:47:44,31750.0,4000.0,132800.0
1154,2021-10-22 02:47:44,31750.0,100.0,128800.0
1155,2021-10-22 02:47:44,31750.0,500.0,128700.0
1156,2021-10-22 02:47:44,31750.0,500.0,128200.0
1157,2021-10-22 02:47:44,31750.0,500.0,127700.0
1158,2021-10-22 02:47:44,31750.0,900.0,127200.0
1159,2021-10-22 02:46:53,31750.0,100.0,126300.0
1160,2021-10-22 02:46:53,31750.0,500.0,126200.0
1161,2021-10-22 02:46:39,31750.0,100.0,125700.0
1162,2021-10-22 02:46:12,31800.0,100.0,125600.0
1163,2021-10-22 02:46:03,31750.0,2000.0,125500.0
1164,2021-10-22 02:45:35,31750.0,100.0,123500.0
1165,2021-10-22 02:45:11,31800.0,400.0,123400.0
1166,2021-10-22 02:44:54,31800.0,100.0,123000.0
1167,2021-10-22 02:44:11,31750.0,2300.0,122900.0
1168,2021-10-22 02:44:11,31750.0,100.0,120600.0
1169,2021-10-22 02:44:11,31750.0,1900.0,120500.0
1170,2021-10-22 02:43:23,31750.0,100.0,118600.0
1171,2021-10-22 02:43:19,31750.0,100.0,118500.0
1172,2021-10-22 02:43:19,31750.0,500.0,118400.0
1173,2021-10-22 02:43:19,31750.0,100.0,117900.0
1174,2021-10-22 02:43:05,31750.0,500.0,117800.0
1175,2021-10-22 02:43:05,31750.0,500.0,117300.0
1176,2021-10-22 02:43:01,31750.0,3500.0,116800.0
1177,2021-10-22 02:43:00,31750.0,100.0,113300.0
1178,2021-10-22 02:42:30,31750.0,900.0,113200.0
1179,2021-10-22 02:42:30,31750.0,100.0,112300.0
1180,2021-10-22 02:42:26,31750.0,200.0,112200.0
1181,2021-10-22 02:42:26,31750.0,100.0,112000.0
1182,2021-10-22 02:42:15,31800.0,2000.0,111900.0
1183,2021-10-22 02:42:06,31800.0,100.0,109900.0
1184,2021-10-22 02:40:46,31800.0,300.0,109800.0
1185,2021-10-22 02:40:46,31800.0,700.0,109500.0
1186,2021-10-22 02:40:38,31800.0,100.0,108800.0
1187,2021-10-22 02:40:34,31800.0,200.0,108700.0
1188,2021-10-22 02:40:26,31800.0,500.0,108500.0
1189,2021-10-22 02:40:08,31800.0,300.0,108000.0
1190,2021-10-22 02:39:47,31800.0,200.0,107700.0
1191,2021-10-22 02:39:34,31800.0,500.0,107500.0
1192,2021-10-22 02:37:56,31800.0,200.0,107000.0
1193,2021-10-22 02:37:14,31800.0,300.0,106800.0
1194,2021-10-22 02:37:04,31800.0,200.0,106500.0
1195,2021-10-22 02:37:00,31800.0,200.0,106300.0
1196,2021-10-22 02:36:53,31800.0,600.0,106100.0
1197,2021-10-22 02:36:14,31800.0,400.0,105500.0
1198,2021-10-22 02:36:14,31800.0,100.0,105100.0
1199,2021-10-22 02:36:14,31800.0,100.0,105000.0
1200,2021-10-22 02:36:14,31800.0,100.0,104900.0
1201,2021-10-22 02:36:14,31800.0,100.0,104800.0
1202,2021-10-22 02:36:14,31800.0,200.0,104700.0
1203,2021-10-22 02:36:14,31850.0,200.0,104500.0
1204,2021-10-22 02:36:08,31800.0,500.0,104300.0
1205,2021-10-22 02:35:04,31800.0,1000.0,103800.0
1206,2021-10-22 02:34:28,31800.0,3300.0,102800.0
1207,2021-10-22 02:34:28,31800.0,100.0,99500.0
1208,2021-10-22 02:34:28,31800.0,600.0,99400.0
1209,2021-10-22 02:34:28,31800.0,1000.0,98800.0
1210,2021-10-22 02:34:24,31900.0,200.0,97800.0
1211,2021-10-22 02:33:59,31900.0,700.0,97600.0
1212,2021-10-22 02:33:59,31900.0,1300.0,96900.0
1213,2021-10-22 02:33:52,31800.0,100.0,95600.0
1214,2021-10-22 02:33:52,31800.0,500.0,95500.0
1215,2021-10-22 02:32:59,31900.0,500.0,95000.0
1216,2021-10-22 02:32:45,31800.0,300.0,94500.0
1217,2021-10-22 02:32:44,31900.0,200.0,94200.0
1218,2021-10-22 02:32:44,31900.0,100.0,94000.0
1219,2021-10-22 02:32:44,31900.0,100.0,93900.0
1220,2021-10-22 02:32:44,31850.0,1100.0,93800.0
1221,2021-10-22 02:32:04,31800.0,200.0,92700.0
1222,2021-10-22 02:32:02,31800.0,600.0,92500.0
1223,2021-10-22 02:31:53,31800.0,400.0,91900.0
1224,2021-10-22 02:31:53,31800.0,300.0,91500.0
1225,2021-10-22 02:31:53,31800.0,2500.0,91200.0
1226,2021-10-22 02:31:28,31800.0,800.0,88700.0
1227,2021-10-22 02:31:27,31800.0,1000.0,87900.0
1228,2021-10-22 02:31:07,31800.0,700.0,86900.0
1229,2021-10-22 02:31:07,31800.0,200.0,86200.0
1230,2021-10-22 02:31:07,31800.0,200.0,86000.0
1231,2021-10-22 02:31:07,31800.0,100.0,85800.0
1232,2021-10-22 02:30:21,31900.0,500.0,85700.0
1233,2021-10-22 02:30:09,31900.0,100.0,85200.0
1234,2021-10-22 02:30:00,31900.0,1000.0,85100.0
1235,2021-10-22 02:29:04,31900.0,300.0,84100.0
1236,2021-10-22 02:29:04,31900.0,200.0,83800.0
1237,2021-10-22 02:29:04,31900.0,1800.0,83600.0
1238,2021-10-22 02:28:14,31950.0,300.0,81800.0
1239,2021-10-22 02:28:14,31950.0,200.0,81500.0
1240,2021-10-22 02:27:47,31900.0,3200.0,81300.0
1241,2021-10-22 02:27:47,31900.0,1500.0,78100.0
1242,2021-10-22 02:27:47,31900.0,300.0,76600.0
1243,2021-10-22 02:27:09,31950.0,100.0,76300.0
1244,2021-10-22 02:26:29,31950.0,100.0,76200.0
1245,2021-10-22 02:26:29,31950.0,200.0,76100.0
1246,2021-10-22 02:25:29,31950.0,1000.0,75900.0
1247,2021-10-22 02:24:57,31950.0,600.0,74900.0
1248,2021-10-22 02:24:57,31950.0,300.0,74300.0
1249,2021-10-22 02:24:47,31950.0,100.0,74000.0
1250,2021-10-22 02:24:16,31900.0,300.0,73900.0
1251,2021-10-22 02:24:10,31900.0,400.0,73600.0
1252,2021-10-22 02:24:00,31900.0,300.0,73200.0
1253,2021-10-22 02:23:05,31950.0,5000.0,72900.0
1254,2021-10-22 02:22:47,31750.0,100.0,67900.0
1255,2021-10-22 02:22:42,31750.0,700.0,67800.0
1256,2021-10-22 02:22:42,31750.0,100.0,67100.0
1257,2021-10-22 02:22:23,31750.0,400.0,67000.0
1258,2021-10-22 02:22:15,31700.0,2600.0,66600.0
1259,2021-10-22 02:22:14,31650.0,800.0,64000.0
1260,2021-10-22 02:22:14,31650.0,500.0,63200.0
1261,2021-10-22 02:22:14,31650.0,500.0,62700.0
1262,2021-10-22 02:22:12,31700.0,500.0,62200.0
1263,2021-10-22 02:21:49,31650.0,2500.0,61700.0
1264,2021-10-22 02:21:49,31650.0,3000.0,59200.0
1265,2021-10-22 02:21:49,31650.0,500.0,56200.0
1266,2021-10-22 02:21:36,31650.0,100.0,55700.0
1267,2021-10-22 02:21:30,31600.0,500.0,55600.0
1268,2021-10-22 02:21:30,31600.0,3000.0,55100.0
1269,2021-10-22 02:21:30,31600.0,200.0,52100.0
1270,2021-10-22 02:21:30,31600.0,100.0,51900.0
1271,2021-10-22 02:21:30,31600.0,100.0,51800.0
1272,2021-10-22 02:21:30,31600.0,500.0,51700.0
1273,2021-10-22 02:21:30,31600.0,2000.0,51200.0
1274,2021-10-22 02:21:30,31600.0,200.0,49200.0
1275,2021-10-22 02:21:30,31600.0,100.0,49000.0
1276,2021-10-22 02:21:30,31600.0,100.0,48900.0
1277,2021-10-22 02:21:23,31650.0,2100.0,48800.0
1278,2021-10-22 02:21:23,31650.0,200.0,46700.0
1279,2021-10-22 02:21:06,31700.0,200.0,46500.0
1280,2021-10-22 02:21:06,31700.0,100.0,46300.0
1281,2021-10-22 02:21:06,31700.0,1000.0,46200.0
1282,2021-10-22 02:21:06,31700.0,400.0,45200.0
1283,2021-10-22 02:21:06,31700.0,200.0,44800.0
1284,2021-10-22 02:20:51,31750.0,100.0,44600.0
1285,2021-10-22 02:20:51,31750.0,100.0,44500.0
1286,2021-10-22 02:20:51,31750.0,300.0,44400.0
1287,2021-10-22 02:20:51,31750.0,2000.0,44100.0
1288,2021-10-22 02:20:51,31750.0,100.0,42100.0
1289,2021-10-22 02:20:51,31750.0,500.0,42000.0
1290,2021-10-22 02:20:51,31750.0,400.0,41500.0
1291,2021-10-22 02:20:51,31750.0,100.0,41100.0
1292,2021-10-22 02:20:51,31750.0,100.0,41000.0
1293,2021-10-22 02:20:51,31750.0,100.0,40900.0
1294,2021-10-22 02:20:51,31750.0,100.0,40800.0
1295,2021-10-22 02:20:51,31750.0,100.0,40700.0
1296,2021-10-22 02:20:51,31750.0,200.0,40600.0
1297,2021-10-22 02:20:51,31800.0,200.0,40400.0
1298,2021-10-22 02:20:26,31800.0,500.0,40200.0
1299,2021-10-22 02:20:24,31800.0,1000.0,39700.0
1300,2021-10-22 02:20:24,31800.0,500.0,38700.0
1301,2021-10-22 02:20:24,31800.0,2000.0,38200.0
1302,2021-10-22 02:20:24,31800.0,1000.0,36200.0
1303,2021-10-22 02:20:24,31800.0,100.0,35200.0
1304,2021-10-22 02:20:24,31800.0,300.0,35100.0
1305,2021-10-22 02:20:24,31800.0,100.0,34800.0
1306,2021-10-22 02:20:24,31800.0,500.0,34700.0
1307,2021-10-22 02:20:24,31800.0,1000.0,34200.0
1308,2021-10-22 02:20:24,31800.0,1400.0,33200.0
1309,2021-10-22 02:20:24,31850.0,100.0,31800.0
1310,2021-10-22 02:20:23,31850.0,900.0,31700.0
1311,2021-10-22 02:20:23,31850.0,1000.0,30800.0
1312,2021-10-22 02:20:13,31850.0,100.0,29800.0
1313,2021-10-22 02:20:13,31850.0,700.0,29700.0
1314,2021-10-22 02:19:46,31850.0,300.0,29000.0
1315,2021-10-22 02:19:26,31950.0,500.0,28700.0
1316,2021-10-22 02:19:26,31950.0,1000.0,28200.0
1317,2021-10-22 02:19:26,31950.0,100.0,27200.0
1318,2021-10-22 02:19:00,32000.0,100.0,27100.0
1319,2021-10-22 02:18:57,32000.0,5000.0,27000.0
1320,2021-10-22 02:18:20,32000.0,1000.0,22000.0
1321,2021-10-22 02:18:20,32000.0,1000.0,21000.0
1322,2021-10-22 02:18:10,32200.0,200.0,20000.0
1323,2021-10-22 02:17:03,32200.0,600.0,19800.0
1324,2021-10-22 02:17:03,32200.0,200.0,19200.0
1325,2021-10-22 02:17:03,32100.0,1000.0,19000.0
1326,2021-10-22 02:17:03,32100.0,100.0,18000.0
1327,2021-10-22 02:17:03,32000.0,200.0,17900.0
1328,2021-10-22 02:17:03,32000.0,1000.0,17700.0
1329,2021-10-22 02:17:03,32000.0,1000.0,16700.0
1330,2021-10-22 02:17:03,32000.0,100.0,15700.0
1331,2021-10-22 02:16:40,32000.0,100.0,15600.0
1332,2021-10-22 02:16:40,32000.0,300.0,15500.0
1333,2021-10-22 02:16:40,32000.0,100.0,15200.0
1334,2021-10-22 02:16:08,31950.0,1000.0,15100.0
1335,2021-10-22 02:15:52,31950.0,4000.0,14100.0
1336,2021-10-22 02:15:39,31800.0,100.0,10100.0
1337,2021-10-22 02:15:35,31800.0,500.0,10000.0
1338,2021-10-22 02:15:35,31800.0,1000.0,9500.0
1339,2021-10-22 02:15:10,31800.0,100.0,8500.0
1340,2021-10-22 02:15:00,31800.0,200.0,8400.0
1341,2021-10-22 02:15:00,31800.0,100.0,8200.0
1342,2021-10-22 02:15:00,31800.0,300.0,8100.0
1343,2021-10-22 02:15:00,31800.0,400.0,7800.0
1344,2021-10-22 02:15:00,31800.0,400.0,7400.0
1345,2021-10-22 02:15:00,31800.0,100.0,7000.0
1346,2021-10-22 02:15:00,31800.0,100.0,6900.0
1347,2021-10-22 02:15:00,31800.0,100.0,6800.0
1348,2021-10-22 02:15:00,31800.0,100.0,6700.0
1349,2021-10-22 02:15:00,31800.0,300.0,6600.0
1350,2021-10-22 02:15:00,31800.0,1700.0,6300.0
1351,2021-10-22 02:15:00,31800.0,200.0,4600.0
1352,2021-10-22 02:15:00,31800.0,500.0,4400.0
1353,2021-10-22 02:15:00,31800.0,1000.0,3900.0
1354,2021-10-22 02:15:00,31800.0,1600.0,2900.0
1355,2021-10-22 02:15:00,31800.0,100.0,1300.0
1356,2021-10-22 02:15:00,31800.0,200.0,1200.0
1357,2021-10-22 02:15:00,31800.0,400.0,1000.0
1358,2021-10-22 02:15:00,31800.0,100.0,600.0
1359,2021-10-22 02:15:00,31800.0,500.0,500.0
