,Time,Price,Volume_per_trade,Volume
0,2021-10-08 14:48:55,10800.0,400.0,6303049.0
1,2021-10-08 14:46:24,10800.0,100.0,6302649.0
2,2021-10-08 14:45:02,10800.0,372600.0,6302549.0
3,2021-10-08 14:30:01,10900.0,1000.0,5929949.0
4,2021-10-08 14:29:38,10800.0,11900.0,5928949.0
5,2021-10-08 14:29:33,10900.0,400.0,5917049.0
6,2021-10-08 14:29:26,10900.0,6000.0,5916649.0
7,2021-10-08 14:29:25,10900.0,2000.0,5910649.0
8,2021-10-08 14:29:17,10900.0,1000.0,5908649.0
9,2021-10-08 14:29:01,10900.0,1000.0,5907649.0
10,2021-10-08 14:28:59,10900.0,200.0,5906649.0
11,2021-10-08 14:28:47,10900.0,1.0,5906449.0
12,2021-10-08 14:28:46,10900.0,2000.0,5906448.0
13,2021-10-08 14:28:30,10900.0,3000.0,5904448.0
14,2021-10-08 14:28:23,10900.0,5000.0,5901448.0
15,2021-10-08 14:28:22,10900.0,85800.0,5896448.0
16,2021-10-08 14:28:11,10900.0,100.0,5810648.0
17,2021-10-08 14:28:01,10900.0,14.0,5810548.0
18,2021-10-08 14:27:40,10900.0,1000.0,5810534.0
19,2021-10-08 14:27:37,10900.0,4000.0,5809534.0
20,2021-10-08 14:27:26,10900.0,200.0,5805534.0
21,2021-10-08 14:27:25,10900.0,5100.0,5805334.0
22,2021-10-08 14:27:21,10900.0,200.0,5800234.0
23,2021-10-08 14:26:53,10900.0,1100.0,5800034.0
24,2021-10-08 14:26:44,10900.0,100.0,5798934.0
25,2021-10-08 14:26:11,10800.0,3300.0,5798834.0
26,2021-10-08 14:26:10,10900.0,800.0,5795534.0
27,2021-10-08 14:25:58,10900.0,200.0,5794734.0
28,2021-10-08 14:25:19,10800.0,400.0,5794534.0
29,2021-10-08 14:25:15,10900.0,1000.0,5794134.0
30,2021-10-08 14:25:14,10900.0,300.0,5793134.0
31,2021-10-08 14:25:12,10900.0,100.0,5792834.0
32,2021-10-08 14:24:59,10900.0,200.0,5792734.0
33,2021-10-08 14:24:53,10900.0,1000.0,5792534.0
34,2021-10-08 14:24:50,10900.0,2000.0,5791534.0
35,2021-10-08 14:24:28,10900.0,5400.0,5789534.0
36,2021-10-08 14:24:11,10900.0,100.0,5784134.0
37,2021-10-08 14:24:10,10900.0,700.0,5784034.0
38,2021-10-08 14:24:02,10900.0,1000.0,5783334.0
39,2021-10-08 14:23:51,10900.0,3500.0,5782334.0
40,2021-10-08 14:23:46,10900.0,200.0,5778834.0
41,2021-10-08 14:23:36,10900.0,1600.0,5778634.0
42,2021-10-08 14:23:04,10900.0,3000.0,5777034.0
43,2021-10-08 14:23:01,10900.0,7000.0,5774034.0
44,2021-10-08 14:22:59,10900.0,1000.0,5767034.0
45,2021-10-08 14:22:57,10900.0,5000.0,5766034.0
46,2021-10-08 14:22:44,10900.0,600.0,5761034.0
47,2021-10-08 14:22:38,11000.0,5000.0,5760434.0
48,2021-10-08 14:22:35,11000.0,100.0,5755434.0
49,2021-10-08 14:22:19,10900.0,1000.0,5755334.0
50,2021-10-08 14:21:35,11000.0,3000.0,5754334.0
51,2021-10-08 14:21:34,10900.0,50000.0,5751334.0
52,2021-10-08 14:20:58,11000.0,2800.0,5701334.0
53,2021-10-08 14:20:51,11000.0,800.0,5698534.0
54,2021-10-08 14:20:36,10900.0,2000.0,5697734.0
55,2021-10-08 14:20:21,10900.0,500.0,5695734.0
56,2021-10-08 14:20:04,10900.0,1500.0,5695234.0
57,2021-10-08 14:19:55,10900.0,6700.0,5693734.0
58,2021-10-08 14:19:39,11000.0,1000.0,5687034.0
59,2021-10-08 14:18:47,11000.0,200.0,5686034.0
60,2021-10-08 14:18:31,11000.0,500.0,5685834.0
61,2021-10-08 14:17:28,11000.0,300.0,5685334.0
62,2021-10-08 14:16:57,10900.0,1500.0,5685034.0
63,2021-10-08 14:16:50,11000.0,4300.0,5683534.0
64,2021-10-08 14:16:37,10900.0,3500.0,5679234.0
65,2021-10-08 14:16:20,10900.0,4000.0,5675734.0
66,2021-10-08 14:16:11,10900.0,10000.0,5671734.0
67,2021-10-08 14:15:52,10900.0,100.0,5661734.0
68,2021-10-08 14:15:49,10800.0,8200.0,5661634.0
69,2021-10-08 14:15:38,10900.0,5000.0,5653434.0
70,2021-10-08 14:15:33,11000.0,2000.0,5648434.0
71,2021-10-08 14:15:20,10900.0,1000.0,5646434.0
72,2021-10-08 14:15:01,11000.0,20000.0,5645434.0
73,2021-10-08 14:14:51,10800.0,58200.0,5625434.0
74,2021-10-08 14:14:38,11000.0,10000.0,5567234.0
75,2021-10-08 14:14:24,10900.0,300.0,5557234.0
76,2021-10-08 14:14:22,10900.0,3000.0,5556934.0
77,2021-10-08 14:14:04,10900.0,500.0,5553934.0
78,2021-10-08 14:13:21,10900.0,4000.0,5553434.0
79,2021-10-08 14:13:16,11000.0,18000.0,5549434.0
80,2021-10-08 14:13:15,11000.0,200.0,5531434.0
81,2021-10-08 14:12:48,10900.0,600.0,5531234.0
82,2021-10-08 14:12:47,10900.0,5000.0,5530634.0
83,2021-10-08 14:12:41,10900.0,500.0,5525634.0
84,2021-10-08 14:12:40,10900.0,500.0,5525134.0
85,2021-10-08 14:12:30,10900.0,200.0,5524634.0
86,2021-10-08 14:12:25,10900.0,20000.0,5524434.0
87,2021-10-08 14:12:22,10900.0,10000.0,5504434.0
88,2021-10-08 14:12:18,10900.0,18000.0,5494434.0
89,2021-10-08 14:12:17,10900.0,5500.0,5476434.0
90,2021-10-08 14:12:05,10900.0,700.0,5470934.0
91,2021-10-08 14:12:04,10900.0,200.0,5470234.0
92,2021-10-08 14:11:51,10900.0,1000.0,5470034.0
93,2021-10-08 14:11:47,10900.0,300.0,5469034.0
94,2021-10-08 14:11:45,10900.0,1000.0,5468734.0
95,2021-10-08 14:11:33,10900.0,4000.0,5467734.0
96,2021-10-08 14:11:29,10900.0,5000.0,5463734.0
97,2021-10-08 14:11:27,10900.0,3500.0,5458734.0
98,2021-10-08 14:11:13,10900.0,200.0,5455234.0
99,2021-10-08 14:11:08,10900.0,8000.0,5455034.0
100,2021-10-08 14:11:06,10900.0,1000.0,5447034.0
101,2021-10-08 14:11:00,10900.0,1000.0,5446034.0
102,2021-10-08 14:10:55,10900.0,200.0,5445034.0
103,2021-10-08 14:10:49,10900.0,500.0,5444834.0
104,2021-10-08 14:10:42,10900.0,400.0,5444334.0
105,2021-10-08 14:10:38,10900.0,1500.0,5443934.0
106,2021-10-08 14:10:36,10900.0,1000.0,5442434.0
107,2021-10-08 14:10:35,10900.0,5000.0,5441434.0
108,2021-10-08 14:10:34,10900.0,1000.0,5436434.0
109,2021-10-08 14:10:31,10900.0,4800.0,5435434.0
110,2021-10-08 14:10:30,10900.0,1000.0,5430634.0
111,2021-10-08 14:10:28,10900.0,500.0,5429634.0
112,2021-10-08 14:10:20,10900.0,5000.0,5429134.0
113,2021-10-08 14:10:19,10800.0,2000.0,5424134.0
114,2021-10-08 14:10:12,10900.0,500.0,5422134.0
115,2021-10-08 14:10:11,10900.0,2000.0,5421634.0
116,2021-10-08 14:10:10,10900.0,1000.0,5419634.0
117,2021-10-08 14:10:09,10900.0,1400.0,5418634.0
118,2021-10-08 14:10:04,10800.0,2200.0,5417234.0
119,2021-10-08 14:10:02,10900.0,5000.0,5415034.0
120,2021-10-08 14:09:52,10900.0,500.0,5410034.0
121,2021-10-08 14:09:44,10900.0,1000.0,5409534.0
122,2021-10-08 14:09:42,10900.0,6000.0,5408534.0
123,2021-10-08 14:09:33,10900.0,500.0,5402534.0
124,2021-10-08 14:09:23,10900.0,100.0,5402034.0
125,2021-10-08 14:09:12,10900.0,600.0,5401934.0
126,2021-10-08 14:09:08,10900.0,200.0,5401334.0
127,2021-10-08 14:09:04,10900.0,11000.0,5401134.0
128,2021-10-08 14:09:01,10900.0,500.0,5390134.0
129,2021-10-08 14:08:51,10900.0,200.0,5389634.0
130,2021-10-08 14:08:48,10900.0,4800.0,5389434.0
131,2021-10-08 14:08:47,10900.0,500.0,5384634.0
132,2021-10-08 14:08:46,10900.0,600.0,5384134.0
133,2021-10-08 14:08:45,10900.0,6000.0,5383534.0
134,2021-10-08 14:08:41,10900.0,7200.0,5377534.0
135,2021-10-08 14:08:35,10900.0,8300.0,5370334.0
136,2021-10-08 14:08:26,10900.0,100.0,5362034.0
137,2021-10-08 14:08:19,10900.0,700.0,5361934.0
138,2021-10-08 14:08:13,10900.0,1500.0,5361234.0
139,2021-10-08 14:08:04,10900.0,500.0,5359734.0
140,2021-10-08 14:08:03,10900.0,500.0,5359234.0
141,2021-10-08 14:07:59,10900.0,4000.0,5358734.0
142,2021-10-08 14:07:55,10900.0,400.0,5354734.0
143,2021-10-08 14:07:39,10900.0,200.0,5354334.0
144,2021-10-08 14:07:29,10800.0,1000.0,5354134.0
145,2021-10-08 14:06:45,10800.0,200.0,5353134.0
146,2021-10-08 14:06:17,10800.0,100.0,5352934.0
147,2021-10-08 14:06:14,10800.0,18000.0,5352834.0
148,2021-10-08 14:06:13,10800.0,1000.0,5334834.0
149,2021-10-08 14:06:10,10800.0,13000.0,5333834.0
150,2021-10-08 14:06:09,10800.0,1500.0,5320834.0
151,2021-10-08 14:06:04,10800.0,600.0,5319334.0
152,2021-10-08 14:06:02,10800.0,3400.0,5318734.0
153,2021-10-08 14:05:54,10800.0,6000.0,5315334.0
154,2021-10-08 14:05:53,10800.0,1000.0,5309334.0
155,2021-10-08 14:05:50,10800.0,6000.0,5308334.0
156,2021-10-08 14:05:47,10800.0,5000.0,5302334.0
157,2021-10-08 14:05:39,10800.0,100.0,5297334.0
158,2021-10-08 14:05:37,10800.0,16800.0,5297234.0
159,2021-10-08 14:05:28,10800.0,8000.0,5280434.0
160,2021-10-08 14:05:27,10800.0,5300.0,5272434.0
161,2021-10-08 14:05:18,10800.0,2000.0,5267134.0
162,2021-10-08 14:05:12,10800.0,100.0,5265134.0
163,2021-10-08 14:05:09,10800.0,3000.0,5265034.0
164,2021-10-08 14:05:05,10800.0,200.0,5262034.0
165,2021-10-08 14:04:56,10800.0,200.0,5261834.0
166,2021-10-08 14:04:53,10800.0,10500.0,5261634.0
167,2021-10-08 14:04:40,10800.0,400.0,5251134.0
168,2021-10-08 14:04:33,10800.0,200.0,5250734.0
169,2021-10-08 14:04:26,10800.0,6000.0,5250534.0
170,2021-10-08 14:04:25,10800.0,100.0,5244534.0
171,2021-10-08 14:04:22,10800.0,300.0,5244434.0
172,2021-10-08 14:04:18,10800.0,100.0,5244134.0
173,2021-10-08 14:04:03,10800.0,10000.0,5244034.0
174,2021-10-08 14:04:02,10700.0,500.0,5234034.0
175,2021-10-08 14:04:01,10800.0,200.0,5233534.0
176,2021-10-08 14:04:00,10700.0,400.0,5233334.0
177,2021-10-08 14:03:59,10800.0,1000.0,5232934.0
178,2021-10-08 14:03:48,10700.0,600.0,5231934.0
179,2021-10-08 14:03:31,10700.0,5000.0,5231334.0
180,2021-10-08 14:03:29,10800.0,500.0,5226334.0
181,2021-10-08 14:03:18,10700.0,2500.0,5225834.0
182,2021-10-08 14:03:16,10800.0,100.0,5223334.0
183,2021-10-08 14:03:14,10700.0,57600.0,5223234.0
184,2021-10-08 14:03:06,10800.0,100.0,5165634.0
185,2021-10-08 14:03:05,10800.0,400.0,5165534.0
186,2021-10-08 14:03:01,10700.0,200.0,5165134.0
187,2021-10-08 14:02:58,10800.0,200.0,5164934.0
188,2021-10-08 14:02:45,10800.0,1000.0,5164734.0
189,2021-10-08 14:02:40,10800.0,1000.0,5163734.0
190,2021-10-08 14:02:39,10800.0,1000.0,5162734.0
191,2021-10-08 14:02:34,10800.0,100.0,5161734.0
192,2021-10-08 14:02:18,10800.0,14200.0,5161634.0
193,2021-10-08 14:01:56,10800.0,1600.0,5147434.0
194,2021-10-08 14:01:52,10800.0,100.0,5145834.0
195,2021-10-08 14:01:48,10800.0,1500.0,5145734.0
196,2021-10-08 14:01:41,10800.0,1000.0,5144234.0
197,2021-10-08 14:01:36,10800.0,500.0,5143234.0
198,2021-10-08 14:01:34,10800.0,100.0,5142734.0
199,2021-10-08 14:01:31,10800.0,5200.0,5142634.0
200,2021-10-08 14:01:27,10800.0,1000.0,5137434.0
201,2021-10-08 14:01:22,10800.0,5000.0,5136434.0
202,2021-10-08 14:01:17,10800.0,100.0,5131434.0
203,2021-10-08 14:01:09,10700.0,200.0,5131334.0
204,2021-10-08 14:01:05,10800.0,500.0,5131134.0
205,2021-10-08 14:01:02,10800.0,200.0,5130634.0
206,2021-10-08 14:00:57,10800.0,1000.0,5130434.0
207,2021-10-08 14:00:54,10800.0,100.0,5129434.0
208,2021-10-08 14:00:48,10800.0,2000.0,5129334.0
209,2021-10-08 14:00:47,10800.0,200.0,5127334.0
210,2021-10-08 14:00:33,10800.0,1000.0,5127134.0
211,2021-10-08 14:00:30,10800.0,3600.0,5126134.0
212,2021-10-08 14:00:29,10800.0,200.0,5122534.0
213,2021-10-08 14:00:28,10800.0,300.0,5122334.0
214,2021-10-08 14:00:21,10800.0,100.0,5122034.0
215,2021-10-08 14:00:18,10800.0,1000.0,5121934.0
216,2021-10-08 14:00:10,10800.0,11000.0,5120934.0
217,2021-10-08 14:00:09,10800.0,100.0,5109934.0
218,2021-10-08 14:00:03,10800.0,100.0,5109834.0
219,2021-10-08 13:59:46,10800.0,100.0,5109734.0
220,2021-10-08 13:59:41,10800.0,400.0,5109634.0
221,2021-10-08 13:59:36,10800.0,6000.0,5109234.0
222,2021-10-08 13:59:30,10800.0,10000.0,5103234.0
223,2021-10-08 13:59:29,10800.0,5000.0,5093234.0
224,2021-10-08 13:59:22,10800.0,300.0,5088234.0
225,2021-10-08 13:59:20,10800.0,100.0,5087934.0
226,2021-10-08 13:59:19,10800.0,100.0,5087834.0
227,2021-10-08 13:59:17,10800.0,57400.0,5087734.0
228,2021-10-08 13:59:12,10800.0,100000.0,5030334.0
229,2021-10-08 13:59:06,10800.0,100000.0,4930334.0
230,2021-10-08 13:59:02,10900.0,200.0,4830334.0
231,2021-10-08 13:58:44,10800.0,800.0,4830134.0
232,2021-10-08 13:58:40,10800.0,1000.0,4829334.0
233,2021-10-08 13:58:24,10900.0,1000.0,4828334.0
234,2021-10-08 13:58:13,10800.0,5000.0,4827334.0
235,2021-10-08 13:58:09,10900.0,100.0,4822334.0
236,2021-10-08 13:58:07,10900.0,500.0,4822234.0
237,2021-10-08 13:58:02,10800.0,2000.0,4821734.0
238,2021-10-08 13:58:01,10900.0,200.0,4819734.0
239,2021-10-08 13:57:51,10900.0,10000.0,4819534.0
240,2021-10-08 13:57:48,10900.0,1000.0,4809534.0
241,2021-10-08 13:56:57,10900.0,4300.0,4808534.0
242,2021-10-08 13:56:39,10800.0,300000.0,4804234.0
243,2021-10-08 13:56:06,10900.0,6800.0,4504234.0
244,2021-10-08 13:56:03,10900.0,1000.0,4497434.0
245,2021-10-08 13:55:49,10900.0,2100.0,4496434.0
246,2021-10-08 13:55:43,10900.0,700.0,4494334.0
247,2021-10-08 13:55:41,10900.0,500.0,4493634.0
248,2021-10-08 13:55:29,10900.0,100.0,4493134.0
249,2021-10-08 13:55:26,10900.0,5000.0,4493034.0
250,2021-10-08 13:54:55,10900.0,500.0,4488034.0
251,2021-10-08 13:54:54,10900.0,100.0,4487534.0
252,2021-10-08 13:54:52,10900.0,14200.0,4487434.0
253,2021-10-08 13:54:32,10900.0,1000.0,4473234.0
254,2021-10-08 13:54:23,10900.0,1000.0,4472234.0
255,2021-10-08 13:54:17,10900.0,500.0,4471234.0
256,2021-10-08 13:53:52,10900.0,3000.0,4470734.0
257,2021-10-08 13:53:40,10900.0,3000.0,4467734.0
258,2021-10-08 13:53:36,10900.0,1000.0,4464734.0
259,2021-10-08 13:53:34,10900.0,10000.0,4463734.0
260,2021-10-08 13:53:27,10900.0,1000.0,4453734.0
261,2021-10-08 13:52:58,10900.0,10.0,4452734.0
262,2021-10-08 13:52:44,10900.0,5000.0,4452724.0
263,2021-10-08 13:52:00,10900.0,2000.0,4447724.0
264,2021-10-08 13:50:41,10900.0,1800.0,4445724.0
265,2021-10-08 13:50:35,10900.0,2000.0,4443924.0
266,2021-10-08 13:50:17,10900.0,200.0,4441924.0
267,2021-10-08 13:50:03,10900.0,2700.0,4441724.0
268,2021-10-08 13:49:59,10800.0,8000.0,4439024.0
269,2021-10-08 13:49:58,10900.0,1000.0,4431024.0
270,2021-10-08 13:49:56,10900.0,100.0,4430024.0
271,2021-10-08 13:49:55,10900.0,100.0,4429924.0
272,2021-10-08 13:49:53,10900.0,2000.0,4429824.0
273,2021-10-08 13:49:52,10900.0,700.0,4427824.0
274,2021-10-08 13:49:49,10900.0,1000.0,4427124.0
275,2021-10-08 13:49:48,10900.0,7100.0,4426124.0
276,2021-10-08 13:49:47,10900.0,100.0,4419024.0
277,2021-10-08 13:49:43,10900.0,200.0,4418924.0
278,2021-10-08 13:49:42,10900.0,5000.0,4418724.0
279,2021-10-08 13:49:28,10900.0,5500.0,4413724.0
280,2021-10-08 13:49:26,10900.0,10000.0,4408224.0
281,2021-10-08 13:49:23,10900.0,500.0,4398224.0
282,2021-10-08 13:49:14,10900.0,100.0,4397724.0
283,2021-10-08 13:49:02,10800.0,5400.0,4397624.0
284,2021-10-08 13:48:59,10800.0,200.0,4392224.0
285,2021-10-08 13:48:58,10900.0,1600.0,4392024.0
286,2021-10-08 13:48:57,10800.0,1000.0,4390424.0
287,2021-10-08 13:48:51,10900.0,2000.0,4389424.0
288,2021-10-08 13:48:47,10900.0,300.0,4387424.0
289,2021-10-08 13:48:46,10900.0,5000.0,4387124.0
290,2021-10-08 13:48:44,10900.0,100.0,4382124.0
291,2021-10-08 13:48:40,10900.0,800.0,4382024.0
292,2021-10-08 13:48:14,10900.0,1300.0,4381224.0
293,2021-10-08 13:48:11,10900.0,100.0,4379924.0
294,2021-10-08 13:48:04,10900.0,200.0,4379824.0
295,2021-10-08 13:47:54,10900.0,4000.0,4379624.0
296,2021-10-08 13:47:42,10900.0,100.0,4375624.0
297,2021-10-08 13:47:23,10900.0,400.0,4375524.0
298,2021-10-08 13:47:18,10900.0,100.0,4375124.0
299,2021-10-08 13:47:14,10900.0,200.0,4375024.0
300,2021-10-08 13:46:59,10900.0,200.0,4374824.0
301,2021-10-08 13:46:58,10900.0,2000.0,4374624.0
302,2021-10-08 13:46:51,10900.0,100.0,4372624.0
303,2021-10-08 13:46:45,10900.0,4600.0,4372524.0
304,2021-10-08 13:46:41,10900.0,2000.0,4367924.0
305,2021-10-08 13:46:39,10900.0,100.0,4365924.0
306,2021-10-08 13:46:38,10900.0,500.0,4365824.0
307,2021-10-08 13:46:33,10900.0,500.0,4365324.0
308,2021-10-08 13:46:30,10900.0,10000.0,4364824.0
309,2021-10-08 13:46:27,10900.0,1000.0,4354824.0
310,2021-10-08 13:46:26,10900.0,600.0,4353824.0
311,2021-10-08 13:46:21,10900.0,200.0,4353224.0
312,2021-10-08 13:46:18,10900.0,2000.0,4353024.0
313,2021-10-08 13:46:06,10900.0,500.0,4351024.0
314,2021-10-08 13:46:04,10900.0,300.0,4350524.0
315,2021-10-08 13:46:01,10900.0,26100.0,4350224.0
316,2021-10-08 13:45:51,10900.0,10000.0,4324124.0
317,2021-10-08 13:45:09,10900.0,4000.0,4314124.0
318,2021-10-08 13:44:49,10900.0,4000.0,4310124.0
319,2021-10-08 13:44:42,10900.0,300.0,4306124.0
320,2021-10-08 13:44:41,10900.0,5000.0,4305824.0
321,2021-10-08 13:44:20,10900.0,2800.0,4300824.0
322,2021-10-08 13:43:56,10900.0,300000.0,4298024.0
323,2021-10-08 13:43:29,10900.0,200.0,3998024.0
324,2021-10-08 13:43:23,11000.0,2000.0,3997824.0
325,2021-10-08 13:43:16,11000.0,2900.0,3995824.0
326,2021-10-08 13:43:12,11000.0,2700.0,3992924.0
327,2021-10-08 13:42:27,11000.0,44600.0,3990224.0
328,2021-10-08 13:42:26,11000.0,100.0,3945624.0
329,2021-10-08 13:42:23,11000.0,200.0,3945524.0
330,2021-10-08 13:41:51,11000.0,600.0,3945324.0
331,2021-10-08 13:41:45,10900.0,2000.0,3944724.0
332,2021-10-08 13:41:25,10900.0,200.0,3942724.0
333,2021-10-08 13:40:22,10900.0,500.0,3942524.0
334,2021-10-08 13:39:58,11000.0,1000.0,3942024.0
335,2021-10-08 13:39:46,11000.0,800.0,3941024.0
336,2021-10-08 13:39:34,11000.0,100.0,3940224.0
337,2021-10-08 13:39:25,11000.0,300.0,3940124.0
338,2021-10-08 13:39:24,10900.0,5000.0,3939824.0
339,2021-10-08 13:38:56,11000.0,100.0,3934824.0
340,2021-10-08 13:38:24,11000.0,100.0,3934724.0
341,2021-10-08 13:37:57,11000.0,1500.0,3934624.0
342,2021-10-08 13:37:55,11000.0,1000.0,3933124.0
343,2021-10-08 13:37:36,11000.0,1000.0,3932124.0
344,2021-10-08 13:37:23,11000.0,100.0,3931124.0
345,2021-10-08 13:37:11,11000.0,200.0,3931024.0
346,2021-10-08 13:36:49,11000.0,200.0,3930824.0
347,2021-10-08 13:36:46,11000.0,200.0,3930624.0
348,2021-10-08 13:36:34,11000.0,72600.0,3930424.0
349,2021-10-08 13:36:26,11000.0,100.0,3857824.0
350,2021-10-08 13:36:25,11000.0,3000.0,3857724.0
351,2021-10-08 13:36:13,11000.0,3100.0,3854724.0
352,2021-10-08 13:35:58,11000.0,1000.0,3851624.0
353,2021-10-08 13:35:25,11000.0,4000.0,3850624.0
354,2021-10-08 13:35:14,11000.0,600.0,3846624.0
355,2021-10-08 13:35:05,11000.0,3000.0,3846024.0
356,2021-10-08 13:34:23,11000.0,500.0,3843024.0
357,2021-10-08 13:32:08,11100.0,100.0,3842524.0
358,2021-10-08 13:32:07,11000.0,3000.0,3842424.0
359,2021-10-08 13:31:57,11000.0,600.0,3839424.0
360,2021-10-08 13:31:50,11000.0,1000.0,3838824.0
361,2021-10-08 13:31:43,11000.0,25000.0,3837824.0
362,2021-10-08 13:31:42,11000.0,1000.0,3812824.0
363,2021-10-08 13:31:41,11000.0,5500.0,3811824.0
364,2021-10-08 13:31:30,11000.0,31.0,3806324.0
365,2021-10-08 13:31:28,11000.0,5000.0,3806293.0
366,2021-10-08 13:30:50,11000.0,200.0,3801293.0
367,2021-10-08 13:30:38,11100.0,100.0,3801093.0
368,2021-10-08 13:30:14,11000.0,5000.0,3800993.0
369,2021-10-08 13:30:07,11000.0,100.0,3795993.0
370,2021-10-08 13:30:01,11000.0,100.0,3795893.0
371,2021-10-08 13:29:58,11000.0,1400.0,3795793.0
372,2021-10-08 13:29:36,11000.0,100.0,3794393.0
373,2021-10-08 13:29:09,11000.0,200.0,3794293.0
374,2021-10-08 13:28:25,11000.0,5000.0,3794093.0
375,2021-10-08 13:28:24,11000.0,2500.0,3789093.0
376,2021-10-08 13:27:49,11000.0,500.0,3786593.0
377,2021-10-08 13:27:28,11000.0,100.0,3786093.0
378,2021-10-08 13:27:20,11000.0,300.0,3785993.0
379,2021-10-08 13:27:11,11000.0,4800.0,3785693.0
380,2021-10-08 13:27:05,11000.0,100.0,3780893.0
381,2021-10-08 13:26:52,11000.0,2000.0,3780793.0
382,2021-10-08 13:26:43,11000.0,1000.0,3778793.0
383,2021-10-08 13:26:38,11000.0,1000.0,3777793.0
384,2021-10-08 13:26:27,11000.0,100.0,3776793.0
385,2021-10-08 13:26:26,11000.0,5000.0,3776693.0
386,2021-10-08 13:25:49,11000.0,6600.0,3771693.0
387,2021-10-08 13:25:37,11000.0,100.0,3765093.0
388,2021-10-08 13:25:35,11000.0,11000.0,3764993.0
389,2021-10-08 13:24:54,11000.0,1000.0,3753993.0
390,2021-10-08 13:24:41,11000.0,5000.0,3752993.0
391,2021-10-08 13:23:51,11000.0,1000.0,3747993.0
392,2021-10-08 13:23:24,11000.0,1000.0,3746993.0
393,2021-10-08 13:23:09,11000.0,1400.0,3745993.0
394,2021-10-08 13:22:54,11000.0,6000.0,3744593.0
395,2021-10-08 13:22:19,11000.0,600.0,3738593.0
396,2021-10-08 13:21:39,11000.0,2100.0,3737993.0
397,2021-10-08 13:21:38,11000.0,1400.0,3735893.0
398,2021-10-08 13:21:29,11000.0,500.0,3734493.0
399,2021-10-08 13:21:28,11000.0,200.0,3733993.0
400,2021-10-08 13:21:19,11000.0,200.0,3733793.0
401,2021-10-08 13:20:54,11000.0,100.0,3733593.0
402,2021-10-08 13:20:50,11000.0,2300.0,3733493.0
403,2021-10-08 13:20:45,11000.0,100.0,3731193.0
404,2021-10-08 13:19:46,11000.0,2000.0,3731093.0
405,2021-10-08 13:19:42,11000.0,3000.0,3729093.0
406,2021-10-08 13:19:36,11000.0,4700.0,3726093.0
407,2021-10-08 13:19:27,11000.0,1000.0,3721393.0
408,2021-10-08 13:19:15,11000.0,1000.0,3720393.0
409,2021-10-08 13:18:23,11000.0,1000.0,3719393.0
410,2021-10-08 13:18:06,11000.0,2200.0,3718393.0
411,2021-10-08 13:17:47,11000.0,3500.0,3716193.0
412,2021-10-08 13:17:42,11000.0,500.0,3712693.0
413,2021-10-08 13:17:30,11000.0,1500.0,3712193.0
414,2021-10-08 13:17:23,11000.0,100.0,3710693.0
415,2021-10-08 13:17:22,11000.0,1700.0,3710593.0
416,2021-10-08 13:17:07,11000.0,200.0,3708893.0
417,2021-10-08 13:16:58,11000.0,100.0,3708693.0
418,2021-10-08 13:16:55,11000.0,4300.0,3708593.0
419,2021-10-08 13:16:25,11000.0,500.0,3704293.0
420,2021-10-08 13:16:24,11000.0,1500.0,3703793.0
421,2021-10-08 13:16:21,11000.0,10000.0,3702293.0
422,2021-10-08 13:16:18,11000.0,100.0,3692293.0
423,2021-10-08 13:16:11,11000.0,100.0,3692193.0
424,2021-10-08 13:16:06,11000.0,1000.0,3692093.0
425,2021-10-08 13:16:00,11000.0,4500.0,3691093.0
426,2021-10-08 13:15:56,11000.0,1000.0,3686593.0
427,2021-10-08 13:15:54,11000.0,2000.0,3685593.0
428,2021-10-08 13:15:52,11000.0,3000.0,3683593.0
429,2021-10-08 13:15:42,11000.0,1000.0,3680593.0
430,2021-10-08 13:15:19,11000.0,20000.0,3679593.0
431,2021-10-08 13:15:11,11000.0,500.0,3659593.0
432,2021-10-08 13:15:07,11000.0,1000.0,3659093.0
433,2021-10-08 13:15:04,11000.0,4000.0,3658093.0
434,2021-10-08 13:14:58,11000.0,2000.0,3654093.0
435,2021-10-08 13:14:51,11000.0,6300.0,3652093.0
436,2021-10-08 13:14:42,11000.0,15700.0,3645793.0
437,2021-10-08 13:14:36,11000.0,80000.0,3630093.0
438,2021-10-08 13:14:17,11000.0,30000.0,3550093.0
439,2021-10-08 13:13:37,10900.0,4100.0,3520093.0
440,2021-10-08 13:13:30,10900.0,10000.0,3515993.0
441,2021-10-08 13:13:28,10900.0,5000.0,3505993.0
442,2021-10-08 13:13:24,10900.0,300.0,3500993.0
443,2021-10-08 13:13:23,10900.0,1000.0,3500693.0
444,2021-10-08 13:13:16,10900.0,200.0,3499693.0
445,2021-10-08 13:13:13,10900.0,3800.0,3499493.0
446,2021-10-08 13:13:12,10900.0,500.0,3495693.0
447,2021-10-08 13:13:11,10900.0,500.0,3495193.0
448,2021-10-08 13:13:10,10900.0,400.0,3494693.0
449,2021-10-08 13:13:09,10900.0,1000.0,3494293.0
450,2021-10-08 13:12:48,10900.0,273200.0,3493293.0
451,2021-10-08 13:12:42,10900.0,10000.0,3220093.0
452,2021-10-08 13:12:34,11000.0,36000.0,3210093.0
453,2021-10-08 13:11:57,10900.0,100.0,3174093.0
454,2021-10-08 13:11:50,10900.0,300.0,3173993.0
455,2021-10-08 13:11:34,10900.0,10.0,3173693.0
456,2021-10-08 13:11:31,10900.0,4500.0,3173683.0
457,2021-10-08 13:11:28,11000.0,100.0,3169183.0
458,2021-10-08 13:11:04,11000.0,600.0,3169083.0
459,2021-10-08 13:11:01,11000.0,1000.0,3168483.0
460,2021-10-08 13:10:49,11000.0,500.0,3167483.0
461,2021-10-08 13:10:33,11000.0,100.0,3166983.0
462,2021-10-08 13:09:34,11000.0,500.0,3166883.0
463,2021-10-08 13:09:31,11000.0,200.0,3166383.0
464,2021-10-08 13:09:27,11000.0,100.0,3166183.0
465,2021-10-08 13:08:49,11000.0,900.0,3166083.0
466,2021-10-08 13:08:42,11000.0,500.0,3165183.0
467,2021-10-08 13:08:31,11000.0,100.0,3164683.0
468,2021-10-08 13:08:24,11000.0,100.0,3164583.0
469,2021-10-08 13:08:21,11000.0,100.0,3164483.0
470,2021-10-08 13:07:36,11000.0,100.0,3164383.0
471,2021-10-08 13:07:33,11000.0,100.0,3164283.0
472,2021-10-08 13:07:28,11000.0,100.0,3164183.0
473,2021-10-08 13:07:08,11000.0,100.0,3164083.0
474,2021-10-08 13:07:01,11000.0,200.0,3163983.0
475,2021-10-08 13:07:00,11000.0,100.0,3163783.0
476,2021-10-08 13:06:40,11000.0,200.0,3163683.0
477,2021-10-08 13:06:22,11000.0,500.0,3163483.0
478,2021-10-08 13:06:19,11000.0,500.0,3162983.0
479,2021-10-08 13:06:06,11000.0,300.0,3162483.0
480,2021-10-08 13:05:57,11000.0,500.0,3162183.0
481,2021-10-08 13:05:42,11000.0,200.0,3161683.0
482,2021-10-08 13:05:26,11000.0,1000.0,3161483.0
483,2021-10-08 13:04:55,10900.0,2500.0,3160483.0
484,2021-10-08 13:04:14,10900.0,1000.0,3157983.0
485,2021-10-08 13:03:41,10900.0,1000.0,3156983.0
486,2021-10-08 13:02:28,10900.0,2000.0,3155983.0
487,2021-10-08 13:02:22,11000.0,2400.0,3153983.0
488,2021-10-08 13:02:16,10900.0,1.0,3151583.0
489,2021-10-08 13:02:10,10900.0,2000.0,3151582.0
490,2021-10-08 13:02:00,11000.0,500.0,3149582.0
491,2021-10-08 13:01:59,11000.0,200.0,3149082.0
492,2021-10-08 13:01:18,11000.0,600.0,3148882.0
493,2021-10-08 13:00:54,11000.0,9800.0,3148282.0
494,2021-10-08 13:00:53,11000.0,100.0,3138482.0
495,2021-10-08 13:00:21,11000.0,6300.0,3138382.0
496,2021-10-08 13:00:14,11000.0,300.0,3132082.0
497,2021-10-08 13:00:12,11000.0,1700.0,3131782.0
498,2021-10-08 13:00:11,11000.0,5000.0,3130082.0
499,2021-10-08 13:00:09,11000.0,6700.0,3125082.0
500,2021-10-08 13:00:08,11000.0,200.0,3118382.0
501,2021-10-08 13:00:07,11000.0,300.0,3118182.0
502,2021-10-08 13:00:06,11000.0,18100.0,3117882.0
503,2021-10-08 13:00:05,10900.0,8400.0,3099782.0
504,2021-10-08 11:29:23,11000.0,10000.0,3091382.0
505,2021-10-08 11:29:20,10900.0,10000.0,3081382.0
506,2021-10-08 11:29:16,11000.0,2000.0,3071382.0
507,2021-10-08 11:29:13,11000.0,100.0,3069382.0
508,2021-10-08 11:29:03,11000.0,100.0,3069282.0
509,2021-10-08 11:28:35,11000.0,3700.0,3069182.0
510,2021-10-08 11:28:34,10900.0,50000.0,3065482.0
511,2021-10-08 11:28:28,11000.0,5000.0,3015482.0
512,2021-10-08 11:28:16,11000.0,2000.0,3010482.0
513,2021-10-08 11:28:11,11000.0,6700.0,3008482.0
514,2021-10-08 11:28:09,11000.0,2000.0,3001782.0
515,2021-10-08 11:28:02,10900.0,500.0,2999782.0
516,2021-10-08 11:26:45,11000.0,100.0,2999282.0
517,2021-10-08 11:26:38,10900.0,7500.0,2999182.0
518,2021-10-08 11:26:35,11000.0,5000.0,2991682.0
519,2021-10-08 11:26:26,11000.0,100.0,2986682.0
520,2021-10-08 11:26:13,10900.0,400.0,2986582.0
521,2021-10-08 11:25:01,10900.0,200.0,2986182.0
522,2021-10-08 11:24:52,10900.0,500.0,2985982.0
523,2021-10-08 11:24:24,10900.0,100.0,2985482.0
524,2021-10-08 11:24:06,10900.0,600.0,2985382.0
525,2021-10-08 11:23:59,11000.0,2000.0,2984782.0
526,2021-10-08 11:23:56,11000.0,1000.0,2982782.0
527,2021-10-08 11:23:50,11000.0,1000.0,2981782.0
528,2021-10-08 11:23:29,11000.0,100.0,2980782.0
529,2021-10-08 11:23:10,11000.0,200.0,2980682.0
530,2021-10-08 11:23:07,11000.0,200.0,2980482.0
531,2021-10-08 11:22:55,11000.0,300.0,2980282.0
532,2021-10-08 11:22:50,11000.0,500.0,2979982.0
533,2021-10-08 11:22:38,11000.0,800.0,2979482.0
534,2021-10-08 11:22:25,11000.0,100.0,2978682.0
535,2021-10-08 11:22:20,11000.0,900.0,2978582.0
536,2021-10-08 11:22:18,11000.0,8000.0,2977682.0
537,2021-10-08 11:22:17,11000.0,100.0,2969682.0
538,2021-10-08 11:22:16,11000.0,2000.0,2969582.0
539,2021-10-08 11:21:58,11000.0,100.0,2967582.0
540,2021-10-08 11:21:34,11000.0,100.0,2967482.0
541,2021-10-08 11:21:33,11000.0,3500.0,2967382.0
542,2021-10-08 11:21:13,11000.0,2000.0,2963882.0
543,2021-10-08 11:21:10,11000.0,600.0,2961882.0
544,2021-10-08 11:21:04,11000.0,1000.0,2961282.0
545,2021-10-08 11:20:58,11000.0,3000.0,2960282.0
546,2021-10-08 11:20:25,11000.0,5000.0,2957282.0
547,2021-10-08 11:20:24,11000.0,1000.0,2952282.0
548,2021-10-08 11:20:22,11000.0,400.0,2951282.0
549,2021-10-08 11:20:18,11000.0,100.0,2950882.0
550,2021-10-08 11:19:52,11000.0,2000.0,2950782.0
551,2021-10-08 11:19:09,10900.0,2000.0,2948782.0
552,2021-10-08 11:19:08,11000.0,5000.0,2946782.0
553,2021-10-08 11:19:00,11000.0,2000.0,2941782.0
554,2021-10-08 11:18:56,11000.0,500.0,2939782.0
555,2021-10-08 11:18:52,11000.0,1000.0,2939282.0
556,2021-10-08 11:18:50,11000.0,400.0,2938282.0
557,2021-10-08 11:18:49,10900.0,270.0,2937882.0
558,2021-10-08 11:18:48,10900.0,200.0,2937612.0
559,2021-10-08 11:18:47,11000.0,300.0,2937412.0
560,2021-10-08 11:18:41,11000.0,500.0,2937112.0
561,2021-10-08 11:18:37,11000.0,5000.0,2936612.0
562,2021-10-08 11:18:35,11000.0,2000.0,2931612.0
563,2021-10-08 11:18:25,11000.0,200.0,2929612.0
564,2021-10-08 11:18:16,11000.0,35000.0,2929412.0
565,2021-10-08 11:18:11,11000.0,300.0,2894412.0
566,2021-10-08 11:18:09,11000.0,100.0,2894112.0
567,2021-10-08 11:18:05,11000.0,400.0,2894012.0
568,2021-10-08 11:18:04,11000.0,5000.0,2893612.0
569,2021-10-08 11:18:00,11000.0,2000.0,2888612.0
570,2021-10-08 11:17:54,11000.0,500.0,2886612.0
571,2021-10-08 11:17:29,11000.0,500.0,2886112.0
572,2021-10-08 11:17:28,11000.0,4000.0,2885612.0
573,2021-10-08 11:17:25,11000.0,500.0,2881612.0
574,2021-10-08 11:17:22,11000.0,2000.0,2881112.0
575,2021-10-08 11:16:58,11000.0,200.0,2879112.0
576,2021-10-08 11:16:29,11000.0,26.0,2878912.0
577,2021-10-08 11:16:28,11000.0,2000.0,2878886.0
578,2021-10-08 11:16:26,11000.0,4000.0,2876886.0
579,2021-10-08 11:16:20,11000.0,100.0,2872886.0
580,2021-10-08 11:16:06,11000.0,400.0,2872786.0
581,2021-10-08 11:15:59,11000.0,3100.0,2872386.0
582,2021-10-08 11:15:55,11000.0,406400.0,2869286.0
583,2021-10-08 11:14:58,11000.0,8000.0,2462886.0
584,2021-10-08 11:14:49,11000.0,1000.0,2454886.0
585,2021-10-08 11:14:33,11000.0,1500.0,2453886.0
586,2021-10-08 11:14:32,11000.0,2000.0,2452386.0
587,2021-10-08 11:14:30,11000.0,10000.0,2450386.0
588,2021-10-08 11:14:26,11000.0,1000.0,2440386.0
589,2021-10-08 11:14:21,11000.0,8000.0,2439386.0
590,2021-10-08 11:14:20,11000.0,1300.0,2431386.0
591,2021-10-08 11:13:53,11000.0,1000.0,2430086.0
592,2021-10-08 11:13:33,11000.0,5000.0,2429086.0
593,2021-10-08 11:13:03,11000.0,2400.0,2424086.0
594,2021-10-08 11:12:52,11000.0,600.0,2421686.0
595,2021-10-08 11:12:48,11000.0,30000.0,2421086.0
596,2021-10-08 11:12:47,11000.0,2800.0,2391086.0
597,2021-10-08 11:12:26,11000.0,500.0,2388286.0
598,2021-10-08 11:12:23,11000.0,200.0,2387786.0
599,2021-10-08 11:12:17,11000.0,300.0,2387586.0
600,2021-10-08 11:11:59,11000.0,1000.0,2387286.0
601,2021-10-08 11:11:58,11000.0,2000.0,2386286.0
602,2021-10-08 11:11:26,11000.0,1000.0,2384286.0
603,2021-10-08 11:11:15,11000.0,10000.0,2383286.0
604,2021-10-08 11:11:03,11000.0,400.0,2373286.0
605,2021-10-08 11:10:41,11000.0,500.0,2372886.0
606,2021-10-08 11:10:35,11000.0,200.0,2372386.0
607,2021-10-08 11:10:09,11100.0,100.0,2372186.0
608,2021-10-08 11:09:51,11100.0,100.0,2372086.0
609,2021-10-08 11:09:45,11100.0,2000.0,2371986.0
610,2021-10-08 11:09:39,11000.0,1100.0,2369986.0
611,2021-10-08 11:09:32,11100.0,100.0,2368886.0
612,2021-10-08 11:09:31,11000.0,300.0,2368786.0
613,2021-10-08 11:09:18,11100.0,100.0,2368486.0
614,2021-10-08 11:09:04,11100.0,100.0,2368386.0
615,2021-10-08 11:08:50,11100.0,100.0,2368286.0
616,2021-10-08 11:08:31,11100.0,1000.0,2368186.0
617,2021-10-08 11:08:20,11100.0,500.0,2367186.0
618,2021-10-08 11:07:59,11100.0,2000.0,2366686.0
619,2021-10-08 11:07:13,11100.0,1000.0,2364686.0
620,2021-10-08 11:07:07,11100.0,2300.0,2363686.0
621,2021-10-08 11:07:02,11000.0,200.0,2361386.0
622,2021-10-08 11:06:53,11100.0,2500.0,2361186.0
623,2021-10-08 11:06:48,11100.0,200.0,2358686.0
624,2021-10-08 11:06:34,11100.0,200.0,2358486.0
625,2021-10-08 11:06:32,11100.0,5000.0,2358286.0
626,2021-10-08 11:06:22,11100.0,200.0,2353286.0
627,2021-10-08 11:06:10,11100.0,200.0,2353086.0
628,2021-10-08 11:05:57,11000.0,100.0,2352886.0
629,2021-10-08 11:05:53,11100.0,200.0,2352786.0
630,2021-10-08 11:05:52,11000.0,100.0,2352586.0
631,2021-10-08 11:05:35,11000.0,100.0,2352486.0
632,2021-10-08 11:05:26,11000.0,800.0,2352386.0
633,2021-10-08 11:05:24,11000.0,1000.0,2351586.0
634,2021-10-08 11:04:59,11000.0,100.0,2350586.0
635,2021-10-08 11:04:51,11000.0,2000.0,2350486.0
636,2021-10-08 11:04:50,11000.0,1000.0,2348486.0
637,2021-10-08 11:04:49,11000.0,100.0,2347486.0
638,2021-10-08 11:04:45,11000.0,500.0,2347386.0
639,2021-10-08 11:04:30,11000.0,1000.0,2346886.0
640,2021-10-08 11:04:15,11000.0,4900.0,2345886.0
641,2021-10-08 11:04:14,11000.0,500.0,2340986.0
642,2021-10-08 11:03:36,11000.0,14800.0,2340486.0
643,2021-10-08 11:03:24,11100.0,100.0,2325686.0
644,2021-10-08 11:03:22,11000.0,300.0,2325586.0
645,2021-10-08 11:03:00,11000.0,100.0,2325286.0
646,2021-10-08 11:02:33,11000.0,500.0,2325186.0
647,2021-10-08 11:02:02,11100.0,100.0,2324686.0
648,2021-10-08 11:01:53,11100.0,500.0,2324586.0
649,2021-10-08 11:01:49,11100.0,200.0,2324086.0
650,2021-10-08 11:01:37,11100.0,100.0,2323886.0
651,2021-10-08 11:01:24,11100.0,200.0,2323786.0
652,2021-10-08 11:00:55,11100.0,100.0,2323586.0
653,2021-10-08 11:00:54,11000.0,1500.0,2323486.0
654,2021-10-08 11:00:52,11000.0,13800.0,2321986.0
655,2021-10-08 11:00:41,11100.0,100.0,2308186.0
656,2021-10-08 11:00:28,11100.0,300.0,2308086.0
657,2021-10-08 11:00:20,11000.0,700.0,2307786.0
658,2021-10-08 11:00:18,11100.0,100.0,2307086.0
659,2021-10-08 11:00:04,11100.0,200.0,2306986.0
660,2021-10-08 10:59:52,11100.0,200.0,2306786.0
661,2021-10-08 10:59:45,11100.0,1000.0,2306586.0
662,2021-10-08 10:59:38,11100.0,300.0,2305586.0
663,2021-10-08 10:59:21,11100.0,1000.0,2305286.0
664,2021-10-08 10:59:15,11100.0,2100.0,2304286.0
665,2021-10-08 10:59:11,11100.0,10.0,2302186.0
666,2021-10-08 10:59:07,11100.0,200.0,2302176.0
667,2021-10-08 10:58:43,11100.0,1000.0,2301976.0
668,2021-10-08 10:57:17,11100.0,200.0,2300976.0
669,2021-10-08 10:57:00,11100.0,2000.0,2300776.0
670,2021-10-08 10:56:16,11100.0,1000.0,2298776.0
671,2021-10-08 10:55:53,11000.0,4000.0,2297776.0
672,2021-10-08 10:55:47,11100.0,1000.0,2293776.0
673,2021-10-08 10:55:38,11100.0,1000.0,2292776.0
674,2021-10-08 10:55:36,11100.0,200.0,2291776.0
675,2021-10-08 10:55:28,11100.0,2000.0,2291576.0
676,2021-10-08 10:55:26,11100.0,1000.0,2289576.0
677,2021-10-08 10:55:21,11100.0,200.0,2288576.0
678,2021-10-08 10:55:14,11100.0,1600.0,2288376.0
679,2021-10-08 10:55:07,11100.0,1000.0,2286776.0
680,2021-10-08 10:55:03,11100.0,20000.0,2285776.0
681,2021-10-08 10:54:28,11100.0,300.0,2265776.0
682,2021-10-08 10:54:16,11000.0,10000.0,2265476.0
683,2021-10-08 10:54:01,11100.0,5000.0,2255476.0
684,2021-10-08 10:54:00,11100.0,500.0,2250476.0
685,2021-10-08 10:53:52,11100.0,1000.0,2249976.0
686,2021-10-08 10:53:50,11100.0,400.0,2248976.0
687,2021-10-08 10:53:47,11100.0,4500.0,2248576.0
688,2021-10-08 10:53:42,11100.0,5000.0,2244076.0
689,2021-10-08 10:53:28,11100.0,17600.0,2239076.0
690,2021-10-08 10:53:14,11200.0,300.0,2221476.0
691,2021-10-08 10:52:50,11100.0,500.0,2221176.0
692,2021-10-08 10:52:46,11100.0,200.0,2220676.0
693,2021-10-08 10:52:29,11100.0,1000.0,2220476.0
694,2021-10-08 10:52:24,11100.0,500.0,2219476.0
695,2021-10-08 10:52:12,11100.0,500.0,2218976.0
696,2021-10-08 10:51:57,11100.0,300.0,2218476.0
697,2021-10-08 10:51:56,11100.0,200.0,2218176.0
698,2021-10-08 10:51:50,11100.0,200.0,2217976.0
699,2021-10-08 10:51:49,11100.0,6000.0,2217776.0
700,2021-10-08 10:51:44,11100.0,200.0,2211776.0
701,2021-10-08 10:51:30,11100.0,4800.0,2211576.0
702,2021-10-08 10:51:23,11100.0,8000.0,2206776.0
703,2021-10-08 10:51:19,11100.0,3000.0,2198776.0
704,2021-10-08 10:51:17,11100.0,45000.0,2195776.0
705,2021-10-08 10:51:13,11100.0,2000.0,2150776.0
706,2021-10-08 10:51:12,11100.0,10000.0,2148776.0
707,2021-10-08 10:51:06,11100.0,5000.0,2138776.0
708,2021-10-08 10:50:54,11100.0,600.0,2133776.0
709,2021-10-08 10:50:52,11200.0,100.0,2133176.0
710,2021-10-08 10:50:51,11200.0,100.0,2133076.0
711,2021-10-08 10:50:50,11200.0,100.0,2132976.0
712,2021-10-08 10:50:49,11100.0,5000.0,2132876.0
713,2021-10-08 10:50:44,11100.0,100000.0,2127876.0
714,2021-10-08 10:50:31,11100.0,14500.0,2027876.0
715,2021-10-08 10:50:29,11100.0,200.0,2013376.0
716,2021-10-08 10:50:06,11100.0,5500.0,2013176.0
717,2021-10-08 10:49:54,11100.0,200.0,2007676.0
718,2021-10-08 10:49:31,11200.0,500.0,2007476.0
719,2021-10-08 10:49:29,11100.0,200.0,2006976.0
720,2021-10-08 10:49:15,11100.0,100.0,2006776.0
721,2021-10-08 10:49:02,11100.0,2000.0,2006676.0
722,2021-10-08 10:48:54,11100.0,5000.0,2004676.0
723,2021-10-08 10:47:54,11100.0,1000.0,1999676.0
724,2021-10-08 10:47:47,11100.0,500.0,1998676.0
725,2021-10-08 10:47:34,11100.0,1000.0,1998176.0
726,2021-10-08 10:47:22,11100.0,2000.0,1997176.0
727,2021-10-08 10:46:47,11100.0,100.0,1995176.0
728,2021-10-08 10:46:44,11100.0,2000.0,1995076.0
729,2021-10-08 10:46:07,11100.0,1800.0,1993076.0
730,2021-10-08 10:45:58,11100.0,1000.0,1991276.0
731,2021-10-08 10:45:37,11100.0,100.0,1990276.0
732,2021-10-08 10:45:35,11100.0,100.0,1990176.0
733,2021-10-08 10:45:34,11100.0,1100.0,1990076.0
734,2021-10-08 10:45:25,11100.0,100.0,1988976.0
735,2021-10-08 10:45:23,11100.0,4800.0,1988876.0
736,2021-10-08 10:45:17,11100.0,8000.0,1984076.0
737,2021-10-08 10:45:07,11200.0,10000.0,1976076.0
738,2021-10-08 10:44:35,11100.0,1000.0,1966076.0
739,2021-10-08 10:44:30,11100.0,2000.0,1965076.0
740,2021-10-08 10:44:17,11100.0,1000.0,1963076.0
741,2021-10-08 10:44:08,11100.0,20000.0,1962076.0
742,2021-10-08 10:43:52,11200.0,1000.0,1942076.0
743,2021-10-08 10:43:50,11100.0,10000.0,1941076.0
744,2021-10-08 10:43:47,11100.0,1000.0,1931076.0
745,2021-10-08 10:43:45,11100.0,3900.0,1930076.0
746,2021-10-08 10:43:38,11200.0,2000.0,1926176.0
747,2021-10-08 10:43:29,11100.0,1000.0,1924176.0
748,2021-10-08 10:43:25,11100.0,50000.0,1923176.0
749,2021-10-08 10:43:23,11100.0,100.0,1873176.0
750,2021-10-08 10:43:22,11200.0,1000.0,1873076.0
751,2021-10-08 10:42:53,11100.0,2000.0,1872076.0
752,2021-10-08 10:42:28,11200.0,200.0,1870076.0
753,2021-10-08 10:41:16,11200.0,100.0,1869876.0
754,2021-10-08 10:40:27,11200.0,1000.0,1869776.0
755,2021-10-08 10:40:18,11200.0,1200.0,1868776.0
756,2021-10-08 10:39:43,11200.0,400.0,1867576.0
757,2021-10-08 10:39:18,11200.0,100.0,1867176.0
758,2021-10-08 10:38:57,11100.0,1000.0,1867076.0
759,2021-10-08 10:38:39,11100.0,3000.0,1866076.0
760,2021-10-08 10:38:37,11100.0,500.0,1863076.0
761,2021-10-08 10:38:36,11100.0,1000.0,1862576.0
762,2021-10-08 10:38:31,11100.0,2000.0,1861576.0
763,2021-10-08 10:38:18,11100.0,10400.0,1859576.0
764,2021-10-08 10:38:13,11100.0,8000.0,1849176.0
765,2021-10-08 10:37:56,11100.0,1000.0,1841176.0
766,2021-10-08 10:37:47,11100.0,2000.0,1840176.0
767,2021-10-08 10:37:17,11100.0,8700.0,1838176.0
768,2021-10-08 10:37:16,11100.0,3200.0,1829476.0
769,2021-10-08 10:36:35,11100.0,600.0,1826276.0
770,2021-10-08 10:36:25,11100.0,2000.0,1825676.0
771,2021-10-08 10:36:03,11100.0,2000.0,1823676.0
772,2021-10-08 10:35:55,11100.0,5000.0,1821676.0
773,2021-10-08 10:35:54,11100.0,2900.0,1816676.0
774,2021-10-08 10:35:43,11100.0,100.0,1813776.0
775,2021-10-08 10:35:37,11200.0,1000.0,1813676.0
776,2021-10-08 10:35:32,11100.0,1000.0,1812676.0
777,2021-10-08 10:35:21,11200.0,1000.0,1811676.0
778,2021-10-08 10:34:46,11100.0,10000.0,1810676.0
779,2021-10-08 10:34:45,11100.0,1600.0,1800676.0
780,2021-10-08 10:34:40,11100.0,300.0,1799076.0
781,2021-10-08 10:34:10,11100.0,1000.0,1798776.0
782,2021-10-08 10:33:51,11100.0,500.0,1797776.0
783,2021-10-08 10:33:32,11100.0,1000.0,1797276.0
784,2021-10-08 10:33:09,11200.0,2000.0,1796276.0
785,2021-10-08 10:32:04,11200.0,400.0,1794276.0
786,2021-10-08 10:31:59,11200.0,1000.0,1793876.0
787,2021-10-08 10:31:32,11200.0,1000.0,1792876.0
788,2021-10-08 10:31:28,11200.0,200.0,1791876.0
789,2021-10-08 10:30:56,11200.0,100.0,1791676.0
790,2021-10-08 10:30:46,11200.0,100.0,1791576.0
791,2021-10-08 10:30:02,11200.0,600.0,1791476.0
792,2021-10-08 10:29:59,11100.0,100.0,1790876.0
793,2021-10-08 10:29:51,11100.0,600.0,1790776.0
794,2021-10-08 10:29:27,11200.0,200.0,1790176.0
795,2021-10-08 10:28:32,11200.0,1000.0,1789976.0
796,2021-10-08 10:27:18,11200.0,1000.0,1788976.0
797,2021-10-08 10:27:14,11200.0,500.0,1787976.0
798,2021-10-08 10:27:04,11200.0,1000.0,1787476.0
799,2021-10-08 10:26:56,11200.0,100.0,1786476.0
800,2021-10-08 10:26:46,11200.0,1000.0,1786376.0
801,2021-10-08 10:26:31,11200.0,100.0,1785376.0
802,2021-10-08 10:26:23,11200.0,5000.0,1785276.0
803,2021-10-08 10:26:22,11100.0,2000.0,1780276.0
804,2021-10-08 10:26:07,11200.0,30.0,1778276.0
805,2021-10-08 10:25:59,11200.0,900.0,1778246.0
806,2021-10-08 10:25:40,11200.0,40.0,1777346.0
807,2021-10-08 10:25:39,11200.0,100.0,1777306.0
808,2021-10-08 10:25:32,11200.0,1500.0,1777206.0
809,2021-10-08 10:24:51,11200.0,100.0,1775706.0
810,2021-10-08 10:24:39,11200.0,100.0,1775606.0
811,2021-10-08 10:24:24,11200.0,200.0,1775506.0
812,2021-10-08 10:23:31,11200.0,1000.0,1775306.0
813,2021-10-08 10:23:13,11200.0,10000.0,1774306.0
814,2021-10-08 10:23:02,11200.0,1500.0,1764306.0
815,2021-10-08 10:22:51,11200.0,5000.0,1762806.0
816,2021-10-08 10:22:26,11200.0,500.0,1757806.0
817,2021-10-08 10:22:23,11200.0,500.0,1757306.0
818,2021-10-08 10:22:15,11200.0,100.0,1756806.0
819,2021-10-08 10:22:14,11200.0,100.0,1756706.0
820,2021-10-08 10:22:13,11200.0,100.0,1756606.0
821,2021-10-08 10:22:12,11200.0,100.0,1756506.0
822,2021-10-08 10:22:11,11200.0,100.0,1756406.0
823,2021-10-08 10:21:25,11200.0,9000.0,1756306.0
824,2021-10-08 10:21:23,11200.0,200.0,1747306.0
825,2021-10-08 10:21:08,11200.0,5500.0,1747106.0
826,2021-10-08 10:20:46,11200.0,100.0,1741606.0
827,2021-10-08 10:20:45,11200.0,200.0,1741506.0
828,2021-10-08 10:20:44,11200.0,100.0,1741306.0
829,2021-10-08 10:20:43,11200.0,100.0,1741206.0
830,2021-10-08 10:20:22,11200.0,1000.0,1741106.0
831,2021-10-08 10:20:09,11200.0,8000.0,1740106.0
832,2021-10-08 10:19:55,11200.0,4000.0,1732106.0
833,2021-10-08 10:19:34,11200.0,700.0,1728106.0
834,2021-10-08 10:18:53,11200.0,1700.0,1727406.0
835,2021-10-08 10:18:39,11100.0,50000.0,1725706.0
836,2021-10-08 10:18:30,11200.0,35000.0,1675706.0
837,2021-10-08 10:18:29,11100.0,11600.0,1640706.0
838,2021-10-08 10:17:41,11200.0,500.0,1629106.0
839,2021-10-08 10:17:30,11200.0,100.0,1628606.0
840,2021-10-08 10:14:16,11200.0,300.0,1628506.0
841,2021-10-08 10:14:12,11200.0,100.0,1628206.0
842,2021-10-08 10:13:59,11200.0,400.0,1628106.0
843,2021-10-08 10:13:58,11200.0,5000.0,1627706.0
844,2021-10-08 10:13:40,11200.0,100.0,1622706.0
845,2021-10-08 10:13:30,11200.0,100.0,1622606.0
846,2021-10-08 10:13:22,11200.0,800.0,1622506.0
847,2021-10-08 10:11:52,11200.0,2000.0,1621706.0
848,2021-10-08 10:10:44,11200.0,20500.0,1619706.0
849,2021-10-08 10:10:35,11200.0,5000.0,1599206.0
850,2021-10-08 10:10:34,11200.0,100.0,1594206.0
851,2021-10-08 10:10:30,11200.0,2000.0,1594106.0
852,2021-10-08 10:10:24,11200.0,5000.0,1592106.0
853,2021-10-08 10:10:18,11200.0,1000.0,1587106.0
854,2021-10-08 10:10:15,11200.0,800.0,1586106.0
855,2021-10-08 10:10:01,11200.0,200.0,1585306.0
856,2021-10-08 10:09:54,11200.0,10000.0,1585106.0
857,2021-10-08 10:09:51,11200.0,600.0,1575106.0
858,2021-10-08 10:09:49,11200.0,5000.0,1574506.0
859,2021-10-08 10:09:28,11200.0,100.0,1569506.0
860,2021-10-08 10:09:22,11200.0,21000.0,1569406.0
861,2021-10-08 10:09:14,11200.0,100.0,1548406.0
862,2021-10-08 10:09:05,11200.0,100.0,1548306.0
863,2021-10-08 10:09:02,11200.0,5000.0,1548206.0
864,2021-10-08 10:08:56,11200.0,800.0,1543206.0
865,2021-10-08 10:08:46,11200.0,1500.0,1542406.0
866,2021-10-08 10:08:30,11200.0,8600.0,1540906.0
867,2021-10-08 10:08:11,11200.0,10.0,1532306.0
868,2021-10-08 10:08:03,11200.0,100.0,1532296.0
869,2021-10-08 10:08:00,11200.0,1400.0,1532196.0
870,2021-10-08 10:07:52,11200.0,1000.0,1530796.0
871,2021-10-08 10:07:43,11200.0,5000.0,1529796.0
872,2021-10-08 10:07:34,11200.0,1000.0,1524796.0
873,2021-10-08 10:07:22,11200.0,2000.0,1523796.0
874,2021-10-08 10:07:20,11200.0,2600.0,1521796.0
875,2021-10-08 10:07:08,11200.0,9900.0,1519196.0
876,2021-10-08 10:06:34,11200.0,4200.0,1509296.0
877,2021-10-08 10:06:30,11200.0,400.0,1505096.0
878,2021-10-08 10:06:14,11200.0,5000.0,1504696.0
879,2021-10-08 10:06:08,11200.0,800.0,1499696.0
880,2021-10-08 10:05:58,11200.0,400.0,1498896.0
881,2021-10-08 10:05:53,11200.0,5000.0,1498496.0
882,2021-10-08 10:05:51,11200.0,500.0,1493496.0
883,2021-10-08 10:05:48,11200.0,200.0,1492996.0
884,2021-10-08 10:05:19,11200.0,5000.0,1492796.0
885,2021-10-08 10:05:13,11300.0,1500.0,1487796.0
886,2021-10-08 10:05:05,11300.0,500.0,1486296.0
887,2021-10-08 10:05:03,11200.0,100.0,1485796.0
888,2021-10-08 10:04:50,11300.0,100.0,1485696.0
889,2021-10-08 10:04:37,11200.0,200.0,1485596.0
890,2021-10-08 10:04:30,11200.0,1000.0,1485396.0
891,2021-10-08 10:04:15,11200.0,3000.0,1484396.0
892,2021-10-08 10:04:00,11200.0,600.0,1481396.0
893,2021-10-08 10:03:24,11300.0,2000.0,1480796.0
894,2021-10-08 10:03:22,11200.0,100.0,1478796.0
895,2021-10-08 10:03:13,11200.0,100.0,1478696.0
896,2021-10-08 10:02:43,11200.0,100.0,1478596.0
897,2021-10-08 10:02:31,11300.0,100.0,1478496.0
898,2021-10-08 10:02:24,11300.0,100.0,1478396.0
899,2021-10-08 10:02:21,11300.0,500.0,1478296.0
900,2021-10-08 10:02:16,11200.0,3000.0,1477796.0
901,2021-10-08 10:02:13,11300.0,1000.0,1474796.0
902,2021-10-08 10:01:20,11300.0,200.0,1473796.0
903,2021-10-08 10:01:15,11200.0,100.0,1473596.0
904,2021-10-08 10:00:31,11300.0,5000.0,1473496.0
905,2021-10-08 10:00:07,11300.0,500.0,1468496.0
906,2021-10-08 09:59:59,11200.0,500.0,1467996.0
907,2021-10-08 09:59:20,11200.0,100.0,1467496.0
908,2021-10-08 09:59:07,11200.0,500.0,1467396.0
909,2021-10-08 09:58:31,11200.0,2000.0,1466896.0
910,2021-10-08 09:58:06,11200.0,39.0,1464896.0
911,2021-10-08 09:58:03,11200.0,500.0,1464857.0
912,2021-10-08 09:57:40,11300.0,100.0,1464357.0
913,2021-10-08 09:57:36,11200.0,200.0,1464257.0
914,2021-10-08 09:57:31,11200.0,2000.0,1464057.0
915,2021-10-08 09:57:24,11200.0,1000.0,1462057.0
916,2021-10-08 09:57:22,11200.0,900.0,1461057.0
917,2021-10-08 09:57:16,11200.0,2000.0,1460157.0
918,2021-10-08 09:56:52,11200.0,100.0,1458157.0
919,2021-10-08 09:56:38,11200.0,2000.0,1458057.0
920,2021-10-08 09:56:21,11300.0,500.0,1456057.0
921,2021-10-08 09:56:16,11200.0,3000.0,1455557.0
922,2021-10-08 09:56:15,11200.0,100.0,1452557.0
923,2021-10-08 09:56:12,11200.0,5000.0,1452457.0
924,2021-10-08 09:56:11,11200.0,600.0,1447457.0
925,2021-10-08 09:56:04,11200.0,1000.0,1446857.0
926,2021-10-08 09:55:58,11200.0,1000.0,1445857.0
927,2021-10-08 09:55:45,11200.0,400.0,1444857.0
928,2021-10-08 09:55:44,11200.0,1000.0,1444457.0
929,2021-10-08 09:55:39,11200.0,41000.0,1443457.0
930,2021-10-08 09:55:09,11200.0,1000.0,1402457.0
931,2021-10-08 09:54:45,11200.0,2000.0,1401457.0
932,2021-10-08 09:54:43,11200.0,500.0,1399457.0
933,2021-10-08 09:54:42,11200.0,1000.0,1398957.0
934,2021-10-08 09:54:24,11200.0,400.0,1397957.0
935,2021-10-08 09:54:18,11200.0,100.0,1397557.0
936,2021-10-08 09:53:49,11200.0,500.0,1397457.0
937,2021-10-08 09:53:48,11200.0,15000.0,1396957.0
938,2021-10-08 09:53:02,11200.0,3000.0,1381957.0
939,2021-10-08 09:52:46,11200.0,500.0,1378957.0
940,2021-10-08 09:52:24,11200.0,4000.0,1378457.0
941,2021-10-08 09:52:18,11200.0,1000.0,1374457.0
942,2021-10-08 09:52:13,11200.0,200.0,1373457.0
943,2021-10-08 09:52:03,11200.0,600.0,1373257.0
944,2021-10-08 09:51:42,11200.0,1000.0,1372657.0
945,2021-10-08 09:51:40,11200.0,200.0,1371657.0
946,2021-10-08 09:51:37,11200.0,1000.0,1371457.0
947,2021-10-08 09:51:25,11200.0,7000.0,1370457.0
948,2021-10-08 09:50:58,11200.0,100.0,1363457.0
949,2021-10-08 09:50:53,11300.0,500.0,1363357.0
950,2021-10-08 09:50:39,11200.0,100.0,1362857.0
951,2021-10-08 09:50:38,11200.0,1500.0,1362757.0
952,2021-10-08 09:50:37,11200.0,1000.0,1361257.0
953,2021-10-08 09:50:34,11200.0,10000.0,1360257.0
954,2021-10-08 09:50:23,11200.0,1000.0,1350257.0
955,2021-10-08 09:50:21,11200.0,8900.0,1349257.0
956,2021-10-08 09:50:07,11200.0,12000.0,1340357.0
957,2021-10-08 09:49:52,11200.0,1000.0,1328357.0
958,2021-10-08 09:49:49,11200.0,500.0,1327357.0
959,2021-10-08 09:49:48,11200.0,500.0,1326857.0
960,2021-10-08 09:49:33,11200.0,1000.0,1326357.0
961,2021-10-08 09:49:32,11200.0,300.0,1325357.0
962,2021-10-08 09:49:26,11200.0,14000.0,1325057.0
963,2021-10-08 09:49:23,11200.0,100.0,1311057.0
964,2021-10-08 09:49:19,11200.0,5100.0,1310957.0
965,2021-10-08 09:49:14,11200.0,20000.0,1305857.0
966,2021-10-08 09:49:10,11200.0,1000.0,1285857.0
967,2021-10-08 09:49:02,11200.0,100.0,1284857.0
968,2021-10-08 09:49:01,11200.0,10000.0,1284757.0
969,2021-10-08 09:48:51,11200.0,1000.0,1274757.0
970,2021-10-08 09:48:45,11200.0,2200.0,1273757.0
971,2021-10-08 09:48:41,11200.0,1000.0,1271557.0
972,2021-10-08 09:48:39,11200.0,3011.0,1270557.0
973,2021-10-08 09:48:37,11200.0,6800.0,1267546.0
974,2021-10-08 09:48:35,11200.0,6500.0,1260746.0
975,2021-10-08 09:48:30,11200.0,3000.0,1254246.0
976,2021-10-08 09:48:29,11200.0,5800.0,1251246.0
977,2021-10-08 09:48:25,11200.0,3000.0,1245446.0
978,2021-10-08 09:48:23,11200.0,1500.0,1242446.0
979,2021-10-08 09:48:20,11200.0,4400.0,1240946.0
980,2021-10-08 09:48:16,11200.0,2000.0,1236546.0
981,2021-10-08 09:48:12,11200.0,400.0,1234546.0
982,2021-10-08 09:48:10,11100.0,100.0,1234146.0
983,2021-10-08 09:48:07,11200.0,1000.0,1234046.0
984,2021-10-08 09:48:06,11200.0,500.0,1233046.0
985,2021-10-08 09:48:03,11200.0,400.0,1232546.0
986,2021-10-08 09:47:47,11200.0,500.0,1232146.0
987,2021-10-08 09:47:41,11200.0,5500.0,1231646.0
988,2021-10-08 09:47:40,11200.0,500.0,1226146.0
989,2021-10-08 09:47:33,11200.0,3000.0,1225646.0
990,2021-10-08 09:47:32,11200.0,1000.0,1222646.0
991,2021-10-08 09:47:25,11200.0,100.0,1221646.0
992,2021-10-08 09:47:22,11200.0,19100.0,1221546.0
993,2021-10-08 09:47:16,11200.0,1000.0,1202446.0
994,2021-10-08 09:47:15,11200.0,3000.0,1201446.0
995,2021-10-08 09:46:58,11200.0,5000.0,1198446.0
996,2021-10-08 09:46:36,11200.0,10000.0,1193446.0
997,2021-10-08 09:46:03,11100.0,500.0,1183446.0
998,2021-10-08 09:45:35,11100.0,500.0,1182946.0
999,2021-10-08 09:45:14,11100.0,200.0,1182446.0
1000,2021-10-08 09:44:56,11100.0,1000.0,1182246.0
1001,2021-10-08 09:44:30,11200.0,500.0,1181246.0
1002,2021-10-08 09:44:27,11200.0,400.0,1180746.0
1003,2021-10-08 09:44:11,11200.0,1000.0,1180346.0
1004,2021-10-08 09:44:08,11200.0,300.0,1179346.0
1005,2021-10-08 09:43:58,11200.0,500.0,1179046.0
1006,2021-10-08 09:43:56,11100.0,1300.0,1178546.0
1007,2021-10-08 09:43:27,11200.0,200.0,1177246.0
1008,2021-10-08 09:43:06,11200.0,100.0,1177046.0
1009,2021-10-08 09:42:53,11200.0,100.0,1176946.0
1010,2021-10-08 09:42:46,11200.0,900.0,1176846.0
1011,2021-10-08 09:42:29,11200.0,200.0,1175946.0
1012,2021-10-08 09:42:15,11200.0,5000.0,1175746.0
1013,2021-10-08 09:42:00,11100.0,100.0,1170746.0
1014,2021-10-08 09:41:48,11200.0,9000.0,1170646.0
1015,2021-10-08 09:41:31,11200.0,2000.0,1161646.0
1016,2021-10-08 09:41:17,11200.0,1600.0,1159646.0
1017,2021-10-08 09:41:08,11200.0,3000.0,1158046.0
1018,2021-10-08 09:40:53,11100.0,100.0,1155046.0
1019,2021-10-08 09:40:42,11200.0,1400.0,1154946.0
1020,2021-10-08 09:40:24,11100.0,300.0,1153546.0
1021,2021-10-08 09:39:27,11100.0,300.0,1153246.0
1022,2021-10-08 09:39:24,11200.0,1000.0,1152946.0
1023,2021-10-08 09:39:20,11100.0,4200.0,1151946.0
1024,2021-10-08 09:39:02,11100.0,10000.0,1147746.0
1025,2021-10-08 09:37:46,11100.0,13800.0,1137746.0
1026,2021-10-08 09:37:28,11200.0,1000.0,1123946.0
1027,2021-10-08 09:37:23,11200.0,1000.0,1122946.0
1028,2021-10-08 09:37:19,11200.0,200.0,1121946.0
1029,2021-10-08 09:37:10,11200.0,200.0,1121746.0
1030,2021-10-08 09:36:32,11200.0,200.0,1121546.0
1031,2021-10-08 09:36:17,11200.0,9000.0,1121346.0
1032,2021-10-08 09:36:16,11200.0,1000.0,1112346.0
1033,2021-10-08 09:36:10,11200.0,21600.0,1111346.0
1034,2021-10-08 09:36:05,11200.0,5000.0,1089746.0
1035,2021-10-08 09:36:01,11200.0,100.0,1084746.0
1036,2021-10-08 09:35:54,11200.0,1000.0,1084646.0
1037,2021-10-08 09:35:48,11200.0,5000.0,1083646.0
1038,2021-10-08 09:35:27,11200.0,15000.0,1078646.0
1039,2021-10-08 09:35:21,11200.0,100.0,1063646.0
1040,2021-10-08 09:34:48,11200.0,20000.0,1063546.0
1041,2021-10-08 09:34:40,11200.0,30000.0,1043546.0
1042,2021-10-08 09:34:29,11200.0,800.0,1013546.0
1043,2021-10-08 09:34:25,11300.0,3000.0,1012746.0
1044,2021-10-08 09:33:56,11200.0,2600.0,1009746.0
1045,2021-10-08 09:33:14,11200.0,100.0,1007146.0
1046,2021-10-08 09:33:06,11200.0,400.0,1007046.0
1047,2021-10-08 09:32:47,11200.0,14800.0,1006646.0
1048,2021-10-08 09:32:45,11200.0,3500.0,991846.0
1049,2021-10-08 09:32:27,11200.0,20000.0,988346.0
1050,2021-10-08 09:32:02,11200.0,1200.0,968346.0
1051,2021-10-08 09:32:01,11200.0,500.0,967146.0
1052,2021-10-08 09:31:39,11200.0,600.0,966646.0
1053,2021-10-08 09:31:32,11200.0,300.0,966046.0
1054,2021-10-08 09:31:14,11200.0,400.0,965746.0
1055,2021-10-08 09:31:11,11200.0,5000.0,965346.0
1056,2021-10-08 09:31:07,11200.0,2000.0,960346.0
1057,2021-10-08 09:30:49,11200.0,100.0,958346.0
1058,2021-10-08 09:30:33,11200.0,100.0,958246.0
1059,2021-10-08 09:30:24,11100.0,500.0,958146.0
1060,2021-10-08 09:30:19,11200.0,300.0,957646.0
1061,2021-10-08 09:30:18,11200.0,5000.0,957346.0
1062,2021-10-08 09:30:14,11200.0,500.0,952346.0
1063,2021-10-08 09:30:03,11200.0,1000.0,951846.0
1064,2021-10-08 09:30:01,11200.0,300.0,950846.0
1065,2021-10-08 09:30:00,11200.0,1000.0,950546.0
1066,2021-10-08 09:29:58,11200.0,500.0,949546.0
1067,2021-10-08 09:29:49,11200.0,200.0,949046.0
1068,2021-10-08 09:29:47,11200.0,3000.0,948846.0
1069,2021-10-08 09:29:44,11200.0,200.0,945846.0
1070,2021-10-08 09:29:40,11200.0,11100.0,945646.0
1071,2021-10-08 09:29:29,11200.0,100.0,934546.0
1072,2021-10-08 09:29:20,11200.0,500.0,934446.0
1073,2021-10-08 09:29:17,11200.0,2000.0,933946.0
1074,2021-10-08 09:29:10,11200.0,1900.0,931946.0
1075,2021-10-08 09:28:53,11200.0,1000.0,930046.0
1076,2021-10-08 09:28:47,11200.0,100.0,929046.0
1077,2021-10-08 09:28:10,11200.0,500.0,928946.0
1078,2021-10-08 09:27:58,11200.0,1000.0,928446.0
1079,2021-10-08 09:27:44,11200.0,200.0,927446.0
1080,2021-10-08 09:27:43,11200.0,14800.0,927246.0
1081,2021-10-08 09:27:23,11200.0,6300.0,912446.0
1082,2021-10-08 09:27:03,11200.0,1000.0,906146.0
1083,2021-10-08 09:26:49,11200.0,50000.0,905146.0
1084,2021-10-08 09:26:44,11300.0,2000.0,855146.0
1085,2021-10-08 09:26:43,11200.0,2000.0,853146.0
1086,2021-10-08 09:26:42,11200.0,5000.0,851146.0
1087,2021-10-08 09:26:38,11200.0,30000.0,846146.0
1088,2021-10-08 09:26:36,11200.0,1000.0,816146.0
1089,2021-10-08 09:26:28,11200.0,200.0,815146.0
1090,2021-10-08 09:26:11,11200.0,33300.0,814946.0
1091,2021-10-08 09:25:59,11200.0,1200.0,781646.0
1092,2021-10-08 09:25:46,11300.0,300.0,780446.0
1093,2021-10-08 09:25:40,11300.0,50000.0,780146.0
1094,2021-10-08 09:25:34,11300.0,15000.0,730146.0
1095,2021-10-08 09:25:30,11300.0,160.0,715146.0
1096,2021-10-08 09:25:20,11200.0,2000.0,714986.0
1097,2021-10-08 09:25:16,11300.0,100.0,712986.0
1098,2021-10-08 09:25:12,11300.0,100.0,712886.0
1099,2021-10-08 09:24:50,11300.0,2000.0,712786.0
1100,2021-10-08 09:24:26,11300.0,11400.0,710786.0
1101,2021-10-08 09:24:14,11200.0,1000.0,699386.0
1102,2021-10-08 09:24:13,11300.0,30.0,698386.0
1103,2021-10-08 09:24:03,11300.0,2000.0,698356.0
1104,2021-10-08 09:23:53,11300.0,2000.0,696356.0
1105,2021-10-08 09:23:49,11200.0,2000.0,694356.0
1106,2021-10-08 09:23:41,11300.0,10000.0,692356.0
1107,2021-10-08 09:23:17,11300.0,100.0,682356.0
1108,2021-10-08 09:23:10,11200.0,1000.0,682256.0
1109,2021-10-08 09:23:00,11200.0,4300.0,681256.0
1110,2021-10-08 09:22:50,11200.0,10000.0,676956.0
1111,2021-10-08 09:22:33,11300.0,100.0,666956.0
1112,2021-10-08 09:22:23,11200.0,100000.0,666856.0
1113,2021-10-08 09:22:12,11200.0,10000.0,566856.0
1114,2021-10-08 09:22:08,11200.0,20000.0,556856.0
1115,2021-10-08 09:21:59,11200.0,100.0,536856.0
1116,2021-10-08 09:21:56,11200.0,10000.0,536756.0
1117,2021-10-08 09:21:53,11200.0,1100.0,526756.0
1118,2021-10-08 09:21:40,11200.0,2200.0,525656.0
1119,2021-10-08 09:21:34,11300.0,100.0,523456.0
1120,2021-10-08 09:21:33,11300.0,2000.0,523356.0
1121,2021-10-08 09:21:29,11300.0,3.0,521356.0
1122,2021-10-08 09:21:28,11300.0,500.0,521353.0
1123,2021-10-08 09:21:26,11300.0,100.0,520853.0
1124,2021-10-08 09:21:03,11300.0,800.0,520753.0
1125,2021-10-08 09:20:58,11300.0,300.0,519953.0
1126,2021-10-08 09:20:53,11300.0,200.0,519653.0
1127,2021-10-08 09:20:48,11300.0,1700.0,519453.0
1128,2021-10-08 09:20:44,11300.0,1000.0,517753.0
1129,2021-10-08 09:20:37,11300.0,3000.0,516753.0
1130,2021-10-08 09:20:33,11300.0,100.0,513753.0
1131,2021-10-08 09:20:27,11300.0,4200.0,513653.0
1132,2021-10-08 09:19:58,11300.0,300.0,509453.0
1133,2021-10-08 09:19:54,11300.0,1000.0,509153.0
1134,2021-10-08 09:19:51,11300.0,300.0,508153.0
1135,2021-10-08 09:19:50,11300.0,15000.0,507853.0
1136,2021-10-08 09:19:34,11300.0,2000.0,492853.0
1137,2021-10-08 09:19:08,11200.0,11700.0,490853.0
1138,2021-10-08 09:19:07,11200.0,700.0,479153.0
1139,2021-10-08 09:19:04,11200.0,100.0,478453.0
1140,2021-10-08 09:19:01,11200.0,2200.0,478353.0
1141,2021-10-08 09:18:59,11200.0,1000.0,476153.0
1142,2021-10-08 09:18:57,11200.0,8.0,475153.0
1143,2021-10-08 09:18:53,11200.0,1000.0,475145.0
1144,2021-10-08 09:18:51,11200.0,100.0,474145.0
1145,2021-10-08 09:18:40,11200.0,1100.0,474045.0
1146,2021-10-08 09:18:38,11200.0,2000.0,472945.0
1147,2021-10-08 09:18:37,11200.0,5000.0,470945.0
1148,2021-10-08 09:18:33,11200.0,1000.0,465945.0
1149,2021-10-08 09:18:30,11200.0,2000.0,464945.0
1150,2021-10-08 09:18:27,11200.0,500.0,462945.0
1151,2021-10-08 09:18:24,11200.0,5900.0,462445.0
1152,2021-10-08 09:18:22,11200.0,1000.0,456545.0
1153,2021-10-08 09:18:20,11200.0,2000.0,455545.0
1154,2021-10-08 09:18:19,11200.0,5000.0,453545.0
1155,2021-10-08 09:18:15,11200.0,10000.0,448545.0
1156,2021-10-08 09:18:14,11200.0,5700.0,438545.0
1157,2021-10-08 09:18:13,11200.0,100.0,432845.0
1158,2021-10-08 09:18:12,11200.0,6000.0,432745.0
1159,2021-10-08 09:18:10,11200.0,6100.0,426745.0
1160,2021-10-08 09:18:07,11200.0,5000.0,420645.0
1161,2021-10-08 09:18:06,11200.0,1000.0,415645.0
1162,2021-10-08 09:18:05,11200.0,2000.0,414645.0
1163,2021-10-08 09:18:00,11200.0,3000.0,412645.0
1164,2021-10-08 09:17:59,11200.0,100.0,409645.0
1165,2021-10-08 09:17:58,11200.0,10000.0,409545.0
1166,2021-10-08 09:17:52,11200.0,600.0,399545.0
1167,2021-10-08 09:17:48,11200.0,1000.0,398945.0
1168,2021-10-08 09:17:42,11200.0,2000.0,397945.0
1169,2021-10-08 09:17:41,11200.0,6000.0,395945.0
1170,2021-10-08 09:17:31,11200.0,2000.0,389945.0
1171,2021-10-08 09:17:29,11200.0,2000.0,387945.0
1172,2021-10-08 09:17:26,11200.0,500.0,385945.0
1173,2021-10-08 09:17:22,11200.0,5000.0,385445.0
1174,2021-10-08 09:17:20,11200.0,100.0,380445.0
1175,2021-10-08 09:17:19,11200.0,5000.0,380345.0
1176,2021-10-08 09:17:18,11200.0,2000.0,375345.0
1177,2021-10-08 09:17:11,11200.0,800.0,373345.0
1178,2021-10-08 09:17:06,11200.0,400.0,372545.0
1179,2021-10-08 09:17:04,11200.0,500.0,372145.0
1180,2021-10-08 09:17:00,11100.0,6400.0,371645.0
1181,2021-10-08 09:16:59,11200.0,2200.0,365245.0
1182,2021-10-08 09:16:56,11200.0,10000.0,363045.0
1183,2021-10-08 09:16:53,11200.0,20100.0,353045.0
1184,2021-10-08 09:16:52,11200.0,2000.0,332945.0
1185,2021-10-08 09:16:51,11200.0,300.0,330945.0
1186,2021-10-08 09:16:49,11200.0,20200.0,330645.0
1187,2021-10-08 09:16:45,11200.0,1000.0,310445.0
1188,2021-10-08 09:16:38,11200.0,10200.0,309445.0
1189,2021-10-08 09:16:33,11200.0,1000.0,299245.0
1190,2021-10-08 09:16:27,11200.0,128100.0,298245.0
1191,2021-10-08 09:15:57,11200.0,100.0,170145.0
1192,2021-10-08 09:15:55,11200.0,1000.0,170045.0
1193,2021-10-08 09:15:01,11200.0,2900.0,169045.0
1194,2021-10-08 09:14:47,11300.0,900.0,166145.0
1195,2021-10-08 09:14:30,11300.0,500.0,165245.0
1196,2021-10-08 09:14:18,11300.0,800.0,164745.0
1197,2021-10-08 09:14:02,11300.0,5000.0,163945.0
1198,2021-10-08 09:13:23,11300.0,600.0,158945.0
1199,2021-10-08 09:13:20,11300.0,1000.0,158345.0
1200,2021-10-08 09:13:00,11300.0,300.0,157345.0
1201,2021-10-08 09:12:53,11300.0,100.0,157045.0
1202,2021-10-08 09:12:44,11300.0,200.0,156945.0
1203,2021-10-08 09:12:25,11300.0,100.0,156745.0
1204,2021-10-08 09:12:24,11300.0,500.0,156645.0
1205,2021-10-08 09:12:09,11300.0,400.0,156145.0
1206,2021-10-08 09:11:56,11300.0,1000.0,155745.0
1207,2021-10-08 09:11:20,11300.0,1900.0,154745.0
1208,2021-10-08 09:10:57,11300.0,1400.0,152845.0
1209,2021-10-08 09:10:56,11300.0,7300.0,151445.0
1210,2021-10-08 09:10:40,11300.0,100.0,144145.0
1211,2021-10-08 09:10:34,11300.0,3300.0,144045.0
1212,2021-10-08 09:10:32,11300.0,1000.0,140745.0
1213,2021-10-08 09:10:14,11300.0,1000.0,139745.0
1214,2021-10-08 09:10:09,11300.0,100.0,138745.0
1215,2021-10-08 09:10:07,11300.0,2200.0,138645.0
1216,2021-10-08 09:09:58,11300.0,50000.0,136445.0
1217,2021-10-08 09:09:41,11300.0,500.0,86445.0
1218,2021-10-08 09:09:36,11300.0,2300.0,85945.0
1219,2021-10-08 09:09:34,11300.0,800.0,83645.0
1220,2021-10-08 09:09:05,11300.0,1000.0,82845.0
1221,2021-10-08 09:07:58,11300.0,1100.0,81845.0
1222,2021-10-08 09:07:56,11300.0,45.0,80745.0
1223,2021-10-08 09:07:47,11300.0,100.0,80700.0
1224,2021-10-08 09:07:33,11300.0,100.0,80600.0
1225,2021-10-08 09:07:07,11300.0,500.0,80500.0
1226,2021-10-08 09:07:03,11300.0,300.0,80000.0
1227,2021-10-08 09:07:01,11300.0,300.0,79700.0
1228,2021-10-08 09:06:56,11200.0,7000.0,79400.0
1229,2021-10-08 09:06:47,11300.0,2800.0,72400.0
1230,2021-10-08 09:06:45,11300.0,1000.0,69600.0
1231,2021-10-08 09:06:34,11200.0,1000.0,68600.0
1232,2021-10-08 09:06:25,11300.0,1000.0,67600.0
1233,2021-10-08 09:06:24,11300.0,1700.0,66600.0
1234,2021-10-08 09:06:12,11300.0,500.0,64900.0
1235,2021-10-08 09:06:09,11300.0,100.0,64400.0
1236,2021-10-08 09:06:04,11300.0,11700.0,64300.0
1237,2021-10-08 09:06:02,11300.0,5000.0,52600.0
1238,2021-10-08 09:05:55,11300.0,100.0,47600.0
1239,2021-10-08 09:05:53,11300.0,1500.0,47500.0
1240,2021-10-08 09:05:41,11300.0,9100.0,46000.0
1241,2021-10-08 09:05:29,11300.0,300.0,36900.0
1242,2021-10-08 09:05:24,11300.0,600.0,36600.0
1243,2021-10-08 09:05:02,11300.0,800.0,36000.0
1244,2021-10-08 09:04:56,11300.0,1000.0,35200.0
1245,2021-10-08 09:04:32,11300.0,1500.0,34200.0
1246,2021-10-08 09:04:29,11200.0,700.0,32700.0
1247,2021-10-08 09:04:03,11200.0,600.0,32000.0
1248,2021-10-08 09:03:41,11300.0,1000.0,31400.0
1249,2021-10-08 09:03:24,11300.0,300.0,30400.0
1250,2021-10-08 09:02:59,11300.0,3000.0,30100.0
1251,2021-10-08 09:02:56,11300.0,700.0,27100.0
1252,2021-10-08 09:02:55,11200.0,100.0,26400.0
1253,2021-10-08 09:02:34,11300.0,5000.0,26300.0
1254,2021-10-08 09:02:14,11200.0,300.0,21300.0
1255,2021-10-08 09:01:26,11200.0,100.0,21000.0
1256,2021-10-08 09:01:19,11300.0,700.0,20900.0
1257,2021-10-08 09:00:36,11200.0,1000.0,20200.0
1258,2021-10-08 09:00:33,11200.0,100.0,19200.0
1259,2021-10-08 09:00:29,11300.0,6000.0,19100.0
1260,2021-10-08 09:00:27,11200.0,500.0,13100.0
1261,2021-10-08 09:00:24,11200.0,4000.0,12600.0
1262,2021-10-08 09:00:22,11300.0,1000.0,8600.0
1263,2021-10-08 09:00:15,11200.0,1000.0,7600.0
1264,2021-10-08 09:00:14,11200.0,100.0,6600.0
1265,2021-10-08 09:00:11,11300.0,4500.0,6500.0
1266,2021-10-08 09:00:10,11300.0,1500.0,2000.0
1267,2021-10-08 09:00:06,11200.0,500.0,500.0
