,Time,Price,Volume_per_trade,Volume
0,2021-10-21 07:45:01,19450.0,300.0,672000.0
1,2021-10-21 07:45:01,19450.0,300.0,671700.0
2,2021-10-21 07:45:01,19450.0,2700.0,671400.0
3,2021-10-21 07:45:01,19450.0,100.0,668700.0
4,2021-10-21 07:45:01,19450.0,100.0,668600.0
5,2021-10-21 07:45:01,19450.0,400.0,668500.0
6,2021-10-21 07:45:00,19450.0,200.0,668100.0
7,2021-10-21 07:45:00,19450.0,400.0,667900.0
8,2021-10-21 07:45:00,19450.0,600.0,667500.0
9,2021-10-21 07:45:00,19450.0,400.0,666900.0
10,2021-10-21 07:45:00,19450.0,600.0,666500.0
11,2021-10-21 07:45:00,19450.0,2000.0,665900.0
12,2021-10-21 07:45:00,19450.0,1000.0,663900.0
13,2021-10-21 07:45:00,19450.0,1000.0,662900.0
14,2021-10-21 07:45:00,19450.0,4400.0,661900.0
15,2021-10-21 07:45:00,19450.0,1000.0,657500.0
16,2021-10-21 07:29:13,19500.0,800.0,656500.0
17,2021-10-21 07:29:13,19500.0,200.0,655700.0
18,2021-10-21 07:29:00,19500.0,1000.0,655500.0
19,2021-10-21 07:28:53,19350.0,1200.0,654500.0
20,2021-10-21 07:28:53,19350.0,200.0,653300.0
21,2021-10-21 07:28:53,19350.0,1000.0,653100.0
22,2021-10-21 07:28:53,19350.0,100.0,652100.0
23,2021-10-21 07:28:53,19350.0,100.0,652000.0
24,2021-10-21 07:28:53,19350.0,1000.0,651900.0
25,2021-10-21 07:28:53,19350.0,1000.0,650900.0
26,2021-10-21 07:28:53,19350.0,400.0,649900.0
27,2021-10-21 07:28:48,19350.0,1000.0,649500.0
28,2021-10-21 07:27:47,19350.0,100.0,648500.0
29,2021-10-21 07:26:11,19350.0,100.0,648400.0
30,2021-10-21 07:25:30,19500.0,100.0,648300.0
31,2021-10-21 07:24:31,19500.0,2000.0,648200.0
32,2021-10-21 07:24:26,19500.0,2000.0,646200.0
33,2021-10-21 07:24:19,19300.0,300.0,644200.0
34,2021-10-21 07:24:19,19300.0,1000.0,643900.0
35,2021-10-21 07:24:19,19300.0,1000.0,642900.0
36,2021-10-21 07:24:19,19300.0,5000.0,641900.0
37,2021-10-21 07:24:19,19300.0,400.0,636900.0
38,2021-10-21 07:24:19,19300.0,1000.0,636500.0
39,2021-10-21 07:24:19,19300.0,500.0,635500.0
40,2021-10-21 07:24:19,19300.0,200.0,635000.0
41,2021-10-21 07:24:19,19300.0,1000.0,634800.0
42,2021-10-21 07:24:19,19300.0,1000.0,633800.0
43,2021-10-21 07:24:19,19300.0,1300.0,632800.0
44,2021-10-21 07:24:19,19300.0,500.0,631500.0
45,2021-10-21 07:24:19,19300.0,1000.0,631000.0
46,2021-10-21 07:24:19,19300.0,1700.0,630000.0
47,2021-10-21 07:24:19,19300.0,1000.0,628300.0
48,2021-10-21 07:24:19,19300.0,600.0,627300.0
49,2021-10-21 07:24:19,19300.0,200.0,626700.0
50,2021-10-21 07:24:19,19300.0,200.0,626500.0
51,2021-10-21 07:24:19,19300.0,100.0,626300.0
52,2021-10-21 07:24:19,19300.0,500.0,626200.0
53,2021-10-21 07:24:19,19300.0,500.0,625700.0
54,2021-10-21 07:24:19,19300.0,500.0,625200.0
55,2021-10-21 07:24:19,19300.0,100.0,624700.0
56,2021-10-21 07:24:19,19400.0,400.0,624600.0
57,2021-10-21 07:24:14,19350.0,200.0,624200.0
58,2021-10-21 07:24:03,19350.0,1500.0,624000.0
59,2021-10-21 07:24:03,19350.0,500.0,622500.0
60,2021-10-21 07:24:03,19350.0,2000.0,622000.0
61,2021-10-21 07:24:03,19350.0,3300.0,620000.0
62,2021-10-21 07:24:03,19350.0,100.0,616700.0
63,2021-10-21 07:24:03,19350.0,100.0,616600.0
64,2021-10-21 07:24:03,19350.0,100.0,616500.0
65,2021-10-21 07:24:03,19350.0,2000.0,616400.0
66,2021-10-21 07:24:03,19400.0,100.0,614400.0
67,2021-10-21 07:24:03,19400.0,100.0,614300.0
68,2021-10-21 07:23:20,19500.0,200.0,614200.0
69,2021-10-21 07:23:20,19450.0,800.0,614000.0
70,2021-10-21 07:22:46,19500.0,300.0,613200.0
71,2021-10-21 07:22:27,19500.0,500.0,612900.0
72,2021-10-21 07:21:14,19600.0,200.0,612400.0
73,2021-10-21 07:21:14,19600.0,100.0,612200.0
74,2021-10-21 07:21:14,19500.0,200.0,612100.0
75,2021-10-21 07:21:05,19500.0,3800.0,611900.0
76,2021-10-21 07:21:05,19550.0,1000.0,608100.0
77,2021-10-21 07:20:23,19600.0,300.0,607100.0
78,2021-10-21 07:19:57,19650.0,100.0,606800.0
79,2021-10-21 07:19:51,19650.0,100.0,606700.0
80,2021-10-21 07:18:48,19650.0,300.0,606600.0
81,2021-10-21 07:18:31,19650.0,1900.0,606300.0
82,2021-10-21 07:18:18,19650.0,500.0,604400.0
83,2021-10-21 07:18:17,19650.0,5000.0,603900.0
84,2021-10-21 07:18:04,19650.0,500.0,598900.0
85,2021-10-21 07:17:43,19650.0,1000.0,598400.0
86,2021-10-21 07:17:21,19700.0,900.0,597400.0
87,2021-10-21 07:16:54,19700.0,4000.0,596500.0
88,2021-10-21 07:16:40,19700.0,500.0,592500.0
89,2021-10-21 07:16:40,19700.0,2000.0,592000.0
90,2021-10-21 07:16:40,19700.0,100.0,590000.0
91,2021-10-21 07:16:40,19700.0,1000.0,589900.0
92,2021-10-21 07:16:40,19700.0,3400.0,588900.0
93,2021-10-21 07:16:40,19650.0,3000.0,585500.0
94,2021-10-21 07:14:55,19700.0,1800.0,582500.0
95,2021-10-21 07:14:55,19650.0,100.0,580700.0
96,2021-10-21 07:14:55,19650.0,100.0,580600.0
97,2021-10-21 07:14:42,19600.0,100.0,580500.0
98,2021-10-21 07:14:42,19600.0,300.0,580400.0
99,2021-10-21 07:14:42,19600.0,500.0,580100.0
100,2021-10-21 07:14:42,19550.0,100.0,579600.0
101,2021-10-21 07:14:27,19500.0,200.0,579500.0
102,2021-10-21 07:14:27,19500.0,200.0,579300.0
103,2021-10-21 07:14:27,19500.0,200.0,579100.0
104,2021-10-21 07:14:27,19500.0,200.0,578900.0
105,2021-10-21 07:14:27,19500.0,500.0,578700.0
106,2021-10-21 07:14:27,19500.0,3000.0,578200.0
107,2021-10-21 07:14:27,19500.0,1000.0,575200.0
108,2021-10-21 07:14:27,19500.0,1000.0,574200.0
109,2021-10-21 07:14:27,19500.0,900.0,573200.0
110,2021-10-21 07:14:27,19500.0,1000.0,572300.0
111,2021-10-21 07:14:27,19500.0,1000.0,571300.0
112,2021-10-21 07:14:27,19500.0,1000.0,570300.0
113,2021-10-21 07:14:27,19500.0,2000.0,569300.0
114,2021-10-21 07:14:27,19500.0,200.0,567300.0
115,2021-10-21 07:14:27,19450.0,300.0,567100.0
116,2021-10-21 07:14:27,19450.0,2500.0,566800.0
117,2021-10-21 07:14:21,19450.0,500.0,564300.0
118,2021-10-21 07:14:21,19400.0,500.0,563800.0
119,2021-10-21 07:14:12,19400.0,200.0,563300.0
120,2021-10-21 07:13:00,19400.0,100.0,563100.0
121,2021-10-21 07:12:23,19400.0,200.0,563000.0
122,2021-10-21 07:12:23,19400.0,400.0,562800.0
123,2021-10-21 07:10:24,19300.0,300.0,562400.0
124,2021-10-21 07:10:24,19300.0,1000.0,562100.0
125,2021-10-21 07:10:24,19300.0,3700.0,561100.0
126,2021-10-21 07:07:32,19300.0,1100.0,557400.0
127,2021-10-21 07:07:32,19300.0,100.0,556300.0
128,2021-10-21 07:07:32,19300.0,500.0,556200.0
129,2021-10-21 07:07:32,19300.0,100.0,555700.0
130,2021-10-21 07:07:32,19300.0,100.0,555600.0
131,2021-10-21 07:07:32,19300.0,100.0,555500.0
132,2021-10-21 07:07:32,19300.0,2000.0,555400.0
133,2021-10-21 07:07:32,19300.0,500.0,553400.0
134,2021-10-21 07:07:32,19300.0,5500.0,552900.0
135,2021-10-21 07:05:29,19350.0,500.0,547400.0
136,2021-10-21 07:04:30,19350.0,100.0,546900.0
137,2021-10-21 07:04:30,19350.0,800.0,546800.0
138,2021-10-21 07:03:30,19350.0,1200.0,546000.0
139,2021-10-21 07:03:18,19350.0,300.0,544800.0
140,2021-10-21 07:02:56,19350.0,1000.0,544500.0
141,2021-10-21 07:02:56,19350.0,3000.0,543500.0
142,2021-10-21 07:02:56,19350.0,1500.0,540500.0
143,2021-10-21 07:02:08,19350.0,3500.0,539000.0
144,2021-10-21 07:02:08,19350.0,500.0,535500.0
145,2021-10-21 07:02:08,19350.0,200.0,535000.0
146,2021-10-21 07:02:08,19350.0,500.0,534800.0
147,2021-10-21 07:02:08,19350.0,200.0,534300.0
148,2021-10-21 07:02:08,19350.0,100.0,534100.0
149,2021-10-21 07:00:42,19400.0,100.0,534000.0
150,2021-10-21 06:56:15,19350.0,200.0,533900.0
151,2021-10-21 06:55:33,19350.0,500.0,533700.0
152,2021-10-21 06:55:33,19350.0,200.0,533200.0
153,2021-10-21 06:55:33,19350.0,300.0,533000.0
154,2021-10-21 06:55:33,19350.0,700.0,532700.0
155,2021-10-21 06:55:33,19350.0,2000.0,532000.0
156,2021-10-21 06:55:33,19350.0,100.0,530000.0
157,2021-10-21 06:54:26,19350.0,200.0,529900.0
158,2021-10-21 06:54:24,19350.0,700.0,529700.0
159,2021-10-21 06:54:12,19350.0,2000.0,529000.0
160,2021-10-21 06:53:13,19300.0,2800.0,527000.0
161,2021-10-21 06:53:04,19350.0,2000.0,524200.0
162,2021-10-21 06:53:04,19350.0,100.0,522200.0
163,2021-10-21 06:52:44,19350.0,900.0,522100.0
164,2021-10-21 06:52:43,19350.0,100.0,521200.0
165,2021-10-21 06:52:37,19350.0,1000.0,521100.0
166,2021-10-21 06:50:44,19400.0,500.0,520100.0
167,2021-10-21 06:50:40,19400.0,400.0,519600.0
168,2021-10-21 06:50:19,19400.0,600.0,519200.0
169,2021-10-21 06:50:05,19300.0,1700.0,518600.0
170,2021-10-21 06:50:05,19300.0,1000.0,516900.0
171,2021-10-21 06:50:05,19300.0,1000.0,515900.0
172,2021-10-21 06:50:05,19300.0,200.0,514900.0
173,2021-10-21 06:50:05,19300.0,100.0,514700.0
174,2021-10-21 06:50:05,19300.0,900.0,514600.0
175,2021-10-21 06:50:05,19300.0,2200.0,513700.0
176,2021-10-21 06:50:05,19350.0,100.0,511500.0
177,2021-10-21 06:50:05,19350.0,300.0,511400.0
178,2021-10-21 06:50:05,19350.0,2500.0,511100.0
179,2021-10-21 06:49:38,19350.0,2500.0,508600.0
180,2021-10-21 06:48:49,19350.0,1000.0,506100.0
181,2021-10-21 06:48:39,19400.0,400.0,505100.0
182,2021-10-21 06:46:29,19400.0,1000.0,504700.0
183,2021-10-21 06:45:37,19300.0,7000.0,503700.0
184,2021-10-21 06:45:37,19350.0,500.0,496700.0
185,2021-10-21 06:45:37,19350.0,100.0,496200.0
186,2021-10-21 06:45:37,19350.0,200.0,496100.0
187,2021-10-21 06:45:15,19400.0,700.0,495900.0
188,2021-10-21 06:43:48,19350.0,200.0,495200.0
189,2021-10-21 06:43:48,19350.0,700.0,495000.0
190,2021-10-21 06:43:48,19350.0,100.0,494300.0
191,2021-10-21 06:42:15,19350.0,1000.0,494200.0
192,2021-10-21 06:40:35,19450.0,3000.0,493200.0
193,2021-10-21 06:40:01,19300.0,800.0,490200.0
194,2021-10-21 06:39:50,19300.0,100.0,489400.0
195,2021-10-21 06:39:24,19300.0,1000.0,489300.0
196,2021-10-21 06:39:10,19300.0,1000.0,488300.0
197,2021-10-21 06:39:10,19300.0,100.0,487300.0
198,2021-10-21 06:39:10,19300.0,2000.0,487200.0
199,2021-10-21 06:39:10,19300.0,400.0,485200.0
200,2021-10-21 06:39:10,19300.0,100.0,484800.0
201,2021-10-21 06:39:10,19300.0,100.0,484700.0
202,2021-10-21 06:39:10,19300.0,300.0,484600.0
203,2021-10-21 06:39:10,19300.0,500.0,484300.0
204,2021-10-21 06:39:10,19300.0,100.0,483800.0
205,2021-10-21 06:39:10,19300.0,200.0,483700.0
206,2021-10-21 06:39:10,19300.0,1000.0,483500.0
207,2021-10-21 06:39:10,19300.0,100.0,482500.0
208,2021-10-21 06:39:10,19300.0,200.0,482400.0
209,2021-10-21 06:39:10,19300.0,500.0,482200.0
210,2021-10-21 06:39:10,19300.0,500.0,481700.0
211,2021-10-21 06:39:10,19300.0,500.0,481200.0
212,2021-10-21 06:39:10,19300.0,100.0,480700.0
213,2021-10-21 06:39:10,19300.0,100.0,480600.0
214,2021-10-21 06:39:10,19350.0,100.0,480500.0
215,2021-10-21 06:39:10,19350.0,200.0,480400.0
216,2021-10-21 06:38:58,19350.0,100.0,480200.0
217,2021-10-21 06:38:27,19350.0,1000.0,480100.0
218,2021-10-21 06:38:27,19350.0,500.0,479100.0
219,2021-10-21 06:38:27,19350.0,100.0,478600.0
220,2021-10-21 06:38:27,19350.0,500.0,478500.0
221,2021-10-21 06:38:27,19350.0,3200.0,478000.0
222,2021-10-21 06:38:27,19400.0,1000.0,474800.0
223,2021-10-21 06:38:27,19400.0,400.0,473800.0
224,2021-10-21 06:38:27,19400.0,500.0,473400.0
225,2021-10-21 06:38:27,19400.0,500.0,472900.0
226,2021-10-21 06:38:27,19400.0,200.0,472400.0
227,2021-10-21 06:37:46,19400.0,300.0,472200.0
228,2021-10-21 06:37:46,19400.0,100.0,471900.0
229,2021-10-21 06:37:46,19400.0,100.0,471800.0
230,2021-10-21 06:37:46,19400.0,1000.0,471700.0
231,2021-10-21 06:37:46,19400.0,500.0,470700.0
232,2021-10-21 06:34:18,19400.0,300.0,470200.0
233,2021-10-21 06:34:05,19400.0,1300.0,469900.0
234,2021-10-21 06:34:05,19400.0,3000.0,468600.0
235,2021-10-21 06:34:05,19400.0,100.0,465600.0
236,2021-10-21 06:34:05,19400.0,500.0,465500.0
237,2021-10-21 06:34:05,19400.0,100.0,465000.0
238,2021-10-21 06:33:34,19400.0,100.0,464900.0
239,2021-10-21 06:31:12,19400.0,300.0,464800.0
240,2021-10-21 06:31:12,19400.0,300.0,464500.0
241,2021-10-21 06:31:12,19400.0,100.0,464200.0
242,2021-10-21 06:31:12,19400.0,100.0,464100.0
243,2021-10-21 06:31:12,19400.0,300.0,464000.0
244,2021-10-21 06:31:12,19400.0,2000.0,463700.0
245,2021-10-21 06:31:12,19400.0,300.0,461700.0
246,2021-10-21 06:31:12,19450.0,1100.0,461400.0
247,2021-10-21 06:31:12,19450.0,100.0,460300.0
248,2021-10-21 06:31:12,19450.0,400.0,460200.0
249,2021-10-21 06:30:32,19450.0,1300.0,459800.0
250,2021-10-21 06:30:32,19450.0,500.0,458500.0
251,2021-10-21 06:30:32,19450.0,200.0,458000.0
252,2021-10-21 06:29:20,19450.0,1000.0,457800.0
253,2021-10-21 06:28:46,19500.0,100.0,456800.0
254,2021-10-21 06:27:43,19500.0,200.0,456700.0
255,2021-10-21 06:27:16,19500.0,800.0,456500.0
256,2021-10-21 06:27:16,19500.0,1200.0,455700.0
257,2021-10-21 06:26:55,19500.0,1800.0,454500.0
258,2021-10-21 06:26:35,19450.0,300.0,452700.0
259,2021-10-21 06:26:35,19450.0,500.0,452400.0
260,2021-10-21 06:26:33,19450.0,100.0,451900.0
261,2021-10-21 06:26:08,19450.0,2000.0,451800.0
262,2021-10-21 06:26:00,19450.0,100.0,449800.0
263,2021-10-21 06:25:10,19450.0,300.0,449700.0
264,2021-10-21 06:24:48,19450.0,1700.0,449400.0
265,2021-10-21 06:24:45,19400.0,200.0,447700.0
266,2021-10-21 06:24:28,19450.0,300.0,447500.0
267,2021-10-21 06:23:28,19450.0,100.0,447200.0
268,2021-10-21 06:23:00,19450.0,200.0,447100.0
269,2021-10-21 06:22:16,19450.0,100.0,446900.0
270,2021-10-21 06:17:02,19500.0,400.0,446800.0
271,2021-10-21 06:16:10,19500.0,300.0,446400.0
272,2021-10-21 06:15:44,19500.0,100.0,446100.0
273,2021-10-21 06:15:11,19500.0,9600.0,446000.0
274,2021-10-21 06:15:11,19500.0,1000.0,436400.0
275,2021-10-21 06:15:11,19500.0,100.0,435400.0
276,2021-10-21 06:15:11,19500.0,200.0,435300.0
277,2021-10-21 06:15:11,19500.0,200.0,435100.0
278,2021-10-21 06:15:11,19500.0,500.0,434900.0
279,2021-10-21 06:15:11,19500.0,1000.0,434400.0
280,2021-10-21 06:15:11,19500.0,1000.0,433400.0
281,2021-10-21 06:15:11,19500.0,3000.0,432400.0
282,2021-10-21 06:15:11,19500.0,400.0,429400.0
283,2021-10-21 06:15:11,19450.0,3000.0,429000.0
284,2021-10-21 06:14:10,19450.0,100.0,426000.0
285,2021-10-21 06:12:33,19400.0,300.0,425900.0
286,2021-10-21 06:12:33,19400.0,700.0,425600.0
287,2021-10-21 06:12:31,19400.0,800.0,424900.0
288,2021-10-21 06:12:31,19400.0,100.0,424100.0
289,2021-10-21 06:12:31,19400.0,100.0,424000.0
290,2021-10-21 06:11:10,19400.0,300.0,423900.0
291,2021-10-21 06:11:05,19400.0,100.0,423600.0
292,2021-10-21 06:11:05,19400.0,100.0,423500.0
293,2021-10-21 06:11:03,19400.0,100.0,423400.0
294,2021-10-21 06:11:03,19400.0,100.0,423300.0
295,2021-10-21 06:10:41,19400.0,100.0,423200.0
296,2021-10-21 06:10:38,19350.0,100.0,423100.0
297,2021-10-21 06:09:19,19350.0,100.0,423000.0
298,2021-10-21 06:09:06,19350.0,100.0,422900.0
299,2021-10-21 06:08:22,19350.0,500.0,422800.0
300,2021-10-21 06:07:26,19350.0,2000.0,422300.0
301,2021-10-21 06:07:26,19350.0,1000.0,420300.0
302,2021-10-21 06:07:26,19350.0,500.0,419300.0
303,2021-10-21 06:07:26,19350.0,500.0,418800.0
304,2021-10-21 06:07:26,19350.0,300.0,418300.0
305,2021-10-21 06:07:26,19350.0,200.0,418000.0
306,2021-10-21 06:07:26,19350.0,500.0,417800.0
307,2021-10-21 06:07:26,19350.0,1000.0,417300.0
308,2021-10-21 06:07:04,19400.0,100.0,416300.0
309,2021-10-21 06:07:04,19400.0,100.0,416200.0
310,2021-10-21 06:07:04,19400.0,4000.0,416100.0
311,2021-10-21 06:07:04,19400.0,500.0,412100.0
312,2021-10-21 06:07:04,19400.0,200.0,411600.0
313,2021-10-21 06:07:04,19400.0,100.0,411400.0
314,2021-10-21 06:07:04,19400.0,100.0,411300.0
315,2021-10-21 06:07:04,19400.0,3000.0,411200.0
316,2021-10-21 06:07:04,19400.0,1000.0,408200.0
317,2021-10-21 06:06:48,19400.0,800.0,407200.0
318,2021-10-21 06:06:48,19450.0,200.0,406400.0
319,2021-10-21 06:05:15,19450.0,100.0,406200.0
320,2021-10-21 06:05:15,19450.0,100.0,406100.0
321,2021-10-21 06:05:15,19450.0,100.0,406000.0
322,2021-10-21 06:00:08,19500.0,300.0,405900.0
323,2021-10-21 06:00:03,19500.0,100.0,405600.0
324,2021-10-21 04:28:13,19500.0,200.0,405500.0
325,2021-10-21 04:28:13,19500.0,100.0,405300.0
326,2021-10-21 04:28:00,19500.0,100.0,405200.0
327,2021-10-21 04:27:05,19500.0,200.0,405100.0
328,2021-10-21 04:27:05,19500.0,300.0,404900.0
329,2021-10-21 04:24:28,19400.0,200.0,404600.0
330,2021-10-21 04:23:39,19400.0,100.0,404400.0
331,2021-10-21 04:22:12,19400.0,200.0,404300.0
332,2021-10-21 04:21:52,19500.0,100.0,404100.0
333,2021-10-21 04:21:39,19500.0,1600.0,404000.0
334,2021-10-21 04:19:33,19500.0,1000.0,402400.0
335,2021-10-21 04:19:25,19400.0,6700.0,401400.0
336,2021-10-21 04:19:25,19450.0,400.0,394700.0
337,2021-10-21 04:19:25,19450.0,200.0,394300.0
338,2021-10-21 04:19:25,19450.0,1000.0,394100.0
339,2021-10-21 04:19:25,19450.0,900.0,393100.0
340,2021-10-21 04:19:25,19450.0,800.0,392200.0
341,2021-10-21 04:19:00,19450.0,200.0,391400.0
342,2021-10-21 04:16:29,19450.0,600.0,391200.0
343,2021-10-21 04:15:18,19500.0,100.0,390600.0
344,2021-10-21 04:14:30,19500.0,500.0,390500.0
345,2021-10-21 04:14:20,19500.0,400.0,390000.0
346,2021-10-21 04:13:31,19450.0,1100.0,389600.0
347,2021-10-21 04:13:31,19500.0,200.0,388500.0
348,2021-10-21 04:13:00,19500.0,400.0,388300.0
349,2021-10-21 04:10:45,19550.0,500.0,387900.0
350,2021-10-21 04:08:11,19500.0,500.0,387400.0
351,2021-10-21 04:08:11,19500.0,100.0,386900.0
352,2021-10-21 04:05:51,19500.0,100.0,386800.0
353,2021-10-21 04:05:51,19500.0,300.0,386700.0
354,2021-10-21 04:04:55,19500.0,100.0,386400.0
355,2021-10-21 04:04:12,19500.0,200.0,386300.0
356,2021-10-21 04:03:33,19500.0,100.0,386100.0
357,2021-10-21 04:03:33,19500.0,100.0,386000.0
358,2021-10-21 04:03:33,19500.0,100.0,385900.0
359,2021-10-21 04:03:33,19500.0,500.0,385800.0
360,2021-10-21 04:03:33,19500.0,600.0,385300.0
361,2021-10-21 03:59:11,19500.0,500.0,384700.0
362,2021-10-21 03:59:00,19500.0,3900.0,384200.0
363,2021-10-21 03:59:00,19500.0,1100.0,380300.0
364,2021-10-21 03:58:45,19500.0,600.0,379200.0
365,2021-10-21 03:58:09,19550.0,100.0,378600.0
366,2021-10-21 03:55:09,19500.0,100.0,378500.0
367,2021-10-21 03:54:47,19500.0,100.0,378400.0
368,2021-10-21 03:54:25,19500.0,100.0,378300.0
369,2021-10-21 03:54:25,19500.0,1000.0,378200.0
370,2021-10-21 03:53:48,19500.0,1000.0,377200.0
371,2021-10-21 03:53:32,19450.0,100.0,376200.0
372,2021-10-21 03:53:23,19450.0,3500.0,376100.0
373,2021-10-21 03:53:00,19450.0,1000.0,372600.0
374,2021-10-21 03:52:59,19500.0,100.0,371600.0
375,2021-10-21 03:51:50,19400.0,1000.0,371500.0
376,2021-10-21 03:51:50,19400.0,500.0,370500.0
377,2021-10-21 03:51:50,19400.0,800.0,370000.0
378,2021-10-21 03:50:55,19450.0,400.0,369200.0
379,2021-10-21 03:50:26,19400.0,100.0,368800.0
380,2021-10-21 03:49:38,19400.0,1100.0,368700.0
381,2021-10-21 03:49:38,19400.0,300.0,367600.0
382,2021-10-21 03:49:38,19400.0,200.0,367300.0
383,2021-10-21 03:49:38,19400.0,200.0,367100.0
384,2021-10-21 03:49:38,19400.0,1000.0,366900.0
385,2021-10-21 03:49:38,19450.0,600.0,365900.0
386,2021-10-21 03:49:38,19450.0,3000.0,365300.0
387,2021-10-21 03:49:38,19450.0,100.0,362300.0
388,2021-10-21 03:49:38,19450.0,1000.0,362200.0
389,2021-10-21 03:49:38,19450.0,400.0,361200.0
390,2021-10-21 03:49:08,19500.0,100.0,360800.0
391,2021-10-21 03:48:29,19500.0,100.0,360700.0
392,2021-10-21 03:48:29,19500.0,300.0,360600.0
393,2021-10-21 03:48:29,19500.0,400.0,360300.0
394,2021-10-21 03:48:29,19500.0,1600.0,359900.0
395,2021-10-21 03:46:31,19500.0,600.0,358300.0
396,2021-10-21 03:46:02,19600.0,600.0,357700.0
397,2021-10-21 03:46:02,19600.0,2000.0,357100.0
398,2021-10-21 03:46:02,19600.0,400.0,355100.0
399,2021-10-21 03:43:27,19500.0,100.0,354700.0
400,2021-10-21 03:41:23,19500.0,4000.0,354600.0
401,2021-10-21 03:41:23,19500.0,300.0,350600.0
402,2021-10-21 03:40:25,19500.0,600.0,350300.0
403,2021-10-21 03:39:21,19500.0,1000.0,349700.0
404,2021-10-21 03:39:04,19500.0,2000.0,348700.0
405,2021-10-21 03:36:28,19600.0,200.0,346700.0
406,2021-10-21 03:34:03,19600.0,400.0,346500.0
407,2021-10-21 03:34:03,19600.0,100.0,346100.0
408,2021-10-21 03:33:57,19600.0,800.0,346000.0
409,2021-10-21 03:33:38,19500.0,100.0,345200.0
410,2021-10-21 03:33:17,19550.0,100.0,345100.0
411,2021-10-21 03:32:32,19400.0,300.0,345000.0
412,2021-10-21 03:32:25,19400.0,300.0,344700.0
413,2021-10-21 03:31:58,19400.0,500.0,344400.0
414,2021-10-21 03:31:58,19400.0,2000.0,343900.0
415,2021-10-21 03:31:58,19400.0,1000.0,341900.0
416,2021-10-21 03:31:58,19400.0,500.0,340900.0
417,2021-10-21 03:31:58,19400.0,100.0,340400.0
418,2021-10-21 03:31:58,19400.0,100.0,340300.0
419,2021-10-21 03:31:58,19400.0,1000.0,340200.0
420,2021-10-21 03:31:58,19400.0,200.0,339200.0
421,2021-10-21 03:31:58,19400.0,300.0,339000.0
422,2021-10-21 03:31:58,19400.0,600.0,338700.0
423,2021-10-21 03:31:58,19450.0,100.0,338100.0
424,2021-10-21 03:31:55,19550.0,100.0,338000.0
425,2021-10-21 03:31:31,19450.0,900.0,337900.0
426,2021-10-21 03:31:24,19450.0,500.0,337000.0
427,2021-10-21 03:31:24,19450.0,100.0,336500.0
428,2021-10-21 03:31:24,19450.0,100.0,336400.0
429,2021-10-21 03:31:24,19450.0,600.0,336300.0
430,2021-10-21 03:31:06,19500.0,200.0,335700.0
431,2021-10-21 03:30:56,19500.0,500.0,335500.0
432,2021-10-21 03:30:56,19500.0,500.0,335000.0
433,2021-10-21 03:29:50,19550.0,400.0,334500.0
434,2021-10-21 03:29:34,19600.0,700.0,334100.0
435,2021-10-21 03:28:40,19600.0,100.0,333400.0
436,2021-10-21 03:28:16,19550.0,200.0,333300.0
437,2021-10-21 03:28:16,19550.0,200.0,333100.0
438,2021-10-21 03:27:42,19550.0,1000.0,332900.0
439,2021-10-21 03:27:19,19550.0,200.0,331900.0
440,2021-10-21 03:26:42,19500.0,200.0,331700.0
441,2021-10-21 03:25:09,19500.0,1000.0,331500.0
442,2021-10-21 03:22:42,19500.0,100.0,330500.0
443,2021-10-21 03:22:30,19500.0,500.0,330400.0
444,2021-10-21 03:21:54,19500.0,300.0,329900.0
445,2021-10-21 03:21:27,19450.0,100.0,329600.0
446,2021-10-21 03:20:17,19450.0,1300.0,329500.0
447,2021-10-21 03:19:09,19500.0,1100.0,328200.0
448,2021-10-21 03:19:09,19500.0,400.0,327100.0
449,2021-10-21 03:17:37,19500.0,3400.0,326700.0
450,2021-10-21 03:16:58,19450.0,500.0,323300.0
451,2021-10-21 03:16:32,19500.0,100.0,322800.0
452,2021-10-21 03:15:24,19500.0,1000.0,322700.0
453,2021-10-21 03:15:24,19500.0,100.0,321700.0
454,2021-10-21 03:15:11,19500.0,200.0,321600.0
455,2021-10-21 03:15:11,19500.0,1000.0,321400.0
456,2021-10-21 03:15:11,19500.0,200.0,320400.0
457,2021-10-21 03:15:11,19500.0,1100.0,320200.0
458,2021-10-21 03:15:11,19500.0,300.0,319100.0
459,2021-10-21 03:15:11,19500.0,1000.0,318800.0
460,2021-10-21 03:15:00,19550.0,1000.0,317800.0
461,2021-10-21 03:14:02,19550.0,100.0,316800.0
462,2021-10-21 03:13:48,19550.0,200.0,316700.0
463,2021-10-21 03:13:40,19600.0,200.0,316500.0
464,2021-10-21 03:11:46,19600.0,3100.0,316300.0
465,2021-10-21 03:11:21,19600.0,500.0,313200.0
466,2021-10-21 03:10:49,19600.0,5000.0,312700.0
467,2021-10-21 03:09:46,19700.0,400.0,307700.0
468,2021-10-21 03:09:24,19700.0,100.0,307300.0
469,2021-10-21 03:07:36,19700.0,1100.0,307200.0
470,2021-10-21 03:07:27,19700.0,100.0,306100.0
471,2021-10-21 03:07:27,19700.0,400.0,306000.0
472,2021-10-21 03:07:27,19700.0,400.0,305600.0
473,2021-10-21 03:06:52,19700.0,100.0,305200.0
474,2021-10-21 03:06:52,19700.0,500.0,305100.0
475,2021-10-21 03:06:52,19700.0,1800.0,304600.0
476,2021-10-21 03:06:33,19500.0,400.0,302800.0
477,2021-10-21 03:06:18,19600.0,1000.0,302400.0
478,2021-10-21 03:05:23,19700.0,1200.0,301400.0
479,2021-10-21 03:05:13,19500.0,200.0,300200.0
480,2021-10-21 03:04:57,19500.0,1000.0,300000.0
481,2021-10-21 03:04:57,19500.0,500.0,299000.0
482,2021-10-21 03:04:57,19500.0,500.0,298500.0
483,2021-10-21 03:04:57,19500.0,100.0,298000.0
484,2021-10-21 03:04:57,19500.0,1000.0,297900.0
485,2021-10-21 03:04:57,19500.0,1000.0,296900.0
486,2021-10-21 03:04:57,19500.0,100.0,295900.0
487,2021-10-21 03:04:57,19500.0,1000.0,295800.0
488,2021-10-21 03:04:57,19500.0,4600.0,294800.0
489,2021-10-21 03:04:45,19600.0,200.0,290200.0
490,2021-10-21 03:04:18,19600.0,500.0,290000.0
491,2021-10-21 03:04:03,19500.0,9400.0,289500.0
492,2021-10-21 03:04:03,19550.0,2600.0,280100.0
493,2021-10-21 03:04:03,19550.0,5000.0,277500.0
494,2021-10-21 03:04:03,19550.0,3000.0,272500.0
495,2021-10-21 03:03:46,19600.0,2300.0,269500.0
496,2021-10-21 03:03:46,19600.0,3200.0,267200.0
497,2021-10-21 03:02:40,19600.0,5500.0,264000.0
498,2021-10-21 03:02:40,19600.0,300.0,258500.0
499,2021-10-21 03:02:34,19700.0,5000.0,258200.0
500,2021-10-21 03:01:10,19600.0,100.0,253200.0
501,2021-10-21 03:00:35,19600.0,1600.0,253100.0
502,2021-10-21 03:00:33,19600.0,200.0,251500.0
503,2021-10-21 03:00:33,19600.0,2000.0,251300.0
504,2021-10-21 03:00:33,19600.0,200.0,249300.0
505,2021-10-21 03:00:33,19600.0,1700.0,249100.0
506,2021-10-21 03:00:33,19600.0,5500.0,247400.0
507,2021-10-21 03:00:33,19650.0,600.0,241900.0
508,2021-10-21 03:00:33,19650.0,1000.0,241300.0
509,2021-10-21 03:00:33,19650.0,2200.0,240300.0
510,2021-10-21 03:00:25,19700.0,500.0,238100.0
511,2021-10-21 03:00:25,19700.0,600.0,237600.0
512,2021-10-21 03:00:25,19700.0,100.0,237000.0
513,2021-10-21 02:55:20,19700.0,100.0,236900.0
514,2021-10-21 02:54:48,19700.0,100.0,236800.0
515,2021-10-21 02:53:58,19800.0,200.0,236700.0
516,2021-10-21 02:52:24,19700.0,500.0,236500.0
517,2021-10-21 02:52:11,19700.0,2000.0,236000.0
518,2021-10-21 02:51:40,19700.0,2300.0,234000.0
519,2021-10-21 02:51:40,19700.0,600.0,231700.0
520,2021-10-21 02:51:40,19700.0,600.0,231100.0
521,2021-10-21 02:51:14,19700.0,100.0,230500.0
522,2021-10-21 02:50:37,19700.0,300.0,230400.0
523,2021-10-21 02:48:46,19800.0,300.0,230100.0
524,2021-10-21 02:47:45,19800.0,100.0,229800.0
525,2021-10-21 02:47:44,19800.0,400.0,229700.0
526,2021-10-21 02:47:44,19800.0,100.0,229300.0
527,2021-10-21 02:47:26,19800.0,100.0,229200.0
528,2021-10-21 02:47:11,19800.0,100.0,229100.0
529,2021-10-21 02:46:53,19900.0,1000.0,229000.0
530,2021-10-21 02:46:16,19900.0,5000.0,228000.0
531,2021-10-21 02:45:37,19700.0,600.0,223000.0
532,2021-10-21 02:45:30,19700.0,100.0,222400.0
533,2021-10-21 02:45:24,19700.0,1400.0,222300.0
534,2021-10-21 02:45:15,19700.0,900.0,220900.0
535,2021-10-21 02:45:15,19700.0,1100.0,220000.0
536,2021-10-21 02:45:10,19700.0,1900.0,218900.0
537,2021-10-21 02:45:10,19700.0,100.0,217000.0
538,2021-10-21 02:44:59,19700.0,100.0,216900.0
539,2021-10-21 02:44:59,19700.0,100.0,216800.0
540,2021-10-21 02:44:59,19700.0,100.0,216700.0
541,2021-10-21 02:44:59,19700.0,1700.0,216600.0
542,2021-10-21 02:44:50,19600.0,1500.0,214900.0
543,2021-10-21 02:44:42,19600.0,1000.0,213400.0
544,2021-10-21 02:44:42,19600.0,1500.0,212400.0
545,2021-10-21 02:44:42,19700.0,5000.0,210900.0
546,2021-10-21 02:44:20,19700.0,200.0,205900.0
547,2021-10-21 02:44:07,19700.0,300.0,205700.0
548,2021-10-21 02:43:59,19600.0,8500.0,205400.0
549,2021-10-21 02:43:59,19600.0,100.0,196900.0
550,2021-10-21 02:43:59,19600.0,500.0,196800.0
551,2021-10-21 02:43:59,19650.0,5900.0,196300.0
552,2021-10-21 02:43:45,19700.0,100.0,190400.0
553,2021-10-21 02:43:45,19750.0,100.0,190300.0
554,2021-10-21 02:43:45,19800.0,200.0,190200.0
555,2021-10-21 02:43:45,19850.0,100.0,190000.0
556,2021-10-21 02:43:45,19850.0,300.0,189900.0
557,2021-10-21 02:43:45,19850.0,100.0,189600.0
558,2021-10-21 02:43:45,19900.0,200.0,189500.0
559,2021-10-21 02:43:45,19900.0,200.0,189300.0
560,2021-10-21 02:43:45,19900.0,1500.0,189100.0
561,2021-10-21 02:43:42,19950.0,2000.0,187600.0
562,2021-10-21 02:43:41,19950.0,1000.0,185600.0
563,2021-10-21 02:43:37,19900.0,900.0,184600.0
564,2021-10-21 02:43:28,19950.0,100.0,183700.0
565,2021-10-21 02:43:17,19950.0,1600.0,183600.0
566,2021-10-21 02:43:17,19950.0,100.0,182000.0
567,2021-10-21 02:43:17,19950.0,1300.0,181900.0
568,2021-10-21 02:43:13,19950.0,100.0,180600.0
569,2021-10-21 02:43:05,19950.0,1000.0,180500.0
570,2021-10-21 02:42:56,20000.0,1200.0,179500.0
571,2021-10-21 02:42:56,20000.0,1000.0,178300.0
572,2021-10-21 02:42:56,20000.0,600.0,177300.0
573,2021-10-21 02:42:56,20000.0,500.0,176700.0
574,2021-10-21 02:42:56,20000.0,100.0,176200.0
575,2021-10-21 02:42:56,20000.0,500.0,176100.0
576,2021-10-21 02:42:56,20000.0,100.0,175600.0
577,2021-10-21 02:42:56,20000.0,200.0,175500.0
578,2021-10-21 02:42:56,20000.0,200.0,175300.0
579,2021-10-21 02:42:56,20000.0,1000.0,175100.0
580,2021-10-21 02:42:56,20000.0,200.0,174100.0
581,2021-10-21 02:42:56,20000.0,100.0,173900.0
582,2021-10-21 02:42:56,19950.0,300.0,173800.0
583,2021-10-21 02:42:54,19950.0,700.0,173500.0
584,2021-10-21 02:42:53,19950.0,1000.0,172800.0
585,2021-10-21 02:42:53,19950.0,300.0,171800.0
586,2021-10-21 02:42:51,19950.0,400.0,171500.0
587,2021-10-21 02:42:41,19950.0,200.0,171100.0
588,2021-10-21 02:42:40,19950.0,100.0,170900.0
589,2021-10-21 02:42:36,19950.0,500.0,170800.0
590,2021-10-21 02:42:31,19950.0,200.0,170300.0
591,2021-10-21 02:42:31,19900.0,3600.0,170100.0
592,2021-10-21 02:42:21,19900.0,1200.0,166500.0
593,2021-10-21 02:42:21,19950.0,100.0,165300.0
594,2021-10-21 02:42:21,19950.0,100.0,165200.0
595,2021-10-21 02:42:17,19950.0,100.0,165100.0
596,2021-10-21 02:42:13,20000.0,500.0,165000.0
597,2021-10-21 02:42:13,20000.0,500.0,164500.0
598,2021-10-21 02:42:13,20000.0,1000.0,164000.0
599,2021-10-21 02:42:13,20000.0,1000.0,163000.0
600,2021-10-21 02:42:03,19950.0,300.0,162000.0
601,2021-10-21 02:41:48,19900.0,100.0,161700.0
602,2021-10-21 02:41:48,19900.0,500.0,161600.0
603,2021-10-21 02:41:48,19900.0,400.0,161100.0
604,2021-10-21 02:41:48,19900.0,500.0,160700.0
605,2021-10-21 02:41:48,19900.0,400.0,160200.0
606,2021-10-21 02:41:48,19850.0,900.0,159800.0
607,2021-10-21 02:41:48,19850.0,1800.0,158900.0
608,2021-10-21 02:41:41,19850.0,300.0,157100.0
609,2021-10-21 02:41:36,19900.0,100.0,156800.0
610,2021-10-21 02:41:36,19900.0,200.0,156700.0
611,2021-10-21 02:41:36,19850.0,200.0,156500.0
612,2021-10-21 02:41:32,19850.0,100.0,156300.0
613,2021-10-21 02:41:22,19800.0,500.0,156200.0
614,2021-10-21 02:41:21,19800.0,100.0,155700.0
615,2021-10-21 02:41:15,19800.0,200.0,155600.0
616,2021-10-21 02:41:11,19800.0,200.0,155400.0
617,2021-10-21 02:41:09,19800.0,4600.0,155200.0
618,2021-10-21 02:41:09,19800.0,1000.0,150600.0
619,2021-10-21 02:41:09,19800.0,200.0,149600.0
620,2021-10-21 02:41:09,19800.0,1200.0,149400.0
621,2021-10-21 02:41:01,19800.0,1500.0,148200.0
622,2021-10-21 02:41:01,19800.0,200.0,146700.0
623,2021-10-21 02:41:01,19800.0,2500.0,146500.0
624,2021-10-21 02:40:56,19800.0,2500.0,144000.0
625,2021-10-21 02:40:56,19750.0,100.0,141500.0
626,2021-10-21 02:40:56,19750.0,100.0,141400.0
627,2021-10-21 02:40:56,19750.0,1000.0,141300.0
628,2021-10-21 02:40:56,19750.0,300.0,140300.0
629,2021-10-21 02:40:54,19750.0,200.0,140000.0
630,2021-10-21 02:40:48,19750.0,300.0,139800.0
631,2021-10-21 02:40:48,19750.0,200.0,139500.0
632,2021-10-21 02:40:34,19750.0,300.0,139300.0
633,2021-10-21 02:40:23,19750.0,300.0,139000.0
634,2021-10-21 02:40:23,19700.0,100.0,138700.0
635,2021-10-21 02:40:06,19700.0,5000.0,138600.0
636,2021-10-21 02:39:55,19600.0,700.0,133600.0
637,2021-10-21 02:39:42,19600.0,400.0,132900.0
638,2021-10-21 02:39:29,19600.0,3900.0,132500.0
639,2021-10-21 02:39:29,19600.0,500.0,128600.0
640,2021-10-21 02:39:29,19600.0,200.0,128100.0
641,2021-10-21 02:39:29,19600.0,2000.0,127900.0
642,2021-10-21 02:39:29,19600.0,500.0,125900.0
643,2021-10-21 02:39:29,19600.0,2900.0,125400.0
644,2021-10-21 02:39:18,19500.0,1000.0,122500.0
645,2021-10-21 02:39:08,19600.0,300.0,121500.0
646,2021-10-21 02:38:58,19500.0,100.0,121200.0
647,2021-10-21 02:38:37,19500.0,300.0,121100.0
648,2021-10-21 02:38:13,19500.0,500.0,120800.0
649,2021-10-21 02:38:04,19500.0,200.0,120300.0
650,2021-10-21 02:37:55,19500.0,1300.0,120100.0
651,2021-10-21 02:37:55,19500.0,500.0,118800.0
652,2021-10-21 02:37:55,19500.0,800.0,118300.0
653,2021-10-21 02:37:55,19500.0,400.0,117500.0
654,2021-10-21 02:37:42,19500.0,200.0,117100.0
655,2021-10-21 02:37:42,19500.0,8000.0,116900.0
656,2021-10-21 02:37:42,19500.0,500.0,108900.0
657,2021-10-21 02:37:42,19450.0,500.0,108400.0
658,2021-10-21 02:37:16,19400.0,700.0,107900.0
659,2021-10-21 02:37:04,19400.0,500.0,107200.0
660,2021-10-21 02:36:41,19400.0,200.0,106700.0
661,2021-10-21 02:36:13,19400.0,1400.0,106500.0
662,2021-10-21 02:35:31,19400.0,1500.0,105100.0
663,2021-10-21 02:35:21,19400.0,400.0,103600.0
664,2021-10-21 02:34:43,19400.0,500.0,103200.0
665,2021-10-21 02:32:45,19500.0,200.0,102700.0
666,2021-10-21 02:32:24,19500.0,300.0,102500.0
667,2021-10-21 02:32:10,19500.0,700.0,102200.0
668,2021-10-21 02:31:23,19500.0,200.0,101500.0
669,2021-10-21 02:30:10,19500.0,500.0,101300.0
670,2021-10-21 02:29:58,19500.0,100.0,100800.0
671,2021-10-21 02:29:33,19500.0,100.0,100700.0
672,2021-10-21 02:29:33,19500.0,400.0,100600.0
673,2021-10-21 02:29:33,19500.0,200.0,100200.0
674,2021-10-21 02:29:33,19500.0,4200.0,100000.0
675,2021-10-21 02:29:33,19500.0,2000.0,95800.0
676,2021-10-21 02:29:33,19500.0,300.0,93800.0
677,2021-10-21 02:29:33,19500.0,100.0,93500.0
678,2021-10-21 02:29:33,19500.0,600.0,93400.0
679,2021-10-21 02:28:54,19500.0,100.0,92800.0
680,2021-10-21 02:27:37,19500.0,100.0,92700.0
681,2021-10-21 02:27:37,19500.0,300.0,92600.0
682,2021-10-21 02:27:37,19500.0,2000.0,92300.0
683,2021-10-21 02:27:37,19500.0,2000.0,90300.0
684,2021-10-21 02:27:37,19500.0,2000.0,88300.0
685,2021-10-21 02:27:37,19500.0,500.0,86300.0
686,2021-10-21 02:27:37,19500.0,1000.0,85800.0
687,2021-10-21 02:27:37,19500.0,500.0,84800.0
688,2021-10-21 02:27:37,19500.0,4000.0,84300.0
689,2021-10-21 02:27:37,19500.0,100.0,80300.0
690,2021-10-21 02:27:37,19500.0,500.0,80200.0
691,2021-10-21 02:27:37,19500.0,1000.0,79700.0
692,2021-10-21 02:27:37,19500.0,100.0,78700.0
693,2021-10-21 02:27:37,19500.0,1000.0,78600.0
694,2021-10-21 02:27:37,19450.0,2000.0,77600.0
695,2021-10-21 02:27:37,19450.0,1000.0,75600.0
696,2021-10-21 02:27:37,19450.0,400.0,74600.0
697,2021-10-21 02:27:37,19400.0,900.0,74200.0
698,2021-10-21 02:27:37,19300.0,500.0,73300.0
699,2021-10-21 02:26:58,19300.0,100.0,72800.0
700,2021-10-21 02:26:58,19300.0,400.0,72700.0
701,2021-10-21 02:26:58,19300.0,1100.0,72300.0
702,2021-10-21 02:26:37,19300.0,800.0,71200.0
703,2021-10-21 02:26:37,19300.0,2400.0,70400.0
704,2021-10-21 02:26:34,19300.0,3200.0,68000.0
705,2021-10-21 02:26:13,19300.0,4400.0,64800.0
706,2021-10-21 02:26:13,19300.0,500.0,60400.0
707,2021-10-21 02:26:13,19300.0,500.0,59900.0
708,2021-10-21 02:26:13,19300.0,3000.0,59400.0
709,2021-10-21 02:26:13,19300.0,1600.0,56400.0
710,2021-10-21 02:26:10,19400.0,100.0,54800.0
711,2021-10-21 02:26:06,19400.0,100.0,54700.0
712,2021-10-21 02:26:06,19400.0,900.0,54600.0
713,2021-10-21 02:25:55,19400.0,100.0,53700.0
714,2021-10-21 02:25:07,19400.0,100.0,53600.0
715,2021-10-21 02:24:00,19300.0,800.0,53500.0
716,2021-10-21 02:23:53,19300.0,600.0,52700.0
717,2021-10-21 02:23:08,19450.0,100.0,52100.0
718,2021-10-21 02:23:08,19450.0,100.0,52000.0
719,2021-10-21 02:21:57,19500.0,400.0,51900.0
720,2021-10-21 02:21:45,19500.0,800.0,51500.0
721,2021-10-21 02:21:45,19450.0,500.0,50700.0
722,2021-10-21 02:21:45,19400.0,700.0,50200.0
723,2021-10-21 02:21:44,19400.0,4300.0,49500.0
724,2021-10-21 02:21:25,19500.0,900.0,45200.0
725,2021-10-21 02:21:08,19500.0,100.0,44300.0
726,2021-10-21 02:21:06,19500.0,1000.0,44200.0
727,2021-10-21 02:20:56,19500.0,1700.0,43200.0
728,2021-10-21 02:20:56,19400.0,300.0,41500.0
729,2021-10-21 02:20:53,19400.0,500.0,41200.0
730,2021-10-21 02:20:35,19400.0,1000.0,40700.0
731,2021-10-21 02:20:34,19400.0,200.0,39700.0
732,2021-10-21 02:20:32,19500.0,100.0,39500.0
733,2021-10-21 02:20:32,19500.0,300.0,39400.0
734,2021-10-21 02:20:32,19500.0,200.0,39100.0
735,2021-10-21 02:20:32,19500.0,400.0,38900.0
736,2021-10-21 02:20:26,19400.0,100.0,38500.0
737,2021-10-21 02:20:05,19300.0,200.0,38400.0
738,2021-10-21 02:19:59,19300.0,100.0,38200.0
739,2021-10-21 02:19:59,19300.0,100.0,38100.0
740,2021-10-21 02:19:47,19200.0,500.0,38000.0
741,2021-10-21 02:19:14,19200.0,100.0,37500.0
742,2021-10-21 02:19:05,19200.0,100.0,37400.0
743,2021-10-21 02:18:39,19200.0,100.0,37300.0
744,2021-10-21 02:18:23,19100.0,200.0,37200.0
745,2021-10-21 02:18:23,19100.0,100.0,37000.0
746,2021-10-21 02:18:23,19100.0,200.0,36900.0
747,2021-10-21 02:18:16,19200.0,100.0,36700.0
748,2021-10-21 02:15:28,19000.0,18000.0,36600.0
749,2021-10-21 02:15:28,19200.0,2000.0,18600.0
750,2021-10-21 02:15:00,19000.0,600.0,16600.0
751,2021-10-21 02:15:00,19000.0,1000.0,16000.0
752,2021-10-21 02:15:00,19000.0,200.0,15000.0
753,2021-10-21 02:15:00,19000.0,100.0,14800.0
754,2021-10-21 02:15:00,19000.0,100.0,14700.0
755,2021-10-21 02:15:00,19000.0,1000.0,14600.0
756,2021-10-21 02:15:00,19000.0,100.0,13600.0
757,2021-10-21 02:15:00,19000.0,200.0,13500.0
758,2021-10-21 02:15:00,19000.0,200.0,13300.0
759,2021-10-21 02:15:00,19000.0,200.0,13100.0
760,2021-10-21 02:15:00,19000.0,200.0,12900.0
761,2021-10-21 02:15:00,19000.0,2400.0,12700.0
762,2021-10-21 02:15:00,19000.0,300.0,10300.0
763,2021-10-21 02:15:00,19000.0,200.0,10000.0
764,2021-10-21 02:15:00,19000.0,1000.0,9800.0
765,2021-10-21 02:15:00,19000.0,1000.0,8800.0
766,2021-10-21 02:15:00,19000.0,200.0,7800.0
767,2021-10-21 02:15:00,19000.0,1500.0,7600.0
768,2021-10-21 02:15:00,19000.0,700.0,6100.0
769,2021-10-21 02:15:00,19000.0,100.0,5400.0
770,2021-10-21 02:15:00,19000.0,1000.0,5300.0
771,2021-10-21 02:15:00,19000.0,200.0,4300.0
772,2021-10-21 02:15:00,19000.0,300.0,4100.0
773,2021-10-21 02:15:00,19000.0,1000.0,3800.0
774,2021-10-21 02:15:00,19000.0,100.0,2800.0
775,2021-10-21 02:15:00,19000.0,600.0,2700.0
776,2021-10-21 02:15:00,19000.0,1400.0,2100.0
777,2021-10-21 02:15:00,19000.0,200.0,700.0
778,2021-10-21 02:15:00,19000.0,400.0,500.0
779,2021-10-21 02:15:00,19000.0,100.0,100.0
