,Time,Price,Volume_per_trade,Volume
0,2021-10-22 07:45:01,54200.0,300.0,5733300.0
1,2021-10-22 07:45:01,54200.0,200.0,5733000.0
2,2021-10-22 07:45:01,54200.0,100.0,5732800.0
3,2021-10-22 07:45:01,54200.0,1000.0,5732700.0
4,2021-10-22 07:45:01,54200.0,100.0,5731700.0
5,2021-10-22 07:45:01,54200.0,100.0,5731600.0
6,2021-10-22 07:45:01,54200.0,100.0,5731500.0
7,2021-10-22 07:45:01,54200.0,2000.0,5731400.0
8,2021-10-22 07:45:01,54200.0,500.0,5729400.0
9,2021-10-22 07:45:01,54200.0,1800.0,5728900.0
10,2021-10-22 07:45:01,54200.0,900.0,5727100.0
11,2021-10-22 07:45:01,54200.0,5000.0,5726200.0
12,2021-10-22 07:45:01,54200.0,200.0,5721200.0
13,2021-10-22 07:45:01,54200.0,400.0,5721000.0
14,2021-10-22 07:45:01,54200.0,1000.0,5720600.0
15,2021-10-22 07:45:01,54200.0,5700.0,5719600.0
16,2021-10-22 07:45:01,54200.0,100.0,5713900.0
17,2021-10-22 07:45:01,54200.0,1000.0,5713800.0
18,2021-10-22 07:45:01,54200.0,500.0,5712800.0
19,2021-10-22 07:45:01,54200.0,200.0,5712300.0
20,2021-10-22 07:45:01,54200.0,100.0,5712100.0
21,2021-10-22 07:45:01,54200.0,100.0,5712000.0
22,2021-10-22 07:45:01,54200.0,2300.0,5711900.0
23,2021-10-22 07:45:01,54200.0,7700.0,5709600.0
24,2021-10-22 07:45:01,54200.0,300.0,5701900.0
25,2021-10-22 07:45:01,54200.0,2000.0,5701600.0
26,2021-10-22 07:45:01,54200.0,1000.0,5699600.0
27,2021-10-22 07:45:01,54200.0,1000.0,5698600.0
28,2021-10-22 07:45:01,54200.0,200.0,5697600.0
29,2021-10-22 07:45:01,54200.0,800.0,5697400.0
30,2021-10-22 07:45:01,54200.0,500.0,5696600.0
31,2021-10-22 07:45:01,54200.0,100.0,5696100.0
32,2021-10-22 07:45:01,54200.0,400.0,5696000.0
33,2021-10-22 07:45:01,54200.0,100.0,5695600.0
34,2021-10-22 07:45:01,54200.0,100.0,5695500.0
35,2021-10-22 07:45:01,54200.0,100.0,5695400.0
36,2021-10-22 07:45:01,54200.0,500.0,5695300.0
37,2021-10-22 07:45:01,54200.0,1000.0,5694800.0
38,2021-10-22 07:45:01,54200.0,600.0,5693800.0
39,2021-10-22 07:45:01,54200.0,100.0,5693200.0
40,2021-10-22 07:45:01,54200.0,1000.0,5693100.0
41,2021-10-22 07:45:01,54200.0,1000.0,5692100.0
42,2021-10-22 07:45:01,54200.0,500.0,5691100.0
43,2021-10-22 07:45:01,54200.0,500.0,5690600.0
44,2021-10-22 07:45:01,54200.0,1000.0,5690100.0
45,2021-10-22 07:45:01,54200.0,500.0,5689100.0
46,2021-10-22 07:45:01,54200.0,100.0,5688600.0
47,2021-10-22 07:45:01,54200.0,400.0,5688500.0
48,2021-10-22 07:45:01,54200.0,100.0,5688100.0
49,2021-10-22 07:45:01,54200.0,1000.0,5688000.0
50,2021-10-22 07:45:01,54200.0,600.0,5687000.0
51,2021-10-22 07:45:01,54200.0,800.0,5686400.0
52,2021-10-22 07:45:01,54200.0,200.0,5685600.0
53,2021-10-22 07:45:01,54200.0,500.0,5685400.0
54,2021-10-22 07:45:01,54200.0,100.0,5684900.0
55,2021-10-22 07:45:01,54200.0,1000.0,5684800.0
56,2021-10-22 07:45:01,54200.0,200.0,5683800.0
57,2021-10-22 07:45:01,54200.0,100.0,5683600.0
58,2021-10-22 07:45:01,54200.0,19700.0,5683500.0
59,2021-10-22 07:45:01,54200.0,1000.0,5663800.0
60,2021-10-22 07:45:01,54200.0,100.0,5662800.0
61,2021-10-22 07:45:01,54200.0,100.0,5662700.0
62,2021-10-22 07:45:01,54200.0,200.0,5662600.0
63,2021-10-22 07:45:01,54200.0,500.0,5662400.0
64,2021-10-22 07:45:01,54200.0,100.0,5661900.0
65,2021-10-22 07:45:01,54200.0,1000.0,5661800.0
66,2021-10-22 07:45:01,54200.0,400.0,5660800.0
67,2021-10-22 07:45:01,54200.0,200.0,5660400.0
68,2021-10-22 07:45:01,54200.0,200.0,5660200.0
69,2021-10-22 07:45:01,54200.0,500.0,5660000.0
70,2021-10-22 07:45:01,54200.0,100.0,5659500.0
71,2021-10-22 07:45:01,54200.0,1000.0,5659400.0
72,2021-10-22 07:45:01,54200.0,2000.0,5658400.0
73,2021-10-22 07:45:01,54200.0,1000.0,5656400.0
74,2021-10-22 07:45:01,54200.0,3000.0,5655400.0
75,2021-10-22 07:45:01,54200.0,200.0,5652400.0
76,2021-10-22 07:45:01,54200.0,100.0,5652200.0
77,2021-10-22 07:45:01,54200.0,10000.0,5652100.0
78,2021-10-22 07:45:01,54200.0,500.0,5642100.0
79,2021-10-22 07:45:01,54200.0,100.0,5641600.0
80,2021-10-22 07:45:01,54200.0,1000.0,5641500.0
81,2021-10-22 07:45:01,54200.0,100.0,5640500.0
82,2021-10-22 07:45:01,54200.0,1000.0,5640400.0
83,2021-10-22 07:45:01,54200.0,200.0,5639400.0
84,2021-10-22 07:45:01,54200.0,700.0,5639200.0
85,2021-10-22 07:45:01,54200.0,200.0,5638500.0
86,2021-10-22 07:45:01,54200.0,100.0,5638300.0
87,2021-10-22 07:45:01,54200.0,500.0,5638200.0
88,2021-10-22 07:45:01,54200.0,5000.0,5637700.0
89,2021-10-22 07:45:01,54200.0,200.0,5632700.0
90,2021-10-22 07:45:01,54200.0,5000.0,5632500.0
91,2021-10-22 07:45:01,54200.0,5000.0,5627500.0
92,2021-10-22 07:45:01,54200.0,100.0,5622500.0
93,2021-10-22 07:45:01,54200.0,300.0,5622400.0
94,2021-10-22 07:45:01,54200.0,700.0,5622100.0
95,2021-10-22 07:45:01,54200.0,100.0,5621400.0
96,2021-10-22 07:45:01,54200.0,23000.0,5621300.0
97,2021-10-22 07:45:01,54200.0,2000.0,5598300.0
98,2021-10-22 07:45:01,54200.0,100.0,5596300.0
99,2021-10-22 07:45:01,54200.0,200.0,5596200.0
100,2021-10-22 07:45:01,54200.0,500.0,5596000.0
101,2021-10-22 07:45:01,54200.0,1000.0,5595500.0
102,2021-10-22 07:45:01,54200.0,100.0,5594500.0
103,2021-10-22 07:45:01,54200.0,100.0,5594400.0
104,2021-10-22 07:45:01,54200.0,1000.0,5594300.0
105,2021-10-22 07:45:01,54200.0,200.0,5593300.0
106,2021-10-22 07:45:01,54200.0,100.0,5593100.0
107,2021-10-22 07:45:01,54200.0,300.0,5593000.0
108,2021-10-22 07:45:01,54200.0,100.0,5592700.0
109,2021-10-22 07:45:01,54200.0,300.0,5592600.0
110,2021-10-22 07:45:01,54200.0,8800.0,5592300.0
111,2021-10-22 07:45:01,54200.0,300.0,5583500.0
112,2021-10-22 07:45:01,54200.0,200.0,5583200.0
113,2021-10-22 07:45:01,54200.0,100.0,5583000.0
114,2021-10-22 07:45:01,54200.0,500.0,5582900.0
115,2021-10-22 07:45:01,54200.0,500.0,5582400.0
116,2021-10-22 07:45:01,54200.0,400.0,5581900.0
117,2021-10-22 07:45:01,54200.0,3400.0,5581500.0
118,2021-10-22 07:45:01,54200.0,1500.0,5578100.0
119,2021-10-22 07:45:01,54200.0,3700.0,5576600.0
120,2021-10-22 07:45:01,54200.0,1300.0,5572900.0
121,2021-10-22 07:45:01,54200.0,800.0,5571600.0
122,2021-10-22 07:45:01,54200.0,1100.0,5570800.0
123,2021-10-22 07:45:01,54200.0,1000.0,5569700.0
124,2021-10-22 07:45:01,54200.0,400.0,5568700.0
125,2021-10-22 07:45:01,54200.0,100.0,5568300.0
126,2021-10-22 07:45:01,54200.0,100.0,5568200.0
127,2021-10-22 07:45:01,54200.0,4500.0,5568100.0
128,2021-10-22 07:45:01,54200.0,100.0,5563600.0
129,2021-10-22 07:45:01,54200.0,5400.0,5563500.0
130,2021-10-22 07:45:01,54200.0,600.0,5558100.0
131,2021-10-22 07:45:01,54200.0,400.0,5557500.0
132,2021-10-22 07:45:01,54200.0,100.0,5557100.0
133,2021-10-22 07:45:01,54200.0,500.0,5557000.0
134,2021-10-22 07:45:01,54200.0,200.0,5556500.0
135,2021-10-22 07:45:01,54200.0,100.0,5556300.0
136,2021-10-22 07:45:01,54200.0,200.0,5556200.0
137,2021-10-22 07:45:01,54200.0,100.0,5556000.0
138,2021-10-22 07:45:01,54200.0,2000.0,5555900.0
139,2021-10-22 07:45:01,54200.0,5000.0,5553900.0
140,2021-10-22 07:45:01,54200.0,300.0,5548900.0
141,2021-10-22 07:45:01,54200.0,200.0,5548600.0
142,2021-10-22 07:45:01,54200.0,100.0,5548400.0
143,2021-10-22 07:45:01,54200.0,100.0,5548300.0
144,2021-10-22 07:45:01,54200.0,200.0,5548200.0
145,2021-10-22 07:45:01,54200.0,5000.0,5548000.0
146,2021-10-22 07:45:01,54200.0,5000.0,5543000.0
147,2021-10-22 07:45:01,54200.0,1000.0,5538000.0
148,2021-10-22 07:45:01,54200.0,3900.0,5537000.0
149,2021-10-22 07:45:01,54200.0,1100.0,5533100.0
150,2021-10-22 07:45:01,54200.0,2000.0,5532000.0
151,2021-10-22 07:45:01,54200.0,100.0,5530000.0
152,2021-10-22 07:45:01,54200.0,400.0,5529900.0
153,2021-10-22 07:45:01,54200.0,100.0,5529500.0
154,2021-10-22 07:45:01,54200.0,100.0,5529400.0
155,2021-10-22 07:45:01,54200.0,100.0,5529300.0
156,2021-10-22 07:29:56,54000.0,300.0,5529200.0
157,2021-10-22 07:29:52,54000.0,1400.0,5528900.0
158,2021-10-22 07:29:52,53900.0,200.0,5527500.0
159,2021-10-22 07:29:52,53900.0,100.0,5527300.0
160,2021-10-22 07:29:52,53900.0,300.0,5527200.0
161,2021-10-22 07:29:48,53900.0,100.0,5526900.0
162,2021-10-22 07:29:30,53800.0,100.0,5526800.0
163,2021-10-22 07:29:30,53800.0,200.0,5526700.0
164,2021-10-22 07:29:30,53800.0,200.0,5526500.0
165,2021-10-22 07:29:28,53900.0,600.0,5526300.0
166,2021-10-22 07:29:24,53900.0,1000.0,5525700.0
167,2021-10-22 07:29:15,54000.0,5000.0,5524700.0
168,2021-10-22 07:29:00,54000.0,900.0,5519700.0
169,2021-10-22 07:28:55,53900.0,7000.0,5518800.0
170,2021-10-22 07:28:49,54000.0,600.0,5511800.0
171,2021-10-22 07:28:44,54000.0,500.0,5511200.0
172,2021-10-22 07:28:44,54000.0,400.0,5510700.0
173,2021-10-22 07:28:15,54100.0,500.0,5510300.0
174,2021-10-22 07:28:15,54100.0,300.0,5509800.0
175,2021-10-22 07:28:15,54100.0,500.0,5509500.0
176,2021-10-22 07:28:15,54000.0,700.0,5509000.0
177,2021-10-22 07:28:12,54000.0,1000.0,5508300.0
178,2021-10-22 07:28:12,54000.0,300.0,5507300.0
179,2021-10-22 07:28:12,54000.0,200.0,5507000.0
180,2021-10-22 07:28:12,54000.0,300.0,5506800.0
181,2021-10-22 07:28:07,54100.0,1000.0,5506500.0
182,2021-10-22 07:28:07,54100.0,1000.0,5505500.0
183,2021-10-22 07:28:07,54100.0,500.0,5504500.0
184,2021-10-22 07:28:07,54100.0,500.0,5504000.0
185,2021-10-22 07:28:03,54000.0,4700.0,5503500.0
186,2021-10-22 07:28:03,54000.0,200.0,5498800.0
187,2021-10-22 07:28:03,54000.0,100.0,5498600.0
188,2021-10-22 07:28:01,54000.0,100.0,5498500.0
189,2021-10-22 07:27:59,54000.0,1000.0,5498400.0
190,2021-10-22 07:27:55,54000.0,900.0,5497400.0
191,2021-10-22 07:27:55,54000.0,100.0,5496500.0
192,2021-10-22 07:27:55,54000.0,100.0,5496400.0
193,2021-10-22 07:27:55,54000.0,400.0,5496300.0
194,2021-10-22 07:27:54,54000.0,200.0,5495900.0
195,2021-10-22 07:27:41,54000.0,200.0,5495700.0
196,2021-10-22 07:27:40,54000.0,200.0,5495500.0
197,2021-10-22 07:27:40,54000.0,200.0,5495300.0
198,2021-10-22 07:27:38,54000.0,200.0,5495100.0
199,2021-10-22 07:27:32,54000.0,200.0,5494900.0
200,2021-10-22 07:27:31,54000.0,200.0,5494700.0
201,2021-10-22 07:27:28,54000.0,400.0,5494500.0
202,2021-10-22 07:27:25,54100.0,500.0,5494100.0
203,2021-10-22 07:27:25,54000.0,500.0,5493600.0
204,2021-10-22 07:27:25,54000.0,2300.0,5493100.0
205,2021-10-22 07:27:21,54000.0,500.0,5490800.0
206,2021-10-22 07:27:17,54000.0,500.0,5490300.0
207,2021-10-22 07:27:13,54000.0,2700.0,5489800.0
208,2021-10-22 07:27:12,54000.0,200.0,5487100.0
209,2021-10-22 07:27:10,54000.0,100.0,5486900.0
210,2021-10-22 07:27:09,54000.0,1200.0,5486800.0
211,2021-10-22 07:27:09,54000.0,100.0,5485600.0
212,2021-10-22 07:27:09,54000.0,3500.0,5485500.0
213,2021-10-22 07:27:09,54000.0,100.0,5482000.0
214,2021-10-22 07:27:09,54000.0,500.0,5481900.0
215,2021-10-22 07:27:09,54000.0,100.0,5481400.0
216,2021-10-22 07:27:09,54000.0,2000.0,5481300.0
217,2021-10-22 07:27:09,54000.0,1000.0,5479300.0
218,2021-10-22 07:27:09,54000.0,3500.0,5478300.0
219,2021-10-22 07:27:00,54000.0,300.0,5474800.0
220,2021-10-22 07:26:51,54000.0,900.0,5474500.0
221,2021-10-22 07:26:46,54000.0,200.0,5473600.0
222,2021-10-22 07:26:45,54000.0,100.0,5473400.0
223,2021-10-22 07:26:43,54000.0,300.0,5473300.0
224,2021-10-22 07:26:40,54000.0,600.0,5473000.0
225,2021-10-22 07:26:38,54000.0,19400.0,5472400.0
226,2021-10-22 07:26:19,54000.0,200.0,5453000.0
227,2021-10-22 07:26:19,54000.0,2000.0,5452800.0
228,2021-10-22 07:26:19,54000.0,3000.0,5450800.0
229,2021-10-22 07:26:19,54000.0,200.0,5447800.0
230,2021-10-22 07:26:19,54000.0,300.0,5447600.0
231,2021-10-22 07:26:19,54000.0,100.0,5447300.0
232,2021-10-22 07:26:19,54000.0,500.0,5447200.0
233,2021-10-22 07:26:19,54000.0,500.0,5446700.0
234,2021-10-22 07:26:19,54000.0,1000.0,5446200.0
235,2021-10-22 07:26:19,54000.0,2000.0,5445200.0
236,2021-10-22 07:26:19,54000.0,400.0,5443200.0
237,2021-10-22 07:26:19,54000.0,400.0,5442800.0
238,2021-10-22 07:26:09,54000.0,600.0,5442400.0
239,2021-10-22 07:26:09,54000.0,3000.0,5441800.0
240,2021-10-22 07:26:09,54000.0,100.0,5438800.0
241,2021-10-22 07:26:09,54000.0,1100.0,5438700.0
242,2021-10-22 07:26:09,54000.0,1300.0,5437600.0
243,2021-10-22 07:26:09,54000.0,100.0,5436300.0
244,2021-10-22 07:26:09,54000.0,1000.0,5436200.0
245,2021-10-22 07:26:09,54000.0,2500.0,5435200.0
246,2021-10-22 07:26:09,54000.0,100.0,5432700.0
247,2021-10-22 07:26:09,54000.0,500.0,5432600.0
248,2021-10-22 07:26:09,54000.0,1000.0,5432100.0
249,2021-10-22 07:26:09,54000.0,500.0,5431100.0
250,2021-10-22 07:26:09,54000.0,100.0,5430600.0
251,2021-10-22 07:26:09,54000.0,1000.0,5430500.0
252,2021-10-22 07:26:09,54000.0,3000.0,5429500.0
253,2021-10-22 07:26:09,54000.0,200.0,5426500.0
254,2021-10-22 07:26:09,54000.0,200.0,5426300.0
255,2021-10-22 07:26:09,54000.0,100.0,5426100.0
256,2021-10-22 07:26:09,54000.0,500.0,5426000.0
257,2021-10-22 07:26:09,54000.0,100.0,5425500.0
258,2021-10-22 07:26:09,54000.0,100.0,5425400.0
259,2021-10-22 07:26:09,54000.0,100.0,5425300.0
260,2021-10-22 07:26:09,54000.0,500.0,5425200.0
261,2021-10-22 07:26:09,54000.0,3000.0,5424700.0
262,2021-10-22 07:26:09,54000.0,400.0,5421700.0
263,2021-10-22 07:26:09,54000.0,900.0,5421300.0
264,2021-10-22 07:26:09,54000.0,1000.0,5420400.0
265,2021-10-22 07:26:09,54000.0,100.0,5419400.0
266,2021-10-22 07:26:09,54000.0,500.0,5419300.0
267,2021-10-22 07:26:09,54000.0,2000.0,5418800.0
268,2021-10-22 07:26:09,54000.0,300.0,5416800.0
269,2021-10-22 07:26:09,54000.0,200.0,5416500.0
270,2021-10-22 07:26:09,54000.0,100.0,5416300.0
271,2021-10-22 07:26:09,54000.0,1000.0,5416200.0
272,2021-10-22 07:26:09,54000.0,1000.0,5415200.0
273,2021-10-22 07:26:09,54000.0,3000.0,5414200.0
274,2021-10-22 07:26:09,54000.0,600.0,5411200.0
275,2021-10-22 07:26:09,54000.0,200.0,5410600.0
276,2021-10-22 07:26:09,54000.0,100.0,5410400.0
277,2021-10-22 07:26:09,54000.0,100.0,5410300.0
278,2021-10-22 07:26:09,54000.0,200.0,5410200.0
279,2021-10-22 07:26:09,54000.0,500.0,5410000.0
280,2021-10-22 07:26:09,54000.0,300.0,5409500.0
281,2021-10-22 07:26:09,54000.0,1000.0,5409200.0
282,2021-10-22 07:26:09,54000.0,200.0,5408200.0
283,2021-10-22 07:26:09,54000.0,500.0,5408000.0
284,2021-10-22 07:26:09,54000.0,500.0,5407500.0
285,2021-10-22 07:26:09,54000.0,100.0,5407000.0
286,2021-10-22 07:26:09,54000.0,100.0,5406900.0
287,2021-10-22 07:26:09,54000.0,5000.0,5406800.0
288,2021-10-22 07:26:09,54000.0,100.0,5401800.0
289,2021-10-22 07:26:09,54000.0,100.0,5401700.0
290,2021-10-22 07:26:09,54000.0,100.0,5401600.0
291,2021-10-22 07:26:09,54000.0,500.0,5401500.0
292,2021-10-22 07:26:09,54000.0,100.0,5401000.0
293,2021-10-22 07:26:09,54000.0,1000.0,5400900.0
294,2021-10-22 07:26:09,54000.0,100.0,5399900.0
295,2021-10-22 07:26:09,54000.0,100.0,5399800.0
296,2021-10-22 07:26:09,54000.0,1500.0,5399700.0
297,2021-10-22 07:26:09,54000.0,500.0,5398200.0
298,2021-10-22 07:26:09,54000.0,200.0,5397700.0
299,2021-10-22 07:26:09,54000.0,500.0,5397500.0
300,2021-10-22 07:26:09,54000.0,200.0,5397000.0
301,2021-10-22 07:26:09,54000.0,200.0,5396800.0
302,2021-10-22 07:26:09,54000.0,2200.0,5396600.0
303,2021-10-22 07:26:09,53900.0,2000.0,5394400.0
304,2021-10-22 07:26:02,54000.0,800.0,5392400.0
305,2021-10-22 07:26:02,54000.0,1000.0,5391600.0
306,2021-10-22 07:26:02,54000.0,500.0,5390600.0
307,2021-10-22 07:26:02,54000.0,100.0,5390100.0
308,2021-10-22 07:26:02,53900.0,1600.0,5390000.0
309,2021-10-22 07:26:01,53900.0,100.0,5388400.0
310,2021-10-22 07:26:01,53900.0,300.0,5388300.0
311,2021-10-22 07:25:59,53900.0,100.0,5388000.0
312,2021-10-22 07:25:30,53900.0,200.0,5387900.0
313,2021-10-22 07:25:28,53900.0,200.0,5387700.0
314,2021-10-22 07:25:27,53900.0,1600.0,5387500.0
315,2021-10-22 07:25:27,53900.0,2700.0,5385900.0
316,2021-10-22 07:25:17,53900.0,100.0,5383200.0
317,2021-10-22 07:25:17,53900.0,100.0,5383100.0
318,2021-10-22 07:25:17,53900.0,100.0,5383000.0
319,2021-10-22 07:25:17,53900.0,500.0,5382900.0
320,2021-10-22 07:25:17,53900.0,700.0,5382400.0
321,2021-10-22 07:25:17,53900.0,100.0,5381700.0
322,2021-10-22 07:25:17,53900.0,200.0,5381600.0
323,2021-10-22 07:25:17,53900.0,200.0,5381400.0
324,2021-10-22 07:25:17,53900.0,15300.0,5381200.0
325,2021-10-22 07:24:57,53800.0,200.0,5365900.0
326,2021-10-22 07:24:35,53700.0,400.0,5365700.0
327,2021-10-22 07:24:35,53700.0,1100.0,5365300.0
328,2021-10-22 07:24:33,53900.0,300.0,5364200.0
329,2021-10-22 07:24:33,53800.0,200.0,5363900.0
330,2021-10-22 07:24:18,53900.0,14400.0,5363700.0
331,2021-10-22 07:24:18,53900.0,500.0,5349300.0
332,2021-10-22 07:24:18,53900.0,5000.0,5348800.0
333,2021-10-22 07:24:18,53800.0,100.0,5343800.0
334,2021-10-22 07:24:10,53700.0,29100.0,5343700.0
335,2021-10-22 07:24:10,53800.0,900.0,5314600.0
336,2021-10-22 07:24:03,53800.0,8700.0,5313700.0
337,2021-10-22 07:24:03,53800.0,300.0,5305000.0
338,2021-10-22 07:23:57,53900.0,1000.0,5304700.0
339,2021-10-22 07:23:42,53900.0,100.0,5303700.0
340,2021-10-22 07:23:36,53900.0,1000.0,5303600.0
341,2021-10-22 07:23:34,53900.0,12600.0,5302600.0
342,2021-10-22 07:23:34,53900.0,300.0,5290000.0
343,2021-10-22 07:23:22,54000.0,400.0,5289700.0
344,2021-10-22 07:23:22,54000.0,100.0,5289300.0
345,2021-10-22 07:23:22,54000.0,1000.0,5289200.0
346,2021-10-22 07:22:55,53900.0,100.0,5288200.0
347,2021-10-22 07:22:55,53900.0,1500.0,5288100.0
348,2021-10-22 07:22:55,53900.0,400.0,5286600.0
349,2021-10-22 07:22:55,53900.0,100.0,5286200.0
350,2021-10-22 07:22:55,53900.0,100.0,5286100.0
351,2021-10-22 07:22:55,53900.0,1000.0,5286000.0
352,2021-10-22 07:22:55,53900.0,100.0,5285000.0
353,2021-10-22 07:22:55,53900.0,1000.0,5284900.0
354,2021-10-22 07:22:55,53900.0,100.0,5283900.0
355,2021-10-22 07:22:55,53900.0,100.0,5283800.0
356,2021-10-22 07:22:55,53900.0,500.0,5283700.0
357,2021-10-22 07:22:55,53900.0,100.0,5283200.0
358,2021-10-22 07:22:55,53900.0,500.0,5283100.0
359,2021-10-22 07:22:55,53900.0,500.0,5282600.0
360,2021-10-22 07:22:55,53900.0,3000.0,5282100.0
361,2021-10-22 07:22:55,53900.0,100.0,5279100.0
362,2021-10-22 07:22:55,53900.0,100.0,5279000.0
363,2021-10-22 07:22:55,53900.0,3000.0,5278900.0
364,2021-10-22 07:22:55,53900.0,200.0,5275900.0
365,2021-10-22 07:22:55,53900.0,5400.0,5275700.0
366,2021-10-22 07:22:55,53800.0,500.0,5270300.0
367,2021-10-22 07:22:55,53800.0,1000.0,5269800.0
368,2021-10-22 07:22:55,53800.0,100.0,5268800.0
369,2021-10-22 07:22:55,53800.0,100.0,5268700.0
370,2021-10-22 07:22:55,53800.0,100.0,5268600.0
371,2021-10-22 07:22:52,53800.0,100.0,5268500.0
372,2021-10-22 07:22:52,53800.0,200.0,5268400.0
373,2021-10-22 07:22:52,53800.0,300.0,5268200.0
374,2021-10-22 07:22:47,53700.0,200.0,5267900.0
375,2021-10-22 07:22:41,53700.0,100.0,5267700.0
376,2021-10-22 07:22:41,53700.0,100.0,5267600.0
377,2021-10-22 07:22:41,53700.0,100.0,5267500.0
378,2021-10-22 07:22:41,53700.0,300.0,5267400.0
379,2021-10-22 07:22:33,53700.0,200.0,5267100.0
380,2021-10-22 07:22:33,53600.0,500.0,5266900.0
381,2021-10-22 07:22:33,53600.0,100.0,5266400.0
382,2021-10-22 07:22:33,53600.0,500.0,5266300.0
383,2021-10-22 07:22:33,53600.0,100.0,5265800.0
384,2021-10-22 07:22:33,53600.0,300.0,5265700.0
385,2021-10-22 07:22:33,53600.0,100.0,5265400.0
386,2021-10-22 07:22:33,53600.0,100.0,5265300.0
387,2021-10-22 07:22:20,53500.0,100.0,5265200.0
388,2021-10-22 07:22:20,53500.0,2000.0,5265100.0
389,2021-10-22 07:22:20,53500.0,100.0,5263100.0
390,2021-10-22 07:22:20,53500.0,1000.0,5263000.0
391,2021-10-22 07:22:20,53500.0,300.0,5262000.0
392,2021-10-22 07:22:20,53500.0,700.0,5261700.0
393,2021-10-22 07:22:13,53400.0,700.0,5261000.0
394,2021-10-22 07:22:11,53500.0,300.0,5260300.0
395,2021-10-22 07:22:11,53500.0,400.0,5260000.0
396,2021-10-22 07:22:11,53500.0,500.0,5259600.0
397,2021-10-22 07:22:11,53500.0,100.0,5259100.0
398,2021-10-22 07:22:11,53500.0,200.0,5259000.0
399,2021-10-22 07:22:11,53500.0,200.0,5258800.0
400,2021-10-22 07:22:11,53500.0,200.0,5258600.0
401,2021-10-22 07:22:11,53500.0,100.0,5258400.0
402,2021-10-22 07:22:11,53500.0,500.0,5258300.0
403,2021-10-22 07:22:11,53500.0,400.0,5257800.0
404,2021-10-22 07:22:11,53500.0,1500.0,5257400.0
405,2021-10-22 07:22:11,53500.0,100.0,5255900.0
406,2021-10-22 07:22:11,53500.0,500.0,5255800.0
407,2021-10-22 07:22:11,53500.0,3000.0,5255300.0
408,2021-10-22 07:22:11,53400.0,100.0,5252300.0
409,2021-10-22 07:22:11,53400.0,100.0,5252200.0
410,2021-10-22 07:22:11,53400.0,100.0,5252100.0
411,2021-10-22 07:22:11,53400.0,100.0,5252000.0
412,2021-10-22 07:22:11,53400.0,200.0,5251900.0
413,2021-10-22 07:22:11,53400.0,10000.0,5251700.0
414,2021-10-22 07:22:09,53300.0,400.0,5241700.0
415,2021-10-22 07:22:01,53300.0,100.0,5241300.0
416,2021-10-22 07:22:01,53300.0,1000.0,5241200.0
417,2021-10-22 07:22:01,53300.0,1300.0,5240200.0
418,2021-10-22 07:21:52,53300.0,500.0,5238900.0
419,2021-10-22 07:21:48,53300.0,1700.0,5238400.0
420,2021-10-22 07:21:40,53300.0,5400.0,5236700.0
421,2021-10-22 07:21:37,53300.0,400.0,5231300.0
422,2021-10-22 07:21:34,53300.0,5000.0,5230900.0
423,2021-10-22 07:21:32,53300.0,900.0,5225900.0
424,2021-10-22 07:21:31,53300.0,3000.0,5225000.0
425,2021-10-22 07:21:31,53300.0,400.0,5222000.0
426,2021-10-22 07:21:17,53200.0,200.0,5221600.0
427,2021-10-22 07:21:12,53200.0,100.0,5221400.0
428,2021-10-22 07:21:11,53300.0,1400.0,5221300.0
429,2021-10-22 07:21:11,53300.0,200.0,5219900.0
430,2021-10-22 07:21:11,53300.0,400.0,5219700.0
431,2021-10-22 07:21:01,53300.0,100.0,5219300.0
432,2021-10-22 07:21:01,53300.0,200.0,5219200.0
433,2021-10-22 07:21:01,53300.0,300.0,5219000.0
434,2021-10-22 07:21:01,53300.0,400.0,5218700.0
435,2021-10-22 07:20:35,53200.0,400.0,5218300.0
436,2021-10-22 07:20:30,53200.0,1000.0,5217900.0
437,2021-10-22 07:20:30,53200.0,4600.0,5216900.0
438,2021-10-22 07:20:30,53200.0,15700.0,5212300.0
439,2021-10-22 07:20:29,53200.0,900.0,5196600.0
440,2021-10-22 07:20:26,53200.0,500.0,5195700.0
441,2021-10-22 07:20:20,53200.0,100.0,5195200.0
442,2021-10-22 07:20:17,53200.0,500.0,5195100.0
443,2021-10-22 07:20:17,53200.0,2000.0,5194600.0
444,2021-10-22 07:20:17,53200.0,300.0,5192600.0
445,2021-10-22 07:20:08,53200.0,200.0,5192300.0
446,2021-10-22 07:20:05,53200.0,200.0,5192100.0
447,2021-10-22 07:20:05,53200.0,300.0,5191900.0
448,2021-10-22 07:20:03,53200.0,10000.0,5191600.0
449,2021-10-22 07:20:03,53200.0,5000.0,5181600.0
450,2021-10-22 07:20:03,53200.0,500.0,5176600.0
451,2021-10-22 07:20:03,53200.0,1000.0,5176100.0
452,2021-10-22 07:20:03,53200.0,200.0,5175100.0
453,2021-10-22 07:20:03,53200.0,500.0,5174900.0
454,2021-10-22 07:20:03,53200.0,100.0,5174400.0
455,2021-10-22 07:20:03,53200.0,100.0,5174300.0
456,2021-10-22 07:20:03,53200.0,100.0,5174200.0
457,2021-10-22 07:20:03,53200.0,200.0,5174100.0
458,2021-10-22 07:20:03,53200.0,1000.0,5173900.0
459,2021-10-22 07:20:03,53200.0,1300.0,5172900.0
460,2021-10-22 07:20:02,53200.0,100.0,5171600.0
461,2021-10-22 07:19:54,53200.0,200.0,5171500.0
462,2021-10-22 07:19:44,53200.0,1000.0,5171300.0
463,2021-10-22 07:19:39,53200.0,5000.0,5170300.0
464,2021-10-22 07:19:36,53200.0,2400.0,5165300.0
465,2021-10-22 07:19:36,53200.0,300.0,5162900.0
466,2021-10-22 07:19:36,53200.0,5000.0,5162600.0
467,2021-10-22 07:19:36,53200.0,300.0,5157600.0
468,2021-10-22 07:19:36,53200.0,2000.0,5157300.0
469,2021-10-22 07:19:36,53200.0,100.0,5155300.0
470,2021-10-22 07:19:36,53200.0,500.0,5155200.0
471,2021-10-22 07:19:36,53200.0,200.0,5154700.0
472,2021-10-22 07:19:36,53200.0,100.0,5154500.0
473,2021-10-22 07:19:36,53200.0,200.0,5154400.0
474,2021-10-22 07:19:32,53300.0,9600.0,5154200.0
475,2021-10-22 07:19:32,53300.0,400.0,5144600.0
476,2021-10-22 07:19:18,53200.0,100.0,5144200.0
477,2021-10-22 07:19:06,53200.0,600.0,5144100.0
478,2021-10-22 07:18:51,53200.0,200.0,5143500.0
479,2021-10-22 07:18:40,53200.0,900.0,5143300.0
480,2021-10-22 07:18:40,53200.0,100.0,5142400.0
481,2021-10-22 07:18:40,53200.0,500.0,5142300.0
482,2021-10-22 07:18:05,53200.0,300.0,5141800.0
483,2021-10-22 07:17:49,53200.0,500.0,5141500.0
484,2021-10-22 07:17:42,53200.0,600.0,5141000.0
485,2021-10-22 07:17:10,53200.0,500.0,5140400.0
486,2021-10-22 07:17:05,53200.0,1000.0,5139900.0
487,2021-10-22 07:16:41,53200.0,2000.0,5138900.0
488,2021-10-22 07:16:19,53300.0,100.0,5136900.0
489,2021-10-22 07:15:40,53200.0,100.0,5136800.0
490,2021-10-22 07:15:37,53200.0,1400.0,5136700.0
491,2021-10-22 07:15:37,53200.0,600.0,5135300.0
492,2021-10-22 07:15:36,53400.0,100.0,5134700.0
493,2021-10-22 07:15:36,53400.0,300.0,5134600.0
494,2021-10-22 07:15:36,53400.0,100.0,5134300.0
495,2021-10-22 07:15:36,53400.0,100.0,5134200.0
496,2021-10-22 07:15:36,53300.0,500.0,5134100.0
497,2021-10-22 07:15:30,53300.0,400.0,5133600.0
498,2021-10-22 07:15:19,53300.0,100.0,5133200.0
499,2021-10-22 07:14:51,53300.0,1000.0,5133100.0
500,2021-10-22 07:14:41,53300.0,100.0,5132100.0
501,2021-10-22 07:14:14,53300.0,100.0,5132000.0
502,2021-10-22 07:14:07,53300.0,100.0,5131900.0
503,2021-10-22 07:14:07,53300.0,400.0,5131800.0
504,2021-10-22 07:14:01,53300.0,100.0,5131400.0
505,2021-10-22 07:13:46,53400.0,200.0,5131300.0
506,2021-10-22 07:13:46,53400.0,1900.0,5131100.0
507,2021-10-22 07:13:24,53400.0,700.0,5129200.0
508,2021-10-22 07:13:24,53300.0,300.0,5128500.0
509,2021-10-22 07:13:11,53100.0,6400.0,5128200.0
510,2021-10-22 07:13:06,53100.0,500.0,5121800.0
511,2021-10-22 07:12:32,53100.0,600.0,5121300.0
512,2021-10-22 07:11:52,53100.0,500.0,5120700.0
513,2021-10-22 07:11:37,53100.0,1400.0,5120200.0
514,2021-10-22 07:11:12,53100.0,500.0,5118800.0
515,2021-10-22 07:11:00,53100.0,3000.0,5118300.0
516,2021-10-22 07:10:53,53100.0,100.0,5115300.0
517,2021-10-22 07:10:48,53200.0,500.0,5115200.0
518,2021-10-22 07:10:48,53200.0,3000.0,5114700.0
519,2021-10-22 07:10:44,53300.0,200.0,5111700.0
520,2021-10-22 07:10:36,53200.0,300.0,5111500.0
521,2021-10-22 07:10:36,53200.0,1800.0,5111200.0
522,2021-10-22 07:10:33,53300.0,200.0,5109400.0
523,2021-10-22 07:10:33,53300.0,100.0,5109200.0
524,2021-10-22 07:10:28,53300.0,500.0,5109100.0
525,2021-10-22 07:09:42,53400.0,2200.0,5108600.0
526,2021-10-22 07:09:33,53200.0,1200.0,5106400.0
527,2021-10-22 07:09:27,53200.0,8800.0,5105200.0
528,2021-10-22 07:09:24,53500.0,3200.0,5096400.0
529,2021-10-22 07:09:24,53500.0,200.0,5093200.0
530,2021-10-22 07:09:24,53500.0,200.0,5093000.0
531,2021-10-22 07:09:24,53500.0,100.0,5092800.0
532,2021-10-22 07:09:20,53200.0,100.0,5092700.0
533,2021-10-22 07:09:16,53200.0,100.0,5092600.0
534,2021-10-22 07:09:15,53500.0,400.0,5092500.0
535,2021-10-22 07:09:15,53400.0,100.0,5092100.0
536,2021-10-22 07:08:24,53000.0,400.0,5092000.0
537,2021-10-22 07:08:24,53100.0,700.0,5091600.0
538,2021-10-22 07:08:24,53100.0,1000.0,5090900.0
539,2021-10-22 07:08:24,53100.0,100.0,5089900.0
540,2021-10-22 07:08:24,53200.0,2000.0,5089800.0
541,2021-10-22 07:08:24,53200.0,800.0,5087800.0
542,2021-10-22 07:08:17,53200.0,500.0,5087000.0
543,2021-10-22 07:08:17,53200.0,1900.0,5086500.0
544,2021-10-22 07:08:00,53200.0,1000.0,5084600.0
545,2021-10-22 07:08:00,53200.0,1000.0,5083600.0
546,2021-10-22 07:07:52,53200.0,400.0,5082600.0
547,2021-10-22 07:07:41,53200.0,1000.0,5082200.0
548,2021-10-22 07:07:40,53200.0,2000.0,5081200.0
549,2021-10-22 07:07:40,53200.0,100.0,5079200.0
550,2021-10-22 07:07:40,53200.0,100.0,5079100.0
551,2021-10-22 07:07:34,53200.0,600.0,5079000.0
552,2021-10-22 07:07:28,53200.0,200.0,5078400.0
553,2021-10-22 07:07:27,53200.0,100.0,5078200.0
554,2021-10-22 07:07:27,53200.0,5000.0,5078100.0
555,2021-10-22 07:07:27,53300.0,100.0,5073100.0
556,2021-10-22 07:07:27,53300.0,200.0,5073000.0
557,2021-10-22 07:07:27,53300.0,200.0,5072800.0
558,2021-10-22 07:07:27,53400.0,1000.0,5072600.0
559,2021-10-22 07:07:27,53400.0,100.0,5071600.0
560,2021-10-22 07:07:22,53400.0,300.0,5071500.0
561,2021-10-22 07:07:22,53400.0,100.0,5071200.0
562,2021-10-22 07:07:22,53400.0,2000.0,5071100.0
563,2021-10-22 07:07:22,53500.0,600.0,5069100.0
564,2021-10-22 07:07:20,53500.0,500.0,5068500.0
565,2021-10-22 07:07:20,53500.0,100.0,5068000.0
566,2021-10-22 07:07:20,53500.0,100.0,5067900.0
567,2021-10-22 07:07:20,53500.0,700.0,5067800.0
568,2021-10-22 07:07:18,53400.0,1000.0,5067100.0
569,2021-10-22 07:07:00,53400.0,1000.0,5066100.0
570,2021-10-22 07:06:46,53400.0,300.0,5065100.0
571,2021-10-22 07:06:32,53400.0,100.0,5064800.0
572,2021-10-22 07:06:06,53400.0,100.0,5064700.0
573,2021-10-22 07:05:58,53400.0,500.0,5064600.0
574,2021-10-22 07:05:51,53500.0,300.0,5064100.0
575,2021-10-22 07:05:17,53500.0,200.0,5063800.0
576,2021-10-22 07:05:17,53500.0,500.0,5063600.0
577,2021-10-22 07:05:17,53500.0,100.0,5063100.0
578,2021-10-22 07:04:46,53500.0,900.0,5063000.0
579,2021-10-22 07:04:46,53500.0,1000.0,5062100.0
580,2021-10-22 07:04:46,53500.0,100.0,5061100.0
581,2021-10-22 07:04:41,53300.0,100.0,5061000.0
582,2021-10-22 07:04:27,53300.0,1700.0,5060900.0
583,2021-10-22 07:04:26,53300.0,100.0,5059200.0
584,2021-10-22 07:04:22,53300.0,100.0,5059100.0
585,2021-10-22 07:04:22,53100.0,200.0,5059000.0
586,2021-10-22 07:04:16,53300.0,600.0,5058800.0
587,2021-10-22 07:04:09,53300.0,500.0,5058200.0
588,2021-10-22 07:03:46,53100.0,100.0,5057700.0
589,2021-10-22 07:03:42,53100.0,400.0,5057600.0
590,2021-10-22 07:03:40,53100.0,500.0,5057200.0
591,2021-10-22 07:03:21,53000.0,2000.0,5056700.0
592,2021-10-22 07:03:18,53000.0,500.0,5054700.0
593,2021-10-22 07:03:12,53000.0,900.0,5054200.0
594,2021-10-22 07:03:12,53000.0,1300.0,5053300.0
595,2021-10-22 07:03:12,52900.0,100.0,5052000.0
596,2021-10-22 07:03:11,53000.0,600.0,5051900.0
597,2021-10-22 07:03:10,53000.0,200.0,5051300.0
598,2021-10-22 07:03:07,53000.0,5000.0,5051100.0
599,2021-10-22 07:03:01,53000.0,400.0,5046100.0
600,2021-10-22 07:03:01,53000.0,800.0,5045700.0
601,2021-10-22 07:03:01,53000.0,300.0,5044900.0
602,2021-10-22 07:03:01,53000.0,900.0,5044600.0
603,2021-10-22 07:03:01,53000.0,1000.0,5043700.0
604,2021-10-22 07:03:01,53000.0,200.0,5042700.0
605,2021-10-22 07:03:01,53000.0,2400.0,5042500.0
606,2021-10-22 07:03:01,53000.0,6900.0,5040100.0
607,2021-10-22 07:02:55,53000.0,800.0,5033200.0
608,2021-10-22 07:02:54,53100.0,100.0,5032400.0
609,2021-10-22 07:02:54,53100.0,400.0,5032300.0
610,2021-10-22 07:02:48,53100.0,400.0,5031900.0
611,2021-10-22 07:02:47,53100.0,2000.0,5031500.0
612,2021-10-22 07:02:41,53100.0,1000.0,5029500.0
613,2021-10-22 07:02:39,53000.0,5300.0,5028500.0
614,2021-10-22 07:02:39,53000.0,2000.0,5023200.0
615,2021-10-22 07:02:39,53000.0,100.0,5021200.0
616,2021-10-22 07:02:39,53000.0,1000.0,5021100.0
617,2021-10-22 07:02:39,53000.0,1400.0,5020100.0
618,2021-10-22 07:02:39,53000.0,200.0,5018700.0
619,2021-10-22 07:02:36,53100.0,300.0,5018500.0
620,2021-10-22 07:02:36,53100.0,2000.0,5018200.0
621,2021-10-22 07:02:36,53100.0,300.0,5016200.0
622,2021-10-22 07:02:27,53100.0,500.0,5015900.0
623,2021-10-22 07:02:19,53100.0,900.0,5015400.0
624,2021-10-22 07:02:19,53100.0,1000.0,5014500.0
625,2021-10-22 07:02:19,53100.0,100.0,5013500.0
626,2021-10-22 07:02:10,53100.0,100.0,5013400.0
627,2021-10-22 07:02:10,53200.0,200.0,5013300.0
628,2021-10-22 07:02:10,53200.0,700.0,5013100.0
629,2021-10-22 07:02:10,53200.0,400.0,5012400.0
630,2021-10-22 07:02:10,53300.0,600.0,5012000.0
631,2021-10-22 07:02:06,53400.0,300.0,5011400.0
632,2021-10-22 07:02:06,53400.0,800.0,5011100.0
633,2021-10-22 07:02:06,53400.0,7700.0,5010300.0
634,2021-10-22 07:02:06,53400.0,300.0,5002600.0
635,2021-10-22 07:01:59,53400.0,200.0,5002300.0
636,2021-10-22 07:01:49,53400.0,1000.0,5002100.0
637,2021-10-22 07:01:37,53400.0,200.0,5001100.0
638,2021-10-22 07:01:37,53400.0,200.0,5000900.0
639,2021-10-22 07:01:30,53400.0,2600.0,5000700.0
640,2021-10-22 07:01:27,53400.0,200.0,4998100.0
641,2021-10-22 07:01:27,53500.0,100.0,4997900.0
642,2021-10-22 07:01:24,53700.0,3000.0,4997800.0
643,2021-10-22 07:01:21,53500.0,500.0,4994800.0
644,2021-10-22 07:01:21,53500.0,2200.0,4994300.0
645,2021-10-22 07:01:21,53500.0,100.0,4992100.0
646,2021-10-22 07:01:21,53500.0,100.0,4992000.0
647,2021-10-22 07:01:21,53500.0,400.0,4991900.0
648,2021-10-22 07:01:18,53500.0,200.0,4991500.0
649,2021-10-22 07:01:11,53500.0,300.0,4991300.0
650,2021-10-22 07:01:11,53500.0,200.0,4991000.0
651,2021-10-22 07:00:55,53500.0,800.0,4990800.0
652,2021-10-22 07:00:55,53500.0,500.0,4990000.0
653,2021-10-22 07:00:55,53500.0,17000.0,4989500.0
654,2021-10-22 07:00:55,53600.0,300.0,4972500.0
655,2021-10-22 07:00:55,53600.0,300.0,4972200.0
656,2021-10-22 07:00:55,53600.0,2000.0,4971900.0
657,2021-10-22 07:00:55,53600.0,5000.0,4969900.0
658,2021-10-22 07:00:55,53600.0,4100.0,4964900.0
659,2021-10-22 07:00:39,53700.0,6000.0,4960800.0
660,2021-10-22 07:00:39,53700.0,300.0,4954800.0
661,2021-10-22 07:00:39,53700.0,1300.0,4954500.0
662,2021-10-22 07:00:39,53700.0,100.0,4953200.0
663,2021-10-22 07:00:36,53700.0,100.0,4953100.0
664,2021-10-22 07:00:35,53700.0,100.0,4953000.0
665,2021-10-22 07:00:18,53700.0,100.0,4952900.0
666,2021-10-22 07:00:17,53700.0,100.0,4952800.0
667,2021-10-22 07:00:17,53700.0,400.0,4952700.0
668,2021-10-22 07:00:10,53700.0,100.0,4952300.0
669,2021-10-22 06:59:52,53700.0,9500.0,4952200.0
670,2021-10-22 06:59:52,53700.0,5000.0,4942700.0
671,2021-10-22 06:59:52,53700.0,500.0,4937700.0
672,2021-10-22 06:59:41,53900.0,100.0,4937200.0
673,2021-10-22 06:59:20,53900.0,200.0,4937100.0
674,2021-10-22 06:59:20,53900.0,1700.0,4936900.0
675,2021-10-22 06:59:10,53800.0,500.0,4935200.0
676,2021-10-22 06:59:10,53800.0,700.0,4934700.0
677,2021-10-22 06:59:10,53800.0,4000.0,4934000.0
678,2021-10-22 06:59:10,53800.0,100.0,4930000.0
679,2021-10-22 06:59:10,53800.0,11700.0,4929900.0
680,2021-10-22 06:59:07,53900.0,4000.0,4918200.0
681,2021-10-22 06:58:58,53800.0,1300.0,4914200.0
682,2021-10-22 06:58:48,53900.0,1000.0,4912900.0
683,2021-10-22 06:58:38,53800.0,2000.0,4911900.0
684,2021-10-22 06:58:21,53900.0,400.0,4909900.0
685,2021-10-22 06:58:18,53900.0,1000.0,4909500.0
686,2021-10-22 06:58:03,53900.0,1000.0,4908500.0
687,2021-10-22 06:57:53,53900.0,100.0,4907500.0
688,2021-10-22 06:57:50,53800.0,500.0,4907400.0
689,2021-10-22 06:57:49,53800.0,14500.0,4906900.0
690,2021-10-22 06:57:49,53800.0,1000.0,4892400.0
691,2021-10-22 06:57:49,53800.0,100.0,4891400.0
692,2021-10-22 06:57:49,53800.0,1400.0,4891300.0
693,2021-10-22 06:57:45,53800.0,200.0,4889900.0
694,2021-10-22 06:57:24,53900.0,100.0,4889700.0
695,2021-10-22 06:57:24,53900.0,100.0,4889600.0
696,2021-10-22 06:57:24,53900.0,1000.0,4889500.0
697,2021-10-22 06:57:24,53900.0,3000.0,4888500.0
698,2021-10-22 06:57:24,53900.0,300.0,4885500.0
699,2021-10-22 06:57:24,53900.0,5600.0,4885200.0
700,2021-10-22 06:57:19,53900.0,100.0,4879600.0
701,2021-10-22 06:57:10,53900.0,100.0,4879500.0
702,2021-10-22 06:57:09,53900.0,100.0,4879400.0
703,2021-10-22 06:56:45,53900.0,1000.0,4879300.0
704,2021-10-22 06:56:45,53900.0,100.0,4878300.0
705,2021-10-22 06:56:39,53900.0,100.0,4878200.0
706,2021-10-22 06:56:33,53900.0,300.0,4878100.0
707,2021-10-22 06:56:33,53900.0,500.0,4877800.0
708,2021-10-22 06:56:33,53900.0,1000.0,4877300.0
709,2021-10-22 06:56:33,53900.0,700.0,4876300.0
710,2021-10-22 06:56:33,53900.0,500.0,4875600.0
711,2021-10-22 06:56:32,53900.0,1000.0,4875100.0
712,2021-10-22 06:56:31,53900.0,200.0,4874100.0
713,2021-10-22 06:56:24,53900.0,100.0,4873900.0
714,2021-10-22 06:56:23,53900.0,5000.0,4873800.0
715,2021-10-22 06:56:20,53900.0,200.0,4868800.0
716,2021-10-22 06:56:17,53900.0,200.0,4868600.0
717,2021-10-22 06:56:14,53900.0,400.0,4868400.0
718,2021-10-22 06:55:58,53900.0,500.0,4868000.0
719,2021-10-22 06:55:54,54000.0,1600.0,4867500.0
720,2021-10-22 06:55:49,54000.0,100.0,4865900.0
721,2021-10-22 06:55:44,53900.0,8000.0,4865800.0
722,2021-10-22 06:55:38,53900.0,300.0,4857800.0
723,2021-10-22 06:55:38,53900.0,200.0,4857500.0
724,2021-10-22 06:55:37,53900.0,300.0,4857300.0
725,2021-10-22 06:55:37,53900.0,200.0,4857000.0
726,2021-10-22 06:55:33,54000.0,1000.0,4856800.0
727,2021-10-22 06:55:30,53800.0,8400.0,4855800.0
728,2021-10-22 06:55:30,53800.0,1100.0,4847400.0
729,2021-10-22 06:55:30,53800.0,10000.0,4846300.0
730,2021-10-22 06:55:30,53800.0,3000.0,4836300.0
731,2021-10-22 06:55:30,53800.0,100.0,4833300.0
732,2021-10-22 06:55:30,53800.0,500.0,4833200.0
733,2021-10-22 06:55:30,53900.0,900.0,4832700.0
734,2021-10-22 06:55:20,54000.0,500.0,4831800.0
735,2021-10-22 06:55:17,53900.0,100.0,4831300.0
736,2021-10-22 06:55:17,53900.0,500.0,4831200.0
737,2021-10-22 06:55:13,53900.0,9500.0,4830700.0
738,2021-10-22 06:55:13,53900.0,500.0,4821200.0
739,2021-10-22 06:55:04,53900.0,100.0,4820700.0
740,2021-10-22 06:54:53,53900.0,100.0,4820600.0
741,2021-10-22 06:54:53,53900.0,100.0,4820500.0
742,2021-10-22 06:54:53,53900.0,1700.0,4820400.0
743,2021-10-22 06:54:53,53900.0,200.0,4818700.0
744,2021-10-22 06:54:53,53900.0,400.0,4818500.0
745,2021-10-22 06:54:53,53900.0,500.0,4818100.0
746,2021-10-22 06:54:53,53900.0,2000.0,4817600.0
747,2021-10-22 06:54:53,53900.0,2000.0,4815600.0
748,2021-10-22 06:54:53,53900.0,300.0,4813600.0
749,2021-10-22 06:54:53,53900.0,2100.0,4813300.0
750,2021-10-22 06:54:48,53800.0,500.0,4811200.0
751,2021-10-22 06:54:48,53800.0,1500.0,4810700.0
752,2021-10-22 06:54:37,53800.0,100.0,4809200.0
753,2021-10-22 06:54:23,53800.0,500.0,4809100.0
754,2021-10-22 06:54:17,53800.0,200.0,4808600.0
755,2021-10-22 06:54:13,53800.0,700.0,4808400.0
756,2021-10-22 06:54:13,53800.0,300.0,4807700.0
757,2021-10-22 06:54:08,53800.0,1500.0,4807400.0
758,2021-10-22 06:54:00,53800.0,200.0,4805900.0
759,2021-10-22 06:53:58,53800.0,100.0,4805700.0
760,2021-10-22 06:53:58,53800.0,100.0,4805600.0
761,2021-10-22 06:53:58,53800.0,800.0,4805500.0
762,2021-10-22 06:53:47,53800.0,200.0,4804700.0
763,2021-10-22 06:53:42,53700.0,100.0,4804500.0
764,2021-10-22 06:53:35,53800.0,100.0,4804400.0
765,2021-10-22 06:53:33,53800.0,1000.0,4804300.0
766,2021-10-22 06:53:31,53800.0,100.0,4803300.0
767,2021-10-22 06:53:31,53800.0,1000.0,4803200.0
768,2021-10-22 06:53:31,53800.0,500.0,4802200.0
769,2021-10-22 06:53:31,53800.0,1300.0,4801700.0
770,2021-10-22 06:53:18,53900.0,7900.0,4800400.0
771,2021-10-22 06:53:18,53900.0,1000.0,4792500.0
772,2021-10-22 06:53:13,53900.0,2000.0,4791500.0
773,2021-10-22 06:53:02,53900.0,1100.0,4789500.0
774,2021-10-22 06:53:02,53900.0,5000.0,4788400.0
775,2021-10-22 06:53:02,53900.0,200.0,4783400.0
776,2021-10-22 06:53:02,53900.0,500.0,4783200.0
777,2021-10-22 06:53:02,53900.0,500.0,4782700.0
778,2021-10-22 06:53:02,53900.0,400.0,4782200.0
779,2021-10-22 06:53:02,53900.0,300.0,4781800.0
780,2021-10-22 06:53:02,53900.0,500.0,4781500.0
781,2021-10-22 06:53:02,53900.0,600.0,4781000.0
782,2021-10-22 06:52:55,53900.0,400.0,4780400.0
783,2021-10-22 06:52:55,53900.0,100.0,4780000.0
784,2021-10-22 06:52:55,53900.0,300.0,4779900.0
785,2021-10-22 06:52:55,53900.0,500.0,4779600.0
786,2021-10-22 06:52:55,53900.0,1000.0,4779100.0
787,2021-10-22 06:52:48,53900.0,300.0,4778100.0
788,2021-10-22 06:52:47,53800.0,100.0,4777800.0
789,2021-10-22 06:52:45,53900.0,200.0,4777700.0
790,2021-10-22 06:52:34,53900.0,300.0,4777500.0
791,2021-10-22 06:52:30,53900.0,500.0,4777200.0
792,2021-10-22 06:52:26,53800.0,5000.0,4776700.0
793,2021-10-22 06:52:23,53800.0,400.0,4771700.0
794,2021-10-22 06:52:16,53800.0,200.0,4771300.0
795,2021-10-22 06:52:16,53900.0,300.0,4771100.0
796,2021-10-22 06:52:10,54000.0,600.0,4770800.0
797,2021-10-22 06:52:10,54000.0,2700.0,4770200.0
798,2021-10-22 06:52:10,54000.0,1000.0,4767500.0
799,2021-10-22 06:52:10,54000.0,200.0,4766500.0
800,2021-10-22 06:52:10,54000.0,100.0,4766300.0
801,2021-10-22 06:52:10,54000.0,1000.0,4766200.0
802,2021-10-22 06:52:10,54000.0,300.0,4765200.0
803,2021-10-22 06:52:10,54000.0,1000.0,4764900.0
804,2021-10-22 06:52:10,54000.0,10800.0,4763900.0
805,2021-10-22 06:52:10,54000.0,200.0,4753100.0
806,2021-10-22 06:52:07,54000.0,3000.0,4752900.0
807,2021-10-22 06:52:07,54000.0,500.0,4749900.0
808,2021-10-22 06:52:04,54000.0,500.0,4749400.0
809,2021-10-22 06:52:01,54000.0,1000.0,4748900.0
810,2021-10-22 06:52:00,54000.0,500.0,4747900.0
811,2021-10-22 06:51:58,54000.0,300.0,4747400.0
812,2021-10-22 06:51:57,54000.0,44000.0,4747100.0
813,2021-10-22 06:51:54,54000.0,200.0,4703100.0
814,2021-10-22 06:51:53,54000.0,2000.0,4702900.0
815,2021-10-22 06:51:46,54000.0,2000.0,4700900.0
816,2021-10-22 06:51:44,54000.0,100.0,4698900.0
817,2021-10-22 06:51:40,54100.0,100.0,4698800.0
818,2021-10-22 06:51:39,54000.0,1000.0,4698700.0
819,2021-10-22 06:51:32,54100.0,300.0,4697700.0
820,2021-10-22 06:51:32,54100.0,700.0,4697400.0
821,2021-10-22 06:51:28,54100.0,400.0,4696700.0
822,2021-10-22 06:51:27,54100.0,1000.0,4696300.0
823,2021-10-22 06:51:26,54100.0,1000.0,4695300.0
824,2021-10-22 06:51:25,54100.0,500.0,4694300.0
825,2021-10-22 06:51:21,54100.0,900.0,4693800.0
826,2021-10-22 06:51:21,54100.0,4100.0,4692900.0
827,2021-10-22 06:51:20,54100.0,800.0,4688800.0
828,2021-10-22 06:51:10,54100.0,5100.0,4688000.0
829,2021-10-22 06:51:09,54100.0,6900.0,4682900.0
830,2021-10-22 06:51:08,54100.0,600.0,4676000.0
831,2021-10-22 06:51:08,54100.0,500.0,4675400.0
832,2021-10-22 06:51:04,54100.0,500.0,4674900.0
833,2021-10-22 06:51:04,54100.0,200.0,4674400.0
834,2021-10-22 06:51:04,54100.0,1000.0,4674200.0
835,2021-10-22 06:51:04,54100.0,300.0,4673200.0
836,2021-10-22 06:51:01,54000.0,1000.0,4672900.0
837,2021-10-22 06:51:01,54100.0,11700.0,4671900.0
838,2021-10-22 06:51:01,54100.0,100.0,4660200.0
839,2021-10-22 06:51:01,54100.0,100.0,4660100.0
840,2021-10-22 06:51:01,54100.0,100.0,4660000.0
841,2021-10-22 06:51:01,54100.0,10600.0,4659900.0
842,2021-10-22 06:51:00,54100.0,300.0,4649300.0
843,2021-10-22 06:50:58,54000.0,1000.0,4649000.0
844,2021-10-22 06:50:51,54000.0,200.0,4648000.0
845,2021-10-22 06:50:47,54100.0,4100.0,4647800.0
846,2021-10-22 06:50:47,54100.0,900.0,4643700.0
847,2021-10-22 06:50:35,54000.0,400.0,4642800.0
848,2021-10-22 06:50:29,54100.0,100.0,4642400.0
849,2021-10-22 06:50:29,54100.0,3000.0,4642300.0
850,2021-10-22 06:50:29,54100.0,1900.0,4639300.0
851,2021-10-22 06:50:29,54100.0,100.0,4637400.0
852,2021-10-22 06:50:25,54100.0,1000.0,4637300.0
853,2021-10-22 06:50:25,54100.0,1000.0,4636300.0
854,2021-10-22 06:50:19,54100.0,2000.0,4635300.0
855,2021-10-22 06:50:19,54100.0,3000.0,4633300.0
856,2021-10-22 06:50:18,54000.0,500.0,4630300.0
857,2021-10-22 06:50:17,54000.0,500.0,4629800.0
858,2021-10-22 06:50:14,54100.0,1500.0,4629300.0
859,2021-10-22 06:50:14,54100.0,200.0,4627800.0
860,2021-10-22 06:50:07,54100.0,700.0,4627600.0
861,2021-10-22 06:50:07,54100.0,1000.0,4626900.0
862,2021-10-22 06:50:07,54100.0,100.0,4625900.0
863,2021-10-22 06:50:07,54100.0,100.0,4625800.0
864,2021-10-22 06:50:07,54100.0,100.0,4625700.0
865,2021-10-22 06:50:01,54000.0,300.0,4625600.0
866,2021-10-22 06:49:58,54000.0,1500.0,4625300.0
867,2021-10-22 06:49:58,54000.0,100.0,4623800.0
868,2021-10-22 06:49:39,54000.0,100.0,4623700.0
869,2021-10-22 06:49:38,54000.0,100.0,4623600.0
870,2021-10-22 06:49:38,54000.0,100.0,4623500.0
871,2021-10-22 06:49:38,54000.0,400.0,4623400.0
872,2021-10-22 06:49:38,54000.0,200.0,4623000.0
873,2021-10-22 06:49:38,54000.0,1800.0,4622800.0
874,2021-10-22 06:49:38,54000.0,100.0,4621000.0
875,2021-10-22 06:49:38,54000.0,3000.0,4620900.0
876,2021-10-22 06:49:38,54000.0,2200.0,4617900.0
877,2021-10-22 06:49:38,54000.0,1000.0,4615700.0
878,2021-10-22 06:49:38,54000.0,500.0,4614700.0
879,2021-10-22 06:49:38,54000.0,100.0,4614200.0
880,2021-10-22 06:49:38,54000.0,500.0,4614100.0
881,2021-10-22 06:49:38,54000.0,100.0,4613600.0
882,2021-10-22 06:49:38,54000.0,1000.0,4613500.0
883,2021-10-22 06:49:38,54000.0,100.0,4612500.0
884,2021-10-22 06:49:38,54000.0,1000.0,4612400.0
885,2021-10-22 06:49:38,54000.0,2000.0,4611400.0
886,2021-10-22 06:49:38,54000.0,500.0,4609400.0
887,2021-10-22 06:49:38,54000.0,2000.0,4608900.0
888,2021-10-22 06:49:38,54000.0,5000.0,4606900.0
889,2021-10-22 06:49:38,54000.0,1000.0,4601900.0
890,2021-10-22 06:49:38,54000.0,1000.0,4600900.0
891,2021-10-22 06:49:38,54000.0,500.0,4599900.0
892,2021-10-22 06:49:38,54000.0,500.0,4599400.0
893,2021-10-22 06:49:38,54000.0,1000.0,4598900.0
894,2021-10-22 06:49:38,54000.0,100.0,4597900.0
895,2021-10-22 06:49:38,54000.0,2100.0,4597800.0
896,2021-10-22 06:49:38,54000.0,300.0,4595700.0
897,2021-10-22 06:49:38,54000.0,500.0,4595400.0
898,2021-10-22 06:49:38,54000.0,1000.0,4594900.0
899,2021-10-22 06:49:38,54000.0,200.0,4593900.0
900,2021-10-22 06:49:38,54000.0,200.0,4593700.0
901,2021-10-22 06:49:38,54000.0,100.0,4593500.0
902,2021-10-22 06:49:38,54000.0,300.0,4593400.0
903,2021-10-22 06:49:38,54000.0,200.0,4593100.0
904,2021-10-22 06:49:38,54000.0,2000.0,4592900.0
905,2021-10-22 06:49:38,54000.0,100.0,4590900.0
906,2021-10-22 06:49:38,54000.0,10000.0,4590800.0
907,2021-10-22 06:49:38,54000.0,300.0,4580800.0
908,2021-10-22 06:49:38,54000.0,1000.0,4580500.0
909,2021-10-22 06:49:38,54000.0,100.0,4579500.0
910,2021-10-22 06:49:38,54000.0,1300.0,4579400.0
911,2021-10-22 06:49:38,54000.0,100.0,4578100.0
912,2021-10-22 06:49:38,54000.0,1000.0,4578000.0
913,2021-10-22 06:49:38,54000.0,500.0,4577000.0
914,2021-10-22 06:49:38,54000.0,200.0,4576500.0
915,2021-10-22 06:49:38,54000.0,100.0,4576300.0
916,2021-10-22 06:49:38,54000.0,3000.0,4576200.0
917,2021-10-22 06:49:38,54000.0,400.0,4573200.0
918,2021-10-22 06:49:38,54000.0,300.0,4572800.0
919,2021-10-22 06:49:38,54000.0,100.0,4572500.0
920,2021-10-22 06:49:38,54000.0,800.0,4572400.0
921,2021-10-22 06:49:38,54000.0,100.0,4571600.0
922,2021-10-22 06:49:38,54000.0,1000.0,4571500.0
923,2021-10-22 06:49:38,54000.0,200.0,4570500.0
924,2021-10-22 06:49:38,54000.0,100.0,4570300.0
925,2021-10-22 06:49:38,54000.0,1000.0,4570200.0
926,2021-10-22 06:49:38,53900.0,1900.0,4569200.0
927,2021-10-22 06:49:33,53900.0,1100.0,4567300.0
928,2021-10-22 06:49:33,53900.0,1000.0,4566200.0
929,2021-10-22 06:49:33,53900.0,200.0,4565200.0
930,2021-10-22 06:49:33,53900.0,5000.0,4565000.0
931,2021-10-22 06:49:33,53900.0,300.0,4560000.0
932,2021-10-22 06:49:33,53900.0,1000.0,4559700.0
933,2021-10-22 06:49:33,53900.0,5000.0,4558700.0
934,2021-10-22 06:49:33,53900.0,100.0,4553700.0
935,2021-10-22 06:49:33,53900.0,20000.0,4553600.0
936,2021-10-22 06:49:33,53900.0,100.0,4533600.0
937,2021-10-22 06:49:33,53900.0,2000.0,4533500.0
938,2021-10-22 06:49:33,53900.0,100.0,4531500.0
939,2021-10-22 06:49:33,53900.0,1000.0,4531400.0
940,2021-10-22 06:49:33,53800.0,1000.0,4530400.0
941,2021-10-22 06:49:33,53800.0,400.0,4529400.0
942,2021-10-22 06:49:33,53800.0,500.0,4529000.0
943,2021-10-22 06:49:33,53800.0,1000.0,4528500.0
944,2021-10-22 06:49:33,53800.0,100.0,4527500.0
945,2021-10-22 06:49:33,53700.0,100.0,4527400.0
946,2021-10-22 06:49:32,53700.0,500.0,4527300.0
947,2021-10-22 06:49:18,53600.0,500.0,4526800.0
948,2021-10-22 06:49:18,53600.0,400.0,4526300.0
949,2021-10-22 06:49:17,53600.0,2000.0,4525900.0
950,2021-10-22 06:49:15,53600.0,700.0,4523900.0
951,2021-10-22 06:49:15,53600.0,100.0,4523200.0
952,2021-10-22 06:49:15,53600.0,100.0,4523100.0
953,2021-10-22 06:49:15,53600.0,100.0,4523000.0
954,2021-10-22 06:49:13,53600.0,400.0,4522900.0
955,2021-10-22 06:49:13,53600.0,5400.0,4522500.0
956,2021-10-22 06:49:09,53500.0,500.0,4517100.0
957,2021-10-22 06:49:07,53600.0,300.0,4516600.0
958,2021-10-22 06:48:57,53600.0,1400.0,4516300.0
959,2021-10-22 06:48:53,53600.0,2000.0,4514900.0
960,2021-10-22 06:48:49,53600.0,900.0,4512900.0
961,2021-10-22 06:48:49,53600.0,100.0,4512000.0
962,2021-10-22 06:48:46,53500.0,1000.0,4511900.0
963,2021-10-22 06:48:46,53500.0,500.0,4510900.0
964,2021-10-22 06:48:46,53500.0,100.0,4510400.0
965,2021-10-22 06:48:46,53500.0,500.0,4510300.0
966,2021-10-22 06:48:46,53500.0,100.0,4509800.0
967,2021-10-22 06:48:46,53500.0,1000.0,4509700.0
968,2021-10-22 06:48:46,53500.0,500.0,4508700.0
969,2021-10-22 06:48:46,53500.0,100.0,4508200.0
970,2021-10-22 06:48:46,53500.0,100.0,4508100.0
971,2021-10-22 06:48:46,53500.0,1800.0,4508000.0
972,2021-10-22 06:48:46,53500.0,100.0,4506200.0
973,2021-10-22 06:48:46,53500.0,4000.0,4506100.0
974,2021-10-22 06:48:46,53500.0,1000.0,4502100.0
975,2021-10-22 06:48:46,53500.0,500.0,4501100.0
976,2021-10-22 06:48:46,53500.0,100.0,4500600.0
977,2021-10-22 06:48:46,53500.0,100.0,4500500.0
978,2021-10-22 06:48:46,53500.0,2000.0,4500400.0
979,2021-10-22 06:48:46,53500.0,500.0,4498400.0
980,2021-10-22 06:48:46,53500.0,500.0,4497900.0
981,2021-10-22 06:48:46,53500.0,1500.0,4497400.0
982,2021-10-22 06:48:46,53500.0,100.0,4495900.0
983,2021-10-22 06:48:46,53500.0,5000.0,4495800.0
984,2021-10-22 06:48:46,53500.0,1000.0,4490800.0
985,2021-10-22 06:48:46,53500.0,100.0,4489800.0
986,2021-10-22 06:48:46,53500.0,1000.0,4489700.0
987,2021-10-22 06:48:46,53500.0,100.0,4488700.0
988,2021-10-22 06:48:46,53500.0,1500.0,4488600.0
989,2021-10-22 06:48:46,53500.0,1000.0,4487100.0
990,2021-10-22 06:48:46,53500.0,300.0,4486100.0
991,2021-10-22 06:48:46,53500.0,500.0,4485800.0
992,2021-10-22 06:48:46,53500.0,1000.0,4485300.0
993,2021-10-22 06:48:46,53500.0,200.0,4484300.0
994,2021-10-22 06:48:46,53500.0,100.0,4484100.0
995,2021-10-22 06:48:46,53500.0,100.0,4484000.0
996,2021-10-22 06:48:46,53500.0,100.0,4483900.0
997,2021-10-22 06:48:46,53500.0,100.0,4483800.0
998,2021-10-22 06:48:46,53500.0,500.0,4483700.0
999,2021-10-22 06:48:46,53500.0,3500.0,4483200.0
1000,2021-10-22 06:48:46,53500.0,100.0,4479700.0
1001,2021-10-22 06:48:46,53500.0,100.0,4479600.0
1002,2021-10-22 06:48:46,53500.0,100.0,4479500.0
1003,2021-10-22 06:48:44,53500.0,900.0,4479400.0
1004,2021-10-22 06:48:44,53500.0,1100.0,4478500.0
1005,2021-10-22 06:48:43,53400.0,800.0,4477400.0
1006,2021-10-22 06:48:43,53400.0,500.0,4476600.0
1007,2021-10-22 06:48:43,53400.0,3700.0,4476100.0
1008,2021-10-22 06:48:37,53500.0,100.0,4472400.0
1009,2021-10-22 06:48:21,53400.0,1000.0,4472300.0
1010,2021-10-22 06:48:21,53400.0,5300.0,4471300.0
1011,2021-10-22 06:48:21,53400.0,4700.0,4466000.0
1012,2021-10-22 06:48:21,53400.0,300.0,4461300.0
1013,2021-10-22 06:48:18,53400.0,200.0,4461000.0
1014,2021-10-22 06:48:07,53400.0,4500.0,4460800.0
1015,2021-10-22 06:47:55,53500.0,1800.0,4456300.0
1016,2021-10-22 06:47:55,53500.0,100.0,4454500.0
1017,2021-10-22 06:47:55,53500.0,500.0,4454400.0
1018,2021-10-22 06:47:55,53500.0,100.0,4453900.0
1019,2021-10-22 06:47:55,53500.0,100.0,4453800.0
1020,2021-10-22 06:47:55,53500.0,100.0,4453700.0
1021,2021-10-22 06:47:55,53500.0,2000.0,4453600.0
1022,2021-10-22 06:47:55,53400.0,1000.0,4451600.0
1023,2021-10-22 06:47:55,53400.0,1000.0,4450600.0
1024,2021-10-22 06:47:55,53400.0,100.0,4449600.0
1025,2021-10-22 06:47:55,53400.0,1000.0,4449500.0
1026,2021-10-22 06:47:55,53400.0,2000.0,4448500.0
1027,2021-10-22 06:47:55,53300.0,3000.0,4446500.0
1028,2021-10-22 06:47:55,53300.0,100.0,4443500.0
1029,2021-10-22 06:47:55,53300.0,200.0,4443400.0
1030,2021-10-22 06:47:55,53300.0,2000.0,4443200.0
1031,2021-10-22 06:47:55,53300.0,2000.0,4441200.0
1032,2021-10-22 06:47:55,53300.0,200.0,4439200.0
1033,2021-10-22 06:47:55,53300.0,1000.0,4439000.0
1034,2021-10-22 06:47:55,53300.0,700.0,4438000.0
1035,2021-10-22 06:47:55,53200.0,1000.0,4437300.0
1036,2021-10-22 06:47:50,53300.0,800.0,4436300.0
1037,2021-10-22 06:47:50,53300.0,1000.0,4435500.0
1038,2021-10-22 06:47:50,53300.0,200.0,4434500.0
1039,2021-10-22 06:47:50,53300.0,1000.0,4434300.0
1040,2021-10-22 06:47:50,53300.0,100.0,4433300.0
1041,2021-10-22 06:47:50,53200.0,1200.0,4433200.0
1042,2021-10-22 06:47:50,53200.0,500.0,4432000.0
1043,2021-10-22 06:47:50,53200.0,100.0,4431500.0
1044,2021-10-22 06:47:50,53200.0,1000.0,4431400.0
1045,2021-10-22 06:47:50,53200.0,800.0,4430400.0
1046,2021-10-22 06:47:50,53200.0,500.0,4429600.0
1047,2021-10-22 06:47:50,53200.0,500.0,4429100.0
1048,2021-10-22 06:47:50,53200.0,100.0,4428600.0
1049,2021-10-22 06:47:50,53200.0,3000.0,4428500.0
1050,2021-10-22 06:47:50,53200.0,1800.0,4425500.0
1051,2021-10-22 06:47:50,53200.0,100.0,4423700.0
1052,2021-10-22 06:47:50,53200.0,500.0,4423600.0
1053,2021-10-22 06:47:50,53200.0,1000.0,4423100.0
1054,2021-10-22 06:47:50,53200.0,100.0,4422100.0
1055,2021-10-22 06:47:50,53200.0,1000.0,4422000.0
1056,2021-10-22 06:47:50,53200.0,100.0,4421000.0
1057,2021-10-22 06:47:50,53200.0,200.0,4420900.0
1058,2021-10-22 06:47:50,53200.0,100.0,4420700.0
1059,2021-10-22 06:47:50,53200.0,4300.0,4420600.0
1060,2021-10-22 06:47:39,53100.0,200.0,4416300.0
1061,2021-10-22 06:47:26,53100.0,300.0,4416100.0
1062,2021-10-22 06:47:18,53200.0,300.0,4415800.0
1063,2021-10-22 06:47:17,53200.0,600.0,4415500.0
1064,2021-10-22 06:46:58,53200.0,800.0,4414900.0
1065,2021-10-22 06:46:58,53200.0,100.0,4414100.0
1066,2021-10-22 06:46:58,53200.0,100.0,4414000.0
1067,2021-10-22 06:46:48,53100.0,200.0,4413900.0
1068,2021-10-22 06:46:48,53100.0,200.0,4413700.0
1069,2021-10-22 06:46:40,53100.0,700.0,4413500.0
1070,2021-10-22 06:46:39,53100.0,1000.0,4412800.0
1071,2021-10-22 06:46:36,53000.0,100.0,4411800.0
1072,2021-10-22 06:46:34,53100.0,200.0,4411700.0
1073,2021-10-22 06:46:28,53100.0,100.0,4411500.0
1074,2021-10-22 06:46:24,53100.0,4900.0,4411400.0
1075,2021-10-22 06:46:23,53100.0,2900.0,4406500.0
1076,2021-10-22 06:46:23,53100.0,100.0,4403600.0
1077,2021-10-22 06:45:45,53100.0,300.0,4403500.0
1078,2021-10-22 06:45:44,53100.0,500.0,4403200.0
1079,2021-10-22 06:45:43,53100.0,1200.0,4402700.0
1080,2021-10-22 06:45:37,53000.0,2000.0,4401500.0
1081,2021-10-22 06:45:36,53100.0,38800.0,4399500.0
1082,2021-10-22 06:45:36,53100.0,2600.0,4360700.0
1083,2021-10-22 06:45:36,53100.0,400.0,4358100.0
1084,2021-10-22 06:45:36,53100.0,300.0,4357700.0
1085,2021-10-22 06:45:36,53100.0,5000.0,4357400.0
1086,2021-10-22 06:45:36,53100.0,100.0,4352400.0
1087,2021-10-22 06:45:36,53100.0,100.0,4352300.0
1088,2021-10-22 06:45:36,53100.0,200.0,4352200.0
1089,2021-10-22 06:45:36,53100.0,500.0,4352000.0
1090,2021-10-22 06:45:36,53100.0,100.0,4351500.0
1091,2021-10-22 06:45:36,53100.0,400.0,4351400.0
1092,2021-10-22 06:45:36,53100.0,100.0,4351000.0
1093,2021-10-22 06:45:36,53100.0,100.0,4350900.0
1094,2021-10-22 06:45:36,53100.0,1000.0,4350800.0
1095,2021-10-22 06:45:36,53100.0,300.0,4349800.0
1096,2021-10-22 06:45:24,53100.0,700.0,4349500.0
1097,2021-10-22 06:45:24,53100.0,1000.0,4348800.0
1098,2021-10-22 06:45:24,53100.0,200.0,4347800.0
1099,2021-10-22 06:45:24,53100.0,100.0,4347600.0
1100,2021-10-22 06:45:22,53000.0,200.0,4347500.0
1101,2021-10-22 06:45:22,53000.0,1000.0,4347300.0
1102,2021-10-22 06:45:22,53000.0,2900.0,4346300.0
1103,2021-10-22 06:45:21,53000.0,8500.0,4343400.0
1104,2021-10-22 06:45:19,53000.0,1000.0,4334900.0
1105,2021-10-22 06:45:17,53000.0,7600.0,4333900.0
1106,2021-10-22 06:45:14,53000.0,200.0,4326300.0
1107,2021-10-22 06:45:13,53000.0,300.0,4326100.0
1108,2021-10-22 06:45:08,53000.0,3700.0,4325800.0
1109,2021-10-22 06:45:08,53000.0,600.0,4322100.0
1110,2021-10-22 06:45:08,53000.0,100.0,4321500.0
1111,2021-10-22 06:45:08,53000.0,100.0,4321400.0
1112,2021-10-22 06:45:08,53000.0,100.0,4321300.0
1113,2021-10-22 06:45:08,53000.0,200.0,4321200.0
1114,2021-10-22 06:45:08,53000.0,200.0,4321000.0
1115,2021-10-22 06:45:08,53000.0,100.0,4320800.0
1116,2021-10-22 06:45:08,53000.0,200.0,4320700.0
1117,2021-10-22 06:45:08,53000.0,200.0,4320500.0
1118,2021-10-22 06:45:08,53000.0,200.0,4320300.0
1119,2021-10-22 06:45:08,53000.0,1000.0,4320100.0
1120,2021-10-22 06:45:08,53000.0,100.0,4319100.0
1121,2021-10-22 06:45:08,53000.0,100.0,4319000.0
1122,2021-10-22 06:45:08,53000.0,2000.0,4318900.0
1123,2021-10-22 06:45:08,53000.0,1100.0,4316900.0
1124,2021-10-22 06:45:03,53000.0,100.0,4315800.0
1125,2021-10-22 06:44:59,53000.0,2000.0,4315700.0
1126,2021-10-22 06:44:58,53000.0,800.0,4313700.0
1127,2021-10-22 06:44:58,53000.0,1000.0,4312900.0
1128,2021-10-22 06:44:58,53000.0,1000.0,4311900.0
1129,2021-10-22 06:44:58,53000.0,100.0,4310900.0
1130,2021-10-22 06:44:58,53000.0,1400.0,4310800.0
1131,2021-10-22 06:44:51,52900.0,2000.0,4309400.0
1132,2021-10-22 06:44:47,53000.0,10000.0,4307400.0
1133,2021-10-22 06:44:45,53000.0,28600.0,4297400.0
1134,2021-10-22 06:44:45,53000.0,100.0,4268800.0
1135,2021-10-22 06:44:45,53000.0,100.0,4268700.0
1136,2021-10-22 06:44:45,53000.0,100.0,4268600.0
1137,2021-10-22 06:44:45,53000.0,500.0,4268500.0
1138,2021-10-22 06:44:45,53000.0,500.0,4268000.0
1139,2021-10-22 06:44:45,53000.0,500.0,4267500.0
1140,2021-10-22 06:44:45,53000.0,500.0,4267000.0
1141,2021-10-22 06:44:45,53000.0,500.0,4266500.0
1142,2021-10-22 06:44:45,53000.0,500.0,4266000.0
1143,2021-10-22 06:44:45,53000.0,100.0,4265500.0
1144,2021-10-22 06:44:45,53000.0,1000.0,4265400.0
1145,2021-10-22 06:44:45,53000.0,100.0,4264400.0
1146,2021-10-22 06:44:45,53000.0,500.0,4264300.0
1147,2021-10-22 06:44:45,53000.0,300.0,4263800.0
1148,2021-10-22 06:44:45,53000.0,100.0,4263500.0
1149,2021-10-22 06:44:45,53000.0,100.0,4263400.0
1150,2021-10-22 06:44:45,53000.0,1000.0,4263300.0
1151,2021-10-22 06:44:45,53000.0,1000.0,4262300.0
1152,2021-10-22 06:44:45,53000.0,1800.0,4261300.0
1153,2021-10-22 06:44:45,53000.0,100.0,4259500.0
1154,2021-10-22 06:44:45,53000.0,100.0,4259400.0
1155,2021-10-22 06:44:45,53000.0,800.0,4259300.0
1156,2021-10-22 06:44:45,53000.0,500.0,4258500.0
1157,2021-10-22 06:44:45,53000.0,500.0,4258000.0
1158,2021-10-22 06:44:45,53000.0,500.0,4257500.0
1159,2021-10-22 06:44:45,53000.0,300.0,4257000.0
1160,2021-10-22 06:44:45,53000.0,1000.0,4256700.0
1161,2021-10-22 06:44:45,53000.0,200.0,4255700.0
1162,2021-10-22 06:44:45,53000.0,300.0,4255500.0
1163,2021-10-22 06:44:45,53000.0,1000.0,4255200.0
1164,2021-10-22 06:44:45,53000.0,100.0,4254200.0
1165,2021-10-22 06:44:45,53000.0,100.0,4254100.0
1166,2021-10-22 06:44:45,53000.0,20000.0,4254000.0
1167,2021-10-22 06:44:45,53000.0,500.0,4234000.0
1168,2021-10-22 06:44:45,53000.0,1800.0,4233500.0
1169,2021-10-22 06:44:45,53000.0,100.0,4231700.0
1170,2021-10-22 06:44:45,53000.0,500.0,4231600.0
1171,2021-10-22 06:44:45,53000.0,500.0,4231100.0
1172,2021-10-22 06:44:45,53000.0,1000.0,4230600.0
1173,2021-10-22 06:44:45,53000.0,5000.0,4229600.0
1174,2021-10-22 06:44:45,53000.0,100.0,4224600.0
1175,2021-10-22 06:44:45,53000.0,100.0,4224500.0
1176,2021-10-22 06:44:45,53000.0,1500.0,4224400.0
1177,2021-10-22 06:44:45,53000.0,500.0,4222900.0
1178,2021-10-22 06:44:45,53000.0,1500.0,4222400.0
1179,2021-10-22 06:44:45,53000.0,1000.0,4220900.0
1180,2021-10-22 06:44:45,53000.0,500.0,4219900.0
1181,2021-10-22 06:44:45,53000.0,500.0,4219400.0
1182,2021-10-22 06:44:45,53000.0,300.0,4218900.0
1183,2021-10-22 06:44:45,53000.0,600.0,4218600.0
1184,2021-10-22 06:44:45,53000.0,100.0,4218000.0
1185,2021-10-22 06:44:45,53000.0,300.0,4217900.0
1186,2021-10-22 06:44:45,53000.0,100.0,4217600.0
1187,2021-10-22 06:44:45,53000.0,6300.0,4217500.0
1188,2021-10-22 06:44:45,53000.0,200.0,4211200.0
1189,2021-10-22 06:44:45,53000.0,1500.0,4211000.0
1190,2021-10-22 06:44:45,53000.0,2500.0,4209500.0
1191,2021-10-22 06:44:45,53000.0,300.0,4207000.0
1192,2021-10-22 06:44:45,53000.0,3000.0,4206700.0
1193,2021-10-22 06:44:45,53000.0,100.0,4203700.0
1194,2021-10-22 06:44:45,53000.0,200.0,4203600.0
1195,2021-10-22 06:44:45,53000.0,10000.0,4203400.0
1196,2021-10-22 06:44:45,53000.0,700.0,4193400.0
1197,2021-10-22 06:44:45,53000.0,200.0,4192700.0
1198,2021-10-22 06:44:45,53000.0,100.0,4192500.0
1199,2021-10-22 06:44:45,53000.0,500.0,4192400.0
1200,2021-10-22 06:44:45,53000.0,100.0,4191900.0
1201,2021-10-22 06:44:45,53000.0,100.0,4191800.0
1202,2021-10-22 06:44:45,53000.0,5000.0,4191700.0
1203,2021-10-22 06:44:45,53000.0,100.0,4186700.0
1204,2021-10-22 06:44:45,53000.0,20000.0,4186600.0
1205,2021-10-22 06:44:45,53000.0,1500.0,4166600.0
1206,2021-10-22 06:44:45,53000.0,100.0,4165100.0
1207,2021-10-22 06:44:45,53000.0,200.0,4165000.0
1208,2021-10-22 06:44:45,53000.0,2000.0,4164800.0
1209,2021-10-22 06:44:45,53000.0,400.0,4162800.0
1210,2021-10-22 06:44:45,53000.0,100.0,4162400.0
1211,2021-10-22 06:44:45,53000.0,5000.0,4162300.0
1212,2021-10-22 06:44:45,53000.0,100.0,4157300.0
1213,2021-10-22 06:44:45,53000.0,300.0,4157200.0
1214,2021-10-22 06:44:45,53000.0,1000.0,4156900.0
1215,2021-10-22 06:44:45,53000.0,100.0,4155900.0
1216,2021-10-22 06:44:45,53000.0,200.0,4155800.0
1217,2021-10-22 06:44:45,53000.0,5000.0,4155600.0
1218,2021-10-22 06:44:45,53000.0,100.0,4150600.0
1219,2021-10-22 06:44:45,53000.0,100.0,4150500.0
1220,2021-10-22 06:44:45,53000.0,100.0,4150400.0
1221,2021-10-22 06:44:45,53000.0,100.0,4150300.0
1222,2021-10-22 06:44:45,53000.0,100.0,4150200.0
1223,2021-10-22 06:44:45,53000.0,1000.0,4150100.0
1224,2021-10-22 06:44:45,53000.0,100.0,4149100.0
1225,2021-10-22 06:44:45,53000.0,1000.0,4149000.0
1226,2021-10-22 06:44:45,53000.0,100.0,4148000.0
1227,2021-10-22 06:44:45,53000.0,500.0,4147900.0
1228,2021-10-22 06:44:45,52900.0,200.0,4147400.0
1229,2021-10-22 06:44:40,53000.0,1500.0,4147200.0
1230,2021-10-22 06:44:40,53000.0,400.0,4145700.0
1231,2021-10-22 06:44:40,53000.0,5000.0,4145300.0
1232,2021-10-22 06:44:40,53000.0,200.0,4140300.0
1233,2021-10-22 06:44:40,53000.0,2000.0,4140100.0
1234,2021-10-22 06:44:40,53000.0,500.0,4138100.0
1235,2021-10-22 06:44:40,53000.0,100.0,4137600.0
1236,2021-10-22 06:44:40,53000.0,200.0,4137500.0
1237,2021-10-22 06:44:40,53000.0,100.0,4137300.0
1238,2021-10-22 06:44:39,52900.0,200.0,4137200.0
1239,2021-10-22 06:44:34,52900.0,2500.0,4137000.0
1240,2021-10-22 06:44:17,52900.0,500.0,4134500.0
1241,2021-10-22 06:44:13,52900.0,1000.0,4134000.0
1242,2021-10-22 06:43:57,52900.0,400.0,4133000.0
1243,2021-10-22 06:43:57,53000.0,400.0,4132600.0
1244,2021-10-22 06:43:57,53000.0,100.0,4132200.0
1245,2021-10-22 06:43:57,53000.0,100.0,4132100.0
1246,2021-10-22 06:43:57,53000.0,100.0,4132000.0
1247,2021-10-22 06:43:57,53000.0,100.0,4131900.0
1248,2021-10-22 06:43:57,53000.0,2000.0,4131800.0
1249,2021-10-22 06:43:57,53000.0,100.0,4129800.0
1250,2021-10-22 06:43:57,53000.0,100.0,4129700.0
1251,2021-10-22 06:43:57,53000.0,400.0,4129600.0
1252,2021-10-22 06:43:48,52900.0,500.0,4129200.0
1253,2021-10-22 06:43:43,52900.0,1000.0,4128700.0
1254,2021-10-22 06:43:36,53000.0,100.0,4127700.0
1255,2021-10-22 06:43:36,53000.0,1000.0,4127600.0
1256,2021-10-22 06:43:36,53000.0,300.0,4126600.0
1257,2021-10-22 06:43:36,53000.0,100.0,4126300.0
1258,2021-10-22 06:43:30,53000.0,900.0,4126200.0
1259,2021-10-22 06:43:30,53000.0,600.0,4125300.0
1260,2021-10-22 06:43:30,53000.0,100.0,4124700.0
1261,2021-10-22 06:43:30,53000.0,200.0,4124600.0
1262,2021-10-22 06:43:30,53000.0,3000.0,4124400.0
1263,2021-10-22 06:43:30,53000.0,200.0,4121400.0
1264,2021-10-22 06:43:30,53000.0,500.0,4121200.0
1265,2021-10-22 06:43:30,53000.0,600.0,4120700.0
1266,2021-10-22 06:43:30,53000.0,100.0,4120100.0
1267,2021-10-22 06:43:30,53000.0,500.0,4120000.0
1268,2021-10-22 06:43:30,53000.0,500.0,4119500.0
1269,2021-10-22 06:43:30,53000.0,2800.0,4119000.0
1270,2021-10-22 06:43:05,52900.0,100.0,4116200.0
1271,2021-10-22 06:42:58,52900.0,200.0,4116100.0
1272,2021-10-22 06:42:40,52900.0,1000.0,4115900.0
1273,2021-10-22 06:42:40,52900.0,1000.0,4114900.0
1274,2021-10-22 06:42:40,52900.0,3000.0,4113900.0
1275,2021-10-22 06:42:40,52900.0,500.0,4110900.0
1276,2021-10-22 06:42:40,52900.0,100.0,4110400.0
1277,2021-10-22 06:42:40,52900.0,20000.0,4110300.0
1278,2021-10-22 06:42:40,52900.0,500.0,4090300.0
1279,2021-10-22 06:42:40,52900.0,200.0,4089800.0
1280,2021-10-22 06:42:40,52900.0,10000.0,4089600.0
1281,2021-10-22 06:42:40,52900.0,10000.0,4079600.0
1282,2021-10-22 06:42:40,52900.0,500.0,4069600.0
1283,2021-10-22 06:42:39,52900.0,100.0,4069100.0
1284,2021-10-22 06:42:06,52900.0,100.0,4069000.0
1285,2021-10-22 06:41:13,52900.0,900.0,4068900.0
1286,2021-10-22 06:41:13,52900.0,500.0,4068000.0
1287,2021-10-22 06:41:13,52900.0,100.0,4067500.0
1288,2021-10-22 06:41:13,52900.0,2000.0,4067400.0
1289,2021-10-22 06:41:13,52900.0,500.0,4065400.0
1290,2021-10-22 06:41:10,52900.0,1000.0,4064900.0
1291,2021-10-22 06:40:51,52900.0,900.0,4063900.0
1292,2021-10-22 06:40:51,52900.0,100.0,4063000.0
1293,2021-10-22 06:40:37,52900.0,500.0,4062900.0
1294,2021-10-22 06:40:37,52900.0,500.0,4062400.0
1295,2021-10-22 06:40:37,52900.0,400.0,4061900.0
1296,2021-10-22 06:40:37,52900.0,500.0,4061500.0
1297,2021-10-22 06:40:37,52900.0,200.0,4061000.0
1298,2021-10-22 06:40:37,52900.0,1800.0,4060800.0
1299,2021-10-22 06:40:37,52900.0,100.0,4059000.0
1300,2021-10-22 06:40:37,52900.0,2000.0,4058900.0
1301,2021-10-22 06:40:37,52900.0,1000.0,4056900.0
1302,2021-10-22 06:40:37,52900.0,10000.0,4055900.0
1303,2021-10-22 06:40:37,52900.0,100.0,4045900.0
1304,2021-10-22 06:40:37,52900.0,17800.0,4045800.0
1305,2021-10-22 06:40:37,52800.0,100.0,4028000.0
1306,2021-10-22 06:40:37,52800.0,100.0,4027900.0
1307,2021-10-22 06:40:37,52800.0,14900.0,4027800.0
1308,2021-10-22 06:40:28,52800.0,5100.0,4012900.0
1309,2021-10-22 06:40:28,52800.0,1000.0,4007800.0
1310,2021-10-22 06:40:28,52800.0,3900.0,4006800.0
1311,2021-10-22 06:40:03,52700.0,100.0,4002900.0
1312,2021-10-22 06:40:02,52700.0,500.0,4002800.0
1313,2021-10-22 06:39:51,52700.0,500.0,4002300.0
1314,2021-10-22 06:39:51,52700.0,4500.0,4001800.0
1315,2021-10-22 06:39:44,52600.0,1700.0,3997300.0
1316,2021-10-22 06:39:44,52600.0,300.0,3995600.0
1317,2021-10-22 06:39:44,52600.0,100.0,3995300.0
1318,2021-10-22 06:39:42,52700.0,1000.0,3995200.0
1319,2021-10-22 06:39:34,52700.0,100.0,3994200.0
1320,2021-10-22 06:39:15,52700.0,500.0,3994100.0
1321,2021-10-22 06:39:06,52700.0,300.0,3993600.0
1322,2021-10-22 06:39:06,52700.0,100.0,3993300.0
1323,2021-10-22 06:39:06,52700.0,200.0,3993200.0
1324,2021-10-22 06:39:06,52700.0,3300.0,3993000.0
1325,2021-10-22 06:39:06,52800.0,6100.0,3989700.0
1326,2021-10-22 06:39:06,52800.0,30000.0,3983600.0
1327,2021-10-22 06:39:06,52800.0,13900.0,3953600.0
1328,2021-10-22 06:38:50,52800.0,100.0,3939700.0
1329,2021-10-22 06:38:46,52700.0,1700.0,3939600.0
1330,2021-10-22 06:38:46,52700.0,2000.0,3937900.0
1331,2021-10-22 06:38:46,52700.0,1600.0,3935900.0
1332,2021-10-22 06:38:46,52700.0,200.0,3934300.0
1333,2021-10-22 06:38:46,52700.0,400.0,3934100.0
1334,2021-10-22 06:38:46,52700.0,100.0,3933700.0
1335,2021-10-22 06:38:45,52800.0,1000.0,3933600.0
1336,2021-10-22 06:38:45,52800.0,200.0,3932600.0
1337,2021-10-22 06:38:45,52800.0,300.0,3932400.0
1338,2021-10-22 06:38:25,52800.0,5000.0,3932100.0
1339,2021-10-22 06:38:25,52800.0,5000.0,3927100.0
1340,2021-10-22 06:38:25,52800.0,200.0,3922100.0
1341,2021-10-22 06:38:25,52800.0,300.0,3921900.0
1342,2021-10-22 06:38:25,52800.0,300.0,3921600.0
1343,2021-10-22 06:38:25,52800.0,500.0,3921300.0
1344,2021-10-22 06:38:25,52800.0,100.0,3920800.0
1345,2021-10-22 06:38:25,52800.0,900.0,3920700.0
1346,2021-10-22 06:38:25,52800.0,2400.0,3919800.0
1347,2021-10-22 06:38:04,52900.0,1000.0,3917400.0
1348,2021-10-22 06:37:54,52800.0,200.0,3916400.0
1349,2021-10-22 06:37:41,52800.0,300.0,3916200.0
1350,2021-10-22 06:37:27,52800.0,100.0,3915900.0
1351,2021-10-22 06:37:27,52800.0,200.0,3915800.0
1352,2021-10-22 06:36:51,52800.0,3700.0,3915600.0
1353,2021-10-22 06:36:46,52800.0,1000.0,3911900.0
1354,2021-10-22 06:36:46,52800.0,300.0,3910900.0
1355,2021-10-22 06:36:45,52800.0,100.0,3910600.0
1356,2021-10-22 06:36:33,52800.0,100.0,3910500.0
1357,2021-10-22 06:36:33,52800.0,100.0,3910400.0
1358,2021-10-22 06:36:07,52900.0,1200.0,3910300.0
1359,2021-10-22 06:36:07,52900.0,1500.0,3909100.0
1360,2021-10-22 06:36:00,52900.0,1100.0,3907600.0
1361,2021-10-22 06:35:49,52800.0,100.0,3906500.0
1362,2021-10-22 06:35:34,52800.0,100.0,3906400.0
1363,2021-10-22 06:35:28,52800.0,400.0,3906300.0
1364,2021-10-22 06:35:28,52800.0,100.0,3905900.0
1365,2021-10-22 06:35:12,52800.0,10000.0,3905800.0
1366,2021-10-22 06:35:09,52800.0,300.0,3895800.0
1367,2021-10-22 06:35:03,52800.0,5000.0,3895500.0
1368,2021-10-22 06:34:47,52800.0,4700.0,3890500.0
1369,2021-10-22 06:34:47,52800.0,200.0,3885800.0
1370,2021-10-22 06:34:47,52800.0,4500.0,3885600.0
1371,2021-10-22 06:34:47,52800.0,600.0,3881100.0
1372,2021-10-22 06:34:38,52800.0,1200.0,3880500.0
1373,2021-10-22 06:34:38,52800.0,100.0,3879300.0
1374,2021-10-22 06:34:38,52800.0,500.0,3879200.0
1375,2021-10-22 06:34:38,52800.0,5000.0,3878700.0
1376,2021-10-22 06:34:38,52800.0,2000.0,3873700.0
1377,2021-10-22 06:34:38,52800.0,1000.0,3871700.0
1378,2021-10-22 06:34:38,52800.0,5200.0,3870700.0
1379,2021-10-22 06:34:36,52800.0,100.0,3865500.0
1380,2021-10-22 06:34:20,52800.0,100.0,3865400.0
1381,2021-10-22 06:34:10,52800.0,8000.0,3865300.0
1382,2021-10-22 06:34:09,52700.0,1500.0,3857300.0
1383,2021-10-22 06:34:05,52700.0,1000.0,3855800.0
1384,2021-10-22 06:34:03,52700.0,400.0,3854800.0
1385,2021-10-22 06:33:58,52700.0,1700.0,3854400.0
1386,2021-10-22 06:33:58,52700.0,5000.0,3852700.0
1387,2021-10-22 06:33:58,52700.0,100.0,3847700.0
1388,2021-10-22 06:33:58,52700.0,300.0,3847600.0
1389,2021-10-22 06:33:51,52800.0,2700.0,3847300.0
1390,2021-10-22 06:33:47,52800.0,600.0,3844600.0
1391,2021-10-22 06:33:40,52700.0,200.0,3844000.0
1392,2021-10-22 06:33:40,52700.0,4000.0,3843800.0
1393,2021-10-22 06:33:40,52700.0,800.0,3839800.0
1394,2021-10-22 06:33:30,52700.0,200.0,3839000.0
1395,2021-10-22 06:33:28,52700.0,1300.0,3838800.0
1396,2021-10-22 06:33:28,52700.0,100.0,3837500.0
1397,2021-10-22 06:33:28,52700.0,600.0,3837400.0
1398,2021-10-22 06:33:27,52700.0,500.0,3836800.0
1399,2021-10-22 06:33:22,52700.0,700.0,3836300.0
1400,2021-10-22 06:33:22,52700.0,100.0,3835600.0
1401,2021-10-22 06:33:22,52700.0,500.0,3835500.0
1402,2021-10-22 06:33:22,52700.0,4000.0,3835000.0
1403,2021-10-22 06:33:22,52700.0,300.0,3831000.0
1404,2021-10-22 06:33:22,52700.0,500.0,3830700.0
1405,2021-10-22 06:33:22,52700.0,600.0,3830200.0
1406,2021-10-22 06:33:22,52700.0,3300.0,3829600.0
1407,2021-10-22 06:33:22,52700.0,10000.0,3826300.0
1408,2021-10-22 06:33:22,52700.0,6700.0,3816300.0
1409,2021-10-22 06:33:22,52700.0,3300.0,3809600.0
1410,2021-10-22 06:33:14,52600.0,300.0,3806300.0
1411,2021-10-22 06:33:14,52600.0,1000.0,3806000.0
1412,2021-10-22 06:33:14,52600.0,8600.0,3805000.0
1413,2021-10-22 06:33:07,52600.0,2000.0,3796400.0
1414,2021-10-22 06:33:06,52600.0,200.0,3794400.0
1415,2021-10-22 06:33:03,52600.0,3700.0,3794200.0
1416,2021-10-22 06:33:00,52600.0,1000.0,3790500.0
1417,2021-10-22 06:33:00,52600.0,200.0,3789500.0
1418,2021-10-22 06:32:59,52600.0,1000.0,3789300.0
1419,2021-10-22 06:32:56,52600.0,1000.0,3788300.0
1420,2021-10-22 06:32:46,52600.0,2000.0,3787300.0
1421,2021-10-22 06:32:45,52600.0,300.0,3785300.0
1422,2021-10-22 06:32:45,52600.0,200.0,3785000.0
1423,2021-10-22 06:32:42,52600.0,5000.0,3784800.0
1424,2021-10-22 06:32:32,52600.0,200.0,3779800.0
1425,2021-10-22 06:32:19,52600.0,300.0,3779600.0
1426,2021-10-22 06:31:56,52500.0,8400.0,3779300.0
1427,2021-10-22 06:31:52,52500.0,10000.0,3770900.0
1428,2021-10-22 06:31:51,52500.0,1600.0,3760900.0
1429,2021-10-22 06:31:49,52600.0,100.0,3759300.0
1430,2021-10-22 06:31:48,52500.0,8400.0,3759200.0
1431,2021-10-22 06:31:48,52500.0,100.0,3750800.0
1432,2021-10-22 06:31:48,52500.0,1000.0,3750700.0
1433,2021-10-22 06:31:48,52500.0,500.0,3749700.0
1434,2021-10-22 06:31:41,52500.0,7500.0,3749200.0
1435,2021-10-22 06:31:41,52500.0,300.0,3741700.0
1436,2021-10-22 06:31:41,52500.0,800.0,3741400.0
1437,2021-10-22 06:31:41,52500.0,1400.0,3740600.0
1438,2021-10-22 06:31:28,52600.0,200.0,3739200.0
1439,2021-10-22 06:31:03,52500.0,500.0,3739000.0
1440,2021-10-22 06:31:03,52500.0,400.0,3738500.0
1441,2021-10-22 06:31:03,52500.0,700.0,3738100.0
1442,2021-10-22 06:31:03,52500.0,7000.0,3737400.0
1443,2021-10-22 06:30:54,52500.0,300.0,3730400.0
1444,2021-10-22 06:30:47,52500.0,100.0,3730100.0
1445,2021-10-22 06:30:22,52500.0,100.0,3730000.0
1446,2021-10-22 06:29:58,52500.0,3000.0,3729900.0
1447,2021-10-22 06:29:50,52500.0,200.0,3726900.0
1448,2021-10-22 06:29:50,52500.0,5000.0,3726700.0
1449,2021-10-22 06:29:50,52500.0,400.0,3721700.0
1450,2021-10-22 06:29:50,52500.0,300.0,3721300.0
1451,2021-10-22 06:29:50,52500.0,4000.0,3721000.0
1452,2021-10-22 06:29:50,52500.0,100.0,3717000.0
1453,2021-10-22 06:29:50,52500.0,3000.0,3716900.0
1454,2021-10-22 06:29:50,52500.0,300.0,3713900.0
1455,2021-10-22 06:29:50,52500.0,200.0,3713600.0
1456,2021-10-22 06:29:50,52500.0,4000.0,3713400.0
1457,2021-10-22 06:29:50,52500.0,200.0,3709400.0
1458,2021-10-22 06:29:50,52500.0,5000.0,3709200.0
1459,2021-10-22 06:29:50,52500.0,300.0,3704200.0
1460,2021-10-22 06:29:50,52500.0,300.0,3703900.0
1461,2021-10-22 06:29:50,52600.0,100.0,3703600.0
1462,2021-10-22 06:29:50,52600.0,1700.0,3703500.0
1463,2021-10-22 06:29:50,52600.0,500.0,3701800.0
1464,2021-10-22 06:29:50,52600.0,3900.0,3701300.0
1465,2021-10-22 06:29:28,52600.0,200.0,3697400.0
1466,2021-10-22 06:29:28,52600.0,500.0,3697200.0
1467,2021-10-22 06:29:24,52600.0,500.0,3696700.0
1468,2021-10-22 06:29:24,52600.0,100.0,3696200.0
1469,2021-10-22 06:29:24,52600.0,500.0,3696100.0
1470,2021-10-22 06:29:24,52600.0,200.0,3695600.0
1471,2021-10-22 06:29:24,52600.0,2700.0,3695400.0
1472,2021-10-22 06:29:23,52700.0,100.0,3692700.0
1473,2021-10-22 06:29:05,52600.0,600.0,3692600.0
1474,2021-10-22 06:28:58,52700.0,2900.0,3692000.0
1475,2021-10-22 06:28:23,52700.0,700.0,3689100.0
1476,2021-10-22 06:28:22,52600.0,100.0,3688400.0
1477,2021-10-22 06:28:20,52600.0,500.0,3688300.0
1478,2021-10-22 06:28:19,52600.0,500.0,3687800.0
1479,2021-10-22 06:28:10,52600.0,500.0,3687300.0
1480,2021-10-22 06:27:56,52700.0,1000.0,3686800.0
1481,2021-10-22 06:27:45,52700.0,8500.0,3685800.0
1482,2021-10-22 06:27:45,52700.0,3000.0,3677300.0
1483,2021-10-22 06:27:45,52700.0,200.0,3674300.0
1484,2021-10-22 06:27:45,52700.0,300.0,3674100.0
1485,2021-10-22 06:27:44,52800.0,600.0,3673800.0
1486,2021-10-22 06:27:39,52700.0,2200.0,3673200.0
1487,2021-10-22 06:27:39,52700.0,100.0,3671000.0
1488,2021-10-22 06:27:39,52700.0,3000.0,3670900.0
1489,2021-10-22 06:27:39,52700.0,1000.0,3667900.0
1490,2021-10-22 06:27:39,52700.0,1000.0,3666900.0
1491,2021-10-22 06:27:39,52700.0,100.0,3665900.0
1492,2021-10-22 06:27:39,52700.0,500.0,3665800.0
1493,2021-10-22 06:27:39,52700.0,100.0,3665300.0
1494,2021-10-22 06:27:30,52800.0,100.0,3665200.0
1495,2021-10-22 06:27:05,52800.0,1000.0,3665100.0
1496,2021-10-22 06:26:56,52700.0,100.0,3664100.0
1497,2021-10-22 06:26:48,52800.0,1600.0,3664000.0
1498,2021-10-22 06:26:44,52900.0,1000.0,3662400.0
1499,2021-10-22 06:26:40,52800.0,10400.0,3661400.0
1500,2021-10-22 06:26:34,52700.0,800.0,3651000.0
1501,2021-10-22 06:26:34,52700.0,200.0,3650200.0
1502,2021-10-22 06:26:34,52700.0,3000.0,3650000.0
1503,2021-10-22 06:26:25,52800.0,300.0,3647000.0
1504,2021-10-22 06:26:24,52800.0,1000.0,3646700.0
1505,2021-10-22 06:26:24,52800.0,100.0,3645700.0
1506,2021-10-22 06:26:24,52800.0,200.0,3645600.0
1507,2021-10-22 06:26:24,52800.0,8000.0,3645400.0
1508,2021-10-22 06:26:20,52900.0,5000.0,3637400.0
1509,2021-10-22 06:26:18,52900.0,1400.0,3632400.0
1510,2021-10-22 06:26:18,52900.0,8600.0,3631000.0
1511,2021-10-22 06:26:11,52900.0,500.0,3622400.0
1512,2021-10-22 06:26:11,52900.0,900.0,3621900.0
1513,2021-10-22 06:26:05,52900.0,100.0,3621000.0
1514,2021-10-22 06:26:05,52900.0,3700.0,3620900.0
1515,2021-10-22 06:26:05,52900.0,200.0,3617200.0
1516,2021-10-22 06:26:05,52900.0,2700.0,3617000.0
1517,2021-10-22 06:26:05,52900.0,300.0,3614300.0
1518,2021-10-22 06:25:49,53000.0,200.0,3614000.0
1519,2021-10-22 06:25:49,53000.0,300.0,3613800.0
1520,2021-10-22 06:25:45,52900.0,4000.0,3613500.0
1521,2021-10-22 06:25:41,52900.0,5700.0,3609500.0
1522,2021-10-22 06:25:41,52900.0,200.0,3603800.0
1523,2021-10-22 06:25:41,52900.0,4100.0,3603600.0
1524,2021-10-22 06:25:39,53000.0,2700.0,3599500.0
1525,2021-10-22 06:25:39,53000.0,200.0,3596800.0
1526,2021-10-22 06:25:39,53000.0,100.0,3596600.0
1527,2021-10-22 06:25:39,53000.0,1000.0,3596500.0
1528,2021-10-22 06:25:39,53000.0,100.0,3595500.0
1529,2021-10-22 06:25:39,53000.0,100.0,3595400.0
1530,2021-10-22 06:25:39,53000.0,500.0,3595300.0
1531,2021-10-22 06:25:39,53000.0,100.0,3594800.0
1532,2021-10-22 06:25:39,53000.0,200.0,3594700.0
1533,2021-10-22 06:25:37,52900.0,20000.0,3594500.0
1534,2021-10-22 06:25:36,52900.0,2200.0,3574500.0
1535,2021-10-22 06:25:35,53000.0,800.0,3572300.0
1536,2021-10-22 06:25:35,53000.0,200.0,3571500.0
1537,2021-10-22 06:25:30,52900.0,500.0,3571300.0
1538,2021-10-22 06:25:28,52900.0,300.0,3570800.0
1539,2021-10-22 06:25:28,52900.0,200.0,3570500.0
1540,2021-10-22 06:25:28,52900.0,600.0,3570300.0
1541,2021-10-22 06:25:28,52900.0,2500.0,3569700.0
1542,2021-10-22 06:25:28,52900.0,1600.0,3567200.0
1543,2021-10-22 06:25:28,52900.0,300.0,3565600.0
1544,2021-10-22 06:25:28,52900.0,300.0,3565300.0
1545,2021-10-22 06:25:28,52900.0,500.0,3565000.0
1546,2021-10-22 06:25:28,52900.0,500.0,3564500.0
1547,2021-10-22 06:25:28,52900.0,900.0,3564000.0
1548,2021-10-22 06:25:28,52900.0,2000.0,3563100.0
1549,2021-10-22 06:25:28,52900.0,1000.0,3561100.0
1550,2021-10-22 06:25:28,52900.0,500.0,3560100.0
1551,2021-10-22 06:25:28,52900.0,100.0,3559600.0
1552,2021-10-22 06:25:28,52900.0,100.0,3559500.0
1553,2021-10-22 06:25:28,52900.0,400.0,3559400.0
1554,2021-10-22 06:25:28,52900.0,700.0,3559000.0
1555,2021-10-22 06:25:28,52900.0,500.0,3558300.0
1556,2021-10-22 06:25:28,52900.0,200.0,3557800.0
1557,2021-10-22 06:25:28,52900.0,1800.0,3557600.0
1558,2021-10-22 06:25:28,52900.0,100.0,3555800.0
1559,2021-10-22 06:25:28,52900.0,1000.0,3555700.0
1560,2021-10-22 06:25:28,52900.0,100.0,3554700.0
1561,2021-10-22 06:25:28,52900.0,500.0,3554600.0
1562,2021-10-22 06:25:28,52900.0,1000.0,3554100.0
1563,2021-10-22 06:25:28,52900.0,100.0,3553100.0
1564,2021-10-22 06:25:28,52900.0,10000.0,3553000.0
1565,2021-10-22 06:25:28,52900.0,100.0,3543000.0
1566,2021-10-22 06:25:28,52900.0,100.0,3542900.0
1567,2021-10-22 06:25:28,52900.0,200.0,3542800.0
1568,2021-10-22 06:25:24,52900.0,300.0,3542600.0
1569,2021-10-22 06:25:24,52900.0,500.0,3542300.0
1570,2021-10-22 06:25:24,52900.0,200.0,3541800.0
1571,2021-10-22 06:25:24,52900.0,1000.0,3541600.0
1572,2021-10-22 06:25:22,52900.0,100.0,3540600.0
1573,2021-10-22 06:25:22,52900.0,900.0,3540500.0
1574,2021-10-22 06:25:17,52900.0,100.0,3539600.0
1575,2021-10-22 06:25:17,52900.0,2000.0,3539500.0
1576,2021-10-22 06:25:17,52900.0,200.0,3537500.0
1577,2021-10-22 06:25:17,52900.0,200.0,3537300.0
1578,2021-10-22 06:25:17,52900.0,500.0,3537100.0
1579,2021-10-22 06:25:17,52900.0,500.0,3536600.0
1580,2021-10-22 06:25:02,52900.0,2000.0,3536100.0
1581,2021-10-22 06:25:02,52900.0,100.0,3534100.0
1582,2021-10-22 06:24:49,52900.0,2000.0,3534000.0
1583,2021-10-22 06:24:47,52900.0,1400.0,3532000.0
1584,2021-10-22 06:24:30,52900.0,2000.0,3530600.0
1585,2021-10-22 06:24:29,52900.0,5000.0,3528600.0
1586,2021-10-22 06:23:58,52900.0,200.0,3523600.0
1587,2021-10-22 06:23:57,52900.0,2000.0,3523400.0
1588,2021-10-22 06:23:40,52900.0,1000.0,3521400.0
1589,2021-10-22 06:23:35,52900.0,4100.0,3520400.0
1590,2021-10-22 06:23:29,52900.0,200.0,3516300.0
1591,2021-10-22 06:23:29,52900.0,200.0,3516100.0
1592,2021-10-22 06:23:29,52900.0,200.0,3515900.0
1593,2021-10-22 06:23:29,52900.0,100.0,3515700.0
1594,2021-10-22 06:23:13,52900.0,1900.0,3515600.0
1595,2021-10-22 06:23:13,52900.0,500.0,3513700.0
1596,2021-10-22 06:23:13,52900.0,300.0,3513200.0
1597,2021-10-22 06:23:13,52900.0,100.0,3512900.0
1598,2021-10-22 06:23:13,52900.0,300.0,3512800.0
1599,2021-10-22 06:23:13,52800.0,500.0,3512500.0
1600,2021-10-22 06:23:13,52800.0,100.0,3512000.0
1601,2021-10-22 06:23:13,52800.0,500.0,3511900.0
1602,2021-10-22 06:23:13,52800.0,100.0,3511400.0
1603,2021-10-22 06:23:13,52800.0,1000.0,3511300.0
1604,2021-10-22 06:23:13,52800.0,5000.0,3510300.0
1605,2021-10-22 06:23:13,52800.0,100.0,3505300.0
1606,2021-10-22 06:23:13,52800.0,300.0,3505200.0
1607,2021-10-22 06:23:13,52800.0,300.0,3504900.0
1608,2021-10-22 06:23:13,52800.0,300.0,3504600.0
1609,2021-10-22 06:23:13,52800.0,400.0,3504300.0
1610,2021-10-22 06:23:13,52800.0,500.0,3503900.0
1611,2021-10-22 06:23:13,52800.0,100.0,3503400.0
1612,2021-10-22 06:23:13,52800.0,1800.0,3503300.0
1613,2021-10-22 06:23:13,52800.0,200.0,3501500.0
1614,2021-10-22 06:23:13,52800.0,100.0,3501300.0
1615,2021-10-22 06:23:13,52800.0,100.0,3501200.0
1616,2021-10-22 06:23:13,52800.0,100.0,3501100.0
1617,2021-10-22 06:23:13,52800.0,200.0,3501000.0
1618,2021-10-22 06:23:13,52800.0,20000.0,3500800.0
1619,2021-10-22 06:23:13,52800.0,500.0,3480800.0
1620,2021-10-22 06:23:13,52800.0,1000.0,3480300.0
1621,2021-10-22 06:23:13,52800.0,400.0,3479300.0
1622,2021-10-22 06:23:13,52800.0,500.0,3478900.0
1623,2021-10-22 06:23:13,52800.0,1000.0,3478400.0
1624,2021-10-22 06:23:13,52800.0,500.0,3477400.0
1625,2021-10-22 06:23:13,52800.0,500.0,3476900.0
1626,2021-10-22 06:23:13,52800.0,1500.0,3476400.0
1627,2021-10-22 06:23:13,52800.0,300.0,3474900.0
1628,2021-10-22 06:23:13,52800.0,10000.0,3474600.0
1629,2021-10-22 06:23:13,52800.0,40000.0,3464600.0
1630,2021-10-22 06:23:13,52800.0,6100.0,3424600.0
1631,2021-10-22 06:23:13,52700.0,2900.0,3418500.0
1632,2021-10-22 06:23:12,52700.0,100.0,3415600.0
1633,2021-10-22 06:23:03,52700.0,3000.0,3415500.0
1634,2021-10-22 06:22:59,52700.0,4000.0,3412500.0
1635,2021-10-22 06:22:59,52700.0,1800.0,3408500.0
1636,2021-10-22 06:22:59,52700.0,200.0,3406700.0
1637,2021-10-22 06:22:55,52700.0,10000.0,3406500.0
1638,2021-10-22 06:22:49,52600.0,2100.0,3396500.0
1639,2021-10-22 06:22:49,52600.0,100.0,3394400.0
1640,2021-10-22 06:22:49,52600.0,1000.0,3394300.0
1641,2021-10-22 06:22:49,52600.0,6800.0,3393300.0
1642,2021-10-22 06:22:49,52700.0,7000.0,3386500.0
1643,2021-10-22 06:22:41,52700.0,1000.0,3379500.0
1644,2021-10-22 06:22:36,52800.0,3900.0,3378500.0
1645,2021-10-22 06:22:36,52800.0,100.0,3374600.0
1646,2021-10-22 06:22:36,52800.0,1000.0,3374500.0
1647,2021-10-22 06:22:14,52800.0,200.0,3373500.0
1648,2021-10-22 06:22:14,52800.0,500.0,3373300.0
1649,2021-10-22 06:22:14,52800.0,800.0,3372800.0
1650,2021-10-22 06:22:14,52700.0,10000.0,3372000.0
1651,2021-10-22 06:22:14,52700.0,1000.0,3362000.0
1652,2021-10-22 06:22:14,52700.0,200.0,3361000.0
1653,2021-10-22 06:22:14,52700.0,1000.0,3360800.0
1654,2021-10-22 06:22:14,52700.0,10000.0,3359800.0
1655,2021-10-22 06:22:14,52700.0,10000.0,3349800.0
1656,2021-10-22 06:22:14,52700.0,10000.0,3339800.0
1657,2021-10-22 06:22:14,52700.0,100.0,3329800.0
1658,2021-10-22 06:22:14,52700.0,1000.0,3329700.0
1659,2021-10-22 06:22:14,52700.0,100.0,3328700.0
1660,2021-10-22 06:22:14,52700.0,1000.0,3328600.0
1661,2021-10-22 06:22:14,52700.0,1000.0,3327600.0
1662,2021-10-22 06:22:14,52700.0,1800.0,3326600.0
1663,2021-10-22 06:22:14,52700.0,100.0,3324800.0
1664,2021-10-22 06:22:14,52700.0,100.0,3324700.0
1665,2021-10-22 06:22:14,52700.0,500.0,3324600.0
1666,2021-10-22 06:22:14,52700.0,100.0,3324100.0
1667,2021-10-22 06:22:14,52700.0,200.0,3324000.0
1668,2021-10-22 06:22:14,52700.0,300.0,3323800.0
1669,2021-10-22 06:22:12,52600.0,7100.0,3323500.0
1670,2021-10-22 06:22:12,52600.0,2900.0,3316400.0
1671,2021-10-22 06:21:27,52700.0,200.0,3313500.0
1672,2021-10-22 06:21:09,52700.0,400.0,3313300.0
1673,2021-10-22 06:20:59,52600.0,1100.0,3312900.0
1674,2021-10-22 06:20:45,52700.0,100.0,3311800.0
1675,2021-10-22 06:20:45,52700.0,100.0,3311700.0
1676,2021-10-22 06:20:45,52700.0,100.0,3311600.0
1677,2021-10-22 06:20:45,52700.0,1000.0,3311500.0
1678,2021-10-22 06:20:45,52700.0,100.0,3310500.0
1679,2021-10-22 06:20:45,52700.0,100.0,3310400.0
1680,2021-10-22 06:20:45,52700.0,100.0,3310300.0
1681,2021-10-22 06:20:45,52600.0,100.0,3310200.0
1682,2021-10-22 06:20:45,52600.0,100.0,3310100.0
1683,2021-10-22 06:20:45,52600.0,1200.0,3310000.0
1684,2021-10-22 06:20:41,52600.0,200.0,3308800.0
1685,2021-10-22 06:20:37,52600.0,100.0,3308600.0
1686,2021-10-22 06:20:37,52600.0,100.0,3308500.0
1687,2021-10-22 06:20:37,52600.0,100.0,3308400.0
1688,2021-10-22 06:20:37,52600.0,10000.0,3308300.0
1689,2021-10-22 06:20:37,52600.0,100.0,3298300.0
1690,2021-10-22 06:20:37,52600.0,100.0,3298200.0
1691,2021-10-22 06:20:37,52600.0,100.0,3298100.0
1692,2021-10-22 06:20:37,52600.0,2000.0,3298000.0
1693,2021-10-22 06:20:37,52600.0,300.0,3296000.0
1694,2021-10-22 06:20:37,52600.0,200.0,3295700.0
1695,2021-10-22 06:20:37,52600.0,1000.0,3295500.0
1696,2021-10-22 06:20:37,52600.0,200.0,3294500.0
1697,2021-10-22 06:20:37,52600.0,100.0,3294300.0
1698,2021-10-22 06:20:37,52600.0,1400.0,3294200.0
1699,2021-10-22 06:20:33,52600.0,200.0,3292800.0
1700,2021-10-22 06:20:32,52500.0,10000.0,3292600.0
1701,2021-10-22 06:20:22,52600.0,1200.0,3282600.0
1702,2021-10-22 06:20:12,52600.0,2200.0,3281400.0
1703,2021-10-22 06:20:12,52600.0,1800.0,3279200.0
1704,2021-10-22 06:20:12,52600.0,200.0,3277400.0
1705,2021-10-22 06:20:12,52600.0,100.0,3277200.0
1706,2021-10-22 06:20:12,52600.0,5000.0,3277100.0
1707,2021-10-22 06:20:12,52600.0,700.0,3272100.0
1708,2021-10-22 06:19:49,52600.0,2000.0,3271400.0
1709,2021-10-22 06:19:28,52600.0,1000.0,3269400.0
1710,2021-10-22 06:19:24,52500.0,400.0,3268400.0
1711,2021-10-22 06:19:22,52600.0,3000.0,3268000.0
1712,2021-10-22 06:18:49,52500.0,100.0,3265000.0
1713,2021-10-22 06:18:37,52500.0,100.0,3264900.0
1714,2021-10-22 06:18:33,52500.0,2000.0,3264800.0
1715,2021-10-22 06:18:33,52500.0,2000.0,3262800.0
1716,2021-10-22 06:18:33,52500.0,5500.0,3260800.0
1717,2021-10-22 06:18:15,52500.0,100.0,3255300.0
1718,2021-10-22 06:18:05,52500.0,700.0,3255200.0
1719,2021-10-22 06:18:00,52500.0,1700.0,3254500.0
1720,2021-10-22 06:18:00,52500.0,500.0,3252800.0
1721,2021-10-22 06:18:00,52500.0,1000.0,3252300.0
1722,2021-10-22 06:18:00,52500.0,500.0,3251300.0
1723,2021-10-22 06:17:20,52500.0,200.0,3250800.0
1724,2021-10-22 06:17:20,52500.0,500.0,3250600.0
1725,2021-10-22 06:17:20,52500.0,500.0,3250100.0
1726,2021-10-22 06:17:20,52500.0,300.0,3249600.0
1727,2021-10-22 06:16:43,52500.0,400.0,3249300.0
1728,2021-10-22 06:16:31,52500.0,4000.0,3248900.0
1729,2021-10-22 06:16:21,52500.0,300.0,3244900.0
1730,2021-10-22 06:16:14,52500.0,500.0,3244600.0
1731,2021-10-22 06:15:53,52500.0,1000.0,3244100.0
1732,2021-10-22 06:15:53,52500.0,100.0,3243100.0
1733,2021-10-22 06:15:53,52500.0,3400.0,3243000.0
1734,2021-10-22 06:15:44,52500.0,1000.0,3239600.0
1735,2021-10-22 06:15:38,52500.0,600.0,3238600.0
1736,2021-10-22 06:15:38,52500.0,200.0,3238000.0
1737,2021-10-22 06:15:38,52500.0,1200.0,3237800.0
1738,2021-10-22 06:15:31,52500.0,7000.0,3236600.0
1739,2021-10-22 06:15:24,52500.0,500.0,3229600.0
1740,2021-10-22 06:15:21,52500.0,100.0,3229100.0
1741,2021-10-22 06:14:59,52500.0,10000.0,3229000.0
1742,2021-10-22 06:14:24,52600.0,100.0,3219000.0
1743,2021-10-22 06:14:09,52600.0,5000.0,3218900.0
1744,2021-10-22 06:14:06,52600.0,1200.0,3213900.0
1745,2021-10-22 06:14:05,52600.0,3000.0,3212700.0
1746,2021-10-22 06:14:02,52600.0,1500.0,3209700.0
1747,2021-10-22 06:13:58,52600.0,500.0,3208200.0
1748,2021-10-22 06:13:58,52600.0,100.0,3207700.0
1749,2021-10-22 06:13:58,52600.0,800.0,3207600.0
1750,2021-10-22 06:13:58,52600.0,400.0,3206800.0
1751,2021-10-22 06:13:58,52600.0,200.0,3206400.0
1752,2021-10-22 06:13:58,52600.0,500.0,3206200.0
1753,2021-10-22 06:13:58,52600.0,500.0,3205700.0
1754,2021-10-22 06:13:58,52600.0,100.0,3205200.0
1755,2021-10-22 06:13:58,52600.0,100.0,3205100.0
1756,2021-10-22 06:13:58,52600.0,300.0,3205000.0
1757,2021-10-22 06:13:58,52600.0,5000.0,3204700.0
1758,2021-10-22 06:13:58,52600.0,500.0,3199700.0
1759,2021-10-22 06:13:58,52600.0,1000.0,3199200.0
1760,2021-10-22 06:13:35,52500.0,100.0,3198200.0
1761,2021-10-22 06:13:35,52500.0,1000.0,3198100.0
1762,2021-10-22 06:13:35,52500.0,400.0,3197100.0
1763,2021-10-22 06:13:35,52500.0,500.0,3196700.0
1764,2021-10-22 06:13:35,52500.0,100.0,3196200.0
1765,2021-10-22 06:13:35,52500.0,400.0,3196100.0
1766,2021-10-22 06:13:35,52500.0,400.0,3195700.0
1767,2021-10-22 06:13:35,52500.0,1000.0,3195300.0
1768,2021-10-22 06:13:35,52500.0,5000.0,3194300.0
1769,2021-10-22 06:13:35,52500.0,200.0,3189300.0
1770,2021-10-22 06:13:35,52500.0,1000.0,3189100.0
1771,2021-10-22 06:13:35,52500.0,100.0,3188100.0
1772,2021-10-22 06:13:35,52500.0,1000.0,3188000.0
1773,2021-10-22 06:13:35,52500.0,300.0,3187000.0
1774,2021-10-22 06:13:35,52500.0,300.0,3186700.0
1775,2021-10-22 06:13:35,52500.0,2000.0,3186400.0
1776,2021-10-22 06:13:35,52500.0,100.0,3184400.0
1777,2021-10-22 06:13:35,52500.0,100.0,3184300.0
1778,2021-10-22 06:13:35,52500.0,1000.0,3184200.0
1779,2021-10-22 06:13:35,52500.0,1800.0,3183200.0
1780,2021-10-22 06:13:35,52500.0,200.0,3181400.0
1781,2021-10-22 06:13:35,52500.0,14200.0,3181200.0
1782,2021-10-22 06:11:13,52300.0,400.0,3167000.0
1783,2021-10-22 06:10:16,52300.0,2800.0,3166600.0
1784,2021-10-22 06:10:13,52300.0,200.0,3163800.0
1785,2021-10-22 06:10:05,52300.0,100.0,3163600.0
1786,2021-10-22 06:09:58,52300.0,100.0,3163500.0
1787,2021-10-22 06:09:07,52200.0,300.0,3163400.0
1788,2021-10-22 06:08:27,52200.0,200.0,3163100.0
1789,2021-10-22 06:08:23,52300.0,1500.0,3162900.0
1790,2021-10-22 06:08:23,52300.0,100.0,3161400.0
1791,2021-10-22 06:08:23,52300.0,100.0,3161300.0
1792,2021-10-22 06:08:23,52300.0,300.0,3161200.0
1793,2021-10-22 06:08:23,52300.0,2000.0,3160900.0
1794,2021-10-22 06:08:23,52300.0,7800.0,3158900.0
1795,2021-10-22 06:08:20,52500.0,100.0,3151100.0
1796,2021-10-22 06:08:19,52500.0,700.0,3151000.0
1797,2021-10-22 06:08:19,52500.0,200.0,3150300.0
1798,2021-10-22 06:08:19,52500.0,200.0,3150100.0
1799,2021-10-22 06:08:19,52500.0,400.0,3149900.0
1800,2021-10-22 06:08:19,52500.0,500.0,3149500.0
1801,2021-10-22 06:08:10,52500.0,100.0,3149000.0
1802,2021-10-22 06:08:10,52500.0,1000.0,3148900.0
1803,2021-10-22 06:08:10,52500.0,1900.0,3147900.0
1804,2021-10-22 06:07:53,52500.0,100.0,3146000.0
1805,2021-10-22 06:07:53,52500.0,2000.0,3145900.0
1806,2021-10-22 06:07:53,52500.0,200.0,3143900.0
1807,2021-10-22 06:07:53,52500.0,500.0,3143700.0
1808,2021-10-22 06:07:53,52500.0,200.0,3143200.0
1809,2021-10-22 06:07:50,52500.0,100.0,3143000.0
1810,2021-10-22 06:07:50,52500.0,1000.0,3142900.0
1811,2021-10-22 06:07:50,52500.0,1000.0,3141900.0
1812,2021-10-22 06:07:50,52500.0,100.0,3140900.0
1813,2021-10-22 06:07:50,52500.0,10000.0,3140800.0
1814,2021-10-22 06:07:50,52500.0,6000.0,3130800.0
1815,2021-10-22 06:07:50,52400.0,300.0,3124800.0
1816,2021-10-22 06:07:50,52400.0,21500.0,3124500.0
1817,2021-10-22 06:07:36,52400.0,100.0,3103000.0
1818,2021-10-22 06:07:25,52400.0,2000.0,3102900.0
1819,2021-10-22 06:06:54,52400.0,3000.0,3100900.0
1820,2021-10-22 06:06:44,52300.0,100.0,3097900.0
1821,2021-10-22 06:06:44,52300.0,100.0,3097800.0
1822,2021-10-22 06:06:28,52300.0,100.0,3097700.0
1823,2021-10-22 06:06:20,52300.0,300.0,3097600.0
1824,2021-10-22 06:06:18,52400.0,800.0,3097300.0
1825,2021-10-22 06:06:18,52400.0,100.0,3096500.0
1826,2021-10-22 06:06:12,52300.0,100.0,3096400.0
1827,2021-10-22 06:05:50,52400.0,900.0,3096300.0
1828,2021-10-22 06:05:50,52400.0,10000.0,3095400.0
1829,2021-10-22 06:05:50,52400.0,200.0,3085400.0
1830,2021-10-22 06:05:50,52400.0,200.0,3085200.0
1831,2021-10-22 06:05:50,52400.0,500.0,3085000.0
1832,2021-10-22 06:05:50,52400.0,100.0,3084500.0
1833,2021-10-22 06:05:50,52400.0,500.0,3084400.0
1834,2021-10-22 06:05:50,52400.0,100.0,3083900.0
1835,2021-10-22 06:05:50,52400.0,1000.0,3083800.0
1836,2021-10-22 06:05:50,52400.0,6300.0,3082800.0
1837,2021-10-22 06:05:50,52300.0,1100.0,3076500.0
1838,2021-10-22 06:05:50,52300.0,200.0,3075400.0
1839,2021-10-22 06:05:50,52300.0,200.0,3075200.0
1840,2021-10-22 06:05:50,52300.0,500.0,3075000.0
1841,2021-10-22 06:05:50,52300.0,3200.0,3074500.0
1842,2021-10-22 06:05:47,52300.0,1800.0,3071300.0
1843,2021-10-22 06:05:47,52300.0,100.0,3069500.0
1844,2021-10-22 06:05:47,52300.0,300.0,3069400.0
1845,2021-10-22 06:05:47,52300.0,100.0,3069100.0
1846,2021-10-22 06:05:47,52300.0,1000.0,3069000.0
1847,2021-10-22 06:05:47,52300.0,1000.0,3068000.0
1848,2021-10-22 06:05:47,52300.0,700.0,3067000.0
1849,2021-10-22 06:05:41,52300.0,1100.0,3066300.0
1850,2021-10-22 06:05:41,52300.0,100.0,3065200.0
1851,2021-10-22 06:05:41,52300.0,500.0,3065100.0
1852,2021-10-22 06:05:41,52300.0,100.0,3064600.0
1853,2021-10-22 06:05:41,52300.0,100.0,3064500.0
1854,2021-10-22 06:05:41,52300.0,100.0,3064400.0
1855,2021-10-22 06:05:00,52300.0,1800.0,3064300.0
1856,2021-10-22 06:04:43,52300.0,3000.0,3062500.0
1857,2021-10-22 06:04:22,52200.0,3000.0,3059500.0
1858,2021-10-22 06:04:08,52300.0,300.0,3056500.0
1859,2021-10-22 06:03:49,52300.0,2000.0,3056200.0
1860,2021-10-22 06:03:44,52200.0,200.0,3054200.0
1861,2021-10-22 06:03:44,52200.0,3700.0,3054000.0
1862,2021-10-22 06:03:31,52200.0,1300.0,3050300.0
1863,2021-10-22 06:03:31,52300.0,100.0,3049000.0
1864,2021-10-22 06:03:25,52200.0,3700.0,3048900.0
1865,2021-10-22 06:03:25,52200.0,400.0,3045200.0
1866,2021-10-22 06:03:25,52200.0,200.0,3044800.0
1867,2021-10-22 06:03:25,52200.0,200.0,3044600.0
1868,2021-10-22 06:03:25,52200.0,100.0,3044400.0
1869,2021-10-22 06:03:25,52200.0,400.0,3044300.0
1870,2021-10-22 06:03:24,52200.0,100.0,3043900.0
1871,2021-10-22 06:03:24,52200.0,300.0,3043800.0
1872,2021-10-22 06:03:24,52200.0,200.0,3043500.0
1873,2021-10-22 06:03:24,52200.0,100.0,3043300.0
1874,2021-10-22 06:03:24,52200.0,500.0,3043200.0
1875,2021-10-22 06:03:24,52200.0,300.0,3042700.0
1876,2021-10-22 06:03:24,52200.0,500.0,3042400.0
1877,2021-10-22 06:03:15,52300.0,300.0,3041900.0
1878,2021-10-22 06:02:12,52300.0,3300.0,3041600.0
1879,2021-10-22 06:01:55,52300.0,5000.0,3038300.0
1880,2021-10-22 06:01:18,52300.0,200.0,3033300.0
1881,2021-10-22 06:00:31,52300.0,400.0,3033100.0
1882,2021-10-22 06:00:21,52200.0,100.0,3032700.0
1883,2021-10-22 06:00:09,52200.0,200.0,3032600.0
1884,2021-10-22 06:00:05,52200.0,100.0,3032400.0
1885,2021-10-22 06:00:04,52200.0,100.0,3032300.0
1886,2021-10-22 06:00:04,52200.0,100.0,3032200.0
1887,2021-10-22 06:00:04,52200.0,100.0,3032100.0
1888,2021-10-22 06:00:04,52200.0,500.0,3032000.0
1889,2021-10-22 06:00:04,52200.0,1500.0,3031500.0
1890,2021-10-22 06:00:04,52200.0,100.0,3030000.0
1891,2021-10-22 06:00:04,52200.0,5000.0,3029900.0
1892,2021-10-22 06:00:04,52200.0,1700.0,3024900.0
1893,2021-10-22 06:00:02,52200.0,2000.0,3023200.0
1894,2021-10-22 04:29:42,52200.0,300.0,3021200.0
1895,2021-10-22 04:29:42,52200.0,700.0,3020900.0
1896,2021-10-22 04:29:29,52200.0,1800.0,3020200.0
1897,2021-10-22 04:29:25,52200.0,100.0,3018400.0
1898,2021-10-22 04:29:16,52300.0,6000.0,3018300.0
1899,2021-10-22 04:28:52,52200.0,400.0,3012300.0
1900,2021-10-22 04:28:04,52300.0,500.0,3011900.0
1901,2021-10-22 04:27:34,52300.0,100.0,3011400.0
1902,2021-10-22 04:27:30,52200.0,200.0,3011300.0
1903,2021-10-22 04:27:29,52200.0,100.0,3011100.0
1904,2021-10-22 04:27:23,52200.0,200.0,3011000.0
1905,2021-10-22 04:27:14,52200.0,3000.0,3010800.0
1906,2021-10-22 04:26:12,52300.0,5000.0,3007800.0
1907,2021-10-22 04:26:03,52200.0,100.0,3002800.0
1908,2021-10-22 04:25:03,52200.0,500.0,3002700.0
1909,2021-10-22 04:24:43,52200.0,100.0,3002200.0
1910,2021-10-22 04:24:43,52200.0,1800.0,3002100.0
1911,2021-10-22 04:24:41,52200.0,2000.0,3000300.0
1912,2021-10-22 04:24:33,52200.0,6200.0,2998300.0
1913,2021-10-22 04:24:33,52200.0,500.0,2992100.0
1914,2021-10-22 04:24:33,52200.0,200.0,2991600.0
1915,2021-10-22 04:24:33,52200.0,3100.0,2991400.0
1916,2021-10-22 04:23:35,52200.0,2900.0,2988300.0
1917,2021-10-22 04:23:35,52200.0,7100.0,2985400.0
1918,2021-10-22 04:23:09,52200.0,1000.0,2978300.0
1919,2021-10-22 04:22:59,52100.0,2000.0,2977300.0
1920,2021-10-22 04:22:57,52200.0,100.0,2975300.0
1921,2021-10-22 04:22:24,52200.0,200.0,2975200.0
1922,2021-10-22 04:22:03,52200.0,700.0,2975000.0
1923,2021-10-22 04:22:01,52200.0,100.0,2974300.0
1924,2021-10-22 04:21:41,52100.0,100.0,2974200.0
1925,2021-10-22 04:21:37,52100.0,1500.0,2974100.0
1926,2021-10-22 04:21:08,52100.0,600.0,2972600.0
1927,2021-10-22 04:21:08,52100.0,2000.0,2972000.0
1928,2021-10-22 04:21:08,52100.0,100.0,2970000.0
1929,2021-10-22 04:21:08,52100.0,3000.0,2969900.0
1930,2021-10-22 04:21:08,52100.0,6500.0,2966900.0
1931,2021-10-22 04:20:15,52000.0,400.0,2960400.0
1932,2021-10-22 04:20:15,52000.0,2000.0,2960000.0
1933,2021-10-22 04:20:15,52000.0,200.0,2958000.0
1934,2021-10-22 04:20:15,52000.0,1000.0,2957800.0
1935,2021-10-22 04:20:15,52000.0,1000.0,2956800.0
1936,2021-10-22 04:20:15,52000.0,400.0,2955800.0
1937,2021-10-22 04:20:13,52100.0,400.0,2955400.0
1938,2021-10-22 04:20:04,52000.0,100.0,2955000.0
1939,2021-10-22 04:18:55,52000.0,100.0,2954900.0
1940,2021-10-22 04:18:41,52000.0,1000.0,2954800.0
1941,2021-10-22 04:18:20,52000.0,1000.0,2953800.0
1942,2021-10-22 04:18:07,52000.0,300.0,2952800.0
1943,2021-10-22 04:18:06,52100.0,100.0,2952500.0
1944,2021-10-22 04:18:02,52000.0,2100.0,2952400.0
1945,2021-10-22 04:18:02,52000.0,2900.0,2950300.0
1946,2021-10-22 04:17:22,52100.0,300.0,2947400.0
1947,2021-10-22 04:17:07,52100.0,100.0,2947100.0
1948,2021-10-22 04:17:07,52100.0,900.0,2947000.0
1949,2021-10-22 04:17:07,52100.0,1000.0,2946100.0
1950,2021-10-22 04:17:07,52100.0,1300.0,2945100.0
1951,2021-10-22 04:17:07,52100.0,500.0,2943800.0
1952,2021-10-22 04:17:07,52100.0,100.0,2943300.0
1953,2021-10-22 04:17:07,52100.0,100.0,2943200.0
1954,2021-10-22 04:17:07,52100.0,500.0,2943100.0
1955,2021-10-22 04:17:07,52100.0,500.0,2942600.0
1956,2021-10-22 04:17:07,52100.0,100.0,2942100.0
1957,2021-10-22 04:17:07,52100.0,8600.0,2942000.0
1958,2021-10-22 04:17:04,52100.0,5000.0,2933400.0
1959,2021-10-22 04:16:38,52100.0,500.0,2928400.0
1960,2021-10-22 04:15:30,52100.0,5000.0,2927900.0
1961,2021-10-22 04:15:24,52100.0,500.0,2922900.0
1962,2021-10-22 04:15:04,52100.0,10400.0,2922400.0
1963,2021-10-22 04:15:04,52100.0,200.0,2912000.0
1964,2021-10-22 04:15:04,52100.0,2400.0,2911800.0
1965,2021-10-22 04:14:17,52100.0,100.0,2909400.0
1966,2021-10-22 04:13:54,52100.0,100.0,2909300.0
1967,2021-10-22 04:13:31,52100.0,1500.0,2909200.0
1968,2021-10-22 04:11:58,52100.0,11100.0,2907700.0
1969,2021-10-22 04:10:13,52200.0,4300.0,2896600.0
1970,2021-10-22 04:10:13,52200.0,5700.0,2892300.0
1971,2021-10-22 04:10:11,52200.0,2000.0,2886600.0
1972,2021-10-22 04:09:52,52200.0,1100.0,2884600.0
1973,2021-10-22 04:09:41,52200.0,2000.0,2883500.0
1974,2021-10-22 04:09:36,52300.0,100.0,2881500.0
1975,2021-10-22 04:09:04,52200.0,1000.0,2881400.0
1976,2021-10-22 04:08:35,52300.0,1000.0,2880400.0
1977,2021-10-22 04:08:29,52200.0,2000.0,2879400.0
1978,2021-10-22 04:08:13,52200.0,1100.0,2877400.0
1979,2021-10-22 04:08:04,52200.0,12000.0,2876300.0
1980,2021-10-22 04:07:46,52200.0,5000.0,2864300.0
1981,2021-10-22 04:07:39,52200.0,100.0,2859300.0
1982,2021-10-22 04:07:33,52200.0,100.0,2859200.0
1983,2021-10-22 04:07:18,52200.0,10000.0,2859100.0
1984,2021-10-22 04:07:16,52200.0,7900.0,2849100.0
1985,2021-10-22 04:07:08,52300.0,1000.0,2841200.0
1986,2021-10-22 04:06:14,52300.0,2500.0,2840200.0
1987,2021-10-22 04:05:59,52300.0,300.0,2837700.0
1988,2021-10-22 04:05:59,52300.0,1500.0,2837400.0
1989,2021-10-22 04:05:59,52300.0,500.0,2835900.0
1990,2021-10-22 04:05:59,52300.0,400.0,2835400.0
1991,2021-10-22 04:05:59,52300.0,100.0,2835000.0
1992,2021-10-22 04:05:59,52300.0,1700.0,2834900.0
1993,2021-10-22 04:04:40,52300.0,100.0,2833200.0
1994,2021-10-22 04:04:40,52300.0,100.0,2833100.0
1995,2021-10-22 04:04:40,52300.0,100.0,2833000.0
1996,2021-10-22 04:03:47,52300.0,100.0,2832900.0
1997,2021-10-22 04:03:47,52300.0,200.0,2832800.0
1998,2021-10-22 04:03:47,52300.0,500.0,2832600.0
1999,2021-10-22 04:03:47,52300.0,1300.0,2832100.0
2000,2021-10-22 04:03:47,52300.0,1500.0,2830800.0
2001,2021-10-22 04:03:47,52300.0,700.0,2829300.0
2002,2021-10-22 04:03:47,52300.0,7800.0,2828600.0
2003,2021-10-22 04:03:33,52300.0,3000.0,2820800.0
2004,2021-10-22 04:03:28,52300.0,200.0,2817800.0
2005,2021-10-22 04:03:19,52300.0,100.0,2817600.0
2006,2021-10-22 04:03:11,52300.0,100.0,2817500.0
2007,2021-10-22 04:02:58,52300.0,1800.0,2817400.0
2008,2021-10-22 04:02:58,52300.0,300.0,2815600.0
2009,2021-10-22 04:02:58,52300.0,7900.0,2815300.0
2010,2021-10-22 04:02:53,52300.0,1000.0,2807400.0
2011,2021-10-22 04:02:28,52300.0,1500.0,2806400.0
2012,2021-10-22 04:01:10,52400.0,3700.0,2804900.0
2013,2021-10-22 04:00:37,52500.0,2000.0,2801200.0
2014,2021-10-22 04:00:27,52400.0,500.0,2799200.0
2015,2021-10-22 04:00:24,52400.0,100.0,2798700.0
2016,2021-10-22 04:00:22,52400.0,700.0,2798600.0
2017,2021-10-22 04:00:22,52400.0,3800.0,2797900.0
2018,2021-10-22 04:00:22,52400.0,300.0,2794100.0
2019,2021-10-22 04:00:22,52400.0,1000.0,2793800.0
2020,2021-10-22 04:00:22,52400.0,200.0,2792800.0
2021,2021-10-22 04:00:02,52400.0,100.0,2792600.0
2022,2021-10-22 03:59:19,52400.0,500.0,2792500.0
2023,2021-10-22 03:59:13,52500.0,200.0,2792000.0
2024,2021-10-22 03:58:42,52500.0,6000.0,2791800.0
2025,2021-10-22 03:58:09,52500.0,100.0,2785800.0
2026,2021-10-22 03:57:55,52500.0,800.0,2785700.0
2027,2021-10-22 03:57:55,52500.0,1200.0,2784900.0
2028,2021-10-22 03:57:51,52400.0,200.0,2783700.0
2029,2021-10-22 03:57:51,52400.0,300.0,2783500.0
2030,2021-10-22 03:57:39,52400.0,100.0,2783200.0
2031,2021-10-22 03:57:37,52400.0,300.0,2783100.0
2032,2021-10-22 03:57:21,52400.0,300.0,2782800.0
2033,2021-10-22 03:56:28,52500.0,1000.0,2782500.0
2034,2021-10-22 03:56:03,52500.0,200.0,2781500.0
2035,2021-10-22 03:55:48,52300.0,4600.0,2781300.0
2036,2021-10-22 03:55:48,52300.0,1000.0,2776700.0
2037,2021-10-22 03:55:48,52300.0,200.0,2775700.0
2038,2021-10-22 03:55:48,52300.0,700.0,2775500.0
2039,2021-10-22 03:55:48,52300.0,3000.0,2774800.0
2040,2021-10-22 03:55:48,52300.0,100.0,2771800.0
2041,2021-10-22 03:55:48,52300.0,100.0,2771700.0
2042,2021-10-22 03:55:48,52300.0,300.0,2771600.0
2043,2021-10-22 03:55:32,52500.0,2600.0,2771300.0
2044,2021-10-22 03:55:32,52500.0,700.0,2768700.0
2045,2021-10-22 03:55:32,52500.0,500.0,2768000.0
