,Time,Price,Volume_per_trade,Volume
0,2021-10-01 14:45:01,18750.0,500.0,1723500.0
1,2021-10-01 14:45:01,18750.0,5000.0,1723000.0
2,2021-10-01 14:45:01,18750.0,2000.0,1718000.0
3,2021-10-01 14:45:01,18750.0,100.0,1716000.0
4,2021-10-01 14:45:01,18750.0,100.0,1715900.0
5,2021-10-01 14:45:01,18750.0,500.0,1715800.0
6,2021-10-01 14:45:01,18750.0,100.0,1715300.0
7,2021-10-01 14:45:01,18750.0,200.0,1715200.0
8,2021-10-01 14:45:01,18750.0,1800.0,1715000.0
9,2021-10-01 14:45:01,18750.0,800.0,1713200.0
10,2021-10-01 14:45:01,18750.0,100.0,1712400.0
11,2021-10-01 14:45:01,18750.0,300.0,1712300.0
12,2021-10-01 14:45:01,18750.0,700.0,1712000.0
13,2021-10-01 14:45:01,18750.0,1000.0,1711300.0
14,2021-10-01 14:45:01,18750.0,300.0,1710300.0
15,2021-10-01 14:45:01,18750.0,2000.0,1710000.0
16,2021-10-01 14:45:01,18750.0,100.0,1708000.0
17,2021-10-01 14:45:01,18750.0,500.0,1707900.0
18,2021-10-01 14:45:01,18750.0,500.0,1707400.0
19,2021-10-01 14:45:01,18750.0,100.0,1706900.0
20,2021-10-01 14:45:01,18750.0,200.0,1706800.0
21,2021-10-01 14:45:01,18750.0,1000.0,1706600.0
22,2021-10-01 14:45:01,18750.0,200.0,1705600.0
23,2021-10-01 14:45:01,18750.0,3800.0,1705400.0
24,2021-10-01 14:45:01,18750.0,100.0,1701600.0
25,2021-10-01 14:45:01,18750.0,300.0,1701500.0
26,2021-10-01 14:45:01,18750.0,500.0,1701200.0
27,2021-10-01 14:45:01,18750.0,1300.0,1700700.0
28,2021-10-01 14:45:01,18750.0,700.0,1699400.0
29,2021-10-01 14:29:55,18800.0,3600.0,1698700.0
30,2021-10-01 14:29:51,18800.0,2800.0,1695100.0
31,2021-10-01 14:29:51,18800.0,400.0,1692300.0
32,2021-10-01 14:29:51,18800.0,1800.0,1691900.0
33,2021-10-01 14:29:40,18800.0,1000.0,1690100.0
34,2021-10-01 14:29:20,18800.0,500.0,1689100.0
35,2021-10-01 14:29:20,18800.0,200.0,1688600.0
36,2021-10-01 14:29:12,18800.0,300.0,1688400.0
37,2021-10-01 14:29:12,18800.0,200.0,1688100.0
38,2021-10-01 14:29:12,18800.0,100.0,1687900.0
39,2021-10-01 14:29:12,18800.0,300.0,1687800.0
40,2021-10-01 14:29:12,18800.0,100.0,1687500.0
41,2021-10-01 14:29:05,18800.0,900.0,1687400.0
42,2021-10-01 14:29:05,18800.0,2100.0,1686500.0
43,2021-10-01 14:28:51,18800.0,100.0,1684400.0
44,2021-10-01 14:28:49,18800.0,2800.0,1684300.0
45,2021-10-01 14:28:49,18800.0,1500.0,1681500.0
46,2021-10-01 14:28:49,18800.0,100.0,1680000.0
47,2021-10-01 14:28:49,18800.0,200.0,1679900.0
48,2021-10-01 14:28:49,18800.0,100.0,1679700.0
49,2021-10-01 14:28:49,18800.0,300.0,1679600.0
50,2021-10-01 14:28:49,18800.0,200.0,1679300.0
51,2021-10-01 14:28:16,18800.0,100.0,1679100.0
52,2021-10-01 14:28:16,18800.0,200.0,1679000.0
53,2021-10-01 14:27:34,18800.0,1000.0,1678800.0
54,2021-10-01 14:27:21,18800.0,1000.0,1677800.0
55,2021-10-01 14:27:18,18800.0,300.0,1676800.0
56,2021-10-01 14:27:15,18800.0,100.0,1676500.0
57,2021-10-01 14:27:08,18800.0,100.0,1676400.0
58,2021-10-01 14:27:08,18800.0,200.0,1676300.0
59,2021-10-01 14:27:08,18800.0,500.0,1676100.0
60,2021-10-01 14:27:08,18800.0,200.0,1675600.0
61,2021-10-01 14:26:57,18800.0,200.0,1675400.0
62,2021-10-01 14:26:55,18750.0,600.0,1675200.0
63,2021-10-01 14:26:55,18800.0,100.0,1674600.0
64,2021-10-01 14:26:32,18800.0,500.0,1674500.0
65,2021-10-01 14:26:11,18800.0,1000.0,1674000.0
66,2021-10-01 14:26:04,18800.0,200.0,1673000.0
67,2021-10-01 14:26:04,18800.0,500.0,1672800.0
68,2021-10-01 14:26:04,18800.0,1000.0,1672300.0
69,2021-10-01 14:26:04,18800.0,100.0,1671300.0
70,2021-10-01 14:26:01,18800.0,400.0,1671200.0
71,2021-10-01 14:26:01,18800.0,1000.0,1670800.0
72,2021-10-01 14:25:59,18800.0,300.0,1669800.0
73,2021-10-01 14:25:56,18800.0,3300.0,1669500.0
74,2021-10-01 14:25:56,18800.0,500.0,1666200.0
75,2021-10-01 14:25:56,18800.0,1200.0,1665700.0
76,2021-10-01 14:25:37,18800.0,900.0,1664500.0
77,2021-10-01 14:25:19,18800.0,900.0,1663600.0
78,2021-10-01 14:25:19,18800.0,100.0,1662700.0
79,2021-10-01 14:25:15,18800.0,800.0,1662600.0
80,2021-10-01 14:24:56,18800.0,600.0,1661800.0
81,2021-10-01 14:24:56,18800.0,100.0,1661200.0
82,2021-10-01 14:24:56,18800.0,600.0,1661100.0
83,2021-10-01 14:24:56,18800.0,500.0,1660500.0
84,2021-10-01 14:24:56,18800.0,800.0,1660000.0
85,2021-10-01 14:24:21,18800.0,1200.0,1659200.0
86,2021-10-01 14:24:21,18800.0,100.0,1658000.0
87,2021-10-01 14:24:21,18800.0,200.0,1657900.0
88,2021-10-01 14:24:21,18800.0,300.0,1657700.0
89,2021-10-01 14:24:21,18800.0,500.0,1657400.0
90,2021-10-01 14:24:21,18800.0,700.0,1656900.0
91,2021-10-01 14:24:17,18800.0,300.0,1656200.0
92,2021-10-01 14:24:17,18800.0,100.0,1655900.0
93,2021-10-01 14:24:17,18800.0,100.0,1655800.0
94,2021-10-01 14:24:17,18800.0,200.0,1655700.0
95,2021-10-01 14:24:17,18800.0,100.0,1655500.0
96,2021-10-01 14:24:17,18800.0,200.0,1655400.0
97,2021-10-01 14:24:17,18800.0,1000.0,1655200.0
98,2021-10-01 14:24:17,18800.0,1900.0,1654200.0
99,2021-10-01 14:24:13,18750.0,1000.0,1652300.0
100,2021-10-01 14:24:11,18750.0,200.0,1651300.0
101,2021-10-01 14:23:41,18750.0,3000.0,1651100.0
102,2021-10-01 14:23:24,18750.0,200.0,1648100.0
103,2021-10-01 14:23:20,18800.0,200.0,1647900.0
104,2021-10-01 14:23:20,18800.0,100.0,1647700.0
105,2021-10-01 14:23:20,18800.0,500.0,1647600.0
106,2021-10-01 14:23:20,18800.0,200.0,1647100.0
107,2021-10-01 14:23:20,18800.0,3400.0,1646900.0
108,2021-10-01 14:23:20,18800.0,100.0,1643500.0
109,2021-10-01 14:23:20,18800.0,500.0,1643400.0
110,2021-10-01 14:23:20,18800.0,100.0,1642900.0
111,2021-10-01 14:23:20,18800.0,1000.0,1642800.0
112,2021-10-01 14:23:20,18800.0,100.0,1641800.0
113,2021-10-01 14:23:20,18800.0,1000.0,1641700.0
114,2021-10-01 14:23:20,18800.0,100.0,1640700.0
115,2021-10-01 14:23:20,18800.0,200.0,1640600.0
116,2021-10-01 14:23:20,18800.0,1000.0,1640400.0
117,2021-10-01 14:23:20,18800.0,300.0,1639400.0
118,2021-10-01 14:23:20,18800.0,1200.0,1639100.0
119,2021-10-01 14:23:19,18800.0,800.0,1637900.0
120,2021-10-01 14:23:19,18800.0,200.0,1637100.0
121,2021-10-01 14:22:50,18800.0,100.0,1636900.0
122,2021-10-01 14:22:42,18800.0,900.0,1636800.0
123,2021-10-01 14:22:42,18800.0,200.0,1635900.0
124,2021-10-01 14:22:42,18800.0,600.0,1635700.0
125,2021-10-01 14:22:42,18800.0,500.0,1635100.0
126,2021-10-01 14:22:42,18800.0,1000.0,1634600.0
127,2021-10-01 14:22:42,18800.0,200.0,1633600.0
128,2021-10-01 14:22:42,18800.0,1000.0,1633400.0
129,2021-10-01 14:22:42,18800.0,100.0,1632400.0
130,2021-10-01 14:22:42,18800.0,1000.0,1632300.0
131,2021-10-01 14:22:42,18800.0,2000.0,1631300.0
132,2021-10-01 14:22:42,18800.0,1200.0,1629300.0
133,2021-10-01 14:22:42,18800.0,100.0,1628100.0
134,2021-10-01 14:22:42,18800.0,1200.0,1628000.0
135,2021-10-01 14:22:41,18800.0,100.0,1626800.0
136,2021-10-01 14:22:41,18800.0,200.0,1626700.0
137,2021-10-01 14:22:41,18800.0,300.0,1626500.0
138,2021-10-01 14:22:23,18800.0,200.0,1626200.0
139,2021-10-01 14:22:20,18800.0,100.0,1626000.0
140,2021-10-01 14:22:06,18750.0,4000.0,1625900.0
141,2021-10-01 14:21:57,18750.0,100.0,1621900.0
142,2021-10-01 14:21:49,18800.0,100.0,1621800.0
143,2021-10-01 14:21:46,18750.0,100.0,1621700.0
144,2021-10-01 14:21:30,18750.0,3000.0,1621600.0
145,2021-10-01 14:20:34,18750.0,100.0,1618600.0
146,2021-10-01 14:20:19,18800.0,100.0,1618500.0
147,2021-10-01 14:19:51,18800.0,500.0,1618400.0
148,2021-10-01 14:19:50,18800.0,1200.0,1617900.0
149,2021-10-01 14:19:50,18800.0,600.0,1616700.0
150,2021-10-01 14:19:50,18800.0,100.0,1616100.0
151,2021-10-01 14:19:50,18800.0,100.0,1616000.0
152,2021-10-01 14:19:31,18800.0,200.0,1615900.0
153,2021-10-01 14:19:28,18800.0,500.0,1615700.0
154,2021-10-01 14:19:02,18800.0,1200.0,1615200.0
155,2021-10-01 14:19:02,18800.0,200.0,1614000.0
156,2021-10-01 14:19:02,18800.0,800.0,1613800.0
157,2021-10-01 14:18:57,18800.0,100.0,1613000.0
158,2021-10-01 14:18:57,18800.0,200.0,1612900.0
159,2021-10-01 14:18:51,18750.0,100.0,1612700.0
160,2021-10-01 14:18:30,18800.0,500.0,1612600.0
161,2021-10-01 14:18:27,18800.0,300.0,1612100.0
162,2021-10-01 14:18:13,18800.0,500.0,1611800.0
163,2021-10-01 14:18:03,18800.0,200.0,1611300.0
164,2021-10-01 14:17:01,18750.0,400.0,1611100.0
165,2021-10-01 14:17:01,18750.0,200.0,1610700.0
166,2021-10-01 14:17:01,18750.0,300.0,1610500.0
167,2021-10-01 14:17:01,18750.0,1200.0,1610200.0
168,2021-10-01 14:16:58,18800.0,300.0,1609000.0
169,2021-10-01 14:16:54,18800.0,100.0,1608700.0
170,2021-10-01 14:16:53,18800.0,2000.0,1608600.0
171,2021-10-01 14:16:34,18800.0,500.0,1606600.0
172,2021-10-01 14:16:22,18800.0,500.0,1606100.0
173,2021-10-01 14:15:20,18800.0,8700.0,1605600.0
174,2021-10-01 14:15:17,18800.0,1000.0,1596900.0
175,2021-10-01 14:15:11,18800.0,100.0,1595900.0
176,2021-10-01 14:15:07,18800.0,500.0,1595800.0
177,2021-10-01 14:15:05,18800.0,600.0,1595300.0
178,2021-10-01 14:14:34,18800.0,100.0,1594700.0
179,2021-10-01 14:14:12,18750.0,3800.0,1594600.0
180,2021-10-01 14:14:12,18750.0,500.0,1590800.0
181,2021-10-01 14:14:12,18750.0,500.0,1590300.0
182,2021-10-01 14:14:12,18750.0,200.0,1589800.0
183,2021-10-01 14:14:10,18750.0,100.0,1589600.0
184,2021-10-01 14:14:10,18750.0,100.0,1589500.0
185,2021-10-01 14:14:10,18750.0,200.0,1589400.0
186,2021-10-01 14:14:10,18750.0,200.0,1589200.0
187,2021-10-01 14:14:10,18750.0,500.0,1589000.0
188,2021-10-01 14:14:10,18750.0,100.0,1588500.0
189,2021-10-01 14:14:10,18750.0,800.0,1588400.0
190,2021-10-01 14:13:35,18750.0,300.0,1587600.0
191,2021-10-01 14:13:35,18750.0,200.0,1587300.0
192,2021-10-01 14:13:07,18750.0,500.0,1587100.0
193,2021-10-01 14:12:52,18750.0,1300.0,1586600.0
194,2021-10-01 14:12:52,18750.0,2000.0,1585300.0
195,2021-10-01 14:12:52,18750.0,400.0,1583300.0
196,2021-10-01 14:12:52,18750.0,100.0,1582900.0
197,2021-10-01 14:12:52,18750.0,1200.0,1582800.0
198,2021-10-01 14:12:44,18750.0,100.0,1581600.0
199,2021-10-01 14:12:37,18750.0,2300.0,1581500.0
200,2021-10-01 14:12:24,18750.0,100.0,1579200.0
201,2021-10-01 14:11:21,18750.0,1000.0,1579100.0
202,2021-10-01 14:11:19,18750.0,300.0,1578100.0
203,2021-10-01 14:11:19,18750.0,100.0,1577800.0
204,2021-10-01 14:11:19,18750.0,200.0,1577700.0
205,2021-10-01 14:11:19,18750.0,1500.0,1577500.0
206,2021-10-01 14:10:27,18750.0,200.0,1576000.0
207,2021-10-01 14:09:59,18750.0,100.0,1575800.0
208,2021-10-01 14:09:41,18750.0,1000.0,1575700.0
209,2021-10-01 14:09:37,18750.0,300.0,1574700.0
210,2021-10-01 14:08:35,18750.0,500.0,1574400.0
211,2021-10-01 14:07:59,18750.0,1000.0,1573900.0
212,2021-10-01 14:07:41,18800.0,1000.0,1572900.0
213,2021-10-01 14:07:22,18800.0,1000.0,1571900.0
214,2021-10-01 14:06:29,18800.0,500.0,1570900.0
215,2021-10-01 14:06:25,18750.0,300.0,1570400.0
216,2021-10-01 14:06:12,18750.0,100.0,1570100.0
217,2021-10-01 14:06:12,18750.0,100.0,1570000.0
218,2021-10-01 14:05:37,18750.0,500.0,1569900.0
219,2021-10-01 14:05:20,18750.0,400.0,1569400.0
220,2021-10-01 14:05:20,18750.0,200.0,1569000.0
221,2021-10-01 14:04:31,18750.0,600.0,1568800.0
222,2021-10-01 14:02:22,18800.0,500.0,1568200.0
223,2021-10-01 14:00:27,18800.0,300.0,1567700.0
224,2021-10-01 14:00:00,18750.0,200.0,1567400.0
225,2021-10-01 14:00:00,18750.0,100.0,1567200.0
226,2021-10-01 13:59:43,18800.0,1000.0,1567100.0
227,2021-10-01 13:59:14,18750.0,900.0,1566100.0
228,2021-10-01 13:59:14,18750.0,100.0,1565200.0
229,2021-10-01 13:58:21,18750.0,1000.0,1565100.0
230,2021-10-01 13:58:13,18750.0,300.0,1564100.0
231,2021-10-01 13:57:48,18750.0,100.0,1563800.0
232,2021-10-01 13:56:55,18800.0,900.0,1563700.0
233,2021-10-01 13:56:42,18800.0,100.0,1562800.0
234,2021-10-01 13:56:34,18800.0,5400.0,1562700.0
235,2021-10-01 13:56:21,18800.0,400.0,1557300.0
236,2021-10-01 13:55:37,18800.0,500.0,1556900.0
237,2021-10-01 13:55:04,18800.0,200.0,1556400.0
238,2021-10-01 13:54:32,18800.0,500.0,1556200.0
239,2021-10-01 13:53:25,18750.0,1600.0,1555700.0
240,2021-10-01 13:53:25,18750.0,1800.0,1554100.0
241,2021-10-01 13:53:25,18750.0,100.0,1552300.0
242,2021-10-01 13:53:25,18750.0,100.0,1552200.0
243,2021-10-01 13:52:22,18750.0,200.0,1552100.0
244,2021-10-01 13:52:10,18750.0,100.0,1551900.0
245,2021-10-01 13:52:00,18750.0,100.0,1551800.0
246,2021-10-01 13:51:38,18800.0,100.0,1551700.0
247,2021-10-01 13:51:28,18800.0,3000.0,1551600.0
248,2021-10-01 13:51:27,18750.0,2000.0,1548600.0
249,2021-10-01 13:50:32,18750.0,200.0,1546600.0
250,2021-10-01 13:50:25,18750.0,500.0,1546400.0
251,2021-10-01 13:50:18,18800.0,100.0,1545900.0
252,2021-10-01 13:49:54,18800.0,2000.0,1545800.0
253,2021-10-01 13:49:19,18750.0,1000.0,1543800.0
254,2021-10-01 13:49:09,18750.0,500.0,1542800.0
255,2021-10-01 13:48:26,18750.0,1000.0,1542300.0
256,2021-10-01 13:48:17,18750.0,1000.0,1541300.0
257,2021-10-01 13:47:56,18750.0,100.0,1540300.0
258,2021-10-01 13:47:18,18750.0,300.0,1540200.0
259,2021-10-01 13:47:13,18750.0,100.0,1539900.0
260,2021-10-01 13:47:02,18750.0,1500.0,1539800.0
261,2021-10-01 13:47:02,18750.0,1000.0,1538300.0
262,2021-10-01 13:47:02,18750.0,500.0,1537300.0
263,2021-10-01 13:46:47,18750.0,1000.0,1536800.0
264,2021-10-01 13:46:06,18750.0,600.0,1535800.0
265,2021-10-01 13:46:01,18750.0,1500.0,1535200.0
266,2021-10-01 13:45:47,18750.0,1000.0,1533700.0
267,2021-10-01 13:44:35,18750.0,500.0,1532700.0
268,2021-10-01 13:44:25,18750.0,1000.0,1532200.0
269,2021-10-01 13:44:08,18750.0,500.0,1531200.0
270,2021-10-01 13:44:08,18750.0,1000.0,1530700.0
271,2021-10-01 13:43:59,18800.0,600.0,1529700.0
272,2021-10-01 13:43:10,18800.0,1000.0,1529100.0
273,2021-10-01 13:42:51,18800.0,1000.0,1528100.0
274,2021-10-01 13:42:43,18800.0,2000.0,1527100.0
275,2021-10-01 13:42:29,18800.0,1000.0,1525100.0
276,2021-10-01 13:41:47,18800.0,3800.0,1524100.0
277,2021-10-01 13:40:47,18800.0,100.0,1520300.0
278,2021-10-01 13:40:39,18800.0,5000.0,1520200.0
279,2021-10-01 13:40:32,18800.0,5900.0,1515200.0
280,2021-10-01 13:40:31,18800.0,200.0,1509300.0
281,2021-10-01 13:40:31,18800.0,100.0,1509100.0
282,2021-10-01 13:40:11,18800.0,1500.0,1509000.0
283,2021-10-01 13:40:00,18800.0,100.0,1507500.0
284,2021-10-01 13:39:39,18800.0,10000.0,1507400.0
285,2021-10-01 13:38:43,18800.0,100.0,1497400.0
286,2021-10-01 13:38:33,18800.0,2300.0,1497300.0
287,2021-10-01 13:37:37,18800.0,100.0,1495000.0
288,2021-10-01 13:37:28,18800.0,1000.0,1494900.0
289,2021-10-01 13:37:06,18750.0,500.0,1493900.0
290,2021-10-01 13:36:50,18750.0,400.0,1493400.0
291,2021-10-01 13:36:44,18750.0,2000.0,1493000.0
292,2021-10-01 13:35:20,18750.0,2000.0,1491000.0
293,2021-10-01 13:35:00,18800.0,6000.0,1489000.0
294,2021-10-01 13:34:59,18800.0,1500.0,1483000.0
295,2021-10-01 13:34:51,18800.0,5000.0,1481500.0
296,2021-10-01 13:34:40,18800.0,100.0,1476500.0
297,2021-10-01 13:33:57,18800.0,500.0,1476400.0
298,2021-10-01 13:33:52,18800.0,3000.0,1475900.0
299,2021-10-01 13:33:08,18750.0,100.0,1472900.0
300,2021-10-01 13:33:08,18800.0,500.0,1472800.0
301,2021-10-01 13:33:05,18800.0,1000.0,1472300.0
302,2021-10-01 13:33:04,18800.0,1900.0,1471300.0
303,2021-10-01 13:32:40,18800.0,400.0,1469400.0
304,2021-10-01 13:32:20,18750.0,500.0,1469000.0
305,2021-10-01 13:31:43,18750.0,2000.0,1468500.0
306,2021-10-01 13:31:04,18800.0,40000.0,1466500.0
307,2021-10-01 13:30:59,18750.0,200.0,1426500.0
308,2021-10-01 13:30:40,18750.0,300.0,1426300.0
309,2021-10-01 13:29:53,18800.0,500.0,1426000.0
310,2021-10-01 13:29:12,18750.0,400.0,1425500.0
311,2021-10-01 13:29:04,18750.0,2000.0,1425100.0
312,2021-10-01 13:29:03,18750.0,100.0,1423100.0
313,2021-10-01 13:28:43,18750.0,300.0,1423000.0
314,2021-10-01 13:28:34,18750.0,500.0,1422700.0
315,2021-10-01 13:28:33,18750.0,100.0,1422200.0
316,2021-10-01 13:28:02,18750.0,500.0,1422100.0
317,2021-10-01 13:27:51,18750.0,500.0,1421600.0
318,2021-10-01 13:26:46,18750.0,1000.0,1421100.0
319,2021-10-01 13:26:04,18750.0,300.0,1420100.0
320,2021-10-01 13:25:49,18750.0,500.0,1419800.0
321,2021-10-01 13:25:33,18800.0,300.0,1419300.0
322,2021-10-01 13:25:25,18800.0,1000.0,1419000.0
323,2021-10-01 13:25:21,18800.0,10000.0,1418000.0
324,2021-10-01 13:25:06,18750.0,100.0,1408000.0
325,2021-10-01 13:25:06,18750.0,2600.0,1407900.0
326,2021-10-01 13:25:01,18800.0,8000.0,1405300.0
327,2021-10-01 13:25:01,18800.0,100.0,1397300.0
328,2021-10-01 13:24:33,18750.0,1000.0,1397200.0
329,2021-10-01 13:24:13,18750.0,1000.0,1396200.0
330,2021-10-01 13:24:11,18750.0,500.0,1395200.0
331,2021-10-01 13:24:09,18800.0,1000.0,1394700.0
332,2021-10-01 13:23:48,18800.0,200.0,1393700.0
333,2021-10-01 13:23:37,18800.0,500.0,1393500.0
334,2021-10-01 13:23:04,18800.0,1000.0,1393000.0
335,2021-10-01 13:23:00,18750.0,200.0,1392000.0
336,2021-10-01 13:22:45,18800.0,200.0,1391800.0
337,2021-10-01 13:22:37,18800.0,3600.0,1391600.0
338,2021-10-01 13:22:21,18800.0,5000.0,1388000.0
339,2021-10-01 13:22:19,18750.0,1000.0,1383000.0
340,2021-10-01 13:22:16,18750.0,200.0,1382000.0
341,2021-10-01 13:22:13,18750.0,1500.0,1381800.0
342,2021-10-01 13:22:00,18750.0,500.0,1380300.0
343,2021-10-01 13:20:33,18750.0,400.0,1379800.0
344,2021-10-01 13:20:28,18800.0,31000.0,1379400.0
345,2021-10-01 13:20:21,18750.0,300.0,1348400.0
346,2021-10-01 13:20:11,18800.0,1000.0,1348100.0
347,2021-10-01 13:20:04,18750.0,800.0,1347100.0
348,2021-10-01 13:20:04,18750.0,100.0,1346300.0
349,2021-10-01 13:20:04,18750.0,100.0,1346200.0
350,2021-10-01 13:19:52,18750.0,200.0,1346100.0
351,2021-10-01 13:19:37,18750.0,200.0,1345900.0
352,2021-10-01 13:19:20,18800.0,8800.0,1345700.0
353,2021-10-01 13:19:16,18750.0,800.0,1336900.0
354,2021-10-01 13:19:15,18800.0,300.0,1336100.0
355,2021-10-01 13:18:59,18800.0,900.0,1335800.0
356,2021-10-01 13:18:59,18750.0,1300.0,1334900.0
357,2021-10-01 13:18:37,18800.0,800.0,1333600.0
358,2021-10-01 13:18:18,18800.0,200.0,1332800.0
359,2021-10-01 13:18:14,18800.0,500.0,1332600.0
360,2021-10-01 13:18:02,18800.0,100.0,1332100.0
361,2021-10-01 13:18:00,18800.0,500.0,1332000.0
362,2021-10-01 13:18:00,18800.0,1000.0,1331500.0
363,2021-10-01 13:17:56,18750.0,500.0,1330500.0
364,2021-10-01 13:17:41,18800.0,1000.0,1330000.0
365,2021-10-01 13:17:36,18800.0,1700.0,1329000.0
366,2021-10-01 13:17:28,18800.0,1000.0,1327300.0
367,2021-10-01 13:17:24,18800.0,5000.0,1326300.0
368,2021-10-01 13:17:18,18800.0,4800.0,1321300.0
369,2021-10-01 13:17:00,18800.0,10000.0,1316500.0
370,2021-10-01 13:16:49,18750.0,1000.0,1306500.0
371,2021-10-01 13:16:49,18800.0,100.0,1305500.0
372,2021-10-01 13:16:38,18750.0,600.0,1305400.0
373,2021-10-01 13:16:22,18800.0,3800.0,1304800.0
374,2021-10-01 13:16:09,18800.0,5000.0,1301000.0
375,2021-10-01 13:15:55,18800.0,2000.0,1296000.0
376,2021-10-01 13:15:35,18800.0,1000.0,1294000.0
377,2021-10-01 13:15:31,18800.0,100.0,1293000.0
378,2021-10-01 13:15:22,18800.0,300.0,1292900.0
379,2021-10-01 13:15:11,18800.0,22000.0,1292600.0
380,2021-10-01 13:14:44,18800.0,200.0,1270600.0
381,2021-10-01 13:14:17,18800.0,8000.0,1270400.0
382,2021-10-01 13:13:46,18800.0,5000.0,1262400.0
383,2021-10-01 13:13:13,18800.0,200.0,1257400.0
384,2021-10-01 13:12:25,18750.0,100.0,1257200.0
385,2021-10-01 13:12:06,18750.0,1000.0,1257100.0
386,2021-10-01 13:11:51,18800.0,100.0,1256100.0
387,2021-10-01 13:11:19,18750.0,200.0,1256000.0
388,2021-10-01 13:11:12,18800.0,200.0,1255800.0
389,2021-10-01 13:10:59,18800.0,100.0,1255600.0
390,2021-10-01 13:10:55,18800.0,300.0,1255500.0
391,2021-10-01 13:10:45,18800.0,1600.0,1255200.0
392,2021-10-01 13:10:37,18800.0,1000.0,1253600.0
393,2021-10-01 13:10:34,18800.0,10000.0,1252600.0
394,2021-10-01 13:10:31,18800.0,6700.0,1242600.0
395,2021-10-01 13:10:08,18800.0,1000.0,1235900.0
396,2021-10-01 13:09:38,18800.0,500.0,1234900.0
397,2021-10-01 13:09:38,18750.0,100.0,1234400.0
398,2021-10-01 13:09:04,18750.0,1000.0,1234300.0
399,2021-10-01 13:07:14,18750.0,100.0,1233300.0
400,2021-10-01 13:07:06,18750.0,100.0,1233200.0
401,2021-10-01 13:06:56,18800.0,600.0,1233100.0
402,2021-10-01 13:06:44,18750.0,200.0,1232500.0
403,2021-10-01 13:06:44,18750.0,900.0,1232300.0
404,2021-10-01 13:06:44,18750.0,2000.0,1231400.0
405,2021-10-01 13:06:44,18750.0,500.0,1229400.0
406,2021-10-01 13:06:44,18750.0,1400.0,1228900.0
407,2021-10-01 13:06:20,18750.0,100.0,1227500.0
408,2021-10-01 13:06:02,18750.0,1000.0,1227400.0
409,2021-10-01 13:05:55,18750.0,500.0,1226400.0
410,2021-10-01 13:05:55,18750.0,1000.0,1225900.0
411,2021-10-01 13:05:49,18750.0,100.0,1224900.0
412,2021-10-01 13:05:49,18750.0,100.0,1224800.0
413,2021-10-01 13:05:46,18750.0,100.0,1224700.0
414,2021-10-01 13:05:46,18750.0,600.0,1224600.0
415,2021-10-01 13:05:46,18750.0,100.0,1224000.0
416,2021-10-01 13:05:46,18750.0,500.0,1223900.0
417,2021-10-01 13:05:46,18750.0,100.0,1223400.0
418,2021-10-01 13:05:46,18750.0,100.0,1223300.0
419,2021-10-01 13:05:46,18750.0,2200.0,1223200.0
420,2021-10-01 13:05:46,18750.0,1000.0,1221000.0
421,2021-10-01 13:05:46,18750.0,10000.0,1220000.0
422,2021-10-01 13:05:46,18750.0,500.0,1210000.0
423,2021-10-01 13:05:46,18750.0,100.0,1209500.0
424,2021-10-01 13:05:46,18750.0,1000.0,1209400.0
425,2021-10-01 13:05:46,18750.0,2000.0,1208400.0
426,2021-10-01 13:05:46,18750.0,700.0,1206400.0
427,2021-10-01 13:05:43,18750.0,800.0,1205700.0
428,2021-10-01 13:05:43,18750.0,500.0,1204900.0
429,2021-10-01 13:05:43,18750.0,700.0,1204400.0
430,2021-10-01 13:05:35,18750.0,300.0,1203700.0
431,2021-10-01 13:05:35,18750.0,500.0,1203400.0
432,2021-10-01 13:05:34,18750.0,4500.0,1202900.0
433,2021-10-01 13:05:34,18750.0,500.0,1198400.0
434,2021-10-01 13:05:28,18750.0,200.0,1197900.0
435,2021-10-01 13:05:20,18750.0,4300.0,1197700.0
436,2021-10-01 13:05:20,18750.0,700.0,1193400.0
437,2021-10-01 13:05:15,18750.0,100.0,1192700.0
438,2021-10-01 13:05:10,18750.0,2000.0,1192600.0
439,2021-10-01 13:04:47,18750.0,800.0,1190600.0
440,2021-10-01 13:04:42,18750.0,5000.0,1189800.0
441,2021-10-01 13:04:30,18750.0,1500.0,1184800.0
442,2021-10-01 13:03:47,18750.0,900.0,1183300.0
443,2021-10-01 13:03:44,18750.0,200.0,1182400.0
444,2021-10-01 13:03:29,18750.0,1000.0,1182200.0
445,2021-10-01 13:03:07,18750.0,200.0,1181200.0
446,2021-10-01 13:02:43,18750.0,1000.0,1181000.0
447,2021-10-01 13:02:41,18750.0,500.0,1180000.0
448,2021-10-01 13:02:41,18750.0,5000.0,1179500.0
449,2021-10-01 13:02:33,18750.0,5000.0,1174500.0
450,2021-10-01 13:02:11,18750.0,1900.0,1169500.0
451,2021-10-01 13:02:10,18750.0,300.0,1167600.0
452,2021-10-01 13:01:59,18750.0,500.0,1167300.0
453,2021-10-01 13:01:58,18750.0,1000.0,1166800.0
454,2021-10-01 13:01:52,18750.0,1000.0,1165800.0
455,2021-10-01 13:01:21,18750.0,300.0,1164800.0
456,2021-10-01 13:01:18,18750.0,30000.0,1164500.0
457,2021-10-01 13:01:12,18750.0,500.0,1134500.0
458,2021-10-01 13:01:08,18750.0,1000.0,1134000.0
459,2021-10-01 13:01:06,18750.0,1000.0,1133000.0
460,2021-10-01 13:01:05,18750.0,600.0,1132000.0
461,2021-10-01 13:01:04,18750.0,2000.0,1131400.0
462,2021-10-01 13:00:59,18750.0,15900.0,1129400.0
463,2021-10-01 13:00:57,18750.0,200.0,1113500.0
464,2021-10-01 13:00:50,18750.0,500.0,1113300.0
465,2021-10-01 13:00:49,18750.0,1000.0,1112800.0
466,2021-10-01 13:00:46,18750.0,500.0,1111800.0
467,2021-10-01 13:00:11,18750.0,100.0,1111300.0
468,2021-10-01 13:00:09,18700.0,200.0,1111200.0
469,2021-10-01 13:00:07,18700.0,600.0,1111000.0
470,2021-10-01 13:00:06,18750.0,500.0,1110400.0
471,2021-10-01 13:00:05,18750.0,10900.0,1109900.0
472,2021-10-01 13:00:05,18750.0,200.0,1099000.0
473,2021-10-01 13:00:04,18750.0,500.0,1098800.0
474,2021-10-01 13:00:03,18700.0,2900.0,1098300.0
475,2021-10-01 13:00:03,18700.0,3000.0,1095400.0
476,2021-10-01 13:00:03,18700.0,1500.0,1092400.0
477,2021-10-01 13:00:03,18700.0,500.0,1090900.0
478,2021-10-01 13:00:02,18700.0,1100.0,1090400.0
479,2021-10-01 13:00:02,18700.0,900.0,1089300.0
480,2021-10-01 13:00:01,18750.0,1000.0,1088400.0
481,2021-10-01 13:00:01,18700.0,100.0,1087400.0
482,2021-10-01 13:00:01,18700.0,300.0,1087300.0
483,2021-10-01 13:00:01,18750.0,200.0,1087000.0
484,2021-10-01 13:00:01,18750.0,200.0,1086800.0
485,2021-10-01 13:00:01,18700.0,100.0,1086600.0
486,2021-10-01 11:29:51,18750.0,2000.0,1086500.0
487,2021-10-01 11:29:23,18750.0,2000.0,1084500.0
488,2021-10-01 11:29:21,18750.0,200.0,1082500.0
489,2021-10-01 11:29:13,18700.0,100.0,1082300.0
490,2021-10-01 11:28:45,18750.0,100.0,1082200.0
491,2021-10-01 11:28:44,18700.0,1000.0,1082100.0
492,2021-10-01 11:28:07,18700.0,100.0,1081100.0
493,2021-10-01 11:28:07,18700.0,500.0,1081000.0
494,2021-10-01 11:28:00,18700.0,300.0,1080500.0
495,2021-10-01 11:27:55,18700.0,100.0,1080200.0
496,2021-10-01 11:27:52,18700.0,200.0,1080100.0
497,2021-10-01 11:27:34,18700.0,300.0,1079900.0
498,2021-10-01 11:27:29,18700.0,200.0,1079600.0
499,2021-10-01 11:27:29,18700.0,3400.0,1079400.0
500,2021-10-01 11:27:29,18700.0,400.0,1076000.0
501,2021-10-01 11:27:29,18700.0,200.0,1075600.0
502,2021-10-01 11:27:15,18700.0,300.0,1075400.0
503,2021-10-01 11:27:15,18700.0,200.0,1075100.0
504,2021-10-01 11:26:55,18700.0,400.0,1074900.0
505,2021-10-01 11:26:55,18700.0,500.0,1074500.0
506,2021-10-01 11:26:55,18700.0,100.0,1074000.0
507,2021-10-01 11:26:49,18700.0,400.0,1073900.0
508,2021-10-01 11:26:49,18700.0,1000.0,1073500.0
509,2021-10-01 11:26:49,18700.0,1000.0,1072500.0
510,2021-10-01 11:26:49,18700.0,1000.0,1071500.0
511,2021-10-01 11:26:49,18700.0,300.0,1070500.0
512,2021-10-01 11:26:44,18700.0,500.0,1070200.0
513,2021-10-01 11:26:44,18700.0,100.0,1069700.0
514,2021-10-01 11:26:44,18700.0,2200.0,1069600.0
515,2021-10-01 11:26:44,18700.0,200.0,1067400.0
516,2021-10-01 11:26:34,18700.0,9800.0,1067200.0
517,2021-10-01 11:26:34,18700.0,100.0,1057400.0
518,2021-10-01 11:26:34,18700.0,100.0,1057300.0
519,2021-10-01 11:26:23,18700.0,100.0,1057200.0
520,2021-10-01 11:26:21,18700.0,100.0,1057100.0
521,2021-10-01 11:26:16,18700.0,200.0,1057000.0
522,2021-10-01 11:26:16,18700.0,300.0,1056800.0
523,2021-10-01 11:26:07,18700.0,700.0,1056500.0
524,2021-10-01 11:26:07,18700.0,800.0,1055800.0
525,2021-10-01 11:26:07,18700.0,200.0,1055000.0
526,2021-10-01 11:26:07,18700.0,1000.0,1054800.0
527,2021-10-01 11:25:43,18700.0,200.0,1053800.0
528,2021-10-01 11:25:43,18700.0,300.0,1053600.0
529,2021-10-01 11:25:24,18700.0,100.0,1053300.0
530,2021-10-01 11:25:24,18700.0,100.0,1053200.0
531,2021-10-01 11:25:24,18700.0,100.0,1053100.0
532,2021-10-01 11:25:24,18700.0,100.0,1053000.0
533,2021-10-01 11:25:24,18700.0,600.0,1052900.0
534,2021-10-01 11:25:14,18700.0,1000.0,1052300.0
535,2021-10-01 11:25:10,18700.0,1000.0,1051300.0
536,2021-10-01 11:24:49,18700.0,500.0,1050300.0
537,2021-10-01 11:24:49,18700.0,400.0,1049800.0
538,2021-10-01 11:24:49,18700.0,2000.0,1049400.0
539,2021-10-01 11:24:34,18700.0,900.0,1047400.0
540,2021-10-01 11:24:34,18700.0,500.0,1046500.0
541,2021-10-01 11:24:34,18700.0,2600.0,1046000.0
542,2021-10-01 11:24:22,18700.0,5000.0,1043400.0
543,2021-10-01 11:23:58,18700.0,1000.0,1038400.0
544,2021-10-01 11:23:57,18700.0,1000.0,1037400.0
545,2021-10-01 11:23:57,18700.0,100.0,1036400.0
546,2021-10-01 11:23:54,18700.0,6000.0,1036300.0
547,2021-10-01 11:23:53,18700.0,2000.0,1030300.0
548,2021-10-01 11:23:49,18700.0,8000.0,1028300.0
549,2021-10-01 11:23:49,18700.0,5000.0,1020300.0
550,2021-10-01 11:23:46,18700.0,300.0,1015300.0
551,2021-10-01 11:23:41,18700.0,2000.0,1015000.0
552,2021-10-01 11:23:40,18700.0,2000.0,1013000.0
553,2021-10-01 11:23:31,18700.0,1000.0,1011000.0
554,2021-10-01 11:23:31,18700.0,5000.0,1010000.0
555,2021-10-01 11:23:20,18700.0,10000.0,1005000.0
556,2021-10-01 11:23:17,18700.0,6000.0,995000.0
557,2021-10-01 11:23:14,18700.0,3000.0,989000.0
558,2021-10-01 11:23:06,18700.0,1000.0,986000.0
559,2021-10-01 11:23:05,18700.0,4000.0,985000.0
560,2021-10-01 11:22:57,18700.0,300.0,981000.0
561,2021-10-01 11:22:57,18700.0,500.0,980700.0
562,2021-10-01 11:22:57,18700.0,200.0,980200.0
563,2021-10-01 11:22:30,18700.0,3300.0,980000.0
564,2021-10-01 11:22:26,18700.0,19300.0,976700.0
565,2021-10-01 11:22:14,18700.0,1000.0,957400.0
566,2021-10-01 11:22:13,18650.0,700.0,956400.0
567,2021-10-01 11:22:10,18700.0,5000.0,955700.0
568,2021-10-01 11:22:07,18700.0,100.0,950700.0
569,2021-10-01 11:21:55,18700.0,2000.0,950600.0
570,2021-10-01 11:21:44,18700.0,3300.0,948600.0
571,2021-10-01 11:21:18,18650.0,100.0,945300.0
572,2021-10-01 11:21:18,18650.0,2200.0,945200.0
573,2021-10-01 11:21:18,18650.0,2000.0,943000.0
574,2021-10-01 11:21:18,18650.0,1000.0,941000.0
575,2021-10-01 11:21:18,18650.0,1000.0,940000.0
576,2021-10-01 11:21:18,18650.0,1000.0,939000.0
577,2021-10-01 11:21:18,18650.0,1000.0,938000.0
578,2021-10-01 11:21:18,18650.0,100.0,937000.0
579,2021-10-01 11:21:18,18650.0,400.0,936900.0
580,2021-10-01 11:21:18,18650.0,200.0,936500.0
581,2021-10-01 11:21:18,18650.0,200.0,936300.0
582,2021-10-01 11:21:18,18650.0,500.0,936100.0
583,2021-10-01 11:20:01,18600.0,300.0,935600.0
584,2021-10-01 11:19:48,18600.0,200.0,935300.0
585,2021-10-01 11:19:34,18600.0,500.0,935100.0
586,2021-10-01 11:19:34,18600.0,100.0,934600.0
587,2021-10-01 11:19:34,18600.0,400.0,934500.0
588,2021-10-01 11:19:34,18600.0,200.0,934100.0
589,2021-10-01 11:18:53,18600.0,1400.0,933900.0
590,2021-10-01 11:18:53,18600.0,1400.0,932500.0
591,2021-10-01 11:18:30,18600.0,100.0,931100.0
592,2021-10-01 11:18:02,18600.0,100.0,931000.0
593,2021-10-01 11:17:49,18600.0,200.0,930900.0
594,2021-10-01 11:17:49,18600.0,500.0,930700.0
595,2021-10-01 11:17:49,18600.0,100.0,930200.0
596,2021-10-01 11:17:49,18600.0,100.0,930100.0
597,2021-10-01 11:17:49,18600.0,300.0,930000.0
598,2021-10-01 11:17:43,18600.0,700.0,929700.0
599,2021-10-01 11:17:43,18600.0,200.0,929000.0
600,2021-10-01 11:17:43,18600.0,300.0,928800.0
601,2021-10-01 11:17:43,18600.0,200.0,928500.0
602,2021-10-01 11:17:43,18600.0,1700.0,928300.0
603,2021-10-01 11:17:43,18600.0,200.0,926600.0
604,2021-10-01 11:17:43,18600.0,600.0,926400.0
605,2021-10-01 11:17:43,18600.0,1000.0,925800.0
606,2021-10-01 11:17:43,18600.0,500.0,924800.0
607,2021-10-01 11:17:43,18600.0,300.0,924300.0
608,2021-10-01 11:17:43,18600.0,1000.0,924000.0
609,2021-10-01 11:17:43,18600.0,3300.0,923000.0
610,2021-10-01 11:17:35,18600.0,5000.0,919700.0
611,2021-10-01 11:17:27,18600.0,2100.0,914700.0
612,2021-10-01 11:17:25,18600.0,4000.0,912600.0
613,2021-10-01 11:17:24,18600.0,3000.0,908600.0
614,2021-10-01 11:17:17,18600.0,2000.0,905600.0
615,2021-10-01 11:17:14,18600.0,600.0,903600.0
616,2021-10-01 11:17:14,18600.0,500.0,903000.0
617,2021-10-01 11:17:14,18600.0,2000.0,902500.0
618,2021-10-01 11:17:14,18600.0,300.0,900500.0
619,2021-10-01 11:17:14,18600.0,2000.0,900200.0
620,2021-10-01 11:17:14,18600.0,200.0,898200.0
621,2021-10-01 11:17:14,18600.0,400.0,898000.0
622,2021-10-01 11:17:14,18600.0,100.0,897600.0
623,2021-10-01 11:17:14,18600.0,200.0,897500.0
624,2021-10-01 11:17:14,18600.0,300.0,897300.0
625,2021-10-01 11:17:14,18600.0,1000.0,897000.0
626,2021-10-01 11:17:14,18600.0,2000.0,896000.0
627,2021-10-01 11:17:14,18600.0,300.0,894000.0
628,2021-10-01 11:17:14,18600.0,100.0,893700.0
629,2021-10-01 11:17:11,18600.0,5900.0,893600.0
630,2021-10-01 11:17:11,18600.0,500.0,887700.0
631,2021-10-01 11:17:11,18600.0,100.0,887200.0
632,2021-10-01 11:17:11,18600.0,500.0,887100.0
633,2021-10-01 11:17:11,18600.0,500.0,886600.0
634,2021-10-01 11:17:11,18600.0,300.0,886100.0
635,2021-10-01 11:17:11,18600.0,400.0,885800.0
636,2021-10-01 11:17:11,18600.0,200.0,885400.0
637,2021-10-01 11:17:11,18600.0,1200.0,885200.0
638,2021-10-01 11:17:11,18600.0,1000.0,884000.0
639,2021-10-01 11:17:11,18600.0,100.0,883000.0
640,2021-10-01 11:17:11,18600.0,500.0,882900.0
641,2021-10-01 11:17:11,18600.0,400.0,882400.0
642,2021-10-01 11:17:11,18600.0,500.0,882000.0
643,2021-10-01 11:17:11,18600.0,400.0,881500.0
644,2021-10-01 11:17:11,18600.0,200.0,881100.0
645,2021-10-01 11:17:11,18600.0,300.0,880900.0
646,2021-10-01 11:17:11,18600.0,7000.0,880600.0
647,2021-10-01 11:17:01,18600.0,3000.0,873600.0
648,2021-10-01 11:16:26,18600.0,1200.0,870600.0
649,2021-10-01 11:16:08,18600.0,2700.0,869400.0
650,2021-10-01 11:15:57,18550.0,200.0,866700.0
651,2021-10-01 11:15:30,18550.0,1000.0,866500.0
652,2021-10-01 11:14:37,18600.0,6100.0,865500.0
653,2021-10-01 11:14:37,18600.0,2000.0,859400.0
654,2021-10-01 11:14:37,18600.0,100.0,857400.0
655,2021-10-01 11:14:37,18600.0,300.0,857300.0
656,2021-10-01 11:14:37,18600.0,2000.0,857000.0
657,2021-10-01 11:14:37,18600.0,4000.0,855000.0
658,2021-10-01 11:14:37,18600.0,1500.0,851000.0
659,2021-10-01 11:14:37,18600.0,200.0,849500.0
660,2021-10-01 11:14:37,18600.0,1000.0,849300.0
661,2021-10-01 11:14:37,18600.0,2800.0,848300.0
662,2021-10-01 11:14:36,18550.0,100.0,845500.0
663,2021-10-01 11:14:36,18550.0,1000.0,845400.0
664,2021-10-01 11:14:36,18550.0,500.0,844400.0
665,2021-10-01 11:14:36,18550.0,400.0,843900.0
666,2021-10-01 11:14:01,18550.0,200.0,843500.0
667,2021-10-01 11:14:00,18550.0,100.0,843300.0
668,2021-10-01 11:13:25,18550.0,200.0,843200.0
669,2021-10-01 11:13:17,18550.0,100.0,843000.0
670,2021-10-01 11:13:03,18550.0,100.0,842900.0
671,2021-10-01 11:13:03,18550.0,1600.0,842800.0
672,2021-10-01 11:13:03,18550.0,2000.0,841200.0
673,2021-10-01 11:13:03,18550.0,1300.0,839200.0
674,2021-10-01 11:13:02,18550.0,700.0,837900.0
675,2021-10-01 11:13:02,18550.0,300.0,837200.0
676,2021-10-01 11:12:56,18550.0,200.0,836900.0
677,2021-10-01 11:12:56,18550.0,100.0,836700.0
678,2021-10-01 11:12:56,18550.0,300.0,836600.0
679,2021-10-01 11:12:56,18550.0,600.0,836300.0
680,2021-10-01 11:12:56,18550.0,200.0,835700.0
681,2021-10-01 11:12:56,18550.0,100.0,835500.0
682,2021-10-01 11:12:56,18550.0,500.0,835400.0
683,2021-10-01 11:12:56,18550.0,100.0,834900.0
684,2021-10-01 11:12:51,18500.0,1000.0,834800.0
685,2021-10-01 11:12:31,18500.0,1000.0,833800.0
686,2021-10-01 11:12:27,18500.0,300.0,832800.0
687,2021-10-01 11:12:27,18550.0,200.0,832500.0
688,2021-10-01 11:12:27,18550.0,300.0,832300.0
689,2021-10-01 11:12:27,18550.0,200.0,832000.0
690,2021-10-01 11:12:27,18550.0,100.0,831800.0
691,2021-10-01 11:12:27,18550.0,500.0,831700.0
692,2021-10-01 11:12:27,18550.0,500.0,831200.0
693,2021-10-01 11:12:27,18550.0,1000.0,830700.0
694,2021-10-01 11:12:27,18550.0,1800.0,829700.0
695,2021-10-01 11:12:27,18550.0,100.0,827900.0
696,2021-10-01 11:12:27,18550.0,300.0,827800.0
697,2021-10-01 11:12:01,18550.0,500.0,827500.0
698,2021-10-01 11:11:57,18550.0,200.0,827000.0
699,2021-10-01 11:11:57,18550.0,500.0,826800.0
700,2021-10-01 11:11:57,18550.0,1300.0,826300.0
701,2021-10-01 11:11:56,18550.0,1000.0,825000.0
702,2021-10-01 11:10:25,18550.0,200.0,824000.0
703,2021-10-01 11:10:25,18550.0,300.0,823800.0
704,2021-10-01 11:10:02,18550.0,1000.0,823500.0
705,2021-10-01 11:08:48,18550.0,700.0,822500.0
706,2021-10-01 11:08:48,18550.0,300.0,821800.0
707,2021-10-01 11:08:25,18550.0,1000.0,821500.0
708,2021-10-01 11:08:15,18500.0,1000.0,820500.0
709,2021-10-01 11:08:15,18500.0,300.0,819500.0
710,2021-10-01 11:08:15,18500.0,200.0,819200.0
711,2021-10-01 11:08:12,18500.0,300.0,819000.0
712,2021-10-01 11:08:12,18500.0,200.0,818700.0
713,2021-10-01 11:06:52,18500.0,500.0,818500.0
714,2021-10-01 11:06:52,18500.0,200.0,818000.0
715,2021-10-01 11:06:52,18500.0,5000.0,817800.0
716,2021-10-01 11:06:52,18500.0,1000.0,812800.0
717,2021-10-01 11:06:52,18500.0,600.0,811800.0
718,2021-10-01 11:06:30,18500.0,200.0,811200.0
719,2021-10-01 11:05:24,18500.0,100.0,811000.0
720,2021-10-01 11:04:16,18500.0,1000.0,810900.0
721,2021-10-01 11:04:01,18500.0,100.0,809900.0
722,2021-10-01 11:04:01,18500.0,900.0,809800.0
723,2021-10-01 11:03:54,18500.0,100.0,808900.0
724,2021-10-01 11:03:51,18500.0,900.0,808800.0
725,2021-10-01 11:03:49,18500.0,700.0,807900.0
726,2021-10-01 11:03:49,18500.0,2400.0,807200.0
727,2021-10-01 11:03:49,18500.0,1000.0,804800.0
728,2021-10-01 11:03:33,18500.0,200.0,803800.0
729,2021-10-01 11:03:33,18500.0,100.0,803600.0
730,2021-10-01 11:03:33,18500.0,1000.0,803500.0
731,2021-10-01 11:03:33,18500.0,1000.0,802500.0
732,2021-10-01 11:03:33,18500.0,1500.0,801500.0
733,2021-10-01 11:03:33,18500.0,200.0,800000.0
734,2021-10-01 11:03:32,18500.0,300.0,799800.0
735,2021-10-01 11:03:32,18500.0,200.0,799500.0
736,2021-10-01 11:03:08,18500.0,100.0,799300.0
737,2021-10-01 11:03:08,18500.0,400.0,799200.0
738,2021-10-01 11:02:54,18500.0,100.0,798800.0
739,2021-10-01 11:02:54,18500.0,900.0,798700.0
740,2021-10-01 11:02:54,18500.0,1500.0,797800.0
741,2021-10-01 11:02:50,18500.0,500.0,796300.0
742,2021-10-01 11:02:21,18500.0,400.0,795800.0
743,2021-10-01 11:02:21,18500.0,100.0,795400.0
744,2021-10-01 11:02:12,18500.0,100.0,795300.0
745,2021-10-01 11:02:12,18500.0,100.0,795200.0
746,2021-10-01 11:02:12,18500.0,200.0,795100.0
747,2021-10-01 11:02:12,18500.0,1000.0,794900.0
748,2021-10-01 11:02:12,18500.0,600.0,793900.0
749,2021-10-01 11:01:18,18500.0,400.0,793300.0
750,2021-10-01 11:01:18,18500.0,600.0,792900.0
751,2021-10-01 11:00:47,18500.0,500.0,792300.0
752,2021-10-01 11:00:40,18500.0,3000.0,791800.0
753,2021-10-01 11:00:21,18500.0,100.0,788800.0
754,2021-10-01 11:00:21,18500.0,200.0,788700.0
755,2021-10-01 10:59:40,18500.0,800.0,788500.0
756,2021-10-01 10:59:30,18500.0,500.0,787700.0
757,2021-10-01 10:58:05,18500.0,100.0,787200.0
758,2021-10-01 10:57:52,18500.0,100.0,787100.0
759,2021-10-01 10:56:48,18500.0,200.0,787000.0
760,2021-10-01 10:56:48,18500.0,300.0,786800.0
761,2021-10-01 10:56:48,18500.0,500.0,786500.0
762,2021-10-01 10:56:46,18500.0,100.0,786000.0
763,2021-10-01 10:55:20,18500.0,400.0,785900.0
764,2021-10-01 10:55:20,18500.0,100.0,785500.0
765,2021-10-01 10:55:13,18450.0,400.0,785400.0
766,2021-10-01 10:55:13,18450.0,600.0,785000.0
767,2021-10-01 10:54:04,18500.0,2000.0,784400.0
768,2021-10-01 10:50:53,18500.0,100.0,782400.0
769,2021-10-01 10:50:09,18500.0,500.0,782300.0
770,2021-10-01 10:48:32,18450.0,500.0,781800.0
771,2021-10-01 10:46:32,18500.0,100.0,781300.0
772,2021-10-01 10:46:13,18500.0,500.0,781200.0
773,2021-10-01 10:45:56,18500.0,2000.0,780700.0
774,2021-10-01 10:45:11,18500.0,100.0,778700.0
775,2021-10-01 10:44:41,18500.0,600.0,778600.0
776,2021-10-01 10:44:41,18500.0,600.0,778000.0
777,2021-10-01 10:44:41,18500.0,1700.0,777400.0
778,2021-10-01 10:42:32,18500.0,200.0,775700.0
779,2021-10-01 10:41:49,18450.0,800.0,775500.0
780,2021-10-01 10:41:32,18500.0,200.0,774700.0
781,2021-10-01 10:40:07,18500.0,400.0,774500.0
782,2021-10-01 10:39:53,18500.0,400.0,774100.0
783,2021-10-01 10:39:37,18500.0,1000.0,773700.0
784,2021-10-01 10:39:37,18500.0,100.0,772700.0
785,2021-10-01 10:39:37,18500.0,100.0,772600.0
786,2021-10-01 10:39:37,18500.0,1600.0,772500.0
787,2021-10-01 10:39:34,18500.0,3400.0,770900.0
788,2021-10-01 10:39:34,18500.0,300.0,767500.0
789,2021-10-01 10:39:34,18500.0,2800.0,767200.0
790,2021-10-01 10:39:20,18500.0,800.0,764400.0
791,2021-10-01 10:38:51,18500.0,300.0,763600.0
792,2021-10-01 10:38:50,18500.0,100.0,763300.0
793,2021-10-01 10:38:40,18500.0,200.0,763200.0
794,2021-10-01 10:38:40,18500.0,200.0,763000.0
795,2021-10-01 10:38:40,18500.0,400.0,762800.0
796,2021-10-01 10:38:40,18500.0,300.0,762400.0
797,2021-10-01 10:38:40,18500.0,100.0,762100.0
798,2021-10-01 10:38:40,18500.0,100.0,762000.0
799,2021-10-01 10:38:30,18500.0,2000.0,761900.0
800,2021-10-01 10:38:20,18500.0,700.0,759900.0
801,2021-10-01 10:36:08,18550.0,2900.0,759200.0
802,2021-10-01 10:34:52,18550.0,600.0,756300.0
803,2021-10-01 10:34:45,18550.0,1000.0,755700.0
804,2021-10-01 10:34:36,18550.0,1000.0,754700.0
805,2021-10-01 10:34:18,18550.0,100.0,753700.0
806,2021-10-01 10:34:18,18550.0,300.0,753600.0
807,2021-10-01 10:34:18,18550.0,900.0,753300.0
808,2021-10-01 10:33:41,18550.0,100.0,752400.0
809,2021-10-01 10:33:30,18550.0,200.0,752300.0
810,2021-10-01 10:33:17,18550.0,500.0,752100.0
811,2021-10-01 10:33:17,18550.0,500.0,751600.0
812,2021-10-01 10:33:17,18550.0,100.0,751100.0
813,2021-10-01 10:33:17,18550.0,1000.0,751000.0
814,2021-10-01 10:33:17,18550.0,3000.0,750000.0
815,2021-10-01 10:33:17,18550.0,600.0,747000.0
816,2021-10-01 10:33:10,18500.0,500.0,746400.0
817,2021-10-01 10:33:09,18550.0,1100.0,745900.0
818,2021-10-01 10:33:09,18550.0,2400.0,744800.0
819,2021-10-01 10:33:09,18550.0,2500.0,742400.0
820,2021-10-01 10:32:29,18500.0,200.0,739900.0
821,2021-10-01 10:31:14,18500.0,1500.0,739700.0
822,2021-10-01 10:31:14,18550.0,600.0,738200.0
823,2021-10-01 10:31:14,18550.0,1100.0,737600.0
824,2021-10-01 10:31:14,18550.0,100.0,736500.0
825,2021-10-01 10:31:14,18550.0,100.0,736400.0
826,2021-10-01 10:31:14,18550.0,500.0,736300.0
827,2021-10-01 10:31:14,18550.0,300.0,735800.0
828,2021-10-01 10:31:14,18550.0,100.0,735500.0
829,2021-10-01 10:31:14,18550.0,400.0,735400.0
830,2021-10-01 10:31:00,18500.0,300.0,735000.0
831,2021-10-01 10:31:00,18500.0,400.0,734700.0
832,2021-10-01 10:30:23,18500.0,100.0,734300.0
833,2021-10-01 10:30:23,18500.0,1200.0,734200.0
834,2021-10-01 10:30:16,18550.0,100.0,733000.0
835,2021-10-01 10:28:51,18500.0,200.0,732900.0
836,2021-10-01 10:28:29,18500.0,500.0,732700.0
837,2021-10-01 10:28:29,18500.0,500.0,732200.0
838,2021-10-01 10:28:29,18500.0,100.0,731700.0
839,2021-10-01 10:27:30,18450.0,500.0,731600.0
840,2021-10-01 10:27:27,18500.0,900.0,731100.0
841,2021-10-01 10:27:27,18500.0,100.0,730200.0
842,2021-10-01 10:27:27,18500.0,200.0,730100.0
843,2021-10-01 10:27:27,18500.0,700.0,729900.0
844,2021-10-01 10:27:27,18500.0,200.0,729200.0
845,2021-10-01 10:27:27,18500.0,800.0,729000.0
846,2021-10-01 10:27:27,18500.0,100.0,728200.0
847,2021-10-01 10:27:05,18450.0,100.0,728100.0
848,2021-10-01 10:26:37,18450.0,500.0,728000.0
849,2021-10-01 10:26:29,18450.0,500.0,727500.0
850,2021-10-01 10:26:16,18450.0,100.0,727000.0
851,2021-10-01 10:26:16,18450.0,200.0,726900.0
852,2021-10-01 10:25:31,18400.0,200.0,726700.0
853,2021-10-01 10:25:31,18400.0,1000.0,726500.0
854,2021-10-01 10:25:31,18400.0,100.0,725500.0
855,2021-10-01 10:24:52,18400.0,200.0,725400.0
856,2021-10-01 10:24:52,18400.0,300.0,725200.0
857,2021-10-01 10:24:36,18400.0,100.0,724900.0
858,2021-10-01 10:24:19,18400.0,100.0,724800.0
859,2021-10-01 10:22:11,18400.0,500.0,724700.0
860,2021-10-01 10:22:06,18400.0,800.0,724200.0
861,2021-10-01 10:22:06,18400.0,200.0,723400.0
862,2021-10-01 10:21:21,18400.0,1000.0,723200.0
863,2021-10-01 10:21:16,18400.0,500.0,722200.0
864,2021-10-01 10:20:56,18400.0,100.0,721700.0
865,2021-10-01 10:20:56,18400.0,400.0,721600.0
866,2021-10-01 10:19:56,18400.0,400.0,721200.0
867,2021-10-01 10:19:22,18350.0,100.0,720800.0
868,2021-10-01 10:18:55,18350.0,200.0,720700.0
869,2021-10-01 10:18:51,18350.0,200.0,720500.0
870,2021-10-01 10:18:49,18400.0,1000.0,720300.0
871,2021-10-01 10:18:32,18400.0,500.0,719300.0
872,2021-10-01 10:18:32,18400.0,100.0,718800.0
873,2021-10-01 10:18:22,18400.0,100.0,718700.0
874,2021-10-01 10:18:22,18400.0,100.0,718600.0
875,2021-10-01 10:18:03,18400.0,900.0,718500.0
876,2021-10-01 10:18:03,18400.0,1000.0,717600.0
877,2021-10-01 10:18:03,18400.0,100.0,716600.0
878,2021-10-01 10:18:03,18400.0,200.0,716500.0
879,2021-10-01 10:18:03,18450.0,100.0,716300.0
880,2021-10-01 10:18:03,18450.0,700.0,716200.0
881,2021-10-01 10:17:55,18450.0,1300.0,715500.0
882,2021-10-01 10:17:55,18450.0,200.0,714200.0
883,2021-10-01 10:17:55,18450.0,200.0,714000.0
884,2021-10-01 10:17:55,18450.0,300.0,713800.0
885,2021-10-01 10:17:50,18450.0,100.0,713500.0
886,2021-10-01 10:17:48,18450.0,300.0,713400.0
887,2021-10-01 10:17:33,18500.0,600.0,713100.0
888,2021-10-01 10:17:33,18500.0,5000.0,712500.0
889,2021-10-01 10:17:33,18500.0,300.0,707500.0
890,2021-10-01 10:17:33,18500.0,500.0,707200.0
891,2021-10-01 10:17:33,18500.0,500.0,706700.0
892,2021-10-01 10:17:33,18500.0,2000.0,706200.0
893,2021-10-01 10:17:33,18500.0,5000.0,704200.0
894,2021-10-01 10:17:33,18500.0,200.0,699200.0
895,2021-10-01 10:17:33,18500.0,100.0,699000.0
896,2021-10-01 10:17:33,18500.0,200.0,698900.0
897,2021-10-01 10:17:33,18500.0,100.0,698700.0
898,2021-10-01 10:17:33,18500.0,2000.0,698600.0
899,2021-10-01 10:17:33,18500.0,100.0,696600.0
900,2021-10-01 10:17:33,18500.0,1000.0,696500.0
901,2021-10-01 10:17:33,18500.0,1000.0,695500.0
902,2021-10-01 10:17:33,18500.0,200.0,694500.0
903,2021-10-01 10:17:33,18500.0,100.0,694300.0
904,2021-10-01 10:17:33,18500.0,500.0,694200.0
905,2021-10-01 10:17:33,18500.0,1200.0,693700.0
906,2021-10-01 10:17:30,18500.0,4800.0,692500.0
907,2021-10-01 10:17:30,18500.0,200.0,687700.0
908,2021-10-01 10:17:28,18500.0,800.0,687500.0
909,2021-10-01 10:17:28,18500.0,1200.0,686700.0
910,2021-10-01 10:17:03,18500.0,1000.0,685500.0
911,2021-10-01 10:16:57,18500.0,500.0,684500.0
912,2021-10-01 10:16:37,18500.0,39300.0,684000.0
913,2021-10-01 10:16:37,18500.0,300.0,644700.0
914,2021-10-01 10:16:37,18500.0,2000.0,644400.0
915,2021-10-01 10:16:37,18500.0,300.0,642400.0
916,2021-10-01 10:16:37,18500.0,5000.0,642100.0
917,2021-10-01 10:16:37,18500.0,1000.0,637100.0
918,2021-10-01 10:16:37,18500.0,800.0,636100.0
919,2021-10-01 10:16:37,18500.0,1000.0,635300.0
920,2021-10-01 10:16:37,18500.0,500.0,634300.0
921,2021-10-01 10:16:37,18550.0,1800.0,633800.0
922,2021-10-01 10:16:37,18550.0,300.0,632000.0
923,2021-10-01 10:16:35,18550.0,200.0,631700.0
924,2021-10-01 10:16:32,18550.0,700.0,631500.0
925,2021-10-01 10:16:30,18550.0,4000.0,630800.0
926,2021-10-01 10:16:30,18550.0,300.0,626800.0
927,2021-10-01 10:16:22,18550.0,200.0,626500.0
928,2021-10-01 10:16:22,18550.0,200.0,626300.0
929,2021-10-01 10:16:22,18550.0,100.0,626100.0
930,2021-10-01 10:16:06,18550.0,1000.0,626000.0
931,2021-10-01 10:15:46,18550.0,300.0,625000.0
932,2021-10-01 10:15:42,18550.0,2500.0,624700.0
933,2021-10-01 10:15:42,18550.0,200.0,622200.0
934,2021-10-01 10:15:42,18550.0,900.0,622000.0
935,2021-10-01 10:15:38,18500.0,500.0,621100.0
936,2021-10-01 10:15:33,18550.0,100.0,620600.0
937,2021-10-01 10:15:27,18550.0,600.0,620500.0
938,2021-10-01 10:15:27,18550.0,500.0,619900.0
939,2021-10-01 10:15:12,18550.0,500.0,619400.0
940,2021-10-01 10:14:48,18550.0,1000.0,618900.0
941,2021-10-01 10:14:48,18550.0,200.0,617900.0
942,2021-10-01 10:14:48,18550.0,500.0,617700.0
943,2021-10-01 10:14:48,18550.0,1000.0,617200.0
944,2021-10-01 10:14:48,18550.0,1000.0,616200.0
945,2021-10-01 10:14:48,18550.0,600.0,615200.0
946,2021-10-01 10:14:33,18550.0,800.0,614600.0
947,2021-10-01 10:13:55,18550.0,100.0,613800.0
948,2021-10-01 10:13:28,18600.0,1000.0,613700.0
949,2021-10-01 10:13:24,18550.0,1000.0,612700.0
950,2021-10-01 10:13:12,18600.0,100.0,611700.0
951,2021-10-01 10:13:10,18550.0,3500.0,611600.0
952,2021-10-01 10:13:10,18550.0,1400.0,608100.0
953,2021-10-01 10:13:10,18550.0,100.0,606700.0
954,2021-10-01 10:13:10,18550.0,300.0,606600.0
955,2021-10-01 10:13:10,18550.0,1000.0,606300.0
956,2021-10-01 10:13:10,18550.0,100.0,605300.0
957,2021-10-01 10:13:10,18550.0,700.0,605200.0
958,2021-10-01 10:12:39,18550.0,500.0,604500.0
959,2021-10-01 10:12:26,18550.0,100.0,604000.0
960,2021-10-01 10:12:13,18600.0,200.0,603900.0
961,2021-10-01 10:12:01,18550.0,100.0,603700.0
962,2021-10-01 10:11:53,18550.0,500.0,603600.0
963,2021-10-01 10:11:41,18550.0,1000.0,603100.0
964,2021-10-01 10:11:41,18550.0,200.0,602100.0
965,2021-10-01 10:11:40,18550.0,1000.0,601900.0
966,2021-10-01 10:11:33,18600.0,100.0,600900.0
967,2021-10-01 10:10:59,18550.0,900.0,600800.0
968,2021-10-01 10:10:59,18550.0,100.0,599900.0
969,2021-10-01 10:10:50,18600.0,1300.0,599800.0
970,2021-10-01 10:10:32,18600.0,100.0,598500.0
971,2021-10-01 10:10:31,18600.0,300.0,598400.0
972,2021-10-01 10:10:13,18600.0,100.0,598100.0
973,2021-10-01 10:09:44,18600.0,4000.0,598000.0
974,2021-10-01 10:09:44,18600.0,500.0,594000.0
975,2021-10-01 10:09:44,18600.0,500.0,593500.0
976,2021-10-01 10:09:43,18600.0,500.0,593000.0
977,2021-10-01 10:09:40,18550.0,1500.0,592500.0
978,2021-10-01 10:09:40,18550.0,1500.0,591000.0
979,2021-10-01 10:09:13,18550.0,100.0,589500.0
980,2021-10-01 10:09:05,18550.0,500.0,589400.0
981,2021-10-01 10:09:05,18550.0,100.0,588900.0
982,2021-10-01 10:09:05,18550.0,5000.0,588800.0
983,2021-10-01 10:09:05,18550.0,200.0,583800.0
984,2021-10-01 10:09:05,18550.0,100.0,583600.0
985,2021-10-01 10:09:05,18550.0,200.0,583500.0
986,2021-10-01 10:09:05,18550.0,300.0,583300.0
987,2021-10-01 10:08:47,18550.0,3400.0,583000.0
988,2021-10-01 10:08:47,18550.0,400.0,579600.0
989,2021-10-01 10:08:14,18550.0,100.0,579200.0
990,2021-10-01 10:08:14,18550.0,600.0,579100.0
991,2021-10-01 10:08:14,18550.0,500.0,578500.0
992,2021-10-01 10:08:14,18550.0,300.0,578000.0
993,2021-10-01 10:08:14,18550.0,100.0,577700.0
994,2021-10-01 10:08:14,18550.0,500.0,577600.0
995,2021-10-01 10:08:14,18550.0,300.0,577100.0
996,2021-10-01 10:08:14,18550.0,1000.0,576800.0
997,2021-10-01 10:08:14,18550.0,1600.0,575800.0
998,2021-10-01 10:08:14,18550.0,1000.0,574200.0
999,2021-10-01 10:08:02,18550.0,100.0,573200.0
1000,2021-10-01 10:07:36,18550.0,1000.0,573100.0
1001,2021-10-01 10:06:52,18550.0,300.0,572100.0
1002,2021-10-01 10:06:37,18500.0,500.0,571800.0
1003,2021-10-01 10:06:37,18500.0,4000.0,571300.0
1004,2021-10-01 10:06:27,18550.0,400.0,567300.0
1005,2021-10-01 10:06:27,18550.0,100.0,566900.0
1006,2021-10-01 10:05:44,18550.0,200.0,566800.0
1007,2021-10-01 10:05:16,18500.0,300.0,566600.0
1008,2021-10-01 10:05:16,18500.0,600.0,566300.0
1009,2021-10-01 10:05:16,18500.0,100.0,565700.0
1010,2021-10-01 10:04:25,18500.0,100.0,565600.0
1011,2021-10-01 10:04:23,18500.0,1000.0,565500.0
1012,2021-10-01 10:04:23,18500.0,500.0,564500.0
1013,2021-10-01 10:04:23,18500.0,100.0,564000.0
1014,2021-10-01 10:04:23,18500.0,300.0,563900.0
1015,2021-10-01 10:04:20,18500.0,300.0,563600.0
1016,2021-10-01 10:03:53,18500.0,400.0,563300.0
1017,2021-10-01 10:03:53,18500.0,200.0,562900.0
1018,2021-10-01 10:03:53,18500.0,400.0,562700.0
1019,2021-10-01 10:03:22,18450.0,300.0,562300.0
1020,2021-10-01 10:03:22,18450.0,100000.0,562000.0
1021,2021-10-01 10:03:22,18450.0,500.0,462000.0
1022,2021-10-01 10:03:22,18450.0,200.0,461500.0
1023,2021-10-01 10:03:08,18500.0,1000.0,461300.0
1024,2021-10-01 10:03:04,18500.0,600.0,460300.0
1025,2021-10-01 10:03:02,18500.0,600.0,459700.0
1026,2021-10-01 10:03:02,18500.0,300.0,459100.0
1027,2021-10-01 10:03:02,18500.0,100.0,458800.0
1028,2021-10-01 10:03:02,18500.0,100.0,458700.0
1029,2021-10-01 10:03:02,18500.0,200.0,458600.0
1030,2021-10-01 10:03:02,18500.0,100.0,458400.0
1031,2021-10-01 10:03:01,18450.0,500.0,458300.0
1032,2021-10-01 10:03:01,18500.0,400.0,457800.0
1033,2021-10-01 10:03:01,18500.0,100.0,457400.0
1034,2021-10-01 10:02:43,18500.0,400.0,457300.0
1035,2021-10-01 10:02:43,18500.0,400.0,456900.0
1036,2021-10-01 10:02:43,18500.0,300.0,456500.0
1037,2021-10-01 10:02:43,18500.0,900.0,456200.0
1038,2021-10-01 10:02:43,18500.0,100.0,455300.0
1039,2021-10-01 10:02:43,18500.0,400.0,455200.0
1040,2021-10-01 10:02:36,18500.0,1300.0,454800.0
1041,2021-10-01 10:02:36,18500.0,500.0,453500.0
1042,2021-10-01 10:02:36,18500.0,200.0,453000.0
1043,2021-10-01 10:02:36,18500.0,600.0,452800.0
1044,2021-10-01 10:02:36,18500.0,600.0,452200.0
1045,2021-10-01 10:02:36,18500.0,800.0,451600.0
1046,2021-10-01 10:02:35,18500.0,200.0,450800.0
1047,2021-10-01 10:02:35,18500.0,1000.0,450600.0
1048,2021-10-01 10:02:33,18500.0,500.0,449600.0
1049,2021-10-01 10:02:15,18500.0,1000.0,449100.0
1050,2021-10-01 10:01:57,18500.0,2000.0,448100.0
1051,2021-10-01 10:01:57,18500.0,3500.0,446100.0
1052,2021-10-01 10:01:52,18450.0,200.0,442600.0
1053,2021-10-01 10:01:52,18450.0,100.0,442400.0
1054,2021-10-01 10:01:52,18450.0,200.0,442300.0
1055,2021-10-01 10:01:52,18450.0,3900.0,442100.0
1056,2021-10-01 10:01:52,18450.0,200.0,438200.0
1057,2021-10-01 10:01:52,18450.0,500.0,438000.0
1058,2021-10-01 10:01:52,18450.0,100.0,437500.0
1059,2021-10-01 10:01:52,18450.0,4100.0,437400.0
1060,2021-10-01 10:01:51,18450.0,500.0,433300.0
1061,2021-10-01 10:01:28,18450.0,1000.0,432800.0
1062,2021-10-01 10:00:55,18450.0,400.0,431800.0
1063,2021-10-01 10:00:54,18450.0,1000.0,431400.0
1064,2021-10-01 10:00:49,18450.0,500.0,430400.0
1065,2021-10-01 10:00:45,18450.0,1000.0,429900.0
1066,2021-10-01 10:00:25,18450.0,100.0,428900.0
1067,2021-10-01 10:00:12,18400.0,500.0,428800.0
1068,2021-10-01 09:59:37,18450.0,200.0,428300.0
1069,2021-10-01 09:59:37,18450.0,800.0,428100.0
1070,2021-10-01 09:59:37,18500.0,2800.0,427300.0
1071,2021-10-01 09:59:37,18500.0,500.0,424500.0
1072,2021-10-01 09:59:37,18500.0,300.0,424000.0
1073,2021-10-01 09:59:37,18500.0,500.0,423700.0
1074,2021-10-01 09:59:37,18500.0,500.0,423200.0
1075,2021-10-01 09:59:37,18500.0,400.0,422700.0
1076,2021-10-01 09:59:37,18500.0,100.0,422300.0
1077,2021-10-01 09:59:37,18500.0,200.0,422200.0
1078,2021-10-01 09:59:37,18500.0,1000.0,422000.0
1079,2021-10-01 09:59:37,18500.0,200.0,421000.0
1080,2021-10-01 09:59:37,18500.0,1500.0,420800.0
1081,2021-10-01 09:59:37,18500.0,700.0,419300.0
1082,2021-10-01 09:59:37,18500.0,300.0,418600.0
1083,2021-10-01 09:59:37,18500.0,3000.0,418300.0
1084,2021-10-01 09:59:37,18500.0,1000.0,415300.0
1085,2021-10-01 09:59:37,18500.0,100.0,414300.0
1086,2021-10-01 09:59:37,18500.0,2000.0,414200.0
1087,2021-10-01 09:59:37,18500.0,2000.0,412200.0
1088,2021-10-01 09:59:37,18500.0,800.0,410200.0
1089,2021-10-01 09:59:36,18450.0,200.0,409400.0
1090,2021-10-01 09:59:36,18450.0,500.0,409200.0
1091,2021-10-01 09:59:32,18450.0,500.0,408700.0
1092,2021-10-01 09:59:32,18450.0,100.0,408200.0
1093,2021-10-01 09:59:14,18450.0,900.0,408100.0
1094,2021-10-01 09:59:14,18450.0,100.0,407200.0
1095,2021-10-01 09:59:01,18450.0,200.0,407100.0
1096,2021-10-01 09:58:58,18500.0,1200.0,406900.0
1097,2021-10-01 09:58:58,18500.0,100.0,405700.0
1098,2021-10-01 09:58:58,18500.0,500.0,405600.0
1099,2021-10-01 09:58:58,18500.0,600.0,405100.0
1100,2021-10-01 09:58:58,18500.0,500.0,404500.0
1101,2021-10-01 09:58:58,18500.0,100.0,404000.0
1102,2021-10-01 09:58:58,18500.0,100.0,403900.0
1103,2021-10-01 09:58:58,18500.0,100.0,403800.0
1104,2021-10-01 09:58:58,18500.0,800.0,403700.0
1105,2021-10-01 09:58:53,18500.0,1200.0,402900.0
1106,2021-10-01 09:58:53,18500.0,1200.0,401700.0
1107,2021-10-01 09:58:53,18500.0,400.0,400500.0
1108,2021-10-01 09:58:53,18500.0,600.0,400100.0
1109,2021-10-01 09:58:53,18500.0,500.0,399500.0
1110,2021-10-01 09:58:53,18500.0,600.0,399000.0
1111,2021-10-01 09:58:53,18500.0,400.0,398400.0
1112,2021-10-01 09:58:53,18500.0,100.0,398000.0
1113,2021-10-01 09:58:40,18450.0,100.0,397900.0
1114,2021-10-01 09:58:32,18450.0,200.0,397800.0
1115,2021-10-01 09:58:04,18450.0,100.0,397600.0
1116,2021-10-01 09:58:03,18450.0,100.0,397500.0
1117,2021-10-01 09:58:03,18450.0,200.0,397400.0
1118,2021-10-01 09:58:03,18450.0,1000.0,397200.0
1119,2021-10-01 09:58:02,18450.0,2900.0,396200.0
1120,2021-10-01 09:58:02,18450.0,100.0,393300.0
1121,2021-10-01 09:58:01,18450.0,600.0,393200.0
1122,2021-10-01 09:57:59,18450.0,100.0,392600.0
1123,2021-10-01 09:57:56,18450.0,200.0,392500.0
1124,2021-10-01 09:57:56,18450.0,1000.0,392300.0
1125,2021-10-01 09:57:56,18450.0,800.0,391300.0
1126,2021-10-01 09:57:46,18450.0,200.0,390500.0
1127,2021-10-01 09:57:46,18450.0,100.0,390300.0
1128,2021-10-01 09:57:46,18450.0,200.0,390200.0
1129,2021-10-01 09:57:37,18400.0,1000.0,390000.0
1130,2021-10-01 09:57:37,18400.0,900.0,389000.0
1131,2021-10-01 09:57:37,18400.0,400.0,388100.0
1132,2021-10-01 09:57:37,18400.0,200.0,387700.0
1133,2021-10-01 09:57:37,18400.0,100.0,387500.0
1134,2021-10-01 09:57:37,18400.0,500.0,387400.0
1135,2021-10-01 09:57:37,18400.0,200.0,386900.0
1136,2021-10-01 09:57:37,18400.0,200.0,386700.0
1137,2021-10-01 09:57:37,18400.0,300.0,386500.0
1138,2021-10-01 09:57:37,18400.0,100.0,386200.0
1139,2021-10-01 09:57:37,18400.0,1000.0,386100.0
1140,2021-10-01 09:57:37,18400.0,1000.0,385100.0
1141,2021-10-01 09:57:37,18400.0,1000.0,384100.0
1142,2021-10-01 09:57:37,18400.0,100.0,383100.0
1143,2021-10-01 09:57:37,18400.0,3000.0,383000.0
1144,2021-10-01 09:57:37,18400.0,2100.0,380000.0
1145,2021-10-01 09:57:32,18400.0,1800.0,377900.0
1146,2021-10-01 09:57:26,18400.0,3900.0,376100.0
1147,2021-10-01 09:57:21,18350.0,300.0,372200.0
1148,2021-10-01 09:57:12,18400.0,500.0,371900.0
1149,2021-10-01 09:57:12,18400.0,200.0,371400.0
1150,2021-10-01 09:57:05,18350.0,100.0,371200.0
1151,2021-10-01 09:56:56,18350.0,100.0,371100.0
1152,2021-10-01 09:56:56,18350.0,400.0,371000.0
1153,2021-10-01 09:56:52,18350.0,1000.0,370600.0
1154,2021-10-01 09:56:48,18350.0,200.0,369600.0
1155,2021-10-01 09:56:48,18350.0,2400.0,369400.0
1156,2021-10-01 09:56:48,18350.0,100.0,367000.0
1157,2021-10-01 09:56:48,18350.0,200.0,366900.0
1158,2021-10-01 09:56:48,18350.0,300.0,366700.0
1159,2021-10-01 09:56:41,18350.0,2300.0,366400.0
1160,2021-10-01 09:56:41,18350.0,100.0,364100.0
1161,2021-10-01 09:56:41,18350.0,600.0,364000.0
1162,2021-10-01 09:56:40,18350.0,1400.0,363400.0
1163,2021-10-01 09:56:40,18350.0,1000.0,362000.0
1164,2021-10-01 09:56:40,18350.0,500.0,361000.0
1165,2021-10-01 09:56:40,18350.0,2100.0,360500.0
1166,2021-10-01 09:56:29,18350.0,1000.0,358400.0
1167,2021-10-01 09:56:29,18350.0,400.0,357400.0
1168,2021-10-01 09:56:27,18350.0,300.0,357000.0
1169,2021-10-01 09:56:24,18350.0,500.0,356700.0
1170,2021-10-01 09:56:22,18350.0,700.0,356200.0
1171,2021-10-01 09:56:22,18350.0,300.0,355500.0
1172,2021-10-01 09:55:55,18350.0,400.0,355200.0
1173,2021-10-01 09:55:38,18350.0,400.0,354800.0
1174,2021-10-01 09:55:22,18350.0,600.0,354400.0
1175,2021-10-01 09:54:58,18350.0,1000.0,353800.0
1176,2021-10-01 09:54:50,18350.0,1000.0,352800.0
1177,2021-10-01 09:54:38,18350.0,300.0,351800.0
1178,2021-10-01 09:54:34,18350.0,1000.0,351500.0
1179,2021-10-01 09:54:29,18300.0,1000.0,350500.0
1180,2021-10-01 09:54:21,18350.0,800.0,349500.0
1181,2021-10-01 09:54:20,18300.0,200.0,348700.0
1182,2021-10-01 09:54:19,18300.0,2900.0,348500.0
1183,2021-10-01 09:54:19,18300.0,500.0,345600.0
1184,2021-10-01 09:54:19,18300.0,500.0,345100.0
1185,2021-10-01 09:54:19,18300.0,4000.0,344600.0
1186,2021-10-01 09:54:19,18300.0,2000.0,340600.0
1187,2021-10-01 09:54:19,18300.0,100.0,338600.0
1188,2021-10-01 09:54:04,18350.0,1500.0,338500.0
1189,2021-10-01 09:54:04,18350.0,400.0,337000.0
1190,2021-10-01 09:53:54,18350.0,2000.0,336600.0
1191,2021-10-01 09:53:54,18350.0,300.0,334600.0
1192,2021-10-01 09:53:43,18350.0,200.0,334300.0
1193,2021-10-01 09:53:25,18350.0,100.0,334100.0
1194,2021-10-01 09:53:15,18350.0,500.0,334000.0
1195,2021-10-01 09:52:53,18350.0,400.0,333500.0
1196,2021-10-01 09:52:49,18300.0,200.0,333100.0
1197,2021-10-01 09:52:18,18300.0,100.0,332900.0
1198,2021-10-01 09:51:50,18300.0,300.0,332800.0
1199,2021-10-01 09:51:50,18300.0,300.0,332500.0
1200,2021-10-01 09:51:46,18300.0,200.0,332200.0
1201,2021-10-01 09:51:46,18300.0,100.0,332000.0
1202,2021-10-01 09:51:46,18300.0,900.0,331900.0
1203,2021-10-01 09:51:46,18300.0,100.0,331000.0
1204,2021-10-01 09:51:46,18300.0,400.0,330900.0
1205,2021-10-01 09:51:46,18300.0,900.0,330500.0
1206,2021-10-01 09:51:45,18300.0,100.0,329600.0
1207,2021-10-01 09:51:42,18300.0,800.0,329500.0
1208,2021-10-01 09:51:40,18300.0,1200.0,328700.0
1209,2021-10-01 09:51:40,18300.0,500.0,327500.0
1210,2021-10-01 09:51:40,18300.0,100.0,327000.0
1211,2021-10-01 09:51:40,18300.0,200.0,326900.0
1212,2021-10-01 09:51:37,18300.0,400.0,326700.0
1213,2021-10-01 09:51:37,18300.0,100.0,326300.0
1214,2021-10-01 09:51:37,18300.0,100.0,326200.0
1215,2021-10-01 09:51:37,18300.0,2000.0,326100.0
1216,2021-10-01 09:51:29,18300.0,100.0,324100.0
1217,2021-10-01 09:51:29,18300.0,14900.0,324000.0
1218,2021-10-01 09:51:23,18300.0,1000.0,309100.0
1219,2021-10-01 09:51:20,18300.0,1000.0,308100.0
1220,2021-10-01 09:51:12,18300.0,3000.0,307100.0
1221,2021-10-01 09:51:03,18300.0,100.0,304100.0
1222,2021-10-01 09:51:03,18300.0,300.0,304000.0
1223,2021-10-01 09:51:01,18300.0,1000.0,303700.0
1224,2021-10-01 09:51:01,18300.0,600.0,302700.0
1225,2021-10-01 09:50:36,18300.0,100.0,302100.0
1226,2021-10-01 09:50:36,18300.0,300.0,302000.0
1227,2021-10-01 09:50:12,18300.0,600.0,301700.0
1228,2021-10-01 09:50:08,18300.0,100.0,301100.0
1229,2021-10-01 09:50:08,18300.0,900.0,301000.0
1230,2021-10-01 09:49:59,18300.0,400.0,300100.0
1231,2021-10-01 09:49:57,18300.0,700.0,299700.0
1232,2021-10-01 09:49:57,18300.0,300.0,299000.0
1233,2021-10-01 09:49:47,18300.0,500.0,298700.0
1234,2021-10-01 09:49:46,18300.0,2200.0,298200.0
1235,2021-10-01 09:49:46,18300.0,200.0,296000.0
1236,2021-10-01 09:49:46,18300.0,2000.0,295800.0
1237,2021-10-01 09:49:46,18300.0,200.0,293800.0
1238,2021-10-01 09:49:46,18300.0,2100.0,293600.0
1239,2021-10-01 09:49:46,18300.0,100.0,291500.0
1240,2021-10-01 09:49:21,18250.0,5000.0,291400.0
1241,2021-10-01 09:49:21,18250.0,100.0,286400.0
1242,2021-10-01 09:49:21,18250.0,100.0,286300.0
1243,2021-10-01 09:49:21,18250.0,100.0,286200.0
1244,2021-10-01 09:49:21,18250.0,1000.0,286100.0
1245,2021-10-01 09:49:21,18250.0,1000.0,285100.0
1246,2021-10-01 09:49:21,18250.0,1000.0,284100.0
1247,2021-10-01 09:49:21,18250.0,100.0,283100.0
1248,2021-10-01 09:48:52,18200.0,500.0,283000.0
1249,2021-10-01 09:48:52,18200.0,700.0,282500.0
1250,2021-10-01 09:48:52,18200.0,500.0,281800.0
1251,2021-10-01 09:48:52,18200.0,2000.0,281300.0
1252,2021-10-01 09:48:52,18200.0,200.0,279300.0
1253,2021-10-01 09:48:52,18200.0,100.0,279100.0
1254,2021-10-01 09:48:52,18200.0,500.0,279000.0
1255,2021-10-01 09:48:52,18200.0,500.0,278500.0
1256,2021-10-01 09:48:52,18200.0,400.0,278000.0
1257,2021-10-01 09:48:52,18200.0,100.0,277600.0
1258,2021-10-01 09:48:52,18200.0,5000.0,277500.0
1259,2021-10-01 09:48:52,18200.0,500.0,272500.0
1260,2021-10-01 09:48:52,18200.0,300.0,272000.0
1261,2021-10-01 09:48:52,18200.0,100.0,271700.0
1262,2021-10-01 09:48:52,18200.0,100.0,271600.0
1263,2021-10-01 09:48:52,18200.0,100.0,271500.0
1264,2021-10-01 09:48:52,18200.0,100.0,271400.0
1265,2021-10-01 09:48:52,18200.0,500.0,271300.0
1266,2021-10-01 09:48:52,18200.0,500.0,270800.0
1267,2021-10-01 09:48:52,18200.0,100.0,270300.0
1268,2021-10-01 09:48:52,18200.0,2000.0,270200.0
1269,2021-10-01 09:48:52,18200.0,600.0,268200.0
1270,2021-10-01 09:48:52,18200.0,2000.0,267600.0
1271,2021-10-01 09:48:52,18200.0,12400.0,265600.0
1272,2021-10-01 09:48:43,18200.0,800.0,253200.0
1273,2021-10-01 09:48:42,18200.0,2000.0,252400.0
1274,2021-10-01 09:48:19,18200.0,1000.0,250400.0
1275,2021-10-01 09:48:16,18200.0,700.0,249400.0
1276,2021-10-01 09:48:11,18200.0,1000.0,248700.0
1277,2021-10-01 09:47:52,18200.0,1000.0,247700.0
1278,2021-10-01 09:47:47,18200.0,1100.0,246700.0
1279,2021-10-01 09:47:47,18200.0,900.0,245600.0
1280,2021-10-01 09:47:46,18200.0,100.0,244700.0
1281,2021-10-01 09:47:46,18200.0,500.0,244600.0
1282,2021-10-01 09:47:43,18200.0,200.0,244100.0
1283,2021-10-01 09:47:26,18200.0,200.0,243900.0
1284,2021-10-01 09:47:23,18150.0,2200.0,243700.0
1285,2021-10-01 09:47:23,18150.0,1000.0,241500.0
1286,2021-10-01 09:47:23,18150.0,2700.0,240500.0
1287,2021-10-01 09:47:03,18150.0,500.0,237800.0
1288,2021-10-01 09:47:00,18200.0,100.0,237300.0
1289,2021-10-01 09:47:00,18200.0,500.0,237200.0
1290,2021-10-01 09:47:00,18200.0,1000.0,236700.0
1291,2021-10-01 09:47:00,18200.0,1000.0,235700.0
1292,2021-10-01 09:47:00,18200.0,200.0,234700.0
1293,2021-10-01 09:47:00,18200.0,1000.0,234500.0
1294,2021-10-01 09:47:00,18200.0,200.0,233500.0
1295,2021-10-01 09:47:00,18200.0,1000.0,233300.0
1296,2021-10-01 09:47:00,18200.0,200.0,232300.0
1297,2021-10-01 09:46:55,18150.0,300.0,232100.0
1298,2021-10-01 09:45:46,18150.0,200.0,231800.0
1299,2021-10-01 09:45:46,18150.0,2000.0,231600.0
1300,2021-10-01 09:45:46,18150.0,1000.0,229600.0
1301,2021-10-01 09:45:46,18150.0,2000.0,228600.0
1302,2021-10-01 09:45:46,18150.0,200.0,226600.0
1303,2021-10-01 09:45:46,18150.0,1000.0,226400.0
1304,2021-10-01 09:45:46,18150.0,100.0,225400.0
1305,2021-10-01 09:45:45,18150.0,100.0,225300.0
1306,2021-10-01 09:45:45,18150.0,300.0,225200.0
1307,2021-10-01 09:45:45,18150.0,200.0,224900.0
1308,2021-10-01 09:45:45,18150.0,1400.0,224700.0
1309,2021-10-01 09:45:30,18150.0,800.0,223300.0
1310,2021-10-01 09:45:30,18150.0,1200.0,222500.0
1311,2021-10-01 09:45:19,18150.0,1000.0,221300.0
1312,2021-10-01 09:44:11,18100.0,5000.0,220300.0
1313,2021-10-01 09:42:09,18100.0,2000.0,215300.0
1314,2021-10-01 09:42:09,18100.0,200.0,213300.0
1315,2021-10-01 09:42:09,18100.0,500.0,213100.0
1316,2021-10-01 09:42:09,18100.0,3000.0,212600.0
1317,2021-10-01 09:42:09,18100.0,600.0,209600.0
1318,2021-10-01 09:42:09,18100.0,1900.0,209000.0
1319,2021-10-01 09:40:51,18000.0,800.0,207100.0
1320,2021-10-01 09:40:51,18000.0,200.0,206300.0
1321,2021-10-01 09:39:30,18000.0,100.0,206100.0
1322,2021-10-01 09:38:50,18000.0,1000.0,206000.0
1323,2021-10-01 09:38:08,18000.0,2000.0,205000.0
1324,2021-10-01 09:37:52,18000.0,500.0,203000.0
1325,2021-10-01 09:37:52,18000.0,400.0,202500.0
1326,2021-10-01 09:37:52,18000.0,200.0,202100.0
1327,2021-10-01 09:37:52,18000.0,2000.0,201900.0
1328,2021-10-01 09:37:52,18000.0,200.0,199900.0
1329,2021-10-01 09:37:52,18000.0,2000.0,199700.0
1330,2021-10-01 09:37:52,18000.0,100.0,197700.0
1331,2021-10-01 09:37:52,18000.0,500.0,197600.0
1332,2021-10-01 09:37:52,18000.0,500.0,197100.0
1333,2021-10-01 09:37:52,18000.0,4400.0,196600.0
1334,2021-10-01 09:37:52,18100.0,1000.0,192200.0
1335,2021-10-01 09:37:52,18100.0,500.0,191200.0
1336,2021-10-01 09:37:52,18100.0,100.0,190700.0
1337,2021-10-01 09:37:52,18100.0,600.0,190600.0
1338,2021-10-01 09:37:38,18150.0,500.0,190000.0
1339,2021-10-01 09:37:26,18100.0,200.0,189500.0
1340,2021-10-01 09:37:01,18100.0,200.0,189300.0
1341,2021-10-01 09:37:01,18100.0,1000.0,189100.0
1342,2021-10-01 09:37:01,18100.0,300.0,188100.0
1343,2021-10-01 09:36:53,18100.0,500.0,187800.0
1344,2021-10-01 09:36:45,18100.0,500.0,187300.0
1345,2021-10-01 09:36:42,18100.0,200.0,186800.0
1346,2021-10-01 09:36:05,18100.0,1000.0,186600.0
1347,2021-10-01 09:35:54,18150.0,2300.0,185600.0
1348,2021-10-01 09:35:54,18150.0,300.0,183300.0
1349,2021-10-01 09:35:54,18150.0,100.0,183000.0
1350,2021-10-01 09:35:54,18150.0,1400.0,182900.0
1351,2021-10-01 09:35:54,18100.0,1000.0,181500.0
1352,2021-10-01 09:35:54,18100.0,700.0,180500.0
1353,2021-10-01 09:35:54,18100.0,9200.0,179800.0
1354,2021-10-01 09:35:46,18100.0,100.0,170600.0
1355,2021-10-01 09:35:43,18100.0,500.0,170500.0
1356,2021-10-01 09:35:43,18100.0,200.0,170000.0
1357,2021-10-01 09:35:38,18150.0,200.0,169800.0
1358,2021-10-01 09:35:25,18150.0,1000.0,169600.0
1359,2021-10-01 09:35:22,18150.0,100.0,168600.0
1360,2021-10-01 09:35:15,18100.0,2000.0,168500.0
1361,2021-10-01 09:34:37,18150.0,1000.0,166500.0
1362,2021-10-01 09:34:31,18100.0,300.0,165500.0
1363,2021-10-01 09:34:31,18100.0,1000.0,165200.0
1364,2021-10-01 09:34:31,18100.0,100.0,164200.0
1365,2021-10-01 09:34:31,18100.0,600.0,164100.0
1366,2021-10-01 09:34:18,18100.0,700.0,163500.0
1367,2021-10-01 09:34:18,18100.0,300.0,162800.0
1368,2021-10-01 09:34:03,18150.0,500.0,162500.0
1369,2021-10-01 09:33:59,18100.0,500.0,162000.0
1370,2021-10-01 09:33:54,18100.0,2300.0,161500.0
1371,2021-10-01 09:33:54,18100.0,500.0,159200.0
1372,2021-10-01 09:33:54,18100.0,200.0,158700.0
1373,2021-10-01 09:33:43,18100.0,100.0,158500.0
1374,2021-10-01 09:33:43,18100.0,900.0,158400.0
1375,2021-10-01 09:33:42,18100.0,100.0,157500.0
1376,2021-10-01 09:33:42,18100.0,1900.0,157400.0
1377,2021-10-01 09:33:38,18150.0,100.0,155500.0
1378,2021-10-01 09:33:02,18100.0,300.0,155400.0
1379,2021-10-01 09:32:48,18100.0,100.0,155100.0
1380,2021-10-01 09:32:40,18100.0,200.0,155000.0
1381,2021-10-01 09:32:08,18100.0,1500.0,154800.0
1382,2021-10-01 09:32:08,18100.0,500.0,153300.0
1383,2021-10-01 09:32:04,18150.0,400.0,152800.0
1384,2021-10-01 09:31:39,18100.0,5200.0,152400.0
1385,2021-10-01 09:31:35,18150.0,1000.0,147200.0
1386,2021-10-01 09:31:14,18200.0,100.0,146200.0
1387,2021-10-01 09:31:14,18200.0,400.0,146100.0
1388,2021-10-01 09:31:06,18200.0,100.0,145700.0
1389,2021-10-01 09:31:00,18100.0,500.0,145600.0
1390,2021-10-01 09:30:47,18100.0,100.0,145100.0
1391,2021-10-01 09:30:33,18100.0,2000.0,145000.0
1392,2021-10-01 09:30:31,18100.0,1000.0,143000.0
1393,2021-10-01 09:30:27,18100.0,100.0,142000.0
1394,2021-10-01 09:30:11,18100.0,400.0,141900.0
1395,2021-10-01 09:29:57,18100.0,1000.0,141500.0
1396,2021-10-01 09:29:57,18100.0,5000.0,140500.0
1397,2021-10-01 09:29:57,18100.0,4200.0,135500.0
1398,2021-10-01 09:29:45,18000.0,200.0,131300.0
1399,2021-10-01 09:29:45,18000.0,100.0,131100.0
1400,2021-10-01 09:29:30,18100.0,100.0,131000.0
1401,2021-10-01 09:28:50,18100.0,1000.0,130900.0
1402,2021-10-01 09:28:26,18150.0,4700.0,129900.0
1403,2021-10-01 09:28:24,18150.0,3000.0,125200.0
1404,2021-10-01 09:28:24,18150.0,10000.0,122200.0
1405,2021-10-01 09:28:24,18150.0,200.0,112200.0
1406,2021-10-01 09:28:24,18150.0,100.0,112000.0
1407,2021-10-01 09:28:24,18150.0,100.0,111900.0
1408,2021-10-01 09:28:24,18150.0,100.0,111800.0
1409,2021-10-01 09:28:24,18150.0,1100.0,111700.0
1410,2021-10-01 09:28:24,18100.0,400.0,110600.0
1411,2021-10-01 09:28:24,18100.0,1000.0,110200.0
1412,2021-10-01 09:28:24,18100.0,500.0,109200.0
1413,2021-10-01 09:28:24,18100.0,200.0,108700.0
1414,2021-10-01 09:28:24,18100.0,500.0,108500.0
1415,2021-10-01 09:28:24,18100.0,2000.0,108000.0
1416,2021-10-01 09:28:24,18100.0,3000.0,106000.0
1417,2021-10-01 09:28:24,18100.0,3000.0,103000.0
1418,2021-10-01 09:28:24,18050.0,100.0,100000.0
1419,2021-10-01 09:27:53,18100.0,1000.0,99900.0
1420,2021-10-01 09:27:46,18000.0,200.0,98900.0
1421,2021-10-01 09:27:46,18000.0,500.0,98700.0
1422,2021-10-01 09:27:46,18000.0,300.0,98200.0
1423,2021-10-01 09:27:08,18100.0,1000.0,97900.0
1424,2021-10-01 09:27:00,18100.0,200.0,96900.0
1425,2021-10-01 09:26:57,18100.0,1800.0,96700.0
1426,2021-10-01 09:26:57,18100.0,2000.0,94900.0
1427,2021-10-01 09:26:57,18100.0,1200.0,92900.0
1428,2021-10-01 09:26:49,18100.0,800.0,91700.0
1429,2021-10-01 09:26:49,18100.0,500.0,90900.0
1430,2021-10-01 09:26:49,18100.0,100.0,90400.0
1431,2021-10-01 09:26:49,18100.0,1100.0,90300.0
1432,2021-10-01 09:26:49,18100.0,100.0,89200.0
1433,2021-10-01 09:26:32,18100.0,400.0,89100.0
1434,2021-10-01 09:26:19,18100.0,1000.0,88700.0
1435,2021-10-01 09:25:52,18100.0,100.0,87700.0
1436,2021-10-01 09:25:45,18100.0,2300.0,87600.0
1437,2021-10-01 09:25:43,18100.0,1300.0,85300.0
1438,2021-10-01 09:25:30,18100.0,900.0,84000.0
1439,2021-10-01 09:25:30,18150.0,3900.0,83100.0
1440,2021-10-01 09:25:30,18150.0,400.0,79200.0
1441,2021-10-01 09:24:52,18100.0,500.0,78800.0
1442,2021-10-01 09:24:26,18100.0,100.0,78300.0
1443,2021-10-01 09:23:58,18100.0,500.0,78200.0
1444,2021-10-01 09:23:11,18100.0,300.0,77700.0
1445,2021-10-01 09:22:48,18100.0,500.0,77400.0
1446,2021-10-01 09:22:48,18100.0,1500.0,76900.0
1447,2021-10-01 09:22:48,18100.0,5000.0,75400.0
1448,2021-10-01 09:22:48,18100.0,5000.0,70400.0
1449,2021-10-01 09:22:48,18100.0,500.0,65400.0
1450,2021-10-01 09:22:31,18000.0,200.0,64900.0
1451,2021-10-01 09:22:04,18100.0,500.0,64700.0
1452,2021-10-01 09:22:04,18100.0,100.0,64200.0
1453,2021-10-01 09:22:04,18100.0,1100.0,64100.0
1454,2021-10-01 09:21:32,18100.0,300.0,63000.0
1455,2021-10-01 09:21:32,18100.0,500.0,62700.0
1456,2021-10-01 09:21:32,18100.0,2000.0,62200.0
1457,2021-10-01 09:21:32,18100.0,200.0,60200.0
1458,2021-10-01 09:21:32,18100.0,800.0,60000.0
1459,2021-10-01 09:21:32,18100.0,5100.0,59200.0
1460,2021-10-01 09:21:14,18150.0,1000.0,54100.0
1461,2021-10-01 09:20:57,18100.0,100.0,53100.0
1462,2021-10-01 09:20:53,18150.0,100.0,53000.0
1463,2021-10-01 09:20:34,18100.0,100.0,52900.0
1464,2021-10-01 09:20:20,18100.0,1000.0,52800.0
1465,2021-10-01 09:20:15,18100.0,1200.0,51800.0
1466,2021-10-01 09:20:13,18100.0,100.0,50600.0
1467,2021-10-01 09:20:07,18100.0,400.0,50500.0
1468,2021-10-01 09:19:51,18100.0,100.0,50100.0
1469,2021-10-01 09:19:50,18100.0,1000.0,50000.0
1470,2021-10-01 09:19:49,18100.0,200.0,49000.0
1471,2021-10-01 09:19:49,18100.0,1000.0,48800.0
1472,2021-10-01 09:19:49,18100.0,300.0,47800.0
1473,2021-10-01 09:19:49,18100.0,300.0,47500.0
1474,2021-10-01 09:19:49,18100.0,100.0,47200.0
1475,2021-10-01 09:19:49,18100.0,3000.0,47100.0
1476,2021-10-01 09:19:49,18100.0,400.0,44100.0
1477,2021-10-01 09:19:49,18100.0,600.0,43700.0
1478,2021-10-01 09:19:21,18100.0,1000.0,43100.0
1479,2021-10-01 09:19:19,18100.0,500.0,42100.0
1480,2021-10-01 09:19:19,18100.0,4500.0,41600.0
1481,2021-10-01 09:19:01,18100.0,500.0,37100.0
1482,2021-10-01 09:18:50,18100.0,500.0,36600.0
1483,2021-10-01 09:18:24,18100.0,800.0,36100.0
1484,2021-10-01 09:18:22,18100.0,1000.0,35300.0
1485,2021-10-01 09:18:20,18100.0,600.0,34300.0
1486,2021-10-01 09:18:20,18100.0,400.0,33700.0
1487,2021-10-01 09:18:20,18100.0,1000.0,33300.0
1488,2021-10-01 09:18:20,18100.0,700.0,32300.0
1489,2021-10-01 09:18:14,18100.0,5000.0,31600.0
1490,2021-10-01 09:17:47,18100.0,100.0,26600.0
1491,2021-10-01 09:17:47,18100.0,100.0,26500.0
1492,2021-10-01 09:17:47,18100.0,1000.0,26400.0
1493,2021-10-01 09:17:47,18100.0,800.0,25400.0
1494,2021-10-01 09:17:42,18100.0,200.0,24600.0
1495,2021-10-01 09:17:42,18100.0,100.0,24400.0
1496,2021-10-01 09:17:42,18100.0,1000.0,24300.0
1497,2021-10-01 09:17:42,18100.0,200.0,23300.0
1498,2021-10-01 09:17:28,18000.0,300.0,23100.0
1499,2021-10-01 09:17:27,18000.0,700.0,22800.0
1500,2021-10-01 09:17:03,18000.0,500.0,22100.0
1501,2021-10-01 09:17:03,18000.0,1300.0,21600.0
1502,2021-10-01 09:17:03,18000.0,1000.0,20300.0
1503,2021-10-01 09:17:03,18000.0,200.0,19300.0
1504,2021-10-01 09:17:03,18000.0,200.0,19100.0
1505,2021-10-01 09:17:03,18000.0,100.0,18900.0
1506,2021-10-01 09:17:03,18000.0,500.0,18800.0
1507,2021-10-01 09:17:03,18000.0,200.0,18300.0
1508,2021-10-01 09:17:03,18000.0,500.0,18100.0
1509,2021-10-01 09:17:03,18000.0,1000.0,17600.0
1510,2021-10-01 09:17:03,18000.0,1800.0,16600.0
1511,2021-10-01 09:16:46,17800.0,200.0,14800.0
1512,2021-10-01 09:15:48,17800.0,600.0,14600.0
1513,2021-10-01 09:15:48,17800.0,200.0,14000.0
1514,2021-10-01 09:15:32,18000.0,400.0,13800.0
1515,2021-10-01 09:15:32,18000.0,100.0,13400.0
1516,2021-10-01 09:15:27,18000.0,400.0,13300.0
1517,2021-10-01 09:15:27,18000.0,100.0,12900.0
1518,2021-10-01 09:15:27,17900.0,500.0,12800.0
1519,2021-10-01 09:15:27,17900.0,500.0,12300.0
1520,2021-10-01 09:15:00,18000.0,500.0,11800.0
1521,2021-10-01 09:15:00,18000.0,1400.0,11300.0
1522,2021-10-01 09:15:00,18000.0,100.0,9900.0
1523,2021-10-01 09:15:00,18000.0,100.0,9800.0
1524,2021-10-01 09:15:00,18000.0,600.0,9700.0
1525,2021-10-01 09:15:00,18000.0,1000.0,9100.0
1526,2021-10-01 09:15:00,18000.0,1500.0,8100.0
1527,2021-10-01 09:15:00,18000.0,6000.0,6600.0
1528,2021-10-01 09:15:00,18000.0,100.0,600.0
1529,2021-10-01 09:15:00,18000.0,200.0,500.0
1530,2021-10-01 09:15:00,18000.0,200.0,300.0
1531,2021-10-01 09:15:00,18000.0,100.0,100.0
