,Time,Price,Volume_per_trade,Volume
0,2021-10-20 07:45:00,17200.0,200.0,685600.0
1,2021-10-20 07:45:00,17200.0,100.0,685400.0
2,2021-10-20 07:45:00,17200.0,200.0,685300.0
3,2021-10-20 07:45:00,17200.0,100.0,685100.0
4,2021-10-20 07:45:00,17200.0,200.0,685000.0
5,2021-10-20 07:45:00,17200.0,1000.0,684800.0
6,2021-10-20 07:45:00,17200.0,1000.0,683800.0
7,2021-10-20 07:45:00,17200.0,2000.0,682800.0
8,2021-10-20 07:45:00,17200.0,2000.0,680800.0
9,2021-10-20 07:29:50,17200.0,700.0,678800.0
10,2021-10-20 07:29:39,17200.0,1000.0,678100.0
11,2021-10-20 07:28:56,17250.0,900.0,677100.0
12,2021-10-20 07:28:56,17250.0,500.0,676200.0
13,2021-10-20 07:28:54,17250.0,500.0,675700.0
14,2021-10-20 07:28:54,17250.0,500.0,675200.0
15,2021-10-20 07:28:43,17200.0,500.0,674700.0
16,2021-10-20 07:27:21,17200.0,100.0,674200.0
17,2021-10-20 07:27:09,17200.0,300.0,674100.0
18,2021-10-20 07:26:48,17200.0,2200.0,673800.0
19,2021-10-20 07:26:48,17200.0,400.0,671600.0
20,2021-10-20 07:26:44,17200.0,100.0,671200.0
21,2021-10-20 07:26:14,17200.0,100.0,671100.0
22,2021-10-20 07:26:14,17200.0,200.0,671000.0
23,2021-10-20 07:25:56,17200.0,200.0,670800.0
24,2021-10-20 07:25:41,17200.0,400.0,670600.0
25,2021-10-20 07:25:07,17150.0,1000.0,670200.0
26,2021-10-20 07:25:01,17150.0,4800.0,669200.0
27,2021-10-20 07:24:42,17150.0,400.0,664400.0
28,2021-10-20 07:23:44,17150.0,600.0,664000.0
29,2021-10-20 07:23:44,17150.0,700.0,663400.0
30,2021-10-20 07:23:32,17150.0,200.0,662700.0
31,2021-10-20 07:23:24,17150.0,100.0,662500.0
32,2021-10-20 07:23:24,17150.0,900.0,662400.0
33,2021-10-20 07:23:09,17150.0,200.0,661500.0
34,2021-10-20 07:22:51,17150.0,900.0,661300.0
35,2021-10-20 07:22:51,17150.0,100.0,660400.0
36,2021-10-20 07:22:51,17150.0,200.0,660300.0
37,2021-10-20 07:22:44,17150.0,200.0,660100.0
38,2021-10-20 07:22:40,17150.0,200.0,659900.0
39,2021-10-20 07:22:24,17150.0,1500.0,659700.0
40,2021-10-20 07:22:19,17200.0,600.0,658200.0
41,2021-10-20 07:22:19,17200.0,1000.0,657600.0
42,2021-10-20 07:22:19,17200.0,700.0,656600.0
43,2021-10-20 07:22:19,17200.0,1000.0,655900.0
44,2021-10-20 07:22:19,17200.0,8700.0,654900.0
45,2021-10-20 07:22:18,17150.0,5000.0,646200.0
46,2021-10-20 07:22:14,17150.0,1200.0,641200.0
47,2021-10-20 07:21:59,17150.0,500.0,640000.0
48,2021-10-20 07:21:34,17150.0,300.0,639500.0
49,2021-10-20 07:21:21,17150.0,1000.0,639200.0
50,2021-10-20 07:21:15,17150.0,1000.0,638200.0
51,2021-10-20 07:21:09,17150.0,2000.0,637200.0
52,2021-10-20 07:21:03,17150.0,500.0,635200.0
53,2021-10-20 07:20:37,17150.0,5000.0,634700.0
54,2021-10-20 07:20:13,17150.0,700.0,629700.0
55,2021-10-20 07:20:04,17150.0,500.0,629000.0
56,2021-10-20 07:20:03,17150.0,14000.0,628500.0
57,2021-10-20 07:19:48,17150.0,500.0,614500.0
58,2021-10-20 07:19:39,17150.0,500.0,614000.0
59,2021-10-20 07:18:36,17150.0,600.0,613500.0
60,2021-10-20 07:18:33,17150.0,1300.0,612900.0
61,2021-10-20 07:17:37,17150.0,1000.0,611600.0
62,2021-10-20 07:16:48,17150.0,2000.0,610600.0
63,2021-10-20 07:16:39,17150.0,300.0,608600.0
64,2021-10-20 07:16:39,17150.0,800.0,608300.0
65,2021-10-20 07:16:05,17200.0,500.0,607500.0
66,2021-10-20 07:16:05,17200.0,200.0,607000.0
67,2021-10-20 07:16:05,17200.0,600.0,606800.0
68,2021-10-20 07:16:05,17200.0,100.0,606200.0
69,2021-10-20 07:15:45,17200.0,200.0,606100.0
70,2021-10-20 07:15:35,17200.0,1100.0,605900.0
71,2021-10-20 07:15:35,17200.0,1900.0,604800.0
72,2021-10-20 07:15:18,17200.0,200.0,602900.0
73,2021-10-20 07:15:09,17200.0,3700.0,602700.0
74,2021-10-20 07:15:03,17200.0,2300.0,599000.0
75,2021-10-20 07:14:44,17200.0,1900.0,596700.0
76,2021-10-20 07:14:44,17200.0,1000.0,594800.0
77,2021-10-20 07:14:44,17200.0,1100.0,593800.0
78,2021-10-20 07:14:44,17200.0,200.0,592700.0
79,2021-10-20 07:14:44,17200.0,400.0,592500.0
80,2021-10-20 07:14:31,17200.0,1300.0,592100.0
81,2021-10-20 07:14:28,17200.0,6500.0,590800.0
82,2021-10-20 07:14:25,17200.0,5000.0,584300.0
83,2021-10-20 07:14:03,17200.0,1000.0,579300.0
84,2021-10-20 07:13:47,17200.0,2000.0,578300.0
85,2021-10-20 07:13:42,17200.0,800.0,576300.0
86,2021-10-20 07:13:34,17200.0,500.0,575500.0
87,2021-10-20 07:13:21,17200.0,2500.0,575000.0
88,2021-10-20 07:13:21,17200.0,100.0,572500.0
89,2021-10-20 07:13:21,17200.0,400.0,572400.0
90,2021-10-20 07:13:14,17200.0,100.0,572000.0
91,2021-10-20 07:10:38,17250.0,100.0,571900.0
92,2021-10-20 07:10:30,17250.0,100.0,571800.0
93,2021-10-20 07:10:13,17250.0,1600.0,571700.0
94,2021-10-20 07:08:52,17250.0,500.0,570100.0
95,2021-10-20 07:08:37,17250.0,1000.0,569600.0
96,2021-10-20 07:05:58,17250.0,1000.0,568600.0
97,2021-10-20 07:05:44,17250.0,200.0,567600.0
98,2021-10-20 07:05:44,17250.0,2900.0,567400.0
99,2021-10-20 07:05:44,17250.0,100.0,564500.0
100,2021-10-20 07:05:44,17250.0,600.0,564400.0
101,2021-10-20 07:05:44,17250.0,500.0,563800.0
102,2021-10-20 07:05:44,17250.0,1400.0,563300.0
103,2021-10-20 07:04:43,17250.0,2600.0,561900.0
104,2021-10-20 07:04:43,17250.0,2400.0,559300.0
105,2021-10-20 07:04:14,17250.0,100.0,556900.0
106,2021-10-20 07:00:41,17200.0,300.0,556800.0
107,2021-10-20 07:00:21,17200.0,200.0,556500.0
108,2021-10-20 07:00:15,17200.0,1000.0,556300.0
109,2021-10-20 07:00:04,17200.0,1000.0,555300.0
110,2021-10-20 06:57:50,17150.0,200.0,554300.0
111,2021-10-20 06:57:50,17150.0,100.0,554100.0
112,2021-10-20 06:55:20,17150.0,100.0,554000.0
113,2021-10-20 06:55:20,17200.0,5000.0,553900.0
114,2021-10-20 06:55:20,17200.0,300.0,548900.0
115,2021-10-20 06:55:20,17200.0,200.0,548600.0
116,2021-10-20 06:55:20,17200.0,400.0,548400.0
117,2021-10-20 06:52:30,17250.0,2500.0,548000.0
118,2021-10-20 06:52:30,17250.0,1000.0,545500.0
119,2021-10-20 06:52:30,17250.0,500.0,544500.0
120,2021-10-20 06:52:30,17250.0,1000.0,544000.0
121,2021-10-20 06:51:49,17200.0,500.0,543000.0
122,2021-10-20 06:51:31,17200.0,400.0,542500.0
123,2021-10-20 06:51:18,17200.0,2000.0,542100.0
124,2021-10-20 06:51:02,17200.0,100.0,540100.0
125,2021-10-20 06:49:34,17200.0,5000.0,540000.0
126,2021-10-20 06:48:37,17200.0,1000.0,535000.0
127,2021-10-20 06:47:53,17200.0,600.0,534000.0
128,2021-10-20 06:47:53,17200.0,800.0,533400.0
129,2021-10-20 06:45:07,17200.0,4300.0,532600.0
130,2021-10-20 06:45:06,17200.0,100.0,528300.0
131,2021-10-20 06:45:06,17200.0,2600.0,528200.0
132,2021-10-20 06:44:45,17200.0,2400.0,525600.0
133,2021-10-20 06:44:45,17200.0,100.0,523200.0
134,2021-10-20 06:42:35,17200.0,500.0,523100.0
135,2021-10-20 06:41:35,17200.0,1000.0,522600.0
136,2021-10-20 06:40:55,17200.0,200.0,521600.0
137,2021-10-20 06:40:45,17200.0,300.0,521400.0
138,2021-10-20 06:40:45,17200.0,400.0,521100.0
139,2021-10-20 06:40:45,17200.0,200.0,520700.0
140,2021-10-20 06:40:45,17200.0,100.0,520500.0
141,2021-10-20 06:40:45,17200.0,200.0,520400.0
142,2021-10-20 06:40:45,17200.0,1000.0,520200.0
143,2021-10-20 06:40:45,17200.0,3600.0,519200.0
144,2021-10-20 06:40:41,17200.0,500.0,515600.0
145,2021-10-20 06:40:29,17200.0,4800.0,515100.0
146,2021-10-20 06:40:29,17200.0,200.0,510300.0
147,2021-10-20 06:37:34,17250.0,300.0,510100.0
148,2021-10-20 06:37:29,17200.0,200.0,509800.0
149,2021-10-20 06:37:22,17250.0,100.0,509600.0
150,2021-10-20 06:35:58,17200.0,1000.0,509500.0
151,2021-10-20 06:35:25,17250.0,1000.0,508500.0
152,2021-10-20 06:35:00,17200.0,2600.0,507500.0
153,2021-10-20 06:35:00,17200.0,500.0,504900.0
154,2021-10-20 06:35:00,17200.0,200.0,504400.0
155,2021-10-20 06:35:00,17200.0,1000.0,504200.0
156,2021-10-20 06:35:00,17200.0,500.0,503200.0
157,2021-10-20 06:35:00,17200.0,100.0,502700.0
158,2021-10-20 06:35:00,17200.0,100.0,502600.0
159,2021-10-20 06:34:36,17250.0,200.0,502500.0
160,2021-10-20 06:34:05,17250.0,700.0,502300.0
161,2021-10-20 06:33:56,17250.0,500.0,501600.0
162,2021-10-20 06:33:56,17250.0,100.0,501100.0
163,2021-10-20 06:33:56,17250.0,300.0,501000.0
164,2021-10-20 06:33:56,17250.0,3400.0,500700.0
165,2021-10-20 06:33:36,17250.0,100.0,497300.0
166,2021-10-20 06:32:59,17250.0,100.0,497200.0
167,2021-10-20 06:32:46,17250.0,500.0,497100.0
168,2021-10-20 06:31:47,17250.0,1500.0,496600.0
169,2021-10-20 06:31:47,17250.0,100.0,495100.0
170,2021-10-20 06:31:47,17250.0,400.0,495000.0
171,2021-10-20 06:30:45,17250.0,500.0,494600.0
172,2021-10-20 06:30:42,17250.0,100.0,494100.0
173,2021-10-20 06:30:42,17250.0,400.0,494000.0
174,2021-10-20 06:29:07,17250.0,100.0,493600.0
175,2021-10-20 06:28:19,17250.0,1000.0,493500.0
176,2021-10-20 06:27:02,17250.0,2000.0,492500.0
177,2021-10-20 06:26:38,17250.0,2000.0,490500.0
178,2021-10-20 06:24:33,17250.0,1500.0,488500.0
179,2021-10-20 06:23:22,17250.0,1000.0,487000.0
180,2021-10-20 06:18:55,17300.0,200.0,486000.0
181,2021-10-20 06:18:41,17300.0,100.0,485800.0
182,2021-10-20 06:18:35,17300.0,500.0,485700.0
183,2021-10-20 06:18:35,17300.0,200.0,485200.0
184,2021-10-20 06:18:14,17300.0,100.0,485000.0
185,2021-10-20 06:17:52,17300.0,300.0,484900.0
186,2021-10-20 06:17:38,17300.0,700.0,484600.0
187,2021-10-20 06:17:05,17300.0,500.0,483900.0
188,2021-10-20 06:16:07,17300.0,500.0,483400.0
189,2021-10-20 06:16:07,17300.0,100.0,482900.0
190,2021-10-20 06:16:07,17300.0,400.0,482800.0
191,2021-10-20 06:14:58,17300.0,100.0,482400.0
192,2021-10-20 06:14:16,17350.0,100.0,482300.0
193,2021-10-20 06:14:07,17350.0,300.0,482200.0
194,2021-10-20 06:14:03,17350.0,600.0,481900.0
195,2021-10-20 06:14:03,17350.0,400.0,481300.0
196,2021-10-20 06:13:57,17350.0,600.0,480900.0
197,2021-10-20 06:13:57,17350.0,400.0,480300.0
198,2021-10-20 06:13:37,17350.0,100.0,479900.0
199,2021-10-20 06:13:37,17350.0,200.0,479800.0
200,2021-10-20 06:13:34,17350.0,300.0,479600.0
201,2021-10-20 06:13:34,17350.0,500.0,479300.0
202,2021-10-20 06:13:34,17350.0,1700.0,478800.0
203,2021-10-20 06:13:32,17400.0,900.0,477100.0
204,2021-10-20 06:13:32,17400.0,300.0,476200.0
205,2021-10-20 06:13:24,17400.0,700.0,475900.0
206,2021-10-20 06:13:24,17400.0,1000.0,475200.0
207,2021-10-20 06:13:21,17350.0,2000.0,474200.0
208,2021-10-20 06:13:19,17350.0,1000.0,472200.0
209,2021-10-20 06:12:53,17350.0,400.0,471200.0
210,2021-10-20 06:11:43,17350.0,100.0,470800.0
211,2021-10-20 06:11:43,17350.0,100.0,470700.0
212,2021-10-20 06:11:09,17350.0,100.0,470600.0
213,2021-10-20 06:10:57,17350.0,200.0,470500.0
214,2021-10-20 06:10:55,17350.0,1000.0,470300.0
215,2021-10-20 06:10:54,17350.0,700.0,469300.0
216,2021-10-20 06:10:50,17350.0,400.0,468600.0
217,2021-10-20 06:10:49,17350.0,500.0,468200.0
218,2021-10-20 06:10:49,17350.0,2500.0,467700.0
219,2021-10-20 06:10:47,17350.0,2500.0,465200.0
220,2021-10-20 06:10:44,17350.0,2000.0,462700.0
221,2021-10-20 06:10:41,17350.0,3000.0,460700.0
222,2021-10-20 06:10:41,17350.0,200.0,457700.0
223,2021-10-20 06:10:41,17350.0,200.0,457500.0
224,2021-10-20 06:10:41,17350.0,100.0,457300.0
225,2021-10-20 06:10:41,17350.0,5000.0,457200.0
226,2021-10-20 06:10:41,17350.0,100.0,452200.0
227,2021-10-20 06:10:41,17350.0,100.0,452100.0
228,2021-10-20 06:10:41,17350.0,200.0,452000.0
229,2021-10-20 06:10:41,17350.0,2900.0,451800.0
230,2021-10-20 06:10:41,17350.0,3200.0,448900.0
231,2021-10-20 06:10:40,17350.0,900.0,445700.0
232,2021-10-20 06:10:38,17300.0,100.0,444800.0
233,2021-10-20 06:09:27,17350.0,2000.0,444700.0
234,2021-10-20 06:09:27,17350.0,400.0,442700.0
235,2021-10-20 06:09:18,17350.0,700.0,442300.0
236,2021-10-20 06:09:14,17350.0,400.0,441600.0
237,2021-10-20 06:09:11,17350.0,1100.0,441200.0
238,2021-10-20 06:09:10,17350.0,400.0,440100.0
239,2021-10-20 06:09:10,17350.0,100.0,439700.0
240,2021-10-20 06:09:10,17350.0,100.0,439600.0
241,2021-10-20 06:09:10,17350.0,1400.0,439500.0
242,2021-10-20 06:09:03,17350.0,6100.0,438100.0
243,2021-10-20 06:09:03,17350.0,500.0,432000.0
244,2021-10-20 06:08:37,17350.0,500.0,431500.0
245,2021-10-20 06:07:57,17300.0,500.0,431000.0
246,2021-10-20 06:07:22,17300.0,100.0,430500.0
247,2021-10-20 06:07:21,17300.0,100.0,430400.0
248,2021-10-20 06:06:53,17300.0,300.0,430300.0
249,2021-10-20 06:06:30,17300.0,100.0,430000.0
250,2021-10-20 06:06:11,17300.0,100.0,429900.0
251,2021-10-20 06:06:11,17300.0,1700.0,429800.0
252,2021-10-20 06:06:06,17300.0,1000.0,428100.0
253,2021-10-20 06:05:49,17300.0,1300.0,427100.0
254,2021-10-20 06:05:23,17300.0,10000.0,425800.0
255,2021-10-20 06:05:19,17300.0,1000.0,415800.0
256,2021-10-20 06:04:51,17300.0,1000.0,414800.0
257,2021-10-20 06:04:51,17300.0,5000.0,413800.0
258,2021-10-20 06:04:51,17300.0,900.0,408800.0
259,2021-10-20 06:04:51,17300.0,300.0,407900.0
260,2021-10-20 06:04:51,17300.0,500.0,407600.0
261,2021-10-20 06:04:51,17300.0,4000.0,407100.0
262,2021-10-20 06:04:51,17300.0,3000.0,403100.0
263,2021-10-20 06:04:51,17300.0,100.0,400100.0
264,2021-10-20 06:04:51,17300.0,100.0,400000.0
265,2021-10-20 06:04:51,17300.0,2000.0,399900.0
266,2021-10-20 06:04:51,17300.0,2700.0,397900.0
267,2021-10-20 06:04:51,17300.0,500.0,395200.0
268,2021-10-20 06:04:51,17300.0,300.0,394700.0
269,2021-10-20 06:04:51,17300.0,1000.0,394400.0
270,2021-10-20 06:04:51,17300.0,300.0,393400.0
271,2021-10-20 06:04:51,17300.0,100.0,393100.0
272,2021-10-20 06:04:51,17300.0,500.0,393000.0
273,2021-10-20 06:04:51,17300.0,400.0,392500.0
274,2021-10-20 06:04:51,17300.0,1400.0,392100.0
275,2021-10-20 06:04:51,17300.0,800.0,390700.0
276,2021-10-20 06:04:51,17300.0,1000.0,389900.0
277,2021-10-20 06:04:51,17300.0,100.0,388900.0
278,2021-10-20 06:04:51,17300.0,4300.0,388800.0
279,2021-10-20 06:04:51,17300.0,200.0,384500.0
280,2021-10-20 06:04:51,17300.0,400.0,384300.0
281,2021-10-20 06:04:51,17300.0,10000.0,383900.0
282,2021-10-20 06:04:51,17300.0,100.0,373900.0
283,2021-10-20 06:04:51,17300.0,100.0,373800.0
284,2021-10-20 06:04:51,17300.0,200.0,373700.0
285,2021-10-20 06:04:51,17300.0,100.0,373500.0
286,2021-10-20 06:04:51,17300.0,100.0,373400.0
287,2021-10-20 06:04:51,17250.0,1000.0,373300.0
288,2021-10-20 06:04:51,17250.0,500.0,372300.0
289,2021-10-20 06:04:51,17250.0,100.0,371800.0
290,2021-10-20 06:04:51,17250.0,1000.0,371700.0
291,2021-10-20 06:04:51,17250.0,200.0,370700.0
292,2021-10-20 06:04:51,17250.0,1000.0,370500.0
293,2021-10-20 06:04:51,17250.0,1500.0,369500.0
294,2021-10-20 06:04:51,17250.0,100.0,368000.0
295,2021-10-20 06:04:51,17250.0,2000.0,367900.0
296,2021-10-20 06:04:51,17250.0,8100.0,365900.0
297,2021-10-20 06:03:52,17250.0,6400.0,357800.0
298,2021-10-20 06:03:52,17250.0,200.0,351400.0
299,2021-10-20 06:03:52,17250.0,500.0,351200.0
300,2021-10-20 06:03:52,17250.0,500.0,350700.0
301,2021-10-20 06:03:52,17250.0,100.0,350200.0
302,2021-10-20 06:03:52,17250.0,100.0,350100.0
303,2021-10-20 06:01:11,17200.0,100.0,350000.0
304,2021-10-20 06:01:11,17200.0,200.0,349900.0
305,2021-10-20 06:00:45,17200.0,300.0,349700.0
306,2021-10-20 06:00:45,17200.0,400.0,349400.0
307,2021-10-20 06:00:18,17200.0,500.0,349000.0
308,2021-10-20 06:00:18,17200.0,300.0,348500.0
309,2021-10-20 06:00:18,17200.0,200.0,348200.0
310,2021-10-20 06:00:07,17200.0,200.0,348000.0
311,2021-10-20 06:00:00,17200.0,100.0,347800.0
312,2021-10-20 06:00:00,17200.0,500.0,347700.0
313,2021-10-20 06:00:00,17200.0,6900.0,347200.0
314,2021-10-20 04:29:25,17200.0,1000.0,340300.0
315,2021-10-20 04:29:16,17200.0,100.0,339300.0
316,2021-10-20 04:29:16,17200.0,100.0,339200.0
317,2021-10-20 04:29:16,17200.0,600.0,339100.0
318,2021-10-20 04:28:36,17200.0,3000.0,338500.0
319,2021-10-20 04:27:49,17200.0,2000.0,335500.0
320,2021-10-20 04:26:40,17200.0,2800.0,333500.0
321,2021-10-20 04:22:16,17200.0,500.0,330700.0
322,2021-10-20 04:20:44,17200.0,100.0,330200.0
323,2021-10-20 04:17:43,17200.0,1000.0,330100.0
324,2021-10-20 04:17:31,17200.0,100.0,329100.0
325,2021-10-20 04:17:17,17200.0,300.0,329000.0
326,2021-10-20 04:17:17,17200.0,100.0,328700.0
327,2021-10-20 04:16:06,17200.0,500.0,328600.0
328,2021-10-20 04:16:06,17200.0,200.0,328100.0
329,2021-10-20 04:16:06,17200.0,13800.0,327900.0
330,2021-10-20 04:16:06,17200.0,1700.0,314100.0
331,2021-10-20 04:16:06,17200.0,1500.0,312400.0
332,2021-10-20 04:16:06,17200.0,100.0,310900.0
333,2021-10-20 04:16:06,17200.0,2000.0,310800.0
334,2021-10-20 04:16:06,17200.0,100.0,308800.0
335,2021-10-20 04:16:06,17200.0,2000.0,308700.0
336,2021-10-20 04:16:06,17200.0,700.0,306700.0
337,2021-10-20 04:16:06,17200.0,400.0,306000.0
338,2021-10-20 04:16:06,17200.0,1000.0,305600.0
339,2021-10-20 04:16:06,17200.0,4000.0,304600.0
340,2021-10-20 04:16:06,17200.0,200.0,300600.0
341,2021-10-20 04:16:06,17200.0,200.0,300400.0
342,2021-10-20 04:16:06,17200.0,500.0,300200.0
343,2021-10-20 04:16:06,17200.0,400.0,299700.0
344,2021-10-20 04:16:06,17200.0,1000.0,299300.0
345,2021-10-20 04:16:06,17200.0,1700.0,298300.0
346,2021-10-20 04:16:06,17200.0,200.0,296600.0
347,2021-10-20 04:16:06,17200.0,100.0,296400.0
348,2021-10-20 04:16:06,17200.0,100.0,296300.0
349,2021-10-20 04:16:06,17200.0,500.0,296200.0
350,2021-10-20 04:16:06,17200.0,700.0,295700.0
351,2021-10-20 04:16:06,17200.0,100.0,295000.0
352,2021-10-20 04:16:06,17200.0,1000.0,294900.0
353,2021-10-20 04:16:06,17200.0,3500.0,293900.0
354,2021-10-20 04:16:06,17200.0,500.0,290400.0
355,2021-10-20 04:16:06,17200.0,900.0,289900.0
356,2021-10-20 04:16:06,17200.0,200.0,289000.0
357,2021-10-20 04:16:06,17200.0,200.0,288800.0
358,2021-10-20 04:16:06,17200.0,300.0,288600.0
359,2021-10-20 04:16:06,17200.0,1600.0,288300.0
360,2021-10-20 04:14:45,17150.0,300.0,286700.0
361,2021-10-20 04:14:45,17150.0,200.0,286400.0
362,2021-10-20 04:14:45,17150.0,500.0,286200.0
363,2021-10-20 04:13:21,17150.0,1000.0,285700.0
364,2021-10-20 04:13:21,17150.0,100.0,284700.0
365,2021-10-20 04:13:21,17150.0,200.0,284600.0
366,2021-10-20 04:13:21,17150.0,1000.0,284400.0
367,2021-10-20 04:13:21,17150.0,400.0,283400.0
368,2021-10-20 04:13:16,17200.0,100.0,283000.0
369,2021-10-20 04:13:14,17150.0,600.0,282900.0
370,2021-10-20 04:13:14,17150.0,500.0,282300.0
371,2021-10-20 04:13:14,17150.0,200.0,281800.0
372,2021-10-20 04:13:14,17150.0,1100.0,281600.0
373,2021-10-20 04:11:28,17200.0,300.0,280500.0
374,2021-10-20 04:08:35,17200.0,100.0,280200.0
375,2021-10-20 04:08:35,17200.0,100.0,280100.0
376,2021-10-20 04:07:20,17150.0,200.0,280000.0
377,2021-10-20 04:07:19,17150.0,700.0,279800.0
378,2021-10-20 04:07:19,17150.0,4100.0,279100.0
379,2021-10-20 04:04:01,17200.0,2200.0,275000.0
380,2021-10-20 04:03:37,17200.0,1700.0,272800.0
381,2021-10-20 04:03:37,17200.0,100.0,271100.0
382,2021-10-20 04:01:15,17150.0,300.0,271000.0
383,2021-10-20 03:58:06,17150.0,200.0,270700.0
384,2021-10-20 03:56:04,17150.0,400.0,270500.0
385,2021-10-20 03:55:27,17150.0,1000.0,270100.0
386,2021-10-20 03:55:27,17150.0,100.0,269100.0
387,2021-10-20 03:55:27,17150.0,5000.0,269000.0
388,2021-10-20 03:55:27,17150.0,100.0,264000.0
389,2021-10-20 03:55:27,17150.0,8000.0,263900.0
390,2021-10-20 03:55:27,17150.0,1000.0,255900.0
391,2021-10-20 03:55:27,17150.0,2900.0,254900.0
392,2021-10-20 03:55:27,17150.0,100.0,252000.0
393,2021-10-20 03:55:27,17150.0,200.0,251900.0
394,2021-10-20 03:55:27,17150.0,2000.0,251700.0
395,2021-10-20 03:55:27,17150.0,2000.0,249700.0
396,2021-10-20 03:55:27,17150.0,5900.0,247700.0
397,2021-10-20 03:55:27,17150.0,100.0,241800.0
398,2021-10-20 03:55:27,17150.0,300.0,241700.0
399,2021-10-20 03:55:27,17150.0,400.0,241400.0
400,2021-10-20 03:55:27,17150.0,1000.0,241000.0
401,2021-10-20 03:55:27,17150.0,100.0,240000.0
402,2021-10-20 03:55:27,17150.0,500.0,239900.0
403,2021-10-20 03:55:27,17150.0,100.0,239400.0
404,2021-10-20 03:55:27,17150.0,5000.0,239300.0
405,2021-10-20 03:55:27,17150.0,6500.0,234300.0
406,2021-10-20 03:55:07,17150.0,2000.0,227800.0
407,2021-10-20 03:54:25,17150.0,1500.0,225800.0
408,2021-10-20 03:54:25,17150.0,500.0,224300.0
409,2021-10-20 03:54:25,17150.0,200.0,223800.0
410,2021-10-20 03:54:25,17150.0,1000.0,223600.0
411,2021-10-20 03:54:25,17150.0,300.0,222600.0
412,2021-10-20 03:53:19,17150.0,400.0,222300.0
413,2021-10-20 03:53:19,17150.0,300.0,221900.0
414,2021-10-20 03:53:19,17150.0,300.0,221600.0
415,2021-10-20 03:53:09,17150.0,1700.0,221300.0
416,2021-10-20 03:53:09,17150.0,100.0,219600.0
417,2021-10-20 03:53:09,17150.0,500.0,219500.0
418,2021-10-20 03:53:09,17150.0,200.0,219000.0
419,2021-10-20 03:53:09,17150.0,500.0,218800.0
420,2021-10-20 03:52:47,17200.0,100.0,218300.0
421,2021-10-20 03:51:56,17200.0,300.0,218200.0
422,2021-10-20 03:51:28,17200.0,1700.0,217900.0
423,2021-10-20 03:51:28,17200.0,300.0,216200.0
424,2021-10-20 03:50:09,17200.0,500.0,215900.0
425,2021-10-20 03:46:45,17150.0,500.0,215400.0
426,2021-10-20 03:46:45,17150.0,500.0,214900.0
427,2021-10-20 03:46:40,17150.0,2200.0,214400.0
428,2021-10-20 03:46:28,17150.0,300.0,212200.0
429,2021-10-20 03:46:28,17150.0,200.0,211900.0
430,2021-10-20 03:46:17,17150.0,300.0,211700.0
431,2021-10-20 03:46:17,17150.0,1000.0,211400.0
432,2021-10-20 03:46:17,17150.0,1300.0,210400.0
433,2021-10-20 03:46:17,17150.0,500.0,209100.0
434,2021-10-20 03:46:17,17150.0,500.0,208600.0
435,2021-10-20 03:46:17,17150.0,400.0,208100.0
436,2021-10-20 03:44:29,17150.0,100.0,207700.0
437,2021-10-20 03:43:29,17150.0,200.0,207600.0
438,2021-10-20 03:43:29,17150.0,1800.0,207400.0
439,2021-10-20 03:41:20,17200.0,200.0,205600.0
440,2021-10-20 03:39:09,17200.0,4900.0,205400.0
441,2021-10-20 03:39:09,17200.0,1500.0,200500.0
442,2021-10-20 03:39:09,17200.0,100.0,199000.0
443,2021-10-20 03:39:09,17200.0,100.0,198900.0
444,2021-10-20 03:39:09,17200.0,500.0,198800.0
445,2021-10-20 03:39:09,17200.0,1000.0,198300.0
446,2021-10-20 03:39:09,17200.0,1900.0,197300.0
447,2021-10-20 03:38:39,17150.0,200.0,195400.0
448,2021-10-20 03:38:39,17150.0,1700.0,195200.0
449,2021-10-20 03:38:39,17150.0,100.0,193500.0
450,2021-10-20 03:38:22,17150.0,100.0,193400.0
451,2021-10-20 03:38:12,17150.0,1000.0,193300.0
452,2021-10-20 03:37:57,17200.0,100.0,192300.0
453,2021-10-20 03:37:22,17200.0,4400.0,192200.0
454,2021-10-20 03:37:22,17200.0,1600.0,187800.0
455,2021-10-20 03:35:47,17200.0,500.0,186200.0
456,2021-10-20 03:35:22,17150.0,400.0,185700.0
457,2021-10-20 03:35:22,17150.0,300.0,185300.0
458,2021-10-20 03:35:22,17150.0,1000.0,185000.0
459,2021-10-20 03:35:22,17150.0,200.0,184000.0
460,2021-10-20 03:35:18,17150.0,200.0,183800.0
461,2021-10-20 03:35:18,17150.0,1000.0,183600.0
462,2021-10-20 03:35:18,17150.0,200.0,182600.0
463,2021-10-20 03:35:18,17150.0,2000.0,182400.0
464,2021-10-20 03:35:18,17150.0,100.0,180400.0
465,2021-10-20 03:35:18,17150.0,1500.0,180300.0
466,2021-10-20 03:33:23,17150.0,500.0,178800.0
467,2021-10-20 03:32:07,17150.0,100.0,178300.0
468,2021-10-20 03:32:07,17150.0,200.0,178200.0
469,2021-10-20 03:32:07,17150.0,700.0,178000.0
470,2021-10-20 03:31:56,17150.0,500.0,177300.0
471,2021-10-20 03:31:47,17200.0,1500.0,176800.0
472,2021-10-20 03:30:45,17150.0,800.0,175300.0
473,2021-10-20 03:30:45,17150.0,100.0,174500.0
474,2021-10-20 03:30:45,17150.0,100.0,174400.0
475,2021-10-20 03:30:26,17150.0,100.0,174300.0
476,2021-10-20 03:28:09,17200.0,200.0,174200.0
477,2021-10-20 03:27:20,17200.0,500.0,174000.0
478,2021-10-20 03:26:59,17200.0,2000.0,173500.0
479,2021-10-20 03:26:59,17150.0,500.0,171500.0
480,2021-10-20 03:21:18,17150.0,100.0,171000.0
481,2021-10-20 03:21:18,17150.0,400.0,170900.0
482,2021-10-20 03:21:07,17200.0,500.0,170500.0
483,2021-10-20 03:21:05,17200.0,100.0,170000.0
484,2021-10-20 03:20:02,17200.0,500.0,169900.0
485,2021-10-20 03:18:16,17200.0,100.0,169400.0
486,2021-10-20 03:17:36,17200.0,200.0,169300.0
487,2021-10-20 03:15:44,17150.0,100.0,169100.0
488,2021-10-20 03:15:44,17150.0,1000.0,169000.0
489,2021-10-20 03:15:44,17150.0,100.0,168000.0
490,2021-10-20 03:15:44,17150.0,100.0,167900.0
491,2021-10-20 03:15:44,17150.0,500.0,167800.0
492,2021-10-20 03:15:44,17150.0,2600.0,167300.0
493,2021-10-20 03:15:44,17150.0,200.0,164700.0
494,2021-10-20 03:15:44,17150.0,2400.0,164500.0
495,2021-10-20 03:15:44,17150.0,100.0,162100.0
496,2021-10-20 03:15:44,17150.0,200.0,162000.0
497,2021-10-20 03:15:44,17150.0,100.0,161800.0
498,2021-10-20 03:15:44,17150.0,1100.0,161700.0
499,2021-10-20 03:14:07,17150.0,1000.0,160600.0
500,2021-10-20 03:12:43,17150.0,300.0,159600.0
501,2021-10-20 03:12:25,17150.0,400.0,159300.0
502,2021-10-20 03:12:03,17150.0,2200.0,158900.0
503,2021-10-20 03:12:03,17150.0,1000.0,156700.0
504,2021-10-20 03:12:03,17150.0,2500.0,155700.0
505,2021-10-20 03:10:46,17150.0,2500.0,153200.0
506,2021-10-20 03:10:46,17150.0,100.0,150700.0
507,2021-10-20 03:10:46,17150.0,100.0,150600.0
508,2021-10-20 03:10:46,17150.0,100.0,150500.0
509,2021-10-20 03:10:46,17150.0,5200.0,150400.0
510,2021-10-20 03:10:27,17150.0,500.0,145200.0
511,2021-10-20 03:09:23,17150.0,800.0,144700.0
512,2021-10-20 03:07:46,17150.0,400.0,143900.0
513,2021-10-20 03:07:46,17150.0,3100.0,143500.0
514,2021-10-20 03:07:46,17150.0,2000.0,140400.0
515,2021-10-20 03:07:46,17150.0,500.0,138400.0
516,2021-10-20 03:07:46,17150.0,400.0,137900.0
517,2021-10-20 03:07:46,17150.0,500.0,137500.0
518,2021-10-20 03:07:46,17150.0,1000.0,137000.0
519,2021-10-20 03:07:46,17150.0,100.0,136000.0
520,2021-10-20 03:07:46,17150.0,100.0,135900.0
521,2021-10-20 03:07:46,17150.0,300.0,135800.0
522,2021-10-20 03:07:46,17150.0,1000.0,135500.0
523,2021-10-20 03:07:46,17150.0,1000.0,134500.0
524,2021-10-20 03:07:46,17150.0,2000.0,133500.0
525,2021-10-20 03:07:46,17150.0,100.0,131500.0
526,2021-10-20 03:07:46,17150.0,1000.0,131400.0
527,2021-10-20 03:07:46,17150.0,1500.0,130400.0
528,2021-10-20 03:07:46,17150.0,400.0,128900.0
529,2021-10-20 03:07:40,17150.0,1000.0,128500.0
530,2021-10-20 03:06:10,17150.0,100.0,127500.0
531,2021-10-20 03:05:57,17150.0,100.0,127400.0
532,2021-10-20 03:05:57,17150.0,400.0,127300.0
533,2021-10-20 03:05:57,17150.0,600.0,126900.0
534,2021-10-20 03:05:43,17150.0,200.0,126300.0
535,2021-10-20 03:05:33,17150.0,100.0,126100.0
536,2021-10-20 03:05:24,17150.0,100.0,126000.0
537,2021-10-20 03:05:24,17150.0,1000.0,125900.0
538,2021-10-20 03:05:24,17150.0,100.0,124900.0
539,2021-10-20 03:05:24,17150.0,1000.0,124800.0
540,2021-10-20 03:05:24,17150.0,1000.0,123800.0
541,2021-10-20 03:05:24,17150.0,100.0,122800.0
542,2021-10-20 03:05:24,17150.0,1000.0,122700.0
543,2021-10-20 03:05:24,17150.0,400.0,121700.0
544,2021-10-20 03:05:24,17150.0,200.0,121300.0
545,2021-10-20 03:05:24,17150.0,5000.0,121100.0
546,2021-10-20 03:05:24,17150.0,100.0,116100.0
547,2021-10-20 03:05:18,17150.0,200.0,116000.0
548,2021-10-20 03:05:12,17150.0,200.0,115800.0
549,2021-10-20 03:05:12,17150.0,300.0,115600.0
550,2021-10-20 03:05:08,17150.0,200.0,115300.0
551,2021-10-20 03:04:58,17150.0,1000.0,115100.0
552,2021-10-20 03:04:45,17150.0,200.0,114100.0
553,2021-10-20 03:04:32,17150.0,200.0,113900.0
554,2021-10-20 03:04:31,17150.0,2000.0,113700.0
555,2021-10-20 03:03:40,17150.0,1000.0,111700.0
556,2021-10-20 03:02:50,17150.0,100.0,110700.0
557,2021-10-20 03:02:50,17150.0,100.0,110600.0
558,2021-10-20 03:02:50,17150.0,200.0,110500.0
559,2021-10-20 03:02:50,17150.0,1000.0,110300.0
560,2021-10-20 03:02:50,17150.0,500.0,109300.0
561,2021-10-20 03:02:50,17150.0,100.0,108800.0
562,2021-10-20 03:02:50,17150.0,100.0,108700.0
563,2021-10-20 03:02:50,17150.0,100.0,108600.0
564,2021-10-20 03:02:50,17150.0,500.0,108500.0
565,2021-10-20 03:02:49,17150.0,500.0,108000.0
566,2021-10-20 03:02:49,17150.0,100.0,107500.0
567,2021-10-20 03:02:49,17150.0,400.0,107400.0
568,2021-10-20 03:02:46,17150.0,100.0,107000.0
569,2021-10-20 03:02:31,17150.0,100.0,106900.0
570,2021-10-20 03:02:31,17150.0,1700.0,106800.0
571,2021-10-20 03:02:31,17150.0,200.0,105100.0
572,2021-10-20 03:01:50,17150.0,1800.0,104900.0
573,2021-10-20 03:01:50,17150.0,200.0,103100.0
574,2021-10-20 03:01:50,17150.0,500.0,102900.0
575,2021-10-20 03:00:34,17150.0,200.0,102400.0
576,2021-10-20 02:59:49,17150.0,200.0,102200.0
577,2021-10-20 02:57:18,17150.0,100.0,102000.0
578,2021-10-20 02:57:18,17150.0,100.0,101900.0
579,2021-10-20 02:57:18,17150.0,100.0,101800.0
580,2021-10-20 02:57:18,17150.0,100.0,101700.0
581,2021-10-20 02:57:18,17150.0,400.0,101600.0
582,2021-10-20 02:57:13,17150.0,2000.0,101200.0
583,2021-10-20 02:56:25,17150.0,600.0,99200.0
584,2021-10-20 02:56:25,17150.0,500.0,98600.0
585,2021-10-20 02:56:25,17150.0,200.0,98100.0
586,2021-10-20 02:56:25,17150.0,200.0,97900.0
587,2021-10-20 02:55:46,17150.0,100.0,97700.0
588,2021-10-20 02:55:46,17150.0,100.0,97600.0
589,2021-10-20 02:55:46,17150.0,500.0,97500.0
590,2021-10-20 02:55:46,17150.0,200.0,97000.0
591,2021-10-20 02:55:46,17150.0,100.0,96800.0
592,2021-10-20 02:55:46,17150.0,300.0,96700.0
593,2021-10-20 02:55:46,17150.0,100.0,96400.0
594,2021-10-20 02:55:46,17150.0,2000.0,96300.0
595,2021-10-20 02:55:46,17150.0,2000.0,94300.0
596,2021-10-20 02:55:46,17150.0,2000.0,92300.0
597,2021-10-20 02:55:46,17150.0,500.0,90300.0
598,2021-10-20 02:55:46,17150.0,200.0,89800.0
599,2021-10-20 02:55:46,17150.0,100.0,89600.0
600,2021-10-20 02:55:46,17150.0,1000.0,89500.0
601,2021-10-20 02:55:46,17150.0,500.0,88500.0
602,2021-10-20 02:55:46,17150.0,200.0,88000.0
603,2021-10-20 02:55:46,17150.0,100.0,87800.0
604,2021-10-20 02:55:20,17150.0,100.0,87700.0
605,2021-10-20 02:55:20,17150.0,200.0,87600.0
606,2021-10-20 02:55:20,17150.0,200.0,87400.0
607,2021-10-20 02:55:05,17200.0,300.0,87200.0
608,2021-10-20 02:54:55,17150.0,800.0,86900.0
609,2021-10-20 02:54:55,17150.0,500.0,86100.0
610,2021-10-20 02:54:55,17150.0,2000.0,85600.0
611,2021-10-20 02:54:55,17150.0,200.0,83600.0
612,2021-10-20 02:54:55,17150.0,300.0,83400.0
613,2021-10-20 02:54:55,17150.0,100.0,83100.0
614,2021-10-20 02:54:55,17150.0,1000.0,83000.0
615,2021-10-20 02:54:55,17150.0,100.0,82000.0
616,2021-10-20 02:54:43,17150.0,2000.0,81900.0
617,2021-10-20 02:54:43,17150.0,200.0,79900.0
618,2021-10-20 02:54:43,17150.0,100.0,79700.0
619,2021-10-20 02:54:43,17150.0,100.0,79600.0
620,2021-10-20 02:54:43,17150.0,200.0,79500.0
621,2021-10-20 02:54:43,17150.0,500.0,79300.0
622,2021-10-20 02:54:43,17150.0,1000.0,78800.0
623,2021-10-20 02:54:43,17150.0,900.0,77800.0
624,2021-10-20 02:54:18,17200.0,200.0,76900.0
625,2021-10-20 02:52:53,17150.0,500.0,76700.0
626,2021-10-20 02:52:22,17150.0,1600.0,76200.0
627,2021-10-20 02:52:22,17150.0,3000.0,74600.0
628,2021-10-20 02:52:22,17150.0,400.0,71600.0
629,2021-10-20 02:52:09,17150.0,100.0,71200.0
630,2021-10-20 02:52:09,17150.0,100.0,71100.0
631,2021-10-20 02:51:31,17150.0,200.0,71000.0
632,2021-10-20 02:51:15,17150.0,100.0,70800.0
633,2021-10-20 02:50:06,17200.0,500.0,70700.0
634,2021-10-20 02:48:01,17150.0,700.0,70200.0
635,2021-10-20 02:47:24,17150.0,100.0,69500.0
636,2021-10-20 02:44:26,17150.0,400.0,69400.0
637,2021-10-20 02:43:14,17150.0,2700.0,69000.0
638,2021-10-20 02:42:49,17150.0,300.0,66300.0
639,2021-10-20 02:42:32,17150.0,400.0,66000.0
640,2021-10-20 02:42:32,17150.0,100.0,65600.0
641,2021-10-20 02:42:29,17150.0,600.0,65500.0
642,2021-10-20 02:42:29,17150.0,500.0,64900.0
643,2021-10-20 02:39:56,17150.0,3000.0,64400.0
644,2021-10-20 02:39:39,17150.0,1000.0,61400.0
645,2021-10-20 02:37:53,17150.0,1000.0,60400.0
646,2021-10-20 02:37:53,17150.0,3000.0,59400.0
647,2021-10-20 02:37:53,17150.0,100.0,56400.0
648,2021-10-20 02:37:53,17150.0,400.0,56300.0
649,2021-10-20 02:37:53,17150.0,100.0,55900.0
650,2021-10-20 02:37:53,17150.0,1300.0,55800.0
651,2021-10-20 02:34:50,17200.0,1000.0,54500.0
652,2021-10-20 02:34:42,17200.0,100.0,53500.0
653,2021-10-20 02:34:42,17200.0,700.0,53400.0
654,2021-10-20 02:33:18,17200.0,1200.0,52700.0
655,2021-10-20 02:33:11,17200.0,400.0,51500.0
656,2021-10-20 02:32:24,17200.0,100.0,51100.0
657,2021-10-20 02:32:06,17200.0,1000.0,51000.0
658,2021-10-20 02:31:08,17200.0,2300.0,50000.0
659,2021-10-20 02:30:58,17200.0,400.0,47700.0
660,2021-10-20 02:30:33,17200.0,1000.0,47300.0
661,2021-10-20 02:30:33,17200.0,2100.0,46300.0
662,2021-10-20 02:30:33,17200.0,800.0,44200.0
663,2021-10-20 02:30:33,17200.0,100.0,43400.0
664,2021-10-20 02:29:48,17200.0,200.0,43300.0
665,2021-10-20 02:29:45,17200.0,200.0,43100.0
666,2021-10-20 02:29:32,17200.0,100.0,42900.0
667,2021-10-20 02:29:32,17200.0,200.0,42800.0
668,2021-10-20 02:29:32,17200.0,300.0,42600.0
669,2021-10-20 02:29:20,17200.0,600.0,42300.0
670,2021-10-20 02:28:47,17200.0,600.0,41700.0
671,2021-10-20 02:28:47,17200.0,600.0,41100.0
672,2021-10-20 02:28:47,17200.0,500.0,40500.0
673,2021-10-20 02:28:09,17200.0,500.0,40000.0
674,2021-10-20 02:28:09,17200.0,200.0,39500.0
675,2021-10-20 02:28:09,17200.0,2900.0,39300.0
676,2021-10-20 02:27:48,17200.0,1000.0,36400.0
677,2021-10-20 02:27:06,17200.0,600.0,35400.0
678,2021-10-20 02:27:00,17200.0,500.0,34800.0
679,2021-10-20 02:27:00,17200.0,500.0,34300.0
680,2021-10-20 02:27:00,17200.0,200.0,33800.0
681,2021-10-20 02:27:00,17200.0,500.0,33600.0
682,2021-10-20 02:27:00,17200.0,3600.0,33100.0
683,2021-10-20 02:27:00,17200.0,200.0,29500.0
684,2021-10-20 02:26:48,17150.0,700.0,29300.0
685,2021-10-20 02:26:41,17200.0,100.0,28600.0
686,2021-10-20 02:26:25,17150.0,600.0,28500.0
687,2021-10-20 02:24:47,17150.0,400.0,27900.0
688,2021-10-20 02:24:47,17150.0,200.0,27500.0
689,2021-10-20 02:24:47,17150.0,100.0,27300.0
690,2021-10-20 02:24:47,17150.0,300.0,27200.0
691,2021-10-20 02:24:35,17150.0,600.0,26900.0
692,2021-10-20 02:24:35,17150.0,1000.0,26300.0
693,2021-10-20 02:24:35,17150.0,500.0,25300.0
694,2021-10-20 02:23:03,17150.0,300.0,24800.0
695,2021-10-20 02:22:49,17150.0,700.0,24500.0
696,2021-10-20 02:22:49,17200.0,100.0,23800.0
697,2021-10-20 02:22:49,17200.0,100.0,23700.0
698,2021-10-20 02:22:49,17200.0,200.0,23600.0
699,2021-10-20 02:22:49,17200.0,1800.0,23400.0
700,2021-10-20 02:22:23,17200.0,2200.0,21600.0
701,2021-10-20 02:21:51,17200.0,1000.0,19400.0
702,2021-10-20 02:21:51,17200.0,1000.0,18400.0
703,2021-10-20 02:21:51,17200.0,1400.0,17400.0
704,2021-10-20 02:20:46,17200.0,2000.0,16000.0
705,2021-10-20 02:20:31,17200.0,1600.0,14000.0
706,2021-10-20 02:20:31,17200.0,100.0,12400.0
707,2021-10-20 02:20:31,17200.0,100.0,12300.0
708,2021-10-20 02:20:23,17200.0,2000.0,12200.0
709,2021-10-20 02:20:12,17250.0,500.0,10200.0
710,2021-10-20 02:19:54,17250.0,600.0,9700.0
711,2021-10-20 02:19:16,17250.0,600.0,9100.0
712,2021-10-20 02:19:08,17250.0,600.0,8500.0
713,2021-10-20 02:18:10,17250.0,400.0,7900.0
714,2021-10-20 02:17:11,17250.0,100.0,7500.0
715,2021-10-20 02:17:11,17250.0,500.0,7400.0
716,2021-10-20 02:16:25,17250.0,500.0,6900.0
717,2021-10-20 02:16:06,17250.0,300.0,6400.0
718,2021-10-20 02:16:01,17250.0,500.0,6100.0
719,2021-10-20 02:15:57,17250.0,1500.0,5600.0
720,2021-10-20 02:15:01,17250.0,700.0,4100.0
721,2021-10-20 02:15:01,17250.0,400.0,3400.0
722,2021-10-20 02:15:01,17250.0,500.0,3000.0
723,2021-10-20 02:15:01,17250.0,400.0,2500.0
724,2021-10-20 02:15:01,17250.0,100.0,2100.0
725,2021-10-20 02:15:01,17250.0,100.0,2000.0
726,2021-10-20 02:15:01,17250.0,300.0,1900.0
727,2021-10-20 02:15:01,17250.0,100.0,1600.0
728,2021-10-20 02:15:01,17250.0,300.0,1500.0
729,2021-10-20 02:15:01,17250.0,200.0,1200.0
730,2021-10-20 02:15:01,17250.0,400.0,1000.0
731,2021-10-20 02:15:01,17250.0,500.0,600.0
732,2021-10-20 02:15:01,17250.0,100.0,100.0
