,Time,Price,Volume_per_trade,Volume
0,2021-10-12 07:45:00,35600.0,200.0,167400.0
1,2021-10-12 07:45:00,35600.0,1000.0,167200.0
2,2021-10-12 07:45:00,35600.0,1300.0,166200.0
3,2021-10-12 07:45:00,35600.0,100.0,164900.0
4,2021-10-12 07:45:00,35600.0,500.0,164800.0
5,2021-10-12 07:45:00,35600.0,100.0,164300.0
6,2021-10-12 07:45:00,35600.0,300.0,164200.0
7,2021-10-12 07:45:00,35600.0,400.0,163900.0
8,2021-10-12 07:45:00,35600.0,200.0,163500.0
9,2021-10-12 07:45:00,35600.0,100.0,163300.0
10,2021-10-12 07:45:00,35600.0,100.0,163200.0
11,2021-10-12 07:45:00,35600.0,100.0,163100.0
12,2021-10-12 07:29:38,35400.0,300.0,163000.0
13,2021-10-12 07:29:38,35450.0,400.0,162700.0
14,2021-10-12 07:29:38,35500.0,200.0,162300.0
15,2021-10-12 07:29:38,35500.0,100.0,162100.0
16,2021-10-12 07:28:18,35550.0,400.0,162000.0
17,2021-10-12 07:28:18,35550.0,100.0,161600.0
18,2021-10-12 07:21:00,35500.0,500.0,161500.0
19,2021-10-12 07:19:42,35500.0,100.0,161000.0
20,2021-10-12 07:19:42,35500.0,300.0,160900.0
21,2021-10-12 07:12:52,35500.0,700.0,160600.0
22,2021-10-12 07:12:52,35450.0,100.0,159900.0
23,2021-10-12 07:00:19,35350.0,500.0,159800.0
24,2021-10-12 07:00:19,35450.0,500.0,159300.0
25,2021-10-12 06:58:55,35450.0,1000.0,158800.0
26,2021-10-12 06:58:34,35500.0,1000.0,157800.0
27,2021-10-12 06:53:48,35600.0,200.0,156800.0
28,2021-10-12 06:53:19,35600.0,900.0,156600.0
29,2021-10-12 06:53:19,35600.0,1000.0,155700.0
30,2021-10-12 06:53:19,35600.0,100.0,154700.0
31,2021-10-12 06:53:19,35600.0,1000.0,154600.0
32,2021-10-12 06:53:19,35600.0,1000.0,153600.0
33,2021-10-12 06:52:50,35600.0,1000.0,152600.0
34,2021-10-12 06:52:50,35500.0,1000.0,151600.0
35,2021-10-12 06:36:25,35600.0,1000.0,150600.0
36,2021-10-12 06:36:25,35500.0,900.0,149600.0
37,2021-10-12 06:36:25,35500.0,100.0,148700.0
38,2021-10-12 06:36:25,35500.0,200.0,148600.0
39,2021-10-12 06:24:40,35250.0,500.0,148400.0
40,2021-10-12 06:24:40,35250.0,500.0,147900.0
41,2021-10-12 06:20:28,35500.0,600.0,147400.0
42,2021-10-12 06:20:07,35700.0,400.0,146800.0
43,2021-10-12 06:20:07,35700.0,200.0,146400.0
44,2021-10-12 06:20:07,35700.0,100.0,146200.0
45,2021-10-12 06:20:07,35650.0,100.0,146100.0
46,2021-10-12 06:20:07,35650.0,1400.0,146000.0
47,2021-10-12 06:20:07,35650.0,1100.0,144600.0
48,2021-10-12 06:20:07,35600.0,200.0,143500.0
49,2021-10-12 06:20:07,35600.0,200.0,143300.0
50,2021-10-12 06:20:07,35600.0,1000.0,143100.0
51,2021-10-12 06:20:07,35600.0,2500.0,142100.0
52,2021-10-12 06:20:07,35600.0,100.0,139600.0
53,2021-10-12 06:20:07,35600.0,1000.0,139500.0
54,2021-10-12 06:20:07,35600.0,1000.0,138500.0
55,2021-10-12 06:19:33,35500.0,100.0,137500.0
56,2021-10-12 06:18:31,35500.0,800.0,137400.0
57,2021-10-12 06:18:31,35500.0,1000.0,136600.0
58,2021-10-12 06:18:31,35500.0,2200.0,135600.0
59,2021-10-12 06:18:12,35500.0,200.0,133400.0
60,2021-10-12 06:18:12,35500.0,1000.0,133200.0
61,2021-10-12 06:18:12,35500.0,100.0,132200.0
62,2021-10-12 06:18:12,35500.0,2700.0,132100.0
63,2021-10-12 06:17:23,35450.0,800.0,129400.0
64,2021-10-12 06:17:23,35450.0,300.0,128600.0
65,2021-10-12 06:17:23,35450.0,700.0,128300.0
66,2021-10-12 06:13:16,35450.0,3300.0,127600.0
67,2021-10-12 06:13:16,35450.0,1000.0,124300.0
68,2021-10-12 06:13:16,35450.0,300.0,123300.0
69,2021-10-12 06:13:16,35400.0,1000.0,123000.0
70,2021-10-12 06:13:16,35400.0,2000.0,122000.0
71,2021-10-12 06:13:16,35300.0,400.0,120000.0
72,2021-10-12 06:11:44,35300.0,2000.0,119600.0
73,2021-10-12 06:08:11,35200.0,1800.0,117600.0
74,2021-10-12 06:08:11,35200.0,200.0,115800.0
75,2021-10-12 06:00:01,35200.0,500.0,115600.0
76,2021-10-12 04:22:27,35200.0,1000.0,115100.0
77,2021-10-12 04:18:36,35200.0,100.0,114100.0
78,2021-10-12 04:18:28,35200.0,200.0,114000.0
79,2021-10-12 04:18:28,35200.0,100.0,113800.0
80,2021-10-12 04:18:28,35200.0,700.0,113700.0
81,2021-10-12 04:12:32,35200.0,300.0,113000.0
82,2021-10-12 04:12:32,35200.0,100.0,112700.0
83,2021-10-12 04:12:32,35200.0,1000.0,112600.0
84,2021-10-12 04:12:21,35300.0,600.0,111600.0
85,2021-10-12 04:11:48,35400.0,100.0,111000.0
86,2021-10-12 04:08:09,35400.0,100.0,110900.0
87,2021-10-12 04:05:54,35400.0,100.0,110800.0
88,2021-10-12 04:05:06,35400.0,100.0,110700.0
89,2021-10-12 04:02:40,35450.0,1300.0,110600.0
90,2021-10-12 04:00:16,35450.0,1400.0,109300.0
91,2021-10-12 04:00:16,35400.0,300.0,107900.0
92,2021-10-12 04:00:16,35400.0,300.0,107600.0
93,2021-10-12 03:53:02,35400.0,100.0,107300.0
94,2021-10-12 03:53:02,35400.0,300.0,107200.0
95,2021-10-12 03:48:40,35400.0,200.0,106900.0
96,2021-10-12 03:48:16,35400.0,1000.0,106700.0
97,2021-10-12 03:47:07,35400.0,100.0,105700.0
98,2021-10-12 03:47:07,35400.0,500.0,105600.0
99,2021-10-12 03:45:36,35500.0,200.0,105100.0
100,2021-10-12 03:44:11,35500.0,1000.0,104900.0
101,2021-10-12 03:41:46,35500.0,500.0,103900.0
102,2021-10-12 03:40:40,35500.0,300.0,103400.0
103,2021-10-12 03:39:26,35500.0,5300.0,103100.0
104,2021-10-12 03:39:26,35500.0,2000.0,97800.0
105,2021-10-12 03:39:26,35500.0,500.0,95800.0
106,2021-10-12 03:39:26,35500.0,1000.0,95300.0
107,2021-10-12 03:39:26,35500.0,500.0,94300.0
108,2021-10-12 03:39:26,35500.0,1000.0,93800.0
109,2021-10-12 03:39:26,35500.0,100.0,92800.0
110,2021-10-12 03:39:26,35500.0,300.0,92700.0
111,2021-10-12 03:39:26,35500.0,1000.0,92400.0
112,2021-10-12 03:39:26,35500.0,500.0,91400.0
113,2021-10-12 03:39:26,35500.0,200.0,90900.0
114,2021-10-12 03:39:26,35500.0,1000.0,90700.0
115,2021-10-12 03:39:26,35500.0,2100.0,89700.0
116,2021-10-12 03:38:43,35450.0,1000.0,87600.0
117,2021-10-12 03:38:43,35450.0,800.0,86600.0
118,2021-10-12 03:38:43,35400.0,9700.0,85800.0
119,2021-10-12 03:38:27,35400.0,300.0,76100.0
120,2021-10-12 03:38:25,35450.0,200.0,75800.0
121,2021-10-12 03:35:22,35450.0,1000.0,75600.0
122,2021-10-12 03:35:01,35450.0,1000.0,74600.0
123,2021-10-12 03:30:45,35400.0,100.0,73600.0
124,2021-10-12 03:28:12,35500.0,400.0,73500.0
125,2021-10-12 03:28:12,35500.0,200.0,73100.0
126,2021-10-12 03:28:12,35500.0,200.0,72900.0
127,2021-10-12 03:28:12,35500.0,200.0,72700.0
128,2021-10-12 03:25:35,35500.0,300.0,72500.0
129,2021-10-12 03:25:35,35500.0,500.0,72200.0
130,2021-10-12 03:25:35,35500.0,200.0,71700.0
131,2021-10-12 03:25:13,35500.0,100.0,71500.0
132,2021-10-12 03:25:13,35500.0,100.0,71400.0
133,2021-10-12 03:25:13,35500.0,800.0,71300.0
134,2021-10-12 03:25:12,35400.0,900.0,70500.0
135,2021-10-12 03:25:12,35400.0,100.0,69600.0
136,2021-10-12 03:25:12,35300.0,100.0,69500.0
137,2021-10-12 03:24:18,35250.0,100.0,69400.0
138,2021-10-12 03:23:42,35100.0,100.0,69300.0
139,2021-10-12 03:22:41,35100.0,1000.0,69200.0
140,2021-10-12 03:20:45,35100.0,200.0,68200.0
141,2021-10-12 03:19:48,35100.0,500.0,68000.0
142,2021-10-12 03:19:37,35100.0,2800.0,67500.0
143,2021-10-12 03:19:37,35100.0,100.0,64700.0
144,2021-10-12 03:19:37,35100.0,100.0,64600.0
145,2021-10-12 03:17:46,35100.0,300.0,64500.0
146,2021-10-12 03:15:14,35100.0,1700.0,64200.0
147,2021-10-12 03:15:14,35100.0,300.0,62500.0
148,2021-10-12 03:15:14,35100.0,100.0,62200.0
149,2021-10-12 03:15:14,35200.0,100.0,62100.0
150,2021-10-12 03:15:14,35200.0,600.0,62000.0
151,2021-10-12 03:15:14,35200.0,100.0,61400.0
152,2021-10-12 03:15:14,35200.0,400.0,61300.0
153,2021-10-12 03:15:14,35200.0,100.0,60900.0
154,2021-10-12 03:15:14,35200.0,100.0,60800.0
155,2021-10-12 03:15:12,35250.0,100.0,60700.0
156,2021-10-12 03:13:53,35300.0,100.0,60600.0
157,2021-10-12 03:13:30,35300.0,200.0,60500.0
158,2021-10-12 03:13:30,35300.0,300.0,60300.0
159,2021-10-12 03:13:21,35300.0,1300.0,60000.0
160,2021-10-12 03:12:52,35300.0,1000.0,58700.0
161,2021-10-12 03:12:42,35300.0,400.0,57700.0
162,2021-10-12 03:12:42,35300.0,600.0,57300.0
163,2021-10-12 03:10:45,35400.0,100.0,56700.0
164,2021-10-12 03:10:30,35400.0,100.0,56600.0
165,2021-10-12 03:03:15,35500.0,100.0,56500.0
166,2021-10-12 03:01:25,35500.0,100.0,56400.0
167,2021-10-12 03:01:25,35500.0,200.0,56300.0
168,2021-10-12 03:01:25,35500.0,1000.0,56100.0
169,2021-10-12 03:01:25,35500.0,200.0,55100.0
170,2021-10-12 03:01:25,35500.0,500.0,54900.0
171,2021-10-12 03:01:25,35500.0,200.0,54400.0
172,2021-10-12 03:01:25,35500.0,500.0,54200.0
173,2021-10-12 03:01:25,35500.0,200.0,53700.0
174,2021-10-12 03:01:25,35500.0,100.0,53500.0
175,2021-10-12 03:01:14,35450.0,2000.0,53400.0
176,2021-10-12 02:58:02,35500.0,200.0,51400.0
177,2021-10-12 02:58:02,35500.0,200.0,51200.0
178,2021-10-12 02:58:02,35500.0,200.0,51000.0
179,2021-10-12 02:58:02,35500.0,900.0,50800.0
180,2021-10-12 02:55:43,35500.0,100.0,49900.0
181,2021-10-12 02:55:43,35500.0,100.0,49800.0
182,2021-10-12 02:55:43,35450.0,800.0,49700.0
183,2021-10-12 02:55:43,35450.0,100.0,48900.0
184,2021-10-12 02:55:43,35450.0,800.0,48800.0
185,2021-10-12 02:55:43,35450.0,100.0,48000.0
186,2021-10-12 02:53:16,35400.0,500.0,47900.0
187,2021-10-12 02:52:42,35400.0,500.0,47400.0
188,2021-10-12 02:52:42,35400.0,100.0,46900.0
189,2021-10-12 02:52:42,35400.0,100.0,46800.0
190,2021-10-12 02:52:42,35350.0,200.0,46700.0
191,2021-10-12 02:52:42,35300.0,100.0,46500.0
192,2021-10-12 02:50:53,35300.0,300.0,46400.0
193,2021-10-12 02:50:53,35300.0,200.0,46100.0
194,2021-10-12 02:50:53,35300.0,400.0,45900.0
195,2021-10-12 02:50:27,35300.0,100.0,45500.0
196,2021-10-12 02:48:09,35350.0,300.0,45400.0
197,2021-10-12 02:45:02,35300.0,100.0,45100.0
198,2021-10-12 02:45:02,35300.0,100.0,45000.0
199,2021-10-12 02:43:57,35450.0,200.0,44900.0
200,2021-10-12 02:42:21,35450.0,2700.0,44700.0
201,2021-10-12 02:42:21,35450.0,300.0,42000.0
202,2021-10-12 02:42:21,35450.0,900.0,41700.0
203,2021-10-12 02:42:04,35450.0,100.0,40800.0
204,2021-10-12 02:41:43,35450.0,2000.0,40700.0
205,2021-10-12 02:41:43,35400.0,800.0,38700.0
206,2021-10-12 02:40:39,35450.0,100.0,37900.0
207,2021-10-12 02:39:31,35450.0,200.0,37800.0
208,2021-10-12 02:38:57,35450.0,700.0,37600.0
209,2021-10-12 02:37:32,35400.0,300.0,36900.0
210,2021-10-12 02:37:32,35400.0,2000.0,36600.0
211,2021-10-12 02:37:32,35450.0,300.0,34600.0
212,2021-10-12 02:37:32,35450.0,200.0,34300.0
213,2021-10-12 02:37:32,35450.0,100.0,34100.0
214,2021-10-12 02:37:32,35450.0,100.0,34000.0
215,2021-10-12 02:35:25,35500.0,700.0,33900.0
216,2021-10-12 02:32:09,35500.0,200.0,33200.0
217,2021-10-12 02:32:09,35500.0,1200.0,33000.0
218,2021-10-12 02:31:57,35450.0,200.0,31800.0
219,2021-10-12 02:31:50,35450.0,100.0,31600.0
220,2021-10-12 02:31:03,35450.0,10000.0,31500.0
221,2021-10-12 02:29:30,35450.0,300.0,21500.0
222,2021-10-12 02:29:24,35450.0,5000.0,21200.0
223,2021-10-12 02:28:28,35450.0,2000.0,16200.0
224,2021-10-12 02:27:00,35450.0,600.0,14200.0
225,2021-10-12 02:26:29,35450.0,1000.0,13600.0
226,2021-10-12 02:25:29,35450.0,1000.0,12600.0
227,2021-10-12 02:25:00,35500.0,100.0,11600.0
228,2021-10-12 02:25:00,35450.0,100.0,11500.0
229,2021-10-12 02:24:44,35450.0,500.0,11400.0
230,2021-10-12 02:24:22,35450.0,1200.0,10900.0
231,2021-10-12 02:24:22,35450.0,800.0,9700.0
232,2021-10-12 02:24:21,35500.0,400.0,8900.0
233,2021-10-12 02:22:55,35500.0,500.0,8500.0
234,2021-10-12 02:22:53,35450.0,200.0,8000.0
235,2021-10-12 02:22:53,35450.0,100.0,7800.0
236,2021-10-12 02:22:53,35450.0,100.0,7700.0
237,2021-10-12 02:22:53,35450.0,600.0,7600.0
238,2021-10-12 02:22:46,35500.0,800.0,7000.0
239,2021-10-12 02:22:46,35500.0,200.0,6200.0
240,2021-10-12 02:22:46,35500.0,100.0,6000.0
241,2021-10-12 02:22:46,35500.0,200.0,5900.0
242,2021-10-12 02:21:53,35500.0,300.0,5700.0
243,2021-10-12 02:20:18,35500.0,200.0,5400.0
244,2021-10-12 02:19:17,35500.0,300.0,5200.0
245,2021-10-12 02:18:07,35500.0,200.0,4900.0
246,2021-10-12 02:18:07,35500.0,300.0,4700.0
247,2021-10-12 02:17:00,35500.0,200.0,4400.0
248,2021-10-12 02:16:10,35500.0,800.0,4200.0
249,2021-10-12 02:15:00,35500.0,500.0,3400.0
250,2021-10-12 02:15:00,35500.0,1000.0,2900.0
251,2021-10-12 02:15:00,35500.0,700.0,1900.0
252,2021-10-12 02:15:00,35500.0,300.0,1200.0
253,2021-10-12 02:15:00,35500.0,600.0,900.0
254,2021-10-12 02:15:00,35500.0,300.0,300.0
