,Time,Price,Volume_per_trade,Volume
0,2021-10-22 07:45:01,14250.0,200.0,407600.0
1,2021-10-22 07:45:01,14250.0,400.0,407400.0
2,2021-10-22 07:45:01,14250.0,300.0,407000.0
3,2021-10-22 07:45:01,14250.0,300.0,406700.0
4,2021-10-22 07:45:01,14250.0,100.0,406400.0
5,2021-10-22 07:45:01,14250.0,300.0,406300.0
6,2021-10-22 07:45:01,14250.0,200.0,406000.0
7,2021-10-22 07:45:01,14250.0,100.0,405800.0
8,2021-10-22 07:45:01,14250.0,2000.0,405700.0
9,2021-10-22 07:45:01,14250.0,3700.0,403700.0
10,2021-10-22 07:45:01,14250.0,2900.0,400000.0
11,2021-10-22 07:45:01,14250.0,1400.0,397100.0
12,2021-10-22 07:45:01,14250.0,300.0,395700.0
13,2021-10-22 07:45:01,14250.0,200.0,395400.0
14,2021-10-22 07:45:01,14250.0,100.0,395200.0
15,2021-10-22 07:45:01,14250.0,100.0,395100.0
16,2021-10-22 07:29:29,14300.0,1000.0,395000.0
17,2021-10-22 07:28:42,14250.0,600.0,394000.0
18,2021-10-22 07:27:46,14250.0,500.0,393400.0
19,2021-10-22 07:27:19,14250.0,2600.0,392900.0
20,2021-10-22 07:27:19,14250.0,600.0,390300.0
21,2021-10-22 07:27:19,14250.0,100.0,389700.0
22,2021-10-22 07:27:19,14250.0,300.0,389600.0
23,2021-10-22 07:27:19,14250.0,300.0,389300.0
24,2021-10-22 07:27:19,14250.0,1000.0,389000.0
25,2021-10-22 07:27:19,14250.0,100.0,388000.0
26,2021-10-22 07:27:19,14250.0,600.0,387900.0
27,2021-10-22 07:23:22,14250.0,200.0,387300.0
28,2021-10-22 07:22:32,14200.0,1000.0,387100.0
29,2021-10-22 07:22:21,14200.0,800.0,386100.0
30,2021-10-22 07:22:21,14200.0,200.0,385300.0
31,2021-10-22 07:21:12,14200.0,300.0,385100.0
32,2021-10-22 07:21:12,14200.0,100.0,384800.0
33,2021-10-22 07:21:12,14200.0,500.0,384700.0
34,2021-10-22 07:21:12,14200.0,100.0,384200.0
35,2021-10-22 07:19:44,14250.0,300.0,384100.0
36,2021-10-22 07:19:44,14250.0,200.0,383800.0
37,2021-10-22 07:16:41,14200.0,200.0,383600.0
38,2021-10-22 07:16:41,14200.0,2800.0,383400.0
39,2021-10-22 07:16:21,14250.0,500.0,380600.0
40,2021-10-22 07:15:36,14250.0,300.0,380100.0
41,2021-10-22 07:15:36,14250.0,100.0,379800.0
42,2021-10-22 07:15:36,14250.0,3000.0,379700.0
43,2021-10-22 07:15:36,14250.0,100.0,376700.0
44,2021-10-22 07:15:23,14250.0,900.0,376600.0
45,2021-10-22 07:15:23,14250.0,200.0,375700.0
46,2021-10-22 07:15:23,14250.0,300.0,375500.0
47,2021-10-22 07:15:23,14250.0,1000.0,375200.0
48,2021-10-22 07:15:23,14250.0,600.0,374200.0
49,2021-10-22 07:14:29,14300.0,100.0,373600.0
50,2021-10-22 07:14:29,14300.0,900.0,373500.0
51,2021-10-22 07:14:29,14300.0,100.0,372600.0
52,2021-10-22 07:14:22,14300.0,900.0,372500.0
53,2021-10-22 07:14:22,14300.0,1000.0,371600.0
54,2021-10-22 07:14:22,14300.0,300.0,370600.0
55,2021-10-22 07:14:01,14300.0,2100.0,370300.0
56,2021-10-22 07:14:01,14300.0,100.0,368200.0
57,2021-10-22 07:14:01,14300.0,800.0,368100.0
58,2021-10-22 07:13:32,14300.0,200.0,367300.0
59,2021-10-22 07:13:32,14300.0,600.0,367100.0
60,2021-10-22 07:11:32,14300.0,400.0,366500.0
61,2021-10-22 07:11:32,14300.0,1500.0,366100.0
62,2021-10-22 07:11:32,14300.0,1100.0,364600.0
63,2021-10-22 07:10:27,14300.0,900.0,363500.0
64,2021-10-22 07:10:27,14300.0,100.0,362600.0
65,2021-10-22 07:07:23,14350.0,100.0,362500.0
66,2021-10-22 07:06:12,14350.0,3500.0,362400.0
67,2021-10-22 07:06:12,14350.0,500.0,358900.0
68,2021-10-22 07:06:12,14350.0,2900.0,358400.0
69,2021-10-22 07:05:09,14400.0,100.0,355500.0
70,2021-10-22 07:03:17,14400.0,200.0,355400.0
71,2021-10-22 07:03:17,14400.0,500.0,355200.0
72,2021-10-22 07:03:17,14400.0,1500.0,354700.0
73,2021-10-22 07:03:12,14450.0,100.0,353200.0
74,2021-10-22 07:03:11,14450.0,1000.0,353100.0
75,2021-10-22 07:03:02,14450.0,300.0,352100.0
76,2021-10-22 07:03:02,14400.0,4000.0,351800.0
77,2021-10-22 07:02:29,14400.0,100.0,347800.0
78,2021-10-22 07:02:08,14350.0,100.0,347700.0
79,2021-10-22 07:01:51,14350.0,100.0,347600.0
80,2021-10-22 07:01:28,14350.0,900.0,347500.0
81,2021-10-22 07:01:15,14300.0,100.0,346600.0
82,2021-10-22 07:00:23,14450.0,700.0,346500.0
83,2021-10-22 07:00:23,14450.0,500.0,345800.0
84,2021-10-22 06:59:41,14450.0,1000.0,345300.0
85,2021-10-22 06:59:41,14450.0,3700.0,344300.0
86,2021-10-22 06:59:41,14400.0,300.0,340600.0
87,2021-10-22 06:59:02,14400.0,1700.0,340300.0
88,2021-10-22 06:59:02,14400.0,100.0,338600.0
89,2021-10-22 06:59:02,14350.0,200.0,338500.0
90,2021-10-22 06:56:41,14300.0,800.0,338300.0
91,2021-10-22 06:56:30,14250.0,400.0,337500.0
92,2021-10-22 06:56:11,14300.0,500.0,337100.0
93,2021-10-22 06:56:01,14300.0,1000.0,336600.0
94,2021-10-22 06:54:37,14300.0,100.0,335600.0
95,2021-10-22 06:54:26,14300.0,100.0,335500.0
96,2021-10-22 06:54:26,14300.0,100.0,335400.0
97,2021-10-22 06:53:52,14250.0,200.0,335300.0
98,2021-10-22 06:53:22,14250.0,100.0,335100.0
99,2021-10-22 06:51:55,14250.0,2700.0,335000.0
100,2021-10-22 06:51:55,14250.0,900.0,332300.0
101,2021-10-22 06:51:07,14300.0,500.0,331400.0
102,2021-10-22 06:50:26,14300.0,1200.0,330900.0
103,2021-10-22 06:49:50,14300.0,1000.0,329700.0
104,2021-10-22 06:49:50,14300.0,200.0,328700.0
105,2021-10-22 06:49:50,14300.0,2700.0,328500.0
106,2021-10-22 06:49:50,14300.0,400.0,325800.0
107,2021-10-22 06:49:50,14300.0,400.0,325400.0
108,2021-10-22 06:48:56,14300.0,9600.0,325000.0
109,2021-10-22 06:48:56,14300.0,400.0,315400.0
110,2021-10-22 06:47:14,14400.0,2000.0,315000.0
111,2021-10-22 06:45:02,14450.0,300.0,313000.0
112,2021-10-22 06:44:25,14450.0,1800.0,312700.0
113,2021-10-22 06:44:25,14450.0,800.0,310900.0
114,2021-10-22 06:44:25,14450.0,100.0,310100.0
115,2021-10-22 06:44:25,14400.0,100.0,310000.0
116,2021-10-22 06:44:25,14400.0,1000.0,309900.0
117,2021-10-22 06:44:25,14400.0,300.0,308900.0
118,2021-10-22 06:44:25,14350.0,100.0,308600.0
119,2021-10-22 06:44:25,14350.0,100.0,308500.0
120,2021-10-22 06:43:50,14350.0,1000.0,308400.0
121,2021-10-22 06:43:40,14350.0,1000.0,307400.0
122,2021-10-22 06:43:30,14350.0,500.0,306400.0
123,2021-10-22 06:43:24,14350.0,100.0,305900.0
124,2021-10-22 06:42:59,14350.0,700.0,305800.0
125,2021-10-22 06:42:59,14300.0,5500.0,305100.0
126,2021-10-22 06:42:59,14300.0,100.0,299600.0
127,2021-10-22 06:42:59,14300.0,500.0,299500.0
128,2021-10-22 06:42:59,14300.0,3100.0,299000.0
129,2021-10-22 06:42:54,14300.0,600.0,295900.0
130,2021-10-22 06:41:16,14300.0,700.0,295300.0
131,2021-10-22 06:41:15,14300.0,2000.0,294600.0
132,2021-10-22 06:41:08,14300.0,200.0,292600.0
133,2021-10-22 06:34:40,14300.0,1000.0,292400.0
134,2021-10-22 06:33:05,14300.0,900.0,291400.0
135,2021-10-22 06:33:05,14300.0,500.0,290500.0
136,2021-10-22 06:33:05,14300.0,1000.0,290000.0
137,2021-10-22 06:32:01,14350.0,400.0,289000.0
138,2021-10-22 06:32:01,14350.0,500.0,288600.0
139,2021-10-22 06:32:01,14350.0,100.0,288100.0
140,2021-10-22 06:32:01,14350.0,100.0,288000.0
141,2021-10-22 06:32:01,14350.0,5500.0,287900.0
142,2021-10-22 06:31:48,14400.0,1000.0,282400.0
143,2021-10-22 06:30:57,14400.0,3700.0,281400.0
144,2021-10-22 06:30:38,14400.0,300.0,277700.0
145,2021-10-22 06:30:38,14400.0,2000.0,277400.0
146,2021-10-22 06:30:38,14400.0,1000.0,275400.0
147,2021-10-22 06:30:38,14400.0,1700.0,274400.0
148,2021-10-22 06:28:51,14450.0,900.0,272700.0
149,2021-10-22 06:28:51,14450.0,100.0,271800.0
150,2021-10-22 06:26:58,14450.0,100.0,271700.0
151,2021-10-22 06:26:23,14450.0,100.0,271600.0
152,2021-10-22 06:26:23,14450.0,1000.0,271500.0
153,2021-10-22 06:26:23,14450.0,500.0,270500.0
154,2021-10-22 06:26:23,14450.0,300.0,270000.0
155,2021-10-22 06:26:23,14450.0,1700.0,269700.0
156,2021-10-22 06:26:23,14450.0,200.0,268000.0
157,2021-10-22 06:25:08,14450.0,300.0,267800.0
158,2021-10-22 06:22:58,14450.0,1400.0,267500.0
159,2021-10-22 06:22:47,14450.0,1100.0,266100.0
160,2021-10-22 06:22:47,14450.0,300.0,265000.0
161,2021-10-22 06:22:47,14450.0,1500.0,264700.0
162,2021-10-22 06:22:47,14450.0,1000.0,263200.0
163,2021-10-22 06:22:47,14450.0,1100.0,262200.0
164,2021-10-22 06:22:38,14400.0,2000.0,261100.0
165,2021-10-22 06:22:38,14400.0,100.0,259100.0
166,2021-10-22 06:20:44,14400.0,600.0,259000.0
167,2021-10-22 06:20:13,14400.0,2300.0,258400.0
168,2021-10-22 06:19:54,14400.0,1000.0,256100.0
169,2021-10-22 06:19:38,14400.0,500.0,255100.0
170,2021-10-22 06:17:54,14450.0,100.0,254600.0
171,2021-10-22 06:17:54,14450.0,2000.0,254500.0
172,2021-10-22 06:17:54,14450.0,1800.0,252500.0
173,2021-10-22 06:17:47,14450.0,100.0,250700.0
174,2021-10-22 06:17:05,14450.0,500.0,250600.0
175,2021-10-22 06:16:57,14450.0,100.0,250100.0
176,2021-10-22 06:15:49,14450.0,1800.0,250000.0
177,2021-10-22 06:15:49,14450.0,200.0,248200.0
178,2021-10-22 06:15:43,14500.0,1000.0,248000.0
179,2021-10-22 06:15:27,14450.0,500.0,247000.0
180,2021-10-22 06:15:24,14500.0,100.0,246500.0
181,2021-10-22 06:15:24,14500.0,1000.0,246400.0
182,2021-10-22 06:15:24,14500.0,100.0,245400.0
183,2021-10-22 06:15:24,14500.0,100.0,245300.0
184,2021-10-22 06:15:24,14450.0,200.0,245200.0
185,2021-10-22 06:15:24,14450.0,500.0,245000.0
186,2021-10-22 06:14:46,14400.0,1000.0,244500.0
187,2021-10-22 06:14:40,14400.0,3000.0,243500.0
188,2021-10-22 06:14:40,14400.0,200.0,240500.0
189,2021-10-22 06:14:38,14400.0,1600.0,240300.0
190,2021-10-22 06:14:32,14400.0,4200.0,238700.0
191,2021-10-22 06:14:32,14400.0,100.0,234500.0
192,2021-10-22 06:14:32,14400.0,500.0,234400.0
193,2021-10-22 06:14:32,14400.0,5000.0,233900.0
194,2021-10-22 06:14:32,14400.0,200.0,228900.0
195,2021-10-22 06:14:22,14400.0,200.0,228700.0
196,2021-10-22 06:14:04,14400.0,400.0,228500.0
197,2021-10-22 06:14:00,14400.0,900.0,228100.0
198,2021-10-22 06:14:00,14400.0,100.0,227200.0
199,2021-10-22 06:14:00,14400.0,100.0,227100.0
200,2021-10-22 06:13:03,14400.0,400.0,227000.0
201,2021-10-22 06:13:03,14400.0,100.0,226600.0
202,2021-10-22 06:13:03,14400.0,500.0,226500.0
203,2021-10-22 06:13:03,14400.0,200.0,226000.0
204,2021-10-22 06:12:43,14350.0,500.0,225800.0
205,2021-10-22 06:12:43,14350.0,400.0,225300.0
206,2021-10-22 06:12:22,14350.0,100.0,224900.0
207,2021-10-22 06:12:12,14350.0,900.0,224800.0
208,2021-10-22 06:12:12,14350.0,100.0,223900.0
209,2021-10-22 06:11:29,14300.0,500.0,223800.0
210,2021-10-22 06:11:29,14300.0,500.0,223300.0
211,2021-10-22 06:11:24,14300.0,1500.0,222800.0
212,2021-10-22 06:11:24,14300.0,100.0,221300.0
213,2021-10-22 06:11:24,14300.0,5000.0,221200.0
214,2021-10-22 06:11:24,14300.0,2000.0,216200.0
215,2021-10-22 06:11:24,14300.0,100.0,214200.0
216,2021-10-22 06:11:24,14300.0,100.0,214100.0
217,2021-10-22 06:11:24,14300.0,1000.0,214000.0
218,2021-10-22 06:11:24,14300.0,200.0,213000.0
219,2021-10-22 06:10:52,14300.0,100.0,212800.0
220,2021-10-22 06:10:40,14300.0,2700.0,212700.0
221,2021-10-22 06:10:40,14300.0,300.0,210000.0
222,2021-10-22 06:09:56,14300.0,1000.0,209700.0
223,2021-10-22 06:09:55,14300.0,6000.0,208700.0
224,2021-10-22 06:08:32,14300.0,2700.0,202700.0
225,2021-10-22 06:08:32,14300.0,100.0,200000.0
226,2021-10-22 06:08:32,14300.0,200.0,199900.0
227,2021-10-22 06:07:59,14250.0,200.0,199700.0
228,2021-10-22 06:05:57,14250.0,200.0,199500.0
229,2021-10-22 06:05:24,14250.0,400.0,199300.0
230,2021-10-22 06:05:24,14250.0,200.0,198900.0
231,2021-10-22 06:05:12,14250.0,100.0,198700.0
232,2021-10-22 06:04:59,14250.0,300.0,198600.0
233,2021-10-22 06:04:51,14250.0,100.0,198300.0
234,2021-10-22 06:04:33,14250.0,300.0,198200.0
235,2021-10-22 06:04:30,14250.0,100.0,197900.0
236,2021-10-22 06:04:16,14250.0,100.0,197800.0
237,2021-10-22 06:04:07,14250.0,100.0,197700.0
238,2021-10-22 06:03:53,14250.0,300.0,197600.0
239,2021-10-22 06:03:48,14250.0,100.0,197300.0
240,2021-10-22 06:03:37,14250.0,500.0,197200.0
241,2021-10-22 06:00:38,14250.0,2000.0,196700.0
242,2021-10-22 06:00:33,14200.0,100.0,194700.0
243,2021-10-22 06:00:33,14200.0,100.0,194600.0
244,2021-10-22 06:00:33,14150.0,500.0,194500.0
245,2021-10-22 06:00:33,14150.0,400.0,194000.0
246,2021-10-22 06:00:33,14150.0,900.0,193600.0
247,2021-10-22 06:00:11,14150.0,100.0,192700.0
248,2021-10-22 06:00:11,14150.0,1200.0,192600.0
249,2021-10-22 06:00:11,14150.0,100.0,191400.0
250,2021-10-22 06:00:11,14150.0,300.0,191300.0
251,2021-10-22 06:00:11,14200.0,200.0,191000.0
252,2021-10-22 06:00:11,14200.0,500.0,190800.0
253,2021-10-22 06:00:11,14200.0,500.0,190300.0
254,2021-10-22 06:00:11,14200.0,300.0,189800.0
255,2021-10-22 06:00:08,14200.0,100.0,189500.0
256,2021-10-22 06:00:08,14200.0,100.0,189400.0
257,2021-10-22 06:00:02,14200.0,100.0,189300.0
258,2021-10-22 06:00:02,14150.0,1400.0,189200.0
259,2021-10-22 04:29:21,14200.0,100.0,187800.0
260,2021-10-22 04:29:21,14200.0,400.0,187700.0
261,2021-10-22 04:28:29,14200.0,400.0,187300.0
262,2021-10-22 04:28:29,14200.0,100.0,186900.0
263,2021-10-22 04:28:29,14200.0,100.0,186800.0
264,2021-10-22 04:28:29,14200.0,2800.0,186700.0
265,2021-10-22 04:28:29,14200.0,100.0,183900.0
266,2021-10-22 04:28:29,14200.0,300.0,183800.0
267,2021-10-22 04:28:29,14200.0,200.0,183500.0
268,2021-10-22 04:28:05,14150.0,1300.0,183300.0
269,2021-10-22 04:27:59,14150.0,1000.0,182000.0
270,2021-10-22 04:27:40,14150.0,1700.0,181000.0
271,2021-10-22 04:27:40,14150.0,100.0,179300.0
272,2021-10-22 04:27:40,14150.0,100.0,179200.0
273,2021-10-22 04:27:40,14150.0,1000.0,179100.0
274,2021-10-22 04:27:40,14150.0,300.0,178100.0
275,2021-10-22 04:27:32,14150.0,100.0,177800.0
276,2021-10-22 04:24:57,14100.0,100.0,177700.0
277,2021-10-22 04:24:57,14100.0,100.0,177600.0
278,2021-10-22 04:24:22,14100.0,200.0,177500.0
279,2021-10-22 04:23:23,14100.0,500.0,177300.0
280,2021-10-22 04:23:09,14100.0,400.0,176800.0
281,2021-10-22 04:22:55,14100.0,900.0,176400.0
282,2021-10-22 04:22:54,14100.0,1000.0,175500.0
283,2021-10-22 04:22:40,14100.0,1500.0,174500.0
284,2021-10-22 04:22:26,14100.0,1000.0,173000.0
285,2021-10-22 04:22:06,14100.0,100.0,172000.0
286,2021-10-22 04:22:06,14100.0,100.0,171900.0
287,2021-10-22 04:22:06,14100.0,300.0,171800.0
288,2021-10-22 04:17:20,14050.0,300.0,171500.0
289,2021-10-22 04:15:56,14100.0,200.0,171200.0
290,2021-10-22 04:15:56,14100.0,800.0,171000.0
291,2021-10-22 04:15:11,14000.0,200.0,170200.0
292,2021-10-22 04:15:11,14000.0,300.0,170000.0
293,2021-10-22 04:15:11,14050.0,500.0,169700.0
294,2021-10-22 04:15:06,14100.0,500.0,169200.0
295,2021-10-22 04:14:33,14100.0,500.0,168700.0
296,2021-10-22 04:13:22,14100.0,100.0,168200.0
297,2021-10-22 04:13:02,14100.0,100.0,168100.0
298,2021-10-22 04:13:02,14100.0,400.0,168000.0
299,2021-10-22 04:12:51,14100.0,2500.0,167600.0
300,2021-10-22 04:11:57,14100.0,100.0,165100.0
301,2021-10-22 04:08:40,14000.0,200.0,165000.0
302,2021-10-22 04:08:40,14000.0,500.0,164800.0
303,2021-10-22 04:08:40,14050.0,100.0,164300.0
304,2021-10-22 04:08:40,14050.0,200.0,164200.0
305,2021-10-22 04:02:58,14000.0,200.0,164000.0
306,2021-10-22 04:01:55,14000.0,4300.0,163800.0
307,2021-10-22 04:01:55,14000.0,5000.0,159500.0
308,2021-10-22 04:01:55,14000.0,500.0,154500.0
309,2021-10-22 04:01:55,14000.0,500.0,154000.0
310,2021-10-22 04:01:55,14000.0,700.0,153500.0
311,2021-10-22 04:01:55,14050.0,6000.0,152800.0
312,2021-10-22 04:00:57,14100.0,300.0,146800.0
313,2021-10-22 04:00:57,14100.0,200.0,146500.0
314,2021-10-22 04:00:57,14100.0,500.0,146300.0
315,2021-10-22 04:00:57,14100.0,2000.0,145800.0
316,2021-10-22 03:56:41,14150.0,100.0,143800.0
317,2021-10-22 03:56:04,14100.0,100.0,143700.0
318,2021-10-22 03:56:04,14100.0,100.0,143600.0
319,2021-10-22 03:56:04,14100.0,100.0,143500.0
320,2021-10-22 03:56:04,14100.0,1700.0,143400.0
321,2021-10-22 03:56:04,14100.0,700.0,141700.0
322,2021-10-22 03:56:04,14100.0,1000.0,141000.0
323,2021-10-22 03:56:04,14100.0,1000.0,140000.0
324,2021-10-22 03:56:04,14100.0,2100.0,139000.0
325,2021-10-22 03:55:53,14100.0,500.0,136900.0
326,2021-10-22 03:55:07,14100.0,2400.0,136400.0
327,2021-10-22 03:55:07,14100.0,100.0,134000.0
328,2021-10-22 03:55:07,14100.0,1500.0,133900.0
329,2021-10-22 03:54:49,14100.0,500.0,132400.0
330,2021-10-22 03:54:23,14100.0,1000.0,131900.0
331,2021-10-22 03:54:22,14050.0,800.0,130900.0
332,2021-10-22 03:54:22,14050.0,600.0,130100.0
333,2021-10-22 03:54:22,14050.0,1600.0,129500.0
334,2021-10-22 03:54:13,14050.0,2000.0,127900.0
335,2021-10-22 03:54:00,14050.0,2000.0,125900.0
336,2021-10-22 03:53:39,14050.0,500.0,123900.0
337,2021-10-22 03:53:28,14050.0,500.0,123400.0
338,2021-10-22 03:52:16,14000.0,100.0,122900.0
339,2021-10-22 03:50:57,14000.0,700.0,122800.0
340,2021-10-22 03:50:29,14000.0,300.0,122100.0
341,2021-10-22 03:50:29,14000.0,700.0,121800.0
342,2021-10-22 03:50:17,14000.0,4300.0,121100.0
343,2021-10-22 03:50:17,14000.0,700.0,116800.0
344,2021-10-22 03:49:36,13950.0,1000.0,116100.0
345,2021-10-22 03:49:36,13950.0,400.0,115100.0
346,2021-10-22 03:49:36,13950.0,300.0,114700.0
347,2021-10-22 03:49:36,13950.0,100.0,114400.0
348,2021-10-22 03:49:36,13950.0,200.0,114300.0
349,2021-10-22 03:45:05,13950.0,2800.0,114100.0
350,2021-10-22 03:45:05,13950.0,100.0,111300.0
351,2021-10-22 03:45:05,13950.0,300.0,111200.0
352,2021-10-22 03:45:05,13950.0,400.0,110900.0
353,2021-10-22 03:45:05,13950.0,500.0,110500.0
354,2021-10-22 03:45:05,13950.0,400.0,110000.0
355,2021-10-22 03:45:05,13950.0,200.0,109600.0
356,2021-10-22 03:45:05,13950.0,100.0,109400.0
357,2021-10-22 03:45:05,13950.0,200.0,109300.0
358,2021-10-22 03:45:05,13950.0,200.0,109100.0
359,2021-10-22 03:45:05,13950.0,100.0,108900.0
360,2021-10-22 03:45:05,13950.0,100.0,108800.0
361,2021-10-22 03:45:05,13950.0,500.0,108700.0
362,2021-10-22 03:45:05,13950.0,100.0,108200.0
363,2021-10-22 03:45:05,13950.0,500.0,108100.0
364,2021-10-22 03:45:05,13950.0,2300.0,107600.0
365,2021-10-22 03:45:05,13950.0,800.0,105300.0
366,2021-10-22 03:45:05,13950.0,5000.0,104500.0
367,2021-10-22 03:45:05,13950.0,200.0,99500.0
368,2021-10-22 03:44:42,14000.0,500.0,99300.0
369,2021-10-22 03:44:13,14000.0,200.0,98800.0
370,2021-10-22 03:44:04,14000.0,500.0,98600.0
371,2021-10-22 03:44:04,14000.0,2700.0,98100.0
372,2021-10-22 03:44:00,14000.0,900.0,95400.0
373,2021-10-22 03:44:00,14000.0,1000.0,94500.0
374,2021-10-22 03:44:00,14000.0,1000.0,93500.0
375,2021-10-22 03:44:00,14000.0,100.0,92500.0
376,2021-10-22 03:39:38,14000.0,200.0,92400.0
377,2021-10-22 03:39:38,14000.0,100.0,92200.0
378,2021-10-22 03:39:38,14000.0,100.0,92100.0
379,2021-10-22 03:39:38,14000.0,100.0,92000.0
380,2021-10-22 03:38:11,14000.0,300.0,91900.0
381,2021-10-22 03:34:08,14000.0,500.0,91600.0
382,2021-10-22 03:29:14,14000.0,100.0,91100.0
383,2021-10-22 03:29:14,14000.0,500.0,91000.0
384,2021-10-22 03:29:14,14000.0,100.0,90500.0
385,2021-10-22 03:25:53,14000.0,1000.0,90400.0
386,2021-10-22 03:23:17,13950.0,200.0,89400.0
387,2021-10-22 03:22:27,14000.0,100.0,89200.0
388,2021-10-22 03:22:03,14000.0,900.0,89100.0
389,2021-10-22 03:22:03,14000.0,100.0,88200.0
390,2021-10-22 03:22:03,14000.0,500.0,88100.0
391,2021-10-22 03:20:58,14000.0,1500.0,87600.0
392,2021-10-22 03:19:31,13950.0,300.0,86100.0
393,2021-10-22 03:19:31,13950.0,800.0,85800.0
394,2021-10-22 03:19:31,13950.0,100.0,85000.0
395,2021-10-22 03:19:31,13950.0,400.0,84900.0
396,2021-10-22 03:19:31,14000.0,100.0,84500.0
397,2021-10-22 03:19:31,14000.0,1000.0,84400.0
398,2021-10-22 03:19:31,14000.0,1600.0,83400.0
399,2021-10-22 03:18:46,14000.0,1100.0,81800.0
400,2021-10-22 03:18:06,14000.0,1000.0,80700.0
401,2021-10-22 03:18:06,14000.0,1000.0,79700.0
402,2021-10-22 03:18:06,14000.0,300.0,78700.0
403,2021-10-22 03:17:53,13950.0,100.0,78400.0
404,2021-10-22 03:17:53,13950.0,4000.0,78300.0
405,2021-10-22 03:17:53,13950.0,900.0,74300.0
406,2021-10-22 03:17:52,14000.0,100.0,73400.0
407,2021-10-22 03:17:47,14000.0,600.0,73300.0
408,2021-10-22 03:17:47,14000.0,1000.0,72700.0
409,2021-10-22 03:17:47,14000.0,100.0,71700.0
410,2021-10-22 03:17:47,14000.0,2500.0,71600.0
411,2021-10-22 03:16:07,13950.0,100.0,69100.0
412,2021-10-22 03:16:07,13950.0,900.0,69000.0
413,2021-10-22 03:15:14,13950.0,1100.0,68100.0
414,2021-10-22 03:15:14,13950.0,100.0,67000.0
415,2021-10-22 03:15:14,13950.0,300.0,66900.0
416,2021-10-22 03:11:26,13950.0,500.0,66600.0
417,2021-10-22 03:11:25,14000.0,200.0,66100.0
418,2021-10-22 03:11:07,14000.0,7000.0,65900.0
419,2021-10-22 03:09:49,14000.0,300.0,58900.0
420,2021-10-22 03:09:49,14000.0,600.0,58600.0
421,2021-10-22 03:09:49,14000.0,100.0,58000.0
422,2021-10-22 03:08:54,13950.0,300.0,57900.0
423,2021-10-22 03:08:54,13950.0,600.0,57600.0
424,2021-10-22 03:08:12,13950.0,100.0,57000.0
425,2021-10-22 03:06:51,13950.0,300.0,56900.0
426,2021-10-22 03:06:51,13950.0,200.0,56600.0
427,2021-10-22 03:05:20,13950.0,100.0,56400.0
428,2021-10-22 03:01:29,13950.0,100.0,56300.0
429,2021-10-22 03:01:29,13950.0,300.0,56200.0
430,2021-10-22 03:00:44,13950.0,200.0,55900.0
431,2021-10-22 03:00:44,13950.0,800.0,55700.0
432,2021-10-22 03:00:33,13950.0,100.0,54900.0
433,2021-10-22 03:00:24,13950.0,100.0,54800.0
434,2021-10-22 03:00:24,13950.0,200.0,54700.0
435,2021-10-22 02:57:46,13950.0,300.0,54500.0
436,2021-10-22 02:53:40,13950.0,100.0,54200.0
437,2021-10-22 02:52:57,14000.0,100.0,54100.0
438,2021-10-22 02:52:38,14000.0,100.0,54000.0
439,2021-10-22 02:51:04,13900.0,2500.0,53900.0
440,2021-10-22 02:51:04,13900.0,200.0,51400.0
441,2021-10-22 02:51:04,13900.0,1000.0,51200.0
442,2021-10-22 02:51:04,13900.0,2000.0,50200.0
443,2021-10-22 02:51:04,13900.0,500.0,48200.0
444,2021-10-22 02:51:04,13900.0,100.0,47700.0
445,2021-10-22 02:51:04,13900.0,1000.0,47600.0
446,2021-10-22 02:51:04,13900.0,300.0,46600.0
447,2021-10-22 02:51:04,13900.0,200.0,46300.0
448,2021-10-22 02:51:04,13900.0,200.0,46100.0
449,2021-10-22 02:51:04,13950.0,1000.0,45900.0
450,2021-10-22 02:51:04,13950.0,1000.0,44900.0
451,2021-10-22 02:51:04,13950.0,200.0,43900.0
452,2021-10-22 02:51:04,14000.0,500.0,43700.0
453,2021-10-22 02:51:04,14000.0,1000.0,43200.0
454,2021-10-22 02:51:04,14000.0,900.0,42200.0
455,2021-10-22 02:51:04,14000.0,1400.0,41300.0
456,2021-10-22 02:51:04,14000.0,1000.0,39900.0
457,2021-10-22 02:51:04,14000.0,2000.0,38900.0
458,2021-10-22 02:51:04,14000.0,100.0,36900.0
459,2021-10-22 02:51:04,14000.0,500.0,36800.0
460,2021-10-22 02:51:04,14000.0,1000.0,36300.0
461,2021-10-22 02:51:04,14000.0,1300.0,35300.0
462,2021-10-22 02:49:45,14000.0,100.0,34000.0
463,2021-10-22 02:48:57,14000.0,3600.0,33900.0
464,2021-10-22 02:48:57,14000.0,200.0,30300.0
465,2021-10-22 02:48:57,14000.0,200.0,30100.0
466,2021-10-22 02:48:57,14000.0,1000.0,29900.0
467,2021-10-22 02:48:49,14050.0,1300.0,28900.0
468,2021-10-22 02:47:18,14050.0,400.0,27600.0
469,2021-10-22 02:46:17,14050.0,1000.0,27200.0
470,2021-10-22 02:44:14,14050.0,1500.0,26200.0
471,2021-10-22 02:44:14,14100.0,500.0,24700.0
472,2021-10-22 02:44:11,14100.0,1500.0,24200.0
473,2021-10-22 02:44:11,14100.0,1500.0,22700.0
474,2021-10-22 02:43:20,14100.0,3000.0,21200.0
475,2021-10-22 02:41:31,14100.0,500.0,18200.0
476,2021-10-22 02:41:05,14050.0,100.0,17700.0
477,2021-10-22 02:38:53,14100.0,200.0,17600.0
478,2021-10-22 02:38:53,14100.0,1800.0,17400.0
479,2021-10-22 02:38:20,14100.0,200.0,15600.0
480,2021-10-22 02:35:49,14100.0,100.0,15400.0
481,2021-10-22 02:35:49,14100.0,100.0,15300.0
482,2021-10-22 02:35:27,14100.0,200.0,15200.0
483,2021-10-22 02:35:27,14100.0,100.0,15000.0
484,2021-10-22 02:33:40,14100.0,100.0,14900.0
485,2021-10-22 02:32:23,14100.0,100.0,14800.0
486,2021-10-22 02:31:42,14100.0,100.0,14700.0
487,2021-10-22 02:31:35,14100.0,200.0,14600.0
488,2021-10-22 02:30:53,14100.0,200.0,14400.0
489,2021-10-22 02:30:53,14100.0,400.0,14200.0
490,2021-10-22 02:29:32,14100.0,500.0,13800.0
491,2021-10-22 02:27:26,14100.0,100.0,13300.0
492,2021-10-22 02:27:26,14100.0,300.0,13200.0
493,2021-10-22 02:27:26,14100.0,200.0,12900.0
494,2021-10-22 02:27:26,14100.0,600.0,12700.0
495,2021-10-22 02:27:26,14100.0,300.0,12100.0
496,2021-10-22 02:27:00,14100.0,800.0,11800.0
497,2021-10-22 02:24:49,14100.0,900.0,11000.0
498,2021-10-22 02:24:49,14100.0,1100.0,10100.0
499,2021-10-22 02:23:48,14100.0,100.0,9000.0
500,2021-10-22 02:22:57,14100.0,200.0,8900.0
501,2021-10-22 02:21:50,14100.0,1100.0,8700.0
502,2021-10-22 02:21:50,14100.0,900.0,7600.0
503,2021-10-22 02:20:57,14150.0,100.0,6700.0
504,2021-10-22 02:20:32,14150.0,500.0,6600.0
505,2021-10-22 02:20:26,14150.0,400.0,6100.0
506,2021-10-22 02:20:07,14150.0,300.0,5700.0
507,2021-10-22 02:20:01,14150.0,200.0,5400.0
508,2021-10-22 02:19:50,14150.0,200.0,5200.0
509,2021-10-22 02:19:43,14150.0,100.0,5000.0
510,2021-10-22 02:19:25,14150.0,100.0,4900.0
511,2021-10-22 02:17:18,14150.0,100.0,4800.0
512,2021-10-22 02:15:00,14100.0,100.0,4700.0
513,2021-10-22 02:15:00,14100.0,200.0,4600.0
514,2021-10-22 02:15:00,14100.0,200.0,4400.0
515,2021-10-22 02:15:00,14100.0,1500.0,4200.0
516,2021-10-22 02:15:00,14100.0,300.0,2700.0
517,2021-10-22 02:15:00,14100.0,200.0,2400.0
518,2021-10-22 02:15:00,14100.0,200.0,2200.0
519,2021-10-22 02:15:00,14100.0,800.0,2000.0
520,2021-10-22 02:15:00,14100.0,200.0,1200.0
521,2021-10-22 02:15:00,14100.0,1000.0,1000.0
