,Time,Price,Volume_per_trade,Volume
0,2021-10-20 07:45:00,13900.0,700.0,417800.0
1,2021-10-20 07:45:00,13900.0,2000.0,417100.0
2,2021-10-20 07:45:00,13900.0,500.0,415100.0
3,2021-10-20 07:45:00,13900.0,500.0,414600.0
4,2021-10-20 07:45:00,13900.0,3600.0,414100.0
5,2021-10-20 07:45:00,13900.0,800.0,410500.0
6,2021-10-20 07:45:00,13900.0,2500.0,409700.0
7,2021-10-20 07:45:00,13900.0,2000.0,407200.0
8,2021-10-20 07:45:00,13900.0,2000.0,405200.0
9,2021-10-20 07:45:00,13900.0,100.0,403200.0
10,2021-10-20 07:45:00,13900.0,300.0,403100.0
11,2021-10-20 07:45:00,13900.0,500.0,402800.0
12,2021-10-20 07:45:00,13900.0,500.0,402300.0
13,2021-10-20 07:29:15,13950.0,1000.0,401800.0
14,2021-10-20 07:27:58,14000.0,100.0,400800.0
15,2021-10-20 07:27:33,14000.0,100.0,400700.0
16,2021-10-20 07:27:14,14000.0,1000.0,400600.0
17,2021-10-20 07:27:01,13950.0,8200.0,399600.0
18,2021-10-20 07:26:23,13950.0,2000.0,391400.0
19,2021-10-20 07:25:11,13850.0,800.0,389400.0
20,2021-10-20 07:25:11,13900.0,100.0,388600.0
21,2021-10-20 07:25:11,13900.0,100.0,388500.0
22,2021-10-20 07:25:11,13900.0,100.0,388400.0
23,2021-10-20 07:25:11,13900.0,100.0,388300.0
24,2021-10-20 07:24:25,13900.0,500.0,388200.0
25,2021-10-20 07:24:25,13900.0,100.0,387700.0
26,2021-10-20 07:24:16,13900.0,100.0,387600.0
27,2021-10-20 07:23:45,13900.0,1000.0,387500.0
28,2021-10-20 07:21:55,13850.0,1000.0,386500.0
29,2021-10-20 07:21:29,13850.0,2000.0,385500.0
30,2021-10-20 07:21:18,13900.0,200.0,383500.0
31,2021-10-20 07:21:11,13850.0,100.0,383300.0
32,2021-10-20 07:20:40,13850.0,5900.0,383200.0
33,2021-10-20 07:20:38,13850.0,500.0,377300.0
34,2021-10-20 07:20:38,13850.0,200.0,376800.0
35,2021-10-20 07:20:38,13850.0,200.0,376600.0
36,2021-10-20 07:20:38,13850.0,1000.0,376400.0
37,2021-10-20 07:20:38,13850.0,100.0,375400.0
38,2021-10-20 07:20:38,13850.0,100.0,375300.0
39,2021-10-20 07:19:59,13850.0,2900.0,375200.0
40,2021-10-20 07:19:59,13850.0,100.0,372300.0
41,2021-10-20 07:19:49,13900.0,100.0,372200.0
42,2021-10-20 07:19:49,13900.0,1000.0,372100.0
43,2021-10-20 07:19:49,13900.0,1000.0,371100.0
44,2021-10-20 07:19:49,13900.0,300.0,370100.0
45,2021-10-20 07:19:49,13900.0,1200.0,369800.0
46,2021-10-20 07:19:29,13900.0,300.0,368600.0
47,2021-10-20 07:19:29,13900.0,300.0,368300.0
48,2021-10-20 07:19:29,13900.0,100.0,368000.0
49,2021-10-20 07:19:29,13900.0,1000.0,367900.0
50,2021-10-20 07:19:29,13900.0,100.0,366900.0
51,2021-10-20 07:19:29,13900.0,100.0,366800.0
52,2021-10-20 07:19:29,13900.0,200.0,366700.0
53,2021-10-20 07:19:29,13900.0,16600.0,366500.0
54,2021-10-20 07:19:17,13900.0,100.0,349900.0
55,2021-10-20 07:18:36,13900.0,1300.0,349800.0
56,2021-10-20 07:18:36,13900.0,500.0,348500.0
57,2021-10-20 07:18:36,13900.0,2000.0,348000.0
58,2021-10-20 07:18:36,13900.0,200.0,346000.0
59,2021-10-20 07:18:36,13900.0,100.0,345800.0
60,2021-10-20 07:18:36,13900.0,900.0,345700.0
61,2021-10-20 07:18:02,13900.0,1500.0,344800.0
62,2021-10-20 07:17:59,13900.0,500.0,343300.0
63,2021-10-20 07:17:18,13900.0,100.0,342800.0
64,2021-10-20 07:16:39,13950.0,1500.0,342700.0
65,2021-10-20 07:15:42,13950.0,100.0,341200.0
66,2021-10-20 07:15:42,13950.0,500.0,341100.0
67,2021-10-20 07:15:42,13950.0,200.0,340600.0
68,2021-10-20 07:15:42,13950.0,2200.0,340400.0
69,2021-10-20 07:15:42,13950.0,200.0,338200.0
70,2021-10-20 07:15:38,13950.0,100.0,338000.0
71,2021-10-20 07:15:38,13950.0,500.0,337900.0
72,2021-10-20 07:15:32,13950.0,500.0,337400.0
73,2021-10-20 07:15:32,13950.0,1000.0,336900.0
74,2021-10-20 07:15:32,13950.0,800.0,335900.0
75,2021-10-20 07:15:32,13950.0,100.0,335100.0
76,2021-10-20 07:15:32,13950.0,600.0,335000.0
77,2021-10-20 07:14:09,13950.0,500.0,334400.0
78,2021-10-20 07:14:09,13950.0,100.0,333900.0
79,2021-10-20 07:14:09,13950.0,200.0,333800.0
80,2021-10-20 07:14:09,13950.0,200.0,333600.0
81,2021-10-20 07:14:07,13950.0,500.0,333400.0
82,2021-10-20 07:14:07,13950.0,2500.0,332900.0
83,2021-10-20 07:12:18,13950.0,500.0,330400.0
84,2021-10-20 07:12:18,13950.0,100.0,329900.0
85,2021-10-20 07:12:18,14000.0,100.0,329800.0
86,2021-10-20 07:12:18,14000.0,1000.0,329700.0
87,2021-10-20 07:12:18,14000.0,200.0,328700.0
88,2021-10-20 07:12:18,14000.0,400.0,328500.0
89,2021-10-20 07:12:18,14000.0,2700.0,328100.0
90,2021-10-20 07:10:07,14050.0,500.0,325400.0
91,2021-10-20 07:10:07,14050.0,900.0,324900.0
92,2021-10-20 07:06:45,14050.0,600.0,324000.0
93,2021-10-20 07:06:35,14050.0,300.0,323400.0
94,2021-10-20 07:06:35,14050.0,100.0,323100.0
95,2021-10-20 07:05:26,14050.0,900.0,323000.0
96,2021-10-20 07:04:46,14050.0,100.0,322100.0
97,2021-10-20 07:04:46,14050.0,2000.0,322000.0
98,2021-10-20 07:01:38,14050.0,1000.0,320000.0
99,2021-10-20 07:01:38,14050.0,2000.0,319000.0
100,2021-10-20 07:01:08,14050.0,200.0,317000.0
101,2021-10-20 06:59:45,14000.0,2300.0,316800.0
102,2021-10-20 06:59:45,14000.0,1700.0,314500.0
103,2021-10-20 06:59:45,14000.0,1000.0,312800.0
104,2021-10-20 06:59:45,14000.0,100.0,311800.0
105,2021-10-20 06:59:45,14000.0,500.0,311700.0
106,2021-10-20 06:59:45,14000.0,200.0,311200.0
107,2021-10-20 06:59:45,14000.0,1000.0,311000.0
108,2021-10-20 06:59:45,14000.0,200.0,310000.0
109,2021-10-20 06:59:45,14000.0,3000.0,309800.0
110,2021-10-20 06:58:17,14050.0,2000.0,306800.0
111,2021-10-20 06:57:46,14050.0,3000.0,304800.0
112,2021-10-20 06:56:40,14050.0,5000.0,301800.0
113,2021-10-20 06:52:54,14000.0,700.0,296800.0
114,2021-10-20 06:52:06,14000.0,6300.0,296100.0
115,2021-10-20 06:52:06,14000.0,1000.0,289800.0
116,2021-10-20 06:51:21,14000.0,5000.0,288800.0
117,2021-10-20 06:51:15,14000.0,100.0,283800.0
118,2021-10-20 06:50:52,14000.0,3900.0,283700.0
119,2021-10-20 06:50:52,14000.0,200.0,279800.0
120,2021-10-20 06:50:52,14000.0,200.0,279600.0
121,2021-10-20 06:47:19,14000.0,300.0,279400.0
122,2021-10-20 06:45:16,14000.0,300.0,279100.0
123,2021-10-20 06:45:07,14000.0,400.0,278800.0
124,2021-10-20 06:44:35,14000.0,600.0,278400.0
125,2021-10-20 06:44:33,14000.0,100.0,277800.0
126,2021-10-20 06:44:33,14000.0,500.0,277700.0
127,2021-10-20 06:44:33,14000.0,100.0,277200.0
128,2021-10-20 06:44:33,14000.0,200.0,277100.0
129,2021-10-20 06:44:33,14000.0,500.0,276900.0
130,2021-10-20 06:42:16,14050.0,100.0,276400.0
131,2021-10-20 06:40:21,14000.0,100.0,276300.0
132,2021-10-20 06:40:21,14000.0,5000.0,276200.0
133,2021-10-20 06:40:21,14000.0,3100.0,271200.0
134,2021-10-20 06:40:21,14000.0,6400.0,268100.0
135,2021-10-20 06:39:44,14000.0,100.0,261700.0
136,2021-10-20 06:38:47,14000.0,1700.0,261600.0
137,2021-10-20 06:36:27,14000.0,3000.0,259900.0
138,2021-10-20 06:36:27,14000.0,1400.0,256900.0
139,2021-10-20 06:36:27,14000.0,5000.0,255500.0
140,2021-10-20 06:36:27,14000.0,1000.0,250500.0
141,2021-10-20 06:36:27,14000.0,100.0,249500.0
142,2021-10-20 06:36:27,14000.0,1000.0,249400.0
143,2021-10-20 06:36:27,14000.0,500.0,248400.0
144,2021-10-20 06:36:27,14000.0,1000.0,247900.0
145,2021-10-20 06:36:27,14000.0,1400.0,246900.0
146,2021-10-20 06:36:27,14000.0,2000.0,245500.0
147,2021-10-20 06:36:27,14000.0,500.0,243500.0
148,2021-10-20 06:36:27,14000.0,500.0,243000.0
149,2021-10-20 06:36:27,14000.0,1000.0,242500.0
150,2021-10-20 06:36:27,14000.0,600.0,241500.0
151,2021-10-20 06:36:27,14000.0,500.0,240900.0
152,2021-10-20 06:36:27,14000.0,2000.0,240400.0
153,2021-10-20 06:36:27,14000.0,300.0,238400.0
154,2021-10-20 06:35:52,14050.0,3000.0,238100.0
155,2021-10-20 06:35:52,14050.0,1000.0,235100.0
156,2021-10-20 06:35:52,14050.0,5000.0,234100.0
157,2021-10-20 06:35:52,14050.0,3700.0,229100.0
158,2021-10-20 06:34:28,14100.0,500.0,225400.0
159,2021-10-20 06:32:55,14100.0,1000.0,224900.0
160,2021-10-20 06:31:59,14050.0,1300.0,223900.0
161,2021-10-20 06:31:53,14100.0,1000.0,222600.0
162,2021-10-20 06:31:02,14100.0,200.0,221600.0
163,2021-10-20 06:30:22,14100.0,1700.0,221400.0
164,2021-10-20 06:30:22,14100.0,2000.0,219700.0
165,2021-10-20 06:30:22,14100.0,800.0,217700.0
166,2021-10-20 06:30:22,14100.0,500.0,216900.0
167,2021-10-20 06:27:54,14150.0,1000.0,216400.0
168,2021-10-20 06:27:16,14100.0,1000.0,215400.0
169,2021-10-20 06:27:03,14100.0,1000.0,214400.0
170,2021-10-20 06:26:47,14100.0,100.0,213400.0
171,2021-10-20 06:26:06,14100.0,4900.0,213300.0
172,2021-10-20 06:25:57,14100.0,1800.0,208400.0
173,2021-10-20 06:24:10,14100.0,700.0,206600.0
174,2021-10-20 06:24:10,14100.0,500.0,205900.0
175,2021-10-20 06:23:48,14100.0,2500.0,205400.0
176,2021-10-20 06:19:55,14150.0,100.0,202900.0
177,2021-10-20 06:18:42,14050.0,100.0,202800.0
178,2021-10-20 06:18:42,14050.0,1000.0,202700.0
179,2021-10-20 06:17:18,14100.0,900.0,201700.0
180,2021-10-20 06:17:01,14100.0,100.0,200800.0
181,2021-10-20 06:17:01,14100.0,600.0,200700.0
182,2021-10-20 06:16:08,14100.0,500.0,200100.0
183,2021-10-20 06:13:17,14100.0,1500.0,199600.0
184,2021-10-20 06:12:56,14100.0,5000.0,198100.0
185,2021-10-20 06:10:00,14100.0,200.0,193100.0
186,2021-10-20 06:09:53,14100.0,100.0,192900.0
187,2021-10-20 06:09:45,14100.0,100.0,192800.0
188,2021-10-20 06:09:32,14100.0,200.0,192700.0
189,2021-10-20 06:09:22,14100.0,300.0,192500.0
190,2021-10-20 06:07:42,14100.0,2700.0,192200.0
191,2021-10-20 06:07:25,14100.0,100.0,189500.0
192,2021-10-20 06:04:30,14100.0,1200.0,189400.0
193,2021-10-20 06:02:51,14100.0,600.0,188200.0
194,2021-10-20 06:02:51,14100.0,1900.0,187600.0
195,2021-10-20 06:01:57,14100.0,10100.0,185700.0
196,2021-10-20 06:01:31,14100.0,1200.0,175600.0
197,2021-10-20 06:00:40,14100.0,2000.0,174400.0
198,2021-10-20 06:00:40,14100.0,1000.0,172400.0
199,2021-10-20 06:00:40,14100.0,700.0,171400.0
200,2021-10-20 06:00:20,14100.0,300.0,170700.0
201,2021-10-20 06:00:20,14100.0,200.0,170400.0
202,2021-10-20 06:00:06,14100.0,500.0,170200.0
203,2021-10-20 04:28:09,14100.0,100.0,169700.0
204,2021-10-20 04:27:39,14150.0,7000.0,169600.0
205,2021-10-20 04:27:39,14150.0,2100.0,162600.0
206,2021-10-20 04:25:49,14150.0,3000.0,160500.0
207,2021-10-20 04:24:09,14100.0,200.0,157500.0
208,2021-10-20 04:18:53,14100.0,200.0,157300.0
209,2021-10-20 04:18:53,14100.0,1000.0,157100.0
210,2021-10-20 04:16:43,14100.0,100.0,156100.0
211,2021-10-20 04:16:15,14100.0,4500.0,156000.0
212,2021-10-20 04:16:15,14100.0,500.0,151500.0
213,2021-10-20 04:08:30,14100.0,500.0,151000.0
214,2021-10-20 04:05:12,14100.0,2000.0,150500.0
215,2021-10-20 04:05:12,14100.0,1000.0,148500.0
216,2021-10-20 04:05:12,14100.0,800.0,147500.0
217,2021-10-20 04:05:12,14100.0,200.0,146700.0
218,2021-10-20 04:05:12,14100.0,100.0,146500.0
219,2021-10-20 04:05:12,14100.0,700.0,146400.0
220,2021-10-20 03:57:51,14000.0,700.0,145700.0
221,2021-10-20 03:57:51,14000.0,300.0,145000.0
222,2021-10-20 03:57:51,14000.0,500.0,144700.0
223,2021-10-20 03:53:34,14000.0,100.0,144200.0
224,2021-10-20 03:53:32,14000.0,300.0,144100.0
225,2021-10-20 03:53:09,14000.0,2000.0,143800.0
226,2021-10-20 03:50:07,14000.0,100.0,141800.0
227,2021-10-20 03:50:07,14000.0,300.0,141700.0
228,2021-10-20 03:49:50,14000.0,1700.0,141400.0
229,2021-10-20 03:49:50,14000.0,700.0,139700.0
230,2021-10-20 03:49:21,14050.0,600.0,139000.0
231,2021-10-20 03:49:10,14050.0,300.0,138400.0
232,2021-10-20 03:49:10,14050.0,100.0,138100.0
233,2021-10-20 03:48:22,14100.0,100.0,138000.0
234,2021-10-20 03:46:32,14100.0,100.0,137900.0
235,2021-10-20 03:46:32,14100.0,2100.0,137800.0
236,2021-10-20 03:46:32,14100.0,2900.0,135700.0
237,2021-10-20 03:46:32,14100.0,2000.0,132800.0
238,2021-10-20 03:46:32,14100.0,2100.0,130800.0
239,2021-10-20 03:37:29,14100.0,1000.0,128700.0
240,2021-10-20 03:36:31,14100.0,200.0,127700.0
241,2021-10-20 03:34:18,14100.0,1000.0,127500.0
242,2021-10-20 03:32:01,14150.0,500.0,126500.0
243,2021-10-20 03:31:41,14150.0,3100.0,126000.0
244,2021-10-20 03:31:20,14150.0,1100.0,122900.0
245,2021-10-20 03:31:20,14150.0,200.0,121800.0
246,2021-10-20 03:29:14,14200.0,300.0,121600.0
247,2021-10-20 03:29:14,14200.0,300.0,121300.0
248,2021-10-20 03:29:14,14200.0,1000.0,121000.0
249,2021-10-20 03:28:45,14200.0,2000.0,120000.0
250,2021-10-20 03:28:45,14200.0,400.0,118000.0
251,2021-10-20 03:26:52,14150.0,10000.0,117600.0
252,2021-10-20 03:26:52,14150.0,9800.0,107600.0
253,2021-10-20 03:26:36,14100.0,100.0,97800.0
254,2021-10-20 03:26:24,14100.0,1000.0,97700.0
255,2021-10-20 03:24:34,14150.0,2000.0,96700.0
256,2021-10-20 03:24:14,14150.0,2300.0,94700.0
257,2021-10-20 03:24:14,14150.0,900.0,92400.0
258,2021-10-20 03:23:23,14150.0,1000.0,91500.0
259,2021-10-20 03:21:22,14150.0,100.0,90500.0
260,2021-10-20 03:21:22,14150.0,400.0,90400.0
261,2021-10-20 03:21:20,14150.0,1600.0,90000.0
262,2021-10-20 03:18:33,14000.0,300.0,88400.0
263,2021-10-20 03:18:33,14000.0,100.0,88100.0
264,2021-10-20 03:18:33,14000.0,100.0,88000.0
265,2021-10-20 03:18:33,14000.0,1500.0,87900.0
266,2021-10-20 03:15:58,14150.0,400.0,86400.0
267,2021-10-20 03:15:58,14150.0,200.0,86000.0
268,2021-10-20 03:15:01,14000.0,3500.0,85800.0
269,2021-10-20 03:14:47,14000.0,1000.0,82300.0
270,2021-10-20 03:14:47,14000.0,500.0,81300.0
271,2021-10-20 03:14:06,14000.0,500.0,80800.0
272,2021-10-20 03:14:06,14000.0,1000.0,80300.0
273,2021-10-20 03:14:06,14000.0,500.0,79300.0
274,2021-10-20 03:13:49,14000.0,200.0,78800.0
275,2021-10-20 03:12:50,14000.0,1000.0,78600.0
276,2021-10-20 03:12:08,14000.0,300.0,77600.0
277,2021-10-20 03:11:52,14000.0,100.0,77300.0
278,2021-10-20 03:11:44,14000.0,200.0,77200.0
279,2021-10-20 03:11:44,14000.0,600.0,77000.0
280,2021-10-20 03:11:44,14000.0,300.0,76400.0
281,2021-10-20 03:11:44,14000.0,500.0,76100.0
282,2021-10-20 03:09:58,14000.0,1500.0,75600.0
283,2021-10-20 03:09:58,14000.0,500.0,74100.0
284,2021-10-20 03:08:10,14000.0,100.0,73600.0
285,2021-10-20 03:07:09,14000.0,2000.0,73500.0
286,2021-10-20 03:06:20,14000.0,200.0,71500.0
287,2021-10-20 03:06:20,14000.0,1000.0,71300.0
288,2021-10-20 03:06:20,14000.0,800.0,70300.0
289,2021-10-20 03:05:06,14000.0,1200.0,69500.0
290,2021-10-20 03:05:06,14000.0,800.0,68300.0
291,2021-10-20 03:03:53,14000.0,1200.0,67500.0
292,2021-10-20 03:03:46,14000.0,2000.0,66300.0
293,2021-10-20 03:03:46,14000.0,100.0,64300.0
294,2021-10-20 03:03:46,14000.0,700.0,64200.0
295,2021-10-20 03:03:30,14000.0,2300.0,63500.0
296,2021-10-20 03:03:30,14000.0,200.0,61200.0
297,2021-10-20 03:03:30,14100.0,500.0,61000.0
298,2021-10-20 03:02:49,14100.0,400.0,60500.0
299,2021-10-20 03:02:49,14100.0,100.0,60100.0
300,2021-10-20 03:01:23,14000.0,100.0,60000.0
301,2021-10-20 03:01:23,14000.0,1900.0,59900.0
302,2021-10-20 02:58:49,14000.0,5100.0,58000.0
303,2021-10-20 02:58:37,14000.0,400.0,52900.0
304,2021-10-20 02:58:37,14000.0,100.0,52500.0
305,2021-10-20 02:58:37,14000.0,1000.0,52400.0
306,2021-10-20 02:58:37,14000.0,200.0,51400.0
307,2021-10-20 02:58:37,14000.0,1200.0,51200.0
308,2021-10-20 02:56:50,14000.0,400.0,50000.0
309,2021-10-20 02:55:46,14000.0,1400.0,49600.0
310,2021-10-20 02:55:46,14000.0,200.0,48200.0
311,2021-10-20 02:55:46,14000.0,2000.0,48000.0
312,2021-10-20 02:55:46,14000.0,1200.0,46000.0
313,2021-10-20 02:55:46,14000.0,200.0,44800.0
314,2021-10-20 02:51:06,14000.0,200.0,44600.0
315,2021-10-20 02:51:06,14000.0,2000.0,44400.0
316,2021-10-20 02:51:06,14000.0,800.0,42400.0
317,2021-10-20 02:50:45,14000.0,100.0,41600.0
318,2021-10-20 02:48:15,14000.0,2100.0,41500.0
319,2021-10-20 02:47:55,14000.0,1900.0,39400.0
320,2021-10-20 02:45:32,14000.0,100.0,37500.0
321,2021-10-20 02:45:32,14000.0,200.0,37400.0
322,2021-10-20 02:45:32,14000.0,100.0,37200.0
323,2021-10-20 02:45:32,14000.0,100.0,37100.0
324,2021-10-20 02:44:45,14000.0,400.0,37000.0
325,2021-10-20 02:44:45,14000.0,400.0,36600.0
326,2021-10-20 02:44:45,14100.0,200.0,36200.0
327,2021-10-20 02:44:45,14100.0,2000.0,36000.0
328,2021-10-20 02:40:37,14200.0,200.0,34000.0
329,2021-10-20 02:40:35,14000.0,100.0,33800.0
330,2021-10-20 02:40:35,14000.0,600.0,33700.0
331,2021-10-20 02:40:35,14050.0,1000.0,33100.0
332,2021-10-20 02:40:35,14150.0,100.0,32100.0
333,2021-10-20 02:40:35,14150.0,100.0,32000.0
334,2021-10-20 02:40:35,14150.0,100.0,31900.0
335,2021-10-20 02:40:35,14150.0,2000.0,31800.0
336,2021-10-20 02:40:35,14150.0,3000.0,29800.0
337,2021-10-20 02:39:18,14200.0,800.0,26800.0
338,2021-10-20 02:39:18,14200.0,600.0,26000.0
339,2021-10-20 02:39:18,14200.0,1000.0,25400.0
340,2021-10-20 02:37:43,14200.0,500.0,24400.0
341,2021-10-20 02:37:42,14200.0,1000.0,23900.0
342,2021-10-20 02:35:31,14200.0,200.0,22900.0
343,2021-10-20 02:35:31,14200.0,2300.0,22700.0
344,2021-10-20 02:35:31,14200.0,1000.0,20400.0
345,2021-10-20 02:35:31,14200.0,4000.0,19400.0
346,2021-10-20 02:33:37,14150.0,300.0,15400.0
347,2021-10-20 02:32:10,14150.0,900.0,15100.0
348,2021-10-20 02:26:22,14150.0,500.0,14200.0
349,2021-10-20 02:26:22,14150.0,2000.0,13700.0
350,2021-10-20 02:26:22,14150.0,1200.0,11700.0
351,2021-10-20 02:26:22,14150.0,2000.0,10500.0
352,2021-10-20 02:26:22,14150.0,200.0,8500.0
353,2021-10-20 02:22:04,14150.0,500.0,8300.0
354,2021-10-20 02:21:50,14150.0,300.0,7800.0
355,2021-10-20 02:21:50,14150.0,2700.0,7500.0
356,2021-10-20 02:19:15,14150.0,500.0,4800.0
357,2021-10-20 02:16:01,14000.0,900.0,4300.0
358,2021-10-20 02:15:01,14000.0,800.0,3400.0
359,2021-10-20 02:15:01,14000.0,1500.0,2600.0
360,2021-10-20 02:15:01,14000.0,500.0,1100.0
361,2021-10-20 02:15:01,14000.0,500.0,600.0
362,2021-10-20 02:15:01,14000.0,100.0,100.0
