,Time,Price,Volume_per_trade,Volume
0,2021-10-05 07:45:00,14100.0,2000.0,325700.0
1,2021-10-05 07:45:00,14100.0,1100.0,323700.0
2,2021-10-05 07:29:07,14100.0,300.0,322600.0
3,2021-10-05 07:27:33,14100.0,100.0,322300.0
4,2021-10-05 07:27:33,14100.0,200.0,322200.0
5,2021-10-05 07:24:02,14100.0,300.0,322000.0
6,2021-10-05 07:16:30,14100.0,500.0,321700.0
7,2021-10-05 07:16:30,14100.0,300.0,321200.0
8,2021-10-05 07:13:22,14100.0,500.0,320900.0
9,2021-10-05 07:13:22,14100.0,100.0,320400.0
10,2021-10-05 07:13:22,14100.0,1000.0,320300.0
11,2021-10-05 07:13:22,14100.0,200.0,319300.0
12,2021-10-05 07:13:22,14100.0,700.0,319100.0
13,2021-10-05 07:12:14,14100.0,300.0,318400.0
14,2021-10-05 07:12:14,14100.0,100.0,318100.0
15,2021-10-05 07:11:39,14100.0,400.0,318000.0
16,2021-10-05 07:05:55,14100.0,200.0,317600.0
17,2021-10-05 07:04:26,14100.0,100.0,317400.0
18,2021-10-05 07:03:24,14100.0,200.0,317300.0
19,2021-10-05 07:00:29,14100.0,100.0,317100.0
20,2021-10-05 06:48:11,14100.0,100.0,317000.0
21,2021-10-05 06:39:27,14100.0,100.0,316900.0
22,2021-10-05 06:39:08,14100.0,500.0,316800.0
23,2021-10-05 06:37:50,14100.0,200.0,316300.0
24,2021-10-05 06:37:50,14100.0,300.0,316100.0
25,2021-10-05 06:35:49,14100.0,200.0,315800.0
26,2021-10-05 06:33:07,14100.0,200.0,315600.0
27,2021-10-05 06:29:54,14100.0,200.0,315400.0
28,2021-10-05 06:24:11,14100.0,200.0,315200.0
29,2021-10-05 06:21:26,14100.0,100.0,315000.0
30,2021-10-05 06:18:40,14100.0,300.0,314900.0
31,2021-10-05 06:18:30,14100.0,100.0,314600.0
32,2021-10-05 06:14:24,14100.0,200.0,314500.0
33,2021-10-05 06:09:59,14100.0,100.0,314300.0
34,2021-10-05 06:09:01,14100.0,300.0,314200.0
35,2021-10-05 06:08:53,14100.0,500.0,313900.0
36,2021-10-05 06:08:47,14100.0,100.0,313400.0
37,2021-10-05 06:07:52,14100.0,400.0,313300.0
38,2021-10-05 06:06:55,14100.0,100.0,312900.0
39,2021-10-05 06:04:45,14100.0,200.0,312800.0
40,2021-10-05 06:03:50,14100.0,100.0,312600.0
41,2021-10-05 06:00:01,14100.0,400.0,312500.0
42,2021-10-05 06:00:01,14100.0,400.0,312100.0
43,2021-10-05 06:00:01,14100.0,600.0,311700.0
44,2021-10-05 04:02:48,14100.0,200.0,311100.0
45,2021-10-05 04:02:23,14100.0,2000.0,310900.0
46,2021-10-05 04:02:23,14100.0,100.0,308900.0
47,2021-10-05 04:02:23,14100.0,100.0,308800.0
48,2021-10-05 04:00:22,14100.0,400.0,308700.0
49,2021-10-05 04:00:22,14100.0,600.0,308300.0
50,2021-10-05 03:58:06,14100.0,300.0,307700.0
51,2021-10-05 03:56:18,14100.0,100.0,307400.0
52,2021-10-05 03:53:49,14100.0,100.0,307300.0
53,2021-10-05 03:51:32,14100.0,900.0,307200.0
54,2021-10-05 03:51:32,14100.0,100.0,306300.0
55,2021-10-05 03:47:27,14100.0,100.0,306200.0
56,2021-10-05 03:47:27,14100.0,500.0,306100.0
57,2021-10-05 03:39:40,14100.0,200.0,305600.0
58,2021-10-05 03:39:21,14100.0,500.0,305400.0
59,2021-10-05 03:39:19,14100.0,800.0,304900.0
60,2021-10-05 03:39:19,14100.0,600.0,304100.0
61,2021-10-05 03:39:18,14100.0,100.0,303500.0
62,2021-10-05 03:35:18,14100.0,100.0,303400.0
63,2021-10-05 03:34:53,14100.0,200.0,303300.0
64,2021-10-05 03:33:55,14100.0,500.0,303100.0
65,2021-10-05 03:33:55,14100.0,500.0,302600.0
66,2021-10-05 03:33:04,14100.0,2000.0,302100.0
67,2021-10-05 03:23:25,14100.0,300.0,300100.0
68,2021-10-05 03:23:08,14100.0,200.0,299800.0
69,2021-10-05 03:21:50,14100.0,400.0,299600.0
70,2021-10-05 03:18:49,14100.0,1000.0,299200.0
71,2021-10-05 03:17:24,14100.0,200.0,298200.0
72,2021-10-05 03:15:02,14100.0,200.0,298000.0
73,2021-10-05 03:14:07,14100.0,100.0,297800.0
74,2021-10-05 03:13:56,14100.0,1000.0,297700.0
75,2021-10-05 03:09:33,14100.0,2000.0,296700.0
76,2021-10-05 03:09:23,14100.0,100.0,294700.0
77,2021-10-05 03:06:45,14100.0,200.0,294600.0
78,2021-10-05 03:06:17,14100.0,1500.0,294400.0
79,2021-10-05 03:05:46,14100.0,100.0,292900.0
80,2021-10-05 03:05:38,14100.0,5000.0,292800.0
81,2021-10-05 03:04:19,14100.0,100.0,287800.0
82,2021-10-05 03:00:23,14100.0,200.0,287700.0
83,2021-10-05 02:59:55,14100.0,200.0,287500.0
84,2021-10-05 02:58:23,14100.0,2700.0,287300.0
85,2021-10-05 02:58:23,14100.0,500.0,284600.0
86,2021-10-05 02:58:23,14100.0,3800.0,284100.0
87,2021-10-05 02:57:48,14100.0,200.0,280300.0
88,2021-10-05 02:57:13,14100.0,1000.0,280100.0
89,2021-10-05 02:55:12,14100.0,200.0,279100.0
90,2021-10-05 02:54:24,14100.0,2000.0,278900.0
91,2021-10-05 02:53:22,14100.0,100.0,276900.0
92,2021-10-05 02:53:00,14100.0,400.0,276800.0
93,2021-10-05 02:50:57,14100.0,400.0,276400.0
94,2021-10-05 02:49:48,14100.0,300.0,276000.0
95,2021-10-05 02:49:30,14100.0,200.0,275700.0
96,2021-10-05 02:47:54,14100.0,200.0,275500.0
97,2021-10-05 02:47:49,14100.0,200.0,275300.0
98,2021-10-05 02:47:21,14100.0,1000.0,275100.0
99,2021-10-05 02:46:09,14100.0,200.0,274100.0
100,2021-10-05 02:46:02,14100.0,1000.0,273900.0
101,2021-10-05 02:45:34,14100.0,500.0,272900.0
102,2021-10-05 02:44:41,14100.0,200.0,272400.0
103,2021-10-05 02:44:31,14100.0,600.0,272200.0
104,2021-10-05 02:44:12,14100.0,100.0,271600.0
105,2021-10-05 02:43:40,14100.0,1000.0,271500.0
106,2021-10-05 02:43:34,14100.0,300.0,270500.0
107,2021-10-05 02:43:20,14100.0,300.0,270200.0
108,2021-10-05 02:43:20,14100.0,5800.0,269900.0
109,2021-10-05 02:43:20,14100.0,700.0,264100.0
110,2021-10-05 02:43:20,14100.0,3500.0,263400.0
111,2021-10-05 02:43:10,14100.0,1000.0,259900.0
112,2021-10-05 02:42:53,14100.0,100.0,258900.0
113,2021-10-05 02:42:26,14100.0,100.0,258800.0
114,2021-10-05 02:41:20,14100.0,2000.0,258700.0
115,2021-10-05 02:41:09,14100.0,500.0,256700.0
116,2021-10-05 02:40:42,14100.0,2800.0,256200.0
117,2021-10-05 02:40:42,14100.0,2200.0,253400.0
118,2021-10-05 02:39:28,14100.0,200.0,251200.0
119,2021-10-05 02:36:52,14100.0,400.0,251000.0
120,2021-10-05 02:36:00,14100.0,100.0,250600.0
121,2021-10-05 02:35:27,14100.0,500.0,250500.0
122,2021-10-05 02:33:23,14100.0,1000.0,250000.0
123,2021-10-05 02:33:21,14100.0,1000.0,249000.0
124,2021-10-05 02:33:17,14100.0,1000.0,248000.0
125,2021-10-05 02:33:13,14100.0,300.0,247000.0
126,2021-10-05 02:32:07,14100.0,100.0,246700.0
127,2021-10-05 02:31:24,14100.0,100.0,246600.0
128,2021-10-05 02:30:25,14100.0,300.0,246500.0
129,2021-10-05 02:30:18,14100.0,500.0,246200.0
130,2021-10-05 02:29:41,14100.0,500.0,245700.0
131,2021-10-05 02:29:38,14100.0,1800.0,245200.0
132,2021-10-05 02:29:38,14100.0,500.0,243400.0
133,2021-10-05 02:29:38,14100.0,2000.0,242900.0
134,2021-10-05 02:29:38,14100.0,1000.0,240900.0
135,2021-10-05 02:29:38,14100.0,3000.0,239900.0
136,2021-10-05 02:29:38,14100.0,1700.0,236900.0
137,2021-10-05 02:29:33,14100.0,100.0,235200.0
138,2021-10-05 02:28:34,14100.0,400.0,235100.0
139,2021-10-05 02:28:29,14100.0,600.0,234700.0
140,2021-10-05 02:28:04,14100.0,100.0,234100.0
141,2021-10-05 02:27:55,14100.0,100.0,234000.0
142,2021-10-05 02:27:42,14100.0,100.0,233900.0
143,2021-10-05 02:26:59,14100.0,500.0,233800.0
144,2021-10-05 02:24:55,14100.0,400.0,233300.0
145,2021-10-05 02:24:24,14100.0,100.0,232900.0
146,2021-10-05 02:24:19,14100.0,500.0,232800.0
147,2021-10-05 02:24:16,14100.0,500.0,232300.0
148,2021-10-05 02:23:47,14100.0,300.0,231800.0
149,2021-10-05 02:23:32,14100.0,1000.0,231500.0
150,2021-10-05 02:23:12,14100.0,1000.0,230500.0
151,2021-10-05 02:23:11,14100.0,100.0,229500.0
152,2021-10-05 02:22:55,14100.0,100.0,229400.0
153,2021-10-05 02:22:52,14100.0,2400.0,229300.0
154,2021-10-05 02:22:52,14100.0,2600.0,226900.0
155,2021-10-05 02:22:43,14100.0,100.0,224300.0
156,2021-10-05 02:22:00,14100.0,1000.0,224200.0
157,2021-10-05 02:21:53,14100.0,300.0,223200.0
158,2021-10-05 02:21:53,14100.0,1700.0,222900.0
159,2021-10-05 02:21:45,14100.0,300.0,221200.0
160,2021-10-05 02:21:45,14100.0,200.0,220900.0
161,2021-10-05 02:21:45,14100.0,300.0,220700.0
162,2021-10-05 02:21:16,14100.0,500.0,220400.0
163,2021-10-05 02:19:52,14100.0,200.0,219900.0
164,2021-10-05 02:19:50,14100.0,1500.0,219700.0
165,2021-10-05 02:19:46,14100.0,200.0,218200.0
166,2021-10-05 02:19:31,14100.0,100.0,218000.0
167,2021-10-05 02:18:38,14100.0,500.0,217900.0
168,2021-10-05 02:18:17,14100.0,500.0,217400.0
169,2021-10-05 02:18:17,14100.0,100.0,216900.0
170,2021-10-05 02:17:50,14100.0,1500.0,216800.0
171,2021-10-05 02:17:34,14100.0,400.0,215300.0
172,2021-10-05 02:17:07,14100.0,500.0,214900.0
173,2021-10-05 02:16:53,14100.0,300.0,214400.0
174,2021-10-05 02:16:46,14100.0,2000.0,214100.0
175,2021-10-05 02:16:31,14100.0,300.0,212100.0
176,2021-10-05 02:16:30,14100.0,100.0,211800.0
177,2021-10-05 02:16:22,14100.0,500.0,211700.0
178,2021-10-05 02:16:21,14100.0,500.0,211200.0
179,2021-10-05 02:16:21,14100.0,500.0,210700.0
180,2021-10-05 02:15:43,14100.0,100.0,210200.0
181,2021-10-05 02:15:31,14100.0,400.0,210100.0
182,2021-10-05 02:15:31,14100.0,500.0,209700.0
183,2021-10-05 02:15:31,14100.0,100.0,209200.0
184,2021-10-05 02:15:06,14100.0,400.0,209100.0
185,2021-10-05 02:15:06,14100.0,400.0,208700.0
186,2021-10-05 02:15:05,14100.0,400.0,208300.0
187,2021-10-05 02:15:05,14100.0,100.0,207900.0
188,2021-10-05 02:15:00,14100.0,400.0,207800.0
189,2021-10-05 02:15:00,14100.0,100.0,207400.0
190,2021-10-05 02:15:00,14100.0,400.0,207300.0
191,2021-10-05 02:15:00,14100.0,800.0,206900.0
192,2021-10-05 02:15:00,14100.0,100.0,206100.0
193,2021-10-05 02:15:00,14100.0,100.0,206000.0
194,2021-10-05 02:15:00,14100.0,400.0,205900.0
195,2021-10-05 02:15:00,14100.0,200.0,205500.0
196,2021-10-05 02:15:00,14100.0,1000.0,205300.0
197,2021-10-05 02:15:00,14100.0,500.0,204300.0
198,2021-10-05 02:15:00,14100.0,900.0,203800.0
199,2021-10-05 02:15:00,14100.0,100.0,202900.0
200,2021-10-05 02:15:00,14100.0,1000.0,202800.0
201,2021-10-05 02:15:00,14100.0,300.0,201800.0
202,2021-10-05 02:15:00,14100.0,200.0,201500.0
203,2021-10-05 02:15:00,14100.0,1100.0,201300.0
204,2021-10-05 02:15:00,14100.0,200.0,200200.0
205,2021-10-05 02:15:00,14100.0,1700.0,200000.0
206,2021-10-05 02:15:00,14100.0,1000.0,198300.0
207,2021-10-05 02:15:00,14100.0,200.0,197300.0
208,2021-10-05 02:15:00,14100.0,100.0,197100.0
209,2021-10-05 02:15:00,14100.0,2000.0,197000.0
210,2021-10-05 02:15:00,14100.0,1000.0,195000.0
211,2021-10-05 02:15:00,14100.0,500.0,194000.0
212,2021-10-05 02:15:00,14100.0,500.0,193500.0
213,2021-10-05 02:15:00,14100.0,800.0,193000.0
214,2021-10-05 02:15:00,14100.0,700.0,192200.0
215,2021-10-05 02:15:00,14100.0,200.0,191500.0
216,2021-10-05 02:15:00,14100.0,100.0,191300.0
217,2021-10-05 02:15:00,14100.0,200.0,191200.0
218,2021-10-05 02:15:00,14100.0,200.0,191000.0
219,2021-10-05 02:15:00,14100.0,100.0,190800.0
220,2021-10-05 02:15:00,14100.0,500.0,190700.0
221,2021-10-05 02:15:00,14100.0,100.0,190200.0
222,2021-10-05 02:15:00,14100.0,300.0,190100.0
223,2021-10-05 02:15:00,14100.0,200.0,189800.0
224,2021-10-05 02:15:00,14100.0,800.0,189600.0
225,2021-10-05 02:15:00,14100.0,400.0,188800.0
226,2021-10-05 02:15:00,14100.0,200.0,188400.0
227,2021-10-05 02:15:00,14100.0,100.0,188200.0
228,2021-10-05 02:15:00,14100.0,300.0,188100.0
229,2021-10-05 02:15:00,14100.0,400.0,187800.0
230,2021-10-05 02:15:00,14100.0,800.0,187400.0
231,2021-10-05 02:15:00,14100.0,100.0,186600.0
232,2021-10-05 02:15:00,14100.0,200.0,186500.0
233,2021-10-05 02:15:00,14100.0,100.0,186300.0
234,2021-10-05 02:15:00,14100.0,100.0,186200.0
235,2021-10-05 02:15:00,14100.0,1000.0,186100.0
236,2021-10-05 02:15:00,14100.0,2000.0,185100.0
237,2021-10-05 02:15:00,14100.0,1000.0,183100.0
238,2021-10-05 02:15:00,14100.0,100.0,182100.0
239,2021-10-05 02:15:00,14100.0,800.0,182000.0
240,2021-10-05 02:15:00,14100.0,1000.0,181200.0
241,2021-10-05 02:15:00,14100.0,200.0,180200.0
242,2021-10-05 02:15:00,14100.0,100.0,180000.0
243,2021-10-05 02:15:00,14100.0,700.0,179900.0
244,2021-10-05 02:15:00,14100.0,1300.0,179200.0
245,2021-10-05 02:15:00,14100.0,200.0,177900.0
246,2021-10-05 02:15:00,14100.0,3200.0,177700.0
247,2021-10-05 02:15:00,14100.0,300.0,174500.0
248,2021-10-05 02:15:00,14100.0,5000.0,174200.0
249,2021-10-05 02:15:00,14100.0,1700.0,169200.0
250,2021-10-05 02:15:00,14100.0,300.0,167500.0
251,2021-10-05 02:15:00,14100.0,19400.0,167200.0
252,2021-10-05 02:15:00,14100.0,500.0,147800.0
253,2021-10-05 02:15:00,14100.0,3000.0,147300.0
254,2021-10-05 02:15:00,14100.0,5000.0,144300.0
255,2021-10-05 02:15:00,14100.0,1000.0,139300.0
256,2021-10-05 02:15:00,14100.0,5000.0,138300.0
257,2021-10-05 02:15:00,14100.0,7000.0,133300.0
258,2021-10-05 02:15:00,14100.0,8800.0,126300.0
259,2021-10-05 02:15:00,14100.0,200.0,117500.0
260,2021-10-05 02:15:00,14100.0,1000.0,117300.0
261,2021-10-05 02:15:00,14100.0,300.0,116300.0
262,2021-10-05 02:15:00,14100.0,300.0,116000.0
263,2021-10-05 02:15:00,14100.0,200.0,115700.0
264,2021-10-05 02:15:00,14100.0,2700.0,115500.0
265,2021-10-05 02:15:00,14100.0,100.0,112800.0
266,2021-10-05 02:15:00,14100.0,300.0,112700.0
267,2021-10-05 02:15:00,14100.0,400.0,112400.0
268,2021-10-05 02:15:00,14100.0,200.0,112000.0
269,2021-10-05 02:15:00,14100.0,100.0,111800.0
270,2021-10-05 02:15:00,14100.0,1900.0,111700.0
271,2021-10-05 02:15:00,14100.0,200.0,109800.0
272,2021-10-05 02:15:00,14100.0,1000.0,109600.0
273,2021-10-05 02:15:00,14100.0,6800.0,108600.0
274,2021-10-05 02:15:00,14100.0,5000.0,101800.0
275,2021-10-05 02:15:00,14100.0,2000.0,96800.0
276,2021-10-05 02:15:00,14100.0,1800.0,94800.0
277,2021-10-05 02:15:00,14100.0,300.0,93000.0
278,2021-10-05 02:15:00,14100.0,500.0,92700.0
279,2021-10-05 02:15:00,14100.0,3400.0,92200.0
280,2021-10-05 02:15:00,14100.0,3000.0,88800.0
281,2021-10-05 02:15:00,14100.0,300.0,85800.0
282,2021-10-05 02:15:00,14100.0,900.0,85500.0
283,2021-10-05 02:15:00,14100.0,500.0,84600.0
284,2021-10-05 02:15:00,14100.0,1700.0,84100.0
285,2021-10-05 02:15:00,14100.0,1000.0,82400.0
286,2021-10-05 02:15:00,14100.0,200.0,81400.0
287,2021-10-05 02:15:00,14100.0,2200.0,81200.0
288,2021-10-05 02:15:00,14100.0,400.0,79000.0
289,2021-10-05 02:15:00,14100.0,200.0,78600.0
290,2021-10-05 02:15:00,14100.0,400.0,78400.0
291,2021-10-05 02:15:00,14100.0,400.0,78000.0
292,2021-10-05 02:15:00,14100.0,500.0,77600.0
293,2021-10-05 02:15:00,14100.0,1100.0,77100.0
294,2021-10-05 02:15:00,14100.0,1000.0,76000.0
295,2021-10-05 02:15:00,14100.0,1400.0,75000.0
296,2021-10-05 02:15:00,14100.0,100.0,73600.0
297,2021-10-05 02:15:00,14100.0,100.0,73500.0
298,2021-10-05 02:15:00,14100.0,2900.0,73400.0
299,2021-10-05 02:15:00,14100.0,2100.0,70500.0
300,2021-10-05 02:15:00,14100.0,2000.0,68400.0
301,2021-10-05 02:15:00,14100.0,100.0,66400.0
302,2021-10-05 02:15:00,14100.0,800.0,66300.0
303,2021-10-05 02:15:00,14100.0,500.0,65500.0
304,2021-10-05 02:15:00,14100.0,1000.0,65000.0
305,2021-10-05 02:15:00,14100.0,200.0,64000.0
306,2021-10-05 02:15:00,14100.0,4100.0,63800.0
307,2021-10-05 02:15:00,14100.0,300.0,59700.0
308,2021-10-05 02:15:00,14100.0,100.0,59400.0
309,2021-10-05 02:15:00,14100.0,3000.0,59300.0
310,2021-10-05 02:15:00,14100.0,7000.0,56300.0
311,2021-10-05 02:15:00,14100.0,3000.0,49300.0
312,2021-10-05 02:15:00,14100.0,2000.0,46300.0
313,2021-10-05 02:15:00,14100.0,1000.0,44300.0
314,2021-10-05 02:15:00,14100.0,500.0,43300.0
315,2021-10-05 02:15:00,14100.0,100.0,42800.0
316,2021-10-05 02:15:00,14100.0,1400.0,42700.0
317,2021-10-05 02:15:00,14100.0,100.0,41300.0
318,2021-10-05 02:15:00,14100.0,100.0,41200.0
319,2021-10-05 02:15:00,14100.0,1800.0,41100.0
320,2021-10-05 02:15:00,14100.0,500.0,39300.0
321,2021-10-05 02:15:00,14100.0,2000.0,38800.0
322,2021-10-05 02:15:00,14100.0,1400.0,36800.0
323,2021-10-05 02:15:00,14100.0,3000.0,35400.0
324,2021-10-05 02:15:00,14100.0,1800.0,32400.0
325,2021-10-05 02:15:00,14100.0,1000.0,30600.0
326,2021-10-05 02:15:00,14100.0,800.0,29600.0
327,2021-10-05 02:15:00,14100.0,200.0,28800.0
328,2021-10-05 02:15:00,14100.0,300.0,28600.0
329,2021-10-05 02:15:00,14100.0,100.0,28300.0
330,2021-10-05 02:15:00,14100.0,500.0,28200.0
331,2021-10-05 02:15:00,14100.0,100.0,27700.0
332,2021-10-05 02:15:00,14100.0,300.0,27600.0
333,2021-10-05 02:15:00,14100.0,200.0,27300.0
334,2021-10-05 02:15:00,14100.0,300.0,27100.0
335,2021-10-05 02:15:00,14100.0,4200.0,26800.0
336,2021-10-05 02:15:00,14100.0,500.0,22600.0
337,2021-10-05 02:15:00,14100.0,200.0,22100.0
338,2021-10-05 02:15:00,14100.0,1000.0,21900.0
339,2021-10-05 02:15:00,14100.0,1000.0,20900.0
340,2021-10-05 02:15:00,14100.0,1200.0,19900.0
341,2021-10-05 02:15:00,14100.0,100.0,18700.0
342,2021-10-05 02:15:00,14100.0,100.0,18600.0
343,2021-10-05 02:15:00,14100.0,500.0,18500.0
344,2021-10-05 02:15:00,14100.0,700.0,18000.0
345,2021-10-05 02:15:00,14100.0,300.0,17300.0
346,2021-10-05 02:15:00,14100.0,100.0,17000.0
347,2021-10-05 02:15:00,14100.0,1200.0,16900.0
348,2021-10-05 02:15:00,14100.0,100.0,15700.0
349,2021-10-05 02:15:00,14100.0,1000.0,15600.0
350,2021-10-05 02:15:00,14100.0,200.0,14600.0
351,2021-10-05 02:15:00,14100.0,500.0,14400.0
352,2021-10-05 02:15:00,14100.0,200.0,13900.0
353,2021-10-05 02:15:00,14100.0,200.0,13700.0
354,2021-10-05 02:15:00,14100.0,600.0,13500.0
355,2021-10-05 02:15:00,14100.0,2000.0,12900.0
356,2021-10-05 02:15:00,14100.0,400.0,10900.0
357,2021-10-05 02:15:00,14100.0,600.0,10500.0
358,2021-10-05 02:15:00,14100.0,800.0,9900.0
359,2021-10-05 02:15:00,14100.0,1400.0,9100.0
360,2021-10-05 02:15:00,14100.0,200.0,7700.0
361,2021-10-05 02:15:00,14100.0,1300.0,7500.0
362,2021-10-05 02:15:00,14100.0,700.0,6200.0
363,2021-10-05 02:15:00,14100.0,300.0,5500.0
364,2021-10-05 02:15:00,14100.0,100.0,5200.0
365,2021-10-05 02:15:00,14100.0,100.0,5100.0
366,2021-10-05 02:15:00,14100.0,500.0,5000.0
367,2021-10-05 02:15:00,14100.0,500.0,4500.0
368,2021-10-05 02:15:00,14100.0,400.0,4000.0
369,2021-10-05 02:15:00,14100.0,600.0,3600.0
370,2021-10-05 02:15:00,14100.0,2000.0,3000.0
371,2021-10-05 02:15:00,14100.0,400.0,1000.0
372,2021-10-05 02:15:00,14100.0,500.0,600.0
373,2021-10-05 02:15:00,14100.0,100.0,100.0
