,Time,Price,Volume_per_trade,Volume
0,2021-10-21 07:45:01,14100.0,100.0,284200.0
1,2021-10-21 07:45:01,14100.0,200.0,284100.0
2,2021-10-21 07:45:01,14100.0,400.0,283900.0
3,2021-10-21 07:45:01,14100.0,600.0,283500.0
4,2021-10-21 07:45:01,14100.0,100.0,282900.0
5,2021-10-21 07:45:01,14100.0,300.0,282800.0
6,2021-10-21 07:45:01,14100.0,700.0,282500.0
7,2021-10-21 07:45:01,14100.0,1000.0,281800.0
8,2021-10-21 07:45:01,14100.0,200.0,280800.0
9,2021-10-21 07:45:01,14100.0,100.0,280600.0
10,2021-10-21 07:45:01,14100.0,700.0,280500.0
11,2021-10-21 07:45:01,14100.0,300.0,279800.0
12,2021-10-21 07:26:56,14100.0,3500.0,279500.0
13,2021-10-21 07:26:56,14100.0,500.0,276000.0
14,2021-10-21 07:25:52,14100.0,1500.0,275500.0
15,2021-10-21 07:24:32,14100.0,100.0,274000.0
16,2021-10-21 07:23:48,14100.0,200.0,273900.0
17,2021-10-21 07:23:48,14100.0,10000.0,273700.0
18,2021-10-21 07:23:48,14100.0,200.0,263700.0
19,2021-10-21 07:23:48,14100.0,2500.0,263500.0
20,2021-10-21 07:21:00,14150.0,1000.0,261000.0
21,2021-10-21 07:18:54,14150.0,100.0,260000.0
22,2021-10-21 07:18:24,14150.0,100.0,259900.0
23,2021-10-21 07:18:24,14150.0,5000.0,259800.0
24,2021-10-21 07:18:24,14150.0,100.0,254800.0
25,2021-10-21 07:18:24,14150.0,200.0,254700.0
26,2021-10-21 07:16:10,14150.0,100.0,254500.0
27,2021-10-21 07:14:45,14150.0,1100.0,254400.0
28,2021-10-21 07:13:07,14150.0,800.0,253300.0
29,2021-10-21 07:13:07,14150.0,1000.0,252500.0
30,2021-10-21 07:13:07,14150.0,3200.0,251500.0
31,2021-10-21 07:11:27,14200.0,100.0,248300.0
32,2021-10-21 07:09:35,14200.0,1500.0,248200.0
33,2021-10-21 07:09:35,14200.0,800.0,246700.0
34,2021-10-21 07:08:59,14200.0,500.0,245900.0
35,2021-10-21 07:08:47,14150.0,300.0,245400.0
36,2021-10-21 07:08:28,14150.0,200.0,245100.0
37,2021-10-21 07:06:22,14150.0,300.0,244900.0
38,2021-10-21 07:06:03,14150.0,200.0,244600.0
39,2021-10-21 07:05:41,14200.0,200.0,244400.0
40,2021-10-21 07:05:23,14200.0,1500.0,244200.0
41,2021-10-21 07:00:34,14150.0,1000.0,242700.0
42,2021-10-21 06:58:34,14150.0,2000.0,241700.0
43,2021-10-21 06:58:34,14150.0,2000.0,239700.0
44,2021-10-21 06:58:34,14150.0,100.0,237700.0
45,2021-10-21 06:58:34,14150.0,300.0,237600.0
46,2021-10-21 06:58:34,14150.0,400.0,237300.0
47,2021-10-21 06:54:41,14150.0,700.0,236900.0
48,2021-10-21 06:54:41,14150.0,300.0,236200.0
49,2021-10-21 06:53:19,14150.0,200.0,235900.0
50,2021-10-21 06:53:19,14150.0,200.0,235700.0
51,2021-10-21 06:52:51,14150.0,600.0,235500.0
52,2021-10-21 06:51:45,14150.0,200.0,234900.0
53,2021-10-21 06:47:42,14150.0,100.0,234700.0
54,2021-10-21 06:45:11,14150.0,100.0,234600.0
55,2021-10-21 06:43:18,14100.0,1000.0,234500.0
56,2021-10-21 06:43:18,14100.0,2900.0,233500.0
57,2021-10-21 06:40:48,14100.0,200.0,230600.0
58,2021-10-21 06:39:45,14100.0,100.0,230400.0
59,2021-10-21 06:39:45,14100.0,100.0,230300.0
60,2021-10-21 06:39:45,14100.0,300.0,230200.0
61,2021-10-21 06:39:45,14100.0,100.0,229900.0
62,2021-10-21 06:39:45,14100.0,300.0,229800.0
63,2021-10-21 06:39:45,14100.0,1000.0,229500.0
64,2021-10-21 06:39:13,14050.0,100.0,228500.0
65,2021-10-21 06:38:14,14100.0,10000.0,228400.0
66,2021-10-21 06:33:09,14050.0,5000.0,218400.0
67,2021-10-21 06:32:36,14000.0,200.0,213400.0
68,2021-10-21 06:30:54,14050.0,100.0,213200.0
69,2021-10-21 06:30:21,14050.0,800.0,213100.0
70,2021-10-21 06:30:05,14050.0,100.0,212300.0
71,2021-10-21 06:26:14,14050.0,100.0,212200.0
72,2021-10-21 06:25:55,14000.0,300.0,212100.0
73,2021-10-21 06:25:30,14000.0,400.0,211800.0
74,2021-10-21 06:25:30,14000.0,100.0,211400.0
75,2021-10-21 06:23:25,14050.0,200.0,211300.0
76,2021-10-21 06:23:19,14000.0,300.0,211100.0
77,2021-10-21 06:23:19,14000.0,400.0,210800.0
78,2021-10-21 06:22:12,14000.0,500.0,210400.0
79,2021-10-21 06:20:03,14050.0,600.0,209900.0
80,2021-10-21 06:20:03,14050.0,1000.0,209300.0
81,2021-10-21 06:20:03,14050.0,500.0,208300.0
82,2021-10-21 06:20:03,14050.0,200.0,207800.0
83,2021-10-21 06:20:03,14050.0,1500.0,207600.0
84,2021-10-21 06:19:29,14000.0,600.0,206100.0
85,2021-10-21 06:14:14,14000.0,7000.0,205500.0
86,2021-10-21 06:14:14,14000.0,100.0,198500.0
87,2021-10-21 06:14:14,14000.0,500.0,198400.0
88,2021-10-21 06:14:14,14000.0,100.0,197900.0
89,2021-10-21 06:14:14,14000.0,200.0,197800.0
90,2021-10-21 06:14:14,14000.0,600.0,197600.0
91,2021-10-21 06:09:31,14000.0,100.0,197000.0
92,2021-10-21 06:09:31,14000.0,300.0,196900.0
93,2021-10-21 06:09:26,14000.0,200.0,196600.0
94,2021-10-21 06:09:26,14000.0,800.0,196400.0
95,2021-10-21 06:09:22,14000.0,3000.0,195600.0
96,2021-10-21 06:09:13,14000.0,800.0,192600.0
97,2021-10-21 06:09:05,14000.0,300.0,191800.0
98,2021-10-21 06:08:57,14000.0,100.0,191500.0
99,2021-10-21 06:08:57,14000.0,800.0,191400.0
100,2021-10-21 06:08:48,14000.0,400.0,190600.0
101,2021-10-21 06:08:38,14000.0,200.0,190200.0
102,2021-10-21 06:08:29,14000.0,400.0,190000.0
103,2021-10-21 06:08:18,14000.0,400.0,189600.0
104,2021-10-21 06:08:10,14000.0,200.0,189200.0
105,2021-10-21 06:07:57,14000.0,600.0,189000.0
106,2021-10-21 06:07:46,14000.0,100.0,188400.0
107,2021-10-21 06:01:16,14050.0,100.0,188300.0
108,2021-10-21 06:00:24,14050.0,200.0,188200.0
109,2021-10-21 06:00:24,14050.0,300.0,188000.0
110,2021-10-21 06:00:09,14000.0,200.0,187700.0
111,2021-10-21 04:29:59,14000.0,300.0,187500.0
112,2021-10-21 04:29:59,14000.0,300.0,187200.0
113,2021-10-21 04:25:58,13950.0,700.0,186900.0
114,2021-10-21 04:25:58,13950.0,500.0,186200.0
115,2021-10-21 04:25:58,13950.0,500.0,185700.0
116,2021-10-21 04:25:58,13950.0,1300.0,185200.0
117,2021-10-21 04:23:03,13950.0,100.0,183900.0
118,2021-10-21 04:23:03,13950.0,100.0,183800.0
119,2021-10-21 04:22:52,13950.0,100.0,183700.0
120,2021-10-21 04:22:43,13950.0,500.0,183600.0
121,2021-10-21 04:22:35,13950.0,100.0,183100.0
122,2021-10-21 04:19:39,13950.0,200.0,183000.0
123,2021-10-21 04:19:39,13950.0,200.0,182800.0
124,2021-10-21 04:19:25,13950.0,300.0,182600.0
125,2021-10-21 04:19:25,13950.0,100.0,182300.0
126,2021-10-21 04:19:25,13950.0,100.0,182200.0
127,2021-10-21 04:18:52,14000.0,100.0,182100.0
128,2021-10-21 04:16:07,14000.0,900.0,182000.0
129,2021-10-21 04:16:07,14000.0,1000.0,181100.0
130,2021-10-21 04:16:07,14000.0,1000.0,180100.0
131,2021-10-21 04:16:07,14000.0,200.0,179100.0
132,2021-10-21 04:16:07,14000.0,2000.0,178900.0
133,2021-10-21 04:16:07,14000.0,200.0,176900.0
134,2021-10-21 04:16:07,14000.0,300.0,176700.0
135,2021-10-21 04:16:07,14000.0,1000.0,176400.0
136,2021-10-21 04:15:13,14050.0,100.0,175400.0
137,2021-10-21 04:13:47,14000.0,2500.0,175300.0
138,2021-10-21 04:13:47,14000.0,200.0,172800.0
139,2021-10-21 04:13:47,14000.0,100.0,172600.0
140,2021-10-21 04:13:47,14000.0,2000.0,172500.0
141,2021-10-21 04:13:47,14000.0,100.0,170500.0
142,2021-10-21 04:13:47,14000.0,300.0,170400.0
143,2021-10-21 04:13:47,14000.0,2800.0,170100.0
144,2021-10-21 04:12:34,14000.0,3200.0,167300.0
145,2021-10-21 04:12:34,14000.0,100.0,164100.0
146,2021-10-21 04:12:34,14000.0,1000.0,164000.0
147,2021-10-21 04:12:34,14000.0,700.0,163000.0
148,2021-10-21 04:12:10,14000.0,1300.0,162300.0
149,2021-10-21 04:12:10,14000.0,3700.0,161000.0
150,2021-10-21 04:10:50,14000.0,900.0,157300.0
151,2021-10-21 04:10:50,14000.0,4100.0,156400.0
152,2021-10-21 04:10:05,14050.0,600.0,152300.0
153,2021-10-21 04:10:05,14050.0,100.0,151700.0
154,2021-10-21 04:09:05,14050.0,1000.0,151600.0
155,2021-10-21 04:09:05,14050.0,100.0,150600.0
156,2021-10-21 04:09:05,14050.0,800.0,150500.0
157,2021-10-21 04:06:28,14050.0,100.0,149700.0
158,2021-10-21 04:05:09,14050.0,100.0,149600.0
159,2021-10-21 04:03:22,14050.0,500.0,149500.0
160,2021-10-21 04:03:22,14050.0,4000.0,149000.0
161,2021-10-21 04:03:22,14050.0,200.0,145000.0
162,2021-10-21 04:03:22,14050.0,300.0,144800.0
163,2021-10-21 04:02:54,14050.0,200.0,144500.0
164,2021-10-21 04:02:54,14050.0,4800.0,144300.0
165,2021-10-21 04:02:39,14050.0,2000.0,139500.0
166,2021-10-21 03:59:45,14050.0,6200.0,137500.0
167,2021-10-21 03:59:45,14050.0,400.0,131300.0
168,2021-10-21 03:59:45,14050.0,200.0,130900.0
169,2021-10-21 03:59:45,14050.0,200.0,130700.0
170,2021-10-21 03:59:45,14050.0,1300.0,130500.0
171,2021-10-21 03:59:45,14050.0,1700.0,129200.0
172,2021-10-21 03:57:43,14050.0,100.0,127500.0
173,2021-10-21 03:56:27,14050.0,200.0,127400.0
174,2021-10-21 03:50:51,14050.0,300.0,127200.0
175,2021-10-21 03:50:34,14050.0,100.0,126900.0
176,2021-10-21 03:50:34,14050.0,500.0,126800.0
177,2021-10-21 03:50:34,14050.0,100.0,126300.0
178,2021-10-21 03:50:34,14050.0,1000.0,126200.0
179,2021-10-21 03:46:29,14050.0,1000.0,125200.0
180,2021-10-21 03:46:29,14050.0,2000.0,124200.0
181,2021-10-21 03:43:01,14050.0,100.0,122200.0
182,2021-10-21 03:42:55,14050.0,200.0,122100.0
183,2021-10-21 03:42:55,14050.0,200.0,121900.0
184,2021-10-21 03:42:55,14050.0,200.0,121700.0
185,2021-10-21 03:42:55,14050.0,100.0,121500.0
186,2021-10-21 03:42:55,14050.0,1000.0,121400.0
187,2021-10-21 03:42:55,14050.0,500.0,120400.0
188,2021-10-21 03:42:55,14050.0,1000.0,119900.0
189,2021-10-21 03:42:55,14050.0,100.0,118900.0
190,2021-10-21 03:42:55,14050.0,1700.0,118800.0
191,2021-10-21 03:37:22,14100.0,400.0,117100.0
192,2021-10-21 03:37:22,14100.0,1600.0,116700.0
193,2021-10-21 03:34:35,14100.0,1000.0,115100.0
194,2021-10-21 03:34:15,14100.0,400.0,114100.0
195,2021-10-21 03:34:15,14100.0,600.0,113700.0
196,2021-10-21 03:33:56,14050.0,3200.0,113100.0
197,2021-10-21 03:33:24,14050.0,100.0,109900.0
198,2021-10-21 03:32:50,14050.0,3000.0,109800.0
199,2021-10-21 03:31:36,14100.0,400.0,106800.0
200,2021-10-21 03:31:36,14100.0,600.0,106400.0
201,2021-10-21 03:31:12,14100.0,400.0,105800.0
202,2021-10-21 03:31:12,14100.0,100.0,105400.0
203,2021-10-21 03:27:22,14100.0,100.0,105300.0
204,2021-10-21 03:27:18,14100.0,100.0,105200.0
205,2021-10-21 03:19:51,14050.0,2000.0,105100.0
206,2021-10-21 03:18:44,14050.0,200.0,103100.0
207,2021-10-21 03:18:44,14050.0,400.0,102900.0
208,2021-10-21 03:18:44,14100.0,100.0,102500.0
209,2021-10-21 03:18:33,14100.0,300.0,102400.0
210,2021-10-21 03:18:33,14100.0,700.0,102100.0
211,2021-10-21 03:17:45,14150.0,200.0,101400.0
212,2021-10-21 03:16:35,14100.0,800.0,101200.0
213,2021-10-21 03:16:34,14100.0,200.0,100400.0
214,2021-10-21 03:16:34,14100.0,800.0,100200.0
215,2021-10-21 03:16:34,14100.0,200.0,99400.0
216,2021-10-21 03:15:57,14100.0,300.0,99200.0
217,2021-10-21 03:15:57,14100.0,100.0,98900.0
218,2021-10-21 03:15:18,14100.0,100.0,98800.0
219,2021-10-21 03:15:18,14100.0,200.0,98700.0
220,2021-10-21 03:13:26,14100.0,300.0,98500.0
221,2021-10-21 03:08:36,14100.0,600.0,98200.0
222,2021-10-21 03:08:36,14100.0,400.0,97600.0
223,2021-10-21 03:04:52,14100.0,2000.0,97200.0
224,2021-10-21 03:04:52,14100.0,2600.0,95200.0
225,2021-10-21 03:04:42,14100.0,400.0,92600.0
226,2021-10-21 03:04:42,14100.0,100.0,92200.0
227,2021-10-21 03:04:42,14100.0,500.0,92100.0
228,2021-10-21 03:04:29,14100.0,500.0,91600.0
229,2021-10-21 02:59:05,14150.0,2800.0,91100.0
230,2021-10-21 02:59:05,14150.0,200.0,88300.0
231,2021-10-21 02:56:04,14150.0,300.0,88100.0
232,2021-10-21 02:56:04,14150.0,200.0,87800.0
233,2021-10-21 02:53:26,14100.0,200.0,87600.0
234,2021-10-21 02:53:26,14100.0,300.0,87400.0
235,2021-10-21 02:53:26,14100.0,1000.0,87100.0
236,2021-10-21 02:53:02,14100.0,1000.0,86100.0
237,2021-10-21 02:50:31,14050.0,700.0,85100.0
238,2021-10-21 02:50:31,14050.0,300.0,84400.0
239,2021-10-21 02:46:25,14100.0,500.0,84100.0
240,2021-10-21 02:45:32,14100.0,100.0,83600.0
241,2021-10-21 02:45:32,14100.0,1800.0,83500.0
242,2021-10-21 02:45:32,14100.0,100.0,81700.0
243,2021-10-21 02:45:32,14100.0,100.0,81600.0
244,2021-10-21 02:45:32,14100.0,400.0,81500.0
245,2021-10-21 02:45:29,14100.0,1600.0,81100.0
246,2021-10-21 02:45:29,14100.0,1900.0,79500.0
247,2021-10-21 02:42:59,14100.0,1700.0,77600.0
248,2021-10-21 02:42:59,14200.0,100.0,75900.0
249,2021-10-21 02:42:59,14200.0,200.0,75800.0
250,2021-10-21 02:41:28,14250.0,200.0,75600.0
251,2021-10-21 02:41:27,14200.0,100.0,75400.0
252,2021-10-21 02:39:24,14250.0,500.0,75300.0
253,2021-10-21 02:38:32,14300.0,4000.0,74800.0
254,2021-10-21 02:38:32,14300.0,3400.0,70800.0
255,2021-10-21 02:38:32,14300.0,1600.0,67400.0
256,2021-10-21 02:38:32,14300.0,400.0,65800.0
257,2021-10-21 02:37:42,14300.0,100.0,65400.0
258,2021-10-21 02:37:38,14300.0,100.0,65300.0
259,2021-10-21 02:37:20,14300.0,200.0,65200.0
260,2021-10-21 02:37:00,14300.0,500.0,65000.0
261,2021-10-21 02:36:47,14300.0,200.0,64500.0
262,2021-10-21 02:36:47,14300.0,500.0,64300.0
263,2021-10-21 02:36:47,14300.0,100.0,63800.0
264,2021-10-21 02:36:47,14300.0,500.0,63700.0
265,2021-10-21 02:36:47,14300.0,100.0,63200.0
266,2021-10-21 02:36:47,14300.0,400.0,63100.0
267,2021-10-21 02:36:47,14250.0,400.0,62700.0
268,2021-10-21 02:36:45,14250.0,1600.0,62300.0
269,2021-10-21 02:36:29,14250.0,3000.0,60700.0
270,2021-10-21 02:35:36,14250.0,500.0,57700.0
271,2021-10-21 02:35:36,14250.0,100.0,57200.0
272,2021-10-21 02:35:36,14250.0,1000.0,57100.0
273,2021-10-21 02:35:06,14200.0,100.0,56100.0
274,2021-10-21 02:35:06,14200.0,200.0,56000.0
275,2021-10-21 02:35:06,14200.0,400.0,55800.0
276,2021-10-21 02:34:38,14200.0,200.0,55400.0
277,2021-10-21 02:34:21,14200.0,2400.0,55200.0
278,2021-10-21 02:34:21,14200.0,500.0,52800.0
279,2021-10-21 02:34:21,14200.0,200.0,52300.0
280,2021-10-21 02:34:21,14200.0,1000.0,52100.0
281,2021-10-21 02:34:21,14200.0,1500.0,51100.0
282,2021-10-21 02:34:21,14200.0,500.0,49600.0
283,2021-10-21 02:34:21,14200.0,100.0,49100.0
284,2021-10-21 02:34:21,14150.0,1800.0,49000.0
285,2021-10-21 02:34:19,14150.0,200.0,47200.0
286,2021-10-21 02:34:19,14150.0,1000.0,47000.0
287,2021-10-21 02:33:29,14150.0,500.0,46000.0
288,2021-10-21 02:33:29,14150.0,300.0,45500.0
289,2021-10-21 02:32:56,14150.0,100.0,45200.0
290,2021-10-21 02:31:42,14100.0,100.0,45100.0
291,2021-10-21 02:31:28,14150.0,600.0,45000.0
292,2021-10-21 02:29:55,14100.0,100.0,44400.0
293,2021-10-21 02:26:25,14100.0,3000.0,44300.0
294,2021-10-21 02:25:16,14100.0,1000.0,41300.0
295,2021-10-21 02:25:16,14100.0,400.0,40300.0
296,2021-10-21 02:25:16,14100.0,500.0,39900.0
297,2021-10-21 02:24:33,14000.0,1900.0,39400.0
298,2021-10-21 02:24:33,14000.0,200.0,37500.0
299,2021-10-21 02:24:33,14000.0,500.0,37300.0
300,2021-10-21 02:24:33,14000.0,100.0,36800.0
301,2021-10-21 02:24:33,14000.0,300.0,36700.0
302,2021-10-21 02:24:31,14100.0,1500.0,36400.0
303,2021-10-21 02:24:31,14100.0,500.0,34900.0
304,2021-10-21 02:24:31,14100.0,4000.0,34400.0
305,2021-10-21 02:23:46,14100.0,1000.0,30400.0
306,2021-10-21 02:20:42,14000.0,300.0,29400.0
307,2021-10-21 02:19:28,14000.0,100.0,29100.0
308,2021-10-21 02:19:17,14000.0,200.0,29000.0
309,2021-10-21 02:18:51,13800.0,500.0,28800.0
310,2021-10-21 02:18:51,13800.0,500.0,28300.0
311,2021-10-21 02:18:51,13800.0,1800.0,27800.0
312,2021-10-21 02:18:51,13800.0,500.0,26000.0
313,2021-10-21 02:18:51,13800.0,2000.0,25500.0
314,2021-10-21 02:18:51,13800.0,200.0,23500.0
315,2021-10-21 02:18:51,13850.0,500.0,23300.0
316,2021-10-21 02:18:51,13850.0,2000.0,22800.0
317,2021-10-21 02:18:51,13850.0,200.0,20800.0
318,2021-10-21 02:18:51,13850.0,500.0,20600.0
319,2021-10-21 02:18:51,13850.0,200.0,20100.0
320,2021-10-21 02:18:51,13900.0,100.0,19900.0
321,2021-10-21 02:18:51,13900.0,300.0,19800.0
322,2021-10-21 02:18:51,13900.0,2000.0,19500.0
323,2021-10-21 02:18:51,13900.0,700.0,17500.0
324,2021-10-21 02:18:51,13900.0,2000.0,16800.0
325,2021-10-21 02:18:51,13900.0,1000.0,14800.0
326,2021-10-21 02:18:51,13950.0,3000.0,13800.0
327,2021-10-21 02:15:46,14000.0,10000.0,10800.0
328,2021-10-21 02:15:00,13900.0,100.0,800.0
329,2021-10-21 02:15:00,13900.0,500.0,700.0
330,2021-10-21 02:15:00,13900.0,100.0,200.0
331,2021-10-21 02:15:00,13900.0,100.0,100.0
