,Time,Price,Volume_per_trade,Volume
0,2021-10-17 07:45:01,37750.0,1000.0,4178100.0
1,2021-10-17 07:45:01,37750.0,1100.0,4177100.0
2,2021-10-17 07:45:01,37750.0,1900.0,4176000.0
3,2021-10-17 07:45:01,37750.0,500.0,4174100.0
4,2021-10-17 07:45:01,37750.0,100.0,4173600.0
5,2021-10-17 07:45:01,37750.0,400.0,4173500.0
6,2021-10-17 07:45:01,37750.0,100.0,4173100.0
7,2021-10-17 07:45:01,37750.0,500.0,4173000.0
8,2021-10-17 07:45:01,37750.0,100.0,4172500.0
9,2021-10-17 07:45:01,37750.0,100.0,4172400.0
10,2021-10-17 07:45:01,37750.0,200.0,4172300.0
11,2021-10-17 07:45:01,37750.0,100.0,4172100.0
12,2021-10-17 07:45:01,37750.0,700.0,4172000.0
13,2021-10-17 07:45:01,37750.0,800.0,4171300.0
14,2021-10-17 07:45:01,37750.0,100.0,4170500.0
15,2021-10-17 07:45:01,37750.0,300.0,4170400.0
16,2021-10-17 07:45:01,37750.0,1000.0,4170100.0
17,2021-10-17 07:45:01,37750.0,800.0,4169100.0
18,2021-10-17 07:45:01,37750.0,4000.0,4168300.0
19,2021-10-17 07:45:01,37750.0,200.0,4164300.0
20,2021-10-17 07:45:01,37750.0,100.0,4164100.0
21,2021-10-17 07:45:01,37750.0,100.0,4164000.0
22,2021-10-17 07:45:01,37750.0,400.0,4163900.0
23,2021-10-17 07:45:01,37750.0,400.0,4163500.0
24,2021-10-17 07:45:01,37750.0,300.0,4163100.0
25,2021-10-17 07:45:01,37750.0,100.0,4162800.0
26,2021-10-17 07:45:01,37750.0,400.0,4162700.0
27,2021-10-17 07:45:01,37750.0,100.0,4162300.0
28,2021-10-17 07:45:01,37750.0,200.0,4162200.0
29,2021-10-17 07:45:01,37750.0,100.0,4162000.0
30,2021-10-17 07:45:01,37750.0,500.0,4161900.0
31,2021-10-17 07:45:01,37750.0,100.0,4161400.0
32,2021-10-17 07:45:01,37750.0,100.0,4161300.0
33,2021-10-17 07:45:01,37750.0,300.0,4161200.0
34,2021-10-17 07:45:01,37750.0,200.0,4160900.0
35,2021-10-17 07:45:01,37750.0,100.0,4160700.0
36,2021-10-17 07:45:01,37750.0,300.0,4160600.0
37,2021-10-17 07:45:01,37750.0,100.0,4160300.0
38,2021-10-17 07:45:01,37750.0,100.0,4160200.0
39,2021-10-17 07:45:01,37750.0,1100.0,4160100.0
40,2021-10-17 07:45:01,37750.0,100.0,4159000.0
41,2021-10-17 07:45:01,37750.0,1000.0,4158900.0
42,2021-10-17 07:45:01,37750.0,100.0,4157900.0
43,2021-10-17 07:45:01,37750.0,100.0,4157800.0
44,2021-10-17 07:45:01,37750.0,700.0,4157700.0
45,2021-10-17 07:45:01,37750.0,100.0,4157000.0
46,2021-10-17 07:45:01,37750.0,4200.0,4156900.0
47,2021-10-17 07:45:01,37750.0,7000.0,4152700.0
48,2021-10-17 07:45:01,37750.0,1200.0,4145700.0
49,2021-10-17 07:45:01,37750.0,1000.0,4144500.0
50,2021-10-17 07:45:01,37750.0,300.0,4143500.0
51,2021-10-17 07:45:01,37750.0,700.0,4143200.0
52,2021-10-17 07:45:01,37750.0,200.0,4142500.0
53,2021-10-17 07:45:01,37750.0,500.0,4142300.0
54,2021-10-17 07:45:01,37750.0,4900.0,4141800.0
55,2021-10-17 07:45:01,37750.0,500.0,4136900.0
56,2021-10-17 07:45:01,37750.0,7600.0,4136400.0
57,2021-10-17 07:45:01,37750.0,1000.0,4128800.0
58,2021-10-17 07:45:01,37750.0,1200.0,4127800.0
59,2021-10-17 07:45:01,37750.0,800.0,4126600.0
60,2021-10-17 07:45:01,37750.0,500.0,4125800.0
61,2021-10-17 07:45:01,37750.0,100.0,4125300.0
62,2021-10-17 07:45:01,37750.0,400.0,4125200.0
63,2021-10-17 07:45:01,37750.0,10000.0,4124800.0
64,2021-10-17 07:45:01,37750.0,500.0,4114800.0
65,2021-10-17 07:45:01,37750.0,1500.0,4114300.0
66,2021-10-17 07:45:01,37750.0,300.0,4112800.0
67,2021-10-17 07:45:01,37750.0,6100.0,4112500.0
68,2021-10-17 07:45:01,37750.0,400.0,4106400.0
69,2021-10-17 07:45:01,37750.0,500.0,4106000.0
70,2021-10-17 07:45:01,37750.0,1000.0,4105500.0
71,2021-10-17 07:45:01,37750.0,1000.0,4104500.0
72,2021-10-17 07:45:01,37750.0,100.0,4103500.0
73,2021-10-17 07:45:01,37750.0,900.0,4103400.0
74,2021-10-17 07:45:01,37750.0,3000.0,4102500.0
75,2021-10-17 07:45:01,37750.0,1100.0,4099500.0
76,2021-10-17 07:45:01,37750.0,100.0,4098400.0
77,2021-10-17 07:45:01,37750.0,100.0,4098300.0
78,2021-10-17 07:45:01,37750.0,200.0,4098200.0
79,2021-10-17 07:45:01,37750.0,200.0,4098000.0
80,2021-10-17 07:45:01,37750.0,5000.0,4097800.0
81,2021-10-17 07:45:01,37750.0,800.0,4092800.0
82,2021-10-17 07:45:01,37750.0,3000.0,4092000.0
83,2021-10-17 07:45:01,37750.0,100.0,4089000.0
84,2021-10-17 07:45:01,37750.0,300.0,4088900.0
85,2021-10-17 07:45:01,37750.0,100.0,4088600.0
86,2021-10-17 07:45:01,37750.0,300.0,4088500.0
87,2021-10-17 07:45:01,37750.0,500.0,4088200.0
88,2021-10-17 07:45:01,37750.0,200.0,4087700.0
89,2021-10-17 07:45:01,37750.0,100.0,4087500.0
90,2021-10-17 07:45:01,37750.0,2200.0,4087400.0
91,2021-10-17 07:45:01,37750.0,3000.0,4085200.0
92,2021-10-17 07:45:01,37750.0,1100.0,4082200.0
93,2021-10-17 07:45:01,37750.0,1100.0,4081100.0
94,2021-10-17 07:45:01,37750.0,4000.0,4080000.0
95,2021-10-17 07:45:01,37750.0,2000.0,4076000.0
96,2021-10-17 07:45:01,37750.0,700.0,4074000.0
97,2021-10-17 07:45:01,37750.0,300.0,4073300.0
98,2021-10-17 07:45:01,37750.0,3700.0,4073000.0
99,2021-10-17 07:45:01,37750.0,20000.0,4069300.0
100,2021-10-17 07:45:01,37750.0,1000.0,4049300.0
101,2021-10-17 07:45:01,37750.0,5000.0,4048300.0
102,2021-10-17 07:45:01,37750.0,1000.0,4043300.0
103,2021-10-17 07:45:01,37750.0,8100.0,4042300.0
104,2021-10-17 07:45:01,37750.0,1700.0,4034200.0
105,2021-10-17 07:45:01,37750.0,1800.0,4032500.0
106,2021-10-17 07:45:01,37750.0,100.0,4030700.0
107,2021-10-17 07:45:01,37750.0,200.0,4030600.0
108,2021-10-17 07:45:01,37750.0,5300.0,4030400.0
109,2021-10-17 07:45:01,37750.0,3100.0,4025100.0
110,2021-10-17 07:45:01,37750.0,100.0,4022000.0
111,2021-10-17 07:45:01,37750.0,100.0,4021900.0
112,2021-10-17 07:45:01,37750.0,700.0,4021800.0
113,2021-10-17 07:45:01,37750.0,700.0,4021100.0
114,2021-10-17 07:45:01,37750.0,100.0,4020400.0
115,2021-10-17 07:45:01,37750.0,500.0,4020300.0
116,2021-10-17 07:45:01,37750.0,400.0,4019800.0
117,2021-10-17 07:45:01,37750.0,1000.0,4019400.0
118,2021-10-17 07:45:01,37750.0,1800.0,4018400.0
119,2021-10-17 07:45:01,37750.0,100.0,4016600.0
120,2021-10-17 07:45:01,37750.0,200.0,4016500.0
121,2021-10-17 07:45:01,37750.0,500.0,4016300.0
122,2021-10-17 07:45:01,37750.0,400.0,4015800.0
123,2021-10-17 07:45:01,37750.0,100.0,4015400.0
124,2021-10-17 07:45:01,37750.0,300.0,4015300.0
125,2021-10-17 07:45:01,37750.0,1000.0,4015000.0
126,2021-10-17 07:45:01,37750.0,100.0,4014000.0
127,2021-10-17 07:45:01,37750.0,100.0,4013900.0
128,2021-10-17 07:45:01,37750.0,2000.0,4013800.0
129,2021-10-17 07:45:01,37750.0,2000.0,4011800.0
130,2021-10-17 07:45:01,37750.0,300.0,4009800.0
131,2021-10-17 07:45:01,37750.0,1000.0,4009500.0
132,2021-10-17 07:45:01,37750.0,500.0,4008500.0
133,2021-10-17 07:45:01,37750.0,12700.0,4008000.0
134,2021-10-17 07:45:01,37750.0,1200.0,3995300.0
135,2021-10-17 07:45:01,37750.0,100.0,3994100.0
136,2021-10-17 07:45:01,37750.0,500.0,3994000.0
137,2021-10-17 07:45:01,37750.0,700.0,3993500.0
138,2021-10-17 07:45:01,37750.0,300.0,3992800.0
139,2021-10-17 07:45:01,37750.0,100.0,3992500.0
140,2021-10-17 07:45:01,37750.0,200.0,3992400.0
141,2021-10-17 07:45:01,37750.0,100.0,3992200.0
142,2021-10-17 07:45:01,37750.0,300.0,3992100.0
143,2021-10-17 07:45:01,37750.0,300.0,3991800.0
144,2021-10-17 07:45:01,37750.0,100.0,3991500.0
145,2021-10-17 07:29:55,37650.0,100.0,3991400.0
146,2021-10-17 07:29:47,37650.0,200.0,3991300.0
147,2021-10-17 07:29:38,37650.0,200.0,3991100.0
148,2021-10-17 07:29:38,37650.0,300.0,3990900.0
149,2021-10-17 07:29:38,37650.0,100.0,3990600.0
150,2021-10-17 07:29:38,37650.0,400.0,3990500.0
151,2021-10-17 07:29:38,37650.0,1000.0,3990100.0
152,2021-10-17 07:29:38,37650.0,100.0,3989100.0
153,2021-10-17 07:29:33,37650.0,1000.0,3989000.0
154,2021-10-17 07:29:32,37600.0,500.0,3988000.0
155,2021-10-17 07:29:21,37550.0,2700.0,3987500.0
156,2021-10-17 07:29:21,37600.0,500.0,3984800.0
157,2021-10-17 07:29:13,37600.0,2000.0,3984300.0
158,2021-10-17 07:29:07,37550.0,1000.0,3982300.0
159,2021-10-17 07:29:04,37550.0,1200.0,3981300.0
160,2021-10-17 07:29:04,37600.0,800.0,3980100.0
161,2021-10-17 07:28:59,37600.0,200.0,3979300.0
162,2021-10-17 07:28:59,37600.0,300.0,3979100.0
163,2021-10-17 07:28:59,37600.0,1000.0,3978800.0
164,2021-10-17 07:28:59,37600.0,100.0,3977800.0
165,2021-10-17 07:28:59,37600.0,1000.0,3977700.0
166,2021-10-17 07:28:59,37600.0,5000.0,3976700.0
167,2021-10-17 07:28:59,37600.0,300.0,3971700.0
168,2021-10-17 07:28:59,37600.0,5000.0,3971400.0
169,2021-10-17 07:28:59,37600.0,2000.0,3966400.0
170,2021-10-17 07:28:59,37600.0,100.0,3964400.0
171,2021-10-17 07:28:59,37600.0,1000.0,3964300.0
172,2021-10-17 07:28:59,37600.0,4000.0,3963300.0
173,2021-10-17 07:28:55,37550.0,100.0,3959300.0
174,2021-10-17 07:28:52,37550.0,300.0,3959200.0
175,2021-10-17 07:28:52,37550.0,300.0,3958900.0
176,2021-10-17 07:28:52,37550.0,100.0,3958600.0
177,2021-10-17 07:28:52,37550.0,800.0,3958500.0
178,2021-10-17 07:28:44,37550.0,1000.0,3957700.0
179,2021-10-17 07:28:43,37550.0,100.0,3956700.0
180,2021-10-17 07:28:40,37500.0,200.0,3956600.0
181,2021-10-17 07:28:35,37500.0,500.0,3956400.0
182,2021-10-17 07:28:33,37500.0,100.0,3955900.0
183,2021-10-17 07:28:29,37500.0,300.0,3955800.0
184,2021-10-17 07:28:28,37500.0,400.0,3955500.0
185,2021-10-17 07:28:25,37500.0,100.0,3955100.0
186,2021-10-17 07:28:25,37500.0,100.0,3955000.0
187,2021-10-17 07:28:25,37500.0,300.0,3954900.0
188,2021-10-17 07:28:25,37500.0,2100.0,3954600.0
189,2021-10-17 07:28:23,37500.0,200.0,3952500.0
190,2021-10-17 07:28:12,37500.0,200.0,3952300.0
191,2021-10-17 07:28:09,37500.0,300.0,3952100.0
192,2021-10-17 07:28:07,37450.0,900.0,3951800.0
193,2021-10-17 07:28:07,37450.0,100.0,3950900.0
194,2021-10-17 07:28:07,37450.0,200.0,3950800.0
195,2021-10-17 07:28:07,37450.0,500.0,3950600.0
196,2021-10-17 07:28:06,37500.0,1000.0,3950100.0
197,2021-10-17 07:28:06,37500.0,1500.0,3949100.0
198,2021-10-17 07:28:06,37500.0,100.0,3947600.0
199,2021-10-17 07:28:06,37500.0,400.0,3947500.0
200,2021-10-17 07:28:03,37500.0,200.0,3947100.0
201,2021-10-17 07:28:03,37500.0,300.0,3946900.0
202,2021-10-17 07:28:03,37500.0,1000.0,3946600.0
203,2021-10-17 07:28:03,37500.0,200.0,3945600.0
204,2021-10-17 07:28:02,37500.0,500.0,3945400.0
205,2021-10-17 07:27:43,37500.0,1000.0,3944900.0
206,2021-10-17 07:27:39,37450.0,400.0,3943900.0
207,2021-10-17 07:27:29,37450.0,100.0,3943500.0
208,2021-10-17 07:27:28,37500.0,4300.0,3943400.0
209,2021-10-17 07:27:28,37500.0,100.0,3939100.0
210,2021-10-17 07:27:28,37500.0,500.0,3939000.0
211,2021-10-17 07:27:28,37500.0,100.0,3938500.0
212,2021-10-17 07:27:28,37500.0,1000.0,3938400.0
213,2021-10-17 07:27:28,37500.0,500.0,3937400.0
214,2021-10-17 07:27:28,37500.0,9800.0,3936900.0
215,2021-10-17 07:27:28,37450.0,100.0,3927100.0
216,2021-10-17 07:27:28,37450.0,1000.0,3927000.0
217,2021-10-17 07:27:28,37450.0,2000.0,3926000.0
218,2021-10-17 07:27:28,37450.0,200.0,3924000.0
219,2021-10-17 07:27:28,37450.0,400.0,3923800.0
220,2021-10-17 07:27:25,37400.0,3000.0,3923400.0
221,2021-10-17 07:27:21,37450.0,100.0,3920400.0
222,2021-10-17 07:27:21,37450.0,100.0,3920300.0
223,2021-10-17 07:27:16,37450.0,300.0,3920200.0
224,2021-10-17 07:27:08,37450.0,100.0,3919900.0
225,2021-10-17 07:26:50,37450.0,1000.0,3919800.0
226,2021-10-17 07:26:45,37450.0,500.0,3918800.0
227,2021-10-17 07:26:42,37400.0,100.0,3918300.0
228,2021-10-17 07:26:35,37400.0,200.0,3918200.0
229,2021-10-17 07:26:35,37400.0,700.0,3918000.0
230,2021-10-17 07:26:34,37400.0,100.0,3917300.0
231,2021-10-17 07:26:31,37400.0,100.0,3917200.0
232,2021-10-17 07:26:27,37400.0,100.0,3917100.0
233,2021-10-17 07:26:17,37400.0,500.0,3917000.0
234,2021-10-17 07:26:10,37350.0,200.0,3916500.0
235,2021-10-17 07:26:06,37350.0,3000.0,3916300.0
236,2021-10-17 07:25:57,37350.0,100.0,3913300.0
237,2021-10-17 07:25:51,37350.0,500.0,3913200.0
238,2021-10-17 07:25:50,37500.0,500.0,3912700.0
239,2021-10-17 07:25:50,37450.0,100.0,3912200.0
240,2021-10-17 07:25:50,37450.0,800.0,3912100.0
241,2021-10-17 07:25:50,37450.0,100.0,3911300.0
242,2021-10-17 07:25:50,37450.0,300.0,3911200.0
243,2021-10-17 07:25:50,37450.0,500.0,3910900.0
244,2021-10-17 07:25:50,37400.0,2000.0,3910400.0
245,2021-10-17 07:25:49,37350.0,500.0,3908400.0
246,2021-10-17 07:25:49,37350.0,500.0,3907900.0
247,2021-10-17 07:25:49,37350.0,300.0,3907400.0
248,2021-10-17 07:25:49,37350.0,5000.0,3907100.0
249,2021-10-17 07:25:49,37350.0,1000.0,3902100.0
250,2021-10-17 07:25:49,37350.0,3600.0,3901100.0
251,2021-10-17 07:25:48,37350.0,500.0,3897500.0
252,2021-10-17 07:25:48,37300.0,300.0,3897000.0
253,2021-10-17 07:25:45,37300.0,200.0,3896700.0
254,2021-10-17 07:25:45,37300.0,500.0,3896500.0
255,2021-10-17 07:25:45,37300.0,500.0,3896000.0
256,2021-10-17 07:25:45,37300.0,200.0,3895500.0
257,2021-10-17 07:25:42,37350.0,500.0,3895300.0
258,2021-10-17 07:25:40,37350.0,5400.0,3894800.0
259,2021-10-17 07:25:24,37300.0,200.0,3889400.0
260,2021-10-17 07:25:21,37300.0,100.0,3889200.0
261,2021-10-17 07:25:21,37300.0,300.0,3889100.0
262,2021-10-17 07:25:16,37250.0,1000.0,3888800.0
263,2021-10-17 07:25:15,37300.0,1000.0,3887800.0
264,2021-10-17 07:25:15,37300.0,300.0,3886800.0
265,2021-10-17 07:25:15,37300.0,500.0,3886500.0
266,2021-10-17 07:25:15,37300.0,900.0,3886000.0
267,2021-10-17 07:25:15,37300.0,100.0,3885100.0
268,2021-10-17 07:25:10,37300.0,500.0,3885000.0
269,2021-10-17 07:25:01,37300.0,400.0,3884500.0
270,2021-10-17 07:25:01,37250.0,100.0,3884100.0
271,2021-10-17 07:24:57,37200.0,1000.0,3884000.0
272,2021-10-17 07:24:55,37250.0,3000.0,3883000.0
273,2021-10-17 07:24:49,37250.0,100.0,3880000.0
274,2021-10-17 07:24:44,37250.0,200.0,3879900.0
275,2021-10-17 07:24:39,37200.0,1500.0,3879700.0
276,2021-10-17 07:24:38,37200.0,300.0,3878200.0
277,2021-10-17 07:24:37,37200.0,100.0,3877900.0
278,2021-10-17 07:24:28,37150.0,100.0,3877800.0
279,2021-10-17 07:24:27,37150.0,100.0,3877700.0
280,2021-10-17 07:24:27,37150.0,100.0,3877600.0
281,2021-10-17 07:24:23,37150.0,300.0,3877500.0
282,2021-10-17 07:24:23,37150.0,200.0,3877200.0
283,2021-10-17 07:24:23,37150.0,500.0,3877000.0
284,2021-10-17 07:24:23,37150.0,1000.0,3876500.0
285,2021-10-17 07:24:16,37150.0,100.0,3875500.0
286,2021-10-17 07:24:15,37100.0,200.0,3875400.0
287,2021-10-17 07:24:13,37150.0,400.0,3875200.0
288,2021-10-17 07:24:13,37150.0,100.0,3874800.0
289,2021-10-17 07:23:57,37100.0,1000.0,3874700.0
290,2021-10-17 07:23:56,37100.0,500.0,3873700.0
291,2021-10-17 07:23:56,37100.0,200.0,3873200.0
292,2021-10-17 07:23:56,37100.0,300.0,3873000.0
293,2021-10-17 07:23:56,37100.0,500.0,3872700.0
294,2021-10-17 07:23:55,37100.0,100.0,3872200.0
295,2021-10-17 07:23:54,37100.0,100.0,3872100.0
296,2021-10-17 07:23:54,37100.0,500.0,3872000.0
297,2021-10-17 07:23:40,37100.0,100.0,3871500.0
298,2021-10-17 07:23:36,37000.0,300.0,3871400.0
299,2021-10-17 07:23:36,37000.0,2700.0,3871100.0
300,2021-10-17 07:23:30,37100.0,4000.0,3868400.0
301,2021-10-17 07:23:30,37100.0,100.0,3864400.0
302,2021-10-17 07:23:28,37000.0,1000.0,3864300.0
303,2021-10-17 07:23:25,37000.0,10000.0,3863300.0
304,2021-10-17 07:23:25,37000.0,1000.0,3853300.0
305,2021-10-17 07:23:25,37000.0,1000.0,3852300.0
306,2021-10-17 07:23:25,37000.0,700.0,3851300.0
307,2021-10-17 07:23:25,37000.0,200.0,3850600.0
308,2021-10-17 07:23:25,37000.0,3400.0,3850400.0
309,2021-10-17 07:23:25,37000.0,1600.0,3847000.0
310,2021-10-17 07:23:25,37000.0,3000.0,3845400.0
311,2021-10-17 07:23:25,37000.0,100.0,3842400.0
312,2021-10-17 07:23:25,37000.0,300.0,3842300.0
313,2021-10-17 07:23:25,37000.0,1000.0,3842000.0
314,2021-10-17 07:23:25,37000.0,1000.0,3841000.0
315,2021-10-17 07:23:24,37000.0,300.0,3840000.0
316,2021-10-17 07:23:19,37000.0,200.0,3839700.0
317,2021-10-17 07:23:16,37000.0,100.0,3839500.0
318,2021-10-17 07:23:09,37000.0,600.0,3839400.0
319,2021-10-17 07:23:03,37000.0,100.0,3838800.0
320,2021-10-17 07:23:03,37000.0,100.0,3838700.0
321,2021-10-17 07:23:03,37000.0,800.0,3838600.0
322,2021-10-17 07:22:57,37000.0,200.0,3837800.0
323,2021-10-17 07:22:54,37000.0,100.0,3837600.0
324,2021-10-17 07:22:52,37000.0,100.0,3837500.0
325,2021-10-17 07:22:40,37000.0,100.0,3837400.0
326,2021-10-17 07:22:38,36950.0,1000.0,3837300.0
327,2021-10-17 07:22:29,37000.0,1800.0,3836300.0
328,2021-10-17 07:22:29,37000.0,100.0,3834500.0
329,2021-10-17 07:22:29,37000.0,100.0,3834400.0
330,2021-10-17 07:22:29,37000.0,1000.0,3834300.0
331,2021-10-17 07:22:29,37000.0,100.0,3833300.0
332,2021-10-17 07:22:29,37000.0,800.0,3833200.0
333,2021-10-17 07:22:27,37000.0,200.0,3832400.0
334,2021-10-17 07:22:27,37000.0,300.0,3832200.0
335,2021-10-17 07:22:27,37000.0,100.0,3831900.0
336,2021-10-17 07:22:27,37000.0,1000.0,3831800.0
337,2021-10-17 07:22:27,37000.0,1100.0,3830800.0
338,2021-10-17 07:22:27,37000.0,1500.0,3829700.0
339,2021-10-17 07:22:27,37000.0,100.0,3828200.0
340,2021-10-17 07:22:27,37000.0,200.0,3828100.0
341,2021-10-17 07:22:27,37000.0,200.0,3827900.0
342,2021-10-17 07:22:27,37000.0,100.0,3827700.0
343,2021-10-17 07:22:27,37000.0,200.0,3827600.0
344,2021-10-17 07:22:25,37000.0,1000.0,3827400.0
345,2021-10-17 07:22:24,36950.0,100.0,3826400.0
346,2021-10-17 07:22:24,36950.0,400.0,3826300.0
347,2021-10-17 07:22:20,36950.0,100.0,3825900.0
348,2021-10-17 07:22:16,37000.0,500.0,3825800.0
349,2021-10-17 07:22:12,37000.0,1300.0,3825300.0
350,2021-10-17 07:22:12,37000.0,200.0,3824000.0
351,2021-10-17 07:22:12,36950.0,100.0,3823800.0
352,2021-10-17 07:22:11,37000.0,100.0,3823700.0
353,2021-10-17 07:22:09,36950.0,200.0,3823600.0
354,2021-10-17 07:22:08,37000.0,200.0,3823400.0
355,2021-10-17 07:22:03,37000.0,100.0,3823200.0
356,2021-10-17 07:22:00,37000.0,100.0,3823100.0
357,2021-10-17 07:21:46,37000.0,300.0,3823000.0
358,2021-10-17 07:21:46,37000.0,300.0,3822700.0
359,2021-10-17 07:21:46,37000.0,300.0,3822400.0
360,2021-10-17 07:21:46,37000.0,1000.0,3822100.0
361,2021-10-17 07:21:46,37000.0,1900.0,3821100.0
362,2021-10-17 07:21:46,36900.0,1200.0,3819200.0
363,2021-10-17 07:21:42,36900.0,100.0,3818000.0
364,2021-10-17 07:21:41,36900.0,300.0,3817900.0
365,2021-10-17 07:21:41,36900.0,200.0,3817600.0
366,2021-10-17 07:21:41,36900.0,300.0,3817400.0
367,2021-10-17 07:21:41,36900.0,10000.0,3817100.0
368,2021-10-17 07:21:41,36900.0,100.0,3807100.0
369,2021-10-17 07:21:41,36900.0,100.0,3807000.0
370,2021-10-17 07:21:41,36950.0,100.0,3806900.0
371,2021-10-17 07:21:41,36950.0,4900.0,3806800.0
372,2021-10-17 07:21:40,37000.0,500.0,3801900.0
373,2021-10-17 07:21:39,37000.0,1500.0,3801400.0
374,2021-10-17 07:21:39,37000.0,1000.0,3799900.0
375,2021-10-17 07:21:36,37000.0,100.0,3798900.0
376,2021-10-17 07:21:36,37000.0,1900.0,3798800.0
377,2021-10-17 07:21:34,37000.0,400.0,3796900.0
378,2021-10-17 07:21:33,37000.0,3000.0,3796500.0
379,2021-10-17 07:21:33,37000.0,5000.0,3793500.0
380,2021-10-17 07:21:27,37000.0,2000.0,3788500.0
381,2021-10-17 07:21:27,37000.0,2000.0,3786500.0
382,2021-10-17 07:21:26,36950.0,100.0,3784500.0
383,2021-10-17 07:21:25,37000.0,200.0,3784400.0
384,2021-10-17 07:21:24,37000.0,2000.0,3784200.0
385,2021-10-17 07:21:23,37000.0,1000.0,3782200.0
386,2021-10-17 07:21:18,37000.0,200.0,3781200.0
387,2021-10-17 07:21:16,37000.0,200.0,3781000.0
388,2021-10-17 07:21:09,37000.0,2100.0,3780800.0
389,2021-10-17 07:21:09,37000.0,5000.0,3778700.0
390,2021-10-17 07:21:09,37000.0,2000.0,3773700.0
391,2021-10-17 07:21:09,37000.0,100.0,3771700.0
392,2021-10-17 07:21:09,37000.0,100.0,3771600.0
393,2021-10-17 07:21:09,37000.0,500.0,3771500.0
394,2021-10-17 07:21:09,37000.0,1000.0,3771000.0
395,2021-10-17 07:21:09,37000.0,800.0,3770000.0
396,2021-10-17 07:21:09,37000.0,3000.0,3769200.0
397,2021-10-17 07:21:09,37000.0,1000.0,3766200.0
398,2021-10-17 07:21:09,37000.0,100.0,3765200.0
399,2021-10-17 07:21:09,37000.0,300.0,3765100.0
400,2021-10-17 07:21:08,37000.0,100.0,3764800.0
401,2021-10-17 07:21:08,36950.0,100.0,3764700.0
402,2021-10-17 07:21:04,36900.0,100.0,3764600.0
403,2021-10-17 07:21:04,36900.0,100.0,3764500.0
404,2021-10-17 07:21:00,36900.0,200.0,3764400.0
405,2021-10-17 07:21:00,37000.0,500.0,3764200.0
406,2021-10-17 07:20:56,37000.0,2500.0,3763700.0
407,2021-10-17 07:20:53,37000.0,1500.0,3761200.0
408,2021-10-17 07:20:49,36900.0,500.0,3759700.0
409,2021-10-17 07:20:48,36900.0,200.0,3759200.0
410,2021-10-17 07:20:44,37000.0,800.0,3759000.0
411,2021-10-17 07:20:44,36900.0,200.0,3758200.0
412,2021-10-17 07:20:39,36800.0,300.0,3758000.0
413,2021-10-17 07:20:39,36850.0,500.0,3757700.0
414,2021-10-17 07:20:39,36850.0,1000.0,3757200.0
415,2021-10-17 07:20:39,36850.0,200.0,3756200.0
416,2021-10-17 07:20:34,37000.0,2800.0,3756000.0
417,2021-10-17 07:20:34,36900.0,200.0,3753200.0
418,2021-10-17 07:20:32,36900.0,100.0,3753000.0
419,2021-10-17 07:20:29,36850.0,4100.0,3752900.0
420,2021-10-17 07:20:29,36850.0,600.0,3748800.0
421,2021-10-17 07:20:29,36900.0,200.0,3748200.0
422,2021-10-17 07:20:29,36900.0,100.0,3748000.0
423,2021-10-17 07:20:27,36900.0,200.0,3747900.0
424,2021-10-17 07:20:25,36900.0,500.0,3747700.0
425,2021-10-17 07:20:25,36900.0,1000.0,3747200.0
426,2021-10-17 07:20:25,37000.0,500.0,3746200.0
427,2021-10-17 07:20:24,37000.0,1000.0,3745700.0
428,2021-10-17 07:20:22,36900.0,500.0,3744700.0
429,2021-10-17 07:20:22,37000.0,200.0,3744200.0
430,2021-10-17 07:20:21,36900.0,300.0,3744000.0
431,2021-10-17 07:20:19,36900.0,400.0,3743700.0
432,2021-10-17 07:20:19,36900.0,100.0,3743300.0
433,2021-10-17 07:20:19,36900.0,500.0,3743200.0
434,2021-10-17 07:20:19,36900.0,7000.0,3742700.0
435,2021-10-17 07:20:18,36900.0,1000.0,3735700.0
436,2021-10-17 07:20:17,37000.0,200.0,3734700.0
437,2021-10-17 07:20:17,36950.0,100.0,3734500.0
438,2021-10-17 07:20:09,36900.0,1000.0,3734400.0
439,2021-10-17 07:20:08,36900.0,2000.0,3733400.0
440,2021-10-17 07:20:08,36950.0,1000.0,3731400.0
441,2021-10-17 07:20:08,36950.0,100.0,3730400.0
442,2021-10-17 07:20:08,36950.0,7900.0,3730300.0
443,2021-10-17 07:20:07,37000.0,100.0,3722400.0
444,2021-10-17 07:20:05,37000.0,1000.0,3722300.0
445,2021-10-17 07:20:05,37000.0,2000.0,3721300.0
446,2021-10-17 07:20:05,37000.0,200.0,3719300.0
447,2021-10-17 07:20:05,37000.0,1300.0,3719100.0
448,2021-10-17 07:20:04,37000.0,500.0,3717800.0
449,2021-10-17 07:20:01,37000.0,1200.0,3717300.0
450,2021-10-17 07:20:01,37000.0,2000.0,3716100.0
451,2021-10-17 07:20:01,37000.0,200.0,3714100.0
452,2021-10-17 07:20:01,37000.0,1000.0,3713900.0
453,2021-10-17 07:20:01,37000.0,100.0,3712900.0
454,2021-10-17 07:20:01,37000.0,200.0,3712800.0
455,2021-10-17 07:20:01,37000.0,300.0,3712600.0
456,2021-10-17 07:20:00,37000.0,200.0,3712300.0
457,2021-10-17 07:20:00,37000.0,200.0,3712100.0
458,2021-10-17 07:20:00,37000.0,500.0,3711900.0
459,2021-10-17 07:20:00,37000.0,100.0,3711400.0
460,2021-10-17 07:20:00,37000.0,2000.0,3711300.0
461,2021-10-17 07:20:00,37000.0,100.0,3709300.0
462,2021-10-17 07:20:00,37000.0,2000.0,3709200.0
463,2021-10-17 07:20:00,37000.0,400.0,3707200.0
464,2021-10-17 07:19:57,37000.0,600.0,3706800.0
465,2021-10-17 07:19:57,37050.0,100.0,3706200.0
466,2021-10-17 07:19:57,37050.0,100.0,3706100.0
467,2021-10-17 07:19:56,37100.0,200.0,3706000.0
468,2021-10-17 07:19:56,37100.0,2000.0,3705800.0
469,2021-10-17 07:19:56,37100.0,100.0,3703800.0
470,2021-10-17 07:19:56,37100.0,20000.0,3703700.0
471,2021-10-17 07:19:56,37100.0,100.0,3683700.0
472,2021-10-17 07:19:56,37100.0,700.0,3683600.0
473,2021-10-17 07:19:56,37150.0,500.0,3682900.0
474,2021-10-17 07:19:56,37150.0,800.0,3682400.0
475,2021-10-17 07:19:46,37150.0,4200.0,3681600.0
476,2021-10-17 07:19:44,37150.0,25000.0,3677400.0
477,2021-10-17 07:19:42,37200.0,1000.0,3652400.0
478,2021-10-17 07:19:40,37150.0,800.0,3651400.0
479,2021-10-17 07:19:40,37150.0,100.0,3650600.0
480,2021-10-17 07:19:40,37150.0,300.0,3650500.0
481,2021-10-17 07:19:36,37200.0,300.0,3650200.0
482,2021-10-17 07:19:33,37150.0,500.0,3649900.0
483,2021-10-17 07:19:33,37200.0,200.0,3649400.0
484,2021-10-17 07:19:33,37200.0,200.0,3649200.0
485,2021-10-17 07:19:31,37200.0,500.0,3649000.0
486,2021-10-17 07:19:31,37200.0,500.0,3648500.0
487,2021-10-17 07:19:29,37200.0,100.0,3648000.0
488,2021-10-17 07:19:27,37200.0,3000.0,3647900.0
489,2021-10-17 07:19:27,37200.0,500.0,3644900.0
490,2021-10-17 07:19:27,37250.0,2000.0,3644400.0
491,2021-10-17 07:19:26,37200.0,200.0,3642400.0
492,2021-10-17 07:19:26,37200.0,100.0,3642200.0
493,2021-10-17 07:19:26,37200.0,100.0,3642100.0
494,2021-10-17 07:19:26,37200.0,100.0,3642000.0
495,2021-10-17 07:19:22,37250.0,20000.0,3641900.0
496,2021-10-17 07:19:22,37250.0,14600.0,3621900.0
497,2021-10-17 07:19:21,37250.0,1000.0,3607300.0
498,2021-10-17 07:19:21,37250.0,1000.0,3606300.0
499,2021-10-17 07:19:20,37250.0,3400.0,3605300.0
500,2021-10-17 07:19:20,37250.0,100.0,3601900.0
501,2021-10-17 07:19:20,37250.0,500.0,3601800.0
502,2021-10-17 07:19:18,37250.0,100.0,3601300.0
503,2021-10-17 07:19:15,37250.0,100.0,3601200.0
504,2021-10-17 07:19:13,37300.0,2000.0,3601100.0
505,2021-10-17 07:19:10,37250.0,300.0,3599100.0
506,2021-10-17 07:19:10,37300.0,400.0,3598800.0
507,2021-10-17 07:19:10,37300.0,100.0,3598400.0
508,2021-10-17 07:19:10,37300.0,100.0,3598300.0
509,2021-10-17 07:19:10,37300.0,2400.0,3598200.0
510,2021-10-17 07:19:10,37300.0,2100.0,3595800.0
511,2021-10-17 07:19:09,37300.0,2500.0,3593700.0
512,2021-10-17 07:19:09,37300.0,500.0,3591200.0
513,2021-10-17 07:19:05,37300.0,200.0,3590700.0
514,2021-10-17 07:19:05,37300.0,200.0,3590500.0
515,2021-10-17 07:19:05,37300.0,100.0,3590300.0
516,2021-10-17 07:19:05,37300.0,500.0,3590200.0
517,2021-10-17 07:19:01,37350.0,200.0,3589700.0
518,2021-10-17 07:19:00,37350.0,2800.0,3589500.0
519,2021-10-17 07:19:00,37350.0,1000.0,3586700.0
520,2021-10-17 07:19:00,37350.0,2200.0,3585700.0
521,2021-10-17 07:19:00,37350.0,400.0,3583500.0
522,2021-10-17 07:18:59,37350.0,500.0,3583100.0
523,2021-10-17 07:18:59,37350.0,16000.0,3582600.0
524,2021-10-17 07:18:58,37350.0,400.0,3566600.0
525,2021-10-17 07:18:55,37350.0,500.0,3566200.0
526,2021-10-17 07:18:53,37350.0,2700.0,3565700.0
527,2021-10-17 07:18:46,37350.0,100.0,3563000.0
528,2021-10-17 07:18:45,37350.0,200.0,3562900.0
529,2021-10-17 07:18:45,37350.0,100.0,3562700.0
530,2021-10-17 07:18:43,37400.0,700.0,3562600.0
531,2021-10-17 07:18:43,37400.0,200.0,3561900.0
532,2021-10-17 07:18:43,37400.0,1600.0,3561700.0
533,2021-10-17 07:18:43,37400.0,400.0,3560100.0
534,2021-10-17 07:18:43,37400.0,200.0,3559700.0
535,2021-10-17 07:18:43,37400.0,9400.0,3559500.0
536,2021-10-17 07:18:42,37400.0,1000.0,3550100.0
537,2021-10-17 07:18:41,37400.0,2000.0,3549100.0
538,2021-10-17 07:18:41,37400.0,300.0,3547100.0
539,2021-10-17 07:18:40,37400.0,500.0,3546800.0
540,2021-10-17 07:18:35,37400.0,2000.0,3546300.0
541,2021-10-17 07:18:34,37400.0,2000.0,3544300.0
542,2021-10-17 07:18:33,37400.0,700.0,3542300.0
543,2021-10-17 07:18:33,37400.0,500.0,3541600.0
544,2021-10-17 07:18:33,37400.0,600.0,3541100.0
545,2021-10-17 07:18:31,37400.0,1000.0,3540500.0
546,2021-10-17 07:18:31,37400.0,200.0,3539500.0
547,2021-10-17 07:18:31,37400.0,300.0,3539300.0
548,2021-10-17 07:18:30,37400.0,1000.0,3539000.0
549,2021-10-17 07:18:30,37400.0,200.0,3538000.0
550,2021-10-17 07:18:29,37400.0,200.0,3537800.0
551,2021-10-17 07:18:29,37400.0,300.0,3537600.0
552,2021-10-17 07:18:29,37400.0,100.0,3537300.0
553,2021-10-17 07:18:29,37400.0,700.0,3537200.0
554,2021-10-17 07:18:29,37400.0,900.0,3536500.0
555,2021-10-17 07:18:27,37400.0,500.0,3535600.0
556,2021-10-17 07:18:27,37400.0,400.0,3535100.0
557,2021-10-17 07:18:24,37400.0,800.0,3534700.0
558,2021-10-17 07:18:24,37400.0,1000.0,3533900.0
559,2021-10-17 07:18:24,37450.0,100.0,3532900.0
560,2021-10-17 07:18:23,37450.0,100.0,3532800.0
561,2021-10-17 07:18:23,37400.0,100.0,3532700.0
562,2021-10-17 07:18:23,37400.0,1000.0,3532600.0
563,2021-10-17 07:18:13,37400.0,200.0,3531600.0
564,2021-10-17 07:18:11,37400.0,1200.0,3531400.0
565,2021-10-17 07:18:10,37450.0,100.0,3530200.0
566,2021-10-17 07:18:08,37400.0,1000.0,3530100.0
567,2021-10-17 07:17:48,37500.0,100.0,3529100.0
568,2021-10-17 07:17:43,37500.0,2000.0,3529000.0
569,2021-10-17 07:17:36,37500.0,1000.0,3527000.0
570,2021-10-17 07:17:36,37500.0,500.0,3526000.0
571,2021-10-17 07:17:36,37500.0,1500.0,3525500.0
572,2021-10-17 07:17:36,37500.0,200.0,3524000.0
573,2021-10-17 07:17:36,37500.0,1000.0,3523800.0
574,2021-10-17 07:17:36,37500.0,100.0,3522800.0
575,2021-10-17 07:17:36,37500.0,500.0,3522700.0
576,2021-10-17 07:17:36,37500.0,200.0,3522200.0
577,2021-10-17 07:17:36,37500.0,1000.0,3522000.0
578,2021-10-17 07:17:36,37500.0,500.0,3521000.0
579,2021-10-17 07:17:36,37500.0,1100.0,3520500.0
580,2021-10-17 07:17:36,37500.0,900.0,3519400.0
581,2021-10-17 07:17:36,37500.0,1000.0,3518500.0
582,2021-10-17 07:17:36,37500.0,300.0,3517500.0
583,2021-10-17 07:17:36,37500.0,1000.0,3517200.0
584,2021-10-17 07:17:36,37500.0,300.0,3516200.0
585,2021-10-17 07:17:36,37500.0,100.0,3515900.0
586,2021-10-17 07:17:36,37500.0,100.0,3515800.0
587,2021-10-17 07:17:36,37500.0,100.0,3515700.0
588,2021-10-17 07:17:36,37500.0,200.0,3515600.0
589,2021-10-17 07:17:36,37500.0,3000.0,3515400.0
590,2021-10-17 07:17:34,37500.0,200.0,3512400.0
591,2021-10-17 07:17:34,37500.0,1000.0,3512200.0
592,2021-10-17 07:17:34,37500.0,1800.0,3511200.0
593,2021-10-17 07:17:30,37550.0,100.0,3509400.0
594,2021-10-17 07:17:30,37550.0,1000.0,3509300.0
595,2021-10-17 07:17:30,37550.0,3900.0,3508300.0
596,2021-10-17 07:17:28,37500.0,11000.0,3504400.0
597,2021-10-17 07:17:19,37550.0,100.0,3493400.0
598,2021-10-17 07:17:18,37500.0,5200.0,3493300.0
599,2021-10-17 07:17:16,37500.0,2000.0,3488100.0
600,2021-10-17 07:17:16,37500.0,1000.0,3486100.0
601,2021-10-17 07:17:16,37500.0,100.0,3485100.0
602,2021-10-17 07:17:16,37500.0,1900.0,3485000.0
603,2021-10-17 07:17:12,37550.0,1000.0,3483100.0
604,2021-10-17 07:17:11,37500.0,200.0,3482100.0
605,2021-10-17 07:17:11,37500.0,500.0,3481900.0
606,2021-10-17 07:17:11,37550.0,100.0,3481400.0
607,2021-10-17 07:17:11,37550.0,400.0,3481300.0
608,2021-10-17 07:17:08,37550.0,100.0,3480900.0
609,2021-10-17 07:17:07,37550.0,10000.0,3480800.0
610,2021-10-17 07:17:02,37550.0,5000.0,3470800.0
611,2021-10-17 07:16:59,37550.0,4500.0,3465800.0
612,2021-10-17 07:16:58,37550.0,500.0,3461300.0
613,2021-10-17 07:16:50,37550.0,8000.0,3460800.0
614,2021-10-17 07:16:50,37550.0,400.0,3452800.0
615,2021-10-17 07:16:48,37550.0,1000.0,3452400.0
616,2021-10-17 07:16:47,37550.0,100.0,3451400.0
617,2021-10-17 07:16:42,37550.0,2900.0,3451300.0
618,2021-10-17 07:16:42,37650.0,4000.0,3448400.0
619,2021-10-17 07:16:42,37650.0,3000.0,3444400.0
620,2021-10-17 07:16:42,37650.0,3000.0,3441400.0
621,2021-10-17 07:16:33,37550.0,100.0,3438400.0
622,2021-10-17 07:16:33,37550.0,100.0,3438300.0
623,2021-10-17 07:16:33,37550.0,300.0,3438200.0
624,2021-10-17 07:16:33,37550.0,100.0,3437900.0
625,2021-10-17 07:16:33,37550.0,2000.0,3437800.0
626,2021-10-17 07:16:33,37550.0,500.0,3435800.0
627,2021-10-17 07:16:33,37550.0,1000.0,3435300.0
628,2021-10-17 07:16:33,37600.0,200.0,3434300.0
629,2021-10-17 07:16:33,37600.0,500.0,3434100.0
630,2021-10-17 07:16:33,37600.0,100.0,3433600.0
631,2021-10-17 07:16:33,37600.0,500.0,3433500.0
632,2021-10-17 07:16:33,37600.0,5500.0,3433000.0
633,2021-10-17 07:16:33,37600.0,1000.0,3427500.0
634,2021-10-17 07:16:32,37650.0,100.0,3426500.0
635,2021-10-17 07:16:32,37650.0,1900.0,3426400.0
636,2021-10-17 07:16:31,37650.0,300.0,3424500.0
637,2021-10-17 07:16:29,37650.0,500.0,3424200.0
638,2021-10-17 07:16:26,37650.0,200.0,3423700.0
639,2021-10-17 07:16:24,37650.0,3100.0,3423500.0
640,2021-10-17 07:16:24,37650.0,100.0,3420400.0
641,2021-10-17 07:16:24,37650.0,1800.0,3420300.0
642,2021-10-17 07:16:23,37650.0,100.0,3418500.0
643,2021-10-17 07:16:21,37700.0,200.0,3418400.0
644,2021-10-17 07:16:15,37650.0,100.0,3418200.0
645,2021-10-17 07:16:15,37650.0,900.0,3418100.0
646,2021-10-17 07:16:15,37700.0,2000.0,3417200.0
647,2021-10-17 07:16:15,37700.0,200.0,3415200.0
648,2021-10-17 07:16:15,37700.0,2200.0,3415000.0
649,2021-10-17 07:16:15,37700.0,200.0,3412800.0
650,2021-10-17 07:16:15,37700.0,1000.0,3412600.0
651,2021-10-17 07:16:15,37700.0,100.0,3411600.0
652,2021-10-17 07:16:15,37700.0,100.0,3411500.0
653,2021-10-17 07:16:15,37700.0,100.0,3411400.0
654,2021-10-17 07:16:15,37700.0,100.0,3411300.0
655,2021-10-17 07:16:15,37700.0,10000.0,3411200.0
656,2021-10-17 07:16:15,37700.0,500.0,3401200.0
657,2021-10-17 07:16:15,37700.0,9600.0,3400700.0
658,2021-10-17 07:16:14,37700.0,10000.0,3391100.0
659,2021-10-17 07:16:10,37700.0,400.0,3381100.0
660,2021-10-17 07:16:10,37700.0,100.0,3380700.0
661,2021-10-17 07:16:10,37700.0,100.0,3380600.0
662,2021-10-17 07:16:10,37700.0,2900.0,3380500.0
663,2021-10-17 07:16:05,37750.0,500.0,3377600.0
664,2021-10-17 07:16:04,37750.0,3000.0,3377100.0
665,2021-10-17 07:16:04,37750.0,200.0,3374100.0
666,2021-10-17 07:16:04,37750.0,900.0,3373900.0
667,2021-10-17 07:16:04,37750.0,1000.0,3373000.0
668,2021-10-17 07:16:00,37750.0,2000.0,3372000.0
669,2021-10-17 07:16:00,37750.0,2000.0,3370000.0
670,2021-10-17 07:16:00,37750.0,7000.0,3368000.0
671,2021-10-17 07:15:58,37750.0,500.0,3361000.0
672,2021-10-17 07:15:55,37750.0,100.0,3360500.0
673,2021-10-17 07:15:47,37750.0,1000.0,3360400.0
674,2021-10-17 07:15:45,37750.0,1400.0,3359400.0
675,2021-10-17 07:15:45,37750.0,1900.0,3358000.0
676,2021-10-17 07:15:19,37800.0,500.0,3356100.0
677,2021-10-17 07:15:19,37800.0,100.0,3355600.0
678,2021-10-17 07:15:19,37800.0,1000.0,3355500.0
679,2021-10-17 07:15:19,37800.0,1500.0,3354500.0
680,2021-10-17 07:15:19,37800.0,300.0,3353000.0
681,2021-10-17 07:15:19,37800.0,5000.0,3352700.0
682,2021-10-17 07:15:19,37800.0,100.0,3347700.0
683,2021-10-17 07:15:19,37800.0,300.0,3347600.0
684,2021-10-17 07:15:19,37800.0,200.0,3347300.0
685,2021-10-17 07:15:14,37800.0,100.0,3347100.0
686,2021-10-17 07:15:14,37800.0,5000.0,3347000.0
687,2021-10-17 07:15:14,37800.0,1600.0,3342000.0
688,2021-10-17 07:15:14,37800.0,500.0,3340400.0
689,2021-10-17 07:15:14,37800.0,1000.0,3339900.0
690,2021-10-17 07:15:14,37800.0,1800.0,3338900.0
691,2021-10-17 07:15:12,37800.0,500.0,3337100.0
692,2021-10-17 07:15:09,37800.0,500.0,3336600.0
693,2021-10-17 07:15:09,37800.0,1000.0,3336100.0
694,2021-10-17 07:15:01,37800.0,500.0,3335100.0
695,2021-10-17 07:15:01,37800.0,200.0,3334600.0
696,2021-10-17 07:15:00,37800.0,500.0,3334400.0
697,2021-10-17 07:15:00,37800.0,100.0,3333900.0
698,2021-10-17 07:15:00,37800.0,100.0,3333800.0
699,2021-10-17 07:15:00,37800.0,100.0,3333700.0
700,2021-10-17 07:15:00,37800.0,200.0,3333600.0
701,2021-10-17 07:14:47,37800.0,200.0,3333400.0
702,2021-10-17 07:14:39,37850.0,1500.0,3333200.0
703,2021-10-17 07:14:35,37800.0,600.0,3331700.0
704,2021-10-17 07:14:35,37800.0,400.0,3331100.0
705,2021-10-17 07:14:30,37850.0,100.0,3330700.0
706,2021-10-17 07:14:27,37800.0,400.0,3330600.0
707,2021-10-17 07:14:27,37800.0,600.0,3330200.0
708,2021-10-17 07:14:23,37850.0,1000.0,3329600.0
709,2021-10-17 07:14:23,37850.0,500.0,3328600.0
710,2021-10-17 07:14:17,37800.0,10000.0,3328100.0
711,2021-10-17 07:14:15,37850.0,100.0,3318100.0
712,2021-10-17 07:14:09,37850.0,100.0,3318000.0
713,2021-10-17 07:13:55,37850.0,300.0,3317900.0
714,2021-10-17 07:13:54,37850.0,200.0,3317600.0
715,2021-10-17 07:13:48,37850.0,200.0,3317400.0
716,2021-10-17 07:13:46,37850.0,200.0,3317200.0
717,2021-10-17 07:13:39,37850.0,1000.0,3317000.0
718,2021-10-17 07:13:39,37850.0,1000.0,3316000.0
719,2021-10-17 07:13:39,37850.0,2600.0,3315000.0
720,2021-10-17 07:13:24,37850.0,100.0,3312400.0
721,2021-10-17 07:13:23,37850.0,400.0,3312300.0
722,2021-10-17 07:13:21,37850.0,600.0,3311900.0
723,2021-10-17 07:13:21,37850.0,100.0,3311300.0
724,2021-10-17 07:13:21,37850.0,300.0,3311200.0
725,2021-10-17 07:13:20,37850.0,200.0,3310900.0
726,2021-10-17 07:13:20,37850.0,4800.0,3310700.0
727,2021-10-17 07:13:18,37850.0,1000.0,3305900.0
728,2021-10-17 07:13:16,37850.0,200.0,3304900.0
729,2021-10-17 07:13:04,37850.0,900.0,3304700.0
730,2021-10-17 07:13:04,37850.0,100.0,3303800.0
731,2021-10-17 07:13:03,37850.0,4000.0,3303700.0
732,2021-10-17 07:13:01,37800.0,2500.0,3299700.0
733,2021-10-17 07:13:01,37850.0,2200.0,3297200.0
734,2021-10-17 07:12:56,37850.0,2000.0,3295000.0
735,2021-10-17 07:12:56,37850.0,300.0,3293000.0
736,2021-10-17 07:12:56,37850.0,600.0,3292700.0
737,2021-10-17 07:12:56,37850.0,300.0,3292100.0
738,2021-10-17 07:12:53,37850.0,700.0,3291800.0
739,2021-10-17 07:12:53,37850.0,1000.0,3291100.0
740,2021-10-17 07:12:53,37850.0,100.0,3290100.0
741,2021-10-17 07:12:53,37850.0,100.0,3290000.0
742,2021-10-17 07:12:53,37850.0,1000.0,3289900.0
743,2021-10-17 07:12:53,37850.0,600.0,3288900.0
744,2021-10-17 07:12:53,37850.0,2000.0,3288300.0
745,2021-10-17 07:12:53,37850.0,100.0,3286300.0
746,2021-10-17 07:12:53,37850.0,1000.0,3286200.0
747,2021-10-17 07:12:53,37850.0,2000.0,3285200.0
748,2021-10-17 07:12:53,37850.0,100.0,3283200.0
749,2021-10-17 07:12:53,37850.0,1000.0,3283100.0
750,2021-10-17 07:12:53,37850.0,300.0,3282100.0
751,2021-10-17 07:12:33,37850.0,200.0,3281800.0
752,2021-10-17 07:12:33,37850.0,4800.0,3281600.0
753,2021-10-17 07:12:29,37850.0,10000.0,3276800.0
754,2021-10-17 07:12:17,37850.0,2800.0,3266800.0
755,2021-10-17 07:12:13,37800.0,1000.0,3264000.0
756,2021-10-17 07:12:07,37800.0,200.0,3263000.0
757,2021-10-17 07:11:59,37800.0,300.0,3262800.0
758,2021-10-17 07:11:55,37850.0,100.0,3262500.0
759,2021-10-17 07:11:39,37850.0,1900.0,3262400.0
760,2021-10-17 07:11:35,37800.0,100.0,3260500.0
761,2021-10-17 07:11:33,37850.0,400.0,3260400.0
762,2021-10-17 07:11:33,37850.0,100.0,3260000.0
763,2021-10-17 07:11:33,37850.0,500.0,3259900.0
764,2021-10-17 07:11:33,37850.0,600.0,3259400.0
765,2021-10-17 07:11:33,37850.0,800.0,3258800.0
766,2021-10-17 07:11:33,37850.0,100.0,3258000.0
767,2021-10-17 07:11:33,37850.0,2000.0,3257900.0
768,2021-10-17 07:11:33,37850.0,500.0,3255900.0
769,2021-10-17 07:11:33,37850.0,100.0,3255400.0
770,2021-10-17 07:11:33,37850.0,100.0,3255300.0
771,2021-10-17 07:11:30,37800.0,5000.0,3255200.0
772,2021-10-17 07:11:29,37850.0,400.0,3250200.0
773,2021-10-17 07:11:27,37800.0,300.0,3249800.0
774,2021-10-17 07:11:26,37800.0,100.0,3249500.0
775,2021-10-17 07:11:12,37800.0,900.0,3249400.0
776,2021-10-17 07:11:12,37800.0,300.0,3248500.0
777,2021-10-17 07:11:12,37800.0,500.0,3248200.0
778,2021-10-17 07:11:12,37800.0,300.0,3247700.0
779,2021-10-17 07:11:04,37850.0,200.0,3247400.0
780,2021-10-17 07:10:54,37800.0,500.0,3247200.0
781,2021-10-17 07:10:54,37800.0,100.0,3246700.0
782,2021-10-17 07:10:54,37800.0,400.0,3246600.0
783,2021-10-17 07:10:48,37800.0,4600.0,3246200.0
784,2021-10-17 07:10:48,37800.0,400.0,3241600.0
785,2021-10-17 07:10:38,37800.0,100.0,3241200.0
786,2021-10-17 07:10:38,37800.0,2000.0,3241100.0
787,2021-10-17 07:10:27,37850.0,300.0,3239100.0
788,2021-10-17 07:10:27,37850.0,500.0,3238800.0
789,2021-10-17 07:10:27,37850.0,200.0,3238300.0
790,2021-10-17 07:10:27,37850.0,100.0,3238100.0
791,2021-10-17 07:10:27,37850.0,500.0,3238000.0
792,2021-10-17 07:10:27,37850.0,200.0,3237500.0
793,2021-10-17 07:10:27,37850.0,200.0,3237300.0
794,2021-10-17 07:10:25,37800.0,1000.0,3237100.0
795,2021-10-17 07:10:23,37800.0,10000.0,3236100.0
796,2021-10-17 07:10:23,37800.0,300.0,3226100.0
797,2021-10-17 07:10:23,37800.0,500.0,3225800.0
798,2021-10-17 07:10:23,37800.0,100.0,3225300.0
799,2021-10-17 07:10:23,37800.0,100.0,3225200.0
800,2021-10-17 07:10:18,37750.0,100.0,3225100.0
801,2021-10-17 07:10:15,37800.0,900.0,3225000.0
802,2021-10-17 07:10:15,37800.0,100.0,3224100.0
803,2021-10-17 07:10:09,37750.0,1000.0,3224000.0
804,2021-10-17 07:10:03,37750.0,1000.0,3223000.0
805,2021-10-17 07:09:59,37800.0,500.0,3222000.0
806,2021-10-17 07:09:59,37800.0,200.0,3221500.0
807,2021-10-17 07:09:59,37800.0,200.0,3221300.0
808,2021-10-17 07:09:59,37800.0,600.0,3221100.0
809,2021-10-17 07:09:59,37800.0,100.0,3220500.0
810,2021-10-17 07:09:59,37800.0,300.0,3220400.0
811,2021-10-17 07:09:59,37750.0,100.0,3220100.0
812,2021-10-17 07:09:55,37800.0,200.0,3220000.0
813,2021-10-17 07:09:55,37800.0,100.0,3219800.0
814,2021-10-17 07:09:55,37800.0,1000.0,3219700.0
815,2021-10-17 07:09:55,37800.0,2000.0,3218700.0
816,2021-10-17 07:09:55,37800.0,600.0,3216700.0
817,2021-10-17 07:09:55,37800.0,100.0,3216100.0
818,2021-10-17 07:09:55,37800.0,500.0,3216000.0
819,2021-10-17 07:09:55,37800.0,500.0,3215500.0
820,2021-10-17 07:09:55,37800.0,500.0,3215000.0
821,2021-10-17 07:09:55,37800.0,500.0,3214500.0
822,2021-10-17 07:09:55,37800.0,2500.0,3214000.0
823,2021-10-17 07:09:55,37800.0,10000.0,3211500.0
824,2021-10-17 07:09:55,37800.0,500.0,3201500.0
825,2021-10-17 07:09:55,37800.0,100.0,3201000.0
826,2021-10-17 07:09:55,37800.0,100.0,3200900.0
827,2021-10-17 07:09:55,37750.0,500.0,3200800.0
828,2021-10-17 07:09:55,37750.0,300.0,3200300.0
829,2021-10-17 07:09:49,37800.0,1400.0,3200000.0
830,2021-10-17 07:09:49,37800.0,300.0,3198600.0
831,2021-10-17 07:09:49,37800.0,100.0,3198300.0
832,2021-10-17 07:09:49,37800.0,500.0,3198200.0
833,2021-10-17 07:09:49,37800.0,100.0,3197700.0
834,2021-10-17 07:09:49,37800.0,600.0,3197600.0
835,2021-10-17 07:09:49,37800.0,100.0,3197000.0
836,2021-10-17 07:09:49,37800.0,1000.0,3196900.0
837,2021-10-17 07:09:49,37800.0,800.0,3195900.0
838,2021-10-17 07:09:49,37800.0,2000.0,3195100.0
839,2021-10-17 07:09:49,37800.0,1500.0,3193100.0
840,2021-10-17 07:09:49,37800.0,100.0,3191600.0
841,2021-10-17 07:09:49,37800.0,100.0,3191500.0
842,2021-10-17 07:09:49,37800.0,500.0,3191400.0
843,2021-10-17 07:09:49,37800.0,500.0,3190900.0
844,2021-10-17 07:09:49,37800.0,500.0,3190400.0
845,2021-10-17 07:09:49,37800.0,100.0,3189900.0
846,2021-10-17 07:09:49,37800.0,5000.0,3189800.0
847,2021-10-17 07:09:49,37800.0,300.0,3184800.0
848,2021-10-17 07:09:49,37800.0,1400.0,3184500.0
849,2021-10-17 07:09:49,37750.0,100.0,3183100.0
850,2021-10-17 07:09:49,37750.0,3000.0,3183000.0
851,2021-10-17 07:09:44,37800.0,600.0,3180000.0
852,2021-10-17 07:09:44,37800.0,500.0,3179400.0
853,2021-10-17 07:09:44,37800.0,100.0,3178900.0
854,2021-10-17 07:09:44,37800.0,500.0,3178800.0
855,2021-10-17 07:09:44,37800.0,100.0,3178300.0
856,2021-10-17 07:09:44,37800.0,5000.0,3178200.0
857,2021-10-17 07:09:44,37800.0,100.0,3173200.0
858,2021-10-17 07:09:44,37800.0,200.0,3173100.0
859,2021-10-17 07:09:44,37800.0,1500.0,3172900.0
860,2021-10-17 07:09:44,37800.0,100.0,3171400.0
861,2021-10-17 07:09:44,37800.0,400.0,3171300.0
862,2021-10-17 07:09:44,37750.0,200.0,3170900.0
863,2021-10-17 07:09:44,37750.0,700.0,3170700.0
864,2021-10-17 07:09:43,37750.0,300.0,3170000.0
865,2021-10-17 07:09:43,37700.0,1300.0,3169700.0
866,2021-10-17 07:09:43,37700.0,100.0,3168400.0
867,2021-10-17 07:09:43,37700.0,2000.0,3168300.0
868,2021-10-17 07:09:43,37700.0,200.0,3166300.0
869,2021-10-17 07:09:43,37700.0,1400.0,3166100.0
870,2021-10-17 07:09:38,37750.0,1000.0,3164700.0
871,2021-10-17 07:09:38,37750.0,500.0,3163700.0
872,2021-10-17 07:09:38,37750.0,2000.0,3163200.0
873,2021-10-17 07:09:38,37750.0,400.0,3161200.0
874,2021-10-17 07:09:38,37750.0,6100.0,3160800.0
875,2021-10-17 07:09:31,37750.0,2900.0,3154700.0
876,2021-10-17 07:09:24,37750.0,200.0,3151800.0
877,2021-10-17 07:09:24,37750.0,200.0,3151600.0
878,2021-10-17 07:09:24,37750.0,600.0,3151400.0
879,2021-10-17 07:09:22,37750.0,1000.0,3150800.0
880,2021-10-17 07:09:18,37750.0,100.0,3149800.0
881,2021-10-17 07:09:12,37750.0,8300.0,3149700.0
882,2021-10-17 07:09:12,37750.0,100.0,3141400.0
883,2021-10-17 07:09:12,37750.0,1600.0,3141300.0
884,2021-10-17 07:09:10,37750.0,100.0,3139700.0
885,2021-10-17 07:09:05,37800.0,600.0,3139600.0
886,2021-10-17 07:09:05,37800.0,100.0,3139000.0
887,2021-10-17 07:09:05,37800.0,300.0,3138900.0
888,2021-10-17 07:09:03,37750.0,1000.0,3138600.0
889,2021-10-17 07:09:02,37750.0,500.0,3137600.0
890,2021-10-17 07:09:00,37750.0,1800.0,3137100.0
891,2021-10-17 07:08:51,37750.0,1800.0,3135300.0
892,2021-10-17 07:08:42,37750.0,3000.0,3133500.0
893,2021-10-17 07:08:41,37750.0,10000.0,3130500.0
894,2021-10-17 07:08:41,37750.0,100.0,3120500.0
895,2021-10-17 07:08:41,37750.0,100.0,3120400.0
896,2021-10-17 07:08:30,37750.0,100.0,3120300.0
897,2021-10-17 07:08:30,37750.0,400.0,3120200.0
898,2021-10-17 07:08:30,37750.0,1600.0,3119800.0
899,2021-10-17 07:08:29,37750.0,300.0,3118200.0
900,2021-10-17 07:08:28,37750.0,100.0,3117900.0
901,2021-10-17 07:08:26,37750.0,10000.0,3117800.0
902,2021-10-17 07:08:23,37750.0,5000.0,3107800.0
903,2021-10-17 07:08:23,37750.0,2000.0,3102800.0
904,2021-10-17 07:08:21,37750.0,1000.0,3100800.0
905,2021-10-17 07:08:17,37750.0,500.0,3099800.0
906,2021-10-17 07:08:15,37750.0,500.0,3099300.0
907,2021-10-17 07:08:15,37750.0,10000.0,3098800.0
908,2021-10-17 07:08:08,37800.0,1200.0,3088800.0
909,2021-10-17 07:08:08,37800.0,100.0,3087600.0
910,2021-10-17 07:08:08,37800.0,100.0,3087500.0
911,2021-10-17 07:08:08,37800.0,500.0,3087400.0
912,2021-10-17 07:08:08,37800.0,1000.0,3086900.0
913,2021-10-17 07:08:08,37800.0,200.0,3085900.0
914,2021-10-17 07:08:08,37800.0,3300.0,3085700.0
915,2021-10-17 07:08:08,37750.0,500.0,3082400.0
916,2021-10-17 07:08:08,37750.0,200.0,3081900.0
917,2021-10-17 07:08:08,37750.0,2900.0,3081700.0
918,2021-10-17 07:07:59,37700.0,500.0,3078800.0
919,2021-10-17 07:07:57,37750.0,100.0,3078300.0
920,2021-10-17 07:07:55,37750.0,100.0,3078200.0
921,2021-10-17 07:07:55,37750.0,900.0,3078100.0
922,2021-10-17 07:07:48,37750.0,500.0,3077200.0
923,2021-10-17 07:07:44,37700.0,3500.0,3076700.0
924,2021-10-17 07:07:44,37700.0,200.0,3073200.0
925,2021-10-17 07:07:44,37700.0,500.0,3073000.0
926,2021-10-17 07:07:44,37700.0,2600.0,3072500.0
927,2021-10-17 07:07:44,37700.0,1900.0,3069900.0
928,2021-10-17 07:07:44,37700.0,300.0,3068000.0
929,2021-10-17 07:07:44,37700.0,1000.0,3067700.0
930,2021-10-17 07:07:44,37700.0,1400.0,3066700.0
931,2021-10-17 07:07:44,37700.0,100.0,3065300.0
932,2021-10-17 07:07:44,37700.0,5000.0,3065200.0
933,2021-10-17 07:07:44,37700.0,3500.0,3060200.0
934,2021-10-17 07:07:43,37750.0,600.0,3056700.0
935,2021-10-17 07:07:43,37750.0,2400.0,3056100.0
936,2021-10-17 07:07:40,37750.0,200.0,3053700.0
937,2021-10-17 07:07:38,37700.0,6000.0,3053500.0
938,2021-10-17 07:07:32,37750.0,300.0,3047500.0
939,2021-10-17 07:07:32,37750.0,100.0,3047200.0
940,2021-10-17 07:07:20,37800.0,600.0,3047100.0
941,2021-10-17 07:07:10,37800.0,500.0,3046500.0
942,2021-10-17 07:07:04,37700.0,500.0,3046000.0
943,2021-10-17 07:07:04,37700.0,100.0,3045500.0
944,2021-10-17 07:07:04,37700.0,500.0,3045400.0
945,2021-10-17 07:07:04,37700.0,400.0,3044900.0
946,2021-10-17 07:07:04,37750.0,3500.0,3044500.0
947,2021-10-17 07:07:03,37750.0,1000.0,3041000.0
948,2021-10-17 07:07:00,37800.0,600.0,3040000.0
949,2021-10-17 07:07:00,37800.0,1000.0,3039400.0
950,2021-10-17 07:07:00,37800.0,100.0,3038400.0
951,2021-10-17 07:07:00,37800.0,500.0,3038300.0
952,2021-10-17 07:07:00,37800.0,500.0,3037800.0
953,2021-10-17 07:07:00,37800.0,2300.0,3037300.0
954,2021-10-17 07:06:59,37750.0,5000.0,3035000.0
955,2021-10-17 07:06:59,37750.0,500.0,3030000.0
956,2021-10-17 07:06:56,37750.0,9500.0,3029500.0
957,2021-10-17 07:06:56,37750.0,500.0,3020000.0
958,2021-10-17 07:06:56,37750.0,1000.0,3019500.0
959,2021-10-17 07:06:56,37750.0,1000.0,3018500.0
960,2021-10-17 07:06:48,37700.0,1100.0,3017500.0
961,2021-10-17 07:06:46,37750.0,10000.0,3016400.0
962,2021-10-17 07:06:40,37750.0,500.0,3006400.0
963,2021-10-17 07:06:37,37750.0,300.0,3005900.0
964,2021-10-17 07:06:36,37750.0,5000.0,3005600.0
965,2021-10-17 07:06:35,37750.0,2300.0,3000600.0
966,2021-10-17 07:06:34,37750.0,6000.0,2998300.0
967,2021-10-17 07:06:33,37750.0,600.0,2992300.0
968,2021-10-17 07:06:33,37750.0,500.0,2991700.0
969,2021-10-17 07:06:33,37750.0,200.0,2991200.0
970,2021-10-17 07:06:33,37750.0,300.0,2991000.0
971,2021-10-17 07:06:33,37750.0,500.0,2990700.0
972,2021-10-17 07:06:33,37750.0,400.0,2990200.0
973,2021-10-17 07:06:33,37750.0,2400.0,2989800.0
974,2021-10-17 07:06:33,37750.0,5000.0,2987400.0
975,2021-10-17 07:06:33,37750.0,100.0,2982400.0
976,2021-10-17 07:06:33,37750.0,100.0,2982300.0
977,2021-10-17 07:06:33,37750.0,100.0,2982200.0
978,2021-10-17 07:06:33,37750.0,1800.0,2982100.0
979,2021-10-17 07:06:33,37750.0,700.0,2980300.0
980,2021-10-17 07:06:28,37800.0,5000.0,2979600.0
981,2021-10-17 07:06:24,37750.0,200.0,2974600.0
982,2021-10-17 07:06:21,37750.0,1000.0,2974400.0
983,2021-10-17 07:06:21,37800.0,2700.0,2973400.0
984,2021-10-17 07:06:21,37800.0,100.0,2970700.0
985,2021-10-17 07:06:21,37800.0,100.0,2970600.0
986,2021-10-17 07:06:21,37800.0,500.0,2970500.0
987,2021-10-17 07:06:21,37800.0,300.0,2970000.0
988,2021-10-17 07:06:21,37800.0,1000.0,2969700.0
989,2021-10-17 07:06:21,37800.0,100.0,2968700.0
990,2021-10-17 07:06:21,37800.0,500.0,2968600.0
991,2021-10-17 07:06:21,37800.0,1000.0,2968100.0
992,2021-10-17 07:06:21,37800.0,100.0,2967100.0
993,2021-10-17 07:06:21,37800.0,500.0,2967000.0
994,2021-10-17 07:06:20,37800.0,1000.0,2966500.0
995,2021-10-17 07:06:19,37750.0,100.0,2965500.0
996,2021-10-17 07:06:15,37750.0,200.0,2965400.0
997,2021-10-17 07:06:09,37750.0,500.0,2965200.0
998,2021-10-17 07:06:09,37750.0,300.0,2964700.0
999,2021-10-17 07:05:59,37750.0,100.0,2964400.0
1000,2021-10-17 07:05:55,37750.0,100.0,2964300.0
1001,2021-10-17 07:05:47,37750.0,300.0,2964200.0
1002,2021-10-17 07:05:34,37750.0,100.0,2963900.0
1003,2021-10-17 07:05:33,37750.0,2000.0,2963800.0
1004,2021-10-17 07:05:33,37750.0,100.0,2961800.0
1005,2021-10-17 07:05:33,37750.0,100.0,2961700.0
1006,2021-10-17 07:05:33,37750.0,3000.0,2961600.0
1007,2021-10-17 07:05:33,37750.0,10000.0,2958600.0
1008,2021-10-17 07:05:33,37750.0,500.0,2948600.0
1009,2021-10-17 07:05:33,37750.0,500.0,2948100.0
1010,2021-10-17 07:05:33,37750.0,200.0,2947600.0
1011,2021-10-17 07:05:31,37750.0,300.0,2947400.0
1012,2021-10-17 07:05:31,37750.0,500.0,2947100.0
1013,2021-10-17 07:05:31,37750.0,500.0,2946600.0
1014,2021-10-17 07:05:31,37750.0,5300.0,2946100.0
1015,2021-10-17 07:05:31,37750.0,100.0,2940800.0
1016,2021-10-17 07:05:31,37750.0,1000.0,2940700.0
1017,2021-10-17 07:05:31,37750.0,100.0,2939700.0
1018,2021-10-17 07:05:31,37750.0,100.0,2939600.0
1019,2021-10-17 07:05:31,37750.0,2100.0,2939500.0
1020,2021-10-17 07:05:24,37700.0,700.0,2937400.0
1021,2021-10-17 07:05:23,37750.0,1000.0,2936700.0
1022,2021-10-17 07:05:15,37750.0,1000.0,2935700.0
1023,2021-10-17 07:05:12,37750.0,2000.0,2934700.0
1024,2021-10-17 07:05:03,37700.0,2800.0,2932700.0
1025,2021-10-17 07:05:03,37700.0,2200.0,2929900.0
1026,2021-10-17 07:04:49,37750.0,100.0,2927700.0
1027,2021-10-17 07:04:47,37750.0,100.0,2927600.0
1028,2021-10-17 07:04:39,37750.0,2000.0,2927500.0
1029,2021-10-17 07:04:39,37700.0,200.0,2925500.0
1030,2021-10-17 07:04:36,37750.0,1000.0,2925300.0
1031,2021-10-17 07:04:35,37750.0,700.0,2924300.0
1032,2021-10-17 07:04:14,37750.0,200.0,2923600.0
1033,2021-10-17 07:04:14,37750.0,500.0,2923400.0
1034,2021-10-17 07:04:14,37750.0,9300.0,2922900.0
1035,2021-10-17 07:04:13,37750.0,700.0,2913600.0
1036,2021-10-17 07:04:13,37750.0,100.0,2912900.0
1037,2021-10-17 07:04:13,37750.0,100.0,2912800.0
1038,2021-10-17 07:04:13,37750.0,100.0,2912700.0
1039,2021-10-17 07:04:05,37750.0,100.0,2912600.0
1040,2021-10-17 07:04:02,37700.0,600.0,2912500.0
1041,2021-10-17 07:04:02,37700.0,400.0,2911900.0
1042,2021-10-17 07:03:54,37750.0,100.0,2911500.0
1043,2021-10-17 07:03:54,37750.0,400.0,2911400.0
1044,2021-10-17 07:03:54,37750.0,300.0,2911000.0
1045,2021-10-17 07:03:49,37700.0,400.0,2910700.0
1046,2021-10-17 07:03:46,37750.0,1200.0,2910300.0
1047,2021-10-17 07:03:46,37750.0,500.0,2909100.0
1048,2021-10-17 07:03:46,37750.0,1000.0,2908600.0
1049,2021-10-17 07:03:46,37750.0,300.0,2907600.0
1050,2021-10-17 07:03:46,37750.0,1200.0,2907300.0
1051,2021-10-17 07:03:43,37750.0,1000.0,2906100.0
1052,2021-10-17 07:03:36,37700.0,200.0,2905100.0
1053,2021-10-17 07:03:33,37750.0,100.0,2904900.0
1054,2021-10-17 07:03:18,37700.0,100.0,2904800.0
1055,2021-10-17 07:03:12,37700.0,400.0,2904700.0
1056,2021-10-17 07:03:12,37700.0,100.0,2904300.0
1057,2021-10-17 07:03:09,37750.0,200.0,2904200.0
1058,2021-10-17 07:03:05,37700.0,400.0,2904000.0
1059,2021-10-17 07:03:05,37700.0,300.0,2903600.0
1060,2021-10-17 07:03:03,37700.0,200.0,2903300.0
1061,2021-10-17 07:03:03,37700.0,100.0,2903100.0
1062,2021-10-17 07:03:03,37700.0,1000.0,2903000.0
1063,2021-10-17 07:03:03,37700.0,1500.0,2902000.0
1064,2021-10-17 07:03:03,37700.0,900.0,2900500.0
1065,2021-10-17 07:03:03,37700.0,1300.0,2899600.0
1066,2021-10-17 07:03:02,37750.0,200.0,2898300.0
1067,2021-10-17 07:02:50,37700.0,700.0,2898100.0
1068,2021-10-17 07:02:41,37750.0,1300.0,2897400.0
1069,2021-10-17 07:02:41,37750.0,700.0,2896100.0
1070,2021-10-17 07:02:40,37750.0,200.0,2895400.0
1071,2021-10-17 07:02:35,37750.0,100.0,2895200.0
1072,2021-10-17 07:02:35,37750.0,100.0,2895100.0
1073,2021-10-17 07:02:35,37750.0,1300.0,2895000.0
1074,2021-10-17 07:02:31,37750.0,700.0,2893700.0
1075,2021-10-17 07:02:31,37750.0,600.0,2893000.0
1076,2021-10-17 07:02:29,37750.0,200.0,2892400.0
1077,2021-10-17 07:02:20,37750.0,200.0,2892200.0
1078,2021-10-17 07:02:20,37750.0,5000.0,2892000.0
1079,2021-10-17 07:02:20,37750.0,500.0,2887000.0
1080,2021-10-17 07:02:20,37750.0,200.0,2886500.0
1081,2021-10-17 07:02:20,37750.0,100.0,2886300.0
1082,2021-10-17 07:02:20,37700.0,100.0,2886200.0
1083,2021-10-17 07:02:20,37700.0,1000.0,2886100.0
1084,2021-10-17 07:02:20,37700.0,500.0,2885100.0
1085,2021-10-17 07:02:20,37700.0,100.0,2884600.0
1086,2021-10-17 07:02:20,37700.0,100.0,2884500.0
1087,2021-10-17 07:02:20,37700.0,500.0,2884400.0
1088,2021-10-17 07:02:20,37700.0,500.0,2883900.0
1089,2021-10-17 07:02:20,37700.0,100.0,2883400.0
1090,2021-10-17 07:02:20,37700.0,100.0,2883300.0
1091,2021-10-17 07:02:20,37700.0,100.0,2883200.0
1092,2021-10-17 07:02:20,37700.0,4900.0,2883100.0
1093,2021-10-17 07:02:20,37700.0,100.0,2878200.0
1094,2021-10-17 07:02:20,37700.0,500.0,2878100.0
1095,2021-10-17 07:02:20,37700.0,100.0,2877600.0
1096,2021-10-17 07:02:20,37700.0,100.0,2877500.0
1097,2021-10-17 07:02:20,37700.0,200.0,2877400.0
1098,2021-10-17 07:02:20,37700.0,100.0,2877200.0
1099,2021-10-17 07:02:20,37700.0,800.0,2877100.0
1100,2021-10-17 07:02:20,37700.0,100.0,2876300.0
1101,2021-10-17 07:02:20,37700.0,100.0,2876200.0
1102,2021-10-17 07:02:20,37700.0,2900.0,2876100.0
1103,2021-10-17 07:02:16,37650.0,200.0,2873200.0
1104,2021-10-17 07:02:12,37700.0,300.0,2873000.0
1105,2021-10-17 07:02:11,37700.0,100.0,2872700.0
1106,2021-10-17 07:02:08,37700.0,2000.0,2872600.0
1107,2021-10-17 07:02:08,37700.0,100.0,2870600.0
1108,2021-10-17 07:02:07,37700.0,100.0,2870500.0
1109,2021-10-17 07:02:01,37700.0,100.0,2870400.0
1110,2021-10-17 07:02:00,37650.0,900.0,2870300.0
1111,2021-10-17 07:02:00,37650.0,100.0,2869400.0
1112,2021-10-17 07:01:55,37700.0,900.0,2869300.0
1113,2021-10-17 07:01:55,37700.0,4100.0,2868400.0
1114,2021-10-17 07:01:50,37700.0,900.0,2864300.0
1115,2021-10-17 07:01:50,37700.0,100.0,2863400.0
1116,2021-10-17 07:01:50,37700.0,200.0,2863300.0
1117,2021-10-17 07:01:50,37700.0,1800.0,2863100.0
1118,2021-10-17 07:01:50,37700.0,1200.0,2861300.0
1119,2021-10-17 07:01:50,37700.0,2000.0,2860100.0
1120,2021-10-17 07:01:50,37700.0,400.0,2858100.0
1121,2021-10-17 07:01:50,37700.0,200.0,2857700.0
1122,2021-10-17 07:01:50,37700.0,200.0,2857500.0
1123,2021-10-17 07:01:46,37700.0,100.0,2857300.0
1124,2021-10-17 07:01:46,37700.0,300.0,2857200.0
1125,2021-10-17 07:01:46,37700.0,500.0,2856900.0
1126,2021-10-17 07:01:46,37700.0,100.0,2856400.0
1127,2021-10-17 07:01:46,37700.0,1000.0,2856300.0
1128,2021-10-17 07:01:46,37700.0,100.0,2855300.0
1129,2021-10-17 07:01:46,37700.0,500.0,2855200.0
1130,2021-10-17 07:01:46,37700.0,100.0,2854700.0
1131,2021-10-17 07:01:46,37700.0,2000.0,2854600.0
1132,2021-10-17 07:01:46,37700.0,200.0,2852600.0
1133,2021-10-17 07:01:46,37700.0,100.0,2852400.0
1134,2021-10-17 07:01:27,37700.0,100.0,2852300.0
1135,2021-10-17 07:01:27,37700.0,200.0,2852200.0
1136,2021-10-17 07:01:27,37700.0,100.0,2852000.0
1137,2021-10-17 07:01:27,37700.0,600.0,2851900.0
1138,2021-10-17 07:01:18,37700.0,100.0,2851300.0
1139,2021-10-17 07:01:14,37650.0,200.0,2851200.0
1140,2021-10-17 07:01:02,37700.0,300.0,2851000.0
1141,2021-10-17 07:01:02,37700.0,200.0,2850700.0
1142,2021-10-17 07:01:02,37650.0,5000.0,2850500.0
1143,2021-10-17 07:01:02,37650.0,500.0,2845500.0
1144,2021-10-17 07:01:00,37650.0,100.0,2845000.0
1145,2021-10-17 07:01:00,37650.0,100.0,2844900.0
1146,2021-10-17 07:00:53,37600.0,200.0,2844800.0
1147,2021-10-17 07:00:51,37650.0,1500.0,2844600.0
1148,2021-10-17 07:00:51,37650.0,500.0,2843100.0
1149,2021-10-17 07:00:46,37650.0,100.0,2842600.0
1150,2021-10-17 07:00:45,37650.0,1300.0,2842500.0
1151,2021-10-17 07:00:45,37650.0,300.0,2841200.0
1152,2021-10-17 07:00:45,37650.0,2000.0,2840900.0
1153,2021-10-17 07:00:45,37650.0,1100.0,2838900.0
1154,2021-10-17 07:00:42,37600.0,200.0,2837800.0
1155,2021-10-17 07:00:41,37650.0,900.0,2837600.0
1156,2021-10-17 07:00:41,37650.0,4100.0,2836700.0
1157,2021-10-17 07:00:39,37600.0,700.0,2832600.0
1158,2021-10-17 07:00:33,37650.0,20000.0,2831900.0
1159,2021-10-17 07:00:28,37600.0,300.0,2811900.0
1160,2021-10-17 07:00:25,37600.0,1000.0,2811600.0
1161,2021-10-17 07:00:24,37600.0,300.0,2810600.0
1162,2021-10-17 07:00:20,37600.0,1000.0,2810300.0
1163,2021-10-17 07:00:20,37600.0,100.0,2809300.0
1164,2021-10-17 07:00:20,37600.0,500.0,2809200.0
1165,2021-10-17 07:00:20,37600.0,7200.0,2808700.0
1166,2021-10-17 07:00:12,37600.0,300.0,2801500.0
1167,2021-10-17 07:00:12,37600.0,300.0,2801200.0
1168,2021-10-17 07:00:12,37600.0,100.0,2800900.0
1169,2021-10-17 07:00:12,37600.0,100.0,2800800.0
1170,2021-10-17 07:00:11,37600.0,100.0,2800700.0
1171,2021-10-17 07:00:11,37600.0,200.0,2800600.0
1172,2021-10-17 07:00:07,37600.0,1100.0,2800400.0
1173,2021-10-17 07:00:04,37600.0,400.0,2799300.0
1174,2021-10-17 06:59:58,37600.0,200.0,2798900.0
1175,2021-10-17 06:59:58,37600.0,100.0,2798700.0
1176,2021-10-17 06:59:58,37600.0,400.0,2798600.0
1177,2021-10-17 06:59:52,37600.0,100.0,2798200.0
1178,2021-10-17 06:59:49,37600.0,200.0,2798100.0
1179,2021-10-17 06:59:48,37600.0,800.0,2797900.0
1180,2021-10-17 06:59:42,37600.0,1000.0,2797100.0
1181,2021-10-17 06:59:34,37600.0,500.0,2796100.0
1182,2021-10-17 06:59:31,37600.0,100.0,2795600.0
1183,2021-10-17 06:59:30,37600.0,100.0,2795500.0
1184,2021-10-17 06:59:30,37600.0,100.0,2795400.0
1185,2021-10-17 06:59:30,37600.0,400.0,2795300.0
1186,2021-10-17 06:59:30,37600.0,500.0,2794900.0
1187,2021-10-17 06:59:29,37600.0,100.0,2794400.0
1188,2021-10-17 06:59:24,37600.0,1000.0,2794300.0
1189,2021-10-17 06:59:22,37600.0,400.0,2793300.0
1190,2021-10-17 06:59:22,37600.0,100.0,2792900.0
1191,2021-10-17 06:59:22,37600.0,700.0,2792800.0
1192,2021-10-17 06:59:22,37600.0,100.0,2792100.0
1193,2021-10-17 06:59:22,37600.0,300.0,2792000.0
1194,2021-10-17 06:59:22,37600.0,400.0,2791700.0
1195,2021-10-17 06:59:22,37600.0,100.0,2791300.0
1196,2021-10-17 06:59:22,37600.0,100.0,2791200.0
1197,2021-10-17 06:59:22,37600.0,1000.0,2791100.0
1198,2021-10-17 06:59:22,37600.0,100.0,2790100.0
1199,2021-10-17 06:59:22,37600.0,6700.0,2790000.0
1200,2021-10-17 06:59:22,37600.0,600.0,2783300.0
1201,2021-10-17 06:59:19,37600.0,100.0,2782700.0
1202,2021-10-17 06:59:09,37600.0,2000.0,2782600.0
1203,2021-10-17 06:59:08,37600.0,600.0,2780600.0
1204,2021-10-17 06:59:08,37600.0,100.0,2780000.0
1205,2021-10-17 06:59:08,37600.0,100.0,2779900.0
1206,2021-10-17 06:59:08,37600.0,200.0,2779800.0
1207,2021-10-17 06:59:08,37600.0,100.0,2779600.0
1208,2021-10-17 06:59:08,37600.0,1000.0,2779500.0
1209,2021-10-17 06:59:08,37600.0,100.0,2778500.0
1210,2021-10-17 06:59:08,37600.0,200.0,2778400.0
1211,2021-10-17 06:59:08,37600.0,200.0,2778200.0
1212,2021-10-17 06:59:08,37600.0,500.0,2778000.0
1213,2021-10-17 06:59:08,37600.0,300.0,2777500.0
1214,2021-10-17 06:59:08,37600.0,400.0,2777200.0
1215,2021-10-17 06:59:08,37600.0,1000.0,2776800.0
1216,2021-10-17 06:59:08,37600.0,2000.0,2775800.0
1217,2021-10-17 06:59:08,37600.0,1000.0,2773800.0
1218,2021-10-17 06:59:08,37600.0,200.0,2772800.0
1219,2021-10-17 06:59:08,37600.0,100.0,2772600.0
1220,2021-10-17 06:59:08,37600.0,200.0,2772500.0
1221,2021-10-17 06:59:08,37600.0,1700.0,2772300.0
1222,2021-10-17 06:59:01,37600.0,100.0,2770600.0
1223,2021-10-17 06:58:58,37600.0,100.0,2770500.0
1224,2021-10-17 06:58:56,37600.0,100.0,2770400.0
1225,2021-10-17 06:58:51,37600.0,500.0,2770300.0
1226,2021-10-17 06:58:49,37600.0,5000.0,2769800.0
1227,2021-10-17 06:58:48,37550.0,400.0,2764800.0
1228,2021-10-17 06:58:48,37550.0,200.0,2764400.0
1229,2021-10-17 06:58:48,37550.0,1400.0,2764200.0
1230,2021-10-17 06:58:47,37600.0,100.0,2762800.0
1231,2021-10-17 06:58:47,37550.0,500.0,2762700.0
1232,2021-10-17 06:58:47,37600.0,100.0,2762200.0
1233,2021-10-17 06:58:46,37550.0,100.0,2762100.0
1234,2021-10-17 06:58:46,37550.0,200.0,2762000.0
1235,2021-10-17 06:58:46,37550.0,100.0,2761800.0
1236,2021-10-17 06:58:43,37600.0,1000.0,2761700.0
1237,2021-10-17 06:58:42,37550.0,200.0,2760700.0
1238,2021-10-17 06:58:32,37550.0,500.0,2760500.0
1239,2021-10-17 06:58:32,37550.0,100.0,2760000.0
1240,2021-10-17 06:58:31,37550.0,900.0,2759900.0
1241,2021-10-17 06:58:31,37550.0,100.0,2759000.0
1242,2021-10-17 06:58:31,37550.0,200.0,2758900.0
1243,2021-10-17 06:58:31,37550.0,200.0,2758700.0
1244,2021-10-17 06:58:28,37600.0,10000.0,2758500.0
1245,2021-10-17 06:58:26,37550.0,1000.0,2748500.0
1246,2021-10-17 06:58:26,37550.0,200.0,2747500.0
1247,2021-10-17 06:58:26,37550.0,500.0,2747300.0
1248,2021-10-17 06:58:26,37550.0,100.0,2746800.0
1249,2021-10-17 06:58:25,37550.0,1900.0,2746700.0
1250,2021-10-17 06:58:25,37550.0,100.0,2744800.0
1251,2021-10-17 06:58:21,37550.0,100.0,2744700.0
1252,2021-10-17 06:58:18,37550.0,700.0,2744600.0
1253,2021-10-17 06:58:18,37550.0,300.0,2743900.0
1254,2021-10-17 06:58:15,37500.0,400.0,2743600.0
1255,2021-10-17 06:58:15,37550.0,100.0,2743200.0
1256,2021-10-17 06:58:14,37550.0,100.0,2743100.0
1257,2021-10-17 06:58:14,37550.0,100.0,2743000.0
1258,2021-10-17 06:58:09,37550.0,500.0,2742900.0
1259,2021-10-17 06:58:08,37500.0,100.0,2742400.0
1260,2021-10-17 06:58:07,37500.0,200.0,2742300.0
1261,2021-10-17 06:58:06,37500.0,100.0,2742100.0
1262,2021-10-17 06:58:01,37500.0,100.0,2742000.0
1263,2021-10-17 06:58:01,37500.0,100.0,2741900.0
1264,2021-10-17 06:57:56,37500.0,200.0,2741800.0
1265,2021-10-17 06:57:45,37500.0,10000.0,2741600.0
1266,2021-10-17 06:57:44,37550.0,400.0,2731600.0
1267,2021-10-17 06:57:44,37550.0,100.0,2731200.0
1268,2021-10-17 06:57:41,37500.0,1000.0,2731100.0
1269,2021-10-17 06:57:41,37500.0,400.0,2730100.0
1270,2021-10-17 06:57:38,37500.0,100.0,2729700.0
1271,2021-10-17 06:57:38,37500.0,200.0,2729600.0
1272,2021-10-17 06:57:29,37600.0,1300.0,2729400.0
1273,2021-10-17 06:57:29,37600.0,700.0,2728100.0
1274,2021-10-17 06:57:29,37600.0,2300.0,2727400.0
1275,2021-10-17 06:57:29,37600.0,1000.0,2725100.0
1276,2021-10-17 06:57:29,37600.0,500.0,2724100.0
1277,2021-10-17 06:57:29,37600.0,1400.0,2723600.0
1278,2021-10-17 06:57:29,37550.0,300.0,2722200.0
1279,2021-10-17 06:57:29,37500.0,4500.0,2721900.0
1280,2021-10-17 06:57:24,37500.0,500.0,2717400.0
1281,2021-10-17 06:57:24,37500.0,100.0,2716900.0
1282,2021-10-17 06:57:24,37500.0,900.0,2716800.0
1283,2021-10-17 06:57:22,37500.0,100.0,2715900.0
1284,2021-10-17 06:57:20,37500.0,2000.0,2715800.0
1285,2021-10-17 06:57:20,37500.0,5000.0,2713800.0
1286,2021-10-17 06:57:20,37500.0,200.0,2708800.0
1287,2021-10-17 06:57:20,37500.0,2700.0,2708600.0
1288,2021-10-17 06:57:15,37600.0,600.0,2705900.0
1289,2021-10-17 06:57:15,37600.0,100.0,2705300.0
1290,2021-10-17 06:57:15,37600.0,1000.0,2705200.0
1291,2021-10-17 06:57:15,37600.0,1000.0,2704200.0
1292,2021-10-17 06:57:15,37600.0,1000.0,2703200.0
1293,2021-10-17 06:57:15,37600.0,200.0,2702200.0
1294,2021-10-17 06:57:15,37600.0,100.0,2702000.0
1295,2021-10-17 06:57:15,37600.0,100.0,2701900.0
1296,2021-10-17 06:57:15,37600.0,100.0,2701800.0
1297,2021-10-17 06:57:15,37600.0,800.0,2701700.0
1298,2021-10-17 06:57:13,37500.0,1000.0,2700900.0
1299,2021-10-17 06:57:13,37500.0,500.0,2699900.0
1300,2021-10-17 06:57:13,37500.0,600.0,2699400.0
1301,2021-10-17 06:57:13,37500.0,100.0,2698800.0
1302,2021-10-17 06:57:13,37500.0,1000.0,2698700.0
1303,2021-10-17 06:57:13,37500.0,100.0,2697700.0
1304,2021-10-17 06:57:02,37400.0,2900.0,2697600.0
1305,2021-10-17 06:57:02,37400.0,500.0,2694700.0
1306,2021-10-17 06:57:02,37500.0,100.0,2694200.0
1307,2021-10-17 06:57:02,37500.0,1500.0,2694100.0
1308,2021-10-17 06:57:01,37600.0,9200.0,2692600.0
1309,2021-10-17 06:57:01,37600.0,1000.0,2683400.0
1310,2021-10-17 06:57:01,37600.0,400.0,2682400.0
1311,2021-10-17 06:57:01,37600.0,1600.0,2682000.0
1312,2021-10-17 06:57:01,37550.0,500.0,2680400.0
1313,2021-10-17 06:57:01,37550.0,200.0,2679900.0
1314,2021-10-17 06:57:01,37550.0,2000.0,2679700.0
1315,2021-10-17 06:57:01,37550.0,5000.0,2677700.0
1316,2021-10-17 06:57:01,37550.0,100.0,2672700.0
1317,2021-10-17 06:57:00,37500.0,200.0,2672600.0
1318,2021-10-17 06:56:56,37500.0,300.0,2672400.0
1319,2021-10-17 06:56:56,37500.0,100.0,2672100.0
1320,2021-10-17 06:56:56,37500.0,200.0,2672000.0
1321,2021-10-17 06:56:54,37500.0,300.0,2671800.0
1322,2021-10-17 06:56:54,37500.0,200.0,2671500.0
1323,2021-10-17 06:56:54,37500.0,2000.0,2671300.0
1324,2021-10-17 06:56:54,37500.0,5000.0,2669300.0
1325,2021-10-17 06:56:54,37500.0,1000.0,2664300.0
1326,2021-10-17 06:56:54,37500.0,1200.0,2663300.0
1327,2021-10-17 06:56:44,37500.0,300.0,2662100.0
1328,2021-10-17 06:56:41,37300.0,100.0,2661800.0
1329,2021-10-17 06:56:40,37500.0,3500.0,2661700.0
1330,2021-10-17 06:56:39,37500.0,1500.0,2658200.0
1331,2021-10-17 06:56:39,37300.0,200.0,2656700.0
1332,2021-10-17 06:56:39,37300.0,100.0,2656500.0
1333,2021-10-17 06:56:39,37300.0,1000.0,2656400.0
1334,2021-10-17 06:56:39,37300.0,100.0,2655400.0
1335,2021-10-17 06:56:37,37500.0,400.0,2655300.0
1336,2021-10-17 06:56:31,37500.0,200.0,2654900.0
1337,2021-10-17 06:56:28,37550.0,900.0,2654700.0
1338,2021-10-17 06:56:25,37550.0,300.0,2653800.0
1339,2021-10-17 06:56:24,37600.0,100.0,2653500.0
1340,2021-10-17 06:56:23,37600.0,100.0,2653400.0
1341,2021-10-17 06:56:23,37600.0,100.0,2653300.0
1342,2021-10-17 06:56:18,37400.0,500.0,2653200.0
1343,2021-10-17 06:56:18,37400.0,300.0,2652700.0
1344,2021-10-17 06:56:18,37400.0,1000.0,2652400.0
1345,2021-10-17 06:56:18,37400.0,200.0,2651400.0
1346,2021-10-17 06:56:18,37400.0,100.0,2651200.0
1347,2021-10-17 06:56:18,37450.0,1000.0,2651100.0
1348,2021-10-17 06:56:18,37450.0,1400.0,2650100.0
1349,2021-10-17 06:56:18,37500.0,1000.0,2648700.0
1350,2021-10-17 06:56:18,37500.0,100.0,2647700.0
1351,2021-10-17 06:56:18,37500.0,200.0,2647600.0
1352,2021-10-17 06:56:18,37500.0,200.0,2647400.0
1353,2021-10-17 06:56:18,37500.0,200.0,2647200.0
1354,2021-10-17 06:56:18,37500.0,1000.0,2647000.0
1355,2021-10-17 06:56:18,37500.0,1000.0,2646000.0
1356,2021-10-17 06:56:18,37500.0,1300.0,2645000.0
1357,2021-10-17 06:56:18,37500.0,100.0,2643700.0
1358,2021-10-17 06:56:18,37500.0,2000.0,2643600.0
1359,2021-10-17 06:56:18,37500.0,5000.0,2641600.0
1360,2021-10-17 06:56:18,37500.0,500.0,2636600.0
1361,2021-10-17 06:56:18,37550.0,200.0,2636100.0
1362,2021-10-17 06:56:18,37550.0,700.0,2635900.0
1363,2021-10-17 06:56:16,37550.0,300.0,2635200.0
1364,2021-10-17 06:56:15,37600.0,3000.0,2634900.0
1365,2021-10-17 06:56:11,37600.0,100.0,2631900.0
1366,2021-10-17 06:56:11,37600.0,1800.0,2631800.0
1367,2021-10-17 06:56:11,37600.0,100.0,2630000.0
1368,2021-10-17 06:56:11,37650.0,300.0,2629900.0
1369,2021-10-17 06:56:10,37600.0,100.0,2629600.0
1370,2021-10-17 06:56:10,37600.0,1000.0,2629500.0
1371,2021-10-17 06:56:09,37600.0,1000.0,2628500.0
1372,2021-10-17 06:56:08,37600.0,500.0,2627500.0
1373,2021-10-17 06:56:07,37600.0,100.0,2627000.0
1374,2021-10-17 06:56:05,37600.0,800.0,2626900.0
1375,2021-10-17 06:56:03,37600.0,200.0,2626100.0
1376,2021-10-17 06:56:02,37600.0,200.0,2625900.0
1377,2021-10-17 06:56:00,37600.0,2000.0,2625700.0
1378,2021-10-17 06:55:59,37600.0,500.0,2623700.0
1379,2021-10-17 06:55:59,37600.0,200.0,2623200.0
1380,2021-10-17 06:55:57,37550.0,100.0,2623000.0
1381,2021-10-17 06:55:57,37550.0,200.0,2622900.0
1382,2021-10-17 06:55:57,37600.0,300.0,2622700.0
1383,2021-10-17 06:55:55,37600.0,200.0,2622400.0
1384,2021-10-17 06:55:54,37600.0,2000.0,2622200.0
1385,2021-10-17 06:55:54,37600.0,200.0,2620200.0
1386,2021-10-17 06:55:54,37600.0,400.0,2620000.0
1387,2021-10-17 06:55:54,37600.0,600.0,2619600.0
1388,2021-10-17 06:55:54,37600.0,100.0,2619000.0
1389,2021-10-17 06:55:54,37600.0,100.0,2618900.0
1390,2021-10-17 06:55:54,37600.0,100.0,2618800.0
1391,2021-10-17 06:55:54,37600.0,600.0,2618700.0
1392,2021-10-17 06:55:49,37600.0,1000.0,2618100.0
1393,2021-10-17 06:55:44,37650.0,400.0,2617100.0
1394,2021-10-17 06:55:41,37600.0,400.0,2616700.0
1395,2021-10-17 06:55:41,37600.0,1000.0,2616300.0
1396,2021-10-17 06:55:41,37600.0,200.0,2615300.0
1397,2021-10-17 06:55:41,37600.0,1400.0,2615100.0
1398,2021-10-17 06:55:39,37650.0,100.0,2613700.0
1399,2021-10-17 06:55:39,37650.0,500.0,2613600.0
1400,2021-10-17 06:55:39,37650.0,200.0,2613100.0
1401,2021-10-17 06:55:39,37650.0,2300.0,2612900.0
1402,2021-10-17 06:55:39,37650.0,100.0,2610600.0
1403,2021-10-17 06:55:39,37650.0,300.0,2610500.0
1404,2021-10-17 06:55:39,37650.0,300.0,2610200.0
1405,2021-10-17 06:55:39,37650.0,500.0,2609900.0
1406,2021-10-17 06:55:39,37650.0,200.0,2609400.0
1407,2021-10-17 06:55:39,37650.0,700.0,2609200.0
1408,2021-10-17 06:55:39,37700.0,400.0,2608500.0
1409,2021-10-17 06:55:37,37700.0,300.0,2608100.0
1410,2021-10-17 06:55:37,37650.0,300.0,2607800.0
1411,2021-10-17 06:55:37,37650.0,700.0,2607500.0
1412,2021-10-17 06:55:36,37700.0,1000.0,2606800.0
1413,2021-10-17 06:55:34,37700.0,1700.0,2605800.0
1414,2021-10-17 06:55:34,37700.0,200.0,2604100.0
1415,2021-10-17 06:55:26,37700.0,200.0,2603900.0
1416,2021-10-17 06:55:25,37700.0,200.0,2603700.0
1417,2021-10-17 06:55:25,37700.0,100.0,2603500.0
1418,2021-10-17 06:55:25,37700.0,300.0,2603400.0
1419,2021-10-17 06:55:23,37650.0,1000.0,2603100.0
1420,2021-10-17 06:55:23,37700.0,100.0,2602100.0
1421,2021-10-17 06:55:22,37700.0,600.0,2602000.0
1422,2021-10-17 06:55:22,37700.0,400.0,2601400.0
1423,2021-10-17 06:55:19,37700.0,600.0,2601000.0
1424,2021-10-17 06:55:19,37700.0,1000.0,2600400.0
1425,2021-10-17 06:55:19,37700.0,100.0,2599400.0
1426,2021-10-17 06:55:19,37700.0,3300.0,2599300.0
1427,2021-10-17 06:55:19,37700.0,2300.0,2596000.0
1428,2021-10-17 06:55:17,37700.0,800.0,2593700.0
1429,2021-10-17 06:55:17,37700.0,1000.0,2592900.0
1430,2021-10-17 06:55:14,37650.0,1000.0,2591900.0
1431,2021-10-17 06:55:14,37700.0,1600.0,2590900.0
1432,2021-10-17 06:55:14,37700.0,400.0,2589300.0
1433,2021-10-17 06:55:12,37700.0,600.0,2588900.0
1434,2021-10-17 06:55:12,37700.0,100.0,2588300.0
1435,2021-10-17 06:55:00,37700.0,100.0,2588200.0
1436,2021-10-17 06:54:59,37700.0,100.0,2588100.0
1437,2021-10-17 06:54:58,37700.0,300.0,2588000.0
1438,2021-10-17 06:54:58,37700.0,100.0,2587700.0
1439,2021-10-17 06:54:57,37700.0,200.0,2587600.0
1440,2021-10-17 06:54:57,37700.0,400.0,2587400.0
1441,2021-10-17 06:54:56,37700.0,500.0,2587000.0
1442,2021-10-17 06:54:55,37700.0,200.0,2586500.0
1443,2021-10-17 06:54:49,37700.0,1000.0,2586300.0
1444,2021-10-17 06:54:48,37700.0,1800.0,2585300.0
1445,2021-10-17 06:54:48,37700.0,100.0,2583500.0
1446,2021-10-17 06:54:48,37700.0,100.0,2583400.0
1447,2021-10-17 06:54:48,37700.0,200.0,2583300.0
1448,2021-10-17 06:54:48,37700.0,100.0,2583100.0
1449,2021-10-17 06:54:48,37700.0,1000.0,2583000.0
1450,2021-10-17 06:54:48,37700.0,1000.0,2582000.0
1451,2021-10-17 06:54:48,37700.0,200.0,2581000.0
1452,2021-10-17 06:54:48,37700.0,100.0,2580800.0
1453,2021-10-17 06:54:48,37700.0,1000.0,2580700.0
1454,2021-10-17 06:54:48,37700.0,100.0,2579700.0
1455,2021-10-17 06:54:48,37700.0,100.0,2579600.0
1456,2021-10-17 06:54:48,37700.0,1000.0,2579500.0
1457,2021-10-17 06:54:48,37700.0,1000.0,2578500.0
1458,2021-10-17 06:54:48,37700.0,100.0,2577500.0
1459,2021-10-17 06:54:48,37700.0,1000.0,2577400.0
1460,2021-10-17 06:54:48,37700.0,300.0,2576400.0
1461,2021-10-17 06:54:48,37700.0,2100.0,2576100.0
1462,2021-10-17 06:54:48,37650.0,300.0,2574000.0
1463,2021-10-17 06:54:48,37650.0,100.0,2573700.0
1464,2021-10-17 06:54:48,37650.0,200.0,2573600.0
1465,2021-10-17 06:54:48,37650.0,400.0,2573400.0
1466,2021-10-17 06:54:47,37700.0,2000.0,2573000.0
1467,2021-10-17 06:54:45,37650.0,100.0,2571000.0
1468,2021-10-17 06:54:41,37700.0,100.0,2570900.0
1469,2021-10-17 06:54:35,37700.0,800.0,2570800.0
1470,2021-10-17 06:54:34,37650.0,100.0,2570000.0
1471,2021-10-17 06:54:30,37650.0,2000.0,2569900.0
1472,2021-10-17 06:54:28,37650.0,200.0,2567900.0
1473,2021-10-17 06:54:27,37650.0,500.0,2567700.0
1474,2021-10-17 06:54:24,37650.0,300.0,2567200.0
1475,2021-10-17 06:54:22,37700.0,5000.0,2566900.0
1476,2021-10-17 06:54:21,37650.0,300.0,2561900.0
1477,2021-10-17 06:54:21,37650.0,100.0,2561600.0
1478,2021-10-17 06:54:21,37650.0,500.0,2561500.0
1479,2021-10-17 06:54:21,37650.0,2200.0,2561000.0
1480,2021-10-17 06:54:20,37650.0,2800.0,2558800.0
1481,2021-10-17 06:54:20,37650.0,100.0,2556000.0
1482,2021-10-17 06:54:20,37650.0,100.0,2555900.0
1483,2021-10-17 06:54:20,37650.0,600.0,2555800.0
1484,2021-10-17 06:54:20,37650.0,300.0,2555200.0
1485,2021-10-17 06:54:17,37650.0,100.0,2554900.0
1486,2021-10-17 06:54:17,37650.0,1000.0,2554800.0
1487,2021-10-17 06:54:15,37650.0,400.0,2553800.0
1488,2021-10-17 06:54:13,37650.0,200.0,2553400.0
1489,2021-10-17 06:54:12,37600.0,200.0,2553200.0
1490,2021-10-17 06:54:12,37600.0,100.0,2553000.0
1491,2021-10-17 06:54:11,37650.0,200.0,2552900.0
1492,2021-10-17 06:54:10,37650.0,400.0,2552700.0
1493,2021-10-17 06:54:07,37650.0,200.0,2552300.0
1494,2021-10-17 06:54:06,37650.0,1500.0,2552100.0
1495,2021-10-17 06:54:04,37650.0,2000.0,2550600.0
1496,2021-10-17 06:54:03,37650.0,1400.0,2548600.0
1497,2021-10-17 06:54:03,37650.0,2000.0,2547200.0
1498,2021-10-17 06:54:02,37650.0,100.0,2545200.0
1499,2021-10-17 06:54:02,37650.0,200.0,2545100.0
1500,2021-10-17 06:54:00,37650.0,500.0,2544900.0
1501,2021-10-17 06:53:55,37650.0,500.0,2544400.0
1502,2021-10-17 06:53:53,37600.0,1400.0,2543900.0
1503,2021-10-17 06:53:53,37600.0,500.0,2542500.0
1504,2021-10-17 06:53:53,37600.0,500.0,2542000.0
1505,2021-10-17 06:53:53,37600.0,100.0,2541500.0
1506,2021-10-17 06:53:53,37600.0,100.0,2541400.0
1507,2021-10-17 06:53:53,37600.0,1900.0,2541300.0
1508,2021-10-17 06:53:53,37600.0,3000.0,2539400.0
1509,2021-10-17 06:53:53,37600.0,2500.0,2536400.0
1510,2021-10-17 06:53:45,37650.0,200.0,2533900.0
1511,2021-10-17 06:53:45,37650.0,500.0,2533700.0
1512,2021-10-17 06:53:45,37650.0,100.0,2533200.0
1513,2021-10-17 06:53:45,37650.0,100.0,2533100.0
1514,2021-10-17 06:53:44,37600.0,500.0,2533000.0
1515,2021-10-17 06:53:44,37600.0,500.0,2532500.0
1516,2021-10-17 06:53:34,37600.0,100.0,2532000.0
1517,2021-10-17 06:53:30,37600.0,800.0,2531900.0
1518,2021-10-17 06:53:30,37650.0,100.0,2531100.0
1519,2021-10-17 06:53:30,37600.0,1000.0,2531000.0
1520,2021-10-17 06:53:26,37600.0,100.0,2530000.0
1521,2021-10-17 06:53:26,37600.0,200.0,2529900.0
1522,2021-10-17 06:53:26,37600.0,300.0,2529700.0
1523,2021-10-17 06:53:25,37600.0,200.0,2529400.0
1524,2021-10-17 06:53:24,37600.0,100.0,2529200.0
1525,2021-10-17 06:53:24,37600.0,2300.0,2529100.0
1526,2021-10-17 06:53:23,37600.0,2400.0,2526800.0
1527,2021-10-17 06:53:23,37600.0,400.0,2524400.0
1528,2021-10-17 06:53:23,37600.0,800.0,2524000.0
1529,2021-10-17 06:53:23,37600.0,100.0,2523200.0
1530,2021-10-17 06:53:22,37600.0,500.0,2523100.0
1531,2021-10-17 06:53:22,37550.0,300.0,2522600.0
1532,2021-10-17 06:53:22,37550.0,700.0,2522300.0
1533,2021-10-17 06:53:18,37600.0,200.0,2521600.0
1534,2021-10-17 06:53:18,37600.0,100.0,2521400.0
1535,2021-10-17 06:53:13,37550.0,900.0,2521300.0
1536,2021-10-17 06:53:12,37600.0,400.0,2520400.0
1537,2021-10-17 06:53:12,37600.0,100.0,2520000.0
1538,2021-10-17 06:53:11,37600.0,200.0,2519900.0
1539,2021-10-17 06:53:11,37600.0,100.0,2519700.0
1540,2021-10-17 06:53:11,37600.0,100.0,2519600.0
1541,2021-10-17 06:53:11,37600.0,100.0,2519500.0
1542,2021-10-17 06:53:11,37600.0,10000.0,2519400.0
1543,2021-10-17 06:53:11,37600.0,100.0,2509400.0
1544,2021-10-17 06:53:11,37600.0,1000.0,2509300.0
1545,2021-10-17 06:53:11,37600.0,100.0,2508300.0
1546,2021-10-17 06:53:11,37600.0,2000.0,2508200.0
1547,2021-10-17 06:53:11,37600.0,200.0,2506200.0
1548,2021-10-17 06:53:11,37600.0,2000.0,2506000.0
1549,2021-10-17 06:53:11,37600.0,100.0,2504000.0
1550,2021-10-17 06:53:11,37600.0,1000.0,2503900.0
1551,2021-10-17 06:53:11,37600.0,100.0,2502900.0
1552,2021-10-17 06:53:11,37600.0,500.0,2502800.0
1553,2021-10-17 06:53:11,37600.0,1000.0,2502300.0
1554,2021-10-17 06:53:11,37600.0,3400.0,2501300.0
1555,2021-10-17 06:53:11,37600.0,500.0,2497900.0
1556,2021-10-17 06:53:11,37600.0,500.0,2497400.0
1557,2021-10-17 06:53:11,37550.0,400.0,2496900.0
1558,2021-10-17 06:53:10,37550.0,700.0,2496500.0
1559,2021-10-17 06:53:10,37550.0,300.0,2495800.0
1560,2021-10-17 06:52:57,37550.0,100.0,2495500.0
1561,2021-10-17 06:52:56,37550.0,100.0,2495400.0
1562,2021-10-17 06:52:56,37550.0,100.0,2495300.0
1563,2021-10-17 06:52:56,37550.0,500.0,2495200.0
1564,2021-10-17 06:52:56,37550.0,10000.0,2494700.0
1565,2021-10-17 06:52:56,37550.0,3400.0,2484700.0
1566,2021-10-17 06:52:56,37550.0,400.0,2481300.0
1567,2021-10-17 06:52:56,37500.0,300.0,2480900.0
1568,2021-10-17 06:52:52,37500.0,200.0,2480600.0
1569,2021-10-17 06:52:49,37500.0,200.0,2480400.0
1570,2021-10-17 06:52:42,37500.0,100.0,2480200.0
1571,2021-10-17 06:52:42,37500.0,100.0,2480100.0
1572,2021-10-17 06:52:42,37500.0,1800.0,2480000.0
1573,2021-10-17 06:52:38,37550.0,1000.0,2478200.0
1574,2021-10-17 06:52:34,37500.0,800.0,2477200.0
1575,2021-10-17 06:52:34,37500.0,100.0,2476400.0
1576,2021-10-17 06:52:34,37500.0,100.0,2476300.0
1577,2021-10-17 06:52:31,37550.0,700.0,2476200.0
1578,2021-10-17 06:52:31,37550.0,200.0,2475500.0
1579,2021-10-17 06:52:31,37500.0,100.0,2475300.0
1580,2021-10-17 06:52:31,37500.0,300.0,2475200.0
1581,2021-10-17 06:52:31,37500.0,500.0,2474900.0
1582,2021-10-17 06:52:31,37500.0,200.0,2474400.0
1583,2021-10-17 06:52:30,37500.0,100.0,2474200.0
1584,2021-10-17 06:52:30,37500.0,100.0,2474100.0
1585,2021-10-17 06:52:30,37500.0,100.0,2474000.0
1586,2021-10-17 06:52:30,37500.0,100.0,2473900.0
1587,2021-10-17 06:52:30,37500.0,1000.0,2473800.0
1588,2021-10-17 06:52:30,37500.0,1000.0,2472800.0
1589,2021-10-17 06:52:30,37500.0,1000.0,2471800.0
1590,2021-10-17 06:52:30,37500.0,100.0,2470800.0
1591,2021-10-17 06:52:30,37500.0,100.0,2470700.0
1592,2021-10-17 06:52:30,37500.0,500.0,2470600.0
1593,2021-10-17 06:52:30,37500.0,100.0,2470100.0
1594,2021-10-17 06:52:30,37500.0,500.0,2470000.0
1595,2021-10-17 06:52:30,37500.0,100.0,2469500.0
1596,2021-10-17 06:52:30,37500.0,100.0,2469400.0
1597,2021-10-17 06:52:26,37500.0,500.0,2469300.0
1598,2021-10-17 06:52:26,37500.0,600.0,2468800.0
1599,2021-10-17 06:52:26,37500.0,900.0,2468200.0
1600,2021-10-17 06:52:24,37500.0,200.0,2467300.0
1601,2021-10-17 06:52:24,37500.0,1400.0,2467100.0
1602,2021-10-17 06:52:22,37500.0,900.0,2465700.0
1603,2021-10-17 06:52:22,37500.0,100.0,2464800.0
1604,2021-10-17 06:52:22,37500.0,900.0,2464700.0
1605,2021-10-17 06:52:22,37500.0,300.0,2463800.0
1606,2021-10-17 06:52:22,37500.0,400.0,2463500.0
1607,2021-10-17 06:52:22,37500.0,1000.0,2463100.0
1608,2021-10-17 06:52:22,37500.0,300.0,2462100.0
1609,2021-10-17 06:52:22,37500.0,10000.0,2461800.0
1610,2021-10-17 06:52:22,37500.0,500.0,2451800.0
1611,2021-10-17 06:52:22,37500.0,3800.0,2451300.0
1612,2021-10-17 06:52:22,37500.0,100.0,2447500.0
1613,2021-10-17 06:52:22,37500.0,300.0,2447400.0
1614,2021-10-17 06:52:21,37500.0,700.0,2447100.0
1615,2021-10-17 06:52:21,37500.0,300.0,2446400.0
1616,2021-10-17 06:52:19,37500.0,200.0,2446100.0
1617,2021-10-17 06:52:19,37500.0,2000.0,2445900.0
1618,2021-10-17 06:52:19,37500.0,100.0,2443900.0
1619,2021-10-17 06:52:19,37500.0,500.0,2443800.0
1620,2021-10-17 06:52:19,37500.0,500.0,2443300.0
1621,2021-10-17 06:52:19,37500.0,200.0,2442800.0
1622,2021-10-17 06:52:19,37500.0,500.0,2442600.0
1623,2021-10-17 06:52:19,37500.0,100.0,2442100.0
1624,2021-10-17 06:52:19,37500.0,200.0,2442000.0
1625,2021-10-17 06:52:19,37500.0,200.0,2441800.0
1626,2021-10-17 06:52:19,37500.0,100.0,2441600.0
1627,2021-10-17 06:52:19,37500.0,500.0,2441500.0
1628,2021-10-17 06:52:19,37500.0,1000.0,2441000.0
1629,2021-10-17 06:52:19,37500.0,500.0,2440000.0
1630,2021-10-17 06:52:19,37500.0,2000.0,2439500.0
1631,2021-10-17 06:52:19,37500.0,1000.0,2437500.0
1632,2021-10-17 06:52:19,37500.0,200.0,2436500.0
1633,2021-10-17 06:52:19,37500.0,700.0,2436300.0
1634,2021-10-17 06:52:19,37500.0,800.0,2435600.0
1635,2021-10-17 06:52:19,37500.0,100.0,2434800.0
1636,2021-10-17 06:52:19,37500.0,200.0,2434700.0
1637,2021-10-17 06:52:19,37500.0,900.0,2434500.0
1638,2021-10-17 06:52:19,37500.0,100.0,2433600.0
1639,2021-10-17 06:52:19,37500.0,3600.0,2433500.0
1640,2021-10-17 06:52:18,37500.0,1400.0,2429900.0
1641,2021-10-17 06:52:18,37500.0,100.0,2428500.0
1642,2021-10-17 06:52:16,37500.0,100.0,2428400.0
1643,2021-10-17 06:52:15,37500.0,500.0,2428300.0
1644,2021-10-17 06:52:14,37500.0,2000.0,2427800.0
1645,2021-10-17 06:52:13,37500.0,1000.0,2425800.0
1646,2021-10-17 06:52:13,37500.0,500.0,2424800.0
1647,2021-10-17 06:52:09,37500.0,100.0,2424300.0
1648,2021-10-17 06:52:09,37500.0,700.0,2424200.0
1649,2021-10-17 06:52:09,37500.0,1300.0,2423500.0
1650,2021-10-17 06:52:08,37500.0,100.0,2422200.0
1651,2021-10-17 06:52:07,37500.0,2000.0,2422100.0
1652,2021-10-17 06:52:05,37500.0,1000.0,2420100.0
1653,2021-10-17 06:52:03,37500.0,600.0,2419100.0
1654,2021-10-17 06:52:03,37500.0,10000.0,2418500.0
1655,2021-10-17 06:52:03,37500.0,5900.0,2408500.0
1656,2021-10-17 06:52:02,37500.0,2000.0,2402600.0
1657,2021-10-17 06:52:01,37450.0,1000.0,2400600.0
1658,2021-10-17 06:52:01,37500.0,1800.0,2399600.0
1659,2021-10-17 06:52:00,37500.0,3000.0,2397800.0
1660,2021-10-17 06:52:00,37500.0,100.0,2394800.0
1661,2021-10-17 06:51:55,37450.0,100.0,2394700.0
1662,2021-10-17 06:51:53,37500.0,100.0,2394600.0
1663,2021-10-17 06:51:51,37500.0,2000.0,2394500.0
1664,2021-10-17 06:51:46,37500.0,100.0,2392500.0
1665,2021-10-17 06:51:46,37450.0,100.0,2392400.0
1666,2021-10-17 06:51:46,37450.0,100.0,2392300.0
1667,2021-10-17 06:51:46,37450.0,100.0,2392200.0
1668,2021-10-17 06:51:46,37450.0,100.0,2392100.0
1669,2021-10-17 06:51:43,37400.0,3700.0,2392000.0
1670,2021-10-17 06:51:43,37400.0,500.0,2388300.0
1671,2021-10-17 06:51:43,37400.0,200.0,2387800.0
1672,2021-10-17 06:51:43,37400.0,4600.0,2387600.0
1673,2021-10-17 06:51:41,37400.0,400.0,2383000.0
1674,2021-10-17 06:51:38,37400.0,1000.0,2382600.0
1675,2021-10-17 06:51:35,37400.0,1000.0,2381600.0
1676,2021-10-17 06:51:33,37400.0,100.0,2380600.0
1677,2021-10-17 06:51:33,37400.0,200.0,2380500.0
1678,2021-10-17 06:51:32,37400.0,200.0,2380300.0
1679,2021-10-17 06:51:32,37400.0,1000.0,2380100.0
1680,2021-10-17 06:51:31,37350.0,1000.0,2379100.0
1681,2021-10-17 06:51:30,37400.0,1000.0,2378100.0
1682,2021-10-17 06:51:30,37400.0,100.0,2377100.0
1683,2021-10-17 06:51:29,37400.0,1900.0,2377000.0
1684,2021-10-17 06:51:29,37400.0,1300.0,2375100.0
1685,2021-10-17 06:51:29,37400.0,100.0,2373800.0
1686,2021-10-17 06:51:29,37400.0,1700.0,2373700.0
1687,2021-10-17 06:51:29,37400.0,200.0,2372000.0
1688,2021-10-17 06:51:23,37400.0,100.0,2371800.0
1689,2021-10-17 06:51:23,37400.0,100.0,2371700.0
1690,2021-10-17 06:51:23,37400.0,100.0,2371600.0
1691,2021-10-17 06:51:23,37400.0,200.0,2371500.0
1692,2021-10-17 06:51:23,37400.0,500.0,2371300.0
1693,2021-10-17 06:51:22,37350.0,100.0,2370800.0
1694,2021-10-17 06:51:22,37350.0,200.0,2370700.0
1695,2021-10-17 06:51:22,37350.0,1000.0,2370500.0
1696,2021-10-17 06:51:22,37350.0,100.0,2369500.0
1697,2021-10-17 06:51:22,37350.0,600.0,2369400.0
1698,2021-10-17 06:51:22,37350.0,1400.0,2368800.0
1699,2021-10-17 06:51:22,37350.0,100.0,2367400.0
1700,2021-10-17 06:51:13,37350.0,100.0,2367300.0
1701,2021-10-17 06:51:13,37300.0,1000.0,2367200.0
1702,2021-10-17 06:51:13,37300.0,100.0,2366200.0
1703,2021-10-17 06:51:13,37300.0,200.0,2366100.0
1704,2021-10-17 06:51:13,37300.0,100.0,2365900.0
1705,2021-10-17 06:51:13,37300.0,100.0,2365800.0
1706,2021-10-17 06:51:13,37300.0,400.0,2365700.0
1707,2021-10-17 06:51:12,37300.0,100.0,2365300.0
1708,2021-10-17 06:51:12,37300.0,2000.0,2365200.0
1709,2021-10-17 06:51:12,37300.0,100.0,2363200.0
1710,2021-10-17 06:51:12,37300.0,500.0,2363100.0
1711,2021-10-17 06:51:12,37300.0,100.0,2362600.0
1712,2021-10-17 06:51:12,37300.0,200.0,2362500.0
1713,2021-10-17 06:51:12,37300.0,100.0,2362300.0
1714,2021-10-17 06:51:12,37300.0,100.0,2362200.0
1715,2021-10-17 06:51:12,37300.0,100.0,2362100.0
1716,2021-10-17 06:51:12,37300.0,700.0,2362000.0
1717,2021-10-17 06:51:10,37300.0,1300.0,2361300.0
1718,2021-10-17 06:51:10,37300.0,100.0,2360000.0
1719,2021-10-17 06:51:10,37300.0,1000.0,2359900.0
1720,2021-10-17 06:51:10,37300.0,2400.0,2358900.0
1721,2021-10-17 06:51:09,37300.0,700.0,2356500.0
1722,2021-10-17 06:51:09,37300.0,1200.0,2355800.0
1723,2021-10-17 06:51:07,37300.0,5700.0,2354600.0
1724,2021-10-17 06:51:07,37300.0,1100.0,2348900.0
1725,2021-10-17 06:51:07,37300.0,1000.0,2347800.0
1726,2021-10-17 06:51:07,37300.0,2000.0,2346800.0
1727,2021-10-17 06:51:07,37300.0,200.0,2344800.0
1728,2021-10-17 06:51:06,37250.0,100.0,2344600.0
1729,2021-10-17 06:51:06,37300.0,900.0,2344500.0
1730,2021-10-17 06:51:06,37300.0,7200.0,2343600.0
1731,2021-10-17 06:51:06,37300.0,1900.0,2336400.0
1732,2021-10-17 06:51:04,37300.0,100.0,2334500.0
1733,2021-10-17 06:51:04,37300.0,400.0,2334400.0
1734,2021-10-17 06:51:04,37300.0,100.0,2334000.0
1735,2021-10-17 06:51:04,37300.0,100.0,2333900.0
1736,2021-10-17 06:51:04,37300.0,1300.0,2333800.0
1737,2021-10-17 06:51:02,37300.0,200.0,2332500.0
1738,2021-10-17 06:51:02,37300.0,1800.0,2332300.0
1739,2021-10-17 06:50:58,37300.0,2000.0,2330500.0
1740,2021-10-17 06:50:56,37300.0,6000.0,2328500.0
1741,2021-10-17 06:50:54,37300.0,200.0,2322500.0
1742,2021-10-17 06:50:49,37250.0,100.0,2322300.0
1743,2021-10-17 06:50:44,37250.0,200.0,2322200.0
1744,2021-10-17 06:50:41,37250.0,1000.0,2322000.0
1745,2021-10-17 06:50:40,37250.0,100.0,2321000.0
1746,2021-10-17 06:50:34,37250.0,100.0,2320900.0
1747,2021-10-17 06:50:34,37250.0,200.0,2320800.0
1748,2021-10-17 06:50:34,37250.0,100.0,2320600.0
1749,2021-10-17 06:50:33,37250.0,1900.0,2320500.0
1750,2021-10-17 06:50:33,37250.0,100.0,2318600.0
1751,2021-10-17 06:50:33,37250.0,100.0,2318500.0
1752,2021-10-17 06:50:33,37200.0,700.0,2318400.0
1753,2021-10-17 06:50:32,37250.0,100.0,2317700.0
1754,2021-10-17 06:50:25,37250.0,500.0,2317600.0
1755,2021-10-17 06:50:22,37250.0,2500.0,2317100.0
1756,2021-10-17 06:50:19,37250.0,1000.0,2314600.0
1757,2021-10-17 06:50:16,37250.0,1000.0,2313600.0
1758,2021-10-17 06:50:14,37250.0,4700.0,2312600.0
1759,2021-10-17 06:50:14,37250.0,100.0,2307900.0
1760,2021-10-17 06:50:14,37250.0,100.0,2307800.0
1761,2021-10-17 06:50:14,37250.0,100.0,2307700.0
1762,2021-10-17 06:50:14,37200.0,200.0,2307600.0
1763,2021-10-17 06:50:11,37200.0,1200.0,2307400.0
1764,2021-10-17 06:50:10,37200.0,3000.0,2306200.0
1765,2021-10-17 06:50:08,37200.0,500.0,2303200.0
1766,2021-10-17 06:50:08,37200.0,500.0,2302700.0
1767,2021-10-17 06:50:08,37200.0,1000.0,2302200.0
1768,2021-10-17 06:50:08,37200.0,2000.0,2301200.0
1769,2021-10-17 06:50:08,37200.0,300.0,2299200.0
1770,2021-10-17 06:50:08,37200.0,500.0,2298900.0
1771,2021-10-17 06:50:08,37200.0,300.0,2298400.0
1772,2021-10-17 06:50:08,37200.0,300.0,2298100.0
1773,2021-10-17 06:50:08,37200.0,200.0,2297800.0
1774,2021-10-17 06:50:08,37200.0,200.0,2297600.0
1775,2021-10-17 06:50:08,37200.0,1900.0,2297400.0
1776,2021-10-17 06:50:08,37200.0,100.0,2295500.0
1777,2021-10-17 06:50:08,37200.0,100.0,2295400.0
1778,2021-10-17 06:50:08,37200.0,1000.0,2295300.0
1779,2021-10-17 06:50:08,37200.0,100.0,2294300.0
1780,2021-10-17 06:50:08,37200.0,100.0,2294200.0
1781,2021-10-17 06:50:08,37200.0,100.0,2294100.0
1782,2021-10-17 06:50:08,37200.0,1000.0,2294000.0
1783,2021-10-17 06:50:08,37200.0,500.0,2293000.0
1784,2021-10-17 06:50:08,37200.0,2500.0,2292500.0
1785,2021-10-17 06:50:08,37200.0,2000.0,2290000.0
1786,2021-10-17 06:50:08,37200.0,100.0,2288000.0
1787,2021-10-17 06:50:08,37200.0,200.0,2287900.0
1788,2021-10-17 06:50:08,37200.0,1000.0,2287700.0
1789,2021-10-17 06:50:08,37200.0,10000.0,2286700.0
1790,2021-10-17 06:50:08,37200.0,100.0,2276700.0
1791,2021-10-17 06:50:08,37200.0,1000.0,2276600.0
1792,2021-10-17 06:50:08,37200.0,100.0,2275600.0
1793,2021-10-17 06:50:08,37200.0,200.0,2275500.0
1794,2021-10-17 06:50:08,37200.0,500.0,2275300.0
1795,2021-10-17 06:50:08,37200.0,100.0,2274800.0
1796,2021-10-17 06:50:08,37200.0,1000.0,2274700.0
1797,2021-10-17 06:50:08,37200.0,300.0,2273700.0
1798,2021-10-17 06:50:08,37200.0,300.0,2273400.0
1799,2021-10-17 06:50:08,37200.0,2000.0,2273100.0
1800,2021-10-17 06:50:08,37200.0,500.0,2271100.0
1801,2021-10-17 06:50:08,37200.0,1000.0,2270600.0
1802,2021-10-17 06:50:08,37200.0,500.0,2269600.0
1803,2021-10-17 06:50:08,37200.0,100.0,2269100.0
1804,2021-10-17 06:50:08,37200.0,100.0,2269000.0
1805,2021-10-17 06:50:08,37200.0,200.0,2268900.0
1806,2021-10-17 06:50:08,37200.0,500.0,2268700.0
1807,2021-10-17 06:50:08,37200.0,6000.0,2268200.0
1808,2021-10-17 06:50:08,37200.0,1000.0,2262200.0
1809,2021-10-17 06:50:08,37200.0,10000.0,2261200.0
1810,2021-10-17 06:50:08,37200.0,2900.0,2251200.0
1811,2021-10-17 06:50:07,37150.0,2000.0,2248300.0
1812,2021-10-17 06:50:07,37150.0,1800.0,2246300.0
1813,2021-10-17 06:50:05,37150.0,100.0,2244500.0
1814,2021-10-17 06:50:05,37150.0,100.0,2244400.0
1815,2021-10-17 06:50:03,37100.0,300.0,2244300.0
1816,2021-10-17 06:50:03,37150.0,500.0,2244000.0
1817,2021-10-17 06:50:03,37150.0,500.0,2243500.0
1818,2021-10-17 06:50:02,37150.0,200.0,2243000.0
1819,2021-10-17 06:50:02,37150.0,300.0,2242800.0
1820,2021-10-17 06:49:52,37150.0,2000.0,2242500.0
1821,2021-10-17 06:49:48,37150.0,100.0,2240500.0
1822,2021-10-17 06:49:47,37150.0,200.0,2240400.0
1823,2021-10-17 06:49:47,37150.0,100.0,2240200.0
1824,2021-10-17 06:49:47,37150.0,100.0,2240100.0
1825,2021-10-17 06:49:47,37150.0,200.0,2240000.0
1826,2021-10-17 06:49:43,37150.0,800.0,2239800.0
1827,2021-10-17 06:49:43,37150.0,200.0,2239000.0
1828,2021-10-17 06:49:33,37150.0,2000.0,2238800.0
1829,2021-10-17 06:49:33,37150.0,200.0,2236800.0
1830,2021-10-17 06:49:33,37150.0,400.0,2236600.0
1831,2021-10-17 06:49:33,37150.0,200.0,2236200.0
1832,2021-10-17 06:49:28,37150.0,500.0,2236000.0
1833,2021-10-17 06:49:28,37150.0,500.0,2235500.0
1834,2021-10-17 06:49:27,37150.0,2000.0,2235000.0
1835,2021-10-17 06:49:27,37150.0,2000.0,2233000.0
1836,2021-10-17 06:49:27,37150.0,200.0,2231000.0
1837,2021-10-17 06:49:27,37150.0,800.0,2230800.0
1838,2021-10-17 06:49:26,37150.0,200.0,2230000.0
1839,2021-10-17 06:49:26,37150.0,800.0,2229800.0
1840,2021-10-17 06:49:22,37150.0,200.0,2229000.0
1841,2021-10-17 06:49:22,37150.0,500.0,2228800.0
1842,2021-10-17 06:49:22,37150.0,300.0,2228300.0
1843,2021-10-17 06:49:19,37200.0,2100.0,2228000.0
1844,2021-10-17 06:49:19,37200.0,2000.0,2225900.0
1845,2021-10-17 06:49:19,37200.0,900.0,2223900.0
1846,2021-10-17 06:49:18,37200.0,200.0,2223000.0
1847,2021-10-17 06:49:17,37200.0,1500.0,2222800.0
1848,2021-10-17 06:49:15,37150.0,200.0,2221300.0
1849,2021-10-17 06:49:15,37200.0,100.0,2221100.0
1850,2021-10-17 06:49:14,37200.0,5000.0,2221000.0
1851,2021-10-17 06:49:12,37150.0,100.0,2216000.0
1852,2021-10-17 06:49:12,37150.0,500.0,2215900.0
1853,2021-10-17 06:49:11,37150.0,1600.0,2215400.0
1854,2021-10-17 06:49:07,37150.0,2000.0,2213800.0
1855,2021-10-17 06:49:07,37150.0,900.0,2211800.0
1856,2021-10-17 06:49:04,37100.0,1000.0,2210900.0
1857,2021-10-17 06:49:04,37150.0,100.0,2209900.0
1858,2021-10-17 06:49:04,37200.0,1000.0,2209800.0
1859,2021-10-17 06:49:03,37150.0,100.0,2208800.0
1860,2021-10-17 06:48:58,37200.0,1300.0,2208700.0
1861,2021-10-17 06:48:58,37200.0,6600.0,2207400.0
1862,2021-10-17 06:48:58,37150.0,2100.0,2200800.0
1863,2021-10-17 06:48:56,37150.0,200.0,2198700.0
1864,2021-10-17 06:48:54,37150.0,100.0,2198500.0
1865,2021-10-17 06:48:53,37150.0,200.0,2198400.0
1866,2021-10-17 06:48:51,37150.0,200.0,2198200.0
1867,2021-10-17 06:48:50,37150.0,1000.0,2198000.0
1868,2021-10-17 06:48:48,37150.0,500.0,2197000.0
1869,2021-10-17 06:48:48,37150.0,500.0,2196500.0
1870,2021-10-17 06:48:45,37150.0,100.0,2196000.0
1871,2021-10-17 06:48:45,37150.0,500.0,2195900.0
1872,2021-10-17 06:48:45,37150.0,800.0,2195400.0
1873,2021-10-17 06:48:45,37150.0,1600.0,2194600.0
1874,2021-10-17 06:48:45,37150.0,400.0,2193000.0
1875,2021-10-17 06:48:45,37150.0,200.0,2192600.0
1876,2021-10-17 06:48:45,37150.0,200.0,2192400.0
1877,2021-10-17 06:48:45,37150.0,1400.0,2192200.0
1878,2021-10-17 06:48:44,37150.0,3000.0,2190800.0
1879,2021-10-17 06:48:44,37200.0,200.0,2187800.0
1880,2021-10-17 06:48:43,37150.0,100.0,2187600.0
1881,2021-10-17 06:48:40,37200.0,300.0,2187500.0
1882,2021-10-17 06:48:32,37200.0,100.0,2187200.0
1883,2021-10-17 06:48:27,37200.0,2800.0,2187100.0
1884,2021-10-17 06:48:17,37150.0,500.0,2184300.0
1885,2021-10-17 06:48:17,37050.0,300.0,2183800.0
1886,2021-10-17 06:48:17,37100.0,400.0,2183500.0
1887,2021-10-17 06:48:17,37100.0,100.0,2183100.0
1888,2021-10-17 06:48:17,37100.0,100.0,2183000.0
1889,2021-10-17 06:48:17,37100.0,500.0,2182900.0
1890,2021-10-17 06:48:16,37150.0,500.0,2182400.0
1891,2021-10-17 06:48:16,37150.0,100.0,2181900.0
1892,2021-10-17 06:48:16,37150.0,700.0,2181800.0
1893,2021-10-17 06:48:16,37150.0,200.0,2181100.0
1894,2021-10-17 06:48:16,37150.0,200.0,2180900.0
1895,2021-10-17 06:48:16,37150.0,100.0,2180700.0
1896,2021-10-17 06:48:16,37150.0,300.0,2180600.0
1897,2021-10-17 06:48:12,37150.0,100.0,2180300.0
1898,2021-10-17 06:48:12,37150.0,500.0,2180200.0
1899,2021-10-17 06:48:10,37150.0,500.0,2179700.0
1900,2021-10-17 06:48:08,37150.0,1300.0,2179200.0
1901,2021-10-17 06:48:07,37150.0,500.0,2177900.0
1902,2021-10-17 06:48:06,37150.0,200.0,2177400.0
1903,2021-10-17 06:48:06,37150.0,100.0,2177200.0
1904,2021-10-17 06:48:06,37150.0,200.0,2177100.0
1905,2021-10-17 06:48:05,37150.0,1800.0,2176900.0
1906,2021-10-17 06:48:04,37150.0,1500.0,2175100.0
1907,2021-10-17 06:48:02,37150.0,1500.0,2173600.0
1908,2021-10-17 06:48:02,37150.0,3500.0,2172100.0
1909,2021-10-17 06:48:01,37150.0,1200.0,2168600.0
1910,2021-10-17 06:47:58,37100.0,100.0,2167400.0
1911,2021-10-17 06:47:55,37150.0,200.0,2167300.0
1912,2021-10-17 06:47:52,37150.0,100.0,2167100.0
1913,2021-10-17 06:47:52,37100.0,500.0,2167000.0
1914,2021-10-17 06:47:52,37100.0,100.0,2166500.0
1915,2021-10-17 06:47:52,37100.0,100.0,2166400.0
1916,2021-10-17 06:47:52,37100.0,100.0,2166300.0
1917,2021-10-17 06:47:52,37100.0,100.0,2166200.0
1918,2021-10-17 06:47:52,37100.0,3000.0,2166100.0
1919,2021-10-17 06:47:52,37100.0,500.0,2163100.0
1920,2021-10-17 06:47:52,37100.0,600.0,2162600.0
1921,2021-10-17 06:47:52,37100.0,1400.0,2162000.0
1922,2021-10-17 06:47:51,37100.0,1000.0,2160600.0
1923,2021-10-17 06:47:50,37000.0,200.0,2159600.0
1924,2021-10-17 06:47:47,37100.0,3000.0,2159400.0
1925,2021-10-17 06:47:44,37100.0,1700.0,2156400.0
1926,2021-10-17 06:47:44,37050.0,300.0,2154700.0
1927,2021-10-17 06:47:42,37100.0,1200.0,2154400.0
1928,2021-10-17 06:47:42,37050.0,100.0,2153200.0
1929,2021-10-17 06:47:37,37000.0,100.0,2153100.0
1930,2021-10-17 06:47:37,37100.0,600.0,2153000.0
1931,2021-10-17 06:47:37,37100.0,500.0,2152400.0
1932,2021-10-17 06:47:37,37000.0,1500.0,2151900.0
1933,2021-10-17 06:47:37,37050.0,1500.0,2150400.0
1934,2021-10-17 06:47:34,37000.0,1000.0,2148900.0
1935,2021-10-17 06:47:33,37000.0,500.0,2147900.0
1936,2021-10-17 06:47:29,37000.0,100.0,2147400.0
1937,2021-10-17 06:47:29,37100.0,600.0,2147300.0
1938,2021-10-17 06:47:29,37100.0,100.0,2146700.0
1939,2021-10-17 06:47:29,37100.0,1700.0,2146600.0
1940,2021-10-17 06:47:29,37100.0,300.0,2144900.0
1941,2021-10-17 06:47:29,37100.0,100.0,2144600.0
1942,2021-10-17 06:47:29,37100.0,100.0,2144500.0
1943,2021-10-17 06:47:29,37100.0,100.0,2144400.0
1944,2021-10-17 06:47:29,37100.0,200.0,2144300.0
1945,2021-10-17 06:47:29,37100.0,500.0,2144100.0
1946,2021-10-17 06:47:29,37100.0,100.0,2143600.0
1947,2021-10-17 06:47:29,37100.0,100.0,2143500.0
1948,2021-10-17 06:47:29,37050.0,200.0,2143400.0
1949,2021-10-17 06:47:29,37050.0,200.0,2143200.0
1950,2021-10-17 06:47:29,37050.0,100.0,2143000.0
1951,2021-10-17 06:47:29,37050.0,200.0,2142900.0
1952,2021-10-17 06:47:29,37050.0,300.0,2142700.0
1953,2021-10-17 06:47:29,37050.0,100.0,2142400.0
1954,2021-10-17 06:47:29,37000.0,200.0,2142300.0
1955,2021-10-17 06:47:29,37000.0,100.0,2142100.0
1956,2021-10-17 06:47:29,37000.0,400.0,2142000.0
1957,2021-10-17 06:47:29,37000.0,1000.0,2141600.0
1958,2021-10-17 06:47:29,37000.0,400.0,2140600.0
1959,2021-10-17 06:47:29,37000.0,500.0,2140200.0
1960,2021-10-17 06:47:29,37000.0,100.0,2139700.0
1961,2021-10-17 06:47:29,37000.0,2000.0,2139600.0
1962,2021-10-17 06:47:29,37000.0,100.0,2137600.0
1963,2021-10-17 06:47:29,37000.0,100.0,2137500.0
1964,2021-10-17 06:47:29,37000.0,200.0,2137400.0
1965,2021-10-17 06:47:29,37000.0,200.0,2137200.0
1966,2021-10-17 06:47:29,37000.0,100.0,2137000.0
1967,2021-10-17 06:47:29,37000.0,200.0,2136900.0
1968,2021-10-17 06:47:29,37000.0,200.0,2136700.0
1969,2021-10-17 06:47:29,37000.0,7000.0,2136500.0
1970,2021-10-17 06:47:29,37000.0,2000.0,2129500.0
1971,2021-10-17 06:47:28,37000.0,1000.0,2127500.0
1972,2021-10-17 06:47:28,37000.0,300.0,2126500.0
1973,2021-10-17 06:47:28,37000.0,500.0,2126200.0
1974,2021-10-17 06:47:28,37000.0,200.0,2125700.0
1975,2021-10-17 06:47:28,37000.0,100.0,2125500.0
1976,2021-10-17 06:47:28,37000.0,100.0,2125400.0
1977,2021-10-17 06:47:28,37000.0,200.0,2125300.0
1978,2021-10-17 06:47:28,37000.0,200.0,2125100.0
1979,2021-10-17 06:47:28,37000.0,100.0,2124900.0
1980,2021-10-17 06:47:28,37000.0,500.0,2124800.0
1981,2021-10-17 06:47:28,37000.0,8000.0,2124300.0
1982,2021-10-17 06:47:28,37000.0,1000.0,2116300.0
1983,2021-10-17 06:47:28,37000.0,500.0,2115300.0
1984,2021-10-17 06:47:28,37000.0,1100.0,2114800.0
1985,2021-10-17 06:47:28,37000.0,1000.0,2113700.0
1986,2021-10-17 06:47:28,37000.0,200.0,2112700.0
1987,2021-10-17 06:47:28,37000.0,100.0,2112500.0
1988,2021-10-17 06:47:28,37000.0,3900.0,2112400.0
1989,2021-10-17 06:47:27,37000.0,6100.0,2108500.0
1990,2021-10-17 06:47:27,37000.0,6900.0,2102400.0
1991,2021-10-17 06:47:27,37000.0,100.0,2095500.0
1992,2021-10-17 06:47:27,37000.0,1000.0,2095400.0
1993,2021-10-17 06:47:27,37000.0,200.0,2094400.0
1994,2021-10-17 06:47:27,37000.0,1000.0,2094200.0
1995,2021-10-17 06:47:27,37000.0,100.0,2093200.0
1996,2021-10-17 06:47:27,37000.0,1100.0,2093100.0
1997,2021-10-17 06:47:27,37000.0,500.0,2092000.0
1998,2021-10-17 06:47:27,37000.0,500.0,2091500.0
1999,2021-10-17 06:47:27,37000.0,300.0,2091000.0
2000,2021-10-17 06:47:27,37000.0,400.0,2090700.0
2001,2021-10-17 06:47:27,37000.0,1000.0,2090300.0
2002,2021-10-17 06:47:27,37000.0,1000.0,2089300.0
2003,2021-10-17 06:47:27,37000.0,3000.0,2088300.0
2004,2021-10-17 06:47:27,37000.0,2000.0,2085300.0
2005,2021-10-17 06:47:27,37000.0,100.0,2083300.0
2006,2021-10-17 06:47:27,37000.0,100.0,2083200.0
2007,2021-10-17 06:47:27,37000.0,400.0,2083100.0
2008,2021-10-17 06:47:27,37000.0,100.0,2082700.0
2009,2021-10-17 06:47:27,37000.0,1000.0,2082600.0
2010,2021-10-17 06:47:27,37000.0,100.0,2081600.0
2011,2021-10-17 06:47:27,36950.0,10000.0,2081500.0
2012,2021-10-17 06:47:27,36950.0,2100.0,2071500.0
2013,2021-10-17 06:47:27,36950.0,900.0,2069400.0
2014,2021-10-17 06:47:27,37000.0,100.0,2068500.0
2015,2021-10-17 06:47:27,37000.0,100.0,2068400.0
2016,2021-10-17 06:47:27,37000.0,500.0,2068300.0
2017,2021-10-17 06:47:27,37000.0,200.0,2067800.0
2018,2021-10-17 06:47:25,37000.0,1300.0,2067600.0
2019,2021-10-17 06:47:24,37000.0,1000.0,2066300.0
2020,2021-10-17 06:47:24,37000.0,300.0,2065300.0
2021,2021-10-17 06:47:24,37000.0,9700.0,2065000.0
2022,2021-10-17 06:47:24,37000.0,300.0,2055300.0
2023,2021-10-17 06:47:24,37000.0,5000.0,2055000.0
2024,2021-10-17 06:47:24,37000.0,200.0,2050000.0
2025,2021-10-17 06:47:24,37000.0,100.0,2049800.0
2026,2021-10-17 06:47:24,37000.0,1500.0,2049700.0
2027,2021-10-17 06:47:24,37000.0,2000.0,2048200.0
2028,2021-10-17 06:47:24,37000.0,4200.0,2046200.0
2029,2021-10-17 06:47:24,37000.0,700.0,2042000.0
2030,2021-10-17 06:47:24,37000.0,1100.0,2041300.0
2031,2021-10-17 06:47:24,37000.0,2200.0,2040200.0
2032,2021-10-17 06:47:24,37000.0,3000.0,2038000.0
2033,2021-10-17 06:47:24,37000.0,500.0,2035000.0
2034,2021-10-17 06:47:21,37000.0,1500.0,2034500.0
2035,2021-10-17 06:47:21,37000.0,300.0,2033000.0
2036,2021-10-17 06:47:21,37000.0,1000.0,2032700.0
2037,2021-10-17 06:47:21,37000.0,200.0,2031700.0
2038,2021-10-17 06:47:21,37000.0,900.0,2031500.0
2039,2021-10-17 06:47:21,37000.0,200.0,2030600.0
2040,2021-10-17 06:47:21,37000.0,100.0,2030400.0
2041,2021-10-17 06:47:21,37000.0,3000.0,2030300.0
2042,2021-10-17 06:47:21,37000.0,1700.0,2027300.0
2043,2021-10-17 06:47:21,37000.0,100.0,2025600.0
2044,2021-10-17 06:47:21,37000.0,500.0,2025500.0
2045,2021-10-17 06:47:21,37000.0,100.0,2025000.0
2046,2021-10-17 06:47:21,37000.0,100.0,2024900.0
2047,2021-10-17 06:47:21,37000.0,100.0,2024800.0
