,Time,Price,Volume_per_trade,Volume
0,2021-10-05 07:45:00,35100.0,900.0,2847100.0
1,2021-10-05 07:45:00,35100.0,100.0,2846200.0
2,2021-10-05 07:45:00,35100.0,200.0,2846100.0
3,2021-10-05 07:45:00,35100.0,100.0,2845900.0
4,2021-10-05 07:45:00,35100.0,200.0,2845800.0
5,2021-10-05 07:45:00,35100.0,100.0,2845600.0
6,2021-10-05 07:45:00,35100.0,400.0,2845500.0
7,2021-10-05 07:45:00,35100.0,1000.0,2845100.0
8,2021-10-05 07:45:00,35100.0,1000.0,2844100.0
9,2021-10-05 07:45:00,35100.0,200.0,2843100.0
10,2021-10-05 07:45:00,35100.0,100.0,2842900.0
11,2021-10-05 07:45:00,35100.0,100.0,2842800.0
12,2021-10-05 07:45:00,35100.0,5000.0,2842700.0
13,2021-10-05 07:45:00,35100.0,100.0,2837700.0
14,2021-10-05 07:45:00,35100.0,1000.0,2837600.0
15,2021-10-05 07:45:00,35100.0,500.0,2836600.0
16,2021-10-05 07:45:00,35100.0,600.0,2836100.0
17,2021-10-05 07:45:00,35100.0,100.0,2835500.0
18,2021-10-05 07:45:00,35100.0,3400.0,2835400.0
19,2021-10-05 07:45:00,35100.0,100.0,2832000.0
20,2021-10-05 07:45:00,35100.0,200.0,2831900.0
21,2021-10-05 07:45:00,35100.0,100.0,2831700.0
22,2021-10-05 07:45:00,35100.0,1200.0,2831600.0
23,2021-10-05 07:45:00,35100.0,500.0,2830400.0
24,2021-10-05 07:45:00,35100.0,100.0,2829900.0
25,2021-10-05 07:45:00,35100.0,500.0,2829800.0
26,2021-10-05 07:45:00,35100.0,600.0,2829300.0
27,2021-10-05 07:45:00,35100.0,100.0,2828700.0
28,2021-10-05 07:45:00,35100.0,2000.0,2828600.0
29,2021-10-05 07:45:00,35100.0,1000.0,2826600.0
30,2021-10-05 07:45:00,35100.0,200.0,2825600.0
31,2021-10-05 07:45:00,35100.0,200.0,2825400.0
32,2021-10-05 07:45:00,35100.0,1000.0,2825200.0
33,2021-10-05 07:45:00,35100.0,500.0,2824200.0
34,2021-10-05 07:45:00,35100.0,4000.0,2823700.0
35,2021-10-05 07:45:00,35100.0,1500.0,2819700.0
36,2021-10-05 07:45:00,35100.0,2600.0,2818200.0
37,2021-10-05 07:45:00,35100.0,2000.0,2815600.0
38,2021-10-05 07:45:00,35100.0,100.0,2813600.0
39,2021-10-05 07:45:00,35100.0,300.0,2813500.0
40,2021-10-05 07:45:00,35100.0,100.0,2813200.0
41,2021-10-05 07:45:00,35100.0,100.0,2813100.0
42,2021-10-05 07:45:00,35100.0,100.0,2813000.0
43,2021-10-05 07:45:00,35100.0,100.0,2812900.0
44,2021-10-05 07:45:00,35100.0,100.0,2812800.0
45,2021-10-05 07:45:00,35100.0,800.0,2812700.0
46,2021-10-05 07:45:00,35100.0,500.0,2811900.0
47,2021-10-05 07:45:00,35100.0,200.0,2811400.0
48,2021-10-05 07:45:00,35100.0,1000.0,2811200.0
49,2021-10-05 07:45:00,35100.0,200.0,2810200.0
50,2021-10-05 07:45:00,35100.0,500.0,2810000.0
51,2021-10-05 07:45:00,35100.0,300.0,2809500.0
52,2021-10-05 07:45:00,35100.0,400.0,2809200.0
53,2021-10-05 07:45:00,35100.0,100.0,2808800.0
54,2021-10-05 07:29:44,35100.0,900.0,2808700.0
55,2021-10-05 07:29:44,35100.0,100.0,2807800.0
56,2021-10-05 07:29:41,35100.0,100.0,2807700.0
57,2021-10-05 07:29:41,35100.0,600.0,2807600.0
58,2021-10-05 07:29:41,35100.0,100.0,2807000.0
59,2021-10-05 07:29:41,35100.0,100.0,2806900.0
60,2021-10-05 07:29:41,35100.0,100.0,2806800.0
61,2021-10-05 07:29:34,35100.0,300.0,2806700.0
62,2021-10-05 07:29:31,35100.0,100.0,2806400.0
63,2021-10-05 07:29:25,35100.0,500.0,2806300.0
64,2021-10-05 07:29:09,35050.0,2500.0,2805800.0
65,2021-10-05 07:29:06,35050.0,100.0,2803300.0
66,2021-10-05 07:28:55,35050.0,200.0,2803200.0
67,2021-10-05 07:28:31,35050.0,500.0,2803000.0
68,2021-10-05 07:28:24,35050.0,200.0,2802500.0
69,2021-10-05 07:28:01,35050.0,2000.0,2802300.0
70,2021-10-05 07:26:44,35050.0,100.0,2800300.0
71,2021-10-05 07:26:44,35050.0,100.0,2800200.0
72,2021-10-05 07:26:44,35050.0,800.0,2800100.0
73,2021-10-05 07:26:26,35050.0,200.0,2799300.0
74,2021-10-05 07:26:26,35050.0,2000.0,2799100.0
75,2021-10-05 07:26:26,35050.0,2800.0,2797100.0
76,2021-10-05 07:26:15,35050.0,200.0,2794300.0
77,2021-10-05 07:25:48,35050.0,5000.0,2794100.0
78,2021-10-05 07:25:31,35050.0,3000.0,2789100.0
79,2021-10-05 07:25:03,35050.0,300.0,2786100.0
80,2021-10-05 07:24:06,35050.0,1000.0,2785800.0
81,2021-10-05 07:23:58,35050.0,1000.0,2784800.0
82,2021-10-05 07:23:58,35050.0,500.0,2783800.0
83,2021-10-05 07:23:58,35050.0,1000.0,2783300.0
84,2021-10-05 07:23:58,35050.0,200.0,2782300.0
85,2021-10-05 07:23:48,35000.0,600.0,2782100.0
86,2021-10-05 07:23:47,35050.0,800.0,2781500.0
87,2021-10-05 07:23:47,35050.0,900.0,2780700.0
88,2021-10-05 07:23:47,35050.0,100.0,2779800.0
89,2021-10-05 07:23:47,35050.0,200.0,2779700.0
90,2021-10-05 07:23:47,35050.0,8000.0,2779500.0
91,2021-10-05 07:23:30,35000.0,300.0,2771500.0
92,2021-10-05 07:23:30,35000.0,700.0,2771200.0
93,2021-10-05 07:23:24,35000.0,1000.0,2770500.0
94,2021-10-05 07:22:21,35000.0,300.0,2769500.0
95,2021-10-05 07:22:21,35000.0,200.0,2769200.0
96,2021-10-05 07:22:21,35000.0,500.0,2769000.0
97,2021-10-05 07:22:21,35000.0,500.0,2768500.0
98,2021-10-05 07:22:21,35000.0,100.0,2768000.0
99,2021-10-05 07:22:21,35000.0,500.0,2767900.0
100,2021-10-05 07:22:21,35000.0,300.0,2767400.0
101,2021-10-05 07:22:21,35000.0,400.0,2767100.0
102,2021-10-05 07:22:21,35000.0,100.0,2766700.0
103,2021-10-05 07:22:21,35000.0,2100.0,2766600.0
104,2021-10-05 07:22:13,35050.0,300.0,2764500.0
105,2021-10-05 07:22:11,35050.0,1700.0,2764200.0
106,2021-10-05 07:22:11,35050.0,100.0,2762500.0
107,2021-10-05 07:22:11,35050.0,100.0,2762400.0
108,2021-10-05 07:22:11,35050.0,1000.0,2762300.0
109,2021-10-05 07:22:11,35050.0,1000.0,2761300.0
110,2021-10-05 07:22:11,35050.0,500.0,2760300.0
111,2021-10-05 07:22:11,35050.0,100.0,2759800.0
112,2021-10-05 07:22:11,35050.0,5500.0,2759700.0
113,2021-10-05 07:21:57,35050.0,400.0,2754200.0
114,2021-10-05 07:21:57,35050.0,200.0,2753800.0
115,2021-10-05 07:21:48,35050.0,200.0,2753600.0
116,2021-10-05 07:21:30,35050.0,500.0,2753400.0
117,2021-10-05 07:21:11,35050.0,300.0,2752900.0
118,2021-10-05 07:21:10,35000.0,300.0,2752600.0
119,2021-10-05 07:21:10,35000.0,200.0,2752300.0
120,2021-10-05 07:21:10,35000.0,9500.0,2752100.0
121,2021-10-05 07:21:03,35000.0,200.0,2742600.0
122,2021-10-05 07:20:34,35000.0,300.0,2742400.0
123,2021-10-05 07:20:31,35000.0,100.0,2742100.0
124,2021-10-05 07:20:27,35000.0,100.0,2742000.0
125,2021-10-05 07:20:23,35000.0,500.0,2741900.0
126,2021-10-05 07:20:09,35000.0,100.0,2741400.0
127,2021-10-05 07:20:09,35000.0,100.0,2741300.0
128,2021-10-05 07:20:06,35050.0,300.0,2741200.0
129,2021-10-05 07:20:05,35000.0,1500.0,2740900.0
130,2021-10-05 07:19:16,35000.0,800.0,2739400.0
131,2021-10-05 07:19:08,35000.0,700.0,2738600.0
132,2021-10-05 07:19:08,35000.0,100.0,2737900.0
133,2021-10-05 07:18:30,35000.0,900.0,2737800.0
134,2021-10-05 07:18:30,35000.0,100.0,2736900.0
135,2021-10-05 07:18:30,35000.0,1000.0,2736800.0
136,2021-10-05 07:18:30,35000.0,600.0,2735800.0
137,2021-10-05 07:18:17,35000.0,900.0,2735200.0
138,2021-10-05 07:18:17,35000.0,500.0,2734300.0
139,2021-10-05 07:18:17,35000.0,500.0,2733800.0
140,2021-10-05 07:18:17,35000.0,1000.0,2733300.0
141,2021-10-05 07:18:17,35000.0,200.0,2732300.0
142,2021-10-05 07:18:17,35000.0,4000.0,2732100.0
143,2021-10-05 07:18:17,35000.0,100.0,2728100.0
144,2021-10-05 07:18:17,35000.0,200.0,2728000.0
145,2021-10-05 07:18:17,35050.0,1000.0,2727800.0
146,2021-10-05 07:18:17,35050.0,4000.0,2726800.0
147,2021-10-05 07:17:47,35000.0,200.0,2722800.0
148,2021-10-05 07:17:25,35000.0,500.0,2722600.0
149,2021-10-05 07:16:44,35000.0,100.0,2722100.0
150,2021-10-05 07:16:44,35000.0,1800.0,2722000.0
151,2021-10-05 07:16:43,35050.0,1000.0,2720200.0
152,2021-10-05 07:16:19,35000.0,200.0,2719200.0
153,2021-10-05 07:16:19,35000.0,100.0,2719000.0
154,2021-10-05 07:16:19,35000.0,700.0,2718900.0
155,2021-10-05 07:16:15,35000.0,2500.0,2718200.0
156,2021-10-05 07:15:54,35000.0,100.0,2715700.0
157,2021-10-05 07:15:24,35000.0,100.0,2715600.0
158,2021-10-05 07:15:04,35000.0,100.0,2715500.0
159,2021-10-05 07:14:45,35000.0,6500.0,2715400.0
160,2021-10-05 07:14:45,35000.0,2500.0,2708900.0
161,2021-10-05 07:14:45,35050.0,1000.0,2706400.0
162,2021-10-05 07:14:22,35050.0,500.0,2705400.0
163,2021-10-05 07:14:22,35050.0,2500.0,2704900.0
164,2021-10-05 07:13:31,35050.0,500.0,2702400.0
165,2021-10-05 07:13:09,35050.0,500.0,2701900.0
166,2021-10-05 07:12:54,35050.0,100.0,2701400.0
167,2021-10-05 07:12:09,35050.0,500.0,2701300.0
168,2021-10-05 07:11:47,35050.0,900.0,2700800.0
169,2021-10-05 07:11:38,35000.0,8800.0,2699900.0
170,2021-10-05 07:11:38,35050.0,1200.0,2691100.0
171,2021-10-05 07:11:19,35050.0,100.0,2689900.0
172,2021-10-05 07:11:11,35100.0,100.0,2689800.0
173,2021-10-05 07:11:11,35100.0,1000.0,2689700.0
174,2021-10-05 07:11:11,35100.0,500.0,2688700.0
175,2021-10-05 07:11:11,35100.0,1000.0,2688200.0
176,2021-10-05 07:11:11,35100.0,700.0,2687200.0
177,2021-10-05 07:11:09,35050.0,1000.0,2686500.0
178,2021-10-05 07:10:21,35050.0,500.0,2685500.0
179,2021-10-05 07:10:08,35050.0,200.0,2685000.0
180,2021-10-05 07:10:08,35050.0,400.0,2684800.0
181,2021-10-05 07:08:40,35050.0,1200.0,2684400.0
182,2021-10-05 07:08:27,35050.0,1500.0,2683200.0
183,2021-10-05 07:08:27,35050.0,2600.0,2681700.0
184,2021-10-05 07:08:25,35050.0,200.0,2679100.0
185,2021-10-05 07:07:56,35050.0,100.0,2678900.0
186,2021-10-05 07:07:56,35050.0,100.0,2678800.0
187,2021-10-05 07:07:56,35050.0,2000.0,2678700.0
188,2021-10-05 07:07:37,35050.0,1000.0,2676700.0
189,2021-10-05 07:07:02,35050.0,500.0,2675700.0
190,2021-10-05 07:06:52,35050.0,1500.0,2675200.0
191,2021-10-05 07:06:52,35050.0,100.0,2673700.0
192,2021-10-05 07:06:52,35050.0,400.0,2673600.0
193,2021-10-05 07:06:23,35050.0,700.0,2673200.0
194,2021-10-05 07:06:23,35050.0,100.0,2672500.0
195,2021-10-05 07:06:02,35050.0,100.0,2672400.0
196,2021-10-05 07:05:45,35050.0,2800.0,2672300.0
197,2021-10-05 07:05:42,35050.0,200.0,2669500.0
198,2021-10-05 07:05:42,35050.0,300.0,2669300.0
199,2021-10-05 07:05:14,35050.0,300.0,2669000.0
200,2021-10-05 07:05:14,35050.0,400.0,2668700.0
201,2021-10-05 07:05:13,35050.0,600.0,2668300.0
202,2021-10-05 07:05:13,35050.0,300.0,2667700.0
203,2021-10-05 07:05:04,35050.0,1700.0,2667400.0
204,2021-10-05 07:04:18,35050.0,1000.0,2665700.0
205,2021-10-05 07:04:03,35050.0,100.0,2664700.0
206,2021-10-05 07:03:49,35050.0,100.0,2664600.0
207,2021-10-05 07:03:17,35050.0,400.0,2664500.0
208,2021-10-05 07:02:30,35000.0,8300.0,2664100.0
209,2021-10-05 07:02:30,35050.0,100.0,2655800.0
210,2021-10-05 07:02:30,35050.0,100.0,2655700.0
211,2021-10-05 07:02:30,35050.0,1500.0,2655600.0
212,2021-10-05 07:02:09,35050.0,1000.0,2654100.0
213,2021-10-05 07:01:55,35100.0,200.0,2653100.0
214,2021-10-05 07:00:47,35100.0,100.0,2652900.0
215,2021-10-05 07:00:47,35050.0,400.0,2652800.0
216,2021-10-05 07:00:39,35050.0,1600.0,2652400.0
217,2021-10-05 07:00:17,35050.0,300.0,2650800.0
218,2021-10-05 07:00:17,35050.0,500.0,2650500.0
219,2021-10-05 07:00:17,35050.0,400.0,2650000.0
220,2021-10-05 06:59:58,35050.0,2500.0,2649600.0
221,2021-10-05 06:59:58,35050.0,1000.0,2647100.0
222,2021-10-05 06:59:58,35050.0,1500.0,2646100.0
223,2021-10-05 06:59:40,35050.0,5300.0,2644600.0
224,2021-10-05 06:59:19,35050.0,700.0,2639300.0
225,2021-10-05 06:58:47,35050.0,1500.0,2638600.0
226,2021-10-05 06:58:47,35050.0,100.0,2637100.0
227,2021-10-05 06:58:47,35050.0,900.0,2637000.0
228,2021-10-05 06:57:43,35050.0,100.0,2636100.0
229,2021-10-05 06:57:12,35100.0,500.0,2636000.0
230,2021-10-05 06:57:12,35100.0,1000.0,2635500.0
231,2021-10-05 06:57:12,35100.0,500.0,2634500.0
232,2021-10-05 06:57:10,35100.0,100.0,2634000.0
233,2021-10-05 06:56:45,35100.0,200.0,2633900.0
234,2021-10-05 06:56:44,35100.0,700.0,2633700.0
235,2021-10-05 06:56:44,35100.0,300.0,2633000.0
236,2021-10-05 06:55:56,35100.0,100.0,2632700.0
237,2021-10-05 06:55:06,35050.0,200.0,2632600.0
238,2021-10-05 06:54:59,35050.0,300.0,2632400.0
239,2021-10-05 06:54:31,35000.0,3000.0,2632100.0
240,2021-10-05 06:54:31,35050.0,500.0,2629100.0
241,2021-10-05 06:54:11,35100.0,300.0,2628600.0
242,2021-10-05 06:53:59,35000.0,500.0,2628300.0
243,2021-10-05 06:53:41,35000.0,200.0,2627800.0
244,2021-10-05 06:53:40,35000.0,5000.0,2627600.0
245,2021-10-05 06:53:31,35000.0,1000.0,2622600.0
246,2021-10-05 06:53:31,35000.0,4000.0,2621600.0
247,2021-10-05 06:53:31,35000.0,500.0,2617600.0
248,2021-10-05 06:53:31,35000.0,2800.0,2617100.0
249,2021-10-05 06:53:31,35000.0,10000.0,2614300.0
250,2021-10-05 06:53:31,35000.0,200.0,2604300.0
251,2021-10-05 06:53:31,35000.0,300.0,2604100.0
252,2021-10-05 06:53:31,35000.0,1000.0,2603800.0
253,2021-10-05 06:53:31,35000.0,500.0,2602800.0
254,2021-10-05 06:53:31,35000.0,200.0,2602300.0
255,2021-10-05 06:53:31,35000.0,300.0,2602100.0
256,2021-10-05 06:53:31,35000.0,3000.0,2601800.0
257,2021-10-05 06:53:31,35000.0,1000.0,2598800.0
258,2021-10-05 06:53:31,35000.0,3000.0,2597800.0
259,2021-10-05 06:53:31,35000.0,900.0,2594800.0
260,2021-10-05 06:51:56,34950.0,100.0,2593900.0
261,2021-10-05 06:51:49,35000.0,7500.0,2593800.0
262,2021-10-05 06:51:48,35000.0,500.0,2586300.0
263,2021-10-05 06:51:26,35000.0,100.0,2585800.0
264,2021-10-05 06:51:26,34950.0,200.0,2585700.0
265,2021-10-05 06:51:26,34950.0,100.0,2585500.0
266,2021-10-05 06:51:26,34950.0,100.0,2585400.0
267,2021-10-05 06:50:44,34950.0,300.0,2585300.0
268,2021-10-05 06:50:38,34900.0,700.0,2585000.0
269,2021-10-05 06:50:37,34900.0,200.0,2584300.0
270,2021-10-05 06:50:37,34900.0,200.0,2584100.0
271,2021-10-05 06:50:06,34900.0,200.0,2583900.0
272,2021-10-05 06:50:04,34900.0,500.0,2583700.0
273,2021-10-05 06:50:04,34900.0,200.0,2583200.0
274,2021-10-05 06:50:04,34900.0,100.0,2583000.0
275,2021-10-05 06:50:04,34900.0,100.0,2582900.0
276,2021-10-05 06:50:04,34900.0,300.0,2582800.0
277,2021-10-05 06:50:04,34900.0,2600.0,2582500.0
278,2021-10-05 06:49:59,34900.0,1000.0,2579900.0
279,2021-10-05 06:49:28,34900.0,34100.0,2578900.0
280,2021-10-05 06:49:28,34900.0,300.0,2544800.0
281,2021-10-05 06:49:28,34900.0,1200.0,2544500.0
282,2021-10-05 06:49:28,34900.0,400.0,2543300.0
283,2021-10-05 06:49:21,34850.0,200.0,2542900.0
284,2021-10-05 06:47:59,34900.0,600.0,2542700.0
285,2021-10-05 06:47:56,34900.0,400.0,2542100.0
286,2021-10-05 06:47:54,34850.0,200.0,2541700.0
287,2021-10-05 06:47:52,34900.0,1100.0,2541500.0
288,2021-10-05 06:47:39,34900.0,100.0,2540400.0
289,2021-10-05 06:47:39,34900.0,800.0,2540300.0
290,2021-10-05 06:47:34,34850.0,500.0,2539500.0
291,2021-10-05 06:47:32,34850.0,500.0,2539000.0
292,2021-10-05 06:47:32,34850.0,300.0,2538500.0
293,2021-10-05 06:47:32,34850.0,1000.0,2538200.0
294,2021-10-05 06:47:32,34850.0,600.0,2537200.0
295,2021-10-05 06:47:32,34850.0,500.0,2536600.0
296,2021-10-05 06:47:32,34850.0,500.0,2536100.0
297,2021-10-05 06:47:32,34850.0,600.0,2535600.0
298,2021-10-05 06:47:14,34850.0,200.0,2535000.0
299,2021-10-05 06:46:58,34900.0,100.0,2534800.0
300,2021-10-05 06:46:34,34900.0,100.0,2534700.0
301,2021-10-05 06:46:23,34900.0,200.0,2534600.0
302,2021-10-05 06:45:51,34900.0,500.0,2534400.0
303,2021-10-05 06:45:51,34900.0,300.0,2533900.0
304,2021-10-05 06:45:51,34900.0,1000.0,2533600.0
305,2021-10-05 06:45:51,34900.0,100.0,2532600.0
306,2021-10-05 06:45:51,34900.0,2000.0,2532500.0
307,2021-10-05 06:45:51,34900.0,900.0,2530500.0
308,2021-10-05 06:45:51,34900.0,200.0,2529600.0
309,2021-10-05 06:45:51,34900.0,1000.0,2529400.0
310,2021-10-05 06:45:51,34900.0,100.0,2528400.0
311,2021-10-05 06:45:51,34900.0,200.0,2528300.0
312,2021-10-05 06:45:51,34900.0,1400.0,2528100.0
313,2021-10-05 06:45:51,34900.0,100.0,2526700.0
314,2021-10-05 06:45:51,34900.0,500.0,2526600.0
315,2021-10-05 06:45:51,34900.0,100.0,2526100.0
316,2021-10-05 06:45:51,34900.0,500.0,2526000.0
317,2021-10-05 06:45:51,34900.0,100.0,2525500.0
318,2021-10-05 06:45:51,34900.0,400.0,2525400.0
319,2021-10-05 06:45:51,34900.0,500.0,2525000.0
320,2021-10-05 06:45:51,34900.0,300.0,2524500.0
321,2021-10-05 06:45:51,34900.0,1000.0,2524200.0
322,2021-10-05 06:45:51,34900.0,100.0,2523200.0
323,2021-10-05 06:45:51,34900.0,200.0,2523100.0
324,2021-10-05 06:45:51,34900.0,300.0,2522900.0
325,2021-10-05 06:45:51,34900.0,100.0,2522600.0
326,2021-10-05 06:45:51,34900.0,2000.0,2522500.0
327,2021-10-05 06:45:51,34900.0,100.0,2520500.0
328,2021-10-05 06:45:51,34900.0,100.0,2520400.0
329,2021-10-05 06:45:51,34900.0,100.0,2520300.0
330,2021-10-05 06:45:51,34900.0,100.0,2520200.0
331,2021-10-05 06:45:51,34900.0,100.0,2520100.0
332,2021-10-05 06:45:51,34900.0,3000.0,2520000.0
333,2021-10-05 06:45:51,34900.0,100.0,2517000.0
334,2021-10-05 06:45:51,34900.0,500.0,2516900.0
335,2021-10-05 06:45:51,34900.0,5000.0,2516400.0
336,2021-10-05 06:45:51,34900.0,3000.0,2511400.0
337,2021-10-05 06:45:51,34900.0,200.0,2508400.0
338,2021-10-05 06:45:51,34900.0,4000.0,2508200.0
339,2021-10-05 06:45:51,34900.0,500.0,2504200.0
340,2021-10-05 06:45:51,34900.0,200.0,2503700.0
341,2021-10-05 06:45:48,34900.0,9800.0,2503500.0
342,2021-10-05 06:45:48,34900.0,200.0,2493700.0
343,2021-10-05 06:45:14,34950.0,200.0,2493500.0
344,2021-10-05 06:44:54,34950.0,100.0,2493300.0
345,2021-10-05 06:44:38,34950.0,100.0,2493200.0
346,2021-10-05 06:43:51,34950.0,200.0,2493100.0
347,2021-10-05 06:43:51,34950.0,100.0,2492900.0
348,2021-10-05 06:43:49,34950.0,200.0,2492800.0
349,2021-10-05 06:42:48,34900.0,300.0,2492600.0
350,2021-10-05 06:42:36,34950.0,200.0,2492300.0
351,2021-10-05 06:42:08,34900.0,100.0,2492100.0
352,2021-10-05 06:42:08,34900.0,1900.0,2492000.0
353,2021-10-05 06:41:35,34900.0,7400.0,2490100.0
354,2021-10-05 06:41:35,34900.0,300.0,2482700.0
355,2021-10-05 06:41:35,34900.0,100.0,2482400.0
356,2021-10-05 06:41:35,34900.0,2200.0,2482300.0
357,2021-10-05 06:41:32,34900.0,5500.0,2480100.0
358,2021-10-05 06:41:31,34900.0,1000.0,2474600.0
359,2021-10-05 06:41:30,34900.0,1300.0,2473600.0
360,2021-10-05 06:41:30,34900.0,1400.0,2472300.0
361,2021-10-05 06:41:24,34950.0,500.0,2470900.0
362,2021-10-05 06:41:23,34950.0,100.0,2470400.0
363,2021-10-05 06:41:22,34950.0,600.0,2470300.0
364,2021-10-05 06:41:18,34950.0,500.0,2469700.0
365,2021-10-05 06:41:18,34950.0,200.0,2469200.0
366,2021-10-05 06:41:08,34950.0,100.0,2469000.0
367,2021-10-05 06:40:57,34950.0,700.0,2468900.0
368,2021-10-05 06:40:52,34950.0,300.0,2468200.0
369,2021-10-05 06:40:39,34950.0,3000.0,2467900.0
370,2021-10-05 06:40:39,34950.0,2000.0,2464900.0
371,2021-10-05 06:40:29,34900.0,100.0,2462900.0
372,2021-10-05 06:40:23,34900.0,1500.0,2462800.0
373,2021-10-05 06:40:23,34900.0,500.0,2461300.0
374,2021-10-05 06:40:23,34900.0,300.0,2460800.0
375,2021-10-05 06:40:23,34900.0,200.0,2460500.0
376,2021-10-05 06:40:23,34900.0,100.0,2460300.0
377,2021-10-05 06:40:23,34900.0,200.0,2460200.0
378,2021-10-05 06:40:23,34950.0,200.0,2460000.0
379,2021-10-05 06:40:21,34950.0,1000.0,2459800.0
380,2021-10-05 06:40:20,35000.0,2000.0,2458800.0
381,2021-10-05 06:40:17,34950.0,2000.0,2456800.0
382,2021-10-05 06:40:15,34950.0,3900.0,2454800.0
383,2021-10-05 06:40:14,34950.0,1000.0,2450900.0
384,2021-10-05 06:40:01,34950.0,2200.0,2449900.0
385,2021-10-05 06:40:01,34950.0,500.0,2447700.0
386,2021-10-05 06:40:01,34950.0,300.0,2447200.0
387,2021-10-05 06:40:01,34950.0,2000.0,2446900.0
388,2021-10-05 06:39:32,35000.0,300.0,2444900.0
389,2021-10-05 06:39:25,35000.0,100.0,2444600.0
390,2021-10-05 06:39:24,35000.0,100.0,2444500.0
391,2021-10-05 06:39:24,35000.0,300.0,2444400.0
392,2021-10-05 06:39:24,35000.0,700.0,2444100.0
393,2021-10-05 06:39:24,35000.0,600.0,2443400.0
394,2021-10-05 06:39:24,35000.0,400.0,2442800.0
395,2021-10-05 06:39:24,35000.0,2000.0,2442400.0
396,2021-10-05 06:39:24,35000.0,200.0,2440400.0
397,2021-10-05 06:39:21,35000.0,300.0,2440200.0
398,2021-10-05 06:39:21,35000.0,700.0,2439900.0
399,2021-10-05 06:39:20,35000.0,300.0,2439200.0
400,2021-10-05 06:39:20,35000.0,100.0,2438900.0
401,2021-10-05 06:39:20,35000.0,100.0,2438800.0
402,2021-10-05 06:39:20,35000.0,600.0,2438700.0
403,2021-10-05 06:39:20,35000.0,300.0,2438100.0
404,2021-10-05 06:39:20,35000.0,100.0,2437800.0
405,2021-10-05 06:39:20,35000.0,200.0,2437700.0
406,2021-10-05 06:39:20,35000.0,1000.0,2437500.0
407,2021-10-05 06:39:20,35000.0,2000.0,2436500.0
408,2021-10-05 06:39:20,35000.0,300.0,2434500.0
409,2021-10-05 06:39:20,35000.0,200.0,2434200.0
410,2021-10-05 06:39:20,35000.0,400.0,2434000.0
411,2021-10-05 06:39:20,35000.0,100.0,2433600.0
412,2021-10-05 06:39:20,35000.0,100.0,2433500.0
413,2021-10-05 06:39:20,35000.0,100.0,2433400.0
414,2021-10-05 06:39:20,35000.0,100.0,2433300.0
415,2021-10-05 06:39:20,35000.0,800.0,2433200.0
416,2021-10-05 06:39:20,35000.0,400.0,2432400.0
417,2021-10-05 06:39:20,35000.0,200.0,2432000.0
418,2021-10-05 06:39:20,35000.0,500.0,2431800.0
419,2021-10-05 06:39:20,35000.0,100.0,2431300.0
420,2021-10-05 06:39:20,35000.0,100.0,2431200.0
421,2021-10-05 06:39:20,35000.0,200.0,2431100.0
422,2021-10-05 06:39:20,35000.0,100.0,2430900.0
423,2021-10-05 06:39:20,35000.0,1600.0,2430800.0
424,2021-10-05 06:39:20,35000.0,1300.0,2429200.0
425,2021-10-05 06:39:13,35000.0,700.0,2427900.0
426,2021-10-05 06:39:11,35000.0,400.0,2427200.0
427,2021-10-05 06:39:09,35000.0,7000.0,2426800.0
428,2021-10-05 06:39:09,35000.0,500.0,2419800.0
429,2021-10-05 06:39:08,35000.0,10000.0,2419300.0
430,2021-10-05 06:39:07,35000.0,1000.0,2409300.0
431,2021-10-05 06:39:07,35000.0,1000.0,2408300.0
432,2021-10-05 06:39:06,35000.0,6000.0,2407300.0
433,2021-10-05 06:39:05,35000.0,2000.0,2401300.0
434,2021-10-05 06:39:05,35000.0,2000.0,2399300.0
435,2021-10-05 06:39:04,35000.0,200.0,2397300.0
436,2021-10-05 06:39:04,35000.0,2300.0,2397100.0
437,2021-10-05 06:39:04,35000.0,200.0,2394800.0
438,2021-10-05 06:39:04,35000.0,1000.0,2394600.0
439,2021-10-05 06:39:04,35000.0,1000.0,2393600.0
440,2021-10-05 06:39:04,35000.0,100.0,2392600.0
441,2021-10-05 06:39:04,35000.0,500.0,2392500.0
442,2021-10-05 06:39:04,35000.0,100.0,2392000.0
443,2021-10-05 06:39:04,35000.0,1300.0,2391900.0
444,2021-10-05 06:39:04,35000.0,2000.0,2390600.0
445,2021-10-05 06:39:04,35000.0,800.0,2388600.0
446,2021-10-05 06:39:04,35000.0,400.0,2387800.0
447,2021-10-05 06:39:04,35000.0,100.0,2387400.0
448,2021-10-05 06:39:04,35000.0,100.0,2387300.0
449,2021-10-05 06:39:04,35000.0,200.0,2387200.0
450,2021-10-05 06:39:04,35000.0,1000.0,2387000.0
451,2021-10-05 06:39:04,35000.0,300.0,2386000.0
452,2021-10-05 06:39:04,35000.0,500.0,2385700.0
453,2021-10-05 06:39:04,35000.0,600.0,2385200.0
454,2021-10-05 06:38:56,35000.0,200.0,2384600.0
455,2021-10-05 06:38:56,35000.0,4200.0,2384400.0
456,2021-10-05 06:38:56,35000.0,200.0,2380200.0
457,2021-10-05 06:38:56,35000.0,1000.0,2380000.0
458,2021-10-05 06:38:56,35000.0,1000.0,2379000.0
459,2021-10-05 06:38:56,35000.0,400.0,2378000.0
460,2021-10-05 06:38:56,35000.0,100.0,2377600.0
461,2021-10-05 06:38:56,35000.0,100.0,2377500.0
462,2021-10-05 06:38:56,35000.0,3000.0,2377400.0
463,2021-10-05 06:38:50,35000.0,5000.0,2374400.0
464,2021-10-05 06:38:44,35000.0,5000.0,2369400.0
465,2021-10-05 06:38:44,35000.0,10000.0,2364400.0
466,2021-10-05 06:38:44,35000.0,200.0,2354400.0
467,2021-10-05 06:38:44,35000.0,100.0,2354200.0
468,2021-10-05 06:38:44,35000.0,3700.0,2354100.0
469,2021-10-05 06:38:44,35000.0,200.0,2350400.0
470,2021-10-05 06:38:44,35000.0,100.0,2350200.0
471,2021-10-05 06:38:44,35000.0,300.0,2350100.0
472,2021-10-05 06:38:44,35000.0,400.0,2349800.0
473,2021-10-05 06:38:42,35000.0,100.0,2349400.0
474,2021-10-05 06:38:30,35000.0,500.0,2349300.0
475,2021-10-05 06:38:30,35000.0,1000.0,2348800.0
476,2021-10-05 06:38:30,35000.0,500.0,2347800.0
477,2021-10-05 06:38:15,35000.0,500.0,2347300.0
478,2021-10-05 06:38:12,35000.0,500.0,2346800.0
479,2021-10-05 06:38:12,35000.0,500.0,2346300.0
480,2021-10-05 06:38:12,35000.0,300.0,2345800.0
481,2021-10-05 06:38:12,35000.0,1000.0,2345500.0
482,2021-10-05 06:38:12,35000.0,300.0,2344500.0
483,2021-10-05 06:38:12,35000.0,300.0,2344200.0
484,2021-10-05 06:38:12,35000.0,900.0,2343900.0
485,2021-10-05 06:38:12,35000.0,100.0,2343000.0
486,2021-10-05 06:38:12,35000.0,1000.0,2342900.0
487,2021-10-05 06:38:12,35000.0,100.0,2341900.0
488,2021-10-05 06:38:12,35000.0,200.0,2341800.0
489,2021-10-05 06:38:12,35000.0,2000.0,2341600.0
490,2021-10-05 06:38:12,35000.0,500.0,2339600.0
491,2021-10-05 06:38:12,35000.0,1000.0,2339100.0
492,2021-10-05 06:38:12,35000.0,200.0,2338100.0
493,2021-10-05 06:38:12,35000.0,100.0,2337900.0
494,2021-10-05 06:38:12,35000.0,2000.0,2337800.0
495,2021-10-05 06:38:12,35000.0,300.0,2335800.0
496,2021-10-05 06:38:12,35000.0,200.0,2335500.0
497,2021-10-05 06:38:12,35000.0,2000.0,2335300.0
498,2021-10-05 06:38:12,35000.0,2000.0,2333300.0
499,2021-10-05 06:38:12,35000.0,200.0,2331300.0
500,2021-10-05 06:38:12,35000.0,100.0,2331100.0
501,2021-10-05 06:38:12,35000.0,1000.0,2331000.0
502,2021-10-05 06:38:12,35000.0,100.0,2330000.0
503,2021-10-05 06:38:12,35000.0,3100.0,2329900.0
504,2021-10-05 06:38:01,35000.0,500.0,2326800.0
505,2021-10-05 06:37:53,35050.0,400.0,2326300.0
506,2021-10-05 06:37:42,35050.0,100.0,2325900.0
507,2021-10-05 06:37:36,35000.0,200.0,2325800.0
508,2021-10-05 06:37:25,35050.0,100.0,2325600.0
509,2021-10-05 06:37:12,35050.0,1000.0,2325500.0
510,2021-10-05 06:37:01,35050.0,100.0,2324500.0
511,2021-10-05 06:36:55,35050.0,2300.0,2324400.0
512,2021-10-05 06:36:48,35000.0,200.0,2322100.0
513,2021-10-05 06:36:33,35000.0,200.0,2321900.0
514,2021-10-05 06:36:32,35000.0,5000.0,2321700.0
515,2021-10-05 06:36:10,35000.0,800.0,2316700.0
516,2021-10-05 06:36:10,35000.0,800.0,2315900.0
517,2021-10-05 06:36:10,35000.0,400.0,2315100.0
518,2021-10-05 06:36:10,35000.0,500.0,2314700.0
519,2021-10-05 06:36:10,35000.0,1900.0,2314200.0
520,2021-10-05 06:36:10,35000.0,200.0,2312300.0
521,2021-10-05 06:36:10,35000.0,200.0,2312100.0
522,2021-10-05 06:36:10,35000.0,400.0,2311900.0
523,2021-10-05 06:36:10,35000.0,200.0,2311500.0
524,2021-10-05 06:36:10,35000.0,100.0,2311300.0
525,2021-10-05 06:36:10,35000.0,100.0,2311200.0
526,2021-10-05 06:36:10,35000.0,200.0,2311100.0
527,2021-10-05 06:36:10,35000.0,100.0,2310900.0
528,2021-10-05 06:36:10,35000.0,200.0,2310800.0
529,2021-10-05 06:36:10,35000.0,100.0,2310600.0
530,2021-10-05 06:36:10,35000.0,200.0,2310500.0
531,2021-10-05 06:36:10,35000.0,3600.0,2310300.0
532,2021-10-05 06:35:48,35000.0,1400.0,2306700.0
533,2021-10-05 06:35:48,35000.0,1800.0,2305300.0
534,2021-10-05 06:34:57,35050.0,200.0,2303500.0
535,2021-10-05 06:34:32,35050.0,700.0,2303300.0
536,2021-10-05 06:34:03,35050.0,100.0,2302600.0
537,2021-10-05 06:34:03,35050.0,300.0,2302500.0
538,2021-10-05 06:34:03,35050.0,5000.0,2302200.0
539,2021-10-05 06:34:03,35050.0,5000.0,2297200.0
540,2021-10-05 06:34:03,35050.0,100.0,2292200.0
541,2021-10-05 06:34:03,35050.0,100.0,2292100.0
542,2021-10-05 06:34:03,35050.0,500.0,2292000.0
543,2021-10-05 06:34:03,35050.0,4400.0,2291500.0
544,2021-10-05 06:34:03,35050.0,100.0,2287100.0
545,2021-10-05 06:34:03,35050.0,1000.0,2287000.0
546,2021-10-05 06:34:03,35050.0,200.0,2286000.0
547,2021-10-05 06:34:03,35050.0,5000.0,2285800.0
548,2021-10-05 06:34:03,35050.0,200.0,2280800.0
549,2021-10-05 06:34:03,35050.0,100.0,2280600.0
550,2021-10-05 06:34:03,35050.0,500.0,2280500.0
551,2021-10-05 06:34:03,35050.0,500.0,2280000.0
552,2021-10-05 06:34:02,35100.0,2300.0,2279500.0
553,2021-10-05 06:33:48,35100.0,100.0,2277200.0
554,2021-10-05 06:33:28,35100.0,500.0,2277100.0
555,2021-10-05 06:32:52,35100.0,900.0,2276600.0
556,2021-10-05 06:32:51,35100.0,900.0,2275700.0
557,2021-10-05 06:32:40,35100.0,200.0,2274800.0
558,2021-10-05 06:32:21,35100.0,100.0,2274600.0
559,2021-10-05 06:32:17,35100.0,100.0,2274500.0
560,2021-10-05 06:31:53,35100.0,100.0,2274400.0
561,2021-10-05 06:31:47,35100.0,400.0,2274300.0
562,2021-10-05 06:31:39,35100.0,10000.0,2273900.0
563,2021-10-05 06:31:14,35100.0,500.0,2263900.0
564,2021-10-05 06:31:05,35100.0,100.0,2263400.0
565,2021-10-05 06:31:03,35100.0,100.0,2263300.0
566,2021-10-05 06:31:01,35100.0,600.0,2263200.0
567,2021-10-05 06:30:56,35100.0,200.0,2262600.0
568,2021-10-05 06:30:42,35100.0,200.0,2262400.0
569,2021-10-05 06:30:42,35100.0,1800.0,2262200.0
570,2021-10-05 06:30:38,35100.0,500.0,2260400.0
571,2021-10-05 06:30:36,35100.0,2700.0,2259900.0
572,2021-10-05 06:30:36,35100.0,1500.0,2257200.0
573,2021-10-05 06:30:36,35100.0,500.0,2255700.0
574,2021-10-05 06:30:36,35100.0,500.0,2255200.0
575,2021-10-05 06:30:36,35100.0,800.0,2254700.0
576,2021-10-05 06:30:36,35100.0,9200.0,2253900.0
577,2021-10-05 06:30:33,35100.0,200.0,2244700.0
578,2021-10-05 06:30:32,35150.0,8000.0,2244500.0
579,2021-10-05 06:30:32,35150.0,800.0,2236500.0
580,2021-10-05 06:30:32,35150.0,200.0,2235700.0
581,2021-10-05 06:29:47,35100.0,100.0,2235500.0
582,2021-10-05 06:29:27,35100.0,500.0,2235400.0
583,2021-10-05 06:29:04,35100.0,4200.0,2234900.0
584,2021-10-05 06:29:04,35100.0,500.0,2230700.0
585,2021-10-05 06:28:46,35100.0,400.0,2230200.0
586,2021-10-05 06:28:46,35100.0,1000.0,2229800.0
587,2021-10-05 06:28:46,35100.0,100.0,2228800.0
588,2021-10-05 06:28:46,35100.0,600.0,2228700.0
589,2021-10-05 06:28:46,35100.0,1000.0,2228100.0
590,2021-10-05 06:28:46,35100.0,200.0,2227100.0
591,2021-10-05 06:28:42,35050.0,1000.0,2226900.0
592,2021-10-05 06:28:31,35100.0,200.0,2225900.0
593,2021-10-05 06:28:31,35100.0,200.0,2225700.0
594,2021-10-05 06:28:31,35100.0,1000.0,2225500.0
595,2021-10-05 06:28:31,35100.0,1000.0,2224500.0
596,2021-10-05 06:28:31,35100.0,500.0,2223500.0
597,2021-10-05 06:28:31,35100.0,2000.0,2223000.0
598,2021-10-05 06:28:31,35100.0,100.0,2221000.0
599,2021-10-05 06:28:17,35050.0,200.0,2220900.0
600,2021-10-05 06:27:52,35100.0,300.0,2220700.0
601,2021-10-05 06:27:28,35100.0,100.0,2220400.0
602,2021-10-05 06:26:25,35100.0,100.0,2220300.0
603,2021-10-05 06:26:25,35100.0,300.0,2220200.0
604,2021-10-05 06:26:25,35100.0,100.0,2219900.0
605,2021-10-05 06:26:20,35100.0,400.0,2219800.0
606,2021-10-05 06:26:20,35100.0,1000.0,2219400.0
607,2021-10-05 06:26:20,35100.0,300.0,2218400.0
608,2021-10-05 06:26:20,35100.0,200.0,2218100.0
609,2021-10-05 06:26:20,35100.0,100.0,2217900.0
610,2021-10-05 06:26:20,35100.0,300.0,2217800.0
611,2021-10-05 06:26:20,35100.0,100.0,2217500.0
612,2021-10-05 06:26:20,35100.0,1000.0,2217400.0
613,2021-10-05 06:26:20,35100.0,600.0,2216400.0
614,2021-10-05 06:26:20,35100.0,1000.0,2215800.0
615,2021-10-05 06:26:20,35100.0,200.0,2214800.0
616,2021-10-05 06:26:20,35100.0,1600.0,2214600.0
617,2021-10-05 06:26:20,35100.0,500.0,2213000.0
618,2021-10-05 06:26:20,35100.0,100.0,2212500.0
619,2021-10-05 06:26:20,35100.0,1000.0,2212400.0
620,2021-10-05 06:26:20,35100.0,200.0,2211400.0
621,2021-10-05 06:26:20,35100.0,500.0,2211200.0
622,2021-10-05 06:26:20,35100.0,5000.0,2210700.0
623,2021-10-05 06:26:20,35100.0,500.0,2205700.0
624,2021-10-05 06:26:20,35100.0,400.0,2205200.0
625,2021-10-05 06:26:18,35100.0,100.0,2204800.0
626,2021-10-05 06:26:18,35100.0,100.0,2204700.0
627,2021-10-05 06:25:57,35100.0,200.0,2204600.0
628,2021-10-05 06:25:57,35100.0,1800.0,2204400.0
629,2021-10-05 06:25:38,35100.0,200.0,2202600.0
630,2021-10-05 06:25:38,35100.0,1000.0,2202400.0
631,2021-10-05 06:25:38,35100.0,300.0,2201400.0
632,2021-10-05 06:25:38,35100.0,500.0,2201100.0
633,2021-10-05 06:25:38,35100.0,2000.0,2200600.0
634,2021-10-05 06:25:38,35100.0,100.0,2198600.0
635,2021-10-05 06:25:38,35100.0,400.0,2198500.0
636,2021-10-05 06:25:38,35100.0,200.0,2198100.0
637,2021-10-05 06:25:38,35100.0,500.0,2197900.0
638,2021-10-05 06:25:38,35100.0,4800.0,2197400.0
639,2021-10-05 06:25:17,35100.0,200.0,2192600.0
640,2021-10-05 06:25:17,35100.0,1000.0,2192400.0
641,2021-10-05 06:25:17,35100.0,800.0,2191400.0
642,2021-10-05 06:25:10,35150.0,100.0,2190600.0
643,2021-10-05 06:25:00,35100.0,2000.0,2190500.0
644,2021-10-05 06:24:52,35100.0,1100.0,2188500.0
645,2021-10-05 06:24:49,35100.0,100.0,2187400.0
646,2021-10-05 06:24:44,35100.0,500.0,2187300.0
647,2021-10-05 06:24:39,35100.0,500.0,2186800.0
648,2021-10-05 06:24:39,35100.0,500.0,2186300.0
649,2021-10-05 06:24:39,35100.0,500.0,2185800.0
650,2021-10-05 06:24:39,35100.0,500.0,2185300.0
651,2021-10-05 06:24:20,35100.0,100.0,2184800.0
652,2021-10-05 06:24:20,35100.0,300.0,2184700.0
653,2021-10-05 06:24:20,35100.0,3000.0,2184400.0
654,2021-10-05 06:24:20,35100.0,800.0,2181400.0
655,2021-10-05 06:24:03,35150.0,100.0,2180600.0
656,2021-10-05 06:23:56,35150.0,100.0,2180500.0
657,2021-10-05 06:23:42,35150.0,100.0,2180400.0
658,2021-10-05 06:23:42,35150.0,300.0,2180300.0
659,2021-10-05 06:23:40,35100.0,200.0,2180000.0
660,2021-10-05 06:23:40,35100.0,200.0,2179800.0
661,2021-10-05 06:23:40,35100.0,100.0,2179600.0
662,2021-10-05 06:23:32,35150.0,400.0,2179500.0
663,2021-10-05 06:23:24,35150.0,300.0,2179100.0
664,2021-10-05 06:23:13,35150.0,200.0,2178800.0
665,2021-10-05 06:23:13,35150.0,100.0,2178600.0
666,2021-10-05 06:22:45,35200.0,300.0,2178500.0
667,2021-10-05 06:22:42,35150.0,200.0,2178200.0
668,2021-10-05 06:22:42,35150.0,100.0,2178000.0
669,2021-10-05 06:22:37,35150.0,200.0,2177900.0
670,2021-10-05 06:22:37,35150.0,100.0,2177700.0
671,2021-10-05 06:22:37,35150.0,100.0,2177600.0
672,2021-10-05 06:22:37,35150.0,500.0,2177500.0
673,2021-10-05 06:22:37,35150.0,100.0,2177000.0
674,2021-10-05 06:22:32,35150.0,100.0,2176900.0
675,2021-10-05 06:22:32,35150.0,100.0,2176800.0
676,2021-10-05 06:22:32,35150.0,200.0,2176700.0
677,2021-10-05 06:22:32,35150.0,500.0,2176500.0
678,2021-10-05 06:22:32,35150.0,1500.0,2176000.0
679,2021-10-05 06:22:32,35150.0,100.0,2174500.0
680,2021-10-05 06:22:32,35150.0,600.0,2174400.0
681,2021-10-05 06:22:32,35150.0,200.0,2173800.0
682,2021-10-05 06:22:32,35150.0,500.0,2173600.0
683,2021-10-05 06:22:32,35150.0,200.0,2173100.0
684,2021-10-05 06:22:32,35150.0,200.0,2172900.0
685,2021-10-05 06:22:32,35150.0,10000.0,2172700.0
686,2021-10-05 06:22:32,35150.0,500.0,2162700.0
687,2021-10-05 06:22:32,35150.0,5000.0,2162200.0
688,2021-10-05 06:22:32,35150.0,1000.0,2157200.0
689,2021-10-05 06:22:32,35150.0,1000.0,2156200.0
690,2021-10-05 06:22:32,35150.0,2000.0,2155200.0
691,2021-10-05 06:22:32,35150.0,100.0,2153200.0
692,2021-10-05 06:22:32,35150.0,700.0,2153100.0
693,2021-10-05 06:22:32,35150.0,5500.0,2152400.0
694,2021-10-05 06:21:55,35150.0,200.0,2146900.0
695,2021-10-05 06:21:41,35150.0,1300.0,2146700.0
696,2021-10-05 06:21:32,35150.0,5000.0,2145400.0
697,2021-10-05 06:21:26,35200.0,300.0,2140400.0
698,2021-10-05 06:21:26,35200.0,300.0,2140100.0
699,2021-10-05 06:21:26,35200.0,400.0,2139800.0
700,2021-10-05 06:21:25,35150.0,500.0,2139400.0
701,2021-10-05 06:21:10,35150.0,500.0,2138900.0
702,2021-10-05 06:21:10,35150.0,100.0,2138400.0
703,2021-10-05 06:21:09,35150.0,100.0,2138300.0
704,2021-10-05 06:20:44,35150.0,5000.0,2138200.0
705,2021-10-05 06:20:25,35200.0,100.0,2133200.0
706,2021-10-05 06:20:11,35200.0,1000.0,2133100.0
707,2021-10-05 06:20:11,35200.0,300.0,2132100.0
708,2021-10-05 06:20:11,35200.0,1500.0,2131800.0
709,2021-10-05 06:20:11,35200.0,900.0,2130300.0
710,2021-10-05 06:20:11,35200.0,300.0,2129400.0
711,2021-10-05 06:20:02,35150.0,200.0,2129100.0
712,2021-10-05 06:19:58,35150.0,1600.0,2128900.0
713,2021-10-05 06:19:58,35150.0,400.0,2127300.0
714,2021-10-05 06:19:43,35150.0,400.0,2126900.0
715,2021-10-05 06:19:43,35150.0,500.0,2126500.0
716,2021-10-05 06:19:43,35150.0,100.0,2126000.0
717,2021-10-05 06:19:30,35150.0,400.0,2125900.0
718,2021-10-05 06:19:30,35150.0,600.0,2125500.0
719,2021-10-05 06:19:29,35150.0,2400.0,2124900.0
720,2021-10-05 06:19:29,35150.0,600.0,2122500.0
721,2021-10-05 06:19:23,35150.0,100.0,2121900.0
722,2021-10-05 06:19:18,35150.0,1200.0,2121800.0
723,2021-10-05 06:19:08,35150.0,600.0,2120600.0
724,2021-10-05 06:18:46,35150.0,100.0,2120000.0
725,2021-10-05 06:18:11,35150.0,100.0,2119900.0
726,2021-10-05 06:18:09,35150.0,200.0,2119800.0
727,2021-10-05 06:17:56,35200.0,100.0,2119600.0
728,2021-10-05 06:17:13,35200.0,200.0,2119500.0
729,2021-10-05 06:17:13,35200.0,1000.0,2119300.0
730,2021-10-05 06:17:13,35200.0,100.0,2118300.0
731,2021-10-05 06:17:13,35200.0,300.0,2118200.0
732,2021-10-05 06:17:13,35200.0,200.0,2117900.0
733,2021-10-05 06:17:13,35200.0,1000.0,2117700.0
734,2021-10-05 06:17:13,35200.0,400.0,2116700.0
735,2021-10-05 06:17:13,35200.0,500.0,2116300.0
736,2021-10-05 06:17:13,35200.0,500.0,2115800.0
737,2021-10-05 06:17:13,35200.0,500.0,2115300.0
738,2021-10-05 06:17:13,35200.0,500.0,2114800.0
739,2021-10-05 06:17:13,35200.0,1000.0,2114300.0
740,2021-10-05 06:17:13,35200.0,500.0,2113300.0
741,2021-10-05 06:17:13,35200.0,500.0,2112800.0
742,2021-10-05 06:17:13,35200.0,1000.0,2112300.0
743,2021-10-05 06:17:13,35200.0,100.0,2111300.0
744,2021-10-05 06:17:13,35200.0,100.0,2111200.0
745,2021-10-05 06:17:13,35200.0,3700.0,2111100.0
746,2021-10-05 06:17:08,35200.0,300.0,2107400.0
747,2021-10-05 06:16:55,35200.0,1000.0,2107100.0
748,2021-10-05 06:16:55,35200.0,2000.0,2106100.0
749,2021-10-05 06:16:54,35200.0,100.0,2104100.0
750,2021-10-05 06:16:47,35200.0,1000.0,2104000.0
751,2021-10-05 06:16:39,35200.0,10100.0,2103000.0
752,2021-10-05 06:16:23,35200.0,1800.0,2092900.0
753,2021-10-05 06:16:23,35200.0,100.0,2091100.0
754,2021-10-05 06:16:23,35200.0,100.0,2091000.0
755,2021-10-05 06:14:41,35250.0,7000.0,2090900.0
756,2021-10-05 06:14:15,35250.0,500.0,2083900.0
757,2021-10-05 06:14:04,35250.0,500.0,2083400.0
758,2021-10-05 06:14:04,35250.0,1000.0,2082900.0
759,2021-10-05 06:14:04,35250.0,700.0,2081900.0
760,2021-10-05 06:14:04,35250.0,500.0,2081200.0
761,2021-10-05 06:14:04,35250.0,300.0,2080700.0
762,2021-10-05 06:14:04,35250.0,300.0,2080400.0
763,2021-10-05 06:13:11,35250.0,500.0,2080100.0
764,2021-10-05 06:13:11,35250.0,100.0,2079600.0
765,2021-10-05 06:13:11,35250.0,9400.0,2079500.0
766,2021-10-05 06:13:06,35250.0,600.0,2070100.0
767,2021-10-05 06:13:06,35250.0,1400.0,2069500.0
768,2021-10-05 06:12:44,35250.0,100.0,2068100.0
769,2021-10-05 06:12:31,35250.0,1000.0,2068000.0
770,2021-10-05 06:12:29,35300.0,3500.0,2067000.0
771,2021-10-05 06:12:29,35300.0,1300.0,2063500.0
772,2021-10-05 06:12:16,35250.0,2000.0,2062200.0
773,2021-10-05 06:12:09,35250.0,300.0,2060200.0
774,2021-10-05 06:11:45,35250.0,200.0,2059900.0
775,2021-10-05 06:11:45,35250.0,800.0,2059700.0
776,2021-10-05 06:11:30,35250.0,200.0,2058900.0
777,2021-10-05 06:11:30,35250.0,1000.0,2058700.0
778,2021-10-05 06:11:30,35250.0,600.0,2057700.0
779,2021-10-05 06:11:30,35250.0,2400.0,2057100.0
780,2021-10-05 06:11:30,35250.0,500.0,2054700.0
781,2021-10-05 06:11:30,35250.0,1800.0,2054200.0
782,2021-10-05 06:11:10,35250.0,700.0,2052400.0
783,2021-10-05 06:11:10,35250.0,1000.0,2051700.0
784,2021-10-05 06:11:10,35250.0,100.0,2050700.0
785,2021-10-05 06:11:10,35250.0,1200.0,2050600.0
786,2021-10-05 06:11:08,35250.0,500.0,2049400.0
787,2021-10-05 06:11:08,35250.0,300.0,2048900.0
788,2021-10-05 06:11:08,35250.0,1700.0,2048600.0
789,2021-10-05 06:11:02,35250.0,5000.0,2046900.0
790,2021-10-05 06:10:59,35250.0,3300.0,2041900.0
791,2021-10-05 06:10:59,35250.0,200.0,2038600.0
792,2021-10-05 06:10:59,35250.0,600.0,2038400.0
793,2021-10-05 06:10:59,35250.0,900.0,2037800.0
794,2021-10-05 06:10:58,35250.0,100.0,2036900.0
795,2021-10-05 06:10:58,35250.0,700.0,2036800.0
796,2021-10-05 06:10:42,35250.0,500.0,2036100.0
797,2021-10-05 06:10:20,35250.0,200.0,2035600.0
798,2021-10-05 06:09:37,35300.0,200.0,2035400.0
799,2021-10-05 06:09:37,35300.0,100.0,2035200.0
800,2021-10-05 06:09:37,35300.0,600.0,2035100.0
801,2021-10-05 06:09:34,35300.0,700.0,2034500.0
802,2021-10-05 06:09:21,35300.0,200.0,2033800.0
803,2021-10-05 06:08:42,35300.0,800.0,2033600.0
804,2021-10-05 06:08:42,35300.0,1300.0,2032800.0
805,2021-10-05 06:08:37,35250.0,10000.0,2031500.0
806,2021-10-05 06:08:25,35300.0,800.0,2021500.0
807,2021-10-05 06:08:17,35300.0,500.0,2020700.0
808,2021-10-05 06:08:10,35250.0,9800.0,2020200.0
809,2021-10-05 06:08:06,35300.0,700.0,2010400.0
810,2021-10-05 06:07:45,35250.0,3500.0,2009700.0
811,2021-10-05 06:07:44,35250.0,3000.0,2006200.0
812,2021-10-05 06:07:41,35300.0,200.0,2003200.0
813,2021-10-05 06:07:26,35250.0,200.0,2003000.0
814,2021-10-05 06:06:33,35300.0,100.0,2002800.0
815,2021-10-05 06:06:26,35250.0,200.0,2002700.0
816,2021-10-05 06:06:18,35250.0,600.0,2002500.0
817,2021-10-05 06:06:12,35250.0,3000.0,2001900.0
818,2021-10-05 06:05:38,35250.0,2000.0,1998900.0
819,2021-10-05 06:05:14,35250.0,500.0,1996900.0
820,2021-10-05 06:04:42,35250.0,500.0,1996400.0
821,2021-10-05 06:04:25,35250.0,300.0,1995900.0
822,2021-10-05 06:04:25,35250.0,100.0,1995600.0
823,2021-10-05 06:04:25,35250.0,300.0,1995500.0
824,2021-10-05 06:04:20,35300.0,4400.0,1995200.0
825,2021-10-05 06:04:20,35300.0,600.0,1990800.0
826,2021-10-05 06:04:19,35250.0,200.0,1990200.0
827,2021-10-05 06:03:53,35250.0,100.0,1990000.0
828,2021-10-05 06:03:42,35250.0,200.0,1989900.0
829,2021-10-05 06:03:28,35250.0,300.0,1989700.0
830,2021-10-05 06:03:28,35250.0,300.0,1989400.0
831,2021-10-05 06:03:12,35250.0,700.0,1989100.0
832,2021-10-05 06:03:12,35250.0,300.0,1988400.0
833,2021-10-05 06:03:09,35250.0,100.0,1988100.0
834,2021-10-05 06:02:49,35250.0,300.0,1988000.0
835,2021-10-05 06:01:10,35250.0,300.0,1987700.0
836,2021-10-05 06:00:28,35250.0,100.0,1987400.0
837,2021-10-05 06:00:23,35250.0,100.0,1987300.0
838,2021-10-05 06:00:23,35250.0,500.0,1987200.0
839,2021-10-05 06:00:23,35250.0,5000.0,1986700.0
840,2021-10-05 06:00:23,35250.0,400.0,1981700.0
841,2021-10-05 06:00:13,35250.0,200.0,1981300.0
842,2021-10-05 06:00:10,35300.0,400.0,1981100.0
843,2021-10-05 06:00:10,35300.0,300.0,1980700.0
844,2021-10-05 06:00:10,35250.0,100.0,1980400.0
845,2021-10-05 06:00:10,35250.0,100.0,1980300.0
846,2021-10-05 06:00:10,35250.0,200.0,1980200.0
847,2021-10-05 06:00:05,35250.0,100.0,1980000.0
848,2021-10-05 06:00:04,35250.0,300.0,1979900.0
849,2021-10-05 06:00:01,35250.0,2000.0,1979600.0
850,2021-10-05 06:00:01,35250.0,500.0,1977600.0
851,2021-10-05 06:00:01,35250.0,200.0,1977100.0
852,2021-10-05 04:29:33,35250.0,100.0,1976900.0
853,2021-10-05 04:29:26,35300.0,600.0,1976800.0
854,2021-10-05 04:29:24,35250.0,300.0,1976200.0
855,2021-10-05 04:29:08,35300.0,700.0,1975900.0
856,2021-10-05 04:28:37,35250.0,100.0,1975200.0
857,2021-10-05 04:28:37,35250.0,200.0,1975100.0
858,2021-10-05 04:28:37,35250.0,2000.0,1974900.0
859,2021-10-05 04:28:37,35250.0,100.0,1972900.0
860,2021-10-05 04:28:33,35250.0,100.0,1972800.0
861,2021-10-05 04:28:33,35250.0,300.0,1972700.0
862,2021-10-05 04:28:33,35250.0,100.0,1972400.0
863,2021-10-05 04:28:18,35250.0,100.0,1972300.0
864,2021-10-05 04:28:18,35250.0,100.0,1972200.0
865,2021-10-05 04:28:08,35200.0,100.0,1972100.0
866,2021-10-05 04:27:59,35200.0,400.0,1972000.0
867,2021-10-05 04:27:59,35200.0,600.0,1971600.0
868,2021-10-05 04:27:13,35200.0,900.0,1971000.0
869,2021-10-05 04:26:50,35200.0,500.0,1970100.0
870,2021-10-05 04:26:50,35200.0,1000.0,1969600.0
871,2021-10-05 04:26:50,35200.0,100.0,1968600.0
872,2021-10-05 04:26:50,35200.0,3000.0,1968500.0
873,2021-10-05 04:26:50,35200.0,100.0,1965500.0
874,2021-10-05 04:26:50,35200.0,200.0,1965400.0
875,2021-10-05 04:26:50,35200.0,100.0,1965200.0
876,2021-10-05 04:26:45,35200.0,200.0,1965100.0
877,2021-10-05 04:26:45,35200.0,300.0,1964900.0
878,2021-10-05 04:26:37,35200.0,400.0,1964600.0
879,2021-10-05 04:26:13,35200.0,100.0,1964200.0
880,2021-10-05 04:26:13,35200.0,500.0,1964100.0
881,2021-10-05 04:26:13,35200.0,100.0,1963600.0
882,2021-10-05 04:26:13,35200.0,100.0,1963500.0
883,2021-10-05 04:26:13,35200.0,100.0,1963400.0
884,2021-10-05 04:26:13,35200.0,200.0,1963300.0
885,2021-10-05 04:26:13,35200.0,1500.0,1963100.0
886,2021-10-05 04:26:13,35200.0,100.0,1961600.0
887,2021-10-05 04:26:13,35200.0,500.0,1961500.0
888,2021-10-05 04:26:13,35200.0,1000.0,1961000.0
889,2021-10-05 04:26:13,35200.0,200.0,1960000.0
890,2021-10-05 04:26:13,35200.0,200.0,1959800.0
891,2021-10-05 04:26:13,35200.0,500.0,1959600.0
892,2021-10-05 04:26:13,35200.0,100.0,1959100.0
893,2021-10-05 04:26:13,35200.0,100.0,1959000.0
894,2021-10-05 04:26:13,35200.0,300.0,1958900.0
895,2021-10-05 04:26:13,35200.0,1000.0,1958600.0
896,2021-10-05 04:26:13,35200.0,3400.0,1957600.0
897,2021-10-05 04:26:08,35200.0,2600.0,1954200.0
898,2021-10-05 04:26:08,35200.0,200.0,1951600.0
899,2021-10-05 04:26:08,35200.0,100.0,1951400.0
900,2021-10-05 04:26:08,35200.0,200.0,1951300.0
901,2021-10-05 04:26:08,35200.0,200.0,1951100.0
902,2021-10-05 04:26:08,35200.0,100.0,1950900.0
903,2021-10-05 04:26:08,35200.0,300.0,1950800.0
904,2021-10-05 04:26:08,35200.0,100.0,1950500.0
905,2021-10-05 04:26:08,35200.0,5000.0,1950400.0
906,2021-10-05 04:26:08,35200.0,1200.0,1945400.0
907,2021-10-05 04:26:04,35250.0,100.0,1944200.0
908,2021-10-05 04:26:04,35250.0,100.0,1944100.0
909,2021-10-05 04:25:26,35250.0,100.0,1944000.0
910,2021-10-05 04:25:18,35200.0,300.0,1943900.0
911,2021-10-05 04:24:44,35200.0,200.0,1943600.0
912,2021-10-05 04:24:44,35200.0,10000.0,1943400.0
913,2021-10-05 04:24:35,35250.0,100.0,1933400.0
914,2021-10-05 04:24:30,35250.0,200.0,1933300.0
915,2021-10-05 04:24:13,35250.0,500.0,1933100.0
916,2021-10-05 04:23:59,35250.0,100.0,1932600.0
917,2021-10-05 04:23:59,35250.0,100.0,1932500.0
918,2021-10-05 04:23:55,35300.0,200.0,1932400.0
919,2021-10-05 04:23:30,35300.0,100.0,1932200.0
920,2021-10-05 04:23:29,35250.0,100.0,1932100.0
921,2021-10-05 04:22:55,35300.0,1000.0,1932000.0
922,2021-10-05 04:22:43,35250.0,100.0,1931000.0
923,2021-10-05 04:22:08,35200.0,100.0,1930900.0
924,2021-10-05 04:21:32,35200.0,500.0,1930800.0
925,2021-10-05 04:21:32,35250.0,100.0,1930300.0
926,2021-10-05 04:21:32,35250.0,100.0,1930200.0
927,2021-10-05 04:21:32,35250.0,300.0,1930100.0
928,2021-10-05 04:21:24,35250.0,100.0,1929800.0
929,2021-10-05 04:21:18,35250.0,200.0,1929700.0
930,2021-10-05 04:21:18,35250.0,600.0,1929500.0
931,2021-10-05 04:21:18,35250.0,100.0,1928900.0
932,2021-10-05 04:21:17,35250.0,900.0,1928800.0
933,2021-10-05 04:21:17,35250.0,400.0,1927900.0
934,2021-10-05 04:21:13,35250.0,100.0,1927500.0
935,2021-10-05 04:21:00,35250.0,500.0,1927400.0
936,2021-10-05 04:21:00,35250.0,900.0,1926900.0
937,2021-10-05 04:20:51,35250.0,300.0,1926000.0
938,2021-10-05 04:20:44,35250.0,10800.0,1925700.0
939,2021-10-05 04:20:38,35250.0,700.0,1914900.0
940,2021-10-05 04:20:18,35200.0,200.0,1914200.0
941,2021-10-05 04:20:00,35250.0,500.0,1914000.0
942,2021-10-05 04:19:46,35250.0,300.0,1913500.0
943,2021-10-05 04:19:42,35250.0,400.0,1913200.0
944,2021-10-05 04:19:30,35250.0,500.0,1912800.0
945,2021-10-05 04:19:25,35250.0,300.0,1912300.0
946,2021-10-05 04:19:25,35250.0,2400.0,1912000.0
947,2021-10-05 04:19:25,35250.0,1000.0,1909600.0
948,2021-10-05 04:19:25,35250.0,200.0,1908600.0
949,2021-10-05 04:19:25,35250.0,700.0,1908400.0
950,2021-10-05 04:19:22,35300.0,100.0,1907700.0
951,2021-10-05 04:19:22,35300.0,300.0,1907600.0
952,2021-10-05 04:19:22,35300.0,100.0,1907300.0
953,2021-10-05 04:19:10,35250.0,300.0,1907200.0
954,2021-10-05 04:19:05,35300.0,200.0,1906900.0
955,2021-10-05 04:19:05,35300.0,2800.0,1906700.0
956,2021-10-05 04:18:53,35250.0,200.0,1903900.0
957,2021-10-05 04:18:53,35250.0,100.0,1903700.0
958,2021-10-05 04:18:53,35250.0,400.0,1903600.0
959,2021-10-05 04:18:53,35250.0,300.0,1903200.0
960,2021-10-05 04:18:53,35250.0,200.0,1902900.0
961,2021-10-05 04:18:53,35250.0,100.0,1902700.0
962,2021-10-05 04:18:53,35250.0,1000.0,1902600.0
963,2021-10-05 04:18:53,35250.0,2000.0,1901600.0
964,2021-10-05 04:18:53,35250.0,900.0,1899600.0
965,2021-10-05 04:18:53,35250.0,900.0,1898700.0
966,2021-10-05 04:18:53,35250.0,300.0,1897800.0
967,2021-10-05 04:18:53,35250.0,200.0,1897500.0
968,2021-10-05 04:18:53,35250.0,900.0,1897300.0
969,2021-10-05 04:18:53,35250.0,1000.0,1896400.0
970,2021-10-05 04:18:53,35250.0,1500.0,1895400.0
971,2021-10-05 04:18:43,35300.0,200.0,1893900.0
972,2021-10-05 04:18:43,35300.0,1300.0,1893700.0
973,2021-10-05 04:18:40,35300.0,500.0,1892400.0
974,2021-10-05 04:18:32,35300.0,100.0,1891900.0
975,2021-10-05 04:18:26,35300.0,300.0,1891800.0
976,2021-10-05 04:18:11,35300.0,100.0,1891500.0
977,2021-10-05 04:18:11,35300.0,900.0,1891400.0
978,2021-10-05 04:18:11,35300.0,100.0,1890500.0
979,2021-10-05 04:18:09,35300.0,1000.0,1890400.0
980,2021-10-05 04:17:54,35300.0,3900.0,1889400.0
981,2021-10-05 04:17:54,35300.0,1000.0,1885500.0
982,2021-10-05 04:17:54,35300.0,500.0,1884500.0
983,2021-10-05 04:17:54,35300.0,1000.0,1884000.0
984,2021-10-05 04:17:54,35300.0,200.0,1883000.0
985,2021-10-05 04:17:54,35300.0,500.0,1882800.0
986,2021-10-05 04:17:54,35300.0,5000.0,1882300.0
987,2021-10-05 04:17:54,35300.0,500.0,1877300.0
988,2021-10-05 04:17:54,35300.0,3000.0,1876800.0
989,2021-10-05 04:17:54,35300.0,100.0,1873800.0
990,2021-10-05 04:17:54,35300.0,100.0,1873700.0
991,2021-10-05 04:17:54,35300.0,100.0,1873600.0
992,2021-10-05 04:17:54,35300.0,500.0,1873500.0
993,2021-10-05 04:17:54,35300.0,100.0,1873000.0
994,2021-10-05 04:17:54,35300.0,100.0,1872900.0
995,2021-10-05 04:17:54,35300.0,100.0,1872800.0
996,2021-10-05 04:17:54,35300.0,200.0,1872700.0
997,2021-10-05 04:17:54,35300.0,2000.0,1872500.0
998,2021-10-05 04:17:54,35300.0,8000.0,1870500.0
999,2021-10-05 04:17:54,35300.0,5000.0,1862500.0
1000,2021-10-05 04:17:54,35300.0,300.0,1857500.0
1001,2021-10-05 04:17:54,35300.0,100.0,1857200.0
1002,2021-10-05 04:17:54,35300.0,1000.0,1857100.0
1003,2021-10-05 04:17:54,35300.0,100.0,1856100.0
1004,2021-10-05 04:17:54,35300.0,1000.0,1856000.0
1005,2021-10-05 04:17:54,35300.0,3900.0,1855000.0
1006,2021-10-05 04:17:54,35300.0,5000.0,1851100.0
1007,2021-10-05 04:17:54,35300.0,4000.0,1846100.0
1008,2021-10-05 04:17:54,35300.0,500.0,1842100.0
1009,2021-10-05 04:17:54,35300.0,500.0,1841600.0
1010,2021-10-05 04:17:54,35300.0,200.0,1841100.0
1011,2021-10-05 04:17:54,35300.0,1500.0,1840900.0
1012,2021-10-05 04:17:22,35300.0,200.0,1839400.0
1013,2021-10-05 04:16:55,35300.0,4300.0,1839200.0
1014,2021-10-05 04:16:55,35300.0,100.0,1834900.0
1015,2021-10-05 04:16:55,35300.0,600.0,1834800.0
1016,2021-10-05 04:16:15,35300.0,300.0,1834200.0
1017,2021-10-05 04:16:14,35250.0,500.0,1833900.0
1018,2021-10-05 04:16:05,35300.0,4100.0,1833400.0
1019,2021-10-05 04:16:05,35300.0,300.0,1829300.0
1020,2021-10-05 04:16:05,35300.0,400.0,1829000.0
1021,2021-10-05 04:16:05,35300.0,100.0,1828600.0
1022,2021-10-05 04:16:05,35300.0,1000.0,1828500.0
1023,2021-10-05 04:16:05,35300.0,100.0,1827500.0
1024,2021-10-05 04:16:05,35300.0,100.0,1827400.0
1025,2021-10-05 04:16:05,35300.0,1000.0,1827300.0
1026,2021-10-05 04:16:02,35250.0,100.0,1826300.0
1027,2021-10-05 04:16:02,35250.0,200.0,1826200.0
1028,2021-10-05 04:16:02,35250.0,200.0,1826000.0
1029,2021-10-05 04:16:02,35250.0,200.0,1825800.0
1030,2021-10-05 04:15:42,35250.0,1800.0,1825600.0
1031,2021-10-05 04:15:42,35250.0,200.0,1823800.0
1032,2021-10-05 04:15:27,35250.0,200.0,1823600.0
1033,2021-10-05 04:15:16,35300.0,200.0,1823400.0
1034,2021-10-05 04:14:47,35300.0,100.0,1823200.0
1035,2021-10-05 04:14:41,35300.0,1000.0,1823100.0
1036,2021-10-05 04:14:34,35300.0,300.0,1822100.0
1037,2021-10-05 04:14:06,35300.0,100.0,1821800.0
1038,2021-10-05 04:13:58,35300.0,500.0,1821700.0
1039,2021-10-05 04:13:50,35300.0,500.0,1821200.0
1040,2021-10-05 04:13:48,35300.0,100.0,1820700.0
1041,2021-10-05 04:13:45,35300.0,200.0,1820600.0
1042,2021-10-05 04:13:33,35300.0,400.0,1820400.0
1043,2021-10-05 04:13:30,35300.0,100.0,1820000.0
1044,2021-10-05 04:13:26,35200.0,7500.0,1819900.0
1045,2021-10-05 04:13:26,35200.0,800.0,1812400.0
1046,2021-10-05 04:13:26,35200.0,100.0,1811600.0
1047,2021-10-05 04:13:26,35200.0,1800.0,1811500.0
1048,2021-10-05 04:13:26,35250.0,100.0,1809700.0
1049,2021-10-05 04:13:26,35250.0,300.0,1809600.0
1050,2021-10-05 04:13:26,35250.0,300.0,1809300.0
1051,2021-10-05 04:13:26,35250.0,800.0,1809000.0
1052,2021-10-05 04:13:26,35250.0,100.0,1808200.0
1053,2021-10-05 04:13:26,35250.0,100.0,1808100.0
1054,2021-10-05 04:13:26,35250.0,100.0,1808000.0
1055,2021-10-05 04:13:26,35250.0,3000.0,1807900.0
1056,2021-10-05 04:13:26,35250.0,400.0,1804900.0
1057,2021-10-05 04:13:26,35250.0,500.0,1804500.0
1058,2021-10-05 04:13:26,35250.0,200.0,1804000.0
1059,2021-10-05 04:13:26,35250.0,700.0,1803800.0
1060,2021-10-05 04:13:26,35250.0,300.0,1803100.0
1061,2021-10-05 04:13:26,35250.0,2000.0,1802800.0
1062,2021-10-05 04:13:26,35250.0,600.0,1800800.0
1063,2021-10-05 04:13:26,35250.0,1200.0,1800200.0
1064,2021-10-05 04:13:26,35250.0,2000.0,1799000.0
1065,2021-10-05 04:13:22,35300.0,500.0,1797000.0
1066,2021-10-05 04:13:22,35300.0,500.0,1796500.0
1067,2021-10-05 04:13:17,35300.0,300.0,1796000.0
1068,2021-10-05 04:13:01,35300.0,200.0,1795700.0
1069,2021-10-05 04:13:01,35300.0,2800.0,1795500.0
1070,2021-10-05 04:12:26,35300.0,900.0,1792700.0
1071,2021-10-05 04:12:21,35300.0,2000.0,1791800.0
1072,2021-10-05 04:12:21,35300.0,500.0,1789800.0
1073,2021-10-05 04:12:05,35250.0,100.0,1789300.0
1074,2021-10-05 04:12:05,35250.0,400.0,1789200.0
1075,2021-10-05 04:12:05,35300.0,500.0,1788800.0
1076,2021-10-05 04:11:40,35250.0,100.0,1788300.0
1077,2021-10-05 04:11:40,35250.0,500.0,1788200.0
1078,2021-10-05 04:11:40,35250.0,400.0,1787700.0
1079,2021-10-05 04:11:40,35250.0,100.0,1787300.0
1080,2021-10-05 04:11:40,35250.0,500.0,1787200.0
1081,2021-10-05 04:11:40,35250.0,1000.0,1786700.0
1082,2021-10-05 04:11:40,35250.0,100.0,1785700.0
1083,2021-10-05 04:11:40,35250.0,500.0,1785600.0
1084,2021-10-05 04:11:40,35250.0,1000.0,1785100.0
1085,2021-10-05 04:11:40,35250.0,500.0,1784100.0
1086,2021-10-05 04:11:40,35250.0,900.0,1783600.0
1087,2021-10-05 04:11:39,35250.0,1000.0,1782700.0
1088,2021-10-05 04:11:38,35250.0,100.0,1781700.0
1089,2021-10-05 04:11:38,35250.0,500.0,1781600.0
1090,2021-10-05 04:11:38,35250.0,300.0,1781100.0
1091,2021-10-05 04:11:38,35250.0,100.0,1780800.0
1092,2021-10-05 04:11:37,35250.0,500.0,1780700.0
1093,2021-10-05 04:11:37,35250.0,1000.0,1780200.0
1094,2021-10-05 04:11:33,35250.0,900.0,1779200.0
1095,2021-10-05 04:11:33,35250.0,200.0,1778300.0
1096,2021-10-05 04:11:33,35250.0,1400.0,1778100.0
1097,2021-10-05 04:11:33,35250.0,2300.0,1776700.0
1098,2021-10-05 04:11:31,35250.0,200.0,1774400.0
1099,2021-10-05 04:11:28,35250.0,1100.0,1774200.0
1100,2021-10-05 04:11:28,35250.0,4500.0,1773100.0
1101,2021-10-05 04:11:28,35250.0,1500.0,1768600.0
1102,2021-10-05 04:11:27,35250.0,200.0,1767100.0
1103,2021-10-05 04:11:26,35250.0,3300.0,1766900.0
1104,2021-10-05 04:11:25,35250.0,200.0,1763600.0
1105,2021-10-05 04:11:13,35250.0,1000.0,1763400.0
1106,2021-10-05 04:11:07,35250.0,1800.0,1762400.0
1107,2021-10-05 04:11:01,35250.0,300.0,1760600.0
1108,2021-10-05 04:10:53,35200.0,200.0,1760300.0
1109,2021-10-05 04:10:53,35200.0,100.0,1760100.0
1110,2021-10-05 04:10:52,35250.0,500.0,1760000.0
1111,2021-10-05 04:09:16,35200.0,600.0,1759500.0
1112,2021-10-05 04:09:16,35200.0,100.0,1758900.0
1113,2021-10-05 04:09:16,35200.0,100.0,1758800.0
1114,2021-10-05 04:09:16,35200.0,200.0,1758700.0
1115,2021-10-05 04:09:16,35200.0,400.0,1758500.0
1116,2021-10-05 04:09:16,35200.0,1000.0,1758100.0
1117,2021-10-05 04:08:20,35250.0,100.0,1757100.0
1118,2021-10-05 04:08:14,35250.0,1000.0,1757000.0
1119,2021-10-05 04:07:54,35250.0,500.0,1756000.0
1120,2021-10-05 04:07:43,35250.0,100.0,1755500.0
1121,2021-10-05 04:07:43,35250.0,800.0,1755400.0
1122,2021-10-05 04:07:43,35250.0,400.0,1754600.0
1123,2021-10-05 04:07:03,35200.0,600.0,1754200.0
1124,2021-10-05 04:06:43,35200.0,100.0,1753600.0
1125,2021-10-05 04:06:43,35200.0,400.0,1753500.0
1126,2021-10-05 04:06:42,35200.0,100.0,1753100.0
1127,2021-10-05 04:06:42,35200.0,100.0,1753000.0
1128,2021-10-05 04:06:35,35200.0,400.0,1752900.0
1129,2021-10-05 04:06:35,35200.0,100.0,1752500.0
1130,2021-10-05 04:06:35,35200.0,500.0,1752400.0
1131,2021-10-05 04:06:29,35250.0,200.0,1751900.0
1132,2021-10-05 04:06:29,35250.0,200.0,1751700.0
1133,2021-10-05 04:06:27,35200.0,3000.0,1751500.0
1134,2021-10-05 04:06:27,35200.0,500.0,1748500.0
1135,2021-10-05 04:06:27,35200.0,1000.0,1748000.0
1136,2021-10-05 04:06:27,35200.0,300.0,1747000.0
1137,2021-10-05 04:06:27,35200.0,100.0,1746700.0
1138,2021-10-05 04:06:27,35200.0,1000.0,1746600.0
1139,2021-10-05 04:06:27,35200.0,100.0,1745600.0
1140,2021-10-05 04:05:54,35200.0,400.0,1745500.0
1141,2021-10-05 04:05:54,35200.0,600.0,1745100.0
1142,2021-10-05 04:05:03,35250.0,200.0,1744500.0
1143,2021-10-05 04:05:03,35250.0,100.0,1744300.0
1144,2021-10-05 04:05:03,35250.0,1700.0,1744200.0
1145,2021-10-05 04:05:03,35200.0,400.0,1742500.0
1146,2021-10-05 04:05:03,35200.0,500.0,1742100.0
1147,2021-10-05 04:05:03,35200.0,100.0,1741600.0
1148,2021-10-05 04:05:03,35200.0,100.0,1741500.0
1149,2021-10-05 04:05:03,35200.0,400.0,1741400.0
1150,2021-10-05 04:05:03,35200.0,100.0,1741000.0
1151,2021-10-05 04:05:03,35200.0,100.0,1740900.0
1152,2021-10-05 04:05:03,35200.0,1000.0,1740800.0
1153,2021-10-05 04:05:03,35200.0,4500.0,1739800.0
1154,2021-10-05 04:05:03,35200.0,1000.0,1735300.0
1155,2021-10-05 04:05:03,35200.0,200.0,1734300.0
1156,2021-10-05 04:05:03,35200.0,1000.0,1734100.0
1157,2021-10-05 04:05:03,35200.0,600.0,1733100.0
1158,2021-10-05 04:04:57,35250.0,3600.0,1732500.0
1159,2021-10-05 04:04:57,35250.0,500.0,1728900.0
1160,2021-10-05 04:04:49,35250.0,600.0,1728400.0
1161,2021-10-05 04:04:49,35250.0,500.0,1727800.0
1162,2021-10-05 04:04:40,35250.0,500.0,1727300.0
1163,2021-10-05 04:04:34,35250.0,1000.0,1726800.0
1164,2021-10-05 04:04:33,35200.0,400.0,1725800.0
1165,2021-10-05 04:04:33,35200.0,200.0,1725400.0
1166,2021-10-05 04:04:33,35200.0,400.0,1725200.0
1167,2021-10-05 04:04:29,35200.0,1000.0,1724800.0
1168,2021-10-05 04:04:21,35250.0,100.0,1723800.0
1169,2021-10-05 04:04:11,35250.0,500.0,1723700.0
1170,2021-10-05 04:03:57,35250.0,500.0,1723200.0
1171,2021-10-05 04:03:54,35250.0,500.0,1722700.0
1172,2021-10-05 04:03:54,35250.0,500.0,1722200.0
1173,2021-10-05 04:03:51,35250.0,100.0,1721700.0
1174,2021-10-05 04:03:40,35250.0,400.0,1721600.0
1175,2021-10-05 04:03:40,35250.0,100.0,1721200.0
1176,2021-10-05 04:03:40,35250.0,1500.0,1721100.0
1177,2021-10-05 04:03:40,35250.0,3000.0,1719600.0
1178,2021-10-05 04:03:40,35200.0,200.0,1716600.0
1179,2021-10-05 04:03:29,35250.0,2000.0,1716400.0
1180,2021-10-05 04:03:21,35250.0,500.0,1714400.0
1181,2021-10-05 04:03:21,35250.0,200.0,1713900.0
1182,2021-10-05 04:03:21,35250.0,1100.0,1713700.0
1183,2021-10-05 04:02:24,35200.0,400.0,1712600.0
1184,2021-10-05 04:02:24,35200.0,700.0,1712200.0
1185,2021-10-05 04:02:24,35200.0,400.0,1711500.0
1186,2021-10-05 04:01:56,35200.0,600.0,1711100.0
1187,2021-10-05 04:01:56,35200.0,200.0,1710500.0
1188,2021-10-05 04:01:40,35250.0,2700.0,1710300.0
1189,2021-10-05 04:01:23,35200.0,100.0,1707600.0
1190,2021-10-05 04:01:12,35250.0,700.0,1707500.0
1191,2021-10-05 04:00:49,35250.0,2500.0,1706800.0
1192,2021-10-05 04:00:49,35250.0,100.0,1704300.0
1193,2021-10-05 04:00:49,35250.0,5000.0,1704200.0
1194,2021-10-05 04:00:49,35250.0,500.0,1699200.0
1195,2021-10-05 04:00:49,35250.0,200.0,1698700.0
1196,2021-10-05 04:00:49,35250.0,2200.0,1698500.0
1197,2021-10-05 04:00:33,35250.0,200.0,1696300.0
1198,2021-10-05 04:00:31,35250.0,200.0,1696100.0
1199,2021-10-05 04:00:23,35250.0,2400.0,1695900.0
1200,2021-10-05 04:00:14,35250.0,100.0,1693500.0
1201,2021-10-05 04:00:14,35250.0,1600.0,1693400.0
1202,2021-10-05 04:00:14,35250.0,900.0,1691800.0
1203,2021-10-05 03:59:59,35250.0,300.0,1690900.0
1204,2021-10-05 03:59:58,35250.0,700.0,1690600.0
1205,2021-10-05 03:59:58,35250.0,500.0,1689900.0
1206,2021-10-05 03:59:57,35250.0,500.0,1689400.0
1207,2021-10-05 03:59:57,35250.0,4500.0,1688900.0
1208,2021-10-05 03:59:53,35250.0,500.0,1684400.0
1209,2021-10-05 03:59:53,35250.0,200.0,1683900.0
1210,2021-10-05 03:59:53,35250.0,300.0,1683700.0
1211,2021-10-05 03:59:49,35250.0,1000.0,1683400.0
1212,2021-10-05 03:59:44,35250.0,3000.0,1682400.0
1213,2021-10-05 03:59:42,35250.0,1000.0,1679400.0
1214,2021-10-05 03:59:39,35250.0,1200.0,1678400.0
1215,2021-10-05 03:59:38,35250.0,1000.0,1677200.0
1216,2021-10-05 03:59:30,35250.0,200.0,1676200.0
1217,2021-10-05 03:59:29,35250.0,600.0,1676000.0
1218,2021-10-05 03:59:27,35250.0,100.0,1675400.0
1219,2021-10-05 03:59:15,35250.0,1000.0,1675300.0
1220,2021-10-05 03:59:14,35250.0,300.0,1674300.0
1221,2021-10-05 03:59:10,35250.0,15300.0,1674000.0
1222,2021-10-05 03:58:59,35250.0,9600.0,1658700.0
1223,2021-10-05 03:58:55,35300.0,3300.0,1649100.0
1224,2021-10-05 03:58:55,35300.0,1000.0,1645800.0
1225,2021-10-05 03:58:55,35300.0,100.0,1644800.0
1226,2021-10-05 03:58:55,35300.0,200.0,1644700.0
1227,2021-10-05 03:58:51,35250.0,500.0,1644500.0
1228,2021-10-05 03:58:48,35250.0,100.0,1644000.0
1229,2021-10-05 03:58:39,35300.0,500.0,1643900.0
1230,2021-10-05 03:58:29,35250.0,100.0,1643400.0
1231,2021-10-05 03:58:04,35250.0,9400.0,1643300.0
1232,2021-10-05 03:58:04,35250.0,200.0,1633900.0
1233,2021-10-05 03:58:04,35250.0,400.0,1633700.0
1234,2021-10-05 03:57:51,35250.0,300.0,1633300.0
1235,2021-10-05 03:57:39,35250.0,1000.0,1633000.0
1236,2021-10-05 03:57:24,35250.0,500.0,1632000.0
1237,2021-10-05 03:57:18,35300.0,1400.0,1631500.0
1238,2021-10-05 03:57:18,35300.0,200.0,1630100.0
1239,2021-10-05 03:57:18,35300.0,3900.0,1629900.0
1240,2021-10-05 03:57:01,35250.0,300.0,1626000.0
1241,2021-10-05 03:56:32,35300.0,300.0,1625700.0
1242,2021-10-05 03:55:59,35300.0,800.0,1625400.0
1243,2021-10-05 03:55:59,35300.0,1000.0,1624600.0
1244,2021-10-05 03:55:59,35300.0,700.0,1623600.0
1245,2021-10-05 03:55:54,35300.0,300.0,1622900.0
1246,2021-10-05 03:55:54,35300.0,700.0,1622600.0
1247,2021-10-05 03:55:43,35300.0,300.0,1621900.0
1248,2021-10-05 03:55:41,35250.0,100.0,1621600.0
1249,2021-10-05 03:55:27,35250.0,100.0,1621500.0
1250,2021-10-05 03:55:15,35300.0,100.0,1621400.0
1251,2021-10-05 03:55:14,35250.0,400.0,1621300.0
1252,2021-10-05 03:54:50,35250.0,1800.0,1620900.0
1253,2021-10-05 03:54:50,35250.0,1000.0,1619100.0
1254,2021-10-05 03:54:50,35250.0,200.0,1618100.0
1255,2021-10-05 03:54:45,35300.0,100.0,1617900.0
1256,2021-10-05 03:54:45,35300.0,1000.0,1617800.0
1257,2021-10-05 03:54:45,35300.0,100.0,1616800.0
1258,2021-10-05 03:54:45,35300.0,500.0,1616700.0
1259,2021-10-05 03:54:45,35300.0,400.0,1616200.0
1260,2021-10-05 03:54:45,35300.0,2000.0,1615800.0
1261,2021-10-05 03:54:45,35300.0,900.0,1613800.0
1262,2021-10-05 03:54:39,35250.0,1400.0,1612900.0
1263,2021-10-05 03:54:36,35250.0,500.0,1611500.0
1264,2021-10-05 03:54:36,35250.0,2100.0,1611000.0
1265,2021-10-05 03:54:26,35250.0,100.0,1608900.0
1266,2021-10-05 03:54:26,35250.0,2000.0,1608800.0
1267,2021-10-05 03:54:26,35250.0,500.0,1606800.0
1268,2021-10-05 03:54:26,35250.0,200.0,1606300.0
1269,2021-10-05 03:54:26,35250.0,1500.0,1606100.0
1270,2021-10-05 03:54:26,35250.0,100.0,1604600.0
1271,2021-10-05 03:54:26,35250.0,600.0,1604500.0
1272,2021-10-05 03:54:26,35250.0,7900.0,1603900.0
1273,2021-10-05 03:54:21,35250.0,400.0,1596000.0
1274,2021-10-05 03:54:10,35250.0,1000.0,1595600.0
1275,2021-10-05 03:54:07,35250.0,7700.0,1594600.0
1276,2021-10-05 03:52:48,35250.0,3000.0,1586900.0
1277,2021-10-05 03:52:31,35300.0,200.0,1583900.0
1278,2021-10-05 03:52:28,35300.0,900.0,1583700.0
1279,2021-10-05 03:52:28,35300.0,100.0,1582800.0
1280,2021-10-05 03:52:15,35300.0,500.0,1582700.0
1281,2021-10-05 03:52:14,35300.0,200.0,1582200.0
1282,2021-10-05 03:52:12,35300.0,500.0,1582000.0
1283,2021-10-05 03:52:10,35300.0,2500.0,1581500.0
1284,2021-10-05 03:52:10,35300.0,200.0,1579000.0
1285,2021-10-05 03:52:10,35300.0,200.0,1578800.0
1286,2021-10-05 03:52:10,35300.0,200.0,1578600.0
1287,2021-10-05 03:52:10,35300.0,100.0,1578400.0
1288,2021-10-05 03:52:10,35300.0,1000.0,1578300.0
1289,2021-10-05 03:52:10,35300.0,600.0,1577300.0
1290,2021-10-05 03:52:10,35300.0,900.0,1576700.0
1291,2021-10-05 03:52:10,35300.0,100.0,1575800.0
1292,2021-10-05 03:52:10,35300.0,100.0,1575700.0
1293,2021-10-05 03:52:10,35300.0,2000.0,1575600.0
1294,2021-10-05 03:52:10,35300.0,800.0,1573600.0
1295,2021-10-05 03:52:10,35300.0,1400.0,1572800.0
1296,2021-10-05 03:52:10,35300.0,200.0,1571400.0
1297,2021-10-05 03:52:10,35300.0,1000.0,1571200.0
1298,2021-10-05 03:52:10,35300.0,100.0,1570200.0
1299,2021-10-05 03:52:10,35300.0,200.0,1570100.0
1300,2021-10-05 03:52:10,35300.0,2000.0,1569900.0
1301,2021-10-05 03:52:10,35300.0,100.0,1567900.0
1302,2021-10-05 03:52:10,35300.0,1000.0,1567800.0
1303,2021-10-05 03:52:10,35300.0,1000.0,1566800.0
1304,2021-10-05 03:52:10,35300.0,500.0,1565800.0
1305,2021-10-05 03:52:10,35300.0,3800.0,1565300.0
1306,2021-10-05 03:51:59,35300.0,1600.0,1561500.0
1307,2021-10-05 03:51:59,35300.0,100.0,1559900.0
1308,2021-10-05 03:51:59,35300.0,4200.0,1559800.0
1309,2021-10-05 03:51:59,35300.0,5000.0,1555600.0
1310,2021-10-05 03:51:59,35300.0,1000.0,1550600.0
1311,2021-10-05 03:51:59,35300.0,200.0,1549600.0
1312,2021-10-05 03:51:59,35300.0,100.0,1549400.0
1313,2021-10-05 03:51:59,35300.0,200.0,1549300.0
1314,2021-10-05 03:51:59,35300.0,200.0,1549100.0
1315,2021-10-05 03:51:59,35300.0,500.0,1548900.0
1316,2021-10-05 03:51:59,35300.0,500.0,1548400.0
1317,2021-10-05 03:51:59,35300.0,500.0,1547900.0
1318,2021-10-05 03:51:59,35300.0,1000.0,1547400.0
1319,2021-10-05 03:51:59,35300.0,500.0,1546400.0
1320,2021-10-05 03:51:59,35300.0,100.0,1545900.0
1321,2021-10-05 03:51:59,35300.0,1000.0,1545800.0
1322,2021-10-05 03:51:59,35300.0,3000.0,1544800.0
1323,2021-10-05 03:51:59,35300.0,300.0,1541800.0
1324,2021-10-05 03:51:21,35300.0,9700.0,1541500.0
1325,2021-10-05 03:51:21,35300.0,300.0,1531800.0
1326,2021-10-05 03:50:58,35250.0,200.0,1531500.0
1327,2021-10-05 03:50:39,35300.0,500.0,1531300.0
1328,2021-10-05 03:50:33,35300.0,1000.0,1530800.0
1329,2021-10-05 03:50:22,35250.0,100.0,1529800.0
1330,2021-10-05 03:50:20,35250.0,600.0,1529700.0
1331,2021-10-05 03:50:20,35250.0,300.0,1529100.0
1332,2021-10-05 03:50:20,35250.0,100.0,1528800.0
1333,2021-10-05 03:50:15,35250.0,100.0,1528700.0
1334,2021-10-05 03:50:08,35250.0,900.0,1528600.0
1335,2021-10-05 03:50:08,35250.0,300.0,1527700.0
1336,2021-10-05 03:49:55,35200.0,500.0,1527400.0
1337,2021-10-05 03:49:45,35250.0,500.0,1526900.0
1338,2021-10-05 03:49:45,35250.0,5000.0,1526400.0
1339,2021-10-05 03:49:45,35250.0,100.0,1521400.0
1340,2021-10-05 03:49:45,35250.0,1000.0,1521300.0
1341,2021-10-05 03:49:45,35250.0,2300.0,1520300.0
1342,2021-10-05 03:49:45,35250.0,200.0,1518000.0
1343,2021-10-05 03:49:45,35250.0,800.0,1517800.0
1344,2021-10-05 03:49:45,35250.0,100.0,1517000.0
1345,2021-10-05 03:49:24,35250.0,100.0,1516900.0
1346,2021-10-05 03:49:21,35250.0,100.0,1516800.0
1347,2021-10-05 03:48:57,35250.0,100.0,1516700.0
1348,2021-10-05 03:48:57,35250.0,2700.0,1516600.0
1349,2021-10-05 03:48:42,35200.0,300.0,1513900.0
1350,2021-10-05 03:48:30,35250.0,100.0,1513600.0
1351,2021-10-05 03:48:13,35200.0,500.0,1513500.0
1352,2021-10-05 03:48:01,35200.0,900.0,1513000.0
1353,2021-10-05 03:47:56,35200.0,100.0,1512100.0
1354,2021-10-05 03:47:43,35200.0,900.0,1512000.0
1355,2021-10-05 03:47:43,35200.0,100.0,1511100.0
1356,2021-10-05 03:47:32,35200.0,300.0,1511000.0
1357,2021-10-05 03:47:32,35200.0,100.0,1510700.0
1358,2021-10-05 03:47:32,35200.0,500.0,1510600.0
1359,2021-10-05 03:47:32,35200.0,500.0,1510100.0
1360,2021-10-05 03:47:32,35200.0,1000.0,1509600.0
1361,2021-10-05 03:47:32,35200.0,100.0,1508600.0
1362,2021-10-05 03:47:32,35200.0,1200.0,1508500.0
1363,2021-10-05 03:47:32,35200.0,100.0,1507300.0
1364,2021-10-05 03:47:32,35200.0,600.0,1507200.0
1365,2021-10-05 03:47:32,35200.0,1500.0,1506600.0
1366,2021-10-05 03:47:32,35200.0,5000.0,1505100.0
1367,2021-10-05 03:47:32,35200.0,5000.0,1500100.0
1368,2021-10-05 03:47:32,35200.0,3000.0,1495100.0
1369,2021-10-05 03:47:32,35200.0,1000.0,1492100.0
1370,2021-10-05 03:47:29,35200.0,2300.0,1491100.0
1371,2021-10-05 03:46:36,35200.0,100.0,1488800.0
1372,2021-10-05 03:46:02,35200.0,100.0,1488700.0
1373,2021-10-05 03:45:22,35200.0,2000.0,1488600.0
1374,2021-10-05 03:44:44,35200.0,800.0,1486600.0
1375,2021-10-05 03:44:27,35150.0,100.0,1485800.0
1376,2021-10-05 03:44:16,35150.0,2300.0,1485700.0
1377,2021-10-05 03:44:08,35150.0,500.0,1483400.0
1378,2021-10-05 03:44:08,35150.0,200.0,1482900.0
1379,2021-10-05 03:44:06,35200.0,300.0,1482700.0
1380,2021-10-05 03:43:23,35150.0,100.0,1482400.0
1381,2021-10-05 03:43:23,35150.0,100.0,1482300.0
1382,2021-10-05 03:43:19,35200.0,400.0,1482200.0
1383,2021-10-05 03:43:19,35200.0,100.0,1481800.0
1384,2021-10-05 03:42:59,35150.0,500.0,1481700.0
1385,2021-10-05 03:42:49,35150.0,200.0,1481200.0
1386,2021-10-05 03:42:37,35150.0,100.0,1481000.0
1387,2021-10-05 03:42:08,35150.0,500.0,1480900.0
1388,2021-10-05 03:41:53,35200.0,4900.0,1480400.0
1389,2021-10-05 03:41:50,35200.0,100.0,1475500.0
1390,2021-10-05 03:41:50,35200.0,300.0,1475400.0
1391,2021-10-05 03:41:50,35200.0,100.0,1475100.0
1392,2021-10-05 03:41:39,35200.0,100.0,1475000.0
1393,2021-10-05 03:41:39,35200.0,400.0,1474900.0
1394,2021-10-05 03:41:21,35200.0,2600.0,1474500.0
1395,2021-10-05 03:41:21,35200.0,200.0,1471900.0
1396,2021-10-05 03:41:21,35200.0,1000.0,1471700.0
1397,2021-10-05 03:41:21,35200.0,1000.0,1470700.0
1398,2021-10-05 03:41:21,35200.0,200.0,1469700.0
1399,2021-10-05 03:41:10,35250.0,1000.0,1469500.0
1400,2021-10-05 03:41:09,35250.0,400.0,1468500.0
1401,2021-10-05 03:40:55,35250.0,400.0,1468100.0
1402,2021-10-05 03:40:54,35250.0,400.0,1467700.0
1403,2021-10-05 03:40:54,35250.0,100.0,1467300.0
1404,2021-10-05 03:40:42,35300.0,300.0,1467200.0
1405,2021-10-05 03:40:41,35300.0,300.0,1466900.0
1406,2021-10-05 03:40:15,35300.0,1000.0,1466600.0
1407,2021-10-05 03:39:37,35300.0,1300.0,1465600.0
1408,2021-10-05 03:39:37,35250.0,100.0,1464300.0
1409,2021-10-05 03:39:37,35250.0,100.0,1464200.0
1410,2021-10-05 03:39:37,35250.0,500.0,1464100.0
1411,2021-10-05 03:39:37,35250.0,3000.0,1463600.0
1412,2021-10-05 03:39:37,35250.0,100.0,1460600.0
1413,2021-10-05 03:39:37,35250.0,500.0,1460500.0
1414,2021-10-05 03:39:37,35250.0,1000.0,1460000.0
1415,2021-10-05 03:39:37,35250.0,100.0,1459000.0
1416,2021-10-05 03:39:37,35250.0,5000.0,1458900.0
1417,2021-10-05 03:39:37,35200.0,100.0,1453900.0
1418,2021-10-05 03:39:37,35200.0,100.0,1453800.0
1419,2021-10-05 03:39:37,35200.0,500.0,1453700.0
1420,2021-10-05 03:39:37,35200.0,1000.0,1453200.0
1421,2021-10-05 03:39:37,35200.0,200.0,1452200.0
1422,2021-10-05 03:39:37,35200.0,100.0,1452000.0
1423,2021-10-05 03:39:37,35200.0,200.0,1451900.0
1424,2021-10-05 03:39:37,35200.0,1000.0,1451700.0
1425,2021-10-05 03:39:37,35200.0,200.0,1450700.0
1426,2021-10-05 03:39:37,35200.0,2000.0,1450500.0
1427,2021-10-05 03:39:37,35200.0,1000.0,1448500.0
1428,2021-10-05 03:39:37,35200.0,200.0,1447500.0
1429,2021-10-05 03:39:37,35200.0,500.0,1447300.0
1430,2021-10-05 03:39:37,35200.0,100.0,1446800.0
1431,2021-10-05 03:39:37,35200.0,900.0,1446700.0
1432,2021-10-05 03:39:37,35200.0,10000.0,1445800.0
1433,2021-10-05 03:39:37,35200.0,1000.0,1435800.0
1434,2021-10-05 03:39:37,35200.0,2000.0,1434800.0
1435,2021-10-05 03:39:37,35200.0,200.0,1432800.0
1436,2021-10-05 03:39:27,35200.0,100.0,1432600.0
1437,2021-10-05 03:39:27,35200.0,900.0,1432500.0
1438,2021-10-05 03:39:18,35200.0,1000.0,1431600.0
1439,2021-10-05 03:38:34,35200.0,100.0,1430600.0
1440,2021-10-05 03:38:34,35200.0,800.0,1430500.0
1441,2021-10-05 03:38:10,35200.0,100.0,1429700.0
1442,2021-10-05 03:38:06,35150.0,200.0,1429600.0
1443,2021-10-05 03:38:06,35150.0,5000.0,1429400.0
1444,2021-10-05 03:38:06,35150.0,200.0,1424400.0
1445,2021-10-05 03:38:06,35150.0,8000.0,1424200.0
1446,2021-10-05 03:38:06,35150.0,200.0,1416200.0
1447,2021-10-05 03:38:06,35150.0,400.0,1416000.0
1448,2021-10-05 03:38:06,35150.0,1500.0,1415600.0
1449,2021-10-05 03:37:53,35150.0,500.0,1414100.0
1450,2021-10-05 03:37:26,35150.0,100.0,1413600.0
1451,2021-10-05 03:37:22,35100.0,400.0,1413500.0
1452,2021-10-05 03:37:22,35100.0,2000.0,1413100.0
1453,2021-10-05 03:37:22,35100.0,1000.0,1411100.0
1454,2021-10-05 03:37:22,35100.0,200.0,1410100.0
1455,2021-10-05 03:37:22,35100.0,300.0,1409900.0
1456,2021-10-05 03:37:22,35100.0,100.0,1409600.0
1457,2021-10-05 03:36:58,35150.0,700.0,1409500.0
1458,2021-10-05 03:35:48,35100.0,200.0,1408800.0
1459,2021-10-05 03:35:42,35150.0,100.0,1408600.0
1460,2021-10-05 03:35:36,35150.0,300.0,1408500.0
1461,2021-10-05 03:35:36,35150.0,500.0,1408200.0
1462,2021-10-05 03:35:36,35150.0,300.0,1407700.0
1463,2021-10-05 03:35:36,35150.0,200.0,1407400.0
1464,2021-10-05 03:35:36,35150.0,300.0,1407200.0
1465,2021-10-05 03:35:36,35150.0,400.0,1406900.0
1466,2021-10-05 03:35:36,35150.0,300.0,1406500.0
1467,2021-10-05 03:35:31,35100.0,700.0,1406200.0
1468,2021-10-05 03:35:31,35100.0,500.0,1405500.0
1469,2021-10-05 03:35:31,35100.0,300.0,1405000.0
1470,2021-10-05 03:35:31,35100.0,3700.0,1404700.0
1471,2021-10-05 03:35:31,35100.0,200.0,1401000.0
1472,2021-10-05 03:35:31,35100.0,200.0,1400800.0
1473,2021-10-05 03:35:31,35100.0,200.0,1400600.0
1474,2021-10-05 03:35:31,35100.0,200.0,1400400.0
1475,2021-10-05 03:35:31,35100.0,200.0,1400200.0
1476,2021-10-05 03:35:31,35100.0,500.0,1400000.0
1477,2021-10-05 03:35:31,35100.0,100.0,1399500.0
1478,2021-10-05 03:35:31,35100.0,200.0,1399400.0
1479,2021-10-05 03:34:56,35150.0,2000.0,1399200.0
1480,2021-10-05 03:34:56,35150.0,1000.0,1397200.0
1481,2021-10-05 03:34:56,35150.0,500.0,1396200.0
1482,2021-10-05 03:34:56,35150.0,1500.0,1395700.0
1483,2021-10-05 03:34:51,35100.0,300.0,1394200.0
1484,2021-10-05 03:34:51,35100.0,1100.0,1393900.0
1485,2021-10-05 03:34:46,35100.0,900.0,1392800.0
1486,2021-10-05 03:34:46,35100.0,500.0,1391900.0
1487,2021-10-05 03:34:46,35100.0,200.0,1391400.0
1488,2021-10-05 03:34:46,35100.0,3600.0,1391200.0
1489,2021-10-05 03:34:37,35100.0,500.0,1387600.0
1490,2021-10-05 03:34:29,35100.0,200.0,1387100.0
1491,2021-10-05 03:34:23,35100.0,4000.0,1386900.0
1492,2021-10-05 03:34:20,35100.0,1200.0,1382900.0
1493,2021-10-05 03:34:17,35150.0,100.0,1381700.0
1494,2021-10-05 03:34:17,35150.0,500.0,1381600.0
1495,2021-10-05 03:34:17,35150.0,500.0,1381100.0
1496,2021-10-05 03:34:17,35150.0,900.0,1380600.0
1497,2021-10-05 03:34:10,35100.0,5000.0,1379700.0
1498,2021-10-05 03:34:04,35150.0,100.0,1374700.0
1499,2021-10-05 03:34:04,35150.0,400.0,1374600.0
1500,2021-10-05 03:33:54,35150.0,200.0,1374200.0
1501,2021-10-05 03:33:52,35150.0,500.0,1374000.0
1502,2021-10-05 03:33:37,35150.0,1000.0,1373500.0
1503,2021-10-05 03:33:35,35150.0,3000.0,1372500.0
1504,2021-10-05 03:33:31,35150.0,1000.0,1369500.0
1505,2021-10-05 03:33:16,35150.0,3900.0,1368500.0
1506,2021-10-05 03:33:16,35150.0,100.0,1364600.0
1507,2021-10-05 03:33:08,35150.0,900.0,1364500.0
1508,2021-10-05 03:33:08,35150.0,100.0,1363600.0
1509,2021-10-05 03:32:47,35150.0,300.0,1363500.0
1510,2021-10-05 03:32:40,35100.0,100.0,1363200.0
1511,2021-10-05 03:32:29,35100.0,3000.0,1363100.0
1512,2021-10-05 03:31:42,35150.0,1000.0,1360100.0
1513,2021-10-05 03:31:38,35100.0,500.0,1359100.0
1514,2021-10-05 03:31:35,35150.0,1100.0,1358600.0
1515,2021-10-05 03:31:20,35150.0,700.0,1357500.0
1516,2021-10-05 03:31:10,35100.0,100.0,1356800.0
1517,2021-10-05 03:31:06,35100.0,200.0,1356700.0
1518,2021-10-05 03:30:57,35150.0,1000.0,1356500.0
1519,2021-10-05 03:30:57,35150.0,2000.0,1355500.0
1520,2021-10-05 03:30:57,35150.0,300.0,1353500.0
1521,2021-10-05 03:30:57,35150.0,800.0,1353200.0
1522,2021-10-05 03:30:57,35150.0,1000.0,1352400.0
1523,2021-10-05 03:30:57,35150.0,1700.0,1351400.0
1524,2021-10-05 03:30:28,35150.0,300.0,1349700.0
1525,2021-10-05 03:30:28,35150.0,100.0,1349400.0
1526,2021-10-05 03:30:28,35150.0,1600.0,1349300.0
1527,2021-10-05 03:30:18,35150.0,200.0,1347700.0
1528,2021-10-05 03:30:18,35150.0,100.0,1347500.0
1529,2021-10-05 03:30:06,35150.0,200.0,1347400.0
1530,2021-10-05 03:30:03,35150.0,4700.0,1347200.0
1531,2021-10-05 03:30:03,35150.0,4300.0,1342500.0
1532,2021-10-05 03:29:39,35150.0,9000.0,1338200.0
1533,2021-10-05 03:29:33,35150.0,3000.0,1329200.0
1534,2021-10-05 03:29:18,35150.0,3700.0,1326200.0
1535,2021-10-05 03:29:16,35150.0,100.0,1322500.0
1536,2021-10-05 03:29:13,35150.0,500.0,1322400.0
1537,2021-10-05 03:29:12,35150.0,700.0,1321900.0
1538,2021-10-05 03:29:04,35150.0,100.0,1321200.0
1539,2021-10-05 03:29:04,35150.0,200.0,1321100.0
1540,2021-10-05 03:29:04,35150.0,500.0,1320900.0
1541,2021-10-05 03:29:04,35150.0,200.0,1320400.0
1542,2021-10-05 03:29:04,35150.0,1300.0,1320200.0
1543,2021-10-05 03:29:04,35150.0,7800.0,1318900.0
1544,2021-10-05 03:28:43,35150.0,2200.0,1311100.0
1545,2021-10-05 03:28:43,35150.0,100.0,1308900.0
1546,2021-10-05 03:28:43,35150.0,500.0,1308800.0
1547,2021-10-05 03:28:43,35150.0,200.0,1308300.0
1548,2021-10-05 03:28:34,35200.0,100.0,1308100.0
1549,2021-10-05 03:28:27,35200.0,1000.0,1308000.0
1550,2021-10-05 03:27:57,35200.0,1000.0,1307000.0
1551,2021-10-05 03:27:54,35200.0,100.0,1306000.0
1552,2021-10-05 03:27:52,35150.0,900.0,1305900.0
1553,2021-10-05 03:27:52,35200.0,4100.0,1305000.0
1554,2021-10-05 03:27:45,35200.0,100.0,1300900.0
1555,2021-10-05 03:27:43,35200.0,300.0,1300800.0
1556,2021-10-05 03:27:43,35200.0,400.0,1300500.0
1557,2021-10-05 03:27:43,35200.0,3000.0,1300100.0
1558,2021-10-05 03:27:43,35200.0,1000.0,1297100.0
1559,2021-10-05 03:27:43,35200.0,500.0,1296100.0
1560,2021-10-05 03:27:43,35200.0,100.0,1295600.0
1561,2021-10-05 03:27:43,35200.0,500.0,1295500.0
1562,2021-10-05 03:27:35,35200.0,3000.0,1295000.0
1563,2021-10-05 03:27:35,35200.0,1000.0,1292000.0
1564,2021-10-05 03:27:35,35200.0,100.0,1291000.0
1565,2021-10-05 03:27:35,35200.0,100.0,1290900.0
1566,2021-10-05 03:27:35,35200.0,500.0,1290800.0
1567,2021-10-05 03:27:35,35200.0,300.0,1290300.0
1568,2021-10-05 03:27:35,35200.0,200.0,1290000.0
1569,2021-10-05 03:27:35,35200.0,500.0,1289800.0
1570,2021-10-05 03:27:35,35200.0,500.0,1289300.0
1571,2021-10-05 03:27:35,35200.0,100.0,1288800.0
1572,2021-10-05 03:27:35,35200.0,500.0,1288700.0
1573,2021-10-05 03:27:35,35200.0,800.0,1288200.0
1574,2021-10-05 03:27:35,35200.0,500.0,1287400.0
1575,2021-10-05 03:27:35,35200.0,3000.0,1286900.0
1576,2021-10-05 03:27:35,35200.0,500.0,1283900.0
1577,2021-10-05 03:27:35,35200.0,1000.0,1283400.0
1578,2021-10-05 03:27:35,35200.0,1000.0,1282400.0
1579,2021-10-05 03:27:35,35200.0,200.0,1281400.0
1580,2021-10-05 03:27:35,35200.0,100.0,1281200.0
1581,2021-10-05 03:27:35,35200.0,2000.0,1281100.0
1582,2021-10-05 03:27:35,35200.0,500.0,1279100.0
1583,2021-10-05 03:27:35,35200.0,1000.0,1278600.0
1584,2021-10-05 03:27:35,35200.0,300.0,1277600.0
1585,2021-10-05 03:27:35,35200.0,19900.0,1277300.0
1586,2021-10-05 03:27:35,35150.0,200.0,1257400.0
1587,2021-10-05 03:27:35,35150.0,400.0,1257200.0
1588,2021-10-05 03:27:35,35150.0,200.0,1256800.0
1589,2021-10-05 03:27:35,35150.0,1600.0,1256600.0
1590,2021-10-05 03:27:33,35150.0,100.0,1255000.0
1591,2021-10-05 03:27:22,35150.0,1000.0,1254900.0
1592,2021-10-05 03:26:46,35150.0,300.0,1253900.0
1593,2021-10-05 03:26:41,35150.0,300.0,1253600.0
1594,2021-10-05 03:26:26,35150.0,1000.0,1253300.0
1595,2021-10-05 03:26:26,35150.0,1000.0,1252300.0
1596,2021-10-05 03:26:26,35150.0,200.0,1251300.0
1597,2021-10-05 03:26:26,35150.0,1000.0,1251100.0
1598,2021-10-05 03:26:26,35150.0,100.0,1250100.0
1599,2021-10-05 03:26:26,35150.0,200.0,1250000.0
1600,2021-10-05 03:26:26,35150.0,100.0,1249800.0
1601,2021-10-05 03:26:26,35150.0,100.0,1249700.0
1602,2021-10-05 03:26:18,35200.0,100.0,1249600.0
1603,2021-10-05 03:26:17,35150.0,100.0,1249500.0
1604,2021-10-05 03:26:17,35150.0,400.0,1249400.0
1605,2021-10-05 03:26:10,35150.0,100.0,1249000.0
1606,2021-10-05 03:26:10,35200.0,4000.0,1248900.0
1607,2021-10-05 03:26:08,35200.0,100.0,1244900.0
1608,2021-10-05 03:25:57,35200.0,100.0,1244800.0
1609,2021-10-05 03:25:54,35150.0,100.0,1244700.0
1610,2021-10-05 03:25:53,35150.0,100.0,1244600.0
1611,2021-10-05 03:25:45,35150.0,200.0,1244500.0
1612,2021-10-05 03:25:41,35150.0,1500.0,1244300.0
1613,2021-10-05 03:25:37,35150.0,4000.0,1242800.0
1614,2021-10-05 03:25:34,35150.0,2500.0,1238800.0
1615,2021-10-05 03:25:34,35150.0,100.0,1236300.0
1616,2021-10-05 03:25:18,35150.0,100.0,1236200.0
1617,2021-10-05 03:25:01,35150.0,200.0,1236100.0
1618,2021-10-05 03:25:01,35150.0,300.0,1235900.0
1619,2021-10-05 03:25:01,35150.0,400.0,1235600.0
1620,2021-10-05 03:24:44,35150.0,1100.0,1235200.0
1621,2021-10-05 03:24:44,35150.0,500.0,1234100.0
1622,2021-10-05 03:24:39,35150.0,500.0,1233600.0
1623,2021-10-05 03:24:39,35150.0,200.0,1233100.0
1624,2021-10-05 03:24:39,35150.0,300.0,1232900.0
1625,2021-10-05 03:24:36,35150.0,4700.0,1232600.0
1626,2021-10-05 03:24:36,35150.0,200.0,1227900.0
1627,2021-10-05 03:24:36,35150.0,400.0,1227700.0
1628,2021-10-05 03:24:36,35150.0,300.0,1227300.0
1629,2021-10-05 03:24:36,35150.0,3000.0,1227000.0
1630,2021-10-05 03:24:36,35150.0,1000.0,1224000.0
1631,2021-10-05 03:24:36,35150.0,100.0,1223000.0
1632,2021-10-05 03:24:36,35150.0,200.0,1222900.0
1633,2021-10-05 03:24:36,35150.0,100.0,1222700.0
1634,2021-10-05 03:24:27,35150.0,1000.0,1222600.0
1635,2021-10-05 03:24:11,35150.0,100.0,1221600.0
1636,2021-10-05 03:24:02,35150.0,100.0,1221500.0
1637,2021-10-05 03:23:23,35150.0,1000.0,1221400.0
1638,2021-10-05 03:23:23,35200.0,100.0,1220400.0
1639,2021-10-05 03:23:22,35200.0,100.0,1220300.0
1640,2021-10-05 03:23:03,35200.0,100.0,1220200.0
1641,2021-10-05 03:22:53,35200.0,5500.0,1220100.0
1642,2021-10-05 03:22:53,35200.0,100.0,1214600.0
1643,2021-10-05 03:22:53,35200.0,200.0,1214500.0
1644,2021-10-05 03:22:53,35200.0,200.0,1214300.0
1645,2021-10-05 03:22:53,35200.0,3000.0,1214100.0
1646,2021-10-05 03:22:53,35200.0,800.0,1211100.0
1647,2021-10-05 03:22:53,35200.0,1200.0,1210300.0
1648,2021-10-05 03:22:53,35200.0,100.0,1209100.0
1649,2021-10-05 03:22:53,35200.0,6900.0,1209000.0
1650,2021-10-05 03:22:46,35150.0,100.0,1202100.0
1651,2021-10-05 03:22:43,35200.0,200.0,1202000.0
1652,2021-10-05 03:22:36,35150.0,800.0,1201800.0
1653,2021-10-05 03:22:36,35150.0,200.0,1201000.0
1654,2021-10-05 03:22:36,35200.0,1000.0,1200800.0
1655,2021-10-05 03:22:35,35150.0,100.0,1199800.0
1656,2021-10-05 03:22:30,35150.0,1000.0,1199700.0
1657,2021-10-05 03:22:25,35150.0,100.0,1198700.0
1658,2021-10-05 03:22:25,35150.0,400.0,1198600.0
1659,2021-10-05 03:22:20,35150.0,1000.0,1198200.0
1660,2021-10-05 03:22:10,35150.0,100.0,1197200.0
1661,2021-10-05 03:22:08,35150.0,100.0,1197100.0
1662,2021-10-05 03:22:00,35150.0,400.0,1197000.0
1663,2021-10-05 03:21:29,35200.0,1700.0,1196600.0
1664,2021-10-05 03:21:18,35100.0,1600.0,1194900.0
1665,2021-10-05 03:21:18,35100.0,900.0,1193300.0
1666,2021-10-05 03:21:18,35100.0,1000.0,1192400.0
1667,2021-10-05 03:21:18,35100.0,100.0,1191400.0
1668,2021-10-05 03:21:18,35100.0,100.0,1191300.0
1669,2021-10-05 03:21:18,35100.0,100.0,1191200.0
1670,2021-10-05 03:21:18,35100.0,100.0,1191100.0
1671,2021-10-05 03:21:18,35100.0,100.0,1191000.0
1672,2021-10-05 03:21:18,35100.0,100.0,1190900.0
1673,2021-10-05 03:21:18,35100.0,1000.0,1190800.0
1674,2021-10-05 03:21:18,35100.0,1000.0,1189800.0
1675,2021-10-05 03:21:18,35100.0,500.0,1188800.0
1676,2021-10-05 03:21:18,35100.0,1000.0,1188300.0
1677,2021-10-05 03:21:18,35100.0,200.0,1187300.0
1678,2021-10-05 03:21:18,35100.0,700.0,1187100.0
1679,2021-10-05 03:21:18,35100.0,100.0,1186400.0
1680,2021-10-05 03:21:18,35100.0,1000.0,1186300.0
1681,2021-10-05 03:21:18,35100.0,200.0,1185300.0
1682,2021-10-05 03:21:18,35100.0,200.0,1185100.0
1683,2021-10-05 03:21:04,35200.0,200.0,1184900.0
1684,2021-10-05 03:21:01,35200.0,300.0,1184700.0
1685,2021-10-05 03:20:59,35100.0,200.0,1184400.0
1686,2021-10-05 03:20:59,35100.0,400.0,1184200.0
1687,2021-10-05 03:20:58,35200.0,3000.0,1183800.0
1688,2021-10-05 03:20:57,35200.0,200.0,1180800.0
1689,2021-10-05 03:20:48,35200.0,300.0,1180600.0
1690,2021-10-05 03:20:47,35200.0,1000.0,1180300.0
1691,2021-10-05 03:20:46,35100.0,500.0,1179300.0
1692,2021-10-05 03:20:46,35150.0,500.0,1178800.0
1693,2021-10-05 03:20:45,35200.0,300.0,1178300.0
1694,2021-10-05 03:20:45,35200.0,500.0,1178000.0
1695,2021-10-05 03:20:45,35200.0,200.0,1177500.0
1696,2021-10-05 03:20:45,35200.0,500.0,1177300.0
1697,2021-10-05 03:20:45,35200.0,300.0,1176800.0
1698,2021-10-05 03:20:45,35200.0,300.0,1176500.0
1699,2021-10-05 03:20:45,35200.0,100.0,1176200.0
1700,2021-10-05 03:20:45,35200.0,100.0,1176100.0
1701,2021-10-05 03:20:45,35200.0,2900.0,1176000.0
1702,2021-10-05 03:20:44,35200.0,1000.0,1173100.0
1703,2021-10-05 03:20:43,35200.0,100.0,1172100.0
1704,2021-10-05 03:20:32,35200.0,3000.0,1172000.0
1705,2021-10-05 03:20:29,35200.0,3000.0,1169000.0
1706,2021-10-05 03:20:29,35200.0,100.0,1166000.0
1707,2021-10-05 03:20:29,35200.0,200.0,1165900.0
1708,2021-10-05 03:20:29,35200.0,200.0,1165700.0
1709,2021-10-05 03:20:29,35200.0,300.0,1165500.0
1710,2021-10-05 03:20:29,35200.0,200.0,1165200.0
1711,2021-10-05 03:20:29,35200.0,300.0,1165000.0
1712,2021-10-05 03:20:29,35200.0,10000.0,1164700.0
1713,2021-10-05 03:20:29,35200.0,18700.0,1154700.0
1714,2021-10-05 03:20:29,35200.0,400.0,1136000.0
1715,2021-10-05 03:20:24,35200.0,300.0,1135600.0
1716,2021-10-05 03:20:05,35250.0,200.0,1135300.0
1717,2021-10-05 03:20:03,35250.0,2000.0,1135100.0
1718,2021-10-05 03:20:03,35200.0,100.0,1133100.0
1719,2021-10-05 03:19:56,35250.0,500.0,1133000.0
1720,2021-10-05 03:19:50,35250.0,300.0,1132500.0
1721,2021-10-05 03:19:46,35250.0,6000.0,1132200.0
1722,2021-10-05 03:19:45,35250.0,500.0,1126200.0
1723,2021-10-05 03:19:43,35250.0,400.0,1125700.0
1724,2021-10-05 03:19:43,35250.0,4600.0,1125300.0
1725,2021-10-05 03:19:41,35250.0,500.0,1120700.0
1726,2021-10-05 03:19:37,35250.0,500.0,1120200.0
1727,2021-10-05 03:19:32,35250.0,1000.0,1119700.0
1728,2021-10-05 03:19:32,35250.0,3400.0,1118700.0
1729,2021-10-05 03:19:32,35250.0,1000.0,1115300.0
1730,2021-10-05 03:19:27,35250.0,200.0,1114300.0
1731,2021-10-05 03:19:24,35250.0,1000.0,1114100.0
1732,2021-10-05 03:19:21,35250.0,300.0,1113100.0
1733,2021-10-05 03:19:21,35250.0,800.0,1112800.0
1734,2021-10-05 03:19:21,35250.0,3000.0,1112000.0
1735,2021-10-05 03:19:21,35250.0,300.0,1109000.0
1736,2021-10-05 03:19:13,35250.0,1000.0,1108700.0
1737,2021-10-05 03:19:11,35250.0,500.0,1107700.0
1738,2021-10-05 03:19:06,35250.0,400.0,1107200.0
1739,2021-10-05 03:19:03,35250.0,300.0,1106800.0
1740,2021-10-05 03:18:59,35250.0,1000.0,1106500.0
1741,2021-10-05 03:18:59,35250.0,500.0,1105500.0
1742,2021-10-05 03:18:59,35250.0,900.0,1105000.0
1743,2021-10-05 03:18:57,35250.0,300.0,1104100.0
1744,2021-10-05 03:18:57,35250.0,700.0,1103800.0
1745,2021-10-05 03:18:51,35250.0,200.0,1103100.0
1746,2021-10-05 03:18:48,35250.0,600.0,1102900.0
1747,2021-10-05 03:18:48,35250.0,300.0,1102300.0
1748,2021-10-05 03:18:48,35250.0,100.0,1102000.0
1749,2021-10-05 03:18:34,35250.0,200.0,1101900.0
1750,2021-10-05 03:18:34,35250.0,300.0,1101700.0
1751,2021-10-05 03:18:33,35250.0,100.0,1101400.0
1752,2021-10-05 03:18:33,35250.0,500.0,1101300.0
1753,2021-10-05 03:18:29,35250.0,4400.0,1100800.0
1754,2021-10-05 03:18:29,35250.0,1500.0,1096400.0
1755,2021-10-05 03:18:29,35250.0,100.0,1094900.0
1756,2021-10-05 03:18:29,35250.0,4000.0,1094800.0
1757,2021-10-05 03:18:24,35300.0,1000.0,1090800.0
1758,2021-10-05 03:18:09,35300.0,2000.0,1089800.0
1759,2021-10-05 03:18:06,35300.0,200.0,1087800.0
1760,2021-10-05 03:18:06,35300.0,500.0,1087600.0
1761,2021-10-05 03:18:06,35300.0,800.0,1087100.0
1762,2021-10-05 03:18:02,35300.0,400.0,1086300.0
1763,2021-10-05 03:17:50,35300.0,100.0,1085900.0
1764,2021-10-05 03:17:47,35300.0,200.0,1085800.0
1765,2021-10-05 03:17:42,35300.0,1000.0,1085600.0
1766,2021-10-05 03:17:36,35300.0,800.0,1084600.0
1767,2021-10-05 03:17:36,35300.0,700.0,1083800.0
1768,2021-10-05 03:17:36,35300.0,100.0,1083100.0
1769,2021-10-05 03:17:36,35300.0,100.0,1083000.0
1770,2021-10-05 03:17:36,35300.0,200.0,1082900.0
1771,2021-10-05 03:17:35,35250.0,5000.0,1082700.0
1772,2021-10-05 03:17:20,35300.0,800.0,1077700.0
1773,2021-10-05 03:17:18,35300.0,2000.0,1076900.0
1774,2021-10-05 03:17:15,35300.0,100.0,1074900.0
1775,2021-10-05 03:16:54,35300.0,1000.0,1074800.0
1776,2021-10-05 03:16:54,35300.0,200.0,1073800.0
1777,2021-10-05 03:16:54,35300.0,1000.0,1073600.0
1778,2021-10-05 03:16:54,35300.0,100.0,1072600.0
1779,2021-10-05 03:16:54,35300.0,400.0,1072500.0
1780,2021-10-05 03:16:54,35300.0,3400.0,1072100.0
1781,2021-10-05 03:16:49,35300.0,1200.0,1068700.0
1782,2021-10-05 03:16:49,35250.0,1000.0,1067500.0
1783,2021-10-05 03:16:49,35250.0,200.0,1066500.0
1784,2021-10-05 03:16:49,35250.0,8700.0,1066300.0
1785,2021-10-05 03:16:28,35250.0,4300.0,1057600.0
1786,2021-10-05 03:16:23,35250.0,500.0,1053300.0
1787,2021-10-05 03:16:21,35250.0,500.0,1052800.0
1788,2021-10-05 03:16:12,35250.0,3000.0,1052300.0
1789,2021-10-05 03:16:10,35250.0,1000.0,1049300.0
1790,2021-10-05 03:16:08,35200.0,500.0,1048300.0
1791,2021-10-05 03:16:08,35200.0,500.0,1047800.0
1792,2021-10-05 03:16:02,35200.0,100.0,1047300.0
1793,2021-10-05 03:15:58,35200.0,100.0,1047200.0
1794,2021-10-05 03:15:58,35200.0,200.0,1047100.0
1795,2021-10-05 03:15:55,35300.0,400.0,1046900.0
1796,2021-10-05 03:15:55,35300.0,2000.0,1046500.0
1797,2021-10-05 03:15:55,35300.0,2200.0,1044500.0
1798,2021-10-05 03:15:55,35250.0,300.0,1042300.0
1799,2021-10-05 03:15:55,35250.0,1000.0,1042000.0
1800,2021-10-05 03:15:55,35250.0,3000.0,1041000.0
1801,2021-10-05 03:15:55,35250.0,1000.0,1038000.0
1802,2021-10-05 03:15:55,35250.0,4900.0,1037000.0
1803,2021-10-05 03:15:55,35200.0,200.0,1032100.0
1804,2021-10-05 03:15:46,35200.0,100.0,1031900.0
1805,2021-10-05 03:15:44,35200.0,100.0,1031800.0
1806,2021-10-05 03:15:33,35100.0,1000.0,1031700.0
1807,2021-10-05 03:15:27,35250.0,100.0,1030700.0
1808,2021-10-05 03:15:22,35100.0,1100.0,1030600.0
1809,2021-10-05 03:15:22,35100.0,1800.0,1029500.0
1810,2021-10-05 03:15:22,35150.0,1000.0,1027700.0
1811,2021-10-05 03:15:22,35150.0,500.0,1026700.0
1812,2021-10-05 03:15:22,35150.0,1600.0,1026200.0
1813,2021-10-05 03:15:22,35200.0,1000.0,1024600.0
1814,2021-10-05 03:15:22,35200.0,3000.0,1023600.0
1815,2021-10-05 03:15:22,35200.0,200.0,1020600.0
1816,2021-10-05 03:15:22,35200.0,5000.0,1020400.0
1817,2021-10-05 03:15:22,35200.0,200.0,1015400.0
1818,2021-10-05 03:15:22,35200.0,500.0,1015200.0
1819,2021-10-05 03:15:22,35250.0,14300.0,1014700.0
1820,2021-10-05 03:15:22,35250.0,2200.0,1000400.0
1821,2021-10-05 03:15:21,35250.0,1000.0,998200.0
1822,2021-10-05 03:15:19,35250.0,100.0,997200.0
1823,2021-10-05 03:15:19,35250.0,2400.0,997100.0
1824,2021-10-05 03:15:15,35250.0,2000.0,994700.0
1825,2021-10-05 03:15:14,35250.0,300.0,992700.0
1826,2021-10-05 03:15:14,35250.0,200.0,992400.0
1827,2021-10-05 03:15:12,35250.0,1000.0,992200.0
1828,2021-10-05 03:15:12,35250.0,500.0,991200.0
1829,2021-10-05 03:15:12,35250.0,200.0,990700.0
1830,2021-10-05 03:15:12,35250.0,2000.0,990500.0
1831,2021-10-05 03:15:12,35250.0,1000.0,988500.0
1832,2021-10-05 03:15:12,35250.0,400.0,987500.0
1833,2021-10-05 03:15:06,35250.0,1000.0,987100.0
1834,2021-10-05 03:14:58,35300.0,2000.0,986100.0
1835,2021-10-05 03:14:54,35300.0,4000.0,984100.0
1836,2021-10-05 03:14:54,35300.0,1000.0,980100.0
1837,2021-10-05 03:14:54,35300.0,20000.0,979100.0
1838,2021-10-05 03:14:54,35300.0,100.0,959100.0
1839,2021-10-05 03:14:54,35300.0,200.0,959000.0
1840,2021-10-05 03:14:54,35300.0,500.0,958800.0
1841,2021-10-05 03:14:52,35350.0,200.0,958300.0
1842,2021-10-05 03:14:52,35350.0,200.0,958100.0
1843,2021-10-05 03:14:52,35350.0,400.0,957900.0
1844,2021-10-05 03:14:49,35400.0,400.0,957500.0
1845,2021-10-05 03:14:49,35400.0,100.0,957100.0
1846,2021-10-05 03:14:45,35400.0,100.0,957000.0
1847,2021-10-05 03:14:41,35400.0,100.0,956900.0
1848,2021-10-05 03:14:38,35400.0,200.0,956800.0
1849,2021-10-05 03:14:38,35400.0,1000.0,956600.0
1850,2021-10-05 03:14:35,35400.0,1000.0,955600.0
1851,2021-10-05 03:14:33,35350.0,200.0,954600.0
1852,2021-10-05 03:14:32,35400.0,200.0,954400.0
1853,2021-10-05 03:14:30,35400.0,200.0,954200.0
1854,2021-10-05 03:14:28,35350.0,400.0,954000.0
1855,2021-10-05 03:14:28,35350.0,100.0,953600.0
1856,2021-10-05 03:14:28,35350.0,2000.0,953500.0
1857,2021-10-05 03:14:28,35350.0,300.0,951500.0
1858,2021-10-05 03:14:28,35350.0,200.0,951200.0
1859,2021-10-05 03:14:28,35400.0,1000.0,951000.0
1860,2021-10-05 03:14:27,35400.0,300.0,950000.0
1861,2021-10-05 03:14:23,35400.0,500.0,949700.0
1862,2021-10-05 03:14:23,35400.0,300.0,949200.0
1863,2021-10-05 03:14:22,35400.0,1000.0,948900.0
1864,2021-10-05 03:14:22,35400.0,200.0,947900.0
1865,2021-10-05 03:14:22,35400.0,1000.0,947700.0
1866,2021-10-05 03:14:22,35400.0,500.0,946700.0
1867,2021-10-05 03:14:22,35400.0,2000.0,946200.0
1868,2021-10-05 03:14:18,35400.0,100.0,944200.0
1869,2021-10-05 03:14:18,35350.0,600.0,944100.0
1870,2021-10-05 03:14:18,35350.0,9400.0,943500.0
1871,2021-10-05 03:14:09,35400.0,100.0,934100.0
1872,2021-10-05 03:14:09,35400.0,200.0,934000.0
1873,2021-10-05 03:14:09,35400.0,7600.0,933800.0
1874,2021-10-05 03:14:06,35400.0,100.0,926200.0
1875,2021-10-05 03:14:06,35400.0,1000.0,926100.0
1876,2021-10-05 03:14:02,35400.0,100.0,925100.0
1877,2021-10-05 03:14:01,35400.0,3200.0,925000.0
1878,2021-10-05 03:14:01,35400.0,4000.0,921800.0
1879,2021-10-05 03:14:01,35400.0,1000.0,917800.0
1880,2021-10-05 03:14:01,35400.0,200.0,916800.0
1881,2021-10-05 03:14:01,35400.0,1000.0,916600.0
1882,2021-10-05 03:14:01,35400.0,400.0,915600.0
1883,2021-10-05 03:14:01,35400.0,100.0,915200.0
1884,2021-10-05 03:14:01,35400.0,100.0,915100.0
1885,2021-10-05 03:13:58,35400.0,300.0,915000.0
1886,2021-10-05 03:13:54,35450.0,700.0,914700.0
1887,2021-10-05 03:13:54,35450.0,200.0,914000.0
1888,2021-10-05 03:13:54,35450.0,2900.0,913800.0
1889,2021-10-05 03:13:52,35400.0,100.0,910900.0
1890,2021-10-05 03:13:52,35400.0,400.0,910800.0
1891,2021-10-05 03:13:52,35400.0,600.0,910400.0
1892,2021-10-05 03:13:52,35400.0,100.0,909800.0
1893,2021-10-05 03:13:52,35400.0,300.0,909700.0
1894,2021-10-05 03:13:51,35400.0,500.0,909400.0
1895,2021-10-05 03:13:50,35450.0,2100.0,908900.0
1896,2021-10-05 03:13:50,35450.0,100.0,906800.0
1897,2021-10-05 03:13:49,35450.0,600.0,906700.0
1898,2021-10-05 03:13:47,35400.0,900.0,906100.0
1899,2021-10-05 03:13:47,35400.0,1100.0,905200.0
1900,2021-10-05 03:13:45,35450.0,9300.0,904100.0
1901,2021-10-05 03:13:45,35450.0,500.0,894800.0
1902,2021-10-05 03:13:45,35450.0,100.0,894300.0
1903,2021-10-05 03:13:45,35450.0,100.0,894200.0
1904,2021-10-05 03:13:44,35450.0,300.0,894100.0
1905,2021-10-05 03:13:44,35450.0,200.0,893800.0
1906,2021-10-05 03:13:43,35400.0,1800.0,893600.0
1907,2021-10-05 03:13:43,35400.0,1000.0,891800.0
1908,2021-10-05 03:13:43,35400.0,500.0,890800.0
1909,2021-10-05 03:13:43,35400.0,600.0,890300.0
1910,2021-10-05 03:13:43,35400.0,200.0,889700.0
1911,2021-10-05 03:13:39,35450.0,1000.0,889500.0
1912,2021-10-05 03:13:38,35400.0,1200.0,888500.0
1913,2021-10-05 03:13:27,35400.0,7000.0,887300.0
1914,2021-10-05 03:13:27,35400.0,3000.0,880300.0
1915,2021-10-05 03:13:26,35400.0,200.0,877300.0
1916,2021-10-05 03:13:25,35400.0,100.0,877100.0
1917,2021-10-05 03:13:22,35400.0,500.0,877000.0
1918,2021-10-05 03:13:20,35400.0,100.0,876500.0
1919,2021-10-05 03:13:19,35400.0,100.0,876400.0
1920,2021-10-05 03:13:19,35400.0,3900.0,876300.0
1921,2021-10-05 03:13:19,35400.0,300.0,872400.0
1922,2021-10-05 03:13:18,35400.0,2000.0,872100.0
1923,2021-10-05 03:13:10,35400.0,2200.0,870100.0
1924,2021-10-05 03:13:10,35400.0,100.0,867900.0
1925,2021-10-05 03:13:10,35400.0,1500.0,867800.0
1926,2021-10-05 03:13:09,35400.0,2500.0,866300.0
1927,2021-10-05 03:13:05,35400.0,1000.0,863800.0
1928,2021-10-05 03:13:01,35350.0,100.0,862800.0
1929,2021-10-05 03:13:00,35500.0,4800.0,862700.0
1930,2021-10-05 03:13:00,35500.0,500.0,857900.0
1931,2021-10-05 03:13:00,35500.0,200.0,857400.0
1932,2021-10-05 03:13:00,35500.0,1400.0,857200.0
1933,2021-10-05 03:13:00,35500.0,400.0,855800.0
1934,2021-10-05 03:13:00,35500.0,200.0,855400.0
1935,2021-10-05 03:13:00,35500.0,10000.0,855200.0
1936,2021-10-05 03:13:00,35500.0,3100.0,845200.0
1937,2021-10-05 03:13:00,35450.0,10000.0,842100.0
1938,2021-10-05 03:13:00,35450.0,100.0,832100.0
1939,2021-10-05 03:13:00,35450.0,2000.0,832000.0
1940,2021-10-05 03:13:00,35450.0,200.0,830000.0
1941,2021-10-05 03:13:00,35450.0,1000.0,829800.0
1942,2021-10-05 03:13:00,35450.0,1000.0,828800.0
1943,2021-10-05 03:13:00,35450.0,5000.0,827800.0
1944,2021-10-05 03:13:00,35400.0,2000.0,822800.0
1945,2021-10-05 03:13:00,35400.0,3000.0,820800.0
1946,2021-10-05 03:13:00,35400.0,200.0,817800.0
1947,2021-10-05 03:13:00,35400.0,100.0,817600.0
1948,2021-10-05 03:13:00,35400.0,100.0,817500.0
1949,2021-10-05 03:13:00,35400.0,200.0,817400.0
1950,2021-10-05 03:13:00,35400.0,100.0,817200.0
1951,2021-10-05 03:13:00,35400.0,4400.0,817100.0
1952,2021-10-05 03:12:58,35400.0,600.0,812700.0
1953,2021-10-05 03:12:58,35400.0,1200.0,812100.0
1954,2021-10-05 03:12:58,35400.0,100.0,810900.0
1955,2021-10-05 03:12:58,35400.0,100.0,810800.0
1956,2021-10-05 03:12:58,35350.0,2000.0,810700.0
1957,2021-10-05 03:12:52,35350.0,300.0,808700.0
1958,2021-10-05 03:12:42,35350.0,100.0,808400.0
1959,2021-10-05 03:12:42,35400.0,4600.0,808300.0
1960,2021-10-05 03:12:42,35400.0,400.0,803700.0
1961,2021-10-05 03:12:38,35350.0,100.0,803300.0
1962,2021-10-05 03:12:38,35350.0,1000.0,803200.0
1963,2021-10-05 03:12:38,35350.0,100.0,802200.0
1964,2021-10-05 03:12:38,35350.0,100.0,802100.0
1965,2021-10-05 03:12:38,35350.0,4800.0,802000.0
1966,2021-10-05 03:12:33,35350.0,5000.0,797200.0
1967,2021-10-05 03:12:31,35350.0,200.0,792200.0
1968,2021-10-05 03:12:31,35350.0,100.0,792000.0
1969,2021-10-05 03:12:31,35350.0,100.0,791900.0
1970,2021-10-05 03:12:31,35350.0,100.0,791800.0
1971,2021-10-05 03:12:27,35300.0,200.0,791700.0
1972,2021-10-05 03:12:27,35300.0,100.0,791500.0
1973,2021-10-05 03:12:27,35300.0,100.0,791400.0
1974,2021-10-05 03:12:27,35300.0,200.0,791300.0
1975,2021-10-05 03:12:27,35300.0,200.0,791100.0
1976,2021-10-05 03:12:27,35300.0,1000.0,790900.0
1977,2021-10-05 03:12:27,35300.0,300.0,789900.0
1978,2021-10-05 03:12:26,35300.0,2700.0,789600.0
1979,2021-10-05 03:12:25,35300.0,2000.0,786900.0
1980,2021-10-05 03:12:25,35300.0,1000.0,784900.0
1981,2021-10-05 03:12:22,35300.0,1000.0,783900.0
1982,2021-10-05 03:12:20,35300.0,1000.0,782900.0
1983,2021-10-05 03:12:20,35300.0,1000.0,781900.0
1984,2021-10-05 03:12:20,35300.0,1000.0,780900.0
1985,2021-10-05 03:12:19,35300.0,1000.0,779900.0
1986,2021-10-05 03:12:18,35300.0,3000.0,778900.0
1987,2021-10-05 03:12:18,35300.0,1000.0,775900.0
1988,2021-10-05 03:12:17,35250.0,1000.0,774900.0
1989,2021-10-05 03:12:15,35300.0,200.0,773900.0
1990,2021-10-05 03:12:15,35300.0,1500.0,773700.0
1991,2021-10-05 03:12:15,35300.0,2300.0,772200.0
1992,2021-10-05 03:12:15,35300.0,500.0,769900.0
1993,2021-10-05 03:12:12,35250.0,300.0,769400.0
1994,2021-10-05 03:12:07,35300.0,200.0,769100.0
1995,2021-10-05 03:12:07,35300.0,200.0,768900.0
1996,2021-10-05 03:12:07,35300.0,300.0,768700.0
1997,2021-10-05 03:12:07,35300.0,300.0,768400.0
1998,2021-10-05 03:12:03,35250.0,100.0,768100.0
1999,2021-10-05 03:12:02,35250.0,300.0,768000.0
2000,2021-10-05 03:12:02,35250.0,1900.0,767700.0
2001,2021-10-05 03:12:02,35250.0,100.0,765800.0
2002,2021-10-05 03:11:59,35250.0,300.0,765700.0
2003,2021-10-05 03:11:59,35250.0,2600.0,765400.0
2004,2021-10-05 03:11:59,35250.0,1000.0,762800.0
2005,2021-10-05 03:11:58,35250.0,5000.0,761800.0
2006,2021-10-05 03:11:50,35250.0,1400.0,756800.0
2007,2021-10-05 03:11:50,35250.0,100.0,755400.0
2008,2021-10-05 03:11:50,35250.0,200.0,755300.0
2009,2021-10-05 03:11:50,35200.0,100.0,755100.0
2010,2021-10-05 03:11:50,35200.0,100.0,755000.0
2011,2021-10-05 03:11:50,35200.0,100.0,754900.0
2012,2021-10-05 03:11:50,35200.0,1000.0,754800.0
2013,2021-10-05 03:11:50,35200.0,500.0,753800.0
2014,2021-10-05 03:11:50,35200.0,1000.0,753300.0
2015,2021-10-05 03:11:50,35200.0,700.0,752300.0
2016,2021-10-05 03:11:50,35200.0,300.0,751600.0
2017,2021-10-05 03:11:50,35200.0,500.0,751300.0
2018,2021-10-05 03:11:50,35200.0,500.0,750800.0
2019,2021-10-05 03:11:50,35200.0,100.0,750300.0
2020,2021-10-05 03:11:50,35200.0,1000.0,750200.0
2021,2021-10-05 03:11:50,35200.0,500.0,749200.0
2022,2021-10-05 03:11:50,35200.0,900.0,748700.0
2023,2021-10-05 03:11:50,35200.0,700.0,747800.0
2024,2021-10-05 03:11:49,35200.0,400.0,747100.0
2025,2021-10-05 03:11:49,35200.0,100.0,746700.0
2026,2021-10-05 03:11:49,35200.0,300.0,746600.0
2027,2021-10-05 03:11:48,35200.0,300.0,746300.0
2028,2021-10-05 03:11:48,35200.0,2400.0,746000.0
2029,2021-10-05 03:11:48,35200.0,2600.0,743600.0
2030,2021-10-05 03:11:48,35200.0,3400.0,741000.0
2031,2021-10-05 03:11:48,35200.0,200.0,737600.0
2032,2021-10-05 03:11:48,35200.0,600.0,737400.0
2033,2021-10-05 03:11:46,35200.0,200.0,736800.0
2034,2021-10-05 03:11:45,35200.0,200.0,736600.0
2035,2021-10-05 03:11:45,35200.0,1400.0,736400.0
2036,2021-10-05 03:11:45,35200.0,200.0,735000.0
2037,2021-10-05 03:11:44,35200.0,1000.0,734800.0
2038,2021-10-05 03:11:43,35200.0,4000.0,733800.0
2039,2021-10-05 03:11:43,35200.0,800.0,729800.0
2040,2021-10-05 03:11:42,35200.0,700.0,729000.0
2041,2021-10-05 03:11:42,35200.0,300.0,728300.0
2042,2021-10-05 03:11:39,35200.0,200.0,728000.0
2043,2021-10-05 03:11:39,35200.0,100.0,727800.0
2044,2021-10-05 03:11:39,35150.0,300.0,727700.0
2045,2021-10-05 03:11:33,35200.0,400.0,727400.0
2046,2021-10-05 03:11:32,35200.0,300.0,727000.0
2047,2021-10-05 03:11:31,35200.0,200.0,726700.0
2048,2021-10-05 03:11:28,35150.0,200.0,726500.0
2049,2021-10-05 03:11:23,35200.0,500.0,726300.0
2050,2021-10-05 03:11:23,35200.0,1000.0,725800.0
2051,2021-10-05 03:11:23,35200.0,300.0,724800.0
2052,2021-10-05 03:11:23,35200.0,200.0,724500.0
2053,2021-10-05 03:11:22,35150.0,300.0,724300.0
