,Time,Price,Volume_per_trade,Volume
0,2021-10-01 14:45:01,34350.0,900.0,2225200.0
1,2021-10-01 14:45:01,34350.0,100.0,2224300.0
2,2021-10-01 14:45:01,34350.0,4000.0,2224200.0
3,2021-10-01 14:45:01,34350.0,500.0,2220200.0
4,2021-10-01 14:45:01,34350.0,500.0,2219700.0
5,2021-10-01 14:45:01,34350.0,300.0,2219200.0
6,2021-10-01 14:45:01,34350.0,100.0,2218900.0
7,2021-10-01 14:45:01,34350.0,200.0,2218800.0
8,2021-10-01 14:45:01,34350.0,1400.0,2218600.0
9,2021-10-01 14:45:01,34350.0,300.0,2217200.0
10,2021-10-01 14:45:01,34350.0,3000.0,2216900.0
11,2021-10-01 14:45:01,34350.0,800.0,2213900.0
12,2021-10-01 14:45:01,34350.0,200.0,2213100.0
13,2021-10-01 14:45:01,34350.0,1000.0,2212900.0
14,2021-10-01 14:45:01,34350.0,500.0,2211900.0
15,2021-10-01 14:45:01,34350.0,1000.0,2211400.0
16,2021-10-01 14:45:01,34350.0,100.0,2210400.0
17,2021-10-01 14:45:01,34350.0,500.0,2210300.0
18,2021-10-01 14:45:01,34350.0,400.0,2209800.0
19,2021-10-01 14:45:01,34350.0,600.0,2209400.0
20,2021-10-01 14:45:01,34350.0,500.0,2208800.0
21,2021-10-01 14:45:01,34350.0,500.0,2208300.0
22,2021-10-01 14:45:01,34350.0,1000.0,2207800.0
23,2021-10-01 14:45:01,34350.0,1000.0,2206800.0
24,2021-10-01 14:45:01,34350.0,1400.0,2205800.0
25,2021-10-01 14:45:01,34350.0,100.0,2204400.0
26,2021-10-01 14:45:01,34350.0,2000.0,2204300.0
27,2021-10-01 14:45:01,34350.0,500.0,2202300.0
28,2021-10-01 14:45:01,34350.0,400.0,2201800.0
29,2021-10-01 14:45:01,34350.0,200.0,2201400.0
30,2021-10-01 14:45:01,34350.0,100.0,2201200.0
31,2021-10-01 14:45:01,34350.0,300.0,2201100.0
32,2021-10-01 14:45:01,34350.0,500.0,2200800.0
33,2021-10-01 14:45:01,34350.0,100.0,2200300.0
34,2021-10-01 14:45:01,34350.0,800.0,2200200.0
35,2021-10-01 14:45:01,34350.0,200.0,2199400.0
36,2021-10-01 14:45:01,34350.0,100.0,2199200.0
37,2021-10-01 14:45:01,34350.0,100.0,2199100.0
38,2021-10-01 14:29:59,34300.0,100.0,2199000.0
39,2021-10-01 14:29:33,34350.0,500.0,2198900.0
40,2021-10-01 14:29:21,34350.0,200.0,2198400.0
41,2021-10-01 14:29:12,34350.0,200.0,2198200.0
42,2021-10-01 14:28:48,34350.0,200.0,2198000.0
43,2021-10-01 14:28:47,34350.0,500.0,2197800.0
44,2021-10-01 14:28:42,34350.0,500.0,2197300.0
45,2021-10-01 14:28:29,34350.0,500.0,2196800.0
46,2021-10-01 14:28:29,34350.0,200.0,2196300.0
47,2021-10-01 14:28:29,34350.0,200.0,2196100.0
48,2021-10-01 14:28:29,34350.0,300.0,2195900.0
49,2021-10-01 14:28:29,34350.0,400.0,2195600.0
50,2021-10-01 14:28:29,34350.0,500.0,2195200.0
51,2021-10-01 14:28:29,34350.0,1000.0,2194700.0
52,2021-10-01 14:28:29,34350.0,700.0,2193700.0
53,2021-10-01 14:28:29,34350.0,200.0,2193000.0
54,2021-10-01 14:28:29,34350.0,3000.0,2192800.0
55,2021-10-01 14:28:29,34350.0,500.0,2189800.0
56,2021-10-01 14:28:29,34350.0,1000.0,2189300.0
57,2021-10-01 14:28:29,34350.0,300.0,2188300.0
58,2021-10-01 14:28:29,34350.0,500.0,2188000.0
59,2021-10-01 14:28:29,34350.0,100.0,2187500.0
60,2021-10-01 14:28:29,34350.0,5000.0,2187400.0
61,2021-10-01 14:28:29,34350.0,1000.0,2182400.0
62,2021-10-01 14:28:19,34400.0,1500.0,2181400.0
63,2021-10-01 14:28:19,34400.0,500.0,2179900.0
64,2021-10-01 14:28:03,34350.0,200.0,2179400.0
65,2021-10-01 14:27:38,34350.0,100.0,2179200.0
66,2021-10-01 14:27:38,34350.0,700.0,2179100.0
67,2021-10-01 14:27:38,34350.0,200.0,2178400.0
68,2021-10-01 14:27:28,34350.0,300.0,2178200.0
69,2021-10-01 14:27:01,34350.0,500.0,2177900.0
70,2021-10-01 14:26:34,34350.0,100.0,2177400.0
71,2021-10-01 14:26:34,34400.0,1600.0,2177300.0
72,2021-10-01 14:26:34,34400.0,100.0,2175700.0
73,2021-10-01 14:26:34,34400.0,1000.0,2175600.0
74,2021-10-01 14:26:34,34400.0,2000.0,2174600.0
75,2021-10-01 14:26:34,34400.0,200.0,2172600.0
76,2021-10-01 14:26:28,34400.0,100.0,2172400.0
77,2021-10-01 14:26:28,34400.0,100.0,2172300.0
78,2021-10-01 14:26:28,34400.0,100.0,2172200.0
79,2021-10-01 14:26:06,34400.0,100.0,2172100.0
80,2021-10-01 14:26:06,34400.0,1000.0,2172000.0
81,2021-10-01 14:26:06,34400.0,100.0,2171000.0
82,2021-10-01 14:26:06,34400.0,3800.0,2170900.0
83,2021-10-01 14:25:39,34400.0,1200.0,2167100.0
84,2021-10-01 14:25:39,34400.0,800.0,2165900.0
85,2021-10-01 14:25:39,34400.0,100.0,2165100.0
86,2021-10-01 14:25:39,34400.0,100.0,2165000.0
87,2021-10-01 14:25:39,34400.0,500.0,2164900.0
88,2021-10-01 14:25:39,34400.0,1000.0,2164400.0
89,2021-10-01 14:25:39,34400.0,100.0,2163400.0
90,2021-10-01 14:25:39,34400.0,800.0,2163300.0
91,2021-10-01 14:25:39,34400.0,200.0,2162500.0
92,2021-10-01 14:25:39,34400.0,100.0,2162300.0
93,2021-10-01 14:25:39,34400.0,500.0,2162200.0
94,2021-10-01 14:25:39,34400.0,100.0,2161700.0
95,2021-10-01 14:25:39,34400.0,1500.0,2161600.0
96,2021-10-01 14:25:39,34400.0,200.0,2160100.0
97,2021-10-01 14:25:39,34400.0,300.0,2159900.0
98,2021-10-01 14:25:39,34400.0,500.0,2159600.0
99,2021-10-01 14:25:39,34400.0,1400.0,2159100.0
100,2021-10-01 14:25:39,34400.0,1000.0,2157700.0
101,2021-10-01 14:25:39,34400.0,2000.0,2156700.0
102,2021-10-01 14:25:39,34400.0,500.0,2154700.0
103,2021-10-01 14:25:39,34400.0,1400.0,2154200.0
104,2021-10-01 14:25:39,34400.0,500.0,2152800.0
105,2021-10-01 14:25:39,34400.0,200.0,2152300.0
106,2021-10-01 14:25:33,34400.0,200.0,2152100.0
107,2021-10-01 14:25:26,34400.0,2600.0,2151900.0
108,2021-10-01 14:25:26,34400.0,100.0,2149300.0
109,2021-10-01 14:25:26,34400.0,100.0,2149200.0
110,2021-10-01 14:25:26,34400.0,100.0,2149100.0
111,2021-10-01 14:25:26,34400.0,200.0,2149000.0
112,2021-10-01 14:25:26,34400.0,500.0,2148800.0
113,2021-10-01 14:25:26,34400.0,200.0,2148300.0
114,2021-10-01 14:25:26,34400.0,800.0,2148100.0
115,2021-10-01 14:25:18,34400.0,100.0,2147300.0
116,2021-10-01 14:24:51,34400.0,100.0,2147200.0
117,2021-10-01 14:24:38,34400.0,2000.0,2147100.0
118,2021-10-01 14:24:38,34400.0,1000.0,2145100.0
119,2021-10-01 14:24:38,34400.0,1000.0,2144100.0
120,2021-10-01 14:24:37,34400.0,100.0,2143100.0
121,2021-10-01 14:23:55,34400.0,100.0,2143000.0
122,2021-10-01 14:23:55,34400.0,200.0,2142900.0
123,2021-10-01 14:23:55,34400.0,700.0,2142700.0
124,2021-10-01 14:23:51,34450.0,100.0,2142000.0
125,2021-10-01 14:23:37,34450.0,200.0,2141900.0
126,2021-10-01 14:23:14,34450.0,2000.0,2141700.0
127,2021-10-01 14:23:07,34450.0,200.0,2139700.0
128,2021-10-01 14:23:00,34450.0,800.0,2139500.0
129,2021-10-01 14:23:00,34450.0,100.0,2138700.0
130,2021-10-01 14:23:00,34450.0,1100.0,2138600.0
131,2021-10-01 14:22:29,34450.0,100.0,2137500.0
132,2021-10-01 14:22:29,34450.0,1000.0,2137400.0
133,2021-10-01 14:22:29,34450.0,100.0,2136400.0
134,2021-10-01 14:22:29,34450.0,700.0,2136300.0
135,2021-10-01 14:22:27,34400.0,100.0,2135600.0
136,2021-10-01 14:21:46,34400.0,200.0,2135500.0
137,2021-10-01 14:21:04,34400.0,1000.0,2135300.0
138,2021-10-01 14:21:00,34450.0,300.0,2134300.0
139,2021-10-01 14:20:37,34450.0,200.0,2134000.0
140,2021-10-01 14:20:12,34450.0,300.0,2133800.0
141,2021-10-01 14:20:08,34450.0,100.0,2133500.0
142,2021-10-01 14:20:08,34450.0,100.0,2133400.0
143,2021-10-01 14:20:08,34450.0,200.0,2133300.0
144,2021-10-01 14:20:08,34450.0,1100.0,2133100.0
145,2021-10-01 14:20:01,34450.0,900.0,2132000.0
146,2021-10-01 14:20:01,34450.0,100.0,2131100.0
147,2021-10-01 14:19:31,34450.0,1000.0,2131000.0
148,2021-10-01 14:18:58,34450.0,1700.0,2130000.0
149,2021-10-01 14:18:38,34450.0,300.0,2128300.0
150,2021-10-01 14:18:38,34450.0,200.0,2128000.0
151,2021-10-01 14:18:38,34450.0,1000.0,2127800.0
152,2021-10-01 14:18:38,34450.0,500.0,2126800.0
153,2021-10-01 14:18:20,34450.0,600.0,2126300.0
154,2021-10-01 14:18:20,34450.0,2000.0,2125700.0
155,2021-10-01 14:18:20,34450.0,2900.0,2123700.0
156,2021-10-01 14:17:28,34450.0,100.0,2120800.0
157,2021-10-01 14:17:28,34450.0,200.0,2120700.0
158,2021-10-01 14:17:28,34450.0,1000.0,2120500.0
159,2021-10-01 14:17:28,34450.0,200.0,2119500.0
160,2021-10-01 14:17:28,34450.0,3000.0,2119300.0
161,2021-10-01 14:17:28,34450.0,500.0,2116300.0
162,2021-10-01 14:17:06,34500.0,1000.0,2115800.0
163,2021-10-01 14:17:04,34450.0,900.0,2114800.0
164,2021-10-01 14:17:04,34500.0,500.0,2113900.0
165,2021-10-01 14:17:04,34500.0,3000.0,2113400.0
166,2021-10-01 14:17:04,34500.0,500.0,2110400.0
167,2021-10-01 14:17:04,34500.0,100.0,2109900.0
168,2021-10-01 14:17:00,34500.0,400.0,2109800.0
169,2021-10-01 14:17:00,34500.0,100.0,2109400.0
170,2021-10-01 14:16:38,34500.0,400.0,2109300.0
171,2021-10-01 14:16:38,34500.0,1000.0,2108900.0
172,2021-10-01 14:16:38,34500.0,100.0,2107900.0
173,2021-10-01 14:14:57,34500.0,100.0,2107800.0
174,2021-10-01 14:14:32,34500.0,800.0,2107700.0
175,2021-10-01 14:14:29,34450.0,100.0,2106900.0
176,2021-10-01 14:14:27,34500.0,200.0,2106800.0
177,2021-10-01 14:14:25,34450.0,100.0,2106600.0
178,2021-10-01 14:14:09,34450.0,400.0,2106500.0
179,2021-10-01 14:14:09,34450.0,100.0,2106100.0
180,2021-10-01 14:14:09,34450.0,500.0,2106000.0
181,2021-10-01 14:13:52,34500.0,300.0,2105500.0
182,2021-10-01 14:13:44,34500.0,500.0,2105200.0
183,2021-10-01 14:13:17,34500.0,1000.0,2104700.0
184,2021-10-01 14:13:09,34500.0,200.0,2103700.0
185,2021-10-01 14:12:49,34500.0,200.0,2103500.0
186,2021-10-01 14:12:31,34500.0,3000.0,2103300.0
187,2021-10-01 14:12:16,34500.0,500.0,2100300.0
188,2021-10-01 14:12:16,34500.0,1000.0,2099800.0
189,2021-10-01 14:12:16,34500.0,300.0,2098800.0
190,2021-10-01 14:12:16,34500.0,100.0,2098500.0
191,2021-10-01 14:12:16,34500.0,1300.0,2098400.0
192,2021-10-01 14:12:16,34500.0,100.0,2097100.0
193,2021-10-01 14:12:16,34500.0,2500.0,2097000.0
194,2021-10-01 14:12:16,34500.0,1700.0,2094500.0
195,2021-10-01 14:12:11,34550.0,200.0,2092800.0
196,2021-10-01 14:12:11,34550.0,200.0,2092600.0
197,2021-10-01 14:12:07,34550.0,100.0,2092400.0
198,2021-10-01 14:11:58,34500.0,300.0,2092300.0
199,2021-10-01 14:11:58,34500.0,200.0,2092000.0
200,2021-10-01 14:11:58,34500.0,2000.0,2091800.0
201,2021-10-01 14:11:58,34500.0,500.0,2089800.0
202,2021-10-01 14:11:53,34550.0,300.0,2089300.0
203,2021-10-01 14:11:42,34550.0,1000.0,2089000.0
204,2021-10-01 14:11:28,34500.0,1000.0,2088000.0
205,2021-10-01 14:11:20,34500.0,100.0,2087000.0
206,2021-10-01 14:10:01,34500.0,900.0,2086900.0
207,2021-10-01 14:10:01,34500.0,1000.0,2086000.0
208,2021-10-01 14:10:01,34500.0,1000.0,2085000.0
209,2021-10-01 14:10:01,34500.0,200.0,2084000.0
210,2021-10-01 14:10:01,34500.0,2000.0,2083800.0
211,2021-10-01 14:10:01,34500.0,3000.0,2081800.0
212,2021-10-01 14:10:01,34500.0,100.0,2078800.0
213,2021-10-01 14:09:50,34550.0,100.0,2078700.0
214,2021-10-01 14:09:45,34550.0,100.0,2078600.0
215,2021-10-01 14:09:45,34550.0,1000.0,2078500.0
216,2021-10-01 14:09:45,34550.0,1000.0,2077500.0
217,2021-10-01 14:09:45,34550.0,200.0,2076500.0
218,2021-10-01 14:09:45,34550.0,1000.0,2076300.0
219,2021-10-01 14:09:20,34550.0,1000.0,2075300.0
220,2021-10-01 14:09:20,34550.0,1000.0,2074300.0
221,2021-10-01 14:09:07,34550.0,1000.0,2073300.0
222,2021-10-01 14:08:43,34550.0,200.0,2072300.0
223,2021-10-01 14:08:23,34550.0,100.0,2072100.0
224,2021-10-01 14:08:06,34550.0,700.0,2072000.0
225,2021-10-01 14:08:06,34550.0,300.0,2071300.0
226,2021-10-01 14:07:21,34550.0,200.0,2071000.0
227,2021-10-01 14:07:15,34550.0,400.0,2070800.0
228,2021-10-01 14:06:57,34550.0,100.0,2070400.0
229,2021-10-01 14:06:50,34550.0,5000.0,2070300.0
230,2021-10-01 14:06:50,34550.0,2000.0,2065300.0
231,2021-10-01 14:06:50,34550.0,2400.0,2063300.0
232,2021-10-01 14:06:27,34550.0,600.0,2060900.0
233,2021-10-01 14:06:27,34550.0,1000.0,2060300.0
234,2021-10-01 14:06:27,34550.0,100.0,2059300.0
235,2021-10-01 14:06:27,34550.0,300.0,2059200.0
236,2021-10-01 14:06:07,34600.0,300.0,2058900.0
237,2021-10-01 14:05:42,34550.0,9000.0,2058600.0
238,2021-10-01 14:05:32,34550.0,1500.0,2049600.0
239,2021-10-01 14:05:28,34600.0,500.0,2048100.0
240,2021-10-01 14:05:13,34600.0,900.0,2047600.0
241,2021-10-01 14:05:13,34600.0,200.0,2046700.0
242,2021-10-01 14:05:13,34600.0,400.0,2046500.0
243,2021-10-01 14:05:12,34550.0,1800.0,2046100.0
244,2021-10-01 14:04:54,34600.0,1200.0,2044300.0
245,2021-10-01 14:04:54,34600.0,1000.0,2043100.0
246,2021-10-01 14:04:54,34600.0,100.0,2042100.0
247,2021-10-01 14:04:54,34600.0,300.0,2042000.0
248,2021-10-01 14:04:54,34600.0,500.0,2041700.0
249,2021-10-01 14:04:54,34600.0,1000.0,2041200.0
250,2021-10-01 14:04:54,34600.0,1000.0,2040200.0
251,2021-10-01 14:04:31,34600.0,300.0,2039200.0
252,2021-10-01 14:03:45,34600.0,200.0,2038900.0
253,2021-10-01 14:03:45,34600.0,300.0,2038700.0
254,2021-10-01 14:03:39,34600.0,1000.0,2038400.0
255,2021-10-01 14:03:04,34600.0,500.0,2037400.0
256,2021-10-01 14:03:01,34600.0,100.0,2036900.0
257,2021-10-01 14:02:07,34600.0,100.0,2036800.0
258,2021-10-01 14:02:07,34600.0,100.0,2036700.0
259,2021-10-01 14:02:07,34600.0,200.0,2036600.0
260,2021-10-01 14:02:01,34600.0,100.0,2036400.0
261,2021-10-01 14:02:01,34600.0,900.0,2036300.0
262,2021-10-01 14:01:46,34600.0,300.0,2035400.0
263,2021-10-01 14:01:46,34600.0,700.0,2035100.0
264,2021-10-01 14:01:22,34600.0,300.0,2034400.0
265,2021-10-01 14:01:22,34600.0,300.0,2034100.0
266,2021-10-01 14:01:20,34550.0,1000.0,2033800.0
267,2021-10-01 14:00:17,34550.0,1000.0,2032800.0
268,2021-10-01 14:00:17,34550.0,200.0,2031800.0
269,2021-10-01 14:00:17,34550.0,200.0,2031600.0
270,2021-10-01 14:00:10,34500.0,200.0,2031400.0
271,2021-10-01 13:59:13,34500.0,500.0,2031200.0
272,2021-10-01 13:59:13,34500.0,200.0,2030700.0
273,2021-10-01 13:59:13,34500.0,3000.0,2030500.0
274,2021-10-01 13:59:13,34500.0,100.0,2027500.0
275,2021-10-01 13:59:13,34500.0,100.0,2027400.0
276,2021-10-01 13:59:13,34500.0,1100.0,2027300.0
277,2021-10-01 13:59:11,34550.0,400.0,2026200.0
278,2021-10-01 13:58:58,34550.0,2000.0,2025800.0
279,2021-10-01 13:58:57,34550.0,500.0,2023800.0
280,2021-10-01 13:57:03,34550.0,1900.0,2023300.0
281,2021-10-01 13:57:03,34550.0,600.0,2021400.0
282,2021-10-01 13:56:40,34500.0,2000.0,2020800.0
283,2021-10-01 13:55:25,34550.0,1900.0,2018800.0
284,2021-10-01 13:55:25,34550.0,3000.0,2016900.0
285,2021-10-01 13:55:25,34550.0,100.0,2013900.0
286,2021-10-01 13:55:23,34500.0,100.0,2013800.0
287,2021-10-01 13:54:59,34500.0,600.0,2013700.0
288,2021-10-01 13:54:59,34500.0,1200.0,2013100.0
289,2021-10-01 13:54:47,34500.0,800.0,2011900.0
290,2021-10-01 13:54:47,34500.0,100.0,2011100.0
291,2021-10-01 13:54:47,34500.0,100.0,2011000.0
292,2021-10-01 13:54:34,34500.0,100.0,2010900.0
293,2021-10-01 13:54:34,34500.0,200.0,2010800.0
294,2021-10-01 13:54:10,34450.0,600.0,2010600.0
295,2021-10-01 13:53:16,34500.0,300.0,2010000.0
296,2021-10-01 13:53:08,34450.0,1000.0,2009700.0
297,2021-10-01 13:53:08,34500.0,200.0,2008700.0
298,2021-10-01 13:52:50,34500.0,300.0,2008500.0
299,2021-10-01 13:52:34,34500.0,100.0,2008200.0
300,2021-10-01 13:52:28,34500.0,900.0,2008100.0
301,2021-10-01 13:52:28,34500.0,1000.0,2007200.0
302,2021-10-01 13:52:28,34500.0,200.0,2006200.0
303,2021-10-01 13:52:28,34500.0,500.0,2006000.0
304,2021-10-01 13:52:28,34500.0,400.0,2005500.0
305,2021-10-01 13:51:58,34500.0,500.0,2005100.0
306,2021-10-01 13:51:58,34500.0,1000.0,2004600.0
307,2021-10-01 13:51:56,34500.0,1000.0,2003600.0
308,2021-10-01 13:51:56,34500.0,200.0,2002600.0
309,2021-10-01 13:51:56,34500.0,100.0,2002400.0
310,2021-10-01 13:51:56,34500.0,2200.0,2002300.0
311,2021-10-01 13:51:27,34500.0,800.0,2000100.0
312,2021-10-01 13:51:03,34500.0,500.0,1999300.0
313,2021-10-01 13:49:41,34500.0,800.0,1998800.0
314,2021-10-01 13:48:55,34500.0,200.0,1998000.0
315,2021-10-01 13:48:55,34450.0,100.0,1997800.0
316,2021-10-01 13:48:55,34450.0,900.0,1997700.0
317,2021-10-01 13:48:47,34500.0,500.0,1996800.0
318,2021-10-01 13:48:15,34450.0,100.0,1996300.0
319,2021-10-01 13:47:58,34400.0,200.0,1996200.0
320,2021-10-01 13:47:18,34400.0,200.0,1996000.0
321,2021-10-01 13:47:10,34400.0,100.0,1995800.0
322,2021-10-01 13:47:07,34400.0,1300.0,1995700.0
323,2021-10-01 13:47:04,34400.0,200.0,1994400.0
324,2021-10-01 13:46:57,34400.0,300.0,1994200.0
325,2021-10-01 13:46:47,34400.0,700.0,1993900.0
326,2021-10-01 13:46:47,34400.0,1800.0,1993200.0
327,2021-10-01 13:46:41,34400.0,500.0,1991400.0
328,2021-10-01 13:46:38,34400.0,500.0,1990900.0
329,2021-10-01 13:46:26,34400.0,200.0,1990400.0
330,2021-10-01 13:46:23,34400.0,300.0,1990200.0
331,2021-10-01 13:46:12,34400.0,200.0,1989900.0
332,2021-10-01 13:45:55,34400.0,200.0,1989700.0
333,2021-10-01 13:45:51,34400.0,1000.0,1989500.0
334,2021-10-01 13:45:39,34400.0,200.0,1988500.0
335,2021-10-01 13:44:35,34400.0,3000.0,1988300.0
336,2021-10-01 13:44:35,34400.0,400.0,1985300.0
337,2021-10-01 13:44:35,34400.0,500.0,1984900.0
338,2021-10-01 13:44:35,34400.0,1900.0,1984400.0
339,2021-10-01 13:44:22,34400.0,100.0,1982500.0
340,2021-10-01 13:44:02,34400.0,600.0,1982400.0
341,2021-10-01 13:43:44,34400.0,100.0,1981800.0
342,2021-10-01 13:43:39,34400.0,300.0,1981700.0
343,2021-10-01 13:43:39,34400.0,700.0,1981400.0
344,2021-10-01 13:43:19,34400.0,300.0,1980700.0
345,2021-10-01 13:43:19,34400.0,700.0,1980400.0
346,2021-10-01 13:43:13,34300.0,100.0,1979700.0
347,2021-10-01 13:43:13,34300.0,200.0,1979600.0
348,2021-10-01 13:43:13,34300.0,500.0,1979400.0
349,2021-10-01 13:43:13,34300.0,100.0,1978900.0
350,2021-10-01 13:43:13,34300.0,300.0,1978800.0
351,2021-10-01 13:43:11,34400.0,1300.0,1978500.0
352,2021-10-01 13:43:11,34400.0,700.0,1977200.0
353,2021-10-01 13:43:06,34300.0,200.0,1976500.0
354,2021-10-01 13:43:06,34300.0,500.0,1976300.0
355,2021-10-01 13:43:06,34300.0,300.0,1975800.0
356,2021-10-01 13:43:06,34400.0,300.0,1975500.0
357,2021-10-01 13:43:06,34400.0,200.0,1975200.0
358,2021-10-01 13:42:48,34300.0,100.0,1975000.0
359,2021-10-01 13:42:39,34300.0,600.0,1974900.0
360,2021-10-01 13:42:39,34300.0,1400.0,1974300.0
361,2021-10-01 13:42:37,34350.0,100.0,1972900.0
362,2021-10-01 13:42:30,34350.0,1000.0,1972800.0
363,2021-10-01 13:42:24,34400.0,500.0,1971800.0
364,2021-10-01 13:41:59,34400.0,300.0,1971300.0
365,2021-10-01 13:41:59,34400.0,700.0,1971000.0
366,2021-10-01 13:41:56,34400.0,200.0,1970300.0
367,2021-10-01 13:41:50,34400.0,100.0,1970100.0
368,2021-10-01 13:41:50,34400.0,200.0,1970000.0
369,2021-10-01 13:41:50,34400.0,2700.0,1969800.0
370,2021-10-01 13:41:45,34400.0,300.0,1967100.0
371,2021-10-01 13:41:44,34400.0,1000.0,1966800.0
372,2021-10-01 13:41:31,34400.0,500.0,1965800.0
373,2021-10-01 13:41:29,34400.0,500.0,1965300.0
374,2021-10-01 13:41:29,34400.0,500.0,1964800.0
375,2021-10-01 13:41:25,34400.0,500.0,1964300.0
376,2021-10-01 13:41:06,34400.0,1000.0,1963800.0
377,2021-10-01 13:41:00,34400.0,300.0,1962800.0
378,2021-10-01 13:40:59,34300.0,3600.0,1962500.0
379,2021-10-01 13:40:59,34300.0,1000.0,1958900.0
380,2021-10-01 13:40:58,34400.0,1000.0,1957900.0
381,2021-10-01 13:40:52,34400.0,100.0,1956900.0
382,2021-10-01 13:40:39,34400.0,100.0,1956800.0
383,2021-10-01 13:40:39,34400.0,2000.0,1956700.0
384,2021-10-01 13:40:39,34400.0,2800.0,1954700.0
385,2021-10-01 13:40:39,34400.0,1000.0,1951900.0
386,2021-10-01 13:40:39,34400.0,200.0,1950900.0
387,2021-10-01 13:40:39,34400.0,300.0,1950700.0
388,2021-10-01 13:40:39,34400.0,300.0,1950400.0
389,2021-10-01 13:40:39,34400.0,200.0,1950100.0
390,2021-10-01 13:40:39,34400.0,100.0,1949900.0
391,2021-10-01 13:40:39,34400.0,100.0,1949800.0
392,2021-10-01 13:40:39,34400.0,500.0,1949700.0
393,2021-10-01 13:40:39,34400.0,100.0,1949200.0
394,2021-10-01 13:40:39,34400.0,900.0,1949100.0
395,2021-10-01 13:40:27,34400.0,3500.0,1948200.0
396,2021-10-01 13:40:27,34450.0,1500.0,1944700.0
397,2021-10-01 13:40:16,34400.0,600.0,1943200.0
398,2021-10-01 13:40:16,34400.0,500.0,1942600.0
399,2021-10-01 13:40:16,34400.0,1500.0,1942100.0
400,2021-10-01 13:40:16,34450.0,400.0,1940600.0
401,2021-10-01 13:40:15,34450.0,500.0,1940200.0
402,2021-10-01 13:40:03,34450.0,100.0,1939700.0
403,2021-10-01 13:40:03,34450.0,800.0,1939600.0
404,2021-10-01 13:40:03,34450.0,200.0,1938800.0
405,2021-10-01 13:40:03,34450.0,100.0,1938600.0
406,2021-10-01 13:39:49,34450.0,700.0,1938500.0
407,2021-10-01 13:39:49,34450.0,1000.0,1937800.0
408,2021-10-01 13:39:49,34450.0,2000.0,1936800.0
409,2021-10-01 13:39:49,34450.0,400.0,1934800.0
410,2021-10-01 13:39:19,34500.0,500.0,1934400.0
411,2021-10-01 13:39:19,34500.0,100.0,1933900.0
412,2021-10-01 13:39:19,34500.0,300.0,1933800.0
413,2021-10-01 13:39:19,34500.0,700.0,1933500.0
414,2021-10-01 13:39:19,34500.0,500.0,1932800.0
415,2021-10-01 13:39:19,34500.0,200.0,1932300.0
416,2021-10-01 13:39:19,34500.0,200.0,1932100.0
417,2021-10-01 13:39:19,34500.0,400.0,1931900.0
418,2021-10-01 13:39:11,34500.0,500.0,1931500.0
419,2021-10-01 13:39:08,34500.0,100.0,1931000.0
420,2021-10-01 13:38:48,34500.0,1000.0,1930900.0
421,2021-10-01 13:38:48,34500.0,500.0,1929900.0
422,2021-10-01 13:38:24,34500.0,100.0,1929400.0
423,2021-10-01 13:37:48,34500.0,900.0,1929300.0
424,2021-10-01 13:37:48,34500.0,1000.0,1928400.0
425,2021-10-01 13:37:48,34500.0,1000.0,1927400.0
426,2021-10-01 13:37:48,34500.0,100.0,1926400.0
427,2021-10-01 13:37:45,34500.0,900.0,1926300.0
428,2021-10-01 13:37:45,34500.0,100.0,1925400.0
429,2021-10-01 13:37:45,34500.0,200.0,1925300.0
430,2021-10-01 13:37:45,34500.0,1000.0,1925100.0
431,2021-10-01 13:37:45,34500.0,500.0,1924100.0
432,2021-10-01 13:37:45,34500.0,1000.0,1923600.0
433,2021-10-01 13:37:45,34500.0,100.0,1922600.0
434,2021-10-01 13:37:45,34500.0,3000.0,1922500.0
435,2021-10-01 13:37:45,34500.0,2000.0,1919500.0
436,2021-10-01 13:37:45,34500.0,100.0,1917500.0
437,2021-10-01 13:37:45,34500.0,500.0,1917400.0
438,2021-10-01 13:37:45,34500.0,1000.0,1916900.0
439,2021-10-01 13:37:45,34500.0,100.0,1915900.0
440,2021-10-01 13:37:45,34500.0,500.0,1915800.0
441,2021-10-01 13:37:33,34500.0,2000.0,1915300.0
442,2021-10-01 13:37:21,34500.0,3500.0,1913300.0
443,2021-10-01 13:37:21,34500.0,1500.0,1909800.0
444,2021-10-01 13:37:08,34500.0,300.0,1908300.0
445,2021-10-01 13:37:08,34500.0,200.0,1908000.0
446,2021-10-01 13:37:08,34500.0,100.0,1907800.0
447,2021-10-01 13:37:08,34500.0,1500.0,1907700.0
448,2021-10-01 13:37:08,34500.0,100.0,1906200.0
449,2021-10-01 13:37:08,34500.0,1000.0,1906100.0
450,2021-10-01 13:37:08,34500.0,5000.0,1905100.0
451,2021-10-01 13:37:08,34500.0,1000.0,1900100.0
452,2021-10-01 13:37:08,34500.0,100.0,1899100.0
453,2021-10-01 13:37:08,34500.0,400.0,1899000.0
454,2021-10-01 13:37:08,34500.0,300.0,1898600.0
455,2021-10-01 13:37:08,34550.0,100.0,1898300.0
456,2021-10-01 13:36:24,34550.0,1000.0,1898200.0
457,2021-10-01 13:35:56,34550.0,500.0,1897200.0
458,2021-10-01 13:34:50,34600.0,200.0,1896700.0
459,2021-10-01 13:34:16,34600.0,200.0,1896500.0
460,2021-10-01 13:33:28,34600.0,1000.0,1896300.0
461,2021-10-01 13:33:17,34600.0,100.0,1895300.0
462,2021-10-01 13:33:17,34600.0,1000.0,1895200.0
463,2021-10-01 13:33:17,34600.0,100.0,1894200.0
464,2021-10-01 13:33:17,34600.0,1000.0,1894100.0
465,2021-10-01 13:33:17,34600.0,200.0,1893100.0
466,2021-10-01 13:33:17,34600.0,1100.0,1892900.0
467,2021-10-01 13:33:05,34600.0,500.0,1891800.0
468,2021-10-01 13:33:03,34650.0,400.0,1891300.0
469,2021-10-01 13:33:03,34650.0,200.0,1890900.0
470,2021-10-01 13:32:49,34600.0,3400.0,1890700.0
471,2021-10-01 13:32:49,34600.0,1600.0,1887300.0
472,2021-10-01 13:32:45,34650.0,3000.0,1885700.0
473,2021-10-01 13:32:21,34600.0,400.0,1882700.0
474,2021-10-01 13:32:03,34650.0,300.0,1882300.0
475,2021-10-01 13:32:03,34650.0,100.0,1882000.0
476,2021-10-01 13:32:03,34650.0,100.0,1881900.0
477,2021-10-01 13:31:50,34650.0,400.0,1881800.0
478,2021-10-01 13:31:50,34650.0,100.0,1881400.0
479,2021-10-01 13:31:23,34650.0,100.0,1881300.0
480,2021-10-01 13:31:23,34650.0,100.0,1881200.0
481,2021-10-01 13:31:23,34650.0,800.0,1881100.0
482,2021-10-01 13:31:04,34650.0,1500.0,1880300.0
483,2021-10-01 13:31:04,34650.0,300.0,1878800.0
484,2021-10-01 13:31:04,34650.0,400.0,1878500.0
485,2021-10-01 13:31:04,34650.0,100.0,1878100.0
486,2021-10-01 13:31:04,34650.0,100.0,1878000.0
487,2021-10-01 13:31:04,34650.0,400.0,1877900.0
488,2021-10-01 13:31:04,34650.0,500.0,1877500.0
489,2021-10-01 13:31:04,34650.0,1700.0,1877000.0
490,2021-10-01 13:29:58,34650.0,1000.0,1875300.0
491,2021-10-01 13:29:42,34650.0,200.0,1874300.0
492,2021-10-01 13:29:35,34650.0,200.0,1874100.0
493,2021-10-01 13:29:27,34600.0,400.0,1873900.0
494,2021-10-01 13:29:26,34650.0,500.0,1873500.0
495,2021-10-01 13:29:11,34650.0,200.0,1873000.0
496,2021-10-01 13:29:10,34600.0,500.0,1872800.0
497,2021-10-01 13:28:49,34650.0,200.0,1872300.0
498,2021-10-01 13:28:14,34650.0,300.0,1872100.0
499,2021-10-01 13:28:04,34650.0,700.0,1871800.0
500,2021-10-01 13:28:04,34650.0,100.0,1871100.0
501,2021-10-01 13:28:04,34650.0,200.0,1871000.0
502,2021-10-01 13:27:54,34600.0,3000.0,1870800.0
503,2021-10-01 13:27:51,34600.0,100.0,1867800.0
504,2021-10-01 13:27:44,34600.0,200.0,1867700.0
505,2021-10-01 13:27:44,34600.0,300.0,1867500.0
506,2021-10-01 13:27:44,34600.0,500.0,1867200.0
507,2021-10-01 13:27:36,34600.0,500.0,1866700.0
508,2021-10-01 13:27:36,34600.0,1000.0,1866200.0
509,2021-10-01 13:27:36,34600.0,1300.0,1865200.0
510,2021-10-01 13:27:36,34600.0,500.0,1863900.0
511,2021-10-01 13:27:36,34600.0,600.0,1863400.0
512,2021-10-01 13:27:36,34600.0,5000.0,1862800.0
513,2021-10-01 13:27:36,34600.0,1100.0,1857800.0
514,2021-10-01 13:27:24,34600.0,600.0,1856700.0
515,2021-10-01 13:27:22,34600.0,1000.0,1856100.0
516,2021-10-01 13:27:18,34600.0,600.0,1855100.0
517,2021-10-01 13:27:15,34600.0,500.0,1854500.0
518,2021-10-01 13:27:11,34600.0,100.0,1854000.0
519,2021-10-01 13:26:54,34600.0,1000.0,1853900.0
520,2021-10-01 13:26:31,34600.0,100.0,1852900.0
521,2021-10-01 13:26:31,34600.0,200.0,1852800.0
522,2021-10-01 13:26:25,34600.0,300.0,1852600.0
523,2021-10-01 13:25:56,34600.0,200.0,1852300.0
524,2021-10-01 13:25:51,34600.0,1000.0,1852100.0
525,2021-10-01 13:25:37,34500.0,1000.0,1851100.0
526,2021-10-01 13:25:37,34500.0,400.0,1850100.0
527,2021-10-01 13:25:37,34500.0,1500.0,1849700.0
528,2021-10-01 13:25:37,34500.0,2000.0,1848200.0
529,2021-10-01 13:25:37,34500.0,500.0,1846200.0
530,2021-10-01 13:25:37,34500.0,500.0,1845700.0
531,2021-10-01 13:25:37,34500.0,200.0,1845200.0
532,2021-10-01 13:25:37,34500.0,1000.0,1845000.0
533,2021-10-01 13:25:37,34500.0,1000.0,1844000.0
534,2021-10-01 13:25:37,34500.0,2000.0,1843000.0
535,2021-10-01 13:25:37,34500.0,1000.0,1841000.0
536,2021-10-01 13:25:37,34500.0,2900.0,1840000.0
537,2021-10-01 13:25:37,34500.0,100.0,1837100.0
538,2021-10-01 13:25:37,34500.0,1000.0,1837000.0
539,2021-10-01 13:25:37,34500.0,300.0,1836000.0
540,2021-10-01 13:25:37,34500.0,3500.0,1835700.0
541,2021-10-01 13:25:37,34550.0,300.0,1832200.0
542,2021-10-01 13:25:37,34550.0,200.0,1831900.0
543,2021-10-01 13:25:37,34550.0,100.0,1831700.0
544,2021-10-01 13:25:37,34550.0,500.0,1831600.0
545,2021-10-01 13:25:36,34600.0,300.0,1831100.0
546,2021-10-01 13:25:36,34600.0,700.0,1830800.0
547,2021-10-01 13:25:19,34600.0,1000.0,1830100.0
548,2021-10-01 13:25:19,34600.0,100.0,1829100.0
549,2021-10-01 13:25:19,34600.0,200.0,1829000.0
550,2021-10-01 13:25:13,34600.0,300.0,1828800.0
551,2021-10-01 13:25:13,34600.0,600.0,1828500.0
552,2021-10-01 13:24:32,34600.0,1000.0,1827900.0
553,2021-10-01 13:24:29,34600.0,500.0,1826900.0
554,2021-10-01 13:23:54,34600.0,100.0,1826400.0
555,2021-10-01 13:23:51,34600.0,2100.0,1826300.0
556,2021-10-01 13:23:37,34600.0,400.0,1824200.0
557,2021-10-01 13:23:37,34600.0,13300.0,1823800.0
558,2021-10-01 13:23:28,34550.0,100.0,1810500.0
559,2021-10-01 13:23:08,34550.0,100.0,1810400.0
560,2021-10-01 13:23:06,34550.0,300.0,1810300.0
561,2021-10-01 13:22:34,34600.0,500.0,1810000.0
562,2021-10-01 13:22:34,34600.0,1000.0,1809500.0
563,2021-10-01 13:22:34,34600.0,400.0,1808500.0
564,2021-10-01 13:22:10,34600.0,100.0,1808100.0
565,2021-10-01 13:22:10,34600.0,100.0,1808000.0
566,2021-10-01 13:22:10,34600.0,100.0,1807900.0
567,2021-10-01 13:22:10,34600.0,300.0,1807800.0
568,2021-10-01 13:22:10,34600.0,500.0,1807500.0
569,2021-10-01 13:22:10,34600.0,200.0,1807000.0
570,2021-10-01 13:22:10,34600.0,300.0,1806800.0
571,2021-10-01 13:22:10,34600.0,400.0,1806500.0
572,2021-10-01 13:22:04,34600.0,600.0,1806100.0
573,2021-10-01 13:22:04,34600.0,200.0,1805500.0
574,2021-10-01 13:22:04,34600.0,1000.0,1805300.0
575,2021-10-01 13:22:04,34600.0,200.0,1804300.0
576,2021-10-01 13:22:04,34600.0,3000.0,1804100.0
577,2021-10-01 13:22:02,34600.0,200.0,1801100.0
578,2021-10-01 13:21:55,34600.0,1800.0,1800900.0
579,2021-10-01 13:21:55,34600.0,500.0,1799100.0
580,2021-10-01 13:21:55,34600.0,7700.0,1798600.0
581,2021-10-01 13:21:21,34650.0,300.0,1790900.0
582,2021-10-01 13:21:17,34650.0,2000.0,1790600.0
583,2021-10-01 13:21:15,34650.0,200.0,1788600.0
584,2021-10-01 13:21:15,34600.0,14000.0,1788400.0
585,2021-10-01 13:21:06,34650.0,2300.0,1774400.0
586,2021-10-01 13:21:06,34650.0,800.0,1772100.0
587,2021-10-01 13:20:58,34650.0,1500.0,1771300.0
588,2021-10-01 13:20:57,34650.0,300.0,1769800.0
589,2021-10-01 13:20:43,34650.0,100.0,1769500.0
590,2021-10-01 13:20:36,34650.0,100.0,1769400.0
591,2021-10-01 13:20:33,34600.0,14300.0,1769300.0
592,2021-10-01 13:20:33,34600.0,300.0,1755000.0
593,2021-10-01 13:20:33,34600.0,200.0,1754700.0
594,2021-10-01 13:20:33,34600.0,200.0,1754500.0
595,2021-10-01 13:20:20,34700.0,700.0,1754300.0
596,2021-10-01 13:20:20,34700.0,100.0,1753600.0
597,2021-10-01 13:20:20,34650.0,2500.0,1753500.0
598,2021-10-01 13:20:16,34650.0,1000.0,1751000.0
599,2021-10-01 13:20:16,34650.0,1500.0,1750000.0
600,2021-10-01 13:20:15,34650.0,500.0,1748500.0
601,2021-10-01 13:20:15,34650.0,100.0,1748000.0
602,2021-10-01 13:20:15,34650.0,100.0,1747900.0
603,2021-10-01 13:20:15,34650.0,100.0,1747800.0
604,2021-10-01 13:20:15,34650.0,400.0,1747700.0
605,2021-10-01 13:20:15,34650.0,300.0,1747300.0
606,2021-10-01 13:20:15,34650.0,2000.0,1747000.0
607,2021-10-01 13:20:15,34650.0,6500.0,1745000.0
608,2021-10-01 13:19:55,34700.0,1500.0,1738500.0
609,2021-10-01 13:19:24,34700.0,500.0,1737000.0
610,2021-10-01 13:19:24,34700.0,500.0,1736500.0
611,2021-10-01 13:18:34,34700.0,2000.0,1736000.0
612,2021-10-01 13:18:21,34700.0,100.0,1734000.0
613,2021-10-01 13:18:11,34700.0,300.0,1733900.0
614,2021-10-01 13:18:10,34700.0,1000.0,1733600.0
615,2021-10-01 13:18:10,34700.0,1000.0,1732600.0
616,2021-10-01 13:18:10,34700.0,1000.0,1731600.0
617,2021-10-01 13:18:10,34700.0,400.0,1730600.0
618,2021-10-01 13:18:10,34700.0,200.0,1730200.0
619,2021-10-01 13:17:28,34700.0,200.0,1730000.0
620,2021-10-01 13:17:26,34650.0,3500.0,1729800.0
621,2021-10-01 13:17:26,34650.0,1000.0,1726300.0
622,2021-10-01 13:17:26,34650.0,2000.0,1725300.0
623,2021-10-01 13:17:26,34650.0,1000.0,1723300.0
624,2021-10-01 13:17:26,34650.0,1100.0,1722300.0
625,2021-10-01 13:17:23,34700.0,500.0,1721200.0
626,2021-10-01 13:17:16,34700.0,100.0,1720700.0
627,2021-10-01 13:17:16,34700.0,800.0,1720600.0
628,2021-10-01 13:16:55,34700.0,1000.0,1719800.0
629,2021-10-01 13:16:52,34700.0,1000.0,1718800.0
630,2021-10-01 13:16:35,34700.0,2200.0,1717800.0
631,2021-10-01 13:16:35,34700.0,200.0,1715600.0
632,2021-10-01 13:16:35,34700.0,1200.0,1715400.0
633,2021-10-01 13:16:35,34700.0,100.0,1714200.0
634,2021-10-01 13:16:35,34700.0,200.0,1714100.0
635,2021-10-01 13:16:35,34700.0,1100.0,1713900.0
636,2021-10-01 13:16:16,34750.0,200.0,1712800.0
637,2021-10-01 13:16:16,34750.0,200.0,1712600.0
638,2021-10-01 13:16:16,34750.0,1000.0,1712400.0
639,2021-10-01 13:16:08,34800.0,200.0,1711400.0
640,2021-10-01 13:16:08,34800.0,500.0,1711200.0
641,2021-10-01 13:16:01,34800.0,100.0,1710700.0
642,2021-10-01 13:15:42,34800.0,100.0,1710600.0
643,2021-10-01 13:15:34,34800.0,2900.0,1710500.0
644,2021-10-01 13:15:34,34800.0,2000.0,1707600.0
645,2021-10-01 13:15:34,34800.0,100.0,1705600.0
646,2021-10-01 13:15:16,34850.0,500.0,1705500.0
647,2021-10-01 13:15:14,34850.0,200.0,1705000.0
648,2021-10-01 13:15:14,34850.0,1400.0,1704800.0
649,2021-10-01 13:15:11,34850.0,300.0,1703400.0
650,2021-10-01 13:15:07,34850.0,500.0,1703100.0
651,2021-10-01 13:15:00,34850.0,3000.0,1702600.0
652,2021-10-01 13:13:35,34900.0,4800.0,1699600.0
653,2021-10-01 13:12:56,34950.0,300.0,1694800.0
654,2021-10-01 13:12:56,34950.0,200.0,1694500.0
655,2021-10-01 13:12:56,34950.0,500.0,1694300.0
656,2021-10-01 13:12:56,34950.0,300.0,1693800.0
657,2021-10-01 13:12:51,34950.0,400.0,1693500.0
658,2021-10-01 13:12:47,34950.0,300.0,1693100.0
659,2021-10-01 13:12:37,34950.0,200.0,1692800.0
660,2021-10-01 13:12:37,34950.0,1800.0,1692600.0
661,2021-10-01 13:12:24,34950.0,3200.0,1690800.0
662,2021-10-01 13:12:24,34950.0,100.0,1687600.0
663,2021-10-01 13:12:24,34950.0,1500.0,1687500.0
664,2021-10-01 13:12:09,34950.0,800.0,1686000.0
665,2021-10-01 13:11:56,35000.0,500.0,1685200.0
666,2021-10-01 13:11:56,35000.0,500.0,1684700.0
667,2021-10-01 13:11:29,34950.0,100.0,1684200.0
668,2021-10-01 13:11:29,34950.0,300.0,1684100.0
669,2021-10-01 13:11:29,34950.0,500.0,1683800.0
670,2021-10-01 13:11:29,34950.0,1800.0,1683300.0
671,2021-10-01 13:11:12,34950.0,8200.0,1681500.0
672,2021-10-01 13:11:12,34950.0,100.0,1673300.0
673,2021-10-01 13:11:12,34950.0,7000.0,1673200.0
674,2021-10-01 13:11:12,34950.0,100.0,1666200.0
675,2021-10-01 13:11:12,34950.0,1000.0,1666100.0
676,2021-10-01 13:11:12,34950.0,1000.0,1665100.0
677,2021-10-01 13:11:12,34950.0,1000.0,1664100.0
678,2021-10-01 13:11:12,34950.0,500.0,1663100.0
679,2021-10-01 13:11:12,34950.0,100.0,1662600.0
680,2021-10-01 13:11:12,34950.0,100.0,1662500.0
681,2021-10-01 13:11:12,34950.0,5000.0,1662400.0
682,2021-10-01 13:11:12,34950.0,500.0,1657400.0
683,2021-10-01 13:11:12,34950.0,100.0,1656900.0
684,2021-10-01 13:11:12,34950.0,400.0,1656800.0
685,2021-10-01 13:11:12,34950.0,5900.0,1656400.0
686,2021-10-01 13:11:12,34950.0,5000.0,1650500.0
687,2021-10-01 13:11:06,34900.0,200.0,1645500.0
688,2021-10-01 13:11:00,34900.0,1000.0,1645300.0
689,2021-10-01 13:10:55,34900.0,100.0,1644300.0
690,2021-10-01 13:10:55,34900.0,200.0,1644200.0
691,2021-10-01 13:10:55,34900.0,1000.0,1644000.0
692,2021-10-01 13:10:55,34900.0,500.0,1643000.0
693,2021-10-01 13:10:55,34900.0,2000.0,1642500.0
694,2021-10-01 13:10:55,34900.0,1000.0,1640500.0
695,2021-10-01 13:10:55,34850.0,100.0,1639500.0
696,2021-10-01 13:10:44,34850.0,3000.0,1639400.0
697,2021-10-01 13:09:50,34900.0,500.0,1636400.0
698,2021-10-01 13:09:50,34900.0,100.0,1635900.0
699,2021-10-01 13:09:50,34900.0,100.0,1635800.0
700,2021-10-01 13:09:50,34900.0,1000.0,1635700.0
701,2021-10-01 13:09:50,34900.0,100.0,1634700.0
702,2021-10-01 13:09:50,34900.0,200.0,1634600.0
703,2021-10-01 13:09:50,34900.0,200.0,1634400.0
704,2021-10-01 13:09:50,34900.0,300.0,1634200.0
705,2021-10-01 13:09:50,34900.0,100.0,1633900.0
706,2021-10-01 13:09:50,34900.0,500.0,1633800.0
707,2021-10-01 13:09:50,34900.0,100.0,1633300.0
708,2021-10-01 13:09:50,34900.0,1000.0,1633200.0
709,2021-10-01 13:09:50,34900.0,200.0,1632200.0
710,2021-10-01 13:09:50,34900.0,200.0,1632000.0
711,2021-10-01 13:09:50,34900.0,1000.0,1631800.0
712,2021-10-01 13:09:50,34900.0,2000.0,1630800.0
713,2021-10-01 13:09:50,34900.0,500.0,1628800.0
714,2021-10-01 13:09:50,34900.0,100.0,1628300.0
715,2021-10-01 13:09:50,34900.0,500.0,1628200.0
716,2021-10-01 13:09:50,34900.0,1300.0,1627700.0
717,2021-10-01 13:09:49,34900.0,200.0,1626400.0
718,2021-10-01 13:09:27,34900.0,800.0,1626200.0
719,2021-10-01 13:09:01,34900.0,2700.0,1625400.0
720,2021-10-01 13:09:01,34900.0,500.0,1622700.0
721,2021-10-01 13:09:01,34900.0,200.0,1622200.0
722,2021-10-01 13:09:01,34900.0,100.0,1622000.0
723,2021-10-01 13:09:01,34900.0,100.0,1621900.0
724,2021-10-01 13:09:01,34900.0,200.0,1621800.0
725,2021-10-01 13:09:01,34900.0,500.0,1621600.0
726,2021-10-01 13:09:01,34900.0,1000.0,1621100.0
727,2021-10-01 13:09:01,34900.0,300.0,1620100.0
728,2021-10-01 13:09:01,34900.0,200.0,1619800.0
729,2021-10-01 13:09:01,34900.0,500.0,1619600.0
730,2021-10-01 13:09:01,34900.0,100.0,1619100.0
731,2021-10-01 13:09:01,34900.0,200.0,1619000.0
732,2021-10-01 13:09:01,34900.0,300.0,1618800.0
733,2021-10-01 13:09:01,34900.0,100.0,1618500.0
734,2021-10-01 13:09:01,34900.0,300.0,1618400.0
735,2021-10-01 13:09:01,34900.0,100.0,1618100.0
736,2021-10-01 13:09:01,34900.0,300.0,1618000.0
737,2021-10-01 13:08:55,34850.0,100.0,1617700.0
738,2021-10-01 13:08:55,34850.0,500.0,1617600.0
739,2021-10-01 13:08:55,34850.0,1000.0,1617100.0
740,2021-10-01 13:08:55,34850.0,1000.0,1616100.0
741,2021-10-01 13:08:55,34850.0,900.0,1615100.0
742,2021-10-01 13:08:55,34850.0,1000.0,1614200.0
743,2021-10-01 13:08:55,34850.0,500.0,1613200.0
744,2021-10-01 13:08:55,34850.0,500.0,1612700.0
745,2021-10-01 13:08:55,34850.0,4500.0,1612200.0
746,2021-10-01 13:08:55,34850.0,1000.0,1607700.0
747,2021-10-01 13:08:55,34850.0,100.0,1606700.0
748,2021-10-01 13:08:55,34850.0,500.0,1606600.0
749,2021-10-01 13:08:55,34850.0,3000.0,1606100.0
750,2021-10-01 13:08:55,34850.0,100.0,1603100.0
751,2021-10-01 13:08:55,34850.0,1000.0,1603000.0
752,2021-10-01 13:08:55,34850.0,1000.0,1602000.0
753,2021-10-01 13:07:44,34850.0,1000.0,1601000.0
754,2021-10-01 13:07:33,34850.0,1000.0,1600000.0
755,2021-10-01 13:07:33,34850.0,1000.0,1599000.0
756,2021-10-01 13:07:03,34800.0,500.0,1598000.0
757,2021-10-01 13:07:03,34800.0,1000.0,1597500.0
758,2021-10-01 13:07:03,34800.0,200.0,1596500.0
759,2021-10-01 13:07:03,34800.0,100.0,1596300.0
760,2021-10-01 13:07:03,34800.0,100.0,1596200.0
761,2021-10-01 13:07:03,34800.0,200.0,1596100.0
762,2021-10-01 13:07:03,34800.0,500.0,1595900.0
763,2021-10-01 13:07:03,34800.0,500.0,1595400.0
764,2021-10-01 13:07:03,34800.0,500.0,1594900.0
765,2021-10-01 13:07:03,34800.0,200.0,1594400.0
766,2021-10-01 13:07:03,34800.0,2000.0,1594200.0
767,2021-10-01 13:07:03,34800.0,800.0,1592200.0
768,2021-10-01 13:06:59,34750.0,400.0,1591400.0
769,2021-10-01 13:06:59,34750.0,100.0,1591000.0
770,2021-10-01 13:06:32,34800.0,200.0,1590900.0
771,2021-10-01 13:06:32,34800.0,300.0,1590700.0
772,2021-10-01 13:06:23,34800.0,1200.0,1590400.0
773,2021-10-01 13:06:23,34800.0,2000.0,1589200.0
774,2021-10-01 13:06:23,34800.0,100.0,1587200.0
775,2021-10-01 13:06:23,34800.0,100.0,1587100.0
776,2021-10-01 13:06:23,34800.0,600.0,1587000.0
777,2021-10-01 13:06:23,34800.0,500.0,1586400.0
778,2021-10-01 13:06:23,34800.0,300.0,1585900.0
779,2021-10-01 13:06:23,34800.0,5200.0,1585600.0
780,2021-10-01 13:06:13,34800.0,200.0,1580400.0
781,2021-10-01 13:05:22,34800.0,400.0,1580200.0
782,2021-10-01 13:05:02,34750.0,2000.0,1579800.0
783,2021-10-01 13:05:02,34750.0,500.0,1577800.0
784,2021-10-01 13:05:02,34750.0,100.0,1577300.0
785,2021-10-01 13:05:02,34750.0,900.0,1577200.0
786,2021-10-01 13:05:02,34750.0,100.0,1576300.0
787,2021-10-01 13:04:40,34750.0,200.0,1576200.0
788,2021-10-01 13:04:40,34750.0,200.0,1576000.0
789,2021-10-01 13:04:29,34750.0,600.0,1575800.0
790,2021-10-01 13:04:29,34750.0,400.0,1575200.0
791,2021-10-01 13:04:11,34750.0,500.0,1574800.0
792,2021-10-01 13:03:49,34750.0,100.0,1574300.0
793,2021-10-01 13:03:03,34750.0,1000.0,1574200.0
794,2021-10-01 13:02:42,34700.0,200.0,1573200.0
795,2021-10-01 13:02:39,34750.0,500.0,1573000.0
796,2021-10-01 13:02:27,34750.0,1200.0,1572500.0
797,2021-10-01 13:02:27,34750.0,1300.0,1571300.0
798,2021-10-01 13:02:27,34750.0,600.0,1570000.0
799,2021-10-01 13:02:27,34750.0,2000.0,1569400.0
800,2021-10-01 13:02:27,34750.0,200.0,1567400.0
801,2021-10-01 13:01:58,34800.0,4200.0,1567200.0
802,2021-10-01 13:01:58,34800.0,200.0,1563000.0
803,2021-10-01 13:01:58,34800.0,100.0,1562800.0
804,2021-10-01 13:01:58,34800.0,500.0,1562700.0
805,2021-10-01 13:01:39,34800.0,500.0,1562200.0
806,2021-10-01 13:01:39,34800.0,200.0,1561700.0
807,2021-10-01 13:01:39,34750.0,100.0,1561500.0
808,2021-10-01 13:01:39,34750.0,400.0,1561400.0
809,2021-10-01 13:01:39,34750.0,800.0,1561000.0
810,2021-10-01 13:01:37,34750.0,200.0,1560200.0
811,2021-10-01 13:01:37,34750.0,100.0,1560000.0
812,2021-10-01 13:01:34,34750.0,1300.0,1559900.0
813,2021-10-01 13:01:34,34750.0,1000.0,1558600.0
814,2021-10-01 13:01:34,34750.0,2700.0,1557600.0
815,2021-10-01 13:01:24,34750.0,1600.0,1554900.0
816,2021-10-01 13:01:10,34700.0,100.0,1553300.0
817,2021-10-01 13:00:45,34700.0,400.0,1553200.0
818,2021-10-01 13:00:42,34700.0,400.0,1552800.0
819,2021-10-01 13:00:42,34700.0,200.0,1552400.0
820,2021-10-01 13:00:42,34700.0,100.0,1552200.0
821,2021-10-01 13:00:42,34700.0,500.0,1552100.0
822,2021-10-01 13:00:42,34700.0,200.0,1551600.0
823,2021-10-01 13:00:32,34700.0,100.0,1551400.0
824,2021-10-01 13:00:32,34700.0,300.0,1551300.0
825,2021-10-01 13:00:31,34700.0,700.0,1551000.0
826,2021-10-01 13:00:31,34700.0,500.0,1550300.0
827,2021-10-01 13:00:31,34700.0,1200.0,1549800.0
828,2021-10-01 13:00:31,34700.0,600.0,1548600.0
829,2021-10-01 13:00:19,34700.0,100.0,1548000.0
830,2021-10-01 13:00:18,34700.0,300.0,1547900.0
831,2021-10-01 13:00:14,34700.0,300.0,1547600.0
832,2021-10-01 13:00:13,34700.0,700.0,1547300.0
833,2021-10-01 13:00:13,34700.0,1000.0,1546600.0
834,2021-10-01 13:00:13,34700.0,200.0,1545600.0
835,2021-10-01 13:00:07,34700.0,5000.0,1545400.0
836,2021-10-01 13:00:05,34700.0,4800.0,1540400.0
837,2021-10-01 13:00:05,34700.0,2200.0,1535600.0
838,2021-10-01 13:00:01,34700.0,100.0,1533400.0
839,2021-10-01 13:00:01,34700.0,200.0,1533300.0
840,2021-10-01 11:29:31,34700.0,700.0,1533100.0
841,2021-10-01 11:29:13,34700.0,800.0,1532400.0
842,2021-10-01 11:29:09,34700.0,100.0,1531600.0
843,2021-10-01 11:29:09,34700.0,200.0,1531500.0
844,2021-10-01 11:28:12,34700.0,200.0,1531300.0
845,2021-10-01 11:28:12,34700.0,600.0,1531100.0
846,2021-10-01 11:26:54,34700.0,500.0,1530500.0
847,2021-10-01 11:26:54,34700.0,1000.0,1530000.0
848,2021-10-01 11:26:54,34700.0,200.0,1529000.0
849,2021-10-01 11:26:54,34700.0,1000.0,1528800.0
850,2021-10-01 11:26:54,34700.0,300.0,1527800.0
851,2021-10-01 11:26:54,34700.0,700.0,1527500.0
852,2021-10-01 11:26:54,34700.0,5000.0,1526800.0
853,2021-10-01 11:26:54,34700.0,600.0,1521800.0
854,2021-10-01 11:26:54,34700.0,100.0,1521200.0
855,2021-10-01 11:26:40,34700.0,400.0,1521100.0
856,2021-10-01 11:26:40,34700.0,100.0,1520700.0
857,2021-10-01 11:26:25,34700.0,300.0,1520600.0
858,2021-10-01 11:26:20,34700.0,500.0,1520300.0
859,2021-10-01 11:26:16,34750.0,300.0,1519800.0
860,2021-10-01 11:25:08,34750.0,1400.0,1519500.0
861,2021-10-01 11:25:08,34750.0,200.0,1518100.0
862,2021-10-01 11:25:08,34750.0,1600.0,1517900.0
863,2021-10-01 11:25:08,34750.0,100.0,1516300.0
864,2021-10-01 11:25:08,34750.0,1700.0,1516200.0
865,2021-10-01 11:25:06,34700.0,200.0,1514500.0
866,2021-10-01 11:25:06,34700.0,600.0,1514300.0
867,2021-10-01 11:25:04,34750.0,1000.0,1513700.0
868,2021-10-01 11:24:23,34750.0,2000.0,1512700.0
869,2021-10-01 11:24:11,34750.0,1500.0,1510700.0
870,2021-10-01 11:23:23,34750.0,3800.0,1509200.0
871,2021-10-01 11:23:05,34750.0,300.0,1505400.0
872,2021-10-01 11:22:58,34750.0,900.0,1505100.0
873,2021-10-01 11:22:58,34750.0,1000.0,1504200.0
874,2021-10-01 11:22:58,34750.0,100.0,1503200.0
875,2021-10-01 11:22:52,34750.0,200.0,1503100.0
876,2021-10-01 11:22:31,34750.0,700.0,1502900.0
877,2021-10-01 11:22:31,34750.0,500.0,1502200.0
878,2021-10-01 11:22:28,34750.0,200.0,1501700.0
879,2021-10-01 11:22:12,34750.0,300.0,1501500.0
880,2021-10-01 11:22:12,34750.0,700.0,1501200.0
881,2021-10-01 11:21:31,34800.0,100.0,1500500.0
882,2021-10-01 11:20:59,34800.0,100.0,1500400.0
883,2021-10-01 11:20:48,34800.0,500.0,1500300.0
884,2021-10-01 11:20:16,34800.0,2500.0,1499800.0
885,2021-10-01 11:18:51,34800.0,100.0,1497300.0
886,2021-10-01 11:18:37,34800.0,1000.0,1497200.0
887,2021-10-01 11:18:37,34800.0,100.0,1496200.0
888,2021-10-01 11:18:37,34800.0,5000.0,1496100.0
889,2021-10-01 11:18:37,34800.0,400.0,1491100.0
890,2021-10-01 11:18:34,34800.0,600.0,1490700.0
891,2021-10-01 11:18:19,34800.0,300.0,1490100.0
892,2021-10-01 11:18:18,34800.0,1000.0,1489800.0
893,2021-10-01 11:18:18,34800.0,500.0,1488800.0
894,2021-10-01 11:18:18,34800.0,100.0,1488300.0
895,2021-10-01 11:18:18,34800.0,300.0,1488200.0
896,2021-10-01 11:18:18,34800.0,2100.0,1487900.0
897,2021-10-01 11:18:06,34800.0,100.0,1485800.0
898,2021-10-01 11:18:00,34700.0,100.0,1485700.0
899,2021-10-01 11:18:00,34700.0,100.0,1485600.0
900,2021-10-01 11:17:47,34700.0,200.0,1485500.0
901,2021-10-01 11:17:32,34700.0,200.0,1485300.0
902,2021-10-01 11:17:32,34700.0,500.0,1485100.0
903,2021-10-01 11:17:32,34700.0,300.0,1484600.0
904,2021-10-01 11:16:55,34700.0,700.0,1484300.0
905,2021-10-01 11:16:55,34700.0,2300.0,1483600.0
906,2021-10-01 11:16:55,34750.0,1000.0,1481300.0
907,2021-10-01 11:16:55,34750.0,1000.0,1480300.0
908,2021-10-01 11:16:53,34800.0,200.0,1479300.0
909,2021-10-01 11:16:22,34800.0,1000.0,1479100.0
910,2021-10-01 11:16:15,34800.0,800.0,1478100.0
911,2021-10-01 11:16:12,34800.0,200.0,1477300.0
912,2021-10-01 11:16:10,34800.0,700.0,1477100.0
913,2021-10-01 11:16:10,34800.0,900.0,1476400.0
914,2021-10-01 11:16:01,34850.0,100.0,1475500.0
915,2021-10-01 11:16:01,34850.0,1000.0,1475400.0
916,2021-10-01 11:15:59,34850.0,1200.0,1474400.0
917,2021-10-01 11:15:53,34850.0,100.0,1473200.0
918,2021-10-01 11:15:53,34850.0,900.0,1473100.0
919,2021-10-01 11:15:35,34850.0,300.0,1472200.0
920,2021-10-01 11:15:23,34900.0,200.0,1471900.0
921,2021-10-01 11:15:23,34900.0,200.0,1471700.0
922,2021-10-01 11:15:23,34900.0,100.0,1471500.0
923,2021-10-01 11:15:22,34850.0,500.0,1471400.0
924,2021-10-01 11:15:08,34900.0,100.0,1470900.0
925,2021-10-01 11:15:08,34900.0,100.0,1470800.0
926,2021-10-01 11:15:08,34900.0,1500.0,1470700.0
927,2021-10-01 11:15:08,34900.0,200.0,1469200.0
928,2021-10-01 11:15:08,34900.0,1000.0,1469000.0
929,2021-10-01 11:15:08,34900.0,200.0,1468000.0
930,2021-10-01 11:15:08,34900.0,500.0,1467800.0
931,2021-10-01 11:15:08,34900.0,3000.0,1467300.0
932,2021-10-01 11:15:08,34900.0,200.0,1464300.0
933,2021-10-01 11:15:08,34900.0,5200.0,1464100.0
934,2021-10-01 11:14:59,34900.0,300.0,1458900.0
935,2021-10-01 11:14:53,34900.0,100.0,1458600.0
936,2021-10-01 11:14:47,34850.0,500.0,1458500.0
937,2021-10-01 11:14:45,34850.0,100.0,1458000.0
938,2021-10-01 11:14:44,34850.0,300.0,1457900.0
939,2021-10-01 11:14:42,34850.0,200.0,1457600.0
940,2021-10-01 11:14:27,34850.0,500.0,1457400.0
941,2021-10-01 11:14:27,34850.0,1000.0,1456900.0
942,2021-10-01 11:14:27,34850.0,1100.0,1455900.0
943,2021-10-01 11:14:27,34850.0,1000.0,1454800.0
944,2021-10-01 11:14:27,34850.0,100.0,1453800.0
945,2021-10-01 11:14:27,34850.0,100.0,1453700.0
946,2021-10-01 11:14:27,34850.0,400.0,1453600.0
947,2021-10-01 11:14:27,34850.0,2000.0,1453200.0
948,2021-10-01 11:14:27,34850.0,500.0,1451200.0
949,2021-10-01 11:14:27,34850.0,200.0,1450700.0
950,2021-10-01 11:14:27,34850.0,3500.0,1450500.0
951,2021-10-01 11:14:27,34850.0,2800.0,1447000.0
952,2021-10-01 11:14:09,34850.0,1000.0,1444200.0
953,2021-10-01 11:14:00,34850.0,1100.0,1443200.0
954,2021-10-01 11:13:59,34800.0,1500.0,1442100.0
955,2021-10-01 11:13:59,34800.0,800.0,1440600.0
956,2021-10-01 11:13:59,34800.0,100.0,1439800.0
957,2021-10-01 11:13:59,34800.0,1000.0,1439700.0
958,2021-10-01 11:13:59,34800.0,1000.0,1438700.0
959,2021-10-01 11:13:59,34800.0,100.0,1437700.0
960,2021-10-01 11:13:59,34800.0,1200.0,1437600.0
961,2021-10-01 11:13:59,34800.0,100.0,1436400.0
962,2021-10-01 11:13:59,34800.0,100.0,1436300.0
963,2021-10-01 11:13:59,34800.0,500.0,1436200.0
964,2021-10-01 11:13:59,34800.0,100.0,1435700.0
965,2021-10-01 11:13:59,34800.0,500.0,1435600.0
966,2021-10-01 11:13:59,34800.0,1100.0,1435100.0
967,2021-10-01 11:13:57,34800.0,900.0,1434000.0
968,2021-10-01 11:13:57,34800.0,600.0,1433100.0
969,2021-10-01 11:13:38,34800.0,2600.0,1432500.0
970,2021-10-01 11:13:37,34800.0,500.0,1429900.0
971,2021-10-01 11:13:31,34800.0,300.0,1429400.0
972,2021-10-01 11:13:27,34800.0,1000.0,1429100.0
973,2021-10-01 11:13:16,34800.0,200.0,1428100.0
974,2021-10-01 11:13:16,34800.0,500.0,1427900.0
975,2021-10-01 11:13:16,34800.0,100.0,1427400.0
976,2021-10-01 11:13:16,34800.0,200.0,1427300.0
977,2021-10-01 11:13:16,34800.0,500.0,1427100.0
978,2021-10-01 11:13:16,34800.0,500.0,1426600.0
979,2021-10-01 11:13:16,34800.0,2700.0,1426100.0
980,2021-10-01 11:12:58,34800.0,7300.0,1423400.0
981,2021-10-01 11:12:58,34800.0,1000.0,1416100.0
982,2021-10-01 11:12:58,34800.0,500.0,1415100.0
983,2021-10-01 11:12:58,34750.0,1200.0,1414600.0
984,2021-10-01 11:12:57,34750.0,300.0,1413400.0
985,2021-10-01 11:12:56,34750.0,2700.0,1413100.0
986,2021-10-01 11:12:56,34750.0,1000.0,1410400.0
987,2021-10-01 11:12:56,34750.0,200.0,1409400.0
988,2021-10-01 11:12:56,34750.0,700.0,1409200.0
989,2021-10-01 11:12:19,34750.0,900.0,1408500.0
990,2021-10-01 11:12:12,34750.0,100.0,1407600.0
991,2021-10-01 11:12:01,34750.0,300.0,1407500.0
992,2021-10-01 11:11:59,34750.0,500.0,1407200.0
993,2021-10-01 11:11:56,34750.0,500.0,1406700.0
994,2021-10-01 11:11:45,34750.0,1000.0,1406200.0
995,2021-10-01 11:11:41,34750.0,1500.0,1405200.0
996,2021-10-01 11:11:41,34750.0,1000.0,1403700.0
997,2021-10-01 11:11:41,34750.0,300.0,1402700.0
998,2021-10-01 11:11:41,34750.0,300.0,1402400.0
999,2021-10-01 11:11:41,34750.0,400.0,1402100.0
1000,2021-10-01 11:10:45,34750.0,200.0,1401700.0
1001,2021-10-01 11:10:39,34700.0,100.0,1401500.0
1002,2021-10-01 11:10:12,34750.0,800.0,1401400.0
1003,2021-10-01 11:10:08,34750.0,500.0,1400600.0
1004,2021-10-01 11:09:53,34750.0,500.0,1400100.0
1005,2021-10-01 11:09:53,34750.0,1000.0,1399600.0
1006,2021-10-01 11:09:53,34750.0,400.0,1398600.0
1007,2021-10-01 11:09:53,34750.0,100.0,1398200.0
1008,2021-10-01 11:09:53,34750.0,100.0,1398100.0
1009,2021-10-01 11:09:53,34750.0,300.0,1398000.0
1010,2021-10-01 11:09:53,34750.0,5000.0,1397700.0
1011,2021-10-01 11:09:53,34750.0,100.0,1392700.0
1012,2021-10-01 11:09:50,34700.0,100.0,1392600.0
1013,2021-10-01 11:09:43,34700.0,100.0,1392500.0
1014,2021-10-01 11:09:41,34700.0,500.0,1392400.0
1015,2021-10-01 11:09:15,34700.0,100.0,1391900.0
1016,2021-10-01 11:08:59,34700.0,200.0,1391800.0
1017,2021-10-01 11:08:59,34700.0,1300.0,1391600.0
1018,2021-10-01 11:08:59,34700.0,100.0,1390300.0
1019,2021-10-01 11:08:59,34700.0,200.0,1390200.0
1020,2021-10-01 11:08:59,34700.0,1100.0,1390000.0
1021,2021-10-01 11:08:56,34700.0,200.0,1388900.0
1022,2021-10-01 11:08:56,34700.0,100.0,1388700.0
1023,2021-10-01 11:08:49,34700.0,100.0,1388600.0
1024,2021-10-01 11:08:24,34700.0,1000.0,1388500.0
1025,2021-10-01 11:08:05,34700.0,500.0,1387500.0
1026,2021-10-01 11:08:05,34700.0,100.0,1387000.0
1027,2021-10-01 11:08:05,34700.0,200.0,1386900.0
1028,2021-10-01 11:08:05,34700.0,100.0,1386700.0
1029,2021-10-01 11:08:05,34700.0,100.0,1386600.0
1030,2021-10-01 11:08:05,34700.0,200.0,1386500.0
1031,2021-10-01 11:08:05,34700.0,500.0,1386300.0
1032,2021-10-01 11:08:05,34700.0,100.0,1385800.0
1033,2021-10-01 11:08:05,34700.0,400.0,1385700.0
1034,2021-10-01 11:07:17,34650.0,300.0,1385300.0
1035,2021-10-01 11:07:04,34650.0,300.0,1385000.0
1036,2021-10-01 11:06:18,34650.0,3300.0,1384700.0
1037,2021-10-01 11:06:18,34650.0,200.0,1381400.0
1038,2021-10-01 11:06:18,34650.0,500.0,1381200.0
1039,2021-10-01 11:06:18,34650.0,200.0,1380700.0
1040,2021-10-01 11:06:18,34650.0,800.0,1380500.0
1041,2021-10-01 11:06:09,34700.0,600.0,1379700.0
1042,2021-10-01 11:06:09,34700.0,100.0,1379100.0
1043,2021-10-01 11:06:09,34700.0,300.0,1379000.0
1044,2021-10-01 11:05:55,34700.0,700.0,1378700.0
1045,2021-10-01 11:05:55,34700.0,200.0,1378000.0
1046,2021-10-01 11:05:55,34700.0,1000.0,1377800.0
1047,2021-10-01 11:05:55,34700.0,2000.0,1376800.0
1048,2021-10-01 11:05:55,34700.0,100.0,1374800.0
1049,2021-10-01 11:05:55,34700.0,2000.0,1374700.0
1050,2021-10-01 11:05:55,34700.0,3000.0,1372700.0
1051,2021-10-01 11:05:54,34700.0,2000.0,1369700.0
1052,2021-10-01 11:05:48,34700.0,100.0,1367700.0
1053,2021-10-01 11:05:48,34700.0,100.0,1367600.0
1054,2021-10-01 11:05:47,34700.0,400.0,1367500.0
1055,2021-10-01 11:05:32,34650.0,100.0,1367100.0
1056,2021-10-01 11:05:23,34700.0,1100.0,1367000.0
1057,2021-10-01 11:05:11,34650.0,2600.0,1365900.0
1058,2021-10-01 11:05:08,34650.0,1500.0,1363300.0
1059,2021-10-01 11:05:08,34650.0,200.0,1361800.0
1060,2021-10-01 11:05:08,34650.0,3300.0,1361600.0
1061,2021-10-01 11:04:42,34650.0,200.0,1358300.0
1062,2021-10-01 11:04:37,34700.0,1500.0,1358100.0
1063,2021-10-01 11:04:14,34700.0,200.0,1356600.0
1064,2021-10-01 11:04:09,34650.0,200.0,1356400.0
1065,2021-10-01 11:03:49,34700.0,2000.0,1356200.0
1066,2021-10-01 11:03:31,34700.0,1400.0,1354200.0
1067,2021-10-01 11:03:27,34700.0,1000.0,1352800.0
1068,2021-10-01 11:03:27,34700.0,100.0,1351800.0
1069,2021-10-01 11:03:27,34700.0,1700.0,1351700.0
1070,2021-10-01 11:03:27,34700.0,100.0,1350000.0
1071,2021-10-01 11:03:27,34700.0,400.0,1349900.0
1072,2021-10-01 11:03:01,34700.0,100.0,1349500.0
1073,2021-10-01 11:03:01,34700.0,200.0,1349400.0
1074,2021-10-01 11:03:01,34700.0,200.0,1349200.0
1075,2021-10-01 11:02:56,34700.0,300.0,1349000.0
1076,2021-10-01 11:02:56,34700.0,100.0,1348700.0
1077,2021-10-01 11:02:56,34700.0,100.0,1348600.0
1078,2021-10-01 11:02:50,34750.0,200.0,1348500.0
1079,2021-10-01 11:02:46,34700.0,500.0,1348300.0
1080,2021-10-01 11:02:39,34700.0,100.0,1347800.0
1081,2021-10-01 11:02:28,34700.0,300.0,1347700.0
1082,2021-10-01 11:02:28,34700.0,200.0,1347400.0
1083,2021-10-01 11:02:16,34800.0,500.0,1347200.0
1084,2021-10-01 11:01:57,34800.0,100.0,1346700.0
1085,2021-10-01 11:01:54,34800.0,500.0,1346600.0
1086,2021-10-01 11:01:54,34800.0,100.0,1346100.0
1087,2021-10-01 11:01:54,34750.0,300.0,1346000.0
1088,2021-10-01 11:01:47,34750.0,100.0,1345700.0
1089,2021-10-01 11:01:41,34750.0,100.0,1345600.0
1090,2021-10-01 11:01:41,34750.0,900.0,1345500.0
1091,2021-10-01 11:01:29,34750.0,100.0,1344600.0
1092,2021-10-01 11:01:17,34850.0,100.0,1344500.0
1093,2021-10-01 11:01:17,34800.0,500.0,1344400.0
1094,2021-10-01 11:01:17,34800.0,100.0,1343900.0
1095,2021-10-01 11:01:17,34800.0,500.0,1343800.0
1096,2021-10-01 11:01:17,34800.0,1000.0,1343300.0
1097,2021-10-01 11:01:17,34800.0,500.0,1342300.0
1098,2021-10-01 11:01:17,34800.0,100.0,1341800.0
1099,2021-10-01 11:01:17,34800.0,1200.0,1341700.0
1100,2021-10-01 11:01:10,34650.0,1000.0,1340500.0
1101,2021-10-01 11:01:02,34800.0,1800.0,1339500.0
1102,2021-10-01 11:01:02,34800.0,500.0,1337700.0
1103,2021-10-01 11:01:02,34800.0,100.0,1337200.0
1104,2021-10-01 11:01:02,34800.0,1000.0,1337100.0
1105,2021-10-01 11:01:02,34800.0,100.0,1336100.0
1106,2021-10-01 11:01:02,34800.0,1000.0,1336000.0
1107,2021-10-01 11:01:02,34800.0,100.0,1335000.0
1108,2021-10-01 11:01:02,34800.0,300.0,1334900.0
1109,2021-10-01 11:01:02,34800.0,100.0,1334600.0
1110,2021-10-01 11:01:02,34800.0,2000.0,1334500.0
1111,2021-10-01 11:01:02,34800.0,100.0,1332500.0
1112,2021-10-01 11:01:02,34800.0,1000.0,1332400.0
1113,2021-10-01 11:01:02,34800.0,8700.0,1331400.0
1114,2021-10-01 11:01:02,34750.0,300.0,1322700.0
1115,2021-10-01 11:01:02,34700.0,500.0,1322400.0
1116,2021-10-01 11:01:02,34700.0,400.0,1321900.0
1117,2021-10-01 11:00:56,34650.0,200.0,1321500.0
1118,2021-10-01 11:00:42,34700.0,200.0,1321300.0
1119,2021-10-01 11:00:35,34700.0,400.0,1321100.0
1120,2021-10-01 11:00:35,34700.0,100.0,1320700.0
1121,2021-10-01 11:00:33,34700.0,100.0,1320600.0
1122,2021-10-01 11:00:30,34800.0,100.0,1320500.0
1123,2021-10-01 11:00:30,34700.0,100.0,1320400.0
1124,2021-10-01 11:00:30,34700.0,100.0,1320300.0
1125,2021-10-01 11:00:30,34700.0,100.0,1320200.0
1126,2021-10-01 11:00:28,34700.0,300.0,1320100.0
1127,2021-10-01 11:00:24,34700.0,100.0,1319800.0
1128,2021-10-01 11:00:14,34700.0,100.0,1319700.0
1129,2021-10-01 11:00:14,34700.0,1900.0,1319600.0
1130,2021-10-01 11:00:13,34650.0,100.0,1317700.0
1131,2021-10-01 11:00:13,34650.0,400.0,1317600.0
1132,2021-10-01 11:00:06,34700.0,100.0,1317200.0
1133,2021-10-01 11:00:04,34650.0,100.0,1317100.0
1134,2021-10-01 11:00:02,34600.0,400.0,1317000.0
1135,2021-10-01 11:00:02,34600.0,800.0,1316600.0
1136,2021-10-01 11:00:02,34600.0,1800.0,1315800.0
1137,2021-10-01 10:59:58,34600.0,500.0,1314000.0
1138,2021-10-01 10:59:49,34600.0,100.0,1313500.0
1139,2021-10-01 10:59:44,34650.0,100.0,1313400.0
1140,2021-10-01 10:59:41,34600.0,1000.0,1313300.0
1141,2021-10-01 10:59:40,34600.0,1000.0,1312300.0
1142,2021-10-01 10:59:40,34600.0,500.0,1311300.0
1143,2021-10-01 10:59:40,34600.0,800.0,1310800.0
1144,2021-10-01 10:59:40,34600.0,1000.0,1310000.0
1145,2021-10-01 10:59:40,34600.0,100.0,1309000.0
1146,2021-10-01 10:59:40,34600.0,5200.0,1308900.0
1147,2021-10-01 10:59:14,34600.0,3000.0,1303700.0
1148,2021-10-01 10:59:03,34600.0,1000.0,1300700.0
1149,2021-10-01 10:59:03,34600.0,800.0,1299700.0
1150,2021-10-01 10:59:03,34600.0,600.0,1298900.0
1151,2021-10-01 10:58:42,34600.0,600.0,1298300.0
1152,2021-10-01 10:58:42,34600.0,500.0,1297700.0
1153,2021-10-01 10:58:42,34600.0,400.0,1297200.0
1154,2021-10-01 10:58:33,34600.0,100.0,1296800.0
1155,2021-10-01 10:58:32,34500.0,500.0,1296700.0
1156,2021-10-01 10:58:32,34800.0,16000.0,1296200.0
1157,2021-10-01 10:58:32,34800.0,1000.0,1280200.0
1158,2021-10-01 10:58:32,34800.0,100.0,1279200.0
1159,2021-10-01 10:58:32,34800.0,1000.0,1279100.0
1160,2021-10-01 10:58:32,34800.0,100.0,1278100.0
1161,2021-10-01 10:58:32,34800.0,500.0,1278000.0
1162,2021-10-01 10:58:32,34800.0,1800.0,1277500.0
1163,2021-10-01 10:58:32,34750.0,500.0,1275700.0
1164,2021-10-01 10:58:32,34600.0,100.0,1275200.0
1165,2021-10-01 10:58:32,34600.0,1000.0,1275100.0
1166,2021-10-01 10:58:32,34600.0,700.0,1274100.0
1167,2021-10-01 10:58:32,34600.0,200.0,1273400.0
1168,2021-10-01 10:58:17,34600.0,1800.0,1273200.0
1169,2021-10-01 10:58:04,34600.0,200.0,1271400.0
1170,2021-10-01 10:58:03,34600.0,5000.0,1271200.0
1171,2021-10-01 10:58:03,34600.0,1300.0,1266200.0
1172,2021-10-01 10:58:03,34600.0,100.0,1264900.0
1173,2021-10-01 10:58:03,34600.0,100.0,1264800.0
1174,2021-10-01 10:58:03,34600.0,500.0,1264700.0
1175,2021-10-01 10:58:03,34700.0,100.0,1264200.0
1176,2021-10-01 10:58:03,34700.0,100.0,1264100.0
1177,2021-10-01 10:58:03,34700.0,600.0,1264000.0
1178,2021-10-01 10:57:45,34800.0,1000.0,1263400.0
1179,2021-10-01 10:57:45,34800.0,100.0,1262400.0
1180,2021-10-01 10:57:44,34800.0,3500.0,1262300.0
1181,2021-10-01 10:57:44,34800.0,1000.0,1258800.0
1182,2021-10-01 10:57:44,34800.0,100.0,1257800.0
1183,2021-10-01 10:57:44,34800.0,500.0,1257700.0
1184,2021-10-01 10:57:44,34800.0,2000.0,1257200.0
1185,2021-10-01 10:57:34,34800.0,300.0,1255200.0
1186,2021-10-01 10:57:34,34800.0,100.0,1254900.0
1187,2021-10-01 10:57:34,34800.0,400.0,1254800.0
1188,2021-10-01 10:57:31,34800.0,100.0,1254400.0
1189,2021-10-01 10:57:31,34800.0,400.0,1254300.0
1190,2021-10-01 10:57:24,34900.0,3000.0,1253900.0
1191,2021-10-01 10:57:24,34900.0,1400.0,1250900.0
1192,2021-10-01 10:57:24,34900.0,300.0,1249500.0
1193,2021-10-01 10:57:24,34900.0,100.0,1249200.0
1194,2021-10-01 10:57:24,34900.0,100.0,1249100.0
1195,2021-10-01 10:57:24,34900.0,100.0,1249000.0
1196,2021-10-01 10:57:24,34900.0,1000.0,1248900.0
1197,2021-10-01 10:57:24,34900.0,2000.0,1247900.0
1198,2021-10-01 10:57:24,34900.0,100.0,1245900.0
1199,2021-10-01 10:57:24,34900.0,100.0,1245800.0
1200,2021-10-01 10:57:24,34900.0,100.0,1245700.0
1201,2021-10-01 10:57:24,34900.0,1000.0,1245600.0
1202,2021-10-01 10:57:24,34900.0,100.0,1244600.0
1203,2021-10-01 10:57:24,34900.0,1000.0,1244500.0
1204,2021-10-01 10:57:24,34900.0,500.0,1243500.0
1205,2021-10-01 10:57:24,34900.0,5800.0,1243000.0
1206,2021-10-01 10:57:24,34900.0,500.0,1237200.0
1207,2021-10-01 10:57:24,34900.0,1800.0,1236700.0
1208,2021-10-01 10:57:14,34900.0,400.0,1234900.0
1209,2021-10-01 10:57:10,34900.0,7800.0,1234500.0
1210,2021-10-01 10:57:10,34900.0,1000.0,1226700.0
1211,2021-10-01 10:57:10,34900.0,1000.0,1225700.0
1212,2021-10-01 10:57:10,34900.0,2000.0,1224700.0
1213,2021-10-01 10:57:10,34900.0,2000.0,1222700.0
1214,2021-10-01 10:57:10,34900.0,300.0,1220700.0
1215,2021-10-01 10:57:10,34900.0,500.0,1220400.0
1216,2021-10-01 10:57:10,34900.0,500.0,1219900.0
1217,2021-10-01 10:57:10,34900.0,1300.0,1219400.0
1218,2021-10-01 10:57:10,34900.0,100.0,1218100.0
1219,2021-10-01 10:57:10,34900.0,400.0,1218000.0
1220,2021-10-01 10:57:10,34850.0,200.0,1217600.0
1221,2021-10-01 10:57:10,34850.0,1900.0,1217400.0
1222,2021-10-01 10:57:05,34850.0,100.0,1215500.0
1223,2021-10-01 10:56:59,34900.0,600.0,1215400.0
1224,2021-10-01 10:56:59,34900.0,100.0,1214800.0
1225,2021-10-01 10:56:59,34900.0,1500.0,1214700.0
1226,2021-10-01 10:56:59,34900.0,100.0,1213200.0
1227,2021-10-01 10:56:59,34900.0,200.0,1213100.0
1228,2021-10-01 10:56:59,34900.0,100.0,1212900.0
1229,2021-10-01 10:56:59,34900.0,300.0,1212800.0
1230,2021-10-01 10:56:59,34900.0,100.0,1212500.0
1231,2021-10-01 10:56:59,34900.0,200.0,1212400.0
1232,2021-10-01 10:56:59,34900.0,1500.0,1212200.0
1233,2021-10-01 10:56:55,34800.0,1600.0,1210700.0
1234,2021-10-01 10:56:55,34800.0,500.0,1209100.0
1235,2021-10-01 10:56:55,34800.0,900.0,1208600.0
1236,2021-10-01 10:56:40,34900.0,500.0,1207700.0
1237,2021-10-01 10:56:40,34900.0,1000.0,1207200.0
1238,2021-10-01 10:56:36,34900.0,1000.0,1206200.0
1239,2021-10-01 10:56:36,34900.0,500.0,1205200.0
1240,2021-10-01 10:56:28,34900.0,5500.0,1204700.0
1241,2021-10-01 10:56:28,34900.0,100.0,1199200.0
1242,2021-10-01 10:56:28,34900.0,500.0,1199100.0
1243,2021-10-01 10:56:28,34900.0,2000.0,1198600.0
1244,2021-10-01 10:56:28,34900.0,400.0,1196600.0
1245,2021-10-01 10:56:28,34900.0,1500.0,1196200.0
1246,2021-10-01 10:56:27,34900.0,900.0,1194700.0
1247,2021-10-01 10:56:23,34900.0,300.0,1193800.0
1248,2021-10-01 10:56:23,34800.0,2100.0,1193500.0
1249,2021-10-01 10:56:23,34850.0,2900.0,1191400.0
1250,2021-10-01 10:56:22,34900.0,600.0,1188500.0
1251,2021-10-01 10:56:12,34900.0,1000.0,1187900.0
1252,2021-10-01 10:56:11,34900.0,5700.0,1186900.0
1253,2021-10-01 10:56:11,34900.0,2000.0,1181200.0
1254,2021-10-01 10:56:11,34900.0,2300.0,1179200.0
1255,2021-10-01 10:56:06,34800.0,100.0,1176900.0
1256,2021-10-01 10:56:01,34900.0,3000.0,1176800.0
1257,2021-10-01 10:55:59,34900.0,4700.0,1173800.0
1258,2021-10-01 10:55:59,34900.0,200.0,1169100.0
1259,2021-10-01 10:55:59,34900.0,200.0,1168900.0
1260,2021-10-01 10:55:59,34900.0,1000.0,1168700.0
1261,2021-10-01 10:55:59,34900.0,500.0,1167700.0
1262,2021-10-01 10:55:59,34900.0,100.0,1167200.0
1263,2021-10-01 10:55:59,34900.0,100.0,1167100.0
1264,2021-10-01 10:55:59,34900.0,1100.0,1167000.0
1265,2021-10-01 10:55:59,34900.0,300.0,1165900.0
1266,2021-10-01 10:55:57,34800.0,100.0,1165600.0
1267,2021-10-01 10:55:55,34800.0,700.0,1165500.0
1268,2021-10-01 10:55:53,34900.0,200.0,1164800.0
1269,2021-10-01 10:55:53,34850.0,100.0,1164600.0
1270,2021-10-01 10:55:50,34800.0,100.0,1164500.0
1271,2021-10-01 10:55:50,34800.0,100.0,1164400.0
1272,2021-10-01 10:55:50,34800.0,100.0,1164300.0
1273,2021-10-01 10:55:50,34800.0,500.0,1164200.0
1274,2021-10-01 10:55:50,34800.0,100.0,1163700.0
1275,2021-10-01 10:55:50,34800.0,200.0,1163600.0
1276,2021-10-01 10:55:50,34800.0,100.0,1163400.0
1277,2021-10-01 10:55:50,34800.0,200.0,1163300.0
1278,2021-10-01 10:55:50,34800.0,700.0,1163100.0
1279,2021-10-01 10:55:49,34800.0,300.0,1162400.0
1280,2021-10-01 10:55:49,34800.0,3000.0,1162100.0
1281,2021-10-01 10:55:49,34800.0,3000.0,1159100.0
1282,2021-10-01 10:55:49,34800.0,8300.0,1156100.0
1283,2021-10-01 10:55:49,34800.0,5400.0,1147800.0
1284,2021-10-01 10:55:44,34800.0,1000.0,1142400.0
1285,2021-10-01 10:55:41,34800.0,3600.0,1141400.0
1286,2021-10-01 10:55:41,34800.0,300.0,1137800.0
1287,2021-10-01 10:55:41,34800.0,500.0,1137500.0
1288,2021-10-01 10:55:41,34800.0,500.0,1137000.0
1289,2021-10-01 10:55:41,34800.0,100.0,1136500.0
1290,2021-10-01 10:55:41,34700.0,100.0,1136400.0
1291,2021-10-01 10:55:36,34800.0,300.0,1136300.0
1292,2021-10-01 10:55:36,34800.0,400.0,1136000.0
1293,2021-10-01 10:55:36,34800.0,200.0,1135600.0
1294,2021-10-01 10:55:36,34800.0,2000.0,1135400.0
1295,2021-10-01 10:55:36,34800.0,100.0,1133400.0
1296,2021-10-01 10:55:36,34800.0,200.0,1133300.0
1297,2021-10-01 10:55:36,34800.0,1000.0,1133100.0
1298,2021-10-01 10:55:36,34800.0,300.0,1132100.0
1299,2021-10-01 10:55:36,34800.0,2000.0,1131800.0
1300,2021-10-01 10:55:36,34800.0,200.0,1129800.0
1301,2021-10-01 10:55:36,34800.0,100.0,1129600.0
1302,2021-10-01 10:55:36,34800.0,500.0,1129500.0
1303,2021-10-01 10:55:36,34800.0,700.0,1129000.0
1304,2021-10-01 10:55:36,34700.0,800.0,1128300.0
1305,2021-10-01 10:55:33,34800.0,300.0,1127500.0
1306,2021-10-01 10:55:33,34800.0,300.0,1127200.0
1307,2021-10-01 10:55:29,34700.0,200.0,1126900.0
1308,2021-10-01 10:55:25,34700.0,2000.0,1126700.0
1309,2021-10-01 10:55:25,34700.0,500.0,1124700.0
1310,2021-10-01 10:55:25,34700.0,100.0,1124200.0
1311,2021-10-01 10:55:25,34700.0,8000.0,1124100.0
1312,2021-10-01 10:55:25,34700.0,10000.0,1116100.0
1313,2021-10-01 10:55:25,34700.0,10000.0,1106100.0
1314,2021-10-01 10:55:25,34700.0,400.0,1096100.0
1315,2021-10-01 10:55:25,34700.0,300.0,1095700.0
1316,2021-10-01 10:55:25,34700.0,5000.0,1095400.0
1317,2021-10-01 10:55:25,34700.0,300.0,1090400.0
1318,2021-10-01 10:55:25,34700.0,1000.0,1090100.0
1319,2021-10-01 10:55:23,34600.0,400.0,1089100.0
1320,2021-10-01 10:55:20,34600.0,100.0,1088700.0
1321,2021-10-01 10:55:20,34700.0,1400.0,1088600.0
1322,2021-10-01 10:55:20,34700.0,500.0,1087200.0
1323,2021-10-01 10:55:17,34600.0,1000.0,1086700.0
1324,2021-10-01 10:55:13,34600.0,300.0,1085700.0
1325,2021-10-01 10:55:10,34700.0,500.0,1085400.0
1326,2021-10-01 10:55:09,34600.0,300.0,1084900.0
1327,2021-10-01 10:55:07,34600.0,200.0,1084600.0
1328,2021-10-01 10:55:06,34600.0,400.0,1084400.0
1329,2021-10-01 10:55:06,34600.0,500.0,1084000.0
1330,2021-10-01 10:55:06,34600.0,200.0,1083500.0
1331,2021-10-01 10:55:06,34600.0,300.0,1083300.0
1332,2021-10-01 10:55:06,34600.0,100.0,1083000.0
1333,2021-10-01 10:55:06,34600.0,200.0,1082900.0
1334,2021-10-01 10:55:06,34600.0,100.0,1082700.0
1335,2021-10-01 10:55:02,34500.0,1000.0,1082600.0
1336,2021-10-01 10:54:58,34600.0,100.0,1081600.0
1337,2021-10-01 10:54:57,34600.0,9800.0,1081500.0
1338,2021-10-01 10:54:57,34600.0,200.0,1071700.0
1339,2021-10-01 10:54:57,34600.0,1000.0,1071500.0
1340,2021-10-01 10:54:57,34600.0,100.0,1070500.0
1341,2021-10-01 10:54:57,34600.0,1000.0,1070400.0
1342,2021-10-01 10:54:57,34600.0,1000.0,1069400.0
1343,2021-10-01 10:54:57,34600.0,400.0,1068400.0
1344,2021-10-01 10:54:57,34600.0,100.0,1068000.0
1345,2021-10-01 10:54:57,34600.0,5000.0,1067900.0
1346,2021-10-01 10:54:57,34600.0,100.0,1062900.0
1347,2021-10-01 10:54:57,34550.0,500.0,1062800.0
1348,2021-10-01 10:54:57,34500.0,100.0,1062300.0
1349,2021-10-01 10:54:57,34500.0,1100.0,1062200.0
1350,2021-10-01 10:54:57,34500.0,1000.0,1061100.0
1351,2021-10-01 10:54:57,34500.0,2000.0,1060100.0
1352,2021-10-01 10:54:57,34500.0,1000.0,1058100.0
1353,2021-10-01 10:54:57,34500.0,100.0,1057100.0
1354,2021-10-01 10:54:57,34500.0,700.0,1057000.0
1355,2021-10-01 10:54:57,34500.0,2400.0,1056300.0
1356,2021-10-01 10:54:57,34500.0,1000.0,1053900.0
1357,2021-10-01 10:54:57,34500.0,100.0,1052900.0
1358,2021-10-01 10:54:57,34500.0,200.0,1052800.0
1359,2021-10-01 10:54:57,34500.0,100.0,1052600.0
1360,2021-10-01 10:54:57,34500.0,300.0,1052500.0
1361,2021-10-01 10:54:57,34500.0,100.0,1052200.0
1362,2021-10-01 10:54:57,34500.0,2000.0,1052100.0
1363,2021-10-01 10:54:57,34500.0,1000.0,1050100.0
1364,2021-10-01 10:54:57,34500.0,100.0,1049100.0
1365,2021-10-01 10:54:57,34500.0,200.0,1049000.0
1366,2021-10-01 10:54:57,34500.0,700.0,1048800.0
1367,2021-10-01 10:54:57,34500.0,500.0,1048100.0
1368,2021-10-01 10:54:57,34500.0,100.0,1047600.0
1369,2021-10-01 10:54:57,34500.0,500.0,1047500.0
1370,2021-10-01 10:54:57,34500.0,2000.0,1047000.0
1371,2021-10-01 10:54:57,34500.0,100.0,1045000.0
1372,2021-10-01 10:54:57,34500.0,1000.0,1044900.0
1373,2021-10-01 10:54:57,34500.0,1000.0,1043900.0
1374,2021-10-01 10:54:57,34500.0,100.0,1042900.0
1375,2021-10-01 10:54:57,34500.0,300.0,1042800.0
1376,2021-10-01 10:54:57,34500.0,500.0,1042500.0
1377,2021-10-01 10:54:57,34500.0,1000.0,1042000.0
1378,2021-10-01 10:54:57,34500.0,500.0,1041000.0
1379,2021-10-01 10:54:57,34500.0,100.0,1040500.0
1380,2021-10-01 10:54:57,34500.0,200.0,1040400.0
1381,2021-10-01 10:54:57,34500.0,300.0,1040200.0
1382,2021-10-01 10:54:57,34500.0,1000.0,1039900.0
1383,2021-10-01 10:54:57,34500.0,200.0,1038900.0
1384,2021-10-01 10:54:57,34500.0,100.0,1038700.0
1385,2021-10-01 10:54:57,34500.0,100.0,1038600.0
1386,2021-10-01 10:54:57,34500.0,500.0,1038500.0
1387,2021-10-01 10:54:57,34500.0,500.0,1038000.0
1388,2021-10-01 10:54:57,34500.0,500.0,1037500.0
1389,2021-10-01 10:54:57,34500.0,1000.0,1037000.0
1390,2021-10-01 10:54:57,34500.0,4500.0,1036000.0
1391,2021-10-01 10:54:56,34450.0,300.0,1031500.0
1392,2021-10-01 10:54:45,34450.0,500.0,1031200.0
1393,2021-10-01 10:54:45,34450.0,1800.0,1030700.0
1394,2021-10-01 10:54:45,34450.0,200.0,1028900.0
1395,2021-10-01 10:54:45,34450.0,1800.0,1028700.0
1396,2021-10-01 10:54:43,34450.0,100.0,1026900.0
1397,2021-10-01 10:54:43,34500.0,700.0,1026800.0
1398,2021-10-01 10:54:38,34450.0,100.0,1026100.0
1399,2021-10-01 10:54:37,34450.0,300.0,1026000.0
1400,2021-10-01 10:54:37,34450.0,100.0,1025700.0
1401,2021-10-01 10:54:37,34450.0,500.0,1025600.0
1402,2021-10-01 10:54:33,34450.0,2000.0,1025100.0
1403,2021-10-01 10:54:32,34500.0,1000.0,1023100.0
1404,2021-10-01 10:54:29,34450.0,300.0,1022100.0
1405,2021-10-01 10:54:29,34450.0,200.0,1021800.0
1406,2021-10-01 10:54:25,34500.0,700.0,1021600.0
1407,2021-10-01 10:54:15,34450.0,800.0,1020900.0
1408,2021-10-01 10:54:15,34450.0,200.0,1020100.0
1409,2021-10-01 10:54:15,34450.0,700.0,1019900.0
1410,2021-10-01 10:54:15,34450.0,100.0,1019200.0
1411,2021-10-01 10:54:15,34450.0,900.0,1019100.0
1412,2021-10-01 10:54:07,34450.0,1000.0,1018200.0
1413,2021-10-01 10:54:05,34500.0,2000.0,1017200.0
1414,2021-10-01 10:54:02,34450.0,100.0,1015200.0
1415,2021-10-01 10:54:01,34500.0,1100.0,1015100.0
1416,2021-10-01 10:54:01,34500.0,300.0,1014000.0
1417,2021-10-01 10:54:01,34500.0,200.0,1013700.0
1418,2021-10-01 10:54:01,34500.0,200.0,1013500.0
1419,2021-10-01 10:54:01,34500.0,500.0,1013300.0
1420,2021-10-01 10:54:01,34500.0,700.0,1012800.0
1421,2021-10-01 10:54:01,34500.0,100.0,1012100.0
1422,2021-10-01 10:54:01,34500.0,500.0,1012000.0
1423,2021-10-01 10:54:01,34500.0,400.0,1011500.0
1424,2021-10-01 10:54:01,34500.0,200.0,1011100.0
1425,2021-10-01 10:54:01,34500.0,800.0,1010900.0
1426,2021-10-01 10:53:59,34500.0,500.0,1010100.0
1427,2021-10-01 10:53:55,34500.0,400.0,1009600.0
1428,2021-10-01 10:53:53,34500.0,1000.0,1009200.0
1429,2021-10-01 10:53:50,34500.0,300.0,1008200.0
1430,2021-10-01 10:53:49,34500.0,300.0,1007900.0
1431,2021-10-01 10:53:46,34500.0,100.0,1007600.0
1432,2021-10-01 10:53:46,34450.0,400.0,1007500.0
1433,2021-10-01 10:53:45,34450.0,100.0,1007100.0
1434,2021-10-01 10:53:45,34450.0,400.0,1007000.0
1435,2021-10-01 10:53:44,34450.0,300.0,1006600.0
1436,2021-10-01 10:53:43,34450.0,200.0,1006300.0
1437,2021-10-01 10:53:43,34450.0,300.0,1006100.0
1438,2021-10-01 10:53:40,34500.0,200.0,1005800.0
1439,2021-10-01 10:53:40,34500.0,2000.0,1005600.0
1440,2021-10-01 10:53:35,34500.0,100.0,1003600.0
1441,2021-10-01 10:53:34,34500.0,200.0,1003500.0
1442,2021-10-01 10:53:33,34500.0,1000.0,1003300.0
1443,2021-10-01 10:53:30,34500.0,4500.0,1002300.0
1444,2021-10-01 10:53:28,34500.0,1600.0,997800.0
1445,2021-10-01 10:53:28,34500.0,2000.0,996200.0
1446,2021-10-01 10:53:28,34500.0,1000.0,994200.0
1447,2021-10-01 10:53:28,34500.0,100.0,993200.0
1448,2021-10-01 10:53:28,34500.0,100.0,993100.0
1449,2021-10-01 10:53:28,34500.0,200.0,993000.0
1450,2021-10-01 10:53:26,34500.0,300.0,992800.0
1451,2021-10-01 10:53:26,34500.0,1000.0,992500.0
1452,2021-10-01 10:53:26,34500.0,1400.0,991500.0
1453,2021-10-01 10:53:26,34500.0,600.0,990100.0
1454,2021-10-01 10:53:26,34500.0,1200.0,989500.0
1455,2021-10-01 10:53:26,34500.0,500.0,988300.0
1456,2021-10-01 10:53:26,34500.0,100.0,987800.0
1457,2021-10-01 10:53:26,34500.0,4900.0,987700.0
1458,2021-10-01 10:53:20,34500.0,4000.0,982800.0
1459,2021-10-01 10:53:19,34500.0,300.0,978800.0
1460,2021-10-01 10:53:15,34500.0,800.0,978500.0
1461,2021-10-01 10:53:15,34500.0,100.0,977700.0
1462,2021-10-01 10:53:15,34500.0,500.0,977600.0
1463,2021-10-01 10:53:15,34500.0,500.0,977100.0
1464,2021-10-01 10:53:15,34500.0,100.0,976600.0
1465,2021-10-01 10:53:15,34500.0,900.0,976500.0
1466,2021-10-01 10:53:15,34500.0,100.0,975600.0
1467,2021-10-01 10:53:14,34500.0,400.0,975500.0
1468,2021-10-01 10:53:14,34500.0,400.0,975100.0
1469,2021-10-01 10:53:14,34500.0,300.0,974700.0
1470,2021-10-01 10:53:14,34500.0,600.0,974400.0
1471,2021-10-01 10:53:14,34500.0,700.0,973800.0
1472,2021-10-01 10:53:14,34500.0,200.0,973100.0
1473,2021-10-01 10:53:14,34500.0,400.0,972900.0
1474,2021-10-01 10:53:14,34450.0,1000.0,972500.0
1475,2021-10-01 10:53:14,34450.0,1000.0,971500.0
1476,2021-10-01 10:53:14,34400.0,300.0,970500.0
1477,2021-10-01 10:53:12,34500.0,200.0,970200.0
1478,2021-10-01 10:53:09,34500.0,400.0,970000.0
1479,2021-10-01 10:53:09,34500.0,400.0,969600.0
1480,2021-10-01 10:53:09,34450.0,400.0,969200.0
1481,2021-10-01 10:53:09,34450.0,100.0,968800.0
1482,2021-10-01 10:53:09,34450.0,100.0,968700.0
1483,2021-10-01 10:53:09,34450.0,1000.0,968600.0
1484,2021-10-01 10:53:09,34450.0,600.0,967600.0
1485,2021-10-01 10:53:09,34400.0,1000.0,967000.0
1486,2021-10-01 10:53:04,34400.0,2000.0,966000.0
1487,2021-10-01 10:53:00,34400.0,100.0,964000.0
1488,2021-10-01 10:53:00,34400.0,100.0,963900.0
1489,2021-10-01 10:53:00,34400.0,400.0,963800.0
1490,2021-10-01 10:53:00,34400.0,500.0,963400.0
1491,2021-10-01 10:53:00,34400.0,400.0,962900.0
1492,2021-10-01 10:53:00,34400.0,700.0,962500.0
1493,2021-10-01 10:52:58,34350.0,100.0,961800.0
1494,2021-10-01 10:52:58,34400.0,300.0,961700.0
1495,2021-10-01 10:52:58,34400.0,1000.0,961400.0
1496,2021-10-01 10:52:58,34400.0,100.0,960400.0
1497,2021-10-01 10:52:58,34400.0,100.0,960300.0
1498,2021-10-01 10:52:58,34400.0,1000.0,960200.0
1499,2021-10-01 10:52:58,34400.0,500.0,959200.0
1500,2021-10-01 10:52:55,34400.0,1500.0,958700.0
1501,2021-10-01 10:52:55,34400.0,300.0,957200.0
1502,2021-10-01 10:52:55,34400.0,200.0,956900.0
1503,2021-10-01 10:52:51,34400.0,2000.0,956700.0
1504,2021-10-01 10:52:50,34400.0,600.0,954700.0
1505,2021-10-01 10:52:50,34400.0,200.0,954100.0
1506,2021-10-01 10:52:45,34400.0,1500.0,953900.0
1507,2021-10-01 10:52:41,34400.0,500.0,952400.0
1508,2021-10-01 10:52:35,34300.0,1300.0,951900.0
1509,2021-10-01 10:52:35,34350.0,900.0,950600.0
1510,2021-10-01 10:52:35,34350.0,1000.0,949700.0
1511,2021-10-01 10:52:35,34350.0,100.0,948700.0
1512,2021-10-01 10:52:32,34300.0,200.0,948600.0
1513,2021-10-01 10:52:32,34300.0,200.0,948400.0
1514,2021-10-01 10:52:21,34300.0,200.0,948200.0
1515,2021-10-01 10:52:20,34300.0,200.0,948000.0
1516,2021-10-01 10:52:20,34300.0,400.0,947800.0
1517,2021-10-01 10:52:20,34300.0,100.0,947400.0
1518,2021-10-01 10:52:20,34300.0,1000.0,947300.0
1519,2021-10-01 10:52:20,34300.0,800.0,946300.0
1520,2021-10-01 10:52:20,34300.0,200.0,945500.0
1521,2021-10-01 10:52:20,34300.0,100.0,945300.0
1522,2021-10-01 10:52:20,34300.0,200.0,945200.0
1523,2021-10-01 10:52:20,34300.0,500.0,945000.0
1524,2021-10-01 10:52:20,34300.0,1000.0,944500.0
1525,2021-10-01 10:52:20,34300.0,100.0,943500.0
1526,2021-10-01 10:52:20,34300.0,1000.0,943400.0
1527,2021-10-01 10:52:20,34300.0,200.0,942400.0
1528,2021-10-01 10:52:20,34300.0,1300.0,942200.0
1529,2021-10-01 10:52:20,34300.0,100.0,940900.0
1530,2021-10-01 10:52:20,34300.0,300.0,940800.0
1531,2021-10-01 10:52:20,34300.0,4000.0,940500.0
1532,2021-10-01 10:52:20,34300.0,200.0,936500.0
1533,2021-10-01 10:52:17,34300.0,300.0,936300.0
1534,2021-10-01 10:52:17,34300.0,200.0,936000.0
1535,2021-10-01 10:52:17,34300.0,100.0,935800.0
1536,2021-10-01 10:52:17,34300.0,100.0,935700.0
1537,2021-10-01 10:52:17,34300.0,1400.0,935600.0
1538,2021-10-01 10:52:17,34300.0,900.0,934200.0
1539,2021-10-01 10:52:16,34300.0,300.0,933300.0
1540,2021-10-01 10:52:16,34300.0,200.0,933000.0
1541,2021-10-01 10:52:16,34300.0,200.0,932800.0
1542,2021-10-01 10:52:16,34300.0,1500.0,932600.0
1543,2021-10-01 10:52:16,34300.0,100.0,931100.0
1544,2021-10-01 10:52:16,34300.0,1000.0,931000.0
1545,2021-10-01 10:52:16,34300.0,5000.0,930000.0
1546,2021-10-01 10:52:16,34300.0,100.0,925000.0
1547,2021-10-01 10:52:16,34300.0,500.0,924900.0
1548,2021-10-01 10:52:16,34300.0,1000.0,924400.0
1549,2021-10-01 10:52:16,34300.0,100.0,923400.0
1550,2021-10-01 10:52:16,34300.0,200.0,923300.0
1551,2021-10-01 10:52:16,34300.0,1500.0,923100.0
1552,2021-10-01 10:52:16,34300.0,2000.0,921600.0
1553,2021-10-01 10:52:16,34300.0,200.0,919600.0
1554,2021-10-01 10:52:16,34300.0,300.0,919400.0
1555,2021-10-01 10:52:16,34300.0,200.0,919100.0
1556,2021-10-01 10:52:16,34300.0,100.0,918900.0
1557,2021-10-01 10:52:16,34300.0,100.0,918800.0
1558,2021-10-01 10:52:16,34300.0,5400.0,918700.0
1559,2021-10-01 10:52:14,34300.0,100.0,913300.0
1560,2021-10-01 10:52:11,34300.0,200.0,913200.0
1561,2021-10-01 10:52:10,34300.0,3000.0,913000.0
1562,2021-10-01 10:52:10,34300.0,100.0,910000.0
1563,2021-10-01 10:52:03,34300.0,200.0,909900.0
1564,2021-10-01 10:52:01,34300.0,5000.0,909700.0
1565,2021-10-01 10:52:01,34300.0,500.0,904700.0
1566,2021-10-01 10:52:00,34300.0,1000.0,904200.0
1567,2021-10-01 10:52:00,34300.0,5000.0,903200.0
1568,2021-10-01 10:51:59,34300.0,100.0,898200.0
1569,2021-10-01 10:51:59,34300.0,2700.0,898100.0
1570,2021-10-01 10:51:54,34300.0,400.0,895400.0
1571,2021-10-01 10:51:52,34300.0,5000.0,895000.0
1572,2021-10-01 10:51:49,34300.0,1000.0,890000.0
1573,2021-10-01 10:51:47,34300.0,300.0,889000.0
1574,2021-10-01 10:51:47,34300.0,700.0,888700.0
1575,2021-10-01 10:51:46,34300.0,500.0,888000.0
1576,2021-10-01 10:51:33,34250.0,100.0,887500.0
1577,2021-10-01 10:51:33,34250.0,2000.0,887400.0
1578,2021-10-01 10:51:33,34250.0,100.0,885400.0
1579,2021-10-01 10:51:33,34250.0,600.0,885300.0
1580,2021-10-01 10:51:33,34250.0,1000.0,884700.0
1581,2021-10-01 10:51:33,34250.0,100.0,883700.0
1582,2021-10-01 10:51:33,34250.0,5100.0,883600.0
1583,2021-10-01 10:51:29,34250.0,14900.0,878500.0
1584,2021-10-01 10:51:29,34250.0,500.0,863600.0
1585,2021-10-01 10:51:29,34250.0,600.0,863100.0
1586,2021-10-01 10:51:26,34250.0,400.0,862500.0
1587,2021-10-01 10:51:26,34250.0,1000.0,862100.0
1588,2021-10-01 10:51:26,34250.0,500.0,861100.0
1589,2021-10-01 10:51:26,34250.0,2000.0,860600.0
1590,2021-10-01 10:51:26,34250.0,700.0,858600.0
1591,2021-10-01 10:51:26,34250.0,5000.0,857900.0
1592,2021-10-01 10:51:26,34250.0,200.0,852900.0
1593,2021-10-01 10:51:26,34250.0,200.0,852700.0
1594,2021-10-01 10:51:18,34200.0,100.0,852500.0
1595,2021-10-01 10:51:18,34250.0,1000.0,852400.0
1596,2021-10-01 10:50:52,34200.0,200.0,851400.0
1597,2021-10-01 10:50:52,34200.0,1000.0,851200.0
1598,2021-10-01 10:50:52,34200.0,1000.0,850200.0
1599,2021-10-01 10:50:52,34200.0,500.0,849200.0
1600,2021-10-01 10:50:52,34200.0,2000.0,848700.0
1601,2021-10-01 10:50:52,34200.0,600.0,846700.0
1602,2021-10-01 10:50:52,34200.0,2000.0,846100.0
1603,2021-10-01 10:50:45,34200.0,2400.0,844100.0
1604,2021-10-01 10:50:45,34200.0,300.0,841700.0
1605,2021-10-01 10:50:45,34200.0,100.0,841400.0
1606,2021-10-01 10:50:45,34200.0,500.0,841300.0
1607,2021-10-01 10:50:45,34200.0,100.0,840800.0
1608,2021-10-01 10:50:42,34200.0,100.0,840700.0
1609,2021-10-01 10:50:42,34200.0,200.0,840600.0
1610,2021-10-01 10:50:42,34200.0,200.0,840400.0
1611,2021-10-01 10:50:42,34200.0,2000.0,840200.0
1612,2021-10-01 10:50:42,34200.0,200.0,838200.0
1613,2021-10-01 10:50:42,34200.0,1000.0,838000.0
1614,2021-10-01 10:50:42,34200.0,300.0,837000.0
1615,2021-10-01 10:50:42,34200.0,100.0,836700.0
1616,2021-10-01 10:50:42,34200.0,200.0,836600.0
1617,2021-10-01 10:50:42,34200.0,1000.0,836400.0
1618,2021-10-01 10:50:40,34200.0,500.0,835400.0
1619,2021-10-01 10:50:21,34150.0,500.0,834900.0
1620,2021-10-01 10:50:16,34150.0,1600.0,834400.0
1621,2021-10-01 10:50:08,34100.0,100.0,832800.0
1622,2021-10-01 10:50:08,34100.0,200.0,832700.0
1623,2021-10-01 10:50:08,34100.0,1800.0,832500.0
1624,2021-10-01 10:50:08,34100.0,300.0,830700.0
1625,2021-10-01 10:50:08,34100.0,100.0,830400.0
1626,2021-10-01 10:50:08,34100.0,1000.0,830300.0
1627,2021-10-01 10:50:08,34100.0,100.0,829300.0
1628,2021-10-01 10:50:08,34100.0,500.0,829200.0
1629,2021-10-01 10:50:08,34100.0,1500.0,828700.0
1630,2021-10-01 10:50:08,34100.0,100.0,827200.0
1631,2021-10-01 10:50:08,34050.0,900.0,827100.0
1632,2021-10-01 10:50:05,34050.0,900.0,826200.0
1633,2021-10-01 10:50:05,34050.0,300.0,825300.0
1634,2021-10-01 10:50:05,34050.0,1000.0,825000.0
1635,2021-10-01 10:50:05,34050.0,1000.0,824000.0
1636,2021-10-01 10:50:05,34050.0,1800.0,823000.0
1637,2021-10-01 10:50:01,34050.0,100.0,821200.0
1638,2021-10-01 10:49:46,34000.0,100.0,821100.0
1639,2021-10-01 10:49:43,34000.0,1000.0,821000.0
1640,2021-10-01 10:49:43,34000.0,300.0,820000.0
1641,2021-10-01 10:49:43,34000.0,100.0,819700.0
1642,2021-10-01 10:49:43,34000.0,2000.0,819600.0
1643,2021-10-01 10:49:43,34000.0,200.0,817600.0
1644,2021-10-01 10:49:43,34000.0,300.0,817400.0
1645,2021-10-01 10:49:43,34000.0,100.0,817100.0
1646,2021-10-01 10:49:43,34000.0,200.0,817000.0
1647,2021-10-01 10:49:39,34000.0,400.0,816800.0
1648,2021-10-01 10:49:39,34000.0,600.0,816400.0
1649,2021-10-01 10:49:38,34000.0,100.0,815800.0
1650,2021-10-01 10:49:38,34000.0,500.0,815700.0
1651,2021-10-01 10:49:38,34000.0,200.0,815200.0
1652,2021-10-01 10:49:36,34000.0,500.0,815000.0
1653,2021-10-01 10:49:36,34000.0,2000.0,814500.0
1654,2021-10-01 10:49:36,34000.0,2000.0,812500.0
1655,2021-10-01 10:49:36,34000.0,100.0,810500.0
1656,2021-10-01 10:49:32,33950.0,1000.0,810400.0
1657,2021-10-01 10:49:32,33950.0,700.0,809400.0
1658,2021-10-01 10:49:32,33950.0,300.0,808700.0
1659,2021-10-01 10:49:28,34000.0,200.0,808400.0
1660,2021-10-01 10:49:28,34000.0,700.0,808200.0
1661,2021-10-01 10:49:28,34000.0,1000.0,807500.0
1662,2021-10-01 10:49:28,34000.0,100.0,806500.0
1663,2021-10-01 10:49:25,34000.0,900.0,806400.0
1664,2021-10-01 10:49:25,34000.0,200.0,805500.0
1665,2021-10-01 10:49:25,34000.0,400.0,805300.0
1666,2021-10-01 10:49:25,34000.0,500.0,804900.0
1667,2021-10-01 10:49:25,34000.0,1000.0,804400.0
1668,2021-10-01 10:49:25,34000.0,100.0,803400.0
1669,2021-10-01 10:49:25,34000.0,900.0,803300.0
1670,2021-10-01 10:49:24,34000.0,1000.0,802400.0
1671,2021-10-01 10:49:20,34000.0,1800.0,801400.0
1672,2021-10-01 10:49:18,34000.0,1000.0,799600.0
1673,2021-10-01 10:49:18,34000.0,1000.0,798600.0
1674,2021-10-01 10:49:12,34000.0,2000.0,797600.0
1675,2021-10-01 10:49:10,34000.0,2000.0,795600.0
1676,2021-10-01 10:49:08,34000.0,3000.0,793600.0
1677,2021-10-01 10:49:06,34000.0,5000.0,790600.0
1678,2021-10-01 10:49:04,34000.0,500.0,785600.0
1679,2021-10-01 10:48:58,34000.0,2000.0,785100.0
1680,2021-10-01 10:48:57,34000.0,500.0,783100.0
1681,2021-10-01 10:48:54,34000.0,1700.0,782600.0
1682,2021-10-01 10:48:45,34000.0,500.0,780900.0
1683,2021-10-01 10:48:22,34000.0,2300.0,780400.0
1684,2021-10-01 10:48:22,34000.0,10000.0,778100.0
1685,2021-10-01 10:47:40,34000.0,300.0,768100.0
1686,2021-10-01 10:47:26,34000.0,1000.0,767800.0
1687,2021-10-01 10:47:23,34000.0,2000.0,766800.0
1688,2021-10-01 10:47:16,34000.0,1500.0,764800.0
1689,2021-10-01 10:47:16,34000.0,500.0,763300.0
1690,2021-10-01 10:47:16,34000.0,1000.0,762800.0
1691,2021-10-01 10:47:16,34000.0,1000.0,761800.0
1692,2021-10-01 10:46:44,34000.0,2000.0,760800.0
1693,2021-10-01 10:46:37,34000.0,3000.0,758800.0
1694,2021-10-01 10:46:37,34000.0,500.0,755800.0
1695,2021-10-01 10:46:37,34000.0,1000.0,755300.0
1696,2021-10-01 10:46:37,34000.0,500.0,754300.0
1697,2021-10-01 10:46:15,34000.0,1900.0,753800.0
1698,2021-10-01 10:45:50,34000.0,1600.0,751900.0
1699,2021-10-01 10:45:39,33900.0,1200.0,750300.0
1700,2021-10-01 10:45:39,33900.0,300.0,749100.0
1701,2021-10-01 10:45:39,33900.0,500.0,748800.0
1702,2021-10-01 10:45:37,33900.0,2000.0,748300.0
1703,2021-10-01 10:45:30,34000.0,1000.0,746300.0
1704,2021-10-01 10:45:10,34000.0,600.0,745300.0
1705,2021-10-01 10:45:10,34000.0,300.0,744700.0
1706,2021-10-01 10:45:10,34000.0,1100.0,744400.0
1707,2021-10-01 10:44:40,34000.0,900.0,743300.0
1708,2021-10-01 10:44:40,33950.0,200.0,742400.0
1709,2021-10-01 10:43:49,33950.0,500.0,742200.0
1710,2021-10-01 10:43:44,33850.0,800.0,741700.0
1711,2021-10-01 10:43:44,33850.0,300.0,740900.0
1712,2021-10-01 10:43:44,33850.0,400.0,740600.0
1713,2021-10-01 10:43:44,33850.0,1000.0,740200.0
1714,2021-10-01 10:43:30,33950.0,200.0,739200.0
1715,2021-10-01 10:43:30,33900.0,100.0,739000.0
1716,2021-10-01 10:43:30,33900.0,700.0,738900.0
1717,2021-10-01 10:43:30,33900.0,500.0,738200.0
1718,2021-10-01 10:42:30,33900.0,4000.0,737700.0
1719,2021-10-01 10:42:30,33900.0,5500.0,733700.0
1720,2021-10-01 10:42:04,33900.0,500.0,728200.0
1721,2021-10-01 10:41:53,33850.0,8200.0,727700.0
1722,2021-10-01 10:41:53,33900.0,200.0,719500.0
1723,2021-10-01 10:41:53,33900.0,1500.0,719300.0
1724,2021-10-01 10:41:53,33900.0,100.0,717800.0
1725,2021-10-01 10:41:48,33900.0,400.0,717700.0
1726,2021-10-01 10:41:48,33900.0,100.0,717300.0
1727,2021-10-01 10:41:32,33950.0,300.0,717200.0
1728,2021-10-01 10:41:06,33950.0,4000.0,716900.0
1729,2021-10-01 10:39:39,33950.0,700.0,712900.0
1730,2021-10-01 10:39:39,33950.0,1000.0,712200.0
1731,2021-10-01 10:39:39,33950.0,300.0,711200.0
1732,2021-10-01 10:39:30,34000.0,1000.0,710900.0
1733,2021-10-01 10:39:30,34000.0,300.0,709900.0
1734,2021-10-01 10:39:30,34000.0,1000.0,709600.0
1735,2021-10-01 10:39:30,34000.0,500.0,708600.0
1736,2021-10-01 10:39:30,34000.0,2200.0,708100.0
1737,2021-10-01 10:39:26,33950.0,100.0,705900.0
1738,2021-10-01 10:39:06,34000.0,1100.0,705800.0
1739,2021-10-01 10:39:00,33950.0,500.0,704700.0
1740,2021-10-01 10:38:52,33950.0,100.0,704200.0
1741,2021-10-01 10:38:40,33950.0,1000.0,704100.0
1742,2021-10-01 10:38:32,33950.0,1000.0,703100.0
1743,2021-10-01 10:38:07,33900.0,200.0,702100.0
1744,2021-10-01 10:38:07,33900.0,500.0,701900.0
1745,2021-10-01 10:38:07,33900.0,500.0,701400.0
1746,2021-10-01 10:37:42,33900.0,600.0,700900.0
1747,2021-10-01 10:37:20,33900.0,900.0,700300.0
1748,2021-10-01 10:36:51,33900.0,100.0,699400.0
1749,2021-10-01 10:36:51,33900.0,200.0,699300.0
1750,2021-10-01 10:36:49,33900.0,300.0,699100.0
1751,2021-10-01 10:36:49,33900.0,400.0,698800.0
1752,2021-10-01 10:36:49,33900.0,500.0,698400.0
1753,2021-10-01 10:36:49,33900.0,200.0,697900.0
1754,2021-10-01 10:36:49,33900.0,100.0,697700.0
1755,2021-10-01 10:36:49,33900.0,500.0,697600.0
1756,2021-10-01 10:36:46,33850.0,300.0,697100.0
1757,2021-10-01 10:36:41,33900.0,500.0,696800.0
1758,2021-10-01 10:36:15,33850.0,500.0,696300.0
1759,2021-10-01 10:35:35,33850.0,1100.0,695800.0
1760,2021-10-01 10:35:18,33900.0,300.0,694700.0
1761,2021-10-01 10:35:17,33850.0,400.0,694400.0
1762,2021-10-01 10:35:05,33800.0,500.0,694000.0
1763,2021-10-01 10:34:15,33850.0,1000.0,693500.0
1764,2021-10-01 10:34:07,33850.0,200.0,692500.0
1765,2021-10-01 10:34:07,33850.0,100.0,692300.0
1766,2021-10-01 10:34:07,33850.0,300.0,692200.0
1767,2021-10-01 10:34:04,33900.0,200.0,691900.0
1768,2021-10-01 10:34:01,33900.0,200.0,691700.0
1769,2021-10-01 10:33:48,33900.0,100.0,691500.0
1770,2021-10-01 10:33:39,33900.0,200.0,691400.0
1771,2021-10-01 10:33:15,33900.0,1000.0,691200.0
1772,2021-10-01 10:33:15,33900.0,2000.0,690200.0
1773,2021-10-01 10:33:06,33850.0,700.0,688200.0
1774,2021-10-01 10:33:06,33850.0,2000.0,687500.0
1775,2021-10-01 10:33:06,33850.0,300.0,685500.0
1776,2021-10-01 10:32:55,33900.0,1500.0,685200.0
1777,2021-10-01 10:32:39,33850.0,1000.0,683700.0
1778,2021-10-01 10:32:21,33900.0,300.0,682700.0
1779,2021-10-01 10:32:17,33850.0,200.0,682400.0
1780,2021-10-01 10:32:17,33850.0,200.0,682200.0
1781,2021-10-01 10:32:17,33850.0,1000.0,682000.0
1782,2021-10-01 10:32:17,33850.0,1000.0,681000.0
1783,2021-10-01 10:32:17,33850.0,100.0,680000.0
1784,2021-10-01 10:32:05,33850.0,300.0,679900.0
1785,2021-10-01 10:31:00,33850.0,500.0,679600.0
1786,2021-10-01 10:30:35,33850.0,100.0,679100.0
1787,2021-10-01 10:30:35,33850.0,100.0,679000.0
1788,2021-10-01 10:30:22,33850.0,1700.0,678900.0
1789,2021-10-01 10:28:59,33900.0,500.0,677200.0
1790,2021-10-01 10:28:54,33850.0,300.0,676700.0
1791,2021-10-01 10:27:31,33900.0,200.0,676400.0
1792,2021-10-01 10:26:47,33900.0,500.0,676200.0
1793,2021-10-01 10:26:11,33900.0,400.0,675700.0
1794,2021-10-01 10:26:11,33900.0,300.0,675300.0
1795,2021-10-01 10:26:02,33900.0,1000.0,675000.0
1796,2021-10-01 10:25:58,33900.0,500.0,674000.0
1797,2021-10-01 10:25:50,33900.0,100.0,673500.0
1798,2021-10-01 10:25:43,33900.0,1100.0,673400.0
1799,2021-10-01 10:25:43,33900.0,900.0,672300.0
1800,2021-10-01 10:25:26,33900.0,500.0,671400.0
1801,2021-10-01 10:25:08,33900.0,100.0,670900.0
1802,2021-10-01 10:25:04,34000.0,500.0,670800.0
1803,2021-10-01 10:25:04,33900.0,500.0,670300.0
1804,2021-10-01 10:24:12,33900.0,500.0,669800.0
1805,2021-10-01 10:24:06,33900.0,1000.0,669300.0
1806,2021-10-01 10:22:31,33900.0,200.0,668300.0
1807,2021-10-01 10:22:27,33900.0,500.0,668100.0
1808,2021-10-01 10:22:13,34000.0,200.0,667600.0
1809,2021-10-01 10:22:13,34000.0,200.0,667400.0
1810,2021-10-01 10:22:13,34000.0,300.0,667200.0
1811,2021-10-01 10:22:06,34000.0,500.0,666900.0
1812,2021-10-01 10:21:09,34000.0,300.0,666400.0
1813,2021-10-01 10:20:15,33500.0,1600.0,666100.0
1814,2021-10-01 10:20:15,33500.0,200.0,664500.0
1815,2021-10-01 10:20:15,33500.0,100.0,664300.0
1816,2021-10-01 10:20:15,33500.0,500.0,664200.0
1817,2021-10-01 10:20:15,33500.0,200.0,663700.0
1818,2021-10-01 10:20:15,33500.0,1000.0,663500.0
1819,2021-10-01 10:20:15,33500.0,300.0,662500.0
1820,2021-10-01 10:20:15,33500.0,1000.0,662200.0
1821,2021-10-01 10:20:15,33500.0,300.0,661200.0
1822,2021-10-01 10:20:15,33500.0,100.0,660900.0
1823,2021-10-01 10:20:15,33500.0,300.0,660800.0
1824,2021-10-01 10:20:15,33500.0,1000.0,660500.0
1825,2021-10-01 10:20:15,33500.0,100.0,659500.0
1826,2021-10-01 10:20:15,33500.0,200.0,659400.0
1827,2021-10-01 10:20:15,33500.0,1000.0,659200.0
1828,2021-10-01 10:20:15,33500.0,500.0,658200.0
1829,2021-10-01 10:20:15,33500.0,200.0,657700.0
1830,2021-10-01 10:20:15,33500.0,5500.0,657500.0
1831,2021-10-01 10:20:15,33500.0,300.0,652000.0
1832,2021-10-01 10:20:15,33500.0,100.0,651700.0
1833,2021-10-01 10:20:15,33500.0,500.0,651600.0
1834,2021-10-01 10:20:15,33500.0,100.0,651100.0
1835,2021-10-01 10:20:15,33500.0,100.0,651000.0
1836,2021-10-01 10:20:15,33500.0,300.0,650900.0
1837,2021-10-01 10:20:15,33500.0,1000.0,650600.0
1838,2021-10-01 10:20:15,33500.0,100.0,649600.0
1839,2021-10-01 10:20:15,33500.0,900.0,649500.0
1840,2021-10-01 10:20:15,33500.0,300.0,648600.0
1841,2021-10-01 10:20:15,33500.0,5000.0,648300.0
1842,2021-10-01 10:20:15,33500.0,500.0,643300.0
1843,2021-10-01 10:20:15,33500.0,400.0,642800.0
1844,2021-10-01 10:20:15,33550.0,200.0,642400.0
1845,2021-10-01 10:20:15,33550.0,200.0,642200.0
1846,2021-10-01 10:20:15,33550.0,100.0,642000.0
1847,2021-10-01 10:20:15,33600.0,1000.0,641900.0
1848,2021-10-01 10:20:15,33600.0,100.0,640900.0
1849,2021-10-01 10:20:15,33600.0,1000.0,640800.0
1850,2021-10-01 10:20:15,33600.0,3000.0,639800.0
1851,2021-10-01 10:20:15,33600.0,300.0,636800.0
1852,2021-10-01 10:20:15,33600.0,1000.0,636500.0
1853,2021-10-01 10:20:15,33600.0,200.0,635500.0
1854,2021-10-01 10:20:15,33600.0,200.0,635300.0
1855,2021-10-01 10:20:15,33700.0,1000.0,635100.0
1856,2021-10-01 10:20:15,33700.0,500.0,634100.0
1857,2021-10-01 10:20:15,33700.0,900.0,633600.0
1858,2021-10-01 10:20:15,33700.0,1000.0,632700.0
1859,2021-10-01 10:20:15,33700.0,500.0,631700.0
1860,2021-10-01 10:20:15,33700.0,5000.0,631200.0
1861,2021-10-01 10:20:15,33800.0,100.0,626200.0
1862,2021-10-01 10:20:15,33800.0,1500.0,626100.0
1863,2021-10-01 10:20:15,33800.0,200.0,624600.0
1864,2021-10-01 10:20:15,33800.0,100.0,624400.0
1865,2021-10-01 10:20:15,33800.0,100.0,624300.0
1866,2021-10-01 10:20:15,33800.0,200.0,624200.0
1867,2021-10-01 10:20:15,33800.0,500.0,624000.0
1868,2021-10-01 10:20:15,33800.0,200.0,623500.0
1869,2021-10-01 10:20:15,33800.0,1000.0,623300.0
1870,2021-10-01 10:20:15,33850.0,100.0,622300.0
1871,2021-10-01 10:20:15,33850.0,1000.0,622200.0
1872,2021-10-01 10:20:15,33850.0,1000.0,621200.0
1873,2021-10-01 10:20:15,33850.0,500.0,620200.0
1874,2021-10-01 10:20:15,33850.0,5000.0,619700.0
1875,2021-10-01 10:20:15,33900.0,10000.0,614700.0
1876,2021-10-01 10:20:15,33900.0,100.0,604700.0
1877,2021-10-01 10:20:15,33900.0,500.0,604600.0
1878,2021-10-01 10:20:15,33900.0,2000.0,604100.0
1879,2021-10-01 10:20:15,33900.0,500.0,602100.0
1880,2021-10-01 10:20:15,33900.0,200.0,601600.0
1881,2021-10-01 10:20:15,33900.0,500.0,601400.0
1882,2021-10-01 10:20:15,33900.0,1000.0,600900.0
1883,2021-10-01 10:20:15,33900.0,8000.0,599900.0
1884,2021-10-01 10:20:15,33900.0,100.0,591900.0
1885,2021-10-01 10:20:15,33900.0,200.0,591800.0
1886,2021-10-01 10:20:15,33900.0,500.0,591600.0
1887,2021-10-01 10:20:15,33900.0,200.0,591100.0
1888,2021-10-01 10:20:15,33900.0,100.0,590900.0
1889,2021-10-01 10:19:08,33900.0,100.0,590800.0
1890,2021-10-01 10:19:08,33900.0,200.0,590700.0
1891,2021-10-01 10:16:55,33900.0,100.0,590500.0
1892,2021-10-01 10:16:55,33900.0,300.0,590400.0
1893,2021-10-01 10:16:55,33950.0,1000.0,590100.0
1894,2021-10-01 10:16:55,33950.0,1000.0,589100.0
1895,2021-10-01 10:16:55,33950.0,100.0,588100.0
1896,2021-10-01 10:16:55,33950.0,1000.0,588000.0
1897,2021-10-01 10:16:55,33950.0,1000.0,587000.0
1898,2021-10-01 10:16:55,33950.0,500.0,586000.0
1899,2021-10-01 10:16:42,34000.0,300.0,585500.0
1900,2021-10-01 10:15:47,34000.0,1000.0,585200.0
1901,2021-10-01 10:15:47,34000.0,1700.0,584200.0
1902,2021-10-01 10:15:44,34000.0,100.0,582500.0
1903,2021-10-01 10:15:44,34000.0,1400.0,582400.0
1904,2021-10-01 10:15:31,34000.0,1000.0,581000.0
1905,2021-10-01 10:15:27,34050.0,100.0,580000.0
1906,2021-10-01 10:15:23,34000.0,1500.0,579900.0
1907,2021-10-01 10:15:23,34000.0,400.0,578400.0
1908,2021-10-01 10:15:18,34000.0,5600.0,578000.0
1909,2021-10-01 10:15:18,34000.0,1000.0,572400.0
1910,2021-10-01 10:15:18,34000.0,1000.0,571400.0
1911,2021-10-01 10:15:18,34000.0,100.0,570400.0
1912,2021-10-01 10:15:18,34000.0,100.0,570300.0
1913,2021-10-01 10:15:18,34000.0,500.0,570200.0
1914,2021-10-01 10:15:18,34000.0,300.0,569700.0
1915,2021-10-01 10:15:18,34000.0,100.0,569400.0
1916,2021-10-01 10:15:18,34000.0,1000.0,569300.0
1917,2021-10-01 10:15:18,34000.0,300.0,568300.0
1918,2021-10-01 10:14:50,34000.0,3900.0,568000.0
1919,2021-10-01 10:14:31,34000.0,1000.0,564100.0
1920,2021-10-01 10:14:16,34000.0,400.0,563100.0
1921,2021-10-01 10:14:07,34000.0,4400.0,562700.0
1922,2021-10-01 10:14:07,34000.0,600.0,558300.0
1923,2021-10-01 10:13:34,34000.0,500.0,557700.0
1924,2021-10-01 10:13:12,34000.0,400.0,557200.0
1925,2021-10-01 10:13:03,34000.0,1000.0,556800.0
1926,2021-10-01 10:12:40,34000.0,5300.0,555800.0
1927,2021-10-01 10:12:39,34000.0,500.0,550500.0
1928,2021-10-01 10:12:38,34050.0,100.0,550000.0
1929,2021-10-01 10:12:22,34050.0,100.0,549900.0
1930,2021-10-01 10:12:11,34050.0,3000.0,549800.0
1931,2021-10-01 10:12:10,34000.0,1000.0,546800.0
1932,2021-10-01 10:12:06,34050.0,100.0,545800.0
1933,2021-10-01 10:12:06,34000.0,5000.0,545700.0
1934,2021-10-01 10:12:02,34050.0,300.0,540700.0
1935,2021-10-01 10:12:01,34050.0,100.0,540400.0
1936,2021-10-01 10:11:48,34000.0,100.0,540300.0
1937,2021-10-01 10:11:48,34000.0,400.0,540200.0
1938,2021-10-01 10:11:37,34050.0,300.0,539800.0
1939,2021-10-01 10:11:37,34000.0,300.0,539500.0
1940,2021-10-01 10:11:37,34000.0,200.0,539200.0
1941,2021-10-01 10:11:18,34050.0,300.0,539000.0
1942,2021-10-01 10:11:16,34000.0,500.0,538700.0
1943,2021-10-01 10:11:11,34000.0,100.0,538200.0
1944,2021-10-01 10:10:54,34000.0,200.0,538100.0
1945,2021-10-01 10:10:54,34000.0,1800.0,537900.0
1946,2021-10-01 10:10:43,34000.0,2000.0,536100.0
1947,2021-10-01 10:10:42,34000.0,500.0,534100.0
1948,2021-10-01 10:10:38,34000.0,1700.0,533600.0
1949,2021-10-01 10:10:38,34000.0,100.0,531900.0
1950,2021-10-01 10:10:38,34000.0,300.0,531800.0
1951,2021-10-01 10:10:38,34000.0,300.0,531500.0
1952,2021-10-01 10:10:38,34000.0,2600.0,531200.0
1953,2021-10-01 10:10:14,34000.0,100.0,528600.0
1954,2021-10-01 10:09:59,34000.0,800.0,528500.0
1955,2021-10-01 10:09:51,34000.0,1900.0,527700.0
1956,2021-10-01 10:09:44,34000.0,200.0,525800.0
1957,2021-10-01 10:09:32,34000.0,1000.0,525600.0
1958,2021-10-01 10:09:14,34000.0,3400.0,524600.0
1959,2021-10-01 10:09:14,34000.0,300.0,521200.0
1960,2021-10-01 10:09:14,34000.0,500.0,520900.0
1961,2021-10-01 10:09:14,34000.0,300.0,520400.0
1962,2021-10-01 10:09:14,34000.0,500.0,520100.0
1963,2021-10-01 10:09:11,34050.0,200.0,519600.0
1964,2021-10-01 10:08:57,34050.0,700.0,519400.0
1965,2021-10-01 10:08:52,34050.0,500.0,518700.0
1966,2021-10-01 10:08:37,34050.0,200.0,518200.0
1967,2021-10-01 10:08:37,34050.0,100.0,518000.0
1968,2021-10-01 10:08:23,34050.0,100.0,517900.0
1969,2021-10-01 10:08:13,34050.0,600.0,517800.0
1970,2021-10-01 10:08:11,34050.0,1000.0,517200.0
1971,2021-10-01 10:07:50,34250.0,1500.0,516200.0
1972,2021-10-01 10:07:49,34050.0,4300.0,514700.0
1973,2021-10-01 10:07:49,34050.0,100.0,510400.0
1974,2021-10-01 10:07:49,34050.0,800.0,510300.0
1975,2021-10-01 10:07:49,34100.0,2000.0,509500.0
1976,2021-10-01 10:07:49,34100.0,200.0,507500.0
1977,2021-10-01 10:07:49,34200.0,500.0,507300.0
1978,2021-10-01 10:07:49,34200.0,200.0,506800.0
1979,2021-10-01 10:07:49,34200.0,1900.0,506600.0
1980,2021-10-01 10:07:45,34250.0,100.0,504700.0
1981,2021-10-01 10:07:42,34250.0,1200.0,504600.0
1982,2021-10-01 10:07:42,34250.0,200.0,503400.0
1983,2021-10-01 10:07:42,34250.0,1600.0,503200.0
1984,2021-10-01 10:07:40,34200.0,100.0,501600.0
1985,2021-10-01 10:07:39,34250.0,100.0,501500.0
1986,2021-10-01 10:07:24,34250.0,1300.0,501400.0
1987,2021-10-01 10:07:19,34250.0,100.0,500100.0
1988,2021-10-01 10:07:18,34250.0,600.0,500000.0
1989,2021-10-01 10:07:18,34250.0,400.0,499400.0
1990,2021-10-01 10:07:17,34250.0,500.0,499000.0
1991,2021-10-01 10:07:17,34250.0,100.0,498500.0
1992,2021-10-01 10:07:10,34250.0,100.0,498400.0
1993,2021-10-01 10:06:55,34250.0,100.0,498300.0
1994,2021-10-01 10:06:52,34250.0,200.0,498200.0
1995,2021-10-01 10:06:51,34250.0,100.0,498000.0
1996,2021-10-01 10:06:48,34250.0,300.0,497900.0
1997,2021-10-01 10:06:48,34250.0,700.0,497600.0
1998,2021-10-01 10:06:46,34250.0,1000.0,496900.0
1999,2021-10-01 10:06:45,34250.0,600.0,495900.0
2000,2021-10-01 10:06:43,34250.0,1500.0,495300.0
2001,2021-10-01 10:06:43,34250.0,100.0,493800.0
2002,2021-10-01 10:06:43,34250.0,400.0,493700.0
2003,2021-10-01 10:06:40,34250.0,1500.0,493300.0
2004,2021-10-01 10:06:39,34250.0,300.0,491800.0
2005,2021-10-01 10:06:26,34250.0,2000.0,491500.0
2006,2021-10-01 10:06:23,34300.0,800.0,489500.0
2007,2021-10-01 10:06:18,34300.0,1000.0,488700.0
2008,2021-10-01 10:06:16,34250.0,200.0,487700.0
2009,2021-10-01 10:06:11,34250.0,200.0,487500.0
2010,2021-10-01 10:06:11,34250.0,400.0,487300.0
2011,2021-10-01 10:06:10,34250.0,100.0,486900.0
2012,2021-10-01 10:06:02,34250.0,100.0,486800.0
2013,2021-10-01 10:05:51,34250.0,200.0,486700.0
2014,2021-10-01 10:05:46,34250.0,300.0,486500.0
2015,2021-10-01 10:05:36,34200.0,500.0,486200.0
2016,2021-10-01 10:05:36,34200.0,100.0,485700.0
2017,2021-10-01 10:05:18,34200.0,300.0,485600.0
2018,2021-10-01 10:05:10,34200.0,500.0,485300.0
2019,2021-10-01 10:05:10,34200.0,400.0,484800.0
2020,2021-10-01 10:05:10,34200.0,100.0,484400.0
2021,2021-10-01 10:05:10,34200.0,100.0,484300.0
2022,2021-10-01 10:05:05,34200.0,100.0,484200.0
2023,2021-10-01 10:05:05,34200.0,100.0,484100.0
2024,2021-10-01 10:05:01,34200.0,100.0,484000.0
2025,2021-10-01 10:05:01,34200.0,900.0,483900.0
2026,2021-10-01 10:05:00,34200.0,200.0,483000.0
2027,2021-10-01 10:05:00,34200.0,500.0,482800.0
2028,2021-10-01 10:05:00,34200.0,3000.0,482300.0
2029,2021-10-01 10:05:00,34200.0,100.0,479300.0
2030,2021-10-01 10:05:00,34200.0,500.0,479200.0
2031,2021-10-01 10:05:00,34200.0,100.0,478700.0
2032,2021-10-01 10:05:00,34200.0,300.0,478600.0
2033,2021-10-01 10:05:00,34200.0,1300.0,478300.0
2034,2021-10-01 10:04:58,34200.0,2000.0,477000.0
2035,2021-10-01 10:04:56,34200.0,1000.0,475000.0
2036,2021-10-01 10:04:53,34200.0,1000.0,474000.0
2037,2021-10-01 10:04:46,34200.0,500.0,473000.0
2038,2021-10-01 10:04:44,34200.0,200.0,472500.0
2039,2021-10-01 10:04:42,34200.0,1200.0,472300.0
2040,2021-10-01 10:04:41,34200.0,10500.0,471100.0
2041,2021-10-01 10:04:41,34200.0,500.0,460600.0
2042,2021-10-01 10:04:41,34200.0,500.0,460100.0
2043,2021-10-01 10:04:41,34200.0,8500.0,459600.0
2044,2021-10-01 10:04:36,34200.0,1000.0,451100.0
2045,2021-10-01 10:04:34,34100.0,1000.0,450100.0
2046,2021-10-01 10:04:30,34200.0,500.0,449100.0
2047,2021-10-01 10:04:30,34200.0,1000.0,448600.0
2048,2021-10-01 10:04:30,34200.0,300.0,447600.0
2049,2021-10-01 10:04:30,34200.0,400.0,447300.0
2050,2021-10-01 10:04:30,34200.0,500.0,446900.0
2051,2021-10-01 10:04:30,34200.0,100.0,446400.0
2052,2021-10-01 10:04:30,34200.0,1000.0,446300.0
2053,2021-10-01 10:04:30,34200.0,500.0,445300.0
2054,2021-10-01 10:04:30,34200.0,200.0,444800.0
2055,2021-10-01 10:04:30,34200.0,1500.0,444600.0
2056,2021-10-01 10:04:30,34200.0,3000.0,443100.0
2057,2021-10-01 10:04:30,34200.0,1000.0,440100.0
2058,2021-10-01 10:04:26,34100.0,100.0,439100.0
2059,2021-10-01 10:04:26,34100.0,100.0,439000.0
2060,2021-10-01 10:04:26,34100.0,200.0,438900.0
2061,2021-10-01 10:04:26,34100.0,200.0,438700.0
