,Time,Price,Volume_per_trade,Volume
0,2021-10-22 07:45:00,16500.0,100.0,1776500.0
1,2021-10-22 07:45:00,16500.0,500.0,1776400.0
2,2021-10-22 07:45:00,16500.0,1000.0,1775900.0
3,2021-10-22 07:45:00,16500.0,1000.0,1774900.0
4,2021-10-22 07:45:00,16500.0,500.0,1773900.0
5,2021-10-22 07:45:00,16500.0,200.0,1773400.0
6,2021-10-22 07:45:00,16500.0,1000.0,1773200.0
7,2021-10-22 07:45:00,16500.0,500.0,1772200.0
8,2021-10-22 07:45:00,16500.0,500.0,1771700.0
9,2021-10-22 07:45:00,16500.0,100.0,1771200.0
10,2021-10-22 07:45:00,16500.0,100.0,1771100.0
11,2021-10-22 07:45:00,16500.0,100.0,1771000.0
12,2021-10-22 07:45:00,16500.0,900.0,1770900.0
13,2021-10-22 07:45:00,16500.0,100.0,1770000.0
14,2021-10-22 07:45:00,16500.0,1000.0,1769900.0
15,2021-10-22 07:45:00,16500.0,100.0,1768900.0
16,2021-10-22 07:45:00,16500.0,800.0,1768800.0
17,2021-10-22 07:45:00,16500.0,300.0,1768000.0
18,2021-10-22 07:45:00,16500.0,1900.0,1767700.0
19,2021-10-22 07:45:00,16500.0,200.0,1765800.0
20,2021-10-22 07:45:00,16500.0,100.0,1765600.0
21,2021-10-22 07:45:00,16500.0,800.0,1765500.0
22,2021-10-22 07:45:00,16500.0,400.0,1764700.0
23,2021-10-22 07:45:00,16500.0,100.0,1764300.0
24,2021-10-22 07:45:00,16500.0,200.0,1764200.0
25,2021-10-22 07:45:00,16500.0,500.0,1764000.0
26,2021-10-22 07:45:00,16500.0,1000.0,1763500.0
27,2021-10-22 07:45:00,16500.0,3000.0,1762500.0
28,2021-10-22 07:45:00,16500.0,300.0,1759500.0
29,2021-10-22 07:45:00,16500.0,700.0,1759200.0
30,2021-10-22 07:45:00,16500.0,1300.0,1758500.0
31,2021-10-22 07:45:00,16500.0,1000.0,1757200.0
32,2021-10-22 07:45:00,16500.0,2000.0,1756200.0
33,2021-10-22 07:45:00,16500.0,700.0,1754200.0
34,2021-10-22 07:45:00,16500.0,100.0,1753500.0
35,2021-10-22 07:45:00,16500.0,100.0,1753400.0
36,2021-10-22 07:45:00,16500.0,1000.0,1753300.0
37,2021-10-22 07:45:00,16500.0,200.0,1752300.0
38,2021-10-22 07:45:00,16500.0,500.0,1752100.0
39,2021-10-22 07:45:00,16500.0,100.0,1751600.0
40,2021-10-22 07:45:00,16500.0,200.0,1751500.0
41,2021-10-22 07:29:55,16500.0,300.0,1751300.0
42,2021-10-22 07:29:52,16400.0,300.0,1751000.0
43,2021-10-22 07:28:29,16400.0,400.0,1750700.0
44,2021-10-22 07:28:29,16450.0,300.0,1750300.0
45,2021-10-22 07:28:29,16450.0,300.0,1750000.0
46,2021-10-22 07:28:27,16450.0,200.0,1749700.0
47,2021-10-22 07:28:27,16450.0,2800.0,1749500.0
48,2021-10-22 07:27:47,16450.0,1000.0,1746700.0
49,2021-10-22 07:27:22,16450.0,300.0,1745700.0
50,2021-10-22 07:27:22,16450.0,100.0,1745400.0
51,2021-10-22 07:27:22,16450.0,800.0,1745300.0
52,2021-10-22 07:26:58,16450.0,1200.0,1744500.0
53,2021-10-22 07:26:58,16450.0,100.0,1743300.0
54,2021-10-22 07:26:58,16450.0,5000.0,1743200.0
55,2021-10-22 07:26:58,16450.0,200.0,1738200.0
56,2021-10-22 07:26:58,16450.0,3500.0,1738000.0
57,2021-10-22 07:26:31,16400.0,300.0,1734500.0
58,2021-10-22 07:26:26,16400.0,100.0,1734200.0
59,2021-10-22 07:25:50,16400.0,100.0,1734100.0
60,2021-10-22 07:25:47,16400.0,2600.0,1734000.0
61,2021-10-22 07:25:47,16400.0,400.0,1731400.0
62,2021-10-22 07:25:47,16400.0,200.0,1731000.0
63,2021-10-22 07:25:47,16400.0,100.0,1730800.0
64,2021-10-22 07:25:47,16400.0,200.0,1730700.0
65,2021-10-22 07:25:24,16350.0,100.0,1730500.0
66,2021-10-22 07:24:55,16350.0,500.0,1730400.0
67,2021-10-22 07:23:54,16400.0,1000.0,1729900.0
68,2021-10-22 07:23:49,16400.0,100.0,1728900.0
69,2021-10-22 07:23:43,16350.0,100.0,1728800.0
70,2021-10-22 07:23:41,16400.0,200.0,1728700.0
71,2021-10-22 07:23:26,16400.0,100.0,1728500.0
72,2021-10-22 07:23:12,16400.0,400.0,1728400.0
73,2021-10-22 07:23:12,16400.0,600.0,1728000.0
74,2021-10-22 07:23:12,16400.0,100.0,1727400.0
75,2021-10-22 07:23:12,16400.0,100.0,1727300.0
76,2021-10-22 07:23:12,16400.0,100.0,1727200.0
77,2021-10-22 07:22:30,16450.0,900.0,1727100.0
78,2021-10-22 07:22:30,16400.0,700.0,1726200.0
79,2021-10-22 07:21:59,16400.0,300.0,1725500.0
80,2021-10-22 07:21:36,16400.0,200.0,1725200.0
81,2021-10-22 07:21:36,16400.0,1000.0,1725000.0
82,2021-10-22 07:21:36,16400.0,800.0,1724000.0
83,2021-10-22 07:21:04,16400.0,4200.0,1723200.0
84,2021-10-22 07:21:04,16400.0,800.0,1719000.0
85,2021-10-22 07:21:04,16400.0,1000.0,1718200.0
86,2021-10-22 07:20:24,16400.0,400.0,1717200.0
87,2021-10-22 07:20:24,16400.0,100.0,1716800.0
88,2021-10-22 07:19:58,16400.0,1200.0,1716700.0
89,2021-10-22 07:19:58,16400.0,100.0,1715500.0
90,2021-10-22 07:19:58,16400.0,100.0,1715400.0
91,2021-10-22 07:19:58,16400.0,500.0,1715300.0
92,2021-10-22 07:19:58,16400.0,1100.0,1714800.0
93,2021-10-22 07:19:30,16400.0,3900.0,1713700.0
94,2021-10-22 07:18:04,16450.0,2000.0,1709800.0
95,2021-10-22 07:17:46,16450.0,300.0,1707800.0
96,2021-10-22 07:16:55,16450.0,300.0,1707500.0
97,2021-10-22 07:16:50,16400.0,400.0,1707200.0
98,2021-10-22 07:16:50,16400.0,100.0,1706800.0
99,2021-10-22 07:16:46,16400.0,100.0,1706700.0
100,2021-10-22 07:16:46,16400.0,200.0,1706600.0
101,2021-10-22 07:16:46,16400.0,400.0,1706400.0
102,2021-10-22 07:16:46,16400.0,200.0,1706000.0
103,2021-10-22 07:16:46,16400.0,1100.0,1705800.0
104,2021-10-22 07:16:04,16400.0,2100.0,1704700.0
105,2021-10-22 07:15:52,16400.0,1000.0,1702600.0
106,2021-10-22 07:15:26,16400.0,800.0,1701600.0
107,2021-10-22 07:15:26,16400.0,200.0,1700800.0
108,2021-10-22 07:15:26,16400.0,500.0,1700600.0
109,2021-10-22 07:15:26,16400.0,200.0,1700100.0
110,2021-10-22 07:15:26,16400.0,1000.0,1699900.0
111,2021-10-22 07:15:26,16400.0,200.0,1698900.0
112,2021-10-22 07:15:26,16400.0,7100.0,1698700.0
113,2021-10-22 07:15:24,16400.0,400.0,1691600.0
114,2021-10-22 07:14:39,16400.0,10000.0,1691200.0
115,2021-10-22 07:14:10,16400.0,2500.0,1681200.0
116,2021-10-22 07:14:10,16400.0,4500.0,1678700.0
117,2021-10-22 07:13:40,16400.0,3000.0,1674200.0
118,2021-10-22 07:13:35,16400.0,10900.0,1671200.0
119,2021-10-22 07:13:35,16400.0,2000.0,1660300.0
120,2021-10-22 07:13:35,16400.0,5100.0,1658300.0
121,2021-10-22 07:13:35,16400.0,1000.0,1653200.0
122,2021-10-22 07:13:20,16400.0,900.0,1652200.0
123,2021-10-22 07:13:20,16450.0,100.0,1651300.0
124,2021-10-22 07:12:57,16450.0,400.0,1651200.0
125,2021-10-22 07:12:37,16450.0,100.0,1650800.0
126,2021-10-22 07:12:37,16450.0,700.0,1650700.0
127,2021-10-22 07:12:37,16450.0,500.0,1650000.0
128,2021-10-22 07:12:37,16450.0,200.0,1649500.0
129,2021-10-22 07:12:23,16450.0,500.0,1649300.0
130,2021-10-22 07:10:56,16450.0,300.0,1648800.0
131,2021-10-22 07:10:56,16450.0,700.0,1648500.0
132,2021-10-22 07:10:54,16450.0,300.0,1647800.0
133,2021-10-22 07:10:54,16450.0,900.0,1647500.0
134,2021-10-22 07:10:07,16450.0,100.0,1646600.0
135,2021-10-22 07:10:00,16450.0,500.0,1646500.0
136,2021-10-22 07:10:00,16450.0,500.0,1646000.0
137,2021-10-22 07:08:19,16400.0,3100.0,1645500.0
138,2021-10-22 07:08:19,16400.0,300.0,1642400.0
139,2021-10-22 07:08:19,16400.0,100.0,1642100.0
140,2021-10-22 07:08:19,16400.0,100.0,1642000.0
141,2021-10-22 07:08:19,16400.0,300.0,1641900.0
142,2021-10-22 07:08:19,16400.0,200.0,1641600.0
143,2021-10-22 07:08:19,16400.0,100.0,1641400.0
144,2021-10-22 07:08:19,16400.0,100.0,1641300.0
145,2021-10-22 07:08:19,16400.0,200.0,1641200.0
146,2021-10-22 07:08:19,16400.0,500.0,1641000.0
147,2021-10-22 07:08:04,16400.0,100.0,1640500.0
148,2021-10-22 07:07:44,16400.0,400.0,1640400.0
149,2021-10-22 07:07:44,16400.0,100.0,1640000.0
150,2021-10-22 07:07:40,16450.0,100.0,1639900.0
151,2021-10-22 07:07:40,16450.0,900.0,1639800.0
152,2021-10-22 07:06:40,16450.0,500.0,1638900.0
153,2021-10-22 07:06:13,16500.0,5000.0,1638400.0
154,2021-10-22 07:05:41,16450.0,100.0,1633400.0
155,2021-10-22 07:05:20,16500.0,100.0,1633300.0
156,2021-10-22 07:05:11,16500.0,500.0,1633200.0
157,2021-10-22 07:04:52,16500.0,500.0,1632700.0
158,2021-10-22 07:04:51,16500.0,2000.0,1632200.0
159,2021-10-22 07:04:20,16500.0,100.0,1630200.0
160,2021-10-22 07:03:41,16500.0,1500.0,1630100.0
161,2021-10-22 07:03:41,16500.0,500.0,1628600.0
162,2021-10-22 07:03:30,16450.0,700.0,1628100.0
163,2021-10-22 07:03:24,16450.0,1000.0,1627400.0
164,2021-10-22 07:03:19,16500.0,2000.0,1626400.0
165,2021-10-22 07:03:13,16450.0,1000.0,1624400.0
166,2021-10-22 07:02:49,16450.0,800.0,1623400.0
167,2021-10-22 07:02:39,16450.0,200.0,1622600.0
168,2021-10-22 07:02:28,16450.0,500.0,1622400.0
169,2021-10-22 07:02:28,16450.0,100.0,1621900.0
170,2021-10-22 07:02:28,16450.0,500.0,1621800.0
171,2021-10-22 07:02:21,16500.0,100.0,1621300.0
172,2021-10-22 07:02:08,16500.0,500.0,1621200.0
173,2021-10-22 07:02:01,16500.0,200.0,1620700.0
174,2021-10-22 07:02:01,16500.0,300.0,1620500.0
175,2021-10-22 07:01:31,16500.0,300.0,1620200.0
176,2021-10-22 07:01:31,16500.0,500.0,1619900.0
177,2021-10-22 07:01:31,16500.0,300.0,1619400.0
178,2021-10-22 07:01:31,16500.0,1400.0,1619100.0
179,2021-10-22 07:01:31,16500.0,1500.0,1617700.0
180,2021-10-22 07:01:31,16500.0,500.0,1616200.0
181,2021-10-22 07:01:31,16500.0,200.0,1615700.0
182,2021-10-22 07:01:19,16500.0,1800.0,1615500.0
183,2021-10-22 07:01:19,16500.0,100.0,1613700.0
184,2021-10-22 07:01:19,16500.0,100.0,1613600.0
185,2021-10-22 07:01:19,16500.0,100.0,1613500.0
186,2021-10-22 07:01:19,16500.0,1000.0,1613400.0
187,2021-10-22 07:01:19,16500.0,500.0,1612400.0
188,2021-10-22 07:01:19,16500.0,2000.0,1611900.0
189,2021-10-22 07:01:19,16500.0,200.0,1609900.0
190,2021-10-22 07:01:19,16500.0,200.0,1609700.0
191,2021-10-22 07:01:19,16500.0,200.0,1609500.0
192,2021-10-22 07:01:19,16500.0,100.0,1609300.0
193,2021-10-22 07:01:19,16500.0,200.0,1609200.0
194,2021-10-22 07:01:19,16500.0,1000.0,1609000.0
195,2021-10-22 07:01:19,16500.0,500.0,1608000.0
196,2021-10-22 07:01:19,16500.0,800.0,1607500.0
197,2021-10-22 07:01:19,16500.0,100.0,1606700.0
198,2021-10-22 07:01:19,16500.0,100.0,1606600.0
199,2021-10-22 07:01:13,16500.0,1200.0,1606500.0
200,2021-10-22 07:00:52,16500.0,100.0,1605300.0
201,2021-10-22 07:00:41,16500.0,600.0,1605200.0
202,2021-10-22 07:00:41,16500.0,400.0,1604600.0
203,2021-10-22 07:00:16,16550.0,200.0,1604200.0
204,2021-10-22 06:59:29,16550.0,1500.0,1604000.0
205,2021-10-22 06:59:21,16550.0,200.0,1602500.0
206,2021-10-22 06:59:13,16550.0,500.0,1602300.0
207,2021-10-22 06:59:02,16550.0,500.0,1601800.0
208,2021-10-22 06:58:14,16550.0,500.0,1601300.0
209,2021-10-22 06:57:36,16550.0,200.0,1600800.0
210,2021-10-22 06:57:36,16550.0,900.0,1600600.0
211,2021-10-22 06:57:22,16550.0,100.0,1599700.0
212,2021-10-22 06:57:22,16550.0,1900.0,1599600.0
213,2021-10-22 06:57:08,16550.0,900.0,1597700.0
214,2021-10-22 06:56:58,16550.0,500.0,1596800.0
215,2021-10-22 06:56:49,16550.0,100.0,1596300.0
216,2021-10-22 06:56:33,16550.0,10000.0,1596200.0
217,2021-10-22 06:56:09,16550.0,200.0,1586200.0
218,2021-10-22 06:55:41,16550.0,500.0,1586000.0
219,2021-10-22 06:55:18,16550.0,1200.0,1585500.0
220,2021-10-22 06:54:50,16550.0,1000.0,1584300.0
221,2021-10-22 06:53:22,16550.0,1200.0,1583300.0
222,2021-10-22 06:52:47,16550.0,2100.0,1582100.0
223,2021-10-22 06:52:47,16550.0,3400.0,1580000.0
224,2021-10-22 06:52:34,16550.0,500.0,1576600.0
225,2021-10-22 06:52:08,16550.0,100.0,1576100.0
226,2021-10-22 06:52:05,16550.0,200.0,1576000.0
227,2021-10-22 06:52:05,16550.0,300.0,1575800.0
228,2021-10-22 06:52:05,16550.0,100.0,1575500.0
229,2021-10-22 06:52:05,16550.0,400.0,1575400.0
230,2021-10-22 06:51:56,16550.0,600.0,1575000.0
231,2021-10-22 06:51:56,16550.0,100.0,1574400.0
232,2021-10-22 06:51:56,16550.0,300.0,1574300.0
233,2021-10-22 06:51:56,16550.0,100.0,1574000.0
234,2021-10-22 06:51:56,16550.0,1000.0,1573900.0
235,2021-10-22 06:51:56,16550.0,2900.0,1572900.0
236,2021-10-22 06:51:53,16550.0,500.0,1570000.0
237,2021-10-22 06:51:49,16550.0,500.0,1569500.0
238,2021-10-22 06:51:48,16550.0,1100.0,1569000.0
239,2021-10-22 06:51:48,16550.0,3900.0,1567900.0
240,2021-10-22 06:51:41,16550.0,1000.0,1564000.0
241,2021-10-22 06:51:14,16550.0,2800.0,1563000.0
242,2021-10-22 06:50:37,16550.0,800.0,1560200.0
243,2021-10-22 06:49:05,16550.0,100.0,1559400.0
244,2021-10-22 06:48:01,16550.0,1000.0,1559300.0
245,2021-10-22 06:47:35,16600.0,200.0,1558300.0
246,2021-10-22 06:47:35,16600.0,100.0,1558100.0
247,2021-10-22 06:47:35,16600.0,800.0,1558000.0
248,2021-10-22 06:47:35,16600.0,2000.0,1557200.0
249,2021-10-22 06:47:35,16600.0,300.0,1555200.0
250,2021-10-22 06:47:35,16600.0,1500.0,1554900.0
251,2021-10-22 06:47:05,16600.0,1800.0,1553400.0
252,2021-10-22 06:46:44,16600.0,1000.0,1551600.0
253,2021-10-22 06:45:52,16600.0,700.0,1550600.0
254,2021-10-22 06:45:37,16650.0,500.0,1549900.0
255,2021-10-22 06:45:28,16650.0,1100.0,1549400.0
256,2021-10-22 06:45:28,16650.0,1000.0,1548300.0
257,2021-10-22 06:45:28,16650.0,1800.0,1547300.0
258,2021-10-22 06:45:28,16650.0,100.0,1545500.0
259,2021-10-22 06:43:43,16600.0,100.0,1545400.0
260,2021-10-22 06:43:43,16600.0,100.0,1545300.0
261,2021-10-22 06:43:21,16550.0,400.0,1545200.0
262,2021-10-22 06:43:21,16550.0,600.0,1544800.0
263,2021-10-22 06:43:21,16550.0,2600.0,1544200.0
264,2021-10-22 06:43:21,16550.0,800.0,1541600.0
265,2021-10-22 06:43:21,16550.0,500.0,1540800.0
266,2021-10-22 06:43:21,16550.0,100.0,1540300.0
267,2021-10-22 06:42:07,16600.0,400.0,1540200.0
268,2021-10-22 06:42:07,16600.0,1800.0,1539800.0
269,2021-10-22 06:42:06,16600.0,400.0,1538000.0
270,2021-10-22 06:41:40,16600.0,400.0,1537600.0
271,2021-10-22 06:41:40,16600.0,1000.0,1537200.0
272,2021-10-22 06:41:40,16600.0,600.0,1536200.0
273,2021-10-22 06:41:16,16600.0,200.0,1535600.0
274,2021-10-22 06:41:16,16600.0,300.0,1535400.0
275,2021-10-22 06:40:24,16600.0,200.0,1535100.0
276,2021-10-22 06:39:24,16600.0,1000.0,1534900.0
277,2021-10-22 06:38:09,16550.0,900.0,1533900.0
278,2021-10-22 06:38:03,16600.0,300.0,1533000.0
279,2021-10-22 06:38:03,16600.0,200.0,1532700.0
280,2021-10-22 06:38:03,16600.0,100.0,1532500.0
281,2021-10-22 06:38:03,16600.0,1000.0,1532400.0
282,2021-10-22 06:38:03,16600.0,100.0,1531400.0
283,2021-10-22 06:38:03,16600.0,200.0,1531300.0
284,2021-10-22 06:38:03,16600.0,100.0,1531100.0
285,2021-10-22 06:36:58,16600.0,500.0,1531000.0
286,2021-10-22 06:36:34,16600.0,2000.0,1530500.0
287,2021-10-22 06:36:34,16600.0,100.0,1528500.0
288,2021-10-22 06:36:34,16600.0,4700.0,1528400.0
289,2021-10-22 06:36:34,16600.0,300.0,1523700.0
290,2021-10-22 06:36:34,16600.0,100.0,1523400.0
291,2021-10-22 06:36:34,16600.0,1000.0,1523300.0
292,2021-10-22 06:36:34,16600.0,100.0,1522300.0
293,2021-10-22 06:36:34,16600.0,1700.0,1522200.0
294,2021-10-22 06:36:26,16600.0,600.0,1520500.0
295,2021-10-22 06:34:18,16600.0,500.0,1519900.0
296,2021-10-22 06:33:54,16600.0,500.0,1519400.0
297,2021-10-22 06:33:31,16600.0,500.0,1518900.0
298,2021-10-22 06:33:18,16600.0,1200.0,1518400.0
299,2021-10-22 06:33:18,16600.0,700.0,1517200.0
300,2021-10-22 06:33:18,16600.0,100.0,1516500.0
301,2021-10-22 06:33:18,16600.0,100.0,1516400.0
302,2021-10-22 06:33:11,16600.0,100.0,1516300.0
303,2021-10-22 06:32:40,16600.0,500.0,1516200.0
304,2021-10-22 06:32:40,16600.0,200.0,1515700.0
305,2021-10-22 06:32:20,16600.0,100.0,1515500.0
306,2021-10-22 06:32:10,16600.0,200.0,1515400.0
307,2021-10-22 06:32:01,16600.0,200.0,1515200.0
308,2021-10-22 06:32:01,16600.0,500.0,1515000.0
309,2021-10-22 06:31:29,16650.0,500.0,1514500.0
310,2021-10-22 06:31:26,16600.0,2500.0,1514000.0
311,2021-10-22 06:31:26,16600.0,300.0,1511500.0
312,2021-10-22 06:31:26,16600.0,100.0,1511200.0
313,2021-10-22 06:31:26,16600.0,100.0,1511100.0
314,2021-10-22 06:31:26,16600.0,500.0,1511000.0
315,2021-10-22 06:31:26,16600.0,500.0,1510500.0
316,2021-10-22 06:31:26,16600.0,400.0,1510000.0
317,2021-10-22 06:31:26,16600.0,1500.0,1509600.0
318,2021-10-22 06:31:26,16600.0,100.0,1508100.0
319,2021-10-22 06:30:56,16650.0,400.0,1508000.0
320,2021-10-22 06:30:31,16650.0,600.0,1507600.0
321,2021-10-22 06:30:07,16650.0,500.0,1507000.0
322,2021-10-22 06:29:57,16650.0,1000.0,1506500.0
323,2021-10-22 06:29:57,16650.0,100.0,1505500.0
324,2021-10-22 06:29:57,16650.0,100.0,1505400.0
325,2021-10-22 06:29:57,16650.0,2000.0,1505300.0
326,2021-10-22 06:29:57,16650.0,100.0,1503300.0
327,2021-10-22 06:28:44,16650.0,900.0,1503200.0
328,2021-10-22 06:28:43,16650.0,400.0,1502300.0
329,2021-10-22 06:28:31,16650.0,500.0,1501900.0
330,2021-10-22 06:28:30,16700.0,100.0,1501400.0
331,2021-10-22 06:28:03,16650.0,2000.0,1501300.0
332,2021-10-22 06:27:55,16650.0,500.0,1499300.0
333,2021-10-22 06:27:49,16650.0,100.0,1498800.0
334,2021-10-22 06:27:11,16650.0,500.0,1498700.0
335,2021-10-22 06:27:11,16650.0,500.0,1498200.0
336,2021-10-22 06:27:11,16650.0,100.0,1497700.0
337,2021-10-22 06:26:46,16650.0,200.0,1497600.0
338,2021-10-22 06:26:35,16650.0,100.0,1497400.0
339,2021-10-22 06:26:03,16650.0,600.0,1497300.0
340,2021-10-22 06:26:03,16650.0,400.0,1496700.0
341,2021-10-22 06:25:57,16650.0,500.0,1496300.0
342,2021-10-22 06:25:51,16600.0,400.0,1495800.0
343,2021-10-22 06:25:51,16600.0,1000.0,1495400.0
344,2021-10-22 06:25:51,16600.0,100.0,1494400.0
345,2021-10-22 06:25:51,16600.0,500.0,1494300.0
346,2021-10-22 06:25:51,16650.0,500.0,1493800.0
347,2021-10-22 06:25:51,16650.0,400.0,1493300.0
348,2021-10-22 06:25:46,16650.0,500.0,1492900.0
349,2021-10-22 06:25:38,16650.0,2000.0,1492400.0
350,2021-10-22 06:25:27,16650.0,100.0,1490400.0
351,2021-10-22 06:25:27,16650.0,1500.0,1490300.0
352,2021-10-22 06:25:27,16650.0,100.0,1488800.0
353,2021-10-22 06:25:10,16700.0,300.0,1488700.0
354,2021-10-22 06:25:10,16700.0,300.0,1488400.0
355,2021-10-22 06:25:10,16700.0,200.0,1488100.0
356,2021-10-22 06:25:10,16700.0,1000.0,1487900.0
357,2021-10-22 06:24:59,16800.0,200.0,1486900.0
358,2021-10-22 06:24:49,16800.0,1000.0,1486700.0
359,2021-10-22 06:24:15,16800.0,5000.0,1485700.0
360,2021-10-22 06:24:15,16800.0,3600.0,1480700.0
361,2021-10-22 06:24:15,16800.0,100.0,1477100.0
362,2021-10-22 06:24:15,16800.0,500.0,1477000.0
363,2021-10-22 06:23:27,16800.0,100.0,1476500.0
364,2021-10-22 06:23:13,16850.0,100.0,1476400.0
365,2021-10-22 06:22:42,16800.0,400.0,1476300.0
366,2021-10-22 06:22:42,16800.0,600.0,1475900.0
367,2021-10-22 06:22:40,16850.0,400.0,1475300.0
368,2021-10-22 06:22:40,16850.0,100.0,1474900.0
369,2021-10-22 06:22:31,16800.0,300.0,1474800.0
370,2021-10-22 06:21:32,16800.0,2100.0,1474500.0
371,2021-10-22 06:21:32,16800.0,1000.0,1472400.0
372,2021-10-22 06:21:32,16800.0,5000.0,1471400.0
373,2021-10-22 06:21:32,16800.0,100.0,1466400.0
374,2021-10-22 06:21:32,16850.0,300.0,1466300.0
375,2021-10-22 06:21:32,16900.0,1500.0,1466000.0
376,2021-10-22 06:21:30,16900.0,1000.0,1464500.0
377,2021-10-22 06:21:14,16850.0,1900.0,1463500.0
378,2021-10-22 06:21:05,16850.0,1200.0,1461600.0
379,2021-10-22 06:21:05,16900.0,900.0,1460400.0
380,2021-10-22 06:21:03,16900.0,800.0,1459500.0
381,2021-10-22 06:21:03,16900.0,100.0,1458700.0
382,2021-10-22 06:21:03,16900.0,3200.0,1458600.0
383,2021-10-22 06:20:50,16900.0,400.0,1455400.0
384,2021-10-22 06:20:18,16900.0,500.0,1455000.0
385,2021-10-22 06:20:18,16900.0,4700.0,1454500.0
386,2021-10-22 06:20:18,16900.0,200.0,1449800.0
387,2021-10-22 06:20:18,16900.0,1000.0,1449600.0
388,2021-10-22 06:20:08,16900.0,1000.0,1448600.0
389,2021-10-22 06:19:51,16900.0,100.0,1447600.0
390,2021-10-22 06:19:51,16900.0,400.0,1447500.0
391,2021-10-22 06:19:47,16900.0,600.0,1447100.0
392,2021-10-22 06:19:47,16900.0,400.0,1446500.0
393,2021-10-22 06:19:32,16900.0,100.0,1446100.0
394,2021-10-22 06:19:19,16900.0,1000.0,1446000.0
395,2021-10-22 06:19:19,16900.0,1000.0,1445000.0
396,2021-10-22 06:19:19,16850.0,100.0,1444000.0
397,2021-10-22 06:18:54,16850.0,200.0,1443900.0
398,2021-10-22 06:18:38,16800.0,1800.0,1443700.0
399,2021-10-22 06:18:10,16800.0,1000.0,1441900.0
400,2021-10-22 06:17:47,16800.0,500.0,1440900.0
401,2021-10-22 06:17:47,16800.0,200.0,1440400.0
402,2021-10-22 06:17:47,16800.0,300.0,1440200.0
403,2021-10-22 06:17:47,16800.0,2000.0,1439900.0
404,2021-10-22 06:17:47,16800.0,900.0,1437900.0
405,2021-10-22 06:17:47,16800.0,500.0,1437000.0
406,2021-10-22 06:17:47,16800.0,1300.0,1436500.0
407,2021-10-22 06:17:47,16700.0,3500.0,1435200.0
408,2021-10-22 06:17:40,16700.0,5900.0,1431700.0
409,2021-10-22 06:17:40,16700.0,600.0,1425800.0
410,2021-10-22 06:17:28,16800.0,700.0,1425200.0
411,2021-10-22 06:17:28,16800.0,1000.0,1424500.0
412,2021-10-22 06:17:28,16800.0,1000.0,1423500.0
413,2021-10-22 06:17:13,16700.0,300.0,1422500.0
414,2021-10-22 06:17:05,16700.0,100.0,1422200.0
415,2021-10-22 06:17:03,16700.0,2000.0,1422100.0
416,2021-10-22 06:16:57,16700.0,1400.0,1420100.0
417,2021-10-22 06:16:57,16700.0,2000.0,1418700.0
418,2021-10-22 06:16:57,16700.0,100.0,1416700.0
419,2021-10-22 06:16:57,16700.0,1000.0,1416600.0
420,2021-10-22 06:16:52,16700.0,4000.0,1415600.0
421,2021-10-22 06:16:40,16650.0,1000.0,1411600.0
422,2021-10-22 06:15:41,16600.0,400.0,1410600.0
423,2021-10-22 06:15:35,16600.0,100.0,1410200.0
424,2021-10-22 06:15:34,16600.0,200.0,1410100.0
425,2021-10-22 06:15:30,16600.0,100.0,1409900.0
426,2021-10-22 06:15:30,16600.0,100.0,1409800.0
427,2021-10-22 06:15:30,16600.0,300.0,1409700.0
428,2021-10-22 06:15:21,16600.0,200.0,1409400.0
429,2021-10-22 06:15:21,16600.0,1000.0,1409200.0
430,2021-10-22 06:15:21,16600.0,2800.0,1408200.0
431,2021-10-22 06:15:18,16600.0,100.0,1405400.0
432,2021-10-22 06:15:05,16600.0,2100.0,1405300.0
433,2021-10-22 06:15:05,16600.0,500.0,1403200.0
434,2021-10-22 06:15:05,16600.0,200.0,1402700.0
435,2021-10-22 06:15:05,16600.0,800.0,1402500.0
436,2021-10-22 06:15:05,16600.0,100.0,1401700.0
437,2021-10-22 06:15:05,16600.0,100.0,1401600.0
438,2021-10-22 06:15:05,16600.0,100.0,1401500.0
439,2021-10-22 06:15:05,16600.0,100.0,1401400.0
440,2021-10-22 06:15:05,16600.0,1000.0,1401300.0
441,2021-10-22 06:14:30,16550.0,4100.0,1400300.0
442,2021-10-22 06:14:25,16550.0,900.0,1396200.0
443,2021-10-22 06:13:45,16500.0,600.0,1395300.0
444,2021-10-22 06:13:43,16500.0,4400.0,1394700.0
445,2021-10-22 06:13:43,16500.0,1000.0,1390300.0
446,2021-10-22 06:13:43,16500.0,300.0,1389300.0
447,2021-10-22 06:13:43,16500.0,300.0,1389000.0
448,2021-10-22 06:13:36,16500.0,200.0,1388700.0
449,2021-10-22 06:13:36,16500.0,1800.0,1388500.0
450,2021-10-22 06:13:33,16500.0,200.0,1386700.0
451,2021-10-22 06:13:33,16500.0,600.0,1386500.0
452,2021-10-22 06:13:33,16500.0,600.0,1385900.0
453,2021-10-22 06:13:33,16500.0,100.0,1385300.0
454,2021-10-22 06:13:33,16500.0,700.0,1385200.0
455,2021-10-22 06:13:33,16500.0,3000.0,1384500.0
456,2021-10-22 06:13:33,16500.0,500.0,1381500.0
457,2021-10-22 06:13:33,16500.0,500.0,1381000.0
458,2021-10-22 06:13:33,16500.0,100.0,1380500.0
459,2021-10-22 06:13:33,16500.0,200.0,1380400.0
460,2021-10-22 06:13:33,16500.0,500.0,1380200.0
461,2021-10-22 06:13:33,16500.0,1400.0,1379700.0
462,2021-10-22 06:13:33,16500.0,500.0,1378300.0
463,2021-10-22 06:13:33,16500.0,100.0,1377800.0
464,2021-10-22 06:13:33,16500.0,5000.0,1377700.0
465,2021-10-22 06:13:33,16500.0,400.0,1372700.0
466,2021-10-22 06:13:33,16500.0,1000.0,1372300.0
467,2021-10-22 06:13:33,16500.0,100.0,1371300.0
468,2021-10-22 06:13:33,16500.0,500.0,1371200.0
469,2021-10-22 06:13:33,16500.0,100.0,1370700.0
470,2021-10-22 06:13:33,16500.0,3000.0,1370600.0
471,2021-10-22 06:13:33,16500.0,900.0,1367600.0
472,2021-10-22 06:13:33,16500.0,200.0,1366700.0
473,2021-10-22 06:13:23,16500.0,100.0,1366500.0
474,2021-10-22 06:13:07,16500.0,200.0,1366400.0
475,2021-10-22 06:12:39,16500.0,600.0,1366200.0
476,2021-10-22 06:12:39,16500.0,500.0,1365600.0
477,2021-10-22 06:12:39,16450.0,200.0,1365100.0
478,2021-10-22 06:12:39,16450.0,100.0,1364900.0
479,2021-10-22 06:12:39,16450.0,100.0,1364800.0
480,2021-10-22 06:12:39,16450.0,100.0,1364700.0
481,2021-10-22 06:12:39,16450.0,400.0,1364600.0
482,2021-10-22 06:12:35,16450.0,2000.0,1364200.0
483,2021-10-22 06:12:20,16450.0,600.0,1362200.0
484,2021-10-22 06:12:20,16450.0,100.0,1361600.0
485,2021-10-22 06:12:20,16450.0,100.0,1361500.0
486,2021-10-22 06:12:09,16450.0,200.0,1361400.0
487,2021-10-22 06:12:04,16450.0,600.0,1361200.0
488,2021-10-22 06:12:04,16450.0,5000.0,1360600.0
489,2021-10-22 06:12:04,16450.0,4400.0,1355600.0
490,2021-10-22 06:11:51,16400.0,100.0,1351200.0
491,2021-10-22 06:11:51,16400.0,400.0,1351100.0
492,2021-10-22 06:11:26,16450.0,100.0,1350700.0
493,2021-10-22 06:11:23,16400.0,100.0,1350600.0
494,2021-10-22 06:11:23,16400.0,200.0,1350500.0
495,2021-10-22 06:11:23,16400.0,2000.0,1350300.0
496,2021-10-22 06:11:23,16400.0,2700.0,1348300.0
497,2021-10-22 06:11:06,16450.0,300.0,1345600.0
498,2021-10-22 06:11:05,16400.0,100.0,1345300.0
499,2021-10-22 06:10:45,16450.0,100.0,1345200.0
500,2021-10-22 06:08:27,16450.0,100.0,1345100.0
501,2021-10-22 06:08:07,16400.0,100.0,1345000.0
502,2021-10-22 06:07:51,16400.0,500.0,1344900.0
503,2021-10-22 06:07:51,16400.0,100.0,1344400.0
504,2021-10-22 06:07:51,16400.0,200.0,1344300.0
505,2021-10-22 06:07:51,16400.0,3000.0,1344100.0
506,2021-10-22 06:07:51,16400.0,300.0,1341100.0
507,2021-10-22 06:07:51,16400.0,200.0,1340800.0
508,2021-10-22 06:07:51,16400.0,1000.0,1340600.0
509,2021-10-22 06:07:51,16400.0,200.0,1339600.0
510,2021-10-22 06:07:51,16400.0,1600.0,1339400.0
511,2021-10-22 06:07:50,16350.0,1400.0,1337800.0
512,2021-10-22 06:07:50,16350.0,1600.0,1336400.0
513,2021-10-22 06:07:48,16400.0,800.0,1334800.0
514,2021-10-22 06:07:33,16400.0,300.0,1334000.0
515,2021-10-22 06:07:29,16400.0,1000.0,1333700.0
516,2021-10-22 06:07:19,16400.0,6300.0,1332700.0
517,2021-10-22 06:07:19,16400.0,700.0,1326400.0
518,2021-10-22 06:07:19,16400.0,2000.0,1325700.0
519,2021-10-22 06:07:19,16400.0,200.0,1323700.0
520,2021-10-22 06:07:19,16400.0,100.0,1323500.0
521,2021-10-22 06:07:19,16400.0,1400.0,1323400.0
522,2021-10-22 06:07:19,16400.0,100.0,1322000.0
523,2021-10-22 06:07:19,16400.0,4000.0,1321900.0
524,2021-10-22 06:07:19,16400.0,500.0,1317900.0
525,2021-10-22 06:07:19,16400.0,1000.0,1317400.0
526,2021-10-22 06:07:19,16400.0,4000.0,1316400.0
527,2021-10-22 06:07:19,16400.0,1000.0,1312400.0
528,2021-10-22 06:07:19,16400.0,100.0,1311400.0
529,2021-10-22 06:07:19,16400.0,3600.0,1311300.0
530,2021-10-22 06:06:39,16350.0,500.0,1307700.0
531,2021-10-22 06:06:39,16400.0,400.0,1307200.0
532,2021-10-22 06:06:00,16400.0,1000.0,1306800.0
533,2021-10-22 06:06:00,16400.0,500.0,1305800.0
534,2021-10-22 06:04:37,16350.0,1000.0,1305300.0
535,2021-10-22 06:04:37,16350.0,100.0,1304300.0
536,2021-10-22 06:04:37,16350.0,200.0,1304200.0
537,2021-10-22 06:04:37,16350.0,100.0,1304000.0
538,2021-10-22 06:04:37,16350.0,300.0,1303900.0
539,2021-10-22 06:04:37,16350.0,1000.0,1303600.0
540,2021-10-22 06:04:37,16350.0,400.0,1302600.0
541,2021-10-22 06:04:25,16350.0,4600.0,1302200.0
542,2021-10-22 06:04:25,16350.0,400.0,1297600.0
543,2021-10-22 06:04:11,16350.0,1500.0,1297200.0
544,2021-10-22 06:03:30,16350.0,1100.0,1295700.0
545,2021-10-22 06:03:30,16350.0,500.0,1294600.0
546,2021-10-22 06:03:30,16350.0,300.0,1294100.0
547,2021-10-22 06:03:30,16300.0,800.0,1293800.0
548,2021-10-22 06:03:30,16300.0,2300.0,1293000.0
549,2021-10-22 06:03:26,16300.0,500.0,1290700.0
550,2021-10-22 06:03:20,16300.0,200.0,1290200.0
551,2021-10-22 06:03:19,16300.0,100.0,1290000.0
552,2021-10-22 06:03:11,16300.0,500.0,1289900.0
553,2021-10-22 06:03:11,16300.0,400.0,1289400.0
554,2021-10-22 06:02:36,16300.0,100.0,1289000.0
555,2021-10-22 06:02:36,16300.0,500.0,1288900.0
556,2021-10-22 06:02:05,16350.0,700.0,1288400.0
557,2021-10-22 06:02:05,16350.0,700.0,1287700.0
558,2021-10-22 06:02:05,16300.0,100.0,1287000.0
559,2021-10-22 06:01:33,16300.0,900.0,1286900.0
560,2021-10-22 06:01:33,16300.0,1000.0,1286000.0
561,2021-10-22 06:01:33,16300.0,100.0,1285000.0
562,2021-10-22 06:01:33,16300.0,100.0,1284900.0
563,2021-10-22 06:01:33,16300.0,100.0,1284800.0
564,2021-10-22 06:01:33,16300.0,1000.0,1284700.0
565,2021-10-22 06:01:33,16300.0,1000.0,1283700.0
566,2021-10-22 06:01:33,16300.0,400.0,1282700.0
567,2021-10-22 06:01:29,16300.0,600.0,1282300.0
568,2021-10-22 06:01:29,16300.0,100.0,1281700.0
569,2021-10-22 06:01:29,16300.0,600.0,1281600.0
570,2021-10-22 06:00:30,16250.0,400.0,1281000.0
571,2021-10-22 06:00:28,16200.0,100.0,1280600.0
572,2021-10-22 06:00:24,16250.0,100.0,1280500.0
573,2021-10-22 06:00:22,16250.0,500.0,1280400.0
574,2021-10-22 06:00:16,16300.0,400.0,1279900.0
575,2021-10-22 06:00:16,16300.0,10000.0,1279500.0
576,2021-10-22 06:00:16,16250.0,4200.0,1269500.0
577,2021-10-22 06:00:16,16250.0,2000.0,1265300.0
578,2021-10-22 06:00:16,16250.0,2000.0,1263300.0
579,2021-10-22 06:00:16,16250.0,200.0,1261300.0
580,2021-10-22 06:00:16,16250.0,200.0,1261100.0
581,2021-10-22 06:00:16,16250.0,100.0,1260900.0
582,2021-10-22 06:00:16,16250.0,900.0,1260800.0
583,2021-10-22 06:00:10,16250.0,1100.0,1259900.0
584,2021-10-22 06:00:10,16250.0,100.0,1258800.0
585,2021-10-22 06:00:10,16250.0,400.0,1258700.0
586,2021-10-22 06:00:10,16250.0,400.0,1258300.0
587,2021-10-22 06:00:04,16250.0,200.0,1257900.0
588,2021-10-22 06:00:03,16250.0,100.0,1257700.0
589,2021-10-22 06:00:02,16250.0,600.0,1257600.0
590,2021-10-22 04:29:43,16250.0,500.0,1257000.0
591,2021-10-22 04:28:33,16250.0,500.0,1256500.0
592,2021-10-22 04:28:30,16250.0,500.0,1256000.0
593,2021-10-22 04:27:40,16250.0,100.0,1255500.0
594,2021-10-22 04:27:12,16250.0,500.0,1255400.0
595,2021-10-22 04:25:57,16200.0,400.0,1254900.0
596,2021-10-22 04:25:57,16200.0,200.0,1254500.0
597,2021-10-22 04:25:57,16200.0,300.0,1254300.0
598,2021-10-22 04:25:57,16200.0,1100.0,1254000.0
599,2021-10-22 04:25:56,16250.0,900.0,1252900.0
600,2021-10-22 04:24:59,16250.0,300.0,1252000.0
601,2021-10-22 04:24:36,16250.0,1000.0,1251700.0
602,2021-10-22 04:23:42,16250.0,400.0,1250700.0
603,2021-10-22 04:22:07,16200.0,1000.0,1250300.0
604,2021-10-22 04:18:43,16200.0,3000.0,1249300.0
605,2021-10-22 04:18:40,16200.0,900.0,1246300.0
606,2021-10-22 04:18:40,16200.0,500.0,1245400.0
607,2021-10-22 04:18:40,16200.0,600.0,1244900.0
608,2021-10-22 04:16:48,16200.0,100.0,1244300.0
609,2021-10-22 04:15:08,16200.0,100.0,1244200.0
610,2021-10-22 04:15:08,16200.0,1000.0,1244100.0
611,2021-10-22 04:15:08,16200.0,200.0,1243100.0
612,2021-10-22 04:15:08,16200.0,200.0,1242900.0
613,2021-10-22 04:15:08,16200.0,2000.0,1242700.0
614,2021-10-22 04:15:08,16200.0,500.0,1240700.0
615,2021-10-22 04:15:08,16200.0,300.0,1240200.0
616,2021-10-22 04:14:50,16250.0,300.0,1239900.0
617,2021-10-22 04:13:22,16250.0,800.0,1239600.0
618,2021-10-22 04:13:11,16200.0,200.0,1238800.0
619,2021-10-22 04:13:11,16200.0,100.0,1238600.0
620,2021-10-22 04:11:56,16250.0,100.0,1238500.0
621,2021-10-22 04:11:56,16250.0,100.0,1238400.0
622,2021-10-22 04:11:56,16250.0,2700.0,1238300.0
623,2021-10-22 04:11:44,16250.0,100.0,1235600.0
624,2021-10-22 04:10:52,16250.0,100.0,1235500.0
625,2021-10-22 04:09:49,16250.0,100.0,1235400.0
626,2021-10-22 04:09:49,16250.0,200.0,1235300.0
627,2021-10-22 04:09:49,16250.0,300.0,1235100.0
628,2021-10-22 04:09:35,16300.0,5000.0,1234800.0
629,2021-10-22 04:09:35,16300.0,100.0,1229800.0
630,2021-10-22 04:09:35,16300.0,300.0,1229700.0
631,2021-10-22 04:09:35,16300.0,300.0,1229400.0
632,2021-10-22 04:08:06,16300.0,1700.0,1229100.0
633,2021-10-22 04:08:06,16300.0,200.0,1227400.0
634,2021-10-22 04:08:06,16300.0,1300.0,1227200.0
635,2021-10-22 04:06:27,16300.0,500.0,1225900.0
636,2021-10-22 04:06:11,16300.0,200.0,1225400.0
637,2021-10-22 04:05:59,16300.0,100.0,1225200.0
638,2021-10-22 04:05:59,16300.0,300.0,1225100.0
639,2021-10-22 04:05:27,16300.0,700.0,1224800.0
640,2021-10-22 04:05:27,16300.0,300.0,1224100.0
641,2021-10-22 04:05:27,16300.0,2000.0,1223800.0
642,2021-10-22 04:05:27,16300.0,100.0,1221800.0
643,2021-10-22 04:05:27,16300.0,1000.0,1221700.0
644,2021-10-22 04:05:27,16300.0,2000.0,1220700.0
645,2021-10-22 04:05:27,16300.0,1000.0,1218700.0
646,2021-10-22 04:05:27,16300.0,100.0,1217700.0
647,2021-10-22 04:05:27,16300.0,100.0,1217600.0
648,2021-10-22 04:05:27,16300.0,100.0,1217500.0
649,2021-10-22 04:05:27,16300.0,1600.0,1217400.0
650,2021-10-22 04:05:27,16300.0,100.0,1215800.0
651,2021-10-22 04:05:27,16300.0,500.0,1215700.0
652,2021-10-22 04:05:27,16300.0,400.0,1215200.0
653,2021-10-22 04:05:26,16300.0,2000.0,1214800.0
654,2021-10-22 04:05:18,16300.0,200.0,1212800.0
655,2021-10-22 04:05:02,16300.0,400.0,1212600.0
656,2021-10-22 04:05:02,16300.0,100.0,1212200.0
657,2021-10-22 04:05:02,16300.0,400.0,1212100.0
658,2021-10-22 04:04:54,16250.0,500.0,1211700.0
659,2021-10-22 04:04:52,16300.0,100.0,1211200.0
660,2021-10-22 04:04:52,16300.0,100.0,1211100.0
661,2021-10-22 04:04:34,16250.0,500.0,1211000.0
662,2021-10-22 04:02:51,16250.0,100.0,1210500.0
663,2021-10-22 04:02:51,16250.0,100.0,1210400.0
664,2021-10-22 04:02:51,16250.0,1300.0,1210300.0
665,2021-10-22 04:02:51,16250.0,2000.0,1209000.0
666,2021-10-22 04:02:51,16250.0,200.0,1207000.0
667,2021-10-22 04:02:51,16250.0,100.0,1206800.0
668,2021-10-22 04:02:35,16250.0,500.0,1206700.0
669,2021-10-22 04:02:35,16250.0,500.0,1206200.0
670,2021-10-22 04:02:19,16200.0,100.0,1205700.0
671,2021-10-22 04:01:53,16200.0,100.0,1205600.0
672,2021-10-22 04:01:20,16200.0,2000.0,1205500.0
673,2021-10-22 04:01:02,16200.0,400.0,1203500.0
674,2021-10-22 04:01:02,16200.0,100.0,1203100.0
675,2021-10-22 04:01:02,16200.0,100.0,1203000.0
676,2021-10-22 04:00:24,16200.0,1400.0,1202900.0
677,2021-10-22 04:00:24,16200.0,400.0,1201500.0
678,2021-10-22 04:00:24,16200.0,2000.0,1201100.0
679,2021-10-22 04:00:24,16200.0,2000.0,1199100.0
680,2021-10-22 04:00:24,16200.0,2000.0,1197100.0
681,2021-10-22 04:00:24,16200.0,100.0,1195100.0
682,2021-10-22 04:00:24,16200.0,200.0,1195000.0
683,2021-10-22 04:00:24,16200.0,1900.0,1194800.0
684,2021-10-22 04:00:06,16150.0,100.0,1192900.0
685,2021-10-22 04:00:03,16150.0,1000.0,1192800.0
686,2021-10-22 03:59:29,16150.0,1000.0,1191800.0
687,2021-10-22 03:59:29,16150.0,3500.0,1190800.0
688,2021-10-22 03:59:29,16150.0,300.0,1187300.0
689,2021-10-22 03:58:07,16150.0,500.0,1187000.0
690,2021-10-22 03:57:41,16150.0,100.0,1186500.0
691,2021-10-22 03:57:38,16150.0,500.0,1186400.0
692,2021-10-22 03:57:38,16150.0,2500.0,1185900.0
693,2021-10-22 03:56:24,16150.0,500.0,1183400.0
694,2021-10-22 03:50:38,16100.0,100.0,1182900.0
695,2021-10-22 03:49:55,16100.0,200.0,1182800.0
696,2021-10-22 03:47:18,16100.0,3900.0,1182600.0
697,2021-10-22 03:47:09,16050.0,2500.0,1178700.0
698,2021-10-22 03:46:57,16100.0,500.0,1176200.0
699,2021-10-22 03:46:57,16100.0,500.0,1175700.0
700,2021-10-22 03:46:57,16100.0,100.0,1175200.0
701,2021-10-22 03:46:54,16100.0,400.0,1175100.0
702,2021-10-22 03:46:54,16100.0,100.0,1174700.0
703,2021-10-22 03:46:54,16100.0,500.0,1174600.0
704,2021-10-22 03:46:49,16150.0,500.0,1174100.0
705,2021-10-22 03:46:34,16150.0,500.0,1173600.0
706,2021-10-22 03:46:05,16150.0,100.0,1173100.0
707,2021-10-22 03:45:46,16150.0,100.0,1173000.0
708,2021-10-22 03:45:46,16150.0,5800.0,1172900.0
709,2021-10-22 03:45:23,16150.0,100.0,1167100.0
710,2021-10-22 03:45:05,16150.0,500.0,1167000.0
711,2021-10-22 03:44:18,16150.0,600.0,1166500.0
712,2021-10-22 03:43:47,16200.0,100.0,1165900.0
713,2021-10-22 03:42:59,16150.0,100.0,1165800.0
714,2021-10-22 03:42:06,16150.0,500.0,1165700.0
715,2021-10-22 03:41:17,16150.0,1000.0,1165200.0
716,2021-10-22 03:41:17,16150.0,500.0,1164200.0
717,2021-10-22 03:40:34,16150.0,1500.0,1163700.0
718,2021-10-22 03:40:34,16150.0,2000.0,1162200.0
719,2021-10-22 03:40:02,16150.0,100.0,1160200.0
720,2021-10-22 03:38:54,16000.0,12900.0,1160100.0
721,2021-10-22 03:38:50,16000.0,1000.0,1147200.0
722,2021-10-22 03:38:47,16000.0,1000.0,1146200.0
723,2021-10-22 03:38:43,16000.0,300.0,1145200.0
724,2021-10-22 03:38:26,16000.0,1000.0,1144900.0
725,2021-10-22 03:38:24,15950.0,100.0,1143900.0
726,2021-10-22 03:38:24,15950.0,4900.0,1143800.0
727,2021-10-22 03:38:23,16000.0,4000.0,1138900.0
728,2021-10-22 03:38:20,15950.0,100.0,1134900.0
729,2021-10-22 03:38:20,15950.0,300.0,1134800.0
730,2021-10-22 03:38:10,16000.0,100.0,1134500.0
731,2021-10-22 03:37:49,16000.0,400.0,1134400.0
732,2021-10-22 03:37:43,16000.0,1000.0,1134000.0
733,2021-10-22 03:37:21,16000.0,100.0,1133000.0
734,2021-10-22 03:37:08,16000.0,300.0,1132900.0
735,2021-10-22 03:37:04,16000.0,1000.0,1132600.0
736,2021-10-22 03:36:57,16000.0,1000.0,1131600.0
737,2021-10-22 03:36:57,16000.0,400.0,1130600.0
738,2021-10-22 03:36:57,16000.0,100.0,1130200.0
739,2021-10-22 03:36:57,16050.0,400.0,1130100.0
740,2021-10-22 03:36:46,16150.0,500.0,1129700.0
741,2021-10-22 03:36:26,16000.0,200.0,1129200.0
742,2021-10-22 03:36:26,16000.0,400.0,1129000.0
743,2021-10-22 03:36:26,16000.0,300.0,1128600.0
744,2021-10-22 03:36:26,16000.0,500.0,1128300.0
745,2021-10-22 03:36:26,16000.0,1000.0,1127800.0
746,2021-10-22 03:36:26,16000.0,7400.0,1126800.0
747,2021-10-22 03:36:26,16000.0,4800.0,1119400.0
748,2021-10-22 03:36:26,16000.0,6000.0,1114600.0
749,2021-10-22 03:36:26,16000.0,1000.0,1108600.0
750,2021-10-22 03:36:26,16000.0,300.0,1107600.0
751,2021-10-22 03:36:26,16000.0,100.0,1107300.0
752,2021-10-22 03:36:26,16000.0,100.0,1107200.0
753,2021-10-22 03:36:26,16000.0,100.0,1107100.0
754,2021-10-22 03:36:26,16000.0,500.0,1107000.0
755,2021-10-22 03:36:26,16000.0,500.0,1106500.0
756,2021-10-22 03:36:26,16000.0,500.0,1106000.0
757,2021-10-22 03:36:26,16000.0,500.0,1105500.0
758,2021-10-22 03:36:26,16000.0,500.0,1105000.0
759,2021-10-22 03:36:26,16000.0,1000.0,1104500.0
760,2021-10-22 03:36:26,16000.0,1000.0,1103500.0
761,2021-10-22 03:36:26,16000.0,100.0,1102500.0
762,2021-10-22 03:36:26,16000.0,100.0,1102400.0
763,2021-10-22 03:36:26,16000.0,200.0,1102300.0
764,2021-10-22 03:36:26,16000.0,300.0,1102100.0
765,2021-10-22 03:36:26,16000.0,500.0,1101800.0
766,2021-10-22 03:36:26,16000.0,200.0,1101300.0
767,2021-10-22 03:36:26,16000.0,100.0,1101100.0
768,2021-10-22 03:36:26,16000.0,2000.0,1101000.0
769,2021-10-22 03:36:26,16000.0,300.0,1099000.0
770,2021-10-22 03:36:26,16000.0,300.0,1098700.0
771,2021-10-22 03:36:26,16000.0,1000.0,1098400.0
772,2021-10-22 03:36:26,16000.0,100.0,1097400.0
773,2021-10-22 03:36:26,16000.0,10000.0,1097300.0
774,2021-10-22 03:36:26,16000.0,500.0,1087300.0
775,2021-10-22 03:36:26,16000.0,300.0,1086800.0
776,2021-10-22 03:36:26,16000.0,1000.0,1086500.0
777,2021-10-22 03:36:26,16000.0,100.0,1085500.0
778,2021-10-22 03:36:26,16000.0,100.0,1085400.0
779,2021-10-22 03:36:26,16050.0,1100.0,1085300.0
780,2021-10-22 03:36:10,16050.0,3900.0,1084200.0
781,2021-10-22 03:36:10,16050.0,200.0,1080300.0
782,2021-10-22 03:36:10,16050.0,1000.0,1080100.0
783,2021-10-22 03:36:10,16050.0,100.0,1079100.0
784,2021-10-22 03:36:10,16050.0,100.0,1079000.0
785,2021-10-22 03:36:10,16050.0,200.0,1078900.0
786,2021-10-22 03:36:10,16050.0,100.0,1078700.0
787,2021-10-22 03:36:10,16050.0,100.0,1078600.0
788,2021-10-22 03:36:10,16050.0,5000.0,1078500.0
789,2021-10-22 03:36:10,16050.0,400.0,1073500.0
790,2021-10-22 03:36:10,16100.0,1000.0,1073100.0
791,2021-10-22 03:36:10,16100.0,2000.0,1072100.0
792,2021-10-22 03:36:10,16100.0,500.0,1070100.0
793,2021-10-22 03:36:10,16100.0,400.0,1069600.0
794,2021-10-22 03:36:10,16100.0,100.0,1069200.0
795,2021-10-22 03:36:10,16100.0,200.0,1069100.0
796,2021-10-22 03:36:10,16100.0,2800.0,1068900.0
797,2021-10-22 03:36:10,16150.0,1000.0,1066100.0
798,2021-10-22 03:36:10,16150.0,900.0,1065100.0
799,2021-10-22 03:34:29,16150.0,100.0,1064200.0
800,2021-10-22 03:34:29,16150.0,100.0,1064100.0
801,2021-10-22 03:34:15,16150.0,100.0,1064000.0
802,2021-10-22 03:34:15,16150.0,100.0,1063900.0
803,2021-10-22 03:32:25,16150.0,1100.0,1063800.0
804,2021-10-22 03:32:25,16150.0,100.0,1062700.0
805,2021-10-22 03:32:25,16150.0,600.0,1062600.0
806,2021-10-22 03:32:25,16150.0,200.0,1062000.0
807,2021-10-22 03:32:14,16150.0,200.0,1061800.0
808,2021-10-22 03:30:30,16250.0,200.0,1061600.0
809,2021-10-22 03:30:30,16200.0,500.0,1061400.0
810,2021-10-22 03:30:30,16200.0,2000.0,1060900.0
811,2021-10-22 03:30:30,16200.0,200.0,1058900.0
812,2021-10-22 03:30:30,16200.0,100.0,1058700.0
813,2021-10-22 03:30:30,16200.0,1000.0,1058600.0
814,2021-10-22 03:30:30,16200.0,100.0,1057600.0
815,2021-10-22 03:30:30,16200.0,1900.0,1057500.0
816,2021-10-22 03:29:30,16150.0,100.0,1055600.0
817,2021-10-22 03:29:23,16150.0,300.0,1055500.0
818,2021-10-22 03:29:04,16150.0,1000.0,1055200.0
819,2021-10-22 03:29:00,16150.0,100.0,1054200.0
820,2021-10-22 03:28:52,16150.0,1200.0,1054100.0
821,2021-10-22 03:28:31,16150.0,300.0,1052900.0
822,2021-10-22 03:28:30,16150.0,500.0,1052600.0
823,2021-10-22 03:28:03,16150.0,500.0,1052100.0
824,2021-10-22 03:28:03,16150.0,4000.0,1051600.0
825,2021-10-22 03:27:54,16150.0,1000.0,1047600.0
826,2021-10-22 03:25:59,16100.0,500.0,1046600.0
827,2021-10-22 03:25:59,16100.0,100.0,1046100.0
828,2021-10-22 03:25:59,16100.0,300.0,1046000.0
829,2021-10-22 03:25:59,16100.0,6300.0,1045700.0
830,2021-10-22 03:25:50,16100.0,3000.0,1039400.0
831,2021-10-22 03:25:34,16100.0,700.0,1036400.0
832,2021-10-22 03:25:34,16100.0,300.0,1035700.0
833,2021-10-22 03:24:33,16050.0,1900.0,1035400.0
834,2021-10-22 03:24:03,16050.0,2600.0,1033500.0
835,2021-10-22 03:23:52,16050.0,100.0,1030900.0
836,2021-10-22 03:22:19,16000.0,400.0,1030800.0
837,2021-10-22 03:22:19,16000.0,100.0,1030400.0
838,2021-10-22 03:22:19,16000.0,300.0,1030300.0
839,2021-10-22 03:22:19,16000.0,200.0,1030000.0
840,2021-10-22 03:21:52,16000.0,100.0,1029800.0
841,2021-10-22 03:21:35,16000.0,200.0,1029700.0
842,2021-10-22 03:21:35,16000.0,1300.0,1029500.0
843,2021-10-22 03:21:35,16000.0,10000.0,1028200.0
844,2021-10-22 03:21:35,16000.0,1000.0,1018200.0
845,2021-10-22 03:21:35,16000.0,10000.0,1017200.0
846,2021-10-22 03:21:35,16000.0,1000.0,1007200.0
847,2021-10-22 03:21:35,16000.0,20100.0,1006200.0
848,2021-10-22 03:21:35,16000.0,200.0,986100.0
849,2021-10-22 03:21:35,16000.0,3000.0,985900.0
850,2021-10-22 03:21:35,16000.0,1000.0,982900.0
851,2021-10-22 03:21:35,16000.0,400.0,981900.0
852,2021-10-22 03:21:35,16000.0,5000.0,981500.0
853,2021-10-22 03:21:35,16000.0,1000.0,976500.0
854,2021-10-22 03:21:35,16000.0,200.0,975500.0
855,2021-10-22 03:21:35,16000.0,100.0,975300.0
856,2021-10-22 03:21:35,16000.0,1000.0,975200.0
857,2021-10-22 03:21:35,16000.0,100.0,974200.0
858,2021-10-22 03:21:35,16000.0,200.0,974100.0
859,2021-10-22 03:21:35,16000.0,200.0,973900.0
860,2021-10-22 03:21:35,16000.0,1300.0,973700.0
861,2021-10-22 03:21:35,16000.0,200.0,972400.0
862,2021-10-22 03:21:35,16000.0,2000.0,972200.0
863,2021-10-22 03:21:35,16000.0,2000.0,970200.0
864,2021-10-22 03:21:35,16000.0,300.0,968200.0
865,2021-10-22 03:21:35,16000.0,500.0,967900.0
866,2021-10-22 03:21:35,16000.0,2000.0,967400.0
867,2021-10-22 03:21:35,16000.0,100.0,965400.0
868,2021-10-22 03:21:35,16000.0,100.0,965300.0
869,2021-10-22 03:21:35,16000.0,500.0,965200.0
870,2021-10-22 03:21:35,16000.0,500.0,964700.0
871,2021-10-22 03:21:35,16000.0,200.0,964200.0
872,2021-10-22 03:21:35,16000.0,100.0,964000.0
873,2021-10-22 03:21:35,16000.0,100.0,963900.0
874,2021-10-22 03:21:35,16000.0,3000.0,963800.0
875,2021-10-22 03:21:35,16000.0,200.0,960800.0
876,2021-10-22 03:21:35,16000.0,2000.0,960600.0
877,2021-10-22 03:21:35,16000.0,2400.0,958600.0
878,2021-10-22 03:21:35,16000.0,2000.0,956200.0
879,2021-10-22 03:21:35,16000.0,1200.0,954200.0
880,2021-10-22 03:21:35,16000.0,5000.0,953000.0
881,2021-10-22 03:21:35,16000.0,100.0,948000.0
882,2021-10-22 03:21:35,16000.0,300.0,947900.0
883,2021-10-22 03:21:35,16000.0,200.0,947600.0
884,2021-10-22 03:21:35,16000.0,300.0,947400.0
885,2021-10-22 03:21:35,16000.0,200.0,947100.0
886,2021-10-22 03:21:35,16000.0,100.0,946900.0
887,2021-10-22 03:21:35,16000.0,1000.0,946800.0
888,2021-10-22 03:21:35,16000.0,500.0,945800.0
889,2021-10-22 03:21:35,16050.0,1000.0,945300.0
890,2021-10-22 03:21:35,16050.0,3000.0,944300.0
891,2021-10-22 03:21:35,16050.0,100.0,941300.0
892,2021-10-22 03:21:35,16050.0,3100.0,941200.0
893,2021-10-22 03:21:24,16050.0,5900.0,938100.0
894,2021-10-22 03:19:20,16000.0,500.0,932200.0
895,2021-10-22 03:19:20,16000.0,500.0,931700.0
896,2021-10-22 03:19:20,16000.0,1000.0,931200.0
897,2021-10-22 03:19:20,16000.0,1000.0,930200.0
898,2021-10-22 03:19:20,16000.0,200.0,929200.0
899,2021-10-22 03:19:20,16000.0,100.0,929000.0
900,2021-10-22 03:19:20,16000.0,200.0,928900.0
901,2021-10-22 03:19:20,16000.0,1000.0,928700.0
902,2021-10-22 03:19:20,16000.0,300.0,927700.0
903,2021-10-22 03:19:20,16000.0,500.0,927400.0
904,2021-10-22 03:19:20,16000.0,200.0,926900.0
905,2021-10-22 03:19:20,16000.0,1500.0,926700.0
906,2021-10-22 03:19:20,16000.0,500.0,925200.0
907,2021-10-22 03:19:20,16000.0,500.0,924700.0
908,2021-10-22 03:19:20,16000.0,100.0,924200.0
909,2021-10-22 03:19:20,16000.0,200.0,924100.0
910,2021-10-22 03:19:20,16000.0,1700.0,923900.0
911,2021-10-22 03:19:19,16000.0,1500.0,922200.0
912,2021-10-22 03:18:44,16100.0,500.0,920700.0
913,2021-10-22 03:18:40,16000.0,6800.0,920200.0
914,2021-10-22 03:18:40,16000.0,100.0,913400.0
915,2021-10-22 03:18:40,16000.0,400.0,913300.0
916,2021-10-22 03:18:40,16000.0,200.0,912900.0
917,2021-10-22 03:18:40,16000.0,800.0,912700.0
918,2021-10-22 03:18:40,16000.0,100.0,911900.0
919,2021-10-22 03:18:40,16000.0,1000.0,911800.0
920,2021-10-22 03:18:40,16000.0,500.0,910800.0
921,2021-10-22 03:18:40,16050.0,100.0,910300.0
922,2021-10-22 03:18:40,16050.0,200.0,910200.0
923,2021-10-22 03:18:32,16100.0,100.0,910000.0
924,2021-10-22 03:17:55,16100.0,100.0,909900.0
925,2021-10-22 03:17:32,16050.0,1000.0,909800.0
926,2021-10-22 03:17:32,16050.0,1000.0,908800.0
927,2021-10-22 03:17:32,16050.0,2700.0,907800.0
928,2021-10-22 03:17:30,16000.0,200.0,905100.0
929,2021-10-22 03:17:14,16050.0,800.0,904900.0
930,2021-10-22 03:17:12,16050.0,100.0,904100.0
931,2021-10-22 03:17:08,16050.0,1000.0,904000.0
932,2021-10-22 03:16:59,16050.0,800.0,903000.0
933,2021-10-22 03:16:47,16050.0,100.0,902200.0
934,2021-10-22 03:16:46,16050.0,300.0,902100.0
935,2021-10-22 03:16:34,16050.0,1000.0,901800.0
936,2021-10-22 03:16:08,16050.0,1000.0,900800.0
937,2021-10-22 03:16:02,16050.0,2000.0,899800.0
938,2021-10-22 03:15:30,16050.0,2900.0,897800.0
939,2021-10-22 03:15:25,16050.0,1000.0,894900.0
940,2021-10-22 03:15:15,16050.0,5000.0,893900.0
941,2021-10-22 03:15:12,16050.0,400.0,888900.0
942,2021-10-22 03:15:10,16050.0,400.0,888500.0
943,2021-10-22 03:15:10,16050.0,300.0,888100.0
944,2021-10-22 03:14:50,16000.0,100.0,887800.0
945,2021-10-22 03:14:50,16000.0,200.0,887700.0
946,2021-10-22 03:14:50,16000.0,200.0,887500.0
947,2021-10-22 03:14:46,16000.0,1800.0,887300.0
948,2021-10-22 03:14:46,16000.0,600.0,885500.0
949,2021-10-22 03:14:42,16050.0,700.0,884900.0
950,2021-10-22 03:14:03,16000.0,9400.0,884200.0
951,2021-10-22 03:14:03,16000.0,200.0,874800.0
952,2021-10-22 03:14:03,16000.0,500.0,874600.0
953,2021-10-22 03:14:03,16000.0,1000.0,874100.0
954,2021-10-22 03:14:03,16000.0,5000.0,873100.0
955,2021-10-22 03:14:03,16000.0,2000.0,868100.0
956,2021-10-22 03:14:03,16000.0,100.0,866100.0
957,2021-10-22 03:14:03,16000.0,1000.0,866000.0
958,2021-10-22 03:14:03,16000.0,5000.0,865000.0
959,2021-10-22 03:14:03,16000.0,4200.0,860000.0
960,2021-10-22 03:14:03,16050.0,200.0,855800.0
961,2021-10-22 03:14:03,16050.0,300.0,855600.0
962,2021-10-22 03:14:03,16050.0,10000.0,855300.0
963,2021-10-22 03:14:03,16050.0,900.0,845300.0
964,2021-10-22 03:13:55,16050.0,100.0,844400.0
965,2021-10-22 03:13:55,16050.0,400.0,844300.0
966,2021-10-22 03:13:38,16050.0,100.0,843900.0
967,2021-10-22 03:12:54,16050.0,5000.0,843800.0
968,2021-10-22 03:12:42,16050.0,3000.0,838800.0
969,2021-10-22 03:12:38,16050.0,1500.0,835800.0
970,2021-10-22 03:12:38,16050.0,500.0,834300.0
971,2021-10-22 03:11:46,16000.0,1100.0,833800.0
972,2021-10-22 03:11:46,16000.0,500.0,832700.0
973,2021-10-22 03:11:46,16000.0,500.0,832200.0
974,2021-10-22 03:11:46,16000.0,100.0,831700.0
975,2021-10-22 03:11:46,16000.0,1000.0,831600.0
976,2021-10-22 03:11:46,16000.0,1000.0,830600.0
977,2021-10-22 03:11:46,16000.0,200.0,829600.0
978,2021-10-22 03:11:46,16000.0,1000.0,829400.0
979,2021-10-22 03:11:46,16000.0,500.0,828400.0
980,2021-10-22 03:11:46,16000.0,1000.0,827900.0
981,2021-10-22 03:11:46,16000.0,300.0,826900.0
982,2021-10-22 03:11:46,16000.0,300.0,826600.0
983,2021-10-22 03:11:46,16000.0,200.0,826300.0
984,2021-10-22 03:11:46,16000.0,800.0,826100.0
985,2021-10-22 03:11:46,16000.0,200.0,825300.0
986,2021-10-22 03:11:46,16000.0,500.0,825100.0
987,2021-10-22 03:11:46,16000.0,300.0,824600.0
988,2021-10-22 03:11:46,16000.0,500.0,824300.0
989,2021-10-22 03:11:46,16000.0,500.0,823800.0
990,2021-10-22 03:11:46,16000.0,1000.0,823300.0
991,2021-10-22 03:11:46,16000.0,400.0,822300.0
992,2021-10-22 03:11:46,16050.0,1800.0,821900.0
993,2021-10-22 03:11:46,16050.0,1000.0,820100.0
994,2021-10-22 03:11:46,16050.0,100.0,819100.0
995,2021-10-22 03:11:46,16050.0,10000.0,819000.0
996,2021-10-22 03:11:46,16050.0,200.0,809000.0
997,2021-10-22 03:11:46,16050.0,4000.0,808800.0
998,2021-10-22 03:11:17,16050.0,2000.0,804800.0
999,2021-10-22 03:11:16,16050.0,500.0,802800.0
1000,2021-10-22 03:11:14,16050.0,200.0,802300.0
1001,2021-10-22 03:11:08,16050.0,10000.0,802100.0
1002,2021-10-22 03:11:08,16050.0,500.0,792100.0
1003,2021-10-22 03:11:05,16050.0,600.0,791600.0
1004,2021-10-22 03:10:55,16050.0,2200.0,791000.0
1005,2021-10-22 03:10:55,16050.0,200.0,788800.0
1006,2021-10-22 03:10:55,16050.0,7600.0,788600.0
1007,2021-10-22 03:10:45,16100.0,100.0,781000.0
1008,2021-10-22 03:10:42,16050.0,400.0,780900.0
1009,2021-10-22 03:10:42,16050.0,100.0,780500.0
1010,2021-10-22 03:10:42,16050.0,300.0,780400.0
1011,2021-10-22 03:10:42,16050.0,200.0,780100.0
1012,2021-10-22 03:10:42,16050.0,100.0,779900.0
1013,2021-10-22 03:10:25,16100.0,600.0,779800.0
1014,2021-10-22 03:10:25,16100.0,1000.0,779200.0
1015,2021-10-22 03:09:49,16100.0,300.0,778200.0
1016,2021-10-22 03:09:48,16100.0,100.0,777900.0
1017,2021-10-22 03:09:48,16100.0,200.0,777800.0
1018,2021-10-22 03:09:48,16100.0,500.0,777600.0
1019,2021-10-22 03:09:48,16100.0,10000.0,777100.0
1020,2021-10-22 03:09:48,16100.0,1500.0,767100.0
1021,2021-10-22 03:09:48,16100.0,1000.0,765600.0
1022,2021-10-22 03:09:48,16100.0,500.0,764600.0
1023,2021-10-22 03:09:48,16100.0,100.0,764100.0
1024,2021-10-22 03:09:48,16100.0,3000.0,764000.0
1025,2021-10-22 03:09:48,16100.0,300.0,761000.0
1026,2021-10-22 03:09:48,16100.0,100.0,760700.0
1027,2021-10-22 03:09:48,16100.0,100.0,760600.0
1028,2021-10-22 03:09:48,16100.0,3000.0,760500.0
1029,2021-10-22 03:09:48,16100.0,100.0,757500.0
1030,2021-10-22 03:09:48,16100.0,1000.0,757400.0
1031,2021-10-22 03:09:48,16100.0,2200.0,756400.0
1032,2021-10-22 03:09:46,16150.0,100.0,754200.0
1033,2021-10-22 03:09:21,16100.0,1000.0,754100.0
1034,2021-10-22 03:08:28,16150.0,800.0,753100.0
1035,2021-10-22 03:07:56,16100.0,800.0,752300.0
1036,2021-10-22 03:07:56,16150.0,500.0,751500.0
1037,2021-10-22 03:07:56,16150.0,1200.0,751000.0
1038,2021-10-22 03:07:34,16150.0,400.0,749800.0
1039,2021-10-22 03:07:27,16150.0,200.0,749400.0
1040,2021-10-22 03:07:27,16150.0,100.0,749200.0
1041,2021-10-22 03:07:27,16150.0,3100.0,749100.0
1042,2021-10-22 03:07:14,16150.0,200.0,746000.0
1043,2021-10-22 03:06:50,16150.0,800.0,745800.0
1044,2021-10-22 03:06:41,16150.0,400.0,745000.0
1045,2021-10-22 03:06:28,16150.0,100.0,744600.0
1046,2021-10-22 03:05:57,16150.0,100.0,744500.0
1047,2021-10-22 03:05:29,16150.0,2300.0,744400.0
1048,2021-10-22 03:05:20,16150.0,2000.0,742100.0
1049,2021-10-22 03:04:59,16150.0,1000.0,740100.0
1050,2021-10-22 03:04:59,16150.0,200.0,739100.0
1051,2021-10-22 03:04:59,16150.0,500.0,738900.0
1052,2021-10-22 03:04:59,16150.0,500.0,738400.0
1053,2021-10-22 03:04:59,16150.0,500.0,737900.0
1054,2021-10-22 03:04:59,16150.0,2000.0,737400.0
1055,2021-10-22 03:04:18,16100.0,200.0,735400.0
1056,2021-10-22 03:04:18,16100.0,500.0,735200.0
1057,2021-10-22 03:04:06,16150.0,100.0,734700.0
1058,2021-10-22 03:02:45,16150.0,300.0,734600.0
1059,2021-10-22 03:02:31,16150.0,100.0,734300.0
1060,2021-10-22 03:01:02,16150.0,3500.0,734200.0
1061,2021-10-22 03:00:53,16200.0,600.0,730700.0
1062,2021-10-22 03:00:39,16200.0,500.0,730100.0
1063,2021-10-22 03:00:30,16200.0,100.0,729600.0
1064,2021-10-22 03:00:19,16200.0,500.0,729500.0
1065,2021-10-22 02:59:38,16200.0,3400.0,729000.0
1066,2021-10-22 02:59:38,16200.0,1300.0,725600.0
1067,2021-10-22 02:59:16,16150.0,1500.0,724300.0
1068,2021-10-22 02:59:16,16150.0,500.0,722800.0
1069,2021-10-22 02:58:54,16200.0,200.0,722300.0
1070,2021-10-22 02:57:36,16200.0,1000.0,722100.0
1071,2021-10-22 02:57:36,16200.0,500.0,721100.0
1072,2021-10-22 02:56:55,16300.0,500.0,720600.0
1073,2021-10-22 02:56:55,16300.0,100.0,720100.0
1074,2021-10-22 02:56:55,16300.0,300.0,720000.0
1075,2021-10-22 02:56:32,16300.0,1000.0,719700.0
1076,2021-10-22 02:56:32,16250.0,900.0,718700.0
1077,2021-10-22 02:56:32,16250.0,100.0,717800.0
1078,2021-10-22 02:56:32,16250.0,100.0,717700.0
1079,2021-10-22 02:56:32,16200.0,2000.0,717600.0
1080,2021-10-22 02:56:32,16200.0,500.0,715600.0
1081,2021-10-22 02:56:32,16200.0,5000.0,715100.0
1082,2021-10-22 02:56:32,16200.0,200.0,710100.0
1083,2021-10-22 02:56:32,16200.0,200.0,709900.0
1084,2021-10-22 02:56:17,16100.0,300.0,709700.0
1085,2021-10-22 02:55:50,16050.0,200.0,709400.0
1086,2021-10-22 02:55:50,16050.0,100.0,709200.0
1087,2021-10-22 02:55:48,16100.0,1000.0,709100.0
1088,2021-10-22 02:55:45,16100.0,1000.0,708100.0
1089,2021-10-22 02:55:32,16000.0,1000.0,707100.0
1090,2021-10-22 02:55:32,16050.0,200.0,706100.0
1091,2021-10-22 02:55:27,16050.0,1800.0,705900.0
1092,2021-10-22 02:55:24,16050.0,100.0,704100.0
1093,2021-10-22 02:55:10,16050.0,2100.0,704000.0
1094,2021-10-22 02:54:53,16000.0,1700.0,701900.0
1095,2021-10-22 02:54:33,16000.0,1900.0,700200.0
1096,2021-10-22 02:54:33,16000.0,800.0,698300.0
1097,2021-10-22 02:54:33,16000.0,200.0,697500.0
1098,2021-10-22 02:54:33,16000.0,3000.0,697300.0
1099,2021-10-22 02:54:33,16000.0,500.0,694300.0
1100,2021-10-22 02:54:33,16000.0,300.0,693800.0
1101,2021-10-22 02:54:33,16000.0,1000.0,693500.0
1102,2021-10-22 02:54:33,16000.0,1000.0,692500.0
1103,2021-10-22 02:54:33,16050.0,100.0,691500.0
1104,2021-10-22 02:54:33,16050.0,15000.0,691400.0
1105,2021-10-22 02:54:33,16050.0,1000.0,676400.0
1106,2021-10-22 02:54:33,16050.0,100.0,675400.0
1107,2021-10-22 02:54:33,16050.0,200.0,675300.0
1108,2021-10-22 02:54:33,16050.0,100.0,675100.0
1109,2021-10-22 02:54:33,16050.0,500.0,675000.0
1110,2021-10-22 02:54:33,16050.0,3000.0,674500.0
1111,2021-10-22 02:54:33,16050.0,1300.0,671500.0
1112,2021-10-22 02:54:30,16100.0,200.0,670200.0
1113,2021-10-22 02:54:12,16100.0,200.0,670000.0
1114,2021-10-22 02:54:07,16100.0,100.0,669800.0
1115,2021-10-22 02:53:59,16100.0,500.0,669700.0
1116,2021-10-22 02:53:34,16050.0,700.0,669200.0
1117,2021-10-22 02:53:32,16100.0,800.0,668500.0
1118,2021-10-22 02:53:32,16100.0,100.0,667700.0
1119,2021-10-22 02:53:32,16100.0,100.0,667600.0
1120,2021-10-22 02:52:47,16050.0,2000.0,667500.0
1121,2021-10-22 02:52:47,16050.0,1000.0,665500.0
1122,2021-10-22 02:52:47,16000.0,15000.0,664500.0
1123,2021-10-22 02:52:47,16000.0,200.0,649500.0
1124,2021-10-22 02:52:47,16000.0,1000.0,649300.0
1125,2021-10-22 02:52:47,16000.0,100.0,648300.0
1126,2021-10-22 02:52:47,16000.0,200.0,648200.0
1127,2021-10-22 02:52:47,16000.0,100.0,648000.0
1128,2021-10-22 02:52:47,16000.0,200.0,647900.0
1129,2021-10-22 02:52:47,16000.0,400.0,647700.0
1130,2021-10-22 02:52:47,16000.0,100.0,647300.0
1131,2021-10-22 02:52:47,16000.0,100.0,647200.0
1132,2021-10-22 02:52:47,16000.0,500.0,647100.0
1133,2021-10-22 02:52:47,16000.0,300.0,646600.0
1134,2021-10-22 02:52:47,16000.0,200.0,646300.0
1135,2021-10-22 02:52:42,16000.0,200.0,646100.0
1136,2021-10-22 02:52:32,16000.0,2800.0,645900.0
1137,2021-10-22 02:52:23,16000.0,200.0,643100.0
1138,2021-10-22 02:52:15,16000.0,500.0,642900.0
1139,2021-10-22 02:52:14,16000.0,6100.0,642400.0
1140,2021-10-22 02:52:14,16000.0,100.0,636300.0
1141,2021-10-22 02:52:14,16000.0,500.0,636200.0
1142,2021-10-22 02:52:14,16000.0,900.0,635700.0
1143,2021-10-22 02:52:14,16000.0,300.0,634800.0
1144,2021-10-22 02:52:14,16000.0,1000.0,634500.0
1145,2021-10-22 02:52:14,16000.0,1000.0,633500.0
1146,2021-10-22 02:52:14,16000.0,2000.0,632500.0
1147,2021-10-22 02:52:14,16000.0,500.0,630500.0
1148,2021-10-22 02:52:14,16000.0,800.0,630000.0
1149,2021-10-22 02:52:14,16000.0,300.0,629200.0
1150,2021-10-22 02:52:14,16000.0,400.0,628900.0
1151,2021-10-22 02:52:14,16000.0,1400.0,628500.0
1152,2021-10-22 02:52:14,16000.0,200.0,627100.0
1153,2021-10-22 02:52:14,16000.0,100.0,626900.0
1154,2021-10-22 02:52:14,16000.0,1400.0,626800.0
1155,2021-10-22 02:52:14,16000.0,2000.0,625400.0
1156,2021-10-22 02:52:14,16000.0,1000.0,623400.0
1157,2021-10-22 02:52:06,16000.0,100.0,622400.0
1158,2021-10-22 02:51:56,16050.0,2000.0,622300.0
1159,2021-10-22 02:51:56,16050.0,100.0,620300.0
1160,2021-10-22 02:51:56,16050.0,500.0,620200.0
1161,2021-10-22 02:51:56,16050.0,400.0,619700.0
1162,2021-10-22 02:51:49,16050.0,100.0,619300.0
1163,2021-10-22 02:51:49,16050.0,500.0,619200.0
1164,2021-10-22 02:51:12,16100.0,100.0,618700.0
1165,2021-10-22 02:50:57,16100.0,200.0,618600.0
1166,2021-10-22 02:50:40,16100.0,100.0,618400.0
1167,2021-10-22 02:50:31,16100.0,500.0,618300.0
1168,2021-10-22 02:50:31,16100.0,400.0,617800.0
1169,2021-10-22 02:50:23,16100.0,1900.0,617400.0
1170,2021-10-22 02:50:07,16100.0,100.0,615500.0
1171,2021-10-22 02:49:51,16100.0,100.0,615400.0
1172,2021-10-22 02:49:50,16100.0,2000.0,615300.0
1173,2021-10-22 02:49:33,16100.0,2600.0,613300.0
1174,2021-10-22 02:49:12,16100.0,100.0,610700.0
1175,2021-10-22 02:49:06,16100.0,1000.0,610600.0
1176,2021-10-22 02:48:55,16100.0,100.0,609600.0
1177,2021-10-22 02:48:53,16100.0,1000.0,609500.0
1178,2021-10-22 02:48:43,16100.0,300.0,608500.0
1179,2021-10-22 02:48:22,16100.0,200.0,608200.0
1180,2021-10-22 02:48:22,16100.0,1000.0,608000.0
1181,2021-10-22 02:48:22,16100.0,2400.0,607000.0
1182,2021-10-22 02:48:22,16100.0,7500.0,604600.0
1183,2021-10-22 02:48:21,16250.0,100.0,597100.0
1184,2021-10-22 02:48:21,16200.0,200.0,597000.0
1185,2021-10-22 02:48:21,16200.0,200.0,596800.0
1186,2021-10-22 02:48:12,16200.0,500.0,596600.0
1187,2021-10-22 02:48:12,16200.0,300.0,596100.0
1188,2021-10-22 02:47:57,16200.0,500.0,595800.0
1189,2021-10-22 02:47:57,16200.0,100.0,595300.0
1190,2021-10-22 02:47:57,16200.0,5000.0,595200.0
1191,2021-10-22 02:47:57,16200.0,1000.0,590200.0
1192,2021-10-22 02:47:57,16200.0,200.0,589200.0
1193,2021-10-22 02:47:57,16200.0,200.0,589000.0
1194,2021-10-22 02:47:47,16250.0,1100.0,588800.0
1195,2021-10-22 02:47:27,16250.0,200.0,587700.0
1196,2021-10-22 02:47:20,16250.0,1300.0,587500.0
1197,2021-10-22 02:47:14,16250.0,400.0,586200.0
1198,2021-10-22 02:47:07,16250.0,100.0,585800.0
1199,2021-10-22 02:46:50,16250.0,500.0,585700.0
1200,2021-10-22 02:46:43,16100.0,2300.0,585200.0
1201,2021-10-22 02:46:43,16100.0,2000.0,582900.0
1202,2021-10-22 02:46:43,16100.0,200.0,580900.0
1203,2021-10-22 02:46:43,16100.0,200.0,580700.0
1204,2021-10-22 02:46:43,16100.0,2100.0,580500.0
1205,2021-10-22 02:46:43,16100.0,100.0,578400.0
1206,2021-10-22 02:46:43,16100.0,100.0,578300.0
1207,2021-10-22 02:46:43,16100.0,400.0,578200.0
1208,2021-10-22 02:46:43,16100.0,500.0,577800.0
1209,2021-10-22 02:46:43,16200.0,500.0,577300.0
1210,2021-10-22 02:46:43,16200.0,1000.0,576800.0
1211,2021-10-22 02:46:43,16200.0,200.0,575800.0
1212,2021-10-22 02:46:43,16200.0,400.0,575600.0
1213,2021-10-22 02:46:35,16200.0,200.0,575200.0
1214,2021-10-22 02:46:31,16250.0,200.0,575000.0
1215,2021-10-22 02:46:31,16250.0,200.0,574800.0
1216,2021-10-22 02:46:14,16250.0,300.0,574600.0
1217,2021-10-22 02:45:43,16250.0,100.0,574300.0
1218,2021-10-22 02:45:39,16300.0,700.0,574200.0
1219,2021-10-22 02:45:39,16300.0,300.0,573500.0
1220,2021-10-22 02:45:17,16250.0,500.0,573200.0
1221,2021-10-22 02:45:16,16250.0,1100.0,572700.0
1222,2021-10-22 02:45:15,16300.0,100.0,571600.0
1223,2021-10-22 02:45:11,16250.0,1000.0,571500.0
1224,2021-10-22 02:44:47,16200.0,4400.0,570500.0
1225,2021-10-22 02:44:47,16200.0,500.0,566100.0
1226,2021-10-22 02:44:47,16250.0,100.0,565600.0
1227,2021-10-22 02:44:33,16250.0,500.0,565500.0
1228,2021-10-22 02:44:33,16250.0,3500.0,565000.0
1229,2021-10-22 02:44:31,16300.0,100.0,561500.0
1230,2021-10-22 02:44:31,16300.0,400.0,561400.0
1231,2021-10-22 02:44:31,16300.0,300.0,561000.0
1232,2021-10-22 02:44:31,16300.0,800.0,560700.0
1233,2021-10-22 02:44:09,16250.0,1000.0,559900.0
1234,2021-10-22 02:43:36,16250.0,100.0,558900.0
1235,2021-10-22 02:43:27,16200.0,100.0,558800.0
1236,2021-10-22 02:43:06,16200.0,100.0,558700.0
1237,2021-10-22 02:42:54,16200.0,200.0,558600.0
1238,2021-10-22 02:42:45,16200.0,100.0,558400.0
1239,2021-10-22 02:42:06,16100.0,1000.0,558300.0
1240,2021-10-22 02:42:02,16100.0,1200.0,557300.0
1241,2021-10-22 02:42:02,16100.0,1100.0,556100.0
1242,2021-10-22 02:41:55,16100.0,1000.0,555000.0
1243,2021-10-22 02:41:54,16100.0,1000.0,554000.0
1244,2021-10-22 02:41:50,16100.0,300.0,553000.0
1245,2021-10-22 02:41:35,16100.0,1000.0,552700.0
1246,2021-10-22 02:41:23,16100.0,200.0,551700.0
1247,2021-10-22 02:41:12,16100.0,400.0,551500.0
1248,2021-10-22 02:41:12,16100.0,1000.0,551100.0
1249,2021-10-22 02:41:12,16100.0,200.0,550100.0
1250,2021-10-22 02:41:12,16100.0,900.0,549900.0
1251,2021-10-22 02:41:12,16100.0,1000.0,549000.0
1252,2021-10-22 02:41:12,16100.0,100.0,548000.0
1253,2021-10-22 02:41:12,16100.0,300.0,547900.0
1254,2021-10-22 02:41:12,16100.0,2000.0,547600.0
1255,2021-10-22 02:41:12,16100.0,300.0,545600.0
1256,2021-10-22 02:41:12,16100.0,1000.0,545300.0
1257,2021-10-22 02:41:12,16100.0,100.0,544300.0
1258,2021-10-22 02:41:12,16100.0,500.0,544200.0
1259,2021-10-22 02:41:12,16100.0,1000.0,543700.0
1260,2021-10-22 02:41:12,16100.0,1000.0,542700.0
1261,2021-10-22 02:41:12,16100.0,100.0,541700.0
1262,2021-10-22 02:41:12,16100.0,300.0,541600.0
1263,2021-10-22 02:41:12,16200.0,200.0,541300.0
1264,2021-10-22 02:41:01,16100.0,100.0,541100.0
1265,2021-10-22 02:40:58,16300.0,500.0,541000.0
1266,2021-10-22 02:40:36,16300.0,500.0,540500.0
1267,2021-10-22 02:40:27,16100.0,9600.0,540000.0
1268,2021-10-22 02:40:27,16150.0,1600.0,530400.0
1269,2021-10-22 02:40:27,16150.0,3000.0,528800.0
1270,2021-10-22 02:40:27,16150.0,200.0,525800.0
1271,2021-10-22 02:40:27,16200.0,500.0,525600.0
1272,2021-10-22 02:40:27,16200.0,100.0,525100.0
1273,2021-10-22 02:40:10,16300.0,1000.0,525000.0
1274,2021-10-22 02:40:08,16200.0,500.0,524000.0
1275,2021-10-22 02:40:05,16200.0,400.0,523500.0
1276,2021-10-22 02:40:00,16300.0,100.0,523100.0
1277,2021-10-22 02:39:20,16300.0,100.0,523000.0
1278,2021-10-22 02:39:20,16300.0,200.0,522900.0
1279,2021-10-22 02:39:20,16300.0,100.0,522700.0
1280,2021-10-22 02:39:20,16300.0,200.0,522600.0
1281,2021-10-22 02:39:04,16300.0,1000.0,522400.0
1282,2021-10-22 02:38:40,16300.0,300.0,521400.0
1283,2021-10-22 02:37:58,16100.0,100.0,521100.0
1284,2021-10-22 02:37:15,16000.0,900.0,521000.0
1285,2021-10-22 02:37:15,16000.0,200.0,520100.0
1286,2021-10-22 02:37:15,16050.0,1000.0,519900.0
1287,2021-10-22 02:37:15,16050.0,5000.0,518900.0
1288,2021-10-22 02:37:15,16100.0,600.0,513900.0
1289,2021-10-22 02:37:15,16100.0,10000.0,513300.0
1290,2021-10-22 02:37:15,16100.0,200.0,503300.0
1291,2021-10-22 02:37:15,16100.0,200.0,503100.0
1292,2021-10-22 02:37:15,16100.0,300.0,502900.0
1293,2021-10-22 02:37:15,16100.0,2000.0,502600.0
1294,2021-10-22 02:37:15,16100.0,500.0,500600.0
1295,2021-10-22 02:37:15,16100.0,1000.0,500100.0
1296,2021-10-22 02:37:15,16100.0,500.0,499100.0
1297,2021-10-22 02:37:15,16100.0,100.0,498600.0
1298,2021-10-22 02:37:15,16100.0,100.0,498500.0
1299,2021-10-22 02:37:15,16100.0,200.0,498400.0
1300,2021-10-22 02:37:15,16100.0,400.0,498200.0
1301,2021-10-22 02:37:15,16150.0,200.0,497800.0
1302,2021-10-22 02:37:15,16200.0,100.0,497600.0
1303,2021-10-22 02:37:15,16200.0,20000.0,497500.0
1304,2021-10-22 02:37:15,16200.0,500.0,477500.0
1305,2021-10-22 02:37:15,16200.0,200.0,477000.0
1306,2021-10-22 02:37:15,16200.0,1000.0,476800.0
1307,2021-10-22 02:37:15,16200.0,900.0,475800.0
1308,2021-10-22 02:37:15,16200.0,2000.0,474900.0
1309,2021-10-22 02:37:15,16200.0,1000.0,472900.0
1310,2021-10-22 02:37:15,16200.0,900.0,471900.0
1311,2021-10-22 02:37:10,16300.0,100.0,471000.0
1312,2021-10-22 02:37:10,16300.0,300.0,470900.0
1313,2021-10-22 02:37:10,16300.0,300.0,470600.0
1314,2021-10-22 02:37:06,16200.0,100.0,470300.0
1315,2021-10-22 02:37:04,16300.0,100.0,470200.0
1316,2021-10-22 02:36:51,16300.0,500.0,470100.0
1317,2021-10-22 02:36:33,16300.0,300.0,469600.0
1318,2021-10-22 02:36:19,16300.0,300.0,469300.0
1319,2021-10-22 02:36:19,16300.0,600.0,469000.0
1320,2021-10-22 02:36:12,16300.0,1400.0,468400.0
1321,2021-10-22 02:36:03,16350.0,3000.0,467000.0
1322,2021-10-22 02:36:03,16300.0,600.0,464000.0
1323,2021-10-22 02:36:02,16300.0,1000.0,463400.0
1324,2021-10-22 02:36:02,16300.0,100.0,462400.0
1325,2021-10-22 02:36:02,16300.0,2000.0,462300.0
1326,2021-10-22 02:36:02,16300.0,1600.0,460300.0
1327,2021-10-22 02:35:54,16300.0,400.0,458700.0
1328,2021-10-22 02:35:54,16300.0,100.0,458300.0
1329,2021-10-22 02:35:54,16300.0,300.0,458200.0
1330,2021-10-22 02:35:54,16300.0,800.0,457900.0
1331,2021-10-22 02:35:54,16300.0,3600.0,457100.0
1332,2021-10-22 02:35:44,16350.0,1000.0,453500.0
1333,2021-10-22 02:35:26,16350.0,300.0,452500.0
1334,2021-10-22 02:35:18,16350.0,200.0,452200.0
1335,2021-10-22 02:35:18,16350.0,100.0,452000.0
1336,2021-10-22 02:35:18,16350.0,300.0,451900.0
1337,2021-10-22 02:35:18,16350.0,200.0,451600.0
1338,2021-10-22 02:35:18,16350.0,200.0,451400.0
1339,2021-10-22 02:35:17,16350.0,2000.0,451200.0
1340,2021-10-22 02:35:15,16350.0,400.0,449200.0
1341,2021-10-22 02:35:08,16350.0,3000.0,448800.0
1342,2021-10-22 02:35:07,16350.0,1000.0,445800.0
1343,2021-10-22 02:35:02,16400.0,300.0,444800.0
1344,2021-10-22 02:34:47,16400.0,2000.0,444500.0
1345,2021-10-22 02:34:45,16400.0,1000.0,442500.0
1346,2021-10-22 02:34:43,16400.0,2200.0,441500.0
1347,2021-10-22 02:34:39,16400.0,500.0,439300.0
1348,2021-10-22 02:34:38,16400.0,500.0,438800.0
1349,2021-10-22 02:34:37,16400.0,500.0,438300.0
1350,2021-10-22 02:34:20,16400.0,300.0,437800.0
1351,2021-10-22 02:34:20,16400.0,500.0,437500.0
1352,2021-10-22 02:34:20,16400.0,600.0,437000.0
1353,2021-10-22 02:34:20,16400.0,500.0,436400.0
1354,2021-10-22 02:34:20,16400.0,200.0,435900.0
1355,2021-10-22 02:34:20,16400.0,1500.0,435700.0
1356,2021-10-22 02:34:20,16400.0,6400.0,434200.0
1357,2021-10-22 02:34:02,16400.0,600.0,427800.0
1358,2021-10-22 02:34:02,16400.0,500.0,427200.0
1359,2021-10-22 02:34:02,16400.0,400.0,426700.0
1360,2021-10-22 02:33:57,16400.0,200.0,426300.0
1361,2021-10-22 02:33:52,16450.0,100.0,426100.0
1362,2021-10-22 02:33:44,16450.0,100.0,426000.0
1363,2021-10-22 02:33:29,16400.0,3400.0,425900.0
1364,2021-10-22 02:33:29,16400.0,100.0,422500.0
1365,2021-10-22 02:33:29,16400.0,500.0,422400.0
1366,2021-10-22 02:33:29,16450.0,1000.0,421900.0
1367,2021-10-22 02:33:19,16400.0,300.0,420900.0
1368,2021-10-22 02:33:19,16400.0,200.0,420600.0
1369,2021-10-22 02:33:15,16400.0,500.0,420400.0
1370,2021-10-22 02:33:15,16400.0,100.0,419900.0
1371,2021-10-22 02:33:15,16400.0,1000.0,419800.0
1372,2021-10-22 02:33:15,16400.0,800.0,418800.0
1373,2021-10-22 02:33:12,16400.0,4400.0,418000.0
1374,2021-10-22 02:33:05,16400.0,1600.0,413600.0
1375,2021-10-22 02:33:05,16400.0,1000.0,412000.0
1376,2021-10-22 02:33:05,16400.0,500.0,411000.0
1377,2021-10-22 02:33:05,16400.0,1000.0,410500.0
1378,2021-10-22 02:33:05,16400.0,300.0,409500.0
1379,2021-10-22 02:33:05,16400.0,600.0,409200.0
1380,2021-10-22 02:33:00,16350.0,100.0,408600.0
1381,2021-10-22 02:32:49,16350.0,200.0,408500.0
1382,2021-10-22 02:32:49,16350.0,3100.0,408300.0
1383,2021-10-22 02:32:46,16350.0,200.0,405200.0
1384,2021-10-22 02:32:33,16300.0,1100.0,405000.0
1385,2021-10-22 02:32:32,16300.0,200.0,403900.0
1386,2021-10-22 02:32:28,16300.0,100.0,403700.0
1387,2021-10-22 02:32:26,16300.0,100.0,403600.0
1388,2021-10-22 02:32:26,16300.0,300.0,403500.0
1389,2021-10-22 02:32:26,16300.0,1400.0,403200.0
1390,2021-10-22 02:32:26,16300.0,100.0,401800.0
1391,2021-10-22 02:32:26,16300.0,1000.0,401700.0
1392,2021-10-22 02:32:26,16300.0,1000.0,400700.0
1393,2021-10-22 02:32:26,16300.0,400.0,399700.0
1394,2021-10-22 02:32:26,16300.0,700.0,399300.0
1395,2021-10-22 02:32:22,16200.0,400.0,398600.0
1396,2021-10-22 02:32:22,16200.0,2600.0,398200.0
1397,2021-10-22 02:32:13,16300.0,300.0,395600.0
1398,2021-10-22 02:32:13,16300.0,200.0,395300.0
1399,2021-10-22 02:32:13,16300.0,300.0,395100.0
1400,2021-10-22 02:32:09,16200.0,400.0,394800.0
1401,2021-10-22 02:32:09,16200.0,200.0,394400.0
1402,2021-10-22 02:32:09,16200.0,400.0,394200.0
1403,2021-10-22 02:31:57,16300.0,500.0,393800.0
1404,2021-10-22 02:31:57,16300.0,300.0,393300.0
1405,2021-10-22 02:31:57,16200.0,100.0,393000.0
1406,2021-10-22 02:31:57,16200.0,100.0,392900.0
1407,2021-10-22 02:31:56,16200.0,1000.0,392800.0
1408,2021-10-22 02:31:52,16200.0,5000.0,391800.0
1409,2021-10-22 02:31:48,16200.0,500.0,386800.0
1410,2021-10-22 02:31:39,16200.0,1000.0,386300.0
1411,2021-10-22 02:31:39,16200.0,100.0,385300.0
1412,2021-10-22 02:31:27,16200.0,1000.0,385200.0
1413,2021-10-22 02:31:27,16200.0,200.0,384200.0
1414,2021-10-22 02:31:26,16100.0,200.0,384000.0
1415,2021-10-22 02:31:02,16100.0,100.0,383800.0
1416,2021-10-22 02:31:02,16100.0,200.0,383700.0
1417,2021-10-22 02:30:57,16100.0,1500.0,383500.0
1418,2021-10-22 02:30:57,16100.0,5000.0,382000.0
1419,2021-10-22 02:30:57,16100.0,500.0,377000.0
1420,2021-10-22 02:30:57,16100.0,3000.0,376500.0
1421,2021-10-22 02:30:27,16000.0,2000.0,373500.0
1422,2021-10-22 02:30:27,16000.0,1000.0,371500.0
1423,2021-10-22 02:30:27,16000.0,500.0,370500.0
1424,2021-10-22 02:30:27,16000.0,100.0,370000.0
1425,2021-10-22 02:30:27,16000.0,100.0,369900.0
1426,2021-10-22 02:30:27,16000.0,500.0,369800.0
1427,2021-10-22 02:30:27,16000.0,2400.0,369300.0
1428,2021-10-22 02:30:27,16000.0,200.0,366900.0
1429,2021-10-22 02:30:27,16000.0,500.0,366700.0
1430,2021-10-22 02:30:27,16000.0,200.0,366200.0
1431,2021-10-22 02:30:27,16000.0,100.0,366000.0
1432,2021-10-22 02:30:26,16000.0,200.0,365900.0
1433,2021-10-22 02:30:26,16000.0,2800.0,365700.0
1434,2021-10-22 02:30:12,16000.0,100.0,362900.0
1435,2021-10-22 02:30:10,16000.0,1100.0,362800.0
1436,2021-10-22 02:30:10,16000.0,200.0,361700.0
1437,2021-10-22 02:30:10,16000.0,700.0,361500.0
1438,2021-10-22 02:30:04,16000.0,300.0,360800.0
1439,2021-10-22 02:30:04,16000.0,700.0,360500.0
1440,2021-10-22 02:29:53,16000.0,100.0,359800.0
1441,2021-10-22 02:29:47,16000.0,800.0,359700.0
1442,2021-10-22 02:29:47,16000.0,200.0,358900.0
1443,2021-10-22 02:29:40,16000.0,1000.0,358700.0
1444,2021-10-22 02:29:37,16000.0,100.0,357700.0
1445,2021-10-22 02:29:28,16000.0,100.0,357600.0
1446,2021-10-22 02:29:15,16000.0,3000.0,357500.0
1447,2021-10-22 02:29:09,16000.0,2000.0,354500.0
1448,2021-10-22 02:29:08,15950.0,1500.0,352500.0
1449,2021-10-22 02:29:07,16000.0,100.0,351000.0
1450,2021-10-22 02:29:07,15950.0,900.0,350900.0
1451,2021-10-22 02:29:07,15950.0,700.0,350000.0
1452,2021-10-22 02:28:50,15950.0,300.0,349300.0
1453,2021-10-22 02:28:50,15950.0,300.0,349000.0
1454,2021-10-22 02:28:50,15950.0,500.0,348700.0
1455,2021-10-22 02:28:47,15950.0,5000.0,348200.0
1456,2021-10-22 02:28:36,15950.0,400.0,343200.0
1457,2021-10-22 02:28:36,15950.0,200.0,342800.0
1458,2021-10-22 02:28:36,15950.0,100.0,342600.0
1459,2021-10-22 02:28:36,15950.0,800.0,342500.0
1460,2021-10-22 02:28:28,15900.0,100.0,341700.0
1461,2021-10-22 02:28:27,15900.0,100.0,341600.0
1462,2021-10-22 02:28:27,15900.0,1000.0,341500.0
1463,2021-10-22 02:28:27,15900.0,5000.0,340500.0
1464,2021-10-22 02:28:27,15900.0,3900.0,335500.0
1465,2021-10-22 02:28:12,15950.0,200.0,331600.0
1466,2021-10-22 02:28:12,15950.0,1800.0,331400.0
1467,2021-10-22 02:28:12,15900.0,5000.0,329600.0
1468,2021-10-22 02:28:05,15950.0,200.0,324600.0
1469,2021-10-22 02:28:05,15900.0,100.0,324400.0
1470,2021-10-22 02:27:59,15900.0,200.0,324300.0
1471,2021-10-22 02:27:56,15900.0,800.0,324100.0
1472,2021-10-22 02:27:50,15900.0,100.0,323300.0
1473,2021-10-22 02:27:48,15900.0,100.0,323200.0
1474,2021-10-22 02:27:45,15900.0,1000.0,323100.0
1475,2021-10-22 02:27:45,15900.0,100.0,322100.0
1476,2021-10-22 02:27:33,15900.0,400.0,322000.0
1477,2021-10-22 02:27:30,15900.0,1100.0,321600.0
1478,2021-10-22 02:27:29,15900.0,500.0,320500.0
1479,2021-10-22 02:27:28,15900.0,300.0,320000.0
1480,2021-10-22 02:27:27,15900.0,400.0,319700.0
1481,2021-10-22 02:27:22,15900.0,200.0,319300.0
1482,2021-10-22 02:27:17,15900.0,700.0,319100.0
1483,2021-10-22 02:27:14,15900.0,400.0,318400.0
1484,2021-10-22 02:27:14,15900.0,100.0,318000.0
1485,2021-10-22 02:27:14,15900.0,1000.0,317900.0
1486,2021-10-22 02:27:14,15900.0,300.0,316900.0
1487,2021-10-22 02:26:58,15950.0,3000.0,316600.0
1488,2021-10-22 02:26:58,15950.0,1800.0,313600.0
1489,2021-10-22 02:26:57,15900.0,600.0,311800.0
1490,2021-10-22 02:26:57,15900.0,100.0,311200.0
1491,2021-10-22 02:26:57,15900.0,300.0,311100.0
1492,2021-10-22 02:26:48,15900.0,700.0,310800.0
1493,2021-10-22 02:26:48,15900.0,500.0,310100.0
1494,2021-10-22 02:26:48,15900.0,2300.0,309600.0
1495,2021-10-22 02:26:33,15900.0,100.0,307300.0
1496,2021-10-22 02:26:33,15900.0,300.0,307200.0
1497,2021-10-22 02:26:30,15900.0,600.0,306900.0
1498,2021-10-22 02:26:30,15900.0,1000.0,306300.0
1499,2021-10-22 02:26:30,15900.0,200.0,305300.0
1500,2021-10-22 02:26:30,15900.0,1000.0,305100.0
1501,2021-10-22 02:26:30,15900.0,3000.0,304100.0
1502,2021-10-22 02:26:30,15900.0,1000.0,301100.0
1503,2021-10-22 02:26:30,15900.0,3200.0,300100.0
1504,2021-10-22 02:26:24,15900.0,500.0,296900.0
1505,2021-10-22 02:26:23,15900.0,100.0,296400.0
1506,2021-10-22 02:26:23,15900.0,100.0,296300.0
1507,2021-10-22 02:26:19,15900.0,100.0,296200.0
1508,2021-10-22 02:26:05,15900.0,100.0,296100.0
1509,2021-10-22 02:26:01,15900.0,100.0,296000.0
1510,2021-10-22 02:25:52,15900.0,100.0,295900.0
1511,2021-10-22 02:25:52,15900.0,500.0,295800.0
1512,2021-10-22 02:25:46,15900.0,100.0,295300.0
1513,2021-10-22 02:25:46,15900.0,1000.0,295200.0
1514,2021-10-22 02:25:36,15900.0,100.0,294200.0
1515,2021-10-22 02:25:33,15900.0,500.0,294100.0
1516,2021-10-22 02:25:33,15900.0,100.0,293600.0
1517,2021-10-22 02:25:28,15900.0,300.0,293500.0
1518,2021-10-22 02:25:22,15950.0,100.0,293200.0
1519,2021-10-22 02:25:20,15800.0,500.0,293100.0
1520,2021-10-22 02:25:20,15800.0,100.0,292600.0
1521,2021-10-22 02:25:20,15800.0,900.0,292500.0
1522,2021-10-22 02:25:20,15800.0,100.0,291600.0
1523,2021-10-22 02:25:20,15800.0,200.0,291500.0
1524,2021-10-22 02:25:20,15800.0,1000.0,291300.0
1525,2021-10-22 02:25:20,15800.0,3000.0,290300.0
1526,2021-10-22 02:25:20,15800.0,1500.0,287300.0
1527,2021-10-22 02:25:20,15850.0,200.0,285800.0
1528,2021-10-22 02:25:20,15900.0,200.0,285600.0
1529,2021-10-22 02:25:20,15900.0,100.0,285400.0
1530,2021-10-22 02:25:18,15950.0,1000.0,285300.0
1531,2021-10-22 02:25:08,15950.0,100.0,284300.0
1532,2021-10-22 02:24:59,15900.0,900.0,284200.0
1533,2021-10-22 02:24:59,15900.0,4400.0,283300.0
1534,2021-10-22 02:24:59,15900.0,200.0,278900.0
1535,2021-10-22 02:24:59,15900.0,100.0,278700.0
1536,2021-10-22 02:24:59,15900.0,300.0,278600.0
1537,2021-10-22 02:24:44,15900.0,200.0,278300.0
1538,2021-10-22 02:24:40,15800.0,400.0,278100.0
1539,2021-10-22 02:24:34,15800.0,1000.0,277700.0
1540,2021-10-22 02:24:31,15900.0,300.0,276700.0
1541,2021-10-22 02:24:28,15900.0,5000.0,276400.0
1542,2021-10-22 02:24:25,15900.0,200.0,271400.0
1543,2021-10-22 02:24:25,15900.0,500.0,271200.0
1544,2021-10-22 02:24:25,15950.0,100.0,270700.0
1545,2021-10-22 02:24:25,15950.0,3400.0,270600.0
1546,2021-10-22 02:24:22,15950.0,100.0,267200.0
1547,2021-10-22 02:24:15,15950.0,1000.0,267100.0
1548,2021-10-22 02:24:15,15950.0,800.0,266100.0
1549,2021-10-22 02:24:12,15950.0,100.0,265300.0
1550,2021-10-22 02:24:12,15950.0,1000.0,265200.0
1551,2021-10-22 02:23:57,15950.0,100.0,264200.0
1552,2021-10-22 02:23:55,15900.0,300.0,264100.0
1553,2021-10-22 02:23:55,15900.0,700.0,263800.0
1554,2021-10-22 02:23:54,15900.0,100.0,263100.0
1555,2021-10-22 02:23:53,15900.0,1000.0,263000.0
1556,2021-10-22 02:23:52,15800.0,7100.0,262000.0
1557,2021-10-22 02:23:52,15800.0,500.0,254900.0
1558,2021-10-22 02:23:52,15800.0,1500.0,254400.0
1559,2021-10-22 02:23:52,15800.0,1000.0,252900.0
1560,2021-10-22 02:23:52,15800.0,1500.0,251900.0
1561,2021-10-22 02:23:52,15800.0,1000.0,250400.0
1562,2021-10-22 02:23:52,15850.0,2000.0,249400.0
1563,2021-10-22 02:23:52,15850.0,500.0,247400.0
1564,2021-10-22 02:23:52,15850.0,100.0,246900.0
1565,2021-10-22 02:23:52,15850.0,200.0,246800.0
1566,2021-10-22 02:23:52,15850.0,500.0,246600.0
1567,2021-10-22 02:23:52,15850.0,1000.0,246100.0
1568,2021-10-22 02:23:52,15850.0,2000.0,245100.0
1569,2021-10-22 02:23:52,15850.0,100.0,243100.0
1570,2021-10-22 02:23:52,15850.0,100.0,243000.0
1571,2021-10-22 02:23:52,15850.0,100.0,242900.0
1572,2021-10-22 02:23:52,15850.0,200.0,242800.0
1573,2021-10-22 02:23:52,15850.0,200.0,242600.0
1574,2021-10-22 02:23:52,15850.0,200.0,242400.0
1575,2021-10-22 02:23:52,15850.0,200.0,242200.0
1576,2021-10-22 02:23:50,15900.0,1000.0,242000.0
1577,2021-10-22 02:23:49,15900.0,1000.0,241000.0
1578,2021-10-22 02:23:48,15900.0,200.0,240000.0
1579,2021-10-22 02:23:48,15900.0,500.0,239800.0
1580,2021-10-22 02:23:48,15900.0,500.0,239300.0
1581,2021-10-22 02:23:46,15900.0,500.0,238800.0
1582,2021-10-22 02:23:46,15900.0,100.0,238300.0
1583,2021-10-22 02:23:46,15900.0,700.0,238200.0
1584,2021-10-22 02:23:46,15900.0,100.0,237500.0
1585,2021-10-22 02:23:46,15900.0,300.0,237400.0
1586,2021-10-22 02:23:46,15900.0,300.0,237100.0
1587,2021-10-22 02:23:46,15900.0,200.0,236800.0
1588,2021-10-22 02:23:46,15900.0,500.0,236600.0
1589,2021-10-22 02:23:44,15900.0,100.0,236100.0
1590,2021-10-22 02:23:37,15900.0,100.0,236000.0
1591,2021-10-22 02:23:26,15900.0,200.0,235900.0
1592,2021-10-22 02:23:23,15900.0,100.0,235700.0
1593,2021-10-22 02:23:23,15900.0,900.0,235600.0
1594,2021-10-22 02:23:20,15900.0,100.0,234700.0
1595,2021-10-22 02:23:20,15900.0,200.0,234600.0
1596,2021-10-22 02:23:20,15900.0,200.0,234400.0
1597,2021-10-22 02:23:20,15900.0,200.0,234200.0
1598,2021-10-22 02:23:20,15900.0,300.0,234000.0
1599,2021-10-22 02:23:07,15900.0,500.0,233700.0
1600,2021-10-22 02:23:03,15900.0,100.0,233200.0
1601,2021-10-22 02:22:58,15900.0,100.0,233100.0
1602,2021-10-22 02:22:58,15900.0,100.0,233000.0
1603,2021-10-22 02:22:58,15900.0,100.0,232900.0
1604,2021-10-22 02:22:58,15900.0,1000.0,232800.0
1605,2021-10-22 02:22:58,15900.0,700.0,231800.0
1606,2021-10-22 02:22:53,15900.0,300.0,231100.0
1607,2021-10-22 02:22:53,15900.0,100.0,230800.0
1608,2021-10-22 02:22:49,15900.0,500.0,230700.0
1609,2021-10-22 02:22:49,15900.0,100.0,230200.0
1610,2021-10-22 02:22:49,15900.0,200.0,230100.0
1611,2021-10-22 02:22:49,15900.0,200.0,229900.0
1612,2021-10-22 02:22:37,15900.0,300.0,229700.0
1613,2021-10-22 02:22:37,15900.0,500.0,229400.0
1614,2021-10-22 02:22:37,15900.0,200.0,228900.0
1615,2021-10-22 02:22:37,15950.0,1000.0,228700.0
1616,2021-10-22 02:22:28,15900.0,800.0,227700.0
1617,2021-10-22 02:22:27,16000.0,200.0,226900.0
1618,2021-10-22 02:22:27,15900.0,500.0,226700.0
1619,2021-10-22 02:22:27,15900.0,100.0,226200.0
1620,2021-10-22 02:22:25,15950.0,300.0,226100.0
1621,2021-10-22 02:22:20,15950.0,100.0,225800.0
1622,2021-10-22 02:22:20,15950.0,500.0,225700.0
1623,2021-10-22 02:22:18,16000.0,1000.0,225200.0
1624,2021-10-22 02:22:16,16000.0,300.0,224200.0
1625,2021-10-22 02:22:16,16000.0,100.0,223900.0
1626,2021-10-22 02:22:14,16000.0,600.0,223800.0
1627,2021-10-22 02:22:08,16000.0,100.0,223200.0
1628,2021-10-22 02:22:07,16000.0,300.0,223100.0
1629,2021-10-22 02:22:04,16000.0,500.0,222800.0
1630,2021-10-22 02:22:01,16000.0,100.0,222300.0
1631,2021-10-22 02:22:00,16000.0,400.0,222200.0
1632,2021-10-22 02:21:58,16050.0,500.0,221800.0
1633,2021-10-22 02:21:51,16050.0,300.0,221300.0
1634,2021-10-22 02:21:47,16050.0,300.0,221000.0
1635,2021-10-22 02:21:46,15900.0,900.0,220700.0
1636,2021-10-22 02:21:46,15900.0,1500.0,219800.0
1637,2021-10-22 02:21:46,15950.0,600.0,218300.0
1638,2021-10-22 02:21:46,15950.0,3800.0,217700.0
1639,2021-10-22 02:21:46,15950.0,200.0,213900.0
1640,2021-10-22 02:21:46,15950.0,100.0,213700.0
1641,2021-10-22 02:21:46,16000.0,1000.0,213600.0
1642,2021-10-22 02:21:46,16000.0,1000.0,212600.0
1643,2021-10-22 02:21:46,16000.0,300.0,211600.0
1644,2021-10-22 02:21:46,16000.0,3000.0,211300.0
1645,2021-10-22 02:21:46,16000.0,700.0,208300.0
1646,2021-10-22 02:21:46,16000.0,200.0,207600.0
1647,2021-10-22 02:21:46,16000.0,3000.0,207400.0
1648,2021-10-22 02:21:46,16000.0,100.0,204400.0
1649,2021-10-22 02:21:46,16000.0,1000.0,204300.0
1650,2021-10-22 02:21:46,16000.0,500.0,203300.0
1651,2021-10-22 02:21:46,16000.0,100.0,202800.0
1652,2021-10-22 02:21:46,16000.0,1500.0,202700.0
1653,2021-10-22 02:21:46,16000.0,200.0,201200.0
1654,2021-10-22 02:21:46,16000.0,300.0,201000.0
1655,2021-10-22 02:21:39,16050.0,1000.0,200700.0
1656,2021-10-22 02:21:36,16050.0,200.0,199700.0
1657,2021-10-22 02:21:33,16050.0,1000.0,199500.0
1658,2021-10-22 02:21:28,16050.0,100.0,198500.0
1659,2021-10-22 02:21:25,16050.0,300.0,198400.0
1660,2021-10-22 02:21:23,16050.0,100.0,198100.0
1661,2021-10-22 02:21:23,16050.0,100.0,198000.0
1662,2021-10-22 02:21:23,16050.0,600.0,197900.0
1663,2021-10-22 02:21:17,16050.0,100.0,197300.0
1664,2021-10-22 02:21:17,16050.0,300.0,197200.0
1665,2021-10-22 02:21:14,16050.0,500.0,196900.0
1666,2021-10-22 02:21:14,16000.0,1200.0,196400.0
1667,2021-10-22 02:21:14,16000.0,4300.0,195200.0
1668,2021-10-22 02:21:14,16000.0,100.0,190900.0
1669,2021-10-22 02:21:14,16000.0,100.0,190800.0
1670,2021-10-22 02:21:14,16000.0,100.0,190700.0
1671,2021-10-22 02:21:14,16000.0,1000.0,190600.0
1672,2021-10-22 02:21:14,16000.0,200.0,189600.0
1673,2021-10-22 02:21:14,16000.0,1000.0,189400.0
1674,2021-10-22 02:21:14,16000.0,500.0,188400.0
1675,2021-10-22 02:21:14,16000.0,1000.0,187900.0
1676,2021-10-22 02:21:13,16000.0,200.0,186900.0
1677,2021-10-22 02:21:13,16000.0,1000.0,186700.0
1678,2021-10-22 02:21:13,16000.0,6000.0,185700.0
1679,2021-10-22 02:21:13,16000.0,2000.0,179700.0
1680,2021-10-22 02:21:13,16000.0,100.0,177700.0
1681,2021-10-22 02:21:13,16000.0,200.0,177600.0
1682,2021-10-22 02:21:13,16000.0,300.0,177400.0
1683,2021-10-22 02:21:13,16000.0,100.0,177100.0
1684,2021-10-22 02:21:13,16000.0,500.0,177000.0
1685,2021-10-22 02:21:13,16000.0,200.0,176500.0
1686,2021-10-22 02:21:13,16000.0,200.0,176300.0
1687,2021-10-22 02:21:08,16050.0,1000.0,176100.0
1688,2021-10-22 02:21:08,16050.0,1200.0,175100.0
1689,2021-10-22 02:21:05,16050.0,200.0,173900.0
1690,2021-10-22 02:21:04,16100.0,1000.0,173700.0
1691,2021-10-22 02:21:02,16050.0,1600.0,172700.0
1692,2021-10-22 02:21:02,16050.0,300.0,171100.0
1693,2021-10-22 02:21:02,16050.0,100.0,170800.0
1694,2021-10-22 02:21:01,16100.0,100.0,170700.0
1695,2021-10-22 02:20:55,16100.0,1000.0,170600.0
1696,2021-10-22 02:20:52,16100.0,100.0,169600.0
1697,2021-10-22 02:20:44,16100.0,1000.0,169500.0
1698,2021-10-22 02:20:43,16100.0,500.0,168500.0
1699,2021-10-22 02:20:42,16100.0,200.0,168000.0
1700,2021-10-22 02:20:34,16050.0,100.0,167800.0
1701,2021-10-22 02:20:21,16100.0,1000.0,167700.0
1702,2021-10-22 02:20:20,16200.0,1000.0,166700.0
1703,2021-10-22 02:20:19,16200.0,100.0,165700.0
1704,2021-10-22 02:20:18,16000.0,100.0,165600.0
1705,2021-10-22 02:20:18,16000.0,300.0,165500.0
1706,2021-10-22 02:20:18,16000.0,1000.0,165200.0
1707,2021-10-22 02:20:18,16000.0,100.0,164200.0
1708,2021-10-22 02:20:18,16000.0,2000.0,164100.0
1709,2021-10-22 02:20:18,16000.0,300.0,162100.0
1710,2021-10-22 02:20:18,16000.0,1000.0,161800.0
1711,2021-10-22 02:20:18,16050.0,200.0,160800.0
1712,2021-10-22 02:20:14,16000.0,1000.0,160600.0
1713,2021-10-22 02:20:14,16050.0,100.0,159600.0
1714,2021-10-22 02:20:14,16050.0,1000.0,159500.0
1715,2021-10-22 02:20:14,16100.0,500.0,158500.0
1716,2021-10-22 02:20:14,16100.0,1000.0,158000.0
1717,2021-10-22 02:20:14,16100.0,200.0,157000.0
1718,2021-10-22 02:20:14,16100.0,100.0,156800.0
1719,2021-10-22 02:20:14,16200.0,100.0,156700.0
1720,2021-10-22 02:20:14,16200.0,200.0,156600.0
1721,2021-10-22 02:20:14,16200.0,100.0,156400.0
1722,2021-10-22 02:20:14,16200.0,700.0,156300.0
1723,2021-10-22 02:20:09,16250.0,1000.0,155600.0
1724,2021-10-22 02:20:09,16200.0,9300.0,154600.0
1725,2021-10-22 02:20:09,16200.0,700.0,145300.0
1726,2021-10-22 02:20:08,16200.0,300.0,144600.0
1727,2021-10-22 02:20:08,16200.0,100.0,144300.0
1728,2021-10-22 02:20:08,16200.0,100.0,144200.0
1729,2021-10-22 02:20:05,16250.0,700.0,144100.0
1730,2021-10-22 02:20:05,16250.0,300.0,143400.0
1731,2021-10-22 02:20:02,16250.0,700.0,143100.0
1732,2021-10-22 02:20:00,16250.0,100.0,142400.0
1733,2021-10-22 02:19:53,16250.0,200.0,142300.0
1734,2021-10-22 02:19:53,16250.0,800.0,142100.0
1735,2021-10-22 02:19:52,16250.0,100.0,141300.0
1736,2021-10-22 02:19:41,16200.0,1100.0,141200.0
1737,2021-10-22 02:19:39,16200.0,200.0,140100.0
1738,2021-10-22 02:19:39,16200.0,200.0,139900.0
1739,2021-10-22 02:19:39,16200.0,100.0,139700.0
1740,2021-10-22 02:19:39,16200.0,100.0,139600.0
1741,2021-10-22 02:19:39,16200.0,100.0,139500.0
1742,2021-10-22 02:19:23,16300.0,1700.0,139400.0
1743,2021-10-22 02:19:23,16250.0,300.0,137700.0
1744,2021-10-22 02:19:20,16250.0,2500.0,137400.0
1745,2021-10-22 02:19:20,16250.0,1500.0,134900.0
1746,2021-10-22 02:19:12,16250.0,1000.0,133400.0
1747,2021-10-22 02:19:04,16250.0,500.0,132400.0
1748,2021-10-22 02:19:04,16250.0,100.0,131900.0
1749,2021-10-22 02:19:04,16250.0,100.0,131800.0
1750,2021-10-22 02:19:04,16250.0,100.0,131700.0
1751,2021-10-22 02:19:03,16300.0,1000.0,131600.0
1752,2021-10-22 02:19:03,16300.0,200.0,130600.0
1753,2021-10-22 02:18:54,16300.0,1200.0,130400.0
1754,2021-10-22 02:18:45,16300.0,1000.0,129200.0
1755,2021-10-22 02:18:44,16300.0,500.0,128200.0
1756,2021-10-22 02:18:43,16300.0,100.0,127700.0
1757,2021-10-22 02:18:38,16300.0,100.0,127600.0
1758,2021-10-22 02:18:37,16300.0,500.0,127500.0
1759,2021-10-22 02:18:37,16300.0,200.0,127000.0
1760,2021-10-22 02:18:36,16300.0,100.0,126800.0
1761,2021-10-22 02:18:36,16300.0,100.0,126700.0
1762,2021-10-22 02:18:28,16300.0,700.0,126600.0
1763,2021-10-22 02:18:28,16300.0,1300.0,125900.0
1764,2021-10-22 02:18:28,16300.0,100.0,124600.0
1765,2021-10-22 02:18:20,16300.0,200.0,124500.0
1766,2021-10-22 02:18:18,16350.0,100.0,124300.0
1767,2021-10-22 02:18:14,16300.0,3400.0,124200.0
1768,2021-10-22 02:18:14,16300.0,300.0,120800.0
1769,2021-10-22 02:18:14,16300.0,1000.0,120500.0
1770,2021-10-22 02:18:14,16300.0,300.0,119500.0
1771,2021-10-22 02:18:03,16350.0,3000.0,119200.0
1772,2021-10-22 02:18:01,16300.0,300.0,116200.0
1773,2021-10-22 02:18:01,16300.0,1000.0,115900.0
1774,2021-10-22 02:18:01,16300.0,1000.0,114900.0
1775,2021-10-22 02:18:01,16300.0,200.0,113900.0
1776,2021-10-22 02:18:01,16300.0,300.0,113700.0
1777,2021-10-22 02:18:01,16300.0,1000.0,113400.0
1778,2021-10-22 02:18:01,16300.0,500.0,112400.0
1779,2021-10-22 02:18:01,16300.0,700.0,111900.0
1780,2021-10-22 02:17:57,16400.0,200.0,111200.0
1781,2021-10-22 02:17:56,16300.0,300.0,111000.0
1782,2021-10-22 02:17:56,16300.0,200.0,110700.0
1783,2021-10-22 02:17:54,16300.0,1800.0,110500.0
1784,2021-10-22 02:17:54,16300.0,100.0,108700.0
1785,2021-10-22 02:17:54,16300.0,100.0,108600.0
1786,2021-10-22 02:17:54,16300.0,600.0,108500.0
1787,2021-10-22 02:17:54,16300.0,1000.0,107900.0
1788,2021-10-22 02:17:54,16300.0,100.0,106900.0
1789,2021-10-22 02:17:54,16300.0,200.0,106800.0
1790,2021-10-22 02:17:54,16300.0,2500.0,106600.0
1791,2021-10-22 02:17:54,16300.0,100.0,104100.0
1792,2021-10-22 02:17:54,16300.0,100.0,104000.0
1793,2021-10-22 02:17:54,16300.0,10400.0,103900.0
1794,2021-10-22 02:17:51,16400.0,200.0,93500.0
1795,2021-10-22 02:17:46,16400.0,1600.0,93300.0
1796,2021-10-22 02:17:46,16400.0,5000.0,91700.0
1797,2021-10-22 02:17:46,16400.0,1000.0,86700.0
1798,2021-10-22 02:17:46,16400.0,100.0,85700.0
1799,2021-10-22 02:17:35,16300.0,4600.0,85600.0
1800,2021-10-22 02:17:35,16300.0,300.0,81000.0
1801,2021-10-22 02:17:35,16300.0,100.0,80700.0
1802,2021-10-22 02:17:35,16300.0,100.0,80600.0
1803,2021-10-22 02:17:35,16300.0,100.0,80500.0
1804,2021-10-22 02:17:35,16300.0,200.0,80400.0
1805,2021-10-22 02:17:35,16300.0,300.0,80200.0
1806,2021-10-22 02:17:35,16300.0,1000.0,79900.0
1807,2021-10-22 02:17:35,16300.0,400.0,78900.0
1808,2021-10-22 02:17:35,16300.0,200.0,78500.0
1809,2021-10-22 02:17:35,16300.0,1000.0,78300.0
1810,2021-10-22 02:17:35,16300.0,1000.0,77300.0
1811,2021-10-22 02:17:35,16300.0,200.0,76300.0
1812,2021-10-22 02:17:35,16300.0,500.0,76100.0
1813,2021-10-22 02:17:34,16400.0,300.0,75600.0
1814,2021-10-22 02:17:34,16400.0,100.0,75300.0
1815,2021-10-22 02:17:25,16400.0,100.0,75200.0
1816,2021-10-22 02:17:25,16400.0,100.0,75100.0
1817,2021-10-22 02:17:25,16400.0,200.0,75000.0
1818,2021-10-22 02:17:14,16400.0,400.0,74800.0
1819,2021-10-22 02:17:13,16400.0,1000.0,74400.0
1820,2021-10-22 02:17:13,16400.0,500.0,73400.0
1821,2021-10-22 02:17:12,16300.0,500.0,72900.0
1822,2021-10-22 02:17:12,16300.0,700.0,72400.0
1823,2021-10-22 02:17:12,16300.0,2000.0,71700.0
1824,2021-10-22 02:17:12,16300.0,1500.0,69700.0
1825,2021-10-22 02:17:12,16300.0,900.0,68200.0
1826,2021-10-22 02:17:12,16350.0,3000.0,67300.0
1827,2021-10-22 02:17:12,16350.0,800.0,64300.0
1828,2021-10-22 02:17:12,16350.0,600.0,63500.0
1829,2021-10-22 02:17:09,16400.0,200.0,62900.0
1830,2021-10-22 02:17:07,16400.0,200.0,62700.0
1831,2021-10-22 02:17:04,16400.0,300.0,62500.0
1832,2021-10-22 02:17:04,16400.0,500.0,62200.0
1833,2021-10-22 02:17:04,16400.0,200.0,61700.0
1834,2021-10-22 02:17:04,16400.0,1500.0,61500.0
1835,2021-10-22 02:17:02,16400.0,500.0,60000.0
1836,2021-10-22 02:16:59,16400.0,100.0,59500.0
1837,2021-10-22 02:16:48,16400.0,400.0,59400.0
1838,2021-10-22 02:16:48,16400.0,600.0,59000.0
1839,2021-10-22 02:16:47,16400.0,400.0,58400.0
1840,2021-10-22 02:16:46,16400.0,300.0,58000.0
1841,2021-10-22 02:16:44,16400.0,400.0,57700.0
1842,2021-10-22 02:16:29,16400.0,200.0,57300.0
1843,2021-10-22 02:16:29,16400.0,200.0,57100.0
1844,2021-10-22 02:16:28,16400.0,1000.0,56900.0
1845,2021-10-22 02:16:28,16400.0,500.0,55900.0
1846,2021-10-22 02:16:28,16400.0,2000.0,55400.0
1847,2021-10-22 02:16:23,16400.0,200.0,53400.0
1848,2021-10-22 02:16:23,16400.0,100.0,53200.0
1849,2021-10-22 02:16:23,16400.0,800.0,53100.0
1850,2021-10-22 02:16:20,16500.0,3200.0,52300.0
1851,2021-10-22 02:16:20,16500.0,500.0,49100.0
1852,2021-10-22 02:16:19,16500.0,300.0,48600.0
1853,2021-10-22 02:16:17,16500.0,1000.0,48300.0
1854,2021-10-22 02:16:08,16400.0,200.0,47300.0
1855,2021-10-22 02:16:06,16400.0,1000.0,47100.0
1856,2021-10-22 02:16:04,16400.0,200.0,46100.0
1857,2021-10-22 02:16:03,16400.0,1100.0,45900.0
1858,2021-10-22 02:16:02,16400.0,500.0,44800.0
1859,2021-10-22 02:15:55,16400.0,600.0,44300.0
1860,2021-10-22 02:15:54,16400.0,1000.0,43700.0
1861,2021-10-22 02:15:42,16400.0,700.0,42700.0
1862,2021-10-22 02:15:42,16600.0,800.0,42000.0
1863,2021-10-22 02:15:40,16600.0,400.0,41200.0
1864,2021-10-22 02:15:40,16600.0,1000.0,40800.0
1865,2021-10-22 02:15:40,16600.0,500.0,39800.0
1866,2021-10-22 02:15:40,16500.0,200.0,39300.0
1867,2021-10-22 02:15:40,16500.0,2000.0,39100.0
1868,2021-10-22 02:15:40,16500.0,100.0,37100.0
1869,2021-10-22 02:15:40,16400.0,200.0,37000.0
1870,2021-10-22 02:15:40,16400.0,100.0,36800.0
1871,2021-10-22 02:15:11,16300.0,100.0,36700.0
1872,2021-10-22 02:15:11,16300.0,500.0,36600.0
1873,2021-10-22 02:15:11,16300.0,1000.0,36100.0
1874,2021-10-22 02:15:11,16350.0,1700.0,35100.0
1875,2021-10-22 02:15:11,16350.0,500.0,33400.0
1876,2021-10-22 02:15:11,16350.0,100.0,32900.0
1877,2021-10-22 02:15:11,16400.0,1000.0,32800.0
1878,2021-10-22 02:15:11,16400.0,300.0,31800.0
1879,2021-10-22 02:15:11,16400.0,200.0,31500.0
1880,2021-10-22 02:15:11,16400.0,300.0,31300.0
1881,2021-10-22 02:15:11,16400.0,100.0,31000.0
1882,2021-10-22 02:15:11,16400.0,100.0,30900.0
1883,2021-10-22 02:15:11,16400.0,100.0,30800.0
1884,2021-10-22 02:15:11,16400.0,400.0,30700.0
1885,2021-10-22 02:15:00,16400.0,1000.0,30300.0
1886,2021-10-22 02:15:00,16400.0,200.0,29300.0
1887,2021-10-22 02:15:00,16400.0,600.0,29100.0
1888,2021-10-22 02:15:00,16400.0,700.0,28500.0
1889,2021-10-22 02:15:00,16400.0,200.0,27800.0
1890,2021-10-22 02:15:00,16400.0,1000.0,27600.0
1891,2021-10-22 02:15:00,16400.0,500.0,26600.0
1892,2021-10-22 02:15:00,16400.0,100.0,26100.0
1893,2021-10-22 02:15:00,16400.0,100.0,26000.0
1894,2021-10-22 02:15:00,16400.0,300.0,25900.0
1895,2021-10-22 02:15:00,16400.0,2000.0,25600.0
1896,2021-10-22 02:15:00,16400.0,1000.0,23600.0
1897,2021-10-22 02:15:00,16400.0,100.0,22600.0
1898,2021-10-22 02:15:00,16400.0,400.0,22500.0
1899,2021-10-22 02:15:00,16400.0,100.0,22100.0
1900,2021-10-22 02:15:00,16400.0,400.0,22000.0
1901,2021-10-22 02:15:00,16400.0,100.0,21600.0
1902,2021-10-22 02:15:00,16400.0,1000.0,21500.0
1903,2021-10-22 02:15:00,16400.0,100.0,20500.0
1904,2021-10-22 02:15:00,16400.0,400.0,20400.0
1905,2021-10-22 02:15:00,16400.0,100.0,20000.0
1906,2021-10-22 02:15:00,16400.0,200.0,19900.0
1907,2021-10-22 02:15:00,16400.0,100.0,19700.0
1908,2021-10-22 02:15:00,16400.0,100.0,19600.0
1909,2021-10-22 02:15:00,16400.0,200.0,19500.0
1910,2021-10-22 02:15:00,16400.0,200.0,19300.0
1911,2021-10-22 02:15:00,16400.0,300.0,19100.0
1912,2021-10-22 02:15:00,16400.0,200.0,18800.0
1913,2021-10-22 02:15:00,16400.0,200.0,18600.0
1914,2021-10-22 02:15:00,16400.0,900.0,18400.0
1915,2021-10-22 02:15:00,16400.0,100.0,17500.0
1916,2021-10-22 02:15:00,16400.0,2000.0,17400.0
1917,2021-10-22 02:15:00,16400.0,1000.0,15400.0
1918,2021-10-22 02:15:00,16400.0,900.0,14400.0
1919,2021-10-22 02:15:00,16400.0,1000.0,13500.0
1920,2021-10-22 02:15:00,16400.0,1000.0,12500.0
1921,2021-10-22 02:15:00,16400.0,100.0,11500.0
1922,2021-10-22 02:15:00,16400.0,300.0,11400.0
1923,2021-10-22 02:15:00,16400.0,200.0,11100.0
1924,2021-10-22 02:15:00,16400.0,200.0,10900.0
1925,2021-10-22 02:15:00,16400.0,300.0,10700.0
1926,2021-10-22 02:15:00,16400.0,1000.0,10400.0
1927,2021-10-22 02:15:00,16400.0,300.0,9400.0
1928,2021-10-22 02:15:00,16400.0,300.0,9100.0
1929,2021-10-22 02:15:00,16400.0,2000.0,8800.0
1930,2021-10-22 02:15:00,16400.0,400.0,6800.0
1931,2021-10-22 02:15:00,16400.0,100.0,6400.0
1932,2021-10-22 02:15:00,16400.0,200.0,6300.0
1933,2021-10-22 02:15:00,16400.0,1000.0,6100.0
1934,2021-10-22 02:15:00,16400.0,100.0,5100.0
1935,2021-10-22 02:15:00,16400.0,500.0,5000.0
1936,2021-10-22 02:15:00,16400.0,100.0,4500.0
1937,2021-10-22 02:15:00,16400.0,400.0,4400.0
1938,2021-10-22 02:15:00,16400.0,200.0,4000.0
1939,2021-10-22 02:15:00,16400.0,100.0,3800.0
1940,2021-10-22 02:15:00,16400.0,2300.0,3700.0
1941,2021-10-22 02:15:00,16400.0,200.0,1400.0
1942,2021-10-22 02:15:00,16400.0,500.0,1200.0
1943,2021-10-22 02:15:00,16400.0,100.0,700.0
1944,2021-10-22 02:15:00,16400.0,100.0,600.0
1945,2021-10-22 02:15:00,16400.0,500.0,500.0
