,Time,Price,Volume_per_trade,Volume
0,2021-10-18 07:45:00,14500.0,1000.0,1021600.0
1,2021-10-18 07:45:00,14500.0,200.0,1020600.0
2,2021-10-18 07:45:00,14500.0,600.0,1020400.0
3,2021-10-18 07:45:00,14500.0,400.0,1019800.0
4,2021-10-18 07:45:00,14500.0,100.0,1019400.0
5,2021-10-18 07:45:00,14500.0,1300.0,1019300.0
6,2021-10-18 07:45:00,14500.0,900.0,1018000.0
7,2021-10-18 07:45:00,14500.0,100.0,1017100.0
8,2021-10-18 07:45:00,14500.0,100.0,1017000.0
9,2021-10-18 07:29:52,14500.0,3000.0,1016900.0
10,2021-10-18 07:29:10,14500.0,1600.0,1013900.0
11,2021-10-18 07:27:31,14450.0,100.0,1012300.0
12,2021-10-18 07:27:19,14450.0,100.0,1012200.0
13,2021-10-18 07:27:10,14450.0,3000.0,1012100.0
14,2021-10-18 07:27:10,14450.0,100.0,1009100.0
15,2021-10-18 07:27:10,14450.0,700.0,1009000.0
16,2021-10-18 07:25:33,14450.0,1100.0,1008300.0
17,2021-10-18 07:25:33,14500.0,900.0,1007200.0
18,2021-10-18 07:25:33,14500.0,1000.0,1006300.0
19,2021-10-18 07:22:41,14600.0,3200.0,1005300.0
20,2021-10-18 07:22:41,14500.0,100.0,1002100.0
21,2021-10-18 07:22:41,14500.0,6700.0,1002000.0
22,2021-10-18 07:21:58,14500.0,200.0,995300.0
23,2021-10-18 07:20:26,14500.0,4800.0,995100.0
24,2021-10-18 07:20:20,14450.0,200.0,990300.0
25,2021-10-18 07:18:40,14400.0,2500.0,990100.0
26,2021-10-18 07:18:39,14400.0,100.0,987600.0
27,2021-10-18 07:18:39,14400.0,500.0,987500.0
28,2021-10-18 07:18:25,14400.0,2000.0,987000.0
29,2021-10-18 07:18:01,14400.0,400.0,985000.0
30,2021-10-18 07:17:45,14400.0,100.0,984600.0
31,2021-10-18 07:17:44,14400.0,300.0,984500.0
32,2021-10-18 07:17:38,14400.0,500.0,984200.0
33,2021-10-18 07:17:21,14400.0,200.0,983700.0
34,2021-10-18 07:16:51,14400.0,500.0,983500.0
35,2021-10-18 07:16:38,14400.0,200.0,983000.0
36,2021-10-18 07:16:13,14400.0,200.0,982800.0
37,2021-10-18 07:15:53,14400.0,100.0,982600.0
38,2021-10-18 07:15:43,14400.0,1000.0,982500.0
39,2021-10-18 07:15:37,14400.0,300.0,981500.0
40,2021-10-18 07:15:35,14400.0,200.0,981200.0
41,2021-10-18 07:15:35,14400.0,100.0,981000.0
42,2021-10-18 07:15:35,14400.0,300.0,980900.0
43,2021-10-18 07:15:35,14400.0,500.0,980600.0
44,2021-10-18 07:15:07,14400.0,200.0,980100.0
45,2021-10-18 07:14:57,14400.0,200.0,979900.0
46,2021-10-18 07:13:43,14350.0,1800.0,979700.0
47,2021-10-18 07:13:43,14400.0,200.0,977900.0
48,2021-10-18 07:13:43,14400.0,100.0,977700.0
49,2021-10-18 07:13:43,14400.0,100.0,977600.0
50,2021-10-18 07:13:43,14400.0,3000.0,977500.0
51,2021-10-18 07:13:43,14400.0,100.0,974500.0
52,2021-10-18 07:13:43,14400.0,500.0,974400.0
53,2021-10-18 07:13:43,14400.0,700.0,973900.0
54,2021-10-18 07:13:43,14400.0,200.0,973200.0
55,2021-10-18 07:13:43,14400.0,500.0,973000.0
56,2021-10-18 07:13:43,14400.0,500.0,972500.0
57,2021-10-18 07:13:43,14400.0,1000.0,972000.0
58,2021-10-18 07:13:43,14400.0,1000.0,971000.0
59,2021-10-18 07:13:43,14400.0,100.0,970000.0
60,2021-10-18 07:13:43,14400.0,200.0,969900.0
61,2021-10-18 07:12:23,14400.0,800.0,969700.0
62,2021-10-18 07:12:23,14400.0,1000.0,968900.0
63,2021-10-18 07:12:23,14400.0,200.0,967900.0
64,2021-10-18 07:12:23,14400.0,100.0,967700.0
65,2021-10-18 07:12:23,14450.0,300.0,967600.0
66,2021-10-18 07:12:23,14450.0,300.0,967300.0
67,2021-10-18 07:12:23,14450.0,400.0,967000.0
68,2021-10-18 07:12:23,14450.0,100.0,966600.0
69,2021-10-18 07:12:23,14450.0,500.0,966500.0
70,2021-10-18 07:12:23,14450.0,1000.0,966000.0
71,2021-10-18 07:12:23,14450.0,200.0,965000.0
72,2021-10-18 07:12:23,14450.0,100.0,964800.0
73,2021-10-18 07:11:20,14500.0,200.0,964700.0
74,2021-10-18 07:11:20,14500.0,500.0,964500.0
75,2021-10-18 07:11:16,14450.0,900.0,964000.0
76,2021-10-18 07:11:16,14450.0,100.0,963100.0
77,2021-10-18 07:10:55,14500.0,100.0,963000.0
78,2021-10-18 07:10:23,14500.0,3000.0,962900.0
79,2021-10-18 07:09:58,14500.0,1000.0,959900.0
80,2021-10-18 07:09:52,14500.0,1000.0,958900.0
81,2021-10-18 07:09:52,14500.0,100.0,957900.0
82,2021-10-18 07:09:52,14500.0,100.0,957800.0
83,2021-10-18 07:09:52,14500.0,100.0,957700.0
84,2021-10-18 07:09:52,14500.0,100.0,957600.0
85,2021-10-18 07:07:45,14500.0,100.0,957500.0
86,2021-10-18 07:07:45,14500.0,5000.0,957400.0
87,2021-10-18 07:07:45,14500.0,4900.0,952400.0
88,2021-10-18 07:07:27,14500.0,5100.0,947500.0
89,2021-10-18 07:07:27,14500.0,500.0,942400.0
90,2021-10-18 07:07:27,14500.0,500.0,941900.0
91,2021-10-18 07:07:27,14500.0,700.0,941400.0
92,2021-10-18 07:07:27,14500.0,800.0,940700.0
93,2021-10-18 07:07:27,14500.0,100.0,939900.0
94,2021-10-18 07:07:27,14500.0,1000.0,939800.0
95,2021-10-18 07:07:27,14500.0,100.0,938800.0
96,2021-10-18 07:07:27,14500.0,300.0,938700.0
97,2021-10-18 07:07:27,14550.0,100.0,938400.0
98,2021-10-18 07:07:27,14550.0,1800.0,938300.0
99,2021-10-18 07:01:08,14550.0,300.0,936500.0
100,2021-10-18 07:00:53,14600.0,3000.0,936200.0
101,2021-10-18 06:59:24,14600.0,5000.0,933200.0
102,2021-10-18 06:59:19,14600.0,200.0,928200.0
103,2021-10-18 06:58:39,14600.0,200.0,928000.0
104,2021-10-18 06:58:24,14600.0,1500.0,927800.0
105,2021-10-18 06:58:16,14600.0,100.0,926300.0
106,2021-10-18 06:57:46,14600.0,500.0,926200.0
107,2021-10-18 06:57:41,14600.0,200.0,925700.0
108,2021-10-18 06:57:00,14550.0,100.0,925500.0
109,2021-10-18 06:56:52,14550.0,100.0,925400.0
110,2021-10-18 06:56:47,14550.0,9000.0,925300.0
111,2021-10-18 06:56:18,14550.0,300.0,916300.0
112,2021-10-18 06:55:54,14550.0,100.0,916000.0
113,2021-10-18 06:55:54,14550.0,100.0,915900.0
114,2021-10-18 06:55:54,14550.0,1000.0,915800.0
115,2021-10-18 06:55:54,14550.0,400.0,914800.0
116,2021-10-18 06:55:54,14550.0,1000.0,914400.0
117,2021-10-18 06:55:54,14550.0,500.0,913400.0
118,2021-10-18 06:55:54,14550.0,1000.0,912900.0
119,2021-10-18 06:55:54,14550.0,900.0,911900.0
120,2021-10-18 06:55:54,14550.0,200.0,911000.0
121,2021-10-18 06:55:54,14550.0,100.0,910800.0
122,2021-10-18 06:55:54,14550.0,500.0,910700.0
123,2021-10-18 06:55:54,14550.0,100.0,910200.0
124,2021-10-18 06:55:54,14550.0,100.0,910100.0
125,2021-10-18 06:55:54,14550.0,4000.0,910000.0
126,2021-10-18 06:55:54,14550.0,300.0,906000.0
127,2021-10-18 06:55:54,14550.0,100.0,905700.0
128,2021-10-18 06:55:54,14550.0,30100.0,905600.0
129,2021-10-18 06:54:30,14600.0,700.0,875500.0
130,2021-10-18 06:53:58,14600.0,300.0,874800.0
131,2021-10-18 06:53:42,14550.0,5100.0,874500.0
132,2021-10-18 06:53:42,14600.0,100.0,869400.0
133,2021-10-18 06:53:42,14600.0,100.0,869300.0
134,2021-10-18 06:53:42,14600.0,200.0,869200.0
135,2021-10-18 06:53:42,14600.0,500.0,869000.0
136,2021-10-18 06:53:27,14600.0,800.0,868500.0
137,2021-10-18 06:51:49,14600.0,1200.0,867700.0
138,2021-10-18 06:47:00,14550.0,14100.0,866500.0
139,2021-10-18 06:47:00,14600.0,10000.0,852400.0
140,2021-10-18 06:47:00,14600.0,100.0,842400.0
141,2021-10-18 06:47:00,14600.0,4000.0,842300.0
142,2021-10-18 06:47:00,14600.0,500.0,838300.0
143,2021-10-18 06:47:00,14600.0,2000.0,837800.0
144,2021-10-18 06:47:00,14600.0,1500.0,835800.0
145,2021-10-18 06:47:00,14600.0,500.0,834300.0
146,2021-10-18 06:47:00,14600.0,100.0,833800.0
147,2021-10-18 06:47:00,14600.0,1000.0,833700.0
148,2021-10-18 06:47:00,14600.0,900.0,832700.0
149,2021-10-18 06:47:00,14600.0,300.0,831800.0
150,2021-10-18 06:45:53,14800.0,200.0,831500.0
151,2021-10-18 06:45:53,14800.0,800.0,831300.0
152,2021-10-18 06:44:26,14600.0,300.0,830500.0
153,2021-10-18 06:44:26,14600.0,5000.0,830200.0
154,2021-10-18 06:44:26,14700.0,200.0,825200.0
155,2021-10-18 06:44:26,14700.0,800.0,825000.0
156,2021-10-18 06:44:26,14700.0,400.0,824200.0
157,2021-10-18 06:44:26,14700.0,2500.0,823800.0
158,2021-10-18 06:40:53,14700.0,500.0,821300.0
159,2021-10-18 06:40:53,14700.0,100.0,820800.0
160,2021-10-18 06:40:53,14700.0,100.0,820700.0
161,2021-10-18 06:40:53,14700.0,300.0,820600.0
162,2021-10-18 06:38:01,14800.0,100.0,820300.0
163,2021-10-18 06:37:28,14800.0,100.0,820200.0
164,2021-10-18 06:37:18,14800.0,200.0,820100.0
165,2021-10-18 06:37:18,14800.0,500.0,819900.0
166,2021-10-18 06:36:39,14800.0,1500.0,819400.0
167,2021-10-18 06:35:06,14800.0,2000.0,817900.0
168,2021-10-18 06:34:26,14800.0,1000.0,815900.0
169,2021-10-18 06:34:14,14800.0,2000.0,814900.0
170,2021-10-18 06:31:31,14800.0,1500.0,812900.0
171,2021-10-18 06:31:28,14700.0,500.0,811400.0
172,2021-10-18 06:30:37,14800.0,100.0,810900.0
173,2021-10-18 06:30:17,14800.0,200.0,810800.0
174,2021-10-18 06:29:15,14550.0,400.0,810600.0
175,2021-10-18 06:29:04,14500.0,700.0,810200.0
176,2021-10-18 06:28:39,14500.0,500.0,809500.0
177,2021-10-18 06:28:39,14500.0,100.0,809000.0
178,2021-10-18 06:28:39,14500.0,500.0,808900.0
179,2021-10-18 06:28:39,14500.0,500.0,808400.0
180,2021-10-18 06:28:39,14500.0,400.0,807900.0
181,2021-10-18 06:28:39,14500.0,500.0,807500.0
182,2021-10-18 06:28:39,14500.0,500.0,807000.0
183,2021-10-18 06:28:39,14500.0,1000.0,806500.0
184,2021-10-18 06:28:39,14500.0,200.0,805500.0
185,2021-10-18 06:28:39,14500.0,200.0,805300.0
186,2021-10-18 06:28:39,14500.0,100.0,805100.0
187,2021-10-18 06:28:39,14500.0,1000.0,805000.0
188,2021-10-18 06:28:39,14500.0,200.0,804000.0
189,2021-10-18 06:28:39,14500.0,1000.0,803800.0
190,2021-10-18 06:28:39,14600.0,1000.0,802800.0
191,2021-10-18 06:28:39,14600.0,100.0,801800.0
192,2021-10-18 06:28:39,14600.0,200.0,801700.0
193,2021-10-18 06:28:39,14600.0,500.0,801500.0
194,2021-10-18 06:28:39,14600.0,200.0,801000.0
195,2021-10-18 06:28:39,14600.0,100.0,800800.0
196,2021-10-18 06:28:39,14600.0,100.0,800700.0
197,2021-10-18 06:28:39,14700.0,400.0,800600.0
198,2021-10-18 06:28:07,14800.0,300.0,800200.0
199,2021-10-18 06:27:16,14700.0,600.0,799900.0
200,2021-10-18 06:27:16,14700.0,500.0,799300.0
201,2021-10-18 06:27:16,14700.0,200.0,798800.0
202,2021-10-18 06:27:16,14700.0,700.0,798600.0
203,2021-10-18 06:27:14,14800.0,700.0,797900.0
204,2021-10-18 06:27:14,14800.0,800.0,797200.0
205,2021-10-18 06:25:31,14700.0,1300.0,796400.0
206,2021-10-18 06:24:19,14700.0,9000.0,795100.0
207,2021-10-18 06:24:19,14700.0,300.0,786100.0
208,2021-10-18 06:24:19,14700.0,200.0,785800.0
209,2021-10-18 06:24:19,14700.0,100.0,785600.0
210,2021-10-18 06:24:19,14700.0,100.0,785500.0
211,2021-10-18 06:24:19,14700.0,10000.0,785400.0
212,2021-10-18 06:24:19,14750.0,2000.0,775400.0
213,2021-10-18 06:24:19,14750.0,2000.0,773400.0
214,2021-10-18 06:24:12,14800.0,500.0,771400.0
215,2021-10-18 06:24:07,14800.0,200.0,770900.0
216,2021-10-18 06:23:58,14800.0,100.0,770700.0
217,2021-10-18 06:23:12,14800.0,100.0,770600.0
218,2021-10-18 06:22:03,14800.0,5000.0,770500.0
219,2021-10-18 06:22:03,14800.0,2000.0,765500.0
220,2021-10-18 06:22:03,14800.0,500.0,763500.0
221,2021-10-18 06:22:03,14800.0,100.0,763000.0
222,2021-10-18 06:22:03,14800.0,100.0,762900.0
223,2021-10-18 06:22:03,14850.0,500.0,762800.0
224,2021-10-18 06:22:03,14850.0,100.0,762300.0
225,2021-10-18 06:19:14,14850.0,100.0,762200.0
226,2021-10-18 06:19:14,14850.0,100.0,762100.0
227,2021-10-18 06:19:14,14850.0,100.0,762000.0
228,2021-10-18 06:19:14,14900.0,1000.0,761900.0
229,2021-10-18 06:19:14,14900.0,500.0,760900.0
230,2021-10-18 06:19:14,14900.0,100.0,760400.0
231,2021-10-18 06:19:14,14950.0,600.0,760300.0
232,2021-10-18 06:19:14,14950.0,300.0,759700.0
233,2021-10-18 06:19:14,14950.0,800.0,759400.0
234,2021-10-18 06:19:14,14950.0,200.0,758600.0
235,2021-10-18 06:19:11,15000.0,200.0,758400.0
236,2021-10-18 06:15:39,14950.0,300.0,758200.0
237,2021-10-18 06:15:14,14950.0,400.0,757900.0
238,2021-10-18 06:13:56,15000.0,500.0,757500.0
239,2021-10-18 06:13:56,15000.0,100.0,757000.0
240,2021-10-18 06:13:56,15000.0,100.0,756900.0
241,2021-10-18 06:13:56,15000.0,100.0,756800.0
242,2021-10-18 06:13:56,15000.0,200.0,756700.0
243,2021-10-18 06:12:09,14950.0,200.0,756500.0
244,2021-10-18 06:11:51,14950.0,100.0,756300.0
245,2021-10-18 06:09:19,15000.0,2100.0,756200.0
246,2021-10-18 06:08:58,15000.0,700.0,754100.0
247,2021-10-18 06:08:23,15000.0,500.0,753400.0
248,2021-10-18 06:08:16,15000.0,1000.0,752900.0
249,2021-10-18 06:08:11,15000.0,100.0,751900.0
250,2021-10-18 06:08:11,15000.0,1100.0,751800.0
251,2021-10-18 06:08:11,15000.0,5200.0,750700.0
252,2021-10-18 06:06:57,14900.0,100.0,745500.0
253,2021-10-18 06:06:05,14900.0,800.0,745400.0
254,2021-10-18 06:05:26,14900.0,1000.0,744600.0
255,2021-10-18 06:04:39,14900.0,300.0,743600.0
256,2021-10-18 06:03:32,14900.0,100.0,743300.0
257,2021-10-18 06:01:34,14900.0,1000.0,743200.0
258,2021-10-18 06:01:34,14900.0,100.0,742200.0
259,2021-10-18 06:01:34,14900.0,600.0,742100.0
260,2021-10-18 06:01:34,14900.0,500.0,741500.0
261,2021-10-18 06:01:34,14900.0,100.0,741000.0
262,2021-10-18 06:01:34,14900.0,200.0,740900.0
263,2021-10-18 06:01:34,14900.0,2200.0,740700.0
264,2021-10-18 06:01:34,14900.0,300.0,738500.0
265,2021-10-18 06:01:34,14900.0,100.0,738200.0
266,2021-10-18 06:01:34,14900.0,400.0,738100.0
267,2021-10-18 06:01:34,14900.0,6800.0,737700.0
268,2021-10-18 06:00:44,15000.0,2000.0,730900.0
269,2021-10-18 06:00:22,15000.0,100.0,728900.0
270,2021-10-18 06:00:22,15000.0,1700.0,728800.0
271,2021-10-18 06:00:08,15000.0,1000.0,727100.0
272,2021-10-18 06:00:08,15000.0,300.0,726100.0
273,2021-10-18 04:29:41,15000.0,200.0,725800.0
274,2021-10-18 04:29:41,15000.0,300.0,725600.0
275,2021-10-18 04:29:41,15000.0,200.0,725300.0
276,2021-10-18 04:29:25,15000.0,3000.0,725100.0
277,2021-10-18 04:28:49,15000.0,800.0,722100.0
278,2021-10-18 04:28:49,15000.0,500.0,721300.0
279,2021-10-18 04:28:49,15000.0,700.0,720800.0
280,2021-10-18 04:28:04,15000.0,400.0,720100.0
281,2021-10-18 04:27:49,15000.0,500.0,719700.0
282,2021-10-18 04:27:29,15000.0,100.0,719200.0
283,2021-10-18 04:26:58,15000.0,200.0,719100.0
284,2021-10-18 04:26:43,15050.0,100.0,718900.0
285,2021-10-18 04:26:39,15000.0,100.0,718800.0
286,2021-10-18 04:25:21,15000.0,200.0,718700.0
287,2021-10-18 04:25:21,15000.0,1000.0,718500.0
288,2021-10-18 04:25:21,15000.0,100.0,717500.0
289,2021-10-18 04:25:21,15000.0,1000.0,717400.0
290,2021-10-18 04:25:21,15000.0,1100.0,716400.0
291,2021-10-18 04:25:00,15000.0,3100.0,715300.0
292,2021-10-18 04:25:00,15000.0,5300.0,712200.0
293,2021-10-18 04:24:07,14950.0,200.0,706900.0
294,2021-10-18 04:24:07,14950.0,100.0,706700.0
295,2021-10-18 04:24:07,14950.0,100.0,706600.0
296,2021-10-18 04:21:32,14950.0,500.0,706500.0
297,2021-10-18 04:21:04,14950.0,500.0,706000.0
298,2021-10-18 04:20:52,14900.0,1300.0,705500.0
299,2021-10-18 04:20:52,14900.0,500.0,704200.0
300,2021-10-18 04:20:52,14900.0,3100.0,703700.0
301,2021-10-18 04:20:21,14900.0,300.0,700600.0
302,2021-10-18 04:19:03,14900.0,100.0,700300.0
303,2021-10-18 04:18:06,14850.0,100.0,700200.0
304,2021-10-18 04:15:02,14850.0,800.0,700100.0
305,2021-10-18 04:15:02,14850.0,200.0,699300.0
306,2021-10-18 04:14:59,14900.0,100.0,699100.0
307,2021-10-18 04:14:51,14900.0,100.0,699000.0
308,2021-10-18 04:14:47,14900.0,300.0,698900.0
309,2021-10-18 04:13:59,14850.0,100.0,698600.0
310,2021-10-18 04:11:11,14850.0,300.0,698500.0
311,2021-10-18 04:11:11,14850.0,400.0,698200.0
312,2021-10-18 04:11:11,14850.0,300.0,697800.0
313,2021-10-18 04:08:22,14850.0,900.0,697500.0
314,2021-10-18 04:08:06,14850.0,200.0,696600.0
315,2021-10-18 04:05:23,14850.0,500.0,696400.0
316,2021-10-18 04:03:43,14950.0,1500.0,695900.0
317,2021-10-18 04:03:17,14900.0,100.0,694400.0
318,2021-10-18 04:02:36,14900.0,500.0,694300.0
319,2021-10-18 04:02:07,14900.0,100.0,693800.0
320,2021-10-18 04:01:58,14850.0,1000.0,693700.0
321,2021-10-18 04:01:32,14850.0,1000.0,692700.0
322,2021-10-18 04:01:21,14850.0,200.0,691700.0
323,2021-10-18 04:01:21,14850.0,800.0,691500.0
324,2021-10-18 04:00:44,14900.0,700.0,690700.0
325,2021-10-18 04:00:15,14900.0,100.0,690000.0
326,2021-10-18 03:59:54,14900.0,200.0,689900.0
327,2021-10-18 03:59:54,14900.0,500.0,689700.0
328,2021-10-18 03:59:54,14900.0,1000.0,689200.0
329,2021-10-18 03:59:54,14900.0,600.0,688200.0
330,2021-10-18 03:57:49,14900.0,900.0,687600.0
331,2021-10-18 03:57:42,14900.0,100.0,686700.0
332,2021-10-18 03:57:37,14900.0,1000.0,686600.0
333,2021-10-18 03:57:14,14950.0,1500.0,685600.0
334,2021-10-18 03:56:50,14950.0,500.0,684100.0
335,2021-10-18 03:56:31,15000.0,1000.0,683600.0
336,2021-10-18 03:56:31,15000.0,200.0,682600.0
337,2021-10-18 03:56:31,15000.0,3000.0,682400.0
338,2021-10-18 03:56:31,15000.0,300.0,679400.0
339,2021-10-18 03:56:31,15000.0,100.0,679100.0
340,2021-10-18 03:56:31,15000.0,400.0,679000.0
341,2021-10-18 03:56:31,15000.0,3700.0,678600.0
342,2021-10-18 03:56:26,15000.0,200.0,674900.0
343,2021-10-18 03:56:22,15000.0,500.0,674700.0
344,2021-10-18 03:56:11,15000.0,1000.0,674200.0
345,2021-10-18 03:56:09,15000.0,1500.0,673200.0
346,2021-10-18 03:56:07,15000.0,12000.0,671700.0
347,2021-10-18 03:56:04,15000.0,10000.0,659700.0
348,2021-10-18 03:55:51,15000.0,1100.0,649700.0
349,2021-10-18 03:55:51,15000.0,100.0,648600.0
350,2021-10-18 03:55:51,15000.0,200.0,648500.0
351,2021-10-18 03:55:51,15000.0,38600.0,648300.0
352,2021-10-18 03:55:44,15000.0,2000.0,609700.0
353,2021-10-18 03:55:28,15000.0,1000.0,607700.0
354,2021-10-18 03:55:21,15000.0,100.0,606700.0
355,2021-10-18 03:54:45,15000.0,400.0,606600.0
356,2021-10-18 03:53:54,15050.0,800.0,606200.0
357,2021-10-18 03:53:48,15050.0,100.0,605400.0
358,2021-10-18 03:53:41,15050.0,800.0,605300.0
359,2021-10-18 03:53:39,15050.0,300.0,604500.0
360,2021-10-18 03:53:38,15050.0,2700.0,604200.0
361,2021-10-18 03:53:03,15050.0,5800.0,601500.0
362,2021-10-18 03:52:23,15050.0,500.0,595700.0
363,2021-10-18 03:51:37,15050.0,100.0,595200.0
364,2021-10-18 03:51:34,15050.0,500.0,595100.0
365,2021-10-18 03:51:31,15050.0,400.0,594600.0
366,2021-10-18 03:51:31,15050.0,200.0,594200.0
367,2021-10-18 03:51:31,15050.0,300.0,594000.0
368,2021-10-18 03:51:31,15050.0,200.0,593700.0
369,2021-10-18 03:51:06,15050.0,400.0,593500.0
370,2021-10-18 03:50:23,15100.0,200.0,593100.0
371,2021-10-18 03:48:48,15100.0,300.0,592900.0
372,2021-10-18 03:48:15,15100.0,200.0,592600.0
373,2021-10-18 03:48:15,15100.0,100.0,592400.0
374,2021-10-18 03:48:15,15100.0,500.0,592300.0
375,2021-10-18 03:48:15,15100.0,100.0,591800.0
376,2021-10-18 03:48:15,15100.0,100.0,591700.0
377,2021-10-18 03:48:11,15100.0,1100.0,591600.0
378,2021-10-18 03:48:00,15100.0,800.0,590500.0
379,2021-10-18 03:48:00,15100.0,300.0,589700.0
380,2021-10-18 03:48:00,15100.0,100.0,589400.0
381,2021-10-18 03:48:00,15100.0,200.0,589300.0
382,2021-10-18 03:48:00,15100.0,100.0,589100.0
383,2021-10-18 03:48:00,15100.0,2500.0,589000.0
384,2021-10-18 03:46:43,15100.0,1000.0,586500.0
385,2021-10-18 03:46:27,15200.0,500.0,585500.0
386,2021-10-18 03:45:55,15200.0,500.0,585000.0
387,2021-10-18 03:45:51,15100.0,500.0,584500.0
388,2021-10-18 03:45:22,15100.0,500.0,584000.0
389,2021-10-18 03:44:42,15100.0,1000.0,583500.0
390,2021-10-18 03:44:31,15100.0,900.0,582500.0
391,2021-10-18 03:44:31,15100.0,100.0,581600.0
392,2021-10-18 03:44:25,15100.0,300.0,581500.0
393,2021-10-18 03:44:12,15100.0,100.0,581200.0
394,2021-10-18 03:44:12,15100.0,400.0,581100.0
395,2021-10-18 03:44:08,15100.0,300.0,580700.0
396,2021-10-18 03:44:06,15100.0,1000.0,580400.0
397,2021-10-18 03:43:56,15100.0,300.0,579400.0
398,2021-10-18 03:42:10,15100.0,800.0,579100.0
399,2021-10-18 03:42:05,15100.0,300.0,578300.0
400,2021-10-18 03:42:04,15100.0,300.0,578000.0
401,2021-10-18 03:42:04,15100.0,500.0,577700.0
402,2021-10-18 03:42:04,15100.0,1200.0,577200.0
403,2021-10-18 03:41:36,15100.0,800.0,576000.0
404,2021-10-18 03:41:31,15050.0,4400.0,575200.0
405,2021-10-18 03:41:31,15050.0,100.0,570800.0
406,2021-10-18 03:41:31,15050.0,500.0,570700.0
407,2021-10-18 03:41:21,15100.0,100.0,570200.0
408,2021-10-18 03:41:21,15100.0,3000.0,570100.0
409,2021-10-18 03:41:21,15100.0,400.0,567100.0
410,2021-10-18 03:41:21,15150.0,200.0,566700.0
411,2021-10-18 03:41:21,15150.0,500.0,566500.0
412,2021-10-18 03:41:21,15150.0,100.0,566000.0
413,2021-10-18 03:41:18,15200.0,200.0,565900.0
414,2021-10-18 03:41:18,15200.0,300.0,565700.0
415,2021-10-18 03:40:54,15200.0,1500.0,565400.0
416,2021-10-18 03:40:53,15300.0,100.0,563900.0
417,2021-10-18 03:40:43,15200.0,500.0,563800.0
418,2021-10-18 03:40:32,15200.0,500.0,563300.0
419,2021-10-18 03:40:20,15300.0,400.0,562800.0
420,2021-10-18 03:40:20,15300.0,100.0,562400.0
421,2021-10-18 03:40:20,15300.0,700.0,562300.0
422,2021-10-18 03:39:53,15300.0,300.0,561600.0
423,2021-10-18 03:39:50,15300.0,1000.0,561300.0
424,2021-10-18 03:39:35,15300.0,100.0,560300.0
425,2021-10-18 03:39:35,15300.0,100.0,560200.0
426,2021-10-18 03:39:35,15300.0,100.0,560100.0
427,2021-10-18 03:39:35,15300.0,100.0,560000.0
428,2021-10-18 03:39:31,15300.0,100.0,559900.0
429,2021-10-18 03:39:31,15300.0,1100.0,559800.0
430,2021-10-18 03:39:31,15300.0,100.0,558700.0
431,2021-10-18 03:39:31,15300.0,2700.0,558600.0
432,2021-10-18 03:39:26,15300.0,800.0,555900.0
433,2021-10-18 03:39:01,15300.0,200.0,555100.0
434,2021-10-18 03:38:32,15150.0,1000.0,554900.0
435,2021-10-18 03:38:32,15150.0,1000.0,553900.0
436,2021-10-18 03:38:32,15150.0,900.0,552900.0
437,2021-10-18 03:38:32,15150.0,200.0,552000.0
438,2021-10-18 03:38:32,15150.0,5000.0,551800.0
439,2021-10-18 03:38:32,15150.0,2900.0,546800.0
440,2021-10-18 03:38:21,15300.0,1300.0,543900.0
441,2021-10-18 03:38:21,15300.0,500.0,542600.0
442,2021-10-18 03:38:21,15300.0,1200.0,542100.0
443,2021-10-18 03:38:16,15300.0,200.0,540900.0
444,2021-10-18 03:38:11,15300.0,3600.0,540700.0
445,2021-10-18 03:38:11,15300.0,500.0,537100.0
446,2021-10-18 03:38:11,15300.0,500.0,536600.0
447,2021-10-18 03:38:11,15300.0,5000.0,536100.0
448,2021-10-18 03:38:11,15300.0,2200.0,531100.0
449,2021-10-18 03:38:11,15200.0,200.0,528900.0
450,2021-10-18 03:38:11,15200.0,5000.0,528700.0
451,2021-10-18 03:38:11,15200.0,300.0,523700.0
452,2021-10-18 03:38:11,15200.0,300.0,523400.0
453,2021-10-18 03:38:11,15200.0,100.0,523100.0
454,2021-10-18 03:38:11,15200.0,2000.0,523000.0
455,2021-10-18 03:38:11,15200.0,300.0,521000.0
456,2021-10-18 03:38:10,15200.0,400.0,520700.0
457,2021-10-18 03:38:10,15200.0,100.0,520300.0
458,2021-10-18 03:38:07,15150.0,1500.0,520200.0
459,2021-10-18 03:37:44,15200.0,200.0,518700.0
460,2021-10-18 03:37:42,15150.0,1000.0,518500.0
461,2021-10-18 03:37:28,15150.0,9100.0,517500.0
462,2021-10-18 03:37:27,15150.0,900.0,508400.0
463,2021-10-18 03:37:25,15150.0,100.0,507500.0
464,2021-10-18 03:37:16,15150.0,100.0,507400.0
465,2021-10-18 03:36:23,15150.0,100.0,507300.0
466,2021-10-18 03:36:15,15150.0,400.0,507200.0
467,2021-10-18 03:36:00,15150.0,200.0,506800.0
468,2021-10-18 03:35:54,15200.0,6700.0,506600.0
469,2021-10-18 03:35:54,15200.0,500.0,499900.0
470,2021-10-18 03:35:54,15200.0,1800.0,499400.0
471,2021-10-18 03:35:54,15200.0,1000.0,497600.0
472,2021-10-18 03:35:51,15150.0,200.0,496600.0
473,2021-10-18 03:35:51,15150.0,300.0,496400.0
474,2021-10-18 03:35:23,15050.0,400.0,496100.0
475,2021-10-18 03:35:11,15050.0,500.0,495700.0
476,2021-10-18 03:35:10,15150.0,700.0,495200.0
477,2021-10-18 03:35:10,15150.0,100.0,494500.0
478,2021-10-18 03:35:10,15150.0,2200.0,494400.0
479,2021-10-18 03:35:10,15100.0,1100.0,492200.0
480,2021-10-18 03:35:10,15100.0,900.0,491100.0
481,2021-10-18 03:35:10,15100.0,100.0,490200.0
482,2021-10-18 03:35:10,15100.0,300.0,490100.0
483,2021-10-18 03:35:10,15100.0,200.0,489800.0
484,2021-10-18 03:35:10,15100.0,3000.0,489600.0
485,2021-10-18 03:35:10,15050.0,100.0,486600.0
486,2021-10-18 03:35:10,15050.0,2000.0,486500.0
487,2021-10-18 03:35:10,15050.0,100.0,484500.0
488,2021-10-18 03:35:07,15050.0,900.0,484400.0
489,2021-10-18 03:35:07,15050.0,1000.0,483500.0
490,2021-10-18 03:35:07,15050.0,100.0,482500.0
491,2021-10-18 03:35:04,15050.0,700.0,482400.0
492,2021-10-18 03:34:55,15050.0,3700.0,481700.0
493,2021-10-18 03:34:24,15050.0,500.0,478000.0
494,2021-10-18 03:33:59,15000.0,3000.0,477500.0
495,2021-10-18 03:33:50,15000.0,100.0,474500.0
496,2021-10-18 03:33:50,15000.0,4800.0,474400.0
497,2021-10-18 03:33:48,15000.0,200.0,469600.0
498,2021-10-18 03:33:48,15000.0,200.0,469400.0
499,2021-10-18 03:33:48,15000.0,1000.0,469200.0
500,2021-10-18 03:33:38,15000.0,1400.0,468200.0
501,2021-10-18 03:33:38,15000.0,500.0,466800.0
502,2021-10-18 03:33:38,15000.0,4600.0,466300.0
503,2021-10-18 03:33:38,15000.0,1400.0,461700.0
504,2021-10-18 03:33:38,15000.0,300.0,460300.0
505,2021-10-18 03:33:38,15000.0,1000.0,460000.0
506,2021-10-18 03:33:38,15000.0,500.0,459000.0
507,2021-10-18 03:33:38,15000.0,100.0,458500.0
508,2021-10-18 03:33:38,15000.0,500.0,458400.0
509,2021-10-18 03:33:38,15000.0,1700.0,457900.0
510,2021-10-18 03:33:27,15000.0,300.0,456200.0
511,2021-10-18 03:33:27,15000.0,900.0,455900.0
512,2021-10-18 03:33:27,15000.0,3100.0,455000.0
513,2021-10-18 03:33:27,14950.0,700.0,451900.0
514,2021-10-18 03:33:22,14950.0,100.0,451200.0
515,2021-10-18 03:33:22,14950.0,200.0,451100.0
516,2021-10-18 03:33:22,14950.0,1000.0,450900.0
517,2021-10-18 03:33:22,14950.0,100.0,449900.0
518,2021-10-18 03:33:19,15000.0,4700.0,449800.0
519,2021-10-18 03:33:19,15000.0,100.0,445100.0
520,2021-10-18 03:33:19,15000.0,1000.0,445000.0
521,2021-10-18 03:33:19,15000.0,4200.0,444000.0
522,2021-10-18 03:32:58,15000.0,100.0,439800.0
523,2021-10-18 03:32:56,15000.0,3300.0,439700.0
524,2021-10-18 03:32:31,15000.0,3100.0,436400.0
525,2021-10-18 03:32:26,14950.0,300.0,433300.0
526,2021-10-18 03:32:26,14950.0,700.0,433000.0
527,2021-10-18 03:32:26,15000.0,1100.0,432300.0
528,2021-10-18 03:32:14,15000.0,1200.0,431200.0
529,2021-10-18 03:32:14,15000.0,500.0,430000.0
530,2021-10-18 03:32:14,15000.0,200.0,429500.0
531,2021-10-18 03:32:14,15000.0,2000.0,429300.0
532,2021-10-18 03:32:14,15000.0,500.0,427300.0
533,2021-10-18 03:32:14,15000.0,9500.0,426800.0
534,2021-10-18 03:32:14,15000.0,700.0,417300.0
535,2021-10-18 03:32:14,15000.0,100.0,416600.0
536,2021-10-18 03:32:14,15000.0,100.0,416500.0
537,2021-10-18 03:32:14,15000.0,2000.0,416400.0
538,2021-10-18 03:32:14,15000.0,100.0,414400.0
539,2021-10-18 03:32:14,15000.0,500.0,414300.0
540,2021-10-18 03:32:14,15000.0,500.0,413800.0
541,2021-10-18 03:32:14,15000.0,2000.0,413300.0
542,2021-10-18 03:32:14,15000.0,100.0,411300.0
543,2021-10-18 03:31:56,14950.0,200.0,411200.0
544,2021-10-18 03:31:56,14950.0,500.0,411000.0
545,2021-10-18 03:31:56,14950.0,1900.0,410500.0
546,2021-10-18 03:31:56,14950.0,1000.0,408600.0
547,2021-10-18 03:31:56,14950.0,700.0,407600.0
548,2021-10-18 03:31:39,14850.0,200.0,406900.0
549,2021-10-18 03:31:18,14950.0,300.0,406700.0
550,2021-10-18 03:31:15,14950.0,1200.0,406400.0
551,2021-10-18 03:31:06,14950.0,1000.0,405200.0
552,2021-10-18 03:30:50,15000.0,1000.0,404200.0
553,2021-10-18 03:30:43,15000.0,1200.0,403200.0
554,2021-10-18 03:30:43,15000.0,100.0,402000.0
555,2021-10-18 03:30:43,15000.0,400.0,401900.0
556,2021-10-18 03:30:43,15000.0,300.0,401500.0
557,2021-10-18 03:30:25,15000.0,500.0,401200.0
558,2021-10-18 03:29:57,15000.0,200.0,400700.0
559,2021-10-18 03:29:57,15000.0,1000.0,400500.0
560,2021-10-18 03:29:57,15000.0,1000.0,399500.0
561,2021-10-18 03:29:57,15000.0,300.0,398500.0
562,2021-10-18 03:29:57,15000.0,400.0,398200.0
563,2021-10-18 03:29:57,14950.0,100.0,397800.0
564,2021-10-18 03:29:57,14950.0,100.0,397700.0
565,2021-10-18 03:29:57,14950.0,5900.0,397600.0
566,2021-10-18 03:29:57,14950.0,7500.0,391700.0
567,2021-10-18 03:29:57,14950.0,300.0,384200.0
568,2021-10-18 03:29:57,14950.0,500.0,383900.0
569,2021-10-18 03:29:57,14950.0,400.0,383400.0
570,2021-10-18 03:29:57,14900.0,500.0,383000.0
571,2021-10-18 03:29:57,14900.0,200.0,382500.0
572,2021-10-18 03:29:57,14900.0,300.0,382300.0
573,2021-10-18 03:29:57,14900.0,1300.0,382000.0
574,2021-10-18 03:29:48,14850.0,100.0,380700.0
575,2021-10-18 03:29:10,14900.0,700.0,380600.0
576,2021-10-18 03:29:10,14900.0,300.0,379900.0
577,2021-10-18 03:29:10,14900.0,1000.0,379600.0
578,2021-10-18 03:29:07,14900.0,900.0,378600.0
579,2021-10-18 03:29:07,14900.0,600.0,377700.0
580,2021-10-18 03:29:07,14900.0,500.0,377100.0
581,2021-10-18 03:29:07,14900.0,1000.0,376600.0
582,2021-10-18 03:28:49,14900.0,1000.0,375600.0
583,2021-10-18 03:28:49,14900.0,200.0,374600.0
584,2021-10-18 03:28:46,14900.0,800.0,374400.0
585,2021-10-18 03:28:46,14900.0,200.0,373600.0
586,2021-10-18 03:28:35,14900.0,800.0,373400.0
587,2021-10-18 03:28:35,14900.0,200.0,372600.0
588,2021-10-18 03:28:33,14900.0,1000.0,372400.0
589,2021-10-18 03:28:33,14900.0,1200.0,371400.0
590,2021-10-18 03:28:19,14900.0,2600.0,370200.0
591,2021-10-18 03:28:19,14900.0,200.0,367600.0
592,2021-10-18 03:28:18,14950.0,200.0,367400.0
593,2021-10-18 03:28:13,14950.0,200.0,367200.0
594,2021-10-18 03:28:13,14950.0,100.0,367000.0
595,2021-10-18 03:28:13,14950.0,300.0,366900.0
596,2021-10-18 03:28:07,14950.0,1000.0,366600.0
597,2021-10-18 03:27:51,14950.0,1000.0,365600.0
598,2021-10-18 03:27:49,14950.0,300.0,364600.0
599,2021-10-18 03:27:45,14950.0,500.0,364300.0
600,2021-10-18 03:27:37,14950.0,800.0,363800.0
601,2021-10-18 03:27:37,14950.0,300.0,363000.0
602,2021-10-18 03:27:34,14950.0,500.0,362700.0
603,2021-10-18 03:27:29,14950.0,200.0,362200.0
604,2021-10-18 03:27:27,14950.0,300.0,362000.0
605,2021-10-18 03:27:06,14950.0,100.0,361700.0
606,2021-10-18 03:26:44,15000.0,500.0,361600.0
607,2021-10-18 03:26:40,14900.0,400.0,361100.0
608,2021-10-18 03:26:40,14900.0,1600.0,360700.0
609,2021-10-18 03:26:40,14900.0,500.0,359100.0
610,2021-10-18 03:26:37,14900.0,200.0,358600.0
611,2021-10-18 03:26:23,14900.0,600.0,358400.0
612,2021-10-18 03:26:16,14900.0,100.0,357800.0
613,2021-10-18 03:26:15,14900.0,200.0,357700.0
614,2021-10-18 03:26:12,14900.0,3000.0,357500.0
615,2021-10-18 03:26:03,14850.0,4000.0,354500.0
616,2021-10-18 03:25:53,14850.0,2000.0,350500.0
617,2021-10-18 03:25:53,14850.0,1000.0,348500.0
618,2021-10-18 03:25:53,14850.0,300.0,347500.0
619,2021-10-18 03:25:53,14850.0,1700.0,347200.0
620,2021-10-18 03:25:48,14800.0,100.0,345500.0
621,2021-10-18 03:25:42,14850.0,4300.0,345400.0
622,2021-10-18 03:25:42,14850.0,100.0,341100.0
623,2021-10-18 03:25:42,14850.0,200.0,341000.0
624,2021-10-18 03:25:42,14850.0,1000.0,340800.0
625,2021-10-18 03:25:42,14850.0,100.0,339800.0
626,2021-10-18 03:25:42,14850.0,100.0,339700.0
627,2021-10-18 03:25:42,14850.0,200.0,339600.0
628,2021-10-18 03:25:33,14800.0,100.0,339400.0
629,2021-10-18 03:25:33,14800.0,1000.0,339300.0
630,2021-10-18 03:25:33,14800.0,1000.0,338300.0
631,2021-10-18 03:25:33,14800.0,1000.0,337300.0
632,2021-10-18 03:25:21,14750.0,2600.0,336300.0
633,2021-10-18 03:25:19,14700.0,100.0,333700.0
634,2021-10-18 03:25:19,14700.0,400.0,333600.0
635,2021-10-18 03:24:55,14700.0,1000.0,333200.0
636,2021-10-18 03:24:45,14700.0,3600.0,332200.0
637,2021-10-18 03:24:44,14700.0,2600.0,328600.0
638,2021-10-18 03:24:44,14700.0,2400.0,326000.0
639,2021-10-18 03:24:43,14700.0,1000.0,323600.0
640,2021-10-18 03:24:42,14700.0,1000.0,322600.0
641,2021-10-18 03:24:24,14700.0,300.0,321600.0
642,2021-10-18 03:24:13,14600.0,800.0,321300.0
643,2021-10-18 03:23:57,14600.0,200.0,320500.0
644,2021-10-18 03:23:55,14600.0,2500.0,320300.0
645,2021-10-18 03:23:43,14600.0,300.0,317800.0
646,2021-10-18 03:23:43,14600.0,100.0,317500.0
647,2021-10-18 03:23:43,14600.0,200.0,317400.0
648,2021-10-18 03:23:33,14600.0,1000.0,317200.0
649,2021-10-18 03:23:33,14600.0,4800.0,316200.0
650,2021-10-18 03:23:33,14600.0,200.0,311400.0
651,2021-10-18 03:23:31,14500.0,700.0,311200.0
652,2021-10-18 03:23:31,14500.0,300.0,310500.0
653,2021-10-18 03:23:31,14500.0,2000.0,310200.0
654,2021-10-18 03:21:57,14500.0,100.0,308200.0
655,2021-10-18 03:21:49,14500.0,300.0,308100.0
656,2021-10-18 03:21:49,14500.0,200.0,307800.0
657,2021-10-18 03:21:49,14500.0,2400.0,307600.0
658,2021-10-18 03:21:49,14500.0,200.0,305200.0
659,2021-10-18 03:21:40,14500.0,500.0,305000.0
660,2021-10-18 03:21:29,14500.0,1200.0,304500.0
661,2021-10-18 03:21:29,14500.0,500.0,303300.0
662,2021-10-18 03:21:29,14500.0,300.0,302800.0
663,2021-10-18 03:21:03,14500.0,300.0,302500.0
664,2021-10-18 03:20:38,14500.0,2300.0,302200.0
665,2021-10-18 03:20:38,14500.0,300.0,299900.0
666,2021-10-18 03:20:38,14500.0,400.0,299600.0
667,2021-10-18 03:19:59,14500.0,100.0,299200.0
668,2021-10-18 03:19:50,14500.0,1500.0,299100.0
669,2021-10-18 03:19:50,14500.0,3000.0,297600.0
670,2021-10-18 03:19:50,14500.0,2500.0,294600.0
671,2021-10-18 03:19:31,14500.0,1000.0,292100.0
672,2021-10-18 03:18:59,14450.0,2700.0,291100.0
673,2021-10-18 03:18:00,14450.0,2300.0,288400.0
674,2021-10-18 03:17:40,14450.0,1000.0,286100.0
675,2021-10-18 03:17:33,14450.0,5000.0,285100.0
676,2021-10-18 03:17:33,14450.0,1200.0,280100.0
677,2021-10-18 03:16:55,14400.0,1500.0,278900.0
678,2021-10-18 03:16:55,14400.0,900.0,277400.0
679,2021-10-18 03:16:55,14400.0,600.0,276500.0
680,2021-10-18 03:16:55,14400.0,100.0,275900.0
681,2021-10-18 03:16:55,14400.0,200.0,275800.0
682,2021-10-18 03:16:55,14400.0,100.0,275600.0
683,2021-10-18 03:16:55,14400.0,200.0,275500.0
684,2021-10-18 03:16:55,14350.0,800.0,275300.0
685,2021-10-18 03:16:33,14300.0,200.0,274500.0
686,2021-10-18 03:16:24,14350.0,100.0,274300.0
687,2021-10-18 03:16:24,14350.0,2700.0,274200.0
688,2021-10-18 03:15:53,14350.0,1500.0,271500.0
689,2021-10-18 03:15:19,14350.0,800.0,270000.0
690,2021-10-18 03:15:18,14350.0,1000.0,269200.0
691,2021-10-18 03:15:18,14350.0,2300.0,268200.0
692,2021-10-18 03:14:38,14350.0,200.0,265900.0
693,2021-10-18 03:14:25,14350.0,800.0,265700.0
694,2021-10-18 03:14:10,14350.0,200.0,264900.0
695,2021-10-18 03:13:18,14350.0,100.0,264700.0
696,2021-10-18 03:12:31,14350.0,100.0,264600.0
697,2021-10-18 03:12:31,14350.0,1300.0,264500.0
698,2021-10-18 03:11:29,14400.0,1000.0,263200.0
699,2021-10-18 03:10:33,14400.0,100.0,262200.0
700,2021-10-18 03:10:14,14400.0,12000.0,262100.0
701,2021-10-18 03:09:47,14400.0,500.0,250100.0
702,2021-10-18 03:09:47,14400.0,300.0,249600.0
703,2021-10-18 03:05:39,14300.0,1500.0,249300.0
704,2021-10-18 03:05:39,14300.0,1000.0,247800.0
705,2021-10-18 03:05:39,14300.0,3400.0,246800.0
706,2021-10-18 03:05:34,14300.0,200.0,243400.0
707,2021-10-18 03:05:09,14300.0,100.0,243200.0
708,2021-10-18 03:05:08,14300.0,500.0,243100.0
709,2021-10-18 03:04:57,14300.0,700.0,242600.0
710,2021-10-18 03:04:53,14300.0,1000.0,241900.0
711,2021-10-18 03:04:26,14300.0,1000.0,240900.0
712,2021-10-18 03:04:17,14300.0,500.0,239900.0
713,2021-10-18 03:03:53,14300.0,1000.0,239400.0
714,2021-10-18 03:03:08,14300.0,100.0,238400.0
715,2021-10-18 03:03:08,14300.0,100.0,238300.0
716,2021-10-18 03:03:08,14300.0,1000.0,238200.0
717,2021-10-18 03:03:08,14300.0,400.0,237200.0
718,2021-10-18 03:02:27,14300.0,9600.0,236800.0
719,2021-10-18 03:01:31,14300.0,1000.0,227200.0
720,2021-10-18 03:01:15,14300.0,200.0,226200.0
721,2021-10-18 03:01:13,14300.0,1000.0,226000.0
722,2021-10-18 03:01:13,14300.0,200.0,225000.0
723,2021-10-18 03:00:59,14300.0,300.0,224800.0
724,2021-10-18 03:00:27,14300.0,200.0,224500.0
725,2021-10-18 03:00:10,14300.0,300.0,224300.0
726,2021-10-18 02:59:38,14300.0,2500.0,224000.0
727,2021-10-18 02:59:38,14300.0,2500.0,221500.0
728,2021-10-18 02:59:17,14300.0,1000.0,219000.0
729,2021-10-18 02:59:10,14300.0,500.0,218000.0
730,2021-10-18 02:59:09,14300.0,500.0,217500.0
731,2021-10-18 02:58:54,14300.0,500.0,217000.0
732,2021-10-18 02:58:39,14300.0,2000.0,216500.0
733,2021-10-18 02:57:44,14250.0,700.0,214500.0
734,2021-10-18 02:57:07,14300.0,100.0,213800.0
735,2021-10-18 02:56:35,14300.0,100.0,213700.0
736,2021-10-18 02:56:34,14400.0,800.0,213600.0
737,2021-10-18 02:56:06,14400.0,200.0,212800.0
738,2021-10-18 02:56:06,14400.0,500.0,212600.0
739,2021-10-18 02:56:02,14400.0,500.0,212100.0
740,2021-10-18 02:56:02,14400.0,500.0,211600.0
741,2021-10-18 02:55:59,14400.0,400.0,211100.0
742,2021-10-18 02:55:42,14400.0,300.0,210700.0
743,2021-10-18 02:55:08,14400.0,800.0,210400.0
744,2021-10-18 02:55:01,14400.0,200.0,209600.0
745,2021-10-18 02:54:15,14400.0,1000.0,209400.0
746,2021-10-18 02:53:51,14450.0,200.0,208400.0
747,2021-10-18 02:53:40,14450.0,1000.0,208200.0
748,2021-10-18 02:53:40,14450.0,100.0,207200.0
749,2021-10-18 02:53:22,14250.0,3300.0,207100.0
750,2021-10-18 02:53:22,14250.0,2000.0,203800.0
751,2021-10-18 02:53:22,14300.0,500.0,201800.0
752,2021-10-18 02:53:22,14300.0,100.0,201300.0
753,2021-10-18 02:53:22,14300.0,100.0,201200.0
754,2021-10-18 02:53:22,14300.0,300.0,201100.0
755,2021-10-18 02:53:22,14300.0,100.0,200800.0
756,2021-10-18 02:53:22,14300.0,100.0,200700.0
757,2021-10-18 02:53:22,14300.0,500.0,200600.0
758,2021-10-18 02:53:22,14300.0,200.0,200100.0
759,2021-10-18 02:53:22,14300.0,300.0,199900.0
760,2021-10-18 02:53:22,14300.0,100.0,199600.0
761,2021-10-18 02:53:22,14300.0,200.0,199500.0
762,2021-10-18 02:53:22,14300.0,300.0,199300.0
763,2021-10-18 02:53:22,14300.0,1000.0,199000.0
764,2021-10-18 02:53:22,14300.0,100.0,198000.0
765,2021-10-18 02:53:22,14300.0,100.0,197900.0
766,2021-10-18 02:53:22,14300.0,5000.0,197800.0
767,2021-10-18 02:53:22,14300.0,5000.0,192800.0
768,2021-10-18 02:53:22,14350.0,1000.0,187800.0
769,2021-10-18 02:53:22,14350.0,500.0,186800.0
770,2021-10-18 02:53:22,14350.0,100.0,186300.0
771,2021-10-18 02:53:22,14350.0,100.0,186200.0
772,2021-10-18 02:53:22,14350.0,100.0,186100.0
773,2021-10-18 02:53:22,14350.0,1000.0,186000.0
774,2021-10-18 02:53:22,14350.0,500.0,185000.0
775,2021-10-18 02:53:22,14350.0,300.0,184500.0
776,2021-10-18 02:53:22,14350.0,200.0,184200.0
777,2021-10-18 02:53:22,14350.0,300.0,184000.0
778,2021-10-18 02:53:22,14400.0,1200.0,183700.0
779,2021-10-18 02:53:22,14400.0,500.0,182500.0
780,2021-10-18 02:53:22,14400.0,100.0,182000.0
781,2021-10-18 02:53:22,14400.0,500.0,181900.0
782,2021-10-18 02:53:22,14400.0,100.0,181400.0
783,2021-10-18 02:53:22,14400.0,200.0,181300.0
784,2021-10-18 02:53:12,14450.0,100.0,181100.0
785,2021-10-18 02:53:12,14450.0,1000.0,181000.0
786,2021-10-18 02:53:12,14450.0,900.0,180000.0
787,2021-10-18 02:51:51,14450.0,500.0,179100.0
788,2021-10-18 02:51:46,14400.0,500.0,178600.0
789,2021-10-18 02:51:29,14400.0,200.0,178100.0
790,2021-10-18 02:48:44,14450.0,100.0,177900.0
791,2021-10-18 02:46:49,14350.0,100.0,177800.0
792,2021-10-18 02:44:53,14350.0,100.0,177700.0
793,2021-10-18 02:43:46,14400.0,4100.0,177600.0
794,2021-10-18 02:41:31,14400.0,100.0,173500.0
795,2021-10-18 02:41:31,14400.0,700.0,173400.0
796,2021-10-18 02:41:02,14500.0,400.0,172700.0
797,2021-10-18 02:41:00,14400.0,500.0,172300.0
798,2021-10-18 02:40:52,14400.0,800.0,171800.0
799,2021-10-18 02:40:51,14400.0,2000.0,171000.0
800,2021-10-18 02:40:51,14400.0,500.0,169000.0
801,2021-10-18 02:40:51,14400.0,100.0,168500.0
802,2021-10-18 02:40:51,14400.0,1600.0,168400.0
803,2021-10-18 02:39:55,14400.0,400.0,166800.0
804,2021-10-18 02:39:49,14500.0,6100.0,166400.0
805,2021-10-18 02:39:49,14500.0,500.0,160300.0
806,2021-10-18 02:39:49,14500.0,10000.0,159800.0
807,2021-10-18 02:39:49,14500.0,100.0,149800.0
808,2021-10-18 02:39:49,14500.0,1400.0,149700.0
809,2021-10-18 02:39:48,14400.0,100.0,148300.0
810,2021-10-18 02:39:32,14400.0,100.0,148200.0
811,2021-10-18 02:39:32,14400.0,1000.0,148100.0
812,2021-10-18 02:39:32,14400.0,700.0,147100.0
813,2021-10-18 02:39:22,14400.0,300.0,146400.0
814,2021-10-18 02:39:22,14400.0,200.0,146100.0
815,2021-10-18 02:39:20,14400.0,500.0,145900.0
816,2021-10-18 02:38:38,14400.0,800.0,145400.0
817,2021-10-18 02:38:03,14400.0,900.0,144600.0
818,2021-10-18 02:37:58,14400.0,600.0,143700.0
819,2021-10-18 02:37:58,14300.0,400.0,143100.0
820,2021-10-18 02:37:46,14300.0,1000.0,142700.0
821,2021-10-18 02:37:45,14300.0,100.0,141700.0
822,2021-10-18 02:37:43,14300.0,3300.0,141600.0
823,2021-10-18 02:37:43,14300.0,6700.0,138300.0
824,2021-10-18 02:37:19,14300.0,300.0,131600.0
825,2021-10-18 02:37:19,14300.0,1000.0,131300.0
826,2021-10-18 02:37:19,14300.0,2000.0,130300.0
827,2021-10-18 02:37:17,14300.0,100.0,128300.0
828,2021-10-18 02:37:02,14300.0,1900.0,128200.0
829,2021-10-18 02:37:02,14300.0,100.0,126300.0
830,2021-10-18 02:36:54,14300.0,100.0,126200.0
831,2021-10-18 02:36:54,14300.0,1000.0,126100.0
832,2021-10-18 02:36:54,14300.0,100.0,125100.0
833,2021-10-18 02:36:54,14300.0,1000.0,125000.0
834,2021-10-18 02:36:54,14300.0,300.0,124000.0
835,2021-10-18 02:36:54,14300.0,2500.0,123700.0
836,2021-10-18 02:36:54,14300.0,2000.0,121200.0
837,2021-10-18 02:36:54,14300.0,100.0,119200.0
838,2021-10-18 02:36:54,14300.0,100.0,119100.0
839,2021-10-18 02:36:54,14300.0,100.0,119000.0
840,2021-10-18 02:36:54,14300.0,2600.0,118900.0
841,2021-10-18 02:36:54,14300.0,1000.0,116300.0
842,2021-10-18 02:36:54,14300.0,500.0,115300.0
843,2021-10-18 02:36:54,14300.0,500.0,114800.0
844,2021-10-18 02:36:54,14350.0,200.0,114300.0
845,2021-10-18 02:36:54,14350.0,900.0,114100.0
846,2021-10-18 02:36:49,14350.0,100.0,113200.0
847,2021-10-18 02:36:33,14350.0,100.0,113100.0
848,2021-10-18 02:36:16,14350.0,100.0,113000.0
849,2021-10-18 02:35:38,14300.0,500.0,112900.0
850,2021-10-18 02:35:38,14300.0,500.0,112400.0
851,2021-10-18 02:34:49,14350.0,100.0,111900.0
852,2021-10-18 02:34:49,14350.0,2000.0,111800.0
853,2021-10-18 02:34:49,14350.0,200.0,109800.0
854,2021-10-18 02:34:49,14350.0,400.0,109600.0
855,2021-10-18 02:34:25,14400.0,200.0,109200.0
856,2021-10-18 02:34:25,14400.0,1800.0,109000.0
857,2021-10-18 02:34:14,14400.0,600.0,107200.0
858,2021-10-18 02:34:00,14400.0,400.0,106600.0
859,2021-10-18 02:33:55,14400.0,1500.0,106200.0
860,2021-10-18 02:33:55,14400.0,100.0,104700.0
861,2021-10-18 02:33:55,14400.0,600.0,104600.0
862,2021-10-18 02:32:59,14400.0,1000.0,104000.0
863,2021-10-18 02:32:44,14350.0,200.0,103000.0
864,2021-10-18 02:32:10,14400.0,100.0,102800.0
865,2021-10-18 02:32:10,14400.0,500.0,102700.0
866,2021-10-18 02:32:10,14400.0,1000.0,102200.0
867,2021-10-18 02:32:10,14400.0,1000.0,101200.0
868,2021-10-18 02:32:10,14400.0,100.0,100200.0
869,2021-10-18 02:32:10,14400.0,700.0,100100.0
870,2021-10-18 02:32:10,14400.0,1900.0,99400.0
871,2021-10-18 02:32:10,14400.0,100.0,97500.0
872,2021-10-18 02:32:10,14400.0,500.0,97400.0
873,2021-10-18 02:32:10,14400.0,2000.0,96900.0
874,2021-10-18 02:32:10,14400.0,100.0,94900.0
875,2021-10-18 02:32:10,14400.0,400.0,94800.0
876,2021-10-18 02:31:49,14400.0,500.0,94400.0
877,2021-10-18 02:31:35,14500.0,100.0,93900.0
878,2021-10-18 02:31:06,14400.0,100.0,93800.0
879,2021-10-18 02:31:06,14400.0,400.0,93700.0
880,2021-10-18 02:30:56,14400.0,500.0,93300.0
881,2021-10-18 02:30:54,14500.0,100.0,92800.0
882,2021-10-18 02:30:44,14500.0,200.0,92700.0
883,2021-10-18 02:29:20,14500.0,500.0,92500.0
884,2021-10-18 02:29:10,14500.0,100.0,92000.0
885,2021-10-18 02:28:50,14500.0,1000.0,91900.0
886,2021-10-18 02:27:39,14500.0,1000.0,90900.0
887,2021-10-18 02:27:38,14500.0,100.0,89900.0
888,2021-10-18 02:27:18,14500.0,1000.0,89800.0
889,2021-10-18 02:27:09,14500.0,500.0,88800.0
890,2021-10-18 02:26:18,14500.0,3000.0,88300.0
891,2021-10-18 02:26:18,14500.0,200.0,85300.0
892,2021-10-18 02:26:14,14600.0,200.0,85100.0
893,2021-10-18 02:24:32,14500.0,9800.0,84900.0
894,2021-10-18 02:24:32,14500.0,200.0,75100.0
895,2021-10-18 02:24:32,14500.0,1000.0,74900.0
896,2021-10-18 02:23:33,14500.0,1000.0,73900.0
897,2021-10-18 02:23:15,14500.0,1000.0,72900.0
898,2021-10-18 02:23:15,14500.0,2000.0,71900.0
899,2021-10-18 02:23:01,14500.0,1000.0,69900.0
900,2021-10-18 02:22:11,14500.0,2000.0,68900.0
901,2021-10-18 02:20:56,14750.0,2300.0,66900.0
902,2021-10-18 02:20:32,14750.0,500.0,64600.0
903,2021-10-18 02:20:32,14750.0,2000.0,64100.0
904,2021-10-18 02:20:32,14750.0,1000.0,62100.0
905,2021-10-18 02:20:32,14750.0,1200.0,61100.0
906,2021-10-18 02:20:20,14700.0,200.0,59900.0
907,2021-10-18 02:20:17,14700.0,500.0,59700.0
908,2021-10-18 02:20:17,14700.0,5000.0,59200.0
909,2021-10-18 02:19:58,14400.0,300.0,54200.0
910,2021-10-18 02:19:57,14400.0,1500.0,53900.0
911,2021-10-18 02:19:57,14400.0,5000.0,52400.0
912,2021-10-18 02:19:57,14400.0,300.0,47400.0
913,2021-10-18 02:19:44,14300.0,200.0,47100.0
914,2021-10-18 02:19:28,14300.0,1000.0,46900.0
915,2021-10-18 02:19:15,14300.0,5000.0,45900.0
916,2021-10-18 02:19:15,14300.0,1600.0,40900.0
917,2021-10-18 02:19:15,14300.0,1000.0,39300.0
918,2021-10-18 02:19:15,14300.0,1000.0,38300.0
919,2021-10-18 02:19:15,14300.0,100.0,37300.0
920,2021-10-18 02:19:15,14300.0,100.0,37200.0
921,2021-10-18 02:18:43,14400.0,400.0,37100.0
922,2021-10-18 02:18:43,14400.0,100.0,36700.0
923,2021-10-18 02:18:37,14400.0,200.0,36600.0
924,2021-10-18 02:18:08,14400.0,1000.0,36400.0
925,2021-10-18 02:18:02,14400.0,1000.0,35400.0
926,2021-10-18 02:17:42,14400.0,100.0,34400.0
927,2021-10-18 02:17:35,14400.0,100.0,34300.0
928,2021-10-18 02:16:37,14400.0,2000.0,34200.0
929,2021-10-18 02:16:35,14400.0,100.0,32200.0
930,2021-10-18 02:16:22,14400.0,1000.0,32100.0
931,2021-10-18 02:16:04,14400.0,600.0,31100.0
932,2021-10-18 02:15:58,14400.0,200.0,30500.0
933,2021-10-18 02:15:58,14400.0,500.0,30300.0
934,2021-10-18 02:15:58,14400.0,300.0,29800.0
935,2021-10-18 02:15:42,14400.0,2700.0,29500.0
936,2021-10-18 02:15:42,14400.0,100.0,26800.0
937,2021-10-18 02:15:42,14300.0,200.0,26700.0
938,2021-10-18 02:15:40,14300.0,100.0,26500.0
939,2021-10-18 02:15:40,14300.0,1500.0,26400.0
940,2021-10-18 02:15:40,14300.0,200.0,24900.0
941,2021-10-18 02:15:40,14300.0,1000.0,24700.0
942,2021-10-18 02:15:33,14400.0,2000.0,23700.0
943,2021-10-18 02:15:33,14400.0,2900.0,21700.0
944,2021-10-18 02:15:00,14400.0,500.0,18800.0
945,2021-10-18 02:15:00,14400.0,1600.0,18300.0
946,2021-10-18 02:15:00,14400.0,1000.0,16700.0
947,2021-10-18 02:15:00,14400.0,1000.0,15700.0
948,2021-10-18 02:15:00,14400.0,500.0,14700.0
949,2021-10-18 02:15:00,14400.0,800.0,14200.0
950,2021-10-18 02:15:00,14400.0,200.0,13400.0
951,2021-10-18 02:15:00,14400.0,100.0,13200.0
952,2021-10-18 02:15:00,14400.0,1000.0,13100.0
953,2021-10-18 02:15:00,14400.0,1000.0,12100.0
954,2021-10-18 02:15:00,14400.0,1000.0,11100.0
955,2021-10-18 02:15:00,14400.0,200.0,10100.0
956,2021-10-18 02:15:00,14400.0,1600.0,9900.0
957,2021-10-18 02:15:00,14400.0,3400.0,8300.0
958,2021-10-18 02:15:00,14400.0,500.0,4900.0
959,2021-10-18 02:15:00,14400.0,2000.0,4400.0
960,2021-10-18 02:15:00,14400.0,600.0,2400.0
961,2021-10-18 02:15:00,14400.0,400.0,1800.0
962,2021-10-18 02:15:00,14400.0,200.0,1400.0
963,2021-10-18 02:15:00,14400.0,200.0,1200.0
964,2021-10-18 02:15:00,14400.0,200.0,1000.0
965,2021-10-18 02:15:00,14400.0,300.0,800.0
966,2021-10-18 02:15:00,14400.0,400.0,500.0
967,2021-10-18 02:15:00,14400.0,100.0,100.0
