,Time,Price,Volume_per_trade,Volume
0,2021-10-19 07:45:01,14000.0,2000.0,646000.0
1,2021-10-19 07:45:01,14000.0,100.0,644000.0
2,2021-10-19 07:45:01,14000.0,100.0,643900.0
3,2021-10-19 07:45:01,14000.0,200.0,643800.0
4,2021-10-19 07:45:01,14000.0,3200.0,643600.0
5,2021-10-19 07:45:01,14000.0,1000.0,640400.0
6,2021-10-19 07:45:01,14000.0,300.0,639400.0
7,2021-10-19 07:45:01,14000.0,200.0,639100.0
8,2021-10-19 07:45:01,14000.0,100.0,638900.0
9,2021-10-19 07:45:01,14000.0,100.0,638800.0
10,2021-10-19 07:45:01,14000.0,600.0,638700.0
11,2021-10-19 07:45:01,14000.0,200.0,638100.0
12,2021-10-19 07:45:01,14000.0,300.0,637900.0
13,2021-10-19 07:45:01,14000.0,100.0,637600.0
14,2021-10-19 07:45:01,14000.0,100.0,637500.0
15,2021-10-19 07:45:01,14000.0,100.0,637400.0
16,2021-10-19 07:45:01,14000.0,100.0,637300.0
17,2021-10-19 07:45:01,14000.0,100.0,637200.0
18,2021-10-19 07:45:01,14000.0,100.0,637100.0
19,2021-10-19 07:45:01,14000.0,200.0,637000.0
20,2021-10-19 07:45:01,14000.0,700.0,636800.0
21,2021-10-19 07:45:01,14000.0,500.0,636100.0
22,2021-10-19 07:45:01,14000.0,100.0,635600.0
23,2021-10-19 07:45:01,14000.0,1500.0,635500.0
24,2021-10-19 07:45:01,14000.0,500.0,634000.0
25,2021-10-19 07:45:01,14000.0,500.0,633500.0
26,2021-10-19 07:45:01,14000.0,2000.0,633000.0
27,2021-10-19 07:45:01,14000.0,300.0,631000.0
28,2021-10-19 07:45:01,14000.0,100.0,630700.0
29,2021-10-19 07:45:01,14000.0,1000.0,630600.0
30,2021-10-19 07:45:01,14000.0,2000.0,629600.0
31,2021-10-19 07:45:01,14000.0,2000.0,627600.0
32,2021-10-19 07:45:01,14000.0,1000.0,625600.0
33,2021-10-19 07:45:01,14000.0,300.0,624600.0
34,2021-10-19 07:45:01,14000.0,100.0,624300.0
35,2021-10-19 07:45:01,14000.0,2000.0,624200.0
36,2021-10-19 07:45:01,14000.0,2000.0,622200.0
37,2021-10-19 07:45:01,14000.0,600.0,620200.0
38,2021-10-19 07:45:01,14000.0,1000.0,619600.0
39,2021-10-19 07:45:01,14000.0,1000.0,618600.0
40,2021-10-19 07:45:01,14000.0,3000.0,617600.0
41,2021-10-19 07:45:01,14000.0,100.0,614600.0
42,2021-10-19 07:45:01,14000.0,1000.0,614500.0
43,2021-10-19 07:45:01,14000.0,200.0,613500.0
44,2021-10-19 07:45:01,14000.0,3000.0,613300.0
45,2021-10-19 07:45:01,14000.0,300.0,610300.0
46,2021-10-19 07:45:01,14000.0,500.0,610000.0
47,2021-10-19 07:45:01,14000.0,200.0,609500.0
48,2021-10-19 07:45:01,14000.0,100.0,609300.0
49,2021-10-19 07:45:01,14000.0,1000.0,609200.0
50,2021-10-19 07:45:01,14000.0,1000.0,608200.0
51,2021-10-19 07:45:01,14000.0,10000.0,607200.0
52,2021-10-19 07:45:01,14000.0,200.0,597200.0
53,2021-10-19 07:45:01,14000.0,200.0,597000.0
54,2021-10-19 07:45:01,14000.0,100.0,596800.0
55,2021-10-19 07:45:01,14000.0,1000.0,596700.0
56,2021-10-19 07:45:01,14000.0,100.0,595700.0
57,2021-10-19 07:45:01,14000.0,1000.0,595600.0
58,2021-10-19 07:45:01,14000.0,300.0,594600.0
59,2021-10-19 07:45:01,14000.0,200.0,594300.0
60,2021-10-19 07:45:01,14000.0,200.0,594100.0
61,2021-10-19 07:45:01,14000.0,1000.0,593900.0
62,2021-10-19 07:45:00,14000.0,1000.0,592900.0
63,2021-10-19 07:45:00,14000.0,1000.0,591900.0
64,2021-10-19 07:45:00,14000.0,500.0,590900.0
65,2021-10-19 07:45:00,14000.0,100.0,590400.0
66,2021-10-19 07:45:00,14000.0,200.0,590300.0
67,2021-10-19 07:45:00,14000.0,100.0,590100.0
68,2021-10-19 07:45:00,14000.0,100.0,590000.0
69,2021-10-19 07:45:00,14000.0,2000.0,589900.0
70,2021-10-19 07:45:00,14000.0,300.0,587900.0
71,2021-10-19 07:45:00,14000.0,1300.0,587600.0
72,2021-10-19 07:45:00,14000.0,500.0,586300.0
73,2021-10-19 07:45:00,14000.0,400.0,585800.0
74,2021-10-19 07:45:00,14000.0,200.0,585400.0
75,2021-10-19 07:45:00,14000.0,500.0,585200.0
76,2021-10-19 07:45:00,14000.0,500.0,584700.0
77,2021-10-19 07:45:00,14000.0,800.0,584200.0
78,2021-10-19 07:45:00,14000.0,100.0,583400.0
79,2021-10-19 07:45:00,14000.0,300.0,583300.0
80,2021-10-19 07:45:00,14000.0,300.0,583000.0
81,2021-10-19 07:45:00,14000.0,100.0,582700.0
82,2021-10-19 07:45:00,14000.0,1000.0,582600.0
83,2021-10-19 07:45:00,14000.0,100.0,581600.0
84,2021-10-19 07:45:00,14000.0,5000.0,581500.0
85,2021-10-19 07:45:00,14000.0,1000.0,576500.0
86,2021-10-19 07:45:00,14000.0,900.0,575500.0
87,2021-10-19 07:45:00,14000.0,100.0,574600.0
88,2021-10-19 07:45:00,14000.0,100.0,574500.0
89,2021-10-19 07:45:00,14000.0,200.0,574400.0
90,2021-10-19 07:45:00,14000.0,100.0,574200.0
91,2021-10-19 07:45:00,14000.0,200.0,574100.0
92,2021-10-19 07:45:00,14000.0,100.0,573900.0
93,2021-10-19 07:45:00,14000.0,1000.0,573800.0
94,2021-10-19 07:45:00,14000.0,500.0,572800.0
95,2021-10-19 07:45:00,14000.0,1000.0,572300.0
96,2021-10-19 07:45:00,14000.0,500.0,571300.0
97,2021-10-19 07:45:00,14000.0,100.0,570800.0
98,2021-10-19 07:45:00,14000.0,10000.0,570700.0
99,2021-10-19 07:45:00,14000.0,500.0,560700.0
100,2021-10-19 07:45:00,14000.0,100.0,560200.0
101,2021-10-19 07:45:00,14000.0,1000.0,560100.0
102,2021-10-19 07:45:00,14000.0,500.0,559100.0
103,2021-10-19 07:45:00,14000.0,200.0,558600.0
104,2021-10-19 07:45:00,14000.0,300.0,558400.0
105,2021-10-19 07:45:00,14000.0,700.0,558100.0
106,2021-10-19 07:45:00,14000.0,400.0,557400.0
107,2021-10-19 07:45:00,14000.0,100.0,557000.0
108,2021-10-19 07:45:00,14000.0,200.0,556900.0
109,2021-10-19 07:45:00,14000.0,5100.0,556700.0
110,2021-10-19 07:45:00,14000.0,100.0,551600.0
111,2021-10-19 07:45:00,14000.0,5800.0,551500.0
112,2021-10-19 07:45:00,14000.0,1000.0,545700.0
113,2021-10-19 07:45:00,14000.0,300.0,544700.0
114,2021-10-19 07:45:00,14000.0,200.0,544400.0
115,2021-10-19 07:45:00,14000.0,100.0,544200.0
116,2021-10-19 07:45:00,14000.0,500.0,544100.0
117,2021-10-19 07:45:00,14000.0,900.0,543600.0
118,2021-10-19 07:45:00,14000.0,100.0,542700.0
119,2021-10-19 07:45:00,14000.0,3600.0,542600.0
120,2021-10-19 07:45:00,14000.0,1000.0,539000.0
121,2021-10-19 07:45:00,14000.0,300.0,538000.0
122,2021-10-19 07:45:00,14000.0,100.0,537700.0
123,2021-10-19 07:29:43,14150.0,500.0,537600.0
124,2021-10-19 07:28:35,14150.0,100.0,537100.0
125,2021-10-19 07:28:16,14150.0,200.0,537000.0
126,2021-10-19 07:28:16,14150.0,100.0,536800.0
127,2021-10-19 07:28:15,14150.0,2900.0,536700.0
128,2021-10-19 07:28:15,14150.0,2000.0,533800.0
129,2021-10-19 07:28:15,14150.0,100.0,531800.0
130,2021-10-19 07:26:26,14150.0,900.0,531700.0
131,2021-10-19 07:26:07,14150.0,1000.0,530800.0
132,2021-10-19 07:25:43,14150.0,2100.0,529800.0
133,2021-10-19 07:25:17,14150.0,600.0,527700.0
134,2021-10-19 07:25:17,14150.0,2300.0,527100.0
135,2021-10-19 07:25:12,14150.0,2700.0,524800.0
136,2021-10-19 07:24:41,14100.0,300.0,522100.0
137,2021-10-19 07:24:01,14100.0,1400.0,521800.0
138,2021-10-19 07:23:42,14100.0,200.0,520400.0
139,2021-10-19 07:23:42,14100.0,100.0,520200.0
140,2021-10-19 07:23:42,14100.0,300.0,520100.0
141,2021-10-19 07:22:48,14100.0,200.0,519800.0
142,2021-10-19 07:22:46,14100.0,800.0,519600.0
143,2021-10-19 07:22:46,14100.0,100.0,518800.0
144,2021-10-19 07:22:46,14100.0,1000.0,518700.0
145,2021-10-19 07:22:46,14100.0,500.0,517700.0
146,2021-10-19 07:22:46,14100.0,600.0,517200.0
147,2021-10-19 07:22:46,14100.0,100.0,516600.0
148,2021-10-19 07:22:46,14100.0,1500.0,516500.0
149,2021-10-19 07:22:46,14100.0,400.0,515000.0
150,2021-10-19 07:22:14,14100.0,600.0,514600.0
151,2021-10-19 07:22:14,14100.0,100.0,514000.0
152,2021-10-19 07:19:49,14100.0,900.0,513900.0
153,2021-10-19 07:19:49,14100.0,100.0,513000.0
154,2021-10-19 07:19:49,14100.0,2000.0,512900.0
155,2021-10-19 07:18:29,14100.0,200.0,510900.0
156,2021-10-19 07:16:21,14100.0,100.0,510700.0
157,2021-10-19 07:16:20,14100.0,10000.0,510600.0
158,2021-10-19 07:15:52,14100.0,700.0,500600.0
159,2021-10-19 07:14:22,14100.0,1000.0,499900.0
160,2021-10-19 07:14:14,14050.0,500.0,498900.0
161,2021-10-19 07:14:14,14050.0,200.0,498400.0
162,2021-10-19 07:13:48,14100.0,1000.0,498200.0
163,2021-10-19 07:13:30,14100.0,300.0,497200.0
164,2021-10-19 07:12:36,14100.0,100.0,496900.0
165,2021-10-19 07:11:50,14100.0,100.0,496800.0
166,2021-10-19 07:11:45,14100.0,1000.0,496700.0
167,2021-10-19 07:11:40,14100.0,1000.0,495700.0
168,2021-10-19 07:11:38,14100.0,100.0,494700.0
169,2021-10-19 07:10:29,14100.0,100.0,494600.0
170,2021-10-19 07:10:03,14100.0,300.0,494500.0
171,2021-10-19 07:09:23,14100.0,1500.0,494200.0
172,2021-10-19 07:09:23,14100.0,500.0,492700.0
173,2021-10-19 07:09:23,14100.0,100.0,492200.0
174,2021-10-19 07:09:23,14100.0,200.0,492100.0
175,2021-10-19 07:09:23,14100.0,500.0,491900.0
176,2021-10-19 07:09:23,14100.0,100.0,491400.0
177,2021-10-19 07:08:16,14100.0,100.0,491300.0
178,2021-10-19 07:08:16,14100.0,100.0,491200.0
179,2021-10-19 07:08:16,14100.0,100.0,491100.0
180,2021-10-19 07:06:55,14150.0,200.0,491000.0
181,2021-10-19 07:06:55,14150.0,100.0,490800.0
182,2021-10-19 07:06:55,14150.0,400.0,490700.0
183,2021-10-19 07:06:55,14150.0,100.0,490300.0
184,2021-10-19 07:05:23,14200.0,100.0,490200.0
185,2021-10-19 07:03:14,14200.0,100.0,490100.0
186,2021-10-19 07:02:35,14150.0,100.0,490000.0
187,2021-10-19 07:01:34,14200.0,600.0,489900.0
188,2021-10-19 07:01:00,14200.0,3900.0,489300.0
189,2021-10-19 07:00:02,14200.0,1000.0,485400.0
190,2021-10-19 06:58:19,14150.0,100.0,484400.0
191,2021-10-19 06:57:37,14050.0,100.0,484300.0
192,2021-10-19 06:57:37,14050.0,1000.0,484200.0
193,2021-10-19 06:57:37,14050.0,100.0,483200.0
194,2021-10-19 06:57:18,14050.0,1000.0,483100.0
195,2021-10-19 06:56:03,14050.0,900.0,482100.0
196,2021-10-19 06:56:03,14050.0,100.0,481200.0
197,2021-10-19 06:56:03,14050.0,300.0,481100.0
198,2021-10-19 06:56:03,14050.0,1000.0,480800.0
199,2021-10-19 06:56:03,14050.0,400.0,479800.0
200,2021-10-19 06:56:03,14050.0,200.0,479400.0
201,2021-10-19 06:56:03,14050.0,1000.0,479200.0
202,2021-10-19 06:56:03,14050.0,200.0,478200.0
203,2021-10-19 06:56:03,14050.0,200.0,478000.0
204,2021-10-19 06:56:03,14050.0,500.0,477800.0
205,2021-10-19 06:56:03,14050.0,100.0,477300.0
206,2021-10-19 06:56:03,14050.0,200.0,477200.0
207,2021-10-19 06:56:03,14050.0,100.0,477000.0
208,2021-10-19 06:56:03,14050.0,1000.0,476900.0
209,2021-10-19 06:56:03,14050.0,200.0,475900.0
210,2021-10-19 06:54:45,14050.0,3200.0,475700.0
211,2021-10-19 06:54:45,14050.0,100.0,472500.0
212,2021-10-19 06:54:45,14050.0,1000.0,472400.0
213,2021-10-19 06:54:45,14050.0,5000.0,471400.0
214,2021-10-19 06:54:05,14050.0,5000.0,466400.0
215,2021-10-19 06:53:43,14100.0,200.0,461400.0
216,2021-10-19 06:53:43,14100.0,100.0,461200.0
217,2021-10-19 06:53:24,14100.0,100.0,461100.0
218,2021-10-19 06:53:24,14100.0,900.0,461000.0
219,2021-10-19 06:53:01,14100.0,100.0,460100.0
220,2021-10-19 06:50:45,14100.0,200.0,460000.0
221,2021-10-19 06:50:18,14100.0,100.0,459800.0
222,2021-10-19 06:50:07,14100.0,100.0,459700.0
223,2021-10-19 06:50:07,14100.0,100.0,459600.0
224,2021-10-19 06:50:07,14100.0,500.0,459500.0
225,2021-10-19 06:50:07,14100.0,900.0,459000.0
226,2021-10-19 06:50:07,14100.0,100.0,458100.0
227,2021-10-19 06:50:07,14100.0,100.0,458000.0
228,2021-10-19 06:50:07,14100.0,100.0,457900.0
229,2021-10-19 06:50:07,14100.0,100.0,457800.0
230,2021-10-19 06:50:07,14100.0,500.0,457700.0
231,2021-10-19 06:50:07,14100.0,1000.0,457200.0
232,2021-10-19 06:50:07,14100.0,2000.0,456200.0
233,2021-10-19 06:50:07,14100.0,500.0,454200.0
234,2021-10-19 06:50:07,14100.0,200.0,453700.0
235,2021-10-19 06:50:07,14100.0,100.0,453500.0
236,2021-10-19 06:50:07,14100.0,200.0,453400.0
237,2021-10-19 06:50:07,14100.0,500.0,453200.0
238,2021-10-19 06:50:07,14100.0,200.0,452700.0
239,2021-10-19 06:50:07,14100.0,200.0,452500.0
240,2021-10-19 06:50:07,14100.0,3000.0,452300.0
241,2021-10-19 06:50:07,14100.0,200.0,449300.0
242,2021-10-19 06:50:07,14100.0,1800.0,449100.0
243,2021-10-19 06:50:07,14100.0,300.0,447300.0
244,2021-10-19 06:50:07,14100.0,500.0,447000.0
245,2021-10-19 06:50:07,14100.0,600.0,446500.0
246,2021-10-19 06:50:07,14100.0,1000.0,445900.0
247,2021-10-19 06:50:07,14100.0,500.0,444900.0
248,2021-10-19 06:50:07,14100.0,5000.0,444400.0
249,2021-10-19 06:50:07,14100.0,100.0,439400.0
250,2021-10-19 06:50:07,14100.0,100.0,439300.0
251,2021-10-19 06:50:07,14100.0,2000.0,439200.0
252,2021-10-19 06:50:07,14100.0,1000.0,437200.0
253,2021-10-19 06:50:07,14100.0,5000.0,436200.0
254,2021-10-19 06:50:07,14100.0,100.0,431200.0
255,2021-10-19 06:50:07,14100.0,100.0,431100.0
256,2021-10-19 06:50:07,14100.0,100.0,431000.0
257,2021-10-19 06:50:07,14100.0,10000.0,430900.0
258,2021-10-19 06:50:07,14100.0,1000.0,420900.0
259,2021-10-19 06:50:07,14100.0,200.0,419900.0
260,2021-10-19 06:50:07,14100.0,200.0,419700.0
261,2021-10-19 06:50:07,14100.0,500.0,419500.0
262,2021-10-19 06:50:07,14100.0,1400.0,419000.0
263,2021-10-19 06:50:07,14100.0,100.0,417600.0
264,2021-10-19 06:50:07,14100.0,200.0,417500.0
265,2021-10-19 06:50:07,14100.0,100.0,417300.0
266,2021-10-19 06:50:07,14150.0,500.0,417200.0
267,2021-10-19 06:50:07,14150.0,100.0,416700.0
268,2021-10-19 06:50:07,14150.0,2900.0,416600.0
269,2021-10-19 06:50:07,14150.0,1300.0,413700.0
270,2021-10-19 06:50:07,14150.0,900.0,412400.0
271,2021-10-19 06:50:07,14150.0,100.0,411500.0
272,2021-10-19 06:50:07,14150.0,200.0,411400.0
273,2021-10-19 06:50:07,14150.0,500.0,411200.0
274,2021-10-19 06:50:07,14150.0,1000.0,410700.0
275,2021-10-19 06:50:07,14150.0,100.0,409700.0
276,2021-10-19 06:50:07,14150.0,100.0,409600.0
277,2021-10-19 06:50:07,14150.0,200.0,409500.0
278,2021-10-19 06:50:07,14150.0,1000.0,409300.0
279,2021-10-19 06:50:07,14150.0,200.0,408300.0
280,2021-10-19 06:50:07,14150.0,1000.0,408100.0
281,2021-10-19 06:50:07,14150.0,200.0,407100.0
282,2021-10-19 06:50:07,14150.0,500.0,406900.0
283,2021-10-19 06:50:07,14150.0,1000.0,406400.0
284,2021-10-19 06:50:07,14150.0,1500.0,405400.0
285,2021-10-19 06:50:07,14150.0,500.0,403900.0
286,2021-10-19 06:50:07,14150.0,2000.0,403400.0
287,2021-10-19 06:50:07,14150.0,1000.0,401400.0
288,2021-10-19 06:50:07,14150.0,100.0,400400.0
289,2021-10-19 06:50:07,14150.0,300.0,400300.0
290,2021-10-19 06:49:23,14200.0,1000.0,400000.0
291,2021-10-19 06:49:23,14200.0,100.0,399000.0
292,2021-10-19 06:49:23,14200.0,500.0,398900.0
293,2021-10-19 06:49:23,14200.0,300.0,398400.0
294,2021-10-19 06:49:23,14200.0,100.0,398100.0
295,2021-10-19 06:49:23,14200.0,100.0,398000.0
296,2021-10-19 06:49:23,14200.0,100.0,397900.0
297,2021-10-19 06:49:23,14200.0,500.0,397800.0
298,2021-10-19 06:49:23,14200.0,100.0,397300.0
299,2021-10-19 06:49:23,14200.0,100.0,397200.0
300,2021-10-19 06:48:05,14250.0,1000.0,397100.0
301,2021-10-19 06:47:28,14250.0,900.0,396100.0
302,2021-10-19 06:47:28,14250.0,200.0,395200.0
303,2021-10-19 06:46:32,14250.0,300.0,395000.0
304,2021-10-19 06:46:32,14250.0,500.0,394700.0
305,2021-10-19 06:45:44,14250.0,100.0,394200.0
306,2021-10-19 06:41:39,14250.0,100.0,394100.0
307,2021-10-19 06:41:39,14250.0,300.0,394000.0
308,2021-10-19 06:40:24,14250.0,3800.0,393700.0
309,2021-10-19 06:40:24,14200.0,900.0,389900.0
310,2021-10-19 06:40:20,14200.0,1000.0,389000.0
311,2021-10-19 06:40:20,14200.0,1000.0,388000.0
312,2021-10-19 06:40:20,14200.0,500.0,387000.0
313,2021-10-19 06:40:20,14200.0,300.0,386500.0
314,2021-10-19 06:40:20,14200.0,200.0,386200.0
315,2021-10-19 06:40:20,14200.0,300.0,386000.0
316,2021-10-19 06:38:51,14200.0,2000.0,385700.0
317,2021-10-19 06:38:03,14250.0,200.0,383700.0
318,2021-10-19 06:37:18,14250.0,100.0,383500.0
319,2021-10-19 06:37:14,14250.0,1000.0,383400.0
320,2021-10-19 06:35:44,14250.0,100.0,382400.0
321,2021-10-19 06:35:44,14250.0,200.0,382300.0
322,2021-10-19 06:35:44,14250.0,1200.0,382100.0
323,2021-10-19 06:34:56,14200.0,700.0,380900.0
324,2021-10-19 06:33:32,14200.0,100.0,380200.0
325,2021-10-19 06:32:34,14200.0,800.0,380100.0
326,2021-10-19 06:31:30,14200.0,100.0,379300.0
327,2021-10-19 06:31:30,14200.0,400.0,379200.0
328,2021-10-19 06:30:36,14200.0,1000.0,378800.0
329,2021-10-19 06:26:25,14250.0,100.0,377800.0
330,2021-10-19 06:25:33,14200.0,100.0,377700.0
331,2021-10-19 06:25:33,14200.0,200.0,377600.0
332,2021-10-19 06:25:33,14200.0,100.0,377400.0
333,2021-10-19 06:25:33,14200.0,1000.0,377300.0
334,2021-10-19 06:25:33,14200.0,2300.0,376300.0
335,2021-10-19 06:24:53,14200.0,2700.0,374000.0
336,2021-10-19 06:24:53,14200.0,1000.0,371300.0
337,2021-10-19 06:24:53,14200.0,100.0,370300.0
338,2021-10-19 06:24:53,14200.0,200.0,370200.0
339,2021-10-19 06:24:26,14250.0,1700.0,370000.0
340,2021-10-19 06:23:56,14250.0,500.0,368300.0
341,2021-10-19 06:23:26,14250.0,800.0,367800.0
342,2021-10-19 06:23:11,14250.0,500.0,367000.0
343,2021-10-19 06:22:36,14250.0,200.0,366500.0
344,2021-10-19 06:22:19,14250.0,100.0,366300.0
345,2021-10-19 06:22:19,14250.0,1900.0,366200.0
346,2021-10-19 06:22:04,14300.0,300.0,364300.0
347,2021-10-19 06:21:22,14250.0,900.0,364000.0
348,2021-10-19 06:21:03,14250.0,600.0,363100.0
349,2021-10-19 06:21:03,14250.0,2500.0,362500.0
350,2021-10-19 06:20:02,14250.0,500.0,360000.0
351,2021-10-19 06:17:53,14300.0,1000.0,359500.0
352,2021-10-19 06:17:53,14300.0,500.0,358500.0
353,2021-10-19 06:17:53,14300.0,100.0,358000.0
354,2021-10-19 06:17:53,14300.0,21900.0,357900.0
355,2021-10-19 06:17:07,14300.0,1000.0,336000.0
356,2021-10-19 06:16:58,14300.0,10000.0,335000.0
357,2021-10-19 06:15:48,14350.0,100.0,325000.0
358,2021-10-19 06:14:44,14350.0,100.0,324900.0
359,2021-10-19 06:14:32,14350.0,1700.0,324800.0
360,2021-10-19 06:14:32,14350.0,300.0,323100.0
361,2021-10-19 06:13:50,14350.0,500.0,322800.0
362,2021-10-19 06:13:09,14300.0,300.0,322300.0
363,2021-10-19 06:13:09,14300.0,500.0,322000.0
364,2021-10-19 06:13:09,14300.0,1700.0,321500.0
365,2021-10-19 06:12:55,14300.0,500.0,319800.0
366,2021-10-19 06:12:35,14300.0,1000.0,319300.0
367,2021-10-19 06:12:15,14300.0,100.0,318300.0
368,2021-10-19 06:10:59,14300.0,500.0,318200.0
369,2021-10-19 06:09:50,14300.0,100.0,317700.0
370,2021-10-19 06:05:28,14300.0,100.0,317600.0
371,2021-10-19 06:04:21,14300.0,200.0,317500.0
372,2021-10-19 06:04:21,14300.0,500.0,317300.0
373,2021-10-19 06:00:34,14300.0,100.0,316800.0
374,2021-10-19 06:00:31,14300.0,300.0,316700.0
375,2021-10-19 06:00:31,14300.0,2100.0,316400.0
376,2021-10-19 06:00:08,14300.0,200.0,314300.0
377,2021-10-19 06:00:05,14250.0,200.0,314100.0
378,2021-10-19 06:00:02,14250.0,500.0,313900.0
379,2021-10-19 06:00:01,14300.0,300.0,313400.0
380,2021-10-19 06:00:01,14300.0,400.0,313100.0
381,2021-10-19 04:29:35,14300.0,100.0,312700.0
382,2021-10-19 04:29:35,14300.0,100.0,312600.0
383,2021-10-19 04:29:35,14300.0,6800.0,312500.0
384,2021-10-19 04:28:05,14350.0,1500.0,305700.0
385,2021-10-19 04:28:05,14350.0,500.0,304200.0
386,2021-10-19 04:26:43,14300.0,500.0,303700.0
387,2021-10-19 04:24:33,14300.0,2700.0,303200.0
388,2021-10-19 04:23:10,14300.0,200.0,300500.0
389,2021-10-19 04:23:10,14300.0,100.0,300300.0
390,2021-10-19 04:20:01,14300.0,1400.0,300200.0
391,2021-10-19 04:20:01,14300.0,500.0,298800.0
392,2021-10-19 04:20:01,14300.0,1000.0,298300.0
393,2021-10-19 04:19:23,14300.0,100.0,297300.0
394,2021-10-19 04:18:43,14250.0,200.0,297200.0
395,2021-10-19 04:18:43,14250.0,2300.0,297000.0
396,2021-10-19 04:18:28,14250.0,100.0,294700.0
397,2021-10-19 04:16:48,14250.0,2400.0,294600.0
398,2021-10-19 04:16:20,14250.0,200.0,292200.0
399,2021-10-19 04:13:32,14250.0,500.0,292000.0
400,2021-10-19 04:13:24,14250.0,300.0,291500.0
401,2021-10-19 04:11:36,14250.0,500.0,291200.0
402,2021-10-19 04:11:36,14250.0,500.0,290700.0
403,2021-10-19 04:10:53,14200.0,4100.0,290200.0
404,2021-10-19 04:09:47,14200.0,100.0,286100.0
405,2021-10-19 04:09:28,14200.0,300.0,286000.0
406,2021-10-19 04:09:14,14200.0,100.0,285700.0
407,2021-10-19 04:09:14,14200.0,5000.0,285600.0
408,2021-10-19 04:09:14,14200.0,200.0,280600.0
409,2021-10-19 04:09:14,14200.0,5000.0,280400.0
410,2021-10-19 04:09:14,14200.0,200.0,275400.0
411,2021-10-19 04:08:56,14300.0,500.0,275200.0
412,2021-10-19 04:07:18,14200.0,400.0,274700.0
413,2021-10-19 04:07:18,14200.0,300.0,274300.0
414,2021-10-19 04:07:12,14250.0,100.0,274000.0
415,2021-10-19 04:07:12,14250.0,1000.0,273900.0
416,2021-10-19 04:07:03,14250.0,4000.0,272900.0
417,2021-10-19 04:05:35,14200.0,400.0,268900.0
418,2021-10-19 04:05:35,14200.0,100.0,268500.0
419,2021-10-19 04:05:35,14200.0,1000.0,268400.0
420,2021-10-19 04:05:35,14200.0,1900.0,267400.0
421,2021-10-19 04:03:19,14250.0,1000.0,265500.0
422,2021-10-19 04:03:19,14250.0,100.0,264500.0
423,2021-10-19 04:02:21,14250.0,500.0,264400.0
424,2021-10-19 04:02:21,14250.0,1400.0,263900.0
425,2021-10-19 04:01:09,14250.0,3600.0,262500.0
426,2021-10-19 04:01:09,14250.0,6400.0,258900.0
427,2021-10-19 04:00:26,14250.0,3600.0,252500.0
428,2021-10-19 04:00:06,14250.0,300.0,248900.0
429,2021-10-19 03:58:54,14250.0,500.0,248600.0
430,2021-10-19 03:58:00,14250.0,3000.0,248100.0
431,2021-10-19 03:58:00,14250.0,500.0,245100.0
432,2021-10-19 03:58:00,14250.0,100.0,244600.0
433,2021-10-19 03:55:09,14200.0,3100.0,244500.0
434,2021-10-19 03:55:09,14200.0,100.0,241400.0
435,2021-10-19 03:55:09,14200.0,1800.0,241300.0
436,2021-10-19 03:54:08,14200.0,200.0,239500.0
437,2021-10-19 03:54:08,14200.0,300.0,239300.0
438,2021-10-19 03:52:02,14250.0,100.0,239000.0
439,2021-10-19 03:51:32,14250.0,600.0,238900.0
440,2021-10-19 03:46:22,14150.0,3700.0,238300.0
441,2021-10-19 03:46:22,14150.0,100.0,234600.0
442,2021-10-19 03:46:22,14150.0,100.0,234500.0
443,2021-10-19 03:46:22,14200.0,100.0,234400.0
444,2021-10-19 03:46:22,14200.0,4100.0,234300.0
445,2021-10-19 03:46:22,14200.0,500.0,230200.0
446,2021-10-19 03:43:48,14200.0,200.0,229700.0
447,2021-10-19 03:43:48,14200.0,300.0,229500.0
448,2021-10-19 03:43:48,14200.0,100.0,229200.0
449,2021-10-19 03:43:48,14200.0,400.0,229100.0
450,2021-10-19 03:43:32,14200.0,100.0,228700.0
451,2021-10-19 03:43:32,14200.0,1000.0,228600.0
452,2021-10-19 03:43:05,14200.0,1000.0,227600.0
453,2021-10-19 03:43:05,14200.0,500.0,226600.0
454,2021-10-19 03:39:01,14200.0,500.0,226100.0
455,2021-10-19 03:37:23,14250.0,300.0,225600.0
456,2021-10-19 03:36:40,14250.0,400.0,225300.0
457,2021-10-19 03:36:00,14250.0,500.0,224900.0
458,2021-10-19 03:36:00,14250.0,100.0,224400.0
459,2021-10-19 03:36:00,14250.0,200.0,224300.0
460,2021-10-19 03:36:00,14250.0,700.0,224100.0
461,2021-10-19 03:35:04,14250.0,100.0,223400.0
462,2021-10-19 03:26:08,14250.0,1000.0,223300.0
463,2021-10-19 03:26:08,14250.0,100.0,222300.0
464,2021-10-19 03:26:08,14250.0,500.0,222200.0
465,2021-10-19 03:26:08,14250.0,5000.0,221700.0
466,2021-10-19 03:26:08,14250.0,600.0,216700.0
467,2021-10-19 03:26:00,14200.0,1000.0,216100.0
468,2021-10-19 03:26:00,14200.0,1000.0,215100.0
469,2021-10-19 03:25:32,14250.0,100.0,214100.0
470,2021-10-19 03:23:02,14200.0,1000.0,214000.0
471,2021-10-19 03:21:54,14150.0,900.0,213000.0
472,2021-10-19 03:21:54,14150.0,4500.0,212100.0
473,2021-10-19 03:21:51,14200.0,5000.0,207600.0
474,2021-10-19 03:19:58,14150.0,1000.0,202600.0
475,2021-10-19 03:18:57,14200.0,100.0,201600.0
476,2021-10-19 03:18:57,14200.0,100.0,201500.0
477,2021-10-19 03:17:08,14200.0,200.0,201400.0
478,2021-10-19 03:17:08,14200.0,700.0,201200.0
479,2021-10-19 03:15:24,14200.0,200.0,200500.0
480,2021-10-19 03:15:04,14200.0,100.0,200300.0
481,2021-10-19 03:14:54,14200.0,200.0,200200.0
482,2021-10-19 03:14:44,14200.0,1200.0,200000.0
483,2021-10-19 03:14:22,14200.0,100.0,198800.0
484,2021-10-19 03:14:22,14200.0,1000.0,198700.0
485,2021-10-19 03:14:22,14200.0,7700.0,197700.0
486,2021-10-19 03:13:23,14200.0,500.0,190000.0
487,2021-10-19 03:12:34,14200.0,100.0,189500.0
488,2021-10-19 03:12:34,14200.0,500.0,189400.0
489,2021-10-19 03:12:34,14200.0,200.0,188900.0
490,2021-10-19 03:12:03,14200.0,6000.0,188700.0
491,2021-10-19 03:09:58,14200.0,200.0,182700.0
492,2021-10-19 03:09:58,14200.0,100.0,182500.0
493,2021-10-19 03:09:58,14200.0,500.0,182400.0
494,2021-10-19 03:09:58,14200.0,1000.0,181900.0
495,2021-10-19 03:09:58,14200.0,2000.0,180900.0
496,2021-10-19 03:09:58,14200.0,900.0,178900.0
497,2021-10-19 03:09:27,14250.0,500.0,178000.0
498,2021-10-19 03:08:58,14300.0,400.0,177500.0
499,2021-10-19 03:08:13,14250.0,500.0,177100.0
500,2021-10-19 03:08:13,14250.0,500.0,176600.0
501,2021-10-19 03:06:30,14250.0,10000.0,176100.0
502,2021-10-19 03:06:03,14200.0,100.0,166100.0
503,2021-10-19 03:04:41,14200.0,1000.0,166000.0
504,2021-10-19 03:04:34,14150.0,500.0,165000.0
505,2021-10-19 03:03:35,14150.0,5000.0,164500.0
506,2021-10-19 03:03:15,14150.0,1000.0,159500.0
507,2021-10-19 03:01:46,14150.0,1000.0,158500.0
508,2021-10-19 03:00:47,14150.0,1000.0,157500.0
509,2021-10-19 03:00:46,14100.0,200.0,156500.0
510,2021-10-19 03:00:46,14100.0,100.0,156300.0
511,2021-10-19 03:00:28,14150.0,700.0,156200.0
512,2021-10-19 03:00:28,14150.0,100.0,155500.0
513,2021-10-19 03:00:28,14150.0,400.0,155400.0
514,2021-10-19 03:00:28,14150.0,200.0,155000.0
515,2021-10-19 03:00:28,14150.0,2600.0,154800.0
516,2021-10-19 02:58:29,14150.0,2400.0,152200.0
517,2021-10-19 02:58:29,14150.0,300.0,149800.0
518,2021-10-19 02:58:29,14150.0,1000.0,149500.0
519,2021-10-19 02:58:29,14150.0,1000.0,148500.0
520,2021-10-19 02:58:29,14150.0,300.0,147500.0
521,2021-10-19 02:54:55,14150.0,700.0,147200.0
522,2021-10-19 02:54:55,14150.0,300.0,146500.0
523,2021-10-19 02:54:11,14150.0,200.0,146200.0
524,2021-10-19 02:53:10,14100.0,100.0,146000.0
525,2021-10-19 02:52:42,14100.0,2800.0,145900.0
526,2021-10-19 02:52:42,14100.0,2100.0,143100.0
527,2021-10-19 02:52:42,14100.0,100.0,141000.0
528,2021-10-19 02:52:40,14150.0,1500.0,140900.0
529,2021-10-19 02:52:30,14150.0,100.0,139400.0
530,2021-10-19 02:52:19,14100.0,900.0,139300.0
531,2021-10-19 02:52:19,14100.0,300.0,138400.0
532,2021-10-19 02:52:19,14100.0,2000.0,138100.0
533,2021-10-19 02:52:19,14100.0,600.0,136100.0
534,2021-10-19 02:51:06,14100.0,300.0,135500.0
535,2021-10-19 02:50:56,14150.0,500.0,135200.0
536,2021-10-19 02:50:13,14150.0,200.0,134700.0
537,2021-10-19 02:50:11,14150.0,500.0,134500.0
538,2021-10-19 02:49:04,14150.0,100.0,134000.0
539,2021-10-19 02:49:00,14100.0,100.0,133900.0
540,2021-10-19 02:49:00,14100.0,500.0,133800.0
541,2021-10-19 02:49:00,14100.0,200.0,133300.0
542,2021-10-19 02:49:00,14100.0,100.0,133100.0
543,2021-10-19 02:49:00,14100.0,100.0,133000.0
544,2021-10-19 02:48:20,14150.0,1000.0,132900.0
545,2021-10-19 02:48:13,14150.0,200.0,131900.0
546,2021-10-19 02:47:51,14150.0,2000.0,131700.0
547,2021-10-19 02:47:50,14150.0,200.0,129700.0
548,2021-10-19 02:47:48,14150.0,1000.0,129500.0
549,2021-10-19 02:47:48,14150.0,200.0,128500.0
550,2021-10-19 02:47:30,14150.0,100.0,128300.0
551,2021-10-19 02:47:20,14150.0,700.0,128200.0
552,2021-10-19 02:47:20,14150.0,1000.0,127500.0
553,2021-10-19 02:47:20,14150.0,300.0,126500.0
554,2021-10-19 02:47:09,14100.0,100.0,126200.0
555,2021-10-19 02:47:09,14100.0,300.0,126100.0
556,2021-10-19 02:47:09,14100.0,300.0,125800.0
557,2021-10-19 02:47:09,14100.0,300.0,125500.0
558,2021-10-19 02:47:07,14150.0,3000.0,125200.0
559,2021-10-19 02:46:35,14150.0,1000.0,122200.0
560,2021-10-19 02:46:20,14150.0,200.0,121200.0
561,2021-10-19 02:46:14,14150.0,500.0,121000.0
562,2021-10-19 02:45:36,14100.0,300.0,120500.0
563,2021-10-19 02:45:36,14100.0,100.0,120200.0
564,2021-10-19 02:45:36,14100.0,1000.0,120100.0
565,2021-10-19 02:45:36,14100.0,400.0,119100.0
566,2021-10-19 02:45:36,14100.0,200.0,118700.0
567,2021-10-19 02:45:27,14100.0,300.0,118500.0
568,2021-10-19 02:45:27,14100.0,200.0,118200.0
569,2021-10-19 02:45:00,14100.0,800.0,118000.0
570,2021-10-19 02:45:00,14100.0,200.0,117200.0
571,2021-10-19 02:44:52,14150.0,200.0,117000.0
572,2021-10-19 02:44:22,14150.0,900.0,116800.0
573,2021-10-19 02:43:49,14150.0,100.0,115900.0
574,2021-10-19 02:43:48,14100.0,100.0,115800.0
575,2021-10-19 02:43:48,14100.0,1000.0,115700.0
576,2021-10-19 02:43:48,14100.0,200.0,114700.0
577,2021-10-19 02:43:48,14100.0,600.0,114500.0
578,2021-10-19 02:43:34,14150.0,400.0,113900.0
579,2021-10-19 02:43:31,14100.0,100.0,113500.0
580,2021-10-19 02:43:09,14100.0,300.0,113400.0
581,2021-10-19 02:43:09,14100.0,100.0,113100.0
582,2021-10-19 02:43:09,14100.0,2000.0,113000.0
583,2021-10-19 02:43:09,14100.0,600.0,111000.0
584,2021-10-19 02:43:03,14150.0,1000.0,110400.0
585,2021-10-19 02:42:52,14150.0,1000.0,109400.0
586,2021-10-19 02:42:00,14150.0,100.0,108400.0
587,2021-10-19 02:41:57,14150.0,2000.0,108300.0
588,2021-10-19 02:41:34,14150.0,1000.0,106300.0
589,2021-10-19 02:41:18,14100.0,400.0,105300.0
590,2021-10-19 02:41:18,14100.0,3000.0,104900.0
591,2021-10-19 02:41:18,14100.0,300.0,101900.0
592,2021-10-19 02:41:18,14100.0,1000.0,101600.0
593,2021-10-19 02:41:18,14100.0,1000.0,100600.0
594,2021-10-19 02:41:18,14100.0,300.0,99600.0
595,2021-10-19 02:41:05,14150.0,1000.0,99300.0
596,2021-10-19 02:41:03,14150.0,200.0,98300.0
597,2021-10-19 02:40:47,14150.0,100.0,98100.0
598,2021-10-19 02:40:01,14100.0,200.0,98000.0
599,2021-10-19 02:40:01,14100.0,1000.0,97800.0
600,2021-10-19 02:40:01,14100.0,200.0,96800.0
601,2021-10-19 02:40:01,14100.0,500.0,96600.0
602,2021-10-19 02:40:01,14100.0,1000.0,96100.0
603,2021-10-19 02:40:01,14100.0,100.0,95100.0
604,2021-10-19 02:39:45,14150.0,400.0,95000.0
605,2021-10-19 02:39:24,14150.0,100.0,94600.0
606,2021-10-19 02:39:18,14100.0,300.0,94500.0
607,2021-10-19 02:39:18,14100.0,500.0,94200.0
608,2021-10-19 02:39:18,14100.0,100.0,93700.0
609,2021-10-19 02:39:18,14100.0,900.0,93600.0
610,2021-10-19 02:37:09,14100.0,100.0,92700.0
611,2021-10-19 02:37:09,14100.0,1000.0,92600.0
612,2021-10-19 02:37:09,14100.0,800.0,91600.0
613,2021-10-19 02:37:09,14100.0,800.0,90800.0
614,2021-10-19 02:37:09,14100.0,500.0,90000.0
615,2021-10-19 02:37:09,14100.0,500.0,89500.0
616,2021-10-19 02:37:09,14100.0,100.0,89000.0
617,2021-10-19 02:37:09,14100.0,400.0,88900.0
618,2021-10-19 02:37:09,14100.0,200.0,88500.0
619,2021-10-19 02:37:09,14100.0,600.0,88300.0
620,2021-10-19 02:37:00,14100.0,1100.0,87700.0
621,2021-10-19 02:36:57,14150.0,200.0,86600.0
622,2021-10-19 02:36:11,14150.0,500.0,86400.0
623,2021-10-19 02:35:42,14100.0,300.0,85900.0
624,2021-10-19 02:35:42,14100.0,100.0,85600.0
625,2021-10-19 02:35:42,14100.0,200.0,85500.0
626,2021-10-19 02:35:42,14100.0,400.0,85300.0
627,2021-10-19 02:35:31,14150.0,2000.0,84900.0
628,2021-10-19 02:35:06,14150.0,100.0,82900.0
629,2021-10-19 02:34:43,14150.0,500.0,82800.0
630,2021-10-19 02:34:41,14150.0,200.0,82300.0
631,2021-10-19 02:34:31,14150.0,500.0,82100.0
632,2021-10-19 02:34:17,14200.0,400.0,81600.0
633,2021-10-19 02:34:04,14200.0,100.0,81200.0
634,2021-10-19 02:34:01,14200.0,100.0,81100.0
635,2021-10-19 02:33:52,14200.0,300.0,81000.0
636,2021-10-19 02:33:47,14100.0,600.0,80700.0
637,2021-10-19 02:33:47,14100.0,200.0,80100.0
638,2021-10-19 02:33:47,14100.0,200.0,79900.0
639,2021-10-19 02:33:47,14100.0,400.0,79700.0
640,2021-10-19 02:33:47,14100.0,1000.0,79300.0
641,2021-10-19 02:33:47,14100.0,500.0,78300.0
642,2021-10-19 02:33:47,14100.0,1000.0,77800.0
643,2021-10-19 02:33:47,14100.0,700.0,76800.0
644,2021-10-19 02:33:47,14100.0,200.0,76100.0
645,2021-10-19 02:33:47,14100.0,100.0,75900.0
646,2021-10-19 02:33:47,14100.0,500.0,75800.0
647,2021-10-19 02:33:47,14150.0,1000.0,75300.0
648,2021-10-19 02:33:47,14150.0,500.0,74300.0
649,2021-10-19 02:33:47,14150.0,1000.0,73800.0
650,2021-10-19 02:33:47,14150.0,2000.0,72800.0
651,2021-10-19 02:33:47,14150.0,10000.0,70800.0
652,2021-10-19 02:33:47,14150.0,100.0,60800.0
653,2021-10-19 02:33:45,14200.0,1600.0,60700.0
654,2021-10-19 02:33:45,14200.0,1000.0,59100.0
655,2021-10-19 02:33:45,14200.0,400.0,58100.0
656,2021-10-19 02:33:28,14200.0,100.0,57700.0
657,2021-10-19 02:33:28,14200.0,100.0,57600.0
658,2021-10-19 02:33:28,14200.0,200.0,57500.0
659,2021-10-19 02:32:44,14200.0,500.0,57300.0
660,2021-10-19 02:32:44,14200.0,4300.0,56800.0
661,2021-10-19 02:32:36,14200.0,400.0,52500.0
662,2021-10-19 02:32:06,14200.0,500.0,52100.0
663,2021-10-19 02:32:05,14200.0,200.0,51600.0
664,2021-10-19 02:32:02,14200.0,400.0,51400.0
665,2021-10-19 02:31:52,14200.0,300.0,51000.0
666,2021-10-19 02:31:49,14200.0,500.0,50700.0
667,2021-10-19 02:31:20,14150.0,500.0,50200.0
668,2021-10-19 02:30:44,14100.0,300.0,49700.0
669,2021-10-19 02:30:44,14100.0,200.0,49400.0
670,2021-10-19 02:28:39,14100.0,500.0,49200.0
671,2021-10-19 02:26:52,14100.0,100.0,48700.0
672,2021-10-19 02:26:49,14200.0,500.0,48600.0
673,2021-10-19 02:26:47,14200.0,200.0,48100.0
674,2021-10-19 02:26:23,14200.0,1000.0,47900.0
675,2021-10-19 02:25:51,14100.0,500.0,46900.0
676,2021-10-19 02:24:36,14100.0,1000.0,46400.0
677,2021-10-19 02:24:32,14100.0,400.0,45400.0
678,2021-10-19 02:24:32,14100.0,1500.0,45000.0
679,2021-10-19 02:24:32,14100.0,4600.0,43500.0
680,2021-10-19 02:24:27,14000.0,200.0,38900.0
681,2021-10-19 02:24:27,14000.0,300.0,38700.0
682,2021-10-19 02:23:45,14100.0,100.0,38400.0
683,2021-10-19 02:23:44,14100.0,2100.0,38300.0
684,2021-10-19 02:23:30,14100.0,100.0,36200.0
685,2021-10-19 02:23:25,14100.0,100.0,36100.0
686,2021-10-19 02:23:25,14100.0,2900.0,36000.0
687,2021-10-19 02:23:25,14150.0,100.0,33100.0
688,2021-10-19 02:23:24,14150.0,200.0,33000.0
689,2021-10-19 02:23:20,14100.0,100.0,32800.0
690,2021-10-19 02:23:20,14100.0,200.0,32700.0
691,2021-10-19 02:22:39,14100.0,800.0,32500.0
692,2021-10-19 02:22:39,14100.0,100.0,31700.0
693,2021-10-19 02:22:39,14100.0,200.0,31600.0
694,2021-10-19 02:22:39,14100.0,100.0,31400.0
695,2021-10-19 02:22:39,14100.0,300.0,31300.0
696,2021-10-19 02:22:02,14150.0,200.0,31000.0
697,2021-10-19 02:21:11,14200.0,200.0,30800.0
698,2021-10-19 02:20:55,14200.0,200.0,30600.0
699,2021-10-19 02:19:42,14200.0,400.0,30400.0
700,2021-10-19 02:19:42,14200.0,1000.0,30000.0
701,2021-10-19 02:19:42,14200.0,1000.0,29000.0
702,2021-10-19 02:19:42,14200.0,100.0,28000.0
703,2021-10-19 02:19:42,14200.0,100.0,27900.0
704,2021-10-19 02:19:28,14200.0,200.0,27800.0
705,2021-10-19 02:19:28,14200.0,200.0,27600.0
706,2021-10-19 02:19:28,14200.0,100.0,27400.0
707,2021-10-19 02:18:56,14200.0,100.0,27300.0
708,2021-10-19 02:18:56,14200.0,200.0,27200.0
709,2021-10-19 02:18:56,14200.0,800.0,27000.0
710,2021-10-19 02:18:56,14200.0,200.0,26200.0
711,2021-10-19 02:18:26,14200.0,300.0,26000.0
712,2021-10-19 02:18:26,14200.0,100.0,25700.0
713,2021-10-19 02:18:26,14200.0,100.0,25600.0
714,2021-10-19 02:18:26,14200.0,200.0,25500.0
715,2021-10-19 02:18:26,14200.0,100.0,25300.0
716,2021-10-19 02:18:26,14200.0,500.0,25200.0
717,2021-10-19 02:18:26,14200.0,600.0,24700.0
718,2021-10-19 02:18:26,14200.0,2000.0,24100.0
719,2021-10-19 02:18:26,14200.0,400.0,22100.0
720,2021-10-19 02:18:26,14200.0,100.0,21700.0
721,2021-10-19 02:18:26,14200.0,300.0,21600.0
722,2021-10-19 02:18:26,14200.0,300.0,21300.0
723,2021-10-19 02:17:41,14200.0,3700.0,21000.0
724,2021-10-19 02:17:41,14200.0,200.0,17300.0
725,2021-10-19 02:17:41,14200.0,400.0,17100.0
726,2021-10-19 02:17:41,14200.0,300.0,16700.0
727,2021-10-19 02:17:41,14200.0,400.0,16400.0
728,2021-10-19 02:17:21,14200.0,100.0,16000.0
729,2021-10-19 02:17:21,14200.0,300.0,15900.0
730,2021-10-19 02:17:07,14200.0,300.0,15600.0
731,2021-10-19 02:17:07,14200.0,200.0,15300.0
732,2021-10-19 02:17:01,14200.0,500.0,15100.0
733,2021-10-19 02:17:01,14200.0,300.0,14600.0
734,2021-10-19 02:17:01,14200.0,200.0,14300.0
735,2021-10-19 02:17:01,14200.0,4000.0,14100.0
736,2021-10-19 02:15:00,14200.0,2000.0,10100.0
737,2021-10-19 02:15:00,14200.0,1000.0,8100.0
738,2021-10-19 02:15:00,14200.0,2000.0,7100.0
739,2021-10-19 02:15:00,14200.0,2000.0,5100.0
740,2021-10-19 02:15:00,14200.0,100.0,3100.0
741,2021-10-19 02:15:00,14200.0,300.0,3000.0
742,2021-10-19 02:15:00,14200.0,100.0,2700.0
743,2021-10-19 02:15:00,14200.0,100.0,2600.0
744,2021-10-19 02:15:00,14200.0,100.0,2500.0
745,2021-10-19 02:15:00,14200.0,200.0,2400.0
746,2021-10-19 02:15:00,14200.0,200.0,2200.0
747,2021-10-19 02:15:00,14200.0,1900.0,2000.0
748,2021-10-19 02:15:00,14200.0,100.0,100.0
