,Time,Price,Volume_per_trade,Volume
0,2021-10-17 14:48:05,20600.0,400.0,3971297.0
1,2021-10-17 14:47:09,20600.0,100.0,3970897.0
2,2021-10-17 14:46:54,20600.0,500.0,3970797.0
3,2021-10-17 14:46:17,20600.0,100.0,3970297.0
4,2021-10-17 14:45:45,20600.0,900.0,3970197.0
5,2021-10-17 14:45:02,20600.0,74700.0,3969297.0
6,2021-10-17 14:29:53,20700.0,1300.0,3894597.0
7,2021-10-17 14:29:49,20700.0,100.0,3893297.0
8,2021-10-17 14:29:38,20700.0,2700.0,3893197.0
9,2021-10-17 14:29:28,20700.0,100.0,3890497.0
10,2021-10-17 14:29:20,20700.0,100.0,3890397.0
11,2021-10-17 14:29:15,20700.0,20000.0,3890297.0
12,2021-10-17 14:29:05,20700.0,500.0,3870297.0
13,2021-10-17 14:28:45,20700.0,10000.0,3869797.0
14,2021-10-17 14:28:44,20600.0,600.0,3859797.0
15,2021-10-17 14:28:38,20500.0,1000.0,3859197.0
16,2021-10-17 14:28:36,20600.0,100.0,3858197.0
17,2021-10-17 14:28:32,20600.0,500.0,3858097.0
18,2021-10-17 14:28:31,20600.0,500.0,3857597.0
19,2021-10-17 14:28:29,20600.0,300.0,3857097.0
20,2021-10-17 14:28:28,20600.0,1000.0,3856797.0
21,2021-10-17 14:28:21,20600.0,5200.0,3855797.0
22,2021-10-17 14:28:16,20600.0,500.0,3850597.0
23,2021-10-17 14:28:15,20500.0,300.0,3850097.0
24,2021-10-17 14:28:12,20600.0,1000.0,3849797.0
25,2021-10-17 14:28:10,20600.0,8700.0,3848797.0
26,2021-10-17 14:28:03,20600.0,200.0,3840097.0
27,2021-10-17 14:28:02,20600.0,1000.0,3839897.0
28,2021-10-17 14:27:58,20600.0,1500.0,3838897.0
29,2021-10-17 14:27:56,20600.0,100.0,3837397.0
30,2021-10-17 14:27:47,20600.0,500.0,3837297.0
31,2021-10-17 14:27:40,20600.0,1000.0,3836797.0
32,2021-10-17 14:27:39,20600.0,100.0,3835797.0
33,2021-10-17 14:27:37,20600.0,500.0,3835697.0
34,2021-10-17 14:27:29,20600.0,500.0,3835197.0
35,2021-10-17 14:27:20,20600.0,700.0,3834697.0
36,2021-10-17 14:27:16,20600.0,100.0,3833997.0
37,2021-10-17 14:27:08,20600.0,10000.0,3833897.0
38,2021-10-17 14:27:05,20600.0,1100.0,3823897.0
39,2021-10-17 14:27:04,20600.0,100.0,3822797.0
40,2021-10-17 14:26:28,20600.0,300.0,3822697.0
41,2021-10-17 14:26:27,20600.0,100.0,3822397.0
42,2021-10-17 14:26:20,20600.0,700.0,3822297.0
43,2021-10-17 14:26:19,20600.0,100.0,3821597.0
44,2021-10-17 14:26:15,20600.0,1000.0,3821497.0
45,2021-10-17 14:26:13,20600.0,100.0,3820497.0
46,2021-10-17 14:26:09,20600.0,400.0,3820397.0
47,2021-10-17 14:26:05,20600.0,5000.0,3819997.0
48,2021-10-17 14:25:58,20600.0,200.0,3814997.0
49,2021-10-17 14:25:42,20500.0,18300.0,3814797.0
50,2021-10-17 14:25:33,20600.0,1700.0,3796497.0
51,2021-10-17 14:25:30,20500.0,5000.0,3794797.0
52,2021-10-17 14:25:19,20600.0,3000.0,3789797.0
53,2021-10-17 14:25:10,20600.0,4000.0,3786797.0
54,2021-10-17 14:25:02,20500.0,1000.0,3782797.0
55,2021-10-17 14:24:44,20500.0,300.0,3781797.0
56,2021-10-17 14:24:41,20600.0,300.0,3781497.0
57,2021-10-17 14:24:38,20600.0,200.0,3781197.0
58,2021-10-17 14:24:11,20600.0,2000.0,3780997.0
59,2021-10-17 14:24:07,20500.0,4000.0,3778997.0
60,2021-10-17 14:23:51,20500.0,300.0,3774997.0
61,2021-10-17 14:23:45,20600.0,100.0,3774697.0
62,2021-10-17 14:23:36,20600.0,100.0,3774597.0
63,2021-10-17 14:23:30,20500.0,400.0,3774497.0
64,2021-10-17 14:23:17,20600.0,100.0,3774097.0
65,2021-10-17 14:23:16,20600.0,100.0,3773997.0
66,2021-10-17 14:23:14,20600.0,1700.0,3773897.0
67,2021-10-17 14:23:11,20700.0,400.0,3772197.0
68,2021-10-17 14:23:01,20600.0,1900.0,3771797.0
69,2021-10-17 14:22:46,20600.0,1000.0,3769897.0
70,2021-10-17 14:22:36,20600.0,1000.0,3768897.0
71,2021-10-17 14:22:31,20600.0,500.0,3767897.0
72,2021-10-17 14:22:29,20600.0,5000.0,3767397.0
73,2021-10-17 14:22:21,20600.0,2000.0,3762397.0
74,2021-10-17 14:22:14,20600.0,2000.0,3760397.0
75,2021-10-17 14:22:05,20600.0,8000.0,3758397.0
76,2021-10-17 14:22:01,20600.0,500.0,3750397.0
77,2021-10-17 14:21:54,20600.0,100.0,3749897.0
78,2021-10-17 14:21:27,20600.0,400.0,3749797.0
79,2021-10-17 14:21:16,20600.0,30100.0,3749397.0
80,2021-10-17 14:21:14,20600.0,200.0,3719297.0
81,2021-10-17 14:21:08,20600.0,200.0,3719097.0
82,2021-10-17 14:21:07,20600.0,10000.0,3718897.0
83,2021-10-17 14:21:03,20600.0,500.0,3708897.0
84,2021-10-17 14:20:55,20600.0,100.0,3708397.0
85,2021-10-17 14:20:43,20600.0,10000.0,3708297.0
86,2021-10-17 14:20:38,20500.0,10000.0,3698297.0
87,2021-10-17 14:20:30,20600.0,100.0,3688297.0
88,2021-10-17 14:20:24,20500.0,10000.0,3688197.0
89,2021-10-17 14:19:27,20600.0,200.0,3678197.0
90,2021-10-17 14:19:23,20500.0,500.0,3677997.0
91,2021-10-17 14:19:21,20600.0,500.0,3677497.0
92,2021-10-17 14:19:12,20600.0,2.0,3676997.0
93,2021-10-17 14:18:54,20600.0,500.0,3676995.0
94,2021-10-17 14:18:48,20500.0,1000.0,3676495.0
95,2021-10-17 14:18:39,20600.0,500.0,3675495.0
96,2021-10-17 14:18:25,20600.0,4000.0,3674995.0
97,2021-10-17 14:18:14,20600.0,100.0,3670995.0
98,2021-10-17 14:18:12,20600.0,100.0,3670895.0
99,2021-10-17 14:18:06,20600.0,100.0,3670795.0
100,2021-10-17 14:17:40,20600.0,5000.0,3670695.0
101,2021-10-17 14:17:18,20500.0,1000.0,3665695.0
102,2021-10-17 14:17:16,20500.0,4000.0,3664695.0
103,2021-10-17 14:17:12,20600.0,100.0,3660695.0
104,2021-10-17 14:17:00,20500.0,200.0,3660595.0
105,2021-10-17 14:16:24,20500.0,200.0,3660395.0
106,2021-10-17 14:16:23,20600.0,15000.0,3660195.0
107,2021-10-17 14:16:18,20600.0,5100.0,3645195.0
108,2021-10-17 14:16:12,20600.0,16900.0,3640095.0
109,2021-10-17 14:16:05,20600.0,2000.0,3623195.0
110,2021-10-17 14:16:02,20600.0,3000.0,3621195.0
111,2021-10-17 14:15:59,20600.0,15000.0,3618195.0
112,2021-10-17 14:15:48,20600.0,200.0,3603195.0
113,2021-10-17 14:15:47,20600.0,2800.0,3602995.0
114,2021-10-17 14:15:32,20600.0,4600.0,3600195.0
115,2021-10-17 14:15:31,20600.0,1000.0,3595595.0
116,2021-10-17 14:15:30,20600.0,5000.0,3594595.0
117,2021-10-17 14:15:29,20600.0,200.0,3589595.0
118,2021-10-17 14:15:09,20600.0,5000.0,3589395.0
119,2021-10-17 14:14:51,20600.0,200.0,3584395.0
120,2021-10-17 14:14:45,20700.0,500.0,3584195.0
121,2021-10-17 14:14:26,20700.0,500.0,3583695.0
122,2021-10-17 14:14:25,20700.0,900.0,3583195.0
123,2021-10-17 14:14:03,20700.0,600.0,3582295.0
124,2021-10-17 14:13:59,20700.0,100.0,3581695.0
125,2021-10-17 14:13:58,20600.0,2000.0,3581595.0
126,2021-10-17 14:13:40,20600.0,2000.0,3579595.0
127,2021-10-17 14:13:24,20700.0,100.0,3577595.0
128,2021-10-17 14:13:18,20600.0,20100.0,3577495.0
129,2021-10-17 14:13:08,20600.0,1000.0,3557395.0
130,2021-10-17 14:12:49,20600.0,500.0,3556395.0
131,2021-10-17 14:12:45,20600.0,5000.0,3555895.0
132,2021-10-17 14:12:38,20600.0,5000.0,3550895.0
133,2021-10-17 14:12:36,20600.0,100.0,3545895.0
134,2021-10-17 14:12:33,20600.0,300.0,3545795.0
135,2021-10-17 14:12:25,20600.0,3700.0,3545495.0
136,2021-10-17 14:12:20,20600.0,100.0,3541795.0
137,2021-10-17 14:11:51,20600.0,1500.0,3541695.0
138,2021-10-17 14:11:42,20600.0,400.0,3540195.0
139,2021-10-17 14:11:39,20600.0,500.0,3539795.0
140,2021-10-17 14:11:34,20600.0,5000.0,3539295.0
141,2021-10-17 14:11:33,20600.0,1000.0,3534295.0
142,2021-10-17 14:11:29,20600.0,1000.0,3533295.0
143,2021-10-17 14:11:26,20600.0,200.0,3532295.0
144,2021-10-17 14:10:42,20600.0,5000.0,3532095.0
145,2021-10-17 14:10:40,20700.0,1000.0,3527095.0
146,2021-10-17 14:10:26,20700.0,100.0,3526095.0
147,2021-10-17 14:09:59,20700.0,100.0,3525995.0
148,2021-10-17 14:09:55,20700.0,400.0,3525895.0
149,2021-10-17 14:09:51,20600.0,3900.0,3525495.0
150,2021-10-17 14:09:42,20600.0,300.0,3521595.0
151,2021-10-17 14:09:30,20700.0,400.0,3521295.0
152,2021-10-17 14:08:52,20700.0,55.0,3520895.0
153,2021-10-17 14:08:50,20700.0,100.0,3520840.0
154,2021-10-17 14:08:47,20700.0,1000.0,3520740.0
155,2021-10-17 14:08:45,20700.0,100.0,3519740.0
156,2021-10-17 14:08:34,20700.0,1000.0,3519640.0
157,2021-10-17 14:08:27,20700.0,100.0,3518640.0
158,2021-10-17 14:08:21,20700.0,45.0,3518540.0
159,2021-10-17 14:08:16,20700.0,100.0,3518495.0
160,2021-10-17 14:08:05,20700.0,700.0,3518395.0
161,2021-10-17 14:08:00,20700.0,100.0,3517695.0
162,2021-10-17 14:07:54,20700.0,300.0,3517595.0
163,2021-10-17 14:07:45,20700.0,200.0,3517295.0
164,2021-10-17 14:07:37,20700.0,20000.0,3517095.0
165,2021-10-17 14:07:34,20700.0,1000.0,3497095.0
166,2021-10-17 14:07:26,20700.0,100.0,3496095.0
167,2021-10-17 14:07:06,20700.0,2200.0,3495995.0
168,2021-10-17 14:06:30,20700.0,100.0,3493795.0
169,2021-10-17 14:06:23,20700.0,200.0,3493695.0
170,2021-10-17 14:06:10,20600.0,100.0,3493495.0
171,2021-10-17 14:05:32,20700.0,100.0,3493395.0
172,2021-10-17 14:05:28,20700.0,100.0,3493295.0
173,2021-10-17 14:05:14,20600.0,2000.0,3493195.0
174,2021-10-17 14:05:11,20600.0,1000.0,3491195.0
175,2021-10-17 14:05:10,20600.0,1000.0,3490195.0
176,2021-10-17 14:05:09,20700.0,500.0,3489195.0
177,2021-10-17 14:04:57,20600.0,500.0,3488695.0
178,2021-10-17 14:04:53,20700.0,300.0,3488195.0
179,2021-10-17 14:04:47,20700.0,10000.0,3487895.0
180,2021-10-17 14:04:14,20600.0,100.0,3477895.0
181,2021-10-17 14:04:09,20600.0,2000.0,3477795.0
182,2021-10-17 14:04:04,20600.0,100.0,3475795.0
183,2021-10-17 14:04:00,20600.0,500.0,3475695.0
184,2021-10-17 14:03:48,20600.0,500.0,3475195.0
185,2021-10-17 14:03:13,20600.0,200.0,3474695.0
186,2021-10-17 14:03:02,20700.0,300.0,3474495.0
187,2021-10-17 14:02:59,20700.0,400.0,3474195.0
188,2021-10-17 14:02:50,20600.0,10000.0,3473795.0
189,2021-10-17 14:02:21,20600.0,300.0,3463795.0
190,2021-10-17 14:02:12,20700.0,100.0,3463495.0
191,2021-10-17 14:02:04,20600.0,1100.0,3463395.0
192,2021-10-17 14:01:18,20600.0,500.0,3462295.0
193,2021-10-17 14:01:11,20600.0,100.0,3461795.0
194,2021-10-17 14:01:09,20600.0,9400.0,3461695.0
195,2021-10-17 14:00:54,20600.0,2000.0,3452295.0
196,2021-10-17 14:00:52,20600.0,5000.0,3450295.0
197,2021-10-17 14:00:48,20600.0,200.0,3445295.0
198,2021-10-17 14:00:46,20600.0,4000.0,3445095.0
199,2021-10-17 14:00:04,20600.0,2000.0,3441095.0
200,2021-10-17 13:59:57,20600.0,100.0,3439095.0
201,2021-10-17 13:59:54,20600.0,58300.0,3438995.0
202,2021-10-17 13:59:53,20600.0,500.0,3380695.0
203,2021-10-17 13:59:48,20600.0,2000.0,3380195.0
204,2021-10-17 13:59:39,20600.0,3100.0,3378195.0
205,2021-10-17 13:59:27,20600.0,100.0,3375095.0
206,2021-10-17 13:59:24,20600.0,100.0,3374995.0
207,2021-10-17 13:59:16,20600.0,300.0,3374895.0
208,2021-10-17 13:59:13,20600.0,100.0,3374595.0
209,2021-10-17 13:59:04,20600.0,300.0,3374495.0
210,2021-10-17 13:59:00,20600.0,200.0,3374195.0
211,2021-10-17 13:58:55,20600.0,600.0,3373995.0
212,2021-10-17 13:58:45,20600.0,400.0,3373395.0
213,2021-10-17 13:58:40,20600.0,100.0,3372995.0
214,2021-10-17 13:58:37,20600.0,500.0,3372895.0
215,2021-10-17 13:58:33,20600.0,500.0,3372395.0
216,2021-10-17 13:58:28,20600.0,100.0,3371895.0
217,2021-10-17 13:58:23,20600.0,1500.0,3371795.0
218,2021-10-17 13:58:10,20600.0,100.0,3370295.0
219,2021-10-17 13:58:06,20600.0,1000.0,3370195.0
220,2021-10-17 13:57:52,20600.0,300.0,3369195.0
221,2021-10-17 13:57:47,20600.0,1000.0,3368895.0
222,2021-10-17 13:57:29,20600.0,700.0,3367895.0
223,2021-10-17 13:57:27,20500.0,4000.0,3367195.0
224,2021-10-17 13:57:22,20600.0,10200.0,3363195.0
225,2021-10-17 13:57:21,20600.0,100.0,3352995.0
226,2021-10-17 13:57:19,20600.0,1000.0,3352895.0
227,2021-10-17 13:57:17,20600.0,500.0,3351895.0
228,2021-10-17 13:57:10,20600.0,600.0,3351395.0
229,2021-10-17 13:57:08,20600.0,5000.0,3350795.0
230,2021-10-17 13:57:07,20600.0,19200.0,3345795.0
231,2021-10-17 13:57:03,20600.0,1100.0,3326595.0
232,2021-10-17 13:56:45,20600.0,15000.0,3325495.0
233,2021-10-17 13:56:24,20600.0,500.0,3310495.0
234,2021-10-17 13:56:20,20600.0,100.0,3309995.0
235,2021-10-17 13:56:15,20600.0,500.0,3309895.0
236,2021-10-17 13:56:04,20600.0,1100.0,3309395.0
237,2021-10-17 13:55:45,20600.0,800.0,3308295.0
238,2021-10-17 13:55:44,20600.0,600.0,3307495.0
239,2021-10-17 13:55:39,20600.0,2000.0,3306895.0
240,2021-10-17 13:55:33,20600.0,100.0,3304895.0
241,2021-10-17 13:55:24,20600.0,100.0,3304795.0
242,2021-10-17 13:55:22,20600.0,100.0,3304695.0
243,2021-10-17 13:55:18,20600.0,600.0,3304595.0
244,2021-10-17 13:55:04,20600.0,45600.0,3303995.0
245,2021-10-17 13:54:41,20600.0,20000.0,3258395.0
246,2021-10-17 13:54:38,20700.0,12300.0,3238395.0
247,2021-10-17 13:54:28,20700.0,100.0,3226095.0
248,2021-10-17 13:54:24,20700.0,200.0,3225995.0
249,2021-10-17 13:54:21,20700.0,500.0,3225795.0
250,2021-10-17 13:54:12,20700.0,400.0,3225295.0
251,2021-10-17 13:54:09,20700.0,7200.0,3224895.0
252,2021-10-17 13:54:07,20700.0,2800.0,3217695.0
253,2021-10-17 13:54:05,20700.0,500.0,3214895.0
254,2021-10-17 13:53:54,20700.0,1300.0,3214395.0
255,2021-10-17 13:53:38,20700.0,200.0,3213095.0
256,2021-10-17 13:53:32,20700.0,500.0,3212895.0
257,2021-10-17 13:53:18,20700.0,900.0,3212395.0
258,2021-10-17 13:53:17,20800.0,5000.0,3211495.0
259,2021-10-17 13:53:10,20700.0,1000.0,3206495.0
260,2021-10-17 13:53:09,20700.0,1000.0,3205495.0
261,2021-10-17 13:52:58,20700.0,1300.0,3204495.0
262,2021-10-17 13:52:55,20700.0,400.0,3203195.0
263,2021-10-17 13:52:41,20700.0,1100.0,3202795.0
264,2021-10-17 13:52:37,20700.0,4100.0,3201695.0
265,2021-10-17 13:52:35,20700.0,500.0,3197595.0
266,2021-10-17 13:52:29,20700.0,100.0,3197095.0
267,2021-10-17 13:52:26,20700.0,100.0,3196995.0
268,2021-10-17 13:52:22,20700.0,100.0,3196895.0
269,2021-10-17 13:52:16,20700.0,5000.0,3196795.0
270,2021-10-17 13:52:06,20700.0,300.0,3191795.0
271,2021-10-17 13:52:04,20700.0,10000.0,3191495.0
272,2021-10-17 13:51:58,20600.0,1000.0,3181495.0
273,2021-10-17 13:51:43,20600.0,300.0,3180495.0
274,2021-10-17 13:51:39,20600.0,100.0,3180195.0
275,2021-10-17 13:51:31,20600.0,500.0,3180095.0
276,2021-10-17 13:51:30,20600.0,31900.0,3179595.0
277,2021-10-17 13:51:28,20500.0,20000.0,3147695.0
278,2021-10-17 13:51:23,20500.0,200.0,3127695.0
279,2021-10-17 13:51:14,20500.0,100.0,3127495.0
280,2021-10-17 13:51:13,20500.0,200.0,3127395.0
281,2021-10-17 13:50:57,20500.0,400.0,3127195.0
282,2021-10-17 13:50:51,20500.0,400.0,3126795.0
283,2021-10-17 13:50:47,20600.0,100.0,3126395.0
284,2021-10-17 13:50:43,20500.0,2000.0,3126295.0
285,2021-10-17 13:50:38,20600.0,5300.0,3124295.0
286,2021-10-17 13:50:36,20600.0,200.0,3118995.0
287,2021-10-17 13:50:29,20600.0,2000.0,3118795.0
288,2021-10-17 13:50:27,20600.0,300.0,3116795.0
289,2021-10-17 13:50:19,20600.0,100.0,3116495.0
290,2021-10-17 13:50:17,20600.0,400.0,3116395.0
291,2021-10-17 13:50:11,20600.0,300.0,3115995.0
292,2021-10-17 13:50:08,20600.0,100.0,3115695.0
293,2021-10-17 13:49:56,20600.0,100.0,3115595.0
294,2021-10-17 13:49:49,20600.0,10500.0,3115495.0
295,2021-10-17 13:49:48,20500.0,2500.0,3104995.0
296,2021-10-17 13:49:44,20600.0,300.0,3102495.0
297,2021-10-17 13:49:39,20600.0,500.0,3102195.0
298,2021-10-17 13:49:28,20600.0,1057.0,3101695.0
299,2021-10-17 13:49:23,20600.0,100.0,3100638.0
300,2021-10-17 13:49:16,20600.0,1000.0,3100538.0
301,2021-10-17 13:49:15,20600.0,200200.0,3099538.0
302,2021-10-17 13:49:14,20600.0,100.0,2899338.0
303,2021-10-17 13:49:13,20500.0,1100.0,2899238.0
304,2021-10-17 13:49:07,20600.0,500.0,2898138.0
305,2021-10-17 13:49:06,20600.0,400.0,2897638.0
306,2021-10-17 13:49:01,20600.0,200.0,2897238.0
307,2021-10-17 13:49:00,20600.0,500.0,2897038.0
308,2021-10-17 13:48:59,20600.0,600.0,2896538.0
309,2021-10-17 13:48:57,20600.0,300.0,2895938.0
310,2021-10-17 13:48:55,20600.0,200.0,2895638.0
311,2021-10-17 13:48:48,20600.0,300.0,2895438.0
312,2021-10-17 13:48:46,20600.0,4200.0,2895138.0
313,2021-10-17 13:48:37,20600.0,1200.0,2890938.0
314,2021-10-17 13:48:36,20600.0,1000.0,2889738.0
315,2021-10-17 13:48:35,20600.0,200.0,2888738.0
316,2021-10-17 13:48:30,20600.0,300.0,2888538.0
317,2021-10-17 13:48:25,20600.0,300.0,2888238.0
318,2021-10-17 13:48:23,20600.0,1300.0,2887938.0
319,2021-10-17 13:48:20,20700.0,200.0,2886638.0
320,2021-10-17 13:48:10,20600.0,40000.0,2886438.0
321,2021-10-17 13:48:09,20700.0,100.0,2846438.0
322,2021-10-17 13:48:03,20700.0,1300.0,2846338.0
323,2021-10-17 13:47:57,20700.0,200.0,2845038.0
324,2021-10-17 13:47:51,20700.0,3000.0,2844838.0
325,2021-10-17 13:47:34,20700.0,100.0,2841838.0
326,2021-10-17 13:47:23,20700.0,900.0,2841738.0
327,2021-10-17 13:47:21,20700.0,2700.0,2840838.0
328,2021-10-17 13:47:17,20800.0,600.0,2838138.0
329,2021-10-17 13:47:09,20700.0,100.0,2837538.0
330,2021-10-17 13:47:04,20700.0,15000.0,2837438.0
331,2021-10-17 13:47:03,20800.0,100.0,2822438.0
332,2021-10-17 13:46:37,20800.0,200.0,2822338.0
333,2021-10-17 13:45:46,20800.0,100.0,2822138.0
334,2021-10-17 13:45:42,20800.0,1500.0,2822038.0
335,2021-10-17 13:45:39,20700.0,1000.0,2820538.0
336,2021-10-17 13:45:33,20700.0,5000.0,2819538.0
337,2021-10-17 13:45:17,20700.0,6000.0,2814538.0
338,2021-10-17 13:45:05,20700.0,3600.0,2808538.0
339,2021-10-17 13:44:45,20700.0,100.0,2804938.0
340,2021-10-17 13:44:31,20700.0,200.0,2804838.0
341,2021-10-17 13:44:30,20800.0,800.0,2804638.0
342,2021-10-17 13:44:25,20700.0,1000.0,2803838.0
343,2021-10-17 13:43:19,20700.0,7300.0,2802838.0
344,2021-10-17 13:43:09,20700.0,2600.0,2795538.0
345,2021-10-17 13:42:48,20700.0,1000.0,2792938.0
346,2021-10-17 13:42:47,20600.0,40000.0,2791938.0
347,2021-10-17 13:42:46,20700.0,500.0,2751938.0
348,2021-10-17 13:42:35,20700.0,400.0,2751438.0
349,2021-10-17 13:42:34,20600.0,50000.0,2751038.0
350,2021-10-17 13:42:30,20700.0,100.0,2701038.0
351,2021-10-17 13:42:28,20700.0,7400.0,2700938.0
352,2021-10-17 13:42:11,20700.0,100.0,2693538.0
353,2021-10-17 13:42:08,20700.0,1500.0,2693438.0
354,2021-10-17 13:42:02,20700.0,2700.0,2691938.0
355,2021-10-17 13:41:45,20700.0,2600.0,2689238.0
356,2021-10-17 13:41:42,20700.0,1000.0,2686638.0
357,2021-10-17 13:41:41,20700.0,200.0,2685638.0
358,2021-10-17 13:41:34,20700.0,100.0,2685438.0
359,2021-10-17 13:41:29,20700.0,100.0,2685338.0
360,2021-10-17 13:41:27,20700.0,1000.0,2685238.0
361,2021-10-17 13:41:19,20700.0,100.0,2684238.0
362,2021-10-17 13:41:18,20700.0,500.0,2684138.0
363,2021-10-17 13:41:13,20700.0,100.0,2683638.0
364,2021-10-17 13:41:12,20700.0,2700.0,2683538.0
365,2021-10-17 13:41:10,20700.0,200.0,2680838.0
366,2021-10-17 13:41:09,20700.0,1000.0,2680638.0
367,2021-10-17 13:40:59,20700.0,500.0,2679638.0
368,2021-10-17 13:40:56,20700.0,1500.0,2679138.0
369,2021-10-17 13:40:48,20700.0,100.0,2677638.0
370,2021-10-17 13:40:32,20700.0,6300.0,2677538.0
371,2021-10-17 13:40:24,20700.0,500.0,2671238.0
372,2021-10-17 13:40:22,20700.0,4600.0,2670738.0
373,2021-10-17 13:40:14,20700.0,1000.0,2666138.0
374,2021-10-17 13:40:12,20700.0,10000.0,2665138.0
375,2021-10-17 13:40:04,20700.0,100.0,2655138.0
376,2021-10-17 13:40:03,20700.0,400.0,2655038.0
377,2021-10-17 13:39:46,20700.0,500.0,2654638.0
378,2021-10-17 13:39:37,20700.0,700.0,2654138.0
379,2021-10-17 13:39:33,20700.0,1000.0,2653438.0
380,2021-10-17 13:39:02,20700.0,100.0,2652438.0
381,2021-10-17 13:39:00,20700.0,100.0,2652338.0
382,2021-10-17 13:38:58,20700.0,1000.0,2652238.0
383,2021-10-17 13:38:53,20700.0,300.0,2651238.0
384,2021-10-17 13:38:51,20700.0,300.0,2650938.0
385,2021-10-17 13:38:48,20700.0,300.0,2650638.0
386,2021-10-17 13:38:45,20700.0,1000.0,2650338.0
387,2021-10-17 13:38:44,20700.0,1900.0,2649338.0
388,2021-10-17 13:38:36,20700.0,300.0,2647438.0
389,2021-10-17 13:38:33,20700.0,3700.0,2647138.0
390,2021-10-17 13:38:14,20700.0,600.0,2643438.0
391,2021-10-17 13:38:11,20700.0,1100.0,2642838.0
392,2021-10-17 13:38:08,20700.0,100.0,2641738.0
393,2021-10-17 13:38:06,20700.0,100.0,2641638.0
394,2021-10-17 13:38:05,20700.0,3000.0,2641538.0
395,2021-10-17 13:37:59,20700.0,100.0,2638538.0
396,2021-10-17 13:37:52,20700.0,1000.0,2638438.0
397,2021-10-17 13:37:51,20700.0,100.0,2637438.0
398,2021-10-17 13:37:47,20700.0,200.0,2637338.0
399,2021-10-17 13:37:43,20700.0,4000.0,2637138.0
400,2021-10-17 13:37:34,20700.0,100.0,2633138.0
401,2021-10-17 13:37:30,20600.0,200.0,2633038.0
402,2021-10-17 13:37:26,20700.0,900.0,2632838.0
403,2021-10-17 13:37:17,20700.0,100.0,2631938.0
404,2021-10-17 13:37:09,20700.0,300.0,2631838.0
405,2021-10-17 13:36:58,20700.0,500.0,2631538.0
406,2021-10-17 13:36:36,20700.0,300.0,2631038.0
407,2021-10-17 13:36:30,20700.0,2000.0,2630738.0
408,2021-10-17 13:36:24,20700.0,5000.0,2628738.0
409,2021-10-17 13:36:13,20700.0,100.0,2623738.0
410,2021-10-17 13:36:09,20700.0,7900.0,2623638.0
411,2021-10-17 13:35:57,20700.0,6800.0,2615738.0
412,2021-10-17 13:35:52,20700.0,100.0,2608938.0
413,2021-10-17 13:35:50,20700.0,1000.0,2608838.0
414,2021-10-17 13:35:45,20700.0,500.0,2607838.0
415,2021-10-17 13:35:42,20700.0,3000.0,2607338.0
416,2021-10-17 13:35:37,20700.0,100.0,2604338.0
417,2021-10-17 13:35:36,20700.0,1000.0,2604238.0
418,2021-10-17 13:35:29,20700.0,500.0,2603238.0
419,2021-10-17 13:35:27,20700.0,100.0,2602738.0
420,2021-10-17 13:35:25,20700.0,3400.0,2602638.0
421,2021-10-17 13:35:10,20700.0,500.0,2599238.0
422,2021-10-17 13:35:08,20700.0,7400.0,2598738.0
423,2021-10-17 13:35:07,20700.0,100.0,2591338.0
424,2021-10-17 13:35:05,20700.0,200.0,2591238.0
425,2021-10-17 13:35:00,20600.0,53000.0,2591038.0
426,2021-10-17 13:34:47,20700.0,100.0,2538038.0
427,2021-10-17 13:34:42,20700.0,100.0,2537938.0
428,2021-10-17 13:34:36,20700.0,1700.0,2537838.0
429,2021-10-17 13:34:35,20700.0,300.0,2536138.0
430,2021-10-17 13:34:25,20700.0,1100.0,2535838.0
431,2021-10-17 13:34:20,20700.0,500.0,2534738.0
432,2021-10-17 13:34:17,20700.0,5200.0,2534238.0
433,2021-10-17 13:34:04,20600.0,26000.0,2529038.0
434,2021-10-17 13:33:56,20700.0,500.0,2503038.0
435,2021-10-17 13:33:49,20700.0,2900.0,2502538.0
436,2021-10-17 13:33:38,20700.0,100.0,2499638.0
437,2021-10-17 13:33:35,20700.0,100.0,2499538.0
438,2021-10-17 13:33:25,20700.0,300.0,2499438.0
439,2021-10-17 13:33:24,20700.0,900.0,2499138.0
440,2021-10-17 13:33:20,20700.0,5300.0,2498238.0
441,2021-10-17 13:33:00,20700.0,5000.0,2492938.0
442,2021-10-17 13:32:50,20700.0,2000.0,2487938.0
443,2021-10-17 13:32:40,20700.0,200.0,2485938.0
444,2021-10-17 13:32:39,20700.0,2000.0,2485738.0
445,2021-10-17 13:32:36,20800.0,100.0,2483738.0
446,2021-10-17 13:32:31,20700.0,20000.0,2483638.0
447,2021-10-17 13:32:20,20700.0,3700.0,2463638.0
448,2021-10-17 13:31:57,20700.0,500.0,2459938.0
449,2021-10-17 13:31:36,20800.0,100.0,2459438.0
450,2021-10-17 13:31:35,20800.0,200.0,2459338.0
451,2021-10-17 13:31:24,20700.0,1000.0,2459138.0
452,2021-10-17 13:31:21,20700.0,1000.0,2458138.0
453,2021-10-17 13:31:20,20700.0,1500.0,2457138.0
454,2021-10-17 13:31:04,20800.0,500.0,2455638.0
455,2021-10-17 13:30:49,20700.0,1100.0,2455138.0
456,2021-10-17 13:30:31,20700.0,2500.0,2454038.0
457,2021-10-17 13:30:30,20700.0,1400.0,2451538.0
458,2021-10-17 13:30:26,20700.0,200.0,2450138.0
459,2021-10-17 13:30:25,20700.0,500.0,2449938.0
460,2021-10-17 13:30:22,20700.0,300.0,2449438.0
461,2021-10-17 13:30:18,20700.0,100.0,2449138.0
462,2021-10-17 13:30:17,20700.0,1000.0,2449038.0
463,2021-10-17 13:30:10,20700.0,200.0,2448038.0
464,2021-10-17 13:30:08,20700.0,14700.0,2447838.0
465,2021-10-17 13:29:59,20700.0,1000.0,2433138.0
466,2021-10-17 13:29:57,20700.0,2500.0,2432138.0
467,2021-10-17 13:29:52,20800.0,100.0,2429638.0
468,2021-10-17 13:29:40,20700.0,200.0,2429538.0
469,2021-10-17 13:29:39,20700.0,30000.0,2429338.0
470,2021-10-17 13:29:38,20800.0,1000.0,2399338.0
471,2021-10-17 13:29:25,20700.0,1200.0,2398338.0
472,2021-10-17 13:28:58,20700.0,1000.0,2397138.0
473,2021-10-17 13:28:47,20700.0,500.0,2396138.0
474,2021-10-17 13:28:46,20700.0,100.0,2395638.0
475,2021-10-17 13:28:14,20700.0,1400.0,2395538.0
476,2021-10-17 13:28:12,20700.0,4400.0,2394138.0
477,2021-10-17 13:28:11,20700.0,1000.0,2389738.0
478,2021-10-17 13:28:05,20700.0,1000.0,2388738.0
479,2021-10-17 13:28:02,20700.0,1000.0,2387738.0
480,2021-10-17 13:27:55,20700.0,10000.0,2386738.0
481,2021-10-17 13:27:50,20700.0,1000.0,2376738.0
482,2021-10-17 13:27:48,20700.0,200.0,2375738.0
483,2021-10-17 13:27:44,20700.0,100.0,2375538.0
484,2021-10-17 13:27:42,20700.0,500.0,2375438.0
485,2021-10-17 13:27:41,20700.0,500.0,2374938.0
486,2021-10-17 13:27:34,20700.0,8400.0,2374438.0
487,2021-10-17 13:27:24,20700.0,1000.0,2366038.0
488,2021-10-17 13:27:13,20700.0,25000.0,2365038.0
489,2021-10-17 13:27:05,20800.0,300.0,2340038.0
490,2021-10-17 13:27:03,20800.0,100.0,2339738.0
491,2021-10-17 13:26:45,20800.0,200.0,2339638.0
492,2021-10-17 13:26:33,20800.0,100.0,2339438.0
493,2021-10-17 13:26:29,20800.0,5000.0,2339338.0
494,2021-10-17 13:26:22,20800.0,100.0,2334338.0
495,2021-10-17 13:25:59,20800.0,4000.0,2334238.0
496,2021-10-17 13:25:53,20800.0,5000.0,2330238.0
497,2021-10-17 13:25:49,20700.0,300.0,2325238.0
498,2021-10-17 13:25:48,20800.0,900.0,2324938.0
499,2021-10-17 13:25:40,20800.0,100.0,2324038.0
500,2021-10-17 13:25:18,20800.0,1000.0,2323938.0
501,2021-10-17 13:25:11,20800.0,100.0,2322938.0
502,2021-10-17 13:25:08,20800.0,100.0,2322838.0
503,2021-10-17 13:25:02,20700.0,85000.0,2322738.0
504,2021-10-17 13:24:43,20800.0,2200.0,2237738.0
505,2021-10-17 13:24:35,20800.0,5000.0,2235538.0
506,2021-10-17 13:24:26,20800.0,400.0,2230538.0
507,2021-10-17 13:24:19,20800.0,200.0,2230138.0
508,2021-10-17 13:24:06,20800.0,200.0,2229938.0
509,2021-10-17 13:24:03,20800.0,16500.0,2229738.0
510,2021-10-17 13:23:40,20800.0,2000.0,2213238.0
511,2021-10-17 13:23:27,20800.0,10000.0,2211238.0
512,2021-10-17 13:22:49,20800.0,800.0,2201238.0
513,2021-10-17 13:22:47,20800.0,1000.0,2200438.0
514,2021-10-17 13:22:46,20800.0,100.0,2199438.0
515,2021-10-17 13:22:44,20800.0,300.0,2199338.0
516,2021-10-17 13:22:39,20800.0,2000.0,2199038.0
517,2021-10-17 13:22:14,20800.0,300.0,2197038.0
518,2021-10-17 13:22:07,20800.0,200.0,2196738.0
519,2021-10-17 13:22:02,20800.0,400.0,2196538.0
520,2021-10-17 13:21:59,20800.0,100.0,2196138.0
521,2021-10-17 13:21:18,20800.0,5000.0,2196038.0
522,2021-10-17 13:21:16,20800.0,100.0,2191038.0
523,2021-10-17 13:20:58,20800.0,100.0,2190938.0
524,2021-10-17 13:20:52,20700.0,14000.0,2190838.0
525,2021-10-17 13:20:49,20800.0,500.0,2176838.0
526,2021-10-17 13:20:26,20800.0,200.0,2176338.0
527,2021-10-17 13:20:20,20800.0,2000.0,2176138.0
528,2021-10-17 13:20:17,20800.0,100.0,2174138.0
529,2021-10-17 13:20:08,20900.0,2500.0,2174038.0
530,2021-10-17 13:19:56,20700.0,15000.0,2171538.0
531,2021-10-17 13:19:18,20800.0,1000.0,2156538.0
532,2021-10-17 13:18:46,20700.0,800.0,2155538.0
533,2021-10-17 13:18:20,20700.0,50000.0,2154738.0
534,2021-10-17 13:17:49,20800.0,20000.0,2104738.0
535,2021-10-17 13:17:17,20900.0,10000.0,2084738.0
536,2021-10-17 13:17:07,20900.0,500.0,2074738.0
537,2021-10-17 13:17:02,20800.0,500.0,2074238.0
538,2021-10-17 13:15:59,20900.0,100.0,2073738.0
539,2021-10-17 13:15:51,20800.0,35000.0,2073638.0
540,2021-10-17 13:15:43,20900.0,1000.0,2038638.0
541,2021-10-17 13:15:31,20900.0,2600.0,2037638.0
542,2021-10-17 13:15:27,20900.0,15000.0,2035038.0
543,2021-10-17 13:14:45,20900.0,6700.0,2020038.0
544,2021-10-17 13:14:40,20900.0,1000.0,2013338.0
545,2021-10-17 13:14:26,20900.0,500.0,2012338.0
546,2021-10-17 13:14:06,20900.0,500.0,2011838.0
547,2021-10-17 13:13:42,20900.0,1700.0,2011338.0
548,2021-10-17 13:13:31,20900.0,100.0,2009638.0
549,2021-10-17 13:13:26,20900.0,4000.0,2009538.0
550,2021-10-17 13:12:58,20900.0,5000.0,2005538.0
551,2021-10-17 13:12:52,20900.0,14200.0,2000538.0
552,2021-10-17 13:12:15,20900.0,5000.0,1986338.0
553,2021-10-17 13:12:03,20900.0,1000.0,1981338.0
554,2021-10-17 13:11:43,20900.0,1000.0,1980338.0
555,2021-10-17 13:11:40,20700.0,300.0,1979338.0
556,2021-10-17 13:11:39,20900.0,2800.0,1979038.0
557,2021-10-17 13:11:37,20700.0,110000.0,1976238.0
558,2021-10-17 13:11:34,20900.0,1000.0,1866238.0
559,2021-10-17 13:11:27,20900.0,5000.0,1865238.0
560,2021-10-17 13:11:14,20900.0,500.0,1860238.0
561,2021-10-17 13:11:12,20900.0,400.0,1859738.0
562,2021-10-17 13:11:05,20900.0,1000.0,1859338.0
563,2021-10-17 13:10:22,20800.0,20000.0,1858338.0
564,2021-10-17 13:10:21,20800.0,200.0,1838338.0
565,2021-10-17 13:10:12,20800.0,3000.0,1838138.0
566,2021-10-17 13:09:50,20800.0,600.0,1835138.0
567,2021-10-17 13:09:48,20800.0,14000.0,1834538.0
568,2021-10-17 13:09:35,20900.0,4200.0,1820538.0
569,2021-10-17 13:09:32,20900.0,1000.0,1816338.0
570,2021-10-17 13:09:20,20800.0,500.0,1815338.0
571,2021-10-17 13:09:17,20900.0,200.0,1814838.0
572,2021-10-17 13:09:14,20800.0,11300.0,1814638.0
573,2021-10-17 13:09:08,20900.0,5500.0,1803338.0
574,2021-10-17 13:08:36,20900.0,100.0,1797838.0
575,2021-10-17 13:07:54,20800.0,10000.0,1797738.0
576,2021-10-17 13:07:47,20900.0,800.0,1787738.0
577,2021-10-17 13:07:27,20900.0,5400.0,1786938.0
578,2021-10-17 13:07:19,20900.0,1500.0,1781538.0
579,2021-10-17 13:07:13,20900.0,1000.0,1780038.0
580,2021-10-17 13:07:06,20900.0,500.0,1779038.0
581,2021-10-17 13:07:05,20900.0,100.0,1778538.0
582,2021-10-17 13:06:37,20800.0,150000.0,1778438.0
583,2021-10-17 13:06:29,20900.0,10000.0,1628438.0
584,2021-10-17 13:06:22,20900.0,100.0,1618438.0
585,2021-10-17 13:06:00,20900.0,29900.0,1618338.0
586,2021-10-17 13:05:22,20900.0,100.0,1588438.0
587,2021-10-17 13:05:16,20900.0,500.0,1588338.0
588,2021-10-17 13:05:14,20900.0,500.0,1587838.0
589,2021-10-17 13:05:01,20900.0,5000.0,1587338.0
590,2021-10-17 13:04:37,20900.0,300.0,1582338.0
591,2021-10-17 13:04:03,20900.0,1000.0,1582038.0
592,2021-10-17 13:03:25,20900.0,3900.0,1581038.0
593,2021-10-17 13:02:46,20900.0,1100.0,1577138.0
594,2021-10-17 13:02:29,20900.0,200.0,1576038.0
595,2021-10-17 13:02:05,20900.0,300.0,1575838.0
596,2021-10-17 13:01:57,21000.0,100.0,1575538.0
597,2021-10-17 13:01:45,20900.0,200.0,1575438.0
598,2021-10-17 13:01:19,20900.0,2000.0,1575238.0
599,2021-10-17 13:00:15,20900.0,3000.0,1573238.0
600,2021-10-17 13:00:13,20900.0,1000.0,1570238.0
601,2021-10-17 13:00:09,20900.0,400.0,1569238.0
602,2021-10-17 13:00:08,20900.0,3100.0,1568838.0
603,2021-10-17 13:00:06,20900.0,200.0,1565738.0
604,2021-10-17 13:00:05,20900.0,9600.0,1565538.0
605,2021-10-17 11:29:23,20900.0,400.0,1555938.0
606,2021-10-17 11:28:22,21000.0,100.0,1555538.0
607,2021-10-17 11:27:53,20900.0,1500.0,1555438.0
608,2021-10-17 11:26:41,20900.0,1000.0,1553938.0
609,2021-10-17 11:26:19,20900.0,100.0,1552938.0
610,2021-10-17 11:26:13,20900.0,1000.0,1552838.0
611,2021-10-17 11:25:34,20900.0,4900.0,1551838.0
612,2021-10-17 11:25:27,20900.0,2000.0,1546938.0
613,2021-10-17 11:25:24,20900.0,3000.0,1544938.0
614,2021-10-17 11:25:21,20900.0,200.0,1541938.0
615,2021-10-17 11:25:18,20900.0,300.0,1541738.0
616,2021-10-17 11:25:01,20900.0,600.0,1541438.0
617,2021-10-17 11:24:45,21000.0,500.0,1540838.0
618,2021-10-17 11:24:40,20800.0,10000.0,1540338.0
619,2021-10-17 11:24:33,20900.0,24800.0,1530338.0
620,2021-10-17 11:24:29,20900.0,900.0,1505538.0
621,2021-10-17 11:24:12,20800.0,100.0,1504638.0
622,2021-10-17 11:23:05,20900.0,4400.0,1504538.0
623,2021-10-17 11:23:01,20900.0,200.0,1500138.0
624,2021-10-17 11:22:56,20900.0,600.0,1499938.0
625,2021-10-17 11:22:29,20900.0,500.0,1499338.0
626,2021-10-17 11:22:17,20900.0,1000.0,1498838.0
627,2021-10-17 11:21:34,20900.0,100.0,1497838.0
628,2021-10-17 11:21:23,20900.0,900.0,1497738.0
629,2021-10-17 11:21:03,20900.0,1000.0,1496838.0
630,2021-10-17 11:21:02,20900.0,4000.0,1495838.0
631,2021-10-17 11:20:25,20900.0,900.0,1491838.0
632,2021-10-17 11:19:42,20900.0,2900.0,1490938.0
633,2021-10-17 11:19:40,20900.0,500.0,1488038.0
634,2021-10-17 11:19:38,20900.0,1200.0,1487538.0
635,2021-10-17 11:19:18,20900.0,1000.0,1486338.0
636,2021-10-17 11:19:12,20900.0,500.0,1485338.0
637,2021-10-17 11:18:28,20900.0,1000.0,1484838.0
638,2021-10-17 11:18:05,20900.0,100.0,1483838.0
639,2021-10-17 11:18:01,20900.0,200.0,1483738.0
640,2021-10-17 11:17:42,20900.0,600.0,1483538.0
641,2021-10-17 11:17:33,20900.0,400.0,1482938.0
642,2021-10-17 11:17:29,20900.0,300.0,1482538.0
643,2021-10-17 11:17:24,20900.0,1000.0,1482238.0
644,2021-10-17 11:17:04,20900.0,18400.0,1481238.0
645,2021-10-17 11:16:12,20900.0,1000.0,1462838.0
646,2021-10-17 11:15:54,20900.0,10000.0,1461838.0
647,2021-10-17 11:15:49,21000.0,2000.0,1451838.0
648,2021-10-17 11:15:47,21000.0,500.0,1449838.0
649,2021-10-17 11:15:20,20900.0,27.0,1449338.0
650,2021-10-17 11:15:08,20900.0,100.0,1449311.0
651,2021-10-17 11:14:55,20900.0,100.0,1449211.0
652,2021-10-17 11:14:50,20800.0,500.0,1449111.0
653,2021-10-17 11:14:49,20800.0,3800.0,1448611.0
654,2021-10-17 11:14:48,20900.0,300.0,1444811.0
655,2021-10-17 11:14:42,20900.0,1300.0,1444511.0
656,2021-10-17 11:14:32,20900.0,100.0,1443211.0
657,2021-10-17 11:14:24,20900.0,400.0,1443111.0
658,2021-10-17 11:14:19,20900.0,9600.0,1442711.0
659,2021-10-17 11:14:17,20900.0,400.0,1433111.0
660,2021-10-17 11:14:00,20900.0,2800.0,1432711.0
661,2021-10-17 11:13:57,20900.0,200.0,1429911.0
662,2021-10-17 11:13:48,20900.0,1200.0,1429711.0
663,2021-10-17 11:13:37,20900.0,12400.0,1428511.0
664,2021-10-17 11:13:06,20900.0,1500.0,1416111.0
665,2021-10-17 11:12:39,20900.0,100.0,1414611.0
666,2021-10-17 11:12:18,21000.0,500.0,1414511.0
667,2021-10-17 11:11:58,20900.0,3000.0,1414011.0
668,2021-10-17 11:11:54,20900.0,3500.0,1411011.0
669,2021-10-17 11:11:40,20900.0,80000.0,1407511.0
670,2021-10-17 11:11:38,21000.0,100.0,1327511.0
671,2021-10-17 11:11:30,20900.0,100.0,1327411.0
672,2021-10-17 11:11:28,20900.0,800.0,1327311.0
673,2021-10-17 11:11:02,20900.0,1000.0,1326511.0
674,2021-10-17 11:10:40,20900.0,21800.0,1325511.0
675,2021-10-17 11:10:21,21000.0,200.0,1303711.0
676,2021-10-17 11:10:20,20900.0,3000.0,1303511.0
677,2021-10-17 11:09:58,20900.0,100.0,1300511.0
678,2021-10-17 11:09:57,20900.0,1300.0,1300411.0
679,2021-10-17 11:09:35,20900.0,3000.0,1299111.0
680,2021-10-17 11:09:10,20900.0,500.0,1296111.0
681,2021-10-17 11:08:07,20900.0,73300.0,1295611.0
682,2021-10-17 11:07:59,20900.0,5000.0,1222311.0
683,2021-10-17 11:07:00,21000.0,1000.0,1217311.0
684,2021-10-17 11:06:41,20900.0,1000.0,1216311.0
685,2021-10-17 11:06:31,21000.0,1500.0,1215311.0
686,2021-10-17 11:06:17,21000.0,2000.0,1213811.0
687,2021-10-17 11:06:14,21000.0,100.0,1211811.0
688,2021-10-17 11:05:56,21000.0,100.0,1211711.0
689,2021-10-17 11:05:34,21000.0,400.0,1211611.0
690,2021-10-17 11:05:19,21000.0,100.0,1211211.0
691,2021-10-17 11:05:07,21000.0,100.0,1211111.0
692,2021-10-17 11:04:59,21000.0,200.0,1211011.0
693,2021-10-17 11:04:38,21000.0,200.0,1210811.0
694,2021-10-17 11:04:11,21000.0,9000.0,1210611.0
695,2021-10-17 11:03:30,21000.0,3000.0,1201611.0
696,2021-10-17 11:02:52,21000.0,16300.0,1198611.0
697,2021-10-17 11:02:51,21000.0,1000.0,1182311.0
698,2021-10-17 11:02:45,21000.0,500.0,1181311.0
699,2021-10-17 11:02:13,21000.0,2000.0,1180811.0
700,2021-10-17 11:02:09,21000.0,500.0,1178811.0
701,2021-10-17 11:02:01,21000.0,100.0,1178311.0
702,2021-10-17 11:01:58,21000.0,100.0,1178211.0
703,2021-10-17 11:01:44,21000.0,100.0,1178111.0
704,2021-10-17 11:01:39,21000.0,100.0,1178011.0
705,2021-10-17 11:01:23,21000.0,3300.0,1177911.0
706,2021-10-17 11:00:59,21000.0,2000.0,1174611.0
707,2021-10-17 11:00:38,21000.0,23000.0,1172611.0
708,2021-10-17 11:00:29,21000.0,5000.0,1149611.0
709,2021-10-17 11:00:08,21100.0,100.0,1144611.0
710,2021-10-17 10:58:55,21100.0,500.0,1144511.0
711,2021-10-17 10:58:40,21100.0,500.0,1144011.0
712,2021-10-17 10:58:25,21000.0,400.0,1143511.0
713,2021-10-17 10:57:55,21000.0,300.0,1143111.0
714,2021-10-17 10:55:48,21000.0,400.0,1142811.0
715,2021-10-17 10:55:45,21000.0,1200.0,1142411.0
716,2021-10-17 10:55:43,21000.0,300.0,1141211.0
717,2021-10-17 10:55:40,21000.0,100.0,1140911.0
718,2021-10-17 10:55:04,21000.0,200.0,1140811.0
719,2021-10-17 10:54:52,21000.0,400.0,1140611.0
720,2021-10-17 10:54:48,21000.0,900.0,1140211.0
721,2021-10-17 10:54:36,21000.0,100.0,1139311.0
722,2021-10-17 10:54:34,21000.0,200.0,1139211.0
723,2021-10-17 10:54:31,21000.0,200.0,1139011.0
724,2021-10-17 10:54:27,21000.0,200.0,1138811.0
725,2021-10-17 10:54:22,21000.0,400.0,1138611.0
726,2021-10-17 10:54:14,20900.0,100.0,1138211.0
727,2021-10-17 10:54:09,21000.0,100.0,1138111.0
728,2021-10-17 10:54:07,21000.0,200.0,1138011.0
729,2021-10-17 10:53:54,21000.0,1100.0,1137811.0
730,2021-10-17 10:53:53,21000.0,200.0,1136711.0
731,2021-10-17 10:53:47,21000.0,1000.0,1136511.0
732,2021-10-17 10:53:31,21000.0,200.0,1135511.0
733,2021-10-17 10:53:28,21000.0,900.0,1135311.0
734,2021-10-17 10:53:27,21000.0,300.0,1134411.0
735,2021-10-17 10:53:26,21000.0,600.0,1134111.0
736,2021-10-17 10:53:23,21000.0,3800.0,1133511.0
737,2021-10-17 10:53:01,21000.0,1400.0,1129711.0
738,2021-10-17 10:52:50,21000.0,100.0,1128311.0
739,2021-10-17 10:52:42,21000.0,1000.0,1128211.0
740,2021-10-17 10:52:38,21000.0,400.0,1127211.0
741,2021-10-17 10:52:28,21000.0,2000.0,1126811.0
742,2021-10-17 10:52:26,21000.0,2000.0,1124811.0
743,2021-10-17 10:51:49,21000.0,30000.0,1122811.0
744,2021-10-17 10:51:32,21000.0,300.0,1092811.0
745,2021-10-17 10:51:06,21100.0,6000.0,1092511.0
746,2021-10-17 10:50:53,21000.0,100.0,1086511.0
747,2021-10-17 10:50:05,21000.0,21000.0,1086411.0
748,2021-10-17 10:49:40,21000.0,2500.0,1065411.0
749,2021-10-17 10:48:59,21000.0,2000.0,1062911.0
750,2021-10-17 10:48:47,21000.0,2900.0,1060911.0
751,2021-10-17 10:48:44,21000.0,100.0,1058011.0
752,2021-10-17 10:48:09,21000.0,500.0,1057911.0
753,2021-10-17 10:46:55,21100.0,900.0,1057411.0
754,2021-10-17 10:45:16,21100.0,5000.0,1056511.0
755,2021-10-17 10:44:24,21100.0,200.0,1051511.0
756,2021-10-17 10:43:36,21100.0,1000.0,1051311.0
757,2021-10-17 10:43:19,21000.0,100.0,1050311.0
758,2021-10-17 10:43:14,21000.0,500.0,1050211.0
759,2021-10-17 10:42:17,21000.0,2000.0,1049711.0
760,2021-10-17 10:41:37,21000.0,500.0,1047711.0
761,2021-10-17 10:40:33,21000.0,6000.0,1047211.0
762,2021-10-17 10:40:31,21000.0,100.0,1041211.0
763,2021-10-17 10:40:18,21000.0,300.0,1041111.0
764,2021-10-17 10:39:41,21100.0,1100.0,1040811.0
765,2021-10-17 10:39:39,21000.0,1000.0,1039711.0
766,2021-10-17 10:38:35,21100.0,1000.0,1038711.0
767,2021-10-17 10:38:20,21100.0,3200.0,1037711.0
768,2021-10-17 10:38:19,21100.0,100.0,1034511.0
769,2021-10-17 10:38:15,21100.0,1000.0,1034411.0
770,2021-10-17 10:38:07,21100.0,200.0,1033411.0
771,2021-10-17 10:37:48,21100.0,1000.0,1033211.0
772,2021-10-17 10:36:46,21100.0,500.0,1032211.0
773,2021-10-17 10:36:29,21100.0,20000.0,1031711.0
774,2021-10-17 10:36:07,21100.0,100.0,1011711.0
775,2021-10-17 10:35:08,21100.0,100.0,1011611.0
776,2021-10-17 10:34:57,21100.0,4000.0,1011511.0
777,2021-10-17 10:34:46,21000.0,2200.0,1007511.0
778,2021-10-17 10:34:23,21000.0,100.0,1005311.0
779,2021-10-17 10:34:12,21000.0,500.0,1005211.0
780,2021-10-17 10:34:06,21000.0,100.0,1004711.0
781,2021-10-17 10:33:52,21000.0,3000.0,1004611.0
782,2021-10-17 10:33:42,21000.0,100.0,1001611.0
783,2021-10-17 10:33:40,21000.0,600.0,1001511.0
784,2021-10-17 10:33:38,21000.0,100.0,1000911.0
785,2021-10-17 10:33:35,20900.0,10600.0,1000811.0
786,2021-10-17 10:33:30,21000.0,1000.0,990211.0
787,2021-10-17 10:33:29,21000.0,200.0,989211.0
788,2021-10-17 10:33:27,21000.0,2000.0,989011.0
789,2021-10-17 10:33:26,21000.0,500.0,987011.0
790,2021-10-17 10:33:24,21000.0,100.0,986511.0
791,2021-10-17 10:33:23,21000.0,10000.0,986411.0
792,2021-10-17 10:33:19,21000.0,10000.0,976411.0
793,2021-10-17 10:33:12,21000.0,100.0,966411.0
794,2021-10-17 10:33:04,21000.0,500.0,966311.0
795,2021-10-17 10:32:59,21000.0,10000.0,965811.0
796,2021-10-17 10:32:52,21000.0,100.0,955811.0
797,2021-10-17 10:32:39,21000.0,1600.0,955711.0
798,2021-10-17 10:32:32,21000.0,10000.0,954111.0
799,2021-10-17 10:32:31,21000.0,2000.0,944111.0
800,2021-10-17 10:32:18,20900.0,100.0,942111.0
801,2021-10-17 10:32:01,21000.0,2000.0,942011.0
802,2021-10-17 10:31:29,20900.0,100.0,940011.0
803,2021-10-17 10:31:27,21000.0,200.0,939911.0
804,2021-10-17 10:31:17,21000.0,500.0,939711.0
805,2021-10-17 10:31:12,21000.0,100.0,939211.0
806,2021-10-17 10:31:11,21000.0,200.0,939111.0
807,2021-10-17 10:31:07,21000.0,100.0,938911.0
808,2021-10-17 10:30:59,21000.0,1000.0,938811.0
809,2021-10-17 10:30:52,21000.0,800.0,937811.0
810,2021-10-17 10:30:05,21000.0,100.0,937011.0
811,2021-10-17 10:30:01,21000.0,500.0,936911.0
812,2021-10-17 10:29:35,21000.0,100.0,936411.0
813,2021-10-17 10:29:24,21000.0,1000.0,936311.0
814,2021-10-17 10:29:17,20900.0,2300.0,935311.0
815,2021-10-17 10:29:15,21000.0,200.0,933011.0
816,2021-10-17 10:29:01,21000.0,2100.0,932811.0
817,2021-10-17 10:28:50,21000.0,400.0,930711.0
818,2021-10-17 10:28:46,21000.0,300.0,930311.0
819,2021-10-17 10:28:33,21000.0,100.0,930011.0
820,2021-10-17 10:28:25,21000.0,20000.0,929911.0
821,2021-10-17 10:28:18,21000.0,500.0,909911.0
822,2021-10-17 10:28:11,20900.0,500.0,909411.0
823,2021-10-17 10:27:59,21000.0,200.0,908911.0
824,2021-10-17 10:27:56,21000.0,100.0,908711.0
825,2021-10-17 10:26:56,20900.0,2500.0,908611.0
826,2021-10-17 10:26:46,21000.0,2000.0,906111.0
827,2021-10-17 10:26:40,21000.0,6000.0,904111.0
828,2021-10-17 10:26:35,21000.0,600.0,898111.0
829,2021-10-17 10:26:30,21000.0,100.0,897511.0
830,2021-10-17 10:26:10,21000.0,1000.0,897411.0
831,2021-10-17 10:26:01,21000.0,100.0,896411.0
832,2021-10-17 10:25:45,21000.0,100.0,896311.0
833,2021-10-17 10:25:37,21000.0,500.0,896211.0
834,2021-10-17 10:25:28,21000.0,800.0,895711.0
835,2021-10-17 10:25:17,21000.0,16100.0,894911.0
836,2021-10-17 10:25:15,21000.0,1000.0,878811.0
837,2021-10-17 10:25:01,21000.0,500.0,877811.0
838,2021-10-17 10:24:35,21000.0,10100.0,877311.0
839,2021-10-17 10:24:12,21000.0,100.0,867211.0
840,2021-10-17 10:23:59,21000.0,19900.0,867111.0
841,2021-10-17 10:23:58,21000.0,400.0,847211.0
842,2021-10-17 10:23:39,21000.0,500.0,846811.0
843,2021-10-17 10:23:20,21000.0,5000.0,846311.0
844,2021-10-17 10:23:08,21000.0,100.0,841311.0
845,2021-10-17 10:22:59,21000.0,5400.0,841211.0
846,2021-10-17 10:22:57,21000.0,500.0,835811.0
847,2021-10-17 10:22:49,21000.0,21100.0,835311.0
848,2021-10-17 10:22:16,21000.0,500.0,814211.0
849,2021-10-17 10:21:47,21100.0,200.0,813711.0
850,2021-10-17 10:21:31,21000.0,43400.0,813511.0
851,2021-10-17 10:20:14,21100.0,35.0,770111.0
852,2021-10-17 10:19:55,21100.0,500.0,770076.0
853,2021-10-17 10:19:50,21100.0,500.0,769576.0
854,2021-10-17 10:19:35,21100.0,1000.0,769076.0
855,2021-10-17 10:19:25,21000.0,50000.0,768076.0
856,2021-10-17 10:19:15,21100.0,14500.0,718076.0
857,2021-10-17 10:19:10,21100.0,500.0,703576.0
858,2021-10-17 10:19:07,21100.0,5000.0,703076.0
859,2021-10-17 10:19:03,21100.0,3000.0,698076.0
860,2021-10-17 10:18:41,21100.0,55.0,695076.0
861,2021-10-17 10:18:15,21100.0,15800.0,695021.0
862,2021-10-17 10:18:14,21100.0,1900.0,679221.0
863,2021-10-17 10:18:13,21100.0,400.0,677321.0
864,2021-10-17 10:17:47,21100.0,500.0,676921.0
865,2021-10-17 10:16:57,21100.0,8600.0,676421.0
866,2021-10-17 10:16:54,21100.0,3000.0,667821.0
867,2021-10-17 10:16:44,21100.0,1100.0,664821.0
868,2021-10-17 10:15:55,21100.0,200.0,663721.0
869,2021-10-17 10:15:29,21100.0,1600.0,663521.0
870,2021-10-17 10:14:51,21100.0,100.0,661921.0
871,2021-10-17 10:14:41,21100.0,4000.0,661821.0
872,2021-10-17 10:14:38,21100.0,10000.0,657821.0
873,2021-10-17 10:14:19,21100.0,66100.0,647821.0
874,2021-10-17 10:13:58,21100.0,5000.0,581721.0
875,2021-10-17 10:13:23,21100.0,1400.0,576721.0
876,2021-10-17 10:11:03,21100.0,3000.0,575321.0
877,2021-10-17 10:10:38,21200.0,10000.0,572321.0
878,2021-10-17 10:10:34,21100.0,1000.0,562321.0
879,2021-10-17 10:08:36,21200.0,2000.0,561321.0
880,2021-10-17 10:08:29,21200.0,5000.0,559321.0
881,2021-10-17 10:08:16,21200.0,10.0,554321.0
882,2021-10-17 10:07:59,21200.0,10000.0,554311.0
883,2021-10-17 10:07:37,21200.0,400.0,544311.0
884,2021-10-17 10:06:50,21200.0,200.0,543911.0
885,2021-10-17 10:06:32,21100.0,400.0,543711.0
886,2021-10-17 10:05:45,21100.0,400.0,543311.0
887,2021-10-17 10:05:24,21100.0,500.0,542911.0
888,2021-10-17 10:05:02,21100.0,2600.0,542411.0
889,2021-10-17 10:04:40,21200.0,10000.0,539811.0
890,2021-10-17 10:03:47,21100.0,3000.0,529811.0
891,2021-10-17 10:03:11,21100.0,700.0,526811.0
892,2021-10-17 10:02:47,21200.0,100.0,526111.0
893,2021-10-17 10:02:38,21200.0,100.0,526011.0
894,2021-10-17 10:02:37,21200.0,400.0,525911.0
895,2021-10-17 10:02:26,21100.0,200.0,525511.0
896,2021-10-17 10:02:06,21100.0,600.0,525311.0
897,2021-10-17 10:01:54,21200.0,1000.0,524711.0
898,2021-10-17 10:01:36,21200.0,10000.0,523711.0
899,2021-10-17 10:01:09,21200.0,500.0,513711.0
900,2021-10-17 09:59:34,21200.0,3000.0,513211.0
901,2021-10-17 09:59:28,21200.0,3000.0,510211.0
902,2021-10-17 09:59:24,21200.0,200.0,507211.0
903,2021-10-17 09:58:53,21200.0,900.0,507011.0
904,2021-10-17 09:58:36,21200.0,300.0,506111.0
905,2021-10-17 09:57:58,21200.0,20000.0,505811.0
906,2021-10-17 09:57:08,21200.0,100.0,485811.0
907,2021-10-17 09:57:03,21200.0,3200.0,485711.0
908,2021-10-17 09:56:31,21200.0,200.0,482511.0
909,2021-10-17 09:56:18,21200.0,3000.0,482311.0
910,2021-10-17 09:55:54,21100.0,10000.0,479311.0
911,2021-10-17 09:55:40,21200.0,500.0,469311.0
912,2021-10-17 09:54:11,21100.0,4000.0,468811.0
913,2021-10-17 09:54:07,21200.0,3000.0,464811.0
914,2021-10-17 09:54:00,21200.0,1000.0,461811.0
915,2021-10-17 09:53:50,21200.0,5000.0,460811.0
916,2021-10-17 09:53:47,21200.0,1300.0,455811.0
917,2021-10-17 09:53:26,21100.0,2600.0,454511.0
918,2021-10-17 09:53:22,21200.0,10000.0,451911.0
919,2021-10-17 09:53:06,21100.0,200.0,441911.0
920,2021-10-17 09:52:25,21100.0,1300.0,441711.0
921,2021-10-17 09:51:54,21100.0,1500.0,440411.0
922,2021-10-17 09:50:30,21200.0,100.0,438911.0
923,2021-10-17 09:50:13,21200.0,3000.0,438811.0
924,2021-10-17 09:50:07,21200.0,500.0,435811.0
925,2021-10-17 09:50:03,21200.0,300.0,435311.0
926,2021-10-17 09:49:43,21200.0,1000.0,435011.0
927,2021-10-17 09:49:38,21100.0,200.0,434011.0
928,2021-10-17 09:49:29,21100.0,3600.0,433811.0
929,2021-10-17 09:49:11,21200.0,2000.0,430211.0
930,2021-10-17 09:49:04,21200.0,200.0,428211.0
931,2021-10-17 09:48:39,21200.0,1000.0,428011.0
932,2021-10-17 09:47:40,21200.0,10000.0,427011.0
933,2021-10-17 09:47:21,21100.0,500.0,417011.0
934,2021-10-17 09:47:19,21100.0,2000.0,416511.0
935,2021-10-17 09:46:56,21100.0,300.0,414511.0
936,2021-10-17 09:46:43,21100.0,1000.0,414211.0
937,2021-10-17 09:46:23,21100.0,200.0,413211.0
938,2021-10-17 09:44:56,21100.0,200.0,413011.0
939,2021-10-17 09:44:38,21100.0,1000.0,412811.0
940,2021-10-17 09:44:28,21100.0,100.0,411811.0
941,2021-10-17 09:44:07,21100.0,700.0,411711.0
942,2021-10-17 09:44:03,21200.0,2000.0,411011.0
943,2021-10-17 09:43:47,21100.0,1000.0,409011.0
944,2021-10-17 09:43:33,21100.0,2400.0,408011.0
945,2021-10-17 09:43:18,21100.0,500.0,405611.0
946,2021-10-17 09:42:40,21100.0,1000.0,405111.0
947,2021-10-17 09:42:24,21100.0,1900.0,404111.0
948,2021-10-17 09:42:06,21200.0,1000.0,402211.0
949,2021-10-17 09:42:04,21100.0,2300.0,401211.0
950,2021-10-17 09:41:46,21100.0,100.0,398911.0
951,2021-10-17 09:41:20,21200.0,200.0,398811.0
952,2021-10-17 09:41:07,21200.0,100.0,398611.0
953,2021-10-17 09:41:02,21200.0,500.0,398511.0
954,2021-10-17 09:40:57,21200.0,8000.0,398011.0
955,2021-10-17 09:40:12,21200.0,300.0,390011.0
956,2021-10-17 09:40:03,21200.0,100.0,389711.0
957,2021-10-17 09:39:47,21200.0,200.0,389611.0
958,2021-10-17 09:39:44,21200.0,7000.0,389411.0
959,2021-10-17 09:39:38,21300.0,1000.0,382411.0
960,2021-10-17 09:39:36,21200.0,2000.0,381411.0
961,2021-10-17 09:39:08,21200.0,2000.0,379411.0
962,2021-10-17 09:38:56,21200.0,5000.0,377411.0
963,2021-10-17 09:38:48,21200.0,300.0,372411.0
964,2021-10-17 09:38:19,21200.0,100.0,372111.0
965,2021-10-17 09:38:01,21200.0,100.0,372011.0
966,2021-10-17 09:37:46,21200.0,4500.0,371911.0
967,2021-10-17 09:37:36,21200.0,3200.0,367411.0
968,2021-10-17 09:37:19,21200.0,5500.0,364211.0
969,2021-10-17 09:37:06,21200.0,100.0,358711.0
970,2021-10-17 09:37:04,21300.0,500.0,358611.0
971,2021-10-17 09:36:56,21200.0,500.0,358111.0
972,2021-10-17 09:36:43,21300.0,5000.0,357611.0
973,2021-10-17 09:35:45,21200.0,100.0,352611.0
974,2021-10-17 09:35:44,21200.0,2500.0,352511.0
975,2021-10-17 09:35:38,21200.0,1000.0,350011.0
976,2021-10-17 09:35:35,21200.0,500.0,349011.0
977,2021-10-17 09:35:17,21200.0,100.0,348511.0
978,2021-10-17 09:35:08,21200.0,100.0,348411.0
979,2021-10-17 09:34:25,21200.0,20000.0,348311.0
980,2021-10-17 09:34:22,21200.0,25800.0,328311.0
981,2021-10-17 09:33:18,21200.0,200.0,302511.0
982,2021-10-17 09:33:09,21100.0,100.0,302311.0
983,2021-10-17 09:33:01,21100.0,100.0,302211.0
984,2021-10-17 09:32:53,21100.0,1500.0,302111.0
985,2021-10-17 09:32:52,21100.0,300.0,300611.0
986,2021-10-17 09:32:49,21100.0,300.0,300311.0
987,2021-10-17 09:32:48,21100.0,300.0,300011.0
988,2021-10-17 09:32:33,21100.0,300.0,299711.0
989,2021-10-17 09:31:43,21100.0,1000.0,299411.0
990,2021-10-17 09:31:37,21100.0,100.0,298411.0
991,2021-10-17 09:31:31,21100.0,200.0,298311.0
992,2021-10-17 09:31:02,21100.0,2000.0,298111.0
993,2021-10-17 09:30:41,21100.0,100.0,296111.0
994,2021-10-17 09:30:31,21100.0,2400.0,296011.0
995,2021-10-17 09:30:19,21100.0,3200.0,293611.0
996,2021-10-17 09:29:59,21100.0,100.0,290411.0
997,2021-10-17 09:29:27,21100.0,1900.0,290311.0
998,2021-10-17 09:29:14,21100.0,3600.0,288411.0
999,2021-10-17 09:28:48,21100.0,2500.0,284811.0
1000,2021-10-17 09:28:42,21100.0,1100.0,282311.0
1001,2021-10-17 09:28:17,21100.0,400.0,281211.0
1002,2021-10-17 09:28:16,21100.0,8600.0,280811.0
1003,2021-10-17 09:27:50,21100.0,300.0,272211.0
1004,2021-10-17 09:27:46,21100.0,4300.0,271911.0
1005,2021-10-17 09:27:36,21100.0,10000.0,267611.0
1006,2021-10-17 09:26:43,21000.0,100.0,257611.0
1007,2021-10-17 09:26:25,21000.0,1000.0,257511.0
1008,2021-10-17 09:26:17,21100.0,1000.0,256511.0
1009,2021-10-17 09:26:00,21100.0,5000.0,255511.0
1010,2021-10-17 09:25:48,21100.0,200.0,250511.0
1011,2021-10-17 09:25:32,21100.0,200.0,250311.0
1012,2021-10-17 09:25:09,21100.0,100.0,250111.0
1013,2021-10-17 09:24:58,21000.0,200.0,250011.0
1014,2021-10-17 09:24:48,21100.0,300.0,249811.0
1015,2021-10-17 09:24:25,21000.0,4500.0,249511.0
1016,2021-10-17 09:24:10,21100.0,1000.0,245011.0
1017,2021-10-17 09:23:58,21000.0,5000.0,244011.0
1018,2021-10-17 09:23:33,21000.0,20000.0,239011.0
1019,2021-10-17 09:23:31,21000.0,1000.0,219011.0
1020,2021-10-17 09:23:30,21000.0,3400.0,218011.0
1021,2021-10-17 09:23:25,21000.0,300.0,214611.0
1022,2021-10-17 09:23:17,21000.0,2400.0,214311.0
1023,2021-10-17 09:23:15,21000.0,1000.0,211911.0
1024,2021-10-17 09:23:11,21000.0,300.0,210911.0
1025,2021-10-17 09:23:08,21000.0,200.0,210611.0
1026,2021-10-17 09:23:07,20900.0,500.0,210411.0
1027,2021-10-17 09:23:06,20900.0,13000.0,209911.0
1028,2021-10-17 09:23:04,21000.0,500.0,196911.0
1029,2021-10-17 09:22:57,21000.0,1000.0,196411.0
1030,2021-10-17 09:22:54,21000.0,300.0,195411.0
1031,2021-10-17 09:22:40,21000.0,13900.0,195111.0
1032,2021-10-17 09:22:04,21000.0,600.0,181211.0
1033,2021-10-17 09:21:50,21000.0,1400.0,180611.0
1034,2021-10-17 09:21:34,21000.0,1000.0,179211.0
1035,2021-10-17 09:21:32,21000.0,100.0,178211.0
1036,2021-10-17 09:21:27,21100.0,5000.0,178111.0
1037,2021-10-17 09:21:12,21000.0,1000.0,173111.0
1038,2021-10-17 09:21:04,21000.0,4300.0,172111.0
1039,2021-10-17 09:21:03,21000.0,1000.0,167811.0
1040,2021-10-17 09:20:49,21000.0,800.0,166811.0
1041,2021-10-17 09:20:39,21000.0,100.0,166011.0
1042,2021-10-17 09:20:35,21000.0,1500.0,165911.0
1043,2021-10-17 09:20:25,21000.0,1400.0,164411.0
1044,2021-10-17 09:20:03,21000.0,100.0,163011.0
1045,2021-10-17 09:19:55,21000.0,1000.0,162911.0
1046,2021-10-17 09:19:41,21000.0,1000.0,161911.0
1047,2021-10-17 09:18:48,21000.0,5400.0,160911.0
1048,2021-10-17 09:18:30,20900.0,1900.0,155511.0
1049,2021-10-17 09:18:20,21100.0,1000.0,153611.0
1050,2021-10-17 09:18:12,21000.0,1000.0,152611.0
1051,2021-10-17 09:18:11,20900.0,4600.0,151611.0
1052,2021-10-17 09:18:08,20900.0,6500.0,147011.0
1053,2021-10-17 09:18:05,21000.0,100.0,140511.0
1054,2021-10-17 09:18:03,21000.0,1500.0,140411.0
1055,2021-10-17 09:18:00,21000.0,500.0,138911.0
1056,2021-10-17 09:17:47,21000.0,3800.0,138411.0
1057,2021-10-17 09:17:46,21000.0,100.0,134611.0
1058,2021-10-17 09:17:44,21000.0,500.0,134511.0
1059,2021-10-17 09:17:43,21000.0,1500.0,134011.0
1060,2021-10-17 09:17:40,21000.0,100.0,132511.0
1061,2021-10-17 09:17:37,21000.0,10400.0,132411.0
1062,2021-10-17 09:17:31,21000.0,9500.0,122011.0
1063,2021-10-17 09:17:16,21000.0,9700.0,112511.0
1064,2021-10-17 09:17:12,21000.0,200.0,102811.0
1065,2021-10-17 09:17:04,21000.0,10.0,102611.0
1066,2021-10-17 09:16:59,21000.0,200.0,102601.0
1067,2021-10-17 09:16:56,21000.0,100.0,102401.0
1068,2021-10-17 09:16:46,21000.0,500.0,102301.0
1069,2021-10-17 09:16:39,21000.0,600.0,101801.0
1070,2021-10-17 09:16:32,21000.0,400.0,101201.0
1071,2021-10-17 09:16:31,21000.0,500.0,100801.0
1072,2021-10-17 09:16:27,21000.0,2000.0,100301.0
1073,2021-10-17 09:16:18,21000.0,1000.0,98301.0
1074,2021-10-17 09:16:17,21000.0,100.0,97301.0
1075,2021-10-17 09:16:07,21000.0,100.0,97201.0
1076,2021-10-17 09:15:33,21000.0,100.0,97101.0
1077,2021-10-17 09:15:22,21000.0,100.0,97001.0
1078,2021-10-17 09:14:51,21000.0,100.0,96901.0
1079,2021-10-17 09:14:50,21000.0,100.0,96801.0
1080,2021-10-17 09:14:46,21000.0,3700.0,96701.0
1081,2021-10-17 09:14:31,21000.0,2000.0,93001.0
1082,2021-10-17 09:14:26,21000.0,300.0,91001.0
1083,2021-10-17 09:14:12,21000.0,100.0,90701.0
1084,2021-10-17 09:14:06,21000.0,6000.0,90601.0
1085,2021-10-17 09:14:02,21000.0,100.0,84601.0
1086,2021-10-17 09:13:59,21000.0,200.0,84501.0
1087,2021-10-17 09:13:48,21000.0,8000.0,84301.0
1088,2021-10-17 09:13:39,20900.0,10000.0,76301.0
1089,2021-10-17 09:13:24,21000.0,500.0,66301.0
1090,2021-10-17 09:13:16,21000.0,1.0,65801.0
1091,2021-10-17 09:13:05,21000.0,2300.0,65800.0
1092,2021-10-17 09:12:51,20900.0,1500.0,63500.0
1093,2021-10-17 09:12:50,20900.0,4000.0,62000.0
1094,2021-10-17 09:12:48,21000.0,500.0,58000.0
1095,2021-10-17 09:12:31,21000.0,1700.0,57500.0
1096,2021-10-17 09:12:26,21000.0,3500.0,55800.0
1097,2021-10-17 09:12:23,21000.0,1000.0,52300.0
1098,2021-10-17 09:12:21,21000.0,3000.0,51300.0
1099,2021-10-17 09:12:19,21000.0,1000.0,48300.0
1100,2021-10-17 09:12:08,21000.0,100.0,47300.0
1101,2021-10-17 09:12:07,21000.0,2300.0,47200.0
1102,2021-10-17 09:12:00,21000.0,500.0,44900.0
1103,2021-10-17 09:11:46,21000.0,1200.0,44400.0
1104,2021-10-17 09:11:35,21000.0,100.0,43200.0
1105,2021-10-17 09:11:33,21000.0,4500.0,43100.0
1106,2021-10-17 09:11:27,21000.0,3000.0,38600.0
1107,2021-10-17 09:11:13,21000.0,300.0,35600.0
1108,2021-10-17 09:10:44,21000.0,2000.0,35300.0
1109,2021-10-17 09:10:24,21100.0,3600.0,33300.0
1110,2021-10-17 09:10:18,21100.0,500.0,29700.0
1111,2021-10-17 09:09:54,21100.0,200.0,29200.0
1112,2021-10-17 09:09:38,21100.0,4000.0,29000.0
1113,2021-10-17 09:09:12,21100.0,5000.0,25000.0
1114,2021-10-17 09:08:39,21100.0,100.0,20000.0
1115,2021-10-17 09:07:59,21100.0,1000.0,19900.0
1116,2021-10-17 09:06:44,21100.0,1600.0,18900.0
1117,2021-10-17 09:06:00,21100.0,2100.0,17300.0
1118,2021-10-17 09:05:37,21200.0,300.0,15200.0
1119,2021-10-17 09:05:33,21100.0,200.0,14900.0
1120,2021-10-17 09:05:30,21100.0,2000.0,14700.0
1121,2021-10-17 09:05:11,21200.0,3000.0,12700.0
1122,2021-10-17 09:03:22,21200.0,100.0,9700.0
1123,2021-10-17 09:03:04,21200.0,1000.0,9600.0
1124,2021-10-17 09:02:43,21100.0,1300.0,8600.0
1125,2021-10-17 09:02:40,21100.0,1100.0,7300.0
1126,2021-10-17 09:02:31,21100.0,100.0,6200.0
1127,2021-10-17 09:02:12,21100.0,100.0,6100.0
1128,2021-10-17 09:02:09,21100.0,4600.0,6000.0
1129,2021-10-17 09:01:52,21200.0,600.0,1400.0
1130,2021-10-17 09:00:36,21100.0,100.0,800.0
1131,2021-10-17 09:00:24,21100.0,500.0,700.0
1132,2021-10-17 09:00:06,21300.0,100.0,200.0
1133,2021-10-17 09:00:05,21300.0,100.0,100.0
