,Time,Price,Volume_per_trade,Volume
0,2021-10-05 07:45:00,59900.0,4700.0,515400.0
1,2021-10-05 07:45:00,59900.0,1000.0,510700.0
2,2021-10-05 07:45:00,59900.0,500.0,509700.0
3,2021-10-05 07:45:00,59900.0,5000.0,509200.0
4,2021-10-05 07:45:00,59900.0,500.0,504200.0
5,2021-10-05 07:45:00,59900.0,100.0,503700.0
6,2021-10-05 07:45:00,59900.0,2000.0,503600.0
7,2021-10-05 07:45:00,59900.0,700.0,501600.0
8,2021-10-05 07:45:00,59900.0,3600.0,500900.0
9,2021-10-05 07:45:00,59900.0,2000.0,497300.0
10,2021-10-05 07:45:00,59900.0,400.0,495300.0
11,2021-10-05 07:45:00,59900.0,10000.0,494900.0
12,2021-10-05 07:45:00,59900.0,600.0,484900.0
13,2021-10-05 07:45:00,59900.0,100.0,484300.0
14,2021-10-05 07:45:00,59900.0,100.0,484200.0
15,2021-10-05 07:45:00,59900.0,300.0,484100.0
16,2021-10-05 07:45:00,59900.0,100.0,483800.0
17,2021-10-05 07:45:00,59900.0,100.0,483700.0
18,2021-10-05 07:45:00,59900.0,1300.0,483600.0
19,2021-10-05 07:45:00,59900.0,400.0,482300.0
20,2021-10-05 07:45:00,59900.0,300.0,481900.0
21,2021-10-05 07:45:00,59900.0,300.0,481600.0
22,2021-10-05 07:29:28,59800.0,700.0,481300.0
23,2021-10-05 07:29:28,59800.0,300.0,480600.0
24,2021-10-05 07:29:25,60000.0,200.0,480300.0
25,2021-10-05 07:29:07,60000.0,100.0,480100.0
26,2021-10-05 07:29:07,60000.0,100.0,480000.0
27,2021-10-05 07:28:46,59900.0,100.0,479900.0
28,2021-10-05 07:28:46,59900.0,900.0,479800.0
29,2021-10-05 07:27:51,60000.0,200.0,478900.0
30,2021-10-05 07:27:51,60000.0,300.0,478700.0
31,2021-10-05 07:26:49,60000.0,100.0,478400.0
32,2021-10-05 07:26:26,60000.0,500.0,478300.0
33,2021-10-05 07:25:48,59900.0,4100.0,477800.0
34,2021-10-05 07:25:48,59900.0,900.0,473700.0
35,2021-10-05 07:24:35,59900.0,100.0,472800.0
36,2021-10-05 07:24:15,59900.0,2900.0,472700.0
37,2021-10-05 07:23:17,59900.0,800.0,469800.0
38,2021-10-05 07:23:16,59900.0,1000.0,469000.0
39,2021-10-05 07:23:16,59900.0,100.0,468000.0
40,2021-10-05 07:23:16,59900.0,200.0,467900.0
41,2021-10-05 07:21:16,59800.0,100.0,467700.0
42,2021-10-05 07:21:16,59800.0,700.0,467600.0
43,2021-10-05 07:21:16,59800.0,4900.0,466900.0
44,2021-10-05 07:19:51,59800.0,100.0,462000.0
45,2021-10-05 07:19:31,59800.0,1300.0,461900.0
46,2021-10-05 07:19:18,59800.0,200.0,460600.0
47,2021-10-05 07:18:51,59800.0,1700.0,460400.0
48,2021-10-05 07:18:51,59700.0,200.0,458700.0
49,2021-10-05 07:18:51,59700.0,200.0,458500.0
50,2021-10-05 07:18:51,59700.0,2000.0,458300.0
51,2021-10-05 07:18:51,59700.0,900.0,456300.0
52,2021-10-05 07:18:50,59600.0,100.0,455400.0
53,2021-10-05 07:18:50,59600.0,200.0,455300.0
54,2021-10-05 07:18:50,59600.0,1500.0,455100.0
55,2021-10-05 07:18:44,59700.0,300.0,453600.0
56,2021-10-05 07:18:04,59700.0,1200.0,453300.0
57,2021-10-05 07:15:23,59600.0,500.0,452100.0
58,2021-10-05 07:14:52,59600.0,100.0,451600.0
59,2021-10-05 07:14:35,59600.0,100.0,451500.0
60,2021-10-05 07:14:30,59600.0,100.0,451400.0
61,2021-10-05 07:14:19,59600.0,200.0,451300.0
62,2021-10-05 07:14:19,59600.0,100.0,451100.0
63,2021-10-05 07:14:13,59600.0,100.0,451000.0
64,2021-10-05 07:13:48,59600.0,200.0,450900.0
65,2021-10-05 07:13:36,59600.0,200.0,450700.0
66,2021-10-05 07:13:21,59600.0,800.0,450500.0
67,2021-10-05 07:13:20,59600.0,400.0,449700.0
68,2021-10-05 07:13:10,59600.0,300.0,449300.0
69,2021-10-05 07:12:49,59600.0,100.0,449000.0
70,2021-10-05 07:12:20,59600.0,700.0,448900.0
71,2021-10-05 07:12:16,59600.0,500.0,448200.0
72,2021-10-05 07:12:12,59600.0,700.0,447700.0
73,2021-10-05 07:11:48,59600.0,100.0,447000.0
74,2021-10-05 07:10:30,59600.0,200.0,446900.0
75,2021-10-05 07:10:27,59500.0,5000.0,446700.0
76,2021-10-05 07:10:12,59600.0,2000.0,441700.0
77,2021-10-05 07:10:12,59600.0,100.0,439700.0
78,2021-10-05 07:10:12,59600.0,100.0,439600.0
79,2021-10-05 07:10:12,59600.0,2400.0,439500.0
80,2021-10-05 07:10:02,59600.0,600.0,437100.0
81,2021-10-05 07:10:02,59600.0,100.0,436500.0
82,2021-10-05 07:10:02,59600.0,1300.0,436400.0
83,2021-10-05 07:09:36,59600.0,1700.0,435100.0
84,2021-10-05 07:09:36,59600.0,200.0,433400.0
85,2021-10-05 07:09:36,59600.0,1000.0,433200.0
86,2021-10-05 07:09:36,59600.0,100.0,432200.0
87,2021-10-05 07:09:36,59600.0,1000.0,432100.0
88,2021-10-05 07:09:07,59700.0,100.0,431100.0
89,2021-10-05 07:09:01,59700.0,200.0,431000.0
90,2021-10-05 07:08:49,59700.0,500.0,430800.0
91,2021-10-05 07:08:35,59700.0,1000.0,430300.0
92,2021-10-05 07:08:32,59700.0,100.0,429300.0
93,2021-10-05 07:08:32,59700.0,500.0,429200.0
94,2021-10-05 07:08:32,59700.0,500.0,428700.0
95,2021-10-05 07:08:32,59700.0,500.0,428200.0
96,2021-10-05 07:08:32,59700.0,200.0,427700.0
97,2021-10-05 07:08:20,59800.0,100.0,427500.0
98,2021-10-05 07:07:49,59800.0,500.0,427400.0
99,2021-10-05 07:07:15,59800.0,200.0,426900.0
100,2021-10-05 07:07:15,59800.0,600.0,426700.0
101,2021-10-05 07:05:29,59700.0,200.0,426100.0
102,2021-10-05 07:04:51,59700.0,600.0,425900.0
103,2021-10-05 07:04:51,59700.0,600.0,425300.0
104,2021-10-05 07:04:51,59700.0,100.0,424700.0
105,2021-10-05 07:04:34,59700.0,300.0,424600.0
106,2021-10-05 07:04:34,59700.0,500.0,424300.0
107,2021-10-05 07:04:34,59700.0,100.0,423800.0
108,2021-10-05 07:04:34,59700.0,100.0,423700.0
109,2021-10-05 07:03:58,59700.0,700.0,423600.0
110,2021-10-05 07:02:06,59700.0,100.0,422900.0
111,2021-10-05 07:02:06,59700.0,100.0,422800.0
112,2021-10-05 07:02:05,59700.0,100.0,422700.0
113,2021-10-05 06:59:14,59700.0,1000.0,422600.0
114,2021-10-05 06:58:30,59700.0,700.0,421600.0
115,2021-10-05 06:58:16,59700.0,2200.0,420900.0
116,2021-10-05 06:58:16,59700.0,100.0,418700.0
117,2021-10-05 06:57:54,59600.0,2000.0,418600.0
118,2021-10-05 06:56:53,59600.0,2100.0,416600.0
119,2021-10-05 06:56:37,59600.0,100.0,414500.0
120,2021-10-05 06:56:37,59600.0,300.0,414400.0
121,2021-10-05 06:56:37,59600.0,200.0,414100.0
122,2021-10-05 06:56:37,59600.0,100.0,413900.0
123,2021-10-05 06:56:37,59600.0,3200.0,413800.0
124,2021-10-05 06:56:29,59600.0,1800.0,410600.0
125,2021-10-05 06:56:29,59600.0,200.0,408800.0
126,2021-10-05 06:56:29,59600.0,200.0,408600.0
127,2021-10-05 06:56:29,59600.0,500.0,408400.0
128,2021-10-05 06:56:29,59600.0,100.0,407900.0
129,2021-10-05 06:56:29,59600.0,5000.0,407800.0
130,2021-10-05 06:56:29,59600.0,200.0,402800.0
131,2021-10-05 06:56:10,59700.0,100.0,402600.0
132,2021-10-05 06:56:00,59700.0,100.0,402500.0
133,2021-10-05 06:55:59,59700.0,500.0,402400.0
134,2021-10-05 06:55:13,59700.0,300.0,401900.0
135,2021-10-05 06:53:39,59700.0,100.0,401600.0
136,2021-10-05 06:53:09,59700.0,1000.0,401500.0
137,2021-10-05 06:52:32,59700.0,1100.0,400500.0
138,2021-10-05 06:51:40,59600.0,200.0,399400.0
139,2021-10-05 06:51:40,59600.0,100.0,399200.0
140,2021-10-05 06:51:23,59600.0,500.0,399100.0
141,2021-10-05 06:50:58,59600.0,100.0,398600.0
142,2021-10-05 06:50:58,59600.0,200.0,398500.0
143,2021-10-05 06:50:58,59600.0,100.0,398300.0
144,2021-10-05 06:50:58,59600.0,500.0,398200.0
145,2021-10-05 06:50:58,59600.0,100.0,397700.0
146,2021-10-05 06:50:29,59600.0,100.0,397600.0
147,2021-10-05 06:50:29,59600.0,5000.0,397500.0
148,2021-10-05 06:50:29,59600.0,1500.0,392500.0
149,2021-10-05 06:50:29,59600.0,200.0,391000.0
150,2021-10-05 06:50:29,59600.0,100.0,390800.0
151,2021-10-05 06:50:29,59600.0,5000.0,390700.0
152,2021-10-05 06:50:29,59600.0,100.0,385700.0
153,2021-10-05 06:50:29,59700.0,800.0,385600.0
154,2021-10-05 06:49:38,59700.0,500.0,384800.0
155,2021-10-05 06:48:48,59700.0,500.0,384300.0
156,2021-10-05 06:46:37,59700.0,200.0,383800.0
157,2021-10-05 06:46:05,59700.0,300.0,383600.0
158,2021-10-05 06:45:30,59700.0,800.0,383300.0
159,2021-10-05 06:45:05,59600.0,800.0,382500.0
160,2021-10-05 06:45:05,59600.0,200.0,381700.0
161,2021-10-05 06:45:05,59600.0,100.0,381500.0
162,2021-10-05 06:45:05,59600.0,1000.0,381400.0
163,2021-10-05 06:45:05,59600.0,100.0,380400.0
164,2021-10-05 06:45:05,59600.0,100.0,380300.0
165,2021-10-05 06:45:05,59600.0,700.0,380200.0
166,2021-10-05 06:45:02,59600.0,300.0,379500.0
167,2021-10-05 06:45:02,59600.0,200.0,379200.0
168,2021-10-05 06:41:36,59600.0,2000.0,379000.0
169,2021-10-05 06:41:00,59700.0,100.0,377000.0
170,2021-10-05 06:41:00,59700.0,300.0,376900.0
171,2021-10-05 06:41:00,59700.0,100.0,376600.0
172,2021-10-05 06:41:00,59700.0,100.0,376500.0
173,2021-10-05 06:41:00,59700.0,11000.0,376400.0
174,2021-10-05 06:41:00,59700.0,2000.0,365400.0
175,2021-10-05 06:40:56,59800.0,500.0,363400.0
176,2021-10-05 06:40:52,59700.0,18000.0,362900.0
177,2021-10-05 06:40:52,59700.0,2000.0,344900.0
178,2021-10-05 06:40:43,59800.0,500.0,342900.0
179,2021-10-05 06:40:11,59800.0,2400.0,342400.0
180,2021-10-05 06:40:10,59900.0,400.0,340000.0
181,2021-10-05 06:40:07,59900.0,400.0,339600.0
182,2021-10-05 06:40:07,59900.0,1600.0,339200.0
183,2021-10-05 06:39:28,59900.0,500.0,337600.0
184,2021-10-05 06:39:05,59900.0,500.0,337100.0
185,2021-10-05 06:37:45,59800.0,400.0,336600.0
186,2021-10-05 06:37:45,59800.0,100.0,336200.0
187,2021-10-05 06:37:45,59800.0,100.0,336100.0
188,2021-10-05 06:36:47,59800.0,600.0,336000.0
189,2021-10-05 06:33:59,59800.0,100.0,335400.0
190,2021-10-05 06:33:27,59800.0,100.0,335300.0
191,2021-10-05 06:33:27,59800.0,800.0,335200.0
192,2021-10-05 06:33:25,59800.0,200.0,334400.0
193,2021-10-05 06:33:10,59800.0,100.0,334200.0
194,2021-10-05 06:33:09,59800.0,300.0,334100.0
195,2021-10-05 06:32:54,59800.0,700.0,333800.0
196,2021-10-05 06:32:11,59800.0,100.0,333100.0
197,2021-10-05 06:32:08,59800.0,5000.0,333000.0
198,2021-10-05 06:32:07,59800.0,100.0,328000.0
199,2021-10-05 06:32:00,59800.0,300.0,327900.0
200,2021-10-05 06:29:22,59800.0,100.0,327600.0
201,2021-10-05 06:29:22,59800.0,100.0,327500.0
202,2021-10-05 06:29:22,59800.0,500.0,327400.0
203,2021-10-05 06:29:22,59800.0,1000.0,326900.0
204,2021-10-05 06:29:22,59800.0,100.0,325900.0
205,2021-10-05 06:29:22,59800.0,100.0,325800.0
206,2021-10-05 06:29:22,59800.0,500.0,325700.0
207,2021-10-05 06:29:12,59800.0,9500.0,325200.0
208,2021-10-05 06:29:12,59800.0,100.0,315700.0
209,2021-10-05 06:29:12,59800.0,100.0,315600.0
210,2021-10-05 06:29:12,59800.0,300.0,315500.0
211,2021-10-05 06:29:09,59900.0,100.0,315200.0
212,2021-10-05 06:28:08,59800.0,200.0,315100.0
213,2021-10-05 06:28:08,59800.0,300.0,314900.0
214,2021-10-05 06:28:08,59800.0,100.0,314600.0
215,2021-10-05 06:28:08,59800.0,300.0,314500.0
216,2021-10-05 06:28:08,59800.0,100.0,314200.0
217,2021-10-05 06:27:43,59900.0,1000.0,314100.0
218,2021-10-05 06:27:20,59900.0,400.0,313100.0
219,2021-10-05 06:27:20,59900.0,500.0,312700.0
220,2021-10-05 06:27:20,59900.0,400.0,312200.0
221,2021-10-05 06:27:01,60000.0,1000.0,311800.0
222,2021-10-05 06:26:59,60000.0,100.0,310800.0
223,2021-10-05 06:26:42,60000.0,1000.0,310700.0
224,2021-10-05 06:25:49,59900.0,400.0,309700.0
225,2021-10-05 06:25:49,59900.0,300.0,309300.0
226,2021-10-05 06:25:49,59900.0,100.0,309000.0
227,2021-10-05 06:25:49,59900.0,100.0,308900.0
228,2021-10-05 06:25:49,59900.0,100.0,308800.0
229,2021-10-05 06:25:35,60000.0,600.0,308700.0
230,2021-10-05 06:24:24,60000.0,100.0,308100.0
231,2021-10-05 06:24:19,59900.0,1300.0,308000.0
232,2021-10-05 06:24:18,59900.0,3000.0,306700.0
233,2021-10-05 06:22:44,60000.0,500.0,303700.0
234,2021-10-05 06:22:44,60000.0,100.0,303200.0
235,2021-10-05 06:22:44,60000.0,200.0,303100.0
236,2021-10-05 06:22:44,60000.0,4500.0,302900.0
237,2021-10-05 06:21:47,60100.0,2000.0,298400.0
238,2021-10-05 06:21:47,60100.0,200.0,296400.0
239,2021-10-05 06:21:39,60100.0,5800.0,296200.0
240,2021-10-05 06:21:39,60100.0,4200.0,290400.0
241,2021-10-05 06:20:09,60300.0,1700.0,286200.0
242,2021-10-05 06:19:33,60300.0,500.0,284500.0
243,2021-10-05 06:18:11,60300.0,200.0,284000.0
244,2021-10-05 06:18:11,60300.0,600.0,283800.0
245,2021-10-05 06:18:11,60300.0,100.0,283200.0
246,2021-10-05 06:18:11,60300.0,1700.0,283100.0
247,2021-10-05 06:18:11,60300.0,100.0,281400.0
248,2021-10-05 06:18:11,60200.0,100.0,281300.0
249,2021-10-05 06:16:50,60100.0,800.0,281200.0
250,2021-10-05 06:16:50,60100.0,100.0,280400.0
251,2021-10-05 06:16:50,60100.0,100.0,280300.0
252,2021-10-05 06:15:12,60100.0,400.0,280200.0
253,2021-10-05 06:15:12,60200.0,100.0,279800.0
254,2021-10-05 06:14:52,60200.0,100.0,279700.0
255,2021-10-05 06:14:50,60200.0,200.0,279600.0
256,2021-10-05 06:14:19,60200.0,1000.0,279400.0
257,2021-10-05 06:12:54,60200.0,100.0,278400.0
258,2021-10-05 06:12:54,60200.0,2500.0,278300.0
259,2021-10-05 06:12:09,60200.0,500.0,275800.0
260,2021-10-05 06:11:46,60200.0,200.0,275300.0
261,2021-10-05 06:11:10,60200.0,1100.0,275100.0
262,2021-10-05 06:11:10,60200.0,500.0,274000.0
263,2021-10-05 06:11:10,60200.0,500.0,273500.0
264,2021-10-05 06:11:10,60300.0,200.0,273000.0
265,2021-10-05 06:11:10,60300.0,200.0,272800.0
266,2021-10-05 06:11:10,60300.0,200.0,272600.0
267,2021-10-05 06:11:10,60300.0,100.0,272400.0
268,2021-10-05 06:10:18,60300.0,300.0,272300.0
269,2021-10-05 06:10:18,60300.0,200.0,272000.0
270,2021-10-05 06:07:27,60400.0,300.0,271800.0
271,2021-10-05 06:07:27,60400.0,200.0,271500.0
272,2021-10-05 06:07:16,60400.0,3500.0,271300.0
273,2021-10-05 06:01:52,60300.0,200.0,267800.0
274,2021-10-05 06:00:25,60300.0,500.0,267600.0
275,2021-10-05 06:00:25,60300.0,400.0,267100.0
276,2021-10-05 06:00:25,60300.0,1600.0,266700.0
277,2021-10-05 04:27:09,60300.0,1000.0,265100.0
278,2021-10-05 04:26:52,60300.0,200.0,264100.0
279,2021-10-05 04:26:52,60300.0,200.0,263900.0
280,2021-10-05 04:26:42,60300.0,3000.0,263700.0
281,2021-10-05 04:23:56,60300.0,500.0,260700.0
282,2021-10-05 04:23:56,60300.0,100.0,260200.0
283,2021-10-05 04:23:56,60300.0,1200.0,260100.0
284,2021-10-05 04:21:29,60400.0,1000.0,258900.0
285,2021-10-05 04:18:40,60300.0,2800.0,257900.0
286,2021-10-05 04:15:12,60300.0,100.0,255100.0
287,2021-10-05 04:13:35,60300.0,100.0,255000.0
288,2021-10-05 04:12:06,60300.0,400.0,254900.0
289,2021-10-05 04:12:06,60300.0,900.0,254500.0
290,2021-10-05 04:10:12,60400.0,200.0,253600.0
291,2021-10-05 04:10:03,60400.0,500.0,253400.0
292,2021-10-05 04:09:42,60300.0,100.0,252900.0
293,2021-10-05 04:09:42,60300.0,100.0,252800.0
294,2021-10-05 04:09:42,60300.0,100.0,252700.0
295,2021-10-05 04:09:42,60300.0,300.0,252600.0
296,2021-10-05 04:09:42,60300.0,3000.0,252300.0
297,2021-10-05 04:09:42,60300.0,500.0,249300.0
298,2021-10-05 04:08:43,60200.0,200.0,248800.0
299,2021-10-05 04:06:38,60200.0,300.0,248600.0
300,2021-10-05 04:06:04,60300.0,200.0,248300.0
301,2021-10-05 04:05:27,60300.0,100.0,248100.0
302,2021-10-05 04:03:09,60200.0,200.0,248000.0
303,2021-10-05 04:02:56,60200.0,100.0,247800.0
304,2021-10-05 04:02:37,60200.0,1000.0,247700.0
305,2021-10-05 04:02:31,60300.0,2000.0,246700.0
306,2021-10-05 04:02:31,60300.0,1000.0,244700.0
307,2021-10-05 04:00:38,60200.0,2000.0,243700.0
308,2021-10-05 04:00:38,60200.0,100.0,241700.0
309,2021-10-05 04:00:38,60200.0,100.0,241600.0
310,2021-10-05 04:00:32,60000.0,500.0,241500.0
311,2021-10-05 03:58:18,59900.0,2500.0,241000.0
312,2021-10-05 03:58:18,60000.0,2500.0,238500.0
313,2021-10-05 03:58:10,60000.0,1500.0,236000.0
314,2021-10-05 03:57:55,60000.0,10000.0,234500.0
315,2021-10-05 03:57:39,60000.0,6000.0,224500.0
316,2021-10-05 03:57:39,60000.0,1000.0,218500.0
317,2021-10-05 03:57:13,60000.0,1300.0,217500.0
318,2021-10-05 03:57:08,60000.0,100.0,216200.0
319,2021-10-05 03:55:17,60000.0,1000.0,216100.0
320,2021-10-05 03:55:17,60000.0,600.0,215100.0
321,2021-10-05 03:54:48,60000.0,1000.0,214500.0
322,2021-10-05 03:53:12,60000.0,400.0,213500.0
323,2021-10-05 03:51:50,60000.0,400.0,213100.0
324,2021-10-05 03:51:50,60000.0,1200.0,212700.0
325,2021-10-05 03:50:58,60000.0,700.0,211500.0
326,2021-10-05 03:49:31,60000.0,500.0,210800.0
327,2021-10-05 03:48:32,60000.0,1000.0,210300.0
328,2021-10-05 03:48:32,60000.0,200.0,209300.0
329,2021-10-05 03:48:32,60000.0,4400.0,209100.0
330,2021-10-05 03:48:13,60000.0,400.0,204700.0
331,2021-10-05 03:47:41,60000.0,500.0,204300.0
332,2021-10-05 03:46:00,60000.0,700.0,203800.0
333,2021-10-05 03:46:00,60000.0,800.0,203100.0
334,2021-10-05 03:44:50,60000.0,2000.0,202300.0
335,2021-10-05 03:43:56,60000.0,500.0,200300.0
336,2021-10-05 03:43:35,60000.0,1000.0,199800.0
337,2021-10-05 03:40:43,60000.0,3700.0,198800.0
338,2021-10-05 03:40:43,60000.0,600.0,195100.0
339,2021-10-05 03:40:43,60000.0,300.0,194500.0
340,2021-10-05 03:38:48,60100.0,300.0,194200.0
341,2021-10-05 03:38:48,60100.0,1100.0,193900.0
342,2021-10-05 03:38:43,60200.0,300.0,192800.0
343,2021-10-05 03:38:43,60200.0,100.0,192500.0
344,2021-10-05 03:37:20,60100.0,100.0,192400.0
345,2021-10-05 03:35:52,60100.0,1000.0,192300.0
346,2021-10-05 03:35:52,60100.0,800.0,191300.0
347,2021-10-05 03:34:29,60000.0,800.0,190500.0
348,2021-10-05 03:30:48,60100.0,100.0,189700.0
349,2021-10-05 03:30:24,60100.0,1400.0,189600.0
350,2021-10-05 03:30:16,60000.0,1000.0,188200.0
351,2021-10-05 03:30:16,60000.0,500.0,187200.0
352,2021-10-05 03:30:16,60000.0,1400.0,186700.0
353,2021-10-05 03:29:28,60000.0,100.0,185300.0
354,2021-10-05 03:25:05,60000.0,100.0,185200.0
355,2021-10-05 03:25:05,60000.0,400.0,185100.0
356,2021-10-05 03:25:03,60000.0,100.0,184700.0
357,2021-10-05 03:25:03,60000.0,100.0,184600.0
358,2021-10-05 03:22:57,60000.0,5000.0,184500.0
359,2021-10-05 03:22:57,60000.0,900.0,179500.0
360,2021-10-05 03:22:19,59900.0,3100.0,178600.0
361,2021-10-05 03:21:55,59900.0,200.0,175500.0
362,2021-10-05 03:21:45,59900.0,100.0,175300.0
363,2021-10-05 03:20:53,59900.0,100.0,175200.0
364,2021-10-05 03:20:02,59800.0,100.0,175100.0
365,2021-10-05 03:20:02,59800.0,100.0,175000.0
366,2021-10-05 03:20:02,59800.0,300.0,174900.0
367,2021-10-05 03:20:02,59800.0,700.0,174600.0
368,2021-10-05 03:19:45,59900.0,100.0,173900.0
369,2021-10-05 03:19:28,59900.0,100.0,173800.0
370,2021-10-05 03:18:25,59800.0,100.0,173700.0
371,2021-10-05 03:17:46,59800.0,200.0,173600.0
372,2021-10-05 03:17:46,59800.0,500.0,173400.0
373,2021-10-05 03:17:46,59800.0,100.0,172900.0
374,2021-10-05 03:17:33,59900.0,100.0,172800.0
375,2021-10-05 03:17:31,59900.0,100.0,172700.0
376,2021-10-05 03:17:31,59900.0,100.0,172600.0
377,2021-10-05 03:16:30,60000.0,1000.0,172500.0
378,2021-10-05 03:16:28,60000.0,100.0,171500.0
379,2021-10-05 03:16:28,60000.0,2000.0,171400.0
380,2021-10-05 03:16:28,60000.0,200.0,169400.0
381,2021-10-05 03:16:28,60000.0,300.0,169200.0
382,2021-10-05 03:16:28,60000.0,200.0,168900.0
383,2021-10-05 03:16:28,60000.0,300.0,168700.0
384,2021-10-05 03:15:56,60100.0,500.0,168400.0
385,2021-10-05 03:15:25,60100.0,100.0,167900.0
386,2021-10-05 03:15:25,60100.0,800.0,167800.0
387,2021-10-05 03:15:25,60200.0,500.0,167000.0
388,2021-10-05 03:15:25,60200.0,500.0,166500.0
389,2021-10-05 03:15:25,60200.0,500.0,166000.0
390,2021-10-05 03:15:25,60200.0,800.0,165500.0
391,2021-10-05 03:10:51,60400.0,200.0,164700.0
392,2021-10-05 03:10:22,60400.0,900.0,164500.0
393,2021-10-05 03:10:22,60400.0,1200.0,163600.0
394,2021-10-05 03:10:22,60400.0,200.0,162400.0
395,2021-10-05 03:10:22,60400.0,100.0,162200.0
396,2021-10-05 03:10:22,60400.0,300.0,162100.0
397,2021-10-05 03:10:22,60400.0,1000.0,161800.0
398,2021-10-05 03:10:22,60400.0,1700.0,160800.0
399,2021-10-05 03:09:24,60500.0,200.0,159100.0
400,2021-10-05 03:09:13,60500.0,100.0,158900.0
401,2021-10-05 03:09:13,60500.0,400.0,158800.0
402,2021-10-05 03:07:23,60500.0,100.0,158400.0
403,2021-10-05 03:07:23,60500.0,100.0,158300.0
404,2021-10-05 03:05:28,60500.0,100.0,158200.0
405,2021-10-05 03:05:28,60500.0,500.0,158100.0
406,2021-10-05 03:05:28,60500.0,300.0,157600.0
407,2021-10-05 03:05:12,60500.0,100.0,157300.0
408,2021-10-05 03:04:25,60500.0,600.0,157200.0
409,2021-10-05 03:03:46,60400.0,300.0,156600.0
410,2021-10-05 03:03:31,60400.0,1000.0,156300.0
411,2021-10-05 03:03:16,60400.0,500.0,155300.0
412,2021-10-05 03:03:16,60400.0,200.0,154800.0
413,2021-10-05 03:03:16,60400.0,300.0,154600.0
414,2021-10-05 03:03:04,60400.0,200.0,154300.0
415,2021-10-05 03:03:04,60400.0,100.0,154100.0
416,2021-10-05 03:03:04,60400.0,3700.0,154000.0
417,2021-10-05 03:02:31,60300.0,500.0,150300.0
418,2021-10-05 03:00:35,60300.0,100.0,149800.0
419,2021-10-05 03:00:35,60300.0,200.0,149700.0
420,2021-10-05 03:00:16,60300.0,300.0,149500.0
421,2021-10-05 03:00:16,60300.0,200.0,149200.0
422,2021-10-05 02:59:31,60300.0,1000.0,149000.0
423,2021-10-05 02:59:18,60400.0,200.0,148000.0
424,2021-10-05 02:58:57,60400.0,300.0,147800.0
425,2021-10-05 02:58:47,60400.0,1000.0,147500.0
426,2021-10-05 02:58:27,60400.0,1000.0,146500.0
427,2021-10-05 02:58:19,60400.0,500.0,145500.0
428,2021-10-05 02:58:04,60400.0,1600.0,145000.0
429,2021-10-05 02:58:03,60400.0,200.0,143400.0
430,2021-10-05 02:57:44,60400.0,100.0,143200.0
431,2021-10-05 02:57:40,60400.0,100.0,143100.0
432,2021-10-05 02:57:35,60400.0,300.0,143000.0
433,2021-10-05 02:57:26,60400.0,1000.0,142700.0
434,2021-10-05 02:56:46,60300.0,100.0,141700.0
435,2021-10-05 02:56:43,60300.0,200.0,141600.0
436,2021-10-05 02:56:43,60300.0,100.0,141400.0
437,2021-10-05 02:56:43,60300.0,800.0,141300.0
438,2021-10-05 02:56:43,60300.0,200.0,140500.0
439,2021-10-05 02:56:43,60300.0,300.0,140300.0
440,2021-10-05 02:56:00,60200.0,500.0,140000.0
441,2021-10-05 02:56:00,60200.0,100.0,139500.0
442,2021-10-05 02:56:00,60200.0,100.0,139400.0
443,2021-10-05 02:56:00,60200.0,500.0,139300.0
444,2021-10-05 02:55:59,60100.0,100.0,138800.0
445,2021-10-05 02:55:45,60200.0,500.0,138700.0
446,2021-10-05 02:55:45,60200.0,200.0,138200.0
447,2021-10-05 02:55:45,60200.0,100.0,138000.0
448,2021-10-05 02:55:36,60200.0,100.0,137900.0
449,2021-10-05 02:55:36,60200.0,500.0,137800.0
450,2021-10-05 02:55:36,60200.0,300.0,137300.0
451,2021-10-05 02:55:36,60200.0,100.0,137000.0
452,2021-10-05 02:55:32,60200.0,100.0,136900.0
453,2021-10-05 02:55:32,60200.0,100.0,136800.0
454,2021-10-05 02:55:32,60200.0,400.0,136700.0
455,2021-10-05 02:55:11,60200.0,600.0,136300.0
456,2021-10-05 02:55:11,60200.0,400.0,135700.0
457,2021-10-05 02:55:04,60200.0,4000.0,135300.0
458,2021-10-05 02:54:38,60100.0,100.0,131300.0
459,2021-10-05 02:52:26,60200.0,2000.0,131200.0
460,2021-10-05 02:51:16,60100.0,100.0,129200.0
461,2021-10-05 02:51:09,60100.0,1900.0,129100.0
462,2021-10-05 02:51:09,60100.0,200.0,127200.0
463,2021-10-05 02:51:09,60100.0,1600.0,127000.0
464,2021-10-05 02:51:09,60000.0,100.0,125400.0
465,2021-10-05 02:51:09,60000.0,500.0,125300.0
466,2021-10-05 02:51:09,60000.0,100.0,124800.0
467,2021-10-05 02:51:09,60000.0,100.0,124700.0
468,2021-10-05 02:51:09,60000.0,400.0,124600.0
469,2021-10-05 02:50:13,60000.0,600.0,124200.0
470,2021-10-05 02:50:13,60000.0,400.0,123600.0
471,2021-10-05 02:50:08,60000.0,5000.0,123200.0
472,2021-10-05 02:49:47,60000.0,200.0,118200.0
473,2021-10-05 02:49:46,60000.0,100.0,118000.0
474,2021-10-05 02:49:46,59900.0,200.0,117900.0
475,2021-10-05 02:49:46,59900.0,200.0,117700.0
476,2021-10-05 02:49:34,60000.0,200.0,117500.0
477,2021-10-05 02:49:07,60000.0,100.0,117300.0
478,2021-10-05 02:49:07,60000.0,100.0,117200.0
479,2021-10-05 02:48:31,60000.0,1300.0,117100.0
480,2021-10-05 02:48:31,60000.0,500.0,115800.0
481,2021-10-05 02:48:31,60000.0,2700.0,115300.0
482,2021-10-05 02:48:31,59900.0,500.0,112600.0
483,2021-10-05 02:47:57,59800.0,100.0,112100.0
484,2021-10-05 02:47:14,59900.0,200.0,112000.0
485,2021-10-05 02:47:14,59900.0,100.0,111800.0
486,2021-10-05 02:47:08,59900.0,300.0,111700.0
487,2021-10-05 02:45:49,59900.0,500.0,111400.0
488,2021-10-05 02:45:49,59900.0,100.0,110900.0
489,2021-10-05 02:45:29,59900.0,300.0,110800.0
490,2021-10-05 02:43:56,59900.0,200.0,110500.0
491,2021-10-05 02:43:25,59800.0,100.0,110300.0
492,2021-10-05 02:43:00,59900.0,900.0,110200.0
493,2021-10-05 02:42:45,59900.0,1000.0,109300.0
494,2021-10-05 02:42:39,60000.0,500.0,108300.0
495,2021-10-05 02:42:11,59900.0,4100.0,107800.0
496,2021-10-05 02:41:48,59800.0,100.0,103700.0
497,2021-10-05 02:40:24,59800.0,100.0,103600.0
498,2021-10-05 02:39:51,59900.0,1000.0,103500.0
499,2021-10-05 02:39:51,59900.0,1200.0,102500.0
500,2021-10-05 02:39:51,59900.0,400.0,101300.0
501,2021-10-05 02:39:51,59900.0,200.0,100900.0
502,2021-10-05 02:39:51,59900.0,1100.0,100700.0
503,2021-10-05 02:37:28,60000.0,300.0,99600.0
504,2021-10-05 02:37:24,60000.0,100.0,99300.0
505,2021-10-05 02:37:16,60000.0,200.0,99200.0
506,2021-10-05 02:37:16,60000.0,1200.0,99000.0
507,2021-10-05 02:37:15,60100.0,400.0,97800.0
508,2021-10-05 02:36:12,60000.0,400.0,97400.0
509,2021-10-05 02:35:37,60200.0,4100.0,97000.0
510,2021-10-05 02:35:37,60100.0,200.0,92900.0
511,2021-10-05 02:35:37,60100.0,700.0,92700.0
512,2021-10-05 02:35:23,60100.0,1300.0,92000.0
513,2021-10-05 02:35:23,60100.0,600.0,90700.0
514,2021-10-05 02:35:23,60100.0,200.0,90100.0
515,2021-10-05 02:35:23,60100.0,100.0,89900.0
516,2021-10-05 02:35:23,60100.0,1800.0,89800.0
517,2021-10-05 02:35:03,60000.0,1000.0,88000.0
518,2021-10-05 02:35:03,60000.0,200.0,87000.0
519,2021-10-05 02:35:03,60000.0,200.0,86800.0
520,2021-10-05 02:34:30,60000.0,300.0,86600.0
521,2021-10-05 02:34:30,60000.0,100.0,86300.0
522,2021-10-05 02:34:30,60000.0,1200.0,86200.0
523,2021-10-05 02:34:30,60000.0,1100.0,85000.0
524,2021-10-05 02:34:30,60000.0,100.0,83900.0
525,2021-10-05 02:34:30,60000.0,200.0,83800.0
526,2021-10-05 02:32:47,59900.0,200.0,83600.0
527,2021-10-05 02:32:41,59900.0,100.0,83400.0
528,2021-10-05 02:31:27,59900.0,100.0,83300.0
529,2021-10-05 02:30:23,59900.0,300.0,83200.0
530,2021-10-05 02:30:16,59900.0,500.0,82900.0
531,2021-10-05 02:29:53,59900.0,200.0,82400.0
532,2021-10-05 02:29:47,59900.0,2600.0,82200.0
533,2021-10-05 02:29:33,59900.0,500.0,79600.0
534,2021-10-05 02:29:31,60000.0,200.0,79100.0
535,2021-10-05 02:29:31,60000.0,300.0,78900.0
536,2021-10-05 02:29:31,60000.0,1500.0,78600.0
537,2021-10-05 02:28:59,60000.0,100.0,77100.0
538,2021-10-05 02:28:48,59900.0,1000.0,77000.0
539,2021-10-05 02:28:48,59900.0,700.0,76000.0
540,2021-10-05 02:28:06,59800.0,100.0,75300.0
541,2021-10-05 02:28:06,59800.0,100.0,75200.0
542,2021-10-05 02:28:06,59800.0,200.0,75100.0
543,2021-10-05 02:28:06,59800.0,1600.0,74900.0
544,2021-10-05 02:28:06,59800.0,200.0,73300.0
545,2021-10-05 02:28:06,59800.0,800.0,73100.0
546,2021-10-05 02:27:21,59800.0,100.0,72300.0
547,2021-10-05 02:26:56,59800.0,100.0,72200.0
548,2021-10-05 02:26:55,59800.0,1000.0,72100.0
549,2021-10-05 02:26:36,59800.0,400.0,71100.0
550,2021-10-05 02:25:53,59800.0,300.0,70700.0
551,2021-10-05 02:24:59,59800.0,200.0,70400.0
552,2021-10-05 02:24:55,59800.0,1000.0,70200.0
553,2021-10-05 02:24:49,59800.0,1600.0,69200.0
554,2021-10-05 02:24:35,59800.0,100.0,67600.0
555,2021-10-05 02:24:35,59800.0,100.0,67500.0
556,2021-10-05 02:24:35,59800.0,200.0,67400.0
557,2021-10-05 02:24:35,59800.0,3000.0,67200.0
558,2021-10-05 02:22:00,59800.0,300.0,64200.0
559,2021-10-05 02:21:38,59800.0,400.0,63900.0
560,2021-10-05 02:21:38,59800.0,3300.0,63500.0
561,2021-10-05 02:21:27,59800.0,3000.0,60200.0
562,2021-10-05 02:20:49,59800.0,1400.0,57200.0
563,2021-10-05 02:20:32,59800.0,2000.0,55800.0
564,2021-10-05 02:19:23,59800.0,300.0,53800.0
565,2021-10-05 02:19:23,59800.0,200.0,53500.0
566,2021-10-05 02:19:23,59800.0,2000.0,53300.0
567,2021-10-05 02:19:23,59800.0,1000.0,51300.0
568,2021-10-05 02:19:23,59800.0,100.0,50300.0
569,2021-10-05 02:19:16,59900.0,300.0,50200.0
570,2021-10-05 02:19:01,59900.0,200.0,49900.0
571,2021-10-05 02:18:43,59900.0,500.0,49700.0
572,2021-10-05 02:18:43,59900.0,300.0,49200.0
573,2021-10-05 02:18:41,60000.0,100.0,48900.0
574,2021-10-05 02:18:16,60000.0,300.0,48800.0
575,2021-10-05 02:18:01,60000.0,500.0,48500.0
576,2021-10-05 02:17:41,60000.0,100.0,48000.0
577,2021-10-05 02:17:41,60000.0,100.0,47900.0
578,2021-10-05 02:17:41,60000.0,1000.0,47800.0
579,2021-10-05 02:17:41,60000.0,1300.0,46800.0
580,2021-10-05 02:17:39,60100.0,200.0,45500.0
581,2021-10-05 02:17:30,60000.0,100.0,45300.0
582,2021-10-05 02:16:50,60000.0,200.0,45200.0
583,2021-10-05 02:16:39,60000.0,1800.0,45000.0
584,2021-10-05 02:16:39,60000.0,200.0,43200.0
585,2021-10-05 02:16:23,59900.0,1000.0,43000.0
586,2021-10-05 02:16:22,60000.0,500.0,42000.0
587,2021-10-05 02:16:14,59900.0,1000.0,41500.0
588,2021-10-05 02:16:01,60000.0,100.0,40500.0
589,2021-10-05 02:16:01,60000.0,100.0,40400.0
590,2021-10-05 02:16:01,60000.0,100.0,40300.0
591,2021-10-05 02:15:48,60000.0,1000.0,40200.0
592,2021-10-05 02:15:46,60000.0,200.0,39200.0
593,2021-10-05 02:15:14,60000.0,200.0,39000.0
594,2021-10-05 02:15:14,60000.0,100.0,38800.0
595,2021-10-05 02:15:00,59900.0,27000.0,38700.0
596,2021-10-05 02:15:00,59900.0,700.0,11700.0
597,2021-10-05 02:15:00,59900.0,900.0,11000.0
598,2021-10-05 02:15:00,59900.0,100.0,10100.0
599,2021-10-05 02:15:00,59900.0,300.0,10000.0
600,2021-10-05 02:15:00,59900.0,200.0,9700.0
601,2021-10-05 02:15:00,59900.0,1000.0,9500.0
602,2021-10-05 02:15:00,59900.0,500.0,8500.0
603,2021-10-05 02:15:00,59900.0,100.0,8000.0
604,2021-10-05 02:15:00,59900.0,100.0,7900.0
605,2021-10-05 02:15:00,59900.0,100.0,7800.0
606,2021-10-05 02:15:00,59900.0,100.0,7700.0
607,2021-10-05 02:15:00,59900.0,500.0,7600.0
608,2021-10-05 02:15:00,59900.0,400.0,7100.0
609,2021-10-05 02:15:00,59900.0,1000.0,6700.0
610,2021-10-05 02:15:00,59900.0,1000.0,5700.0
611,2021-10-05 02:15:00,59900.0,100.0,4700.0
612,2021-10-05 02:15:00,59900.0,200.0,4600.0
613,2021-10-05 02:15:00,59900.0,100.0,4400.0
614,2021-10-05 02:15:00,59900.0,1000.0,4300.0
615,2021-10-05 02:15:00,59900.0,700.0,3300.0
616,2021-10-05 02:15:00,59900.0,100.0,2600.0
617,2021-10-05 02:15:00,59900.0,400.0,2500.0
618,2021-10-05 02:15:00,59900.0,500.0,2100.0
619,2021-10-05 02:15:00,59900.0,500.0,1600.0
620,2021-10-05 02:15:00,59900.0,1000.0,1100.0
621,2021-10-05 02:15:00,59900.0,100.0,100.0
