,Time,Price,Volume_per_trade,Volume
0,2021-10-19 07:45:01,64600.0,1500.0,485700.0
1,2021-10-19 07:45:01,64600.0,2500.0,484200.0
2,2021-10-19 07:45:01,64600.0,400.0,481700.0
3,2021-10-19 07:45:01,64600.0,100.0,481300.0
4,2021-10-19 07:45:01,64600.0,500.0,481200.0
5,2021-10-19 07:45:01,64600.0,1800.0,480700.0
6,2021-10-19 07:45:01,64600.0,1400.0,478900.0
7,2021-10-19 07:45:01,64600.0,2200.0,477500.0
8,2021-10-19 07:45:01,64600.0,400.0,475300.0
9,2021-10-19 07:45:01,64600.0,1000.0,474900.0
10,2021-10-19 07:45:01,64600.0,600.0,473900.0
11,2021-10-19 07:45:01,64600.0,500.0,473300.0
12,2021-10-19 07:45:01,64600.0,900.0,472800.0
13,2021-10-19 07:45:01,64600.0,1000.0,471900.0
14,2021-10-19 07:45:01,64600.0,1000.0,470900.0
15,2021-10-19 07:45:01,64600.0,1000.0,469900.0
16,2021-10-19 07:45:01,64600.0,100.0,468900.0
17,2021-10-19 07:45:01,64600.0,300.0,468800.0
18,2021-10-19 07:45:01,64600.0,100.0,468500.0
19,2021-10-19 07:45:01,64600.0,100.0,468400.0
20,2021-10-19 07:45:01,64600.0,500.0,468300.0
21,2021-10-19 07:45:01,64600.0,500.0,467800.0
22,2021-10-19 07:45:01,64600.0,1000.0,467300.0
23,2021-10-19 07:45:01,64600.0,500.0,466300.0
24,2021-10-19 07:45:01,64600.0,100.0,465800.0
25,2021-10-19 07:45:01,64600.0,200.0,465700.0
26,2021-10-19 07:45:01,64600.0,1000.0,465500.0
27,2021-10-19 07:45:01,64600.0,100.0,464500.0
28,2021-10-19 07:45:01,64600.0,2100.0,464400.0
29,2021-10-19 07:45:01,64600.0,900.0,462300.0
30,2021-10-19 07:45:01,64600.0,200.0,461400.0
31,2021-10-19 07:45:01,64600.0,2800.0,461200.0
32,2021-10-19 07:45:01,64600.0,500.0,458400.0
33,2021-10-19 07:45:01,64600.0,500.0,457900.0
34,2021-10-19 07:45:01,64600.0,100.0,457400.0
35,2021-10-19 07:45:01,64600.0,400.0,457300.0
36,2021-10-19 07:45:01,64600.0,600.0,456900.0
37,2021-10-19 07:45:01,64600.0,300.0,456300.0
38,2021-10-19 07:45:01,64600.0,1000.0,456000.0
39,2021-10-19 07:45:01,64600.0,5000.0,455000.0
40,2021-10-19 07:45:01,64600.0,4100.0,450000.0
41,2021-10-19 07:45:01,64600.0,1000.0,445900.0
42,2021-10-19 07:45:01,64600.0,1000.0,444900.0
43,2021-10-19 07:45:01,64600.0,3900.0,443900.0
44,2021-10-19 07:45:01,64600.0,400.0,440000.0
45,2021-10-19 07:45:01,64600.0,3000.0,439600.0
46,2021-10-19 07:45:01,64600.0,1000.0,436600.0
47,2021-10-19 07:45:01,64600.0,500.0,435600.0
48,2021-10-19 07:45:01,64600.0,400.0,435100.0
49,2021-10-19 07:45:01,64600.0,500.0,434700.0
50,2021-10-19 07:45:01,64600.0,300.0,434200.0
51,2021-10-19 07:29:30,64500.0,200.0,433900.0
52,2021-10-19 07:29:23,64500.0,3000.0,433700.0
53,2021-10-19 07:28:52,64500.0,200.0,430700.0
54,2021-10-19 07:28:35,64500.0,100.0,430500.0
55,2021-10-19 07:28:33,64500.0,300.0,430400.0
56,2021-10-19 07:28:32,64500.0,1000.0,430100.0
57,2021-10-19 07:28:29,64500.0,100.0,429100.0
58,2021-10-19 07:28:24,64500.0,100.0,429000.0
59,2021-10-19 07:28:18,64500.0,200.0,428900.0
60,2021-10-19 07:28:14,64500.0,400.0,428700.0
61,2021-10-19 07:28:14,64500.0,16600.0,428300.0
62,2021-10-19 07:28:14,64500.0,20200.0,411700.0
63,2021-10-19 07:28:14,64500.0,400.0,391500.0
64,2021-10-19 07:28:14,64500.0,300.0,391100.0
65,2021-10-19 07:28:14,64500.0,600.0,390800.0
66,2021-10-19 07:28:14,64500.0,100.0,390200.0
67,2021-10-19 07:28:14,64500.0,400.0,390100.0
68,2021-10-19 07:28:14,64500.0,500.0,389700.0
69,2021-10-19 07:28:14,64500.0,13000.0,389200.0
70,2021-10-19 07:28:14,64300.0,12000.0,376200.0
71,2021-10-19 07:28:14,64300.0,100.0,364200.0
72,2021-10-19 07:28:14,64200.0,200.0,364100.0
73,2021-10-19 07:28:14,64200.0,3000.0,363900.0
74,2021-10-19 07:28:14,64200.0,200.0,360900.0
75,2021-10-19 07:28:14,64100.0,2000.0,360700.0
76,2021-10-19 07:28:14,64100.0,4000.0,358700.0
77,2021-10-19 07:28:14,64100.0,300.0,354700.0
78,2021-10-19 07:28:14,64100.0,500.0,354400.0
79,2021-10-19 07:28:14,64100.0,100.0,353900.0
80,2021-10-19 07:28:14,64100.0,100.0,353800.0
81,2021-10-19 07:28:14,64100.0,5400.0,353700.0
82,2021-10-19 07:28:11,64000.0,1000.0,348300.0
83,2021-10-19 07:27:32,64100.0,100.0,347300.0
84,2021-10-19 07:27:24,64100.0,1000.0,347200.0
85,2021-10-19 07:27:23,64100.0,200.0,346200.0
86,2021-10-19 07:27:18,64100.0,300.0,346000.0
87,2021-10-19 07:27:18,64100.0,200.0,345700.0
88,2021-10-19 07:27:06,64100.0,800.0,345500.0
89,2021-10-19 07:27:06,64000.0,200.0,344700.0
90,2021-10-19 07:26:53,64000.0,800.0,344500.0
91,2021-10-19 07:26:53,64000.0,600.0,343700.0
92,2021-10-19 07:26:05,64000.0,400.0,343100.0
93,2021-10-19 07:25:27,64000.0,500.0,342700.0
94,2021-10-19 07:25:20,64100.0,1000.0,342200.0
95,2021-10-19 07:25:05,64000.0,3000.0,341200.0
96,2021-10-19 07:24:55,64000.0,100.0,338200.0
97,2021-10-19 07:24:37,64100.0,400.0,338100.0
98,2021-10-19 07:24:35,64100.0,500.0,337700.0
99,2021-10-19 07:24:35,64000.0,600.0,337200.0
100,2021-10-19 07:24:12,64000.0,200.0,336600.0
101,2021-10-19 07:24:00,64000.0,300.0,336400.0
102,2021-10-19 07:23:58,64000.0,1500.0,336100.0
103,2021-10-19 07:23:56,64100.0,100.0,334600.0
104,2021-10-19 07:23:34,64000.0,500.0,334500.0
105,2021-10-19 07:23:34,64000.0,3500.0,334000.0
106,2021-10-19 07:23:28,64100.0,400.0,330500.0
107,2021-10-19 07:23:17,64100.0,300.0,330100.0
108,2021-10-19 07:22:27,64100.0,300.0,329800.0
109,2021-10-19 07:22:23,64000.0,100.0,329500.0
110,2021-10-19 07:22:18,64000.0,700.0,329400.0
111,2021-10-19 07:22:15,64000.0,600.0,328700.0
112,2021-10-19 07:22:15,64000.0,100.0,328100.0
113,2021-10-19 07:22:10,64000.0,400.0,328000.0
114,2021-10-19 07:22:06,64000.0,300.0,327600.0
115,2021-10-19 07:22:06,64000.0,300.0,327300.0
116,2021-10-19 07:21:57,64000.0,900.0,327000.0
117,2021-10-19 07:21:57,64000.0,200.0,326100.0
118,2021-10-19 07:20:34,64000.0,200.0,325900.0
119,2021-10-19 07:20:34,64000.0,1000.0,325700.0
120,2021-10-19 07:20:34,64000.0,3800.0,324700.0
121,2021-10-19 07:20:23,64000.0,300.0,320900.0
122,2021-10-19 07:20:00,64000.0,3900.0,320600.0
123,2021-10-19 07:20:00,64000.0,100.0,316700.0
124,2021-10-19 07:20:00,64000.0,100.0,316600.0
125,2021-10-19 07:20:00,64000.0,500.0,316500.0
126,2021-10-19 07:20:00,64000.0,100.0,316000.0
127,2021-10-19 07:20:00,64000.0,100.0,315900.0
128,2021-10-19 07:20:00,64000.0,500.0,315800.0
129,2021-10-19 07:20:00,64000.0,1000.0,315300.0
130,2021-10-19 07:20:00,64000.0,3000.0,314300.0
131,2021-10-19 07:20:00,64000.0,100.0,311300.0
132,2021-10-19 07:20:00,63900.0,2600.0,311200.0
133,2021-10-19 07:19:16,63900.0,2000.0,308600.0
134,2021-10-19 07:19:06,63900.0,400.0,306600.0
135,2021-10-19 07:18:30,63900.0,4700.0,306200.0
136,2021-10-19 07:18:30,63900.0,500.0,301500.0
137,2021-10-19 07:18:30,63900.0,500.0,301000.0
138,2021-10-19 07:18:30,63900.0,1000.0,300500.0
139,2021-10-19 07:18:30,63900.0,1000.0,299500.0
140,2021-10-19 07:18:30,63900.0,1800.0,298500.0
141,2021-10-19 07:18:30,63800.0,500.0,296700.0
142,2021-10-19 07:18:30,63800.0,1000.0,296200.0
143,2021-10-19 07:18:30,63800.0,300.0,295200.0
144,2021-10-19 07:18:30,63800.0,1000.0,294900.0
145,2021-10-19 07:18:30,63800.0,500.0,293900.0
146,2021-10-19 07:18:30,63800.0,100.0,293400.0
147,2021-10-19 07:18:30,63800.0,300.0,293300.0
148,2021-10-19 07:18:30,63800.0,500.0,293000.0
149,2021-10-19 07:18:30,63800.0,900.0,292500.0
150,2021-10-19 07:15:47,63800.0,1100.0,291600.0
151,2021-10-19 07:15:45,63700.0,800.0,290500.0
152,2021-10-19 07:15:36,63700.0,100.0,289700.0
153,2021-10-19 07:15:25,63700.0,100.0,289600.0
154,2021-10-19 07:14:55,63600.0,400.0,289500.0
155,2021-10-19 07:14:23,63600.0,1000.0,289100.0
156,2021-10-19 07:12:52,63600.0,700.0,288100.0
157,2021-10-19 07:12:47,63600.0,1000.0,287400.0
158,2021-10-19 07:11:30,63600.0,1000.0,286400.0
159,2021-10-19 07:08:56,63800.0,700.0,285400.0
160,2021-10-19 07:08:56,63800.0,300.0,284700.0
161,2021-10-19 07:07:26,63800.0,100.0,284400.0
162,2021-10-19 07:06:47,63800.0,100.0,284300.0
163,2021-10-19 07:06:47,63600.0,500.0,284200.0
164,2021-10-19 07:06:36,63700.0,300.0,283700.0
165,2021-10-19 07:01:55,63800.0,200.0,283400.0
166,2021-10-19 07:01:55,63800.0,400.0,283200.0
167,2021-10-19 07:01:43,63800.0,100.0,282800.0
168,2021-10-19 07:01:36,63800.0,200.0,282700.0
169,2021-10-19 07:01:36,63800.0,100.0,282500.0
170,2021-10-19 07:01:16,63800.0,100.0,282400.0
171,2021-10-19 07:00:41,63800.0,200.0,282300.0
172,2021-10-19 06:59:55,63700.0,100.0,282100.0
173,2021-10-19 06:59:48,63700.0,1100.0,282000.0
174,2021-10-19 06:59:48,63700.0,100.0,280900.0
175,2021-10-19 06:59:35,63700.0,400.0,280800.0
176,2021-10-19 06:59:27,63700.0,200.0,280400.0
177,2021-10-19 06:57:17,63600.0,4000.0,280200.0
178,2021-10-19 06:57:01,63500.0,700.0,276200.0
179,2021-10-19 06:56:33,63500.0,300.0,275500.0
180,2021-10-19 06:56:29,63500.0,1000.0,275200.0
181,2021-10-19 06:56:21,63500.0,1000.0,274200.0
182,2021-10-19 06:55:43,63500.0,600.0,273200.0
183,2021-10-19 06:55:36,63500.0,100.0,272600.0
184,2021-10-19 06:55:36,63500.0,100.0,272500.0
185,2021-10-19 06:55:36,63500.0,200.0,272400.0
186,2021-10-19 06:53:09,63500.0,100.0,272200.0
187,2021-10-19 06:52:57,63400.0,100.0,272100.0
188,2021-10-19 06:52:57,63400.0,900.0,272000.0
189,2021-10-19 06:52:01,63400.0,2000.0,271100.0
190,2021-10-19 06:50:52,63500.0,100.0,269100.0
191,2021-10-19 06:49:42,63500.0,100.0,269000.0
192,2021-10-19 06:49:42,63500.0,900.0,268900.0
193,2021-10-19 06:48:43,63500.0,2000.0,268000.0
194,2021-10-19 06:48:43,63500.0,100.0,266000.0
195,2021-10-19 06:48:43,63500.0,900.0,265900.0
196,2021-10-19 06:48:16,63500.0,600.0,265000.0
197,2021-10-19 06:48:06,63500.0,1000.0,264400.0
198,2021-10-19 06:46:45,63600.0,800.0,263400.0
199,2021-10-19 06:46:09,63600.0,100.0,262600.0
200,2021-10-19 06:46:09,63600.0,100.0,262500.0
201,2021-10-19 06:45:39,63600.0,300.0,262400.0
202,2021-10-19 06:45:39,63600.0,1000.0,262100.0
203,2021-10-19 06:45:00,63700.0,100.0,261100.0
204,2021-10-19 06:44:37,63700.0,100.0,261000.0
205,2021-10-19 06:40:08,63700.0,2000.0,260900.0
206,2021-10-19 06:40:08,63700.0,500.0,258900.0
207,2021-10-19 06:39:29,63700.0,500.0,258400.0
208,2021-10-19 06:38:59,63700.0,900.0,257900.0
209,2021-10-19 06:38:59,63700.0,100.0,257000.0
210,2021-10-19 06:36:00,63700.0,200.0,256900.0
211,2021-10-19 06:36:00,63700.0,100.0,256700.0
212,2021-10-19 06:33:16,63700.0,100.0,256600.0
213,2021-10-19 06:33:16,63700.0,900.0,256500.0
214,2021-10-19 06:32:34,63700.0,900.0,255600.0
215,2021-10-19 06:32:34,63700.0,200.0,254700.0
216,2021-10-19 06:32:34,63700.0,1000.0,254500.0
217,2021-10-19 06:32:34,63700.0,900.0,253500.0
218,2021-10-19 06:24:44,63800.0,500.0,252600.0
219,2021-10-19 06:22:45,63800.0,200.0,252100.0
220,2021-10-19 06:22:34,63800.0,200.0,251900.0
221,2021-10-19 06:22:34,63800.0,1500.0,251700.0
222,2021-10-19 06:22:34,63800.0,800.0,250200.0
223,2021-10-19 06:15:55,63800.0,2000.0,249400.0
224,2021-10-19 06:15:55,63800.0,1400.0,247400.0
225,2021-10-19 06:14:33,63800.0,900.0,246000.0
226,2021-10-19 06:14:01,63800.0,100.0,245100.0
227,2021-10-19 06:11:34,63800.0,100.0,245000.0
228,2021-10-19 06:11:34,63800.0,500.0,244900.0
229,2021-10-19 06:09:31,63900.0,100.0,244400.0
230,2021-10-19 06:08:17,63900.0,8100.0,244300.0
231,2021-10-19 06:08:17,63900.0,100.0,236200.0
232,2021-10-19 06:08:17,63900.0,900.0,236100.0
233,2021-10-19 06:08:17,63800.0,900.0,235200.0
234,2021-10-19 06:06:25,63800.0,1000.0,234300.0
235,2021-10-19 06:06:25,63800.0,1100.0,233300.0
236,2021-10-19 06:04:04,63900.0,1000.0,232200.0
237,2021-10-19 06:03:08,63900.0,100.0,231200.0
238,2021-10-19 06:00:36,63800.0,800.0,231100.0
239,2021-10-19 06:00:32,63800.0,200.0,230300.0
240,2021-10-19 06:00:20,63800.0,200.0,230100.0
241,2021-10-19 06:00:01,63800.0,100.0,229900.0
242,2021-10-19 06:00:01,63800.0,700.0,229800.0
243,2021-10-19 06:00:01,63800.0,1000.0,229100.0
244,2021-10-19 06:00:00,63900.0,500.0,228100.0
245,2021-10-19 06:00:00,63900.0,200.0,227600.0
246,2021-10-19 04:29:47,63900.0,3000.0,227400.0
247,2021-10-19 04:29:08,63900.0,2300.0,224400.0
248,2021-10-19 04:29:04,63700.0,1300.0,222100.0
249,2021-10-19 04:28:54,63800.0,500.0,220800.0
250,2021-10-19 04:28:13,63800.0,900.0,220300.0
251,2021-10-19 04:26:10,63800.0,2100.0,219400.0
252,2021-10-19 04:26:10,63800.0,400.0,217300.0
253,2021-10-19 04:24:47,63700.0,200.0,216900.0
254,2021-10-19 04:21:00,63700.0,200.0,216700.0
255,2021-10-19 04:20:45,63800.0,900.0,216500.0
256,2021-10-19 04:19:58,63700.0,100.0,215600.0
257,2021-10-19 04:18:20,63700.0,100.0,215500.0
258,2021-10-19 04:16:28,63700.0,100.0,215400.0
259,2021-10-19 04:11:48,63700.0,2100.0,215300.0
260,2021-10-19 04:11:48,63700.0,200.0,213200.0
261,2021-10-19 04:11:48,63700.0,300.0,213000.0
262,2021-10-19 04:10:31,63700.0,100.0,212700.0
263,2021-10-19 04:06:19,63800.0,300.0,212600.0
264,2021-10-19 04:03:51,63700.0,100.0,212300.0
265,2021-10-19 04:00:38,63800.0,200.0,212200.0
266,2021-10-19 03:59:20,63800.0,300.0,212000.0
267,2021-10-19 03:59:01,63800.0,600.0,211700.0
268,2021-10-19 03:58:52,63800.0,300.0,211100.0
269,2021-10-19 03:58:52,63800.0,200.0,210800.0
270,2021-10-19 03:58:29,63800.0,100.0,210600.0
271,2021-10-19 03:58:03,63600.0,200.0,210500.0
272,2021-10-19 03:57:47,63600.0,100.0,210300.0
273,2021-10-19 03:57:47,63600.0,500.0,210200.0
274,2021-10-19 03:57:47,63600.0,100.0,209700.0
275,2021-10-19 03:57:47,63600.0,300.0,209600.0
276,2021-10-19 03:57:47,63600.0,100.0,209300.0
277,2021-10-19 03:57:47,63600.0,500.0,209200.0
278,2021-10-19 03:57:47,63700.0,200.0,208700.0
279,2021-10-19 03:56:48,63800.0,300.0,208500.0
280,2021-10-19 03:56:48,63800.0,600.0,208200.0
281,2021-10-19 03:56:48,63800.0,100.0,207600.0
282,2021-10-19 03:56:37,63800.0,300.0,207500.0
283,2021-10-19 03:56:37,63800.0,100.0,207200.0
284,2021-10-19 03:56:37,63800.0,100.0,207100.0
285,2021-10-19 03:52:34,63600.0,100.0,207000.0
286,2021-10-19 03:52:34,63600.0,200.0,206900.0
287,2021-10-19 03:52:25,63600.0,500.0,206700.0
288,2021-10-19 03:50:52,63500.0,100.0,206200.0
289,2021-10-19 03:50:17,63500.0,500.0,206100.0
290,2021-10-19 03:48:48,63400.0,300.0,205600.0
291,2021-10-19 03:48:15,63500.0,400.0,205300.0
292,2021-10-19 03:48:07,63500.0,600.0,204900.0
293,2021-10-19 03:47:29,63500.0,100.0,204300.0
294,2021-10-19 03:47:29,63500.0,300.0,204200.0
295,2021-10-19 03:46:58,63500.0,100.0,203900.0
296,2021-10-19 03:45:04,63500.0,200.0,203800.0
297,2021-10-19 03:44:55,63500.0,100.0,203600.0
298,2021-10-19 03:43:23,63500.0,100.0,203500.0
299,2021-10-19 03:43:23,63500.0,200.0,203400.0
300,2021-10-19 03:43:23,63500.0,100.0,203200.0
301,2021-10-19 03:43:23,63500.0,300.0,203100.0
302,2021-10-19 03:34:59,63500.0,100.0,202800.0
303,2021-10-19 03:34:05,63500.0,900.0,202700.0
304,2021-10-19 03:32:27,63500.0,100.0,201800.0
305,2021-10-19 03:32:27,63500.0,2000.0,201700.0
306,2021-10-19 03:32:27,63500.0,200.0,199700.0
307,2021-10-19 03:32:27,63500.0,100.0,199500.0
308,2021-10-19 03:32:27,63500.0,400.0,199400.0
309,2021-10-19 03:31:54,63500.0,600.0,199000.0
310,2021-10-19 03:31:54,63500.0,100.0,198400.0
311,2021-10-19 03:31:54,63500.0,300.0,198300.0
312,2021-10-19 03:27:57,63500.0,200.0,198000.0
313,2021-10-19 03:27:57,63500.0,200.0,197800.0
314,2021-10-19 03:27:48,63600.0,100.0,197600.0
315,2021-10-19 03:24:09,63500.0,200.0,197500.0
316,2021-10-19 03:24:09,63500.0,100.0,197300.0
317,2021-10-19 03:24:09,63500.0,200.0,197200.0
318,2021-10-19 03:22:22,63500.0,300.0,197000.0
319,2021-10-19 03:22:22,63500.0,200.0,196700.0
320,2021-10-19 03:19:37,63500.0,400.0,196500.0
321,2021-10-19 03:19:37,63500.0,100.0,196100.0
322,2021-10-19 03:19:05,63500.0,100.0,196000.0
323,2021-10-19 03:19:05,63500.0,200.0,195900.0
324,2021-10-19 03:19:05,63500.0,200.0,195700.0
325,2021-10-19 03:18:23,63500.0,600.0,195500.0
326,2021-10-19 03:17:24,63500.0,100.0,194900.0
327,2021-10-19 03:16:10,63500.0,100.0,194800.0
328,2021-10-19 03:12:29,63500.0,200.0,194700.0
329,2021-10-19 03:11:29,63600.0,100.0,194500.0
330,2021-10-19 03:10:13,63600.0,100.0,194400.0
331,2021-10-19 03:08:57,63300.0,2000.0,194300.0
332,2021-10-19 03:08:19,63300.0,300.0,192300.0
333,2021-10-19 03:08:19,63400.0,100.0,192000.0
334,2021-10-19 03:08:19,63400.0,100.0,191900.0
335,2021-10-19 03:06:47,63300.0,1200.0,191800.0
336,2021-10-19 03:06:47,63400.0,100.0,190600.0
337,2021-10-19 03:06:47,63500.0,300.0,190500.0
338,2021-10-19 03:06:47,63500.0,400.0,190200.0
339,2021-10-19 03:06:28,63600.0,1000.0,189800.0
340,2021-10-19 03:06:12,63500.0,500.0,188800.0
341,2021-10-19 03:06:12,63500.0,100.0,188300.0
342,2021-10-19 03:05:50,63500.0,400.0,188200.0
343,2021-10-19 03:05:13,63300.0,800.0,187800.0
344,2021-10-19 03:05:13,63300.0,500.0,187000.0
345,2021-10-19 03:05:13,63300.0,700.0,186500.0
346,2021-10-19 03:05:13,63300.0,10000.0,185800.0
347,2021-10-19 03:05:13,63300.0,500.0,175800.0
348,2021-10-19 03:04:13,63300.0,40000.0,175300.0
349,2021-10-19 03:04:00,63300.0,9500.0,135300.0
350,2021-10-19 03:04:00,63300.0,200.0,125800.0
351,2021-10-19 03:04:00,63300.0,1000.0,125600.0
352,2021-10-19 03:04:00,63300.0,200.0,124600.0
353,2021-10-19 03:04:00,63300.0,100.0,124400.0
354,2021-10-19 03:04:00,63300.0,10000.0,124300.0
355,2021-10-19 03:04:00,63300.0,100.0,114300.0
356,2021-10-19 03:04:00,63400.0,500.0,114200.0
357,2021-10-19 03:04:00,63400.0,5000.0,113700.0
358,2021-10-19 03:04:00,63400.0,100.0,108700.0
359,2021-10-19 03:04:00,63400.0,800.0,108600.0
360,2021-10-19 03:04:00,63400.0,100.0,107800.0
361,2021-10-19 03:04:00,63500.0,200.0,107700.0
362,2021-10-19 03:04:00,63500.0,200.0,107500.0
363,2021-10-19 03:04:00,63500.0,200.0,107300.0
364,2021-10-19 03:04:00,63500.0,500.0,107100.0
365,2021-10-19 03:04:00,63500.0,100.0,106600.0
366,2021-10-19 03:04:00,63500.0,100.0,106500.0
367,2021-10-19 03:04:00,63500.0,500.0,106400.0
368,2021-10-19 03:04:00,63500.0,9200.0,105900.0
369,2021-10-19 03:04:00,63600.0,500.0,96700.0
370,2021-10-19 03:04:00,63600.0,100.0,96200.0
371,2021-10-19 03:04:00,63600.0,500.0,96100.0
372,2021-10-19 03:04:00,63600.0,100.0,95600.0
373,2021-10-19 03:04:00,63600.0,200.0,95500.0
374,2021-10-19 03:02:10,63600.0,100.0,95300.0
375,2021-10-19 03:02:10,63600.0,400.0,95200.0
376,2021-10-19 03:00:20,63600.0,100.0,94800.0
377,2021-10-19 03:00:20,63600.0,900.0,94700.0
378,2021-10-19 02:59:49,63600.0,100.0,93800.0
379,2021-10-19 02:59:49,63600.0,100.0,93700.0
380,2021-10-19 02:59:11,63600.0,400.0,93600.0
381,2021-10-19 02:58:50,63600.0,100.0,93200.0
382,2021-10-19 02:57:39,63800.0,200.0,93100.0
383,2021-10-19 02:57:08,63500.0,800.0,92900.0
384,2021-10-19 02:57:08,63500.0,100.0,92100.0
385,2021-10-19 02:57:08,63500.0,100.0,92000.0
386,2021-10-19 02:57:08,63600.0,100.0,91900.0
387,2021-10-19 02:57:08,63600.0,200.0,91800.0
388,2021-10-19 02:57:08,63600.0,1700.0,91600.0
389,2021-10-19 02:57:08,63600.0,500.0,89900.0
390,2021-10-19 02:55:19,63600.0,300.0,89400.0
391,2021-10-19 02:54:55,63600.0,400.0,89100.0
392,2021-10-19 02:54:55,63600.0,500.0,88700.0
393,2021-10-19 02:53:57,63800.0,100.0,88200.0
394,2021-10-19 02:53:57,63700.0,400.0,88100.0
395,2021-10-19 02:53:48,63700.0,100.0,87700.0
396,2021-10-19 02:53:38,63700.0,200.0,87600.0
397,2021-10-19 02:50:03,63500.0,200.0,87400.0
398,2021-10-19 02:50:03,63500.0,1300.0,87200.0
399,2021-10-19 02:50:03,63600.0,100.0,85900.0
400,2021-10-19 02:50:03,63600.0,100.0,85800.0
401,2021-10-19 02:50:03,63600.0,600.0,85700.0
402,2021-10-19 02:50:03,63600.0,100.0,85100.0
403,2021-10-19 02:50:03,63600.0,100.0,85000.0
404,2021-10-19 02:50:03,63600.0,200.0,84900.0
405,2021-10-19 02:50:03,63700.0,100.0,84700.0
406,2021-10-19 02:50:03,63700.0,200.0,84600.0
407,2021-10-19 02:49:00,63800.0,100.0,84400.0
408,2021-10-19 02:48:08,63800.0,100.0,84300.0
409,2021-10-19 02:46:21,63900.0,300.0,84200.0
410,2021-10-19 02:45:55,63900.0,200.0,83900.0
411,2021-10-19 02:45:37,63900.0,500.0,83700.0
412,2021-10-19 02:44:52,63800.0,100.0,83200.0
413,2021-10-19 02:44:31,63800.0,200.0,83100.0
414,2021-10-19 02:41:33,63700.0,400.0,82900.0
415,2021-10-19 02:41:02,63700.0,100.0,82500.0
416,2021-10-19 02:40:50,63700.0,200.0,82400.0
417,2021-10-19 02:38:45,63600.0,100.0,82200.0
418,2021-10-19 02:37:16,63600.0,800.0,82100.0
419,2021-10-19 02:34:55,63500.0,700.0,81300.0
420,2021-10-19 02:34:55,63500.0,600.0,80600.0
421,2021-10-19 02:31:57,63500.0,400.0,80000.0
422,2021-10-19 02:31:57,63600.0,1200.0,79600.0
423,2021-10-19 02:31:57,63600.0,200.0,78400.0
424,2021-10-19 02:31:57,63600.0,200.0,78200.0
425,2021-10-19 02:30:15,63600.0,500.0,78000.0
426,2021-10-19 02:29:49,63600.0,1000.0,77500.0
427,2021-10-19 02:29:49,63600.0,300.0,76500.0
428,2021-10-19 02:28:32,63600.0,500.0,76200.0
429,2021-10-19 02:27:34,63200.0,400.0,75700.0
430,2021-10-19 02:27:34,63500.0,100.0,75300.0
431,2021-10-19 02:27:34,63500.0,100.0,75200.0
432,2021-10-19 02:27:34,63500.0,200.0,75100.0
433,2021-10-19 02:27:34,63500.0,200.0,74900.0
434,2021-10-19 02:26:33,63500.0,500.0,74700.0
435,2021-10-19 02:26:33,63500.0,1000.0,74200.0
436,2021-10-19 02:25:22,63500.0,1100.0,73200.0
437,2021-10-19 02:25:07,63600.0,300.0,72100.0
438,2021-10-19 02:24:50,63600.0,100.0,71800.0
439,2021-10-19 02:23:55,63500.0,2900.0,71700.0
440,2021-10-19 02:23:46,63500.0,100.0,68800.0
441,2021-10-19 02:23:46,63500.0,3900.0,68700.0
442,2021-10-19 02:23:46,63500.0,300.0,64800.0
443,2021-10-19 02:23:46,63500.0,2000.0,64500.0
444,2021-10-19 02:23:46,63500.0,600.0,62500.0
445,2021-10-19 02:23:46,63400.0,400.0,61900.0
446,2021-10-19 02:23:46,63400.0,1900.0,61500.0
447,2021-10-19 02:23:46,63300.0,800.0,59600.0
448,2021-10-19 02:23:42,63100.0,1000.0,58800.0
449,2021-10-19 02:23:17,63100.0,2000.0,57800.0
450,2021-10-19 02:22:51,63100.0,1900.0,55800.0
451,2021-10-19 02:22:27,63100.0,4000.0,53900.0
452,2021-10-19 02:22:14,63100.0,100.0,49900.0
453,2021-10-19 02:22:12,63100.0,1000.0,49800.0
454,2021-10-19 02:21:58,63200.0,800.0,48800.0
455,2021-10-19 02:21:58,63200.0,500.0,48000.0
456,2021-10-19 02:21:58,63200.0,400.0,47500.0
457,2021-10-19 02:21:58,63200.0,300.0,47100.0
458,2021-10-19 02:21:37,63400.0,100.0,46800.0
459,2021-10-19 02:21:14,63400.0,300.0,46700.0
460,2021-10-19 02:21:14,63400.0,1000.0,46400.0
461,2021-10-19 02:21:14,63400.0,700.0,45400.0
462,2021-10-19 02:21:07,63500.0,100.0,44700.0
463,2021-10-19 02:20:56,63400.0,1100.0,44600.0
464,2021-10-19 02:20:56,63400.0,100.0,43500.0
465,2021-10-19 02:20:42,63500.0,100.0,43400.0
466,2021-10-19 02:19:39,63500.0,100.0,43300.0
467,2021-10-19 02:19:39,63600.0,1000.0,43200.0
468,2021-10-19 02:19:31,63500.0,100.0,42200.0
469,2021-10-19 02:19:31,63500.0,700.0,42100.0
470,2021-10-19 02:19:31,63500.0,1200.0,41400.0
471,2021-10-19 02:19:11,63500.0,300.0,40200.0
472,2021-10-19 02:19:11,63500.0,200.0,39900.0
473,2021-10-19 02:19:11,63500.0,100.0,39700.0
474,2021-10-19 02:19:11,63500.0,400.0,39600.0
475,2021-10-19 02:19:11,63500.0,1000.0,39200.0
476,2021-10-19 02:18:41,63600.0,100.0,38200.0
477,2021-10-19 02:16:21,63600.0,200.0,38100.0
478,2021-10-19 02:15:00,63600.0,32500.0,37900.0
479,2021-10-19 02:15:00,63600.0,200.0,5400.0
480,2021-10-19 02:15:00,63600.0,2300.0,5200.0
481,2021-10-19 02:15:00,63600.0,600.0,2900.0
482,2021-10-19 02:15:00,63600.0,100.0,2300.0
483,2021-10-19 02:15:00,63600.0,100.0,2200.0
484,2021-10-19 02:15:00,63600.0,100.0,2100.0
485,2021-10-19 02:15:00,63600.0,100.0,2000.0
486,2021-10-19 02:15:00,63600.0,100.0,1900.0
487,2021-10-19 02:15:00,63600.0,100.0,1800.0
488,2021-10-19 02:15:00,63600.0,600.0,1700.0
489,2021-10-19 02:15:00,63600.0,100.0,1100.0
490,2021-10-19 02:15:00,63600.0,1000.0,1000.0
