,Time,Price,Volume_per_trade,Volume
0,2021-10-07 14:45:01,10900.0,71500.0,2279871.0
1,2021-10-07 14:29:50,11000.0,2000.0,2208371.0
2,2021-10-07 14:29:43,11000.0,100.0,2206371.0
3,2021-10-07 14:29:15,10900.0,100.0,2206271.0
4,2021-10-07 14:29:11,10900.0,30500.0,2206171.0
5,2021-10-07 14:29:09,11000.0,61800.0,2175671.0
6,2021-10-07 14:29:04,10900.0,2000.0,2113871.0
7,2021-10-07 14:28:54,10900.0,17000.0,2111871.0
8,2021-10-07 14:28:53,11000.0,2500.0,2094871.0
9,2021-10-07 14:28:44,11000.0,100.0,2092371.0
10,2021-10-07 14:28:19,11000.0,50.0,2092271.0
11,2021-10-07 14:28:18,11000.0,1000.0,2092221.0
12,2021-10-07 14:27:59,11000.0,300.0,2091221.0
13,2021-10-07 14:27:47,11000.0,2700.0,2090921.0
14,2021-10-07 14:27:41,11000.0,1000.0,2088221.0
15,2021-10-07 14:27:30,11000.0,200.0,2087221.0
16,2021-10-07 14:27:12,11000.0,3000.0,2087021.0
17,2021-10-07 14:27:08,10900.0,500.0,2084021.0
18,2021-10-07 14:26:45,10900.0,100.0,2083521.0
19,2021-10-07 14:26:38,10900.0,800.0,2083421.0
20,2021-10-07 14:25:20,10900.0,2000.0,2082621.0
21,2021-10-07 14:24:49,10900.0,500.0,2080621.0
22,2021-10-07 14:24:13,10900.0,100.0,2080121.0
23,2021-10-07 14:23:19,10900.0,500.0,2080021.0
24,2021-10-07 14:23:09,10900.0,700.0,2079521.0
25,2021-10-07 14:22:46,10900.0,1000.0,2078821.0
26,2021-10-07 14:22:17,10900.0,1500.0,2077821.0
27,2021-10-07 14:21:56,10900.0,700.0,2076321.0
28,2021-10-07 14:21:09,10900.0,1000.0,2075621.0
29,2021-10-07 14:19:54,10900.0,800.0,2074621.0
30,2021-10-07 14:19:51,11000.0,900.0,2073821.0
31,2021-10-07 14:19:11,11000.0,500.0,2072921.0
32,2021-10-07 14:19:08,11000.0,1000.0,2072421.0
33,2021-10-07 14:18:46,11000.0,400.0,2071421.0
34,2021-10-07 14:18:44,11000.0,1000.0,2071021.0
35,2021-10-07 14:18:33,11000.0,300.0,2070021.0
36,2021-10-07 14:18:11,11000.0,100.0,2069721.0
37,2021-10-07 14:17:38,10900.0,2000.0,2069621.0
38,2021-10-07 14:17:24,10900.0,3000.0,2067621.0
39,2021-10-07 14:17:20,10900.0,2000.0,2064621.0
40,2021-10-07 14:17:06,10900.0,200.0,2062621.0
41,2021-10-07 14:17:05,10900.0,100.0,2062421.0
42,2021-10-07 14:17:01,10900.0,500.0,2062321.0
43,2021-10-07 14:16:49,10900.0,1000.0,2061821.0
44,2021-10-07 14:16:30,10900.0,500.0,2060821.0
45,2021-10-07 14:16:20,10900.0,2300.0,2060321.0
46,2021-10-07 14:16:19,10900.0,1000.0,2058021.0
47,2021-10-07 14:16:05,10900.0,2000.0,2057021.0
48,2021-10-07 14:16:00,10900.0,500.0,2055021.0
49,2021-10-07 14:15:57,10900.0,500.0,2054521.0
50,2021-10-07 14:15:54,10900.0,100.0,2054021.0
51,2021-10-07 14:15:53,10900.0,3000.0,2053921.0
52,2021-10-07 14:15:39,10900.0,3000.0,2050921.0
53,2021-10-07 14:15:34,10900.0,4000.0,2047921.0
54,2021-10-07 14:15:30,10900.0,500.0,2043921.0
55,2021-10-07 14:15:29,10800.0,1500.0,2043421.0
56,2021-10-07 14:15:13,10900.0,300.0,2041921.0
57,2021-10-07 14:15:01,10900.0,500.0,2041621.0
58,2021-10-07 14:14:37,10900.0,500.0,2041121.0
59,2021-10-07 14:14:19,10900.0,500.0,2040621.0
60,2021-10-07 14:14:04,10900.0,500.0,2040121.0
61,2021-10-07 14:13:56,10900.0,2200.0,2039621.0
62,2021-10-07 14:13:55,10900.0,30000.0,2037421.0
63,2021-10-07 14:13:15,10900.0,100.0,2007421.0
64,2021-10-07 14:13:02,10900.0,100.0,2007321.0
65,2021-10-07 14:12:39,10900.0,13600.0,2007221.0
66,2021-10-07 14:11:30,10900.0,2000.0,1993621.0
67,2021-10-07 14:11:28,10900.0,40000.0,1991621.0
68,2021-10-07 14:11:25,10900.0,1000.0,1951621.0
69,2021-10-07 14:10:06,10900.0,800.0,1950621.0
70,2021-10-07 14:07:30,10900.0,1000.0,1949821.0
71,2021-10-07 14:06:40,10900.0,56000.0,1948821.0
72,2021-10-07 14:05:45,11000.0,5000.0,1892821.0
73,2021-10-07 14:04:34,10900.0,1000.0,1887821.0
74,2021-10-07 14:02:00,11000.0,100.0,1886821.0
75,2021-10-07 14:01:55,11000.0,300.0,1886721.0
76,2021-10-07 14:01:50,10900.0,2000.0,1886421.0
77,2021-10-07 14:01:26,11000.0,100.0,1884421.0
78,2021-10-07 14:00:46,11000.0,2600.0,1884321.0
79,2021-10-07 13:59:47,11000.0,13.0,1881721.0
80,2021-10-07 13:59:19,11000.0,100.0,1881708.0
81,2021-10-07 13:58:57,11000.0,50.0,1881608.0
82,2021-10-07 13:57:54,11000.0,4200.0,1881558.0
83,2021-10-07 13:57:33,11000.0,500.0,1877358.0
84,2021-10-07 13:57:28,10900.0,100.0,1876858.0
85,2021-10-07 13:56:22,11000.0,200.0,1876758.0
86,2021-10-07 13:56:18,10900.0,1000.0,1876558.0
87,2021-10-07 13:56:08,10900.0,1600.0,1875558.0
88,2021-10-07 13:54:33,10900.0,600.0,1873958.0
89,2021-10-07 13:53:45,10900.0,500.0,1873358.0
90,2021-10-07 13:53:08,10900.0,1000.0,1872858.0
91,2021-10-07 13:52:24,10900.0,4000.0,1871858.0
92,2021-10-07 13:51:41,11000.0,100.0,1867858.0
93,2021-10-07 13:51:24,11000.0,400.0,1867758.0
94,2021-10-07 13:50:54,11000.0,1700.0,1867358.0
95,2021-10-07 13:50:39,11000.0,5000.0,1865658.0
96,2021-10-07 13:50:32,11000.0,100.0,1860658.0
97,2021-10-07 13:48:34,11000.0,50000.0,1860558.0
98,2021-10-07 13:47:43,10900.0,200.0,1810558.0
99,2021-10-07 13:47:23,10900.0,400.0,1810358.0
100,2021-10-07 13:47:01,10900.0,6000.0,1809958.0
101,2021-10-07 13:47:00,10900.0,2600.0,1803958.0
102,2021-10-07 13:46:35,10900.0,3700.0,1801358.0
103,2021-10-07 13:46:27,10900.0,100.0,1797658.0
104,2021-10-07 13:46:22,10900.0,4000.0,1797558.0
105,2021-10-07 13:44:05,10900.0,1500.0,1793558.0
106,2021-10-07 13:43:00,10900.0,1500.0,1792058.0
107,2021-10-07 13:42:31,10900.0,100.0,1790558.0
108,2021-10-07 13:42:23,10900.0,7000.0,1790458.0
109,2021-10-07 13:42:17,10900.0,10000.0,1783458.0
110,2021-10-07 13:41:53,10900.0,800.0,1773458.0
111,2021-10-07 13:41:45,10900.0,80.0,1772658.0
112,2021-10-07 13:41:11,10900.0,10000.0,1772578.0
113,2021-10-07 13:41:04,10900.0,300.0,1762578.0
114,2021-10-07 13:40:46,10900.0,1200.0,1762278.0
115,2021-10-07 13:40:37,10900.0,100.0,1761078.0
116,2021-10-07 13:40:32,10900.0,1000.0,1760978.0
117,2021-10-07 13:40:31,10900.0,500.0,1759978.0
118,2021-10-07 13:40:30,10900.0,1200.0,1759478.0
119,2021-10-07 13:40:18,10900.0,4700.0,1758278.0
120,2021-10-07 13:40:17,10900.0,700.0,1753578.0
121,2021-10-07 13:40:14,10900.0,300.0,1752878.0
122,2021-10-07 13:40:11,10900.0,5000.0,1752578.0
123,2021-10-07 13:40:08,10900.0,100.0,1747578.0
124,2021-10-07 13:39:46,10900.0,400.0,1747478.0
125,2021-10-07 13:39:44,10900.0,1500.0,1747078.0
126,2021-10-07 13:39:43,10800.0,11700.0,1745578.0
127,2021-10-07 13:39:38,10900.0,42300.0,1733878.0
128,2021-10-07 13:38:58,10900.0,50000.0,1691578.0
129,2021-10-07 13:38:14,10900.0,500.0,1641578.0
130,2021-10-07 13:38:02,10900.0,10700.0,1641078.0
131,2021-10-07 13:37:46,10900.0,7000.0,1630378.0
132,2021-10-07 13:37:39,11000.0,2000.0,1623378.0
133,2021-10-07 13:37:33,10900.0,400.0,1621378.0
134,2021-10-07 13:37:14,11000.0,1000.0,1620978.0
135,2021-10-07 13:35:49,11000.0,200.0,1619978.0
136,2021-10-07 13:35:41,11000.0,1000.0,1619778.0
137,2021-10-07 13:35:27,11000.0,2600.0,1618778.0
138,2021-10-07 13:35:01,11000.0,4000.0,1616178.0
139,2021-10-07 13:34:38,11000.0,2300.0,1612178.0
140,2021-10-07 13:34:36,11000.0,800.0,1609878.0
141,2021-10-07 13:34:30,10900.0,11500.0,1609078.0
142,2021-10-07 13:34:25,11000.0,500.0,1597578.0
143,2021-10-07 13:34:20,11000.0,500.0,1597078.0
144,2021-10-07 13:34:11,10900.0,30000.0,1596578.0
145,2021-10-07 13:34:10,11000.0,900.0,1566578.0
146,2021-10-07 13:34:07,11000.0,100.0,1565678.0
147,2021-10-07 13:33:46,11000.0,100.0,1565578.0
148,2021-10-07 13:33:43,11000.0,2000.0,1565478.0
149,2021-10-07 13:33:37,11000.0,1000.0,1563478.0
150,2021-10-07 13:33:22,11000.0,1500.0,1562478.0
151,2021-10-07 13:33:07,11000.0,500.0,1560978.0
152,2021-10-07 13:33:02,11000.0,800.0,1560478.0
153,2021-10-07 13:33:01,11000.0,2300.0,1559678.0
154,2021-10-07 13:32:55,11000.0,1600.0,1557378.0
155,2021-10-07 13:32:52,11000.0,5000.0,1555778.0
156,2021-10-07 13:32:33,11000.0,50000.0,1550778.0
157,2021-10-07 13:32:23,11000.0,6000.0,1500778.0
158,2021-10-07 13:32:22,11000.0,300.0,1494778.0
159,2021-10-07 13:32:21,11000.0,600.0,1494478.0
160,2021-10-07 13:31:38,11000.0,200.0,1493878.0
161,2021-10-07 13:31:31,11000.0,50000.0,1493678.0
162,2021-10-07 13:31:17,11000.0,23900.0,1443678.0
163,2021-10-07 13:30:03,11100.0,5000.0,1419778.0
164,2021-10-07 13:30:00,11000.0,18700.0,1414778.0
165,2021-10-07 13:29:07,11000.0,1000.0,1396078.0
166,2021-10-07 13:28:55,11000.0,500.0,1395078.0
167,2021-10-07 13:28:50,11000.0,300.0,1394578.0
168,2021-10-07 13:28:48,11000.0,300.0,1394278.0
169,2021-10-07 13:28:24,11000.0,2000.0,1393978.0
170,2021-10-07 13:28:13,11000.0,2800.0,1391978.0
171,2021-10-07 13:28:08,11000.0,500.0,1389178.0
172,2021-10-07 13:28:02,11000.0,1000.0,1388678.0
173,2021-10-07 13:27:47,11000.0,3000.0,1387678.0
174,2021-10-07 13:27:04,11000.0,7600.0,1384678.0
175,2021-10-07 13:26:58,11100.0,500.0,1377078.0
176,2021-10-07 13:26:57,11000.0,20000.0,1376578.0
177,2021-10-07 13:26:40,11100.0,500.0,1356578.0
178,2021-10-07 13:26:23,11100.0,500.0,1356078.0
179,2021-10-07 13:25:52,11100.0,100.0,1355578.0
180,2021-10-07 13:25:38,11000.0,200.0,1355478.0
181,2021-10-07 13:25:28,11000.0,22500.0,1355278.0
182,2021-10-07 13:25:23,11000.0,100.0,1332778.0
183,2021-10-07 13:23:49,11000.0,100.0,1332678.0
184,2021-10-07 13:23:08,11000.0,1000.0,1332578.0
185,2021-10-07 13:21:55,10900.0,900.0,1331578.0
186,2021-10-07 13:21:08,11000.0,1000.0,1330678.0
187,2021-10-07 13:20:49,11000.0,100.0,1329678.0
188,2021-10-07 13:19:58,11000.0,200.0,1329578.0
189,2021-10-07 13:19:08,11000.0,100.0,1329378.0
190,2021-10-07 13:19:06,11000.0,500.0,1329278.0
191,2021-10-07 13:18:54,11000.0,100.0,1328778.0
192,2021-10-07 13:18:38,11000.0,1000.0,1328678.0
193,2021-10-07 13:17:57,11000.0,200.0,1327678.0
194,2021-10-07 13:17:56,11000.0,9000.0,1327478.0
195,2021-10-07 13:17:49,11000.0,300.0,1318478.0
196,2021-10-07 13:17:35,11000.0,3100.0,1318178.0
197,2021-10-07 13:16:57,11000.0,2000.0,1315078.0
198,2021-10-07 13:16:25,11000.0,800.0,1313078.0
199,2021-10-07 13:15:40,11000.0,100.0,1312278.0
200,2021-10-07 13:15:22,11000.0,5000.0,1312178.0
201,2021-10-07 13:14:55,11000.0,2000.0,1307178.0
202,2021-10-07 13:14:27,11000.0,100.0,1305178.0
203,2021-10-07 13:14:04,11000.0,8000.0,1305078.0
204,2021-10-07 13:13:56,11000.0,10000.0,1297078.0
205,2021-10-07 13:13:44,11000.0,3000.0,1287078.0
206,2021-10-07 13:13:02,11100.0,100.0,1284078.0
207,2021-10-07 13:09:38,11100.0,100.0,1283978.0
208,2021-10-07 13:08:48,11100.0,800.0,1283878.0
209,2021-10-07 13:08:16,11000.0,500.0,1283078.0
210,2021-10-07 13:07:20,11000.0,100.0,1282578.0
211,2021-10-07 13:06:18,11000.0,800.0,1282478.0
212,2021-10-07 13:05:47,11000.0,3000.0,1281678.0
213,2021-10-07 13:05:40,11000.0,500.0,1278678.0
214,2021-10-07 13:05:36,11000.0,200.0,1278178.0
215,2021-10-07 13:05:09,11000.0,1300.0,1277978.0
216,2021-10-07 13:05:02,11000.0,4000.0,1276678.0
217,2021-10-07 13:04:56,11000.0,300.0,1272678.0
218,2021-10-07 13:04:50,11000.0,1200.0,1272378.0
219,2021-10-07 13:04:29,11000.0,200.0,1271178.0
220,2021-10-07 13:04:03,11000.0,1000.0,1270978.0
221,2021-10-07 13:03:50,11000.0,2000.0,1269978.0
222,2021-10-07 13:03:28,11000.0,1000.0,1267978.0
223,2021-10-07 13:03:27,11000.0,18.0,1266978.0
224,2021-10-07 13:02:09,11000.0,200.0,1266960.0
225,2021-10-07 13:02:07,11000.0,5000.0,1266760.0
226,2021-10-07 13:01:54,11000.0,100.0,1261760.0
227,2021-10-07 13:01:32,11000.0,100.0,1261660.0
228,2021-10-07 13:00:50,11000.0,500.0,1261560.0
229,2021-10-07 13:00:33,11000.0,100.0,1261060.0
230,2021-10-07 13:00:18,11000.0,3200.0,1260960.0
231,2021-10-07 13:00:09,11000.0,1000.0,1257760.0
232,2021-10-07 13:00:05,11000.0,200.0,1256760.0
233,2021-10-07 13:00:04,11000.0,500.0,1256560.0
234,2021-10-07 13:00:03,11000.0,12700.0,1256060.0
235,2021-10-07 13:00:02,11000.0,1900.0,1243360.0
236,2021-10-07 11:30:01,11000.0,500.0,1241460.0
237,2021-10-07 11:29:49,10900.0,1300.0,1240960.0
238,2021-10-07 11:29:37,11000.0,200.0,1239660.0
239,2021-10-07 11:29:22,11000.0,3000.0,1239460.0
240,2021-10-07 11:29:02,11000.0,1000.0,1236460.0
241,2021-10-07 11:28:19,11000.0,1000.0,1235460.0
242,2021-10-07 11:27:17,11000.0,100.0,1234460.0
243,2021-10-07 11:27:09,11000.0,400.0,1234360.0
244,2021-10-07 11:27:05,11000.0,500.0,1233960.0
245,2021-10-07 11:26:53,11000.0,100.0,1233460.0
246,2021-10-07 11:26:39,11000.0,500.0,1233360.0
247,2021-10-07 11:26:31,11000.0,6400.0,1232860.0
248,2021-10-07 11:25:53,11000.0,2000.0,1226460.0
249,2021-10-07 11:25:47,11000.0,100.0,1224460.0
250,2021-10-07 11:25:12,11000.0,2800.0,1224360.0
251,2021-10-07 11:24:55,10900.0,1100.0,1221560.0
252,2021-10-07 11:24:37,10900.0,6000.0,1220460.0
253,2021-10-07 11:23:52,10900.0,10000.0,1214460.0
254,2021-10-07 11:23:48,11000.0,100.0,1204460.0
255,2021-10-07 11:23:32,11000.0,2100.0,1204360.0
256,2021-10-07 11:20:23,11000.0,2500.0,1202260.0
257,2021-10-07 11:19:19,11000.0,3000.0,1199760.0
258,2021-10-07 11:18:30,11000.0,6900.0,1196760.0
259,2021-10-07 11:18:08,11000.0,100.0,1189860.0
260,2021-10-07 11:17:30,11000.0,1200.0,1189760.0
261,2021-10-07 11:16:41,11000.0,1000.0,1188560.0
262,2021-10-07 11:16:35,11000.0,1000.0,1187560.0
263,2021-10-07 11:15:45,11000.0,1000.0,1186560.0
264,2021-10-07 11:15:33,11000.0,23000.0,1185560.0
265,2021-10-07 11:15:20,11000.0,8000.0,1162560.0
266,2021-10-07 11:15:08,11000.0,500.0,1154560.0
267,2021-10-07 11:13:52,11000.0,600.0,1154060.0
268,2021-10-07 11:13:33,11000.0,50000.0,1153460.0
269,2021-10-07 11:12:43,11000.0,3000.0,1103460.0
270,2021-10-07 11:12:11,11000.0,1000.0,1100460.0
271,2021-10-07 11:11:48,11000.0,11000.0,1099460.0
272,2021-10-07 11:11:36,11000.0,10000.0,1088460.0
273,2021-10-07 11:11:19,11100.0,1000.0,1078460.0
274,2021-10-07 11:10:54,11000.0,1000.0,1077460.0
275,2021-10-07 11:09:56,11000.0,200.0,1076460.0
276,2021-10-07 11:08:52,11000.0,100.0,1076260.0
277,2021-10-07 11:08:40,11000.0,600.0,1076160.0
278,2021-10-07 11:07:45,11000.0,6000.0,1075560.0
279,2021-10-07 11:07:36,11000.0,100.0,1069560.0
280,2021-10-07 11:07:34,11100.0,1200.0,1069460.0
281,2021-10-07 11:06:59,11000.0,600.0,1068260.0
282,2021-10-07 11:06:24,11000.0,1500.0,1067660.0
283,2021-10-07 11:06:01,10900.0,11300.0,1066160.0
284,2021-10-07 11:06:00,10900.0,28700.0,1054860.0
285,2021-10-07 11:05:32,11000.0,300.0,1026160.0
286,2021-10-07 11:05:26,11000.0,100.0,1025860.0
287,2021-10-07 11:05:13,11000.0,400.0,1025760.0
288,2021-10-07 11:05:07,11000.0,1000.0,1025360.0
289,2021-10-07 11:05:00,11000.0,2000.0,1024360.0
290,2021-10-07 11:04:55,11000.0,2000.0,1022360.0
291,2021-10-07 11:04:46,11000.0,6000.0,1020360.0
292,2021-10-07 11:04:40,11000.0,5000.0,1014360.0
293,2021-10-07 11:04:09,11000.0,1000.0,1009360.0
294,2021-10-07 11:03:52,11000.0,100.0,1008360.0
295,2021-10-07 11:03:39,11000.0,700.0,1008260.0
296,2021-10-07 11:03:22,11000.0,1900.0,1007560.0
297,2021-10-07 11:03:00,11000.0,200.0,1005660.0
298,2021-10-07 11:02:36,11000.0,1000.0,1005460.0
299,2021-10-07 11:02:19,11000.0,2000.0,1004460.0
300,2021-10-07 11:01:45,11000.0,700.0,1002460.0
301,2021-10-07 11:01:05,11000.0,100.0,1001760.0
302,2021-10-07 11:00:55,11000.0,100.0,1001660.0
303,2021-10-07 11:00:43,11000.0,100.0,1001560.0
304,2021-10-07 11:00:41,11000.0,1000.0,1001460.0
305,2021-10-07 11:00:21,11000.0,300.0,1000460.0
306,2021-10-07 10:59:52,11000.0,800.0,1000160.0
307,2021-10-07 10:59:32,10900.0,200.0,999360.0
308,2021-10-07 10:59:25,11000.0,100.0,999160.0
309,2021-10-07 10:59:15,11000.0,100.0,999060.0
310,2021-10-07 10:59:03,11000.0,100.0,998960.0
311,2021-10-07 10:58:54,10900.0,100.0,998860.0
312,2021-10-07 10:58:50,11000.0,4500.0,998760.0
313,2021-10-07 10:58:46,11000.0,1600.0,994260.0
314,2021-10-07 10:58:42,11000.0,900.0,992660.0
315,2021-10-07 10:58:39,11000.0,3500.0,991760.0
316,2021-10-07 10:58:37,11000.0,100.0,988260.0
317,2021-10-07 10:57:47,11000.0,500.0,988160.0
318,2021-10-07 10:57:37,11000.0,7900.0,987660.0
319,2021-10-07 10:57:31,11000.0,3000.0,979760.0
320,2021-10-07 10:56:55,11000.0,200.0,976760.0
321,2021-10-07 10:56:48,11000.0,5000.0,976560.0
322,2021-10-07 10:56:42,11000.0,1000.0,971560.0
323,2021-10-07 10:56:22,11000.0,3000.0,970560.0
324,2021-10-07 10:56:14,10900.0,2600.0,967560.0
325,2021-10-07 10:54:58,11000.0,2000.0,964960.0
326,2021-10-07 10:54:37,11000.0,800.0,962960.0
327,2021-10-07 10:54:32,11000.0,1000.0,962160.0
328,2021-10-07 10:54:31,11000.0,33600.0,961160.0
329,2021-10-07 10:54:28,11000.0,3100.0,927560.0
330,2021-10-07 10:54:20,11100.0,10000.0,924460.0
331,2021-10-07 10:53:38,11100.0,100.0,914460.0
332,2021-10-07 10:53:00,11100.0,800.0,914360.0
333,2021-10-07 10:52:37,11100.0,1000.0,913560.0
334,2021-10-07 10:51:01,11000.0,900.0,912560.0
335,2021-10-07 10:48:51,11000.0,3100.0,911660.0
336,2021-10-07 10:48:36,11000.0,3000.0,908560.0
337,2021-10-07 10:48:20,11000.0,10000.0,905560.0
338,2021-10-07 10:46:57,11000.0,200.0,895560.0
339,2021-10-07 10:46:33,11000.0,1000.0,895360.0
340,2021-10-07 10:46:22,11000.0,100.0,894360.0
341,2021-10-07 10:45:56,10900.0,23400.0,894260.0
342,2021-10-07 10:45:26,11000.0,6600.0,870860.0
343,2021-10-07 10:45:11,11000.0,100.0,864260.0
344,2021-10-07 10:44:47,11000.0,200.0,864160.0
345,2021-10-07 10:44:40,11000.0,100.0,863960.0
346,2021-10-07 10:44:23,11000.0,200.0,863860.0
347,2021-10-07 10:43:57,11000.0,100.0,863660.0
348,2021-10-07 10:43:42,11000.0,100.0,863560.0
349,2021-10-07 10:43:34,11000.0,100.0,863460.0
350,2021-10-07 10:43:32,11000.0,100.0,863360.0
351,2021-10-07 10:43:04,10900.0,10000.0,863260.0
352,2021-10-07 10:42:51,11000.0,2000.0,853260.0
353,2021-10-07 10:42:35,11000.0,11500.0,851260.0
354,2021-10-07 10:42:28,11000.0,10000.0,839760.0
355,2021-10-07 10:42:14,11000.0,13100.0,829760.0
356,2021-10-07 10:42:03,11000.0,1000.0,816660.0
357,2021-10-07 10:41:22,11000.0,100.0,815660.0
358,2021-10-07 10:41:09,11000.0,16000.0,815560.0
359,2021-10-07 10:40:49,11000.0,3600.0,799560.0
360,2021-10-07 10:40:46,11000.0,100.0,795960.0
361,2021-10-07 10:40:32,11000.0,1200.0,795860.0
362,2021-10-07 10:40:20,11000.0,1000.0,794660.0
363,2021-10-07 10:39:54,11000.0,300.0,793660.0
364,2021-10-07 10:39:29,11000.0,1100.0,793360.0
365,2021-10-07 10:39:23,11000.0,1000.0,792260.0
366,2021-10-07 10:39:04,11000.0,4300.0,791260.0
367,2021-10-07 10:39:01,11000.0,500.0,786960.0
368,2021-10-07 10:38:55,10900.0,400.0,786460.0
369,2021-10-07 10:38:54,11000.0,5000.0,786060.0
370,2021-10-07 10:38:37,10900.0,200.0,781060.0
371,2021-10-07 10:38:30,11000.0,200.0,780860.0
372,2021-10-07 10:38:14,10900.0,5000.0,780660.0
373,2021-10-07 10:37:38,10900.0,500.0,775660.0
374,2021-10-07 10:37:37,11000.0,100.0,775160.0
375,2021-10-07 10:37:10,11000.0,10100.0,775060.0
376,2021-10-07 10:33:45,11000.0,4500.0,764960.0
377,2021-10-07 10:33:19,11000.0,200.0,760460.0
378,2021-10-07 10:33:14,11000.0,5000.0,760260.0
379,2021-10-07 10:32:50,11000.0,5000.0,755260.0
380,2021-10-07 10:31:00,11000.0,1000.0,750260.0
381,2021-10-07 10:30:39,11000.0,200.0,749260.0
382,2021-10-07 10:30:34,11000.0,300.0,749060.0
383,2021-10-07 10:30:15,11000.0,1000.0,748760.0
384,2021-10-07 10:29:13,11000.0,1000.0,747760.0
385,2021-10-07 10:28:53,11000.0,5000.0,746760.0
386,2021-10-07 10:27:59,11000.0,100.0,741760.0
387,2021-10-07 10:27:42,11000.0,100.0,741660.0
388,2021-10-07 10:27:26,11000.0,1100.0,741560.0
389,2021-10-07 10:27:22,11000.0,4000.0,740460.0
390,2021-10-07 10:27:19,10900.0,1600.0,736460.0
391,2021-10-07 10:27:18,10900.0,100.0,734860.0
392,2021-10-07 10:26:59,11000.0,1500.0,734760.0
393,2021-10-07 10:25:49,11000.0,100.0,733260.0
394,2021-10-07 10:25:34,11000.0,100.0,733160.0
395,2021-10-07 10:25:18,11000.0,400.0,733060.0
396,2021-10-07 10:24:51,11000.0,500.0,732660.0
397,2021-10-07 10:24:22,11000.0,400.0,732160.0
398,2021-10-07 10:24:13,11000.0,400.0,731760.0
399,2021-10-07 10:23:36,11000.0,200.0,731360.0
400,2021-10-07 10:23:34,11000.0,3000.0,731160.0
401,2021-10-07 10:23:25,11000.0,1000.0,728160.0
402,2021-10-07 10:23:08,11000.0,100.0,727160.0
403,2021-10-07 10:23:05,11000.0,500.0,727060.0
404,2021-10-07 10:22:50,11000.0,100.0,726560.0
405,2021-10-07 10:22:47,11000.0,300.0,726460.0
406,2021-10-07 10:22:38,11000.0,100.0,726160.0
407,2021-10-07 10:22:26,11000.0,200.0,726060.0
408,2021-10-07 10:22:21,11000.0,100.0,725860.0
409,2021-10-07 10:22:18,11000.0,400.0,725760.0
410,2021-10-07 10:22:12,11000.0,100.0,725360.0
411,2021-10-07 10:22:06,11000.0,5000.0,725260.0
412,2021-10-07 10:21:54,11000.0,100.0,720260.0
413,2021-10-07 10:21:52,11000.0,500.0,720160.0
414,2021-10-07 10:21:44,11000.0,3500.0,719660.0
415,2021-10-07 10:21:31,11000.0,8000.0,716160.0
416,2021-10-07 10:21:17,11000.0,100.0,708160.0
417,2021-10-07 10:21:16,11000.0,2000.0,708060.0
418,2021-10-07 10:21:09,11000.0,2000.0,706060.0
419,2021-10-07 10:21:06,11000.0,200.0,704060.0
420,2021-10-07 10:21:02,11000.0,1800.0,703860.0
421,2021-10-07 10:20:28,11000.0,5000.0,702060.0
422,2021-10-07 10:20:00,11000.0,1500.0,697060.0
423,2021-10-07 10:19:44,11000.0,1000.0,695560.0
424,2021-10-07 10:19:19,11000.0,200.0,694560.0
425,2021-10-07 10:18:38,11000.0,4000.0,694360.0
426,2021-10-07 10:18:23,11000.0,200.0,690360.0
427,2021-10-07 10:17:00,11000.0,3500.0,690160.0
428,2021-10-07 10:16:47,11000.0,18400.0,686660.0
429,2021-10-07 10:16:24,11000.0,300.0,668260.0
430,2021-10-07 10:16:04,11000.0,1000.0,667960.0
431,2021-10-07 10:15:40,11000.0,300.0,666960.0
432,2021-10-07 10:15:09,11000.0,500.0,666660.0
433,2021-10-07 10:15:03,11000.0,500.0,666160.0
434,2021-10-07 10:14:38,11000.0,500.0,665660.0
435,2021-10-07 10:14:36,11000.0,500.0,665160.0
436,2021-10-07 10:14:29,11000.0,1000.0,664660.0
437,2021-10-07 10:14:12,11000.0,100.0,663660.0
438,2021-10-07 10:14:11,11000.0,100.0,663560.0
439,2021-10-07 10:14:00,11000.0,1000.0,663460.0
440,2021-10-07 10:13:32,11000.0,900.0,662460.0
441,2021-10-07 10:13:21,11000.0,500.0,661560.0
442,2021-10-07 10:13:20,11000.0,2100.0,661060.0
443,2021-10-07 10:13:05,11000.0,100.0,658960.0
444,2021-10-07 10:12:53,11000.0,100.0,658860.0
445,2021-10-07 10:12:51,11000.0,300.0,658760.0
446,2021-10-07 10:12:45,11100.0,10000.0,658460.0
447,2021-10-07 10:12:40,11000.0,200.0,648460.0
448,2021-10-07 10:12:37,11000.0,700.0,648260.0
449,2021-10-07 10:12:08,11000.0,57700.0,647560.0
450,2021-10-07 10:09:49,11100.0,1500.0,589860.0
451,2021-10-07 10:08:56,11000.0,8900.0,588360.0
452,2021-10-07 10:08:30,11100.0,1000.0,579460.0
453,2021-10-07 10:08:21,11000.0,3000.0,578460.0
454,2021-10-07 10:07:58,11100.0,600.0,575460.0
455,2021-10-07 10:06:56,11000.0,2000.0,574860.0
456,2021-10-07 10:06:53,11000.0,100.0,572860.0
457,2021-10-07 10:06:49,11000.0,3000.0,572760.0
458,2021-10-07 10:06:44,11000.0,2000.0,569760.0
459,2021-10-07 10:06:37,11000.0,1800.0,567760.0
460,2021-10-07 10:05:54,11000.0,200.0,565960.0
461,2021-10-07 10:04:31,11000.0,400.0,565760.0
462,2021-10-07 10:04:26,11000.0,4000.0,565360.0
463,2021-10-07 10:03:50,11000.0,300.0,561360.0
464,2021-10-07 10:03:47,11000.0,500.0,561060.0
465,2021-10-07 10:02:54,11000.0,9000.0,560560.0
466,2021-10-07 10:02:39,11000.0,500.0,551560.0
467,2021-10-07 10:02:38,11000.0,12300.0,551060.0
468,2021-10-07 10:02:04,11000.0,400.0,538760.0
469,2021-10-07 10:01:42,11000.0,1700.0,538360.0
470,2021-10-07 10:00:18,11000.0,4200.0,536660.0
471,2021-10-07 10:00:12,11000.0,1000.0,532460.0
472,2021-10-07 10:00:09,11000.0,2000.0,531460.0
473,2021-10-07 09:59:25,11000.0,500.0,529460.0
474,2021-10-07 09:59:23,11100.0,3000.0,528960.0
475,2021-10-07 09:59:07,11000.0,500.0,525960.0
476,2021-10-07 09:58:07,11100.0,4000.0,525460.0
477,2021-10-07 09:57:33,11100.0,1000.0,521460.0
478,2021-10-07 09:57:24,11100.0,1100.0,520460.0
479,2021-10-07 09:57:04,11100.0,4500.0,519360.0
480,2021-10-07 09:55:50,11100.0,3100.0,514860.0
481,2021-10-07 09:55:47,11100.0,400.0,511760.0
482,2021-10-07 09:55:38,11100.0,500.0,511360.0
483,2021-10-07 09:55:20,11100.0,300.0,510860.0
484,2021-10-07 09:55:02,11100.0,300.0,510560.0
485,2021-10-07 09:54:54,11100.0,500.0,510260.0
486,2021-10-07 09:54:51,11100.0,500.0,509760.0
487,2021-10-07 09:54:35,11100.0,9300.0,509260.0
488,2021-10-07 09:54:14,11100.0,500.0,499960.0
489,2021-10-07 09:54:13,11100.0,100.0,499460.0
490,2021-10-07 09:54:03,11100.0,1000.0,499360.0
491,2021-10-07 09:53:58,11100.0,500.0,498360.0
492,2021-10-07 09:53:56,11100.0,3000.0,497860.0
493,2021-10-07 09:53:03,11100.0,200.0,494860.0
494,2021-10-07 09:52:49,11100.0,8600.0,494660.0
495,2021-10-07 09:52:46,11100.0,3000.0,486060.0
496,2021-10-07 09:52:20,11000.0,500.0,483060.0
497,2021-10-07 09:52:18,11000.0,100.0,482560.0
498,2021-10-07 09:52:14,11000.0,100.0,482460.0
499,2021-10-07 09:52:12,11100.0,3000.0,482360.0
500,2021-10-07 09:52:11,11000.0,6800.0,479360.0
501,2021-10-07 09:51:45,11000.0,10000.0,472560.0
502,2021-10-07 09:51:41,11000.0,100.0,462560.0
503,2021-10-07 09:51:33,11000.0,10000.0,462460.0
504,2021-10-07 09:51:32,11100.0,100.0,452460.0
505,2021-10-07 09:51:20,11100.0,2000.0,452360.0
506,2021-10-07 09:50:48,11100.0,100.0,450360.0
507,2021-10-07 09:50:47,11100.0,100.0,450260.0
508,2021-10-07 09:50:32,11100.0,100.0,450160.0
509,2021-10-07 09:50:23,11100.0,2000.0,450060.0
510,2021-10-07 09:50:13,11100.0,200.0,448060.0
511,2021-10-07 09:50:04,11100.0,1400.0,447860.0
512,2021-10-07 09:49:55,11100.0,7000.0,446460.0
513,2021-10-07 09:48:50,11100.0,6000.0,439460.0
514,2021-10-07 09:48:36,11100.0,1400.0,433460.0
515,2021-10-07 09:48:26,11100.0,100.0,432060.0
516,2021-10-07 09:48:10,11100.0,1000.0,431960.0
517,2021-10-07 09:46:14,11100.0,2000.0,430960.0
518,2021-10-07 09:46:02,11100.0,500.0,428960.0
519,2021-10-07 09:45:45,11100.0,3900.0,428460.0
520,2021-10-07 09:45:24,11100.0,2500.0,424560.0
521,2021-10-07 09:44:56,11100.0,900.0,422060.0
522,2021-10-07 09:44:51,11100.0,8800.0,421160.0
523,2021-10-07 09:44:47,11100.0,1000.0,412360.0
524,2021-10-07 09:44:40,11100.0,1000.0,411360.0
525,2021-10-07 09:44:27,11100.0,100.0,410360.0
526,2021-10-07 09:44:19,11100.0,5000.0,410260.0
527,2021-10-07 09:44:17,11100.0,3000.0,405260.0
528,2021-10-07 09:43:44,11100.0,800.0,402260.0
529,2021-10-07 09:43:18,11100.0,1000.0,401460.0
530,2021-10-07 09:42:59,11200.0,100.0,400460.0
531,2021-10-07 09:42:25,11200.0,100.0,400360.0
532,2021-10-07 09:41:50,11200.0,200.0,400260.0
533,2021-10-07 09:41:43,11100.0,500.0,400060.0
534,2021-10-07 09:41:26,11200.0,500.0,399560.0
535,2021-10-07 09:41:25,11100.0,100.0,399060.0
536,2021-10-07 09:40:47,11100.0,300.0,398960.0
537,2021-10-07 09:40:31,11200.0,100.0,398660.0
538,2021-10-07 09:40:09,11200.0,700.0,398560.0
539,2021-10-07 09:39:56,11200.0,100.0,397860.0
540,2021-10-07 09:39:44,11200.0,3000.0,397760.0
541,2021-10-07 09:39:09,11200.0,500.0,394760.0
542,2021-10-07 09:38:44,11200.0,1800.0,394260.0
543,2021-10-07 09:38:38,11200.0,500.0,392460.0
544,2021-10-07 09:37:18,11200.0,1000.0,391960.0
545,2021-10-07 09:37:15,11200.0,100.0,390960.0
546,2021-10-07 09:37:13,11100.0,2500.0,390860.0
547,2021-10-07 09:37:12,11200.0,5000.0,388360.0
548,2021-10-07 09:36:12,11100.0,500.0,383360.0
549,2021-10-07 09:36:09,11100.0,300.0,382860.0
550,2021-10-07 09:36:06,11100.0,1000.0,382560.0
551,2021-10-07 09:35:45,11100.0,1000.0,381560.0
552,2021-10-07 09:35:21,11100.0,3200.0,380560.0
553,2021-10-07 09:35:11,11200.0,1000.0,377360.0
554,2021-10-07 09:35:01,11100.0,200.0,376360.0
555,2021-10-07 09:34:36,11100.0,8000.0,376160.0
556,2021-10-07 09:34:15,11100.0,200.0,368160.0
557,2021-10-07 09:34:08,11100.0,1000.0,367960.0
558,2021-10-07 09:33:39,11100.0,200.0,366960.0
559,2021-10-07 09:33:18,11200.0,1000.0,366760.0
560,2021-10-07 09:32:30,11100.0,2000.0,365760.0
561,2021-10-07 09:32:20,11100.0,3000.0,363760.0
562,2021-10-07 09:32:18,11100.0,700.0,360760.0
563,2021-10-07 09:31:08,11100.0,4200.0,360060.0
564,2021-10-07 09:30:44,11100.0,2000.0,355860.0
565,2021-10-07 09:30:42,11100.0,100.0,353860.0
566,2021-10-07 09:30:20,11100.0,800.0,353760.0
567,2021-10-07 09:30:03,11000.0,3700.0,352960.0
568,2021-10-07 09:30:01,11000.0,2000.0,349260.0
569,2021-10-07 09:29:58,11000.0,20000.0,347260.0
570,2021-10-07 09:29:51,11000.0,2000.0,327260.0
571,2021-10-07 09:29:48,11000.0,100.0,325260.0
572,2021-10-07 09:29:46,11000.0,200.0,325160.0
573,2021-10-07 09:29:15,11000.0,2000.0,324960.0
574,2021-10-07 09:29:14,10900.0,700.0,322960.0
575,2021-10-07 09:29:08,11000.0,2100.0,322260.0
576,2021-10-07 09:29:03,11000.0,1000.0,320160.0
577,2021-10-07 09:28:48,10900.0,500.0,319160.0
578,2021-10-07 09:28:45,11000.0,1000.0,318660.0
579,2021-10-07 09:28:41,11000.0,200.0,317660.0
580,2021-10-07 09:28:08,11000.0,1400.0,317460.0
581,2021-10-07 09:28:05,10900.0,400.0,316060.0
582,2021-10-07 09:28:00,11000.0,100.0,315660.0
583,2021-10-07 09:27:59,10900.0,800.0,315560.0
584,2021-10-07 09:27:54,11000.0,3000.0,314760.0
585,2021-10-07 09:27:35,10900.0,1000.0,311760.0
586,2021-10-07 09:27:27,10900.0,300.0,310760.0
587,2021-10-07 09:27:12,10900.0,500.0,310460.0
588,2021-10-07 09:27:11,10900.0,1000.0,309960.0
589,2021-10-07 09:27:04,10900.0,300.0,308960.0
590,2021-10-07 09:26:41,10900.0,1000.0,308660.0
591,2021-10-07 09:26:39,11000.0,1000.0,307660.0
592,2021-10-07 09:26:24,11000.0,300.0,306660.0
593,2021-10-07 09:26:23,11000.0,1000.0,306360.0
594,2021-10-07 09:25:57,11000.0,2000.0,305360.0
595,2021-10-07 09:25:56,10900.0,1000.0,303360.0
596,2021-10-07 09:25:34,10900.0,100.0,302360.0
597,2021-10-07 09:25:32,11000.0,6000.0,302260.0
598,2021-10-07 09:25:26,11000.0,200.0,296260.0
599,2021-10-07 09:25:25,11000.0,1200.0,296060.0
600,2021-10-07 09:25:20,11000.0,100.0,294860.0
601,2021-10-07 09:25:11,11000.0,500.0,294760.0
602,2021-10-07 09:25:01,11000.0,4000.0,294260.0
603,2021-10-07 09:24:53,11000.0,500.0,290260.0
604,2021-10-07 09:24:46,11000.0,2000.0,289760.0
605,2021-10-07 09:24:44,11000.0,1300.0,287760.0
606,2021-10-07 09:24:43,11000.0,5000.0,286460.0
607,2021-10-07 09:24:41,11000.0,100.0,281460.0
608,2021-10-07 09:24:37,11000.0,6000.0,281360.0
609,2021-10-07 09:24:33,11000.0,2000.0,275360.0
610,2021-10-07 09:24:31,11000.0,12900.0,273360.0
611,2021-10-07 09:24:27,11000.0,1000.0,260460.0
612,2021-10-07 09:24:18,11000.0,1000.0,259460.0
613,2021-10-07 09:24:03,11000.0,1000.0,258460.0
614,2021-10-07 09:23:55,11000.0,1000.0,257460.0
615,2021-10-07 09:23:37,11000.0,3700.0,256460.0
616,2021-10-07 09:23:35,11000.0,200.0,252760.0
617,2021-10-07 09:23:33,11000.0,1600.0,252560.0
618,2021-10-07 09:23:27,11000.0,800.0,250960.0
619,2021-10-07 09:23:15,11000.0,5000.0,250160.0
620,2021-10-07 09:23:04,11100.0,1000.0,245160.0
621,2021-10-07 09:22:58,11000.0,600.0,244160.0
622,2021-10-07 09:22:47,11000.0,500.0,243560.0
623,2021-10-07 09:22:43,11100.0,500.0,243060.0
624,2021-10-07 09:22:41,11000.0,5600.0,242560.0
625,2021-10-07 09:22:40,11000.0,1000.0,236960.0
626,2021-10-07 09:22:34,11100.0,100.0,235960.0
627,2021-10-07 09:22:27,11100.0,100.0,235860.0
628,2021-10-07 09:22:25,11100.0,3000.0,235760.0
629,2021-10-07 09:22:23,11100.0,1000.0,232760.0
630,2021-10-07 09:22:05,11100.0,50.0,231760.0
631,2021-10-07 09:22:04,11100.0,2400.0,231710.0
632,2021-10-07 09:21:58,11100.0,600.0,229310.0
633,2021-10-07 09:21:51,11100.0,200.0,228710.0
634,2021-10-07 09:21:45,11100.0,100.0,228510.0
635,2021-10-07 09:21:37,11100.0,3500.0,228410.0
636,2021-10-07 09:21:34,11200.0,500.0,224910.0
637,2021-10-07 09:21:33,11200.0,100.0,224410.0
638,2021-10-07 09:21:17,11200.0,200.0,224310.0
639,2021-10-07 09:20:50,11200.0,200.0,224110.0
640,2021-10-07 09:20:44,11100.0,36600.0,223910.0
641,2021-10-07 09:20:39,11200.0,3200.0,187310.0
642,2021-10-07 09:20:33,11300.0,300.0,184110.0
643,2021-10-07 09:20:31,11200.0,5000.0,183810.0
644,2021-10-07 09:20:30,11200.0,1100.0,178810.0
645,2021-10-07 09:20:17,11200.0,5000.0,177710.0
646,2021-10-07 09:20:15,11200.0,5000.0,172710.0
647,2021-10-07 09:20:02,11200.0,5000.0,167710.0
648,2021-10-07 09:19:47,11300.0,15300.0,162710.0
649,2021-10-07 09:19:44,11300.0,200.0,147410.0
650,2021-10-07 09:19:22,11300.0,500.0,147210.0
651,2021-10-07 09:18:50,11300.0,100.0,146710.0
652,2021-10-07 09:18:46,11300.0,1000.0,146610.0
653,2021-10-07 09:18:40,11300.0,100.0,145610.0
654,2021-10-07 09:18:37,11300.0,2000.0,145510.0
655,2021-10-07 09:18:29,11300.0,500.0,143510.0
656,2021-10-07 09:18:26,11300.0,3000.0,143010.0
657,2021-10-07 09:18:13,11300.0,500.0,140010.0
658,2021-10-07 09:18:07,11200.0,900.0,139510.0
659,2021-10-07 09:18:00,11300.0,1000.0,138610.0
660,2021-10-07 09:17:36,11300.0,300.0,137610.0
661,2021-10-07 09:17:31,11300.0,3600.0,137310.0
662,2021-10-07 09:17:30,11300.0,100.0,133710.0
663,2021-10-07 09:17:26,11300.0,1000.0,133610.0
664,2021-10-07 09:17:17,11300.0,400.0,132610.0
665,2021-10-07 09:17:14,11300.0,100.0,132210.0
666,2021-10-07 09:17:11,11300.0,200.0,132110.0
667,2021-10-07 09:17:10,11300.0,600.0,131910.0
668,2021-10-07 09:17:02,11300.0,10100.0,131310.0
669,2021-10-07 09:16:59,11300.0,1000.0,121210.0
670,2021-10-07 09:16:50,11300.0,1400.0,120210.0
671,2021-10-07 09:16:47,11300.0,100.0,118810.0
672,2021-10-07 09:16:46,11300.0,3000.0,118710.0
673,2021-10-07 09:16:38,11300.0,1000.0,115710.0
674,2021-10-07 09:16:32,11300.0,100.0,114710.0
675,2021-10-07 09:16:27,11300.0,500.0,114610.0
676,2021-10-07 09:16:15,11300.0,10000.0,114110.0
677,2021-10-07 09:16:07,11300.0,500.0,104110.0
678,2021-10-07 09:15:36,11300.0,1000.0,103610.0
679,2021-10-07 09:15:25,11300.0,100.0,102610.0
680,2021-10-07 09:15:08,11200.0,100.0,102510.0
681,2021-10-07 09:14:39,11300.0,400.0,102410.0
682,2021-10-07 09:14:35,11300.0,500.0,102010.0
683,2021-10-07 09:14:29,11300.0,1000.0,101510.0
684,2021-10-07 09:14:23,11300.0,400.0,100510.0
685,2021-10-07 09:14:21,11300.0,500.0,100110.0
686,2021-10-07 09:14:09,11300.0,2000.0,99610.0
687,2021-10-07 09:14:05,11300.0,100.0,97610.0
688,2021-10-07 09:13:10,11300.0,2000.0,97510.0
689,2021-10-07 09:12:57,11300.0,9000.0,95510.0
690,2021-10-07 09:12:43,11300.0,4000.0,86510.0
691,2021-10-07 09:12:28,11300.0,1000.0,82510.0
692,2021-10-07 09:11:44,11300.0,18000.0,81510.0
693,2021-10-07 09:11:41,11200.0,2500.0,63510.0
694,2021-10-07 09:11:25,11200.0,1000.0,61010.0
695,2021-10-07 09:11:02,11200.0,10.0,60010.0
696,2021-10-07 09:10:49,11200.0,4900.0,60000.0
697,2021-10-07 09:10:38,11200.0,10000.0,55100.0
698,2021-10-07 09:10:26,11200.0,1000.0,45100.0
699,2021-10-07 09:10:22,11200.0,3000.0,44100.0
700,2021-10-07 09:09:55,11200.0,600.0,41100.0
701,2021-10-07 09:09:23,11200.0,200.0,40500.0
702,2021-10-07 09:09:18,11200.0,500.0,40300.0
703,2021-10-07 09:09:15,11200.0,300.0,39800.0
704,2021-10-07 09:09:02,11200.0,300.0,39500.0
705,2021-10-07 09:08:30,11200.0,2800.0,39200.0
706,2021-10-07 09:08:18,11200.0,3000.0,36400.0
707,2021-10-07 09:07:21,11200.0,100.0,33400.0
708,2021-10-07 09:07:09,11200.0,4200.0,33300.0
709,2021-10-07 09:07:02,11200.0,2000.0,29100.0
710,2021-10-07 09:06:50,11200.0,100.0,27100.0
711,2021-10-07 09:06:32,11200.0,200.0,27000.0
712,2021-10-07 09:06:31,11200.0,500.0,26800.0
713,2021-10-07 09:06:30,11300.0,2300.0,26300.0
714,2021-10-07 09:06:23,11200.0,500.0,24000.0
715,2021-10-07 09:06:06,11200.0,200.0,23500.0
716,2021-10-07 09:05:05,11300.0,700.0,23300.0
717,2021-10-07 09:04:43,11300.0,500.0,22600.0
718,2021-10-07 09:04:04,11300.0,400.0,22100.0
719,2021-10-07 09:03:52,11100.0,2000.0,21700.0
720,2021-10-07 09:03:47,11100.0,6500.0,19700.0
721,2021-10-07 09:03:30,11300.0,3900.0,13200.0
722,2021-10-07 09:03:28,11300.0,500.0,9300.0
723,2021-10-07 09:03:27,11300.0,3000.0,8800.0
724,2021-10-07 09:03:15,11300.0,300.0,5800.0
725,2021-10-07 09:02:41,11300.0,200.0,5500.0
726,2021-10-07 09:02:36,11300.0,100.0,5300.0
727,2021-10-07 09:02:33,11300.0,2000.0,5200.0
728,2021-10-07 09:02:21,11300.0,1000.0,3200.0
729,2021-10-07 09:02:10,11300.0,500.0,2200.0
730,2021-10-07 09:01:36,11300.0,200.0,1700.0
731,2021-10-07 09:01:06,11400.0,300.0,1500.0
732,2021-10-07 09:00:06,11200.0,1200.0,1200.0
