,Time,Price,Volume_per_trade,Volume
0,2021-10-20 14:45:02,10700.0,54700.0,3528128.0
1,2021-10-20 14:29:55,10600.0,3000.0,3473428.0
2,2021-10-20 14:29:36,10600.0,300.0,3470428.0
3,2021-10-20 14:29:11,10600.0,3000.0,3470128.0
4,2021-10-20 14:29:02,10600.0,100.0,3467128.0
5,2021-10-20 14:28:52,10600.0,600.0,3467028.0
6,2021-10-20 14:28:46,10600.0,1100.0,3466428.0
7,2021-10-20 14:28:17,10600.0,500.0,3465328.0
8,2021-10-20 14:27:47,10600.0,300.0,3464828.0
9,2021-10-20 14:27:36,10600.0,500.0,3464528.0
10,2021-10-20 14:27:31,10600.0,9300.0,3464028.0
11,2021-10-20 14:27:00,10600.0,5000.0,3454728.0
12,2021-10-20 14:26:28,10600.0,1000.0,3449728.0
13,2021-10-20 14:26:14,10600.0,1000.0,3448728.0
14,2021-10-20 14:25:51,10600.0,31200.0,3447728.0
15,2021-10-20 14:25:46,10600.0,8500.0,3416528.0
16,2021-10-20 14:25:37,10600.0,10000.0,3408028.0
17,2021-10-20 14:25:29,10600.0,200.0,3398028.0
18,2021-10-20 14:25:16,10600.0,2200.0,3397828.0
19,2021-10-20 14:25:11,10600.0,500.0,3395628.0
20,2021-10-20 14:25:04,10600.0,1000.0,3395128.0
21,2021-10-20 14:25:03,10600.0,300.0,3394128.0
22,2021-10-20 14:24:55,10600.0,9400.0,3393828.0
23,2021-10-20 14:24:54,10600.0,100.0,3384428.0
24,2021-10-20 14:24:52,10600.0,1000.0,3384328.0
25,2021-10-20 14:24:51,10600.0,100.0,3383328.0
26,2021-10-20 14:24:44,10600.0,300.0,3383228.0
27,2021-10-20 14:24:43,10600.0,2000.0,3382928.0
28,2021-10-20 14:24:41,10600.0,100.0,3380928.0
29,2021-10-20 14:24:38,10600.0,200.0,3380828.0
30,2021-10-20 14:24:34,10600.0,1200.0,3380628.0
31,2021-10-20 14:24:32,10500.0,500.0,3379428.0
32,2021-10-20 14:24:27,10600.0,2000.0,3378928.0
33,2021-10-20 14:24:24,10600.0,1200.0,3376928.0
34,2021-10-20 14:24:21,10500.0,700.0,3375728.0
35,2021-10-20 14:24:20,10600.0,5000.0,3375028.0
36,2021-10-20 14:24:16,10600.0,600.0,3370028.0
37,2021-10-20 14:24:00,10500.0,200.0,3369428.0
38,2021-10-20 14:23:40,10500.0,10000.0,3369228.0
39,2021-10-20 14:23:39,10500.0,12900.0,3359228.0
40,2021-10-20 14:23:34,10500.0,1000.0,3346328.0
41,2021-10-20 14:23:28,10500.0,4000.0,3345328.0
42,2021-10-20 14:23:25,10500.0,5000.0,3341328.0
43,2021-10-20 14:23:14,10400.0,1000.0,3336328.0
44,2021-10-20 14:23:09,10500.0,7500.0,3335328.0
45,2021-10-20 14:22:51,10400.0,2500.0,3327828.0
46,2021-10-20 14:22:50,10400.0,2000.0,3325328.0
47,2021-10-20 14:22:47,10400.0,5000.0,3323328.0
48,2021-10-20 14:22:46,10400.0,4000.0,3318328.0
49,2021-10-20 14:22:41,10400.0,3000.0,3314328.0
50,2021-10-20 14:22:33,10400.0,47200.0,3311328.0
51,2021-10-20 14:22:32,10400.0,10000.0,3264128.0
52,2021-10-20 14:22:10,10400.0,500.0,3254128.0
53,2021-10-20 14:22:08,10400.0,1500.0,3253628.0
54,2021-10-20 14:22:06,10300.0,300.0,3252128.0
55,2021-10-20 14:22:05,10300.0,10000.0,3251828.0
56,2021-10-20 14:21:59,10400.0,7100.0,3241828.0
57,2021-10-20 14:21:56,10400.0,800.0,3234728.0
58,2021-10-20 14:21:49,10300.0,10000.0,3233928.0
59,2021-10-20 14:21:48,10400.0,400.0,3223928.0
60,2021-10-20 14:21:45,10400.0,3000.0,3223528.0
61,2021-10-20 14:21:43,10400.0,900.0,3220528.0
62,2021-10-20 14:21:39,10400.0,5000.0,3219628.0
63,2021-10-20 14:21:29,10400.0,2000.0,3214628.0
64,2021-10-20 14:21:22,10400.0,200.0,3212628.0
65,2021-10-20 14:21:20,10400.0,5000.0,3212428.0
66,2021-10-20 14:21:07,10400.0,10000.0,3207428.0
67,2021-10-20 14:21:06,10400.0,3000.0,3197428.0
68,2021-10-20 14:21:00,10200.0,40000.0,3194428.0
69,2021-10-20 14:20:57,10500.0,200.0,3154428.0
70,2021-10-20 14:20:55,10500.0,200.0,3154228.0
71,2021-10-20 14:20:54,10400.0,17300.0,3154028.0
72,2021-10-20 14:20:47,10500.0,1500.0,3136728.0
73,2021-10-20 14:20:42,10400.0,5000.0,3135228.0
74,2021-10-20 14:20:35,10500.0,5100.0,3130228.0
75,2021-10-20 14:20:33,10400.0,3000.0,3125128.0
76,2021-10-20 14:20:32,10500.0,100.0,3122128.0
77,2021-10-20 14:20:23,10500.0,800.0,3122028.0
78,2021-10-20 14:20:16,10500.0,200.0,3121228.0
79,2021-10-20 14:20:08,10500.0,500.0,3121028.0
80,2021-10-20 14:20:06,10500.0,200.0,3120528.0
81,2021-10-20 14:20:03,10500.0,1500.0,3120328.0
82,2021-10-20 14:19:58,10500.0,100.0,3118828.0
83,2021-10-20 14:19:56,10400.0,10000.0,3118728.0
84,2021-10-20 14:19:49,10500.0,500.0,3108728.0
85,2021-10-20 14:19:30,10500.0,12200.0,3108228.0
86,2021-10-20 14:19:28,10500.0,200.0,3096028.0
87,2021-10-20 14:19:27,10500.0,1500.0,3095828.0
88,2021-10-20 14:19:26,10500.0,300.0,3094328.0
89,2021-10-20 14:19:24,10500.0,11700.0,3094028.0
90,2021-10-20 14:19:21,10500.0,8800.0,3082328.0
91,2021-10-20 14:19:19,10500.0,20000.0,3073528.0
92,2021-10-20 14:19:16,10500.0,3000.0,3053528.0
93,2021-10-20 14:19:15,10500.0,2100.0,3050528.0
94,2021-10-20 14:19:14,10500.0,8700.0,3048428.0
95,2021-10-20 14:19:08,10600.0,500.0,3039728.0
96,2021-10-20 14:19:06,10500.0,5000.0,3039228.0
97,2021-10-20 14:19:05,10500.0,1100.0,3034228.0
98,2021-10-20 14:19:04,10500.0,10000.0,3033128.0
99,2021-10-20 14:19:03,10500.0,500.0,3023128.0
100,2021-10-20 14:19:00,10500.0,4000.0,3022628.0
101,2021-10-20 14:18:59,10500.0,1800.0,3018628.0
102,2021-10-20 14:18:57,10500.0,3500.0,3016828.0
103,2021-10-20 14:18:55,10500.0,500.0,3013328.0
104,2021-10-20 14:18:50,10500.0,87000.0,3012828.0
105,2021-10-20 14:18:45,10500.0,700.0,2925828.0
106,2021-10-20 14:18:44,10500.0,1500.0,2925128.0
107,2021-10-20 14:18:41,10500.0,900.0,2923628.0
108,2021-10-20 14:18:40,10500.0,3000.0,2922728.0
109,2021-10-20 14:18:23,10500.0,10000.0,2919728.0
110,2021-10-20 14:18:13,10600.0,2000.0,2909728.0
111,2021-10-20 14:18:08,10500.0,600.0,2907728.0
112,2021-10-20 14:18:05,10600.0,10000.0,2907128.0
113,2021-10-20 14:18:04,10500.0,1000.0,2897128.0
114,2021-10-20 14:18:02,10600.0,600.0,2896128.0
115,2021-10-20 14:17:45,10600.0,100.0,2895528.0
116,2021-10-20 14:17:43,10500.0,25000.0,2895428.0
117,2021-10-20 14:17:40,10500.0,20000.0,2870428.0
118,2021-10-20 14:17:30,10600.0,200.0,2850428.0
119,2021-10-20 14:17:28,10500.0,15000.0,2850228.0
120,2021-10-20 14:17:16,10600.0,4500.0,2835228.0
121,2021-10-20 14:16:52,10600.0,100.0,2830728.0
122,2021-10-20 14:16:50,10600.0,2000.0,2830628.0
123,2021-10-20 14:16:49,10600.0,4000.0,2828628.0
124,2021-10-20 14:16:45,10600.0,14300.0,2824628.0
125,2021-10-20 14:16:44,10600.0,18000.0,2810328.0
126,2021-10-20 14:16:42,10600.0,2000.0,2792328.0
127,2021-10-20 14:16:38,10600.0,1500.0,2790328.0
128,2021-10-20 14:16:37,10600.0,1500.0,2788828.0
129,2021-10-20 14:16:32,10600.0,11000.0,2787328.0
130,2021-10-20 14:16:30,10600.0,2900.0,2776328.0
131,2021-10-20 14:16:29,10600.0,11600.0,2773428.0
132,2021-10-20 14:16:28,10600.0,2000.0,2761828.0
133,2021-10-20 14:16:21,10600.0,50500.0,2759828.0
134,2021-10-20 14:16:19,10600.0,1500.0,2709328.0
135,2021-10-20 14:16:06,10600.0,10000.0,2707828.0
136,2021-10-20 14:16:03,10600.0,35000.0,2697828.0
137,2021-10-20 14:15:54,10600.0,14200.0,2662828.0
138,2021-10-20 14:15:50,10600.0,15000.0,2648628.0
139,2021-10-20 14:15:47,10600.0,2000.0,2633628.0
140,2021-10-20 14:15:44,10600.0,28700.0,2631628.0
141,2021-10-20 14:15:36,10600.0,15000.0,2602928.0
142,2021-10-20 14:15:28,10700.0,100.0,2587928.0
143,2021-10-20 14:15:10,10600.0,10000.0,2587828.0
144,2021-10-20 14:14:56,10600.0,400.0,2577828.0
145,2021-10-20 14:14:47,10600.0,2000.0,2577428.0
146,2021-10-20 14:14:34,10600.0,9000.0,2575428.0
147,2021-10-20 14:14:28,10700.0,2000.0,2566428.0
148,2021-10-20 14:14:21,10700.0,1000.0,2564428.0
149,2021-10-20 14:13:46,10600.0,3000.0,2563428.0
150,2021-10-20 14:13:34,10700.0,2000.0,2560428.0
151,2021-10-20 14:13:04,10600.0,3000.0,2558428.0
152,2021-10-20 14:12:47,10700.0,500.0,2555428.0
153,2021-10-20 14:12:23,10700.0,6700.0,2554928.0
154,2021-10-20 14:12:17,10700.0,1000.0,2548228.0
155,2021-10-20 14:12:11,10700.0,500.0,2547228.0
156,2021-10-20 14:12:09,10700.0,1000.0,2546728.0
157,2021-10-20 14:12:07,10700.0,1000.0,2545728.0
158,2021-10-20 14:12:06,10700.0,300.0,2544728.0
159,2021-10-20 14:11:52,10700.0,2300.0,2544428.0
160,2021-10-20 14:11:45,10700.0,2000.0,2542128.0
161,2021-10-20 14:11:43,10700.0,7500.0,2540128.0
162,2021-10-20 14:11:40,10700.0,10000.0,2532628.0
163,2021-10-20 14:11:37,10700.0,5000.0,2522628.0
164,2021-10-20 14:11:35,10700.0,4000.0,2517628.0
165,2021-10-20 14:11:33,10700.0,15000.0,2513628.0
166,2021-10-20 14:11:21,10700.0,800.0,2498628.0
167,2021-10-20 14:11:20,10700.0,2000.0,2497828.0
168,2021-10-20 14:11:15,10700.0,3100.0,2495828.0
169,2021-10-20 14:11:13,10700.0,10000.0,2492728.0
170,2021-10-20 14:11:04,10700.0,50000.0,2482728.0
171,2021-10-20 14:10:53,10700.0,10000.0,2432728.0
172,2021-10-20 14:10:52,10700.0,1000.0,2422728.0
173,2021-10-20 14:10:36,10700.0,1500.0,2421728.0
174,2021-10-20 14:10:05,10700.0,1900.0,2420228.0
175,2021-10-20 14:09:21,10800.0,1000.0,2418328.0
176,2021-10-20 14:08:52,10800.0,2000.0,2417328.0
177,2021-10-20 14:08:44,10800.0,5000.0,2415328.0
178,2021-10-20 14:08:29,10700.0,600.0,2410328.0
179,2021-10-20 14:08:20,10700.0,1000.0,2409728.0
180,2021-10-20 14:08:18,10700.0,2100.0,2408728.0
181,2021-10-20 14:05:50,10700.0,500.0,2406628.0
182,2021-10-20 14:05:00,10700.0,500.0,2406128.0
183,2021-10-20 14:04:32,10800.0,600.0,2405628.0
184,2021-10-20 14:04:22,10800.0,700.0,2405028.0
185,2021-10-20 14:04:09,10800.0,2000.0,2404328.0
186,2021-10-20 14:03:11,10800.0,1000.0,2402328.0
187,2021-10-20 14:02:27,10800.0,400.0,2401328.0
188,2021-10-20 14:01:51,10700.0,1600.0,2400928.0
189,2021-10-20 14:01:32,10700.0,600.0,2399328.0
190,2021-10-20 14:01:12,10700.0,200.0,2398728.0
191,2021-10-20 14:01:01,10700.0,1000.0,2398528.0
192,2021-10-20 14:00:33,10700.0,1000.0,2397528.0
193,2021-10-20 14:00:19,10700.0,500.0,2396528.0
194,2021-10-20 13:59:56,10700.0,21000.0,2396028.0
195,2021-10-20 13:58:45,10800.0,300.0,2375028.0
196,2021-10-20 13:58:11,10800.0,1400.0,2374728.0
197,2021-10-20 13:57:26,10800.0,100.0,2373328.0
198,2021-10-20 13:56:50,10700.0,200.0,2373228.0
199,2021-10-20 13:56:24,10800.0,200.0,2373028.0
200,2021-10-20 13:55:49,10800.0,1300.0,2372828.0
201,2021-10-20 13:55:17,10800.0,1000.0,2371528.0
202,2021-10-20 13:55:16,10800.0,500.0,2370528.0
203,2021-10-20 13:53:20,10800.0,500.0,2370028.0
204,2021-10-20 13:53:05,10800.0,700.0,2369528.0
205,2021-10-20 13:49:33,10700.0,2000.0,2368828.0
206,2021-10-20 13:49:19,10700.0,30000.0,2366828.0
207,2021-10-20 13:48:22,10800.0,1000.0,2336828.0
208,2021-10-20 13:48:13,10800.0,4000.0,2335828.0
209,2021-10-20 13:48:06,10800.0,1200.0,2331828.0
210,2021-10-20 13:47:31,10800.0,1900.0,2330628.0
211,2021-10-20 13:47:10,10800.0,5000.0,2328728.0
212,2021-10-20 13:46:28,10800.0,1000.0,2323728.0
213,2021-10-20 13:45:43,10800.0,1000.0,2322728.0
214,2021-10-20 13:45:32,10700.0,9000.0,2321728.0
215,2021-10-20 13:44:39,10800.0,40000.0,2312728.0
216,2021-10-20 13:41:53,10700.0,2000.0,2272728.0
217,2021-10-20 13:41:35,10700.0,100.0,2270728.0
218,2021-10-20 13:41:31,10700.0,20000.0,2270628.0
219,2021-10-20 13:40:51,10700.0,100.0,2250628.0
220,2021-10-20 13:40:46,10700.0,5000.0,2250528.0
221,2021-10-20 13:40:42,10700.0,5000.0,2245528.0
222,2021-10-20 13:40:38,10700.0,3700.0,2240528.0
223,2021-10-20 13:40:01,10700.0,10000.0,2236828.0
224,2021-10-20 13:39:23,10700.0,500.0,2226828.0
225,2021-10-20 13:39:13,10800.0,100.0,2226328.0
226,2021-10-20 13:38:40,10800.0,6000.0,2226228.0
227,2021-10-20 13:38:02,10700.0,1100.0,2220228.0
228,2021-10-20 13:37:53,10700.0,2000.0,2219128.0
229,2021-10-20 13:36:50,10700.0,2000.0,2217128.0
230,2021-10-20 13:36:25,10800.0,1000.0,2215128.0
231,2021-10-20 13:35:51,10700.0,2000.0,2214128.0
232,2021-10-20 13:35:45,10700.0,100.0,2212128.0
233,2021-10-20 13:34:18,10700.0,2400.0,2212028.0
234,2021-10-20 13:34:12,10700.0,100.0,2209628.0
235,2021-10-20 13:34:11,10800.0,5000.0,2209528.0
236,2021-10-20 13:34:07,10800.0,2000.0,2204528.0
237,2021-10-20 13:33:40,10800.0,5000.0,2202528.0
238,2021-10-20 13:33:36,10800.0,3000.0,2197528.0
239,2021-10-20 13:33:14,10800.0,2000.0,2194528.0
240,2021-10-20 13:32:54,10800.0,1000.0,2192528.0
241,2021-10-20 13:32:15,10800.0,2000.0,2191528.0
242,2021-10-20 13:31:20,10800.0,1000.0,2189528.0
243,2021-10-20 13:31:18,10700.0,200.0,2188528.0
244,2021-10-20 13:30:40,10700.0,300.0,2188328.0
245,2021-10-20 13:30:30,10800.0,1600.0,2188028.0
246,2021-10-20 13:30:25,10800.0,100.0,2186428.0
247,2021-10-20 13:29:58,10800.0,2200.0,2186328.0
248,2021-10-20 13:29:17,10800.0,3600.0,2184128.0
249,2021-10-20 13:28:59,10800.0,20000.0,2180528.0
250,2021-10-20 13:28:54,10900.0,100.0,2160528.0
251,2021-10-20 13:28:28,10800.0,18800.0,2160428.0
252,2021-10-20 13:27:39,10800.0,2500.0,2141628.0
253,2021-10-20 13:27:33,10800.0,900.0,2139128.0
254,2021-10-20 13:27:19,10800.0,200.0,2138228.0
255,2021-10-20 13:26:35,10800.0,2300.0,2138028.0
256,2021-10-20 13:25:52,10800.0,12000.0,2135728.0
257,2021-10-20 13:25:26,10800.0,1000.0,2123728.0
258,2021-10-20 13:24:35,10800.0,500.0,2122728.0
259,2021-10-20 13:23:36,10800.0,10000.0,2122228.0
260,2021-10-20 13:22:58,10800.0,200.0,2112228.0
261,2021-10-20 13:22:56,10900.0,500.0,2112028.0
262,2021-10-20 13:22:35,10900.0,100.0,2111528.0
263,2021-10-20 13:22:31,10800.0,2900.0,2111428.0
264,2021-10-20 13:21:34,10800.0,1000.0,2108528.0
265,2021-10-20 13:21:33,10900.0,3000.0,2107528.0
266,2021-10-20 13:21:15,10800.0,2000.0,2104528.0
267,2021-10-20 13:19:53,10900.0,100.0,2102528.0
268,2021-10-20 13:19:45,10900.0,5000.0,2102428.0
269,2021-10-20 13:17:16,10900.0,200.0,2097428.0
270,2021-10-20 13:15:28,10900.0,700.0,2097228.0
271,2021-10-20 13:14:24,10800.0,600.0,2096528.0
272,2021-10-20 13:12:04,10800.0,2200.0,2095928.0
273,2021-10-20 13:12:03,10800.0,200.0,2093728.0
274,2021-10-20 13:11:38,10800.0,300.0,2093528.0
275,2021-10-20 13:11:37,10800.0,500.0,2093228.0
276,2021-10-20 13:11:26,10800.0,2000.0,2092728.0
277,2021-10-20 13:11:14,10800.0,200.0,2090728.0
278,2021-10-20 13:10:45,10800.0,1000.0,2090528.0
279,2021-10-20 13:10:43,10800.0,5600.0,2089528.0
280,2021-10-20 13:10:29,10800.0,200.0,2083928.0
281,2021-10-20 13:10:24,10800.0,100.0,2083728.0
282,2021-10-20 13:09:26,10800.0,500.0,2083628.0
283,2021-10-20 13:09:02,10800.0,1100.0,2083128.0
284,2021-10-20 13:09:01,10800.0,500.0,2082028.0
285,2021-10-20 13:08:58,10800.0,2000.0,2081528.0
286,2021-10-20 13:08:49,10800.0,500.0,2079528.0
287,2021-10-20 13:08:40,10800.0,4000.0,2079028.0
288,2021-10-20 13:08:30,10800.0,6000.0,2075028.0
289,2021-10-20 13:07:47,10800.0,5000.0,2069028.0
290,2021-10-20 13:07:33,10800.0,3000.0,2064028.0
291,2021-10-20 13:06:59,10800.0,300.0,2061028.0
292,2021-10-20 13:06:51,10800.0,300.0,2060728.0
293,2021-10-20 13:06:42,10800.0,5000.0,2060428.0
294,2021-10-20 13:06:36,10800.0,100.0,2055428.0
295,2021-10-20 13:06:15,10800.0,500.0,2055328.0
296,2021-10-20 13:06:04,10800.0,900.0,2054828.0
297,2021-10-20 13:05:51,10800.0,100.0,2053928.0
298,2021-10-20 13:05:27,10800.0,10000.0,2053828.0
299,2021-10-20 13:05:17,10800.0,1000.0,2043828.0
300,2021-10-20 13:03:52,10800.0,500.0,2042828.0
301,2021-10-20 13:03:29,10800.0,100.0,2042328.0
302,2021-10-20 13:02:21,10800.0,20000.0,2042228.0
303,2021-10-20 13:01:40,10800.0,1000.0,2022228.0
304,2021-10-20 13:00:53,10800.0,3000.0,2021228.0
305,2021-10-20 13:00:46,10800.0,2000.0,2018228.0
306,2021-10-20 13:00:14,10800.0,100.0,2016228.0
307,2021-10-20 13:00:10,10800.0,500.0,2016128.0
308,2021-10-20 13:00:07,10800.0,100.0,2015628.0
309,2021-10-20 13:00:04,10900.0,100.0,2015528.0
310,2021-10-20 13:00:03,10800.0,4900.0,2015428.0
311,2021-10-20 11:29:08,10800.0,200.0,2010528.0
312,2021-10-20 11:28:54,10800.0,7300.0,2010328.0
313,2021-10-20 11:28:52,10800.0,300.0,2003028.0
314,2021-10-20 11:27:06,10800.0,2800.0,2002728.0
315,2021-10-20 11:26:46,10800.0,18500.0,1999928.0
316,2021-10-20 11:26:40,10800.0,700.0,1981428.0
317,2021-10-20 11:26:39,10800.0,200.0,1980728.0
318,2021-10-20 11:26:15,10800.0,500.0,1980528.0
319,2021-10-20 11:25:50,10800.0,600.0,1980028.0
320,2021-10-20 11:25:49,10800.0,6800.0,1979428.0
321,2021-10-20 11:25:28,10800.0,10100.0,1972628.0
322,2021-10-20 11:24:35,10700.0,10000.0,1962528.0
323,2021-10-20 11:23:56,10800.0,1000.0,1952528.0
324,2021-10-20 11:22:51,10800.0,400.0,1951528.0
325,2021-10-20 11:22:39,10800.0,100.0,1951128.0
326,2021-10-20 11:22:04,10800.0,600.0,1951028.0
327,2021-10-20 11:19:02,10700.0,500.0,1950428.0
328,2021-10-20 11:18:53,10700.0,2000.0,1949928.0
329,2021-10-20 11:18:32,10800.0,5000.0,1947928.0
330,2021-10-20 11:17:59,10800.0,1000.0,1942928.0
331,2021-10-20 11:16:24,10800.0,500.0,1941928.0
332,2021-10-20 11:15:37,10800.0,200.0,1941428.0
333,2021-10-20 11:15:07,10800.0,500.0,1941228.0
334,2021-10-20 11:14:55,10800.0,500.0,1940728.0
335,2021-10-20 11:14:46,10800.0,500.0,1940228.0
336,2021-10-20 11:14:31,10800.0,5000.0,1939728.0
337,2021-10-20 11:14:14,10800.0,5000.0,1934728.0
338,2021-10-20 11:13:08,10800.0,100.0,1929728.0
339,2021-10-20 11:12:30,10800.0,500.0,1929628.0
340,2021-10-20 11:12:23,10800.0,1000.0,1929128.0
341,2021-10-20 11:12:22,10800.0,2900.0,1928128.0
342,2021-10-20 11:12:11,10800.0,10000.0,1925228.0
343,2021-10-20 11:11:56,10800.0,1000.0,1915228.0
344,2021-10-20 11:11:49,10800.0,400.0,1914228.0
345,2021-10-20 11:10:43,10800.0,100.0,1913828.0
346,2021-10-20 11:09:54,10800.0,1000.0,1913728.0
347,2021-10-20 11:09:31,10800.0,400.0,1912728.0
348,2021-10-20 11:09:13,10800.0,100.0,1912328.0
349,2021-10-20 11:08:40,10800.0,5000.0,1912228.0
350,2021-10-20 11:08:35,10800.0,2000.0,1907228.0
351,2021-10-20 11:07:39,10800.0,2000.0,1905228.0
352,2021-10-20 11:07:17,10800.0,1000.0,1903228.0
353,2021-10-20 11:06:45,10800.0,100.0,1902228.0
354,2021-10-20 11:06:39,10800.0,1000.0,1902128.0
355,2021-10-20 11:06:33,10700.0,200.0,1901128.0
356,2021-10-20 11:05:47,10800.0,1400.0,1900928.0
357,2021-10-20 11:05:34,10800.0,100.0,1899528.0
358,2021-10-20 11:04:08,10800.0,200.0,1899428.0
359,2021-10-20 11:03:56,10800.0,1000.0,1899228.0
360,2021-10-20 11:02:28,10800.0,2000.0,1898228.0
361,2021-10-20 11:01:02,10800.0,4000.0,1896228.0
362,2021-10-20 11:00:28,10700.0,3000.0,1892228.0
363,2021-10-20 11:00:13,10700.0,2000.0,1889228.0
364,2021-10-20 11:00:12,10700.0,800.0,1887228.0
365,2021-10-20 11:00:11,10700.0,500.0,1886428.0
366,2021-10-20 11:00:09,10700.0,1000.0,1885928.0
367,2021-10-20 10:59:57,10700.0,1500.0,1884928.0
368,2021-10-20 10:59:47,10700.0,1000.0,1883428.0
369,2021-10-20 10:59:31,10700.0,2000.0,1882428.0
370,2021-10-20 10:59:30,10600.0,500.0,1880428.0
371,2021-10-20 10:59:29,10700.0,500.0,1879928.0
372,2021-10-20 10:59:28,10700.0,1700.0,1879428.0
373,2021-10-20 10:59:14,10700.0,600.0,1877728.0
374,2021-10-20 10:59:13,10700.0,1000.0,1877128.0
375,2021-10-20 10:59:10,10700.0,1000.0,1876128.0
376,2021-10-20 10:59:06,10700.0,500.0,1875128.0
377,2021-10-20 10:59:04,10700.0,200.0,1874628.0
378,2021-10-20 10:59:03,10700.0,6400.0,1874428.0
379,2021-10-20 10:58:59,10700.0,500.0,1868028.0
380,2021-10-20 10:58:54,10700.0,13800.0,1867528.0
381,2021-10-20 10:58:25,10700.0,3500.0,1853728.0
382,2021-10-20 10:58:22,10700.0,15000.0,1850228.0
383,2021-10-20 10:58:20,10700.0,500.0,1835228.0
384,2021-10-20 10:58:12,10700.0,1000.0,1834728.0
385,2021-10-20 10:58:06,10700.0,700.0,1833728.0
386,2021-10-20 10:58:03,10700.0,22000.0,1833028.0
387,2021-10-20 10:57:57,10700.0,500.0,1811028.0
388,2021-10-20 10:57:56,10700.0,900.0,1810528.0
389,2021-10-20 10:57:40,10700.0,200.0,1809628.0
390,2021-10-20 10:57:26,10700.0,5000.0,1809428.0
391,2021-10-20 10:57:23,10700.0,10000.0,1804428.0
392,2021-10-20 10:57:15,10700.0,300.0,1794428.0
393,2021-10-20 10:57:12,10700.0,2000.0,1794128.0
394,2021-10-20 10:57:08,10600.0,4800.0,1792128.0
395,2021-10-20 10:56:42,10700.0,1000.0,1787328.0
396,2021-10-20 10:56:33,10700.0,9500.0,1786328.0
397,2021-10-20 10:55:32,10600.0,2300.0,1776828.0
398,2021-10-20 10:55:24,10700.0,3700.0,1774528.0
399,2021-10-20 10:54:47,10700.0,100.0,1770828.0
400,2021-10-20 10:54:33,10700.0,1000.0,1770728.0
401,2021-10-20 10:54:22,10600.0,1000.0,1769728.0
402,2021-10-20 10:54:13,10600.0,1000.0,1768728.0
403,2021-10-20 10:54:08,10700.0,1000.0,1767728.0
404,2021-10-20 10:54:03,10700.0,2000.0,1766728.0
405,2021-10-20 10:53:55,10700.0,2000.0,1764728.0
406,2021-10-20 10:53:28,10700.0,400.0,1762728.0
407,2021-10-20 10:53:25,10700.0,500.0,1762328.0
408,2021-10-20 10:53:10,10700.0,500.0,1761828.0
409,2021-10-20 10:53:08,10700.0,33500.0,1761328.0
410,2021-10-20 10:52:28,10700.0,900.0,1727828.0
411,2021-10-20 10:52:22,10700.0,10000.0,1726928.0
412,2021-10-20 10:51:53,10700.0,200.0,1716928.0
413,2021-10-20 10:51:49,10700.0,1000.0,1716728.0
414,2021-10-20 10:51:18,10700.0,1000.0,1715728.0
415,2021-10-20 10:51:16,10700.0,200.0,1714728.0
416,2021-10-20 10:51:03,10700.0,1300.0,1714528.0
417,2021-10-20 10:51:02,10700.0,2300.0,1713228.0
418,2021-10-20 10:50:50,10700.0,1900.0,1710928.0
419,2021-10-20 10:50:16,10700.0,10000.0,1709028.0
420,2021-10-20 10:50:12,10800.0,100.0,1699028.0
421,2021-10-20 10:49:52,10800.0,1000.0,1698928.0
422,2021-10-20 10:49:31,10700.0,46000.0,1697928.0
423,2021-10-20 10:49:24,10800.0,500.0,1651928.0
424,2021-10-20 10:48:50,10800.0,3000.0,1651428.0
425,2021-10-20 10:48:47,10800.0,100.0,1648428.0
426,2021-10-20 10:48:18,10800.0,200.0,1648328.0
427,2021-10-20 10:47:59,10700.0,100.0,1648128.0
428,2021-10-20 10:47:48,10800.0,400.0,1648028.0
429,2021-10-20 10:47:45,10800.0,400.0,1647628.0
430,2021-10-20 10:47:35,10800.0,300.0,1647228.0
431,2021-10-20 10:47:17,10800.0,5800.0,1646928.0
432,2021-10-20 10:46:57,10800.0,500.0,1641128.0
433,2021-10-20 10:46:45,10800.0,600.0,1640628.0
434,2021-10-20 10:46:34,10800.0,500.0,1640028.0
435,2021-10-20 10:46:20,10800.0,4000.0,1639528.0
436,2021-10-20 10:46:13,10800.0,300.0,1635528.0
437,2021-10-20 10:46:08,10800.0,1000.0,1635228.0
438,2021-10-20 10:46:02,10700.0,5000.0,1634228.0
439,2021-10-20 10:45:25,10800.0,100.0,1629228.0
440,2021-10-20 10:45:06,10800.0,400.0,1629128.0
441,2021-10-20 10:44:40,10700.0,13000.0,1628728.0
442,2021-10-20 10:44:26,10800.0,1000.0,1615728.0
443,2021-10-20 10:44:24,10800.0,2000.0,1614728.0
444,2021-10-20 10:44:04,10800.0,2000.0,1612728.0
445,2021-10-20 10:43:44,10800.0,3000.0,1610728.0
446,2021-10-20 10:43:02,10700.0,5000.0,1607728.0
447,2021-10-20 10:42:52,10800.0,300.0,1602728.0
448,2021-10-20 10:42:30,10800.0,3000.0,1602428.0
449,2021-10-20 10:42:29,10700.0,2000.0,1599428.0
450,2021-10-20 10:42:16,10700.0,10700.0,1597428.0
451,2021-10-20 10:42:03,10700.0,100.0,1586728.0
452,2021-10-20 10:41:58,10700.0,25000.0,1586628.0
453,2021-10-20 10:40:52,10700.0,500.0,1561628.0
454,2021-10-20 10:40:18,10700.0,4000.0,1561128.0
455,2021-10-20 10:40:09,10700.0,2900.0,1557128.0
456,2021-10-20 10:40:00,10700.0,12000.0,1554228.0
457,2021-10-20 10:39:56,10800.0,200.0,1542228.0
458,2021-10-20 10:39:25,10700.0,500.0,1542028.0
459,2021-10-20 10:38:46,10700.0,1000.0,1541528.0
460,2021-10-20 10:38:44,10700.0,1800.0,1540528.0
461,2021-10-20 10:38:28,10800.0,2000.0,1538728.0
462,2021-10-20 10:38:24,10800.0,500.0,1536728.0
463,2021-10-20 10:38:14,10900.0,9900.0,1536228.0
464,2021-10-20 10:38:13,10800.0,2000.0,1526328.0
465,2021-10-20 10:38:06,10800.0,55600.0,1524328.0
466,2021-10-20 10:37:52,10800.0,10000.0,1468728.0
467,2021-10-20 10:37:43,10800.0,700.0,1458728.0
468,2021-10-20 10:37:18,10800.0,5500.0,1458028.0
469,2021-10-20 10:37:05,10800.0,500.0,1452528.0
470,2021-10-20 10:36:57,10800.0,10000.0,1452028.0
471,2021-10-20 10:36:34,10800.0,100.0,1442028.0
472,2021-10-20 10:36:11,10800.0,1500.0,1441928.0
473,2021-10-20 10:35:57,10800.0,10000.0,1440428.0
474,2021-10-20 10:35:43,10800.0,100.0,1430428.0
475,2021-10-20 10:35:18,10800.0,800.0,1430328.0
476,2021-10-20 10:35:07,10800.0,10000.0,1429528.0
477,2021-10-20 10:34:48,10800.0,7200.0,1419528.0
478,2021-10-20 10:34:46,10900.0,1000.0,1412328.0
479,2021-10-20 10:34:37,10900.0,200.0,1411328.0
480,2021-10-20 10:34:28,10800.0,2000.0,1411128.0
481,2021-10-20 10:33:52,10800.0,100.0,1409128.0
482,2021-10-20 10:33:19,10900.0,100.0,1409028.0
483,2021-10-20 10:31:55,10900.0,1000.0,1408928.0
484,2021-10-20 10:31:20,10800.0,500.0,1407928.0
485,2021-10-20 10:31:18,10900.0,1700.0,1407428.0
486,2021-10-20 10:30:34,10900.0,400.0,1405728.0
487,2021-10-20 10:29:50,10900.0,500.0,1405328.0
488,2021-10-20 10:29:26,10900.0,3000.0,1404828.0
489,2021-10-20 10:29:03,10800.0,1000.0,1401828.0
490,2021-10-20 10:28:10,10800.0,400.0,1400828.0
491,2021-10-20 10:27:17,10800.0,1000.0,1400428.0
492,2021-10-20 10:27:15,10800.0,1500.0,1399428.0
493,2021-10-20 10:26:55,10900.0,2000.0,1397928.0
494,2021-10-20 10:26:45,10900.0,300.0,1395928.0
495,2021-10-20 10:25:54,10800.0,1000.0,1395628.0
496,2021-10-20 10:25:42,10800.0,90.0,1394628.0
497,2021-10-20 10:25:30,10800.0,1400.0,1394538.0
498,2021-10-20 10:24:37,10800.0,5000.0,1393138.0
499,2021-10-20 10:24:20,10800.0,700.0,1388138.0
500,2021-10-20 10:24:15,10800.0,1900.0,1387438.0
501,2021-10-20 10:24:14,10900.0,5000.0,1385538.0
502,2021-10-20 10:23:42,10800.0,1000.0,1380538.0
503,2021-10-20 10:23:17,10800.0,5000.0,1379538.0
504,2021-10-20 10:23:10,10800.0,5000.0,1374538.0
505,2021-10-20 10:23:09,10900.0,500.0,1369538.0
506,2021-10-20 10:20:34,10900.0,100.0,1369038.0
507,2021-10-20 10:19:57,10900.0,1600.0,1368938.0
508,2021-10-20 10:19:29,10900.0,1000.0,1367338.0
509,2021-10-20 10:18:45,10900.0,100.0,1366338.0
510,2021-10-20 10:18:35,10900.0,13200.0,1366238.0
511,2021-10-20 10:18:33,10900.0,5000.0,1353038.0
512,2021-10-20 10:18:23,10900.0,2400.0,1348038.0
513,2021-10-20 10:18:22,10900.0,300.0,1345638.0
514,2021-10-20 10:18:15,10900.0,2000.0,1345338.0
515,2021-10-20 10:18:01,10900.0,500.0,1343338.0
516,2021-10-20 10:17:37,10900.0,500.0,1342838.0
517,2021-10-20 10:17:33,10900.0,2000.0,1342338.0
518,2021-10-20 10:17:11,10900.0,500.0,1340338.0
519,2021-10-20 10:16:51,10900.0,1200.0,1339838.0
520,2021-10-20 10:16:46,10900.0,46000.0,1338638.0
521,2021-10-20 10:16:15,10900.0,800.0,1292638.0
522,2021-10-20 10:15:36,10900.0,1000.0,1291838.0
523,2021-10-20 10:15:12,10900.0,6000.0,1290838.0
524,2021-10-20 10:15:11,10900.0,1000.0,1284838.0
525,2021-10-20 10:14:58,10900.0,100.0,1283838.0
526,2021-10-20 10:14:39,10900.0,2000.0,1283738.0
527,2021-10-20 10:14:30,11000.0,200.0,1281738.0
528,2021-10-20 10:14:16,11000.0,1100.0,1281538.0
529,2021-10-20 10:13:09,10900.0,600.0,1280438.0
530,2021-10-20 10:13:02,10900.0,3400.0,1279838.0
531,2021-10-20 10:12:42,10900.0,1000.0,1276438.0
532,2021-10-20 10:12:03,10900.0,2500.0,1275438.0
533,2021-10-20 10:11:29,10900.0,300.0,1272938.0
534,2021-10-20 10:11:20,11000.0,500.0,1272638.0
535,2021-10-20 10:11:12,10900.0,5000.0,1272138.0
536,2021-10-20 10:11:03,10900.0,1200.0,1267138.0
537,2021-10-20 10:10:49,10900.0,17000.0,1265938.0
538,2021-10-20 10:09:43,10900.0,500.0,1248938.0
539,2021-10-20 10:09:40,10900.0,400.0,1248438.0
540,2021-10-20 10:09:18,10900.0,100.0,1248038.0
541,2021-10-20 10:09:04,11000.0,300.0,1247938.0
542,2021-10-20 10:08:59,10900.0,500.0,1247638.0
543,2021-10-20 10:08:32,10900.0,100.0,1247138.0
544,2021-10-20 10:08:30,10900.0,3700.0,1247038.0
545,2021-10-20 10:08:12,10900.0,1500.0,1243338.0
546,2021-10-20 10:07:43,10900.0,6500.0,1241838.0
547,2021-10-20 10:07:19,10900.0,100.0,1235338.0
548,2021-10-20 10:06:43,10900.0,1000.0,1235238.0
549,2021-10-20 10:06:42,11000.0,300.0,1234238.0
550,2021-10-20 10:06:33,11000.0,500.0,1233938.0
551,2021-10-20 10:06:25,11000.0,10000.0,1233438.0
552,2021-10-20 10:05:51,11000.0,4000.0,1223438.0
553,2021-10-20 10:05:13,11000.0,1000.0,1219438.0
554,2021-10-20 10:04:41,11000.0,1000.0,1218438.0
555,2021-10-20 10:04:06,11000.0,4000.0,1217438.0
556,2021-10-20 10:04:04,11000.0,1000.0,1213438.0
557,2021-10-20 10:03:48,11000.0,16000.0,1212438.0
558,2021-10-20 10:02:23,11000.0,5000.0,1196438.0
559,2021-10-20 10:02:09,11000.0,1400.0,1191438.0
560,2021-10-20 10:00:22,11000.0,6000.0,1190038.0
561,2021-10-20 10:00:14,10900.0,2000.0,1184038.0
562,2021-10-20 09:59:45,11000.0,500.0,1182038.0
563,2021-10-20 09:58:55,11000.0,3000.0,1181538.0
564,2021-10-20 09:58:35,11000.0,2000.0,1178538.0
565,2021-10-20 09:58:13,11000.0,400.0,1176538.0
566,2021-10-20 09:58:07,11000.0,200.0,1176138.0
567,2021-10-20 09:57:47,11000.0,13500.0,1175938.0
568,2021-10-20 09:56:59,11000.0,30000.0,1162438.0
569,2021-10-20 09:56:40,10900.0,1000.0,1132438.0
570,2021-10-20 09:56:10,10900.0,500.0,1131438.0
571,2021-10-20 09:55:51,10900.0,500.0,1130938.0
572,2021-10-20 09:55:47,10900.0,500.0,1130438.0
573,2021-10-20 09:55:28,10900.0,2000.0,1129938.0
574,2021-10-20 09:55:04,11000.0,1000.0,1127938.0
575,2021-10-20 09:53:18,11000.0,100.0,1126938.0
576,2021-10-20 09:53:03,11000.0,2600.0,1126838.0
577,2021-10-20 09:52:24,11000.0,3600.0,1124238.0
578,2021-10-20 09:52:21,10900.0,100.0,1120638.0
579,2021-10-20 09:52:09,10900.0,500.0,1120538.0
580,2021-10-20 09:51:49,10900.0,500.0,1120038.0
581,2021-10-20 09:51:31,11000.0,1000.0,1119538.0
582,2021-10-20 09:51:25,10900.0,500.0,1118538.0
583,2021-10-20 09:51:09,10900.0,1900.0,1118038.0
584,2021-10-20 09:50:49,10900.0,2500.0,1116138.0
585,2021-10-20 09:50:18,10900.0,15000.0,1113638.0
586,2021-10-20 09:50:05,10900.0,100.0,1098638.0
587,2021-10-20 09:49:34,10900.0,1000.0,1098538.0
588,2021-10-20 09:49:28,10900.0,100.0,1097538.0
589,2021-10-20 09:48:44,10900.0,300.0,1097438.0
590,2021-10-20 09:48:41,10900.0,400.0,1097138.0
591,2021-10-20 09:48:19,10900.0,100.0,1096738.0
592,2021-10-20 09:48:06,10900.0,400.0,1096638.0
593,2021-10-20 09:48:02,10900.0,10500.0,1096238.0
594,2021-10-20 09:48:00,10900.0,200.0,1085738.0
595,2021-10-20 09:47:49,10900.0,1200.0,1085538.0
596,2021-10-20 09:47:40,10900.0,200.0,1084338.0
597,2021-10-20 09:47:27,10900.0,1200.0,1084138.0
598,2021-10-20 09:47:20,10900.0,5000.0,1082938.0
599,2021-10-20 09:47:17,10900.0,1200.0,1077938.0
600,2021-10-20 09:47:13,10900.0,1200.0,1076738.0
601,2021-10-20 09:47:04,10900.0,500.0,1075538.0
602,2021-10-20 09:46:59,10900.0,4800.0,1075038.0
603,2021-10-20 09:46:58,10900.0,100.0,1070238.0
604,2021-10-20 09:46:46,10900.0,3000.0,1070138.0
605,2021-10-20 09:46:43,10900.0,2000.0,1067138.0
606,2021-10-20 09:46:39,10900.0,11000.0,1065138.0
607,2021-10-20 09:46:32,10900.0,1500.0,1054138.0
608,2021-10-20 09:46:27,10900.0,13800.0,1052638.0
609,2021-10-20 09:46:01,10900.0,500.0,1038838.0
610,2021-10-20 09:45:59,10900.0,5000.0,1038338.0
611,2021-10-20 09:45:43,10900.0,1000.0,1033338.0
612,2021-10-20 09:45:35,10900.0,500.0,1032338.0
613,2021-10-20 09:45:33,10900.0,10000.0,1031838.0
614,2021-10-20 09:44:42,10900.0,5200.0,1021838.0
615,2021-10-20 09:44:35,10900.0,5000.0,1016638.0
616,2021-10-20 09:44:29,11000.0,100.0,1011638.0
617,2021-10-20 09:44:17,10900.0,200.0,1011538.0
618,2021-10-20 09:44:02,10900.0,300.0,1011338.0
619,2021-10-20 09:43:29,11000.0,200.0,1011038.0
620,2021-10-20 09:43:09,11000.0,14300.0,1010838.0
621,2021-10-20 09:43:05,11000.0,200.0,996538.0
622,2021-10-20 09:43:02,11000.0,63000.0,996338.0
623,2021-10-20 09:42:55,11000.0,5300.0,933338.0
624,2021-10-20 09:42:52,11000.0,2000.0,928038.0
625,2021-10-20 09:42:49,11000.0,500.0,926038.0
626,2021-10-20 09:42:31,11000.0,2000.0,925538.0
627,2021-10-20 09:42:27,11000.0,800.0,923538.0
628,2021-10-20 09:42:16,11000.0,1000.0,922738.0
629,2021-10-20 09:42:08,11000.0,1000.0,921738.0
630,2021-10-20 09:42:05,11000.0,1000.0,920738.0
631,2021-10-20 09:41:55,11000.0,100.0,919738.0
632,2021-10-20 09:41:53,11100.0,500.0,919638.0
633,2021-10-20 09:41:46,11000.0,100.0,919138.0
634,2021-10-20 09:41:24,11100.0,4000.0,919038.0
635,2021-10-20 09:41:05,11100.0,400.0,915038.0
636,2021-10-20 09:41:03,11000.0,10000.0,914638.0
637,2021-10-20 09:40:58,11000.0,1000.0,904638.0
638,2021-10-20 09:40:08,11000.0,100.0,903638.0
639,2021-10-20 09:39:47,11000.0,1100.0,903538.0
640,2021-10-20 09:39:19,11000.0,100.0,902438.0
641,2021-10-20 09:39:07,11000.0,1000.0,902338.0
642,2021-10-20 09:38:53,11000.0,100.0,901338.0
643,2021-10-20 09:38:49,11000.0,2800.0,901238.0
644,2021-10-20 09:38:43,11000.0,2000.0,898438.0
645,2021-10-20 09:38:40,11100.0,7100.0,896438.0
646,2021-10-20 09:37:50,11000.0,1000.0,889338.0
647,2021-10-20 09:37:33,11000.0,2500.0,888338.0
648,2021-10-20 09:37:30,11000.0,200.0,885838.0
649,2021-10-20 09:37:20,11100.0,300.0,885638.0
650,2021-10-20 09:37:09,11100.0,3900.0,885338.0
651,2021-10-20 09:36:26,11100.0,800.0,881438.0
652,2021-10-20 09:36:24,11000.0,3000.0,880638.0
653,2021-10-20 09:35:50,11100.0,1200.0,877638.0
654,2021-10-20 09:35:10,11100.0,1300.0,876438.0
655,2021-10-20 09:34:59,11000.0,6900.0,875138.0
656,2021-10-20 09:34:51,11100.0,10000.0,868238.0
657,2021-10-20 09:34:20,11100.0,2000.0,858238.0
658,2021-10-20 09:34:10,11100.0,1000.0,856238.0
659,2021-10-20 09:33:54,11100.0,3000.0,855238.0
660,2021-10-20 09:33:29,11100.0,1000.0,852238.0
661,2021-10-20 09:33:15,11100.0,1000.0,851238.0
662,2021-10-20 09:33:09,11100.0,10000.0,850238.0
663,2021-10-20 09:33:03,11000.0,100.0,840238.0
664,2021-10-20 09:32:51,11100.0,5000.0,840138.0
665,2021-10-20 09:32:36,11100.0,1300.0,835138.0
666,2021-10-20 09:32:18,11100.0,2000.0,833838.0
667,2021-10-20 09:32:09,11100.0,5000.0,831838.0
668,2021-10-20 09:31:40,11100.0,100.0,826838.0
669,2021-10-20 09:31:29,11100.0,2300.0,826738.0
670,2021-10-20 09:31:01,11100.0,7000.0,824438.0
671,2021-10-20 09:30:59,11100.0,1000.0,817438.0
672,2021-10-20 09:30:51,11100.0,1000.0,816438.0
673,2021-10-20 09:30:27,11100.0,1300.0,815438.0
674,2021-10-20 09:30:11,11100.0,500.0,814138.0
675,2021-10-20 09:30:05,11100.0,100.0,813638.0
676,2021-10-20 09:29:56,11100.0,5.0,813538.0
677,2021-10-20 09:29:36,11100.0,100.0,813533.0
678,2021-10-20 09:29:33,11000.0,300.0,813433.0
679,2021-10-20 09:29:20,11000.0,3000.0,813133.0
680,2021-10-20 09:29:18,11000.0,2000.0,810133.0
681,2021-10-20 09:29:09,11000.0,7500.0,808133.0
682,2021-10-20 09:29:01,11000.0,800.0,800633.0
683,2021-10-20 09:28:49,11100.0,5000.0,799833.0
684,2021-10-20 09:28:43,11100.0,2000.0,794833.0
685,2021-10-20 09:28:23,11000.0,7200.0,792833.0
686,2021-10-20 09:27:52,11100.0,2000.0,785633.0
687,2021-10-20 09:27:34,11100.0,300.0,783633.0
688,2021-10-20 09:27:06,11100.0,700.0,783333.0
689,2021-10-20 09:27:00,11100.0,500.0,782633.0
690,2021-10-20 09:26:57,11100.0,1000.0,782133.0
691,2021-10-20 09:26:56,11100.0,4000.0,781133.0
692,2021-10-20 09:26:55,11100.0,4400.0,777133.0
693,2021-10-20 09:26:39,11100.0,200.0,772733.0
694,2021-10-20 09:26:38,11100.0,300.0,772533.0
695,2021-10-20 09:26:35,11100.0,2100.0,772233.0
696,2021-10-20 09:26:24,11100.0,1900.0,770133.0
697,2021-10-20 09:26:15,11100.0,1700.0,768233.0
698,2021-10-20 09:26:14,11100.0,7600.0,766533.0
699,2021-10-20 09:26:11,11100.0,1000.0,758933.0
700,2021-10-20 09:26:07,11100.0,5900.0,757933.0
701,2021-10-20 09:26:04,11100.0,100.0,752033.0
702,2021-10-20 09:25:52,11100.0,4000.0,751933.0
703,2021-10-20 09:25:43,11100.0,100.0,747933.0
704,2021-10-20 09:25:40,11100.0,200.0,747833.0
705,2021-10-20 09:25:30,11100.0,100.0,747633.0
706,2021-10-20 09:25:27,11100.0,1000.0,747533.0
707,2021-10-20 09:25:26,11100.0,500.0,746533.0
708,2021-10-20 09:25:16,11100.0,2000.0,746033.0
709,2021-10-20 09:25:14,11100.0,300.0,744033.0
710,2021-10-20 09:25:11,11100.0,5000.0,743733.0
711,2021-10-20 09:25:08,11100.0,100.0,738733.0
712,2021-10-20 09:24:58,11100.0,5000.0,738633.0
713,2021-10-20 09:24:54,11100.0,5000.0,733633.0
714,2021-10-20 09:24:41,11100.0,10000.0,728633.0
715,2021-10-20 09:24:38,11100.0,1000.0,718633.0
716,2021-10-20 09:24:36,11100.0,1300.0,717633.0
717,2021-10-20 09:24:26,11100.0,500.0,716333.0
718,2021-10-20 09:24:08,11100.0,5000.0,715833.0
719,2021-10-20 09:24:03,11100.0,300.0,710833.0
720,2021-10-20 09:23:54,11100.0,3200.0,710533.0
721,2021-10-20 09:23:53,11100.0,10000.0,707333.0
722,2021-10-20 09:23:50,11100.0,5000.0,697333.0
723,2021-10-20 09:23:43,11100.0,2000.0,692333.0
724,2021-10-20 09:23:41,11100.0,2000.0,690333.0
725,2021-10-20 09:23:39,11100.0,10800.0,688333.0
726,2021-10-20 09:23:38,11100.0,20000.0,677533.0
727,2021-10-20 09:23:36,11100.0,10000.0,657533.0
728,2021-10-20 09:23:27,11100.0,10000.0,647533.0
729,2021-10-20 09:23:25,11100.0,300.0,637533.0
730,2021-10-20 09:23:15,11000.0,10.0,637233.0
731,2021-10-20 09:23:11,11000.0,200.0,637223.0
732,2021-10-20 09:23:09,11100.0,100.0,637023.0
733,2021-10-20 09:23:04,11100.0,5.0,636923.0
734,2021-10-20 09:23:02,11100.0,10000.0,636918.0
735,2021-10-20 09:22:50,11100.0,200.0,626918.0
736,2021-10-20 09:22:46,11100.0,20000.0,626718.0
737,2021-10-20 09:22:45,11000.0,600.0,606718.0
738,2021-10-20 09:22:38,11100.0,900.0,606118.0
739,2021-10-20 09:22:36,11000.0,2000.0,605218.0
740,2021-10-20 09:22:05,11100.0,3500.0,603218.0
741,2021-10-20 09:22:01,11100.0,700.0,599718.0
742,2021-10-20 09:21:54,11000.0,100.0,599018.0
743,2021-10-20 09:21:40,11100.0,3000.0,598918.0
744,2021-10-20 09:21:36,11100.0,800.0,595918.0
745,2021-10-20 09:21:22,11000.0,500.0,595118.0
746,2021-10-20 09:21:21,11100.0,6500.0,594618.0
747,2021-10-20 09:20:58,11100.0,6900.0,588118.0
748,2021-10-20 09:20:56,11000.0,10100.0,581218.0
749,2021-10-20 09:20:51,11000.0,1000.0,571118.0
750,2021-10-20 09:20:46,11100.0,100.0,570118.0
751,2021-10-20 09:20:35,11100.0,4700.0,570018.0
752,2021-10-20 09:20:15,11000.0,100.0,565318.0
753,2021-10-20 09:20:09,11000.0,1700.0,565218.0
754,2021-10-20 09:20:03,11000.0,25000.0,563518.0
755,2021-10-20 09:19:48,11000.0,20000.0,538518.0
756,2021-10-20 09:19:41,11000.0,15000.0,518518.0
757,2021-10-20 09:19:19,11000.0,10000.0,503518.0
758,2021-10-20 09:19:13,10900.0,200.0,493518.0
759,2021-10-20 09:19:09,11000.0,2000.0,493318.0
760,2021-10-20 09:19:02,11000.0,500.0,491318.0
761,2021-10-20 09:18:58,11000.0,5000.0,490818.0
762,2021-10-20 09:18:53,11000.0,500.0,485818.0
763,2021-10-20 09:18:49,11000.0,600.0,485318.0
764,2021-10-20 09:18:42,11000.0,400.0,484718.0
765,2021-10-20 09:18:41,11000.0,10000.0,484318.0
766,2021-10-20 09:18:25,11000.0,3900.0,474318.0
767,2021-10-20 09:18:08,11000.0,10000.0,470418.0
768,2021-10-20 09:17:56,11000.0,100.0,460418.0
769,2021-10-20 09:17:52,11000.0,300.0,460318.0
770,2021-10-20 09:17:51,11000.0,10400.0,460018.0
771,2021-10-20 09:17:48,11000.0,600.0,449618.0
772,2021-10-20 09:17:46,11000.0,100.0,449018.0
773,2021-10-20 09:17:44,11000.0,17000.0,448918.0
774,2021-10-20 09:17:28,11000.0,1200.0,431918.0
775,2021-10-20 09:17:19,11000.0,800.0,430718.0
776,2021-10-20 09:17:16,11000.0,500.0,429918.0
777,2021-10-20 09:17:09,11000.0,1000.0,429418.0
778,2021-10-20 09:16:56,11000.0,500.0,428418.0
779,2021-10-20 09:16:42,11000.0,10000.0,427918.0
780,2021-10-20 09:16:36,11000.0,10000.0,417918.0
781,2021-10-20 09:16:23,11000.0,2000.0,407918.0
782,2021-10-20 09:16:14,11000.0,200.0,405918.0
783,2021-10-20 09:16:04,11000.0,500.0,405718.0
784,2021-10-20 09:16:02,11000.0,2900.0,405218.0
785,2021-10-20 09:15:58,11000.0,30000.0,402318.0
786,2021-10-20 09:15:49,11000.0,500.0,372318.0
787,2021-10-20 09:15:48,11000.0,1500.0,371818.0
788,2021-10-20 09:15:35,11000.0,6000.0,370318.0
789,2021-10-20 09:15:30,11000.0,10000.0,364318.0
790,2021-10-20 09:14:17,11000.0,5000.0,354318.0
791,2021-10-20 09:14:04,11000.0,24000.0,349318.0
792,2021-10-20 09:14:00,10900.0,500.0,325318.0
793,2021-10-20 09:13:52,11000.0,2000.0,324818.0
794,2021-10-20 09:13:41,10900.0,1000.0,322818.0
795,2021-10-20 09:13:29,11000.0,2000.0,321818.0
796,2021-10-20 09:13:10,11000.0,3500.0,319818.0
797,2021-10-20 09:12:51,10900.0,200.0,316318.0
798,2021-10-20 09:12:47,11000.0,3000.0,316118.0
799,2021-10-20 09:12:45,10900.0,1400.0,313118.0
800,2021-10-20 09:12:13,10900.0,1300.0,311718.0
801,2021-10-20 09:12:03,10900.0,16800.0,310418.0
802,2021-10-20 09:11:55,10900.0,1000.0,293618.0
803,2021-10-20 09:11:52,10900.0,4100.0,292618.0
804,2021-10-20 09:11:45,10900.0,3000.0,288518.0
805,2021-10-20 09:11:36,10900.0,200.0,285518.0
806,2021-10-20 09:11:33,10900.0,500.0,285318.0
807,2021-10-20 09:11:29,10900.0,400.0,284818.0
808,2021-10-20 09:11:28,10900.0,3500.0,284418.0
809,2021-10-20 09:11:21,10900.0,101.0,280918.0
810,2021-10-20 09:11:14,10900.0,10000.0,280817.0
811,2021-10-20 09:11:06,10900.0,1000.0,270817.0
812,2021-10-20 09:11:05,10900.0,15500.0,269817.0
813,2021-10-20 09:10:58,10900.0,4000.0,254317.0
814,2021-10-20 09:10:53,11000.0,1000.0,250317.0
815,2021-10-20 09:10:52,10900.0,300.0,249317.0
816,2021-10-20 09:10:27,10900.0,1000.0,249017.0
817,2021-10-20 09:10:24,10900.0,10000.0,248017.0
818,2021-10-20 09:10:03,11000.0,300.0,238017.0
819,2021-10-20 09:10:01,10900.0,10000.0,237717.0
820,2021-10-20 09:09:47,10900.0,20000.0,227717.0
821,2021-10-20 09:09:41,11000.0,5200.0,207717.0
822,2021-10-20 09:09:39,10900.0,10000.0,202517.0
823,2021-10-20 09:09:35,10900.0,2000.0,192517.0
824,2021-10-20 09:09:32,10900.0,200.0,190517.0
825,2021-10-20 09:09:28,10900.0,5000.0,190317.0
826,2021-10-20 09:09:22,10900.0,2000.0,185317.0
827,2021-10-20 09:09:16,10900.0,3100.0,183317.0
828,2021-10-20 09:09:14,10900.0,2000.0,180217.0
829,2021-10-20 09:08:53,10900.0,3000.0,178217.0
830,2021-10-20 09:08:47,10900.0,200.0,175217.0
831,2021-10-20 09:08:46,10900.0,1000.0,175017.0
832,2021-10-20 09:08:32,10900.0,2000.0,174017.0
833,2021-10-20 09:08:31,10900.0,2000.0,172017.0
834,2021-10-20 09:08:27,10900.0,3500.0,170017.0
835,2021-10-20 09:08:14,10900.0,1000.0,166517.0
836,2021-10-20 09:08:12,10900.0,1500.0,165517.0
837,2021-10-20 09:08:02,10900.0,1000.0,164017.0
838,2021-10-20 09:07:55,10900.0,1000.0,163017.0
839,2021-10-20 09:07:53,10800.0,1100.0,162017.0
840,2021-10-20 09:07:46,10800.0,1000.0,160917.0
841,2021-10-20 09:07:40,10800.0,300.0,159917.0
842,2021-10-20 09:07:28,10800.0,1200.0,159617.0
843,2021-10-20 09:07:19,10900.0,1000.0,158417.0
844,2021-10-20 09:07:16,10800.0,5000.0,157417.0
845,2021-10-20 09:07:09,10900.0,3000.0,152417.0
846,2021-10-20 09:06:57,10900.0,7800.0,149417.0
847,2021-10-20 09:06:50,10900.0,4400.0,141617.0
848,2021-10-20 09:06:36,10900.0,1900.0,137217.0
849,2021-10-20 09:06:23,10900.0,200.0,135317.0
850,2021-10-20 09:06:21,10900.0,500.0,135117.0
851,2021-10-20 09:06:20,10900.0,900.0,134617.0
852,2021-10-20 09:06:15,10900.0,217.0,133717.0
853,2021-10-20 09:06:09,10900.0,800.0,133500.0
854,2021-10-20 09:06:04,10900.0,200.0,132700.0
855,2021-10-20 09:05:59,10900.0,1000.0,132500.0
856,2021-10-20 09:05:57,10900.0,2000.0,131500.0
857,2021-10-20 09:05:56,10900.0,1000.0,129500.0
858,2021-10-20 09:05:54,10900.0,1000.0,128500.0
859,2021-10-20 09:05:35,10900.0,2000.0,127500.0
860,2021-10-20 09:05:33,10900.0,2400.0,125500.0
861,2021-10-20 09:05:32,10900.0,5000.0,123100.0
862,2021-10-20 09:05:25,10900.0,5300.0,118100.0
863,2021-10-20 09:05:24,10900.0,10000.0,112800.0
864,2021-10-20 09:05:21,11000.0,1000.0,102800.0
865,2021-10-20 09:05:19,10900.0,8300.0,101800.0
866,2021-10-20 09:05:13,11000.0,5000.0,93500.0
867,2021-10-20 09:05:11,10900.0,800.0,88500.0
868,2021-10-20 09:05:08,10900.0,10000.0,87700.0
869,2021-10-20 09:04:49,11000.0,2000.0,77700.0
870,2021-10-20 09:04:44,11000.0,4000.0,75700.0
871,2021-10-20 09:04:39,11000.0,8300.0,71700.0
872,2021-10-20 09:04:38,11000.0,5000.0,63400.0
873,2021-10-20 09:04:37,11000.0,200.0,58400.0
874,2021-10-20 09:04:35,11000.0,500.0,58200.0
875,2021-10-20 09:04:32,11000.0,300.0,57700.0
876,2021-10-20 09:04:21,11000.0,1000.0,57400.0
877,2021-10-20 09:04:19,11000.0,200.0,56400.0
878,2021-10-20 09:04:18,11000.0,20000.0,56200.0
879,2021-10-20 09:04:17,11000.0,200.0,36200.0
880,2021-10-20 09:04:05,11000.0,1500.0,36000.0
881,2021-10-20 09:03:24,11100.0,3000.0,34500.0
882,2021-10-20 09:02:49,11100.0,1000.0,31500.0
883,2021-10-20 09:02:45,11000.0,2800.0,30500.0
884,2021-10-20 09:02:24,11200.0,200.0,27700.0
885,2021-10-20 09:02:22,11000.0,7500.0,27500.0
886,2021-10-20 09:02:21,11100.0,900.0,20000.0
887,2021-10-20 09:01:53,11100.0,1000.0,19100.0
888,2021-10-20 09:01:52,11100.0,3000.0,18100.0
889,2021-10-20 09:01:48,11100.0,300.0,15100.0
890,2021-10-20 09:01:43,11100.0,700.0,14800.0
891,2021-10-20 09:01:39,11100.0,100.0,14100.0
892,2021-10-20 09:01:37,11100.0,3800.0,14000.0
893,2021-10-20 09:01:11,11100.0,1000.0,10200.0
894,2021-10-20 09:01:10,11100.0,200.0,9200.0
895,2021-10-20 09:00:54,11100.0,100.0,9000.0
896,2021-10-20 09:00:40,11100.0,100.0,8900.0
897,2021-10-20 09:00:39,11100.0,1000.0,8800.0
898,2021-10-20 09:00:32,11100.0,100.0,7800.0
899,2021-10-20 09:00:30,11100.0,100.0,7700.0
900,2021-10-20 09:00:15,11100.0,200.0,7600.0
901,2021-10-20 09:00:11,11100.0,5000.0,7400.0
902,2021-10-20 09:00:06,11100.0,1800.0,2400.0
903,2021-10-20 09:00:05,11100.0,400.0,600.0
904,2021-10-20 09:00:04,11100.0,200.0,200.0
