,Time,Price,Volume_per_trade,Volume
0,2021-10-22 07:45:01,16700.0,500.0,6057300.0
1,2021-10-22 07:45:01,16700.0,100.0,6056800.0
2,2021-10-22 07:45:01,16700.0,500.0,6056700.0
3,2021-10-22 07:45:01,16700.0,6700.0,6056200.0
4,2021-10-22 07:45:01,16700.0,100.0,6049500.0
5,2021-10-22 07:45:01,16700.0,100.0,6049400.0
6,2021-10-22 07:45:01,16700.0,200.0,6049300.0
7,2021-10-22 07:29:21,16700.0,2000.0,6049100.0
8,2021-10-22 07:28:51,16700.0,600.0,6047100.0
9,2021-10-22 07:28:33,16700.0,100.0,6046500.0
10,2021-10-22 07:27:42,16700.0,1000.0,6046400.0
11,2021-10-22 07:27:18,16700.0,200.0,6045400.0
12,2021-10-22 07:26:39,16700.0,100.0,6045200.0
13,2021-10-22 07:26:26,16700.0,100.0,6045100.0
14,2021-10-22 07:26:20,16700.0,300.0,6045000.0
15,2021-10-22 07:26:19,16700.0,500.0,6044700.0
16,2021-10-22 07:24:13,16700.0,8500.0,6044200.0
17,2021-10-22 07:24:11,16700.0,7100.0,6035700.0
18,2021-10-22 07:24:11,16700.0,900.0,6028600.0
19,2021-10-22 07:23:33,16700.0,100.0,6027700.0
20,2021-10-22 07:22:41,16700.0,4000.0,6027600.0
21,2021-10-22 07:22:41,16700.0,1500.0,6023600.0
22,2021-10-22 07:22:41,16700.0,100.0,6022100.0
23,2021-10-22 07:22:41,16700.0,4400.0,6022000.0
24,2021-10-22 07:22:03,16700.0,1800.0,6017600.0
25,2021-10-22 07:22:03,16700.0,1000.0,6015800.0
26,2021-10-22 07:22:03,16700.0,200.0,6014800.0
27,2021-10-22 07:22:02,16700.0,100.0,6014600.0
28,2021-10-22 07:21:07,16700.0,1000.0,6014500.0
29,2021-10-22 07:20:44,16700.0,3000.0,6013500.0
30,2021-10-22 07:20:38,16700.0,10000.0,6010500.0
31,2021-10-22 07:20:19,16700.0,100.0,6000500.0
32,2021-10-22 07:20:17,16700.0,5600.0,6000400.0
33,2021-10-22 07:20:17,16700.0,200.0,5994800.0
34,2021-10-22 07:20:17,16700.0,200.0,5994600.0
35,2021-10-22 07:20:13,16700.0,500.0,5994400.0
36,2021-10-22 07:19:47,16700.0,100.0,5993900.0
37,2021-10-22 07:19:11,16700.0,100.0,5993800.0
38,2021-10-22 07:18:59,16700.0,1100.0,5993700.0
39,2021-10-22 07:18:59,16700.0,100.0,5992600.0
40,2021-10-22 07:18:59,16700.0,100.0,5992500.0
41,2021-10-22 07:18:59,16700.0,200.0,5992400.0
42,2021-10-22 07:18:59,16700.0,3000.0,5992200.0
43,2021-10-22 07:18:59,16700.0,2000.0,5989200.0
44,2021-10-22 07:18:59,16700.0,3500.0,5987200.0
45,2021-10-22 07:18:56,16700.0,200.0,5983700.0
46,2021-10-22 07:18:40,16700.0,2300.0,5983500.0
47,2021-10-22 07:18:40,16700.0,500.0,5981200.0
48,2021-10-22 07:18:40,16700.0,200.0,5980700.0
49,2021-10-22 07:18:19,16700.0,100.0,5980500.0
50,2021-10-22 07:18:18,16700.0,400.0,5980400.0
51,2021-10-22 07:18:13,16700.0,1100.0,5980000.0
52,2021-10-22 07:18:12,16700.0,100.0,5978900.0
53,2021-10-22 07:17:51,16700.0,1000.0,5978800.0
54,2021-10-22 07:17:51,16700.0,1600.0,5977800.0
55,2021-10-22 07:17:51,16700.0,200.0,5976200.0
56,2021-10-22 07:17:51,16700.0,1200.0,5976000.0
57,2021-10-22 07:17:13,16700.0,200.0,5974800.0
58,2021-10-22 07:16:18,16700.0,2200.0,5974600.0
59,2021-10-22 07:16:18,16700.0,500.0,5972400.0
60,2021-10-22 07:16:18,16700.0,4900.0,5971900.0
61,2021-10-22 07:16:18,16700.0,2000.0,5967000.0
62,2021-10-22 07:16:18,16700.0,800.0,5965000.0
63,2021-10-22 07:16:16,16700.0,200.0,5964200.0
64,2021-10-22 07:16:16,16700.0,100.0,5964000.0
65,2021-10-22 07:16:16,16700.0,700.0,5963900.0
66,2021-10-22 07:16:15,16700.0,1000.0,5963200.0
67,2021-10-22 07:15:41,16700.0,300.0,5962200.0
68,2021-10-22 07:15:41,16700.0,200.0,5961900.0
69,2021-10-22 07:15:28,16700.0,4800.0,5961700.0
70,2021-10-22 07:15:28,16700.0,100.0,5956900.0
71,2021-10-22 07:15:28,16700.0,500.0,5956800.0
72,2021-10-22 07:15:28,16700.0,100.0,5956300.0
73,2021-10-22 07:15:28,16700.0,1000.0,5956200.0
74,2021-10-22 07:15:28,16700.0,3500.0,5955200.0
75,2021-10-22 07:14:05,16700.0,700.0,5951700.0
76,2021-10-22 07:13:15,16700.0,3000.0,5951000.0
77,2021-10-22 07:13:05,16700.0,1000.0,5948000.0
78,2021-10-22 07:12:51,16700.0,1800.0,5947000.0
79,2021-10-22 07:12:51,16700.0,2000.0,5945200.0
80,2021-10-22 07:12:51,16700.0,4000.0,5943200.0
81,2021-10-22 07:12:51,16700.0,1000.0,5939200.0
82,2021-10-22 07:12:51,16700.0,3000.0,5938200.0
83,2021-10-22 07:12:51,16700.0,500.0,5935200.0
84,2021-10-22 07:12:51,16700.0,300.0,5934700.0
85,2021-10-22 07:12:51,16700.0,300.0,5934400.0
86,2021-10-22 07:12:51,16700.0,1000.0,5934100.0
87,2021-10-22 07:12:51,16700.0,20000.0,5933100.0
88,2021-10-22 07:12:51,16700.0,700.0,5913100.0
89,2021-10-22 07:12:51,16700.0,1000.0,5912400.0
90,2021-10-22 07:12:51,16700.0,14400.0,5911400.0
91,2021-10-22 07:12:40,16700.0,1000.0,5897000.0
92,2021-10-22 07:12:32,16700.0,100.0,5896000.0
93,2021-10-22 07:11:35,16700.0,300.0,5895900.0
94,2021-10-22 07:09:12,16700.0,2000.0,5895600.0
95,2021-10-22 07:07:24,16700.0,500.0,5893600.0
96,2021-10-22 07:05:30,16700.0,30000.0,5893100.0
97,2021-10-22 07:03:56,16700.0,100.0,5863100.0
98,2021-10-22 07:03:30,16700.0,100.0,5863000.0
99,2021-10-22 06:59:14,16700.0,1000.0,5862900.0
100,2021-10-22 06:56:46,16700.0,200.0,5861900.0
101,2021-10-22 06:55:27,16700.0,200.0,5861700.0
102,2021-10-22 06:55:12,16700.0,700.0,5861500.0
103,2021-10-22 06:55:12,16700.0,100.0,5860800.0
104,2021-10-22 06:55:06,16700.0,300.0,5860700.0
105,2021-10-22 06:53:28,16700.0,100.0,5860400.0
106,2021-10-22 06:52:21,16700.0,100.0,5860300.0
107,2021-10-22 06:51:56,16700.0,100.0,5860200.0
108,2021-10-22 06:51:09,16700.0,1000.0,5860100.0
109,2021-10-22 06:50:35,16700.0,500.0,5859100.0
110,2021-10-22 06:50:32,16700.0,1000.0,5858600.0
111,2021-10-22 06:46:14,16700.0,100.0,5857600.0
112,2021-10-22 06:45:58,16700.0,300.0,5857500.0
113,2021-10-22 06:45:22,16700.0,100.0,5857200.0
114,2021-10-22 06:44:23,16700.0,500.0,5857100.0
115,2021-10-22 06:43:57,16700.0,400.0,5856600.0
116,2021-10-22 06:43:56,16700.0,100.0,5856200.0
117,2021-10-22 06:42:53,16700.0,300.0,5856100.0
118,2021-10-22 06:42:39,16700.0,200.0,5855800.0
119,2021-10-22 06:41:02,16700.0,700.0,5855600.0
120,2021-10-22 06:40:45,16700.0,300.0,5854900.0
121,2021-10-22 06:40:16,16700.0,7500.0,5854600.0
122,2021-10-22 06:40:00,16700.0,1000.0,5847100.0
123,2021-10-22 06:38:26,16700.0,400.0,5846100.0
124,2021-10-22 06:37:26,16700.0,2700.0,5845700.0
125,2021-10-22 06:36:30,16700.0,5000.0,5843000.0
126,2021-10-22 06:35:08,16700.0,200.0,5838000.0
127,2021-10-22 06:33:14,16700.0,100.0,5837800.0
128,2021-10-22 06:32:22,16700.0,100.0,5837700.0
129,2021-10-22 06:29:33,16700.0,3000.0,5837600.0
130,2021-10-22 06:27:26,16700.0,9200.0,5834600.0
131,2021-10-22 06:24:59,16700.0,1000.0,5825400.0
132,2021-10-22 06:22:34,16700.0,300.0,5824400.0
133,2021-10-22 06:21:08,16700.0,200.0,5824100.0
134,2021-10-22 06:20:25,16700.0,1000.0,5823900.0
135,2021-10-22 06:19:48,16700.0,500.0,5822900.0
136,2021-10-22 06:18:20,16700.0,20000.0,5822400.0
137,2021-10-22 06:16:09,16700.0,1000.0,5802400.0
138,2021-10-22 06:15:01,16700.0,100.0,5801400.0
139,2021-10-22 06:12:41,16700.0,200.0,5801300.0
140,2021-10-22 06:11:19,16700.0,1000.0,5801100.0
141,2021-10-22 06:11:09,16700.0,1400.0,5800100.0
142,2021-10-22 06:06:35,16700.0,100.0,5798700.0
143,2021-10-22 06:03:05,16700.0,1000.0,5798600.0
144,2021-10-22 06:02:55,16700.0,500.0,5797600.0
145,2021-10-22 06:02:20,16700.0,500.0,5797100.0
146,2021-10-22 06:00:52,16700.0,200.0,5796600.0
147,2021-10-22 06:00:31,16700.0,100.0,5796400.0
148,2021-10-22 06:00:28,16700.0,100.0,5796300.0
149,2021-10-22 06:00:23,16700.0,100.0,5796200.0
150,2021-10-22 06:00:16,16700.0,2700.0,5796100.0
151,2021-10-22 06:00:16,16700.0,2300.0,5793400.0
152,2021-10-22 06:00:07,16700.0,1000.0,5791100.0
153,2021-10-22 06:00:06,16700.0,200.0,5790100.0
154,2021-10-22 06:00:05,16700.0,300.0,5789900.0
155,2021-10-22 06:00:04,16700.0,1000.0,5789600.0
156,2021-10-22 06:00:04,16700.0,100.0,5788600.0
157,2021-10-22 06:00:04,16700.0,2000.0,5788500.0
158,2021-10-22 06:00:03,16700.0,1000.0,5786500.0
159,2021-10-22 06:00:03,16700.0,2500.0,5785500.0
160,2021-10-22 06:00:03,16700.0,600.0,5783000.0
161,2021-10-22 06:00:02,16700.0,300.0,5782400.0
162,2021-10-22 06:00:02,16700.0,100.0,5782100.0
163,2021-10-22 06:00:02,16700.0,200.0,5782000.0
164,2021-10-22 06:00:02,16700.0,500.0,5781800.0
165,2021-10-22 06:00:01,16700.0,100.0,5781300.0
166,2021-10-22 06:00:01,16700.0,100.0,5781200.0
167,2021-10-22 04:29:49,16700.0,100.0,5781100.0
168,2021-10-22 04:29:18,16700.0,300.0,5781000.0
169,2021-10-22 04:28:50,16700.0,200.0,5780700.0
170,2021-10-22 04:28:26,16700.0,100.0,5780500.0
171,2021-10-22 04:22:31,16700.0,3000.0,5780400.0
172,2021-10-22 04:20:31,16700.0,100.0,5777400.0
173,2021-10-22 04:19:40,16700.0,1000.0,5777300.0
174,2021-10-22 04:19:02,16700.0,200.0,5776300.0
175,2021-10-22 04:17:54,16700.0,400.0,5776100.0
176,2021-10-22 04:17:35,16700.0,5000.0,5775700.0
177,2021-10-22 04:16:56,16700.0,1500.0,5770700.0
178,2021-10-22 04:16:50,16700.0,5000.0,5769200.0
179,2021-10-22 04:16:10,16700.0,100.0,5764200.0
180,2021-10-22 04:15:19,16700.0,5000.0,5764100.0
181,2021-10-22 04:15:06,16700.0,3000.0,5759100.0
182,2021-10-22 04:14:21,16700.0,4200.0,5756100.0
183,2021-10-22 04:14:15,16700.0,1000.0,5751900.0
184,2021-10-22 04:13:21,16700.0,1000.0,5750900.0
185,2021-10-22 04:11:52,16700.0,200.0,5749900.0
186,2021-10-22 04:11:41,16700.0,5000.0,5749700.0
187,2021-10-22 04:11:13,16700.0,5000.0,5744700.0
188,2021-10-22 04:10:08,16700.0,1000.0,5739700.0
189,2021-10-22 04:07:47,16700.0,200.0,5738700.0
190,2021-10-22 04:07:45,16700.0,5000.0,5738500.0
191,2021-10-22 04:07:45,16700.0,1000.0,5733500.0
192,2021-10-22 04:07:30,16700.0,2600.0,5732500.0
193,2021-10-22 04:06:59,16700.0,5000.0,5729900.0
194,2021-10-22 04:06:53,16700.0,800.0,5724900.0
195,2021-10-22 04:06:25,16700.0,2000.0,5724100.0
196,2021-10-22 04:05:49,16700.0,100.0,5722100.0
197,2021-10-22 04:05:21,16700.0,1500.0,5722000.0
198,2021-10-22 04:04:57,16700.0,300.0,5720500.0
199,2021-10-22 04:04:22,16700.0,5000.0,5720200.0
200,2021-10-22 04:03:06,16700.0,100.0,5715200.0
201,2021-10-22 04:03:05,16700.0,800.0,5715100.0
202,2021-10-22 04:02:40,16700.0,4000.0,5714300.0
203,2021-10-22 04:02:27,16700.0,1500.0,5710300.0
204,2021-10-22 04:01:15,16700.0,600.0,5708800.0
205,2021-10-22 04:01:12,16700.0,2000.0,5708200.0
206,2021-10-22 04:00:42,16700.0,100.0,5706200.0
207,2021-10-22 04:00:30,16700.0,6500.0,5706100.0
208,2021-10-22 04:00:29,16700.0,200.0,5699600.0
209,2021-10-22 04:00:26,16700.0,1000.0,5699400.0
210,2021-10-22 04:00:05,16700.0,300.0,5698400.0
211,2021-10-22 04:00:01,16700.0,200.0,5698100.0
212,2021-10-22 04:00:01,16700.0,2000.0,5697900.0
213,2021-10-22 03:59:57,16700.0,500.0,5695900.0
214,2021-10-22 03:59:48,16700.0,200.0,5695400.0
215,2021-10-22 03:58:57,16700.0,100.0,5695200.0
216,2021-10-22 03:58:33,16700.0,700.0,5695100.0
217,2021-10-22 03:58:31,16700.0,100.0,5694400.0
218,2021-10-22 03:58:26,16700.0,500.0,5694300.0
219,2021-10-22 03:58:12,16700.0,400.0,5693800.0
220,2021-10-22 03:58:12,16700.0,500.0,5693400.0
221,2021-10-22 03:58:12,16700.0,2100.0,5692900.0
222,2021-10-22 03:58:12,16700.0,100.0,5690800.0
223,2021-10-22 03:58:02,16700.0,5000.0,5690700.0
224,2021-10-22 03:57:59,16700.0,200.0,5685700.0
225,2021-10-22 03:57:41,16700.0,2600.0,5685500.0
226,2021-10-22 03:57:29,16700.0,2000.0,5682900.0
227,2021-10-22 03:57:18,16700.0,200.0,5680900.0
228,2021-10-22 03:57:02,16700.0,1500.0,5680700.0
229,2021-10-22 03:56:40,16700.0,1000.0,5679200.0
230,2021-10-22 03:56:30,16700.0,300.0,5678200.0
231,2021-10-22 03:56:20,16700.0,2000.0,5677900.0
232,2021-10-22 03:56:13,16700.0,300.0,5675900.0
233,2021-10-22 03:55:57,16700.0,300.0,5675600.0
234,2021-10-22 03:55:35,16700.0,2000.0,5675300.0
235,2021-10-22 03:55:14,16700.0,400.0,5673300.0
236,2021-10-22 03:55:14,16700.0,600.0,5672900.0
237,2021-10-22 03:55:14,16700.0,200.0,5672300.0
238,2021-10-22 03:54:31,16700.0,1200.0,5672100.0
239,2021-10-22 03:54:31,16700.0,2500.0,5670900.0
240,2021-10-22 03:54:29,16700.0,500.0,5668400.0
241,2021-10-22 03:54:22,16700.0,500.0,5667900.0
242,2021-10-22 03:54:17,16700.0,8000.0,5667400.0
243,2021-10-22 03:54:02,16700.0,100.0,5659400.0
244,2021-10-22 03:53:57,16700.0,500.0,5659300.0
245,2021-10-22 03:53:49,16700.0,12500.0,5658800.0
246,2021-10-22 03:53:30,16700.0,400.0,5646300.0
247,2021-10-22 03:53:27,16700.0,100.0,5645900.0
248,2021-10-22 03:53:13,16700.0,900.0,5645800.0
249,2021-10-22 03:53:07,16700.0,4000.0,5644900.0
250,2021-10-22 03:53:07,16700.0,2000.0,5640900.0
251,2021-10-22 03:53:07,16700.0,4000.0,5638900.0
252,2021-10-22 03:53:00,16700.0,1000.0,5634900.0
253,2021-10-22 03:52:56,16700.0,1000.0,5633900.0
254,2021-10-22 03:52:53,16700.0,400.0,5632900.0
255,2021-10-22 03:52:43,16700.0,1000.0,5632500.0
256,2021-10-22 03:52:41,16700.0,300.0,5631500.0
257,2021-10-22 03:52:40,16700.0,300.0,5631200.0
258,2021-10-22 03:52:40,16700.0,100.0,5630900.0
259,2021-10-22 03:52:40,16700.0,100.0,5630800.0
260,2021-10-22 03:52:31,16700.0,400.0,5630700.0
261,2021-10-22 03:52:31,16700.0,100.0,5630300.0
262,2021-10-22 03:52:22,16700.0,4300.0,5630200.0
263,2021-10-22 03:52:14,16700.0,5000.0,5625900.0
264,2021-10-22 03:51:57,16700.0,200.0,5620900.0
265,2021-10-22 03:51:57,16700.0,400.0,5620700.0
266,2021-10-22 03:51:48,16700.0,100.0,5620300.0
267,2021-10-22 03:51:00,16700.0,300.0,5620200.0
268,2021-10-22 03:50:54,16700.0,100.0,5619900.0
269,2021-10-22 03:50:51,16700.0,100.0,5619800.0
270,2021-10-22 03:50:48,16700.0,1000.0,5619700.0
271,2021-10-22 03:50:36,16700.0,10000.0,5618700.0
272,2021-10-22 03:50:29,16700.0,100.0,5608700.0
273,2021-10-22 03:50:23,16700.0,5000.0,5608600.0
274,2021-10-22 03:50:17,16700.0,5000.0,5603600.0
275,2021-10-22 03:50:13,16700.0,100.0,5598600.0
276,2021-10-22 03:50:11,16700.0,30000.0,5598500.0
277,2021-10-22 03:50:08,16700.0,4000.0,5568500.0
278,2021-10-22 03:50:08,16700.0,1600.0,5564500.0
279,2021-10-22 03:50:04,16700.0,100.0,5562900.0
280,2021-10-22 03:50:01,16700.0,800.0,5562800.0
281,2021-10-22 03:49:43,16700.0,300.0,5562000.0
282,2021-10-22 03:49:16,16700.0,2000.0,5561700.0
283,2021-10-22 03:48:46,16700.0,11600.0,5559700.0
284,2021-10-22 03:48:32,16700.0,4500.0,5548100.0
285,2021-10-22 03:48:30,16700.0,1000.0,5543600.0
286,2021-10-22 03:48:23,16700.0,100.0,5542600.0
287,2021-10-22 03:48:18,16700.0,5000.0,5542500.0
288,2021-10-22 03:48:12,16700.0,200.0,5537500.0
289,2021-10-22 03:48:11,16700.0,1000.0,5537300.0
290,2021-10-22 03:48:02,16700.0,3000.0,5536300.0
291,2021-10-22 03:47:54,16700.0,300.0,5533300.0
292,2021-10-22 03:47:49,16700.0,1000.0,5533000.0
293,2021-10-22 03:47:48,16700.0,1000.0,5532000.0
294,2021-10-22 03:47:45,16700.0,7000.0,5531000.0
295,2021-10-22 03:47:37,16700.0,200.0,5524000.0
296,2021-10-22 03:47:37,16700.0,1000.0,5523800.0
297,2021-10-22 03:47:37,16700.0,300.0,5522800.0
298,2021-10-22 03:47:37,16700.0,20000.0,5522500.0
299,2021-10-22 03:47:37,16700.0,500.0,5502500.0
300,2021-10-22 03:47:37,16700.0,400.0,5502000.0
301,2021-10-22 03:47:37,16700.0,10000.0,5501600.0
302,2021-10-22 03:47:37,16700.0,900.0,5491600.0
303,2021-10-22 03:47:37,16700.0,1500.0,5490700.0
304,2021-10-22 03:47:37,16700.0,100.0,5489200.0
305,2021-10-22 03:47:37,16700.0,20000.0,5489100.0
306,2021-10-22 03:47:37,16700.0,500.0,5469100.0
307,2021-10-22 03:47:37,16700.0,2000.0,5468600.0
308,2021-10-22 03:47:37,16700.0,1000.0,5466600.0
309,2021-10-22 03:47:37,16700.0,9100.0,5465600.0
310,2021-10-22 03:47:37,16700.0,300.0,5456500.0
311,2021-10-22 03:47:37,16700.0,200.0,5456200.0
312,2021-10-22 03:47:37,16700.0,2000.0,5456000.0
313,2021-10-22 03:47:37,16700.0,1000.0,5454000.0
314,2021-10-22 03:47:37,16700.0,400.0,5453000.0
315,2021-10-22 03:47:37,16700.0,400.0,5452600.0
316,2021-10-22 03:47:37,16700.0,1500.0,5452200.0
317,2021-10-22 03:47:37,16700.0,300.0,5450700.0
318,2021-10-22 03:47:37,16700.0,1000.0,5450400.0
319,2021-10-22 03:47:37,16700.0,300.0,5449400.0
320,2021-10-22 03:47:37,16700.0,100.0,5449100.0
321,2021-10-22 03:47:37,16700.0,600.0,5449000.0
322,2021-10-22 03:47:37,16700.0,6100.0,5448400.0
323,2021-10-22 03:47:37,16700.0,41800.0,5442300.0
324,2021-10-22 03:47:37,16700.0,10000.0,5400500.0
325,2021-10-22 03:47:37,16700.0,1000.0,5390500.0
326,2021-10-22 03:47:37,16700.0,100.0,5389500.0
327,2021-10-22 03:47:37,16700.0,4000.0,5389400.0
328,2021-10-22 03:47:37,16700.0,4000.0,5385400.0
329,2021-10-22 03:47:37,16700.0,12300.0,5381400.0
330,2021-10-22 03:47:37,16700.0,100.0,5369100.0
331,2021-10-22 03:47:37,16700.0,300.0,5369000.0
332,2021-10-22 03:47:37,16700.0,500.0,5368700.0
333,2021-10-22 03:47:37,16700.0,5000.0,5368200.0
334,2021-10-22 03:47:37,16700.0,500.0,5363200.0
335,2021-10-22 03:47:37,16700.0,1600.0,5362700.0
336,2021-10-22 03:47:37,16700.0,1000.0,5361100.0
337,2021-10-22 03:47:37,16700.0,5000.0,5360100.0
338,2021-10-22 03:47:37,16700.0,1000.0,5355100.0
339,2021-10-22 03:47:37,16700.0,5000.0,5354100.0
340,2021-10-22 03:47:37,16700.0,500.0,5349100.0
341,2021-10-22 03:47:37,16700.0,800.0,5348600.0
342,2021-10-22 03:47:37,16700.0,3000.0,5347800.0
343,2021-10-22 03:47:37,16700.0,500.0,5344800.0
344,2021-10-22 03:47:37,16700.0,600.0,5344300.0
345,2021-10-22 03:47:37,16700.0,100.0,5343700.0
346,2021-10-22 03:47:37,16700.0,500.0,5343600.0
347,2021-10-22 03:47:37,16700.0,10000.0,5343100.0
348,2021-10-22 03:47:37,16700.0,500.0,5333100.0
349,2021-10-22 03:47:37,16700.0,1100.0,5332600.0
350,2021-10-22 03:47:37,16700.0,800.0,5331500.0
351,2021-10-22 03:47:37,16700.0,300.0,5330700.0
352,2021-10-22 03:47:37,16700.0,500.0,5330400.0
353,2021-10-22 03:47:37,16700.0,10000.0,5329900.0
354,2021-10-22 03:47:37,16700.0,1000.0,5319900.0
355,2021-10-22 03:47:37,16700.0,5000.0,5318900.0
356,2021-10-22 03:47:37,16700.0,1000.0,5313900.0
357,2021-10-22 03:47:37,16700.0,10000.0,5312900.0
358,2021-10-22 03:47:37,16700.0,15000.0,5302900.0
359,2021-10-22 03:47:37,16700.0,100.0,5287900.0
360,2021-10-22 03:47:37,16700.0,500.0,5287800.0
361,2021-10-22 03:47:37,16700.0,400.0,5287300.0
362,2021-10-22 03:47:37,16700.0,1000.0,5286900.0
363,2021-10-22 03:47:37,16700.0,1000.0,5285900.0
364,2021-10-22 03:47:37,16700.0,22000.0,5284900.0
365,2021-10-22 03:47:37,16700.0,90000.0,5262900.0
366,2021-10-22 03:47:37,16700.0,500.0,5172900.0
367,2021-10-22 03:47:37,16700.0,500.0,5172400.0
368,2021-10-22 03:47:37,16700.0,10400.0,5171900.0
369,2021-10-22 03:47:37,16700.0,3000.0,5161500.0
370,2021-10-22 03:47:37,16700.0,10000.0,5158500.0
371,2021-10-22 03:47:37,16700.0,500.0,5148500.0
372,2021-10-22 03:47:37,16700.0,2000.0,5148000.0
373,2021-10-22 03:47:37,16700.0,1000.0,5146000.0
374,2021-10-22 03:47:37,16700.0,100.0,5145000.0
375,2021-10-22 03:47:37,16700.0,3000.0,5144900.0
376,2021-10-22 03:47:37,16700.0,1000.0,5141900.0
377,2021-10-22 03:47:37,16700.0,10000.0,5140900.0
378,2021-10-22 03:47:37,16700.0,500.0,5130900.0
379,2021-10-22 03:47:37,16700.0,200.0,5130400.0
380,2021-10-22 03:47:37,16700.0,300.0,5130200.0
381,2021-10-22 03:47:37,16700.0,1000.0,5129900.0
382,2021-10-22 03:47:37,16700.0,1500.0,5128900.0
383,2021-10-22 03:47:37,16700.0,2000.0,5127400.0
384,2021-10-22 03:47:37,16700.0,51500.0,5125400.0
385,2021-10-22 03:47:37,16700.0,500.0,5073900.0
386,2021-10-22 03:47:37,16700.0,5000.0,5073400.0
387,2021-10-22 03:47:37,16700.0,1000.0,5068400.0
388,2021-10-22 03:47:37,16700.0,1000.0,5067400.0
389,2021-10-22 03:47:37,16700.0,1000.0,5066400.0
390,2021-10-22 03:47:37,16700.0,1000.0,5065400.0
391,2021-10-22 03:47:37,16700.0,1000.0,5064400.0
392,2021-10-22 03:47:37,16700.0,20000.0,5063400.0
393,2021-10-22 03:47:37,16700.0,5000.0,5043400.0
394,2021-10-22 03:47:37,16700.0,500.0,5038400.0
395,2021-10-22 03:47:37,16700.0,300.0,5037900.0
396,2021-10-22 03:47:37,16700.0,1200.0,5037600.0
397,2021-10-22 03:47:37,16700.0,500.0,5036400.0
398,2021-10-22 03:47:37,16700.0,2000.0,5035900.0
399,2021-10-22 03:47:37,16700.0,500.0,5033900.0
400,2021-10-22 03:47:37,16700.0,400.0,5033400.0
401,2021-10-22 03:47:37,16700.0,1300.0,5033000.0
402,2021-10-22 03:47:37,16700.0,500.0,5031700.0
403,2021-10-22 03:47:37,16700.0,2000.0,5031200.0
404,2021-10-22 03:47:37,16700.0,100.0,5029200.0
405,2021-10-22 03:47:37,16700.0,900.0,5029100.0
406,2021-10-22 03:47:37,16700.0,3700.0,5028200.0
407,2021-10-22 03:47:37,16700.0,700.0,5024500.0
408,2021-10-22 03:47:37,16700.0,700.0,5023800.0
409,2021-10-22 03:47:37,16700.0,5000.0,5023100.0
410,2021-10-22 03:47:37,16700.0,500.0,5018100.0
411,2021-10-22 03:47:37,16700.0,500.0,5017600.0
412,2021-10-22 03:47:37,16700.0,5000.0,5017100.0
413,2021-10-22 03:47:37,16700.0,500.0,5012100.0
414,2021-10-22 03:47:37,16700.0,10000.0,5011600.0
415,2021-10-22 03:47:37,16700.0,2000.0,5001600.0
416,2021-10-22 03:47:37,16700.0,1200.0,4999600.0
417,2021-10-22 03:47:37,16700.0,100.0,4998400.0
418,2021-10-22 03:47:37,16700.0,2000.0,4998300.0
419,2021-10-22 03:47:37,16700.0,1000.0,4996300.0
420,2021-10-22 03:47:37,16700.0,2000.0,4995300.0
421,2021-10-22 03:47:37,16700.0,1000.0,4993300.0
422,2021-10-22 03:47:37,16700.0,1000.0,4992300.0
423,2021-10-22 03:47:37,16700.0,76800.0,4991300.0
424,2021-10-22 03:47:37,16700.0,3000.0,4914500.0
425,2021-10-22 03:47:37,16700.0,300.0,4911500.0
426,2021-10-22 03:47:37,16700.0,200.0,4911200.0
427,2021-10-22 03:47:37,16700.0,100.0,4911000.0
428,2021-10-22 03:47:37,16700.0,200.0,4910900.0
429,2021-10-22 03:47:37,16700.0,5000.0,4910700.0
430,2021-10-22 03:47:37,16700.0,100.0,4905700.0
431,2021-10-22 03:47:37,16700.0,1000.0,4905600.0
432,2021-10-22 03:47:37,16700.0,3200.0,4904600.0
433,2021-10-22 03:47:37,16700.0,2000.0,4901400.0
434,2021-10-22 03:47:37,16700.0,200.0,4899400.0
435,2021-10-22 03:47:37,16700.0,2000.0,4899200.0
436,2021-10-22 03:47:37,16700.0,200.0,4897200.0
437,2021-10-22 03:47:37,16700.0,2000.0,4897000.0
438,2021-10-22 03:47:37,16700.0,2500.0,4895000.0
439,2021-10-22 03:47:37,16700.0,20000.0,4892500.0
440,2021-10-22 03:47:37,16700.0,2000.0,4872500.0
441,2021-10-22 03:47:37,16700.0,1200.0,4870500.0
442,2021-10-22 03:47:37,16700.0,600.0,4869300.0
443,2021-10-22 03:47:37,16700.0,20000.0,4868700.0
444,2021-10-22 03:47:37,16700.0,200.0,4848700.0
445,2021-10-22 03:47:37,16700.0,1000.0,4848500.0
446,2021-10-22 03:47:37,16700.0,5000.0,4847500.0
447,2021-10-22 03:47:37,16700.0,1000.0,4842500.0
448,2021-10-22 03:47:37,16700.0,1000.0,4841500.0
449,2021-10-22 03:47:37,16700.0,5000.0,4840500.0
450,2021-10-22 03:47:37,16700.0,2000.0,4835500.0
451,2021-10-22 03:47:37,16700.0,1500.0,4833500.0
452,2021-10-22 03:47:37,16700.0,1400.0,4832000.0
453,2021-10-22 03:47:37,16700.0,200.0,4830600.0
454,2021-10-22 03:47:37,16700.0,1000.0,4830400.0
455,2021-10-22 03:47:37,16700.0,7100.0,4829400.0
456,2021-10-22 03:47:37,16700.0,500.0,4822300.0
457,2021-10-22 03:47:37,16700.0,100.0,4821800.0
458,2021-10-22 03:47:37,16700.0,500.0,4821700.0
459,2021-10-22 03:47:37,16700.0,500.0,4821200.0
460,2021-10-22 03:47:37,16700.0,5000.0,4820700.0
461,2021-10-22 03:47:37,16700.0,1500.0,4815700.0
462,2021-10-22 03:47:37,16700.0,2000.0,4814200.0
463,2021-10-22 03:47:37,16700.0,100.0,4812200.0
464,2021-10-22 03:47:37,16700.0,2000.0,4812100.0
465,2021-10-22 03:47:37,16700.0,400.0,4810100.0
466,2021-10-22 03:47:37,16700.0,5000.0,4809700.0
467,2021-10-22 03:47:37,16700.0,5000.0,4804700.0
468,2021-10-22 03:47:37,16700.0,10000.0,4799700.0
469,2021-10-22 03:47:37,16700.0,500.0,4789700.0
470,2021-10-22 03:47:37,16700.0,300.0,4789200.0
471,2021-10-22 03:47:37,16700.0,200.0,4788900.0
472,2021-10-22 03:47:37,16700.0,1000.0,4788700.0
473,2021-10-22 03:47:37,16700.0,15000.0,4787700.0
474,2021-10-22 03:47:37,16700.0,200.0,4772700.0
475,2021-10-22 03:47:37,16700.0,300.0,4772500.0
476,2021-10-22 03:47:37,16700.0,500.0,4772200.0
477,2021-10-22 03:47:37,16700.0,500.0,4771700.0
478,2021-10-22 03:47:37,16700.0,1000.0,4771200.0
479,2021-10-22 03:47:37,16700.0,100.0,4770200.0
480,2021-10-22 03:47:37,16700.0,400.0,4770100.0
481,2021-10-22 03:47:37,16700.0,2000.0,4769700.0
482,2021-10-22 03:47:37,16700.0,100.0,4767700.0
483,2021-10-22 03:47:37,16700.0,5000.0,4767600.0
484,2021-10-22 03:47:37,16700.0,100.0,4762600.0
485,2021-10-22 03:47:37,16700.0,2000.0,4762500.0
486,2021-10-22 03:47:37,16700.0,100.0,4760500.0
487,2021-10-22 03:47:37,16700.0,10000.0,4760400.0
488,2021-10-22 03:47:37,16700.0,100.0,4750400.0
489,2021-10-22 03:47:37,16700.0,100.0,4750300.0
490,2021-10-22 03:47:37,16700.0,500.0,4750200.0
491,2021-10-22 03:47:37,16700.0,3700.0,4749700.0
492,2021-10-22 03:47:37,16700.0,300.0,4746000.0
493,2021-10-22 03:47:37,16700.0,20000.0,4745700.0
494,2021-10-22 03:47:37,16700.0,500.0,4725700.0
495,2021-10-22 03:47:37,16700.0,10000.0,4725200.0
496,2021-10-22 03:47:37,16700.0,1000.0,4715200.0
497,2021-10-22 03:47:37,16700.0,5000.0,4714200.0
498,2021-10-22 03:47:37,16700.0,400.0,4709200.0
499,2021-10-22 03:47:37,16700.0,200.0,4708800.0
500,2021-10-22 03:47:37,16700.0,20000.0,4708600.0
501,2021-10-22 03:47:37,16700.0,800.0,4688600.0
502,2021-10-22 03:47:37,16700.0,10000.0,4687800.0
503,2021-10-22 03:47:37,16700.0,500.0,4677800.0
504,2021-10-22 03:47:37,16700.0,1000.0,4677300.0
505,2021-10-22 03:47:37,16700.0,2000.0,4676300.0
506,2021-10-22 03:47:37,16700.0,100.0,4674300.0
507,2021-10-22 03:47:37,16700.0,5000.0,4674200.0
508,2021-10-22 03:47:37,16700.0,2000.0,4669200.0
509,2021-10-22 03:47:37,16700.0,20000.0,4667200.0
510,2021-10-22 03:47:37,16700.0,5000.0,4647200.0
511,2021-10-22 03:47:37,16700.0,100.0,4642200.0
512,2021-10-22 03:47:37,16700.0,2700.0,4642100.0
513,2021-10-22 03:47:37,16700.0,300.0,4639400.0
514,2021-10-22 03:47:37,16700.0,5000.0,4639100.0
515,2021-10-22 03:47:37,16700.0,500.0,4634100.0
516,2021-10-22 03:47:37,16700.0,3400.0,4633600.0
517,2021-10-22 03:47:29,16650.0,300.0,4630200.0
518,2021-10-22 03:47:29,16650.0,700.0,4629900.0
519,2021-10-22 03:47:25,16700.0,500.0,4629200.0
520,2021-10-22 03:47:23,16700.0,100.0,4628700.0
521,2021-10-22 03:47:19,16700.0,200.0,4628600.0
522,2021-10-22 03:47:16,16700.0,200.0,4628400.0
523,2021-10-22 03:47:16,16700.0,2000.0,4628200.0
524,2021-10-22 03:47:06,16700.0,1000.0,4626200.0
525,2021-10-22 03:47:06,16700.0,300.0,4625200.0
526,2021-10-22 03:47:00,16700.0,100.0,4624900.0
527,2021-10-22 03:46:52,16700.0,200.0,4624800.0
528,2021-10-22 03:46:45,16700.0,500.0,4624600.0
529,2021-10-22 03:46:43,16700.0,500.0,4624100.0
530,2021-10-22 03:46:41,16700.0,100.0,4623600.0
531,2021-10-22 03:46:31,16700.0,700.0,4623500.0
532,2021-10-22 03:46:31,16700.0,1200.0,4622800.0
533,2021-10-22 03:46:29,16650.0,300.0,4621600.0
534,2021-10-22 03:46:21,16650.0,300.0,4621300.0
535,2021-10-22 03:46:18,16700.0,5000.0,4621000.0
536,2021-10-22 03:46:15,16700.0,100.0,4616000.0
537,2021-10-22 03:46:08,16700.0,1000.0,4615900.0
538,2021-10-22 03:46:02,16700.0,1000.0,4614900.0
539,2021-10-22 03:45:52,16700.0,200.0,4613900.0
540,2021-10-22 03:45:42,16650.0,700.0,4613700.0
541,2021-10-22 03:45:42,16650.0,300.0,4613000.0
542,2021-10-22 03:45:25,16650.0,700.0,4612700.0
543,2021-10-22 03:45:25,16650.0,300.0,4612000.0
544,2021-10-22 03:45:17,16700.0,300.0,4611700.0
545,2021-10-22 03:45:17,16650.0,500.0,4611400.0
546,2021-10-22 03:45:17,16650.0,200.0,4610900.0
547,2021-10-22 03:45:16,16650.0,100.0,4610700.0
548,2021-10-22 03:45:16,16650.0,2000.0,4610600.0
549,2021-10-22 03:45:16,16650.0,900.0,4608600.0
550,2021-10-22 03:45:15,16650.0,100.0,4607700.0
551,2021-10-22 03:45:15,16650.0,400.0,4607600.0
552,2021-10-22 03:45:13,16650.0,5600.0,4607200.0
553,2021-10-22 03:45:13,16650.0,2000.0,4601600.0
554,2021-10-22 03:45:13,16650.0,2600.0,4599600.0
555,2021-10-22 03:45:13,16650.0,1000.0,4597000.0
556,2021-10-22 03:45:13,16650.0,2000.0,4596000.0
557,2021-10-22 03:45:13,16650.0,1000.0,4594000.0
558,2021-10-22 03:45:13,16650.0,100.0,4593000.0
559,2021-10-22 03:45:13,16650.0,400.0,4592900.0
560,2021-10-22 03:45:13,16650.0,2000.0,4592500.0
561,2021-10-22 03:45:13,16650.0,100.0,4590500.0
562,2021-10-22 03:45:13,16650.0,500.0,4590400.0
563,2021-10-22 03:45:13,16650.0,4900.0,4589900.0
564,2021-10-22 03:45:13,16650.0,1000.0,4585000.0
565,2021-10-22 03:45:13,16650.0,300.0,4584000.0
566,2021-10-22 03:45:13,16650.0,10000.0,4583700.0
567,2021-10-22 03:45:13,16650.0,1500.0,4573700.0
568,2021-10-22 03:45:13,16650.0,2000.0,4572200.0
569,2021-10-22 03:45:13,16650.0,100.0,4570200.0
570,2021-10-22 03:45:13,16650.0,3100.0,4570100.0
571,2021-10-22 03:45:13,16650.0,1000.0,4567000.0
572,2021-10-22 03:45:13,16650.0,200.0,4566000.0
573,2021-10-22 03:45:13,16650.0,500.0,4565800.0
574,2021-10-22 03:45:13,16650.0,1000.0,4565300.0
575,2021-10-22 03:45:13,16650.0,500.0,4564300.0
576,2021-10-22 03:45:13,16650.0,1000.0,4563800.0
577,2021-10-22 03:45:13,16650.0,5600.0,4562800.0
578,2021-10-22 03:45:12,16650.0,500.0,4557200.0
579,2021-10-22 03:45:08,16650.0,1000.0,4556700.0
580,2021-10-22 03:45:08,16650.0,2000.0,4555700.0
581,2021-10-22 03:45:07,16650.0,500.0,4553700.0
582,2021-10-22 03:45:04,16650.0,400.0,4553200.0
583,2021-10-22 03:45:04,16650.0,100.0,4552800.0
584,2021-10-22 03:44:59,16650.0,3200.0,4552700.0
585,2021-10-22 03:44:50,16650.0,1000.0,4549500.0
586,2021-10-22 03:44:45,16650.0,700.0,4548500.0
587,2021-10-22 03:44:45,16650.0,200.0,4547800.0
588,2021-10-22 03:44:45,16650.0,1000.0,4547600.0
589,2021-10-22 03:44:45,16650.0,1000.0,4546600.0
590,2021-10-22 03:44:45,16650.0,500.0,4545600.0
591,2021-10-22 03:44:45,16650.0,500.0,4545100.0
592,2021-10-22 03:44:45,16650.0,500.0,4544600.0
593,2021-10-22 03:44:45,16650.0,700.0,4544100.0
594,2021-10-22 03:44:45,16650.0,900.0,4543400.0
595,2021-10-22 03:44:44,16650.0,4100.0,4542500.0
596,2021-10-22 03:44:44,16650.0,2000.0,4538400.0
597,2021-10-22 03:44:44,16650.0,1900.0,4536400.0
598,2021-10-22 03:44:42,16650.0,2100.0,4534500.0
599,2021-10-22 03:44:42,16650.0,1500.0,4532400.0
600,2021-10-22 03:44:42,16650.0,500.0,4530900.0
601,2021-10-22 03:44:42,16650.0,900.0,4530400.0
602,2021-10-22 03:44:33,16650.0,100.0,4529500.0
603,2021-10-22 03:44:25,16650.0,100.0,4529400.0
604,2021-10-22 03:44:23,16650.0,700.0,4529300.0
605,2021-10-22 03:44:22,16650.0,500.0,4528600.0
606,2021-10-22 03:44:20,16650.0,200.0,4528100.0
607,2021-10-22 03:44:10,16650.0,1000.0,4527900.0
608,2021-10-22 03:44:04,16650.0,200.0,4526900.0
609,2021-10-22 03:44:02,16650.0,300.0,4526700.0
610,2021-10-22 03:43:55,16650.0,1000.0,4526400.0
611,2021-10-22 03:43:55,16650.0,200.0,4525400.0
612,2021-10-22 03:43:55,16650.0,300.0,4525200.0
613,2021-10-22 03:43:55,16650.0,300.0,4524900.0
614,2021-10-22 03:43:55,16650.0,1400.0,4524600.0
615,2021-10-22 03:43:52,16650.0,100.0,4523200.0
616,2021-10-22 03:43:35,16650.0,6000.0,4523100.0
617,2021-10-22 03:43:34,16600.0,500.0,4517100.0
618,2021-10-22 03:43:34,16600.0,500.0,4516600.0
619,2021-10-22 03:43:34,16600.0,100.0,4516100.0
620,2021-10-22 03:43:34,16600.0,200.0,4516000.0
621,2021-10-22 03:43:34,16600.0,100.0,4515800.0
622,2021-10-22 03:43:34,16600.0,100.0,4515700.0
623,2021-10-22 03:43:34,16600.0,200.0,4515600.0
624,2021-10-22 03:43:34,16600.0,100.0,4515400.0
625,2021-10-22 03:43:33,16650.0,300.0,4515300.0
626,2021-10-22 03:43:26,16650.0,200.0,4515000.0
627,2021-10-22 03:43:23,16600.0,1000.0,4514800.0
628,2021-10-22 03:43:14,16600.0,500.0,4513800.0
629,2021-10-22 03:43:11,16650.0,500.0,4513300.0
630,2021-10-22 03:43:11,16600.0,500.0,4512800.0
631,2021-10-22 03:43:11,16600.0,4500.0,4512300.0
632,2021-10-22 03:43:11,16600.0,5000.0,4507800.0
633,2021-10-22 03:43:09,16600.0,500.0,4502800.0
634,2021-10-22 03:43:09,16650.0,400.0,4502300.0
635,2021-10-22 03:43:02,16600.0,200.0,4501900.0
636,2021-10-22 03:42:57,16650.0,1000.0,4501700.0
637,2021-10-22 03:42:56,16600.0,300.0,4500700.0
638,2021-10-22 03:42:56,16600.0,200.0,4500400.0
639,2021-10-22 03:42:53,16650.0,100.0,4500200.0
640,2021-10-22 03:42:49,16650.0,500.0,4500100.0
641,2021-10-22 03:42:46,16600.0,1000.0,4499600.0
642,2021-10-22 03:42:46,16600.0,600.0,4498600.0
643,2021-10-22 03:42:46,16600.0,200.0,4498000.0
644,2021-10-22 03:42:46,16600.0,300.0,4497800.0
645,2021-10-22 03:42:46,16600.0,200.0,4497500.0
646,2021-10-22 03:42:46,16600.0,100.0,4497300.0
647,2021-10-22 03:42:46,16600.0,200.0,4497200.0
648,2021-10-22 03:42:46,16600.0,2600.0,4497000.0
649,2021-10-22 03:42:46,16600.0,100.0,4494400.0
650,2021-10-22 03:42:46,16600.0,600.0,4494300.0
651,2021-10-22 03:42:46,16600.0,4000.0,4493700.0
652,2021-10-22 03:42:46,16600.0,1000.0,4489700.0
653,2021-10-22 03:42:46,16600.0,100.0,4488700.0
654,2021-10-22 03:42:46,16600.0,200.0,4488600.0
655,2021-10-22 03:42:46,16600.0,200.0,4488400.0
656,2021-10-22 03:42:46,16600.0,2000.0,4488200.0
657,2021-10-22 03:42:46,16600.0,100.0,4486200.0
658,2021-10-22 03:42:46,16600.0,100.0,4486100.0
659,2021-10-22 03:42:46,16600.0,1000.0,4486000.0
660,2021-10-22 03:42:46,16600.0,700.0,4485000.0
661,2021-10-22 03:42:46,16600.0,4700.0,4484300.0
662,2021-10-22 03:42:44,16650.0,1000.0,4479600.0
663,2021-10-22 03:42:41,16600.0,1300.0,4478600.0
664,2021-10-22 03:42:41,16600.0,600.0,4477300.0
665,2021-10-22 03:42:41,16600.0,500.0,4476700.0
666,2021-10-22 03:42:41,16600.0,100.0,4476200.0
667,2021-10-22 03:42:41,16600.0,200.0,4476100.0
668,2021-10-22 03:42:41,16600.0,300.0,4475900.0
669,2021-10-22 03:42:38,16650.0,3500.0,4475600.0
670,2021-10-22 03:42:38,16650.0,5000.0,4472100.0
671,2021-10-22 03:42:38,16650.0,10000.0,4467100.0
672,2021-10-22 03:42:38,16650.0,2000.0,4457100.0
673,2021-10-22 03:42:38,16650.0,200.0,4455100.0
674,2021-10-22 03:42:38,16650.0,1000.0,4454900.0
675,2021-10-22 03:42:38,16650.0,200.0,4453900.0
676,2021-10-22 03:42:38,16650.0,200.0,4453700.0
677,2021-10-22 03:42:38,16650.0,20000.0,4453500.0
678,2021-10-22 03:42:38,16650.0,7900.0,4433500.0
679,2021-10-22 03:42:31,16650.0,2000.0,4425600.0
680,2021-10-22 03:42:28,16600.0,5000.0,4423600.0
681,2021-10-22 03:42:23,16600.0,800.0,4418600.0
682,2021-10-22 03:42:23,16600.0,1000.0,4417800.0
683,2021-10-22 03:42:23,16600.0,200.0,4416800.0
684,2021-10-22 03:42:22,16650.0,100.0,4416600.0
685,2021-10-22 03:42:18,16600.0,200.0,4416500.0
686,2021-10-22 03:42:18,16600.0,100.0,4416300.0
687,2021-10-22 03:42:18,16600.0,100.0,4416200.0
688,2021-10-22 03:42:18,16600.0,100.0,4416100.0
689,2021-10-22 03:42:14,16600.0,200.0,4416000.0
690,2021-10-22 03:42:13,16600.0,500.0,4415800.0
691,2021-10-22 03:42:08,16600.0,500.0,4415300.0
692,2021-10-22 03:42:04,16650.0,1000.0,4414800.0
693,2021-10-22 03:42:04,16600.0,500.0,4413800.0
694,2021-10-22 03:42:03,16600.0,300.0,4413300.0
695,2021-10-22 03:42:03,16600.0,700.0,4413000.0
696,2021-10-22 03:42:00,16600.0,500.0,4412300.0
697,2021-10-22 03:41:53,16650.0,100.0,4411800.0
698,2021-10-22 03:41:53,16650.0,400.0,4411700.0
699,2021-10-22 03:41:50,16600.0,300.0,4411300.0
700,2021-10-22 03:41:48,16650.0,500.0,4411000.0
701,2021-10-22 03:41:44,16600.0,500.0,4410500.0
702,2021-10-22 03:41:42,16650.0,200.0,4410000.0
703,2021-10-22 03:41:41,16650.0,100.0,4409800.0
704,2021-10-22 03:41:29,16600.0,3000.0,4409700.0
705,2021-10-22 03:41:25,16650.0,800.0,4406700.0
706,2021-10-22 03:41:25,16650.0,2200.0,4405900.0
707,2021-10-22 03:41:24,16650.0,2800.0,4403700.0
708,2021-10-22 03:41:20,16650.0,1000.0,4400900.0
709,2021-10-22 03:41:18,16650.0,2000.0,4399900.0
710,2021-10-22 03:41:16,16650.0,2700.0,4397900.0
711,2021-10-22 03:41:16,16650.0,300.0,4395200.0
712,2021-10-22 03:41:12,16650.0,300.0,4394900.0
713,2021-10-22 03:41:07,16650.0,400.0,4394600.0
714,2021-10-22 03:41:07,16650.0,100.0,4394200.0
715,2021-10-22 03:41:05,16650.0,400.0,4394100.0
716,2021-10-22 03:41:05,16650.0,500.0,4393700.0
717,2021-10-22 03:41:03,16650.0,2000.0,4393200.0
718,2021-10-22 03:41:03,16650.0,400.0,4391200.0
719,2021-10-22 03:41:02,16650.0,600.0,4390800.0
720,2021-10-22 03:41:02,16650.0,600.0,4390200.0
721,2021-10-22 03:41:02,16650.0,200.0,4389600.0
722,2021-10-22 03:41:02,16650.0,100.0,4389400.0
723,2021-10-22 03:41:02,16650.0,400.0,4389300.0
724,2021-10-22 03:41:00,16700.0,1000.0,4388900.0
725,2021-10-22 03:41:00,16650.0,1000.0,4387900.0
726,2021-10-22 03:41:00,16650.0,1000.0,4386900.0
727,2021-10-22 03:40:58,16650.0,1000.0,4385900.0
728,2021-10-22 03:40:56,16650.0,1600.0,4384900.0
729,2021-10-22 03:40:56,16650.0,200.0,4383300.0
730,2021-10-22 03:40:56,16650.0,200.0,4383100.0
731,2021-10-22 03:40:56,16650.0,2000.0,4382900.0
732,2021-10-22 03:40:56,16650.0,300.0,4380900.0
733,2021-10-22 03:40:56,16650.0,100.0,4380600.0
734,2021-10-22 03:40:56,16650.0,100.0,4380500.0
735,2021-10-22 03:40:56,16650.0,300.0,4380400.0
736,2021-10-22 03:40:56,16650.0,5200.0,4380100.0
737,2021-10-22 03:40:54,16650.0,800.0,4374900.0
738,2021-10-22 03:40:54,16650.0,500.0,4374100.0
739,2021-10-22 03:40:52,16650.0,500.0,4373600.0
740,2021-10-22 03:40:51,16650.0,1000.0,4373100.0
741,2021-10-22 03:40:51,16650.0,5000.0,4372100.0
742,2021-10-22 03:40:47,16650.0,1000.0,4367100.0
743,2021-10-22 03:40:46,16650.0,7000.0,4366100.0
744,2021-10-22 03:40:42,16650.0,1000.0,4359100.0
745,2021-10-22 03:40:41,16650.0,300.0,4358100.0
746,2021-10-22 03:40:38,16650.0,5000.0,4357800.0
747,2021-10-22 03:40:35,16650.0,800.0,4352800.0
748,2021-10-22 03:40:35,16650.0,300.0,4352000.0
749,2021-10-22 03:40:34,16650.0,500.0,4351700.0
750,2021-10-22 03:40:34,16650.0,1100.0,4351200.0
751,2021-10-22 03:40:34,16650.0,500.0,4350100.0
752,2021-10-22 03:40:34,16650.0,2000.0,4349600.0
753,2021-10-22 03:40:34,16650.0,500.0,4347600.0
754,2021-10-22 03:40:34,16650.0,5900.0,4347100.0
755,2021-10-22 03:40:33,16650.0,100.0,4341200.0
756,2021-10-22 03:40:33,16650.0,600.0,4341100.0
757,2021-10-22 03:40:30,16700.0,5000.0,4340500.0
758,2021-10-22 03:40:29,16700.0,500.0,4335500.0
759,2021-10-22 03:40:29,16650.0,500.0,4335000.0
760,2021-10-22 03:40:29,16650.0,1000.0,4334500.0
761,2021-10-22 03:40:29,16650.0,1000.0,4333500.0
762,2021-10-22 03:40:29,16650.0,7500.0,4332500.0
763,2021-10-22 03:40:29,16700.0,200.0,4325000.0
764,2021-10-22 03:40:28,16650.0,100.0,4324800.0
765,2021-10-22 03:40:24,16700.0,2000.0,4324700.0
766,2021-10-22 03:40:24,16650.0,1900.0,4322700.0
767,2021-10-22 03:40:24,16650.0,300.0,4320800.0
768,2021-10-22 03:40:24,16650.0,1500.0,4320500.0
769,2021-10-22 03:40:24,16650.0,1000.0,4319000.0
770,2021-10-22 03:40:24,16650.0,15000.0,4318000.0
771,2021-10-22 03:40:24,16650.0,300.0,4303000.0
772,2021-10-22 03:40:24,16700.0,1100.0,4302700.0
773,2021-10-22 03:40:22,16650.0,100.0,4301600.0
774,2021-10-22 03:40:19,16700.0,100.0,4301500.0
775,2021-10-22 03:40:18,16650.0,400.0,4301400.0
776,2021-10-22 03:40:18,16650.0,400.0,4301000.0
777,2021-10-22 03:40:18,16650.0,100.0,4300600.0
778,2021-10-22 03:40:18,16650.0,100.0,4300500.0
779,2021-10-22 03:40:18,16700.0,1000.0,4300400.0
780,2021-10-22 03:40:18,16700.0,200.0,4299400.0
781,2021-10-22 03:40:11,16700.0,100.0,4299200.0
782,2021-10-22 03:40:05,16650.0,400.0,4299100.0
783,2021-10-22 03:40:05,16650.0,500.0,4298700.0
784,2021-10-22 03:40:05,16650.0,200.0,4298200.0
785,2021-10-22 03:40:05,16650.0,100.0,4298000.0
786,2021-10-22 03:40:05,16650.0,300.0,4297900.0
787,2021-10-22 03:40:05,16650.0,200.0,4297600.0
788,2021-10-22 03:40:05,16650.0,300.0,4297400.0
789,2021-10-22 03:40:05,16650.0,200.0,4297100.0
790,2021-10-22 03:40:04,16700.0,100.0,4296900.0
791,2021-10-22 03:40:02,16650.0,700.0,4296800.0
792,2021-10-22 03:40:02,16650.0,500.0,4296100.0
793,2021-10-22 03:40:02,16650.0,200.0,4295600.0
794,2021-10-22 03:40:02,16650.0,1000.0,4295400.0
795,2021-10-22 03:40:02,16650.0,100.0,4294400.0
796,2021-10-22 03:40:02,16650.0,400.0,4294300.0
797,2021-10-22 03:40:02,16650.0,100.0,4293900.0
798,2021-10-22 03:40:02,16650.0,300.0,4293800.0
799,2021-10-22 03:40:02,16650.0,2500.0,4293500.0
800,2021-10-22 03:40:02,16650.0,100.0,4291000.0
801,2021-10-22 03:40:02,16650.0,3000.0,4290900.0
802,2021-10-22 03:40:02,16650.0,100.0,4287900.0
803,2021-10-22 03:40:02,16650.0,100.0,4287800.0
804,2021-10-22 03:40:02,16650.0,100.0,4287700.0
805,2021-10-22 03:40:02,16650.0,100.0,4287600.0
806,2021-10-22 03:40:02,16650.0,500.0,4287500.0
807,2021-10-22 03:40:02,16650.0,500.0,4287000.0
808,2021-10-22 03:40:02,16650.0,1000.0,4286500.0
809,2021-10-22 03:40:02,16650.0,1500.0,4285500.0
810,2021-10-22 03:40:00,16700.0,100.0,4284000.0
811,2021-10-22 03:39:59,16700.0,300.0,4283900.0
812,2021-10-22 03:39:57,16700.0,300.0,4283600.0
813,2021-10-22 03:39:56,16700.0,500.0,4283300.0
814,2021-10-22 03:39:53,16650.0,5000.0,4282800.0
815,2021-10-22 03:39:50,16700.0,700.0,4277800.0
816,2021-10-22 03:39:48,16700.0,300.0,4277100.0
817,2021-10-22 03:39:44,16700.0,600.0,4276800.0
818,2021-10-22 03:39:39,16700.0,500.0,4276200.0
819,2021-10-22 03:39:37,16700.0,1000.0,4275700.0
820,2021-10-22 03:39:35,16650.0,1500.0,4274700.0
821,2021-10-22 03:39:35,16650.0,5000.0,4273200.0
822,2021-10-22 03:39:35,16650.0,500.0,4268200.0
823,2021-10-22 03:39:35,16650.0,100.0,4267700.0
824,2021-10-22 03:39:35,16650.0,200.0,4267600.0
825,2021-10-22 03:39:35,16650.0,100.0,4267400.0
826,2021-10-22 03:39:35,16650.0,300.0,4267300.0
827,2021-10-22 03:39:35,16650.0,200.0,4267000.0
828,2021-10-22 03:39:35,16650.0,500.0,4266800.0
829,2021-10-22 03:39:35,16650.0,300.0,4266300.0
830,2021-10-22 03:39:35,16650.0,1300.0,4266000.0
831,2021-10-22 03:39:35,16650.0,500.0,4264700.0
832,2021-10-22 03:39:35,16650.0,500.0,4264200.0
833,2021-10-22 03:39:32,16650.0,2000.0,4263700.0
834,2021-10-22 03:39:30,16700.0,1100.0,4261700.0
835,2021-10-22 03:39:30,16700.0,8900.0,4260600.0
836,2021-10-22 03:39:29,16700.0,200.0,4251700.0
837,2021-10-22 03:39:25,16650.0,500.0,4251500.0
838,2021-10-22 03:39:20,16650.0,300.0,4251000.0
839,2021-10-22 03:39:19,16700.0,200.0,4250700.0
840,2021-10-22 03:39:12,16650.0,100.0,4250500.0
841,2021-10-22 03:39:12,16700.0,100.0,4250400.0
842,2021-10-22 03:39:09,16700.0,500.0,4250300.0
843,2021-10-22 03:39:03,16700.0,100.0,4249800.0
844,2021-10-22 03:39:01,16650.0,20000.0,4249700.0
845,2021-10-22 03:38:58,16700.0,200.0,4229700.0
846,2021-10-22 03:38:57,16650.0,1000.0,4229500.0
847,2021-10-22 03:38:57,16700.0,400.0,4228500.0
848,2021-10-22 03:38:53,16650.0,100.0,4228100.0
849,2021-10-22 03:38:51,16700.0,3600.0,4228000.0
850,2021-10-22 03:38:51,16700.0,200.0,4224400.0
851,2021-10-22 03:38:51,16700.0,500.0,4224200.0
852,2021-10-22 03:38:51,16700.0,200.0,4223700.0
853,2021-10-22 03:38:51,16700.0,500.0,4223500.0
854,2021-10-22 03:38:51,16700.0,300.0,4223000.0
855,2021-10-22 03:38:50,16650.0,300.0,4222700.0
856,2021-10-22 03:38:50,16650.0,5000.0,4222400.0
857,2021-10-22 03:38:47,16700.0,400.0,4217400.0
858,2021-10-22 03:38:44,16700.0,4000.0,4217000.0
859,2021-10-22 03:38:44,16650.0,7000.0,4213000.0
860,2021-10-22 03:38:41,16700.0,2100.0,4206000.0
861,2021-10-22 03:38:40,16700.0,2000.0,4203900.0
862,2021-10-22 03:38:39,16700.0,500.0,4201900.0
863,2021-10-22 03:38:37,16700.0,5000.0,4201400.0
864,2021-10-22 03:38:31,16700.0,100.0,4196400.0
865,2021-10-22 03:38:30,16700.0,5000.0,4196300.0
866,2021-10-22 03:38:30,16700.0,300.0,4191300.0
867,2021-10-22 03:38:25,16700.0,600.0,4191000.0
868,2021-10-22 03:38:25,16700.0,200.0,4190400.0
869,2021-10-22 03:38:25,16700.0,400.0,4190200.0
870,2021-10-22 03:38:25,16700.0,3000.0,4189800.0
871,2021-10-22 03:38:25,16700.0,800.0,4186800.0
872,2021-10-22 03:38:24,16650.0,500.0,4186000.0
873,2021-10-22 03:38:23,16700.0,1000.0,4185500.0
874,2021-10-22 03:38:23,16650.0,2000.0,4184500.0
875,2021-10-22 03:38:22,16700.0,1000.0,4182500.0
876,2021-10-22 03:38:18,16650.0,8900.0,4181500.0
877,2021-10-22 03:38:18,16650.0,500.0,4172600.0
878,2021-10-22 03:38:18,16650.0,600.0,4172100.0
879,2021-10-22 03:38:15,16700.0,2200.0,4171500.0
880,2021-10-22 03:38:15,16700.0,800.0,4169300.0
881,2021-10-22 03:38:15,16700.0,300.0,4168500.0
882,2021-10-22 03:38:13,16700.0,700.0,4168200.0
883,2021-10-22 03:38:12,16650.0,10000.0,4167500.0
884,2021-10-22 03:38:10,16650.0,500.0,4157500.0
885,2021-10-22 03:38:08,16700.0,800.0,4157000.0
886,2021-10-22 03:37:58,16700.0,500.0,4156200.0
887,2021-10-22 03:37:56,16650.0,500.0,4155700.0
888,2021-10-22 03:37:53,16650.0,1200.0,4155200.0
889,2021-10-22 03:37:52,16650.0,5400.0,4154000.0
890,2021-10-22 03:37:52,16700.0,500.0,4148600.0
891,2021-10-22 03:37:51,16700.0,1400.0,4148100.0
892,2021-10-22 03:37:51,16700.0,300.0,4146700.0
893,2021-10-22 03:37:51,16700.0,100.0,4146400.0
894,2021-10-22 03:37:51,16700.0,100.0,4146300.0
895,2021-10-22 03:37:48,16700.0,100.0,4146200.0
896,2021-10-22 03:37:48,16650.0,3000.0,4146100.0
897,2021-10-22 03:37:43,16650.0,5000.0,4143100.0
898,2021-10-22 03:37:42,16700.0,400.0,4138100.0
899,2021-10-22 03:37:42,16700.0,100.0,4137700.0
900,2021-10-22 03:37:38,16650.0,500.0,4137600.0
901,2021-10-22 03:37:32,16700.0,2000.0,4137100.0
902,2021-10-22 03:37:30,16700.0,900.0,4135100.0
903,2021-10-22 03:37:30,16700.0,200.0,4134200.0
904,2021-10-22 03:37:30,16700.0,10000.0,4134000.0
905,2021-10-22 03:37:30,16700.0,300.0,4124000.0
906,2021-10-22 03:37:30,16700.0,1000.0,4123700.0
907,2021-10-22 03:37:30,16700.0,5000.0,4122700.0
908,2021-10-22 03:37:30,16700.0,500.0,4117700.0
909,2021-10-22 03:37:30,16700.0,4200.0,4117200.0
910,2021-10-22 03:37:30,16700.0,2400.0,4113000.0
911,2021-10-22 03:37:30,16650.0,1000.0,4110600.0
912,2021-10-22 03:37:29,16700.0,100.0,4109600.0
913,2021-10-22 03:37:27,16650.0,10000.0,4109500.0
914,2021-10-22 03:37:25,16700.0,200.0,4099500.0
915,2021-10-22 03:37:25,16700.0,400.0,4099300.0
916,2021-10-22 03:37:24,16700.0,800.0,4098900.0
917,2021-10-22 03:37:24,16700.0,1000.0,4098100.0
918,2021-10-22 03:37:21,16700.0,100.0,4097100.0
919,2021-10-22 03:37:21,16700.0,900.0,4097000.0
920,2021-10-22 03:37:21,16700.0,100.0,4096100.0
921,2021-10-22 03:37:14,16700.0,100.0,4096000.0
922,2021-10-22 03:37:11,16700.0,500.0,4095900.0
923,2021-10-22 03:37:08,16700.0,500.0,4095400.0
924,2021-10-22 03:37:07,16700.0,4400.0,4094900.0
925,2021-10-22 03:37:07,16700.0,600.0,4090500.0
926,2021-10-22 03:37:06,16700.0,500.0,4089900.0
927,2021-10-22 03:37:05,16700.0,100.0,4089400.0
928,2021-10-22 03:37:05,16700.0,1800.0,4089300.0
929,2021-10-22 03:37:05,16700.0,300.0,4087500.0
930,2021-10-22 03:37:05,16700.0,400.0,4087200.0
931,2021-10-22 03:37:05,16700.0,2000.0,4086800.0
932,2021-10-22 03:37:05,16700.0,200.0,4084800.0
933,2021-10-22 03:37:05,16700.0,200.0,4084600.0
934,2021-10-22 03:37:05,16700.0,100.0,4084400.0
935,2021-10-22 03:37:05,16700.0,400.0,4084300.0
936,2021-10-22 03:37:05,16700.0,500.0,4083900.0
937,2021-10-22 03:37:05,16700.0,1100.0,4083400.0
938,2021-10-22 03:36:58,16700.0,400.0,4082300.0
939,2021-10-22 03:36:58,16650.0,100.0,4081900.0
940,2021-10-22 03:36:54,16700.0,1000.0,4081800.0
941,2021-10-22 03:36:54,16700.0,1000.0,4080800.0
942,2021-10-22 03:36:42,16650.0,500.0,4079800.0
943,2021-10-22 03:36:41,16700.0,300.0,4079300.0
944,2021-10-22 03:36:41,16650.0,1000.0,4079000.0
945,2021-10-22 03:36:34,16700.0,1200.0,4078000.0
946,2021-10-22 03:36:32,16650.0,500.0,4076800.0
947,2021-10-22 03:36:28,16650.0,5000.0,4076300.0
948,2021-10-22 03:36:28,16650.0,500.0,4071300.0
949,2021-10-22 03:36:28,16650.0,10300.0,4070800.0
950,2021-10-22 03:36:28,16650.0,500.0,4060500.0
951,2021-10-22 03:36:28,16650.0,15000.0,4060000.0
952,2021-10-22 03:36:28,16650.0,100.0,4045000.0
953,2021-10-22 03:36:28,16650.0,10000.0,4044900.0
954,2021-10-22 03:36:28,16650.0,10000.0,4034900.0
955,2021-10-22 03:36:28,16650.0,200.0,4024900.0
956,2021-10-22 03:36:28,16650.0,1000.0,4024700.0
957,2021-10-22 03:36:28,16650.0,200.0,4023700.0
958,2021-10-22 03:36:28,16650.0,20000.0,4023500.0
959,2021-10-22 03:36:28,16650.0,1000.0,4003500.0
960,2021-10-22 03:36:28,16650.0,2000.0,4002500.0
961,2021-10-22 03:36:28,16650.0,3100.0,4000500.0
962,2021-10-22 03:36:28,16650.0,100.0,3997400.0
963,2021-10-22 03:36:28,16650.0,2000.0,3997300.0
964,2021-10-22 03:36:28,16650.0,24800.0,3995300.0
965,2021-10-22 03:36:28,16600.0,1000.0,3970500.0
966,2021-10-22 03:36:28,16600.0,5000.0,3969500.0
967,2021-10-22 03:36:28,16600.0,10000.0,3964500.0
968,2021-10-22 03:36:28,16600.0,500.0,3954500.0
969,2021-10-22 03:36:28,16600.0,1300.0,3954000.0
970,2021-10-22 03:36:28,16600.0,4000.0,3952700.0
971,2021-10-22 03:36:28,16600.0,100.0,3948700.0
972,2021-10-22 03:36:28,16600.0,300.0,3948600.0
973,2021-10-22 03:36:28,16600.0,3800.0,3948300.0
974,2021-10-22 03:36:28,16600.0,100.0,3944500.0
975,2021-10-22 03:36:28,16600.0,100.0,3944400.0
976,2021-10-22 03:36:28,16600.0,1000.0,3944300.0
977,2021-10-22 03:36:28,16600.0,14600.0,3943300.0
978,2021-10-22 03:36:28,16600.0,400.0,3928700.0
979,2021-10-22 03:36:28,16600.0,500.0,3928300.0
980,2021-10-22 03:36:28,16600.0,100.0,3927800.0
981,2021-10-22 03:36:28,16600.0,1000.0,3927700.0
982,2021-10-22 03:36:28,16600.0,100.0,3926700.0
983,2021-10-22 03:36:28,16600.0,1000.0,3926600.0
984,2021-10-22 03:36:28,16600.0,2000.0,3925600.0
985,2021-10-22 03:36:28,16600.0,3000.0,3923600.0
986,2021-10-22 03:36:28,16600.0,2000.0,3920600.0
987,2021-10-22 03:36:28,16600.0,200.0,3918600.0
988,2021-10-22 03:36:28,16600.0,300.0,3918400.0
989,2021-10-22 03:36:28,16600.0,2000.0,3918100.0
990,2021-10-22 03:36:26,16600.0,700.0,3916100.0
991,2021-10-22 03:36:26,16600.0,4200.0,3915400.0
992,2021-10-22 03:36:26,16600.0,1100.0,3911200.0
993,2021-10-22 03:36:19,16600.0,600.0,3910100.0
994,2021-10-22 03:36:19,16600.0,1000.0,3909500.0
995,2021-10-22 03:36:19,16600.0,400.0,3908500.0
996,2021-10-22 03:36:14,16600.0,200.0,3908100.0
997,2021-10-22 03:36:14,16600.0,300.0,3907900.0
998,2021-10-22 03:36:08,16600.0,1100.0,3907600.0
999,2021-10-22 03:36:06,16550.0,100.0,3906500.0
1000,2021-10-22 03:36:01,16550.0,100.0,3906400.0
1001,2021-10-22 03:36:01,16550.0,800.0,3906300.0
1002,2021-10-22 03:36:00,16550.0,1000.0,3905500.0
1003,2021-10-22 03:35:49,16550.0,3200.0,3904500.0
1004,2021-10-22 03:35:49,16550.0,900.0,3901300.0
1005,2021-10-22 03:35:49,16550.0,100.0,3900400.0
1006,2021-10-22 03:35:49,16550.0,200.0,3900300.0
1007,2021-10-22 03:35:49,16550.0,100.0,3900100.0
1008,2021-10-22 03:35:49,16550.0,2000.0,3900000.0
1009,2021-10-22 03:35:49,16550.0,2900.0,3898000.0
1010,2021-10-22 03:35:49,16550.0,600.0,3895100.0
1011,2021-10-22 03:35:43,16550.0,700.0,3894500.0
1012,2021-10-22 03:35:37,16500.0,500.0,3893800.0
1013,2021-10-22 03:35:37,16500.0,100.0,3893300.0
1014,2021-10-22 03:35:29,16500.0,2500.0,3893200.0
1015,2021-10-22 03:35:25,16500.0,2500.0,3890700.0
1016,2021-10-22 03:35:25,16500.0,10400.0,3888200.0
1017,2021-10-22 03:35:25,16500.0,1000.0,3877800.0
1018,2021-10-22 03:35:25,16500.0,100.0,3876800.0
1019,2021-10-22 03:35:25,16500.0,1000.0,3876700.0
1020,2021-10-22 03:35:25,16500.0,5000.0,3875700.0
1021,2021-10-22 03:35:25,16500.0,200.0,3870700.0
1022,2021-10-22 03:35:25,16500.0,500.0,3870500.0
1023,2021-10-22 03:35:25,16500.0,100.0,3870000.0
1024,2021-10-22 03:35:25,16500.0,1000.0,3869900.0
1025,2021-10-22 03:35:25,16500.0,700.0,3868900.0
1026,2021-10-22 03:35:25,16500.0,100.0,3868200.0
1027,2021-10-22 03:35:25,16500.0,2000.0,3868100.0
1028,2021-10-22 03:35:25,16500.0,1000.0,3866100.0
1029,2021-10-22 03:35:25,16500.0,2000.0,3865100.0
1030,2021-10-22 03:35:25,16500.0,200.0,3863100.0
1031,2021-10-22 03:35:25,16500.0,1000.0,3862900.0
1032,2021-10-22 03:35:25,16500.0,100.0,3861900.0
1033,2021-10-22 03:35:25,16500.0,500.0,3861800.0
1034,2021-10-22 03:35:25,16500.0,1000.0,3861300.0
1035,2021-10-22 03:35:25,16500.0,10000.0,3860300.0
1036,2021-10-22 03:35:25,16500.0,300.0,3850300.0
1037,2021-10-22 03:35:25,16500.0,1000.0,3850000.0
1038,2021-10-22 03:35:25,16500.0,900.0,3849000.0
1039,2021-10-22 03:35:25,16500.0,1000.0,3848100.0
1040,2021-10-22 03:35:25,16500.0,1000.0,3847100.0
1041,2021-10-22 03:35:25,16500.0,1000.0,3846100.0
1042,2021-10-22 03:35:25,16500.0,4400.0,3845100.0
1043,2021-10-22 03:35:23,16500.0,100.0,3840700.0
1044,2021-10-22 03:35:21,16500.0,500.0,3840600.0
1045,2021-10-22 03:35:20,16500.0,100.0,3840100.0
1046,2021-10-22 03:35:20,16500.0,200.0,3840000.0
1047,2021-10-22 03:35:20,16500.0,200.0,3839800.0
1048,2021-10-22 03:35:20,16500.0,100.0,3839600.0
1049,2021-10-22 03:35:20,16500.0,100.0,3839500.0
1050,2021-10-22 03:35:20,16500.0,200.0,3839400.0
1051,2021-10-22 03:35:20,16500.0,300.0,3839200.0
1052,2021-10-22 03:35:20,16500.0,1000.0,3838900.0
1053,2021-10-22 03:35:20,16500.0,500.0,3837900.0
1054,2021-10-22 03:35:20,16500.0,100.0,3837400.0
1055,2021-10-22 03:35:20,16500.0,1200.0,3837300.0
1056,2021-10-22 03:35:14,16500.0,200.0,3836100.0
1057,2021-10-22 03:35:07,16500.0,3600.0,3835900.0
1058,2021-10-22 03:35:07,16500.0,1500.0,3832300.0
1059,2021-10-22 03:35:07,16500.0,4900.0,3830800.0
1060,2021-10-22 03:35:04,16500.0,100.0,3825900.0
1061,2021-10-22 03:35:04,16500.0,100.0,3825800.0
1062,2021-10-22 03:35:02,16500.0,100.0,3825700.0
1063,2021-10-22 03:35:02,16500.0,2800.0,3825600.0
1064,2021-10-22 03:35:02,16500.0,200.0,3822800.0
1065,2021-10-22 03:35:01,16500.0,200.0,3822600.0
1066,2021-10-22 03:35:01,16500.0,500.0,3822400.0
1067,2021-10-22 03:35:01,16500.0,2000.0,3821900.0
1068,2021-10-22 03:35:01,16500.0,100.0,3819900.0
1069,2021-10-22 03:35:01,16500.0,3000.0,3819800.0
1070,2021-10-22 03:35:01,16500.0,4200.0,3816800.0
1071,2021-10-22 03:34:59,16500.0,1000.0,3812600.0
1072,2021-10-22 03:34:59,16500.0,700.0,3811600.0
1073,2021-10-22 03:34:51,16500.0,100.0,3810900.0
1074,2021-10-22 03:34:50,16500.0,4000.0,3810800.0
1075,2021-10-22 03:34:50,16500.0,3000.0,3806800.0
1076,2021-10-22 03:34:50,16500.0,1000.0,3803800.0
1077,2021-10-22 03:34:47,16500.0,4000.0,3802800.0
1078,2021-10-22 03:34:47,16500.0,5000.0,3798800.0
1079,2021-10-22 03:34:45,16500.0,500.0,3793800.0
1080,2021-10-22 03:34:45,16500.0,500.0,3793300.0
1081,2021-10-22 03:34:45,16500.0,5000.0,3792800.0
1082,2021-10-22 03:34:45,16500.0,1000.0,3787800.0
1083,2021-10-22 03:34:45,16500.0,200.0,3786800.0
1084,2021-10-22 03:34:45,16500.0,1000.0,3786600.0
1085,2021-10-22 03:34:45,16500.0,1800.0,3785600.0
1086,2021-10-22 03:34:40,16500.0,1000.0,3783800.0
1087,2021-10-22 03:34:33,16450.0,2000.0,3782800.0
1088,2021-10-22 03:34:29,16500.0,200.0,3780800.0
1089,2021-10-22 03:34:29,16500.0,100.0,3780600.0
1090,2021-10-22 03:34:26,16500.0,3000.0,3780500.0
1091,2021-10-22 03:34:26,16500.0,200.0,3777500.0
1092,2021-10-22 03:34:23,16450.0,100.0,3777300.0
1093,2021-10-22 03:34:22,16500.0,100.0,3777200.0
1094,2021-10-22 03:34:22,16500.0,10000.0,3777100.0
1095,2021-10-22 03:34:19,16500.0,1500.0,3767100.0
1096,2021-10-22 03:34:15,16500.0,500.0,3765600.0
1097,2021-10-22 03:34:07,16500.0,1600.0,3765100.0
1098,2021-10-22 03:34:07,16500.0,400.0,3763500.0
1099,2021-10-22 03:33:55,16500.0,100.0,3763100.0
1100,2021-10-22 03:33:55,16500.0,900.0,3763000.0
1101,2021-10-22 03:33:49,16500.0,100.0,3762100.0
1102,2021-10-22 03:33:49,16500.0,300.0,3762000.0
1103,2021-10-22 03:33:49,16500.0,200.0,3761700.0
1104,2021-10-22 03:33:49,16500.0,4000.0,3761500.0
1105,2021-10-22 03:33:49,16500.0,500.0,3757500.0
1106,2021-10-22 03:33:49,16500.0,200.0,3757000.0
1107,2021-10-22 03:33:49,16500.0,20000.0,3756800.0
1108,2021-10-22 03:33:49,16500.0,500.0,3736800.0
1109,2021-10-22 03:33:49,16500.0,300.0,3736300.0
1110,2021-10-22 03:33:49,16500.0,5000.0,3736000.0
1111,2021-10-22 03:33:49,16500.0,700.0,3731000.0
1112,2021-10-22 03:33:49,16500.0,900.0,3730300.0
1113,2021-10-22 03:33:49,16500.0,1000.0,3729400.0
1114,2021-10-22 03:33:49,16500.0,10000.0,3728400.0
1115,2021-10-22 03:33:49,16500.0,2000.0,3718400.0
1116,2021-10-22 03:33:49,16500.0,500.0,3716400.0
1117,2021-10-22 03:33:49,16500.0,3800.0,3715900.0
1118,2021-10-22 03:33:48,16450.0,3000.0,3712100.0
1119,2021-10-22 03:33:32,16500.0,2200.0,3709100.0
1120,2021-10-22 03:33:32,16500.0,20000.0,3706900.0
1121,2021-10-22 03:33:32,16500.0,200.0,3686900.0
1122,2021-10-22 03:33:32,16500.0,200.0,3686700.0
1123,2021-10-22 03:33:32,16500.0,1000.0,3686500.0
1124,2021-10-22 03:33:32,16500.0,300.0,3685500.0
1125,2021-10-22 03:33:32,16500.0,1500.0,3685200.0
1126,2021-10-22 03:33:32,16500.0,5000.0,3683700.0
1127,2021-10-22 03:33:32,16500.0,5000.0,3678700.0
1128,2021-10-22 03:33:32,16500.0,3000.0,3673700.0
1129,2021-10-22 03:33:32,16500.0,1000.0,3670700.0
1130,2021-10-22 03:33:32,16500.0,200.0,3669700.0
1131,2021-10-22 03:33:32,16500.0,100.0,3669500.0
1132,2021-10-22 03:33:32,16500.0,2000.0,3669400.0
1133,2021-10-22 03:33:32,16500.0,1500.0,3667400.0
1134,2021-10-22 03:33:32,16500.0,6800.0,3665900.0
1135,2021-10-22 03:33:29,16450.0,400.0,3659100.0
1136,2021-10-22 03:33:29,16450.0,600.0,3658700.0
1137,2021-10-22 03:33:29,16450.0,500.0,3658100.0
1138,2021-10-22 03:33:29,16450.0,700.0,3657600.0
1139,2021-10-22 03:33:29,16450.0,900.0,3656900.0
1140,2021-10-22 03:33:29,16450.0,500.0,3656000.0
1141,2021-10-22 03:33:29,16450.0,100.0,3655500.0
1142,2021-10-22 03:33:29,16450.0,500.0,3655400.0
1143,2021-10-22 03:33:29,16450.0,100.0,3654900.0
1144,2021-10-22 03:33:29,16450.0,1000.0,3654800.0
1145,2021-10-22 03:33:29,16450.0,2100.0,3653800.0
1146,2021-10-22 03:33:16,16450.0,900.0,3651700.0
1147,2021-10-22 03:33:16,16450.0,1000.0,3650800.0
1148,2021-10-22 03:33:16,16450.0,400.0,3649800.0
1149,2021-10-22 03:33:16,16450.0,600.0,3649400.0
1150,2021-10-22 03:33:16,16450.0,100.0,3648800.0
1151,2021-10-22 03:33:16,16450.0,1000.0,3648700.0
1152,2021-10-22 03:33:16,16450.0,300.0,3647700.0
1153,2021-10-22 03:33:16,16450.0,700.0,3647400.0
1154,2021-10-22 03:33:10,16450.0,500.0,3646700.0
1155,2021-10-22 03:32:50,16450.0,500.0,3646200.0
1156,2021-10-22 03:32:46,16500.0,4000.0,3645700.0
1157,2021-10-22 03:32:36,16450.0,500.0,3641700.0
1158,2021-10-22 03:32:34,16450.0,2500.0,3641200.0
1159,2021-10-22 03:32:29,16450.0,500.0,3638700.0
1160,2021-10-22 03:32:22,16450.0,500.0,3638200.0
1161,2021-10-22 03:32:18,16450.0,1000.0,3637700.0
1162,2021-10-22 03:32:06,16450.0,100.0,3636700.0
1163,2021-10-22 03:32:02,16450.0,500.0,3636600.0
1164,2021-10-22 03:32:02,16450.0,100.0,3636100.0
1165,2021-10-22 03:32:02,16450.0,3000.0,3636000.0
1166,2021-10-22 03:32:02,16450.0,500.0,3633000.0
1167,2021-10-22 03:32:02,16450.0,100.0,3632500.0
1168,2021-10-22 03:32:02,16450.0,500.0,3632400.0
1169,2021-10-22 03:31:59,16450.0,200.0,3631900.0
1170,2021-10-22 03:31:50,16450.0,2000.0,3631700.0
1171,2021-10-22 03:31:43,16450.0,300.0,3629700.0
1172,2021-10-22 03:31:41,16450.0,1000.0,3629400.0
1173,2021-10-22 03:31:32,16450.0,1000.0,3628400.0
1174,2021-10-22 03:31:32,16450.0,10000.0,3627400.0
1175,2021-10-22 03:31:26,16450.0,1000.0,3617400.0
1176,2021-10-22 03:31:21,16450.0,2000.0,3616400.0
1177,2021-10-22 03:31:17,16450.0,100.0,3614400.0
1178,2021-10-22 03:31:17,16450.0,1000.0,3614300.0
1179,2021-10-22 03:31:17,16450.0,200.0,3613300.0
1180,2021-10-22 03:31:17,16450.0,200.0,3613100.0
1181,2021-10-22 03:31:17,16450.0,500.0,3612900.0
1182,2021-10-22 03:31:04,16450.0,3600.0,3612400.0
1183,2021-10-22 03:31:04,16450.0,1000.0,3608800.0
1184,2021-10-22 03:31:04,16450.0,1000.0,3607800.0
1185,2021-10-22 03:31:04,16450.0,200.0,3606800.0
1186,2021-10-22 03:31:04,16450.0,1000.0,3606600.0
1187,2021-10-22 03:30:59,16500.0,200.0,3605600.0
1188,2021-10-22 03:30:37,16500.0,300.0,3605400.0
1189,2021-10-22 03:30:35,16500.0,1500.0,3605100.0
1190,2021-10-22 03:30:31,16500.0,100.0,3603600.0
1191,2021-10-22 03:30:30,16500.0,100.0,3603500.0
1192,2021-10-22 03:30:23,16500.0,500.0,3603400.0
1193,2021-10-22 03:30:18,16500.0,3700.0,3602900.0
1194,2021-10-22 03:30:18,16500.0,500.0,3599200.0
1195,2021-10-22 03:30:10,16500.0,1000.0,3598700.0
1196,2021-10-22 03:30:10,16500.0,3000.0,3597700.0
1197,2021-10-22 03:30:10,16500.0,2000.0,3594700.0
1198,2021-10-22 03:30:10,16500.0,2000.0,3592700.0
1199,2021-10-22 03:30:10,16500.0,2000.0,3590700.0
1200,2021-10-22 03:30:10,16450.0,1000.0,3588700.0
1201,2021-10-22 03:30:07,16450.0,300.0,3587700.0
1202,2021-10-22 03:30:07,16450.0,600.0,3587400.0
1203,2021-10-22 03:30:07,16450.0,500.0,3586800.0
1204,2021-10-22 03:30:07,16450.0,400.0,3586300.0
1205,2021-10-22 03:29:48,16450.0,100.0,3585900.0
1206,2021-10-22 03:29:48,16450.0,400.0,3585800.0
1207,2021-10-22 03:29:39,16400.0,100.0,3585400.0
1208,2021-10-22 03:29:39,16450.0,600.0,3585300.0
1209,2021-10-22 03:29:23,16450.0,100.0,3584700.0
1210,2021-10-22 03:29:23,16450.0,8900.0,3584600.0
1211,2021-10-22 03:29:17,16450.0,10000.0,3575700.0
1212,2021-10-22 03:29:17,16450.0,100.0,3565700.0
1213,2021-10-22 03:29:17,16450.0,100.0,3565600.0
1214,2021-10-22 03:29:17,16450.0,500.0,3565500.0
1215,2021-10-22 03:29:17,16450.0,400.0,3565000.0
1216,2021-10-22 03:29:15,16450.0,500.0,3564600.0
1217,2021-10-22 03:29:11,16450.0,100.0,3564100.0
1218,2021-10-22 03:29:11,16450.0,100.0,3564000.0
1219,2021-10-22 03:29:03,16450.0,700.0,3563900.0
1220,2021-10-22 03:29:03,16450.0,100.0,3563200.0
1221,2021-10-22 03:29:03,16450.0,200.0,3563100.0
1222,2021-10-22 03:29:03,16450.0,3000.0,3562900.0
1223,2021-10-22 03:29:03,16450.0,800.0,3559900.0
1224,2021-10-22 03:29:03,16450.0,200.0,3559100.0
1225,2021-10-22 03:28:58,16450.0,800.0,3558900.0
1226,2021-10-22 03:28:58,16450.0,700.0,3558100.0
1227,2021-10-22 03:28:58,16450.0,100.0,3557400.0
1228,2021-10-22 03:28:51,16450.0,500.0,3557300.0
1229,2021-10-22 03:28:47,16450.0,1100.0,3556800.0
1230,2021-10-22 03:28:47,16450.0,100.0,3555700.0
1231,2021-10-22 03:28:47,16450.0,300.0,3555600.0
1232,2021-10-22 03:28:46,16450.0,1000.0,3555300.0
1233,2021-10-22 03:28:45,16450.0,100.0,3554300.0
1234,2021-10-22 03:28:43,16450.0,200.0,3554200.0
1235,2021-10-22 03:28:39,16450.0,400.0,3554000.0
1236,2021-10-22 03:28:39,16450.0,1000.0,3553600.0
1237,2021-10-22 03:28:39,16450.0,500.0,3552600.0
1238,2021-10-22 03:28:39,16450.0,1000.0,3552100.0
1239,2021-10-22 03:28:39,16450.0,5000.0,3551100.0
1240,2021-10-22 03:28:39,16450.0,300.0,3546100.0
1241,2021-10-22 03:28:39,16450.0,1600.0,3545800.0
1242,2021-10-22 03:28:39,16450.0,1000.0,3544200.0
1243,2021-10-22 03:28:39,16450.0,500.0,3543200.0
1244,2021-10-22 03:28:39,16450.0,1000.0,3542700.0
1245,2021-10-22 03:28:39,16450.0,1000.0,3541700.0
1246,2021-10-22 03:28:39,16450.0,100.0,3540700.0
1247,2021-10-22 03:28:39,16450.0,1000.0,3540600.0
1248,2021-10-22 03:28:39,16450.0,500.0,3539600.0
1249,2021-10-22 03:28:39,16450.0,100.0,3539100.0
1250,2021-10-22 03:28:32,16450.0,200.0,3539000.0
1251,2021-10-22 03:28:29,16450.0,700.0,3538800.0
1252,2021-10-22 03:28:29,16450.0,100.0,3538100.0
1253,2021-10-22 03:28:29,16450.0,1000.0,3538000.0
1254,2021-10-22 03:28:29,16450.0,1000.0,3537000.0
1255,2021-10-22 03:28:29,16450.0,1200.0,3536000.0
1256,2021-10-22 03:28:29,16450.0,1000.0,3534800.0
1257,2021-10-22 03:28:25,16450.0,4000.0,3533800.0
1258,2021-10-22 03:28:25,16450.0,100.0,3529800.0
1259,2021-10-22 03:28:25,16450.0,400.0,3529700.0
1260,2021-10-22 03:28:25,16450.0,500.0,3529300.0
1261,2021-10-22 03:28:08,16450.0,3500.0,3528800.0
1262,2021-10-22 03:28:08,16450.0,100.0,3525300.0
1263,2021-10-22 03:28:08,16450.0,1000.0,3525200.0
1264,2021-10-22 03:28:08,16450.0,200.0,3524200.0
1265,2021-10-22 03:28:08,16450.0,2000.0,3524000.0
1266,2021-10-22 03:28:08,16450.0,5000.0,3522000.0
1267,2021-10-22 03:28:08,16450.0,2000.0,3517000.0
1268,2021-10-22 03:28:08,16450.0,5000.0,3515000.0
1269,2021-10-22 03:28:08,16450.0,5000.0,3510000.0
1270,2021-10-22 03:28:08,16450.0,200.0,3505000.0
1271,2021-10-22 03:28:08,16450.0,1000.0,3504800.0
1272,2021-10-22 03:28:08,16450.0,500.0,3503800.0
1273,2021-10-22 03:28:08,16450.0,500.0,3503300.0
1274,2021-10-22 03:28:08,16450.0,500.0,3502800.0
1275,2021-10-22 03:28:08,16450.0,700.0,3502300.0
1276,2021-10-22 03:28:08,16450.0,3000.0,3501600.0
1277,2021-10-22 03:28:08,16450.0,100.0,3498600.0
1278,2021-10-22 03:28:08,16450.0,10000.0,3498500.0
1279,2021-10-22 03:28:08,16450.0,500.0,3488500.0
1280,2021-10-22 03:28:08,16450.0,500.0,3488000.0
1281,2021-10-22 03:28:08,16450.0,3000.0,3487500.0
1282,2021-10-22 03:28:08,16450.0,700.0,3484500.0
1283,2021-10-22 03:28:06,16450.0,300.0,3483800.0
1284,2021-10-22 03:27:57,16450.0,500.0,3483500.0
1285,2021-10-22 03:27:44,16450.0,1300.0,3483000.0
1286,2021-10-22 03:27:01,16400.0,7900.0,3481700.0
1287,2021-10-22 03:27:01,16400.0,1900.0,3473800.0
1288,2021-10-22 03:27:01,16400.0,200.0,3471900.0
1289,2021-10-22 03:26:46,16450.0,1900.0,3471700.0
1290,2021-10-22 03:26:33,16450.0,600.0,3469800.0
1291,2021-10-22 03:26:31,16400.0,800.0,3469200.0
1292,2021-10-22 03:26:31,16400.0,1000.0,3468400.0
1293,2021-10-22 03:26:31,16400.0,300.0,3467400.0
1294,2021-10-22 03:26:31,16400.0,500.0,3467100.0
1295,2021-10-22 03:26:31,16400.0,300.0,3466600.0
1296,2021-10-22 03:26:31,16400.0,100.0,3466300.0
1297,2021-10-22 03:26:31,16400.0,300.0,3466200.0
1298,2021-10-22 03:26:31,16400.0,200.0,3465900.0
1299,2021-10-22 03:26:31,16400.0,100.0,3465700.0
1300,2021-10-22 03:26:31,16400.0,100.0,3465600.0
1301,2021-10-22 03:26:31,16400.0,1300.0,3465500.0
1302,2021-10-22 03:26:30,16450.0,1000.0,3464200.0
1303,2021-10-22 03:26:28,16450.0,100.0,3463200.0
1304,2021-10-22 03:26:24,16450.0,1500.0,3463100.0
1305,2021-10-22 03:26:20,16450.0,100.0,3461600.0
1306,2021-10-22 03:26:15,16400.0,10000.0,3461500.0
1307,2021-10-22 03:26:08,16400.0,3700.0,3451500.0
1308,2021-10-22 03:26:08,16400.0,700.0,3447800.0
1309,2021-10-22 03:26:08,16400.0,1000.0,3447100.0
1310,2021-10-22 03:26:08,16400.0,1000.0,3446100.0
1311,2021-10-22 03:26:08,16400.0,400.0,3445100.0
1312,2021-10-22 03:26:08,16400.0,200.0,3444700.0
1313,2021-10-22 03:26:08,16400.0,8000.0,3444500.0
1314,2021-10-22 03:26:07,16450.0,600.0,3436500.0
1315,2021-10-22 03:25:52,16400.0,5000.0,3435900.0
1316,2021-10-22 03:25:47,16400.0,1300.0,3430900.0
1317,2021-10-22 03:25:43,16450.0,600.0,3429600.0
1318,2021-10-22 03:25:43,16450.0,3600.0,3429000.0
1319,2021-10-22 03:25:43,16400.0,500.0,3425400.0
1320,2021-10-22 03:25:19,16400.0,200.0,3424900.0
1321,2021-10-22 03:25:19,16400.0,800.0,3424700.0
1322,2021-10-22 03:25:18,16450.0,600.0,3423900.0
1323,2021-10-22 03:25:17,16450.0,6600.0,3423300.0
1324,2021-10-22 03:25:17,16450.0,500.0,3416700.0
1325,2021-10-22 03:25:17,16450.0,1400.0,3416200.0
1326,2021-10-22 03:25:17,16450.0,1000.0,3414800.0
1327,2021-10-22 03:25:17,16450.0,100.0,3413800.0
1328,2021-10-22 03:25:17,16450.0,3400.0,3413700.0
1329,2021-10-22 03:25:06,16450.0,3600.0,3410300.0
1330,2021-10-22 03:25:01,16400.0,1000.0,3406700.0
1331,2021-10-22 03:24:57,16450.0,400.0,3405700.0
1332,2021-10-22 03:24:52,16400.0,1000.0,3405300.0
1333,2021-10-22 03:24:51,16450.0,1200.0,3404300.0
1334,2021-10-22 03:24:41,16450.0,2200.0,3403100.0
1335,2021-10-22 03:24:36,16400.0,2500.0,3400900.0
1336,2021-10-22 03:24:35,16400.0,900.0,3398400.0
1337,2021-10-22 03:24:34,16400.0,5000.0,3397500.0
1338,2021-10-22 03:24:31,16400.0,700.0,3392500.0
1339,2021-10-22 03:24:31,16400.0,600.0,3391800.0
1340,2021-10-22 03:24:29,16400.0,100.0,3391200.0
1341,2021-10-22 03:24:29,16400.0,800.0,3391100.0
1342,2021-10-22 03:24:29,16400.0,4100.0,3390300.0
1343,2021-10-22 03:24:22,16400.0,1100.0,3386200.0
1344,2021-10-22 03:24:22,16400.0,1600.0,3385100.0
1345,2021-10-22 03:24:19,16400.0,400.0,3383500.0
1346,2021-10-22 03:24:19,16400.0,3000.0,3383100.0
1347,2021-10-22 03:24:19,16400.0,500.0,3380100.0
1348,2021-10-22 03:24:19,16400.0,1000.0,3379600.0
1349,2021-10-22 03:24:19,16400.0,300.0,3378600.0
1350,2021-10-22 03:24:19,16400.0,1000.0,3378300.0
1351,2021-10-22 03:24:19,16400.0,1000.0,3377300.0
1352,2021-10-22 03:24:19,16400.0,200.0,3376300.0
1353,2021-10-22 03:24:19,16400.0,800.0,3376100.0
1354,2021-10-22 03:24:16,16350.0,300.0,3375300.0
1355,2021-10-22 03:24:15,16400.0,700.0,3375000.0
1356,2021-10-22 03:24:15,16400.0,300.0,3374300.0
1357,2021-10-22 03:24:15,16400.0,100.0,3374000.0
1358,2021-10-22 03:24:15,16400.0,400.0,3373900.0
1359,2021-10-22 03:24:15,16400.0,100.0,3373500.0
1360,2021-10-22 03:24:12,16400.0,100.0,3373400.0
1361,2021-10-22 03:24:09,16400.0,300.0,3373300.0
1362,2021-10-22 03:24:09,16400.0,300.0,3373000.0
1363,2021-10-22 03:24:07,16400.0,700.0,3372700.0
1364,2021-10-22 03:24:07,16400.0,9300.0,3372000.0
1365,2021-10-22 03:24:03,16400.0,200.0,3362700.0
1366,2021-10-22 03:23:59,16400.0,300.0,3362500.0
1367,2021-10-22 03:23:51,16400.0,200.0,3362200.0
1368,2021-10-22 03:23:51,16400.0,600.0,3362000.0
1369,2021-10-22 03:23:49,16400.0,1500.0,3361400.0
1370,2021-10-22 03:23:45,16400.0,1100.0,3359900.0
1371,2021-10-22 03:23:38,16400.0,600.0,3358800.0
1372,2021-10-22 03:23:36,16400.0,1000.0,3358200.0
1373,2021-10-22 03:23:31,16400.0,200.0,3357200.0
1374,2021-10-22 03:23:31,16400.0,1000.0,3357000.0
1375,2021-10-22 03:23:31,16400.0,300.0,3356000.0
1376,2021-10-22 03:23:29,16400.0,200.0,3355700.0
1377,2021-10-22 03:23:26,16400.0,3000.0,3355500.0
1378,2021-10-22 03:23:26,16400.0,800.0,3352500.0
1379,2021-10-22 03:23:26,16400.0,800.0,3351700.0
1380,2021-10-22 03:23:26,16400.0,100.0,3350900.0
1381,2021-10-22 03:23:26,16400.0,800.0,3350800.0
1382,2021-10-22 03:23:20,16400.0,2000.0,3350000.0
1383,2021-10-22 03:23:06,16400.0,300.0,3348000.0
1384,2021-10-22 03:22:54,16400.0,1900.0,3347700.0
1385,2021-10-22 03:22:54,16400.0,500.0,3345800.0
1386,2021-10-22 03:22:54,16400.0,500.0,3345300.0
1387,2021-10-22 03:22:54,16400.0,1000.0,3344800.0
1388,2021-10-22 03:22:54,16400.0,500.0,3343800.0
1389,2021-10-22 03:22:54,16400.0,100.0,3343300.0
1390,2021-10-22 03:22:54,16400.0,500.0,3343200.0
1391,2021-10-22 03:22:54,16400.0,2000.0,3342700.0
1392,2021-10-22 03:22:54,16400.0,200.0,3340700.0
1393,2021-10-22 03:22:54,16400.0,200.0,3340500.0
1394,2021-10-22 03:22:54,16400.0,500.0,3340300.0
1395,2021-10-22 03:22:54,16400.0,2100.0,3339800.0
1396,2021-10-22 03:22:51,16400.0,900.0,3337700.0
1397,2021-10-22 03:22:51,16400.0,100.0,3336800.0
1398,2021-10-22 03:22:48,16400.0,2200.0,3336700.0
1399,2021-10-22 03:22:31,16400.0,500.0,3334500.0
1400,2021-10-22 03:22:30,16400.0,200.0,3334000.0
1401,2021-10-22 03:22:23,16400.0,1000.0,3333800.0
1402,2021-10-22 03:22:13,16400.0,1100.0,3332800.0
1403,2021-10-22 03:22:13,16400.0,3000.0,3331700.0
1404,2021-10-22 03:22:13,16400.0,5000.0,3328700.0
1405,2021-10-22 03:22:13,16400.0,1900.0,3323700.0
1406,2021-10-22 03:22:02,16400.0,8000.0,3321800.0
1407,2021-10-22 03:21:49,16350.0,3000.0,3313800.0
1408,2021-10-22 03:21:46,16350.0,4200.0,3310800.0
1409,2021-10-22 03:21:02,16350.0,100.0,3306600.0
1410,2021-10-22 03:20:40,16400.0,100.0,3306500.0
1411,2021-10-22 03:20:40,16400.0,100.0,3306400.0
1412,2021-10-22 03:20:34,16350.0,1000.0,3306300.0
1413,2021-10-22 03:20:20,16400.0,500.0,3305300.0
1414,2021-10-22 03:20:07,16400.0,100.0,3304800.0
1415,2021-10-22 03:20:00,16400.0,100.0,3304700.0
1416,2021-10-22 03:19:52,16400.0,100.0,3304600.0
1417,2021-10-22 03:19:32,16400.0,100.0,3304500.0
1418,2021-10-22 03:19:24,16400.0,100.0,3304400.0
1419,2021-10-22 03:18:41,16400.0,8900.0,3304300.0
1420,2021-10-22 03:18:41,16400.0,400.0,3295400.0
1421,2021-10-22 03:18:41,16400.0,1000.0,3295000.0
1422,2021-10-22 03:18:41,16400.0,500.0,3294000.0
1423,2021-10-22 03:18:41,16400.0,500.0,3293500.0
1424,2021-10-22 03:18:41,16400.0,1700.0,3293000.0
1425,2021-10-22 03:18:17,16350.0,900.0,3291300.0
1426,2021-10-22 03:18:17,16350.0,1100.0,3290400.0
1427,2021-10-22 03:18:14,16400.0,100.0,3289300.0
1428,2021-10-22 03:18:08,16350.0,200.0,3289200.0
1429,2021-10-22 03:18:02,16400.0,500.0,3289000.0
1430,2021-10-22 03:17:57,16400.0,200.0,3288500.0
1431,2021-10-22 03:17:30,16400.0,500.0,3288300.0
1432,2021-10-22 03:17:20,16400.0,200.0,3287800.0
1433,2021-10-22 03:17:18,16350.0,1100.0,3287600.0
1434,2021-10-22 03:17:07,16350.0,7600.0,3286500.0
1435,2021-10-22 03:17:07,16350.0,100.0,3278900.0
1436,2021-10-22 03:17:07,16350.0,800.0,3278800.0
1437,2021-10-22 03:17:07,16350.0,100.0,3278000.0
1438,2021-10-22 03:17:07,16350.0,1500.0,3277900.0
1439,2021-10-22 03:17:07,16350.0,600.0,3276400.0
1440,2021-10-22 03:17:07,16350.0,1700.0,3275800.0
1441,2021-10-22 03:17:07,16350.0,500.0,3274100.0
1442,2021-10-22 03:17:07,16350.0,2100.0,3273600.0
1443,2021-10-22 03:16:55,16400.0,200.0,3271500.0
1444,2021-10-22 03:16:54,16350.0,1900.0,3271300.0
1445,2021-10-22 03:16:54,16350.0,200.0,3269400.0
1446,2021-10-22 03:16:54,16350.0,3600.0,3269200.0
1447,2021-10-22 03:16:54,16350.0,5000.0,3265600.0
1448,2021-10-22 03:16:54,16350.0,3000.0,3260600.0
1449,2021-10-22 03:16:54,16350.0,500.0,3257600.0
1450,2021-10-22 03:16:54,16350.0,200.0,3257100.0
1451,2021-10-22 03:16:54,16350.0,1000.0,3256900.0
1452,2021-10-22 03:16:54,16350.0,300.0,3255900.0
1453,2021-10-22 03:16:54,16350.0,100.0,3255600.0
1454,2021-10-22 03:16:54,16350.0,100.0,3255500.0
1455,2021-10-22 03:16:54,16350.0,4100.0,3255400.0
1456,2021-10-22 03:16:50,16350.0,1800.0,3251300.0
1457,2021-10-22 03:16:50,16350.0,200.0,3249500.0
1458,2021-10-22 03:16:47,16350.0,9800.0,3249300.0
1459,2021-10-22 03:16:47,16350.0,500.0,3239500.0
1460,2021-10-22 03:16:47,16350.0,100.0,3239000.0
1461,2021-10-22 03:16:47,16350.0,1000.0,3238900.0
1462,2021-10-22 03:16:47,16350.0,2000.0,3237900.0
1463,2021-10-22 03:16:47,16350.0,1500.0,3235900.0
1464,2021-10-22 03:16:47,16350.0,100.0,3234400.0
1465,2021-10-22 03:16:47,16350.0,5000.0,3234300.0
1466,2021-10-22 03:16:43,16400.0,200.0,3229300.0
1467,2021-10-22 03:16:39,16400.0,200.0,3229100.0
1468,2021-10-22 03:16:38,16400.0,200.0,3228900.0
1469,2021-10-22 03:16:33,16400.0,4000.0,3228700.0
1470,2021-10-22 03:16:33,16400.0,5000.0,3224700.0
1471,2021-10-22 03:16:33,16400.0,1000.0,3219700.0
1472,2021-10-22 03:16:20,16400.0,100.0,3218700.0
1473,2021-10-22 03:15:57,16350.0,1000.0,3218600.0
1474,2021-10-22 03:15:44,16350.0,600.0,3217600.0
1475,2021-10-22 03:15:44,16350.0,100.0,3217000.0
1476,2021-10-22 03:15:43,16350.0,300.0,3216900.0
1477,2021-10-22 03:15:43,16350.0,100.0,3216600.0
1478,2021-10-22 03:15:43,16350.0,1600.0,3216500.0
1479,2021-10-22 03:15:22,16350.0,400.0,3214900.0
1480,2021-10-22 03:15:22,16350.0,100.0,3214500.0
1481,2021-10-22 03:15:22,16350.0,100.0,3214400.0
1482,2021-10-22 03:15:22,16350.0,400.0,3214300.0
1483,2021-10-22 03:15:11,16350.0,100.0,3213900.0
1484,2021-10-22 03:15:11,16350.0,100.0,3213800.0
1485,2021-10-22 03:15:11,16350.0,800.0,3213700.0
1486,2021-10-22 03:15:10,16350.0,1100.0,3212900.0
1487,2021-10-22 03:15:10,16350.0,900.0,3211800.0
1488,2021-10-22 03:15:06,16400.0,900.0,3210900.0
1489,2021-10-22 03:15:06,16400.0,100.0,3210000.0
1490,2021-10-22 03:15:04,16350.0,100.0,3209900.0
1491,2021-10-22 03:15:04,16350.0,2000.0,3209800.0
1492,2021-10-22 03:15:04,16350.0,1000.0,3207800.0
1493,2021-10-22 03:15:04,16350.0,1900.0,3206800.0
1494,2021-10-22 03:14:54,16350.0,3100.0,3204900.0
1495,2021-10-22 03:14:48,16350.0,1000.0,3201800.0
1496,2021-10-22 03:14:46,16400.0,300.0,3200800.0
1497,2021-10-22 03:14:46,16400.0,600.0,3200500.0
1498,2021-10-22 03:14:46,16400.0,100.0,3199900.0
1499,2021-10-22 03:14:44,16400.0,200.0,3199800.0
1500,2021-10-22 03:14:42,16400.0,1000.0,3199600.0
1501,2021-10-22 03:14:35,16400.0,100.0,3198600.0
1502,2021-10-22 03:14:33,16400.0,300.0,3198500.0
1503,2021-10-22 03:14:31,16400.0,1000.0,3198200.0
1504,2021-10-22 03:14:21,16400.0,1300.0,3197200.0
1505,2021-10-22 03:14:17,16400.0,300.0,3195900.0
1506,2021-10-22 03:14:17,16400.0,100.0,3195600.0
1507,2021-10-22 03:14:17,16400.0,800.0,3195500.0
1508,2021-10-22 03:14:09,16400.0,200.0,3194700.0
1509,2021-10-22 03:14:05,16450.0,600.0,3194500.0
1510,2021-10-22 03:14:05,16400.0,200.0,3193900.0
1511,2021-10-22 03:14:05,16400.0,200.0,3193700.0
1512,2021-10-22 03:14:04,16400.0,100.0,3193500.0
1513,2021-10-22 03:14:04,16400.0,200.0,3193400.0
1514,2021-10-22 03:14:04,16400.0,500.0,3193200.0
1515,2021-10-22 03:13:58,16400.0,500.0,3192700.0
1516,2021-10-22 03:13:58,16400.0,500.0,3192200.0
1517,2021-10-22 03:13:54,16400.0,3000.0,3191700.0
1518,2021-10-22 03:13:54,16400.0,1500.0,3188700.0
1519,2021-10-22 03:13:54,16400.0,400.0,3187200.0
1520,2021-10-22 03:13:54,16400.0,400.0,3186800.0
1521,2021-10-22 03:13:54,16400.0,500.0,3186400.0
1522,2021-10-22 03:13:54,16400.0,1500.0,3185900.0
1523,2021-10-22 03:13:54,16400.0,300.0,3184400.0
1524,2021-10-22 03:13:54,16400.0,1000.0,3184100.0
1525,2021-10-22 03:13:54,16400.0,4400.0,3183100.0
1526,2021-10-22 03:13:50,16400.0,600.0,3178700.0
1527,2021-10-22 03:13:50,16400.0,9400.0,3178100.0
1528,2021-10-22 03:13:48,16400.0,600.0,3168700.0
1529,2021-10-22 03:13:48,16400.0,5000.0,3168100.0
1530,2021-10-22 03:13:48,16400.0,2000.0,3163100.0
1531,2021-10-22 03:13:48,16400.0,1000.0,3161100.0
1532,2021-10-22 03:13:48,16400.0,8900.0,3160100.0
1533,2021-10-22 03:13:48,16450.0,600.0,3151200.0
1534,2021-10-22 03:13:48,16450.0,11900.0,3150600.0
1535,2021-10-22 03:13:38,16400.0,1100.0,3138700.0
1536,2021-10-22 03:13:38,16400.0,500.0,3137600.0
1537,2021-10-22 03:13:38,16400.0,500.0,3137100.0
1538,2021-10-22 03:13:38,16400.0,100.0,3136600.0
1539,2021-10-22 03:13:38,16400.0,100.0,3136500.0
1540,2021-10-22 03:13:38,16400.0,200.0,3136400.0
1541,2021-10-22 03:13:38,16400.0,700.0,3136200.0
1542,2021-10-22 03:13:38,16400.0,500.0,3135500.0
1543,2021-10-22 03:13:38,16400.0,1000.0,3135000.0
1544,2021-10-22 03:13:38,16400.0,500.0,3134000.0
1545,2021-10-22 03:13:38,16400.0,4800.0,3133500.0
1546,2021-10-22 03:13:36,16450.0,600.0,3128700.0
1547,2021-10-22 03:13:36,16450.0,1000.0,3128100.0
1548,2021-10-22 03:13:36,16450.0,2000.0,3127100.0
1549,2021-10-22 03:13:36,16450.0,2000.0,3125100.0
1550,2021-10-22 03:13:36,16450.0,400.0,3123100.0
1551,2021-10-22 03:13:26,16400.0,100.0,3122700.0
1552,2021-10-22 03:13:21,16400.0,1000.0,3122600.0
1553,2021-10-22 03:13:20,16450.0,1000.0,3121600.0
1554,2021-10-22 03:13:15,16400.0,500.0,3120600.0
1555,2021-10-22 03:13:13,16450.0,4700.0,3120100.0
1556,2021-10-22 03:13:06,16450.0,200.0,3115400.0
1557,2021-10-22 03:13:05,16400.0,200.0,3115200.0
1558,2021-10-22 03:13:02,16450.0,3700.0,3115000.0
1559,2021-10-22 03:13:02,16450.0,1300.0,3111300.0
1560,2021-10-22 03:12:56,16400.0,200.0,3110000.0
1561,2021-10-22 03:12:53,16400.0,100.0,3109800.0
1562,2021-10-22 03:12:52,16450.0,300.0,3109700.0
1563,2021-10-22 03:12:47,16400.0,12800.0,3109400.0
1564,2021-10-22 03:12:42,16450.0,300.0,3096600.0
1565,2021-10-22 03:12:38,16400.0,100.0,3096300.0
1566,2021-10-22 03:12:29,16400.0,1000.0,3096200.0
1567,2021-10-22 03:12:22,16400.0,1000.0,3095200.0
1568,2021-10-22 03:12:15,16400.0,15000.0,3094200.0
1569,2021-10-22 03:12:15,16400.0,3200.0,3079200.0
1570,2021-10-22 03:12:12,16350.0,4500.0,3076000.0
1571,2021-10-22 03:12:08,16400.0,100.0,3071500.0
1572,2021-10-22 03:12:04,16400.0,400.0,3071400.0
1573,2021-10-22 03:12:04,16400.0,1500.0,3071000.0
1574,2021-10-22 03:12:04,16400.0,300.0,3069500.0
1575,2021-10-22 03:12:04,16400.0,1900.0,3069200.0
1576,2021-10-22 03:12:03,16400.0,500.0,3067300.0
1577,2021-10-22 03:11:54,16400.0,100.0,3066800.0
1578,2021-10-22 03:11:54,16400.0,2500.0,3066700.0
1579,2021-10-22 03:11:54,16400.0,200.0,3064200.0
1580,2021-10-22 03:11:54,16400.0,3000.0,3064000.0
1581,2021-10-22 03:11:54,16400.0,4300.0,3061000.0
1582,2021-10-22 03:11:52,16400.0,100.0,3056700.0
1583,2021-10-22 03:11:50,16400.0,100.0,3056600.0
1584,2021-10-22 03:11:49,16400.0,500.0,3056500.0
1585,2021-10-22 03:11:49,16400.0,500.0,3056000.0
1586,2021-10-22 03:11:49,16400.0,2000.0,3055500.0
1587,2021-10-22 03:11:49,16400.0,500.0,3053500.0
1588,2021-10-22 03:11:49,16400.0,5300.0,3053000.0
1589,2021-10-22 03:11:49,16400.0,1000.0,3047700.0
1590,2021-10-22 03:11:49,16400.0,200.0,3046700.0
1591,2021-10-22 03:11:49,16400.0,2400.0,3046500.0
1592,2021-10-22 03:11:27,16400.0,500.0,3044100.0
1593,2021-10-22 03:11:24,16400.0,2800.0,3043600.0
1594,2021-10-22 03:11:23,16400.0,100.0,3040800.0
1595,2021-10-22 03:11:20,16400.0,500.0,3040700.0
1596,2021-10-22 03:11:02,16400.0,1000.0,3040200.0
1597,2021-10-22 03:10:57,16400.0,1000.0,3039200.0
1598,2021-10-22 03:10:46,16400.0,1000.0,3038200.0
1599,2021-10-22 03:10:46,16400.0,700.0,3037200.0
1600,2021-10-22 03:10:45,16450.0,100.0,3036500.0
1601,2021-10-22 03:10:45,16450.0,200.0,3036400.0
1602,2021-10-22 03:10:45,16400.0,1700.0,3036200.0
1603,2021-10-22 03:10:41,16400.0,300.0,3034500.0
1604,2021-10-22 03:10:41,16400.0,500.0,3034200.0
1605,2021-10-22 03:10:41,16400.0,200.0,3033700.0
1606,2021-10-22 03:10:38,16400.0,2000.0,3033500.0
1607,2021-10-22 03:10:36,16400.0,2800.0,3031500.0
1608,2021-10-22 03:10:36,16400.0,300.0,3028700.0
1609,2021-10-22 03:10:36,16400.0,500.0,3028400.0
1610,2021-10-22 03:10:28,16400.0,100.0,3027900.0
1611,2021-10-22 03:10:28,16400.0,900.0,3027800.0
1612,2021-10-22 03:10:28,16400.0,500.0,3026900.0
1613,2021-10-22 03:10:28,16400.0,10000.0,3026400.0
1614,2021-10-22 03:10:28,16400.0,4000.0,3016400.0
1615,2021-10-22 03:10:28,16400.0,500.0,3012400.0
1616,2021-10-22 03:10:28,16400.0,500.0,3011900.0
1617,2021-10-22 03:10:28,16400.0,100.0,3011400.0
1618,2021-10-22 03:10:28,16400.0,400.0,3011300.0
1619,2021-10-22 03:10:28,16400.0,500.0,3010900.0
1620,2021-10-22 03:10:28,16400.0,100.0,3010400.0
1621,2021-10-22 03:10:28,16400.0,100.0,3010300.0
1622,2021-10-22 03:10:28,16400.0,200.0,3010200.0
1623,2021-10-22 03:10:28,16400.0,1000.0,3010000.0
1624,2021-10-22 03:10:28,16400.0,500.0,3009000.0
1625,2021-10-22 03:10:28,16400.0,700.0,3008500.0
1626,2021-10-22 03:10:27,16400.0,3000.0,3007800.0
1627,2021-10-22 03:10:19,16400.0,1000.0,3004800.0
1628,2021-10-22 03:10:09,16400.0,300.0,3003800.0
1629,2021-10-22 03:10:09,16400.0,200.0,3003500.0
1630,2021-10-22 03:10:09,16400.0,1000.0,3003300.0
1631,2021-10-22 03:10:09,16400.0,8500.0,3002300.0
1632,2021-10-22 03:10:08,16400.0,1000.0,2993800.0
1633,2021-10-22 03:10:05,16400.0,500.0,2992800.0
1634,2021-10-22 03:10:05,16400.0,1000.0,2992300.0
1635,2021-10-22 03:10:05,16400.0,400.0,2991300.0
1636,2021-10-22 03:10:05,16400.0,500.0,2990900.0
1637,2021-10-22 03:10:05,16400.0,500.0,2990400.0
1638,2021-10-22 03:10:05,16400.0,100.0,2989900.0
1639,2021-10-22 03:10:03,16400.0,1000.0,2989800.0
1640,2021-10-22 03:10:01,16400.0,200.0,2988800.0
1641,2021-10-22 03:10:00,16400.0,200.0,2988600.0
1642,2021-10-22 03:09:58,16400.0,200.0,2988400.0
1643,2021-10-22 03:09:58,16400.0,600.0,2988200.0
1644,2021-10-22 03:09:57,16400.0,3800.0,2987600.0
1645,2021-10-22 03:09:57,16400.0,500.0,2983800.0
1646,2021-10-22 03:09:57,16400.0,100.0,2983300.0
1647,2021-10-22 03:09:57,16400.0,500.0,2983200.0
1648,2021-10-22 03:09:57,16400.0,500.0,2982700.0
1649,2021-10-22 03:09:57,16400.0,100.0,2982200.0
1650,2021-10-22 03:09:57,16400.0,500.0,2982100.0
1651,2021-10-22 03:09:57,16400.0,400.0,2981600.0
1652,2021-10-22 03:09:57,16400.0,500.0,2981200.0
1653,2021-10-22 03:09:57,16400.0,100.0,2980700.0
1654,2021-10-22 03:09:57,16400.0,500.0,2980600.0
1655,2021-10-22 03:09:57,16400.0,200.0,2980100.0
1656,2021-10-22 03:09:57,16400.0,1000.0,2979900.0
1657,2021-10-22 03:09:57,16400.0,3000.0,2978900.0
1658,2021-10-22 03:09:57,16400.0,10000.0,2975900.0
1659,2021-10-22 03:09:57,16400.0,500.0,2965900.0
1660,2021-10-22 03:09:57,16400.0,500.0,2965400.0
1661,2021-10-22 03:09:57,16400.0,500.0,2964900.0
1662,2021-10-22 03:09:53,16400.0,100.0,2964400.0
1663,2021-10-22 03:09:51,16400.0,400.0,2964300.0
1664,2021-10-22 03:09:51,16400.0,1000.0,2963900.0
1665,2021-10-22 03:09:51,16400.0,1000.0,2962900.0
1666,2021-10-22 03:09:51,16400.0,1000.0,2961900.0
1667,2021-10-22 03:09:51,16400.0,1000.0,2960900.0
1668,2021-10-22 03:09:51,16400.0,300.0,2959900.0
1669,2021-10-22 03:09:51,16400.0,500.0,2959600.0
1670,2021-10-22 03:09:51,16400.0,2000.0,2959100.0
1671,2021-10-22 03:09:51,16400.0,2800.0,2957100.0
1672,2021-10-22 03:09:45,16400.0,100.0,2954300.0
1673,2021-10-22 03:09:41,16400.0,4900.0,2954200.0
1674,2021-10-22 03:09:34,16400.0,2200.0,2949300.0
1675,2021-10-22 03:09:34,16400.0,2800.0,2947100.0
1676,2021-10-22 03:09:31,16400.0,800.0,2944300.0
1677,2021-10-22 03:09:30,16400.0,300.0,2943500.0
1678,2021-10-22 03:09:29,16400.0,1100.0,2943200.0
1679,2021-10-22 03:09:29,16400.0,2900.0,2942100.0
1680,2021-10-22 03:09:24,16400.0,5000.0,2939200.0
1681,2021-10-22 03:09:21,16400.0,1000.0,2934200.0
1682,2021-10-22 03:09:20,16400.0,500.0,2933200.0
1683,2021-10-22 03:09:17,16400.0,600.0,2932700.0
1684,2021-10-22 03:09:17,16400.0,500.0,2932100.0
1685,2021-10-22 03:09:13,16400.0,300.0,2931600.0
1686,2021-10-22 03:09:05,16400.0,700.0,2931300.0
1687,2021-10-22 03:09:05,16400.0,300.0,2930600.0
1688,2021-10-22 03:09:02,16400.0,100.0,2930300.0
1689,2021-10-22 03:08:53,16400.0,200.0,2930200.0
1690,2021-10-22 03:08:52,16400.0,500.0,2930000.0
1691,2021-10-22 03:08:50,16400.0,500.0,2929500.0
1692,2021-10-22 03:08:45,16400.0,400.0,2929000.0
1693,2021-10-22 03:08:45,16400.0,600.0,2928600.0
1694,2021-10-22 03:08:39,16400.0,500.0,2928000.0
1695,2021-10-22 03:08:34,16400.0,300.0,2927500.0
1696,2021-10-22 03:08:28,16400.0,600.0,2927200.0
1697,2021-10-22 03:08:28,16400.0,400.0,2926600.0
1698,2021-10-22 03:08:23,16400.0,1000.0,2926200.0
1699,2021-10-22 03:08:05,16400.0,200.0,2925200.0
1700,2021-10-22 03:07:58,16400.0,300.0,2925000.0
1701,2021-10-22 03:07:56,16350.0,2500.0,2924700.0
1702,2021-10-22 03:07:45,16400.0,100.0,2922200.0
1703,2021-10-22 03:07:27,16350.0,500.0,2922100.0
1704,2021-10-22 03:07:26,16350.0,2900.0,2921600.0
1705,2021-10-22 03:07:21,16350.0,1400.0,2918700.0
1706,2021-10-22 03:07:21,16350.0,100.0,2917300.0
1707,2021-10-22 03:07:21,16350.0,800.0,2917200.0
1708,2021-10-22 03:07:18,16350.0,5000.0,2916400.0
1709,2021-10-22 03:07:17,16350.0,400.0,2911400.0
1710,2021-10-22 03:07:13,16350.0,3600.0,2911000.0
1711,2021-10-22 03:07:09,16350.0,200.0,2907400.0
1712,2021-10-22 03:07:09,16350.0,1000.0,2907200.0
1713,2021-10-22 03:07:09,16350.0,3000.0,2906200.0
1714,2021-10-22 03:07:09,16350.0,5000.0,2903200.0
1715,2021-10-22 03:07:09,16350.0,100.0,2898200.0
1716,2021-10-22 03:07:09,16350.0,700.0,2898100.0
1717,2021-10-22 03:07:04,16350.0,200.0,2897400.0
1718,2021-10-22 03:07:01,16350.0,2000.0,2897200.0
1719,2021-10-22 03:07:01,16350.0,100.0,2895200.0
1720,2021-10-22 03:07:01,16350.0,400.0,2895100.0
1721,2021-10-22 03:06:57,16350.0,600.0,2894700.0
1722,2021-10-22 03:06:57,16350.0,900.0,2894100.0
1723,2021-10-22 03:06:56,16350.0,100.0,2893200.0
1724,2021-10-22 03:06:56,16350.0,500.0,2893100.0
1725,2021-10-22 03:06:56,16350.0,100.0,2892600.0
1726,2021-10-22 03:06:56,16350.0,200.0,2892500.0
1727,2021-10-22 03:06:56,16350.0,100.0,2892300.0
1728,2021-10-22 03:06:56,16350.0,400.0,2892200.0
1729,2021-10-22 03:06:49,16300.0,600.0,2891800.0
1730,2021-10-22 03:06:37,16350.0,1600.0,2891200.0
1731,2021-10-22 03:06:37,16350.0,10000.0,2889600.0
1732,2021-10-22 03:06:37,16350.0,3400.0,2879600.0
1733,2021-10-22 03:06:37,16350.0,300.0,2876200.0
1734,2021-10-22 03:06:37,16350.0,200.0,2875900.0
1735,2021-10-22 03:06:37,16350.0,500.0,2875700.0
1736,2021-10-22 03:06:37,16350.0,1000.0,2875200.0
1737,2021-10-22 03:06:37,16350.0,1000.0,2874200.0
1738,2021-10-22 03:06:37,16350.0,500.0,2873200.0
1739,2021-10-22 03:06:37,16350.0,100.0,2872700.0
1740,2021-10-22 03:06:37,16350.0,1000.0,2872600.0
1741,2021-10-22 03:06:37,16350.0,400.0,2871600.0
1742,2021-10-22 03:06:32,16350.0,100.0,2871200.0
1743,2021-10-22 03:06:22,16300.0,200.0,2871100.0
1744,2021-10-22 03:06:18,16300.0,300.0,2870900.0
1745,2021-10-22 03:06:18,16300.0,700.0,2870600.0
1746,2021-10-22 03:06:14,16300.0,100.0,2869900.0
1747,2021-10-22 03:06:14,16300.0,200.0,2869800.0
1748,2021-10-22 03:06:14,16300.0,1400.0,2869600.0
1749,2021-10-22 03:06:14,16300.0,400.0,2868200.0
1750,2021-10-22 03:06:10,16300.0,1600.0,2867800.0
1751,2021-10-22 03:06:10,16300.0,1400.0,2866200.0
1752,2021-10-22 03:06:08,16350.0,500.0,2864800.0
1753,2021-10-22 03:05:59,16300.0,500.0,2864300.0
1754,2021-10-22 03:05:51,16300.0,200.0,2863800.0
1755,2021-10-22 03:05:51,16300.0,200.0,2863600.0
1756,2021-10-22 03:05:51,16300.0,600.0,2863400.0
1757,2021-10-22 03:05:47,16300.0,800.0,2862800.0
1758,2021-10-22 03:05:42,16300.0,100.0,2862000.0
1759,2021-10-22 03:05:41,16300.0,1000.0,2861900.0
1760,2021-10-22 03:05:32,16300.0,100.0,2860900.0
1761,2021-10-22 03:05:32,16300.0,200.0,2860800.0
1762,2021-10-22 03:05:32,16300.0,2000.0,2860600.0
1763,2021-10-22 03:05:32,16300.0,6500.0,2858600.0
1764,2021-10-22 03:05:32,16300.0,1400.0,2852100.0
1765,2021-10-22 03:05:32,16300.0,300.0,2850700.0
1766,2021-10-22 03:05:32,16300.0,2000.0,2850400.0
1767,2021-10-22 03:05:30,16350.0,1000.0,2848400.0
1768,2021-10-22 03:05:22,16300.0,200.0,2847400.0
1769,2021-10-22 03:05:21,16300.0,300.0,2847200.0
1770,2021-10-22 03:04:53,16300.0,1000.0,2846900.0
1771,2021-10-22 03:04:52,16300.0,1000.0,2845900.0
1772,2021-10-22 03:04:52,16300.0,1000.0,2844900.0
1773,2021-10-22 03:04:52,16300.0,1000.0,2843900.0
1774,2021-10-22 03:04:52,16300.0,500.0,2842900.0
1775,2021-10-22 03:04:52,16300.0,1000.0,2842400.0
1776,2021-10-22 03:04:52,16300.0,200.0,2841400.0
1777,2021-10-22 03:04:52,16300.0,5000.0,2841200.0
1778,2021-10-22 03:04:52,16300.0,2000.0,2836200.0
1779,2021-10-22 03:04:52,16300.0,1000.0,2834200.0
1780,2021-10-22 03:04:52,16300.0,500.0,2833200.0
1781,2021-10-22 03:04:52,16300.0,700.0,2832700.0
1782,2021-10-22 03:04:52,16300.0,1000.0,2832000.0
1783,2021-10-22 03:04:52,16300.0,500.0,2831000.0
1784,2021-10-22 03:04:52,16300.0,1100.0,2830500.0
1785,2021-10-22 03:04:48,16300.0,900.0,2829400.0
1786,2021-10-22 03:04:48,16300.0,100.0,2828500.0
1787,2021-10-22 03:04:46,16300.0,2500.0,2828400.0
1788,2021-10-22 03:04:46,16300.0,100.0,2825900.0
1789,2021-10-22 03:04:46,16300.0,900.0,2825800.0
1790,2021-10-22 03:04:46,16300.0,100.0,2824900.0
1791,2021-10-22 03:04:46,16300.0,1900.0,2824800.0
1792,2021-10-22 03:04:43,16300.0,3100.0,2822900.0
1793,2021-10-22 03:04:43,16300.0,500.0,2819800.0
1794,2021-10-22 03:04:43,16300.0,600.0,2819300.0
1795,2021-10-22 03:04:43,16300.0,100.0,2818700.0
1796,2021-10-22 03:04:43,16300.0,700.0,2818600.0
1797,2021-10-22 03:04:41,16300.0,300.0,2817900.0
1798,2021-10-22 03:04:41,16300.0,400.0,2817600.0
1799,2021-10-22 03:04:40,16300.0,600.0,2817200.0
1800,2021-10-22 03:04:40,16300.0,500.0,2816600.0
1801,2021-10-22 03:04:40,16300.0,1900.0,2816100.0
1802,2021-10-22 03:04:38,16300.0,800.0,2814200.0
1803,2021-10-22 03:04:36,16300.0,300.0,2813400.0
1804,2021-10-22 03:04:29,16300.0,100.0,2813100.0
1805,2021-10-22 03:04:29,16300.0,3000.0,2813000.0
1806,2021-10-22 03:04:29,16300.0,300.0,2810000.0
1807,2021-10-22 03:04:29,16300.0,6600.0,2809700.0
1808,2021-10-22 03:04:26,16300.0,3400.0,2803100.0
1809,2021-10-22 03:04:26,16300.0,500.0,2799700.0
1810,2021-10-22 03:04:26,16300.0,200.0,2799200.0
1811,2021-10-22 03:04:26,16300.0,500.0,2799000.0
1812,2021-10-22 03:04:26,16300.0,400.0,2798500.0
1813,2021-10-22 03:04:25,16250.0,2500.0,2798100.0
1814,2021-10-22 03:04:24,16300.0,1000.0,2795600.0
1815,2021-10-22 03:04:15,16300.0,600.0,2794600.0
1816,2021-10-22 03:04:15,16300.0,900.0,2794000.0
1817,2021-10-22 03:03:53,16250.0,400.0,2793100.0
1818,2021-10-22 03:03:53,16250.0,100.0,2792700.0
1819,2021-10-22 03:03:53,16250.0,300.0,2792600.0
1820,2021-10-22 03:03:53,16250.0,500.0,2792300.0
1821,2021-10-22 03:03:53,16250.0,400.0,2791800.0
1822,2021-10-22 03:03:53,16250.0,200.0,2791400.0
1823,2021-10-22 03:03:53,16250.0,4200.0,2791200.0
1824,2021-10-22 03:03:53,16250.0,400.0,2787000.0
1825,2021-10-22 03:03:53,16250.0,100.0,2786600.0
1826,2021-10-22 03:03:53,16250.0,3400.0,2786500.0
1827,2021-10-22 03:03:52,16300.0,100.0,2783100.0
1828,2021-10-22 03:03:52,16300.0,2000.0,2783000.0
1829,2021-10-22 03:03:52,16300.0,500.0,2781000.0
1830,2021-10-22 03:03:52,16300.0,400.0,2780500.0
1831,2021-10-22 03:03:49,16250.0,2000.0,2780100.0
1832,2021-10-22 03:03:44,16300.0,1600.0,2778100.0
1833,2021-10-22 03:03:44,16300.0,100.0,2776500.0
1834,2021-10-22 03:03:44,16300.0,2000.0,2776400.0
1835,2021-10-22 03:03:44,16300.0,1000.0,2774400.0
1836,2021-10-22 03:03:44,16300.0,100.0,2773400.0
1837,2021-10-22 03:03:44,16300.0,1000.0,2773300.0
1838,2021-10-22 03:03:44,16300.0,1000.0,2772300.0
1839,2021-10-22 03:03:44,16300.0,5000.0,2771300.0
1840,2021-10-22 03:03:44,16300.0,3000.0,2766300.0
1841,2021-10-22 03:03:44,16300.0,1000.0,2763300.0
1842,2021-10-22 03:03:44,16300.0,500.0,2762300.0
1843,2021-10-22 03:03:44,16300.0,1000.0,2761800.0
1844,2021-10-22 03:03:44,16300.0,500.0,2760800.0
1845,2021-10-22 03:03:44,16300.0,100.0,2760300.0
1846,2021-10-22 03:03:44,16300.0,2000.0,2760200.0
1847,2021-10-22 03:03:44,16300.0,100.0,2758200.0
1848,2021-10-22 03:03:36,16300.0,300.0,2758100.0
1849,2021-10-22 03:03:30,16250.0,12800.0,2757800.0
1850,2021-10-22 03:03:29,16300.0,100.0,2745000.0
1851,2021-10-22 03:03:29,16300.0,300.0,2744900.0
1852,2021-10-22 03:03:29,16300.0,500.0,2744600.0
1853,2021-10-22 03:03:29,16300.0,1000.0,2744100.0
1854,2021-10-22 03:03:29,16300.0,10000.0,2743100.0
1855,2021-10-22 03:03:29,16300.0,5000.0,2733100.0
1856,2021-10-22 03:03:29,16300.0,100.0,2728100.0
1857,2021-10-22 03:03:29,16300.0,3000.0,2728000.0
1858,2021-10-22 03:03:22,16250.0,1800.0,2725000.0
1859,2021-10-22 03:03:22,16250.0,1200.0,2723200.0
1860,2021-10-22 03:03:21,16300.0,300.0,2722000.0
1861,2021-10-22 03:03:18,16250.0,400.0,2721700.0
1862,2021-10-22 03:03:12,16300.0,1700.0,2721300.0
1863,2021-10-22 03:03:12,16300.0,2000.0,2719600.0
1864,2021-10-22 03:03:12,16300.0,15000.0,2717600.0
1865,2021-10-22 03:03:12,16300.0,500.0,2702600.0
1866,2021-10-22 03:03:12,16300.0,100.0,2702100.0
1867,2021-10-22 03:03:12,16300.0,700.0,2702000.0
1868,2021-10-22 03:03:06,16250.0,300.0,2701300.0
1869,2021-10-22 03:03:03,16250.0,200.0,2701000.0
1870,2021-10-22 03:02:57,16250.0,900.0,2700800.0
1871,2021-10-22 03:02:57,16250.0,1100.0,2699900.0
1872,2021-10-22 03:02:25,16250.0,1000.0,2698800.0
1873,2021-10-22 03:02:17,16250.0,1000.0,2697800.0
1874,2021-10-22 03:02:17,16250.0,900.0,2696800.0
1875,2021-10-22 03:02:17,16250.0,100.0,2695900.0
1876,2021-10-22 03:02:16,16250.0,2000.0,2695800.0
1877,2021-10-22 03:02:14,16250.0,500.0,2693800.0
1878,2021-10-22 03:02:14,16250.0,1000.0,2693300.0
1879,2021-10-22 03:02:14,16250.0,200.0,2692300.0
1880,2021-10-22 03:02:14,16250.0,2600.0,2692100.0
1881,2021-10-22 03:02:13,16250.0,400.0,2689500.0
1882,2021-10-22 03:02:13,16250.0,100.0,2689100.0
1883,2021-10-22 03:02:12,16250.0,1500.0,2689000.0
1884,2021-10-22 03:02:12,16250.0,500.0,2687500.0
1885,2021-10-22 03:02:06,16250.0,500.0,2687000.0
1886,2021-10-22 03:02:06,16250.0,500.0,2686500.0
1887,2021-10-22 03:02:00,16250.0,500.0,2686000.0
1888,2021-10-22 03:02:00,16250.0,500.0,2685500.0
1889,2021-10-22 03:02:00,16250.0,2000.0,2685000.0
1890,2021-10-22 03:02:00,16250.0,500.0,2683000.0
1891,2021-10-22 03:02:00,16250.0,300.0,2682500.0
1892,2021-10-22 03:02:00,16250.0,4300.0,2682200.0
1893,2021-10-22 03:02:00,16250.0,100.0,2677900.0
1894,2021-10-22 03:02:00,16250.0,5000.0,2677800.0
1895,2021-10-22 03:02:00,16250.0,5000.0,2672800.0
1896,2021-10-22 03:02:00,16250.0,1800.0,2667800.0
1897,2021-10-22 03:01:59,16250.0,3000.0,2666000.0
1898,2021-10-22 03:01:45,16200.0,100.0,2663000.0
1899,2021-10-22 03:01:30,16200.0,600.0,2662900.0
1900,2021-10-22 03:01:26,16250.0,200.0,2662300.0
1901,2021-10-22 03:01:26,16250.0,400.0,2662100.0
1902,2021-10-22 03:01:26,16250.0,1100.0,2661700.0
1903,2021-10-22 03:01:20,16250.0,3000.0,2660600.0
1904,2021-10-22 03:01:20,16250.0,200.0,2657600.0
1905,2021-10-22 03:01:17,16250.0,7000.0,2657400.0
1906,2021-10-22 03:01:03,16250.0,1200.0,2650400.0
1907,2021-10-22 03:01:03,16250.0,2300.0,2649200.0
1908,2021-10-22 03:00:56,16250.0,300.0,2646900.0
1909,2021-10-22 03:00:55,16250.0,5100.0,2646600.0
1910,2021-10-22 03:00:41,16250.0,300.0,2641500.0
1911,2021-10-22 03:00:41,16250.0,300.0,2641200.0
1912,2021-10-22 03:00:16,16250.0,700.0,2640900.0
1913,2021-10-22 03:00:06,16250.0,500.0,2640200.0
1914,2021-10-22 03:00:06,16250.0,200.0,2639700.0
1915,2021-10-22 03:00:06,16250.0,1000.0,2639500.0
1916,2021-10-22 03:00:06,16250.0,300.0,2638500.0
1917,2021-10-22 03:00:06,16250.0,2300.0,2638200.0
1918,2021-10-22 03:00:01,16250.0,5000.0,2635900.0
1919,2021-10-22 03:00:00,16250.0,1200.0,2630900.0
1920,2021-10-22 02:59:52,16250.0,500.0,2629700.0
1921,2021-10-22 02:59:42,16250.0,100.0,2629200.0
1922,2021-10-22 02:59:36,16250.0,900.0,2629100.0
1923,2021-10-22 02:59:33,16250.0,500.0,2628200.0
1924,2021-10-22 02:59:33,16250.0,100.0,2627700.0
1925,2021-10-22 02:59:33,16250.0,200.0,2627600.0
1926,2021-10-22 02:59:26,16250.0,300.0,2627400.0
1927,2021-10-22 02:59:26,16250.0,3000.0,2627100.0
1928,2021-10-22 02:59:26,16250.0,100.0,2624100.0
1929,2021-10-22 02:59:26,16250.0,1100.0,2624000.0
1930,2021-10-22 02:59:26,16250.0,500.0,2622900.0
1931,2021-10-22 02:59:24,16250.0,3000.0,2622400.0
1932,2021-10-22 02:59:24,16250.0,1000.0,2619400.0
1933,2021-10-22 02:59:24,16250.0,1000.0,2618400.0
1934,2021-10-22 02:59:24,16250.0,3000.0,2617400.0
1935,2021-10-22 02:59:24,16250.0,2000.0,2614400.0
1936,2021-10-22 02:59:24,16250.0,1000.0,2612400.0
1937,2021-10-22 02:59:24,16250.0,200.0,2611400.0
1938,2021-10-22 02:59:13,16250.0,800.0,2611200.0
1939,2021-10-22 02:59:13,16250.0,200.0,2610400.0
1940,2021-10-22 02:59:07,16250.0,300.0,2610200.0
1941,2021-10-22 02:59:04,16250.0,100.0,2609900.0
1942,2021-10-22 02:58:43,16250.0,400.0,2609800.0
1943,2021-10-22 02:58:39,16250.0,8500.0,2609400.0
1944,2021-10-22 02:58:37,16250.0,1100.0,2600900.0
1945,2021-10-22 02:58:37,16250.0,1000.0,2599800.0
1946,2021-10-22 02:58:37,16250.0,400.0,2598800.0
1947,2021-10-22 02:58:37,16250.0,400.0,2598400.0
1948,2021-10-22 02:58:37,16250.0,500.0,2598000.0
1949,2021-10-22 02:58:37,16250.0,500.0,2597500.0
1950,2021-10-22 02:58:37,16250.0,100.0,2597000.0
1951,2021-10-22 02:58:37,16250.0,6000.0,2596900.0
1952,2021-10-22 02:58:34,16250.0,1000.0,2590900.0
1953,2021-10-22 02:58:34,16250.0,1000.0,2589900.0
1954,2021-10-22 02:58:29,16250.0,3000.0,2588900.0
1955,2021-10-22 02:58:27,16250.0,5000.0,2585900.0
1956,2021-10-22 02:58:25,16300.0,300.0,2580900.0
1957,2021-10-22 02:58:25,16300.0,700.0,2580600.0
1958,2021-10-22 02:58:20,16250.0,4000.0,2579900.0
1959,2021-10-22 02:58:20,16250.0,1000.0,2575900.0
1960,2021-10-22 02:58:19,16250.0,2000.0,2574900.0
1961,2021-10-22 02:58:19,16250.0,200.0,2572900.0
1962,2021-10-22 02:58:19,16250.0,100.0,2572700.0
1963,2021-10-22 02:58:19,16250.0,400.0,2572600.0
1964,2021-10-22 02:58:17,16250.0,600.0,2572200.0
1965,2021-10-22 02:58:17,16250.0,1000.0,2571600.0
1966,2021-10-22 02:58:17,16250.0,3400.0,2570600.0
1967,2021-10-22 02:58:17,16250.0,1000.0,2567200.0
1968,2021-10-22 02:58:12,16250.0,500.0,2566200.0
1969,2021-10-22 02:58:09,16250.0,1000.0,2565700.0
1970,2021-10-22 02:58:03,16250.0,1100.0,2564700.0
1971,2021-10-22 02:58:03,16250.0,100.0,2563600.0
1972,2021-10-22 02:58:03,16250.0,8800.0,2563500.0
1973,2021-10-22 02:57:59,16250.0,200.0,2554700.0
1974,2021-10-22 02:57:59,16250.0,1000.0,2554500.0
1975,2021-10-22 02:57:59,16250.0,100.0,2553500.0
1976,2021-10-22 02:57:59,16250.0,600.0,2553400.0
1977,2021-10-22 02:57:59,16250.0,400.0,2552800.0
1978,2021-10-22 02:57:58,16250.0,1000.0,2552400.0
1979,2021-10-22 02:57:57,16250.0,1000.0,2551400.0
1980,2021-10-22 02:57:57,16250.0,2600.0,2550400.0
1981,2021-10-22 02:57:57,16250.0,200.0,2547800.0
1982,2021-10-22 02:57:57,16250.0,5000.0,2547600.0
1983,2021-10-22 02:57:57,16250.0,3000.0,2542600.0
1984,2021-10-22 02:57:57,16250.0,3000.0,2539600.0
1985,2021-10-22 02:57:57,16250.0,200.0,2536600.0
1986,2021-10-22 02:57:49,16250.0,1000.0,2536400.0
1987,2021-10-22 02:57:49,16250.0,1000.0,2535400.0
1988,2021-10-22 02:57:47,16300.0,800.0,2534400.0
1989,2021-10-22 02:57:47,16300.0,200.0,2533600.0
1990,2021-10-22 02:57:46,16250.0,1000.0,2533400.0
1991,2021-10-22 02:57:44,16300.0,100.0,2532400.0
1992,2021-10-22 02:57:43,16300.0,200.0,2532300.0
1993,2021-10-22 02:57:35,16250.0,7500.0,2532100.0
1994,2021-10-22 02:57:35,16250.0,1700.0,2524600.0
1995,2021-10-22 02:57:28,16300.0,100.0,2522900.0
1996,2021-10-22 02:57:25,16250.0,300.0,2522800.0
1997,2021-10-22 02:57:25,16250.0,1000.0,2522500.0
1998,2021-10-22 02:57:18,16300.0,400.0,2521500.0
1999,2021-10-22 02:57:18,16300.0,100.0,2521100.0
2000,2021-10-22 02:57:18,16300.0,500.0,2521000.0
2001,2021-10-22 02:57:12,16300.0,500.0,2520500.0
2002,2021-10-22 02:57:10,16300.0,1900.0,2520000.0
2003,2021-10-22 02:57:10,16300.0,400.0,2518100.0
2004,2021-10-22 02:57:10,16300.0,1200.0,2517700.0
2005,2021-10-22 02:57:08,16300.0,1800.0,2516500.0
2006,2021-10-22 02:57:08,16300.0,600.0,2514700.0
2007,2021-10-22 02:57:08,16300.0,100.0,2514100.0
2008,2021-10-22 02:57:08,16300.0,200.0,2514000.0
2009,2021-10-22 02:57:08,16300.0,800.0,2513800.0
2010,2021-10-22 02:57:03,16300.0,200.0,2513000.0
2011,2021-10-22 02:57:03,16300.0,1800.0,2512800.0
2012,2021-10-22 02:57:02,16300.0,200.0,2511000.0
2013,2021-10-22 02:57:02,16300.0,200.0,2510800.0
2014,2021-10-22 02:57:02,16300.0,100.0,2510600.0
2015,2021-10-22 02:56:58,16300.0,100.0,2510500.0
2016,2021-10-22 02:56:58,16300.0,1000.0,2510400.0
2017,2021-10-22 02:56:58,16300.0,500.0,2509400.0
2018,2021-10-22 02:56:58,16300.0,500.0,2508900.0
2019,2021-10-22 02:56:58,16300.0,100.0,2508400.0
2020,2021-10-22 02:56:58,16300.0,500.0,2508300.0
2021,2021-10-22 02:56:58,16300.0,3000.0,2507800.0
2022,2021-10-22 02:56:58,16300.0,1000.0,2504800.0
2023,2021-10-22 02:56:58,16300.0,400.0,2503800.0
2024,2021-10-22 02:56:58,16300.0,400.0,2503400.0
2025,2021-10-22 02:56:58,16300.0,300.0,2503000.0
2026,2021-10-22 02:56:58,16300.0,200.0,2502700.0
2027,2021-10-22 02:56:58,16300.0,1500.0,2502500.0
2028,2021-10-22 02:56:54,16300.0,500.0,2501000.0
2029,2021-10-22 02:56:47,16300.0,500.0,2500500.0
2030,2021-10-22 02:56:47,16300.0,1500.0,2500000.0
2031,2021-10-22 02:56:36,16300.0,100.0,2498500.0
2032,2021-10-22 02:56:33,16300.0,7000.0,2498400.0
2033,2021-10-22 02:56:32,16250.0,500.0,2491400.0
2034,2021-10-22 02:56:19,16300.0,200.0,2490900.0
2035,2021-10-22 02:56:18,16250.0,2000.0,2490700.0
2036,2021-10-22 02:56:18,16250.0,500.0,2488700.0
2037,2021-10-22 02:56:18,16250.0,3000.0,2488200.0
2038,2021-10-22 02:56:18,16250.0,500.0,2485200.0
2039,2021-10-22 02:56:18,16250.0,4000.0,2484700.0
2040,2021-10-22 02:56:06,16250.0,1000.0,2480700.0
2041,2021-10-22 02:56:01,16250.0,500.0,2479700.0
2042,2021-10-22 02:56:01,16300.0,1200.0,2479200.0
