,Time,Price,Volume_per_trade,Volume
0,2021-09-30 14:45:00,18500.0,300.0,3250300.0
1,2021-09-30 14:45:00,18500.0,500.0,3250000.0
2,2021-09-30 14:45:00,18500.0,100.0,3249500.0
3,2021-09-30 14:45:00,18500.0,200.0,3249400.0
4,2021-09-30 14:45:00,18500.0,500.0,3249200.0
5,2021-09-30 14:45:00,18500.0,100.0,3248700.0
6,2021-09-30 14:45:00,18500.0,500.0,3248600.0
7,2021-09-30 14:45:00,18500.0,700.0,3248100.0
8,2021-09-30 14:45:00,18500.0,2000.0,3247400.0
9,2021-09-30 14:45:00,18500.0,1000.0,3245400.0
10,2021-09-30 14:45:00,18500.0,500.0,3244400.0
11,2021-09-30 14:45:00,18500.0,100.0,3243900.0
12,2021-09-30 14:45:00,18500.0,700.0,3243800.0
13,2021-09-30 14:45:00,18500.0,300.0,3243100.0
14,2021-09-30 14:45:00,18500.0,1900.0,3242800.0
15,2021-09-30 14:45:00,18500.0,2000.0,3240900.0
16,2021-09-30 14:45:00,18500.0,500.0,3238900.0
17,2021-09-30 14:45:00,18500.0,1000.0,3238400.0
18,2021-09-30 14:45:00,18500.0,4000.0,3237400.0
19,2021-09-30 14:45:00,18500.0,500.0,3233400.0
20,2021-09-30 14:45:00,18500.0,100.0,3232900.0
21,2021-09-30 14:45:00,18500.0,200.0,3232800.0
22,2021-09-30 14:45:00,18500.0,500.0,3232600.0
23,2021-09-30 14:45:00,18500.0,1200.0,3232100.0
24,2021-09-30 14:45:00,18500.0,800.0,3230900.0
25,2021-09-30 14:45:00,18500.0,100.0,3230100.0
26,2021-09-30 14:45:00,18500.0,200.0,3230000.0
27,2021-09-30 14:45:00,18500.0,300.0,3229800.0
28,2021-09-30 14:45:00,18500.0,100.0,3229500.0
29,2021-09-30 14:45:00,18500.0,100.0,3229400.0
30,2021-09-30 14:45:00,18500.0,400.0,3229300.0
31,2021-09-30 14:45:00,18500.0,700.0,3228900.0
32,2021-09-30 14:45:00,18500.0,2000.0,3228200.0
33,2021-09-30 14:45:00,18500.0,2800.0,3226200.0
34,2021-09-30 14:45:00,18500.0,1000.0,3223400.0
35,2021-09-30 14:45:00,18500.0,1200.0,3222400.0
36,2021-09-30 14:45:00,18500.0,4600.0,3221200.0
37,2021-09-30 14:45:00,18500.0,2100.0,3216600.0
38,2021-09-30 14:45:00,18500.0,9800.0,3214500.0
39,2021-09-30 14:45:00,18500.0,100.0,3204700.0
40,2021-09-30 14:45:00,18500.0,500.0,3204600.0
41,2021-09-30 14:45:00,18500.0,2600.0,3204100.0
42,2021-09-30 14:45:00,18500.0,300.0,3201500.0
43,2021-09-30 14:45:00,18500.0,5300.0,3201200.0
44,2021-09-30 14:45:00,18500.0,1000.0,3195900.0
45,2021-09-30 14:45:00,18500.0,2500.0,3194900.0
46,2021-09-30 14:45:00,18500.0,2900.0,3192400.0
47,2021-09-30 14:45:00,18500.0,100.0,3189500.0
48,2021-09-30 14:45:00,18500.0,1000.0,3189400.0
49,2021-09-30 14:45:00,18500.0,5000.0,3188400.0
50,2021-09-30 14:45:00,18500.0,700.0,3183400.0
51,2021-09-30 14:45:00,18500.0,500.0,3182700.0
52,2021-09-30 14:45:00,18500.0,1000.0,3182200.0
53,2021-09-30 14:45:00,18500.0,100.0,3181200.0
54,2021-09-30 14:45:00,18500.0,200.0,3181100.0
55,2021-09-30 14:45:00,18500.0,300.0,3180900.0
56,2021-09-30 14:45:00,18500.0,1000.0,3180600.0
57,2021-09-30 14:45:00,18500.0,500.0,3179600.0
58,2021-09-30 14:45:00,18500.0,1000.0,3179100.0
59,2021-09-30 14:45:00,18500.0,500.0,3178100.0
60,2021-09-30 14:45:00,18500.0,100.0,3177600.0
61,2021-09-30 14:45:00,18500.0,200.0,3177500.0
62,2021-09-30 14:45:00,18500.0,100.0,3177300.0
63,2021-09-30 14:45:00,18500.0,200.0,3177200.0
64,2021-09-30 14:45:00,18500.0,100.0,3177000.0
65,2021-09-30 14:45:00,18500.0,100.0,3176900.0
66,2021-09-30 14:45:00,18500.0,200.0,3176800.0
67,2021-09-30 14:45:00,18500.0,200.0,3176600.0
68,2021-09-30 14:29:50,18500.0,200.0,3176400.0
69,2021-09-30 14:29:50,18450.0,500.0,3176200.0
70,2021-09-30 14:29:41,18450.0,8500.0,3175700.0
71,2021-09-30 14:29:41,18450.0,200.0,3167200.0
72,2021-09-30 14:29:41,18450.0,3000.0,3167000.0
73,2021-09-30 14:29:41,18450.0,1000.0,3164000.0
74,2021-09-30 14:29:41,18450.0,3000.0,3163000.0
75,2021-09-30 14:29:41,18450.0,100.0,3160000.0
76,2021-09-30 14:29:41,18450.0,19200.0,3159900.0
77,2021-09-30 14:29:39,18450.0,200.0,3140700.0
78,2021-09-30 14:29:37,18500.0,3500.0,3140500.0
79,2021-09-30 14:28:52,18450.0,600.0,3137000.0
80,2021-09-30 14:28:52,18450.0,100.0,3136400.0
81,2021-09-30 14:28:52,18450.0,200.0,3136300.0
82,2021-09-30 14:28:52,18450.0,100.0,3136100.0
83,2021-09-30 14:28:52,18450.0,100.0,3136000.0
84,2021-09-30 14:28:52,18450.0,500.0,3135900.0
85,2021-09-30 14:28:52,18450.0,200.0,3135400.0
86,2021-09-30 14:28:52,18450.0,100.0,3135200.0
87,2021-09-30 14:28:52,18450.0,1100.0,3135100.0
88,2021-09-30 14:28:48,18500.0,1000.0,3134000.0
89,2021-09-30 14:28:39,18450.0,1900.0,3133000.0
90,2021-09-30 14:28:39,18450.0,1700.0,3131100.0
91,2021-09-30 14:28:39,18450.0,100.0,3129400.0
92,2021-09-30 14:28:39,18450.0,300.0,3129300.0
93,2021-09-30 14:28:30,18500.0,200.0,3129000.0
94,2021-09-30 14:28:20,18500.0,400.0,3128800.0
95,2021-09-30 14:28:20,18500.0,200.0,3128400.0
96,2021-09-30 14:28:12,18450.0,100.0,3128200.0
97,2021-09-30 14:28:12,18450.0,100.0,3128100.0
98,2021-09-30 14:28:12,18450.0,300.0,3128000.0
99,2021-09-30 14:28:12,18450.0,500.0,3127700.0
100,2021-09-30 14:28:12,18450.0,800.0,3127200.0
101,2021-09-30 14:28:11,18500.0,200.0,3126400.0
102,2021-09-30 14:28:00,18500.0,300.0,3126200.0
103,2021-09-30 14:28:00,18500.0,400.0,3125900.0
104,2021-09-30 14:28:00,18500.0,500.0,3125500.0
105,2021-09-30 14:28:00,18500.0,200.0,3125000.0
106,2021-09-30 14:28:00,18500.0,600.0,3124800.0
107,2021-09-30 14:27:59,18500.0,100.0,3124200.0
108,2021-09-30 14:27:59,18450.0,100.0,3124100.0
109,2021-09-30 14:27:59,18450.0,200.0,3124000.0
110,2021-09-30 14:27:48,18500.0,300.0,3123800.0
111,2021-09-30 14:27:33,18450.0,800.0,3123500.0
112,2021-09-30 14:27:28,18500.0,500.0,3122700.0
113,2021-09-30 14:27:19,18500.0,900.0,3122200.0
114,2021-09-30 14:27:09,18500.0,500.0,3121300.0
115,2021-09-30 14:26:58,18500.0,1000.0,3120800.0
116,2021-09-30 14:26:52,18450.0,400.0,3119800.0
117,2021-09-30 14:26:47,18450.0,600.0,3119400.0
118,2021-09-30 14:26:47,18450.0,400.0,3118800.0
119,2021-09-30 14:26:32,18450.0,200.0,3118400.0
120,2021-09-30 14:26:28,18450.0,400.0,3118200.0
121,2021-09-30 14:26:28,18450.0,100.0,3117800.0
122,2021-09-30 14:26:28,18450.0,1500.0,3117700.0
123,2021-09-30 14:26:13,18450.0,3000.0,3116200.0
124,2021-09-30 14:25:37,18450.0,500.0,3113200.0
125,2021-09-30 14:25:37,18450.0,500.0,3112700.0
126,2021-09-30 14:25:13,18450.0,300.0,3112200.0
127,2021-09-30 14:25:04,18500.0,100.0,3111900.0
128,2021-09-30 14:24:26,18450.0,500.0,3111800.0
129,2021-09-30 14:24:10,18500.0,1000.0,3111300.0
130,2021-09-30 14:24:07,18450.0,100.0,3110300.0
131,2021-09-30 14:23:46,18450.0,200.0,3110200.0
132,2021-09-30 14:23:42,18500.0,100.0,3110000.0
133,2021-09-30 14:23:23,18500.0,1000.0,3109900.0
134,2021-09-30 14:23:08,18450.0,400.0,3108900.0
135,2021-09-30 14:23:08,18450.0,1000.0,3108500.0
136,2021-09-30 14:23:08,18450.0,3000.0,3107500.0
137,2021-09-30 14:23:08,18450.0,2000.0,3104500.0
138,2021-09-30 14:23:08,18450.0,600.0,3102500.0
139,2021-09-30 14:23:08,18450.0,500.0,3101900.0
140,2021-09-30 14:23:08,18450.0,2500.0,3101400.0
141,2021-09-30 14:22:59,18500.0,500.0,3098900.0
142,2021-09-30 14:22:41,18500.0,3400.0,3098400.0
143,2021-09-30 14:22:41,18500.0,3000.0,3095000.0
144,2021-09-30 14:22:41,18500.0,300.0,3092000.0
145,2021-09-30 14:22:38,18500.0,2000.0,3091700.0
146,2021-09-30 14:22:27,18500.0,200.0,3089700.0
147,2021-09-30 14:22:11,18500.0,200.0,3089500.0
148,2021-09-30 14:21:58,18500.0,100.0,3089300.0
149,2021-09-30 14:21:49,18450.0,500.0,3089200.0
150,2021-09-30 14:21:39,18500.0,4000.0,3088700.0
151,2021-09-30 14:21:37,18500.0,5000.0,3084700.0
152,2021-09-30 14:21:16,18500.0,200.0,3079700.0
153,2021-09-30 14:21:13,18500.0,400.0,3079500.0
154,2021-09-30 14:20:55,18500.0,100.0,3079100.0
155,2021-09-30 14:20:55,18450.0,500.0,3079000.0
156,2021-09-30 14:20:54,18450.0,100.0,3078500.0
157,2021-09-30 14:20:53,18450.0,200.0,3078400.0
158,2021-09-30 14:20:48,18450.0,100.0,3078200.0
159,2021-09-30 14:20:48,18450.0,100.0,3078100.0
160,2021-09-30 14:20:43,18450.0,400.0,3078000.0
161,2021-09-30 14:20:43,18450.0,300.0,3077600.0
162,2021-09-30 14:20:36,18450.0,100.0,3077300.0
163,2021-09-30 14:20:36,18450.0,1100.0,3077200.0
164,2021-09-30 14:20:36,18450.0,500.0,3076100.0
165,2021-09-30 14:20:36,18450.0,400.0,3075600.0
166,2021-09-30 14:20:36,18450.0,900.0,3075200.0
167,2021-09-30 14:20:34,18450.0,400.0,3074300.0
168,2021-09-30 14:20:33,18450.0,100.0,3073900.0
169,2021-09-30 14:20:32,18450.0,1000.0,3073800.0
170,2021-09-30 14:20:30,18400.0,1000.0,3072800.0
171,2021-09-30 14:20:30,18400.0,3000.0,3071800.0
172,2021-09-30 14:20:30,18400.0,2000.0,3068800.0
173,2021-09-30 14:20:30,18400.0,500.0,3066800.0
174,2021-09-30 14:20:30,18400.0,1000.0,3066300.0
175,2021-09-30 14:20:30,18400.0,1000.0,3065300.0
176,2021-09-30 14:20:30,18400.0,300.0,3064300.0
177,2021-09-30 14:20:30,18400.0,100.0,3064000.0
178,2021-09-30 14:20:30,18400.0,1000.0,3063900.0
179,2021-09-30 14:20:30,18400.0,1000.0,3062900.0
180,2021-09-30 14:20:30,18400.0,2000.0,3061900.0
181,2021-09-30 14:20:30,18400.0,100.0,3059900.0
182,2021-09-30 14:20:25,18450.0,2000.0,3059800.0
183,2021-09-30 14:20:24,18450.0,1000.0,3057800.0
184,2021-09-30 14:20:22,18400.0,8000.0,3056800.0
185,2021-09-30 14:20:22,18400.0,1700.0,3048800.0
186,2021-09-30 14:20:10,18450.0,4600.0,3047100.0
187,2021-09-30 14:20:10,18450.0,6400.0,3042500.0
188,2021-09-30 14:19:48,18400.0,300.0,3036100.0
189,2021-09-30 14:19:48,18400.0,500.0,3035800.0
190,2021-09-30 14:19:48,18400.0,300.0,3035300.0
191,2021-09-30 14:19:48,18400.0,200.0,3035000.0
192,2021-09-30 14:19:48,18400.0,200.0,3034800.0
193,2021-09-30 14:19:48,18400.0,1500.0,3034600.0
194,2021-09-30 14:19:36,18400.0,500.0,3033100.0
195,2021-09-30 14:19:36,18400.0,100.0,3032600.0
196,2021-09-30 14:19:36,18400.0,100.0,3032500.0
197,2021-09-30 14:19:36,18400.0,100.0,3032400.0
198,2021-09-30 14:19:36,18400.0,200.0,3032300.0
199,2021-09-30 14:19:15,18400.0,300.0,3032100.0
200,2021-09-30 14:19:15,18400.0,500.0,3031800.0
201,2021-09-30 14:19:15,18400.0,3000.0,3031300.0
202,2021-09-30 14:19:15,18400.0,500.0,3028300.0
203,2021-09-30 14:19:15,18400.0,11500.0,3027800.0
204,2021-09-30 14:19:15,18400.0,500.0,3016300.0
205,2021-09-30 14:19:15,18400.0,100.0,3015800.0
206,2021-09-30 14:19:15,18400.0,600.0,3015700.0
207,2021-09-30 14:19:15,18400.0,100.0,3015100.0
208,2021-09-30 14:19:15,18400.0,100.0,3015000.0
209,2021-09-30 14:19:15,18400.0,1000.0,3014900.0
210,2021-09-30 14:19:15,18400.0,200.0,3013900.0
211,2021-09-30 14:19:15,18400.0,200.0,3013700.0
212,2021-09-30 14:19:15,18400.0,1000.0,3013500.0
213,2021-09-30 14:19:15,18400.0,200.0,3012500.0
214,2021-09-30 14:19:15,18400.0,3000.0,3012300.0
215,2021-09-30 14:19:15,18400.0,100.0,3009300.0
216,2021-09-30 14:19:15,18400.0,10100.0,3009200.0
217,2021-09-30 14:19:06,18400.0,9900.0,2999100.0
218,2021-09-30 14:19:06,18400.0,100.0,2989200.0
219,2021-09-30 14:19:06,18450.0,1000.0,2989100.0
220,2021-09-30 14:18:57,18450.0,500.0,2988100.0
221,2021-09-30 14:18:46,18450.0,3000.0,2987600.0
222,2021-09-30 14:17:02,18400.0,1000.0,2984600.0
223,2021-09-30 14:17:02,18400.0,500.0,2983600.0
224,2021-09-30 14:17:02,18400.0,18200.0,2983100.0
225,2021-09-30 14:17:01,18400.0,100.0,2964900.0
226,2021-09-30 14:16:44,18400.0,400.0,2964800.0
227,2021-09-30 14:16:42,18400.0,1400.0,2964400.0
228,2021-09-30 14:16:42,18350.0,100.0,2963000.0
229,2021-09-30 14:16:41,18350.0,1000.0,2962900.0
230,2021-09-30 14:16:39,18350.0,1000.0,2961900.0
231,2021-09-30 14:16:39,18350.0,100.0,2960900.0
232,2021-09-30 14:16:39,18350.0,200.0,2960800.0
233,2021-09-30 14:16:39,18350.0,1000.0,2960600.0
234,2021-09-30 14:16:39,18350.0,500.0,2959600.0
235,2021-09-30 14:16:39,18350.0,1000.0,2959100.0
236,2021-09-30 14:16:39,18350.0,100.0,2958100.0
237,2021-09-30 14:16:39,18350.0,1000.0,2958000.0
238,2021-09-30 14:16:39,18350.0,500.0,2957000.0
239,2021-09-30 14:16:39,18350.0,5000.0,2956500.0
240,2021-09-30 14:16:39,18350.0,500.0,2951500.0
241,2021-09-30 14:16:39,18350.0,3000.0,2951000.0
242,2021-09-30 14:16:33,18400.0,100.0,2948000.0
243,2021-09-30 14:16:22,18400.0,5000.0,2947900.0
244,2021-09-30 14:16:11,18400.0,100.0,2942900.0
245,2021-09-30 14:16:11,18400.0,100.0,2942800.0
246,2021-09-30 14:16:11,18400.0,100.0,2942700.0
247,2021-09-30 14:16:11,18400.0,1000.0,2942600.0
248,2021-09-30 14:16:11,18400.0,300.0,2941600.0
249,2021-09-30 14:16:11,18400.0,500.0,2941300.0
250,2021-09-30 14:16:11,18400.0,100.0,2940800.0
251,2021-09-30 14:16:11,18400.0,100.0,2940700.0
252,2021-09-30 14:16:11,18400.0,2200.0,2940600.0
253,2021-09-30 14:16:11,18400.0,2500.0,2938400.0
254,2021-09-30 14:16:11,18400.0,700.0,2935900.0
255,2021-09-30 14:16:11,18400.0,300.0,2935200.0
256,2021-09-30 14:16:11,18400.0,100.0,2934900.0
257,2021-09-30 14:16:11,18400.0,2000.0,2934800.0
258,2021-09-30 14:16:11,18400.0,100.0,2932800.0
259,2021-09-30 14:16:11,18400.0,200.0,2932700.0
260,2021-09-30 14:16:11,18400.0,500.0,2932500.0
261,2021-09-30 14:16:11,18400.0,1000.0,2932000.0
262,2021-09-30 14:16:11,18400.0,500.0,2931000.0
263,2021-09-30 14:16:11,18400.0,500.0,2930500.0
264,2021-09-30 14:16:11,18400.0,100.0,2930000.0
265,2021-09-30 14:16:11,18400.0,1000.0,2929900.0
266,2021-09-30 14:16:11,18400.0,500.0,2928900.0
267,2021-09-30 14:16:11,18400.0,500.0,2928400.0
268,2021-09-30 14:16:11,18400.0,500.0,2927900.0
269,2021-09-30 14:16:11,18400.0,100.0,2927400.0
270,2021-09-30 14:16:11,18400.0,5000.0,2927300.0
271,2021-09-30 14:16:11,18400.0,2000.0,2922300.0
272,2021-09-30 14:16:11,18400.0,400.0,2920300.0
273,2021-09-30 14:16:11,18400.0,10000.0,2919900.0
274,2021-09-30 14:16:11,18400.0,1000.0,2909900.0
275,2021-09-30 14:16:11,18400.0,100.0,2908900.0
276,2021-09-30 14:16:11,18400.0,200.0,2908800.0
277,2021-09-30 14:16:11,18400.0,4000.0,2908600.0
278,2021-09-30 14:16:11,18400.0,1000.0,2904600.0
279,2021-09-30 14:16:11,18400.0,1000.0,2903600.0
280,2021-09-30 14:16:11,18400.0,1000.0,2902600.0
281,2021-09-30 14:16:11,18400.0,100.0,2901600.0
282,2021-09-30 14:16:11,18400.0,1000.0,2901500.0
283,2021-09-30 14:16:11,18400.0,200.0,2900500.0
284,2021-09-30 14:16:11,18400.0,500.0,2900300.0
285,2021-09-30 14:16:11,18400.0,500.0,2899800.0
286,2021-09-30 14:16:11,18400.0,2000.0,2899300.0
287,2021-09-30 14:16:11,18400.0,100.0,2897300.0
288,2021-09-30 14:16:11,18400.0,500.0,2897200.0
289,2021-09-30 14:16:11,18400.0,1000.0,2896700.0
290,2021-09-30 14:16:11,18400.0,200.0,2895700.0
291,2021-09-30 14:16:11,18400.0,300.0,2895500.0
292,2021-09-30 14:16:11,18400.0,500.0,2895200.0
293,2021-09-30 14:16:11,18400.0,100.0,2894700.0
294,2021-09-30 14:16:11,18400.0,2000.0,2894600.0
295,2021-09-30 14:16:11,18400.0,100.0,2892600.0
296,2021-09-30 14:16:11,18400.0,500.0,2892500.0
297,2021-09-30 14:16:11,18400.0,100.0,2892000.0
298,2021-09-30 14:16:11,18400.0,3000.0,2891900.0
299,2021-09-30 14:16:11,18400.0,200.0,2888900.0
300,2021-09-30 14:16:11,18400.0,100.0,2888700.0
301,2021-09-30 14:16:11,18400.0,500.0,2888600.0
302,2021-09-30 14:16:11,18400.0,500.0,2888100.0
303,2021-09-30 14:16:11,18400.0,100.0,2887600.0
304,2021-09-30 14:16:11,18400.0,500.0,2887500.0
305,2021-09-30 14:16:11,18400.0,100.0,2887000.0
306,2021-09-30 14:16:11,18400.0,100.0,2886900.0
307,2021-09-30 14:16:11,18400.0,500.0,2886800.0
308,2021-09-30 14:16:11,18400.0,200.0,2886300.0
309,2021-09-30 14:16:11,18400.0,100.0,2886100.0
310,2021-09-30 14:16:11,18400.0,10000.0,2886000.0
311,2021-09-30 14:16:11,18400.0,100.0,2876000.0
312,2021-09-30 14:16:11,18400.0,3000.0,2875900.0
313,2021-09-30 14:16:11,18400.0,100.0,2872900.0
314,2021-09-30 14:16:11,18400.0,1000.0,2872800.0
315,2021-09-30 14:16:11,18400.0,1000.0,2871800.0
316,2021-09-30 14:16:11,18400.0,200.0,2870800.0
317,2021-09-30 14:16:11,18400.0,100.0,2870600.0
318,2021-09-30 14:16:11,18400.0,1000.0,2870500.0
319,2021-09-30 14:16:11,18400.0,100.0,2869500.0
320,2021-09-30 14:16:11,18400.0,300.0,2869400.0
321,2021-09-30 14:16:11,18400.0,1000.0,2869100.0
322,2021-09-30 14:16:02,18450.0,300.0,2868100.0
323,2021-09-30 14:16:01,18450.0,500.0,2867800.0
324,2021-09-30 14:16:01,18450.0,100.0,2867300.0
325,2021-09-30 14:16:01,18450.0,100.0,2867200.0
326,2021-09-30 14:16:01,18450.0,1000.0,2867100.0
327,2021-09-30 14:16:01,18450.0,100.0,2866100.0
328,2021-09-30 14:16:01,18450.0,100.0,2866000.0
329,2021-09-30 14:16:01,18450.0,500.0,2865900.0
330,2021-09-30 14:16:01,18450.0,500.0,2865400.0
331,2021-09-30 14:16:01,18450.0,1000.0,2864900.0
332,2021-09-30 14:16:01,18450.0,100.0,2863900.0
333,2021-09-30 14:16:01,18450.0,500.0,2863800.0
334,2021-09-30 14:16:01,18450.0,4000.0,2863300.0
335,2021-09-30 14:16:01,18450.0,300.0,2859300.0
336,2021-09-30 14:15:52,18450.0,700.0,2859000.0
337,2021-09-30 14:15:52,18450.0,100.0,2858300.0
338,2021-09-30 14:15:52,18450.0,1000.0,2858200.0
339,2021-09-30 14:15:52,18450.0,200.0,2857200.0
340,2021-09-30 14:15:52,18450.0,500.0,2857000.0
341,2021-09-30 14:15:52,18450.0,100.0,2856500.0
342,2021-09-30 14:15:50,18450.0,100.0,2856400.0
343,2021-09-30 14:15:30,18450.0,300.0,2856300.0
344,2021-09-30 14:15:30,18450.0,600.0,2856000.0
345,2021-09-30 14:15:30,18450.0,500.0,2855400.0
346,2021-09-30 14:15:30,18450.0,100.0,2854900.0
347,2021-09-30 14:15:30,18450.0,300.0,2854800.0
348,2021-09-30 14:15:30,18450.0,100.0,2854500.0
349,2021-09-30 14:15:30,18450.0,100.0,2854400.0
350,2021-09-30 14:15:30,18450.0,200.0,2854300.0
351,2021-09-30 14:15:30,18450.0,500.0,2854100.0
352,2021-09-30 14:15:30,18450.0,20000.0,2853600.0
353,2021-09-30 14:15:30,18450.0,500.0,2833600.0
354,2021-09-30 14:15:30,18450.0,2000.0,2833100.0
355,2021-09-30 14:15:30,18450.0,200.0,2831100.0
356,2021-09-30 14:15:30,18450.0,100.0,2830900.0
357,2021-09-30 14:15:30,18450.0,1000.0,2830800.0
358,2021-09-30 14:15:30,18450.0,800.0,2829800.0
359,2021-09-30 14:15:30,18450.0,200.0,2829000.0
360,2021-09-30 14:15:30,18450.0,100.0,2828800.0
361,2021-09-30 14:15:30,18450.0,100.0,2828700.0
362,2021-09-30 14:15:30,18450.0,100.0,2828600.0
363,2021-09-30 14:15:30,18450.0,1000.0,2828500.0
364,2021-09-30 14:15:30,18450.0,100.0,2827500.0
365,2021-09-30 14:15:30,18450.0,2000.0,2827400.0
366,2021-09-30 14:15:30,18450.0,1000.0,2825400.0
367,2021-09-30 14:15:30,18450.0,500.0,2824400.0
368,2021-09-30 14:15:30,18450.0,200.0,2823900.0
369,2021-09-30 14:15:30,18450.0,100.0,2823700.0
370,2021-09-30 14:15:30,18450.0,1000.0,2823600.0
371,2021-09-30 14:15:30,18450.0,100.0,2822600.0
372,2021-09-30 14:15:30,18450.0,6800.0,2822500.0
373,2021-09-30 14:15:30,18450.0,3000.0,2815700.0
374,2021-09-30 14:15:30,18450.0,500.0,2812700.0
375,2021-09-30 14:15:30,18450.0,1000.0,2812200.0
376,2021-09-30 14:15:30,18450.0,200.0,2811200.0
377,2021-09-30 14:15:30,18450.0,100.0,2811000.0
378,2021-09-30 14:15:30,18450.0,200.0,2810900.0
379,2021-09-30 14:15:30,18450.0,4400.0,2810700.0
380,2021-09-30 14:15:07,18500.0,5000.0,2806300.0
381,2021-09-30 14:14:57,18450.0,1000.0,2801300.0
382,2021-09-30 14:14:54,18500.0,100.0,2800300.0
383,2021-09-30 14:14:49,18500.0,100.0,2800200.0
384,2021-09-30 14:14:31,18500.0,100.0,2800100.0
385,2021-09-30 14:14:15,18500.0,1000.0,2800000.0
386,2021-09-30 14:14:11,18450.0,300.0,2799000.0
387,2021-09-30 14:13:55,18500.0,100.0,2798700.0
388,2021-09-30 14:13:20,18500.0,100.0,2798600.0
389,2021-09-30 14:12:38,18500.0,500.0,2798500.0
390,2021-09-30 14:12:18,18500.0,1000.0,2798000.0
391,2021-09-30 14:12:09,18450.0,3100.0,2797000.0
392,2021-09-30 14:11:45,18500.0,500.0,2793900.0
393,2021-09-30 14:11:45,18500.0,500.0,2793400.0
394,2021-09-30 14:11:38,18500.0,500.0,2792900.0
395,2021-09-30 14:11:35,18500.0,1000.0,2792400.0
396,2021-09-30 14:11:35,18500.0,1000.0,2791400.0
397,2021-09-30 14:11:35,18500.0,100.0,2790400.0
398,2021-09-30 14:11:35,18500.0,200.0,2790300.0
399,2021-09-30 14:11:35,18500.0,100.0,2790100.0
400,2021-09-30 14:11:35,18500.0,1000.0,2790000.0
401,2021-09-30 14:11:35,18500.0,300.0,2789000.0
402,2021-09-30 14:11:35,18500.0,100.0,2788700.0
403,2021-09-30 14:11:35,18500.0,100.0,2788600.0
404,2021-09-30 14:11:35,18500.0,300.0,2788500.0
405,2021-09-30 14:11:35,18500.0,100.0,2788200.0
406,2021-09-30 14:11:35,18500.0,100.0,2788100.0
407,2021-09-30 14:11:35,18500.0,200.0,2788000.0
408,2021-09-30 14:11:35,18500.0,400.0,2787800.0
409,2021-09-30 14:11:35,18500.0,1600.0,2787400.0
410,2021-09-30 14:11:35,18500.0,300.0,2785800.0
411,2021-09-30 14:11:35,18500.0,300.0,2785500.0
412,2021-09-30 14:11:35,18500.0,100.0,2785200.0
413,2021-09-30 14:11:31,18500.0,100.0,2785100.0
414,2021-09-30 14:11:30,18500.0,800.0,2785000.0
415,2021-09-30 14:11:30,18500.0,700.0,2784200.0
416,2021-09-30 14:11:30,18500.0,300.0,2783500.0
417,2021-09-30 14:11:29,18500.0,300.0,2783200.0
418,2021-09-30 14:11:28,18500.0,700.0,2782900.0
419,2021-09-30 14:11:28,18500.0,500.0,2782200.0
420,2021-09-30 14:11:28,18500.0,500.0,2781700.0
421,2021-09-30 14:11:28,18500.0,500.0,2781200.0
422,2021-09-30 14:11:28,18500.0,1000.0,2780700.0
423,2021-09-30 14:11:28,18500.0,100.0,2779700.0
424,2021-09-30 14:11:28,18500.0,5000.0,2779600.0
425,2021-09-30 14:11:28,18500.0,500.0,2774600.0
426,2021-09-30 14:11:28,18500.0,3000.0,2774100.0
427,2021-09-30 14:11:28,18500.0,2000.0,2771100.0
428,2021-09-30 14:11:28,18500.0,1000.0,2769100.0
429,2021-09-30 14:11:28,18500.0,500.0,2768100.0
430,2021-09-30 14:11:28,18500.0,1000.0,2767600.0
431,2021-09-30 14:11:28,18500.0,100.0,2766600.0
432,2021-09-30 14:11:28,18500.0,100.0,2766500.0
433,2021-09-30 14:11:28,18500.0,1500.0,2766400.0
434,2021-09-30 14:11:28,18500.0,500.0,2764900.0
435,2021-09-30 14:11:28,18500.0,100.0,2764400.0
436,2021-09-30 14:11:28,18500.0,500.0,2764300.0
437,2021-09-30 14:11:28,18500.0,100.0,2763800.0
438,2021-09-30 14:11:28,18500.0,100.0,2763700.0
439,2021-09-30 14:11:28,18500.0,200.0,2763600.0
440,2021-09-30 14:11:28,18500.0,1000.0,2763400.0
441,2021-09-30 14:11:28,18500.0,100.0,2762400.0
442,2021-09-30 14:11:28,18500.0,2000.0,2762300.0
443,2021-09-30 14:11:28,18500.0,1000.0,2760300.0
444,2021-09-30 14:11:28,18500.0,300.0,2759300.0
445,2021-09-30 14:11:28,18500.0,1000.0,2759000.0
446,2021-09-30 14:11:28,18500.0,100.0,2758000.0
447,2021-09-30 14:11:28,18500.0,1000.0,2757900.0
448,2021-09-30 14:11:28,18500.0,100.0,2756900.0
449,2021-09-30 14:11:28,18500.0,500.0,2756800.0
450,2021-09-30 14:11:28,18500.0,1000.0,2756300.0
451,2021-09-30 14:11:28,18500.0,1000.0,2755300.0
452,2021-09-30 14:11:28,18500.0,200.0,2754300.0
453,2021-09-30 14:11:28,18500.0,500.0,2754100.0
454,2021-09-30 14:11:28,18500.0,100.0,2753600.0
455,2021-09-30 14:11:28,18500.0,100.0,2753500.0
456,2021-09-30 14:11:28,18500.0,500.0,2753400.0
457,2021-09-30 14:11:28,18500.0,5000.0,2752900.0
458,2021-09-30 14:11:28,18500.0,100.0,2747900.0
459,2021-09-30 14:11:28,18500.0,500.0,2747800.0
460,2021-09-30 14:11:28,18500.0,1000.0,2747300.0
461,2021-09-30 14:11:28,18500.0,200.0,2746300.0
462,2021-09-30 14:11:28,18500.0,500.0,2746100.0
463,2021-09-30 14:11:28,18500.0,3000.0,2745600.0
464,2021-09-30 14:11:28,18500.0,100.0,2742600.0
465,2021-09-30 14:11:28,18500.0,1000.0,2742500.0
466,2021-09-30 14:11:28,18500.0,100.0,2741500.0
467,2021-09-30 14:11:28,18500.0,15000.0,2741400.0
468,2021-09-30 14:11:28,18500.0,1000.0,2726400.0
469,2021-09-30 14:11:28,18500.0,100.0,2725400.0
470,2021-09-30 14:11:28,18500.0,2400.0,2725300.0
471,2021-09-30 14:11:26,18500.0,1000.0,2722900.0
472,2021-09-30 14:11:20,18500.0,300.0,2721900.0
473,2021-09-30 14:10:58,18500.0,1100.0,2721600.0
474,2021-09-30 14:10:58,18500.0,200.0,2720500.0
475,2021-09-30 14:10:58,18500.0,200.0,2720300.0
476,2021-09-30 14:10:58,18500.0,200.0,2720100.0
477,2021-09-30 14:10:58,18500.0,4300.0,2719900.0
478,2021-09-30 14:10:58,18500.0,400.0,2715600.0
479,2021-09-30 14:10:58,18500.0,100.0,2715200.0
480,2021-09-30 14:10:58,18500.0,2700.0,2715100.0
481,2021-09-30 14:10:58,18500.0,900.0,2712400.0
482,2021-09-30 14:10:58,18500.0,1000.0,2711500.0
483,2021-09-30 14:10:58,18500.0,400.0,2710500.0
484,2021-09-30 14:10:58,18500.0,200.0,2710100.0
485,2021-09-30 14:10:58,18500.0,800.0,2709900.0
486,2021-09-30 14:10:32,18500.0,500.0,2709100.0
487,2021-09-30 14:10:23,18500.0,7400.0,2708600.0
488,2021-09-30 14:10:23,18500.0,200.0,2701200.0
489,2021-09-30 14:10:23,18500.0,200.0,2701000.0
490,2021-09-30 14:10:23,18500.0,200.0,2700800.0
491,2021-09-30 14:10:23,18500.0,100.0,2700600.0
492,2021-09-30 14:10:23,18500.0,100.0,2700500.0
493,2021-09-30 14:10:23,18500.0,100.0,2700400.0
494,2021-09-30 14:10:23,18500.0,500.0,2700300.0
495,2021-09-30 14:10:23,18500.0,200.0,2699800.0
496,2021-09-30 14:10:02,18500.0,800.0,2699600.0
497,2021-09-30 14:10:02,18500.0,500.0,2698800.0
498,2021-09-30 14:09:47,18550.0,500.0,2698300.0
499,2021-09-30 14:09:31,18500.0,200.0,2697800.0
500,2021-09-30 14:09:31,18500.0,500.0,2697600.0
501,2021-09-30 14:09:31,18500.0,300.0,2697100.0
502,2021-09-30 14:09:31,18500.0,1000.0,2696800.0
503,2021-09-30 14:09:18,18500.0,1900.0,2695800.0
504,2021-09-30 14:09:07,18500.0,100.0,2693900.0
505,2021-09-30 14:09:07,18500.0,100.0,2693800.0
506,2021-09-30 14:09:07,18500.0,100.0,2693700.0
507,2021-09-30 14:09:07,18500.0,100.0,2693600.0
508,2021-09-30 14:09:07,18500.0,1600.0,2693500.0
509,2021-09-30 14:09:06,18500.0,400.0,2691900.0
510,2021-09-30 14:09:06,18500.0,100.0,2691500.0
511,2021-09-30 14:08:57,18500.0,100.0,2691400.0
512,2021-09-30 14:08:39,18500.0,400.0,2691300.0
513,2021-09-30 14:08:39,18500.0,600.0,2690900.0
514,2021-09-30 14:08:34,18500.0,400.0,2690300.0
515,2021-09-30 14:08:34,18500.0,1000.0,2689900.0
516,2021-09-30 14:08:34,18500.0,1600.0,2688900.0
517,2021-09-30 14:08:18,18500.0,100.0,2687300.0
518,2021-09-30 14:07:52,18500.0,300.0,2687200.0
519,2021-09-30 14:07:52,18500.0,2500.0,2686900.0
520,2021-09-30 14:07:52,18500.0,300.0,2684400.0
521,2021-09-30 14:07:52,18500.0,200.0,2684100.0
522,2021-09-30 14:07:52,18500.0,7400.0,2683900.0
523,2021-09-30 14:07:52,18550.0,8300.0,2676500.0
524,2021-09-30 14:07:48,18550.0,300.0,2668200.0
525,2021-09-30 14:07:48,18550.0,1400.0,2667900.0
526,2021-09-30 14:07:42,18500.0,2000.0,2666500.0
527,2021-09-30 14:07:40,18500.0,3000.0,2664500.0
528,2021-09-30 14:07:35,18550.0,500.0,2661500.0
529,2021-09-30 14:07:25,18500.0,1200.0,2661000.0
530,2021-09-30 14:07:20,18550.0,500.0,2659800.0
531,2021-09-30 14:07:12,18550.0,500.0,2659300.0
532,2021-09-30 14:07:12,18550.0,1000.0,2658800.0
533,2021-09-30 14:07:12,18550.0,2700.0,2657800.0
534,2021-09-30 14:07:12,18550.0,3000.0,2655100.0
535,2021-09-30 14:07:12,18550.0,1600.0,2652100.0
536,2021-09-30 14:07:12,18550.0,1000.0,2650500.0
537,2021-09-30 14:07:12,18550.0,5000.0,2649500.0
538,2021-09-30 14:07:12,18550.0,2000.0,2644500.0
539,2021-09-30 14:07:12,18550.0,800.0,2642500.0
540,2021-09-30 14:07:07,18550.0,1000.0,2641700.0
541,2021-09-30 14:06:48,18550.0,2000.0,2640700.0
542,2021-09-30 14:06:21,18550.0,5000.0,2638700.0
543,2021-09-30 14:06:09,18600.0,100.0,2633700.0
544,2021-09-30 14:05:54,18550.0,300.0,2633600.0
545,2021-09-30 14:05:54,18550.0,200.0,2633300.0
546,2021-09-30 14:05:24,18550.0,100.0,2633100.0
547,2021-09-30 14:05:20,18550.0,100.0,2633000.0
548,2021-09-30 14:05:18,18550.0,500.0,2632900.0
549,2021-09-30 14:05:16,18600.0,2000.0,2632400.0
550,2021-09-30 14:04:49,18600.0,500.0,2630400.0
551,2021-09-30 14:04:45,18550.0,900.0,2629900.0
552,2021-09-30 14:04:45,18550.0,1000.0,2629000.0
553,2021-09-30 14:04:11,18600.0,200.0,2628000.0
554,2021-09-30 14:04:08,18550.0,800.0,2627800.0
555,2021-09-30 14:04:08,18550.0,200.0,2627000.0
556,2021-09-30 14:04:08,18550.0,1000.0,2626800.0
557,2021-09-30 14:04:01,18550.0,1000.0,2625800.0
558,2021-09-30 14:03:29,18600.0,200.0,2624800.0
559,2021-09-30 14:02:47,18600.0,300.0,2624600.0
560,2021-09-30 14:02:38,18600.0,1000.0,2624300.0
561,2021-09-30 14:02:13,18550.0,1000.0,2623300.0
562,2021-09-30 14:01:59,18500.0,1400.0,2622300.0
563,2021-09-30 14:01:59,18500.0,500.0,2620900.0
564,2021-09-30 14:01:59,18500.0,500.0,2620400.0
565,2021-09-30 14:01:59,18500.0,200.0,2619900.0
566,2021-09-30 14:01:59,18500.0,100.0,2619700.0
567,2021-09-30 14:01:59,18500.0,300.0,2619600.0
568,2021-09-30 14:01:54,18550.0,500.0,2619300.0
569,2021-09-30 14:01:40,18550.0,500.0,2618800.0
570,2021-09-30 14:01:22,18550.0,100.0,2618300.0
571,2021-09-30 14:01:22,18550.0,100.0,2618200.0
572,2021-09-30 14:01:13,18550.0,100.0,2618100.0
573,2021-09-30 14:01:13,18550.0,900.0,2618000.0
574,2021-09-30 14:01:03,18500.0,200.0,2617100.0
575,2021-09-30 14:00:48,18550.0,100.0,2616900.0
576,2021-09-30 14:00:18,18550.0,200.0,2616800.0
577,2021-09-30 14:00:13,18550.0,1000.0,2616600.0
578,2021-09-30 14:00:13,18550.0,500.0,2615600.0
579,2021-09-30 14:00:11,18550.0,1100.0,2615100.0
580,2021-09-30 14:00:11,18550.0,500.0,2614000.0
581,2021-09-30 14:00:11,18550.0,300.0,2613500.0
582,2021-09-30 14:00:11,18550.0,600.0,2613200.0
583,2021-09-30 14:00:03,18550.0,100.0,2612600.0
584,2021-09-30 13:59:42,18550.0,4300.0,2612500.0
585,2021-09-30 13:59:42,18550.0,200.0,2608200.0
586,2021-09-30 13:59:42,18550.0,100.0,2608000.0
587,2021-09-30 13:59:42,18550.0,100.0,2607900.0
588,2021-09-30 13:59:42,18550.0,100.0,2607800.0
589,2021-09-30 13:59:42,18550.0,100.0,2607700.0
590,2021-09-30 13:59:42,18550.0,100.0,2607600.0
591,2021-09-30 13:59:19,18600.0,200.0,2607500.0
592,2021-09-30 13:58:51,18550.0,400.0,2607300.0
593,2021-09-30 13:58:41,18500.0,4400.0,2606900.0
594,2021-09-30 13:58:40,18550.0,100.0,2602500.0
595,2021-09-30 13:58:35,18550.0,500.0,2602400.0
596,2021-09-30 13:58:29,18500.0,100.0,2601900.0
597,2021-09-30 13:58:28,18550.0,100.0,2601800.0
598,2021-09-30 13:58:27,18550.0,1000.0,2601700.0
599,2021-09-30 13:58:20,18550.0,100.0,2600700.0
600,2021-09-30 13:58:12,18550.0,1000.0,2600600.0
601,2021-09-30 13:58:07,18550.0,100.0,2599600.0
602,2021-09-30 13:58:06,18550.0,1200.0,2599500.0
603,2021-09-30 13:58:06,18550.0,500.0,2598300.0
604,2021-09-30 13:57:50,18600.0,1900.0,2597800.0
605,2021-09-30 13:57:50,18550.0,100.0,2595900.0
606,2021-09-30 13:57:50,18550.0,700.0,2595800.0
607,2021-09-30 13:57:46,18550.0,3700.0,2595100.0
608,2021-09-30 13:57:37,18550.0,100.0,2591400.0
609,2021-09-30 13:57:30,18550.0,100.0,2591300.0
610,2021-09-30 13:57:27,18550.0,1400.0,2591200.0
611,2021-09-30 13:57:27,18550.0,1200.0,2589800.0
612,2021-09-30 13:57:25,18550.0,1000.0,2588600.0
613,2021-09-30 13:57:25,18550.0,100.0,2587600.0
614,2021-09-30 13:57:25,18550.0,100.0,2587500.0
615,2021-09-30 13:57:25,18550.0,100.0,2587400.0
616,2021-09-30 13:57:25,18550.0,100.0,2587300.0
617,2021-09-30 13:57:25,18550.0,2400.0,2587200.0
618,2021-09-30 13:57:02,18550.0,4000.0,2584800.0
619,2021-09-30 13:56:40,18550.0,3600.0,2580800.0
620,2021-09-30 13:56:32,18550.0,100.0,2577200.0
621,2021-09-30 13:56:29,18550.0,1300.0,2577100.0
622,2021-09-30 13:56:29,18550.0,1700.0,2575800.0
623,2021-09-30 13:56:25,18550.0,8300.0,2574100.0
624,2021-09-30 13:56:25,18550.0,2400.0,2565800.0
625,2021-09-30 13:56:25,18550.0,200.0,2563400.0
626,2021-09-30 13:56:25,18550.0,500.0,2563200.0
627,2021-09-30 13:56:25,18550.0,8600.0,2562700.0
628,2021-09-30 13:56:19,18550.0,200.0,2554100.0
629,2021-09-30 13:56:15,18550.0,10100.0,2553900.0
630,2021-09-30 13:56:04,18550.0,500.0,2543800.0
631,2021-09-30 13:55:48,18550.0,1000.0,2543300.0
632,2021-09-30 13:55:42,18550.0,600.0,2542300.0
633,2021-09-30 13:55:42,18550.0,1400.0,2541700.0
634,2021-09-30 13:55:32,18550.0,100.0,2540300.0
635,2021-09-30 13:55:15,18550.0,100.0,2540200.0
636,2021-09-30 13:55:01,18500.0,100.0,2540100.0
637,2021-09-30 13:54:39,18550.0,300.0,2540000.0
638,2021-09-30 13:54:36,18500.0,5000.0,2539700.0
639,2021-09-30 13:54:30,18550.0,100.0,2534700.0
640,2021-09-30 13:54:26,18550.0,700.0,2534600.0
641,2021-09-30 13:54:20,18550.0,100.0,2533900.0
642,2021-09-30 13:54:08,18550.0,500.0,2533800.0
643,2021-09-30 13:54:05,18550.0,100.0,2533300.0
644,2021-09-30 13:54:05,18550.0,100.0,2533200.0
645,2021-09-30 13:54:05,18550.0,500.0,2533100.0
646,2021-09-30 13:54:04,18550.0,200.0,2532600.0
647,2021-09-30 13:54:03,18550.0,300.0,2532400.0
648,2021-09-30 13:54:03,18550.0,100.0,2532100.0
649,2021-09-30 13:54:03,18550.0,1000.0,2532000.0
650,2021-09-30 13:54:03,18550.0,1700.0,2531000.0
651,2021-09-30 13:54:03,18550.0,100.0,2529300.0
652,2021-09-30 13:54:03,18550.0,500.0,2529200.0
653,2021-09-30 13:54:03,18550.0,500.0,2528700.0
654,2021-09-30 13:54:03,18550.0,300.0,2528200.0
655,2021-09-30 13:54:03,18550.0,3000.0,2527900.0
656,2021-09-30 13:54:03,18550.0,500.0,2524900.0
657,2021-09-30 13:53:57,18550.0,49500.0,2524400.0
658,2021-09-30 13:53:57,18550.0,500.0,2474900.0
659,2021-09-30 13:53:30,18600.0,100.0,2474400.0
660,2021-09-30 13:53:25,18600.0,300.0,2474300.0
661,2021-09-30 13:53:25,18600.0,700.0,2474000.0
662,2021-09-30 13:52:55,18600.0,100.0,2473300.0
663,2021-09-30 13:52:13,18600.0,100.0,2473200.0
664,2021-09-30 13:51:59,18600.0,1000.0,2473100.0
665,2021-09-30 13:51:37,18600.0,100.0,2472100.0
666,2021-09-30 13:51:37,18550.0,100.0,2472000.0
667,2021-09-30 13:51:31,18550.0,300.0,2471900.0
668,2021-09-30 13:51:28,18600.0,500.0,2471600.0
669,2021-09-30 13:51:23,18600.0,100.0,2471100.0
670,2021-09-30 13:50:52,18600.0,5000.0,2471000.0
671,2021-09-30 13:50:43,18600.0,700.0,2466000.0
672,2021-09-30 13:50:38,18600.0,100.0,2465300.0
673,2021-09-30 13:50:38,18600.0,100.0,2465200.0
674,2021-09-30 13:50:38,18600.0,100.0,2465100.0
675,2021-09-30 13:50:38,18600.0,100.0,2465000.0
676,2021-09-30 13:50:38,18600.0,1300.0,2464900.0
677,2021-09-30 13:50:32,18600.0,100.0,2463600.0
678,2021-09-30 13:50:31,18600.0,500.0,2463500.0
679,2021-09-30 13:50:21,18600.0,3500.0,2463000.0
680,2021-09-30 13:50:21,18600.0,2000.0,2459500.0
681,2021-09-30 13:50:21,18600.0,1000.0,2457500.0
682,2021-09-30 13:50:21,18600.0,300.0,2456500.0
683,2021-09-30 13:50:21,18600.0,1000.0,2456200.0
684,2021-09-30 13:50:21,18600.0,1000.0,2455200.0
685,2021-09-30 13:50:21,18600.0,1000.0,2454200.0
686,2021-09-30 13:50:21,18600.0,200.0,2453200.0
687,2021-09-30 13:50:17,18650.0,200.0,2453000.0
688,2021-09-30 13:50:10,18600.0,100.0,2452800.0
689,2021-09-30 13:49:43,18600.0,700.0,2452700.0
690,2021-09-30 13:49:43,18600.0,1000.0,2452000.0
691,2021-09-30 13:49:43,18600.0,3000.0,2451000.0
692,2021-09-30 13:49:43,18600.0,200.0,2448000.0
693,2021-09-30 13:49:43,18600.0,8000.0,2447800.0
694,2021-09-30 13:49:43,18600.0,1000.0,2439800.0
695,2021-09-30 13:49:43,18600.0,3000.0,2438800.0
696,2021-09-30 13:49:43,18600.0,500.0,2435800.0
697,2021-09-30 13:49:43,18600.0,1000.0,2435300.0
698,2021-09-30 13:49:43,18600.0,100.0,2434300.0
699,2021-09-30 13:49:43,18600.0,400.0,2434200.0
700,2021-09-30 13:49:43,18600.0,100.0,2433800.0
701,2021-09-30 13:49:43,18600.0,500.0,2433700.0
702,2021-09-30 13:49:43,18600.0,2700.0,2433200.0
703,2021-09-30 13:49:43,18600.0,100.0,2430500.0
704,2021-09-30 13:49:43,18600.0,100.0,2430400.0
705,2021-09-30 13:49:43,18600.0,5000.0,2430300.0
706,2021-09-30 13:49:43,18600.0,5000.0,2425300.0
707,2021-09-30 13:49:43,18600.0,500.0,2420300.0
708,2021-09-30 13:49:43,18600.0,5000.0,2419800.0
709,2021-09-30 13:49:43,18600.0,100.0,2414800.0
710,2021-09-30 13:49:43,18600.0,5000.0,2414700.0
711,2021-09-30 13:49:43,18600.0,1000.0,2409700.0
712,2021-09-30 13:49:43,18600.0,3500.0,2408700.0
713,2021-09-30 13:49:43,18600.0,1000.0,2405200.0
714,2021-09-30 13:49:43,18600.0,500.0,2404200.0
715,2021-09-30 13:49:43,18600.0,800.0,2403700.0
716,2021-09-30 13:49:43,18600.0,200.0,2402900.0
717,2021-09-30 13:49:28,18650.0,500.0,2402700.0
718,2021-09-30 13:49:15,18650.0,200.0,2402200.0
719,2021-09-30 13:49:13,18600.0,1900.0,2402000.0
720,2021-09-30 13:49:08,18600.0,1100.0,2400100.0
721,2021-09-30 13:49:01,18650.0,100.0,2399000.0
722,2021-09-30 13:48:15,18650.0,200.0,2398900.0
723,2021-09-30 13:48:14,18650.0,300.0,2398700.0
724,2021-09-30 13:47:26,18600.0,100.0,2398400.0
725,2021-09-30 13:47:24,18650.0,1000.0,2398300.0
726,2021-09-30 13:47:18,18650.0,100.0,2397300.0
727,2021-09-30 13:47:18,18650.0,400.0,2397200.0
728,2021-09-30 13:46:39,18650.0,100.0,2396800.0
729,2021-09-30 13:46:39,18650.0,300.0,2396700.0
730,2021-09-30 13:46:30,18650.0,200.0,2396400.0
731,2021-09-30 13:45:58,18650.0,200.0,2396200.0
732,2021-09-30 13:45:58,18650.0,800.0,2396000.0
733,2021-09-30 13:45:23,18650.0,100.0,2395200.0
734,2021-09-30 13:45:12,18650.0,100.0,2395100.0
735,2021-09-30 13:45:04,18700.0,200.0,2395000.0
736,2021-09-30 13:45:04,18700.0,400.0,2394800.0
737,2021-09-30 13:45:04,18700.0,400.0,2394400.0
738,2021-09-30 13:44:52,18650.0,100.0,2394000.0
739,2021-09-30 13:44:27,18650.0,4000.0,2393900.0
740,2021-09-30 13:44:20,18650.0,100.0,2389900.0
741,2021-09-30 13:44:17,18650.0,1600.0,2389800.0
742,2021-09-30 13:43:55,18650.0,1000.0,2388200.0
743,2021-09-30 13:43:55,18650.0,2700.0,2387200.0
744,2021-09-30 13:43:52,18650.0,7300.0,2384500.0
745,2021-09-30 13:43:52,18650.0,100.0,2377200.0
746,2021-09-30 13:43:52,18650.0,10000.0,2377100.0
747,2021-09-30 13:43:52,18650.0,6300.0,2367100.0
748,2021-09-30 13:43:52,18650.0,6300.0,2360800.0
749,2021-09-30 13:43:51,18700.0,100.0,2354500.0
750,2021-09-30 13:43:51,18700.0,200.0,2354400.0
751,2021-09-30 13:43:51,18700.0,200.0,2354200.0
752,2021-09-30 13:43:21,18700.0,100.0,2354000.0
753,2021-09-30 13:42:54,18700.0,1000.0,2353900.0
754,2021-09-30 13:42:49,18650.0,3700.0,2352900.0
755,2021-09-30 13:42:49,18650.0,200.0,2349200.0
756,2021-09-30 13:42:21,18700.0,200.0,2349000.0
757,2021-09-30 13:42:10,18650.0,3000.0,2348800.0
758,2021-09-30 13:42:02,18650.0,2000.0,2345800.0
759,2021-09-30 13:41:59,18700.0,100.0,2343800.0
760,2021-09-30 13:41:53,18700.0,1400.0,2343700.0
761,2021-09-30 13:41:53,18700.0,400.0,2342300.0
762,2021-09-30 13:41:53,18700.0,200.0,2341900.0
763,2021-09-30 13:41:46,18600.0,200.0,2341700.0
764,2021-09-30 13:41:26,18600.0,1500.0,2341500.0
765,2021-09-30 13:41:26,18600.0,1600.0,2340000.0
766,2021-09-30 13:41:26,18650.0,1000.0,2338400.0
767,2021-09-30 13:41:26,18650.0,5000.0,2337400.0
768,2021-09-30 13:41:26,18650.0,900.0,2332400.0
769,2021-09-30 13:41:14,18700.0,500.0,2331500.0
770,2021-09-30 13:41:02,18700.0,1300.0,2331000.0
771,2021-09-30 13:41:02,18700.0,100.0,2329700.0
772,2021-09-30 13:41:02,18700.0,200.0,2329600.0
773,2021-09-30 13:41:02,18700.0,1500.0,2329400.0
774,2021-09-30 13:41:02,18700.0,500.0,2327900.0
775,2021-09-30 13:41:02,18700.0,1000.0,2327400.0
776,2021-09-30 13:41:02,18700.0,200.0,2326400.0
777,2021-09-30 13:41:02,18700.0,500.0,2326200.0
778,2021-09-30 13:41:02,18700.0,500.0,2325700.0
779,2021-09-30 13:41:02,18700.0,600.0,2325200.0
780,2021-09-30 13:41:02,18700.0,500.0,2324600.0
781,2021-09-30 13:41:02,18700.0,3100.0,2324100.0
782,2021-09-30 13:40:35,18700.0,1900.0,2321000.0
783,2021-09-30 13:40:35,18700.0,2000.0,2319100.0
784,2021-09-30 13:40:35,18700.0,1200.0,2317100.0
785,2021-09-30 13:40:35,18700.0,300.0,2315900.0
786,2021-09-30 13:40:35,18700.0,500.0,2315600.0
787,2021-09-30 13:40:35,18700.0,1000.0,2315100.0
788,2021-09-30 13:40:35,18700.0,1000.0,2314100.0
789,2021-09-30 13:40:35,18700.0,500.0,2313100.0
790,2021-09-30 13:40:35,18700.0,500.0,2312600.0
791,2021-09-30 13:40:35,18700.0,1000.0,2312100.0
792,2021-09-30 13:40:35,18700.0,600.0,2311100.0
793,2021-09-30 13:40:35,18700.0,2000.0,2310500.0
794,2021-09-30 13:40:35,18700.0,3000.0,2308500.0
795,2021-09-30 13:40:35,18700.0,7700.0,2305500.0
796,2021-09-30 13:40:35,18650.0,100.0,2297800.0
797,2021-09-30 13:40:35,18650.0,1000.0,2297700.0
798,2021-09-30 13:40:35,18650.0,500.0,2296700.0
799,2021-09-30 13:40:35,18650.0,7600.0,2296200.0
800,2021-09-30 13:40:13,18650.0,1000.0,2288600.0
801,2021-09-30 13:40:11,18650.0,1000.0,2287600.0
802,2021-09-30 13:40:11,18650.0,100.0,2286600.0
803,2021-09-30 13:40:11,18650.0,300.0,2286500.0
804,2021-09-30 13:40:05,18650.0,200.0,2286200.0
805,2021-09-30 13:40:05,18650.0,800.0,2286000.0
806,2021-09-30 13:40:05,18650.0,2000.0,2285200.0
807,2021-09-30 13:40:03,18650.0,1000.0,2283200.0
808,2021-09-30 13:39:54,18650.0,200.0,2282200.0
809,2021-09-30 13:39:45,18650.0,200.0,2282000.0
810,2021-09-30 13:39:37,18650.0,100.0,2281800.0
811,2021-09-30 13:39:36,18700.0,100.0,2281700.0
812,2021-09-30 13:39:02,18650.0,500.0,2281600.0
813,2021-09-30 13:38:26,18700.0,500.0,2281100.0
814,2021-09-30 13:38:09,18700.0,300.0,2280600.0
815,2021-09-30 13:38:09,18700.0,5700.0,2280300.0
816,2021-09-30 13:37:44,18650.0,500.0,2274600.0
817,2021-09-30 13:37:41,18650.0,1300.0,2274100.0
818,2021-09-30 13:37:32,18650.0,10000.0,2272800.0
819,2021-09-30 13:37:32,18650.0,800.0,2262800.0
820,2021-09-30 13:37:32,18650.0,1900.0,2262000.0
821,2021-09-30 13:37:30,18650.0,1000.0,2260100.0
822,2021-09-30 13:37:23,18650.0,2000.0,2259100.0
823,2021-09-30 13:37:12,18650.0,500.0,2257100.0
824,2021-09-30 13:36:57,18650.0,1000.0,2256600.0
825,2021-09-30 13:36:56,18600.0,2000.0,2255600.0
826,2021-09-30 13:36:51,18650.0,8000.0,2253600.0
827,2021-09-30 13:36:51,18650.0,200.0,2245600.0
828,2021-09-30 13:36:51,18650.0,100.0,2245400.0
829,2021-09-30 13:36:51,18650.0,15300.0,2245300.0
830,2021-09-30 13:36:15,18650.0,200.0,2230000.0
831,2021-09-30 13:35:57,18650.0,4500.0,2229800.0
832,2021-09-30 13:35:56,18600.0,300.0,2225300.0
833,2021-09-30 13:35:48,18600.0,1000.0,2225000.0
834,2021-09-30 13:35:47,18650.0,500.0,2224000.0
835,2021-09-30 13:35:47,18650.0,15000.0,2223500.0
836,2021-09-30 13:35:03,18650.0,500.0,2208500.0
837,2021-09-30 13:35:03,18650.0,4500.0,2208000.0
838,2021-09-30 13:34:48,18650.0,15500.0,2203500.0
839,2021-09-30 13:34:48,18650.0,2000.0,2188000.0
840,2021-09-30 13:34:48,18650.0,1000.0,2186000.0
841,2021-09-30 13:34:48,18650.0,500.0,2185000.0
842,2021-09-30 13:34:48,18650.0,1000.0,2184500.0
843,2021-09-30 13:34:43,18600.0,1300.0,2183500.0
844,2021-09-30 13:34:38,18600.0,400.0,2182200.0
845,2021-09-30 13:33:17,18600.0,12000.0,2181800.0
846,2021-09-30 13:33:17,18600.0,1400.0,2169800.0
847,2021-09-30 13:33:16,18600.0,100.0,2168400.0
848,2021-09-30 13:33:10,18600.0,200.0,2168300.0
849,2021-09-30 13:33:06,18600.0,100.0,2168100.0
850,2021-09-30 13:33:04,18600.0,200.0,2168000.0
851,2021-09-30 13:33:03,18600.0,800.0,2167800.0
852,2021-09-30 13:32:52,18600.0,1000.0,2167000.0
853,2021-09-30 13:32:52,18600.0,500.0,2166000.0
854,2021-09-30 13:32:52,18600.0,100.0,2165500.0
855,2021-09-30 13:32:52,18600.0,2000.0,2165400.0
856,2021-09-30 13:32:52,18600.0,500.0,2163400.0
857,2021-09-30 13:32:52,18600.0,15100.0,2162900.0
858,2021-09-30 13:32:31,18600.0,200.0,2147800.0
859,2021-09-30 13:32:12,18600.0,2000.0,2147600.0
860,2021-09-30 13:31:51,18600.0,600.0,2145600.0
861,2021-09-30 13:31:44,18600.0,200.0,2145000.0
862,2021-09-30 13:31:44,18600.0,1900.0,2144800.0
863,2021-09-30 13:31:29,18600.0,100.0,2142900.0
864,2021-09-30 13:31:29,18600.0,200.0,2142800.0
865,2021-09-30 13:31:29,18600.0,4700.0,2142600.0
866,2021-09-30 13:31:24,18600.0,500.0,2137900.0
867,2021-09-30 13:31:10,18600.0,14800.0,2137400.0
868,2021-09-30 13:31:10,18600.0,7400.0,2122600.0
869,2021-09-30 13:31:09,18550.0,2500.0,2115200.0
870,2021-09-30 13:30:38,18550.0,8600.0,2112700.0
871,2021-09-30 13:30:38,18550.0,5400.0,2104100.0
872,2021-09-30 13:30:33,18550.0,1600.0,2098700.0
873,2021-09-30 13:30:33,18550.0,100.0,2097100.0
874,2021-09-30 13:30:33,18550.0,100.0,2097000.0
875,2021-09-30 13:30:33,18550.0,600.0,2096900.0
876,2021-09-30 13:30:23,18600.0,100.0,2096300.0
877,2021-09-30 13:30:05,18550.0,4400.0,2096200.0
878,2021-09-30 13:30:05,18550.0,100.0,2091800.0
879,2021-09-30 13:30:05,18550.0,100.0,2091700.0
880,2021-09-30 13:30:05,18550.0,100.0,2091600.0
881,2021-09-30 13:30:05,18550.0,1700.0,2091500.0
882,2021-09-30 13:30:05,18550.0,1100.0,2089800.0
883,2021-09-30 13:29:32,18550.0,1900.0,2088700.0
884,2021-09-30 13:29:32,18550.0,1000.0,2086800.0
885,2021-09-30 13:29:32,18550.0,2000.0,2085800.0
886,2021-09-30 13:29:32,18550.0,500.0,2083800.0
887,2021-09-30 13:29:32,18550.0,100.0,2083300.0
888,2021-09-30 13:28:38,18600.0,100.0,2083200.0
889,2021-09-30 13:28:32,18550.0,300.0,2083100.0
890,2021-09-30 13:28:16,18600.0,200.0,2082800.0
891,2021-09-30 13:27:48,18600.0,200.0,2082600.0
892,2021-09-30 13:27:18,18550.0,1000.0,2082400.0
893,2021-09-30 13:27:14,18600.0,300.0,2081400.0
894,2021-09-30 13:27:14,18600.0,200.0,2081100.0
895,2021-09-30 13:27:14,18600.0,1000.0,2080900.0
896,2021-09-30 13:27:14,18600.0,100.0,2079900.0
897,2021-09-30 13:27:14,18600.0,400.0,2079800.0
898,2021-09-30 13:27:10,18600.0,2500.0,2079400.0
899,2021-09-30 13:27:10,18600.0,1500.0,2076900.0
900,2021-09-30 13:27:10,18600.0,2500.0,2075400.0
901,2021-09-30 13:27:10,18600.0,400.0,2072900.0
902,2021-09-30 13:27:10,18600.0,300.0,2072500.0
903,2021-09-30 13:27:10,18600.0,100.0,2072200.0
904,2021-09-30 13:27:10,18600.0,2000.0,2072100.0
905,2021-09-30 13:27:10,18600.0,200.0,2070100.0
906,2021-09-30 13:27:10,18600.0,1000.0,2069900.0
907,2021-09-30 13:27:10,18600.0,1500.0,2068900.0
908,2021-09-30 13:25:44,18600.0,100.0,2067400.0
909,2021-09-30 13:24:04,18600.0,2000.0,2067300.0
910,2021-09-30 13:23:48,18600.0,200.0,2065300.0
911,2021-09-30 13:23:48,18600.0,1200.0,2065100.0
912,2021-09-30 13:23:23,18600.0,1300.0,2063900.0
913,2021-09-30 13:23:23,18600.0,200.0,2062600.0
914,2021-09-30 13:23:23,18600.0,10000.0,2062400.0
915,2021-09-30 13:23:23,18600.0,200.0,2052400.0
916,2021-09-30 13:23:23,18600.0,700.0,2052200.0
917,2021-09-30 13:23:17,18550.0,1600.0,2051500.0
918,2021-09-30 13:23:17,18550.0,400.0,2049900.0
919,2021-09-30 13:23:08,18550.0,1000.0,2049500.0
920,2021-09-30 13:23:04,18550.0,100.0,2048500.0
921,2021-09-30 13:22:58,18550.0,100.0,2048400.0
922,2021-09-30 13:22:57,18550.0,800.0,2048300.0
923,2021-09-30 13:22:57,18550.0,200.0,2047500.0
924,2021-09-30 13:22:56,18550.0,400.0,2047300.0
925,2021-09-30 13:22:56,18550.0,1200.0,2046900.0
926,2021-09-30 13:22:56,18550.0,900.0,2045700.0
927,2021-09-30 13:22:52,18550.0,1500.0,2044800.0
928,2021-09-30 13:22:49,18550.0,1000.0,2043300.0
929,2021-09-30 13:22:47,18550.0,10000.0,2042300.0
930,2021-09-30 13:22:18,18500.0,700.0,2032300.0
931,2021-09-30 13:21:45,18500.0,2900.0,2031600.0
932,2021-09-30 13:21:45,18500.0,100.0,2028700.0
933,2021-09-30 13:21:29,18500.0,500.0,2028600.0
934,2021-09-30 13:21:29,18500.0,1000.0,2028100.0
935,2021-09-30 13:21:29,18500.0,400.0,2027100.0
936,2021-09-30 13:21:27,18500.0,300.0,2026700.0
937,2021-09-30 13:21:26,18500.0,2500.0,2026400.0
938,2021-09-30 13:21:25,18500.0,100.0,2023900.0
939,2021-09-30 13:21:13,18500.0,1700.0,2023800.0
940,2021-09-30 13:21:13,18500.0,1000.0,2022100.0
941,2021-09-30 13:21:13,18500.0,200.0,2021100.0
942,2021-09-30 13:21:13,18500.0,100.0,2020900.0
943,2021-09-30 13:20:18,18450.0,1200.0,2020800.0
944,2021-09-30 13:20:17,18450.0,100.0,2019600.0
945,2021-09-30 13:20:14,18450.0,200.0,2019500.0
946,2021-09-30 13:20:06,18450.0,500.0,2019300.0
947,2021-09-30 13:20:06,18450.0,1500.0,2018800.0
948,2021-09-30 13:20:06,18450.0,500.0,2017300.0
949,2021-09-30 13:20:06,18450.0,200.0,2016800.0
950,2021-09-30 13:20:06,18450.0,2000.0,2016600.0
951,2021-09-30 13:20:06,18450.0,3000.0,2014600.0
952,2021-09-30 13:20:06,18450.0,2000.0,2011600.0
953,2021-09-30 13:20:06,18450.0,500.0,2009600.0
954,2021-09-30 13:20:06,18450.0,300.0,2009100.0
955,2021-09-30 13:20:06,18450.0,100.0,2008800.0
956,2021-09-30 13:20:06,18450.0,7900.0,2008700.0
957,2021-09-30 13:20:06,18500.0,100.0,2000800.0
958,2021-09-30 13:19:55,18500.0,5400.0,2000700.0
959,2021-09-30 13:19:55,18500.0,2000.0,1995300.0
960,2021-09-30 13:19:55,18500.0,2600.0,1993300.0
961,2021-09-30 13:19:49,18450.0,1000.0,1990700.0
962,2021-09-30 13:19:41,18450.0,500.0,1989700.0
963,2021-09-30 13:19:41,18450.0,600.0,1989200.0
964,2021-09-30 13:19:39,18450.0,5000.0,1988600.0
965,2021-09-30 13:19:34,18450.0,100.0,1983600.0
966,2021-09-30 13:19:28,18450.0,2000.0,1983500.0
967,2021-09-30 13:19:28,18450.0,500.0,1981500.0
968,2021-09-30 13:19:28,18450.0,500.0,1981000.0
969,2021-09-30 13:19:28,18450.0,100.0,1980500.0
970,2021-09-30 13:19:28,18450.0,2200.0,1980400.0
971,2021-09-30 13:19:28,18450.0,600.0,1978200.0
972,2021-09-30 13:19:28,18450.0,100.0,1977600.0
973,2021-09-30 13:19:28,18450.0,100.0,1977500.0
974,2021-09-30 13:19:28,18450.0,100.0,1977400.0
975,2021-09-30 13:19:28,18450.0,200.0,1977300.0
976,2021-09-30 13:19:28,18450.0,300.0,1977100.0
977,2021-09-30 13:19:28,18450.0,500.0,1976800.0
978,2021-09-30 13:19:28,18450.0,1400.0,1976300.0
979,2021-09-30 13:19:28,18450.0,5700.0,1974900.0
980,2021-09-30 13:19:28,18450.0,600.0,1969200.0
981,2021-09-30 13:19:22,18450.0,1000.0,1968600.0
982,2021-09-30 13:19:17,18450.0,5000.0,1967600.0
983,2021-09-30 13:19:00,18450.0,500.0,1962600.0
984,2021-09-30 13:19:00,18450.0,500.0,1962100.0
985,2021-09-30 13:19:00,18500.0,200.0,1961600.0
986,2021-09-30 13:18:58,18450.0,900.0,1961400.0
987,2021-09-30 13:18:57,18450.0,600.0,1960500.0
988,2021-09-30 13:18:57,18450.0,100.0,1959900.0
989,2021-09-30 13:18:57,18450.0,500.0,1959800.0
990,2021-09-30 13:18:47,18500.0,2500.0,1959300.0
991,2021-09-30 13:18:41,18500.0,100.0,1956800.0
992,2021-09-30 13:18:38,18500.0,500.0,1956700.0
993,2021-09-30 13:18:32,18500.0,100.0,1956200.0
994,2021-09-30 13:18:27,18500.0,200.0,1956100.0
995,2021-09-30 13:18:25,18500.0,1000.0,1955900.0
996,2021-09-30 13:18:25,18500.0,1000.0,1954900.0
997,2021-09-30 13:18:25,18500.0,3000.0,1953900.0
998,2021-09-30 13:18:25,18500.0,1000.0,1950900.0
999,2021-09-30 13:18:25,18500.0,500.0,1949900.0
1000,2021-09-30 13:18:25,18500.0,1000.0,1949400.0
1001,2021-09-30 13:18:25,18500.0,100.0,1948400.0
1002,2021-09-30 13:18:25,18500.0,1000.0,1948300.0
1003,2021-09-30 13:18:25,18500.0,100.0,1947300.0
1004,2021-09-30 13:18:25,18500.0,100.0,1947200.0
1005,2021-09-30 13:18:25,18500.0,800.0,1947100.0
1006,2021-09-30 13:18:25,18500.0,700.0,1946300.0
1007,2021-09-30 13:18:16,18500.0,2300.0,1945600.0
1008,2021-09-30 13:18:16,18500.0,500.0,1943300.0
1009,2021-09-30 13:18:16,18500.0,500.0,1942800.0
1010,2021-09-30 13:18:16,18500.0,100.0,1942300.0
1011,2021-09-30 13:18:16,18500.0,100.0,1942200.0
1012,2021-09-30 13:18:16,18500.0,400.0,1942100.0
1013,2021-09-30 13:18:16,18500.0,100.0,1941700.0
1014,2021-09-30 13:18:16,18500.0,500.0,1941600.0
1015,2021-09-30 13:18:16,18500.0,300.0,1941100.0
1016,2021-09-30 13:18:16,18500.0,1000.0,1940800.0
1017,2021-09-30 13:18:16,18500.0,3000.0,1939800.0
1018,2021-09-30 13:18:16,18500.0,500.0,1936800.0
1019,2021-09-30 13:18:16,18500.0,200.0,1936300.0
1020,2021-09-30 13:18:16,18500.0,1000.0,1936100.0
1021,2021-09-30 13:18:16,18500.0,600.0,1935100.0
1022,2021-09-30 13:18:16,18500.0,200.0,1934500.0
1023,2021-09-30 13:18:16,18500.0,3000.0,1934300.0
1024,2021-09-30 13:18:16,18500.0,100.0,1931300.0
1025,2021-09-30 13:18:16,18500.0,100.0,1931200.0
1026,2021-09-30 13:18:16,18500.0,300.0,1931100.0
1027,2021-09-30 13:18:16,18500.0,200.0,1930800.0
1028,2021-09-30 13:18:16,18500.0,1000.0,1930600.0
1029,2021-09-30 13:18:16,18500.0,3000.0,1929600.0
1030,2021-09-30 13:18:16,18500.0,200.0,1926600.0
1031,2021-09-30 13:18:16,18500.0,800.0,1926400.0
1032,2021-09-30 13:18:14,18500.0,400.0,1925600.0
1033,2021-09-30 13:18:05,18500.0,8800.0,1925200.0
1034,2021-09-30 13:18:05,18500.0,600.0,1916400.0
1035,2021-09-30 13:18:05,18500.0,1000.0,1915800.0
1036,2021-09-30 13:18:05,18500.0,1000.0,1914800.0
1037,2021-09-30 13:18:05,18500.0,200.0,1913800.0
1038,2021-09-30 13:18:05,18500.0,2900.0,1913600.0
1039,2021-09-30 13:18:05,18500.0,100.0,1910700.0
1040,2021-09-30 13:18:05,18500.0,200.0,1910600.0
1041,2021-09-30 13:18:03,18500.0,1500.0,1910400.0
1042,2021-09-30 13:17:53,18500.0,300.0,1908900.0
1043,2021-09-30 13:17:53,18500.0,2000.0,1908600.0
1044,2021-09-30 13:17:53,18500.0,500.0,1906600.0
1045,2021-09-30 13:17:53,18500.0,3000.0,1906100.0
1046,2021-09-30 13:17:53,18500.0,700.0,1903100.0
1047,2021-09-30 13:17:53,18500.0,500.0,1902400.0
1048,2021-09-30 13:17:53,18500.0,200.0,1901900.0
1049,2021-09-30 13:17:53,18500.0,100.0,1901700.0
1050,2021-09-30 13:17:53,18500.0,200.0,1901600.0
1051,2021-09-30 13:17:53,18500.0,100.0,1901400.0
1052,2021-09-30 13:17:53,18500.0,200.0,1901300.0
1053,2021-09-30 13:17:53,18500.0,100.0,1901100.0
1054,2021-09-30 13:17:53,18500.0,100.0,1901000.0
1055,2021-09-30 13:17:53,18500.0,300.0,1900900.0
1056,2021-09-30 13:17:53,18500.0,100.0,1900600.0
1057,2021-09-30 13:17:53,18500.0,200.0,1900500.0
1058,2021-09-30 13:17:53,18500.0,1600.0,1900300.0
1059,2021-09-30 13:17:53,18500.0,100.0,1898700.0
1060,2021-09-30 13:17:53,18500.0,1000.0,1898600.0
1061,2021-09-30 13:17:53,18500.0,100.0,1897600.0
1062,2021-09-30 13:17:53,18500.0,500.0,1897500.0
1063,2021-09-30 13:17:53,18500.0,3000.0,1897000.0
1064,2021-09-30 13:17:53,18500.0,100.0,1894000.0
1065,2021-09-30 13:17:53,18500.0,3200.0,1893900.0
1066,2021-09-30 13:17:53,18500.0,500.0,1890700.0
1067,2021-09-30 13:17:53,18500.0,800.0,1890200.0
1068,2021-09-30 13:17:53,18500.0,1000.0,1889400.0
1069,2021-09-30 13:17:53,18500.0,500.0,1888400.0
1070,2021-09-30 13:17:53,18500.0,700.0,1887900.0
1071,2021-09-30 13:17:53,18500.0,500.0,1887200.0
1072,2021-09-30 13:17:53,18500.0,200.0,1886700.0
1073,2021-09-30 13:17:53,18500.0,100.0,1886500.0
1074,2021-09-30 13:17:53,18500.0,1200.0,1886400.0
1075,2021-09-30 13:17:53,18500.0,200.0,1885200.0
1076,2021-09-30 13:17:53,18500.0,100.0,1885000.0
1077,2021-09-30 13:17:53,18500.0,500.0,1884900.0
1078,2021-09-30 13:17:53,18500.0,300.0,1884400.0
1079,2021-09-30 13:17:53,18500.0,2300.0,1884100.0
1080,2021-09-30 13:17:53,18500.0,200.0,1881800.0
1081,2021-09-30 13:17:53,18500.0,2700.0,1881600.0
1082,2021-09-30 13:17:29,18500.0,300.0,1878900.0
1083,2021-09-30 13:17:29,18500.0,500.0,1878600.0
1084,2021-09-30 13:17:29,18500.0,100.0,1878100.0
1085,2021-09-30 13:17:14,18500.0,100.0,1878000.0
1086,2021-09-30 13:17:14,18500.0,100.0,1877900.0
1087,2021-09-30 13:17:14,18500.0,300.0,1877800.0
1088,2021-09-30 13:17:14,18500.0,100.0,1877500.0
1089,2021-09-30 13:17:14,18500.0,15000.0,1877400.0
1090,2021-09-30 13:17:14,18500.0,600.0,1862400.0
1091,2021-09-30 13:17:14,18500.0,100.0,1861800.0
1092,2021-09-30 13:17:14,18500.0,200.0,1861700.0
1093,2021-09-30 13:17:14,18500.0,500.0,1861500.0
1094,2021-09-30 13:17:14,18500.0,1000.0,1861000.0
1095,2021-09-30 13:17:14,18500.0,5000.0,1860000.0
1096,2021-09-30 13:17:14,18500.0,100.0,1855000.0
1097,2021-09-30 13:17:14,18500.0,1000.0,1854900.0
1098,2021-09-30 13:17:14,18500.0,100.0,1853900.0
1099,2021-09-30 13:17:14,18500.0,200.0,1853800.0
1100,2021-09-30 13:17:14,18500.0,3000.0,1853600.0
1101,2021-09-30 13:17:14,18500.0,1000.0,1850600.0
1102,2021-09-30 13:17:14,18500.0,200.0,1849600.0
1103,2021-09-30 13:17:14,18500.0,1600.0,1849400.0
1104,2021-09-30 13:17:14,18500.0,500.0,1847800.0
1105,2021-09-30 13:17:14,18500.0,200.0,1847300.0
1106,2021-09-30 13:17:14,18500.0,1000.0,1847100.0
1107,2021-09-30 13:17:14,18500.0,500.0,1846100.0
1108,2021-09-30 13:17:14,18500.0,200.0,1845600.0
1109,2021-09-30 13:17:14,18500.0,700.0,1845400.0
1110,2021-09-30 13:17:14,18500.0,300.0,1844700.0
1111,2021-09-30 13:17:14,18500.0,100.0,1844400.0
1112,2021-09-30 13:17:14,18500.0,2000.0,1844300.0
1113,2021-09-30 13:17:14,18500.0,500.0,1842300.0
1114,2021-09-30 13:17:14,18500.0,100.0,1841800.0
1115,2021-09-30 13:17:14,18500.0,200.0,1841700.0
1116,2021-09-30 13:17:14,18500.0,100.0,1841500.0
1117,2021-09-30 13:17:14,18500.0,200.0,1841400.0
1118,2021-09-30 13:17:14,18500.0,3000.0,1841200.0
1119,2021-09-30 13:17:14,18500.0,500.0,1838200.0
1120,2021-09-30 13:17:14,18500.0,500.0,1837700.0
1121,2021-09-30 13:17:14,18500.0,300.0,1837200.0
1122,2021-09-30 13:17:14,18500.0,200.0,1836900.0
1123,2021-09-30 13:17:14,18500.0,100.0,1836700.0
1124,2021-09-30 13:17:14,18500.0,3000.0,1836600.0
1125,2021-09-30 13:17:14,18500.0,1500.0,1833600.0
1126,2021-09-30 13:17:14,18500.0,300.0,1832100.0
1127,2021-09-30 13:17:14,18500.0,400.0,1831800.0
1128,2021-09-30 13:17:14,18500.0,5000.0,1831400.0
1129,2021-09-30 13:17:14,18500.0,200.0,1826400.0
1130,2021-09-30 13:17:14,18500.0,2000.0,1826200.0
1131,2021-09-30 13:17:14,18500.0,1500.0,1824200.0
1132,2021-09-30 13:17:14,18500.0,200.0,1822700.0
1133,2021-09-30 13:17:14,18500.0,2500.0,1822500.0
1134,2021-09-30 13:17:14,18500.0,800.0,1820000.0
1135,2021-09-30 13:17:14,18500.0,100.0,1819200.0
1136,2021-09-30 13:17:14,18500.0,100.0,1819100.0
1137,2021-09-30 13:17:14,18500.0,300.0,1819000.0
1138,2021-09-30 13:17:14,18500.0,100.0,1818700.0
1139,2021-09-30 13:17:14,18500.0,500.0,1818600.0
1140,2021-09-30 13:17:14,18500.0,100.0,1818100.0
1141,2021-09-30 13:17:00,18550.0,2000.0,1818000.0
1142,2021-09-30 13:16:52,18550.0,300.0,1816000.0
1143,2021-09-30 13:16:45,18550.0,100.0,1815700.0
1144,2021-09-30 13:16:38,18550.0,1000.0,1815600.0
1145,2021-09-30 13:16:38,18550.0,2000.0,1814600.0
1146,2021-09-30 13:16:38,18550.0,200.0,1812600.0
1147,2021-09-30 13:16:38,18550.0,2000.0,1812400.0
1148,2021-09-30 13:16:38,18550.0,2000.0,1810400.0
1149,2021-09-30 13:16:38,18550.0,600.0,1808400.0
1150,2021-09-30 13:16:38,18550.0,1000.0,1807800.0
1151,2021-09-30 13:16:38,18550.0,200.0,1806800.0
1152,2021-09-30 13:16:38,18550.0,100.0,1806600.0
1153,2021-09-30 13:16:38,18550.0,100.0,1806500.0
1154,2021-09-30 13:16:38,18550.0,100.0,1806400.0
1155,2021-09-30 13:16:38,18550.0,100.0,1806300.0
1156,2021-09-30 13:16:38,18550.0,100.0,1806200.0
1157,2021-09-30 13:16:38,18550.0,200.0,1806100.0
1158,2021-09-30 13:16:38,18550.0,100.0,1805900.0
1159,2021-09-30 13:16:38,18550.0,500.0,1805800.0
1160,2021-09-30 13:16:38,18550.0,100.0,1805300.0
1161,2021-09-30 13:16:38,18550.0,300.0,1805200.0
1162,2021-09-30 13:16:38,18550.0,200.0,1804900.0
1163,2021-09-30 13:16:38,18550.0,100.0,1804700.0
1164,2021-09-30 13:16:38,18550.0,3200.0,1804600.0
1165,2021-09-30 13:16:19,18550.0,1800.0,1801400.0
1166,2021-09-30 13:16:19,18550.0,3000.0,1799600.0
1167,2021-09-30 13:16:19,18550.0,3000.0,1796600.0
1168,2021-09-30 13:16:19,18550.0,2200.0,1793600.0
1169,2021-09-30 13:16:15,18550.0,200.0,1791400.0
1170,2021-09-30 13:16:08,18550.0,1500.0,1791200.0
1171,2021-09-30 13:14:41,18600.0,500.0,1789700.0
1172,2021-09-30 13:13:41,18600.0,200.0,1789200.0
1173,2021-09-30 13:13:40,18600.0,500.0,1789000.0
1174,2021-09-30 13:13:40,18600.0,100.0,1788500.0
1175,2021-09-30 13:13:40,18600.0,1000.0,1788400.0
1176,2021-09-30 13:13:40,18600.0,500.0,1787400.0
1177,2021-09-30 13:13:40,18600.0,1500.0,1786900.0
1178,2021-09-30 13:12:40,18600.0,500.0,1785400.0
1179,2021-09-30 13:12:40,18600.0,100.0,1784900.0
1180,2021-09-30 13:12:40,18600.0,100.0,1784800.0
1181,2021-09-30 13:12:40,18600.0,500.0,1784700.0
1182,2021-09-30 13:12:40,18600.0,300.0,1784200.0
1183,2021-09-30 13:12:40,18600.0,500.0,1783900.0
1184,2021-09-30 13:12:40,18600.0,200.0,1783400.0
1185,2021-09-30 13:12:40,18600.0,2000.0,1783200.0
1186,2021-09-30 13:12:40,18600.0,200.0,1781200.0
1187,2021-09-30 13:12:40,18600.0,500.0,1781000.0
1188,2021-09-30 13:12:40,18600.0,500.0,1780500.0
1189,2021-09-30 13:12:40,18600.0,4600.0,1780000.0
1190,2021-09-30 13:12:32,18600.0,200.0,1775400.0
1191,2021-09-30 13:12:16,18600.0,200.0,1775200.0
1192,2021-09-30 13:12:16,18600.0,500.0,1775000.0
1193,2021-09-30 13:12:16,18600.0,100.0,1774500.0
1194,2021-09-30 13:12:16,18600.0,500.0,1774400.0
1195,2021-09-30 13:12:16,18600.0,100.0,1773900.0
1196,2021-09-30 13:12:16,18600.0,100.0,1773800.0
1197,2021-09-30 13:12:16,18600.0,5000.0,1773700.0
1198,2021-09-30 13:12:16,18600.0,500.0,1768700.0
1199,2021-09-30 13:12:16,18600.0,100.0,1768200.0
1200,2021-09-30 13:12:16,18600.0,100.0,1768100.0
1201,2021-09-30 13:12:16,18600.0,500.0,1768000.0
1202,2021-09-30 13:12:16,18600.0,300.0,1767500.0
1203,2021-09-30 13:12:16,18600.0,100.0,1767200.0
1204,2021-09-30 13:12:16,18600.0,100.0,1767100.0
1205,2021-09-30 13:12:16,18600.0,500.0,1767000.0
1206,2021-09-30 13:12:16,18600.0,500.0,1766500.0
1207,2021-09-30 13:12:16,18600.0,600.0,1766000.0
1208,2021-09-30 13:12:16,18600.0,20000.0,1765400.0
1209,2021-09-30 13:12:16,18600.0,10000.0,1745400.0
1210,2021-09-30 13:12:16,18600.0,10000.0,1735400.0
1211,2021-09-30 13:12:16,18600.0,200.0,1725400.0
1212,2021-09-30 13:11:45,18650.0,300.0,1725200.0
1213,2021-09-30 13:11:14,18650.0,100.0,1724900.0
1214,2021-09-30 13:10:44,18650.0,500.0,1724800.0
1215,2021-09-30 13:09:50,18650.0,3500.0,1724300.0
1216,2021-09-30 13:09:43,18650.0,700.0,1720800.0
1217,2021-09-30 13:09:29,18650.0,100.0,1720100.0
1218,2021-09-30 13:09:29,18650.0,400.0,1720000.0
1219,2021-09-30 13:09:00,18650.0,100.0,1719600.0
1220,2021-09-30 13:08:27,18650.0,400.0,1719500.0
1221,2021-09-30 13:08:27,18650.0,200.0,1719100.0
1222,2021-09-30 13:08:27,18650.0,100.0,1718900.0
1223,2021-09-30 13:07:54,18650.0,400.0,1718800.0
1224,2021-09-30 13:07:54,18650.0,100.0,1718400.0
1225,2021-09-30 13:06:19,18650.0,10000.0,1718300.0
1226,2021-09-30 13:06:19,18650.0,10000.0,1708300.0
1227,2021-09-30 13:06:19,18650.0,200.0,1698300.0
1228,2021-09-30 13:06:19,18650.0,1000.0,1698100.0
1229,2021-09-30 13:06:19,18650.0,500.0,1697100.0
1230,2021-09-30 13:06:19,18650.0,300.0,1696600.0
1231,2021-09-30 13:06:10,18700.0,4300.0,1696300.0
1232,2021-09-30 13:06:10,18700.0,100.0,1692000.0
1233,2021-09-30 13:06:10,18700.0,600.0,1691900.0
1234,2021-09-30 13:05:47,18700.0,200.0,1691300.0
1235,2021-09-30 13:03:24,18700.0,100.0,1691100.0
1236,2021-09-30 13:03:19,18700.0,300.0,1691000.0
1237,2021-09-30 13:03:15,18700.0,200.0,1690700.0
1238,2021-09-30 13:03:15,18700.0,100.0,1690500.0
1239,2021-09-30 13:03:15,18700.0,1200.0,1690400.0
1240,2021-09-30 13:03:15,18700.0,500.0,1689200.0
1241,2021-09-30 13:03:15,18700.0,500.0,1688700.0
1242,2021-09-30 13:03:15,18700.0,100.0,1688200.0
1243,2021-09-30 13:03:15,18700.0,100.0,1688100.0
1244,2021-09-30 13:03:15,18700.0,300.0,1688000.0
1245,2021-09-30 13:02:54,18700.0,200.0,1687700.0
1246,2021-09-30 13:02:54,18700.0,100.0,1687500.0
1247,2021-09-30 13:02:54,18700.0,500.0,1687400.0
1248,2021-09-30 13:02:54,18700.0,1000.0,1686900.0
1249,2021-09-30 13:02:54,18700.0,1000.0,1685900.0
1250,2021-09-30 13:02:54,18700.0,200.0,1684900.0
1251,2021-09-30 13:02:54,18700.0,500.0,1684700.0
1252,2021-09-30 13:02:54,18700.0,16500.0,1684200.0
1253,2021-09-30 13:00:32,18650.0,700.0,1667700.0
1254,2021-09-30 13:00:32,18650.0,4000.0,1667000.0
1255,2021-09-30 13:00:32,18650.0,300.0,1663000.0
1256,2021-09-30 13:00:32,18650.0,1000.0,1662700.0
1257,2021-09-30 13:00:32,18650.0,3600.0,1661700.0
1258,2021-09-30 13:00:32,18650.0,100.0,1658100.0
1259,2021-09-30 13:00:32,18650.0,100.0,1658000.0
1260,2021-09-30 13:00:32,18650.0,200.0,1657900.0
1261,2021-09-30 13:00:11,18700.0,100.0,1657700.0
1262,2021-09-30 13:00:07,18650.0,300.0,1657600.0
1263,2021-09-30 13:00:07,18650.0,1700.0,1657300.0
1264,2021-09-30 13:00:06,18700.0,300.0,1655600.0
1265,2021-09-30 13:00:05,18650.0,500.0,1655300.0
1266,2021-09-30 13:00:04,18650.0,200.0,1654800.0
1267,2021-09-30 13:00:01,18650.0,500.0,1654600.0
1268,2021-09-30 11:30:00,18650.0,3600.0,1654100.0
1269,2021-09-30 11:29:56,18650.0,1400.0,1650500.0
1270,2021-09-30 11:29:56,18650.0,1500.0,1649100.0
1271,2021-09-30 11:29:39,18650.0,10000.0,1647600.0
1272,2021-09-30 11:29:15,18650.0,7500.0,1637600.0
1273,2021-09-30 11:29:15,18650.0,500.0,1630100.0
1274,2021-09-30 11:29:15,18650.0,200.0,1629600.0
1275,2021-09-30 11:29:15,18650.0,1800.0,1629400.0
1276,2021-09-30 11:29:07,18600.0,200.0,1627600.0
1277,2021-09-30 11:28:45,18600.0,10000.0,1627400.0
1278,2021-09-30 11:28:45,18600.0,3000.0,1617400.0
1279,2021-09-30 11:28:45,18600.0,2000.0,1614400.0
1280,2021-09-30 11:28:38,18650.0,200.0,1612400.0
1281,2021-09-30 11:28:11,18650.0,500.0,1612200.0
1282,2021-09-30 11:28:11,18650.0,2500.0,1611700.0
1283,2021-09-30 11:28:02,18650.0,1000.0,1609200.0
1284,2021-09-30 11:28:01,18650.0,300.0,1608200.0
1285,2021-09-30 11:27:44,18650.0,800.0,1607900.0
1286,2021-09-30 11:27:32,18650.0,300.0,1607100.0
1287,2021-09-30 11:27:30,18650.0,3000.0,1606800.0
1288,2021-09-30 11:27:30,18650.0,2100.0,1603800.0
1289,2021-09-30 11:27:21,18650.0,100.0,1601700.0
1290,2021-09-30 11:27:06,18650.0,100.0,1601600.0
1291,2021-09-30 11:26:55,18650.0,100.0,1601500.0
1292,2021-09-30 11:26:55,18650.0,1000.0,1601400.0
1293,2021-09-30 11:26:55,18650.0,3100.0,1600400.0
1294,2021-09-30 11:26:55,18650.0,100.0,1597300.0
1295,2021-09-30 11:26:55,18650.0,500.0,1597200.0
1296,2021-09-30 11:26:55,18650.0,10000.0,1596700.0
1297,2021-09-30 11:26:55,18650.0,500.0,1586700.0
1298,2021-09-30 11:26:55,18650.0,2400.0,1586200.0
1299,2021-09-30 11:26:36,18700.0,1000.0,1583800.0
1300,2021-09-30 11:26:13,18650.0,100.0,1582800.0
1301,2021-09-30 11:26:13,18650.0,300.0,1582700.0
1302,2021-09-30 11:26:13,18650.0,500.0,1582400.0
1303,2021-09-30 11:26:13,18650.0,100.0,1581900.0
1304,2021-09-30 11:26:13,18650.0,2000.0,1581800.0
1305,2021-09-30 11:26:05,18650.0,400.0,1579800.0
1306,2021-09-30 11:25:55,18650.0,400.0,1579400.0
1307,2021-09-30 11:25:44,18650.0,1000.0,1579000.0
1308,2021-09-30 11:25:27,18650.0,5000.0,1578000.0
1309,2021-09-30 11:24:41,18650.0,1200.0,1573000.0
1310,2021-09-30 11:24:41,18650.0,100.0,1571800.0
1311,2021-09-30 11:24:41,18650.0,200.0,1571700.0
1312,2021-09-30 11:24:03,18650.0,900.0,1571500.0
1313,2021-09-30 11:24:03,18650.0,500.0,1570600.0
1314,2021-09-30 11:24:03,18650.0,300.0,1570100.0
1315,2021-09-30 11:24:03,18650.0,5000.0,1569800.0
1316,2021-09-30 11:24:03,18650.0,3000.0,1564800.0
1317,2021-09-30 11:23:40,18650.0,1000.0,1561800.0
1318,2021-09-30 11:23:40,18650.0,8700.0,1560800.0
1319,2021-09-30 11:23:40,18650.0,300.0,1552100.0
1320,2021-09-30 11:22:50,18600.0,100.0,1551800.0
1321,2021-09-30 11:22:50,18600.0,900.0,1551700.0
1322,2021-09-30 11:22:34,18600.0,300.0,1550800.0
1323,2021-09-30 11:22:05,18650.0,1900.0,1550500.0
1324,2021-09-30 11:21:15,18700.0,2100.0,1548600.0
1325,2021-09-30 11:21:15,18700.0,2800.0,1546500.0
1326,2021-09-30 11:21:15,18650.0,100.0,1543700.0
1327,2021-09-30 11:21:09,18650.0,900.0,1543600.0
1328,2021-09-30 11:21:09,18650.0,9100.0,1542700.0
1329,2021-09-30 11:20:58,18650.0,10900.0,1533600.0
1330,2021-09-30 11:20:56,18650.0,10000.0,1522700.0
1331,2021-09-30 11:20:53,18650.0,1000.0,1512700.0
1332,2021-09-30 11:20:50,18650.0,10000.0,1511700.0
1333,2021-09-30 11:20:49,18650.0,200.0,1501700.0
1334,2021-09-30 11:20:18,18650.0,10000.0,1501500.0
1335,2021-09-30 11:20:18,18650.0,3000.0,1491500.0
1336,2021-09-30 11:20:18,18650.0,4900.0,1488500.0
1337,2021-09-30 11:19:59,18650.0,200.0,1483600.0
1338,2021-09-30 11:19:45,18650.0,300.0,1483400.0
1339,2021-09-30 11:19:45,18650.0,4000.0,1483100.0
1340,2021-09-30 11:19:43,18650.0,900.0,1479100.0
1341,2021-09-30 11:19:36,18650.0,3000.0,1478200.0
1342,2021-09-30 11:19:23,18650.0,200.0,1475200.0
1343,2021-09-30 11:19:00,18650.0,700.0,1475000.0
1344,2021-09-30 11:19:00,18650.0,1000.0,1474300.0
1345,2021-09-30 11:19:00,18650.0,1000.0,1473300.0
1346,2021-09-30 11:19:00,18650.0,900.0,1472300.0
1347,2021-09-30 11:19:00,18650.0,600.0,1471400.0
1348,2021-09-30 11:19:00,18650.0,800.0,1470800.0
1349,2021-09-30 11:19:00,18650.0,16900.0,1470000.0
1350,2021-09-30 11:18:37,18650.0,1000.0,1453100.0
1351,2021-09-30 11:18:27,18600.0,1000.0,1452100.0
1352,2021-09-30 11:18:27,18600.0,1000.0,1451100.0
1353,2021-09-30 11:18:27,18600.0,1500.0,1450100.0
1354,2021-09-30 11:18:27,18600.0,500.0,1448600.0
1355,2021-09-30 11:18:27,18600.0,1000.0,1448100.0
1356,2021-09-30 11:18:27,18600.0,2000.0,1447100.0
1357,2021-09-30 11:18:27,18600.0,900.0,1445100.0
1358,2021-09-30 11:18:27,18600.0,900.0,1444200.0
1359,2021-09-30 11:17:32,18600.0,200.0,1443300.0
1360,2021-09-30 11:17:31,18600.0,1000.0,1443100.0
1361,2021-09-30 11:17:24,18600.0,200.0,1442100.0
1362,2021-09-30 11:17:12,18600.0,100.0,1441900.0
1363,2021-09-30 11:16:59,18600.0,500.0,1441800.0
1364,2021-09-30 11:16:44,18600.0,100.0,1441300.0
1365,2021-09-30 11:16:44,18600.0,2000.0,1441200.0
1366,2021-09-30 11:16:27,18600.0,100.0,1439200.0
1367,2021-09-30 11:16:00,18650.0,1000.0,1439100.0
1368,2021-09-30 11:15:09,18550.0,100.0,1438100.0
1369,2021-09-30 11:15:09,18550.0,700.0,1438000.0
1370,2021-09-30 11:14:47,18550.0,1300.0,1437300.0
1371,2021-09-30 11:14:47,18600.0,6700.0,1436000.0
1372,2021-09-30 11:14:37,18600.0,300.0,1429300.0
1373,2021-09-30 11:14:37,18600.0,100.0,1429000.0
1374,2021-09-30 11:14:37,18600.0,32900.0,1428900.0
1375,2021-09-30 11:14:34,18600.0,500.0,1396000.0
1376,2021-09-30 11:14:08,18550.0,2000.0,1395500.0
1377,2021-09-30 11:14:08,18550.0,300.0,1393500.0
1378,2021-09-30 11:13:53,18600.0,100.0,1393200.0
1379,2021-09-30 11:13:36,18550.0,700.0,1393100.0
1380,2021-09-30 11:13:32,18550.0,100.0,1392400.0
1381,2021-09-30 11:13:16,18550.0,500.0,1392300.0
1382,2021-09-30 11:12:59,18500.0,200.0,1391800.0
1383,2021-09-30 11:12:59,18500.0,3300.0,1391600.0
1384,2021-09-30 11:12:39,18500.0,1700.0,1388300.0
1385,2021-09-30 11:12:39,18550.0,400.0,1386600.0
1386,2021-09-30 11:12:39,18550.0,500.0,1386200.0
1387,2021-09-30 11:12:39,18550.0,100.0,1385700.0
1388,2021-09-30 11:12:39,18550.0,300.0,1385600.0
1389,2021-09-30 11:12:38,18550.0,700.0,1385300.0
1390,2021-09-30 11:12:38,18550.0,500.0,1384600.0
1391,2021-09-30 11:12:38,18550.0,10000.0,1384100.0
1392,2021-09-30 11:12:38,18550.0,1800.0,1374100.0
1393,2021-09-30 11:12:38,18550.0,700.0,1372300.0
1394,2021-09-30 11:12:22,18550.0,1500.0,1371600.0
1395,2021-09-30 11:12:00,18550.0,5000.0,1370100.0
1396,2021-09-30 11:11:19,18550.0,6000.0,1365100.0
1397,2021-09-30 11:11:07,18550.0,500.0,1359100.0
1398,2021-09-30 11:11:05,18550.0,100.0,1358600.0
1399,2021-09-30 11:11:05,18550.0,100.0,1358500.0
1400,2021-09-30 11:11:05,18550.0,200.0,1358400.0
1401,2021-09-30 11:11:05,18550.0,500.0,1358200.0
1402,2021-09-30 11:11:05,18550.0,1500.0,1357700.0
1403,2021-09-30 11:11:05,18550.0,100.0,1356200.0
1404,2021-09-30 11:11:03,18550.0,500.0,1356100.0
1405,2021-09-30 11:11:03,18550.0,1000.0,1355600.0
1406,2021-09-30 11:11:03,18550.0,1000.0,1354600.0
1407,2021-09-30 11:11:03,18550.0,500.0,1353600.0
1408,2021-09-30 11:11:03,18550.0,100.0,1353100.0
1409,2021-09-30 11:11:00,18550.0,4900.0,1353000.0
1410,2021-09-30 11:11:00,18550.0,800.0,1348100.0
1411,2021-09-30 11:11:00,18550.0,2000.0,1347300.0
1412,2021-09-30 11:11:00,18550.0,3000.0,1345300.0
1413,2021-09-30 11:11:00,18550.0,2000.0,1342300.0
1414,2021-09-30 11:11:00,18550.0,3000.0,1340300.0
1415,2021-09-30 11:11:00,18550.0,3300.0,1337300.0
1416,2021-09-30 11:11:00,18600.0,24500.0,1334000.0
1417,2021-09-30 11:10:17,18550.0,1000.0,1309500.0
1418,2021-09-30 11:09:40,18550.0,5000.0,1308500.0
1419,2021-09-30 11:09:29,18550.0,1000.0,1303500.0
1420,2021-09-30 11:09:19,18550.0,2000.0,1302500.0
1421,2021-09-30 11:09:05,18550.0,200.0,1300500.0
1422,2021-09-30 11:08:27,18550.0,700.0,1300300.0
1423,2021-09-30 11:08:27,18550.0,1900.0,1299600.0
1424,2021-09-30 11:08:18,18550.0,8100.0,1297700.0
1425,2021-09-30 11:08:18,18550.0,500.0,1289600.0
1426,2021-09-30 11:08:18,18550.0,100.0,1289100.0
1427,2021-09-30 11:08:18,18550.0,500.0,1289000.0
1428,2021-09-30 11:08:18,18550.0,200.0,1288500.0
1429,2021-09-30 11:08:18,18550.0,1000.0,1288300.0
1430,2021-09-30 11:08:18,18550.0,1000.0,1287300.0
1431,2021-09-30 11:08:18,18550.0,900.0,1286300.0
1432,2021-09-30 11:08:18,18550.0,200.0,1285400.0
1433,2021-09-30 11:08:18,18550.0,200.0,1285200.0
1434,2021-09-30 11:08:18,18550.0,1000.0,1285000.0
1435,2021-09-30 11:08:18,18550.0,700.0,1284000.0
1436,2021-09-30 11:08:18,18550.0,2000.0,1283300.0
1437,2021-09-30 11:08:18,18550.0,200.0,1281300.0
1438,2021-09-30 11:08:18,18550.0,14000.0,1281100.0
1439,2021-09-30 11:08:12,18550.0,1000.0,1267100.0
1440,2021-09-30 11:08:12,18550.0,2000.0,1266100.0
1441,2021-09-30 11:07:28,18600.0,500.0,1264100.0
1442,2021-09-30 11:07:20,18600.0,200.0,1263600.0
1443,2021-09-30 11:07:20,18600.0,500.0,1263400.0
1444,2021-09-30 11:07:20,18600.0,300.0,1262900.0
1445,2021-09-30 11:07:05,18600.0,1000.0,1262600.0
1446,2021-09-30 11:07:04,18600.0,100.0,1261600.0
1447,2021-09-30 11:07:04,18600.0,100.0,1261500.0
1448,2021-09-30 11:07:04,18600.0,200.0,1261400.0
1449,2021-09-30 11:07:02,18600.0,200.0,1261200.0
1450,2021-09-30 11:06:37,18600.0,500.0,1261000.0
1451,2021-09-30 11:06:35,18600.0,1100.0,1260500.0
1452,2021-09-30 11:06:35,18600.0,1000.0,1259400.0
1453,2021-09-30 11:06:35,18600.0,600.0,1258400.0
1454,2021-09-30 11:06:25,18600.0,100.0,1257800.0
1455,2021-09-30 11:06:03,18600.0,600.0,1257700.0
1456,2021-09-30 11:05:57,18600.0,2000.0,1257100.0
1457,2021-09-30 11:05:09,18600.0,1500.0,1255100.0
1458,2021-09-30 11:05:09,18600.0,500.0,1253600.0
1459,2021-09-30 11:05:09,18600.0,400.0,1253100.0
1460,2021-09-30 11:05:09,18600.0,100.0,1252700.0
1461,2021-09-30 11:05:09,18600.0,1000.0,1252600.0
1462,2021-09-30 11:05:09,18600.0,700.0,1251600.0
1463,2021-09-30 11:05:09,18600.0,2500.0,1250900.0
1464,2021-09-30 11:05:05,18600.0,900.0,1248400.0
1465,2021-09-30 11:05:05,18600.0,1200.0,1247500.0
1466,2021-09-30 11:04:43,18600.0,200.0,1246300.0
1467,2021-09-30 11:04:39,18600.0,500.0,1246100.0
1468,2021-09-30 11:04:21,18600.0,6700.0,1245600.0
1469,2021-09-30 11:04:04,18600.0,700.0,1238900.0
1470,2021-09-30 11:04:04,18600.0,800.0,1238200.0
1471,2021-09-30 11:04:04,18600.0,3500.0,1237400.0
1472,2021-09-30 11:03:49,18600.0,200.0,1233900.0
1473,2021-09-30 11:03:49,18600.0,5000.0,1233700.0
1474,2021-09-30 11:03:49,18600.0,100.0,1228700.0
1475,2021-09-30 11:03:49,18600.0,100.0,1228600.0
1476,2021-09-30 11:03:49,18600.0,400.0,1228500.0
1477,2021-09-30 11:03:49,18600.0,500.0,1228100.0
1478,2021-09-30 11:03:49,18600.0,2000.0,1227600.0
1479,2021-09-30 11:03:49,18600.0,100.0,1225600.0
1480,2021-09-30 11:03:49,18600.0,1000.0,1225500.0
1481,2021-09-30 11:03:49,18600.0,500.0,1224500.0
1482,2021-09-30 11:03:49,18600.0,5000.0,1224000.0
1483,2021-09-30 11:03:49,18600.0,600.0,1219000.0
1484,2021-09-30 11:02:38,18650.0,500.0,1218400.0
1485,2021-09-30 11:02:38,18600.0,400.0,1217900.0
1486,2021-09-30 11:02:38,18600.0,100.0,1217500.0
1487,2021-09-30 11:02:38,18600.0,1000.0,1217400.0
1488,2021-09-30 11:02:38,18600.0,700.0,1216400.0
1489,2021-09-30 11:02:12,18600.0,6100.0,1215700.0
1490,2021-09-30 11:02:12,18600.0,300.0,1209600.0
1491,2021-09-30 11:02:12,18600.0,300.0,1209300.0
1492,2021-09-30 11:02:12,18600.0,1000.0,1209000.0
1493,2021-09-30 11:02:12,18600.0,300.0,1208000.0
1494,2021-09-30 11:02:12,18600.0,300.0,1207700.0
1495,2021-09-30 11:02:12,18600.0,100.0,1207400.0
1496,2021-09-30 11:02:12,18600.0,1000.0,1207300.0
1497,2021-09-30 11:02:12,18600.0,100.0,1206300.0
1498,2021-09-30 11:02:12,18600.0,600.0,1206200.0
1499,2021-09-30 11:02:12,18600.0,200.0,1205600.0
1500,2021-09-30 11:02:12,18600.0,100.0,1205400.0
1501,2021-09-30 11:02:12,18600.0,100.0,1205300.0
1502,2021-09-30 11:02:12,18600.0,100.0,1205200.0
1503,2021-09-30 11:02:12,18600.0,1000.0,1205100.0
1504,2021-09-30 11:02:12,18600.0,200.0,1204100.0
1505,2021-09-30 11:02:12,18600.0,100.0,1203900.0
1506,2021-09-30 11:02:12,18600.0,100.0,1203800.0
1507,2021-09-30 11:02:12,18600.0,200.0,1203700.0
1508,2021-09-30 11:02:12,18600.0,200.0,1203500.0
1509,2021-09-30 11:02:12,18600.0,1000.0,1203300.0
1510,2021-09-30 11:02:12,18600.0,500.0,1202300.0
1511,2021-09-30 11:02:12,18600.0,100.0,1201800.0
1512,2021-09-30 11:02:12,18600.0,200.0,1201700.0
1513,2021-09-30 11:02:12,18600.0,1000.0,1201500.0
1514,2021-09-30 11:02:12,18600.0,100.0,1200500.0
1515,2021-09-30 11:02:12,18600.0,200.0,1200400.0
1516,2021-09-30 11:02:12,18600.0,2000.0,1200200.0
1517,2021-09-30 11:02:12,18600.0,1000.0,1198200.0
1518,2021-09-30 11:02:12,18600.0,500.0,1197200.0
1519,2021-09-30 11:02:12,18600.0,1000.0,1196700.0
1520,2021-09-30 11:02:12,18600.0,100.0,1195700.0
1521,2021-09-30 11:02:12,18600.0,1300.0,1195600.0
1522,2021-09-30 11:02:12,18600.0,200.0,1194300.0
1523,2021-09-30 11:02:12,18600.0,500.0,1194100.0
1524,2021-09-30 11:02:12,18600.0,500.0,1193600.0
1525,2021-09-30 11:02:12,18600.0,100.0,1193100.0
1526,2021-09-30 11:02:12,18600.0,200.0,1193000.0
1527,2021-09-30 11:02:12,18600.0,700.0,1192800.0
1528,2021-09-30 11:02:12,18600.0,100.0,1192100.0
1529,2021-09-30 11:02:12,18600.0,200.0,1192000.0
1530,2021-09-30 11:02:12,18600.0,200.0,1191800.0
1531,2021-09-30 11:02:12,18600.0,2000.0,1191600.0
1532,2021-09-30 11:02:12,18600.0,200.0,1189600.0
1533,2021-09-30 11:02:12,18600.0,100.0,1189400.0
1534,2021-09-30 11:02:12,18600.0,100.0,1189300.0
1535,2021-09-30 11:02:12,18600.0,2000.0,1189200.0
1536,2021-09-30 11:02:12,18600.0,100.0,1187200.0
1537,2021-09-30 11:02:12,18600.0,100.0,1187100.0
1538,2021-09-30 11:02:12,18600.0,1000.0,1187000.0
1539,2021-09-30 11:02:12,18600.0,1000.0,1186000.0
1540,2021-09-30 11:02:12,18600.0,500.0,1185000.0
1541,2021-09-30 11:02:12,18600.0,100.0,1184500.0
1542,2021-09-30 11:02:12,18600.0,400.0,1184400.0
1543,2021-09-30 11:02:12,18600.0,500.0,1184000.0
1544,2021-09-30 11:02:12,18600.0,100.0,1183500.0
1545,2021-09-30 11:02:12,18600.0,3000.0,1183400.0
1546,2021-09-30 11:02:12,18600.0,200.0,1180400.0
1547,2021-09-30 11:02:12,18600.0,100.0,1180200.0
1548,2021-09-30 11:02:12,18600.0,100.0,1180100.0
1549,2021-09-30 11:02:12,18600.0,100.0,1180000.0
1550,2021-09-30 11:02:12,18600.0,200.0,1179900.0
1551,2021-09-30 11:02:12,18600.0,300.0,1179700.0
1552,2021-09-30 11:02:12,18600.0,500.0,1179400.0
1553,2021-09-30 11:02:12,18600.0,100.0,1178900.0
1554,2021-09-30 11:02:12,18600.0,5000.0,1178800.0
1555,2021-09-30 11:02:12,18600.0,100.0,1173800.0
1556,2021-09-30 11:02:12,18600.0,200.0,1173700.0
1557,2021-09-30 11:02:12,18600.0,300.0,1173500.0
1558,2021-09-30 11:02:12,18600.0,1000.0,1173200.0
1559,2021-09-30 11:02:12,18600.0,500.0,1172200.0
1560,2021-09-30 11:02:12,18600.0,1000.0,1171700.0
1561,2021-09-30 11:02:12,18600.0,500.0,1170700.0
1562,2021-09-30 11:02:12,18600.0,1000.0,1170200.0
1563,2021-09-30 11:02:12,18600.0,200.0,1169200.0
1564,2021-09-30 11:02:12,18600.0,100.0,1169000.0
1565,2021-09-30 11:02:12,18600.0,100.0,1168900.0
1566,2021-09-30 11:02:12,18600.0,200.0,1168800.0
1567,2021-09-30 11:02:12,18600.0,500.0,1168600.0
1568,2021-09-30 11:02:12,18600.0,100.0,1168100.0
1569,2021-09-30 11:02:12,18600.0,200.0,1168000.0
1570,2021-09-30 11:02:12,18600.0,2000.0,1167800.0
1571,2021-09-30 11:02:12,18600.0,100.0,1165800.0
1572,2021-09-30 11:01:41,18650.0,600.0,1165700.0
1573,2021-09-30 11:01:41,18650.0,400.0,1165100.0
1574,2021-09-30 11:00:38,18650.0,100.0,1164700.0
1575,2021-09-30 11:00:38,18650.0,200.0,1164600.0
1576,2021-09-30 10:59:58,18650.0,1000.0,1164400.0
1577,2021-09-30 10:59:48,18650.0,1000.0,1163400.0
1578,2021-09-30 10:59:48,18600.0,900.0,1162400.0
1579,2021-09-30 10:59:48,18600.0,100.0,1161500.0
1580,2021-09-30 10:59:44,18650.0,1000.0,1161400.0
1581,2021-09-30 10:59:26,18650.0,1000.0,1160400.0
1582,2021-09-30 10:59:26,18650.0,500.0,1159400.0
1583,2021-09-30 10:59:26,18650.0,5000.0,1158900.0
1584,2021-09-30 10:59:26,18650.0,3000.0,1153900.0
1585,2021-09-30 10:59:26,18650.0,500.0,1150900.0
1586,2021-09-30 10:59:26,18650.0,3500.0,1150400.0
1587,2021-09-30 10:59:26,18650.0,1000.0,1146900.0
1588,2021-09-30 10:59:26,18650.0,1300.0,1145900.0
1589,2021-09-30 10:59:26,18650.0,2000.0,1144600.0
1590,2021-09-30 10:59:26,18650.0,500.0,1142600.0
1591,2021-09-30 10:59:26,18650.0,1000.0,1142100.0
1592,2021-09-30 10:59:26,18650.0,100.0,1141100.0
1593,2021-09-30 10:59:26,18650.0,1000.0,1141000.0
1594,2021-09-30 10:59:26,18650.0,600.0,1140000.0
1595,2021-09-30 10:59:26,18650.0,4000.0,1139400.0
1596,2021-09-30 10:59:26,18650.0,500.0,1135400.0
1597,2021-09-30 10:59:26,18650.0,1000.0,1134900.0
1598,2021-09-30 10:59:26,18650.0,300.0,1133900.0
1599,2021-09-30 10:59:26,18650.0,900.0,1133600.0
1600,2021-09-30 10:59:06,18650.0,100.0,1132700.0
1601,2021-09-30 10:59:06,18650.0,400.0,1132600.0
1602,2021-09-30 10:58:48,18700.0,100.0,1132200.0
1603,2021-09-30 10:58:20,18650.0,600.0,1132100.0
1604,2021-09-30 10:58:20,18650.0,800.0,1131500.0
1605,2021-09-30 10:58:20,18650.0,600.0,1130700.0
1606,2021-09-30 10:58:19,18700.0,1000.0,1130100.0
1607,2021-09-30 10:57:57,18650.0,500.0,1129100.0
1608,2021-09-30 10:57:50,18650.0,900.0,1128600.0
1609,2021-09-30 10:57:50,18650.0,100.0,1127700.0
1610,2021-09-30 10:57:22,18650.0,900.0,1127600.0
1611,2021-09-30 10:57:22,18650.0,100.0,1126700.0
1612,2021-09-30 10:57:14,18650.0,100.0,1126600.0
1613,2021-09-30 10:57:14,18650.0,100.0,1126500.0
1614,2021-09-30 10:57:14,18650.0,200.0,1126400.0
1615,2021-09-30 10:57:14,18650.0,600.0,1126200.0
1616,2021-09-30 10:56:51,18700.0,1100.0,1125600.0
1617,2021-09-30 10:56:51,18700.0,500.0,1124500.0
1618,2021-09-30 10:56:51,18700.0,100.0,1124000.0
1619,2021-09-30 10:56:51,18700.0,300.0,1123900.0
1620,2021-09-30 10:55:46,18700.0,700.0,1123600.0
1621,2021-09-30 10:55:46,18700.0,300.0,1122900.0
1622,2021-09-30 10:55:36,18700.0,1000.0,1122600.0
1623,2021-09-30 10:55:23,18700.0,2000.0,1121600.0
1624,2021-09-30 10:54:59,18700.0,1000.0,1119600.0
1625,2021-09-30 10:54:57,18700.0,2600.0,1118600.0
1626,2021-09-30 10:54:57,18700.0,2400.0,1116000.0
1627,2021-09-30 10:54:54,18700.0,3000.0,1113600.0
1628,2021-09-30 10:54:50,18700.0,200.0,1110600.0
1629,2021-09-30 10:54:43,18700.0,200.0,1110400.0
1630,2021-09-30 10:54:40,18650.0,400.0,1110200.0
1631,2021-09-30 10:54:40,18650.0,500.0,1109800.0
1632,2021-09-30 10:54:40,18650.0,300.0,1109300.0
1633,2021-09-30 10:53:57,18650.0,500.0,1109000.0
1634,2021-09-30 10:53:43,18650.0,200.0,1108500.0
1635,2021-09-30 10:53:43,18650.0,100.0,1108300.0
1636,2021-09-30 10:53:19,18650.0,400.0,1108200.0
1637,2021-09-30 10:52:51,18650.0,500.0,1107800.0
1638,2021-09-30 10:51:44,18650.0,900.0,1107300.0
1639,2021-09-30 10:50:19,18650.0,100.0,1106400.0
1640,2021-09-30 10:50:19,18650.0,200.0,1106300.0
1641,2021-09-30 10:49:19,18650.0,1900.0,1106100.0
1642,2021-09-30 10:49:09,18700.0,200.0,1104200.0
1643,2021-09-30 10:48:52,18650.0,900.0,1104000.0
1644,2021-09-30 10:48:52,18650.0,100.0,1103100.0
1645,2021-09-30 10:48:29,18700.0,200.0,1103000.0
1646,2021-09-30 10:48:06,18700.0,200.0,1102800.0
1647,2021-09-30 10:47:37,18700.0,300.0,1102600.0
1648,2021-09-30 10:46:58,18700.0,300.0,1102300.0
1649,2021-09-30 10:46:58,18700.0,700.0,1102000.0
1650,2021-09-30 10:46:57,18650.0,1000.0,1101300.0
1651,2021-09-30 10:46:57,18650.0,1000.0,1100300.0
1652,2021-09-30 10:46:57,18650.0,1500.0,1099300.0
1653,2021-09-30 10:46:57,18650.0,100.0,1097800.0
1654,2021-09-30 10:46:57,18650.0,1000.0,1097700.0
1655,2021-09-30 10:46:57,18650.0,3000.0,1096700.0
1656,2021-09-30 10:46:57,18650.0,200.0,1093700.0
1657,2021-09-30 10:46:57,18650.0,10000.0,1093500.0
1658,2021-09-30 10:46:57,18650.0,300.0,1083500.0
1659,2021-09-30 10:46:57,18650.0,200.0,1083200.0
1660,2021-09-30 10:46:57,18650.0,1100.0,1083000.0
1661,2021-09-30 10:46:57,18650.0,2000.0,1081900.0
1662,2021-09-30 10:46:57,18650.0,400.0,1079900.0
1663,2021-09-30 10:46:57,18650.0,500.0,1079500.0
1664,2021-09-30 10:46:57,18650.0,100.0,1079000.0
1665,2021-09-30 10:46:57,18650.0,100.0,1078900.0
1666,2021-09-30 10:46:57,18650.0,200.0,1078800.0
1667,2021-09-30 10:46:57,18650.0,900.0,1078600.0
1668,2021-09-30 10:46:57,18650.0,300.0,1077700.0
1669,2021-09-30 10:46:57,18650.0,200.0,1077400.0
1670,2021-09-30 10:46:57,18650.0,3300.0,1077200.0
1671,2021-09-30 10:46:57,18650.0,1500.0,1073900.0
1672,2021-09-30 10:46:57,18650.0,100.0,1072400.0
1673,2021-09-30 10:46:57,18650.0,1800.0,1072300.0
1674,2021-09-30 10:45:30,18700.0,1000.0,1070500.0
1675,2021-09-30 10:45:19,18700.0,1000.0,1069500.0
1676,2021-09-30 10:45:11,18650.0,500.0,1068500.0
1677,2021-09-30 10:45:07,18650.0,100.0,1068000.0
1678,2021-09-30 10:44:46,18650.0,1000.0,1067900.0
1679,2021-09-30 10:43:54,18650.0,500.0,1066900.0
1680,2021-09-30 10:43:53,18650.0,1800.0,1066400.0
1681,2021-09-30 10:43:28,18650.0,100.0,1064600.0
1682,2021-09-30 10:43:28,18650.0,100.0,1064500.0
1683,2021-09-30 10:43:28,18650.0,200.0,1064400.0
1684,2021-09-30 10:43:28,18650.0,500.0,1064200.0
1685,2021-09-30 10:43:28,18650.0,200.0,1063700.0
1686,2021-09-30 10:43:28,18650.0,100.0,1063500.0
1687,2021-09-30 10:43:28,18650.0,1000.0,1063400.0
1688,2021-09-30 10:43:28,18650.0,800.0,1062400.0
1689,2021-09-30 10:41:42,18650.0,200.0,1061600.0
1690,2021-09-30 10:41:42,18650.0,1800.0,1061400.0
1691,2021-09-30 10:41:04,18700.0,500.0,1059600.0
1692,2021-09-30 10:41:01,18700.0,1000.0,1059100.0
1693,2021-09-30 10:41:01,18700.0,1000.0,1058100.0
1694,2021-09-30 10:41:01,18700.0,1700.0,1057100.0
1695,2021-09-30 10:40:55,18700.0,1300.0,1055400.0
1696,2021-09-30 10:40:55,18700.0,800.0,1054100.0
1697,2021-09-30 10:40:53,18700.0,200.0,1053300.0
1698,2021-09-30 10:40:53,18700.0,100.0,1053100.0
1699,2021-09-30 10:40:53,18700.0,700.0,1053000.0
1700,2021-09-30 10:40:50,18700.0,200.0,1052300.0
1701,2021-09-30 10:40:40,18700.0,100.0,1052100.0
1702,2021-09-30 10:40:36,18700.0,300.0,1052000.0
1703,2021-09-30 10:40:31,18700.0,2500.0,1051700.0
1704,2021-09-30 10:40:18,18700.0,1000.0,1049200.0
1705,2021-09-30 10:39:54,18700.0,300.0,1048200.0
1706,2021-09-30 10:39:44,18700.0,3000.0,1047900.0
1707,2021-09-30 10:39:44,18700.0,200.0,1044900.0
1708,2021-09-30 10:39:44,18700.0,1000.0,1044700.0
1709,2021-09-30 10:39:44,18700.0,700.0,1043700.0
1710,2021-09-30 10:39:35,18700.0,200.0,1043000.0
1711,2021-09-30 10:39:32,18700.0,1000.0,1042800.0
1712,2021-09-30 10:39:18,18700.0,3100.0,1041800.0
1713,2021-09-30 10:39:18,18700.0,300.0,1038700.0
1714,2021-09-30 10:39:18,18700.0,100.0,1038400.0
1715,2021-09-30 10:39:14,18700.0,2400.0,1038300.0
1716,2021-09-30 10:39:14,18700.0,200.0,1035900.0
1717,2021-09-30 10:38:58,18700.0,100.0,1035700.0
1718,2021-09-30 10:38:35,18700.0,300.0,1035600.0
1719,2021-09-30 10:38:35,18700.0,2400.0,1035300.0
1720,2021-09-30 10:38:33,18700.0,2600.0,1032900.0
1721,2021-09-30 10:38:33,18700.0,100.0,1030300.0
1722,2021-09-30 10:38:33,18700.0,100.0,1030200.0
1723,2021-09-30 10:38:33,18700.0,100.0,1030100.0
1724,2021-09-30 10:38:33,18700.0,300.0,1030000.0
1725,2021-09-30 10:38:33,18700.0,1500.0,1029700.0
1726,2021-09-30 10:37:38,18700.0,300.0,1028200.0
1727,2021-09-30 10:37:04,18700.0,100.0,1027900.0
1728,2021-09-30 10:37:03,18750.0,100.0,1027800.0
1729,2021-09-30 10:36:14,18750.0,100.0,1027700.0
1730,2021-09-30 10:35:35,18700.0,300.0,1027600.0
1731,2021-09-30 10:35:35,18700.0,2800.0,1027300.0
1732,2021-09-30 10:35:24,18700.0,2200.0,1024500.0
1733,2021-09-30 10:35:24,18700.0,100.0,1022300.0
1734,2021-09-30 10:35:24,18700.0,2700.0,1022200.0
1735,2021-09-30 10:35:07,18650.0,200.0,1019500.0
1736,2021-09-30 10:35:07,18650.0,800.0,1019300.0
1737,2021-09-30 10:34:35,18700.0,500.0,1018500.0
1738,2021-09-30 10:34:32,18700.0,200.0,1018000.0
1739,2021-09-30 10:34:06,18700.0,2600.0,1017800.0
1740,2021-09-30 10:34:06,18700.0,200.0,1015200.0
1741,2021-09-30 10:34:06,18700.0,1000.0,1015000.0
1742,2021-09-30 10:34:06,18700.0,100.0,1014000.0
1743,2021-09-30 10:34:06,18700.0,1000.0,1013900.0
1744,2021-09-30 10:34:06,18700.0,100.0,1012900.0
1745,2021-09-30 10:33:34,18700.0,100.0,1012800.0
1746,2021-09-30 10:33:34,18700.0,400.0,1012700.0
1747,2021-09-30 10:33:18,18700.0,3100.0,1012300.0
1748,2021-09-30 10:33:18,18700.0,300.0,1009200.0
1749,2021-09-30 10:33:18,18700.0,1600.0,1008900.0
1750,2021-09-30 10:32:47,18700.0,900.0,1007300.0
1751,2021-09-30 10:32:47,18700.0,100.0,1006400.0
1752,2021-09-30 10:32:47,18700.0,100.0,1006300.0
1753,2021-09-30 10:32:37,18700.0,200.0,1006200.0
1754,2021-09-30 10:32:37,18700.0,200.0,1006000.0
1755,2021-09-30 10:32:20,18700.0,100.0,1005800.0
1756,2021-09-30 10:31:34,18700.0,200.0,1005700.0
1757,2021-09-30 10:31:34,18700.0,100.0,1005500.0
1758,2021-09-30 10:30:18,18700.0,1000.0,1005400.0
1759,2021-09-30 10:30:18,18700.0,500.0,1004400.0
1760,2021-09-30 10:29:44,18700.0,1000.0,1003900.0
1761,2021-09-30 10:29:33,18700.0,400.0,1002900.0
1762,2021-09-30 10:29:33,18700.0,100.0,1002500.0
1763,2021-09-30 10:29:20,18700.0,200.0,1002400.0
1764,2021-09-30 10:28:55,18650.0,100.0,1002200.0
1765,2021-09-30 10:28:49,18700.0,100.0,1002100.0
1766,2021-09-30 10:28:41,18650.0,100.0,1002000.0
1767,2021-09-30 10:28:39,18700.0,500.0,1001900.0
1768,2021-09-30 10:28:39,18700.0,500.0,1001400.0
1769,2021-09-30 10:28:34,18700.0,200.0,1000900.0
1770,2021-09-30 10:28:10,18700.0,100.0,1000700.0
1771,2021-09-30 10:28:04,18700.0,100.0,1000600.0
1772,2021-09-30 10:27:18,18700.0,200.0,1000500.0
1773,2021-09-30 10:26:46,18650.0,200.0,1000300.0
1774,2021-09-30 10:26:42,18650.0,1000.0,1000100.0
1775,2021-09-30 10:26:35,18650.0,300.0,999100.0
1776,2021-09-30 10:26:06,18650.0,1000.0,998800.0
1777,2021-09-30 10:26:06,18650.0,100.0,997800.0
1778,2021-09-30 10:26:06,18650.0,400.0,997700.0
1779,2021-09-30 10:26:06,18650.0,500.0,997300.0
1780,2021-09-30 10:26:06,18650.0,500.0,996800.0
1781,2021-09-30 10:26:06,18650.0,300.0,996300.0
1782,2021-09-30 10:26:04,18650.0,700.0,996000.0
1783,2021-09-30 10:26:04,18650.0,500.0,995300.0
1784,2021-09-30 10:26:04,18650.0,100.0,994800.0
1785,2021-09-30 10:26:04,18650.0,200.0,994700.0
1786,2021-09-30 10:25:58,18650.0,500.0,994500.0
1787,2021-09-30 10:25:56,18700.0,100.0,994000.0
1788,2021-09-30 10:25:24,18650.0,2000.0,993900.0
1789,2021-09-30 10:25:22,18700.0,1000.0,991900.0
1790,2021-09-30 10:25:22,18650.0,5000.0,990900.0
1791,2021-09-30 10:24:30,18650.0,1500.0,985900.0
1792,2021-09-30 10:24:30,18650.0,2000.0,984400.0
1793,2021-09-30 10:24:30,18650.0,6000.0,982400.0
1794,2021-09-30 10:24:30,18650.0,800.0,976400.0
1795,2021-09-30 10:24:27,18650.0,1000.0,975600.0
1796,2021-09-30 10:24:19,18650.0,100.0,974600.0
1797,2021-09-30 10:24:03,18650.0,100.0,974500.0
1798,2021-09-30 10:24:00,18650.0,300.0,974400.0
1799,2021-09-30 10:23:52,18650.0,200.0,974100.0
1800,2021-09-30 10:23:52,18650.0,300.0,973900.0
1801,2021-09-30 10:23:43,18650.0,700.0,973600.0
1802,2021-09-30 10:23:36,18600.0,400.0,972900.0
1803,2021-09-30 10:23:36,18600.0,200.0,972500.0
1804,2021-09-30 10:23:24,18600.0,300.0,972300.0
1805,2021-09-30 10:23:24,18600.0,500.0,972000.0
1806,2021-09-30 10:23:24,18600.0,500.0,971500.0
1807,2021-09-30 10:23:24,18600.0,1000.0,971000.0
1808,2021-09-30 10:23:24,18600.0,100.0,970000.0
1809,2021-09-30 10:23:24,18600.0,500.0,969900.0
1810,2021-09-30 10:23:24,18600.0,100.0,969400.0
1811,2021-09-30 10:23:24,18650.0,3000.0,969300.0
1812,2021-09-30 10:23:14,18600.0,200.0,966300.0
1813,2021-09-30 10:23:14,18600.0,500.0,966100.0
1814,2021-09-30 10:23:14,18600.0,100.0,965600.0
1815,2021-09-30 10:23:14,18600.0,500.0,965500.0
1816,2021-09-30 10:23:14,18600.0,100.0,965000.0
1817,2021-09-30 10:23:14,18650.0,100.0,964900.0
1818,2021-09-30 10:23:14,18650.0,500.0,964800.0
1819,2021-09-30 10:23:14,18650.0,1500.0,964300.0
1820,2021-09-30 10:23:14,18650.0,100.0,962800.0
1821,2021-09-30 10:23:14,18650.0,500.0,962700.0
1822,2021-09-30 10:23:14,18650.0,100.0,962200.0
1823,2021-09-30 10:23:14,18650.0,100.0,962100.0
1824,2021-09-30 10:23:14,18650.0,200.0,962000.0
1825,2021-09-30 10:23:14,18650.0,3600.0,961800.0
1826,2021-09-30 10:23:14,18650.0,100.0,958200.0
1827,2021-09-30 10:23:14,18650.0,100.0,958100.0
1828,2021-09-30 10:23:14,18650.0,100.0,958000.0
1829,2021-09-30 10:23:14,18650.0,100.0,957900.0
1830,2021-09-30 10:23:14,18650.0,600.0,957800.0
1831,2021-09-30 10:23:14,18650.0,300.0,957200.0
1832,2021-09-30 10:23:14,18650.0,200.0,956900.0
1833,2021-09-30 10:23:14,18650.0,3000.0,956700.0
1834,2021-09-30 10:23:14,18650.0,700.0,953700.0
1835,2021-09-30 10:23:14,18650.0,1400.0,953000.0
1836,2021-09-30 10:23:14,18650.0,100.0,951600.0
1837,2021-09-30 10:23:14,18650.0,100.0,951500.0
1838,2021-09-30 10:23:14,18650.0,100.0,951400.0
1839,2021-09-30 10:23:14,18650.0,800.0,951300.0
1840,2021-09-30 10:23:14,18650.0,300.0,950500.0
1841,2021-09-30 10:23:14,18650.0,100.0,950200.0
1842,2021-09-30 10:23:14,18650.0,200.0,950100.0
1843,2021-09-30 10:23:14,18650.0,500.0,949900.0
1844,2021-09-30 10:23:14,18650.0,100.0,949400.0
1845,2021-09-30 10:23:14,18650.0,600.0,949300.0
1846,2021-09-30 10:23:03,18700.0,400.0,948700.0
1847,2021-09-30 10:23:02,18650.0,700.0,948300.0
1848,2021-09-30 10:22:49,18650.0,1700.0,947600.0
1849,2021-09-30 10:22:49,18650.0,100.0,945900.0
1850,2021-09-30 10:22:49,18650.0,500.0,945800.0
1851,2021-09-30 10:22:49,18650.0,1000.0,945300.0
1852,2021-09-30 10:22:49,18650.0,1700.0,944300.0
1853,2021-09-30 10:22:38,18650.0,1600.0,942600.0
1854,2021-09-30 10:21:58,18700.0,100.0,941000.0
1855,2021-09-30 10:21:58,18700.0,1000.0,940900.0
1856,2021-09-30 10:21:58,18700.0,200.0,939900.0
1857,2021-09-30 10:21:58,18700.0,3500.0,939700.0
1858,2021-09-30 10:21:51,18700.0,1500.0,936200.0
1859,2021-09-30 10:21:51,18700.0,500.0,934700.0
1860,2021-09-30 10:21:51,18700.0,800.0,934200.0
1861,2021-09-30 10:21:49,18700.0,4200.0,933400.0
1862,2021-09-30 10:21:49,18700.0,2000.0,929200.0
1863,2021-09-30 10:21:49,18700.0,1500.0,927200.0
1864,2021-09-30 10:21:47,18700.0,1000.0,925700.0
1865,2021-09-30 10:21:41,18700.0,2100.0,924700.0
1866,2021-09-30 10:21:38,18700.0,5400.0,922600.0
1867,2021-09-30 10:21:38,18700.0,500.0,917200.0
1868,2021-09-30 10:21:38,18700.0,500.0,916700.0
1869,2021-09-30 10:21:38,18700.0,100.0,916200.0
1870,2021-09-30 10:21:38,18700.0,300.0,916100.0
1871,2021-09-30 10:21:38,18700.0,1000.0,915800.0
1872,2021-09-30 10:21:38,18700.0,100.0,914800.0
1873,2021-09-30 10:21:38,18700.0,500.0,914700.0
1874,2021-09-30 10:21:38,18700.0,100.0,914200.0
1875,2021-09-30 10:21:38,18700.0,100.0,914100.0
1876,2021-09-30 10:21:38,18700.0,5000.0,914000.0
1877,2021-09-30 10:21:38,18700.0,5000.0,909000.0
1878,2021-09-30 10:21:38,18700.0,100.0,904000.0
1879,2021-09-30 10:21:38,18700.0,500.0,903900.0
1880,2021-09-30 10:21:38,18700.0,200.0,903400.0
1881,2021-09-30 10:21:38,18700.0,400.0,903200.0
1882,2021-09-30 10:21:38,18700.0,200.0,902800.0
1883,2021-09-30 10:21:13,18750.0,100.0,902600.0
1884,2021-09-30 10:20:51,18750.0,1000.0,902500.0
1885,2021-09-30 10:20:49,18750.0,800.0,901500.0
1886,2021-09-30 10:20:49,18750.0,100.0,900700.0
1887,2021-09-30 10:20:49,18750.0,100.0,900600.0
1888,2021-09-30 10:20:43,18750.0,1000.0,900500.0
1889,2021-09-30 10:20:43,18750.0,500.0,899500.0
1890,2021-09-30 10:20:43,18750.0,100.0,899000.0
1891,2021-09-30 10:20:43,18750.0,200.0,898900.0
1892,2021-09-30 10:20:43,18750.0,200.0,898700.0
1893,2021-09-30 10:20:43,18750.0,100.0,898500.0
1894,2021-09-30 10:20:43,18750.0,2100.0,898400.0
1895,2021-09-30 10:20:43,18750.0,1000.0,896300.0
1896,2021-09-30 10:20:43,18750.0,4700.0,895300.0
1897,2021-09-30 10:20:37,18750.0,1200.0,890600.0
1898,2021-09-30 10:20:33,18750.0,3000.0,889400.0
1899,2021-09-30 10:20:32,18750.0,1000.0,886400.0
1900,2021-09-30 10:20:26,18750.0,100.0,885400.0
1901,2021-09-30 10:20:26,18750.0,100.0,885300.0
1902,2021-09-30 10:20:26,18750.0,300.0,885200.0
1903,2021-09-30 10:20:20,18750.0,200.0,884900.0
1904,2021-09-30 10:20:17,18750.0,200.0,884700.0
1905,2021-09-30 10:20:17,18750.0,1000.0,884500.0
1906,2021-09-30 10:20:17,18750.0,5000.0,883500.0
1907,2021-09-30 10:20:17,18750.0,1000.0,878500.0
1908,2021-09-30 10:20:17,18750.0,2000.0,877500.0
1909,2021-09-30 10:20:17,18750.0,900.0,875500.0
1910,2021-09-30 10:20:17,18750.0,2500.0,874600.0
1911,2021-09-30 10:20:17,18750.0,400.0,872100.0
1912,2021-09-30 10:20:17,18750.0,100.0,871700.0
1913,2021-09-30 10:20:17,18750.0,1100.0,871600.0
1914,2021-09-30 10:20:17,18750.0,500.0,870500.0
1915,2021-09-30 10:20:17,18750.0,300.0,870000.0
1916,2021-09-30 10:20:17,18750.0,2300.0,869700.0
1917,2021-09-30 10:20:17,18750.0,100.0,867400.0
1918,2021-09-30 10:20:17,18750.0,2600.0,867300.0
1919,2021-09-30 10:19:58,18750.0,200.0,864700.0
1920,2021-09-30 10:19:44,18750.0,100.0,864500.0
1921,2021-09-30 10:19:43,18750.0,2000.0,864400.0
1922,2021-09-30 10:19:38,18750.0,2000.0,862400.0
1923,2021-09-30 10:19:31,18750.0,2500.0,860400.0
1924,2021-09-30 10:19:19,18750.0,200.0,857900.0
1925,2021-09-30 10:18:39,18750.0,1000.0,857700.0
1926,2021-09-30 10:18:39,18750.0,100.0,856700.0
1927,2021-09-30 10:18:39,18750.0,200.0,856600.0
1928,2021-09-30 10:18:39,18750.0,8700.0,856400.0
1929,2021-09-30 10:18:28,18800.0,1500.0,847700.0
1930,2021-09-30 10:18:10,18800.0,100.0,846200.0
1931,2021-09-30 10:17:59,18800.0,100.0,846100.0
1932,2021-09-30 10:17:58,18750.0,100.0,846000.0
1933,2021-09-30 10:17:36,18750.0,800.0,845900.0
1934,2021-09-30 10:17:36,18750.0,500.0,845100.0
1935,2021-09-30 10:17:36,18750.0,100.0,844600.0
1936,2021-09-30 10:17:36,18750.0,600.0,844500.0
1937,2021-09-30 10:17:31,18750.0,500.0,843900.0
1938,2021-09-30 10:17:27,18750.0,3400.0,843400.0
1939,2021-09-30 10:17:27,18750.0,100.0,840000.0
1940,2021-09-30 10:17:22,18750.0,200.0,839900.0
1941,2021-09-30 10:17:21,18750.0,1000.0,839700.0
1942,2021-09-30 10:17:20,18750.0,300.0,838700.0
1943,2021-09-30 10:17:15,18750.0,3900.0,838400.0
1944,2021-09-30 10:17:15,18750.0,400.0,834500.0
1945,2021-09-30 10:17:15,18750.0,500.0,834100.0
1946,2021-09-30 10:17:15,18750.0,200.0,833600.0
1947,2021-09-30 10:17:10,18750.0,100.0,833400.0
1948,2021-09-30 10:17:02,18750.0,900.0,833300.0
1949,2021-09-30 10:17:02,18750.0,200.0,832400.0
1950,2021-09-30 10:16:12,18750.0,100.0,832200.0
1951,2021-09-30 10:15:56,18750.0,100.0,832100.0
1952,2021-09-30 10:15:50,18800.0,500.0,832000.0
1953,2021-09-30 10:15:37,18800.0,400.0,831500.0
1954,2021-09-30 10:15:37,18800.0,300.0,831100.0
1955,2021-09-30 10:15:37,18800.0,100.0,830800.0
1956,2021-09-30 10:15:21,18800.0,100.0,830700.0
1957,2021-09-30 10:15:21,18800.0,800.0,830600.0
1958,2021-09-30 10:15:21,18800.0,200.0,829800.0
1959,2021-09-30 10:15:12,18800.0,600.0,829600.0
1960,2021-09-30 10:14:45,18800.0,200.0,829000.0
1961,2021-09-30 10:14:45,18800.0,200.0,828800.0
1962,2021-09-30 10:14:45,18800.0,600.0,828600.0
1963,2021-09-30 10:14:43,18800.0,100.0,828000.0
1964,2021-09-30 10:14:21,18800.0,100.0,827900.0
1965,2021-09-30 10:14:10,18800.0,100.0,827800.0
1966,2021-09-30 10:13:54,18750.0,500.0,827700.0
1967,2021-09-30 10:13:51,18750.0,1100.0,827200.0
1968,2021-09-30 10:13:51,18750.0,400.0,826100.0
1969,2021-09-30 10:13:51,18750.0,300.0,825700.0
1970,2021-09-30 10:13:51,18750.0,500.0,825400.0
1971,2021-09-30 10:13:34,18750.0,100.0,824900.0
1972,2021-09-30 10:13:23,18750.0,1400.0,824800.0
1973,2021-09-30 10:13:23,18750.0,2000.0,823400.0
1974,2021-09-30 10:13:23,18750.0,100.0,821400.0
1975,2021-09-30 10:13:23,18750.0,100.0,821300.0
1976,2021-09-30 10:13:23,18750.0,400.0,821200.0
1977,2021-09-30 10:13:23,18750.0,1000.0,820800.0
1978,2021-09-30 10:13:17,18750.0,800.0,819800.0
1979,2021-09-30 10:13:11,18750.0,200.0,819000.0
1980,2021-09-30 10:13:11,18750.0,300.0,818800.0
1981,2021-09-30 10:13:07,18750.0,4000.0,818500.0
1982,2021-09-30 10:13:07,18750.0,700.0,814500.0
1983,2021-09-30 10:13:07,18750.0,100.0,813800.0
1984,2021-09-30 10:13:07,18750.0,4200.0,813700.0
1985,2021-09-30 10:12:48,18750.0,800.0,809500.0
1986,2021-09-30 10:12:48,18750.0,200.0,808700.0
1987,2021-09-30 10:12:48,18750.0,2000.0,808500.0
1988,2021-09-30 10:12:48,18750.0,7000.0,806500.0
1989,2021-09-30 10:12:48,18750.0,300.0,799500.0
1990,2021-09-30 10:12:15,18750.0,1000.0,799200.0
1991,2021-09-30 10:12:10,18700.0,300.0,798200.0
1992,2021-09-30 10:12:05,18750.0,1000.0,797900.0
1993,2021-09-30 10:11:58,18750.0,12000.0,796900.0
1994,2021-09-30 10:11:20,18700.0,800.0,784900.0
1995,2021-09-30 10:11:06,18700.0,500.0,784100.0
1996,2021-09-30 10:10:45,18700.0,100.0,783600.0
1997,2021-09-30 10:10:36,18700.0,100.0,783500.0
1998,2021-09-30 10:10:31,18700.0,500.0,783400.0
1999,2021-09-30 10:10:31,18700.0,500.0,782900.0
2000,2021-09-30 10:10:31,18700.0,1000.0,782400.0
2001,2021-09-30 10:10:09,18700.0,500.0,781400.0
2002,2021-09-30 10:10:09,18700.0,200.0,780900.0
2003,2021-09-30 10:10:09,18700.0,500.0,780700.0
2004,2021-09-30 10:10:09,18700.0,100.0,780200.0
2005,2021-09-30 10:10:09,18700.0,200.0,780100.0
2006,2021-09-30 10:10:09,18700.0,500.0,779900.0
2007,2021-09-30 10:09:41,18750.0,1900.0,779400.0
2008,2021-09-30 10:09:31,18700.0,100.0,777500.0
2009,2021-09-30 10:09:31,18700.0,100.0,777400.0
2010,2021-09-30 10:09:31,18700.0,100.0,777300.0
2011,2021-09-30 10:09:31,18700.0,1000.0,777200.0
2012,2021-09-30 10:09:31,18700.0,700.0,776200.0
2013,2021-09-30 10:09:08,18700.0,100.0,775500.0
2014,2021-09-30 10:09:05,18700.0,100.0,775400.0
2015,2021-09-30 10:09:02,18750.0,1800.0,775300.0
2016,2021-09-30 10:09:02,18750.0,200.0,773500.0
2017,2021-09-30 10:08:59,18700.0,100.0,773300.0
2018,2021-09-30 10:08:36,18750.0,200.0,773200.0
2019,2021-09-30 10:08:26,18750.0,100.0,773000.0
2020,2021-09-30 10:08:18,18750.0,200.0,772900.0
2021,2021-09-30 10:07:55,18750.0,4200.0,772700.0
2022,2021-09-30 10:07:55,18750.0,200.0,768500.0
2023,2021-09-30 10:07:55,18750.0,200.0,768300.0
2024,2021-09-30 10:07:55,18750.0,400.0,768100.0
2025,2021-09-30 10:07:55,18750.0,100.0,767700.0
2026,2021-09-30 10:07:54,18700.0,2000.0,767600.0
2027,2021-09-30 10:07:54,18700.0,5500.0,765600.0
2028,2021-09-30 10:07:54,18700.0,500.0,760100.0
2029,2021-09-30 10:07:54,18700.0,2000.0,759600.0
2030,2021-09-30 10:07:52,18750.0,100.0,757600.0
2031,2021-09-30 10:07:23,18750.0,500.0,757500.0
2032,2021-09-30 10:07:19,18750.0,900.0,757000.0
2033,2021-09-30 10:07:19,18750.0,800.0,756100.0
2034,2021-09-30 10:07:07,18750.0,1000.0,755300.0
2035,2021-09-30 10:06:14,18750.0,3200.0,754300.0
2036,2021-09-30 10:06:14,18750.0,5000.0,751100.0
2037,2021-09-30 10:06:14,18750.0,300.0,746100.0
2038,2021-09-30 10:06:14,18750.0,1000.0,745800.0
2039,2021-09-30 10:06:14,18750.0,100.0,744800.0
2040,2021-09-30 10:06:14,18750.0,100.0,744700.0
2041,2021-09-30 10:06:14,18750.0,100.0,744600.0
2042,2021-09-30 10:06:14,18750.0,3000.0,744500.0
2043,2021-09-30 10:06:14,18750.0,300.0,741500.0
2044,2021-09-30 10:06:14,18750.0,500.0,741200.0
2045,2021-09-30 10:06:14,18750.0,7900.0,740700.0
2046,2021-09-30 10:06:14,18700.0,300.0,732800.0
2047,2021-09-30 10:06:14,18700.0,200.0,732500.0
2048,2021-09-30 10:06:14,18700.0,600.0,732300.0
2049,2021-09-30 10:06:14,18700.0,300.0,731700.0
2050,2021-09-30 10:06:02,18700.0,300.0,731400.0
2051,2021-09-30 10:05:38,18700.0,300.0,731100.0
2052,2021-09-30 10:05:37,18700.0,200.0,730800.0
