,Time,Price,Volume_per_trade,Volume
0,2021-10-18 07:45:01,17550.0,100.0,10665200.0
1,2021-10-18 07:45:01,17550.0,700.0,10665100.0
2,2021-10-18 07:45:01,17550.0,300.0,10664400.0
3,2021-10-18 07:45:01,17550.0,200.0,10664100.0
4,2021-10-18 07:45:01,17550.0,1800.0,10663900.0
5,2021-10-18 07:45:01,17550.0,100.0,10662100.0
6,2021-10-18 07:45:01,17550.0,3000.0,10662000.0
7,2021-10-18 07:45:01,17550.0,100.0,10659000.0
8,2021-10-18 07:45:01,17550.0,300.0,10658900.0
9,2021-10-18 07:45:01,17550.0,4600.0,10658600.0
10,2021-10-18 07:45:01,17550.0,5400.0,10654000.0
11,2021-10-18 07:45:01,17550.0,100.0,10648600.0
12,2021-10-18 07:45:01,17550.0,500.0,10648500.0
13,2021-10-18 07:45:01,17550.0,500.0,10648000.0
14,2021-10-18 07:45:01,17550.0,500.0,10647500.0
15,2021-10-18 07:45:01,17550.0,300.0,10647000.0
16,2021-10-18 07:45:01,17550.0,200.0,10646700.0
17,2021-10-18 07:45:01,17550.0,100.0,10646500.0
18,2021-10-18 07:45:01,17550.0,100.0,10646400.0
19,2021-10-18 07:45:01,17550.0,400.0,10646300.0
20,2021-10-18 07:45:01,17550.0,600.0,10645900.0
21,2021-10-18 07:45:01,17550.0,100.0,10645300.0
22,2021-10-18 07:45:01,17550.0,100.0,10645200.0
23,2021-10-18 07:45:01,17550.0,1000.0,10645100.0
24,2021-10-18 07:45:01,17550.0,100.0,10644100.0
25,2021-10-18 07:45:01,17550.0,100.0,10644000.0
26,2021-10-18 07:45:01,17550.0,200.0,10643900.0
27,2021-10-18 07:45:01,17550.0,3600.0,10643700.0
28,2021-10-18 07:45:01,17550.0,1400.0,10640100.0
29,2021-10-18 07:45:01,17550.0,500.0,10638700.0
30,2021-10-18 07:45:01,17550.0,100.0,10638200.0
31,2021-10-18 07:45:01,17550.0,900.0,10638100.0
32,2021-10-18 07:45:01,17550.0,200.0,10637200.0
33,2021-10-18 07:45:01,17550.0,600.0,10637000.0
34,2021-10-18 07:45:01,17550.0,500.0,10636400.0
35,2021-10-18 07:45:01,17550.0,1000.0,10635900.0
36,2021-10-18 07:45:01,17550.0,100.0,10634900.0
37,2021-10-18 07:45:01,17550.0,2000.0,10634800.0
38,2021-10-18 07:45:01,17550.0,500.0,10632800.0
39,2021-10-18 07:45:01,17550.0,100.0,10632300.0
40,2021-10-18 07:45:01,17550.0,100.0,10632200.0
41,2021-10-18 07:45:01,17550.0,200.0,10632100.0
42,2021-10-18 07:45:01,17550.0,2000.0,10631900.0
43,2021-10-18 07:45:01,17550.0,500.0,10629900.0
44,2021-10-18 07:45:01,17550.0,500.0,10629400.0
45,2021-10-18 07:45:01,17550.0,6800.0,10628900.0
46,2021-10-18 07:45:01,17550.0,1000.0,10622100.0
47,2021-10-18 07:45:01,17550.0,400.0,10621100.0
48,2021-10-18 07:45:01,17550.0,100.0,10620700.0
49,2021-10-18 07:45:01,17550.0,5000.0,10620600.0
50,2021-10-18 07:45:01,17550.0,200.0,10615600.0
51,2021-10-18 07:45:01,17550.0,5000.0,10615400.0
52,2021-10-18 07:45:01,17550.0,500.0,10610400.0
53,2021-10-18 07:45:01,17550.0,400.0,10609900.0
54,2021-10-18 07:45:01,17550.0,400.0,10609500.0
55,2021-10-18 07:45:01,17550.0,200.0,10609100.0
56,2021-10-18 07:45:01,17550.0,500.0,10608900.0
57,2021-10-18 07:45:01,17550.0,200.0,10608400.0
58,2021-10-18 07:45:01,17550.0,300.0,10608200.0
59,2021-10-18 07:45:01,17550.0,300.0,10607900.0
60,2021-10-18 07:45:01,17550.0,3000.0,10607600.0
61,2021-10-18 07:45:01,17550.0,1000.0,10604600.0
62,2021-10-18 07:45:01,17550.0,700.0,10603600.0
63,2021-10-18 07:45:01,17550.0,100.0,10602900.0
64,2021-10-18 07:45:01,17550.0,200.0,10602800.0
65,2021-10-18 07:45:01,17550.0,300.0,10602600.0
66,2021-10-18 07:45:01,17550.0,200.0,10602300.0
67,2021-10-18 07:45:01,17550.0,500.0,10602100.0
68,2021-10-18 07:45:01,17550.0,100.0,10601600.0
69,2021-10-18 07:45:01,17550.0,400.0,10601500.0
70,2021-10-18 07:45:01,17550.0,200.0,10601100.0
71,2021-10-18 07:45:01,17550.0,100.0,10600900.0
72,2021-10-18 07:45:01,17550.0,100.0,10600800.0
73,2021-10-18 07:45:01,17550.0,100.0,10600700.0
74,2021-10-18 07:45:01,17550.0,500.0,10600600.0
75,2021-10-18 07:45:01,17550.0,100.0,10600100.0
76,2021-10-18 07:45:01,17550.0,100.0,10600000.0
77,2021-10-18 07:45:01,17550.0,1500.0,10599900.0
78,2021-10-18 07:45:01,17550.0,500.0,10598400.0
79,2021-10-18 07:45:01,17550.0,200.0,10597900.0
80,2021-10-18 07:45:01,17550.0,1000.0,10597700.0
81,2021-10-18 07:45:01,17550.0,100.0,10596700.0
82,2021-10-18 07:45:01,17550.0,100.0,10596600.0
83,2021-10-18 07:45:01,17550.0,1000.0,10596500.0
84,2021-10-18 07:45:01,17550.0,100.0,10595500.0
85,2021-10-18 07:45:01,17550.0,5000.0,10595400.0
86,2021-10-18 07:45:01,17550.0,1900.0,10590400.0
87,2021-10-18 07:45:01,17550.0,100.0,10588500.0
88,2021-10-18 07:45:01,17550.0,500.0,10588400.0
89,2021-10-18 07:45:01,17550.0,1000.0,10587900.0
90,2021-10-18 07:45:01,17550.0,5000.0,10586900.0
91,2021-10-18 07:45:01,17550.0,100.0,10581900.0
92,2021-10-18 07:45:01,17550.0,1000.0,10581800.0
93,2021-10-18 07:45:01,17550.0,500.0,10580800.0
94,2021-10-18 07:45:01,17550.0,700.0,10580300.0
95,2021-10-18 07:45:01,17550.0,100.0,10579600.0
96,2021-10-18 07:45:01,17550.0,100.0,10579500.0
97,2021-10-18 07:45:01,17550.0,500.0,10579400.0
98,2021-10-18 07:45:01,17550.0,100.0,10578900.0
99,2021-10-18 07:45:01,17550.0,500.0,10578800.0
100,2021-10-18 07:45:01,17550.0,300.0,10578300.0
101,2021-10-18 07:45:01,17550.0,500.0,10578000.0
102,2021-10-18 07:45:01,17550.0,600.0,10577500.0
103,2021-10-18 07:45:01,17550.0,2000.0,10576900.0
104,2021-10-18 07:45:01,17550.0,300.0,10574900.0
105,2021-10-18 07:45:01,17550.0,7000.0,10574600.0
106,2021-10-18 07:45:01,17550.0,200.0,10567600.0
107,2021-10-18 07:45:01,17550.0,1000.0,10567400.0
108,2021-10-18 07:45:01,17550.0,1800.0,10566400.0
109,2021-10-18 07:45:01,17550.0,200.0,10564600.0
110,2021-10-18 07:45:01,17550.0,800.0,10564400.0
111,2021-10-18 07:45:01,17550.0,300.0,10563600.0
112,2021-10-18 07:45:01,17550.0,1000.0,10563300.0
113,2021-10-18 07:45:01,17550.0,100.0,10562300.0
114,2021-10-18 07:45:01,17550.0,1000.0,10562200.0
115,2021-10-18 07:45:01,17550.0,600.0,10561200.0
116,2021-10-18 07:45:01,17550.0,2000.0,10560600.0
117,2021-10-18 07:45:01,17550.0,1000.0,10558600.0
118,2021-10-18 07:45:01,17550.0,500.0,10557600.0
119,2021-10-18 07:45:01,17550.0,100.0,10557100.0
120,2021-10-18 07:45:01,17550.0,2600.0,10557000.0
121,2021-10-18 07:45:01,17550.0,1900.0,10554400.0
122,2021-10-18 07:45:01,17550.0,500.0,10552500.0
123,2021-10-18 07:45:01,17550.0,4000.0,10552000.0
124,2021-10-18 07:45:01,17550.0,500.0,10548000.0
125,2021-10-18 07:45:01,17550.0,500.0,10547500.0
126,2021-10-18 07:45:01,17550.0,400.0,10547000.0
127,2021-10-18 07:45:01,17550.0,1000.0,10546600.0
128,2021-10-18 07:45:01,17550.0,10000.0,10545600.0
129,2021-10-18 07:45:01,17550.0,300.0,10535600.0
130,2021-10-18 07:45:01,17550.0,900.0,10535300.0
131,2021-10-18 07:45:01,17550.0,300.0,10534400.0
132,2021-10-18 07:45:01,17550.0,7000.0,10534100.0
133,2021-10-18 07:45:01,17550.0,500.0,10527100.0
134,2021-10-18 07:45:01,17550.0,7100.0,10526600.0
135,2021-10-18 07:45:01,17550.0,600.0,10519500.0
136,2021-10-18 07:45:01,17550.0,12300.0,10518900.0
137,2021-10-18 07:45:01,17550.0,100.0,10506600.0
138,2021-10-18 07:45:01,17550.0,500.0,10506500.0
139,2021-10-18 07:45:01,17550.0,2100.0,10506000.0
140,2021-10-18 07:45:01,17550.0,1000.0,10503900.0
141,2021-10-18 07:45:01,17550.0,2000.0,10502900.0
142,2021-10-18 07:45:01,17550.0,100.0,10500900.0
143,2021-10-18 07:45:01,17550.0,5000.0,10500800.0
144,2021-10-18 07:45:01,17550.0,500.0,10495800.0
145,2021-10-18 07:45:01,17550.0,100.0,10495300.0
146,2021-10-18 07:45:01,17550.0,300.0,10495200.0
147,2021-10-18 07:45:01,17550.0,100.0,10494900.0
148,2021-10-18 07:45:01,17550.0,100.0,10494800.0
149,2021-10-18 07:45:01,17550.0,1700.0,10494700.0
150,2021-10-18 07:45:01,17550.0,300.0,10493000.0
151,2021-10-18 07:45:01,17550.0,200.0,10492700.0
152,2021-10-18 07:45:01,17550.0,100.0,10492500.0
153,2021-10-18 07:45:01,17550.0,400.0,10492400.0
154,2021-10-18 07:45:01,17550.0,1300.0,10492000.0
155,2021-10-18 07:45:01,17550.0,3700.0,10490700.0
156,2021-10-18 07:45:01,17550.0,100.0,10487000.0
157,2021-10-18 07:45:01,17550.0,100.0,10486900.0
158,2021-10-18 07:45:01,17550.0,1100.0,10486800.0
159,2021-10-18 07:45:01,17550.0,1900.0,10485700.0
160,2021-10-18 07:45:01,17550.0,2500.0,10483800.0
161,2021-10-18 07:45:01,17550.0,200.0,10481300.0
162,2021-10-18 07:45:01,17550.0,5000.0,10481100.0
163,2021-10-18 07:45:01,17550.0,200.0,10476100.0
164,2021-10-18 07:45:01,17550.0,200.0,10475900.0
165,2021-10-18 07:45:01,17550.0,300.0,10475700.0
166,2021-10-18 07:45:01,17550.0,200.0,10475400.0
167,2021-10-18 07:45:01,17550.0,100.0,10475200.0
168,2021-10-18 07:45:01,17550.0,1000.0,10475100.0
169,2021-10-18 07:45:01,17550.0,500.0,10474100.0
170,2021-10-18 07:45:01,17550.0,200.0,10473600.0
171,2021-10-18 07:45:01,17550.0,800.0,10473400.0
172,2021-10-18 07:45:01,17550.0,800.0,10472600.0
173,2021-10-18 07:45:01,17550.0,200.0,10471800.0
174,2021-10-18 07:45:01,17550.0,200.0,10471600.0
175,2021-10-18 07:45:01,17550.0,5000.0,10471400.0
176,2021-10-18 07:45:01,17550.0,700.0,10466400.0
177,2021-10-18 07:45:01,17550.0,1000.0,10465700.0
178,2021-10-18 07:45:01,17550.0,1000.0,10464700.0
179,2021-10-18 07:45:01,17550.0,1000.0,10463700.0
180,2021-10-18 07:45:01,17550.0,1000.0,10462700.0
181,2021-10-18 07:45:01,17550.0,100.0,10461700.0
182,2021-10-18 07:45:01,17550.0,1000.0,10461600.0
183,2021-10-18 07:45:01,17550.0,1000.0,10460600.0
184,2021-10-18 07:45:01,17550.0,10000.0,10459600.0
185,2021-10-18 07:45:01,17550.0,1000.0,10449600.0
186,2021-10-18 07:45:01,17550.0,1000.0,10448600.0
187,2021-10-18 07:45:01,17550.0,5000.0,10447600.0
188,2021-10-18 07:45:01,17550.0,1000.0,10442600.0
189,2021-10-18 07:45:01,17550.0,1000.0,10441600.0
190,2021-10-18 07:45:01,17550.0,700.0,10440600.0
191,2021-10-18 07:45:01,17550.0,100.0,10439900.0
192,2021-10-18 07:45:01,17550.0,100.0,10439800.0
193,2021-10-18 07:45:01,17550.0,5000.0,10439700.0
194,2021-10-18 07:45:01,17550.0,1000.0,10434700.0
195,2021-10-18 07:45:01,17550.0,500.0,10433700.0
196,2021-10-18 07:45:01,17550.0,200.0,10433200.0
197,2021-10-18 07:45:01,17550.0,100.0,10433000.0
198,2021-10-18 07:45:01,17550.0,1000.0,10432900.0
199,2021-10-18 07:45:01,17550.0,300.0,10431900.0
200,2021-10-18 07:45:01,17550.0,500.0,10431600.0
201,2021-10-18 07:45:01,17550.0,100.0,10431100.0
202,2021-10-18 07:45:01,17550.0,5000.0,10431000.0
203,2021-10-18 07:45:01,17550.0,2000.0,10426000.0
204,2021-10-18 07:45:01,17550.0,500.0,10424000.0
205,2021-10-18 07:45:01,17550.0,1000.0,10423500.0
206,2021-10-18 07:45:01,17550.0,20000.0,10422500.0
207,2021-10-18 07:45:01,17550.0,600.0,10402500.0
208,2021-10-18 07:45:01,17550.0,200.0,10401900.0
209,2021-10-18 07:45:01,17550.0,1000.0,10401700.0
210,2021-10-18 07:45:01,17550.0,100.0,10400700.0
211,2021-10-18 07:45:01,17550.0,5000.0,10400600.0
212,2021-10-18 07:45:01,17550.0,500.0,10395600.0
213,2021-10-18 07:45:01,17550.0,3000.0,10395100.0
214,2021-10-18 07:45:01,17550.0,12800.0,10392100.0
215,2021-10-18 07:45:01,17550.0,2000.0,10379300.0
216,2021-10-18 07:45:01,17550.0,200.0,10377300.0
217,2021-10-18 07:45:01,17550.0,500.0,10377100.0
218,2021-10-18 07:45:01,17550.0,100.0,10376600.0
219,2021-10-18 07:45:01,17550.0,4900.0,10376500.0
220,2021-10-18 07:45:01,17550.0,5000.0,10371600.0
221,2021-10-18 07:45:01,17550.0,100.0,10366600.0
222,2021-10-18 07:45:01,17550.0,100.0,10366500.0
223,2021-10-18 07:45:01,17550.0,1000.0,10366400.0
224,2021-10-18 07:45:01,17550.0,2200.0,10365400.0
225,2021-10-18 07:45:01,17550.0,200.0,10363200.0
226,2021-10-18 07:45:01,17550.0,1400.0,10363000.0
227,2021-10-18 07:45:01,17550.0,8600.0,10361600.0
228,2021-10-18 07:45:01,17550.0,100.0,10353000.0
229,2021-10-18 07:45:01,17550.0,16800.0,10352900.0
230,2021-10-18 07:45:01,17550.0,1000.0,10336100.0
231,2021-10-18 07:45:01,17550.0,500.0,10335100.0
232,2021-10-18 07:45:01,17550.0,16800.0,10334600.0
233,2021-10-18 07:45:01,17550.0,2600.0,10317800.0
234,2021-10-18 07:45:01,17550.0,1000.0,10315200.0
235,2021-10-18 07:45:01,17550.0,400.0,10314200.0
236,2021-10-18 07:45:01,17550.0,1500.0,10313800.0
237,2021-10-18 07:45:01,17550.0,500.0,10312300.0
238,2021-10-18 07:45:01,17550.0,1600.0,10311800.0
239,2021-10-18 07:45:01,17550.0,3000.0,10310200.0
240,2021-10-18 07:45:01,17550.0,100.0,10307200.0
241,2021-10-18 07:45:01,17550.0,10000.0,10307100.0
242,2021-10-18 07:45:01,17550.0,1100.0,10297100.0
243,2021-10-18 07:45:01,17550.0,1000.0,10296000.0
244,2021-10-18 07:45:01,17550.0,10000.0,10295000.0
245,2021-10-18 07:45:01,17550.0,2000.0,10285000.0
246,2021-10-18 07:45:01,17550.0,200.0,10283000.0
247,2021-10-18 07:45:01,17550.0,2400.0,10282800.0
248,2021-10-18 07:45:01,17550.0,1000.0,10280400.0
249,2021-10-18 07:45:01,17550.0,500.0,10279400.0
250,2021-10-18 07:45:01,17550.0,400.0,10278900.0
251,2021-10-18 07:45:01,17550.0,100.0,10278500.0
252,2021-10-18 07:45:01,17550.0,1000.0,10278400.0
253,2021-10-18 07:45:01,17550.0,200.0,10277400.0
254,2021-10-18 07:45:01,17550.0,1000.0,10277200.0
255,2021-10-18 07:45:01,17550.0,500.0,10276200.0
256,2021-10-18 07:45:01,17550.0,300.0,10275700.0
257,2021-10-18 07:45:01,17550.0,1000.0,10275400.0
258,2021-10-18 07:45:01,17550.0,5000.0,10274400.0
259,2021-10-18 07:45:01,17550.0,300.0,10269400.0
260,2021-10-18 07:45:01,17550.0,500.0,10269100.0
261,2021-10-18 07:45:01,17550.0,2000.0,10268600.0
262,2021-10-18 07:45:01,17550.0,500.0,10266600.0
263,2021-10-18 07:45:01,17550.0,500.0,10266100.0
264,2021-10-18 07:45:01,17550.0,5000.0,10265600.0
265,2021-10-18 07:45:01,17550.0,10000.0,10260600.0
266,2021-10-18 07:45:01,17550.0,1500.0,10250600.0
267,2021-10-18 07:45:01,17550.0,100.0,10249100.0
268,2021-10-18 07:45:01,17550.0,4000.0,10249000.0
269,2021-10-18 07:45:01,17550.0,2000.0,10245000.0
270,2021-10-18 07:45:01,17550.0,1000.0,10243000.0
271,2021-10-18 07:45:01,17550.0,100.0,10242000.0
272,2021-10-18 07:45:01,17550.0,100.0,10241900.0
273,2021-10-18 07:45:01,17550.0,1000.0,10241800.0
274,2021-10-18 07:45:01,17550.0,1000.0,10240800.0
275,2021-10-18 07:45:01,17550.0,100.0,10239800.0
276,2021-10-18 07:45:01,17550.0,3000.0,10239700.0
277,2021-10-18 07:45:01,17550.0,1500.0,10236700.0
278,2021-10-18 07:45:01,17550.0,200.0,10235200.0
279,2021-10-18 07:45:01,17550.0,1000.0,10235000.0
280,2021-10-18 07:45:01,17550.0,100.0,10234000.0
281,2021-10-18 07:45:01,17550.0,300.0,10233900.0
282,2021-10-18 07:45:01,17550.0,100.0,10233600.0
283,2021-10-18 07:45:01,17550.0,400.0,10233500.0
284,2021-10-18 07:45:01,17550.0,2000.0,10233100.0
285,2021-10-18 07:45:01,17550.0,10000.0,10231100.0
286,2021-10-18 07:45:01,17550.0,400.0,10221100.0
287,2021-10-18 07:45:01,17550.0,200.0,10220700.0
288,2021-10-18 07:45:01,17550.0,100.0,10220500.0
289,2021-10-18 07:45:01,17550.0,100.0,10220400.0
290,2021-10-18 07:45:01,17550.0,1500.0,10220300.0
291,2021-10-18 07:45:01,17550.0,500.0,10218800.0
292,2021-10-18 07:45:01,17550.0,300.0,10218300.0
293,2021-10-18 07:45:01,17550.0,4000.0,10218000.0
294,2021-10-18 07:45:01,17550.0,100.0,10214000.0
295,2021-10-18 07:45:01,17550.0,500.0,10213900.0
296,2021-10-18 07:45:01,17550.0,200.0,10213400.0
297,2021-10-18 07:45:01,17550.0,1000.0,10213200.0
298,2021-10-18 07:45:01,17550.0,300.0,10212200.0
299,2021-10-18 07:45:01,17550.0,6700.0,10211900.0
300,2021-10-18 07:45:01,17550.0,500.0,10205200.0
301,2021-10-18 07:45:01,17550.0,700.0,10204700.0
302,2021-10-18 07:45:01,17550.0,2000.0,10204000.0
303,2021-10-18 07:45:01,17550.0,1000.0,10202000.0
304,2021-10-18 07:45:01,17550.0,1100.0,10201000.0
305,2021-10-18 07:45:01,17550.0,400.0,10199900.0
306,2021-10-18 07:45:01,17550.0,6200.0,10199500.0
307,2021-10-18 07:45:01,17550.0,2500.0,10193300.0
308,2021-10-18 07:45:01,17550.0,900.0,10190800.0
309,2021-10-18 07:45:01,17550.0,100.0,10189900.0
310,2021-10-18 07:45:01,17550.0,400.0,10189800.0
311,2021-10-18 07:45:01,17550.0,100.0,10189400.0
312,2021-10-18 07:45:01,17550.0,1500.0,10189300.0
313,2021-10-18 07:45:01,17550.0,100.0,10187800.0
314,2021-10-18 07:45:01,17550.0,100.0,10187700.0
315,2021-10-18 07:45:01,17550.0,1100.0,10187600.0
316,2021-10-18 07:45:01,17550.0,1000.0,10186500.0
317,2021-10-18 07:45:01,17550.0,200.0,10185500.0
318,2021-10-18 07:45:01,17550.0,200.0,10185300.0
319,2021-10-18 07:45:01,17550.0,100.0,10185100.0
320,2021-10-18 07:45:01,17550.0,1500.0,10185000.0
321,2021-10-18 07:45:01,17550.0,1500.0,10183500.0
322,2021-10-18 07:45:01,17550.0,1000.0,10182000.0
323,2021-10-18 07:45:01,17550.0,200.0,10181000.0
324,2021-10-18 07:45:01,17550.0,300.0,10180800.0
325,2021-10-18 07:45:01,17550.0,200.0,10180500.0
326,2021-10-18 07:45:01,17550.0,300.0,10180300.0
327,2021-10-18 07:45:01,17550.0,200.0,10180000.0
328,2021-10-18 07:45:01,17550.0,1000.0,10179800.0
329,2021-10-18 07:45:01,17550.0,13300.0,10178800.0
330,2021-10-18 07:45:01,17550.0,200.0,10165500.0
331,2021-10-18 07:45:01,17550.0,1800.0,10165300.0
332,2021-10-18 07:45:01,17550.0,200.0,10163500.0
333,2021-10-18 07:45:01,17550.0,2000.0,10163300.0
334,2021-10-18 07:45:01,17550.0,2500.0,10161300.0
335,2021-10-18 07:45:01,17550.0,100.0,10158800.0
336,2021-10-18 07:45:01,17550.0,1500.0,10158700.0
337,2021-10-18 07:45:01,17550.0,100.0,10157200.0
338,2021-10-18 07:45:01,17550.0,1200.0,10157100.0
339,2021-10-18 07:45:01,17550.0,100.0,10155900.0
340,2021-10-18 07:45:01,17550.0,6000.0,10155800.0
341,2021-10-18 07:45:01,17550.0,2700.0,10149800.0
342,2021-10-18 07:45:01,17550.0,100.0,10147100.0
343,2021-10-18 07:45:01,17550.0,1000.0,10147000.0
344,2021-10-18 07:45:01,17550.0,300.0,10146000.0
345,2021-10-18 07:45:01,17550.0,200.0,10145700.0
346,2021-10-18 07:45:01,17550.0,2000.0,10145500.0
347,2021-10-18 07:45:01,17550.0,400.0,10143500.0
348,2021-10-18 07:45:01,17550.0,200.0,10143100.0
349,2021-10-18 07:45:01,17550.0,2000.0,10142900.0
350,2021-10-18 07:45:01,17550.0,200.0,10140900.0
351,2021-10-18 07:45:01,17550.0,900.0,10140700.0
352,2021-10-18 07:45:01,17550.0,400.0,10139800.0
353,2021-10-18 07:45:01,17550.0,100.0,10139400.0
354,2021-10-18 07:45:01,17550.0,400.0,10139300.0
355,2021-10-18 07:45:01,17550.0,2200.0,10138900.0
356,2021-10-18 07:45:01,17550.0,1000.0,10136700.0
357,2021-10-18 07:29:58,17650.0,200.0,10135700.0
358,2021-10-18 07:29:54,17650.0,100.0,10135500.0
359,2021-10-18 07:29:48,17600.0,2000.0,10135400.0
360,2021-10-18 07:29:48,17600.0,3000.0,10133400.0
361,2021-10-18 07:29:40,17600.0,1000.0,10130400.0
362,2021-10-18 07:29:40,17600.0,1000.0,10129400.0
363,2021-10-18 07:29:40,17600.0,3000.0,10128400.0
364,2021-10-18 07:29:38,17600.0,500.0,10125400.0
365,2021-10-18 07:29:38,17650.0,1000.0,10124900.0
366,2021-10-18 07:29:34,17600.0,300.0,10123900.0
367,2021-10-18 07:29:34,17600.0,1000.0,10123600.0
368,2021-10-18 07:29:34,17600.0,8700.0,10122600.0
369,2021-10-18 07:29:32,17600.0,500.0,10113900.0
370,2021-10-18 07:29:30,17600.0,800.0,10113400.0
371,2021-10-18 07:29:30,17600.0,100.0,10112600.0
372,2021-10-18 07:29:30,17600.0,100.0,10112500.0
373,2021-10-18 07:29:30,17650.0,900.0,10112400.0
374,2021-10-18 07:29:27,17600.0,2000.0,10111500.0
375,2021-10-18 07:29:26,17600.0,2100.0,10109500.0
376,2021-10-18 07:29:26,17600.0,1000.0,10107400.0
377,2021-10-18 07:29:26,17600.0,2700.0,10106400.0
378,2021-10-18 07:29:22,17600.0,7300.0,10103700.0
379,2021-10-18 07:29:22,17600.0,1000.0,10096400.0
380,2021-10-18 07:29:22,17600.0,100.0,10095400.0
381,2021-10-18 07:29:22,17600.0,100.0,10095300.0
382,2021-10-18 07:29:22,17600.0,2000.0,10095200.0
383,2021-10-18 07:29:22,17600.0,100.0,10093200.0
384,2021-10-18 07:29:22,17600.0,200.0,10093100.0
385,2021-10-18 07:29:22,17600.0,500.0,10092900.0
386,2021-10-18 07:29:22,17600.0,200.0,10092400.0
387,2021-10-18 07:29:22,17600.0,1500.0,10092200.0
388,2021-10-18 07:29:22,17600.0,200.0,10090700.0
389,2021-10-18 07:29:22,17600.0,1000.0,10090500.0
390,2021-10-18 07:29:22,17600.0,800.0,10089500.0
391,2021-10-18 07:29:22,17600.0,100.0,10088700.0
392,2021-10-18 07:29:22,17600.0,500.0,10088600.0
393,2021-10-18 07:29:22,17600.0,700.0,10088100.0
394,2021-10-18 07:29:22,17600.0,200.0,10087400.0
395,2021-10-18 07:29:22,17600.0,1000.0,10087200.0
396,2021-10-18 07:29:22,17600.0,500.0,10086200.0
397,2021-10-18 07:29:20,17650.0,500.0,10085700.0
398,2021-10-18 07:29:20,17650.0,500.0,10085200.0
399,2021-10-18 07:29:20,17650.0,5000.0,10084700.0
400,2021-10-18 07:29:17,17600.0,200.0,10079700.0
401,2021-10-18 07:29:17,17650.0,9900.0,10079500.0
402,2021-10-18 07:29:13,17650.0,200.0,10069600.0
403,2021-10-18 07:29:01,17650.0,5500.0,10069400.0
404,2021-10-18 07:28:59,17650.0,100.0,10063900.0
405,2021-10-18 07:28:59,17600.0,500.0,10063800.0
406,2021-10-18 07:28:59,17650.0,500.0,10063300.0
407,2021-10-18 07:28:55,17650.0,200.0,10062800.0
408,2021-10-18 07:28:50,17650.0,200.0,10062600.0
409,2021-10-18 07:28:50,17600.0,500.0,10062400.0
410,2021-10-18 07:28:49,17600.0,4000.0,10061900.0
411,2021-10-18 07:28:40,17650.0,100.0,10057900.0
412,2021-10-18 07:28:40,17600.0,4300.0,10057800.0
413,2021-10-18 07:28:40,17600.0,100.0,10053500.0
414,2021-10-18 07:28:40,17600.0,2000.0,10053400.0
415,2021-10-18 07:28:40,17600.0,900.0,10051400.0
416,2021-10-18 07:28:40,17600.0,4400.0,10050500.0
417,2021-10-18 07:28:40,17600.0,1000.0,10046100.0
418,2021-10-18 07:28:40,17600.0,1000.0,10045100.0
419,2021-10-18 07:28:40,17600.0,1300.0,10044100.0
420,2021-10-18 07:28:37,17600.0,15000.0,10042800.0
421,2021-10-18 07:28:36,17650.0,100.0,10027800.0
422,2021-10-18 07:28:35,17650.0,300.0,10027700.0
423,2021-10-18 07:28:35,17600.0,500.0,10027400.0
424,2021-10-18 07:28:35,17600.0,100.0,10026900.0
425,2021-10-18 07:28:35,17600.0,500.0,10026800.0
426,2021-10-18 07:28:35,17600.0,100.0,10026300.0
427,2021-10-18 07:28:35,17600.0,200.0,10026200.0
428,2021-10-18 07:28:35,17600.0,2000.0,10026000.0
429,2021-10-18 07:28:35,17600.0,200.0,10024000.0
430,2021-10-18 07:28:35,17600.0,3000.0,10023800.0
431,2021-10-18 07:28:35,17600.0,1000.0,10020800.0
432,2021-10-18 07:28:35,17600.0,1400.0,10019800.0
433,2021-10-18 07:28:31,17650.0,200.0,10018400.0
434,2021-10-18 07:28:28,17600.0,600.0,10018200.0
435,2021-10-18 07:28:28,17600.0,200.0,10017600.0
436,2021-10-18 07:28:28,17600.0,500.0,10017400.0
437,2021-10-18 07:28:28,17600.0,100.0,10016900.0
438,2021-10-18 07:28:28,17600.0,500.0,10016800.0
439,2021-10-18 07:28:28,17600.0,100.0,10016300.0
440,2021-10-18 07:28:28,17600.0,200.0,10016200.0
441,2021-10-18 07:28:28,17600.0,100.0,10016000.0
442,2021-10-18 07:28:28,17600.0,500.0,10015900.0
443,2021-10-18 07:28:28,17600.0,200.0,10015400.0
444,2021-10-18 07:28:28,17600.0,100.0,10015200.0
445,2021-10-18 07:28:28,17600.0,1000.0,10015100.0
446,2021-10-18 07:28:28,17600.0,500.0,10014100.0
447,2021-10-18 07:28:28,17600.0,500.0,10013600.0
448,2021-10-18 07:28:28,17600.0,1000.0,10013100.0
449,2021-10-18 07:28:28,17600.0,100.0,10012100.0
450,2021-10-18 07:28:28,17600.0,3900.0,10012000.0
451,2021-10-18 07:28:28,17600.0,100.0,10008100.0
452,2021-10-18 07:28:28,17600.0,100.0,10008000.0
453,2021-10-18 07:28:28,17600.0,1000.0,10007900.0
454,2021-10-18 07:28:28,17600.0,100.0,10006900.0
455,2021-10-18 07:28:28,17600.0,200.0,10006800.0
456,2021-10-18 07:28:28,17600.0,200.0,10006600.0
457,2021-10-18 07:28:28,17600.0,400.0,10006400.0
458,2021-10-18 07:28:28,17600.0,500.0,10006000.0
459,2021-10-18 07:28:28,17600.0,1000.0,10005500.0
460,2021-10-18 07:28:28,17600.0,1300.0,10004500.0
461,2021-10-18 07:28:27,17650.0,26600.0,10003200.0
462,2021-10-18 07:28:26,17650.0,500.0,9976600.0
463,2021-10-18 07:28:20,17650.0,1700.0,9976100.0
464,2021-10-18 07:28:17,17650.0,100.0,9974400.0
465,2021-10-18 07:28:17,17600.0,100.0,9974300.0
466,2021-10-18 07:28:16,17650.0,400.0,9974200.0
467,2021-10-18 07:28:13,17600.0,18600.0,9973800.0
468,2021-10-18 07:28:13,17600.0,2000.0,9955200.0
469,2021-10-18 07:28:13,17600.0,2000.0,9953200.0
470,2021-10-18 07:28:13,17600.0,500.0,9951200.0
471,2021-10-18 07:28:13,17600.0,700.0,9950700.0
472,2021-10-18 07:28:13,17600.0,3600.0,9950000.0
473,2021-10-18 07:28:13,17600.0,4600.0,9946400.0
474,2021-10-18 07:28:12,17600.0,200.0,9941800.0
475,2021-10-18 07:28:10,17600.0,100.0,9941600.0
476,2021-10-18 07:28:06,17650.0,200.0,9941500.0
477,2021-10-18 07:28:04,17600.0,5000.0,9941300.0
478,2021-10-18 07:28:04,17600.0,100.0,9936300.0
479,2021-10-18 07:28:04,17600.0,400.0,9936200.0
480,2021-10-18 07:28:02,17600.0,600.0,9935800.0
481,2021-10-18 07:28:02,17600.0,4000.0,9935200.0
482,2021-10-18 07:28:02,17600.0,2000.0,9931200.0
483,2021-10-18 07:28:02,17600.0,400.0,9929200.0
484,2021-10-18 07:28:00,17600.0,500.0,9928800.0
485,2021-10-18 07:27:57,17600.0,100.0,9928300.0
486,2021-10-18 07:27:57,17600.0,100.0,9928200.0
487,2021-10-18 07:27:57,17600.0,500.0,9928100.0
488,2021-10-18 07:27:57,17600.0,5000.0,9927600.0
489,2021-10-18 07:27:57,17600.0,300.0,9922600.0
490,2021-10-18 07:27:53,17650.0,1000.0,9922300.0
491,2021-10-18 07:27:52,17650.0,200.0,9921300.0
492,2021-10-18 07:27:51,17600.0,200.0,9921100.0
493,2021-10-18 07:27:51,17600.0,200.0,9920900.0
494,2021-10-18 07:27:51,17600.0,3000.0,9920700.0
495,2021-10-18 07:27:51,17600.0,2000.0,9917700.0
496,2021-10-18 07:27:51,17600.0,1000.0,9915700.0
497,2021-10-18 07:27:51,17600.0,500.0,9914700.0
498,2021-10-18 07:27:51,17600.0,100.0,9914200.0
499,2021-10-18 07:27:51,17600.0,800.0,9914100.0
500,2021-10-18 07:27:51,17600.0,1000.0,9913300.0
501,2021-10-18 07:27:51,17600.0,200.0,9912300.0
502,2021-10-18 07:27:51,17600.0,1300.0,9912100.0
503,2021-10-18 07:27:51,17600.0,1000.0,9910800.0
504,2021-10-18 07:27:51,17600.0,5000.0,9909800.0
505,2021-10-18 07:27:51,17600.0,200.0,9904800.0
506,2021-10-18 07:27:51,17600.0,100.0,9904600.0
507,2021-10-18 07:27:51,17600.0,100.0,9904500.0
508,2021-10-18 07:27:51,17600.0,100.0,9904400.0
509,2021-10-18 07:27:51,17600.0,500.0,9904300.0
510,2021-10-18 07:27:51,17600.0,1000.0,9903800.0
511,2021-10-18 07:27:51,17600.0,500.0,9902800.0
512,2021-10-18 07:27:51,17600.0,500.0,9902300.0
513,2021-10-18 07:27:51,17600.0,100.0,9901800.0
514,2021-10-18 07:27:51,17600.0,600.0,9901700.0
515,2021-10-18 07:27:43,17600.0,4000.0,9901100.0
516,2021-10-18 07:27:42,17600.0,400.0,9897100.0
517,2021-10-18 07:27:42,17600.0,1000.0,9896700.0
518,2021-10-18 07:27:42,17600.0,100.0,9895700.0
519,2021-10-18 07:27:42,17600.0,200.0,9895600.0
520,2021-10-18 07:27:42,17600.0,1000.0,9895400.0
521,2021-10-18 07:27:42,17600.0,500.0,9894400.0
522,2021-10-18 07:27:42,17600.0,500.0,9893900.0
523,2021-10-18 07:27:42,17600.0,100.0,9893400.0
524,2021-10-18 07:27:42,17600.0,300.0,9893300.0
525,2021-10-18 07:27:42,17600.0,200.0,9893000.0
526,2021-10-18 07:27:42,17600.0,200.0,9892800.0
527,2021-10-18 07:27:42,17600.0,300.0,9892600.0
528,2021-10-18 07:27:42,17600.0,200.0,9892300.0
529,2021-10-18 07:27:42,17600.0,500.0,9892100.0
530,2021-10-18 07:27:42,17600.0,500.0,9891600.0
531,2021-10-18 07:27:42,17600.0,100.0,9891100.0
532,2021-10-18 07:27:42,17600.0,500.0,9891000.0
533,2021-10-18 07:27:42,17600.0,500.0,9890500.0
534,2021-10-18 07:27:42,17600.0,500.0,9890000.0
535,2021-10-18 07:27:42,17600.0,20000.0,9889500.0
536,2021-10-18 07:27:42,17600.0,100.0,9869500.0
537,2021-10-18 07:27:42,17600.0,12000.0,9869400.0
538,2021-10-18 07:27:42,17600.0,100.0,9857400.0
539,2021-10-18 07:27:42,17600.0,100.0,9857300.0
540,2021-10-18 07:27:42,17600.0,500.0,9857200.0
541,2021-10-18 07:27:42,17600.0,100.0,9856700.0
542,2021-10-18 07:27:42,17600.0,100.0,9856600.0
543,2021-10-18 07:27:42,17600.0,10000.0,9856500.0
544,2021-10-18 07:27:42,17600.0,2000.0,9846500.0
545,2021-10-18 07:27:42,17600.0,10000.0,9844500.0
546,2021-10-18 07:27:42,17600.0,100.0,9834500.0
547,2021-10-18 07:27:42,17600.0,1000.0,9834400.0
548,2021-10-18 07:27:42,17600.0,1000.0,9833400.0
549,2021-10-18 07:27:42,17600.0,100.0,9832400.0
550,2021-10-18 07:27:42,17600.0,100.0,9832300.0
551,2021-10-18 07:27:42,17600.0,1000.0,9832200.0
552,2021-10-18 07:27:42,17600.0,200.0,9831200.0
553,2021-10-18 07:27:42,17600.0,700.0,9831000.0
554,2021-10-18 07:27:42,17600.0,100.0,9830300.0
555,2021-10-18 07:27:42,17600.0,100.0,9830200.0
556,2021-10-18 07:27:42,17600.0,500.0,9830100.0
557,2021-10-18 07:27:42,17600.0,100.0,9829600.0
558,2021-10-18 07:27:42,17600.0,100.0,9829500.0
559,2021-10-18 07:27:42,17600.0,500.0,9829400.0
560,2021-10-18 07:27:42,17600.0,100.0,9828900.0
561,2021-10-18 07:27:42,17600.0,100.0,9828800.0
562,2021-10-18 07:27:42,17600.0,500.0,9828700.0
563,2021-10-18 07:27:42,17600.0,500.0,9828200.0
564,2021-10-18 07:27:42,17600.0,500.0,9827700.0
565,2021-10-18 07:27:42,17600.0,100.0,9827200.0
566,2021-10-18 07:27:42,17600.0,100.0,9827100.0
567,2021-10-18 07:27:42,17600.0,1000.0,9827000.0
568,2021-10-18 07:27:42,17600.0,500.0,9826000.0
569,2021-10-18 07:27:42,17600.0,500.0,9825500.0
570,2021-10-18 07:27:42,17600.0,5000.0,9825000.0
571,2021-10-18 07:27:42,17600.0,400.0,9820000.0
572,2021-10-18 07:27:42,17600.0,200.0,9819600.0
573,2021-10-18 07:27:42,17600.0,200.0,9819400.0
574,2021-10-18 07:27:42,17600.0,500.0,9819200.0
575,2021-10-18 07:27:42,17600.0,3000.0,9818700.0
576,2021-10-18 07:27:42,17600.0,100.0,9815700.0
577,2021-10-18 07:27:42,17600.0,1000.0,9815600.0
578,2021-10-18 07:27:42,17600.0,100.0,9814600.0
579,2021-10-18 07:27:42,17600.0,100.0,9814500.0
580,2021-10-18 07:27:42,17600.0,200.0,9814400.0
581,2021-10-18 07:27:42,17600.0,100.0,9814200.0
582,2021-10-18 07:27:42,17600.0,1000.0,9814100.0
583,2021-10-18 07:27:42,17600.0,300.0,9813100.0
584,2021-10-18 07:27:42,17600.0,1000.0,9812800.0
585,2021-10-18 07:27:42,17600.0,100.0,9811800.0
586,2021-10-18 07:27:42,17600.0,2000.0,9811700.0
587,2021-10-18 07:27:42,17600.0,100.0,9809700.0
588,2021-10-18 07:27:42,17600.0,100.0,9809600.0
589,2021-10-18 07:27:42,17600.0,1000.0,9809500.0
590,2021-10-18 07:27:42,17600.0,500.0,9808500.0
591,2021-10-18 07:27:42,17600.0,300.0,9808000.0
592,2021-10-18 07:27:42,17600.0,2000.0,9807700.0
593,2021-10-18 07:27:42,17600.0,2000.0,9805700.0
594,2021-10-18 07:27:42,17600.0,5000.0,9803700.0
595,2021-10-18 07:27:42,17600.0,1000.0,9798700.0
596,2021-10-18 07:27:42,17600.0,100.0,9797700.0
597,2021-10-18 07:27:42,17600.0,100.0,9797600.0
598,2021-10-18 07:27:42,17600.0,100.0,9797500.0
599,2021-10-18 07:27:42,17600.0,300.0,9797400.0
600,2021-10-18 07:27:41,17600.0,700.0,9797100.0
601,2021-10-18 07:27:41,17600.0,800.0,9796400.0
602,2021-10-18 07:27:39,17600.0,400.0,9795600.0
603,2021-10-18 07:27:34,17600.0,3800.0,9795200.0
604,2021-10-18 07:27:34,17600.0,200.0,9791400.0
605,2021-10-18 07:27:34,17600.0,10000.0,9791200.0
606,2021-10-18 07:27:34,17600.0,1000.0,9781200.0
607,2021-10-18 07:27:26,17600.0,9000.0,9780200.0
608,2021-10-18 07:27:26,17600.0,100.0,9771200.0
609,2021-10-18 07:27:26,17600.0,500.0,9771100.0
610,2021-10-18 07:27:26,17600.0,1000.0,9770600.0
611,2021-10-18 07:27:26,17600.0,100.0,9769600.0
612,2021-10-18 07:27:26,17600.0,100.0,9769500.0
613,2021-10-18 07:27:26,17600.0,200.0,9769400.0
614,2021-10-18 07:27:26,17600.0,1000.0,9769200.0
615,2021-10-18 07:27:26,17600.0,1000.0,9768200.0
616,2021-10-18 07:27:26,17600.0,1000.0,9767200.0
617,2021-10-18 07:27:26,17600.0,5500.0,9766200.0
618,2021-10-18 07:27:26,17600.0,200.0,9760700.0
619,2021-10-18 07:27:26,17600.0,300.0,9760500.0
620,2021-10-18 07:27:25,17600.0,200.0,9760200.0
621,2021-10-18 07:27:25,17600.0,100.0,9760000.0
622,2021-10-18 07:27:25,17600.0,1000.0,9759900.0
623,2021-10-18 07:27:25,17600.0,1700.0,9758900.0
624,2021-10-18 07:27:20,17600.0,1000.0,9757200.0
625,2021-10-18 07:27:20,17600.0,1000.0,9756200.0
626,2021-10-18 07:27:10,17600.0,300.0,9755200.0
627,2021-10-18 07:27:04,17600.0,1000.0,9754900.0
628,2021-10-18 07:27:01,17650.0,5000.0,9753900.0
629,2021-10-18 07:26:57,17600.0,100.0,9748900.0
630,2021-10-18 07:26:56,17650.0,2000.0,9748800.0
631,2021-10-18 07:26:49,17650.0,300.0,9746800.0
632,2021-10-18 07:26:47,17650.0,6400.0,9746500.0
633,2021-10-18 07:26:46,17650.0,100.0,9740100.0
634,2021-10-18 07:26:43,17650.0,1000.0,9740000.0
635,2021-10-18 07:26:39,17650.0,100.0,9739000.0
636,2021-10-18 07:26:37,17650.0,100.0,9738900.0
637,2021-10-18 07:26:34,17650.0,1000.0,9738800.0
638,2021-10-18 07:26:34,17650.0,3100.0,9737800.0
639,2021-10-18 07:26:31,17600.0,200.0,9734700.0
640,2021-10-18 07:26:25,17650.0,500.0,9734500.0
641,2021-10-18 07:26:21,17650.0,600.0,9734000.0
642,2021-10-18 07:26:19,17650.0,100.0,9733400.0
643,2021-10-18 07:26:19,17650.0,800.0,9733300.0
644,2021-10-18 07:26:14,17650.0,1000.0,9732500.0
645,2021-10-18 07:26:11,17650.0,100.0,9731500.0
646,2021-10-18 07:26:11,17650.0,100.0,9731400.0
647,2021-10-18 07:26:11,17650.0,100.0,9731300.0
648,2021-10-18 07:26:08,17600.0,100.0,9731200.0
649,2021-10-18 07:26:07,17650.0,200.0,9731100.0
650,2021-10-18 07:26:06,17650.0,100.0,9730900.0
651,2021-10-18 07:26:03,17650.0,200.0,9730800.0
652,2021-10-18 07:26:01,17650.0,700.0,9730600.0
653,2021-10-18 07:26:00,17650.0,4700.0,9729900.0
654,2021-10-18 07:26:00,17650.0,500.0,9725200.0
655,2021-10-18 07:26:00,17650.0,700.0,9724700.0
656,2021-10-18 07:25:50,17650.0,100.0,9724000.0
657,2021-10-18 07:25:50,17650.0,1400.0,9723900.0
658,2021-10-18 07:25:50,17650.0,3600.0,9722500.0
659,2021-10-18 07:25:49,17650.0,100.0,9718900.0
660,2021-10-18 07:25:43,17650.0,1000.0,9718800.0
661,2021-10-18 07:25:43,17650.0,800.0,9717800.0
662,2021-10-18 07:25:41,17650.0,200.0,9717000.0
663,2021-10-18 07:25:39,17650.0,1300.0,9716800.0
664,2021-10-18 07:25:39,17650.0,2000.0,9715500.0
665,2021-10-18 07:25:39,17650.0,3000.0,9713500.0
666,2021-10-18 07:25:39,17650.0,100.0,9710500.0
667,2021-10-18 07:25:39,17650.0,3600.0,9710400.0
668,2021-10-18 07:25:32,17650.0,100.0,9706800.0
669,2021-10-18 07:25:32,17650.0,1000.0,9706700.0
670,2021-10-18 07:25:31,17650.0,300.0,9705700.0
671,2021-10-18 07:25:29,17650.0,500.0,9705400.0
672,2021-10-18 07:25:27,17650.0,600.0,9704900.0
673,2021-10-18 07:25:26,17650.0,1000.0,9704300.0
674,2021-10-18 07:25:23,17650.0,1800.0,9703300.0
675,2021-10-18 07:25:23,17650.0,300.0,9701500.0
676,2021-10-18 07:25:23,17650.0,500.0,9701200.0
677,2021-10-18 07:25:22,17650.0,800.0,9700700.0
678,2021-10-18 07:25:22,17650.0,2000.0,9699900.0
679,2021-10-18 07:25:22,17650.0,500.0,9697900.0
680,2021-10-18 07:25:17,17650.0,200.0,9697400.0
681,2021-10-18 07:25:16,17650.0,2000.0,9697200.0
682,2021-10-18 07:25:15,17650.0,1000.0,9695200.0
683,2021-10-18 07:25:15,17650.0,300.0,9694200.0
684,2021-10-18 07:25:15,17650.0,100.0,9693900.0
685,2021-10-18 07:25:15,17650.0,400.0,9693800.0
686,2021-10-18 07:25:15,17650.0,2000.0,9693400.0
687,2021-10-18 07:25:15,17650.0,300.0,9691400.0
688,2021-10-18 07:25:15,17650.0,1000.0,9691100.0
689,2021-10-18 07:25:15,17650.0,500.0,9690100.0
690,2021-10-18 07:25:15,17650.0,5000.0,9689600.0
691,2021-10-18 07:25:15,17650.0,500.0,9684600.0
692,2021-10-18 07:25:15,17650.0,200.0,9684100.0
693,2021-10-18 07:25:15,17650.0,5000.0,9683900.0
694,2021-10-18 07:25:15,17650.0,5000.0,9678900.0
695,2021-10-18 07:25:15,17650.0,500.0,9673900.0
696,2021-10-18 07:25:15,17650.0,200.0,9673400.0
697,2021-10-18 07:25:15,17650.0,500.0,9673200.0
698,2021-10-18 07:25:15,17650.0,1400.0,9672700.0
699,2021-10-18 07:25:15,17650.0,200.0,9671300.0
700,2021-10-18 07:25:15,17650.0,1000.0,9671100.0
701,2021-10-18 07:25:15,17650.0,100.0,9670100.0
702,2021-10-18 07:25:15,17650.0,300.0,9670000.0
703,2021-10-18 07:25:15,17650.0,3000.0,9669700.0
704,2021-10-18 07:25:15,17650.0,100.0,9666700.0
705,2021-10-18 07:25:15,17650.0,100.0,9666600.0
706,2021-10-18 07:25:15,17650.0,1000.0,9666500.0
707,2021-10-18 07:25:15,17650.0,1000.0,9665500.0
708,2021-10-18 07:25:15,17650.0,1000.0,9664500.0
709,2021-10-18 07:25:15,17650.0,500.0,9663500.0
710,2021-10-18 07:25:15,17650.0,200.0,9663000.0
711,2021-10-18 07:25:15,17650.0,500.0,9662800.0
712,2021-10-18 07:25:15,17650.0,100.0,9662300.0
713,2021-10-18 07:25:15,17650.0,2900.0,9662200.0
714,2021-10-18 07:25:15,17650.0,100.0,9659300.0
715,2021-10-18 07:25:15,17650.0,100.0,9659200.0
716,2021-10-18 07:25:15,17650.0,3400.0,9659100.0
717,2021-10-18 07:25:15,17650.0,3700.0,9655700.0
718,2021-10-18 07:25:15,17650.0,1000.0,9652000.0
719,2021-10-18 07:25:15,17650.0,500.0,9651000.0
720,2021-10-18 07:25:15,17650.0,200.0,9650500.0
721,2021-10-18 07:25:15,17650.0,200.0,9650300.0
722,2021-10-18 07:25:15,17650.0,1500.0,9650100.0
723,2021-10-18 07:25:15,17650.0,1700.0,9648600.0
724,2021-10-18 07:25:15,17650.0,200.0,9646900.0
725,2021-10-18 07:25:15,17650.0,1000.0,9646700.0
726,2021-10-18 07:25:15,17650.0,2000.0,9645700.0
727,2021-10-18 07:25:15,17650.0,500.0,9643700.0
728,2021-10-18 07:25:15,17650.0,1700.0,9643200.0
729,2021-10-18 07:25:15,17650.0,100.0,9641500.0
730,2021-10-18 07:25:15,17650.0,200.0,9641400.0
731,2021-10-18 07:25:15,17650.0,3600.0,9641200.0
732,2021-10-18 07:25:15,17650.0,200.0,9637600.0
733,2021-10-18 07:25:15,17650.0,200.0,9637400.0
734,2021-10-18 07:25:15,17650.0,5000.0,9637200.0
735,2021-10-18 07:25:15,17650.0,6000.0,9632200.0
736,2021-10-18 07:25:15,17650.0,100.0,9626200.0
737,2021-10-18 07:25:15,17650.0,200.0,9626100.0
738,2021-10-18 07:25:15,17650.0,1000.0,9625900.0
739,2021-10-18 07:25:15,17650.0,5000.0,9624900.0
740,2021-10-18 07:25:15,17650.0,9500.0,9619900.0
741,2021-10-18 07:25:13,17650.0,200.0,9610400.0
742,2021-10-18 07:25:06,17700.0,400.0,9610200.0
743,2021-10-18 07:25:05,17650.0,300.0,9609800.0
744,2021-10-18 07:25:05,17650.0,100.0,9609500.0
745,2021-10-18 07:25:05,17650.0,200.0,9609400.0
746,2021-10-18 07:25:05,17650.0,1900.0,9609200.0
747,2021-10-18 07:25:03,17700.0,300.0,9607300.0
748,2021-10-18 07:25:03,17700.0,200.0,9607000.0
749,2021-10-18 07:25:03,17700.0,4500.0,9606800.0
750,2021-10-18 07:24:56,17650.0,200.0,9602300.0
751,2021-10-18 07:24:55,17700.0,18000.0,9602100.0
752,2021-10-18 07:24:49,17650.0,900.0,9584100.0
753,2021-10-18 07:24:49,17650.0,500.0,9583200.0
754,2021-10-18 07:24:49,17650.0,1600.0,9582700.0
755,2021-10-18 07:24:47,17700.0,200.0,9581100.0
756,2021-10-18 07:24:38,17700.0,500.0,9580900.0
757,2021-10-18 07:24:24,17700.0,1000.0,9580400.0
758,2021-10-18 07:24:17,17650.0,1400.0,9579400.0
759,2021-10-18 07:24:17,17650.0,400.0,9578000.0
760,2021-10-18 07:24:17,17650.0,200.0,9577600.0
761,2021-10-18 07:24:13,17650.0,600.0,9577400.0
762,2021-10-18 07:24:06,17650.0,600.0,9576800.0
763,2021-10-18 07:24:06,17650.0,2000.0,9576200.0
764,2021-10-18 07:23:58,17700.0,800.0,9574200.0
765,2021-10-18 07:23:58,17700.0,100.0,9573400.0
766,2021-10-18 07:23:58,17700.0,500.0,9573300.0
767,2021-10-18 07:23:58,17700.0,1100.0,9572800.0
768,2021-10-18 07:23:58,17700.0,500.0,9571700.0
769,2021-10-18 07:23:58,17700.0,14500.0,9571200.0
770,2021-10-18 07:23:58,17700.0,100.0,9556700.0
771,2021-10-18 07:23:58,17700.0,6000.0,9556600.0
772,2021-10-18 07:23:58,17700.0,3000.0,9550600.0
773,2021-10-18 07:23:58,17700.0,6000.0,9547600.0
774,2021-10-18 07:23:58,17700.0,1000.0,9541600.0
775,2021-10-18 07:23:58,17700.0,200.0,9540600.0
776,2021-10-18 07:23:58,17700.0,6200.0,9540400.0
777,2021-10-18 07:23:56,17650.0,1000.0,9534200.0
778,2021-10-18 07:23:54,17650.0,600.0,9533200.0
779,2021-10-18 07:23:54,17650.0,100.0,9532600.0
780,2021-10-18 07:23:54,17650.0,100.0,9532500.0
781,2021-10-18 07:23:54,17650.0,2200.0,9532400.0
782,2021-10-18 07:23:54,17650.0,400.0,9530200.0
783,2021-10-18 07:23:47,17650.0,500.0,9529800.0
784,2021-10-18 07:23:44,17650.0,700.0,9529300.0
785,2021-10-18 07:23:43,17650.0,6200.0,9528600.0
786,2021-10-18 07:23:43,17650.0,1000.0,9522400.0
787,2021-10-18 07:23:43,17650.0,100.0,9521400.0
788,2021-10-18 07:23:43,17650.0,1000.0,9521300.0
789,2021-10-18 07:23:43,17650.0,1500.0,9520300.0
790,2021-10-18 07:23:43,17650.0,300.0,9518800.0
791,2021-10-18 07:23:43,17650.0,2000.0,9518500.0
792,2021-10-18 07:23:43,17650.0,100.0,9516500.0
793,2021-10-18 07:23:43,17650.0,300.0,9516400.0
794,2021-10-18 07:23:43,17650.0,1000.0,9516100.0
795,2021-10-18 07:23:43,17650.0,200.0,9515100.0
796,2021-10-18 07:23:43,17650.0,2000.0,9514900.0
797,2021-10-18 07:23:43,17650.0,500.0,9512900.0
798,2021-10-18 07:23:43,17650.0,3800.0,9512400.0
799,2021-10-18 07:23:42,17650.0,200.0,9508600.0
800,2021-10-18 07:23:31,17650.0,1000.0,9508400.0
801,2021-10-18 07:23:31,17650.0,100.0,9507400.0
802,2021-10-18 07:23:31,17650.0,500.0,9507300.0
803,2021-10-18 07:23:31,17650.0,200.0,9506800.0
804,2021-10-18 07:23:31,17650.0,1000.0,9506600.0
805,2021-10-18 07:23:31,17650.0,3000.0,9505600.0
806,2021-10-18 07:23:31,17650.0,2000.0,9502600.0
807,2021-10-18 07:23:31,17650.0,500.0,9500600.0
808,2021-10-18 07:23:31,17650.0,200.0,9500100.0
809,2021-10-18 07:23:31,17650.0,300.0,9499900.0
810,2021-10-18 07:23:31,17650.0,3000.0,9499600.0
811,2021-10-18 07:23:31,17650.0,1000.0,9496600.0
812,2021-10-18 07:23:31,17650.0,500.0,9495600.0
813,2021-10-18 07:23:31,17650.0,500.0,9495100.0
814,2021-10-18 07:23:31,17650.0,500.0,9494600.0
815,2021-10-18 07:23:31,17650.0,100.0,9494100.0
816,2021-10-18 07:23:31,17650.0,100.0,9494000.0
817,2021-10-18 07:23:31,17650.0,200.0,9493900.0
818,2021-10-18 07:23:31,17650.0,100.0,9493700.0
819,2021-10-18 07:23:31,17650.0,300.0,9493600.0
820,2021-10-18 07:23:31,17650.0,100.0,9493300.0
821,2021-10-18 07:23:31,17650.0,1800.0,9493200.0
822,2021-10-18 07:23:30,17700.0,800.0,9491400.0
823,2021-10-18 07:23:30,17700.0,200.0,9490600.0
824,2021-10-18 07:23:29,17650.0,200.0,9490400.0
825,2021-10-18 07:23:26,17650.0,4300.0,9490200.0
826,2021-10-18 07:23:26,17650.0,1500.0,9485900.0
827,2021-10-18 07:23:22,17650.0,200.0,9484400.0
828,2021-10-18 07:23:15,17650.0,1000.0,9484200.0
829,2021-10-18 07:23:02,17650.0,1000.0,9483200.0
830,2021-10-18 07:23:01,17700.0,500.0,9482200.0
831,2021-10-18 07:22:56,17700.0,100.0,9481700.0
832,2021-10-18 07:22:55,17650.0,1300.0,9481600.0
833,2021-10-18 07:22:55,17650.0,8000.0,9480300.0
834,2021-10-18 07:22:53,17650.0,500.0,9472300.0
835,2021-10-18 07:22:39,17650.0,500.0,9471800.0
836,2021-10-18 07:22:39,17650.0,300.0,9471300.0
837,2021-10-18 07:22:37,17650.0,3500.0,9471000.0
838,2021-10-18 07:22:32,17650.0,1800.0,9467500.0
839,2021-10-18 07:22:32,17650.0,700.0,9465700.0
840,2021-10-18 07:22:30,17650.0,700.0,9465000.0
841,2021-10-18 07:22:27,17650.0,500.0,9464300.0
842,2021-10-18 07:22:27,17650.0,2200.0,9463800.0
843,2021-10-18 07:22:27,17650.0,1000.0,9461600.0
844,2021-10-18 07:22:27,17650.0,2000.0,9460600.0
845,2021-10-18 07:22:27,17650.0,1000.0,9458600.0
846,2021-10-18 07:22:27,17650.0,500.0,9457600.0
847,2021-10-18 07:22:27,17650.0,200.0,9457100.0
848,2021-10-18 07:22:27,17650.0,100.0,9456900.0
849,2021-10-18 07:22:27,17650.0,100.0,9456800.0
850,2021-10-18 07:22:27,17650.0,300.0,9456700.0
851,2021-10-18 07:22:27,17650.0,500.0,9456400.0
852,2021-10-18 07:22:27,17650.0,2000.0,9455900.0
853,2021-10-18 07:22:27,17650.0,1000.0,9453900.0
854,2021-10-18 07:22:27,17650.0,9100.0,9452900.0
855,2021-10-18 07:22:20,17650.0,400.0,9443800.0
856,2021-10-18 07:22:17,17650.0,3000.0,9443400.0
857,2021-10-18 07:22:14,17650.0,1000.0,9440400.0
858,2021-10-18 07:22:12,17650.0,200.0,9439400.0
859,2021-10-18 07:22:11,17650.0,4800.0,9439200.0
860,2021-10-18 07:21:59,17650.0,3000.0,9434400.0
861,2021-10-18 07:21:52,17650.0,1800.0,9431400.0
862,2021-10-18 07:21:44,17650.0,17000.0,9429600.0
863,2021-10-18 07:21:41,17650.0,1000.0,9412600.0
864,2021-10-18 07:21:34,17700.0,1900.0,9411600.0
865,2021-10-18 07:21:33,17650.0,1000.0,9409700.0
866,2021-10-18 07:21:17,17650.0,100.0,9408700.0
867,2021-10-18 07:21:11,17700.0,300.0,9408600.0
868,2021-10-18 07:21:08,17700.0,2000.0,9408300.0
869,2021-10-18 07:21:06,17700.0,100.0,9406300.0
870,2021-10-18 07:21:01,17650.0,1900.0,9406200.0
871,2021-10-18 07:20:53,17650.0,2000.0,9404300.0
872,2021-10-18 07:20:51,17700.0,500.0,9402300.0
873,2021-10-18 07:20:51,17700.0,500.0,9401800.0
874,2021-10-18 07:20:51,17700.0,2000.0,9401300.0
875,2021-10-18 07:20:51,17700.0,2000.0,9399300.0
876,2021-10-18 07:20:44,17650.0,2500.0,9397300.0
877,2021-10-18 07:20:42,17700.0,100.0,9394800.0
878,2021-10-18 07:20:42,17700.0,900.0,9394700.0
879,2021-10-18 07:20:42,17700.0,100.0,9393800.0
880,2021-10-18 07:20:29,17700.0,500.0,9393700.0
881,2021-10-18 07:20:29,17700.0,500.0,9393200.0
882,2021-10-18 07:20:16,17700.0,300.0,9392700.0
883,2021-10-18 07:20:10,17700.0,100.0,9392400.0
884,2021-10-18 07:20:08,17700.0,100.0,9392300.0
885,2021-10-18 07:20:08,17700.0,900.0,9392200.0
886,2021-10-18 07:19:58,17700.0,500.0,9391300.0
887,2021-10-18 07:19:58,17700.0,300.0,9390800.0
888,2021-10-18 07:19:58,17700.0,200.0,9390500.0
889,2021-10-18 07:19:58,17700.0,100.0,9390300.0
890,2021-10-18 07:19:58,17700.0,100.0,9390200.0
891,2021-10-18 07:19:58,17700.0,3000.0,9390100.0
892,2021-10-18 07:19:58,17700.0,800.0,9387100.0
893,2021-10-18 07:19:56,17650.0,500.0,9386300.0
894,2021-10-18 07:19:51,17700.0,200.0,9385800.0
895,2021-10-18 07:19:42,17700.0,300.0,9385600.0
896,2021-10-18 07:19:27,17700.0,2000.0,9385300.0
897,2021-10-18 07:19:24,17700.0,200.0,9383300.0
898,2021-10-18 07:19:21,17700.0,100.0,9383100.0
899,2021-10-18 07:19:19,17650.0,700.0,9383000.0
900,2021-10-18 07:19:19,17650.0,300.0,9382300.0
901,2021-10-18 07:19:17,17650.0,100.0,9382000.0
902,2021-10-18 07:19:16,17650.0,100.0,9381900.0
903,2021-10-18 07:19:16,17650.0,500.0,9381800.0
904,2021-10-18 07:19:16,17650.0,8400.0,9381300.0
905,2021-10-18 07:19:09,17650.0,100.0,9372900.0
906,2021-10-18 07:19:09,17700.0,1200.0,9372800.0
907,2021-10-18 07:19:09,17700.0,200.0,9371600.0
908,2021-10-18 07:19:09,17700.0,200.0,9371400.0
909,2021-10-18 07:19:09,17700.0,100.0,9371200.0
910,2021-10-18 07:19:09,17700.0,200.0,9371100.0
911,2021-10-18 07:19:09,17700.0,500.0,9370900.0
912,2021-10-18 07:19:09,17700.0,300.0,9370400.0
913,2021-10-18 07:19:09,17700.0,1000.0,9370100.0
914,2021-10-18 07:19:09,17700.0,700.0,9369100.0
915,2021-10-18 07:19:09,17700.0,1500.0,9368400.0
916,2021-10-18 07:19:09,17700.0,100.0,9366900.0
917,2021-10-18 07:19:05,17650.0,100.0,9366800.0
918,2021-10-18 07:19:05,17650.0,400.0,9366700.0
919,2021-10-18 07:19:04,17650.0,200.0,9366300.0
920,2021-10-18 07:19:01,17650.0,200.0,9366100.0
921,2021-10-18 07:18:43,17650.0,2000.0,9365900.0
922,2021-10-18 07:18:39,17650.0,200.0,9363900.0
923,2021-10-18 07:18:37,17650.0,100.0,9363700.0
924,2021-10-18 07:18:30,17650.0,3000.0,9363600.0
925,2021-10-18 07:18:29,17650.0,300.0,9360600.0
926,2021-10-18 07:18:14,17650.0,400.0,9360300.0
927,2021-10-18 07:18:05,17650.0,1000.0,9359900.0
928,2021-10-18 07:18:00,17650.0,3600.0,9358900.0
929,2021-10-18 07:18:00,17650.0,100.0,9355300.0
930,2021-10-18 07:18:00,17650.0,500.0,9355200.0
931,2021-10-18 07:18:00,17650.0,200.0,9354700.0
932,2021-10-18 07:18:00,17650.0,100.0,9354500.0
933,2021-10-18 07:18:00,17650.0,100.0,9354400.0
934,2021-10-18 07:18:00,17650.0,300.0,9354300.0
935,2021-10-18 07:18:00,17650.0,1000.0,9354000.0
936,2021-10-18 07:18:00,17650.0,1000.0,9353000.0
937,2021-10-18 07:18:00,17650.0,400.0,9352000.0
938,2021-10-18 07:18:00,17650.0,200.0,9351600.0
939,2021-10-18 07:18:00,17650.0,100.0,9351400.0
940,2021-10-18 07:18:00,17650.0,6000.0,9351300.0
941,2021-10-18 07:18:00,17650.0,1600.0,9345300.0
942,2021-10-18 07:18:00,17650.0,200.0,9343700.0
943,2021-10-18 07:18:00,17650.0,2000.0,9343500.0
944,2021-10-18 07:18:00,17650.0,1000.0,9341500.0
945,2021-10-18 07:18:00,17650.0,100.0,9340500.0
946,2021-10-18 07:18:00,17650.0,100.0,9340400.0
947,2021-10-18 07:18:00,17650.0,1000.0,9340300.0
948,2021-10-18 07:18:00,17650.0,1600.0,9339300.0
949,2021-10-18 07:18:00,17650.0,1400.0,9337700.0
950,2021-10-18 07:18:00,17650.0,2400.0,9336300.0
951,2021-10-18 07:17:57,17650.0,400.0,9333900.0
952,2021-10-18 07:17:56,17650.0,300.0,9333500.0
953,2021-10-18 07:17:34,17650.0,100.0,9333200.0
954,2021-10-18 07:17:27,17650.0,1500.0,9333100.0
955,2021-10-18 07:17:27,17650.0,500.0,9331600.0
956,2021-10-18 07:17:23,17650.0,500.0,9331100.0
957,2021-10-18 07:17:19,17650.0,2000.0,9330600.0
958,2021-10-18 07:17:15,17650.0,2000.0,9328600.0
959,2021-10-18 07:17:10,17700.0,300.0,9326600.0
960,2021-10-18 07:17:02,17650.0,100.0,9326300.0
961,2021-10-18 07:17:02,17650.0,200.0,9326200.0
962,2021-10-18 07:17:02,17650.0,300.0,9326000.0
963,2021-10-18 07:17:02,17650.0,4400.0,9325700.0
964,2021-10-18 07:17:02,17650.0,100.0,9321300.0
965,2021-10-18 07:17:01,17650.0,500.0,9321200.0
966,2021-10-18 07:17:01,17650.0,2000.0,9320700.0
967,2021-10-18 07:17:01,17650.0,1500.0,9318700.0
968,2021-10-18 07:17:01,17650.0,2000.0,9317200.0
969,2021-10-18 07:16:59,17650.0,500.0,9315200.0
970,2021-10-18 07:16:58,17650.0,1000.0,9314700.0
971,2021-10-18 07:16:56,17650.0,300.0,9313700.0
972,2021-10-18 07:16:55,17600.0,15000.0,9313400.0
973,2021-10-18 07:16:55,17650.0,3000.0,9298400.0
974,2021-10-18 07:16:54,17650.0,100.0,9295400.0
975,2021-10-18 07:16:52,17650.0,300.0,9295300.0
976,2021-10-18 07:16:51,17650.0,200.0,9295000.0
977,2021-10-18 07:16:48,17650.0,200.0,9294800.0
978,2021-10-18 07:16:46,17650.0,500.0,9294600.0
979,2021-10-18 07:16:44,17650.0,2000.0,9294100.0
980,2021-10-18 07:16:39,17600.0,500.0,9292100.0
981,2021-10-18 07:16:39,17650.0,300.0,9291600.0
982,2021-10-18 07:16:37,17600.0,1000.0,9291300.0
983,2021-10-18 07:16:36,17650.0,300.0,9290300.0
984,2021-10-18 07:16:36,17650.0,200.0,9290000.0
985,2021-10-18 07:16:34,17650.0,1500.0,9289800.0
986,2021-10-18 07:16:33,17650.0,10000.0,9288300.0
987,2021-10-18 07:16:31,17650.0,5000.0,9278300.0
988,2021-10-18 07:16:31,17650.0,1500.0,9273300.0
989,2021-10-18 07:16:30,17650.0,100.0,9271800.0
990,2021-10-18 07:16:28,17650.0,100.0,9271700.0
991,2021-10-18 07:16:25,17650.0,200.0,9271600.0
992,2021-10-18 07:16:25,17650.0,1000.0,9271400.0
993,2021-10-18 07:16:25,17650.0,100.0,9270400.0
994,2021-10-18 07:16:25,17650.0,500.0,9270300.0
995,2021-10-18 07:16:25,17650.0,1500.0,9269800.0
996,2021-10-18 07:16:25,17650.0,500.0,9268300.0
997,2021-10-18 07:16:25,17650.0,1000.0,9267800.0
998,2021-10-18 07:16:25,17650.0,300.0,9266800.0
999,2021-10-18 07:16:25,17650.0,1000.0,9266500.0
1000,2021-10-18 07:16:25,17650.0,1000.0,9265500.0
1001,2021-10-18 07:16:25,17650.0,10000.0,9264500.0
1002,2021-10-18 07:16:25,17650.0,1000.0,9254500.0
1003,2021-10-18 07:16:25,17650.0,500.0,9253500.0
1004,2021-10-18 07:16:25,17650.0,2200.0,9253000.0
1005,2021-10-18 07:16:25,17650.0,3000.0,9250800.0
1006,2021-10-18 07:16:25,17650.0,5800.0,9247800.0
1007,2021-10-18 07:16:25,17650.0,100.0,9242000.0
1008,2021-10-18 07:16:25,17650.0,1000.0,9241900.0
1009,2021-10-18 07:16:25,17650.0,2000.0,9240900.0
1010,2021-10-18 07:16:25,17650.0,16700.0,9238900.0
1011,2021-10-18 07:16:20,17650.0,1000.0,9222200.0
1012,2021-10-18 07:16:16,17650.0,100.0,9221200.0
1013,2021-10-18 07:16:16,17700.0,200.0,9221100.0
1014,2021-10-18 07:16:13,17650.0,1000.0,9220900.0
1015,2021-10-18 07:16:11,17700.0,900.0,9219900.0
1016,2021-10-18 07:16:10,17700.0,400.0,9219000.0
1017,2021-10-18 07:16:05,17650.0,100.0,9218600.0
1018,2021-10-18 07:16:02,17650.0,100.0,9218500.0
1019,2021-10-18 07:16:01,17700.0,300.0,9218400.0
1020,2021-10-18 07:16:01,17700.0,1200.0,9218100.0
1021,2021-10-18 07:16:01,17700.0,200.0,9216900.0
1022,2021-10-18 07:16:01,17700.0,100.0,9216700.0
1023,2021-10-18 07:16:01,17700.0,400.0,9216600.0
1024,2021-10-18 07:16:01,17700.0,100.0,9216200.0
1025,2021-10-18 07:16:01,17700.0,500.0,9216100.0
1026,2021-10-18 07:16:01,17700.0,500.0,9215600.0
1027,2021-10-18 07:16:01,17700.0,200.0,9215100.0
1028,2021-10-18 07:16:01,17700.0,1400.0,9214900.0
1029,2021-10-18 07:16:01,17700.0,1000.0,9213500.0
1030,2021-10-18 07:16:01,17700.0,5000.0,9212500.0
1031,2021-10-18 07:16:01,17700.0,300.0,9207500.0
1032,2021-10-18 07:16:01,17700.0,1100.0,9207200.0
1033,2021-10-18 07:16:01,17700.0,600.0,9206100.0
1034,2021-10-18 07:16:01,17700.0,500.0,9205500.0
1035,2021-10-18 07:16:01,17700.0,200.0,9205000.0
1036,2021-10-18 07:16:01,17700.0,16400.0,9204800.0
1037,2021-10-18 07:15:56,17650.0,1500.0,9188400.0
1038,2021-10-18 07:15:53,17650.0,1000.0,9186900.0
1039,2021-10-18 07:15:49,17650.0,500.0,9185900.0
1040,2021-10-18 07:15:47,17650.0,900.0,9185400.0
1041,2021-10-18 07:15:38,17650.0,100.0,9184500.0
1042,2021-10-18 07:15:36,17700.0,500.0,9184400.0
1043,2021-10-18 07:15:27,17650.0,5000.0,9183900.0
1044,2021-10-18 07:15:26,17650.0,200.0,9178900.0
1045,2021-10-18 07:15:25,17650.0,3800.0,9178700.0
1046,2021-10-18 07:15:25,17650.0,1000.0,9174900.0
1047,2021-10-18 07:15:25,17650.0,200.0,9173900.0
1048,2021-10-18 07:15:25,17650.0,300.0,9173700.0
1049,2021-10-18 07:15:25,17650.0,200.0,9173400.0
1050,2021-10-18 07:15:25,17650.0,1500.0,9173200.0
1051,2021-10-18 07:15:23,17650.0,200.0,9171700.0
1052,2021-10-18 07:15:17,17650.0,300.0,9171500.0
1053,2021-10-18 07:15:17,17650.0,200.0,9171200.0
1054,2021-10-18 07:15:17,17650.0,200.0,9171000.0
1055,2021-10-18 07:15:17,17650.0,100.0,9170800.0
1056,2021-10-18 07:15:15,17650.0,100.0,9170700.0
1057,2021-10-18 07:15:14,17650.0,5000.0,9170600.0
1058,2021-10-18 07:15:13,17650.0,500.0,9165600.0
1059,2021-10-18 07:15:12,17650.0,4300.0,9165100.0
1060,2021-10-18 07:15:12,17650.0,1000.0,9160800.0
1061,2021-10-18 07:15:12,17650.0,3000.0,9159800.0
1062,2021-10-18 07:15:12,17650.0,200.0,9156800.0
1063,2021-10-18 07:15:12,17650.0,300.0,9156600.0
1064,2021-10-18 07:15:12,17650.0,1200.0,9156300.0
1065,2021-10-18 07:15:12,17650.0,100.0,9155100.0
1066,2021-10-18 07:15:11,17650.0,200.0,9155000.0
1067,2021-10-18 07:15:11,17650.0,100.0,9154800.0
1068,2021-10-18 07:15:11,17650.0,200.0,9154700.0
1069,2021-10-18 07:15:11,17650.0,800.0,9154500.0
1070,2021-10-18 07:15:11,17650.0,1000.0,9153700.0
1071,2021-10-18 07:15:11,17650.0,1100.0,9152700.0
1072,2021-10-18 07:15:00,17650.0,300.0,9151600.0
1073,2021-10-18 07:15:00,17650.0,200.0,9151300.0
1074,2021-10-18 07:14:57,17600.0,500.0,9151100.0
1075,2021-10-18 07:14:57,17600.0,200.0,9150600.0
1076,2021-10-18 07:14:55,17650.0,500.0,9150400.0
1077,2021-10-18 07:14:54,17600.0,200.0,9149900.0
1078,2021-10-18 07:14:54,17600.0,1400.0,9149700.0
1079,2021-10-18 07:14:54,17650.0,1300.0,9148300.0
1080,2021-10-18 07:14:54,17650.0,700.0,9147000.0
1081,2021-10-18 07:14:51,17600.0,3000.0,9146300.0
1082,2021-10-18 07:14:51,17650.0,300.0,9143300.0
1083,2021-10-18 07:14:51,17650.0,500.0,9143000.0
1084,2021-10-18 07:14:51,17650.0,2200.0,9142500.0
1085,2021-10-18 07:14:44,17600.0,1900.0,9140300.0
1086,2021-10-18 07:14:42,17600.0,500.0,9138400.0
1087,2021-10-18 07:14:41,17650.0,400.0,9137900.0
1088,2021-10-18 07:14:41,17650.0,400.0,9137500.0
1089,2021-10-18 07:14:41,17650.0,100.0,9137100.0
1090,2021-10-18 07:14:40,17650.0,1000.0,9137000.0
1091,2021-10-18 07:14:40,17650.0,2000.0,9136000.0
1092,2021-10-18 07:14:40,17650.0,200.0,9134000.0
1093,2021-10-18 07:14:40,17650.0,1800.0,9133800.0
1094,2021-10-18 07:14:40,17650.0,10000.0,9132000.0
1095,2021-10-18 07:14:40,17650.0,1000.0,9122000.0
1096,2021-10-18 07:14:40,17650.0,3000.0,9121000.0
1097,2021-10-18 07:14:40,17650.0,800.0,9118000.0
1098,2021-10-18 07:14:40,17650.0,200.0,9117200.0
1099,2021-10-18 07:14:40,17650.0,200.0,9117000.0
1100,2021-10-18 07:14:37,17600.0,300.0,9116800.0
1101,2021-10-18 07:14:35,17650.0,400.0,9116500.0
1102,2021-10-18 07:14:33,17600.0,100.0,9116100.0
1103,2021-10-18 07:14:33,17600.0,400.0,9116000.0
1104,2021-10-18 07:14:30,17600.0,200.0,9115600.0
1105,2021-10-18 07:14:24,17600.0,100.0,9115400.0
1106,2021-10-18 07:14:21,17600.0,500.0,9115300.0
1107,2021-10-18 07:14:21,17600.0,1000.0,9114800.0
1108,2021-10-18 07:14:21,17600.0,400.0,9113800.0
1109,2021-10-18 07:14:21,17600.0,400.0,9113400.0
1110,2021-10-18 07:14:18,17600.0,100.0,9113000.0
1111,2021-10-18 07:14:18,17600.0,100.0,9112900.0
1112,2021-10-18 07:14:16,17600.0,400.0,9112800.0
1113,2021-10-18 07:14:16,17600.0,600.0,9112400.0
1114,2021-10-18 07:14:15,17600.0,500.0,9111800.0
1115,2021-10-18 07:14:15,17600.0,100.0,9111300.0
1116,2021-10-18 07:14:14,17600.0,2800.0,9111200.0
1117,2021-10-18 07:14:14,17600.0,300.0,9108400.0
1118,2021-10-18 07:14:14,17600.0,100.0,9108100.0
1119,2021-10-18 07:14:14,17600.0,100.0,9108000.0
1120,2021-10-18 07:14:14,17600.0,4000.0,9107900.0
1121,2021-10-18 07:14:14,17600.0,400.0,9103900.0
1122,2021-10-18 07:14:14,17600.0,2300.0,9103500.0
1123,2021-10-18 07:14:14,17600.0,100.0,9101200.0
1124,2021-10-18 07:14:12,17600.0,600.0,9101100.0
1125,2021-10-18 07:14:11,17600.0,200.0,9100500.0
1126,2021-10-18 07:14:11,17600.0,300.0,9100300.0
1127,2021-10-18 07:14:11,17600.0,500.0,9100000.0
1128,2021-10-18 07:14:10,17600.0,2000.0,9099500.0
1129,2021-10-18 07:14:05,17600.0,1000.0,9097500.0
1130,2021-10-18 07:14:04,17600.0,300.0,9096500.0
1131,2021-10-18 07:14:01,17600.0,1000.0,9096200.0
1132,2021-10-18 07:14:01,17600.0,2500.0,9095200.0
1133,2021-10-18 07:13:59,17600.0,100.0,9092700.0
1134,2021-10-18 07:13:54,17600.0,22500.0,9092600.0
1135,2021-10-18 07:13:54,17600.0,100.0,9070100.0
1136,2021-10-18 07:13:54,17600.0,400.0,9070000.0
1137,2021-10-18 07:13:54,17600.0,100.0,9069600.0
1138,2021-10-18 07:13:51,17600.0,1000.0,9069500.0
1139,2021-10-18 07:13:51,17600.0,1500.0,9068500.0
1140,2021-10-18 07:13:48,17550.0,500.0,9067000.0
1141,2021-10-18 07:13:48,17550.0,100.0,9066500.0
1142,2021-10-18 07:13:48,17550.0,500.0,9066400.0
1143,2021-10-18 07:13:48,17600.0,2000.0,9065900.0
1144,2021-10-18 07:13:47,17600.0,2000.0,9063900.0
1145,2021-10-18 07:13:44,17600.0,400.0,9061900.0
1146,2021-10-18 07:13:43,17600.0,100.0,9061500.0
1147,2021-10-18 07:13:43,17600.0,100.0,9061400.0
1148,2021-10-18 07:13:43,17600.0,500.0,9061300.0
1149,2021-10-18 07:13:43,17600.0,500.0,9060800.0
1150,2021-10-18 07:13:43,17600.0,200.0,9060300.0
1151,2021-10-18 07:13:43,17600.0,1000.0,9060100.0
1152,2021-10-18 07:13:43,17600.0,200.0,9059100.0
1153,2021-10-18 07:13:43,17600.0,200.0,9058900.0
1154,2021-10-18 07:13:43,17600.0,2000.0,9058700.0
1155,2021-10-18 07:13:43,17600.0,300.0,9056700.0
1156,2021-10-18 07:13:43,17600.0,500.0,9056400.0
1157,2021-10-18 07:13:43,17600.0,500.0,9055900.0
1158,2021-10-18 07:13:43,17600.0,1000.0,9055400.0
1159,2021-10-18 07:13:43,17600.0,100.0,9054400.0
1160,2021-10-18 07:13:43,17600.0,5000.0,9054300.0
1161,2021-10-18 07:13:43,17600.0,300.0,9049300.0
1162,2021-10-18 07:13:43,17600.0,100.0,9049000.0
1163,2021-10-18 07:13:43,17600.0,5000.0,9048900.0
1164,2021-10-18 07:13:43,17600.0,100.0,9043900.0
1165,2021-10-18 07:13:43,17600.0,3000.0,9043800.0
1166,2021-10-18 07:13:43,17600.0,100.0,9040800.0
1167,2021-10-18 07:13:43,17600.0,200.0,9040700.0
1168,2021-10-18 07:13:43,17600.0,300.0,9040500.0
1169,2021-10-18 07:13:43,17600.0,300.0,9040200.0
1170,2021-10-18 07:13:43,17600.0,200.0,9039900.0
1171,2021-10-18 07:13:43,17600.0,5000.0,9039700.0
1172,2021-10-18 07:13:43,17600.0,200.0,9034700.0
1173,2021-10-18 07:13:43,17600.0,500.0,9034500.0
1174,2021-10-18 07:13:43,17600.0,500.0,9034000.0
1175,2021-10-18 07:13:43,17600.0,300.0,9033500.0
1176,2021-10-18 07:13:43,17600.0,100.0,9033200.0
1177,2021-10-18 07:13:43,17600.0,100.0,9033100.0
1178,2021-10-18 07:13:43,17600.0,100.0,9033000.0
1179,2021-10-18 07:13:43,17600.0,900.0,9032900.0
1180,2021-10-18 07:13:43,17600.0,100.0,9032000.0
1181,2021-10-18 07:13:40,17600.0,200.0,9031900.0
1182,2021-10-18 07:13:37,17600.0,200.0,9031700.0
1183,2021-10-18 07:13:37,17600.0,100.0,9031500.0
1184,2021-10-18 07:13:37,17600.0,100.0,9031400.0
1185,2021-10-18 07:13:37,17600.0,300.0,9031300.0
1186,2021-10-18 07:13:37,17650.0,2100.0,9031000.0
1187,2021-10-18 07:13:37,17650.0,900.0,9028900.0
1188,2021-10-18 07:13:37,17650.0,2000.0,9028000.0
1189,2021-10-18 07:13:37,17600.0,200.0,9026000.0
1190,2021-10-18 07:13:37,17600.0,1000.0,9025800.0
1191,2021-10-18 07:13:37,17600.0,200.0,9024800.0
1192,2021-10-18 07:13:37,17600.0,200.0,9024600.0
1193,2021-10-18 07:13:37,17600.0,600.0,9024400.0
1194,2021-10-18 07:13:37,17600.0,500.0,9023800.0
1195,2021-10-18 07:13:37,17600.0,100.0,9023300.0
1196,2021-10-18 07:13:37,17600.0,200.0,9023200.0
1197,2021-10-18 07:13:37,17600.0,100.0,9023000.0
1198,2021-10-18 07:13:32,17600.0,300.0,9022900.0
1199,2021-10-18 07:13:30,17600.0,500.0,9022600.0
1200,2021-10-18 07:13:29,17600.0,2000.0,9022100.0
1201,2021-10-18 07:13:28,17600.0,2000.0,9020100.0
1202,2021-10-18 07:13:26,17600.0,100.0,9018100.0
1203,2021-10-18 07:13:25,17600.0,2000.0,9018000.0
1204,2021-10-18 07:13:24,17600.0,200.0,9016000.0
1205,2021-10-18 07:13:23,17600.0,900.0,9015800.0
1206,2021-10-18 07:13:21,17600.0,1900.0,9014900.0
1207,2021-10-18 07:13:21,17600.0,3000.0,9013000.0
1208,2021-10-18 07:13:21,17600.0,500.0,9010000.0
1209,2021-10-18 07:13:21,17600.0,500.0,9009500.0
1210,2021-10-18 07:13:21,17600.0,400.0,9009000.0
1211,2021-10-18 07:13:21,17600.0,100.0,9008600.0
1212,2021-10-18 07:13:21,17600.0,600.0,9008500.0
1213,2021-10-18 07:13:21,17600.0,4000.0,9007900.0
1214,2021-10-18 07:13:21,17600.0,100.0,9003900.0
1215,2021-10-18 07:13:20,17600.0,100.0,9003800.0
1216,2021-10-18 07:13:12,17600.0,800.0,9003700.0
1217,2021-10-18 07:13:12,17600.0,600.0,9002900.0
1218,2021-10-18 07:13:10,17650.0,300.0,9002300.0
1219,2021-10-18 07:13:10,17650.0,700.0,9002000.0
1220,2021-10-18 07:13:10,17600.0,200.0,9001300.0
1221,2021-10-18 07:13:10,17600.0,600.0,9001100.0
1222,2021-10-18 07:13:10,17600.0,300.0,9000500.0
1223,2021-10-18 07:13:08,17600.0,200.0,9000200.0
1224,2021-10-18 07:13:07,17600.0,4000.0,9000000.0
1225,2021-10-18 07:13:07,17650.0,300.0,8996000.0
1226,2021-10-18 07:13:06,17650.0,1000.0,8995700.0
1227,2021-10-18 07:13:05,17600.0,1000.0,8994700.0
1228,2021-10-18 07:12:59,17600.0,300.0,8993700.0
1229,2021-10-18 07:12:59,17600.0,500.0,8993400.0
1230,2021-10-18 07:12:59,17650.0,100.0,8992900.0
1231,2021-10-18 07:12:56,17600.0,1000.0,8992800.0
1232,2021-10-18 07:12:50,17650.0,600.0,8991800.0
1233,2021-10-18 07:12:49,17600.0,2100.0,8991200.0
1234,2021-10-18 07:12:49,17600.0,700.0,8989100.0
1235,2021-10-18 07:12:49,17600.0,100.0,8988400.0
1236,2021-10-18 07:12:49,17600.0,300.0,8988300.0
1237,2021-10-18 07:12:49,17600.0,200.0,8988000.0
1238,2021-10-18 07:12:49,17600.0,1000.0,8987800.0
1239,2021-10-18 07:12:49,17600.0,100.0,8986800.0
1240,2021-10-18 07:12:49,17600.0,500.0,8986700.0
1241,2021-10-18 07:12:49,17600.0,100.0,8986200.0
1242,2021-10-18 07:12:49,17600.0,100.0,8986100.0
1243,2021-10-18 07:12:49,17600.0,400.0,8986000.0
1244,2021-10-18 07:12:49,17600.0,100.0,8985600.0
1245,2021-10-18 07:12:49,17600.0,200.0,8985500.0
1246,2021-10-18 07:12:49,17600.0,400.0,8985300.0
1247,2021-10-18 07:12:49,17600.0,200.0,8984900.0
1248,2021-10-18 07:12:49,17600.0,100.0,8984700.0
1249,2021-10-18 07:12:49,17600.0,1000.0,8984600.0
1250,2021-10-18 07:12:49,17600.0,100.0,8983600.0
1251,2021-10-18 07:12:49,17600.0,200.0,8983500.0
1252,2021-10-18 07:12:49,17600.0,200.0,8983300.0
1253,2021-10-18 07:12:49,17600.0,100.0,8983100.0
1254,2021-10-18 07:12:49,17600.0,300.0,8983000.0
1255,2021-10-18 07:12:49,17600.0,100.0,8982700.0
1256,2021-10-18 07:12:49,17600.0,100.0,8982600.0
1257,2021-10-18 07:12:49,17600.0,1000.0,8982500.0
1258,2021-10-18 07:12:49,17600.0,300.0,8981500.0
1259,2021-10-18 07:12:45,17650.0,1100.0,8981200.0
1260,2021-10-18 07:12:44,17600.0,200.0,8980100.0
1261,2021-10-18 07:12:44,17600.0,100.0,8979900.0
1262,2021-10-18 07:12:44,17600.0,200.0,8979800.0
1263,2021-10-18 07:12:44,17600.0,100.0,8979600.0
1264,2021-10-18 07:12:44,17600.0,300.0,8979500.0
1265,2021-10-18 07:12:44,17600.0,5000.0,8979200.0
1266,2021-10-18 07:12:44,17600.0,1000.0,8974200.0
1267,2021-10-18 07:12:44,17600.0,100.0,8973200.0
1268,2021-10-18 07:12:44,17600.0,100.0,8973100.0
1269,2021-10-18 07:12:44,17600.0,1000.0,8973000.0
1270,2021-10-18 07:12:44,17600.0,100.0,8972000.0
1271,2021-10-18 07:12:44,17600.0,500.0,8971900.0
1272,2021-10-18 07:12:44,17600.0,1000.0,8971400.0
1273,2021-10-18 07:12:44,17600.0,500.0,8970400.0
1274,2021-10-18 07:12:44,17600.0,100.0,8969900.0
1275,2021-10-18 07:12:44,17600.0,100.0,8969800.0
1276,2021-10-18 07:12:44,17600.0,1000.0,8969700.0
1277,2021-10-18 07:12:44,17600.0,300.0,8968700.0
1278,2021-10-18 07:12:44,17600.0,100.0,8968400.0
1279,2021-10-18 07:12:44,17600.0,100.0,8968300.0
1280,2021-10-18 07:12:44,17600.0,500.0,8968200.0
1281,2021-10-18 07:12:44,17600.0,500.0,8967700.0
1282,2021-10-18 07:12:44,17600.0,100.0,8967200.0
1283,2021-10-18 07:12:44,17600.0,100.0,8967100.0
1284,2021-10-18 07:12:44,17600.0,6900.0,8967000.0
1285,2021-10-18 07:12:43,17650.0,100.0,8960100.0
1286,2021-10-18 07:12:41,17600.0,200.0,8960000.0
1287,2021-10-18 07:12:37,17650.0,400.0,8959800.0
1288,2021-10-18 07:12:37,17650.0,100.0,8959400.0
1289,2021-10-18 07:12:35,17600.0,1000.0,8959300.0
1290,2021-10-18 07:12:33,17600.0,700.0,8958300.0
1291,2021-10-18 07:12:30,17650.0,500.0,8957600.0
1292,2021-10-18 07:12:29,17600.0,1000.0,8957100.0
1293,2021-10-18 07:12:29,17650.0,500.0,8956100.0
1294,2021-10-18 07:12:29,17650.0,300.0,8955600.0
1295,2021-10-18 07:12:28,17600.0,200.0,8955300.0
1296,2021-10-18 07:12:23,17650.0,100.0,8955100.0
1297,2021-10-18 07:12:20,17650.0,2000.0,8955000.0
1298,2021-10-18 07:12:16,17650.0,1000.0,8953000.0
1299,2021-10-18 07:12:13,17650.0,200.0,8952000.0
1300,2021-10-18 07:12:11,17600.0,5000.0,8951800.0
1301,2021-10-18 07:12:11,17600.0,500.0,8946800.0
1302,2021-10-18 07:12:11,17600.0,100.0,8946300.0
1303,2021-10-18 07:12:11,17600.0,100.0,8946200.0
1304,2021-10-18 07:12:11,17600.0,100.0,8946100.0
1305,2021-10-18 07:12:09,17600.0,200.0,8946000.0
1306,2021-10-18 07:12:04,17650.0,2300.0,8945800.0
1307,2021-10-18 07:12:04,17650.0,400.0,8943500.0
1308,2021-10-18 07:12:04,17650.0,300.0,8943100.0
1309,2021-10-18 07:12:02,17650.0,1000.0,8942800.0
1310,2021-10-18 07:12:01,17600.0,700.0,8941800.0
1311,2021-10-18 07:12:01,17600.0,200.0,8941100.0
1312,2021-10-18 07:12:01,17600.0,500.0,8940900.0
1313,2021-10-18 07:12:01,17600.0,200.0,8940400.0
1314,2021-10-18 07:12:01,17600.0,300.0,8940200.0
1315,2021-10-18 07:12:01,17600.0,300.0,8939900.0
1316,2021-10-18 07:12:01,17600.0,200.0,8939600.0
1317,2021-10-18 07:12:01,17600.0,200.0,8939400.0
1318,2021-10-18 07:12:01,17600.0,300.0,8939200.0
1319,2021-10-18 07:12:01,17600.0,500.0,8938900.0
1320,2021-10-18 07:12:01,17600.0,500.0,8938400.0
1321,2021-10-18 07:12:01,17600.0,1000.0,8937900.0
1322,2021-10-18 07:12:01,17600.0,100.0,8936900.0
1323,2021-10-18 07:11:58,17650.0,100.0,8936800.0
1324,2021-10-18 07:11:57,17600.0,100.0,8936700.0
1325,2021-10-18 07:11:57,17600.0,100.0,8936600.0
1326,2021-10-18 07:11:57,17600.0,200.0,8936500.0
1327,2021-10-18 07:11:57,17600.0,100.0,8936300.0
1328,2021-10-18 07:11:57,17600.0,100.0,8936200.0
1329,2021-10-18 07:11:57,17600.0,200.0,8936100.0
1330,2021-10-18 07:11:57,17600.0,2000.0,8935900.0
1331,2021-10-18 07:11:57,17600.0,100.0,8933900.0
1332,2021-10-18 07:11:57,17600.0,300.0,8933800.0
1333,2021-10-18 07:11:57,17600.0,1000.0,8933500.0
1334,2021-10-18 07:11:57,17600.0,700.0,8932500.0
1335,2021-10-18 07:11:57,17600.0,2800.0,8931800.0
1336,2021-10-18 07:11:56,17600.0,1200.0,8929000.0
1337,2021-10-18 07:11:56,17600.0,2000.0,8927800.0
1338,2021-10-18 07:11:56,17600.0,2500.0,8925800.0
1339,2021-10-18 07:11:50,17650.0,100.0,8923300.0
1340,2021-10-18 07:11:50,17600.0,3500.0,8923200.0
1341,2021-10-18 07:11:50,17600.0,800.0,8919700.0
1342,2021-10-18 07:11:50,17600.0,100.0,8918900.0
1343,2021-10-18 07:11:50,17600.0,200.0,8918800.0
1344,2021-10-18 07:11:50,17600.0,5000.0,8918600.0
1345,2021-10-18 07:11:50,17600.0,10000.0,8913600.0
1346,2021-10-18 07:11:50,17600.0,500.0,8903600.0
1347,2021-10-18 07:11:50,17600.0,100.0,8903100.0
1348,2021-10-18 07:11:50,17600.0,200.0,8903000.0
1349,2021-10-18 07:11:50,17600.0,100.0,8902800.0
1350,2021-10-18 07:11:50,17600.0,2000.0,8902700.0
1351,2021-10-18 07:11:50,17600.0,5000.0,8900700.0
1352,2021-10-18 07:11:50,17600.0,100.0,8895700.0
1353,2021-10-18 07:11:50,17600.0,1000.0,8895600.0
1354,2021-10-18 07:11:50,17600.0,1000.0,8894600.0
1355,2021-10-18 07:11:50,17600.0,200.0,8893600.0
1356,2021-10-18 07:11:50,17600.0,5000.0,8893400.0
1357,2021-10-18 07:11:50,17600.0,1000.0,8888400.0
1358,2021-10-18 07:11:50,17600.0,1000.0,8887400.0
1359,2021-10-18 07:11:50,17600.0,500.0,8886400.0
1360,2021-10-18 07:11:50,17600.0,2000.0,8885900.0
1361,2021-10-18 07:11:50,17600.0,1300.0,8883900.0
1362,2021-10-18 07:11:50,17600.0,100.0,8882600.0
1363,2021-10-18 07:11:50,17600.0,300.0,8882500.0
1364,2021-10-18 07:11:50,17600.0,200.0,8882200.0
1365,2021-10-18 07:11:50,17600.0,1000.0,8882000.0
1366,2021-10-18 07:11:50,17600.0,1000.0,8881000.0
1367,2021-10-18 07:11:50,17600.0,1000.0,8880000.0
1368,2021-10-18 07:11:50,17600.0,100.0,8879000.0
1369,2021-10-18 07:11:50,17600.0,100.0,8878900.0
1370,2021-10-18 07:11:50,17600.0,300.0,8878800.0
1371,2021-10-18 07:11:50,17600.0,500.0,8878500.0
1372,2021-10-18 07:11:50,17600.0,1000.0,8878000.0
1373,2021-10-18 07:11:50,17600.0,3000.0,8877000.0
1374,2021-10-18 07:11:50,17600.0,100.0,8874000.0
1375,2021-10-18 07:11:50,17600.0,1700.0,8873900.0
1376,2021-10-18 07:11:50,17600.0,300.0,8872200.0
1377,2021-10-18 07:11:50,17600.0,200.0,8871900.0
1378,2021-10-18 07:11:50,17600.0,2000.0,8871700.0
1379,2021-10-18 07:11:50,17600.0,1000.0,8869700.0
1380,2021-10-18 07:11:50,17600.0,500.0,8868700.0
1381,2021-10-18 07:11:50,17600.0,1000.0,8868200.0
1382,2021-10-18 07:11:50,17600.0,100.0,8867200.0
1383,2021-10-18 07:11:50,17600.0,300.0,8867100.0
1384,2021-10-18 07:11:50,17600.0,1000.0,8866800.0
1385,2021-10-18 07:11:50,17600.0,300.0,8865800.0
1386,2021-10-18 07:11:50,17600.0,1000.0,8865500.0
1387,2021-10-18 07:11:50,17600.0,1000.0,8864500.0
1388,2021-10-18 07:11:50,17600.0,100.0,8863500.0
1389,2021-10-18 07:11:50,17600.0,1000.0,8863400.0
1390,2021-10-18 07:11:50,17600.0,700.0,8862400.0
1391,2021-10-18 07:11:50,17600.0,500.0,8861700.0
1392,2021-10-18 07:11:50,17600.0,100.0,8861200.0
1393,2021-10-18 07:11:50,17600.0,1000.0,8861100.0
1394,2021-10-18 07:11:50,17600.0,500.0,8860100.0
1395,2021-10-18 07:11:50,17600.0,2000.0,8859600.0
1396,2021-10-18 07:11:50,17600.0,500.0,8857600.0
1397,2021-10-18 07:11:50,17600.0,1300.0,8857100.0
1398,2021-10-18 07:11:50,17600.0,200.0,8855800.0
1399,2021-10-18 07:11:50,17600.0,2000.0,8855600.0
1400,2021-10-18 07:11:50,17600.0,200.0,8853600.0
1401,2021-10-18 07:11:50,17600.0,200.0,8853400.0
1402,2021-10-18 07:11:47,17650.0,500.0,8853200.0
1403,2021-10-18 07:11:47,17650.0,4500.0,8852700.0
1404,2021-10-18 07:11:45,17650.0,1000.0,8848200.0
1405,2021-10-18 07:11:39,17650.0,1200.0,8847200.0
1406,2021-10-18 07:11:38,17650.0,100.0,8846000.0
1407,2021-10-18 07:11:38,17700.0,4500.0,8845900.0
1408,2021-10-18 07:11:38,17650.0,500.0,8841400.0
1409,2021-10-18 07:11:38,17650.0,100.0,8840900.0
1410,2021-10-18 07:11:38,17650.0,400.0,8840800.0
1411,2021-10-18 07:11:37,17650.0,600.0,8840400.0
1412,2021-10-18 07:11:37,17650.0,100.0,8839800.0
1413,2021-10-18 07:11:37,17650.0,100.0,8839700.0
1414,2021-10-18 07:11:37,17650.0,200.0,8839600.0
1415,2021-10-18 07:11:34,17650.0,500.0,8839400.0
1416,2021-10-18 07:11:30,17650.0,300.0,8838900.0
1417,2021-10-18 07:11:30,17650.0,1000.0,8838600.0
1418,2021-10-18 07:11:30,17650.0,500.0,8837600.0
1419,2021-10-18 07:11:30,17650.0,500.0,8837100.0
1420,2021-10-18 07:11:30,17650.0,100.0,8836600.0
1421,2021-10-18 07:11:30,17650.0,200.0,8836500.0
1422,2021-10-18 07:11:30,17650.0,100.0,8836300.0
1423,2021-10-18 07:11:30,17650.0,5000.0,8836200.0
1424,2021-10-18 07:11:30,17650.0,6000.0,8831200.0
1425,2021-10-18 07:11:30,17650.0,500.0,8825200.0
1426,2021-10-18 07:11:30,17650.0,5000.0,8824700.0
1427,2021-10-18 07:11:30,17650.0,500.0,8819700.0
1428,2021-10-18 07:11:30,17650.0,1000.0,8819200.0
1429,2021-10-18 07:11:30,17650.0,100.0,8818200.0
1430,2021-10-18 07:11:30,17650.0,1000.0,8818100.0
1431,2021-10-18 07:11:30,17650.0,200.0,8817100.0
1432,2021-10-18 07:11:30,17650.0,300.0,8816900.0
1433,2021-10-18 07:11:30,17650.0,300.0,8816600.0
1434,2021-10-18 07:11:30,17650.0,500.0,8816300.0
1435,2021-10-18 07:11:30,17650.0,100.0,8815800.0
1436,2021-10-18 07:11:30,17650.0,900.0,8815700.0
1437,2021-10-18 07:11:30,17650.0,15000.0,8814800.0
1438,2021-10-18 07:11:30,17650.0,900.0,8799800.0
1439,2021-10-18 07:11:29,17650.0,500.0,8798900.0
1440,2021-10-18 07:11:28,17700.0,100.0,8798400.0
1441,2021-10-18 07:11:26,17650.0,1600.0,8798300.0
1442,2021-10-18 07:11:26,17650.0,1000.0,8796700.0
1443,2021-10-18 07:11:26,17650.0,100.0,8795700.0
1444,2021-10-18 07:11:26,17650.0,200.0,8795600.0
1445,2021-10-18 07:11:26,17650.0,100.0,8795400.0
1446,2021-10-18 07:11:26,17650.0,200.0,8795300.0
1447,2021-10-18 07:11:26,17650.0,500.0,8795100.0
1448,2021-10-18 07:11:26,17650.0,100.0,8794600.0
1449,2021-10-18 07:11:26,17650.0,5000.0,8794500.0
1450,2021-10-18 07:11:26,17650.0,100.0,8789500.0
1451,2021-10-18 07:11:26,17650.0,100.0,8789400.0
1452,2021-10-18 07:11:26,17650.0,1600.0,8789300.0
1453,2021-10-18 07:11:26,17650.0,400.0,8787700.0
1454,2021-10-18 07:11:24,17650.0,500.0,8787300.0
1455,2021-10-18 07:11:23,17650.0,300.0,8786800.0
1456,2021-10-18 07:11:18,17700.0,500.0,8786500.0
1457,2021-10-18 07:11:13,17650.0,1000.0,8786000.0
1458,2021-10-18 07:11:12,17650.0,1200.0,8785000.0
1459,2021-10-18 07:11:12,17650.0,200.0,8783800.0
1460,2021-10-18 07:11:12,17650.0,100.0,8783600.0
1461,2021-10-18 07:11:12,17650.0,500.0,8783500.0
1462,2021-10-18 07:11:12,17650.0,2000.0,8783000.0
1463,2021-10-18 07:11:12,17650.0,300.0,8781000.0
1464,2021-10-18 07:11:12,17650.0,100.0,8780700.0
1465,2021-10-18 07:11:12,17650.0,100.0,8780600.0
1466,2021-10-18 07:11:12,17650.0,400.0,8780500.0
1467,2021-10-18 07:11:12,17650.0,100.0,8780100.0
1468,2021-10-18 07:11:10,17650.0,600.0,8780000.0
1469,2021-10-18 07:11:10,17650.0,100.0,8779400.0
1470,2021-10-18 07:11:10,17650.0,400.0,8779300.0
1471,2021-10-18 07:11:09,17650.0,100.0,8778900.0
1472,2021-10-18 07:11:09,17650.0,400.0,8778800.0
1473,2021-10-18 07:11:04,17650.0,600.0,8778400.0
1474,2021-10-18 07:11:04,17650.0,300.0,8777800.0
1475,2021-10-18 07:11:04,17650.0,500.0,8777500.0
1476,2021-10-18 07:11:04,17650.0,100.0,8777000.0
1477,2021-10-18 07:11:04,17650.0,100.0,8776900.0
1478,2021-10-18 07:11:04,17650.0,100.0,8776800.0
1479,2021-10-18 07:11:04,17650.0,2000.0,8776700.0
1480,2021-10-18 07:11:04,17650.0,100.0,8774700.0
1481,2021-10-18 07:11:04,17650.0,1000.0,8774600.0
1482,2021-10-18 07:11:04,17650.0,100.0,8773600.0
1483,2021-10-18 07:11:04,17650.0,5100.0,8773500.0
1484,2021-10-18 07:11:04,17650.0,20000.0,8768400.0
1485,2021-10-18 07:10:57,17650.0,4900.0,8748400.0
1486,2021-10-18 07:10:57,17650.0,100.0,8743500.0
1487,2021-10-18 07:10:55,17700.0,500.0,8743400.0
1488,2021-10-18 07:10:54,17700.0,200.0,8742900.0
1489,2021-10-18 07:10:54,17700.0,700.0,8742700.0
1490,2021-10-18 07:10:53,17700.0,100.0,8742000.0
1491,2021-10-18 07:10:52,17700.0,100.0,8741900.0
1492,2021-10-18 07:10:51,17700.0,1500.0,8741800.0
1493,2021-10-18 07:10:50,17700.0,200.0,8740300.0
1494,2021-10-18 07:10:47,17700.0,100.0,8740100.0
1495,2021-10-18 07:10:47,17700.0,4000.0,8740000.0
1496,2021-10-18 07:10:45,17700.0,300.0,8736000.0
1497,2021-10-18 07:10:43,17700.0,500.0,8735700.0
1498,2021-10-18 07:10:42,17700.0,3400.0,8735200.0
1499,2021-10-18 07:10:39,17700.0,100.0,8731800.0
1500,2021-10-18 07:10:38,17700.0,2000.0,8731700.0
1501,2021-10-18 07:10:38,17700.0,400.0,8729700.0
1502,2021-10-18 07:10:38,17700.0,500.0,8729300.0
1503,2021-10-18 07:10:38,17700.0,100.0,8728800.0
1504,2021-10-18 07:10:38,17700.0,700.0,8728700.0
1505,2021-10-18 07:10:37,17700.0,300.0,8728000.0
1506,2021-10-18 07:10:37,17700.0,300.0,8727700.0
1507,2021-10-18 07:10:37,17700.0,200.0,8727400.0
1508,2021-10-18 07:10:37,17700.0,200.0,8727200.0
1509,2021-10-18 07:10:37,17700.0,1500.0,8727000.0
1510,2021-10-18 07:10:36,17700.0,3500.0,8725500.0
1511,2021-10-18 07:10:36,17700.0,100.0,8722000.0
1512,2021-10-18 07:10:36,17700.0,1000.0,8721900.0
1513,2021-10-18 07:10:36,17700.0,400.0,8720900.0
1514,2021-10-18 07:10:35,17700.0,1600.0,8720500.0
1515,2021-10-18 07:10:35,17700.0,200.0,8718900.0
1516,2021-10-18 07:10:35,17700.0,600.0,8718700.0
1517,2021-10-18 07:10:35,17700.0,200.0,8718100.0
1518,2021-10-18 07:10:35,17700.0,100.0,8717900.0
1519,2021-10-18 07:10:35,17700.0,200.0,8717800.0
1520,2021-10-18 07:10:35,17700.0,200.0,8717600.0
1521,2021-10-18 07:10:35,17700.0,200.0,8717400.0
1522,2021-10-18 07:10:35,17700.0,100.0,8717200.0
1523,2021-10-18 07:10:35,17700.0,100.0,8717100.0
1524,2021-10-18 07:10:35,17700.0,3500.0,8717000.0
1525,2021-10-18 07:10:33,17700.0,1000.0,8713500.0
1526,2021-10-18 07:10:29,17700.0,300.0,8712500.0
1527,2021-10-18 07:10:25,17700.0,6200.0,8712200.0
1528,2021-10-18 07:10:25,17700.0,1000.0,8706000.0
1529,2021-10-18 07:10:25,17700.0,100.0,8705000.0
1530,2021-10-18 07:10:25,17700.0,500.0,8704900.0
1531,2021-10-18 07:10:25,17700.0,1000.0,8704400.0
1532,2021-10-18 07:10:25,17700.0,100.0,8703400.0
1533,2021-10-18 07:10:25,17700.0,900.0,8703300.0
1534,2021-10-18 07:10:25,17700.0,1000.0,8702400.0
1535,2021-10-18 07:10:25,17700.0,1000.0,8701400.0
1536,2021-10-18 07:10:25,17700.0,2000.0,8700400.0
1537,2021-10-18 07:10:25,17700.0,300.0,8698400.0
1538,2021-10-18 07:10:25,17700.0,1000.0,8698100.0
1539,2021-10-18 07:10:25,17700.0,1000.0,8697100.0
1540,2021-10-18 07:10:25,17700.0,100.0,8696100.0
1541,2021-10-18 07:10:25,17700.0,2000.0,8696000.0
1542,2021-10-18 07:10:25,17700.0,100.0,8694000.0
1543,2021-10-18 07:10:25,17700.0,1000.0,8693900.0
1544,2021-10-18 07:10:25,17700.0,1000.0,8692900.0
1545,2021-10-18 07:10:25,17700.0,1100.0,8691900.0
1546,2021-10-18 07:10:25,17700.0,500.0,8690800.0
1547,2021-10-18 07:10:25,17700.0,100.0,8690300.0
1548,2021-10-18 07:10:25,17700.0,100.0,8690200.0
1549,2021-10-18 07:10:25,17700.0,200.0,8690100.0
1550,2021-10-18 07:10:25,17700.0,100.0,8689900.0
1551,2021-10-18 07:10:25,17700.0,500.0,8689800.0
1552,2021-10-18 07:10:25,17700.0,100.0,8689300.0
1553,2021-10-18 07:10:25,17700.0,100.0,8689200.0
1554,2021-10-18 07:10:25,17700.0,2000.0,8689100.0
1555,2021-10-18 07:10:25,17700.0,100.0,8687100.0
1556,2021-10-18 07:10:25,17700.0,100.0,8687000.0
1557,2021-10-18 07:10:25,17700.0,1300.0,8686900.0
1558,2021-10-18 07:10:25,17700.0,1000.0,8685600.0
1559,2021-10-18 07:10:25,17700.0,5000.0,8684600.0
1560,2021-10-18 07:10:25,17700.0,1000.0,8679600.0
1561,2021-10-18 07:10:25,17700.0,100.0,8678600.0
1562,2021-10-18 07:10:25,17700.0,100.0,8678500.0
1563,2021-10-18 07:10:25,17700.0,200.0,8678400.0
1564,2021-10-18 07:10:25,17700.0,100.0,8678200.0
1565,2021-10-18 07:10:25,17700.0,300.0,8678100.0
1566,2021-10-18 07:10:25,17700.0,10000.0,8677800.0
1567,2021-10-18 07:10:25,17700.0,500.0,8667800.0
1568,2021-10-18 07:10:25,17700.0,500.0,8667300.0
1569,2021-10-18 07:10:25,17700.0,3000.0,8666800.0
1570,2021-10-18 07:10:25,17700.0,100.0,8663800.0
1571,2021-10-18 07:10:25,17700.0,100.0,8663700.0
1572,2021-10-18 07:10:25,17700.0,1000.0,8663600.0
1573,2021-10-18 07:10:25,17700.0,2000.0,8662600.0
1574,2021-10-18 07:10:25,17700.0,200.0,8660600.0
1575,2021-10-18 07:10:25,17700.0,200.0,8660400.0
1576,2021-10-18 07:10:25,17700.0,500.0,8660200.0
1577,2021-10-18 07:10:25,17700.0,5000.0,8659700.0
1578,2021-10-18 07:10:25,17700.0,100.0,8654700.0
1579,2021-10-18 07:10:25,17700.0,500.0,8654600.0
1580,2021-10-18 07:10:25,17700.0,1000.0,8654100.0
1581,2021-10-18 07:10:25,17700.0,5000.0,8653100.0
1582,2021-10-18 07:10:25,17700.0,500.0,8648100.0
1583,2021-10-18 07:10:25,17700.0,500.0,8647600.0
1584,2021-10-18 07:10:25,17700.0,100.0,8647100.0
1585,2021-10-18 07:10:25,17700.0,500.0,8647000.0
1586,2021-10-18 07:10:25,17700.0,1000.0,8646500.0
1587,2021-10-18 07:10:25,17700.0,1900.0,8645500.0
1588,2021-10-18 07:10:25,17700.0,100.0,8643600.0
1589,2021-10-18 07:10:25,17700.0,500.0,8643500.0
1590,2021-10-18 07:10:25,17700.0,100.0,8643000.0
1591,2021-10-18 07:10:25,17700.0,3000.0,8642900.0
1592,2021-10-18 07:10:25,17700.0,100.0,8639900.0
1593,2021-10-18 07:10:25,17700.0,1000.0,8639800.0
1594,2021-10-18 07:10:25,17700.0,1000.0,8638800.0
1595,2021-10-18 07:10:25,17700.0,100.0,8637800.0
1596,2021-10-18 07:10:25,17700.0,12000.0,8637700.0
1597,2021-10-18 07:10:25,17700.0,500.0,8625700.0
1598,2021-10-18 07:10:25,17700.0,100.0,8625200.0
1599,2021-10-18 07:10:25,17700.0,1100.0,8625100.0
1600,2021-10-18 07:10:25,17700.0,200.0,8624000.0
1601,2021-10-18 07:10:25,17700.0,100.0,8623800.0
1602,2021-10-18 07:10:25,17700.0,1000.0,8623700.0
1603,2021-10-18 07:10:25,17700.0,200.0,8622700.0
1604,2021-10-18 07:10:25,17700.0,100.0,8622500.0
1605,2021-10-18 07:10:25,17700.0,100.0,8622400.0
1606,2021-10-18 07:10:25,17700.0,100.0,8622300.0
1607,2021-10-18 07:10:25,17700.0,1500.0,8622200.0
1608,2021-10-18 07:10:25,17700.0,1200.0,8620700.0
1609,2021-10-18 07:10:25,17700.0,1000.0,8619500.0
1610,2021-10-18 07:10:25,17700.0,400.0,8618500.0
1611,2021-10-18 07:10:25,17700.0,2400.0,8618100.0
1612,2021-10-18 07:10:25,17700.0,100.0,8615700.0
1613,2021-10-18 07:10:25,17700.0,300.0,8615600.0
1614,2021-10-18 07:10:25,17700.0,2000.0,8615300.0
1615,2021-10-18 07:10:25,17700.0,100.0,8613300.0
1616,2021-10-18 07:10:25,17700.0,500.0,8613200.0
1617,2021-10-18 07:10:25,17700.0,2000.0,8612700.0
1618,2021-10-18 07:10:25,17700.0,10000.0,8610700.0
1619,2021-10-18 07:10:25,17700.0,2000.0,8600700.0
1620,2021-10-18 07:10:25,17700.0,100.0,8598700.0
1621,2021-10-18 07:10:25,17700.0,100.0,8598600.0
1622,2021-10-18 07:10:25,17700.0,10000.0,8598500.0
1623,2021-10-18 07:10:25,17700.0,100.0,8588500.0
1624,2021-10-18 07:10:25,17700.0,3000.0,8588400.0
1625,2021-10-18 07:10:25,17700.0,100.0,8585400.0
1626,2021-10-18 07:10:25,17700.0,100.0,8585300.0
1627,2021-10-18 07:10:25,17700.0,500.0,8585200.0
1628,2021-10-18 07:10:25,17700.0,100.0,8584700.0
1629,2021-10-18 07:10:25,17700.0,400.0,8584600.0
1630,2021-10-18 07:10:25,17700.0,500.0,8584200.0
1631,2021-10-18 07:10:25,17700.0,200.0,8583700.0
1632,2021-10-18 07:10:25,17700.0,200.0,8583500.0
1633,2021-10-18 07:10:25,17700.0,1000.0,8583300.0
1634,2021-10-18 07:10:25,17700.0,100.0,8582300.0
1635,2021-10-18 07:10:25,17700.0,20000.0,8582200.0
1636,2021-10-18 07:10:25,17700.0,200.0,8562200.0
1637,2021-10-18 07:10:25,17700.0,400.0,8562000.0
1638,2021-10-18 07:10:25,17700.0,200.0,8561600.0
1639,2021-10-18 07:10:25,17700.0,1000.0,8561400.0
1640,2021-10-18 07:10:25,17700.0,100.0,8560400.0
1641,2021-10-18 07:10:25,17700.0,100.0,8560300.0
1642,2021-10-18 07:10:25,17700.0,300.0,8560200.0
1643,2021-10-18 07:10:25,17700.0,1000.0,8559900.0
1644,2021-10-18 07:10:25,17700.0,1000.0,8558900.0
1645,2021-10-18 07:10:25,17700.0,500.0,8557900.0
1646,2021-10-18 07:10:25,17700.0,500.0,8557400.0
1647,2021-10-18 07:10:25,17700.0,1000.0,8556900.0
1648,2021-10-18 07:10:25,17700.0,100.0,8555900.0
1649,2021-10-18 07:10:25,17700.0,100.0,8555800.0
1650,2021-10-18 07:10:25,17700.0,300.0,8555700.0
1651,2021-10-18 07:10:25,17700.0,200.0,8555400.0
1652,2021-10-18 07:10:25,17700.0,500.0,8555200.0
1653,2021-10-18 07:10:25,17700.0,100.0,8554700.0
1654,2021-10-18 07:10:25,17700.0,100.0,8554600.0
1655,2021-10-18 07:10:25,17700.0,800.0,8554500.0
1656,2021-10-18 07:10:25,17700.0,200.0,8553700.0
1657,2021-10-18 07:10:25,17700.0,1000.0,8553500.0
1658,2021-10-18 07:10:25,17700.0,100.0,8552500.0
1659,2021-10-18 07:10:25,17700.0,1000.0,8552400.0
1660,2021-10-18 07:10:25,17700.0,3000.0,8551400.0
1661,2021-10-18 07:10:25,17700.0,100.0,8548400.0
1662,2021-10-18 07:10:25,17700.0,500.0,8548300.0
1663,2021-10-18 07:10:25,17700.0,2000.0,8547800.0
1664,2021-10-18 07:10:25,17700.0,5000.0,8545800.0
1665,2021-10-18 07:10:25,17700.0,1000.0,8540800.0
1666,2021-10-18 07:10:25,17700.0,500.0,8539800.0
1667,2021-10-18 07:10:25,17700.0,1000.0,8539300.0
1668,2021-10-18 07:10:25,17700.0,1000.0,8538300.0
1669,2021-10-18 07:10:25,17700.0,1500.0,8537300.0
1670,2021-10-18 07:10:25,17700.0,100.0,8535800.0
1671,2021-10-18 07:10:25,17700.0,100.0,8535700.0
1672,2021-10-18 07:10:25,17700.0,100.0,8535600.0
1673,2021-10-18 07:10:25,17700.0,100.0,8535500.0
1674,2021-10-18 07:10:25,17700.0,100.0,8535400.0
1675,2021-10-18 07:10:25,17700.0,100.0,8535300.0
1676,2021-10-18 07:10:25,17700.0,200.0,8535200.0
1677,2021-10-18 07:10:25,17700.0,1000.0,8535000.0
1678,2021-10-18 07:10:25,17700.0,100.0,8534000.0
1679,2021-10-18 07:10:25,17700.0,100.0,8533900.0
1680,2021-10-18 07:10:25,17700.0,700.0,8533800.0
1681,2021-10-18 07:10:25,17700.0,2000.0,8533100.0
1682,2021-10-18 07:10:25,17700.0,500.0,8531100.0
1683,2021-10-18 07:10:25,17700.0,500.0,8530600.0
1684,2021-10-18 07:10:25,17700.0,200.0,8530100.0
1685,2021-10-18 07:10:25,17700.0,200.0,8529900.0
1686,2021-10-18 07:10:25,17700.0,1000.0,8529700.0
1687,2021-10-18 07:10:25,17700.0,100.0,8528700.0
1688,2021-10-18 07:10:25,17700.0,100.0,8528600.0
1689,2021-10-18 07:10:25,17700.0,1000.0,8528500.0
1690,2021-10-18 07:10:25,17700.0,200.0,8527500.0
1691,2021-10-18 07:10:25,17700.0,500.0,8527300.0
1692,2021-10-18 07:10:25,17700.0,500.0,8526800.0
1693,2021-10-18 07:10:25,17700.0,10000.0,8526300.0
1694,2021-10-18 07:10:25,17700.0,3000.0,8516300.0
1695,2021-10-18 07:10:25,17700.0,100.0,8513300.0
1696,2021-10-18 07:10:25,17700.0,1000.0,8513200.0
1697,2021-10-18 07:10:25,17700.0,900.0,8512200.0
1698,2021-10-18 07:10:24,17700.0,500.0,8511300.0
1699,2021-10-18 07:10:22,17700.0,300.0,8510800.0
1700,2021-10-18 07:10:20,17700.0,1000.0,8510500.0
1701,2021-10-18 07:10:15,17700.0,1300.0,8509500.0
1702,2021-10-18 07:10:15,17700.0,200.0,8508200.0
1703,2021-10-18 07:10:15,17700.0,300.0,8508000.0
1704,2021-10-18 07:10:15,17700.0,4900.0,8507700.0
1705,2021-10-18 07:10:14,17750.0,200.0,8502800.0
1706,2021-10-18 07:10:10,17700.0,100.0,8502600.0
1707,2021-10-18 07:10:10,17700.0,100.0,8502500.0
1708,2021-10-18 07:10:10,17700.0,300.0,8502400.0
1709,2021-10-18 07:10:03,17750.0,1000.0,8502100.0
1710,2021-10-18 07:10:01,17750.0,100.0,8501100.0
1711,2021-10-18 07:09:59,17700.0,100.0,8501000.0
1712,2021-10-18 07:09:59,17700.0,100.0,8500900.0
1713,2021-10-18 07:09:55,17750.0,5000.0,8500800.0
1714,2021-10-18 07:09:54,17700.0,1900.0,8495800.0
1715,2021-10-18 07:09:54,17700.0,100.0,8493900.0
1716,2021-10-18 07:09:52,17700.0,1900.0,8493800.0
1717,2021-10-18 07:09:52,17700.0,100.0,8491900.0
1718,2021-10-18 07:09:52,17700.0,1000.0,8491800.0
1719,2021-10-18 07:09:52,17700.0,500.0,8490800.0
1720,2021-10-18 07:09:52,17700.0,1500.0,8490300.0
1721,2021-10-18 07:09:51,17700.0,500.0,8488800.0
1722,2021-10-18 07:09:45,17750.0,600.0,8488300.0
1723,2021-10-18 07:09:43,17700.0,1000.0,8487700.0
1724,2021-10-18 07:09:43,17700.0,100.0,8486700.0
1725,2021-10-18 07:09:43,17700.0,200.0,8486600.0
1726,2021-10-18 07:09:43,17700.0,100.0,8486400.0
1727,2021-10-18 07:09:43,17700.0,400.0,8486300.0
1728,2021-10-18 07:09:43,17700.0,1000.0,8485900.0
1729,2021-10-18 07:09:43,17700.0,200.0,8484900.0
1730,2021-10-18 07:09:42,17700.0,400.0,8484700.0
1731,2021-10-18 07:09:35,17750.0,1000.0,8484300.0
1732,2021-10-18 07:09:34,17700.0,4400.0,8483300.0
1733,2021-10-18 07:09:34,17700.0,100.0,8478900.0
1734,2021-10-18 07:09:34,17700.0,1000.0,8478800.0
1735,2021-10-18 07:09:34,17700.0,500.0,8477800.0
1736,2021-10-18 07:09:28,17700.0,500.0,8477300.0
1737,2021-10-18 07:09:28,17700.0,500.0,8476800.0
1738,2021-10-18 07:09:28,17700.0,200.0,8476300.0
1739,2021-10-18 07:09:28,17700.0,1800.0,8476100.0
1740,2021-10-18 07:09:28,17700.0,900.0,8474300.0
1741,2021-10-18 07:09:24,17700.0,500.0,8473400.0
1742,2021-10-18 07:09:18,17700.0,1500.0,8472900.0
1743,2021-10-18 07:09:12,17700.0,100.0,8471400.0
1744,2021-10-18 07:09:07,17700.0,1000.0,8471300.0
1745,2021-10-18 07:09:06,17750.0,500.0,8470300.0
1746,2021-10-18 07:09:04,17700.0,300.0,8469800.0
1747,2021-10-18 07:09:04,17700.0,500.0,8469500.0
1748,2021-10-18 07:09:00,17750.0,300.0,8469000.0
1749,2021-10-18 07:08:49,17700.0,500.0,8468700.0
1750,2021-10-18 07:08:39,17700.0,100.0,8468200.0
1751,2021-10-18 07:08:36,17750.0,10000.0,8468100.0
1752,2021-10-18 07:08:34,17750.0,1000.0,8458100.0
1753,2021-10-18 07:08:28,17750.0,3900.0,8457100.0
1754,2021-10-18 07:08:28,17750.0,8300.0,8453200.0
1755,2021-10-18 07:08:27,17750.0,200.0,8444900.0
1756,2021-10-18 07:08:19,17750.0,1200.0,8444700.0
1757,2021-10-18 07:08:18,17700.0,2800.0,8443500.0
1758,2021-10-18 07:08:18,17700.0,100.0,8440700.0
1759,2021-10-18 07:08:18,17700.0,100.0,8440600.0
1760,2021-10-18 07:08:18,17700.0,100.0,8440500.0
1761,2021-10-18 07:08:18,17700.0,500.0,8440400.0
1762,2021-10-18 07:08:18,17700.0,1000.0,8439900.0
1763,2021-10-18 07:08:18,17700.0,100.0,8438900.0
1764,2021-10-18 07:08:18,17700.0,100.0,8438800.0
1765,2021-10-18 07:08:18,17700.0,5000.0,8438700.0
1766,2021-10-18 07:08:18,17700.0,200.0,8433700.0
1767,2021-10-18 07:08:09,17750.0,500.0,8433500.0
1768,2021-10-18 07:08:09,17700.0,100.0,8433000.0
1769,2021-10-18 07:08:07,17700.0,1200.0,8432900.0
1770,2021-10-18 07:08:07,17700.0,100.0,8431700.0
1771,2021-10-18 07:08:03,17700.0,400.0,8431600.0
1772,2021-10-18 07:08:03,17700.0,100.0,8431200.0
1773,2021-10-18 07:08:03,17700.0,2000.0,8431100.0
1774,2021-10-18 07:08:03,17700.0,100.0,8429100.0
1775,2021-10-18 07:08:03,17700.0,1000.0,8429000.0
1776,2021-10-18 07:08:03,17700.0,100.0,8428000.0
1777,2021-10-18 07:08:03,17700.0,1000.0,8427900.0
1778,2021-10-18 07:08:03,17700.0,500.0,8426900.0
1779,2021-10-18 07:08:03,17700.0,1000.0,8426400.0
1780,2021-10-18 07:08:03,17700.0,1000.0,8425400.0
1781,2021-10-18 07:08:03,17700.0,200.0,8424400.0
1782,2021-10-18 07:08:03,17700.0,200.0,8424200.0
1783,2021-10-18 07:08:03,17700.0,1000.0,8424000.0
1784,2021-10-18 07:08:03,17700.0,1000.0,8423000.0
1785,2021-10-18 07:08:03,17700.0,2000.0,8422000.0
1786,2021-10-18 07:08:03,17700.0,200.0,8420000.0
1787,2021-10-18 07:08:03,17700.0,500.0,8419800.0
1788,2021-10-18 07:08:03,17700.0,500.0,8419300.0
1789,2021-10-18 07:08:03,17700.0,1500.0,8418800.0
1790,2021-10-18 07:08:03,17700.0,100.0,8417300.0
1791,2021-10-18 07:08:03,17700.0,200.0,8417200.0
1792,2021-10-18 07:08:03,17700.0,500.0,8417000.0
1793,2021-10-18 07:08:03,17700.0,1000.0,8416500.0
1794,2021-10-18 07:08:03,17700.0,1000.0,8415500.0
1795,2021-10-18 07:08:03,17700.0,300.0,8414500.0
1796,2021-10-18 07:08:03,17700.0,100.0,8414200.0
1797,2021-10-18 07:08:03,17700.0,200.0,8414100.0
1798,2021-10-18 07:08:03,17700.0,500.0,8413900.0
1799,2021-10-18 07:08:03,17700.0,1000.0,8413400.0
1800,2021-10-18 07:08:03,17700.0,500.0,8412400.0
1801,2021-10-18 07:08:03,17700.0,300.0,8411900.0
1802,2021-10-18 07:08:02,17750.0,9800.0,8411600.0
1803,2021-10-18 07:08:02,17750.0,300.0,8401800.0
1804,2021-10-18 07:08:02,17750.0,700.0,8401500.0
1805,2021-10-18 07:07:58,17700.0,500.0,8400800.0
1806,2021-10-18 07:07:57,17700.0,100.0,8400300.0
1807,2021-10-18 07:07:57,17700.0,400.0,8400200.0
1808,2021-10-18 07:07:56,17750.0,900.0,8399800.0
1809,2021-10-18 07:07:50,17750.0,1000.0,8398900.0
1810,2021-10-18 07:07:43,17750.0,100.0,8397900.0
1811,2021-10-18 07:07:37,17750.0,1000.0,8397800.0
1812,2021-10-18 07:07:37,17750.0,300.0,8396800.0
1813,2021-10-18 07:07:37,17750.0,5000.0,8396500.0
1814,2021-10-18 07:07:36,17750.0,500.0,8391500.0
1815,2021-10-18 07:07:34,17750.0,4500.0,8391000.0
1816,2021-10-18 07:07:34,17750.0,1000.0,8386500.0
1817,2021-10-18 07:07:34,17750.0,1000.0,8385500.0
1818,2021-10-18 07:07:34,17750.0,100.0,8384500.0
1819,2021-10-18 07:07:34,17750.0,500.0,8384400.0
1820,2021-10-18 07:07:34,17750.0,100.0,8383900.0
1821,2021-10-18 07:07:33,17750.0,900.0,8383800.0
1822,2021-10-18 07:07:33,17750.0,500.0,8382900.0
1823,2021-10-18 07:07:33,17750.0,100.0,8382400.0
1824,2021-10-18 07:07:33,17750.0,100.0,8382300.0
1825,2021-10-18 07:07:33,17750.0,10000.0,8382200.0
1826,2021-10-18 07:07:33,17750.0,6400.0,8372200.0
1827,2021-10-18 07:07:32,17750.0,3600.0,8365800.0
1828,2021-10-18 07:07:32,17750.0,500.0,8362200.0
1829,2021-10-18 07:07:32,17750.0,200.0,8361700.0
1830,2021-10-18 07:07:32,17750.0,200.0,8361500.0
1831,2021-10-18 07:07:32,17750.0,200.0,8361300.0
1832,2021-10-18 07:07:32,17750.0,200.0,8361100.0
1833,2021-10-18 07:07:32,17750.0,1000.0,8360900.0
1834,2021-10-18 07:07:32,17750.0,8600.0,8359900.0
1835,2021-10-18 07:07:31,17750.0,1000.0,8351300.0
1836,2021-10-18 07:07:29,17800.0,900.0,8350300.0
1837,2021-10-18 07:07:28,17750.0,400.0,8349400.0
1838,2021-10-18 07:07:28,17750.0,100.0,8349000.0
1839,2021-10-18 07:07:28,17750.0,400.0,8348900.0
1840,2021-10-18 07:07:28,17750.0,100.0,8348500.0
1841,2021-10-18 07:07:26,17750.0,2000.0,8348400.0
1842,2021-10-18 07:07:15,17750.0,300.0,8346400.0
1843,2021-10-18 07:07:10,17750.0,2600.0,8346100.0
1844,2021-10-18 07:07:10,17750.0,100.0,8343500.0
1845,2021-10-18 07:07:10,17750.0,1500.0,8343400.0
1846,2021-10-18 07:07:10,17750.0,100.0,8341900.0
1847,2021-10-18 07:07:10,17750.0,100.0,8341800.0
1848,2021-10-18 07:07:10,17750.0,100.0,8341700.0
1849,2021-10-18 07:07:10,17750.0,500.0,8341600.0
1850,2021-10-18 07:07:10,17750.0,1000.0,8341100.0
1851,2021-10-18 07:07:10,17750.0,1000.0,8340100.0
1852,2021-10-18 07:07:10,17750.0,500.0,8339100.0
1853,2021-10-18 07:07:10,17750.0,100.0,8338600.0
1854,2021-10-18 07:07:10,17750.0,100.0,8338500.0
1855,2021-10-18 07:07:10,17750.0,200.0,8338400.0
1856,2021-10-18 07:07:10,17750.0,100.0,8338200.0
1857,2021-10-18 07:07:10,17750.0,2000.0,8338100.0
1858,2021-10-18 07:07:10,17750.0,2000.0,8336100.0
1859,2021-10-18 07:07:00,17750.0,10000.0,8334100.0
1860,2021-10-18 07:06:57,17750.0,500.0,8324100.0
1861,2021-10-18 07:06:56,17750.0,500.0,8323600.0
1862,2021-10-18 07:06:54,17800.0,100.0,8323100.0
1863,2021-10-18 07:06:53,17750.0,5000.0,8323000.0
1864,2021-10-18 07:06:53,17750.0,5000.0,8318000.0
1865,2021-10-18 07:06:51,17750.0,200.0,8313000.0
1866,2021-10-18 07:06:51,17750.0,300.0,8312800.0
1867,2021-10-18 07:06:51,17750.0,2000.0,8312500.0
1868,2021-10-18 07:06:51,17750.0,100.0,8310500.0
1869,2021-10-18 07:06:51,17750.0,3400.0,8310400.0
1870,2021-10-18 07:06:49,17800.0,100.0,8307000.0
1871,2021-10-18 07:06:49,17800.0,500.0,8306900.0
1872,2021-10-18 07:06:38,17800.0,100.0,8306400.0
1873,2021-10-18 07:06:29,17750.0,300.0,8306300.0
1874,2021-10-18 07:06:28,17750.0,1300.0,8306000.0
1875,2021-10-18 07:06:28,17750.0,100.0,8304700.0
1876,2021-10-18 07:06:28,17750.0,1000.0,8304600.0
1877,2021-10-18 07:06:28,17750.0,100.0,8303600.0
1878,2021-10-18 07:06:28,17750.0,1300.0,8303500.0
1879,2021-10-18 07:06:28,17750.0,2000.0,8302200.0
1880,2021-10-18 07:06:28,17750.0,300.0,8300200.0
1881,2021-10-18 07:06:28,17750.0,100.0,8299900.0
1882,2021-10-18 07:06:28,17750.0,8000.0,8299800.0
1883,2021-10-18 07:06:28,17750.0,1000.0,8291800.0
1884,2021-10-18 07:06:28,17750.0,100.0,8290800.0
1885,2021-10-18 07:06:28,17750.0,100.0,8290700.0
1886,2021-10-18 07:06:28,17750.0,100.0,8290600.0
1887,2021-10-18 07:06:28,17750.0,1000.0,8290500.0
1888,2021-10-18 07:06:28,17750.0,200.0,8289500.0
1889,2021-10-18 07:06:28,17750.0,2000.0,8289300.0
1890,2021-10-18 07:06:28,17750.0,200.0,8287300.0
1891,2021-10-18 07:06:28,17750.0,600.0,8287100.0
1892,2021-10-18 07:06:28,17750.0,500.0,8286500.0
1893,2021-10-18 07:06:28,17750.0,100.0,8286000.0
1894,2021-10-18 07:06:28,17750.0,100.0,8285900.0
1895,2021-10-18 07:06:28,17750.0,2000.0,8285800.0
1896,2021-10-18 07:06:28,17750.0,1000.0,8283800.0
1897,2021-10-18 07:06:28,17750.0,3000.0,8282800.0
1898,2021-10-18 07:06:28,17750.0,900.0,8279800.0
1899,2021-10-18 07:06:28,17750.0,100.0,8278900.0
1900,2021-10-18 07:06:28,17750.0,500.0,8278800.0
1901,2021-10-18 07:06:28,17750.0,100.0,8278300.0
1902,2021-10-18 07:06:28,17750.0,600.0,8278200.0
1903,2021-10-18 07:06:28,17750.0,400.0,8277600.0
1904,2021-10-18 07:06:28,17750.0,5000.0,8277200.0
1905,2021-10-18 07:06:28,17750.0,500.0,8272200.0
1906,2021-10-18 07:06:28,17750.0,500.0,8271700.0
1907,2021-10-18 07:06:28,17750.0,200.0,8271200.0
1908,2021-10-18 07:06:28,17750.0,10000.0,8271000.0
1909,2021-10-18 07:06:28,17750.0,2000.0,8261000.0
1910,2021-10-18 07:06:28,17750.0,100.0,8259000.0
1911,2021-10-18 07:06:28,17750.0,1000.0,8258900.0
1912,2021-10-18 07:06:28,17750.0,300.0,8257900.0
1913,2021-10-18 07:06:28,17750.0,200.0,8257600.0
1914,2021-10-18 07:06:28,17750.0,2500.0,8257400.0
1915,2021-10-18 07:06:28,17750.0,100.0,8254900.0
1916,2021-10-18 07:06:28,17750.0,2500.0,8254800.0
1917,2021-10-18 07:06:28,17750.0,400.0,8252300.0
1918,2021-10-18 07:06:28,17750.0,400.0,8251900.0
1919,2021-10-18 07:06:28,17750.0,200.0,8251500.0
1920,2021-10-18 07:06:28,17750.0,600.0,8251300.0
1921,2021-10-18 07:06:28,17750.0,1000.0,8250700.0
1922,2021-10-18 07:06:28,17750.0,1500.0,8249700.0
1923,2021-10-18 07:06:28,17750.0,500.0,8248200.0
1924,2021-10-18 07:06:28,17750.0,300.0,8247700.0
1925,2021-10-18 07:06:28,17750.0,100.0,8247400.0
1926,2021-10-18 07:06:28,17750.0,100.0,8247300.0
1927,2021-10-18 07:06:28,17750.0,400.0,8247200.0
1928,2021-10-18 07:06:28,17750.0,100.0,8246800.0
1929,2021-10-18 07:06:28,17750.0,700.0,8246700.0
1930,2021-10-18 07:06:15,17800.0,200.0,8246000.0
1931,2021-10-18 07:06:10,17800.0,100.0,8245800.0
1932,2021-10-18 07:06:00,17800.0,800.0,8245700.0
1933,2021-10-18 07:06:00,17800.0,100.0,8244900.0
1934,2021-10-18 07:06:00,17800.0,100.0,8244800.0
1935,2021-10-18 07:05:59,17800.0,100.0,8244700.0
1936,2021-10-18 07:05:59,17750.0,700.0,8244600.0
1937,2021-10-18 07:05:55,17800.0,100.0,8243900.0
1938,2021-10-18 07:05:47,17750.0,300.0,8243800.0
1939,2021-10-18 07:05:47,17750.0,100.0,8243500.0
1940,2021-10-18 07:05:47,17750.0,2000.0,8243400.0
1941,2021-10-18 07:05:47,17750.0,100.0,8241400.0
1942,2021-10-18 07:05:47,17750.0,500.0,8241300.0
1943,2021-10-18 07:05:47,17750.0,200.0,8240800.0
1944,2021-10-18 07:05:47,17750.0,800.0,8240600.0
1945,2021-10-18 07:05:42,17800.0,200.0,8239800.0
1946,2021-10-18 07:05:42,17800.0,600.0,8239600.0
1947,2021-10-18 07:05:42,17800.0,1000.0,8239000.0
1948,2021-10-18 07:05:42,17800.0,400.0,8238000.0
1949,2021-10-18 07:05:42,17800.0,1300.0,8237600.0
1950,2021-10-18 07:05:35,17800.0,500.0,8236300.0
1951,2021-10-18 07:05:33,17800.0,3200.0,8235800.0
1952,2021-10-18 07:05:33,17800.0,1700.0,8232600.0
1953,2021-10-18 07:05:33,17800.0,5100.0,8230900.0
1954,2021-10-18 07:05:29,17750.0,200.0,8225800.0
1955,2021-10-18 07:05:29,17750.0,500.0,8225600.0
1956,2021-10-18 07:05:29,17750.0,300.0,8225100.0
1957,2021-10-18 07:05:16,17800.0,900.0,8224800.0
1958,2021-10-18 07:05:06,17800.0,1000.0,8223900.0
1959,2021-10-18 07:05:00,17800.0,2800.0,8222900.0
1960,2021-10-18 07:04:47,17800.0,500.0,8220100.0
1961,2021-10-18 07:04:39,17800.0,3000.0,8219600.0
1962,2021-10-18 07:04:34,17800.0,100.0,8216600.0
1963,2021-10-18 07:04:32,17800.0,400.0,8216500.0
1964,2021-10-18 07:04:23,17750.0,300.0,8216100.0
1965,2021-10-18 07:04:23,17750.0,700.0,8215800.0
1966,2021-10-18 07:04:20,17800.0,100.0,8215100.0
1967,2021-10-18 07:04:20,17750.0,1300.0,8215000.0
1968,2021-10-18 07:04:20,17750.0,100.0,8213700.0
1969,2021-10-18 07:04:20,17750.0,100.0,8213600.0
1970,2021-10-18 07:04:11,17800.0,600.0,8213500.0
1971,2021-10-18 07:04:02,17800.0,500.0,8212900.0
1972,2021-10-18 07:03:36,17800.0,200.0,8212400.0
1973,2021-10-18 07:03:33,17800.0,14800.0,8212200.0
1974,2021-10-18 07:03:33,17800.0,1200.0,8197400.0
1975,2021-10-18 07:03:33,17800.0,500.0,8196200.0
1976,2021-10-18 07:03:33,17800.0,10000.0,8195700.0
1977,2021-10-18 07:03:33,17800.0,400.0,8185700.0
1978,2021-10-18 07:03:33,17800.0,3400.0,8185300.0
1979,2021-10-18 07:03:12,17800.0,5100.0,8181900.0
1980,2021-10-18 07:03:10,17750.0,400.0,8176800.0
1981,2021-10-18 07:03:10,17750.0,100.0,8176400.0
1982,2021-10-18 07:03:10,17750.0,1500.0,8176300.0
1983,2021-10-18 07:03:10,17750.0,200.0,8174800.0
1984,2021-10-18 07:03:10,17750.0,300.0,8174600.0
1985,2021-10-18 07:03:10,17750.0,100.0,8174300.0
1986,2021-10-18 07:03:10,17750.0,100.0,8174200.0
1987,2021-10-18 07:03:10,17750.0,500.0,8174100.0
1988,2021-10-18 07:03:10,17750.0,200.0,8173600.0
1989,2021-10-18 07:03:10,17750.0,5000.0,8173400.0
1990,2021-10-18 07:03:10,17750.0,100.0,8168400.0
1991,2021-10-18 07:03:10,17750.0,100.0,8168300.0
1992,2021-10-18 07:03:10,17750.0,500.0,8168200.0
1993,2021-10-18 07:03:10,17750.0,500.0,8167700.0
1994,2021-10-18 07:03:10,17750.0,300.0,8167200.0
1995,2021-10-18 07:03:10,17750.0,1000.0,8166900.0
1996,2021-10-18 07:03:10,17750.0,300.0,8165900.0
1997,2021-10-18 07:03:10,17750.0,100.0,8165600.0
1998,2021-10-18 07:03:10,17750.0,300.0,8165500.0
1999,2021-10-18 07:03:10,17750.0,200.0,8165200.0
2000,2021-10-18 07:03:10,17750.0,1000.0,8165000.0
2001,2021-10-18 07:03:10,17750.0,100.0,8164000.0
2002,2021-10-18 07:03:08,17800.0,200.0,8163900.0
2003,2021-10-18 07:03:08,17800.0,1100.0,8163700.0
2004,2021-10-18 07:02:44,17800.0,500.0,8162600.0
2005,2021-10-18 07:02:40,17750.0,500.0,8162100.0
2006,2021-10-18 07:02:40,17750.0,100.0,8161600.0
2007,2021-10-18 07:02:40,17750.0,1000.0,8161500.0
2008,2021-10-18 07:02:40,17750.0,3400.0,8160500.0
2009,2021-10-18 07:02:34,17800.0,400.0,8157100.0
2010,2021-10-18 07:02:23,17750.0,300.0,8156700.0
2011,2021-10-18 07:02:20,17800.0,400.0,8156400.0
2012,2021-10-18 07:02:19,17800.0,100.0,8156000.0
2013,2021-10-18 07:02:18,17750.0,1000.0,8155900.0
2014,2021-10-18 07:02:10,17800.0,200.0,8154900.0
2015,2021-10-18 07:02:03,17800.0,1000.0,8154700.0
2016,2021-10-18 07:02:02,17750.0,300.0,8153700.0
2017,2021-10-18 07:02:02,17750.0,1000.0,8153400.0
2018,2021-10-18 07:02:02,17750.0,500.0,8152400.0
2019,2021-10-18 07:02:02,17750.0,100.0,8151900.0
2020,2021-10-18 07:02:02,17750.0,2000.0,8151800.0
2021,2021-10-18 07:02:02,17750.0,100.0,8149800.0
2022,2021-10-18 07:02:02,17750.0,1000.0,8149700.0
2023,2021-10-18 07:02:01,17800.0,6300.0,8148700.0
2024,2021-10-18 07:01:58,17800.0,1000.0,8142400.0
2025,2021-10-18 07:01:58,17800.0,500.0,8141400.0
2026,2021-10-18 07:01:58,17800.0,500.0,8140900.0
2027,2021-10-18 07:01:56,17800.0,1000.0,8140400.0
2028,2021-10-18 07:01:55,17800.0,500.0,8139400.0
2029,2021-10-18 07:01:55,17800.0,4000.0,8138900.0
2030,2021-10-18 07:01:55,17800.0,2000.0,8134900.0
2031,2021-10-18 07:01:55,17800.0,21400.0,8132900.0
2032,2021-10-18 07:01:55,17800.0,1000.0,8111500.0
2033,2021-10-18 07:01:55,17800.0,1000.0,8110500.0
2034,2021-10-18 07:01:55,17800.0,800.0,8109500.0
2035,2021-10-18 07:01:53,17750.0,2000.0,8108700.0
2036,2021-10-18 07:01:51,17750.0,1500.0,8106700.0
