,Time,Price,Volume_per_trade,Volume
0,2021-10-20 07:45:01,15700.0,500.0,2050200.0
1,2021-10-20 07:45:01,15700.0,300.0,2049700.0
2,2021-10-20 07:45:01,15700.0,200.0,2049400.0
3,2021-10-20 07:45:01,15700.0,1000.0,2049200.0
4,2021-10-20 07:45:01,15700.0,500.0,2048200.0
5,2021-10-20 07:45:01,15700.0,200.0,2047700.0
6,2021-10-20 07:45:01,15700.0,100.0,2047500.0
7,2021-10-20 07:45:01,15700.0,300.0,2047400.0
8,2021-10-20 07:45:01,15700.0,1900.0,2047100.0
9,2021-10-20 07:45:01,15700.0,100.0,2045200.0
10,2021-10-20 07:45:01,15700.0,300.0,2045100.0
11,2021-10-20 07:45:01,15700.0,1000.0,2044800.0
12,2021-10-20 07:45:01,15700.0,1700.0,2043800.0
13,2021-10-20 07:45:01,15700.0,2800.0,2042100.0
14,2021-10-20 07:45:01,15700.0,100.0,2039300.0
15,2021-10-20 07:45:01,15700.0,400.0,2039200.0
16,2021-10-20 07:45:01,15700.0,300.0,2038800.0
17,2021-10-20 07:45:01,15700.0,1000.0,2038500.0
18,2021-10-20 07:45:01,15700.0,200.0,2037500.0
19,2021-10-20 07:45:01,15700.0,1000.0,2037300.0
20,2021-10-20 07:45:01,15700.0,2000.0,2036300.0
21,2021-10-20 07:45:01,15700.0,4500.0,2034300.0
22,2021-10-20 07:45:01,15700.0,4500.0,2029800.0
23,2021-10-20 07:28:58,15700.0,500.0,2025300.0
24,2021-10-20 07:28:36,15700.0,500.0,2024800.0
25,2021-10-20 07:28:07,15700.0,200.0,2024300.0
26,2021-10-20 07:25:53,15700.0,300.0,2024100.0
27,2021-10-20 07:25:29,15700.0,400.0,2023800.0
28,2021-10-20 07:25:00,15700.0,500.0,2023400.0
29,2021-10-20 07:25:00,15700.0,100.0,2022900.0
30,2021-10-20 07:24:03,15700.0,200.0,2022800.0
31,2021-10-20 07:24:03,15700.0,600.0,2022600.0
32,2021-10-20 07:23:54,15700.0,300.0,2022000.0
33,2021-10-20 07:23:48,15700.0,4100.0,2021700.0
34,2021-10-20 07:23:48,15700.0,900.0,2017600.0
35,2021-10-20 07:23:25,15700.0,1100.0,2016700.0
36,2021-10-20 07:23:25,15700.0,900.0,2015600.0
37,2021-10-20 07:23:04,15700.0,100.0,2014700.0
38,2021-10-20 07:22:57,15700.0,5000.0,2014600.0
39,2021-10-20 07:22:37,15700.0,2000.0,2009600.0
40,2021-10-20 07:22:31,15700.0,500.0,2007600.0
41,2021-10-20 07:22:06,15700.0,1500.0,2007100.0
42,2021-10-20 07:22:06,15700.0,100.0,2005600.0
43,2021-10-20 07:22:06,15700.0,4400.0,2005500.0
44,2021-10-20 07:22:06,15700.0,2000.0,2001100.0
45,2021-10-20 07:22:06,15700.0,1000.0,1999100.0
46,2021-10-20 07:22:06,15700.0,4000.0,1998100.0
47,2021-10-20 07:22:06,15700.0,1000.0,1994100.0
48,2021-10-20 07:22:06,15700.0,200.0,1993100.0
49,2021-10-20 07:22:06,15700.0,100.0,1992900.0
50,2021-10-20 07:22:06,15700.0,2000.0,1992800.0
51,2021-10-20 07:22:06,15700.0,300.0,1990800.0
52,2021-10-20 07:22:06,15700.0,3400.0,1990500.0
53,2021-10-20 07:21:20,15700.0,1000.0,1987100.0
54,2021-10-20 07:21:14,15700.0,600.0,1986100.0
55,2021-10-20 07:21:14,15700.0,1400.0,1985500.0
56,2021-10-20 07:21:13,15700.0,500.0,1984100.0
57,2021-10-20 07:21:05,15700.0,400.0,1983600.0
58,2021-10-20 07:20:59,15700.0,700.0,1983200.0
59,2021-10-20 07:20:59,15700.0,100.0,1982500.0
60,2021-10-20 07:20:59,15700.0,2300.0,1982400.0
61,2021-10-20 07:20:59,15700.0,900.0,1980100.0
62,2021-10-20 07:20:27,15700.0,2100.0,1979200.0
63,2021-10-20 07:20:27,15700.0,500.0,1977100.0
64,2021-10-20 07:20:27,15700.0,2000.0,1976600.0
65,2021-10-20 07:20:27,15700.0,400.0,1974600.0
66,2021-10-20 07:20:06,15700.0,200.0,1974200.0
67,2021-10-20 07:20:06,15700.0,500.0,1974000.0
68,2021-10-20 07:20:06,15700.0,300.0,1973500.0
69,2021-10-20 07:20:06,15700.0,200.0,1973200.0
70,2021-10-20 07:20:06,15700.0,900.0,1973000.0
71,2021-10-20 07:19:48,15700.0,100.0,1972100.0
72,2021-10-20 07:19:48,15700.0,1000.0,1972000.0
73,2021-10-20 07:19:48,15700.0,100.0,1971000.0
74,2021-10-20 07:19:48,15700.0,3800.0,1970900.0
75,2021-10-20 07:19:26,15700.0,1200.0,1967100.0
76,2021-10-20 07:19:26,15700.0,2000.0,1965900.0
77,2021-10-20 07:19:26,15700.0,300.0,1963900.0
78,2021-10-20 07:19:26,15700.0,1000.0,1963600.0
79,2021-10-20 07:19:26,15700.0,600.0,1962600.0
80,2021-10-20 07:19:20,15700.0,1300.0,1962000.0
81,2021-10-20 07:19:19,15700.0,500.0,1960700.0
82,2021-10-20 07:19:17,15700.0,700.0,1960200.0
83,2021-10-20 07:19:16,15700.0,1900.0,1959500.0
84,2021-10-20 07:19:16,15700.0,100.0,1957600.0
85,2021-10-20 07:18:43,15700.0,300.0,1957500.0
86,2021-10-20 07:18:40,15700.0,1500.0,1957200.0
87,2021-10-20 07:18:40,15700.0,100.0,1955700.0
88,2021-10-20 07:18:40,15700.0,100.0,1955600.0
89,2021-10-20 07:18:40,15700.0,300.0,1955500.0
90,2021-10-20 07:18:31,15700.0,700.0,1955200.0
91,2021-10-20 07:18:31,15700.0,200.0,1954500.0
92,2021-10-20 07:18:31,15700.0,500.0,1954300.0
93,2021-10-20 07:18:31,15700.0,600.0,1953800.0
94,2021-10-20 07:18:22,15700.0,400.0,1953200.0
95,2021-10-20 07:18:22,15700.0,100.0,1952800.0
96,2021-10-20 07:18:22,15700.0,1000.0,1952700.0
97,2021-10-20 07:18:19,15700.0,400.0,1951700.0
98,2021-10-20 07:18:12,15700.0,400.0,1951300.0
99,2021-10-20 07:18:12,15700.0,500.0,1950900.0
100,2021-10-20 07:18:12,15700.0,900.0,1950400.0
101,2021-10-20 07:18:12,15700.0,1500.0,1949500.0
102,2021-10-20 07:18:12,15700.0,200.0,1948000.0
103,2021-10-20 07:18:12,15700.0,300.0,1947800.0
104,2021-10-20 07:18:12,15700.0,100.0,1947500.0
105,2021-10-20 07:18:12,15700.0,600.0,1947400.0
106,2021-10-20 07:18:12,15700.0,500.0,1946800.0
107,2021-10-20 07:17:59,15700.0,700.0,1946300.0
108,2021-10-20 07:17:59,15700.0,300.0,1945600.0
109,2021-10-20 07:17:59,15700.0,100.0,1945300.0
110,2021-10-20 07:17:59,15700.0,1000.0,1945200.0
111,2021-10-20 07:17:59,15700.0,500.0,1944200.0
112,2021-10-20 07:17:25,15700.0,2500.0,1943700.0
113,2021-10-20 07:17:25,15700.0,2000.0,1941200.0
114,2021-10-20 07:17:25,15700.0,500.0,1939200.0
115,2021-10-20 07:17:09,15700.0,200.0,1938700.0
116,2021-10-20 07:17:06,15700.0,100.0,1938500.0
117,2021-10-20 07:16:55,15700.0,200.0,1938400.0
118,2021-10-20 07:16:55,15700.0,100.0,1938200.0
119,2021-10-20 07:16:55,15700.0,2700.0,1938100.0
120,2021-10-20 07:16:31,15700.0,7300.0,1935400.0
121,2021-10-20 07:16:31,15700.0,3000.0,1928100.0
122,2021-10-20 07:16:31,15700.0,4000.0,1925100.0
123,2021-10-20 07:16:31,15700.0,1000.0,1921100.0
124,2021-10-20 07:16:31,15700.0,100.0,1920100.0
125,2021-10-20 07:16:31,15700.0,300.0,1920000.0
126,2021-10-20 07:16:31,15700.0,500.0,1919700.0
127,2021-10-20 07:16:31,15700.0,200.0,1919200.0
128,2021-10-20 07:16:31,15700.0,2000.0,1919000.0
129,2021-10-20 07:16:31,15700.0,1000.0,1917000.0
130,2021-10-20 07:16:31,15700.0,600.0,1916000.0
131,2021-10-20 07:16:22,15700.0,400.0,1915400.0
132,2021-10-20 07:16:22,15700.0,1100.0,1915000.0
133,2021-10-20 07:16:18,15700.0,500.0,1913900.0
134,2021-10-20 07:16:07,15700.0,100.0,1913400.0
135,2021-10-20 07:14:25,15700.0,100.0,1913300.0
136,2021-10-20 07:14:24,15700.0,3200.0,1913200.0
137,2021-10-20 07:14:24,15700.0,200.0,1910000.0
138,2021-10-20 07:14:24,15700.0,100.0,1909800.0
139,2021-10-20 07:14:24,15700.0,1000.0,1909700.0
140,2021-10-20 07:14:24,15700.0,500.0,1908700.0
141,2021-10-20 07:13:48,15700.0,1500.0,1908200.0
142,2021-10-20 07:13:48,15700.0,2000.0,1906700.0
143,2021-10-20 07:13:48,15700.0,6000.0,1904700.0
144,2021-10-20 07:13:22,15700.0,4000.0,1898700.0
145,2021-10-20 07:13:22,15700.0,1000.0,1894700.0
146,2021-10-20 07:13:22,15700.0,600.0,1893700.0
147,2021-10-20 07:12:32,15700.0,100.0,1893100.0
148,2021-10-20 07:12:10,15700.0,100.0,1893000.0
149,2021-10-20 07:12:08,15700.0,200.0,1892900.0
150,2021-10-20 07:12:08,15700.0,1000.0,1892700.0
151,2021-10-20 07:12:08,15700.0,300.0,1891700.0
152,2021-10-20 07:11:12,15700.0,700.0,1891400.0
153,2021-10-20 07:11:12,15700.0,2000.0,1890700.0
154,2021-10-20 07:11:12,15700.0,2300.0,1888700.0
155,2021-10-20 07:10:03,15700.0,200.0,1886400.0
156,2021-10-20 07:09:09,15700.0,1500.0,1886200.0
157,2021-10-20 07:08:27,15700.0,100.0,1884700.0
158,2021-10-20 07:08:19,15700.0,3000.0,1884600.0
159,2021-10-20 07:07:37,15700.0,400.0,1881600.0
160,2021-10-20 07:07:37,15700.0,2700.0,1881200.0
161,2021-10-20 07:07:37,15700.0,400.0,1878500.0
162,2021-10-20 07:07:37,15700.0,500.0,1878100.0
163,2021-10-20 07:07:37,15700.0,1000.0,1877600.0
164,2021-10-20 07:07:37,15700.0,500.0,1876600.0
165,2021-10-20 07:07:37,15700.0,500.0,1876100.0
166,2021-10-20 07:07:37,15700.0,3000.0,1875600.0
167,2021-10-20 07:07:37,15700.0,1000.0,1872600.0
168,2021-10-20 07:03:18,15700.0,100.0,1871600.0
169,2021-10-20 07:00:37,15700.0,600.0,1871500.0
170,2021-10-20 06:59:44,15700.0,100.0,1870900.0
171,2021-10-20 06:59:24,15700.0,3000.0,1870800.0
172,2021-10-20 06:59:00,15700.0,1200.0,1867800.0
173,2021-10-20 06:59:00,15700.0,500.0,1866600.0
174,2021-10-20 06:59:00,15700.0,1000.0,1866100.0
175,2021-10-20 06:59:00,15700.0,2300.0,1865100.0
176,2021-10-20 06:57:06,15700.0,200.0,1862800.0
177,2021-10-20 06:55:08,15700.0,100.0,1862600.0
178,2021-10-20 06:54:27,15700.0,300.0,1862500.0
179,2021-10-20 06:53:38,15700.0,2000.0,1862200.0
180,2021-10-20 06:51:28,15700.0,1000.0,1860200.0
181,2021-10-20 06:50:49,15700.0,2000.0,1859200.0
182,2021-10-20 06:50:09,15700.0,700.0,1857200.0
183,2021-10-20 06:49:18,15700.0,500.0,1856500.0
184,2021-10-20 06:48:51,15700.0,300.0,1856000.0
185,2021-10-20 06:48:41,15700.0,900.0,1855700.0
186,2021-10-20 06:48:01,15700.0,5000.0,1854800.0
187,2021-10-20 06:47:58,15700.0,1000.0,1849800.0
188,2021-10-20 06:46:41,15700.0,1000.0,1848800.0
189,2021-10-20 06:40:00,15700.0,2600.0,1847800.0
190,2021-10-20 06:38:45,15700.0,2000.0,1845200.0
191,2021-10-20 06:38:40,15700.0,2800.0,1843200.0
192,2021-10-20 06:38:20,15700.0,900.0,1840400.0
193,2021-10-20 06:36:58,15700.0,100.0,1839500.0
194,2021-10-20 06:32:55,15700.0,100.0,1839400.0
195,2021-10-20 06:28:03,15700.0,500.0,1839300.0
196,2021-10-20 06:26:50,15700.0,2000.0,1838800.0
197,2021-10-20 06:25:03,15700.0,200.0,1836800.0
198,2021-10-20 06:23:43,15700.0,100.0,1836600.0
199,2021-10-20 06:23:17,15700.0,2000.0,1836500.0
200,2021-10-20 06:21:54,15700.0,700.0,1834500.0
201,2021-10-20 06:21:49,15700.0,300.0,1833800.0
202,2021-10-20 06:19:59,15700.0,1000.0,1833500.0
203,2021-10-20 06:19:55,15700.0,2100.0,1832500.0
204,2021-10-20 06:18:49,15700.0,2000.0,1830400.0
205,2021-10-20 06:18:48,15700.0,1000.0,1828400.0
206,2021-10-20 06:18:18,15700.0,200.0,1827400.0
207,2021-10-20 06:16:22,15700.0,100.0,1827200.0
208,2021-10-20 06:14:58,15700.0,200.0,1827100.0
209,2021-10-20 06:12:22,15700.0,100.0,1826900.0
210,2021-10-20 06:10:53,15700.0,3000.0,1826800.0
211,2021-10-20 06:08:44,15700.0,2900.0,1823800.0
212,2021-10-20 06:06:16,15700.0,3000.0,1820900.0
213,2021-10-20 06:00:19,15700.0,500.0,1817900.0
214,2021-10-20 06:00:06,15700.0,200.0,1817400.0
215,2021-10-20 06:00:03,15700.0,16100.0,1817200.0
216,2021-10-20 06:00:03,15700.0,1900.0,1801100.0
217,2021-10-20 06:00:03,15700.0,1000.0,1799200.0
218,2021-10-20 06:00:03,15700.0,100.0,1798200.0
219,2021-10-20 06:00:03,15700.0,1300.0,1798100.0
220,2021-10-20 06:00:03,15700.0,1600.0,1796800.0
221,2021-10-20 06:00:03,15700.0,500.0,1795200.0
222,2021-10-20 06:00:03,15700.0,4000.0,1794700.0
223,2021-10-20 06:00:03,15700.0,7900.0,1790700.0
224,2021-10-20 06:00:02,15700.0,200.0,1782800.0
225,2021-10-20 06:00:02,15700.0,500.0,1782600.0
226,2021-10-20 06:00:01,15700.0,300.0,1782100.0
227,2021-10-20 06:00:00,15700.0,100.0,1781800.0
228,2021-10-20 04:25:59,15700.0,10000.0,1781700.0
229,2021-10-20 04:22:23,15700.0,1000.0,1771700.0
230,2021-10-20 04:22:06,15700.0,100.0,1770700.0
231,2021-10-20 04:19:49,15700.0,400.0,1770600.0
232,2021-10-20 04:17:56,15700.0,1000.0,1770200.0
233,2021-10-20 04:17:10,15700.0,1400.0,1769200.0
234,2021-10-20 04:16:07,15700.0,500.0,1767800.0
235,2021-10-20 04:11:32,15700.0,800.0,1767300.0
236,2021-10-20 04:07:10,15700.0,200.0,1766500.0
237,2021-10-20 04:07:06,15700.0,1000.0,1766300.0
238,2021-10-20 04:06:58,15700.0,5000.0,1765300.0
239,2021-10-20 04:05:16,15700.0,1000.0,1760300.0
240,2021-10-20 04:00:41,15700.0,300.0,1759300.0
241,2021-10-20 03:51:27,15700.0,2100.0,1759000.0
242,2021-10-20 03:50:40,15700.0,100.0,1756900.0
243,2021-10-20 03:50:32,15700.0,600.0,1756800.0
244,2021-10-20 03:44:03,15700.0,1000.0,1756200.0
245,2021-10-20 03:43:30,15700.0,1000.0,1755200.0
246,2021-10-20 03:42:38,15700.0,900.0,1754200.0
247,2021-10-20 03:38:03,15700.0,300.0,1753300.0
248,2021-10-20 03:34:42,15700.0,1000.0,1753000.0
249,2021-10-20 03:29:07,15700.0,200.0,1752000.0
250,2021-10-20 03:26:55,15700.0,2000.0,1751800.0
251,2021-10-20 03:26:37,15700.0,200.0,1749800.0
252,2021-10-20 03:25:54,15700.0,100.0,1749600.0
253,2021-10-20 03:25:38,15700.0,5000.0,1749500.0
254,2021-10-20 03:25:15,15700.0,300.0,1744500.0
255,2021-10-20 03:24:31,15700.0,100.0,1744200.0
256,2021-10-20 03:24:15,15700.0,100.0,1744100.0
257,2021-10-20 03:24:14,15700.0,1000.0,1744000.0
258,2021-10-20 03:24:11,15700.0,100.0,1743000.0
259,2021-10-20 03:22:33,15700.0,1000.0,1742900.0
260,2021-10-20 03:20:59,15700.0,400.0,1741900.0
261,2021-10-20 03:19:56,15700.0,800.0,1741500.0
262,2021-10-20 03:19:56,15700.0,1200.0,1740700.0
263,2021-10-20 03:17:44,15700.0,100.0,1739500.0
264,2021-10-20 03:17:30,15700.0,100.0,1739400.0
265,2021-10-20 03:15:57,15700.0,200.0,1739300.0
266,2021-10-20 03:14:47,15700.0,1400.0,1739100.0
267,2021-10-20 03:14:47,15700.0,600.0,1737700.0
268,2021-10-20 03:13:35,15700.0,100.0,1737100.0
269,2021-10-20 03:13:26,15700.0,300.0,1737000.0
270,2021-10-20 03:13:26,15700.0,700.0,1736700.0
271,2021-10-20 03:09:58,15700.0,300.0,1736000.0
272,2021-10-20 03:09:58,15700.0,300.0,1735700.0
273,2021-10-20 03:09:30,15700.0,2400.0,1735400.0
274,2021-10-20 03:09:30,15700.0,200.0,1733000.0
275,2021-10-20 03:09:30,15700.0,100.0,1732800.0
276,2021-10-20 03:09:30,15700.0,100.0,1732700.0
277,2021-10-20 03:09:30,15700.0,9000.0,1732600.0
278,2021-10-20 03:09:30,15700.0,8200.0,1723600.0
279,2021-10-20 03:09:05,15700.0,1000.0,1715400.0
280,2021-10-20 03:08:39,15700.0,800.0,1714400.0
281,2021-10-20 03:08:39,15700.0,200.0,1713600.0
282,2021-10-20 03:08:39,15700.0,400.0,1713400.0
283,2021-10-20 03:08:39,15700.0,200.0,1713000.0
284,2021-10-20 03:08:39,15700.0,400.0,1712800.0
285,2021-10-20 03:07:46,15700.0,400.0,1712400.0
286,2021-10-20 03:07:15,15700.0,200.0,1712000.0
287,2021-10-20 03:07:09,15700.0,200.0,1711800.0
288,2021-10-20 03:07:09,15700.0,100.0,1711600.0
289,2021-10-20 03:04:37,15700.0,100.0,1711500.0
290,2021-10-20 03:03:49,15700.0,100.0,1711400.0
291,2021-10-20 03:03:11,15700.0,300.0,1711300.0
292,2021-10-20 02:59:27,15700.0,2000.0,1711000.0
293,2021-10-20 02:57:58,15700.0,100.0,1709000.0
294,2021-10-20 02:57:50,15700.0,1300.0,1708900.0
295,2021-10-20 02:57:50,15700.0,100.0,1707600.0
296,2021-10-20 02:57:50,15700.0,300.0,1707500.0
297,2021-10-20 02:57:50,15700.0,4400.0,1707200.0
298,2021-10-20 02:57:19,15700.0,600.0,1702800.0
299,2021-10-20 02:57:19,15700.0,100.0,1702200.0
300,2021-10-20 02:57:19,15700.0,300.0,1702100.0
301,2021-10-20 02:55:37,15700.0,100.0,1701800.0
302,2021-10-20 02:55:37,15700.0,1900.0,1701700.0
303,2021-10-20 02:52:05,15700.0,2000.0,1699800.0
304,2021-10-20 02:52:00,15700.0,1100.0,1697800.0
305,2021-10-20 02:52:00,15700.0,500.0,1696700.0
306,2021-10-20 02:52:00,15700.0,400.0,1696200.0
307,2021-10-20 02:51:03,15700.0,1500.0,1695800.0
308,2021-10-20 02:50:49,15700.0,100.0,1694300.0
309,2021-10-20 02:50:49,15700.0,300.0,1694200.0
310,2021-10-20 02:50:44,15700.0,9700.0,1693900.0
311,2021-10-20 02:50:44,15700.0,300.0,1684200.0
312,2021-10-20 02:50:06,15700.0,400.0,1683900.0
313,2021-10-20 02:50:01,15700.0,300.0,1683500.0
314,2021-10-20 02:50:01,15700.0,200.0,1683200.0
315,2021-10-20 02:49:57,15700.0,900.0,1683000.0
316,2021-10-20 02:49:57,15700.0,1000.0,1682100.0
317,2021-10-20 02:49:57,15700.0,1000.0,1681100.0
318,2021-10-20 02:49:57,15700.0,400.0,1680100.0
319,2021-10-20 02:49:26,15700.0,200.0,1679700.0
320,2021-10-20 02:49:13,15700.0,100.0,1679500.0
321,2021-10-20 02:48:30,15700.0,100.0,1679400.0
322,2021-10-20 02:48:21,15700.0,200.0,1679300.0
323,2021-10-20 02:48:21,15700.0,800.0,1679100.0
324,2021-10-20 02:47:54,15700.0,200.0,1678300.0
325,2021-10-20 02:47:44,15700.0,1000.0,1678100.0
326,2021-10-20 02:47:16,15700.0,1000.0,1677100.0
327,2021-10-20 02:47:16,15700.0,2000.0,1676100.0
328,2021-10-20 02:47:16,15700.0,300.0,1674100.0
329,2021-10-20 02:47:16,15700.0,1700.0,1673800.0
330,2021-10-20 02:46:46,15700.0,100.0,1672100.0
331,2021-10-20 02:46:43,15700.0,100.0,1672000.0
332,2021-10-20 02:46:30,15700.0,100.0,1671900.0
333,2021-10-20 02:46:19,15700.0,700.0,1671800.0
334,2021-10-20 02:45:52,15700.0,100.0,1671100.0
335,2021-10-20 02:45:46,15700.0,400.0,1671000.0
336,2021-10-20 02:45:20,15700.0,300.0,1670600.0
337,2021-10-20 02:45:00,15700.0,200.0,1670300.0
338,2021-10-20 02:44:35,15700.0,300.0,1670100.0
339,2021-10-20 02:44:35,15700.0,200.0,1669800.0
340,2021-10-20 02:44:11,15700.0,200.0,1669600.0
341,2021-10-20 02:43:01,15700.0,300.0,1669400.0
342,2021-10-20 02:42:24,15700.0,5000.0,1669100.0
343,2021-10-20 02:42:15,15700.0,4500.0,1664100.0
344,2021-10-20 02:42:15,15700.0,500.0,1659600.0
345,2021-10-20 02:41:41,15700.0,300.0,1659100.0
346,2021-10-20 02:41:28,15700.0,200.0,1658800.0
347,2021-10-20 02:41:28,15700.0,800.0,1658600.0
348,2021-10-20 02:41:08,15700.0,200.0,1657800.0
349,2021-10-20 02:41:08,15700.0,600.0,1657600.0
350,2021-10-20 02:40:56,15700.0,700.0,1657000.0
351,2021-10-20 02:40:28,15700.0,700.0,1656300.0
352,2021-10-20 02:40:28,15700.0,2500.0,1655600.0
353,2021-10-20 02:40:25,15700.0,100.0,1653100.0
354,2021-10-20 02:39:40,15700.0,100.0,1653000.0
355,2021-10-20 02:39:06,15700.0,2000.0,1652900.0
356,2021-10-20 02:38:44,15700.0,5300.0,1650900.0
357,2021-10-20 02:38:44,15700.0,200.0,1645600.0
358,2021-10-20 02:38:44,15700.0,3700.0,1645400.0
359,2021-10-20 02:38:44,15700.0,3000.0,1641700.0
360,2021-10-20 02:38:44,15700.0,100.0,1638700.0
361,2021-10-20 02:38:44,15700.0,2700.0,1638600.0
362,2021-10-20 02:38:36,15700.0,1000.0,1635900.0
363,2021-10-20 02:37:42,15700.0,200.0,1634900.0
364,2021-10-20 02:37:36,15700.0,500.0,1634700.0
365,2021-10-20 02:37:26,15700.0,100.0,1634200.0
366,2021-10-20 02:37:24,15700.0,100.0,1634100.0
367,2021-10-20 02:37:03,15700.0,400.0,1634000.0
368,2021-10-20 02:37:03,15700.0,1600.0,1633600.0
369,2021-10-20 02:37:02,15700.0,100.0,1632000.0
370,2021-10-20 02:36:55,15700.0,500.0,1631900.0
371,2021-10-20 02:36:08,15700.0,7800.0,1631400.0
372,2021-10-20 02:36:08,15700.0,20000.0,1623600.0
373,2021-10-20 02:36:08,15700.0,600.0,1603600.0
374,2021-10-20 02:36:08,15700.0,100.0,1603000.0
375,2021-10-20 02:36:08,15700.0,10000.0,1602900.0
376,2021-10-20 02:36:08,15700.0,500.0,1592900.0
377,2021-10-20 02:36:08,15700.0,10000.0,1592400.0
378,2021-10-20 02:36:08,15700.0,1000.0,1582400.0
379,2021-10-20 02:36:00,15700.0,300.0,1581400.0
380,2021-10-20 02:36:00,15700.0,1000.0,1581100.0
381,2021-10-20 02:36:00,15700.0,3700.0,1580100.0
382,2021-10-20 02:35:58,15700.0,5000.0,1576400.0
383,2021-10-20 02:35:58,15700.0,3000.0,1571400.0
384,2021-10-20 02:35:50,15700.0,5000.0,1568400.0
385,2021-10-20 02:35:49,15700.0,3300.0,1563400.0
386,2021-10-20 02:35:49,15700.0,100.0,1560100.0
387,2021-10-20 02:35:49,15700.0,1500.0,1560000.0
388,2021-10-20 02:35:49,15700.0,100.0,1558500.0
389,2021-10-20 02:35:45,15700.0,100.0,1558400.0
390,2021-10-20 02:34:31,15700.0,5000.0,1558300.0
391,2021-10-20 02:34:31,15700.0,400.0,1553300.0
392,2021-10-20 02:34:24,15700.0,1000.0,1552900.0
393,2021-10-20 02:34:17,15700.0,100.0,1551900.0
394,2021-10-20 02:33:50,15700.0,200.0,1551800.0
395,2021-10-20 02:33:44,15700.0,100.0,1551600.0
396,2021-10-20 02:33:40,15700.0,1000.0,1551500.0
397,2021-10-20 02:33:37,15700.0,2100.0,1550500.0
398,2021-10-20 02:33:37,15700.0,1000.0,1548400.0
399,2021-10-20 02:33:37,15700.0,300.0,1547400.0
400,2021-10-20 02:33:37,15700.0,200.0,1547100.0
401,2021-10-20 02:33:37,15700.0,1400.0,1546900.0
402,2021-10-20 02:33:12,15700.0,1000.0,1545500.0
403,2021-10-20 02:33:08,15700.0,1200.0,1544500.0
404,2021-10-20 02:33:08,15700.0,3800.0,1543300.0
405,2021-10-20 02:32:47,15700.0,3500.0,1539500.0
406,2021-10-20 02:32:36,15700.0,1000.0,1536000.0
407,2021-10-20 02:32:16,15700.0,1700.0,1535000.0
408,2021-10-20 02:32:16,15700.0,1200.0,1533300.0
409,2021-10-20 02:32:16,15700.0,2100.0,1532100.0
410,2021-10-20 02:31:40,15700.0,2900.0,1530000.0
411,2021-10-20 02:31:40,15700.0,2000.0,1527100.0
412,2021-10-20 02:31:40,15700.0,100.0,1525100.0
413,2021-10-20 02:31:18,15700.0,100.0,1525000.0
414,2021-10-20 02:31:18,15700.0,900.0,1524900.0
415,2021-10-20 02:30:59,15700.0,9100.0,1524000.0
416,2021-10-20 02:30:59,15700.0,900.0,1514900.0
417,2021-10-20 02:30:26,15700.0,2100.0,1514000.0
418,2021-10-20 02:30:26,15700.0,300.0,1511900.0
419,2021-10-20 02:30:26,15700.0,2600.0,1511600.0
420,2021-10-20 02:30:25,15700.0,400.0,1509000.0
421,2021-10-20 02:30:25,15700.0,200.0,1508600.0
422,2021-10-20 02:30:25,15700.0,100.0,1508400.0
423,2021-10-20 02:30:25,15700.0,1000.0,1508300.0
424,2021-10-20 02:30:25,15700.0,100.0,1507300.0
425,2021-10-20 02:30:25,15700.0,700.0,1507200.0
426,2021-10-20 02:30:14,15700.0,100.0,1506500.0
427,2021-10-20 02:29:53,15700.0,200.0,1506400.0
428,2021-10-20 02:29:53,15700.0,100.0,1506200.0
429,2021-10-20 02:29:50,15700.0,800.0,1506100.0
430,2021-10-20 02:29:50,15700.0,200.0,1505300.0
431,2021-10-20 02:29:50,15700.0,2000.0,1505100.0
432,2021-10-20 02:29:30,15700.0,3100.0,1503100.0
433,2021-10-20 02:29:30,15700.0,3000.0,1500000.0
434,2021-10-20 02:29:30,15700.0,3000.0,1497000.0
435,2021-10-20 02:29:30,15700.0,300.0,1494000.0
436,2021-10-20 02:29:30,15700.0,3000.0,1493700.0
437,2021-10-20 02:29:30,15700.0,1500.0,1490700.0
438,2021-10-20 02:29:30,15700.0,500.0,1489200.0
439,2021-10-20 02:29:30,15700.0,100.0,1488700.0
440,2021-10-20 02:29:30,15700.0,200.0,1488600.0
441,2021-10-20 02:29:30,15700.0,300.0,1488400.0
442,2021-10-20 02:29:30,15700.0,5000.0,1488100.0
443,2021-10-20 02:29:18,15700.0,100.0,1483100.0
444,2021-10-20 02:29:12,15700.0,4900.0,1483000.0
445,2021-10-20 02:29:12,15700.0,100.0,1478100.0
446,2021-10-20 02:29:12,15700.0,2000.0,1478000.0
447,2021-10-20 02:29:12,15700.0,1000.0,1476000.0
448,2021-10-20 02:29:12,15700.0,500.0,1475000.0
449,2021-10-20 02:29:12,15700.0,1000.0,1474500.0
450,2021-10-20 02:29:11,15700.0,2000.0,1473500.0
451,2021-10-20 02:29:06,15700.0,200.0,1471500.0
452,2021-10-20 02:29:03,15700.0,1000.0,1471300.0
453,2021-10-20 02:28:55,15700.0,5800.0,1470300.0
454,2021-10-20 02:28:55,15700.0,500.0,1464500.0
455,2021-10-20 02:28:55,15700.0,5000.0,1464000.0
456,2021-10-20 02:28:55,15700.0,1000.0,1459000.0
457,2021-10-20 02:28:55,15700.0,1000.0,1458000.0
458,2021-10-20 02:28:55,15700.0,100.0,1457000.0
459,2021-10-20 02:28:55,15700.0,1000.0,1456900.0
460,2021-10-20 02:28:55,15700.0,100.0,1455900.0
461,2021-10-20 02:28:55,15700.0,3000.0,1455800.0
462,2021-10-20 02:28:55,15700.0,1000.0,1452800.0
463,2021-10-20 02:28:55,15700.0,1000.0,1451800.0
464,2021-10-20 02:28:55,15700.0,500.0,1450800.0
465,2021-10-20 02:28:55,15700.0,200.0,1450300.0
466,2021-10-20 02:28:55,15700.0,100.0,1450100.0
467,2021-10-20 02:28:55,15700.0,100.0,1450000.0
468,2021-10-20 02:28:55,15700.0,4900.0,1449900.0
469,2021-10-20 02:28:55,15700.0,200.0,1445000.0
470,2021-10-20 02:28:55,15700.0,5000.0,1444800.0
471,2021-10-20 02:28:55,15700.0,100.0,1439800.0
472,2021-10-20 02:28:55,15700.0,2000.0,1439700.0
473,2021-10-20 02:28:55,15700.0,5000.0,1437700.0
474,2021-10-20 02:28:55,15700.0,600.0,1432700.0
475,2021-10-20 02:28:55,15700.0,100.0,1432100.0
476,2021-10-20 02:28:55,15700.0,2000.0,1432000.0
477,2021-10-20 02:28:55,15700.0,600.0,1430000.0
478,2021-10-20 02:28:55,15700.0,500.0,1429400.0
479,2021-10-20 02:28:55,15700.0,300.0,1428900.0
480,2021-10-20 02:28:55,15700.0,8300.0,1428600.0
481,2021-10-20 02:28:38,15700.0,100.0,1420300.0
482,2021-10-20 02:28:12,15700.0,1000.0,1420200.0
483,2021-10-20 02:27:21,15700.0,500.0,1419200.0
484,2021-10-20 02:27:19,15700.0,100.0,1418700.0
485,2021-10-20 02:27:15,15700.0,200.0,1418600.0
486,2021-10-20 02:27:04,15700.0,800.0,1418400.0
487,2021-10-20 02:27:04,15700.0,200.0,1417600.0
488,2021-10-20 02:27:04,15700.0,1000.0,1417400.0
489,2021-10-20 02:27:03,15700.0,1000.0,1416400.0
490,2021-10-20 02:26:55,15700.0,500.0,1415400.0
491,2021-10-20 02:26:55,15700.0,200.0,1414900.0
492,2021-10-20 02:26:55,15700.0,800.0,1414700.0
493,2021-10-20 02:26:41,15700.0,4200.0,1413900.0
494,2021-10-20 02:26:41,15700.0,1000.0,1409700.0
495,2021-10-20 02:26:41,15700.0,3000.0,1408700.0
496,2021-10-20 02:26:41,15700.0,1100.0,1405700.0
497,2021-10-20 02:26:41,15700.0,500.0,1404600.0
498,2021-10-20 02:26:41,15700.0,3000.0,1404100.0
499,2021-10-20 02:26:41,15700.0,500.0,1401100.0
500,2021-10-20 02:26:41,15700.0,4000.0,1400600.0
501,2021-10-20 02:26:41,15700.0,2700.0,1396600.0
502,2021-10-20 02:26:15,15700.0,4000.0,1393900.0
503,2021-10-20 02:24:56,15700.0,1000.0,1389900.0
504,2021-10-20 02:24:55,15700.0,200.0,1388900.0
505,2021-10-20 02:24:13,15700.0,100.0,1388700.0
506,2021-10-20 02:24:10,15700.0,200.0,1388600.0
507,2021-10-20 02:23:38,15700.0,1000.0,1388400.0
508,2021-10-20 02:23:28,15700.0,500.0,1387400.0
509,2021-10-20 02:22:38,15700.0,1000.0,1386900.0
510,2021-10-20 02:22:37,15700.0,2000.0,1385900.0
511,2021-10-20 02:22:30,15700.0,100.0,1383900.0
512,2021-10-20 02:22:18,15700.0,100.0,1383800.0
513,2021-10-20 02:22:12,15700.0,3000.0,1383700.0
514,2021-10-20 02:22:01,15700.0,100.0,1380700.0
515,2021-10-20 02:21:53,15700.0,500.0,1380600.0
516,2021-10-20 02:21:46,15700.0,1000.0,1380100.0
517,2021-10-20 02:21:45,15700.0,300.0,1379100.0
518,2021-10-20 02:21:40,15700.0,100.0,1378800.0
519,2021-10-20 02:21:39,15700.0,10000.0,1378700.0
520,2021-10-20 02:21:33,15700.0,1000.0,1368700.0
521,2021-10-20 02:21:26,15700.0,100.0,1367700.0
522,2021-10-20 02:21:20,15700.0,11000.0,1367600.0
523,2021-10-20 02:21:20,15700.0,3000.0,1356600.0
524,2021-10-20 02:21:20,15700.0,2000.0,1353600.0
525,2021-10-20 02:21:20,15700.0,3500.0,1351600.0
526,2021-10-20 02:21:20,15700.0,3000.0,1348100.0
527,2021-10-20 02:21:20,15700.0,10000.0,1345100.0
528,2021-10-20 02:21:20,15700.0,200.0,1335100.0
529,2021-10-20 02:21:20,15700.0,200.0,1334900.0
530,2021-10-20 02:21:20,15700.0,1000.0,1334700.0
531,2021-10-20 02:21:20,15700.0,16100.0,1333700.0
532,2021-10-20 02:21:19,15700.0,100.0,1317600.0
533,2021-10-20 02:20:44,15700.0,2000.0,1317500.0
534,2021-10-20 02:20:32,15700.0,800.0,1315500.0
535,2021-10-20 02:20:22,15700.0,2500.0,1314700.0
536,2021-10-20 02:20:21,15700.0,100.0,1312200.0
537,2021-10-20 02:20:06,15700.0,5000.0,1312100.0
538,2021-10-20 02:20:04,15700.0,500.0,1307100.0
539,2021-10-20 02:19:56,15700.0,300.0,1306600.0
540,2021-10-20 02:19:50,15700.0,2500.0,1306300.0
541,2021-10-20 02:19:48,15700.0,5500.0,1303800.0
542,2021-10-20 02:19:37,15700.0,100.0,1298300.0
543,2021-10-20 02:19:36,15700.0,1200.0,1298200.0
544,2021-10-20 02:19:34,15700.0,2000.0,1297000.0
545,2021-10-20 02:19:26,15700.0,9400.0,1295000.0
546,2021-10-20 02:19:26,15700.0,1900.0,1285600.0
547,2021-10-20 02:19:26,15700.0,1000.0,1283700.0
548,2021-10-20 02:19:26,15700.0,2200.0,1282700.0
549,2021-10-20 02:19:20,15700.0,500.0,1280500.0
550,2021-10-20 02:19:03,15700.0,200.0,1280000.0
551,2021-10-20 02:18:57,15700.0,100.0,1279800.0
552,2021-10-20 02:18:57,15700.0,500.0,1279700.0
553,2021-10-20 02:18:57,15700.0,500.0,1279200.0
554,2021-10-20 02:18:57,15700.0,500.0,1278700.0
555,2021-10-20 02:18:57,15700.0,2000.0,1278200.0
556,2021-10-20 02:18:57,15700.0,200.0,1276200.0
557,2021-10-20 02:18:57,15700.0,100.0,1276000.0
558,2021-10-20 02:18:57,15700.0,1100.0,1275900.0
559,2021-10-20 02:18:46,15700.0,3000.0,1274800.0
560,2021-10-20 02:18:43,15700.0,100.0,1271800.0
561,2021-10-20 02:18:40,15700.0,200.0,1271700.0
562,2021-10-20 02:18:39,15700.0,600.0,1271500.0
563,2021-10-20 02:18:39,15700.0,100.0,1270900.0
564,2021-10-20 02:18:39,15700.0,3200.0,1270800.0
565,2021-10-20 02:18:36,15700.0,4800.0,1267600.0
566,2021-10-20 02:18:36,15700.0,2100.0,1262800.0
567,2021-10-20 02:18:26,15700.0,3000.0,1260700.0
568,2021-10-20 02:18:22,15700.0,2000.0,1257700.0
569,2021-10-20 02:18:17,15700.0,200.0,1255700.0
570,2021-10-20 02:18:01,15700.0,200.0,1255500.0
571,2021-10-20 02:17:56,15700.0,100.0,1255300.0
572,2021-10-20 02:17:48,15700.0,1000.0,1255200.0
573,2021-10-20 02:17:33,15700.0,200.0,1254200.0
574,2021-10-20 02:17:32,15700.0,400.0,1254000.0
575,2021-10-20 02:17:31,15700.0,5000.0,1253600.0
576,2021-10-20 02:17:25,15700.0,200.0,1248600.0
577,2021-10-20 02:17:23,15700.0,100.0,1248400.0
578,2021-10-20 02:17:17,15700.0,300.0,1248300.0
579,2021-10-20 02:17:15,15700.0,3000.0,1248000.0
580,2021-10-20 02:17:12,15700.0,32200.0,1245000.0
581,2021-10-20 02:17:12,15700.0,2000.0,1212800.0
582,2021-10-20 02:17:12,15700.0,10000.0,1210800.0
583,2021-10-20 02:17:12,15700.0,5800.0,1200800.0
584,2021-10-20 02:17:11,15700.0,600.0,1195000.0
585,2021-10-20 02:17:04,15700.0,500.0,1194400.0
586,2021-10-20 02:17:02,15700.0,1000.0,1193900.0
587,2021-10-20 02:16:53,15700.0,1000.0,1192900.0
588,2021-10-20 02:16:48,15700.0,200.0,1191900.0
589,2021-10-20 02:16:44,15700.0,7700.0,1191700.0
590,2021-10-20 02:16:44,15700.0,2300.0,1184000.0
591,2021-10-20 02:16:36,15700.0,2100.0,1181700.0
592,2021-10-20 02:16:35,15700.0,20600.0,1179600.0
593,2021-10-20 02:16:35,15700.0,100.0,1159000.0
594,2021-10-20 02:16:35,15700.0,800.0,1158900.0
595,2021-10-20 02:16:35,15700.0,5000.0,1158100.0
596,2021-10-20 02:16:35,15700.0,28500.0,1153100.0
597,2021-10-20 02:16:21,15700.0,600.0,1124600.0
598,2021-10-20 02:16:15,15700.0,200.0,1124000.0
599,2021-10-20 02:16:04,15700.0,10000.0,1123800.0
600,2021-10-20 02:15:54,15700.0,200.0,1113800.0
601,2021-10-20 02:15:52,15700.0,100.0,1113600.0
602,2021-10-20 02:15:50,15700.0,10000.0,1113500.0
603,2021-10-20 02:15:47,15700.0,500.0,1103500.0
604,2021-10-20 02:15:45,15700.0,2000.0,1103000.0
605,2021-10-20 02:15:41,15700.0,4000.0,1101000.0
606,2021-10-20 02:15:39,15700.0,500.0,1097000.0
607,2021-10-20 02:15:35,15700.0,400.0,1096500.0
608,2021-10-20 02:15:33,15700.0,100.0,1096100.0
609,2021-10-20 02:15:33,15700.0,8000.0,1096000.0
610,2021-10-20 02:15:31,15700.0,2000.0,1088000.0
611,2021-10-20 02:15:28,15700.0,300.0,1086000.0
612,2021-10-20 02:15:22,15700.0,12800.0,1085700.0
613,2021-10-20 02:15:16,15700.0,2500.0,1072900.0
614,2021-10-20 02:15:16,15700.0,2000.0,1070400.0
615,2021-10-20 02:15:10,15700.0,400.0,1068400.0
616,2021-10-20 02:15:06,15700.0,300.0,1068000.0
617,2021-10-20 02:15:05,15700.0,14600.0,1067700.0
618,2021-10-20 02:15:05,15700.0,200.0,1053100.0
619,2021-10-20 02:15:05,15700.0,300.0,1052900.0
620,2021-10-20 02:15:05,15700.0,200.0,1052600.0
621,2021-10-20 02:15:05,15700.0,20000.0,1052400.0
622,2021-10-20 02:15:05,15700.0,25000.0,1032400.0
623,2021-10-20 02:15:05,15700.0,2500.0,1007400.0
624,2021-10-20 02:15:05,15700.0,6000.0,1004900.0
625,2021-10-20 02:15:05,15700.0,1200.0,998900.0
626,2021-10-20 02:15:01,15700.0,300.0,997700.0
627,2021-10-20 02:15:01,15700.0,1000.0,997400.0
628,2021-10-20 02:15:01,15700.0,1000.0,996400.0
629,2021-10-20 02:15:01,15700.0,300.0,995400.0
630,2021-10-20 02:15:01,15700.0,15000.0,995100.0
631,2021-10-20 02:15:01,15700.0,1300.0,980100.0
632,2021-10-20 02:15:01,15700.0,2000.0,978800.0
633,2021-10-20 02:15:01,15700.0,100.0,976800.0
634,2021-10-20 02:15:01,15700.0,2000.0,976700.0
635,2021-10-20 02:15:01,15700.0,1000.0,974700.0
636,2021-10-20 02:15:01,15700.0,1000.0,973700.0
637,2021-10-20 02:15:01,15700.0,2000.0,972700.0
638,2021-10-20 02:15:01,15700.0,65400.0,970700.0
639,2021-10-20 02:15:01,15700.0,1000.0,905300.0
640,2021-10-20 02:15:01,15700.0,8000.0,904300.0
641,2021-10-20 02:15:01,15700.0,1000.0,896300.0
642,2021-10-20 02:15:01,15700.0,1700.0,895300.0
643,2021-10-20 02:15:01,15700.0,500.0,893600.0
644,2021-10-20 02:15:01,15700.0,10000.0,893100.0
645,2021-10-20 02:15:01,15700.0,1000.0,883100.0
646,2021-10-20 02:15:01,15700.0,5000.0,882100.0
647,2021-10-20 02:15:01,15700.0,300.0,877100.0
648,2021-10-20 02:15:01,15700.0,400.0,876800.0
649,2021-10-20 02:15:01,15700.0,2000.0,876400.0
650,2021-10-20 02:15:01,15700.0,2000.0,874400.0
651,2021-10-20 02:15:01,15700.0,1700.0,872400.0
652,2021-10-20 02:15:01,15700.0,3300.0,870700.0
653,2021-10-20 02:15:01,15700.0,300.0,867400.0
654,2021-10-20 02:15:01,15700.0,1000.0,867100.0
655,2021-10-20 02:15:01,15700.0,200.0,866100.0
656,2021-10-20 02:15:01,15700.0,100.0,865900.0
657,2021-10-20 02:15:01,15700.0,15100.0,865800.0
658,2021-10-20 02:15:01,15700.0,2000.0,850700.0
659,2021-10-20 02:15:01,15700.0,100.0,848700.0
660,2021-10-20 02:15:01,15700.0,2000.0,848600.0
661,2021-10-20 02:15:01,15700.0,100.0,846600.0
662,2021-10-20 02:15:01,15700.0,500.0,846500.0
663,2021-10-20 02:15:01,15700.0,100.0,846000.0
664,2021-10-20 02:15:01,15700.0,600.0,845900.0
665,2021-10-20 02:15:01,15700.0,200.0,845300.0
666,2021-10-20 02:15:01,15700.0,1700.0,845100.0
667,2021-10-20 02:15:01,15700.0,6000.0,843400.0
668,2021-10-20 02:15:01,15700.0,2000.0,837400.0
669,2021-10-20 02:15:01,15700.0,300.0,835400.0
670,2021-10-20 02:15:01,15700.0,500.0,835100.0
671,2021-10-20 02:15:01,15700.0,1000.0,834600.0
672,2021-10-20 02:15:01,15700.0,5000.0,833600.0
673,2021-10-20 02:15:01,15700.0,4000.0,828600.0
674,2021-10-20 02:15:01,15700.0,1000.0,824600.0
675,2021-10-20 02:15:01,15700.0,2000.0,823600.0
676,2021-10-20 02:15:01,15700.0,1000.0,821600.0
677,2021-10-20 02:15:01,15700.0,700.0,820600.0
678,2021-10-20 02:15:01,15700.0,300.0,819900.0
679,2021-10-20 02:15:01,15700.0,3800.0,819600.0
680,2021-10-20 02:15:01,15700.0,10000.0,815800.0
681,2021-10-20 02:15:01,15700.0,200.0,805800.0
682,2021-10-20 02:15:01,15700.0,200.0,805600.0
683,2021-10-20 02:15:01,15700.0,5800.0,805400.0
684,2021-10-20 02:15:01,15700.0,1000.0,799600.0
685,2021-10-20 02:15:01,15700.0,500.0,798600.0
686,2021-10-20 02:15:01,15700.0,2700.0,798100.0
687,2021-10-20 02:15:01,15700.0,500.0,795400.0
688,2021-10-20 02:15:01,15700.0,1000.0,794900.0
689,2021-10-20 02:15:01,15700.0,1000.0,793900.0
690,2021-10-20 02:15:01,15700.0,5000.0,792900.0
691,2021-10-20 02:15:01,15700.0,5000.0,787900.0
692,2021-10-20 02:15:01,15700.0,1000.0,782900.0
693,2021-10-20 02:15:01,15700.0,4000.0,781900.0
694,2021-10-20 02:15:01,15700.0,500.0,777900.0
695,2021-10-20 02:15:01,15700.0,500.0,777400.0
696,2021-10-20 02:15:01,15700.0,20000.0,776900.0
697,2021-10-20 02:15:01,15700.0,1000.0,756900.0
698,2021-10-20 02:15:01,15700.0,5000.0,755900.0
699,2021-10-20 02:15:01,15700.0,200.0,750900.0
700,2021-10-20 02:15:01,15700.0,800.0,750700.0
701,2021-10-20 02:15:01,15700.0,900.0,749900.0
702,2021-10-20 02:15:01,15700.0,200.0,749000.0
703,2021-10-20 02:15:01,15700.0,500.0,748800.0
704,2021-10-20 02:15:01,15700.0,200.0,748300.0
705,2021-10-20 02:15:01,15700.0,100.0,748100.0
706,2021-10-20 02:15:01,15700.0,200.0,748000.0
707,2021-10-20 02:15:01,15700.0,1500.0,747800.0
708,2021-10-20 02:15:01,15700.0,300.0,746300.0
709,2021-10-20 02:15:01,15700.0,2000.0,746000.0
710,2021-10-20 02:15:01,15700.0,8000.0,744000.0
711,2021-10-20 02:15:01,15700.0,3000.0,736000.0
712,2021-10-20 02:15:01,15700.0,1000.0,733000.0
713,2021-10-20 02:15:01,15700.0,2000.0,732000.0
714,2021-10-20 02:15:01,15700.0,1500.0,730000.0
715,2021-10-20 02:15:01,15700.0,500.0,728500.0
716,2021-10-20 02:15:01,15700.0,200.0,728000.0
717,2021-10-20 02:15:01,15700.0,5000.0,727800.0
718,2021-10-20 02:15:01,15700.0,1000.0,722800.0
719,2021-10-20 02:15:01,15700.0,3000.0,721800.0
720,2021-10-20 02:15:01,15700.0,700.0,718800.0
721,2021-10-20 02:15:01,15700.0,200.0,718100.0
722,2021-10-20 02:15:01,15700.0,1500.0,717900.0
723,2021-10-20 02:15:01,15700.0,200.0,716400.0
724,2021-10-20 02:15:01,15700.0,3000.0,716200.0
725,2021-10-20 02:15:01,15700.0,400.0,713200.0
726,2021-10-20 02:15:01,15700.0,2600.0,712800.0
727,2021-10-20 02:15:01,15700.0,100.0,710200.0
728,2021-10-20 02:15:01,15700.0,2000.0,710100.0
729,2021-10-20 02:15:01,15700.0,15300.0,708100.0
730,2021-10-20 02:15:01,15700.0,500.0,692800.0
731,2021-10-20 02:15:01,15700.0,200.0,692300.0
732,2021-10-20 02:15:01,15700.0,600.0,692100.0
733,2021-10-20 02:15:01,15700.0,3800.0,691500.0
734,2021-10-20 02:15:01,15700.0,2000.0,687700.0
735,2021-10-20 02:15:01,15700.0,10000.0,685700.0
736,2021-10-20 02:15:01,15700.0,2500.0,675700.0
737,2021-10-20 02:15:01,15700.0,1000.0,673200.0
738,2021-10-20 02:15:01,15700.0,1600.0,672200.0
739,2021-10-20 02:15:01,15700.0,200.0,670600.0
740,2021-10-20 02:15:01,15700.0,500.0,670400.0
741,2021-10-20 02:15:01,15700.0,100.0,669900.0
742,2021-10-20 02:15:01,15700.0,11700.0,669800.0
743,2021-10-20 02:15:01,15700.0,300.0,658100.0
744,2021-10-20 02:15:01,15700.0,5000.0,657800.0
745,2021-10-20 02:15:01,15700.0,3000.0,652800.0
746,2021-10-20 02:15:01,15700.0,800.0,649800.0
747,2021-10-20 02:15:01,15700.0,400.0,649000.0
748,2021-10-20 02:15:01,15700.0,600.0,648600.0
749,2021-10-20 02:15:01,15700.0,400.0,648000.0
750,2021-10-20 02:15:01,15700.0,1000.0,647600.0
751,2021-10-20 02:15:01,15700.0,300.0,646600.0
752,2021-10-20 02:15:01,15700.0,700.0,646300.0
753,2021-10-20 02:15:01,15700.0,600.0,645600.0
754,2021-10-20 02:15:01,15700.0,1000.0,645000.0
755,2021-10-20 02:15:01,15700.0,1000.0,644000.0
756,2021-10-20 02:15:01,15700.0,1000.0,643000.0
757,2021-10-20 02:15:01,15700.0,300.0,642000.0
758,2021-10-20 02:15:01,15700.0,500.0,641700.0
759,2021-10-20 02:15:01,15700.0,1000.0,641200.0
760,2021-10-20 02:15:01,15700.0,4000.0,640200.0
761,2021-10-20 02:15:01,15700.0,600.0,636200.0
762,2021-10-20 02:15:01,15700.0,400.0,635600.0
763,2021-10-20 02:15:01,15700.0,300.0,635200.0
764,2021-10-20 02:15:01,15700.0,3000.0,634900.0
765,2021-10-20 02:15:01,15700.0,100.0,631900.0
766,2021-10-20 02:15:01,15700.0,1200.0,631800.0
767,2021-10-20 02:15:01,15700.0,4000.0,630600.0
768,2021-10-20 02:15:01,15700.0,500.0,626600.0
769,2021-10-20 02:15:01,15700.0,2000.0,626100.0
770,2021-10-20 02:15:01,15700.0,500.0,624100.0
771,2021-10-20 02:15:01,15700.0,500.0,623600.0
772,2021-10-20 02:15:01,15700.0,300.0,623100.0
773,2021-10-20 02:15:01,15700.0,2000.0,622800.0
774,2021-10-20 02:15:01,15700.0,1000.0,620800.0
775,2021-10-20 02:15:01,15700.0,4000.0,619800.0
776,2021-10-20 02:15:01,15700.0,1000.0,615800.0
777,2021-10-20 02:15:01,15700.0,2000.0,614800.0
778,2021-10-20 02:15:01,15700.0,2000.0,612800.0
779,2021-10-20 02:15:01,15700.0,1000.0,610800.0
780,2021-10-20 02:15:01,15700.0,500.0,609800.0
781,2021-10-20 02:15:01,15700.0,500.0,609300.0
782,2021-10-20 02:15:01,15700.0,1000.0,608800.0
783,2021-10-20 02:15:01,15700.0,300.0,607800.0
784,2021-10-20 02:15:01,15700.0,1500.0,607500.0
785,2021-10-20 02:15:01,15700.0,400.0,606000.0
786,2021-10-20 02:15:01,15700.0,500.0,605600.0
787,2021-10-20 02:15:01,15700.0,3700.0,605100.0
788,2021-10-20 02:15:01,15700.0,100.0,601400.0
789,2021-10-20 02:15:01,15700.0,500.0,601300.0
790,2021-10-20 02:15:01,15700.0,300.0,600800.0
791,2021-10-20 02:15:01,15700.0,1100.0,600500.0
792,2021-10-20 02:15:01,15700.0,300.0,599400.0
793,2021-10-20 02:15:01,15700.0,500.0,599100.0
794,2021-10-20 02:15:01,15700.0,5000.0,598600.0
795,2021-10-20 02:15:01,15700.0,1000.0,593600.0
796,2021-10-20 02:15:01,15700.0,900.0,592600.0
797,2021-10-20 02:15:01,15700.0,400.0,591700.0
798,2021-10-20 02:15:01,15700.0,1500.0,591300.0
799,2021-10-20 02:15:01,15700.0,500.0,589800.0
800,2021-10-20 02:15:01,15700.0,100.0,589300.0
801,2021-10-20 02:15:01,15700.0,100.0,589200.0
802,2021-10-20 02:15:01,15700.0,3900.0,589100.0
803,2021-10-20 02:15:01,15700.0,1000.0,585200.0
804,2021-10-20 02:15:01,15700.0,900.0,584200.0
805,2021-10-20 02:15:01,15700.0,100.0,583300.0
806,2021-10-20 02:15:01,15700.0,4000.0,583200.0
807,2021-10-20 02:15:01,15700.0,6000.0,579200.0
808,2021-10-20 02:15:01,15700.0,20000.0,573200.0
809,2021-10-20 02:15:01,15700.0,1700.0,553200.0
810,2021-10-20 02:15:01,15700.0,300.0,551500.0
811,2021-10-20 02:15:01,15700.0,1000.0,551200.0
812,2021-10-20 02:15:01,15700.0,600.0,550200.0
813,2021-10-20 02:15:01,15700.0,3000.0,549600.0
814,2021-10-20 02:15:01,15700.0,3000.0,546600.0
815,2021-10-20 02:15:01,15700.0,10000.0,543600.0
816,2021-10-20 02:15:01,15700.0,3000.0,533600.0
817,2021-10-20 02:15:01,15700.0,1000.0,530600.0
818,2021-10-20 02:15:01,15700.0,3000.0,529600.0
819,2021-10-20 02:15:01,15700.0,200.0,526600.0
820,2021-10-20 02:15:01,15700.0,30000.0,526400.0
821,2021-10-20 02:15:01,15700.0,5000.0,496400.0
822,2021-10-20 02:15:01,15700.0,2000.0,491400.0
823,2021-10-20 02:15:01,15700.0,300.0,489400.0
824,2021-10-20 02:15:01,15700.0,19500.0,489100.0
825,2021-10-20 02:15:01,15700.0,500.0,469600.0
826,2021-10-20 02:15:01,15700.0,100.0,469100.0
827,2021-10-20 02:15:01,15700.0,1500.0,469000.0
828,2021-10-20 02:15:01,15700.0,2000.0,467500.0
829,2021-10-20 02:15:01,15700.0,2500.0,465500.0
830,2021-10-20 02:15:01,15700.0,500.0,463000.0
831,2021-10-20 02:15:01,15700.0,100.0,462500.0
832,2021-10-20 02:15:01,15700.0,3000.0,462400.0
833,2021-10-20 02:15:01,15700.0,5000.0,459400.0
834,2021-10-20 02:15:01,15700.0,900.0,454400.0
835,2021-10-20 02:15:01,15700.0,2000.0,453500.0
836,2021-10-20 02:15:01,15700.0,4000.0,451500.0
837,2021-10-20 02:15:01,15700.0,9000.0,447500.0
838,2021-10-20 02:15:01,15700.0,5000.0,438500.0
839,2021-10-20 02:15:01,15700.0,700.0,433500.0
840,2021-10-20 02:15:01,15700.0,2000.0,432800.0
841,2021-10-20 02:15:01,15700.0,300.0,430800.0
842,2021-10-20 02:15:01,15700.0,2000.0,430500.0
843,2021-10-20 02:15:01,15700.0,1000.0,428500.0
844,2021-10-20 02:15:01,15700.0,4000.0,427500.0
845,2021-10-20 02:15:01,15700.0,200.0,423500.0
846,2021-10-20 02:15:01,15700.0,1500.0,423300.0
847,2021-10-20 02:15:01,15700.0,200.0,421800.0
848,2021-10-20 02:15:01,15700.0,3000.0,421600.0
849,2021-10-20 02:15:01,15700.0,3000.0,418600.0
850,2021-10-20 02:15:01,15700.0,5000.0,415600.0
851,2021-10-20 02:15:01,15700.0,500.0,410600.0
852,2021-10-20 02:15:01,15700.0,400.0,410100.0
853,2021-10-20 02:15:01,15700.0,20000.0,409700.0
854,2021-10-20 02:15:01,15700.0,4300.0,389700.0
855,2021-10-20 02:15:01,15700.0,2200.0,385400.0
856,2021-10-20 02:15:01,15700.0,300.0,383200.0
857,2021-10-20 02:15:01,15700.0,500.0,382900.0
858,2021-10-20 02:15:01,15700.0,500.0,382400.0
859,2021-10-20 02:15:01,15700.0,1000.0,381900.0
860,2021-10-20 02:15:01,15700.0,10000.0,380900.0
861,2021-10-20 02:15:01,15700.0,500.0,370900.0
862,2021-10-20 02:15:01,15700.0,200.0,370400.0
863,2021-10-20 02:15:01,15700.0,500.0,370200.0
864,2021-10-20 02:15:01,15700.0,1800.0,369700.0
865,2021-10-20 02:15:01,15700.0,2300.0,367900.0
866,2021-10-20 02:15:01,15700.0,3900.0,365600.0
867,2021-10-20 02:15:01,15700.0,1000.0,361700.0
868,2021-10-20 02:15:01,15700.0,5000.0,360700.0
869,2021-10-20 02:15:01,15700.0,1000.0,355700.0
870,2021-10-20 02:15:01,15700.0,2000.0,354700.0
871,2021-10-20 02:15:01,15700.0,3400.0,352700.0
872,2021-10-20 02:15:01,15700.0,700.0,349300.0
873,2021-10-20 02:15:01,15700.0,1000.0,348600.0
874,2021-10-20 02:15:01,15700.0,100.0,347600.0
875,2021-10-20 02:15:01,15700.0,1900.0,347500.0
876,2021-10-20 02:15:01,15700.0,1100.0,345600.0
877,2021-10-20 02:15:01,15700.0,1500.0,344500.0
878,2021-10-20 02:15:01,15700.0,2500.0,343000.0
879,2021-10-20 02:15:01,15700.0,1000.0,340500.0
880,2021-10-20 02:15:01,15700.0,100.0,339500.0
881,2021-10-20 02:15:01,15700.0,1000.0,339400.0
882,2021-10-20 02:15:01,15700.0,2800.0,338400.0
883,2021-10-20 02:15:01,15700.0,200.0,335600.0
884,2021-10-20 02:15:01,15700.0,15000.0,335400.0
885,2021-10-20 02:15:01,15700.0,1000.0,320400.0
886,2021-10-20 02:15:01,15700.0,1200.0,319400.0
887,2021-10-20 02:15:01,15700.0,100.0,318200.0
888,2021-10-20 02:15:01,15700.0,2000.0,318100.0
889,2021-10-20 02:15:01,15700.0,2000.0,316100.0
890,2021-10-20 02:15:01,15700.0,2500.0,314100.0
891,2021-10-20 02:15:01,15700.0,1000.0,311600.0
892,2021-10-20 02:15:01,15700.0,1000.0,310600.0
893,2021-10-20 02:15:01,15700.0,10000.0,309600.0
894,2021-10-20 02:15:01,15700.0,100.0,299600.0
895,2021-10-20 02:15:01,15700.0,5000.0,299500.0
896,2021-10-20 02:15:01,15700.0,3000.0,294500.0
897,2021-10-20 02:15:01,15700.0,1000.0,291500.0
898,2021-10-20 02:15:01,15700.0,3000.0,290500.0
899,2021-10-20 02:15:01,15700.0,10000.0,287500.0
900,2021-10-20 02:15:01,15700.0,5000.0,277500.0
901,2021-10-20 02:15:01,15700.0,5000.0,272500.0
902,2021-10-20 02:15:01,15700.0,2000.0,267500.0
903,2021-10-20 02:15:01,15700.0,1800.0,265500.0
904,2021-10-20 02:15:01,15700.0,100.0,263700.0
905,2021-10-20 02:15:01,15700.0,400.0,263600.0
906,2021-10-20 02:15:01,15700.0,7000.0,263200.0
907,2021-10-20 02:15:01,15700.0,5000.0,256200.0
908,2021-10-20 02:15:01,15700.0,10000.0,251200.0
909,2021-10-20 02:15:01,15700.0,500.0,241200.0
910,2021-10-20 02:15:01,15700.0,100.0,240700.0
911,2021-10-20 02:15:01,15700.0,1000.0,240600.0
912,2021-10-20 02:15:01,15700.0,2500.0,239600.0
913,2021-10-20 02:15:01,15700.0,1500.0,237100.0
914,2021-10-20 02:15:01,15700.0,800.0,235600.0
915,2021-10-20 02:15:01,15700.0,27700.0,234800.0
916,2021-10-20 02:15:01,15700.0,1100.0,207100.0
917,2021-10-20 02:15:01,15700.0,3000.0,206000.0
918,2021-10-20 02:15:01,15700.0,20000.0,203000.0
919,2021-10-20 02:15:01,15700.0,1000.0,183000.0
920,2021-10-20 02:15:01,15700.0,2000.0,182000.0
921,2021-10-20 02:15:01,15700.0,5000.0,180000.0
922,2021-10-20 02:15:01,15700.0,2000.0,175000.0
923,2021-10-20 02:15:01,15700.0,100.0,173000.0
924,2021-10-20 02:15:01,15700.0,2000.0,172900.0
925,2021-10-20 02:15:01,15700.0,10000.0,170900.0
926,2021-10-20 02:15:01,15700.0,15000.0,160900.0
927,2021-10-20 02:15:01,15700.0,8000.0,145900.0
928,2021-10-20 02:15:01,15700.0,1400.0,137900.0
929,2021-10-20 02:15:01,15700.0,500.0,136500.0
930,2021-10-20 02:15:01,15700.0,4000.0,136000.0
931,2021-10-20 02:15:01,15700.0,1000.0,132000.0
932,2021-10-20 02:15:01,15700.0,400.0,131000.0
933,2021-10-20 02:15:01,15700.0,20000.0,130600.0
934,2021-10-20 02:15:01,15700.0,200.0,110600.0
935,2021-10-20 02:15:01,15700.0,800.0,110400.0
936,2021-10-20 02:15:01,15700.0,500.0,109600.0
937,2021-10-20 02:15:01,15700.0,100.0,109100.0
938,2021-10-20 02:15:01,15700.0,200.0,109000.0
939,2021-10-20 02:15:01,15700.0,4500.0,108800.0
940,2021-10-20 02:15:01,15700.0,20000.0,104300.0
941,2021-10-20 02:15:01,15700.0,300.0,84300.0
942,2021-10-20 02:15:01,15700.0,2000.0,84000.0
943,2021-10-20 02:15:01,15700.0,800.0,82000.0
944,2021-10-20 02:15:01,15700.0,500.0,81200.0
945,2021-10-20 02:15:01,15700.0,600.0,80700.0
946,2021-10-20 02:15:01,15700.0,2000.0,80100.0
947,2021-10-20 02:15:01,15700.0,2000.0,78100.0
948,2021-10-20 02:15:01,15700.0,7300.0,76100.0
949,2021-10-20 02:15:01,15700.0,2500.0,68800.0
950,2021-10-20 02:15:01,15700.0,200.0,66300.0
951,2021-10-20 02:15:01,15700.0,600.0,66100.0
952,2021-10-20 02:15:01,15700.0,5000.0,65500.0
953,2021-10-20 02:15:01,15700.0,1000.0,60500.0
954,2021-10-20 02:15:01,15700.0,200.0,59500.0
955,2021-10-20 02:15:01,15700.0,1000.0,59300.0
956,2021-10-20 02:15:01,15700.0,9000.0,58300.0
957,2021-10-20 02:15:01,15700.0,8800.0,49300.0
958,2021-10-20 02:15:01,15700.0,500.0,40500.0
959,2021-10-20 02:15:01,15700.0,10700.0,40000.0
960,2021-10-20 02:15:01,15700.0,1100.0,29300.0
961,2021-10-20 02:15:01,15700.0,200.0,28200.0
962,2021-10-20 02:15:01,15700.0,2000.0,28000.0
963,2021-10-20 02:15:01,15700.0,1200.0,26000.0
964,2021-10-20 02:15:01,15700.0,4800.0,24800.0
965,2021-10-20 02:15:01,15700.0,5000.0,20000.0
966,2021-10-20 02:15:01,15700.0,100.0,15000.0
967,2021-10-20 02:15:01,15700.0,3400.0,14900.0
968,2021-10-20 02:15:01,15700.0,1400.0,11500.0
969,2021-10-20 02:15:01,15700.0,1000.0,10100.0
970,2021-10-20 02:15:01,15700.0,200.0,9100.0
971,2021-10-20 02:15:01,15700.0,500.0,8900.0
972,2021-10-20 02:15:01,15700.0,100.0,8400.0
973,2021-10-20 02:15:01,15700.0,2000.0,8300.0
974,2021-10-20 02:15:01,15700.0,500.0,6300.0
975,2021-10-20 02:15:01,15700.0,100.0,5800.0
976,2021-10-20 02:15:01,15700.0,200.0,5700.0
977,2021-10-20 02:15:01,15700.0,1000.0,5500.0
978,2021-10-20 02:15:01,15700.0,1000.0,4500.0
979,2021-10-20 02:15:01,15700.0,1500.0,3500.0
980,2021-10-20 02:15:01,15700.0,500.0,2000.0
981,2021-10-20 02:15:01,15700.0,200.0,1500.0
982,2021-10-20 02:15:01,15700.0,300.0,1300.0
983,2021-10-20 02:15:01,15700.0,400.0,1000.0
984,2021-10-20 02:15:01,15700.0,500.0,600.0
985,2021-10-20 02:15:01,15700.0,100.0,100.0
