,Time,Price,Volume_per_trade,Volume
0,2021-10-12 14:56:50,30500.0,300.0,1728654.0
1,2021-10-12 14:45:02,30500.0,140900.0,1728354.0
2,2021-10-12 14:28:56,30700.0,300.0,1587454.0
3,2021-10-12 14:28:53,30600.0,500.0,1587154.0
4,2021-10-12 14:28:44,30700.0,200.0,1586654.0
5,2021-10-12 14:27:14,30600.0,1000.0,1586454.0
6,2021-10-12 14:26:25,30600.0,50000.0,1585454.0
7,2021-10-12 14:25:51,30800.0,700.0,1535454.0
8,2021-10-12 14:24:14,30800.0,300.0,1534754.0
9,2021-10-12 14:24:13,30800.0,2000.0,1534454.0
10,2021-10-12 14:24:04,30800.0,1000.0,1532454.0
11,2021-10-12 14:22:06,30800.0,500.0,1531454.0
12,2021-10-12 14:20:04,30900.0,200.0,1530954.0
13,2021-10-12 14:19:46,30900.0,5000.0,1530754.0
14,2021-10-12 14:19:24,30800.0,2000.0,1525754.0
15,2021-10-12 14:17:51,30800.0,1000.0,1523754.0
16,2021-10-12 14:17:28,30800.0,100.0,1522754.0
17,2021-10-12 14:17:22,30800.0,1400.0,1522654.0
18,2021-10-12 14:16:13,30800.0,11900.0,1521254.0
19,2021-10-12 14:16:00,30700.0,3300.0,1509354.0
20,2021-10-12 14:14:35,30700.0,100.0,1506054.0
21,2021-10-12 14:14:01,30700.0,6000.0,1505954.0
22,2021-10-12 14:12:46,30700.0,1000.0,1499954.0
23,2021-10-12 14:12:07,30700.0,1900.0,1498954.0
24,2021-10-12 14:09:49,30700.0,8200.0,1497054.0
25,2021-10-12 14:09:36,30600.0,22000.0,1488854.0
26,2021-10-12 14:09:33,30700.0,500.0,1466854.0
27,2021-10-12 14:09:17,30700.0,400.0,1466354.0
28,2021-10-12 14:09:15,30700.0,2.0,1465954.0
29,2021-10-12 14:09:05,30700.0,99.0,1465952.0
30,2021-10-12 14:08:59,30700.0,600.0,1465853.0
31,2021-10-12 14:08:56,30700.0,900.0,1465253.0
32,2021-10-12 14:08:37,30700.0,2000.0,1464353.0
33,2021-10-12 14:08:32,30600.0,99.0,1462353.0
34,2021-10-12 14:08:29,30600.0,200.0,1462254.0
35,2021-10-12 14:08:23,30600.0,500.0,1462054.0
36,2021-10-12 14:08:14,30600.0,100.0,1461554.0
37,2021-10-12 14:08:04,30600.0,200.0,1461454.0
38,2021-10-12 14:07:50,30600.0,100.0,1461254.0
39,2021-10-12 14:07:49,30700.0,5000.0,1461154.0
40,2021-10-12 14:07:42,30600.0,8000.0,1456154.0
41,2021-10-12 14:07:40,30600.0,2000.0,1448154.0
42,2021-10-12 14:07:04,30700.0,300.0,1446154.0
43,2021-10-12 14:07:00,30600.0,10000.0,1445854.0
44,2021-10-12 14:06:55,30700.0,200.0,1435854.0
45,2021-10-12 14:06:51,30700.0,100.0,1435654.0
46,2021-10-12 14:06:46,30600.0,300.0,1435554.0
47,2021-10-12 14:06:42,30700.0,500.0,1435254.0
48,2021-10-12 14:06:11,30700.0,100.0,1434754.0
49,2021-10-12 14:06:02,30700.0,400.0,1434654.0
50,2021-10-12 14:05:52,30600.0,2000.0,1434254.0
51,2021-10-12 14:05:37,30600.0,2000.0,1432254.0
52,2021-10-12 14:05:17,30600.0,5700.0,1430254.0
53,2021-10-12 14:04:57,30600.0,6500.0,1424554.0
54,2021-10-12 14:04:48,30700.0,100.0,1418054.0
55,2021-10-12 14:04:34,30700.0,100.0,1417954.0
56,2021-10-12 14:04:25,30700.0,100.0,1417854.0
57,2021-10-12 14:04:17,30700.0,300.0,1417754.0
58,2021-10-12 14:04:08,30700.0,100.0,1417454.0
59,2021-10-12 14:03:52,30700.0,100.0,1417354.0
60,2021-10-12 14:03:29,30700.0,200.0,1417254.0
61,2021-10-12 14:02:53,30700.0,200.0,1417054.0
62,2021-10-12 14:02:47,30700.0,100.0,1416854.0
63,2021-10-12 14:02:43,30700.0,100.0,1416754.0
64,2021-10-12 14:02:29,30700.0,100.0,1416654.0
65,2021-10-12 14:02:27,30700.0,1000.0,1416554.0
66,2021-10-12 14:02:24,30700.0,100.0,1415554.0
67,2021-10-12 14:02:01,30700.0,10000.0,1415454.0
68,2021-10-12 14:01:55,30700.0,500.0,1405454.0
69,2021-10-12 14:01:50,30700.0,300.0,1404954.0
70,2021-10-12 14:01:13,30700.0,500.0,1404654.0
71,2021-10-12 14:01:10,30700.0,100.0,1404154.0
72,2021-10-12 14:01:00,30700.0,100.0,1404054.0
73,2021-10-12 14:00:59,30700.0,200.0,1403954.0
74,2021-10-12 14:00:32,30700.0,1500.0,1403754.0
75,2021-10-12 14:00:06,30700.0,300.0,1402254.0
76,2021-10-12 14:00:05,30700.0,100.0,1401954.0
77,2021-10-12 13:59:57,30700.0,200.0,1401854.0
78,2021-10-12 13:59:55,30700.0,200.0,1401654.0
79,2021-10-12 13:59:45,30700.0,100.0,1401454.0
80,2021-10-12 13:59:31,30700.0,500.0,1401354.0
81,2021-10-12 13:59:14,30600.0,200.0,1400854.0
82,2021-10-12 13:59:05,30600.0,200.0,1400654.0
83,2021-10-12 13:58:59,30700.0,500.0,1400454.0
84,2021-10-12 13:58:55,30700.0,100.0,1399954.0
85,2021-10-12 13:58:48,30700.0,100.0,1399854.0
86,2021-10-12 13:58:41,30700.0,1400.0,1399754.0
87,2021-10-12 13:58:27,30700.0,100.0,1398354.0
88,2021-10-12 13:58:26,30700.0,2300.0,1398254.0
89,2021-10-12 13:58:24,30700.0,100.0,1395954.0
90,2021-10-12 13:57:36,30700.0,100.0,1395854.0
91,2021-10-12 13:57:26,30700.0,3.0,1395754.0
92,2021-10-12 13:57:12,30700.0,6500.0,1395751.0
93,2021-10-12 13:57:06,30700.0,500.0,1389251.0
94,2021-10-12 13:56:31,30700.0,2000.0,1388751.0
95,2021-10-12 13:56:08,30700.0,200.0,1386751.0
96,2021-10-12 13:55:55,30700.0,10000.0,1386551.0
97,2021-10-12 13:55:50,30700.0,1200.0,1376551.0
98,2021-10-12 13:55:40,30700.0,26300.0,1375351.0
99,2021-10-12 13:55:32,30800.0,100.0,1349051.0
100,2021-10-12 13:54:48,30800.0,100.0,1348951.0
101,2021-10-12 13:54:20,30800.0,1000.0,1348851.0
102,2021-10-12 13:54:12,30800.0,2000.0,1347851.0
103,2021-10-12 13:53:40,30800.0,3000.0,1345851.0
104,2021-10-12 13:53:21,30800.0,2000.0,1342851.0
105,2021-10-12 13:53:17,30800.0,400.0,1340851.0
106,2021-10-12 13:53:08,30800.0,2000.0,1340451.0
107,2021-10-12 13:53:02,30800.0,15.0,1338451.0
108,2021-10-12 13:52:34,30800.0,300.0,1338436.0
109,2021-10-12 13:52:31,30800.0,3700.0,1338136.0
110,2021-10-12 13:52:28,30900.0,100.0,1334436.0
111,2021-10-12 13:51:53,30800.0,3000.0,1334336.0
112,2021-10-12 13:51:30,30800.0,2300.0,1331336.0
113,2021-10-12 13:51:16,30800.0,4500.0,1329036.0
114,2021-10-12 13:50:35,30800.0,100.0,1324536.0
115,2021-10-12 13:49:40,30800.0,200.0,1324436.0
116,2021-10-12 13:49:21,30800.0,7200.0,1324236.0
117,2021-10-12 13:48:51,30800.0,200.0,1317036.0
118,2021-10-12 13:48:30,30800.0,100.0,1316836.0
119,2021-10-12 13:48:28,30800.0,300.0,1316736.0
120,2021-10-12 13:48:17,30800.0,400.0,1316436.0
121,2021-10-12 13:48:07,30800.0,500.0,1316036.0
122,2021-10-12 13:47:52,30800.0,300.0,1315536.0
123,2021-10-12 13:47:46,30800.0,100.0,1315236.0
124,2021-10-12 13:47:17,30800.0,300.0,1315136.0
125,2021-10-12 13:47:13,30800.0,300.0,1314836.0
126,2021-10-12 13:47:02,30800.0,2000.0,1314536.0
127,2021-10-12 13:46:57,30800.0,200.0,1312536.0
128,2021-10-12 13:46:36,30800.0,1000.0,1312336.0
129,2021-10-12 13:46:34,30800.0,100.0,1311336.0
130,2021-10-12 13:46:25,30800.0,100.0,1311236.0
131,2021-10-12 13:46:22,30800.0,100.0,1311136.0
132,2021-10-12 13:45:59,30800.0,200.0,1311036.0
133,2021-10-12 13:45:56,30800.0,2500.0,1310836.0
134,2021-10-12 13:45:25,30800.0,500.0,1308336.0
135,2021-10-12 13:45:22,30800.0,5000.0,1307836.0
136,2021-10-12 13:45:16,30800.0,100.0,1302836.0
137,2021-10-12 13:45:15,30800.0,1000.0,1302736.0
138,2021-10-12 13:45:12,30800.0,600.0,1301736.0
139,2021-10-12 13:45:05,30800.0,2000.0,1301136.0
140,2021-10-12 13:44:56,30800.0,1800.0,1299136.0
141,2021-10-12 13:42:44,30700.0,500.0,1297336.0
142,2021-10-12 13:42:43,30800.0,10000.0,1296836.0
143,2021-10-12 13:42:38,30700.0,1000.0,1286836.0
144,2021-10-12 13:42:31,30700.0,5000.0,1285836.0
145,2021-10-12 13:42:22,30800.0,1500.0,1280836.0
146,2021-10-12 13:41:29,30700.0,700.0,1279336.0
147,2021-10-12 13:41:25,30700.0,200.0,1278636.0
148,2021-10-12 13:41:19,30700.0,1000.0,1278436.0
149,2021-10-12 13:41:15,30700.0,3100.0,1277436.0
150,2021-10-12 13:41:10,30700.0,8000.0,1274336.0
151,2021-10-12 13:41:00,30700.0,45.0,1266336.0
152,2021-10-12 13:40:51,30700.0,4000.0,1266291.0
153,2021-10-12 13:40:26,30700.0,4000.0,1262291.0
154,2021-10-12 13:40:23,30700.0,10000.0,1258291.0
155,2021-10-12 13:40:21,30700.0,200.0,1248291.0
156,2021-10-12 13:40:20,30700.0,1000.0,1248091.0
157,2021-10-12 13:40:04,30700.0,15000.0,1247091.0
158,2021-10-12 13:39:40,30700.0,200.0,1232091.0
159,2021-10-12 13:38:40,30700.0,1000.0,1231891.0
160,2021-10-12 13:38:14,30700.0,9000.0,1230891.0
161,2021-10-12 13:38:08,30800.0,300.0,1221891.0
162,2021-10-12 13:37:54,30700.0,5000.0,1221591.0
163,2021-10-12 13:37:52,30800.0,500.0,1216591.0
164,2021-10-12 13:37:30,30700.0,20000.0,1216091.0
165,2021-10-12 13:37:19,30800.0,500.0,1196091.0
166,2021-10-12 13:37:09,30800.0,1000.0,1195591.0
167,2021-10-12 13:37:07,30800.0,500.0,1194591.0
168,2021-10-12 13:37:03,30800.0,200.0,1194091.0
169,2021-10-12 13:36:58,30800.0,23400.0,1193891.0
170,2021-10-12 13:36:52,30800.0,16400.0,1170491.0
171,2021-10-12 13:36:16,30800.0,31000.0,1154091.0
172,2021-10-12 13:36:00,30800.0,17000.0,1123091.0
173,2021-10-12 13:35:50,30800.0,12000.0,1106091.0
174,2021-10-12 13:35:44,30800.0,500.0,1094091.0
175,2021-10-12 13:35:40,30800.0,200.0,1093591.0
176,2021-10-12 13:35:01,30900.0,500.0,1093391.0
177,2021-10-12 13:34:58,30900.0,3000.0,1092891.0
178,2021-10-12 13:34:51,30900.0,100.0,1089891.0
179,2021-10-12 13:34:15,30900.0,100.0,1089791.0
180,2021-10-12 13:33:46,30900.0,1000.0,1089691.0
181,2021-10-12 13:33:30,30900.0,20000.0,1088691.0
182,2021-10-12 13:33:18,30900.0,4100.0,1068691.0
183,2021-10-12 13:32:56,31000.0,100.0,1064591.0
184,2021-10-12 13:32:31,30900.0,5000.0,1064491.0
185,2021-10-12 13:32:13,30900.0,700.0,1059491.0
186,2021-10-12 13:31:36,30900.0,300.0,1058791.0
187,2021-10-12 13:30:57,30900.0,5000.0,1058491.0
188,2021-10-12 13:29:49,31000.0,3300.0,1053491.0
189,2021-10-12 13:29:15,30900.0,15000.0,1050191.0
190,2021-10-12 13:29:14,31000.0,100.0,1035191.0
191,2021-10-12 13:28:47,31000.0,100.0,1035091.0
192,2021-10-12 13:28:34,31000.0,1000.0,1034991.0
193,2021-10-12 13:28:25,30900.0,5000.0,1033991.0
194,2021-10-12 13:27:56,30900.0,200.0,1028991.0
195,2021-10-12 13:27:53,30900.0,300.0,1028791.0
196,2021-10-12 13:27:43,30900.0,50.0,1028491.0
197,2021-10-12 13:26:27,30900.0,3000.0,1028441.0
198,2021-10-12 13:26:21,31000.0,200.0,1025441.0
199,2021-10-12 13:26:14,30900.0,300.0,1025241.0
200,2021-10-12 13:24:59,31000.0,300.0,1024941.0
201,2021-10-12 13:24:56,31000.0,2900.0,1024641.0
202,2021-10-12 13:24:48,30900.0,10000.0,1021741.0
203,2021-10-12 13:23:59,31000.0,1000.0,1011741.0
204,2021-10-12 13:23:58,31000.0,10000.0,1010741.0
205,2021-10-12 13:23:43,31000.0,200.0,1000741.0
206,2021-10-12 13:23:12,31000.0,100.0,1000541.0
207,2021-10-12 13:22:55,31000.0,200.0,1000441.0
208,2021-10-12 13:22:31,30900.0,11000.0,1000241.0
209,2021-10-12 13:21:59,30900.0,20000.0,989241.0
210,2021-10-12 13:21:43,30900.0,1000.0,969241.0
211,2021-10-12 13:21:39,30900.0,50.0,968241.0
212,2021-10-12 13:21:19,30900.0,2000.0,968191.0
213,2021-10-12 13:21:05,30900.0,1000.0,966191.0
214,2021-10-12 13:20:27,31000.0,300.0,965191.0
215,2021-10-12 13:20:08,31000.0,2100.0,964891.0
216,2021-10-12 13:19:49,31000.0,100.0,962791.0
217,2021-10-12 13:19:48,30900.0,1000.0,962691.0
218,2021-10-12 13:19:18,30900.0,2000.0,961691.0
219,2021-10-12 13:17:59,31000.0,300.0,959691.0
220,2021-10-12 13:17:48,31000.0,5000.0,959391.0
221,2021-10-12 13:16:50,31000.0,200.0,954391.0
222,2021-10-12 13:16:48,31000.0,2000.0,954191.0
223,2021-10-12 13:16:08,31000.0,2000.0,952191.0
224,2021-10-12 13:15:52,31000.0,10000.0,950191.0
225,2021-10-12 13:15:23,31000.0,100.0,940191.0
226,2021-10-12 13:14:37,31000.0,11700.0,940091.0
227,2021-10-12 13:14:30,31000.0,20000.0,928391.0
228,2021-10-12 13:14:26,31000.0,300.0,908391.0
229,2021-10-12 13:14:00,31000.0,500.0,908091.0
230,2021-10-12 13:13:59,31000.0,100.0,907591.0
231,2021-10-12 13:13:30,31000.0,2000.0,907491.0
232,2021-10-12 13:13:12,31000.0,100.0,905491.0
233,2021-10-12 13:12:16,30900.0,2000.0,905391.0
234,2021-10-12 13:11:56,31000.0,30000.0,903391.0
235,2021-10-12 13:11:26,30900.0,400.0,873391.0
236,2021-10-12 13:11:21,30900.0,200.0,872991.0
237,2021-10-12 13:10:22,30900.0,50.0,872791.0
238,2021-10-12 13:09:50,30900.0,1000.0,872741.0
239,2021-10-12 13:09:43,30900.0,5000.0,871741.0
240,2021-10-12 13:09:08,31000.0,300.0,866741.0
241,2021-10-12 13:08:23,31000.0,100.0,866441.0
242,2021-10-12 13:08:11,30900.0,1000.0,866341.0
243,2021-10-12 13:07:48,30900.0,100.0,865341.0
244,2021-10-12 13:07:41,30900.0,300.0,865241.0
245,2021-10-12 13:06:49,30900.0,400.0,864941.0
246,2021-10-12 13:06:40,30900.0,1000.0,864541.0
247,2021-10-12 13:06:38,30900.0,500.0,863541.0
248,2021-10-12 13:06:36,30900.0,500.0,863041.0
249,2021-10-12 13:06:26,30900.0,2300.0,862541.0
250,2021-10-12 13:05:58,30900.0,200.0,860241.0
251,2021-10-12 13:05:53,30900.0,200.0,860041.0
252,2021-10-12 13:05:07,30900.0,100.0,859841.0
253,2021-10-12 13:04:10,30900.0,400.0,859741.0
254,2021-10-12 13:04:09,30900.0,400.0,859341.0
255,2021-10-12 13:03:53,30900.0,200.0,858941.0
256,2021-10-12 13:03:49,31000.0,800.0,858741.0
257,2021-10-12 13:03:47,30900.0,100.0,857941.0
258,2021-10-12 13:03:44,30900.0,5000.0,857841.0
259,2021-10-12 13:03:42,30900.0,100.0,852841.0
260,2021-10-12 13:03:40,30900.0,4000.0,852741.0
261,2021-10-12 13:02:33,30900.0,20000.0,848741.0
262,2021-10-12 13:00:55,31000.0,1000.0,828741.0
263,2021-10-12 13:00:11,31000.0,500.0,827741.0
264,2021-10-12 13:00:10,31000.0,2000.0,827241.0
265,2021-10-12 13:00:08,30900.0,300.0,825241.0
266,2021-10-12 13:00:07,30900.0,15000.0,824941.0
267,2021-10-12 13:00:06,31000.0,900.0,809941.0
268,2021-10-12 13:00:04,31000.0,200.0,809041.0
269,2021-10-12 13:00:03,31000.0,1000.0,808841.0
270,2021-10-12 11:28:28,30900.0,100.0,807841.0
271,2021-10-12 11:27:38,31000.0,100.0,807741.0
272,2021-10-12 11:27:15,31000.0,300.0,807641.0
273,2021-10-12 11:26:39,31000.0,2900.0,807341.0
274,2021-10-12 11:26:36,31000.0,100.0,804441.0
275,2021-10-12 11:25:05,31000.0,200.0,804341.0
276,2021-10-12 11:24:59,31000.0,800.0,804141.0
277,2021-10-12 11:24:06,31000.0,500.0,803341.0
278,2021-10-12 11:22:02,31000.0,600.0,802841.0
279,2021-10-12 11:21:31,31000.0,200.0,802241.0
280,2021-10-12 11:21:16,31000.0,600.0,802041.0
281,2021-10-12 11:20:39,31000.0,10100.0,801441.0
282,2021-10-12 11:19:54,31000.0,100.0,791341.0
283,2021-10-12 11:17:42,31000.0,100.0,791241.0
284,2021-10-12 11:17:31,31000.0,500.0,791141.0
285,2021-10-12 11:15:14,31000.0,100.0,790641.0
286,2021-10-12 11:14:08,30900.0,500.0,790541.0
287,2021-10-12 11:14:05,30900.0,100.0,790041.0
288,2021-10-12 11:13:26,30900.0,100.0,789941.0
289,2021-10-12 11:11:43,30900.0,300.0,789841.0
290,2021-10-12 11:10:35,30900.0,20000.0,789541.0
291,2021-10-12 11:10:27,30900.0,500.0,769541.0
292,2021-10-12 11:10:12,30900.0,800.0,769041.0
293,2021-10-12 11:09:31,30900.0,2000.0,768241.0
294,2021-10-12 11:04:13,30900.0,4100.0,766241.0
295,2021-10-12 11:03:04,30900.0,1600.0,762141.0
296,2021-10-12 11:02:29,31000.0,100.0,760541.0
297,2021-10-12 11:02:08,30900.0,200.0,760441.0
298,2021-10-12 11:02:01,30900.0,100.0,760241.0
299,2021-10-12 11:01:56,30900.0,1700.0,760141.0
300,2021-10-12 11:00:46,30900.0,3000.0,758441.0
301,2021-10-12 11:00:05,30900.0,2000.0,755441.0
302,2021-10-12 10:59:59,30900.0,1700.0,753441.0
303,2021-10-12 10:59:13,30900.0,2300.0,751741.0
304,2021-10-12 10:59:10,30900.0,300.0,749441.0
305,2021-10-12 10:58:48,30900.0,200.0,749141.0
306,2021-10-12 10:58:45,30900.0,200.0,748941.0
307,2021-10-12 10:58:23,30900.0,2000.0,748741.0
308,2021-10-12 10:57:52,30900.0,2000.0,746741.0
309,2021-10-12 10:57:23,30900.0,20000.0,744741.0
310,2021-10-12 10:56:06,30900.0,1400.0,724741.0
311,2021-10-12 10:55:47,31000.0,200.0,723341.0
312,2021-10-12 10:55:43,31000.0,1000.0,723141.0
313,2021-10-12 10:54:03,30900.0,5000.0,722141.0
314,2021-10-12 10:53:59,30900.0,1800.0,717141.0
315,2021-10-12 10:53:36,30900.0,2200.0,715341.0
316,2021-10-12 10:50:34,30900.0,700.0,713141.0
317,2021-10-12 10:50:06,30900.0,9000.0,712441.0
318,2021-10-12 10:49:42,30900.0,1000.0,703441.0
319,2021-10-12 10:49:22,31000.0,200.0,702441.0
320,2021-10-12 10:48:35,31000.0,200.0,702241.0
321,2021-10-12 10:48:30,30900.0,100.0,702041.0
322,2021-10-12 10:47:43,30900.0,5000.0,701941.0
323,2021-10-12 10:46:36,30900.0,300.0,696941.0
324,2021-10-12 10:46:20,30900.0,5200.0,696641.0
325,2021-10-12 10:46:11,31000.0,300.0,691441.0
326,2021-10-12 10:46:03,30900.0,1800.0,691141.0
327,2021-10-12 10:45:14,30900.0,100.0,689341.0
328,2021-10-12 10:44:50,30900.0,500.0,689241.0
329,2021-10-12 10:44:48,30900.0,800.0,688741.0
330,2021-10-12 10:43:12,30900.0,10000.0,687941.0
331,2021-10-12 10:41:47,31000.0,200.0,677941.0
332,2021-10-12 10:41:28,31000.0,100.0,677741.0
333,2021-10-12 10:39:14,30900.0,6100.0,677641.0
334,2021-10-12 10:38:08,30900.0,1000.0,671541.0
335,2021-10-12 10:37:46,30900.0,500.0,670541.0
336,2021-10-12 10:37:25,30900.0,400.0,670041.0
337,2021-10-12 10:37:23,31000.0,2300.0,669641.0
338,2021-10-12 10:36:58,31000.0,1500.0,667341.0
339,2021-10-12 10:36:54,31000.0,100.0,665841.0
340,2021-10-12 10:36:23,31000.0,300.0,665741.0
341,2021-10-12 10:35:49,30900.0,1000.0,665441.0
342,2021-10-12 10:35:40,30900.0,500.0,664441.0
343,2021-10-12 10:34:38,30900.0,600.0,663941.0
344,2021-10-12 10:34:37,30900.0,200.0,663341.0
345,2021-10-12 10:34:27,30900.0,1000.0,663141.0
346,2021-10-12 10:34:16,30900.0,3400.0,662141.0
347,2021-10-12 10:34:15,30900.0,100.0,658741.0
348,2021-10-12 10:33:28,30900.0,19.0,658641.0
349,2021-10-12 10:31:56,30900.0,30000.0,658622.0
350,2021-10-12 10:29:52,30900.0,50000.0,628622.0
351,2021-10-12 10:29:32,31000.0,1000.0,578622.0
352,2021-10-12 10:28:58,31000.0,1000.0,577622.0
353,2021-10-12 10:28:40,30900.0,600.0,576622.0
354,2021-10-12 10:28:23,31000.0,1000.0,576022.0
355,2021-10-12 10:28:05,31000.0,200.0,575022.0
356,2021-10-12 10:27:55,31000.0,5000.0,574822.0
357,2021-10-12 10:26:53,31000.0,1000.0,569822.0
358,2021-10-12 10:26:41,31000.0,200.0,568822.0
359,2021-10-12 10:26:13,31000.0,14800.0,568622.0
360,2021-10-12 10:26:02,31000.0,1900.0,553822.0
361,2021-10-12 10:24:10,31000.0,10000.0,551922.0
362,2021-10-12 10:23:04,31100.0,600.0,541922.0
363,2021-10-12 10:23:03,31000.0,2000.0,541322.0
364,2021-10-12 10:22:18,31000.0,1000.0,539322.0
365,2021-10-12 10:22:14,31000.0,500.0,538322.0
366,2021-10-12 10:22:01,31000.0,2000.0,537822.0
367,2021-10-12 10:21:52,31000.0,100.0,535822.0
368,2021-10-12 10:21:19,31000.0,100.0,535722.0
369,2021-10-12 10:21:13,31000.0,300.0,535622.0
370,2021-10-12 10:20:53,31000.0,200.0,535322.0
371,2021-10-12 10:20:48,31000.0,100.0,535122.0
372,2021-10-12 10:20:47,31000.0,100.0,535022.0
373,2021-10-12 10:20:44,31000.0,200.0,534922.0
374,2021-10-12 10:20:40,31000.0,600.0,534722.0
375,2021-10-12 10:20:38,31000.0,1000.0,534122.0
376,2021-10-12 10:20:32,31000.0,1000.0,533122.0
377,2021-10-12 10:20:23,31000.0,1000.0,532122.0
378,2021-10-12 10:20:19,31000.0,300.0,531122.0
379,2021-10-12 10:20:13,31000.0,100.0,530822.0
380,2021-10-12 10:19:37,31000.0,200.0,530722.0
381,2021-10-12 10:19:06,31000.0,300.0,530522.0
382,2021-10-12 10:18:42,31000.0,1000.0,530222.0
383,2021-10-12 10:18:24,31000.0,100.0,529222.0
384,2021-10-12 10:18:20,31000.0,1700.0,529122.0
385,2021-10-12 10:18:10,31000.0,1500.0,527422.0
386,2021-10-12 10:16:46,31000.0,400.0,525922.0
387,2021-10-12 10:16:43,31000.0,100.0,525522.0
388,2021-10-12 10:16:25,31000.0,500.0,525422.0
389,2021-10-12 10:16:17,31000.0,500.0,524922.0
390,2021-10-12 10:16:11,31000.0,5200.0,524422.0
391,2021-10-12 10:16:09,31000.0,100.0,519222.0
392,2021-10-12 10:16:06,31000.0,1000.0,519122.0
393,2021-10-12 10:15:23,31000.0,200.0,518122.0
394,2021-10-12 10:14:57,31000.0,200.0,517922.0
395,2021-10-12 10:14:43,31000.0,100.0,517722.0
396,2021-10-12 10:14:33,31000.0,1000.0,517622.0
397,2021-10-12 10:14:09,31000.0,500.0,516622.0
398,2021-10-12 10:13:55,30900.0,1000.0,516122.0
399,2021-10-12 10:13:38,31000.0,1000.0,515122.0
400,2021-10-12 10:13:13,31000.0,100.0,514122.0
401,2021-10-12 10:13:05,31000.0,3000.0,514022.0
402,2021-10-12 10:12:58,31000.0,10000.0,511022.0
403,2021-10-12 10:12:21,31000.0,500.0,501022.0
404,2021-10-12 10:12:10,31000.0,100.0,500522.0
405,2021-10-12 10:11:45,31000.0,1500.0,500422.0
406,2021-10-12 10:11:39,31000.0,500.0,498922.0
407,2021-10-12 10:11:36,31000.0,100.0,498422.0
408,2021-10-12 10:11:31,31000.0,500.0,498322.0
409,2021-10-12 10:10:43,31000.0,2000.0,497822.0
410,2021-10-12 10:10:18,31000.0,500.0,495822.0
411,2021-10-12 10:10:14,31000.0,900.0,495322.0
412,2021-10-12 10:10:11,31100.0,100.0,494422.0
413,2021-10-12 10:09:32,31000.0,100.0,494322.0
414,2021-10-12 10:09:08,31000.0,500.0,494222.0
415,2021-10-12 10:08:59,31000.0,5000.0,493722.0
416,2021-10-12 10:08:53,31000.0,100.0,488722.0
417,2021-10-12 10:08:48,31000.0,1000.0,488622.0
418,2021-10-12 10:08:40,31000.0,8300.0,487622.0
419,2021-10-12 10:08:21,31000.0,300.0,479322.0
420,2021-10-12 10:07:50,31000.0,3200.0,479022.0
421,2021-10-12 10:06:09,31000.0,10000.0,475822.0
422,2021-10-12 10:05:51,31000.0,1000.0,465822.0
423,2021-10-12 10:05:37,31000.0,1000.0,464822.0
424,2021-10-12 10:05:34,31100.0,100.0,463822.0
425,2021-10-12 10:04:50,31100.0,700.0,463722.0
426,2021-10-12 10:04:38,31100.0,234.0,463022.0
427,2021-10-12 10:04:37,31100.0,900.0,462788.0
428,2021-10-12 10:04:17,31100.0,200.0,461888.0
429,2021-10-12 10:04:08,31100.0,1.0,461688.0
430,2021-10-12 10:04:05,31100.0,1000.0,461687.0
431,2021-10-12 10:04:03,31000.0,5000.0,460687.0
432,2021-10-12 10:03:40,31100.0,3800.0,455687.0
433,2021-10-12 10:03:27,31200.0,5.0,451887.0
434,2021-10-12 10:03:21,31200.0,100.0,451882.0
435,2021-10-12 10:03:18,31200.0,500.0,451782.0
436,2021-10-12 10:03:16,31200.0,2200.0,451282.0
437,2021-10-12 10:02:58,31200.0,300.0,449082.0
438,2021-10-12 10:02:56,31100.0,200.0,448782.0
439,2021-10-12 10:02:40,31200.0,600.0,448582.0
440,2021-10-12 10:02:01,31200.0,100.0,447982.0
441,2021-10-12 10:01:38,31200.0,2600.0,447882.0
442,2021-10-12 10:01:33,31100.0,1000.0,445282.0
443,2021-10-12 10:01:31,31200.0,1000.0,444282.0
444,2021-10-12 10:01:28,31200.0,1500.0,443282.0
445,2021-10-12 10:00:53,31200.0,1000.0,441782.0
446,2021-10-12 10:00:44,31100.0,200.0,440782.0
447,2021-10-12 10:00:09,31100.0,3000.0,440582.0
448,2021-10-12 09:59:06,31100.0,700.0,437582.0
449,2021-10-12 09:59:02,31100.0,1000.0,436882.0
450,2021-10-12 09:58:31,31100.0,400.0,435882.0
451,2021-10-12 09:58:18,31100.0,5700.0,435482.0
452,2021-10-12 09:58:04,31000.0,400.0,429782.0
453,2021-10-12 09:57:59,31000.0,600.0,429382.0
454,2021-10-12 09:57:39,31000.0,200.0,428782.0
455,2021-10-12 09:57:28,31000.0,2000.0,428582.0
456,2021-10-12 09:57:12,31000.0,11000.0,426582.0
457,2021-10-12 09:56:40,31000.0,1100.0,415582.0
458,2021-10-12 09:55:34,31000.0,500.0,414482.0
459,2021-10-12 09:55:30,31000.0,5000.0,413982.0
460,2021-10-12 09:55:08,31000.0,5000.0,408982.0
461,2021-10-12 09:55:02,31000.0,5000.0,403982.0
462,2021-10-12 09:54:49,31000.0,5000.0,398982.0
463,2021-10-12 09:54:41,31000.0,100.0,393982.0
464,2021-10-12 09:54:38,30900.0,2000.0,393882.0
465,2021-10-12 09:54:25,31000.0,200.0,391882.0
466,2021-10-12 09:54:21,30900.0,1000.0,391682.0
467,2021-10-12 09:54:03,30900.0,1000.0,390682.0
468,2021-10-12 09:53:30,30900.0,5000.0,389682.0
469,2021-10-12 09:53:11,30900.0,300.0,384682.0
470,2021-10-12 09:52:59,30900.0,2000.0,384382.0
471,2021-10-12 09:52:02,30900.0,800.0,382382.0
472,2021-10-12 09:51:53,30900.0,100.0,381582.0
473,2021-10-12 09:51:25,30900.0,1000.0,381482.0
474,2021-10-12 09:51:12,30900.0,300.0,380482.0
475,2021-10-12 09:51:07,30900.0,1000.0,380182.0
476,2021-10-12 09:50:57,30900.0,500.0,379182.0
477,2021-10-12 09:50:56,30900.0,100.0,378682.0
478,2021-10-12 09:50:36,30900.0,18400.0,378582.0
479,2021-10-12 09:50:27,30900.0,5700.0,360182.0
480,2021-10-12 09:50:25,30900.0,5400.0,354482.0
481,2021-10-12 09:49:39,30900.0,1700.0,349082.0
482,2021-10-12 09:48:31,30900.0,500.0,347382.0
483,2021-10-12 09:48:03,30900.0,100.0,346882.0
484,2021-10-12 09:47:26,30900.0,5900.0,346782.0
485,2021-10-12 09:47:10,30900.0,2000.0,340882.0
486,2021-10-12 09:47:01,30900.0,100.0,338882.0
487,2021-10-12 09:46:56,30900.0,300.0,338782.0
488,2021-10-12 09:46:55,30900.0,100.0,338482.0
489,2021-10-12 09:46:53,30900.0,500.0,338382.0
490,2021-10-12 09:46:51,30900.0,100.0,337882.0
491,2021-10-12 09:46:29,30900.0,1500.0,337782.0
492,2021-10-12 09:46:27,30900.0,1000.0,336282.0
493,2021-10-12 09:46:20,30900.0,600.0,335282.0
494,2021-10-12 09:46:10,30900.0,300.0,334682.0
495,2021-10-12 09:46:09,30900.0,500.0,334382.0
496,2021-10-12 09:46:08,30900.0,500.0,333882.0
497,2021-10-12 09:45:40,30900.0,200.0,333382.0
498,2021-10-12 09:45:27,30900.0,200.0,333182.0
499,2021-10-12 09:45:25,30900.0,500.0,332982.0
500,2021-10-12 09:45:14,30900.0,200.0,332482.0
501,2021-10-12 09:45:10,30900.0,300.0,332282.0
502,2021-10-12 09:45:05,30900.0,100.0,331982.0
503,2021-10-12 09:45:03,30900.0,2000.0,331882.0
504,2021-10-12 09:44:56,30900.0,700.0,329882.0
505,2021-10-12 09:44:53,30900.0,600.0,329182.0
506,2021-10-12 09:44:50,30900.0,1000.0,328582.0
507,2021-10-12 09:44:47,30900.0,600.0,327582.0
508,2021-10-12 09:44:37,30900.0,1000.0,326982.0
509,2021-10-12 09:44:36,30900.0,400.0,325982.0
510,2021-10-12 09:44:29,30900.0,500.0,325582.0
511,2021-10-12 09:44:27,30900.0,100.0,325082.0
512,2021-10-12 09:44:24,30900.0,2000.0,324982.0
513,2021-10-12 09:44:14,30900.0,100.0,322982.0
514,2021-10-12 09:44:08,30800.0,100.0,322882.0
515,2021-10-12 09:44:03,30900.0,200.0,322782.0
516,2021-10-12 09:44:01,30900.0,49.0,322582.0
517,2021-10-12 09:43:56,30900.0,500.0,322533.0
518,2021-10-12 09:43:44,30900.0,100.0,322033.0
519,2021-10-12 09:43:27,30800.0,500.0,321933.0
520,2021-10-12 09:43:25,30800.0,6600.0,321433.0
521,2021-10-12 09:43:22,30800.0,900.0,314833.0
522,2021-10-12 09:43:15,30800.0,12500.0,313933.0
523,2021-10-12 09:43:14,30800.0,1000.0,301433.0
524,2021-10-12 09:43:13,30900.0,200.0,300433.0
525,2021-10-12 09:43:07,30800.0,2100.0,300233.0
526,2021-10-12 09:43:03,30900.0,200.0,298133.0
527,2021-10-12 09:42:59,30800.0,4600.0,297933.0
528,2021-10-12 09:42:58,30900.0,1000.0,293333.0
529,2021-10-12 09:42:50,30900.0,300.0,292333.0
530,2021-10-12 09:42:34,30900.0,500.0,292033.0
531,2021-10-12 09:42:33,30900.0,100.0,291533.0
532,2021-10-12 09:42:31,30900.0,100.0,291433.0
533,2021-10-12 09:42:27,30900.0,300.0,291333.0
534,2021-10-12 09:42:24,30900.0,800.0,291033.0
535,2021-10-12 09:42:23,30900.0,900.0,290233.0
536,2021-10-12 09:42:21,30900.0,1000.0,289333.0
537,2021-10-12 09:42:15,30900.0,900.0,288333.0
538,2021-10-12 09:42:08,30900.0,1000.0,287433.0
539,2021-10-12 09:42:05,30900.0,100.0,286433.0
540,2021-10-12 09:41:57,30900.0,1200.0,286333.0
541,2021-10-12 09:41:56,30900.0,2000.0,285133.0
542,2021-10-12 09:41:51,30900.0,7200.0,283133.0
543,2021-10-12 09:41:40,30900.0,800.0,275933.0
544,2021-10-12 09:41:34,30900.0,10000.0,275133.0
545,2021-10-12 09:41:29,30900.0,2000.0,265133.0
546,2021-10-12 09:41:10,30900.0,500.0,263133.0
547,2021-10-12 09:41:06,30900.0,1000.0,262633.0
548,2021-10-12 09:40:54,30900.0,200.0,261633.0
549,2021-10-12 09:40:46,31000.0,2000.0,261433.0
550,2021-10-12 09:40:33,30900.0,500.0,259433.0
551,2021-10-12 09:40:32,30900.0,700.0,258933.0
552,2021-10-12 09:40:10,30900.0,500.0,258233.0
553,2021-10-12 09:40:01,30900.0,2000.0,257733.0
554,2021-10-12 09:39:40,30900.0,500.0,255733.0
555,2021-10-12 09:39:29,31000.0,500.0,255233.0
556,2021-10-12 09:39:05,30900.0,300.0,254733.0
557,2021-10-12 09:38:56,30900.0,1300.0,254433.0
558,2021-10-12 09:38:46,31000.0,1000.0,253133.0
559,2021-10-12 09:38:20,30900.0,300.0,252133.0
560,2021-10-12 09:38:05,31000.0,500.0,251833.0
561,2021-10-12 09:37:52,31000.0,500.0,251333.0
562,2021-10-12 09:37:46,31000.0,100.0,250833.0
563,2021-10-12 09:37:31,31000.0,1200.0,250733.0
564,2021-10-12 09:37:09,31000.0,200.0,249533.0
565,2021-10-12 09:36:57,30900.0,800.0,249333.0
566,2021-10-12 09:36:51,31000.0,2100.0,248533.0
567,2021-10-12 09:36:42,31000.0,600.0,246433.0
568,2021-10-12 09:36:40,30900.0,1600.0,245833.0
569,2021-10-12 09:36:32,31000.0,100.0,244233.0
570,2021-10-12 09:36:20,31000.0,1500.0,244133.0
571,2021-10-12 09:36:19,31000.0,300.0,242633.0
572,2021-10-12 09:36:10,31000.0,2000.0,242333.0
573,2021-10-12 09:35:57,31000.0,200.0,240333.0
574,2021-10-12 09:35:39,31000.0,2000.0,240133.0
575,2021-10-12 09:35:38,31000.0,500.0,238133.0
576,2021-10-12 09:35:32,31000.0,2000.0,237633.0
577,2021-10-12 09:35:28,31000.0,400.0,235633.0
578,2021-10-12 09:35:25,31000.0,300.0,235233.0
579,2021-10-12 09:35:17,31000.0,5300.0,234933.0
580,2021-10-12 09:35:08,31100.0,200.0,229633.0
581,2021-10-12 09:35:06,31000.0,1300.0,229433.0
582,2021-10-12 09:34:59,31000.0,1700.0,228133.0
583,2021-10-12 09:34:54,31000.0,1000.0,226433.0
584,2021-10-12 09:34:52,31000.0,100.0,225433.0
585,2021-10-12 09:34:35,31000.0,1500.0,225333.0
586,2021-10-12 09:34:32,31000.0,5000.0,223833.0
587,2021-10-12 09:32:03,31000.0,5000.0,218833.0
588,2021-10-12 09:31:50,31000.0,1000.0,213833.0
589,2021-10-12 09:30:51,31000.0,1000.0,212833.0
590,2021-10-12 09:30:22,31000.0,100.0,211833.0
591,2021-10-12 09:30:20,31000.0,100.0,211733.0
592,2021-10-12 09:30:12,31000.0,1000.0,211633.0
593,2021-10-12 09:30:02,31000.0,100.0,210633.0
594,2021-10-12 09:29:46,31000.0,200.0,210533.0
595,2021-10-12 09:29:36,31000.0,100.0,210333.0
596,2021-10-12 09:29:33,31000.0,1400.0,210233.0
597,2021-10-12 09:29:30,31000.0,600.0,208833.0
598,2021-10-12 09:29:27,31000.0,500.0,208233.0
599,2021-10-12 09:29:23,31000.0,300.0,207733.0
600,2021-10-12 09:29:13,31000.0,100.0,207433.0
601,2021-10-12 09:28:58,31000.0,700.0,207333.0
602,2021-10-12 09:28:47,31000.0,300.0,206633.0
603,2021-10-12 09:28:43,31000.0,100.0,206333.0
604,2021-10-12 09:28:41,31000.0,75.0,206233.0
605,2021-10-12 09:28:08,31000.0,500.0,206158.0
606,2021-10-12 09:27:54,31000.0,1900.0,205658.0
607,2021-10-12 09:27:41,31000.0,300.0,203758.0
608,2021-10-12 09:27:32,31000.0,1000.0,203458.0
609,2021-10-12 09:27:25,31000.0,5000.0,202458.0
610,2021-10-12 09:27:23,31000.0,300.0,197458.0
611,2021-10-12 09:27:18,31000.0,1000.0,197158.0
612,2021-10-12 09:27:16,31100.0,200.0,196158.0
613,2021-10-12 09:27:15,31000.0,200.0,195958.0
614,2021-10-12 09:27:07,31000.0,1000.0,195758.0
615,2021-10-12 09:26:57,31000.0,8.0,194758.0
616,2021-10-12 09:26:10,31000.0,15000.0,194750.0
617,2021-10-12 09:26:06,31100.0,100.0,179750.0
618,2021-10-12 09:25:59,31100.0,700.0,179650.0
619,2021-10-12 09:25:57,31100.0,100.0,178950.0
620,2021-10-12 09:25:47,31000.0,100.0,178850.0
621,2021-10-12 09:25:27,31100.0,300.0,178750.0
622,2021-10-12 09:25:22,31100.0,100.0,178450.0
623,2021-10-12 09:24:53,31100.0,400.0,178350.0
624,2021-10-12 09:24:41,31100.0,100.0,177950.0
625,2021-10-12 09:24:26,31100.0,100.0,177850.0
626,2021-10-12 09:24:12,31000.0,100.0,177750.0
627,2021-10-12 09:23:55,31000.0,400.0,177650.0
628,2021-10-12 09:23:50,31000.0,700.0,177250.0
629,2021-10-12 09:23:48,31000.0,9300.0,176550.0
630,2021-10-12 09:23:34,31000.0,100.0,167250.0
631,2021-10-12 09:23:28,31000.0,60000.0,167150.0
632,2021-10-12 09:23:16,31100.0,4700.0,107150.0
633,2021-10-12 09:22:52,31100.0,3000.0,102450.0
634,2021-10-12 09:22:08,31100.0,600.0,99450.0
635,2021-10-12 09:21:36,31100.0,20000.0,98850.0
636,2021-10-12 09:21:04,31300.0,500.0,78850.0
637,2021-10-12 09:20:50,31300.0,200.0,78350.0
638,2021-10-12 09:20:44,31300.0,100.0,78150.0
639,2021-10-12 09:20:42,31300.0,300.0,78050.0
640,2021-10-12 09:19:00,31300.0,8600.0,77750.0
641,2021-10-12 09:18:01,31300.0,700.0,69150.0
642,2021-10-12 09:17:46,31300.0,50.0,68450.0
643,2021-10-12 09:17:17,31300.0,600.0,68400.0
644,2021-10-12 09:17:11,31400.0,3000.0,67800.0
645,2021-10-12 09:16:50,31400.0,4000.0,64800.0
646,2021-10-12 09:16:41,31400.0,2000.0,60800.0
647,2021-10-12 09:16:34,31300.0,200.0,58800.0
648,2021-10-12 09:15:30,31300.0,1000.0,58600.0
649,2021-10-12 09:13:00,31300.0,9800.0,57600.0
650,2021-10-12 09:12:45,31300.0,10000.0,47800.0
651,2021-10-12 09:12:10,31300.0,1000.0,37800.0
652,2021-10-12 09:11:06,31400.0,1000.0,36800.0
653,2021-10-12 09:10:57,31400.0,2900.0,35800.0
654,2021-10-12 09:10:32,31400.0,300.0,32900.0
655,2021-10-12 09:10:17,31400.0,7200.0,32600.0
656,2021-10-12 09:09:44,31300.0,1700.0,25400.0
657,2021-10-12 09:09:41,31300.0,100.0,23700.0
658,2021-10-12 09:08:41,31300.0,1000.0,23600.0
659,2021-10-12 09:08:33,31300.0,1000.0,22600.0
660,2021-10-12 09:08:23,31300.0,3000.0,21600.0
661,2021-10-12 09:08:09,31300.0,1000.0,18600.0
662,2021-10-12 09:07:57,31300.0,2000.0,17600.0
663,2021-10-12 09:07:21,31400.0,1000.0,15600.0
664,2021-10-12 09:07:00,31400.0,500.0,14600.0
665,2021-10-12 09:06:59,31300.0,500.0,14100.0
666,2021-10-12 09:06:23,31300.0,4000.0,13600.0
667,2021-10-12 09:06:22,31400.0,500.0,9600.0
668,2021-10-12 09:04:08,31300.0,1000.0,9100.0
669,2021-10-12 09:03:55,31300.0,100.0,8100.0
670,2021-10-12 09:03:33,31300.0,3700.0,8000.0
671,2021-10-12 09:03:22,31300.0,300.0,4300.0
672,2021-10-12 09:03:07,31300.0,100.0,4000.0
673,2021-10-12 09:02:47,31300.0,100.0,3900.0
674,2021-10-12 09:01:50,31400.0,1000.0,3800.0
675,2021-10-12 09:01:35,31400.0,400.0,2800.0
676,2021-10-12 09:00:45,31300.0,1000.0,2400.0
677,2021-10-12 09:00:11,31200.0,400.0,1400.0
678,2021-10-12 09:00:07,31000.0,1000.0,1000.0
