,Time,Price,Volume_per_trade,Volume
0,2021-10-06 14:45:02,31300.0,40300.0,1323071.0
1,2021-10-06 14:29:40,31400.0,1000.0,1282771.0
2,2021-10-06 14:29:35,31300.0,1900.0,1281771.0
3,2021-10-06 14:28:53,31400.0,500.0,1279871.0
4,2021-10-06 14:28:44,31400.0,10.0,1279371.0
5,2021-10-06 14:28:23,31400.0,400.0,1279361.0
6,2021-10-06 14:28:02,31400.0,800.0,1278961.0
7,2021-10-06 14:27:40,31400.0,2650.0,1278161.0
8,2021-10-06 14:27:37,31400.0,200.0,1275511.0
9,2021-10-06 14:27:28,31400.0,200.0,1275311.0
10,2021-10-06 14:27:15,31400.0,100.0,1275111.0
11,2021-10-06 14:27:08,31300.0,50.0,1275011.0
12,2021-10-06 14:25:58,31300.0,1600.0,1274961.0
13,2021-10-06 14:25:52,31300.0,5000.0,1273361.0
14,2021-10-06 14:25:23,31300.0,200.0,1268361.0
15,2021-10-06 14:24:33,31300.0,200.0,1268161.0
16,2021-10-06 14:23:17,31300.0,1000.0,1267961.0
17,2021-10-06 14:22:29,31300.0,200.0,1266961.0
18,2021-10-06 14:21:56,31400.0,1900.0,1266761.0
19,2021-10-06 14:21:37,31400.0,2000.0,1264861.0
20,2021-10-06 14:20:58,31300.0,4.0,1262861.0
21,2021-10-06 14:20:42,31300.0,60.0,1262857.0
22,2021-10-06 14:20:07,31300.0,600.0,1262797.0
23,2021-10-06 14:20:05,31300.0,100.0,1262197.0
24,2021-10-06 14:19:56,31300.0,1100.0,1262097.0
25,2021-10-06 14:19:31,31300.0,1100.0,1260997.0
26,2021-10-06 14:18:51,31300.0,1000.0,1259897.0
27,2021-10-06 14:18:48,31300.0,44.0,1258897.0
28,2021-10-06 14:18:36,31300.0,300.0,1258853.0
29,2021-10-06 14:18:23,31200.0,1000.0,1258553.0
30,2021-10-06 14:18:11,31100.0,700.0,1257553.0
31,2021-10-06 14:17:55,31200.0,1000.0,1256853.0
32,2021-10-06 14:17:38,31200.0,8000.0,1255853.0
33,2021-10-06 14:16:51,31200.0,100.0,1247853.0
34,2021-10-06 14:16:41,31200.0,900.0,1247753.0
35,2021-10-06 14:15:16,31200.0,45.0,1246853.0
36,2021-10-06 14:14:36,31200.0,700.0,1246808.0
37,2021-10-06 14:14:22,31200.0,1000.0,1246108.0
38,2021-10-06 14:13:58,31200.0,50.0,1245108.0
39,2021-10-06 14:13:56,31200.0,100.0,1245058.0
40,2021-10-06 14:13:50,31200.0,100.0,1244958.0
41,2021-10-06 14:13:00,31200.0,100.0,1244858.0
42,2021-10-06 14:11:32,31200.0,18100.0,1244758.0
43,2021-10-06 14:11:07,31300.0,200.0,1226658.0
44,2021-10-06 14:10:12,31300.0,500.0,1226458.0
45,2021-10-06 14:10:07,31300.0,17300.0,1225958.0
46,2021-10-06 14:09:56,31300.0,600.0,1208658.0
47,2021-10-06 14:09:46,31300.0,200.0,1208058.0
48,2021-10-06 14:09:43,31300.0,20.0,1207858.0
49,2021-10-06 14:08:45,31300.0,100.0,1207838.0
50,2021-10-06 14:08:29,31300.0,400.0,1207738.0
51,2021-10-06 14:08:09,31300.0,100.0,1207338.0
52,2021-10-06 14:07:31,31300.0,300.0,1207238.0
53,2021-10-06 14:06:00,31300.0,500.0,1206938.0
54,2021-10-06 14:05:39,31200.0,3000.0,1206438.0
55,2021-10-06 14:05:04,31300.0,500.0,1203438.0
56,2021-10-06 14:05:00,31300.0,500.0,1202938.0
57,2021-10-06 14:04:21,31300.0,300.0,1202438.0
58,2021-10-06 14:03:34,31300.0,3000.0,1202138.0
59,2021-10-06 14:03:17,31400.0,300.0,1199138.0
60,2021-10-06 14:02:41,31300.0,1000.0,1198838.0
61,2021-10-06 14:02:39,31300.0,1300.0,1197838.0
62,2021-10-06 14:01:55,31300.0,100.0,1196538.0
63,2021-10-06 14:01:42,31300.0,200.0,1196438.0
64,2021-10-06 14:01:29,31300.0,3400.0,1196238.0
65,2021-10-06 14:01:27,31300.0,100.0,1192838.0
66,2021-10-06 14:01:05,31300.0,500.0,1192738.0
67,2021-10-06 13:59:04,31200.0,200.0,1192238.0
68,2021-10-06 13:59:00,31300.0,100.0,1192038.0
69,2021-10-06 13:57:57,31200.0,100.0,1191938.0
70,2021-10-06 13:57:44,31200.0,1000.0,1191838.0
71,2021-10-06 13:57:39,31300.0,500.0,1190838.0
72,2021-10-06 13:56:53,31200.0,1000.0,1190338.0
73,2021-10-06 13:55:02,31200.0,900.0,1189338.0
74,2021-10-06 13:54:53,31300.0,1000.0,1188438.0
75,2021-10-06 13:54:46,31300.0,100.0,1187438.0
76,2021-10-06 13:54:40,31300.0,3000.0,1187338.0
77,2021-10-06 13:53:13,31300.0,200.0,1184338.0
78,2021-10-06 13:52:01,31300.0,100.0,1184138.0
79,2021-10-06 13:51:37,31300.0,100.0,1184038.0
80,2021-10-06 13:51:27,31300.0,100.0,1183938.0
81,2021-10-06 13:51:19,31300.0,200.0,1183838.0
82,2021-10-06 13:50:58,31300.0,200.0,1183638.0
83,2021-10-06 13:50:48,31300.0,300.0,1183438.0
84,2021-10-06 13:50:43,31300.0,300.0,1183138.0
85,2021-10-06 13:50:02,31300.0,800.0,1182838.0
86,2021-10-06 13:49:36,31300.0,800.0,1182038.0
87,2021-10-06 13:49:32,31400.0,1300.0,1181238.0
88,2021-10-06 13:48:01,31300.0,1000.0,1179938.0
89,2021-10-06 13:47:57,31300.0,1100.0,1178938.0
90,2021-10-06 13:47:29,31300.0,300.0,1177838.0
91,2021-10-06 13:47:16,31300.0,500.0,1177538.0
92,2021-10-06 13:47:11,31300.0,3200.0,1177038.0
93,2021-10-06 13:46:58,31400.0,200.0,1173838.0
94,2021-10-06 13:46:46,31400.0,500.0,1173638.0
95,2021-10-06 13:45:46,31400.0,100.0,1173138.0
96,2021-10-06 13:45:18,31400.0,1000.0,1173038.0
97,2021-10-06 13:45:08,31400.0,300.0,1172038.0
98,2021-10-06 13:44:50,31300.0,2000.0,1171738.0
99,2021-10-06 13:44:37,31400.0,100.0,1169738.0
100,2021-10-06 13:44:23,31400.0,100.0,1169638.0
101,2021-10-06 13:44:10,31400.0,200.0,1169538.0
102,2021-10-06 13:44:09,31400.0,200.0,1169338.0
103,2021-10-06 13:43:51,31400.0,100.0,1169138.0
104,2021-10-06 13:43:24,31400.0,400.0,1169038.0
105,2021-10-06 13:43:23,31400.0,100.0,1168638.0
106,2021-10-06 13:42:15,31400.0,100.0,1168538.0
107,2021-10-06 13:42:12,31400.0,100.0,1168438.0
108,2021-10-06 13:41:40,31400.0,1000.0,1168338.0
109,2021-10-06 13:41:24,31400.0,3.0,1167338.0
110,2021-10-06 13:41:09,31400.0,43.0,1167335.0
111,2021-10-06 13:40:51,31400.0,700.0,1167292.0
112,2021-10-06 13:40:30,31400.0,500.0,1166592.0
113,2021-10-06 13:40:23,31400.0,2900.0,1166092.0
114,2021-10-06 13:39:43,31400.0,3400.0,1163192.0
115,2021-10-06 13:39:39,31400.0,200.0,1159792.0
116,2021-10-06 13:39:25,31400.0,5000.0,1159592.0
117,2021-10-06 13:38:35,31400.0,100.0,1154592.0
118,2021-10-06 13:38:31,31400.0,100.0,1154492.0
119,2021-10-06 13:37:53,31400.0,500.0,1154392.0
120,2021-10-06 13:37:24,31400.0,200.0,1153892.0
121,2021-10-06 13:37:21,31400.0,1500.0,1153692.0
122,2021-10-06 13:37:16,31400.0,100.0,1152192.0
123,2021-10-06 13:37:13,31400.0,900.0,1152092.0
124,2021-10-06 13:36:54,31400.0,200.0,1151192.0
125,2021-10-06 13:36:06,31300.0,1500.0,1150992.0
126,2021-10-06 13:35:22,31300.0,1800.0,1149492.0
127,2021-10-06 13:34:58,31500.0,100.0,1147692.0
128,2021-10-06 13:34:53,31500.0,100.0,1147592.0
129,2021-10-06 13:34:12,31500.0,100.0,1147492.0
130,2021-10-06 13:34:10,31500.0,500.0,1147392.0
131,2021-10-06 13:34:04,31500.0,1000.0,1146892.0
132,2021-10-06 13:33:42,31500.0,500.0,1145892.0
133,2021-10-06 13:33:37,31500.0,100.0,1145392.0
134,2021-10-06 13:33:34,31500.0,14000.0,1145292.0
135,2021-10-06 13:33:02,31500.0,1000.0,1131292.0
136,2021-10-06 13:32:18,31600.0,500.0,1130292.0
137,2021-10-06 13:32:01,31600.0,1100.0,1129792.0
138,2021-10-06 13:31:48,31500.0,1000.0,1128692.0
139,2021-10-06 13:31:38,31600.0,200.0,1127692.0
140,2021-10-06 13:31:36,31500.0,500.0,1127492.0
141,2021-10-06 13:31:11,31600.0,300.0,1126992.0
142,2021-10-06 13:30:59,31600.0,100.0,1126692.0
143,2021-10-06 13:30:48,31600.0,4200.0,1126592.0
144,2021-10-06 13:30:29,31700.0,10.0,1122392.0
145,2021-10-06 13:30:14,31700.0,100.0,1122382.0
146,2021-10-06 13:30:04,31700.0,400.0,1122282.0
147,2021-10-06 13:29:59,31700.0,100.0,1121882.0
148,2021-10-06 13:29:27,31700.0,100.0,1121782.0
149,2021-10-06 13:29:14,31600.0,1000.0,1121682.0
150,2021-10-06 13:28:27,31600.0,400.0,1120682.0
151,2021-10-06 13:27:59,31600.0,2100.0,1120282.0
152,2021-10-06 13:26:56,31700.0,2300.0,1118182.0
153,2021-10-06 13:26:30,31700.0,200.0,1115882.0
154,2021-10-06 13:26:25,31700.0,100.0,1115682.0
155,2021-10-06 13:26:06,31700.0,1100.0,1115582.0
156,2021-10-06 13:26:00,31700.0,500.0,1114482.0
157,2021-10-06 13:25:59,31600.0,3000.0,1113982.0
158,2021-10-06 13:25:54,31700.0,100.0,1110982.0
159,2021-10-06 13:25:29,31700.0,300.0,1110882.0
160,2021-10-06 13:25:11,31700.0,800.0,1110582.0
161,2021-10-06 13:25:00,31700.0,600.0,1109782.0
162,2021-10-06 13:24:01,31600.0,300.0,1109182.0
163,2021-10-06 13:23:55,31600.0,500.0,1108882.0
164,2021-10-06 13:23:53,31600.0,30.0,1108382.0
165,2021-10-06 13:23:52,31600.0,200.0,1108352.0
166,2021-10-06 13:23:51,31600.0,600.0,1108152.0
167,2021-10-06 13:23:45,31600.0,7000.0,1107552.0
168,2021-10-06 13:23:34,31600.0,300.0,1100552.0
169,2021-10-06 13:23:23,31600.0,100.0,1100252.0
170,2021-10-06 13:23:05,31600.0,500.0,1100152.0
171,2021-10-06 13:22:41,31600.0,500.0,1099652.0
172,2021-10-06 13:22:39,31600.0,100.0,1099152.0
173,2021-10-06 13:22:30,31600.0,600.0,1099052.0
174,2021-10-06 13:22:22,31600.0,400.0,1098452.0
175,2021-10-06 13:22:17,31500.0,500.0,1098052.0
176,2021-10-06 13:21:36,31500.0,700.0,1097552.0
177,2021-10-06 13:21:34,31500.0,1400.0,1096852.0
178,2021-10-06 13:21:27,31500.0,300.0,1095452.0
179,2021-10-06 13:21:17,31500.0,1000.0,1095152.0
180,2021-10-06 13:21:03,31500.0,4600.0,1094152.0
181,2021-10-06 13:20:39,31500.0,5900.0,1089552.0
182,2021-10-06 13:20:30,31400.0,500.0,1083652.0
183,2021-10-06 13:20:23,31400.0,4000.0,1083152.0
184,2021-10-06 13:20:21,31300.0,5000.0,1079152.0
185,2021-10-06 13:19:56,31400.0,400.0,1074152.0
186,2021-10-06 13:19:20,31300.0,100.0,1073752.0
187,2021-10-06 13:19:14,31400.0,3100.0,1073652.0
188,2021-10-06 13:19:08,31400.0,100.0,1070552.0
189,2021-10-06 13:18:42,31400.0,2400.0,1070452.0
190,2021-10-06 13:18:31,31400.0,300.0,1068052.0
191,2021-10-06 13:17:52,31400.0,100.0,1067752.0
192,2021-10-06 13:17:36,31400.0,100.0,1067652.0
193,2021-10-06 13:17:08,31400.0,500.0,1067552.0
194,2021-10-06 13:17:05,31400.0,2000.0,1067052.0
195,2021-10-06 13:16:54,31400.0,1000.0,1065052.0
196,2021-10-06 13:16:53,31400.0,3000.0,1064052.0
197,2021-10-06 13:16:46,31400.0,300.0,1061052.0
198,2021-10-06 13:16:27,31400.0,900.0,1060752.0
199,2021-10-06 13:16:13,31400.0,200.0,1059852.0
200,2021-10-06 13:15:41,31300.0,200.0,1059652.0
201,2021-10-06 13:15:39,31300.0,300.0,1059452.0
202,2021-10-06 13:15:35,31300.0,1000.0,1059152.0
203,2021-10-06 13:15:30,31300.0,1000.0,1058152.0
204,2021-10-06 13:15:21,31300.0,700.0,1057152.0
205,2021-10-06 13:15:07,31300.0,1000.0,1056452.0
206,2021-10-06 13:14:58,31300.0,300.0,1055452.0
207,2021-10-06 13:14:46,31300.0,1000.0,1055152.0
208,2021-10-06 13:14:44,31300.0,1000.0,1054152.0
209,2021-10-06 13:14:30,31300.0,3000.0,1053152.0
210,2021-10-06 13:14:26,31300.0,2000.0,1050152.0
211,2021-10-06 13:13:48,31300.0,1000.0,1048152.0
212,2021-10-06 13:13:38,31300.0,400.0,1047152.0
213,2021-10-06 13:13:30,31300.0,100.0,1046752.0
214,2021-10-06 13:13:16,31300.0,800.0,1046652.0
215,2021-10-06 13:13:13,31100.0,5000.0,1045852.0
216,2021-10-06 13:13:12,31300.0,200.0,1040852.0
217,2021-10-06 13:13:07,31300.0,1000.0,1040652.0
218,2021-10-06 13:13:02,31300.0,200.0,1039652.0
219,2021-10-06 13:12:43,31300.0,1000.0,1039452.0
220,2021-10-06 13:12:39,31300.0,300.0,1038452.0
221,2021-10-06 13:12:25,31300.0,500.0,1038152.0
222,2021-10-06 13:12:22,31300.0,200.0,1037652.0
223,2021-10-06 13:12:20,31300.0,1300.0,1037452.0
224,2021-10-06 13:12:06,31300.0,200.0,1036152.0
225,2021-10-06 13:11:38,31200.0,100.0,1035952.0
226,2021-10-06 13:11:25,31200.0,200.0,1035852.0
227,2021-10-06 13:10:51,31100.0,700.0,1035652.0
228,2021-10-06 13:10:48,31100.0,300.0,1034952.0
229,2021-10-06 13:10:39,31100.0,100.0,1034652.0
230,2021-10-06 13:10:37,31100.0,1000.0,1034552.0
231,2021-10-06 13:10:35,31100.0,300.0,1033552.0
232,2021-10-06 13:10:32,31100.0,500.0,1033252.0
233,2021-10-06 13:10:27,31100.0,1000.0,1032752.0
234,2021-10-06 13:10:26,31100.0,1700.0,1031752.0
235,2021-10-06 13:10:20,31100.0,700.0,1030052.0
236,2021-10-06 13:10:17,31100.0,2000.0,1029352.0
237,2021-10-06 13:10:13,31100.0,100.0,1027352.0
238,2021-10-06 13:10:05,31100.0,200.0,1027252.0
239,2021-10-06 13:09:45,31100.0,400.0,1027052.0
240,2021-10-06 13:09:44,31100.0,200.0,1026652.0
241,2021-10-06 13:09:39,31100.0,1000.0,1026452.0
242,2021-10-06 13:09:33,31100.0,1000.0,1025452.0
243,2021-10-06 13:08:48,31000.0,8500.0,1024452.0
244,2021-10-06 13:08:45,31000.0,500.0,1015952.0
245,2021-10-06 13:08:38,31000.0,5000.0,1015452.0
246,2021-10-06 13:08:32,31000.0,10000.0,1010452.0
247,2021-10-06 13:08:21,31000.0,100.0,1000452.0
248,2021-10-06 13:08:09,31000.0,200.0,1000352.0
249,2021-10-06 13:08:04,31000.0,2000.0,1000152.0
250,2021-10-06 13:08:03,31000.0,200.0,998152.0
251,2021-10-06 13:08:01,31000.0,500.0,997952.0
252,2021-10-06 13:07:55,31000.0,900.0,997452.0
253,2021-10-06 13:07:28,31000.0,200.0,996552.0
254,2021-10-06 13:06:32,30900.0,200.0,996352.0
255,2021-10-06 13:06:31,30900.0,200.0,996152.0
256,2021-10-06 13:06:00,30900.0,200.0,995952.0
257,2021-10-06 13:05:59,30900.0,300.0,995752.0
258,2021-10-06 13:05:52,30900.0,200.0,995452.0
259,2021-10-06 13:05:50,30900.0,100.0,995252.0
260,2021-10-06 13:05:47,30900.0,300.0,995152.0
261,2021-10-06 13:05:46,30900.0,1000.0,994852.0
262,2021-10-06 13:05:43,30900.0,1000.0,993852.0
263,2021-10-06 13:05:34,30900.0,500.0,992852.0
264,2021-10-06 13:05:23,30900.0,200.0,992352.0
265,2021-10-06 13:05:10,30900.0,30000.0,992152.0
266,2021-10-06 13:04:40,30800.0,4000.0,962152.0
267,2021-10-06 13:04:15,30800.0,1300.0,958152.0
268,2021-10-06 13:03:42,30800.0,1000.0,956852.0
269,2021-10-06 13:03:22,30800.0,100.0,955852.0
270,2021-10-06 13:01:45,30800.0,100.0,955752.0
271,2021-10-06 13:01:35,30800.0,100.0,955652.0
272,2021-10-06 13:01:23,30800.0,500.0,955552.0
273,2021-10-06 13:01:08,30800.0,50000.0,955052.0
274,2021-10-06 13:00:35,30800.0,400.0,905052.0
275,2021-10-06 13:00:03,30800.0,1200.0,904652.0
276,2021-10-06 13:00:01,30700.0,1800.0,903452.0
277,2021-10-06 11:26:12,30700.0,2800.0,901652.0
278,2021-10-06 11:26:06,30700.0,1000.0,898852.0
279,2021-10-06 11:26:02,30700.0,3000.0,897852.0
280,2021-10-06 11:25:42,30700.0,1000.0,894852.0
281,2021-10-06 11:25:36,30700.0,1000.0,893852.0
282,2021-10-06 11:25:24,30700.0,2000.0,892852.0
283,2021-10-06 11:25:03,30700.0,300.0,890852.0
284,2021-10-06 11:24:37,30700.0,300.0,890552.0
285,2021-10-06 11:24:08,30700.0,100.0,890252.0
286,2021-10-06 11:23:23,30700.0,100.0,890152.0
287,2021-10-06 11:22:37,30700.0,100.0,890052.0
288,2021-10-06 11:22:25,30700.0,100.0,889952.0
289,2021-10-06 11:22:15,30700.0,1400.0,889852.0
290,2021-10-06 11:21:22,30700.0,1300.0,888452.0
291,2021-10-06 11:21:21,30700.0,100.0,887152.0
292,2021-10-06 11:19:33,30700.0,500.0,887052.0
293,2021-10-06 11:18:58,30700.0,100.0,886552.0
294,2021-10-06 11:18:52,30700.0,100.0,886452.0
295,2021-10-06 11:18:46,30700.0,200.0,886352.0
296,2021-10-06 11:17:15,30700.0,300.0,886152.0
297,2021-10-06 11:17:08,30700.0,9700.0,885852.0
298,2021-10-06 11:17:06,30800.0,1000.0,876152.0
299,2021-10-06 11:16:04,30800.0,100.0,875152.0
300,2021-10-06 11:15:56,30800.0,25.0,875052.0
301,2021-10-06 11:15:49,30800.0,2000.0,875027.0
302,2021-10-06 11:15:38,30800.0,500.0,873027.0
303,2021-10-06 11:15:12,30800.0,1600.0,872527.0
304,2021-10-06 11:14:52,30800.0,1000.0,870927.0
305,2021-10-06 11:14:32,30800.0,300.0,869927.0
306,2021-10-06 11:13:41,30700.0,1000.0,869627.0
307,2021-10-06 11:13:19,30700.0,7000.0,868627.0
308,2021-10-06 11:13:15,30700.0,300.0,861627.0
309,2021-10-06 11:13:11,30700.0,100.0,861327.0
310,2021-10-06 11:12:52,30700.0,200.0,861227.0
311,2021-10-06 11:12:29,30700.0,200.0,861027.0
312,2021-10-06 11:12:23,30700.0,1000.0,860827.0
313,2021-10-06 11:12:12,30700.0,1000.0,859827.0
314,2021-10-06 11:12:11,30700.0,2000.0,858827.0
315,2021-10-06 11:11:36,30700.0,1000.0,856827.0
316,2021-10-06 11:11:35,30700.0,300.0,855827.0
317,2021-10-06 11:10:45,30700.0,1000.0,855527.0
318,2021-10-06 11:10:32,30700.0,100.0,854527.0
319,2021-10-06 11:10:12,30700.0,500.0,854427.0
320,2021-10-06 11:09:56,30600.0,1000.0,853927.0
321,2021-10-06 11:08:42,30700.0,100.0,852927.0
322,2021-10-06 11:08:26,30700.0,200.0,852827.0
323,2021-10-06 11:07:51,30700.0,500.0,852627.0
324,2021-10-06 11:07:37,30600.0,10000.0,852127.0
325,2021-10-06 11:07:20,30700.0,3000.0,842127.0
326,2021-10-06 11:07:19,30700.0,2000.0,839127.0
327,2021-10-06 11:07:12,30700.0,100.0,837127.0
328,2021-10-06 11:07:10,30700.0,11300.0,837027.0
329,2021-10-06 11:07:08,30700.0,300.0,825727.0
330,2021-10-06 11:06:38,30700.0,600.0,825427.0
331,2021-10-06 11:06:36,30700.0,500.0,824827.0
332,2021-10-06 11:06:24,30700.0,500.0,824327.0
333,2021-10-06 11:06:18,30700.0,1800.0,823827.0
334,2021-10-06 11:06:15,30700.0,500.0,822027.0
335,2021-10-06 11:05:59,30700.0,400.0,821527.0
336,2021-10-06 11:05:43,30700.0,3000.0,821127.0
337,2021-10-06 11:05:37,30600.0,200.0,818127.0
338,2021-10-06 11:05:30,30600.0,2000.0,817927.0
339,2021-10-06 11:04:36,30600.0,6000.0,815927.0
340,2021-10-06 11:03:57,30600.0,500.0,809927.0
341,2021-10-06 11:03:56,30600.0,2100.0,809427.0
342,2021-10-06 11:03:54,30600.0,100.0,807327.0
343,2021-10-06 11:03:50,30600.0,200.0,807227.0
344,2021-10-06 11:03:42,30600.0,20000.0,807027.0
345,2021-10-06 11:03:16,30600.0,50.0,787027.0
346,2021-10-06 11:03:13,30600.0,700.0,786977.0
347,2021-10-06 11:03:07,30600.0,2000.0,786277.0
348,2021-10-06 11:02:32,30600.0,5000.0,784277.0
349,2021-10-06 11:02:29,30600.0,700.0,779277.0
350,2021-10-06 11:02:26,30500.0,3500.0,778577.0
351,2021-10-06 11:01:27,30600.0,200.0,775077.0
352,2021-10-06 11:01:22,30600.0,900.0,774877.0
353,2021-10-06 11:01:13,30600.0,8000.0,773977.0
354,2021-10-06 11:00:57,30600.0,100.0,765977.0
355,2021-10-06 11:00:47,30600.0,1000.0,765877.0
356,2021-10-06 11:00:46,30600.0,800.0,764877.0
357,2021-10-06 11:00:16,30600.0,5000.0,764077.0
358,2021-10-06 11:00:12,30600.0,200.0,759077.0
359,2021-10-06 10:59:55,30600.0,300.0,758877.0
360,2021-10-06 10:59:38,30600.0,600.0,758577.0
361,2021-10-06 10:58:46,30500.0,5000.0,757977.0
362,2021-10-06 10:58:40,30500.0,3500.0,752977.0
363,2021-10-06 10:58:25,30500.0,200.0,749477.0
364,2021-10-06 10:58:21,30600.0,100.0,749277.0
365,2021-10-06 10:58:13,30500.0,1000.0,749177.0
366,2021-10-06 10:58:08,30600.0,100.0,748177.0
367,2021-10-06 10:56:39,30500.0,500.0,748077.0
368,2021-10-06 10:56:00,30500.0,4000.0,747577.0
369,2021-10-06 10:55:10,30500.0,200.0,743577.0
370,2021-10-06 10:54:40,30500.0,5000.0,743377.0
371,2021-10-06 10:54:31,30500.0,2200.0,738377.0
372,2021-10-06 10:54:01,30500.0,400.0,736177.0
373,2021-10-06 10:53:54,30500.0,100.0,735777.0
374,2021-10-06 10:53:46,30500.0,100.0,735677.0
375,2021-10-06 10:53:37,30500.0,100.0,735577.0
376,2021-10-06 10:53:32,30500.0,19700.0,735477.0
377,2021-10-06 10:53:15,30500.0,100.0,715777.0
378,2021-10-06 10:51:16,30500.0,200.0,715677.0
379,2021-10-06 10:51:09,30500.0,100.0,715477.0
380,2021-10-06 10:51:03,30500.0,200.0,715377.0
381,2021-10-06 10:50:57,30500.0,1200.0,715177.0
382,2021-10-06 10:50:55,30500.0,700.0,713977.0
383,2021-10-06 10:50:53,30500.0,3000.0,713277.0
384,2021-10-06 10:50:52,30500.0,100.0,710277.0
385,2021-10-06 10:50:51,30500.0,1000.0,710177.0
386,2021-10-06 10:50:49,30500.0,200.0,709177.0
387,2021-10-06 10:50:47,30500.0,700.0,708977.0
388,2021-10-06 10:50:45,30500.0,300.0,708277.0
389,2021-10-06 10:50:44,30500.0,100.0,707977.0
390,2021-10-06 10:50:34,30500.0,500.0,707877.0
391,2021-10-06 10:50:29,30500.0,100.0,707377.0
392,2021-10-06 10:50:27,30500.0,100.0,707277.0
393,2021-10-06 10:50:26,30500.0,1000.0,707177.0
394,2021-10-06 10:50:21,30500.0,600.0,706177.0
395,2021-10-06 10:50:20,30500.0,100.0,705577.0
396,2021-10-06 10:50:10,30500.0,300.0,705477.0
397,2021-10-06 10:50:09,30500.0,500.0,705177.0
398,2021-10-06 10:50:05,30500.0,100.0,704677.0
399,2021-10-06 10:50:03,30500.0,1000.0,704577.0
400,2021-10-06 10:50:01,30500.0,100.0,703577.0
401,2021-10-06 10:50:00,30500.0,1000.0,703477.0
402,2021-10-06 10:49:59,30500.0,200.0,702477.0
403,2021-10-06 10:49:55,30500.0,500.0,702277.0
404,2021-10-06 10:49:50,30500.0,200.0,701777.0
405,2021-10-06 10:49:49,30500.0,1100.0,701577.0
406,2021-10-06 10:49:47,30500.0,500.0,700477.0
407,2021-10-06 10:49:44,30500.0,100.0,699977.0
408,2021-10-06 10:49:43,30500.0,100.0,699877.0
409,2021-10-06 10:49:42,30500.0,200.0,699777.0
410,2021-10-06 10:49:38,30500.0,100.0,699577.0
411,2021-10-06 10:49:31,30500.0,500.0,699477.0
412,2021-10-06 10:49:25,30500.0,300.0,698977.0
413,2021-10-06 10:49:24,30500.0,500.0,698677.0
414,2021-10-06 10:49:03,30500.0,4800.0,698177.0
415,2021-10-06 10:49:02,30500.0,400.0,693377.0
416,2021-10-06 10:48:59,30500.0,100.0,692977.0
417,2021-10-06 10:48:57,30500.0,1000.0,692877.0
418,2021-10-06 10:48:54,30500.0,300.0,691877.0
419,2021-10-06 10:48:41,30500.0,500.0,691577.0
420,2021-10-06 10:47:55,30500.0,100.0,691077.0
421,2021-10-06 10:47:45,30500.0,4000.0,690977.0
422,2021-10-06 10:47:01,30500.0,1000.0,686977.0
423,2021-10-06 10:46:50,30500.0,300.0,685977.0
424,2021-10-06 10:46:34,30500.0,100.0,685677.0
425,2021-10-06 10:46:31,30500.0,100.0,685577.0
426,2021-10-06 10:46:25,30500.0,6500.0,685477.0
427,2021-10-06 10:46:05,30500.0,700.0,678977.0
428,2021-10-06 10:45:27,30500.0,1000.0,678277.0
429,2021-10-06 10:45:26,30500.0,500.0,677277.0
430,2021-10-06 10:45:07,30500.0,500.0,676777.0
431,2021-10-06 10:45:05,30500.0,500.0,676277.0
432,2021-10-06 10:45:02,30500.0,300.0,675777.0
433,2021-10-06 10:44:56,30500.0,600.0,675477.0
434,2021-10-06 10:44:31,30500.0,3300.0,674877.0
435,2021-10-06 10:44:24,30500.0,500.0,671577.0
436,2021-10-06 10:44:14,30500.0,100.0,671077.0
437,2021-10-06 10:43:37,30500.0,400.0,670977.0
438,2021-10-06 10:43:13,30500.0,500.0,670577.0
439,2021-10-06 10:42:55,30500.0,200.0,670077.0
440,2021-10-06 10:42:25,30400.0,50.0,669877.0
441,2021-10-06 10:42:23,30400.0,800.0,669827.0
442,2021-10-06 10:42:22,30500.0,800.0,669027.0
443,2021-10-06 10:42:06,30500.0,400.0,668227.0
444,2021-10-06 10:41:53,30500.0,100.0,667827.0
445,2021-10-06 10:41:47,30500.0,100.0,667727.0
446,2021-10-06 10:41:27,30500.0,500.0,667627.0
447,2021-10-06 10:41:12,30500.0,100.0,667127.0
448,2021-10-06 10:41:00,30500.0,100.0,667027.0
449,2021-10-06 10:40:59,30500.0,1000.0,666927.0
450,2021-10-06 10:40:18,30500.0,300.0,665927.0
451,2021-10-06 10:40:11,30500.0,300.0,665627.0
452,2021-10-06 10:40:07,30500.0,300.0,665327.0
453,2021-10-06 10:39:59,30500.0,2000.0,665027.0
454,2021-10-06 10:39:57,30500.0,1000.0,663027.0
455,2021-10-06 10:39:51,30500.0,12100.0,662027.0
456,2021-10-06 10:39:39,30500.0,1700.0,649927.0
457,2021-10-06 10:39:13,30500.0,100.0,648227.0
458,2021-10-06 10:38:25,30500.0,5000.0,648127.0
459,2021-10-06 10:38:23,30500.0,400.0,643127.0
460,2021-10-06 10:38:17,30600.0,100.0,642727.0
461,2021-10-06 10:37:58,30500.0,200.0,642627.0
462,2021-10-06 10:37:47,30500.0,15000.0,642427.0
463,2021-10-06 10:37:43,30600.0,300.0,627427.0
464,2021-10-06 10:37:41,30600.0,200.0,627127.0
465,2021-10-06 10:37:03,30600.0,200.0,626927.0
466,2021-10-06 10:36:57,30500.0,30.0,626727.0
467,2021-10-06 10:36:44,30500.0,300.0,626697.0
468,2021-10-06 10:36:36,30500.0,1200.0,626397.0
469,2021-10-06 10:36:32,30500.0,100.0,625197.0
470,2021-10-06 10:36:23,30500.0,2600.0,625097.0
471,2021-10-06 10:36:22,30500.0,10.0,622497.0
472,2021-10-06 10:36:15,30500.0,200.0,622487.0
473,2021-10-06 10:36:09,30600.0,1500.0,622287.0
474,2021-10-06 10:36:07,30500.0,10000.0,620787.0
475,2021-10-06 10:35:39,30500.0,1800.0,610787.0
476,2021-10-06 10:34:40,30500.0,1200.0,608987.0
477,2021-10-06 10:34:12,30500.0,6800.0,607787.0
478,2021-10-06 10:34:07,30500.0,100.0,600987.0
479,2021-10-06 10:34:03,30500.0,1500.0,600887.0
480,2021-10-06 10:33:59,30500.0,100.0,599387.0
481,2021-10-06 10:33:58,30500.0,200.0,599287.0
482,2021-10-06 10:33:52,30500.0,100.0,599087.0
483,2021-10-06 10:33:51,30500.0,600.0,598987.0
484,2021-10-06 10:33:48,30500.0,500.0,598387.0
485,2021-10-06 10:33:44,30500.0,200.0,597887.0
486,2021-10-06 10:33:42,30500.0,500.0,597687.0
487,2021-10-06 10:33:40,30500.0,1000.0,597187.0
488,2021-10-06 10:33:37,30500.0,100.0,596187.0
489,2021-10-06 10:33:36,30500.0,200.0,596087.0
490,2021-10-06 10:33:18,30500.0,100.0,595887.0
491,2021-10-06 10:33:13,30500.0,3000.0,595787.0
492,2021-10-06 10:33:04,30500.0,300.0,592787.0
493,2021-10-06 10:33:01,30400.0,500.0,592487.0
494,2021-10-06 10:32:55,30500.0,1500.0,591987.0
495,2021-10-06 10:32:51,30500.0,300.0,590487.0
496,2021-10-06 10:32:45,30500.0,100.0,590187.0
497,2021-10-06 10:32:36,30500.0,2000.0,590087.0
498,2021-10-06 10:32:35,30500.0,200.0,588087.0
499,2021-10-06 10:32:21,30500.0,2000.0,587887.0
500,2021-10-06 10:32:04,30500.0,200.0,585887.0
501,2021-10-06 10:31:52,30500.0,500.0,585687.0
502,2021-10-06 10:31:42,30500.0,300.0,585187.0
503,2021-10-06 10:31:33,30500.0,1000.0,584887.0
504,2021-10-06 10:31:10,30500.0,3100.0,583887.0
505,2021-10-06 10:31:08,30500.0,300.0,580787.0
506,2021-10-06 10:31:01,30500.0,1000.0,580487.0
507,2021-10-06 10:31:00,30500.0,100.0,579487.0
508,2021-10-06 10:30:59,30500.0,500.0,579387.0
509,2021-10-06 10:30:55,30500.0,300.0,578887.0
510,2021-10-06 10:30:53,30500.0,500.0,578587.0
511,2021-10-06 10:30:51,30500.0,1000.0,578087.0
512,2021-10-06 10:30:30,30500.0,100.0,577087.0
513,2021-10-06 10:30:26,30500.0,1000.0,576987.0
514,2021-10-06 10:30:14,30500.0,1000.0,575987.0
515,2021-10-06 10:30:11,30500.0,100.0,574987.0
516,2021-10-06 10:30:00,30500.0,500.0,574887.0
517,2021-10-06 10:29:39,30500.0,2000.0,574387.0
518,2021-10-06 10:29:35,30500.0,2000.0,572387.0
519,2021-10-06 10:29:24,30500.0,100.0,570387.0
520,2021-10-06 10:29:08,30500.0,1000.0,570287.0
521,2021-10-06 10:28:53,30500.0,4800.0,569287.0
522,2021-10-06 10:28:51,30500.0,300.0,564487.0
523,2021-10-06 10:28:45,30500.0,300.0,564187.0
524,2021-10-06 10:28:41,30500.0,3700.0,563887.0
525,2021-10-06 10:28:24,30500.0,800.0,560187.0
526,2021-10-06 10:28:05,30500.0,7300.0,559387.0
527,2021-10-06 10:27:48,30500.0,100.0,552087.0
528,2021-10-06 10:27:41,30500.0,1500.0,551987.0
529,2021-10-06 10:27:37,30500.0,100.0,550487.0
530,2021-10-06 10:27:14,30500.0,500.0,550387.0
531,2021-10-06 10:26:58,30500.0,1200.0,549887.0
532,2021-10-06 10:26:36,30500.0,600.0,548687.0
533,2021-10-06 10:26:24,30500.0,200.0,548087.0
534,2021-10-06 10:26:09,30500.0,1000.0,547887.0
535,2021-10-06 10:26:08,30500.0,300.0,546887.0
536,2021-10-06 10:26:01,30500.0,700.0,546587.0
537,2021-10-06 10:26:00,30500.0,300.0,545887.0
538,2021-10-06 10:25:43,30500.0,500.0,545587.0
539,2021-10-06 10:25:30,30500.0,1900.0,545087.0
540,2021-10-06 10:25:26,30500.0,500.0,543187.0
541,2021-10-06 10:25:10,30500.0,500.0,542687.0
542,2021-10-06 10:24:57,30500.0,1000.0,542187.0
543,2021-10-06 10:24:54,30500.0,500.0,541187.0
544,2021-10-06 10:24:53,30500.0,1000.0,540687.0
545,2021-10-06 10:24:44,30500.0,1000.0,539687.0
546,2021-10-06 10:24:42,30500.0,100.0,538687.0
547,2021-10-06 10:24:17,30500.0,600.0,538587.0
548,2021-10-06 10:23:54,30500.0,700.0,537987.0
549,2021-10-06 10:23:52,30500.0,1000.0,537287.0
550,2021-10-06 10:23:44,30500.0,6100.0,536287.0
551,2021-10-06 10:23:39,30500.0,900.0,530187.0
552,2021-10-06 10:23:34,30500.0,300.0,529287.0
553,2021-10-06 10:22:46,30500.0,10000.0,528987.0
554,2021-10-06 10:22:44,30500.0,800.0,518987.0
555,2021-10-06 10:22:42,30600.0,500.0,518187.0
556,2021-10-06 10:21:36,30500.0,900.0,517687.0
557,2021-10-06 10:21:30,30500.0,100.0,516787.0
558,2021-10-06 10:21:16,30500.0,200.0,516687.0
559,2021-10-06 10:20:22,30500.0,1000.0,516487.0
560,2021-10-06 10:19:54,30500.0,1400.0,515487.0
561,2021-10-06 10:19:47,30500.0,100.0,514087.0
562,2021-10-06 10:19:44,30500.0,100.0,513987.0
563,2021-10-06 10:19:38,30500.0,600.0,513887.0
564,2021-10-06 10:19:37,30500.0,500.0,513287.0
565,2021-10-06 10:19:27,30500.0,100.0,512787.0
566,2021-10-06 10:19:26,30500.0,500.0,512687.0
567,2021-10-06 10:19:23,30500.0,2000.0,512187.0
568,2021-10-06 10:18:47,30500.0,300.0,510187.0
569,2021-10-06 10:18:42,30500.0,100.0,509887.0
570,2021-10-06 10:18:41,30500.0,200.0,509787.0
571,2021-10-06 10:18:40,30500.0,200.0,509587.0
572,2021-10-06 10:18:38,30500.0,200.0,509387.0
573,2021-10-06 10:18:33,30500.0,1100.0,509187.0
574,2021-10-06 10:17:58,30500.0,400.0,508087.0
575,2021-10-06 10:17:45,30500.0,100.0,507687.0
576,2021-10-06 10:17:27,30500.0,10000.0,507587.0
577,2021-10-06 10:17:14,30500.0,100.0,497587.0
578,2021-10-06 10:16:20,30500.0,100.0,497487.0
579,2021-10-06 10:16:02,30500.0,1500.0,497387.0
580,2021-10-06 10:15:50,30600.0,1100.0,495887.0
581,2021-10-06 10:15:44,30500.0,5000.0,494787.0
582,2021-10-06 10:15:21,30500.0,200.0,489787.0
583,2021-10-06 10:15:16,30500.0,800.0,489587.0
584,2021-10-06 10:14:12,30500.0,200.0,488787.0
585,2021-10-06 10:14:02,30500.0,10000.0,488587.0
586,2021-10-06 10:14:01,30500.0,1000.0,478587.0
587,2021-10-06 10:13:57,30500.0,300.0,477587.0
588,2021-10-06 10:12:56,30500.0,500.0,477287.0
589,2021-10-06 10:12:24,30500.0,200.0,476787.0
590,2021-10-06 10:12:11,30500.0,900.0,476587.0
591,2021-10-06 10:12:01,30500.0,200.0,475687.0
592,2021-10-06 10:11:46,30400.0,1000.0,475487.0
593,2021-10-06 10:11:44,30500.0,300.0,474487.0
594,2021-10-06 10:11:39,30500.0,100.0,474187.0
595,2021-10-06 10:11:38,30500.0,100.0,474087.0
596,2021-10-06 10:11:29,30500.0,100.0,473987.0
597,2021-10-06 10:11:25,30500.0,200.0,473887.0
598,2021-10-06 10:11:24,30500.0,200.0,473687.0
599,2021-10-06 10:11:22,30500.0,1300.0,473487.0
600,2021-10-06 10:11:12,30500.0,200.0,472187.0
601,2021-10-06 10:11:09,30500.0,100.0,471987.0
602,2021-10-06 10:11:07,30500.0,200.0,471887.0
603,2021-10-06 10:11:06,30500.0,8000.0,471687.0
604,2021-10-06 10:10:55,30500.0,200.0,463687.0
605,2021-10-06 10:10:43,30500.0,200.0,463487.0
606,2021-10-06 10:10:33,30500.0,200.0,463287.0
607,2021-10-06 10:10:15,30500.0,200.0,463087.0
608,2021-10-06 10:10:06,30500.0,300.0,462887.0
609,2021-10-06 10:09:47,30500.0,400.0,462587.0
610,2021-10-06 10:09:08,30500.0,1000.0,462187.0
611,2021-10-06 10:09:04,30500.0,2000.0,461187.0
612,2021-10-06 10:09:00,30500.0,2000.0,459187.0
613,2021-10-06 10:08:55,30500.0,100.0,457187.0
614,2021-10-06 10:08:48,30500.0,200.0,457087.0
615,2021-10-06 10:08:38,30500.0,100.0,456887.0
616,2021-10-06 10:08:34,30500.0,500.0,456787.0
617,2021-10-06 10:08:16,30500.0,400.0,456287.0
618,2021-10-06 10:08:02,30500.0,100.0,455887.0
619,2021-10-06 10:08:01,30500.0,200.0,455787.0
620,2021-10-06 10:08:00,30500.0,200.0,455587.0
621,2021-10-06 10:07:57,30500.0,300.0,455387.0
622,2021-10-06 10:07:47,30600.0,500.0,455087.0
623,2021-10-06 10:07:42,30500.0,200.0,454587.0
624,2021-10-06 10:07:37,30500.0,400.0,454387.0
625,2021-10-06 10:07:33,30500.0,1000.0,453987.0
626,2021-10-06 10:07:31,30500.0,200.0,452987.0
627,2021-10-06 10:07:22,30500.0,600.0,452787.0
628,2021-10-06 10:07:18,30500.0,100.0,452187.0
629,2021-10-06 10:07:07,30500.0,100.0,452087.0
630,2021-10-06 10:07:01,30500.0,500.0,451987.0
631,2021-10-06 10:06:47,30500.0,1000.0,451487.0
632,2021-10-06 10:06:14,30500.0,1800.0,450487.0
633,2021-10-06 10:06:12,30500.0,300.0,448687.0
634,2021-10-06 10:05:51,30500.0,1000.0,448387.0
635,2021-10-06 10:05:46,30500.0,3000.0,447387.0
636,2021-10-06 10:05:39,30500.0,11000.0,444387.0
637,2021-10-06 10:05:09,30500.0,1100.0,433387.0
638,2021-10-06 10:04:55,30500.0,1000.0,432287.0
639,2021-10-06 10:04:19,30500.0,500.0,431287.0
640,2021-10-06 10:04:13,30500.0,500.0,430787.0
641,2021-10-06 10:03:30,30500.0,15000.0,430287.0
642,2021-10-06 10:03:23,30500.0,300.0,415287.0
643,2021-10-06 10:03:20,30500.0,1000.0,414987.0
644,2021-10-06 10:03:07,30500.0,100.0,413987.0
645,2021-10-06 10:03:05,30600.0,100.0,413887.0
646,2021-10-06 10:03:00,30600.0,100.0,413787.0
647,2021-10-06 10:02:32,30600.0,100.0,413687.0
648,2021-10-06 10:01:51,30600.0,2000.0,413587.0
649,2021-10-06 10:01:14,30600.0,100.0,411587.0
650,2021-10-06 10:01:09,30600.0,1000.0,411487.0
651,2021-10-06 10:00:23,30600.0,100.0,410487.0
652,2021-10-06 10:00:15,30600.0,700.0,410387.0
653,2021-10-06 09:59:30,30600.0,3000.0,409687.0
654,2021-10-06 09:59:25,30700.0,500.0,406687.0
655,2021-10-06 09:59:10,30600.0,2500.0,406187.0
656,2021-10-06 09:59:07,30700.0,1500.0,403687.0
657,2021-10-06 09:59:01,30700.0,1000.0,402187.0
658,2021-10-06 09:58:56,30700.0,100.0,401187.0
659,2021-10-06 09:58:52,30700.0,200.0,401087.0
660,2021-10-06 09:58:26,30700.0,1500.0,400887.0
661,2021-10-06 09:57:38,30700.0,800.0,399387.0
662,2021-10-06 09:57:11,30700.0,1000.0,398587.0
663,2021-10-06 09:56:54,30700.0,2000.0,397587.0
664,2021-10-06 09:56:37,30700.0,3000.0,395587.0
665,2021-10-06 09:56:20,30700.0,1000.0,392587.0
666,2021-10-06 09:56:13,30700.0,100.0,391587.0
667,2021-10-06 09:55:31,30700.0,200.0,391487.0
668,2021-10-06 09:55:21,30700.0,100.0,391287.0
669,2021-10-06 09:55:19,30700.0,1900.0,391187.0
670,2021-10-06 09:54:27,30700.0,500.0,389287.0
671,2021-10-06 09:54:04,30600.0,50.0,388787.0
672,2021-10-06 09:53:56,30600.0,1400.0,388737.0
673,2021-10-06 09:53:55,30600.0,1100.0,387337.0
674,2021-10-06 09:53:37,30600.0,200.0,386237.0
675,2021-10-06 09:53:35,30600.0,10000.0,386037.0
676,2021-10-06 09:52:54,30600.0,400.0,376037.0
677,2021-10-06 09:52:46,30600.0,100.0,375637.0
678,2021-10-06 09:52:40,30600.0,200.0,375537.0
679,2021-10-06 09:52:28,30600.0,300.0,375337.0
680,2021-10-06 09:51:52,30500.0,100.0,375037.0
681,2021-10-06 09:51:44,30500.0,100.0,374937.0
682,2021-10-06 09:51:35,30500.0,5000.0,374837.0
683,2021-10-06 09:51:30,30500.0,100.0,369837.0
684,2021-10-06 09:50:08,30500.0,1000.0,369737.0
685,2021-10-06 09:49:59,30500.0,4600.0,368737.0
686,2021-10-06 09:49:58,30500.0,100.0,364137.0
687,2021-10-06 09:49:53,30500.0,1400.0,364037.0
688,2021-10-06 09:49:46,30500.0,4000.0,362637.0
689,2021-10-06 09:49:45,30500.0,1200.0,358637.0
690,2021-10-06 09:49:44,30500.0,500.0,357437.0
691,2021-10-06 09:49:41,30500.0,100.0,356937.0
692,2021-10-06 09:49:40,30500.0,500.0,356837.0
693,2021-10-06 09:49:35,30500.0,2000.0,356337.0
694,2021-10-06 09:49:32,30500.0,500.0,354337.0
695,2021-10-06 09:49:27,30500.0,200.0,353837.0
696,2021-10-06 09:49:21,30500.0,1000.0,353637.0
697,2021-10-06 09:49:19,30500.0,500.0,352637.0
698,2021-10-06 09:49:12,30500.0,100.0,352137.0
699,2021-10-06 09:49:01,30500.0,100.0,352037.0
700,2021-10-06 09:49:00,30500.0,500.0,351937.0
701,2021-10-06 09:48:59,30500.0,700.0,351437.0
702,2021-10-06 09:48:45,30500.0,100.0,350737.0
703,2021-10-06 09:48:35,30500.0,500.0,350637.0
704,2021-10-06 09:48:29,30500.0,200.0,350137.0
705,2021-10-06 09:48:23,30500.0,500.0,349937.0
706,2021-10-06 09:48:14,30500.0,500.0,349437.0
707,2021-10-06 09:48:10,30500.0,100.0,348937.0
708,2021-10-06 09:48:04,30500.0,500.0,348837.0
709,2021-10-06 09:47:58,30400.0,500.0,348337.0
710,2021-10-06 09:47:38,30400.0,1500.0,347837.0
711,2021-10-06 09:47:28,30400.0,1000.0,346337.0
712,2021-10-06 09:46:57,30400.0,3500.0,345337.0
713,2021-10-06 09:46:54,30400.0,10000.0,341837.0
714,2021-10-06 09:46:44,30400.0,1500.0,331837.0
715,2021-10-06 09:46:02,30400.0,1800.0,330337.0
716,2021-10-06 09:45:57,30500.0,200.0,328537.0
717,2021-10-06 09:45:53,30400.0,6000.0,328337.0
718,2021-10-06 09:45:51,30500.0,200.0,322337.0
719,2021-10-06 09:45:50,30500.0,2800.0,322137.0
720,2021-10-06 09:45:46,30500.0,100.0,319337.0
721,2021-10-06 09:45:42,30500.0,1000.0,319237.0
722,2021-10-06 09:45:39,30500.0,100.0,318237.0
723,2021-10-06 09:45:38,30500.0,100.0,318137.0
724,2021-10-06 09:45:37,30500.0,1000.0,318037.0
725,2021-10-06 09:45:32,30500.0,100.0,317037.0
726,2021-10-06 09:45:28,30500.0,400.0,316937.0
727,2021-10-06 09:45:20,30500.0,1000.0,316537.0
728,2021-10-06 09:45:10,30500.0,100.0,315537.0
729,2021-10-06 09:45:07,30500.0,100.0,315437.0
730,2021-10-06 09:45:06,30500.0,1500.0,315337.0
731,2021-10-06 09:45:00,30500.0,1400.0,313837.0
732,2021-10-06 09:44:59,30500.0,400.0,312437.0
733,2021-10-06 09:44:55,30500.0,100.0,312037.0
734,2021-10-06 09:44:39,30500.0,2000.0,311937.0
735,2021-10-06 09:44:24,30400.0,2000.0,309937.0
736,2021-10-06 09:44:20,30400.0,5000.0,307937.0
737,2021-10-06 09:44:13,30400.0,200.0,302937.0
738,2021-10-06 09:44:09,30500.0,10000.0,302737.0
739,2021-10-06 09:44:01,30400.0,500.0,292737.0
740,2021-10-06 09:43:58,30500.0,100.0,292237.0
741,2021-10-06 09:43:47,30400.0,2000.0,292137.0
742,2021-10-06 09:43:43,30400.0,200.0,290137.0
743,2021-10-06 09:43:37,30500.0,1000.0,289937.0
744,2021-10-06 09:43:34,30500.0,3100.0,288937.0
745,2021-10-06 09:43:29,30500.0,5000.0,285837.0
746,2021-10-06 09:43:27,30500.0,600.0,280837.0
747,2021-10-06 09:43:23,30500.0,3300.0,280237.0
748,2021-10-06 09:43:21,30500.0,3900.0,276937.0
749,2021-10-06 09:43:20,30500.0,5000.0,273037.0
750,2021-10-06 09:43:15,30500.0,2000.0,268037.0
751,2021-10-06 09:43:08,30500.0,3000.0,266037.0
752,2021-10-06 09:43:00,30500.0,2000.0,263037.0
753,2021-10-06 09:42:59,30500.0,1000.0,261037.0
754,2021-10-06 09:42:55,30500.0,13100.0,260037.0
755,2021-10-06 09:42:54,30600.0,4300.0,246937.0
756,2021-10-06 09:42:48,30500.0,500.0,242637.0
757,2021-10-06 09:42:41,30500.0,3500.0,242137.0
758,2021-10-06 09:42:35,30500.0,1500.0,238637.0
759,2021-10-06 09:42:28,30500.0,400.0,237137.0
760,2021-10-06 09:42:19,30500.0,500.0,236737.0
761,2021-10-06 09:42:04,30500.0,2000.0,236237.0
762,2021-10-06 09:41:56,30500.0,500.0,234237.0
763,2021-10-06 09:41:54,30600.0,700.0,233737.0
764,2021-10-06 09:41:44,30500.0,100.0,233037.0
765,2021-10-06 09:41:37,30600.0,100.0,232937.0
766,2021-10-06 09:41:07,30600.0,2400.0,232837.0
767,2021-10-06 09:41:03,30600.0,2000.0,230437.0
768,2021-10-06 09:40:54,30600.0,400.0,228437.0
769,2021-10-06 09:40:41,30600.0,1700.0,228037.0
770,2021-10-06 09:40:38,30600.0,100.0,226337.0
771,2021-10-06 09:40:30,30600.0,4100.0,226237.0
772,2021-10-06 09:40:16,30600.0,2900.0,222137.0
773,2021-10-06 09:40:05,30600.0,800.0,219237.0
774,2021-10-06 09:40:01,30700.0,100.0,218437.0
775,2021-10-06 09:39:59,30600.0,2000.0,218337.0
776,2021-10-06 09:39:22,30700.0,1000.0,216337.0
777,2021-10-06 09:39:17,30600.0,200.0,215337.0
778,2021-10-06 09:39:04,30600.0,1000.0,215137.0
779,2021-10-06 09:38:59,30700.0,500.0,214137.0
780,2021-10-06 09:38:57,30700.0,100.0,213637.0
781,2021-10-06 09:38:55,30700.0,6400.0,213537.0
782,2021-10-06 09:38:13,30700.0,500.0,207137.0
783,2021-10-06 09:38:05,30700.0,3000.0,206637.0
784,2021-10-06 09:37:24,30700.0,200.0,203637.0
785,2021-10-06 09:37:02,30700.0,1000.0,203437.0
786,2021-10-06 09:36:40,30700.0,400.0,202437.0
787,2021-10-06 09:36:30,30700.0,2500.0,202037.0
788,2021-10-06 09:36:22,30700.0,500.0,199537.0
789,2021-10-06 09:36:02,30700.0,200.0,199037.0
790,2021-10-06 09:35:54,30700.0,100.0,198837.0
791,2021-10-06 09:35:33,30700.0,500.0,198737.0
792,2021-10-06 09:35:32,30700.0,600.0,198237.0
793,2021-10-06 09:35:31,30700.0,1000.0,197637.0
794,2021-10-06 09:35:22,30700.0,2600.0,196637.0
795,2021-10-06 09:35:15,30800.0,200.0,194037.0
796,2021-10-06 09:34:55,30700.0,1000.0,193837.0
797,2021-10-06 09:34:41,30700.0,1200.0,192837.0
798,2021-10-06 09:34:31,30700.0,1900.0,191637.0
799,2021-10-06 09:34:23,30700.0,400.0,189737.0
800,2021-10-06 09:34:22,30700.0,800.0,189337.0
801,2021-10-06 09:34:05,30700.0,500.0,188537.0
802,2021-10-06 09:34:03,30700.0,500.0,188037.0
803,2021-10-06 09:34:00,30700.0,1000.0,187537.0
804,2021-10-06 09:33:59,30700.0,400.0,186537.0
805,2021-10-06 09:33:39,30700.0,1000.0,186137.0
806,2021-10-06 09:33:35,30700.0,1200.0,185137.0
807,2021-10-06 09:33:21,30700.0,4400.0,183937.0
808,2021-10-06 09:32:36,30700.0,300.0,179537.0
809,2021-10-06 09:32:30,30700.0,400.0,179237.0
810,2021-10-06 09:31:57,30800.0,1000.0,178837.0
811,2021-10-06 09:31:39,30800.0,1000.0,177837.0
812,2021-10-06 09:31:34,30800.0,3600.0,176837.0
813,2021-10-06 09:30:02,30800.0,900.0,173237.0
814,2021-10-06 09:29:51,30800.0,600.0,172337.0
815,2021-10-06 09:29:40,30800.0,500.0,171737.0
816,2021-10-06 09:29:37,30800.0,300.0,171237.0
817,2021-10-06 09:29:18,30800.0,100.0,170937.0
818,2021-10-06 09:29:03,30800.0,100.0,170837.0
819,2021-10-06 09:28:55,30800.0,1000.0,170737.0
820,2021-10-06 09:28:52,30800.0,500.0,169737.0
821,2021-10-06 09:28:44,30800.0,3000.0,169237.0
822,2021-10-06 09:28:43,30800.0,100.0,166237.0
823,2021-10-06 09:28:35,30800.0,100.0,166137.0
824,2021-10-06 09:28:05,30800.0,100.0,166037.0
825,2021-10-06 09:28:01,30800.0,1500.0,165937.0
826,2021-10-06 09:27:42,30800.0,200.0,164437.0
827,2021-10-06 09:27:41,30800.0,400.0,164237.0
828,2021-10-06 09:27:33,30800.0,100.0,163837.0
829,2021-10-06 09:27:29,30800.0,500.0,163737.0
830,2021-10-06 09:27:07,30800.0,7.0,163237.0
831,2021-10-06 09:26:42,30800.0,100.0,163230.0
832,2021-10-06 09:26:19,30700.0,10000.0,163130.0
833,2021-10-06 09:25:16,30800.0,200.0,153130.0
834,2021-10-06 09:24:50,30800.0,1000.0,152930.0
835,2021-10-06 09:24:34,30800.0,5000.0,151930.0
836,2021-10-06 09:23:52,30800.0,200.0,146930.0
837,2021-10-06 09:23:44,30800.0,200.0,146730.0
838,2021-10-06 09:23:39,30800.0,500.0,146530.0
839,2021-10-06 09:23:33,30800.0,4500.0,146030.0
840,2021-10-06 09:23:18,30800.0,2100.0,141530.0
841,2021-10-06 09:23:07,30800.0,10000.0,139430.0
842,2021-10-06 09:23:06,30800.0,500.0,129430.0
843,2021-10-06 09:23:00,30800.0,500.0,128930.0
844,2021-10-06 09:22:16,30800.0,300.0,128430.0
845,2021-10-06 09:22:13,30800.0,800.0,128130.0
846,2021-10-06 09:22:09,30800.0,400.0,127330.0
847,2021-10-06 09:22:03,30800.0,100.0,126930.0
848,2021-10-06 09:21:58,30800.0,5500.0,126830.0
849,2021-10-06 09:21:29,30800.0,300.0,121330.0
850,2021-10-06 09:21:24,30800.0,600.0,121030.0
851,2021-10-06 09:21:14,30800.0,100.0,120430.0
852,2021-10-06 09:21:08,30800.0,100.0,120330.0
853,2021-10-06 09:21:07,30800.0,1400.0,120230.0
854,2021-10-06 09:20:54,30800.0,7100.0,118830.0
855,2021-10-06 09:20:41,30900.0,100.0,111730.0
856,2021-10-06 09:20:28,30900.0,1000.0,111630.0
857,2021-10-06 09:20:23,30900.0,100.0,110630.0
858,2021-10-06 09:20:15,30900.0,300.0,110530.0
859,2021-10-06 09:20:01,30900.0,300.0,110230.0
860,2021-10-06 09:19:28,30900.0,100.0,109930.0
861,2021-10-06 09:19:20,30800.0,20000.0,109830.0
862,2021-10-06 09:19:04,30900.0,1000.0,89830.0
863,2021-10-06 09:18:55,31000.0,300.0,88830.0
864,2021-10-06 09:18:24,30900.0,500.0,88530.0
865,2021-10-06 09:18:16,30900.0,100.0,88030.0
866,2021-10-06 09:18:07,30900.0,100.0,87930.0
867,2021-10-06 09:18:06,30900.0,5400.0,87830.0
868,2021-10-06 09:17:52,30900.0,400.0,82430.0
869,2021-10-06 09:17:37,30900.0,100.0,82030.0
870,2021-10-06 09:17:25,30900.0,1500.0,81930.0
871,2021-10-06 09:17:20,30900.0,100.0,80430.0
872,2021-10-06 09:17:04,30900.0,5900.0,80330.0
873,2021-10-06 09:17:00,30900.0,300.0,74430.0
874,2021-10-06 09:16:21,30900.0,1000.0,74130.0
875,2021-10-06 09:16:18,30800.0,200.0,73130.0
876,2021-10-06 09:16:05,30900.0,300.0,72930.0
877,2021-10-06 09:16:01,30800.0,200.0,72630.0
878,2021-10-06 09:15:15,30800.0,100.0,72430.0
879,2021-10-06 09:15:14,30800.0,500.0,72330.0
880,2021-10-06 09:14:36,30800.0,4400.0,71830.0
881,2021-10-06 09:14:25,30900.0,100.0,67430.0
882,2021-10-06 09:13:40,30800.0,600.0,67330.0
883,2021-10-06 09:13:37,30800.0,30.0,66730.0
884,2021-10-06 09:13:30,30800.0,200.0,66700.0
885,2021-10-06 09:13:29,30800.0,100.0,66500.0
886,2021-10-06 09:13:27,30800.0,100.0,66400.0
887,2021-10-06 09:13:09,30800.0,6500.0,66300.0
888,2021-10-06 09:12:58,30900.0,500.0,59800.0
889,2021-10-06 09:12:31,30900.0,100.0,59300.0
890,2021-10-06 09:12:08,30900.0,100.0,59200.0
891,2021-10-06 09:12:03,30900.0,200.0,59100.0
892,2021-10-06 09:11:54,30900.0,2000.0,58900.0
893,2021-10-06 09:11:21,30900.0,100.0,56900.0
894,2021-10-06 09:11:20,30900.0,1100.0,56800.0
895,2021-10-06 09:10:56,30800.0,5200.0,55700.0
896,2021-10-06 09:10:30,30800.0,1000.0,50500.0
897,2021-10-06 09:10:23,30800.0,100.0,49500.0
898,2021-10-06 09:10:05,30800.0,2400.0,49400.0
899,2021-10-06 09:10:01,30800.0,500.0,47000.0
900,2021-10-06 09:09:38,30800.0,1800.0,46500.0
901,2021-10-06 09:09:16,31000.0,1000.0,44700.0
902,2021-10-06 09:09:01,31000.0,5000.0,43700.0
903,2021-10-06 09:08:57,30900.0,2000.0,38700.0
904,2021-10-06 09:08:24,31000.0,2100.0,36700.0
905,2021-10-06 09:08:04,31000.0,9000.0,34600.0
906,2021-10-06 09:07:30,31000.0,100.0,25600.0
907,2021-10-06 09:07:08,31000.0,10000.0,25500.0
908,2021-10-06 09:06:16,31000.0,1000.0,15500.0
909,2021-10-06 09:04:08,31000.0,100.0,14500.0
910,2021-10-06 09:04:02,31000.0,5000.0,14400.0
911,2021-10-06 09:03:54,31000.0,5000.0,9400.0
912,2021-10-06 09:03:29,31000.0,2000.0,4400.0
913,2021-10-06 09:03:12,31000.0,100.0,2400.0
914,2021-10-06 09:02:55,31000.0,100.0,2300.0
915,2021-10-06 09:02:04,31000.0,1500.0,2200.0
916,2021-10-06 09:01:53,31100.0,100.0,700.0
917,2021-10-06 09:01:40,31100.0,100.0,600.0
918,2021-10-06 09:01:37,31100.0,200.0,500.0
919,2021-10-06 09:00:21,31000.0,100.0,300.0
920,2021-10-06 09:00:15,31100.0,100.0,200.0
921,2021-10-06 09:00:10,31100.0,100.0,100.0
