,Time,Price,Volume_per_trade,Volume
0,2021-09-27 14:45:01,28500.0,500.0,3026000.0
1,2021-09-27 14:45:01,28500.0,1500.0,3025500.0
2,2021-09-27 14:45:01,28500.0,700.0,3024000.0
3,2021-09-27 14:45:01,28500.0,100.0,3023300.0
4,2021-09-27 14:45:01,28500.0,2200.0,3023200.0
5,2021-09-27 14:45:01,28500.0,100.0,3021000.0
6,2021-09-27 14:45:01,28500.0,300.0,3020900.0
7,2021-09-27 14:45:01,28500.0,100.0,3020600.0
8,2021-09-27 14:45:01,28500.0,1000.0,3020500.0
9,2021-09-27 14:45:01,28500.0,800.0,3019500.0
10,2021-09-27 14:45:01,28500.0,100.0,3018700.0
11,2021-09-27 14:45:01,28500.0,100.0,3018600.0
12,2021-09-27 14:45:01,28500.0,100.0,3018500.0
13,2021-09-27 14:45:01,28500.0,10000.0,3018400.0
14,2021-09-27 14:45:01,28500.0,100.0,3008400.0
15,2021-09-27 14:45:01,28500.0,500.0,3008300.0
16,2021-09-27 14:45:01,28500.0,5000.0,3007800.0
17,2021-09-27 14:45:01,28500.0,100.0,3002800.0
18,2021-09-27 14:45:01,28500.0,100.0,3002700.0
19,2021-09-27 14:45:01,28500.0,2000.0,3002600.0
20,2021-09-27 14:45:01,28500.0,5000.0,3000600.0
21,2021-09-27 14:45:01,28500.0,3000.0,2995600.0
22,2021-09-27 14:45:01,28500.0,10000.0,2992600.0
23,2021-09-27 14:45:01,28500.0,5000.0,2982600.0
24,2021-09-27 14:45:01,28500.0,500.0,2977600.0
25,2021-09-27 14:45:01,28500.0,500.0,2977100.0
26,2021-09-27 14:45:01,28500.0,100.0,2976600.0
27,2021-09-27 14:45:01,28500.0,8200.0,2976500.0
28,2021-09-27 14:45:01,28500.0,800.0,2968300.0
29,2021-09-27 14:45:01,28500.0,8200.0,2967500.0
30,2021-09-27 14:45:01,28500.0,500.0,2959300.0
31,2021-09-27 14:45:01,28500.0,100.0,2958800.0
32,2021-09-27 14:45:01,28500.0,200.0,2958700.0
33,2021-09-27 14:45:01,28500.0,400.0,2958500.0
34,2021-09-27 14:45:01,28500.0,2000.0,2958100.0
35,2021-09-27 14:45:01,28500.0,2000.0,2956100.0
36,2021-09-27 14:45:01,28500.0,1000.0,2954100.0
37,2021-09-27 14:45:01,28500.0,400.0,2953100.0
38,2021-09-27 14:45:01,28500.0,1500.0,2952700.0
39,2021-09-27 14:45:01,28500.0,1000.0,2951200.0
40,2021-09-27 14:45:01,28500.0,5000.0,2950200.0
41,2021-09-27 14:45:01,28500.0,500.0,2945200.0
42,2021-09-27 14:45:01,28500.0,2000.0,2944700.0
43,2021-09-27 14:45:01,28500.0,100.0,2942700.0
44,2021-09-27 14:45:01,28500.0,100.0,2942600.0
45,2021-09-27 14:45:01,28500.0,100.0,2942500.0
46,2021-09-27 14:45:01,28500.0,100.0,2942400.0
47,2021-09-27 14:45:01,28500.0,2000.0,2942300.0
48,2021-09-27 14:45:01,28500.0,100.0,2940300.0
49,2021-09-27 14:45:01,28500.0,300.0,2940200.0
50,2021-09-27 14:45:01,28500.0,700.0,2939900.0
51,2021-09-27 14:45:01,28500.0,1000.0,2939200.0
52,2021-09-27 14:45:01,28500.0,1000.0,2938200.0
53,2021-09-27 14:45:01,28500.0,200.0,2937200.0
54,2021-09-27 14:45:01,28500.0,500.0,2937000.0
55,2021-09-27 14:45:01,28500.0,1300.0,2936500.0
56,2021-09-27 14:45:01,28500.0,200.0,2935200.0
57,2021-09-27 14:45:01,28500.0,2500.0,2935000.0
58,2021-09-27 14:45:01,28500.0,2500.0,2932500.0
59,2021-09-27 14:45:01,28500.0,10000.0,2930000.0
60,2021-09-27 14:45:01,28500.0,3100.0,2920000.0
61,2021-09-27 14:45:01,28500.0,100.0,2916900.0
62,2021-09-27 14:45:01,28500.0,100.0,2916800.0
63,2021-09-27 14:45:01,28500.0,5000.0,2916700.0
64,2021-09-27 14:45:01,28500.0,500.0,2911700.0
65,2021-09-27 14:45:01,28500.0,600.0,2911200.0
66,2021-09-27 14:45:01,28500.0,100.0,2910600.0
67,2021-09-27 14:45:01,28500.0,900.0,2910500.0
68,2021-09-27 14:45:01,28500.0,2600.0,2909600.0
69,2021-09-27 14:45:01,28500.0,1100.0,2907000.0
70,2021-09-27 14:45:01,28500.0,700.0,2905900.0
71,2021-09-27 14:45:01,28500.0,400.0,2905200.0
72,2021-09-27 14:45:01,28500.0,9400.0,2904800.0
73,2021-09-27 14:45:01,28500.0,20700.0,2895400.0
74,2021-09-27 14:45:01,28500.0,18900.0,2874700.0
75,2021-09-27 14:45:01,28500.0,100.0,2855800.0
76,2021-09-27 14:45:01,28500.0,100.0,2855700.0
77,2021-09-27 14:45:01,28500.0,200.0,2855600.0
78,2021-09-27 14:45:01,28500.0,100.0,2855400.0
79,2021-09-27 14:45:01,28500.0,200.0,2855300.0
80,2021-09-27 14:29:51,28500.0,500.0,2855100.0
81,2021-09-27 14:29:43,28500.0,700.0,2854600.0
82,2021-09-27 14:29:43,28500.0,300.0,2853900.0
83,2021-09-27 14:29:40,28500.0,1000.0,2853600.0
84,2021-09-27 14:29:39,28450.0,400.0,2852600.0
85,2021-09-27 14:29:39,28450.0,1600.0,2852200.0
86,2021-09-27 14:29:10,28500.0,1000.0,2850600.0
87,2021-09-27 14:29:08,28450.0,400.0,2849600.0
88,2021-09-27 14:29:08,28450.0,100.0,2849200.0
89,2021-09-27 14:28:53,28450.0,100.0,2849100.0
90,2021-09-27 14:28:53,28450.0,100.0,2849000.0
91,2021-09-27 14:28:43,28450.0,1200.0,2848900.0
92,2021-09-27 14:28:41,28450.0,500.0,2847700.0
93,2021-09-27 14:28:39,28450.0,500.0,2847200.0
94,2021-09-27 14:28:39,28450.0,300.0,2846700.0
95,2021-09-27 14:28:39,28450.0,300.0,2846400.0
96,2021-09-27 14:28:39,28450.0,400.0,2846100.0
97,2021-09-27 14:28:37,28450.0,500.0,2845700.0
98,2021-09-27 14:28:31,28400.0,1800.0,2845200.0
99,2021-09-27 14:28:28,28450.0,200.0,2843400.0
100,2021-09-27 14:28:06,28450.0,200.0,2843200.0
101,2021-09-27 14:28:00,28400.0,600.0,2843000.0
102,2021-09-27 14:27:34,28400.0,600.0,2842400.0
103,2021-09-27 14:27:32,28400.0,5000.0,2841800.0
104,2021-09-27 14:27:28,28450.0,1000.0,2836800.0
105,2021-09-27 14:27:25,28450.0,500.0,2835800.0
106,2021-09-27 14:27:20,28400.0,1000.0,2835300.0
107,2021-09-27 14:27:12,28450.0,500.0,2834300.0
108,2021-09-27 14:27:08,28400.0,100.0,2833800.0
109,2021-09-27 14:27:08,28400.0,100.0,2833700.0
110,2021-09-27 14:27:08,28400.0,100.0,2833600.0
111,2021-09-27 14:27:08,28400.0,100.0,2833500.0
112,2021-09-27 14:27:08,28400.0,200.0,2833400.0
113,2021-09-27 14:26:42,28400.0,400.0,2833200.0
114,2021-09-27 14:26:42,28400.0,200.0,2832800.0
115,2021-09-27 14:26:32,28400.0,200.0,2832600.0
116,2021-09-27 14:26:32,28400.0,2000.0,2832400.0
117,2021-09-27 14:26:32,28400.0,3000.0,2830400.0
118,2021-09-27 14:26:32,28400.0,100.0,2827400.0
119,2021-09-27 14:26:32,28400.0,200.0,2827300.0
120,2021-09-27 14:26:32,28400.0,100.0,2827100.0
121,2021-09-27 14:26:32,28400.0,1000.0,2827000.0
122,2021-09-27 14:26:32,28400.0,100.0,2826000.0
123,2021-09-27 14:26:32,28400.0,500.0,2825900.0
124,2021-09-27 14:26:32,28400.0,500.0,2825400.0
125,2021-09-27 14:26:32,28400.0,200.0,2824900.0
126,2021-09-27 14:26:32,28400.0,100.0,2824700.0
127,2021-09-27 14:26:32,28400.0,400.0,2824600.0
128,2021-09-27 14:26:32,28400.0,200.0,2824200.0
129,2021-09-27 14:26:32,28450.0,700.0,2824000.0
130,2021-09-27 14:26:32,28450.0,500.0,2823300.0
131,2021-09-27 14:26:32,28450.0,200.0,2822800.0
132,2021-09-27 14:26:28,28450.0,1800.0,2822600.0
133,2021-09-27 14:26:28,28450.0,100.0,2820800.0
134,2021-09-27 14:26:28,28450.0,700.0,2820700.0
135,2021-09-27 14:26:28,28450.0,3000.0,2820000.0
136,2021-09-27 14:26:28,28450.0,100.0,2817000.0
137,2021-09-27 14:26:28,28450.0,100.0,2816900.0
138,2021-09-27 14:26:28,28450.0,100.0,2816800.0
139,2021-09-27 14:26:28,28450.0,200.0,2816700.0
140,2021-09-27 14:26:28,28450.0,100.0,2816500.0
141,2021-09-27 14:26:28,28450.0,100.0,2816400.0
142,2021-09-27 14:26:28,28450.0,2000.0,2816300.0
143,2021-09-27 14:26:28,28450.0,1000.0,2814300.0
144,2021-09-27 14:26:28,28450.0,700.0,2813300.0
145,2021-09-27 14:26:25,28450.0,300.0,2812600.0
146,2021-09-27 14:26:25,28450.0,100.0,2812300.0
147,2021-09-27 14:26:25,28450.0,1600.0,2812200.0
148,2021-09-27 14:26:16,28450.0,400.0,2810600.0
149,2021-09-27 14:26:16,28450.0,100.0,2810200.0
150,2021-09-27 14:26:16,28450.0,100.0,2810100.0
151,2021-09-27 14:25:58,28450.0,300.0,2810000.0
152,2021-09-27 14:25:58,28450.0,200.0,2809700.0
153,2021-09-27 14:25:58,28450.0,1500.0,2809500.0
154,2021-09-27 14:25:54,28450.0,500.0,2808000.0
155,2021-09-27 14:25:54,28450.0,100.0,2807500.0
156,2021-09-27 14:25:54,28450.0,500.0,2807400.0
157,2021-09-27 14:25:54,28450.0,900.0,2806900.0
158,2021-09-27 14:25:50,28500.0,600.0,2806000.0
159,2021-09-27 14:25:50,28450.0,600.0,2805400.0
160,2021-09-27 14:25:46,28450.0,500.0,2804800.0
161,2021-09-27 14:25:46,28450.0,300.0,2804300.0
162,2021-09-27 14:25:46,28450.0,1200.0,2804000.0
163,2021-09-27 14:25:38,28450.0,300.0,2802800.0
164,2021-09-27 14:25:23,28450.0,600.0,2802500.0
165,2021-09-27 14:25:18,28500.0,100.0,2801900.0
166,2021-09-27 14:25:11,28500.0,1000.0,2801800.0
167,2021-09-27 14:25:07,28500.0,300.0,2800800.0
168,2021-09-27 14:25:06,28500.0,700.0,2800500.0
169,2021-09-27 14:25:00,28500.0,600.0,2799800.0
170,2021-09-27 14:24:58,28500.0,1400.0,2799200.0
171,2021-09-27 14:24:56,28500.0,600.0,2797800.0
172,2021-09-27 14:24:51,28500.0,1400.0,2797200.0
173,2021-09-27 14:24:40,28500.0,1000.0,2795800.0
174,2021-09-27 14:24:40,28500.0,600.0,2794800.0
175,2021-09-27 14:24:30,28450.0,600.0,2794200.0
176,2021-09-27 14:24:14,28500.0,100.0,2793600.0
177,2021-09-27 14:24:04,28450.0,600.0,2793500.0
178,2021-09-27 14:23:52,28500.0,200.0,2792900.0
179,2021-09-27 14:23:52,28500.0,100.0,2792700.0
180,2021-09-27 14:23:52,28500.0,500.0,2792600.0
181,2021-09-27 14:23:48,28500.0,100.0,2792100.0
182,2021-09-27 14:23:46,28500.0,1400.0,2792000.0
183,2021-09-27 14:23:46,28500.0,100.0,2790600.0
184,2021-09-27 14:23:46,28500.0,100.0,2790500.0
185,2021-09-27 14:23:46,28500.0,400.0,2790400.0
186,2021-09-27 14:23:46,28500.0,300.0,2790000.0
187,2021-09-27 14:23:45,28500.0,100.0,2789700.0
188,2021-09-27 14:23:43,28500.0,600.0,2789600.0
189,2021-09-27 14:23:43,28500.0,1400.0,2789000.0
190,2021-09-27 14:23:39,28450.0,200.0,2787600.0
191,2021-09-27 14:23:39,28450.0,100.0,2787400.0
192,2021-09-27 14:23:39,28450.0,100.0,2787300.0
193,2021-09-27 14:23:39,28450.0,100.0,2787200.0
194,2021-09-27 14:23:39,28450.0,100.0,2787100.0
195,2021-09-27 14:23:35,28500.0,300.0,2787000.0
196,2021-09-27 14:23:32,28500.0,100.0,2786700.0
197,2021-09-27 14:23:22,28500.0,200.0,2786600.0
198,2021-09-27 14:23:22,28500.0,300.0,2786400.0
199,2021-09-27 14:23:22,28500.0,500.0,2786100.0
200,2021-09-27 14:23:12,28450.0,600.0,2785600.0
201,2021-09-27 14:23:07,28500.0,500.0,2785000.0
202,2021-09-27 14:23:07,28500.0,100.0,2784500.0
203,2021-09-27 14:23:01,28500.0,500.0,2784400.0
204,2021-09-27 14:22:46,28450.0,300.0,2783900.0
205,2021-09-27 14:22:46,28450.0,300.0,2783600.0
206,2021-09-27 14:22:40,28450.0,1000.0,2783300.0
207,2021-09-27 14:22:20,28450.0,600.0,2782300.0
208,2021-09-27 14:21:53,28450.0,400.0,2781700.0
209,2021-09-27 14:21:53,28450.0,200.0,2781300.0
210,2021-09-27 14:21:49,28500.0,200.0,2781100.0
211,2021-09-27 14:21:27,28450.0,600.0,2780900.0
212,2021-09-27 14:21:26,28450.0,200.0,2780300.0
213,2021-09-27 14:21:16,28450.0,100.0,2780100.0
214,2021-09-27 14:21:02,28500.0,500.0,2780000.0
215,2021-09-27 14:21:00,28450.0,600.0,2779500.0
216,2021-09-27 14:20:44,28450.0,600.0,2778900.0
217,2021-09-27 14:20:34,28450.0,600.0,2778300.0
218,2021-09-27 14:20:33,28500.0,500.0,2777700.0
219,2021-09-27 14:20:24,28450.0,500.0,2777200.0
220,2021-09-27 14:20:08,28450.0,600.0,2776700.0
221,2021-09-27 14:20:08,28500.0,100.0,2776100.0
222,2021-09-27 14:19:59,28450.0,1000.0,2776000.0
223,2021-09-27 14:19:55,28450.0,100.0,2775000.0
224,2021-09-27 14:19:55,28450.0,5000.0,2774900.0
225,2021-09-27 14:19:55,28450.0,100.0,2769900.0
226,2021-09-27 14:19:52,28400.0,4400.0,2769800.0
227,2021-09-27 14:19:52,28400.0,400.0,2765400.0
228,2021-09-27 14:19:52,28400.0,500.0,2765000.0
229,2021-09-27 14:19:52,28400.0,100.0,2764500.0
230,2021-09-27 14:19:52,28400.0,2000.0,2764400.0
231,2021-09-27 14:19:52,28400.0,1500.0,2762400.0
232,2021-09-27 14:19:45,28400.0,500.0,2760900.0
233,2021-09-27 14:19:44,28400.0,100.0,2760400.0
234,2021-09-27 14:19:44,28400.0,2900.0,2760300.0
235,2021-09-27 14:19:43,28400.0,1000.0,2757400.0
236,2021-09-27 14:19:42,28350.0,600.0,2756400.0
237,2021-09-27 14:19:40,28400.0,1000.0,2755800.0
238,2021-09-27 14:19:39,28400.0,1000.0,2754800.0
239,2021-09-27 14:19:31,28350.0,400.0,2753800.0
240,2021-09-27 14:19:31,28400.0,1900.0,2753400.0
241,2021-09-27 14:19:26,28400.0,300.0,2751500.0
242,2021-09-27 14:19:25,28400.0,200.0,2751200.0
243,2021-09-27 14:19:24,28400.0,5000.0,2751000.0
244,2021-09-27 14:19:22,28400.0,100.0,2746000.0
245,2021-09-27 14:19:22,28400.0,1000.0,2745900.0
246,2021-09-27 14:19:19,28400.0,500.0,2744900.0
247,2021-09-27 14:19:16,28350.0,500.0,2744400.0
248,2021-09-27 14:19:15,28400.0,400.0,2743900.0
249,2021-09-27 14:19:11,28400.0,500.0,2743500.0
250,2021-09-27 14:19:04,28400.0,600.0,2743000.0
251,2021-09-27 14:18:55,28400.0,100.0,2742400.0
252,2021-09-27 14:18:54,28400.0,2000.0,2742300.0
253,2021-09-27 14:18:50,28350.0,100.0,2740300.0
254,2021-09-27 14:18:50,28350.0,200.0,2740200.0
255,2021-09-27 14:18:50,28350.0,200.0,2740000.0
256,2021-09-27 14:18:49,28400.0,1000.0,2739800.0
257,2021-09-27 14:18:49,28400.0,500.0,2738800.0
258,2021-09-27 14:18:49,28400.0,200.0,2738300.0
259,2021-09-27 14:18:49,28400.0,1800.0,2738100.0
260,2021-09-27 14:18:44,28400.0,100.0,2736300.0
261,2021-09-27 14:18:43,28400.0,300.0,2736200.0
262,2021-09-27 14:18:37,28350.0,4800.0,2735900.0
263,2021-09-27 14:18:37,28350.0,100.0,2731100.0
264,2021-09-27 14:18:37,28350.0,100.0,2731000.0
265,2021-09-27 14:18:24,28350.0,400.0,2730900.0
266,2021-09-27 14:18:23,28400.0,100.0,2730500.0
267,2021-09-27 14:18:22,28400.0,3000.0,2730400.0
268,2021-09-27 14:18:04,28350.0,100.0,2727400.0
269,2021-09-27 14:17:57,28350.0,400.0,2727300.0
270,2021-09-27 14:17:52,28350.0,300.0,2726900.0
271,2021-09-27 14:17:52,28350.0,700.0,2726600.0
272,2021-09-27 14:17:45,28300.0,1200.0,2725900.0
273,2021-09-27 14:17:37,28300.0,600.0,2724700.0
274,2021-09-27 14:17:36,28300.0,1200.0,2724100.0
275,2021-09-27 14:17:34,28300.0,1000.0,2722900.0
276,2021-09-27 14:17:31,28300.0,200.0,2721900.0
277,2021-09-27 14:17:31,28250.0,300.0,2721700.0
278,2021-09-27 14:17:30,28250.0,200.0,2721400.0
279,2021-09-27 14:17:30,28250.0,100.0,2721200.0
280,2021-09-27 14:17:30,28250.0,100.0,2721100.0
281,2021-09-27 14:17:30,28300.0,100.0,2721000.0
282,2021-09-27 14:17:29,28300.0,100.0,2720900.0
283,2021-09-27 14:17:28,28300.0,2000.0,2720800.0
284,2021-09-27 14:17:28,28300.0,300.0,2718800.0
285,2021-09-27 14:17:28,28300.0,100.0,2718500.0
286,2021-09-27 14:17:25,28350.0,100.0,2718400.0
287,2021-09-27 14:17:23,28300.0,500.0,2718300.0
288,2021-09-27 14:17:23,28300.0,500.0,2717800.0
289,2021-09-27 14:17:23,28300.0,2000.0,2717300.0
290,2021-09-27 14:17:23,28300.0,100.0,2715300.0
291,2021-09-27 14:17:23,28300.0,200.0,2715200.0
292,2021-09-27 14:17:23,28300.0,700.0,2715000.0
293,2021-09-27 14:17:23,28300.0,1000.0,2714300.0
294,2021-09-27 14:17:23,28300.0,200.0,2713300.0
295,2021-09-27 14:17:23,28300.0,500.0,2713100.0
296,2021-09-27 14:17:23,28300.0,300.0,2712600.0
297,2021-09-27 14:17:23,28300.0,600.0,2712300.0
298,2021-09-27 14:17:23,28300.0,400.0,2711700.0
299,2021-09-27 14:17:05,28350.0,500.0,2711300.0
300,2021-09-27 14:17:04,28300.0,400.0,2710800.0
301,2021-09-27 14:16:55,28350.0,200.0,2710400.0
302,2021-09-27 14:16:49,28300.0,2700.0,2710200.0
303,2021-09-27 14:16:49,28300.0,500.0,2707500.0
304,2021-09-27 14:16:49,28300.0,200.0,2707000.0
305,2021-09-27 14:16:49,28300.0,100.0,2706800.0
306,2021-09-27 14:16:49,28300.0,1000.0,2706700.0
307,2021-09-27 14:16:49,28300.0,200.0,2705700.0
308,2021-09-27 14:16:49,28300.0,100.0,2705500.0
309,2021-09-27 14:16:49,28300.0,200.0,2705400.0
310,2021-09-27 14:16:49,28300.0,1000.0,2705200.0
311,2021-09-27 14:16:49,28300.0,100.0,2704200.0
312,2021-09-27 14:16:49,28300.0,300.0,2704100.0
313,2021-09-27 14:16:49,28300.0,100.0,2703800.0
314,2021-09-27 14:16:49,28300.0,1000.0,2703700.0
315,2021-09-27 14:16:49,28300.0,200.0,2702700.0
316,2021-09-27 14:16:49,28300.0,600.0,2702500.0
317,2021-09-27 14:16:49,28300.0,1000.0,2701900.0
318,2021-09-27 14:16:49,28300.0,100.0,2700900.0
319,2021-09-27 14:16:49,28300.0,100.0,2700800.0
320,2021-09-27 14:16:49,28300.0,100.0,2700700.0
321,2021-09-27 14:16:49,28300.0,300.0,2700600.0
322,2021-09-27 14:16:49,28300.0,500.0,2700300.0
323,2021-09-27 14:16:49,28300.0,500.0,2699800.0
324,2021-09-27 14:16:49,28300.0,100.0,2699300.0
325,2021-09-27 14:16:49,28300.0,200.0,2699200.0
326,2021-09-27 14:16:49,28300.0,8700.0,2699000.0
327,2021-09-27 14:16:49,28350.0,100.0,2690300.0
328,2021-09-27 14:16:42,28300.0,1000.0,2690200.0
329,2021-09-27 14:16:41,28300.0,5300.0,2689200.0
330,2021-09-27 14:16:41,28300.0,3000.0,2683900.0
331,2021-09-27 14:16:41,28300.0,200.0,2680900.0
332,2021-09-27 14:16:41,28300.0,300.0,2680700.0
333,2021-09-27 14:16:41,28300.0,100.0,2680400.0
334,2021-09-27 14:16:41,28300.0,100.0,2680300.0
335,2021-09-27 14:16:41,28300.0,100.0,2680200.0
336,2021-09-27 14:16:41,28300.0,500.0,2680100.0
337,2021-09-27 14:16:41,28300.0,100.0,2679600.0
338,2021-09-27 14:16:41,28300.0,500.0,2679500.0
339,2021-09-27 14:16:41,28300.0,200.0,2679000.0
340,2021-09-27 14:16:41,28300.0,1500.0,2678800.0
341,2021-09-27 14:16:41,28300.0,500.0,2677300.0
342,2021-09-27 14:16:41,28300.0,100.0,2676800.0
343,2021-09-27 14:16:41,28300.0,100.0,2676700.0
344,2021-09-27 14:16:41,28300.0,400.0,2676600.0
345,2021-09-27 14:16:41,28300.0,300.0,2676200.0
346,2021-09-27 14:16:41,28300.0,1000.0,2675900.0
347,2021-09-27 14:16:41,28300.0,3500.0,2674900.0
348,2021-09-27 14:16:41,28300.0,200.0,2671400.0
349,2021-09-27 14:16:41,28300.0,400.0,2671200.0
350,2021-09-27 14:16:41,28300.0,200.0,2670800.0
351,2021-09-27 14:16:41,28300.0,2000.0,2670600.0
352,2021-09-27 14:16:41,28300.0,2000.0,2668600.0
353,2021-09-27 14:16:41,28300.0,200.0,2666600.0
354,2021-09-27 14:16:41,28300.0,100.0,2666400.0
355,2021-09-27 14:16:41,28300.0,100.0,2666300.0
356,2021-09-27 14:16:41,28300.0,200.0,2666200.0
357,2021-09-27 14:16:41,28300.0,500.0,2666000.0
358,2021-09-27 14:16:41,28300.0,500.0,2665500.0
359,2021-09-27 14:16:41,28300.0,300.0,2665000.0
360,2021-09-27 14:16:41,28300.0,1000.0,2664700.0
361,2021-09-27 14:16:41,28300.0,100.0,2663700.0
362,2021-09-27 14:16:41,28300.0,3000.0,2663600.0
363,2021-09-27 14:16:41,28300.0,200.0,2660600.0
364,2021-09-27 14:16:41,28300.0,1000.0,2660400.0
365,2021-09-27 14:16:41,28300.0,200.0,2659400.0
366,2021-09-27 14:16:41,28300.0,1400.0,2659200.0
367,2021-09-27 14:16:41,28300.0,100.0,2657800.0
368,2021-09-27 14:16:41,28300.0,200.0,2657700.0
369,2021-09-27 14:16:41,28300.0,300.0,2657500.0
370,2021-09-27 14:16:41,28300.0,200.0,2657200.0
371,2021-09-27 14:16:41,28300.0,1000.0,2657000.0
372,2021-09-27 14:16:41,28300.0,100.0,2656000.0
373,2021-09-27 14:16:41,28300.0,100.0,2655900.0
374,2021-09-27 14:16:41,28300.0,2000.0,2655800.0
375,2021-09-27 14:16:41,28300.0,100.0,2653800.0
376,2021-09-27 14:16:41,28300.0,200.0,2653700.0
377,2021-09-27 14:16:41,28300.0,5000.0,2653500.0
378,2021-09-27 14:16:41,28300.0,100.0,2648500.0
379,2021-09-27 14:16:41,28300.0,100.0,2648400.0
380,2021-09-27 14:16:41,28300.0,200.0,2648300.0
381,2021-09-27 14:16:41,28300.0,1000.0,2648100.0
382,2021-09-27 14:16:41,28300.0,1500.0,2647100.0
383,2021-09-27 14:16:41,28300.0,100.0,2645600.0
384,2021-09-27 14:16:41,28350.0,500.0,2645500.0
385,2021-09-27 14:16:41,28350.0,2000.0,2645000.0
386,2021-09-27 14:16:41,28350.0,200.0,2643000.0
387,2021-09-27 14:16:41,28350.0,5000.0,2642800.0
388,2021-09-27 14:16:41,28350.0,100.0,2637800.0
389,2021-09-27 14:16:41,28350.0,400.0,2637700.0
390,2021-09-27 14:16:41,28350.0,100.0,2637300.0
391,2021-09-27 14:16:41,28350.0,1000.0,2637200.0
392,2021-09-27 14:16:41,28350.0,3000.0,2636200.0
393,2021-09-27 14:16:41,28350.0,100.0,2633200.0
394,2021-09-27 14:16:41,28350.0,200.0,2633100.0
395,2021-09-27 14:16:41,28350.0,100.0,2632900.0
396,2021-09-27 14:16:41,28350.0,2000.0,2632800.0
397,2021-09-27 14:16:41,28350.0,10000.0,2630800.0
398,2021-09-27 14:16:41,28350.0,300.0,2620800.0
399,2021-09-27 14:16:41,28350.0,100.0,2620500.0
400,2021-09-27 14:16:41,28350.0,200.0,2620400.0
401,2021-09-27 14:16:41,28350.0,1100.0,2620200.0
402,2021-09-27 14:16:38,28350.0,400.0,2619100.0
403,2021-09-27 14:16:22,28350.0,3500.0,2618700.0
404,2021-09-27 14:16:22,28350.0,500.0,2615200.0
405,2021-09-27 14:16:22,28350.0,200.0,2614700.0
406,2021-09-27 14:16:22,28350.0,1000.0,2614500.0
407,2021-09-27 14:16:22,28350.0,200.0,2613500.0
408,2021-09-27 14:16:22,28350.0,200.0,2613300.0
409,2021-09-27 14:16:22,28350.0,2400.0,2613100.0
410,2021-09-27 14:16:18,28400.0,200.0,2610700.0
411,2021-09-27 14:16:16,28400.0,5000.0,2610500.0
412,2021-09-27 14:16:12,28350.0,400.0,2605500.0
413,2021-09-27 14:15:59,28350.0,1000.0,2605100.0
414,2021-09-27 14:15:52,28350.0,1900.0,2604100.0
415,2021-09-27 14:15:48,28400.0,1000.0,2602200.0
416,2021-09-27 14:15:47,28350.0,400.0,2601200.0
417,2021-09-27 14:15:42,28350.0,3400.0,2600800.0
418,2021-09-27 14:15:40,28400.0,200.0,2597400.0
419,2021-09-27 14:15:39,28400.0,5000.0,2597200.0
420,2021-09-27 14:15:38,28350.0,500.0,2592200.0
421,2021-09-27 14:15:38,28350.0,100.0,2591700.0
422,2021-09-27 14:15:38,28350.0,200.0,2591600.0
423,2021-09-27 14:15:38,28350.0,1000.0,2591400.0
424,2021-09-27 14:15:38,28350.0,100.0,2590400.0
425,2021-09-27 14:15:38,28350.0,100.0,2590300.0
426,2021-09-27 14:15:38,28350.0,600.0,2590200.0
427,2021-09-27 14:15:38,28350.0,300.0,2589600.0
428,2021-09-27 14:15:38,28350.0,500.0,2589300.0
429,2021-09-27 14:15:38,28350.0,100.0,2588800.0
430,2021-09-27 14:15:38,28350.0,1500.0,2588700.0
431,2021-09-27 14:15:35,28350.0,500.0,2587200.0
432,2021-09-27 14:15:35,28350.0,500.0,2586700.0
433,2021-09-27 14:15:35,28350.0,500.0,2586200.0
434,2021-09-27 14:15:20,28350.0,400.0,2585700.0
435,2021-09-27 14:15:15,28400.0,300.0,2585300.0
436,2021-09-27 14:15:11,28400.0,200.0,2585000.0
437,2021-09-27 14:15:06,28400.0,600.0,2584800.0
438,2021-09-27 14:14:54,28350.0,100.0,2584200.0
439,2021-09-27 14:14:54,28350.0,200.0,2584100.0
440,2021-09-27 14:14:54,28350.0,100.0,2583900.0
441,2021-09-27 14:14:53,28400.0,100.0,2583800.0
442,2021-09-27 14:14:52,28400.0,200.0,2583700.0
443,2021-09-27 14:14:52,28400.0,100.0,2583500.0
444,2021-09-27 14:14:52,28400.0,1000.0,2583400.0
445,2021-09-27 14:14:52,28400.0,800.0,2582400.0
446,2021-09-27 14:14:46,28400.0,900.0,2581600.0
447,2021-09-27 14:14:46,28400.0,100.0,2580700.0
448,2021-09-27 14:14:42,28400.0,200.0,2580600.0
449,2021-09-27 14:14:27,28400.0,400.0,2580400.0
450,2021-09-27 14:14:23,28450.0,100.0,2580000.0
451,2021-09-27 14:14:23,28450.0,200.0,2579900.0
452,2021-09-27 14:14:20,28400.0,100.0,2579700.0
453,2021-09-27 14:14:20,28400.0,2000.0,2579600.0
454,2021-09-27 14:14:20,28400.0,1000.0,2577600.0
455,2021-09-27 14:14:20,28400.0,100.0,2576600.0
456,2021-09-27 14:14:20,28400.0,100.0,2576500.0
457,2021-09-27 14:14:20,28400.0,1000.0,2576400.0
458,2021-09-27 14:14:20,28400.0,100.0,2575400.0
459,2021-09-27 14:14:20,28400.0,1000.0,2575300.0
460,2021-09-27 14:14:20,28400.0,100.0,2574300.0
461,2021-09-27 14:14:20,28400.0,500.0,2574200.0
462,2021-09-27 14:14:20,28400.0,1900.0,2573700.0
463,2021-09-27 14:14:20,28400.0,3000.0,2571800.0
464,2021-09-27 14:14:20,28400.0,100.0,2568800.0
465,2021-09-27 14:14:20,28400.0,1800.0,2568700.0
466,2021-09-27 14:14:20,28400.0,500.0,2566900.0
467,2021-09-27 14:14:20,28400.0,1000.0,2566400.0
468,2021-09-27 14:14:20,28400.0,100.0,2565400.0
469,2021-09-27 14:14:20,28400.0,400.0,2565300.0
470,2021-09-27 14:14:20,28400.0,100.0,2564900.0
471,2021-09-27 14:14:20,28400.0,100.0,2564800.0
472,2021-09-27 14:14:20,28400.0,2000.0,2564700.0
473,2021-09-27 14:14:20,28400.0,500.0,2562700.0
474,2021-09-27 14:14:20,28400.0,1000.0,2562200.0
475,2021-09-27 14:14:20,28400.0,100.0,2561200.0
476,2021-09-27 14:14:20,28400.0,100.0,2561100.0
477,2021-09-27 14:14:20,28400.0,100.0,2561000.0
478,2021-09-27 14:14:20,28400.0,100.0,2560900.0
479,2021-09-27 14:14:20,28400.0,100.0,2560800.0
480,2021-09-27 14:14:20,28400.0,1000.0,2560700.0
481,2021-09-27 14:14:13,28400.0,100.0,2559700.0
482,2021-09-27 14:14:13,28400.0,1000.0,2559600.0
483,2021-09-27 14:14:13,28400.0,500.0,2558600.0
484,2021-09-27 14:14:13,28400.0,300.0,2558100.0
485,2021-09-27 14:14:13,28400.0,100.0,2557800.0
486,2021-09-27 14:14:13,28400.0,200.0,2557700.0
487,2021-09-27 14:14:13,28400.0,100.0,2557500.0
488,2021-09-27 14:14:13,28400.0,200.0,2557400.0
489,2021-09-27 14:14:13,28400.0,100.0,2557200.0
490,2021-09-27 14:14:13,28400.0,400.0,2557100.0
491,2021-09-27 14:14:13,28400.0,2000.0,2556700.0
492,2021-09-27 14:14:13,28400.0,500.0,2554700.0
493,2021-09-27 14:14:13,28400.0,1000.0,2554200.0
494,2021-09-27 14:14:13,28400.0,11000.0,2553200.0
495,2021-09-27 14:14:13,28400.0,100.0,2542200.0
496,2021-09-27 14:14:13,28400.0,100.0,2542100.0
497,2021-09-27 14:14:13,28400.0,1000.0,2542000.0
498,2021-09-27 14:14:13,28400.0,300.0,2541000.0
499,2021-09-27 14:14:13,28400.0,100.0,2540700.0
500,2021-09-27 14:14:13,28400.0,100.0,2540600.0
501,2021-09-27 14:14:13,28400.0,2000.0,2540500.0
502,2021-09-27 14:14:13,28400.0,100.0,2538500.0
503,2021-09-27 14:14:13,28400.0,100.0,2538400.0
504,2021-09-27 14:14:13,28400.0,100.0,2538300.0
505,2021-09-27 14:14:13,28400.0,100.0,2538200.0
506,2021-09-27 14:14:13,28400.0,2000.0,2538100.0
507,2021-09-27 14:14:13,28400.0,100.0,2536100.0
508,2021-09-27 14:14:13,28400.0,1000.0,2536000.0
509,2021-09-27 14:14:13,28400.0,1000.0,2535000.0
510,2021-09-27 14:14:13,28400.0,200.0,2534000.0
511,2021-09-27 14:14:13,28400.0,1400.0,2533800.0
512,2021-09-27 14:14:13,28400.0,200.0,2532400.0
513,2021-09-27 14:14:13,28400.0,500.0,2532200.0
514,2021-09-27 14:14:13,28400.0,2000.0,2531700.0
515,2021-09-27 14:14:13,28400.0,100.0,2529700.0
516,2021-09-27 14:14:13,28400.0,1000.0,2529600.0
517,2021-09-27 14:14:13,28400.0,100.0,2528600.0
518,2021-09-27 14:14:13,28400.0,100.0,2528500.0
519,2021-09-27 14:14:13,28400.0,3700.0,2528400.0
520,2021-09-27 14:14:09,28450.0,100.0,2524700.0
521,2021-09-27 14:14:08,28450.0,300.0,2524600.0
522,2021-09-27 14:14:08,28450.0,1000.0,2524300.0
523,2021-09-27 14:14:02,28450.0,100.0,2523300.0
524,2021-09-27 14:14:01,28450.0,300.0,2523200.0
525,2021-09-27 14:14:01,28450.0,100.0,2522900.0
526,2021-09-27 14:14:01,28450.0,200.0,2522800.0
527,2021-09-27 14:14:01,28450.0,100.0,2522600.0
528,2021-09-27 14:14:01,28450.0,1000.0,2522500.0
529,2021-09-27 14:14:01,28450.0,1600.0,2521500.0
530,2021-09-27 14:13:49,28450.0,3000.0,2519900.0
531,2021-09-27 14:13:34,28450.0,400.0,2516900.0
532,2021-09-27 14:13:18,28450.0,100.0,2516500.0
533,2021-09-27 14:13:17,28450.0,400.0,2516400.0
534,2021-09-27 14:13:17,28450.0,1600.0,2516000.0
535,2021-09-27 14:13:16,28450.0,500.0,2514400.0
536,2021-09-27 14:13:08,28400.0,400.0,2513900.0
537,2021-09-27 14:13:08,28450.0,100.0,2513500.0
538,2021-09-27 14:13:07,28450.0,1300.0,2513400.0
539,2021-09-27 14:13:07,28450.0,500.0,2512100.0
540,2021-09-27 14:13:06,28450.0,500.0,2511600.0
541,2021-09-27 14:13:06,28450.0,500.0,2511100.0
542,2021-09-27 14:12:42,28400.0,500.0,2510600.0
543,2021-09-27 14:12:27,28400.0,1000.0,2510100.0
544,2021-09-27 14:12:17,28400.0,400.0,2509100.0
545,2021-09-27 14:12:13,28450.0,100.0,2508700.0
546,2021-09-27 14:12:13,28450.0,300.0,2508600.0
547,2021-09-27 14:12:02,28400.0,1000.0,2508300.0
548,2021-09-27 14:12:01,28400.0,100.0,2507300.0
549,2021-09-27 14:12:01,28400.0,400.0,2507200.0
550,2021-09-27 14:12:01,28400.0,100.0,2506800.0
551,2021-09-27 14:12:01,28400.0,500.0,2506700.0
552,2021-09-27 14:12:01,28400.0,5000.0,2506200.0
553,2021-09-27 14:12:01,28400.0,200.0,2501200.0
554,2021-09-27 14:12:01,28400.0,1000.0,2501000.0
555,2021-09-27 14:12:01,28400.0,500.0,2500000.0
556,2021-09-27 14:12:01,28400.0,100.0,2499500.0
557,2021-09-27 14:12:01,28400.0,1400.0,2499400.0
558,2021-09-27 14:12:01,28400.0,100.0,2498000.0
559,2021-09-27 14:12:01,28400.0,100.0,2497900.0
560,2021-09-27 14:12:01,28400.0,100.0,2497800.0
561,2021-09-27 14:12:01,28400.0,300.0,2497700.0
562,2021-09-27 14:12:01,28400.0,500.0,2497400.0
563,2021-09-27 14:12:01,28400.0,500.0,2496900.0
564,2021-09-27 14:12:01,28400.0,100.0,2496400.0
565,2021-09-27 14:12:01,28400.0,100.0,2496300.0
566,2021-09-27 14:12:01,28400.0,1000.0,2496200.0
567,2021-09-27 14:12:01,28400.0,100.0,2495200.0
568,2021-09-27 14:12:01,28450.0,1000.0,2495100.0
569,2021-09-27 14:12:01,28450.0,500.0,2494100.0
570,2021-09-27 14:12:01,28450.0,100.0,2493600.0
571,2021-09-27 14:12:01,28450.0,100.0,2493500.0
572,2021-09-27 14:12:01,28450.0,200.0,2493400.0
573,2021-09-27 14:12:01,28450.0,100.0,2493200.0
574,2021-09-27 14:12:01,28450.0,100.0,2493100.0
575,2021-09-27 14:12:01,28450.0,100.0,2493000.0
576,2021-09-27 14:12:01,28450.0,500.0,2492900.0
577,2021-09-27 14:12:01,28450.0,200.0,2492400.0
578,2021-09-27 14:12:01,28450.0,1000.0,2492200.0
579,2021-09-27 14:12:01,28450.0,4000.0,2491200.0
580,2021-09-27 14:12:01,28450.0,100.0,2487200.0
581,2021-09-27 14:12:01,28450.0,100.0,2487100.0
582,2021-09-27 14:12:01,28450.0,100.0,2487000.0
583,2021-09-27 14:12:01,28450.0,8000.0,2486900.0
584,2021-09-27 14:12:01,28450.0,100.0,2478900.0
585,2021-09-27 14:12:01,28450.0,100.0,2478800.0
586,2021-09-27 14:12:01,28450.0,500.0,2478700.0
587,2021-09-27 14:12:01,28450.0,100.0,2478200.0
588,2021-09-27 14:12:01,28450.0,100.0,2478100.0
589,2021-09-27 14:12:01,28450.0,100.0,2478000.0
590,2021-09-27 14:12:01,28450.0,100.0,2477900.0
591,2021-09-27 14:12:01,28450.0,200.0,2477800.0
592,2021-09-27 14:12:01,28450.0,200.0,2477600.0
593,2021-09-27 14:12:01,28450.0,1000.0,2477400.0
594,2021-09-27 14:12:01,28450.0,100.0,2476400.0
595,2021-09-27 14:12:01,28450.0,100.0,2476300.0
596,2021-09-27 14:12:01,28450.0,100.0,2476200.0
597,2021-09-27 14:12:01,28450.0,100.0,2476100.0
598,2021-09-27 14:12:01,28450.0,7300.0,2476000.0
599,2021-09-27 14:11:52,28450.0,2700.0,2468700.0
600,2021-09-27 14:11:52,28450.0,500.0,2466000.0
601,2021-09-27 14:11:52,28450.0,1000.0,2465500.0
602,2021-09-27 14:11:52,28450.0,200.0,2464500.0
603,2021-09-27 14:11:52,28450.0,500.0,2464300.0
604,2021-09-27 14:11:52,28450.0,800.0,2463800.0
605,2021-09-27 14:11:52,28450.0,100.0,2463000.0
606,2021-09-27 14:11:52,28450.0,100.0,2462900.0
607,2021-09-27 14:11:52,28450.0,100.0,2462800.0
608,2021-09-27 14:11:52,28450.0,1000.0,2462700.0
609,2021-09-27 14:11:52,28450.0,100.0,2461700.0
610,2021-09-27 14:11:52,28450.0,100.0,2461600.0
611,2021-09-27 14:11:52,28450.0,200.0,2461500.0
612,2021-09-27 14:11:52,28450.0,200.0,2461300.0
613,2021-09-27 14:11:52,28450.0,400.0,2461100.0
614,2021-09-27 14:11:52,28450.0,500.0,2460700.0
615,2021-09-27 14:11:52,28450.0,1000.0,2460200.0
616,2021-09-27 14:11:52,28450.0,300.0,2459200.0
617,2021-09-27 14:11:52,28450.0,100.0,2458900.0
618,2021-09-27 14:11:52,28450.0,100.0,2458800.0
619,2021-09-27 14:11:50,28450.0,100.0,2458700.0
620,2021-09-27 14:11:50,28450.0,300.0,2458600.0
621,2021-09-27 14:11:47,28450.0,100.0,2458300.0
622,2021-09-27 14:11:28,28450.0,600.0,2458200.0
623,2021-09-27 14:11:28,28450.0,900.0,2457600.0
624,2021-09-27 14:11:27,28450.0,100.0,2456700.0
625,2021-09-27 14:11:27,28450.0,4900.0,2456600.0
626,2021-09-27 14:11:24,28450.0,100.0,2451700.0
627,2021-09-27 14:11:24,28450.0,100.0,2451600.0
628,2021-09-27 14:11:24,28450.0,200.0,2451500.0
629,2021-09-27 14:11:20,28450.0,600.0,2451300.0
630,2021-09-27 14:11:20,28450.0,200.0,2450700.0
631,2021-09-27 14:11:20,28450.0,500.0,2450500.0
632,2021-09-27 14:11:20,28450.0,100.0,2450000.0
633,2021-09-27 14:11:20,28450.0,100.0,2449900.0
634,2021-09-27 14:11:20,28450.0,1000.0,2449800.0
635,2021-09-27 14:11:20,28450.0,500.0,2448800.0
636,2021-09-27 14:11:08,28500.0,600.0,2448300.0
637,2021-09-27 14:10:57,28450.0,100.0,2447700.0
638,2021-09-27 14:10:57,28450.0,300.0,2447600.0
639,2021-09-27 14:10:31,28450.0,200.0,2447300.0
640,2021-09-27 14:10:31,28450.0,200.0,2447100.0
641,2021-09-27 14:10:28,28500.0,200.0,2446900.0
642,2021-09-27 14:10:22,28500.0,100.0,2446700.0
643,2021-09-27 14:10:22,28500.0,700.0,2446600.0
644,2021-09-27 14:10:08,28500.0,1200.0,2445900.0
645,2021-09-27 14:10:08,28500.0,100.0,2444700.0
646,2021-09-27 14:10:08,28500.0,100.0,2444600.0
647,2021-09-27 14:10:07,28500.0,200.0,2444500.0
648,2021-09-27 14:10:07,28500.0,1600.0,2444300.0
649,2021-09-27 14:10:07,28500.0,100.0,2442700.0
650,2021-09-27 14:10:07,28500.0,100.0,2442600.0
651,2021-09-27 14:10:05,28500.0,200.0,2442500.0
652,2021-09-27 14:10:05,28500.0,200.0,2442300.0
653,2021-09-27 14:10:00,28500.0,300.0,2442100.0
654,2021-09-27 14:10:00,28500.0,3000.0,2441800.0
655,2021-09-27 14:10:00,28500.0,1900.0,2438800.0
656,2021-09-27 14:10:00,28500.0,300.0,2436900.0
657,2021-09-27 14:10:00,28500.0,10000.0,2436600.0
658,2021-09-27 14:10:00,28500.0,200.0,2426600.0
659,2021-09-27 14:10:00,28500.0,24200.0,2426400.0
660,2021-09-27 14:09:58,28500.0,800.0,2402200.0
661,2021-09-27 14:09:58,28500.0,100.0,2401400.0
662,2021-09-27 14:09:38,28500.0,400.0,2401300.0
663,2021-09-27 14:09:38,28500.0,500.0,2400900.0
664,2021-09-27 14:09:38,28500.0,700.0,2400400.0
665,2021-09-27 14:09:38,28500.0,1000.0,2399700.0
666,2021-09-27 14:09:38,28500.0,300.0,2398700.0
667,2021-09-27 14:09:38,28500.0,100.0,2398400.0
668,2021-09-27 14:09:38,28500.0,100.0,2398300.0
669,2021-09-27 14:09:38,28500.0,100.0,2398200.0
670,2021-09-27 14:09:38,28500.0,200.0,2398100.0
671,2021-09-27 14:09:38,28500.0,500.0,2397900.0
672,2021-09-27 14:09:38,28500.0,300.0,2397400.0
673,2021-09-27 14:09:38,28500.0,300.0,2397100.0
674,2021-09-27 14:09:38,28500.0,100.0,2396800.0
675,2021-09-27 14:09:38,28500.0,200.0,2396700.0
676,2021-09-27 14:09:38,28500.0,100.0,2396500.0
677,2021-09-27 14:09:38,28500.0,2000.0,2396400.0
678,2021-09-27 14:09:38,28500.0,100.0,2394400.0
679,2021-09-27 14:09:38,28500.0,100.0,2394300.0
680,2021-09-27 14:09:38,28500.0,200.0,2394200.0
681,2021-09-27 14:09:38,28500.0,200.0,2394000.0
682,2021-09-27 14:09:38,28500.0,100.0,2393800.0
683,2021-09-27 14:09:38,28500.0,100.0,2393700.0
684,2021-09-27 14:09:38,28500.0,100.0,2393600.0
685,2021-09-27 14:09:38,28500.0,100.0,2393500.0
686,2021-09-27 14:09:38,28500.0,200.0,2393400.0
687,2021-09-27 14:09:38,28500.0,400.0,2393200.0
688,2021-09-27 14:09:38,28500.0,500.0,2392800.0
689,2021-09-27 14:09:38,28500.0,100.0,2392300.0
690,2021-09-27 14:09:38,28500.0,200.0,2392200.0
691,2021-09-27 14:09:38,28500.0,500.0,2392000.0
692,2021-09-27 14:09:38,28500.0,1000.0,2391500.0
693,2021-09-27 14:09:38,28500.0,100.0,2390500.0
694,2021-09-27 14:09:38,28500.0,100.0,2390400.0
695,2021-09-27 14:09:38,28500.0,200.0,2390300.0
696,2021-09-27 14:09:38,28500.0,2000.0,2390100.0
697,2021-09-27 14:09:38,28500.0,100.0,2388100.0
698,2021-09-27 14:09:38,28500.0,500.0,2388000.0
699,2021-09-27 14:09:38,28500.0,100.0,2387500.0
700,2021-09-27 14:09:38,28500.0,100.0,2387400.0
701,2021-09-27 14:09:38,28500.0,200.0,2387300.0
702,2021-09-27 14:09:38,28500.0,100.0,2387100.0
703,2021-09-27 14:09:38,28500.0,400.0,2387000.0
704,2021-09-27 14:09:38,28500.0,100.0,2386600.0
705,2021-09-27 14:09:38,28500.0,100.0,2386500.0
706,2021-09-27 14:09:38,28500.0,100.0,2386400.0
707,2021-09-27 14:09:38,28500.0,100.0,2386300.0
708,2021-09-27 14:09:38,28500.0,5000.0,2386200.0
709,2021-09-27 14:09:38,28500.0,1600.0,2381200.0
710,2021-09-27 14:09:38,28500.0,100.0,2379600.0
711,2021-09-27 14:09:38,28500.0,100.0,2379500.0
712,2021-09-27 14:09:38,28500.0,1000.0,2379400.0
713,2021-09-27 14:09:38,28500.0,800.0,2378400.0
714,2021-09-27 14:09:38,28500.0,300.0,2377600.0
715,2021-09-27 14:09:38,28500.0,100.0,2377300.0
716,2021-09-27 14:09:38,28500.0,100.0,2377200.0
717,2021-09-27 14:09:38,28500.0,100.0,2377100.0
718,2021-09-27 14:09:38,28500.0,500.0,2377000.0
719,2021-09-27 14:09:38,28500.0,1000.0,2376500.0
720,2021-09-27 14:09:38,28500.0,500.0,2375500.0
721,2021-09-27 14:09:38,28500.0,200.0,2375000.0
722,2021-09-27 14:09:38,28500.0,100.0,2374800.0
723,2021-09-27 14:09:38,28500.0,100.0,2374700.0
724,2021-09-27 14:09:38,28500.0,700.0,2374600.0
725,2021-09-27 14:09:38,28500.0,2000.0,2373900.0
726,2021-09-27 14:09:38,28500.0,200.0,2371900.0
727,2021-09-27 14:09:38,28500.0,100.0,2371700.0
728,2021-09-27 14:09:38,28500.0,100.0,2371600.0
729,2021-09-27 14:09:38,28500.0,100.0,2371500.0
730,2021-09-27 14:09:38,28500.0,500.0,2371400.0
731,2021-09-27 14:09:38,28500.0,500.0,2370900.0
732,2021-09-27 14:09:38,28500.0,1200.0,2370400.0
733,2021-09-27 14:09:20,28500.0,800.0,2369200.0
734,2021-09-27 14:09:20,28500.0,100.0,2368400.0
735,2021-09-27 14:09:20,28500.0,100.0,2368300.0
736,2021-09-27 14:09:20,28500.0,100.0,2368200.0
737,2021-09-27 14:09:20,28500.0,1000.0,2368100.0
738,2021-09-27 14:09:20,28500.0,3000.0,2367100.0
739,2021-09-27 14:09:20,28500.0,100.0,2364100.0
740,2021-09-27 14:09:20,28500.0,1000.0,2364000.0
741,2021-09-27 14:09:20,28500.0,200.0,2363000.0
742,2021-09-27 14:09:20,28500.0,100.0,2362800.0
743,2021-09-27 14:09:20,28500.0,100.0,2362700.0
744,2021-09-27 14:09:20,28500.0,100.0,2362600.0
745,2021-09-27 14:09:20,28500.0,100.0,2362500.0
746,2021-09-27 14:09:20,28500.0,500.0,2362400.0
747,2021-09-27 14:09:20,28500.0,100.0,2361900.0
748,2021-09-27 14:09:20,28500.0,500.0,2361800.0
749,2021-09-27 14:09:20,28500.0,2100.0,2361300.0
750,2021-09-27 14:09:12,28500.0,400.0,2359200.0
751,2021-09-27 14:09:09,28550.0,500.0,2358800.0
752,2021-09-27 14:08:47,28500.0,300.0,2358300.0
753,2021-09-27 14:08:39,28500.0,1000.0,2358000.0
754,2021-09-27 14:08:28,28550.0,200.0,2357000.0
755,2021-09-27 14:08:21,28550.0,300.0,2356800.0
756,2021-09-27 14:08:10,28550.0,300.0,2356500.0
757,2021-09-27 14:08:10,28550.0,200.0,2356200.0
758,2021-09-27 14:07:54,28550.0,100.0,2356000.0
759,2021-09-27 14:07:27,28500.0,300.0,2355900.0
760,2021-09-27 14:07:09,28600.0,400.0,2355600.0
761,2021-09-27 14:07:09,28550.0,100.0,2355200.0
762,2021-09-27 14:07:09,28550.0,100.0,2355100.0
763,2021-09-27 14:07:01,28500.0,300.0,2355000.0
764,2021-09-27 14:06:59,28550.0,100.0,2354700.0
765,2021-09-27 14:06:59,28550.0,100.0,2354600.0
766,2021-09-27 14:06:59,28550.0,700.0,2354500.0
767,2021-09-27 14:06:44,28550.0,1000.0,2353800.0
768,2021-09-27 14:06:35,28550.0,300.0,2352800.0
769,2021-09-27 14:06:08,28550.0,100.0,2352500.0
770,2021-09-27 14:06:08,28550.0,200.0,2352400.0
771,2021-09-27 14:05:48,28500.0,600.0,2352200.0
772,2021-09-27 14:05:48,28500.0,1000.0,2351600.0
773,2021-09-27 14:05:48,28500.0,400.0,2350600.0
774,2021-09-27 14:05:42,28550.0,100.0,2350200.0
775,2021-09-27 14:05:42,28550.0,200.0,2350100.0
776,2021-09-27 14:05:17,28500.0,300.0,2349900.0
777,2021-09-27 14:05:14,28550.0,200.0,2349600.0
778,2021-09-27 14:05:12,28550.0,500.0,2349400.0
779,2021-09-27 14:04:54,28550.0,200.0,2348900.0
780,2021-09-27 14:04:54,28550.0,100.0,2348700.0
781,2021-09-27 14:04:51,28550.0,300.0,2348600.0
782,2021-09-27 14:04:36,28550.0,4600.0,2348300.0
783,2021-09-27 14:04:33,28550.0,300.0,2343700.0
784,2021-09-27 14:04:25,28500.0,300.0,2343400.0
785,2021-09-27 14:04:17,28550.0,700.0,2343100.0
786,2021-09-27 14:04:16,28550.0,1000.0,2342400.0
787,2021-09-27 14:04:16,28550.0,100.0,2341400.0
788,2021-09-27 14:04:16,28550.0,700.0,2341300.0
789,2021-09-27 14:04:16,28550.0,1000.0,2340600.0
790,2021-09-27 14:04:16,28550.0,300.0,2339600.0
791,2021-09-27 14:04:16,28550.0,100.0,2339300.0
792,2021-09-27 14:04:16,28550.0,100.0,2339200.0
793,2021-09-27 14:04:16,28550.0,200.0,2339100.0
794,2021-09-27 14:04:16,28550.0,500.0,2338900.0
795,2021-09-27 14:04:16,28550.0,3300.0,2338400.0
796,2021-09-27 14:04:16,28550.0,200.0,2335100.0
797,2021-09-27 14:04:16,28550.0,5000.0,2334900.0
798,2021-09-27 14:04:16,28550.0,300.0,2329900.0
799,2021-09-27 14:04:16,28550.0,500.0,2329600.0
800,2021-09-27 14:04:16,28550.0,100.0,2329100.0
801,2021-09-27 14:04:16,28550.0,1000.0,2329000.0
802,2021-09-27 14:04:09,28550.0,100.0,2328000.0
803,2021-09-27 14:03:57,28550.0,300.0,2327900.0
804,2021-09-27 14:03:46,28600.0,100.0,2327600.0
805,2021-09-27 14:03:31,28550.0,300.0,2327500.0
806,2021-09-27 14:03:26,28600.0,600.0,2327200.0
807,2021-09-27 14:03:23,28550.0,300.0,2326600.0
808,2021-09-27 14:03:23,28550.0,2000.0,2326300.0
809,2021-09-27 14:03:23,28550.0,500.0,2324300.0
810,2021-09-27 14:03:23,28550.0,200.0,2323800.0
811,2021-09-27 14:03:20,28600.0,100.0,2323600.0
812,2021-09-27 14:03:19,28600.0,400.0,2323500.0
813,2021-09-27 14:03:19,28600.0,100.0,2323100.0
814,2021-09-27 14:03:13,28600.0,600.0,2323000.0
815,2021-09-27 14:03:05,28550.0,300.0,2322400.0
816,2021-09-27 14:02:39,28550.0,300.0,2322100.0
817,2021-09-27 14:02:39,28550.0,100.0,2321800.0
818,2021-09-27 14:02:34,28600.0,100.0,2321700.0
819,2021-09-27 14:02:33,28600.0,3000.0,2321600.0
820,2021-09-27 14:02:13,28550.0,100.0,2318600.0
821,2021-09-27 14:02:13,28550.0,100.0,2318500.0
822,2021-09-27 14:02:13,28550.0,200.0,2318400.0
823,2021-09-27 14:02:06,28600.0,1000.0,2318200.0
824,2021-09-27 14:02:06,28600.0,100.0,2317200.0
825,2021-09-27 14:02:06,28600.0,100.0,2317100.0
826,2021-09-27 14:02:06,28600.0,600.0,2317000.0
827,2021-09-27 14:02:05,28650.0,100.0,2316400.0
828,2021-09-27 14:01:47,28600.0,400.0,2316300.0
829,2021-09-27 14:01:25,28650.0,100.0,2315900.0
830,2021-09-27 14:01:23,28650.0,100.0,2315800.0
831,2021-09-27 14:01:23,28650.0,1000.0,2315700.0
832,2021-09-27 14:01:23,28650.0,100.0,2314700.0
833,2021-09-27 14:01:23,28650.0,600.0,2314600.0
834,2021-09-27 14:01:21,28650.0,400.0,2314000.0
835,2021-09-27 14:01:14,28700.0,300.0,2313600.0
836,2021-09-27 14:01:14,28700.0,200.0,2313300.0
837,2021-09-27 14:00:56,28650.0,100.0,2313100.0
838,2021-09-27 14:00:55,28700.0,200.0,2313000.0
839,2021-09-27 14:00:37,28750.0,700.0,2312800.0
840,2021-09-27 14:00:27,28700.0,400.0,2312100.0
841,2021-09-27 14:00:15,28750.0,100.0,2311700.0
842,2021-09-27 14:00:06,28750.0,100.0,2311600.0
843,2021-09-27 14:00:06,28750.0,800.0,2311500.0
844,2021-09-27 14:00:05,28750.0,1200.0,2310700.0
845,2021-09-27 14:00:05,28750.0,200.0,2309500.0
846,2021-09-27 14:00:05,28750.0,1000.0,2309300.0
847,2021-09-27 14:00:05,28750.0,1000.0,2308300.0
848,2021-09-27 14:00:05,28750.0,1000.0,2307300.0
849,2021-09-27 14:00:05,28750.0,15600.0,2306300.0
850,2021-09-27 14:00:01,28700.0,400.0,2290700.0
851,2021-09-27 14:00:01,28750.0,400.0,2290300.0
852,2021-09-27 13:59:50,28750.0,100.0,2289900.0
853,2021-09-27 13:59:49,28750.0,2500.0,2289800.0
854,2021-09-27 13:59:48,28750.0,16200.0,2287300.0
855,2021-09-27 13:59:48,28750.0,2500.0,2271100.0
856,2021-09-27 13:59:48,28750.0,4400.0,2268600.0
857,2021-09-27 13:59:48,28700.0,5000.0,2264200.0
858,2021-09-27 13:59:48,28700.0,200.0,2259200.0
859,2021-09-27 13:59:48,28700.0,7000.0,2259000.0
860,2021-09-27 13:59:48,28700.0,300.0,2252000.0
861,2021-09-27 13:59:48,28700.0,1000.0,2251700.0
862,2021-09-27 13:59:48,28700.0,1000.0,2250700.0
863,2021-09-27 13:59:48,28700.0,12400.0,2249700.0
864,2021-09-27 13:59:41,28650.0,500.0,2237300.0
865,2021-09-27 13:59:40,28650.0,700.0,2236800.0
866,2021-09-27 13:59:35,28650.0,400.0,2236100.0
867,2021-09-27 13:59:15,28700.0,600.0,2235700.0
868,2021-09-27 13:59:09,28650.0,400.0,2235100.0
869,2021-09-27 13:58:43,28650.0,400.0,2234700.0
870,2021-09-27 13:58:17,28650.0,400.0,2234300.0
871,2021-09-27 13:57:51,28650.0,400.0,2233900.0
872,2021-09-27 13:57:25,28650.0,400.0,2233500.0
873,2021-09-27 13:57:16,28700.0,500.0,2233100.0
874,2021-09-27 13:56:58,28650.0,400.0,2232600.0
875,2021-09-27 13:56:54,28700.0,400.0,2232200.0
876,2021-09-27 13:56:31,28650.0,400.0,2231800.0
877,2021-09-27 13:56:05,28650.0,400.0,2231400.0
878,2021-09-27 13:55:41,28700.0,300.0,2231000.0
879,2021-09-27 13:55:40,28700.0,100.0,2230700.0
880,2021-09-27 13:55:40,28700.0,800.0,2230600.0
881,2021-09-27 13:55:40,28700.0,200.0,2229800.0
882,2021-09-27 13:55:40,28700.0,900.0,2229600.0
883,2021-09-27 13:55:40,28700.0,3800.0,2228700.0
884,2021-09-27 13:55:39,28700.0,400.0,2224900.0
885,2021-09-27 13:55:25,28700.0,400.0,2224500.0
886,2021-09-27 13:55:17,28750.0,600.0,2224100.0
887,2021-09-27 13:55:15,28700.0,100.0,2223500.0
888,2021-09-27 13:55:14,28700.0,400.0,2223400.0
889,2021-09-27 13:55:01,28700.0,5000.0,2223000.0
890,2021-09-27 13:54:47,28700.0,400.0,2218000.0
891,2021-09-27 13:54:21,28700.0,400.0,2217600.0
892,2021-09-27 13:53:58,28700.0,1000.0,2217200.0
893,2021-09-27 13:53:58,28700.0,5000.0,2216200.0
894,2021-09-27 13:53:58,28700.0,100.0,2211200.0
895,2021-09-27 13:53:58,28700.0,500.0,2211100.0
896,2021-09-27 13:53:58,28700.0,1000.0,2210600.0
897,2021-09-27 13:53:58,28700.0,11500.0,2209600.0
898,2021-09-27 13:53:54,28600.0,400.0,2198100.0
899,2021-09-27 13:53:47,28700.0,400.0,2197700.0
900,2021-09-27 13:53:28,28550.0,400.0,2197300.0
901,2021-09-27 13:53:18,28700.0,500.0,2196900.0
902,2021-09-27 13:53:12,28700.0,1000.0,2196400.0
903,2021-09-27 13:53:11,28700.0,600.0,2195400.0
904,2021-09-27 13:53:10,28700.0,100.0,2194800.0
905,2021-09-27 13:53:10,28700.0,10400.0,2194700.0
906,2021-09-27 13:53:10,28750.0,500.0,2184300.0
907,2021-09-27 13:53:10,28750.0,500.0,2183800.0
908,2021-09-27 13:53:10,28750.0,1000.0,2183300.0
909,2021-09-27 13:53:09,28750.0,10000.0,2182300.0
910,2021-09-27 13:53:09,28750.0,500.0,2172300.0
911,2021-09-27 13:53:09,28750.0,20000.0,2171800.0
912,2021-09-27 13:53:09,28750.0,400.0,2151800.0
913,2021-09-27 13:53:09,28750.0,1000.0,2151400.0
914,2021-09-27 13:53:09,28750.0,3700.0,2150400.0
915,2021-09-27 13:53:09,28750.0,2000.0,2146700.0
916,2021-09-27 13:53:09,28750.0,1000.0,2144700.0
917,2021-09-27 13:53:09,28750.0,1400.0,2143700.0
918,2021-09-27 13:53:02,28700.0,400.0,2142300.0
919,2021-09-27 13:52:58,28700.0,3000.0,2141900.0
920,2021-09-27 13:52:39,28700.0,300.0,2138900.0
921,2021-09-27 13:52:35,28700.0,400.0,2138600.0
922,2021-09-27 13:52:31,28650.0,500.0,2138200.0
923,2021-09-27 13:52:15,28650.0,500.0,2137700.0
924,2021-09-27 13:52:14,28750.0,3600.0,2137200.0
925,2021-09-27 13:52:14,28750.0,300.0,2133600.0
926,2021-09-27 13:52:14,28700.0,1000.0,2133300.0
927,2021-09-27 13:52:14,28700.0,2000.0,2132300.0
928,2021-09-27 13:52:14,28700.0,100.0,2130300.0
929,2021-09-27 13:52:14,28700.0,200.0,2130200.0
930,2021-09-27 13:52:14,28700.0,500.0,2130000.0
931,2021-09-27 13:52:14,28700.0,2300.0,2129500.0
932,2021-09-27 13:52:12,28600.0,300.0,2127200.0
933,2021-09-27 13:52:09,28600.0,400.0,2126900.0
934,2021-09-27 13:52:01,28700.0,700.0,2126500.0
935,2021-09-27 13:52:01,28700.0,1200.0,2125800.0
936,2021-09-27 13:51:59,28700.0,500.0,2124600.0
937,2021-09-27 13:51:58,28700.0,300.0,2124100.0
938,2021-09-27 13:51:58,28700.0,3000.0,2123800.0
939,2021-09-27 13:51:58,28700.0,2000.0,2120800.0
940,2021-09-27 13:51:58,28700.0,200.0,2118800.0
941,2021-09-27 13:51:58,28700.0,100.0,2118600.0
942,2021-09-27 13:51:58,28700.0,1000.0,2118500.0
943,2021-09-27 13:51:58,28700.0,3400.0,2117500.0
944,2021-09-27 13:51:44,28600.0,500.0,2114100.0
945,2021-09-27 13:51:26,28550.0,2000.0,2113600.0
946,2021-09-27 13:51:19,28700.0,600.0,2111600.0
947,2021-09-27 13:51:18,28550.0,500.0,2111000.0
948,2021-09-27 13:51:13,28550.0,1000.0,2110500.0
949,2021-09-27 13:51:13,28650.0,400.0,2109500.0
950,2021-09-27 13:51:13,28650.0,600.0,2109100.0
951,2021-09-27 13:51:07,28650.0,400.0,2108500.0
952,2021-09-27 13:50:51,28650.0,500.0,2108100.0
953,2021-09-27 13:50:47,28650.0,100.0,2107600.0
954,2021-09-27 13:50:47,28650.0,400.0,2107500.0
955,2021-09-27 13:50:47,28650.0,1000.0,2107100.0
956,2021-09-27 13:50:47,28650.0,1000.0,2106100.0
957,2021-09-27 13:50:47,28650.0,200.0,2105100.0
958,2021-09-27 13:50:47,28650.0,2000.0,2104900.0
959,2021-09-27 13:50:47,28650.0,2000.0,2102900.0
960,2021-09-27 13:50:47,28650.0,1800.0,2100900.0
961,2021-09-27 13:50:42,28650.0,400.0,2099100.0
962,2021-09-27 13:50:24,28550.0,500.0,2098700.0
963,2021-09-27 13:50:14,28650.0,400.0,2098200.0
964,2021-09-27 13:50:12,28550.0,400.0,2097800.0
965,2021-09-27 13:49:58,28550.0,100.0,2097400.0
966,2021-09-27 13:49:32,28500.0,500.0,2097300.0
967,2021-09-27 13:49:20,28650.0,200.0,2096800.0
968,2021-09-27 13:49:20,28550.0,300.0,2096600.0
969,2021-09-27 13:49:17,28550.0,100.0,2096300.0
970,2021-09-27 13:49:16,28550.0,100.0,2096200.0
971,2021-09-27 13:49:16,28550.0,1300.0,2096100.0
972,2021-09-27 13:49:16,28600.0,600.0,2094800.0
973,2021-09-27 13:49:16,28600.0,1600.0,2094200.0
974,2021-09-27 13:49:14,28600.0,1700.0,2092600.0
975,2021-09-27 13:49:14,28600.0,200.0,2090900.0
976,2021-09-27 13:49:14,28600.0,700.0,2090700.0
977,2021-09-27 13:49:14,28600.0,1000.0,2090000.0
978,2021-09-27 13:49:14,28600.0,100.0,2089000.0
979,2021-09-27 13:49:14,28600.0,200.0,2088900.0
980,2021-09-27 13:49:14,28600.0,3000.0,2088700.0
981,2021-09-27 13:49:14,28600.0,1000.0,2085700.0
982,2021-09-27 13:49:14,28600.0,5500.0,2084700.0
983,2021-09-27 13:49:05,28550.0,500.0,2079200.0
984,2021-09-27 13:49:04,28550.0,3200.0,2078700.0
985,2021-09-27 13:48:54,28550.0,100.0,2075500.0
986,2021-09-27 13:48:42,28550.0,100.0,2075400.0
987,2021-09-27 13:48:40,28550.0,1600.0,2075300.0
988,2021-09-27 13:48:39,28550.0,400.0,2073700.0
989,2021-09-27 13:48:39,28550.0,100.0,2073300.0
990,2021-09-27 13:48:32,28550.0,200.0,2073200.0
991,2021-09-27 13:48:14,28500.0,500.0,2073000.0
992,2021-09-27 13:48:09,28550.0,100.0,2072500.0
993,2021-09-27 13:47:57,28550.0,100.0,2072400.0
994,2021-09-27 13:47:57,28550.0,200.0,2072300.0
995,2021-09-27 13:47:57,28550.0,100.0,2072100.0
996,2021-09-27 13:47:57,28550.0,100.0,2072000.0
997,2021-09-27 13:47:57,28550.0,100.0,2071900.0
998,2021-09-27 13:47:57,28550.0,100.0,2071800.0
999,2021-09-27 13:47:57,28550.0,300.0,2071700.0
1000,2021-09-27 13:47:48,28550.0,500.0,2071400.0
1001,2021-09-27 13:47:39,28550.0,2000.0,2070900.0
1002,2021-09-27 13:47:36,28600.0,400.0,2068900.0
1003,2021-09-27 13:47:22,28550.0,500.0,2068500.0
1004,2021-09-27 13:47:20,28600.0,600.0,2068000.0
1005,2021-09-27 13:47:09,28550.0,1700.0,2067400.0
1006,2021-09-27 13:47:09,28550.0,300.0,2065700.0
1007,2021-09-27 13:46:55,28550.0,100.0,2065400.0
1008,2021-09-27 13:46:55,28550.0,100.0,2065300.0
1009,2021-09-27 13:46:55,28550.0,200.0,2065200.0
1010,2021-09-27 13:46:55,28550.0,100.0,2065000.0
1011,2021-09-27 13:46:55,28550.0,100.0,2064900.0
1012,2021-09-27 13:46:55,28550.0,300.0,2064800.0
1013,2021-09-27 13:46:55,28550.0,100.0,2064500.0
1014,2021-09-27 13:46:28,28550.0,500.0,2064400.0
1015,2021-09-27 13:46:26,28550.0,500.0,2063900.0
1016,2021-09-27 13:46:26,28550.0,200.0,2063400.0
1017,2021-09-27 13:46:26,28550.0,200.0,2063200.0
1018,2021-09-27 13:46:26,28550.0,100.0,2063000.0
1019,2021-09-27 13:46:02,28550.0,500.0,2062900.0
1020,2021-09-27 13:45:57,28550.0,400.0,2062400.0
1021,2021-09-27 13:45:57,28550.0,100.0,2062000.0
1022,2021-09-27 13:45:36,28550.0,500.0,2061900.0
1023,2021-09-27 13:45:32,28550.0,100.0,2061400.0
1024,2021-09-27 13:45:25,28550.0,200.0,2061300.0
1025,2021-09-27 13:45:25,28550.0,700.0,2061100.0
1026,2021-09-27 13:45:21,28600.0,600.0,2060400.0
1027,2021-09-27 13:45:09,28550.0,500.0,2059800.0
1028,2021-09-27 13:44:43,28550.0,100.0,2059300.0
1029,2021-09-27 13:44:43,28550.0,400.0,2059200.0
1030,2021-09-27 13:44:40,28600.0,500.0,2058800.0
1031,2021-09-27 13:44:39,28600.0,3700.0,2058300.0
1032,2021-09-27 13:44:39,28600.0,7900.0,2054600.0
1033,2021-09-27 13:44:29,28600.0,400.0,2046700.0
1034,2021-09-27 13:44:18,28550.0,500.0,2046300.0
1035,2021-09-27 13:44:15,28550.0,5000.0,2045800.0
1036,2021-09-27 13:44:11,28600.0,100.0,2040800.0
1037,2021-09-27 13:44:06,28600.0,100.0,2040700.0
1038,2021-09-27 13:43:52,28550.0,500.0,2040600.0
1039,2021-09-27 13:43:43,28600.0,100.0,2040100.0
1040,2021-09-27 13:43:29,28600.0,1900.0,2040000.0
1041,2021-09-27 13:43:24,28550.0,500.0,2038100.0
1042,2021-09-27 13:43:23,28600.0,500.0,2037600.0
1043,2021-09-27 13:42:58,28550.0,500.0,2037100.0
1044,2021-09-27 13:42:32,28550.0,400.0,2036600.0
1045,2021-09-27 13:42:14,28550.0,500.0,2036200.0
1046,2021-09-27 13:42:14,28550.0,8800.0,2035700.0
1047,2021-09-27 13:42:10,28550.0,1200.0,2026900.0
1048,2021-09-27 13:42:10,28550.0,100.0,2025700.0
1049,2021-09-27 13:42:10,28550.0,100.0,2025600.0
1050,2021-09-27 13:42:06,28500.0,500.0,2025500.0
1051,2021-09-27 13:41:47,28500.0,200.0,2025000.0
1052,2021-09-27 13:41:45,28550.0,200.0,2024800.0
1053,2021-09-27 13:41:44,28550.0,100.0,2024600.0
1054,2021-09-27 13:41:44,28550.0,200.0,2024500.0
1055,2021-09-27 13:41:44,28550.0,3000.0,2024300.0
1056,2021-09-27 13:41:44,28550.0,100.0,2021300.0
1057,2021-09-27 13:41:44,28550.0,500.0,2021200.0
1058,2021-09-27 13:41:44,28550.0,1100.0,2020700.0
1059,2021-09-27 13:41:39,28500.0,500.0,2019600.0
1060,2021-09-27 13:41:24,28550.0,600.0,2019100.0
1061,2021-09-27 13:41:23,28550.0,300.0,2018500.0
1062,2021-09-27 13:41:23,28550.0,100.0,2018200.0
1063,2021-09-27 13:41:14,28500.0,300.0,2018100.0
1064,2021-09-27 13:41:14,28500.0,100.0,2017800.0
1065,2021-09-27 13:41:01,28500.0,100.0,2017700.0
1066,2021-09-27 13:40:48,28500.0,400.0,2017600.0
1067,2021-09-27 13:40:30,28500.0,400.0,2017200.0
1068,2021-09-27 13:40:30,28500.0,200.0,2016800.0
1069,2021-09-27 13:40:30,28500.0,1000.0,2016600.0
1070,2021-09-27 13:40:30,28500.0,100.0,2015600.0
1071,2021-09-27 13:40:30,28500.0,700.0,2015500.0
1072,2021-09-27 13:40:30,28500.0,7600.0,2014800.0
1073,2021-09-27 13:40:30,28500.0,100.0,2007200.0
1074,2021-09-27 13:40:24,28550.0,100.0,2007100.0
1075,2021-09-27 13:40:23,28550.0,300.0,2007000.0
1076,2021-09-27 13:40:23,28550.0,2700.0,2006700.0
1077,2021-09-27 13:40:22,28500.0,100.0,2004000.0
1078,2021-09-27 13:40:22,28500.0,300.0,2003900.0
1079,2021-09-27 13:39:56,28500.0,400.0,2003600.0
1080,2021-09-27 13:39:28,28500.0,300.0,2003200.0
1081,2021-09-27 13:39:28,28500.0,100.0,2002900.0
1082,2021-09-27 13:39:25,28500.0,100.0,2002800.0
1083,2021-09-27 13:39:25,28550.0,500.0,2002700.0
1084,2021-09-27 13:39:08,28500.0,1000.0,2002200.0
1085,2021-09-27 13:39:02,28500.0,500.0,2001200.0
1086,2021-09-27 13:39:02,28500.0,300.0,2000700.0
1087,2021-09-27 13:39:02,28500.0,200.0,2000400.0
1088,2021-09-27 13:39:02,28500.0,500.0,2000200.0
1089,2021-09-27 13:38:53,28500.0,100.0,1999700.0
1090,2021-09-27 13:38:53,28500.0,100.0,1999600.0
1091,2021-09-27 13:38:53,28500.0,200.0,1999500.0
1092,2021-09-27 13:38:46,28500.0,100.0,1999300.0
1093,2021-09-27 13:38:44,28500.0,100.0,1999200.0
1094,2021-09-27 13:38:43,28500.0,600.0,1999100.0
1095,2021-09-27 13:38:43,28500.0,400.0,1998500.0
1096,2021-09-27 13:38:40,28500.0,100.0,1998100.0
1097,2021-09-27 13:38:40,28500.0,100.0,1998000.0
1098,2021-09-27 13:38:40,28500.0,600.0,1997900.0
1099,2021-09-27 13:38:36,28500.0,400.0,1997300.0
1100,2021-09-27 13:38:33,28500.0,5700.0,1996900.0
1101,2021-09-27 13:38:33,28500.0,1000.0,1991200.0
1102,2021-09-27 13:38:33,28500.0,100.0,1990200.0
1103,2021-09-27 13:38:33,28500.0,1000.0,1990100.0
1104,2021-09-27 13:38:33,28500.0,200.0,1989100.0
1105,2021-09-27 13:38:33,28500.0,200.0,1988900.0
1106,2021-09-27 13:38:33,28500.0,600.0,1988700.0
1107,2021-09-27 13:38:33,28500.0,100.0,1988100.0
1108,2021-09-27 13:38:33,28500.0,1100.0,1988000.0
1109,2021-09-27 13:38:30,28550.0,1000.0,1986900.0
1110,2021-09-27 13:38:17,28550.0,400.0,1985900.0
1111,2021-09-27 13:38:10,28500.0,400.0,1985500.0
1112,2021-09-27 13:38:04,28550.0,300.0,1985100.0
1113,2021-09-27 13:37:43,28500.0,400.0,1984800.0
1114,2021-09-27 13:37:30,28500.0,200.0,1984400.0
1115,2021-09-27 13:37:30,28500.0,200.0,1984200.0
1116,2021-09-27 13:37:30,28500.0,1000.0,1984000.0
1117,2021-09-27 13:37:30,28500.0,100.0,1983000.0
1118,2021-09-27 13:37:25,28550.0,100.0,1982900.0
1119,2021-09-27 13:37:25,28550.0,500.0,1982800.0
1120,2021-09-27 13:37:18,28500.0,200.0,1982300.0
1121,2021-09-27 13:37:18,28500.0,200.0,1982100.0
1122,2021-09-27 13:37:15,28500.0,100.0,1981900.0
1123,2021-09-27 13:37:15,28500.0,500.0,1981800.0
1124,2021-09-27 13:37:15,28500.0,2200.0,1981300.0
1125,2021-09-27 13:37:12,28500.0,100.0,1979100.0
1126,2021-09-27 13:37:10,28500.0,100.0,1979000.0
1127,2021-09-27 13:37:03,28500.0,500.0,1978900.0
1128,2021-09-27 13:36:52,28500.0,400.0,1978400.0
1129,2021-09-27 13:36:51,28500.0,5000.0,1978000.0
1130,2021-09-27 13:36:46,28500.0,100.0,1973000.0
1131,2021-09-27 13:36:43,28500.0,1000.0,1972900.0
1132,2021-09-27 13:36:38,28500.0,600.0,1971900.0
1133,2021-09-27 13:36:38,28500.0,2000.0,1971300.0
1134,2021-09-27 13:36:38,28500.0,100.0,1969300.0
1135,2021-09-27 13:36:38,28500.0,1000.0,1969200.0
1136,2021-09-27 13:36:38,28500.0,1000.0,1968200.0
1137,2021-09-27 13:36:38,28500.0,500.0,1967200.0
1138,2021-09-27 13:36:38,28500.0,100.0,1966700.0
1139,2021-09-27 13:36:38,28500.0,100.0,1966600.0
1140,2021-09-27 13:36:38,28500.0,200.0,1966500.0
1141,2021-09-27 13:36:25,28500.0,200.0,1966300.0
1142,2021-09-27 13:36:25,28500.0,200.0,1966100.0
1143,2021-09-27 13:36:18,28500.0,400.0,1965900.0
1144,2021-09-27 13:36:18,28500.0,100.0,1965500.0
1145,2021-09-27 13:36:11,28500.0,200.0,1965400.0
1146,2021-09-27 13:36:11,28500.0,100.0,1965200.0
1147,2021-09-27 13:36:11,28500.0,100.0,1965100.0
1148,2021-09-27 13:36:11,28500.0,100.0,1965000.0
1149,2021-09-27 13:36:11,28500.0,200.0,1964900.0
1150,2021-09-27 13:36:11,28500.0,4900.0,1964700.0
1151,2021-09-27 13:35:58,28500.0,100.0,1959800.0
1152,2021-09-27 13:35:58,28500.0,100.0,1959700.0
1153,2021-09-27 13:35:58,28500.0,200.0,1959600.0
1154,2021-09-27 13:35:50,28500.0,2000.0,1959400.0
1155,2021-09-27 13:35:49,28500.0,5600.0,1957400.0
1156,2021-09-27 13:35:32,28500.0,400.0,1951800.0
1157,2021-09-27 13:35:27,28550.0,500.0,1951400.0
1158,2021-09-27 13:35:10,28500.0,3000.0,1950900.0
1159,2021-09-27 13:35:10,28550.0,400.0,1947900.0
1160,2021-09-27 13:35:06,28500.0,400.0,1947500.0
1161,2021-09-27 13:34:40,28500.0,400.0,1947100.0
1162,2021-09-27 13:34:15,28500.0,400.0,1946700.0
1163,2021-09-27 13:34:14,28500.0,4900.0,1946300.0
1164,2021-09-27 13:34:14,28550.0,100.0,1941400.0
1165,2021-09-27 13:34:14,28550.0,600.0,1941300.0
1166,2021-09-27 13:33:48,28550.0,400.0,1940700.0
1167,2021-09-27 13:33:35,28500.0,5600.0,1940300.0
1168,2021-09-27 13:33:27,28600.0,600.0,1934700.0
1169,2021-09-27 13:33:27,28500.0,8300.0,1934100.0
1170,2021-09-27 13:33:27,28500.0,200.0,1925800.0
1171,2021-09-27 13:33:27,28500.0,100.0,1925600.0
1172,2021-09-27 13:33:27,28500.0,1000.0,1925500.0
1173,2021-09-27 13:33:27,28500.0,500.0,1924500.0
1174,2021-09-27 13:33:27,28500.0,400.0,1924000.0
1175,2021-09-27 13:33:27,28500.0,100.0,1923600.0
1176,2021-09-27 13:33:27,28500.0,100.0,1923500.0
1177,2021-09-27 13:33:27,28500.0,500.0,1923400.0
1178,2021-09-27 13:33:27,28500.0,200.0,1922900.0
1179,2021-09-27 13:33:27,28500.0,100.0,1922700.0
1180,2021-09-27 13:33:27,28500.0,300.0,1922600.0
1181,2021-09-27 13:33:27,28500.0,200.0,1922300.0
1182,2021-09-27 13:33:27,28500.0,100.0,1922100.0
1183,2021-09-27 13:33:27,28500.0,100.0,1922000.0
1184,2021-09-27 13:33:27,28500.0,10000.0,1921900.0
1185,2021-09-27 13:33:27,28500.0,100.0,1911900.0
1186,2021-09-27 13:33:27,28500.0,100.0,1911800.0
1187,2021-09-27 13:33:27,28500.0,100.0,1911700.0
1188,2021-09-27 13:33:27,28500.0,100.0,1911600.0
1189,2021-09-27 13:33:27,28500.0,800.0,1911500.0
1190,2021-09-27 13:33:27,28500.0,300.0,1910700.0
1191,2021-09-27 13:33:27,28500.0,1000.0,1910400.0
1192,2021-09-27 13:33:27,28500.0,100.0,1909400.0
1193,2021-09-27 13:33:27,28500.0,500.0,1909300.0
1194,2021-09-27 13:33:27,28500.0,200.0,1908800.0
1195,2021-09-27 13:33:27,28500.0,2000.0,1908600.0
1196,2021-09-27 13:33:27,28500.0,1000.0,1906600.0
1197,2021-09-27 13:33:27,28500.0,200.0,1905600.0
1198,2021-09-27 13:33:27,28500.0,100.0,1905400.0
1199,2021-09-27 13:33:27,28500.0,700.0,1905300.0
1200,2021-09-27 13:33:27,28500.0,100.0,1904600.0
1201,2021-09-27 13:33:27,28500.0,1000.0,1904500.0
1202,2021-09-27 13:33:27,28500.0,100.0,1903500.0
1203,2021-09-27 13:33:27,28500.0,500.0,1903400.0
1204,2021-09-27 13:33:27,28500.0,100.0,1902900.0
1205,2021-09-27 13:33:27,28500.0,100.0,1902800.0
1206,2021-09-27 13:33:27,28500.0,5000.0,1902700.0
1207,2021-09-27 13:33:27,28500.0,500.0,1897700.0
1208,2021-09-27 13:33:27,28500.0,1000.0,1897200.0
1209,2021-09-27 13:33:27,28500.0,100.0,1896200.0
1210,2021-09-27 13:33:27,28500.0,500.0,1896100.0
1211,2021-09-27 13:33:27,28500.0,100.0,1895600.0
1212,2021-09-27 13:33:27,28500.0,100.0,1895500.0
1213,2021-09-27 13:33:27,28500.0,2000.0,1895400.0
1214,2021-09-27 13:33:27,28500.0,700.0,1893400.0
1215,2021-09-27 13:33:27,28500.0,300.0,1892700.0
1216,2021-09-27 13:33:27,28500.0,1000.0,1892400.0
1217,2021-09-27 13:33:27,28500.0,1000.0,1891400.0
1218,2021-09-27 13:33:27,28500.0,3000.0,1890400.0
1219,2021-09-27 13:33:27,28500.0,300.0,1887400.0
1220,2021-09-27 13:33:27,28500.0,100.0,1887100.0
1221,2021-09-27 13:33:27,28500.0,1000.0,1887000.0
1222,2021-09-27 13:33:27,28500.0,100.0,1886000.0
1223,2021-09-27 13:33:27,28500.0,200.0,1885900.0
1224,2021-09-27 13:33:27,28500.0,300.0,1885700.0
1225,2021-09-27 13:33:27,28500.0,300.0,1885400.0
1226,2021-09-27 13:33:27,28500.0,300.0,1885100.0
1227,2021-09-27 13:33:27,28500.0,100.0,1884800.0
1228,2021-09-27 13:33:27,28500.0,500.0,1884700.0
1229,2021-09-27 13:33:27,28500.0,10000.0,1884200.0
1230,2021-09-27 13:33:27,28500.0,500.0,1874200.0
1231,2021-09-27 13:33:27,28500.0,400.0,1873700.0
1232,2021-09-27 13:33:27,28500.0,2800.0,1873300.0
1233,2021-09-27 13:33:27,28500.0,500.0,1870500.0
1234,2021-09-27 13:33:27,28500.0,100.0,1870000.0
1235,2021-09-27 13:33:27,28500.0,300.0,1869900.0
1236,2021-09-27 13:33:27,28500.0,500.0,1869600.0
1237,2021-09-27 13:33:27,28500.0,200.0,1869100.0
1238,2021-09-27 13:33:27,28500.0,500.0,1868900.0
1239,2021-09-27 13:33:27,28500.0,2000.0,1868400.0
1240,2021-09-27 13:33:27,28500.0,100.0,1866400.0
1241,2021-09-27 13:33:27,28500.0,1500.0,1866300.0
1242,2021-09-27 13:33:27,28500.0,200.0,1864800.0
1243,2021-09-27 13:33:27,28500.0,500.0,1864600.0
1244,2021-09-27 13:33:27,28500.0,100.0,1864100.0
1245,2021-09-27 13:33:27,28500.0,500.0,1864000.0
1246,2021-09-27 13:33:27,28500.0,100.0,1863500.0
1247,2021-09-27 13:33:27,28500.0,100.0,1863400.0
1248,2021-09-27 13:33:27,28500.0,100.0,1863300.0
1249,2021-09-27 13:33:27,28500.0,100.0,1863200.0
1250,2021-09-27 13:33:27,28500.0,1000.0,1863100.0
1251,2021-09-27 13:33:27,28500.0,500.0,1862100.0
1252,2021-09-27 13:33:27,28500.0,4000.0,1861600.0
1253,2021-09-27 13:33:27,28500.0,200.0,1857600.0
1254,2021-09-27 13:33:27,28500.0,200.0,1857400.0
1255,2021-09-27 13:33:27,28500.0,400.0,1857200.0
1256,2021-09-27 13:33:27,28500.0,200.0,1856800.0
1257,2021-09-27 13:33:27,28500.0,100.0,1856600.0
1258,2021-09-27 13:33:27,28500.0,1000.0,1856500.0
1259,2021-09-27 13:33:27,28500.0,100.0,1855500.0
1260,2021-09-27 13:33:27,28500.0,100.0,1855400.0
1261,2021-09-27 13:33:27,28500.0,200.0,1855300.0
1262,2021-09-27 13:33:27,28500.0,1000.0,1855100.0
1263,2021-09-27 13:33:27,28500.0,1900.0,1854100.0
1264,2021-09-27 13:33:27,28500.0,2000.0,1852200.0
1265,2021-09-27 13:33:27,28500.0,100.0,1850200.0
1266,2021-09-27 13:33:27,28500.0,100.0,1850100.0
1267,2021-09-27 13:33:27,28500.0,100.0,1850000.0
1268,2021-09-27 13:33:27,28500.0,100.0,1849900.0
1269,2021-09-27 13:33:27,28500.0,100.0,1849800.0
1270,2021-09-27 13:33:27,28500.0,100.0,1849700.0
1271,2021-09-27 13:33:27,28500.0,500.0,1849600.0
1272,2021-09-27 13:33:27,28500.0,400.0,1849100.0
1273,2021-09-27 13:33:27,28500.0,200.0,1848700.0
1274,2021-09-27 13:33:27,28500.0,1000.0,1848500.0
1275,2021-09-27 13:33:27,28500.0,500.0,1847500.0
1276,2021-09-27 13:33:27,28500.0,300.0,1847000.0
1277,2021-09-27 13:33:27,28500.0,500.0,1846700.0
1278,2021-09-27 13:33:27,28500.0,900.0,1846200.0
1279,2021-09-27 13:33:27,28500.0,5000.0,1845300.0
1280,2021-09-27 13:33:27,28500.0,100.0,1840300.0
1281,2021-09-27 13:33:27,28500.0,100.0,1840200.0
1282,2021-09-27 13:33:27,28500.0,100.0,1840100.0
1283,2021-09-27 13:33:27,28500.0,200.0,1840000.0
1284,2021-09-27 13:33:27,28500.0,2000.0,1839800.0
1285,2021-09-27 13:33:27,28500.0,500.0,1837800.0
1286,2021-09-27 13:33:27,28500.0,5000.0,1837300.0
1287,2021-09-27 13:33:27,28500.0,100.0,1832300.0
1288,2021-09-27 13:33:27,28500.0,200.0,1832200.0
1289,2021-09-27 13:33:27,28500.0,500.0,1832000.0
1290,2021-09-27 13:33:27,28500.0,100.0,1831500.0
1291,2021-09-27 13:33:27,28500.0,200.0,1831400.0
1292,2021-09-27 13:33:27,28500.0,300.0,1831200.0
1293,2021-09-27 13:33:27,28500.0,5000.0,1830900.0
1294,2021-09-27 13:33:27,28500.0,800.0,1825900.0
1295,2021-09-27 13:33:27,28500.0,1000.0,1825100.0
1296,2021-09-27 13:33:27,28500.0,100.0,1824100.0
1297,2021-09-27 13:33:27,28500.0,1000.0,1824000.0
1298,2021-09-27 13:33:27,28500.0,100.0,1823000.0
1299,2021-09-27 13:33:27,28500.0,200.0,1822900.0
1300,2021-09-27 13:33:27,28500.0,2000.0,1822700.0
1301,2021-09-27 13:33:27,28500.0,200.0,1820700.0
1302,2021-09-27 13:33:27,28500.0,100.0,1820500.0
1303,2021-09-27 13:33:27,28500.0,100.0,1820400.0
1304,2021-09-27 13:33:27,28500.0,1000.0,1820300.0
1305,2021-09-27 13:33:27,28500.0,100.0,1819300.0
1306,2021-09-27 13:33:27,28500.0,100.0,1819200.0
1307,2021-09-27 13:33:27,28500.0,100.0,1819100.0
1308,2021-09-27 13:33:27,28500.0,5000.0,1819000.0
1309,2021-09-27 13:33:27,28500.0,100.0,1814000.0
1310,2021-09-27 13:33:27,28500.0,200.0,1813900.0
1311,2021-09-27 13:33:27,28500.0,1000.0,1813700.0
1312,2021-09-27 13:33:27,28500.0,200.0,1812700.0
1313,2021-09-27 13:33:27,28500.0,100.0,1812500.0
1314,2021-09-27 13:33:27,28500.0,100.0,1812400.0
1315,2021-09-27 13:33:27,28500.0,2000.0,1812300.0
1316,2021-09-27 13:33:27,28500.0,100.0,1810300.0
1317,2021-09-27 13:33:27,28500.0,700.0,1810200.0
1318,2021-09-27 13:33:27,28500.0,100.0,1809500.0
1319,2021-09-27 13:33:27,28500.0,500.0,1809400.0
1320,2021-09-27 13:33:27,28500.0,300.0,1808900.0
1321,2021-09-27 13:33:27,28500.0,100.0,1808600.0
1322,2021-09-27 13:33:27,28500.0,5000.0,1808500.0
1323,2021-09-27 13:33:27,28500.0,100.0,1803500.0
1324,2021-09-27 13:33:27,28500.0,100.0,1803400.0
1325,2021-09-27 13:33:27,28500.0,10000.0,1803300.0
1326,2021-09-27 13:33:27,28500.0,100.0,1793300.0
1327,2021-09-27 13:33:27,28500.0,500.0,1793200.0
1328,2021-09-27 13:33:27,28500.0,100.0,1792700.0
1329,2021-09-27 13:33:27,28500.0,100.0,1792600.0
1330,2021-09-27 13:33:27,28500.0,20000.0,1792500.0
1331,2021-09-27 13:33:27,28500.0,200.0,1772500.0
1332,2021-09-27 13:33:27,28500.0,1000.0,1772300.0
1333,2021-09-27 13:33:27,28500.0,300.0,1771300.0
1334,2021-09-27 13:33:27,28500.0,1000.0,1771000.0
1335,2021-09-27 13:33:27,28500.0,1000.0,1770000.0
1336,2021-09-27 13:33:27,28500.0,200.0,1769000.0
1337,2021-09-27 13:33:27,28500.0,100.0,1768800.0
1338,2021-09-27 13:33:27,28500.0,500.0,1768700.0
1339,2021-09-27 13:33:27,28500.0,100.0,1768200.0
1340,2021-09-27 13:33:27,28500.0,100.0,1768100.0
1341,2021-09-27 13:33:27,28500.0,200.0,1768000.0
1342,2021-09-27 13:33:27,28500.0,3000.0,1767800.0
1343,2021-09-27 13:33:27,28500.0,300.0,1764800.0
1344,2021-09-27 13:33:27,28500.0,3000.0,1764500.0
1345,2021-09-27 13:33:27,28550.0,1000.0,1761500.0
1346,2021-09-27 13:33:27,28550.0,200.0,1760500.0
1347,2021-09-27 13:33:27,28550.0,100.0,1760300.0
1348,2021-09-27 13:33:27,28550.0,100.0,1760200.0
1349,2021-09-27 13:33:27,28550.0,500.0,1760100.0
1350,2021-09-27 13:33:27,28550.0,200.0,1759600.0
1351,2021-09-27 13:33:27,28550.0,100.0,1759400.0
1352,2021-09-27 13:33:27,28550.0,200.0,1759300.0
1353,2021-09-27 13:33:27,28550.0,100.0,1759100.0
1354,2021-09-27 13:33:27,28550.0,200.0,1759000.0
1355,2021-09-27 13:33:27,28550.0,200.0,1758800.0
1356,2021-09-27 13:33:27,28550.0,2300.0,1758600.0
1357,2021-09-27 13:33:27,28550.0,1000.0,1756300.0
1358,2021-09-27 13:33:27,28550.0,100.0,1755300.0
1359,2021-09-27 13:33:27,28550.0,100.0,1755200.0
1360,2021-09-27 13:33:27,28550.0,100.0,1755100.0
1361,2021-09-27 13:33:27,28550.0,100.0,1755000.0
1362,2021-09-27 13:33:27,28550.0,1000.0,1754900.0
1363,2021-09-27 13:33:27,28550.0,100.0,1753900.0
1364,2021-09-27 13:33:27,28550.0,5000.0,1753800.0
1365,2021-09-27 13:33:27,28550.0,200.0,1748800.0
1366,2021-09-27 13:33:27,28550.0,300.0,1748600.0
1367,2021-09-27 13:33:27,28550.0,1500.0,1748300.0
1368,2021-09-27 13:33:27,28550.0,100.0,1746800.0
1369,2021-09-27 13:33:27,28550.0,2000.0,1746700.0
1370,2021-09-27 13:33:27,28550.0,1000.0,1744700.0
1371,2021-09-27 13:33:27,28550.0,1400.0,1743700.0
1372,2021-09-27 13:33:27,28550.0,100.0,1742300.0
1373,2021-09-27 13:33:27,28550.0,15000.0,1742200.0
1374,2021-09-27 13:33:27,28550.0,500.0,1727200.0
1375,2021-09-27 13:33:27,28550.0,100.0,1726700.0
1376,2021-09-27 13:33:27,28550.0,500.0,1726600.0
1377,2021-09-27 13:33:27,28550.0,12000.0,1726100.0
1378,2021-09-27 13:33:22,28550.0,400.0,1714100.0
1379,2021-09-27 13:33:19,28600.0,100.0,1713700.0
1380,2021-09-27 13:33:04,28550.0,5600.0,1713600.0
1381,2021-09-27 13:32:55,28550.0,400.0,1708000.0
1382,2021-09-27 13:32:46,28600.0,1000.0,1707600.0
1383,2021-09-27 13:32:40,28600.0,1000.0,1706600.0
1384,2021-09-27 13:32:31,28600.0,1000.0,1705600.0
1385,2021-09-27 13:32:29,28550.0,400.0,1704600.0
1386,2021-09-27 13:32:26,28550.0,1200.0,1704200.0
1387,2021-09-27 13:32:26,28550.0,100.0,1703000.0
1388,2021-09-27 13:32:26,28550.0,400.0,1702900.0
1389,2021-09-27 13:32:26,28550.0,300.0,1702500.0
1390,2021-09-27 13:32:26,28550.0,500.0,1702200.0
1391,2021-09-27 13:32:26,28550.0,200.0,1701700.0
1392,2021-09-27 13:32:26,28550.0,2900.0,1701500.0
1393,2021-09-27 13:32:21,28600.0,100.0,1698600.0
1394,2021-09-27 13:32:15,28600.0,100.0,1698500.0
1395,2021-09-27 13:32:14,28600.0,2000.0,1698400.0
1396,2021-09-27 13:32:13,28600.0,200.0,1696400.0
1397,2021-09-27 13:32:13,28600.0,100.0,1696200.0
1398,2021-09-27 13:32:13,28600.0,100.0,1696100.0
1399,2021-09-27 13:32:13,28600.0,2000.0,1696000.0
1400,2021-09-27 13:32:13,28600.0,200.0,1694000.0
1401,2021-09-27 13:32:13,28600.0,200.0,1693800.0
1402,2021-09-27 13:32:13,28600.0,200.0,1693600.0
1403,2021-09-27 13:32:13,28600.0,300.0,1693400.0
1404,2021-09-27 13:32:13,28600.0,200.0,1693100.0
1405,2021-09-27 13:32:13,28600.0,100.0,1692900.0
1406,2021-09-27 13:32:13,28600.0,500.0,1692800.0
1407,2021-09-27 13:32:13,28600.0,100.0,1692300.0
1408,2021-09-27 13:32:13,28600.0,200.0,1692200.0
1409,2021-09-27 13:32:13,28600.0,100.0,1692000.0
1410,2021-09-27 13:32:13,28600.0,100.0,1691900.0
1411,2021-09-27 13:32:13,28600.0,100.0,1691800.0
1412,2021-09-27 13:32:13,28600.0,200.0,1691700.0
1413,2021-09-27 13:32:13,28600.0,100.0,1691500.0
1414,2021-09-27 13:32:13,28600.0,1900.0,1691400.0
1415,2021-09-27 13:32:13,28600.0,200.0,1689500.0
1416,2021-09-27 13:32:13,28600.0,500.0,1689300.0
1417,2021-09-27 13:32:13,28600.0,500.0,1688800.0
1418,2021-09-27 13:32:13,28600.0,100.0,1688300.0
1419,2021-09-27 13:32:13,28600.0,100.0,1688200.0
1420,2021-09-27 13:32:13,28600.0,2000.0,1688100.0
1421,2021-09-27 13:32:13,28600.0,500.0,1686100.0
1422,2021-09-27 13:32:13,28600.0,100.0,1685600.0
1423,2021-09-27 13:32:13,28600.0,100.0,1685500.0
1424,2021-09-27 13:32:13,28600.0,500.0,1685400.0
1425,2021-09-27 13:32:13,28600.0,500.0,1684900.0
1426,2021-09-27 13:32:13,28600.0,500.0,1684400.0
1427,2021-09-27 13:32:13,28600.0,100.0,1683900.0
1428,2021-09-27 13:32:13,28600.0,300.0,1683800.0
1429,2021-09-27 13:32:13,28600.0,500.0,1683500.0
1430,2021-09-27 13:32:13,28600.0,600.0,1683000.0
1431,2021-09-27 13:32:13,28600.0,200.0,1682400.0
1432,2021-09-27 13:32:13,28600.0,500.0,1682200.0
1433,2021-09-27 13:32:13,28600.0,300.0,1681700.0
1434,2021-09-27 13:32:13,28600.0,5000.0,1681400.0
1435,2021-09-27 13:32:13,28600.0,10000.0,1676400.0
1436,2021-09-27 13:32:13,28600.0,10000.0,1666400.0
1437,2021-09-27 13:32:13,28600.0,300.0,1656400.0
1438,2021-09-27 13:32:13,28600.0,100.0,1656100.0
1439,2021-09-27 13:32:13,28600.0,1400.0,1656000.0
1440,2021-09-27 13:32:04,28650.0,200.0,1654600.0
1441,2021-09-27 13:32:04,28650.0,200.0,1654400.0
1442,2021-09-27 13:32:02,28600.0,400.0,1654200.0
1443,2021-09-27 13:32:00,28600.0,5600.0,1653800.0
1444,2021-09-27 13:31:52,28600.0,1000.0,1648200.0
1445,2021-09-27 13:31:36,28600.0,400.0,1647200.0
1446,2021-09-27 13:31:33,28600.0,100.0,1646800.0
1447,2021-09-27 13:31:30,28600.0,1100.0,1646700.0
1448,2021-09-27 13:31:30,28600.0,900.0,1645600.0
1449,2021-09-27 13:31:28,28650.0,500.0,1644700.0
1450,2021-09-27 13:31:26,28600.0,5600.0,1644200.0
1451,2021-09-27 13:31:11,28600.0,1000.0,1638600.0
1452,2021-09-27 13:31:10,28600.0,400.0,1637600.0
1453,2021-09-27 13:31:00,28600.0,2100.0,1637200.0
1454,2021-09-27 13:31:00,28600.0,100.0,1635100.0
1455,2021-09-27 13:31:00,28600.0,3400.0,1635000.0
1456,2021-09-27 13:30:47,28600.0,100.0,1631600.0
1457,2021-09-27 13:30:45,28600.0,400.0,1631500.0
1458,2021-09-27 13:30:26,28600.0,5600.0,1631100.0
1459,2021-09-27 13:30:18,28600.0,100.0,1625500.0
1460,2021-09-27 13:30:18,28600.0,400.0,1625400.0
1461,2021-09-27 13:30:09,28600.0,300.0,1625000.0
1462,2021-09-27 13:30:09,28600.0,700.0,1624700.0
1463,2021-09-27 13:30:09,28600.0,2000.0,1624000.0
1464,2021-09-27 13:29:54,28600.0,5600.0,1622000.0
1465,2021-09-27 13:29:51,28600.0,400.0,1616400.0
1466,2021-09-27 13:29:37,28600.0,1000.0,1616000.0
1467,2021-09-27 13:29:37,28600.0,400.0,1615000.0
1468,2021-09-27 13:29:30,28650.0,300.0,1614600.0
1469,2021-09-27 13:29:30,28650.0,300.0,1614300.0
1470,2021-09-27 13:29:25,28600.0,100.0,1614000.0
1471,2021-09-27 13:29:25,28600.0,300.0,1613900.0
1472,2021-09-27 13:29:25,28600.0,2800.0,1613600.0
1473,2021-09-27 13:29:25,28600.0,100.0,1610800.0
1474,2021-09-27 13:29:25,28600.0,200.0,1610700.0
1475,2021-09-27 13:29:25,28600.0,800.0,1610500.0
1476,2021-09-27 13:29:25,28600.0,1000.0,1609700.0
1477,2021-09-27 13:29:25,28600.0,100.0,1608700.0
1478,2021-09-27 13:29:25,28600.0,600.0,1608600.0
1479,2021-09-27 13:29:25,28600.0,100.0,1608000.0
1480,2021-09-27 13:28:59,28650.0,100.0,1607900.0
1481,2021-09-27 13:28:58,28650.0,200.0,1607800.0
1482,2021-09-27 13:28:58,28650.0,100.0,1607600.0
1483,2021-09-27 13:28:56,28600.0,2000.0,1607500.0
1484,2021-09-27 13:28:49,28650.0,100.0,1605500.0
1485,2021-09-27 13:28:44,28650.0,1200.0,1605400.0
1486,2021-09-27 13:28:33,28600.0,400.0,1604200.0
1487,2021-09-27 13:28:12,28650.0,200.0,1603800.0
1488,2021-09-27 13:28:11,28650.0,1400.0,1603600.0
1489,2021-09-27 13:28:11,28650.0,3500.0,1602200.0
1490,2021-09-27 13:28:11,28650.0,100.0,1598700.0
1491,2021-09-27 13:28:06,28600.0,500.0,1598600.0
1492,2021-09-27 13:27:49,28650.0,100.0,1598100.0
1493,2021-09-27 13:27:42,28650.0,200.0,1598000.0
1494,2021-09-27 13:27:42,28650.0,100.0,1597800.0
1495,2021-09-27 13:27:42,28650.0,700.0,1597700.0
1496,2021-09-27 13:27:41,28600.0,500.0,1597000.0
1497,2021-09-27 13:27:30,28650.0,500.0,1596500.0
1498,2021-09-27 13:27:29,28600.0,1000.0,1596000.0
1499,2021-09-27 13:27:29,28650.0,400.0,1595000.0
1500,2021-09-27 13:27:29,28650.0,1000.0,1594600.0
1501,2021-09-27 13:27:29,28650.0,600.0,1593600.0
1502,2021-09-27 13:27:15,28600.0,500.0,1593000.0
1503,2021-09-27 13:27:11,28650.0,100.0,1592500.0
1504,2021-09-27 13:27:09,28650.0,300.0,1592400.0
1505,2021-09-27 13:27:09,28650.0,2700.0,1592100.0
1506,2021-09-27 13:26:49,28600.0,500.0,1589400.0
1507,2021-09-27 13:26:34,28600.0,1000.0,1588900.0
1508,2021-09-27 13:26:21,28600.0,500.0,1587900.0
1509,2021-09-27 13:25:55,28600.0,500.0,1587400.0
1510,2021-09-27 13:25:51,28650.0,400.0,1586900.0
1511,2021-09-27 13:25:44,28650.0,100.0,1586500.0
1512,2021-09-27 13:25:43,28650.0,1800.0,1586400.0
1513,2021-09-27 13:25:43,28650.0,200.0,1584600.0
1514,2021-09-27 13:25:43,28650.0,100.0,1584400.0
1515,2021-09-27 13:25:37,28650.0,100.0,1584300.0
1516,2021-09-27 13:25:33,28650.0,600.0,1584200.0
1517,2021-09-27 13:25:30,28600.0,500.0,1583600.0
1518,2021-09-27 13:25:29,28600.0,400.0,1583100.0
1519,2021-09-27 13:25:11,28600.0,1000.0,1582700.0
1520,2021-09-27 13:25:11,28600.0,1000.0,1581700.0
1521,2021-09-27 13:25:11,28600.0,200.0,1580700.0
1522,2021-09-27 13:25:11,28600.0,200.0,1580500.0
1523,2021-09-27 13:25:11,28600.0,100.0,1580300.0
1524,2021-09-27 13:25:11,28600.0,400.0,1580200.0
1525,2021-09-27 13:25:04,28600.0,2000.0,1579800.0
1526,2021-09-27 13:25:04,28600.0,1900.0,1577800.0
1527,2021-09-27 13:25:04,28600.0,200.0,1575900.0
1528,2021-09-27 13:25:04,28600.0,5000.0,1575700.0
1529,2021-09-27 13:25:04,28600.0,200.0,1570700.0
1530,2021-09-27 13:25:04,28600.0,100.0,1570500.0
1531,2021-09-27 13:25:04,28600.0,200.0,1570400.0
1532,2021-09-27 13:25:04,28600.0,1000.0,1570200.0
1533,2021-09-27 13:25:04,28600.0,100.0,1569200.0
1534,2021-09-27 13:25:04,28600.0,100.0,1569100.0
1535,2021-09-27 13:25:04,28600.0,300.0,1569000.0
1536,2021-09-27 13:25:04,28600.0,100.0,1568700.0
1537,2021-09-27 13:25:03,28600.0,100.0,1568600.0
1538,2021-09-27 13:25:03,28600.0,100.0,1568500.0
1539,2021-09-27 13:25:03,28600.0,300.0,1568400.0
1540,2021-09-27 13:24:36,28600.0,500.0,1568100.0
1541,2021-09-27 13:24:11,28600.0,1000.0,1567600.0
1542,2021-09-27 13:24:11,28650.0,600.0,1566600.0
1543,2021-09-27 13:24:11,28650.0,1400.0,1566000.0
1544,2021-09-27 13:24:11,28600.0,200.0,1564600.0
1545,2021-09-27 13:24:11,28600.0,200.0,1564400.0
1546,2021-09-27 13:23:55,28600.0,300.0,1564200.0
1547,2021-09-27 13:23:55,28600.0,100.0,1563900.0
1548,2021-09-27 13:23:55,28600.0,100.0,1563800.0
1549,2021-09-27 13:23:45,28600.0,400.0,1563700.0
1550,2021-09-27 13:23:44,28600.0,500.0,1563300.0
1551,2021-09-27 13:23:44,28600.0,500.0,1562800.0
1552,2021-09-27 13:23:34,28650.0,500.0,1562300.0
1553,2021-09-27 13:23:19,28600.0,500.0,1561800.0
1554,2021-09-27 13:23:05,28650.0,300.0,1561300.0
1555,2021-09-27 13:22:52,28600.0,100.0,1561000.0
1556,2021-09-27 13:22:52,28600.0,200.0,1560900.0
1557,2021-09-27 13:22:52,28600.0,200.0,1560700.0
1558,2021-09-27 13:22:44,28650.0,400.0,1560500.0
1559,2021-09-27 13:22:41,28600.0,10000.0,1560100.0
1560,2021-09-27 13:22:27,28650.0,100.0,1550100.0
1561,2021-09-27 13:22:26,28650.0,2000.0,1550000.0
1562,2021-09-27 13:22:25,28600.0,500.0,1548000.0
1563,2021-09-27 13:21:59,28600.0,500.0,1547500.0
1564,2021-09-27 13:21:40,28650.0,300.0,1547000.0
1565,2021-09-27 13:21:40,28650.0,100.0,1546700.0
1566,2021-09-27 13:21:40,28650.0,1000.0,1546600.0
1567,2021-09-27 13:21:35,28650.0,600.0,1545600.0
1568,2021-09-27 13:21:33,28600.0,500.0,1545000.0
1569,2021-09-27 13:21:23,28600.0,6100.0,1544500.0
1570,2021-09-27 13:21:17,28600.0,100.0,1538400.0
1571,2021-09-27 13:21:07,28600.0,500.0,1538300.0
1572,2021-09-27 13:21:05,28650.0,200.0,1537800.0
1573,2021-09-27 13:20:49,28600.0,1000.0,1537600.0
1574,2021-09-27 13:20:41,28600.0,500.0,1536600.0
1575,2021-09-27 13:20:26,28650.0,300.0,1536100.0
1576,2021-09-27 13:20:15,28600.0,100.0,1535800.0
1577,2021-09-27 13:20:15,28600.0,400.0,1535700.0
1578,2021-09-27 13:19:48,28600.0,500.0,1535300.0
1579,2021-09-27 13:19:38,28650.0,400.0,1534800.0
1580,2021-09-27 13:19:35,28650.0,500.0,1534400.0
1581,2021-09-27 13:19:30,28650.0,300.0,1533900.0
1582,2021-09-27 13:19:29,28650.0,5000.0,1533600.0
1583,2021-09-27 13:19:29,28650.0,1700.0,1528600.0
1584,2021-09-27 13:19:22,28650.0,500.0,1526900.0
1585,2021-09-27 13:19:03,28650.0,200.0,1526400.0
1586,2021-09-27 13:18:55,28650.0,500.0,1526200.0
1587,2021-09-27 13:18:50,28650.0,100.0,1525700.0
1588,2021-09-27 13:18:45,28650.0,300.0,1525600.0
1589,2021-09-27 13:18:29,28650.0,200.0,1525300.0
1590,2021-09-27 13:18:14,28650.0,100.0,1525100.0
1591,2021-09-27 13:18:14,28650.0,200.0,1525000.0
1592,2021-09-27 13:18:14,28650.0,200.0,1524800.0
1593,2021-09-27 13:18:03,28650.0,500.0,1524600.0
1594,2021-09-27 13:17:38,28650.0,500.0,1524100.0
1595,2021-09-27 13:17:38,28650.0,100.0,1523600.0
1596,2021-09-27 13:17:37,28700.0,500.0,1523500.0
1597,2021-09-27 13:17:37,28700.0,100.0,1523000.0
1598,2021-09-27 13:17:12,28650.0,500.0,1522900.0
1599,2021-09-27 13:16:45,28650.0,100.0,1522400.0
1600,2021-09-27 13:16:45,28650.0,100.0,1522300.0
1601,2021-09-27 13:16:45,28650.0,300.0,1522200.0
1602,2021-09-27 13:16:33,28700.0,400.0,1521900.0
1603,2021-09-27 13:16:18,28650.0,500.0,1521500.0
1604,2021-09-27 13:16:12,28700.0,1000.0,1521000.0
1605,2021-09-27 13:15:52,28650.0,500.0,1520000.0
1606,2021-09-27 13:15:37,28700.0,500.0,1519500.0
1607,2021-09-27 13:15:26,28650.0,500.0,1519000.0
1608,2021-09-27 13:14:59,28650.0,200.0,1518500.0
1609,2021-09-27 13:14:59,28650.0,100.0,1518300.0
1610,2021-09-27 13:14:59,28650.0,200.0,1518200.0
1611,2021-09-27 13:14:41,28650.0,400.0,1518000.0
1612,2021-09-27 13:14:33,28650.0,400.0,1517600.0
1613,2021-09-27 13:14:33,28650.0,100.0,1517200.0
1614,2021-09-27 13:14:33,28650.0,100.0,1517100.0
1615,2021-09-27 13:14:19,28650.0,500.0,1517000.0
1616,2021-09-27 13:14:08,28650.0,500.0,1516500.0
1617,2021-09-27 13:13:42,28650.0,500.0,1516000.0
1618,2021-09-27 13:13:39,28700.0,200.0,1515500.0
1619,2021-09-27 13:13:39,28700.0,300.0,1515300.0
1620,2021-09-27 13:13:39,28700.0,100.0,1515000.0
1621,2021-09-27 13:13:28,28700.0,100.0,1514900.0
1622,2021-09-27 13:13:28,28700.0,300.0,1514800.0
1623,2021-09-27 13:13:26,28650.0,100.0,1514500.0
1624,2021-09-27 13:13:26,28700.0,400.0,1514400.0
1625,2021-09-27 13:13:24,28650.0,100.0,1514000.0
1626,2021-09-27 13:13:15,28650.0,500.0,1513900.0
1627,2021-09-27 13:12:48,28650.0,500.0,1513400.0
1628,2021-09-27 13:12:22,28650.0,100.0,1512900.0
1629,2021-09-27 13:12:22,28650.0,400.0,1512800.0
1630,2021-09-27 13:12:05,28650.0,1600.0,1512400.0
1631,2021-09-27 13:12:05,28650.0,400.0,1510800.0
1632,2021-09-27 13:12:05,28700.0,100.0,1510400.0
1633,2021-09-27 13:12:04,28700.0,2000.0,1510300.0
1634,2021-09-27 13:11:56,28650.0,500.0,1508300.0
1635,2021-09-27 13:11:39,28700.0,200.0,1507800.0
1636,2021-09-27 13:11:39,28700.0,200.0,1507600.0
1637,2021-09-27 13:11:39,28700.0,100.0,1507400.0
1638,2021-09-27 13:11:30,28650.0,500.0,1507300.0
1639,2021-09-27 13:11:18,28650.0,100.0,1506800.0
1640,2021-09-27 13:11:03,28650.0,500.0,1506700.0
1641,2021-09-27 13:10:38,28650.0,200.0,1506200.0
1642,2021-09-27 13:10:38,28650.0,300.0,1506000.0
1643,2021-09-27 13:10:20,28700.0,400.0,1505700.0
1644,2021-09-27 13:10:12,28650.0,500.0,1505300.0
1645,2021-09-27 13:09:45,28650.0,500.0,1504800.0
1646,2021-09-27 13:09:43,28650.0,600.0,1504300.0
1647,2021-09-27 13:09:41,28650.0,400.0,1503700.0
1648,2021-09-27 13:09:41,28650.0,200.0,1503300.0
1649,2021-09-27 13:09:24,28650.0,100.0,1503100.0
1650,2021-09-27 13:09:18,28650.0,200.0,1503000.0
1651,2021-09-27 13:09:13,28650.0,100.0,1502800.0
1652,2021-09-27 13:09:06,28650.0,300.0,1502700.0
1653,2021-09-27 13:08:52,28600.0,500.0,1502400.0
1654,2021-09-27 13:08:26,28600.0,500.0,1501900.0
1655,2021-09-27 13:08:25,28650.0,100.0,1501400.0
1656,2021-09-27 13:08:00,28650.0,500.0,1501300.0
1657,2021-09-27 13:07:53,28650.0,500.0,1500800.0
1658,2021-09-27 13:07:44,28600.0,100.0,1500300.0
1659,2021-09-27 13:07:42,28650.0,500.0,1500200.0
1660,2021-09-27 13:07:34,28600.0,500.0,1499700.0
1661,2021-09-27 13:07:14,28650.0,400.0,1499200.0
1662,2021-09-27 13:07:08,28600.0,500.0,1498800.0
1663,2021-09-27 13:07:07,28650.0,5000.0,1498300.0
1664,2021-09-27 13:06:45,28650.0,100.0,1493300.0
1665,2021-09-27 13:06:44,28650.0,400.0,1493200.0
1666,2021-09-27 13:06:44,28650.0,100.0,1492800.0
1667,2021-09-27 13:06:44,28650.0,100.0,1492700.0
1668,2021-09-27 13:06:44,28650.0,100.0,1492600.0
1669,2021-09-27 13:06:44,28650.0,100.0,1492500.0
1670,2021-09-27 13:06:44,28650.0,2700.0,1492400.0
1671,2021-09-27 13:06:42,28650.0,500.0,1489700.0
1672,2021-09-27 13:06:16,28650.0,500.0,1489200.0
1673,2021-09-27 13:05:49,28650.0,500.0,1488700.0
1674,2021-09-27 13:05:43,28700.0,600.0,1488200.0
1675,2021-09-27 13:05:22,28650.0,500.0,1487600.0
1676,2021-09-27 13:05:22,28650.0,200.0,1487100.0
1677,2021-09-27 13:04:56,28650.0,100.0,1486900.0
1678,2021-09-27 13:04:56,28650.0,400.0,1486800.0
1679,2021-09-27 13:04:50,28700.0,100.0,1486400.0
1680,2021-09-27 13:04:49,28700.0,500.0,1486300.0
1681,2021-09-27 13:04:49,28700.0,100.0,1485800.0
1682,2021-09-27 13:04:49,28700.0,2000.0,1485700.0
1683,2021-09-27 13:04:49,28700.0,100.0,1483700.0
1684,2021-09-27 13:04:49,28700.0,200.0,1483600.0
1685,2021-09-27 13:04:30,28650.0,500.0,1483400.0
1686,2021-09-27 13:04:07,28700.0,400.0,1482900.0
1687,2021-09-27 13:04:05,28650.0,100.0,1482500.0
1688,2021-09-27 13:04:05,28650.0,400.0,1482400.0
1689,2021-09-27 13:03:58,28700.0,300.0,1482000.0
1690,2021-09-27 13:03:44,28700.0,500.0,1481700.0
1691,2021-09-27 13:03:38,28650.0,500.0,1481200.0
1692,2021-09-27 13:03:12,28650.0,500.0,1480700.0
1693,2021-09-27 13:02:45,28650.0,500.0,1480200.0
1694,2021-09-27 13:02:44,28700.0,600.0,1479700.0
1695,2021-09-27 13:02:44,28700.0,300.0,1479100.0
1696,2021-09-27 13:02:44,28700.0,100.0,1478800.0
1697,2021-09-27 13:02:44,28700.0,500.0,1478700.0
1698,2021-09-27 13:02:38,28700.0,500.0,1478200.0
1699,2021-09-27 13:02:38,28700.0,100.0,1477700.0
1700,2021-09-27 13:02:24,28700.0,300.0,1477600.0
1701,2021-09-27 13:02:23,28700.0,100.0,1477300.0
1702,2021-09-27 13:02:23,28700.0,100.0,1477200.0
1703,2021-09-27 13:02:23,28700.0,100.0,1477100.0
1704,2021-09-27 13:02:23,28700.0,400.0,1477000.0
1705,2021-09-27 13:02:23,28700.0,1000.0,1476600.0
1706,2021-09-27 13:02:23,28700.0,400.0,1475600.0
1707,2021-09-27 13:02:23,28700.0,500.0,1475200.0
1708,2021-09-27 13:02:23,28700.0,300.0,1474700.0
1709,2021-09-27 13:02:23,28700.0,500.0,1474400.0
1710,2021-09-27 13:02:23,28700.0,200.0,1473900.0
1711,2021-09-27 13:02:23,28700.0,800.0,1473700.0
1712,2021-09-27 13:02:23,28700.0,2000.0,1472900.0
1713,2021-09-27 13:02:23,28700.0,100.0,1470900.0
1714,2021-09-27 13:02:19,28650.0,100.0,1470800.0
1715,2021-09-27 13:02:19,28650.0,400.0,1470700.0
1716,2021-09-27 13:01:52,28650.0,300.0,1470300.0
1717,2021-09-27 13:01:52,28650.0,200.0,1470000.0
1718,2021-09-27 13:01:52,28650.0,100.0,1469800.0
1719,2021-09-27 13:01:44,28700.0,600.0,1469700.0
1720,2021-09-27 13:01:26,28650.0,600.0,1469100.0
1721,2021-09-27 13:01:01,28700.0,400.0,1468500.0
1722,2021-09-27 13:01:00,28650.0,600.0,1468100.0
1723,2021-09-27 13:00:21,28650.0,700.0,1467500.0
1724,2021-09-27 13:00:21,28650.0,100.0,1466800.0
1725,2021-09-27 13:00:21,28650.0,100.0,1466700.0
1726,2021-09-27 13:00:21,28650.0,200.0,1466600.0
1727,2021-09-27 13:00:21,28650.0,900.0,1466400.0
1728,2021-09-27 13:00:17,28700.0,200.0,1465500.0
1729,2021-09-27 13:00:12,28700.0,200.0,1465300.0
1730,2021-09-27 13:00:11,28700.0,300.0,1465100.0
1731,2021-09-27 13:00:05,28700.0,100.0,1464800.0
1732,2021-09-27 13:00:05,28700.0,100.0,1464700.0
1733,2021-09-27 13:00:03,28700.0,2000.0,1464600.0
1734,2021-09-27 13:00:01,28700.0,300.0,1462600.0
1735,2021-09-27 13:00:00,28700.0,200.0,1462300.0
1736,2021-09-27 13:00:00,28700.0,100.0,1462100.0
1737,2021-09-27 13:00:00,28700.0,400.0,1462000.0
1738,2021-09-27 11:29:45,28700.0,500.0,1461600.0
1739,2021-09-27 11:29:17,28650.0,100.0,1461100.0
1740,2021-09-27 11:29:12,28600.0,2000.0,1461000.0
1741,2021-09-27 11:29:12,28600.0,100.0,1459000.0
1742,2021-09-27 11:29:12,28600.0,100.0,1458900.0
1743,2021-09-27 11:29:12,28600.0,2800.0,1458800.0
1744,2021-09-27 11:28:50,28600.0,500.0,1456000.0
1745,2021-09-27 11:28:50,28600.0,1700.0,1455500.0
1746,2021-09-27 11:28:43,28600.0,200.0,1453800.0
1747,2021-09-27 11:28:37,28600.0,1000.0,1453600.0
1748,2021-09-27 11:28:27,28600.0,1000.0,1452600.0
1749,2021-09-27 11:28:26,28600.0,100.0,1451600.0
1750,2021-09-27 11:28:19,28600.0,1000.0,1451500.0
1751,2021-09-27 11:28:13,28600.0,500.0,1450500.0
1752,2021-09-27 11:28:05,28600.0,100.0,1450000.0
1753,2021-09-27 11:28:04,28600.0,700.0,1449900.0
1754,2021-09-27 11:28:04,28600.0,2300.0,1449200.0
1755,2021-09-27 11:28:01,28600.0,400.0,1446900.0
1756,2021-09-27 11:28:00,28550.0,100.0,1446500.0
1757,2021-09-27 11:28:00,28550.0,900.0,1446400.0
1758,2021-09-27 11:27:55,28600.0,800.0,1445500.0
1759,2021-09-27 11:27:46,28600.0,600.0,1444700.0
1760,2021-09-27 11:27:41,28550.0,1000.0,1444100.0
1761,2021-09-27 11:27:22,28550.0,100.0,1443100.0
1762,2021-09-27 11:27:22,28550.0,500.0,1443000.0
1763,2021-09-27 11:27:22,28550.0,100.0,1442500.0
1764,2021-09-27 11:27:22,28550.0,300.0,1442400.0
1765,2021-09-27 11:27:03,28550.0,1000.0,1442100.0
1766,2021-09-27 11:27:03,28600.0,100.0,1441100.0
1767,2021-09-27 11:27:02,28600.0,2000.0,1441000.0
1768,2021-09-27 11:26:48,28600.0,800.0,1439000.0
1769,2021-09-27 11:26:43,28550.0,1000.0,1438200.0
1770,2021-09-27 11:26:24,28550.0,1000.0,1437200.0
1771,2021-09-27 11:26:05,28550.0,1000.0,1436200.0
1772,2021-09-27 11:25:47,28600.0,500.0,1435200.0
1773,2021-09-27 11:25:46,28550.0,700.0,1434700.0
1774,2021-09-27 11:25:46,28550.0,300.0,1434000.0
1775,2021-09-27 11:25:46,28600.0,100.0,1433700.0
1776,2021-09-27 11:25:44,28600.0,2000.0,1433600.0
1777,2021-09-27 11:25:32,28550.0,500.0,1431600.0
1778,2021-09-27 11:25:27,28550.0,200.0,1431100.0
1779,2021-09-27 11:25:27,28550.0,100.0,1430900.0
1780,2021-09-27 11:25:27,28550.0,100.0,1430800.0
1781,2021-09-27 11:25:27,28550.0,100.0,1430700.0
1782,2021-09-27 11:25:27,28550.0,100.0,1430600.0
1783,2021-09-27 11:25:27,28550.0,400.0,1430500.0
1784,2021-09-27 11:25:25,28550.0,500.0,1430100.0
1785,2021-09-27 11:25:08,28550.0,100.0,1429600.0
1786,2021-09-27 11:25:08,28550.0,100.0,1429500.0
1787,2021-09-27 11:25:08,28550.0,100.0,1429400.0
1788,2021-09-27 11:25:08,28550.0,700.0,1429300.0
1789,2021-09-27 11:25:01,28550.0,100.0,1428600.0
1790,2021-09-27 11:24:48,28550.0,100.0,1428500.0
1791,2021-09-27 11:24:46,28550.0,100.0,1428400.0
1792,2021-09-27 11:24:46,28550.0,500.0,1428300.0
1793,2021-09-27 11:24:46,28550.0,100.0,1427800.0
1794,2021-09-27 11:24:46,28550.0,1000.0,1427700.0
1795,2021-09-27 11:24:46,28550.0,200.0,1426700.0
1796,2021-09-27 11:24:46,28550.0,100.0,1426500.0
1797,2021-09-27 11:24:29,28550.0,100.0,1426400.0
1798,2021-09-27 11:24:26,28550.0,100.0,1426300.0
1799,2021-09-27 11:24:10,28550.0,100.0,1426200.0
1800,2021-09-27 11:23:52,28600.0,100.0,1426100.0
1801,2021-09-27 11:23:51,28550.0,100.0,1426000.0
1802,2021-09-27 11:23:49,28600.0,100.0,1425900.0
1803,2021-09-27 11:23:48,28600.0,600.0,1425800.0
1804,2021-09-27 11:23:47,28600.0,2000.0,1425200.0
1805,2021-09-27 11:23:41,28600.0,400.0,1423200.0
1806,2021-09-27 11:23:41,28600.0,100.0,1422800.0
1807,2021-09-27 11:23:41,28600.0,100.0,1422700.0
1808,2021-09-27 11:23:38,28600.0,300.0,1422600.0
1809,2021-09-27 11:23:38,28600.0,2000.0,1422300.0
1810,2021-09-27 11:23:38,28600.0,200.0,1420300.0
1811,2021-09-27 11:23:38,28600.0,1200.0,1420100.0
1812,2021-09-27 11:23:38,28600.0,100.0,1418900.0
1813,2021-09-27 11:23:38,28600.0,100.0,1418800.0
1814,2021-09-27 11:23:38,28600.0,100.0,1418700.0
1815,2021-09-27 11:23:38,28600.0,100.0,1418600.0
1816,2021-09-27 11:23:38,28600.0,1000.0,1418500.0
1817,2021-09-27 11:23:38,28600.0,1000.0,1417500.0
1818,2021-09-27 11:23:38,28600.0,100.0,1416500.0
1819,2021-09-27 11:23:38,28600.0,100.0,1416400.0
1820,2021-09-27 11:23:38,28600.0,3300.0,1416300.0
1821,2021-09-27 11:23:32,28600.0,100.0,1413000.0
1822,2021-09-27 11:23:28,28650.0,400.0,1412900.0
1823,2021-09-27 11:23:13,28600.0,100.0,1412500.0
1824,2021-09-27 11:23:10,28600.0,400.0,1412400.0
1825,2021-09-27 11:22:53,28600.0,100.0,1412000.0
1826,2021-09-27 11:22:34,28600.0,100.0,1411900.0
1827,2021-09-27 11:22:26,28600.0,200.0,1411800.0
1828,2021-09-27 11:22:22,28600.0,5700.0,1411600.0
1829,2021-09-27 11:22:22,28600.0,1000.0,1405900.0
1830,2021-09-27 11:22:22,28600.0,100.0,1404900.0
1831,2021-09-27 11:22:22,28600.0,2500.0,1404800.0
1832,2021-09-27 11:22:15,28600.0,100.0,1402300.0
1833,2021-09-27 11:21:56,28600.0,100.0,1402200.0
1834,2021-09-27 11:21:49,28650.0,500.0,1402100.0
1835,2021-09-27 11:21:37,28600.0,100.0,1401600.0
1836,2021-09-27 11:21:18,28600.0,100.0,1401500.0
1837,2021-09-27 11:21:12,28600.0,17100.0,1401400.0
1838,2021-09-27 11:21:12,28600.0,100.0,1384300.0
1839,2021-09-27 11:21:12,28600.0,100.0,1384200.0
1840,2021-09-27 11:21:12,28600.0,3000.0,1384100.0
1841,2021-09-27 11:21:12,28600.0,1000.0,1381100.0
1842,2021-09-27 11:21:12,28600.0,200.0,1380100.0
1843,2021-09-27 11:21:12,28600.0,200.0,1379900.0
1844,2021-09-27 11:21:12,28600.0,200.0,1379700.0
1845,2021-09-27 11:21:12,28600.0,200.0,1379500.0
1846,2021-09-27 11:21:12,28600.0,100.0,1379300.0
1847,2021-09-27 11:21:12,28600.0,1000.0,1379200.0
1848,2021-09-27 11:21:12,28600.0,200.0,1378200.0
1849,2021-09-27 11:21:12,28600.0,500.0,1378000.0
1850,2021-09-27 11:21:12,28600.0,200.0,1377500.0
1851,2021-09-27 11:21:12,28600.0,200.0,1377300.0
1852,2021-09-27 11:21:12,28600.0,100.0,1377100.0
1853,2021-09-27 11:21:12,28600.0,600.0,1377000.0
1854,2021-09-27 11:20:58,28600.0,100.0,1376400.0
1855,2021-09-27 11:20:39,28600.0,200.0,1376300.0
1856,2021-09-27 11:20:20,28600.0,200.0,1376100.0
1857,2021-09-27 11:20:01,28600.0,200.0,1375900.0
1858,2021-09-27 11:19:50,28650.0,200.0,1375700.0
1859,2021-09-27 11:19:50,28650.0,400.0,1375500.0
1860,2021-09-27 11:19:42,28600.0,200.0,1375100.0
1861,2021-09-27 11:19:23,28600.0,200.0,1374900.0
1862,2021-09-27 11:19:03,28600.0,200.0,1374700.0
1863,2021-09-27 11:19:03,28650.0,600.0,1374500.0
1864,2021-09-27 11:19:03,28650.0,100.0,1373900.0
1865,2021-09-27 11:19:03,28650.0,5000.0,1373800.0
1866,2021-09-27 11:19:03,28650.0,2000.0,1368800.0
1867,2021-09-27 11:19:03,28650.0,5000.0,1366800.0
1868,2021-09-27 11:19:03,28650.0,7300.0,1361800.0
1869,2021-09-27 11:18:54,28650.0,400.0,1354500.0
1870,2021-09-27 11:18:44,28600.0,200.0,1354100.0
1871,2021-09-27 11:18:40,28600.0,100.0,1353900.0
1872,2021-09-27 11:18:40,28600.0,100.0,1353800.0
1873,2021-09-27 11:18:40,28600.0,200.0,1353700.0
1874,2021-09-27 11:18:40,28600.0,200.0,1353500.0
1875,2021-09-27 11:18:25,28600.0,200.0,1353300.0
1876,2021-09-27 11:18:06,28600.0,100.0,1353100.0
1877,2021-09-27 11:18:06,28600.0,100.0,1353000.0
1878,2021-09-27 11:17:51,28650.0,500.0,1352900.0
1879,2021-09-27 11:17:47,28600.0,200.0,1352400.0
1880,2021-09-27 11:17:28,28600.0,200.0,1352200.0
1881,2021-09-27 11:17:08,28600.0,200.0,1352000.0
1882,2021-09-27 11:17:08,28650.0,1800.0,1351800.0
1883,2021-09-27 11:17:08,28650.0,100.0,1350000.0
1884,2021-09-27 11:17:01,28650.0,1800.0,1349900.0
1885,2021-09-27 11:16:49,28600.0,200.0,1348100.0
1886,2021-09-27 11:16:39,28600.0,300.0,1347900.0
1887,2021-09-27 11:16:30,28600.0,100.0,1347600.0
1888,2021-09-27 11:16:30,28600.0,100.0,1347500.0
1889,2021-09-27 11:16:25,28600.0,300.0,1347400.0
1890,2021-09-27 11:16:11,28600.0,200.0,1347100.0
1891,2021-09-27 11:15:57,28600.0,300.0,1346900.0
1892,2021-09-27 11:15:53,28650.0,100.0,1346600.0
1893,2021-09-27 11:15:53,28650.0,500.0,1346500.0
1894,2021-09-27 11:15:53,28600.0,100.0,1346000.0
1895,2021-09-27 11:15:53,28600.0,100.0,1345900.0
1896,2021-09-27 11:15:53,28600.0,300.0,1345800.0
1897,2021-09-27 11:15:52,28600.0,200.0,1345500.0
1898,2021-09-27 11:15:33,28600.0,200.0,1345300.0
1899,2021-09-27 11:15:23,28600.0,100.0,1345100.0
1900,2021-09-27 11:15:23,28600.0,100.0,1345000.0
1901,2021-09-27 11:15:23,28600.0,300.0,1344900.0
1902,2021-09-27 11:15:13,28600.0,200.0,1344600.0
1903,2021-09-27 11:15:09,28600.0,500.0,1344400.0
1904,2021-09-27 11:15:09,28600.0,1000.0,1343900.0
1905,2021-09-27 11:15:09,28600.0,400.0,1342900.0
1906,2021-09-27 11:15:09,28600.0,500.0,1342500.0
1907,2021-09-27 11:15:09,28600.0,3000.0,1342000.0
1908,2021-09-27 11:15:09,28600.0,200.0,1339000.0
1909,2021-09-27 11:15:01,28600.0,800.0,1338800.0
1910,2021-09-27 11:15:01,28600.0,200.0,1338000.0
1911,2021-09-27 11:15:01,28600.0,100.0,1337800.0
1912,2021-09-27 11:15:01,28600.0,1500.0,1337700.0
1913,2021-09-27 11:15:01,28600.0,300.0,1336200.0
1914,2021-09-27 11:15:01,28600.0,500.0,1335900.0
1915,2021-09-27 11:15:01,28600.0,500.0,1335400.0
1916,2021-09-27 11:15:01,28600.0,1000.0,1334900.0
1917,2021-09-27 11:15:01,28600.0,100.0,1333900.0
1918,2021-09-27 11:14:54,28600.0,200.0,1333800.0
1919,2021-09-27 11:14:42,28600.0,5600.0,1333600.0
1920,2021-09-27 11:14:35,28600.0,200.0,1328000.0
1921,2021-09-27 11:14:34,28600.0,5000.0,1327800.0
1922,2021-09-27 11:14:22,28650.0,400.0,1322800.0
1923,2021-09-27 11:14:16,28600.0,200.0,1322400.0
1924,2021-09-27 11:13:57,28600.0,200.0,1322200.0
1925,2021-09-27 11:13:54,28650.0,200.0,1322000.0
1926,2021-09-27 11:13:54,28650.0,300.0,1321800.0
1927,2021-09-27 11:13:48,28600.0,20000.0,1321500.0
1928,2021-09-27 11:13:38,28600.0,200.0,1301500.0
1929,2021-09-27 11:13:19,28600.0,200.0,1301300.0
1930,2021-09-27 11:12:59,28600.0,200.0,1301100.0
1931,2021-09-27 11:12:40,28600.0,200.0,1300900.0
1932,2021-09-27 11:12:28,28600.0,5600.0,1300700.0
1933,2021-09-27 11:12:21,28600.0,200.0,1295100.0
1934,2021-09-27 11:12:05,28600.0,100.0,1294900.0
1935,2021-09-27 11:12:02,28600.0,200.0,1294800.0
1936,2021-09-27 11:11:55,28700.0,600.0,1294600.0
1937,2021-09-27 11:11:45,28600.0,7100.0,1294000.0
1938,2021-09-27 11:11:45,28650.0,200.0,1286900.0
1939,2021-09-27 11:11:45,28650.0,2700.0,1286700.0
1940,2021-09-27 11:11:43,28650.0,200.0,1284000.0
1941,2021-09-27 11:11:38,28650.0,300.0,1283800.0
1942,2021-09-27 11:11:38,28650.0,2000.0,1283500.0
1943,2021-09-27 11:11:38,28650.0,500.0,1281500.0
1944,2021-09-27 11:11:38,28650.0,100.0,1281000.0
1945,2021-09-27 11:11:38,28650.0,2000.0,1280900.0
1946,2021-09-27 11:11:38,28650.0,100.0,1278900.0
1947,2021-09-27 11:11:38,28650.0,100.0,1278800.0
1948,2021-09-27 11:11:26,28600.0,5600.0,1278700.0
1949,2021-09-27 11:11:24,28600.0,300.0,1273100.0
1950,2021-09-27 11:11:10,28600.0,1400.0,1272800.0
1951,2021-09-27 11:11:04,28600.0,300.0,1271400.0
1952,2021-09-27 11:10:45,28600.0,300.0,1271100.0
1953,2021-09-27 11:10:43,28650.0,200.0,1270800.0
1954,2021-09-27 11:10:42,28650.0,3300.0,1270600.0
1955,2021-09-27 11:10:42,28650.0,1000.0,1267300.0
1956,2021-09-27 11:10:42,28650.0,500.0,1266300.0
1957,2021-09-27 11:10:42,28650.0,200.0,1265800.0
1958,2021-09-27 11:10:26,28600.0,300.0,1265600.0
1959,2021-09-27 11:10:21,28650.0,1800.0,1265300.0
1960,2021-09-27 11:10:21,28650.0,100.0,1263500.0
1961,2021-09-27 11:10:07,28600.0,300.0,1263400.0
1962,2021-09-27 11:09:58,28650.0,200.0,1263100.0
1963,2021-09-27 11:09:56,28650.0,500.0,1262900.0
1964,2021-09-27 11:09:49,28650.0,400.0,1262400.0
1965,2021-09-27 11:09:48,28600.0,300.0,1262000.0
1966,2021-09-27 11:09:32,28650.0,100.0,1261700.0
1967,2021-09-27 11:09:29,28600.0,300.0,1261600.0
1968,2021-09-27 11:09:16,28600.0,1400.0,1261300.0
1969,2021-09-27 11:09:14,28650.0,1900.0,1259900.0
1970,2021-09-27 11:09:09,28600.0,300.0,1258000.0
1971,2021-09-27 11:09:05,28600.0,100.0,1257700.0
1972,2021-09-27 11:08:50,28600.0,300.0,1257600.0
1973,2021-09-27 11:08:32,28650.0,1000.0,1257300.0
1974,2021-09-27 11:08:31,28600.0,900.0,1256300.0
1975,2021-09-27 11:08:31,28600.0,300.0,1255400.0
1976,2021-09-27 11:08:27,28650.0,100.0,1255100.0
1977,2021-09-27 11:08:12,28600.0,300.0,1255000.0
1978,2021-09-27 11:07:57,28650.0,600.0,1254700.0
1979,2021-09-27 11:07:53,28600.0,200.0,1254100.0
1980,2021-09-27 11:07:41,28600.0,100.0,1253900.0
1981,2021-09-27 11:07:40,28600.0,2800.0,1253800.0
1982,2021-09-27 11:07:40,28600.0,1500.0,1251000.0
1983,2021-09-27 11:07:34,28600.0,200.0,1249500.0
1984,2021-09-27 11:07:26,28600.0,1000.0,1249300.0
1985,2021-09-27 11:07:14,28600.0,200.0,1248300.0
1986,2021-09-27 11:06:55,28600.0,200.0,1248100.0
1987,2021-09-27 11:06:36,28600.0,200.0,1247900.0
1988,2021-09-27 11:06:33,28600.0,100.0,1247700.0
1989,2021-09-27 11:06:26,28600.0,100.0,1247600.0
1990,2021-09-27 11:06:17,28600.0,200.0,1247500.0
1991,2021-09-27 11:05:58,28650.0,100.0,1247300.0
1992,2021-09-27 11:05:58,28650.0,400.0,1247200.0
1993,2021-09-27 11:05:58,28600.0,200.0,1246800.0
1994,2021-09-27 11:05:39,28600.0,200.0,1246600.0
1995,2021-09-27 11:05:19,28600.0,200.0,1246400.0
1996,2021-09-27 11:05:14,28650.0,400.0,1246200.0
1997,2021-09-27 11:05:00,28600.0,200.0,1245800.0
1998,2021-09-27 11:04:41,28600.0,200.0,1245600.0
1999,2021-09-27 11:04:22,28600.0,200.0,1245400.0
2000,2021-09-27 11:04:14,28600.0,500.0,1245200.0
2001,2021-09-27 11:04:12,28650.0,1700.0,1244700.0
2002,2021-09-27 11:04:03,28600.0,17000.0,1243000.0
2003,2021-09-27 11:04:03,28600.0,300.0,1226000.0
2004,2021-09-27 11:03:59,28650.0,300.0,1225700.0
2005,2021-09-27 11:03:59,28650.0,300.0,1225400.0
2006,2021-09-27 11:03:48,28650.0,100.0,1225100.0
2007,2021-09-27 11:03:44,28600.0,300.0,1225000.0
2008,2021-09-27 11:03:35,28600.0,200.0,1224700.0
2009,2021-09-27 11:03:24,28600.0,300.0,1224500.0
2010,2021-09-27 11:03:20,28650.0,500.0,1224200.0
2011,2021-09-27 11:03:05,28600.0,300.0,1223700.0
2012,2021-09-27 11:02:46,28600.0,300.0,1223400.0
2013,2021-09-27 11:02:30,28650.0,1500.0,1223100.0
2014,2021-09-27 11:02:27,28600.0,300.0,1221600.0
2015,2021-09-27 11:02:27,28650.0,200.0,1221300.0
2016,2021-09-27 11:02:21,28650.0,400.0,1221100.0
2017,2021-09-27 11:02:21,28650.0,400.0,1220700.0
2018,2021-09-27 11:02:18,28650.0,200.0,1220300.0
2019,2021-09-27 11:02:17,28650.0,400.0,1220100.0
2020,2021-09-27 11:02:08,28600.0,300.0,1219700.0
2021,2021-09-27 11:02:00,28650.0,500.0,1219400.0
2022,2021-09-27 11:01:49,28600.0,1000.0,1218900.0
2023,2021-09-27 11:01:49,28600.0,300.0,1217900.0
2024,2021-09-27 11:01:29,28600.0,300.0,1217600.0
2025,2021-09-27 11:01:10,28600.0,300.0,1217300.0
2026,2021-09-27 11:00:51,28600.0,300.0,1217000.0
2027,2021-09-27 11:00:51,28650.0,100.0,1216700.0
2028,2021-09-27 11:00:50,28650.0,3000.0,1216600.0
2029,2021-09-27 11:00:42,28650.0,400.0,1213600.0
2030,2021-09-27 11:00:32,28600.0,300.0,1213200.0
2031,2021-09-27 11:00:24,28650.0,600.0,1212900.0
2032,2021-09-27 11:00:13,28600.0,300.0,1212300.0
2033,2021-09-27 11:00:01,28650.0,600.0,1212000.0
2034,2021-09-27 10:59:59,28650.0,100.0,1211400.0
2035,2021-09-27 10:59:57,28600.0,1300.0,1211300.0
2036,2021-09-27 10:59:54,28600.0,300.0,1210000.0
2037,2021-09-27 10:59:42,28600.0,1000.0,1209700.0
2038,2021-09-27 10:59:35,28600.0,300.0,1208700.0
2039,2021-09-27 10:59:15,28600.0,300.0,1208400.0
2040,2021-09-27 10:58:56,28600.0,300.0,1208100.0
2041,2021-09-27 10:58:53,28650.0,100.0,1207800.0
2042,2021-09-27 10:58:53,28650.0,200.0,1207700.0
2043,2021-09-27 10:58:40,28700.0,500.0,1207500.0
2044,2021-09-27 10:58:37,28650.0,300.0,1207000.0
2045,2021-09-27 10:58:28,28650.0,500.0,1206700.0
2046,2021-09-27 10:58:20,28650.0,100.0,1206200.0
2047,2021-09-27 10:58:20,28650.0,100.0,1206100.0
2048,2021-09-27 10:58:20,28650.0,1800.0,1206000.0
2049,2021-09-27 10:58:18,28600.0,300.0,1204200.0
2050,2021-09-27 10:58:02,28650.0,200.0,1203900.0
2051,2021-09-27 10:58:02,28650.0,300.0,1203700.0
