,Time,Price,Volume_per_trade,Volume
0,2021-10-20 07:45:01,88900.0,600.0,65900.0
1,2021-10-20 07:45:01,88900.0,400.0,65300.0
2,2021-10-20 07:45:01,88900.0,600.0,64900.0
3,2021-10-20 07:45:01,88900.0,200.0,64300.0
4,2021-10-20 07:45:01,88900.0,200.0,64100.0
5,2021-10-20 07:45:01,88900.0,100.0,63900.0
6,2021-10-20 07:29:49,88900.0,200.0,63800.0
7,2021-10-20 07:28:39,88900.0,100.0,63600.0
8,2021-10-20 07:28:39,88900.0,200.0,63500.0
9,2021-10-20 07:28:39,88900.0,100.0,63300.0
10,2021-10-20 07:28:39,88800.0,100.0,63200.0
11,2021-10-20 07:28:36,88700.0,800.0,63100.0
12,2021-10-20 07:27:18,88900.0,500.0,62300.0
13,2021-10-20 07:27:14,88900.0,500.0,61800.0
14,2021-10-20 07:26:13,88800.0,100.0,61300.0
15,2021-10-20 07:25:15,88500.0,100.0,61200.0
16,2021-10-20 07:23:57,87000.0,400.0,61100.0
17,2021-10-20 07:23:37,87000.0,100.0,60700.0
18,2021-10-20 07:23:22,87000.0,200.0,60600.0
19,2021-10-20 07:23:00,86900.0,100.0,60400.0
20,2021-10-20 07:21:54,86100.0,100.0,60300.0
21,2021-10-20 07:21:25,86900.0,1000.0,60200.0
22,2021-10-20 07:20:57,87000.0,500.0,59200.0
23,2021-10-20 07:20:57,87000.0,1000.0,58700.0
24,2021-10-20 07:20:57,87000.0,200.0,57700.0
25,2021-10-20 07:20:57,87000.0,1000.0,57500.0
26,2021-10-20 07:20:57,87000.0,100.0,56500.0
27,2021-10-20 07:20:57,87000.0,700.0,56400.0
28,2021-10-20 07:20:57,87500.0,100.0,55700.0
29,2021-10-20 07:20:57,87500.0,100.0,55600.0
30,2021-10-20 07:20:57,87500.0,1000.0,55500.0
31,2021-10-20 07:19:53,87500.0,400.0,54500.0
32,2021-10-20 07:19:53,87800.0,100.0,54100.0
33,2021-10-20 07:19:13,87800.0,100.0,54000.0
34,2021-10-20 07:19:06,88000.0,100.0,53900.0
35,2021-10-20 07:19:06,88000.0,200.0,53800.0
36,2021-10-20 07:19:06,88000.0,1000.0,53600.0
37,2021-10-20 07:19:06,88000.0,700.0,52600.0
38,2021-10-20 07:19:06,88000.0,400.0,51900.0
39,2021-10-20 07:19:06,88100.0,100.0,51500.0
40,2021-10-20 07:19:06,88500.0,100.0,51400.0
41,2021-10-20 07:19:06,88500.0,100.0,51300.0
42,2021-10-20 07:18:48,88700.0,500.0,51200.0
43,2021-10-20 07:18:46,88800.0,400.0,50700.0
44,2021-10-20 07:18:33,88800.0,100.0,50300.0
45,2021-10-20 07:05:37,89200.0,100.0,50200.0
46,2021-10-20 07:03:51,89200.0,100.0,50100.0
47,2021-10-20 07:03:51,89100.0,200.0,50000.0
48,2021-10-20 06:58:11,88700.0,200.0,49800.0
49,2021-10-20 06:56:08,88700.0,100.0,49600.0
50,2021-10-20 06:55:01,89000.0,200.0,49500.0
51,2021-10-20 06:54:55,89000.0,1000.0,49300.0
52,2021-10-20 06:54:14,89000.0,100.0,48300.0
53,2021-10-20 06:49:14,89000.0,1100.0,48200.0
54,2021-10-20 06:49:14,89000.0,1000.0,47100.0
55,2021-10-20 06:49:14,89000.0,100.0,46100.0
56,2021-10-20 06:49:14,89000.0,200.0,46000.0
57,2021-10-20 06:49:14,89000.0,100.0,45800.0
58,2021-10-20 06:49:14,89000.0,1000.0,45700.0
59,2021-10-20 06:49:14,89000.0,500.0,44700.0
60,2021-10-20 06:49:14,89000.0,500.0,44200.0
61,2021-10-20 06:49:14,89100.0,500.0,43700.0
62,2021-10-20 06:49:04,89100.0,1500.0,43200.0
63,2021-10-20 06:49:04,89100.0,500.0,41700.0
64,2021-10-20 06:48:57,89300.0,2000.0,41200.0
65,2021-10-20 06:48:57,89300.0,100.0,39200.0
66,2021-10-20 06:48:57,89300.0,600.0,39100.0
67,2021-10-20 06:42:22,89800.0,200.0,38500.0
68,2021-10-20 06:41:56,89500.0,1000.0,38300.0
69,2021-10-20 06:40:11,89900.0,200.0,37300.0
70,2021-10-20 06:40:11,89700.0,100.0,37100.0
71,2021-10-20 06:39:38,89500.0,100.0,37000.0
72,2021-10-20 06:39:27,89500.0,100.0,36900.0
73,2021-10-20 06:39:27,89500.0,300.0,36800.0
74,2021-10-20 06:39:27,89600.0,100.0,36500.0
75,2021-10-20 06:39:27,89600.0,500.0,36400.0
76,2021-10-20 06:38:56,89700.0,100.0,35900.0
77,2021-10-20 06:38:53,89700.0,100.0,35800.0
78,2021-10-20 06:38:48,89700.0,100.0,35700.0
79,2021-10-20 06:38:41,89700.0,300.0,35600.0
80,2021-10-20 06:29:39,89900.0,200.0,35300.0
81,2021-10-20 06:29:28,89900.0,200.0,35100.0
82,2021-10-20 06:28:29,89900.0,100.0,34900.0
83,2021-10-20 06:28:29,89800.0,100.0,34800.0
84,2021-10-20 06:28:29,89800.0,400.0,34700.0
85,2021-10-20 06:28:09,89800.0,100.0,34300.0
86,2021-10-20 06:28:09,89800.0,100.0,34200.0
87,2021-10-20 06:26:51,89800.0,200.0,34100.0
88,2021-10-20 06:26:08,89800.0,800.0,33900.0
89,2021-10-20 06:25:35,89800.0,200.0,33100.0
90,2021-10-20 06:25:35,89700.0,100.0,32900.0
91,2021-10-20 06:22:13,89700.0,100.0,32800.0
92,2021-10-20 06:21:14,89700.0,100.0,32700.0
93,2021-10-20 06:21:14,89700.0,1300.0,32600.0
94,2021-10-20 06:20:12,89500.0,200.0,31300.0
95,2021-10-20 06:16:20,89500.0,100.0,31100.0
96,2021-10-20 06:06:04,89500.0,300.0,31000.0
97,2021-10-20 04:26:27,89500.0,200.0,30700.0
98,2021-10-20 04:25:45,89500.0,200.0,30500.0
99,2021-10-20 04:24:58,89500.0,1000.0,30300.0
100,2021-10-20 04:24:58,89500.0,100.0,29300.0
101,2021-10-20 04:24:58,89500.0,100.0,29200.0
102,2021-10-20 04:24:58,89500.0,400.0,29100.0
103,2021-10-20 04:24:58,89500.0,200.0,28700.0
104,2021-10-20 04:15:18,89300.0,100.0,28500.0
105,2021-10-20 04:11:32,89400.0,500.0,28400.0
106,2021-10-20 04:06:07,89500.0,100.0,27900.0
107,2021-10-20 04:02:07,89500.0,300.0,27800.0
108,2021-10-20 03:54:05,89500.0,700.0,27500.0
109,2021-10-20 03:54:00,89500.0,1000.0,26800.0
110,2021-10-20 03:53:31,89500.0,300.0,25800.0
111,2021-10-20 03:53:31,89500.0,2000.0,25500.0
112,2021-10-20 03:53:31,89500.0,500.0,23500.0
113,2021-10-20 03:53:31,89500.0,200.0,23000.0
114,2021-10-20 03:45:19,89700.0,100.0,22800.0
115,2021-10-20 03:24:07,89700.0,600.0,22700.0
116,2021-10-20 03:24:07,89500.0,300.0,22100.0
117,2021-10-20 03:20:51,89500.0,300.0,21800.0
118,2021-10-20 03:20:51,89500.0,400.0,21500.0
119,2021-10-20 03:19:45,89500.0,200.0,21100.0
120,2021-10-20 03:18:27,89500.0,100.0,20900.0
121,2021-10-20 03:16:40,89500.0,100.0,20800.0
122,2021-10-20 03:13:22,89500.0,100.0,20700.0
123,2021-10-20 03:13:04,89500.0,200.0,20600.0
124,2021-10-20 03:12:44,89500.0,900.0,20400.0
125,2021-10-20 03:12:44,89500.0,100.0,19500.0
126,2021-10-20 03:12:17,89500.0,100.0,19400.0
127,2021-10-20 03:11:53,89500.0,800.0,19300.0
128,2021-10-20 03:11:53,89500.0,200.0,18500.0
129,2021-10-20 03:10:22,89500.0,500.0,18300.0
130,2021-10-20 03:08:00,89500.0,100.0,17800.0
131,2021-10-20 03:05:05,89500.0,100.0,17700.0
132,2021-10-20 03:04:30,89500.0,100.0,17600.0
133,2021-10-20 03:04:30,89500.0,100.0,17500.0
134,2021-10-20 03:03:31,89700.0,200.0,17400.0
135,2021-10-20 03:00:37,89700.0,800.0,17200.0
136,2021-10-20 03:00:37,89700.0,200.0,16400.0
137,2021-10-20 03:00:26,89700.0,400.0,16200.0
138,2021-10-20 03:00:26,89700.0,100.0,15800.0
139,2021-10-20 02:59:41,89700.0,200.0,15700.0
140,2021-10-20 02:58:55,89500.0,900.0,15500.0
141,2021-10-20 02:57:48,89500.0,200.0,14600.0
142,2021-10-20 02:56:31,89500.0,300.0,14400.0
143,2021-10-20 02:55:11,89500.0,800.0,14100.0
144,2021-10-20 02:55:11,89500.0,100.0,13300.0
145,2021-10-20 02:55:11,89500.0,200.0,13200.0
146,2021-10-20 02:55:11,89500.0,900.0,13000.0
147,2021-10-20 02:51:57,89500.0,100.0,12100.0
148,2021-10-20 02:51:57,89500.0,100.0,12000.0
149,2021-10-20 02:51:17,89500.0,200.0,11900.0
150,2021-10-20 02:45:24,89300.0,1900.0,11700.0
151,2021-10-20 02:44:56,89300.0,2000.0,9800.0
152,2021-10-20 02:37:04,89500.0,100.0,7800.0
153,2021-10-20 02:33:06,89500.0,100.0,7700.0
154,2021-10-20 02:33:06,89500.0,100.0,7600.0
155,2021-10-20 02:33:06,89500.0,100.0,7500.0
156,2021-10-20 02:32:10,89500.0,100.0,7400.0
157,2021-10-20 02:32:10,89500.0,100.0,7300.0
158,2021-10-20 02:32:10,89500.0,100.0,7200.0
159,2021-10-20 02:32:10,89500.0,100.0,7100.0
160,2021-10-20 02:27:34,89500.0,100.0,7000.0
161,2021-10-20 02:26:56,89500.0,100.0,6900.0
162,2021-10-20 02:25:10,89500.0,100.0,6800.0
163,2021-10-20 02:24:37,89500.0,100.0,6700.0
164,2021-10-20 02:24:31,89500.0,500.0,6600.0
165,2021-10-20 02:24:19,89500.0,100.0,6100.0
166,2021-10-20 02:23:29,89500.0,100.0,6000.0
167,2021-10-20 02:23:19,90000.0,100.0,5900.0
168,2021-10-20 02:21:49,90000.0,100.0,5800.0
169,2021-10-20 02:19:06,90000.0,200.0,5700.0
170,2021-10-20 02:17:01,90000.0,300.0,5500.0
171,2021-10-20 02:17:01,90000.0,1000.0,5200.0
172,2021-10-20 02:16:49,90100.0,3000.0,4200.0
173,2021-10-20 02:16:23,90100.0,100.0,1200.0
174,2021-10-20 02:16:23,90100.0,100.0,1100.0
175,2021-10-20 02:15:01,90100.0,100.0,1000.0
176,2021-10-20 02:15:01,90100.0,100.0,900.0
177,2021-10-20 02:15:01,90100.0,100.0,800.0
178,2021-10-20 02:15:01,90100.0,500.0,700.0
179,2021-10-20 02:15:01,90100.0,100.0,200.0
180,2021-10-20 02:15:01,90100.0,100.0,100.0
