,Time,Price,Volume_per_trade,Volume
0,2021-10-12 14:45:02,25100.0,34600.0,1296225.0
1,2021-10-12 14:29:50,25000.0,1000.0,1261625.0
2,2021-10-12 14:29:45,25000.0,5000.0,1260625.0
3,2021-10-12 14:29:44,25100.0,100.0,1255625.0
4,2021-10-12 14:29:39,25000.0,6000.0,1255525.0
5,2021-10-12 14:29:30,25100.0,100.0,1249525.0
6,2021-10-12 14:29:28,25000.0,10000.0,1249425.0
7,2021-10-12 14:29:10,25000.0,10000.0,1239425.0
8,2021-10-12 14:29:01,25100.0,500.0,1229425.0
9,2021-10-12 14:28:59,25000.0,4000.0,1228925.0
10,2021-10-12 14:28:58,25000.0,4000.0,1224925.0
11,2021-10-12 14:28:53,25100.0,100.0,1220925.0
12,2021-10-12 14:28:43,25000.0,2000.0,1220825.0
13,2021-10-12 14:28:25,25000.0,1500.0,1218825.0
14,2021-10-12 14:28:17,25100.0,400.0,1217325.0
15,2021-10-12 14:28:12,25000.0,2000.0,1216925.0
16,2021-10-12 14:27:49,25100.0,3000.0,1214925.0
17,2021-10-12 14:27:47,25000.0,300.0,1211925.0
18,2021-10-12 14:27:46,25100.0,1000.0,1211625.0
19,2021-10-12 14:27:42,25100.0,100.0,1210625.0
20,2021-10-12 14:27:35,25100.0,1000.0,1210525.0
21,2021-10-12 14:27:25,25100.0,100.0,1209525.0
22,2021-10-12 14:27:10,25000.0,500.0,1209425.0
23,2021-10-12 14:26:55,25000.0,900.0,1208925.0
24,2021-10-12 14:26:51,25100.0,100.0,1208025.0
25,2021-10-12 14:26:49,25000.0,900.0,1207925.0
26,2021-10-12 14:26:03,25100.0,400.0,1207025.0
27,2021-10-12 14:25:28,25100.0,1000.0,1206625.0
28,2021-10-12 14:25:17,25100.0,600.0,1205625.0
29,2021-10-12 14:25:11,25100.0,100.0,1205025.0
30,2021-10-12 14:23:47,25100.0,100.0,1204925.0
31,2021-10-12 14:23:01,25100.0,2500.0,1204825.0
32,2021-10-12 14:22:52,25000.0,4000.0,1202325.0
33,2021-10-12 14:22:36,25000.0,500.0,1198325.0
34,2021-10-12 14:22:27,25000.0,9600.0,1197825.0
35,2021-10-12 14:22:21,25100.0,200.0,1188225.0
36,2021-10-12 14:21:58,25100.0,100.0,1188025.0
37,2021-10-12 14:21:47,25100.0,1200.0,1187925.0
38,2021-10-12 14:21:26,25100.0,200.0,1186725.0
39,2021-10-12 14:20:41,25000.0,20000.0,1186525.0
40,2021-10-12 14:20:32,25100.0,18200.0,1166525.0
41,2021-10-12 14:20:30,25100.0,27000.0,1148325.0
42,2021-10-12 14:20:01,25200.0,200.0,1121325.0
43,2021-10-12 14:19:58,25200.0,300.0,1121125.0
44,2021-10-12 14:19:39,25200.0,100.0,1120825.0
45,2021-10-12 14:19:05,25200.0,3000.0,1120725.0
46,2021-10-12 14:18:51,25200.0,300.0,1117725.0
47,2021-10-12 14:18:42,25200.0,100.0,1117425.0
48,2021-10-12 14:18:39,25200.0,1000.0,1117325.0
49,2021-10-12 14:18:33,25200.0,3000.0,1116325.0
50,2021-10-12 14:18:03,25200.0,100.0,1113325.0
51,2021-10-12 14:18:02,25200.0,100.0,1113225.0
52,2021-10-12 14:17:54,25200.0,200.0,1113125.0
53,2021-10-12 14:17:32,25200.0,200.0,1112925.0
54,2021-10-12 14:17:13,25200.0,2000.0,1112725.0
55,2021-10-12 14:17:02,25100.0,200.0,1110725.0
56,2021-10-12 14:16:44,25100.0,100.0,1110525.0
57,2021-10-12 14:16:35,25200.0,1500.0,1110425.0
58,2021-10-12 14:16:28,25200.0,200.0,1108925.0
59,2021-10-12 14:16:11,25100.0,500.0,1108725.0
60,2021-10-12 14:16:09,25200.0,3000.0,1108225.0
61,2021-10-12 14:15:45,25100.0,1000.0,1105225.0
62,2021-10-12 14:15:17,25200.0,1800.0,1104225.0
63,2021-10-12 14:15:07,25100.0,100.0,1102425.0
64,2021-10-12 14:14:54,25200.0,100.0,1102325.0
65,2021-10-12 14:14:36,25200.0,1800.0,1102225.0
66,2021-10-12 14:13:46,25100.0,2000.0,1100425.0
67,2021-10-12 14:13:35,25100.0,1000.0,1098425.0
68,2021-10-12 14:13:30,25100.0,200.0,1097425.0
69,2021-10-12 14:12:25,25100.0,100.0,1097225.0
70,2021-10-12 14:12:12,25100.0,200.0,1097125.0
71,2021-10-12 14:11:42,25100.0,1500.0,1096925.0
72,2021-10-12 14:10:50,25100.0,500.0,1095425.0
73,2021-10-12 14:10:32,25100.0,7400.0,1094925.0
74,2021-10-12 14:10:11,25100.0,400.0,1087525.0
75,2021-10-12 14:09:14,25200.0,1500.0,1087125.0
76,2021-10-12 14:08:39,25200.0,100.0,1085625.0
77,2021-10-12 14:08:29,25200.0,100.0,1085525.0
78,2021-10-12 14:07:38,25200.0,1000.0,1085425.0
79,2021-10-12 14:07:29,25200.0,100.0,1084425.0
80,2021-10-12 14:07:27,25200.0,1000.0,1084325.0
81,2021-10-12 14:06:27,25200.0,200.0,1083325.0
82,2021-10-12 14:05:59,25200.0,700.0,1083125.0
83,2021-10-12 14:05:55,25200.0,100.0,1082425.0
84,2021-10-12 14:05:44,25100.0,300.0,1082325.0
85,2021-10-12 14:04:35,25100.0,1000.0,1082025.0
86,2021-10-12 14:04:25,25200.0,400.0,1081025.0
87,2021-10-12 14:04:09,25200.0,500.0,1080625.0
88,2021-10-12 14:04:06,25100.0,4000.0,1080125.0
89,2021-10-12 14:03:19,25200.0,5000.0,1076125.0
90,2021-10-12 14:03:13,25100.0,7000.0,1071125.0
91,2021-10-12 14:03:12,25200.0,500.0,1064125.0
92,2021-10-12 14:03:07,25100.0,100.0,1063625.0
93,2021-10-12 14:02:51,25100.0,1000.0,1063525.0
94,2021-10-12 14:02:50,25200.0,100.0,1062525.0
95,2021-10-12 14:02:28,25200.0,400.0,1062425.0
96,2021-10-12 14:02:13,25200.0,200.0,1062025.0
97,2021-10-12 14:02:01,25200.0,500.0,1061825.0
98,2021-10-12 14:01:48,25200.0,5000.0,1061325.0
99,2021-10-12 14:01:15,25200.0,100.0,1056325.0
100,2021-10-12 14:00:19,25200.0,300.0,1056225.0
101,2021-10-12 13:59:56,25100.0,100.0,1055925.0
102,2021-10-12 13:59:25,25100.0,700.0,1055825.0
103,2021-10-12 13:59:23,25200.0,600.0,1055125.0
104,2021-10-12 13:59:21,25100.0,1000.0,1054525.0
105,2021-10-12 13:59:19,25100.0,1200.0,1053525.0
106,2021-10-12 13:58:48,25100.0,30000.0,1052325.0
107,2021-10-12 13:58:41,25100.0,100.0,1022325.0
108,2021-10-12 13:58:40,25100.0,1000.0,1022225.0
109,2021-10-12 13:58:33,25100.0,200.0,1021225.0
110,2021-10-12 13:57:30,25100.0,200.0,1021025.0
111,2021-10-12 13:56:35,25200.0,600.0,1020825.0
112,2021-10-12 13:56:24,25200.0,1000.0,1020225.0
113,2021-10-12 13:56:06,25200.0,200.0,1019225.0
114,2021-10-12 13:55:54,25200.0,2000.0,1019025.0
115,2021-10-12 13:55:33,25200.0,36500.0,1017025.0
116,2021-10-12 13:55:16,25200.0,5000.0,980525.0
117,2021-10-12 13:55:15,25200.0,300.0,975525.0
118,2021-10-12 13:54:05,25200.0,10000.0,975225.0
119,2021-10-12 13:53:42,25200.0,200.0,965225.0
120,2021-10-12 13:53:40,25200.0,100.0,965025.0
121,2021-10-12 13:52:43,25200.0,1100.0,964925.0
122,2021-10-12 13:51:54,25300.0,13700.0,963825.0
123,2021-10-12 13:51:21,25300.0,30000.0,950125.0
124,2021-10-12 13:51:10,25300.0,2000.0,920125.0
125,2021-10-12 13:49:11,25300.0,2000.0,918125.0
126,2021-10-12 13:49:06,25300.0,600.0,916125.0
127,2021-10-12 13:48:44,25300.0,100.0,915525.0
128,2021-10-12 13:45:42,25300.0,12500.0,915425.0
129,2021-10-12 13:45:29,25300.0,300.0,902925.0
130,2021-10-12 13:44:38,25300.0,200.0,902625.0
131,2021-10-12 13:44:02,25400.0,300.0,902425.0
132,2021-10-12 13:41:54,25400.0,8800.0,902125.0
133,2021-10-12 13:41:51,25300.0,300.0,893325.0
134,2021-10-12 13:41:16,25300.0,100.0,893025.0
135,2021-10-12 13:40:42,25300.0,100.0,892925.0
136,2021-10-12 13:40:23,25400.0,300.0,892825.0
137,2021-10-12 13:40:10,25400.0,500.0,892525.0
138,2021-10-12 13:40:02,25400.0,200.0,892025.0
139,2021-10-12 13:40:01,25300.0,1000.0,891825.0
140,2021-10-12 13:38:28,25400.0,100.0,890825.0
141,2021-10-12 13:37:27,25400.0,100.0,890725.0
142,2021-10-12 13:36:48,25400.0,100.0,890625.0
143,2021-10-12 13:36:37,25400.0,500.0,890525.0
144,2021-10-12 13:35:21,25400.0,700.0,890025.0
145,2021-10-12 13:34:15,25400.0,500.0,889325.0
146,2021-10-12 13:34:05,25400.0,1000.0,888825.0
147,2021-10-12 13:33:22,25400.0,300.0,887825.0
148,2021-10-12 13:32:25,25400.0,700.0,887525.0
149,2021-10-12 13:32:22,25400.0,200.0,886825.0
150,2021-10-12 13:32:13,25400.0,100.0,886625.0
151,2021-10-12 13:30:40,25400.0,500.0,886525.0
152,2021-10-12 13:30:17,25400.0,1000.0,886025.0
153,2021-10-12 13:29:22,25400.0,1000.0,885025.0
154,2021-10-12 13:29:19,25400.0,100.0,884025.0
155,2021-10-12 13:29:17,25400.0,200.0,883925.0
156,2021-10-12 13:28:57,25400.0,200.0,883725.0
157,2021-10-12 13:28:54,25400.0,1400.0,883525.0
158,2021-10-12 13:28:53,25400.0,500.0,882125.0
159,2021-10-12 13:28:30,25400.0,300.0,881625.0
160,2021-10-12 13:28:23,25400.0,500.0,881325.0
161,2021-10-12 13:27:50,25400.0,500.0,880825.0
162,2021-10-12 13:27:43,25400.0,1200.0,880325.0
163,2021-10-12 13:27:41,25400.0,10000.0,879125.0
164,2021-10-12 13:27:35,25500.0,1000.0,869125.0
165,2021-10-12 13:27:25,25400.0,20000.0,868125.0
166,2021-10-12 13:27:06,25500.0,200.0,848125.0
167,2021-10-12 13:26:32,25400.0,2000.0,847925.0
168,2021-10-12 13:26:12,25500.0,3300.0,845925.0
169,2021-10-12 13:26:02,25500.0,1000.0,842625.0
170,2021-10-12 13:26:01,25500.0,500.0,841625.0
171,2021-10-12 13:25:57,25500.0,100.0,841125.0
172,2021-10-12 13:25:27,25500.0,5200.0,841025.0
173,2021-10-12 13:25:23,25500.0,1000.0,835825.0
174,2021-10-12 13:25:19,25400.0,500.0,834825.0
175,2021-10-12 13:25:18,25500.0,200.0,834325.0
176,2021-10-12 13:25:14,25400.0,100.0,834125.0
177,2021-10-12 13:25:09,25500.0,22000.0,834025.0
178,2021-10-12 13:25:08,25500.0,13000.0,812025.0
179,2021-10-12 13:25:02,25400.0,200.0,799025.0
180,2021-10-12 13:25:01,25400.0,100.0,798825.0
181,2021-10-12 13:24:42,25400.0,1500.0,798725.0
182,2021-10-12 13:24:28,25400.0,300.0,797225.0
183,2021-10-12 13:23:43,25400.0,500.0,796925.0
184,2021-10-12 13:23:34,25400.0,100.0,796425.0
185,2021-10-12 13:23:32,25400.0,2000.0,796325.0
186,2021-10-12 13:23:12,25400.0,500.0,794325.0
187,2021-10-12 13:23:11,25400.0,3100.0,793825.0
188,2021-10-12 13:23:09,25400.0,1000.0,790725.0
189,2021-10-12 13:22:22,25400.0,200.0,789725.0
190,2021-10-12 13:22:12,25400.0,100.0,789525.0
191,2021-10-12 13:22:03,25400.0,100.0,789425.0
192,2021-10-12 13:21:46,25400.0,100.0,789325.0
193,2021-10-12 13:21:27,25400.0,400.0,789225.0
194,2021-10-12 13:19:53,25400.0,1700.0,788825.0
195,2021-10-12 13:19:49,25400.0,200.0,787125.0
196,2021-10-12 13:19:34,25400.0,500.0,786925.0
197,2021-10-12 13:17:40,25400.0,900.0,786425.0
198,2021-10-12 13:17:37,25400.0,100.0,785525.0
199,2021-10-12 13:15:42,25400.0,200.0,785425.0
200,2021-10-12 13:15:22,25400.0,4800.0,785225.0
201,2021-10-12 13:15:13,25400.0,100.0,780425.0
202,2021-10-12 13:15:12,25400.0,1000.0,780325.0
203,2021-10-12 13:15:11,25400.0,1000.0,779325.0
204,2021-10-12 13:14:52,25400.0,100.0,778325.0
205,2021-10-12 13:14:48,25400.0,3200.0,778225.0
206,2021-10-12 13:14:08,25400.0,2700.0,775025.0
207,2021-10-12 13:13:35,25400.0,100.0,772325.0
208,2021-10-12 13:13:28,25400.0,1000.0,772225.0
209,2021-10-12 13:13:24,25400.0,1000.0,771225.0
210,2021-10-12 13:13:17,25400.0,200.0,770225.0
211,2021-10-12 13:13:10,25400.0,200.0,770025.0
212,2021-10-12 13:13:02,25400.0,200.0,769825.0
213,2021-10-12 13:12:57,25400.0,200.0,769625.0
214,2021-10-12 13:12:45,25400.0,11000.0,769425.0
215,2021-10-12 13:11:57,25400.0,1500.0,758425.0
216,2021-10-12 13:11:25,25400.0,3600.0,756925.0
217,2021-10-12 13:10:45,25400.0,1200.0,753325.0
218,2021-10-12 13:10:34,25400.0,200.0,752125.0
219,2021-10-12 13:09:47,25400.0,200.0,751925.0
220,2021-10-12 13:08:57,25400.0,800.0,751725.0
221,2021-10-12 13:06:56,25400.0,2000.0,750925.0
222,2021-10-12 13:06:54,25400.0,100.0,748925.0
223,2021-10-12 13:06:41,25400.0,9900.0,748825.0
224,2021-10-12 13:06:32,25400.0,200.0,738925.0
225,2021-10-12 13:05:21,25400.0,300.0,738725.0
226,2021-10-12 13:05:07,25400.0,1000.0,738425.0
227,2021-10-12 13:03:16,25400.0,3300.0,737425.0
228,2021-10-12 13:02:42,25400.0,1000.0,734125.0
229,2021-10-12 13:02:11,25400.0,200.0,733125.0
230,2021-10-12 13:02:06,25400.0,500.0,732925.0
231,2021-10-12 13:01:20,25400.0,100.0,732425.0
232,2021-10-12 13:00:23,25300.0,400.0,732325.0
233,2021-10-12 13:00:11,25300.0,100.0,731925.0
234,2021-10-12 13:00:06,25300.0,2400.0,731825.0
235,2021-10-12 13:00:03,25300.0,1100.0,729425.0
236,2021-10-12 11:27:43,25300.0,1000.0,728325.0
237,2021-10-12 11:26:47,25400.0,400.0,727325.0
238,2021-10-12 11:26:03,25300.0,5000.0,726925.0
239,2021-10-12 11:25:08,25300.0,1000.0,721925.0
240,2021-10-12 11:24:50,25300.0,1300.0,720925.0
241,2021-10-12 11:22:49,25300.0,200.0,719625.0
242,2021-10-12 11:21:41,25300.0,1000.0,719425.0
243,2021-10-12 11:19:45,25300.0,4000.0,718425.0
244,2021-10-12 11:19:03,25300.0,100.0,714425.0
245,2021-10-12 11:18:08,25300.0,500.0,714325.0
246,2021-10-12 11:16:39,25400.0,200.0,713825.0
247,2021-10-12 11:15:19,25300.0,100.0,713625.0
248,2021-10-12 11:13:25,25400.0,2000.0,713525.0
249,2021-10-12 11:13:07,25400.0,300.0,711525.0
250,2021-10-12 11:12:48,25300.0,54.0,711225.0
251,2021-10-12 11:11:37,25300.0,8200.0,711171.0
252,2021-10-12 11:05:03,25300.0,600.0,702971.0
253,2021-10-12 11:04:53,25300.0,1000.0,702371.0
254,2021-10-12 11:04:49,25300.0,3000.0,701371.0
255,2021-10-12 11:03:59,25300.0,2000.0,698371.0
256,2021-10-12 11:03:58,25200.0,400.0,696371.0
257,2021-10-12 11:03:21,25200.0,200.0,695971.0
258,2021-10-12 11:02:59,25200.0,1000.0,695771.0
259,2021-10-12 11:01:44,25200.0,3000.0,694771.0
260,2021-10-12 10:58:23,25300.0,1000.0,691771.0
261,2021-10-12 10:58:15,25300.0,100.0,690771.0
262,2021-10-12 10:57:13,25300.0,1600.0,690671.0
263,2021-10-12 10:56:49,25200.0,700.0,689071.0
264,2021-10-12 10:56:14,25200.0,1000.0,688371.0
265,2021-10-12 10:55:26,25300.0,400.0,687371.0
266,2021-10-12 10:54:42,25200.0,1000.0,686971.0
267,2021-10-12 10:54:36,25200.0,600.0,685971.0
268,2021-10-12 10:54:30,25300.0,100.0,685371.0
269,2021-10-12 10:54:22,25200.0,200.0,685271.0
270,2021-10-12 10:53:59,25200.0,200.0,685071.0
271,2021-10-12 10:52:52,25200.0,3000.0,684871.0
272,2021-10-12 10:52:35,25200.0,1800.0,681871.0
273,2021-10-12 10:52:01,25100.0,1600.0,680071.0
274,2021-10-12 10:51:46,25100.0,100.0,678471.0
275,2021-10-12 10:51:41,25200.0,1000.0,678371.0
276,2021-10-12 10:51:02,25200.0,100.0,677371.0
277,2021-10-12 10:51:01,25200.0,100.0,677271.0
278,2021-10-12 10:49:24,25200.0,16700.0,677171.0
279,2021-10-12 10:48:21,25200.0,1100.0,660471.0
280,2021-10-12 10:45:50,25300.0,1200.0,659371.0
281,2021-10-12 10:43:09,25300.0,1000.0,658171.0
282,2021-10-12 10:42:13,25200.0,300.0,657171.0
283,2021-10-12 10:41:06,25200.0,600.0,656871.0
284,2021-10-12 10:40:51,25400.0,100.0,656271.0
285,2021-10-12 10:40:02,25200.0,11000.0,656171.0
286,2021-10-12 10:39:25,25300.0,900.0,645171.0
287,2021-10-12 10:39:22,25300.0,500.0,644271.0
288,2021-10-12 10:39:15,25300.0,500.0,643771.0
289,2021-10-12 10:39:06,25300.0,6100.0,643271.0
290,2021-10-12 10:37:33,25400.0,100.0,637171.0
291,2021-10-12 10:37:16,25300.0,300.0,637071.0
292,2021-10-12 10:36:40,25400.0,100.0,636771.0
293,2021-10-12 10:36:27,25400.0,1600.0,636671.0
294,2021-10-12 10:35:52,25400.0,4000.0,635071.0
295,2021-10-12 10:33:04,25200.0,190.0,631071.0
296,2021-10-12 10:32:28,25200.0,100.0,630881.0
297,2021-10-12 10:31:51,25200.0,200.0,630781.0
298,2021-10-12 10:31:40,25200.0,200.0,630581.0
299,2021-10-12 10:31:14,25300.0,900.0,630381.0
300,2021-10-12 10:30:56,25300.0,300.0,629481.0
301,2021-10-12 10:30:28,25300.0,2000.0,629181.0
302,2021-10-12 10:30:11,25400.0,100.0,627181.0
303,2021-10-12 10:28:38,25400.0,100.0,627081.0
304,2021-10-12 10:28:31,25400.0,700.0,626981.0
305,2021-10-12 10:28:21,25400.0,33.0,626281.0
306,2021-10-12 10:27:35,25400.0,800.0,626248.0
307,2021-10-12 10:26:57,25400.0,1900.0,625448.0
308,2021-10-12 10:26:22,25400.0,200.0,623548.0
309,2021-10-12 10:26:13,25400.0,1300.0,623348.0
310,2021-10-12 10:25:02,25400.0,1000.0,622048.0
311,2021-10-12 10:24:34,25400.0,2000.0,621048.0
312,2021-10-12 10:23:54,25400.0,1800.0,619048.0
313,2021-10-12 10:23:49,25400.0,200.0,617248.0
314,2021-10-12 10:23:13,25400.0,1000.0,617048.0
315,2021-10-12 10:22:28,25300.0,3000.0,616048.0
316,2021-10-12 10:22:26,25300.0,5000.0,613048.0
317,2021-10-12 10:21:25,25300.0,300.0,608048.0
318,2021-10-12 10:21:08,25200.0,1300.0,607748.0
319,2021-10-12 10:21:05,25200.0,100.0,606448.0
320,2021-10-12 10:21:03,25200.0,2000.0,606348.0
321,2021-10-12 10:20:49,25100.0,200.0,604348.0
322,2021-10-12 10:20:43,25100.0,2200.0,604148.0
323,2021-10-12 10:20:34,25100.0,3500.0,601948.0
324,2021-10-12 10:20:22,25000.0,1000.0,598448.0
325,2021-10-12 10:20:06,25100.0,1000.0,597448.0
326,2021-10-12 10:19:57,25100.0,8100.0,596448.0
327,2021-10-12 10:19:40,25100.0,800.0,588348.0
328,2021-10-12 10:19:34,25100.0,1600.0,587548.0
329,2021-10-12 10:19:29,25100.0,100.0,585948.0
330,2021-10-12 10:19:26,25000.0,200.0,585848.0
331,2021-10-12 10:19:25,25100.0,100.0,585648.0
332,2021-10-12 10:19:00,25100.0,200.0,585548.0
333,2021-10-12 10:18:53,25100.0,600.0,585348.0
334,2021-10-12 10:18:47,25100.0,1700.0,584748.0
335,2021-10-12 10:18:46,25000.0,1000.0,583048.0
336,2021-10-12 10:18:45,25100.0,5000.0,582048.0
337,2021-10-12 10:18:32,25100.0,1000.0,577048.0
338,2021-10-12 10:18:23,25100.0,8000.0,576048.0
339,2021-10-12 10:18:22,25000.0,2000.0,568048.0
340,2021-10-12 10:18:18,25000.0,5000.0,566048.0
341,2021-10-12 10:18:16,25000.0,3100.0,561048.0
342,2021-10-12 10:18:15,25000.0,300.0,557948.0
343,2021-10-12 10:18:14,25000.0,8500.0,557648.0
344,2021-10-12 10:18:11,25000.0,10000.0,549148.0
345,2021-10-12 10:18:03,25000.0,500.0,539148.0
346,2021-10-12 10:17:58,25000.0,300.0,538648.0
347,2021-10-12 10:17:52,25000.0,1000.0,538348.0
348,2021-10-12 10:17:41,25000.0,100.0,537348.0
349,2021-10-12 10:17:39,25000.0,1500.0,537248.0
350,2021-10-12 10:17:19,25100.0,3600.0,535748.0
351,2021-10-12 10:17:16,25000.0,300.0,532148.0
352,2021-10-12 10:17:01,25000.0,2000.0,531848.0
353,2021-10-12 10:17:00,25000.0,300.0,529848.0
354,2021-10-12 10:16:56,25000.0,4000.0,529548.0
355,2021-10-12 10:16:52,25000.0,100.0,525548.0
356,2021-10-12 10:16:40,25000.0,200.0,525448.0
357,2021-10-12 10:16:34,25000.0,5500.0,525248.0
358,2021-10-12 10:16:26,25000.0,700.0,519748.0
359,2021-10-12 10:16:24,25100.0,300.0,519048.0
360,2021-10-12 10:16:18,25000.0,200.0,518748.0
361,2021-10-12 10:16:08,25100.0,100.0,518548.0
362,2021-10-12 10:15:45,25100.0,100.0,518448.0
363,2021-10-12 10:15:41,25000.0,100.0,518348.0
364,2021-10-12 10:15:35,25000.0,1000.0,518248.0
365,2021-10-12 10:15:29,25000.0,100.0,517248.0
366,2021-10-12 10:15:24,25000.0,200.0,517148.0
367,2021-10-12 10:15:23,25100.0,3000.0,516948.0
368,2021-10-12 10:15:22,25000.0,3000.0,513948.0
369,2021-10-12 10:15:21,25000.0,400.0,510948.0
370,2021-10-12 10:15:17,25000.0,200.0,510548.0
371,2021-10-12 10:15:14,25000.0,1000.0,510348.0
372,2021-10-12 10:15:08,25000.0,400.0,509348.0
373,2021-10-12 10:15:04,25000.0,800.0,508948.0
374,2021-10-12 10:15:03,25100.0,100.0,508148.0
375,2021-10-12 10:14:56,25000.0,1000.0,508048.0
376,2021-10-12 10:14:54,25000.0,1000.0,507048.0
377,2021-10-12 10:14:50,25000.0,1300.0,506048.0
378,2021-10-12 10:14:40,25000.0,2000.0,504748.0
379,2021-10-12 10:14:37,25000.0,5000.0,502748.0
380,2021-10-12 10:14:34,25000.0,800.0,497748.0
381,2021-10-12 10:14:31,25000.0,600.0,496948.0
382,2021-10-12 10:14:30,25000.0,1000.0,496348.0
383,2021-10-12 10:14:29,25000.0,1900.0,495348.0
384,2021-10-12 10:14:28,25000.0,200.0,493448.0
385,2021-10-12 10:14:22,25000.0,500.0,493248.0
386,2021-10-12 10:14:21,25000.0,600.0,492748.0
387,2021-10-12 10:14:18,25000.0,2000.0,492148.0
388,2021-10-12 10:14:14,25000.0,1100.0,490148.0
389,2021-10-12 10:14:08,25000.0,200.0,489048.0
390,2021-10-12 10:14:01,25000.0,200.0,488848.0
391,2021-10-12 10:13:52,25000.0,4000.0,488648.0
392,2021-10-12 10:13:42,25100.0,25400.0,484648.0
393,2021-10-12 10:13:41,25100.0,12000.0,459248.0
394,2021-10-12 10:13:16,25200.0,400.0,447248.0
395,2021-10-12 10:13:12,25200.0,200.0,446848.0
396,2021-10-12 10:13:05,25200.0,4600.0,446648.0
397,2021-10-12 10:13:01,25200.0,1100.0,442048.0
398,2021-10-12 10:12:59,25200.0,10000.0,440948.0
399,2021-10-12 10:12:54,25200.0,3000.0,430948.0
400,2021-10-12 10:12:50,25200.0,500.0,427948.0
401,2021-10-12 10:12:47,25200.0,6000.0,427448.0
402,2021-10-12 10:12:42,25200.0,3900.0,421448.0
403,2021-10-12 10:12:37,25300.0,1400.0,417548.0
404,2021-10-12 10:12:35,25300.0,600.0,416148.0
405,2021-10-12 10:12:34,25300.0,10000.0,415548.0
406,2021-10-12 10:12:30,25300.0,1000.0,405548.0
407,2021-10-12 10:12:12,25300.0,2000.0,404548.0
408,2021-10-12 10:12:10,25300.0,600.0,402548.0
409,2021-10-12 10:12:03,25300.0,400.0,401948.0
410,2021-10-12 10:11:53,25300.0,9700.0,401548.0
411,2021-10-12 10:11:45,25300.0,2000.0,391848.0
412,2021-10-12 10:11:40,25300.0,500.0,389848.0
413,2021-10-12 10:11:36,25300.0,400.0,389348.0
414,2021-10-12 10:11:30,25300.0,500.0,388948.0
415,2021-10-12 10:11:28,25300.0,500.0,388448.0
416,2021-10-12 10:11:26,25300.0,1000.0,387948.0
417,2021-10-12 10:11:22,25300.0,1000.0,386948.0
418,2021-10-12 10:10:52,25300.0,300.0,385948.0
419,2021-10-12 10:10:40,25300.0,4700.0,385648.0
420,2021-10-12 10:09:01,25400.0,3500.0,380948.0
421,2021-10-12 10:08:33,25400.0,100.0,377448.0
422,2021-10-12 10:07:40,25400.0,11100.0,377348.0
423,2021-10-12 10:06:30,25400.0,1200.0,366248.0
424,2021-10-12 10:06:23,25400.0,200.0,365048.0
425,2021-10-12 10:06:09,25500.0,800.0,364848.0
426,2021-10-12 10:05:47,25400.0,1000.0,364048.0
427,2021-10-12 10:04:26,25400.0,800.0,363048.0
428,2021-10-12 10:04:18,25400.0,100.0,362248.0
429,2021-10-12 10:04:17,25400.0,4000.0,362148.0
430,2021-10-12 10:03:58,25400.0,900.0,358148.0
431,2021-10-12 10:03:48,25400.0,7300.0,357248.0
432,2021-10-12 10:03:47,25400.0,200.0,349948.0
433,2021-10-12 10:03:46,25400.0,3000.0,349748.0
434,2021-10-12 10:03:41,25400.0,500.0,346748.0
435,2021-10-12 10:03:05,25400.0,100.0,346248.0
436,2021-10-12 10:02:37,25400.0,1000.0,346148.0
437,2021-10-12 10:01:37,25500.0,8000.0,345148.0
438,2021-10-12 10:01:34,25500.0,100.0,337148.0
439,2021-10-12 10:01:07,25500.0,100.0,337048.0
440,2021-10-12 10:00:43,25500.0,1800.0,336948.0
441,2021-10-12 10:00:42,25400.0,1000.0,335148.0
442,2021-10-12 10:00:25,25500.0,500.0,334148.0
443,2021-10-12 09:59:28,25500.0,3000.0,333648.0
444,2021-10-12 09:58:35,25500.0,100.0,330648.0
445,2021-10-12 09:58:20,25500.0,300.0,330548.0
446,2021-10-12 09:58:18,25500.0,100.0,330248.0
447,2021-10-12 09:57:11,25500.0,100.0,330148.0
448,2021-10-12 09:57:03,25500.0,300.0,330048.0
449,2021-10-12 09:57:02,25500.0,5900.0,329748.0
450,2021-10-12 09:56:44,25500.0,100.0,323848.0
451,2021-10-12 09:55:11,25500.0,100.0,323748.0
452,2021-10-12 09:55:02,25500.0,700.0,323648.0
453,2021-10-12 09:54:51,25500.0,800.0,322948.0
454,2021-10-12 09:54:43,25500.0,100.0,322148.0
455,2021-10-12 09:54:11,25500.0,2000.0,322048.0
456,2021-10-12 09:53:19,25600.0,100.0,320048.0
457,2021-10-12 09:53:07,25600.0,4400.0,319948.0
458,2021-10-12 09:52:47,25500.0,300.0,315548.0
459,2021-10-12 09:52:41,25500.0,100.0,315248.0
460,2021-10-12 09:52:36,25500.0,3600.0,315148.0
461,2021-10-12 09:52:03,25500.0,900.0,311548.0
462,2021-10-12 09:52:00,25600.0,800.0,310648.0
463,2021-10-12 09:51:50,25500.0,1000.0,309848.0
464,2021-10-12 09:50:58,25500.0,200.0,308848.0
465,2021-10-12 09:50:27,25500.0,500.0,308648.0
466,2021-10-12 09:50:07,25500.0,500.0,308148.0
467,2021-10-12 09:50:05,25500.0,700.0,307648.0
468,2021-10-12 09:50:03,25500.0,100.0,306948.0
469,2021-10-12 09:49:56,25600.0,500.0,306848.0
470,2021-10-12 09:49:20,25500.0,1000.0,306348.0
471,2021-10-12 09:49:19,25500.0,200.0,305348.0
472,2021-10-12 09:48:22,25500.0,100.0,305148.0
473,2021-10-12 09:48:05,25500.0,400.0,305048.0
474,2021-10-12 09:48:00,25500.0,200.0,304648.0
475,2021-10-12 09:47:29,25500.0,300.0,304448.0
476,2021-10-12 09:46:58,25500.0,400.0,304148.0
477,2021-10-12 09:46:52,25500.0,100.0,303748.0
478,2021-10-12 09:46:51,25500.0,3500.0,303648.0
479,2021-10-12 09:46:40,25500.0,100.0,300148.0
480,2021-10-12 09:46:25,25500.0,1000.0,300048.0
481,2021-10-12 09:46:21,25500.0,2400.0,299048.0
482,2021-10-12 09:45:59,25500.0,200.0,296648.0
483,2021-10-12 09:45:49,25500.0,4800.0,296448.0
484,2021-10-12 09:45:45,25500.0,200.0,291648.0
485,2021-10-12 09:44:58,25500.0,1000.0,291448.0
486,2021-10-12 09:44:48,25500.0,1000.0,290448.0
487,2021-10-12 09:44:12,25500.0,1000.0,289448.0
488,2021-10-12 09:43:26,25500.0,600.0,288448.0
489,2021-10-12 09:43:09,25500.0,1000.0,287848.0
490,2021-10-12 09:42:34,25500.0,4700.0,286848.0
491,2021-10-12 09:42:17,25500.0,100.0,282148.0
492,2021-10-12 09:42:08,25500.0,300.0,282048.0
493,2021-10-12 09:42:06,25500.0,100.0,281748.0
494,2021-10-12 09:41:42,25500.0,2000.0,281648.0
495,2021-10-12 09:41:22,25500.0,1000.0,279648.0
496,2021-10-12 09:41:02,25500.0,100.0,278648.0
497,2021-10-12 09:40:48,25500.0,100.0,278548.0
498,2021-10-12 09:40:36,25500.0,2300.0,278448.0
499,2021-10-12 09:40:16,25600.0,1000.0,276148.0
500,2021-10-12 09:39:32,25600.0,200.0,275148.0
501,2021-10-12 09:38:11,25600.0,300.0,274948.0
502,2021-10-12 09:37:53,25600.0,100.0,274648.0
503,2021-10-12 09:37:49,25600.0,100.0,274548.0
504,2021-10-12 09:36:52,25600.0,111.0,274448.0
505,2021-10-12 09:36:49,25500.0,1000.0,274337.0
506,2021-10-12 09:36:42,25500.0,1200.0,273337.0
507,2021-10-12 09:36:41,25500.0,600.0,272137.0
508,2021-10-12 09:36:36,25500.0,3700.0,271537.0
509,2021-10-12 09:36:30,25500.0,100.0,267837.0
510,2021-10-12 09:36:21,25500.0,2000.0,267737.0
511,2021-10-12 09:36:18,25500.0,3100.0,265737.0
512,2021-10-12 09:36:12,25500.0,100.0,262637.0
513,2021-10-12 09:36:00,25500.0,100.0,262537.0
514,2021-10-12 09:35:58,25500.0,2000.0,262437.0
515,2021-10-12 09:35:43,25500.0,200.0,260437.0
516,2021-10-12 09:34:54,25500.0,1400.0,260237.0
517,2021-10-12 09:34:21,25500.0,1200.0,258837.0
518,2021-10-12 09:34:16,25500.0,100.0,257637.0
519,2021-10-12 09:34:12,25500.0,800.0,257537.0
520,2021-10-12 09:34:02,25500.0,2000.0,256737.0
521,2021-10-12 09:33:53,25500.0,10800.0,254737.0
522,2021-10-12 09:33:52,25500.0,600.0,243937.0
523,2021-10-12 09:33:46,25500.0,2000.0,243337.0
524,2021-10-12 09:33:26,25500.0,500.0,241337.0
525,2021-10-12 09:33:18,25500.0,100.0,240837.0
526,2021-10-12 09:33:13,25500.0,100.0,240737.0
527,2021-10-12 09:33:12,25500.0,2000.0,240637.0
528,2021-10-12 09:33:04,25500.0,1000.0,238637.0
529,2021-10-12 09:33:00,25600.0,100.0,237637.0
530,2021-10-12 09:32:52,25500.0,2000.0,237537.0
531,2021-10-12 09:32:44,25600.0,200.0,235537.0
532,2021-10-12 09:32:10,25600.0,500.0,235337.0
533,2021-10-12 09:32:06,25600.0,1000.0,234837.0
534,2021-10-12 09:32:00,25500.0,100.0,233837.0
535,2021-10-12 09:31:55,25600.0,100.0,233737.0
536,2021-10-12 09:31:54,25500.0,1500.0,233637.0
537,2021-10-12 09:31:49,25600.0,100.0,232137.0
538,2021-10-12 09:31:44,25600.0,600.0,232037.0
539,2021-10-12 09:31:31,25600.0,200.0,231437.0
540,2021-10-12 09:31:26,25600.0,200.0,231237.0
541,2021-10-12 09:31:25,25600.0,100.0,231037.0
542,2021-10-12 09:31:14,25600.0,300.0,230937.0
543,2021-10-12 09:31:03,25600.0,2000.0,230637.0
544,2021-10-12 09:31:02,25600.0,500.0,228637.0
545,2021-10-12 09:30:59,25600.0,1000.0,228137.0
546,2021-10-12 09:30:51,25700.0,400.0,227137.0
547,2021-10-12 09:30:50,25600.0,200.0,226737.0
548,2021-10-12 09:30:49,25600.0,5000.0,226537.0
549,2021-10-12 09:30:47,25600.0,1000.0,221537.0
550,2021-10-12 09:30:42,25600.0,1000.0,220537.0
551,2021-10-12 09:30:40,25600.0,1000.0,219537.0
552,2021-10-12 09:30:37,25600.0,1000.0,218537.0
553,2021-10-12 09:30:36,25600.0,500.0,217537.0
554,2021-10-12 09:30:35,25600.0,1000.0,217037.0
555,2021-10-12 09:30:34,25600.0,1000.0,216037.0
556,2021-10-12 09:30:32,25600.0,1000.0,215037.0
557,2021-10-12 09:30:31,25600.0,500.0,214037.0
558,2021-10-12 09:30:28,25600.0,300.0,213537.0
559,2021-10-12 09:30:27,25600.0,1000.0,213237.0
560,2021-10-12 09:30:25,25600.0,500.0,212237.0
561,2021-10-12 09:30:22,25600.0,5000.0,211737.0
562,2021-10-12 09:30:13,25600.0,400.0,206737.0
563,2021-10-12 09:30:10,25600.0,1100.0,206337.0
564,2021-10-12 09:30:05,25600.0,500.0,205237.0
565,2021-10-12 09:30:03,25600.0,1500.0,204737.0
566,2021-10-12 09:30:00,25600.0,4400.0,203237.0
567,2021-10-12 09:29:56,25600.0,100.0,198837.0
568,2021-10-12 09:29:49,25600.0,500.0,198737.0
569,2021-10-12 09:29:33,25600.0,500.0,198237.0
570,2021-10-12 09:29:29,25700.0,400.0,197737.0
571,2021-10-12 09:29:23,25700.0,3000.0,197337.0
572,2021-10-12 09:29:07,25700.0,300.0,194337.0
573,2021-10-12 09:28:49,25700.0,4000.0,194037.0
574,2021-10-12 09:28:39,25700.0,100.0,190037.0
575,2021-10-12 09:28:22,25700.0,300.0,189937.0
576,2021-10-12 09:28:14,25700.0,1800.0,189637.0
577,2021-10-12 09:28:12,25700.0,6500.0,187837.0
578,2021-10-12 09:28:00,25600.0,500.0,181337.0
579,2021-10-12 09:27:55,25700.0,3000.0,180837.0
580,2021-10-12 09:27:43,25600.0,900.0,177837.0
581,2021-10-12 09:27:33,25600.0,1000.0,176937.0
582,2021-10-12 09:27:31,25700.0,1000.0,175937.0
583,2021-10-12 09:27:27,25700.0,400.0,174937.0
584,2021-10-12 09:27:25,25600.0,2000.0,174537.0
585,2021-10-12 09:27:05,25700.0,100.0,172537.0
586,2021-10-12 09:26:55,25700.0,500.0,172437.0
587,2021-10-12 09:26:17,25700.0,100.0,171937.0
588,2021-10-12 09:26:14,25700.0,3500.0,171837.0
589,2021-10-12 09:25:52,25700.0,100.0,168337.0
590,2021-10-12 09:25:34,25700.0,100.0,168237.0
591,2021-10-12 09:25:15,25700.0,300.0,168137.0
592,2021-10-12 09:25:14,25700.0,300.0,167837.0
593,2021-10-12 09:25:09,25600.0,1500.0,167537.0
594,2021-10-12 09:25:06,25600.0,500.0,166037.0
595,2021-10-12 09:25:05,25700.0,2400.0,165537.0
596,2021-10-12 09:25:01,25700.0,300.0,163137.0
597,2021-10-12 09:24:59,25700.0,500.0,162837.0
598,2021-10-12 09:24:54,25700.0,2900.0,162337.0
599,2021-10-12 09:24:42,25700.0,2000.0,159437.0
600,2021-10-12 09:24:27,25600.0,300.0,157437.0
601,2021-10-12 09:24:20,25700.0,2000.0,157137.0
602,2021-10-12 09:24:16,25600.0,600.0,155137.0
603,2021-10-12 09:24:13,25600.0,300.0,154537.0
604,2021-10-12 09:24:08,25600.0,200.0,154237.0
605,2021-10-12 09:24:07,25600.0,500.0,154037.0
606,2021-10-12 09:24:02,25600.0,200.0,153537.0
607,2021-10-12 09:23:57,25600.0,500.0,153337.0
608,2021-10-12 09:23:54,25700.0,900.0,152837.0
609,2021-10-12 09:23:22,25600.0,300.0,151937.0
610,2021-10-12 09:23:03,25700.0,1900.0,151637.0
611,2021-10-12 09:22:51,25700.0,100.0,149737.0
612,2021-10-12 09:22:34,25700.0,300.0,149637.0
613,2021-10-12 09:22:16,25700.0,100.0,149337.0
614,2021-10-12 09:22:06,25700.0,2900.0,149237.0
615,2021-10-12 09:21:54,25600.0,500.0,146337.0
616,2021-10-12 09:21:34,25600.0,1400.0,145837.0
617,2021-10-12 09:21:21,25500.0,1000.0,144437.0
618,2021-10-12 09:21:08,25600.0,10000.0,143437.0
619,2021-10-12 09:20:56,25500.0,1000.0,133437.0
620,2021-10-12 09:20:52,25500.0,100.0,132437.0
621,2021-10-12 09:20:51,25600.0,7500.0,132337.0
622,2021-10-12 09:20:40,25500.0,100.0,124837.0
623,2021-10-12 09:20:24,25500.0,100.0,124737.0
624,2021-10-12 09:20:06,25500.0,200.0,124637.0
625,2021-10-12 09:19:35,25500.0,200.0,124437.0
626,2021-10-12 09:19:33,25500.0,400.0,124237.0
627,2021-10-12 09:19:23,25500.0,1000.0,123837.0
628,2021-10-12 09:19:18,25500.0,1400.0,122837.0
629,2021-10-12 09:19:12,25500.0,100.0,121437.0
630,2021-10-12 09:19:10,25500.0,3800.0,121337.0
631,2021-10-12 09:18:59,25500.0,100.0,117537.0
632,2021-10-12 09:18:48,25500.0,2800.0,117437.0
633,2021-10-12 09:18:01,25500.0,8000.0,114637.0
634,2021-10-12 09:17:29,25500.0,500.0,106637.0
635,2021-10-12 09:17:25,25500.0,800.0,106137.0
636,2021-10-12 09:17:24,25400.0,500.0,105337.0
637,2021-10-12 09:17:23,25500.0,300.0,104837.0
638,2021-10-12 09:17:10,25500.0,6800.0,104537.0
639,2021-10-12 09:16:50,25400.0,1000.0,97737.0
640,2021-10-12 09:16:48,25500.0,1000.0,96737.0
641,2021-10-12 09:16:29,25500.0,300.0,95737.0
642,2021-10-12 09:16:14,25500.0,100.0,95437.0
643,2021-10-12 09:15:49,25400.0,1900.0,95337.0
644,2021-10-12 09:15:03,25400.0,100.0,93437.0
645,2021-10-12 09:14:57,25500.0,1000.0,93337.0
646,2021-10-12 09:14:20,25500.0,100.0,92337.0
647,2021-10-12 09:14:19,25500.0,100.0,92237.0
648,2021-10-12 09:14:16,25400.0,400.0,92137.0
649,2021-10-12 09:13:29,25500.0,100.0,91737.0
650,2021-10-12 09:13:28,25500.0,1000.0,91637.0
651,2021-10-12 09:13:03,25500.0,1000.0,90637.0
652,2021-10-12 09:12:48,25500.0,200.0,89637.0
653,2021-10-12 09:12:45,25500.0,300.0,89437.0
654,2021-10-12 09:12:39,25500.0,500.0,89137.0
655,2021-10-12 09:12:35,25500.0,100.0,88637.0
656,2021-10-12 09:12:26,25500.0,1000.0,88537.0
657,2021-10-12 09:12:06,25500.0,5000.0,87537.0
658,2021-10-12 09:11:53,25500.0,2000.0,82537.0
659,2021-10-12 09:11:44,25500.0,200.0,80537.0
660,2021-10-12 09:10:45,25500.0,100.0,80337.0
661,2021-10-12 09:10:34,25500.0,94.0,80237.0
662,2021-10-12 09:10:32,25500.0,1600.0,80143.0
663,2021-10-12 09:10:24,25400.0,500.0,78543.0
664,2021-10-12 09:10:23,25500.0,1000.0,78043.0
665,2021-10-12 09:08:44,25500.0,2600.0,77043.0
666,2021-10-12 09:08:41,25500.0,300.0,74443.0
667,2021-10-12 09:08:29,25500.0,2900.0,74143.0
668,2021-10-12 09:08:13,25500.0,500.0,71243.0
669,2021-10-12 09:07:54,25500.0,2000.0,70743.0
670,2021-10-12 09:07:12,25500.0,200.0,68743.0
671,2021-10-12 09:07:03,25500.0,1800.0,68543.0
672,2021-10-12 09:06:58,25500.0,2000.0,66743.0
673,2021-10-12 09:06:52,25500.0,100.0,64743.0
674,2021-10-12 09:06:39,25500.0,1700.0,64643.0
675,2021-10-12 09:06:38,25500.0,2000.0,62943.0
676,2021-10-12 09:06:23,25400.0,300.0,60943.0
677,2021-10-12 09:06:16,25500.0,100.0,60643.0
678,2021-10-12 09:06:06,25500.0,1000.0,60543.0
679,2021-10-12 09:05:53,25500.0,3900.0,59543.0
680,2021-10-12 09:05:45,25500.0,7400.0,55643.0
681,2021-10-12 09:05:33,25400.0,200.0,48243.0
682,2021-10-12 09:05:17,25500.0,900.0,48043.0
683,2021-10-12 09:05:13,25400.0,1000.0,47143.0
684,2021-10-12 09:05:07,25500.0,100.0,46143.0
685,2021-10-12 09:05:01,25500.0,100.0,46043.0
686,2021-10-12 09:04:59,25500.0,43.0,45943.0
687,2021-10-12 09:04:52,25500.0,3000.0,45900.0
688,2021-10-12 09:04:35,25500.0,500.0,42900.0
689,2021-10-12 09:04:17,25400.0,5000.0,42400.0
690,2021-10-12 09:04:14,25500.0,10000.0,37400.0
691,2021-10-12 09:04:13,25400.0,100.0,27400.0
692,2021-10-12 09:04:06,25400.0,200.0,27300.0
693,2021-10-12 09:03:42,25400.0,200.0,27100.0
694,2021-10-12 09:03:32,25400.0,1500.0,26900.0
695,2021-10-12 09:03:18,25500.0,1000.0,25400.0
696,2021-10-12 09:03:15,25400.0,400.0,24400.0
697,2021-10-12 09:03:01,25400.0,400.0,24000.0
698,2021-10-12 09:02:52,25500.0,300.0,23600.0
699,2021-10-12 09:02:51,25400.0,100.0,23300.0
700,2021-10-12 09:02:49,25500.0,5000.0,23200.0
701,2021-10-12 09:01:50,25500.0,700.0,18200.0
702,2021-10-12 09:01:32,25500.0,5700.0,17500.0
703,2021-10-12 09:01:20,25500.0,3700.0,11800.0
704,2021-10-12 09:01:16,25200.0,100.0,8100.0
705,2021-10-12 09:01:15,25400.0,200.0,8000.0
706,2021-10-12 09:01:10,25500.0,200.0,7800.0
707,2021-10-12 09:00:55,25500.0,100.0,7600.0
708,2021-10-12 09:00:11,25500.0,500.0,7500.0
709,2021-10-12 09:00:06,25500.0,200.0,7000.0
710,2021-10-12 09:00:05,26000.0,6800.0,6800.0
