,Time,Price,Volume_per_trade,Volume
0,2021-10-13 14:45:01,24400.0,126500.0,2665703.0
1,2021-10-13 14:29:39,24600.0,200.0,2539203.0
2,2021-10-13 14:29:34,24500.0,1000.0,2539003.0
3,2021-10-13 14:29:33,24500.0,800.0,2538003.0
4,2021-10-13 14:29:14,24500.0,5000.0,2537203.0
5,2021-10-13 14:28:50,24500.0,13000.0,2532203.0
6,2021-10-13 14:28:44,24500.0,100.0,2519203.0
7,2021-10-13 14:28:20,24500.0,2000.0,2519103.0
8,2021-10-13 14:28:19,24500.0,100.0,2517103.0
9,2021-10-13 14:28:13,24500.0,400.0,2517003.0
10,2021-10-13 14:27:36,24500.0,100.0,2516603.0
11,2021-10-13 14:27:13,24500.0,3000.0,2516503.0
12,2021-10-13 14:27:07,24600.0,900.0,2513503.0
13,2021-10-13 14:26:58,24600.0,100.0,2512603.0
14,2021-10-13 14:26:25,24600.0,4000.0,2512503.0
15,2021-10-13 14:26:09,24600.0,900.0,2508503.0
16,2021-10-13 14:26:06,24600.0,700.0,2507603.0
17,2021-10-13 14:25:54,24600.0,1000.0,2506903.0
18,2021-10-13 14:25:31,24600.0,300.0,2505903.0
19,2021-10-13 14:25:21,24600.0,300.0,2505603.0
20,2021-10-13 14:25:19,24700.0,10000.0,2505303.0
21,2021-10-13 14:24:57,24600.0,10000.0,2495303.0
22,2021-10-13 14:24:48,24700.0,1100.0,2485303.0
23,2021-10-13 14:23:48,24700.0,7.0,2484203.0
24,2021-10-13 14:23:05,24700.0,200.0,2484196.0
25,2021-10-13 14:22:53,24700.0,1700.0,2483996.0
26,2021-10-13 14:22:36,24700.0,100.0,2482296.0
27,2021-10-13 14:22:35,24700.0,300.0,2482196.0
28,2021-10-13 14:22:07,24700.0,1000.0,2481896.0
29,2021-10-13 14:21:56,24700.0,700.0,2480896.0
30,2021-10-13 14:21:49,24700.0,200.0,2480196.0
31,2021-10-13 14:21:45,24600.0,100.0,2479996.0
32,2021-10-13 14:21:33,24700.0,2600.0,2479896.0
33,2021-10-13 14:20:51,24700.0,3000.0,2477296.0
34,2021-10-13 14:20:19,24700.0,3500.0,2474296.0
35,2021-10-13 14:19:04,24700.0,100.0,2470796.0
36,2021-10-13 14:18:41,24700.0,100.0,2470696.0
37,2021-10-13 14:18:08,24700.0,2900.0,2470596.0
38,2021-10-13 14:18:02,24700.0,2100.0,2467696.0
39,2021-10-13 14:17:58,24700.0,300.0,2465596.0
40,2021-10-13 14:17:53,24700.0,1100.0,2465296.0
41,2021-10-13 14:17:43,24700.0,3900.0,2464196.0
42,2021-10-13 14:17:01,24700.0,2000.0,2460296.0
43,2021-10-13 14:16:47,24700.0,100.0,2458296.0
44,2021-10-13 14:16:37,24700.0,6800.0,2458196.0
45,2021-10-13 14:16:32,24700.0,3000.0,2451396.0
46,2021-10-13 14:15:48,24700.0,300.0,2448396.0
47,2021-10-13 14:15:30,24600.0,600.0,2448096.0
48,2021-10-13 14:15:10,24600.0,100.0,2447496.0
49,2021-10-13 14:14:24,24700.0,200.0,2447396.0
50,2021-10-13 14:14:21,24700.0,200.0,2447196.0
51,2021-10-13 14:14:13,24700.0,5900.0,2446996.0
52,2021-10-13 14:13:58,24700.0,500.0,2441096.0
53,2021-10-13 14:13:57,24700.0,200.0,2440596.0
54,2021-10-13 14:13:47,24700.0,700.0,2440396.0
55,2021-10-13 14:13:20,24700.0,10000.0,2439696.0
56,2021-10-13 14:13:05,24600.0,900.0,2429696.0
57,2021-10-13 14:12:53,24600.0,800.0,2428796.0
58,2021-10-13 14:12:29,24600.0,2000.0,2427996.0
59,2021-10-13 14:12:28,24600.0,5000.0,2425996.0
60,2021-10-13 14:12:11,24600.0,300.0,2420996.0
61,2021-10-13 14:12:03,24600.0,2000.0,2420696.0
62,2021-10-13 14:11:29,24600.0,1000.0,2418696.0
63,2021-10-13 14:11:06,24600.0,3700.0,2417696.0
64,2021-10-13 14:10:50,24600.0,1000.0,2413996.0
65,2021-10-13 14:10:36,24600.0,500.0,2412996.0
66,2021-10-13 14:09:58,24700.0,200.0,2412496.0
67,2021-10-13 14:09:57,24600.0,300.0,2412296.0
68,2021-10-13 14:09:45,24600.0,500.0,2411996.0
69,2021-10-13 14:09:29,24700.0,1600.0,2411496.0
70,2021-10-13 14:09:22,24700.0,400.0,2409896.0
71,2021-10-13 14:09:10,24700.0,100.0,2409496.0
72,2021-10-13 14:08:35,24700.0,500.0,2409396.0
73,2021-10-13 14:08:24,24700.0,10000.0,2408896.0
74,2021-10-13 14:07:24,24700.0,2000.0,2398896.0
75,2021-10-13 14:07:16,24700.0,100.0,2396896.0
76,2021-10-13 14:07:08,24600.0,100.0,2396796.0
77,2021-10-13 14:06:59,24700.0,300.0,2396696.0
78,2021-10-13 14:06:29,24700.0,2400.0,2396396.0
79,2021-10-13 14:06:26,24600.0,18000.0,2393996.0
80,2021-10-13 14:05:44,24700.0,100.0,2375996.0
81,2021-10-13 14:05:12,24600.0,100.0,2375896.0
82,2021-10-13 14:05:04,24600.0,1500.0,2375796.0
83,2021-10-13 14:04:24,24600.0,2000.0,2374296.0
84,2021-10-13 14:02:16,24600.0,5000.0,2372296.0
85,2021-10-13 14:01:57,24600.0,4000.0,2367296.0
86,2021-10-13 14:01:17,24600.0,300.0,2363296.0
87,2021-10-13 14:00:37,24600.0,100.0,2362996.0
88,2021-10-13 14:00:12,24700.0,2000.0,2362896.0
89,2021-10-13 13:59:46,24700.0,200.0,2360896.0
90,2021-10-13 13:59:32,24700.0,100.0,2360696.0
91,2021-10-13 13:59:24,24700.0,100.0,2360596.0
92,2021-10-13 13:59:10,24700.0,6000.0,2360496.0
93,2021-10-13 13:59:09,24700.0,100.0,2354496.0
94,2021-10-13 13:58:53,24700.0,1500.0,2354396.0
95,2021-10-13 13:58:36,24700.0,1300.0,2352896.0
96,2021-10-13 13:57:37,24600.0,1100.0,2351596.0
97,2021-10-13 13:56:55,24600.0,200.0,2350496.0
98,2021-10-13 13:56:38,24600.0,100.0,2350296.0
99,2021-10-13 13:56:27,24600.0,1600.0,2350196.0
100,2021-10-13 13:56:26,24600.0,300.0,2348596.0
101,2021-10-13 13:56:17,24600.0,100.0,2348296.0
102,2021-10-13 13:56:04,24600.0,1000.0,2348196.0
103,2021-10-13 13:55:36,24600.0,200.0,2347196.0
104,2021-10-13 13:55:31,24600.0,100.0,2346996.0
105,2021-10-13 13:54:39,24600.0,100.0,2346896.0
106,2021-10-13 13:54:30,24600.0,100.0,2346796.0
107,2021-10-13 13:54:27,24500.0,100.0,2346696.0
108,2021-10-13 13:54:25,24600.0,5100.0,2346596.0
109,2021-10-13 13:54:07,24600.0,200.0,2341496.0
110,2021-10-13 13:53:43,24600.0,300.0,2341296.0
111,2021-10-13 13:53:32,24500.0,200.0,2340996.0
112,2021-10-13 13:53:15,24500.0,300.0,2340796.0
113,2021-10-13 13:53:11,24600.0,100.0,2340496.0
114,2021-10-13 13:52:34,24600.0,100.0,2340396.0
115,2021-10-13 13:52:27,24600.0,100.0,2340296.0
116,2021-10-13 13:52:24,24600.0,500.0,2340196.0
117,2021-10-13 13:52:19,24600.0,1000.0,2339696.0
118,2021-10-13 13:52:17,24600.0,400.0,2338696.0
119,2021-10-13 13:52:13,24600.0,600.0,2338296.0
120,2021-10-13 13:52:03,24600.0,1000.0,2337696.0
121,2021-10-13 13:52:01,24600.0,1000.0,2336696.0
122,2021-10-13 13:52:00,24600.0,200.0,2335696.0
123,2021-10-13 13:51:59,24600.0,300.0,2335496.0
124,2021-10-13 13:51:53,24600.0,1000.0,2335196.0
125,2021-10-13 13:51:51,24600.0,2000.0,2334196.0
126,2021-10-13 13:51:40,24600.0,1500.0,2332196.0
127,2021-10-13 13:51:35,24600.0,900.0,2330696.0
128,2021-10-13 13:51:13,24600.0,600.0,2329796.0
129,2021-10-13 13:51:12,24600.0,200.0,2329196.0
130,2021-10-13 13:51:11,24600.0,1000.0,2328996.0
131,2021-10-13 13:51:02,24600.0,800.0,2327996.0
132,2021-10-13 13:51:00,24600.0,5000.0,2327196.0
133,2021-10-13 13:50:17,24600.0,100.0,2322196.0
134,2021-10-13 13:49:41,24600.0,100.0,2322096.0
135,2021-10-13 13:49:19,24600.0,1000.0,2321996.0
136,2021-10-13 13:49:14,24600.0,400.0,2320996.0
137,2021-10-13 13:49:11,24600.0,2000.0,2320596.0
138,2021-10-13 13:49:06,24500.0,500.0,2318596.0
139,2021-10-13 13:48:44,24600.0,100.0,2318096.0
140,2021-10-13 13:48:35,24600.0,2000.0,2317996.0
141,2021-10-13 13:48:23,24600.0,2800.0,2315996.0
142,2021-10-13 13:48:19,24600.0,300.0,2313196.0
143,2021-10-13 13:48:18,24600.0,200.0,2312896.0
144,2021-10-13 13:48:14,24600.0,1000.0,2312696.0
145,2021-10-13 13:48:12,24600.0,1000.0,2311696.0
146,2021-10-13 13:48:09,24600.0,2000.0,2310696.0
147,2021-10-13 13:47:57,24600.0,2000.0,2308696.0
148,2021-10-13 13:47:56,24600.0,400.0,2306696.0
149,2021-10-13 13:47:49,24600.0,600.0,2306296.0
150,2021-10-13 13:47:41,24600.0,100.0,2305696.0
151,2021-10-13 13:47:20,24600.0,100.0,2305596.0
152,2021-10-13 13:47:11,24500.0,1000.0,2305496.0
153,2021-10-13 13:46:23,24500.0,100.0,2304496.0
154,2021-10-13 13:46:18,24500.0,1000.0,2304396.0
155,2021-10-13 13:45:57,24500.0,2000.0,2303396.0
156,2021-10-13 13:45:56,24500.0,500.0,2301396.0
157,2021-10-13 13:45:55,24500.0,1700.0,2300896.0
158,2021-10-13 13:45:48,24500.0,200.0,2299196.0
159,2021-10-13 13:45:46,24500.0,500.0,2298996.0
160,2021-10-13 13:45:41,24500.0,3300.0,2298496.0
161,2021-10-13 13:45:34,24500.0,400.0,2295196.0
162,2021-10-13 13:45:25,24500.0,500.0,2294796.0
163,2021-10-13 13:45:23,24500.0,1000.0,2294296.0
164,2021-10-13 13:44:49,24400.0,1500.0,2293296.0
165,2021-10-13 13:44:14,24400.0,1000.0,2291796.0
166,2021-10-13 13:44:06,24400.0,100.0,2290796.0
167,2021-10-13 13:43:21,24400.0,1000.0,2290696.0
168,2021-10-13 13:42:52,24400.0,500.0,2289696.0
169,2021-10-13 13:42:20,24400.0,500.0,2289196.0
170,2021-10-13 13:41:50,24400.0,1000.0,2288696.0
171,2021-10-13 13:41:43,24500.0,100.0,2287696.0
172,2021-10-13 13:41:38,24500.0,1900.0,2287596.0
173,2021-10-13 13:41:01,24500.0,2000.0,2285696.0
174,2021-10-13 13:40:48,24500.0,700.0,2283696.0
175,2021-10-13 13:40:42,24500.0,1300.0,2282996.0
176,2021-10-13 13:40:41,24500.0,100.0,2281696.0
177,2021-10-13 13:40:30,24500.0,2000.0,2281596.0
178,2021-10-13 13:40:24,24500.0,41800.0,2279596.0
179,2021-10-13 13:40:19,24500.0,300.0,2237796.0
180,2021-10-13 13:40:18,24500.0,5000.0,2237496.0
181,2021-10-13 13:40:12,24500.0,5000.0,2232496.0
182,2021-10-13 13:39:58,24500.0,300.0,2227496.0
183,2021-10-13 13:39:21,24400.0,200.0,2227196.0
184,2021-10-13 13:39:20,24400.0,2100.0,2226996.0
185,2021-10-13 13:39:15,24400.0,1100.0,2224896.0
186,2021-10-13 13:38:56,24400.0,6800.0,2223796.0
187,2021-10-13 13:38:51,24300.0,4000.0,2216996.0
188,2021-10-13 13:38:35,24300.0,100.0,2212996.0
189,2021-10-13 13:38:24,24300.0,200.0,2212896.0
190,2021-10-13 13:38:21,24300.0,4400.0,2212696.0
191,2021-10-13 13:38:18,24300.0,3000.0,2208296.0
192,2021-10-13 13:38:15,24300.0,2000.0,2205296.0
193,2021-10-13 13:38:12,24300.0,1000.0,2203296.0
194,2021-10-13 13:38:02,24300.0,2000.0,2202296.0
195,2021-10-13 13:37:53,24300.0,2000.0,2200296.0
196,2021-10-13 13:37:43,24300.0,400.0,2198296.0
197,2021-10-13 13:37:19,24200.0,1000.0,2197896.0
198,2021-10-13 13:37:18,24200.0,500.0,2196896.0
199,2021-10-13 13:37:08,24200.0,100.0,2196396.0
200,2021-10-13 13:36:40,24300.0,200.0,2196296.0
201,2021-10-13 13:36:32,24200.0,1000.0,2196096.0
202,2021-10-13 13:36:20,24200.0,1000.0,2195096.0
203,2021-10-13 13:36:12,24200.0,1000.0,2194096.0
204,2021-10-13 13:35:40,24200.0,800.0,2193096.0
205,2021-10-13 13:34:50,24200.0,700.0,2192296.0
206,2021-10-13 13:34:43,24200.0,100.0,2191596.0
207,2021-10-13 13:34:42,24200.0,200.0,2191496.0
208,2021-10-13 13:34:36,24200.0,500.0,2191296.0
209,2021-10-13 13:34:17,24200.0,1800.0,2190796.0
210,2021-10-13 13:34:14,24200.0,5000.0,2188996.0
211,2021-10-13 13:33:21,24300.0,200.0,2183996.0
212,2021-10-13 13:32:39,24200.0,1300.0,2183796.0
213,2021-10-13 13:32:07,24200.0,300.0,2182496.0
214,2021-10-13 13:31:37,24200.0,600.0,2182196.0
215,2021-10-13 13:31:18,24200.0,2300.0,2181596.0
216,2021-10-13 13:31:15,24200.0,400.0,2179296.0
217,2021-10-13 13:31:13,24200.0,1000.0,2178896.0
218,2021-10-13 13:31:09,24100.0,100.0,2177896.0
219,2021-10-13 13:31:08,24200.0,500.0,2177796.0
220,2021-10-13 13:30:43,24200.0,500.0,2177296.0
221,2021-10-13 13:30:38,24200.0,300.0,2176796.0
222,2021-10-13 13:30:07,24200.0,4100.0,2176496.0
223,2021-10-13 13:29:33,24300.0,100.0,2172396.0
224,2021-10-13 13:29:20,24300.0,1000.0,2172296.0
225,2021-10-13 13:29:06,24300.0,3200.0,2171296.0
226,2021-10-13 13:28:59,24400.0,600.0,2168096.0
227,2021-10-13 13:28:33,24300.0,900.0,2167496.0
228,2021-10-13 13:28:05,24300.0,100.0,2166596.0
229,2021-10-13 13:28:04,24300.0,1000.0,2166496.0
230,2021-10-13 13:27:55,24300.0,200.0,2165496.0
231,2021-10-13 13:27:30,24300.0,100.0,2165296.0
232,2021-10-13 13:27:27,24300.0,500.0,2165196.0
233,2021-10-13 13:27:11,24300.0,700.0,2164696.0
234,2021-10-13 13:26:32,24400.0,3200.0,2163996.0
235,2021-10-13 13:26:24,24500.0,1000.0,2160796.0
236,2021-10-13 13:26:18,24500.0,100.0,2159796.0
237,2021-10-13 13:25:48,24500.0,1600.0,2159696.0
238,2021-10-13 13:25:44,24500.0,100.0,2158096.0
239,2021-10-13 13:25:30,24500.0,2000.0,2157996.0
240,2021-10-13 13:25:25,24400.0,2500.0,2155996.0
241,2021-10-13 13:24:59,24400.0,36500.0,2153496.0
242,2021-10-13 13:24:50,24200.0,100.0,2116996.0
243,2021-10-13 13:24:49,24200.0,500.0,2116896.0
244,2021-10-13 13:24:01,24200.0,500.0,2116396.0
245,2021-10-13 13:23:59,24200.0,100.0,2115896.0
246,2021-10-13 13:23:54,24200.0,100.0,2115796.0
247,2021-10-13 13:23:52,24200.0,200.0,2115696.0
248,2021-10-13 13:23:49,24200.0,300.0,2115496.0
249,2021-10-13 13:23:43,24200.0,100.0,2115196.0
250,2021-10-13 13:23:42,24200.0,1500.0,2115096.0
251,2021-10-13 13:23:22,24200.0,12200.0,2113596.0
252,2021-10-13 13:23:03,24100.0,500.0,2101396.0
253,2021-10-13 13:22:56,24100.0,1000.0,2100896.0
254,2021-10-13 13:22:42,24100.0,1600.0,2099896.0
255,2021-10-13 13:22:37,24100.0,200.0,2098296.0
256,2021-10-13 13:22:31,24100.0,100.0,2098096.0
257,2021-10-13 13:22:26,24100.0,100.0,2097996.0
258,2021-10-13 13:22:25,24100.0,10000.0,2097896.0
259,2021-10-13 13:22:21,24100.0,200.0,2087896.0
260,2021-10-13 13:22:13,24100.0,5000.0,2087696.0
261,2021-10-13 13:22:02,24000.0,1000.0,2082696.0
262,2021-10-13 13:21:53,24100.0,300.0,2081696.0
263,2021-10-13 13:21:43,24000.0,200.0,2081396.0
264,2021-10-13 13:21:35,24000.0,300.0,2081196.0
265,2021-10-13 13:21:33,24000.0,600.0,2080896.0
266,2021-10-13 13:21:32,24000.0,100.0,2080296.0
267,2021-10-13 13:21:24,24000.0,4800.0,2080196.0
268,2021-10-13 13:21:19,24000.0,100.0,2075396.0
269,2021-10-13 13:20:59,24000.0,200.0,2075296.0
270,2021-10-13 13:20:48,24000.0,700.0,2075096.0
271,2021-10-13 13:20:40,24000.0,800.0,2074396.0
272,2021-10-13 13:20:39,24000.0,500.0,2073596.0
273,2021-10-13 13:20:34,24000.0,20000.0,2073096.0
274,2021-10-13 13:20:24,24000.0,100.0,2053096.0
275,2021-10-13 13:20:11,24000.0,1000.0,2052996.0
276,2021-10-13 13:19:52,24000.0,6600.0,2051996.0
277,2021-10-13 13:19:50,24000.0,500.0,2045396.0
278,2021-10-13 13:19:44,24000.0,5000.0,2044896.0
279,2021-10-13 13:19:42,24000.0,300.0,2039896.0
280,2021-10-13 13:19:40,24000.0,4000.0,2039596.0
281,2021-10-13 13:19:39,24000.0,400.0,2035596.0
282,2021-10-13 13:19:30,24000.0,100.0,2035196.0
283,2021-10-13 13:19:16,24000.0,2000.0,2035096.0
284,2021-10-13 13:19:08,24000.0,10000.0,2033096.0
285,2021-10-13 13:19:05,24000.0,2100.0,2023096.0
286,2021-10-13 13:19:04,24000.0,100.0,2020996.0
287,2021-10-13 13:18:52,24000.0,2000.0,2020896.0
288,2021-10-13 13:18:50,24000.0,1000.0,2018896.0
289,2021-10-13 13:18:42,24000.0,3000.0,2017896.0
290,2021-10-13 13:18:39,24000.0,2000.0,2014896.0
291,2021-10-13 13:18:36,24000.0,2400.0,2012896.0
292,2021-10-13 13:18:33,24000.0,1300.0,2010496.0
293,2021-10-13 13:18:30,24000.0,1700.0,2009196.0
294,2021-10-13 13:18:27,24000.0,800.0,2007496.0
295,2021-10-13 13:18:25,24000.0,100.0,2006696.0
296,2021-10-13 13:18:24,24000.0,1800.0,2006596.0
297,2021-10-13 13:18:21,24000.0,100.0,2004796.0
298,2021-10-13 13:18:20,24000.0,400.0,2004696.0
299,2021-10-13 13:18:19,24000.0,400.0,2004296.0
300,2021-10-13 13:18:17,24000.0,2200.0,2003896.0
301,2021-10-13 13:18:16,24000.0,10000.0,2001696.0
302,2021-10-13 13:18:06,24000.0,46000.0,1991696.0
303,2021-10-13 13:18:05,24000.0,10000.0,1945696.0
304,2021-10-13 13:18:04,24000.0,2000.0,1935696.0
305,2021-10-13 13:17:58,24000.0,1000.0,1933696.0
306,2021-10-13 13:17:55,24100.0,1000.0,1932696.0
307,2021-10-13 13:17:54,24000.0,1000.0,1931696.0
308,2021-10-13 13:17:52,24100.0,300.0,1930696.0
309,2021-10-13 13:17:47,24000.0,500.0,1930396.0
310,2021-10-13 13:17:46,24000.0,500.0,1929896.0
311,2021-10-13 13:17:43,24000.0,300.0,1929396.0
312,2021-10-13 13:17:40,24000.0,600.0,1929096.0
313,2021-10-13 13:17:25,24000.0,100.0,1928496.0
314,2021-10-13 13:17:23,24000.0,100.0,1928396.0
315,2021-10-13 13:17:18,24000.0,13500.0,1928296.0
316,2021-10-13 13:17:13,24000.0,2000.0,1914796.0
317,2021-10-13 13:17:12,24000.0,300.0,1912796.0
318,2021-10-13 13:17:05,24000.0,1400.0,1912496.0
319,2021-10-13 13:16:51,24000.0,500.0,1911096.0
320,2021-10-13 13:16:40,24100.0,100.0,1910596.0
321,2021-10-13 13:16:35,24000.0,3200.0,1910496.0
322,2021-10-13 13:16:34,24000.0,10000.0,1907296.0
323,2021-10-13 13:16:22,24100.0,500.0,1897296.0
324,2021-10-13 13:16:05,24100.0,100.0,1896796.0
325,2021-10-13 13:15:23,24100.0,100.0,1896696.0
326,2021-10-13 13:15:22,24100.0,1000.0,1896596.0
327,2021-10-13 13:15:07,24100.0,1700.0,1895596.0
328,2021-10-13 13:15:06,24100.0,300.0,1893896.0
329,2021-10-13 13:15:04,24100.0,100.0,1893596.0
330,2021-10-13 13:14:59,24100.0,100.0,1893496.0
331,2021-10-13 13:14:39,24100.0,1000.0,1893396.0
332,2021-10-13 13:14:33,24100.0,7000.0,1892396.0
333,2021-10-13 13:13:54,24100.0,200.0,1885396.0
334,2021-10-13 13:13:53,24100.0,500.0,1885196.0
335,2021-10-13 13:13:48,24100.0,14200.0,1884696.0
336,2021-10-13 13:13:37,24100.0,1000.0,1870496.0
337,2021-10-13 13:13:36,24100.0,100.0,1869496.0
338,2021-10-13 13:13:12,24100.0,800.0,1869396.0
339,2021-10-13 13:12:41,24100.0,2000.0,1868596.0
340,2021-10-13 13:12:40,24100.0,500.0,1866596.0
341,2021-10-13 13:12:37,24100.0,1000.0,1866096.0
342,2021-10-13 13:12:20,24100.0,1000.0,1865096.0
343,2021-10-13 13:12:09,24100.0,600.0,1864096.0
344,2021-10-13 13:11:58,24100.0,5200.0,1863496.0
345,2021-10-13 13:11:42,24100.0,1000.0,1858296.0
346,2021-10-13 13:11:37,24100.0,9800.0,1857296.0
347,2021-10-13 13:11:36,24200.0,5600.0,1847496.0
348,2021-10-13 13:11:19,24100.0,2000.0,1841896.0
349,2021-10-13 13:11:18,24100.0,7000.0,1839896.0
350,2021-10-13 13:11:04,24100.0,16500.0,1832896.0
351,2021-10-13 13:10:59,24100.0,800.0,1816396.0
352,2021-10-13 13:10:48,24100.0,1000.0,1815596.0
353,2021-10-13 13:10:47,24200.0,3000.0,1814596.0
354,2021-10-13 13:10:03,24200.0,300.0,1811596.0
355,2021-10-13 13:09:46,24200.0,400.0,1811296.0
356,2021-10-13 13:09:43,24100.0,2000.0,1810896.0
357,2021-10-13 13:09:30,24100.0,1000.0,1808896.0
358,2021-10-13 13:08:43,24100.0,1700.0,1807896.0
359,2021-10-13 13:08:37,24200.0,1000.0,1806196.0
360,2021-10-13 13:08:31,24100.0,100.0,1805196.0
361,2021-10-13 13:07:36,24100.0,3000.0,1805096.0
362,2021-10-13 13:07:21,24200.0,2100.0,1802096.0
363,2021-10-13 13:07:07,24200.0,300.0,1799996.0
364,2021-10-13 13:07:06,24200.0,1100.0,1799696.0
365,2021-10-13 13:06:28,24200.0,1000.0,1798596.0
366,2021-10-13 13:06:08,24200.0,200.0,1797596.0
367,2021-10-13 13:06:02,24200.0,200.0,1797396.0
368,2021-10-13 13:05:57,24200.0,2900.0,1797196.0
369,2021-10-13 13:05:54,24100.0,300.0,1794296.0
370,2021-10-13 13:05:53,24200.0,500.0,1793996.0
371,2021-10-13 13:05:49,24100.0,2000.0,1793496.0
372,2021-10-13 13:05:38,24100.0,200.0,1791496.0
373,2021-10-13 13:05:30,24100.0,3000.0,1791296.0
374,2021-10-13 13:05:13,24100.0,1100.0,1788296.0
375,2021-10-13 13:05:08,24100.0,1200.0,1787196.0
376,2021-10-13 13:04:43,24100.0,1000.0,1785996.0
377,2021-10-13 13:04:31,24100.0,1100.0,1784996.0
378,2021-10-13 13:04:25,24200.0,5000.0,1783896.0
379,2021-10-13 13:04:12,24100.0,10000.0,1778896.0
380,2021-10-13 13:03:46,24200.0,200.0,1768896.0
381,2021-10-13 13:03:44,24200.0,100.0,1768696.0
382,2021-10-13 13:03:39,24200.0,100.0,1768596.0
383,2021-10-13 13:03:36,24200.0,9500.0,1768496.0
384,2021-10-13 13:03:32,24300.0,100.0,1758996.0
385,2021-10-13 13:03:10,24200.0,4900.0,1758896.0
386,2021-10-13 13:02:55,24100.0,300.0,1753996.0
387,2021-10-13 13:02:50,24200.0,500.0,1753696.0
388,2021-10-13 13:02:49,24200.0,2000.0,1753196.0
389,2021-10-13 13:02:31,24200.0,600.0,1751196.0
390,2021-10-13 13:02:05,24200.0,800.0,1750596.0
391,2021-10-13 13:01:54,24200.0,5000.0,1749796.0
392,2021-10-13 13:01:53,24200.0,1000.0,1744796.0
393,2021-10-13 13:01:20,24200.0,4000.0,1743796.0
394,2021-10-13 13:01:12,24300.0,14600.0,1739796.0
395,2021-10-13 13:01:05,24400.0,500.0,1725196.0
396,2021-10-13 13:00:54,24400.0,2500.0,1724696.0
397,2021-10-13 13:00:53,24400.0,10000.0,1722196.0
398,2021-10-13 13:00:09,24400.0,600.0,1712196.0
399,2021-10-13 13:00:06,24400.0,700.0,1711596.0
400,2021-10-13 13:00:04,24300.0,13800.0,1710896.0
401,2021-10-13 13:00:03,24300.0,12500.0,1697096.0
402,2021-10-13 13:00:02,24400.0,300.0,1684596.0
403,2021-10-13 11:29:20,24400.0,10200.0,1684296.0
404,2021-10-13 11:29:04,24300.0,900.0,1674096.0
405,2021-10-13 11:28:50,24300.0,100.0,1673196.0
406,2021-10-13 11:28:48,24300.0,1500.0,1673096.0
407,2021-10-13 11:28:44,24300.0,300.0,1671596.0
408,2021-10-13 11:28:37,24300.0,500.0,1671296.0
409,2021-10-13 11:28:31,24300.0,2700.0,1670796.0
410,2021-10-13 11:28:26,24300.0,100.0,1668096.0
411,2021-10-13 11:28:23,24300.0,3000.0,1667996.0
412,2021-10-13 11:28:08,24300.0,500.0,1664996.0
413,2021-10-13 11:27:58,24300.0,2000.0,1664496.0
414,2021-10-13 11:27:50,24300.0,500.0,1662496.0
415,2021-10-13 11:27:42,24300.0,300.0,1661996.0
416,2021-10-13 11:27:05,24300.0,600.0,1661696.0
417,2021-10-13 11:27:04,24300.0,100.0,1661096.0
418,2021-10-13 11:27:02,24200.0,900.0,1660996.0
419,2021-10-13 11:26:59,24300.0,2900.0,1660096.0
420,2021-10-13 11:26:53,24200.0,2900.0,1657196.0
421,2021-10-13 11:26:46,24300.0,1000.0,1654296.0
422,2021-10-13 11:26:42,24300.0,100.0,1653296.0
423,2021-10-13 11:26:23,24200.0,3000.0,1653196.0
424,2021-10-13 11:26:17,24300.0,100.0,1650196.0
425,2021-10-13 11:26:07,24300.0,500.0,1650096.0
426,2021-10-13 11:25:59,24300.0,500.0,1649596.0
427,2021-10-13 11:25:55,24300.0,5000.0,1649096.0
428,2021-10-13 11:25:36,24300.0,900.0,1644096.0
429,2021-10-13 11:25:33,24300.0,2000.0,1643196.0
430,2021-10-13 11:25:26,24300.0,100.0,1641196.0
431,2021-10-13 11:25:24,24200.0,1000.0,1641096.0
432,2021-10-13 11:25:19,24200.0,2000.0,1640096.0
433,2021-10-13 11:25:18,24300.0,100.0,1638096.0
434,2021-10-13 11:25:17,24300.0,500.0,1637996.0
435,2021-10-13 11:25:11,24300.0,400.0,1637496.0
436,2021-10-13 11:25:09,24200.0,1600.0,1637096.0
437,2021-10-13 11:25:06,24300.0,100.0,1635496.0
438,2021-10-13 11:24:55,24400.0,14300.0,1635396.0
439,2021-10-13 11:24:54,24300.0,2400.0,1621096.0
440,2021-10-13 11:24:52,24300.0,100.0,1618696.0
441,2021-10-13 11:24:48,24400.0,400.0,1618596.0
442,2021-10-13 11:24:47,24400.0,1.0,1618196.0
443,2021-10-13 11:24:38,24400.0,2000.0,1618195.0
444,2021-10-13 11:24:28,24400.0,200.0,1616195.0
445,2021-10-13 11:24:18,24400.0,600.0,1615995.0
446,2021-10-13 11:24:12,24300.0,99.0,1615395.0
447,2021-10-13 11:24:01,24300.0,8100.0,1615296.0
448,2021-10-13 11:23:49,24200.0,1000.0,1607196.0
449,2021-10-13 11:23:48,24200.0,1000.0,1606196.0
450,2021-10-13 11:23:47,24200.0,7300.0,1605196.0
451,2021-10-13 11:23:39,24200.0,400.0,1597896.0
452,2021-10-13 11:23:37,24200.0,1000.0,1597496.0
453,2021-10-13 11:23:36,24200.0,500.0,1596496.0
454,2021-10-13 11:23:34,24200.0,1000.0,1595996.0
455,2021-10-13 11:23:33,24200.0,2000.0,1594996.0
456,2021-10-13 11:23:30,24200.0,5000.0,1592996.0
457,2021-10-13 11:23:28,24200.0,200.0,1587996.0
458,2021-10-13 11:23:27,24200.0,2700.0,1587796.0
459,2021-10-13 11:23:21,24200.0,1000.0,1585096.0
460,2021-10-13 11:23:15,24100.0,800.0,1584096.0
461,2021-10-13 11:23:14,24000.0,200.0,1583296.0
462,2021-10-13 11:23:13,24100.0,1000.0,1583096.0
463,2021-10-13 11:23:12,24100.0,300.0,1582096.0
464,2021-10-13 11:23:08,24000.0,5000.0,1581796.0
465,2021-10-13 11:23:06,24100.0,1000.0,1576796.0
466,2021-10-13 11:23:04,24000.0,3000.0,1575796.0
467,2021-10-13 11:22:56,23900.0,5500.0,1572796.0
468,2021-10-13 11:22:53,24000.0,500.0,1567296.0
469,2021-10-13 11:22:52,23900.0,3000.0,1566796.0
470,2021-10-13 11:22:51,24000.0,5100.0,1563796.0
471,2021-10-13 11:22:48,24000.0,6000.0,1558696.0
472,2021-10-13 11:22:42,24000.0,500.0,1552696.0
473,2021-10-13 11:22:33,23900.0,100.0,1552196.0
474,2021-10-13 11:22:31,23900.0,15000.0,1552096.0
475,2021-10-13 11:22:27,23900.0,200.0,1537096.0
476,2021-10-13 11:22:24,23900.0,1000.0,1536896.0
477,2021-10-13 11:22:16,23800.0,1000.0,1535896.0
478,2021-10-13 11:22:13,23900.0,300.0,1534896.0
479,2021-10-13 11:22:12,23800.0,400.0,1534596.0
480,2021-10-13 11:22:05,23900.0,20000.0,1534196.0
481,2021-10-13 11:22:00,23800.0,2000.0,1514196.0
482,2021-10-13 11:21:59,23900.0,200.0,1512196.0
483,2021-10-13 11:21:48,23900.0,1600.0,1511996.0
484,2021-10-13 11:21:43,23900.0,200.0,1510396.0
485,2021-10-13 11:21:41,23900.0,100.0,1510196.0
486,2021-10-13 11:21:38,23900.0,1100.0,1510096.0
487,2021-10-13 11:21:32,23900.0,300.0,1508996.0
488,2021-10-13 11:21:29,23900.0,2300.0,1508696.0
489,2021-10-13 11:21:27,23900.0,100.0,1506396.0
490,2021-10-13 11:21:24,23900.0,500.0,1506296.0
491,2021-10-13 11:21:22,23900.0,500.0,1505796.0
492,2021-10-13 11:21:21,23900.0,300.0,1505296.0
493,2021-10-13 11:21:20,23900.0,16200.0,1504996.0
494,2021-10-13 11:21:18,24000.0,2000.0,1488796.0
495,2021-10-13 11:21:17,24000.0,100.0,1486796.0
496,2021-10-13 11:21:15,24000.0,500.0,1486696.0
497,2021-10-13 11:21:14,24000.0,200.0,1486196.0
498,2021-10-13 11:21:07,24000.0,100.0,1485996.0
499,2021-10-13 11:20:59,24000.0,3500.0,1485896.0
500,2021-10-13 11:20:58,24000.0,700.0,1482396.0
501,2021-10-13 11:20:57,23900.0,5000.0,1481696.0
502,2021-10-13 11:20:55,24000.0,1000.0,1476696.0
503,2021-10-13 11:20:47,24000.0,100.0,1475696.0
504,2021-10-13 11:20:45,24000.0,1000.0,1475596.0
505,2021-10-13 11:20:44,23900.0,3700.0,1474596.0
506,2021-10-13 11:20:41,23900.0,100.0,1470896.0
507,2021-10-13 11:20:37,23900.0,3000.0,1470796.0
508,2021-10-13 11:20:36,24000.0,6200.0,1467796.0
509,2021-10-13 11:20:33,23900.0,500.0,1461596.0
510,2021-10-13 11:20:32,24000.0,1000.0,1461096.0
511,2021-10-13 11:20:24,24000.0,1000.0,1460096.0
512,2021-10-13 11:20:15,24000.0,600.0,1459096.0
513,2021-10-13 11:20:14,24000.0,1000.0,1458496.0
514,2021-10-13 11:20:09,24000.0,100.0,1457496.0
515,2021-10-13 11:20:06,24000.0,13400.0,1457396.0
516,2021-10-13 11:20:05,24000.0,2000.0,1443996.0
517,2021-10-13 11:20:02,24000.0,1500.0,1441996.0
518,2021-10-13 11:20:00,24000.0,9700.0,1440496.0
519,2021-10-13 11:19:56,24000.0,1000.0,1430796.0
520,2021-10-13 11:19:55,24000.0,2800.0,1429796.0
521,2021-10-13 11:19:52,24000.0,1000.0,1426996.0
522,2021-10-13 11:19:47,24000.0,5000.0,1425996.0
523,2021-10-13 11:19:39,24100.0,500.0,1420996.0
524,2021-10-13 11:19:38,24000.0,100.0,1420496.0
525,2021-10-13 11:19:35,24000.0,58000.0,1420396.0
526,2021-10-13 11:19:32,24100.0,500.0,1362396.0
527,2021-10-13 11:19:28,24100.0,2000.0,1361896.0
528,2021-10-13 11:19:27,24100.0,400.0,1359896.0
529,2021-10-13 11:19:17,24100.0,2000.0,1359496.0
530,2021-10-13 11:19:16,24000.0,10000.0,1357496.0
531,2021-10-13 11:19:12,24100.0,900.0,1347496.0
532,2021-10-13 11:19:11,24000.0,2000.0,1346596.0
533,2021-10-13 11:19:10,24100.0,1000.0,1344596.0
534,2021-10-13 11:18:59,24100.0,500.0,1343596.0
535,2021-10-13 11:18:57,24100.0,1200.0,1343096.0
536,2021-10-13 11:18:55,24100.0,1100.0,1341896.0
537,2021-10-13 11:18:53,24100.0,500.0,1340796.0
538,2021-10-13 11:18:52,24100.0,300.0,1340296.0
539,2021-10-13 11:18:49,24100.0,400.0,1339996.0
540,2021-10-13 11:18:48,24100.0,16900.0,1339596.0
541,2021-10-13 11:18:45,24200.0,200.0,1322696.0
542,2021-10-13 11:18:44,24200.0,2000.0,1322496.0
543,2021-10-13 11:18:39,24100.0,1000.0,1320496.0
544,2021-10-13 11:18:35,24200.0,200.0,1319496.0
545,2021-10-13 11:18:34,24200.0,500.0,1319296.0
546,2021-10-13 11:18:31,24200.0,100.0,1318796.0
547,2021-10-13 11:18:19,24200.0,5000.0,1318696.0
548,2021-10-13 11:18:09,24200.0,100.0,1313696.0
549,2021-10-13 11:18:07,24200.0,100.0,1313596.0
550,2021-10-13 11:18:02,24200.0,100.0,1313496.0
551,2021-10-13 11:17:57,24100.0,500.0,1313396.0
552,2021-10-13 11:17:54,24200.0,200.0,1312896.0
553,2021-10-13 11:17:51,24200.0,300.0,1312696.0
554,2021-10-13 11:17:42,24200.0,19400.0,1312396.0
555,2021-10-13 11:17:41,24200.0,2500.0,1292996.0
556,2021-10-13 11:17:40,24200.0,500.0,1290496.0
557,2021-10-13 11:17:30,24300.0,35000.0,1289996.0
558,2021-10-13 11:17:28,24400.0,1000.0,1254996.0
559,2021-10-13 11:17:27,24300.0,11700.0,1253996.0
560,2021-10-13 11:17:21,24400.0,600.0,1242296.0
561,2021-10-13 11:16:38,24400.0,1500.0,1241696.0
562,2021-10-13 11:16:35,24400.0,1200.0,1240196.0
563,2021-10-13 11:16:19,24400.0,1800.0,1238996.0
564,2021-10-13 11:15:58,24400.0,200.0,1237196.0
565,2021-10-13 11:15:47,24400.0,4100.0,1236996.0
566,2021-10-13 11:15:42,24400.0,800.0,1232896.0
567,2021-10-13 11:15:27,24400.0,2100.0,1232096.0
568,2021-10-13 11:15:23,24400.0,500.0,1229996.0
569,2021-10-13 11:15:10,24400.0,38700.0,1229496.0
570,2021-10-13 11:15:08,24400.0,3000.0,1190796.0
571,2021-10-13 11:15:01,24500.0,100.0,1187796.0
572,2021-10-13 11:14:57,24400.0,9000.0,1187696.0
573,2021-10-13 11:14:18,24500.0,100.0,1178696.0
574,2021-10-13 11:14:14,24500.0,300.0,1178596.0
575,2021-10-13 11:14:09,24500.0,200.0,1178296.0
576,2021-10-13 11:14:06,24500.0,200.0,1178096.0
577,2021-10-13 11:13:57,24500.0,1000.0,1177896.0
578,2021-10-13 11:13:27,24400.0,6900.0,1176896.0
579,2021-10-13 11:12:31,24500.0,200.0,1169996.0
580,2021-10-13 11:12:26,24500.0,1000.0,1169796.0
581,2021-10-13 11:12:24,24500.0,1000.0,1168796.0
582,2021-10-13 11:12:08,24500.0,1700.0,1167796.0
583,2021-10-13 11:11:45,24500.0,700.0,1166096.0
584,2021-10-13 11:11:30,24400.0,300.0,1165396.0
585,2021-10-13 11:11:00,24500.0,2000.0,1165096.0
586,2021-10-13 11:10:55,24500.0,400.0,1163096.0
587,2021-10-13 11:10:50,24500.0,1000.0,1162696.0
588,2021-10-13 11:10:42,24500.0,1900.0,1161696.0
589,2021-10-13 11:10:37,24600.0,500.0,1159796.0
590,2021-10-13 11:10:36,24500.0,2400.0,1159296.0
591,2021-10-13 11:10:35,24500.0,400.0,1156896.0
592,2021-10-13 11:10:29,24500.0,600.0,1156496.0
593,2021-10-13 11:10:17,24500.0,2000.0,1155896.0
594,2021-10-13 11:10:11,24500.0,2400.0,1153896.0
595,2021-10-13 11:10:07,24600.0,100.0,1151496.0
596,2021-10-13 11:10:04,24600.0,300.0,1151396.0
597,2021-10-13 11:10:01,24500.0,700.0,1151096.0
598,2021-10-13 11:09:58,24500.0,7000.0,1150396.0
599,2021-10-13 11:09:53,24500.0,3700.0,1143396.0
600,2021-10-13 11:09:11,24500.0,900.0,1139696.0
601,2021-10-13 11:09:08,24500.0,2300.0,1138796.0
602,2021-10-13 11:08:52,24500.0,2000.0,1136496.0
603,2021-10-13 11:08:31,24500.0,800.0,1134496.0
604,2021-10-13 11:08:28,24600.0,100.0,1133696.0
605,2021-10-13 11:08:24,24500.0,200.0,1133596.0
606,2021-10-13 11:08:23,24500.0,500.0,1133396.0
607,2021-10-13 11:08:13,24500.0,100.0,1132896.0
608,2021-10-13 11:08:07,24500.0,200.0,1132796.0
609,2021-10-13 11:07:59,24600.0,100.0,1132596.0
610,2021-10-13 11:07:58,24500.0,1000.0,1132496.0
611,2021-10-13 11:07:38,24600.0,1200.0,1131496.0
612,2021-10-13 11:07:36,24500.0,200.0,1130296.0
613,2021-10-13 11:07:24,24600.0,200.0,1130096.0
614,2021-10-13 11:07:10,24600.0,400.0,1129896.0
615,2021-10-13 11:07:02,24500.0,500.0,1129496.0
616,2021-10-13 11:06:46,24400.0,300.0,1128996.0
617,2021-10-13 11:06:45,24400.0,1000.0,1128696.0
618,2021-10-13 11:06:42,24400.0,600.0,1127696.0
619,2021-10-13 11:06:41,24400.0,200.0,1127096.0
620,2021-10-13 11:06:40,24400.0,100.0,1126896.0
621,2021-10-13 11:06:35,24400.0,2400.0,1126796.0
622,2021-10-13 11:06:31,24400.0,1300.0,1124396.0
623,2021-10-13 11:06:30,24400.0,2000.0,1123096.0
624,2021-10-13 11:06:28,24400.0,700.0,1121096.0
625,2021-10-13 11:06:27,24400.0,2000.0,1120396.0
626,2021-10-13 11:06:26,24400.0,1500.0,1118396.0
627,2021-10-13 11:06:21,24400.0,1000.0,1116896.0
628,2021-10-13 11:06:17,24400.0,1000.0,1115896.0
629,2021-10-13 11:06:14,24400.0,3000.0,1114896.0
630,2021-10-13 11:06:12,24400.0,100.0,1111896.0
631,2021-10-13 11:06:09,24400.0,300.0,1111796.0
632,2021-10-13 11:06:08,24400.0,200.0,1111496.0
633,2021-10-13 11:06:07,24400.0,1000.0,1111296.0
634,2021-10-13 11:05:56,24400.0,1000.0,1110296.0
635,2021-10-13 11:05:54,24400.0,519.0,1109296.0
636,2021-10-13 11:05:53,24400.0,600.0,1108777.0
637,2021-10-13 11:05:51,24400.0,1000.0,1108177.0
638,2021-10-13 11:05:47,24400.0,200.0,1107177.0
639,2021-10-13 11:05:45,24400.0,1500.0,1106977.0
640,2021-10-13 11:05:38,24400.0,300.0,1105477.0
641,2021-10-13 11:05:36,24400.0,200.0,1105177.0
642,2021-10-13 11:05:22,24400.0,1100.0,1104977.0
643,2021-10-13 11:05:12,24400.0,500.0,1103877.0
644,2021-10-13 11:05:08,24400.0,100.0,1103377.0
645,2021-10-13 11:05:01,24400.0,2000.0,1103277.0
646,2021-10-13 11:04:59,24400.0,100.0,1101277.0
647,2021-10-13 11:04:51,24400.0,100.0,1101177.0
648,2021-10-13 11:04:50,24300.0,1000.0,1101077.0
649,2021-10-13 11:04:47,24400.0,100.0,1100077.0
650,2021-10-13 11:04:40,24300.0,2500.0,1099977.0
651,2021-10-13 11:04:37,24400.0,200.0,1097477.0
652,2021-10-13 11:04:34,24400.0,200.0,1097277.0
653,2021-10-13 11:04:33,24400.0,1000.0,1097077.0
654,2021-10-13 11:04:20,24400.0,400.0,1096077.0
655,2021-10-13 11:04:14,24400.0,1000.0,1095677.0
656,2021-10-13 11:04:12,24400.0,500.0,1094677.0
657,2021-10-13 11:04:09,24400.0,1000.0,1094177.0
658,2021-10-13 11:04:07,24400.0,300.0,1093177.0
659,2021-10-13 11:04:02,24400.0,200.0,1092877.0
660,2021-10-13 11:04:01,24400.0,100.0,1092677.0
661,2021-10-13 11:03:56,24400.0,400.0,1092577.0
662,2021-10-13 11:03:47,24400.0,100.0,1092177.0
663,2021-10-13 11:03:43,24400.0,500.0,1092077.0
664,2021-10-13 11:03:40,24400.0,2000.0,1091577.0
665,2021-10-13 11:03:33,24400.0,100.0,1089577.0
666,2021-10-13 11:03:31,24400.0,200.0,1089477.0
667,2021-10-13 11:03:30,24400.0,1000.0,1089277.0
668,2021-10-13 11:03:22,24400.0,500.0,1088277.0
669,2021-10-13 11:03:12,24300.0,1000.0,1087777.0
670,2021-10-13 11:03:11,24500.0,5000.0,1086777.0
671,2021-10-13 11:03:05,24300.0,1000.0,1081777.0
672,2021-10-13 11:03:01,24400.0,6000.0,1080777.0
673,2021-10-13 11:02:56,24300.0,2000.0,1074777.0
674,2021-10-13 11:02:47,24400.0,700.0,1072777.0
675,2021-10-13 11:02:46,24400.0,200.0,1072077.0
676,2021-10-13 11:02:43,24400.0,2900.0,1071877.0
677,2021-10-13 11:02:40,24400.0,10000.0,1068977.0
678,2021-10-13 11:02:36,24400.0,10000.0,1058977.0
679,2021-10-13 11:02:25,24500.0,2400.0,1048977.0
680,2021-10-13 11:02:23,24500.0,500.0,1046577.0
681,2021-10-13 11:02:22,24500.0,2000.0,1046077.0
682,2021-10-13 11:02:17,24500.0,300.0,1044077.0
683,2021-10-13 11:02:10,24500.0,8500.0,1043777.0
684,2021-10-13 11:02:04,24500.0,10800.0,1035277.0
685,2021-10-13 11:01:57,24500.0,1000.0,1024477.0
686,2021-10-13 11:01:56,24500.0,1.0,1023477.0
687,2021-10-13 11:01:40,24500.0,10000.0,1023476.0
688,2021-10-13 11:01:35,24600.0,200.0,1013476.0
689,2021-10-13 11:01:34,24500.0,300.0,1013276.0
690,2021-10-13 11:01:16,24500.0,139500.0,1012976.0
691,2021-10-13 11:01:09,24600.0,1600.0,873476.0
692,2021-10-13 11:01:07,24600.0,100.0,871876.0
693,2021-10-13 11:01:02,24600.0,5300.0,871776.0
694,2021-10-13 11:00:39,24600.0,9000.0,866476.0
695,2021-10-13 11:00:27,24600.0,2800.0,857476.0
696,2021-10-13 10:59:33,24600.0,1200.0,854676.0
697,2021-10-13 10:59:16,24600.0,2000.0,853476.0
698,2021-10-13 10:59:08,24700.0,300.0,851476.0
699,2021-10-13 10:58:32,24700.0,900.0,851176.0
700,2021-10-13 10:58:23,24700.0,3000.0,850276.0
701,2021-10-13 10:58:21,24600.0,20000.0,847276.0
702,2021-10-13 10:57:44,24600.0,700.0,827276.0
703,2021-10-13 10:57:09,24600.0,2000.0,826576.0
704,2021-10-13 10:56:57,24600.0,200.0,824576.0
705,2021-10-13 10:56:39,24600.0,300.0,824376.0
706,2021-10-13 10:56:35,24600.0,1000.0,824076.0
707,2021-10-13 10:56:20,24600.0,300.0,823076.0
708,2021-10-13 10:56:09,24600.0,400.0,822776.0
709,2021-10-13 10:55:58,24600.0,400.0,822376.0
710,2021-10-13 10:55:50,24600.0,1000.0,821976.0
711,2021-10-13 10:55:38,24600.0,100.0,820976.0
712,2021-10-13 10:55:24,24600.0,50000.0,820876.0
713,2021-10-13 10:55:19,24700.0,700.0,770876.0
714,2021-10-13 10:54:44,24700.0,600.0,770176.0
715,2021-10-13 10:53:55,24800.0,200.0,769576.0
716,2021-10-13 10:53:14,24800.0,10000.0,769376.0
717,2021-10-13 10:52:42,24700.0,500.0,759376.0
718,2021-10-13 10:52:30,24700.0,500.0,758876.0
719,2021-10-13 10:52:28,24700.0,5400.0,758376.0
720,2021-10-13 10:52:00,24700.0,100.0,752976.0
721,2021-10-13 10:51:33,24700.0,100.0,752876.0
722,2021-10-13 10:51:27,24700.0,500.0,752776.0
723,2021-10-13 10:50:50,24700.0,200.0,752276.0
724,2021-10-13 10:50:40,24700.0,100.0,752076.0
725,2021-10-13 10:50:35,24700.0,300.0,751976.0
726,2021-10-13 10:50:20,24700.0,5000.0,751676.0
727,2021-10-13 10:50:03,24700.0,100.0,746676.0
728,2021-10-13 10:50:01,24800.0,100.0,746576.0
729,2021-10-13 10:49:49,24700.0,1000.0,746476.0
730,2021-10-13 10:49:23,24800.0,4000.0,745476.0
731,2021-10-13 10:49:17,24800.0,200.0,741476.0
732,2021-10-13 10:49:14,24800.0,1000.0,741276.0
733,2021-10-13 10:48:58,24800.0,200.0,740276.0
734,2021-10-13 10:48:57,24700.0,800.0,740076.0
735,2021-10-13 10:48:40,24700.0,15000.0,739276.0
736,2021-10-13 10:48:20,24700.0,500.0,724276.0
737,2021-10-13 10:48:14,24700.0,1300.0,723776.0
738,2021-10-13 10:48:03,24700.0,200.0,722476.0
739,2021-10-13 10:47:55,24700.0,100.0,722276.0
740,2021-10-13 10:47:37,24700.0,400.0,722176.0
741,2021-10-13 10:47:33,24700.0,400.0,721776.0
742,2021-10-13 10:47:13,24700.0,1000.0,721376.0
743,2021-10-13 10:47:12,24700.0,300.0,720376.0
744,2021-10-13 10:46:54,24700.0,2500.0,720076.0
745,2021-10-13 10:46:53,24700.0,1300.0,717576.0
746,2021-10-13 10:46:18,24700.0,1000.0,716276.0
747,2021-10-13 10:46:12,24800.0,100.0,715276.0
748,2021-10-13 10:45:59,24700.0,5000.0,715176.0
749,2021-10-13 10:45:47,24700.0,700.0,710176.0
750,2021-10-13 10:45:31,24700.0,1000.0,709476.0
751,2021-10-13 10:45:28,24700.0,200.0,708476.0
752,2021-10-13 10:44:17,24700.0,1600.0,708276.0
753,2021-10-13 10:44:09,24800.0,1600.0,706676.0
754,2021-10-13 10:43:51,24800.0,500.0,705076.0
755,2021-10-13 10:43:33,24700.0,600.0,704576.0
756,2021-10-13 10:43:30,24700.0,2000.0,703976.0
757,2021-10-13 10:43:25,24700.0,300.0,701976.0
758,2021-10-13 10:43:19,24700.0,500.0,701676.0
759,2021-10-13 10:42:53,24700.0,2000.0,701176.0
760,2021-10-13 10:42:52,24800.0,300.0,699176.0
761,2021-10-13 10:42:46,24700.0,4100.0,698876.0
762,2021-10-13 10:41:14,24800.0,100.0,694776.0
763,2021-10-13 10:41:08,24700.0,1100.0,694676.0
764,2021-10-13 10:40:20,24800.0,3800.0,693576.0
765,2021-10-13 10:40:09,24700.0,500.0,689776.0
766,2021-10-13 10:39:05,24800.0,1000.0,689276.0
767,2021-10-13 10:38:57,24800.0,200.0,688276.0
768,2021-10-13 10:38:40,24700.0,2500.0,688076.0
769,2021-10-13 10:38:20,24800.0,100.0,685576.0
770,2021-10-13 10:38:18,24800.0,500.0,685476.0
771,2021-10-13 10:37:51,24800.0,100.0,684976.0
772,2021-10-13 10:37:38,24800.0,100.0,684876.0
773,2021-10-13 10:36:52,24700.0,40000.0,684776.0
774,2021-10-13 10:36:04,24800.0,9600.0,644776.0
775,2021-10-13 10:35:42,24800.0,5000.0,635176.0
776,2021-10-13 10:35:12,24700.0,1000.0,630176.0
777,2021-10-13 10:34:53,24700.0,10000.0,629176.0
778,2021-10-13 10:34:50,24800.0,100.0,619176.0
779,2021-10-13 10:34:44,24800.0,100.0,619076.0
780,2021-10-13 10:34:20,24800.0,15000.0,618976.0
781,2021-10-13 10:34:14,24700.0,1200.0,603976.0
782,2021-10-13 10:34:10,24700.0,1000.0,602776.0
783,2021-10-13 10:33:53,24700.0,300.0,601776.0
784,2021-10-13 10:33:51,24700.0,2000.0,601476.0
785,2021-10-13 10:33:24,24700.0,5000.0,599476.0
786,2021-10-13 10:31:41,24700.0,200.0,594476.0
787,2021-10-13 10:31:34,24800.0,3000.0,594276.0
788,2021-10-13 10:29:44,24700.0,3000.0,591276.0
789,2021-10-13 10:29:25,24700.0,200.0,588276.0
790,2021-10-13 10:29:14,24800.0,500.0,588076.0
791,2021-10-13 10:29:09,24700.0,400.0,587576.0
792,2021-10-13 10:29:08,24700.0,2000.0,587176.0
793,2021-10-13 10:28:48,24800.0,500.0,585176.0
794,2021-10-13 10:28:45,24800.0,1000.0,584676.0
795,2021-10-13 10:28:26,24800.0,300.0,583676.0
796,2021-10-13 10:28:23,24800.0,400.0,583376.0
797,2021-10-13 10:28:22,24800.0,400.0,582976.0
798,2021-10-13 10:28:21,24800.0,4000.0,582576.0
799,2021-10-13 10:27:28,24800.0,2300.0,578576.0
800,2021-10-13 10:27:21,24800.0,600.0,576276.0
801,2021-10-13 10:27:15,24700.0,500.0,575676.0
802,2021-10-13 10:26:57,24700.0,4000.0,575176.0
803,2021-10-13 10:26:45,24800.0,2000.0,571176.0
804,2021-10-13 10:26:26,24800.0,500.0,569176.0
805,2021-10-13 10:26:10,24700.0,1000.0,568676.0
806,2021-10-13 10:25:27,24800.0,2800.0,567676.0
807,2021-10-13 10:24:45,24700.0,8100.0,564876.0
808,2021-10-13 10:24:22,24800.0,300.0,556776.0
809,2021-10-13 10:23:30,24800.0,200.0,556476.0
810,2021-10-13 10:23:29,24700.0,100.0,556276.0
811,2021-10-13 10:23:02,24800.0,300.0,556176.0
812,2021-10-13 10:22:59,24700.0,1200.0,555876.0
813,2021-10-13 10:22:45,24700.0,500.0,554676.0
814,2021-10-13 10:22:40,24800.0,2000.0,554176.0
815,2021-10-13 10:22:36,24800.0,2000.0,552176.0
816,2021-10-13 10:21:41,24800.0,200.0,550176.0
817,2021-10-13 10:21:12,24800.0,800.0,549976.0
818,2021-10-13 10:20:48,24800.0,2000.0,549176.0
819,2021-10-13 10:20:29,24800.0,100.0,547176.0
820,2021-10-13 10:20:21,24800.0,200.0,547076.0
821,2021-10-13 10:19:24,24800.0,5000.0,546876.0
822,2021-10-13 10:18:50,24700.0,500.0,541876.0
823,2021-10-13 10:18:30,24700.0,200.0,541376.0
824,2021-10-13 10:18:29,24700.0,200.0,541176.0
825,2021-10-13 10:18:13,24700.0,1000.0,540976.0
826,2021-10-13 10:17:32,24700.0,200.0,539976.0
827,2021-10-13 10:17:25,24700.0,400.0,539776.0
828,2021-10-13 10:17:08,24700.0,2000.0,539376.0
829,2021-10-13 10:16:49,24800.0,500.0,537376.0
830,2021-10-13 10:16:27,24700.0,2100.0,536876.0
831,2021-10-13 10:16:26,24800.0,500.0,534776.0
832,2021-10-13 10:16:12,24800.0,5000.0,534276.0
833,2021-10-13 10:16:10,24700.0,12000.0,529276.0
834,2021-10-13 10:16:04,24800.0,500.0,517276.0
835,2021-10-13 10:15:54,24800.0,500.0,516776.0
836,2021-10-13 10:15:50,24800.0,1000.0,516276.0
837,2021-10-13 10:15:22,24800.0,400.0,515276.0
838,2021-10-13 10:15:05,24800.0,600.0,514876.0
839,2021-10-13 10:14:55,24700.0,500.0,514276.0
840,2021-10-13 10:14:38,24800.0,2000.0,513776.0
841,2021-10-13 10:14:31,24800.0,2300.0,511776.0
842,2021-10-13 10:13:55,24800.0,7800.0,509476.0
843,2021-10-13 10:13:51,24800.0,100.0,501676.0
844,2021-10-13 10:13:36,24800.0,20.0,501576.0
845,2021-10-13 10:13:25,24800.0,500.0,501556.0
846,2021-10-13 10:13:10,24700.0,15000.0,501056.0
847,2021-10-13 10:13:04,24700.0,300.0,486056.0
848,2021-10-13 10:13:02,24800.0,100.0,485756.0
849,2021-10-13 10:12:56,24700.0,6300.0,485656.0
850,2021-10-13 10:12:41,24800.0,200.0,479356.0
851,2021-10-13 10:12:40,24800.0,100.0,479156.0
852,2021-10-13 10:12:36,24800.0,200.0,479056.0
853,2021-10-13 10:11:58,24800.0,1200.0,478856.0
854,2021-10-13 10:11:56,24800.0,5000.0,477656.0
855,2021-10-13 10:11:53,24900.0,100.0,472656.0
856,2021-10-13 10:11:43,24900.0,100.0,472556.0
857,2021-10-13 10:11:40,24900.0,700.0,472456.0
858,2021-10-13 10:10:23,24900.0,1000.0,471756.0
859,2021-10-13 10:08:21,24900.0,4000.0,470756.0
860,2021-10-13 10:08:18,24800.0,500.0,466756.0
861,2021-10-13 10:08:17,24800.0,100.0,466256.0
862,2021-10-13 10:08:10,24800.0,100.0,466156.0
863,2021-10-13 10:07:36,24800.0,2600.0,466056.0
864,2021-10-13 10:07:32,24800.0,500.0,463456.0
865,2021-10-13 10:07:13,24800.0,1500.0,462956.0
866,2021-10-13 10:07:03,24800.0,2000.0,461456.0
867,2021-10-13 10:06:44,24800.0,300.0,459456.0
868,2021-10-13 10:06:30,24800.0,13000.0,459156.0
869,2021-10-13 10:06:26,24900.0,2400.0,446156.0
870,2021-10-13 10:05:44,24900.0,600.0,443756.0
871,2021-10-13 10:05:19,24900.0,200.0,443156.0
872,2021-10-13 10:05:13,24900.0,4000.0,442956.0
873,2021-10-13 10:05:11,24900.0,200.0,438956.0
874,2021-10-13 10:04:19,24900.0,1000.0,438756.0
875,2021-10-13 10:04:15,24900.0,100.0,437756.0
876,2021-10-13 10:03:54,24900.0,100.0,437656.0
877,2021-10-13 10:03:50,24900.0,500.0,437556.0
878,2021-10-13 10:03:47,24900.0,200.0,437056.0
879,2021-10-13 10:03:26,24900.0,6900.0,436856.0
880,2021-10-13 10:03:16,25000.0,200.0,429956.0
881,2021-10-13 10:03:15,24900.0,30000.0,429756.0
882,2021-10-13 10:03:10,25000.0,100.0,399756.0
883,2021-10-13 10:03:01,25000.0,100.0,399656.0
884,2021-10-13 10:02:59,25000.0,1300.0,399556.0
885,2021-10-13 10:02:33,25000.0,500.0,398256.0
886,2021-10-13 10:02:19,25000.0,100.0,397756.0
887,2021-10-13 10:02:18,25000.0,400.0,397656.0
888,2021-10-13 10:02:11,25000.0,200.0,397256.0
889,2021-10-13 10:02:05,25000.0,100.0,397056.0
890,2021-10-13 10:01:54,25000.0,2000.0,396956.0
891,2021-10-13 10:01:42,25000.0,1900.0,394956.0
892,2021-10-13 10:01:25,25000.0,500.0,393056.0
893,2021-10-13 10:01:23,24900.0,1500.0,392556.0
894,2021-10-13 09:59:38,24900.0,100.0,391056.0
895,2021-10-13 09:59:33,24900.0,300.0,390956.0
896,2021-10-13 09:59:15,24900.0,100.0,390656.0
897,2021-10-13 09:58:40,24900.0,200.0,390556.0
898,2021-10-13 09:58:22,24900.0,2000.0,390356.0
899,2021-10-13 09:58:14,24900.0,41.0,388356.0
900,2021-10-13 09:57:26,24900.0,2400.0,388315.0
901,2021-10-13 09:57:20,24900.0,200.0,385915.0
902,2021-10-13 09:56:54,24900.0,200.0,385715.0
903,2021-10-13 09:56:43,25000.0,300.0,385515.0
904,2021-10-13 09:56:24,24900.0,200.0,385215.0
905,2021-10-13 09:55:54,24900.0,100.0,385015.0
906,2021-10-13 09:55:10,24900.0,50.0,384915.0
907,2021-10-13 09:55:05,24900.0,1700.0,384865.0
908,2021-10-13 09:55:02,24900.0,5000.0,383165.0
909,2021-10-13 09:52:56,24900.0,9.0,378165.0
910,2021-10-13 09:52:42,24900.0,700.0,378156.0
911,2021-10-13 09:52:06,24900.0,4300.0,377456.0
912,2021-10-13 09:51:43,24900.0,100.0,373156.0
913,2021-10-13 09:51:37,25000.0,500.0,373056.0
914,2021-10-13 09:51:31,25000.0,100.0,372556.0
915,2021-10-13 09:51:30,25000.0,200.0,372456.0
916,2021-10-13 09:51:04,25000.0,5000.0,372256.0
917,2021-10-13 09:50:56,25000.0,3000.0,367256.0
918,2021-10-13 09:50:55,25000.0,500.0,364256.0
919,2021-10-13 09:50:45,25000.0,100.0,363756.0
920,2021-10-13 09:50:38,25000.0,100.0,363656.0
921,2021-10-13 09:50:37,25000.0,2300.0,363556.0
922,2021-10-13 09:50:14,25000.0,2500.0,361256.0
923,2021-10-13 09:49:20,24900.0,3400.0,358756.0
924,2021-10-13 09:49:18,24900.0,300.0,355356.0
925,2021-10-13 09:49:17,24800.0,100.0,355056.0
926,2021-10-13 09:48:26,24900.0,1000.0,354956.0
927,2021-10-13 09:48:25,24900.0,7000.0,353956.0
928,2021-10-13 09:48:16,24900.0,1000.0,346956.0
929,2021-10-13 09:48:08,24900.0,1900.0,345956.0
930,2021-10-13 09:47:21,24800.0,8200.0,344056.0
931,2021-10-13 09:47:20,24800.0,200.0,335856.0
932,2021-10-13 09:47:15,24800.0,4000.0,335656.0
933,2021-10-13 09:47:14,24800.0,800.0,331656.0
934,2021-10-13 09:46:49,24700.0,5000.0,330856.0
935,2021-10-13 09:46:17,24700.0,3800.0,325856.0
936,2021-10-13 09:46:13,24700.0,300.0,322056.0
937,2021-10-13 09:46:10,24700.0,2000.0,321756.0
938,2021-10-13 09:46:07,24700.0,1000.0,319756.0
939,2021-10-13 09:46:06,24700.0,3500.0,318756.0
940,2021-10-13 09:45:50,24700.0,16300.0,315256.0
941,2021-10-13 09:45:33,24800.0,12.0,298956.0
942,2021-10-13 09:45:31,24800.0,100.0,298944.0
943,2021-10-13 09:45:26,24800.0,400.0,298844.0
944,2021-10-13 09:45:14,24800.0,100.0,298444.0
945,2021-10-13 09:45:01,24800.0,100.0,298344.0
946,2021-10-13 09:44:58,24800.0,1000.0,298244.0
947,2021-10-13 09:44:31,24800.0,3000.0,297244.0
948,2021-10-13 09:44:07,24700.0,12500.0,294244.0
949,2021-10-13 09:44:04,24700.0,2300.0,281744.0
950,2021-10-13 09:43:11,24700.0,200.0,279444.0
951,2021-10-13 09:43:05,24700.0,500.0,279244.0
952,2021-10-13 09:42:59,24700.0,100.0,278744.0
953,2021-10-13 09:42:37,24700.0,100.0,278644.0
954,2021-10-13 09:42:35,24700.0,1400.0,278544.0
955,2021-10-13 09:42:11,24700.0,8300.0,277144.0
956,2021-10-13 09:42:08,24700.0,300.0,268844.0
957,2021-10-13 09:41:43,24700.0,500.0,268544.0
958,2021-10-13 09:41:28,24700.0,100.0,268044.0
959,2021-10-13 09:41:26,24700.0,100.0,267944.0
960,2021-10-13 09:41:25,24700.0,100.0,267844.0
961,2021-10-13 09:41:09,24700.0,1500.0,267744.0
962,2021-10-13 09:40:56,24700.0,4500.0,266244.0
963,2021-10-13 09:40:43,24600.0,1600.0,261744.0
964,2021-10-13 09:40:20,24600.0,4600.0,260144.0
965,2021-10-13 09:39:48,24600.0,100.0,255544.0
966,2021-10-13 09:39:41,24700.0,1401.0,255444.0
967,2021-10-13 09:39:25,24600.0,99.0,254043.0
968,2021-10-13 09:39:07,24600.0,100.0,253944.0
969,2021-10-13 09:39:05,24600.0,700.0,253844.0
970,2021-10-13 09:38:59,24600.0,100.0,253144.0
971,2021-10-13 09:38:55,24700.0,100.0,253044.0
972,2021-10-13 09:38:53,24600.0,3100.0,252944.0
973,2021-10-13 09:38:33,24600.0,1200.0,249844.0
974,2021-10-13 09:38:29,24700.0,5000.0,248644.0
975,2021-10-13 09:38:18,24600.0,100.0,243644.0
976,2021-10-13 09:38:01,24700.0,100.0,243544.0
977,2021-10-13 09:37:44,24600.0,100.0,243444.0
978,2021-10-13 09:37:26,24700.0,1000.0,243344.0
979,2021-10-13 09:37:23,24700.0,3000.0,242344.0
980,2021-10-13 09:37:12,24700.0,800.0,239344.0
981,2021-10-13 09:37:11,24600.0,2000.0,238544.0
982,2021-10-13 09:37:06,24700.0,300.0,236544.0
983,2021-10-13 09:37:00,24700.0,2800.0,236244.0
984,2021-10-13 09:36:56,24700.0,3000.0,233444.0
985,2021-10-13 09:36:52,24700.0,200.0,230444.0
986,2021-10-13 09:36:50,24700.0,12100.0,230244.0
987,2021-10-13 09:36:08,24700.0,100.0,218144.0
988,2021-10-13 09:36:01,24800.0,3000.0,218044.0
989,2021-10-13 09:35:55,24700.0,9000.0,215044.0
990,2021-10-13 09:35:52,24700.0,5700.0,206044.0
991,2021-10-13 09:35:40,24700.0,100.0,200344.0
992,2021-10-13 09:35:38,24700.0,1200.0,200244.0
993,2021-10-13 09:35:29,24700.0,100.0,199044.0
994,2021-10-13 09:35:10,24700.0,200.0,198944.0
995,2021-10-13 09:34:57,24700.0,2000.0,198744.0
996,2021-10-13 09:34:38,24700.0,300.0,196744.0
997,2021-10-13 09:34:24,24700.0,200.0,196444.0
998,2021-10-13 09:34:20,24700.0,1000.0,196244.0
999,2021-10-13 09:34:07,24700.0,500.0,195244.0
1000,2021-10-13 09:34:06,24700.0,500.0,194744.0
1001,2021-10-13 09:34:05,24700.0,200.0,194244.0
1002,2021-10-13 09:33:20,24700.0,6800.0,194044.0
1003,2021-10-13 09:33:11,24800.0,300.0,187244.0
1004,2021-10-13 09:33:09,24700.0,500.0,186944.0
1005,2021-10-13 09:33:06,24700.0,1000.0,186444.0
1006,2021-10-13 09:32:56,24800.0,900.0,185444.0
1007,2021-10-13 09:32:54,24700.0,100.0,184544.0
1008,2021-10-13 09:32:52,24800.0,1800.0,184444.0
1009,2021-10-13 09:32:08,24800.0,100.0,182644.0
1010,2021-10-13 09:31:49,24800.0,200.0,182544.0
1011,2021-10-13 09:31:35,24800.0,200.0,182344.0
1012,2021-10-13 09:31:26,24800.0,100.0,182144.0
1013,2021-10-13 09:31:18,24800.0,700.0,182044.0
1014,2021-10-13 09:31:16,24800.0,9000.0,181344.0
1015,2021-10-13 09:31:09,24800.0,1600.0,172344.0
1016,2021-10-13 09:30:50,24800.0,2000.0,170744.0
1017,2021-10-13 09:30:45,24800.0,500.0,168744.0
1018,2021-10-13 09:30:13,24800.0,3400.0,168244.0
1019,2021-10-13 09:30:10,24800.0,1000.0,164844.0
1020,2021-10-13 09:30:09,24800.0,5000.0,163844.0
1021,2021-10-13 09:30:02,24800.0,100.0,158844.0
1022,2021-10-13 09:29:56,24800.0,100.0,158744.0
1023,2021-10-13 09:29:41,24800.0,2400.0,158644.0
1024,2021-10-13 09:29:39,24900.0,100.0,156244.0
1025,2021-10-13 09:29:34,24900.0,300.0,156144.0
1026,2021-10-13 09:29:23,24900.0,500.0,155844.0
1027,2021-10-13 09:29:14,24800.0,2000.0,155344.0
1028,2021-10-13 09:28:54,24900.0,8000.0,153344.0
1029,2021-10-13 09:28:43,24800.0,2600.0,145344.0
1030,2021-10-13 09:28:32,24800.0,1000.0,142744.0
1031,2021-10-13 09:28:27,24800.0,400.0,141744.0
1032,2021-10-13 09:28:25,24800.0,100.0,141344.0
1033,2021-10-13 09:28:16,24800.0,400.0,141244.0
1034,2021-10-13 09:28:11,24800.0,500.0,140844.0
1035,2021-10-13 09:27:46,24700.0,200.0,140344.0
1036,2021-10-13 09:27:43,24700.0,1000.0,140144.0
1037,2021-10-13 09:27:22,24700.0,700.0,139144.0
1038,2021-10-13 09:27:21,24900.0,100.0,138444.0
1039,2021-10-13 09:27:15,24700.0,400.0,138344.0
1040,2021-10-13 09:27:05,24800.0,9700.0,137944.0
1041,2021-10-13 09:27:01,24700.0,400.0,128244.0
1042,2021-10-13 09:26:58,24700.0,300.0,127844.0
1043,2021-10-13 09:26:50,24700.0,100.0,127544.0
1044,2021-10-13 09:26:48,24600.0,100.0,127444.0
1045,2021-10-13 09:26:47,24600.0,1000.0,127344.0
1046,2021-10-13 09:26:45,24600.0,1000.0,126344.0
1047,2021-10-13 09:26:41,24600.0,900.0,125344.0
1048,2021-10-13 09:26:40,24600.0,200.0,124444.0
1049,2021-10-13 09:26:38,24600.0,100.0,124244.0
1050,2021-10-13 09:26:37,24600.0,200.0,124144.0
1051,2021-10-13 09:26:36,24600.0,500.0,123944.0
1052,2021-10-13 09:26:33,24600.0,100.0,123444.0
1053,2021-10-13 09:26:29,24600.0,1700.0,123344.0
1054,2021-10-13 09:26:28,24600.0,1600.0,121644.0
1055,2021-10-13 09:26:21,24500.0,900.0,120044.0
1056,2021-10-13 09:26:03,24500.0,200.0,119144.0
1057,2021-10-13 09:25:58,24500.0,8000.0,118944.0
1058,2021-10-13 09:25:57,24500.0,100.0,110944.0
1059,2021-10-13 09:25:53,24500.0,700.0,110844.0
1060,2021-10-13 09:25:52,24700.0,1100.0,110144.0
1061,2021-10-13 09:25:44,24500.0,500.0,109044.0
1062,2021-10-13 09:25:40,24500.0,1500.0,108544.0
1063,2021-10-13 09:25:31,24500.0,1500.0,107044.0
1064,2021-10-13 09:25:27,24500.0,1000.0,105544.0
1065,2021-10-13 09:25:14,24500.0,2800.0,104544.0
1066,2021-10-13 09:25:02,24700.0,500.0,101744.0
1067,2021-10-13 09:24:52,24500.0,1500.0,101244.0
1068,2021-10-13 09:24:48,24700.0,300.0,99744.0
1069,2021-10-13 09:24:47,24500.0,10700.0,99444.0
1070,2021-10-13 09:24:45,24700.0,900.0,88744.0
1071,2021-10-13 09:24:44,24700.0,200.0,87844.0
1072,2021-10-13 09:24:41,24800.0,1400.0,87644.0
1073,2021-10-13 09:24:38,24700.0,600.0,86244.0
1074,2021-10-13 09:24:32,24700.0,1000.0,85644.0
1075,2021-10-13 09:24:26,24800.0,700.0,84644.0
1076,2021-10-13 09:24:25,24800.0,3900.0,83944.0
1077,2021-10-13 09:24:24,24700.0,1000.0,80044.0
1078,2021-10-13 09:24:19,24700.0,2000.0,79044.0
1079,2021-10-13 09:24:01,24800.0,200.0,77044.0
1080,2021-10-13 09:23:53,24800.0,2800.0,76844.0
1081,2021-10-13 09:23:43,24800.0,1700.0,74044.0
1082,2021-10-13 09:23:36,24800.0,10000.0,72344.0
1083,2021-10-13 09:23:22,24900.0,1000.0,62344.0
1084,2021-10-13 09:23:09,24900.0,100.0,61344.0
1085,2021-10-13 09:22:52,24900.0,200.0,61244.0
1086,2021-10-13 09:22:42,24900.0,200.0,61044.0
1087,2021-10-13 09:22:37,24900.0,300.0,60844.0
1088,2021-10-13 09:22:36,24800.0,2500.0,60544.0
1089,2021-10-13 09:22:30,24900.0,200.0,58044.0
1090,2021-10-13 09:22:14,24900.0,300.0,57844.0
1091,2021-10-13 09:22:10,24900.0,300.0,57544.0
1092,2021-10-13 09:22:09,24900.0,200.0,57244.0
1093,2021-10-13 09:21:58,24900.0,500.0,57044.0
1094,2021-10-13 09:21:54,24900.0,100.0,56544.0
1095,2021-10-13 09:21:34,24900.0,500.0,56444.0
1096,2021-10-13 09:20:55,25000.0,100.0,55944.0
1097,2021-10-13 09:20:53,24900.0,3000.0,55844.0
1098,2021-10-13 09:20:16,25000.0,200.0,52844.0
1099,2021-10-13 09:18:40,25000.0,1400.0,52644.0
1100,2021-10-13 09:18:35,25000.0,100.0,51244.0
1101,2021-10-13 09:18:19,25000.0,400.0,51144.0
1102,2021-10-13 09:17:36,25000.0,700.0,50744.0
1103,2021-10-13 09:17:25,25000.0,100.0,50044.0
1104,2021-10-13 09:17:14,25000.0,100.0,49944.0
1105,2021-10-13 09:16:49,25000.0,500.0,49844.0
1106,2021-10-13 09:16:23,25000.0,800.0,49344.0
1107,2021-10-13 09:15:56,25000.0,5000.0,48544.0
1108,2021-10-13 09:15:55,25100.0,300.0,43544.0
1109,2021-10-13 09:15:30,25000.0,13000.0,43244.0
1110,2021-10-13 09:15:12,25100.0,2700.0,30244.0
1111,2021-10-13 09:15:06,25100.0,900.0,27544.0
1112,2021-10-13 09:14:30,25100.0,200.0,26644.0
1113,2021-10-13 09:13:29,25100.0,100.0,26444.0
1114,2021-10-13 09:13:14,25100.0,100.0,26344.0
1115,2021-10-13 09:13:06,25100.0,400.0,26244.0
1116,2021-10-13 09:12:55,25100.0,400.0,25844.0
1117,2021-10-13 09:12:34,25100.0,300.0,25444.0
1118,2021-10-13 09:12:27,25000.0,100.0,25144.0
1119,2021-10-13 09:12:16,25100.0,700.0,25044.0
1120,2021-10-13 09:10:48,25100.0,500.0,24344.0
1121,2021-10-13 09:10:19,25100.0,4700.0,23844.0
1122,2021-10-13 09:10:07,25100.0,200.0,19144.0
1123,2021-10-13 09:10:02,25100.0,1500.0,18944.0
1124,2021-10-13 09:08:54,25100.0,2100.0,17444.0
1125,2021-10-13 09:08:02,25200.0,500.0,15344.0
1126,2021-10-13 09:07:27,25300.0,30.0,14844.0
1127,2021-10-13 09:07:16,25300.0,500.0,14814.0
1128,2021-10-13 09:07:14,25200.0,700.0,14314.0
1129,2021-10-13 09:07:04,25300.0,500.0,13614.0
1130,2021-10-13 09:06:49,25300.0,300.0,13114.0
1131,2021-10-13 09:06:44,25200.0,300.0,12814.0
1132,2021-10-13 09:06:34,25100.0,3000.0,12514.0
1133,2021-10-13 09:05:52,25200.0,800.0,9514.0
1134,2021-10-13 09:05:49,25200.0,200.0,8714.0
1135,2021-10-13 09:05:39,25200.0,500.0,8514.0
1136,2021-10-13 09:05:27,25200.0,100.0,8014.0
1137,2021-10-13 09:05:18,25200.0,2000.0,7914.0
1138,2021-10-13 09:04:56,25200.0,200.0,5914.0
1139,2021-10-13 09:03:17,25200.0,1500.0,5714.0
1140,2021-10-13 09:02:58,25200.0,500.0,4214.0
1141,2021-10-13 09:02:32,25200.0,500.0,3714.0
1142,2021-10-13 09:02:21,25200.0,1100.0,3214.0
1143,2021-10-13 09:02:12,25100.0,1000.0,2114.0
1144,2021-10-13 09:02:06,25100.0,500.0,1114.0
1145,2021-10-13 09:00:22,25100.0,500.0,614.0
1146,2021-10-13 09:00:15,25100.0,100.0,114.0
