,Time,Price,Volume_per_trade,Volume
0,2021-10-19 14:45:03,61400.0,121600.0,2253374.0
1,2021-10-19 14:29:57,60800.0,100.0,2131774.0
2,2021-10-19 14:29:56,60800.0,6000.0,2131674.0
3,2021-10-19 14:29:47,60800.0,100.0,2125674.0
4,2021-10-19 14:29:46,60800.0,100.0,2125574.0
5,2021-10-19 14:29:31,61900.0,80000.0,2125474.0
6,2021-10-19 14:29:04,61500.0,22300.0,2045474.0
7,2021-10-19 14:29:00,60600.0,300.0,2023174.0
8,2021-10-19 14:28:54,60600.0,200.0,2022874.0
9,2021-10-19 14:28:51,60600.0,1000.0,2022674.0
10,2021-10-19 14:28:49,60600.0,500.0,2021674.0
11,2021-10-19 14:28:20,60400.0,11000.0,2021174.0
12,2021-10-19 14:28:15,61500.0,120000.0,2010174.0
13,2021-10-19 14:28:13,60500.0,2800.0,1890174.0
14,2021-10-19 14:28:09,60500.0,200.0,1887374.0
15,2021-10-19 14:28:08,60500.0,100.0,1887174.0
16,2021-10-19 14:28:07,60500.0,4.0,1887074.0
17,2021-10-19 14:28:00,60500.0,100.0,1887070.0
18,2021-10-19 14:27:52,60500.0,7000.0,1886970.0
19,2021-10-19 14:27:46,60600.0,8300.0,1879970.0
20,2021-10-19 14:27:42,60700.0,6700.0,1871670.0
21,2021-10-19 14:27:25,60800.0,4300.0,1864970.0
22,2021-10-19 14:27:18,60800.0,18000.0,1860670.0
23,2021-10-19 14:27:08,61100.0,200.0,1842670.0
24,2021-10-19 14:26:55,61100.0,100.0,1842470.0
25,2021-10-19 14:26:44,61100.0,900.0,1842370.0
26,2021-10-19 14:26:36,61100.0,2300.0,1841470.0
27,2021-10-19 14:26:30,61100.0,2000.0,1839170.0
28,2021-10-19 14:26:25,61100.0,5100.0,1837170.0
29,2021-10-19 14:26:13,61000.0,100.0,1832070.0
30,2021-10-19 14:26:08,61000.0,200.0,1831970.0
31,2021-10-19 14:26:02,61000.0,100.0,1831770.0
32,2021-10-19 14:25:53,61000.0,100.0,1831670.0
33,2021-10-19 14:25:51,61000.0,5700.0,1831570.0
34,2021-10-19 14:25:46,61000.0,1500.0,1825870.0
35,2021-10-19 14:25:35,61000.0,75000.0,1824370.0
36,2021-10-19 14:25:19,60500.0,100.0,1749370.0
37,2021-10-19 14:25:14,60400.0,4000.0,1749270.0
38,2021-10-19 14:25:11,60600.0,2400.0,1745270.0
39,2021-10-19 14:25:06,60500.0,5000.0,1742870.0
40,2021-10-19 14:24:58,60500.0,4500.0,1737870.0
41,2021-10-19 14:24:56,60500.0,5000.0,1733370.0
42,2021-10-19 14:24:51,60500.0,10000.0,1728370.0
43,2021-10-19 14:24:42,60500.0,13000.0,1718370.0
44,2021-10-19 14:24:36,60400.0,100.0,1705370.0
45,2021-10-19 14:24:11,60400.0,500.0,1705270.0
46,2021-10-19 14:23:50,60400.0,700.0,1704770.0
47,2021-10-19 14:23:09,60300.0,2300.0,1704070.0
48,2021-10-19 14:22:38,60400.0,2900.0,1701770.0
49,2021-10-19 14:21:49,60400.0,300.0,1698870.0
50,2021-10-19 14:21:18,60400.0,5200.0,1698570.0
51,2021-10-19 14:21:05,60400.0,100.0,1693370.0
52,2021-10-19 14:20:56,60400.0,125000.0,1693270.0
53,2021-10-19 14:20:36,60100.0,5000.0,1568270.0
54,2021-10-19 14:20:33,60200.0,400.0,1563270.0
55,2021-10-19 14:20:30,60200.0,700.0,1562870.0
56,2021-10-19 14:20:07,60200.0,6100.0,1562170.0
57,2021-10-19 14:20:05,60300.0,900.0,1556070.0
58,2021-10-19 14:19:56,60200.0,3000.0,1555170.0
59,2021-10-19 14:19:29,60300.0,20000.0,1552170.0
60,2021-10-19 14:19:27,60300.0,5000.0,1532170.0
61,2021-10-19 14:19:25,60200.0,500.0,1527170.0
62,2021-10-19 14:19:19,60200.0,2100.0,1526670.0
63,2021-10-19 14:19:07,60200.0,1100.0,1524570.0
64,2021-10-19 14:18:57,60200.0,2.0,1523470.0
65,2021-10-19 14:18:29,60200.0,600.0,1523468.0
66,2021-10-19 14:18:04,60200.0,5000.0,1522868.0
67,2021-10-19 14:18:01,60100.0,1000.0,1517868.0
68,2021-10-19 14:18:00,60200.0,1000.0,1516868.0
69,2021-10-19 14:17:44,60200.0,1000.0,1515868.0
70,2021-10-19 14:17:37,60200.0,3000.0,1514868.0
71,2021-10-19 14:17:17,60100.0,1400.0,1511868.0
72,2021-10-19 14:17:12,60100.0,900.0,1510468.0
73,2021-10-19 14:16:52,60100.0,14000.0,1509568.0
74,2021-10-19 14:16:35,60100.0,2000.0,1495568.0
75,2021-10-19 14:16:14,60100.0,200.0,1493568.0
76,2021-10-19 14:15:55,60100.0,2000.0,1493368.0
77,2021-10-19 14:15:35,60100.0,500.0,1491368.0
78,2021-10-19 14:15:16,60000.0,500.0,1490868.0
79,2021-10-19 14:14:51,60100.0,100.0,1490368.0
80,2021-10-19 14:14:28,60100.0,200.0,1490268.0
81,2021-10-19 14:14:21,60100.0,100.0,1490068.0
82,2021-10-19 14:13:08,60100.0,2100.0,1489968.0
83,2021-10-19 14:13:00,60100.0,1500.0,1487868.0
84,2021-10-19 14:12:43,60100.0,300.0,1486368.0
85,2021-10-19 14:12:04,60100.0,1000.0,1486068.0
86,2021-10-19 14:11:57,60100.0,300.0,1485068.0
87,2021-10-19 14:11:44,60000.0,200.0,1484768.0
88,2021-10-19 14:11:22,60200.0,5600.0,1484568.0
89,2021-10-19 14:11:17,60100.0,6700.0,1478968.0
90,2021-10-19 14:11:06,60100.0,1000.0,1472268.0
91,2021-10-19 14:10:40,60100.0,2500.0,1471268.0
92,2021-10-19 14:10:13,60200.0,1000.0,1468768.0
93,2021-10-19 14:10:08,60200.0,7600.0,1467768.0
94,2021-10-19 14:10:07,60200.0,4000.0,1460168.0
95,2021-10-19 14:10:05,60200.0,500.0,1456168.0
96,2021-10-19 14:09:50,60200.0,2000.0,1455668.0
97,2021-10-19 14:09:24,60200.0,100.0,1453668.0
98,2021-10-19 14:09:20,60200.0,10000.0,1453568.0
99,2021-10-19 14:09:06,60200.0,6000.0,1443568.0
100,2021-10-19 14:08:59,60200.0,5000.0,1437568.0
101,2021-10-19 14:08:52,60100.0,7900.0,1432568.0
102,2021-10-19 14:08:34,60100.0,3100.0,1424668.0
103,2021-10-19 14:08:26,60100.0,5000.0,1421568.0
104,2021-10-19 14:08:19,60100.0,3000.0,1416568.0
105,2021-10-19 14:07:55,60100.0,2800.0,1413568.0
106,2021-10-19 14:07:46,60100.0,1800.0,1410768.0
107,2021-10-19 14:07:38,60000.0,1300.0,1408968.0
108,2021-10-19 14:07:20,60000.0,300.0,1407668.0
109,2021-10-19 14:07:19,60000.0,3400.0,1407368.0
110,2021-10-19 14:07:17,60100.0,5.0,1403968.0
111,2021-10-19 14:07:15,60100.0,3000.0,1403963.0
112,2021-10-19 14:07:09,60100.0,6000.0,1400963.0
113,2021-10-19 14:07:02,60100.0,5000.0,1394963.0
114,2021-10-19 14:06:53,60000.0,7100.0,1389963.0
115,2021-10-19 14:06:37,60000.0,500.0,1382863.0
116,2021-10-19 14:06:34,60000.0,2400.0,1382363.0
117,2021-10-19 14:06:18,60000.0,3000.0,1379963.0
118,2021-10-19 14:06:13,60000.0,6400.0,1376963.0
119,2021-10-19 14:06:08,60000.0,100.0,1370563.0
120,2021-10-19 14:05:40,60000.0,5000.0,1370463.0
121,2021-10-19 14:05:24,59900.0,500.0,1365463.0
122,2021-10-19 14:05:16,59900.0,400.0,1364963.0
123,2021-10-19 14:04:54,59900.0,9100.0,1364563.0
124,2021-10-19 14:04:53,60000.0,6500.0,1355463.0
125,2021-10-19 14:04:49,60000.0,5100.0,1348963.0
126,2021-10-19 14:04:41,60000.0,4000.0,1343863.0
127,2021-10-19 14:04:37,60000.0,2500.0,1339863.0
128,2021-10-19 14:04:36,60000.0,1000.0,1337363.0
129,2021-10-19 14:04:32,60000.0,1500.0,1336363.0
130,2021-10-19 14:04:26,60000.0,5400.0,1334863.0
131,2021-10-19 14:04:02,60000.0,200.0,1329463.0
132,2021-10-19 14:03:40,59900.0,2400.0,1329263.0
133,2021-10-19 14:03:03,59800.0,5000.0,1326863.0
134,2021-10-19 14:02:46,59900.0,200.0,1321863.0
135,2021-10-19 14:02:35,59900.0,2200.0,1321663.0
136,2021-10-19 14:02:23,59900.0,1500.0,1319463.0
137,2021-10-19 14:01:27,59900.0,100.0,1317963.0
138,2021-10-19 14:01:18,59900.0,4000.0,1317863.0
139,2021-10-19 14:00:58,59800.0,300.0,1313863.0
140,2021-10-19 14:00:54,59800.0,1500.0,1313563.0
141,2021-10-19 14:00:48,59800.0,1000.0,1312063.0
142,2021-10-19 14:00:30,59800.0,5000.0,1311063.0
143,2021-10-19 13:59:47,60100.0,10000.0,1306063.0
144,2021-10-19 13:59:17,60100.0,200000.0,1296063.0
145,2021-10-19 13:59:14,59600.0,100.0,1096063.0
146,2021-10-19 13:58:58,59600.0,2400.0,1095963.0
147,2021-10-19 13:56:42,59500.0,800.0,1093563.0
148,2021-10-19 13:55:39,59600.0,2000.0,1092763.0
149,2021-10-19 13:53:27,59600.0,5000.0,1090763.0
150,2021-10-19 13:53:24,59500.0,2000.0,1085763.0
151,2021-10-19 13:52:03,59500.0,100.0,1083763.0
152,2021-10-19 13:51:16,59500.0,700.0,1083663.0
153,2021-10-19 13:50:13,59500.0,100.0,1082963.0
154,2021-10-19 13:49:50,59500.0,5000.0,1082863.0
155,2021-10-19 13:47:18,59500.0,300.0,1077863.0
156,2021-10-19 13:46:56,59500.0,5000.0,1077563.0
157,2021-10-19 13:46:48,59500.0,1400.0,1072563.0
158,2021-10-19 13:46:40,59500.0,100.0,1071163.0
159,2021-10-19 13:46:32,59500.0,100.0,1071063.0
160,2021-10-19 13:46:16,59500.0,1000.0,1070963.0
161,2021-10-19 13:45:48,59500.0,200.0,1069963.0
162,2021-10-19 13:44:44,59600.0,2300.0,1069763.0
163,2021-10-19 13:44:33,59600.0,1000.0,1067463.0
164,2021-10-19 13:43:58,59500.0,200.0,1066463.0
165,2021-10-19 13:43:40,59500.0,2000.0,1066263.0
166,2021-10-19 13:43:36,59500.0,1000.0,1064263.0
167,2021-10-19 13:43:34,59500.0,1000.0,1063263.0
168,2021-10-19 13:43:13,59500.0,1000.0,1062263.0
169,2021-10-19 13:42:36,59500.0,1600.0,1061263.0
170,2021-10-19 13:42:11,59500.0,2000.0,1059663.0
171,2021-10-19 13:41:59,59500.0,1000.0,1057663.0
172,2021-10-19 13:39:50,59500.0,2000.0,1056663.0
173,2021-10-19 13:39:22,59500.0,1000.0,1054663.0
174,2021-10-19 13:39:10,59500.0,2000.0,1053663.0
175,2021-10-19 13:36:04,59500.0,9.0,1051663.0
176,2021-10-19 13:35:58,59500.0,500.0,1051654.0
177,2021-10-19 13:35:39,59500.0,500.0,1051154.0
178,2021-10-19 13:35:29,59500.0,2000.0,1050654.0
179,2021-10-19 13:33:14,59500.0,1000.0,1048654.0
180,2021-10-19 13:31:37,59500.0,1100.0,1047654.0
181,2021-10-19 13:31:32,59500.0,1000.0,1046554.0
182,2021-10-19 13:30:36,59400.0,1400.0,1045554.0
183,2021-10-19 13:30:14,59300.0,100.0,1044154.0
184,2021-10-19 13:29:11,59300.0,12.0,1044054.0
185,2021-10-19 13:28:52,59300.0,1600.0,1044042.0
186,2021-10-19 13:28:48,59400.0,1600.0,1042442.0
187,2021-10-19 13:27:25,59400.0,1000.0,1040842.0
188,2021-10-19 13:26:37,59400.0,300.0,1039842.0
189,2021-10-19 13:26:11,59400.0,500.0,1039542.0
190,2021-10-19 13:26:10,59400.0,1000.0,1039042.0
191,2021-10-19 13:25:49,59400.0,500.0,1038042.0
192,2021-10-19 13:24:34,59400.0,10000.0,1037542.0
193,2021-10-19 13:23:37,59500.0,200.0,1027542.0
194,2021-10-19 13:23:34,59500.0,400.0,1027342.0
195,2021-10-19 13:23:32,59500.0,5000.0,1026942.0
196,2021-10-19 13:23:14,59500.0,8.0,1021942.0
197,2021-10-19 13:23:11,59500.0,10000.0,1021934.0
198,2021-10-19 13:23:04,59500.0,300.0,1011934.0
199,2021-10-19 13:22:32,59500.0,2000.0,1011634.0
200,2021-10-19 13:22:25,59500.0,3000.0,1009634.0
201,2021-10-19 13:22:24,59500.0,100.0,1006634.0
202,2021-10-19 13:22:18,59500.0,5000.0,1006534.0
203,2021-10-19 13:21:46,59600.0,500.0,1001534.0
204,2021-10-19 13:21:34,59600.0,100.0,1001034.0
205,2021-10-19 13:20:08,59600.0,4000.0,1000934.0
206,2021-10-19 13:19:31,59600.0,5.0,996934.0
207,2021-10-19 13:18:55,59600.0,2000.0,996929.0
208,2021-10-19 13:17:47,59600.0,500.0,994929.0
209,2021-10-19 13:17:41,59600.0,9400.0,994429.0
210,2021-10-19 13:17:29,59700.0,700.0,985029.0
211,2021-10-19 13:17:02,59700.0,4300.0,984329.0
212,2021-10-19 13:16:53,59700.0,700.0,980029.0
213,2021-10-19 13:16:50,59700.0,100.0,979329.0
214,2021-10-19 13:16:23,59700.0,4200.0,979229.0
215,2021-10-19 13:16:16,59700.0,3000.0,975029.0
216,2021-10-19 13:16:08,59600.0,5800.0,972029.0
217,2021-10-19 13:15:31,59500.0,3000.0,966229.0
218,2021-10-19 13:15:22,59500.0,5000.0,963229.0
219,2021-10-19 13:14:54,59600.0,200.0,958229.0
220,2021-10-19 13:13:37,59700.0,300.0,958029.0
221,2021-10-19 13:13:33,59500.0,100.0,957729.0
222,2021-10-19 13:13:15,59600.0,9.0,957629.0
223,2021-10-19 13:12:39,59600.0,21.0,957620.0
224,2021-10-19 13:11:19,59600.0,4800.0,957599.0
225,2021-10-19 13:10:31,59600.0,200.0,952799.0
226,2021-10-19 13:10:14,59600.0,1000.0,952599.0
227,2021-10-19 13:09:23,59600.0,8800.0,951599.0
228,2021-10-19 13:09:07,59600.0,2000.0,942799.0
229,2021-10-19 13:08:53,59600.0,200.0,940799.0
230,2021-10-19 13:08:33,59600.0,400.0,940599.0
231,2021-10-19 13:08:32,59600.0,9500.0,940199.0
232,2021-10-19 13:08:21,59700.0,9700.0,930699.0
233,2021-10-19 13:07:27,59900.0,2800.0,920999.0
234,2021-10-19 13:07:19,60000.0,5000.0,918199.0
235,2021-10-19 13:07:13,59900.0,7200.0,913199.0
236,2021-10-19 13:07:04,59700.0,3000.0,905999.0
237,2021-10-19 13:06:48,59900.0,2000.0,902999.0
238,2021-10-19 13:06:44,59900.0,3000.0,900999.0
239,2021-10-19 13:06:38,59800.0,1000.0,897999.0
240,2021-10-19 13:06:32,59800.0,5000.0,896999.0
241,2021-10-19 13:05:31,59800.0,100.0,891999.0
242,2021-10-19 13:04:35,59800.0,1000.0,891899.0
243,2021-10-19 13:04:16,59800.0,3600.0,890899.0
244,2021-10-19 13:03:46,59800.0,1400.0,887299.0
245,2021-10-19 13:03:36,59800.0,2000.0,885899.0
246,2021-10-19 13:03:31,59800.0,2100.0,883899.0
247,2021-10-19 13:03:21,59800.0,4500.0,881799.0
248,2021-10-19 13:03:13,59900.0,1100.0,877299.0
249,2021-10-19 13:02:44,59800.0,5500.0,876199.0
250,2021-10-19 13:02:11,59800.0,5000.0,870699.0
251,2021-10-19 13:02:05,59700.0,2300.0,865699.0
252,2021-10-19 13:01:18,59600.0,2000.0,863399.0
253,2021-10-19 13:00:36,59700.0,500.0,861399.0
254,2021-10-19 13:00:03,59700.0,1000.0,860899.0
255,2021-10-19 13:00:02,59700.0,100.0,859899.0
256,2021-10-19 11:29:12,59700.0,6100.0,859799.0
257,2021-10-19 11:28:39,59700.0,400.0,853699.0
258,2021-10-19 11:28:37,59700.0,30000.0,853299.0
259,2021-10-19 11:28:27,59700.0,3000.0,823299.0
260,2021-10-19 11:27:54,59700.0,7000.0,820299.0
261,2021-10-19 11:27:47,59800.0,1500.0,813299.0
262,2021-10-19 11:25:17,59800.0,300.0,811799.0
263,2021-10-19 11:24:03,59900.0,4000.0,811499.0
264,2021-10-19 11:21:44,59800.0,700.0,807499.0
265,2021-10-19 11:21:34,59800.0,1200.0,806799.0
266,2021-10-19 11:20:29,59900.0,1000.0,805599.0
267,2021-10-19 11:18:13,59900.0,7700.0,804599.0
268,2021-10-19 11:18:03,59900.0,1000.0,796899.0
269,2021-10-19 11:17:56,59900.0,1000.0,795899.0
270,2021-10-19 11:17:31,59900.0,1.0,794899.0
271,2021-10-19 11:17:00,59900.0,2300.0,794898.0
272,2021-10-19 11:16:42,59900.0,2700.0,792598.0
273,2021-10-19 11:16:15,59900.0,100.0,789898.0
274,2021-10-19 11:16:08,59900.0,700.0,789798.0
275,2021-10-19 11:12:56,59900.0,100.0,789098.0
276,2021-10-19 11:12:40,59900.0,4000.0,788998.0
277,2021-10-19 11:11:30,59900.0,500.0,784998.0
278,2021-10-19 11:11:06,59900.0,3000.0,784498.0
279,2021-10-19 11:10:42,59900.0,6500.0,781498.0
280,2021-10-19 11:10:27,59900.0,1900.0,774998.0
281,2021-10-19 11:09:37,59900.0,100.0,773098.0
282,2021-10-19 11:08:59,59900.0,900.0,772998.0
283,2021-10-19 11:08:08,59900.0,7300.0,772098.0
284,2021-10-19 11:05:43,59900.0,2000.0,764798.0
285,2021-10-19 11:05:36,59900.0,1000.0,762798.0
286,2021-10-19 11:05:35,59800.0,2000.0,761798.0
287,2021-10-19 11:03:53,59800.0,300.0,759798.0
288,2021-10-19 11:02:44,59800.0,700.0,759498.0
289,2021-10-19 11:02:22,59800.0,10000.0,758798.0
290,2021-10-19 11:01:46,59900.0,5000.0,748798.0
291,2021-10-19 11:01:39,60000.0,2100.0,743798.0
292,2021-10-19 11:01:33,60000.0,1200.0,741698.0
293,2021-10-19 11:01:04,60000.0,100.0,740498.0
294,2021-10-19 10:59:09,60000.0,5000.0,740398.0
295,2021-10-19 10:58:38,60000.0,200.0,735398.0
296,2021-10-19 10:58:08,59800.0,20000.0,735198.0
297,2021-10-19 10:57:04,60000.0,6200.0,715198.0
298,2021-10-19 10:56:37,60100.0,200.0,708998.0
299,2021-10-19 10:56:27,60100.0,2000.0,708798.0
300,2021-10-19 10:56:16,60100.0,3000.0,706798.0
301,2021-10-19 10:56:08,60100.0,1000.0,703798.0
302,2021-10-19 10:55:52,60000.0,7800.0,702798.0
303,2021-10-19 10:55:41,60000.0,11000.0,694998.0
304,2021-10-19 10:55:21,60000.0,1000.0,683998.0
305,2021-10-19 10:55:18,60000.0,3000.0,682998.0
306,2021-10-19 10:55:16,60000.0,3000.0,679998.0
307,2021-10-19 10:55:12,60000.0,2000.0,676998.0
308,2021-10-19 10:55:08,60000.0,2000.0,674998.0
309,2021-10-19 10:55:06,60000.0,1000.0,672998.0
310,2021-10-19 10:53:42,59900.0,300.0,671998.0
311,2021-10-19 10:52:08,59900.0,1000.0,671698.0
312,2021-10-19 10:51:53,60000.0,600.0,670698.0
313,2021-10-19 10:51:46,60000.0,2100.0,670098.0
314,2021-10-19 10:51:35,60000.0,2200.0,667998.0
315,2021-10-19 10:51:17,60000.0,1000.0,665798.0
316,2021-10-19 10:51:06,60000.0,2000.0,664798.0
317,2021-10-19 10:50:08,60000.0,5000.0,662798.0
318,2021-10-19 10:50:01,60000.0,1000.0,657798.0
319,2021-10-19 10:49:57,60000.0,2000.0,656798.0
320,2021-10-19 10:49:46,60000.0,2000.0,654798.0
321,2021-10-19 10:49:42,60000.0,1000.0,652798.0
322,2021-10-19 10:48:53,59900.0,900.0,651798.0
323,2021-10-19 10:48:46,59900.0,1000.0,650898.0
324,2021-10-19 10:48:42,59900.0,5000.0,649898.0
325,2021-10-19 10:48:31,60000.0,2000.0,644898.0
326,2021-10-19 10:48:30,60000.0,1000.0,642898.0
327,2021-10-19 10:48:08,60000.0,1000.0,641898.0
328,2021-10-19 10:47:58,60000.0,2000.0,640898.0
329,2021-10-19 10:47:29,60000.0,500.0,638898.0
330,2021-10-19 10:47:17,60000.0,3000.0,638398.0
331,2021-10-19 10:47:15,60000.0,500.0,635398.0
332,2021-10-19 10:47:12,60000.0,2000.0,634898.0
333,2021-10-19 10:47:08,60000.0,100.0,632898.0
334,2021-10-19 10:47:06,60000.0,5000.0,632798.0
335,2021-10-19 10:47:00,60000.0,20.0,627798.0
336,2021-10-19 10:46:34,60000.0,200.0,627778.0
337,2021-10-19 10:44:17,60000.0,2000.0,627578.0
338,2021-10-19 10:44:13,60000.0,1000.0,625578.0
339,2021-10-19 10:43:34,59900.0,2000.0,624578.0
340,2021-10-19 10:43:33,59900.0,6600.0,622578.0
341,2021-10-19 10:43:30,59800.0,3000.0,615978.0
342,2021-10-19 10:43:27,59800.0,5000.0,612978.0
343,2021-10-19 10:42:20,59900.0,1000.0,607978.0
344,2021-10-19 10:41:40,59900.0,3000.0,606978.0
345,2021-10-19 10:41:27,59900.0,500.0,603978.0
346,2021-10-19 10:41:26,59900.0,1500.0,603478.0
347,2021-10-19 10:41:24,60000.0,2000.0,601978.0
348,2021-10-19 10:41:08,60000.0,400.0,599978.0
349,2021-10-19 10:41:00,59900.0,4000.0,599578.0
350,2021-10-19 10:40:45,60000.0,3200.0,595578.0
351,2021-10-19 10:40:35,60000.0,2000.0,592378.0
352,2021-10-19 10:40:28,60000.0,1000.0,590378.0
353,2021-10-19 10:40:23,59900.0,100.0,589378.0
354,2021-10-19 10:39:56,59900.0,7400.0,589278.0
355,2021-10-19 10:39:55,59900.0,2000.0,581878.0
356,2021-10-19 10:39:50,59900.0,1000.0,579878.0
357,2021-10-19 10:39:37,59900.0,1000.0,578878.0
358,2021-10-19 10:39:32,59900.0,3000.0,577878.0
359,2021-10-19 10:39:31,59800.0,300.0,574878.0
360,2021-10-19 10:39:28,59900.0,2.0,574578.0
361,2021-10-19 10:39:27,59900.0,2000.0,574576.0
362,2021-10-19 10:39:22,59900.0,1500.0,572576.0
363,2021-10-19 10:38:48,59800.0,5000.0,571076.0
364,2021-10-19 10:38:39,59900.0,3000.0,566076.0
365,2021-10-19 10:38:31,59900.0,2000.0,563076.0
366,2021-10-19 10:38:26,59900.0,1000.0,561076.0
367,2021-10-19 10:38:15,59800.0,2700.0,560076.0
368,2021-10-19 10:38:08,59800.0,500.0,557376.0
369,2021-10-19 10:38:06,59800.0,400.0,556876.0
370,2021-10-19 10:37:53,59800.0,5000.0,556476.0
371,2021-10-19 10:37:46,59800.0,2000.0,551476.0
372,2021-10-19 10:36:23,59700.0,7600.0,549476.0
373,2021-10-19 10:35:43,59700.0,100.0,541876.0
374,2021-10-19 10:34:38,59600.0,600.0,541776.0
375,2021-10-19 10:34:02,59600.0,10.0,541176.0
376,2021-10-19 10:33:42,59600.0,400.0,541166.0
377,2021-10-19 10:33:18,59600.0,4600.0,540766.0
378,2021-10-19 10:30:15,59500.0,200.0,536166.0
379,2021-10-19 10:28:28,59500.0,700.0,535966.0
380,2021-10-19 10:28:16,59500.0,10.0,535266.0
381,2021-10-19 10:26:50,59500.0,3300.0,535256.0
382,2021-10-19 10:26:16,59500.0,1200.0,531956.0
383,2021-10-19 10:25:01,59400.0,2000.0,530756.0
384,2021-10-19 10:24:58,59500.0,100.0,528756.0
385,2021-10-19 10:24:24,59500.0,200.0,528656.0
386,2021-10-19 10:24:02,59500.0,200.0,528456.0
387,2021-10-19 10:23:51,59500.0,100.0,528256.0
388,2021-10-19 10:23:30,59500.0,4000.0,528156.0
389,2021-10-19 10:22:22,59600.0,400.0,524156.0
390,2021-10-19 10:21:08,59600.0,2000.0,523756.0
391,2021-10-19 10:20:28,59500.0,1400.0,521756.0
392,2021-10-19 10:20:11,59500.0,500.0,520356.0
393,2021-10-19 10:19:47,59500.0,400.0,519856.0
394,2021-10-19 10:19:43,59600.0,600.0,519456.0
395,2021-10-19 10:19:35,59600.0,700.0,518856.0
396,2021-10-19 10:19:03,59500.0,500.0,518156.0
397,2021-10-19 10:18:37,59500.0,1000.0,517656.0
398,2021-10-19 10:18:30,59500.0,200.0,516656.0
399,2021-10-19 10:18:13,59500.0,600.0,516456.0
400,2021-10-19 10:18:06,59500.0,800.0,515856.0
401,2021-10-19 10:17:33,59500.0,6800.0,515056.0
402,2021-10-19 10:17:27,59500.0,100.0,508256.0
403,2021-10-19 10:15:03,59500.0,500.0,508156.0
404,2021-10-19 10:14:16,59500.0,5100.0,507656.0
405,2021-10-19 10:13:47,59500.0,1000.0,502556.0
406,2021-10-19 10:13:29,59500.0,10000.0,501556.0
407,2021-10-19 10:13:23,59500.0,600.0,491556.0
408,2021-10-19 10:12:52,59500.0,1000.0,490956.0
409,2021-10-19 10:12:05,59600.0,100.0,489956.0
410,2021-10-19 10:11:59,59600.0,5100.0,489856.0
411,2021-10-19 10:11:55,59600.0,5000.0,484756.0
412,2021-10-19 10:10:56,59700.0,200.0,479756.0
413,2021-10-19 10:10:27,59700.0,400.0,479556.0
414,2021-10-19 10:10:02,59700.0,1300.0,479156.0
415,2021-10-19 10:08:50,59700.0,3200.0,477856.0
416,2021-10-19 10:08:38,59600.0,1000.0,474656.0
417,2021-10-19 10:07:22,59700.0,1000.0,473656.0
418,2021-10-19 10:07:13,59700.0,4000.0,472656.0
419,2021-10-19 10:06:59,59700.0,500.0,468656.0
420,2021-10-19 10:06:40,59700.0,1100.0,468156.0
421,2021-10-19 10:06:28,59700.0,300.0,467056.0
422,2021-10-19 10:06:18,59700.0,300.0,466756.0
423,2021-10-19 10:06:03,59700.0,300.0,466456.0
424,2021-10-19 10:05:37,59700.0,200.0,466156.0
425,2021-10-19 10:05:33,59700.0,2500.0,465956.0
426,2021-10-19 10:05:26,59700.0,200.0,463456.0
427,2021-10-19 10:05:21,59700.0,100.0,463256.0
428,2021-10-19 10:05:08,59700.0,7200.0,463156.0
429,2021-10-19 10:04:46,59800.0,10000.0,455956.0
430,2021-10-19 10:04:27,59700.0,3000.0,445956.0
431,2021-10-19 10:04:19,59700.0,6000.0,442956.0
432,2021-10-19 10:04:13,59700.0,5000.0,436956.0
433,2021-10-19 10:04:04,59600.0,4300.0,431956.0
434,2021-10-19 10:03:51,59500.0,6800.0,427656.0
435,2021-10-19 10:03:34,59400.0,18.0,420856.0
436,2021-10-19 10:03:26,59400.0,100.0,420838.0
437,2021-10-19 10:03:16,59400.0,100.0,420738.0
438,2021-10-19 10:02:10,59300.0,100.0,420638.0
439,2021-10-19 10:01:07,59300.0,200.0,420538.0
440,2021-10-19 10:00:48,59300.0,200.0,420338.0
441,2021-10-19 10:00:44,59300.0,800.0,420138.0
442,2021-10-19 10:00:30,59300.0,1900.0,419338.0
443,2021-10-19 10:00:05,59300.0,200.0,417438.0
444,2021-10-19 09:58:15,59300.0,1500.0,417238.0
445,2021-10-19 09:57:32,59300.0,1000.0,415738.0
446,2021-10-19 09:57:25,59200.0,3900.0,414738.0
447,2021-10-19 09:57:19,59300.0,100.0,410838.0
448,2021-10-19 09:57:09,59300.0,200.0,410738.0
449,2021-10-19 09:56:21,59200.0,1000.0,410538.0
450,2021-10-19 09:55:00,59200.0,3000.0,409538.0
451,2021-10-19 09:54:26,59400.0,500.0,406538.0
452,2021-10-19 09:52:58,59400.0,100.0,406038.0
453,2021-10-19 09:52:56,59400.0,100.0,405938.0
454,2021-10-19 09:51:39,59300.0,2000.0,405838.0
455,2021-10-19 09:51:01,59300.0,700.0,403838.0
456,2021-10-19 09:50:50,59300.0,300.0,403138.0
457,2021-10-19 09:48:57,59300.0,100.0,402838.0
458,2021-10-19 09:48:49,59300.0,3400.0,402738.0
459,2021-10-19 09:48:25,59300.0,500.0,399338.0
460,2021-10-19 09:48:14,59200.0,900.0,398838.0
461,2021-10-19 09:48:00,59300.0,1000.0,397938.0
462,2021-10-19 09:46:49,59200.0,1500.0,396938.0
463,2021-10-19 09:46:13,59200.0,300.0,395438.0
464,2021-10-19 09:45:59,59300.0,200.0,395138.0
465,2021-10-19 09:45:52,59300.0,9000.0,394938.0
466,2021-10-19 09:45:31,59300.0,1500.0,385938.0
467,2021-10-19 09:45:20,59300.0,100.0,384438.0
468,2021-10-19 09:45:04,59300.0,300.0,384338.0
469,2021-10-19 09:45:01,59300.0,100.0,384038.0
470,2021-10-19 09:44:46,59300.0,100.0,383938.0
471,2021-10-19 09:44:38,59200.0,100.0,383838.0
472,2021-10-19 09:43:19,59200.0,300.0,383738.0
473,2021-10-19 09:43:15,59200.0,1000.0,383438.0
474,2021-10-19 09:43:14,59200.0,100.0,382438.0
475,2021-10-19 09:42:41,59200.0,100.0,382338.0
476,2021-10-19 09:41:06,59200.0,500.0,382238.0
477,2021-10-19 09:41:01,59300.0,100.0,381738.0
478,2021-10-19 09:40:46,59200.0,400.0,381638.0
479,2021-10-19 09:40:34,59300.0,2300.0,381238.0
480,2021-10-19 09:40:28,59300.0,200.0,378938.0
481,2021-10-19 09:39:46,59300.0,200.0,378738.0
482,2021-10-19 09:38:56,59300.0,4800.0,378538.0
483,2021-10-19 09:38:53,59500.0,200.0,373738.0
484,2021-10-19 09:38:26,59500.0,100.0,373538.0
485,2021-10-19 09:37:39,59600.0,1000.0,373438.0
486,2021-10-19 09:37:27,59600.0,200.0,372438.0
487,2021-10-19 09:37:09,59600.0,1000.0,372238.0
488,2021-10-19 09:37:07,59700.0,200.0,371238.0
489,2021-10-19 09:37:04,59600.0,11300.0,371038.0
490,2021-10-19 09:37:02,59700.0,3200.0,359738.0
491,2021-10-19 09:37:00,59600.0,1000.0,356538.0
492,2021-10-19 09:36:46,59700.0,3000.0,355538.0
493,2021-10-19 09:36:33,59600.0,1500.0,352538.0
494,2021-10-19 09:36:22,59700.0,1000.0,351038.0
495,2021-10-19 09:35:38,59700.0,6200.0,350038.0
496,2021-10-19 09:35:28,59700.0,200.0,343838.0
497,2021-10-19 09:35:18,59700.0,500.0,343638.0
498,2021-10-19 09:35:01,59700.0,300.0,343138.0
499,2021-10-19 09:34:58,59700.0,400.0,342838.0
500,2021-10-19 09:34:56,59700.0,1000.0,342438.0
501,2021-10-19 09:34:28,59700.0,4500.0,341438.0
502,2021-10-19 09:34:19,59600.0,500.0,336938.0
503,2021-10-19 09:34:01,59600.0,1000.0,336438.0
504,2021-10-19 09:33:40,59600.0,6100.0,335438.0
505,2021-10-19 09:33:37,59600.0,100.0,329338.0
506,2021-10-19 09:33:28,59600.0,100.0,329238.0
507,2021-10-19 09:33:23,59700.0,10000.0,329138.0
508,2021-10-19 09:33:07,59600.0,2500.0,319138.0
509,2021-10-19 09:33:03,59600.0,300.0,316638.0
510,2021-10-19 09:32:48,59600.0,4200.0,316338.0
511,2021-10-19 09:32:41,59500.0,800.0,312138.0
512,2021-10-19 09:32:37,59500.0,500.0,311338.0
513,2021-10-19 09:32:30,59500.0,1000.0,310838.0
514,2021-10-19 09:32:25,59500.0,1500.0,309838.0
515,2021-10-19 09:32:12,59600.0,200.0,308338.0
516,2021-10-19 09:32:11,59600.0,200.0,308138.0
517,2021-10-19 09:32:00,59600.0,100.0,307938.0
518,2021-10-19 09:31:49,59600.0,3000.0,307838.0
519,2021-10-19 09:31:43,59500.0,1000.0,304838.0
520,2021-10-19 09:31:36,59500.0,100.0,303838.0
521,2021-10-19 09:31:29,59400.0,700.0,303738.0
522,2021-10-19 09:31:27,59400.0,900.0,303038.0
523,2021-10-19 09:31:23,59400.0,3000.0,302138.0
524,2021-10-19 09:31:20,59400.0,100.0,299138.0
525,2021-10-19 09:31:13,59400.0,100.0,299038.0
526,2021-10-19 09:31:05,59400.0,200.0,298938.0
527,2021-10-19 09:30:17,59300.0,100.0,298738.0
528,2021-10-19 09:29:59,59300.0,1300.0,298638.0
529,2021-10-19 09:29:55,59300.0,100.0,297338.0
530,2021-10-19 09:29:49,59300.0,1000.0,297238.0
531,2021-10-19 09:29:43,59300.0,500.0,296238.0
532,2021-10-19 09:29:42,59300.0,100.0,295738.0
533,2021-10-19 09:29:19,59200.0,500.0,295638.0
534,2021-10-19 09:28:57,59200.0,100.0,295138.0
535,2021-10-19 09:28:54,59200.0,2000.0,295038.0
536,2021-10-19 09:28:53,59200.0,2000.0,293038.0
537,2021-10-19 09:28:42,59200.0,100.0,291038.0
538,2021-10-19 09:28:38,59200.0,1000.0,290938.0
539,2021-10-19 09:28:28,59200.0,1000.0,289938.0
540,2021-10-19 09:28:23,59200.0,100.0,288938.0
541,2021-10-19 09:28:09,59100.0,1300.0,288838.0
542,2021-10-19 09:27:59,59100.0,5000.0,287538.0
543,2021-10-19 09:27:32,59000.0,1900.0,282538.0
544,2021-10-19 09:27:23,59000.0,1000.0,280638.0
545,2021-10-19 09:27:17,59000.0,300.0,279638.0
546,2021-10-19 09:27:09,59000.0,500.0,279338.0
547,2021-10-19 09:27:07,59000.0,100.0,278838.0
548,2021-10-19 09:27:03,59000.0,100.0,278738.0
549,2021-10-19 09:26:53,59000.0,200.0,278638.0
550,2021-10-19 09:26:51,59000.0,500.0,278438.0
551,2021-10-19 09:26:47,59000.0,2400.0,277938.0
552,2021-10-19 09:26:42,59000.0,1000.0,275538.0
553,2021-10-19 09:26:38,58900.0,1000.0,274538.0
554,2021-10-19 09:26:35,59000.0,100.0,273538.0
555,2021-10-19 09:26:33,59000.0,500.0,273438.0
556,2021-10-19 09:26:25,59000.0,100.0,272938.0
557,2021-10-19 09:26:20,59000.0,100.0,272838.0
558,2021-10-19 09:25:45,59000.0,500.0,272738.0
559,2021-10-19 09:25:43,59000.0,200.0,272238.0
560,2021-10-19 09:25:30,59000.0,100.0,272038.0
561,2021-10-19 09:25:24,58900.0,2000.0,271938.0
562,2021-10-19 09:24:57,58900.0,1800.0,269938.0
563,2021-10-19 09:24:37,58900.0,1000.0,268138.0
564,2021-10-19 09:24:34,58800.0,800.0,267138.0
565,2021-10-19 09:24:33,58800.0,100.0,266338.0
566,2021-10-19 09:24:29,58800.0,500.0,266238.0
567,2021-10-19 09:24:24,58800.0,200.0,265738.0
568,2021-10-19 09:24:21,58800.0,500.0,265538.0
569,2021-10-19 09:23:53,58800.0,900.0,265038.0
570,2021-10-19 09:23:44,58800.0,300.0,264138.0
571,2021-10-19 09:23:40,58800.0,400.0,263838.0
572,2021-10-19 09:23:24,58800.0,500.0,263438.0
573,2021-10-19 09:23:23,58800.0,300.0,262938.0
574,2021-10-19 09:23:01,58800.0,300.0,262638.0
575,2021-10-19 09:22:56,58800.0,500.0,262338.0
576,2021-10-19 09:22:53,58800.0,100.0,261838.0
577,2021-10-19 09:22:52,58800.0,100.0,261738.0
578,2021-10-19 09:22:32,58800.0,100.0,261638.0
579,2021-10-19 09:22:29,58800.0,1900.0,261538.0
580,2021-10-19 09:22:25,58800.0,200.0,259638.0
581,2021-10-19 09:22:14,58700.0,500.0,259438.0
582,2021-10-19 09:22:10,58800.0,100.0,258938.0
583,2021-10-19 09:22:05,58700.0,100.0,258838.0
584,2021-10-19 09:21:40,58700.0,500.0,258738.0
585,2021-10-19 09:21:37,59000.0,3000.0,258238.0
586,2021-10-19 09:21:26,58700.0,1000.0,255238.0
587,2021-10-19 09:20:58,58700.0,5000.0,254238.0
588,2021-10-19 09:20:23,58900.0,38.0,249238.0
589,2021-10-19 09:20:03,58900.0,2300.0,249200.0
590,2021-10-19 09:19:58,58800.0,1000.0,246900.0
591,2021-10-19 09:19:41,58800.0,1000.0,245900.0
592,2021-10-19 09:19:19,58800.0,3200.0,244900.0
593,2021-10-19 09:19:12,58900.0,100.0,241700.0
594,2021-10-19 09:19:02,58900.0,100.0,241600.0
595,2021-10-19 09:18:56,58900.0,100.0,241500.0
596,2021-10-19 09:18:05,58900.0,100.0,241400.0
597,2021-10-19 09:18:03,58800.0,2000.0,241300.0
598,2021-10-19 09:18:01,58800.0,1200.0,239300.0
599,2021-10-19 09:17:58,58800.0,200.0,238100.0
600,2021-10-19 09:17:54,58800.0,500.0,237900.0
601,2021-10-19 09:17:51,58800.0,500.0,237400.0
602,2021-10-19 09:17:44,58800.0,100.0,236900.0
603,2021-10-19 09:17:42,58800.0,1000.0,236800.0
604,2021-10-19 09:17:38,58800.0,2000.0,235800.0
605,2021-10-19 09:17:34,58800.0,3200.0,233800.0
606,2021-10-19 09:17:32,58800.0,100.0,230600.0
607,2021-10-19 09:17:17,58800.0,200.0,230500.0
608,2021-10-19 09:17:16,58800.0,200.0,230300.0
609,2021-10-19 09:17:13,58800.0,100.0,230100.0
610,2021-10-19 09:17:09,58900.0,4800.0,230000.0
611,2021-10-19 09:17:08,59000.0,300.0,225200.0
612,2021-10-19 09:16:55,58900.0,300.0,224900.0
613,2021-10-19 09:15:52,59000.0,500.0,224600.0
614,2021-10-19 09:15:37,59100.0,500.0,224100.0
615,2021-10-19 09:15:28,59100.0,1000.0,223600.0
616,2021-10-19 09:15:20,59000.0,10000.0,222600.0
617,2021-10-19 09:15:03,59000.0,100.0,212600.0
618,2021-10-19 09:14:56,59100.0,100.0,212500.0
619,2021-10-19 09:14:36,59000.0,30000.0,212400.0
620,2021-10-19 09:14:25,59100.0,100.0,182400.0
621,2021-10-19 09:14:13,59100.0,400.0,182300.0
622,2021-10-19 09:13:51,59000.0,18700.0,181900.0
623,2021-10-19 09:13:49,59000.0,200.0,163200.0
624,2021-10-19 09:13:27,59000.0,100.0,163000.0
625,2021-10-19 09:13:26,58600.0,100.0,162900.0
626,2021-10-19 09:13:20,59000.0,5900.0,162800.0
627,2021-10-19 09:13:18,59000.0,600.0,156900.0
628,2021-10-19 09:13:11,59100.0,1000.0,156300.0
629,2021-10-19 09:13:06,59000.0,10000.0,155300.0
630,2021-10-19 09:13:01,59100.0,2000.0,145300.0
631,2021-10-19 09:12:53,59000.0,100.0,143300.0
632,2021-10-19 09:12:36,59000.0,34900.0,143200.0
633,2021-10-19 09:12:33,58500.0,300.0,108300.0
634,2021-10-19 09:12:28,58400.0,300.0,108000.0
635,2021-10-19 09:12:23,58500.0,500.0,107700.0
636,2021-10-19 09:12:22,58500.0,2000.0,107200.0
637,2021-10-19 09:12:20,58400.0,500.0,105200.0
638,2021-10-19 09:12:19,58500.0,600.0,104700.0
639,2021-10-19 09:12:17,58500.0,500.0,104100.0
640,2021-10-19 09:12:09,58500.0,2200.0,103600.0
641,2021-10-19 09:12:06,58500.0,3700.0,101400.0
642,2021-10-19 09:12:04,58600.0,300.0,97700.0
643,2021-10-19 09:11:59,58500.0,1000.0,97400.0
644,2021-10-19 09:11:52,58600.0,200.0,96400.0
645,2021-10-19 09:11:50,58600.0,9000.0,96200.0
646,2021-10-19 09:11:49,58700.0,1200.0,87200.0
647,2021-10-19 09:11:47,58600.0,1000.0,86000.0
648,2021-10-19 09:11:40,58700.0,200.0,85000.0
649,2021-10-19 09:11:39,58700.0,500.0,84800.0
650,2021-10-19 09:11:37,58700.0,2500.0,84300.0
651,2021-10-19 09:11:35,58700.0,700.0,81800.0
652,2021-10-19 09:11:29,58700.0,200.0,81100.0
653,2021-10-19 09:11:22,58800.0,800.0,80900.0
654,2021-10-19 09:11:19,58800.0,1000.0,80100.0
655,2021-10-19 09:11:17,58800.0,4000.0,79100.0
656,2021-10-19 09:11:04,58800.0,600.0,75100.0
657,2021-10-19 09:10:54,58900.0,1000.0,74500.0
658,2021-10-19 09:10:51,58900.0,2500.0,73500.0
659,2021-10-19 09:10:49,58900.0,2100.0,71000.0
660,2021-10-19 09:10:35,59000.0,6900.0,68900.0
661,2021-10-19 09:10:29,59000.0,3000.0,62000.0
662,2021-10-19 09:10:23,59000.0,1000.0,59000.0
663,2021-10-19 09:10:21,59100.0,500.0,58000.0
664,2021-10-19 09:10:20,59000.0,800.0,57500.0
665,2021-10-19 09:10:14,59100.0,800.0,56700.0
666,2021-10-19 09:10:09,59100.0,1000.0,55900.0
667,2021-10-19 09:10:08,59000.0,1000.0,54900.0
668,2021-10-19 09:09:58,59100.0,6100.0,53900.0
669,2021-10-19 09:09:52,59200.0,300.0,47800.0
670,2021-10-19 09:09:51,59300.0,600.0,47500.0
671,2021-10-19 09:09:48,59200.0,200.0,46900.0
672,2021-10-19 09:09:47,59200.0,100.0,46700.0
673,2021-10-19 09:09:39,59200.0,700.0,46600.0
674,2021-10-19 09:09:35,59200.0,200.0,45900.0
675,2021-10-19 09:09:27,59200.0,1000.0,45700.0
676,2021-10-19 09:09:18,59200.0,5500.0,44700.0
677,2021-10-19 09:09:15,59200.0,3000.0,39200.0
678,2021-10-19 09:09:05,59300.0,500.0,36200.0
679,2021-10-19 09:09:02,59300.0,100.0,35700.0
680,2021-10-19 09:08:58,59300.0,100.0,35600.0
681,2021-10-19 09:08:47,59300.0,300.0,35500.0
682,2021-10-19 09:08:31,59300.0,500.0,35200.0
683,2021-10-19 09:08:27,59300.0,1300.0,34700.0
684,2021-10-19 09:08:24,59300.0,1300.0,33400.0
685,2021-10-19 09:08:13,59300.0,1000.0,32100.0
686,2021-10-19 09:07:58,59500.0,100.0,31100.0
687,2021-10-19 09:07:02,59500.0,100.0,31000.0
688,2021-10-19 09:06:59,59300.0,5500.0,30900.0
689,2021-10-19 09:06:51,59500.0,500.0,25400.0
690,2021-10-19 09:06:32,59500.0,4500.0,24900.0
691,2021-10-19 09:06:23,59500.0,500.0,20400.0
692,2021-10-19 09:06:17,59500.0,200.0,19900.0
693,2021-10-19 09:06:15,59500.0,200.0,19700.0
694,2021-10-19 09:06:12,59500.0,100.0,19500.0
695,2021-10-19 09:06:04,59500.0,500.0,19400.0
696,2021-10-19 09:05:46,59500.0,9500.0,18900.0
697,2021-10-19 09:05:40,59800.0,5000.0,9400.0
698,2021-10-19 09:05:38,59700.0,100.0,4400.0
699,2021-10-19 09:05:36,59700.0,100.0,4300.0
700,2021-10-19 09:05:20,59600.0,100.0,4200.0
701,2021-10-19 09:03:51,60000.0,200.0,4100.0
702,2021-10-19 09:02:39,60000.0,2900.0,3900.0
703,2021-10-19 09:01:47,60100.0,1000.0,1000.0
