,Time,Price,Volume_per_trade,Volume
0,2021-10-08 14:50:58,54700.0,10000.0,1867224.0
1,2021-10-08 14:45:02,54700.0,60500.0,1857224.0
2,2021-10-08 14:29:51,54600.0,1000.0,1796724.0
3,2021-10-08 14:29:35,54600.0,2000.0,1795724.0
4,2021-10-08 14:28:48,54700.0,500.0,1793724.0
5,2021-10-08 14:27:39,54700.0,2000.0,1793224.0
6,2021-10-08 14:27:21,54700.0,400.0,1791224.0
7,2021-10-08 14:26:50,54700.0,5100.0,1790824.0
8,2021-10-08 14:26:18,54700.0,200.0,1785724.0
9,2021-10-08 14:25:09,54700.0,1000.0,1785524.0
10,2021-10-08 14:25:08,54700.0,11300.0,1784524.0
11,2021-10-08 14:25:00,54700.0,100.0,1773224.0
12,2021-10-08 14:23:10,54700.0,10000.0,1773124.0
13,2021-10-08 14:23:09,54700.0,10000.0,1763124.0
14,2021-10-08 14:23:05,54700.0,10000.0,1753124.0
15,2021-10-08 14:22:58,54600.0,6100.0,1743124.0
16,2021-10-08 14:22:45,54600.0,1000.0,1737024.0
17,2021-10-08 14:22:27,54600.0,200.0,1736024.0
18,2021-10-08 14:21:59,54600.0,20500.0,1735824.0
19,2021-10-08 14:21:00,54500.0,300.0,1715324.0
20,2021-10-08 14:19:11,54600.0,1.0,1715024.0
21,2021-10-08 14:18:55,54600.0,500.0,1715023.0
22,2021-10-08 14:16:49,54600.0,100.0,1714523.0
23,2021-10-08 14:16:30,54600.0,2000.0,1714423.0
24,2021-10-08 14:16:12,54600.0,200.0,1712423.0
25,2021-10-08 14:16:09,54600.0,100.0,1712223.0
26,2021-10-08 14:15:54,54600.0,12000.0,1712123.0
27,2021-10-08 14:15:43,54600.0,6200.0,1700123.0
28,2021-10-08 14:15:38,54700.0,900.0,1693923.0
29,2021-10-08 14:14:57,54700.0,1000.0,1693023.0
30,2021-10-08 14:14:34,54600.0,100.0,1692023.0
31,2021-10-08 14:14:32,54600.0,9700.0,1691923.0
32,2021-10-08 14:13:58,54600.0,1900.0,1682223.0
33,2021-10-08 14:13:42,54500.0,15900.0,1680323.0
34,2021-10-08 14:12:57,54400.0,5000.0,1664423.0
35,2021-10-08 14:12:38,54400.0,2000.0,1659423.0
36,2021-10-08 14:12:29,54400.0,1300.0,1657423.0
37,2021-10-08 14:12:28,54500.0,10000.0,1656123.0
38,2021-10-08 14:12:11,54400.0,1000.0,1646123.0
39,2021-10-08 14:11:03,54400.0,200.0,1645123.0
40,2021-10-08 14:11:01,54400.0,4400.0,1644923.0
41,2021-10-08 14:10:29,54400.0,100.0,1640523.0
42,2021-10-08 14:10:01,54400.0,200.0,1640423.0
43,2021-10-08 14:08:09,54400.0,1000.0,1640223.0
44,2021-10-08 14:08:08,54400.0,200.0,1639223.0
45,2021-10-08 14:07:21,54400.0,100.0,1639023.0
46,2021-10-08 14:06:48,54500.0,5000.0,1638923.0
47,2021-10-08 14:06:25,54500.0,100.0,1633923.0
48,2021-10-08 14:06:16,54500.0,10000.0,1633823.0
49,2021-10-08 14:06:08,54400.0,2000.0,1623823.0
50,2021-10-08 14:03:33,54500.0,300.0,1621823.0
51,2021-10-08 14:03:25,54500.0,500.0,1621523.0
52,2021-10-08 14:02:54,54500.0,1200.0,1621023.0
53,2021-10-08 14:02:26,54400.0,2000.0,1619823.0
54,2021-10-08 14:01:52,54400.0,3000.0,1617823.0
55,2021-10-08 14:01:23,54500.0,10000.0,1614823.0
56,2021-10-08 14:01:17,54500.0,100.0,1604823.0
57,2021-10-08 14:01:09,54400.0,5000.0,1604723.0
58,2021-10-08 14:00:03,54500.0,1000.0,1599723.0
59,2021-10-08 13:59:54,54500.0,40.0,1598723.0
60,2021-10-08 13:58:09,54500.0,1000.0,1598683.0
61,2021-10-08 13:57:54,54500.0,500.0,1597683.0
62,2021-10-08 13:56:59,54500.0,100.0,1597183.0
63,2021-10-08 13:56:53,54500.0,400.0,1597083.0
64,2021-10-08 13:55:54,54500.0,300.0,1596683.0
65,2021-10-08 13:55:46,54500.0,1000.0,1596383.0
66,2021-10-08 13:55:41,54500.0,300.0,1595383.0
67,2021-10-08 13:54:16,54500.0,2000.0,1595083.0
68,2021-10-08 13:53:38,54500.0,200.0,1593083.0
69,2021-10-08 13:51:16,54500.0,100.0,1592883.0
70,2021-10-08 13:51:15,54500.0,100.0,1592783.0
71,2021-10-08 13:51:07,54500.0,200.0,1592683.0
72,2021-10-08 13:50:37,54500.0,1000.0,1592483.0
73,2021-10-08 13:50:23,54500.0,200.0,1591483.0
74,2021-10-08 13:50:01,54500.0,4000.0,1591283.0
75,2021-10-08 13:49:49,54500.0,3600.0,1587283.0
76,2021-10-08 13:49:30,54500.0,20000.0,1583683.0
77,2021-10-08 13:48:45,54500.0,3000.0,1563683.0
78,2021-10-08 13:48:44,54600.0,20.0,1560683.0
79,2021-10-08 13:48:32,54600.0,20100.0,1560663.0
80,2021-10-08 13:47:52,54600.0,100.0,1540563.0
81,2021-10-08 13:47:29,54600.0,3000.0,1540463.0
82,2021-10-08 13:47:23,54600.0,3000.0,1537463.0
83,2021-10-08 13:46:06,54700.0,500.0,1534463.0
84,2021-10-08 13:46:02,54600.0,1000.0,1533963.0
85,2021-10-08 13:44:08,54600.0,1000.0,1532963.0
86,2021-10-08 13:44:04,54700.0,300.0,1531963.0
87,2021-10-08 13:43:46,54600.0,6000.0,1531663.0
88,2021-10-08 13:42:46,54600.0,12000.0,1525663.0
89,2021-10-08 13:42:45,54600.0,1200.0,1513663.0
90,2021-10-08 13:42:07,54600.0,200.0,1512463.0
91,2021-10-08 13:41:43,54600.0,1500.0,1512263.0
92,2021-10-08 13:40:52,54700.0,1600.0,1510763.0
93,2021-10-08 13:40:31,54600.0,1000.0,1509163.0
94,2021-10-08 13:39:13,54700.0,5700.0,1508163.0
95,2021-10-08 13:38:31,54700.0,10000.0,1502463.0
96,2021-10-08 13:35:50,54800.0,1000.0,1492463.0
97,2021-10-08 13:35:27,54700.0,1500.0,1491463.0
98,2021-10-08 13:35:24,54800.0,100.0,1489963.0
99,2021-10-08 13:34:38,54700.0,100.0,1489863.0
100,2021-10-08 13:34:36,54800.0,7000.0,1489763.0
101,2021-10-08 13:34:31,54800.0,5000.0,1482763.0
102,2021-10-08 13:32:50,54800.0,5000.0,1477763.0
103,2021-10-08 13:32:48,54700.0,14600.0,1472763.0
104,2021-10-08 13:32:44,54800.0,4000.0,1458163.0
105,2021-10-08 13:32:37,54800.0,3000.0,1454163.0
106,2021-10-08 13:32:34,54800.0,200.0,1451163.0
107,2021-10-08 13:32:31,54800.0,6000.0,1450963.0
108,2021-10-08 13:32:23,54800.0,5000.0,1444963.0
109,2021-10-08 13:30:34,54800.0,400.0,1439963.0
110,2021-10-08 13:30:11,54800.0,100.0,1439563.0
111,2021-10-08 13:27:46,54800.0,100.0,1439463.0
112,2021-10-08 13:27:14,54800.0,100.0,1439363.0
113,2021-10-08 13:26:42,54800.0,1900.0,1439263.0
114,2021-10-08 13:25:13,54700.0,5000.0,1437363.0
115,2021-10-08 13:24:30,54700.0,10000.0,1432363.0
116,2021-10-08 13:24:09,54700.0,1100.0,1422363.0
117,2021-10-08 13:24:06,54700.0,700.0,1421263.0
118,2021-10-08 13:23:46,54700.0,200.0,1420563.0
119,2021-10-08 13:23:42,54700.0,1000.0,1420363.0
120,2021-10-08 13:23:15,54700.0,700.0,1419363.0
121,2021-10-08 13:22:21,54700.0,8800.0,1418663.0
122,2021-10-08 13:19:41,54700.0,1000.0,1409863.0
123,2021-10-08 13:19:36,54700.0,100.0,1408863.0
124,2021-10-08 13:19:30,54700.0,1000.0,1408763.0
125,2021-10-08 13:19:21,54700.0,1000.0,1407763.0
126,2021-10-08 13:17:49,54600.0,3000.0,1406763.0
127,2021-10-08 13:15:39,54700.0,4700.0,1403763.0
128,2021-10-08 13:13:54,54700.0,500.0,1399063.0
129,2021-10-08 13:13:44,54700.0,4000.0,1398563.0
130,2021-10-08 13:11:59,54700.0,1000.0,1394563.0
131,2021-10-08 13:11:13,54700.0,4000.0,1393563.0
132,2021-10-08 13:10:29,54700.0,200.0,1389563.0
133,2021-10-08 13:10:08,54700.0,7600.0,1389363.0
134,2021-10-08 13:09:27,54600.0,10.0,1381763.0
135,2021-10-08 13:09:09,54600.0,800.0,1381753.0
136,2021-10-08 13:08:43,54600.0,200.0,1380953.0
137,2021-10-08 13:06:27,54600.0,200.0,1380753.0
138,2021-10-08 13:05:44,54600.0,100.0,1380553.0
139,2021-10-08 13:04:52,54600.0,2000.0,1380453.0
140,2021-10-08 13:03:44,54700.0,25000.0,1378453.0
141,2021-10-08 13:03:29,54700.0,8600.0,1353453.0
142,2021-10-08 13:03:18,54700.0,11000.0,1344853.0
143,2021-10-08 13:02:31,54700.0,10000.0,1333853.0
144,2021-10-08 13:01:14,54700.0,300.0,1323853.0
145,2021-10-08 13:00:09,54800.0,400.0,1323553.0
146,2021-10-08 13:00:05,54700.0,5500.0,1323153.0
147,2021-10-08 11:26:48,54800.0,1000.0,1317653.0
148,2021-10-08 11:25:57,54800.0,3300.0,1316653.0
149,2021-10-08 11:17:05,54700.0,100.0,1313353.0
150,2021-10-08 11:16:46,54700.0,200.0,1313253.0
151,2021-10-08 11:16:41,54700.0,1500.0,1313053.0
152,2021-10-08 11:16:39,54700.0,100.0,1311553.0
153,2021-10-08 11:16:19,54700.0,4000.0,1311453.0
154,2021-10-08 11:14:46,54800.0,500.0,1307453.0
155,2021-10-08 11:14:45,54800.0,100.0,1306953.0
156,2021-10-08 11:14:31,54800.0,3000.0,1306853.0
157,2021-10-08 11:14:29,54800.0,30000.0,1303853.0
158,2021-10-08 11:14:17,54800.0,5000.0,1273853.0
159,2021-10-08 11:14:06,54800.0,10000.0,1268853.0
160,2021-10-08 11:13:49,54800.0,300.0,1258853.0
161,2021-10-08 11:13:40,54800.0,3300.0,1258553.0
162,2021-10-08 11:13:23,54800.0,6000.0,1255253.0
163,2021-10-08 11:08:17,54800.0,700.0,1249253.0
164,2021-10-08 11:07:17,54800.0,200.0,1248553.0
165,2021-10-08 11:06:04,54800.0,300.0,1248353.0
166,2021-10-08 11:05:51,54800.0,200.0,1248053.0
167,2021-10-08 11:03:28,54900.0,37100.0,1247853.0
168,2021-10-08 11:02:47,54900.0,5700.0,1210753.0
169,2021-10-08 11:02:22,54900.0,1000.0,1205053.0
170,2021-10-08 11:02:06,54900.0,500.0,1204053.0
171,2021-10-08 11:00:45,54900.0,10000.0,1203553.0
172,2021-10-08 11:00:29,55000.0,1000.0,1193553.0
173,2021-10-08 10:59:30,55000.0,8500.0,1192553.0
174,2021-10-08 10:58:13,55100.0,100.0,1184053.0
175,2021-10-08 10:57:29,55100.0,9900.0,1183953.0
176,2021-10-08 10:57:28,55000.0,20000.0,1174053.0
177,2021-10-08 10:57:04,55000.0,5000.0,1154053.0
178,2021-10-08 10:54:03,55100.0,6000.0,1149053.0
179,2021-10-08 10:53:50,55100.0,5000.0,1143053.0
180,2021-10-08 10:50:56,55100.0,18100.0,1138053.0
181,2021-10-08 10:48:37,55200.0,5200.0,1119953.0
182,2021-10-08 10:47:34,55200.0,200.0,1114753.0
183,2021-10-08 10:47:08,55200.0,100.0,1114553.0
184,2021-10-08 10:46:32,55200.0,200.0,1114453.0
185,2021-10-08 10:46:27,55200.0,1200.0,1114253.0
186,2021-10-08 10:46:16,55100.0,200.0,1113053.0
187,2021-10-08 10:46:09,55200.0,5000.0,1112853.0
188,2021-10-08 10:43:00,55100.0,300.0,1107853.0
189,2021-10-08 10:42:54,55200.0,100.0,1107553.0
190,2021-10-08 10:42:11,55100.0,300.0,1107453.0
191,2021-10-08 10:41:21,55100.0,500.0,1107153.0
192,2021-10-08 10:41:11,55100.0,500.0,1106653.0
193,2021-10-08 10:40:53,55100.0,5000.0,1106153.0
194,2021-10-08 10:38:35,55100.0,20.0,1101153.0
195,2021-10-08 10:37:08,55100.0,100.0,1101133.0
196,2021-10-08 10:36:27,55200.0,10000.0,1101033.0
197,2021-10-08 10:34:33,55200.0,100.0,1091033.0
198,2021-10-08 10:33:33,55200.0,10000.0,1090933.0
199,2021-10-08 10:33:08,55100.0,500.0,1080933.0
200,2021-10-08 10:32:25,55100.0,2500.0,1080433.0
201,2021-10-08 10:31:30,55200.0,2500.0,1077933.0
202,2021-10-08 10:31:09,55200.0,3900.0,1075433.0
203,2021-10-08 10:31:06,55200.0,1000.0,1071533.0
204,2021-10-08 10:30:49,55200.0,1200.0,1070533.0
205,2021-10-08 10:30:41,55200.0,200.0,1069333.0
206,2021-10-08 10:30:37,55200.0,100.0,1069133.0
207,2021-10-08 10:30:31,55200.0,1100.0,1069033.0
208,2021-10-08 10:30:03,55200.0,200.0,1067933.0
209,2021-10-08 10:29:49,55200.0,5000.0,1067733.0
210,2021-10-08 10:29:37,55200.0,400.0,1062733.0
211,2021-10-08 10:29:07,55200.0,10000.0,1062333.0
212,2021-10-08 10:29:01,55100.0,10000.0,1052333.0
213,2021-10-08 10:28:05,55100.0,1000.0,1042333.0
214,2021-10-08 10:26:25,55100.0,100.0,1041333.0
215,2021-10-08 10:26:24,55100.0,100.0,1041233.0
216,2021-10-08 10:23:04,55100.0,200.0,1041133.0
217,2021-10-08 10:23:00,55100.0,200.0,1040933.0
218,2021-10-08 10:22:30,55100.0,100.0,1040733.0
219,2021-10-08 10:22:08,55100.0,500.0,1040633.0
220,2021-10-08 10:21:20,55100.0,100.0,1040133.0
221,2021-10-08 10:21:04,55100.0,500.0,1040033.0
222,2021-10-08 10:19:11,55100.0,9100.0,1039533.0
223,2021-10-08 10:18:56,55100.0,10000.0,1030433.0
224,2021-10-08 10:18:07,55100.0,900.0,1020433.0
225,2021-10-08 10:18:05,55100.0,2000.0,1019533.0
226,2021-10-08 10:17:59,55100.0,5000.0,1017533.0
227,2021-10-08 10:16:38,55100.0,300.0,1012533.0
228,2021-10-08 10:15:59,55200.0,5000.0,1012233.0
229,2021-10-08 10:14:56,55100.0,200.0,1007233.0
230,2021-10-08 10:14:31,55100.0,10000.0,1007033.0
231,2021-10-08 10:14:05,55200.0,9200.0,997033.0
232,2021-10-08 10:14:04,55200.0,300.0,987833.0
233,2021-10-08 10:13:22,55300.0,4500.0,987533.0
234,2021-10-08 10:13:15,55200.0,10000.0,983033.0
235,2021-10-08 10:12:40,55300.0,6300.0,973033.0
236,2021-10-08 10:12:31,55300.0,500.0,966733.0
237,2021-10-08 10:11:59,55300.0,5000.0,966233.0
238,2021-10-08 10:11:57,55500.0,300.0,961233.0
239,2021-10-08 10:11:44,55500.0,4900.0,960933.0
240,2021-10-08 10:11:23,55500.0,1600.0,956033.0
241,2021-10-08 10:10:42,55500.0,14100.0,954433.0
242,2021-10-08 10:10:36,55500.0,11900.0,940333.0
243,2021-10-08 10:10:24,55600.0,4500.0,928433.0
244,2021-10-08 10:10:04,55500.0,500.0,923933.0
245,2021-10-08 10:10:02,55500.0,800.0,923433.0
246,2021-10-08 10:09:57,55500.0,300.0,922633.0
247,2021-10-08 10:09:53,55500.0,19700.0,922333.0
248,2021-10-08 10:09:26,55500.0,15000.0,902633.0
249,2021-10-08 10:09:19,55500.0,1000.0,887633.0
250,2021-10-08 10:09:17,55500.0,10000.0,886633.0
251,2021-10-08 10:09:13,55500.0,10000.0,876633.0
252,2021-10-08 10:09:08,55500.0,5000.0,866633.0
253,2021-10-08 10:08:54,55500.0,20000.0,861633.0
254,2021-10-08 10:08:43,55500.0,15000.0,841633.0
255,2021-10-08 10:08:41,55400.0,7700.0,826633.0
256,2021-10-08 10:08:38,55400.0,2300.0,818933.0
257,2021-10-08 10:07:46,55400.0,10000.0,816633.0
258,2021-10-08 10:07:41,55400.0,15000.0,806633.0
259,2021-10-08 10:07:38,55300.0,5300.0,791633.0
260,2021-10-08 10:07:29,55300.0,19700.0,786333.0
261,2021-10-08 10:06:41,55300.0,200.0,766633.0
262,2021-10-08 10:06:40,55300.0,200.0,766433.0
263,2021-10-08 10:06:34,55300.0,14800.0,766233.0
264,2021-10-08 10:06:31,55200.0,100.0,751433.0
265,2021-10-08 10:06:28,55300.0,5000.0,751333.0
266,2021-10-08 10:06:09,55200.0,400.0,746333.0
267,2021-10-08 10:06:07,55200.0,1000.0,745933.0
268,2021-10-08 10:04:33,55200.0,13700.0,744933.0
269,2021-10-08 10:04:31,55200.0,1000.0,731233.0
270,2021-10-08 10:04:10,55200.0,1000.0,730233.0
271,2021-10-08 10:03:28,55200.0,8000.0,729233.0
272,2021-10-08 10:03:19,55200.0,6500.0,721233.0
273,2021-10-08 10:03:11,55200.0,5800.0,714733.0
274,2021-10-08 10:02:28,55100.0,7300.0,708933.0
275,2021-10-08 10:02:21,55100.0,5000.0,701633.0
276,2021-10-08 10:01:40,55100.0,8000.0,696633.0
277,2021-10-08 10:01:38,55100.0,15800.0,688633.0
278,2021-10-08 10:01:34,55100.0,10600.0,672833.0
279,2021-10-08 10:01:31,55100.0,10000.0,662233.0
280,2021-10-08 10:01:23,55100.0,5000.0,652233.0
281,2021-10-08 10:01:12,55000.0,10600.0,647233.0
282,2021-10-08 10:01:05,55000.0,10600.0,636633.0
283,2021-10-08 10:01:01,55000.0,5100.0,626033.0
284,2021-10-08 10:00:44,55000.0,300.0,620933.0
285,2021-10-08 10:00:19,55000.0,2800.0,620633.0
286,2021-10-08 09:58:53,55000.0,5300.0,617833.0
287,2021-10-08 09:58:33,54900.0,10000.0,612533.0
288,2021-10-08 09:58:01,55000.0,100.0,602533.0
289,2021-10-08 09:57:15,55000.0,3000.0,602433.0
290,2021-10-08 09:57:05,55000.0,9000.0,599433.0
291,2021-10-08 09:56:50,55000.0,4300.0,590433.0
292,2021-10-08 09:56:46,55000.0,8400.0,586133.0
293,2021-10-08 09:56:28,55000.0,10000.0,577733.0
294,2021-10-08 09:56:20,55000.0,8000.0,567733.0
295,2021-10-08 09:56:16,55000.0,5500.0,559733.0
296,2021-10-08 09:55:42,54900.0,5000.0,554233.0
297,2021-10-08 09:55:34,54900.0,7700.0,549233.0
298,2021-10-08 09:55:25,54900.0,10000.0,541533.0
299,2021-10-08 09:55:15,54900.0,5400.0,531533.0
300,2021-10-08 09:53:56,54800.0,10.0,526133.0
301,2021-10-08 09:53:41,54800.0,8000.0,526123.0
302,2021-10-08 09:52:49,54800.0,300.0,518123.0
303,2021-10-08 09:52:45,54800.0,13000.0,517823.0
304,2021-10-08 09:52:29,54800.0,6700.0,504823.0
305,2021-10-08 09:52:18,54800.0,5000.0,498123.0
306,2021-10-08 09:51:42,54800.0,9300.0,493123.0
307,2021-10-08 09:51:35,54800.0,4.0,483823.0
308,2021-10-08 09:51:26,54800.0,100.0,483819.0
309,2021-10-08 09:51:25,54800.0,5.0,483719.0
310,2021-10-08 09:51:17,54800.0,9300.0,483714.0
311,2021-10-08 09:51:10,54800.0,200.0,474414.0
312,2021-10-08 09:51:09,54700.0,2000.0,474214.0
313,2021-10-08 09:50:23,54800.0,100.0,472214.0
314,2021-10-08 09:49:24,54700.0,2000.0,472114.0
315,2021-10-08 09:47:43,54700.0,2500.0,470114.0
316,2021-10-08 09:47:11,54700.0,5000.0,467614.0
317,2021-10-08 09:46:06,54700.0,100.0,462614.0
318,2021-10-08 09:45:39,54700.0,200.0,462514.0
319,2021-10-08 09:45:01,54700.0,3600.0,462314.0
320,2021-10-08 09:44:35,54700.0,30000.0,458714.0
321,2021-10-08 09:42:44,54800.0,10000.0,428714.0
322,2021-10-08 09:42:33,54800.0,6000.0,418714.0
323,2021-10-08 09:42:24,54800.0,5000.0,412714.0
324,2021-10-08 09:41:19,54700.0,1000.0,407714.0
325,2021-10-08 09:40:29,54800.0,500.0,406714.0
326,2021-10-08 09:38:56,54800.0,5400.0,406214.0
327,2021-10-08 09:38:39,54800.0,1900.0,400814.0
328,2021-10-08 09:38:17,54800.0,15000.0,398914.0
329,2021-10-08 09:37:18,54900.0,100.0,383914.0
330,2021-10-08 09:37:15,54900.0,2300.0,383814.0
331,2021-10-08 09:37:13,54900.0,5000.0,381514.0
332,2021-10-08 09:36:51,54900.0,500.0,376514.0
333,2021-10-08 09:36:11,54900.0,2700.0,376014.0
334,2021-10-08 09:35:43,54900.0,7300.0,373314.0
335,2021-10-08 09:34:54,54900.0,100.0,366014.0
336,2021-10-08 09:34:44,54900.0,200.0,365914.0
337,2021-10-08 09:34:33,54900.0,200.0,365714.0
338,2021-10-08 09:34:19,54900.0,7200.0,365514.0
339,2021-10-08 09:34:08,54800.0,1600.0,358314.0
340,2021-10-08 09:33:46,54900.0,6200.0,356714.0
341,2021-10-08 09:33:14,54900.0,1200.0,350514.0
342,2021-10-08 09:32:41,55000.0,10000.0,349314.0
343,2021-10-08 09:30:55,55000.0,8200.0,339314.0
344,2021-10-08 09:30:51,55000.0,20000.0,331114.0
345,2021-10-08 09:30:45,55100.0,6700.0,311114.0
346,2021-10-08 09:30:04,55100.0,1600.0,304414.0
347,2021-10-08 09:29:53,55100.0,500.0,302814.0
348,2021-10-08 09:29:09,55100.0,11300.0,302314.0
349,2021-10-08 09:28:53,55000.0,4800.0,291014.0
350,2021-10-08 09:28:35,55100.0,5000.0,286214.0
351,2021-10-08 09:28:23,55000.0,100.0,281214.0
352,2021-10-08 09:27:18,55000.0,200.0,281114.0
353,2021-10-08 09:27:15,55000.0,5100.0,280914.0
354,2021-10-08 09:27:07,55000.0,30000.0,275814.0
355,2021-10-08 09:27:02,55000.0,10000.0,245814.0
356,2021-10-08 09:26:44,55000.0,5600.0,235814.0
357,2021-10-08 09:26:24,54900.0,700.0,230214.0
358,2021-10-08 09:26:04,54900.0,700.0,229514.0
359,2021-10-08 09:25:50,54900.0,100.0,228814.0
360,2021-10-08 09:25:49,54900.0,200.0,228714.0
361,2021-10-08 09:25:44,54900.0,10000.0,228514.0
362,2021-10-08 09:25:22,54900.0,500.0,218514.0
363,2021-10-08 09:25:04,54800.0,200.0,218014.0
364,2021-10-08 09:24:57,54800.0,4.0,217814.0
365,2021-10-08 09:24:28,54800.0,500.0,217810.0
366,2021-10-08 09:24:15,54800.0,10.0,217310.0
367,2021-10-08 09:24:02,54800.0,6100.0,217300.0
368,2021-10-08 09:23:50,54800.0,200.0,211200.0
369,2021-10-08 09:22:44,54800.0,2400.0,211000.0
370,2021-10-08 09:22:31,54800.0,600.0,208600.0
371,2021-10-08 09:22:10,54800.0,30000.0,208000.0
372,2021-10-08 09:21:31,54900.0,400.0,178000.0
373,2021-10-08 09:21:27,54900.0,1000.0,177600.0
374,2021-10-08 09:21:25,54900.0,17900.0,176600.0
375,2021-10-08 09:21:19,54900.0,2300.0,158700.0
376,2021-10-08 09:21:08,54900.0,10000.0,156400.0
377,2021-10-08 09:20:25,55000.0,1300.0,146400.0
378,2021-10-08 09:19:57,55000.0,20000.0,145100.0
379,2021-10-08 09:19:41,55100.0,22300.0,125100.0
380,2021-10-08 09:19:35,55200.0,8900.0,102800.0
381,2021-10-08 09:19:02,55300.0,2500.0,93900.0
382,2021-10-08 09:18:36,55300.0,5000.0,91400.0
383,2021-10-08 09:18:24,55200.0,500.0,86400.0
384,2021-10-08 09:17:45,55200.0,3100.0,85900.0
385,2021-10-08 09:17:21,55200.0,200.0,82800.0
386,2021-10-08 09:17:12,55200.0,1700.0,82600.0
387,2021-10-08 09:17:09,55200.0,8400.0,80900.0
388,2021-10-08 09:16:18,55200.0,100.0,72500.0
389,2021-10-08 09:16:16,55200.0,8500.0,72400.0
390,2021-10-08 09:15:55,55200.0,1500.0,63900.0
391,2021-10-08 09:15:09,55200.0,100.0,62400.0
392,2021-10-08 09:14:44,55200.0,8400.0,62300.0
393,2021-10-08 09:14:26,55100.0,1500.0,53900.0
394,2021-10-08 09:14:20,55200.0,1000.0,52400.0
395,2021-10-08 09:14:18,55100.0,200.0,51400.0
396,2021-10-08 09:14:12,55100.0,500.0,51200.0
397,2021-10-08 09:13:56,55100.0,7500.0,50700.0
398,2021-10-08 09:13:50,55000.0,1100.0,43200.0
399,2021-10-08 09:12:45,55000.0,5000.0,42100.0
400,2021-10-08 09:12:42,55000.0,10000.0,37100.0
401,2021-10-08 09:12:41,55000.0,20000.0,27100.0
402,2021-10-08 09:12:39,54900.0,5000.0,7100.0
403,2021-10-08 09:07:59,54800.0,1000.0,2100.0
404,2021-10-08 09:07:54,54800.0,1000.0,1100.0
405,2021-10-08 09:05:55,54800.0,100.0,100.0
