,Time,Price,Volume_per_trade,Volume
0,2021-10-07 07:45:01,41350.0,200.0,597600.0
1,2021-10-07 07:45:01,41350.0,3800.0,597400.0
2,2021-10-07 07:45:01,41350.0,500.0,593600.0
3,2021-10-07 07:45:01,41350.0,700.0,593100.0
4,2021-10-07 07:45:01,41350.0,100.0,592400.0
5,2021-10-07 07:45:01,41350.0,100.0,592300.0
6,2021-10-07 07:29:41,41300.0,800.0,592200.0
7,2021-10-07 07:29:26,41300.0,300.0,591400.0
8,2021-10-07 07:28:48,41300.0,800.0,591100.0
9,2021-10-07 07:28:48,41350.0,200.0,590300.0
10,2021-10-07 07:28:48,41350.0,100.0,590100.0
11,2021-10-07 07:28:47,41400.0,100.0,590000.0
12,2021-10-07 07:28:36,41350.0,200.0,589900.0
13,2021-10-07 07:28:34,41350.0,200.0,589700.0
14,2021-10-07 07:27:20,41350.0,500.0,589500.0
15,2021-10-07 07:27:20,41350.0,500.0,589000.0
16,2021-10-07 07:26:12,41350.0,900.0,588500.0
17,2021-10-07 07:26:12,41350.0,10000.0,587600.0
18,2021-10-07 07:26:12,41350.0,100.0,577600.0
19,2021-10-07 07:26:12,41300.0,100.0,577500.0
20,2021-10-07 07:25:33,41300.0,1000.0,577400.0
21,2021-10-07 07:24:39,41300.0,100.0,576400.0
22,2021-10-07 07:23:59,41300.0,1100.0,576300.0
23,2021-10-07 07:23:57,41300.0,600.0,575200.0
24,2021-10-07 07:23:57,41300.0,9800.0,574600.0
25,2021-10-07 07:23:55,41200.0,200.0,564800.0
26,2021-10-07 07:22:48,41200.0,700.0,564600.0
27,2021-10-07 07:22:48,41200.0,1000.0,563900.0
28,2021-10-07 07:22:48,41200.0,1200.0,562900.0
29,2021-10-07 07:22:20,41150.0,100.0,561700.0
30,2021-10-07 07:22:20,41150.0,400.0,561600.0
31,2021-10-07 07:22:20,41150.0,100.0,561200.0
32,2021-10-07 07:22:20,41150.0,100.0,561100.0
33,2021-10-07 07:21:44,41200.0,100.0,561000.0
34,2021-10-07 07:21:44,41200.0,100.0,560900.0
35,2021-10-07 07:21:44,41200.0,100.0,560800.0
36,2021-10-07 07:21:44,41200.0,100.0,560700.0
37,2021-10-07 07:21:44,41200.0,2000.0,560600.0
38,2021-10-07 07:21:44,41200.0,100.0,558600.0
39,2021-10-07 07:21:44,41200.0,100.0,558500.0
40,2021-10-07 07:21:44,41200.0,200.0,558400.0
41,2021-10-07 07:21:44,41200.0,2000.0,558200.0
42,2021-10-07 07:21:44,41200.0,500.0,556200.0
43,2021-10-07 07:21:44,41200.0,2000.0,555700.0
44,2021-10-07 07:21:44,41200.0,200.0,553700.0
45,2021-10-07 07:21:44,41200.0,200.0,553500.0
46,2021-10-07 07:21:44,41200.0,700.0,553300.0
47,2021-10-07 07:21:44,41200.0,100.0,552600.0
48,2021-10-07 07:21:44,41200.0,200.0,552500.0
49,2021-10-07 07:21:44,41200.0,1200.0,552300.0
50,2021-10-07 07:21:44,41200.0,1000.0,551100.0
51,2021-10-07 07:21:44,41200.0,500.0,550100.0
52,2021-10-07 07:21:44,41200.0,100.0,549600.0
53,2021-10-07 07:21:44,41200.0,400.0,549500.0
54,2021-10-07 07:21:44,41200.0,1900.0,549100.0
55,2021-10-07 07:21:31,41200.0,400.0,547200.0
56,2021-10-07 07:20:52,41200.0,700.0,546800.0
57,2021-10-07 07:20:52,41200.0,200.0,546100.0
58,2021-10-07 07:20:19,41200.0,1400.0,545900.0
59,2021-10-07 07:20:06,41200.0,300.0,544500.0
60,2021-10-07 07:19:31,41200.0,200.0,544200.0
61,2021-10-07 07:18:40,41300.0,200.0,544000.0
62,2021-10-07 07:18:37,41200.0,300.0,543800.0
63,2021-10-07 07:17:51,41200.0,100.0,543500.0
64,2021-10-07 07:17:45,41200.0,500.0,543400.0
65,2021-10-07 07:17:45,41200.0,500.0,542900.0
66,2021-10-07 07:17:32,41200.0,500.0,542400.0
67,2021-10-07 07:15:29,41200.0,1000.0,541900.0
68,2021-10-07 07:15:29,41200.0,10000.0,540900.0
69,2021-10-07 07:15:29,41250.0,200.0,530900.0
70,2021-10-07 07:15:29,41250.0,500.0,530700.0
71,2021-10-07 07:15:29,41250.0,2000.0,530200.0
72,2021-10-07 07:15:29,41250.0,1000.0,528200.0
73,2021-10-07 07:15:29,41250.0,300.0,527200.0
74,2021-10-07 07:15:29,41250.0,500.0,526900.0
75,2021-10-07 07:15:29,41250.0,300.0,526400.0
76,2021-10-07 07:15:29,41250.0,100.0,526100.0
77,2021-10-07 07:15:29,41250.0,200.0,526000.0
78,2021-10-07 07:15:29,41250.0,300.0,525800.0
79,2021-10-07 07:15:29,41250.0,3000.0,525500.0
80,2021-10-07 07:15:29,41250.0,600.0,522500.0
81,2021-10-07 07:15:15,41250.0,400.0,521900.0
82,2021-10-07 07:15:15,41250.0,100.0,521500.0
83,2021-10-07 07:15:15,41250.0,200.0,521400.0
84,2021-10-07 07:15:15,41250.0,600.0,521200.0
85,2021-10-07 07:13:58,41250.0,400.0,520600.0
86,2021-10-07 07:13:58,41250.0,1000.0,520200.0
87,2021-10-07 07:13:58,41250.0,200.0,519200.0
88,2021-10-07 07:13:58,41250.0,1000.0,519000.0
89,2021-10-07 07:13:58,41250.0,400.0,518000.0
90,2021-10-07 07:13:42,41300.0,100.0,517600.0
91,2021-10-07 07:13:36,41300.0,200.0,517500.0
92,2021-10-07 07:13:19,41300.0,300.0,517300.0
93,2021-10-07 07:12:16,41300.0,900.0,517000.0
94,2021-10-07 07:11:30,41300.0,300.0,516100.0
95,2021-10-07 07:11:27,41300.0,100.0,515800.0
96,2021-10-07 07:11:09,41300.0,200.0,515700.0
97,2021-10-07 07:09:24,41300.0,1100.0,515500.0
98,2021-10-07 07:08:33,41300.0,500.0,514400.0
99,2021-10-07 07:08:21,41300.0,300.0,513900.0
100,2021-10-07 07:06:59,41300.0,1000.0,513600.0
101,2021-10-07 07:06:59,41300.0,100.0,512600.0
102,2021-10-07 07:06:59,41300.0,900.0,512500.0
103,2021-10-07 07:06:59,41300.0,500.0,511600.0
104,2021-10-07 07:05:50,41300.0,500.0,511100.0
105,2021-10-07 07:04:37,41300.0,100.0,510600.0
106,2021-10-07 07:04:37,41300.0,500.0,510500.0
107,2021-10-07 07:04:37,41300.0,700.0,510000.0
108,2021-10-07 07:04:37,41300.0,700.0,509300.0
109,2021-10-07 07:01:37,41300.0,300.0,508600.0
110,2021-10-07 07:01:37,41300.0,200.0,508300.0
111,2021-10-07 07:01:30,41350.0,100.0,508100.0
112,2021-10-07 07:01:25,41350.0,600.0,508000.0
113,2021-10-07 07:01:25,41350.0,400.0,507400.0
114,2021-10-07 07:00:40,41350.0,100.0,507000.0
115,2021-10-07 07:00:01,41300.0,200.0,506900.0
116,2021-10-07 06:59:37,41300.0,800.0,506700.0
117,2021-10-07 06:59:37,41300.0,1200.0,505900.0
118,2021-10-07 06:58:55,41300.0,1000.0,504700.0
119,2021-10-07 06:58:55,41300.0,500.0,503700.0
120,2021-10-07 06:58:55,41300.0,200.0,503200.0
121,2021-10-07 06:58:55,41300.0,1000.0,503000.0
122,2021-10-07 06:58:55,41300.0,100.0,502000.0
123,2021-10-07 06:58:55,41300.0,100.0,501900.0
124,2021-10-07 06:58:55,41300.0,100.0,501800.0
125,2021-10-07 06:58:54,41300.0,200.0,501700.0
126,2021-10-07 06:58:54,41300.0,100.0,501500.0
127,2021-10-07 06:58:54,41300.0,100.0,501400.0
128,2021-10-07 06:58:54,41300.0,200.0,501300.0
129,2021-10-07 06:58:54,41300.0,4400.0,501100.0
130,2021-10-07 06:58:44,41350.0,1000.0,496700.0
131,2021-10-07 06:58:30,41300.0,200.0,495700.0
132,2021-10-07 06:58:18,41300.0,4000.0,495500.0
133,2021-10-07 06:58:14,41300.0,900.0,491500.0
134,2021-10-07 06:58:14,41300.0,1100.0,490600.0
135,2021-10-07 06:58:02,41300.0,300.0,489500.0
136,2021-10-07 06:56:58,41300.0,200.0,489200.0
137,2021-10-07 06:56:25,41300.0,1400.0,489000.0
138,2021-10-07 06:56:25,41300.0,1000.0,487600.0
139,2021-10-07 06:56:25,41300.0,200.0,486600.0
140,2021-10-07 06:56:25,41300.0,300.0,486400.0
141,2021-10-07 06:55:29,41300.0,200.0,486100.0
142,2021-10-07 06:55:10,41300.0,100.0,485900.0
143,2021-10-07 06:54:17,41300.0,300.0,485800.0
144,2021-10-07 06:53:58,41300.0,200.0,485500.0
145,2021-10-07 06:52:28,41300.0,200.0,485300.0
146,2021-10-07 06:52:23,41300.0,300.0,485100.0
147,2021-10-07 06:52:23,41300.0,600.0,484800.0
148,2021-10-07 06:52:23,41300.0,100.0,484200.0
149,2021-10-07 06:51:25,41350.0,400.0,484100.0
150,2021-10-07 06:50:56,41300.0,200.0,483700.0
151,2021-10-07 06:50:34,41300.0,100.0,483500.0
152,2021-10-07 06:50:34,41300.0,900.0,483400.0
153,2021-10-07 06:49:26,41300.0,200.0,482500.0
154,2021-10-07 06:48:16,41350.0,500.0,482300.0
155,2021-10-07 06:48:16,41350.0,100.0,481800.0
156,2021-10-07 06:47:55,41350.0,100.0,481700.0
157,2021-10-07 06:47:55,41350.0,100.0,481600.0
158,2021-10-07 06:46:24,41350.0,200.0,481500.0
159,2021-10-07 06:45:32,41350.0,100.0,481300.0
160,2021-10-07 06:44:53,41350.0,200.0,481200.0
161,2021-10-07 06:44:51,41350.0,900.0,481000.0
162,2021-10-07 06:44:50,41350.0,900.0,480100.0
163,2021-10-07 06:44:35,41400.0,100.0,479200.0
164,2021-10-07 06:44:35,41400.0,900.0,479100.0
165,2021-10-07 06:43:43,41300.0,1900.0,478200.0
166,2021-10-07 06:43:43,41300.0,1000.0,476300.0
167,2021-10-07 06:43:43,41300.0,2000.0,475300.0
168,2021-10-07 06:43:43,41300.0,500.0,473300.0
169,2021-10-07 06:43:43,41300.0,200.0,472800.0
170,2021-10-07 06:43:43,41300.0,200.0,472600.0
171,2021-10-07 06:43:43,41300.0,300.0,472400.0
172,2021-10-07 06:43:43,41300.0,1000.0,472100.0
173,2021-10-07 06:43:43,41300.0,900.0,471100.0
174,2021-10-07 06:43:23,41300.0,200.0,470200.0
175,2021-10-07 06:41:52,41300.0,200.0,470000.0
176,2021-10-07 06:41:50,41400.0,100.0,469800.0
177,2021-10-07 06:40:46,41400.0,200.0,469700.0
178,2021-10-07 06:40:46,41400.0,500.0,469500.0
179,2021-10-07 06:40:27,41400.0,100.0,469000.0
180,2021-10-07 06:40:21,41400.0,200.0,468900.0
181,2021-10-07 06:40:14,41400.0,400.0,468700.0
182,2021-10-07 06:39:43,41400.0,100.0,468300.0
183,2021-10-07 06:39:01,41400.0,1200.0,468200.0
184,2021-10-07 06:38:50,41300.0,200.0,467000.0
185,2021-10-07 06:38:44,41300.0,300.0,466800.0
186,2021-10-07 06:37:47,41300.0,100.0,466500.0
187,2021-10-07 06:37:19,41300.0,200.0,466400.0
188,2021-10-07 06:36:58,41400.0,100.0,466200.0
189,2021-10-07 06:35:49,41300.0,200.0,466100.0
190,2021-10-07 06:34:20,41300.0,400.0,465900.0
191,2021-10-07 06:34:20,41350.0,200.0,465500.0
192,2021-10-07 06:34:20,41400.0,100.0,465300.0
193,2021-10-07 06:34:18,41400.0,100.0,465200.0
194,2021-10-07 06:33:55,41400.0,100.0,465100.0
195,2021-10-07 06:33:46,41400.0,1400.0,465000.0
196,2021-10-07 06:33:43,41400.0,1000.0,463600.0
197,2021-10-07 06:32:58,41400.0,200.0,462600.0
198,2021-10-07 06:32:53,41400.0,400.0,462400.0
199,2021-10-07 06:32:53,41400.0,100.0,462000.0
200,2021-10-07 06:32:47,41400.0,200.0,461900.0
201,2021-10-07 06:31:16,41400.0,200.0,461700.0
202,2021-10-07 06:30:58,41400.0,300.0,461500.0
203,2021-10-07 06:29:46,41400.0,200.0,461200.0
204,2021-10-07 06:29:43,41500.0,700.0,461000.0
205,2021-10-07 06:29:43,41450.0,100.0,460300.0
206,2021-10-07 06:29:43,41450.0,3000.0,460200.0
207,2021-10-07 06:29:43,41400.0,5200.0,457200.0
208,2021-10-07 06:29:43,41400.0,1000.0,452000.0
209,2021-10-07 06:29:24,41350.0,100.0,451000.0
210,2021-10-07 06:29:15,41300.0,100.0,450900.0
211,2021-10-07 06:29:04,41300.0,800.0,450800.0
212,2021-10-07 06:28:53,41300.0,100.0,450000.0
213,2021-10-07 06:28:15,41300.0,200.0,449900.0
214,2021-10-07 06:27:41,41350.0,300.0,449700.0
215,2021-10-07 06:27:24,41350.0,1000.0,449400.0
216,2021-10-07 06:27:09,41350.0,100.0,448400.0
217,2021-10-07 06:27:09,41350.0,200.0,448300.0
218,2021-10-07 06:26:43,41350.0,200.0,448100.0
219,2021-10-07 06:25:54,41400.0,300.0,447900.0
220,2021-10-07 06:25:54,41400.0,2700.0,447600.0
221,2021-10-07 06:25:14,41400.0,300.0,444900.0
222,2021-10-07 06:25:14,41400.0,700.0,444600.0
223,2021-10-07 06:25:13,41400.0,200.0,443900.0
224,2021-10-07 06:24:28,41400.0,900.0,443700.0
225,2021-10-07 06:24:14,41300.0,1100.0,442800.0
226,2021-10-07 06:24:14,41300.0,900.0,441700.0
227,2021-10-07 06:24:01,41400.0,100.0,440800.0
228,2021-10-07 06:24:01,41400.0,100.0,440700.0
229,2021-10-07 06:23:43,41400.0,100.0,440600.0
230,2021-10-07 06:23:42,41400.0,900.0,440500.0
231,2021-10-07 06:23:42,41400.0,100.0,439600.0
232,2021-10-07 06:22:12,41400.0,200.0,439500.0
233,2021-10-07 06:21:53,41450.0,200.0,439300.0
234,2021-10-07 06:21:47,41450.0,1000.0,439100.0
235,2021-10-07 06:21:47,41450.0,4000.0,438100.0
236,2021-10-07 06:21:31,41450.0,3000.0,434100.0
237,2021-10-07 06:20:41,41400.0,200.0,431100.0
238,2021-10-07 06:20:05,41450.0,2000.0,430900.0
239,2021-10-07 06:19:40,41450.0,1000.0,428900.0
240,2021-10-07 06:19:40,41450.0,1000.0,427900.0
241,2021-10-07 06:19:40,41450.0,300.0,426900.0
242,2021-10-07 06:19:40,41450.0,300.0,426600.0
243,2021-10-07 06:19:23,41400.0,400.0,426300.0
244,2021-10-07 06:19:23,41400.0,100.0,425900.0
245,2021-10-07 06:19:23,41400.0,2000.0,425800.0
246,2021-10-07 06:19:23,41400.0,2400.0,423800.0
247,2021-10-07 06:19:23,41400.0,200.0,421400.0
248,2021-10-07 06:19:23,41400.0,700.0,421200.0
249,2021-10-07 06:19:10,41300.0,200.0,420500.0
250,2021-10-07 06:18:19,41400.0,100.0,420300.0
251,2021-10-07 06:17:39,41250.0,100.0,420200.0
252,2021-10-07 06:16:20,41300.0,200.0,420100.0
253,2021-10-07 06:16:09,41300.0,100.0,419900.0
254,2021-10-07 06:15:56,41300.0,200.0,419800.0
255,2021-10-07 06:15:56,41300.0,200.0,419600.0
256,2021-10-07 06:15:11,41250.0,2000.0,419400.0
257,2021-10-07 06:15:11,41250.0,200.0,417400.0
258,2021-10-07 06:15:11,41250.0,100.0,417200.0
259,2021-10-07 06:15:11,41250.0,2000.0,417100.0
260,2021-10-07 06:15:11,41250.0,300.0,415100.0
261,2021-10-07 06:15:11,41250.0,100.0,414800.0
262,2021-10-07 06:15:11,41250.0,500.0,414700.0
263,2021-10-07 06:15:11,41250.0,200.0,414200.0
264,2021-10-07 06:15:11,41250.0,300.0,414000.0
265,2021-10-07 06:15:11,41250.0,100.0,413700.0
266,2021-10-07 06:15:11,41300.0,200.0,413600.0
267,2021-10-07 06:15:11,41300.0,200.0,413400.0
268,2021-10-07 06:14:37,41300.0,100.0,413200.0
269,2021-10-07 06:14:21,41300.0,700.0,413100.0
270,2021-10-07 06:13:54,41300.0,10000.0,412400.0
271,2021-10-07 06:13:39,41300.0,200.0,402400.0
272,2021-10-07 06:13:23,41300.0,100.0,402200.0
273,2021-10-07 06:13:23,41300.0,100.0,402100.0
274,2021-10-07 06:13:23,41300.0,100.0,402000.0
275,2021-10-07 06:13:23,41300.0,500.0,401900.0
276,2021-10-07 06:13:23,41300.0,1000.0,401400.0
277,2021-10-07 06:13:23,41300.0,500.0,400400.0
278,2021-10-07 06:13:23,41300.0,1800.0,399900.0
279,2021-10-07 06:13:07,41300.0,100.0,398100.0
280,2021-10-07 06:13:00,41300.0,100.0,398000.0
281,2021-10-07 06:13:00,41300.0,900.0,397900.0
282,2021-10-07 06:11:36,41300.0,100.0,397000.0
283,2021-10-07 06:10:06,41300.0,100.0,396900.0
284,2021-10-07 06:08:57,41300.0,500.0,396800.0
285,2021-10-07 06:08:50,41300.0,100.0,396300.0
286,2021-10-07 06:08:35,41300.0,100.0,396200.0
287,2021-10-07 06:08:33,41300.0,200.0,396100.0
288,2021-10-07 06:08:33,41300.0,100.0,395900.0
289,2021-10-07 06:08:33,41300.0,300.0,395800.0
290,2021-10-07 06:07:03,41300.0,100.0,395500.0
291,2021-10-07 06:06:49,41300.0,100.0,395400.0
292,2021-10-07 06:06:03,41300.0,200.0,395300.0
293,2021-10-07 06:05:33,41300.0,100.0,395100.0
294,2021-10-07 06:04:03,41300.0,100.0,395000.0
295,2021-10-07 06:03:45,41300.0,1500.0,394900.0
296,2021-10-07 06:03:45,41300.0,400.0,393400.0
297,2021-10-07 06:03:45,41300.0,500.0,393000.0
298,2021-10-07 06:03:45,41300.0,200.0,392500.0
299,2021-10-07 06:03:45,41300.0,100.0,392300.0
300,2021-10-07 06:03:45,41300.0,500.0,392200.0
301,2021-10-07 06:03:45,41300.0,200.0,391700.0
302,2021-10-07 06:03:45,41350.0,600.0,391500.0
303,2021-10-07 06:02:32,41300.0,100.0,390900.0
304,2021-10-07 06:02:21,41400.0,200.0,390800.0
305,2021-10-07 06:02:21,41400.0,100.0,390600.0
306,2021-10-07 06:02:21,41350.0,1000.0,390500.0
307,2021-10-07 06:02:21,41350.0,100.0,389500.0
308,2021-10-07 06:02:21,41350.0,2600.0,389400.0
309,2021-10-07 06:01:15,41300.0,700.0,386800.0
310,2021-10-07 06:01:15,41300.0,1100.0,386100.0
311,2021-10-07 06:01:00,41300.0,100.0,385000.0
312,2021-10-07 06:00:01,41350.0,2000.0,384900.0
313,2021-10-07 06:00:01,41350.0,300.0,382900.0
314,2021-10-07 06:00:01,41350.0,100.0,382600.0
315,2021-10-07 04:29:10,41350.0,700.0,382500.0
316,2021-10-07 04:29:01,41350.0,300.0,381800.0
317,2021-10-07 04:28:52,41350.0,300.0,381500.0
318,2021-10-07 04:28:29,41350.0,200.0,381200.0
319,2021-10-07 04:28:24,41350.0,2000.0,381000.0
320,2021-10-07 04:28:02,41350.0,200.0,379000.0
321,2021-10-07 04:26:37,41350.0,500.0,378800.0
322,2021-10-07 04:26:37,41350.0,500.0,378300.0
323,2021-10-07 04:26:24,41300.0,900.0,377800.0
324,2021-10-07 04:25:56,41300.0,100.0,376900.0
325,2021-10-07 04:25:55,41300.0,5000.0,376800.0
326,2021-10-07 04:25:47,41300.0,200.0,371800.0
327,2021-10-07 04:25:12,41300.0,200.0,371600.0
328,2021-10-07 04:24:19,41300.0,1400.0,371400.0
329,2021-10-07 04:24:07,41300.0,1000.0,370000.0
330,2021-10-07 04:23:33,41250.0,200.0,369000.0
331,2021-10-07 04:23:05,41250.0,1800.0,368800.0
332,2021-10-07 04:23:05,41250.0,200.0,367000.0
333,2021-10-07 04:22:43,41250.0,1800.0,366800.0
334,2021-10-07 04:22:43,41250.0,100.0,365000.0
335,2021-10-07 04:22:43,41250.0,1100.0,364900.0
336,2021-10-07 04:21:17,41250.0,200.0,363800.0
337,2021-10-07 04:21:00,41300.0,1900.0,363600.0
338,2021-10-07 04:21:00,41300.0,1000.0,361700.0
339,2021-10-07 04:20:20,41350.0,100.0,360700.0
340,2021-10-07 04:20:06,41300.0,300.0,360600.0
341,2021-10-07 04:19:58,41300.0,2500.0,360300.0
342,2021-10-07 04:19:57,41300.0,500.0,357800.0
343,2021-10-07 04:19:49,41300.0,500.0,357300.0
344,2021-10-07 04:19:11,41300.0,1200.0,356800.0
345,2021-10-07 04:19:04,41250.0,200.0,355600.0
346,2021-10-07 04:17:54,41300.0,200.0,355400.0
347,2021-10-07 04:17:50,41300.0,300.0,355200.0
348,2021-10-07 04:17:50,41300.0,200.0,354900.0
349,2021-10-07 04:17:43,41300.0,1000.0,354700.0
350,2021-10-07 04:17:43,41300.0,200.0,353700.0
351,2021-10-07 04:17:43,41300.0,300.0,353500.0
352,2021-10-07 04:17:43,41300.0,1000.0,353200.0
353,2021-10-07 04:17:43,41300.0,100.0,352200.0
354,2021-10-07 04:17:43,41300.0,200.0,352100.0
355,2021-10-07 04:16:50,41300.0,200.0,351900.0
356,2021-10-07 04:14:36,41300.0,200.0,351700.0
357,2021-10-07 04:14:34,41350.0,1000.0,351500.0
358,2021-10-07 04:14:32,41350.0,200.0,350500.0
359,2021-10-07 04:14:32,41350.0,200.0,350300.0
360,2021-10-07 04:13:39,41350.0,800.0,350100.0
361,2021-10-07 04:13:39,41350.0,500.0,349300.0
362,2021-10-07 04:12:42,41400.0,300.0,348800.0
363,2021-10-07 04:12:42,41400.0,1700.0,348500.0
364,2021-10-07 04:12:26,41350.0,1000.0,346800.0
365,2021-10-07 04:12:21,41300.0,200.0,345800.0
366,2021-10-07 04:12:09,41350.0,500.0,345600.0
367,2021-10-07 04:12:09,41350.0,300.0,345100.0
368,2021-10-07 04:10:48,41350.0,5900.0,344800.0
369,2021-10-07 04:10:43,41300.0,200.0,338900.0
370,2021-10-07 04:10:43,41300.0,1200.0,338700.0
371,2021-10-07 04:10:43,41300.0,1000.0,337500.0
372,2021-10-07 04:10:43,41300.0,200.0,336500.0
373,2021-10-07 04:10:43,41300.0,200.0,336300.0
374,2021-10-07 04:10:43,41300.0,1000.0,336100.0
375,2021-10-07 04:10:43,41300.0,2000.0,335100.0
376,2021-10-07 04:10:43,41300.0,100.0,333100.0
377,2021-10-07 04:10:43,41300.0,1000.0,333000.0
378,2021-10-07 04:10:43,41300.0,700.0,332000.0
379,2021-10-07 04:10:17,41350.0,200.0,331300.0
380,2021-10-07 04:10:07,41300.0,200.0,331100.0
381,2021-10-07 04:09:47,41350.0,400.0,330900.0
382,2021-10-07 04:09:07,41350.0,200.0,330500.0
383,2021-10-07 04:09:03,41350.0,1000.0,330300.0
384,2021-10-07 04:08:24,41350.0,600.0,329300.0
385,2021-10-07 04:07:52,41350.0,200.0,328700.0
386,2021-10-07 04:07:44,41350.0,300.0,328500.0
387,2021-10-07 04:07:44,41350.0,600.0,328200.0
388,2021-10-07 04:05:42,41350.0,400.0,327600.0
389,2021-10-07 04:05:42,41350.0,300.0,327200.0
390,2021-10-07 04:05:39,41350.0,200.0,326900.0
391,2021-10-07 04:03:24,41300.0,100.0,326700.0
392,2021-10-07 04:03:24,41300.0,100.0,326600.0
393,2021-10-07 04:02:56,41300.0,200.0,326500.0
394,2021-10-07 04:02:14,41300.0,700.0,326300.0
395,2021-10-07 04:02:14,41300.0,300.0,325600.0
396,2021-10-07 04:01:10,41300.0,200.0,325300.0
397,2021-10-07 03:58:56,41300.0,200.0,325100.0
398,2021-10-07 03:58:36,41300.0,700.0,324900.0
399,2021-10-07 03:58:36,41300.0,200.0,324200.0
400,2021-10-07 03:58:36,41300.0,500.0,324000.0
401,2021-10-07 03:58:36,41300.0,3600.0,323500.0
402,2021-10-07 03:57:43,41300.0,6400.0,319900.0
403,2021-10-07 03:57:43,41300.0,1000.0,313500.0
404,2021-10-07 03:57:43,41300.0,200.0,312500.0
405,2021-10-07 03:57:43,41300.0,700.0,312300.0
406,2021-10-07 03:57:43,41300.0,200.0,311600.0
407,2021-10-07 03:57:43,41300.0,900.0,311400.0
408,2021-10-07 03:57:43,41350.0,600.0,310500.0
409,2021-10-07 03:57:42,41350.0,400.0,309900.0
410,2021-10-07 03:57:42,41350.0,500.0,309500.0
411,2021-10-07 03:57:42,41350.0,100.0,309000.0
412,2021-10-07 03:56:54,41350.0,100.0,308900.0
413,2021-10-07 03:56:54,41350.0,900.0,308800.0
414,2021-10-07 03:56:42,41350.0,200.0,307900.0
415,2021-10-07 03:56:00,41350.0,1100.0,307700.0
416,2021-10-07 03:55:02,41350.0,100.0,306600.0
417,2021-10-07 03:54:27,41350.0,200.0,306500.0
418,2021-10-07 03:52:13,41350.0,200.0,306300.0
419,2021-10-07 03:51:43,41400.0,100.0,306100.0
420,2021-10-07 03:51:22,41350.0,300.0,306000.0
421,2021-10-07 03:51:22,41350.0,300.0,305700.0
422,2021-10-07 03:51:22,41350.0,1400.0,305400.0
423,2021-10-07 03:50:47,41350.0,100.0,304000.0
424,2021-10-07 03:50:47,41350.0,200.0,303900.0
425,2021-10-07 03:50:47,41350.0,300.0,303700.0
426,2021-10-07 03:50:47,41350.0,200.0,303400.0
427,2021-10-07 03:50:27,41350.0,500.0,303200.0
428,2021-10-07 03:49:59,41350.0,200.0,302700.0
429,2021-10-07 03:49:40,41350.0,100.0,302500.0
430,2021-10-07 03:49:40,41350.0,900.0,302400.0
431,2021-10-07 03:49:39,41350.0,100.0,301500.0
432,2021-10-07 03:49:39,41350.0,200.0,301400.0
433,2021-10-07 03:49:39,41350.0,1000.0,301200.0
434,2021-10-07 03:49:39,41350.0,100.0,300200.0
435,2021-10-07 03:49:39,41350.0,1000.0,300100.0
436,2021-10-07 03:49:39,41350.0,500.0,299100.0
437,2021-10-07 03:49:39,41350.0,2100.0,298600.0
438,2021-10-07 03:48:59,41350.0,1000.0,296500.0
439,2021-10-07 03:48:47,41350.0,1500.0,295500.0
440,2021-10-07 03:47:45,41350.0,200.0,294000.0
441,2021-10-07 03:45:31,41350.0,200.0,293800.0
442,2021-10-07 03:43:49,41350.0,500.0,293600.0
443,2021-10-07 03:43:49,41350.0,900.0,293100.0
444,2021-10-07 03:43:49,41350.0,1100.0,292200.0
445,2021-10-07 03:43:49,41350.0,8900.0,291100.0
446,2021-10-07 03:43:16,41350.0,200.0,282200.0
447,2021-10-07 03:43:04,41400.0,200.0,282000.0
448,2021-10-07 03:43:04,41400.0,1000.0,281800.0
449,2021-10-07 03:43:04,41400.0,300.0,280800.0
450,2021-10-07 03:43:04,41400.0,100.0,280500.0
451,2021-10-07 03:43:04,41400.0,1600.0,280400.0
452,2021-10-07 03:41:16,41400.0,1500.0,278800.0
453,2021-10-07 03:41:16,41400.0,200.0,277300.0
454,2021-10-07 03:41:02,41400.0,200.0,277100.0
455,2021-10-07 03:40:00,41400.0,1500.0,276900.0
456,2021-10-07 03:39:10,41400.0,1000.0,275400.0
457,2021-10-07 03:38:48,41400.0,200.0,274400.0
458,2021-10-07 03:38:01,41400.0,5400.0,274200.0
459,2021-10-07 03:37:13,41350.0,900.0,268800.0
460,2021-10-07 03:37:13,41350.0,200.0,267900.0
461,2021-10-07 03:36:38,41350.0,800.0,267700.0
462,2021-10-07 03:36:38,41350.0,200.0,266900.0
463,2021-10-07 03:36:38,41350.0,200.0,266700.0
464,2021-10-07 03:36:38,41350.0,400.0,266500.0
465,2021-10-07 03:36:34,41350.0,200.0,266100.0
466,2021-10-07 03:35:37,41350.0,500.0,265900.0
467,2021-10-07 03:34:19,41350.0,100.0,265400.0
468,2021-10-07 03:34:19,41350.0,100.0,265300.0
469,2021-10-07 03:34:14,41350.0,400.0,265200.0
470,2021-10-07 03:34:14,41350.0,1500.0,264800.0
471,2021-10-07 03:34:14,41350.0,300.0,263300.0
472,2021-10-07 03:34:14,41350.0,800.0,263000.0
473,2021-10-07 03:33:30,41350.0,500.0,262200.0
474,2021-10-07 03:32:05,41350.0,200.0,261700.0
475,2021-10-07 03:31:48,41400.0,2000.0,261500.0
476,2021-10-07 03:31:19,41400.0,5000.0,259500.0
477,2021-10-07 03:29:51,41350.0,200.0,254500.0
478,2021-10-07 03:29:31,41350.0,500.0,254300.0
479,2021-10-07 03:29:31,41350.0,800.0,253800.0
480,2021-10-07 03:28:24,41350.0,200.0,253000.0
481,2021-10-07 03:27:54,41300.0,100.0,252800.0
482,2021-10-07 03:27:39,41300.0,100.0,252700.0
483,2021-10-07 03:27:37,41250.0,200.0,252600.0
484,2021-10-07 03:26:41,41300.0,200.0,252400.0
485,2021-10-07 03:26:18,41250.0,900.0,252200.0
486,2021-10-07 03:25:21,41250.0,200.0,251300.0
487,2021-10-07 03:25:00,41300.0,400.0,251100.0
488,2021-10-07 03:24:41,41300.0,2000.0,250700.0
489,2021-10-07 03:24:28,41250.0,2200.0,248700.0
490,2021-10-07 03:24:28,41250.0,800.0,246500.0
491,2021-10-07 03:24:16,41300.0,100.0,245700.0
492,2021-10-07 03:24:06,41300.0,100.0,245600.0
493,2021-10-07 03:23:16,41250.0,200.0,245500.0
494,2021-10-07 03:23:16,41250.0,800.0,245300.0
495,2021-10-07 03:23:08,41250.0,200.0,244500.0
496,2021-10-07 03:22:49,41300.0,1000.0,244300.0
497,2021-10-07 03:22:41,41300.0,3000.0,243300.0
498,2021-10-07 03:22:41,41300.0,100.0,240300.0
499,2021-10-07 03:22:41,41300.0,500.0,240200.0
500,2021-10-07 03:22:41,41300.0,1000.0,239700.0
501,2021-10-07 03:22:41,41300.0,200.0,238700.0
502,2021-10-07 03:22:41,41300.0,100.0,238500.0
503,2021-10-07 03:22:41,41300.0,200.0,238400.0
504,2021-10-07 03:22:41,41300.0,500.0,238200.0
505,2021-10-07 03:22:41,41300.0,1000.0,237700.0
506,2021-10-07 03:22:41,41300.0,200.0,236700.0
507,2021-10-07 03:22:41,41300.0,700.0,236500.0
508,2021-10-07 03:22:41,41300.0,500.0,235800.0
509,2021-10-07 03:22:41,41300.0,500.0,235300.0
510,2021-10-07 03:22:41,41300.0,500.0,234800.0
511,2021-10-07 03:22:41,41300.0,200.0,234300.0
512,2021-10-07 03:22:41,41300.0,1000.0,234100.0
513,2021-10-07 03:22:41,41300.0,5000.0,233100.0
514,2021-10-07 03:22:41,41300.0,800.0,228100.0
515,2021-10-07 03:22:29,41350.0,300.0,227300.0
516,2021-10-07 03:22:28,41350.0,500.0,227000.0
517,2021-10-07 03:22:17,41350.0,1100.0,226500.0
518,2021-10-07 03:22:03,41350.0,100.0,225400.0
519,2021-10-07 03:22:03,41350.0,100.0,225300.0
520,2021-10-07 03:22:03,41350.0,100.0,225200.0
521,2021-10-07 03:22:03,41350.0,1700.0,225100.0
522,2021-10-07 03:21:52,41350.0,3000.0,223400.0
523,2021-10-07 03:21:41,41400.0,200.0,220400.0
524,2021-10-07 03:21:41,41400.0,100.0,220200.0
525,2021-10-07 03:21:41,41400.0,100.0,220100.0
526,2021-10-07 03:21:41,41400.0,2000.0,220000.0
527,2021-10-07 03:21:41,41400.0,200.0,218000.0
528,2021-10-07 03:21:37,41450.0,300.0,217800.0
529,2021-10-07 03:21:30,41450.0,300.0,217500.0
530,2021-10-07 03:21:24,41450.0,400.0,217200.0
531,2021-10-07 03:21:17,41450.0,400.0,216800.0
532,2021-10-07 03:21:06,41450.0,200.0,216400.0
533,2021-10-07 03:20:54,41450.0,200.0,216200.0
534,2021-10-07 03:20:34,41450.0,200.0,216000.0
535,2021-10-07 03:20:34,41450.0,300.0,215800.0
536,2021-10-07 03:18:40,41450.0,200.0,215500.0
537,2021-10-07 03:18:08,41550.0,100.0,215300.0
538,2021-10-07 03:17:14,41500.0,900.0,215200.0
539,2021-10-07 03:16:51,41500.0,1000.0,214300.0
540,2021-10-07 03:16:42,41500.0,100.0,213300.0
541,2021-10-07 03:16:37,41500.0,100.0,213200.0
542,2021-10-07 03:16:37,41500.0,100.0,213100.0
543,2021-10-07 03:16:37,41500.0,200.0,213000.0
544,2021-10-07 03:16:37,41500.0,100.0,212800.0
545,2021-10-07 03:16:37,41500.0,2000.0,212700.0
546,2021-10-07 03:16:37,41500.0,500.0,210700.0
547,2021-10-07 03:16:32,41600.0,400.0,210200.0
548,2021-10-07 03:16:32,41550.0,100.0,209800.0
549,2021-10-07 03:16:32,41550.0,500.0,209700.0
550,2021-10-07 03:16:26,41500.0,200.0,209200.0
551,2021-10-07 03:14:11,41500.0,200.0,209000.0
552,2021-10-07 03:12:58,41500.0,200.0,208800.0
553,2021-10-07 03:12:58,41500.0,1900.0,208600.0
554,2021-10-07 03:12:33,41500.0,100.0,206700.0
555,2021-10-07 03:12:33,41500.0,100.0,206600.0
556,2021-10-07 03:11:57,41400.0,200.0,206500.0
557,2021-10-07 03:11:41,41400.0,600.0,206300.0
558,2021-10-07 03:11:39,41400.0,1000.0,205700.0
559,2021-10-07 03:11:18,41400.0,3000.0,204700.0
560,2021-10-07 03:11:00,41350.0,200.0,201700.0
561,2021-10-07 03:10:38,41350.0,900.0,201500.0
562,2021-10-07 03:10:36,41350.0,100.0,200600.0
563,2021-10-07 03:10:36,41350.0,100.0,200500.0
564,2021-10-07 03:09:45,41400.0,200.0,200400.0
565,2021-10-07 03:09:45,41400.0,300.0,200200.0
566,2021-10-07 03:09:45,41400.0,100.0,199900.0
567,2021-10-07 03:09:45,41400.0,2000.0,199800.0
568,2021-10-07 03:09:45,41400.0,500.0,197800.0
569,2021-10-07 03:09:45,41400.0,1000.0,197300.0
570,2021-10-07 03:09:45,41400.0,1300.0,196300.0
571,2021-10-07 03:09:43,41400.0,200.0,195000.0
572,2021-10-07 03:09:20,41450.0,100.0,194800.0
573,2021-10-07 03:09:08,41450.0,600.0,194700.0
574,2021-10-07 03:08:48,41450.0,400.0,194100.0
575,2021-10-07 03:07:56,41450.0,600.0,193700.0
576,2021-10-07 03:07:32,41450.0,400.0,193100.0
577,2021-10-07 03:07:28,41450.0,100.0,192700.0
578,2021-10-07 03:07:28,41450.0,100.0,192600.0
579,2021-10-07 03:06:55,41450.0,700.0,192500.0
580,2021-10-07 03:06:55,41450.0,400.0,191800.0
581,2021-10-07 03:06:55,41450.0,400.0,191400.0
582,2021-10-07 03:06:30,41450.0,300.0,191000.0
583,2021-10-07 03:06:08,41450.0,300.0,190700.0
584,2021-10-07 03:06:08,41450.0,100.0,190400.0
585,2021-10-07 03:06:08,41450.0,1000.0,190300.0
586,2021-10-07 03:06:08,41450.0,100.0,189300.0
587,2021-10-07 03:06:08,41500.0,400.0,189200.0
588,2021-10-07 03:06:08,41500.0,600.0,188800.0
589,2021-10-07 03:05:32,41450.0,400.0,188200.0
590,2021-10-07 03:05:32,41500.0,500.0,187800.0
591,2021-10-07 03:05:14,41450.0,200.0,187300.0
592,2021-10-07 03:05:00,41500.0,8900.0,187100.0
593,2021-10-07 03:05:00,41500.0,1000.0,178200.0
594,2021-10-07 03:05:00,41500.0,100.0,177200.0
595,2021-10-07 03:04:46,41450.0,100.0,177100.0
596,2021-10-07 03:04:34,41450.0,1000.0,177000.0
597,2021-10-07 03:03:59,41450.0,4000.0,176000.0
598,2021-10-07 03:03:38,41400.0,2900.0,172000.0
599,2021-10-07 03:03:26,41400.0,5000.0,169100.0
600,2021-10-07 03:03:00,41400.0,100.0,164100.0
601,2021-10-07 03:03:00,41400.0,100.0,164000.0
602,2021-10-07 03:02:15,41400.0,400.0,163900.0
603,2021-10-07 03:02:15,41400.0,600.0,163500.0
604,2021-10-07 03:01:42,41400.0,300.0,162900.0
605,2021-10-07 03:01:41,41400.0,200.0,162600.0
606,2021-10-07 03:01:39,41400.0,100.0,162400.0
607,2021-10-07 03:01:18,41400.0,300.0,162300.0
608,2021-10-07 03:01:05,41400.0,200.0,162000.0
609,2021-10-07 03:00:56,41400.0,200.0,161800.0
610,2021-10-07 03:00:56,41400.0,100.0,161600.0
611,2021-10-07 03:00:46,41300.0,200.0,161500.0
612,2021-10-07 03:00:43,41400.0,900.0,161300.0
613,2021-10-07 03:00:43,41400.0,1100.0,160400.0
614,2021-10-07 03:00:25,41400.0,900.0,159300.0
615,2021-10-07 03:00:09,41300.0,100.0,158400.0
616,2021-10-07 02:59:59,41400.0,1900.0,158300.0
617,2021-10-07 02:59:55,41300.0,700.0,156400.0
618,2021-10-07 02:59:32,41400.0,100.0,155700.0
619,2021-10-07 02:59:32,41400.0,400.0,155600.0
620,2021-10-07 02:58:58,41400.0,1600.0,155200.0
621,2021-10-07 02:58:58,41400.0,100.0,153600.0
622,2021-10-07 02:58:58,41350.0,1000.0,153500.0
623,2021-10-07 02:58:58,41350.0,100.0,152500.0
624,2021-10-07 02:58:58,41350.0,500.0,152400.0
625,2021-10-07 02:58:58,41350.0,700.0,151900.0
626,2021-10-07 02:58:32,41300.0,200.0,151200.0
627,2021-10-07 02:56:54,41350.0,300.0,151000.0
628,2021-10-07 02:56:45,41350.0,400.0,150700.0
629,2021-10-07 02:56:45,41350.0,400.0,150300.0
630,2021-10-07 02:56:39,41350.0,100.0,149900.0
631,2021-10-07 02:56:39,41350.0,100.0,149800.0
632,2021-10-07 02:56:39,41350.0,200.0,149700.0
633,2021-10-07 02:56:39,41350.0,100.0,149500.0
634,2021-10-07 02:56:39,41350.0,100.0,149400.0
635,2021-10-07 02:56:36,41350.0,1000.0,149300.0
636,2021-10-07 02:56:36,41350.0,200.0,148300.0
637,2021-10-07 02:56:36,41350.0,400.0,148100.0
638,2021-10-07 02:56:36,41350.0,500.0,147700.0
639,2021-10-07 02:56:29,41350.0,1600.0,147200.0
640,2021-10-07 02:56:18,41350.0,200.0,145600.0
641,2021-10-07 02:56:04,41350.0,2000.0,145400.0
642,2021-10-07 02:55:51,41350.0,600.0,143400.0
643,2021-10-07 02:55:42,41350.0,200.0,142800.0
644,2021-10-07 02:55:40,41350.0,400.0,142600.0
645,2021-10-07 02:55:39,41400.0,1900.0,142200.0
646,2021-10-07 02:55:39,41400.0,100.0,140300.0
647,2021-10-07 02:55:09,41350.0,500.0,140200.0
648,2021-10-07 02:54:44,41400.0,100.0,139700.0
649,2021-10-07 02:54:44,41400.0,400.0,139600.0
650,2021-10-07 02:54:42,41350.0,3000.0,139200.0
651,2021-10-07 02:54:31,41350.0,300.0,136200.0
652,2021-10-07 02:54:03,41350.0,100.0,135900.0
653,2021-10-07 02:52:59,41350.0,200.0,135800.0
654,2021-10-07 02:52:12,41350.0,400.0,135600.0
655,2021-10-07 02:52:12,41400.0,100.0,135200.0
656,2021-10-07 02:52:08,41400.0,400.0,135100.0
657,2021-10-07 02:52:08,41400.0,100.0,134700.0
658,2021-10-07 02:52:08,41400.0,100.0,134600.0
659,2021-10-07 02:52:08,41450.0,600.0,134500.0
660,2021-10-07 02:51:49,41450.0,100.0,133900.0
661,2021-10-07 02:51:47,41450.0,200.0,133800.0
662,2021-10-07 02:51:45,41450.0,800.0,133600.0
663,2021-10-07 02:51:45,41450.0,200.0,132800.0
664,2021-10-07 02:51:45,41450.0,5600.0,132600.0
665,2021-10-07 02:49:53,41400.0,700.0,127000.0
666,2021-10-07 02:49:53,41400.0,300.0,126300.0
667,2021-10-07 02:49:35,41400.0,100.0,126000.0
668,2021-10-07 02:49:06,41450.0,200.0,125900.0
669,2021-10-07 02:48:50,41450.0,200.0,125700.0
670,2021-10-07 02:48:49,41500.0,100.0,125500.0
671,2021-10-07 02:48:41,41450.0,300.0,125400.0
672,2021-10-07 02:48:41,41450.0,500.0,125100.0
673,2021-10-07 02:48:41,41450.0,200.0,124600.0
674,2021-10-07 02:47:44,41450.0,200.0,124400.0
675,2021-10-07 02:47:20,41450.0,100.0,124200.0
676,2021-10-07 02:47:01,41450.0,500.0,124100.0
677,2021-10-07 02:45:06,41400.0,100.0,123600.0
678,2021-10-07 02:44:54,41500.0,200.0,123500.0
679,2021-10-07 02:44:53,41500.0,500.0,123300.0
680,2021-10-07 02:44:53,41500.0,500.0,122800.0
681,2021-10-07 02:44:53,41500.0,100.0,122300.0
682,2021-10-07 02:44:53,41500.0,700.0,122200.0
683,2021-10-07 02:44:30,41500.0,100.0,121500.0
684,2021-10-07 02:44:25,41500.0,300.0,121400.0
685,2021-10-07 02:44:25,41500.0,300.0,121100.0
686,2021-10-07 02:44:19,41500.0,800.0,120800.0
687,2021-10-07 02:44:19,41500.0,500.0,120000.0
688,2021-10-07 02:44:19,41500.0,100.0,119500.0
689,2021-10-07 02:44:19,41500.0,100.0,119400.0
690,2021-10-07 02:44:17,41550.0,400.0,119300.0
691,2021-10-07 02:43:08,41500.0,400.0,118900.0
692,2021-10-07 02:43:08,41500.0,100.0,118500.0
693,2021-10-07 02:42:52,41500.0,100.0,118400.0
694,2021-10-07 02:42:47,41550.0,100.0,118300.0
695,2021-10-07 02:41:46,41550.0,300.0,118200.0
696,2021-10-07 02:41:33,41500.0,200.0,117900.0
697,2021-10-07 02:41:33,41500.0,300.0,117700.0
698,2021-10-07 02:40:38,41500.0,100.0,117400.0
699,2021-10-07 02:40:10,41500.0,600.0,117300.0
700,2021-10-07 02:40:10,41500.0,400.0,116700.0
701,2021-10-07 02:38:23,41500.0,100.0,116300.0
702,2021-10-07 02:38:00,41600.0,100.0,116200.0
703,2021-10-07 02:37:35,41600.0,1000.0,116100.0
704,2021-10-07 02:37:35,41600.0,400.0,115100.0
705,2021-10-07 02:36:47,41550.0,500.0,114700.0
706,2021-10-07 02:36:47,41550.0,500.0,114200.0
707,2021-10-07 02:36:34,41550.0,400.0,113700.0
708,2021-10-07 02:36:09,41550.0,1100.0,113300.0
709,2021-10-07 02:34:41,41550.0,1000.0,112200.0
710,2021-10-07 02:33:55,41550.0,100.0,111200.0
711,2021-10-07 02:33:50,41600.0,100.0,111100.0
712,2021-10-07 02:33:15,41600.0,400.0,111000.0
713,2021-10-07 02:32:37,41550.0,900.0,110600.0
714,2021-10-07 02:32:23,41550.0,100.0,109700.0
715,2021-10-07 02:31:59,41550.0,1000.0,109600.0
716,2021-10-07 02:31:41,41550.0,100.0,108600.0
717,2021-10-07 02:31:40,41550.0,500.0,108500.0
718,2021-10-07 02:30:26,41550.0,700.0,108000.0
719,2021-10-07 02:30:26,41550.0,9300.0,107300.0
720,2021-10-07 02:29:59,41550.0,600.0,98000.0
721,2021-10-07 02:29:26,41550.0,100.0,97400.0
722,2021-10-07 02:29:15,41500.0,1700.0,97300.0
723,2021-10-07 02:29:15,41500.0,2000.0,95600.0
724,2021-10-07 02:29:15,41550.0,1300.0,93600.0
725,2021-10-07 02:28:13,41800.0,2700.0,92300.0
726,2021-10-07 02:28:12,41800.0,2000.0,89600.0
727,2021-10-07 02:27:25,41800.0,200.0,87600.0
728,2021-10-07 02:27:12,41800.0,100.0,87400.0
729,2021-10-07 02:26:55,41800.0,2500.0,87300.0
730,2021-10-07 02:26:32,41850.0,100.0,84800.0
731,2021-10-07 02:26:20,41800.0,200.0,84700.0
732,2021-10-07 02:26:20,41800.0,500.0,84500.0
733,2021-10-07 02:26:20,41800.0,5000.0,84000.0
734,2021-10-07 02:26:20,41800.0,3000.0,79000.0
735,2021-10-07 02:26:20,41800.0,1200.0,76000.0
736,2021-10-07 02:26:20,41800.0,900.0,74800.0
737,2021-10-07 02:26:20,41800.0,2000.0,73900.0
738,2021-10-07 02:26:20,41800.0,6300.0,71900.0
739,2021-10-07 02:26:03,41700.0,500.0,65600.0
740,2021-10-07 02:26:03,41700.0,1000.0,65100.0
741,2021-10-07 02:26:03,41600.0,2900.0,64100.0
742,2021-10-07 02:25:54,41600.0,2100.0,61200.0
743,2021-10-07 02:25:54,41600.0,100.0,59100.0
744,2021-10-07 02:25:54,41600.0,200.0,59000.0
745,2021-10-07 02:25:30,41600.0,100.0,58800.0
746,2021-10-07 02:25:28,41550.0,700.0,58700.0
747,2021-10-07 02:25:28,41550.0,1800.0,58000.0
748,2021-10-07 02:25:06,41600.0,200.0,56200.0
749,2021-10-07 02:24:58,41550.0,100.0,56000.0
750,2021-10-07 02:24:06,41550.0,2500.0,55900.0
751,2021-10-07 02:24:00,41550.0,600.0,53400.0
752,2021-10-07 02:24:00,41550.0,1000.0,52800.0
753,2021-10-07 02:24:00,41550.0,400.0,51800.0
754,2021-10-07 02:23:31,41550.0,100.0,51400.0
755,2021-10-07 02:23:31,41550.0,900.0,51300.0
756,2021-10-07 02:23:21,41800.0,1500.0,50400.0
757,2021-10-07 02:23:21,41700.0,1000.0,48900.0
758,2021-10-07 02:23:21,41600.0,100.0,47900.0
759,2021-10-07 02:23:21,41600.0,1400.0,47800.0
760,2021-10-07 02:22:44,41550.0,100.0,46400.0
761,2021-10-07 02:22:15,41600.0,200.0,46300.0
762,2021-10-07 02:21:56,41550.0,500.0,46100.0
763,2021-10-07 02:21:56,41550.0,4500.0,45600.0
764,2021-10-07 02:21:44,41550.0,2300.0,41100.0
765,2021-10-07 02:21:43,41550.0,100.0,38800.0
766,2021-10-07 02:21:20,41550.0,1000.0,38700.0
767,2021-10-07 02:21:13,41550.0,1000.0,37700.0
768,2021-10-07 02:20:29,41550.0,100.0,36700.0
769,2021-10-07 02:20:24,41600.0,5600.0,36600.0
770,2021-10-07 02:20:24,41600.0,200.0,31000.0
771,2021-10-07 02:20:24,41600.0,7600.0,30800.0
772,2021-10-07 02:20:17,41800.0,1000.0,23200.0
773,2021-10-07 02:19:40,41800.0,300.0,22200.0
774,2021-10-07 02:19:40,41800.0,900.0,21900.0
775,2021-10-07 02:19:27,41850.0,500.0,21000.0
776,2021-10-07 02:19:02,41800.0,200.0,20500.0
777,2021-10-07 02:18:56,41800.0,3000.0,20300.0
778,2021-10-07 02:18:56,41800.0,900.0,17300.0
779,2021-10-07 02:18:27,41800.0,100.0,16400.0
780,2021-10-07 02:18:15,41600.0,100.0,16300.0
781,2021-10-07 02:18:08,41600.0,2300.0,16200.0
782,2021-10-07 02:18:08,41700.0,8300.0,13900.0
783,2021-10-07 02:17:54,41700.0,200.0,5600.0
784,2021-10-07 02:17:54,41700.0,1000.0,5400.0
785,2021-10-07 02:17:54,41700.0,500.0,4400.0
786,2021-10-07 02:17:21,41700.0,400.0,3900.0
787,2021-10-07 02:17:06,41700.0,300.0,3500.0
788,2021-10-07 02:17:06,41700.0,2300.0,3200.0
789,2021-10-07 02:16:02,41500.0,100.0,900.0
790,2021-10-07 02:15:12,41700.0,100.0,800.0
791,2021-10-07 02:15:12,41700.0,200.0,700.0
792,2021-10-07 02:15:00,41700.0,100.0,500.0
793,2021-10-07 02:15:00,41700.0,100.0,400.0
794,2021-10-07 02:15:00,41700.0,300.0,300.0
