,Time,Price,Volume_per_trade,Volume
0,2021-10-22 07:45:00,41600.0,100.0,1345600.0
1,2021-10-22 07:45:00,41600.0,1000.0,1345500.0
2,2021-10-22 07:45:00,41600.0,1300.0,1344500.0
3,2021-10-22 07:45:00,41600.0,2000.0,1343200.0
4,2021-10-22 07:45:00,41600.0,200.0,1341200.0
5,2021-10-22 07:45:00,41600.0,100.0,1341000.0
6,2021-10-22 07:45:00,41600.0,1000.0,1340900.0
7,2021-10-22 07:45:00,41600.0,3900.0,1339900.0
8,2021-10-22 07:45:00,41600.0,2500.0,1336000.0
9,2021-10-22 07:45:00,41600.0,1000.0,1333500.0
10,2021-10-22 07:45:00,41600.0,100.0,1332500.0
11,2021-10-22 07:45:00,41600.0,500.0,1332400.0
12,2021-10-22 07:45:00,41600.0,1200.0,1331900.0
13,2021-10-22 07:45:00,41600.0,800.0,1330700.0
14,2021-10-22 07:45:00,41600.0,100.0,1329900.0
15,2021-10-22 07:45:00,41600.0,100.0,1329800.0
16,2021-10-22 07:45:00,41600.0,1500.0,1329700.0
17,2021-10-22 07:45:00,41600.0,2600.0,1328200.0
18,2021-10-22 07:45:00,41600.0,200.0,1325600.0
19,2021-10-22 07:45:00,41600.0,500.0,1325400.0
20,2021-10-22 07:45:00,41600.0,2700.0,1324900.0
21,2021-10-22 07:45:00,41600.0,600.0,1322200.0
22,2021-10-22 07:45:00,41600.0,5000.0,1321600.0
23,2021-10-22 07:45:00,41600.0,5000.0,1316600.0
24,2021-10-22 07:45:00,41600.0,3000.0,1311600.0
25,2021-10-22 07:45:00,41600.0,3000.0,1308600.0
26,2021-10-22 07:45:00,41600.0,1000.0,1305600.0
27,2021-10-22 07:45:00,41600.0,500.0,1304600.0
28,2021-10-22 07:45:00,41600.0,1500.0,1304100.0
29,2021-10-22 07:45:00,41600.0,3000.0,1302600.0
30,2021-10-22 07:45:00,41600.0,200.0,1299600.0
31,2021-10-22 07:45:00,41600.0,100.0,1299400.0
32,2021-10-22 07:45:00,41600.0,1300.0,1299300.0
33,2021-10-22 07:45:00,41600.0,300.0,1298000.0
34,2021-10-22 07:45:00,41600.0,6200.0,1297700.0
35,2021-10-22 07:45:00,41600.0,500.0,1291500.0
36,2021-10-22 07:45:00,41600.0,400.0,1291000.0
37,2021-10-22 07:45:00,41600.0,1000.0,1290600.0
38,2021-10-22 07:45:00,41600.0,200.0,1289600.0
39,2021-10-22 07:45:00,41600.0,2800.0,1289400.0
40,2021-10-22 07:45:00,41600.0,1200.0,1286600.0
41,2021-10-22 07:45:00,41600.0,100.0,1285400.0
42,2021-10-22 07:45:00,41600.0,200.0,1285300.0
43,2021-10-22 07:45:00,41600.0,200.0,1285100.0
44,2021-10-22 07:45:00,41600.0,1000.0,1284900.0
45,2021-10-22 07:45:00,41600.0,1700.0,1283900.0
46,2021-10-22 07:45:00,41600.0,7700.0,1282200.0
47,2021-10-22 07:45:00,41600.0,2300.0,1274500.0
48,2021-10-22 07:45:00,41600.0,700.0,1272200.0
49,2021-10-22 07:45:00,41600.0,1000.0,1271500.0
50,2021-10-22 07:45:00,41600.0,1000.0,1270500.0
51,2021-10-22 07:45:00,41600.0,1100.0,1269500.0
52,2021-10-22 07:45:00,41600.0,3900.0,1268400.0
53,2021-10-22 07:45:00,41600.0,4900.0,1264500.0
54,2021-10-22 07:45:00,41600.0,1000.0,1259600.0
55,2021-10-22 07:45:00,41600.0,200.0,1258600.0
56,2021-10-22 07:45:00,41600.0,1000.0,1258400.0
57,2021-10-22 07:45:00,41600.0,1000.0,1257400.0
58,2021-10-22 07:45:00,41600.0,2000.0,1256400.0
59,2021-10-22 07:45:00,41600.0,200.0,1254400.0
60,2021-10-22 07:45:00,41600.0,1000.0,1254200.0
61,2021-10-22 07:45:00,41600.0,1000.0,1253200.0
62,2021-10-22 07:45:00,41600.0,1000.0,1252200.0
63,2021-10-22 07:45:00,41600.0,200.0,1251200.0
64,2021-10-22 07:45:00,41600.0,200.0,1251000.0
65,2021-10-22 07:29:57,41600.0,2100.0,1250800.0
66,2021-10-22 07:29:57,41550.0,300.0,1248700.0
67,2021-10-22 07:29:57,41550.0,300.0,1248400.0
68,2021-10-22 07:29:57,41550.0,1000.0,1248100.0
69,2021-10-22 07:29:41,41550.0,600.0,1247100.0
70,2021-10-22 07:29:34,41550.0,200.0,1246500.0
71,2021-10-22 07:29:28,41550.0,1000.0,1246300.0
72,2021-10-22 07:29:25,41550.0,1000.0,1245300.0
73,2021-10-22 07:29:22,41550.0,100.0,1244300.0
74,2021-10-22 07:29:15,41550.0,500.0,1244200.0
75,2021-10-22 07:29:06,41600.0,800.0,1243700.0
76,2021-10-22 07:28:56,41600.0,800.0,1242900.0
77,2021-10-22 07:28:56,41600.0,100.0,1242100.0
78,2021-10-22 07:28:53,41600.0,100.0,1242000.0
79,2021-10-22 07:28:32,41600.0,100.0,1241900.0
80,2021-10-22 07:28:32,41600.0,1000.0,1241800.0
81,2021-10-22 07:28:32,41600.0,1000.0,1240800.0
82,2021-10-22 07:28:32,41600.0,2000.0,1239800.0
83,2021-10-22 07:28:32,41600.0,500.0,1237800.0
84,2021-10-22 07:28:32,41500.0,5000.0,1237300.0
85,2021-10-22 07:28:19,41600.0,1500.0,1232300.0
86,2021-10-22 07:28:19,41600.0,100.0,1230800.0
87,2021-10-22 07:28:19,41600.0,200.0,1230700.0
88,2021-10-22 07:28:19,41600.0,100.0,1230500.0
89,2021-10-22 07:28:19,41600.0,2000.0,1230400.0
90,2021-10-22 07:28:19,41600.0,100.0,1228400.0
91,2021-10-22 07:28:14,41500.0,2600.0,1228300.0
92,2021-10-22 07:28:14,41500.0,3000.0,1225700.0
93,2021-10-22 07:28:14,41500.0,500.0,1222700.0
94,2021-10-22 07:28:14,41500.0,2000.0,1222200.0
95,2021-10-22 07:28:14,41500.0,1800.0,1220200.0
96,2021-10-22 07:28:14,41500.0,200.0,1218400.0
97,2021-10-22 07:28:14,41500.0,3000.0,1218200.0
98,2021-10-22 07:28:14,41500.0,500.0,1215200.0
99,2021-10-22 07:28:14,41500.0,200.0,1214700.0
100,2021-10-22 07:28:14,41500.0,600.0,1214500.0
101,2021-10-22 07:28:14,41500.0,500.0,1213900.0
102,2021-10-22 07:28:14,41500.0,500.0,1213400.0
103,2021-10-22 07:28:14,41500.0,2000.0,1212900.0
104,2021-10-22 07:28:14,41500.0,500.0,1210900.0
105,2021-10-22 07:28:14,41500.0,1500.0,1210400.0
106,2021-10-22 07:28:14,41500.0,500.0,1208900.0
107,2021-10-22 07:28:14,41500.0,100.0,1208400.0
108,2021-10-22 07:28:14,41500.0,400.0,1208300.0
109,2021-10-22 07:28:14,41500.0,600.0,1207900.0
110,2021-10-22 07:28:14,41500.0,300.0,1207300.0
111,2021-10-22 07:28:14,41500.0,500.0,1207000.0
112,2021-10-22 07:28:14,41500.0,500.0,1206500.0
113,2021-10-22 07:28:14,41500.0,1300.0,1206000.0
114,2021-10-22 07:28:14,41500.0,500.0,1204700.0
115,2021-10-22 07:28:14,41500.0,2000.0,1204200.0
116,2021-10-22 07:28:14,41500.0,10000.0,1202200.0
117,2021-10-22 07:28:14,41500.0,300.0,1192200.0
118,2021-10-22 07:28:14,41500.0,100.0,1191900.0
119,2021-10-22 07:28:14,41500.0,200.0,1191800.0
120,2021-10-22 07:28:14,41500.0,100.0,1191600.0
121,2021-10-22 07:28:14,41500.0,500.0,1191500.0
122,2021-10-22 07:28:14,41500.0,100.0,1191000.0
123,2021-10-22 07:28:14,41500.0,200.0,1190900.0
124,2021-10-22 07:28:14,41500.0,100.0,1190700.0
125,2021-10-22 07:28:14,41500.0,500.0,1190600.0
126,2021-10-22 07:28:14,41500.0,100.0,1190100.0
127,2021-10-22 07:28:14,41500.0,100.0,1190000.0
128,2021-10-22 07:28:14,41500.0,500.0,1189900.0
129,2021-10-22 07:28:14,41500.0,1000.0,1189400.0
130,2021-10-22 07:28:14,41500.0,100.0,1188400.0
131,2021-10-22 07:28:14,41500.0,100.0,1188300.0
132,2021-10-22 07:28:14,41500.0,2000.0,1188200.0
133,2021-10-22 07:28:14,41500.0,100.0,1186200.0
134,2021-10-22 07:28:14,41500.0,100.0,1186100.0
135,2021-10-22 07:28:14,41500.0,500.0,1186000.0
136,2021-10-22 07:28:14,41500.0,1500.0,1185500.0
137,2021-10-22 07:28:14,41500.0,100.0,1184000.0
138,2021-10-22 07:28:14,41500.0,100.0,1183900.0
139,2021-10-22 07:28:14,41500.0,100.0,1183800.0
140,2021-10-22 07:28:14,41500.0,500.0,1183700.0
141,2021-10-22 07:28:14,41500.0,1000.0,1183200.0
142,2021-10-22 07:28:14,41500.0,1500.0,1182200.0
143,2021-10-22 07:28:14,41500.0,3000.0,1180700.0
144,2021-10-22 07:28:14,41500.0,500.0,1177700.0
145,2021-10-22 07:28:14,41500.0,500.0,1177200.0
146,2021-10-22 07:28:14,41500.0,2200.0,1176700.0
147,2021-10-22 07:28:14,41500.0,1000.0,1174500.0
148,2021-10-22 07:28:14,41500.0,500.0,1173500.0
149,2021-10-22 07:28:14,41500.0,5000.0,1173000.0
150,2021-10-22 07:28:14,41500.0,15000.0,1168000.0
151,2021-10-22 07:28:14,41500.0,4400.0,1153000.0
152,2021-10-22 07:28:14,41500.0,200.0,1148600.0
153,2021-10-22 07:28:14,41500.0,100.0,1148400.0
154,2021-10-22 07:28:12,41450.0,5000.0,1148300.0
155,2021-10-22 07:28:09,41450.0,1000.0,1143300.0
156,2021-10-22 07:28:09,41450.0,100.0,1142300.0
157,2021-10-22 07:28:09,41450.0,100.0,1142200.0
158,2021-10-22 07:28:09,41450.0,100.0,1142100.0
159,2021-10-22 07:28:09,41450.0,500.0,1142000.0
160,2021-10-22 07:28:09,41450.0,300.0,1141500.0
161,2021-10-22 07:28:09,41450.0,100.0,1141200.0
162,2021-10-22 07:28:09,41450.0,1300.0,1141100.0
163,2021-10-22 07:28:09,41450.0,100.0,1139800.0
164,2021-10-22 07:28:09,41450.0,1300.0,1139700.0
165,2021-10-22 07:28:07,41400.0,2200.0,1138400.0
166,2021-10-22 07:28:01,41450.0,100.0,1136200.0
167,2021-10-22 07:27:45,41400.0,400.0,1136100.0
168,2021-10-22 07:27:45,41400.0,100.0,1135700.0
169,2021-10-22 07:27:45,41400.0,1000.0,1135600.0
170,2021-10-22 07:27:45,41400.0,2000.0,1134600.0
171,2021-10-22 07:27:45,41400.0,1000.0,1132600.0
172,2021-10-22 07:27:45,41400.0,1000.0,1131600.0
173,2021-10-22 07:27:45,41400.0,1000.0,1130600.0
174,2021-10-22 07:27:45,41400.0,1000.0,1129600.0
175,2021-10-22 07:27:45,41400.0,100.0,1128600.0
176,2021-10-22 07:27:45,41400.0,1000.0,1128500.0
177,2021-10-22 07:27:45,41400.0,300.0,1127500.0
178,2021-10-22 07:27:45,41400.0,1000.0,1127200.0
179,2021-10-22 07:27:45,41400.0,300.0,1126200.0
180,2021-10-22 07:27:45,41400.0,100.0,1125900.0
181,2021-10-22 07:27:45,41400.0,100.0,1125800.0
182,2021-10-22 07:27:45,41400.0,400.0,1125700.0
183,2021-10-22 07:27:45,41400.0,100.0,1125300.0
184,2021-10-22 07:27:45,41400.0,200.0,1125200.0
185,2021-10-22 07:27:45,41400.0,400.0,1125000.0
186,2021-10-22 07:27:25,41300.0,100.0,1124600.0
187,2021-10-22 07:27:25,41400.0,2500.0,1124500.0
188,2021-10-22 07:27:25,41400.0,100.0,1122000.0
189,2021-10-22 07:27:14,41300.0,300.0,1121900.0
190,2021-10-22 07:26:56,41300.0,100.0,1121600.0
191,2021-10-22 07:26:39,41300.0,1500.0,1121500.0
192,2021-10-22 07:26:30,41300.0,100.0,1120000.0
193,2021-10-22 07:26:29,41300.0,500.0,1119900.0
194,2021-10-22 07:26:11,41300.0,5000.0,1119400.0
195,2021-10-22 07:26:10,41300.0,900.0,1114400.0
196,2021-10-22 07:26:09,41300.0,1000.0,1113500.0
197,2021-10-22 07:25:38,41300.0,2000.0,1112500.0
198,2021-10-22 07:25:38,41300.0,1000.0,1110500.0
199,2021-10-22 07:25:38,41300.0,100.0,1109500.0
200,2021-10-22 07:25:38,41300.0,1200.0,1109400.0
201,2021-10-22 07:25:38,41300.0,1000.0,1108200.0
202,2021-10-22 07:25:38,41300.0,100.0,1107200.0
203,2021-10-22 07:25:38,41300.0,1300.0,1107100.0
204,2021-10-22 07:25:36,41300.0,700.0,1105800.0
205,2021-10-22 07:25:36,41300.0,300.0,1105100.0
206,2021-10-22 07:25:36,41300.0,100.0,1104800.0
207,2021-10-22 07:25:36,41300.0,1000.0,1104700.0
208,2021-10-22 07:25:36,41300.0,500.0,1103700.0
209,2021-10-22 07:25:28,41250.0,5000.0,1103200.0
210,2021-10-22 07:25:28,41250.0,1000.0,1098200.0
211,2021-10-22 07:25:28,41250.0,3200.0,1097200.0
212,2021-10-22 07:25:21,41200.0,300.0,1094000.0
213,2021-10-22 07:25:20,41200.0,4000.0,1093700.0
214,2021-10-22 07:25:17,41200.0,300.0,1089700.0
215,2021-10-22 07:25:17,41200.0,1000.0,1089400.0
216,2021-10-22 07:25:17,41200.0,100.0,1088400.0
217,2021-10-22 07:25:17,41200.0,100.0,1088300.0
218,2021-10-22 07:25:17,41200.0,500.0,1088200.0
219,2021-10-22 07:25:17,41200.0,300.0,1087700.0
220,2021-10-22 07:25:17,41200.0,100.0,1087400.0
221,2021-10-22 07:25:17,41200.0,200.0,1087300.0
222,2021-10-22 07:25:17,41200.0,5000.0,1087100.0
223,2021-10-22 07:25:17,41200.0,900.0,1082100.0
224,2021-10-22 07:25:11,41200.0,100.0,1081200.0
225,2021-10-22 07:25:11,41200.0,100.0,1081100.0
226,2021-10-22 07:24:31,41150.0,1000.0,1081000.0
227,2021-10-22 07:23:50,41150.0,20000.0,1080000.0
228,2021-10-22 07:23:50,41150.0,1100.0,1060000.0
229,2021-10-22 07:23:47,41150.0,3900.0,1058900.0
230,2021-10-22 07:23:47,41150.0,500.0,1055000.0
231,2021-10-22 07:23:33,41100.0,300.0,1054500.0
232,2021-10-22 07:23:33,41100.0,200.0,1054200.0
233,2021-10-22 07:23:33,41100.0,300.0,1054000.0
234,2021-10-22 07:23:33,41100.0,400.0,1053700.0
235,2021-10-22 07:23:03,41100.0,500.0,1053300.0
236,2021-10-22 07:22:48,41100.0,1200.0,1052800.0
237,2021-10-22 07:22:45,41100.0,900.0,1051600.0
238,2021-10-22 07:22:45,41100.0,100.0,1050700.0
239,2021-10-22 07:22:41,41100.0,400.0,1050600.0
240,2021-10-22 07:22:41,41100.0,100.0,1050200.0
241,2021-10-22 07:22:41,41100.0,500.0,1050100.0
242,2021-10-22 07:21:57,41100.0,2000.0,1049600.0
243,2021-10-22 07:21:57,41100.0,500.0,1047600.0
244,2021-10-22 07:21:57,41100.0,2500.0,1047100.0
245,2021-10-22 07:21:44,41100.0,100.0,1044600.0
246,2021-10-22 07:21:44,41100.0,100.0,1044500.0
247,2021-10-22 07:21:44,41100.0,800.0,1044400.0
248,2021-10-22 07:21:41,41100.0,100.0,1043600.0
249,2021-10-22 07:21:17,41100.0,100.0,1043500.0
250,2021-10-22 07:21:17,41100.0,100.0,1043400.0
251,2021-10-22 07:21:17,41100.0,300.0,1043300.0
252,2021-10-22 07:19:19,41100.0,100.0,1043000.0
253,2021-10-22 07:19:03,41100.0,700.0,1042900.0
254,2021-10-22 07:18:40,41100.0,300.0,1042200.0
255,2021-10-22 07:18:40,41100.0,300.0,1041900.0
256,2021-10-22 07:18:29,41100.0,700.0,1041600.0
257,2021-10-22 07:18:29,41100.0,300.0,1040900.0
258,2021-10-22 07:18:19,41100.0,100.0,1040600.0
259,2021-10-22 07:18:04,41100.0,100.0,1040500.0
260,2021-10-22 07:17:48,41100.0,2000.0,1040400.0
261,2021-10-22 07:17:18,41100.0,3900.0,1038400.0
262,2021-10-22 07:17:17,41100.0,1500.0,1034500.0
263,2021-10-22 07:17:06,41100.0,100.0,1033000.0
264,2021-10-22 07:16:28,41100.0,2000.0,1032900.0
265,2021-10-22 07:16:28,41100.0,1000.0,1030900.0
266,2021-10-22 07:16:28,41100.0,1000.0,1029900.0
267,2021-10-22 07:16:28,41100.0,2000.0,1028900.0
268,2021-10-22 07:16:28,41100.0,100.0,1026900.0
269,2021-10-22 07:16:28,41100.0,200.0,1026800.0
270,2021-10-22 07:16:28,41100.0,200.0,1026600.0
271,2021-10-22 07:16:28,41100.0,600.0,1026400.0
272,2021-10-22 07:16:28,41100.0,100.0,1025800.0
273,2021-10-22 07:16:28,41100.0,4900.0,1025700.0
274,2021-10-22 07:16:28,41150.0,400.0,1020800.0
275,2021-10-22 07:16:21,41150.0,400.0,1020400.0
276,2021-10-22 07:16:07,41150.0,200.0,1020000.0
277,2021-10-22 07:16:07,41150.0,100.0,1019800.0
278,2021-10-22 07:16:04,41150.0,500.0,1019700.0
279,2021-10-22 07:15:50,41150.0,400.0,1019200.0
280,2021-10-22 07:15:35,41150.0,100.0,1018800.0
281,2021-10-22 07:15:33,41200.0,900.0,1018700.0
282,2021-10-22 07:15:33,41200.0,100.0,1017800.0
283,2021-10-22 07:15:26,41150.0,500.0,1017700.0
284,2021-10-22 07:15:19,41150.0,500.0,1017200.0
285,2021-10-22 07:15:15,41150.0,100.0,1016700.0
286,2021-10-22 07:15:13,41150.0,700.0,1016600.0
287,2021-10-22 07:14:44,41150.0,1800.0,1015900.0
288,2021-10-22 07:14:44,41150.0,200.0,1014100.0
289,2021-10-22 07:14:34,41150.0,500.0,1013900.0
290,2021-10-22 07:13:31,41150.0,1000.0,1013400.0
291,2021-10-22 07:13:31,41150.0,100.0,1012400.0
292,2021-10-22 07:13:31,41150.0,1400.0,1012300.0
293,2021-10-22 07:13:12,41100.0,300.0,1010900.0
294,2021-10-22 07:12:43,41150.0,1900.0,1010600.0
295,2021-10-22 07:12:14,41150.0,1000.0,1008700.0
296,2021-10-22 07:12:13,41150.0,500.0,1007700.0
297,2021-10-22 07:12:13,41150.0,100.0,1007200.0
298,2021-10-22 07:12:13,41150.0,100.0,1007100.0
299,2021-10-22 07:12:08,41200.0,100.0,1007000.0
300,2021-10-22 07:12:08,41200.0,900.0,1006900.0
301,2021-10-22 07:12:02,41200.0,500.0,1006000.0
302,2021-10-22 07:11:57,41200.0,100.0,1005500.0
303,2021-10-22 07:11:41,41200.0,1800.0,1005400.0
304,2021-10-22 07:11:41,41200.0,1000.0,1003600.0
305,2021-10-22 07:11:41,41200.0,700.0,1002600.0
306,2021-10-22 07:11:39,41200.0,100.0,1001900.0
307,2021-10-22 07:11:30,41200.0,1000.0,1001800.0
308,2021-10-22 07:11:27,41200.0,200.0,1000800.0
309,2021-10-22 07:11:27,41200.0,600.0,1000600.0
310,2021-10-22 07:11:27,41200.0,500.0,1000000.0
311,2021-10-22 07:11:27,41200.0,200.0,999500.0
312,2021-10-22 07:11:27,41200.0,600.0,999300.0
313,2021-10-22 07:11:27,41200.0,600.0,998700.0
314,2021-10-22 07:11:27,41200.0,2300.0,998100.0
315,2021-10-22 07:10:49,41200.0,1000.0,995800.0
316,2021-10-22 07:10:36,41200.0,1000.0,994800.0
317,2021-10-22 07:10:31,41250.0,300.0,993800.0
318,2021-10-22 07:10:27,41200.0,100.0,993500.0
319,2021-10-22 07:09:59,41200.0,500.0,993400.0
320,2021-10-22 07:09:58,41200.0,100.0,992900.0
321,2021-10-22 07:09:43,41300.0,100.0,992800.0
322,2021-10-22 07:09:43,41300.0,200.0,992700.0
323,2021-10-22 07:09:43,41300.0,7700.0,992500.0
324,2021-10-22 07:09:40,41300.0,1000.0,984800.0
325,2021-10-22 07:09:30,41300.0,100.0,983800.0
326,2021-10-22 07:09:16,41300.0,100.0,983700.0
327,2021-10-22 07:09:16,41300.0,1100.0,983600.0
328,2021-10-22 07:09:12,41300.0,100.0,982500.0
329,2021-10-22 07:08:51,41300.0,100.0,982400.0
330,2021-10-22 07:08:37,41300.0,200.0,982300.0
331,2021-10-22 07:08:37,41300.0,400.0,982100.0
332,2021-10-22 07:08:37,41300.0,1400.0,981700.0
333,2021-10-22 07:08:33,41300.0,100.0,980300.0
334,2021-10-22 07:07:54,41400.0,100.0,980200.0
335,2021-10-22 07:07:54,41400.0,400.0,980100.0
336,2021-10-22 07:07:30,41400.0,600.0,979700.0
337,2021-10-22 07:07:30,41400.0,100.0,979100.0
338,2021-10-22 07:07:30,41400.0,100.0,979000.0
339,2021-10-22 07:07:30,41400.0,100.0,978900.0
340,2021-10-22 07:07:30,41400.0,500.0,978800.0
341,2021-10-22 07:07:30,41400.0,100.0,978300.0
342,2021-10-22 07:07:30,41400.0,100.0,978200.0
343,2021-10-22 07:07:30,41400.0,900.0,978100.0
344,2021-10-22 07:07:30,41400.0,200.0,977200.0
345,2021-10-22 07:07:30,41400.0,1300.0,977000.0
346,2021-10-22 07:07:19,41400.0,1800.0,975700.0
347,2021-10-22 07:07:06,41400.0,1900.0,973900.0
348,2021-10-22 07:07:06,41400.0,100.0,972000.0
349,2021-10-22 07:06:54,41400.0,400.0,971900.0
350,2021-10-22 07:06:46,41400.0,200.0,971500.0
351,2021-10-22 07:06:17,41400.0,300.0,971300.0
352,2021-10-22 07:06:17,41400.0,500.0,971000.0
353,2021-10-22 07:06:17,41400.0,300.0,970500.0
354,2021-10-22 07:06:17,41400.0,400.0,970200.0
355,2021-10-22 07:06:17,41400.0,1000.0,969800.0
356,2021-10-22 07:06:17,41400.0,200.0,968800.0
357,2021-10-22 07:06:17,41400.0,1000.0,968600.0
358,2021-10-22 07:06:17,41400.0,1000.0,967600.0
359,2021-10-22 07:06:17,41400.0,300.0,966600.0
360,2021-10-22 07:06:12,41400.0,1000.0,966300.0
361,2021-10-22 07:05:55,41400.0,100.0,965300.0
362,2021-10-22 07:05:49,41400.0,1600.0,965200.0
363,2021-10-22 07:05:49,41400.0,1100.0,963600.0
364,2021-10-22 07:05:24,41400.0,300.0,962500.0
365,2021-10-22 07:04:58,41400.0,600.0,962200.0
366,2021-10-22 07:04:58,41400.0,200.0,961600.0
367,2021-10-22 07:04:58,41400.0,500.0,961400.0
368,2021-10-22 07:04:58,41400.0,5000.0,960900.0
369,2021-10-22 07:04:58,41400.0,400.0,955900.0
370,2021-10-22 07:04:58,41400.0,100.0,955500.0
371,2021-10-22 07:04:58,41400.0,100.0,955400.0
372,2021-10-22 07:04:58,41400.0,400.0,955300.0
373,2021-10-22 07:04:58,41300.0,2700.0,954900.0
374,2021-10-22 07:04:45,41300.0,300.0,952200.0
375,2021-10-22 07:04:45,41300.0,100.0,951900.0
376,2021-10-22 07:04:45,41300.0,200.0,951800.0
377,2021-10-22 07:04:45,41300.0,500.0,951600.0
378,2021-10-22 07:04:45,41300.0,2000.0,951100.0
379,2021-10-22 07:04:45,41300.0,1000.0,949100.0
380,2021-10-22 07:04:45,41300.0,1100.0,948100.0
381,2021-10-22 07:04:45,41300.0,3000.0,947000.0
382,2021-10-22 07:04:45,41300.0,5000.0,944000.0
383,2021-10-22 07:04:45,41300.0,5000.0,939000.0
384,2021-10-22 07:04:45,41300.0,1000.0,934000.0
385,2021-10-22 07:04:45,41300.0,200.0,933000.0
386,2021-10-22 07:04:45,41300.0,100.0,932800.0
387,2021-10-22 07:04:45,41300.0,800.0,932700.0
388,2021-10-22 07:04:45,41250.0,1000.0,931900.0
389,2021-10-22 07:04:45,41250.0,200.0,930900.0
390,2021-10-22 07:04:45,41200.0,100.0,930700.0
391,2021-10-22 07:04:45,41200.0,6000.0,930600.0
392,2021-10-22 07:04:45,41200.0,100.0,924600.0
393,2021-10-22 07:04:45,41200.0,200.0,924500.0
394,2021-10-22 07:04:45,41200.0,3100.0,924300.0
395,2021-10-22 07:04:30,41200.0,100.0,921200.0
396,2021-10-22 07:04:25,41200.0,200.0,921100.0
397,2021-10-22 07:04:17,41200.0,1000.0,920900.0
398,2021-10-22 07:04:16,41200.0,5000.0,919900.0
399,2021-10-22 07:04:13,41200.0,2800.0,914900.0
400,2021-10-22 07:03:24,41150.0,200.0,912100.0
401,2021-10-22 07:03:24,41150.0,600.0,911900.0
402,2021-10-22 07:03:16,41100.0,100.0,911300.0
403,2021-10-22 07:02:53,41150.0,1000.0,911200.0
404,2021-10-22 07:02:45,41100.0,1000.0,910200.0
405,2021-10-22 07:02:36,41100.0,400.0,909200.0
406,2021-10-22 07:02:33,41100.0,2000.0,908800.0
407,2021-10-22 07:02:29,41100.0,100.0,906800.0
408,2021-10-22 07:02:26,41100.0,100.0,906700.0
409,2021-10-22 07:02:16,41100.0,1000.0,906600.0
410,2021-10-22 07:02:10,41100.0,100.0,905600.0
411,2021-10-22 07:02:07,41000.0,200.0,905500.0
412,2021-10-22 07:02:07,41000.0,300.0,905300.0
413,2021-10-22 07:01:53,41000.0,200.0,905000.0
414,2021-10-22 07:01:53,41000.0,5000.0,904800.0
415,2021-10-22 07:01:53,41000.0,2000.0,899800.0
416,2021-10-22 07:01:53,41000.0,100.0,897800.0
417,2021-10-22 07:01:53,41000.0,1000.0,897700.0
418,2021-10-22 07:01:53,41000.0,2000.0,896700.0
419,2021-10-22 07:01:53,41000.0,200.0,894700.0
420,2021-10-22 07:01:53,41000.0,500.0,894500.0
421,2021-10-22 07:01:53,41000.0,100.0,894000.0
422,2021-10-22 07:01:53,41000.0,100.0,893900.0
423,2021-10-22 07:01:53,41000.0,400.0,893800.0
424,2021-10-22 07:01:51,41100.0,100.0,893400.0
425,2021-10-22 07:01:39,41100.0,1000.0,893300.0
426,2021-10-22 07:01:39,41100.0,1200.0,892300.0
427,2021-10-22 07:01:39,41100.0,2000.0,891100.0
428,2021-10-22 07:01:39,41100.0,300.0,889100.0
429,2021-10-22 07:01:39,41100.0,100.0,888800.0
430,2021-10-22 07:01:39,41100.0,400.0,888700.0
431,2021-10-22 07:01:24,41100.0,1000.0,888300.0
432,2021-10-22 07:01:07,41100.0,100.0,887300.0
433,2021-10-22 07:00:38,41100.0,5000.0,887200.0
434,2021-10-22 07:00:35,41100.0,100.0,882200.0
435,2021-10-22 07:00:25,41100.0,300.0,882100.0
436,2021-10-22 07:00:21,41100.0,500.0,881800.0
437,2021-10-22 06:59:53,41100.0,700.0,881300.0
438,2021-10-22 06:59:53,41100.0,200.0,880600.0
439,2021-10-22 06:59:53,41100.0,600.0,880400.0
440,2021-10-22 06:59:53,41100.0,10000.0,879800.0
441,2021-10-22 06:59:53,41100.0,500.0,869800.0
442,2021-10-22 06:59:53,41100.0,1000.0,869300.0
443,2021-10-22 06:59:42,41200.0,2000.0,868300.0
444,2021-10-22 06:59:38,41200.0,900.0,866300.0
445,2021-10-22 06:59:37,41200.0,1300.0,865400.0
446,2021-10-22 06:59:29,41200.0,600.0,864100.0
447,2021-10-22 06:59:21,41200.0,500.0,863500.0
448,2021-10-22 06:59:18,41200.0,200.0,863000.0
449,2021-10-22 06:59:09,41200.0,5000.0,862800.0
450,2021-10-22 06:59:03,41200.0,600.0,857800.0
451,2021-10-22 06:58:54,41200.0,100.0,857200.0
452,2021-10-22 06:58:47,41200.0,200.0,857100.0
453,2021-10-22 06:58:47,41200.0,100.0,856900.0
454,2021-10-22 06:58:47,41200.0,5000.0,856800.0
455,2021-10-22 06:58:47,41200.0,400.0,851800.0
456,2021-10-22 06:58:47,41200.0,200.0,851400.0
457,2021-10-22 06:58:47,41200.0,100.0,851200.0
458,2021-10-22 06:58:47,41200.0,600.0,851100.0
459,2021-10-22 06:58:44,41200.0,400.0,850500.0
460,2021-10-22 06:58:44,41200.0,1000.0,850100.0
461,2021-10-22 06:58:44,41200.0,29900.0,849100.0
462,2021-10-22 06:58:44,41250.0,5000.0,819200.0
463,2021-10-22 06:58:44,41250.0,100.0,814200.0
464,2021-10-22 06:58:44,41250.0,800.0,814100.0
465,2021-10-22 06:58:44,41250.0,3200.0,813300.0
466,2021-10-22 06:58:34,41250.0,1000.0,810100.0
467,2021-10-22 06:58:14,41300.0,200.0,809100.0
468,2021-10-22 06:58:05,41250.0,100.0,808900.0
469,2021-10-22 06:57:57,41250.0,700.0,808800.0
470,2021-10-22 06:57:57,41250.0,100.0,808100.0
471,2021-10-22 06:57:57,41250.0,200.0,808000.0
472,2021-10-22 06:57:33,41300.0,1000.0,807800.0
473,2021-10-22 06:57:28,41300.0,100.0,806800.0
474,2021-10-22 06:57:21,41300.0,1000.0,806700.0
475,2021-10-22 06:57:21,41300.0,400.0,805700.0
476,2021-10-22 06:57:21,41300.0,600.0,805300.0
477,2021-10-22 06:57:16,41250.0,100.0,804700.0
478,2021-10-22 06:57:06,41300.0,300.0,804600.0
479,2021-10-22 06:57:06,41300.0,100.0,804300.0
480,2021-10-22 06:57:06,41300.0,100.0,804200.0
481,2021-10-22 06:56:56,41300.0,100.0,804100.0
482,2021-10-22 06:56:56,41300.0,100.0,804000.0
483,2021-10-22 06:56:56,41300.0,100.0,803900.0
484,2021-10-22 06:56:56,41300.0,1600.0,803800.0
485,2021-10-22 06:56:56,41300.0,200.0,802200.0
486,2021-10-22 06:56:56,41300.0,100.0,802000.0
487,2021-10-22 06:56:56,41300.0,1000.0,801900.0
488,2021-10-22 06:56:56,41300.0,5000.0,800900.0
489,2021-10-22 06:56:51,41300.0,2000.0,795900.0
490,2021-10-22 06:56:48,41350.0,200.0,793900.0
491,2021-10-22 06:56:44,41350.0,100.0,793700.0
492,2021-10-22 06:56:40,41350.0,100.0,793600.0
493,2021-10-22 06:56:40,41350.0,500.0,793500.0
494,2021-10-22 06:56:40,41350.0,100.0,793000.0
495,2021-10-22 06:56:40,41350.0,300.0,792900.0
496,2021-10-22 06:56:40,41350.0,1000.0,792600.0
497,2021-10-22 06:56:40,41350.0,3400.0,791600.0
498,2021-10-22 06:56:40,41350.0,4900.0,788200.0
499,2021-10-22 06:56:30,41400.0,200.0,783300.0
500,2021-10-22 06:56:22,41400.0,100.0,783100.0
501,2021-10-22 06:56:21,41400.0,100.0,783000.0
502,2021-10-22 06:56:12,41350.0,100.0,782900.0
503,2021-10-22 06:56:12,41350.0,500.0,782800.0
504,2021-10-22 06:56:12,41350.0,1400.0,782300.0
505,2021-10-22 06:56:08,41350.0,500.0,780900.0
506,2021-10-22 06:55:58,41350.0,20000.0,780400.0
507,2021-10-22 06:55:56,41400.0,100.0,760400.0
508,2021-10-22 06:55:52,41400.0,200.0,760300.0
509,2021-10-22 06:55:52,41400.0,200.0,760100.0
510,2021-10-22 06:55:52,41400.0,1500.0,759900.0
511,2021-10-22 06:55:52,41400.0,500.0,758400.0
512,2021-10-22 06:55:36,41400.0,100.0,757900.0
513,2021-10-22 06:55:36,41400.0,1000.0,757800.0
514,2021-10-22 06:55:36,41400.0,100.0,756800.0
515,2021-10-22 06:55:36,41400.0,100.0,756700.0
516,2021-10-22 06:55:36,41400.0,300.0,756600.0
517,2021-10-22 06:55:36,41400.0,100.0,756300.0
518,2021-10-22 06:55:36,41400.0,500.0,756200.0
519,2021-10-22 06:55:36,41400.0,300.0,755700.0
520,2021-10-22 06:55:36,41400.0,100.0,755400.0
521,2021-10-22 06:55:36,41400.0,100.0,755300.0
522,2021-10-22 06:55:36,41400.0,800.0,755200.0
523,2021-10-22 06:55:36,41400.0,5000.0,754400.0
524,2021-10-22 06:55:36,41400.0,500.0,749400.0
525,2021-10-22 06:55:36,41400.0,500.0,748900.0
526,2021-10-22 06:55:36,41400.0,5000.0,748400.0
527,2021-10-22 06:55:36,41400.0,300.0,743400.0
528,2021-10-22 06:55:36,41400.0,100.0,743100.0
529,2021-10-22 06:55:36,41400.0,2500.0,743000.0
530,2021-10-22 06:55:36,41400.0,800.0,740500.0
531,2021-10-22 06:55:36,41400.0,1500.0,739700.0
532,2021-10-22 06:55:36,41400.0,300.0,738200.0
533,2021-10-22 06:55:35,41450.0,200.0,737900.0
534,2021-10-22 06:55:35,41450.0,100.0,737700.0
535,2021-10-22 06:55:35,41450.0,300.0,737600.0
536,2021-10-22 06:55:09,41450.0,700.0,737300.0
537,2021-10-22 06:55:09,41450.0,300.0,736600.0
538,2021-10-22 06:55:09,41450.0,2000.0,736300.0
539,2021-10-22 06:55:09,41450.0,200.0,734300.0
540,2021-10-22 06:55:09,41450.0,300.0,734100.0
541,2021-10-22 06:55:08,41450.0,200.0,733800.0
542,2021-10-22 06:55:05,41450.0,100.0,733600.0
543,2021-10-22 06:55:03,41450.0,1000.0,733500.0
544,2021-10-22 06:55:03,41450.0,100.0,732500.0
545,2021-10-22 06:54:57,41450.0,1800.0,732400.0
546,2021-10-22 06:54:57,41450.0,100.0,730600.0
547,2021-10-22 06:54:57,41450.0,500.0,730500.0
548,2021-10-22 06:54:57,41450.0,100.0,730000.0
549,2021-10-22 06:54:41,41400.0,100.0,729900.0
550,2021-10-22 06:54:40,41450.0,100.0,729800.0
551,2021-10-22 06:54:36,41450.0,200.0,729700.0
552,2021-10-22 06:54:26,41400.0,100.0,729500.0
553,2021-10-22 06:54:26,41400.0,100.0,729400.0
554,2021-10-22 06:54:25,41400.0,700.0,729300.0
555,2021-10-22 06:54:25,41400.0,100.0,728600.0
556,2021-10-22 06:54:25,41400.0,1400.0,728500.0
557,2021-10-22 06:54:23,41450.0,600.0,727100.0
558,2021-10-22 06:54:23,41450.0,300.0,726500.0
559,2021-10-22 06:54:23,41450.0,1000.0,726200.0
560,2021-10-22 06:54:23,41450.0,1000.0,725200.0
561,2021-10-22 06:54:23,41450.0,1100.0,724200.0
562,2021-10-22 06:54:15,41400.0,300.0,723100.0
563,2021-10-22 06:53:55,41400.0,1000.0,722800.0
564,2021-10-22 06:53:53,41400.0,100.0,721800.0
565,2021-10-22 06:53:49,41450.0,1900.0,721700.0
566,2021-10-22 06:53:49,41450.0,500.0,719800.0
567,2021-10-22 06:53:49,41450.0,100.0,719300.0
568,2021-10-22 06:53:49,41450.0,300.0,719200.0
569,2021-10-22 06:53:49,41450.0,200.0,718900.0
570,2021-10-22 06:53:48,41450.0,100.0,718700.0
571,2021-10-22 06:53:48,41450.0,100.0,718600.0
572,2021-10-22 06:53:45,41450.0,300.0,718500.0
573,2021-10-22 06:53:29,41450.0,300.0,718200.0
574,2021-10-22 06:53:27,41450.0,200.0,717900.0
575,2021-10-22 06:53:27,41450.0,100.0,717700.0
576,2021-10-22 06:53:27,41450.0,1000.0,717600.0
577,2021-10-22 06:53:27,41450.0,700.0,716600.0
578,2021-10-22 06:53:25,41450.0,300.0,715900.0
579,2021-10-22 06:53:25,41450.0,500.0,715600.0
580,2021-10-22 06:53:25,41450.0,100.0,715100.0
581,2021-10-22 06:53:25,41450.0,400.0,715000.0
582,2021-10-22 06:53:25,41450.0,200.0,714600.0
583,2021-10-22 06:53:25,41450.0,700.0,714400.0
584,2021-10-22 06:53:25,41450.0,1000.0,713700.0
585,2021-10-22 06:53:25,41450.0,600.0,712700.0
586,2021-10-22 06:53:22,41450.0,100.0,712100.0
587,2021-10-22 06:53:19,41450.0,300.0,712000.0
588,2021-10-22 06:53:19,41450.0,100.0,711700.0
589,2021-10-22 06:53:02,41450.0,100.0,711600.0
590,2021-10-22 06:53:02,41450.0,500.0,711500.0
591,2021-10-22 06:52:48,41450.0,3000.0,711000.0
592,2021-10-22 06:52:47,41450.0,200.0,708000.0
593,2021-10-22 06:52:31,41400.0,100.0,707800.0
594,2021-10-22 06:52:28,41400.0,2100.0,707700.0
595,2021-10-22 06:52:28,41400.0,2900.0,705600.0
596,2021-10-22 06:52:15,41450.0,300.0,702700.0
597,2021-10-22 06:52:15,41450.0,5000.0,702400.0
598,2021-10-22 06:52:09,41450.0,800.0,697400.0
599,2021-10-22 06:51:53,41450.0,100.0,696600.0
600,2021-10-22 06:51:53,41450.0,500.0,696500.0
601,2021-10-22 06:51:53,41450.0,500.0,696000.0
602,2021-10-22 06:51:53,41450.0,100.0,695500.0
603,2021-10-22 06:51:51,41450.0,1400.0,695400.0
604,2021-10-22 06:51:51,41450.0,100.0,694000.0
605,2021-10-22 06:51:51,41450.0,500.0,693900.0
606,2021-10-22 06:51:51,41450.0,500.0,693400.0
607,2021-10-22 06:51:48,41450.0,300.0,692900.0
608,2021-10-22 06:51:40,41450.0,400.0,692600.0
609,2021-10-22 06:51:40,41450.0,500.0,692200.0
610,2021-10-22 06:51:35,41400.0,100.0,691700.0
611,2021-10-22 06:51:35,41400.0,900.0,691600.0
612,2021-10-22 06:51:31,41400.0,300.0,690700.0
613,2021-10-22 06:51:26,41400.0,500.0,690400.0
614,2021-10-22 06:51:17,41400.0,200.0,689900.0
615,2021-10-22 06:51:11,41450.0,500.0,689700.0
616,2021-10-22 06:51:11,41450.0,1000.0,689200.0
617,2021-10-22 06:51:11,41450.0,1200.0,688200.0
618,2021-10-22 06:51:11,41450.0,500.0,687000.0
619,2021-10-22 06:51:11,41400.0,500.0,686500.0
620,2021-10-22 06:51:11,41400.0,1300.0,686000.0
621,2021-10-22 06:51:04,41400.0,2000.0,684700.0
622,2021-10-22 06:51:02,41400.0,1000.0,682700.0
623,2021-10-22 06:51:00,41350.0,200.0,681700.0
624,2021-10-22 06:50:56,41400.0,600.0,681500.0
625,2021-10-22 06:50:51,41350.0,7900.0,680900.0
626,2021-10-22 06:50:47,41400.0,100.0,673000.0
627,2021-10-22 06:50:41,41400.0,100.0,672900.0
628,2021-10-22 06:50:40,41400.0,500.0,672800.0
629,2021-10-22 06:50:40,41400.0,100.0,672300.0
630,2021-10-22 06:50:40,41400.0,400.0,672200.0
631,2021-10-22 06:50:32,41400.0,100.0,671800.0
632,2021-10-22 06:50:32,41400.0,100.0,671700.0
633,2021-10-22 06:50:25,41400.0,300.0,671600.0
634,2021-10-22 06:50:25,41400.0,4700.0,671300.0
635,2021-10-22 06:50:06,41400.0,400.0,666600.0
636,2021-10-22 06:50:04,41400.0,200.0,666200.0
637,2021-10-22 06:50:04,41400.0,2000.0,666000.0
638,2021-10-22 06:50:02,41400.0,1000.0,664000.0
639,2021-10-22 06:50:01,41400.0,100.0,663000.0
640,2021-10-22 06:50:01,41400.0,1600.0,662900.0
641,2021-10-22 06:50:00,41400.0,200.0,661300.0
642,2021-10-22 06:49:58,41400.0,100.0,661100.0
643,2021-10-22 06:49:58,41400.0,200.0,661000.0
644,2021-10-22 06:49:40,41400.0,100.0,660800.0
645,2021-10-22 06:49:40,41400.0,100.0,660700.0
646,2021-10-22 06:49:37,41400.0,100.0,660600.0
647,2021-10-22 06:49:37,41400.0,300.0,660500.0
648,2021-10-22 06:49:37,41400.0,200.0,660200.0
649,2021-10-22 06:49:14,41400.0,2000.0,660000.0
650,2021-10-22 06:49:12,41400.0,7800.0,658000.0
651,2021-10-22 06:49:12,41400.0,300.0,650200.0
652,2021-10-22 06:49:12,41400.0,100.0,649900.0
653,2021-10-22 06:49:12,41400.0,200.0,649800.0
654,2021-10-22 06:49:12,41400.0,200.0,649600.0
655,2021-10-22 06:49:12,41400.0,1700.0,649400.0
656,2021-10-22 06:49:12,41300.0,4000.0,647700.0
657,2021-10-22 06:49:12,41300.0,200.0,643700.0
658,2021-10-22 06:49:12,41300.0,500.0,643500.0
659,2021-10-22 06:49:12,41300.0,200.0,643000.0
660,2021-10-22 06:49:12,41300.0,100.0,642800.0
661,2021-10-22 06:49:09,41300.0,100.0,642700.0
662,2021-10-22 06:49:09,41300.0,200.0,642600.0
663,2021-10-22 06:49:09,41300.0,1700.0,642400.0
664,2021-10-22 06:49:08,41300.0,600.0,640700.0
665,2021-10-22 06:49:08,41300.0,200.0,640100.0
666,2021-10-22 06:49:02,41300.0,100.0,639900.0
667,2021-10-22 06:48:56,41200.0,100.0,639800.0
668,2021-10-22 06:48:54,41300.0,200.0,639700.0
669,2021-10-22 06:48:53,41300.0,1000.0,639500.0
670,2021-10-22 06:48:49,41300.0,5000.0,638500.0
671,2021-10-22 06:48:40,41300.0,1200.0,633500.0
672,2021-10-22 06:48:40,41300.0,600.0,632300.0
673,2021-10-22 06:48:40,41300.0,200.0,631700.0
674,2021-10-22 06:48:40,41300.0,300.0,631500.0
675,2021-10-22 06:48:40,41250.0,600.0,631200.0
676,2021-10-22 06:48:40,41200.0,100.0,630600.0
677,2021-10-22 06:48:40,41200.0,2000.0,630500.0
678,2021-10-22 06:48:07,41000.0,200.0,628500.0
679,2021-10-22 06:48:06,41200.0,3000.0,628300.0
680,2021-10-22 06:48:06,41200.0,1200.0,625300.0
681,2021-10-22 06:48:06,41200.0,600.0,624100.0
682,2021-10-22 06:48:06,41200.0,6400.0,623500.0
683,2021-10-22 06:48:06,41200.0,500.0,617100.0
684,2021-10-22 06:48:06,41200.0,2000.0,616600.0
685,2021-10-22 06:48:06,41200.0,1800.0,614600.0
686,2021-10-22 06:48:06,41200.0,100.0,612800.0
687,2021-10-22 06:48:06,41200.0,100.0,612700.0
688,2021-10-22 06:48:06,41200.0,200.0,612600.0
689,2021-10-22 06:48:06,41200.0,3400.0,612400.0
690,2021-10-22 06:48:06,41200.0,2000.0,609000.0
691,2021-10-22 06:48:06,41200.0,3000.0,607000.0
692,2021-10-22 06:48:06,41200.0,300.0,604000.0
693,2021-10-22 06:48:06,41200.0,100.0,603700.0
694,2021-10-22 06:48:06,41200.0,1200.0,603600.0
695,2021-10-22 06:48:06,41200.0,5000.0,602400.0
696,2021-10-22 06:48:06,41200.0,600.0,597400.0
697,2021-10-22 06:48:06,41200.0,400.0,596800.0
698,2021-10-22 06:48:06,41200.0,600.0,596400.0
699,2021-10-22 06:48:06,41100.0,700.0,595800.0
700,2021-10-22 06:48:06,41100.0,5000.0,595100.0
701,2021-10-22 06:48:06,41100.0,10000.0,590100.0
702,2021-10-22 06:48:06,41100.0,1800.0,580100.0
703,2021-10-22 06:48:06,41100.0,200.0,578300.0
704,2021-10-22 06:47:54,41050.0,300.0,578100.0
705,2021-10-22 06:47:47,41000.0,100.0,577800.0
706,2021-10-22 06:47:47,41000.0,100.0,577700.0
707,2021-10-22 06:47:47,41000.0,2600.0,577600.0
708,2021-10-22 06:47:47,41000.0,1700.0,575000.0
709,2021-10-22 06:47:39,41000.0,500.0,573300.0
710,2021-10-22 06:47:30,41000.0,200.0,572800.0
711,2021-10-22 06:47:25,41000.0,8300.0,572600.0
712,2021-10-22 06:47:21,41000.0,1000.0,564300.0
713,2021-10-22 06:47:21,41000.0,100.0,563300.0
714,2021-10-22 06:47:21,41000.0,100.0,563200.0
715,2021-10-22 06:47:21,41000.0,500.0,563100.0
716,2021-10-22 06:47:19,40950.0,500.0,562600.0
717,2021-10-22 06:47:19,40950.0,500.0,562100.0
718,2021-10-22 06:47:14,41000.0,200.0,561600.0
719,2021-10-22 06:47:12,41000.0,300.0,561400.0
720,2021-10-22 06:47:12,41000.0,100.0,561100.0
721,2021-10-22 06:47:08,41000.0,400.0,561000.0
722,2021-10-22 06:47:05,41000.0,300.0,560600.0
723,2021-10-22 06:47:03,41000.0,500.0,560300.0
724,2021-10-22 06:47:01,41000.0,300.0,559800.0
725,2021-10-22 06:46:59,40950.0,500.0,559500.0
726,2021-10-22 06:46:53,41000.0,100.0,559000.0
727,2021-10-22 06:46:50,41000.0,500.0,558900.0
728,2021-10-22 06:46:48,41000.0,100.0,558400.0
729,2021-10-22 06:46:40,41000.0,100.0,558300.0
730,2021-10-22 06:46:39,41000.0,1000.0,558200.0
731,2021-10-22 06:46:38,41000.0,200.0,557200.0
732,2021-10-22 06:46:35,41000.0,1700.0,557000.0
733,2021-10-22 06:46:32,41000.0,600.0,555300.0
734,2021-10-22 06:46:22,41000.0,100.0,554700.0
735,2021-10-22 06:46:22,41000.0,4000.0,554600.0
736,2021-10-22 06:46:22,41000.0,5000.0,550600.0
737,2021-10-22 06:46:22,41000.0,500.0,545600.0
738,2021-10-22 06:46:22,41000.0,100.0,545100.0
739,2021-10-22 06:46:22,41000.0,700.0,545000.0
740,2021-10-22 06:46:22,41000.0,1000.0,544300.0
741,2021-10-22 06:46:22,41000.0,500.0,543300.0
742,2021-10-22 06:46:22,41000.0,2000.0,542800.0
743,2021-10-22 06:46:22,41000.0,200.0,540800.0
744,2021-10-22 06:46:06,41200.0,1400.0,540600.0
745,2021-10-22 06:46:06,41200.0,200.0,539200.0
746,2021-10-22 06:46:06,41150.0,100.0,539000.0
747,2021-10-22 06:46:06,41100.0,300.0,538900.0
748,2021-10-22 06:45:44,41100.0,200.0,538600.0
749,2021-10-22 06:45:34,41100.0,100.0,538400.0
750,2021-10-22 06:45:33,41100.0,100.0,538300.0
751,2021-10-22 06:45:33,41100.0,500.0,538200.0
752,2021-10-22 06:45:33,41100.0,800.0,537700.0
753,2021-10-22 06:45:30,41100.0,600.0,536900.0
754,2021-10-22 06:45:29,41200.0,500.0,536300.0
755,2021-10-22 06:45:22,41200.0,1200.0,535800.0
756,2021-10-22 06:45:09,41100.0,600.0,534600.0
757,2021-10-22 06:45:09,41150.0,500.0,534000.0
758,2021-10-22 06:44:55,41200.0,100.0,533500.0
759,2021-10-22 06:44:55,41200.0,200.0,533400.0
760,2021-10-22 06:44:51,41000.0,200.0,533200.0
761,2021-10-22 06:44:41,41000.0,100.0,533000.0
762,2021-10-22 06:44:39,41200.0,800.0,532900.0
763,2021-10-22 06:44:39,41200.0,100.0,532100.0
764,2021-10-22 06:44:39,41200.0,100.0,532000.0
765,2021-10-22 06:44:39,41100.0,1000.0,531900.0
766,2021-10-22 06:44:39,41100.0,1000.0,530900.0
767,2021-10-22 06:44:37,41000.0,400.0,529900.0
768,2021-10-22 06:44:31,40950.0,1500.0,529500.0
769,2021-10-22 06:44:31,40950.0,1000.0,528000.0
770,2021-10-22 06:44:31,40950.0,1000.0,527000.0
771,2021-10-22 06:44:31,40950.0,300.0,526000.0
772,2021-10-22 06:44:31,41000.0,700.0,525700.0
773,2021-10-22 06:44:30,41000.0,1000.0,525000.0
774,2021-10-22 06:44:30,41000.0,500.0,524000.0
775,2021-10-22 06:44:30,41000.0,900.0,523500.0
776,2021-10-22 06:44:30,41000.0,200.0,522600.0
777,2021-10-22 06:44:30,41000.0,600.0,522400.0
778,2021-10-22 06:44:30,41000.0,2000.0,521800.0
779,2021-10-22 06:44:30,41000.0,100.0,519800.0
780,2021-10-22 06:44:30,41000.0,200.0,519700.0
781,2021-10-22 06:44:30,41000.0,1000.0,519500.0
782,2021-10-22 06:44:30,41000.0,200.0,518500.0
783,2021-10-22 06:44:30,41000.0,200.0,518300.0
784,2021-10-22 06:44:30,41000.0,200.0,518100.0
785,2021-10-22 06:44:30,41000.0,1000.0,517900.0
786,2021-10-22 06:44:30,41000.0,100.0,516900.0
787,2021-10-22 06:44:30,41000.0,400.0,516800.0
788,2021-10-22 06:44:30,41000.0,700.0,516400.0
789,2021-10-22 06:44:28,41000.0,300.0,515700.0
790,2021-10-22 06:44:28,41000.0,100.0,515400.0
791,2021-10-22 06:44:28,41000.0,200.0,515300.0
792,2021-10-22 06:44:28,41000.0,300.0,515100.0
793,2021-10-22 06:44:28,41000.0,100.0,514800.0
794,2021-10-22 06:44:27,41000.0,100.0,514700.0
795,2021-10-22 06:44:27,41000.0,100.0,514600.0
796,2021-10-22 06:44:27,41000.0,100.0,514500.0
797,2021-10-22 06:44:26,41000.0,100.0,514400.0
798,2021-10-22 06:44:26,41000.0,100.0,514300.0
799,2021-10-22 06:44:26,41000.0,2000.0,514200.0
800,2021-10-22 06:44:26,41000.0,200.0,512200.0
801,2021-10-22 06:44:26,41000.0,600.0,512000.0
802,2021-10-22 06:44:25,41000.0,1400.0,511400.0
803,2021-10-22 06:44:25,41000.0,600.0,510000.0
804,2021-10-22 06:44:23,41000.0,2000.0,509400.0
805,2021-10-22 06:44:19,41000.0,100.0,507400.0
806,2021-10-22 06:44:19,41000.0,300.0,507300.0
807,2021-10-22 06:44:18,41000.0,300.0,507000.0
808,2021-10-22 06:44:18,41000.0,100.0,506700.0
809,2021-10-22 06:44:18,41000.0,100.0,506600.0
810,2021-10-22 06:44:18,41000.0,100.0,506500.0
811,2021-10-22 06:44:18,41000.0,100.0,506400.0
812,2021-10-22 06:44:18,41000.0,2000.0,506300.0
813,2021-10-22 06:44:18,41000.0,2000.0,504300.0
814,2021-10-22 06:44:18,41000.0,1500.0,502300.0
815,2021-10-22 06:44:18,41000.0,700.0,500800.0
816,2021-10-22 06:44:18,41000.0,400.0,500100.0
817,2021-10-22 06:44:18,41000.0,200.0,499700.0
818,2021-10-22 06:44:18,41000.0,2200.0,499500.0
819,2021-10-22 06:44:18,41000.0,200.0,497300.0
820,2021-10-22 06:44:18,41000.0,100.0,497100.0
821,2021-10-22 06:44:15,41000.0,700.0,497000.0
822,2021-10-22 06:44:15,41000.0,200.0,496300.0
823,2021-10-22 06:44:15,41000.0,900.0,496100.0
824,2021-10-22 06:44:15,41000.0,200.0,495200.0
825,2021-10-22 06:44:07,41000.0,1000.0,495000.0
826,2021-10-22 06:44:07,41000.0,3800.0,494000.0
827,2021-10-22 06:44:07,41000.0,100.0,490200.0
828,2021-10-22 06:44:07,41000.0,3000.0,490100.0
829,2021-10-22 06:44:07,41000.0,300.0,487100.0
830,2021-10-22 06:44:07,41000.0,700.0,486800.0
831,2021-10-22 06:44:07,41000.0,1400.0,486100.0
832,2021-10-22 06:44:07,41000.0,700.0,484700.0
833,2021-10-22 06:44:05,41000.0,100.0,484000.0
834,2021-10-22 06:44:04,41000.0,200.0,483900.0
835,2021-10-22 06:44:04,41000.0,200.0,483700.0
836,2021-10-22 06:44:04,41000.0,600.0,483500.0
837,2021-10-22 06:43:55,41000.0,400.0,482900.0
838,2021-10-22 06:43:55,41000.0,100.0,482500.0
839,2021-10-22 06:43:55,41000.0,300.0,482400.0
840,2021-10-22 06:43:55,41000.0,1700.0,482100.0
841,2021-10-22 06:43:55,41000.0,2300.0,480400.0
842,2021-10-22 06:43:53,41000.0,300.0,478100.0
843,2021-10-22 06:43:53,41000.0,400.0,477800.0
844,2021-10-22 06:43:48,41000.0,100.0,477400.0
845,2021-10-22 06:43:48,41000.0,400.0,477300.0
846,2021-10-22 06:43:46,41000.0,2100.0,476900.0
847,2021-10-22 06:43:46,41000.0,800.0,474800.0
848,2021-10-22 06:43:46,41000.0,100.0,474000.0
849,2021-10-22 06:43:46,41000.0,1500.0,473900.0
850,2021-10-22 06:43:34,41000.0,2000.0,472400.0
851,2021-10-22 06:43:31,41000.0,100.0,470400.0
852,2021-10-22 06:43:31,41000.0,400.0,470300.0
853,2021-10-22 06:43:29,41000.0,4300.0,469900.0
854,2021-10-22 06:43:15,41000.0,5000.0,465600.0
855,2021-10-22 06:43:07,41000.0,300.0,460600.0
856,2021-10-22 06:43:07,41000.0,200.0,460300.0
857,2021-10-22 06:43:07,41000.0,300.0,460100.0
858,2021-10-22 06:43:07,41000.0,2200.0,459800.0
859,2021-10-22 06:43:04,41000.0,800.0,457600.0
860,2021-10-22 06:43:04,41000.0,100.0,456800.0
861,2021-10-22 06:43:04,41000.0,1500.0,456700.0
862,2021-10-22 06:43:04,41000.0,100.0,455200.0
863,2021-10-22 06:43:04,41000.0,700.0,455100.0
864,2021-10-22 06:43:04,41000.0,1800.0,454400.0
865,2021-10-22 06:42:53,41000.0,1000.0,452600.0
866,2021-10-22 06:42:52,40950.0,100.0,451600.0
867,2021-10-22 06:42:39,40950.0,100.0,451500.0
868,2021-10-22 06:42:38,41000.0,500.0,451400.0
869,2021-10-22 06:42:31,41000.0,1700.0,450900.0
870,2021-10-22 06:42:31,41000.0,500.0,449200.0
871,2021-10-22 06:42:31,41000.0,800.0,448700.0
872,2021-10-22 06:42:25,40950.0,900.0,447900.0
873,2021-10-22 06:42:20,40950.0,1100.0,447000.0
874,2021-10-22 06:42:20,40950.0,100.0,445900.0
875,2021-10-22 06:42:20,40950.0,400.0,445800.0
876,2021-10-22 06:42:20,40950.0,600.0,445400.0
877,2021-10-22 06:42:20,40950.0,700.0,444800.0
878,2021-10-22 06:42:08,40950.0,400.0,444100.0
879,2021-10-22 06:42:06,40950.0,100.0,443700.0
880,2021-10-22 06:41:54,40950.0,100.0,443600.0
881,2021-10-22 06:41:32,40950.0,200.0,443500.0
882,2021-10-22 06:41:23,40900.0,100.0,443300.0
883,2021-10-22 06:41:21,40900.0,100.0,443200.0
884,2021-10-22 06:41:20,40900.0,400.0,443100.0
885,2021-10-22 06:41:20,40900.0,100.0,442700.0
886,2021-10-22 06:41:20,40900.0,3500.0,442600.0
887,2021-10-22 06:41:20,40900.0,200.0,439100.0
888,2021-10-22 06:41:20,40900.0,1000.0,438900.0
889,2021-10-22 06:41:20,40900.0,100.0,437900.0
890,2021-10-22 06:41:20,40900.0,100.0,437800.0
891,2021-10-22 06:41:20,40900.0,1000.0,437700.0
892,2021-10-22 06:41:20,40900.0,100.0,436700.0
893,2021-10-22 06:41:20,40900.0,200.0,436600.0
894,2021-10-22 06:41:20,40900.0,100.0,436400.0
895,2021-10-22 06:41:20,40900.0,9000.0,436300.0
896,2021-10-22 06:41:20,40900.0,100.0,427300.0
897,2021-10-22 06:41:20,40900.0,400.0,427200.0
898,2021-10-22 06:41:20,40900.0,2500.0,426800.0
899,2021-10-22 06:41:20,40900.0,1000.0,424300.0
900,2021-10-22 06:41:20,40900.0,100.0,423300.0
901,2021-10-22 06:41:20,40900.0,100.0,423200.0
902,2021-10-22 06:41:19,40900.0,300.0,423100.0
903,2021-10-22 06:41:19,40900.0,200.0,422800.0
904,2021-10-22 06:41:19,40900.0,800.0,422600.0
905,2021-10-22 06:41:17,40900.0,4200.0,421800.0
906,2021-10-22 06:41:17,40900.0,800.0,417600.0
907,2021-10-22 06:41:14,40900.0,5000.0,416800.0
908,2021-10-22 06:41:05,40900.0,11300.0,411800.0
909,2021-10-22 06:40:52,40900.0,11800.0,400500.0
910,2021-10-22 06:40:44,40900.0,2000.0,388700.0
911,2021-10-22 06:40:44,40900.0,100.0,386700.0
912,2021-10-22 06:40:07,40900.0,300.0,386600.0
913,2021-10-22 06:39:44,40900.0,100.0,386300.0
914,2021-10-22 06:39:43,40850.0,500.0,386200.0
915,2021-10-22 06:39:18,40900.0,100.0,385700.0
916,2021-10-22 06:39:16,40850.0,1000.0,385600.0
917,2021-10-22 06:39:10,40850.0,10000.0,384600.0
918,2021-10-22 06:39:05,40850.0,5000.0,374600.0
919,2021-10-22 06:38:40,40850.0,500.0,369600.0
920,2021-10-22 06:38:31,40800.0,7400.0,369100.0
921,2021-10-22 06:38:05,40800.0,2600.0,361700.0
922,2021-10-22 06:38:05,40800.0,100.0,359100.0
923,2021-10-22 06:38:05,40800.0,500.0,359000.0
924,2021-10-22 06:38:05,40800.0,100.0,358500.0
925,2021-10-22 06:38:05,40800.0,200.0,358400.0
926,2021-10-22 06:38:05,40800.0,200.0,358200.0
927,2021-10-22 06:38:05,40800.0,900.0,358000.0
928,2021-10-22 06:38:05,40800.0,500.0,357100.0
929,2021-10-22 06:38:05,40800.0,3000.0,356600.0
930,2021-10-22 06:38:05,40800.0,500.0,353600.0
931,2021-10-22 06:38:05,40800.0,100.0,353100.0
932,2021-10-22 06:38:05,40750.0,200.0,353000.0
933,2021-10-22 06:38:05,40750.0,1000.0,352800.0
934,2021-10-22 06:38:05,40750.0,100.0,351800.0
935,2021-10-22 06:37:34,40700.0,1300.0,351700.0
936,2021-10-22 06:37:27,40700.0,700.0,350400.0
937,2021-10-22 06:37:27,40700.0,300.0,349700.0
938,2021-10-22 06:37:21,40700.0,600.0,349400.0
939,2021-10-22 06:37:15,40700.0,200.0,348800.0
940,2021-10-22 06:37:04,40700.0,200.0,348600.0
941,2021-10-22 06:35:45,40700.0,100.0,348400.0
942,2021-10-22 06:35:45,40700.0,600.0,348300.0
943,2021-10-22 06:35:42,40700.0,700.0,347700.0
944,2021-10-22 06:35:15,40700.0,200.0,347000.0
945,2021-10-22 06:35:15,40700.0,600.0,346800.0
946,2021-10-22 06:35:15,40700.0,200.0,346200.0
947,2021-10-22 06:35:07,40700.0,500.0,346000.0
948,2021-10-22 06:34:57,40700.0,500.0,345500.0
949,2021-10-22 06:34:57,40700.0,1500.0,345000.0
950,2021-10-22 06:34:57,40700.0,500.0,343500.0
951,2021-10-22 06:34:57,40700.0,300.0,343000.0
952,2021-10-22 06:34:41,40700.0,200.0,342700.0
953,2021-10-22 06:34:41,40700.0,2300.0,342500.0
954,2021-10-22 06:34:37,40700.0,400.0,340200.0
955,2021-10-22 06:33:55,40700.0,100.0,339800.0
956,2021-10-22 06:33:51,40700.0,400.0,339700.0
957,2021-10-22 06:33:13,40700.0,100.0,339300.0
958,2021-10-22 06:33:13,40700.0,500.0,339200.0
959,2021-10-22 06:33:13,40700.0,4400.0,338700.0
960,2021-10-22 06:33:13,40700.0,400.0,334300.0
961,2021-10-22 06:33:13,40700.0,500.0,333900.0
962,2021-10-22 06:33:13,40700.0,100.0,333400.0
963,2021-10-22 06:33:13,40700.0,100.0,333300.0
964,2021-10-22 06:33:13,40700.0,500.0,333200.0
965,2021-10-22 06:33:13,40700.0,200.0,332700.0
966,2021-10-22 06:33:08,40700.0,600.0,332500.0
967,2021-10-22 06:32:47,40650.0,600.0,331900.0
968,2021-10-22 06:32:35,40650.0,300.0,331300.0
969,2021-10-22 06:32:35,40650.0,500.0,331000.0
970,2021-10-22 06:32:21,40700.0,1000.0,330500.0
971,2021-10-22 06:31:53,40650.0,200.0,329500.0
972,2021-10-22 06:31:53,40650.0,100.0,329300.0
973,2021-10-22 06:31:51,40650.0,1300.0,329200.0
974,2021-10-22 06:31:20,40650.0,100.0,327900.0
975,2021-10-22 06:30:53,40650.0,100.0,327800.0
976,2021-10-22 06:30:53,40650.0,300.0,327700.0
977,2021-10-22 06:29:51,40600.0,100.0,327400.0
978,2021-10-22 06:29:51,40600.0,1000.0,327300.0
979,2021-10-22 06:29:51,40600.0,3900.0,326300.0
980,2021-10-22 06:29:42,40600.0,5000.0,322400.0
981,2021-10-22 06:29:21,40600.0,100.0,317400.0
982,2021-10-22 06:29:07,40600.0,100.0,317300.0
983,2021-10-22 06:29:07,40600.0,500.0,317200.0
984,2021-10-22 06:29:07,40600.0,100.0,316700.0
985,2021-10-22 06:29:07,40600.0,300.0,316600.0
986,2021-10-22 06:28:35,40600.0,2000.0,316300.0
987,2021-10-22 06:28:31,40600.0,1000.0,314300.0
988,2021-10-22 06:27:37,40550.0,1300.0,313300.0
989,2021-10-22 06:26:39,40500.0,1000.0,312000.0
990,2021-10-22 06:26:33,40500.0,1000.0,311000.0
991,2021-10-22 06:26:23,40550.0,100.0,310000.0
992,2021-10-22 06:26:02,40600.0,1000.0,309900.0
993,2021-10-22 06:26:02,40600.0,200.0,308900.0
994,2021-10-22 06:25:40,40600.0,100.0,308700.0
995,2021-10-22 06:25:10,40650.0,100.0,308600.0
996,2021-10-22 06:25:10,40650.0,200.0,308500.0
997,2021-10-22 06:25:10,40650.0,1300.0,308300.0
998,2021-10-22 06:24:57,40650.0,500.0,307000.0
999,2021-10-22 06:24:45,40650.0,100.0,306500.0
1000,2021-10-22 06:24:25,40650.0,300.0,306400.0
1001,2021-10-22 06:24:24,40650.0,400.0,306100.0
1002,2021-10-22 06:22:42,40650.0,500.0,305700.0
1003,2021-10-22 06:22:42,40650.0,300.0,305200.0
1004,2021-10-22 06:22:23,40650.0,2000.0,304900.0
1005,2021-10-22 06:21:58,40600.0,100.0,302900.0
1006,2021-10-22 06:20:35,40600.0,100.0,302800.0
1007,2021-10-22 06:20:18,40600.0,200.0,302700.0
1008,2021-10-22 06:20:12,40550.0,200.0,302500.0
1009,2021-10-22 06:19:28,40550.0,100.0,302300.0
1010,2021-10-22 06:18:46,40550.0,1400.0,302200.0
1011,2021-10-22 06:17:37,40550.0,100.0,300800.0
1012,2021-10-22 06:16:18,40500.0,200.0,300700.0
1013,2021-10-22 06:16:07,40700.0,200.0,300500.0
1014,2021-10-22 06:16:07,40700.0,100.0,300300.0
1015,2021-10-22 06:16:07,40650.0,100.0,300200.0
1016,2021-10-22 06:16:07,40600.0,600.0,300100.0
1017,2021-10-22 06:14:23,40500.0,100.0,299500.0
1018,2021-10-22 06:14:09,40500.0,100.0,299400.0
1019,2021-10-22 06:13:31,40500.0,200.0,299300.0
1020,2021-10-22 06:13:22,40500.0,500.0,299100.0
1021,2021-10-22 06:13:22,40500.0,300.0,298600.0
1022,2021-10-22 06:13:20,40500.0,700.0,298300.0
1023,2021-10-22 06:13:20,40500.0,1000.0,297600.0
1024,2021-10-22 06:13:20,40500.0,400.0,296600.0
1025,2021-10-22 06:13:20,40500.0,500.0,296200.0
1026,2021-10-22 06:13:20,40500.0,100.0,295700.0
1027,2021-10-22 06:13:20,40500.0,300.0,295600.0
1028,2021-10-22 06:12:46,40500.0,100.0,295300.0
1029,2021-10-22 06:12:36,40500.0,100.0,295200.0
1030,2021-10-22 06:12:36,40500.0,700.0,295100.0
1031,2021-10-22 06:12:36,40550.0,100.0,294400.0
1032,2021-10-22 06:10:24,40500.0,100.0,294300.0
1033,2021-10-22 06:09:55,40500.0,1200.0,294200.0
1034,2021-10-22 06:09:55,40500.0,600.0,293000.0
1035,2021-10-22 06:09:11,40500.0,400.0,292400.0
1036,2021-10-22 06:09:09,40500.0,600.0,292000.0
1037,2021-10-22 06:08:46,40500.0,400.0,291400.0
1038,2021-10-22 06:08:46,40500.0,100.0,291000.0
1039,2021-10-22 06:08:46,40500.0,100.0,290900.0
1040,2021-10-22 06:08:46,40500.0,2000.0,290800.0
1041,2021-10-22 06:08:46,40500.0,200.0,288800.0
1042,2021-10-22 06:08:46,40600.0,1000.0,288600.0
1043,2021-10-22 06:08:46,40600.0,500.0,287600.0
1044,2021-10-22 06:08:46,40600.0,900.0,287100.0
1045,2021-10-22 06:07:26,40600.0,100.0,286200.0
1046,2021-10-22 06:07:26,40600.0,1100.0,286100.0
1047,2021-10-22 06:06:53,40600.0,1000.0,285000.0
1048,2021-10-22 06:06:42,40600.0,1000.0,284000.0
1049,2021-10-22 06:05:43,40700.0,100.0,283000.0
1050,2021-10-22 06:04:39,40600.0,100.0,282900.0
1051,2021-10-22 06:04:23,40600.0,400.0,282800.0
1052,2021-10-22 06:04:13,40600.0,400.0,282400.0
1053,2021-10-22 06:03:42,40600.0,700.0,282000.0
1054,2021-10-22 06:03:35,40700.0,10000.0,281300.0
1055,2021-10-22 06:02:36,40600.0,300.0,271300.0
1056,2021-10-22 06:02:36,40600.0,200.0,271000.0
1057,2021-10-22 06:02:36,40600.0,200.0,270800.0
1058,2021-10-22 06:02:36,40600.0,100.0,270600.0
1059,2021-10-22 06:02:36,40600.0,100.0,270500.0
1060,2021-10-22 06:02:36,40600.0,400.0,270400.0
1061,2021-10-22 06:02:17,40600.0,100.0,270000.0
1062,2021-10-22 06:01:41,40600.0,500.0,269900.0
1063,2021-10-22 06:00:31,40500.0,100.0,269400.0
1064,2021-10-22 06:00:31,40500.0,100.0,269300.0
1065,2021-10-22 06:00:10,40500.0,100.0,269200.0
1066,2021-10-22 06:00:10,40500.0,200.0,269100.0
1067,2021-10-22 06:00:10,40500.0,1000.0,268900.0
1068,2021-10-22 06:00:10,40500.0,600.0,267900.0
1069,2021-10-22 06:00:10,40500.0,2000.0,267300.0
1070,2021-10-22 06:00:10,40500.0,100.0,265300.0
1071,2021-10-22 06:00:10,40400.0,200.0,265200.0
1072,2021-10-22 06:00:10,40400.0,800.0,265000.0
1073,2021-10-22 06:00:04,40400.0,200.0,264200.0
1074,2021-10-22 06:00:04,40400.0,100.0,264000.0
1075,2021-10-22 06:00:04,40400.0,700.0,263900.0
1076,2021-10-22 06:00:04,40400.0,1000.0,263200.0
1077,2021-10-22 06:00:03,40400.0,100.0,262200.0
1078,2021-10-22 04:29:10,40350.0,100.0,262100.0
1079,2021-10-22 04:28:51,40400.0,900.0,262000.0
1080,2021-10-22 04:28:51,40400.0,100.0,261100.0
1081,2021-10-22 04:28:14,40350.0,200.0,261000.0
1082,2021-10-22 04:28:14,40350.0,100.0,260800.0
1083,2021-10-22 04:28:14,40350.0,100.0,260700.0
1084,2021-10-22 04:26:29,40300.0,500.0,260600.0
1085,2021-10-22 04:24:47,40300.0,600.0,260100.0
1086,2021-10-22 04:24:43,40300.0,500.0,259500.0
1087,2021-10-22 04:24:43,40300.0,1000.0,259000.0
1088,2021-10-22 04:24:43,40300.0,200.0,258000.0
1089,2021-10-22 04:24:40,40300.0,200.0,257800.0
1090,2021-10-22 04:24:40,40300.0,500.0,257600.0
1091,2021-10-22 04:24:40,40300.0,1800.0,257100.0
1092,2021-10-22 04:23:55,40300.0,1000.0,255300.0
1093,2021-10-22 04:21:00,40250.0,500.0,254300.0
1094,2021-10-22 04:17:55,40250.0,800.0,253800.0
1095,2021-10-22 04:17:55,40250.0,100.0,253000.0
1096,2021-10-22 04:17:34,40300.0,400.0,252900.0
1097,2021-10-22 04:16:25,40250.0,1000.0,252500.0
1098,2021-10-22 04:12:59,40250.0,300.0,251500.0
1099,2021-10-22 04:12:59,40250.0,400.0,251200.0
1100,2021-10-22 04:10:06,40250.0,1500.0,250800.0
1101,2021-10-22 04:09:03,40250.0,100.0,249300.0
1102,2021-10-22 04:07:11,40200.0,2600.0,249200.0
1103,2021-10-22 04:06:27,40350.0,200.0,246600.0
1104,2021-10-22 04:06:14,40250.0,100.0,246400.0
1105,2021-10-22 04:05:04,40250.0,100.0,246300.0
1106,2021-10-22 04:05:04,40250.0,800.0,246200.0
1107,2021-10-22 04:02:51,40200.0,2200.0,245400.0
1108,2021-10-22 04:01:55,40200.0,500.0,243200.0
1109,2021-10-22 04:01:55,40200.0,800.0,242700.0
1110,2021-10-22 04:01:55,40200.0,8200.0,241900.0
1111,2021-10-22 04:01:55,40200.0,8400.0,233700.0
1112,2021-10-22 04:01:50,40200.0,100.0,225300.0
1113,2021-10-22 04:00:25,40150.0,500.0,225200.0
1114,2021-10-22 03:59:47,40150.0,300.0,224700.0
1115,2021-10-22 03:59:05,40200.0,400.0,224400.0
1116,2021-10-22 03:57:30,40200.0,400.0,224000.0
1117,2021-10-22 03:57:30,40200.0,700.0,223600.0
1118,2021-10-22 03:56:39,40200.0,300.0,222900.0
1119,2021-10-22 03:56:39,40200.0,400.0,222600.0
1120,2021-10-22 03:52:57,40200.0,400.0,222200.0
1121,2021-10-22 03:52:33,40200.0,200.0,221800.0
1122,2021-10-22 03:52:16,40200.0,1000.0,221600.0
1123,2021-10-22 03:52:08,40200.0,300.0,220600.0
1124,2021-10-22 03:52:08,40200.0,100.0,220300.0
1125,2021-10-22 03:52:08,40200.0,400.0,220200.0
1126,2021-10-22 03:51:21,40150.0,2500.0,219800.0
1127,2021-10-22 03:51:16,40150.0,3300.0,217300.0
1128,2021-10-22 03:51:16,40150.0,100.0,214000.0
1129,2021-10-22 03:48:48,40200.0,1000.0,213900.0
1130,2021-10-22 03:48:47,40150.0,7000.0,212900.0
1131,2021-10-22 03:48:47,40200.0,300.0,205900.0
1132,2021-10-22 03:48:47,40200.0,100.0,205600.0
1133,2021-10-22 03:48:47,40200.0,300.0,205500.0
1134,2021-10-22 03:48:47,40200.0,100.0,205200.0
1135,2021-10-22 03:48:47,40200.0,500.0,205100.0
1136,2021-10-22 03:48:47,40200.0,300.0,204600.0
1137,2021-10-22 03:48:47,40200.0,200.0,204300.0
1138,2021-10-22 03:48:47,40200.0,10000.0,204100.0
1139,2021-10-22 03:48:47,40200.0,3000.0,194100.0
1140,2021-10-22 03:48:47,40200.0,2500.0,191100.0
1141,2021-10-22 03:48:47,40200.0,5000.0,188600.0
1142,2021-10-22 03:48:47,40200.0,4700.0,183600.0
1143,2021-10-22 03:47:13,40250.0,200.0,178900.0
1144,2021-10-22 03:47:02,40250.0,100.0,178700.0
1145,2021-10-22 03:47:02,40250.0,1300.0,178600.0
1146,2021-10-22 03:46:07,40250.0,1000.0,177300.0
1147,2021-10-22 03:45:32,40250.0,2700.0,176300.0
1148,2021-10-22 03:45:32,40250.0,300.0,173600.0
1149,2021-10-22 03:44:20,40250.0,200.0,173300.0
1150,2021-10-22 03:44:20,40250.0,600.0,173100.0
1151,2021-10-22 03:43:22,40350.0,200.0,172500.0
1152,2021-10-22 03:43:22,40350.0,200.0,172300.0
1153,2021-10-22 03:43:22,40350.0,500.0,172100.0
1154,2021-10-22 03:43:22,40300.0,100.0,171600.0
1155,2021-10-22 03:39:54,40350.0,100.0,171500.0
1156,2021-10-22 03:39:54,40350.0,400.0,171400.0
1157,2021-10-22 03:36:37,40400.0,100.0,171000.0
1158,2021-10-22 03:35:41,40400.0,1800.0,170900.0
1159,2021-10-22 03:35:05,40400.0,200.0,169100.0
1160,2021-10-22 03:34:06,40400.0,100.0,168900.0
1161,2021-10-22 03:33:36,40400.0,2000.0,168800.0
1162,2021-10-22 03:33:01,40400.0,500.0,166800.0
1163,2021-10-22 03:33:01,40400.0,200.0,166300.0
1164,2021-10-22 03:33:01,40400.0,200.0,166100.0
1165,2021-10-22 03:33:01,40400.0,200.0,165900.0
1166,2021-10-22 03:33:01,40400.0,700.0,165700.0
1167,2021-10-22 03:32:18,40400.0,500.0,165000.0
1168,2021-10-22 03:31:50,40350.0,100.0,164500.0
1169,2021-10-22 03:29:59,40350.0,700.0,164400.0
1170,2021-10-22 03:29:59,40350.0,200.0,163700.0
1171,2021-10-22 03:29:29,40350.0,100.0,163500.0
1172,2021-10-22 03:28:43,40350.0,100.0,163400.0
1173,2021-10-22 03:28:30,40350.0,700.0,163300.0
1174,2021-10-22 03:27:42,40350.0,100.0,162600.0
1175,2021-10-22 03:27:21,40350.0,300.0,162500.0
1176,2021-10-22 03:27:18,40350.0,1000.0,162200.0
1177,2021-10-22 03:26:45,40350.0,200.0,161200.0
1178,2021-10-22 03:26:45,40300.0,1300.0,161000.0
1179,2021-10-22 03:24:13,40300.0,3000.0,159700.0
1180,2021-10-22 03:19:17,40200.0,300.0,156700.0
1181,2021-10-22 03:18:28,40200.0,100.0,156400.0
1182,2021-10-22 03:17:50,40200.0,100.0,156300.0
1183,2021-10-22 03:17:50,40200.0,200.0,156200.0
1184,2021-10-22 03:17:05,40200.0,200.0,156000.0
1185,2021-10-22 03:16:29,40200.0,700.0,155800.0
1186,2021-10-22 03:15:21,40200.0,300.0,155100.0
1187,2021-10-22 03:15:02,40150.0,200.0,154800.0
1188,2021-10-22 03:14:53,40150.0,1000.0,154600.0
1189,2021-10-22 03:14:53,40150.0,1000.0,153600.0
1190,2021-10-22 03:14:53,40150.0,100.0,152600.0
1191,2021-10-22 03:14:53,40150.0,600.0,152500.0
1192,2021-10-22 03:14:24,40100.0,600.0,151900.0
1193,2021-10-22 03:14:24,40100.0,2000.0,151300.0
1194,2021-10-22 03:14:24,40100.0,1400.0,149300.0
1195,2021-10-22 03:14:24,40100.0,3700.0,147900.0
1196,2021-10-22 03:14:20,40050.0,600.0,144200.0
1197,2021-10-22 03:14:13,40050.0,1000.0,143600.0
1198,2021-10-22 03:13:57,40050.0,200.0,142600.0
1199,2021-10-22 03:13:48,40050.0,200.0,142400.0
1200,2021-10-22 03:13:41,40050.0,200.0,142200.0
1201,2021-10-22 03:12:18,40100.0,200.0,142000.0
1202,2021-10-22 03:12:18,40100.0,1000.0,141800.0
1203,2021-10-22 03:12:18,40100.0,100.0,140800.0
1204,2021-10-22 03:11:16,40100.0,100.0,140700.0
1205,2021-10-22 03:11:16,40100.0,600.0,140600.0
1206,2021-10-22 03:11:06,40100.0,400.0,140000.0
1207,2021-10-22 03:11:06,40100.0,200.0,139600.0
1208,2021-10-22 03:10:59,40100.0,800.0,139400.0
1209,2021-10-22 03:10:59,40100.0,600.0,138600.0
1210,2021-10-22 03:10:48,40100.0,200.0,138000.0
1211,2021-10-22 03:09:49,40100.0,200.0,137800.0
1212,2021-10-22 03:09:49,40100.0,300.0,137600.0
1213,2021-10-22 03:09:49,40100.0,200.0,137300.0
1214,2021-10-22 03:09:48,40150.0,300.0,137100.0
1215,2021-10-22 03:08:47,40150.0,300.0,136800.0
1216,2021-10-22 03:08:47,40150.0,100.0,136500.0
1217,2021-10-22 03:08:47,40150.0,200.0,136400.0
1218,2021-10-22 03:07:38,40100.0,300.0,136200.0
1219,2021-10-22 03:07:38,40100.0,500.0,135900.0
1220,2021-10-22 03:06:54,40100.0,1500.0,135400.0
1221,2021-10-22 03:06:50,40100.0,500.0,133900.0
1222,2021-10-22 03:05:37,40100.0,200.0,133400.0
1223,2021-10-22 03:05:37,40100.0,100.0,133200.0
1224,2021-10-22 03:05:37,40100.0,500.0,133100.0
1225,2021-10-22 03:05:37,40100.0,100.0,132600.0
1226,2021-10-22 03:05:37,40100.0,700.0,132500.0
1227,2021-10-22 03:05:37,40100.0,100.0,131800.0
1228,2021-10-22 03:05:37,40100.0,100.0,131700.0
1229,2021-10-22 03:05:37,40100.0,300.0,131600.0
1230,2021-10-22 03:03:35,40100.0,100.0,131300.0
1231,2021-10-22 03:03:13,40100.0,600.0,131200.0
1232,2021-10-22 03:03:13,40100.0,100.0,130600.0
1233,2021-10-22 03:03:13,40100.0,200.0,130500.0
1234,2021-10-22 03:03:13,40100.0,500.0,130300.0
1235,2021-10-22 03:02:57,40150.0,100.0,129800.0
1236,2021-10-22 03:02:29,40150.0,100.0,129700.0
1237,2021-10-22 03:00:03,40150.0,200.0,129600.0
1238,2021-10-22 02:57:41,40150.0,600.0,129400.0
1239,2021-10-22 02:57:41,40150.0,800.0,128800.0
1240,2021-10-22 02:57:28,40200.0,600.0,128000.0
1241,2021-10-22 02:57:28,40200.0,200.0,127400.0
1242,2021-10-22 02:56:36,40200.0,100.0,127200.0
1243,2021-10-22 02:56:36,40200.0,100.0,127100.0
1244,2021-10-22 02:55:26,40150.0,200.0,127000.0
1245,2021-10-22 02:55:18,40150.0,500.0,126800.0
1246,2021-10-22 02:54:33,40150.0,100.0,126300.0
1247,2021-10-22 02:54:33,40150.0,4900.0,126200.0
1248,2021-10-22 02:53:56,40150.0,1100.0,121300.0
1249,2021-10-22 02:53:56,40150.0,100.0,120200.0
1250,2021-10-22 02:53:39,40100.0,1800.0,120100.0
1251,2021-10-22 02:52:08,40100.0,700.0,118300.0
1252,2021-10-22 02:52:08,40100.0,200.0,117600.0
1253,2021-10-22 02:52:08,40100.0,200.0,117400.0
1254,2021-10-22 02:52:08,40100.0,200.0,117200.0
1255,2021-10-22 02:52:08,40100.0,1400.0,117000.0
1256,2021-10-22 02:52:08,40100.0,500.0,115600.0
1257,2021-10-22 02:52:08,40100.0,7000.0,115100.0
1258,2021-10-22 02:52:06,40100.0,400.0,108100.0
1259,2021-10-22 02:51:40,40100.0,200.0,107700.0
1260,2021-10-22 02:51:22,40100.0,100.0,107500.0
1261,2021-10-22 02:51:09,40150.0,300.0,107400.0
1262,2021-10-22 02:50:59,40100.0,200.0,107100.0
1263,2021-10-22 02:50:54,40100.0,2100.0,106900.0
1264,2021-10-22 02:50:54,40100.0,100.0,104800.0
1265,2021-10-22 02:50:54,40100.0,300.0,104700.0
1266,2021-10-22 02:50:52,40150.0,100.0,104400.0
1267,2021-10-22 02:50:25,40100.0,300.0,104300.0
1268,2021-10-22 02:50:07,40150.0,500.0,104000.0
1269,2021-10-22 02:49:48,40150.0,200.0,103500.0
1270,2021-10-22 02:49:48,40150.0,200.0,103300.0
1271,2021-10-22 02:49:48,40150.0,1400.0,103100.0
1272,2021-10-22 02:49:17,40150.0,1000.0,101700.0
1273,2021-10-22 02:48:55,40150.0,100.0,100700.0
1274,2021-10-22 02:48:55,40150.0,500.0,100600.0
1275,2021-10-22 02:48:16,40150.0,100.0,100100.0
1276,2021-10-22 02:46:08,40100.0,1200.0,100000.0
1277,2021-10-22 02:46:08,40150.0,100.0,98800.0
1278,2021-10-22 02:46:08,40150.0,500.0,98700.0
1279,2021-10-22 02:45:40,40150.0,1500.0,98200.0
1280,2021-10-22 02:45:40,40150.0,500.0,96700.0
1281,2021-10-22 02:45:11,40200.0,100.0,96200.0
1282,2021-10-22 02:44:22,40200.0,1100.0,96100.0
1283,2021-10-22 02:44:22,40200.0,600.0,95000.0
1284,2021-10-22 02:42:07,40200.0,2100.0,94400.0
1285,2021-10-22 02:42:07,40200.0,300.0,92300.0
1286,2021-10-22 02:41:44,40200.0,500.0,92000.0
1287,2021-10-22 02:41:44,40200.0,1000.0,91500.0
1288,2021-10-22 02:40:36,40200.0,100.0,90500.0
1289,2021-10-22 02:40:36,40200.0,100.0,90400.0
1290,2021-10-22 02:40:36,40200.0,100.0,90300.0
1291,2021-10-22 02:40:36,40200.0,100.0,90200.0
1292,2021-10-22 02:40:36,40200.0,100.0,90100.0
1293,2021-10-22 02:40:36,40200.0,100.0,90000.0
1294,2021-10-22 02:40:36,40200.0,300.0,89900.0
1295,2021-10-22 02:40:36,40150.0,100.0,89600.0
1296,2021-10-22 02:39:25,40100.0,500.0,89500.0
1297,2021-10-22 02:38:57,40100.0,100.0,89000.0
1298,2021-10-22 02:38:29,40100.0,500.0,88900.0
1299,2021-10-22 02:37:34,40100.0,100.0,88400.0
1300,2021-10-22 02:36:45,40200.0,500.0,88300.0
1301,2021-10-22 02:36:45,40200.0,500.0,87800.0
1302,2021-10-22 02:35:59,40200.0,1000.0,87300.0
1303,2021-10-22 02:35:59,40200.0,500.0,86300.0
1304,2021-10-22 02:35:59,40200.0,100.0,85800.0
1305,2021-10-22 02:35:59,40200.0,300.0,85700.0
1306,2021-10-22 02:35:59,40200.0,5000.0,85400.0
1307,2021-10-22 02:35:59,40200.0,1000.0,80400.0
1308,2021-10-22 02:35:59,40200.0,200.0,79400.0
1309,2021-10-22 02:35:59,40200.0,1000.0,79200.0
1310,2021-10-22 02:35:12,40300.0,600.0,78200.0
1311,2021-10-22 02:35:05,40300.0,300.0,77600.0
1312,2021-10-22 02:35:00,40350.0,100.0,77300.0
1313,2021-10-22 02:34:58,40300.0,100.0,77200.0
1314,2021-10-22 02:34:58,40300.0,400.0,77100.0
1315,2021-10-22 02:34:53,40300.0,100.0,76700.0
1316,2021-10-22 02:34:53,40300.0,800.0,76600.0
1317,2021-10-22 02:34:40,40300.0,1200.0,75800.0
1318,2021-10-22 02:34:30,40300.0,100.0,74600.0
1319,2021-10-22 02:34:30,40300.0,900.0,74500.0
1320,2021-10-22 02:34:21,40300.0,1000.0,73600.0
1321,2021-10-22 02:34:15,40350.0,400.0,72600.0
1322,2021-10-22 02:34:15,40350.0,600.0,72200.0
1323,2021-10-22 02:33:41,40350.0,1400.0,71600.0
1324,2021-10-22 02:33:41,40350.0,100.0,70200.0
1325,2021-10-22 02:33:41,40350.0,100.0,70100.0
1326,2021-10-22 02:33:41,40350.0,100.0,70000.0
1327,2021-10-22 02:32:17,40300.0,1100.0,69900.0
1328,2021-10-22 02:32:17,40300.0,900.0,68800.0
1329,2021-10-22 02:32:09,40300.0,1000.0,67900.0
1330,2021-10-22 02:31:58,40300.0,100.0,66900.0
1331,2021-10-22 02:31:58,40300.0,900.0,66800.0
1332,2021-10-22 02:31:48,40300.0,100.0,65900.0
1333,2021-10-22 02:31:48,40300.0,1500.0,65800.0
1334,2021-10-22 02:31:14,40300.0,1000.0,64300.0
1335,2021-10-22 02:30:34,40300.0,500.0,63300.0
1336,2021-10-22 02:29:57,40300.0,400.0,62800.0
1337,2021-10-22 02:29:29,40300.0,5000.0,62400.0
1338,2021-10-22 02:29:21,40300.0,100.0,57400.0
1339,2021-10-22 02:28:56,40300.0,3000.0,57300.0
1340,2021-10-22 02:28:41,40400.0,1400.0,54300.0
1341,2021-10-22 02:28:31,40400.0,100.0,52900.0
1342,2021-10-22 02:28:25,40400.0,300.0,52800.0
1343,2021-10-22 02:28:25,40400.0,200.0,52500.0
1344,2021-10-22 02:27:46,40400.0,100.0,52300.0
1345,2021-10-22 02:27:46,40400.0,100.0,52200.0
1346,2021-10-22 02:27:10,40400.0,500.0,52100.0
1347,2021-10-22 02:26:28,40400.0,1000.0,51600.0
1348,2021-10-22 02:26:24,40400.0,200.0,50600.0
1349,2021-10-22 02:26:13,40400.0,600.0,50400.0
1350,2021-10-22 02:25:24,40500.0,400.0,49800.0
1351,2021-10-22 02:25:12,40500.0,600.0,49400.0
1352,2021-10-22 02:25:12,40500.0,400.0,48800.0
1353,2021-10-22 02:24:48,40500.0,1600.0,48400.0
1354,2021-10-22 02:23:36,40700.0,200.0,46800.0
1355,2021-10-22 02:23:36,40700.0,100.0,46600.0
1356,2021-10-22 02:20:51,40950.0,300.0,46500.0
1357,2021-10-22 02:20:20,41000.0,1200.0,46200.0
1358,2021-10-22 02:20:04,41000.0,100.0,45000.0
1359,2021-10-22 02:19:55,41000.0,100.0,44900.0
1360,2021-10-22 02:19:48,41000.0,12200.0,44800.0
1361,2021-10-22 02:19:48,41000.0,500.0,32600.0
1362,2021-10-22 02:19:48,41000.0,500.0,32100.0
1363,2021-10-22 02:19:48,41000.0,500.0,31600.0
1364,2021-10-22 02:19:48,41000.0,8900.0,31100.0
1365,2021-10-22 02:19:48,41000.0,100.0,22200.0
1366,2021-10-22 02:19:48,41000.0,1200.0,22100.0
1367,2021-10-22 02:19:48,41000.0,200.0,20900.0
1368,2021-10-22 02:19:48,41000.0,1500.0,20700.0
1369,2021-10-22 02:19:48,41000.0,100.0,19200.0
1370,2021-10-22 02:19:48,41000.0,1000.0,19100.0
1371,2021-10-22 02:19:48,40800.0,100.0,18100.0
1372,2021-10-22 02:19:48,40800.0,500.0,18000.0
1373,2021-10-22 02:19:48,40800.0,100.0,17500.0
1374,2021-10-22 02:19:48,40700.0,1000.0,17400.0
1375,2021-10-22 02:19:48,40600.0,100.0,16400.0
1376,2021-10-22 02:19:48,40600.0,100.0,16300.0
1377,2021-10-22 02:19:46,40500.0,100.0,16200.0
1378,2021-10-22 02:19:46,40500.0,300.0,16100.0
1379,2021-10-22 02:19:33,40500.0,700.0,15800.0
1380,2021-10-22 02:19:33,40500.0,300.0,15100.0
1381,2021-10-22 02:18:34,40500.0,100.0,14800.0
1382,2021-10-22 02:18:34,40500.0,100.0,14700.0
1383,2021-10-22 02:18:34,40500.0,100.0,14600.0
1384,2021-10-22 02:18:23,40500.0,200.0,14500.0
1385,2021-10-22 02:17:40,40400.0,700.0,14300.0
1386,2021-10-22 02:17:32,40400.0,200.0,13600.0
1387,2021-10-22 02:17:32,40400.0,3900.0,13400.0
1388,2021-10-22 02:17:32,40350.0,100.0,9500.0
1389,2021-10-22 02:17:20,40400.0,1100.0,9400.0
1390,2021-10-22 02:17:20,40400.0,400.0,8300.0
1391,2021-10-22 02:17:20,40400.0,500.0,7900.0
1392,2021-10-22 02:17:03,40200.0,200.0,7400.0
1393,2021-10-22 02:17:03,40200.0,1600.0,7200.0
1394,2021-10-22 02:16:50,40200.0,1400.0,5600.0
1395,2021-10-22 02:16:04,40000.0,800.0,4200.0
1396,2021-10-22 02:16:04,40150.0,100.0,3400.0
1397,2021-10-22 02:16:04,40200.0,100.0,3300.0
1398,2021-10-22 02:15:47,40400.0,1500.0,3200.0
1399,2021-10-22 02:15:47,40400.0,100.0,1700.0
1400,2021-10-22 02:15:44,40350.0,100.0,1600.0
1401,2021-10-22 02:15:34,40350.0,100.0,1500.0
1402,2021-10-22 02:15:33,40200.0,200.0,1400.0
1403,2021-10-22 02:15:33,40200.0,100.0,1200.0
1404,2021-10-22 02:15:00,40200.0,100.0,1100.0
1405,2021-10-22 02:15:00,40200.0,300.0,1000.0
1406,2021-10-22 02:15:00,40200.0,500.0,700.0
1407,2021-10-22 02:15:00,40200.0,100.0,200.0
1408,2021-10-22 02:15:00,40200.0,100.0,100.0
