,Time,Price,Volume_per_trade,Volume
0,2021-10-21 07:45:01,40200.0,500.0,334600.0
1,2021-10-21 07:45:01,40200.0,200.0,334100.0
2,2021-10-21 07:45:01,40200.0,200.0,333900.0
3,2021-10-21 07:45:01,40200.0,900.0,333700.0
4,2021-10-21 07:45:01,40200.0,100.0,332800.0
5,2021-10-21 07:45:01,40200.0,2000.0,332700.0
6,2021-10-21 07:45:01,40200.0,3000.0,330700.0
7,2021-10-21 07:45:01,40200.0,800.0,327700.0
8,2021-10-21 07:45:01,40200.0,2600.0,326900.0
9,2021-10-21 07:45:01,40200.0,600.0,324300.0
10,2021-10-21 07:45:01,40200.0,200.0,323700.0
11,2021-10-21 07:45:01,40200.0,200.0,323500.0
12,2021-10-21 07:45:01,40200.0,800.0,323300.0
13,2021-10-21 07:29:42,40200.0,200.0,322500.0
14,2021-10-21 07:29:18,40150.0,400.0,322300.0
15,2021-10-21 07:29:18,40150.0,1500.0,321900.0
16,2021-10-21 07:29:06,40150.0,100.0,320400.0
17,2021-10-21 07:28:54,40150.0,100.0,320300.0
18,2021-10-21 07:28:40,40150.0,200.0,320200.0
19,2021-10-21 07:28:34,40150.0,100.0,320000.0
20,2021-10-21 07:27:08,40150.0,400.0,319900.0
21,2021-10-21 07:23:36,40150.0,600.0,319500.0
22,2021-10-21 07:23:36,40150.0,1400.0,318900.0
23,2021-10-21 07:22:32,40150.0,1600.0,317500.0
24,2021-10-21 07:22:16,40150.0,500.0,315900.0
25,2021-10-21 07:22:15,40150.0,100.0,315400.0
26,2021-10-21 07:22:15,40150.0,400.0,315300.0
27,2021-10-21 07:22:04,40150.0,100.0,314900.0
28,2021-10-21 07:22:04,40150.0,400.0,314800.0
29,2021-10-21 07:21:18,40150.0,2100.0,314400.0
30,2021-10-21 07:21:18,40150.0,100.0,312300.0
31,2021-10-21 07:21:18,40150.0,800.0,312200.0
32,2021-10-21 07:21:16,40200.0,100.0,311400.0
33,2021-10-21 07:20:34,40200.0,300.0,311300.0
34,2021-10-21 07:20:07,40200.0,100.0,311000.0
35,2021-10-21 07:16:58,40150.0,400.0,310900.0
36,2021-10-21 07:16:58,40150.0,100.0,310500.0
37,2021-10-21 07:15:33,40200.0,500.0,310400.0
38,2021-10-21 07:11:17,40200.0,200.0,309900.0
39,2021-10-21 07:11:07,40200.0,2500.0,309700.0
40,2021-10-21 07:10:11,40200.0,300.0,307200.0
41,2021-10-21 07:07:50,40250.0,900.0,306900.0
42,2021-10-21 07:07:50,40250.0,100.0,306000.0
43,2021-10-21 07:05:53,40250.0,900.0,305900.0
44,2021-10-21 07:05:53,40250.0,1300.0,305000.0
45,2021-10-21 07:05:53,40250.0,300.0,303700.0
46,2021-10-21 07:05:40,40250.0,100.0,303400.0
47,2021-10-21 07:03:29,40250.0,300.0,303300.0
48,2021-10-21 07:02:50,40250.0,300.0,303000.0
49,2021-10-21 07:00:33,40150.0,100.0,302700.0
50,2021-10-21 07:00:23,40150.0,500.0,302600.0
51,2021-10-21 07:00:23,40150.0,100.0,302100.0
52,2021-10-21 06:46:12,40100.0,1600.0,302000.0
53,2021-10-21 06:46:12,40150.0,100.0,300400.0
54,2021-10-21 06:46:12,40150.0,1000.0,300300.0
55,2021-10-21 06:45:44,40150.0,200.0,299300.0
56,2021-10-21 06:45:44,40200.0,100.0,299100.0
57,2021-10-21 06:44:52,40200.0,900.0,299000.0
58,2021-10-21 06:44:52,40200.0,100.0,298100.0
59,2021-10-21 06:43:06,40200.0,400.0,298000.0
60,2021-10-21 06:43:06,40200.0,100.0,297600.0
61,2021-10-21 06:43:06,40200.0,300.0,297500.0
62,2021-10-21 06:43:06,40200.0,1200.0,297200.0
63,2021-10-21 06:42:38,40250.0,100.0,296000.0
64,2021-10-21 06:39:09,40250.0,200.0,295900.0
65,2021-10-21 06:39:09,40250.0,100.0,295700.0
66,2021-10-21 06:39:09,40250.0,100.0,295600.0
67,2021-10-21 06:35:32,40200.0,100.0,295500.0
68,2021-10-21 06:35:32,40200.0,100.0,295400.0
69,2021-10-21 06:35:32,40200.0,100.0,295300.0
70,2021-10-21 06:31:15,40300.0,300.0,295200.0
71,2021-10-21 06:31:15,40250.0,200.0,294900.0
72,2021-10-21 06:29:48,40250.0,100.0,294700.0
73,2021-10-21 06:29:48,40250.0,400.0,294600.0
74,2021-10-21 06:29:27,40200.0,100.0,294200.0
75,2021-10-21 06:29:26,40250.0,500.0,294100.0
76,2021-10-21 06:27:53,40200.0,100.0,293600.0
77,2021-10-21 06:27:39,40200.0,100.0,293500.0
78,2021-10-21 06:27:32,40200.0,100.0,293400.0
79,2021-10-21 06:27:16,40200.0,500.0,293300.0
80,2021-10-21 06:26:45,40200.0,200.0,292800.0
81,2021-10-21 06:26:45,40200.0,500.0,292600.0
82,2021-10-21 06:26:45,40200.0,500.0,292100.0
83,2021-10-21 06:26:45,40200.0,800.0,291600.0
84,2021-10-21 06:25:34,40200.0,100.0,290800.0
85,2021-10-21 06:25:04,40200.0,100.0,290700.0
86,2021-10-21 06:24:38,40200.0,1500.0,290600.0
87,2021-10-21 06:22:39,40200.0,300.0,289100.0
88,2021-10-21 06:22:16,40200.0,700.0,288800.0
89,2021-10-21 06:20:15,40200.0,300.0,288100.0
90,2021-10-21 06:18:45,40200.0,200.0,287800.0
91,2021-10-21 06:17:38,40200.0,1900.0,287600.0
92,2021-10-21 06:17:17,40200.0,200.0,285700.0
93,2021-10-21 06:17:07,40200.0,500.0,285500.0
94,2021-10-21 06:16:47,40200.0,200.0,285000.0
95,2021-10-21 06:16:47,40200.0,1100.0,284800.0
96,2021-10-21 06:16:21,40150.0,200.0,283700.0
97,2021-10-21 06:14:35,40150.0,100.0,283500.0
98,2021-10-21 06:14:07,40150.0,300.0,283400.0
99,2021-10-21 06:09:25,40100.0,100.0,283100.0
100,2021-10-21 06:09:25,40100.0,1000.0,283000.0
101,2021-10-21 06:09:25,40100.0,1000.0,282000.0
102,2021-10-21 06:09:25,40100.0,1000.0,281000.0
103,2021-10-21 06:09:25,40100.0,100.0,280000.0
104,2021-10-21 06:09:25,40100.0,3000.0,279900.0
105,2021-10-21 06:09:25,40100.0,200.0,276900.0
106,2021-10-21 06:09:25,40100.0,500.0,276700.0
107,2021-10-21 06:09:25,40100.0,100.0,276200.0
108,2021-10-21 06:09:25,40100.0,100.0,276100.0
109,2021-10-21 06:09:25,40150.0,400.0,276000.0
110,2021-10-21 06:09:25,40150.0,2500.0,275600.0
111,2021-10-21 06:09:18,40150.0,1100.0,273100.0
112,2021-10-21 06:09:12,40150.0,900.0,272000.0
113,2021-10-21 06:09:12,40150.0,100.0,271100.0
114,2021-10-21 06:09:12,40150.0,300.0,271000.0
115,2021-10-21 06:09:01,40150.0,200.0,270700.0
116,2021-10-21 06:09:01,40150.0,300.0,270500.0
117,2021-10-21 06:08:14,40200.0,400.0,270200.0
118,2021-10-21 06:05:06,40150.0,200.0,269800.0
119,2021-10-21 06:03:28,40150.0,200.0,269600.0
120,2021-10-21 06:03:28,40150.0,300.0,269400.0
121,2021-10-21 06:00:07,40150.0,2300.0,269100.0
122,2021-10-21 06:00:01,40150.0,100.0,266800.0
123,2021-10-21 04:29:21,40150.0,200.0,266700.0
124,2021-10-21 04:28:55,40150.0,500.0,266500.0
125,2021-10-21 04:27:19,40100.0,900.0,266000.0
126,2021-10-21 04:27:19,40100.0,100.0,265100.0
127,2021-10-21 04:25:13,40150.0,100.0,265000.0
128,2021-10-21 04:25:13,40150.0,500.0,264900.0
129,2021-10-21 04:25:13,40150.0,1000.0,264400.0
130,2021-10-21 04:24:22,40150.0,100.0,263400.0
131,2021-10-21 04:21:13,40200.0,1000.0,263300.0
132,2021-10-21 04:18:53,40250.0,100.0,262300.0
133,2021-10-21 04:17:35,40200.0,100.0,262200.0
134,2021-10-21 04:17:35,40200.0,100.0,262100.0
135,2021-10-21 04:17:33,40200.0,200.0,262000.0
136,2021-10-21 04:17:20,40200.0,200.0,261800.0
137,2021-10-21 04:17:12,40200.0,100.0,261600.0
138,2021-10-21 04:17:12,40200.0,100.0,261500.0
139,2021-10-21 04:17:12,40200.0,1000.0,261400.0
140,2021-10-21 04:17:12,40200.0,100.0,260400.0
141,2021-10-21 04:17:00,40200.0,100.0,260300.0
142,2021-10-21 04:17:00,40200.0,200.0,260200.0
143,2021-10-21 04:16:14,40200.0,100.0,260000.0
144,2021-10-21 04:13:28,40250.0,100.0,259900.0
145,2021-10-21 04:12:58,40250.0,100.0,259800.0
146,2021-10-21 04:10:42,40250.0,400.0,259700.0
147,2021-10-21 04:10:42,40250.0,100.0,259300.0
148,2021-10-21 04:10:42,40250.0,100.0,259200.0
149,2021-10-21 04:10:42,40250.0,1000.0,259100.0
150,2021-10-21 04:10:42,40250.0,200.0,258100.0
151,2021-10-21 04:10:03,40300.0,100.0,257900.0
152,2021-10-21 04:09:41,40300.0,100.0,257800.0
153,2021-10-21 04:09:22,40300.0,100.0,257700.0
154,2021-10-21 04:07:29,40300.0,1000.0,257600.0
155,2021-10-21 04:05:49,40300.0,900.0,256600.0
156,2021-10-21 04:04:39,40300.0,100.0,255700.0
157,2021-10-21 04:03:47,40300.0,1000.0,255600.0
158,2021-10-21 04:00:36,40300.0,700.0,254600.0
159,2021-10-21 03:59:51,40300.0,500.0,253900.0
160,2021-10-21 03:59:51,40300.0,1300.0,253400.0
161,2021-10-21 03:59:51,40300.0,500.0,252100.0
162,2021-10-21 03:57:56,40300.0,300.0,251600.0
163,2021-10-21 03:57:48,40300.0,200.0,251300.0
164,2021-10-21 03:54:43,40350.0,200.0,251100.0
165,2021-10-21 03:47:59,40350.0,100.0,250900.0
166,2021-10-21 03:45:40,40250.0,300.0,250800.0
167,2021-10-21 03:45:14,40350.0,100.0,250500.0
168,2021-10-21 03:41:57,40350.0,500.0,250400.0
169,2021-10-21 03:41:31,40350.0,100.0,249900.0
170,2021-10-21 03:41:31,40350.0,100.0,249800.0
171,2021-10-21 03:39:58,40350.0,100.0,249700.0
172,2021-10-21 03:39:47,40350.0,400.0,249600.0
173,2021-10-21 03:39:47,40350.0,600.0,249200.0
174,2021-10-21 03:38:46,40350.0,500.0,248600.0
175,2021-10-21 03:37:24,40350.0,6700.0,248100.0
176,2021-10-21 03:33:20,40350.0,300.0,241400.0
177,2021-10-21 03:31:18,40350.0,1500.0,241100.0
178,2021-10-21 03:30:12,40350.0,200.0,239600.0
179,2021-10-21 03:30:02,40350.0,200.0,239400.0
180,2021-10-21 03:26:35,40250.0,1500.0,239200.0
181,2021-10-21 03:26:35,40250.0,1000.0,237700.0
182,2021-10-21 03:26:35,40250.0,1000.0,236700.0
183,2021-10-21 03:26:35,40250.0,300.0,235700.0
184,2021-10-21 03:23:49,40250.0,100.0,235400.0
185,2021-10-21 03:22:58,40250.0,100.0,235300.0
186,2021-10-21 03:22:45,40250.0,100.0,235200.0
187,2021-10-21 03:22:45,40250.0,300.0,235100.0
188,2021-10-21 03:22:45,40250.0,500.0,234800.0
189,2021-10-21 03:22:01,40550.0,700.0,234300.0
190,2021-10-21 03:22:01,40400.0,200.0,233600.0
191,2021-10-21 03:22:01,40400.0,100.0,233400.0
192,2021-10-21 03:19:36,40250.0,500.0,233300.0
193,2021-10-21 03:19:21,40200.0,100.0,232800.0
194,2021-10-21 03:14:59,40200.0,100.0,232700.0
195,2021-10-21 03:14:16,40250.0,1000.0,232600.0
196,2021-10-21 03:14:16,40250.0,100.0,231600.0
197,2021-10-21 03:14:16,40250.0,1000.0,231500.0
198,2021-10-21 03:14:16,40250.0,300.0,230500.0
199,2021-10-21 03:14:16,40300.0,300.0,230200.0
200,2021-10-21 03:14:16,40300.0,500.0,229900.0
201,2021-10-21 03:14:16,40300.0,2300.0,229400.0
202,2021-10-21 03:14:12,40300.0,200.0,227100.0
203,2021-10-21 03:12:07,40300.0,5100.0,226900.0
204,2021-10-21 03:12:07,40350.0,200.0,221800.0
205,2021-10-21 03:12:07,40350.0,1000.0,221600.0
206,2021-10-21 03:12:07,40350.0,1000.0,220600.0
207,2021-10-21 03:12:07,40350.0,200.0,219600.0
208,2021-10-21 03:12:07,40350.0,500.0,219400.0
209,2021-10-21 03:10:38,40350.0,100.0,218900.0
210,2021-10-21 03:10:37,40350.0,2000.0,218800.0
211,2021-10-21 03:10:09,40350.0,100.0,216800.0
212,2021-10-21 03:09:45,40350.0,200.0,216700.0
213,2021-10-21 03:09:39,40350.0,100.0,216500.0
214,2021-10-21 03:08:58,40550.0,800.0,216400.0
215,2021-10-21 03:05:51,40600.0,200.0,215600.0
216,2021-10-21 03:05:25,40600.0,200.0,215400.0
217,2021-10-21 03:05:25,40600.0,100.0,215200.0
218,2021-10-21 03:04:41,40500.0,4000.0,215100.0
219,2021-10-21 03:04:41,40500.0,500.0,211100.0
220,2021-10-21 03:04:41,40500.0,9300.0,210600.0
221,2021-10-21 03:04:04,40400.0,500.0,201300.0
222,2021-10-21 03:04:04,40400.0,400.0,200800.0
223,2021-10-21 03:03:27,40400.0,1600.0,200400.0
224,2021-10-21 03:02:47,40350.0,100.0,198800.0
225,2021-10-21 03:01:13,40350.0,500.0,198700.0
226,2021-10-21 02:59:46,40350.0,500.0,198200.0
227,2021-10-21 02:59:46,40350.0,100.0,197700.0
228,2021-10-21 02:58:05,40300.0,200.0,197600.0
229,2021-10-21 02:58:05,40350.0,100.0,197400.0
230,2021-10-21 02:57:34,40350.0,4000.0,197300.0
231,2021-10-21 02:57:28,40350.0,200.0,193300.0
232,2021-10-21 02:56:49,40400.0,500.0,193100.0
233,2021-10-21 02:56:46,40400.0,100.0,192600.0
234,2021-10-21 02:56:46,40450.0,100.0,192500.0
235,2021-10-21 02:56:26,40500.0,200.0,192400.0
236,2021-10-21 02:56:26,40500.0,10000.0,192200.0
237,2021-10-21 02:56:26,40500.0,500.0,182200.0
238,2021-10-21 02:56:19,40500.0,2000.0,181700.0
239,2021-10-21 02:56:06,40600.0,500.0,179700.0
240,2021-10-21 02:56:06,40600.0,200.0,179200.0
241,2021-10-21 02:56:06,40600.0,100.0,179000.0
242,2021-10-21 02:55:01,40800.0,100.0,178900.0
243,2021-10-21 02:53:38,40800.0,100.0,178800.0
244,2021-10-21 02:53:00,40800.0,400.0,178700.0
245,2021-10-21 02:52:13,40800.0,800.0,178300.0
246,2021-10-21 02:52:02,40800.0,100.0,177500.0
247,2021-10-21 02:52:01,40850.0,500.0,177400.0
248,2021-10-21 02:51:30,40800.0,100.0,176900.0
249,2021-10-21 02:51:21,40800.0,300.0,176800.0
250,2021-10-21 02:51:15,40800.0,100.0,176500.0
251,2021-10-21 02:51:15,40750.0,100.0,176400.0
252,2021-10-21 02:50:49,40700.0,200.0,176300.0
253,2021-10-21 02:50:35,40600.0,100.0,176100.0
254,2021-10-21 02:50:18,40600.0,100.0,176000.0
255,2021-10-21 02:50:16,40500.0,1000.0,175900.0
256,2021-10-21 02:50:16,40500.0,5500.0,174900.0
257,2021-10-21 02:50:16,40500.0,6000.0,169400.0
258,2021-10-21 02:50:16,40500.0,100.0,163400.0
259,2021-10-21 02:50:16,40500.0,500.0,163300.0
260,2021-10-21 02:50:16,40400.0,500.0,162800.0
261,2021-10-21 02:50:01,40350.0,1800.0,162300.0
262,2021-10-21 02:49:13,40300.0,1000.0,160500.0
263,2021-10-21 02:49:13,40300.0,100.0,159500.0
264,2021-10-21 02:49:13,40300.0,200.0,159400.0
265,2021-10-21 02:49:13,40300.0,1000.0,159200.0
266,2021-10-21 02:49:13,40300.0,2000.0,158200.0
267,2021-10-21 02:49:13,40300.0,200.0,156200.0
268,2021-10-21 02:49:13,40300.0,50000.0,156000.0
269,2021-10-21 02:49:13,40300.0,100.0,106000.0
270,2021-10-21 02:49:13,40300.0,500.0,105900.0
271,2021-10-21 02:49:13,40300.0,10000.0,105400.0
272,2021-10-21 02:49:13,40300.0,500.0,95400.0
273,2021-10-21 02:49:13,40300.0,19000.0,94900.0
274,2021-10-21 02:49:13,40300.0,7600.0,75900.0
275,2021-10-21 02:49:10,40300.0,1000.0,68300.0
276,2021-10-21 02:48:15,40300.0,1000.0,67300.0
277,2021-10-21 02:47:53,40300.0,6400.0,66300.0
278,2021-10-21 02:43:38,40300.0,100.0,59900.0
279,2021-10-21 02:43:23,40250.0,500.0,59800.0
280,2021-10-21 02:42:55,40300.0,100.0,59300.0
281,2021-10-21 02:42:50,40300.0,2000.0,59200.0
282,2021-10-21 02:42:20,40200.0,200.0,57200.0
283,2021-10-21 02:42:20,40200.0,500.0,57000.0
284,2021-10-21 02:42:20,40200.0,1800.0,56500.0
285,2021-10-21 02:41:05,40150.0,3600.0,54700.0
286,2021-10-21 02:40:05,40200.0,100.0,51100.0
287,2021-10-21 02:39:16,40200.0,500.0,51000.0
288,2021-10-21 02:39:16,40200.0,500.0,50500.0
289,2021-10-21 02:38:52,40100.0,1200.0,50000.0
290,2021-10-21 02:38:22,40100.0,1500.0,48800.0
291,2021-10-21 02:35:08,40100.0,2000.0,47300.0
292,2021-10-21 02:35:08,40200.0,100.0,45300.0
293,2021-10-21 02:34:51,40200.0,10000.0,45200.0
294,2021-10-21 02:34:41,40200.0,3900.0,35200.0
295,2021-10-21 02:34:41,40200.0,1000.0,31300.0
296,2021-10-21 02:34:41,40200.0,3000.0,30300.0
297,2021-10-21 02:34:41,40200.0,1000.0,27300.0
298,2021-10-21 02:34:41,40200.0,1100.0,26300.0
299,2021-10-21 02:31:28,40100.0,100.0,25200.0
300,2021-10-21 02:29:32,40100.0,500.0,25100.0
301,2021-10-21 02:29:32,40100.0,500.0,24600.0
302,2021-10-21 02:28:28,40100.0,500.0,24100.0
303,2021-10-21 02:28:28,40100.0,500.0,23600.0
304,2021-10-21 02:28:28,40100.0,500.0,23100.0
305,2021-10-21 02:28:24,40200.0,100.0,22600.0
306,2021-10-21 02:27:39,40200.0,2200.0,22500.0
307,2021-10-21 02:27:39,40200.0,800.0,20300.0
308,2021-10-21 02:25:55,40100.0,100.0,19500.0
309,2021-10-21 02:25:50,40100.0,400.0,19400.0
310,2021-10-21 02:25:50,40100.0,100.0,19000.0
311,2021-10-21 02:23:39,40200.0,1000.0,18900.0
312,2021-10-21 02:23:39,40200.0,100.0,17900.0
313,2021-10-21 02:23:39,40200.0,500.0,17800.0
314,2021-10-21 02:23:39,40200.0,100.0,17300.0
315,2021-10-21 02:23:39,40200.0,100.0,17200.0
316,2021-10-21 02:23:39,40200.0,100.0,17100.0
317,2021-10-21 02:23:24,40100.0,100.0,17000.0
318,2021-10-21 02:23:17,40100.0,500.0,16900.0
319,2021-10-21 02:23:15,40100.0,100.0,16400.0
320,2021-10-21 02:22:46,40100.0,800.0,16300.0
321,2021-10-21 02:21:35,40000.0,100.0,15500.0
322,2021-10-21 02:21:35,40000.0,500.0,15400.0
323,2021-10-21 02:20:48,39900.0,200.0,14900.0
324,2021-10-21 02:20:48,39900.0,100.0,14700.0
325,2021-10-21 02:20:40,40000.0,200.0,14600.0
326,2021-10-21 02:20:29,40000.0,200.0,14400.0
327,2021-10-21 02:20:27,40000.0,500.0,14200.0
328,2021-10-21 02:20:26,40000.0,100.0,13700.0
329,2021-10-21 02:20:25,40000.0,100.0,13600.0
330,2021-10-21 02:20:04,40000.0,100.0,13500.0
331,2021-10-21 02:19:38,40000.0,300.0,13400.0
332,2021-10-21 02:19:38,40000.0,200.0,13100.0
333,2021-10-21 02:19:38,40000.0,1500.0,12900.0
334,2021-10-21 02:19:32,40000.0,100.0,11400.0
335,2021-10-21 02:18:57,40000.0,1000.0,11300.0
336,2021-10-21 02:18:47,40000.0,500.0,10300.0
337,2021-10-21 02:18:26,40000.0,500.0,9800.0
338,2021-10-21 02:18:23,40000.0,1000.0,9300.0
339,2021-10-21 02:18:14,40000.0,500.0,8300.0
340,2021-10-21 02:15:16,40200.0,500.0,7800.0
341,2021-10-21 02:15:16,40200.0,500.0,7300.0
342,2021-10-21 02:15:16,40200.0,800.0,6800.0
343,2021-10-21 02:15:16,40200.0,100.0,6000.0
344,2021-10-21 02:15:00,40300.0,800.0,5900.0
345,2021-10-21 02:15:00,40300.0,500.0,5100.0
346,2021-10-21 02:15:00,40300.0,100.0,4600.0
347,2021-10-21 02:15:00,40300.0,100.0,4500.0
348,2021-10-21 02:15:00,40300.0,300.0,4400.0
349,2021-10-21 02:15:00,40300.0,200.0,4100.0
350,2021-10-21 02:15:00,40300.0,1300.0,3900.0
351,2021-10-21 02:15:00,40300.0,200.0,2600.0
352,2021-10-21 02:15:00,40300.0,500.0,2400.0
353,2021-10-21 02:15:00,40300.0,500.0,1900.0
354,2021-10-21 02:15:00,40300.0,400.0,1400.0
355,2021-10-21 02:15:00,40300.0,1000.0,1000.0
