,Time,Price,Volume_per_trade,Volume
0,2021-10-11 07:45:01,40200.0,500.0,856200.0
1,2021-10-11 07:45:01,40200.0,100.0,855700.0
2,2021-10-11 07:45:01,40200.0,2000.0,855600.0
3,2021-10-11 07:45:01,40200.0,200.0,853600.0
4,2021-10-11 07:45:01,40200.0,100.0,853400.0
5,2021-10-11 07:45:01,40200.0,1100.0,853300.0
6,2021-10-11 07:45:01,40200.0,800.0,852200.0
7,2021-10-11 07:45:01,40200.0,500.0,851400.0
8,2021-10-11 07:45:01,40200.0,1500.0,850900.0
9,2021-10-11 07:45:01,40200.0,800.0,849400.0
10,2021-10-11 07:45:01,40200.0,300.0,848600.0
11,2021-10-11 07:45:01,40200.0,300.0,848300.0
12,2021-10-11 07:45:01,40200.0,1000.0,848000.0
13,2021-10-11 07:45:01,40200.0,100.0,847000.0
14,2021-10-11 07:45:01,40200.0,500.0,846900.0
15,2021-10-11 07:45:01,40200.0,800.0,846400.0
16,2021-10-11 07:45:01,40200.0,800.0,845600.0
17,2021-10-11 07:45:01,40200.0,1300.0,844800.0
18,2021-10-11 07:45:01,40200.0,200.0,843500.0
19,2021-10-11 07:45:01,40200.0,2800.0,843300.0
20,2021-10-11 07:45:01,40200.0,3000.0,840500.0
21,2021-10-11 07:45:01,40200.0,4200.0,837500.0
22,2021-10-11 07:45:01,40200.0,200.0,833300.0
23,2021-10-11 07:45:01,40200.0,500.0,833100.0
24,2021-10-11 07:45:01,40200.0,100.0,832600.0
25,2021-10-11 07:45:01,40200.0,200.0,832500.0
26,2021-10-11 07:45:01,40200.0,300.0,832300.0
27,2021-10-11 07:45:01,40200.0,300.0,832000.0
28,2021-10-11 07:45:01,40200.0,300.0,831700.0
29,2021-10-11 07:45:01,40200.0,800.0,831400.0
30,2021-10-11 07:45:01,40200.0,700.0,830600.0
31,2021-10-11 07:45:01,40200.0,100.0,829900.0
32,2021-10-11 07:45:01,40200.0,500.0,829800.0
33,2021-10-11 07:45:01,40200.0,1000.0,829300.0
34,2021-10-11 07:45:01,40200.0,2000.0,828300.0
35,2021-10-11 07:45:01,40200.0,500.0,826300.0
36,2021-10-11 07:45:01,40200.0,2000.0,825800.0
37,2021-10-11 07:45:01,40200.0,9000.0,823800.0
38,2021-10-11 07:45:01,40200.0,4200.0,814800.0
39,2021-10-11 07:45:01,40200.0,200.0,810600.0
40,2021-10-11 07:45:01,40200.0,1000.0,810400.0
41,2021-10-11 07:45:01,40200.0,2000.0,809400.0
42,2021-10-11 07:45:01,40200.0,2600.0,807400.0
43,2021-10-11 07:29:50,40000.0,200.0,804800.0
44,2021-10-11 07:29:50,40000.0,100.0,804600.0
45,2021-10-11 07:29:50,40000.0,5000.0,804500.0
46,2021-10-11 07:29:50,40000.0,4700.0,799500.0
47,2021-10-11 07:29:47,40100.0,1000.0,794800.0
48,2021-10-11 07:29:47,40100.0,200.0,793800.0
49,2021-10-11 07:29:19,40100.0,100.0,793600.0
50,2021-10-11 07:28:43,40100.0,2000.0,793500.0
51,2021-10-11 07:28:31,40000.0,300.0,791500.0
52,2021-10-11 07:28:23,40100.0,600.0,791200.0
53,2021-10-11 07:28:17,40000.0,200.0,790600.0
54,2021-10-11 07:28:17,40000.0,200.0,790400.0
55,2021-10-11 07:28:16,40100.0,100.0,790200.0
56,2021-10-11 07:28:06,40000.0,100.0,790100.0
57,2021-10-11 07:28:06,40000.0,100.0,790000.0
58,2021-10-11 07:28:06,40000.0,100.0,789900.0
59,2021-10-11 07:28:06,40000.0,1700.0,789800.0
60,2021-10-11 07:28:01,40100.0,1800.0,788100.0
61,2021-10-11 07:27:54,40000.0,3000.0,786300.0
62,2021-10-11 07:27:49,40000.0,600.0,783300.0
63,2021-10-11 07:27:49,40000.0,1000.0,782700.0
64,2021-10-11 07:27:49,40000.0,5000.0,781700.0
65,2021-10-11 07:27:49,40000.0,500.0,776700.0
66,2021-10-11 07:27:49,40000.0,500.0,776200.0
67,2021-10-11 07:27:49,40000.0,5000.0,775700.0
68,2021-10-11 07:27:49,40000.0,100.0,770700.0
69,2021-10-11 07:27:49,40000.0,2600.0,770600.0
70,2021-10-11 07:27:37,40000.0,500.0,768000.0
71,2021-10-11 07:27:33,39900.0,800.0,767500.0
72,2021-10-11 07:26:55,39900.0,2000.0,766700.0
73,2021-10-11 07:26:41,40000.0,3900.0,764700.0
74,2021-10-11 07:26:41,40000.0,1100.0,760800.0
75,2021-10-11 07:26:40,40000.0,200.0,759700.0
76,2021-10-11 07:26:27,40000.0,100.0,759500.0
77,2021-10-11 07:26:16,40000.0,5000.0,759400.0
78,2021-10-11 07:26:14,39900.0,500.0,754400.0
79,2021-10-11 07:26:07,40000.0,2000.0,753900.0
80,2021-10-11 07:25:54,39900.0,600.0,751900.0
81,2021-10-11 07:25:54,39900.0,400.0,751300.0
82,2021-10-11 07:25:51,39900.0,700.0,750900.0
83,2021-10-11 07:25:51,39900.0,200.0,750200.0
84,2021-10-11 07:25:50,40000.0,500.0,750000.0
85,2021-10-11 07:25:36,39900.0,800.0,749500.0
86,2021-10-11 07:25:34,39800.0,5200.0,748700.0
87,2021-10-11 07:25:34,39800.0,200.0,743500.0
88,2021-10-11 07:25:34,39800.0,1000.0,743300.0
89,2021-10-11 07:25:34,39800.0,3500.0,742300.0
90,2021-10-11 07:25:34,39800.0,100.0,738800.0
91,2021-10-11 07:25:34,39900.0,200.0,738700.0
92,2021-10-11 07:25:34,39900.0,800.0,738500.0
93,2021-10-11 07:25:32,39900.0,500.0,737700.0
94,2021-10-11 07:25:29,39900.0,100.0,737200.0
95,2021-10-11 07:25:24,39900.0,300.0,737100.0
96,2021-10-11 07:25:22,39900.0,300.0,736800.0
97,2021-10-11 07:25:14,39900.0,100.0,736500.0
98,2021-10-11 07:25:13,39900.0,200.0,736400.0
99,2021-10-11 07:24:50,39800.0,900.0,736200.0
100,2021-10-11 07:24:50,39800.0,1000.0,735300.0
101,2021-10-11 07:24:50,39800.0,100.0,734300.0
102,2021-10-11 07:24:50,39800.0,1000.0,734200.0
103,2021-10-11 07:24:50,39800.0,500.0,733200.0
104,2021-10-11 07:24:50,39800.0,300.0,732700.0
105,2021-10-11 07:24:50,39800.0,1000.0,732400.0
106,2021-10-11 07:24:50,39800.0,200.0,731400.0
107,2021-10-11 07:24:35,39800.0,600.0,731200.0
108,2021-10-11 07:24:28,39800.0,700.0,730600.0
109,2021-10-11 07:24:27,39800.0,500.0,729900.0
110,2021-10-11 07:24:22,39800.0,200.0,729400.0
111,2021-10-11 07:24:22,39800.0,100.0,729200.0
112,2021-10-11 07:24:22,39900.0,2200.0,729100.0
113,2021-10-11 07:24:22,39900.0,200.0,726900.0
114,2021-10-11 07:24:22,39900.0,1000.0,726700.0
115,2021-10-11 07:24:22,39900.0,100.0,725700.0
116,2021-10-11 07:24:22,40000.0,200.0,725600.0
117,2021-10-11 07:24:04,40000.0,1600.0,725400.0
118,2021-10-11 07:24:04,39800.0,400.0,723800.0
119,2021-10-11 07:24:03,39800.0,100.0,723400.0
120,2021-10-11 07:24:03,39800.0,1000.0,723300.0
121,2021-10-11 07:24:03,39800.0,100.0,722300.0
122,2021-10-11 07:24:03,39800.0,100.0,722200.0
123,2021-10-11 07:24:03,39800.0,1000.0,722100.0
124,2021-10-11 07:24:03,39800.0,1000.0,721100.0
125,2021-10-11 07:24:03,39800.0,200.0,720100.0
126,2021-10-11 07:24:03,39800.0,100.0,719900.0
127,2021-10-11 07:24:03,39800.0,300.0,719800.0
128,2021-10-11 07:24:03,39900.0,300.0,719500.0
129,2021-10-11 07:24:03,39900.0,900.0,719200.0
130,2021-10-11 07:23:54,39900.0,100.0,718300.0
131,2021-10-11 07:23:52,39900.0,500.0,718200.0
132,2021-10-11 07:23:47,39900.0,100.0,717700.0
133,2021-10-11 07:23:45,39900.0,100.0,717600.0
134,2021-10-11 07:23:44,39900.0,1000.0,717500.0
135,2021-10-11 07:23:42,39900.0,1000.0,716500.0
136,2021-10-11 07:23:20,39900.0,100.0,715500.0
137,2021-10-11 07:23:16,39900.0,500.0,715400.0
138,2021-10-11 07:23:16,39900.0,100.0,714900.0
139,2021-10-11 07:23:02,40000.0,200.0,714800.0
140,2021-10-11 07:22:53,40000.0,5000.0,714600.0
141,2021-10-11 07:22:53,39900.0,1500.0,709600.0
142,2021-10-11 07:22:50,39900.0,100.0,708100.0
143,2021-10-11 07:22:50,39900.0,300.0,708000.0
144,2021-10-11 07:22:44,40000.0,500.0,707700.0
145,2021-10-11 07:22:41,40000.0,300.0,707200.0
146,2021-10-11 07:22:29,40000.0,100.0,706900.0
147,2021-10-11 07:22:29,40000.0,100.0,706800.0
148,2021-10-11 07:22:29,40000.0,200.0,706700.0
149,2021-10-11 07:22:29,40000.0,2500.0,706500.0
150,2021-10-11 07:22:29,40000.0,500.0,704000.0
151,2021-10-11 07:22:29,40000.0,500.0,703500.0
152,2021-10-11 07:22:29,40000.0,1000.0,703000.0
153,2021-10-11 07:22:29,40000.0,500.0,702000.0
154,2021-10-11 07:22:29,40000.0,100.0,701500.0
155,2021-10-11 07:22:29,40000.0,200.0,701400.0
156,2021-10-11 07:22:29,40000.0,100.0,701200.0
157,2021-10-11 07:22:29,40000.0,100.0,701100.0
158,2021-10-11 07:22:29,40000.0,1000.0,701000.0
159,2021-10-11 07:22:29,40000.0,200.0,700000.0
160,2021-10-11 07:22:29,40000.0,100.0,699800.0
161,2021-10-11 07:22:29,40000.0,1500.0,699700.0
162,2021-10-11 07:22:29,40000.0,1000.0,698200.0
163,2021-10-11 07:22:29,40000.0,500.0,697200.0
164,2021-10-11 07:22:29,40000.0,100.0,696700.0
165,2021-10-11 07:22:29,40000.0,100.0,696600.0
166,2021-10-11 07:22:29,40000.0,100.0,696500.0
167,2021-10-11 07:22:29,40000.0,500.0,696400.0
168,2021-10-11 07:22:29,40000.0,200.0,695900.0
169,2021-10-11 07:22:29,40000.0,100.0,695700.0
170,2021-10-11 07:22:29,40000.0,100.0,695600.0
171,2021-10-11 07:22:29,40000.0,200.0,695500.0
172,2021-10-11 07:22:29,40000.0,100.0,695300.0
173,2021-10-11 07:22:29,40000.0,500.0,695200.0
174,2021-10-11 07:22:29,40000.0,100.0,694700.0
175,2021-10-11 07:22:29,40000.0,400.0,694600.0
176,2021-10-11 07:22:29,40000.0,300.0,694200.0
177,2021-10-11 07:22:29,40000.0,300.0,693900.0
178,2021-10-11 07:22:19,40000.0,100.0,693600.0
179,2021-10-11 07:22:12,40000.0,100.0,693500.0
180,2021-10-11 07:22:12,40000.0,300.0,693400.0
181,2021-10-11 07:22:12,40000.0,1000.0,693100.0
182,2021-10-11 07:22:12,40000.0,100.0,692100.0
183,2021-10-11 07:22:12,40000.0,300.0,692000.0
184,2021-10-11 07:22:12,40000.0,300.0,691700.0
185,2021-10-11 07:22:12,40000.0,500.0,691400.0
186,2021-10-11 07:22:12,40000.0,1100.0,690900.0
187,2021-10-11 07:22:12,40000.0,300.0,689800.0
188,2021-10-11 07:22:12,40000.0,100.0,689500.0
189,2021-10-11 07:22:12,40000.0,200.0,689400.0
190,2021-10-11 07:22:12,40000.0,500.0,689200.0
191,2021-10-11 07:22:12,40050.0,100.0,688700.0
192,2021-10-11 07:22:12,40050.0,100.0,688600.0
193,2021-10-11 07:22:11,40100.0,5000.0,688500.0
194,2021-10-11 07:22:06,40100.0,100.0,683500.0
195,2021-10-11 07:22:06,40100.0,400.0,683400.0
196,2021-10-11 07:22:01,40100.0,100.0,683000.0
197,2021-10-11 07:22:01,40100.0,100.0,682900.0
198,2021-10-11 07:22:00,40100.0,100.0,682800.0
199,2021-10-11 07:22:00,40100.0,2000.0,682700.0
200,2021-10-11 07:22:00,40100.0,500.0,680700.0
201,2021-10-11 07:22:00,40100.0,1600.0,680200.0
202,2021-10-11 07:22:00,40100.0,200.0,678600.0
203,2021-10-11 07:22:00,40100.0,200.0,678400.0
204,2021-10-11 07:22:00,40100.0,300.0,678200.0
205,2021-10-11 07:22:00,40100.0,100.0,677900.0
206,2021-10-11 07:21:50,40150.0,500.0,677800.0
207,2021-10-11 07:21:50,40150.0,100.0,677300.0
208,2021-10-11 07:21:39,40200.0,200.0,677200.0
209,2021-10-11 07:21:28,40150.0,1900.0,677000.0
210,2021-10-11 07:21:28,40150.0,100.0,675100.0
211,2021-10-11 07:21:28,40200.0,600.0,675000.0
212,2021-10-11 07:21:28,40200.0,1400.0,674400.0
213,2021-10-11 07:21:22,40200.0,500.0,673000.0
214,2021-10-11 07:21:17,40200.0,300.0,672500.0
215,2021-10-11 07:21:17,40200.0,500.0,672200.0
216,2021-10-11 07:21:17,40200.0,100.0,671700.0
217,2021-10-11 07:21:17,40200.0,500.0,671600.0
218,2021-10-11 07:21:17,40200.0,100.0,671100.0
219,2021-10-11 07:21:17,40200.0,5000.0,671000.0
220,2021-10-11 07:21:17,40200.0,1000.0,666000.0
221,2021-10-11 07:21:17,40200.0,100.0,665000.0
222,2021-10-11 07:21:17,40200.0,100.0,664900.0
223,2021-10-11 07:21:17,40200.0,100.0,664800.0
224,2021-10-11 07:21:17,40200.0,100.0,664700.0
225,2021-10-11 07:21:17,40200.0,1000.0,664600.0
226,2021-10-11 07:21:17,40200.0,200.0,663600.0
227,2021-10-11 07:21:17,40200.0,100.0,663400.0
228,2021-10-11 07:21:17,40200.0,300.0,663300.0
229,2021-10-11 07:21:17,40200.0,1000.0,663000.0
230,2021-10-11 07:21:17,40200.0,100.0,662000.0
231,2021-10-11 07:21:17,40200.0,500.0,661900.0
232,2021-10-11 07:21:17,40200.0,2000.0,661400.0
233,2021-10-11 07:21:11,40200.0,2000.0,659400.0
234,2021-10-11 07:20:40,40200.0,10000.0,657400.0
235,2021-10-11 07:20:39,40200.0,500.0,647400.0
236,2021-10-11 07:20:35,40200.0,500.0,646900.0
237,2021-10-11 07:20:03,40200.0,3600.0,646400.0
238,2021-10-11 07:19:54,40200.0,1400.0,642800.0
239,2021-10-11 07:19:54,40200.0,100.0,641400.0
240,2021-10-11 07:19:54,40200.0,100.0,641300.0
241,2021-10-11 07:19:54,40200.0,200.0,641200.0
242,2021-10-11 07:19:54,40200.0,100.0,641000.0
243,2021-10-11 07:19:54,40200.0,100.0,640900.0
244,2021-10-11 07:19:46,40200.0,300.0,640800.0
245,2021-10-11 07:19:11,40200.0,1100.0,640500.0
246,2021-10-11 07:18:58,40200.0,600.0,639400.0
247,2021-10-11 07:18:58,40200.0,100.0,638800.0
248,2021-10-11 07:18:58,40200.0,500.0,638700.0
249,2021-10-11 07:18:58,40200.0,200.0,638200.0
250,2021-10-11 07:18:58,40200.0,5000.0,638000.0
251,2021-10-11 07:18:58,40200.0,1500.0,633000.0
252,2021-10-11 07:18:58,40200.0,100.0,631500.0
253,2021-10-11 07:18:58,40200.0,800.0,631400.0
254,2021-10-11 07:18:58,40200.0,100.0,630600.0
255,2021-10-11 07:18:58,40250.0,800.0,630500.0
256,2021-10-11 07:18:58,40250.0,1000.0,629700.0
257,2021-10-11 07:18:58,40250.0,500.0,628700.0
258,2021-10-11 07:18:58,40250.0,100.0,628200.0
259,2021-10-11 07:18:58,40250.0,200.0,628100.0
260,2021-10-11 07:18:58,40250.0,100.0,627900.0
261,2021-10-11 07:18:58,40250.0,1400.0,627800.0
262,2021-10-11 07:18:58,40250.0,1000.0,626400.0
263,2021-10-11 07:18:58,40250.0,10000.0,625400.0
264,2021-10-11 07:18:58,40250.0,1500.0,615400.0
265,2021-10-11 07:18:58,40250.0,2400.0,613900.0
266,2021-10-11 07:18:25,40300.0,400.0,611500.0
267,2021-10-11 07:17:44,40300.0,100.0,611100.0
268,2021-10-11 07:17:42,40300.0,100.0,611000.0
269,2021-10-11 07:17:42,40300.0,800.0,610900.0
270,2021-10-11 07:17:26,40300.0,200.0,610100.0
271,2021-10-11 07:17:26,40300.0,500.0,609900.0
272,2021-10-11 07:17:24,40300.0,100.0,609400.0
273,2021-10-11 07:17:20,40300.0,100.0,609300.0
274,2021-10-11 07:17:16,40300.0,100.0,609200.0
275,2021-10-11 07:17:16,40300.0,200.0,609100.0
276,2021-10-11 07:17:16,40300.0,600.0,608900.0
277,2021-10-11 07:17:16,40300.0,200.0,608300.0
278,2021-10-11 07:17:10,40300.0,800.0,608100.0
279,2021-10-11 07:17:10,40300.0,100.0,607300.0
280,2021-10-11 07:17:10,40300.0,100.0,607200.0
281,2021-10-11 07:16:54,40300.0,200.0,607100.0
282,2021-10-11 07:15:46,40300.0,700.0,606900.0
283,2021-10-11 07:15:46,40300.0,1000.0,606200.0
284,2021-10-11 07:15:46,40300.0,100.0,605200.0
285,2021-10-11 07:15:46,40300.0,400.0,605100.0
286,2021-10-11 07:15:13,40300.0,1000.0,604700.0
287,2021-10-11 07:15:08,40250.0,200.0,603700.0
288,2021-10-11 07:14:37,40300.0,100.0,603500.0
289,2021-10-11 07:14:18,40300.0,500.0,603400.0
290,2021-10-11 07:14:09,40300.0,2000.0,602900.0
291,2021-10-11 07:14:06,40300.0,1000.0,600900.0
292,2021-10-11 07:13:43,40300.0,1000.0,599900.0
293,2021-10-11 07:13:34,40300.0,200.0,598900.0
294,2021-10-11 07:13:02,40300.0,100.0,598700.0
295,2021-10-11 07:12:53,40300.0,300.0,598600.0
296,2021-10-11 07:12:53,40300.0,1000.0,598300.0
297,2021-10-11 07:12:53,40300.0,400.0,597300.0
298,2021-10-11 07:12:46,40300.0,100.0,596900.0
299,2021-10-11 07:12:17,40300.0,200.0,596800.0
300,2021-10-11 07:12:09,40300.0,200.0,596600.0
301,2021-10-11 07:12:09,40300.0,200.0,596400.0
302,2021-10-11 07:12:09,40300.0,100.0,596200.0
303,2021-10-11 07:12:09,40300.0,100.0,596100.0
304,2021-10-11 07:11:34,40300.0,400.0,596000.0
305,2021-10-11 07:10:57,40300.0,1000.0,595600.0
306,2021-10-11 07:09:57,40300.0,500.0,594600.0
307,2021-10-11 07:09:49,40300.0,300.0,594100.0
308,2021-10-11 07:09:27,40300.0,100.0,593800.0
309,2021-10-11 07:09:13,40300.0,200.0,593700.0
310,2021-10-11 07:08:58,40300.0,2000.0,593500.0
311,2021-10-11 07:08:52,40300.0,100.0,591500.0
312,2021-10-11 07:08:52,40300.0,100.0,591400.0
313,2021-10-11 07:08:52,40300.0,100.0,591300.0
314,2021-10-11 07:08:52,40300.0,1000.0,591200.0
315,2021-10-11 07:08:52,40300.0,300.0,590200.0
316,2021-10-11 07:08:52,40300.0,1000.0,589900.0
317,2021-10-11 07:08:52,40300.0,2000.0,588900.0
318,2021-10-11 07:08:52,40300.0,200.0,586900.0
319,2021-10-11 07:08:52,40300.0,2100.0,586700.0
320,2021-10-11 07:08:40,40350.0,1000.0,584600.0
321,2021-10-11 07:08:32,40350.0,100.0,583600.0
322,2021-10-11 07:08:32,40350.0,900.0,583500.0
323,2021-10-11 07:05:45,40300.0,1000.0,582600.0
324,2021-10-11 07:05:05,40350.0,100.0,581600.0
325,2021-10-11 07:04:46,40350.0,1000.0,581500.0
326,2021-10-11 07:03:54,40300.0,2600.0,580500.0
327,2021-10-11 07:03:43,40300.0,7400.0,577900.0
328,2021-10-11 07:03:43,40300.0,1000.0,570500.0
329,2021-10-11 07:03:43,40300.0,1600.0,569500.0
330,2021-10-11 07:03:35,40250.0,400.0,567900.0
331,2021-10-11 07:03:35,40250.0,3600.0,567500.0
332,2021-10-11 07:03:19,40250.0,900.0,563900.0
333,2021-10-11 07:03:03,40250.0,500.0,563000.0
334,2021-10-11 07:03:03,40250.0,100.0,562500.0
335,2021-10-11 07:03:03,40250.0,400.0,562400.0
336,2021-10-11 07:02:45,40250.0,4600.0,562000.0
337,2021-10-11 07:02:45,40250.0,5400.0,557400.0
338,2021-10-11 07:02:22,40250.0,6000.0,552000.0
339,2021-10-11 07:02:01,40250.0,8600.0,546000.0
340,2021-10-11 07:02:01,40250.0,900.0,537400.0
341,2021-10-11 07:02:01,40250.0,500.0,536500.0
342,2021-10-11 07:01:31,40300.0,300.0,536000.0
343,2021-10-11 07:01:27,40300.0,500.0,535700.0
344,2021-10-11 07:01:22,40300.0,100.0,535200.0
345,2021-10-11 07:01:19,40300.0,200.0,535100.0
346,2021-10-11 07:01:13,40300.0,200.0,534900.0
347,2021-10-11 07:01:09,40300.0,100.0,534700.0
348,2021-10-11 07:01:09,40300.0,900.0,534600.0
349,2021-10-11 07:01:04,40300.0,100.0,533700.0
350,2021-10-11 07:00:49,40300.0,400.0,533600.0
351,2021-10-11 07:00:38,40300.0,100.0,533200.0
352,2021-10-11 07:00:30,40300.0,500.0,533100.0
353,2021-10-11 07:00:16,40300.0,100.0,532600.0
354,2021-10-11 07:00:16,40300.0,500.0,532500.0
355,2021-10-11 07:00:16,40300.0,100.0,532000.0
356,2021-10-11 07:00:16,40300.0,100.0,531900.0
357,2021-10-11 07:00:16,40300.0,200.0,531800.0
358,2021-10-11 07:00:16,40300.0,900.0,531600.0
359,2021-10-11 07:00:16,40300.0,100.0,530700.0
360,2021-10-11 07:00:16,40300.0,1400.0,530600.0
361,2021-10-11 07:00:16,40300.0,200.0,529200.0
362,2021-10-11 07:00:16,40300.0,100.0,529000.0
363,2021-10-11 07:00:16,40300.0,100.0,528900.0
364,2021-10-11 07:00:16,40300.0,300.0,528800.0
365,2021-10-11 07:00:16,40300.0,100.0,528500.0
366,2021-10-11 07:00:16,40300.0,800.0,528400.0
367,2021-10-11 06:59:45,40400.0,100.0,527600.0
368,2021-10-11 06:59:45,40300.0,5200.0,527500.0
369,2021-10-11 06:59:45,40300.0,5000.0,522300.0
370,2021-10-11 06:59:45,40300.0,100.0,517300.0
371,2021-10-11 06:59:45,40300.0,500.0,517200.0
372,2021-10-11 06:59:45,40300.0,500.0,516700.0
373,2021-10-11 06:59:45,40300.0,2000.0,516200.0
374,2021-10-11 06:59:45,40300.0,3000.0,514200.0
375,2021-10-11 06:59:45,40300.0,100.0,511200.0
376,2021-10-11 06:59:45,40300.0,200.0,511100.0
377,2021-10-11 06:59:45,40350.0,3000.0,510900.0
378,2021-10-11 06:59:45,40350.0,3000.0,507900.0
379,2021-10-11 06:59:45,40350.0,200.0,504900.0
380,2021-10-11 06:59:45,40350.0,2000.0,504700.0
381,2021-10-11 06:59:45,40350.0,100.0,502700.0
382,2021-10-11 06:59:45,40350.0,10000.0,502600.0
383,2021-10-11 06:59:45,40350.0,100.0,492600.0
384,2021-10-11 06:59:25,40400.0,300.0,492500.0
385,2021-10-11 06:58:46,40400.0,100.0,492200.0
386,2021-10-11 06:58:13,40400.0,200.0,492100.0
387,2021-10-11 06:58:08,40400.0,1000.0,491900.0
388,2021-10-11 06:58:08,40400.0,200.0,490900.0
389,2021-10-11 06:57:52,40400.0,500.0,490700.0
390,2021-10-11 06:57:32,40400.0,2300.0,490200.0
391,2021-10-11 06:57:32,40400.0,100.0,487900.0
392,2021-10-11 06:57:32,40400.0,100.0,487800.0
393,2021-10-11 06:57:32,40400.0,500.0,487700.0
394,2021-10-11 06:57:32,40400.0,200.0,487200.0
395,2021-10-11 06:57:32,40400.0,600.0,487000.0
396,2021-10-11 06:57:32,40400.0,300.0,486400.0
397,2021-10-11 06:57:32,40400.0,300.0,486100.0
398,2021-10-11 06:57:32,40400.0,200.0,485800.0
399,2021-10-11 06:57:32,40400.0,100.0,485600.0
400,2021-10-11 06:57:32,40400.0,300.0,485500.0
401,2021-10-11 06:57:32,40400.0,1000.0,485200.0
402,2021-10-11 06:57:32,40400.0,1000.0,484200.0
403,2021-10-11 06:57:32,40400.0,2000.0,483200.0
404,2021-10-11 06:57:32,40400.0,500.0,481200.0
405,2021-10-11 06:57:32,40400.0,500.0,480700.0
406,2021-10-11 06:57:23,40400.0,500.0,480200.0
407,2021-10-11 06:57:23,40400.0,1000.0,479700.0
408,2021-10-11 06:57:17,40450.0,900.0,478700.0
409,2021-10-11 06:54:38,40400.0,500.0,477800.0
410,2021-10-11 06:54:36,40400.0,3500.0,477300.0
411,2021-10-11 06:54:36,40400.0,1500.0,473800.0
412,2021-10-11 06:53:52,40450.0,200.0,472300.0
413,2021-10-11 06:53:21,40450.0,200.0,472100.0
414,2021-10-11 06:53:10,40450.0,100.0,471900.0
415,2021-10-11 06:53:00,40400.0,500.0,471800.0
416,2021-10-11 06:52:41,40400.0,400.0,471300.0
417,2021-10-11 06:52:06,40400.0,2600.0,470900.0
418,2021-10-11 06:52:06,40400.0,2400.0,468300.0
419,2021-10-11 06:51:34,40400.0,500.0,465900.0
420,2021-10-11 06:51:34,40400.0,100.0,465400.0
421,2021-10-11 06:51:34,40400.0,1900.0,465300.0
422,2021-10-11 06:50:29,40400.0,100.0,463400.0
423,2021-10-11 06:50:29,40400.0,100.0,463300.0
424,2021-10-11 06:50:29,40400.0,100.0,463200.0
425,2021-10-11 06:50:29,40400.0,200.0,463100.0
426,2021-10-11 06:50:26,40400.0,100.0,462900.0
427,2021-10-11 06:49:19,40400.0,900.0,462800.0
428,2021-10-11 06:49:19,40450.0,1000.0,461900.0
429,2021-10-11 06:49:19,40450.0,3100.0,460900.0
430,2021-10-11 06:48:27,40450.0,1900.0,457800.0
431,2021-10-11 06:48:27,40450.0,100.0,455900.0
432,2021-10-11 06:46:22,40450.0,100.0,455800.0
433,2021-10-11 06:46:22,40450.0,400.0,455700.0
434,2021-10-11 06:45:58,40500.0,600.0,455300.0
435,2021-10-11 06:44:33,40500.0,800.0,454700.0
436,2021-10-11 06:44:01,40500.0,1800.0,453900.0
437,2021-10-11 06:44:01,40500.0,1000.0,452100.0
438,2021-10-11 06:44:01,40500.0,1000.0,451100.0
439,2021-10-11 06:44:01,40500.0,100.0,450100.0
440,2021-10-11 06:44:01,40500.0,800.0,450000.0
441,2021-10-11 06:43:32,40500.0,100.0,449200.0
442,2021-10-11 06:42:56,40500.0,100.0,449100.0
443,2021-10-11 06:42:56,40500.0,500.0,449000.0
444,2021-10-11 06:42:56,40500.0,100.0,448500.0
445,2021-10-11 06:40:36,40500.0,2500.0,448400.0
446,2021-10-11 06:40:14,40500.0,5200.0,445900.0
447,2021-10-11 06:39:46,40500.0,4000.0,440700.0
448,2021-10-11 06:39:12,40450.0,1500.0,436700.0
449,2021-10-11 06:39:12,40450.0,300.0,435200.0
450,2021-10-11 06:38:12,40450.0,400.0,434900.0
451,2021-10-11 06:37:50,40450.0,200.0,434500.0
452,2021-10-11 06:37:26,40450.0,300.0,434300.0
453,2021-10-11 06:37:16,40450.0,600.0,434000.0
454,2021-10-11 06:36:46,40500.0,1200.0,433400.0
455,2021-10-11 06:36:46,40500.0,300.0,432200.0
456,2021-10-11 06:35:51,40500.0,300.0,431900.0
457,2021-10-11 06:35:32,40450.0,100.0,431600.0
458,2021-10-11 06:35:32,40450.0,300.0,431500.0
459,2021-10-11 06:35:32,40450.0,100.0,431200.0
460,2021-10-11 06:34:50,40450.0,800.0,431100.0
461,2021-10-11 06:34:47,40500.0,100.0,430300.0
462,2021-10-11 06:34:23,40500.0,200.0,430200.0
463,2021-10-11 06:34:01,40500.0,100.0,430000.0
464,2021-10-11 06:33:19,40500.0,3000.0,429900.0
465,2021-10-11 06:32:44,40450.0,100.0,426900.0
466,2021-10-11 06:32:40,40450.0,900.0,426800.0
467,2021-10-11 06:32:40,40450.0,200.0,425900.0
468,2021-10-11 06:32:39,40450.0,100.0,425700.0
469,2021-10-11 06:32:21,40450.0,100.0,425600.0
470,2021-10-11 06:31:07,40450.0,100.0,425500.0
471,2021-10-11 06:31:07,40450.0,100.0,425400.0
472,2021-10-11 06:29:59,40400.0,2000.0,425300.0
473,2021-10-11 06:28:54,40400.0,100.0,423300.0
474,2021-10-11 06:27:39,40400.0,400.0,423200.0
475,2021-10-11 06:27:31,40350.0,900.0,422800.0
476,2021-10-11 06:27:31,40350.0,100.0,421900.0
477,2021-10-11 06:27:31,40350.0,1000.0,421800.0
478,2021-10-11 06:27:31,40350.0,400.0,420800.0
479,2021-10-11 06:27:31,40350.0,100.0,420400.0
480,2021-10-11 06:27:31,40350.0,500.0,420300.0
481,2021-10-11 06:26:58,40350.0,500.0,419800.0
482,2021-10-11 06:26:58,40350.0,500.0,419300.0
483,2021-10-11 06:26:57,40400.0,1000.0,418800.0
484,2021-10-11 06:26:57,40400.0,100.0,417800.0
485,2021-10-11 06:26:57,40400.0,300.0,417700.0
486,2021-10-11 06:26:57,40400.0,400.0,417400.0
487,2021-10-11 06:26:57,40400.0,200.0,417000.0
488,2021-10-11 06:26:48,40400.0,800.0,416800.0
489,2021-10-11 06:26:48,40400.0,100.0,416000.0
490,2021-10-11 06:26:48,40400.0,100.0,415900.0
491,2021-10-11 06:26:48,40400.0,200.0,415800.0
492,2021-10-11 06:26:48,40400.0,500.0,415600.0
493,2021-10-11 06:26:48,40400.0,100.0,415100.0
494,2021-10-11 06:26:48,40400.0,1000.0,415000.0
495,2021-10-11 06:26:48,40400.0,200.0,414000.0
496,2021-10-11 06:26:48,40400.0,200.0,413800.0
497,2021-10-11 06:26:48,40400.0,100.0,413600.0
498,2021-10-11 06:26:48,40400.0,3000.0,413500.0
499,2021-10-11 06:26:48,40400.0,400.0,410500.0
500,2021-10-11 06:26:48,40400.0,500.0,410100.0
501,2021-10-11 06:26:48,40400.0,100.0,409600.0
502,2021-10-11 06:26:48,40400.0,200.0,409500.0
503,2021-10-11 06:26:48,40400.0,800.0,409300.0
504,2021-10-11 06:24:27,40500.0,1000.0,408500.0
505,2021-10-11 06:23:50,40600.0,200.0,407500.0
506,2021-10-11 06:23:50,40600.0,5000.0,407300.0
507,2021-10-11 06:23:50,40500.0,1000.0,402300.0
508,2021-10-11 06:23:50,40500.0,100.0,401300.0
509,2021-10-11 06:23:50,40500.0,2200.0,401200.0
510,2021-10-11 06:23:48,40500.0,800.0,399000.0
511,2021-10-11 06:23:48,40500.0,200.0,398200.0
512,2021-10-11 06:21:59,40500.0,800.0,398000.0
513,2021-10-11 06:21:55,40500.0,200.0,397200.0
514,2021-10-11 06:21:43,40500.0,200.0,397000.0
515,2021-10-11 06:21:27,40500.0,100.0,396800.0
516,2021-10-11 06:21:12,40500.0,600.0,396700.0
517,2021-10-11 06:21:04,40500.0,100.0,396100.0
518,2021-10-11 06:21:04,40500.0,300.0,396000.0
519,2021-10-11 06:20:56,40500.0,200.0,395700.0
520,2021-10-11 06:20:56,40500.0,100.0,395500.0
521,2021-10-11 06:20:56,40500.0,100.0,395400.0
522,2021-10-11 06:20:44,40500.0,500.0,395300.0
523,2021-10-11 06:20:37,40500.0,400.0,394800.0
524,2021-10-11 06:20:37,40500.0,100.0,394400.0
525,2021-10-11 06:20:29,40500.0,200.0,394300.0
526,2021-10-11 06:20:21,40500.0,400.0,394100.0
527,2021-10-11 06:20:13,40500.0,100.0,393700.0
528,2021-10-11 06:19:14,40600.0,100.0,393600.0
529,2021-10-11 06:16:30,40600.0,200.0,393500.0
530,2021-10-11 06:16:30,40600.0,700.0,393300.0
531,2021-10-11 06:16:30,40600.0,1500.0,392600.0
532,2021-10-11 06:16:30,40600.0,100.0,391100.0
533,2021-10-11 06:16:30,40600.0,500.0,391000.0
534,2021-10-11 06:16:01,40500.0,100.0,390500.0
535,2021-10-11 06:15:56,40500.0,3000.0,390400.0
536,2021-10-11 06:15:28,40500.0,100.0,387400.0
537,2021-10-11 06:15:21,40500.0,100.0,387300.0
538,2021-10-11 06:15:21,40500.0,900.0,387200.0
539,2021-10-11 06:15:14,40500.0,100.0,386300.0
540,2021-10-11 06:15:14,40500.0,2900.0,386200.0
541,2021-10-11 06:14:23,40500.0,100.0,383300.0
542,2021-10-11 06:14:21,40500.0,3500.0,383200.0
543,2021-10-11 06:14:21,40500.0,500.0,379700.0
544,2021-10-11 06:14:14,40400.0,100.0,379200.0
545,2021-10-11 06:13:05,40400.0,100.0,379100.0
546,2021-10-11 06:13:05,40400.0,1500.0,379000.0
547,2021-10-11 06:12:52,40400.0,500.0,377500.0
548,2021-10-11 06:12:52,40400.0,2000.0,377000.0
549,2021-10-11 06:12:52,40400.0,1000.0,375000.0
550,2021-10-11 06:12:52,40400.0,500.0,374000.0
551,2021-10-11 06:12:52,40400.0,500.0,373500.0
552,2021-10-11 06:12:52,40400.0,300.0,373000.0
553,2021-10-11 06:12:52,40400.0,100.0,372700.0
554,2021-10-11 06:12:52,40400.0,1000.0,372600.0
555,2021-10-11 06:12:52,40400.0,200.0,371600.0
556,2021-10-11 06:12:52,40400.0,5000.0,371400.0
557,2021-10-11 06:12:52,40400.0,500.0,366400.0
558,2021-10-11 06:12:52,40400.0,100.0,365900.0
559,2021-10-11 06:12:52,40400.0,100.0,365800.0
560,2021-10-11 06:12:52,40400.0,500.0,365700.0
561,2021-10-11 06:12:52,40400.0,2000.0,365200.0
562,2021-10-11 06:12:52,40400.0,300.0,363200.0
563,2021-10-11 06:12:52,40400.0,300.0,362900.0
564,2021-10-11 06:12:52,40400.0,200.0,362600.0
565,2021-10-11 06:12:52,40400.0,100.0,362400.0
566,2021-10-11 06:12:52,40400.0,300.0,362300.0
567,2021-10-11 06:12:52,40400.0,400.0,362000.0
568,2021-10-11 06:12:52,40400.0,4100.0,361600.0
569,2021-10-11 06:12:38,40500.0,500.0,357500.0
570,2021-10-11 06:12:30,40500.0,1000.0,357000.0
571,2021-10-11 06:12:21,40500.0,200.0,356000.0
572,2021-10-11 06:12:21,40500.0,500.0,355800.0
573,2021-10-11 06:12:21,40500.0,200.0,355300.0
574,2021-10-11 06:11:51,40500.0,300.0,355100.0
575,2021-10-11 06:11:51,40500.0,100.0,354800.0
576,2021-10-11 06:11:51,40500.0,500.0,354700.0
577,2021-10-11 06:11:51,40500.0,100.0,354200.0
578,2021-10-11 06:11:05,40500.0,100.0,354100.0
579,2021-10-11 06:10:41,40500.0,500.0,354000.0
580,2021-10-11 06:07:22,40500.0,1400.0,353500.0
581,2021-10-11 06:07:22,40500.0,100.0,352100.0
582,2021-10-11 06:07:22,40500.0,1000.0,352000.0
583,2021-10-11 06:07:22,40500.0,500.0,351000.0
584,2021-10-11 06:07:22,40500.0,200.0,350500.0
585,2021-10-11 06:07:22,40500.0,100.0,350300.0
586,2021-10-11 06:07:22,40500.0,1700.0,350200.0
587,2021-10-11 06:03:51,40500.0,300.0,348500.0
588,2021-10-11 06:03:32,40500.0,1500.0,348200.0
589,2021-10-11 06:03:31,40500.0,400.0,346700.0
590,2021-10-11 06:03:27,40500.0,200.0,346300.0
591,2021-10-11 06:01:44,40500.0,300.0,346100.0
592,2021-10-11 06:00:38,40500.0,2100.0,345800.0
593,2021-10-11 06:00:38,40500.0,3500.0,343700.0
594,2021-10-11 06:00:15,40500.0,200.0,340200.0
595,2021-10-11 06:00:11,40500.0,600.0,340000.0
596,2021-10-11 06:00:08,40500.0,400.0,339400.0
597,2021-10-11 06:00:03,40500.0,500.0,339000.0
598,2021-10-11 06:00:02,40500.0,100.0,338500.0
599,2021-10-11 06:00:02,40500.0,1800.0,338400.0
600,2021-10-11 06:00:02,40500.0,2900.0,336600.0
601,2021-10-11 06:00:02,40500.0,2100.0,333700.0
602,2021-10-11 06:00:02,40500.0,100.0,331600.0
603,2021-10-11 06:00:02,40500.0,100.0,331500.0
604,2021-10-11 06:00:02,40500.0,2000.0,331400.0
605,2021-10-11 06:00:02,40500.0,100.0,329400.0
606,2021-10-11 06:00:02,40500.0,500.0,329300.0
607,2021-10-11 06:00:02,40500.0,300.0,328800.0
608,2021-10-11 06:00:02,40500.0,500.0,328500.0
609,2021-10-11 06:00:02,40500.0,1500.0,328000.0
610,2021-10-11 06:00:02,40500.0,500.0,326500.0
611,2021-10-11 06:00:02,40500.0,300.0,326000.0
612,2021-10-11 06:00:02,40500.0,100.0,325700.0
613,2021-10-11 06:00:02,40500.0,500.0,325600.0
614,2021-10-11 06:00:02,40500.0,1300.0,325100.0
615,2021-10-11 06:00:02,40550.0,100.0,323800.0
616,2021-10-11 06:00:01,40600.0,100.0,323700.0
617,2021-10-11 06:00:00,40600.0,100.0,323600.0
618,2021-10-11 06:00:00,40600.0,200.0,323500.0
619,2021-10-11 04:28:48,40600.0,1000.0,323300.0
620,2021-10-11 04:28:31,40600.0,100.0,322300.0
621,2021-10-11 04:27:56,40600.0,3600.0,322200.0
622,2021-10-11 04:27:30,40600.0,1000.0,318600.0
623,2021-10-11 04:27:30,40600.0,400.0,317600.0
624,2021-10-11 04:27:28,40600.0,3400.0,317200.0
625,2021-10-11 04:26:45,40600.0,100.0,313800.0
626,2021-10-11 04:26:38,40600.0,100.0,313700.0
627,2021-10-11 04:26:34,40600.0,700.0,313600.0
628,2021-10-11 04:26:13,40600.0,1200.0,312900.0
629,2021-10-11 04:24:38,40650.0,100.0,311700.0
630,2021-10-11 04:24:38,40650.0,200.0,311600.0
631,2021-10-11 04:24:38,40700.0,1000.0,311400.0
632,2021-10-11 04:21:46,40650.0,100.0,310400.0
633,2021-10-11 04:18:10,40650.0,100.0,310300.0
634,2021-10-11 04:18:10,40700.0,200.0,310200.0
635,2021-10-11 04:16:37,40650.0,500.0,310000.0
636,2021-10-11 04:16:37,40650.0,300.0,309500.0
637,2021-10-11 04:16:37,40650.0,1000.0,309200.0
638,2021-10-11 04:16:37,40650.0,500.0,308200.0
639,2021-10-11 04:16:37,40650.0,300.0,307700.0
640,2021-10-11 04:16:34,40650.0,100.0,307400.0
641,2021-10-11 04:16:22,40650.0,100.0,307300.0
642,2021-10-11 04:16:07,40650.0,100.0,307200.0
643,2021-10-11 04:15:50,40650.0,500.0,307100.0
644,2021-10-11 04:15:38,40650.0,5900.0,306600.0
645,2021-10-11 04:15:38,40600.0,100.0,300700.0
646,2021-10-11 04:15:35,40600.0,4900.0,300600.0
647,2021-10-11 04:14:40,40650.0,3000.0,295700.0
648,2021-10-11 04:14:22,40600.0,100.0,292700.0
649,2021-10-11 04:14:22,40600.0,1900.0,292600.0
650,2021-10-11 04:14:17,40600.0,100.0,290700.0
651,2021-10-11 04:14:17,40600.0,100.0,290600.0
652,2021-10-11 04:14:02,40600.0,100.0,290500.0
653,2021-10-11 04:12:49,40600.0,500.0,290400.0
654,2021-10-11 04:12:49,40600.0,1300.0,289900.0
655,2021-10-11 04:12:23,40600.0,200.0,288600.0
656,2021-10-11 04:12:23,40600.0,800.0,288400.0
657,2021-10-11 04:12:06,40600.0,12000.0,287600.0
658,2021-10-11 04:10:08,40500.0,200.0,275600.0
659,2021-10-11 04:09:09,40500.0,300.0,275400.0
660,2021-10-11 04:08:37,40600.0,100.0,275100.0
661,2021-10-11 04:08:32,40500.0,200.0,275000.0
662,2021-10-11 04:08:32,40500.0,1000.0,274800.0
663,2021-10-11 04:08:32,40500.0,500.0,273800.0
664,2021-10-11 04:08:32,40500.0,500.0,273300.0
665,2021-10-11 04:08:32,40500.0,200.0,272800.0
666,2021-10-11 04:08:32,40500.0,100.0,272600.0
667,2021-10-11 04:08:31,40500.0,1000.0,272500.0
668,2021-10-11 04:08:31,40500.0,200.0,271500.0
669,2021-10-11 04:08:31,40500.0,200.0,271300.0
670,2021-10-11 04:08:31,40500.0,600.0,271100.0
671,2021-10-11 04:07:26,40500.0,500.0,270500.0
672,2021-10-11 04:06:46,40500.0,800.0,270000.0
673,2021-10-11 04:06:46,40500.0,200.0,269200.0
674,2021-10-11 04:02:08,40500.0,500.0,269000.0
675,2021-10-11 04:01:24,40500.0,1300.0,268500.0
676,2021-10-11 04:01:11,40500.0,300.0,267200.0
677,2021-10-11 04:00:31,40500.0,100.0,266900.0
678,2021-10-11 04:00:31,40500.0,200.0,266800.0
679,2021-10-11 04:00:31,40500.0,2700.0,266600.0
680,2021-10-11 03:59:45,40500.0,200.0,263900.0
681,2021-10-11 03:59:45,40500.0,100.0,263700.0
682,2021-10-11 03:59:45,40500.0,1000.0,263600.0
683,2021-10-11 03:59:45,40500.0,300.0,262600.0
684,2021-10-11 03:59:45,40500.0,100.0,262300.0
685,2021-10-11 03:59:45,40500.0,600.0,262200.0
686,2021-10-11 03:58:52,40500.0,100.0,261600.0
687,2021-10-11 03:58:35,40500.0,300.0,261500.0
688,2021-10-11 03:58:35,40500.0,600.0,261200.0
689,2021-10-11 03:57:18,40500.0,1000.0,260600.0
690,2021-10-11 03:54:47,40500.0,100.0,259600.0
691,2021-10-11 03:54:42,40500.0,100.0,259500.0
692,2021-10-11 03:54:42,40500.0,200.0,259400.0
693,2021-10-11 03:54:42,40500.0,700.0,259200.0
694,2021-10-11 03:54:35,40500.0,200.0,258500.0
695,2021-10-11 03:54:34,40500.0,100.0,258300.0
696,2021-10-11 03:54:10,40500.0,2000.0,258200.0
697,2021-10-11 03:53:32,40400.0,2000.0,256200.0
698,2021-10-11 03:53:22,40500.0,1000.0,254200.0
699,2021-10-11 03:52:58,40600.0,100.0,253200.0
700,2021-10-11 03:52:36,40400.0,3900.0,253100.0
701,2021-10-11 03:52:36,40400.0,100.0,249200.0
702,2021-10-11 03:52:36,40500.0,400.0,249100.0
703,2021-10-11 03:52:36,40500.0,500.0,248700.0
704,2021-10-11 03:52:36,40500.0,100.0,248200.0
705,2021-10-11 03:52:35,40500.0,2000.0,248100.0
706,2021-10-11 03:52:35,40500.0,500.0,246100.0
707,2021-10-11 03:52:35,40500.0,2500.0,245600.0
708,2021-10-11 03:52:26,40600.0,2000.0,243100.0
709,2021-10-11 03:50:24,40600.0,1400.0,241100.0
710,2021-10-11 03:49:43,40600.0,600.0,239700.0
711,2021-10-11 03:49:43,40600.0,1700.0,239100.0
712,2021-10-11 03:49:43,40500.0,1700.0,237400.0
713,2021-10-11 03:49:26,40500.0,2000.0,235700.0
714,2021-10-11 03:49:21,40500.0,300.0,233700.0
715,2021-10-11 03:49:21,40500.0,1700.0,233400.0
716,2021-10-11 03:48:59,40500.0,3000.0,231700.0
717,2021-10-11 03:48:59,40500.0,400.0,228700.0
718,2021-10-11 03:48:59,40500.0,100.0,228300.0
719,2021-10-11 03:48:59,40500.0,100.0,228200.0
720,2021-10-11 03:48:59,40500.0,100.0,228100.0
721,2021-10-11 03:48:59,40500.0,100.0,228000.0
722,2021-10-11 03:48:59,40500.0,100.0,227900.0
723,2021-10-11 03:48:59,40500.0,500.0,227800.0
724,2021-10-11 03:48:59,40500.0,200.0,227300.0
725,2021-10-11 03:48:59,40500.0,2000.0,227100.0
726,2021-10-11 03:48:59,40500.0,100.0,225100.0
727,2021-10-11 03:48:59,40500.0,2000.0,225000.0
728,2021-10-11 03:48:59,40500.0,100.0,223000.0
729,2021-10-11 03:48:59,40500.0,100.0,222900.0
730,2021-10-11 03:48:59,40500.0,200.0,222800.0
731,2021-10-11 03:48:59,40500.0,500.0,222600.0
732,2021-10-11 03:48:59,40500.0,1000.0,222100.0
733,2021-10-11 03:48:59,40500.0,500.0,221100.0
734,2021-10-11 03:48:59,40500.0,200.0,220600.0
735,2021-10-11 03:48:59,40500.0,1000.0,220400.0
736,2021-10-11 03:48:59,40500.0,1000.0,219400.0
737,2021-10-11 03:47:28,40500.0,200.0,218400.0
738,2021-10-11 03:47:17,40500.0,100.0,218200.0
739,2021-10-11 03:46:42,40500.0,200.0,218100.0
740,2021-10-11 03:46:42,40500.0,200.0,217900.0
741,2021-10-11 03:46:42,40500.0,300.0,217700.0
742,2021-10-11 03:46:11,40500.0,1700.0,217400.0
743,2021-10-11 03:46:11,40500.0,200.0,215700.0
744,2021-10-11 03:46:11,40550.0,1000.0,215500.0
745,2021-10-11 03:46:11,40550.0,2000.0,214500.0
746,2021-10-11 03:46:11,40550.0,100.0,212500.0
747,2021-10-11 03:45:37,40600.0,1000.0,212400.0
748,2021-10-11 03:45:37,40600.0,500.0,211400.0
749,2021-10-11 03:45:37,40600.0,300.0,210900.0
750,2021-10-11 03:45:37,40600.0,1500.0,210600.0
751,2021-10-11 03:43:45,40600.0,800.0,209100.0
752,2021-10-11 03:42:23,40600.0,1700.0,208300.0
753,2021-10-11 03:42:23,40600.0,300.0,206600.0
754,2021-10-11 03:40:56,40600.0,1000.0,206300.0
755,2021-10-11 03:38:48,40800.0,100.0,205300.0
756,2021-10-11 03:36:08,40750.0,100.0,205200.0
757,2021-10-11 03:35:52,40500.0,800.0,205100.0
758,2021-10-11 03:35:52,40500.0,5000.0,204300.0
759,2021-10-11 03:35:52,40500.0,1000.0,199300.0
760,2021-10-11 03:35:52,40500.0,100.0,198300.0
761,2021-10-11 03:35:52,40500.0,600.0,198200.0
762,2021-10-11 03:35:52,40600.0,500.0,197600.0
763,2021-10-11 03:35:52,40600.0,100.0,197100.0
764,2021-10-11 03:35:52,40600.0,200.0,197000.0
765,2021-10-11 03:35:52,40600.0,500.0,196800.0
766,2021-10-11 03:35:52,40600.0,500.0,196300.0
767,2021-10-11 03:35:52,40600.0,500.0,195800.0
768,2021-10-11 03:35:52,40700.0,200.0,195300.0
769,2021-10-11 03:35:46,40600.0,500.0,195100.0
770,2021-10-11 03:35:46,40600.0,3000.0,194600.0
771,2021-10-11 03:35:46,40600.0,100.0,191600.0
772,2021-10-11 03:35:46,40650.0,200.0,191500.0
773,2021-10-11 03:35:10,40700.0,200.0,191300.0
774,2021-10-11 03:35:10,40700.0,300.0,191100.0
775,2021-10-11 03:35:10,40700.0,500.0,190800.0
776,2021-10-11 03:35:10,40700.0,800.0,190300.0
777,2021-10-11 03:35:10,40700.0,3200.0,189500.0
778,2021-10-11 03:34:14,40800.0,1000.0,186300.0
779,2021-10-11 03:34:14,40800.0,300.0,185300.0
780,2021-10-11 03:34:14,40800.0,200.0,185000.0
781,2021-10-11 03:34:14,40800.0,700.0,184800.0
782,2021-10-11 03:33:04,40700.0,100.0,184100.0
783,2021-10-11 03:31:54,40800.0,100.0,184000.0
784,2021-10-11 03:31:41,40700.0,1200.0,183900.0
785,2021-10-11 03:31:18,40750.0,500.0,182700.0
786,2021-10-11 03:31:18,40750.0,100.0,182200.0
787,2021-10-11 03:29:18,40750.0,200.0,182100.0
788,2021-10-11 03:28:21,40750.0,700.0,181900.0
789,2021-10-11 03:26:39,40800.0,200.0,181200.0
790,2021-10-11 03:24:29,40800.0,800.0,181000.0
791,2021-10-11 03:23:06,40800.0,1000.0,180200.0
792,2021-10-11 03:20:45,40800.0,800.0,179200.0
793,2021-10-11 03:19:52,40800.0,300.0,178400.0
794,2021-10-11 03:19:52,40800.0,100.0,178100.0
795,2021-10-11 03:19:33,40800.0,900.0,178000.0
796,2021-10-11 03:19:33,40800.0,2000.0,177100.0
797,2021-10-11 03:19:33,40800.0,100.0,175100.0
798,2021-10-11 03:18:33,40800.0,300.0,175000.0
799,2021-10-11 03:17:42,40900.0,100.0,174700.0
800,2021-10-11 03:15:52,40900.0,200.0,174600.0
801,2021-10-11 03:14:40,40900.0,200.0,174400.0
802,2021-10-11 03:14:30,40900.0,400.0,174200.0
803,2021-10-11 03:14:30,40900.0,1000.0,173800.0
804,2021-10-11 03:14:30,40900.0,100.0,172800.0
805,2021-10-11 03:14:30,40900.0,1500.0,172700.0
806,2021-10-11 03:14:20,40800.0,500.0,171200.0
807,2021-10-11 03:12:13,40800.0,1000.0,170700.0
808,2021-10-11 03:12:13,40800.0,100.0,169700.0
809,2021-10-11 03:12:07,40800.0,100.0,169600.0
810,2021-10-11 03:12:07,40800.0,300.0,169500.0
811,2021-10-11 03:12:07,40800.0,600.0,169200.0
812,2021-10-11 03:11:48,40800.0,1400.0,168600.0
813,2021-10-11 03:11:48,40800.0,300.0,167200.0
814,2021-10-11 03:11:48,40800.0,3300.0,166900.0
815,2021-10-11 03:10:17,40800.0,1700.0,163600.0
816,2021-10-11 03:09:54,40700.0,1500.0,161900.0
817,2021-10-11 03:09:54,40700.0,800.0,160400.0
818,2021-10-11 03:09:24,40700.0,500.0,159600.0
819,2021-10-11 03:08:52,40700.0,700.0,159100.0
820,2021-10-11 03:08:52,40700.0,500.0,158400.0
821,2021-10-11 03:08:52,40700.0,500.0,157900.0
822,2021-10-11 03:08:39,40700.0,1500.0,157400.0
823,2021-10-11 03:08:39,40700.0,100.0,155900.0
824,2021-10-11 03:08:39,40700.0,200.0,155800.0
825,2021-10-11 03:08:39,40700.0,500.0,155600.0
826,2021-10-11 03:08:39,40700.0,1000.0,155100.0
827,2021-10-11 03:08:39,40700.0,200.0,154100.0
828,2021-10-11 03:08:39,40700.0,300.0,153900.0
829,2021-10-11 03:08:39,40700.0,1200.0,153600.0
830,2021-10-11 03:07:29,40700.0,800.0,152400.0
831,2021-10-11 03:07:29,40700.0,1200.0,151600.0
832,2021-10-11 03:04:08,40700.0,700.0,150400.0
833,2021-10-11 03:04:08,40650.0,700.0,149700.0
834,2021-10-11 03:04:08,40500.0,600.0,149000.0
835,2021-10-11 03:04:07,40500.0,600.0,148400.0
836,2021-10-11 03:04:07,40500.0,100.0,147800.0
837,2021-10-11 03:04:07,40500.0,100.0,147700.0
838,2021-10-11 03:04:07,40500.0,400.0,147600.0
839,2021-10-11 03:04:07,40500.0,3200.0,147200.0
840,2021-10-11 03:04:06,40500.0,2800.0,144000.0
841,2021-10-11 03:04:06,40500.0,3000.0,141200.0
842,2021-10-11 03:04:06,40500.0,100.0,138200.0
843,2021-10-11 03:04:06,40500.0,100.0,138100.0
844,2021-10-11 03:03:55,40500.0,100.0,138000.0
845,2021-10-11 03:03:55,40500.0,900.0,137900.0
846,2021-10-11 03:01:49,40500.0,300.0,137000.0
847,2021-10-11 03:01:49,40500.0,1000.0,136700.0
848,2021-10-11 03:01:49,40500.0,1000.0,135700.0
849,2021-10-11 03:01:49,40500.0,200.0,134700.0
850,2021-10-11 03:01:49,40500.0,1000.0,134500.0
851,2021-10-11 03:01:49,40500.0,1000.0,133500.0
852,2021-10-11 03:01:49,40500.0,500.0,132500.0
853,2021-10-11 03:01:49,40500.0,200.0,132000.0
854,2021-10-11 03:01:49,40500.0,1000.0,131800.0
855,2021-10-11 03:01:49,40500.0,100.0,130800.0
856,2021-10-11 03:01:49,40500.0,1000.0,130700.0
857,2021-10-11 03:01:49,40500.0,100.0,129700.0
858,2021-10-11 03:01:49,40500.0,100.0,129600.0
859,2021-10-11 03:01:49,40500.0,1000.0,129500.0
860,2021-10-11 03:01:49,40500.0,500.0,128500.0
861,2021-10-11 03:01:49,40500.0,200.0,128000.0
862,2021-10-11 03:01:49,40550.0,100.0,127800.0
863,2021-10-11 03:00:19,40700.0,1000.0,127700.0
864,2021-10-11 03:00:05,40700.0,2000.0,126700.0
865,2021-10-11 02:59:37,40700.0,100.0,124700.0
866,2021-10-11 02:57:58,40500.0,300.0,124600.0
867,2021-10-11 02:57:58,40500.0,100.0,124300.0
868,2021-10-11 02:57:34,40500.0,100.0,124200.0
869,2021-10-11 02:57:26,40500.0,200.0,124100.0
870,2021-10-11 02:57:21,40500.0,300.0,123900.0
871,2021-10-11 02:57:15,40500.0,100.0,123600.0
872,2021-10-11 02:57:11,40500.0,100.0,123500.0
873,2021-10-11 02:56:57,40500.0,800.0,123400.0
874,2021-10-11 02:56:51,40500.0,100.0,122600.0
875,2021-10-11 02:56:51,40500.0,400.0,122500.0
876,2021-10-11 02:56:51,40500.0,200.0,122100.0
877,2021-10-11 02:56:51,40500.0,2000.0,121900.0
878,2021-10-11 02:56:51,40500.0,200.0,119900.0
879,2021-10-11 02:56:51,40500.0,300.0,119700.0
880,2021-10-11 02:56:51,40500.0,5000.0,119400.0
881,2021-10-11 02:56:51,40500.0,100.0,114400.0
882,2021-10-11 02:56:51,40500.0,400.0,114300.0
883,2021-10-11 02:56:51,40500.0,200.0,113900.0
884,2021-10-11 02:56:51,40500.0,100.0,113700.0
885,2021-10-11 02:56:51,40500.0,100.0,113600.0
886,2021-10-11 02:56:51,40500.0,100.0,113500.0
887,2021-10-11 02:56:51,40500.0,100.0,113400.0
888,2021-10-11 02:56:51,40500.0,500.0,113300.0
889,2021-10-11 02:56:51,40500.0,100.0,112800.0
890,2021-10-11 02:56:51,40600.0,100.0,112700.0
891,2021-10-11 02:56:51,40600.0,100.0,112600.0
892,2021-10-11 02:56:51,40600.0,300.0,112500.0
893,2021-10-11 02:56:51,40600.0,2000.0,112200.0
894,2021-10-11 02:56:51,40600.0,500.0,110200.0
895,2021-10-11 02:56:51,40600.0,200.0,109700.0
896,2021-10-11 02:56:51,40600.0,300.0,109500.0
897,2021-10-11 02:55:38,40700.0,1000.0,109200.0
898,2021-10-11 02:55:25,40700.0,400.0,108200.0
899,2021-10-11 02:55:25,40700.0,1300.0,107800.0
900,2021-10-11 02:55:10,40700.0,100.0,106500.0
901,2021-10-11 02:54:32,40700.0,200.0,106400.0
902,2021-10-11 02:54:26,40700.0,200.0,106200.0
903,2021-10-11 02:54:26,40700.0,100.0,106000.0
904,2021-10-11 02:54:26,40700.0,100.0,105900.0
905,2021-10-11 02:53:15,40700.0,1000.0,105800.0
906,2021-10-11 02:53:15,40700.0,100.0,104800.0
907,2021-10-11 02:53:15,40700.0,100.0,104700.0
908,2021-10-11 02:53:15,40700.0,800.0,104600.0
909,2021-10-11 02:52:55,40700.0,200.0,103800.0
910,2021-10-11 02:52:55,40700.0,100.0,103600.0
911,2021-10-11 02:52:13,40700.0,1200.0,103500.0
912,2021-10-11 02:52:07,40700.0,100.0,102300.0
913,2021-10-11 02:52:04,40700.0,100.0,102200.0
914,2021-10-11 02:51:58,40600.0,1500.0,102100.0
915,2021-10-11 02:51:58,40600.0,200.0,100600.0
916,2021-10-11 02:51:58,40600.0,100.0,100400.0
917,2021-10-11 02:51:58,40600.0,200.0,100300.0
918,2021-10-11 02:51:35,40700.0,100.0,100100.0
919,2021-10-11 02:50:55,40700.0,100.0,100000.0
920,2021-10-11 02:50:55,40700.0,3400.0,99900.0
921,2021-10-11 02:50:47,40700.0,1000.0,96500.0
922,2021-10-11 02:49:25,40700.0,5000.0,95500.0
923,2021-10-11 02:49:25,40700.0,100.0,90500.0
924,2021-10-11 02:49:25,40700.0,100.0,90400.0
925,2021-10-11 02:49:25,40700.0,1000.0,90300.0
926,2021-10-11 02:49:25,40700.0,1000.0,89300.0
927,2021-10-11 02:49:25,40700.0,500.0,88300.0
928,2021-10-11 02:49:25,40700.0,100.0,87800.0
929,2021-10-11 02:49:25,40700.0,100.0,87700.0
930,2021-10-11 02:49:25,40700.0,100.0,87600.0
931,2021-10-11 02:49:24,40800.0,2000.0,87500.0
932,2021-10-11 02:47:31,40800.0,100.0,85500.0
933,2021-10-11 02:45:30,40800.0,1000.0,85400.0
934,2021-10-11 02:45:30,40800.0,1000.0,84400.0
935,2021-10-11 02:45:30,40800.0,3000.0,83400.0
936,2021-10-11 02:45:30,40800.0,300.0,80400.0
937,2021-10-11 02:45:30,40800.0,100.0,80100.0
938,2021-10-11 02:45:30,40800.0,200.0,80000.0
939,2021-10-11 02:45:22,40800.0,100.0,79800.0
940,2021-10-11 02:45:22,40800.0,100.0,79700.0
941,2021-10-11 02:45:14,40800.0,300.0,79600.0
942,2021-10-11 02:44:43,40800.0,500.0,79300.0
943,2021-10-11 02:44:09,40800.0,500.0,78800.0
944,2021-10-11 02:44:09,40800.0,100.0,78300.0
945,2021-10-11 02:44:09,40800.0,500.0,78200.0
946,2021-10-11 02:44:09,40800.0,1000.0,77700.0
947,2021-10-11 02:44:09,40800.0,900.0,76700.0
948,2021-10-11 02:43:38,40800.0,100.0,75800.0
949,2021-10-11 02:43:38,40800.0,100.0,75700.0
950,2021-10-11 02:43:38,40800.0,100.0,75600.0
951,2021-10-11 02:43:38,40800.0,100.0,75500.0
952,2021-10-11 02:43:38,40800.0,500.0,75400.0
953,2021-10-11 02:43:38,40800.0,4100.0,74900.0
954,2021-10-11 02:43:29,40800.0,8600.0,70800.0
955,2021-10-11 02:43:10,40900.0,500.0,62200.0
956,2021-10-11 02:43:10,40900.0,400.0,61700.0
957,2021-10-11 02:43:10,40900.0,300.0,61300.0
958,2021-10-11 02:43:10,40900.0,200.0,61000.0
959,2021-10-11 02:43:03,41000.0,900.0,60800.0
960,2021-10-11 02:43:03,41000.0,400.0,59900.0
961,2021-10-11 02:43:03,41000.0,200.0,59500.0
962,2021-10-11 02:43:03,41000.0,100.0,59300.0
963,2021-10-11 02:43:03,41000.0,2500.0,59200.0
964,2021-10-11 02:43:03,41000.0,200.0,56700.0
965,2021-10-11 02:43:03,41000.0,700.0,56500.0
966,2021-10-11 02:41:52,41000.0,300.0,55800.0
967,2021-10-11 02:41:52,41000.0,2700.0,55500.0
968,2021-10-11 02:36:53,41000.0,1300.0,52800.0
969,2021-10-11 02:36:39,41000.0,4500.0,51500.0
970,2021-10-11 02:36:08,41000.0,1100.0,47000.0
971,2021-10-11 02:36:08,41000.0,3000.0,45900.0
972,2021-10-11 02:36:08,41000.0,100.0,42900.0
973,2021-10-11 02:34:08,41000.0,900.0,42800.0
974,2021-10-11 02:33:56,41000.0,100.0,41900.0
975,2021-10-11 02:33:56,41000.0,2000.0,41800.0
976,2021-10-11 02:33:56,41000.0,500.0,39800.0
977,2021-10-11 02:33:56,41000.0,1000.0,39300.0
978,2021-10-11 02:33:56,41000.0,2000.0,38300.0
979,2021-10-11 02:33:56,41000.0,500.0,36300.0
980,2021-10-11 02:33:56,41000.0,3000.0,35800.0
981,2021-10-11 02:31:57,40900.0,500.0,32800.0
982,2021-10-11 02:31:57,40900.0,400.0,32300.0
983,2021-10-11 02:31:57,40900.0,600.0,31900.0
984,2021-10-11 02:31:34,40900.0,400.0,31300.0
985,2021-10-11 02:28:46,40900.0,1000.0,30900.0
986,2021-10-11 02:28:25,40900.0,100.0,29900.0
987,2021-10-11 02:28:07,40900.0,100.0,29800.0
988,2021-10-11 02:28:07,40900.0,700.0,29700.0
989,2021-10-11 02:28:07,40900.0,500.0,29000.0
990,2021-10-11 02:28:07,40900.0,500.0,28500.0
991,2021-10-11 02:28:07,40900.0,200.0,28000.0
992,2021-10-11 02:25:30,41000.0,2500.0,27800.0
993,2021-10-11 02:25:17,41000.0,600.0,25300.0
994,2021-10-11 02:24:46,41000.0,400.0,24700.0
995,2021-10-11 02:24:46,41000.0,1000.0,24300.0
996,2021-10-11 02:24:46,41000.0,100.0,23300.0
997,2021-10-11 02:24:46,41000.0,300.0,23200.0
998,2021-10-11 02:24:45,41000.0,100.0,22900.0
999,2021-10-11 02:23:56,41000.0,100.0,22800.0
1000,2021-10-11 02:23:56,41000.0,1900.0,22700.0
1001,2021-10-11 02:22:38,40900.0,100.0,20800.0
1002,2021-10-11 02:22:38,40900.0,100.0,20700.0
1003,2021-10-11 02:21:28,41000.0,100.0,20600.0
1004,2021-10-11 02:21:28,41000.0,500.0,20500.0
1005,2021-10-11 02:21:28,41000.0,200.0,20000.0
1006,2021-10-11 02:21:28,41000.0,1400.0,19800.0
1007,2021-10-11 02:21:28,41000.0,2800.0,18400.0
1008,2021-10-11 02:20:41,40900.0,100.0,15600.0
1009,2021-10-11 02:20:38,40900.0,1000.0,15500.0
1010,2021-10-11 02:20:34,40900.0,100.0,14500.0
1011,2021-10-11 02:20:34,40900.0,100.0,14400.0
1012,2021-10-11 02:20:34,40900.0,700.0,14300.0
1013,2021-10-11 02:19:52,40900.0,300.0,13600.0
1014,2021-10-11 02:19:52,40900.0,200.0,13300.0
1015,2021-10-11 02:18:11,40900.0,100.0,13100.0
1016,2021-10-11 02:17:58,40900.0,200.0,13000.0
1017,2021-10-11 02:16:58,40800.0,3400.0,12800.0
1018,2021-10-11 02:16:54,41000.0,800.0,9400.0
1019,2021-10-11 02:16:24,41000.0,1400.0,8600.0
1020,2021-10-11 02:16:24,41000.0,100.0,7200.0
1021,2021-10-11 02:15:18,40800.0,2000.0,7100.0
1022,2021-10-11 02:15:00,40800.0,1500.0,5100.0
1023,2021-10-11 02:15:00,40800.0,400.0,3600.0
1024,2021-10-11 02:15:00,40800.0,300.0,3200.0
1025,2021-10-11 02:15:00,40800.0,200.0,2900.0
1026,2021-10-11 02:15:00,40800.0,100.0,2700.0
1027,2021-10-11 02:15:00,40800.0,1400.0,2600.0
1028,2021-10-11 02:15:00,40800.0,100.0,1200.0
1029,2021-10-11 02:15:00,40800.0,500.0,1100.0
1030,2021-10-11 02:15:00,40800.0,200.0,600.0
1031,2021-10-11 02:15:00,40800.0,100.0,400.0
1032,2021-10-11 02:15:00,40800.0,200.0,300.0
1033,2021-10-11 02:15:00,40800.0,100.0,100.0
