,Time,Price,Volume_per_trade,Volume
0,2021-10-12 07:45:00,40450.0,300.0,573100.0
1,2021-10-12 07:45:00,40450.0,2700.0,572800.0
2,2021-10-12 07:45:00,40450.0,1800.0,570100.0
3,2021-10-12 07:45:00,40450.0,100.0,568300.0
4,2021-10-12 07:45:00,40450.0,100.0,568200.0
5,2021-10-12 07:45:00,40450.0,600.0,568100.0
6,2021-10-12 07:45:00,40450.0,100.0,567500.0
7,2021-10-12 07:45:00,40450.0,1000.0,567400.0
8,2021-10-12 07:45:00,40450.0,1000.0,566400.0
9,2021-10-12 07:45:00,40450.0,100.0,565400.0
10,2021-10-12 07:45:00,40450.0,100.0,565300.0
11,2021-10-12 07:45:00,40450.0,100.0,565200.0
12,2021-10-12 07:45:00,40450.0,300.0,565100.0
13,2021-10-12 07:45:00,40450.0,100.0,564800.0
14,2021-10-12 07:45:00,40450.0,200.0,564700.0
15,2021-10-12 07:45:00,40450.0,400.0,564500.0
16,2021-10-12 07:45:00,40450.0,100.0,564100.0
17,2021-10-12 07:29:23,40200.0,100.0,564000.0
18,2021-10-12 07:26:41,40300.0,1000.0,563900.0
19,2021-10-12 07:25:01,40200.0,400.0,562900.0
20,2021-10-12 07:23:29,40200.0,500.0,562500.0
21,2021-10-12 07:20:45,40200.0,100.0,562000.0
22,2021-10-12 07:20:36,40200.0,400.0,561900.0
23,2021-10-12 07:16:26,40200.0,500.0,561500.0
24,2021-10-12 07:16:11,40200.0,400.0,561000.0
25,2021-10-12 07:15:52,40200.0,1100.0,560600.0
26,2021-10-12 07:15:52,40200.0,500.0,559500.0
27,2021-10-12 07:15:52,40200.0,500.0,559000.0
28,2021-10-12 07:15:52,40200.0,400.0,558500.0
29,2021-10-12 07:12:58,40200.0,1600.0,558100.0
30,2021-10-12 07:12:58,40200.0,200.0,556500.0
31,2021-10-12 07:12:58,40200.0,200.0,556300.0
32,2021-10-12 07:12:46,40300.0,100.0,556100.0
33,2021-10-12 07:11:49,40200.0,1800.0,556000.0
34,2021-10-12 07:11:49,40200.0,200.0,554200.0
35,2021-10-12 07:11:46,40200.0,400.0,554000.0
36,2021-10-12 07:11:22,40300.0,1000.0,553600.0
37,2021-10-12 07:10:49,40300.0,300.0,552600.0
38,2021-10-12 07:10:49,40300.0,100.0,552300.0
39,2021-10-12 07:09:53,40300.0,400.0,552200.0
40,2021-10-12 07:09:10,40300.0,700.0,551800.0
41,2021-10-12 07:09:10,40300.0,1200.0,551100.0
42,2021-10-12 07:09:10,40250.0,100.0,549900.0
43,2021-10-12 07:07:21,40150.0,400.0,549800.0
44,2021-10-12 07:07:16,40300.0,800.0,549400.0
45,2021-10-12 07:07:16,40300.0,200.0,548600.0
46,2021-10-12 07:06:31,40250.0,100.0,548400.0
47,2021-10-12 07:06:31,40250.0,300.0,548300.0
48,2021-10-12 07:05:31,40200.0,100.0,548000.0
49,2021-10-12 07:04:58,40200.0,400.0,547900.0
50,2021-10-12 07:04:51,40200.0,500.0,547500.0
51,2021-10-12 07:04:46,40200.0,3000.0,547000.0
52,2021-10-12 07:04:46,40200.0,300.0,544000.0
53,2021-10-12 07:04:17,40200.0,100.0,543700.0
54,2021-10-12 07:04:09,40200.0,1000.0,543600.0
55,2021-10-12 07:02:56,40150.0,400.0,542600.0
56,2021-10-12 07:01:48,40150.0,300.0,542200.0
57,2021-10-12 07:01:00,40150.0,1000.0,541900.0
58,2021-10-12 06:59:45,40150.0,1300.0,540900.0
59,2021-10-12 06:59:38,40150.0,100.0,539600.0
60,2021-10-12 06:59:38,40150.0,100.0,539500.0
61,2021-10-12 06:59:38,40150.0,1000.0,539400.0
62,2021-10-12 06:59:38,40150.0,1500.0,538400.0
63,2021-10-12 06:59:07,40150.0,500.0,536900.0
64,2021-10-12 06:59:07,40150.0,500.0,536400.0
65,2021-10-12 06:59:07,40150.0,500.0,535900.0
66,2021-10-12 06:58:30,40150.0,400.0,535400.0
67,2021-10-12 06:55:06,40150.0,500.0,535000.0
68,2021-10-12 06:54:05,40150.0,400.0,534500.0
69,2021-10-12 06:50:35,40300.0,1400.0,534100.0
70,2021-10-12 06:50:12,40200.0,500.0,532700.0
71,2021-10-12 06:49:39,40150.0,200.0,532200.0
72,2021-10-12 06:49:39,40150.0,100.0,532000.0
73,2021-10-12 06:48:51,40150.0,100.0,531900.0
74,2021-10-12 06:47:22,40200.0,200.0,531800.0
75,2021-10-12 06:47:06,40200.0,100.0,531600.0
76,2021-10-12 06:46:48,40200.0,2000.0,531500.0
77,2021-10-12 06:46:44,40200.0,200.0,529500.0
78,2021-10-12 06:45:19,40150.0,200.0,529300.0
79,2021-10-12 06:45:15,40100.0,100.0,529100.0
80,2021-10-12 06:45:15,40100.0,200.0,529000.0
81,2021-10-12 06:44:43,40150.0,200.0,528800.0
82,2021-10-12 06:44:43,40150.0,200.0,528600.0
83,2021-10-12 06:44:04,40200.0,100.0,528400.0
84,2021-10-12 06:43:58,40200.0,100.0,528300.0
85,2021-10-12 06:43:58,40200.0,1400.0,528200.0
86,2021-10-12 06:43:43,40200.0,1800.0,526800.0
87,2021-10-12 06:43:27,40200.0,4100.0,525000.0
88,2021-10-12 06:42:38,40200.0,2000.0,520900.0
89,2021-10-12 06:40:48,40200.0,300.0,518900.0
90,2021-10-12 06:40:10,40300.0,500.0,518600.0
91,2021-10-12 06:39:57,40200.0,400.0,518100.0
92,2021-10-12 06:39:57,40200.0,500.0,517700.0
93,2021-10-12 06:39:57,40200.0,100.0,517200.0
94,2021-10-12 06:36:24,40200.0,300.0,517100.0
95,2021-10-12 06:33:44,40300.0,100.0,516800.0
96,2021-10-12 06:33:28,40300.0,300.0,516700.0
97,2021-10-12 06:32:48,40300.0,300.0,516400.0
98,2021-10-12 06:32:21,40200.0,500.0,516100.0
99,2021-10-12 06:32:21,40200.0,200.0,515600.0
100,2021-10-12 06:31:59,40150.0,300.0,515400.0
101,2021-10-12 06:31:21,40200.0,300.0,515100.0
102,2021-10-12 06:30:59,40200.0,500.0,514800.0
103,2021-10-12 06:29:15,40200.0,500.0,514300.0
104,2021-10-12 06:29:04,40200.0,500.0,513800.0
105,2021-10-12 06:28:35,40150.0,500.0,513300.0
106,2021-10-12 06:27:34,40100.0,300.0,512800.0
107,2021-10-12 06:27:29,40200.0,2000.0,512500.0
108,2021-10-12 06:27:03,40200.0,500.0,510500.0
109,2021-10-12 06:27:03,40200.0,200.0,510000.0
110,2021-10-12 06:27:03,40200.0,500.0,509800.0
111,2021-10-12 06:27:03,40200.0,500.0,509300.0
112,2021-10-12 06:27:03,40200.0,400.0,508800.0
113,2021-10-12 06:26:37,40200.0,2600.0,508400.0
114,2021-10-12 06:26:37,40200.0,100.0,505800.0
115,2021-10-12 06:26:37,40200.0,200.0,505700.0
116,2021-10-12 06:26:37,40200.0,1400.0,505500.0
117,2021-10-12 06:26:37,40200.0,200.0,504100.0
118,2021-10-12 06:26:37,40200.0,500.0,503900.0
119,2021-10-12 06:26:14,40200.0,2500.0,503400.0
120,2021-10-12 06:26:14,40200.0,200.0,500900.0
121,2021-10-12 06:26:14,40200.0,400.0,500700.0
122,2021-10-12 06:26:14,40200.0,2900.0,500300.0
123,2021-10-12 06:25:02,40250.0,500.0,497400.0
124,2021-10-12 06:25:02,40250.0,10000.0,496900.0
125,2021-10-12 06:25:02,40250.0,6000.0,486900.0
126,2021-10-12 06:25:01,40250.0,4000.0,480900.0
127,2021-10-12 06:25:01,40250.0,200.0,476900.0
128,2021-10-12 06:25:01,40250.0,4300.0,476700.0
129,2021-10-12 06:24:32,40300.0,200.0,472400.0
130,2021-10-12 06:24:32,40300.0,1000.0,472200.0
131,2021-10-12 06:23:44,40300.0,1000.0,471200.0
132,2021-10-12 06:23:44,40300.0,100.0,470200.0
133,2021-10-12 06:23:44,40300.0,5000.0,470100.0
134,2021-10-12 06:23:44,40300.0,900.0,465100.0
135,2021-10-12 06:23:20,40300.0,100.0,464200.0
136,2021-10-12 06:23:08,40300.0,300.0,464100.0
137,2021-10-12 06:22:17,40500.0,100.0,463800.0
138,2021-10-12 06:21:47,40500.0,200.0,463700.0
139,2021-10-12 06:20:29,40500.0,100.0,463500.0
140,2021-10-12 06:18:43,40300.0,300.0,463400.0
141,2021-10-12 06:17:12,40300.0,500.0,463100.0
142,2021-10-12 06:16:01,40300.0,100.0,462600.0
143,2021-10-12 06:14:18,40300.0,300.0,462500.0
144,2021-10-12 06:12:19,40300.0,100.0,462200.0
145,2021-10-12 06:11:02,40300.0,2600.0,462100.0
146,2021-10-12 06:09:53,40300.0,300.0,459500.0
147,2021-10-12 06:06:55,40300.0,800.0,459200.0
148,2021-10-12 06:06:29,40250.0,700.0,458400.0
149,2021-10-12 06:06:29,40250.0,100.0,457700.0
150,2021-10-12 06:06:29,40250.0,300.0,457600.0
151,2021-10-12 06:06:29,40250.0,200.0,457300.0
152,2021-10-12 06:05:50,40250.0,3000.0,457100.0
153,2021-10-12 06:05:34,40300.0,500.0,454100.0
154,2021-10-12 06:05:27,40250.0,300.0,453600.0
155,2021-10-12 06:04:41,40300.0,1000.0,453300.0
156,2021-10-12 06:03:42,40250.0,4000.0,452300.0
157,2021-10-12 06:02:26,40250.0,200.0,448300.0
158,2021-10-12 06:01:02,40250.0,300.0,448100.0
159,2021-10-12 06:00:13,40300.0,100.0,447800.0
160,2021-10-12 06:00:10,40300.0,1000.0,447700.0
161,2021-10-12 06:00:07,40300.0,500.0,446700.0
162,2021-10-12 06:00:01,40250.0,100.0,446200.0
163,2021-10-12 04:29:54,40300.0,100.0,446100.0
164,2021-10-12 04:28:01,40250.0,400.0,446000.0
165,2021-10-12 04:27:06,40300.0,1000.0,445600.0
166,2021-10-12 04:25:12,40250.0,200.0,444600.0
167,2021-10-12 04:23:28,40250.0,400.0,444400.0
168,2021-10-12 04:22:46,40250.0,100.0,444000.0
169,2021-10-12 04:22:03,40300.0,400.0,443900.0
170,2021-10-12 04:21:15,40300.0,400.0,443500.0
171,2021-10-12 04:18:55,40250.0,400.0,443100.0
172,2021-10-12 04:14:23,40300.0,300.0,442700.0
173,2021-10-12 04:14:22,40250.0,400.0,442400.0
174,2021-10-12 04:12:47,40300.0,200.0,442000.0
175,2021-10-12 04:12:47,40300.0,100.0,441800.0
176,2021-10-12 04:12:07,40300.0,300.0,441700.0
177,2021-10-12 04:11:40,40300.0,100.0,441400.0
178,2021-10-12 04:11:31,40300.0,100.0,441300.0
179,2021-10-12 04:10:39,40300.0,1200.0,441200.0
180,2021-10-12 04:10:15,40200.0,500.0,440000.0
181,2021-10-12 04:09:49,40200.0,400.0,439500.0
182,2021-10-12 04:07:47,40200.0,1200.0,439100.0
183,2021-10-12 04:07:47,40200.0,800.0,437900.0
184,2021-10-12 04:05:45,40200.0,1200.0,437100.0
185,2021-10-12 04:05:15,40200.0,400.0,435900.0
186,2021-10-12 04:03:01,40200.0,2200.0,435500.0
187,2021-10-12 04:02:26,40300.0,100.0,433300.0
188,2021-10-12 04:01:39,40250.0,1000.0,433200.0
189,2021-10-12 04:01:39,40250.0,300.0,432200.0
190,2021-10-12 04:00:43,40250.0,200.0,431900.0
191,2021-10-12 04:00:43,40250.0,200.0,431700.0
192,2021-10-12 04:00:19,40250.0,800.0,431500.0
193,2021-10-12 03:57:45,40250.0,200.0,430700.0
194,2021-10-12 03:56:48,40250.0,2500.0,430500.0
195,2021-10-12 03:56:09,40250.0,400.0,428000.0
196,2021-10-12 03:55:08,40250.0,100.0,427600.0
197,2021-10-12 03:53:17,40250.0,3000.0,427500.0
198,2021-10-12 03:52:44,40250.0,1000.0,424500.0
199,2021-10-12 03:52:16,40250.0,600.0,423500.0
200,2021-10-12 03:52:04,40300.0,1000.0,422900.0
201,2021-10-12 03:52:04,40300.0,100.0,421900.0
202,2021-10-12 03:51:36,40300.0,200.0,421800.0
203,2021-10-12 03:51:36,40300.0,100.0,421600.0
204,2021-10-12 03:51:36,40300.0,100.0,421500.0
205,2021-10-12 03:51:25,40500.0,1300.0,421400.0
206,2021-10-12 03:51:25,40400.0,1700.0,420100.0
207,2021-10-12 03:51:09,40400.0,300.0,418400.0
208,2021-10-12 03:48:32,40500.0,300.0,418100.0
209,2021-10-12 03:47:23,40250.0,2000.0,417800.0
210,2021-10-12 03:47:03,40250.0,400.0,415800.0
211,2021-10-12 03:45:34,40300.0,500.0,415400.0
212,2021-10-12 03:42:29,40200.0,400.0,414900.0
213,2021-10-12 03:42:29,40200.0,700.0,414500.0
214,2021-10-12 03:41:21,40300.0,200.0,413800.0
215,2021-10-12 03:41:21,40300.0,500.0,413600.0
216,2021-10-12 03:41:21,40300.0,5000.0,413100.0
217,2021-10-12 03:41:21,40300.0,1000.0,408100.0
218,2021-10-12 03:41:21,40300.0,100.0,407100.0
219,2021-10-12 03:41:21,40300.0,10000.0,407000.0
220,2021-10-12 03:41:21,40300.0,1000.0,397000.0
221,2021-10-12 03:41:21,40300.0,100.0,396000.0
222,2021-10-12 03:41:21,40400.0,1300.0,395900.0
223,2021-10-12 03:41:21,40400.0,300.0,394600.0
224,2021-10-12 03:41:14,40400.0,300.0,394300.0
225,2021-10-12 03:41:14,40400.0,100.0,394000.0
226,2021-10-12 03:41:14,40400.0,600.0,393900.0
227,2021-10-12 03:38:30,40500.0,200.0,393300.0
228,2021-10-12 03:38:21,40500.0,2800.0,393100.0
229,2021-10-12 03:38:21,40500.0,1100.0,390300.0
230,2021-10-12 03:38:21,40500.0,100.0,389200.0
231,2021-10-12 03:37:57,40400.0,400.0,389100.0
232,2021-10-12 03:34:46,40500.0,200.0,388700.0
233,2021-10-12 03:34:46,40500.0,200.0,388500.0
234,2021-10-12 03:33:24,40500.0,100.0,388300.0
235,2021-10-12 03:33:06,40600.0,500.0,388200.0
236,2021-10-12 03:31:43,40600.0,100.0,387700.0
237,2021-10-12 03:31:43,40600.0,400.0,387600.0
238,2021-10-12 03:30:23,40600.0,100.0,387200.0
239,2021-10-12 03:30:23,40600.0,400.0,387100.0
240,2021-10-12 03:30:23,40600.0,9900.0,386700.0
241,2021-10-12 03:30:23,40600.0,5000.0,376800.0
242,2021-10-12 03:30:23,40500.0,1000.0,371800.0
243,2021-10-12 03:30:23,40500.0,100.0,370800.0
244,2021-10-12 03:30:23,40500.0,5000.0,370700.0
245,2021-10-12 03:30:23,40500.0,200.0,365700.0
246,2021-10-12 03:30:23,40500.0,500.0,365500.0
247,2021-10-12 03:30:23,40500.0,1000.0,365000.0
248,2021-10-12 03:30:23,40500.0,1400.0,364000.0
249,2021-10-12 03:30:23,40500.0,1400.0,362600.0
250,2021-10-12 03:29:28,40300.0,500.0,361200.0
251,2021-10-12 03:29:28,40300.0,300.0,360700.0
252,2021-10-12 03:29:28,40300.0,100.0,360400.0
253,2021-10-12 03:29:28,40300.0,100.0,360300.0
254,2021-10-12 03:29:28,40300.0,600.0,360200.0
255,2021-10-12 03:28:51,40300.0,300.0,359600.0
256,2021-10-12 03:24:18,40300.0,300.0,359300.0
257,2021-10-12 03:24:08,40500.0,100.0,359000.0
258,2021-10-12 03:23:39,40500.0,300.0,358900.0
259,2021-10-12 03:22:59,40500.0,200.0,358600.0
260,2021-10-12 03:22:59,40500.0,200.0,358400.0
261,2021-10-12 03:22:59,40450.0,300.0,358200.0
262,2021-10-12 03:22:53,40300.0,800.0,357900.0
263,2021-10-12 03:22:53,40300.0,1900.0,357100.0
264,2021-10-12 03:22:53,40400.0,1300.0,355200.0
265,2021-10-12 03:22:51,40400.0,100.0,353900.0
266,2021-10-12 03:22:47,40400.0,100.0,353800.0
267,2021-10-12 03:22:47,40400.0,100.0,353700.0
268,2021-10-12 03:22:47,40400.0,200.0,353600.0
269,2021-10-12 03:21:58,40400.0,100.0,353400.0
270,2021-10-12 03:21:32,40300.0,100.0,353300.0
271,2021-10-12 03:21:32,40300.0,3000.0,353200.0
272,2021-10-12 03:21:20,40300.0,500.0,350200.0
273,2021-10-12 03:20:52,40200.0,100.0,349700.0
274,2021-10-12 03:20:37,40200.0,4200.0,349600.0
275,2021-10-12 03:20:37,40200.0,1000.0,345400.0
276,2021-10-12 03:20:37,40200.0,100.0,344400.0
277,2021-10-12 03:20:37,40200.0,100.0,344300.0
278,2021-10-12 03:20:37,40200.0,100.0,344200.0
279,2021-10-12 03:20:37,40200.0,500.0,344100.0
280,2021-10-12 03:20:37,40200.0,1100.0,343600.0
281,2021-10-12 03:20:37,40200.0,2900.0,342500.0
282,2021-10-12 03:20:06,40200.0,2000.0,339600.0
283,2021-10-12 03:19:50,40200.0,1000.0,337600.0
284,2021-10-12 03:19:45,40200.0,300.0,336600.0
285,2021-10-12 03:19:29,40200.0,300.0,336300.0
286,2021-10-12 03:18:15,40300.0,200.0,336000.0
287,2021-10-12 03:18:15,40300.0,2800.0,335800.0
288,2021-10-12 03:18:14,40200.0,1000.0,333000.0
289,2021-10-12 03:17:37,40200.0,1000.0,332000.0
290,2021-10-12 03:16:05,40300.0,4000.0,331000.0
291,2021-10-12 03:15:56,40300.0,1000.0,327000.0
292,2021-10-12 03:15:56,40300.0,300.0,326000.0
293,2021-10-12 03:15:56,40300.0,1000.0,325700.0
294,2021-10-12 03:15:56,40300.0,300.0,324700.0
295,2021-10-12 03:15:56,40300.0,100.0,324400.0
296,2021-10-12 03:15:56,40300.0,500.0,324300.0
297,2021-10-12 03:15:11,40300.0,300.0,323800.0
298,2021-10-12 03:14:03,40500.0,800.0,323500.0
299,2021-10-12 03:13:57,40500.0,200.0,322700.0
300,2021-10-12 03:13:43,40500.0,100.0,322500.0
301,2021-10-12 03:13:43,40500.0,100.0,322400.0
302,2021-10-12 03:13:17,40500.0,100.0,322300.0
303,2021-10-12 03:13:12,40500.0,100.0,322200.0
304,2021-10-12 03:12:53,40500.0,600.0,322100.0
305,2021-10-12 03:12:41,40500.0,1400.0,321500.0
306,2021-10-12 03:12:30,40500.0,1000.0,320100.0
307,2021-10-12 03:12:30,40500.0,1000.0,319100.0
308,2021-10-12 03:12:30,40500.0,100.0,318100.0
309,2021-10-12 03:12:30,40500.0,500.0,318000.0
310,2021-10-12 03:12:30,40500.0,1000.0,317500.0
311,2021-10-12 03:11:52,40300.0,300.0,316500.0
312,2021-10-12 03:10:39,40300.0,300.0,316200.0
313,2021-10-12 03:10:15,40500.0,100.0,315900.0
314,2021-10-12 03:09:29,40300.0,100.0,315800.0
315,2021-10-12 03:09:29,40300.0,200.0,315700.0
316,2021-10-12 03:09:29,40300.0,500.0,315500.0
317,2021-10-12 03:09:29,40300.0,1100.0,315000.0
318,2021-10-12 03:09:21,40300.0,200.0,313900.0
319,2021-10-12 03:08:23,40300.0,1000.0,313700.0
320,2021-10-12 03:06:47,40200.0,1200.0,312700.0
321,2021-10-12 03:06:40,40300.0,5000.0,311500.0
322,2021-10-12 03:06:05,40200.0,300.0,306500.0
323,2021-10-12 03:05:33,40300.0,1000.0,306200.0
324,2021-10-12 03:04:27,40300.0,100.0,305200.0
325,2021-10-12 03:03:54,40200.0,100.0,305100.0
326,2021-10-12 03:03:54,40200.0,100.0,305000.0
327,2021-10-12 03:03:16,40200.0,2900.0,304900.0
328,2021-10-12 03:03:16,40200.0,500.0,302000.0
329,2021-10-12 03:03:16,40200.0,1600.0,301500.0
330,2021-10-12 03:02:47,40200.0,3400.0,299900.0
331,2021-10-12 03:02:47,40200.0,500.0,296500.0
332,2021-10-12 03:02:47,40200.0,1100.0,296000.0
333,2021-10-12 03:02:06,40200.0,8900.0,294900.0
334,2021-10-12 03:01:42,40250.0,200.0,286000.0
335,2021-10-12 03:01:32,40250.0,300.0,285800.0
336,2021-10-12 03:00:30,40300.0,100.0,285500.0
337,2021-10-12 03:00:23,40300.0,500.0,285400.0
338,2021-10-12 03:00:00,40300.0,1000.0,284900.0
339,2021-10-12 02:59:58,40250.0,500.0,283900.0
340,2021-10-12 02:59:31,40200.0,1000.0,283400.0
341,2021-10-12 02:59:31,40200.0,100.0,282400.0
342,2021-10-12 02:59:31,40200.0,100.0,282300.0
343,2021-10-12 02:59:31,40200.0,500.0,282200.0
344,2021-10-12 02:59:31,40200.0,4400.0,281700.0
345,2021-10-12 02:59:30,40200.0,5600.0,277300.0
346,2021-10-12 02:59:30,40200.0,100.0,271700.0
347,2021-10-12 02:59:30,40200.0,800.0,271600.0
348,2021-10-12 02:59:30,40200.0,2000.0,270800.0
349,2021-10-12 02:59:30,40100.0,500.0,268800.0
350,2021-10-12 02:58:58,40100.0,100.0,268300.0
351,2021-10-12 02:58:58,40100.0,500.0,268200.0
352,2021-10-12 02:58:58,40100.0,300.0,267700.0
353,2021-10-12 02:58:58,40100.0,100.0,267400.0
354,2021-10-12 02:58:42,40050.0,400.0,267300.0
355,2021-10-12 02:57:22,40000.0,100.0,266900.0
356,2021-10-12 02:57:22,40000.0,100.0,266800.0
357,2021-10-12 02:57:22,40000.0,400.0,266700.0
358,2021-10-12 02:57:15,40000.0,600.0,266300.0
359,2021-10-12 02:57:15,40000.0,100.0,265700.0
360,2021-10-12 02:57:15,40000.0,600.0,265600.0
361,2021-10-12 02:57:15,40000.0,100.0,265000.0
362,2021-10-12 02:57:15,40000.0,500.0,264900.0
363,2021-10-12 02:57:15,40000.0,300.0,264400.0
364,2021-10-12 02:57:15,40000.0,200.0,264100.0
365,2021-10-12 02:57:15,40000.0,200.0,263900.0
366,2021-10-12 02:57:15,40000.0,100.0,263700.0
367,2021-10-12 02:57:15,40000.0,300.0,263600.0
368,2021-10-12 02:57:00,39900.0,300.0,263300.0
369,2021-10-12 02:56:36,39950.0,100.0,263000.0
370,2021-10-12 02:56:36,39950.0,100.0,262900.0
371,2021-10-12 02:55:31,39900.0,100.0,262800.0
372,2021-10-12 02:55:31,39900.0,1000.0,262700.0
373,2021-10-12 02:55:31,39900.0,1000.0,261700.0
374,2021-10-12 02:55:31,39900.0,100.0,260700.0
375,2021-10-12 02:55:31,39900.0,1000.0,260600.0
376,2021-10-12 02:55:31,39900.0,4300.0,259600.0
377,2021-10-12 02:55:31,39900.0,100.0,255300.0
378,2021-10-12 02:53:15,39800.0,400.0,255200.0
379,2021-10-12 02:53:12,39800.0,500.0,254800.0
380,2021-10-12 02:53:10,39800.0,100.0,254300.0
381,2021-10-12 02:52:59,39800.0,1000.0,254200.0
382,2021-10-12 02:52:59,39800.0,100.0,253200.0
383,2021-10-12 02:52:38,39800.0,400.0,253100.0
384,2021-10-12 02:52:38,39800.0,600.0,252700.0
385,2021-10-12 02:52:33,39800.0,500.0,252100.0
386,2021-10-12 02:52:26,39750.0,300.0,251600.0
387,2021-10-12 02:51:32,39750.0,100.0,251300.0
388,2021-10-12 02:50:24,39750.0,300.0,251200.0
389,2021-10-12 02:49:28,39750.0,300.0,250900.0
390,2021-10-12 02:48:43,39750.0,100.0,250600.0
391,2021-10-12 02:48:43,39700.0,900.0,250500.0
392,2021-10-12 02:48:15,39750.0,1100.0,249600.0
393,2021-10-12 02:47:54,39650.0,300.0,248500.0
394,2021-10-12 02:46:52,39650.0,9000.0,248200.0
395,2021-10-12 02:46:52,39700.0,800.0,239200.0
396,2021-10-12 02:46:52,39700.0,500.0,238400.0
397,2021-10-12 02:46:52,39700.0,300.0,237900.0
398,2021-10-12 02:46:52,39700.0,1400.0,237600.0
399,2021-10-12 02:46:52,39700.0,1000.0,236200.0
400,2021-10-12 02:46:52,39700.0,3000.0,235200.0
401,2021-10-12 02:46:52,39700.0,100.0,232200.0
402,2021-10-12 02:46:52,39700.0,100.0,232100.0
403,2021-10-12 02:46:52,39700.0,500.0,232000.0
404,2021-10-12 02:46:52,39700.0,200.0,231500.0
405,2021-10-12 02:46:52,39700.0,500.0,231300.0
406,2021-10-12 02:46:52,39700.0,100.0,230800.0
407,2021-10-12 02:46:52,39700.0,1300.0,230700.0
408,2021-10-12 02:46:52,39700.0,200.0,229400.0
409,2021-10-12 02:46:52,39700.0,100.0,229200.0
410,2021-10-12 02:46:52,39700.0,100.0,229100.0
411,2021-10-12 02:46:52,39700.0,200.0,229000.0
412,2021-10-12 02:46:52,39700.0,200.0,228800.0
413,2021-10-12 02:46:52,39700.0,100.0,228600.0
414,2021-10-12 02:46:52,39700.0,200.0,228500.0
415,2021-10-12 02:46:52,39700.0,1000.0,228300.0
416,2021-10-12 02:46:52,39700.0,1300.0,227300.0
417,2021-10-12 02:46:52,39700.0,5000.0,226000.0
418,2021-10-12 02:46:52,39700.0,800.0,221000.0
419,2021-10-12 02:46:52,39750.0,5000.0,220200.0
420,2021-10-12 02:46:52,39750.0,100.0,215200.0
421,2021-10-12 02:46:52,39750.0,1400.0,215100.0
422,2021-10-12 02:46:52,39750.0,100.0,213700.0
423,2021-10-12 02:46:52,39750.0,5000.0,213600.0
424,2021-10-12 02:46:52,39750.0,1000.0,208600.0
425,2021-10-12 02:46:52,39750.0,500.0,207600.0
426,2021-10-12 02:46:52,39800.0,300.0,207100.0
427,2021-10-12 02:46:52,39800.0,100.0,206800.0
428,2021-10-12 02:46:52,39800.0,100.0,206700.0
429,2021-10-12 02:46:52,39800.0,300.0,206600.0
430,2021-10-12 02:46:52,39800.0,100.0,206300.0
431,2021-10-12 02:46:52,39800.0,500.0,206200.0
432,2021-10-12 02:46:52,39800.0,2500.0,205700.0
433,2021-10-12 02:46:01,39800.0,200.0,203200.0
434,2021-10-12 02:45:03,39800.0,300.0,203000.0
435,2021-10-12 02:45:03,39800.0,200.0,202700.0
436,2021-10-12 02:44:52,39800.0,100.0,202500.0
437,2021-10-12 02:44:52,39800.0,200.0,202400.0
438,2021-10-12 02:44:52,39800.0,1000.0,202200.0
439,2021-10-12 02:44:52,39800.0,100.0,201200.0
440,2021-10-12 02:44:52,39800.0,200.0,201100.0
441,2021-10-12 02:44:52,39800.0,400.0,200900.0
442,2021-10-12 02:44:50,39800.0,300.0,200500.0
443,2021-10-12 02:43:49,39800.0,200.0,200200.0
444,2021-10-12 02:43:46,39800.0,100.0,200000.0
445,2021-10-12 02:43:46,39800.0,400.0,199900.0
446,2021-10-12 02:43:31,39800.0,100.0,199500.0
447,2021-10-12 02:43:20,39800.0,300.0,199400.0
448,2021-10-12 02:42:24,39900.0,1500.0,199100.0
449,2021-10-12 02:41:48,39900.0,500.0,197600.0
450,2021-10-12 02:41:14,39900.0,400.0,197100.0
451,2021-10-12 02:40:15,39800.0,100.0,196700.0
452,2021-10-12 02:40:15,39800.0,200.0,196600.0
453,2021-10-12 02:40:02,39800.0,100.0,196400.0
454,2021-10-12 02:39:51,39750.0,900.0,196300.0
455,2021-10-12 02:39:51,39750.0,100.0,195400.0
456,2021-10-12 02:39:51,39750.0,100.0,195300.0
457,2021-10-12 02:39:51,39750.0,100.0,195200.0
458,2021-10-12 02:39:51,39750.0,100.0,195100.0
459,2021-10-12 02:39:51,39750.0,500.0,195000.0
460,2021-10-12 02:39:51,39750.0,1000.0,194500.0
461,2021-10-12 02:39:51,39750.0,200.0,193500.0
462,2021-10-12 02:38:47,39750.0,300.0,193300.0
463,2021-10-12 02:38:40,39750.0,1000.0,193000.0
464,2021-10-12 02:38:38,39750.0,700.0,192000.0
465,2021-10-12 02:37:02,39750.0,100.0,191300.0
466,2021-10-12 02:37:02,39750.0,100.0,191200.0
467,2021-10-12 02:37:02,39750.0,500.0,191100.0
468,2021-10-12 02:37:02,39750.0,1000.0,190600.0
469,2021-10-12 02:37:02,39750.0,100.0,189600.0
470,2021-10-12 02:34:59,39750.0,100.0,189500.0
471,2021-10-12 02:34:24,39750.0,200.0,189400.0
472,2021-10-12 02:34:13,39700.0,200.0,189200.0
473,2021-10-12 02:34:13,39700.0,100.0,189000.0
474,2021-10-12 02:34:07,39750.0,500.0,188900.0
475,2021-10-12 02:34:07,39750.0,500.0,188400.0
476,2021-10-12 02:33:44,39750.0,100.0,187900.0
477,2021-10-12 02:32:51,39650.0,300.0,187800.0
478,2021-10-12 02:32:51,39650.0,500.0,187500.0
479,2021-10-12 02:32:51,39650.0,100.0,187000.0
480,2021-10-12 02:32:51,39650.0,700.0,186900.0
481,2021-10-12 02:32:51,39700.0,3000.0,186200.0
482,2021-10-12 02:32:51,39700.0,200.0,183200.0
483,2021-10-12 02:32:51,39700.0,200.0,183000.0
484,2021-10-12 02:32:51,39700.0,200.0,182800.0
485,2021-10-12 02:32:51,39700.0,100.0,182600.0
486,2021-10-12 02:32:51,39700.0,100.0,182500.0
487,2021-10-12 02:32:51,39700.0,500.0,182400.0
488,2021-10-12 02:32:51,39700.0,100.0,181900.0
489,2021-10-12 02:32:51,39700.0,1000.0,181800.0
490,2021-10-12 02:32:51,39700.0,300.0,180800.0
491,2021-10-12 02:32:51,39700.0,200.0,180500.0
492,2021-10-12 02:32:51,39700.0,1500.0,180300.0
493,2021-10-12 02:32:36,39750.0,1000.0,178800.0
494,2021-10-12 02:32:17,39750.0,500.0,177800.0
495,2021-10-12 02:32:17,39750.0,100.0,177300.0
496,2021-10-12 02:32:17,39750.0,3300.0,177200.0
497,2021-10-12 02:31:15,39750.0,600.0,173900.0
498,2021-10-12 02:30:57,39700.0,4000.0,173300.0
499,2021-10-12 02:30:12,39800.0,100.0,169300.0
500,2021-10-12 02:30:03,39750.0,500.0,169200.0
501,2021-10-12 02:30:00,39700.0,3000.0,168700.0
502,2021-10-12 02:29:58,39700.0,1500.0,165700.0
503,2021-10-12 02:29:56,39700.0,200.0,164200.0
504,2021-10-12 02:29:54,39650.0,9300.0,164000.0
505,2021-10-12 02:29:54,39650.0,200.0,154700.0
506,2021-10-12 02:29:54,39650.0,200.0,154500.0
507,2021-10-12 02:29:54,39650.0,300.0,154300.0
508,2021-10-12 02:29:47,39700.0,400.0,154000.0
509,2021-10-12 02:29:47,39700.0,300.0,153600.0
510,2021-10-12 02:29:47,39700.0,200.0,153300.0
511,2021-10-12 02:29:47,39700.0,200.0,153100.0
512,2021-10-12 02:29:47,39700.0,100.0,152900.0
513,2021-10-12 02:29:47,39700.0,100.0,152800.0
514,2021-10-12 02:29:40,39700.0,300.0,152700.0
515,2021-10-12 02:29:40,39700.0,1000.0,152400.0
516,2021-10-12 02:29:13,39700.0,600.0,151400.0
517,2021-10-12 02:29:13,39700.0,200.0,150800.0
518,2021-10-12 02:29:13,39700.0,200.0,150600.0
519,2021-10-12 02:29:08,39750.0,300.0,150400.0
520,2021-10-12 02:29:02,39750.0,200.0,150100.0
521,2021-10-12 02:29:01,39750.0,400.0,149900.0
522,2021-10-12 02:28:20,39750.0,100.0,149500.0
523,2021-10-12 02:28:20,39750.0,500.0,149400.0
524,2021-10-12 02:28:00,39700.0,1500.0,148900.0
525,2021-10-12 02:28:00,39700.0,3300.0,147400.0
526,2021-10-12 02:28:00,39700.0,300.0,144100.0
527,2021-10-12 02:28:00,39700.0,100.0,143800.0
528,2021-10-12 02:28:00,39700.0,9800.0,143700.0
529,2021-10-12 02:27:56,39700.0,200.0,133900.0
530,2021-10-12 02:27:56,39700.0,200.0,133700.0
531,2021-10-12 02:27:56,39750.0,100.0,133500.0
532,2021-10-12 02:27:35,39700.0,1000.0,133400.0
533,2021-10-12 02:27:35,39700.0,200.0,132400.0
534,2021-10-12 02:26:57,39700.0,300.0,132200.0
535,2021-10-12 02:26:57,39700.0,700.0,131900.0
536,2021-10-12 02:26:26,39700.0,300.0,131200.0
537,2021-10-12 02:26:21,39700.0,200.0,130900.0
538,2021-10-12 02:26:21,39700.0,500.0,130700.0
539,2021-10-12 02:26:18,39700.0,100.0,130200.0
540,2021-10-12 02:25:44,39700.0,400.0,130100.0
541,2021-10-12 02:25:44,39700.0,100.0,129700.0
542,2021-10-12 02:25:44,39700.0,2000.0,129600.0
543,2021-10-12 02:25:44,39700.0,5000.0,127600.0
544,2021-10-12 02:25:44,39700.0,500.0,122600.0
545,2021-10-12 02:25:44,39700.0,100.0,122100.0
546,2021-10-12 02:25:44,39700.0,200.0,122000.0
547,2021-10-12 02:25:44,39700.0,100.0,121800.0
548,2021-10-12 02:25:44,39800.0,100.0,121700.0
549,2021-10-12 02:25:44,39800.0,200.0,121600.0
550,2021-10-12 02:25:44,39800.0,200.0,121400.0
551,2021-10-12 02:25:07,39800.0,300.0,121200.0
552,2021-10-12 02:25:06,39950.0,300.0,120900.0
553,2021-10-12 02:24:50,39950.0,100.0,120600.0
554,2021-10-12 02:24:24,39950.0,100.0,120500.0
555,2021-10-12 02:23:45,39700.0,200.0,120400.0
556,2021-10-12 02:23:38,39700.0,1000.0,120200.0
557,2021-10-12 02:23:22,39600.0,2300.0,119200.0
558,2021-10-12 02:23:22,39600.0,100.0,116900.0
559,2021-10-12 02:23:22,39600.0,700.0,116800.0
560,2021-10-12 02:22:50,39650.0,800.0,116100.0
561,2021-10-12 02:22:43,39650.0,200.0,115300.0
562,2021-10-12 02:22:40,39650.0,1000.0,115100.0
563,2021-10-12 02:22:40,39650.0,1200.0,114100.0
564,2021-10-12 02:22:40,39650.0,800.0,112900.0
565,2021-10-12 02:22:19,39650.0,8900.0,112100.0
566,2021-10-12 02:22:15,39650.0,300.0,103200.0
567,2021-10-12 02:22:15,39700.0,100.0,102900.0
568,2021-10-12 02:21:59,39700.0,1000.0,102800.0
569,2021-10-12 02:21:59,39700.0,600.0,101800.0
570,2021-10-12 02:21:59,39700.0,10000.0,101200.0
571,2021-10-12 02:21:40,39600.0,300.0,91200.0
572,2021-10-12 02:21:40,39600.0,100.0,90900.0
573,2021-10-12 02:21:40,39600.0,100.0,90800.0
574,2021-10-12 02:21:40,39600.0,1000.0,90700.0
575,2021-10-12 02:21:40,39600.0,2000.0,89700.0
576,2021-10-12 02:21:40,39600.0,100.0,87700.0
577,2021-10-12 02:21:40,39600.0,300.0,87600.0
578,2021-10-12 02:21:40,39600.0,1000.0,87300.0
579,2021-10-12 02:21:40,39600.0,2000.0,86300.0
580,2021-10-12 02:21:40,39600.0,200.0,84300.0
581,2021-10-12 02:21:40,39600.0,1000.0,84100.0
582,2021-10-12 02:21:40,39600.0,200.0,83100.0
583,2021-10-12 02:21:40,39600.0,400.0,82900.0
584,2021-10-12 02:21:40,39600.0,100.0,82500.0
585,2021-10-12 02:21:40,39650.0,100.0,82400.0
586,2021-10-12 02:21:40,39700.0,500.0,82300.0
587,2021-10-12 02:21:40,39700.0,100.0,81800.0
588,2021-10-12 02:21:40,39700.0,200.0,81700.0
589,2021-10-12 02:21:19,39700.0,1000.0,81500.0
590,2021-10-12 02:21:19,39700.0,200.0,80500.0
591,2021-10-12 02:21:02,39600.0,1900.0,80300.0
592,2021-10-12 02:21:02,39600.0,5000.0,78400.0
593,2021-10-12 02:21:02,39600.0,100.0,73400.0
594,2021-10-12 02:21:02,39600.0,900.0,73300.0
595,2021-10-12 02:21:02,39600.0,100.0,72400.0
596,2021-10-12 02:21:02,39600.0,500.0,72300.0
597,2021-10-12 02:21:02,39600.0,1000.0,71800.0
598,2021-10-12 02:21:02,39700.0,700.0,70800.0
599,2021-10-12 02:21:02,39700.0,1000.0,70100.0
600,2021-10-12 02:21:02,39700.0,2000.0,69100.0
601,2021-10-12 02:21:02,39700.0,1000.0,67100.0
602,2021-10-12 02:21:02,39700.0,300.0,66100.0
603,2021-10-12 02:21:02,39700.0,100.0,65800.0
604,2021-10-12 02:21:02,39700.0,100.0,65700.0
605,2021-10-12 02:21:02,39700.0,300.0,65600.0
606,2021-10-12 02:20:52,39800.0,1100.0,65300.0
607,2021-10-12 02:20:43,39800.0,100.0,64200.0
608,2021-10-12 02:20:43,39800.0,200.0,64100.0
609,2021-10-12 02:20:43,39750.0,100.0,63900.0
610,2021-10-12 02:20:35,39750.0,1400.0,63800.0
611,2021-10-12 02:20:34,39700.0,300.0,62400.0
612,2021-10-12 02:20:26,39700.0,3400.0,62100.0
613,2021-10-12 02:20:26,39700.0,5000.0,58700.0
614,2021-10-12 02:20:26,39700.0,1000.0,53700.0
615,2021-10-12 02:20:26,39700.0,1000.0,52700.0
616,2021-10-12 02:20:26,39700.0,100.0,51700.0
617,2021-10-12 02:20:26,39700.0,1000.0,51600.0
618,2021-10-12 02:20:26,39700.0,200.0,50600.0
619,2021-10-12 02:20:26,39700.0,600.0,50400.0
620,2021-10-12 02:20:26,39700.0,300.0,49800.0
621,2021-10-12 02:20:26,39700.0,300.0,49500.0
622,2021-10-12 02:20:26,39700.0,100.0,49200.0
623,2021-10-12 02:20:26,39700.0,1000.0,49100.0
624,2021-10-12 02:20:26,39700.0,3000.0,48100.0
625,2021-10-12 02:20:26,39700.0,300.0,45100.0
626,2021-10-12 02:20:26,39750.0,1100.0,44800.0
627,2021-10-12 02:20:26,39750.0,100.0,43700.0
628,2021-10-12 02:20:12,39750.0,2000.0,43600.0
629,2021-10-12 02:20:12,39750.0,100.0,41600.0
630,2021-10-12 02:20:12,39750.0,200.0,41500.0
631,2021-10-12 02:19:56,39800.0,3000.0,41300.0
632,2021-10-12 02:19:56,39800.0,200.0,38300.0
633,2021-10-12 02:19:56,39800.0,500.0,38100.0
634,2021-10-12 02:19:56,39800.0,200.0,37600.0
635,2021-10-12 02:19:56,39800.0,300.0,37400.0
636,2021-10-12 02:19:56,39800.0,3100.0,37100.0
637,2021-10-12 02:19:47,39800.0,1900.0,34000.0
638,2021-10-12 02:19:47,39800.0,100.0,32100.0
639,2021-10-12 02:19:47,39800.0,3000.0,32000.0
640,2021-10-12 02:19:47,39850.0,9400.0,29000.0
641,2021-10-12 02:19:47,39850.0,600.0,19600.0
642,2021-10-12 02:19:42,39900.0,300.0,19000.0
643,2021-10-12 02:19:42,39900.0,100.0,18700.0
644,2021-10-12 02:19:42,39900.0,1000.0,18600.0
645,2021-10-12 02:19:27,39950.0,100.0,17600.0
646,2021-10-12 02:19:20,40000.0,100.0,17500.0
647,2021-10-12 02:19:13,40100.0,200.0,17400.0
648,2021-10-12 02:18:47,40100.0,400.0,17200.0
649,2021-10-12 02:18:30,40100.0,100.0,16800.0
650,2021-10-12 02:18:24,40200.0,2100.0,16700.0
651,2021-10-12 02:18:24,40200.0,400.0,14600.0
652,2021-10-12 02:18:24,40200.0,500.0,14200.0
653,2021-10-12 02:18:24,40200.0,200.0,13700.0
654,2021-10-12 02:18:24,40200.0,200.0,13500.0
655,2021-10-12 02:18:17,40200.0,300.0,13300.0
656,2021-10-12 02:18:17,40200.0,300.0,13000.0
657,2021-10-12 02:18:17,40200.0,100.0,12700.0
658,2021-10-12 02:18:17,40200.0,500.0,12600.0
659,2021-10-12 02:18:17,40200.0,1800.0,12100.0
660,2021-10-12 02:17:41,40200.0,300.0,10300.0
661,2021-10-12 02:17:21,40200.0,400.0,10000.0
662,2021-10-12 02:16:39,40200.0,500.0,9600.0
663,2021-10-12 02:16:39,40200.0,200.0,9100.0
664,2021-10-12 02:16:39,40100.0,200.0,8900.0
665,2021-10-12 02:16:39,40100.0,100.0,8700.0
666,2021-10-12 02:16:16,39750.0,200.0,8600.0
667,2021-10-12 02:16:07,39700.0,200.0,8400.0
668,2021-10-12 02:16:01,39700.0,300.0,8200.0
669,2021-10-12 02:15:14,39700.0,200.0,7900.0
670,2021-10-12 02:15:00,39600.0,100.0,7700.0
671,2021-10-12 02:15:00,39600.0,900.0,7600.0
672,2021-10-12 02:15:00,39600.0,100.0,6700.0
673,2021-10-12 02:15:00,39600.0,100.0,6600.0
674,2021-10-12 02:15:00,39600.0,1000.0,6500.0
675,2021-10-12 02:15:00,39600.0,300.0,5500.0
676,2021-10-12 02:15:00,39600.0,100.0,5200.0
677,2021-10-12 02:15:00,39600.0,200.0,5100.0
678,2021-10-12 02:15:00,39600.0,100.0,4900.0
679,2021-10-12 02:15:00,39600.0,100.0,4800.0
680,2021-10-12 02:15:00,39600.0,500.0,4700.0
681,2021-10-12 02:15:00,39600.0,500.0,4200.0
682,2021-10-12 02:15:00,39600.0,200.0,3700.0
683,2021-10-12 02:15:00,39600.0,100.0,3500.0
684,2021-10-12 02:15:00,39600.0,500.0,3400.0
685,2021-10-12 02:15:00,39600.0,100.0,2900.0
686,2021-10-12 02:15:00,39600.0,100.0,2800.0
687,2021-10-12 02:15:00,39600.0,2000.0,2700.0
688,2021-10-12 02:15:00,39600.0,500.0,700.0
689,2021-10-12 02:15:00,39600.0,100.0,200.0
690,2021-10-12 02:15:00,39600.0,100.0,100.0
