,Time,Price,Volume_per_trade,Volume
0,2021-10-01 14:45:00,41300.0,100.0,1473200.0
1,2021-10-01 14:45:00,41300.0,5000.0,1473100.0
2,2021-10-01 14:45:00,41300.0,100.0,1468100.0
3,2021-10-01 14:45:00,41300.0,600.0,1468000.0
4,2021-10-01 14:45:00,41300.0,1000.0,1467400.0
5,2021-10-01 14:45:00,41300.0,200.0,1466400.0
6,2021-10-01 14:45:00,41300.0,1200.0,1466200.0
7,2021-10-01 14:45:00,41300.0,500.0,1465000.0
8,2021-10-01 14:45:00,41300.0,200.0,1464500.0
9,2021-10-01 14:45:00,41300.0,100.0,1464300.0
10,2021-10-01 14:45:00,41300.0,500.0,1464200.0
11,2021-10-01 14:45:00,41300.0,1000.0,1463700.0
12,2021-10-01 14:45:00,41300.0,1500.0,1462700.0
13,2021-10-01 14:45:00,41300.0,500.0,1461200.0
14,2021-10-01 14:45:00,41300.0,4100.0,1460700.0
15,2021-10-01 14:45:00,41300.0,500.0,1456600.0
16,2021-10-01 14:45:00,41300.0,300.0,1456100.0
17,2021-10-01 14:45:00,41300.0,100.0,1455800.0
18,2021-10-01 14:45:00,41300.0,500.0,1455700.0
19,2021-10-01 14:45:00,41300.0,500.0,1455200.0
20,2021-10-01 14:45:00,41300.0,500.0,1454700.0
21,2021-10-01 14:29:39,41150.0,200.0,1454200.0
22,2021-10-01 14:28:53,41150.0,1000.0,1454000.0
23,2021-10-01 14:28:53,41150.0,100.0,1453000.0
24,2021-10-01 14:28:09,41150.0,100.0,1452900.0
25,2021-10-01 14:28:09,41150.0,100.0,1452800.0
26,2021-10-01 14:28:08,41150.0,900.0,1452700.0
27,2021-10-01 14:28:06,41100.0,1800.0,1451800.0
28,2021-10-01 14:27:53,41150.0,500.0,1450000.0
29,2021-10-01 14:27:52,41150.0,500.0,1449500.0
30,2021-10-01 14:27:45,41150.0,100.0,1449000.0
31,2021-10-01 14:27:36,41150.0,100.0,1448900.0
32,2021-10-01 14:27:31,41150.0,500.0,1448800.0
33,2021-10-01 14:26:56,41100.0,500.0,1448300.0
34,2021-10-01 14:26:56,41100.0,100.0,1447800.0
35,2021-10-01 14:26:27,41100.0,1500.0,1447700.0
36,2021-10-01 14:26:04,41100.0,2000.0,1446200.0
37,2021-10-01 14:26:00,41100.0,300.0,1444200.0
38,2021-10-01 14:26:00,41100.0,5500.0,1443900.0
39,2021-10-01 14:26:00,41100.0,500.0,1438400.0
40,2021-10-01 14:26:00,41100.0,100.0,1437900.0
41,2021-10-01 14:23:56,41100.0,400.0,1437800.0
42,2021-10-01 14:23:46,41100.0,100.0,1437400.0
43,2021-10-01 14:23:25,41100.0,300.0,1437300.0
44,2021-10-01 14:23:05,41100.0,100.0,1437000.0
45,2021-10-01 14:23:05,41100.0,400.0,1436900.0
46,2021-10-01 14:22:32,41100.0,100.0,1436500.0
47,2021-10-01 14:20:50,41100.0,500.0,1436400.0
48,2021-10-01 14:19:18,41000.0,200.0,1435900.0
49,2021-10-01 14:18:48,41100.0,100.0,1435700.0
50,2021-10-01 14:17:52,41000.0,700.0,1435600.0
51,2021-10-01 14:17:52,41000.0,100.0,1434900.0
52,2021-10-01 14:17:52,41000.0,300.0,1434800.0
53,2021-10-01 14:17:52,41000.0,1000.0,1434500.0
54,2021-10-01 14:17:52,41000.0,100.0,1433500.0
55,2021-10-01 14:17:52,41000.0,800.0,1433400.0
56,2021-10-01 14:17:41,41000.0,1200.0,1432600.0
57,2021-10-01 14:17:41,41000.0,300.0,1431400.0
58,2021-10-01 14:17:41,41000.0,500.0,1431100.0
59,2021-10-01 14:17:41,41000.0,2400.0,1430600.0
60,2021-10-01 14:17:41,41000.0,1600.0,1428200.0
61,2021-10-01 14:17:09,41000.0,8400.0,1426600.0
62,2021-10-01 14:17:09,41000.0,100.0,1418200.0
63,2021-10-01 14:17:09,41000.0,5600.0,1418100.0
64,2021-10-01 14:17:09,41000.0,5000.0,1412500.0
65,2021-10-01 14:17:09,41000.0,1000.0,1407500.0
66,2021-10-01 14:17:09,41000.0,300.0,1406500.0
67,2021-10-01 14:17:09,41000.0,5000.0,1406200.0
68,2021-10-01 14:17:09,41000.0,200.0,1401200.0
69,2021-10-01 14:17:09,41000.0,100.0,1401000.0
70,2021-10-01 14:17:09,41000.0,1000.0,1400900.0
71,2021-10-01 14:17:09,41000.0,200.0,1399900.0
72,2021-10-01 14:17:09,41000.0,500.0,1399700.0
73,2021-10-01 14:17:09,41000.0,2000.0,1399200.0
74,2021-10-01 14:17:09,41000.0,200.0,1397200.0
75,2021-10-01 14:17:09,41000.0,100.0,1397000.0
76,2021-10-01 14:17:09,41000.0,100.0,1396900.0
77,2021-10-01 14:17:09,41050.0,10000.0,1396800.0
78,2021-10-01 14:14:34,41000.0,400.0,1386800.0
79,2021-10-01 14:14:34,41000.0,700.0,1386400.0
80,2021-10-01 14:14:34,41050.0,1000.0,1385700.0
81,2021-10-01 14:14:34,41050.0,100.0,1384700.0
82,2021-10-01 14:14:34,41100.0,700.0,1384600.0
83,2021-10-01 14:14:34,41100.0,200.0,1383900.0
84,2021-10-01 14:14:34,41100.0,500.0,1383700.0
85,2021-10-01 14:14:34,41100.0,1000.0,1383200.0
86,2021-10-01 14:14:34,41100.0,400.0,1382200.0
87,2021-10-01 14:14:34,41100.0,1000.0,1381800.0
88,2021-10-01 14:14:34,41100.0,500.0,1380800.0
89,2021-10-01 14:14:34,41100.0,2000.0,1380300.0
90,2021-10-01 14:14:34,41100.0,2000.0,1378300.0
91,2021-10-01 14:14:34,41100.0,1300.0,1376300.0
92,2021-10-01 14:14:34,41150.0,400.0,1375000.0
93,2021-10-01 14:14:34,41150.0,7800.0,1374600.0
94,2021-10-01 14:14:25,41150.0,2000.0,1366800.0
95,2021-10-01 14:14:09,41150.0,200.0,1364800.0
96,2021-10-01 14:13:32,41200.0,200.0,1364600.0
97,2021-10-01 14:13:27,41200.0,500.0,1364400.0
98,2021-10-01 14:11:59,41100.0,5500.0,1363900.0
99,2021-10-01 14:11:59,41150.0,200.0,1358400.0
100,2021-10-01 14:11:59,41150.0,2000.0,1358200.0
101,2021-10-01 14:11:59,41150.0,1000.0,1356200.0
102,2021-10-01 14:11:59,41150.0,500.0,1355200.0
103,2021-10-01 14:11:59,41150.0,800.0,1354700.0
104,2021-10-01 14:11:20,41200.0,1000.0,1353900.0
105,2021-10-01 14:11:20,41200.0,1200.0,1352900.0
106,2021-10-01 14:10:58,41200.0,8800.0,1351700.0
107,2021-10-01 14:10:41,41250.0,200.0,1342900.0
108,2021-10-01 14:10:41,41250.0,8100.0,1342700.0
109,2021-10-01 14:09:30,41300.0,400.0,1334600.0
110,2021-10-01 14:09:28,41300.0,10000.0,1334200.0
111,2021-10-01 14:09:28,41300.0,500.0,1324200.0
112,2021-10-01 14:09:28,41300.0,1000.0,1323700.0
113,2021-10-01 14:08:18,41350.0,200.0,1322700.0
114,2021-10-01 14:07:35,41300.0,300.0,1322500.0
115,2021-10-01 14:07:33,41300.0,1400.0,1322200.0
116,2021-10-01 14:07:33,41300.0,200.0,1320800.0
117,2021-10-01 14:07:05,41300.0,300.0,1320600.0
118,2021-10-01 14:06:17,41300.0,10000.0,1320300.0
119,2021-10-01 14:06:11,41350.0,1000.0,1310300.0
120,2021-10-01 14:05:34,41350.0,500.0,1309300.0
121,2021-10-01 14:04:22,41350.0,500.0,1308800.0
122,2021-10-01 14:03:40,41350.0,1000.0,1308300.0
123,2021-10-01 14:01:35,41350.0,100.0,1307300.0
124,2021-10-01 14:01:27,41350.0,200.0,1307200.0
125,2021-10-01 14:01:27,41350.0,300.0,1307000.0
126,2021-10-01 14:00:54,41350.0,500.0,1306700.0
127,2021-10-01 14:00:08,41350.0,1000.0,1306200.0
128,2021-10-01 14:00:08,41350.0,100.0,1305200.0
129,2021-10-01 14:00:03,41350.0,100.0,1305100.0
130,2021-10-01 13:59:52,41350.0,9600.0,1305000.0
131,2021-10-01 13:58:36,41300.0,1000.0,1295400.0
132,2021-10-01 13:58:36,41300.0,5000.0,1294400.0
133,2021-10-01 13:58:36,41300.0,2100.0,1289400.0
134,2021-10-01 13:58:33,41300.0,200.0,1287300.0
135,2021-10-01 13:57:33,41250.0,10000.0,1287100.0
136,2021-10-01 13:57:33,41250.0,1900.0,1277100.0
137,2021-10-01 13:56:50,41200.0,100.0,1275200.0
138,2021-10-01 13:56:14,41150.0,100.0,1275100.0
139,2021-10-01 13:55:41,41150.0,1000.0,1275000.0
140,2021-10-01 13:55:17,41150.0,100.0,1274000.0
141,2021-10-01 13:53:34,41200.0,1000.0,1273900.0
142,2021-10-01 13:53:01,41150.0,900.0,1272900.0
143,2021-10-01 13:52:54,41150.0,100.0,1272000.0
144,2021-10-01 13:52:34,41150.0,200.0,1271900.0
145,2021-10-01 13:52:31,41150.0,10000.0,1271700.0
146,2021-10-01 13:52:31,41150.0,200.0,1261700.0
147,2021-10-01 13:52:31,41150.0,500.0,1261500.0
148,2021-10-01 13:52:31,41150.0,600.0,1261000.0
149,2021-10-01 13:52:31,41150.0,5000.0,1260400.0
150,2021-10-01 13:52:31,41150.0,2500.0,1255400.0
151,2021-10-01 13:52:19,41200.0,1000.0,1252900.0
152,2021-10-01 13:52:19,41200.0,1000.0,1251900.0
153,2021-10-01 13:52:19,41200.0,1000.0,1250900.0
154,2021-10-01 13:52:19,41200.0,1000.0,1249900.0
155,2021-10-01 13:52:19,41200.0,9900.0,1248900.0
156,2021-10-01 13:52:10,41250.0,600.0,1239000.0
157,2021-10-01 13:51:35,41250.0,600.0,1238400.0
158,2021-10-01 13:51:32,41250.0,1000.0,1237800.0
159,2021-10-01 13:51:32,41250.0,100.0,1236800.0
160,2021-10-01 13:51:32,41250.0,800.0,1236700.0
161,2021-10-01 13:50:14,41250.0,1400.0,1235900.0
162,2021-10-01 13:50:07,41250.0,1600.0,1234500.0
163,2021-10-01 13:50:06,41250.0,2000.0,1232900.0
164,2021-10-01 13:49:52,41250.0,1000.0,1230900.0
165,2021-10-01 13:49:45,41250.0,200.0,1229900.0
166,2021-10-01 13:49:09,41300.0,200.0,1229700.0
167,2021-10-01 13:48:55,41300.0,500.0,1229500.0
168,2021-10-01 13:48:55,41250.0,3000.0,1229000.0
169,2021-10-01 13:48:27,41300.0,1000.0,1226000.0
170,2021-10-01 13:47:57,41300.0,100.0,1225000.0
171,2021-10-01 13:47:19,41300.0,500.0,1224900.0
172,2021-10-01 13:47:19,41300.0,100.0,1224400.0
173,2021-10-01 13:47:19,41300.0,2000.0,1224300.0
174,2021-10-01 13:47:19,41300.0,2000.0,1222300.0
175,2021-10-01 13:47:19,41300.0,100.0,1220300.0
176,2021-10-01 13:47:19,41300.0,200.0,1220200.0
177,2021-10-01 13:47:19,41300.0,200.0,1220000.0
178,2021-10-01 13:47:19,41300.0,1000.0,1219800.0
179,2021-10-01 13:47:19,41300.0,1800.0,1218800.0
180,2021-10-01 13:47:19,41300.0,3000.0,1217000.0
181,2021-10-01 13:47:19,41300.0,5000.0,1214000.0
182,2021-10-01 13:47:15,41350.0,100.0,1209000.0
183,2021-10-01 13:47:15,41350.0,100.0,1208900.0
184,2021-10-01 13:47:09,41350.0,10000.0,1208800.0
185,2021-10-01 13:46:59,41400.0,200.0,1198800.0
186,2021-10-01 13:46:59,41400.0,1000.0,1198600.0
187,2021-10-01 13:46:38,41450.0,300.0,1197600.0
188,2021-10-01 13:46:38,41450.0,200.0,1197300.0
189,2021-10-01 13:46:38,41450.0,1000.0,1197100.0
190,2021-10-01 13:46:38,41450.0,100.0,1196100.0
191,2021-10-01 13:46:38,41450.0,400.0,1196000.0
192,2021-10-01 13:44:30,41450.0,100.0,1195600.0
193,2021-10-01 13:42:42,41500.0,300.0,1195500.0
194,2021-10-01 13:42:42,41500.0,700.0,1195200.0
195,2021-10-01 13:42:42,41500.0,300.0,1194500.0
196,2021-10-01 13:42:21,41500.0,500.0,1194200.0
197,2021-10-01 13:42:11,41500.0,200.0,1193700.0
198,2021-10-01 13:37:08,41500.0,100.0,1193500.0
199,2021-10-01 13:36:37,41500.0,900.0,1193400.0
200,2021-10-01 13:36:26,41500.0,100.0,1192500.0
201,2021-10-01 13:34:46,41450.0,500.0,1192400.0
202,2021-10-01 13:34:46,41450.0,400.0,1191900.0
203,2021-10-01 13:34:35,41450.0,100.0,1191500.0
204,2021-10-01 13:32:21,41300.0,500.0,1191400.0
205,2021-10-01 13:32:21,41300.0,2500.0,1190900.0
206,2021-10-01 13:32:15,41300.0,5000.0,1188400.0
207,2021-10-01 13:32:06,41300.0,2500.0,1183400.0
208,2021-10-01 13:32:06,41250.0,500.0,1180900.0
209,2021-10-01 13:31:49,41200.0,100.0,1180400.0
210,2021-10-01 13:31:16,41150.0,1000.0,1180300.0
211,2021-10-01 13:31:16,41150.0,1500.0,1179300.0
212,2021-10-01 13:31:14,41150.0,300.0,1177800.0
213,2021-10-01 13:31:13,41150.0,500.0,1177500.0
214,2021-10-01 13:31:07,41150.0,1000.0,1177000.0
215,2021-10-01 13:30:31,41150.0,500.0,1176000.0
216,2021-10-01 13:30:15,41150.0,11700.0,1175500.0
217,2021-10-01 13:30:06,41150.0,8300.0,1163800.0
218,2021-10-01 13:30:06,41150.0,100.0,1155500.0
219,2021-10-01 13:30:06,41150.0,100.0,1155400.0
220,2021-10-01 13:30:06,41200.0,1500.0,1155300.0
221,2021-10-01 13:29:28,41100.0,13100.0,1153800.0
222,2021-10-01 13:29:28,41150.0,1000.0,1140700.0
223,2021-10-01 13:29:28,41150.0,600.0,1139700.0
224,2021-10-01 13:29:28,41200.0,1000.0,1139100.0
225,2021-10-01 13:29:28,41200.0,300.0,1138100.0
226,2021-10-01 13:29:28,41200.0,2000.0,1137800.0
227,2021-10-01 13:29:28,41250.0,100.0,1135800.0
228,2021-10-01 13:28:51,41300.0,1000.0,1135700.0
229,2021-10-01 13:28:51,41300.0,1000.0,1134700.0
230,2021-10-01 13:28:26,41300.0,7000.0,1133700.0
231,2021-10-01 13:28:26,41350.0,3000.0,1126700.0
232,2021-10-01 13:28:07,41300.0,2000.0,1123700.0
233,2021-10-01 13:28:07,41300.0,1000.0,1121700.0
234,2021-10-01 13:28:07,41300.0,100.0,1120700.0
235,2021-10-01 13:28:07,41300.0,200.0,1120600.0
236,2021-10-01 13:28:07,41300.0,100.0,1120400.0
237,2021-10-01 13:28:07,41350.0,200.0,1120300.0
238,2021-10-01 13:28:07,41350.0,1400.0,1120100.0
239,2021-10-01 13:28:01,41350.0,600.0,1118700.0
240,2021-10-01 13:27:18,41400.0,500.0,1118100.0
241,2021-10-01 13:27:18,41400.0,1000.0,1117600.0
242,2021-10-01 13:27:18,41400.0,1000.0,1116600.0
243,2021-10-01 13:27:18,41400.0,300.0,1115600.0
244,2021-10-01 13:27:18,41400.0,600.0,1115300.0
245,2021-10-01 13:26:41,41400.0,500.0,1114700.0
246,2021-10-01 13:26:36,41400.0,500.0,1114200.0
247,2021-10-01 13:26:30,41400.0,1500.0,1113700.0
248,2021-10-01 13:26:00,41450.0,1000.0,1112200.0
249,2021-10-01 13:25:22,41400.0,1900.0,1111200.0
250,2021-10-01 13:25:22,41400.0,1000.0,1109300.0
251,2021-10-01 13:25:22,41400.0,500.0,1108300.0
252,2021-10-01 13:25:22,41400.0,1400.0,1107800.0
253,2021-10-01 13:25:22,41400.0,100.0,1106400.0
254,2021-10-01 13:25:22,41400.0,5900.0,1106300.0
255,2021-10-01 13:25:22,41450.0,500.0,1100400.0
256,2021-10-01 13:25:22,41450.0,100.0,1099900.0
257,2021-10-01 13:25:22,41450.0,3600.0,1099800.0
258,2021-10-01 13:24:32,41450.0,100.0,1096200.0
259,2021-10-01 13:24:15,41450.0,300.0,1096100.0
260,2021-10-01 13:24:08,41400.0,500.0,1095800.0
261,2021-10-01 13:24:04,41400.0,200.0,1095300.0
262,2021-10-01 13:24:00,41450.0,100.0,1095100.0
263,2021-10-01 13:23:42,41450.0,100.0,1095000.0
264,2021-10-01 13:23:06,41400.0,300.0,1094900.0
265,2021-10-01 13:23:06,41400.0,700.0,1094600.0
266,2021-10-01 13:23:06,41400.0,2100.0,1093900.0
267,2021-10-01 13:23:06,41400.0,1900.0,1091800.0
268,2021-10-01 13:22:44,41400.0,100.0,1089900.0
269,2021-10-01 13:22:44,41400.0,2000.0,1089800.0
270,2021-10-01 13:22:44,41400.0,900.0,1087800.0
271,2021-10-01 13:22:32,41500.0,1000.0,1086900.0
272,2021-10-01 13:22:32,41500.0,2000.0,1085900.0
273,2021-10-01 13:22:32,41500.0,100.0,1083900.0
274,2021-10-01 13:22:32,41500.0,1100.0,1083800.0
275,2021-10-01 13:22:32,41500.0,200.0,1082700.0
276,2021-10-01 13:22:32,41500.0,1500.0,1082500.0
277,2021-10-01 13:22:32,41500.0,400.0,1081000.0
278,2021-10-01 13:22:32,41500.0,1000.0,1080600.0
279,2021-10-01 13:22:32,41500.0,500.0,1079600.0
280,2021-10-01 13:22:32,41500.0,1000.0,1079100.0
281,2021-10-01 13:22:32,41500.0,100.0,1078100.0
282,2021-10-01 13:22:32,41500.0,100.0,1078000.0
283,2021-10-01 13:22:32,41500.0,2000.0,1077900.0
284,2021-10-01 13:22:32,41500.0,100.0,1075900.0
285,2021-10-01 13:22:32,41500.0,4000.0,1075800.0
286,2021-10-01 13:22:32,41500.0,10000.0,1071800.0
287,2021-10-01 13:22:32,41500.0,3600.0,1061800.0
288,2021-10-01 13:22:25,41550.0,100.0,1058200.0
289,2021-10-01 13:22:06,41550.0,100.0,1058100.0
290,2021-10-01 13:22:06,41550.0,700.0,1058000.0
291,2021-10-01 13:22:06,41550.0,600.0,1057300.0
292,2021-10-01 13:22:06,41550.0,800.0,1056700.0
293,2021-10-01 13:22:06,41550.0,2000.0,1055900.0
294,2021-10-01 13:20:00,41600.0,400.0,1053900.0
295,2021-10-01 13:20:00,41600.0,500.0,1053500.0
296,2021-10-01 13:19:02,41600.0,500.0,1053000.0
297,2021-10-01 13:17:04,41600.0,600.0,1052500.0
298,2021-10-01 13:17:04,41600.0,200.0,1051900.0
299,2021-10-01 13:17:04,41600.0,500.0,1051700.0
300,2021-10-01 13:17:04,41600.0,700.0,1051200.0
301,2021-10-01 13:16:33,41600.0,300.0,1050500.0
302,2021-10-01 13:16:33,41600.0,1000.0,1050200.0
303,2021-10-01 13:16:33,41600.0,200.0,1049200.0
304,2021-10-01 13:16:07,41700.0,100.0,1049000.0
305,2021-10-01 13:14:46,41700.0,100.0,1048900.0
306,2021-10-01 13:14:33,41700.0,400.0,1048800.0
307,2021-10-01 13:13:13,41700.0,100.0,1048400.0
308,2021-10-01 13:13:13,41700.0,900.0,1048300.0
309,2021-10-01 13:12:20,41700.0,1300.0,1047400.0
310,2021-10-01 13:12:20,41700.0,2000.0,1046100.0
311,2021-10-01 13:12:20,41700.0,500.0,1044100.0
312,2021-10-01 13:12:09,41750.0,7600.0,1043600.0
313,2021-10-01 13:12:08,41750.0,2000.0,1036000.0
314,2021-10-01 13:12:08,41750.0,400.0,1034000.0
315,2021-10-01 13:12:02,41750.0,400.0,1033600.0
316,2021-10-01 13:10:29,41750.0,900.0,1033200.0
317,2021-10-01 13:10:15,41750.0,3300.0,1032300.0
318,2021-10-01 13:08:01,41750.0,500.0,1029000.0
319,2021-10-01 13:08:01,41750.0,500.0,1028500.0
320,2021-10-01 13:07:27,41750.0,1000.0,1028000.0
321,2021-10-01 13:07:21,41750.0,1000.0,1027000.0
322,2021-10-01 13:07:09,41750.0,500.0,1026000.0
323,2021-10-01 13:06:55,41750.0,600.0,1025500.0
324,2021-10-01 13:06:44,41750.0,800.0,1024900.0
325,2021-10-01 13:06:32,41750.0,800.0,1024100.0
326,2021-10-01 13:06:29,41750.0,4800.0,1023300.0
327,2021-10-01 13:06:29,41750.0,4100.0,1018500.0
328,2021-10-01 13:06:26,41750.0,1300.0,1014400.0
329,2021-10-01 13:06:17,41750.0,1500.0,1013100.0
330,2021-10-01 13:06:09,41750.0,200.0,1011600.0
331,2021-10-01 13:06:00,41750.0,2100.0,1011400.0
332,2021-10-01 13:05:54,41750.0,200.0,1009300.0
333,2021-10-01 13:05:49,41750.0,600.0,1009100.0
334,2021-10-01 13:05:49,41750.0,300.0,1008500.0
335,2021-10-01 13:05:41,41750.0,1400.0,1008200.0
336,2021-10-01 13:05:36,41750.0,1200.0,1006800.0
337,2021-10-01 13:05:28,41750.0,200.0,1005600.0
338,2021-10-01 13:05:24,41750.0,3600.0,1005400.0
339,2021-10-01 13:05:21,41750.0,300.0,1001800.0
340,2021-10-01 13:05:09,41750.0,700.0,1001500.0
341,2021-10-01 13:04:59,41750.0,2300.0,1000800.0
342,2021-10-01 13:04:59,41750.0,2000.0,998500.0
343,2021-10-01 13:04:59,41750.0,200.0,996500.0
344,2021-10-01 13:04:50,41750.0,300.0,996300.0
345,2021-10-01 13:04:14,41700.0,500.0,996000.0
346,2021-10-01 13:04:14,41700.0,100.0,995500.0
347,2021-10-01 13:04:14,41700.0,300.0,995400.0
348,2021-10-01 13:04:11,41700.0,100.0,995100.0
349,2021-10-01 13:03:51,41700.0,200.0,995000.0
350,2021-10-01 13:03:51,41700.0,2000.0,994800.0
351,2021-10-01 13:03:51,41700.0,100.0,992800.0
352,2021-10-01 13:03:49,41700.0,100.0,992700.0
353,2021-10-01 13:03:31,41700.0,1300.0,992600.0
354,2021-10-01 13:03:29,41700.0,1000.0,991300.0
355,2021-10-01 13:03:24,41700.0,500.0,990300.0
356,2021-10-01 13:03:15,41700.0,1100.0,989800.0
357,2021-10-01 13:02:45,41700.0,500.0,988700.0
358,2021-10-01 13:02:45,41700.0,600.0,988200.0
359,2021-10-01 13:02:35,41700.0,2000.0,987600.0
360,2021-10-01 13:01:11,41700.0,100.0,985600.0
361,2021-10-01 13:01:02,41600.0,800.0,985500.0
362,2021-10-01 13:01:02,41600.0,100.0,984700.0
363,2021-10-01 13:01:02,41600.0,100.0,984600.0
364,2021-10-01 13:00:20,41600.0,700.0,984500.0
365,2021-10-01 13:00:20,41600.0,100.0,983800.0
366,2021-10-01 13:00:16,41600.0,200.0,983700.0
367,2021-10-01 13:00:06,41700.0,300.0,983500.0
368,2021-10-01 13:00:03,41700.0,100.0,983200.0
369,2021-10-01 11:29:47,41600.0,8000.0,983100.0
370,2021-10-01 11:29:22,41600.0,900.0,975100.0
371,2021-10-01 11:29:19,41600.0,1000.0,974200.0
372,2021-10-01 11:29:19,41600.0,100.0,973200.0
373,2021-10-01 11:29:11,41700.0,100.0,973100.0
374,2021-10-01 11:28:44,41700.0,1000.0,973000.0
375,2021-10-01 11:27:46,41700.0,1000.0,972000.0
376,2021-10-01 11:27:36,41700.0,200.0,971000.0
377,2021-10-01 11:27:36,41650.0,200.0,970800.0
378,2021-10-01 11:27:36,41650.0,500.0,970600.0
379,2021-10-01 11:26:38,41650.0,500.0,970100.0
380,2021-10-01 11:26:38,41650.0,5000.0,969600.0
381,2021-10-01 11:26:38,41600.0,500.0,964600.0
382,2021-10-01 11:26:14,41550.0,1000.0,964100.0
383,2021-10-01 11:25:22,41600.0,2000.0,963100.0
384,2021-10-01 11:25:19,41600.0,900.0,961100.0
385,2021-10-01 11:25:19,41600.0,300.0,960200.0
386,2021-10-01 11:24:17,41600.0,700.0,959900.0
387,2021-10-01 11:24:17,41600.0,500.0,959200.0
388,2021-10-01 11:24:17,41600.0,800.0,958700.0
389,2021-10-01 11:24:17,41600.0,500.0,957900.0
390,2021-10-01 11:24:17,41600.0,6500.0,957400.0
391,2021-10-01 11:24:17,41650.0,100.0,950900.0
392,2021-10-01 11:24:17,41650.0,500.0,950800.0
393,2021-10-01 11:23:12,41650.0,3000.0,950300.0
394,2021-10-01 11:22:44,41650.0,7000.0,947300.0
395,2021-10-01 11:22:43,41650.0,2000.0,940300.0
396,2021-10-01 11:22:43,41650.0,3000.0,938300.0
397,2021-10-01 11:22:43,41650.0,600.0,935300.0
398,2021-10-01 11:22:43,41650.0,100.0,934700.0
399,2021-10-01 11:22:43,41650.0,3000.0,934600.0
400,2021-10-01 11:22:43,41650.0,1300.0,931600.0
401,2021-10-01 11:22:25,41600.0,3500.0,930300.0
402,2021-10-01 11:22:25,41600.0,1000.0,926800.0
403,2021-10-01 11:22:25,41600.0,1000.0,925800.0
404,2021-10-01 11:22:25,41600.0,500.0,924800.0
405,2021-10-01 11:20:47,41650.0,700.0,924300.0
406,2021-10-01 11:20:47,41650.0,300.0,923600.0
407,2021-10-01 11:19:33,41650.0,1000.0,923300.0
408,2021-10-01 11:19:00,41650.0,2000.0,922300.0
409,2021-10-01 11:18:36,41650.0,1000.0,920300.0
410,2021-10-01 11:18:36,41650.0,700.0,919300.0
411,2021-10-01 11:18:36,41650.0,2300.0,918600.0
412,2021-10-01 11:18:24,41650.0,2200.0,916300.0
413,2021-10-01 11:17:28,41650.0,500.0,914100.0
414,2021-10-01 11:17:28,41650.0,500.0,913600.0
415,2021-10-01 11:16:39,41600.0,200.0,913100.0
416,2021-10-01 11:16:39,41600.0,3000.0,912900.0
417,2021-10-01 11:16:39,41600.0,4000.0,909900.0
418,2021-10-01 11:16:39,41600.0,1800.0,905900.0
419,2021-10-01 11:16:18,41550.0,300.0,904100.0
420,2021-10-01 11:16:18,41550.0,200.0,903800.0
421,2021-10-01 11:15:09,41550.0,100.0,903600.0
422,2021-10-01 11:14:36,41550.0,1000.0,903500.0
423,2021-10-01 11:13:21,41500.0,100.0,902500.0
424,2021-10-01 11:11:23,41500.0,400.0,902400.0
425,2021-10-01 11:09:52,41500.0,500.0,902000.0
426,2021-10-01 11:09:32,41500.0,500.0,901500.0
427,2021-10-01 11:08:37,41500.0,1900.0,901000.0
428,2021-10-01 11:08:20,41550.0,200.0,899100.0
429,2021-10-01 11:08:05,41550.0,100.0,898900.0
430,2021-10-01 11:07:55,41550.0,400.0,898800.0
431,2021-10-01 11:07:48,41600.0,100.0,898400.0
432,2021-10-01 11:07:46,41600.0,3100.0,898300.0
433,2021-10-01 11:07:46,41600.0,1200.0,895200.0
434,2021-10-01 11:07:37,41600.0,100.0,894000.0
435,2021-10-01 11:07:31,41550.0,600.0,893900.0
436,2021-10-01 11:07:15,41550.0,400.0,893300.0
437,2021-10-01 11:07:15,41550.0,600.0,892900.0
438,2021-10-01 11:06:58,41500.0,1000.0,892300.0
439,2021-10-01 11:06:47,41550.0,500.0,891300.0
440,2021-10-01 11:06:47,41550.0,100.0,890800.0
441,2021-10-01 11:06:47,41550.0,1000.0,890700.0
442,2021-10-01 11:06:46,41550.0,2100.0,889700.0
443,2021-10-01 11:06:30,41550.0,500.0,887600.0
444,2021-10-01 11:06:19,41550.0,1300.0,887100.0
445,2021-10-01 11:06:19,41550.0,1700.0,885800.0
446,2021-10-01 11:05:49,41600.0,700.0,884100.0
447,2021-10-01 11:05:49,41600.0,2300.0,883400.0
448,2021-10-01 11:04:49,41600.0,7700.0,881100.0
449,2021-10-01 11:04:49,41600.0,300.0,873400.0
450,2021-10-01 11:04:48,41600.0,1000.0,873100.0
451,2021-10-01 11:04:43,41600.0,100.0,872100.0
452,2021-10-01 11:04:25,41600.0,500.0,872000.0
453,2021-10-01 11:04:21,41550.0,3300.0,871500.0
454,2021-10-01 11:04:21,41550.0,700.0,868200.0
455,2021-10-01 11:03:33,41550.0,4300.0,867500.0
456,2021-10-01 11:03:33,41550.0,700.0,863200.0
457,2021-10-01 11:03:03,41550.0,300.0,862500.0
458,2021-10-01 11:03:03,41550.0,200.0,862200.0
459,2021-10-01 11:02:49,41600.0,100.0,862000.0
460,2021-10-01 11:02:49,41600.0,800.0,861900.0
461,2021-10-01 11:01:13,41550.0,500.0,861100.0
462,2021-10-01 11:01:13,41550.0,1000.0,860600.0
463,2021-10-01 11:01:13,41550.0,1000.0,859600.0
464,2021-10-01 11:01:13,41550.0,12600.0,858600.0
465,2021-10-01 11:01:07,41600.0,2000.0,846000.0
466,2021-10-01 11:00:40,41600.0,200.0,844000.0
467,2021-10-01 11:00:35,41600.0,300.0,843800.0
468,2021-10-01 11:00:30,41600.0,300.0,843500.0
469,2021-10-01 11:00:30,41600.0,9300.0,843200.0
470,2021-10-01 11:00:30,41600.0,1000.0,833900.0
471,2021-10-01 11:00:30,41600.0,1000.0,832900.0
472,2021-10-01 11:00:30,41600.0,3100.0,831900.0
473,2021-10-01 10:59:05,41600.0,500.0,828800.0
474,2021-10-01 10:57:09,41600.0,1000.0,828300.0
475,2021-10-01 10:57:09,41600.0,5000.0,827300.0
476,2021-10-01 10:57:09,41600.0,400.0,822300.0
477,2021-10-01 10:56:54,41600.0,200.0,821900.0
478,2021-10-01 10:56:30,41600.0,100.0,821700.0
479,2021-10-01 10:55:51,41600.0,1000.0,821600.0
480,2021-10-01 10:55:35,41600.0,1000.0,820600.0
481,2021-10-01 10:55:35,41600.0,3000.0,819600.0
482,2021-10-01 10:55:11,41600.0,2000.0,816600.0
483,2021-10-01 10:54:39,41550.0,5000.0,814600.0
484,2021-10-01 10:54:39,41550.0,2400.0,809600.0
485,2021-10-01 10:54:29,41550.0,2000.0,807200.0
486,2021-10-01 10:53:53,41600.0,600.0,805200.0
487,2021-10-01 10:53:51,41600.0,4400.0,804600.0
488,2021-10-01 10:53:35,41600.0,600.0,800200.0
489,2021-10-01 10:53:35,41550.0,1400.0,799600.0
490,2021-10-01 10:53:08,41550.0,9900.0,798200.0
491,2021-10-01 10:52:58,41550.0,800.0,788300.0
492,2021-10-01 10:52:43,41550.0,100.0,787500.0
493,2021-10-01 10:52:34,41500.0,2000.0,787400.0
494,2021-10-01 10:52:10,41500.0,1000.0,785400.0
495,2021-10-01 10:52:07,41550.0,1000.0,784400.0
496,2021-10-01 10:52:01,41550.0,100.0,783400.0
497,2021-10-01 10:51:35,41550.0,1900.0,783300.0
498,2021-10-01 10:51:35,41550.0,1100.0,781400.0
499,2021-10-01 10:51:27,41550.0,18900.0,780300.0
500,2021-10-01 10:51:27,41550.0,100.0,761400.0
501,2021-10-01 10:51:27,41550.0,500.0,761300.0
502,2021-10-01 10:51:27,41550.0,500.0,760800.0
503,2021-10-01 10:51:16,41550.0,200.0,760300.0
504,2021-10-01 10:50:18,41550.0,300.0,760100.0
505,2021-10-01 10:50:18,41550.0,500.0,759800.0
506,2021-10-01 10:49:27,41550.0,4500.0,759300.0
507,2021-10-01 10:49:27,41550.0,500.0,754800.0
508,2021-10-01 10:48:33,41700.0,100.0,754300.0
509,2021-10-01 10:48:14,41550.0,1500.0,754200.0
510,2021-10-01 10:48:14,41600.0,3000.0,752700.0
511,2021-10-01 10:48:14,41600.0,1000.0,749700.0
512,2021-10-01 10:48:14,41600.0,3000.0,748700.0
513,2021-10-01 10:48:14,41600.0,500.0,745700.0
514,2021-10-01 10:48:14,41600.0,1000.0,745200.0
515,2021-10-01 10:48:00,41700.0,100.0,744200.0
516,2021-10-01 10:47:45,41700.0,3000.0,744100.0
517,2021-10-01 10:47:43,41700.0,1000.0,741100.0
518,2021-10-01 10:47:36,41700.0,800.0,740100.0
519,2021-10-01 10:47:03,41700.0,100.0,739300.0
520,2021-10-01 10:46:41,41700.0,100.0,739200.0
521,2021-10-01 10:46:06,41700.0,300.0,739100.0
522,2021-10-01 10:45:17,41700.0,1000.0,738800.0
523,2021-10-01 10:44:12,41700.0,600.0,737800.0
524,2021-10-01 10:44:12,41700.0,1400.0,737200.0
525,2021-10-01 10:43:45,41700.0,200.0,735800.0
526,2021-10-01 10:43:45,41700.0,100.0,735600.0
527,2021-10-01 10:42:44,41800.0,400.0,735500.0
528,2021-10-01 10:41:02,41800.0,600.0,735100.0
529,2021-10-01 10:41:02,41800.0,4400.0,734500.0
530,2021-10-01 10:40:59,41900.0,1000.0,730100.0
531,2021-10-01 10:40:45,41900.0,1000.0,729100.0
532,2021-10-01 10:40:43,42000.0,600.0,728100.0
533,2021-10-01 10:40:43,42000.0,100.0,727500.0
534,2021-10-01 10:40:43,42000.0,400.0,727400.0
535,2021-10-01 10:40:43,42000.0,10000.0,727000.0
536,2021-10-01 10:40:43,42000.0,3000.0,717000.0
537,2021-10-01 10:40:43,42000.0,1000.0,714000.0
538,2021-10-01 10:40:43,42000.0,900.0,713000.0
539,2021-10-01 10:40:09,41900.0,10000.0,712100.0
540,2021-10-01 10:40:09,41900.0,2000.0,702100.0
541,2021-10-01 10:40:09,41900.0,5000.0,700100.0
542,2021-10-01 10:39:57,41800.0,600.0,695100.0
543,2021-10-01 10:39:57,41800.0,300.0,694500.0
544,2021-10-01 10:39:57,41800.0,3700.0,694200.0
545,2021-10-01 10:39:21,41800.0,700.0,690500.0
546,2021-10-01 10:39:21,41800.0,600.0,689800.0
547,2021-10-01 10:39:17,41800.0,1200.0,689200.0
548,2021-10-01 10:39:15,41800.0,200.0,688000.0
549,2021-10-01 10:39:04,41800.0,400.0,687800.0
550,2021-10-01 10:39:01,41800.0,1000.0,687400.0
551,2021-10-01 10:39:01,41800.0,8000.0,686400.0
552,2021-10-01 10:39:01,41800.0,400.0,678400.0
553,2021-10-01 10:38:49,41900.0,300.0,678000.0
554,2021-10-01 10:38:49,41900.0,500.0,677700.0
555,2021-10-01 10:38:49,41900.0,300.0,677200.0
556,2021-10-01 10:38:49,41900.0,10000.0,676900.0
557,2021-10-01 10:38:49,41900.0,3900.0,666900.0
558,2021-10-01 10:38:26,42000.0,1500.0,663000.0
559,2021-10-01 10:38:15,42000.0,600.0,661500.0
560,2021-10-01 10:38:15,42000.0,100.0,660900.0
561,2021-10-01 10:38:15,42000.0,500.0,660800.0
562,2021-10-01 10:38:15,42000.0,1800.0,660300.0
563,2021-10-01 10:37:44,42000.0,200.0,658500.0
564,2021-10-01 10:37:32,42000.0,100.0,658300.0
565,2021-10-01 10:37:27,42000.0,100.0,658200.0
566,2021-10-01 10:37:26,42000.0,100.0,658100.0
567,2021-10-01 10:37:14,42000.0,3700.0,658000.0
568,2021-10-01 10:37:09,42000.0,100.0,654300.0
569,2021-10-01 10:37:09,42000.0,500.0,654200.0
570,2021-10-01 10:37:09,42000.0,300.0,653700.0
571,2021-10-01 10:37:09,42000.0,100.0,653400.0
572,2021-10-01 10:37:09,42000.0,500.0,653300.0
573,2021-10-01 10:37:09,42000.0,2200.0,652800.0
574,2021-10-01 10:37:09,42000.0,300.0,650600.0
575,2021-10-01 10:37:09,42000.0,300.0,650300.0
576,2021-10-01 10:37:09,42000.0,2000.0,650000.0
577,2021-10-01 10:37:02,42000.0,100.0,648000.0
578,2021-10-01 10:36:48,42000.0,300.0,647900.0
579,2021-10-01 10:36:40,42000.0,200.0,647600.0
580,2021-10-01 10:36:28,42000.0,200.0,647400.0
581,2021-10-01 10:36:28,42000.0,100.0,647200.0
582,2021-10-01 10:36:28,42000.0,1000.0,647100.0
583,2021-10-01 10:36:28,42000.0,700.0,646100.0
584,2021-10-01 10:36:17,42000.0,300.0,645400.0
585,2021-10-01 10:36:17,42000.0,500.0,645100.0
586,2021-10-01 10:36:17,42000.0,200.0,644600.0
587,2021-10-01 10:36:09,42000.0,2000.0,644400.0
588,2021-10-01 10:36:06,42000.0,1600.0,642400.0
589,2021-10-01 10:35:55,42000.0,2000.0,640800.0
590,2021-10-01 10:35:54,42000.0,1000.0,638800.0
591,2021-10-01 10:35:53,42000.0,3200.0,637800.0
592,2021-10-01 10:35:53,42000.0,600.0,634600.0
593,2021-10-01 10:35:53,42000.0,600.0,634000.0
594,2021-10-01 10:35:53,42000.0,600.0,633400.0
595,2021-10-01 10:35:53,42000.0,200.0,632800.0
596,2021-10-01 10:35:53,42000.0,1000.0,632600.0
597,2021-10-01 10:35:53,42000.0,200.0,631600.0
598,2021-10-01 10:35:53,42000.0,200.0,631400.0
599,2021-10-01 10:35:53,42000.0,500.0,631200.0
600,2021-10-01 10:35:53,42000.0,100.0,630700.0
601,2021-10-01 10:35:53,42000.0,1800.0,630600.0
602,2021-10-01 10:35:53,42000.0,500.0,628800.0
603,2021-10-01 10:35:53,42000.0,100.0,628300.0
604,2021-10-01 10:35:53,42000.0,400.0,628200.0
605,2021-10-01 10:35:50,42000.0,600.0,627800.0
606,2021-10-01 10:35:50,42000.0,1000.0,627200.0
607,2021-10-01 10:35:50,42000.0,400.0,626200.0
608,2021-10-01 10:35:42,41900.0,1100.0,625800.0
609,2021-10-01 10:35:38,41900.0,3900.0,624700.0
610,2021-10-01 10:35:38,41900.0,1000.0,620800.0
611,2021-10-01 10:35:38,41900.0,400.0,619800.0
612,2021-10-01 10:35:37,41900.0,100.0,619400.0
613,2021-10-01 10:35:36,41900.0,500.0,619300.0
614,2021-10-01 10:35:36,41900.0,4500.0,618800.0
615,2021-10-01 10:35:26,41800.0,500.0,614300.0
616,2021-10-01 10:35:18,41800.0,100.0,613800.0
617,2021-10-01 10:35:15,41900.0,5000.0,613700.0
618,2021-10-01 10:35:10,41800.0,500.0,608700.0
619,2021-10-01 10:35:10,41800.0,5000.0,608200.0
620,2021-10-01 10:35:10,41800.0,500.0,603200.0
621,2021-10-01 10:35:10,41800.0,1000.0,602700.0
622,2021-10-01 10:34:56,41800.0,9400.0,601700.0
623,2021-10-01 10:34:53,41700.0,100.0,592300.0
624,2021-10-01 10:34:52,41800.0,1000.0,592200.0
625,2021-10-01 10:34:41,41800.0,1000.0,591200.0
626,2021-10-01 10:33:56,41800.0,1000.0,590200.0
627,2021-10-01 10:33:56,41800.0,1000.0,589200.0
628,2021-10-01 10:33:56,41800.0,1000.0,588200.0
629,2021-10-01 10:33:56,41800.0,200.0,587200.0
630,2021-10-01 10:33:56,41800.0,2000.0,587000.0
631,2021-10-01 10:33:56,41800.0,600.0,585000.0
632,2021-10-01 10:33:47,41800.0,5000.0,584400.0
633,2021-10-01 10:33:24,41800.0,100.0,579400.0
634,2021-10-01 10:32:18,41800.0,1000.0,579300.0
635,2021-10-01 10:32:18,41800.0,200.0,578300.0
636,2021-10-01 10:32:18,41800.0,100.0,578100.0
637,2021-10-01 10:32:18,41800.0,500.0,578000.0
638,2021-10-01 10:32:18,41800.0,2500.0,577500.0
639,2021-10-01 10:32:18,41800.0,300.0,575000.0
640,2021-10-01 10:31:32,41800.0,200.0,574700.0
641,2021-10-01 10:31:32,41800.0,300.0,574500.0
642,2021-10-01 10:31:13,41800.0,500.0,574200.0
643,2021-10-01 10:31:02,41700.0,300.0,573700.0
644,2021-10-01 10:30:57,41700.0,500.0,573400.0
645,2021-10-01 10:30:44,41800.0,200.0,572900.0
646,2021-10-01 10:30:24,41900.0,100.0,572700.0
647,2021-10-01 10:30:06,41900.0,100.0,572600.0
648,2021-10-01 10:29:48,41800.0,500.0,572500.0
649,2021-10-01 10:29:43,41800.0,800.0,572000.0
650,2021-10-01 10:29:42,41800.0,100.0,571200.0
651,2021-10-01 10:29:42,41800.0,300.0,571100.0
652,2021-10-01 10:29:42,41800.0,1300.0,570800.0
653,2021-10-01 10:29:40,41900.0,300.0,569500.0
654,2021-10-01 10:29:40,41900.0,1000.0,569200.0
655,2021-10-01 10:29:30,41800.0,200.0,568200.0
656,2021-10-01 10:29:30,41800.0,100.0,568000.0
657,2021-10-01 10:29:30,41800.0,400.0,567900.0
658,2021-10-01 10:29:28,41800.0,300.0,567500.0
659,2021-10-01 10:29:15,41800.0,1300.0,567200.0
660,2021-10-01 10:29:15,41800.0,1200.0,565900.0
661,2021-10-01 10:29:04,41800.0,1300.0,564700.0
662,2021-10-01 10:28:53,41700.0,800.0,563400.0
663,2021-10-01 10:28:45,41700.0,700.0,562600.0
664,2021-10-01 10:28:22,41700.0,200.0,561900.0
665,2021-10-01 10:28:06,41700.0,100.0,561700.0
666,2021-10-01 10:27:42,41600.0,1000.0,561600.0
667,2021-10-01 10:27:42,41600.0,1000.0,560600.0
668,2021-10-01 10:26:15,41500.0,1000.0,559600.0
669,2021-10-01 10:25:34,41500.0,300.0,558600.0
670,2021-10-01 10:25:20,41500.0,2200.0,558300.0
671,2021-10-01 10:25:18,41500.0,2000.0,556100.0
672,2021-10-01 10:25:09,41500.0,300.0,554100.0
673,2021-10-01 10:25:03,41500.0,500.0,553800.0
674,2021-10-01 10:24:57,41500.0,200.0,553300.0
675,2021-10-01 10:24:57,41500.0,300.0,553100.0
676,2021-10-01 10:24:46,41500.0,500.0,552800.0
677,2021-10-01 10:24:37,41500.0,200.0,552300.0
678,2021-10-01 10:24:34,41500.0,100.0,552100.0
679,2021-10-01 10:24:30,41500.0,900.0,552000.0
680,2021-10-01 10:24:30,41500.0,100.0,551100.0
681,2021-10-01 10:24:29,41500.0,500.0,551000.0
682,2021-10-01 10:24:15,41500.0,500.0,550500.0
683,2021-10-01 10:24:15,41500.0,4500.0,550000.0
684,2021-10-01 10:24:07,41500.0,100.0,545500.0
685,2021-10-01 10:24:07,41500.0,100.0,545400.0
686,2021-10-01 10:24:07,41500.0,2800.0,545300.0
687,2021-10-01 10:23:45,41400.0,1000.0,542500.0
688,2021-10-01 10:23:45,41400.0,100.0,541500.0
689,2021-10-01 10:23:27,41300.0,100.0,541400.0
690,2021-10-01 10:23:13,41200.0,100.0,541300.0
691,2021-10-01 10:23:13,41200.0,500.0,541200.0
692,2021-10-01 10:23:13,41200.0,600.0,540700.0
693,2021-10-01 10:23:06,41200.0,4400.0,540100.0
694,2021-10-01 10:23:06,41200.0,600.0,535700.0
695,2021-10-01 10:23:04,41200.0,1000.0,535100.0
696,2021-10-01 10:23:00,41200.0,3000.0,534100.0
697,2021-10-01 10:22:45,41200.0,1000.0,531100.0
698,2021-10-01 10:22:39,41150.0,100.0,530100.0
699,2021-10-01 10:22:31,41150.0,600.0,530000.0
700,2021-10-01 10:22:31,41200.0,700.0,529400.0
701,2021-10-01 10:22:25,41100.0,100.0,528700.0
702,2021-10-01 10:22:25,41100.0,200.0,528600.0
703,2021-10-01 10:22:25,41100.0,200.0,528400.0
704,2021-10-01 10:22:18,41150.0,300.0,528200.0
705,2021-10-01 10:22:15,41200.0,200.0,527900.0
706,2021-10-01 10:22:04,41200.0,300.0,527700.0
707,2021-10-01 10:21:59,41200.0,400.0,527400.0
708,2021-10-01 10:21:42,41100.0,800.0,527000.0
709,2021-10-01 10:21:42,41100.0,200.0,526200.0
710,2021-10-01 10:21:42,41100.0,5000.0,526000.0
711,2021-10-01 10:21:42,41200.0,1000.0,521000.0
712,2021-10-01 10:21:17,41200.0,200.0,520000.0
713,2021-10-01 10:21:08,41200.0,300.0,519800.0
714,2021-10-01 10:20:53,41200.0,100.0,519500.0
715,2021-10-01 10:20:53,41200.0,1200.0,519400.0
716,2021-10-01 10:20:53,41200.0,10000.0,518200.0
717,2021-10-01 10:20:51,41200.0,500.0,508200.0
718,2021-10-01 10:20:45,41300.0,100.0,507700.0
719,2021-10-01 10:20:31,41200.0,28300.0,507600.0
720,2021-10-01 10:20:31,41200.0,2500.0,479300.0
721,2021-10-01 10:20:31,41200.0,1000.0,476800.0
722,2021-10-01 10:20:31,41200.0,3000.0,475800.0
723,2021-10-01 10:20:31,41200.0,3300.0,472800.0
724,2021-10-01 10:20:31,41250.0,500.0,469500.0
725,2021-10-01 10:20:31,41300.0,200.0,469000.0
726,2021-10-01 10:20:31,41400.0,1200.0,468800.0
727,2021-10-01 10:20:22,41300.0,500.0,467600.0
728,2021-10-01 10:20:22,41300.0,300.0,467100.0
729,2021-10-01 10:20:22,41300.0,200.0,466800.0
730,2021-10-01 10:20:22,41300.0,500.0,466600.0
731,2021-10-01 10:20:13,41400.0,10000.0,466100.0
732,2021-10-01 10:19:59,41500.0,1000.0,456100.0
733,2021-10-01 10:19:51,41400.0,3300.0,455100.0
734,2021-10-01 10:19:51,41400.0,300.0,451800.0
735,2021-10-01 10:19:40,41500.0,1200.0,451500.0
736,2021-10-01 10:19:37,41500.0,5000.0,450300.0
737,2021-10-01 10:19:25,41500.0,500.0,445300.0
738,2021-10-01 10:19:25,41500.0,8100.0,444800.0
739,2021-10-01 10:19:09,41500.0,1000.0,436700.0
740,2021-10-01 10:19:04,41500.0,900.0,435700.0
741,2021-10-01 10:18:45,41500.0,200.0,434800.0
742,2021-10-01 10:18:37,41800.0,300.0,434600.0
743,2021-10-01 10:18:35,41500.0,1000.0,434300.0
744,2021-10-01 10:18:35,41500.0,200.0,433300.0
745,2021-10-01 10:18:35,41500.0,2000.0,433100.0
746,2021-10-01 10:18:35,41500.0,400.0,431100.0
747,2021-10-01 10:18:35,41500.0,300.0,430700.0
748,2021-10-01 10:18:30,41800.0,100.0,430400.0
749,2021-10-01 10:18:18,41500.0,200.0,430300.0
750,2021-10-01 10:18:16,41800.0,500.0,430100.0
751,2021-10-01 10:18:09,41600.0,5000.0,429600.0
752,2021-10-01 10:18:03,41800.0,500.0,424600.0
753,2021-10-01 10:17:55,41900.0,1000.0,424100.0
754,2021-10-01 10:17:55,41900.0,100.0,423100.0
755,2021-10-01 10:17:55,41900.0,900.0,423000.0
756,2021-10-01 10:17:24,42000.0,1600.0,422100.0
757,2021-10-01 10:17:22,42000.0,100.0,420500.0
758,2021-10-01 10:17:18,42200.0,100.0,420400.0
759,2021-10-01 10:17:14,42000.0,100.0,420300.0
760,2021-10-01 10:17:10,42000.0,400.0,420200.0
761,2021-10-01 10:16:49,42000.0,1000.0,419800.0
762,2021-10-01 10:16:47,42300.0,300.0,418800.0
763,2021-10-01 10:16:43,42000.0,1100.0,418500.0
764,2021-10-01 10:16:43,42250.0,900.0,417400.0
765,2021-10-01 10:16:37,42250.0,300.0,416500.0
766,2021-10-01 10:16:37,42250.0,200.0,416200.0
767,2021-10-01 10:16:33,42000.0,700.0,416000.0
768,2021-10-01 10:16:03,42400.0,2000.0,415300.0
769,2021-10-01 10:16:03,42350.0,500.0,413300.0
770,2021-10-01 10:16:03,41900.0,800.0,412800.0
771,2021-10-01 10:16:03,41950.0,100.0,412000.0
772,2021-10-01 10:16:03,42000.0,100.0,411900.0
773,2021-10-01 10:16:00,42000.0,500.0,411800.0
774,2021-10-01 10:16:00,42000.0,100.0,411300.0
775,2021-10-01 10:16:00,42000.0,6000.0,411200.0
776,2021-10-01 10:16:00,42000.0,100.0,405200.0
777,2021-10-01 10:16:00,42000.0,100.0,405100.0
778,2021-10-01 10:16:00,42000.0,100.0,405000.0
779,2021-10-01 10:16:00,42000.0,1300.0,404900.0
780,2021-10-01 10:16:00,42000.0,1000.0,403600.0
781,2021-10-01 10:16:00,42000.0,500.0,402600.0
782,2021-10-01 10:16:00,42000.0,200.0,402100.0
783,2021-10-01 10:15:55,42000.0,800.0,401900.0
784,2021-10-01 10:15:47,41900.0,3000.0,401100.0
785,2021-10-01 10:15:47,41900.0,300.0,398100.0
786,2021-10-01 10:15:36,41900.0,100.0,397800.0
787,2021-10-01 10:15:36,41850.0,200.0,397700.0
788,2021-10-01 10:15:32,42000.0,1000.0,397500.0
789,2021-10-01 10:15:32,42000.0,10000.0,396500.0
790,2021-10-01 10:15:32,42000.0,100.0,386500.0
791,2021-10-01 10:15:32,42000.0,200.0,386400.0
792,2021-10-01 10:15:32,42000.0,300.0,386200.0
793,2021-10-01 10:15:32,42000.0,200.0,385900.0
794,2021-10-01 10:15:32,42000.0,500.0,385700.0
795,2021-10-01 10:15:32,42000.0,100.0,385200.0
796,2021-10-01 10:15:32,42000.0,2500.0,385100.0
797,2021-10-01 10:15:32,41900.0,4900.0,382600.0
798,2021-10-01 10:15:32,41800.0,200.0,377700.0
799,2021-10-01 10:15:31,41800.0,100.0,377500.0
800,2021-10-01 10:15:28,41900.0,100.0,377400.0
801,2021-10-01 10:15:28,41900.0,2000.0,377300.0
802,2021-10-01 10:15:20,41900.0,3000.0,375300.0
803,2021-10-01 10:15:07,41800.0,500.0,372300.0
804,2021-10-01 10:14:51,41600.0,400.0,371800.0
805,2021-10-01 10:14:51,41600.0,200.0,371400.0
806,2021-10-01 10:14:47,41600.0,400.0,371200.0
807,2021-10-01 10:14:47,41600.0,600.0,370800.0
808,2021-10-01 10:14:47,41600.0,300.0,370200.0
809,2021-10-01 10:14:47,41600.0,100.0,369900.0
810,2021-10-01 10:14:46,41500.0,1000.0,369800.0
811,2021-10-01 10:14:34,41600.0,4900.0,368800.0
812,2021-10-01 10:14:34,41600.0,100.0,363900.0
813,2021-10-01 10:14:18,41500.0,100.0,363800.0
814,2021-10-01 10:14:18,41500.0,100.0,363700.0
815,2021-10-01 10:14:18,41500.0,400.0,363600.0
816,2021-10-01 10:14:08,41500.0,100.0,363200.0
817,2021-10-01 10:14:08,41500.0,300.0,363100.0
818,2021-10-01 10:14:08,41500.0,600.0,362800.0
819,2021-10-01 10:13:56,41400.0,300.0,362200.0
820,2021-10-01 10:13:56,41400.0,400.0,361900.0
821,2021-10-01 10:13:48,41400.0,2200.0,361500.0
822,2021-10-01 10:13:41,41400.0,1000.0,359300.0
823,2021-10-01 10:13:41,41400.0,1400.0,358300.0
824,2021-10-01 10:13:40,41500.0,900.0,356900.0
825,2021-10-01 10:13:40,41500.0,1000.0,356000.0
826,2021-10-01 10:13:40,41500.0,8000.0,355000.0
827,2021-10-01 10:13:40,41500.0,100.0,347000.0
828,2021-10-01 10:13:30,41500.0,400.0,346900.0
829,2021-10-01 10:13:30,41500.0,5000.0,346500.0
830,2021-10-01 10:13:30,41500.0,2000.0,341500.0
831,2021-10-01 10:13:30,41500.0,1600.0,339500.0
832,2021-10-01 10:13:30,41500.0,1000.0,337900.0
833,2021-10-01 10:13:12,41400.0,100.0,336900.0
834,2021-10-01 10:13:12,41450.0,10000.0,336800.0
835,2021-10-01 10:13:04,41400.0,100.0,326800.0
836,2021-10-01 10:12:55,41300.0,500.0,326700.0
837,2021-10-01 10:12:55,41300.0,400.0,326200.0
838,2021-10-01 10:12:55,41300.0,200.0,325800.0
839,2021-10-01 10:12:47,41200.0,100.0,325600.0
840,2021-10-01 10:12:45,41200.0,1000.0,325500.0
841,2021-10-01 10:12:13,41200.0,600.0,324500.0
842,2021-10-01 10:12:10,41200.0,200.0,323900.0
843,2021-10-01 10:12:10,41300.0,300.0,323700.0
844,2021-10-01 10:12:10,41300.0,100.0,323400.0
845,2021-10-01 10:12:10,41300.0,100.0,323300.0
846,2021-10-01 10:11:46,41200.0,2800.0,323200.0
847,2021-10-01 10:11:46,41200.0,5000.0,320400.0
848,2021-10-01 10:11:46,41200.0,300.0,315400.0
849,2021-10-01 10:11:38,41200.0,2700.0,315100.0
850,2021-10-01 10:11:28,41200.0,300.0,312400.0
851,2021-10-01 10:11:26,41200.0,1000.0,312100.0
852,2021-10-01 10:11:15,41200.0,100.0,311100.0
853,2021-10-01 10:11:15,41200.0,1000.0,311000.0
854,2021-10-01 10:11:11,41200.0,2200.0,310000.0
855,2021-10-01 10:11:07,41200.0,500.0,307800.0
856,2021-10-01 10:10:57,41200.0,600.0,307300.0
857,2021-10-01 10:10:57,41200.0,100.0,306700.0
858,2021-10-01 10:10:46,41000.0,2400.0,306600.0
859,2021-10-01 10:10:35,41000.0,100.0,304200.0
860,2021-10-01 10:10:31,41200.0,200.0,304100.0
861,2021-10-01 10:10:19,41200.0,100.0,303900.0
862,2021-10-01 10:10:19,41200.0,100.0,303800.0
863,2021-10-01 10:10:19,41200.0,1000.0,303700.0
864,2021-10-01 10:10:19,41200.0,500.0,302700.0
865,2021-10-01 10:10:19,41150.0,100.0,302200.0
866,2021-10-01 10:10:19,41100.0,200.0,302100.0
867,2021-10-01 10:10:16,41000.0,2000.0,301900.0
868,2021-10-01 10:10:16,41000.0,2900.0,299900.0
869,2021-10-01 10:10:00,41000.0,1100.0,297000.0
870,2021-10-01 10:09:58,41000.0,1100.0,295900.0
871,2021-10-01 10:09:58,40900.0,1000.0,294800.0
872,2021-10-01 10:09:56,41000.0,2800.0,293800.0
873,2021-10-01 10:09:56,41000.0,1000.0,291000.0
874,2021-10-01 10:09:56,41000.0,400.0,290000.0
875,2021-10-01 10:09:56,41000.0,500.0,289600.0
876,2021-10-01 10:09:56,41000.0,100.0,289100.0
877,2021-10-01 10:09:55,41000.0,400.0,289000.0
878,2021-10-01 10:09:50,41000.0,600.0,288600.0
879,2021-10-01 10:09:50,41000.0,500.0,288000.0
880,2021-10-01 10:09:50,41000.0,1000.0,287500.0
881,2021-10-01 10:09:50,41000.0,500.0,286500.0
882,2021-10-01 10:09:50,41000.0,200.0,286000.0
883,2021-10-01 10:09:50,41000.0,200.0,285800.0
884,2021-10-01 10:09:50,41000.0,2000.0,285600.0
885,2021-10-01 10:09:50,41000.0,500.0,283600.0
886,2021-10-01 10:09:50,41000.0,1000.0,283100.0
887,2021-10-01 10:09:50,41000.0,2000.0,282100.0
888,2021-10-01 10:09:50,40900.0,1500.0,280100.0
889,2021-10-01 10:09:39,40900.0,1000.0,278600.0
890,2021-10-01 10:09:38,40700.0,400.0,277600.0
891,2021-10-01 10:09:29,40900.0,7500.0,277200.0
892,2021-10-01 10:09:29,40800.0,400.0,269700.0
893,2021-10-01 10:09:29,40800.0,2100.0,269300.0
894,2021-10-01 10:09:23,40800.0,7900.0,267200.0
895,2021-10-01 10:09:23,40800.0,100.0,259300.0
896,2021-10-01 10:09:23,40800.0,100.0,259200.0
897,2021-10-01 10:09:23,40800.0,300.0,259100.0
898,2021-10-01 10:09:23,40800.0,200.0,258800.0
899,2021-10-01 10:09:23,40700.0,1400.0,258600.0
900,2021-10-01 10:09:17,40700.0,1500.0,257200.0
901,2021-10-01 10:09:11,40700.0,100.0,255700.0
902,2021-10-01 10:09:11,40700.0,900.0,255600.0
903,2021-10-01 10:09:11,40750.0,100.0,254700.0
904,2021-10-01 10:09:03,40750.0,11400.0,254600.0
905,2021-10-01 10:09:03,40750.0,3500.0,243200.0
906,2021-10-01 10:08:53,40700.0,1000.0,239700.0
907,2021-10-01 10:08:40,40700.0,100.0,238700.0
908,2021-10-01 10:08:40,40700.0,1000.0,238600.0
909,2021-10-01 10:08:21,40600.0,1000.0,237600.0
910,2021-10-01 10:08:21,40600.0,500.0,236600.0
911,2021-10-01 10:08:21,40600.0,200.0,236100.0
912,2021-10-01 10:08:21,40600.0,500.0,235900.0
913,2021-10-01 10:08:21,40650.0,300.0,235400.0
914,2021-10-01 10:08:14,40700.0,4000.0,235100.0
915,2021-10-01 10:08:14,40700.0,1000.0,231100.0
916,2021-10-01 10:08:07,40650.0,400.0,230100.0
917,2021-10-01 10:07:57,40650.0,200.0,229700.0
918,2021-10-01 10:07:57,40650.0,100.0,229500.0
919,2021-10-01 10:07:30,40600.0,100.0,229400.0
920,2021-10-01 10:07:17,40600.0,100.0,229300.0
921,2021-10-01 10:07:13,40650.0,500.0,229200.0
922,2021-10-01 10:07:03,40600.0,3000.0,228700.0
923,2021-10-01 10:07:03,40600.0,700.0,225700.0
924,2021-10-01 10:06:59,40600.0,5000.0,225000.0
925,2021-10-01 10:06:59,40600.0,600.0,220000.0
926,2021-10-01 10:06:37,40550.0,100.0,219400.0
927,2021-10-01 10:06:37,40550.0,100.0,219300.0
928,2021-10-01 10:06:02,40550.0,100.0,219200.0
929,2021-10-01 10:06:02,40550.0,200.0,219100.0
930,2021-10-01 10:05:30,40550.0,300.0,218900.0
931,2021-10-01 10:05:30,40550.0,100.0,218600.0
932,2021-10-01 10:05:30,40600.0,600.0,218500.0
933,2021-10-01 10:05:18,40600.0,100.0,217900.0
934,2021-10-01 10:05:18,40600.0,800.0,217800.0
935,2021-10-01 10:04:36,40600.0,200.0,217000.0
936,2021-10-01 10:03:46,40650.0,1000.0,216800.0
937,2021-10-01 10:03:37,40600.0,400.0,215800.0
938,2021-10-01 10:03:29,40600.0,2000.0,215400.0
939,2021-10-01 10:03:22,40600.0,300.0,213400.0
940,2021-10-01 10:03:22,40600.0,300.0,213100.0
941,2021-10-01 10:03:17,40600.0,100.0,212800.0
942,2021-10-01 10:03:14,40550.0,500.0,212700.0
943,2021-10-01 10:02:41,40550.0,700.0,212200.0
944,2021-10-01 10:02:26,40550.0,300.0,211500.0
945,2021-10-01 10:01:29,40500.0,500.0,211200.0
946,2021-10-01 10:01:29,40500.0,2300.0,210700.0
947,2021-10-01 10:01:10,40500.0,100.0,208400.0
948,2021-10-01 10:01:07,40500.0,300.0,208300.0
949,2021-10-01 10:00:26,40500.0,100.0,208000.0
950,2021-10-01 10:00:26,40500.0,1000.0,207900.0
951,2021-10-01 10:00:26,40500.0,1200.0,206900.0
952,2021-10-01 10:00:14,40650.0,1000.0,205700.0
953,2021-10-01 10:00:10,40500.0,1000.0,204700.0
954,2021-10-01 09:59:23,40500.0,800.0,203700.0
955,2021-10-01 09:59:23,40500.0,500.0,202900.0
956,2021-10-01 09:59:23,40500.0,300.0,202400.0
957,2021-10-01 09:59:23,40500.0,300.0,202100.0
958,2021-10-01 09:59:23,40500.0,500.0,201800.0
959,2021-10-01 09:59:23,40500.0,100.0,201300.0
960,2021-10-01 09:58:47,40500.0,700.0,201200.0
961,2021-10-01 09:58:47,40600.0,300.0,200500.0
962,2021-10-01 09:58:47,40600.0,100.0,200200.0
963,2021-10-01 09:58:29,40600.0,1000.0,200100.0
964,2021-10-01 09:58:25,40600.0,500.0,199100.0
965,2021-10-01 09:58:05,40500.0,200.0,198600.0
966,2021-10-01 09:58:04,40500.0,600.0,198400.0
967,2021-10-01 09:58:04,40500.0,100.0,197800.0
968,2021-10-01 09:57:59,40500.0,500.0,197700.0
969,2021-10-01 09:57:54,40500.0,400.0,197200.0
970,2021-10-01 09:57:54,40500.0,100.0,196800.0
971,2021-10-01 09:57:54,40500.0,400.0,196700.0
972,2021-10-01 09:57:54,40500.0,500.0,196300.0
973,2021-10-01 09:57:54,40500.0,200.0,195800.0
974,2021-10-01 09:57:54,40500.0,300.0,195600.0
975,2021-10-01 09:57:54,40500.0,100.0,195300.0
976,2021-10-01 09:57:52,40500.0,600.0,195200.0
977,2021-10-01 09:57:52,40500.0,400.0,194600.0
978,2021-10-01 09:57:42,40500.0,1000.0,194200.0
979,2021-10-01 09:57:41,40500.0,100.0,193200.0
980,2021-10-01 09:57:22,40450.0,500.0,193100.0
981,2021-10-01 09:56:00,40400.0,1000.0,192600.0
982,2021-10-01 09:55:58,40450.0,1000.0,191600.0
983,2021-10-01 09:55:29,40350.0,2100.0,190600.0
984,2021-10-01 09:54:48,40350.0,300.0,188500.0
985,2021-10-01 09:54:35,40350.0,1200.0,188200.0
986,2021-10-01 09:54:33,40350.0,2000.0,187000.0
987,2021-10-01 09:54:33,40300.0,2000.0,185000.0
988,2021-10-01 09:54:30,40350.0,10000.0,183000.0
989,2021-10-01 09:54:28,40350.0,5000.0,173000.0
990,2021-10-01 09:54:21,40350.0,1000.0,168000.0
991,2021-10-01 09:54:11,40350.0,800.0,167000.0
992,2021-10-01 09:54:11,40350.0,200.0,166200.0
993,2021-10-01 09:53:47,40300.0,300.0,166000.0
994,2021-10-01 09:53:43,40300.0,2000.0,165700.0
995,2021-10-01 09:53:26,40300.0,100.0,163700.0
996,2021-10-01 09:53:20,40300.0,1000.0,163600.0
997,2021-10-01 09:52:51,40300.0,2500.0,162600.0
998,2021-10-01 09:52:51,40300.0,1400.0,160100.0
999,2021-10-01 09:52:33,40300.0,100.0,158700.0
1000,2021-10-01 09:52:30,40300.0,2500.0,158600.0
1001,2021-10-01 09:52:03,40300.0,300.0,156100.0
1002,2021-10-01 09:51:55,40300.0,200.0,155800.0
1003,2021-10-01 09:51:41,40300.0,500.0,155600.0
1004,2021-10-01 09:51:41,40300.0,500.0,155100.0
1005,2021-10-01 09:51:22,40300.0,100.0,154600.0
1006,2021-10-01 09:51:05,40300.0,300.0,154500.0
1007,2021-10-01 09:50:53,40300.0,1200.0,154200.0
1008,2021-10-01 09:50:42,40300.0,500.0,153000.0
1009,2021-10-01 09:50:18,40300.0,3300.0,152500.0
1010,2021-10-01 09:50:18,40300.0,1000.0,149200.0
1011,2021-10-01 09:50:18,40300.0,700.0,148200.0
1012,2021-10-01 09:49:49,40200.0,2000.0,147500.0
1013,2021-10-01 09:49:28,40200.0,900.0,145500.0
1014,2021-10-01 09:49:06,40200.0,3500.0,144600.0
1015,2021-10-01 09:48:56,40200.0,1000.0,141100.0
1016,2021-10-01 09:48:37,40200.0,4600.0,140100.0
1017,2021-10-01 09:47:40,40200.0,400.0,135500.0
1018,2021-10-01 09:47:40,40200.0,500.0,135100.0
1019,2021-10-01 09:47:40,40200.0,100.0,134600.0
1020,2021-10-01 09:47:30,40250.0,200.0,134500.0
1021,2021-10-01 09:47:30,40250.0,3600.0,134300.0
1022,2021-10-01 09:47:15,40250.0,100.0,130700.0
1023,2021-10-01 09:47:03,40250.0,1300.0,130600.0
1024,2021-10-01 09:47:03,40250.0,3700.0,129300.0
1025,2021-10-01 09:44:49,40250.0,200.0,125600.0
1026,2021-10-01 09:44:36,40300.0,200.0,125400.0
1027,2021-10-01 09:43:46,40250.0,1000.0,125200.0
1028,2021-10-01 09:43:46,40250.0,100.0,124200.0
1029,2021-10-01 09:42:31,40250.0,3300.0,124100.0
1030,2021-10-01 09:42:10,40250.0,100.0,120800.0
1031,2021-10-01 09:41:53,40250.0,200.0,120700.0
1032,2021-10-01 09:41:53,40250.0,700.0,120500.0
1033,2021-10-01 09:41:53,40250.0,200.0,119800.0
1034,2021-10-01 09:41:53,40250.0,5500.0,119600.0
1035,2021-10-01 09:41:15,40200.0,1000.0,114100.0
1036,2021-10-01 09:40:12,40250.0,500.0,113100.0
1037,2021-10-01 09:40:12,40250.0,500.0,112600.0
1038,2021-10-01 09:40:09,40050.0,700.0,112100.0
1039,2021-10-01 09:40:09,40050.0,500.0,111400.0
1040,2021-10-01 09:40:09,40050.0,500.0,110900.0
1041,2021-10-01 09:40:09,40050.0,300.0,110400.0
1042,2021-10-01 09:40:09,40050.0,100.0,110100.0
1043,2021-10-01 09:40:09,40050.0,4100.0,110000.0
1044,2021-10-01 09:40:09,40100.0,200.0,105900.0
1045,2021-10-01 09:40:09,40100.0,5000.0,105700.0
1046,2021-10-01 09:40:09,40100.0,500.0,100700.0
1047,2021-10-01 09:40:09,40100.0,200.0,100200.0
1048,2021-10-01 09:40:09,40100.0,3400.0,100000.0
1049,2021-10-01 09:40:09,40150.0,1000.0,96600.0
1050,2021-10-01 09:40:09,40200.0,3500.0,95600.0
1051,2021-10-01 09:39:51,40200.0,200.0,92100.0
1052,2021-10-01 09:39:51,40200.0,1300.0,91900.0
1053,2021-10-01 09:39:14,40200.0,7000.0,90600.0
1054,2021-10-01 09:39:14,40200.0,500.0,83600.0
1055,2021-10-01 09:39:14,40200.0,1200.0,83100.0
1056,2021-10-01 09:37:59,40200.0,400.0,81900.0
1057,2021-10-01 09:36:32,40200.0,400.0,81500.0
1058,2021-10-01 09:36:32,40200.0,100.0,81100.0
1059,2021-10-01 09:36:28,40250.0,500.0,81000.0
1060,2021-10-01 09:36:27,40200.0,400.0,80500.0
1061,2021-10-01 09:36:27,40200.0,800.0,80100.0
1062,2021-10-01 09:35:34,40200.0,100.0,79300.0
1063,2021-10-01 09:35:34,40200.0,300.0,79200.0
1064,2021-10-01 09:35:34,40200.0,800.0,78900.0
1065,2021-10-01 09:35:30,40100.0,200.0,78100.0
1066,2021-10-01 09:35:28,40200.0,1200.0,77900.0
1067,2021-10-01 09:35:28,40200.0,300.0,76700.0
1068,2021-10-01 09:34:41,40200.0,100.0,76400.0
1069,2021-10-01 09:33:46,40200.0,1600.0,76300.0
1070,2021-10-01 09:33:46,40300.0,100.0,74700.0
1071,2021-10-01 09:33:42,40300.0,700.0,74600.0
1072,2021-10-01 09:33:42,40300.0,200.0,73900.0
1073,2021-10-01 09:33:40,40200.0,400.0,73700.0
1074,2021-10-01 09:33:40,40200.0,100.0,73300.0
1075,2021-10-01 09:33:17,40200.0,1000.0,73200.0
1076,2021-10-01 09:33:17,40200.0,200.0,72200.0
1077,2021-10-01 09:33:17,40200.0,700.0,72000.0
1078,2021-10-01 09:32:35,40200.0,1000.0,71300.0
1079,2021-10-01 09:32:31,40100.0,500.0,70300.0
1080,2021-10-01 09:32:14,40100.0,400.0,69800.0
1081,2021-10-01 09:32:14,40100.0,100.0,69400.0
1082,2021-10-01 09:32:14,40100.0,500.0,69300.0
1083,2021-10-01 09:31:35,40100.0,400.0,68800.0
1084,2021-10-01 09:31:08,40050.0,900.0,68400.0
1085,2021-10-01 09:31:08,40050.0,100.0,67500.0
1086,2021-10-01 09:30:59,40050.0,200.0,67400.0
1087,2021-10-01 09:30:31,40050.0,100.0,67200.0
1088,2021-10-01 09:30:31,40100.0,200.0,67100.0
1089,2021-10-01 09:30:00,40100.0,500.0,66900.0
1090,2021-10-01 09:29:49,40100.0,500.0,66400.0
1091,2021-10-01 09:29:42,40200.0,300.0,65900.0
1092,2021-10-01 09:29:24,40050.0,100.0,65600.0
1093,2021-10-01 09:29:24,40050.0,100.0,65500.0
1094,2021-10-01 09:29:24,40050.0,200.0,65400.0
1095,2021-10-01 09:29:24,40050.0,100.0,65200.0
1096,2021-10-01 09:29:24,40050.0,500.0,65100.0
1097,2021-10-01 09:29:24,40050.0,1000.0,64600.0
1098,2021-10-01 09:29:24,40100.0,1000.0,63600.0
1099,2021-10-01 09:29:01,40100.0,2000.0,62600.0
1100,2021-10-01 09:28:44,40050.0,500.0,60600.0
1101,2021-10-01 09:28:41,40050.0,400.0,60100.0
1102,2021-10-01 09:28:36,40050.0,3100.0,59700.0
1103,2021-10-01 09:28:36,40050.0,900.0,56600.0
1104,2021-10-01 09:28:34,40050.0,700.0,55700.0
1105,2021-10-01 09:28:26,40050.0,200.0,55000.0
1106,2021-10-01 09:28:25,40050.0,200.0,54800.0
1107,2021-10-01 09:28:25,40050.0,100.0,54600.0
1108,2021-10-01 09:28:25,40100.0,200.0,54500.0
1109,2021-10-01 09:28:22,40100.0,200.0,54300.0
1110,2021-10-01 09:28:09,40100.0,200.0,54100.0
1111,2021-10-01 09:28:09,40100.0,700.0,53900.0
1112,2021-10-01 09:27:58,40100.0,300.0,53200.0
1113,2021-10-01 09:27:58,40100.0,5600.0,52900.0
1114,2021-10-01 09:27:58,40100.0,100.0,47300.0
1115,2021-10-01 09:27:58,40100.0,2200.0,47200.0
1116,2021-10-01 09:27:58,40200.0,1800.0,45000.0
1117,2021-10-01 09:27:47,40200.0,200.0,43200.0
1118,2021-10-01 09:27:04,40200.0,200.0,43000.0
1119,2021-10-01 09:27:04,40200.0,500.0,42800.0
1120,2021-10-01 09:27:04,40100.0,4300.0,42300.0
1121,2021-10-01 09:26:29,40100.0,500.0,38000.0
1122,2021-10-01 09:26:25,40100.0,1000.0,37500.0
1123,2021-10-01 09:26:05,40100.0,1000.0,36500.0
1124,2021-10-01 09:25:55,40100.0,1000.0,35500.0
1125,2021-10-01 09:25:54,40100.0,100.0,34500.0
1126,2021-10-01 09:25:54,40100.0,1500.0,34400.0
1127,2021-10-01 09:25:54,40100.0,1400.0,32900.0
1128,2021-10-01 09:25:32,40100.0,400.0,31500.0
1129,2021-10-01 09:25:20,40100.0,400.0,31100.0
1130,2021-10-01 09:24:28,40100.0,2100.0,30700.0
1131,2021-10-01 09:24:28,40100.0,700.0,28600.0
1132,2021-10-01 09:24:28,40100.0,200.0,27900.0
1133,2021-10-01 09:24:28,40200.0,1000.0,27700.0
1134,2021-10-01 09:24:28,40200.0,100.0,26700.0
1135,2021-10-01 09:24:26,40200.0,1000.0,26600.0
1136,2021-10-01 09:24:26,40200.0,900.0,25600.0
1137,2021-10-01 09:24:04,40200.0,300.0,24700.0
1138,2021-10-01 09:23:52,40200.0,700.0,24400.0
1139,2021-10-01 09:23:44,40200.0,100.0,23700.0
1140,2021-10-01 09:23:42,40200.0,500.0,23600.0
1141,2021-10-01 09:23:34,40200.0,1000.0,23100.0
1142,2021-10-01 09:23:15,40200.0,500.0,22100.0
1143,2021-10-01 09:23:15,40200.0,100.0,21600.0
1144,2021-10-01 09:23:15,40200.0,1500.0,21500.0
1145,2021-10-01 09:23:08,40200.0,500.0,20000.0
1146,2021-10-01 09:22:57,40200.0,600.0,19500.0
1147,2021-10-01 09:22:28,40200.0,1000.0,18900.0
1148,2021-10-01 09:22:09,40200.0,400.0,17900.0
1149,2021-10-01 09:22:09,40200.0,500.0,17500.0
1150,2021-10-01 09:22:09,40200.0,100.0,17000.0
1151,2021-10-01 09:21:41,40200.0,900.0,16900.0
1152,2021-10-01 09:21:41,40200.0,100.0,16000.0
1153,2021-10-01 09:21:10,40200.0,400.0,15900.0
1154,2021-10-01 09:21:04,40200.0,400.0,15500.0
1155,2021-10-01 09:20:58,40200.0,200.0,15100.0
1156,2021-10-01 09:20:02,40200.0,1000.0,14900.0
1157,2021-10-01 09:20:02,40200.0,200.0,13900.0
1158,2021-10-01 09:19:47,40100.0,200.0,13700.0
1159,2021-10-01 09:19:06,40200.0,1800.0,13500.0
1160,2021-10-01 09:17:53,40200.0,200.0,11700.0
1161,2021-10-01 09:17:53,40200.0,1000.0,11500.0
1162,2021-10-01 09:17:53,40200.0,200.0,10500.0
1163,2021-10-01 09:17:53,40200.0,600.0,10300.0
1164,2021-10-01 09:17:26,40200.0,200.0,9700.0
1165,2021-10-01 09:16:45,40200.0,100.0,9500.0
1166,2021-10-01 09:16:45,40200.0,100.0,9400.0
1167,2021-10-01 09:15:38,40200.0,1500.0,9300.0
1168,2021-10-01 09:15:36,40200.0,900.0,7800.0
1169,2021-10-01 09:15:07,40200.0,100.0,6900.0
1170,2021-10-01 09:15:01,40100.0,100.0,6800.0
1171,2021-10-01 09:15:00,40100.0,100.0,6700.0
1172,2021-10-01 09:15:00,40100.0,1000.0,6600.0
1173,2021-10-01 09:15:00,40100.0,1000.0,5600.0
1174,2021-10-01 09:15:00,40100.0,500.0,4600.0
1175,2021-10-01 09:15:00,40100.0,1700.0,4100.0
1176,2021-10-01 09:15:00,40100.0,100.0,2400.0
1177,2021-10-01 09:15:00,40100.0,1100.0,2300.0
1178,2021-10-01 09:15:00,40100.0,100.0,1200.0
1179,2021-10-01 09:15:00,40100.0,100.0,1100.0
1180,2021-10-01 09:15:00,40100.0,400.0,1000.0
1181,2021-10-01 09:15:00,40100.0,200.0,600.0
1182,2021-10-01 09:15:00,40100.0,200.0,400.0
1183,2021-10-01 09:15:00,40100.0,200.0,200.0
