,Time,Price,Volume_per_trade,Volume
0,2021-10-17 14:45:03,12100.0,34700.0,3538084.0
1,2021-10-17 14:30:00,12100.0,100.0,3503384.0
2,2021-10-17 14:29:58,12100.0,500.0,3503284.0
3,2021-10-17 14:29:49,12100.0,1500.0,3502784.0
4,2021-10-17 14:29:47,12100.0,500.0,3501284.0
5,2021-10-17 14:29:35,12100.0,100.0,3500784.0
6,2021-10-17 14:29:34,12000.0,1000.0,3500684.0
7,2021-10-17 14:29:31,12100.0,500.0,3499684.0
8,2021-10-17 14:29:30,12100.0,16600.0,3499184.0
9,2021-10-17 14:28:55,12000.0,200.0,3482584.0
10,2021-10-17 14:28:53,12100.0,12400.0,3482384.0
11,2021-10-17 14:28:39,12100.0,30000.0,3469984.0
12,2021-10-17 14:28:34,12000.0,500.0,3439984.0
13,2021-10-17 14:28:16,12100.0,100.0,3439484.0
14,2021-10-17 14:28:15,12100.0,1000.0,3439384.0
15,2021-10-17 14:28:10,12100.0,300.0,3438384.0
16,2021-10-17 14:28:09,12100.0,300.0,3438084.0
17,2021-10-17 14:28:07,12100.0,200.0,3437784.0
18,2021-10-17 14:27:58,12100.0,4000.0,3437584.0
19,2021-10-17 14:27:57,12100.0,600.0,3433584.0
20,2021-10-17 14:27:12,12100.0,200.0,3432984.0
21,2021-10-17 14:26:50,12000.0,200.0,3432784.0
22,2021-10-17 14:26:47,12000.0,1000.0,3432584.0
23,2021-10-17 14:26:37,12000.0,100.0,3431584.0
24,2021-10-17 14:26:28,12000.0,3600.0,3431484.0
25,2021-10-17 14:26:25,12000.0,100.0,3427884.0
26,2021-10-17 14:26:00,12000.0,1000.0,3427784.0
27,2021-10-17 14:25:50,12100.0,100.0,3426784.0
28,2021-10-17 14:25:32,12100.0,2500.0,3426684.0
29,2021-10-17 14:25:31,12100.0,21100.0,3424184.0
30,2021-10-17 14:25:25,12000.0,500.0,3403084.0
31,2021-10-17 14:25:03,12000.0,3000.0,3402584.0
32,2021-10-17 14:24:38,12000.0,2000.0,3399584.0
33,2021-10-17 14:24:35,12000.0,600.0,3397584.0
34,2021-10-17 14:24:31,12000.0,900.0,3396984.0
35,2021-10-17 14:24:29,12000.0,10000.0,3396084.0
36,2021-10-17 14:24:14,12000.0,1000.0,3386084.0
37,2021-10-17 14:24:11,12000.0,6000.0,3385084.0
38,2021-10-17 14:23:42,12000.0,1000.0,3379084.0
39,2021-10-17 14:23:20,12000.0,200.0,3378084.0
40,2021-10-17 14:23:08,12000.0,100.0,3377884.0
41,2021-10-17 14:22:57,12000.0,5000.0,3377784.0
42,2021-10-17 14:22:51,12000.0,1000.0,3372784.0
43,2021-10-17 14:22:30,12000.0,10000.0,3371784.0
44,2021-10-17 14:22:07,12000.0,2000.0,3361784.0
45,2021-10-17 14:22:01,12100.0,3000.0,3359784.0
46,2021-10-17 14:21:53,12100.0,1100.0,3356784.0
47,2021-10-17 14:21:14,12100.0,100.0,3355684.0
48,2021-10-17 14:21:02,12000.0,600.0,3355584.0
49,2021-10-17 14:20:37,12000.0,5000.0,3354984.0
50,2021-10-17 14:20:30,12000.0,200.0,3349984.0
51,2021-10-17 14:20:20,12000.0,2000.0,3349784.0
52,2021-10-17 14:19:46,12000.0,500.0,3347784.0
53,2021-10-17 14:19:35,12100.0,2000.0,3347284.0
54,2021-10-17 14:19:12,12100.0,19300.0,3345284.0
55,2021-10-17 14:19:11,12100.0,3000.0,3325984.0
56,2021-10-17 14:19:09,12100.0,7000.0,3322984.0
57,2021-10-17 14:19:08,12100.0,4200.0,3315984.0
58,2021-10-17 14:19:04,12100.0,8000.0,3311784.0
59,2021-10-17 14:18:53,12100.0,10000.0,3303784.0
60,2021-10-17 14:18:51,12100.0,1000.0,3293784.0
61,2021-10-17 14:18:48,12100.0,6800.0,3292784.0
62,2021-10-17 14:18:46,12100.0,5000.0,3285984.0
63,2021-10-17 14:18:42,12100.0,1000.0,3280984.0
64,2021-10-17 14:17:57,12100.0,200.0,3279984.0
65,2021-10-17 14:17:56,12100.0,2000.0,3279784.0
66,2021-10-17 14:17:50,12100.0,20000.0,3277784.0
67,2021-10-17 14:17:34,12100.0,500.0,3257784.0
68,2021-10-17 14:17:30,12100.0,3000.0,3257284.0
69,2021-10-17 14:17:14,12100.0,200.0,3254284.0
70,2021-10-17 14:16:49,12100.0,1000.0,3254084.0
71,2021-10-17 14:16:22,12100.0,5200.0,3253084.0
72,2021-10-17 14:16:13,12200.0,1000.0,3247884.0
73,2021-10-17 14:15:16,12200.0,1000.0,3246884.0
74,2021-10-17 14:15:04,12100.0,700.0,3245884.0
75,2021-10-17 14:14:53,12100.0,600.0,3245184.0
76,2021-10-17 14:14:29,12100.0,100.0,3244584.0
77,2021-10-17 14:13:24,12100.0,1000.0,3244484.0
78,2021-10-17 14:13:01,12100.0,1000.0,3243484.0
79,2021-10-17 14:12:57,12200.0,1000.0,3242484.0
80,2021-10-17 14:12:50,12100.0,500.0,3241484.0
81,2021-10-17 14:12:35,12100.0,500.0,3240984.0
82,2021-10-17 14:12:33,12100.0,3000.0,3240484.0
83,2021-10-17 14:12:16,12200.0,100.0,3237484.0
84,2021-10-17 14:11:48,12100.0,200.0,3237384.0
85,2021-10-17 14:11:45,12100.0,1000.0,3237184.0
86,2021-10-17 14:10:50,12100.0,500.0,3236184.0
87,2021-10-17 14:09:33,12100.0,500.0,3235684.0
88,2021-10-17 14:09:21,12100.0,3000.0,3235184.0
89,2021-10-17 14:09:17,12100.0,200.0,3232184.0
90,2021-10-17 14:08:28,12100.0,400.0,3231984.0
91,2021-10-17 14:08:25,12100.0,1600.0,3231584.0
92,2021-10-17 14:08:13,12100.0,400.0,3229984.0
93,2021-10-17 14:06:07,12100.0,5000.0,3229584.0
94,2021-10-17 14:05:46,12100.0,73600.0,3224584.0
95,2021-10-17 14:05:36,12100.0,200.0,3150984.0
96,2021-10-17 14:05:18,12100.0,100.0,3150784.0
97,2021-10-17 14:04:44,12100.0,2200.0,3150684.0
98,2021-10-17 14:04:37,12100.0,800.0,3148484.0
99,2021-10-17 14:03:57,12000.0,4200.0,3147684.0
100,2021-10-17 14:02:38,12100.0,500.0,3143484.0
101,2021-10-17 14:01:48,12100.0,2000.0,3142984.0
102,2021-10-17 14:01:17,12100.0,1000.0,3140984.0
103,2021-10-17 14:00:51,12100.0,100.0,3139984.0
104,2021-10-17 14:00:47,12000.0,500.0,3139884.0
105,2021-10-17 14:00:34,12000.0,1000.0,3139384.0
106,2021-10-17 14:00:27,12000.0,1200.0,3138384.0
107,2021-10-17 13:59:44,12000.0,200.0,3137184.0
108,2021-10-17 13:59:24,12000.0,6000.0,3136984.0
109,2021-10-17 13:59:17,12100.0,18000.0,3130984.0
110,2021-10-17 13:59:07,12100.0,300.0,3112984.0
111,2021-10-17 13:59:02,12100.0,3000.0,3112684.0
112,2021-10-17 13:59:01,12100.0,16.0,3109684.0
113,2021-10-17 13:58:58,12100.0,500.0,3109668.0
114,2021-10-17 13:58:25,12100.0,500.0,3109168.0
115,2021-10-17 13:57:52,12100.0,1000.0,3108668.0
116,2021-10-17 13:57:21,12100.0,100.0,3107668.0
117,2021-10-17 13:57:01,12000.0,1000.0,3107568.0
118,2021-10-17 13:56:31,12100.0,300.0,3106568.0
119,2021-10-17 13:56:19,12100.0,500.0,3106268.0
120,2021-10-17 13:56:16,12100.0,3000.0,3105768.0
121,2021-10-17 13:56:07,12100.0,500.0,3102768.0
122,2021-10-17 13:56:01,12100.0,500.0,3102268.0
123,2021-10-17 13:55:49,12100.0,100.0,3101768.0
124,2021-10-17 13:55:42,12100.0,1000.0,3101668.0
125,2021-10-17 13:55:31,12000.0,2000.0,3100668.0
126,2021-10-17 13:55:17,12100.0,1000.0,3098668.0
127,2021-10-17 13:55:08,12100.0,15400.0,3097668.0
128,2021-10-17 13:55:02,12100.0,3000.0,3082268.0
129,2021-10-17 13:54:51,12100.0,500.0,3079268.0
130,2021-10-17 13:54:42,12100.0,1000.0,3078768.0
131,2021-10-17 13:54:03,12100.0,1000.0,3077768.0
132,2021-10-17 13:52:42,12000.0,5000.0,3076768.0
133,2021-10-17 13:52:40,12100.0,3000.0,3071768.0
134,2021-10-17 13:52:35,12100.0,1000.0,3068768.0
135,2021-10-17 13:52:34,12100.0,4000.0,3067768.0
136,2021-10-17 13:52:15,12100.0,1400.0,3063768.0
137,2021-10-17 13:51:54,12100.0,100.0,3062368.0
138,2021-10-17 13:50:24,12100.0,200.0,3062268.0
139,2021-10-17 13:50:20,12100.0,20000.0,3062068.0
140,2021-10-17 13:50:10,12100.0,2900.0,3042068.0
141,2021-10-17 13:50:07,12100.0,4100.0,3039168.0
142,2021-10-17 13:50:05,12100.0,800.0,3035068.0
143,2021-10-17 13:48:47,12100.0,1900.0,3034268.0
144,2021-10-17 13:48:23,12100.0,1000.0,3032368.0
145,2021-10-17 13:48:10,12100.0,2000.0,3031368.0
146,2021-10-17 13:47:47,12000.0,1000.0,3029368.0
147,2021-10-17 13:47:32,12000.0,5000.0,3028368.0
148,2021-10-17 13:47:26,12000.0,3000.0,3023368.0
149,2021-10-17 13:47:24,12000.0,1300.0,3020368.0
150,2021-10-17 13:47:16,12000.0,2000.0,3019068.0
151,2021-10-17 13:46:20,12000.0,500.0,3017068.0
152,2021-10-17 13:46:11,12100.0,300.0,3016568.0
153,2021-10-17 13:46:06,12000.0,1000.0,3016268.0
154,2021-10-17 13:45:34,12000.0,3000.0,3015268.0
155,2021-10-17 13:44:31,12000.0,100.0,3012268.0
156,2021-10-17 13:42:58,12000.0,1000.0,3012168.0
157,2021-10-17 13:42:20,12000.0,100.0,3011168.0
158,2021-10-17 13:41:51,12000.0,100.0,3011068.0
159,2021-10-17 13:41:42,12000.0,1000.0,3010968.0
160,2021-10-17 13:41:39,12100.0,100.0,3009968.0
161,2021-10-17 13:41:24,12000.0,500.0,3009868.0
162,2021-10-17 13:41:03,12000.0,100.0,3009368.0
163,2021-10-17 13:40:52,12100.0,5000.0,3009268.0
164,2021-10-17 13:40:33,12000.0,500.0,3004268.0
165,2021-10-17 13:40:27,12100.0,500.0,3003768.0
166,2021-10-17 13:40:09,12000.0,1000.0,3003268.0
167,2021-10-17 13:39:29,12100.0,1000.0,3002268.0
168,2021-10-17 13:38:36,12100.0,3000.0,3001268.0
169,2021-10-17 13:37:52,12100.0,500.0,2998268.0
170,2021-10-17 13:37:30,12000.0,100.0,2997768.0
171,2021-10-17 13:37:23,12100.0,10000.0,2997668.0
172,2021-10-17 13:37:12,12000.0,100.0,2987668.0
173,2021-10-17 13:36:57,12100.0,500.0,2987568.0
174,2021-10-17 13:36:19,12100.0,500.0,2987068.0
175,2021-10-17 13:36:14,12100.0,800.0,2986568.0
176,2021-10-17 13:35:35,12100.0,100.0,2985768.0
177,2021-10-17 13:34:37,12100.0,1000.0,2985668.0
178,2021-10-17 13:34:16,12100.0,400.0,2984668.0
179,2021-10-17 13:33:14,12100.0,100.0,2984268.0
180,2021-10-17 13:33:12,12100.0,300.0,2984168.0
181,2021-10-17 13:32:18,12100.0,600.0,2983868.0
182,2021-10-17 13:31:01,12100.0,1000.0,2983268.0
183,2021-10-17 13:30:38,12100.0,300.0,2982268.0
184,2021-10-17 13:30:36,12100.0,200.0,2981968.0
185,2021-10-17 13:30:13,12200.0,50000.0,2981768.0
186,2021-10-17 13:29:37,12100.0,4100.0,2931768.0
187,2021-10-17 13:29:28,12100.0,500.0,2927668.0
188,2021-10-17 13:29:13,12100.0,10000.0,2927168.0
189,2021-10-17 13:29:07,12100.0,3000.0,2917168.0
190,2021-10-17 13:29:06,12100.0,1000.0,2914168.0
191,2021-10-17 13:28:41,12100.0,2000.0,2913168.0
192,2021-10-17 13:28:38,12100.0,1000.0,2911168.0
193,2021-10-17 13:28:21,12100.0,1000.0,2910168.0
194,2021-10-17 13:28:00,12100.0,500.0,2909168.0
195,2021-10-17 13:27:24,12100.0,500.0,2908668.0
196,2021-10-17 13:27:10,12100.0,4300.0,2908168.0
197,2021-10-17 13:26:46,12100.0,6300.0,2903868.0
198,2021-10-17 13:26:09,12100.0,200.0,2897568.0
199,2021-10-17 13:26:03,12100.0,2600.0,2897368.0
200,2021-10-17 13:26:02,12100.0,1000.0,2894768.0
201,2021-10-17 13:25:52,12100.0,1000.0,2893768.0
202,2021-10-17 13:25:23,12100.0,500.0,2892768.0
203,2021-10-17 13:24:54,12200.0,100.0,2892268.0
204,2021-10-17 13:24:17,12100.0,30000.0,2892168.0
205,2021-10-17 13:24:07,12100.0,3000.0,2862168.0
206,2021-10-17 13:23:13,12100.0,1000.0,2859168.0
207,2021-10-17 13:22:41,12100.0,5000.0,2858168.0
208,2021-10-17 13:22:28,12100.0,2000.0,2853168.0
209,2021-10-17 13:20:45,12100.0,5000.0,2851168.0
210,2021-10-17 13:20:32,12100.0,1500.0,2846168.0
211,2021-10-17 13:20:23,12100.0,10000.0,2844668.0
212,2021-10-17 13:19:39,12100.0,2000.0,2834668.0
213,2021-10-17 13:18:41,12200.0,1000.0,2832668.0
214,2021-10-17 13:17:51,12200.0,1000.0,2831668.0
215,2021-10-17 13:17:04,12200.0,200.0,2830668.0
216,2021-10-17 13:16:30,12100.0,100.0,2830468.0
217,2021-10-17 13:14:54,12100.0,4500.0,2830368.0
218,2021-10-17 13:14:40,12200.0,200.0,2825868.0
219,2021-10-17 13:14:33,12200.0,200.0,2825668.0
220,2021-10-17 13:11:31,12100.0,1000.0,2825468.0
221,2021-10-17 13:11:24,12100.0,1500.0,2824468.0
222,2021-10-17 13:11:05,12100.0,1000.0,2822968.0
223,2021-10-17 13:10:52,12100.0,2000.0,2821968.0
224,2021-10-17 13:10:12,12100.0,2100.0,2819968.0
225,2021-10-17 13:08:11,12100.0,100.0,2817868.0
226,2021-10-17 13:07:55,12200.0,100.0,2817768.0
227,2021-10-17 13:07:16,12100.0,3000.0,2817668.0
228,2021-10-17 13:07:08,12200.0,200.0,2814668.0
229,2021-10-17 13:06:50,12200.0,26.0,2814468.0
230,2021-10-17 13:05:57,12200.0,500.0,2814442.0
231,2021-10-17 13:05:41,12200.0,2000.0,2813942.0
232,2021-10-17 13:04:32,12200.0,200.0,2811942.0
233,2021-10-17 13:04:06,12200.0,1100.0,2811742.0
234,2021-10-17 13:03:39,12200.0,500.0,2810642.0
235,2021-10-17 13:00:55,12200.0,1800.0,2810142.0
236,2021-10-17 13:00:26,12100.0,100.0,2808342.0
237,2021-10-17 13:00:20,12200.0,8500.0,2808242.0
238,2021-10-17 13:00:15,12200.0,100.0,2799742.0
239,2021-10-17 13:00:12,12200.0,300.0,2799642.0
240,2021-10-17 13:00:10,12200.0,200.0,2799342.0
241,2021-10-17 13:00:09,12200.0,6200.0,2799142.0
242,2021-10-17 13:00:07,12200.0,300.0,2792942.0
243,2021-10-17 13:00:06,12200.0,21300.0,2792642.0
244,2021-10-17 11:29:30,12200.0,1000.0,2771342.0
245,2021-10-17 11:29:24,12100.0,20000.0,2770342.0
246,2021-10-17 11:27:27,12200.0,1000.0,2750342.0
247,2021-10-17 11:26:57,12200.0,70.0,2749342.0
248,2021-10-17 11:26:30,12200.0,10000.0,2749272.0
249,2021-10-17 11:25:53,12100.0,500.0,2739272.0
250,2021-10-17 11:24:12,12100.0,500.0,2738772.0
251,2021-10-17 11:24:03,12100.0,100.0,2738272.0
252,2021-10-17 11:24:02,12100.0,400.0,2738172.0
253,2021-10-17 11:23:13,12100.0,2400.0,2737772.0
254,2021-10-17 11:22:26,12100.0,300.0,2735372.0
255,2021-10-17 11:21:53,12100.0,10000.0,2735072.0
256,2021-10-17 11:21:27,12100.0,300.0,2725072.0
257,2021-10-17 11:21:18,12100.0,300.0,2724772.0
258,2021-10-17 11:19:32,12100.0,500.0,2724472.0
259,2021-10-17 11:19:12,12100.0,2000.0,2723972.0
260,2021-10-17 11:18:43,12100.0,200.0,2721972.0
261,2021-10-17 11:16:57,12100.0,1000.0,2721772.0
262,2021-10-17 11:16:47,12100.0,9000.0,2720772.0
263,2021-10-17 11:16:43,12200.0,300.0,2711772.0
264,2021-10-17 11:16:12,12200.0,100.0,2711472.0
265,2021-10-17 11:14:58,12200.0,2000.0,2711372.0
266,2021-10-17 11:14:21,12200.0,300.0,2709372.0
267,2021-10-17 11:14:10,12200.0,200.0,2709072.0
268,2021-10-17 11:13:38,12100.0,1400.0,2708872.0
269,2021-10-17 11:11:49,12100.0,200.0,2707472.0
270,2021-10-17 11:11:39,12100.0,11600.0,2707272.0
271,2021-10-17 11:11:26,12100.0,400.0,2695672.0
272,2021-10-17 11:09:26,12100.0,3000.0,2695272.0
273,2021-10-17 11:08:43,12100.0,5000.0,2692272.0
274,2021-10-17 11:08:19,12100.0,5000.0,2687272.0
275,2021-10-17 11:07:28,12200.0,2500.0,2682272.0
276,2021-10-17 11:07:24,12100.0,5100.0,2679772.0
277,2021-10-17 11:06:01,12100.0,6000.0,2674672.0
278,2021-10-17 11:05:06,12100.0,5000.0,2668672.0
279,2021-10-17 11:05:04,12100.0,300.0,2663672.0
280,2021-10-17 11:04:30,12100.0,15000.0,2663372.0
281,2021-10-17 11:03:45,12100.0,1000.0,2648372.0
282,2021-10-17 11:03:23,12100.0,200.0,2647372.0
283,2021-10-17 10:58:06,12200.0,1100.0,2647172.0
284,2021-10-17 10:57:36,12200.0,100.0,2646072.0
285,2021-10-17 10:57:09,12200.0,2000.0,2645972.0
286,2021-10-17 10:56:53,12100.0,500.0,2643972.0
287,2021-10-17 10:56:50,12200.0,5000.0,2643472.0
288,2021-10-17 10:55:47,12200.0,3000.0,2638472.0
289,2021-10-17 10:55:40,12100.0,700.0,2635472.0
290,2021-10-17 10:54:49,12200.0,38000.0,2634772.0
291,2021-10-17 10:54:46,12100.0,20000.0,2596772.0
292,2021-10-17 10:54:02,12200.0,800.0,2576772.0
293,2021-10-17 10:53:32,12200.0,300.0,2575972.0
294,2021-10-17 10:50:56,12200.0,100.0,2575672.0
295,2021-10-17 10:50:31,12200.0,100.0,2575572.0
296,2021-10-17 10:49:55,12200.0,5000.0,2575472.0
297,2021-10-17 10:49:53,12200.0,500.0,2570472.0
298,2021-10-17 10:49:28,12200.0,1300.0,2569972.0
299,2021-10-17 10:48:56,12200.0,3000.0,2568672.0
300,2021-10-17 10:48:48,12100.0,300.0,2565672.0
301,2021-10-17 10:48:33,12200.0,100.0,2565372.0
302,2021-10-17 10:48:14,12200.0,1700.0,2565272.0
303,2021-10-17 10:48:12,12200.0,200.0,2563572.0
304,2021-10-17 10:46:41,12200.0,500.0,2563372.0
305,2021-10-17 10:46:03,12100.0,500.0,2562872.0
306,2021-10-17 10:43:35,12100.0,500.0,2562372.0
307,2021-10-17 10:43:00,12100.0,2000.0,2561872.0
308,2021-10-17 10:42:47,12100.0,1500.0,2559872.0
309,2021-10-17 10:42:05,12100.0,5000.0,2558372.0
310,2021-10-17 10:40:27,12100.0,200.0,2553372.0
311,2021-10-17 10:39:57,12100.0,3000.0,2553172.0
312,2021-10-17 10:39:51,12100.0,6000.0,2550172.0
313,2021-10-17 10:39:10,12200.0,800.0,2544172.0
314,2021-10-17 10:39:03,12100.0,11800.0,2543372.0
315,2021-10-17 10:38:44,12200.0,200.0,2531572.0
316,2021-10-17 10:38:24,12200.0,1000.0,2531372.0
317,2021-10-17 10:38:18,12100.0,2000.0,2530372.0
318,2021-10-17 10:37:56,12100.0,33800.0,2528372.0
319,2021-10-17 10:37:46,12100.0,100.0,2494572.0
320,2021-10-17 10:37:23,12100.0,300.0,2494472.0
321,2021-10-17 10:37:15,12200.0,200.0,2494172.0
322,2021-10-17 10:37:06,12200.0,200.0,2493972.0
323,2021-10-17 10:36:51,12200.0,2300.0,2493772.0
324,2021-10-17 10:36:17,12200.0,500.0,2491472.0
325,2021-10-17 10:35:24,12200.0,100.0,2490972.0
326,2021-10-17 10:32:23,12200.0,2000.0,2490872.0
327,2021-10-17 10:32:09,12200.0,200.0,2488872.0
328,2021-10-17 10:31:48,12200.0,100.0,2488672.0
329,2021-10-17 10:31:32,12200.0,2000.0,2488572.0
330,2021-10-17 10:31:29,12200.0,500.0,2486572.0
331,2021-10-17 10:31:20,12200.0,400.0,2486072.0
332,2021-10-17 10:30:06,12200.0,5000.0,2485672.0
333,2021-10-17 10:30:02,12200.0,5000.0,2480672.0
334,2021-10-17 10:29:51,12200.0,5000.0,2475672.0
335,2021-10-17 10:28:56,12200.0,1200.0,2470672.0
336,2021-10-17 10:28:55,12200.0,100.0,2469472.0
337,2021-10-17 10:27:42,12200.0,100.0,2469372.0
338,2021-10-17 10:26:51,12100.0,1000.0,2469272.0
339,2021-10-17 10:25:08,12100.0,600.0,2468272.0
340,2021-10-17 10:23:50,12200.0,1000.0,2467672.0
341,2021-10-17 10:23:36,12200.0,2000.0,2466672.0
342,2021-10-17 10:23:14,12200.0,4900.0,2464672.0
343,2021-10-17 10:22:41,12200.0,200.0,2459772.0
344,2021-10-17 10:22:12,12200.0,1000.0,2459572.0
345,2021-10-17 10:22:07,12100.0,100.0,2458572.0
346,2021-10-17 10:21:28,12100.0,800.0,2458472.0
347,2021-10-17 10:21:06,12200.0,5000.0,2457672.0
348,2021-10-17 10:20:17,12200.0,100.0,2452672.0
349,2021-10-17 10:19:58,12200.0,100.0,2452572.0
350,2021-10-17 10:19:53,12200.0,900.0,2452472.0
351,2021-10-17 10:19:42,12200.0,1700.0,2451572.0
352,2021-10-17 10:19:19,12200.0,500.0,2449872.0
353,2021-10-17 10:19:14,12200.0,1900.0,2449372.0
354,2021-10-17 10:18:55,12200.0,200.0,2447472.0
355,2021-10-17 10:18:51,12200.0,500.0,2447272.0
356,2021-10-17 10:18:37,12200.0,27900.0,2446772.0
357,2021-10-17 10:18:36,12200.0,10.0,2418872.0
358,2021-10-17 10:18:15,12200.0,50000.0,2418862.0
359,2021-10-17 10:17:53,12200.0,500.0,2368862.0
360,2021-10-17 10:17:40,12200.0,1000.0,2368362.0
361,2021-10-17 10:17:36,12100.0,500.0,2367362.0
362,2021-10-17 10:17:31,12100.0,800.0,2366862.0
363,2021-10-17 10:17:20,12100.0,500.0,2366062.0
364,2021-10-17 10:16:34,12100.0,3000.0,2365562.0
365,2021-10-17 10:16:22,12200.0,100.0,2362562.0
366,2021-10-17 10:16:15,12100.0,1000.0,2362462.0
367,2021-10-17 10:15:53,12100.0,500.0,2361462.0
368,2021-10-17 10:15:34,12100.0,2500.0,2360962.0
369,2021-10-17 10:15:32,12100.0,8000.0,2358462.0
370,2021-10-17 10:14:50,12100.0,800.0,2350462.0
371,2021-10-17 10:14:45,12200.0,2500.0,2349662.0
372,2021-10-17 10:14:22,12200.0,5000.0,2347162.0
373,2021-10-17 10:14:10,12200.0,1000.0,2342162.0
374,2021-10-17 10:13:42,12200.0,100.0,2341162.0
375,2021-10-17 10:13:07,12200.0,300.0,2341062.0
376,2021-10-17 10:12:25,12200.0,100.0,2340762.0
377,2021-10-17 10:12:08,12200.0,15000.0,2340662.0
378,2021-10-17 10:11:40,12200.0,6100.0,2325662.0
379,2021-10-17 10:11:00,12100.0,1200.0,2319562.0
380,2021-10-17 10:10:35,12200.0,30000.0,2318362.0
381,2021-10-17 10:09:54,12200.0,1000.0,2288362.0
382,2021-10-17 10:09:33,12200.0,2000.0,2287362.0
383,2021-10-17 10:09:08,12200.0,1000.0,2285362.0
384,2021-10-17 10:09:04,12200.0,300.0,2284362.0
385,2021-10-17 10:08:33,12200.0,1000.0,2284062.0
386,2021-10-17 10:08:21,12100.0,500.0,2283062.0
387,2021-10-17 10:08:17,12200.0,4200.0,2282562.0
388,2021-10-17 10:07:56,12200.0,1000.0,2278362.0
389,2021-10-17 10:07:52,12200.0,2000.0,2277362.0
390,2021-10-17 10:07:17,12200.0,10000.0,2275362.0
391,2021-10-17 10:07:11,12100.0,5000.0,2265362.0
392,2021-10-17 10:06:45,12100.0,1000.0,2260362.0
393,2021-10-17 10:05:55,12100.0,500.0,2259362.0
394,2021-10-17 10:05:42,12100.0,100.0,2258862.0
395,2021-10-17 10:05:30,12100.0,2000.0,2258762.0
396,2021-10-17 10:05:22,12100.0,1000.0,2256762.0
397,2021-10-17 10:05:16,12100.0,200.0,2255762.0
398,2021-10-17 10:05:05,12100.0,2000.0,2255562.0
399,2021-10-17 10:04:44,12100.0,200.0,2253562.0
400,2021-10-17 10:04:40,12100.0,1000.0,2253362.0
401,2021-10-17 10:04:10,12100.0,1100.0,2252362.0
402,2021-10-17 10:04:02,12100.0,300.0,2251262.0
403,2021-10-17 10:03:16,12100.0,2000.0,2250962.0
404,2021-10-17 10:03:14,12100.0,300.0,2248962.0
405,2021-10-17 10:02:34,12100.0,2700.0,2248662.0
406,2021-10-17 10:02:20,12100.0,700.0,2245962.0
407,2021-10-17 10:02:11,12100.0,2500.0,2245262.0
408,2021-10-17 10:01:51,12100.0,200.0,2242762.0
409,2021-10-17 10:01:34,12100.0,8200.0,2242562.0
410,2021-10-17 10:01:32,12200.0,2000.0,2234362.0
411,2021-10-17 10:01:14,12100.0,3600.0,2232362.0
412,2021-10-17 10:00:53,12200.0,1000.0,2228762.0
413,2021-10-17 10:00:47,12200.0,100.0,2227762.0
414,2021-10-17 10:00:34,12200.0,100.0,2227662.0
415,2021-10-17 09:59:34,12200.0,7000.0,2227562.0
416,2021-10-17 09:58:58,12200.0,1000.0,2220562.0
417,2021-10-17 09:58:51,12100.0,200.0,2219562.0
418,2021-10-17 09:58:23,12200.0,500.0,2219362.0
419,2021-10-17 09:58:09,12200.0,1700.0,2218862.0
420,2021-10-17 09:58:00,12200.0,300.0,2217162.0
421,2021-10-17 09:56:50,12200.0,2000.0,2216862.0
422,2021-10-17 09:55:57,12200.0,2400.0,2214862.0
423,2021-10-17 09:55:36,12200.0,3900.0,2212462.0
424,2021-10-17 09:55:32,12200.0,200.0,2208562.0
425,2021-10-17 09:55:28,12200.0,500.0,2208362.0
426,2021-10-17 09:55:12,12200.0,3000.0,2207862.0
427,2021-10-17 09:55:05,12200.0,100.0,2204862.0
428,2021-10-17 09:54:47,12200.0,1100.0,2204762.0
429,2021-10-17 09:54:42,12200.0,2500.0,2203662.0
430,2021-10-17 09:54:40,12200.0,700.0,2201162.0
431,2021-10-17 09:54:31,12200.0,200.0,2200462.0
432,2021-10-17 09:54:16,12200.0,3900.0,2200262.0
433,2021-10-17 09:53:50,12200.0,6500.0,2196362.0
434,2021-10-17 09:53:40,12100.0,1000.0,2189862.0
435,2021-10-17 09:53:36,12100.0,1200.0,2188862.0
436,2021-10-17 09:53:35,12100.0,2000.0,2187662.0
437,2021-10-17 09:53:32,12100.0,10000.0,2185662.0
438,2021-10-17 09:53:30,12100.0,11400.0,2175662.0
439,2021-10-17 09:53:28,12100.0,200.0,2164262.0
440,2021-10-17 09:53:27,12100.0,5000.0,2164062.0
441,2021-10-17 09:53:25,12100.0,5000.0,2159062.0
442,2021-10-17 09:53:17,12100.0,3500.0,2154062.0
443,2021-10-17 09:53:12,12100.0,12000.0,2150562.0
444,2021-10-17 09:53:04,12100.0,1500.0,2138562.0
445,2021-10-17 09:53:01,12100.0,1000.0,2137062.0
446,2021-10-17 09:52:56,12100.0,2500.0,2136062.0
447,2021-10-17 09:52:48,12100.0,100.0,2133562.0
448,2021-10-17 09:52:37,12100.0,4200.0,2133462.0
449,2021-10-17 09:52:18,12000.0,84600.0,2129262.0
450,2021-10-17 09:52:15,12000.0,200.0,2044662.0
451,2021-10-17 09:52:05,12000.0,5000.0,2044462.0
452,2021-10-17 09:52:03,12000.0,1000.0,2039462.0
453,2021-10-17 09:51:44,12000.0,100.0,2038462.0
454,2021-10-17 09:51:40,12000.0,1000.0,2038362.0
455,2021-10-17 09:51:26,12000.0,2000.0,2037362.0
456,2021-10-17 09:51:20,11900.0,3300.0,2035362.0
457,2021-10-17 09:51:19,12000.0,500.0,2032062.0
458,2021-10-17 09:51:17,12000.0,1000.0,2031562.0
459,2021-10-17 09:51:07,11900.0,5600.0,2030562.0
460,2021-10-17 09:51:04,12000.0,10000.0,2024962.0
461,2021-10-17 09:51:00,12000.0,200.0,2014962.0
462,2021-10-17 09:50:57,12000.0,100.0,2014762.0
463,2021-10-17 09:50:56,12000.0,500.0,2014662.0
464,2021-10-17 09:50:45,12000.0,200.0,2014162.0
465,2021-10-17 09:50:39,12000.0,500.0,2013962.0
466,2021-10-17 09:50:36,12000.0,20000.0,2013462.0
467,2021-10-17 09:50:34,12000.0,300.0,1993462.0
468,2021-10-17 09:50:18,12000.0,200.0,1993162.0
469,2021-10-17 09:49:52,11900.0,500.0,1992962.0
470,2021-10-17 09:49:47,12000.0,200.0,1992462.0
471,2021-10-17 09:49:35,12000.0,100.0,1992262.0
472,2021-10-17 09:49:23,12000.0,600.0,1992162.0
473,2021-10-17 09:49:21,12000.0,500.0,1991562.0
474,2021-10-17 09:49:16,12000.0,100.0,1991062.0
475,2021-10-17 09:49:06,12000.0,100.0,1990962.0
476,2021-10-17 09:49:00,11900.0,1000.0,1990862.0
477,2021-10-17 09:48:54,11900.0,200.0,1989862.0
478,2021-10-17 09:48:41,12000.0,500.0,1989662.0
479,2021-10-17 09:48:37,11900.0,1500.0,1989162.0
480,2021-10-17 09:48:34,11900.0,1400.0,1987662.0
481,2021-10-17 09:48:33,11900.0,3000.0,1986262.0
482,2021-10-17 09:48:30,11900.0,1000.0,1983262.0
483,2021-10-17 09:48:20,11900.0,500.0,1982262.0
484,2021-10-17 09:48:17,11900.0,2400.0,1981762.0
485,2021-10-17 09:48:05,11900.0,1000.0,1979362.0
486,2021-10-17 09:47:59,11900.0,1000.0,1978362.0
487,2021-10-17 09:47:41,11900.0,3000.0,1977362.0
488,2021-10-17 09:47:32,12000.0,100.0,1974362.0
489,2021-10-17 09:47:29,11900.0,200.0,1974262.0
490,2021-10-17 09:47:28,11900.0,3000.0,1974062.0
491,2021-10-17 09:47:24,12000.0,300.0,1971062.0
492,2021-10-17 09:47:12,12000.0,200.0,1970762.0
493,2021-10-17 09:46:46,12000.0,400.0,1970562.0
494,2021-10-17 09:46:45,12000.0,1000.0,1970162.0
495,2021-10-17 09:46:43,12000.0,8300.0,1969162.0
496,2021-10-17 09:46:39,12000.0,4000.0,1960862.0
497,2021-10-17 09:46:32,12000.0,7900.0,1956862.0
498,2021-10-17 09:46:31,12000.0,200.0,1948962.0
499,2021-10-17 09:46:22,12000.0,1000.0,1948762.0
500,2021-10-17 09:46:20,12000.0,100.0,1947762.0
501,2021-10-17 09:46:18,12000.0,3000.0,1947662.0
502,2021-10-17 09:46:14,12100.0,100.0,1944662.0
503,2021-10-17 09:46:13,12000.0,30000.0,1944562.0
504,2021-10-17 09:46:05,12000.0,2000.0,1914562.0
505,2021-10-17 09:45:56,12100.0,1000.0,1912562.0
506,2021-10-17 09:45:51,12000.0,100000.0,1911562.0
507,2021-10-17 09:45:38,12100.0,800.0,1811562.0
508,2021-10-17 09:45:34,12000.0,5000.0,1810762.0
509,2021-10-17 09:45:29,12000.0,3000.0,1805762.0
510,2021-10-17 09:45:19,12000.0,300.0,1802762.0
511,2021-10-17 09:45:08,12000.0,1000.0,1802462.0
512,2021-10-17 09:45:01,12000.0,800.0,1801462.0
513,2021-10-17 09:45:00,12000.0,500.0,1800662.0
514,2021-10-17 09:44:43,12000.0,34300.0,1800162.0
515,2021-10-17 09:44:33,12100.0,200.0,1765862.0
516,2021-10-17 09:44:31,12100.0,100.0,1765662.0
517,2021-10-17 09:44:22,12100.0,10000.0,1765562.0
518,2021-10-17 09:44:14,12100.0,2000.0,1755562.0
519,2021-10-17 09:44:12,12100.0,10000.0,1753562.0
520,2021-10-17 09:43:46,12100.0,300.0,1743562.0
521,2021-10-17 09:43:36,12100.0,2000.0,1743262.0
522,2021-10-17 09:43:35,12000.0,16800.0,1741262.0
523,2021-10-17 09:43:34,12100.0,100.0,1724462.0
524,2021-10-17 09:43:28,12100.0,200.0,1724362.0
525,2021-10-17 09:43:26,12100.0,300.0,1724162.0
526,2021-10-17 09:43:25,12100.0,1000.0,1723862.0
527,2021-10-17 09:43:22,12100.0,300.0,1722862.0
528,2021-10-17 09:43:16,12100.0,2000.0,1722562.0
529,2021-10-17 09:42:49,12100.0,200.0,1720562.0
530,2021-10-17 09:42:44,12100.0,100.0,1720362.0
531,2021-10-17 09:42:30,12100.0,100.0,1720262.0
532,2021-10-17 09:42:29,12100.0,100.0,1720162.0
533,2021-10-17 09:42:25,12100.0,300.0,1720062.0
534,2021-10-17 09:42:22,12100.0,500.0,1719762.0
535,2021-10-17 09:42:14,12100.0,200.0,1719262.0
536,2021-10-17 09:42:13,12100.0,2600.0,1719062.0
537,2021-10-17 09:42:07,12100.0,500.0,1716462.0
538,2021-10-17 09:41:59,12100.0,1000.0,1715962.0
539,2021-10-17 09:41:52,12100.0,200.0,1714962.0
540,2021-10-17 09:41:47,12100.0,200.0,1714762.0
541,2021-10-17 09:41:46,12100.0,2300.0,1714562.0
542,2021-10-17 09:41:43,12100.0,200.0,1712262.0
543,2021-10-17 09:41:31,12100.0,100.0,1712062.0
544,2021-10-17 09:41:12,12100.0,100.0,1711962.0
545,2021-10-17 09:41:08,12100.0,3000.0,1711862.0
546,2021-10-17 09:41:07,12100.0,2600.0,1708862.0
547,2021-10-17 09:41:02,12100.0,2000.0,1706262.0
548,2021-10-17 09:41:00,12100.0,10000.0,1704262.0
549,2021-10-17 09:40:57,12100.0,1000.0,1694262.0
550,2021-10-17 09:40:49,12100.0,2000.0,1693262.0
551,2021-10-17 09:40:48,12100.0,500.0,1691262.0
552,2021-10-17 09:40:44,12100.0,3400.0,1690762.0
553,2021-10-17 09:40:42,12100.0,3000.0,1687362.0
554,2021-10-17 09:40:38,12100.0,11200.0,1684362.0
555,2021-10-17 09:40:36,12100.0,1000.0,1673162.0
556,2021-10-17 09:40:34,12100.0,24700.0,1672162.0
557,2021-10-17 09:40:29,12100.0,10000.0,1647462.0
558,2021-10-17 09:40:25,12100.0,1000.0,1637462.0
559,2021-10-17 09:40:24,12100.0,3000.0,1636462.0
560,2021-10-17 09:40:22,12100.0,100.0,1633462.0
561,2021-10-17 09:40:21,12100.0,2000.0,1633362.0
562,2021-10-17 09:40:18,12100.0,5000.0,1631362.0
563,2021-10-17 09:40:15,12100.0,1000.0,1626362.0
564,2021-10-17 09:40:13,12100.0,500.0,1625362.0
565,2021-10-17 09:40:08,12100.0,300.0,1624862.0
566,2021-10-17 09:40:06,12100.0,2000.0,1624562.0
567,2021-10-17 09:40:05,12100.0,300.0,1622562.0
568,2021-10-17 09:40:03,12100.0,1000.0,1622262.0
569,2021-10-17 09:39:59,12100.0,1400.0,1621262.0
570,2021-10-17 09:39:54,12100.0,9100.0,1619862.0
571,2021-10-17 09:39:40,12100.0,3000.0,1610762.0
572,2021-10-17 09:39:35,12100.0,1000.0,1607762.0
573,2021-10-17 09:39:34,12100.0,5500.0,1606762.0
574,2021-10-17 09:39:33,12100.0,1000.0,1601262.0
575,2021-10-17 09:39:31,12100.0,200.0,1600262.0
576,2021-10-17 09:39:20,12100.0,2000.0,1600062.0
577,2021-10-17 09:39:18,12100.0,2000.0,1598062.0
578,2021-10-17 09:39:16,12100.0,200.0,1596062.0
579,2021-10-17 09:39:15,12100.0,2000.0,1595862.0
580,2021-10-17 09:39:06,12100.0,400.0,1593862.0
581,2021-10-17 09:39:05,12100.0,2400.0,1593462.0
582,2021-10-17 09:38:46,12100.0,2600.0,1591062.0
583,2021-10-17 09:38:09,12200.0,2500.0,1588462.0
584,2021-10-17 09:37:53,12200.0,500.0,1585962.0
585,2021-10-17 09:37:50,12200.0,4900.0,1585462.0
586,2021-10-17 09:37:35,12200.0,800.0,1580562.0
587,2021-10-17 09:37:26,12200.0,100.0,1579762.0
588,2021-10-17 09:36:56,12200.0,6000.0,1579662.0
589,2021-10-17 09:36:54,12200.0,600.0,1573662.0
590,2021-10-17 09:36:46,12200.0,700.0,1573062.0
591,2021-10-17 09:36:20,12200.0,800.0,1572362.0
592,2021-10-17 09:36:00,12200.0,400.0,1571562.0
593,2021-10-17 09:35:25,12200.0,1100.0,1571162.0
594,2021-10-17 09:35:01,12200.0,1400.0,1570062.0
595,2021-10-17 09:34:58,12200.0,1000.0,1568662.0
596,2021-10-17 09:34:56,12200.0,3000.0,1567662.0
597,2021-10-17 09:34:52,12200.0,100.0,1564662.0
598,2021-10-17 09:34:47,12200.0,300.0,1564562.0
599,2021-10-17 09:34:44,12200.0,1000.0,1564262.0
600,2021-10-17 09:34:36,12200.0,400.0,1563262.0
601,2021-10-17 09:34:22,12200.0,200.0,1562862.0
602,2021-10-17 09:34:04,12200.0,1000.0,1562662.0
603,2021-10-17 09:34:03,12300.0,600.0,1561662.0
604,2021-10-17 09:33:49,12300.0,3100.0,1561062.0
605,2021-10-17 09:33:44,12300.0,200.0,1557962.0
606,2021-10-17 09:33:41,12200.0,5000.0,1557762.0
607,2021-10-17 09:33:33,12300.0,2000.0,1552762.0
608,2021-10-17 09:33:23,12200.0,4000.0,1550762.0
609,2021-10-17 09:33:19,12200.0,4500.0,1546762.0
610,2021-10-17 09:33:12,12300.0,5000.0,1542262.0
611,2021-10-17 09:33:10,12300.0,200.0,1537262.0
612,2021-10-17 09:33:00,12300.0,100.0,1537062.0
613,2021-10-17 09:32:49,12200.0,200.0,1536962.0
614,2021-10-17 09:32:48,12200.0,1000.0,1536762.0
615,2021-10-17 09:32:47,12200.0,5000.0,1535762.0
616,2021-10-17 09:32:44,12300.0,500.0,1530762.0
617,2021-10-17 09:32:40,12200.0,1100.0,1530262.0
618,2021-10-17 09:32:38,12300.0,2000.0,1529162.0
619,2021-10-17 09:32:35,12300.0,600.0,1527162.0
620,2021-10-17 09:32:32,12200.0,15000.0,1526562.0
621,2021-10-17 09:32:21,12200.0,2000.0,1511562.0
622,2021-10-17 09:32:19,12200.0,1000.0,1509562.0
623,2021-10-17 09:32:17,12200.0,300.0,1508562.0
624,2021-10-17 09:32:09,12200.0,10000.0,1508262.0
625,2021-10-17 09:31:57,12200.0,100.0,1498262.0
626,2021-10-17 09:31:49,12300.0,3000.0,1498162.0
627,2021-10-17 09:31:46,12200.0,4000.0,1495162.0
628,2021-10-17 09:31:45,12300.0,800.0,1491162.0
629,2021-10-17 09:31:42,12200.0,4100.0,1490362.0
630,2021-10-17 09:31:35,12200.0,300.0,1486262.0
631,2021-10-17 09:31:28,12200.0,36000.0,1485962.0
632,2021-10-17 09:31:27,12300.0,100.0,1449962.0
633,2021-10-17 09:31:19,12300.0,500.0,1449862.0
634,2021-10-17 09:31:02,12300.0,7700.0,1449362.0
635,2021-10-17 09:31:00,12300.0,3000.0,1441662.0
636,2021-10-17 09:30:59,12300.0,400.0,1438662.0
637,2021-10-17 09:30:58,12300.0,7000.0,1438262.0
638,2021-10-17 09:30:57,12300.0,500.0,1431262.0
639,2021-10-17 09:30:56,12300.0,15000.0,1430762.0
640,2021-10-17 09:30:52,12300.0,100.0,1415762.0
641,2021-10-17 09:30:51,12300.0,3000.0,1415662.0
642,2021-10-17 09:30:35,12300.0,300.0,1412662.0
643,2021-10-17 09:30:31,12300.0,11000.0,1412362.0
644,2021-10-17 09:30:07,12300.0,4500.0,1401362.0
645,2021-10-17 09:29:59,12300.0,4000.0,1396862.0
646,2021-10-17 09:29:54,12300.0,10000.0,1392862.0
647,2021-10-17 09:29:44,12300.0,20000.0,1382862.0
648,2021-10-17 09:29:42,12300.0,5000.0,1362862.0
649,2021-10-17 09:29:32,12300.0,3000.0,1357862.0
650,2021-10-17 09:29:07,12300.0,12000.0,1354862.0
651,2021-10-17 09:29:03,12300.0,500.0,1342862.0
652,2021-10-17 09:28:54,12300.0,500.0,1342362.0
653,2021-10-17 09:28:53,12300.0,500.0,1341862.0
654,2021-10-17 09:28:34,12300.0,5200.0,1341362.0
655,2021-10-17 09:28:31,12300.0,200.0,1336162.0
656,2021-10-17 09:28:23,12300.0,400.0,1335962.0
657,2021-10-17 09:28:18,12300.0,300.0,1335562.0
658,2021-10-17 09:28:17,12300.0,300.0,1335262.0
659,2021-10-17 09:27:44,12300.0,100.0,1334962.0
660,2021-10-17 09:27:41,12300.0,1000.0,1334862.0
661,2021-10-17 09:27:08,12300.0,15000.0,1333862.0
662,2021-10-17 09:27:04,12400.0,1000.0,1318862.0
663,2021-10-17 09:26:54,12400.0,300.0,1317862.0
664,2021-10-17 09:26:45,12400.0,700.0,1317562.0
665,2021-10-17 09:26:34,12400.0,200.0,1316862.0
666,2021-10-17 09:26:33,12400.0,1600.0,1316662.0
667,2021-10-17 09:26:30,12400.0,300.0,1315062.0
668,2021-10-17 09:26:21,12400.0,1200.0,1314762.0
669,2021-10-17 09:26:06,12400.0,300.0,1313562.0
670,2021-10-17 09:26:03,12400.0,500.0,1313262.0
671,2021-10-17 09:26:02,12400.0,7000.0,1312762.0
672,2021-10-17 09:25:47,12400.0,200.0,1305762.0
673,2021-10-17 09:25:42,12400.0,10000.0,1305562.0
674,2021-10-17 09:25:26,12400.0,200.0,1295562.0
675,2021-10-17 09:25:25,12400.0,8000.0,1295362.0
676,2021-10-17 09:25:11,12400.0,100.0,1287362.0
677,2021-10-17 09:24:51,12400.0,1500.0,1287262.0
678,2021-10-17 09:24:47,12400.0,1900.0,1285762.0
679,2021-10-17 09:24:46,12400.0,3800.0,1283862.0
680,2021-10-17 09:24:41,12400.0,1000.0,1280062.0
681,2021-10-17 09:24:29,12400.0,10000.0,1279062.0
682,2021-10-17 09:24:04,12400.0,1000.0,1269062.0
683,2021-10-17 09:24:01,12400.0,5000.0,1268062.0
684,2021-10-17 09:23:57,12400.0,200.0,1263062.0
685,2021-10-17 09:23:49,12400.0,1000.0,1262862.0
686,2021-10-17 09:23:46,12300.0,4000.0,1261862.0
687,2021-10-17 09:23:16,12400.0,600.0,1257862.0
688,2021-10-17 09:23:15,12400.0,17300.0,1257262.0
689,2021-10-17 09:23:14,12400.0,1000.0,1239962.0
690,2021-10-17 09:23:05,12400.0,400.0,1238962.0
691,2021-10-17 09:23:03,12400.0,1200.0,1238562.0
692,2021-10-17 09:22:59,12400.0,800.0,1237362.0
693,2021-10-17 09:22:40,12400.0,100.0,1236562.0
694,2021-10-17 09:22:31,12400.0,200.0,1236462.0
695,2021-10-17 09:22:26,12400.0,4300.0,1236262.0
696,2021-10-17 09:22:22,12400.0,500.0,1231962.0
697,2021-10-17 09:22:07,12400.0,300.0,1231462.0
698,2021-10-17 09:22:00,12400.0,1000.0,1231162.0
699,2021-10-17 09:21:56,12400.0,300.0,1230162.0
700,2021-10-17 09:21:50,12400.0,1000.0,1229862.0
701,2021-10-17 09:21:35,12400.0,1000.0,1228862.0
702,2021-10-17 09:21:34,12400.0,800.0,1227862.0
703,2021-10-17 09:21:33,12400.0,1000.0,1227062.0
704,2021-10-17 09:21:19,12400.0,100.0,1226062.0
705,2021-10-17 09:21:09,12400.0,1200.0,1225962.0
706,2021-10-17 09:20:54,12400.0,100.0,1224762.0
707,2021-10-17 09:20:46,12300.0,300.0,1224662.0
708,2021-10-17 09:20:45,12300.0,1000.0,1224362.0
709,2021-10-17 09:20:38,12400.0,1000.0,1223362.0
710,2021-10-17 09:20:37,12400.0,3800.0,1222362.0
711,2021-10-17 09:20:29,12400.0,500.0,1218562.0
712,2021-10-17 09:20:25,12400.0,900.0,1218062.0
713,2021-10-17 09:20:18,12400.0,1000.0,1217162.0
714,2021-10-17 09:20:14,12400.0,1000.0,1216162.0
715,2021-10-17 09:20:11,12400.0,300.0,1215162.0
716,2021-10-17 09:20:09,12400.0,2000.0,1214862.0
717,2021-10-17 09:20:03,12400.0,800.0,1212862.0
718,2021-10-17 09:19:52,12400.0,100.0,1212062.0
719,2021-10-17 09:19:50,12400.0,1000.0,1211962.0
720,2021-10-17 09:19:46,12400.0,1000.0,1210962.0
721,2021-10-17 09:19:45,12400.0,1000.0,1209962.0
722,2021-10-17 09:19:39,12400.0,100.0,1208962.0
723,2021-10-17 09:19:32,12400.0,300.0,1208862.0
724,2021-10-17 09:19:29,12400.0,200.0,1208562.0
725,2021-10-17 09:19:26,12400.0,3200.0,1208362.0
726,2021-10-17 09:19:23,12400.0,3300.0,1205162.0
727,2021-10-17 09:19:22,12400.0,500.0,1201862.0
728,2021-10-17 09:19:13,12400.0,4200.0,1201362.0
729,2021-10-17 09:19:09,12400.0,20000.0,1197162.0
730,2021-10-17 09:18:56,12400.0,1500.0,1177162.0
731,2021-10-17 09:18:54,12400.0,17400.0,1175662.0
732,2021-10-17 09:18:50,12400.0,1000.0,1158262.0
733,2021-10-17 09:18:47,12400.0,500.0,1157262.0
734,2021-10-17 09:18:44,12400.0,1900.0,1156762.0
735,2021-10-17 09:18:43,12400.0,1000.0,1154862.0
736,2021-10-17 09:18:41,12400.0,10000.0,1153862.0
737,2021-10-17 09:18:38,12400.0,100.0,1143862.0
738,2021-10-17 09:18:31,12400.0,100.0,1143762.0
739,2021-10-17 09:18:27,12400.0,1000.0,1143662.0
740,2021-10-17 09:18:25,12400.0,100.0,1142662.0
741,2021-10-17 09:18:23,12400.0,15000.0,1142562.0
742,2021-10-17 09:18:18,12400.0,1000.0,1127562.0
743,2021-10-17 09:18:17,12300.0,1000.0,1126562.0
744,2021-10-17 09:18:09,12400.0,400.0,1125562.0
745,2021-10-17 09:18:06,12300.0,5000.0,1125162.0
746,2021-10-17 09:18:01,12300.0,800.0,1120162.0
747,2021-10-17 09:17:58,12400.0,200.0,1119362.0
748,2021-10-17 09:17:55,12300.0,100.0,1119162.0
749,2021-10-17 09:17:46,12300.0,100.0,1119062.0
750,2021-10-17 09:17:40,12400.0,100.0,1118962.0
751,2021-10-17 09:17:33,12400.0,10000.0,1118862.0
752,2021-10-17 09:17:26,12300.0,1000.0,1108862.0
753,2021-10-17 09:17:22,12300.0,1000.0,1107862.0
754,2021-10-17 09:17:16,12300.0,200.0,1106862.0
755,2021-10-17 09:17:04,12300.0,2000.0,1106662.0
756,2021-10-17 09:16:56,12300.0,3200.0,1104662.0
757,2021-10-17 09:16:54,12300.0,100.0,1101462.0
758,2021-10-17 09:16:46,12300.0,20000.0,1101362.0
759,2021-10-17 09:16:45,12300.0,1000.0,1081362.0
760,2021-10-17 09:16:35,12200.0,5000.0,1080362.0
761,2021-10-17 09:16:33,12300.0,200.0,1075362.0
762,2021-10-17 09:16:29,12300.0,1000.0,1075162.0
763,2021-10-17 09:16:28,12300.0,200.0,1074162.0
764,2021-10-17 09:16:22,12300.0,100.0,1073962.0
765,2021-10-17 09:16:21,12300.0,1000.0,1073862.0
766,2021-10-17 09:16:10,12300.0,5000.0,1072862.0
767,2021-10-17 09:16:09,12300.0,500.0,1067862.0
768,2021-10-17 09:16:04,12200.0,30000.0,1067362.0
769,2021-10-17 09:16:00,12300.0,200.0,1037362.0
770,2021-10-17 09:15:52,12300.0,4200.0,1037162.0
771,2021-10-17 09:15:50,12300.0,3000.0,1032962.0
772,2021-10-17 09:15:49,12300.0,11000.0,1029962.0
773,2021-10-17 09:15:43,12300.0,30000.0,1018962.0
774,2021-10-17 09:15:41,12300.0,2000.0,988962.0
775,2021-10-17 09:15:38,12200.0,10500.0,986962.0
776,2021-10-17 09:15:29,12300.0,2000.0,976462.0
777,2021-10-17 09:15:22,12200.0,2000.0,974462.0
778,2021-10-17 09:15:20,12200.0,600.0,972462.0
779,2021-10-17 09:15:14,12200.0,200.0,971862.0
780,2021-10-17 09:15:11,12200.0,100.0,971662.0
781,2021-10-17 09:15:10,12300.0,500.0,971562.0
782,2021-10-17 09:14:50,12200.0,1800.0,971062.0
783,2021-10-17 09:14:46,12200.0,1000.0,969262.0
784,2021-10-17 09:14:44,12100.0,200.0,968262.0
785,2021-10-17 09:14:43,12100.0,2300.0,968062.0
786,2021-10-17 09:14:38,12200.0,6100.0,965762.0
787,2021-10-17 09:14:36,12100.0,2400.0,959662.0
788,2021-10-17 09:14:32,12200.0,17000.0,957262.0
789,2021-10-17 09:14:29,12200.0,100.0,940262.0
790,2021-10-17 09:14:28,12200.0,3000.0,940162.0
791,2021-10-17 09:14:24,12200.0,1000.0,937162.0
792,2021-10-17 09:14:22,12100.0,2000.0,936162.0
793,2021-10-17 09:14:14,12100.0,1000.0,934162.0
794,2021-10-17 09:14:09,12200.0,200.0,933162.0
795,2021-10-17 09:13:52,12200.0,3300.0,932962.0
796,2021-10-17 09:13:49,12200.0,2000.0,929662.0
797,2021-10-17 09:13:46,12200.0,3000.0,927662.0
798,2021-10-17 09:13:40,12200.0,2000.0,924662.0
799,2021-10-17 09:13:33,12200.0,5000.0,922662.0
800,2021-10-17 09:13:32,12300.0,500.0,917662.0
801,2021-10-17 09:13:26,12200.0,500.0,917162.0
802,2021-10-17 09:13:23,12200.0,5300.0,916662.0
803,2021-10-17 09:13:22,12200.0,2000.0,911362.0
804,2021-10-17 09:13:20,12300.0,200.0,909362.0
805,2021-10-17 09:13:17,12200.0,100.0,909162.0
806,2021-10-17 09:13:10,12200.0,200.0,909062.0
807,2021-10-17 09:13:09,12200.0,1049.0,908862.0
808,2021-10-17 09:12:56,12200.0,5000.0,907813.0
809,2021-10-17 09:12:53,12300.0,300.0,902813.0
810,2021-10-17 09:12:46,12300.0,100.0,902513.0
811,2021-10-17 09:12:44,12300.0,250.0,902413.0
812,2021-10-17 09:12:30,12300.0,100.0,902163.0
813,2021-10-17 09:12:24,12300.0,1700.0,902063.0
814,2021-10-17 09:12:21,12300.0,1300.0,900363.0
815,2021-10-17 09:12:20,12300.0,1700.0,899063.0
816,2021-10-17 09:12:19,12300.0,300.0,897363.0
817,2021-10-17 09:12:18,12300.0,6700.0,897063.0
818,2021-10-17 09:12:17,12300.0,5000.0,890363.0
819,2021-10-17 09:12:14,12300.0,100.0,885363.0
820,2021-10-17 09:12:13,12300.0,100.0,885263.0
821,2021-10-17 09:12:12,12300.0,200.0,885163.0
822,2021-10-17 09:12:10,12300.0,3.0,884963.0
823,2021-10-17 09:11:58,12300.0,1000.0,884960.0
824,2021-10-17 09:11:55,12300.0,1200.0,883960.0
825,2021-10-17 09:11:52,12300.0,500.0,882760.0
826,2021-10-17 09:11:47,12300.0,19100.0,882260.0
827,2021-10-17 09:11:46,12400.0,3600.0,863160.0
828,2021-10-17 09:11:35,12300.0,1300.0,859560.0
829,2021-10-17 09:11:31,12300.0,2800.0,858260.0
830,2021-10-17 09:11:17,12400.0,300.0,855460.0
831,2021-10-17 09:11:11,12400.0,500.0,855160.0
832,2021-10-17 09:11:10,12400.0,10000.0,854660.0
833,2021-10-17 09:11:08,12300.0,25000.0,844660.0
834,2021-10-17 09:11:05,12400.0,1000.0,819660.0
835,2021-10-17 09:11:04,12300.0,1000.0,818660.0
836,2021-10-17 09:11:00,12300.0,600.0,817660.0
837,2021-10-17 09:10:56,12400.0,15000.0,817060.0
838,2021-10-17 09:10:54,12400.0,200.0,802060.0
839,2021-10-17 09:10:43,12400.0,400.0,801860.0
840,2021-10-17 09:10:41,12400.0,200.0,801460.0
841,2021-10-17 09:10:39,12300.0,3000.0,801260.0
842,2021-10-17 09:10:36,12400.0,15000.0,798260.0
843,2021-10-17 09:10:34,12300.0,200.0,783260.0
844,2021-10-17 09:10:28,12300.0,2000.0,783060.0
845,2021-10-17 09:10:21,12400.0,100.0,781060.0
846,2021-10-17 09:10:18,12300.0,100.0,780960.0
847,2021-10-17 09:10:16,12400.0,500.0,780860.0
848,2021-10-17 09:10:09,12400.0,10000.0,780360.0
849,2021-10-17 09:10:00,12300.0,100.0,770360.0
850,2021-10-17 09:09:54,12400.0,2300.0,770260.0
851,2021-10-17 09:09:45,12300.0,1000.0,767960.0
852,2021-10-17 09:09:42,12300.0,200.0,766960.0
853,2021-10-17 09:09:41,12400.0,100.0,766760.0
854,2021-10-17 09:09:39,12400.0,12000.0,766660.0
855,2021-10-17 09:09:36,12400.0,100.0,754660.0
856,2021-10-17 09:09:25,12400.0,800.0,754560.0
857,2021-10-17 09:09:23,12300.0,7000.0,753760.0
858,2021-10-17 09:09:22,12300.0,5000.0,746760.0
859,2021-10-17 09:09:13,12300.0,13700.0,741760.0
860,2021-10-17 09:09:10,12400.0,500.0,728060.0
861,2021-10-17 09:09:09,12400.0,100.0,727560.0
862,2021-10-17 09:09:03,12400.0,2000.0,727460.0
863,2021-10-17 09:08:58,12500.0,40000.0,725460.0
864,2021-10-17 09:08:57,12400.0,1000.0,685460.0
865,2021-10-17 09:08:46,12500.0,3300.0,684460.0
866,2021-10-17 09:08:44,12500.0,1100.0,681160.0
867,2021-10-17 09:08:40,12500.0,200.0,680060.0
868,2021-10-17 09:08:39,12500.0,2500.0,679860.0
869,2021-10-17 09:08:38,12500.0,10000.0,677360.0
870,2021-10-17 09:08:35,12400.0,500.0,667360.0
871,2021-10-17 09:08:33,12400.0,16100.0,666860.0
872,2021-10-17 09:08:29,12500.0,100.0,650760.0
873,2021-10-17 09:08:28,12500.0,2200.0,650660.0
874,2021-10-17 09:08:26,12400.0,900.0,648460.0
875,2021-10-17 09:08:15,12500.0,400.0,647560.0
876,2021-10-17 09:08:06,12500.0,300.0,647160.0
877,2021-10-17 09:08:01,12500.0,100.0,646860.0
878,2021-10-17 09:07:53,12500.0,1600.0,646760.0
879,2021-10-17 09:07:52,12500.0,1000.0,645160.0
880,2021-10-17 09:07:47,12500.0,1000.0,644160.0
881,2021-10-17 09:07:45,12500.0,1300.0,643160.0
882,2021-10-17 09:07:43,12500.0,400.0,641860.0
883,2021-10-17 09:07:37,12500.0,10000.0,641460.0
884,2021-10-17 09:07:35,12500.0,5000.0,631460.0
885,2021-10-17 09:07:29,12500.0,20300.0,626460.0
886,2021-10-17 09:07:27,12500.0,2700.0,606160.0
887,2021-10-17 09:07:22,12500.0,500.0,603460.0
888,2021-10-17 09:07:17,12500.0,6000.0,602960.0
889,2021-10-17 09:07:16,12500.0,100.0,596960.0
890,2021-10-17 09:07:15,12500.0,100.0,596860.0
891,2021-10-17 09:07:14,12500.0,3000.0,596760.0
892,2021-10-17 09:07:13,12500.0,5000.0,593760.0
893,2021-10-17 09:07:12,12500.0,11000.0,588760.0
894,2021-10-17 09:07:11,12600.0,100.0,577760.0
895,2021-10-17 09:07:09,12500.0,300.0,577660.0
896,2021-10-17 09:07:07,12500.0,11900.0,577360.0
897,2021-10-17 09:06:58,12600.0,8000.0,565460.0
898,2021-10-17 09:06:55,12500.0,30000.0,557460.0
899,2021-10-17 09:06:48,12500.0,500.0,527460.0
900,2021-10-17 09:06:47,12600.0,100.0,526960.0
901,2021-10-17 09:06:41,12600.0,200.0,526860.0
902,2021-10-17 09:06:39,12500.0,700.0,526660.0
903,2021-10-17 09:06:37,12500.0,100.0,525960.0
904,2021-10-17 09:06:33,12500.0,300.0,525860.0
905,2021-10-17 09:06:32,12500.0,500.0,525560.0
906,2021-10-17 09:06:24,12600.0,500.0,525060.0
907,2021-10-17 09:06:22,12600.0,300.0,524560.0
908,2021-10-17 09:06:15,12600.0,2500.0,524260.0
909,2021-10-17 09:06:13,12600.0,2000.0,521760.0
910,2021-10-17 09:06:11,12500.0,30100.0,519760.0
911,2021-10-17 09:06:09,12600.0,500.0,489660.0
912,2021-10-17 09:06:08,12600.0,700.0,489160.0
913,2021-10-17 09:06:07,12600.0,3000.0,488460.0
914,2021-10-17 09:06:06,12600.0,1000.0,485460.0
915,2021-10-17 09:06:05,12600.0,3000.0,484460.0
916,2021-10-17 09:05:59,12600.0,2500.0,481460.0
917,2021-10-17 09:05:55,12600.0,11100.0,478960.0
918,2021-10-17 09:05:48,12600.0,1800.0,467860.0
919,2021-10-17 09:05:45,12600.0,200.0,466060.0
920,2021-10-17 09:05:44,12600.0,3500.0,465860.0
921,2021-10-17 09:05:43,12600.0,100.0,462360.0
922,2021-10-17 09:05:40,12600.0,2000.0,462260.0
923,2021-10-17 09:05:39,12500.0,300.0,460260.0
924,2021-10-17 09:05:38,12600.0,10000.0,459960.0
925,2021-10-17 09:05:25,12600.0,5000.0,449960.0
926,2021-10-17 09:05:21,12500.0,10000.0,444960.0
927,2021-10-17 09:05:13,12600.0,2100.0,434960.0
928,2021-10-17 09:05:11,12500.0,6000.0,432860.0
929,2021-10-17 09:05:08,12600.0,300.0,426860.0
930,2021-10-17 09:05:03,12600.0,10.0,426560.0
931,2021-10-17 09:04:58,12600.0,500.0,426550.0
932,2021-10-17 09:04:55,12600.0,5000.0,426050.0
933,2021-10-17 09:04:52,12500.0,200.0,421050.0
934,2021-10-17 09:04:51,12600.0,5000.0,420850.0
935,2021-10-17 09:04:48,12500.0,1400.0,415850.0
936,2021-10-17 09:04:45,12500.0,1000.0,414450.0
937,2021-10-17 09:04:39,12600.0,100.0,413450.0
938,2021-10-17 09:04:37,12600.0,400.0,413350.0
939,2021-10-17 09:04:36,12600.0,2000.0,412950.0
940,2021-10-17 09:04:34,12600.0,1000.0,410950.0
941,2021-10-17 09:04:33,12500.0,200.0,409950.0
942,2021-10-17 09:04:32,12600.0,20000.0,409750.0
943,2021-10-17 09:04:25,12600.0,1000.0,389750.0
944,2021-10-17 09:04:22,12600.0,100.0,388750.0
945,2021-10-17 09:04:19,12500.0,13000.0,388650.0
946,2021-10-17 09:04:18,12600.0,5000.0,375650.0
947,2021-10-17 09:04:12,12500.0,5000.0,370650.0
948,2021-10-17 09:04:11,12500.0,100.0,365650.0
949,2021-10-17 09:04:08,12600.0,1700.0,365550.0
950,2021-10-17 09:04:04,12500.0,200.0,363850.0
951,2021-10-17 09:04:02,12500.0,200.0,363650.0
952,2021-10-17 09:03:59,12600.0,5000.0,363450.0
953,2021-10-17 09:03:57,12600.0,7850.0,358450.0
954,2021-10-17 09:03:56,12500.0,33000.0,350600.0
955,2021-10-17 09:03:55,12500.0,200.0,317600.0
956,2021-10-17 09:03:53,12600.0,100.0,317400.0
957,2021-10-17 09:03:48,12600.0,200.0,317300.0
958,2021-10-17 09:03:42,12600.0,1000.0,317100.0
959,2021-10-17 09:03:39,12500.0,500.0,316100.0
960,2021-10-17 09:03:32,12600.0,5000.0,315600.0
961,2021-10-17 09:03:31,12500.0,100.0,310600.0
962,2021-10-17 09:03:29,12600.0,400.0,310500.0
963,2021-10-17 09:03:25,12500.0,17800.0,310100.0
964,2021-10-17 09:03:24,12500.0,1100.0,292300.0
965,2021-10-17 09:03:22,12500.0,500.0,291200.0
966,2021-10-17 09:03:20,12500.0,2000.0,290700.0
967,2021-10-17 09:03:18,12500.0,1100.0,288700.0
968,2021-10-17 09:03:17,12500.0,500.0,287600.0
969,2021-10-17 09:03:16,12500.0,100.0,287100.0
970,2021-10-17 09:03:13,12500.0,4000.0,287000.0
971,2021-10-17 09:03:12,12500.0,11000.0,283000.0
972,2021-10-17 09:03:09,12500.0,500.0,272000.0
973,2021-10-17 09:03:04,12500.0,300.0,271500.0
974,2021-10-17 09:03:03,12400.0,1000.0,271200.0
975,2021-10-17 09:03:02,12500.0,2000.0,270200.0
976,2021-10-17 09:03:01,12500.0,5000.0,268200.0
977,2021-10-17 09:03:00,12500.0,2000.0,263200.0
978,2021-10-17 09:02:58,12500.0,28300.0,261200.0
979,2021-10-17 09:02:53,12500.0,6000.0,232900.0
980,2021-10-17 09:02:52,12400.0,10000.0,226900.0
981,2021-10-17 09:02:51,12400.0,200.0,216900.0
982,2021-10-17 09:02:50,12500.0,5100.0,216700.0
983,2021-10-17 09:02:49,12200.0,31700.0,211600.0
984,2021-10-17 09:02:44,12500.0,1000.0,179900.0
985,2021-10-17 09:02:42,12400.0,1000.0,178900.0
986,2021-10-17 09:02:41,12500.0,2000.0,177900.0
987,2021-10-17 09:02:40,12500.0,1000.0,175900.0
988,2021-10-17 09:02:38,12500.0,200.0,174900.0
989,2021-10-17 09:02:37,12500.0,300.0,174700.0
990,2021-10-17 09:02:33,12500.0,2000.0,174400.0
991,2021-10-17 09:02:22,12500.0,10000.0,172400.0
992,2021-10-17 09:02:18,12500.0,300.0,162400.0
993,2021-10-17 09:02:17,12500.0,1000.0,162100.0
994,2021-10-17 09:02:16,12400.0,5000.0,161100.0
995,2021-10-17 09:02:14,12500.0,100.0,156100.0
996,2021-10-17 09:02:13,12400.0,200.0,156000.0
997,2021-10-17 09:02:10,12500.0,2900.0,155800.0
998,2021-10-17 09:02:09,12500.0,1200.0,152900.0
999,2021-10-17 09:02:08,12400.0,400.0,151700.0
1000,2021-10-17 09:02:07,12400.0,5000.0,151300.0
1001,2021-10-17 09:02:06,12400.0,600.0,146300.0
1002,2021-10-17 09:02:02,12500.0,900.0,145700.0
1003,2021-10-17 09:01:57,12400.0,8600.0,144800.0
1004,2021-10-17 09:01:51,12400.0,3000.0,136200.0
1005,2021-10-17 09:01:50,12400.0,200.0,133200.0
1006,2021-10-17 09:01:47,12400.0,4700.0,133000.0
1007,2021-10-17 09:01:43,12400.0,2400.0,128300.0
1008,2021-10-17 09:01:41,12400.0,1000.0,125900.0
1009,2021-10-17 09:01:38,12400.0,10000.0,124900.0
1010,2021-10-17 09:01:32,12400.0,400.0,114900.0
1011,2021-10-17 09:01:31,12400.0,600.0,114500.0
1012,2021-10-17 09:01:29,12000.0,29700.0,113900.0
1013,2021-10-17 09:01:28,12000.0,20300.0,84200.0
1014,2021-10-17 09:01:26,12400.0,10000.0,63900.0
1015,2021-10-17 09:01:24,12400.0,3000.0,53900.0
1016,2021-10-17 09:01:22,12400.0,14000.0,50900.0
1017,2021-10-17 09:01:17,12400.0,200.0,36900.0
1018,2021-10-17 09:01:16,12400.0,200.0,36700.0
1019,2021-10-17 09:01:12,12400.0,300.0,36500.0
1020,2021-10-17 09:01:08,12400.0,600.0,36200.0
1021,2021-10-17 09:01:03,12400.0,200.0,35600.0
1022,2021-10-17 09:00:49,12300.0,1900.0,35400.0
1023,2021-10-17 09:00:48,12200.0,1000.0,33500.0
1024,2021-10-17 09:00:36,12200.0,100.0,32500.0
1025,2021-10-17 09:00:30,12000.0,1000.0,32400.0
1026,2021-10-17 09:00:28,12200.0,1000.0,31400.0
1027,2021-10-17 09:00:23,12200.0,1200.0,30400.0
1028,2021-10-17 09:00:21,12000.0,200.0,29200.0
1029,2021-10-17 09:00:19,12000.0,2000.0,29000.0
1030,2021-10-17 09:00:17,12200.0,2000.0,27000.0
1031,2021-10-17 09:00:16,12000.0,200.0,25000.0
1032,2021-10-17 09:00:15,12000.0,1000.0,24800.0
1033,2021-10-17 09:00:13,12000.0,500.0,23800.0
1034,2021-10-17 09:00:12,12000.0,200.0,23300.0
1035,2021-10-17 09:00:07,12000.0,500.0,23100.0
1036,2021-10-17 09:00:06,12000.0,2600.0,22600.0
1037,2021-10-17 09:00:02,12400.0,20000.0,20000.0
