,Time,Price,Volume_per_trade,Volume
0,2021-10-19 07:45:01,66400.0,100.0,510700.0
1,2021-10-19 07:45:01,66400.0,100.0,510600.0
2,2021-10-19 07:45:01,66400.0,100.0,510500.0
3,2021-10-19 07:45:01,66400.0,100.0,510400.0
4,2021-10-19 07:45:01,66400.0,500.0,510300.0
5,2021-10-19 07:45:01,66400.0,500.0,509800.0
6,2021-10-19 07:45:01,66400.0,500.0,509300.0
7,2021-10-19 07:45:01,66400.0,100.0,508800.0
8,2021-10-19 07:45:01,66400.0,400.0,508700.0
9,2021-10-19 07:45:01,66400.0,400.0,508300.0
10,2021-10-19 07:45:01,66400.0,600.0,507900.0
11,2021-10-19 07:45:01,66400.0,100.0,507300.0
12,2021-10-19 07:45:01,66400.0,800.0,507200.0
13,2021-10-19 07:45:01,66400.0,600.0,506400.0
14,2021-10-19 07:45:01,66400.0,400.0,505800.0
15,2021-10-19 07:45:01,66400.0,100.0,505400.0
16,2021-10-19 07:45:01,66400.0,400.0,505300.0
17,2021-10-19 07:45:01,66400.0,2600.0,504900.0
18,2021-10-19 07:45:01,66400.0,200.0,502300.0
19,2021-10-19 07:45:01,66400.0,100.0,502100.0
20,2021-10-19 07:29:01,66200.0,200.0,502000.0
21,2021-10-19 07:28:53,66200.0,100.0,501800.0
22,2021-10-19 07:28:39,66200.0,200.0,501700.0
23,2021-10-19 07:28:31,66200.0,300.0,501500.0
24,2021-10-19 07:28:24,66200.0,100.0,501200.0
25,2021-10-19 07:28:23,66200.0,400.0,501100.0
26,2021-10-19 07:28:01,66200.0,300.0,500700.0
27,2021-10-19 07:27:52,66100.0,100.0,500400.0
28,2021-10-19 07:27:35,66200.0,900.0,500300.0
29,2021-10-19 07:27:24,66200.0,1000.0,499400.0
30,2021-10-19 07:26:57,66200.0,300.0,498400.0
31,2021-10-19 07:26:57,66200.0,100.0,498100.0
32,2021-10-19 07:26:33,66200.0,300.0,498000.0
33,2021-10-19 07:25:00,66200.0,800.0,497700.0
34,2021-10-19 07:25:00,66100.0,100.0,496900.0
35,2021-10-19 07:24:35,66100.0,100.0,496800.0
36,2021-10-19 07:24:33,66100.0,400.0,496700.0
37,2021-10-19 07:24:33,66100.0,100.0,496300.0
38,2021-10-19 07:24:33,66100.0,100.0,496200.0
39,2021-10-19 07:24:33,66100.0,200.0,496100.0
40,2021-10-19 07:23:54,66300.0,200.0,495900.0
41,2021-10-19 07:23:33,66300.0,500.0,495700.0
42,2021-10-19 07:23:33,66200.0,500.0,495200.0
43,2021-10-19 07:22:46,66200.0,300.0,494700.0
44,2021-10-19 07:22:46,66200.0,200.0,494400.0
45,2021-10-19 07:22:43,66300.0,100.0,494200.0
46,2021-10-19 07:22:14,66300.0,900.0,494100.0
47,2021-10-19 07:22:13,66200.0,200.0,493200.0
48,2021-10-19 07:22:09,66200.0,100.0,493000.0
49,2021-10-19 07:22:09,66200.0,400.0,492900.0
50,2021-10-19 07:22:09,66200.0,400.0,492500.0
51,2021-10-19 07:20:34,66100.0,100.0,492100.0
52,2021-10-19 07:18:31,66100.0,300.0,492000.0
53,2021-10-19 07:18:30,66200.0,300.0,491700.0
54,2021-10-19 07:18:08,66200.0,100.0,491400.0
55,2021-10-19 07:18:06,66200.0,300.0,491300.0
56,2021-10-19 07:17:44,66200.0,200.0,491000.0
57,2021-10-19 07:17:35,66200.0,500.0,490800.0
58,2021-10-19 07:17:35,66200.0,100.0,490300.0
59,2021-10-19 07:17:03,66200.0,200.0,490200.0
60,2021-10-19 07:15:32,66200.0,200.0,490000.0
61,2021-10-19 07:15:32,66200.0,200.0,489800.0
62,2021-10-19 07:15:32,66200.0,100.0,489600.0
63,2021-10-19 07:15:32,66200.0,500.0,489500.0
64,2021-10-19 07:15:10,66200.0,2500.0,489000.0
65,2021-10-19 07:15:10,66200.0,200.0,486500.0
66,2021-10-19 07:15:10,66200.0,2300.0,486300.0
67,2021-10-19 07:14:43,66200.0,1700.0,484000.0
68,2021-10-19 07:14:43,66200.0,200.0,482300.0
69,2021-10-19 07:14:43,66200.0,100.0,482100.0
70,2021-10-19 07:12:57,66300.0,800.0,482000.0
71,2021-10-19 07:12:57,66300.0,100.0,481200.0
72,2021-10-19 07:11:13,66300.0,500.0,481100.0
73,2021-10-19 07:11:13,66300.0,200.0,480600.0
74,2021-10-19 07:11:13,66300.0,200.0,480400.0
75,2021-10-19 07:10:13,66300.0,100.0,480200.0
76,2021-10-19 07:09:23,66300.0,500.0,480100.0
77,2021-10-19 07:09:08,66300.0,100.0,479600.0
78,2021-10-19 07:09:08,66300.0,100.0,479500.0
79,2021-10-19 07:08:27,66300.0,100.0,479400.0
80,2021-10-19 07:07:44,66300.0,2800.0,479300.0
81,2021-10-19 07:07:44,66300.0,200.0,476500.0
82,2021-10-19 07:07:05,66400.0,100.0,476300.0
83,2021-10-19 07:06:13,66400.0,300.0,476200.0
84,2021-10-19 07:06:13,66400.0,1000.0,475900.0
85,2021-10-19 07:06:13,66400.0,2000.0,474900.0
86,2021-10-19 07:06:13,66400.0,100.0,472900.0
87,2021-10-19 07:05:54,66500.0,200.0,472800.0
88,2021-10-19 07:05:46,66500.0,200.0,472600.0
89,2021-10-19 07:05:44,66500.0,200.0,472400.0
90,2021-10-19 07:05:44,66500.0,4200.0,472200.0
91,2021-10-19 07:05:35,66500.0,200.0,468000.0
92,2021-10-19 07:05:27,66500.0,100.0,467800.0
93,2021-10-19 07:05:02,66500.0,300.0,467700.0
94,2021-10-19 07:04:02,66500.0,200.0,467400.0
95,2021-10-19 07:03:49,66500.0,100.0,467200.0
96,2021-10-19 07:03:35,66500.0,500.0,467100.0
97,2021-10-19 07:02:51,66500.0,600.0,466600.0
98,2021-10-19 07:02:47,66500.0,5000.0,466000.0
99,2021-10-19 07:02:42,66500.0,300.0,461000.0
100,2021-10-19 07:02:35,66500.0,400.0,460700.0
101,2021-10-19 07:02:31,66500.0,400.0,460300.0
102,2021-10-19 07:02:27,66500.0,100.0,459900.0
103,2021-10-19 07:02:24,66500.0,300.0,459800.0
104,2021-10-19 07:02:18,66500.0,100.0,459500.0
105,2021-10-19 07:02:02,66500.0,2000.0,459400.0
106,2021-10-19 07:01:53,66500.0,300.0,457400.0
107,2021-10-19 07:01:53,66500.0,200.0,457100.0
108,2021-10-19 07:01:43,66500.0,300.0,456900.0
109,2021-10-19 07:01:43,66500.0,100.0,456600.0
110,2021-10-19 07:01:34,66500.0,100.0,456500.0
111,2021-10-19 07:00:50,66500.0,100.0,456400.0
112,2021-10-19 07:00:29,66400.0,500.0,456300.0
113,2021-10-19 07:00:29,66400.0,200.0,455800.0
114,2021-10-19 07:00:29,66400.0,100.0,455600.0
115,2021-10-19 07:00:29,66400.0,100.0,455500.0
116,2021-10-19 07:00:25,66400.0,200.0,455400.0
117,2021-10-19 07:00:21,66400.0,400.0,455200.0
118,2021-10-19 07:00:17,66400.0,100.0,454800.0
119,2021-10-19 07:00:07,66400.0,100.0,454700.0
120,2021-10-19 06:58:21,66400.0,100.0,454600.0
121,2021-10-19 06:58:21,66400.0,100.0,454500.0
122,2021-10-19 06:57:43,66400.0,100.0,454400.0
123,2021-10-19 06:57:43,66400.0,200.0,454300.0
124,2021-10-19 06:57:43,66400.0,500.0,454100.0
125,2021-10-19 06:57:43,66400.0,1000.0,453600.0
126,2021-10-19 06:57:43,66400.0,100.0,452600.0
127,2021-10-19 06:55:01,66400.0,500.0,452500.0
128,2021-10-19 06:53:47,66400.0,100.0,452000.0
129,2021-10-19 06:53:44,66400.0,300.0,451900.0
130,2021-10-19 06:53:44,66400.0,1000.0,451600.0
131,2021-10-19 06:53:44,66400.0,700.0,450600.0
132,2021-10-19 06:53:44,66400.0,500.0,449900.0
133,2021-10-19 06:52:30,66400.0,100.0,449400.0
134,2021-10-19 06:52:27,66500.0,100.0,449300.0
135,2021-10-19 06:51:58,66400.0,100.0,449200.0
136,2021-10-19 06:51:58,66400.0,900.0,449100.0
137,2021-10-19 06:51:57,66400.0,1000.0,448200.0
138,2021-10-19 06:51:44,66400.0,400.0,447200.0
139,2021-10-19 06:51:29,66400.0,700.0,446800.0
140,2021-10-19 06:51:14,66500.0,500.0,446100.0
141,2021-10-19 06:50:42,66500.0,500.0,445600.0
142,2021-10-19 06:50:12,66500.0,200.0,445100.0
143,2021-10-19 06:50:05,66500.0,300.0,444900.0
144,2021-10-19 06:50:05,66500.0,200.0,444600.0
145,2021-10-19 06:49:50,66600.0,500.0,444400.0
146,2021-10-19 06:49:48,66600.0,100.0,443900.0
147,2021-10-19 06:49:33,66600.0,100.0,443800.0
148,2021-10-19 06:49:27,66600.0,500.0,443700.0
149,2021-10-19 06:49:14,66600.0,1700.0,443200.0
150,2021-10-19 06:49:09,66600.0,100.0,441500.0
151,2021-10-19 06:49:04,66600.0,500.0,441400.0
152,2021-10-19 06:49:02,66600.0,4500.0,440900.0
153,2021-10-19 06:49:02,66600.0,100.0,436400.0
154,2021-10-19 06:49:02,66600.0,400.0,436300.0
155,2021-10-19 06:48:39,66600.0,100.0,435900.0
156,2021-10-19 06:48:38,66700.0,300.0,435800.0
157,2021-10-19 06:48:32,66700.0,200.0,435500.0
158,2021-10-19 06:48:16,66700.0,100.0,435300.0
159,2021-10-19 06:47:38,66700.0,100.0,435200.0
160,2021-10-19 06:47:36,66600.0,500.0,435100.0
161,2021-10-19 06:47:09,66600.0,200.0,434600.0
162,2021-10-19 06:47:09,66600.0,100.0,434400.0
163,2021-10-19 06:47:09,66600.0,300.0,434300.0
164,2021-10-19 06:46:37,66600.0,100.0,434000.0
165,2021-10-19 06:46:37,66600.0,1400.0,433900.0
166,2021-10-19 06:46:35,66700.0,300.0,432500.0
167,2021-10-19 06:46:35,66700.0,1000.0,432200.0
168,2021-10-19 06:46:35,66700.0,500.0,431200.0
169,2021-10-19 06:46:35,66700.0,100.0,430700.0
170,2021-10-19 06:46:35,66700.0,100.0,430600.0
171,2021-10-19 06:46:16,66600.0,500.0,430500.0
172,2021-10-19 06:46:14,66700.0,100.0,430000.0
173,2021-10-19 06:46:14,66700.0,100.0,429900.0
174,2021-10-19 06:46:11,66600.0,1000.0,429800.0
175,2021-10-19 06:45:19,66700.0,400.0,428800.0
176,2021-10-19 06:45:19,66700.0,100.0,428400.0
177,2021-10-19 06:45:19,66700.0,300.0,428300.0
178,2021-10-19 06:44:53,66700.0,400.0,428000.0
179,2021-10-19 06:44:50,66700.0,100.0,427600.0
180,2021-10-19 06:44:33,66700.0,100.0,427500.0
181,2021-10-19 06:44:25,66700.0,100.0,427400.0
182,2021-10-19 06:44:10,66700.0,100.0,427300.0
183,2021-10-19 06:44:01,66700.0,200.0,427200.0
184,2021-10-19 06:43:58,66700.0,500.0,427000.0
185,2021-10-19 06:43:58,66700.0,100.0,426500.0
186,2021-10-19 06:43:58,66700.0,200.0,426400.0
187,2021-10-19 06:43:58,66700.0,100.0,426200.0
188,2021-10-19 06:43:58,66700.0,100.0,426100.0
189,2021-10-19 06:43:24,66700.0,100.0,426000.0
190,2021-10-19 06:43:18,66700.0,100.0,425900.0
191,2021-10-19 06:43:13,66700.0,100.0,425800.0
192,2021-10-19 06:43:13,66700.0,400.0,425700.0
193,2021-10-19 06:42:16,66700.0,300.0,425300.0
194,2021-10-19 06:42:16,66700.0,400.0,425000.0
195,2021-10-19 06:42:16,66800.0,300.0,424600.0
196,2021-10-19 06:41:40,66800.0,100.0,424300.0
197,2021-10-19 06:41:40,66800.0,1000.0,424200.0
198,2021-10-19 06:41:40,66800.0,100.0,423200.0
199,2021-10-19 06:41:40,66800.0,500.0,423100.0
200,2021-10-19 06:41:27,66700.0,100.0,422600.0
201,2021-10-19 06:41:18,66700.0,100.0,422500.0
202,2021-10-19 06:41:18,66700.0,100.0,422400.0
203,2021-10-19 06:41:18,66700.0,100.0,422300.0
204,2021-10-19 06:41:18,66700.0,200.0,422200.0
205,2021-10-19 06:40:41,66600.0,100.0,422000.0
206,2021-10-19 06:40:41,66600.0,200.0,421900.0
207,2021-10-19 06:40:41,66500.0,1800.0,421700.0
208,2021-10-19 06:40:40,66500.0,200.0,419900.0
209,2021-10-19 06:40:30,66500.0,300.0,419700.0
210,2021-10-19 06:40:30,66500.0,700.0,419400.0
211,2021-10-19 06:40:11,66500.0,100.0,418700.0
212,2021-10-19 06:40:11,66500.0,200.0,418600.0
213,2021-10-19 06:40:11,66500.0,100.0,418400.0
214,2021-10-19 06:40:11,66500.0,300.0,418300.0
215,2021-10-19 06:40:06,66500.0,100.0,418000.0
216,2021-10-19 06:40:06,66500.0,900.0,417900.0
217,2021-10-19 06:40:05,66500.0,200.0,417000.0
218,2021-10-19 06:39:59,66500.0,1000.0,416800.0
219,2021-10-19 06:39:59,66500.0,1000.0,415800.0
220,2021-10-19 06:39:57,66500.0,200.0,414800.0
221,2021-10-19 06:39:57,66500.0,200.0,414600.0
222,2021-10-19 06:39:57,66500.0,100.0,414400.0
223,2021-10-19 06:39:57,66500.0,3200.0,414300.0
224,2021-10-19 06:39:56,66500.0,300.0,411100.0
225,2021-10-19 06:39:56,66500.0,200.0,410800.0
226,2021-10-19 06:39:50,66500.0,200.0,410600.0
227,2021-10-19 06:39:50,66500.0,200.0,410400.0
228,2021-10-19 06:39:50,66500.0,100.0,410200.0
229,2021-10-19 06:39:50,66500.0,400.0,410100.0
230,2021-10-19 06:39:44,66500.0,200.0,409700.0
231,2021-10-19 06:39:40,66500.0,100.0,409500.0
232,2021-10-19 06:39:35,66500.0,300.0,409400.0
233,2021-10-19 06:39:35,66500.0,500.0,409100.0
234,2021-10-19 06:39:20,66400.0,100.0,408600.0
235,2021-10-19 06:39:20,66400.0,1000.0,408500.0
236,2021-10-19 06:39:20,66400.0,200.0,407500.0
237,2021-10-19 06:39:00,66300.0,400.0,407300.0
238,2021-10-19 06:38:14,66200.0,200.0,406900.0
239,2021-10-19 06:38:07,66200.0,1500.0,406700.0
240,2021-10-19 06:37:50,66200.0,200.0,405200.0
241,2021-10-19 06:37:38,66200.0,200.0,405000.0
242,2021-10-19 06:37:25,66200.0,200.0,404800.0
243,2021-10-19 06:37:16,66200.0,1000.0,404600.0
244,2021-10-19 06:36:59,66200.0,100.0,403600.0
245,2021-10-19 06:36:58,66200.0,400.0,403500.0
246,2021-10-19 06:36:56,66200.0,200.0,403100.0
247,2021-10-19 06:36:44,66200.0,100.0,402900.0
248,2021-10-19 06:36:44,66200.0,300.0,402800.0
249,2021-10-19 06:36:44,66200.0,100.0,402500.0
250,2021-10-19 06:36:44,66200.0,200.0,402400.0
251,2021-10-19 06:36:39,66300.0,100.0,402200.0
252,2021-10-19 06:36:39,66300.0,100.0,402100.0
253,2021-10-19 06:36:26,66200.0,300.0,402000.0
254,2021-10-19 06:36:26,66200.0,200.0,401700.0
255,2021-10-19 06:36:26,66200.0,300.0,401500.0
256,2021-10-19 06:36:24,66200.0,100.0,401200.0
257,2021-10-19 06:36:22,66200.0,100.0,401100.0
258,2021-10-19 06:36:22,66200.0,100.0,401000.0
259,2021-10-19 06:36:22,66200.0,300.0,400900.0
260,2021-10-19 06:36:12,66200.0,500.0,400600.0
261,2021-10-19 06:36:10,66200.0,500.0,400100.0
262,2021-10-19 06:36:10,66200.0,100.0,399600.0
263,2021-10-19 06:36:10,66200.0,400.0,399500.0
264,2021-10-19 06:36:06,66200.0,200.0,399100.0
265,2021-10-19 06:36:00,66200.0,700.0,398900.0
266,2021-10-19 06:35:58,66200.0,700.0,398200.0
267,2021-10-19 06:35:55,66200.0,800.0,397500.0
268,2021-10-19 06:35:52,66200.0,1200.0,396700.0
269,2021-10-19 06:35:52,66200.0,800.0,395500.0
270,2021-10-19 06:35:46,66200.0,200.0,394700.0
271,2021-10-19 06:35:46,66200.0,100.0,394500.0
272,2021-10-19 06:35:46,66200.0,200.0,394400.0
273,2021-10-19 06:35:46,66200.0,300.0,394200.0
274,2021-10-19 06:35:38,66200.0,100.0,393900.0
275,2021-10-19 06:35:28,66100.0,100.0,393800.0
276,2021-10-19 06:35:28,66100.0,100.0,393700.0
277,2021-10-19 06:34:32,66100.0,100.0,393600.0
278,2021-10-19 06:34:20,66100.0,100.0,393500.0
279,2021-10-19 06:34:20,66100.0,100.0,393400.0
280,2021-10-19 06:34:06,66100.0,200.0,393300.0
281,2021-10-19 06:33:40,66100.0,100.0,393100.0
282,2021-10-19 06:33:06,66000.0,300.0,393000.0
283,2021-10-19 06:33:06,66000.0,100.0,392700.0
284,2021-10-19 06:33:06,66000.0,100.0,392600.0
285,2021-10-19 06:32:03,66000.0,900.0,392500.0
286,2021-10-19 06:31:56,66000.0,100.0,391600.0
287,2021-10-19 06:31:46,66000.0,200.0,391500.0
288,2021-10-19 06:31:43,66000.0,400.0,391300.0
289,2021-10-19 06:31:29,66000.0,300.0,390900.0
290,2021-10-19 06:31:20,66000.0,100.0,390600.0
291,2021-10-19 06:30:50,66000.0,200.0,390500.0
292,2021-10-19 06:30:50,66000.0,300.0,390300.0
293,2021-10-19 06:30:50,66000.0,200.0,390000.0
294,2021-10-19 06:30:48,66000.0,500.0,389800.0
295,2021-10-19 06:30:39,66000.0,200.0,389300.0
296,2021-10-19 06:30:39,66000.0,200.0,389100.0
297,2021-10-19 06:30:38,66000.0,300.0,388900.0
298,2021-10-19 06:30:38,66000.0,500.0,388600.0
299,2021-10-19 06:30:38,66000.0,200.0,388100.0
300,2021-10-19 06:30:28,66000.0,300.0,387900.0
301,2021-10-19 06:30:28,66000.0,200.0,387600.0
302,2021-10-19 06:30:28,66000.0,100.0,387400.0
303,2021-10-19 06:30:28,66000.0,900.0,387300.0
304,2021-10-19 06:30:27,66000.0,300.0,386400.0
305,2021-10-19 06:30:24,66000.0,100.0,386100.0
306,2021-10-19 06:30:24,66000.0,100.0,386000.0
307,2021-10-19 06:30:24,66000.0,400.0,385900.0
308,2021-10-19 06:30:21,66000.0,600.0,385500.0
309,2021-10-19 06:30:21,66000.0,100.0,384900.0
310,2021-10-19 06:30:21,66000.0,300.0,384800.0
311,2021-10-19 06:30:21,66000.0,500.0,384500.0
312,2021-10-19 06:30:21,66000.0,200.0,384000.0
313,2021-10-19 06:30:21,66000.0,200.0,383800.0
314,2021-10-19 06:30:21,66000.0,700.0,383600.0
315,2021-10-19 06:30:21,66000.0,200.0,382900.0
316,2021-10-19 06:30:21,66000.0,500.0,382700.0
317,2021-10-19 06:30:21,66000.0,200.0,382200.0
318,2021-10-19 06:30:21,66000.0,100.0,382000.0
319,2021-10-19 06:30:19,66000.0,100.0,381900.0
320,2021-10-19 06:30:18,66000.0,100.0,381800.0
321,2021-10-19 06:30:09,66000.0,2000.0,381700.0
322,2021-10-19 06:29:43,66000.0,1000.0,379700.0
323,2021-10-19 06:29:36,66000.0,1100.0,378700.0
324,2021-10-19 06:29:36,66000.0,200.0,377600.0
325,2021-10-19 06:29:36,66000.0,3500.0,377400.0
326,2021-10-19 06:29:36,66000.0,200.0,373900.0
327,2021-10-19 06:29:10,66000.0,1200.0,373700.0
328,2021-10-19 06:29:06,66000.0,4100.0,372500.0
329,2021-10-19 06:29:06,66000.0,100.0,368400.0
330,2021-10-19 06:29:06,66000.0,1000.0,368300.0
331,2021-10-19 06:29:06,66000.0,600.0,367300.0
332,2021-10-19 06:29:06,66000.0,100.0,366700.0
333,2021-10-19 06:25:43,65900.0,1200.0,366600.0
334,2021-10-19 06:25:43,65900.0,300.0,365400.0
335,2021-10-19 06:25:43,65900.0,800.0,365100.0
336,2021-10-19 06:25:31,66000.0,100.0,364300.0
337,2021-10-19 06:25:31,66000.0,400.0,364200.0
338,2021-10-19 06:25:30,66000.0,100.0,363800.0
339,2021-10-19 06:25:30,66000.0,100.0,363700.0
340,2021-10-19 06:25:27,66000.0,100.0,363600.0
341,2021-10-19 06:25:27,66000.0,4500.0,363500.0
342,2021-10-19 06:25:27,66000.0,500.0,359000.0
343,2021-10-19 06:24:45,65900.0,700.0,358500.0
344,2021-10-19 06:24:45,65900.0,1300.0,357800.0
345,2021-10-19 06:24:41,66000.0,100.0,356500.0
346,2021-10-19 06:24:41,66000.0,100.0,356400.0
347,2021-10-19 06:24:41,66000.0,100.0,356300.0
348,2021-10-19 06:24:11,66000.0,100.0,356200.0
349,2021-10-19 06:24:11,66000.0,100.0,356100.0
350,2021-10-19 06:24:11,66000.0,100.0,356000.0
351,2021-10-19 06:24:11,66000.0,700.0,355900.0
352,2021-10-19 06:23:51,65900.0,400.0,355200.0
353,2021-10-19 06:23:34,65900.0,100.0,354800.0
354,2021-10-19 06:23:16,65900.0,1200.0,354700.0
355,2021-10-19 06:23:16,65900.0,800.0,353500.0
356,2021-10-19 06:21:57,65900.0,100.0,352700.0
357,2021-10-19 06:21:57,65900.0,100.0,352600.0
358,2021-10-19 06:21:57,65900.0,100.0,352500.0
359,2021-10-19 06:21:57,65900.0,100.0,352400.0
360,2021-10-19 06:21:57,65900.0,100.0,352300.0
361,2021-10-19 06:21:57,65900.0,100.0,352200.0
362,2021-10-19 06:21:57,65900.0,400.0,352100.0
363,2021-10-19 06:21:57,65900.0,1000.0,351700.0
364,2021-10-19 06:21:57,65900.0,1000.0,350700.0
365,2021-10-19 06:21:57,65900.0,1200.0,349700.0
366,2021-10-19 06:21:52,65900.0,2800.0,348500.0
367,2021-10-19 06:21:52,65900.0,300.0,345700.0
368,2021-10-19 06:21:52,65900.0,400.0,345400.0
369,2021-10-19 06:21:50,65900.0,4000.0,345000.0
370,2021-10-19 06:21:33,65900.0,500.0,341000.0
371,2021-10-19 06:21:33,65900.0,1000.0,340500.0
372,2021-10-19 06:21:27,65900.0,1000.0,339500.0
373,2021-10-19 06:20:57,65900.0,200.0,338500.0
374,2021-10-19 06:20:30,65900.0,1000.0,338300.0
375,2021-10-19 06:19:26,65900.0,100.0,337300.0
376,2021-10-19 06:18:50,65900.0,100.0,337200.0
377,2021-10-19 06:18:43,65900.0,100.0,337100.0
378,2021-10-19 06:18:29,65900.0,100.0,337000.0
379,2021-10-19 06:17:37,65900.0,1500.0,336900.0
380,2021-10-19 06:17:37,65900.0,2000.0,335400.0
381,2021-10-19 06:17:37,65900.0,100.0,333400.0
382,2021-10-19 06:17:37,65900.0,200.0,333300.0
383,2021-10-19 06:17:17,65800.0,200.0,333100.0
384,2021-10-19 06:16:18,65800.0,800.0,332900.0
385,2021-10-19 06:16:16,65800.0,600.0,332100.0
386,2021-10-19 06:16:08,65800.0,500.0,331500.0
387,2021-10-19 06:16:08,65800.0,100.0,331000.0
388,2021-10-19 06:16:00,65800.0,400.0,330900.0
389,2021-10-19 06:16:00,65800.0,100.0,330500.0
390,2021-10-19 06:15:46,65800.0,100.0,330400.0
391,2021-10-19 06:15:10,65800.0,100.0,330300.0
392,2021-10-19 06:15:09,65800.0,100.0,330200.0
393,2021-10-19 06:14:52,65800.0,100.0,330100.0
394,2021-10-19 06:12:58,65800.0,200.0,330000.0
395,2021-10-19 06:12:37,65800.0,300.0,329800.0
396,2021-10-19 06:11:49,65800.0,3300.0,329500.0
397,2021-10-19 06:11:01,65800.0,300.0,326200.0
398,2021-10-19 06:11:01,65800.0,200.0,325900.0
399,2021-10-19 06:11:01,65800.0,600.0,325700.0
400,2021-10-19 06:10:12,65800.0,100.0,325100.0
401,2021-10-19 06:10:12,65800.0,300.0,325000.0
402,2021-10-19 06:09:31,65800.0,1000.0,324700.0
403,2021-10-19 06:08:52,65800.0,100.0,323700.0
404,2021-10-19 06:08:23,65800.0,1000.0,323600.0
405,2021-10-19 06:07:26,65800.0,5000.0,322600.0
406,2021-10-19 06:06:32,65900.0,300.0,317600.0
407,2021-10-19 06:05:44,65800.0,100.0,317300.0
408,2021-10-19 06:05:33,65800.0,100.0,317200.0
409,2021-10-19 06:05:33,65800.0,400.0,317100.0
410,2021-10-19 06:05:20,65800.0,500.0,316700.0
411,2021-10-19 06:05:12,65800.0,100.0,316200.0
412,2021-10-19 06:05:12,65800.0,200.0,316100.0
413,2021-10-19 06:05:12,65800.0,500.0,315900.0
414,2021-10-19 06:03:49,65700.0,5000.0,315400.0
415,2021-10-19 06:03:18,65800.0,2500.0,310400.0
416,2021-10-19 06:03:06,65800.0,2000.0,307900.0
417,2021-10-19 06:03:06,65800.0,100.0,305900.0
418,2021-10-19 06:03:06,65800.0,100.0,305800.0
419,2021-10-19 06:02:54,65800.0,100.0,305700.0
420,2021-10-19 06:00:26,65800.0,100.0,305600.0
421,2021-10-19 06:00:26,65800.0,100.0,305500.0
422,2021-10-19 06:00:14,65800.0,100.0,305400.0
423,2021-10-19 06:00:14,65800.0,300.0,305300.0
424,2021-10-19 06:00:06,65800.0,400.0,305000.0
425,2021-10-19 06:00:05,65800.0,100.0,304600.0
426,2021-10-19 06:00:03,65800.0,200.0,304500.0
427,2021-10-19 06:00:03,65800.0,300.0,304300.0
428,2021-10-19 06:00:02,65800.0,400.0,304000.0
429,2021-10-19 06:00:00,65800.0,600.0,303600.0
430,2021-10-19 04:27:01,65800.0,200.0,303000.0
431,2021-10-19 04:25:42,65800.0,1000.0,302800.0
432,2021-10-19 04:24:30,65800.0,1000.0,301800.0
433,2021-10-19 04:24:18,65800.0,1500.0,300800.0
434,2021-10-19 04:23:36,65800.0,100.0,299300.0
435,2021-10-19 04:23:04,65800.0,100.0,299200.0
436,2021-10-19 04:22:26,65800.0,500.0,299100.0
437,2021-10-19 04:19:36,65700.0,600.0,298600.0
438,2021-10-19 04:19:13,65700.0,1000.0,298000.0
439,2021-10-19 04:18:51,65700.0,100.0,297000.0
440,2021-10-19 04:18:47,65700.0,1000.0,296900.0
441,2021-10-19 04:18:14,65700.0,4800.0,295900.0
442,2021-10-19 04:17:29,65700.0,1000.0,291100.0
443,2021-10-19 04:15:48,65700.0,1000.0,290100.0
444,2021-10-19 04:13:53,65700.0,1000.0,289100.0
445,2021-10-19 04:13:28,65700.0,300.0,288100.0
446,2021-10-19 04:11:57,65700.0,1000.0,287800.0
447,2021-10-19 04:11:22,65700.0,500.0,286800.0
448,2021-10-19 04:10:46,65700.0,1000.0,286300.0
449,2021-10-19 04:08:47,65800.0,200.0,285300.0
450,2021-10-19 04:08:47,65800.0,100.0,285100.0
451,2021-10-19 04:08:16,65800.0,200.0,285000.0
452,2021-10-19 04:07:52,65800.0,100.0,284800.0
453,2021-10-19 04:07:52,65800.0,700.0,284700.0
454,2021-10-19 04:07:37,65800.0,100.0,284000.0
455,2021-10-19 04:07:35,65800.0,200.0,283900.0
456,2021-10-19 04:07:35,65800.0,400.0,283700.0
457,2021-10-19 04:07:35,65800.0,100.0,283300.0
458,2021-10-19 04:07:35,65800.0,500.0,283200.0
459,2021-10-19 04:07:35,65800.0,100.0,282700.0
460,2021-10-19 04:04:02,65800.0,900.0,282600.0
461,2021-10-19 04:02:42,65800.0,1100.0,281700.0
462,2021-10-19 04:02:42,65800.0,900.0,280600.0
463,2021-10-19 04:02:42,65800.0,100.0,279700.0
464,2021-10-19 04:02:42,65800.0,100.0,279600.0
465,2021-10-19 04:02:42,65800.0,100.0,279500.0
466,2021-10-19 04:02:42,65800.0,500.0,279400.0
467,2021-10-19 04:02:42,65800.0,2000.0,278900.0
468,2021-10-19 04:02:42,65800.0,200.0,276900.0
469,2021-10-19 04:02:42,65800.0,500.0,276700.0
470,2021-10-19 04:00:47,65900.0,100.0,276200.0
471,2021-10-19 03:59:43,66000.0,100.0,276100.0
472,2021-10-19 03:59:40,66000.0,400.0,276000.0
473,2021-10-19 03:58:30,66000.0,100.0,275600.0
474,2021-10-19 03:57:46,66000.0,400.0,275500.0
475,2021-10-19 03:56:46,66000.0,2300.0,275100.0
476,2021-10-19 03:56:46,66000.0,100.0,272800.0
477,2021-10-19 03:56:46,66000.0,200.0,272700.0
478,2021-10-19 03:56:46,66000.0,200.0,272500.0
479,2021-10-19 03:56:46,66000.0,200.0,272300.0
480,2021-10-19 03:56:45,65900.0,500.0,272100.0
481,2021-10-19 03:56:45,65900.0,100.0,271600.0
482,2021-10-19 03:56:45,65900.0,900.0,271500.0
483,2021-10-19 03:55:36,65900.0,100.0,270600.0
484,2021-10-19 03:55:30,65900.0,200.0,270500.0
485,2021-10-19 03:53:55,65900.0,500.0,270300.0
486,2021-10-19 03:53:13,65800.0,100.0,269800.0
487,2021-10-19 03:52:06,66000.0,200.0,269700.0
488,2021-10-19 03:52:06,66000.0,100.0,269500.0
489,2021-10-19 03:52:06,66000.0,700.0,269400.0
490,2021-10-19 03:52:06,65900.0,1000.0,268700.0
491,2021-10-19 03:51:43,65900.0,500.0,267700.0
492,2021-10-19 03:51:43,65900.0,500.0,267200.0
493,2021-10-19 03:51:19,65900.0,100.0,266700.0
494,2021-10-19 03:51:19,65900.0,100.0,266600.0
495,2021-10-19 03:51:19,65900.0,100.0,266500.0
496,2021-10-19 03:51:19,65900.0,200.0,266400.0
497,2021-10-19 03:51:05,65900.0,500.0,266200.0
498,2021-10-19 03:50:51,65900.0,100.0,265700.0
499,2021-10-19 03:50:50,65900.0,100.0,265600.0
500,2021-10-19 03:50:40,65900.0,100.0,265500.0
501,2021-10-19 03:50:40,65900.0,200.0,265400.0
502,2021-10-19 03:50:40,65900.0,400.0,265200.0
503,2021-10-19 03:50:40,65900.0,100.0,264800.0
504,2021-10-19 03:50:38,65900.0,400.0,264700.0
505,2021-10-19 03:50:31,65900.0,100.0,264300.0
506,2021-10-19 03:50:23,65900.0,200.0,264200.0
507,2021-10-19 03:50:14,65900.0,200.0,264000.0
508,2021-10-19 03:50:14,65900.0,100.0,263800.0
509,2021-10-19 03:50:08,65900.0,700.0,263700.0
510,2021-10-19 03:50:00,65900.0,200.0,263000.0
511,2021-10-19 03:49:52,65900.0,600.0,262800.0
512,2021-10-19 03:49:26,65800.0,2400.0,262200.0
513,2021-10-19 03:49:26,65800.0,400.0,259800.0
514,2021-10-19 03:49:26,65800.0,200.0,259400.0
515,2021-10-19 03:48:32,65800.0,200.0,259200.0
516,2021-10-19 03:48:32,65800.0,100.0,259000.0
517,2021-10-19 03:48:30,65900.0,100.0,258900.0
518,2021-10-19 03:47:42,65800.0,200.0,258800.0
519,2021-10-19 03:47:42,65800.0,700.0,258600.0
520,2021-10-19 03:47:42,65800.0,300.0,257900.0
521,2021-10-19 03:47:42,65800.0,200.0,257600.0
522,2021-10-19 03:47:42,65800.0,100.0,257400.0
523,2021-10-19 03:47:42,65800.0,500.0,257300.0
524,2021-10-19 03:46:17,65900.0,300.0,256800.0
525,2021-10-19 03:46:17,65900.0,100.0,256500.0
526,2021-10-19 03:44:24,65800.0,100.0,256400.0
527,2021-10-19 03:43:57,65800.0,500.0,256300.0
528,2021-10-19 03:43:50,65800.0,200.0,255800.0
529,2021-10-19 03:43:50,65800.0,300.0,255600.0
530,2021-10-19 03:43:17,65800.0,300.0,255300.0
531,2021-10-19 03:42:09,65800.0,400.0,255000.0
532,2021-10-19 03:42:00,65800.0,100.0,254600.0
533,2021-10-19 03:42:00,65800.0,300.0,254500.0
534,2021-10-19 03:41:27,65800.0,1000.0,254200.0
535,2021-10-19 03:41:16,65800.0,300.0,253200.0
536,2021-10-19 03:41:16,65800.0,300.0,252900.0
537,2021-10-19 03:41:06,65800.0,200.0,252600.0
538,2021-10-19 03:41:02,65800.0,200.0,252400.0
539,2021-10-19 03:40:53,65800.0,200.0,252200.0
540,2021-10-19 03:40:29,65800.0,100.0,252000.0
541,2021-10-19 03:40:29,65800.0,100.0,251900.0
542,2021-10-19 03:40:05,65800.0,700.0,251800.0
543,2021-10-19 03:39:50,65800.0,100.0,251100.0
544,2021-10-19 03:39:48,65800.0,100.0,251000.0
545,2021-10-19 03:38:12,65800.0,100.0,250900.0
546,2021-10-19 03:37:35,65800.0,200.0,250800.0
547,2021-10-19 03:37:10,65800.0,300.0,250600.0
548,2021-10-19 03:37:10,65800.0,500.0,250300.0
549,2021-10-19 03:37:10,65800.0,200.0,249800.0
550,2021-10-19 03:35:59,65800.0,100.0,249600.0
551,2021-10-19 03:35:46,65800.0,300.0,249500.0
552,2021-10-19 03:34:57,65800.0,100.0,249200.0
553,2021-10-19 03:32:36,65800.0,100.0,249100.0
554,2021-10-19 03:32:36,65800.0,1000.0,249000.0
555,2021-10-19 03:32:36,65800.0,200.0,248000.0
556,2021-10-19 03:32:36,65800.0,400.0,247800.0
557,2021-10-19 03:32:36,65800.0,300.0,247400.0
558,2021-10-19 03:31:38,65800.0,500.0,247100.0
559,2021-10-19 03:28:57,65800.0,200.0,246600.0
560,2021-10-19 03:27:57,65800.0,100.0,246400.0
561,2021-10-19 03:27:52,65800.0,200.0,246300.0
562,2021-10-19 03:26:21,65800.0,200.0,246100.0
563,2021-10-19 03:26:20,65800.0,200.0,245900.0
564,2021-10-19 03:26:14,65800.0,200.0,245700.0
565,2021-10-19 03:25:55,65800.0,100.0,245500.0
566,2021-10-19 03:23:53,65900.0,200.0,245400.0
567,2021-10-19 03:23:41,65700.0,900.0,245200.0
568,2021-10-19 03:23:41,65700.0,900.0,244300.0
569,2021-10-19 03:23:41,65800.0,100.0,243400.0
570,2021-10-19 03:23:41,65800.0,100.0,243300.0
571,2021-10-19 03:22:17,65700.0,100.0,243200.0
572,2021-10-19 03:22:17,65700.0,100.0,243100.0
573,2021-10-19 03:22:17,65800.0,400.0,243000.0
574,2021-10-19 03:22:17,65800.0,1400.0,242600.0
575,2021-10-19 03:20:21,65800.0,100.0,241200.0
576,2021-10-19 03:20:18,65800.0,300.0,241100.0
577,2021-10-19 03:20:07,65800.0,100.0,240800.0
578,2021-10-19 03:19:39,65800.0,100.0,240700.0
579,2021-10-19 03:19:25,65800.0,100.0,240600.0
580,2021-10-19 03:19:25,65800.0,300.0,240500.0
581,2021-10-19 03:19:25,65800.0,500.0,240200.0
582,2021-10-19 03:19:09,65800.0,400.0,239700.0
583,2021-10-19 03:18:24,65800.0,100.0,239300.0
584,2021-10-19 03:18:24,65800.0,100.0,239200.0
585,2021-10-19 03:17:50,65800.0,100.0,239100.0
586,2021-10-19 03:16:54,65900.0,1000.0,239000.0
587,2021-10-19 03:16:54,65900.0,500.0,238000.0
588,2021-10-19 03:16:54,65900.0,500.0,237500.0
589,2021-10-19 03:16:01,65900.0,1500.0,237000.0
590,2021-10-19 03:16:01,65900.0,600.0,235500.0
591,2021-10-19 03:16:01,65900.0,100.0,234900.0
592,2021-10-19 03:16:01,65900.0,300.0,234800.0
593,2021-10-19 03:15:54,65900.0,200.0,234500.0
594,2021-10-19 03:15:42,65800.0,100.0,234300.0
595,2021-10-19 03:15:37,65800.0,100.0,234200.0
596,2021-10-19 03:15:30,65800.0,100.0,234100.0
597,2021-10-19 03:15:30,65800.0,200.0,234000.0
598,2021-10-19 03:15:23,65800.0,500.0,233800.0
599,2021-10-19 03:14:57,65800.0,500.0,233300.0
600,2021-10-19 03:14:35,65800.0,100.0,232800.0
601,2021-10-19 03:14:35,65800.0,500.0,232700.0
602,2021-10-19 03:14:35,65800.0,200.0,232200.0
603,2021-10-19 03:14:09,65800.0,1000.0,232000.0
604,2021-10-19 03:13:50,65800.0,500.0,231000.0
605,2021-10-19 03:11:14,65900.0,700.0,230500.0
606,2021-10-19 03:11:14,65900.0,300.0,229800.0
607,2021-10-19 03:11:06,65800.0,100.0,229500.0
608,2021-10-19 03:10:48,65900.0,700.0,229400.0
609,2021-10-19 03:10:19,65900.0,200.0,228700.0
610,2021-10-19 03:10:19,65900.0,100.0,228500.0
611,2021-10-19 03:10:05,65900.0,100.0,228400.0
612,2021-10-19 03:10:05,65900.0,100.0,228300.0
613,2021-10-19 03:09:44,65900.0,500.0,228200.0
614,2021-10-19 03:09:29,65900.0,500.0,227700.0
615,2021-10-19 03:09:02,66000.0,500.0,227200.0
616,2021-10-19 03:09:02,66000.0,100.0,226700.0
617,2021-10-19 03:09:02,66000.0,100.0,226600.0
618,2021-10-19 03:09:02,66000.0,700.0,226500.0
619,2021-10-19 03:09:02,66000.0,100.0,225800.0
620,2021-10-19 03:09:02,66000.0,300.0,225700.0
621,2021-10-19 03:09:02,65900.0,200.0,225400.0
622,2021-10-19 03:07:03,65700.0,200.0,225200.0
623,2021-10-19 03:06:30,65700.0,100.0,225000.0
624,2021-10-19 03:06:18,65700.0,100.0,224900.0
625,2021-10-19 03:05:58,65800.0,300.0,224800.0
626,2021-10-19 03:05:58,65800.0,1500.0,224500.0
627,2021-10-19 03:05:58,65800.0,300.0,223000.0
628,2021-10-19 03:05:58,65800.0,200.0,222700.0
629,2021-10-19 03:05:58,65800.0,300.0,222500.0
630,2021-10-19 03:05:58,65800.0,1000.0,222200.0
631,2021-10-19 03:05:44,66000.0,100.0,221200.0
632,2021-10-19 03:05:23,65900.0,100.0,221100.0
633,2021-10-19 03:05:23,65900.0,100.0,221000.0
634,2021-10-19 03:05:23,65900.0,100.0,220900.0
635,2021-10-19 03:03:19,66000.0,200.0,220800.0
636,2021-10-19 03:02:44,65900.0,1000.0,220600.0
637,2021-10-19 03:02:28,65900.0,100.0,219600.0
638,2021-10-19 03:02:25,65900.0,400.0,219500.0
639,2021-10-19 03:02:05,65900.0,100.0,219100.0
640,2021-10-19 03:01:59,65900.0,100.0,219000.0
641,2021-10-19 03:01:55,65900.0,100.0,218900.0
642,2021-10-19 03:01:52,65900.0,100.0,218800.0
643,2021-10-19 03:01:36,65900.0,100.0,218700.0
644,2021-10-19 03:01:34,66000.0,300.0,218600.0
645,2021-10-19 03:01:26,66000.0,100.0,218300.0
646,2021-10-19 03:01:26,66000.0,900.0,218200.0
647,2021-10-19 03:00:38,66000.0,100.0,217300.0
648,2021-10-19 03:00:38,66000.0,200.0,217200.0
649,2021-10-19 03:00:38,66000.0,100.0,217000.0
650,2021-10-19 03:00:38,66000.0,200.0,216900.0
651,2021-10-19 03:00:23,66000.0,100.0,216700.0
652,2021-10-19 03:00:14,66000.0,100.0,216600.0
653,2021-10-19 03:00:05,66000.0,100.0,216500.0
654,2021-10-19 03:00:05,66000.0,1000.0,216400.0
655,2021-10-19 03:00:05,66000.0,200.0,215400.0
656,2021-10-19 03:00:05,66000.0,300.0,215200.0
657,2021-10-19 03:00:05,66000.0,400.0,214900.0
658,2021-10-19 02:59:53,66000.0,100.0,214500.0
659,2021-10-19 02:59:53,66000.0,200.0,214400.0
660,2021-10-19 02:59:53,66000.0,100.0,214200.0
661,2021-10-19 02:59:45,66000.0,400.0,214100.0
662,2021-10-19 02:59:45,66000.0,2000.0,213700.0
663,2021-10-19 02:59:45,66000.0,2600.0,211700.0
664,2021-10-19 02:59:38,66000.0,400.0,209100.0
665,2021-10-19 02:59:38,66000.0,200.0,208700.0
666,2021-10-19 02:59:38,66000.0,1000.0,208500.0
667,2021-10-19 02:59:38,66000.0,100.0,207500.0
668,2021-10-19 02:59:38,66000.0,1000.0,207400.0
669,2021-10-19 02:59:38,66000.0,1000.0,206400.0
670,2021-10-19 02:59:38,66000.0,1000.0,205400.0
671,2021-10-19 02:59:38,66000.0,200.0,204400.0
672,2021-10-19 02:59:38,66000.0,500.0,204200.0
673,2021-10-19 02:59:38,66000.0,1000.0,203700.0
674,2021-10-19 02:59:38,66000.0,200.0,202700.0
675,2021-10-19 02:59:38,66000.0,1000.0,202500.0
676,2021-10-19 02:59:38,66000.0,100.0,201500.0
677,2021-10-19 02:59:38,66000.0,100.0,201400.0
678,2021-10-19 02:59:38,66000.0,100.0,201300.0
679,2021-10-19 02:59:38,66000.0,1000.0,201200.0
680,2021-10-19 02:59:38,66000.0,200.0,200200.0
681,2021-10-19 02:59:31,66000.0,100.0,200000.0
682,2021-10-19 02:59:31,65900.0,400.0,199900.0
683,2021-10-19 02:59:23,65900.0,200.0,199500.0
684,2021-10-19 02:59:22,65900.0,400.0,199300.0
685,2021-10-19 02:59:08,65900.0,300.0,198900.0
686,2021-10-19 02:59:08,65900.0,600.0,198600.0
687,2021-10-19 02:59:08,65900.0,1000.0,198000.0
688,2021-10-19 02:59:08,65900.0,300.0,197000.0
689,2021-10-19 02:59:08,65900.0,3800.0,196700.0
690,2021-10-19 02:58:57,65900.0,200.0,192900.0
691,2021-10-19 02:58:57,65900.0,100.0,192700.0
692,2021-10-19 02:58:42,65900.0,900.0,192600.0
693,2021-10-19 02:58:42,65900.0,1000.0,191700.0
694,2021-10-19 02:58:42,65900.0,1000.0,190700.0
695,2021-10-19 02:58:42,65800.0,100.0,189700.0
696,2021-10-19 02:58:41,65800.0,100.0,189600.0
697,2021-10-19 02:58:38,65800.0,400.0,189500.0
698,2021-10-19 02:58:26,65800.0,500.0,189100.0
699,2021-10-19 02:57:34,65700.0,700.0,188600.0
700,2021-10-19 02:57:34,65700.0,100.0,187900.0
701,2021-10-19 02:57:34,65700.0,1000.0,187800.0
702,2021-10-19 02:57:10,65600.0,100.0,186800.0
703,2021-10-19 02:57:10,65600.0,800.0,186700.0
704,2021-10-19 02:57:06,65600.0,1000.0,185900.0
705,2021-10-19 02:57:03,65500.0,500.0,184900.0
706,2021-10-19 02:57:00,65500.0,500.0,184400.0
707,2021-10-19 02:56:26,65500.0,600.0,183900.0
708,2021-10-19 02:56:26,65500.0,500.0,183300.0
709,2021-10-19 02:56:15,65500.0,500.0,182800.0
710,2021-10-19 02:56:14,65500.0,100.0,182300.0
711,2021-10-19 02:56:00,65500.0,100.0,182200.0
712,2021-10-19 02:55:29,65400.0,200.0,182100.0
713,2021-10-19 02:55:29,65400.0,100.0,181900.0
714,2021-10-19 02:55:29,65400.0,100.0,181800.0
715,2021-10-19 02:55:29,65400.0,100.0,181700.0
716,2021-10-19 02:54:58,65400.0,100.0,181600.0
717,2021-10-19 02:54:58,65400.0,100.0,181500.0
718,2021-10-19 02:54:09,65400.0,300.0,181400.0
719,2021-10-19 02:53:55,65500.0,200.0,181100.0
720,2021-10-19 02:53:53,65500.0,100.0,180900.0
721,2021-10-19 02:53:29,65400.0,200.0,180800.0
722,2021-10-19 02:53:29,65400.0,200.0,180600.0
723,2021-10-19 02:53:29,65400.0,200.0,180400.0
724,2021-10-19 02:53:29,65400.0,200.0,180200.0
725,2021-10-19 02:53:20,65500.0,100.0,180000.0
726,2021-10-19 02:53:16,65500.0,500.0,179900.0
727,2021-10-19 02:53:11,65500.0,400.0,179400.0
728,2021-10-19 02:53:11,65500.0,1600.0,179000.0
729,2021-10-19 02:53:10,65500.0,1500.0,177400.0
730,2021-10-19 02:52:53,65500.0,100.0,175900.0
731,2021-10-19 02:52:29,65500.0,100.0,175800.0
732,2021-10-19 02:52:06,65400.0,100.0,175700.0
733,2021-10-19 02:52:06,65400.0,200.0,175600.0
734,2021-10-19 02:51:36,65300.0,200.0,175400.0
735,2021-10-19 02:51:35,65300.0,100.0,175200.0
736,2021-10-19 02:51:35,65300.0,100.0,175100.0
737,2021-10-19 02:51:24,65300.0,100.0,175000.0
738,2021-10-19 02:51:24,65300.0,100.0,174900.0
739,2021-10-19 02:51:24,65300.0,300.0,174800.0
740,2021-10-19 02:51:24,65300.0,200.0,174500.0
741,2021-10-19 02:51:24,65300.0,500.0,174300.0
742,2021-10-19 02:50:24,65300.0,1000.0,173800.0
743,2021-10-19 02:49:35,65500.0,100.0,172800.0
744,2021-10-19 02:49:21,65500.0,100.0,172700.0
745,2021-10-19 02:49:13,65500.0,100.0,172600.0
746,2021-10-19 02:49:13,65500.0,1000.0,172500.0
747,2021-10-19 02:49:13,65500.0,400.0,171500.0
748,2021-10-19 02:48:39,65600.0,100.0,171100.0
749,2021-10-19 02:48:38,65500.0,500.0,171000.0
750,2021-10-19 02:48:38,65500.0,100.0,170500.0
751,2021-10-19 02:48:38,65500.0,100.0,170400.0
752,2021-10-19 02:48:38,65500.0,100.0,170300.0
753,2021-10-19 02:48:38,65500.0,100.0,170200.0
754,2021-10-19 02:48:38,65500.0,100.0,170100.0
755,2021-10-19 02:48:03,65500.0,200.0,170000.0
756,2021-10-19 02:47:54,65500.0,300.0,169800.0
757,2021-10-19 02:47:44,65500.0,200.0,169500.0
758,2021-10-19 02:47:22,65500.0,2000.0,169300.0
759,2021-10-19 02:46:45,65500.0,700.0,167300.0
760,2021-10-19 02:46:45,65500.0,500.0,166600.0
761,2021-10-19 02:46:45,65500.0,100.0,166100.0
762,2021-10-19 02:46:44,65500.0,200.0,166000.0
763,2021-10-19 02:46:44,65500.0,100.0,165800.0
764,2021-10-19 02:46:21,65600.0,200.0,165700.0
765,2021-10-19 02:46:20,65600.0,100.0,165500.0
766,2021-10-19 02:45:54,65600.0,500.0,165400.0
767,2021-10-19 02:45:54,65600.0,100.0,164900.0
768,2021-10-19 02:45:54,65600.0,200.0,164800.0
769,2021-10-19 02:45:12,65600.0,100.0,164600.0
770,2021-10-19 02:45:12,65800.0,500.0,164500.0
771,2021-10-19 02:45:12,65800.0,200.0,164000.0
772,2021-10-19 02:45:11,65800.0,300.0,163800.0
773,2021-10-19 02:45:11,65800.0,300.0,163500.0
774,2021-10-19 02:45:11,65800.0,100.0,163200.0
775,2021-10-19 02:45:11,65800.0,300.0,163100.0
776,2021-10-19 02:45:10,65800.0,200.0,162800.0
777,2021-10-19 02:44:57,65800.0,700.0,162600.0
778,2021-10-19 02:44:55,65800.0,100.0,161900.0
779,2021-10-19 02:44:09,65800.0,500.0,161800.0
780,2021-10-19 02:44:09,65800.0,200.0,161300.0
781,2021-10-19 02:43:36,65800.0,100.0,161100.0
782,2021-10-19 02:43:36,65800.0,100.0,161000.0
783,2021-10-19 02:43:36,65800.0,200.0,160900.0
784,2021-10-19 02:43:36,65800.0,200.0,160700.0
785,2021-10-19 02:43:36,65800.0,2000.0,160500.0
786,2021-10-19 02:43:36,65800.0,200.0,158500.0
787,2021-10-19 02:43:36,65700.0,200.0,158300.0
788,2021-10-19 02:43:12,65600.0,100.0,158100.0
789,2021-10-19 02:42:54,65800.0,300.0,158000.0
790,2021-10-19 02:42:54,65700.0,200.0,157700.0
791,2021-10-19 02:42:47,65700.0,300.0,157500.0
792,2021-10-19 02:42:37,65800.0,1500.0,157200.0
793,2021-10-19 02:42:25,65900.0,400.0,155700.0
794,2021-10-19 02:42:21,65800.0,100.0,155300.0
795,2021-10-19 02:42:20,65900.0,100.0,155200.0
796,2021-10-19 02:42:08,65900.0,200.0,155100.0
797,2021-10-19 02:41:56,65900.0,100.0,154900.0
798,2021-10-19 02:41:56,65900.0,900.0,154800.0
799,2021-10-19 02:41:38,65900.0,100.0,153900.0
800,2021-10-19 02:41:34,65500.0,2000.0,153800.0
801,2021-10-19 02:41:34,65500.0,100.0,151800.0
802,2021-10-19 02:41:34,65500.0,200.0,151700.0
803,2021-10-19 02:41:34,65600.0,100.0,151500.0
804,2021-10-19 02:41:34,65800.0,300.0,151400.0
805,2021-10-19 02:41:34,65800.0,300.0,151100.0
806,2021-10-19 02:41:25,65900.0,1000.0,150800.0
807,2021-10-19 02:41:19,66000.0,200.0,149800.0
808,2021-10-19 02:41:19,66000.0,200.0,149600.0
809,2021-10-19 02:41:19,66000.0,100.0,149400.0
810,2021-10-19 02:40:56,66000.0,200.0,149300.0
811,2021-10-19 02:40:52,66000.0,200.0,149100.0
812,2021-10-19 02:40:39,66000.0,600.0,148900.0
813,2021-10-19 02:40:39,66000.0,700.0,148300.0
814,2021-10-19 02:40:29,66000.0,100.0,147600.0
815,2021-10-19 02:40:19,66000.0,200.0,147500.0
816,2021-10-19 02:40:08,66000.0,200.0,147300.0
817,2021-10-19 02:40:05,66000.0,200.0,147100.0
818,2021-10-19 02:39:50,66000.0,300.0,146900.0
819,2021-10-19 02:39:47,65500.0,100.0,146600.0
820,2021-10-19 02:39:42,65300.0,200.0,146500.0
821,2021-10-19 02:39:24,65200.0,1000.0,146300.0
822,2021-10-19 02:39:24,65200.0,100.0,145300.0
823,2021-10-19 02:39:24,65200.0,2700.0,145200.0
824,2021-10-19 02:39:11,65200.0,300.0,142500.0
825,2021-10-19 02:39:10,65000.0,500.0,142200.0
826,2021-10-19 02:39:10,65000.0,200.0,141700.0
827,2021-10-19 02:39:08,65000.0,800.0,141500.0
828,2021-10-19 02:39:08,65000.0,500.0,140700.0
829,2021-10-19 02:39:08,65000.0,100.0,140200.0
830,2021-10-19 02:39:08,65000.0,100.0,140100.0
831,2021-10-19 02:39:08,65000.0,1700.0,140000.0
832,2021-10-19 02:39:08,65000.0,500.0,138300.0
833,2021-10-19 02:38:55,64800.0,200.0,137800.0
834,2021-10-19 02:38:55,64800.0,100.0,137600.0
835,2021-10-19 02:38:45,64800.0,200.0,137500.0
836,2021-10-19 02:38:32,64700.0,300.0,137300.0
837,2021-10-19 02:38:32,64700.0,100.0,137000.0
838,2021-10-19 02:38:32,64700.0,600.0,136900.0
839,2021-10-19 02:38:03,64600.0,200.0,136300.0
840,2021-10-19 02:38:03,64600.0,500.0,136100.0
841,2021-10-19 02:38:03,64600.0,200.0,135600.0
842,2021-10-19 02:37:47,64600.0,1000.0,135400.0
843,2021-10-19 02:37:15,64500.0,100.0,134400.0
844,2021-10-19 02:37:15,64500.0,4000.0,134300.0
845,2021-10-19 02:37:08,64500.0,100.0,130300.0
846,2021-10-19 02:37:04,64500.0,100.0,130200.0
847,2021-10-19 02:37:04,64500.0,300.0,130100.0
848,2021-10-19 02:37:04,64500.0,400.0,129800.0
849,2021-10-19 02:36:52,64500.0,100.0,129400.0
850,2021-10-19 02:36:48,64500.0,100.0,129300.0
851,2021-10-19 02:36:47,64500.0,2800.0,129200.0
852,2021-10-19 02:36:47,64500.0,200.0,126400.0
853,2021-10-19 02:36:44,64500.0,200.0,126200.0
854,2021-10-19 02:36:44,64500.0,800.0,126000.0
855,2021-10-19 02:36:36,64400.0,400.0,125200.0
856,2021-10-19 02:36:25,64500.0,100.0,124800.0
857,2021-10-19 02:36:09,64500.0,600.0,124700.0
858,2021-10-19 02:36:09,64500.0,400.0,124100.0
859,2021-10-19 02:36:08,64400.0,1000.0,123700.0
860,2021-10-19 02:35:47,64400.0,100.0,122700.0
861,2021-10-19 02:35:47,64400.0,200.0,122600.0
862,2021-10-19 02:35:44,64400.0,1000.0,122400.0
863,2021-10-19 02:35:44,64400.0,100.0,121400.0
864,2021-10-19 02:35:44,64400.0,500.0,121300.0
865,2021-10-19 02:35:44,64400.0,100.0,120800.0
866,2021-10-19 02:35:44,64400.0,100.0,120700.0
867,2021-10-19 02:35:43,64400.0,3900.0,120600.0
868,2021-10-19 02:35:43,64400.0,1200.0,116700.0
869,2021-10-19 02:35:28,64400.0,300.0,115500.0
870,2021-10-19 02:34:32,64300.0,200.0,115200.0
871,2021-10-19 02:33:58,64400.0,200.0,115000.0
872,2021-10-19 02:33:34,64300.0,1000.0,114800.0
873,2021-10-19 02:33:34,64300.0,2000.0,113800.0
874,2021-10-19 02:33:24,64400.0,200.0,111800.0
875,2021-10-19 02:33:21,64300.0,3000.0,111600.0
876,2021-10-19 02:33:21,64300.0,200.0,108600.0
877,2021-10-19 02:33:17,64400.0,100.0,108400.0
878,2021-10-19 02:33:14,64400.0,100.0,108300.0
879,2021-10-19 02:33:06,64400.0,100.0,108200.0
880,2021-10-19 02:33:05,64400.0,200.0,108100.0
881,2021-10-19 02:33:05,64400.0,300.0,107900.0
882,2021-10-19 02:32:57,64400.0,1300.0,107600.0
883,2021-10-19 02:32:41,64400.0,200.0,106300.0
884,2021-10-19 02:32:24,64300.0,100.0,106100.0
885,2021-10-19 02:32:23,64400.0,100.0,106000.0
886,2021-10-19 02:32:23,64400.0,200.0,105900.0
887,2021-10-19 02:32:23,64400.0,900.0,105700.0
888,2021-10-19 02:32:12,64400.0,1500.0,104800.0
889,2021-10-19 02:31:58,64400.0,100.0,103300.0
890,2021-10-19 02:31:42,64400.0,1400.0,103200.0
891,2021-10-19 02:31:42,64400.0,500.0,101800.0
892,2021-10-19 02:31:42,64400.0,100.0,101300.0
893,2021-10-19 02:31:42,64400.0,1000.0,101200.0
894,2021-10-19 02:31:31,64100.0,200.0,100200.0
895,2021-10-19 02:31:31,64300.0,100.0,100000.0
896,2021-10-19 02:31:20,64400.0,1000.0,99900.0
897,2021-10-19 02:31:13,64200.0,100.0,98900.0
898,2021-10-19 02:30:55,64100.0,2800.0,98800.0
899,2021-10-19 02:30:55,64100.0,100.0,96000.0
900,2021-10-19 02:30:55,64100.0,100.0,95900.0
901,2021-10-19 02:30:17,64100.0,200.0,95800.0
902,2021-10-19 02:30:09,63900.0,1200.0,95600.0
903,2021-10-19 02:30:09,63900.0,200.0,94400.0
904,2021-10-19 02:30:09,63900.0,4100.0,94200.0
905,2021-10-19 02:30:09,64000.0,500.0,90100.0
906,2021-10-19 02:30:09,64000.0,200.0,89600.0
907,2021-10-19 02:30:08,64000.0,300.0,89400.0
908,2021-10-19 02:30:05,64000.0,100.0,89100.0
909,2021-10-19 02:30:02,64000.0,100.0,89000.0
910,2021-10-19 02:30:02,64000.0,100.0,88900.0
911,2021-10-19 02:30:00,64000.0,300.0,88800.0
912,2021-10-19 02:29:53,64000.0,300.0,88500.0
913,2021-10-19 02:29:53,64000.0,700.0,88200.0
914,2021-10-19 02:29:49,64000.0,100.0,87500.0
915,2021-10-19 02:29:43,64000.0,200.0,87400.0
916,2021-10-19 02:29:40,64000.0,200.0,87200.0
917,2021-10-19 02:29:40,64000.0,200.0,87000.0
918,2021-10-19 02:29:40,64000.0,100.0,86800.0
919,2021-10-19 02:29:24,64000.0,900.0,86700.0
920,2021-10-19 02:29:24,64000.0,2000.0,85800.0
921,2021-10-19 02:29:24,64000.0,100.0,83800.0
922,2021-10-19 02:29:24,64000.0,1600.0,83700.0
923,2021-10-19 02:29:24,64000.0,100.0,82100.0
924,2021-10-19 02:29:24,64000.0,100.0,82000.0
925,2021-10-19 02:29:24,64000.0,200.0,81900.0
926,2021-10-19 02:29:21,64000.0,200.0,81700.0
927,2021-10-19 02:29:14,63900.0,400.0,81500.0
928,2021-10-19 02:29:10,63900.0,200.0,81100.0
929,2021-10-19 02:29:10,63900.0,300.0,80900.0
930,2021-10-19 02:28:36,63900.0,200.0,80600.0
931,2021-10-19 02:28:25,63800.0,400.0,80400.0
932,2021-10-19 02:28:24,63800.0,300.0,80000.0
933,2021-10-19 02:28:01,63800.0,200.0,79700.0
934,2021-10-19 02:27:50,63800.0,200.0,79500.0
935,2021-10-19 02:27:45,63700.0,100.0,79300.0
936,2021-10-19 02:27:45,63700.0,400.0,79200.0
937,2021-10-19 02:27:31,63700.0,600.0,78800.0
938,2021-10-19 02:27:31,63700.0,100.0,78200.0
939,2021-10-19 02:27:15,63800.0,300.0,78100.0
940,2021-10-19 02:27:04,63800.0,100.0,77800.0
941,2021-10-19 02:27:04,63800.0,100.0,77700.0
942,2021-10-19 02:27:04,63800.0,1400.0,77600.0
943,2021-10-19 02:26:59,63900.0,500.0,76200.0
944,2021-10-19 02:26:55,63800.0,600.0,75700.0
945,2021-10-19 02:26:55,63800.0,100.0,75100.0
946,2021-10-19 02:26:55,63800.0,200.0,75000.0
947,2021-10-19 02:26:55,63800.0,1000.0,74800.0
948,2021-10-19 02:26:55,63800.0,1600.0,73800.0
949,2021-10-19 02:26:38,63800.0,400.0,72200.0
950,2021-10-19 02:26:26,63800.0,1000.0,71800.0
951,2021-10-19 02:26:26,63800.0,600.0,70800.0
952,2021-10-19 02:26:15,63700.0,100.0,70200.0
953,2021-10-19 02:25:52,63700.0,2800.0,70100.0
954,2021-10-19 02:25:52,63700.0,500.0,67300.0
955,2021-10-19 02:25:52,63700.0,700.0,66800.0
956,2021-10-19 02:25:35,63800.0,400.0,66100.0
957,2021-10-19 02:25:35,63800.0,500.0,65700.0
958,2021-10-19 02:25:35,63800.0,100.0,65200.0
959,2021-10-19 02:25:22,63800.0,100.0,65100.0
960,2021-10-19 02:25:18,63800.0,200.0,65000.0
961,2021-10-19 02:25:18,63700.0,200.0,64800.0
962,2021-10-19 02:25:06,63800.0,400.0,64600.0
963,2021-10-19 02:25:02,63800.0,500.0,64200.0
964,2021-10-19 02:24:47,63700.0,1000.0,63700.0
965,2021-10-19 02:24:29,63700.0,300.0,62700.0
966,2021-10-19 02:24:15,63700.0,500.0,62400.0
967,2021-10-19 02:24:14,63700.0,1000.0,61900.0
968,2021-10-19 02:24:14,63700.0,300.0,60900.0
969,2021-10-19 02:24:14,63700.0,300.0,60600.0
970,2021-10-19 02:24:14,63700.0,200.0,60300.0
971,2021-10-19 02:24:14,63700.0,500.0,60100.0
972,2021-10-19 02:24:13,63700.0,200.0,59600.0
973,2021-10-19 02:24:07,63600.0,1000.0,59400.0
974,2021-10-19 02:23:46,63700.0,200.0,58400.0
975,2021-10-19 02:23:41,63600.0,1300.0,58200.0
976,2021-10-19 02:23:41,63600.0,100.0,56900.0
977,2021-10-19 02:23:41,63600.0,100.0,56800.0
978,2021-10-19 02:23:41,63600.0,500.0,56700.0
979,2021-10-19 02:23:38,63700.0,400.0,56200.0
980,2021-10-19 02:23:24,63700.0,100.0,55800.0
981,2021-10-19 02:23:22,63700.0,2300.0,55700.0
982,2021-10-19 02:23:17,63700.0,100.0,53400.0
983,2021-10-19 02:23:08,63700.0,400.0,53300.0
984,2021-10-19 02:23:08,63700.0,100.0,52900.0
985,2021-10-19 02:23:08,63700.0,200.0,52800.0
986,2021-10-19 02:23:08,63700.0,100.0,52600.0
987,2021-10-19 02:23:08,63700.0,500.0,52500.0
988,2021-10-19 02:23:08,63700.0,400.0,52000.0
989,2021-10-19 02:23:08,63700.0,100.0,51600.0
990,2021-10-19 02:22:45,63800.0,100.0,51500.0
991,2021-10-19 02:22:45,63800.0,500.0,51400.0
992,2021-10-19 02:22:45,63800.0,500.0,50900.0
993,2021-10-19 02:22:45,63800.0,100.0,50400.0
994,2021-10-19 02:22:45,63800.0,500.0,50300.0
995,2021-10-19 02:22:45,63800.0,100.0,49800.0
996,2021-10-19 02:22:45,63800.0,100.0,49700.0
997,2021-10-19 02:22:45,63800.0,100.0,49600.0
998,2021-10-19 02:22:45,63800.0,300.0,49500.0
999,2021-10-19 02:22:28,63800.0,100.0,49200.0
1000,2021-10-19 02:22:01,63800.0,100.0,49100.0
1001,2021-10-19 02:22:01,63800.0,900.0,49000.0
1002,2021-10-19 02:21:42,63900.0,200.0,48100.0
1003,2021-10-19 02:21:42,63900.0,800.0,47900.0
1004,2021-10-19 02:21:39,63900.0,100.0,47100.0
1005,2021-10-19 02:21:37,63900.0,100.0,47000.0
1006,2021-10-19 02:21:34,63900.0,1000.0,46900.0
1007,2021-10-19 02:21:20,63900.0,100.0,45900.0
1008,2021-10-19 02:21:08,63900.0,100.0,45800.0
1009,2021-10-19 02:20:59,63900.0,100.0,45700.0
1010,2021-10-19 02:20:57,63900.0,100.0,45600.0
1011,2021-10-19 02:20:37,63900.0,100.0,45500.0
1012,2021-10-19 02:20:28,63900.0,500.0,45400.0
1013,2021-10-19 02:20:27,63800.0,200.0,44900.0
1014,2021-10-19 02:20:22,63800.0,300.0,44700.0
1015,2021-10-19 02:20:22,63800.0,300.0,44400.0
1016,2021-10-19 02:20:22,63800.0,200.0,44100.0
1017,2021-10-19 02:20:05,63900.0,100.0,43900.0
1018,2021-10-19 02:19:55,64000.0,2600.0,43800.0
1019,2021-10-19 02:19:55,64000.0,400.0,41200.0
1020,2021-10-19 02:19:46,64000.0,400.0,40800.0
1021,2021-10-19 02:19:46,63900.0,100.0,40400.0
1022,2021-10-19 02:19:04,64000.0,100.0,40300.0
1023,2021-10-19 02:18:51,63700.0,100.0,40200.0
1024,2021-10-19 02:18:38,64000.0,100.0,40100.0
1025,2021-10-19 02:18:38,64000.0,100.0,40000.0
1026,2021-10-19 02:18:30,63700.0,200.0,39900.0
1027,2021-10-19 02:18:30,63700.0,200.0,39700.0
1028,2021-10-19 02:18:30,63700.0,500.0,39500.0
1029,2021-10-19 02:18:30,63700.0,1000.0,39000.0
1030,2021-10-19 02:18:30,63700.0,1000.0,38000.0
1031,2021-10-19 02:18:27,64000.0,200.0,37000.0
1032,2021-10-19 02:18:17,64000.0,300.0,36800.0
1033,2021-10-19 02:18:17,64000.0,600.0,36500.0
1034,2021-10-19 02:18:17,64000.0,200.0,35900.0
1035,2021-10-19 02:18:17,64000.0,200.0,35700.0
1036,2021-10-19 02:18:17,64000.0,100.0,35500.0
1037,2021-10-19 02:18:14,64000.0,200.0,35400.0
1038,2021-10-19 02:17:59,64000.0,100.0,35200.0
1039,2021-10-19 02:17:55,64000.0,100.0,35100.0
1040,2021-10-19 02:17:45,64000.0,500.0,35000.0
1041,2021-10-19 02:17:45,64000.0,200.0,34500.0
1042,2021-10-19 02:17:38,64000.0,200.0,34300.0
1043,2021-10-19 02:17:35,64000.0,100.0,34100.0
1044,2021-10-19 02:17:35,64000.0,100.0,34000.0
1045,2021-10-19 02:17:28,64000.0,100.0,33900.0
1046,2021-10-19 02:17:28,64000.0,100.0,33800.0
1047,2021-10-19 02:17:23,64000.0,200.0,33700.0
1048,2021-10-19 02:17:22,64000.0,100.0,33500.0
1049,2021-10-19 02:17:17,64000.0,100.0,33400.0
1050,2021-10-19 02:17:11,64000.0,100.0,33300.0
1051,2021-10-19 02:17:11,64000.0,400.0,33200.0
1052,2021-10-19 02:17:09,64000.0,500.0,32800.0
1053,2021-10-19 02:16:56,64000.0,100.0,32300.0
1054,2021-10-19 02:16:43,64000.0,1100.0,32200.0
1055,2021-10-19 02:16:32,64000.0,1000.0,31100.0
1056,2021-10-19 02:16:31,64000.0,1900.0,30100.0
1057,2021-10-19 02:16:22,64000.0,100.0,28200.0
1058,2021-10-19 02:16:22,64000.0,100.0,28100.0
1059,2021-10-19 02:16:17,64000.0,200.0,28000.0
1060,2021-10-19 02:16:13,64000.0,100.0,27800.0
1061,2021-10-19 02:16:12,63500.0,300.0,27700.0
1062,2021-10-19 02:15:54,64000.0,100.0,27400.0
1063,2021-10-19 02:15:49,63500.0,200.0,27300.0
1064,2021-10-19 02:15:37,63500.0,100.0,27100.0
1065,2021-10-19 02:15:37,63500.0,100.0,27000.0
1066,2021-10-19 02:15:28,63500.0,100.0,26900.0
1067,2021-10-19 02:15:28,63500.0,300.0,26800.0
1068,2021-10-19 02:15:11,63500.0,200.0,26500.0
1069,2021-10-19 02:15:06,63500.0,200.0,26300.0
1070,2021-10-19 02:15:05,64000.0,100.0,26100.0
1071,2021-10-19 02:15:05,64000.0,100.0,26000.0
1072,2021-10-19 02:15:00,63300.0,800.0,25900.0
1073,2021-10-19 02:15:00,63300.0,200.0,25100.0
1074,2021-10-19 02:15:00,63300.0,100.0,24900.0
1075,2021-10-19 02:15:00,63300.0,2000.0,24800.0
1076,2021-10-19 02:15:00,63300.0,100.0,22800.0
1077,2021-10-19 02:15:00,63300.0,100.0,22700.0
1078,2021-10-19 02:15:00,63300.0,1700.0,22600.0
1079,2021-10-19 02:15:00,63300.0,100.0,20900.0
1080,2021-10-19 02:15:00,63300.0,100.0,20800.0
1081,2021-10-19 02:15:00,63300.0,100.0,20700.0
1082,2021-10-19 02:15:00,63300.0,600.0,20600.0
1083,2021-10-19 02:15:00,63300.0,100.0,20000.0
1084,2021-10-19 02:15:00,63300.0,100.0,19900.0
1085,2021-10-19 02:15:00,63300.0,100.0,19800.0
1086,2021-10-19 02:15:00,63300.0,500.0,19700.0
1087,2021-10-19 02:15:00,63300.0,100.0,19200.0
1088,2021-10-19 02:15:00,63300.0,100.0,19100.0
1089,2021-10-19 02:15:00,63300.0,100.0,19000.0
1090,2021-10-19 02:15:00,63300.0,100.0,18900.0
1091,2021-10-19 02:15:00,63300.0,100.0,18800.0
1092,2021-10-19 02:15:00,63300.0,100.0,18700.0
1093,2021-10-19 02:15:00,63300.0,100.0,18600.0
1094,2021-10-19 02:15:00,63300.0,500.0,18500.0
1095,2021-10-19 02:15:00,63300.0,100.0,18000.0
1096,2021-10-19 02:15:00,63300.0,100.0,17900.0
1097,2021-10-19 02:15:00,63300.0,1100.0,17800.0
1098,2021-10-19 02:15:00,63300.0,100.0,16700.0
1099,2021-10-19 02:15:00,63300.0,2000.0,16600.0
1100,2021-10-19 02:15:00,63300.0,200.0,14600.0
1101,2021-10-19 02:15:00,63300.0,100.0,14400.0
1102,2021-10-19 02:15:00,63300.0,200.0,14300.0
1103,2021-10-19 02:15:00,63300.0,100.0,14100.0
1104,2021-10-19 02:15:00,63300.0,500.0,14000.0
1105,2021-10-19 02:15:00,63300.0,500.0,13500.0
1106,2021-10-19 02:15:00,63300.0,100.0,13000.0
1107,2021-10-19 02:15:00,63300.0,500.0,12900.0
1108,2021-10-19 02:15:00,63300.0,100.0,12400.0
1109,2021-10-19 02:15:00,63300.0,100.0,12300.0
1110,2021-10-19 02:15:00,63300.0,100.0,12200.0
1111,2021-10-19 02:15:00,63300.0,100.0,12100.0
1112,2021-10-19 02:15:00,63300.0,100.0,12000.0
1113,2021-10-19 02:15:00,63300.0,100.0,11900.0
1114,2021-10-19 02:15:00,63300.0,500.0,11800.0
1115,2021-10-19 02:15:00,63300.0,600.0,11300.0
1116,2021-10-19 02:15:00,63300.0,200.0,10700.0
1117,2021-10-19 02:15:00,63300.0,100.0,10500.0
1118,2021-10-19 02:15:00,63300.0,100.0,10400.0
1119,2021-10-19 02:15:00,63300.0,300.0,10300.0
1120,2021-10-19 02:15:00,63300.0,100.0,10000.0
1121,2021-10-19 02:15:00,63300.0,100.0,9900.0
1122,2021-10-19 02:15:00,63300.0,100.0,9800.0
1123,2021-10-19 02:15:00,63300.0,200.0,9700.0
1124,2021-10-19 02:15:00,63300.0,200.0,9500.0
1125,2021-10-19 02:15:00,63300.0,300.0,9300.0
1126,2021-10-19 02:15:00,63300.0,200.0,9000.0
1127,2021-10-19 02:15:00,63300.0,3500.0,8800.0
1128,2021-10-19 02:15:00,63300.0,400.0,5300.0
1129,2021-10-19 02:15:00,63300.0,600.0,4900.0
1130,2021-10-19 02:15:00,63300.0,300.0,4300.0
1131,2021-10-19 02:15:00,63300.0,200.0,4000.0
1132,2021-10-19 02:15:00,63300.0,100.0,3800.0
1133,2021-10-19 02:15:00,63300.0,100.0,3700.0
1134,2021-10-19 02:15:00,63300.0,100.0,3600.0
1135,2021-10-19 02:15:00,63300.0,100.0,3500.0
1136,2021-10-19 02:15:00,63300.0,100.0,3400.0
1137,2021-10-19 02:15:00,63300.0,100.0,3300.0
1138,2021-10-19 02:15:00,63300.0,200.0,3200.0
1139,2021-10-19 02:15:00,63300.0,500.0,3000.0
1140,2021-10-19 02:15:00,63300.0,200.0,2500.0
1141,2021-10-19 02:15:00,63300.0,100.0,2300.0
1142,2021-10-19 02:15:00,63300.0,200.0,2200.0
1143,2021-10-19 02:15:00,63300.0,500.0,2000.0
1144,2021-10-19 02:15:00,63300.0,100.0,1500.0
1145,2021-10-19 02:15:00,63300.0,100.0,1400.0
1146,2021-10-19 02:15:00,63300.0,500.0,1300.0
1147,2021-10-19 02:15:00,63300.0,100.0,800.0
1148,2021-10-19 02:15:00,63300.0,100.0,700.0
1149,2021-10-19 02:15:00,63300.0,100.0,600.0
1150,2021-10-19 02:15:00,63300.0,300.0,500.0
1151,2021-10-19 02:15:00,63300.0,200.0,200.0
