,Time,Price,Volume_per_trade,Volume
0,2021-10-12 07:45:00,67500.0,200.0,588600.0
1,2021-10-12 07:45:00,67500.0,300.0,588400.0
2,2021-10-12 07:45:00,67500.0,500.0,588100.0
3,2021-10-12 07:45:00,67500.0,100.0,587600.0
4,2021-10-12 07:45:00,67500.0,200.0,587500.0
5,2021-10-12 07:45:00,67500.0,500.0,587300.0
6,2021-10-12 07:45:00,67500.0,200.0,586800.0
7,2021-10-12 07:45:00,67500.0,100.0,586600.0
8,2021-10-12 07:45:00,67500.0,100.0,586500.0
9,2021-10-12 07:45:00,67500.0,900.0,586400.0
10,2021-10-12 07:45:00,67500.0,100.0,585500.0
11,2021-10-12 07:45:00,67500.0,200.0,585400.0
12,2021-10-12 07:45:00,67500.0,200.0,585200.0
13,2021-10-12 07:45:00,67500.0,100.0,585000.0
14,2021-10-12 07:45:00,67500.0,200.0,584900.0
15,2021-10-12 07:45:00,67500.0,200.0,584700.0
16,2021-10-12 07:45:00,67500.0,200.0,584500.0
17,2021-10-12 07:45:00,67500.0,1000.0,584300.0
18,2021-10-12 07:45:00,67500.0,500.0,583300.0
19,2021-10-12 07:45:00,67500.0,1000.0,582800.0
20,2021-10-12 07:45:00,67500.0,1400.0,581800.0
21,2021-10-12 07:45:00,67500.0,300.0,580400.0
22,2021-10-12 07:45:00,67500.0,100.0,580100.0
23,2021-10-12 07:45:00,67500.0,1000.0,580000.0
24,2021-10-12 07:45:00,67500.0,1000.0,579000.0
25,2021-10-12 07:45:00,67500.0,100.0,578000.0
26,2021-10-12 07:45:00,67500.0,800.0,577900.0
27,2021-10-12 07:45:00,67500.0,100.0,577100.0
28,2021-10-12 07:45:00,67500.0,200.0,577000.0
29,2021-10-12 07:45:00,67500.0,200.0,576800.0
30,2021-10-12 07:45:00,67500.0,300.0,576600.0
31,2021-10-12 07:45:00,67500.0,4700.0,576300.0
32,2021-10-12 07:45:00,67500.0,100.0,571600.0
33,2021-10-12 07:45:00,67500.0,2200.0,571500.0
34,2021-10-12 07:45:00,67500.0,500.0,569300.0
35,2021-10-12 07:45:00,67500.0,300.0,568800.0
36,2021-10-12 07:29:37,67600.0,300.0,568500.0
37,2021-10-12 07:29:29,67600.0,100.0,568200.0
38,2021-10-12 07:28:57,67600.0,100.0,568100.0
39,2021-10-12 07:28:32,67600.0,100.0,568000.0
40,2021-10-12 07:28:24,67600.0,300.0,567900.0
41,2021-10-12 07:28:24,67600.0,4700.0,567600.0
42,2021-10-12 07:28:18,67600.0,600.0,562900.0
43,2021-10-12 07:27:57,67600.0,1000.0,562300.0
44,2021-10-12 07:27:45,67600.0,300.0,561300.0
45,2021-10-12 07:27:31,67600.0,200.0,561000.0
46,2021-10-12 07:27:23,67600.0,100.0,560800.0
47,2021-10-12 07:27:23,67600.0,200.0,560700.0
48,2021-10-12 07:27:23,67600.0,100.0,560500.0
49,2021-10-12 07:27:03,67700.0,100.0,560400.0
50,2021-10-12 07:26:54,67600.0,300.0,560300.0
51,2021-10-12 07:26:35,67600.0,100.0,560000.0
52,2021-10-12 07:26:35,67600.0,100.0,559900.0
53,2021-10-12 07:26:35,67600.0,1300.0,559800.0
54,2021-10-12 07:26:24,67600.0,400.0,558500.0
55,2021-10-12 07:25:29,67700.0,200.0,558100.0
56,2021-10-12 07:25:17,67700.0,100.0,557900.0
57,2021-10-12 07:25:17,67700.0,100.0,557800.0
58,2021-10-12 07:25:07,67700.0,200.0,557700.0
59,2021-10-12 07:25:07,67700.0,100.0,557500.0
60,2021-10-12 07:25:07,67700.0,500.0,557400.0
61,2021-10-12 07:25:07,67700.0,200.0,556900.0
62,2021-10-12 07:25:04,67800.0,500.0,556700.0
63,2021-10-12 07:23:47,67900.0,500.0,556200.0
64,2021-10-12 07:22:02,67700.0,100.0,555700.0
65,2021-10-12 07:22:02,67700.0,100.0,555600.0
66,2021-10-12 07:22:02,67700.0,100.0,555500.0
67,2021-10-12 07:22:02,67700.0,100.0,555400.0
68,2021-10-12 07:20:54,67800.0,100.0,555300.0
69,2021-10-12 07:19:52,67800.0,100.0,555200.0
70,2021-10-12 07:17:09,67700.0,2000.0,555100.0
71,2021-10-12 07:17:02,68000.0,2700.0,553100.0
72,2021-10-12 07:17:02,68000.0,1400.0,550400.0
73,2021-10-12 07:17:02,68000.0,500.0,549000.0
74,2021-10-12 07:17:02,68000.0,200.0,548500.0
75,2021-10-12 07:17:02,68000.0,100.0,548300.0
76,2021-10-12 07:17:02,68000.0,1200.0,548200.0
77,2021-10-12 07:17:02,67900.0,200.0,547000.0
78,2021-10-12 07:17:02,67900.0,2000.0,546800.0
79,2021-10-12 07:17:02,67900.0,200.0,544800.0
80,2021-10-12 07:17:02,67800.0,3000.0,544600.0
81,2021-10-12 07:17:02,67800.0,500.0,541600.0
82,2021-10-12 07:17:02,67800.0,300.0,541100.0
83,2021-10-12 07:17:02,67800.0,100.0,540800.0
84,2021-10-12 07:15:57,67700.0,1000.0,540700.0
85,2021-10-12 07:14:23,67700.0,100.0,539700.0
86,2021-10-12 07:13:39,67700.0,400.0,539600.0
87,2021-10-12 07:13:21,67700.0,300.0,539200.0
88,2021-10-12 07:13:21,67700.0,1000.0,538900.0
89,2021-10-12 07:13:21,67700.0,200.0,537900.0
90,2021-10-12 07:11:26,67700.0,100.0,537700.0
91,2021-10-12 07:11:18,67700.0,1000.0,537600.0
92,2021-10-12 07:09:34,67700.0,100.0,536600.0
93,2021-10-12 07:09:34,67700.0,300.0,536500.0
94,2021-10-12 07:09:12,67700.0,1000.0,536200.0
95,2021-10-12 07:08:45,67800.0,100.0,535200.0
96,2021-10-12 07:08:23,67800.0,2000.0,535100.0
97,2021-10-12 07:08:16,67700.0,1000.0,533100.0
98,2021-10-12 07:08:14,67700.0,200.0,532100.0
99,2021-10-12 07:07:32,67700.0,500.0,531900.0
100,2021-10-12 07:07:32,67700.0,200.0,531400.0
101,2021-10-12 07:07:32,67700.0,1800.0,531200.0
102,2021-10-12 07:06:47,67700.0,500.0,529400.0
103,2021-10-12 07:06:42,67700.0,700.0,528900.0
104,2021-10-12 07:06:42,67700.0,100.0,528200.0
105,2021-10-12 07:06:30,67700.0,2000.0,528100.0
106,2021-10-12 07:06:04,67700.0,100.0,526100.0
107,2021-10-12 07:05:46,67600.0,500.0,526000.0
108,2021-10-12 07:05:46,67600.0,1800.0,525500.0
109,2021-10-12 07:05:41,67500.0,200.0,523700.0
110,2021-10-12 07:05:03,67500.0,100.0,523500.0
111,2021-10-12 07:04:23,67500.0,500.0,523400.0
112,2021-10-12 07:03:44,67400.0,200.0,522900.0
113,2021-10-12 07:03:23,67400.0,1100.0,522700.0
114,2021-10-12 07:03:23,67500.0,900.0,521600.0
115,2021-10-12 07:03:20,67500.0,1000.0,520700.0
116,2021-10-12 07:03:20,67500.0,100.0,519700.0
117,2021-10-12 07:03:16,67500.0,900.0,519600.0
118,2021-10-12 07:03:16,67500.0,100.0,518700.0
119,2021-10-12 07:02:54,67400.0,3100.0,518600.0
120,2021-10-12 07:02:19,67400.0,100.0,515500.0
121,2021-10-12 07:02:19,67400.0,100.0,515400.0
122,2021-10-12 07:02:19,67400.0,100.0,515300.0
123,2021-10-12 07:02:19,67400.0,500.0,515200.0
124,2021-10-12 07:02:19,67400.0,600.0,514700.0
125,2021-10-12 07:01:30,67400.0,100.0,514100.0
126,2021-10-12 07:01:30,67400.0,400.0,514000.0
127,2021-10-12 07:01:01,67400.0,600.0,513600.0
128,2021-10-12 07:01:01,67400.0,100.0,513000.0
129,2021-10-12 07:01:01,67400.0,1500.0,512900.0
130,2021-10-12 07:00:22,67500.0,200.0,511400.0
131,2021-10-12 07:00:17,67500.0,800.0,511200.0
132,2021-10-12 07:00:17,67500.0,1200.0,510400.0
133,2021-10-12 06:59:37,67500.0,800.0,509200.0
134,2021-10-12 06:59:37,67500.0,100.0,508400.0
135,2021-10-12 06:59:37,67500.0,100.0,508300.0
136,2021-10-12 06:59:32,67400.0,2000.0,508200.0
137,2021-10-12 06:59:18,67400.0,1500.0,506200.0
138,2021-10-12 06:59:18,67400.0,300.0,504700.0
139,2021-10-12 06:59:18,67400.0,100.0,504400.0
140,2021-10-12 06:59:18,67400.0,100.0,504300.0
141,2021-10-12 06:59:18,67400.0,2000.0,504200.0
142,2021-10-12 06:59:08,67500.0,200.0,502200.0
143,2021-10-12 06:59:08,67500.0,800.0,502000.0
144,2021-10-12 06:58:49,67500.0,200.0,501200.0
145,2021-10-12 06:58:49,67500.0,300.0,501000.0
146,2021-10-12 06:58:46,67500.0,1000.0,500700.0
147,2021-10-12 06:58:04,67500.0,700.0,499700.0
148,2021-10-12 06:57:31,67500.0,300.0,499000.0
149,2021-10-12 06:57:31,67500.0,500.0,498700.0
150,2021-10-12 06:57:31,67500.0,500.0,498200.0
151,2021-10-12 06:57:00,67500.0,500.0,497700.0
152,2021-10-12 06:55:47,67500.0,200.0,497200.0
153,2021-10-12 06:55:29,67500.0,300.0,497000.0
154,2021-10-12 06:55:18,67500.0,700.0,496700.0
155,2021-10-12 06:53:57,67500.0,100.0,496000.0
156,2021-10-12 06:53:45,67500.0,100.0,495900.0
157,2021-10-12 06:53:27,67500.0,100.0,495800.0
158,2021-10-12 06:52:56,67500.0,100.0,495700.0
159,2021-10-12 06:52:56,67500.0,100.0,495600.0
160,2021-10-12 06:52:56,67500.0,200.0,495500.0
161,2021-10-12 06:52:56,67500.0,1000.0,495300.0
162,2021-10-12 06:52:56,67500.0,500.0,494300.0
163,2021-10-12 06:52:56,67500.0,100.0,493800.0
164,2021-10-12 06:52:56,67500.0,5000.0,493700.0
165,2021-10-12 06:52:56,67500.0,1000.0,488700.0
166,2021-10-12 06:52:27,67600.0,200.0,487700.0
167,2021-10-12 06:52:27,67600.0,500.0,487500.0
168,2021-10-12 06:52:06,67600.0,1000.0,487000.0
169,2021-10-12 06:52:06,67600.0,200.0,486000.0
170,2021-10-12 06:52:06,67600.0,300.0,485800.0
171,2021-10-12 06:52:06,67600.0,800.0,485500.0
172,2021-10-12 06:52:06,67600.0,800.0,484700.0
173,2021-10-12 06:52:06,67600.0,800.0,483900.0
174,2021-10-12 06:52:06,67600.0,1500.0,483100.0
175,2021-10-12 06:51:22,67600.0,300.0,481600.0
176,2021-10-12 06:51:22,67600.0,200.0,481300.0
177,2021-10-12 06:51:21,67700.0,500.0,481100.0
178,2021-10-12 06:51:19,67600.0,800.0,480600.0
179,2021-10-12 06:51:15,67600.0,2000.0,479800.0
180,2021-10-12 06:50:01,67700.0,100.0,477800.0
181,2021-10-12 06:50:01,67700.0,200.0,477700.0
182,2021-10-12 06:50:01,67700.0,100.0,477500.0
183,2021-10-12 06:44:29,67800.0,1200.0,477400.0
184,2021-10-12 06:44:29,67800.0,1000.0,476200.0
185,2021-10-12 06:44:29,67700.0,1000.0,475200.0
186,2021-10-12 06:44:29,67700.0,100.0,474200.0
187,2021-10-12 06:44:29,67700.0,700.0,474100.0
188,2021-10-12 06:44:29,67600.0,1000.0,473400.0
189,2021-10-12 06:44:21,67600.0,200.0,472400.0
190,2021-10-12 06:44:21,67600.0,800.0,472200.0
191,2021-10-12 06:44:21,67600.0,100.0,471400.0
192,2021-10-12 06:44:21,67600.0,100.0,471300.0
193,2021-10-12 06:44:21,67600.0,100.0,471200.0
194,2021-10-12 06:43:23,67600.0,100.0,471100.0
195,2021-10-12 06:42:17,67600.0,200.0,471000.0
196,2021-10-12 06:41:04,67700.0,100.0,470800.0
197,2021-10-12 06:41:04,67700.0,300.0,470700.0
198,2021-10-12 06:41:04,67700.0,3900.0,470400.0
199,2021-10-12 06:40:05,67700.0,900.0,466500.0
200,2021-10-12 06:39:49,67700.0,200.0,465600.0
201,2021-10-12 06:38:51,67700.0,1000.0,465400.0
202,2021-10-12 06:38:51,67700.0,1800.0,464400.0
203,2021-10-12 06:38:40,67700.0,100.0,462600.0
204,2021-10-12 06:38:07,67700.0,800.0,462500.0
205,2021-10-12 06:38:07,67700.0,3400.0,461700.0
206,2021-10-12 06:37:28,67600.0,100.0,458300.0
207,2021-10-12 06:37:28,67600.0,100.0,458200.0
208,2021-10-12 06:37:18,67700.0,100.0,458100.0
209,2021-10-12 06:37:18,67700.0,100.0,458000.0
210,2021-10-12 06:37:18,67700.0,200.0,457900.0
211,2021-10-12 06:37:18,67700.0,100.0,457700.0
212,2021-10-12 06:37:18,67700.0,100.0,457600.0
213,2021-10-12 06:37:18,67700.0,600.0,457500.0
214,2021-10-12 06:37:18,67700.0,200.0,456900.0
215,2021-10-12 06:37:18,67700.0,5000.0,456700.0
216,2021-10-12 06:37:18,67700.0,200.0,451700.0
217,2021-10-12 06:36:37,67700.0,300.0,451500.0
218,2021-10-12 06:35:52,67700.0,100.0,451200.0
219,2021-10-12 06:35:52,67700.0,100.0,451100.0
220,2021-10-12 06:35:51,67700.0,100.0,451000.0
221,2021-10-12 06:35:08,67700.0,500.0,450900.0
222,2021-10-12 06:35:08,67700.0,100.0,450400.0
223,2021-10-12 06:35:08,67700.0,200.0,450300.0
224,2021-10-12 06:35:08,67700.0,100.0,450100.0
225,2021-10-12 06:35:08,67800.0,100.0,450000.0
226,2021-10-12 06:34:54,67800.0,100.0,449900.0
227,2021-10-12 06:34:54,67800.0,100.0,449800.0
228,2021-10-12 06:34:35,67800.0,200.0,449700.0
229,2021-10-12 06:28:04,67700.0,900.0,449500.0
230,2021-10-12 06:28:04,67700.0,200.0,448600.0
231,2021-10-12 06:28:04,67700.0,300.0,448400.0
232,2021-10-12 06:28:04,67700.0,100.0,448100.0
233,2021-10-12 06:28:03,67700.0,200.0,448000.0
234,2021-10-12 06:27:49,67700.0,100.0,447800.0
235,2021-10-12 06:27:34,67800.0,200.0,447700.0
236,2021-10-12 06:27:34,67800.0,300.0,447500.0
237,2021-10-12 06:26:58,67800.0,200.0,447200.0
238,2021-10-12 06:26:35,67800.0,300.0,447000.0
239,2021-10-12 06:26:27,67800.0,700.0,446700.0
240,2021-10-12 06:26:27,67800.0,200.0,446000.0
241,2021-10-12 06:25:03,67800.0,100.0,445800.0
242,2021-10-12 06:24:48,67800.0,200.0,445700.0
243,2021-10-12 06:22:56,67900.0,100.0,445500.0
244,2021-10-12 06:22:56,67900.0,100.0,445400.0
245,2021-10-12 06:22:47,67900.0,100.0,445300.0
246,2021-10-12 06:22:47,67900.0,100.0,445200.0
247,2021-10-12 06:22:41,68000.0,100.0,445100.0
248,2021-10-12 06:22:32,68000.0,100.0,445000.0
249,2021-10-12 06:21:14,68000.0,200.0,444900.0
250,2021-10-12 06:21:14,68000.0,400.0,444700.0
251,2021-10-12 06:21:07,68000.0,200.0,444300.0
252,2021-10-12 06:20:45,68000.0,9400.0,444100.0
253,2021-10-12 06:20:16,68000.0,900.0,434700.0
254,2021-10-12 06:20:14,68000.0,100.0,433800.0
255,2021-10-12 06:20:14,68000.0,200.0,433700.0
256,2021-10-12 06:20:12,68000.0,100.0,433500.0
257,2021-10-12 06:20:07,68000.0,300.0,433400.0
258,2021-10-12 06:19:32,68000.0,300.0,433100.0
259,2021-10-12 06:19:32,68000.0,200.0,432800.0
260,2021-10-12 06:19:21,68000.0,100.0,432600.0
261,2021-10-12 06:18:34,67900.0,100.0,432500.0
262,2021-10-12 06:16:16,67900.0,3900.0,432400.0
263,2021-10-12 06:16:16,67800.0,100.0,428500.0
264,2021-10-12 06:16:10,67700.0,1000.0,428400.0
265,2021-10-12 06:15:48,67800.0,100.0,427400.0
266,2021-10-12 06:14:59,67800.0,500.0,427300.0
267,2021-10-12 06:14:11,67800.0,100.0,426800.0
268,2021-10-12 06:14:04,67800.0,100.0,426700.0
269,2021-10-12 06:13:40,67800.0,200.0,426600.0
270,2021-10-12 06:13:07,67800.0,600.0,426400.0
271,2021-10-12 06:13:07,67800.0,900.0,425800.0
272,2021-10-12 06:13:00,67800.0,100.0,424900.0
273,2021-10-12 06:11:59,67700.0,1000.0,424800.0
274,2021-10-12 06:11:59,67700.0,500.0,423800.0
275,2021-10-12 06:11:59,67700.0,100.0,423300.0
276,2021-10-12 06:11:58,67700.0,800.0,423200.0
277,2021-10-12 06:11:58,67700.0,200.0,422400.0
278,2021-10-12 06:11:07,67600.0,200.0,422200.0
279,2021-10-12 06:11:07,67600.0,200.0,422000.0
280,2021-10-12 06:10:53,67600.0,400.0,421800.0
281,2021-10-12 06:10:53,67600.0,1000.0,421400.0
282,2021-10-12 06:10:53,67600.0,1600.0,420400.0
283,2021-10-12 06:10:50,67600.0,400.0,418800.0
284,2021-10-12 06:10:47,67600.0,100.0,418400.0
285,2021-10-12 06:09:48,67400.0,200.0,418300.0
286,2021-10-12 06:09:39,67400.0,1800.0,418100.0
287,2021-10-12 06:09:39,67400.0,300.0,416300.0
288,2021-10-12 06:09:39,67400.0,200.0,416000.0
289,2021-10-12 06:09:11,67600.0,500.0,415800.0
290,2021-10-12 06:09:11,67500.0,500.0,415300.0
291,2021-10-12 06:08:14,67500.0,500.0,414800.0
292,2021-10-12 06:07:09,67500.0,2000.0,414300.0
293,2021-10-12 06:05:00,67400.0,100.0,412300.0
294,2021-10-12 06:04:40,67400.0,200.0,412200.0
295,2021-10-12 06:04:40,67500.0,1300.0,412000.0
296,2021-10-12 06:04:40,67500.0,500.0,410700.0
297,2021-10-12 06:01:59,67500.0,900.0,410200.0
298,2021-10-12 06:01:59,67400.0,100.0,409300.0
299,2021-10-12 06:01:40,67300.0,500.0,409200.0
300,2021-10-12 06:01:40,67300.0,200.0,408700.0
301,2021-10-12 06:00:49,67400.0,100.0,408500.0
302,2021-10-12 06:00:12,67400.0,100.0,408400.0
303,2021-10-12 06:00:10,67400.0,400.0,408300.0
304,2021-10-12 06:00:04,67400.0,100.0,407900.0
305,2021-10-12 06:00:03,67300.0,1000.0,407800.0
306,2021-10-12 06:00:03,67400.0,100.0,406800.0
307,2021-10-12 06:00:02,67400.0,1600.0,406700.0
308,2021-10-12 06:00:01,67500.0,100.0,405100.0
309,2021-10-12 06:00:01,67500.0,100.0,405000.0
310,2021-10-12 06:00:01,67400.0,1800.0,404900.0
311,2021-10-12 06:00:01,67400.0,200.0,403100.0
312,2021-10-12 04:28:37,67400.0,100.0,402900.0
313,2021-10-12 04:28:09,67400.0,200.0,402800.0
314,2021-10-12 04:27:37,67400.0,200.0,402600.0
315,2021-10-12 04:27:26,67400.0,3000.0,402400.0
316,2021-10-12 04:27:11,67400.0,1800.0,399400.0
317,2021-10-12 04:27:09,67400.0,400.0,397600.0
318,2021-10-12 04:27:00,67400.0,200.0,397200.0
319,2021-10-12 04:25:47,67400.0,2000.0,397000.0
320,2021-10-12 04:25:44,67400.0,100.0,395000.0
321,2021-10-12 04:25:44,67400.0,2000.0,394900.0
322,2021-10-12 04:25:44,67400.0,1300.0,392900.0
323,2021-10-12 04:25:00,67400.0,700.0,391600.0
324,2021-10-12 04:25:00,67400.0,300.0,390900.0
325,2021-10-12 04:24:31,67400.0,100.0,390600.0
326,2021-10-12 04:22:47,67400.0,600.0,390500.0
327,2021-10-12 04:19:26,67300.0,100.0,389900.0
328,2021-10-12 04:19:26,67300.0,100.0,389800.0
329,2021-10-12 04:19:26,67300.0,700.0,389700.0
330,2021-10-12 04:16:26,67300.0,300.0,389000.0
331,2021-10-12 04:15:56,67300.0,100.0,388700.0
332,2021-10-12 04:15:56,67300.0,3800.0,388600.0
333,2021-10-12 04:15:56,67300.0,100.0,384800.0
334,2021-10-12 04:15:46,67200.0,600.0,384700.0
335,2021-10-12 04:15:42,67200.0,2500.0,384100.0
336,2021-10-12 04:15:42,67200.0,1000.0,381600.0
337,2021-10-12 04:15:42,67200.0,500.0,380600.0
338,2021-10-12 04:14:38,67300.0,200.0,380100.0
339,2021-10-12 04:14:09,67200.0,200.0,379900.0
340,2021-10-12 04:14:09,67200.0,100.0,379700.0
341,2021-10-12 04:12:10,67200.0,900.0,379600.0
342,2021-10-12 04:12:10,67200.0,100.0,378700.0
343,2021-10-12 04:11:14,67200.0,400.0,378600.0
344,2021-10-12 04:10:24,67200.0,300.0,378200.0
345,2021-10-12 04:10:10,67200.0,300.0,377900.0
346,2021-10-12 04:09:57,67200.0,300.0,377600.0
347,2021-10-12 04:09:47,67200.0,100.0,377300.0
348,2021-10-12 04:09:10,67200.0,500.0,377200.0
349,2021-10-12 04:09:10,67200.0,500.0,376700.0
350,2021-10-12 04:09:05,67200.0,100.0,376200.0
351,2021-10-12 04:08:17,67200.0,100.0,376100.0
352,2021-10-12 04:08:17,67200.0,200.0,376000.0
353,2021-10-12 04:08:04,67200.0,100.0,375800.0
354,2021-10-12 04:08:03,67200.0,4800.0,375700.0
355,2021-10-12 04:07:54,67100.0,1000.0,370900.0
356,2021-10-12 04:07:52,67200.0,500.0,369900.0
357,2021-10-12 04:07:27,67200.0,400.0,369400.0
358,2021-10-12 04:07:01,67200.0,300.0,369000.0
359,2021-10-12 04:06:28,67100.0,1000.0,368700.0
360,2021-10-12 04:06:25,67100.0,400.0,367700.0
361,2021-10-12 04:05:52,67100.0,1500.0,367300.0
362,2021-10-12 04:05:52,67100.0,500.0,365800.0
363,2021-10-12 04:05:44,67100.0,1000.0,365300.0
364,2021-10-12 04:04:40,67100.0,500.0,364300.0
365,2021-10-12 04:04:40,67100.0,100.0,363800.0
366,2021-10-12 04:04:40,67100.0,500.0,363700.0
367,2021-10-12 04:04:40,67100.0,100.0,363200.0
368,2021-10-12 04:04:40,67100.0,700.0,363100.0
369,2021-10-12 04:04:40,67100.0,100.0,362400.0
370,2021-10-12 04:04:40,67100.0,100.0,362300.0
371,2021-10-12 04:04:40,67100.0,100.0,362200.0
372,2021-10-12 04:03:27,67100.0,100.0,362100.0
373,2021-10-12 04:03:27,67100.0,100.0,362000.0
374,2021-10-12 04:03:27,67100.0,100.0,361900.0
375,2021-10-12 04:02:31,67200.0,1700.0,361800.0
376,2021-10-12 04:02:31,67200.0,300.0,360100.0
377,2021-10-12 04:02:04,67200.0,100.0,359800.0
378,2021-10-12 04:02:04,67100.0,100.0,359700.0
379,2021-10-12 04:02:04,67100.0,200.0,359600.0
380,2021-10-12 04:02:04,67100.0,300.0,359400.0
381,2021-10-12 04:01:51,67200.0,2000.0,359100.0
382,2021-10-12 04:01:50,67200.0,100.0,357100.0
383,2021-10-12 04:01:50,67200.0,200.0,357000.0
384,2021-10-12 04:01:38,67200.0,200.0,356800.0
385,2021-10-12 04:01:17,67200.0,1100.0,356600.0
386,2021-10-12 04:00:57,67100.0,700.0,355500.0
387,2021-10-12 04:00:57,67100.0,400.0,354800.0
388,2021-10-12 04:00:57,67100.0,200.0,354400.0
389,2021-10-12 04:00:57,67100.0,500.0,354200.0
390,2021-10-12 04:00:57,67100.0,5000.0,353700.0
391,2021-10-12 04:00:57,67100.0,4300.0,348700.0
392,2021-10-12 04:00:57,67200.0,200.0,344400.0
393,2021-10-12 04:00:57,67200.0,100.0,344200.0
394,2021-10-12 04:00:57,67200.0,300.0,344100.0
395,2021-10-12 04:00:57,67200.0,500.0,343800.0
396,2021-10-12 04:00:57,67200.0,100.0,343300.0
397,2021-10-12 04:00:57,67200.0,100.0,343200.0
398,2021-10-12 04:00:57,67200.0,500.0,343100.0
399,2021-10-12 04:00:57,67200.0,1000.0,342600.0
400,2021-10-12 04:00:57,67200.0,100.0,341600.0
401,2021-10-12 04:00:57,67200.0,100.0,341500.0
402,2021-10-12 04:00:57,67200.0,200.0,341400.0
403,2021-10-12 04:00:57,67200.0,200.0,341200.0
404,2021-10-12 04:00:57,67200.0,2700.0,341000.0
405,2021-10-12 04:00:57,67200.0,300.0,338300.0
406,2021-10-12 04:00:57,67200.0,500.0,338000.0
407,2021-10-12 04:00:57,67200.0,200.0,337500.0
408,2021-10-12 04:00:57,67200.0,300.0,337300.0
409,2021-10-12 04:00:57,67200.0,200.0,337000.0
410,2021-10-12 04:00:57,67200.0,100.0,336800.0
411,2021-10-12 04:00:57,67200.0,1100.0,336700.0
412,2021-10-12 04:00:57,67300.0,500.0,335600.0
413,2021-10-12 04:00:57,67300.0,1000.0,335100.0
414,2021-10-12 04:00:43,67200.0,500.0,334100.0
415,2021-10-12 04:00:39,67300.0,200.0,333600.0
416,2021-10-12 04:00:39,67300.0,300.0,333400.0
417,2021-10-12 04:00:37,67200.0,200.0,333100.0
418,2021-10-12 04:00:19,67300.0,200.0,332900.0
419,2021-10-12 04:00:19,67300.0,800.0,332700.0
420,2021-10-12 04:00:03,67200.0,200.0,331900.0
421,2021-10-12 03:59:21,67200.0,200.0,331700.0
422,2021-10-12 03:58:59,67200.0,2800.0,331500.0
423,2021-10-12 03:58:59,67200.0,800.0,328700.0
424,2021-10-12 03:58:55,67300.0,200.0,327900.0
425,2021-10-12 03:58:55,67300.0,100.0,327700.0
426,2021-10-12 03:58:19,67300.0,500.0,327600.0
427,2021-10-12 03:58:19,67300.0,400.0,327100.0
428,2021-10-12 03:58:06,67300.0,100.0,326700.0
429,2021-10-12 03:57:56,67300.0,200.0,326600.0
430,2021-10-12 03:57:09,67300.0,100.0,326400.0
431,2021-10-12 03:56:38,67300.0,200.0,326300.0
432,2021-10-12 03:56:38,67300.0,100.0,326100.0
433,2021-10-12 03:56:38,67300.0,100.0,326000.0
434,2021-10-12 03:56:38,67300.0,1600.0,325900.0
435,2021-10-12 03:56:20,67400.0,900.0,324300.0
436,2021-10-12 03:56:20,67400.0,100.0,323400.0
437,2021-10-12 03:56:13,67300.0,100.0,323300.0
438,2021-10-12 03:54:56,67300.0,400.0,323200.0
439,2021-10-12 03:54:16,67300.0,900.0,322800.0
440,2021-10-12 03:54:16,67300.0,100.0,321900.0
441,2021-10-12 03:53:04,67300.0,1000.0,321800.0
442,2021-10-12 03:53:04,67300.0,100.0,320800.0
443,2021-10-12 03:53:04,67300.0,300.0,320700.0
444,2021-10-12 03:53:04,67300.0,200.0,320400.0
445,2021-10-12 03:53:04,67300.0,100.0,320200.0
446,2021-10-12 03:53:04,67300.0,100.0,320100.0
447,2021-10-12 03:53:04,67300.0,200.0,320000.0
448,2021-10-12 03:53:04,67300.0,2000.0,319800.0
449,2021-10-12 03:53:04,67300.0,100.0,317800.0
450,2021-10-12 03:53:04,67300.0,100.0,317700.0
451,2021-10-12 03:53:04,67300.0,100.0,317600.0
452,2021-10-12 03:53:04,67300.0,1900.0,317500.0
453,2021-10-12 03:49:52,67300.0,600.0,315600.0
454,2021-10-12 03:49:28,67300.0,200.0,315000.0
455,2021-10-12 03:48:58,67300.0,300.0,314800.0
456,2021-10-12 03:48:23,67300.0,100.0,314500.0
457,2021-10-12 03:48:23,67300.0,100.0,314400.0
458,2021-10-12 03:48:23,67300.0,1000.0,314300.0
459,2021-10-12 03:48:23,67300.0,100.0,313300.0
460,2021-10-12 03:48:23,67300.0,100.0,313200.0
461,2021-10-12 03:48:23,67300.0,200.0,313100.0
462,2021-10-12 03:48:23,67300.0,300.0,312900.0
463,2021-10-12 03:48:23,67300.0,500.0,312600.0
464,2021-10-12 03:48:23,67300.0,900.0,312100.0
465,2021-10-12 03:45:42,67300.0,200.0,311200.0
466,2021-10-12 03:45:42,67300.0,200.0,311000.0
467,2021-10-12 03:43:27,67300.0,4600.0,310800.0
468,2021-10-12 03:43:01,67300.0,400.0,306200.0
469,2021-10-12 03:43:01,67300.0,300.0,305800.0
470,2021-10-12 03:43:01,67300.0,300.0,305500.0
471,2021-10-12 03:42:22,67400.0,100.0,305200.0
472,2021-10-12 03:42:15,67400.0,600.0,305100.0
473,2021-10-12 03:42:15,67400.0,400.0,304500.0
474,2021-10-12 03:41:54,67400.0,200.0,304100.0
475,2021-10-12 03:41:22,67400.0,100.0,303900.0
476,2021-10-12 03:41:16,67400.0,100.0,303800.0
477,2021-10-12 03:40:00,67400.0,200.0,303700.0
478,2021-10-12 03:40:00,67400.0,100.0,303500.0
479,2021-10-12 03:40:00,67400.0,100.0,303400.0
480,2021-10-12 03:40:00,67400.0,600.0,303300.0
481,2021-10-12 03:39:46,67400.0,100.0,302700.0
482,2021-10-12 03:39:19,67400.0,200.0,302600.0
483,2021-10-12 03:38:55,67400.0,100.0,302400.0
484,2021-10-12 03:38:55,67400.0,100.0,302300.0
485,2021-10-12 03:36:28,67400.0,200.0,302200.0
486,2021-10-12 03:36:12,67300.0,200.0,302000.0
487,2021-10-12 03:35:32,67400.0,100.0,301800.0
488,2021-10-12 03:35:32,67400.0,100.0,301700.0
489,2021-10-12 03:34:38,67400.0,500.0,301600.0
490,2021-10-12 03:34:38,67400.0,100.0,301100.0
491,2021-10-12 03:34:02,67400.0,100.0,301000.0
492,2021-10-12 03:33:33,67400.0,100.0,300900.0
493,2021-10-12 03:33:18,67400.0,300.0,300800.0
494,2021-10-12 03:31:51,67400.0,100.0,300500.0
495,2021-10-12 03:31:51,67400.0,100.0,300400.0
496,2021-10-12 03:31:17,67400.0,900.0,300300.0
497,2021-10-12 03:31:17,67400.0,100.0,299400.0
498,2021-10-12 03:31:16,67400.0,200.0,299300.0
499,2021-10-12 03:30:58,67400.0,700.0,299100.0
500,2021-10-12 03:30:26,67400.0,1900.0,298400.0
501,2021-10-12 03:30:26,67400.0,400.0,296500.0
502,2021-10-12 03:30:23,67400.0,100.0,296100.0
503,2021-10-12 03:30:19,67400.0,500.0,296000.0
504,2021-10-12 03:29:22,67400.0,100.0,295500.0
505,2021-10-12 03:29:20,67400.0,300.0,295400.0
506,2021-10-12 03:29:11,67400.0,4700.0,295100.0
507,2021-10-12 03:28:49,67400.0,100.0,290400.0
508,2021-10-12 03:28:40,67400.0,200.0,290300.0
509,2021-10-12 03:26:54,67300.0,100.0,290100.0
510,2021-10-12 03:26:54,67500.0,200.0,290000.0
511,2021-10-12 03:26:50,67500.0,1000.0,289800.0
512,2021-10-12 03:26:50,67500.0,200.0,288800.0
513,2021-10-12 03:26:50,67500.0,200.0,288600.0
514,2021-10-12 03:26:50,67500.0,200.0,288400.0
515,2021-10-12 03:26:50,67500.0,200.0,288200.0
516,2021-10-12 03:26:50,67500.0,300.0,288000.0
517,2021-10-12 03:26:50,67400.0,100.0,287700.0
518,2021-10-12 03:26:35,67500.0,300.0,287600.0
519,2021-10-12 03:26:35,67500.0,300.0,287300.0
520,2021-10-12 03:24:09,67200.0,200.0,287000.0
521,2021-10-12 03:23:42,67200.0,100.0,286800.0
522,2021-10-12 03:23:42,67200.0,200.0,286700.0
523,2021-10-12 03:23:36,67200.0,100.0,286500.0
524,2021-10-12 03:23:36,67200.0,300.0,286400.0
525,2021-10-12 03:23:36,67200.0,400.0,286100.0
526,2021-10-12 03:23:33,67200.0,500.0,285700.0
527,2021-10-12 03:23:32,67200.0,100.0,285200.0
528,2021-10-12 03:23:32,67200.0,1900.0,285100.0
529,2021-10-12 03:23:26,67200.0,500.0,283200.0
530,2021-10-12 03:23:25,67200.0,100.0,282700.0
531,2021-10-12 03:22:57,67100.0,100.0,282600.0
532,2021-10-12 03:22:45,67100.0,500.0,282500.0
533,2021-10-12 03:22:44,67100.0,100.0,282000.0
534,2021-10-12 03:22:44,67100.0,100.0,281900.0
535,2021-10-12 03:22:42,67100.0,100.0,281800.0
536,2021-10-12 03:22:41,67100.0,1000.0,281700.0
537,2021-10-12 03:22:41,67100.0,500.0,280700.0
538,2021-10-12 03:22:40,67100.0,100.0,280200.0
539,2021-10-12 03:22:35,67100.0,100.0,280100.0
540,2021-10-12 03:22:35,67100.0,100.0,280000.0
541,2021-10-12 03:22:35,67100.0,300.0,279900.0
542,2021-10-12 03:22:35,67100.0,1500.0,279600.0
543,2021-10-12 03:22:29,67100.0,100.0,278100.0
544,2021-10-12 03:22:26,67000.0,200.0,278000.0
545,2021-10-12 03:22:26,67000.0,100.0,277800.0
546,2021-10-12 03:22:26,67000.0,400.0,277700.0
547,2021-10-12 03:22:26,67000.0,600.0,277300.0
548,2021-10-12 03:22:26,67000.0,100.0,276700.0
549,2021-10-12 03:22:26,67000.0,500.0,276600.0
550,2021-10-12 03:22:26,67000.0,100.0,276100.0
551,2021-10-12 03:22:08,67100.0,100.0,276000.0
552,2021-10-12 03:22:08,67000.0,300.0,275900.0
553,2021-10-12 03:22:06,67100.0,2000.0,275600.0
554,2021-10-12 03:22:04,67000.0,300.0,273600.0
555,2021-10-12 03:22:04,67100.0,200.0,273300.0
556,2021-10-12 03:21:54,67100.0,300.0,273100.0
557,2021-10-12 03:21:45,67000.0,100.0,272800.0
558,2021-10-12 03:21:45,67100.0,2000.0,272700.0
559,2021-10-12 03:21:36,67000.0,1000.0,270700.0
560,2021-10-12 03:21:35,67100.0,4500.0,269700.0
561,2021-10-12 03:21:18,67100.0,200.0,265200.0
562,2021-10-12 03:21:13,67000.0,100.0,265000.0
563,2021-10-12 03:21:13,67000.0,100.0,264900.0
564,2021-10-12 03:21:07,67000.0,100.0,264800.0
565,2021-10-12 03:21:07,67000.0,500.0,264700.0
566,2021-10-12 03:21:07,67000.0,100.0,264200.0
567,2021-10-12 03:21:07,67000.0,1300.0,264100.0
568,2021-10-12 03:21:01,67000.0,300.0,262800.0
569,2021-10-12 03:21:01,67000.0,100.0,262500.0
570,2021-10-12 03:21:01,67000.0,100.0,262400.0
571,2021-10-12 03:21:01,67000.0,200.0,262300.0
572,2021-10-12 03:20:40,67000.0,200.0,262100.0
573,2021-10-12 03:20:40,67000.0,500.0,261900.0
574,2021-10-12 03:20:40,67000.0,100.0,261400.0
575,2021-10-12 03:20:40,67000.0,200.0,261300.0
576,2021-10-12 03:20:40,67000.0,1000.0,261100.0
577,2021-10-12 03:20:40,67000.0,200.0,260100.0
578,2021-10-12 03:20:39,67100.0,200.0,259900.0
579,2021-10-12 03:20:20,67100.0,500.0,259700.0
580,2021-10-12 03:20:13,67000.0,100.0,259200.0
581,2021-10-12 03:20:13,67000.0,900.0,259100.0
582,2021-10-12 03:20:13,67100.0,500.0,258200.0
583,2021-10-12 03:20:07,67100.0,300.0,257700.0
584,2021-10-12 03:19:41,67100.0,500.0,257400.0
585,2021-10-12 03:19:16,67100.0,100.0,256900.0
586,2021-10-12 03:19:16,67100.0,2000.0,256800.0
587,2021-10-12 03:19:03,67000.0,100.0,254800.0
588,2021-10-12 03:19:03,67000.0,3100.0,254700.0
589,2021-10-12 03:18:58,67100.0,200.0,251600.0
590,2021-10-12 03:18:09,67100.0,100.0,251400.0
591,2021-10-12 03:17:36,67100.0,100.0,251300.0
592,2021-10-12 03:17:28,67100.0,500.0,251200.0
593,2021-10-12 03:17:25,67100.0,100.0,250700.0
594,2021-10-12 03:17:21,67100.0,200.0,250600.0
595,2021-10-12 03:17:20,67000.0,1900.0,250400.0
596,2021-10-12 03:17:20,67000.0,200.0,248500.0
597,2021-10-12 03:17:20,67000.0,500.0,248300.0
598,2021-10-12 03:17:20,67000.0,500.0,247800.0
599,2021-10-12 03:17:20,67000.0,500.0,247300.0
600,2021-10-12 03:17:20,67000.0,200.0,246800.0
601,2021-10-12 03:17:20,67000.0,200.0,246600.0
602,2021-10-12 03:17:20,67000.0,100.0,246400.0
603,2021-10-12 03:17:20,67000.0,900.0,246300.0
604,2021-10-12 03:17:15,67100.0,100.0,245400.0
605,2021-10-12 03:17:07,67100.0,500.0,245300.0
606,2021-10-12 03:17:07,67100.0,400.0,244800.0
607,2021-10-12 03:16:53,67100.0,300.0,244400.0
608,2021-10-12 03:16:53,67100.0,300.0,244100.0
609,2021-10-12 03:16:31,67100.0,200.0,243800.0
610,2021-10-12 03:16:29,67100.0,100.0,243600.0
611,2021-10-12 03:16:29,67100.0,100.0,243500.0
612,2021-10-12 03:16:28,67100.0,600.0,243400.0
613,2021-10-12 03:16:24,67100.0,2000.0,242800.0
614,2021-10-12 03:15:47,67100.0,100.0,240800.0
615,2021-10-12 03:15:45,67200.0,300.0,240700.0
616,2021-10-12 03:15:41,67100.0,100.0,240400.0
617,2021-10-12 03:15:41,67100.0,4300.0,240300.0
618,2021-10-12 03:15:40,67100.0,100.0,236000.0
619,2021-10-12 03:15:30,67000.0,100.0,235900.0
620,2021-10-12 03:15:30,67000.0,400.0,235800.0
621,2021-10-12 03:15:17,67000.0,100.0,235400.0
622,2021-10-12 03:15:15,67100.0,1000.0,235300.0
623,2021-10-12 03:15:06,67000.0,9500.0,234300.0
624,2021-10-12 03:14:57,67100.0,500.0,224800.0
625,2021-10-12 03:14:57,67100.0,100.0,224300.0
626,2021-10-12 03:14:57,67100.0,100.0,224200.0
627,2021-10-12 03:14:57,67100.0,100.0,224100.0
628,2021-10-12 03:14:57,67100.0,300.0,224000.0
629,2021-10-12 03:14:47,67100.0,200.0,223700.0
630,2021-10-12 03:14:39,67200.0,300.0,223500.0
631,2021-10-12 03:14:12,67200.0,1000.0,223200.0
632,2021-10-12 03:14:10,67100.0,200.0,222200.0
633,2021-10-12 03:14:10,67100.0,100.0,222000.0
634,2021-10-12 03:14:10,67100.0,200.0,221900.0
635,2021-10-12 03:14:10,67100.0,2200.0,221700.0
636,2021-10-12 03:14:10,67100.0,100.0,219500.0
637,2021-10-12 03:14:10,67100.0,300.0,219400.0
638,2021-10-12 03:14:10,67100.0,300.0,219100.0
639,2021-10-12 03:14:10,67100.0,300.0,218800.0
640,2021-10-12 03:14:10,67100.0,200.0,218500.0
641,2021-10-12 03:14:10,67100.0,100.0,218300.0
642,2021-10-12 03:14:08,67200.0,200.0,218200.0
643,2021-10-12 03:14:05,67200.0,200.0,218000.0
644,2021-10-12 03:14:05,67200.0,100.0,217800.0
645,2021-10-12 03:14:05,67200.0,400.0,217700.0
646,2021-10-12 03:13:34,67200.0,200.0,217300.0
647,2021-10-12 03:13:23,67200.0,3000.0,217100.0
648,2021-10-12 03:13:14,67200.0,1400.0,214100.0
649,2021-10-12 03:13:14,67200.0,200.0,212700.0
650,2021-10-12 03:13:14,67200.0,400.0,212500.0
651,2021-10-12 03:13:14,67200.0,500.0,212100.0
652,2021-10-12 03:13:14,67200.0,100.0,211600.0
653,2021-10-12 03:13:14,67200.0,200.0,211500.0
654,2021-10-12 03:13:14,67200.0,100.0,211300.0
655,2021-10-12 03:13:14,67200.0,200.0,211200.0
656,2021-10-12 03:13:14,67200.0,100.0,211000.0
657,2021-10-12 03:13:14,67300.0,200.0,210900.0
658,2021-10-12 03:13:14,67300.0,1000.0,210700.0
659,2021-10-12 03:13:14,67300.0,100.0,209700.0
660,2021-10-12 03:13:14,67300.0,500.0,209600.0
661,2021-10-12 03:13:09,67400.0,100.0,209100.0
662,2021-10-12 03:12:57,67400.0,100.0,209000.0
663,2021-10-12 03:12:49,67300.0,500.0,208900.0
664,2021-10-12 03:12:36,67400.0,200.0,208400.0
665,2021-10-12 03:12:36,67400.0,300.0,208200.0
666,2021-10-12 03:12:36,67300.0,200.0,207900.0
667,2021-10-12 03:12:34,67300.0,300.0,207700.0
668,2021-10-12 03:12:25,67300.0,1500.0,207400.0
669,2021-10-12 03:12:25,67300.0,100.0,205900.0
670,2021-10-12 03:12:25,67300.0,100.0,205800.0
671,2021-10-12 03:12:25,67300.0,100.0,205700.0
672,2021-10-12 03:12:25,67300.0,100.0,205600.0
673,2021-10-12 03:12:25,67300.0,200.0,205500.0
674,2021-10-12 03:12:25,67300.0,100.0,205300.0
675,2021-10-12 03:11:58,67400.0,100.0,205200.0
676,2021-10-12 03:11:58,67400.0,100.0,205100.0
677,2021-10-12 03:11:58,67400.0,500.0,205000.0
678,2021-10-12 03:11:58,67400.0,100.0,204500.0
679,2021-10-12 03:11:58,67400.0,100.0,204400.0
680,2021-10-12 03:11:58,67400.0,1800.0,204300.0
681,2021-10-12 03:11:48,67400.0,1200.0,202500.0
682,2021-10-12 03:11:48,67400.0,500.0,201300.0
683,2021-10-12 03:11:48,67400.0,300.0,200800.0
684,2021-10-12 03:11:45,67400.0,100.0,200500.0
685,2021-10-12 03:11:45,67400.0,500.0,200400.0
686,2021-10-12 03:11:45,67400.0,200.0,199900.0
687,2021-10-12 03:11:45,67400.0,100.0,199700.0
688,2021-10-12 03:11:45,67400.0,1000.0,199600.0
689,2021-10-12 03:11:45,67400.0,2000.0,198600.0
690,2021-10-12 03:11:45,67400.0,100.0,196600.0
691,2021-10-12 03:11:45,67400.0,3000.0,196500.0
692,2021-10-12 03:11:45,67400.0,500.0,193500.0
693,2021-10-12 03:11:45,67400.0,100.0,193000.0
694,2021-10-12 03:11:16,67400.0,200.0,192900.0
695,2021-10-12 03:11:16,67400.0,100.0,192700.0
696,2021-10-12 03:11:04,67500.0,100.0,192600.0
697,2021-10-12 03:10:51,67500.0,600.0,192500.0
698,2021-10-12 03:08:31,67500.0,100.0,191900.0
699,2021-10-12 03:08:31,67500.0,100.0,191800.0
700,2021-10-12 03:08:31,67500.0,300.0,191700.0
701,2021-10-12 03:08:28,67600.0,100.0,191400.0
702,2021-10-12 03:08:25,67500.0,500.0,191300.0
703,2021-10-12 03:08:09,67500.0,400.0,190800.0
704,2021-10-12 03:07:51,67500.0,300.0,190400.0
705,2021-10-12 03:07:51,67500.0,900.0,190100.0
706,2021-10-12 03:07:40,67500.0,100.0,189200.0
707,2021-10-12 03:07:40,67500.0,600.0,189100.0
708,2021-10-12 03:07:40,67500.0,100.0,188500.0
709,2021-10-12 03:07:40,67500.0,100.0,188400.0
710,2021-10-12 03:07:40,67500.0,1000.0,188300.0
711,2021-10-12 03:07:40,67500.0,500.0,187300.0
712,2021-10-12 03:07:40,67500.0,200.0,186800.0
713,2021-10-12 03:07:40,67500.0,100.0,186600.0
714,2021-10-12 03:07:40,67500.0,300.0,186500.0
715,2021-10-12 03:07:36,67500.0,500.0,186200.0
716,2021-10-12 03:07:36,67500.0,1000.0,185700.0
717,2021-10-12 03:07:36,67500.0,1000.0,184700.0
718,2021-10-12 03:07:36,67500.0,200.0,183700.0
719,2021-10-12 03:07:36,67500.0,500.0,183500.0
720,2021-10-12 03:07:36,67500.0,100.0,183000.0
721,2021-10-12 03:07:36,67500.0,100.0,182900.0
722,2021-10-12 03:07:36,67500.0,300.0,182800.0
723,2021-10-12 03:07:36,67500.0,1000.0,182500.0
724,2021-10-12 03:07:36,67500.0,300.0,181500.0
725,2021-10-12 03:07:34,67500.0,100.0,181200.0
726,2021-10-12 03:07:22,67500.0,600.0,181100.0
727,2021-10-12 03:07:22,67500.0,100.0,180500.0
728,2021-10-12 03:07:22,67500.0,300.0,180400.0
729,2021-10-12 03:07:22,67500.0,1000.0,180100.0
730,2021-10-12 03:07:20,67500.0,5000.0,179100.0
731,2021-10-12 03:07:11,67500.0,400.0,174100.0
732,2021-10-12 03:06:49,67500.0,3000.0,173700.0
733,2021-10-12 03:06:46,67600.0,200.0,170700.0
734,2021-10-12 03:06:40,67500.0,1700.0,170500.0
735,2021-10-12 03:06:32,67500.0,500.0,168800.0
736,2021-10-12 03:05:20,67600.0,600.0,168300.0
737,2021-10-12 03:05:13,67600.0,100.0,167700.0
738,2021-10-12 03:05:06,67500.0,1600.0,167600.0
739,2021-10-12 03:04:59,67600.0,100.0,166000.0
740,2021-10-12 03:04:39,67600.0,300.0,165900.0
741,2021-10-12 03:04:39,67600.0,600.0,165600.0
742,2021-10-12 03:04:31,67600.0,3000.0,165000.0
743,2021-10-12 03:04:19,67600.0,100.0,162000.0
744,2021-10-12 03:03:38,67700.0,1800.0,161900.0
745,2021-10-12 03:03:38,67700.0,100.0,160100.0
746,2021-10-12 03:03:38,67700.0,100.0,160000.0
747,2021-10-12 03:03:38,67600.0,1000.0,159900.0
748,2021-10-12 03:03:37,67600.0,100.0,158900.0
749,2021-10-12 03:02:54,67600.0,200.0,158800.0
750,2021-10-12 03:02:52,67600.0,200.0,158600.0
751,2021-10-12 03:02:51,67500.0,200.0,158400.0
752,2021-10-12 03:02:12,67500.0,6600.0,158200.0
753,2021-10-12 03:02:12,67500.0,100.0,151600.0
754,2021-10-12 03:02:12,67500.0,100.0,151500.0
755,2021-10-12 03:02:12,67500.0,500.0,151400.0
756,2021-10-12 03:02:12,67500.0,2500.0,150900.0
757,2021-10-12 03:02:12,67500.0,100.0,148400.0
758,2021-10-12 03:02:12,67500.0,200.0,148300.0
759,2021-10-12 03:02:12,67500.0,4700.0,148100.0
760,2021-10-12 03:02:12,67500.0,200.0,143400.0
761,2021-10-12 03:02:00,67600.0,1300.0,143200.0
762,2021-10-12 03:01:46,67600.0,100.0,141900.0
763,2021-10-12 03:01:46,67600.0,100.0,141800.0
764,2021-10-12 03:01:46,67600.0,200.0,141700.0
765,2021-10-12 03:01:46,67600.0,100.0,141500.0
766,2021-10-12 03:01:46,67600.0,100.0,141400.0
767,2021-10-12 03:01:46,67600.0,200.0,141300.0
768,2021-10-12 03:01:44,67600.0,100.0,141100.0
769,2021-10-12 03:01:44,67600.0,100.0,141000.0
770,2021-10-12 03:01:14,67600.0,100.0,140900.0
771,2021-10-12 03:01:08,67600.0,200.0,140800.0
772,2021-10-12 03:01:05,67600.0,700.0,140600.0
773,2021-10-12 03:01:05,67600.0,100.0,139900.0
774,2021-10-12 03:01:05,67600.0,200.0,139800.0
775,2021-10-12 03:01:05,67600.0,1000.0,139600.0
776,2021-10-12 03:00:20,67600.0,500.0,138600.0
777,2021-10-12 03:00:13,67600.0,100.0,138100.0
778,2021-10-12 02:58:21,67600.0,400.0,138000.0
779,2021-10-12 02:58:21,67600.0,200.0,137600.0
780,2021-10-12 02:58:19,67600.0,200.0,137400.0
781,2021-10-12 02:58:06,67600.0,100.0,137200.0
782,2021-10-12 02:57:31,67600.0,400.0,137100.0
783,2021-10-12 02:57:13,67600.0,100.0,136700.0
784,2021-10-12 02:56:22,67600.0,100.0,136600.0
785,2021-10-12 02:55:52,67500.0,200.0,136500.0
786,2021-10-12 02:55:50,67500.0,100.0,136300.0
787,2021-10-12 02:55:50,67500.0,100.0,136200.0
788,2021-10-12 02:55:08,67500.0,100.0,136100.0
789,2021-10-12 02:55:03,67600.0,200.0,136000.0
790,2021-10-12 02:55:03,67600.0,300.0,135800.0
791,2021-10-12 02:54:28,67600.0,600.0,135500.0
792,2021-10-12 02:54:28,67600.0,1000.0,134900.0
793,2021-10-12 02:54:28,67600.0,2800.0,133900.0
794,2021-10-12 02:54:10,67600.0,500.0,131100.0
795,2021-10-12 02:53:51,67600.0,200.0,130600.0
796,2021-10-12 02:53:31,67600.0,200.0,130400.0
797,2021-10-12 02:53:03,67600.0,3100.0,130200.0
798,2021-10-12 02:53:03,67600.0,1000.0,127100.0
799,2021-10-12 02:53:03,67600.0,300.0,126100.0
800,2021-10-12 02:53:03,67600.0,5000.0,125800.0
801,2021-10-12 02:53:03,67600.0,200.0,120800.0
802,2021-10-12 02:53:03,67600.0,100.0,120600.0
803,2021-10-12 02:53:03,67600.0,100.0,120500.0
804,2021-10-12 02:53:03,67600.0,100.0,120400.0
805,2021-10-12 02:53:03,67700.0,500.0,120300.0
806,2021-10-12 02:53:03,67700.0,1400.0,119800.0
807,2021-10-12 02:52:41,67700.0,1600.0,118400.0
808,2021-10-12 02:52:13,67700.0,100.0,116800.0
809,2021-10-12 02:52:11,67700.0,100.0,116700.0
810,2021-10-12 02:52:11,67700.0,200.0,116600.0
811,2021-10-12 02:51:45,67700.0,100.0,116400.0
812,2021-10-12 02:51:16,67700.0,900.0,116300.0
813,2021-10-12 02:51:06,67700.0,100.0,115400.0
814,2021-10-12 02:50:51,67800.0,500.0,115300.0
815,2021-10-12 02:50:51,67800.0,100.0,114800.0
816,2021-10-12 02:50:23,67800.0,100.0,114700.0
817,2021-10-12 02:50:16,67800.0,200.0,114600.0
818,2021-10-12 02:49:43,67900.0,100.0,114400.0
819,2021-10-12 02:49:12,67900.0,500.0,114300.0
820,2021-10-12 02:47:39,67900.0,1000.0,113800.0
821,2021-10-12 02:47:39,67900.0,500.0,112800.0
822,2021-10-12 02:47:39,67900.0,200.0,112300.0
823,2021-10-12 02:47:39,67900.0,1700.0,112100.0
824,2021-10-12 02:47:24,67900.0,200.0,110400.0
825,2021-10-12 02:46:49,67600.0,400.0,110200.0
826,2021-10-12 02:46:49,67600.0,200.0,109800.0
827,2021-10-12 02:45:57,67600.0,6600.0,109600.0
828,2021-10-12 02:45:57,67700.0,200.0,103000.0
829,2021-10-12 02:45:57,67700.0,200.0,102800.0
830,2021-10-12 02:45:57,67700.0,1000.0,102600.0
831,2021-10-12 02:45:57,67800.0,100.0,101600.0
832,2021-10-12 02:45:57,67800.0,200.0,101500.0
833,2021-10-12 02:45:57,67800.0,400.0,101300.0
834,2021-10-12 02:44:33,67800.0,100.0,100900.0
835,2021-10-12 02:43:39,67700.0,200.0,100800.0
836,2021-10-12 02:43:17,67700.0,100.0,100600.0
837,2021-10-12 02:43:04,67600.0,2000.0,100500.0
838,2021-10-12 02:43:04,67600.0,100.0,98500.0
839,2021-10-12 02:43:04,67600.0,300.0,98400.0
840,2021-10-12 02:43:04,67600.0,100.0,98100.0
841,2021-10-12 02:43:04,67600.0,100.0,98000.0
842,2021-10-12 02:42:26,67600.0,100.0,97900.0
843,2021-10-12 02:42:26,67600.0,100.0,97800.0
844,2021-10-12 02:42:18,67600.0,100.0,97700.0
845,2021-10-12 02:42:18,67600.0,100.0,97600.0
846,2021-10-12 02:41:08,67600.0,400.0,97500.0
847,2021-10-12 02:40:54,67600.0,100.0,97100.0
848,2021-10-12 02:40:54,67600.0,100.0,97000.0
849,2021-10-12 02:40:54,67600.0,100.0,96900.0
850,2021-10-12 02:40:54,67600.0,200.0,96800.0
851,2021-10-12 02:40:51,67900.0,100.0,96600.0
852,2021-10-12 02:40:51,67900.0,400.0,96500.0
853,2021-10-12 02:39:44,67600.0,200.0,96100.0
854,2021-10-12 02:39:44,67600.0,100.0,95900.0
855,2021-10-12 02:39:38,67600.0,100.0,95800.0
856,2021-10-12 02:39:38,67600.0,900.0,95700.0
857,2021-10-12 02:39:24,67600.0,100.0,94800.0
858,2021-10-12 02:39:24,67600.0,100.0,94700.0
859,2021-10-12 02:39:24,67600.0,300.0,94600.0
860,2021-10-12 02:39:01,67600.0,200.0,94300.0
861,2021-10-12 02:39:01,67600.0,100.0,94100.0
862,2021-10-12 02:39:01,67600.0,100.0,94000.0
863,2021-10-12 02:39:01,67600.0,200.0,93900.0
864,2021-10-12 02:39:01,67700.0,200.0,93700.0
865,2021-10-12 02:38:59,67700.0,200.0,93500.0
866,2021-10-12 02:38:59,67700.0,200.0,93300.0
867,2021-10-12 02:38:59,67700.0,2400.0,93100.0
868,2021-10-12 02:38:56,67700.0,100.0,90700.0
869,2021-10-12 02:38:14,67600.0,300.0,90600.0
870,2021-10-12 02:38:02,67600.0,200.0,90300.0
871,2021-10-12 02:38:02,67700.0,100.0,90100.0
872,2021-10-12 02:37:52,67600.0,300.0,90000.0
873,2021-10-12 02:37:51,67600.0,200.0,89700.0
874,2021-10-12 02:37:31,67600.0,100.0,89500.0
875,2021-10-12 02:37:30,67600.0,100.0,89400.0
876,2021-10-12 02:37:08,67600.0,100.0,89300.0
877,2021-10-12 02:37:04,67600.0,200.0,89200.0
878,2021-10-12 02:36:56,67600.0,200.0,89000.0
879,2021-10-12 02:36:55,67500.0,300.0,88800.0
880,2021-10-12 02:36:55,67500.0,1000.0,88500.0
881,2021-10-12 02:36:55,67500.0,100.0,87500.0
882,2021-10-12 02:36:55,67500.0,2000.0,87400.0
883,2021-10-12 02:36:55,67500.0,200.0,85400.0
884,2021-10-12 02:36:55,67500.0,300.0,85200.0
885,2021-10-12 02:36:55,67500.0,500.0,84900.0
886,2021-10-12 02:36:55,67500.0,100.0,84400.0
887,2021-10-12 02:36:55,67500.0,100.0,84300.0
888,2021-10-12 02:36:55,67500.0,100.0,84200.0
889,2021-10-12 02:36:55,67500.0,200.0,84100.0
890,2021-10-12 02:36:55,67500.0,1300.0,83900.0
891,2021-10-12 02:36:55,67500.0,100.0,82600.0
892,2021-10-12 02:36:55,67500.0,100.0,82500.0
893,2021-10-12 02:36:55,67500.0,300.0,82400.0
894,2021-10-12 02:36:55,67500.0,2000.0,82100.0
895,2021-10-12 02:36:55,67500.0,500.0,80100.0
896,2021-10-12 02:36:55,67500.0,500.0,79600.0
897,2021-10-12 02:36:55,67500.0,100.0,79100.0
898,2021-10-12 02:36:55,67500.0,1000.0,79000.0
899,2021-10-12 02:36:55,67500.0,200.0,78000.0
900,2021-10-12 02:36:45,67700.0,300.0,77800.0
901,2021-10-12 02:36:45,67600.0,700.0,77500.0
902,2021-10-12 02:36:35,67600.0,100.0,76800.0
903,2021-10-12 02:36:28,67600.0,400.0,76700.0
904,2021-10-12 02:36:28,67600.0,200.0,76300.0
905,2021-10-12 02:36:28,67600.0,100.0,76100.0
906,2021-10-12 02:36:28,67600.0,100.0,76000.0
907,2021-10-12 02:36:28,67600.0,100.0,75900.0
908,2021-10-12 02:36:28,67600.0,500.0,75800.0
909,2021-10-12 02:36:28,67600.0,100.0,75300.0
910,2021-10-12 02:36:28,67600.0,100.0,75200.0
911,2021-10-12 02:36:28,67600.0,200.0,75100.0
912,2021-10-12 02:36:28,67600.0,100.0,74900.0
913,2021-10-12 02:36:28,67600.0,200.0,74800.0
914,2021-10-12 02:36:28,67600.0,300.0,74600.0
915,2021-10-12 02:36:28,67600.0,100.0,74300.0
916,2021-10-12 02:36:28,67600.0,200.0,74200.0
917,2021-10-12 02:36:28,67600.0,300.0,74000.0
918,2021-10-12 02:36:28,67700.0,500.0,73700.0
919,2021-10-12 02:35:54,67700.0,100.0,73200.0
920,2021-10-12 02:35:51,67700.0,300.0,73100.0
921,2021-10-12 02:35:46,67600.0,200.0,72800.0
922,2021-10-12 02:35:11,67700.0,500.0,72600.0
923,2021-10-12 02:34:50,67700.0,100.0,72100.0
924,2021-10-12 02:34:45,67700.0,100.0,72000.0
925,2021-10-12 02:34:43,67700.0,300.0,71900.0
926,2021-10-12 02:34:14,67700.0,500.0,71600.0
927,2021-10-12 02:34:14,67700.0,200.0,71100.0
928,2021-10-12 02:33:35,67700.0,1800.0,70900.0
929,2021-10-12 02:33:35,67700.0,100.0,69100.0
930,2021-10-12 02:33:35,67800.0,100.0,69000.0
931,2021-10-12 02:33:35,67800.0,300.0,68900.0
932,2021-10-12 02:33:35,67800.0,400.0,68600.0
933,2021-10-12 02:33:32,67900.0,100.0,68200.0
934,2021-10-12 02:32:30,67900.0,200.0,68100.0
935,2021-10-12 02:32:30,67900.0,800.0,67900.0
936,2021-10-12 02:32:15,67900.0,200.0,67100.0
937,2021-10-12 02:32:15,67900.0,300.0,66900.0
938,2021-10-12 02:32:02,68000.0,1000.0,66600.0
939,2021-10-12 02:31:59,67900.0,500.0,65600.0
940,2021-10-12 02:31:47,68000.0,3800.0,65100.0
941,2021-10-12 02:31:47,68000.0,1200.0,61300.0
942,2021-10-12 02:31:23,67900.0,500.0,60100.0
943,2021-10-12 02:31:20,67900.0,600.0,59600.0
944,2021-10-12 02:30:29,67900.0,100.0,59000.0
945,2021-10-12 02:30:10,67900.0,700.0,58900.0
946,2021-10-12 02:29:13,67900.0,300.0,58200.0
947,2021-10-12 02:28:44,67900.0,1000.0,57900.0
948,2021-10-12 02:28:35,67900.0,1000.0,56900.0
949,2021-10-12 02:28:31,67800.0,400.0,55900.0
950,2021-10-12 02:28:19,67800.0,200.0,55500.0
951,2021-10-12 02:27:56,67600.0,500.0,55300.0
952,2021-10-12 02:27:56,67600.0,200.0,54800.0
953,2021-10-12 02:27:56,67600.0,100.0,54600.0
954,2021-10-12 02:27:55,67600.0,100.0,54500.0
955,2021-10-12 02:27:55,67600.0,200.0,54400.0
956,2021-10-12 02:27:55,67600.0,100.0,54200.0
957,2021-10-12 02:27:55,67600.0,200.0,54100.0
958,2021-10-12 02:27:55,67700.0,100.0,53900.0
959,2021-10-12 02:27:55,67700.0,100.0,53800.0
960,2021-10-12 02:27:55,67700.0,100.0,53700.0
961,2021-10-12 02:27:55,67800.0,1000.0,53600.0
962,2021-10-12 02:27:55,67800.0,500.0,52600.0
963,2021-10-12 02:27:55,67800.0,100.0,52100.0
964,2021-10-12 02:27:55,67800.0,100.0,52000.0
965,2021-10-12 02:27:55,67800.0,100.0,51900.0
966,2021-10-12 02:27:55,67800.0,300.0,51800.0
967,2021-10-12 02:27:53,67800.0,600.0,51500.0
968,2021-10-12 02:27:53,67900.0,500.0,50900.0
969,2021-10-12 02:27:38,67900.0,1500.0,50400.0
970,2021-10-12 02:27:26,67800.0,100.0,48900.0
971,2021-10-12 02:27:19,68000.0,200.0,48800.0
972,2021-10-12 02:27:11,68000.0,500.0,48600.0
973,2021-10-12 02:27:07,68000.0,200.0,48100.0
974,2021-10-12 02:26:59,68000.0,100.0,47900.0
975,2021-10-12 02:26:47,67800.0,100.0,47800.0
976,2021-10-12 02:26:44,68100.0,100.0,47700.0
977,2021-10-12 02:26:44,68100.0,100.0,47600.0
978,2021-10-12 02:26:44,68000.0,1000.0,47500.0
979,2021-10-12 02:26:44,68000.0,800.0,46500.0
980,2021-10-12 02:26:43,67800.0,300.0,45700.0
981,2021-10-12 02:26:23,67900.0,1000.0,45400.0
982,2021-10-12 02:26:19,68000.0,200.0,44400.0
983,2021-10-12 02:26:18,68000.0,500.0,44200.0
984,2021-10-12 02:26:18,68000.0,100.0,43700.0
985,2021-10-12 02:26:18,68000.0,300.0,43600.0
986,2021-10-12 02:26:18,68000.0,200.0,43300.0
987,2021-10-12 02:26:18,68000.0,100.0,43100.0
988,2021-10-12 02:26:17,68000.0,200.0,43000.0
989,2021-10-12 02:26:06,68000.0,200.0,42800.0
990,2021-10-12 02:26:05,68000.0,500.0,42600.0
991,2021-10-12 02:26:05,68000.0,100.0,42100.0
992,2021-10-12 02:26:05,68000.0,300.0,42000.0
993,2021-10-12 02:26:05,68000.0,100.0,41700.0
994,2021-10-12 02:26:05,68000.0,300.0,41600.0
995,2021-10-12 02:26:05,68000.0,200.0,41300.0
996,2021-10-12 02:26:05,68000.0,300.0,41100.0
997,2021-10-12 02:26:05,68000.0,200.0,40800.0
998,2021-10-12 02:26:05,68000.0,600.0,40600.0
999,2021-10-12 02:26:05,68000.0,100.0,40000.0
1000,2021-10-12 02:26:05,68000.0,200.0,39900.0
1001,2021-10-12 02:25:37,68100.0,900.0,39700.0
1002,2021-10-12 02:25:29,68100.0,100.0,38800.0
1003,2021-10-12 02:25:29,68100.0,300.0,38700.0
1004,2021-10-12 02:25:22,68100.0,1200.0,38400.0
1005,2021-10-12 02:25:22,68100.0,200.0,37200.0
1006,2021-10-12 02:25:22,68100.0,100.0,37000.0
1007,2021-10-12 02:25:22,68100.0,500.0,36900.0
1008,2021-10-12 02:25:01,68100.0,2500.0,36400.0
1009,2021-10-12 02:25:01,68100.0,2000.0,33900.0
1010,2021-10-12 02:25:01,68100.0,200.0,31900.0
1011,2021-10-12 02:25:01,68100.0,300.0,31700.0
1012,2021-10-12 02:25:01,68100.0,200.0,31400.0
1013,2021-10-12 02:25:01,68100.0,500.0,31200.0
1014,2021-10-12 02:25:01,68100.0,100.0,30700.0
1015,2021-10-12 02:25:01,68100.0,1000.0,30600.0
1016,2021-10-12 02:25:01,68100.0,200.0,29600.0
1017,2021-10-12 02:24:45,68200.0,600.0,29400.0
1018,2021-10-12 02:24:13,68200.0,400.0,28800.0
1019,2021-10-12 02:23:52,68200.0,100.0,28400.0
1020,2021-10-12 02:23:50,68200.0,300.0,28300.0
1021,2021-10-12 02:23:50,68200.0,200.0,28000.0
1022,2021-10-12 02:23:41,68200.0,100.0,27800.0
1023,2021-10-12 02:23:25,68200.0,200.0,27700.0
1024,2021-10-12 02:23:20,68200.0,400.0,27500.0
1025,2021-10-12 02:23:20,68200.0,400.0,27100.0
1026,2021-10-12 02:23:14,68200.0,200.0,26700.0
1027,2021-10-12 02:23:14,68200.0,500.0,26500.0
1028,2021-10-12 02:23:14,68200.0,300.0,26000.0
1029,2021-10-12 02:22:29,68200.0,200.0,25700.0
1030,2021-10-12 02:22:29,68200.0,100.0,25500.0
1031,2021-10-12 02:22:29,68100.0,100.0,25400.0
1032,2021-10-12 02:22:29,68100.0,100.0,25300.0
1033,2021-10-12 02:22:29,68100.0,500.0,25200.0
1034,2021-10-12 02:22:29,68100.0,1000.0,24700.0
1035,2021-10-12 02:22:29,68100.0,200.0,23700.0
1036,2021-10-12 02:22:29,68100.0,1000.0,23500.0
1037,2021-10-12 02:22:16,68100.0,100.0,22500.0
1038,2021-10-12 02:22:07,68100.0,100.0,22400.0
1039,2021-10-12 02:22:03,68200.0,100.0,22300.0
1040,2021-10-12 02:21:50,68200.0,100.0,22200.0
1041,2021-10-12 02:21:50,68200.0,2000.0,22100.0
1042,2021-10-12 02:21:50,68200.0,2000.0,20100.0
1043,2021-10-12 02:21:49,68200.0,100.0,18100.0
1044,2021-10-12 02:21:44,68200.0,100.0,18000.0
1045,2021-10-12 02:21:44,68200.0,300.0,17900.0
1046,2021-10-12 02:21:36,68200.0,700.0,17600.0
1047,2021-10-12 02:21:36,68200.0,300.0,16900.0
1048,2021-10-12 02:21:08,68200.0,100.0,16600.0
1049,2021-10-12 02:21:08,68200.0,600.0,16500.0
1050,2021-10-12 02:20:44,68200.0,100.0,15900.0
1051,2021-10-12 02:20:25,68200.0,300.0,15800.0
1052,2021-10-12 02:20:23,68100.0,100.0,15500.0
1053,2021-10-12 02:20:19,68100.0,100.0,15400.0
1054,2021-10-12 02:20:14,68100.0,100.0,15300.0
1055,2021-10-12 02:20:04,68200.0,300.0,15200.0
1056,2021-10-12 02:20:04,68200.0,3700.0,14900.0
1057,2021-10-12 02:19:40,68200.0,1000.0,11200.0
1058,2021-10-12 02:19:40,68200.0,500.0,10200.0
1059,2021-10-12 02:19:40,68200.0,100.0,9700.0
1060,2021-10-12 02:19:40,68200.0,600.0,9600.0
1061,2021-10-12 02:19:40,68200.0,100.0,9000.0
1062,2021-10-12 02:19:40,68200.0,2000.0,8900.0
1063,2021-10-12 02:19:40,68300.0,1000.0,6900.0
1064,2021-10-12 02:19:07,68200.0,300.0,5900.0
1065,2021-10-12 02:19:07,68200.0,500.0,5600.0
1066,2021-10-12 02:19:07,68200.0,100.0,5100.0
1067,2021-10-12 02:19:07,68500.0,100.0,5000.0
1068,2021-10-12 02:19:06,68500.0,100.0,4900.0
1069,2021-10-12 02:18:26,68200.0,200.0,4800.0
1070,2021-10-12 02:17:51,68200.0,100.0,4600.0
1071,2021-10-12 02:17:51,68200.0,300.0,4500.0
1072,2021-10-12 02:17:33,68200.0,300.0,4200.0
1073,2021-10-12 02:16:18,68100.0,200.0,3900.0
1074,2021-10-12 02:15:08,68100.0,300.0,3700.0
1075,2021-10-12 02:15:08,68100.0,400.0,3400.0
1076,2021-10-12 02:15:08,68100.0,100.0,3000.0
1077,2021-10-12 02:15:08,68100.0,200.0,2900.0
1078,2021-10-12 02:15:00,68100.0,100.0,2700.0
1079,2021-10-12 02:15:00,68100.0,200.0,2600.0
1080,2021-10-12 02:15:00,68100.0,200.0,2400.0
1081,2021-10-12 02:15:00,68100.0,100.0,2200.0
1082,2021-10-12 02:15:00,68100.0,100.0,2100.0
1083,2021-10-12 02:15:00,68100.0,400.0,2000.0
1084,2021-10-12 02:15:00,68100.0,400.0,1600.0
1085,2021-10-12 02:15:00,68100.0,500.0,1200.0
1086,2021-10-12 02:15:00,68100.0,100.0,700.0
1087,2021-10-12 02:15:00,68100.0,100.0,600.0
1088,2021-10-12 02:15:00,68100.0,100.0,500.0
1089,2021-10-12 02:15:00,68100.0,100.0,400.0
1090,2021-10-12 02:15:00,68100.0,100.0,300.0
1091,2021-10-12 02:15:00,68100.0,100.0,200.0
1092,2021-10-12 02:15:00,68100.0,100.0,100.0
