,Time,Price,Volume_per_trade,Volume
0,2021-10-08 07:45:00,31700.0,400.0,1010900.0
1,2021-10-08 07:45:00,31700.0,1500.0,1010500.0
2,2021-10-08 07:45:00,31700.0,200.0,1009000.0
3,2021-10-08 07:45:00,31700.0,300.0,1008800.0
4,2021-10-08 07:45:00,31700.0,800.0,1008500.0
5,2021-10-08 07:45:00,31700.0,200.0,1007700.0
6,2021-10-08 07:45:00,31700.0,100.0,1007500.0
7,2021-10-08 07:45:00,31700.0,300.0,1007400.0
8,2021-10-08 07:45:00,31700.0,100.0,1007100.0
9,2021-10-08 07:45:00,31700.0,500.0,1007000.0
10,2021-10-08 07:45:00,31700.0,2000.0,1006500.0
11,2021-10-08 07:45:00,31700.0,1000.0,1004500.0
12,2021-10-08 07:45:00,31700.0,500.0,1003500.0
13,2021-10-08 07:45:00,31700.0,100.0,1003000.0
14,2021-10-08 07:45:00,31700.0,500.0,1002900.0
15,2021-10-08 07:45:00,31700.0,100.0,1002400.0
16,2021-10-08 07:45:00,31700.0,100.0,1002300.0
17,2021-10-08 07:45:00,31700.0,200.0,1002200.0
18,2021-10-08 07:45:00,31700.0,200.0,1002000.0
19,2021-10-08 07:45:00,31700.0,300.0,1001800.0
20,2021-10-08 07:45:00,31700.0,100.0,1001500.0
21,2021-10-08 07:45:00,31700.0,100.0,1001400.0
22,2021-10-08 07:45:00,31700.0,400.0,1001300.0
23,2021-10-08 07:45:00,31700.0,400.0,1000900.0
24,2021-10-08 07:45:00,31700.0,200.0,1000500.0
25,2021-10-08 07:45:00,31700.0,100.0,1000300.0
26,2021-10-08 07:45:00,31700.0,200.0,1000200.0
27,2021-10-08 07:45:00,31700.0,100.0,1000000.0
28,2021-10-08 07:45:00,31700.0,100.0,999900.0
29,2021-10-08 07:45:00,31700.0,300.0,999800.0
30,2021-10-08 07:45:00,31700.0,500.0,999500.0
31,2021-10-08 07:45:00,31700.0,200.0,999000.0
32,2021-10-08 07:45:00,31700.0,200.0,998800.0
33,2021-10-08 07:45:00,31700.0,100.0,998600.0
34,2021-10-08 07:45:00,31700.0,100.0,998500.0
35,2021-10-08 07:45:00,31700.0,300.0,998400.0
36,2021-10-08 07:45:00,31700.0,200.0,998100.0
37,2021-10-08 07:45:00,31700.0,1000.0,997900.0
38,2021-10-08 07:45:00,31700.0,100.0,996900.0
39,2021-10-08 07:45:00,31700.0,100.0,996800.0
40,2021-10-08 07:45:00,31700.0,600.0,996700.0
41,2021-10-08 07:45:00,31700.0,500.0,996100.0
42,2021-10-08 07:45:00,31700.0,1000.0,995600.0
43,2021-10-08 07:45:00,31700.0,300.0,994600.0
44,2021-10-08 07:45:00,31700.0,200.0,994300.0
45,2021-10-08 07:45:00,31700.0,300.0,994100.0
46,2021-10-08 07:45:00,31700.0,100.0,993800.0
47,2021-10-08 07:45:00,31700.0,600.0,993700.0
48,2021-10-08 07:45:00,31700.0,1000.0,993100.0
49,2021-10-08 07:45:00,31700.0,100.0,992100.0
50,2021-10-08 07:45:00,31700.0,100.0,992000.0
51,2021-10-08 07:45:00,31700.0,1000.0,991900.0
52,2021-10-08 07:45:00,31700.0,100.0,990900.0
53,2021-10-08 07:45:00,31700.0,100.0,990800.0
54,2021-10-08 07:45:00,31700.0,100.0,990700.0
55,2021-10-08 07:45:00,31700.0,200.0,990600.0
56,2021-10-08 07:45:00,31700.0,1800.0,990400.0
57,2021-10-08 07:45:00,31700.0,200.0,988600.0
58,2021-10-08 07:45:00,31700.0,100.0,988400.0
59,2021-10-08 07:45:00,31700.0,400.0,988300.0
60,2021-10-08 07:45:00,31700.0,1600.0,987900.0
61,2021-10-08 07:45:00,31700.0,900.0,986300.0
62,2021-10-08 07:45:00,31700.0,600.0,985400.0
63,2021-10-08 07:45:00,31700.0,200.0,984800.0
64,2021-10-08 07:29:42,32000.0,1000.0,984600.0
65,2021-10-08 07:29:30,32000.0,200.0,983600.0
66,2021-10-08 07:29:22,32000.0,3000.0,983400.0
67,2021-10-08 07:29:17,32000.0,500.0,980400.0
68,2021-10-08 07:29:17,32000.0,300.0,979900.0
69,2021-10-08 07:29:15,32000.0,200.0,979600.0
70,2021-10-08 07:29:15,32000.0,400.0,979400.0
71,2021-10-08 07:29:10,32000.0,300.0,979000.0
72,2021-10-08 07:29:10,32000.0,200.0,978700.0
73,2021-10-08 07:28:47,32000.0,100.0,978500.0
74,2021-10-08 07:28:47,32000.0,100.0,978400.0
75,2021-10-08 07:28:47,32000.0,100.0,978300.0
76,2021-10-08 07:28:47,32000.0,500.0,978200.0
77,2021-10-08 07:28:47,32000.0,200.0,977700.0
78,2021-10-08 07:28:31,32000.0,700.0,977500.0
79,2021-10-08 07:28:31,32000.0,1500.0,976800.0
80,2021-10-08 07:28:31,32000.0,500.0,975300.0
81,2021-10-08 07:28:31,32000.0,500.0,974800.0
82,2021-10-08 07:28:31,32000.0,500.0,974300.0
83,2021-10-08 07:28:31,32000.0,800.0,973800.0
84,2021-10-08 07:28:31,32000.0,100.0,973000.0
85,2021-10-08 07:28:31,32000.0,200.0,972900.0
86,2021-10-08 07:28:31,32000.0,500.0,972700.0
87,2021-10-08 07:28:31,32000.0,2000.0,972200.0
88,2021-10-08 07:28:31,32000.0,400.0,970200.0
89,2021-10-08 07:28:31,32000.0,1900.0,969800.0
90,2021-10-08 07:28:31,32000.0,100.0,967900.0
91,2021-10-08 07:28:31,32000.0,1000.0,967800.0
92,2021-10-08 07:28:31,32000.0,500.0,966800.0
93,2021-10-08 07:28:31,32000.0,1000.0,966300.0
94,2021-10-08 07:28:31,32000.0,1000.0,965300.0
95,2021-10-08 07:28:31,32000.0,2000.0,964300.0
96,2021-10-08 07:28:31,32000.0,200.0,962300.0
97,2021-10-08 07:28:31,32000.0,4600.0,962100.0
98,2021-10-08 07:28:11,32050.0,100.0,957500.0
99,2021-10-08 07:27:45,32050.0,1000.0,957400.0
100,2021-10-08 07:27:33,32000.0,400.0,956400.0
101,2021-10-08 07:27:33,32000.0,100.0,956000.0
102,2021-10-08 07:27:28,32050.0,100.0,955900.0
103,2021-10-08 07:27:08,32050.0,100.0,955800.0
104,2021-10-08 07:27:08,32050.0,400.0,955700.0
105,2021-10-08 07:26:49,32050.0,300.0,955300.0
106,2021-10-08 07:26:44,32050.0,2300.0,955000.0
107,2021-10-08 07:26:10,32050.0,400.0,952700.0
108,2021-10-08 07:26:08,32050.0,1000.0,952300.0
109,2021-10-08 07:25:58,32050.0,100.0,951300.0
110,2021-10-08 07:25:44,32050.0,200.0,951200.0
111,2021-10-08 07:25:38,32050.0,500.0,951000.0
112,2021-10-08 07:25:14,32050.0,5000.0,950500.0
113,2021-10-08 07:25:11,32050.0,500.0,945500.0
114,2021-10-08 07:24:00,32000.0,900.0,945000.0
115,2021-10-08 07:24:00,32000.0,300.0,944100.0
116,2021-10-08 07:24:00,32000.0,100.0,943800.0
117,2021-10-08 07:24:00,32000.0,300.0,943700.0
118,2021-10-08 07:24:00,32000.0,100.0,943400.0
119,2021-10-08 07:24:00,32000.0,400.0,943300.0
120,2021-10-08 07:24:00,32000.0,200.0,942900.0
121,2021-10-08 07:24:00,32000.0,300.0,942700.0
122,2021-10-08 07:24:00,32000.0,100.0,942400.0
123,2021-10-08 07:24:00,32000.0,100.0,942300.0
124,2021-10-08 07:24:00,32000.0,500.0,942200.0
125,2021-10-08 07:24:00,32000.0,1000.0,941700.0
126,2021-10-08 07:24:00,32000.0,100.0,940700.0
127,2021-10-08 07:24:00,32000.0,100.0,940600.0
128,2021-10-08 07:24:00,32000.0,500.0,940500.0
129,2021-10-08 07:24:00,32000.0,100.0,940000.0
130,2021-10-08 07:24:00,32000.0,500.0,939900.0
131,2021-10-08 07:23:40,32050.0,1500.0,939400.0
132,2021-10-08 07:23:40,32050.0,200.0,937900.0
133,2021-10-08 07:23:40,32050.0,300.0,937700.0
134,2021-10-08 07:23:40,32050.0,1000.0,937400.0
135,2021-10-08 07:23:40,32050.0,100.0,936400.0
136,2021-10-08 07:23:07,32100.0,1800.0,936300.0
137,2021-10-08 07:23:07,32100.0,1000.0,934500.0
138,2021-10-08 07:23:04,32100.0,300.0,933500.0
139,2021-10-08 07:23:02,32100.0,1700.0,933200.0
140,2021-10-08 07:22:57,32100.0,1100.0,931500.0
141,2021-10-08 07:22:52,32100.0,300.0,930400.0
142,2021-10-08 07:22:42,32100.0,200.0,930100.0
143,2021-10-08 07:22:42,32100.0,300.0,929900.0
144,2021-10-08 07:22:42,32100.0,1100.0,929600.0
145,2021-10-08 07:22:09,32100.0,200.0,928500.0
146,2021-10-08 07:21:51,32100.0,100.0,928300.0
147,2021-10-08 07:21:51,32100.0,900.0,928200.0
148,2021-10-08 07:21:50,32100.0,500.0,927300.0
149,2021-10-08 07:21:27,32100.0,600.0,926800.0
150,2021-10-08 07:21:27,32100.0,300.0,926200.0
151,2021-10-08 07:21:15,32100.0,700.0,925900.0
152,2021-10-08 07:21:15,32100.0,2000.0,925200.0
153,2021-10-08 07:21:15,32100.0,300.0,923200.0
154,2021-10-08 07:21:15,32100.0,2000.0,922900.0
155,2021-10-08 07:21:15,32100.0,700.0,920900.0
156,2021-10-08 07:20:58,32050.0,100.0,920200.0
157,2021-10-08 07:20:58,32050.0,400.0,920100.0
158,2021-10-08 07:20:40,32050.0,200.0,919700.0
159,2021-10-08 07:19:48,32050.0,100.0,919500.0
160,2021-10-08 07:19:38,32050.0,200.0,919400.0
161,2021-10-08 07:18:37,32050.0,100.0,919200.0
162,2021-10-08 07:18:37,32050.0,100.0,919100.0
163,2021-10-08 07:18:33,32100.0,300.0,919000.0
164,2021-10-08 07:18:04,32100.0,1300.0,918700.0
165,2021-10-08 07:18:04,32100.0,300.0,917400.0
166,2021-10-08 07:18:04,32100.0,100.0,917100.0
167,2021-10-08 07:18:04,32100.0,1300.0,917000.0
168,2021-10-08 07:18:01,32100.0,100.0,915700.0
169,2021-10-08 07:17:54,32100.0,3600.0,915600.0
170,2021-10-08 07:17:54,32100.0,100.0,912000.0
171,2021-10-08 07:17:54,32100.0,100.0,911900.0
172,2021-10-08 07:17:54,32100.0,1000.0,911800.0
173,2021-10-08 07:17:54,32100.0,200.0,910800.0
174,2021-10-08 07:16:37,32100.0,4200.0,910600.0
175,2021-10-08 07:16:37,32100.0,700.0,906400.0
176,2021-10-08 07:16:37,32100.0,3000.0,905700.0
177,2021-10-08 07:16:37,32100.0,100.0,902700.0
178,2021-10-08 07:16:37,32100.0,5000.0,902600.0
179,2021-10-08 07:16:37,32100.0,1000.0,897600.0
180,2021-10-08 07:16:37,32100.0,1200.0,896600.0
181,2021-10-08 07:16:37,32100.0,1000.0,895400.0
182,2021-10-08 07:16:37,32100.0,500.0,894400.0
183,2021-10-08 07:16:37,32100.0,500.0,893900.0
184,2021-10-08 07:16:37,32100.0,100.0,893400.0
185,2021-10-08 07:16:37,32100.0,700.0,893300.0
186,2021-10-08 07:16:24,32100.0,200.0,892600.0
187,2021-10-08 07:16:23,32100.0,300.0,892400.0
188,2021-10-08 07:16:05,32100.0,800.0,892100.0
189,2021-10-08 07:16:05,32100.0,200.0,891300.0
190,2021-10-08 07:15:14,32050.0,400.0,891100.0
191,2021-10-08 07:14:48,32050.0,200.0,890700.0
192,2021-10-08 07:14:48,32050.0,400.0,890500.0
193,2021-10-08 07:14:48,32050.0,100.0,890100.0
194,2021-10-08 07:14:48,32050.0,400.0,890000.0
195,2021-10-08 07:14:48,32050.0,1500.0,889600.0
196,2021-10-08 07:14:33,32050.0,400.0,888100.0
197,2021-10-08 07:14:33,32050.0,600.0,887700.0
198,2021-10-08 07:13:44,32050.0,200.0,887100.0
199,2021-10-08 07:13:10,32050.0,300.0,886900.0
200,2021-10-08 07:12:59,32050.0,200.0,886600.0
201,2021-10-08 07:12:59,32050.0,100.0,886400.0
202,2021-10-08 07:12:59,32050.0,400.0,886300.0
203,2021-10-08 07:12:59,32050.0,500.0,885900.0
204,2021-10-08 07:12:59,32050.0,300.0,885400.0
205,2021-10-08 07:12:59,32050.0,1100.0,885100.0
206,2021-10-08 07:12:43,32050.0,100.0,884000.0
207,2021-10-08 07:12:40,32100.0,200.0,883900.0
208,2021-10-08 07:12:20,32100.0,600.0,883700.0
209,2021-10-08 07:12:20,32100.0,400.0,883100.0
210,2021-10-08 07:11:35,32050.0,500.0,882700.0
211,2021-10-08 07:11:30,32050.0,1100.0,882200.0
212,2021-10-08 07:10:56,32050.0,100.0,881100.0
213,2021-10-08 07:09:19,32050.0,500.0,881000.0
214,2021-10-08 07:09:12,32050.0,400.0,880500.0
215,2021-10-08 07:09:08,32100.0,300.0,880100.0
216,2021-10-08 07:08:55,32050.0,1000.0,879800.0
217,2021-10-08 07:08:54,32050.0,1000.0,878800.0
218,2021-10-08 07:08:08,32050.0,1000.0,877800.0
219,2021-10-08 07:07:14,32050.0,200.0,876800.0
220,2021-10-08 07:07:03,32050.0,1000.0,876600.0
221,2021-10-08 07:06:37,32000.0,100.0,875600.0
222,2021-10-08 07:06:28,32000.0,2900.0,875500.0
223,2021-10-08 07:06:28,32000.0,2000.0,872600.0
224,2021-10-08 07:06:28,32000.0,100.0,870600.0
225,2021-10-08 07:06:07,32050.0,400.0,870500.0
226,2021-10-08 07:05:48,32050.0,200.0,870100.0
227,2021-10-08 07:05:43,32050.0,200.0,869900.0
228,2021-10-08 07:05:43,32050.0,300.0,869700.0
229,2021-10-08 07:05:43,32050.0,1500.0,869400.0
230,2021-10-08 07:05:41,32050.0,500.0,867900.0
231,2021-10-08 07:05:41,32050.0,400.0,867400.0
232,2021-10-08 07:05:41,32050.0,100.0,867000.0
233,2021-10-08 07:04:55,32050.0,300.0,866900.0
234,2021-10-08 07:04:48,32050.0,100.0,866600.0
235,2021-10-08 07:04:48,32050.0,200.0,866500.0
236,2021-10-08 07:04:33,32100.0,100.0,866300.0
237,2021-10-08 07:03:20,32050.0,100.0,866200.0
238,2021-10-08 07:03:20,32050.0,400.0,866100.0
239,2021-10-08 07:02:12,32050.0,500.0,865700.0
240,2021-10-08 07:01:42,32050.0,100.0,865200.0
241,2021-10-08 07:01:42,32050.0,100.0,865100.0
242,2021-10-08 07:01:42,32050.0,300.0,865000.0
243,2021-10-08 07:01:42,32050.0,100.0,864700.0
244,2021-10-08 07:01:33,32050.0,800.0,864600.0
245,2021-10-08 07:00:57,32050.0,100.0,863800.0
246,2021-10-08 07:00:29,32050.0,300.0,863700.0
247,2021-10-08 07:00:22,32100.0,200.0,863400.0
248,2021-10-08 07:00:22,32100.0,200.0,863200.0
249,2021-10-08 07:00:22,32100.0,100.0,863000.0
250,2021-10-08 06:59:12,32050.0,400.0,862900.0
251,2021-10-08 06:58:56,32050.0,300.0,862500.0
252,2021-10-08 06:58:47,32100.0,100.0,862200.0
253,2021-10-08 06:58:37,32000.0,500.0,862100.0
254,2021-10-08 06:57:34,32000.0,500.0,861600.0
255,2021-10-08 06:57:34,32000.0,100.0,861100.0
256,2021-10-08 06:57:34,32000.0,100.0,861000.0
257,2021-10-08 06:57:34,32000.0,300.0,860900.0
258,2021-10-08 06:57:32,32000.0,700.0,860600.0
259,2021-10-08 06:57:32,32000.0,200.0,859900.0
260,2021-10-08 06:57:32,32000.0,3000.0,859700.0
261,2021-10-08 06:57:32,32000.0,1000.0,856700.0
262,2021-10-08 06:57:32,32000.0,100.0,855700.0
263,2021-10-08 06:57:21,32000.0,900.0,855600.0
264,2021-10-08 06:57:21,32000.0,100.0,854700.0
265,2021-10-08 06:57:21,32000.0,200.0,854600.0
266,2021-10-08 06:57:21,32000.0,1000.0,854400.0
267,2021-10-08 06:57:21,32000.0,300.0,853400.0
268,2021-10-08 06:57:21,32000.0,1000.0,853100.0
269,2021-10-08 06:57:21,32000.0,300.0,852100.0
270,2021-10-08 06:57:21,32000.0,3000.0,851800.0
271,2021-10-08 06:57:21,32000.0,300.0,848800.0
272,2021-10-08 06:57:21,32050.0,100.0,848500.0
273,2021-10-08 06:56:51,32000.0,100.0,848400.0
274,2021-10-08 06:56:27,32050.0,100.0,848300.0
275,2021-10-08 06:56:15,32000.0,4600.0,848200.0
276,2021-10-08 06:56:15,32000.0,400.0,843600.0
277,2021-10-08 06:56:12,32000.0,4600.0,843200.0
278,2021-10-08 06:56:12,32000.0,400.0,838600.0
279,2021-10-08 06:56:07,32050.0,900.0,838200.0
280,2021-10-08 06:56:07,32050.0,1000.0,837300.0
281,2021-10-08 06:56:07,32050.0,400.0,836300.0
282,2021-10-08 06:56:04,32050.0,200.0,835900.0
283,2021-10-08 06:55:56,32050.0,200.0,835700.0
284,2021-10-08 06:55:41,32050.0,2000.0,835500.0
285,2021-10-08 06:55:02,32000.0,4600.0,833500.0
286,2021-10-08 06:55:02,32000.0,200.0,828900.0
287,2021-10-08 06:55:02,32000.0,200.0,828700.0
288,2021-10-08 06:55:02,32000.0,1000.0,828500.0
289,2021-10-08 06:55:02,32000.0,5000.0,827500.0
290,2021-10-08 06:55:02,32000.0,300.0,822500.0
291,2021-10-08 06:55:02,32000.0,1600.0,822200.0
292,2021-10-08 06:55:02,32000.0,1000.0,820600.0
293,2021-10-08 06:55:02,32000.0,3100.0,819600.0
294,2021-10-08 06:55:02,32050.0,3000.0,816500.0
295,2021-10-08 06:54:34,32000.0,2400.0,813500.0
296,2021-10-08 06:54:34,32050.0,100.0,811100.0
297,2021-10-08 06:54:34,32050.0,5000.0,811000.0
298,2021-10-08 06:54:34,32050.0,1500.0,806000.0
299,2021-10-08 06:54:34,32050.0,2000.0,804500.0
300,2021-10-08 06:54:34,32050.0,500.0,802500.0
301,2021-10-08 06:54:34,32050.0,400.0,802000.0
302,2021-10-08 06:54:34,32050.0,200.0,801600.0
303,2021-10-08 06:54:34,32050.0,2000.0,801400.0
304,2021-10-08 06:54:34,32050.0,500.0,799400.0
305,2021-10-08 06:54:34,32050.0,1000.0,798900.0
306,2021-10-08 06:54:34,32050.0,500.0,797900.0
307,2021-10-08 06:54:34,32050.0,400.0,797400.0
308,2021-10-08 06:54:34,32050.0,2700.0,797000.0
309,2021-10-08 06:54:34,32100.0,300.0,794300.0
310,2021-10-08 06:54:34,32150.0,500.0,794000.0
311,2021-10-08 06:54:23,32200.0,500.0,793500.0
312,2021-10-08 06:54:16,32100.0,200.0,793000.0
313,2021-10-08 06:54:16,32100.0,100.0,792800.0
314,2021-10-08 06:54:16,32100.0,5000.0,792700.0
315,2021-10-08 06:54:16,32100.0,1000.0,787700.0
316,2021-10-08 06:54:16,32100.0,10000.0,786700.0
317,2021-10-08 06:54:16,32100.0,300.0,776700.0
318,2021-10-08 06:54:16,32100.0,100.0,776400.0
319,2021-10-08 06:54:16,32150.0,400.0,776300.0
320,2021-10-08 06:54:16,32150.0,1500.0,775900.0
321,2021-10-08 06:54:16,32150.0,100.0,774400.0
322,2021-10-08 06:54:16,32150.0,400.0,774300.0
323,2021-10-08 06:54:16,32150.0,900.0,773900.0
324,2021-10-08 06:54:00,32200.0,2200.0,773000.0
325,2021-10-08 06:54:00,32200.0,1000.0,770800.0
326,2021-10-08 06:54:00,32200.0,300.0,769800.0
327,2021-10-08 06:54:00,32200.0,1500.0,769500.0
328,2021-10-08 06:53:35,32200.0,3500.0,768000.0
329,2021-10-08 06:53:35,32200.0,1500.0,764500.0
330,2021-10-08 06:53:15,32200.0,100.0,763000.0
331,2021-10-08 06:52:40,32200.0,300.0,762900.0
332,2021-10-08 06:52:39,32200.0,500.0,762600.0
333,2021-10-08 06:51:59,32200.0,500.0,762100.0
334,2021-10-08 06:50:45,32200.0,200.0,761600.0
335,2021-10-08 06:50:19,32150.0,1800.0,761400.0
336,2021-10-08 06:50:19,32150.0,100.0,759600.0
337,2021-10-08 06:50:19,32150.0,700.0,759500.0
338,2021-10-08 06:48:27,32150.0,100.0,758800.0
339,2021-10-08 06:48:20,32150.0,300.0,758700.0
340,2021-10-08 06:48:20,32150.0,200.0,758400.0
341,2021-10-08 06:48:20,32150.0,500.0,758200.0
342,2021-10-08 06:48:20,32150.0,200.0,757700.0
343,2021-10-08 06:48:00,32150.0,200.0,757500.0
344,2021-10-08 06:48:00,32150.0,400.0,757300.0
345,2021-10-08 06:47:53,32150.0,100.0,756900.0
346,2021-10-08 06:47:43,32150.0,300.0,756800.0
347,2021-10-08 06:46:58,32150.0,600.0,756500.0
348,2021-10-08 06:46:58,32150.0,100.0,755900.0
349,2021-10-08 06:46:58,32150.0,1000.0,755800.0
350,2021-10-08 06:46:58,32150.0,100.0,754800.0
351,2021-10-08 06:46:58,32150.0,200.0,754700.0
352,2021-10-08 06:46:45,32200.0,200.0,754500.0
353,2021-10-08 06:46:44,32150.0,100.0,754300.0
354,2021-10-08 06:46:27,32200.0,100.0,754200.0
355,2021-10-08 06:46:19,32200.0,100.0,754100.0
356,2021-10-08 06:46:19,32200.0,100.0,754000.0
357,2021-10-08 06:45:51,32150.0,400.0,753900.0
358,2021-10-08 06:45:44,32200.0,400.0,753500.0
359,2021-10-08 06:45:32,32200.0,100.0,753100.0
360,2021-10-08 06:45:11,32150.0,100.0,753000.0
361,2021-10-08 06:45:09,32150.0,100.0,752900.0
362,2021-10-08 06:44:30,32150.0,100.0,752800.0
363,2021-10-08 06:44:29,32150.0,2000.0,752700.0
364,2021-10-08 06:44:12,32150.0,800.0,750700.0
365,2021-10-08 06:43:36,32100.0,100.0,749900.0
366,2021-10-08 06:43:35,32100.0,100.0,749800.0
367,2021-10-08 06:42:21,32050.0,100.0,749700.0
368,2021-10-08 06:42:18,32050.0,100.0,749600.0
369,2021-10-08 06:42:10,32050.0,500.0,749500.0
370,2021-10-08 06:41:02,32050.0,1000.0,749000.0
371,2021-10-08 06:40:46,32050.0,100.0,748000.0
372,2021-10-08 06:40:23,32050.0,500.0,747900.0
373,2021-10-08 06:40:23,32100.0,500.0,747400.0
374,2021-10-08 06:39:28,32050.0,100.0,746900.0
375,2021-10-08 06:39:28,32100.0,100.0,746800.0
376,2021-10-08 06:39:20,32050.0,400.0,746700.0
377,2021-10-08 06:39:04,32000.0,500.0,746300.0
378,2021-10-08 06:39:04,32000.0,600.0,745800.0
379,2021-10-08 06:39:04,32050.0,600.0,745200.0
380,2021-10-08 06:39:04,32050.0,200.0,744600.0
381,2021-10-08 06:39:04,32050.0,200.0,744400.0
382,2021-10-08 06:39:04,32050.0,100.0,744200.0
383,2021-10-08 06:39:04,32050.0,1000.0,744100.0
384,2021-10-08 06:39:04,32050.0,1500.0,743100.0
385,2021-10-08 06:39:04,32050.0,200.0,741600.0
386,2021-10-08 06:39:04,32050.0,100.0,741400.0
387,2021-10-08 06:38:55,32050.0,5000.0,741300.0
388,2021-10-08 06:38:52,32050.0,2900.0,736300.0
389,2021-10-08 06:38:38,32050.0,100.0,733400.0
390,2021-10-08 06:38:16,32050.0,1900.0,733300.0
391,2021-10-08 06:38:16,32050.0,200.0,731400.0
392,2021-10-08 06:38:16,32100.0,300.0,731200.0
393,2021-10-08 06:38:16,32100.0,2000.0,730900.0
394,2021-10-08 06:38:16,32100.0,500.0,728900.0
395,2021-10-08 06:38:16,32100.0,100.0,728400.0
396,2021-10-08 06:38:15,32200.0,100.0,728300.0
397,2021-10-08 06:38:15,32200.0,100.0,728200.0
398,2021-10-08 06:38:05,32200.0,100.0,728100.0
399,2021-10-08 06:38:05,32200.0,500.0,728000.0
400,2021-10-08 06:38:05,32200.0,1000.0,727500.0
401,2021-10-08 06:38:05,32200.0,200.0,726500.0
402,2021-10-08 06:38:05,32250.0,200.0,726300.0
403,2021-10-08 06:38:05,32250.0,2000.0,726100.0
404,2021-10-08 06:38:05,32250.0,1000.0,724100.0
405,2021-10-08 06:37:57,32250.0,4000.0,723100.0
406,2021-10-08 06:37:35,32300.0,300.0,719100.0
407,2021-10-08 06:37:30,32300.0,700.0,718800.0
408,2021-10-08 06:36:38,32300.0,200.0,718100.0
409,2021-10-08 06:36:38,32300.0,200.0,717900.0
410,2021-10-08 06:36:38,32300.0,1000.0,717700.0
411,2021-10-08 06:36:38,32300.0,400.0,716700.0
412,2021-10-08 06:36:38,32300.0,200.0,716300.0
413,2021-10-08 06:36:38,32300.0,300.0,716100.0
414,2021-10-08 06:36:38,32300.0,900.0,715800.0
415,2021-10-08 06:36:38,32300.0,800.0,714900.0
416,2021-10-08 06:36:32,32300.0,500.0,714100.0
417,2021-10-08 06:36:14,32300.0,100.0,713600.0
418,2021-10-08 06:36:12,32300.0,200.0,713500.0
419,2021-10-08 06:34:10,32300.0,300.0,713300.0
420,2021-10-08 06:34:07,32300.0,100.0,713000.0
421,2021-10-08 06:34:05,32300.0,100.0,712900.0
422,2021-10-08 06:34:03,32300.0,200.0,712800.0
423,2021-10-08 06:34:03,32300.0,100.0,712600.0
424,2021-10-08 06:33:58,32300.0,300.0,712500.0
425,2021-10-08 06:33:38,32300.0,400.0,712200.0
426,2021-10-08 06:33:32,32300.0,500.0,711800.0
427,2021-10-08 06:33:32,32300.0,300.0,711300.0
428,2021-10-08 06:33:30,32300.0,100.0,711000.0
429,2021-10-08 06:33:18,32300.0,900.0,710900.0
430,2021-10-08 06:33:14,32300.0,100.0,710000.0
431,2021-10-08 06:33:14,32300.0,300.0,709900.0
432,2021-10-08 06:33:14,32300.0,400.0,709600.0
433,2021-10-08 06:33:14,32300.0,500.0,709200.0
434,2021-10-08 06:33:14,32300.0,100.0,708700.0
435,2021-10-08 06:33:14,32300.0,1600.0,708600.0
436,2021-10-08 06:33:11,32300.0,200.0,707000.0
437,2021-10-08 06:33:11,32300.0,800.0,706800.0
438,2021-10-08 06:33:10,32300.0,200.0,706000.0
439,2021-10-08 06:33:10,32300.0,300.0,705800.0
440,2021-10-08 06:33:10,32300.0,300.0,705500.0
441,2021-10-08 06:33:10,32300.0,200.0,705200.0
442,2021-10-08 06:32:59,32300.0,100.0,705000.0
443,2021-10-08 06:32:56,32300.0,500.0,704900.0
444,2021-10-08 06:32:56,32300.0,100.0,704400.0
445,2021-10-08 06:32:18,32300.0,400.0,704300.0
446,2021-10-08 06:32:18,32300.0,100.0,703900.0
447,2021-10-08 06:32:18,32300.0,100.0,703800.0
448,2021-10-08 06:32:18,32300.0,100.0,703700.0
449,2021-10-08 06:32:18,32300.0,200.0,703600.0
450,2021-10-08 06:32:18,32300.0,500.0,703400.0
451,2021-10-08 06:32:18,32300.0,1600.0,702900.0
452,2021-10-08 06:32:00,32350.0,300.0,701300.0
453,2021-10-08 06:32:00,32350.0,500.0,701000.0
454,2021-10-08 06:31:32,32350.0,100.0,700500.0
455,2021-10-08 06:31:32,32350.0,400.0,700400.0
456,2021-10-08 06:31:32,32350.0,4500.0,700000.0
457,2021-10-08 06:31:04,32350.0,200.0,695500.0
458,2021-10-08 06:30:45,32400.0,300.0,695300.0
459,2021-10-08 06:30:38,32350.0,300.0,695000.0
460,2021-10-08 06:30:38,32350.0,700.0,694700.0
461,2021-10-08 06:30:34,32350.0,200.0,694000.0
462,2021-10-08 06:30:32,32400.0,400.0,693800.0
463,2021-10-08 06:30:32,32400.0,1000.0,693400.0
464,2021-10-08 06:30:32,32400.0,900.0,692400.0
465,2021-10-08 06:30:32,32400.0,500.0,691500.0
466,2021-10-08 06:30:31,32400.0,500.0,691000.0
467,2021-10-08 06:30:31,32400.0,100.0,690500.0
468,2021-10-08 06:30:15,32400.0,1000.0,690400.0
469,2021-10-08 06:29:50,32400.0,600.0,689400.0
470,2021-10-08 06:29:22,32400.0,100.0,688800.0
471,2021-10-08 06:29:21,32400.0,1200.0,688700.0
472,2021-10-08 06:29:21,32400.0,200.0,687500.0
473,2021-10-08 06:29:21,32400.0,500.0,687300.0
474,2021-10-08 06:29:20,32400.0,100.0,686800.0
475,2021-10-08 06:28:50,32400.0,100.0,686700.0
476,2021-10-08 06:28:44,32400.0,100.0,686600.0
477,2021-10-08 06:28:33,32400.0,200.0,686500.0
478,2021-10-08 06:28:14,32450.0,100.0,686300.0
479,2021-10-08 06:27:29,32400.0,100.0,686200.0
480,2021-10-08 06:27:08,32400.0,500.0,686100.0
481,2021-10-08 06:27:08,32400.0,200.0,685600.0
482,2021-10-08 06:27:08,32400.0,100.0,685400.0
483,2021-10-08 06:27:08,32400.0,1200.0,685300.0
484,2021-10-08 06:26:46,32450.0,400.0,684100.0
485,2021-10-08 06:26:32,32450.0,200.0,683700.0
486,2021-10-08 06:26:32,32450.0,300.0,683500.0
487,2021-10-08 06:26:23,32450.0,500.0,683200.0
488,2021-10-08 06:26:01,32450.0,200.0,682700.0
489,2021-10-08 06:26:01,32450.0,200.0,682500.0
490,2021-10-08 06:26:01,32450.0,100.0,682300.0
491,2021-10-08 06:25:51,32400.0,800.0,682200.0
492,2021-10-08 06:25:51,32400.0,200.0,681400.0
493,2021-10-08 06:25:39,32400.0,100.0,681200.0
494,2021-10-08 06:25:35,32400.0,300.0,681100.0
495,2021-10-08 06:25:35,32400.0,100.0,680800.0
496,2021-10-08 06:25:35,32400.0,100.0,680700.0
497,2021-10-08 06:25:35,32400.0,200.0,680600.0
498,2021-10-08 06:25:31,32400.0,100.0,680400.0
499,2021-10-08 06:25:19,32400.0,400.0,680300.0
500,2021-10-08 06:25:19,32400.0,100.0,679900.0
501,2021-10-08 06:25:07,32400.0,400.0,679800.0
502,2021-10-08 06:25:07,32400.0,600.0,679400.0
503,2021-10-08 06:25:06,32400.0,100.0,678800.0
504,2021-10-08 06:24:47,32400.0,300.0,678700.0
505,2021-10-08 06:24:47,32400.0,500.0,678400.0
506,2021-10-08 06:24:47,32400.0,100.0,677900.0
507,2021-10-08 06:24:47,32400.0,500.0,677800.0
508,2021-10-08 06:24:47,32400.0,600.0,677300.0
509,2021-10-08 06:24:28,32350.0,100.0,676700.0
510,2021-10-08 06:24:11,32350.0,1000.0,676600.0
511,2021-10-08 06:24:11,32350.0,200.0,675600.0
512,2021-10-08 06:23:53,32350.0,100.0,675400.0
513,2021-10-08 06:23:53,32400.0,400.0,675300.0
514,2021-10-08 06:23:53,32400.0,100.0,674900.0
515,2021-10-08 06:23:53,32400.0,200.0,674800.0
516,2021-10-08 06:23:53,32400.0,600.0,674600.0
517,2021-10-08 06:23:39,32400.0,100.0,674000.0
518,2021-10-08 06:23:39,32400.0,200.0,673900.0
519,2021-10-08 06:23:21,32400.0,300.0,673700.0
520,2021-10-08 06:23:10,32350.0,200.0,673400.0
521,2021-10-08 06:23:05,32350.0,500.0,673200.0
522,2021-10-08 06:22:56,32350.0,1000.0,672700.0
523,2021-10-08 06:22:43,32300.0,300.0,671700.0
524,2021-10-08 06:22:43,32300.0,100.0,671400.0
525,2021-10-08 06:22:43,32300.0,100.0,671300.0
526,2021-10-08 06:22:43,32300.0,500.0,671200.0
527,2021-10-08 06:22:13,32300.0,100.0,670700.0
528,2021-10-08 06:22:01,32300.0,300.0,670600.0
529,2021-10-08 06:21:32,32300.0,100.0,670300.0
530,2021-10-08 06:21:28,32300.0,1300.0,670200.0
531,2021-10-08 06:21:28,32350.0,300.0,668900.0
532,2021-10-08 06:21:11,32300.0,700.0,668600.0
533,2021-10-08 06:21:11,32350.0,300.0,667900.0
534,2021-10-08 06:21:04,32350.0,100.0,667600.0
535,2021-10-08 06:21:04,32350.0,100.0,667500.0
536,2021-10-08 06:21:04,32350.0,1500.0,667400.0
537,2021-10-08 06:20:59,32350.0,200.0,665900.0
538,2021-10-08 06:20:44,32350.0,300.0,665700.0
539,2021-10-08 06:20:18,32350.0,400.0,665400.0
540,2021-10-08 06:20:18,32350.0,400.0,665000.0
541,2021-10-08 06:20:07,32350.0,2000.0,664600.0
542,2021-10-08 06:20:01,32400.0,500.0,662600.0
543,2021-10-08 06:20:01,32400.0,400.0,662100.0
544,2021-10-08 06:19:54,32400.0,300.0,661700.0
545,2021-10-08 06:19:24,32400.0,100.0,661400.0
546,2021-10-08 06:19:24,32400.0,200.0,661300.0
547,2021-10-08 06:19:15,32400.0,500.0,661100.0
548,2021-10-08 06:19:13,32400.0,500.0,660600.0
549,2021-10-08 06:19:05,32450.0,300.0,660100.0
550,2021-10-08 06:19:05,32450.0,100.0,659800.0
551,2021-10-08 06:19:05,32450.0,400.0,659700.0
552,2021-10-08 06:18:09,32450.0,400.0,659300.0
553,2021-10-08 06:17:14,32450.0,200.0,658900.0
554,2021-10-08 06:17:14,32400.0,100.0,658700.0
555,2021-10-08 06:17:07,32300.0,100.0,658600.0
556,2021-10-08 06:17:07,32300.0,400.0,658500.0
557,2021-10-08 06:16:57,32400.0,500.0,658100.0
558,2021-10-08 06:16:26,32300.0,500.0,657600.0
559,2021-10-08 06:16:26,32300.0,300.0,657100.0
560,2021-10-08 06:16:26,32300.0,100.0,656800.0
561,2021-10-08 06:16:26,32300.0,500.0,656700.0
562,2021-10-08 06:16:18,32400.0,500.0,656200.0
563,2021-10-08 06:16:06,32400.0,100.0,655700.0
564,2021-10-08 06:15:59,32400.0,300.0,655600.0
565,2021-10-08 06:15:30,32400.0,1400.0,655300.0
566,2021-10-08 06:15:30,32400.0,500.0,653900.0
567,2021-10-08 06:15:30,32400.0,100.0,653400.0
568,2021-10-08 06:15:30,32400.0,300.0,653300.0
569,2021-10-08 06:15:30,32400.0,300.0,653000.0
570,2021-10-08 06:15:30,32400.0,700.0,652700.0
571,2021-10-08 06:15:30,32400.0,200.0,652000.0
572,2021-10-08 06:15:30,32400.0,500.0,651800.0
573,2021-10-08 06:15:30,32400.0,300.0,651300.0
574,2021-10-08 06:15:30,32400.0,500.0,651000.0
575,2021-10-08 06:15:22,32500.0,200.0,650500.0
576,2021-10-08 06:15:18,32500.0,300.0,650300.0
577,2021-10-08 06:15:18,32500.0,200.0,650000.0
578,2021-10-08 06:15:18,32450.0,100.0,649800.0
579,2021-10-08 06:15:08,32500.0,300.0,649700.0
580,2021-10-08 06:15:02,32500.0,200.0,649400.0
581,2021-10-08 06:15:01,32400.0,300.0,649200.0
582,2021-10-08 06:14:46,32500.0,300.0,648900.0
583,2021-10-08 06:14:46,32500.0,400.0,648600.0
584,2021-10-08 06:14:46,32500.0,100.0,648200.0
585,2021-10-08 06:14:46,32500.0,500.0,648100.0
586,2021-10-08 06:14:46,32500.0,100.0,647600.0
587,2021-10-08 06:14:25,32500.0,100.0,647500.0
588,2021-10-08 06:14:10,32500.0,200.0,647400.0
589,2021-10-08 06:14:00,32500.0,100.0,647200.0
590,2021-10-08 06:14:00,32500.0,100.0,647100.0
591,2021-10-08 06:13:50,32500.0,400.0,647000.0
592,2021-10-08 06:13:34,32500.0,100.0,646600.0
593,2021-10-08 06:13:34,32500.0,200.0,646500.0
594,2021-10-08 06:13:34,32500.0,100.0,646300.0
595,2021-10-08 06:13:12,32500.0,200.0,646200.0
596,2021-10-08 06:13:12,32500.0,500.0,646000.0
597,2021-10-08 06:13:12,32500.0,300.0,645500.0
598,2021-10-08 06:13:09,32500.0,200.0,645200.0
599,2021-10-08 06:13:09,32500.0,100.0,645000.0
600,2021-10-08 06:12:57,32500.0,100.0,644900.0
601,2021-10-08 06:12:48,32500.0,300.0,644800.0
602,2021-10-08 06:12:48,32500.0,100.0,644500.0
603,2021-10-08 06:12:29,32500.0,500.0,644400.0
604,2021-10-08 06:12:29,32500.0,1400.0,643900.0
605,2021-10-08 06:12:20,32500.0,1000.0,642500.0
606,2021-10-08 06:12:19,32550.0,100.0,641500.0
607,2021-10-08 06:12:12,32500.0,300.0,641400.0
608,2021-10-08 06:12:06,32500.0,1000.0,641100.0
609,2021-10-08 06:11:54,32500.0,500.0,640100.0
610,2021-10-08 06:11:54,32450.0,800.0,639600.0
611,2021-10-08 06:11:54,32500.0,1000.0,638800.0
612,2021-10-08 06:11:53,32500.0,500.0,637800.0
613,2021-10-08 06:11:53,32500.0,800.0,637300.0
614,2021-10-08 06:11:50,32500.0,400.0,636500.0
615,2021-10-08 06:11:50,32500.0,100.0,636100.0
616,2021-10-08 06:11:50,32500.0,500.0,636000.0
617,2021-10-08 06:11:50,32500.0,100.0,635500.0
618,2021-10-08 06:11:50,32500.0,200.0,635400.0
619,2021-10-08 06:11:50,32500.0,100.0,635200.0
620,2021-10-08 06:11:50,32500.0,300.0,635100.0
621,2021-10-08 06:11:50,32500.0,400.0,634800.0
622,2021-10-08 06:11:50,32500.0,200.0,634400.0
623,2021-10-08 06:11:50,32500.0,200.0,634200.0
624,2021-10-08 06:11:50,32500.0,1000.0,634000.0
625,2021-10-08 06:11:50,32500.0,100.0,633000.0
626,2021-10-08 06:11:50,32500.0,500.0,632900.0
627,2021-10-08 06:11:50,32500.0,100.0,632400.0
628,2021-10-08 06:11:49,32500.0,100.0,632300.0
629,2021-10-08 06:11:47,32500.0,4800.0,632200.0
630,2021-10-08 06:11:47,32500.0,200.0,627400.0
631,2021-10-08 06:11:44,32500.0,100.0,627200.0
632,2021-10-08 06:11:36,32500.0,1300.0,627100.0
633,2021-10-08 06:11:36,32500.0,200.0,625800.0
634,2021-10-08 06:11:36,32500.0,500.0,625600.0
635,2021-10-08 06:11:36,32500.0,500.0,625100.0
636,2021-10-08 06:11:36,32500.0,200.0,624600.0
637,2021-10-08 06:11:36,32500.0,500.0,624400.0
638,2021-10-08 06:11:36,32500.0,500.0,623900.0
639,2021-10-08 06:11:36,32500.0,300.0,623400.0
640,2021-10-08 06:11:36,32500.0,100.0,623100.0
641,2021-10-08 06:11:27,32500.0,5000.0,623000.0
642,2021-10-08 06:11:08,32550.0,500.0,618000.0
643,2021-10-08 06:11:07,32550.0,200.0,617500.0
644,2021-10-08 06:11:07,32550.0,100.0,617300.0
645,2021-10-08 06:10:59,32550.0,400.0,617200.0
646,2021-10-08 06:10:51,32550.0,1800.0,616800.0
647,2021-10-08 06:10:47,32500.0,3000.0,615000.0
648,2021-10-08 06:10:46,32550.0,100.0,612000.0
649,2021-10-08 06:10:43,32550.0,300.0,611900.0
650,2021-10-08 06:10:31,32550.0,400.0,611600.0
651,2021-10-08 06:10:30,32550.0,400.0,611200.0
652,2021-10-08 06:10:28,32550.0,200.0,610800.0
653,2021-10-08 06:10:13,32550.0,400.0,610600.0
654,2021-10-08 06:10:13,32550.0,300.0,610200.0
655,2021-10-08 06:09:59,32550.0,200.0,609900.0
656,2021-10-08 06:09:58,32550.0,200.0,609700.0
657,2021-10-08 06:09:57,32550.0,100.0,609500.0
658,2021-10-08 06:09:50,32550.0,600.0,609400.0
659,2021-10-08 06:09:33,32550.0,100.0,608800.0
660,2021-10-08 06:09:31,32550.0,200.0,608700.0
661,2021-10-08 06:09:31,32550.0,200.0,608500.0
662,2021-10-08 06:09:25,32550.0,300.0,608300.0
663,2021-10-08 06:09:21,32550.0,200.0,608000.0
664,2021-10-08 06:09:15,32550.0,200.0,607800.0
665,2021-10-08 06:09:15,32550.0,100.0,607600.0
666,2021-10-08 06:09:01,32550.0,100.0,607500.0
667,2021-10-08 06:08:57,32550.0,100.0,607400.0
668,2021-10-08 06:08:53,32550.0,200.0,607300.0
669,2021-10-08 06:08:46,32550.0,400.0,607100.0
670,2021-10-08 06:08:46,32550.0,300.0,606700.0
671,2021-10-08 06:08:46,32550.0,100.0,606400.0
672,2021-10-08 06:08:46,32550.0,1000.0,606300.0
673,2021-10-08 06:08:46,32550.0,200.0,605300.0
674,2021-10-08 06:08:42,32600.0,500.0,605100.0
675,2021-10-08 06:08:26,32550.0,100.0,604600.0
676,2021-10-08 06:08:20,32550.0,300.0,604500.0
677,2021-10-08 06:08:01,32550.0,200.0,604200.0
678,2021-10-08 06:07:57,32600.0,200.0,604000.0
679,2021-10-08 06:07:53,32550.0,300.0,603800.0
680,2021-10-08 06:07:53,32550.0,100.0,603500.0
681,2021-10-08 06:07:53,32550.0,600.0,603400.0
682,2021-10-08 06:07:45,32600.0,100.0,602800.0
683,2021-10-08 06:07:44,32550.0,1000.0,602700.0
684,2021-10-08 06:07:35,32600.0,1000.0,601700.0
685,2021-10-08 06:07:35,32600.0,2000.0,600700.0
686,2021-10-08 06:07:35,32600.0,100.0,598700.0
687,2021-10-08 06:07:35,32600.0,700.0,598600.0
688,2021-10-08 06:07:22,32700.0,400.0,597900.0
689,2021-10-08 06:07:17,32700.0,100.0,597500.0
690,2021-10-08 06:07:11,32700.0,400.0,597400.0
691,2021-10-08 06:07:03,32700.0,100.0,597000.0
692,2021-10-08 06:06:46,32700.0,500.0,596900.0
693,2021-10-08 06:06:40,32700.0,200.0,596400.0
694,2021-10-08 06:06:40,32700.0,1000.0,596200.0
695,2021-10-08 06:06:32,32700.0,100.0,595200.0
696,2021-10-08 06:06:29,32700.0,500.0,595100.0
697,2021-10-08 06:06:29,32700.0,300.0,594600.0
698,2021-10-08 06:06:27,32700.0,100.0,594300.0
699,2021-10-08 06:06:21,32700.0,100.0,594200.0
700,2021-10-08 06:06:19,32700.0,400.0,594100.0
701,2021-10-08 06:06:13,32700.0,500.0,593700.0
702,2021-10-08 06:06:12,32700.0,800.0,593200.0
703,2021-10-08 06:06:11,32700.0,300.0,592400.0
704,2021-10-08 06:06:10,32700.0,100.0,592100.0
705,2021-10-08 06:06:10,32700.0,400.0,592000.0
706,2021-10-08 06:06:02,32700.0,2000.0,591600.0
707,2021-10-08 06:05:56,32700.0,1600.0,589600.0
708,2021-10-08 06:05:55,32750.0,100.0,588000.0
709,2021-10-08 06:05:52,32700.0,100.0,587900.0
710,2021-10-08 06:05:27,32750.0,100.0,587800.0
711,2021-10-08 06:05:21,32750.0,200.0,587700.0
712,2021-10-08 06:05:16,32750.0,100.0,587500.0
713,2021-10-08 06:05:10,32750.0,200.0,587400.0
714,2021-10-08 06:05:10,32750.0,200.0,587200.0
715,2021-10-08 06:05:00,32750.0,300.0,587000.0
716,2021-10-08 06:04:50,32750.0,100.0,586700.0
717,2021-10-08 06:04:39,32900.0,1000.0,586600.0
718,2021-10-08 06:04:32,32900.0,500.0,585600.0
719,2021-10-08 06:04:27,32800.0,200.0,585100.0
720,2021-10-08 06:04:27,32800.0,500.0,584900.0
721,2021-10-08 06:04:27,32800.0,300.0,584400.0
722,2021-10-08 06:04:27,32800.0,100.0,584100.0
723,2021-10-08 06:04:27,32800.0,100.0,584000.0
724,2021-10-08 06:04:27,32800.0,1300.0,583900.0
725,2021-10-08 06:04:27,32800.0,500.0,582600.0
726,2021-10-08 06:04:19,32900.0,900.0,582100.0
727,2021-10-08 06:04:18,32900.0,100.0,581200.0
728,2021-10-08 06:04:18,32900.0,300.0,581100.0
729,2021-10-08 06:04:14,32900.0,100.0,580800.0
730,2021-10-08 06:04:14,32800.0,500.0,580700.0
731,2021-10-08 06:04:13,32900.0,100.0,580200.0
732,2021-10-08 06:04:13,32900.0,200.0,580100.0
733,2021-10-08 06:04:13,32900.0,200.0,579900.0
734,2021-10-08 06:04:12,32900.0,200.0,579700.0
735,2021-10-08 06:04:12,32900.0,300.0,579500.0
736,2021-10-08 06:03:51,32900.0,800.0,579200.0
737,2021-10-08 06:03:51,32900.0,1000.0,578400.0
738,2021-10-08 06:03:51,32900.0,100.0,577400.0
739,2021-10-08 06:03:51,32900.0,300.0,577300.0
740,2021-10-08 06:03:51,32900.0,800.0,577000.0
741,2021-10-08 06:03:49,32900.0,500.0,576200.0
742,2021-10-08 06:03:43,32900.0,700.0,575700.0
743,2021-10-08 06:03:43,32900.0,100.0,575000.0
744,2021-10-08 06:03:43,32900.0,100.0,574900.0
745,2021-10-08 06:03:43,32900.0,800.0,574800.0
746,2021-10-08 06:03:33,32900.0,700.0,574000.0
747,2021-10-08 06:03:33,32950.0,1000.0,573300.0
748,2021-10-08 06:03:28,32950.0,100.0,572300.0
749,2021-10-08 06:03:25,32900.0,500.0,572200.0
750,2021-10-08 06:03:19,32950.0,100.0,571700.0
751,2021-10-08 06:03:16,32950.0,100.0,571600.0
752,2021-10-08 06:03:12,32900.0,1000.0,571500.0
753,2021-10-08 06:03:09,32950.0,400.0,570500.0
754,2021-10-08 06:03:09,32950.0,200.0,570100.0
755,2021-10-08 06:03:09,32950.0,500.0,569900.0
756,2021-10-08 06:03:08,32900.0,800.0,569400.0
757,2021-10-08 06:03:03,32950.0,400.0,568600.0
758,2021-10-08 06:03:02,32950.0,100.0,568200.0
759,2021-10-08 06:03:02,32950.0,400.0,568100.0
760,2021-10-08 06:03:02,32950.0,400.0,567700.0
761,2021-10-08 06:03:02,32950.0,100.0,567300.0
762,2021-10-08 06:02:57,32950.0,100.0,567200.0
763,2021-10-08 06:02:57,32950.0,400.0,567100.0
764,2021-10-08 06:02:56,32950.0,600.0,566700.0
765,2021-10-08 06:02:55,32950.0,1500.0,566100.0
766,2021-10-08 06:02:51,32950.0,100.0,564600.0
767,2021-10-08 06:02:51,32950.0,100.0,564500.0
768,2021-10-08 06:02:48,32900.0,200.0,564400.0
769,2021-10-08 06:02:48,32900.0,500.0,564200.0
770,2021-10-08 06:02:48,32900.0,500.0,563700.0
771,2021-10-08 06:02:48,32950.0,200.0,563200.0
772,2021-10-08 06:02:48,32950.0,4800.0,563000.0
773,2021-10-08 06:02:46,32950.0,200.0,558200.0
774,2021-10-08 06:02:46,32950.0,300.0,558000.0
775,2021-10-08 06:02:32,32950.0,3000.0,557700.0
776,2021-10-08 06:02:28,32900.0,300.0,554700.0
777,2021-10-08 06:02:28,32900.0,200.0,554400.0
778,2021-10-08 06:02:25,32950.0,500.0,554200.0
779,2021-10-08 06:02:20,32950.0,1500.0,553700.0
780,2021-10-08 06:02:19,32950.0,1000.0,552200.0
781,2021-10-08 06:02:19,32900.0,500.0,551200.0
782,2021-10-08 06:02:19,32950.0,200.0,550700.0
783,2021-10-08 06:02:13,33000.0,1000.0,550500.0
784,2021-10-08 06:02:13,33000.0,300.0,549500.0
785,2021-10-08 06:02:13,33000.0,700.0,549200.0
786,2021-10-08 06:02:09,32900.0,100.0,548500.0
787,2021-10-08 06:02:04,33000.0,300.0,548400.0
788,2021-10-08 06:02:04,32950.0,2000.0,548100.0
789,2021-10-08 06:02:04,32900.0,500.0,546100.0
790,2021-10-08 06:02:04,32900.0,500.0,545600.0
791,2021-10-08 06:02:04,32900.0,500.0,545100.0
792,2021-10-08 06:02:04,32900.0,100.0,544600.0
793,2021-10-08 06:02:04,32900.0,100.0,544500.0
794,2021-10-08 06:01:59,32800.0,200.0,544400.0
795,2021-10-08 06:01:59,32800.0,200.0,544200.0
796,2021-10-08 06:01:59,32800.0,400.0,544000.0
797,2021-10-08 06:01:59,32800.0,200.0,543600.0
798,2021-10-08 06:01:58,32800.0,300.0,543400.0
799,2021-10-08 06:01:58,32800.0,100.0,543100.0
800,2021-10-08 06:01:56,32800.0,100.0,543000.0
801,2021-10-08 06:01:56,32800.0,500.0,542900.0
802,2021-10-08 06:01:56,32800.0,1000.0,542400.0
803,2021-10-08 06:01:56,32800.0,400.0,541400.0
804,2021-10-08 06:01:54,32800.0,300.0,541000.0
805,2021-10-08 06:01:54,32800.0,100.0,540700.0
806,2021-10-08 06:01:50,32800.0,200.0,540600.0
807,2021-10-08 06:01:50,32800.0,1000.0,540400.0
808,2021-10-08 06:01:50,32800.0,100.0,539400.0
809,2021-10-08 06:01:44,32800.0,900.0,539300.0
810,2021-10-08 06:01:34,32700.0,400.0,538400.0
811,2021-10-08 06:01:33,32700.0,100.0,538000.0
812,2021-10-08 06:01:33,32700.0,600.0,537900.0
813,2021-10-08 06:01:33,32700.0,100.0,537300.0
814,2021-10-08 06:01:28,32700.0,300.0,537200.0
815,2021-10-08 06:01:28,32700.0,1000.0,536900.0
816,2021-10-08 06:01:28,32700.0,100.0,535900.0
817,2021-10-08 06:01:28,32700.0,100.0,535800.0
818,2021-10-08 06:01:28,32700.0,100.0,535700.0
819,2021-10-08 06:01:20,32600.0,200.0,535600.0
820,2021-10-08 06:01:19,32600.0,500.0,535400.0
821,2021-10-08 06:01:19,32600.0,500.0,534900.0
822,2021-10-08 06:01:19,32600.0,100.0,534400.0
823,2021-10-08 06:01:17,32600.0,100.0,534300.0
824,2021-10-08 06:01:17,32600.0,1000.0,534200.0
825,2021-10-08 06:01:17,32600.0,200.0,533200.0
826,2021-10-08 06:01:17,32600.0,200.0,533000.0
827,2021-10-08 06:01:17,32500.0,200.0,532800.0
828,2021-10-08 06:01:09,32500.0,500.0,532600.0
829,2021-10-08 06:01:09,32500.0,100.0,532100.0
830,2021-10-08 06:01:09,32500.0,500.0,532000.0
831,2021-10-08 06:01:09,32500.0,300.0,531500.0
832,2021-10-08 06:01:07,32500.0,700.0,531200.0
833,2021-10-08 06:01:07,32500.0,1000.0,530500.0
834,2021-10-08 06:01:07,32500.0,200.0,529500.0
835,2021-10-08 06:01:07,32500.0,500.0,529300.0
836,2021-10-08 06:01:05,32500.0,300.0,528800.0
837,2021-10-08 06:01:05,32500.0,200.0,528500.0
838,2021-10-08 06:01:03,32500.0,100.0,528300.0
839,2021-10-08 06:01:03,32500.0,1900.0,528200.0
840,2021-10-08 06:01:02,32500.0,100.0,526300.0
841,2021-10-08 06:01:02,32500.0,200.0,526200.0
842,2021-10-08 06:01:02,32500.0,200.0,526000.0
843,2021-10-08 06:01:02,32500.0,100.0,525800.0
844,2021-10-08 06:01:02,32500.0,1000.0,525700.0
845,2021-10-08 06:01:02,32500.0,200.0,524700.0
846,2021-10-08 06:01:02,32500.0,100.0,524500.0
847,2021-10-08 06:01:02,32500.0,1000.0,524400.0
848,2021-10-08 06:01:02,32500.0,1000.0,523400.0
849,2021-10-08 06:01:02,32500.0,200.0,522400.0
850,2021-10-08 06:01:02,32500.0,500.0,522200.0
851,2021-10-08 06:01:02,32500.0,100.0,521700.0
852,2021-10-08 06:01:02,32500.0,500.0,521600.0
853,2021-10-08 06:01:02,32500.0,300.0,521100.0
854,2021-10-08 06:01:02,32500.0,1100.0,520800.0
855,2021-10-08 06:01:02,32500.0,2100.0,519700.0
856,2021-10-08 06:01:02,32500.0,200.0,517600.0
857,2021-10-08 06:01:02,32500.0,1100.0,517400.0
858,2021-10-08 06:01:00,32500.0,600.0,516300.0
859,2021-10-08 06:00:58,32500.0,3300.0,515700.0
860,2021-10-08 06:00:58,32500.0,500.0,512400.0
861,2021-10-08 06:00:58,32500.0,300.0,511900.0
862,2021-10-08 06:00:58,32500.0,100.0,511600.0
863,2021-10-08 06:00:58,32500.0,800.0,511500.0
864,2021-10-08 06:00:53,32500.0,300.0,510700.0
865,2021-10-08 06:00:51,32500.0,8700.0,510400.0
866,2021-10-08 06:00:51,32450.0,1300.0,501700.0
867,2021-10-08 06:00:47,32450.0,200.0,500400.0
868,2021-10-08 06:00:46,32450.0,1900.0,500200.0
869,2021-10-08 06:00:42,32500.0,1300.0,498300.0
870,2021-10-08 06:00:39,32500.0,400.0,497000.0
871,2021-10-08 06:00:35,32400.0,200.0,496600.0
872,2021-10-08 06:00:31,32500.0,2000.0,496400.0
873,2021-10-08 06:00:31,32500.0,800.0,494400.0
874,2021-10-08 06:00:29,32500.0,1500.0,493600.0
875,2021-10-08 06:00:27,32300.0,500.0,492100.0
876,2021-10-08 06:00:25,32200.0,100.0,491600.0
877,2021-10-08 06:00:25,32200.0,200.0,491500.0
878,2021-10-08 06:00:24,32300.0,100.0,491300.0
879,2021-10-08 06:00:24,32300.0,100.0,491200.0
880,2021-10-08 06:00:20,32300.0,200.0,491100.0
881,2021-10-08 06:00:20,32400.0,300.0,490900.0
882,2021-10-08 06:00:19,32300.0,300.0,490600.0
883,2021-10-08 06:00:14,32500.0,4200.0,490300.0
884,2021-10-08 06:00:14,32500.0,700.0,486100.0
885,2021-10-08 06:00:14,32100.0,100.0,485400.0
886,2021-10-08 06:00:13,32050.0,200.0,485300.0
887,2021-10-08 06:00:12,32000.0,2400.0,485100.0
888,2021-10-08 06:00:12,32000.0,1000.0,482700.0
889,2021-10-08 06:00:12,32000.0,3000.0,481700.0
890,2021-10-08 06:00:12,32000.0,1500.0,478700.0
891,2021-10-08 06:00:12,32000.0,100.0,477200.0
892,2021-10-08 06:00:12,32000.0,100.0,477100.0
893,2021-10-08 06:00:12,32000.0,5000.0,477000.0
894,2021-10-08 06:00:12,32000.0,200.0,472000.0
895,2021-10-08 06:00:12,32000.0,3700.0,471800.0
896,2021-10-08 06:00:11,32500.0,300.0,468100.0
897,2021-10-08 06:00:11,32500.0,100.0,467800.0
898,2021-10-08 06:00:11,32500.0,200.0,467700.0
899,2021-10-08 06:00:11,32500.0,100.0,467500.0
900,2021-10-08 06:00:11,32500.0,200.0,467400.0
901,2021-10-08 06:00:11,32500.0,5000.0,467200.0
902,2021-10-08 06:00:11,32500.0,500.0,462200.0
903,2021-10-08 06:00:11,32500.0,1000.0,461700.0
904,2021-10-08 06:00:11,32500.0,2600.0,460700.0
905,2021-10-08 06:00:11,32000.0,1000.0,458100.0
906,2021-10-08 06:00:10,32500.0,2000.0,457100.0
907,2021-10-08 06:00:09,32500.0,400.0,455100.0
908,2021-10-08 06:00:09,32500.0,500.0,454700.0
909,2021-10-08 06:00:09,32500.0,800.0,454200.0
910,2021-10-08 06:00:09,32500.0,500.0,453400.0
911,2021-10-08 06:00:09,32500.0,1200.0,452900.0
912,2021-10-08 06:00:09,32500.0,2200.0,451700.0
913,2021-10-08 06:00:09,32500.0,400.0,449500.0
914,2021-10-08 06:00:08,32500.0,100.0,449100.0
915,2021-10-08 06:00:08,32400.0,500.0,449000.0
916,2021-10-08 06:00:08,32400.0,1000.0,448500.0
917,2021-10-08 06:00:08,32400.0,1300.0,447500.0
918,2021-10-08 06:00:08,32400.0,500.0,446200.0
919,2021-10-08 06:00:08,32400.0,100.0,445700.0
920,2021-10-08 06:00:08,32300.0,1000.0,445600.0
921,2021-10-08 06:00:08,32300.0,1000.0,444600.0
922,2021-10-08 06:00:08,32300.0,100.0,443600.0
923,2021-10-08 06:00:08,32200.0,500.0,443500.0
924,2021-10-08 06:00:08,32200.0,100.0,443000.0
925,2021-10-08 06:00:08,32200.0,1800.0,442900.0
926,2021-10-08 06:00:08,32200.0,200.0,441100.0
927,2021-10-08 06:00:08,32200.0,300.0,440900.0
928,2021-10-08 06:00:08,32200.0,1000.0,440600.0
929,2021-10-08 06:00:08,32200.0,500.0,439600.0
930,2021-10-08 06:00:08,32200.0,1000.0,439100.0
931,2021-10-08 06:00:08,32200.0,100.0,438100.0
932,2021-10-08 06:00:08,32200.0,1000.0,438000.0
933,2021-10-08 06:00:08,32100.0,100.0,437000.0
934,2021-10-08 06:00:08,32100.0,400.0,436900.0
935,2021-10-08 06:00:08,32100.0,100.0,436500.0
936,2021-10-08 06:00:08,32050.0,300.0,436400.0
937,2021-10-08 06:00:06,32050.0,200.0,436100.0
938,2021-10-08 06:00:04,32000.0,2200.0,435900.0
939,2021-10-08 06:00:03,32100.0,100.0,433700.0
940,2021-10-08 06:00:03,32100.0,400.0,433600.0
941,2021-10-08 06:00:01,32100.0,600.0,433200.0
942,2021-10-08 06:00:01,32100.0,400.0,432600.0
943,2021-10-08 06:00:01,32100.0,500.0,432200.0
944,2021-10-08 06:00:01,32100.0,100.0,431700.0
945,2021-10-08 06:00:01,32000.0,500.0,431600.0
946,2021-10-08 06:00:01,32000.0,200.0,431100.0
947,2021-10-08 06:00:01,32050.0,100.0,430900.0
948,2021-10-08 06:00:01,32050.0,200.0,430800.0
949,2021-10-08 06:00:01,32000.0,400.0,430600.0
950,2021-10-08 06:00:01,32000.0,1500.0,430200.0
951,2021-10-08 06:00:01,32000.0,100.0,428700.0
952,2021-10-08 06:00:01,31900.0,400.0,428600.0
953,2021-10-08 06:00:00,31900.0,300.0,428200.0
954,2021-10-08 06:00:00,31900.0,500.0,427900.0
955,2021-10-08 06:00:00,31900.0,1000.0,427400.0
956,2021-10-08 06:00:00,31900.0,1000.0,426400.0
957,2021-10-08 06:00:00,32000.0,100.0,425400.0
958,2021-10-08 06:00:00,32000.0,500.0,425300.0
959,2021-10-08 06:00:00,32000.0,500.0,424800.0
960,2021-10-08 06:00:00,32000.0,2500.0,424300.0
961,2021-10-08 04:30:00,32000.0,1500.0,421800.0
962,2021-10-08 04:30:00,32000.0,500.0,420300.0
963,2021-10-08 04:30:00,32000.0,3000.0,419800.0
964,2021-10-08 04:29:56,32000.0,1200.0,416800.0
965,2021-10-08 04:29:56,32000.0,1800.0,415600.0
966,2021-10-08 04:29:56,32000.0,600.0,413800.0
967,2021-10-08 04:29:56,32000.0,100.0,413200.0
968,2021-10-08 04:29:56,32000.0,100.0,413100.0
969,2021-10-08 04:29:56,32000.0,400.0,413000.0
970,2021-10-08 04:29:56,32000.0,500.0,412600.0
971,2021-10-08 04:29:56,32000.0,500.0,412100.0
972,2021-10-08 04:29:56,32000.0,1000.0,411600.0
973,2021-10-08 04:29:56,32000.0,500.0,410600.0
974,2021-10-08 04:29:56,32000.0,200.0,410100.0
975,2021-10-08 04:29:56,32000.0,100.0,409900.0
976,2021-10-08 04:29:56,32000.0,300.0,409800.0
977,2021-10-08 04:29:56,32000.0,400.0,409500.0
978,2021-10-08 04:29:56,32000.0,400.0,409100.0
979,2021-10-08 04:29:56,32000.0,100.0,408700.0
980,2021-10-08 04:29:56,32000.0,200.0,408600.0
981,2021-10-08 04:29:56,32000.0,500.0,408400.0
982,2021-10-08 04:29:56,32000.0,1000.0,407900.0
983,2021-10-08 04:29:56,32000.0,500.0,406900.0
984,2021-10-08 04:29:56,32000.0,100.0,406400.0
985,2021-10-08 04:29:56,32000.0,100.0,406300.0
986,2021-10-08 04:29:56,32000.0,500.0,406200.0
987,2021-10-08 04:29:56,32000.0,2000.0,405700.0
988,2021-10-08 04:29:56,32000.0,300.0,403700.0
989,2021-10-08 04:29:56,32000.0,200.0,403400.0
990,2021-10-08 04:29:56,32000.0,600.0,403200.0
991,2021-10-08 04:29:56,32000.0,100.0,402600.0
992,2021-10-08 04:29:56,32000.0,500.0,402500.0
993,2021-10-08 04:29:56,32000.0,100.0,402000.0
994,2021-10-08 04:29:56,32000.0,100.0,401900.0
995,2021-10-08 04:29:56,32000.0,600.0,401800.0
996,2021-10-08 04:29:56,32000.0,1000.0,401200.0
997,2021-10-08 04:29:56,32000.0,200.0,400200.0
998,2021-10-08 04:29:56,32000.0,500.0,400000.0
999,2021-10-08 04:29:56,32000.0,300.0,399500.0
1000,2021-10-08 04:29:56,32000.0,3000.0,399200.0
1001,2021-10-08 04:29:56,32000.0,500.0,396200.0
1002,2021-10-08 04:29:56,32000.0,200.0,395700.0
1003,2021-10-08 04:29:56,32000.0,300.0,395500.0
1004,2021-10-08 04:29:56,32000.0,500.0,395200.0
1005,2021-10-08 04:29:56,31950.0,9100.0,394700.0
1006,2021-10-08 04:29:53,31950.0,900.0,385600.0
1007,2021-10-08 04:29:45,32000.0,1500.0,384700.0
1008,2021-10-08 04:29:45,32000.0,100.0,383200.0
1009,2021-10-08 04:29:45,31900.0,400.0,383100.0
1010,2021-10-08 04:29:44,31900.0,2000.0,382700.0
1011,2021-10-08 04:29:43,31900.0,2000.0,380700.0
1012,2021-10-08 04:29:39,31900.0,1100.0,378700.0
1013,2021-10-08 04:29:39,31900.0,900.0,377600.0
1014,2021-10-08 04:29:38,31900.0,1500.0,376700.0
1015,2021-10-08 04:29:33,31900.0,1000.0,375200.0
1016,2021-10-08 04:29:33,31950.0,1100.0,374200.0
1017,2021-10-08 04:29:28,32000.0,100.0,373100.0
1018,2021-10-08 04:29:28,31950.0,300.0,373000.0
1019,2021-10-08 04:29:28,31950.0,100.0,372700.0
1020,2021-10-08 04:29:16,32000.0,800.0,372600.0
1021,2021-10-08 04:29:16,32000.0,300.0,371800.0
1022,2021-10-08 04:29:16,32000.0,200.0,371500.0
1023,2021-10-08 04:29:16,32000.0,500.0,371300.0
1024,2021-10-08 04:29:07,31950.0,300.0,370800.0
1025,2021-10-08 04:29:06,31950.0,5000.0,370500.0
1026,2021-10-08 04:28:54,32000.0,500.0,365500.0
1027,2021-10-08 04:28:54,32000.0,500.0,365000.0
1028,2021-10-08 04:28:54,32000.0,500.0,364500.0
1029,2021-10-08 04:28:54,32000.0,500.0,364000.0
1030,2021-10-08 04:28:54,32000.0,200.0,363500.0
1031,2021-10-08 04:28:54,32000.0,5000.0,363300.0
1032,2021-10-08 04:28:54,32000.0,100.0,358300.0
1033,2021-10-08 04:28:54,31950.0,2000.0,358200.0
1034,2021-10-08 04:28:54,31950.0,100.0,356200.0
1035,2021-10-08 04:28:54,31900.0,300.0,356100.0
1036,2021-10-08 04:28:54,31900.0,300.0,355800.0
1037,2021-10-08 04:28:50,31900.0,200.0,355500.0
1038,2021-10-08 04:28:45,31900.0,300.0,355300.0
1039,2021-10-08 04:28:45,31900.0,400.0,355000.0
1040,2021-10-08 04:28:45,31900.0,100.0,354600.0
1041,2021-10-08 04:28:44,31900.0,200.0,354500.0
1042,2021-10-08 04:28:44,31900.0,100.0,354300.0
1043,2021-10-08 04:28:44,31900.0,100.0,354200.0
1044,2021-10-08 04:28:37,31900.0,1900.0,354100.0
1045,2021-10-08 04:28:37,31900.0,100.0,352200.0
1046,2021-10-08 04:28:37,31900.0,300.0,352100.0
1047,2021-10-08 04:28:37,31900.0,500.0,351800.0
1048,2021-10-08 04:28:37,31900.0,100.0,351300.0
1049,2021-10-08 04:28:37,31900.0,100.0,351200.0
1050,2021-10-08 04:28:31,31900.0,2000.0,351100.0
1051,2021-10-08 04:28:31,31700.0,400.0,349100.0
1052,2021-10-08 04:28:31,31750.0,4000.0,348700.0
1053,2021-10-08 04:28:31,31800.0,5600.0,344700.0
1054,2021-10-08 04:28:29,31800.0,10500.0,339100.0
1055,2021-10-08 04:27:58,31800.0,500.0,328600.0
1056,2021-10-08 04:27:58,31800.0,100.0,328100.0
1057,2021-10-08 04:27:58,31800.0,100.0,328000.0
1058,2021-10-08 04:27:58,31800.0,300.0,327900.0
1059,2021-10-08 04:27:52,31800.0,500.0,327600.0
1060,2021-10-08 04:27:52,31800.0,200.0,327100.0
1061,2021-10-08 04:27:52,31800.0,200.0,326900.0
1062,2021-10-08 04:27:52,31800.0,1500.0,326700.0
1063,2021-10-08 04:27:52,31800.0,400.0,325200.0
1064,2021-10-08 04:27:52,31800.0,200.0,324800.0
1065,2021-10-08 04:27:47,31800.0,400.0,324600.0
1066,2021-10-08 04:27:47,31800.0,500.0,324200.0
1067,2021-10-08 04:27:47,31800.0,100.0,323700.0
1068,2021-10-08 04:27:47,31800.0,100.0,323600.0
1069,2021-10-08 04:27:47,31800.0,2000.0,323500.0
1070,2021-10-08 04:27:47,31800.0,500.0,321500.0
1071,2021-10-08 04:27:47,31800.0,1000.0,321000.0
1072,2021-10-08 04:27:47,31800.0,100.0,320000.0
1073,2021-10-08 04:27:47,31800.0,300.0,319900.0
1074,2021-10-08 04:27:37,31700.0,100.0,319600.0
1075,2021-10-08 04:27:12,31700.0,100.0,319500.0
1076,2021-10-08 04:26:57,31700.0,100.0,319400.0
1077,2021-10-08 04:26:45,31700.0,200.0,319300.0
1078,2021-10-08 04:26:35,31700.0,1000.0,319100.0
1079,2021-10-08 04:26:34,31700.0,300.0,318100.0
1080,2021-10-08 04:25:59,31700.0,5000.0,317800.0
1081,2021-10-08 04:25:55,31600.0,2000.0,312800.0
1082,2021-10-08 04:25:46,31700.0,1000.0,310800.0
1083,2021-10-08 04:25:08,31700.0,1000.0,309800.0
1084,2021-10-08 04:25:05,31700.0,700.0,308800.0
1085,2021-10-08 04:25:00,31700.0,1000.0,308100.0
1086,2021-10-08 04:24:38,31700.0,100.0,307100.0
1087,2021-10-08 04:24:36,31800.0,1700.0,307000.0
1088,2021-10-08 04:24:36,31800.0,600.0,305300.0
1089,2021-10-08 04:24:36,31800.0,100.0,304700.0
1090,2021-10-08 04:24:36,31800.0,100.0,304600.0
1091,2021-10-08 04:24:36,31750.0,2000.0,304500.0
1092,2021-10-08 04:24:36,31750.0,100.0,302500.0
1093,2021-10-08 04:24:36,31750.0,100.0,302400.0
1094,2021-10-08 04:24:36,31750.0,100.0,302300.0
1095,2021-10-08 04:24:36,31750.0,200.0,302200.0
1096,2021-10-08 04:24:35,31700.0,400.0,302000.0
1097,2021-10-08 04:24:25,31700.0,400.0,301600.0
1098,2021-10-08 04:23:50,31700.0,1200.0,301200.0
1099,2021-10-08 04:23:50,31700.0,200.0,300000.0
1100,2021-10-08 04:23:50,31700.0,600.0,299800.0
1101,2021-10-08 04:23:38,31700.0,400.0,299200.0
1102,2021-10-08 04:23:38,31700.0,300.0,298800.0
1103,2021-10-08 04:23:38,31700.0,100.0,298500.0
1104,2021-10-08 04:23:38,31700.0,700.0,298400.0
1105,2021-10-08 04:23:38,31700.0,2000.0,297700.0
1106,2021-10-08 04:23:38,31700.0,500.0,295700.0
1107,2021-10-08 04:23:38,31700.0,300.0,295200.0
1108,2021-10-08 04:23:38,31700.0,200.0,294900.0
1109,2021-10-08 04:23:38,31700.0,100.0,294700.0
1110,2021-10-08 04:23:38,31700.0,1000.0,294600.0
1111,2021-10-08 04:23:38,31700.0,100.0,293600.0
1112,2021-10-08 04:23:38,31700.0,500.0,293500.0
1113,2021-10-08 04:23:38,31700.0,400.0,293000.0
1114,2021-10-08 04:23:38,31650.0,400.0,292600.0
1115,2021-10-08 04:23:36,31650.0,100.0,292200.0
1116,2021-10-08 04:23:13,31650.0,2000.0,292100.0
1117,2021-10-08 04:22:54,31600.0,200.0,290100.0
1118,2021-10-08 04:22:54,31600.0,100.0,289900.0
1119,2021-10-08 04:22:43,31600.0,400.0,289800.0
1120,2021-10-08 04:22:32,31600.0,100.0,289400.0
1121,2021-10-08 04:22:28,31600.0,500.0,289300.0
1122,2021-10-08 04:22:28,31600.0,500.0,288800.0
1123,2021-10-08 04:22:28,31600.0,4000.0,288300.0
1124,2021-10-08 04:22:15,31600.0,300.0,284300.0
1125,2021-10-08 04:22:12,31600.0,5000.0,284000.0
1126,2021-10-08 04:22:02,31600.0,500.0,279000.0
1127,2021-10-08 04:21:47,31600.0,200.0,278500.0
1128,2021-10-08 04:21:47,31600.0,800.0,278300.0
1129,2021-10-08 04:21:47,31600.0,500.0,277500.0
1130,2021-10-08 04:21:22,31550.0,100.0,277000.0
1131,2021-10-08 04:21:19,31600.0,500.0,276900.0
1132,2021-10-08 04:21:19,31600.0,1000.0,276400.0
1133,2021-10-08 04:21:19,31600.0,300.0,275400.0
1134,2021-10-08 04:21:19,31600.0,200.0,275100.0
1135,2021-10-08 04:20:38,31600.0,100.0,274900.0
1136,2021-10-08 04:20:38,31600.0,100.0,274800.0
1137,2021-10-08 04:20:38,31600.0,100.0,274700.0
1138,2021-10-08 04:20:38,31600.0,4700.0,274600.0
1139,2021-10-08 04:20:21,31600.0,900.0,269900.0
1140,2021-10-08 04:20:06,31550.0,100.0,269000.0
1141,2021-10-08 04:19:53,31550.0,1900.0,268900.0
1142,2021-10-08 04:19:53,31550.0,100.0,267000.0
1143,2021-10-08 04:18:22,31550.0,200.0,266900.0
1144,2021-10-08 04:18:22,31550.0,300.0,266700.0
1145,2021-10-08 04:18:17,31550.0,700.0,266400.0
1146,2021-10-08 04:18:17,31550.0,800.0,265700.0
1147,2021-10-08 04:18:10,31550.0,200.0,264900.0
1148,2021-10-08 04:18:01,31550.0,200.0,264700.0
1149,2021-10-08 04:17:57,31550.0,400.0,264500.0
1150,2021-10-08 04:16:48,31550.0,400.0,264100.0
1151,2021-10-08 04:16:46,31600.0,200.0,263700.0
1152,2021-10-08 04:16:46,31600.0,2000.0,263500.0
1153,2021-10-08 04:15:47,31600.0,300.0,261500.0
1154,2021-10-08 04:13:51,31600.0,1000.0,261200.0
1155,2021-10-08 04:13:31,31550.0,100.0,260200.0
1156,2021-10-08 04:13:31,31550.0,100.0,260100.0
1157,2021-10-08 04:12:42,31550.0,100.0,260000.0
1158,2021-10-08 04:12:20,31500.0,200.0,259900.0
1159,2021-10-08 04:10:58,31450.0,300.0,259700.0
1160,2021-10-08 04:10:19,31450.0,100.0,259400.0
1161,2021-10-08 04:09:53,31500.0,500.0,259300.0
1162,2021-10-08 04:09:25,31500.0,200.0,258800.0
1163,2021-10-08 04:09:19,31600.0,400.0,258600.0
1164,2021-10-08 04:09:19,31450.0,1600.0,258200.0
1165,2021-10-08 04:09:19,31450.0,2600.0,256600.0
1166,2021-10-08 04:09:19,31500.0,1200.0,254000.0
1167,2021-10-08 04:09:19,31500.0,2000.0,252800.0
1168,2021-10-08 04:09:19,31500.0,200.0,250800.0
1169,2021-10-08 04:09:19,31500.0,300.0,250600.0
1170,2021-10-08 04:09:19,31500.0,1000.0,250300.0
1171,2021-10-08 04:09:19,31500.0,100.0,249300.0
1172,2021-10-08 04:09:08,31600.0,100.0,249200.0
1173,2021-10-08 04:08:34,31500.0,200.0,249100.0
1174,2021-10-08 04:07:18,31500.0,200.0,248900.0
1175,2021-10-08 04:07:18,31500.0,300.0,248700.0
1176,2021-10-08 04:07:09,31500.0,100.0,248400.0
1177,2021-10-08 04:07:09,31500.0,100.0,248300.0
1178,2021-10-08 04:07:09,31500.0,200.0,248200.0
1179,2021-10-08 04:06:01,31500.0,100.0,248000.0
1180,2021-10-08 04:05:11,31500.0,100.0,247900.0
1181,2021-10-08 04:05:06,31550.0,200.0,247800.0
1182,2021-10-08 04:04:03,31500.0,200.0,247600.0
1183,2021-10-08 04:02:45,31500.0,600.0,247400.0
1184,2021-10-08 04:02:45,31500.0,200.0,246800.0
1185,2021-10-08 04:02:45,31500.0,100.0,246600.0
1186,2021-10-08 04:02:45,31500.0,300.0,246500.0
1187,2021-10-08 04:02:25,31500.0,200.0,246200.0
1188,2021-10-08 04:02:25,31500.0,2500.0,246000.0
1189,2021-10-08 04:02:25,31500.0,200.0,243500.0
1190,2021-10-08 04:02:16,31500.0,300.0,243300.0
1191,2021-10-08 04:02:16,31500.0,200.0,243000.0
1192,2021-10-08 04:02:08,31500.0,200.0,242800.0
1193,2021-10-08 04:01:46,31500.0,100.0,242600.0
1194,2021-10-08 04:01:46,31500.0,100.0,242500.0
1195,2021-10-08 04:01:03,31500.0,1000.0,242400.0
1196,2021-10-08 04:00:51,31500.0,8900.0,241400.0
1197,2021-10-08 04:00:51,31500.0,500.0,232500.0
1198,2021-10-08 04:00:51,31500.0,100.0,232000.0
1199,2021-10-08 04:00:51,31500.0,200.0,231900.0
1200,2021-10-08 04:00:51,31500.0,1000.0,231700.0
1201,2021-10-08 04:00:51,31500.0,200.0,230700.0
1202,2021-10-08 04:00:51,31500.0,100.0,230500.0
1203,2021-10-08 04:00:51,31500.0,200.0,230400.0
1204,2021-10-08 04:00:51,31500.0,3200.0,230200.0
1205,2021-10-08 04:00:51,31500.0,500.0,227000.0
1206,2021-10-08 04:00:51,31500.0,1000.0,226500.0
1207,2021-10-08 04:00:45,31500.0,1000.0,225500.0
1208,2021-10-08 04:00:41,31550.0,300.0,224500.0
1209,2021-10-08 04:00:32,31550.0,300.0,224200.0
1210,2021-10-08 04:00:32,31550.0,100.0,223900.0
1211,2021-10-08 04:00:32,31550.0,5000.0,223800.0
1212,2021-10-08 04:00:32,31550.0,500.0,218800.0
1213,2021-10-08 04:00:32,31550.0,200.0,218300.0
1214,2021-10-08 04:00:32,31550.0,3000.0,218100.0
1215,2021-10-08 04:00:32,31550.0,300.0,215100.0
1216,2021-10-08 04:00:03,31550.0,400.0,214800.0
1217,2021-10-08 04:00:03,31550.0,600.0,214400.0
1218,2021-10-08 03:59:59,31550.0,400.0,213800.0
1219,2021-10-08 03:59:33,31600.0,500.0,213400.0
1220,2021-10-08 03:59:21,31600.0,400.0,212900.0
1221,2021-10-08 03:59:21,31600.0,1000.0,212500.0
1222,2021-10-08 03:59:21,31600.0,300.0,211500.0
1223,2021-10-08 03:59:21,31600.0,1000.0,211200.0
1224,2021-10-08 03:59:21,31600.0,100.0,210200.0
1225,2021-10-08 03:59:21,31600.0,1000.0,210100.0
1226,2021-10-08 03:59:21,31600.0,100.0,209100.0
1227,2021-10-08 03:58:52,31600.0,500.0,209000.0
1228,2021-10-08 03:58:38,31650.0,100.0,208500.0
1229,2021-10-08 03:58:36,31650.0,3000.0,208400.0
1230,2021-10-08 03:58:32,31650.0,400.0,205400.0
1231,2021-10-08 03:58:32,31650.0,200.0,205000.0
1232,2021-10-08 03:56:22,31650.0,300.0,204800.0
1233,2021-10-08 03:55:00,31650.0,3000.0,204500.0
1234,2021-10-08 03:54:46,31650.0,400.0,201500.0
1235,2021-10-08 03:54:46,31650.0,300.0,201100.0
1236,2021-10-08 03:54:46,31650.0,100.0,200800.0
1237,2021-10-08 03:54:46,31650.0,400.0,200700.0
1238,2021-10-08 03:54:46,31650.0,300.0,200300.0
1239,2021-10-08 03:54:46,31650.0,1100.0,200000.0
1240,2021-10-08 03:54:46,31650.0,400.0,198900.0
1241,2021-10-08 03:54:46,31650.0,2400.0,198500.0
1242,2021-10-08 03:54:35,31650.0,200.0,196100.0
1243,2021-10-08 03:53:54,31650.0,400.0,195900.0
1244,2021-10-08 03:53:54,31650.0,300.0,195500.0
1245,2021-10-08 03:53:54,31650.0,1300.0,195200.0
1246,2021-10-08 03:52:37,31650.0,200.0,193900.0
1247,2021-10-08 03:52:37,31650.0,100.0,193700.0
1248,2021-10-08 03:52:37,31650.0,200.0,193600.0
1249,2021-10-08 03:50:41,31650.0,200.0,193400.0
1250,2021-10-08 03:48:15,31650.0,100.0,193200.0
1251,2021-10-08 03:47:45,31700.0,400.0,193100.0
1252,2021-10-08 03:46:48,31700.0,1100.0,192700.0
1253,2021-10-08 03:46:48,31700.0,900.0,191600.0
1254,2021-10-08 03:44:00,31650.0,700.0,190700.0
1255,2021-10-08 03:44:00,31650.0,400.0,190000.0
1256,2021-10-08 03:44:00,31650.0,900.0,189600.0
1257,2021-10-08 03:43:24,31650.0,100.0,188700.0
1258,2021-10-08 03:41:42,31650.0,100.0,188600.0
1259,2021-10-08 03:40:33,31650.0,100.0,188500.0
1260,2021-10-08 03:39:07,31650.0,200.0,188400.0
1261,2021-10-08 03:38:35,31650.0,100.0,188200.0
1262,2021-10-08 03:38:20,31650.0,100.0,188100.0
1263,2021-10-08 03:37:28,31650.0,100.0,188000.0
1264,2021-10-08 03:37:28,31650.0,200.0,187900.0
1265,2021-10-08 03:36:57,31650.0,200.0,187700.0
1266,2021-10-08 03:36:57,31650.0,100.0,187500.0
1267,2021-10-08 03:36:16,31650.0,3000.0,187400.0
1268,2021-10-08 03:35:46,31650.0,400.0,184400.0
1269,2021-10-08 03:35:46,31650.0,300.0,184000.0
1270,2021-10-08 03:35:46,31650.0,1300.0,183700.0
1271,2021-10-08 03:35:43,31650.0,500.0,182400.0
1272,2021-10-08 03:34:03,31650.0,500.0,181900.0
1273,2021-10-08 03:33:21,31650.0,700.0,181400.0
1274,2021-10-08 03:33:21,31650.0,100.0,180700.0
1275,2021-10-08 03:33:21,31650.0,100.0,180600.0
1276,2021-10-08 03:33:21,31650.0,100.0,180500.0
1277,2021-10-08 03:33:19,31650.0,200.0,180400.0
1278,2021-10-08 03:32:50,31650.0,300.0,180200.0
1279,2021-10-08 03:32:41,31700.0,2100.0,179900.0
1280,2021-10-08 03:32:41,31700.0,100.0,177800.0
1281,2021-10-08 03:32:41,31700.0,800.0,177700.0
1282,2021-10-08 03:32:32,31650.0,500.0,176900.0
1283,2021-10-08 03:32:32,31650.0,400.0,176400.0
1284,2021-10-08 03:32:32,31650.0,1000.0,176000.0
1285,2021-10-08 03:32:32,31650.0,100.0,175000.0
1286,2021-10-08 03:31:20,31700.0,200.0,174900.0
1287,2021-10-08 03:31:20,31700.0,300.0,174700.0
1288,2021-10-08 03:31:20,31700.0,2000.0,174400.0
1289,2021-10-08 03:31:20,31700.0,100.0,172400.0
1290,2021-10-08 03:31:20,31700.0,500.0,172300.0
1291,2021-10-08 03:31:20,31700.0,300.0,171800.0
1292,2021-10-08 03:31:20,31700.0,200.0,171500.0
1293,2021-10-08 03:29:18,31650.0,300.0,171300.0
1294,2021-10-08 03:29:18,31650.0,300.0,171000.0
1295,2021-10-08 03:29:18,31650.0,400.0,170700.0
1296,2021-10-08 03:29:17,31650.0,600.0,170300.0
1297,2021-10-08 03:29:17,31650.0,400.0,169700.0
1298,2021-10-08 03:29:09,31650.0,100.0,169300.0
1299,2021-10-08 03:29:09,31650.0,500.0,169200.0
1300,2021-10-08 03:29:09,31650.0,400.0,168700.0
1301,2021-10-08 03:29:09,31650.0,1000.0,168300.0
1302,2021-10-08 03:28:48,31650.0,500.0,167300.0
1303,2021-10-08 03:28:19,31650.0,500.0,166800.0
1304,2021-10-08 03:28:19,31650.0,200.0,166300.0
1305,2021-10-08 03:28:19,31650.0,800.0,166100.0
1306,2021-10-08 03:28:18,31650.0,100.0,165300.0
1307,2021-10-08 03:27:50,31650.0,300.0,165200.0
1308,2021-10-08 03:26:03,31650.0,100.0,164900.0
1309,2021-10-08 03:24:12,31650.0,100.0,164800.0
1310,2021-10-08 03:24:07,31700.0,100.0,164700.0
1311,2021-10-08 03:24:01,31700.0,400.0,164600.0
1312,2021-10-08 03:22:27,31700.0,200.0,164200.0
1313,2021-10-08 03:22:17,31700.0,300.0,164000.0
1314,2021-10-08 03:21:56,31700.0,100.0,163700.0
1315,2021-10-08 03:21:51,31700.0,300.0,163600.0
1316,2021-10-08 03:20:50,31700.0,100.0,163300.0
1317,2021-10-08 03:18:32,31650.0,600.0,163200.0
1318,2021-10-08 03:18:32,31650.0,400.0,162600.0
1319,2021-10-08 03:18:32,31650.0,100.0,162200.0
1320,2021-10-08 03:18:32,31700.0,300.0,162100.0
1321,2021-10-08 03:18:32,31700.0,600.0,161800.0
1322,2021-10-08 03:17:48,31700.0,100.0,161200.0
1323,2021-10-08 03:17:19,31700.0,100.0,161100.0
1324,2021-10-08 03:17:19,31700.0,100.0,161000.0
1325,2021-10-08 03:17:19,31700.0,100.0,160900.0
1326,2021-10-08 03:16:54,31700.0,100.0,160800.0
1327,2021-10-08 03:16:54,31700.0,900.0,160700.0
1328,2021-10-08 03:16:35,31700.0,100.0,159800.0
1329,2021-10-08 03:16:35,31700.0,500.0,159700.0
1330,2021-10-08 03:16:35,31700.0,1800.0,159200.0
1331,2021-10-08 03:14:40,31650.0,200.0,157400.0
1332,2021-10-08 03:14:25,31700.0,200.0,157200.0
1333,2021-10-08 03:13:53,31700.0,4400.0,157000.0
1334,2021-10-08 03:13:53,31700.0,600.0,152600.0
1335,2021-10-08 03:13:37,31650.0,100.0,152000.0
1336,2021-10-08 03:12:57,31650.0,100.0,151900.0
1337,2021-10-08 03:12:43,31650.0,100.0,151800.0
1338,2021-10-08 03:11:43,31650.0,100.0,151700.0
1339,2021-10-08 03:11:36,31650.0,300.0,151600.0
1340,2021-10-08 03:11:16,31550.0,2200.0,151300.0
1341,2021-10-08 03:11:16,31600.0,300.0,149100.0
1342,2021-10-08 03:11:04,31600.0,200.0,148800.0
1343,2021-10-08 03:11:04,31600.0,100.0,148600.0
1344,2021-10-08 03:11:04,31600.0,200.0,148500.0
1345,2021-10-08 03:10:18,31600.0,100.0,148300.0
1346,2021-10-08 03:08:55,31600.0,400.0,148200.0
1347,2021-10-08 03:08:53,31600.0,1000.0,147800.0
1348,2021-10-08 03:08:46,31600.0,300.0,146800.0
1349,2021-10-08 03:08:46,31600.0,200.0,146500.0
1350,2021-10-08 03:08:46,31600.0,500.0,146300.0
1351,2021-10-08 03:08:46,31600.0,200.0,145800.0
1352,2021-10-08 03:08:46,31600.0,800.0,145600.0
1353,2021-10-08 03:08:42,31600.0,200.0,144800.0
1354,2021-10-08 03:08:42,31600.0,100.0,144600.0
1355,2021-10-08 03:08:42,31600.0,500.0,144500.0
1356,2021-10-08 03:08:42,31600.0,100.0,144000.0
1357,2021-10-08 03:08:42,31600.0,100.0,143900.0
1358,2021-10-08 03:08:42,31600.0,1000.0,143800.0
1359,2021-10-08 03:08:40,31600.0,100.0,142800.0
1360,2021-10-08 03:07:55,31600.0,900.0,142700.0
1361,2021-10-08 03:07:24,31600.0,100.0,141800.0
1362,2021-10-08 03:05:58,31550.0,100.0,141700.0
1363,2021-10-08 03:05:37,31550.0,200.0,141600.0
1364,2021-10-08 03:05:32,31550.0,100.0,141400.0
1365,2021-10-08 03:04:17,31550.0,200.0,141300.0
1366,2021-10-08 03:03:16,31600.0,100.0,141100.0
1367,2021-10-08 03:03:14,31600.0,100.0,141000.0
1368,2021-10-08 03:02:18,31600.0,100.0,140900.0
1369,2021-10-08 03:02:10,31600.0,500.0,140800.0
1370,2021-10-08 03:01:20,31550.0,900.0,140300.0
1371,2021-10-08 03:01:13,31550.0,300.0,139400.0
1372,2021-10-08 03:00:51,31550.0,500.0,139100.0
1373,2021-10-08 02:59:28,31550.0,100.0,138600.0
1374,2021-10-08 02:59:02,31550.0,400.0,138500.0
1375,2021-10-08 02:58:51,31550.0,400.0,138100.0
1376,2021-10-08 02:58:51,31550.0,300.0,137700.0
1377,2021-10-08 02:58:51,31550.0,300.0,137400.0
1378,2021-10-08 02:58:38,31550.0,700.0,137100.0
1379,2021-10-08 02:58:32,31550.0,300.0,136400.0
1380,2021-10-08 02:58:32,31550.0,200.0,136100.0
1381,2021-10-08 02:58:32,31550.0,500.0,135900.0
1382,2021-10-08 02:58:17,31550.0,200.0,135400.0
1383,2021-10-08 02:58:17,31550.0,600.0,135200.0
1384,2021-10-08 02:58:15,31550.0,100.0,134600.0
1385,2021-10-08 02:58:13,31550.0,300.0,134500.0
1386,2021-10-08 02:58:01,31550.0,1000.0,134200.0
1387,2021-10-08 02:57:17,31550.0,100.0,133200.0
1388,2021-10-08 02:57:04,31500.0,100.0,133100.0
1389,2021-10-08 02:56:27,31500.0,900.0,133000.0
1390,2021-10-08 02:56:27,31500.0,100.0,132100.0
1391,2021-10-08 02:56:24,31550.0,1000.0,132000.0
1392,2021-10-08 02:55:53,31500.0,200.0,131000.0
1393,2021-10-08 02:55:15,31550.0,1300.0,130800.0
1394,2021-10-08 02:55:14,31500.0,200.0,129500.0
1395,2021-10-08 02:55:14,31500.0,500.0,129300.0
1396,2021-10-08 02:55:14,31500.0,100.0,128800.0
1397,2021-10-08 02:55:14,31500.0,300.0,128700.0
1398,2021-10-08 02:55:02,31550.0,300.0,128400.0
1399,2021-10-08 02:54:03,31550.0,200.0,128100.0
1400,2021-10-08 02:53:14,31550.0,200.0,127900.0
1401,2021-10-08 02:53:01,31550.0,1000.0,127700.0
1402,2021-10-08 02:52:43,31500.0,700.0,126700.0
1403,2021-10-08 02:52:43,31500.0,200.0,126000.0
1404,2021-10-08 02:52:43,31500.0,600.0,125800.0
1405,2021-10-08 02:52:43,31500.0,1500.0,125200.0
1406,2021-10-08 02:51:47,31500.0,1000.0,123700.0
1407,2021-10-08 02:51:30,31550.0,500.0,122700.0
1408,2021-10-08 02:50:53,31550.0,100.0,122200.0
1409,2021-10-08 02:50:23,31550.0,200.0,122100.0
1410,2021-10-08 02:50:06,31500.0,200.0,121900.0
1411,2021-10-08 02:49:57,31500.0,200.0,121700.0
1412,2021-10-08 02:49:55,31500.0,1100.0,121500.0
1413,2021-10-08 02:49:55,31500.0,700.0,120400.0
1414,2021-10-08 02:49:55,31500.0,1000.0,119700.0
1415,2021-10-08 02:49:55,31500.0,200.0,118700.0
1416,2021-10-08 02:49:48,31500.0,100.0,118500.0
1417,2021-10-08 02:49:15,31500.0,1000.0,118400.0
1418,2021-10-08 02:48:33,31500.0,100.0,117400.0
1419,2021-10-08 02:48:33,31500.0,900.0,117300.0
1420,2021-10-08 02:47:53,31500.0,200.0,116400.0
1421,2021-10-08 02:46:42,31550.0,500.0,116200.0
1422,2021-10-08 02:46:39,31550.0,500.0,115700.0
1423,2021-10-08 02:46:09,31550.0,1000.0,115200.0
1424,2021-10-08 02:45:23,31550.0,200.0,114200.0
1425,2021-10-08 02:44:14,31550.0,200.0,114000.0
1426,2021-10-08 02:43:48,31500.0,300.0,113800.0
1427,2021-10-08 02:43:37,31500.0,100.0,113500.0
1428,2021-10-08 02:43:23,31500.0,200.0,113400.0
1429,2021-10-08 02:43:23,31500.0,100.0,113200.0
1430,2021-10-08 02:43:23,31500.0,500.0,113100.0
1431,2021-10-08 02:43:23,31500.0,600.0,112600.0
1432,2021-10-08 02:43:23,31500.0,100.0,112000.0
1433,2021-10-08 02:43:23,31500.0,200.0,111900.0
1434,2021-10-08 02:43:23,31500.0,600.0,111700.0
1435,2021-10-08 02:43:23,31500.0,6200.0,111100.0
1436,2021-10-08 02:43:19,31500.0,300.0,104900.0
1437,2021-10-08 02:43:11,31500.0,25000.0,104600.0
1438,2021-10-08 02:43:02,31500.0,10000.0,79600.0
1439,2021-10-08 02:42:26,31500.0,200.0,69600.0
1440,2021-10-08 02:42:03,31500.0,3300.0,69400.0
1441,2021-10-08 02:42:03,31500.0,1700.0,66100.0
1442,2021-10-08 02:42:01,31500.0,100.0,64400.0
1443,2021-10-08 02:41:47,31500.0,3900.0,64300.0
1444,2021-10-08 02:40:59,31500.0,500.0,60400.0
1445,2021-10-08 02:40:57,31500.0,500.0,59900.0
1446,2021-10-08 02:40:34,31450.0,500.0,59400.0
1447,2021-10-08 02:40:05,31450.0,800.0,58900.0
1448,2021-10-08 02:39:59,31500.0,500.0,58100.0
1449,2021-10-08 02:39:44,31450.0,100.0,57600.0
1450,2021-10-08 02:39:31,31450.0,1100.0,57500.0
1451,2021-10-08 02:39:31,31450.0,200.0,56400.0
1452,2021-10-08 02:39:31,31450.0,300.0,56200.0
1453,2021-10-08 02:39:31,31450.0,400.0,55900.0
1454,2021-10-08 02:38:24,31500.0,100.0,55500.0
1455,2021-10-08 02:38:12,31500.0,2700.0,55400.0
1456,2021-10-08 02:37:51,31500.0,300.0,52700.0
1457,2021-10-08 02:37:21,31500.0,300.0,52400.0
1458,2021-10-08 02:37:21,31500.0,1000.0,52100.0
1459,2021-10-08 02:37:21,31500.0,100.0,51100.0
1460,2021-10-08 02:35:53,31500.0,200.0,51000.0
1461,2021-10-08 02:35:53,31500.0,100.0,50800.0
1462,2021-10-08 02:35:41,31500.0,2000.0,50700.0
1463,2021-10-08 02:35:30,31500.0,200.0,48700.0
1464,2021-10-08 02:34:34,31500.0,1200.0,48500.0
1465,2021-10-08 02:34:19,31500.0,1000.0,47300.0
1466,2021-10-08 02:34:19,31500.0,500.0,46300.0
1467,2021-10-08 02:33:38,31550.0,300.0,45800.0
1468,2021-10-08 02:33:38,31500.0,4700.0,45500.0
1469,2021-10-08 02:33:26,31500.0,3000.0,40800.0
1470,2021-10-08 02:33:26,31500.0,100.0,37800.0
1471,2021-10-08 02:33:26,31500.0,100.0,37700.0
1472,2021-10-08 02:33:26,31500.0,100.0,37600.0
1473,2021-10-08 02:33:26,31500.0,200.0,37500.0
1474,2021-10-08 02:33:26,31500.0,200.0,37300.0
1475,2021-10-08 02:33:26,31500.0,1000.0,37100.0
1476,2021-10-08 02:33:26,31500.0,600.0,36100.0
1477,2021-10-08 02:33:06,31550.0,300.0,35500.0
1478,2021-10-08 02:32:14,31550.0,100.0,35200.0
1479,2021-10-08 02:32:14,31550.0,100.0,35100.0
1480,2021-10-08 02:32:14,31550.0,100.0,35000.0
1481,2021-10-08 02:31:48,31500.0,400.0,34900.0
1482,2021-10-08 02:31:48,31500.0,600.0,34500.0
1483,2021-10-08 02:31:36,31500.0,1900.0,33900.0
1484,2021-10-08 02:31:30,31500.0,100.0,32000.0
1485,2021-10-08 02:31:11,31500.0,2400.0,31900.0
1486,2021-10-08 02:31:11,31500.0,1000.0,29500.0
1487,2021-10-08 02:31:11,31500.0,100.0,28500.0
1488,2021-10-08 02:31:11,31500.0,1000.0,28400.0
1489,2021-10-08 02:31:11,31500.0,100.0,27400.0
1490,2021-10-08 02:31:11,31500.0,300.0,27300.0
1491,2021-10-08 02:31:11,31500.0,3000.0,27000.0
1492,2021-10-08 02:30:53,31500.0,100.0,24000.0
1493,2021-10-08 02:30:42,31500.0,100.0,23900.0
1494,2021-10-08 02:30:32,31500.0,900.0,23800.0
1495,2021-10-08 02:30:32,31500.0,100.0,22900.0
1496,2021-10-08 02:30:25,31500.0,400.0,22800.0
1497,2021-10-08 02:29:37,31550.0,100.0,22400.0
1498,2021-10-08 02:28:30,31550.0,400.0,22300.0
1499,2021-10-08 02:28:30,31550.0,600.0,21900.0
1500,2021-10-08 02:28:16,31550.0,300.0,21300.0
1501,2021-10-08 02:27:35,31600.0,100.0,21000.0
1502,2021-10-08 02:27:01,31600.0,500.0,20900.0
1503,2021-10-08 02:26:27,31550.0,500.0,20400.0
1504,2021-10-08 02:26:27,31550.0,600.0,19900.0
1505,2021-10-08 02:26:27,31550.0,200.0,19300.0
1506,2021-10-08 02:25:01,31600.0,1500.0,19100.0
1507,2021-10-08 02:22:53,31600.0,300.0,17600.0
1508,2021-10-08 02:22:33,31600.0,200.0,17300.0
1509,2021-10-08 02:22:25,31600.0,300.0,17100.0
1510,2021-10-08 02:22:25,31600.0,700.0,16800.0
1511,2021-10-08 02:21:51,31600.0,100.0,16100.0
1512,2021-10-08 02:21:08,31600.0,100.0,16000.0
1513,2021-10-08 02:20:53,31600.0,300.0,15900.0
1514,2021-10-08 02:20:53,31600.0,2000.0,15600.0
1515,2021-10-08 02:20:53,31600.0,1200.0,13600.0
1516,2021-10-08 02:20:53,31600.0,600.0,12400.0
1517,2021-10-08 02:20:45,31500.0,100.0,11800.0
1518,2021-10-08 02:20:29,31500.0,600.0,11700.0
1519,2021-10-08 02:20:29,31500.0,200.0,11100.0
1520,2021-10-08 02:20:28,31600.0,2500.0,10900.0
1521,2021-10-08 02:20:23,31600.0,1000.0,8400.0
1522,2021-10-08 02:20:07,31600.0,200.0,7400.0
1523,2021-10-08 02:19:57,31600.0,500.0,7200.0
1524,2021-10-08 02:19:48,31600.0,100.0,6700.0
1525,2021-10-08 02:19:46,31500.0,200.0,6600.0
1526,2021-10-08 02:19:45,31500.0,200.0,6400.0
1527,2021-10-08 02:19:45,31500.0,200.0,6200.0
1528,2021-10-08 02:19:45,31500.0,100.0,6000.0
1529,2021-10-08 02:19:27,31600.0,200.0,5900.0
1530,2021-10-08 02:19:19,31700.0,100.0,5700.0
1531,2021-10-08 02:18:54,31700.0,1900.0,5600.0
1532,2021-10-08 02:18:54,31650.0,100.0,3700.0
1533,2021-10-08 02:18:30,31700.0,200.0,3600.0
1534,2021-10-08 02:16:05,31800.0,1700.0,3400.0
1535,2021-10-08 02:15:00,31800.0,100.0,1700.0
1536,2021-10-08 02:15:00,31800.0,100.0,1600.0
1537,2021-10-08 02:15:00,31800.0,200.0,1500.0
1538,2021-10-08 02:15:00,31800.0,1000.0,1300.0
1539,2021-10-08 02:15:00,31800.0,100.0,300.0
1540,2021-10-08 02:15:00,31800.0,100.0,200.0
1541,2021-10-08 02:15:00,31800.0,100.0,100.0
