,Time,Price,Volume_per_trade,Volume
0,2021-09-30 14:45:00,13900.0,1500.0,1670400.0
1,2021-09-30 14:45:00,13900.0,1000.0,1668900.0
2,2021-09-30 14:45:00,13900.0,100.0,1667900.0
3,2021-09-30 14:45:00,13900.0,2400.0,1667800.0
4,2021-09-30 14:45:00,13900.0,500.0,1665400.0
5,2021-09-30 14:45:00,13900.0,2100.0,1664900.0
6,2021-09-30 14:45:00,13900.0,1000.0,1662800.0
7,2021-09-30 14:45:00,13900.0,500.0,1661800.0
8,2021-09-30 14:45:00,13900.0,500.0,1661300.0
9,2021-09-30 14:45:00,13900.0,5000.0,1660800.0
10,2021-09-30 14:45:00,13900.0,500.0,1655800.0
11,2021-09-30 14:45:00,13900.0,400.0,1655300.0
12,2021-09-30 14:45:00,13900.0,100.0,1654900.0
13,2021-09-30 14:45:00,13900.0,500.0,1654800.0
14,2021-09-30 14:45:00,13900.0,100.0,1654300.0
15,2021-09-30 14:45:00,13900.0,100.0,1654200.0
16,2021-09-30 14:45:00,13900.0,200.0,1654100.0
17,2021-09-30 14:45:00,13900.0,500.0,1653900.0
18,2021-09-30 14:45:00,13900.0,100.0,1653400.0
19,2021-09-30 14:45:00,13900.0,100.0,1653300.0
20,2021-09-30 14:45:00,13900.0,2900.0,1653200.0
21,2021-09-30 14:45:00,13900.0,6600.0,1650300.0
22,2021-09-30 14:45:00,13900.0,1000.0,1643700.0
23,2021-09-30 14:45:00,13900.0,1000.0,1642700.0
24,2021-09-30 14:45:00,13900.0,200.0,1641700.0
25,2021-09-30 14:45:00,13900.0,5000.0,1641500.0
26,2021-09-30 14:45:00,13900.0,500.0,1636500.0
27,2021-09-30 14:45:00,13900.0,5000.0,1636000.0
28,2021-09-30 14:45:00,13900.0,200.0,1631000.0
29,2021-09-30 14:45:00,13900.0,500.0,1630800.0
30,2021-09-30 14:45:00,13900.0,2900.0,1630300.0
31,2021-09-30 14:45:00,13900.0,500.0,1627400.0
32,2021-09-30 14:45:00,13900.0,200.0,1626900.0
33,2021-09-30 14:45:00,13900.0,100.0,1626700.0
34,2021-09-30 14:45:00,13900.0,700.0,1626600.0
35,2021-09-30 14:45:00,13900.0,500.0,1625900.0
36,2021-09-30 14:45:00,13900.0,800.0,1625400.0
37,2021-09-30 14:45:00,13900.0,100.0,1624600.0
38,2021-09-30 14:45:00,13900.0,100.0,1624500.0
39,2021-09-30 14:45:00,13900.0,100.0,1624400.0
40,2021-09-30 14:45:00,13900.0,100.0,1624300.0
41,2021-09-30 14:29:56,13900.0,1400.0,1624200.0
42,2021-09-30 14:29:03,13900.0,100.0,1622800.0
43,2021-09-30 14:29:02,13900.0,200.0,1622700.0
44,2021-09-30 14:28:33,13900.0,1000.0,1622500.0
45,2021-09-30 14:27:59,13850.0,8000.0,1621500.0
46,2021-09-30 14:27:53,13900.0,1000.0,1613500.0
47,2021-09-30 14:27:43,13900.0,200.0,1612500.0
48,2021-09-30 14:27:17,13900.0,1000.0,1612300.0
49,2021-09-30 14:27:15,13900.0,600.0,1611300.0
50,2021-09-30 14:27:15,13900.0,400.0,1610700.0
51,2021-09-30 14:27:10,13900.0,100.0,1610300.0
52,2021-09-30 14:26:46,13900.0,500.0,1610200.0
53,2021-09-30 14:25:41,13850.0,9300.0,1609700.0
54,2021-09-30 14:25:41,13850.0,1300.0,1600400.0
55,2021-09-30 14:25:24,13850.0,700.0,1599100.0
56,2021-09-30 14:25:24,13850.0,200.0,1598400.0
57,2021-09-30 14:22:25,13900.0,500.0,1598200.0
58,2021-09-30 14:21:30,13900.0,200.0,1597700.0
59,2021-09-30 14:21:30,13900.0,4100.0,1597500.0
60,2021-09-30 14:21:30,13900.0,200.0,1593400.0
61,2021-09-30 14:20:59,13900.0,300.0,1593200.0
62,2021-09-30 14:20:47,13900.0,200.0,1592900.0
63,2021-09-30 14:20:45,13900.0,800.0,1592700.0
64,2021-09-30 14:20:45,13900.0,600.0,1591900.0
65,2021-09-30 14:20:45,13900.0,500.0,1591300.0
66,2021-09-30 14:20:45,13900.0,300.0,1590800.0
67,2021-09-30 14:20:45,13900.0,1000.0,1590500.0
68,2021-09-30 14:20:45,13900.0,2300.0,1589500.0
69,2021-09-30 14:20:40,13900.0,1000.0,1587200.0
70,2021-09-30 14:20:32,13900.0,9700.0,1586200.0
71,2021-09-30 14:20:32,13900.0,300.0,1576500.0
72,2021-09-30 14:19:55,13900.0,1700.0,1576200.0
73,2021-09-30 14:19:55,13900.0,1000.0,1574500.0
74,2021-09-30 14:19:53,13900.0,1000.0,1573500.0
75,2021-09-30 14:19:53,13900.0,600.0,1572500.0
76,2021-09-30 14:19:53,13900.0,400.0,1571900.0
77,2021-09-30 14:19:16,13900.0,2000.0,1571500.0
78,2021-09-30 14:19:06,13900.0,2000.0,1569500.0
79,2021-09-30 14:18:26,13900.0,2300.0,1567500.0
80,2021-09-30 14:17:54,13900.0,800.0,1565200.0
81,2021-09-30 14:17:54,13900.0,200.0,1564400.0
82,2021-09-30 14:17:54,13900.0,5000.0,1564200.0
83,2021-09-30 14:17:54,13900.0,500.0,1559200.0
84,2021-09-30 14:17:54,13900.0,1500.0,1558700.0
85,2021-09-30 14:17:54,13900.0,500.0,1557200.0
86,2021-09-30 14:17:54,13900.0,1000.0,1556700.0
87,2021-09-30 14:17:54,13900.0,100.0,1555700.0
88,2021-09-30 14:17:54,13900.0,400.0,1555600.0
89,2021-09-30 14:17:50,13950.0,1000.0,1555200.0
90,2021-09-30 14:16:51,13950.0,1500.0,1554200.0
91,2021-09-30 14:16:03,13900.0,1000.0,1552700.0
92,2021-09-30 14:15:02,13900.0,1000.0,1551700.0
93,2021-09-30 14:14:58,13900.0,1000.0,1550700.0
94,2021-09-30 14:14:28,13900.0,1600.0,1549700.0
95,2021-09-30 14:14:28,13900.0,8400.0,1548100.0
96,2021-09-30 14:13:41,13900.0,400.0,1539700.0
97,2021-09-30 14:13:28,13900.0,100.0,1539300.0
98,2021-09-30 14:13:28,13900.0,400.0,1539200.0
99,2021-09-30 14:13:25,13900.0,600.0,1538800.0
100,2021-09-30 14:13:17,13900.0,3900.0,1538200.0
101,2021-09-30 14:13:17,13900.0,400.0,1534300.0
102,2021-09-30 14:13:17,13900.0,100.0,1533900.0
103,2021-09-30 14:13:12,13900.0,1000.0,1533800.0
104,2021-09-30 14:12:56,13900.0,6900.0,1532800.0
105,2021-09-30 14:12:56,13900.0,2000.0,1525900.0
106,2021-09-30 14:12:56,13900.0,1100.0,1523900.0
107,2021-09-30 14:12:43,13900.0,500.0,1522800.0
108,2021-09-30 14:11:53,13900.0,400.0,1522300.0
109,2021-09-30 14:11:14,13900.0,600.0,1521900.0
110,2021-09-30 14:11:14,13900.0,2000.0,1521300.0
111,2021-09-30 14:11:14,13900.0,300.0,1519300.0
112,2021-09-30 14:11:14,13900.0,2000.0,1519000.0
113,2021-09-30 14:11:14,13900.0,1200.0,1517000.0
114,2021-09-30 14:11:14,13900.0,3300.0,1515800.0
115,2021-09-30 14:11:14,13900.0,300.0,1512500.0
116,2021-09-30 14:11:14,13900.0,200.0,1512200.0
117,2021-09-30 14:11:14,13900.0,100.0,1512000.0
118,2021-09-30 14:11:14,13900.0,100.0,1511900.0
119,2021-09-30 14:11:14,13900.0,900.0,1511800.0
120,2021-09-30 14:10:22,13950.0,100.0,1510900.0
121,2021-09-30 14:10:05,13900.0,1000.0,1510800.0
122,2021-09-30 14:07:45,13950.0,2200.0,1509800.0
123,2021-09-30 14:07:16,13950.0,7000.0,1507600.0
124,2021-09-30 14:07:03,13900.0,1000.0,1500600.0
125,2021-09-30 14:05:48,13900.0,600.0,1499600.0
126,2021-09-30 14:05:48,13900.0,400.0,1499000.0
127,2021-09-30 14:05:25,13900.0,600.0,1498600.0
128,2021-09-30 14:05:03,13900.0,400.0,1498000.0
129,2021-09-30 14:05:03,13900.0,300.0,1497600.0
130,2021-09-30 14:05:03,13900.0,1000.0,1497300.0
131,2021-09-30 14:05:03,13900.0,100.0,1496300.0
132,2021-09-30 14:05:03,13900.0,100.0,1496200.0
133,2021-09-30 14:05:03,13900.0,100.0,1496100.0
134,2021-09-30 14:05:03,13900.0,100.0,1496000.0
135,2021-09-30 14:05:03,13900.0,200.0,1495900.0
136,2021-09-30 14:05:03,13900.0,500.0,1495700.0
137,2021-09-30 14:05:03,13900.0,200.0,1495200.0
138,2021-09-30 14:04:57,13900.0,100.0,1495000.0
139,2021-09-30 14:04:48,13900.0,100.0,1494900.0
140,2021-09-30 14:04:34,13900.0,600.0,1494800.0
141,2021-09-30 14:04:34,13900.0,100.0,1494200.0
142,2021-09-30 14:04:34,13900.0,1000.0,1494100.0
143,2021-09-30 14:04:34,13900.0,3300.0,1493100.0
144,2021-09-30 14:03:39,13900.0,6700.0,1489800.0
145,2021-09-30 14:03:39,13900.0,100.0,1483100.0
146,2021-09-30 14:03:39,13900.0,3200.0,1483000.0
147,2021-09-30 14:03:29,13900.0,100.0,1479800.0
148,2021-09-30 14:03:29,13900.0,900.0,1479700.0
149,2021-09-30 14:02:09,13900.0,1000.0,1478800.0
150,2021-09-30 13:58:44,13900.0,100.0,1477800.0
151,2021-09-30 13:58:44,13900.0,1400.0,1477700.0
152,2021-09-30 13:58:32,13950.0,1000.0,1476300.0
153,2021-09-30 13:58:09,13900.0,3600.0,1475300.0
154,2021-09-30 13:58:09,13900.0,500.0,1471700.0
155,2021-09-30 13:58:09,13900.0,100.0,1471200.0
156,2021-09-30 13:58:09,13900.0,800.0,1471100.0
157,2021-09-30 13:57:40,13900.0,5000.0,1470300.0
158,2021-09-30 13:57:24,13900.0,100.0,1465300.0
159,2021-09-30 13:57:11,13900.0,100.0,1465200.0
160,2021-09-30 13:57:11,13900.0,100.0,1465100.0
161,2021-09-30 13:57:11,13900.0,800.0,1465000.0
162,2021-09-30 13:57:03,13900.0,14200.0,1464200.0
163,2021-09-30 13:57:03,13900.0,800.0,1450000.0
164,2021-09-30 13:57:01,13900.0,100.0,1449200.0
165,2021-09-30 13:56:57,13900.0,100.0,1449100.0
166,2021-09-30 13:56:09,13900.0,500.0,1449000.0
167,2021-09-30 13:56:00,13900.0,600.0,1448500.0
168,2021-09-30 13:55:34,13900.0,400.0,1447900.0
169,2021-09-30 13:55:34,13900.0,500.0,1447500.0
170,2021-09-30 13:55:34,13900.0,100.0,1447000.0
171,2021-09-30 13:55:34,13900.0,200.0,1446900.0
172,2021-09-30 13:55:34,13900.0,300.0,1446700.0
173,2021-09-30 13:55:34,13900.0,1000.0,1446400.0
174,2021-09-30 13:55:34,13900.0,300.0,1445400.0
175,2021-09-30 13:55:34,13900.0,200.0,1445100.0
176,2021-09-30 13:55:34,13900.0,700.0,1444900.0
177,2021-09-30 13:55:34,13900.0,500.0,1444200.0
178,2021-09-30 13:55:34,13900.0,2000.0,1443700.0
179,2021-09-30 13:55:34,13900.0,100.0,1441700.0
180,2021-09-30 13:55:34,13900.0,200.0,1441600.0
181,2021-09-30 13:55:34,13900.0,3500.0,1441400.0
182,2021-09-30 13:55:30,13900.0,1000.0,1437900.0
183,2021-09-30 13:55:30,13900.0,2000.0,1436900.0
184,2021-09-30 13:55:07,13950.0,200.0,1434900.0
185,2021-09-30 13:55:06,13950.0,1700.0,1434700.0
186,2021-09-30 13:55:04,13900.0,22500.0,1433000.0
187,2021-09-30 13:55:04,13900.0,1000.0,1410500.0
188,2021-09-30 13:55:04,13900.0,100.0,1409500.0
189,2021-09-30 13:55:04,13900.0,4500.0,1409400.0
190,2021-09-30 13:55:04,13900.0,5100.0,1404900.0
191,2021-09-30 13:55:04,13900.0,12900.0,1399800.0
192,2021-09-30 13:55:04,13900.0,500.0,1386900.0
193,2021-09-30 13:55:04,13900.0,300.0,1386400.0
194,2021-09-30 13:55:04,13900.0,3400.0,1386100.0
195,2021-09-30 13:55:04,13900.0,100.0,1382700.0
196,2021-09-30 13:55:04,13900.0,100.0,1382600.0
197,2021-09-30 13:55:04,13900.0,100.0,1382500.0
198,2021-09-30 13:55:04,13900.0,100.0,1382400.0
199,2021-09-30 13:55:04,13900.0,1000.0,1382300.0
200,2021-09-30 13:55:04,13900.0,2000.0,1381300.0
201,2021-09-30 13:55:04,13900.0,100.0,1379300.0
202,2021-09-30 13:54:11,13950.0,500.0,1379200.0
203,2021-09-30 13:53:56,13950.0,1000.0,1378700.0
204,2021-09-30 13:53:30,13950.0,1500.0,1377700.0
205,2021-09-30 13:53:22,13950.0,100.0,1376200.0
206,2021-09-30 13:52:48,13950.0,700.0,1376100.0
207,2021-09-30 13:52:27,13950.0,8100.0,1375400.0
208,2021-09-30 13:52:09,13950.0,1900.0,1367300.0
209,2021-09-30 13:52:09,13950.0,3300.0,1365400.0
210,2021-09-30 13:52:09,13950.0,5800.0,1362100.0
211,2021-09-30 13:52:09,13950.0,5000.0,1356300.0
212,2021-09-30 13:52:00,13950.0,400.0,1351300.0
213,2021-09-30 13:51:28,13950.0,100.0,1350900.0
214,2021-09-30 13:51:28,13950.0,2000.0,1350800.0
215,2021-09-30 13:51:28,13950.0,1900.0,1348800.0
216,2021-09-30 13:51:14,13950.0,2000.0,1346900.0
217,2021-09-30 13:50:43,13950.0,1100.0,1344900.0
218,2021-09-30 13:50:43,13950.0,4100.0,1343800.0
219,2021-09-30 13:50:29,13950.0,1000.0,1339700.0
220,2021-09-30 13:50:01,13950.0,100.0,1338700.0
221,2021-09-30 13:49:54,13950.0,3600.0,1338600.0
222,2021-09-30 13:49:53,13950.0,300.0,1335000.0
223,2021-09-30 13:49:53,13950.0,400.0,1334700.0
224,2021-09-30 13:49:53,13950.0,1000.0,1334300.0
225,2021-09-30 13:49:53,13950.0,500.0,1333300.0
226,2021-09-30 13:49:53,13950.0,100.0,1332800.0
227,2021-09-30 13:49:53,13950.0,5700.0,1332700.0
228,2021-09-30 13:49:49,13950.0,2000.0,1327000.0
229,2021-09-30 13:49:42,13950.0,900.0,1325000.0
230,2021-09-30 13:49:42,13950.0,8300.0,1324100.0
231,2021-09-30 13:49:42,13950.0,800.0,1315800.0
232,2021-09-30 13:49:14,13950.0,200.0,1315000.0
233,2021-09-30 13:49:14,13950.0,2800.0,1314800.0
234,2021-09-30 13:48:11,13950.0,500.0,1312000.0
235,2021-09-30 13:47:32,13950.0,6000.0,1311500.0
236,2021-09-30 13:47:18,13950.0,500.0,1305500.0
237,2021-09-30 13:47:18,13950.0,1000.0,1305000.0
238,2021-09-30 13:47:18,13950.0,1000.0,1304000.0
239,2021-09-30 13:47:18,13950.0,300.0,1303000.0
240,2021-09-30 13:47:18,13950.0,2200.0,1302700.0
241,2021-09-30 13:46:59,13950.0,800.0,1300500.0
242,2021-09-30 13:45:57,13900.0,2400.0,1299700.0
243,2021-09-30 13:45:57,13900.0,1500.0,1297300.0
244,2021-09-30 13:45:30,13950.0,8000.0,1295800.0
245,2021-09-30 13:45:08,13950.0,100.0,1287800.0
246,2021-09-30 13:44:26,13950.0,2000.0,1287700.0
247,2021-09-30 13:44:17,13950.0,100.0,1285700.0
248,2021-09-30 13:43:55,13950.0,1000.0,1285600.0
249,2021-09-30 13:43:23,13950.0,2000.0,1284600.0
250,2021-09-30 13:43:19,13950.0,2000.0,1282600.0
251,2021-09-30 13:43:19,13900.0,1500.0,1280600.0
252,2021-09-30 13:43:19,13900.0,100.0,1279100.0
253,2021-09-30 13:43:19,13900.0,300.0,1279000.0
254,2021-09-30 13:43:19,13900.0,5400.0,1278700.0
255,2021-09-30 13:43:19,13900.0,1000.0,1273300.0
256,2021-09-30 13:43:19,13900.0,400.0,1272300.0
257,2021-09-30 13:43:19,13900.0,300.0,1271900.0
258,2021-09-30 13:43:19,13900.0,1000.0,1271600.0
259,2021-09-30 13:43:19,13900.0,100.0,1270600.0
260,2021-09-30 13:42:53,13950.0,500.0,1270500.0
261,2021-09-30 13:42:53,13950.0,1000.0,1270000.0
262,2021-09-30 13:42:53,13950.0,1500.0,1269000.0
263,2021-09-30 13:42:26,13950.0,500.0,1267500.0
264,2021-09-30 13:41:07,13950.0,200.0,1267000.0
265,2021-09-30 13:41:07,13950.0,1000.0,1266800.0
266,2021-09-30 13:41:07,13950.0,100.0,1265800.0
267,2021-09-30 13:41:07,13950.0,2000.0,1265700.0
268,2021-09-30 13:41:07,13950.0,1000.0,1263700.0
269,2021-09-30 13:41:07,13950.0,200.0,1262700.0
270,2021-09-30 13:41:07,13950.0,1000.0,1262500.0
271,2021-09-30 13:41:07,13950.0,1500.0,1261500.0
272,2021-09-30 13:41:07,13950.0,3000.0,1260000.0
273,2021-09-30 13:40:06,13950.0,100.0,1257000.0
274,2021-09-30 13:39:45,14000.0,400.0,1256900.0
275,2021-09-30 13:39:45,14000.0,100.0,1256500.0
276,2021-09-30 13:39:45,14000.0,500.0,1256400.0
277,2021-09-30 13:39:45,14000.0,1300.0,1255900.0
278,2021-09-30 13:39:45,14000.0,600.0,1254600.0
279,2021-09-30 13:39:45,14000.0,100.0,1254000.0
280,2021-09-30 13:39:45,14000.0,1000.0,1253900.0
281,2021-09-30 13:39:45,14000.0,800.0,1252900.0
282,2021-09-30 13:39:45,14000.0,1000.0,1252100.0
283,2021-09-30 13:39:45,14000.0,200.0,1251100.0
284,2021-09-30 13:39:45,14000.0,300.0,1250900.0
285,2021-09-30 13:39:45,14000.0,300.0,1250600.0
286,2021-09-30 13:39:45,14000.0,1500.0,1250300.0
287,2021-09-30 13:39:45,14000.0,200.0,1248800.0
288,2021-09-30 13:39:45,14000.0,500.0,1248600.0
289,2021-09-30 13:39:19,13950.0,200.0,1248100.0
290,2021-09-30 13:39:19,13950.0,700.0,1247900.0
291,2021-09-30 13:39:19,13950.0,1400.0,1247200.0
292,2021-09-30 13:39:19,13950.0,4800.0,1245800.0
293,2021-09-30 13:39:19,13950.0,2900.0,1241000.0
294,2021-09-30 13:38:20,14000.0,100.0,1238100.0
295,2021-09-30 13:38:20,14000.0,1000.0,1238000.0
296,2021-09-30 13:38:20,14000.0,1900.0,1237000.0
297,2021-09-30 13:35:55,14000.0,100.0,1235100.0
298,2021-09-30 13:34:54,14000.0,1000.0,1235000.0
299,2021-09-30 13:32:33,13950.0,1000.0,1234000.0
300,2021-09-30 13:31:21,13950.0,1100.0,1233000.0
301,2021-09-30 13:31:21,13950.0,3900.0,1231900.0
302,2021-09-30 13:30:36,13950.0,1100.0,1228000.0
303,2021-09-30 13:30:36,13950.0,200.0,1226900.0
304,2021-09-30 13:30:36,13950.0,3700.0,1226700.0
305,2021-09-30 13:29:09,13950.0,600.0,1223000.0
306,2021-09-30 13:28:32,13950.0,100.0,1222400.0
307,2021-09-30 13:28:32,13950.0,2900.0,1222300.0
308,2021-09-30 13:28:17,13950.0,200.0,1219400.0
309,2021-09-30 13:27:55,13950.0,1000.0,1219200.0
310,2021-09-30 13:27:43,13950.0,700.0,1218200.0
311,2021-09-30 13:27:43,13950.0,1000.0,1217500.0
312,2021-09-30 13:27:43,13950.0,200.0,1216500.0
313,2021-09-30 13:27:43,13950.0,900.0,1216300.0
314,2021-09-30 13:27:43,13950.0,100.0,1215400.0
315,2021-09-30 13:27:43,13950.0,2100.0,1215300.0
316,2021-09-30 13:26:06,13950.0,2000.0,1213200.0
317,2021-09-30 13:26:06,13950.0,900.0,1211200.0
318,2021-09-30 13:26:03,13950.0,100.0,1210300.0
319,2021-09-30 13:25:52,13950.0,5000.0,1210200.0
320,2021-09-30 13:25:45,13950.0,500.0,1205200.0
321,2021-09-30 13:25:38,13950.0,3500.0,1204700.0
322,2021-09-30 13:25:38,13950.0,100.0,1201200.0
323,2021-09-30 13:25:38,13950.0,1400.0,1201100.0
324,2021-09-30 13:25:21,13950.0,3000.0,1199700.0
325,2021-09-30 13:25:09,13950.0,2000.0,1196700.0
326,2021-09-30 13:24:41,13950.0,1500.0,1194700.0
327,2021-09-30 13:24:33,13900.0,1000.0,1193200.0
328,2021-09-30 13:24:20,13900.0,300.0,1192200.0
329,2021-09-30 13:24:20,13900.0,1700.0,1191900.0
330,2021-09-30 13:24:11,13900.0,300.0,1190200.0
331,2021-09-30 13:24:11,13900.0,100.0,1189900.0
332,2021-09-30 13:24:11,13900.0,100.0,1189800.0
333,2021-09-30 13:23:53,13900.0,400.0,1189700.0
334,2021-09-30 13:23:53,13900.0,1000.0,1189300.0
335,2021-09-30 13:23:53,13900.0,400.0,1188300.0
336,2021-09-30 13:23:53,13900.0,200.0,1187900.0
337,2021-09-30 13:23:44,13900.0,300.0,1187700.0
338,2021-09-30 13:23:44,13900.0,700.0,1187400.0
339,2021-09-30 13:23:18,13900.0,300.0,1186700.0
340,2021-09-30 13:23:18,13900.0,500.0,1186400.0
341,2021-09-30 13:23:18,13900.0,200.0,1185900.0
342,2021-09-30 13:23:13,13900.0,200.0,1185700.0
343,2021-09-30 13:22:26,13900.0,1600.0,1185500.0
344,2021-09-30 13:22:26,13900.0,4000.0,1183900.0
345,2021-09-30 13:22:26,13900.0,500.0,1179900.0
346,2021-09-30 13:22:26,13900.0,500.0,1179400.0
347,2021-09-30 13:22:26,13900.0,100.0,1178900.0
348,2021-09-30 13:22:26,13900.0,100.0,1178800.0
349,2021-09-30 13:22:26,13900.0,2000.0,1178700.0
350,2021-09-30 13:22:26,13900.0,3500.0,1176700.0
351,2021-09-30 13:22:26,13900.0,100.0,1173200.0
352,2021-09-30 13:22:26,13900.0,100.0,1173100.0
353,2021-09-30 13:22:26,13900.0,300.0,1173000.0
354,2021-09-30 13:22:26,13900.0,100.0,1172700.0
355,2021-09-30 13:22:26,13900.0,200.0,1172600.0
356,2021-09-30 13:22:26,13900.0,500.0,1172400.0
357,2021-09-30 13:22:26,13900.0,300.0,1171900.0
358,2021-09-30 13:22:26,13900.0,4500.0,1171600.0
359,2021-09-30 13:22:26,13900.0,100.0,1167100.0
360,2021-09-30 13:22:26,13900.0,100.0,1167000.0
361,2021-09-30 13:22:26,13900.0,200.0,1166900.0
362,2021-09-30 13:22:26,13900.0,3000.0,1166700.0
363,2021-09-30 13:22:26,13900.0,100.0,1163700.0
364,2021-09-30 13:22:26,13900.0,500.0,1163600.0
365,2021-09-30 13:22:26,13900.0,500.0,1163100.0
366,2021-09-30 13:22:26,13900.0,200.0,1162600.0
367,2021-09-30 13:22:26,13900.0,100.0,1162400.0
368,2021-09-30 13:22:26,13900.0,300.0,1162300.0
369,2021-09-30 13:22:26,13900.0,200.0,1162000.0
370,2021-09-30 13:22:26,13900.0,500.0,1161800.0
371,2021-09-30 13:22:26,13900.0,500.0,1161300.0
372,2021-09-30 13:22:26,13900.0,300.0,1160800.0
373,2021-09-30 13:22:26,13900.0,1000.0,1160500.0
374,2021-09-30 13:22:26,13900.0,1300.0,1159500.0
375,2021-09-30 13:22:26,13900.0,100.0,1158200.0
376,2021-09-30 13:22:26,13900.0,100.0,1158100.0
377,2021-09-30 13:22:26,13900.0,200.0,1158000.0
378,2021-09-30 13:22:26,13900.0,700.0,1157800.0
379,2021-09-30 13:22:26,13900.0,8300.0,1157100.0
380,2021-09-30 13:22:16,13900.0,500.0,1148800.0
381,2021-09-30 13:21:30,13900.0,1200.0,1148300.0
382,2021-09-30 13:21:30,13900.0,100.0,1147100.0
383,2021-09-30 13:21:30,13900.0,100.0,1147000.0
384,2021-09-30 13:21:11,13900.0,400.0,1146900.0
385,2021-09-30 13:19:54,13950.0,1900.0,1146500.0
386,2021-09-30 13:19:54,13950.0,1100.0,1144600.0
387,2021-09-30 13:19:53,13950.0,100.0,1143500.0
388,2021-09-30 13:19:07,13950.0,2000.0,1143400.0
389,2021-09-30 13:18:59,13950.0,4500.0,1141400.0
390,2021-09-30 13:18:48,13950.0,100.0,1136900.0
391,2021-09-30 13:18:48,13950.0,800.0,1136800.0
392,2021-09-30 13:18:48,13950.0,100.0,1136000.0
393,2021-09-30 13:18:38,13950.0,900.0,1135900.0
394,2021-09-30 13:18:38,13950.0,400.0,1135000.0
395,2021-09-30 13:18:38,13950.0,1700.0,1134600.0
396,2021-09-30 13:18:38,13950.0,1400.0,1132900.0
397,2021-09-30 13:18:38,13950.0,400.0,1131500.0
398,2021-09-30 13:18:38,13950.0,10000.0,1131100.0
399,2021-09-30 13:18:38,13950.0,1000.0,1121100.0
400,2021-09-30 13:18:38,13950.0,2000.0,1120100.0
401,2021-09-30 13:18:38,13950.0,200.0,1118100.0
402,2021-09-30 13:18:30,13950.0,800.0,1117900.0
403,2021-09-30 13:18:30,13950.0,100.0,1117100.0
404,2021-09-30 13:18:30,13950.0,100.0,1117000.0
405,2021-09-30 13:17:25,13950.0,900.0,1116900.0
406,2021-09-30 13:17:25,13950.0,100.0,1116000.0
407,2021-09-30 13:17:25,14000.0,100.0,1115900.0
408,2021-09-30 13:15:25,13950.0,4000.0,1115800.0
409,2021-09-30 13:13:57,13950.0,300.0,1111800.0
410,2021-09-30 13:13:57,13950.0,700.0,1111500.0
411,2021-09-30 13:13:54,13950.0,100.0,1110800.0
412,2021-09-30 13:13:33,13950.0,200.0,1110700.0
413,2021-09-30 13:13:32,13950.0,100.0,1110500.0
414,2021-09-30 13:13:32,13950.0,800.0,1110400.0
415,2021-09-30 13:13:32,13950.0,400.0,1109600.0
416,2021-09-30 13:13:32,13950.0,200.0,1109200.0
417,2021-09-30 13:13:32,13950.0,500.0,1109000.0
418,2021-09-30 13:13:18,13950.0,1000.0,1108500.0
419,2021-09-30 13:12:47,13950.0,100.0,1107500.0
420,2021-09-30 13:12:24,13950.0,400.0,1107400.0
421,2021-09-30 13:12:24,13950.0,100.0,1107000.0
422,2021-09-30 13:12:24,13950.0,500.0,1106900.0
423,2021-09-30 13:11:31,13950.0,700.0,1106400.0
424,2021-09-30 13:11:09,13950.0,200.0,1105700.0
425,2021-09-30 13:10:45,13950.0,3600.0,1105500.0
426,2021-09-30 13:10:45,13950.0,100.0,1101900.0
427,2021-09-30 13:10:45,13950.0,2000.0,1101800.0
428,2021-09-30 13:10:45,13950.0,100.0,1099800.0
429,2021-09-30 13:10:45,13950.0,1000.0,1099700.0
430,2021-09-30 13:10:45,13950.0,1000.0,1098700.0
431,2021-09-30 13:10:45,13950.0,400.0,1097700.0
432,2021-09-30 13:10:45,13950.0,1000.0,1097300.0
433,2021-09-30 13:10:45,13950.0,500.0,1096300.0
434,2021-09-30 13:10:45,13950.0,1000.0,1095800.0
435,2021-09-30 13:10:45,13950.0,1000.0,1094800.0
436,2021-09-30 13:10:45,13950.0,1000.0,1093800.0
437,2021-09-30 13:10:45,13950.0,100.0,1092800.0
438,2021-09-30 13:10:45,13950.0,100.0,1092700.0
439,2021-09-30 13:10:45,13950.0,1000.0,1092600.0
440,2021-09-30 13:10:45,13950.0,4000.0,1091600.0
441,2021-09-30 13:10:35,14000.0,1100.0,1087600.0
442,2021-09-30 13:09:47,13950.0,100.0,1086500.0
443,2021-09-30 13:08:20,14000.0,200.0,1086400.0
444,2021-09-30 13:07:21,14000.0,300.0,1086200.0
445,2021-09-30 13:06:35,14000.0,100.0,1085900.0
446,2021-09-30 13:06:14,14000.0,200.0,1085800.0
447,2021-09-30 13:06:14,14000.0,1500.0,1085600.0
448,2021-09-30 13:06:14,14000.0,500.0,1084100.0
449,2021-09-30 13:06:14,14000.0,500.0,1083600.0
450,2021-09-30 13:06:14,14000.0,2300.0,1083100.0
451,2021-09-30 13:06:03,14000.0,500.0,1080800.0
452,2021-09-30 13:02:45,13950.0,2000.0,1080300.0
453,2021-09-30 13:02:00,13950.0,300.0,1078300.0
454,2021-09-30 13:00:57,13950.0,1000.0,1078000.0
455,2021-09-30 13:00:33,14000.0,200.0,1077000.0
456,2021-09-30 13:00:30,14000.0,300.0,1076800.0
457,2021-09-30 13:00:08,14000.0,1000.0,1076500.0
458,2021-09-30 13:00:05,14000.0,100.0,1075500.0
459,2021-09-30 13:00:02,14000.0,100.0,1075400.0
460,2021-09-30 11:29:00,14000.0,5000.0,1075300.0
461,2021-09-30 11:28:43,13950.0,300.0,1070300.0
462,2021-09-30 11:28:05,13950.0,100.0,1070000.0
463,2021-09-30 11:25:31,13950.0,100.0,1069900.0
464,2021-09-30 11:25:21,14000.0,500.0,1069800.0
465,2021-09-30 11:25:20,13950.0,2600.0,1069300.0
466,2021-09-30 11:25:14,13950.0,3000.0,1066700.0
467,2021-09-30 11:25:07,13950.0,3000.0,1063700.0
468,2021-09-30 11:24:32,14000.0,500.0,1060700.0
469,2021-09-30 11:23:53,13950.0,1000.0,1060200.0
470,2021-09-30 11:23:38,13950.0,1000.0,1059200.0
471,2021-09-30 11:23:36,13950.0,500.0,1058200.0
472,2021-09-30 11:23:36,13950.0,200.0,1057700.0
473,2021-09-30 11:23:36,13950.0,100.0,1057500.0
474,2021-09-30 11:23:36,13950.0,200.0,1057400.0
475,2021-09-30 11:22:06,13950.0,800.0,1057200.0
476,2021-09-30 11:22:06,13950.0,200.0,1056400.0
477,2021-09-30 11:21:18,13950.0,900.0,1056200.0
478,2021-09-30 11:21:18,13950.0,100.0,1055300.0
479,2021-09-30 11:21:17,13950.0,400.0,1055200.0
480,2021-09-30 11:21:17,13950.0,500.0,1054800.0
481,2021-09-30 11:21:17,13950.0,100.0,1054300.0
482,2021-09-30 11:20:19,13950.0,100.0,1054200.0
483,2021-09-30 11:20:19,13950.0,1000.0,1054100.0
484,2021-09-30 11:20:19,13950.0,400.0,1053100.0
485,2021-09-30 11:19:51,13950.0,200.0,1052700.0
486,2021-09-30 11:19:12,13950.0,400.0,1052500.0
487,2021-09-30 11:19:12,13950.0,200.0,1052100.0
488,2021-09-30 11:19:12,13950.0,100.0,1051900.0
489,2021-09-30 11:19:12,13950.0,2000.0,1051800.0
490,2021-09-30 11:19:12,13950.0,300.0,1049800.0
491,2021-09-30 11:19:02,14000.0,100.0,1049500.0
492,2021-09-30 11:18:41,14000.0,100.0,1049400.0
493,2021-09-30 11:18:22,14000.0,100.0,1049300.0
494,2021-09-30 11:17:19,14000.0,2000.0,1049200.0
495,2021-09-30 11:15:42,14000.0,700.0,1047200.0
496,2021-09-30 11:13:53,14000.0,200.0,1046500.0
497,2021-09-30 11:13:44,14000.0,1400.0,1046300.0
498,2021-09-30 11:12:43,14000.0,2200.0,1044900.0
499,2021-09-30 11:12:04,14000.0,100.0,1042700.0
500,2021-09-30 11:11:51,14000.0,100.0,1042600.0
501,2021-09-30 11:09:39,14000.0,200.0,1042500.0
502,2021-09-30 11:09:37,13950.0,700.0,1042300.0
503,2021-09-30 11:09:37,13950.0,800.0,1041600.0
504,2021-09-30 11:09:13,13950.0,500.0,1040800.0
505,2021-09-30 11:07:47,13950.0,200.0,1040300.0
506,2021-09-30 11:07:28,14000.0,2000.0,1040100.0
507,2021-09-30 11:07:02,14000.0,300.0,1038100.0
508,2021-09-30 11:07:02,14000.0,2700.0,1037800.0
509,2021-09-30 11:06:14,14000.0,2000.0,1035100.0
510,2021-09-30 11:06:11,14000.0,100.0,1033100.0
511,2021-09-30 11:05:32,14000.0,100.0,1033000.0
512,2021-09-30 11:05:00,14000.0,3100.0,1032900.0
513,2021-09-30 11:05:00,14000.0,1900.0,1029800.0
514,2021-09-30 11:04:32,14000.0,1600.0,1027900.0
515,2021-09-30 11:04:32,14000.0,500.0,1026300.0
516,2021-09-30 11:04:32,14000.0,1000.0,1025800.0
517,2021-09-30 11:04:32,14000.0,200.0,1024800.0
518,2021-09-30 11:04:32,14000.0,1700.0,1024600.0
519,2021-09-30 11:03:45,14000.0,200.0,1022900.0
520,2021-09-30 11:03:35,14000.0,100.0,1022700.0
521,2021-09-30 11:03:35,14000.0,1000.0,1022600.0
522,2021-09-30 11:03:35,14000.0,900.0,1021600.0
523,2021-09-30 11:03:08,14000.0,100.0,1020700.0
524,2021-09-30 11:03:06,13950.0,500.0,1020600.0
525,2021-09-30 11:03:02,14000.0,200.0,1020100.0
526,2021-09-30 11:02:59,14000.0,3800.0,1019900.0
527,2021-09-30 11:02:59,14000.0,3500.0,1016100.0
528,2021-09-30 11:02:59,14000.0,2700.0,1012600.0
529,2021-09-30 11:02:52,14000.0,100.0,1009900.0
530,2021-09-30 11:01:50,14000.0,500.0,1009800.0
531,2021-09-30 11:01:08,14000.0,100.0,1009300.0
532,2021-09-30 11:01:08,14000.0,2100.0,1009200.0
533,2021-09-30 11:01:03,14000.0,5000.0,1007100.0
534,2021-09-30 11:00:54,14000.0,1000.0,1002100.0
535,2021-09-30 11:00:54,14000.0,1900.0,1001100.0
536,2021-09-30 11:00:54,14000.0,200.0,999200.0
537,2021-09-30 11:00:54,14000.0,400.0,999000.0
538,2021-09-30 11:00:54,14000.0,100.0,998600.0
539,2021-09-30 11:00:46,14000.0,100.0,998500.0
540,2021-09-30 11:00:46,14000.0,1000.0,998400.0
541,2021-09-30 11:00:46,14000.0,1000.0,997400.0
542,2021-09-30 11:00:46,14000.0,5000.0,996400.0
543,2021-09-30 11:00:46,14000.0,400.0,991400.0
544,2021-09-30 11:00:46,14000.0,100.0,991000.0
545,2021-09-30 11:00:46,14000.0,20000.0,990900.0
546,2021-09-30 11:00:46,14000.0,500.0,970900.0
547,2021-09-30 11:00:46,14000.0,100.0,970400.0
548,2021-09-30 11:00:46,14000.0,8000.0,970300.0
549,2021-09-30 11:00:46,14000.0,500.0,962300.0
550,2021-09-30 11:00:46,14000.0,500.0,961800.0
551,2021-09-30 11:00:46,14000.0,100.0,961300.0
552,2021-09-30 11:00:46,14000.0,300.0,961200.0
553,2021-09-30 11:00:46,14000.0,2000.0,960900.0
554,2021-09-30 11:00:46,14000.0,2000.0,958900.0
555,2021-09-30 11:00:46,14000.0,500.0,956900.0
556,2021-09-30 11:00:46,14000.0,500.0,956400.0
557,2021-09-30 11:00:46,14000.0,200.0,955900.0
558,2021-09-30 11:00:46,14000.0,4000.0,955700.0
559,2021-09-30 11:00:46,14000.0,100.0,951700.0
560,2021-09-30 11:00:46,14000.0,5400.0,951600.0
561,2021-09-30 11:00:46,14000.0,500.0,946200.0
562,2021-09-30 11:00:46,14000.0,600.0,945700.0
563,2021-09-30 11:00:46,14000.0,100.0,945100.0
564,2021-09-30 11:00:46,14000.0,300.0,945000.0
565,2021-09-30 11:00:46,14000.0,2000.0,944700.0
566,2021-09-30 11:00:46,14000.0,2000.0,942700.0
567,2021-09-30 11:00:46,14000.0,1000.0,940700.0
568,2021-09-30 11:00:46,14000.0,1000.0,939700.0
569,2021-09-30 11:00:46,14000.0,200.0,938700.0
570,2021-09-30 11:00:46,14000.0,2000.0,938500.0
571,2021-09-30 11:00:46,14000.0,100.0,936500.0
572,2021-09-30 11:00:46,14000.0,500.0,936400.0
573,2021-09-30 11:00:46,14000.0,200.0,935900.0
574,2021-09-30 11:00:46,14000.0,500.0,935700.0
575,2021-09-30 11:00:46,14000.0,2000.0,935200.0
576,2021-09-30 11:00:46,14000.0,1000.0,933200.0
577,2021-09-30 11:00:46,14000.0,1000.0,932200.0
578,2021-09-30 11:00:46,14000.0,100.0,931200.0
579,2021-09-30 11:00:46,14000.0,1300.0,931100.0
580,2021-09-30 11:00:46,14000.0,100.0,929800.0
581,2021-09-30 11:00:46,14000.0,600.0,929700.0
582,2021-09-30 11:00:46,14000.0,200.0,929100.0
583,2021-09-30 11:00:46,14000.0,100.0,928900.0
584,2021-09-30 11:00:46,14000.0,100.0,928800.0
585,2021-09-30 11:00:46,14000.0,1000.0,928700.0
586,2021-09-30 11:00:46,14000.0,100.0,927700.0
587,2021-09-30 11:00:46,14000.0,29100.0,927600.0
588,2021-09-30 11:00:46,14000.0,1000.0,898500.0
589,2021-09-30 11:00:05,14000.0,10000.0,897500.0
590,2021-09-30 11:00:04,14000.0,900.0,887500.0
591,2021-09-30 10:59:46,14000.0,2000.0,886600.0
592,2021-09-30 10:58:41,14000.0,500.0,884600.0
593,2021-09-30 10:58:41,14000.0,500.0,884100.0
594,2021-09-30 10:58:41,14000.0,500.0,883600.0
595,2021-09-30 10:58:41,14000.0,100.0,883100.0
596,2021-09-30 10:58:41,14000.0,1100.0,883000.0
597,2021-09-30 10:58:41,14000.0,100.0,881900.0
598,2021-09-30 10:58:41,14000.0,1000.0,881800.0
599,2021-09-30 10:58:41,14000.0,2000.0,880800.0
600,2021-09-30 10:58:41,14000.0,1000.0,878800.0
601,2021-09-30 10:58:41,14000.0,100.0,877800.0
602,2021-09-30 10:58:41,14000.0,100.0,877700.0
603,2021-09-30 10:58:41,14000.0,3000.0,877600.0
604,2021-09-30 10:57:46,14000.0,10000.0,874600.0
605,2021-09-30 10:57:43,14050.0,100.0,864600.0
606,2021-09-30 10:57:10,14050.0,100.0,864500.0
607,2021-09-30 10:56:54,14000.0,2000.0,864400.0
608,2021-09-30 10:56:54,14000.0,300.0,862400.0
609,2021-09-30 10:56:54,14000.0,700.0,862100.0
610,2021-09-30 10:56:42,14000.0,300.0,861400.0
611,2021-09-30 10:56:42,14000.0,100.0,861100.0
612,2021-09-30 10:56:42,14000.0,100.0,861000.0
613,2021-09-30 10:56:38,14000.0,100.0,860900.0
614,2021-09-30 10:56:02,14000.0,200.0,860800.0
615,2021-09-30 10:55:57,14050.0,100.0,860600.0
616,2021-09-30 10:55:48,14000.0,100.0,860500.0
617,2021-09-30 10:55:34,14000.0,100.0,860400.0
618,2021-09-30 10:55:29,14000.0,100.0,860300.0
619,2021-09-30 10:55:24,14000.0,300.0,860200.0
620,2021-09-30 10:55:24,14000.0,500.0,859900.0
621,2021-09-30 10:55:24,14000.0,100.0,859400.0
622,2021-09-30 10:55:24,14000.0,200.0,859300.0
623,2021-09-30 10:55:24,14000.0,900.0,859100.0
624,2021-09-30 10:55:19,14000.0,100.0,858200.0
625,2021-09-30 10:54:47,14000.0,1000.0,858100.0
626,2021-09-30 10:54:47,14000.0,500.0,857100.0
627,2021-09-30 10:54:47,14000.0,100.0,856600.0
628,2021-09-30 10:54:47,14000.0,400.0,856500.0
629,2021-09-30 10:52:10,14000.0,1000.0,856100.0
630,2021-09-30 10:47:17,14050.0,100.0,855100.0
631,2021-09-30 10:47:17,14050.0,300.0,855000.0
632,2021-09-30 10:47:11,14050.0,200.0,854700.0
633,2021-09-30 10:47:11,14050.0,400.0,854500.0
634,2021-09-30 10:47:11,14050.0,11400.0,854100.0
635,2021-09-30 10:47:09,14050.0,6000.0,842700.0
636,2021-09-30 10:46:45,14050.0,400.0,836700.0
637,2021-09-30 10:46:44,14050.0,1000.0,836300.0
638,2021-09-30 10:46:43,14050.0,1500.0,835300.0
639,2021-09-30 10:46:20,14050.0,4000.0,833800.0
640,2021-09-30 10:45:41,14050.0,1000.0,829800.0
641,2021-09-30 10:45:34,14050.0,1000.0,828800.0
642,2021-09-30 10:45:27,14050.0,3500.0,827800.0
643,2021-09-30 10:45:20,14050.0,2200.0,824300.0
644,2021-09-30 10:45:20,14050.0,200.0,822100.0
645,2021-09-30 10:45:20,14050.0,200.0,821900.0
646,2021-09-30 10:45:20,14050.0,900.0,821700.0
647,2021-09-30 10:44:52,14050.0,700.0,820800.0
648,2021-09-30 10:44:45,14050.0,600.0,820100.0
649,2021-09-30 10:44:45,14050.0,500.0,819500.0
650,2021-09-30 10:44:45,14050.0,900.0,819000.0
651,2021-09-30 10:44:45,14050.0,100.0,818100.0
652,2021-09-30 10:44:45,14050.0,1000.0,818000.0
653,2021-09-30 10:44:45,14050.0,400.0,817000.0
654,2021-09-30 10:44:45,14050.0,1500.0,816600.0
655,2021-09-30 10:44:41,14050.0,500.0,815100.0
656,2021-09-30 10:44:41,14050.0,500.0,814600.0
657,2021-09-30 10:44:41,14050.0,300.0,814100.0
658,2021-09-30 10:44:41,14050.0,500.0,813800.0
659,2021-09-30 10:44:41,14050.0,300.0,813300.0
660,2021-09-30 10:44:41,14050.0,200.0,813000.0
661,2021-09-30 10:44:41,14050.0,200.0,812800.0
662,2021-09-30 10:44:41,14050.0,1500.0,812600.0
663,2021-09-30 10:44:41,14050.0,1000.0,811100.0
664,2021-09-30 10:44:28,14050.0,2000.0,810100.0
665,2021-09-30 10:43:54,14050.0,10100.0,808100.0
666,2021-09-30 10:43:17,14050.0,500.0,798000.0
667,2021-09-30 10:42:08,14050.0,400.0,797500.0
668,2021-09-30 10:42:06,14100.0,300.0,797100.0
669,2021-09-30 10:42:01,14050.0,200.0,796800.0
670,2021-09-30 10:41:57,14050.0,1000.0,796600.0
671,2021-09-30 10:41:56,14050.0,800.0,795600.0
672,2021-09-30 10:41:45,14050.0,100.0,794800.0
673,2021-09-30 10:41:23,14050.0,1000.0,794700.0
674,2021-09-30 10:41:07,14050.0,2000.0,793700.0
675,2021-09-30 10:41:04,14050.0,100.0,791700.0
676,2021-09-30 10:40:45,14050.0,2300.0,791600.0
677,2021-09-30 10:40:40,14050.0,2000.0,789300.0
678,2021-09-30 10:40:33,14050.0,1500.0,787300.0
679,2021-09-30 10:40:27,14050.0,6000.0,785800.0
680,2021-09-30 10:40:27,14050.0,200.0,779800.0
681,2021-09-30 10:40:27,14050.0,1300.0,779600.0
682,2021-09-30 10:40:27,14050.0,1200.0,778300.0
683,2021-09-30 10:40:27,14050.0,400.0,777100.0
684,2021-09-30 10:40:27,14050.0,1000.0,776700.0
685,2021-09-30 10:40:25,14050.0,200.0,775700.0
686,2021-09-30 10:40:25,14050.0,1200.0,775500.0
687,2021-09-30 10:40:25,14050.0,100.0,774300.0
688,2021-09-30 10:40:25,14050.0,4500.0,774200.0
689,2021-09-30 10:40:18,14050.0,5000.0,769700.0
690,2021-09-30 10:40:18,14050.0,500.0,764700.0
691,2021-09-30 10:40:18,14050.0,400.0,764200.0
692,2021-09-30 10:40:18,14050.0,1000.0,763800.0
693,2021-09-30 10:40:18,14050.0,200.0,762800.0
694,2021-09-30 10:40:18,14050.0,2900.0,762600.0
695,2021-09-30 10:39:41,14050.0,2100.0,759700.0
696,2021-09-30 10:39:41,14050.0,300.0,757600.0
697,2021-09-30 10:39:41,14050.0,6000.0,757300.0
698,2021-09-30 10:39:41,14050.0,4500.0,751300.0
699,2021-09-30 10:39:41,14050.0,5000.0,746800.0
700,2021-09-30 10:39:41,14050.0,3000.0,741800.0
701,2021-09-30 10:39:41,14050.0,5000.0,738800.0
702,2021-09-30 10:39:41,14050.0,2000.0,733800.0
703,2021-09-30 10:39:41,14050.0,1500.0,731800.0
704,2021-09-30 10:39:41,14050.0,600.0,730300.0
705,2021-09-30 10:39:30,14050.0,400.0,729700.0
706,2021-09-30 10:39:30,14050.0,1000.0,729300.0
707,2021-09-30 10:39:30,14050.0,100.0,728300.0
708,2021-09-30 10:39:30,14050.0,2000.0,728200.0
709,2021-09-30 10:39:30,14050.0,300.0,726200.0
710,2021-09-30 10:39:30,14050.0,500.0,725900.0
711,2021-09-30 10:39:30,14050.0,2000.0,725400.0
712,2021-09-30 10:39:30,14050.0,1100.0,723400.0
713,2021-09-30 10:39:30,14050.0,1000.0,722300.0
714,2021-09-30 10:39:30,14050.0,1000.0,721300.0
715,2021-09-30 10:39:30,14050.0,15600.0,720300.0
716,2021-09-30 10:39:25,14100.0,600.0,704700.0
717,2021-09-30 10:39:25,14100.0,100.0,704100.0
718,2021-09-30 10:39:25,14100.0,300.0,704000.0
719,2021-09-30 10:39:04,14050.0,1000.0,703700.0
720,2021-09-30 10:38:44,14050.0,10000.0,702700.0
721,2021-09-30 10:38:36,14100.0,700.0,692700.0
722,2021-09-30 10:38:36,14100.0,300.0,692000.0
723,2021-09-30 10:37:31,14050.0,1100.0,691700.0
724,2021-09-30 10:37:03,14050.0,200.0,690600.0
725,2021-09-30 10:36:37,14050.0,100.0,690400.0
726,2021-09-30 10:35:55,14050.0,100.0,690300.0
727,2021-09-30 10:34:33,14050.0,300.0,690200.0
728,2021-09-30 10:34:26,14050.0,200.0,689900.0
729,2021-09-30 10:34:20,14050.0,2000.0,689700.0
730,2021-09-30 10:34:16,14050.0,1000.0,687700.0
731,2021-09-30 10:34:03,14050.0,1000.0,686700.0
732,2021-09-30 10:33:38,14050.0,3600.0,685700.0
733,2021-09-30 10:33:37,14050.0,2000.0,682100.0
734,2021-09-30 10:33:26,14050.0,800.0,680100.0
735,2021-09-30 10:33:25,14050.0,2000.0,679300.0
736,2021-09-30 10:32:38,14050.0,2000.0,677300.0
737,2021-09-30 10:32:16,14050.0,500.0,675300.0
738,2021-09-30 10:32:07,14050.0,20000.0,674800.0
739,2021-09-30 10:31:18,14050.0,2000.0,654800.0
740,2021-09-30 10:30:16,14100.0,200.0,652800.0
741,2021-09-30 10:29:38,14050.0,200.0,652600.0
742,2021-09-30 10:29:01,14050.0,300.0,652400.0
743,2021-09-30 10:28:29,14050.0,1400.0,652100.0
744,2021-09-30 10:28:25,14050.0,1000.0,650700.0
745,2021-09-30 10:28:16,14050.0,1000.0,649700.0
746,2021-09-30 10:28:16,14050.0,20500.0,648700.0
747,2021-09-30 10:27:59,14050.0,100.0,628200.0
748,2021-09-30 10:27:59,14050.0,900.0,628100.0
749,2021-09-30 10:27:45,14050.0,800.0,627200.0
750,2021-09-30 10:27:28,14050.0,300.0,626400.0
751,2021-09-30 10:27:28,14050.0,3700.0,626100.0
752,2021-09-30 10:26:49,14050.0,1000.0,622400.0
753,2021-09-30 10:26:08,14100.0,200.0,621400.0
754,2021-09-30 10:24:04,14100.0,100.0,621200.0
755,2021-09-30 10:23:22,14050.0,300.0,621100.0
756,2021-09-30 10:23:22,14050.0,500.0,620800.0
757,2021-09-30 10:23:22,14050.0,200.0,620300.0
758,2021-09-30 10:23:13,14050.0,100.0,620100.0
759,2021-09-30 10:22:58,14050.0,100.0,620000.0
760,2021-09-30 10:22:18,14050.0,100.0,619900.0
761,2021-09-30 10:22:12,14050.0,500.0,619800.0
762,2021-09-30 10:21:43,14050.0,300.0,619300.0
763,2021-09-30 10:21:42,14050.0,100.0,619000.0
764,2021-09-30 10:21:42,14050.0,100.0,618900.0
765,2021-09-30 10:21:21,14050.0,300.0,618800.0
766,2021-09-30 10:21:21,14050.0,300.0,618500.0
767,2021-09-30 10:21:02,14100.0,200.0,618200.0
768,2021-09-30 10:21:02,14100.0,2000.0,618000.0
769,2021-09-30 10:21:02,14100.0,500.0,616000.0
770,2021-09-30 10:21:02,14100.0,300.0,615500.0
771,2021-09-30 10:20:45,14050.0,700.0,615200.0
772,2021-09-30 10:20:45,14050.0,300.0,614500.0
773,2021-09-30 10:19:55,14050.0,100.0,614200.0
774,2021-09-30 10:19:48,14050.0,200.0,614100.0
775,2021-09-30 10:16:35,14100.0,100.0,613900.0
776,2021-09-30 10:15:54,14100.0,1100.0,613800.0
777,2021-09-30 10:15:54,14100.0,500.0,612700.0
778,2021-09-30 10:15:54,14050.0,400.0,612200.0
779,2021-09-30 10:15:54,14050.0,300.0,611800.0
780,2021-09-30 10:15:27,14050.0,500.0,611500.0
781,2021-09-30 10:15:12,14100.0,1600.0,611000.0
782,2021-09-30 10:14:20,14100.0,200.0,609400.0
783,2021-09-30 10:13:56,14100.0,2300.0,609200.0
784,2021-09-30 10:12:22,14050.0,500.0,606900.0
785,2021-09-30 10:12:19,14100.0,1000.0,606400.0
786,2021-09-30 10:12:14,14050.0,300.0,605400.0
787,2021-09-30 10:11:55,14050.0,500.0,605100.0
788,2021-09-30 10:11:27,14100.0,2000.0,604600.0
789,2021-09-30 10:11:22,14100.0,2000.0,602600.0
790,2021-09-30 10:11:19,14050.0,500.0,600600.0
791,2021-09-30 10:11:04,14100.0,8400.0,600100.0
792,2021-09-30 10:11:04,14100.0,1000.0,591700.0
793,2021-09-30 10:11:04,14100.0,400.0,590700.0
794,2021-09-30 10:11:04,14100.0,10200.0,590300.0
795,2021-09-30 10:10:42,14050.0,500.0,580100.0
796,2021-09-30 10:10:17,14100.0,1200.0,579600.0
797,2021-09-30 10:10:04,14050.0,100.0,578400.0
798,2021-09-30 10:09:51,14100.0,1500.0,578300.0
799,2021-09-30 10:09:22,14100.0,100.0,576800.0
800,2021-09-30 10:08:08,14100.0,500.0,576700.0
801,2021-09-30 10:08:08,14100.0,500.0,576200.0
802,2021-09-30 10:07:58,14050.0,1000.0,575700.0
803,2021-09-30 10:07:33,14050.0,1000.0,574700.0
804,2021-09-30 10:07:16,14100.0,100.0,573700.0
805,2021-09-30 10:07:04,14100.0,1400.0,573600.0
806,2021-09-30 10:06:45,14100.0,3100.0,572200.0
807,2021-09-30 10:06:43,14100.0,1000.0,569100.0
808,2021-09-30 10:06:31,14100.0,1100.0,568100.0
809,2021-09-30 10:06:21,14100.0,4000.0,567000.0
810,2021-09-30 10:06:21,14100.0,500.0,563000.0
811,2021-09-30 10:06:21,14100.0,500.0,562500.0
812,2021-09-30 10:06:21,14100.0,5000.0,562000.0
813,2021-09-30 10:06:18,14050.0,1000.0,557000.0
814,2021-09-30 10:06:04,14100.0,1000.0,556000.0
815,2021-09-30 10:06:03,14100.0,100.0,555000.0
816,2021-09-30 10:06:01,14100.0,200.0,554900.0
817,2021-09-30 10:05:51,14050.0,200.0,554700.0
818,2021-09-30 10:05:44,14100.0,1100.0,554500.0
819,2021-09-30 10:04:43,14100.0,2500.0,553400.0
820,2021-09-30 10:04:35,14050.0,100.0,550900.0
821,2021-09-30 10:04:14,14100.0,100.0,550800.0
822,2021-09-30 10:04:14,14100.0,500.0,550700.0
823,2021-09-30 10:04:14,14100.0,1000.0,550200.0
824,2021-09-30 10:04:14,14100.0,900.0,549200.0
825,2021-09-30 10:04:02,14100.0,2500.0,548300.0
826,2021-09-30 10:03:41,14100.0,1000.0,545800.0
827,2021-09-30 10:03:41,14100.0,600.0,544800.0
828,2021-09-30 10:03:41,14100.0,1900.0,544200.0
829,2021-09-30 10:02:57,14100.0,300.0,542300.0
830,2021-09-30 10:02:57,14100.0,1200.0,542000.0
831,2021-09-30 10:02:56,14100.0,500.0,540800.0
832,2021-09-30 10:02:51,14100.0,200.0,540300.0
833,2021-09-30 10:02:51,14100.0,500.0,540100.0
834,2021-09-30 10:02:32,14100.0,1400.0,539600.0
835,2021-09-30 10:01:44,14100.0,5000.0,538200.0
836,2021-09-30 10:01:20,14100.0,1800.0,533200.0
837,2021-09-30 10:00:38,14050.0,10000.0,531400.0
838,2021-09-30 09:59:36,14050.0,2500.0,521400.0
839,2021-09-30 09:59:36,14050.0,1000.0,518900.0
840,2021-09-30 09:59:12,14050.0,500.0,517900.0
841,2021-09-30 09:58:33,14050.0,700.0,517400.0
842,2021-09-30 09:58:33,14050.0,300.0,516700.0
843,2021-09-30 09:58:33,14050.0,1000.0,516400.0
844,2021-09-30 09:58:33,14050.0,1000.0,515400.0
845,2021-09-30 09:58:25,14050.0,1000.0,514400.0
846,2021-09-30 09:58:25,14050.0,500.0,513400.0
847,2021-09-30 09:58:25,14050.0,100.0,512900.0
848,2021-09-30 09:58:25,14050.0,300.0,512800.0
849,2021-09-30 09:58:25,14050.0,100.0,512500.0
850,2021-09-30 09:58:25,14050.0,200.0,512400.0
851,2021-09-30 09:58:25,14050.0,1200.0,512200.0
852,2021-09-30 09:58:25,14050.0,1000.0,511000.0
853,2021-09-30 09:58:25,14050.0,100.0,510000.0
854,2021-09-30 09:58:25,14050.0,2200.0,509900.0
855,2021-09-30 09:58:25,14050.0,100.0,507700.0
856,2021-09-30 09:58:25,14050.0,600.0,507600.0
857,2021-09-30 09:58:25,14050.0,2600.0,507000.0
858,2021-09-30 09:57:24,14050.0,100.0,504400.0
859,2021-09-30 09:56:54,14050.0,700.0,504300.0
860,2021-09-30 09:56:45,14050.0,100.0,503600.0
861,2021-09-30 09:56:39,14100.0,100.0,503500.0
862,2021-09-30 09:55:46,14100.0,1000.0,503400.0
863,2021-09-30 09:54:52,14100.0,100.0,502400.0
864,2021-09-30 09:53:09,14050.0,2100.0,502300.0
865,2021-09-30 09:51:46,14050.0,1600.0,500200.0
866,2021-09-30 09:51:46,14050.0,1400.0,498600.0
867,2021-09-30 09:50:40,14050.0,1000.0,497200.0
868,2021-09-30 09:50:40,14050.0,100.0,496200.0
869,2021-09-30 09:50:40,14050.0,500.0,496100.0
870,2021-09-30 09:50:27,14050.0,500.0,495600.0
871,2021-09-30 09:50:15,14050.0,600.0,495100.0
872,2021-09-30 09:50:15,14050.0,200.0,494500.0
873,2021-09-30 09:50:15,14050.0,200.0,494300.0
874,2021-09-30 09:50:15,14050.0,1000.0,494100.0
875,2021-09-30 09:50:15,14050.0,1000.0,493100.0
876,2021-09-30 09:50:15,14050.0,1000.0,492100.0
877,2021-09-30 09:50:15,14050.0,100.0,491100.0
878,2021-09-30 09:50:15,14050.0,100.0,491000.0
879,2021-09-30 09:50:15,14050.0,800.0,490900.0
880,2021-09-30 09:50:11,14050.0,3000.0,490100.0
881,2021-09-30 09:49:29,14050.0,100.0,487100.0
882,2021-09-30 09:48:41,14050.0,1100.0,487000.0
883,2021-09-30 09:48:41,14050.0,900.0,485900.0
884,2021-09-30 09:47:11,14100.0,100.0,485000.0
885,2021-09-30 09:47:11,14100.0,100.0,484900.0
886,2021-09-30 09:46:54,14100.0,200.0,484800.0
887,2021-09-30 09:46:53,14100.0,200.0,484600.0
888,2021-09-30 09:46:47,14100.0,600.0,484400.0
889,2021-09-30 09:46:47,14100.0,1000.0,483800.0
890,2021-09-30 09:46:47,14100.0,8400.0,482800.0
891,2021-09-30 09:46:35,14100.0,10000.0,474400.0
892,2021-09-30 09:46:28,14100.0,1600.0,464400.0
893,2021-09-30 09:46:28,14100.0,100.0,462800.0
894,2021-09-30 09:46:28,14100.0,7400.0,462700.0
895,2021-09-30 09:46:28,14100.0,500.0,455300.0
896,2021-09-30 09:46:28,14100.0,200.0,454800.0
897,2021-09-30 09:46:28,14100.0,200.0,454600.0
898,2021-09-30 09:46:17,14100.0,7000.0,454400.0
899,2021-09-30 09:46:14,14100.0,12800.0,447400.0
900,2021-09-30 09:46:14,14100.0,900.0,434600.0
901,2021-09-30 09:46:14,14100.0,1000.0,433700.0
902,2021-09-30 09:46:14,14100.0,200.0,432700.0
903,2021-09-30 09:46:14,14100.0,15300.0,432500.0
904,2021-09-30 09:46:07,14100.0,4000.0,417200.0
905,2021-09-30 09:46:06,14100.0,100.0,413200.0
906,2021-09-30 09:45:57,14100.0,9000.0,413100.0
907,2021-09-30 09:45:16,14100.0,500.0,404100.0
908,2021-09-30 09:45:12,14100.0,500.0,403600.0
909,2021-09-30 09:44:49,14100.0,11500.0,403100.0
910,2021-09-30 09:44:49,14100.0,100.0,391600.0
911,2021-09-30 09:44:49,14100.0,3000.0,391500.0
912,2021-09-30 09:44:49,14100.0,5000.0,388500.0
913,2021-09-30 09:44:49,14100.0,400.0,383500.0
914,2021-09-30 09:44:09,14100.0,500.0,383100.0
915,2021-09-30 09:43:01,14100.0,500.0,382600.0
916,2021-09-30 09:43:01,14100.0,600.0,382100.0
917,2021-09-30 09:42:53,14100.0,400.0,381500.0
918,2021-09-30 09:42:53,14100.0,400.0,381100.0
919,2021-09-30 09:42:53,14100.0,500.0,380700.0
920,2021-09-30 09:42:53,14100.0,1000.0,380200.0
921,2021-09-30 09:42:53,14100.0,900.0,379200.0
922,2021-09-30 09:42:39,14100.0,200.0,378300.0
923,2021-09-30 09:42:34,14100.0,1900.0,378100.0
924,2021-09-30 09:42:34,14100.0,100.0,376200.0
925,2021-09-30 09:42:34,14100.0,100.0,376100.0
926,2021-09-30 09:42:34,14100.0,3000.0,376000.0
927,2021-09-30 09:42:34,14100.0,100.0,373000.0
928,2021-09-30 09:42:34,14100.0,5000.0,372900.0
929,2021-09-30 09:42:34,14100.0,500.0,367900.0
930,2021-09-30 09:42:34,14100.0,2000.0,367400.0
931,2021-09-30 09:42:34,14100.0,1000.0,365400.0
932,2021-09-30 09:42:34,14100.0,100.0,364400.0
933,2021-09-30 09:42:34,14100.0,20000.0,364300.0
934,2021-09-30 09:42:34,14100.0,1000.0,344300.0
935,2021-09-30 09:42:34,14100.0,200.0,343300.0
936,2021-09-30 09:42:31,14100.0,1800.0,343100.0
937,2021-09-30 09:42:31,14100.0,100.0,341300.0
938,2021-09-30 09:42:31,14100.0,3100.0,341200.0
939,2021-09-30 09:42:29,14100.0,200.0,338100.0
940,2021-09-30 09:42:20,14100.0,900.0,337900.0
941,2021-09-30 09:42:19,14100.0,800.0,337000.0
942,2021-09-30 09:42:19,14100.0,400.0,336200.0
943,2021-09-30 09:42:19,14100.0,1000.0,335800.0
944,2021-09-30 09:42:19,14100.0,5000.0,334800.0
945,2021-09-30 09:42:19,14100.0,500.0,329800.0
946,2021-09-30 09:42:19,14100.0,300.0,329300.0
947,2021-09-30 09:42:07,14050.0,5000.0,329000.0
948,2021-09-30 09:42:06,14100.0,100.0,324000.0
949,2021-09-30 09:41:52,14100.0,1500.0,323900.0
950,2021-09-30 09:41:40,14100.0,100.0,322400.0
951,2021-09-30 09:41:32,14100.0,1000.0,322300.0
952,2021-09-30 09:41:32,14100.0,35000.0,321300.0
953,2021-09-30 09:41:32,14100.0,500.0,286300.0
954,2021-09-30 09:41:32,14100.0,500.0,285800.0
955,2021-09-30 09:41:32,14100.0,500.0,285300.0
956,2021-09-30 09:41:32,14100.0,2000.0,284800.0
957,2021-09-30 09:41:32,14100.0,2500.0,282800.0
958,2021-09-30 09:41:32,14100.0,500.0,280300.0
959,2021-09-30 09:41:32,14100.0,1000.0,279800.0
960,2021-09-30 09:41:32,14100.0,1800.0,278800.0
961,2021-09-30 09:41:31,14050.0,10000.0,277000.0
962,2021-09-30 09:41:20,14100.0,600.0,267000.0
963,2021-09-30 09:41:05,14100.0,600.0,266400.0
964,2021-09-30 09:40:59,14050.0,10000.0,265800.0
965,2021-09-30 09:40:29,14050.0,1000.0,255800.0
966,2021-09-30 09:40:29,14050.0,100.0,254800.0
967,2021-09-30 09:40:29,14050.0,200.0,254700.0
968,2021-09-30 09:40:29,14050.0,3500.0,254500.0
969,2021-09-30 09:40:29,14050.0,1500.0,251000.0
970,2021-09-30 09:40:18,14050.0,100.0,249500.0
971,2021-09-30 09:40:17,14000.0,400.0,249400.0
972,2021-09-30 09:39:51,14050.0,100.0,249000.0
973,2021-09-30 09:39:41,14050.0,500.0,248900.0
974,2021-09-30 09:39:41,14050.0,200.0,248400.0
975,2021-09-30 09:39:41,14050.0,300.0,248200.0
976,2021-09-30 09:39:25,14050.0,1000.0,247900.0
977,2021-09-30 09:39:25,14050.0,500.0,246900.0
978,2021-09-30 09:39:25,14050.0,200.0,246400.0
979,2021-09-30 09:39:25,14050.0,300.0,246200.0
980,2021-09-30 09:39:20,14050.0,4700.0,245900.0
981,2021-09-30 09:39:20,14050.0,100.0,241200.0
982,2021-09-30 09:39:20,14050.0,5200.0,241100.0
983,2021-09-30 09:38:38,14050.0,100.0,235900.0
984,2021-09-30 09:36:45,14050.0,100.0,235800.0
985,2021-09-30 09:36:44,14050.0,500.0,235700.0
986,2021-09-30 09:36:35,14050.0,600.0,235200.0
987,2021-09-30 09:35:58,14050.0,600.0,234600.0
988,2021-09-30 09:35:48,14050.0,600.0,234000.0
989,2021-09-30 09:35:27,14000.0,400.0,233400.0
990,2021-09-30 09:34:44,14000.0,3000.0,233000.0
991,2021-09-30 09:34:15,14000.0,600.0,230000.0
992,2021-09-30 09:34:15,14000.0,500.0,229400.0
993,2021-09-30 09:34:15,14000.0,100.0,228900.0
994,2021-09-30 09:34:15,14000.0,800.0,228800.0
995,2021-09-30 09:34:00,14050.0,2200.0,228000.0
996,2021-09-30 09:33:51,14000.0,200.0,225800.0
997,2021-09-30 09:33:51,14000.0,1600.0,225600.0
998,2021-09-30 09:33:51,14000.0,300.0,224000.0
999,2021-09-30 09:33:51,14000.0,900.0,223700.0
1000,2021-09-30 09:33:17,14000.0,4100.0,222800.0
1001,2021-09-30 09:33:17,14000.0,100.0,218700.0
1002,2021-09-30 09:33:17,14000.0,100.0,218600.0
1003,2021-09-30 09:33:17,14000.0,400.0,218500.0
1004,2021-09-30 09:33:17,14000.0,200.0,218100.0
1005,2021-09-30 09:33:17,14000.0,100.0,217900.0
1006,2021-09-30 09:32:59,14050.0,100.0,217800.0
1007,2021-09-30 09:32:41,14000.0,1000.0,217700.0
1008,2021-09-30 09:32:41,14000.0,1900.0,216700.0
1009,2021-09-30 09:32:41,14000.0,500.0,214800.0
1010,2021-09-30 09:32:41,14000.0,100.0,214300.0
1011,2021-09-30 09:32:41,14000.0,100.0,214200.0
1012,2021-09-30 09:32:41,14000.0,3400.0,214100.0
1013,2021-09-30 09:32:29,14100.0,500.0,210700.0
1014,2021-09-30 09:32:29,14050.0,100.0,210200.0
1015,2021-09-30 09:32:21,14050.0,500.0,210100.0
1016,2021-09-30 09:32:21,14050.0,200.0,209600.0
1017,2021-09-30 09:32:21,14050.0,200.0,209400.0
1018,2021-09-30 09:32:19,14100.0,100.0,209200.0
1019,2021-09-30 09:32:16,14050.0,1800.0,209100.0
1020,2021-09-30 09:32:16,14050.0,1200.0,207300.0
1021,2021-09-30 09:32:10,14050.0,200.0,206100.0
1022,2021-09-30 09:31:58,14050.0,100.0,205900.0
1023,2021-09-30 09:31:37,14100.0,400.0,205800.0
1024,2021-09-30 09:31:37,14100.0,100.0,205400.0
1025,2021-09-30 09:31:37,14100.0,100.0,205300.0
1026,2021-09-30 09:31:26,14100.0,100.0,205200.0
1027,2021-09-30 09:30:39,14050.0,100.0,205100.0
1028,2021-09-30 09:30:33,14100.0,800.0,205000.0
1029,2021-09-30 09:30:33,14100.0,2200.0,204200.0
1030,2021-09-30 09:30:16,14050.0,300.0,202000.0
1031,2021-09-30 09:30:16,14050.0,100.0,201700.0
1032,2021-09-30 09:29:59,14050.0,100.0,201600.0
1033,2021-09-30 09:29:32,14000.0,2600.0,201500.0
1034,2021-09-30 09:29:32,14000.0,2000.0,198900.0
1035,2021-09-30 09:29:32,14000.0,1000.0,196900.0
1036,2021-09-30 09:29:32,14000.0,200.0,195900.0
1037,2021-09-30 09:29:32,14050.0,200.0,195700.0
1038,2021-09-30 09:29:27,14050.0,100.0,195500.0
1039,2021-09-30 09:29:24,14050.0,200.0,195400.0
1040,2021-09-30 09:29:24,14050.0,300.0,195200.0
1041,2021-09-30 09:29:24,14050.0,500.0,194900.0
1042,2021-09-30 09:29:24,14050.0,1000.0,194400.0
1043,2021-09-30 09:29:24,14050.0,200.0,193400.0
1044,2021-09-30 09:29:24,14050.0,700.0,193200.0
1045,2021-09-30 09:29:24,14050.0,100.0,192500.0
1046,2021-09-30 09:29:06,14050.0,400.0,192400.0
1047,2021-09-30 09:29:06,14050.0,100.0,192000.0
1048,2021-09-30 09:28:40,14100.0,100.0,191900.0
1049,2021-09-30 09:27:21,14100.0,100.0,191800.0
1050,2021-09-30 09:27:12,14100.0,500.0,191700.0
1051,2021-09-30 09:27:11,14100.0,100.0,191200.0
1052,2021-09-30 09:26:54,14100.0,5000.0,191100.0
1053,2021-09-30 09:26:54,14100.0,300.0,186100.0
1054,2021-09-30 09:26:54,14100.0,1700.0,185800.0
1055,2021-09-30 09:26:46,14100.0,3300.0,184100.0
1056,2021-09-30 09:26:46,14100.0,2000.0,180800.0
1057,2021-09-30 09:26:46,14100.0,2700.0,178800.0
1058,2021-09-30 09:26:41,14100.0,500.0,176100.0
1059,2021-09-30 09:26:25,14100.0,1800.0,175600.0
1060,2021-09-30 09:26:25,14100.0,200.0,173800.0
1061,2021-09-30 09:26:25,14100.0,100.0,173600.0
1062,2021-09-30 09:26:25,14100.0,1100.0,173500.0
1063,2021-09-30 09:26:25,14100.0,1800.0,172400.0
1064,2021-09-30 09:26:15,14100.0,400.0,170600.0
1065,2021-09-30 09:26:07,14100.0,2000.0,170200.0
1066,2021-09-30 09:26:06,14100.0,200.0,168200.0
1067,2021-09-30 09:26:04,14100.0,600.0,168000.0
1068,2021-09-30 09:26:04,14100.0,400.0,167400.0
1069,2021-09-30 09:25:42,14150.0,100.0,167000.0
1070,2021-09-30 09:25:41,14100.0,100.0,166900.0
1071,2021-09-30 09:25:41,14100.0,200.0,166800.0
1072,2021-09-30 09:25:41,14100.0,500.0,166600.0
1073,2021-09-30 09:25:41,14100.0,1000.0,166100.0
1074,2021-09-30 09:25:41,14100.0,1100.0,165100.0
1075,2021-09-30 09:25:41,14100.0,1200.0,164000.0
1076,2021-09-30 09:25:41,14100.0,900.0,162800.0
1077,2021-09-30 09:24:40,14150.0,300.0,161900.0
1078,2021-09-30 09:24:21,14150.0,100.0,161600.0
1079,2021-09-30 09:24:14,14150.0,1200.0,161500.0
1080,2021-09-30 09:24:02,14150.0,10000.0,160300.0
1081,2021-09-30 09:24:02,14150.0,100.0,150300.0
1082,2021-09-30 09:23:59,14100.0,200.0,150200.0
1083,2021-09-30 09:23:59,14100.0,500.0,150000.0
1084,2021-09-30 09:23:54,14100.0,1000.0,149500.0
1085,2021-09-30 09:23:36,14150.0,1500.0,148500.0
1086,2021-09-30 09:23:32,14100.0,300.0,147000.0
1087,2021-09-30 09:23:26,14100.0,1000.0,146700.0
1088,2021-09-30 09:23:23,14100.0,100.0,145700.0
1089,2021-09-30 09:23:11,14150.0,1200.0,145600.0
1090,2021-09-30 09:23:10,14150.0,700.0,144400.0
1091,2021-09-30 09:22:56,14100.0,1400.0,143700.0
1092,2021-09-30 09:22:56,14100.0,600.0,142300.0
1093,2021-09-30 09:22:47,14100.0,100.0,141700.0
1094,2021-09-30 09:22:30,14150.0,1200.0,141600.0
1095,2021-09-30 09:22:28,14150.0,1000.0,140400.0
1096,2021-09-30 09:22:22,14100.0,1400.0,139400.0
1097,2021-09-30 09:22:13,14100.0,600.0,138000.0
1098,2021-09-30 09:21:54,14100.0,300.0,137400.0
1099,2021-09-30 09:21:53,14100.0,100.0,137100.0
1100,2021-09-30 09:21:53,14100.0,500.0,137000.0
1101,2021-09-30 09:21:53,14100.0,500.0,136500.0
1102,2021-09-30 09:21:53,14100.0,300.0,136000.0
1103,2021-09-30 09:21:53,14100.0,100.0,135700.0
1104,2021-09-30 09:21:53,14100.0,200.0,135600.0
1105,2021-09-30 09:21:53,14100.0,300.0,135400.0
1106,2021-09-30 09:21:53,14100.0,700.0,135100.0
1107,2021-09-30 09:21:46,14100.0,400.0,134400.0
1108,2021-09-30 09:21:44,14200.0,100.0,134000.0
1109,2021-09-30 09:21:44,14200.0,1100.0,133900.0
1110,2021-09-30 09:21:36,14200.0,300.0,132800.0
1111,2021-09-30 09:21:12,14200.0,1000.0,132500.0
1112,2021-09-30 09:21:08,14200.0,600.0,131500.0
1113,2021-09-30 09:21:00,14200.0,600.0,130900.0
1114,2021-09-30 09:20:58,14200.0,600.0,130300.0
1115,2021-09-30 09:20:50,14200.0,400.0,129700.0
1116,2021-09-30 09:20:50,14200.0,300.0,129300.0
1117,2021-09-30 09:20:50,14200.0,100.0,129000.0
1118,2021-09-30 09:20:50,14200.0,500.0,128900.0
1119,2021-09-30 09:20:50,14200.0,400.0,128400.0
1120,2021-09-30 09:20:46,14200.0,200.0,128000.0
1121,2021-09-30 09:20:31,14200.0,400.0,127800.0
1122,2021-09-30 09:20:31,14200.0,200.0,127400.0
1123,2021-09-30 09:20:19,14200.0,100.0,127200.0
1124,2021-09-30 09:20:13,14100.0,400.0,127100.0
1125,2021-09-30 09:20:02,14200.0,200.0,126700.0
1126,2021-09-30 09:19:50,14200.0,100.0,126500.0
1127,2021-09-30 09:19:45,14200.0,2400.0,126400.0
1128,2021-09-30 09:19:45,14200.0,3000.0,124000.0
1129,2021-09-30 09:19:45,14200.0,4600.0,121000.0
1130,2021-09-30 09:19:44,14200.0,1000.0,116400.0
1131,2021-09-30 09:19:38,14200.0,3000.0,115400.0
1132,2021-09-30 09:19:38,14200.0,1000.0,112400.0
1133,2021-09-30 09:19:38,14200.0,400.0,111400.0
1134,2021-09-30 09:19:34,14200.0,100.0,111000.0
1135,2021-09-30 09:19:34,14200.0,200.0,110900.0
1136,2021-09-30 09:19:31,14200.0,100.0,110700.0
1137,2021-09-30 09:19:31,14200.0,100.0,110600.0
1138,2021-09-30 09:19:29,14200.0,100.0,110500.0
1139,2021-09-30 09:19:28,14200.0,200.0,110400.0
1140,2021-09-30 09:19:28,14200.0,300.0,110200.0
1141,2021-09-30 09:19:28,14200.0,500.0,109900.0
1142,2021-09-30 09:19:23,14200.0,4500.0,109400.0
1143,2021-09-30 09:19:20,14200.0,5000.0,104900.0
1144,2021-09-30 09:19:20,14200.0,3000.0,99900.0
1145,2021-09-30 09:19:20,14200.0,1000.0,96900.0
1146,2021-09-30 09:19:20,14200.0,1000.0,95900.0
1147,2021-09-30 09:18:56,14200.0,100.0,94900.0
1148,2021-09-30 09:18:53,14200.0,1000.0,94800.0
1149,2021-09-30 09:18:42,14200.0,100.0,93800.0
1150,2021-09-30 09:18:32,14200.0,500.0,93700.0
1151,2021-09-30 09:18:19,14200.0,300.0,93200.0
1152,2021-09-30 09:18:16,14200.0,200.0,92900.0
1153,2021-09-30 09:18:11,14200.0,500.0,92700.0
1154,2021-09-30 09:18:08,14200.0,200.0,92200.0
1155,2021-09-30 09:18:02,14200.0,100.0,92000.0
1156,2021-09-30 09:18:00,14200.0,100.0,91900.0
1157,2021-09-30 09:18:00,14200.0,500.0,91800.0
1158,2021-09-30 09:18:00,14200.0,2000.0,91300.0
1159,2021-09-30 09:18:00,14200.0,200.0,89300.0
1160,2021-09-30 09:18:00,14200.0,100.0,89100.0
1161,2021-09-30 09:18:00,14200.0,1000.0,89000.0
1162,2021-09-30 09:18:00,14200.0,200.0,88000.0
1163,2021-09-30 09:18:00,14200.0,100.0,87800.0
1164,2021-09-30 09:18:00,14200.0,1000.0,87700.0
1165,2021-09-30 09:18:00,14200.0,100.0,86700.0
1166,2021-09-30 09:18:00,14200.0,100.0,86600.0
1167,2021-09-30 09:18:00,14200.0,100.0,86500.0
1168,2021-09-30 09:18:00,14200.0,100.0,86400.0
1169,2021-09-30 09:18:00,14200.0,400.0,86300.0
1170,2021-09-30 09:18:00,14200.0,500.0,85900.0
1171,2021-09-30 09:18:00,14200.0,100.0,85400.0
1172,2021-09-30 09:18:00,14200.0,2000.0,85300.0
1173,2021-09-30 09:18:00,14200.0,100.0,83300.0
1174,2021-09-30 09:18:00,14200.0,7300.0,83200.0
1175,2021-09-30 09:17:59,14200.0,100.0,75900.0
1176,2021-09-30 09:17:57,14200.0,1000.0,75800.0
1177,2021-09-30 09:17:52,14200.0,300.0,74800.0
1178,2021-09-30 09:17:42,14200.0,1300.0,74500.0
1179,2021-09-30 09:17:42,14200.0,8200.0,73200.0
1180,2021-09-30 09:17:36,14200.0,1800.0,65000.0
1181,2021-09-30 09:17:30,14150.0,100.0,63200.0
1182,2021-09-30 09:17:17,14100.0,10400.0,63100.0
1183,2021-09-30 09:17:13,14100.0,100.0,52700.0
1184,2021-09-30 09:17:07,14100.0,100.0,52600.0
1185,2021-09-30 09:17:03,14100.0,100.0,52500.0
1186,2021-09-30 09:17:03,14100.0,100.0,52400.0
1187,2021-09-30 09:17:03,14100.0,200.0,52300.0
1188,2021-09-30 09:17:03,14100.0,100.0,52100.0
1189,2021-09-30 09:17:03,14100.0,100.0,52000.0
1190,2021-09-30 09:17:03,14100.0,100.0,51900.0
1191,2021-09-30 09:17:03,14100.0,100.0,51800.0
1192,2021-09-30 09:17:03,14100.0,400.0,51700.0
1193,2021-09-30 09:17:03,14100.0,100.0,51300.0
1194,2021-09-30 09:17:03,14100.0,700.0,51200.0
1195,2021-09-30 09:16:50,14100.0,1000.0,50500.0
1196,2021-09-30 09:16:48,14100.0,1300.0,49500.0
1197,2021-09-30 09:16:48,14100.0,2300.0,48200.0
1198,2021-09-30 09:16:46,14100.0,100.0,45900.0
1199,2021-09-30 09:16:46,14100.0,100.0,45800.0
1200,2021-09-30 09:16:45,14100.0,500.0,45700.0
1201,2021-09-30 09:15:59,14100.0,100.0,45200.0
1202,2021-09-30 09:15:47,14100.0,1900.0,45100.0
1203,2021-09-30 09:15:47,14100.0,100.0,43200.0
1204,2021-09-30 09:15:47,14100.0,2000.0,43100.0
1205,2021-09-30 09:15:00,14000.0,500.0,41100.0
1206,2021-09-30 09:15:00,14000.0,300.0,40600.0
1207,2021-09-30 09:15:00,14000.0,1000.0,40300.0
1208,2021-09-30 09:15:00,14000.0,500.0,39300.0
1209,2021-09-30 09:15:00,14000.0,100.0,38800.0
1210,2021-09-30 09:15:00,14000.0,1000.0,38700.0
1211,2021-09-30 09:15:00,14000.0,1000.0,37700.0
1212,2021-09-30 09:15:00,14000.0,1000.0,36700.0
1213,2021-09-30 09:15:00,14000.0,200.0,35700.0
1214,2021-09-30 09:15:00,14000.0,800.0,35500.0
1215,2021-09-30 09:15:00,14000.0,200.0,34700.0
1216,2021-09-30 09:15:00,14000.0,100.0,34500.0
1217,2021-09-30 09:15:00,14000.0,900.0,34400.0
1218,2021-09-30 09:15:00,14000.0,1100.0,33500.0
1219,2021-09-30 09:15:00,14000.0,900.0,32400.0
1220,2021-09-30 09:15:00,14000.0,100.0,31500.0
1221,2021-09-30 09:15:00,14000.0,200.0,31400.0
1222,2021-09-30 09:15:00,14000.0,800.0,31200.0
1223,2021-09-30 09:15:00,14000.0,2000.0,30400.0
1224,2021-09-30 09:15:00,14000.0,5000.0,28400.0
1225,2021-09-30 09:15:00,14000.0,3000.0,23400.0
1226,2021-09-30 09:15:00,14000.0,1000.0,20400.0
1227,2021-09-30 09:15:00,14000.0,1000.0,19400.0
1228,2021-09-30 09:15:00,14000.0,200.0,18400.0
1229,2021-09-30 09:15:00,14000.0,500.0,18200.0
1230,2021-09-30 09:15:00,14000.0,100.0,17700.0
1231,2021-09-30 09:15:00,14000.0,5000.0,17600.0
1232,2021-09-30 09:15:00,14000.0,10000.0,12600.0
1233,2021-09-30 09:15:00,14000.0,200.0,2600.0
1234,2021-09-30 09:15:00,14000.0,100.0,2400.0
1235,2021-09-30 09:15:00,14000.0,1100.0,2300.0
1236,2021-09-30 09:15:00,14000.0,200.0,1200.0
1237,2021-09-30 09:15:00,14000.0,500.0,1000.0
1238,2021-09-30 09:15:00,14000.0,100.0,500.0
1239,2021-09-30 09:15:00,14000.0,100.0,400.0
1240,2021-09-30 09:15:00,14000.0,100.0,300.0
1241,2021-09-30 09:15:00,14000.0,100.0,200.0
1242,2021-09-30 09:15:00,14000.0,100.0,100.0
