,Time,Price,Volume_per_trade,Volume
0,2021-10-06 07:45:01,50300.0,1000.0,8579800.0
1,2021-10-06 07:45:01,50300.0,100.0,8578800.0
2,2021-10-06 07:45:01,50300.0,200.0,8578700.0
3,2021-10-06 07:45:01,50300.0,100.0,8578500.0
4,2021-10-06 07:45:01,50300.0,3000.0,8578400.0
5,2021-10-06 07:45:01,50300.0,1000.0,8575400.0
6,2021-10-06 07:45:01,50300.0,1000.0,8574400.0
7,2021-10-06 07:45:01,50300.0,1000.0,8573400.0
8,2021-10-06 07:45:01,50300.0,300.0,8572400.0
9,2021-10-06 07:45:01,50300.0,600.0,8572100.0
10,2021-10-06 07:45:01,50300.0,3000.0,8571500.0
11,2021-10-06 07:45:01,50300.0,300.0,8568500.0
12,2021-10-06 07:45:01,50300.0,100.0,8568200.0
13,2021-10-06 07:45:01,50300.0,100.0,8568100.0
14,2021-10-06 07:45:01,50300.0,1000.0,8568000.0
15,2021-10-06 07:45:01,50300.0,100.0,8567000.0
16,2021-10-06 07:45:01,50300.0,200.0,8566900.0
17,2021-10-06 07:45:01,50300.0,500.0,8566700.0
18,2021-10-06 07:45:01,50300.0,100.0,8566200.0
19,2021-10-06 07:45:01,50300.0,100.0,8566100.0
20,2021-10-06 07:45:01,50300.0,500.0,8566000.0
21,2021-10-06 07:45:01,50300.0,100.0,8565500.0
22,2021-10-06 07:45:01,50300.0,100.0,8565400.0
23,2021-10-06 07:45:01,50300.0,2000.0,8565300.0
24,2021-10-06 07:45:01,50300.0,400.0,8563300.0
25,2021-10-06 07:45:01,50300.0,500.0,8562900.0
26,2021-10-06 07:45:01,50300.0,100.0,8562400.0
27,2021-10-06 07:45:01,50300.0,100.0,8562300.0
28,2021-10-06 07:45:01,50300.0,100.0,8562200.0
29,2021-10-06 07:45:01,50300.0,4000.0,8562100.0
30,2021-10-06 07:45:01,50300.0,100.0,8558100.0
31,2021-10-06 07:45:01,50300.0,500.0,8558000.0
32,2021-10-06 07:45:01,50300.0,100.0,8557500.0
33,2021-10-06 07:45:01,50300.0,100.0,8557400.0
34,2021-10-06 07:45:01,50300.0,500.0,8557300.0
35,2021-10-06 07:45:01,50300.0,100.0,8556800.0
36,2021-10-06 07:45:01,50300.0,100.0,8556700.0
37,2021-10-06 07:45:01,50300.0,300.0,8556600.0
38,2021-10-06 07:45:01,50300.0,1000.0,8556300.0
39,2021-10-06 07:45:01,50300.0,100.0,8555300.0
40,2021-10-06 07:45:01,50300.0,1000.0,8555200.0
41,2021-10-06 07:45:01,50300.0,1000.0,8554200.0
42,2021-10-06 07:45:01,50300.0,300.0,8553200.0
43,2021-10-06 07:45:01,50300.0,100.0,8552900.0
44,2021-10-06 07:45:01,50300.0,100.0,8552800.0
45,2021-10-06 07:45:01,50300.0,1000.0,8552700.0
46,2021-10-06 07:45:01,50300.0,200.0,8551700.0
47,2021-10-06 07:45:01,50300.0,1000.0,8551500.0
48,2021-10-06 07:45:01,50300.0,1000.0,8550500.0
49,2021-10-06 07:45:01,50300.0,1100.0,8549500.0
50,2021-10-06 07:45:01,50300.0,1900.0,8548400.0
51,2021-10-06 07:45:01,50300.0,1400.0,8546500.0
52,2021-10-06 07:45:01,50300.0,300.0,8545100.0
53,2021-10-06 07:45:01,50300.0,1000.0,8544800.0
54,2021-10-06 07:45:01,50300.0,300.0,8543800.0
55,2021-10-06 07:45:01,50300.0,1000.0,8543500.0
56,2021-10-06 07:45:01,50300.0,100.0,8542500.0
57,2021-10-06 07:45:01,50300.0,1000.0,8542400.0
58,2021-10-06 07:45:01,50300.0,100.0,8541400.0
59,2021-10-06 07:45:01,50300.0,100.0,8541300.0
60,2021-10-06 07:45:01,50300.0,300.0,8541200.0
61,2021-10-06 07:45:01,50300.0,200.0,8540900.0
62,2021-10-06 07:45:01,50300.0,400.0,8540700.0
63,2021-10-06 07:45:01,50300.0,100.0,8540300.0
64,2021-10-06 07:45:01,50300.0,200.0,8540200.0
65,2021-10-06 07:45:01,50300.0,600.0,8540000.0
66,2021-10-06 07:45:01,50300.0,400.0,8539400.0
67,2021-10-06 07:45:01,50300.0,100.0,8539000.0
68,2021-10-06 07:45:01,50300.0,100.0,8538900.0
69,2021-10-06 07:45:01,50300.0,200.0,8538800.0
70,2021-10-06 07:45:01,50300.0,100.0,8538600.0
71,2021-10-06 07:45:01,50300.0,100.0,8538500.0
72,2021-10-06 07:45:01,50300.0,1000.0,8538400.0
73,2021-10-06 07:45:01,50300.0,4000.0,8537400.0
74,2021-10-06 07:45:01,50300.0,6000.0,8533400.0
75,2021-10-06 07:45:01,50300.0,500.0,8527400.0
76,2021-10-06 07:45:01,50300.0,300.0,8526900.0
77,2021-10-06 07:45:01,50300.0,1000.0,8526600.0
78,2021-10-06 07:45:01,50300.0,100.0,8525600.0
79,2021-10-06 07:45:01,50300.0,100.0,8525500.0
80,2021-10-06 07:45:01,50300.0,2000.0,8525400.0
81,2021-10-06 07:45:01,50300.0,3000.0,8523400.0
82,2021-10-06 07:45:01,50300.0,1000.0,8520400.0
83,2021-10-06 07:45:01,50300.0,400.0,8519400.0
84,2021-10-06 07:45:01,50300.0,100.0,8519000.0
85,2021-10-06 07:45:01,50300.0,5500.0,8518900.0
86,2021-10-06 07:45:01,50300.0,500.0,8513400.0
87,2021-10-06 07:45:01,50300.0,9000.0,8512900.0
88,2021-10-06 07:45:01,50300.0,100.0,8503900.0
89,2021-10-06 07:45:01,50300.0,100.0,8503800.0
90,2021-10-06 07:45:01,50300.0,100.0,8503700.0
91,2021-10-06 07:45:01,50300.0,700.0,8503600.0
92,2021-10-06 07:45:01,50300.0,500.0,8502900.0
93,2021-10-06 07:45:01,50300.0,5000.0,8502400.0
94,2021-10-06 07:45:01,50300.0,3800.0,8497400.0
95,2021-10-06 07:45:01,50300.0,200.0,8493600.0
96,2021-10-06 07:45:01,50300.0,500.0,8493400.0
97,2021-10-06 07:45:01,50300.0,200.0,8492900.0
98,2021-10-06 07:45:01,50300.0,100.0,8492700.0
99,2021-10-06 07:45:01,50300.0,100.0,8492600.0
100,2021-10-06 07:45:01,50300.0,5000.0,8492500.0
101,2021-10-06 07:45:01,50300.0,200.0,8487500.0
102,2021-10-06 07:45:01,50300.0,600.0,8487300.0
103,2021-10-06 07:45:01,50300.0,100.0,8486700.0
104,2021-10-06 07:45:01,50300.0,100.0,8486600.0
105,2021-10-06 07:45:01,50300.0,200.0,8486500.0
106,2021-10-06 07:45:01,50300.0,100.0,8486300.0
107,2021-10-06 07:45:01,50300.0,500.0,8486200.0
108,2021-10-06 07:45:01,50300.0,2000.0,8485700.0
109,2021-10-06 07:45:01,50300.0,5500.0,8483700.0
110,2021-10-06 07:45:01,50300.0,200.0,8478200.0
111,2021-10-06 07:45:01,50300.0,100.0,8478000.0
112,2021-10-06 07:45:01,50300.0,500.0,8477900.0
113,2021-10-06 07:45:01,50300.0,200.0,8477400.0
114,2021-10-06 07:45:01,50300.0,500.0,8477200.0
115,2021-10-06 07:45:01,50300.0,2800.0,8476700.0
116,2021-10-06 07:45:01,50300.0,1000.0,8473900.0
117,2021-10-06 07:45:01,50300.0,100.0,8472900.0
118,2021-10-06 07:45:01,50300.0,5000.0,8472800.0
119,2021-10-06 07:45:01,50300.0,25000.0,8467800.0
120,2021-10-06 07:45:01,50300.0,200.0,8442800.0
121,2021-10-06 07:45:01,50300.0,300.0,8442600.0
122,2021-10-06 07:45:01,50300.0,100.0,8442300.0
123,2021-10-06 07:45:01,50300.0,1500.0,8442200.0
124,2021-10-06 07:45:01,50300.0,100.0,8440700.0
125,2021-10-06 07:45:01,50300.0,500.0,8440600.0
126,2021-10-06 07:45:01,50300.0,1000.0,8440100.0
127,2021-10-06 07:45:01,50300.0,300.0,8439100.0
128,2021-10-06 07:45:01,50300.0,900.0,8438800.0
129,2021-10-06 07:45:01,50300.0,100.0,8437900.0
130,2021-10-06 07:45:01,50300.0,300.0,8437800.0
131,2021-10-06 07:45:01,50300.0,100.0,8437500.0
132,2021-10-06 07:45:01,50300.0,900.0,8437400.0
133,2021-10-06 07:45:01,50300.0,1000.0,8436500.0
134,2021-10-06 07:45:01,50300.0,100.0,8435500.0
135,2021-10-06 07:45:01,50300.0,1000.0,8435400.0
136,2021-10-06 07:45:01,50300.0,200.0,8434400.0
137,2021-10-06 07:45:01,50300.0,300.0,8434200.0
138,2021-10-06 07:45:01,50300.0,10000.0,8433900.0
139,2021-10-06 07:45:01,50300.0,100.0,8423900.0
140,2021-10-06 07:45:01,50300.0,100.0,8423800.0
141,2021-10-06 07:45:01,50300.0,100.0,8423700.0
142,2021-10-06 07:45:01,50300.0,100.0,8423600.0
143,2021-10-06 07:45:01,50300.0,200.0,8423500.0
144,2021-10-06 07:45:01,50300.0,1000.0,8423300.0
145,2021-10-06 07:45:01,50300.0,500.0,8422300.0
146,2021-10-06 07:45:01,50300.0,1000.0,8421800.0
147,2021-10-06 07:45:01,50300.0,100.0,8420800.0
148,2021-10-06 07:45:01,50300.0,1000.0,8420700.0
149,2021-10-06 07:45:01,50300.0,100.0,8419700.0
150,2021-10-06 07:45:01,50300.0,200.0,8419600.0
151,2021-10-06 07:45:01,50300.0,500.0,8419400.0
152,2021-10-06 07:45:01,50300.0,100.0,8418900.0
153,2021-10-06 07:45:01,50300.0,11400.0,8418800.0
154,2021-10-06 07:45:01,50300.0,100.0,8407400.0
155,2021-10-06 07:45:01,50300.0,100.0,8407300.0
156,2021-10-06 07:45:01,50300.0,1000.0,8407200.0
157,2021-10-06 07:45:01,50300.0,5000.0,8406200.0
158,2021-10-06 07:45:01,50300.0,2000.0,8401200.0
159,2021-10-06 07:45:01,50300.0,500.0,8399200.0
160,2021-10-06 07:45:01,50300.0,500.0,8398700.0
161,2021-10-06 07:45:01,50300.0,2000.0,8398200.0
162,2021-10-06 07:45:01,50300.0,500.0,8396200.0
163,2021-10-06 07:45:01,50300.0,5000.0,8395700.0
164,2021-10-06 07:45:01,50300.0,5000.0,8390700.0
165,2021-10-06 07:45:01,50300.0,1000.0,8385700.0
166,2021-10-06 07:45:01,50300.0,5000.0,8384700.0
167,2021-10-06 07:45:01,50300.0,3200.0,8379700.0
168,2021-10-06 07:45:01,50300.0,4000.0,8376500.0
169,2021-10-06 07:45:01,50300.0,2000.0,8372500.0
170,2021-10-06 07:45:01,50300.0,2000.0,8370500.0
171,2021-10-06 07:45:01,50300.0,100.0,8368500.0
172,2021-10-06 07:45:01,50300.0,200.0,8368400.0
173,2021-10-06 07:45:01,50300.0,2000.0,8368200.0
174,2021-10-06 07:45:01,50300.0,100.0,8366200.0
175,2021-10-06 07:45:01,50300.0,2000.0,8366100.0
176,2021-10-06 07:45:01,50300.0,4400.0,8364100.0
177,2021-10-06 07:45:01,50300.0,500.0,8359700.0
178,2021-10-06 07:45:01,50300.0,2000.0,8359200.0
179,2021-10-06 07:45:01,50300.0,100.0,8357200.0
180,2021-10-06 07:45:01,50300.0,1000.0,8357100.0
181,2021-10-06 07:45:01,50300.0,200.0,8356100.0
182,2021-10-06 07:45:01,50300.0,1900.0,8355900.0
183,2021-10-06 07:45:01,50300.0,1800.0,8354000.0
184,2021-10-06 07:45:01,50300.0,500.0,8352200.0
185,2021-10-06 07:45:01,50300.0,700.0,8351700.0
186,2021-10-06 07:45:01,50300.0,1000.0,8351000.0
187,2021-10-06 07:45:01,50300.0,300.0,8350000.0
188,2021-10-06 07:45:01,50300.0,700.0,8349700.0
189,2021-10-06 07:45:01,50300.0,100.0,8349000.0
190,2021-10-06 07:45:01,50300.0,100.0,8348900.0
191,2021-10-06 07:45:01,50300.0,1000.0,8348800.0
192,2021-10-06 07:45:01,50300.0,300.0,8347800.0
193,2021-10-06 07:45:01,50300.0,300.0,8347500.0
194,2021-10-06 07:45:01,50300.0,200.0,8347200.0
195,2021-10-06 07:45:01,50300.0,100.0,8347000.0
196,2021-10-06 07:45:01,50300.0,200.0,8346900.0
197,2021-10-06 07:45:01,50300.0,2000.0,8346700.0
198,2021-10-06 07:45:01,50300.0,1800.0,8344700.0
199,2021-10-06 07:45:01,50300.0,200.0,8342900.0
200,2021-10-06 07:45:01,50300.0,1000.0,8342700.0
201,2021-10-06 07:45:01,50300.0,200.0,8341700.0
202,2021-10-06 07:45:01,50300.0,300.0,8341500.0
203,2021-10-06 07:45:01,50300.0,100.0,8341200.0
204,2021-10-06 07:45:01,50300.0,500.0,8341100.0
205,2021-10-06 07:45:01,50300.0,500.0,8340600.0
206,2021-10-06 07:45:01,50300.0,4000.0,8340100.0
207,2021-10-06 07:45:01,50300.0,2000.0,8336100.0
208,2021-10-06 07:45:01,50300.0,300.0,8334100.0
209,2021-10-06 07:45:01,50300.0,100.0,8333800.0
210,2021-10-06 07:45:01,50300.0,300.0,8333700.0
211,2021-10-06 07:45:01,50300.0,200.0,8333400.0
212,2021-10-06 07:45:01,50300.0,300.0,8333200.0
213,2021-10-06 07:45:01,50300.0,100.0,8332900.0
214,2021-10-06 07:45:01,50300.0,100.0,8332800.0
215,2021-10-06 07:45:01,50300.0,300.0,8332700.0
216,2021-10-06 07:45:01,50300.0,100.0,8332400.0
217,2021-10-06 07:45:01,50300.0,1000.0,8332300.0
218,2021-10-06 07:45:01,50300.0,700.0,8331300.0
219,2021-10-06 07:45:01,50300.0,1000.0,8330600.0
220,2021-10-06 07:45:01,50300.0,100.0,8329600.0
221,2021-10-06 07:45:01,50300.0,300.0,8329500.0
222,2021-10-06 07:45:01,50300.0,100.0,8329200.0
223,2021-10-06 07:45:01,50300.0,100.0,8329100.0
224,2021-10-06 07:45:01,50300.0,500.0,8329000.0
225,2021-10-06 07:45:01,50300.0,300.0,8328500.0
226,2021-10-06 07:45:01,50300.0,800.0,8328200.0
227,2021-10-06 07:45:01,50300.0,200.0,8327400.0
228,2021-10-06 07:45:01,50300.0,1000.0,8327200.0
229,2021-10-06 07:45:01,50300.0,100.0,8326200.0
230,2021-10-06 07:45:01,50300.0,100.0,8326100.0
231,2021-10-06 07:45:01,50300.0,100.0,8326000.0
232,2021-10-06 07:45:01,50300.0,100.0,8325900.0
233,2021-10-06 07:45:01,50300.0,300.0,8325800.0
234,2021-10-06 07:45:01,50300.0,100.0,8325500.0
235,2021-10-06 07:45:01,50300.0,100.0,8325400.0
236,2021-10-06 07:45:01,50300.0,1000.0,8325300.0
237,2021-10-06 07:45:01,50300.0,3900.0,8324300.0
238,2021-10-06 07:45:01,50300.0,200.0,8320400.0
239,2021-10-06 07:45:01,50300.0,100.0,8320200.0
240,2021-10-06 07:45:01,50300.0,800.0,8320100.0
241,2021-10-06 07:45:01,50300.0,100.0,8319300.0
242,2021-10-06 07:45:01,50300.0,1100.0,8319200.0
243,2021-10-06 07:45:01,50300.0,1400.0,8318100.0
244,2021-10-06 07:45:01,50300.0,100.0,8316700.0
245,2021-10-06 07:45:01,50300.0,200.0,8316600.0
246,2021-10-06 07:45:01,50300.0,100.0,8316400.0
247,2021-10-06 07:45:01,50300.0,200.0,8316300.0
248,2021-10-06 07:45:01,50300.0,300.0,8316100.0
249,2021-10-06 07:45:01,50300.0,1000.0,8315800.0
250,2021-10-06 07:45:01,50300.0,500.0,8314800.0
251,2021-10-06 07:45:01,50300.0,900.0,8314300.0
252,2021-10-06 07:45:01,50300.0,500.0,8313400.0
253,2021-10-06 07:45:01,50300.0,100.0,8312900.0
254,2021-10-06 07:45:01,50300.0,100.0,8312800.0
255,2021-10-06 07:45:01,50300.0,500.0,8312700.0
256,2021-10-06 07:45:01,50300.0,1000.0,8312200.0
257,2021-10-06 07:45:01,50300.0,300.0,8311200.0
258,2021-10-06 07:45:01,50300.0,500.0,8310900.0
259,2021-10-06 07:45:01,50300.0,2000.0,8310400.0
260,2021-10-06 07:45:01,50300.0,300.0,8308400.0
261,2021-10-06 07:45:01,50300.0,500.0,8308100.0
262,2021-10-06 07:45:01,50300.0,100.0,8307600.0
263,2021-10-06 07:45:01,50300.0,1400.0,8307500.0
264,2021-10-06 07:45:01,50300.0,1600.0,8306100.0
265,2021-10-06 07:45:01,50300.0,500.0,8304500.0
266,2021-10-06 07:45:01,50300.0,500.0,8304000.0
267,2021-10-06 07:45:01,50300.0,1000.0,8303500.0
268,2021-10-06 07:45:01,50300.0,500.0,8302500.0
269,2021-10-06 07:45:01,50300.0,100.0,8302000.0
270,2021-10-06 07:45:01,50300.0,500.0,8301900.0
271,2021-10-06 07:45:01,50300.0,300.0,8301400.0
272,2021-10-06 07:45:01,50300.0,1000.0,8301100.0
273,2021-10-06 07:45:01,50300.0,400.0,8300100.0
274,2021-10-06 07:45:01,50300.0,300.0,8299700.0
275,2021-10-06 07:45:01,50300.0,100.0,8299400.0
276,2021-10-06 07:45:01,50300.0,100.0,8299300.0
277,2021-10-06 07:45:01,50300.0,200.0,8299200.0
278,2021-10-06 07:45:01,50300.0,2800.0,8299000.0
279,2021-10-06 07:45:01,50300.0,300.0,8296200.0
280,2021-10-06 07:45:01,50300.0,300.0,8295900.0
281,2021-10-06 07:45:01,50300.0,900.0,8295600.0
282,2021-10-06 07:45:01,50300.0,100.0,8294700.0
283,2021-10-06 07:45:01,50300.0,100.0,8294600.0
284,2021-10-06 07:45:01,50300.0,100.0,8294500.0
285,2021-10-06 07:45:01,50300.0,100.0,8294400.0
286,2021-10-06 07:45:01,50300.0,600.0,8294300.0
287,2021-10-06 07:45:01,50300.0,400.0,8293700.0
288,2021-10-06 07:45:01,50300.0,100.0,8293300.0
289,2021-10-06 07:45:01,50300.0,100.0,8293200.0
290,2021-10-06 07:45:01,50300.0,100.0,8293100.0
291,2021-10-06 07:45:01,50300.0,100.0,8293000.0
292,2021-10-06 07:45:01,50300.0,300.0,8292900.0
293,2021-10-06 07:45:01,50300.0,100.0,8292600.0
294,2021-10-06 07:45:01,50300.0,1000.0,8292500.0
295,2021-10-06 07:45:01,50300.0,200.0,8291500.0
296,2021-10-06 07:45:01,50300.0,2000.0,8291300.0
297,2021-10-06 07:45:01,50300.0,600.0,8289300.0
298,2021-10-06 07:45:01,50300.0,1000.0,8288700.0
299,2021-10-06 07:45:01,50300.0,1400.0,8287700.0
300,2021-10-06 07:45:01,50300.0,200.0,8286300.0
301,2021-10-06 07:45:01,50300.0,400.0,8286100.0
302,2021-10-06 07:45:01,50300.0,300.0,8285700.0
303,2021-10-06 07:45:01,50300.0,200.0,8285400.0
304,2021-10-06 07:45:01,50300.0,3000.0,8285200.0
305,2021-10-06 07:45:01,50300.0,500.0,8282200.0
306,2021-10-06 07:45:01,50300.0,900.0,8281700.0
307,2021-10-06 07:45:01,50300.0,200.0,8280800.0
308,2021-10-06 07:45:01,50300.0,800.0,8280600.0
309,2021-10-06 07:45:01,50300.0,1000.0,8279800.0
310,2021-10-06 07:45:01,50300.0,100.0,8278800.0
311,2021-10-06 07:45:01,50300.0,200.0,8278700.0
312,2021-10-06 07:45:01,50300.0,100.0,8278500.0
313,2021-10-06 07:45:01,50300.0,100.0,8278400.0
314,2021-10-06 07:45:01,50300.0,10000.0,8278300.0
315,2021-10-06 07:45:01,50300.0,1000.0,8268300.0
316,2021-10-06 07:45:01,50300.0,100.0,8267300.0
317,2021-10-06 07:45:01,50300.0,100.0,8267200.0
318,2021-10-06 07:45:01,50300.0,400.0,8267100.0
319,2021-10-06 07:45:01,50300.0,200.0,8266700.0
320,2021-10-06 07:45:01,50300.0,700.0,8266500.0
321,2021-10-06 07:45:01,50300.0,1500.0,8265800.0
322,2021-10-06 07:45:01,50300.0,200.0,8264300.0
323,2021-10-06 07:45:01,50300.0,1000.0,8264100.0
324,2021-10-06 07:45:01,50300.0,200.0,8263100.0
325,2021-10-06 07:45:01,50300.0,200.0,8262900.0
326,2021-10-06 07:45:01,50300.0,500.0,8262700.0
327,2021-10-06 07:45:01,50300.0,500.0,8262200.0
328,2021-10-06 07:45:01,50300.0,500.0,8261700.0
329,2021-10-06 07:45:01,50300.0,100.0,8261200.0
330,2021-10-06 07:45:01,50300.0,1000.0,8261100.0
331,2021-10-06 07:45:01,50300.0,100.0,8260100.0
332,2021-10-06 07:45:01,50300.0,500.0,8260000.0
333,2021-10-06 07:45:01,50300.0,600.0,8259500.0
334,2021-10-06 07:45:01,50300.0,400.0,8258900.0
335,2021-10-06 07:45:01,50300.0,500.0,8258500.0
336,2021-10-06 07:45:01,50300.0,500.0,8258000.0
337,2021-10-06 07:45:01,50300.0,100.0,8257500.0
338,2021-10-06 07:45:01,50300.0,100.0,8257400.0
339,2021-10-06 07:45:01,50300.0,100.0,8257300.0
340,2021-10-06 07:45:01,50300.0,200.0,8257200.0
341,2021-10-06 07:45:01,50300.0,200.0,8257000.0
342,2021-10-06 07:45:01,50300.0,500.0,8256800.0
343,2021-10-06 07:45:01,50300.0,100.0,8256300.0
344,2021-10-06 07:45:01,50300.0,100.0,8256200.0
345,2021-10-06 07:45:01,50300.0,100.0,8256100.0
346,2021-10-06 07:45:01,50300.0,1000.0,8256000.0
347,2021-10-06 07:45:01,50300.0,200.0,8255000.0
348,2021-10-06 07:45:01,50300.0,1000.0,8254800.0
349,2021-10-06 07:45:01,50300.0,200.0,8253800.0
350,2021-10-06 07:45:01,50300.0,200.0,8253600.0
351,2021-10-06 07:45:01,50300.0,1000.0,8253400.0
352,2021-10-06 07:45:01,50300.0,100.0,8252400.0
353,2021-10-06 07:45:01,50300.0,300.0,8252300.0
354,2021-10-06 07:45:01,50300.0,100.0,8252000.0
355,2021-10-06 07:45:01,50300.0,54200.0,8251900.0
356,2021-10-06 07:45:01,50300.0,500.0,8197700.0
357,2021-10-06 07:45:01,50300.0,1000.0,8197200.0
358,2021-10-06 07:45:01,50300.0,200.0,8196200.0
359,2021-10-06 07:45:01,50300.0,10000.0,8196000.0
360,2021-10-06 07:45:01,50300.0,10000.0,8186000.0
361,2021-10-06 07:45:01,50300.0,10000.0,8176000.0
362,2021-10-06 07:45:01,50300.0,10000.0,8166000.0
363,2021-10-06 07:45:01,50300.0,10000.0,8156000.0
364,2021-10-06 07:45:01,50300.0,1000.0,8146000.0
365,2021-10-06 07:45:01,50300.0,200.0,8145000.0
366,2021-10-06 07:45:01,50300.0,500.0,8144800.0
367,2021-10-06 07:45:01,50300.0,100.0,8144300.0
368,2021-10-06 07:45:01,50300.0,200.0,8144200.0
369,2021-10-06 07:45:01,50300.0,6600.0,8144000.0
370,2021-10-06 07:45:01,50300.0,100.0,8137400.0
371,2021-10-06 07:45:01,50300.0,100.0,8137300.0
372,2021-10-06 07:45:01,50300.0,300.0,8137200.0
373,2021-10-06 07:45:01,50300.0,200.0,8136900.0
374,2021-10-06 07:45:01,50300.0,100.0,8136700.0
375,2021-10-06 07:45:01,50300.0,200.0,8136600.0
376,2021-10-06 07:45:01,50300.0,500.0,8136400.0
377,2021-10-06 07:45:01,50300.0,2000.0,8135900.0
378,2021-10-06 07:45:01,50300.0,200.0,8133900.0
379,2021-10-06 07:45:01,50300.0,1000.0,8133700.0
380,2021-10-06 07:45:01,50300.0,100.0,8132700.0
381,2021-10-06 07:45:01,50300.0,500.0,8132600.0
382,2021-10-06 07:45:01,50300.0,500.0,8132100.0
383,2021-10-06 07:45:01,50300.0,300.0,8131600.0
384,2021-10-06 07:45:01,50300.0,4900.0,8131300.0
385,2021-10-06 07:45:01,50300.0,100.0,8126400.0
386,2021-10-06 07:45:01,50300.0,5000.0,8126300.0
387,2021-10-06 07:45:01,50300.0,5000.0,8121300.0
388,2021-10-06 07:45:01,50300.0,400.0,8116300.0
389,2021-10-06 07:45:01,50300.0,3000.0,8115900.0
390,2021-10-06 07:45:01,50300.0,1000.0,8112900.0
391,2021-10-06 07:45:01,50300.0,500.0,8111900.0
392,2021-10-06 07:45:01,50300.0,100.0,8111400.0
393,2021-10-06 07:45:01,50300.0,100.0,8111300.0
394,2021-10-06 07:45:01,50300.0,200.0,8111200.0
395,2021-10-06 07:45:01,50300.0,3000.0,8111000.0
396,2021-10-06 07:45:01,50300.0,500.0,8108000.0
397,2021-10-06 07:45:01,50300.0,100.0,8107500.0
398,2021-10-06 07:45:01,50300.0,100.0,8107400.0
399,2021-10-06 07:45:01,50300.0,100.0,8107300.0
400,2021-10-06 07:45:01,50300.0,1000.0,8107200.0
401,2021-10-06 07:45:01,50300.0,300.0,8106200.0
402,2021-10-06 07:45:01,50300.0,1000.0,8105900.0
403,2021-10-06 07:45:01,50300.0,3700.0,8104900.0
404,2021-10-06 07:45:01,50300.0,500.0,8101200.0
405,2021-10-06 07:45:01,50300.0,100.0,8100700.0
406,2021-10-06 07:45:01,50300.0,200.0,8100600.0
407,2021-10-06 07:45:01,50300.0,100.0,8100400.0
408,2021-10-06 07:45:01,50300.0,200.0,8100300.0
409,2021-10-06 07:45:01,50300.0,1000.0,8100100.0
410,2021-10-06 07:45:01,50300.0,200.0,8099100.0
411,2021-10-06 07:45:01,50300.0,100.0,8098900.0
412,2021-10-06 07:45:01,50300.0,200.0,8098800.0
413,2021-10-06 07:45:01,50300.0,500.0,8098600.0
414,2021-10-06 07:45:01,50300.0,100.0,8098100.0
415,2021-10-06 07:45:01,50300.0,500.0,8098000.0
416,2021-10-06 07:45:01,50300.0,100.0,8097500.0
417,2021-10-06 07:45:01,50300.0,1500.0,8097400.0
418,2021-10-06 07:45:01,50300.0,100.0,8095900.0
419,2021-10-06 07:45:01,50300.0,4600.0,8095800.0
420,2021-10-06 07:45:01,50300.0,500.0,8091200.0
421,2021-10-06 07:45:01,50300.0,2900.0,8090700.0
422,2021-10-06 07:45:01,50300.0,500.0,8087800.0
423,2021-10-06 07:45:01,50300.0,100.0,8087300.0
424,2021-10-06 07:45:01,50300.0,100.0,8087200.0
425,2021-10-06 07:45:01,50300.0,500.0,8087100.0
426,2021-10-06 07:45:01,50300.0,100.0,8086600.0
427,2021-10-06 07:45:01,50300.0,2000.0,8086500.0
428,2021-10-06 07:45:01,50300.0,500.0,8084500.0
429,2021-10-06 07:45:01,50300.0,200.0,8084000.0
430,2021-10-06 07:45:01,50300.0,300.0,8083800.0
431,2021-10-06 07:45:01,50300.0,100.0,8083500.0
432,2021-10-06 07:45:01,50300.0,500.0,8083400.0
433,2021-10-06 07:45:01,50300.0,100.0,8082900.0
434,2021-10-06 07:45:01,50300.0,200.0,8082800.0
435,2021-10-06 07:45:01,50300.0,1900.0,8082600.0
436,2021-10-06 07:45:01,50300.0,100.0,8080700.0
437,2021-10-06 07:45:01,50300.0,100.0,8080600.0
438,2021-10-06 07:45:01,50300.0,300.0,8080500.0
439,2021-10-06 07:45:01,50300.0,1500.0,8080200.0
440,2021-10-06 07:45:01,50300.0,1000.0,8078700.0
441,2021-10-06 07:45:01,50300.0,200.0,8077700.0
442,2021-10-06 07:30:00,50000.0,200.0,8077500.0
443,2021-10-06 07:29:55,50100.0,400.0,8077300.0
444,2021-10-06 07:29:44,50100.0,15000.0,8076900.0
445,2021-10-06 07:29:41,50000.0,14600.0,8061900.0
446,2021-10-06 07:29:41,50000.0,5400.0,8047300.0
447,2021-10-06 07:29:41,50000.0,11000.0,8041900.0
448,2021-10-06 07:29:36,50100.0,1500.0,8030900.0
449,2021-10-06 07:29:33,50000.0,100.0,8029400.0
450,2021-10-06 07:29:29,50100.0,500.0,8029300.0
451,2021-10-06 07:29:29,50100.0,100.0,8028800.0
452,2021-10-06 07:29:28,50100.0,100.0,8028700.0
453,2021-10-06 07:29:25,50100.0,1000.0,8028600.0
454,2021-10-06 07:29:19,50100.0,100.0,8027600.0
455,2021-10-06 07:29:19,50100.0,900.0,8027500.0
456,2021-10-06 07:29:18,50100.0,100.0,8026600.0
457,2021-10-06 07:29:16,50000.0,500.0,8026500.0
458,2021-10-06 07:29:13,50000.0,1000.0,8026000.0
459,2021-10-06 07:29:11,50100.0,1400.0,8025000.0
460,2021-10-06 07:29:08,50000.0,5000.0,8023600.0
461,2021-10-06 07:29:08,50100.0,5000.0,8018600.0
462,2021-10-06 07:29:07,50100.0,1000.0,8013600.0
463,2021-10-06 07:29:06,50100.0,200.0,8012600.0
464,2021-10-06 07:29:05,50100.0,20000.0,8012400.0
465,2021-10-06 07:29:05,50000.0,500.0,7992400.0
466,2021-10-06 07:29:01,50100.0,25000.0,7991900.0
467,2021-10-06 07:28:59,50100.0,400.0,7966900.0
468,2021-10-06 07:28:55,50100.0,20000.0,7966500.0
469,2021-10-06 07:28:50,50000.0,1500.0,7946500.0
470,2021-10-06 07:28:33,50100.0,100.0,7945000.0
471,2021-10-06 07:28:33,50100.0,1700.0,7944900.0
472,2021-10-06 07:28:16,50100.0,1900.0,7943200.0
473,2021-10-06 07:28:16,50000.0,3000.0,7941300.0
474,2021-10-06 07:28:14,50100.0,2000.0,7938300.0
475,2021-10-06 07:28:12,50100.0,500.0,7936300.0
476,2021-10-06 07:28:07,50100.0,4000.0,7935800.0
477,2021-10-06 07:28:06,50000.0,8000.0,7931800.0
478,2021-10-06 07:28:03,50100.0,100.0,7923800.0
479,2021-10-06 07:27:58,50100.0,300.0,7923700.0
480,2021-10-06 07:27:50,50100.0,100.0,7923400.0
481,2021-10-06 07:27:41,50100.0,400.0,7923300.0
482,2021-10-06 07:27:40,50100.0,800.0,7922900.0
483,2021-10-06 07:27:39,50100.0,2000.0,7922100.0
484,2021-10-06 07:27:37,50100.0,500.0,7920100.0
485,2021-10-06 07:27:36,50100.0,200.0,7919600.0
486,2021-10-06 07:27:36,50100.0,100.0,7919400.0
487,2021-10-06 07:27:34,50100.0,600.0,7919300.0
488,2021-10-06 07:27:30,50100.0,1000.0,7918700.0
489,2021-10-06 07:27:29,50000.0,500.0,7917700.0
490,2021-10-06 07:27:28,50100.0,100.0,7917200.0
491,2021-10-06 07:27:26,50100.0,20000.0,7917100.0
492,2021-10-06 07:27:20,50100.0,3000.0,7897100.0
493,2021-10-06 07:27:13,50100.0,1000.0,7894100.0
494,2021-10-06 07:27:03,50100.0,2400.0,7893100.0
495,2021-10-06 07:26:50,50000.0,100.0,7890700.0
496,2021-10-06 07:26:32,50000.0,200.0,7890600.0
497,2021-10-06 07:26:29,50100.0,100.0,7890400.0
498,2021-10-06 07:26:28,50100.0,1100.0,7890300.0
499,2021-10-06 07:26:25,50100.0,3000.0,7889200.0
500,2021-10-06 07:26:25,50100.0,15000.0,7886200.0
501,2021-10-06 07:26:25,50100.0,1000.0,7871200.0
502,2021-10-06 07:26:25,50100.0,8000.0,7870200.0
503,2021-10-06 07:26:25,50100.0,200.0,7862200.0
504,2021-10-06 07:26:25,50100.0,5000.0,7862000.0
505,2021-10-06 07:26:25,50100.0,13600.0,7857000.0
506,2021-10-06 07:26:24,50100.0,1000.0,7843400.0
507,2021-10-06 07:26:21,50100.0,5000.0,7842400.0
508,2021-10-06 07:26:18,50200.0,200.0,7837400.0
509,2021-10-06 07:26:18,50200.0,400.0,7837200.0
510,2021-10-06 07:26:10,50100.0,200.0,7836800.0
511,2021-10-06 07:26:10,50200.0,100.0,7836600.0
512,2021-10-06 07:26:10,50200.0,100.0,7836500.0
513,2021-10-06 07:25:56,50100.0,200.0,7836400.0
514,2021-10-06 07:25:56,50100.0,100.0,7836200.0
515,2021-10-06 07:25:56,50100.0,200.0,7836100.0
516,2021-10-06 07:25:52,50100.0,300.0,7835900.0
517,2021-10-06 07:25:51,50100.0,100.0,7835600.0
518,2021-10-06 07:25:49,50100.0,2400.0,7835500.0
519,2021-10-06 07:25:49,50100.0,100.0,7833100.0
520,2021-10-06 07:25:49,50100.0,500.0,7833000.0
521,2021-10-06 07:25:45,50100.0,4500.0,7832500.0
522,2021-10-06 07:25:45,50100.0,500.0,7828000.0
523,2021-10-06 07:25:45,50100.0,100.0,7827500.0
524,2021-10-06 07:25:45,50100.0,500.0,7827400.0
525,2021-10-06 07:25:45,50100.0,100.0,7826900.0
526,2021-10-06 07:25:45,50100.0,2000.0,7826800.0
527,2021-10-06 07:25:45,50100.0,300.0,7824800.0
528,2021-10-06 07:25:42,50100.0,200.0,7824500.0
529,2021-10-06 07:25:42,50100.0,1400.0,7824300.0
530,2021-10-06 07:25:42,50200.0,200.0,7822900.0
531,2021-10-06 07:25:42,50200.0,100.0,7822700.0
532,2021-10-06 07:25:42,50200.0,200.0,7822600.0
533,2021-10-06 07:25:42,50200.0,1000.0,7822400.0
534,2021-10-06 07:25:42,50200.0,100.0,7821400.0
535,2021-10-06 07:25:42,50200.0,500.0,7821300.0
536,2021-10-06 07:25:42,50200.0,100.0,7820800.0
537,2021-10-06 07:25:42,50200.0,300.0,7820700.0
538,2021-10-06 07:25:42,50200.0,1000.0,7820400.0
539,2021-10-06 07:25:42,50200.0,4000.0,7819400.0
540,2021-10-06 07:25:42,50200.0,1000.0,7815400.0
541,2021-10-06 07:25:42,50200.0,2000.0,7814400.0
542,2021-10-06 07:25:42,50200.0,300.0,7812400.0
543,2021-10-06 07:25:42,50200.0,100.0,7812100.0
544,2021-10-06 07:25:42,50200.0,500.0,7812000.0
545,2021-10-06 07:25:42,50200.0,100.0,7811500.0
546,2021-10-06 07:25:42,50200.0,300.0,7811400.0
547,2021-10-06 07:25:42,50200.0,100.0,7811100.0
548,2021-10-06 07:25:42,50200.0,300.0,7811000.0
549,2021-10-06 07:25:42,50200.0,1000.0,7810700.0
550,2021-10-06 07:25:42,50200.0,200.0,7809700.0
551,2021-10-06 07:25:42,50200.0,5000.0,7809500.0
552,2021-10-06 07:25:42,50200.0,1000.0,7804500.0
553,2021-10-06 07:25:42,50200.0,100.0,7803500.0
554,2021-10-06 07:25:42,50200.0,100.0,7803400.0
555,2021-10-06 07:25:42,50200.0,1000.0,7803300.0
556,2021-10-06 07:25:42,50200.0,500.0,7802300.0
557,2021-10-06 07:25:42,50200.0,200.0,7801800.0
558,2021-10-06 07:25:42,50200.0,1000.0,7801600.0
559,2021-10-06 07:25:42,50200.0,2000.0,7800600.0
560,2021-10-06 07:25:42,50200.0,200.0,7798600.0
561,2021-10-06 07:25:42,50200.0,100.0,7798400.0
562,2021-10-06 07:25:42,50200.0,400.0,7798300.0
563,2021-10-06 07:25:36,50100.0,1000.0,7797900.0
564,2021-10-06 07:25:35,50100.0,2500.0,7796900.0
565,2021-10-06 07:25:35,50100.0,800.0,7794400.0
566,2021-10-06 07:25:35,50100.0,100.0,7793600.0
567,2021-10-06 07:25:35,50100.0,16600.0,7793500.0
568,2021-10-06 07:25:34,50100.0,100.0,7776900.0
569,2021-10-06 07:25:31,50100.0,400.0,7776800.0
570,2021-10-06 07:25:30,50100.0,11600.0,7776400.0
571,2021-10-06 07:25:30,50100.0,500.0,7764800.0
572,2021-10-06 07:25:30,50100.0,2000.0,7764300.0
573,2021-10-06 07:25:30,50100.0,1600.0,7762300.0
574,2021-10-06 07:25:30,50100.0,300.0,7760700.0
575,2021-10-06 07:25:30,50100.0,1000.0,7760400.0
576,2021-10-06 07:25:30,50100.0,900.0,7759400.0
577,2021-10-06 07:25:30,50100.0,500.0,7758500.0
578,2021-10-06 07:25:30,50100.0,100.0,7758000.0
579,2021-10-06 07:25:30,50100.0,100.0,7757900.0
580,2021-10-06 07:25:30,50100.0,1500.0,7757800.0
581,2021-10-06 07:25:30,50100.0,3200.0,7756300.0
582,2021-10-06 07:25:30,50100.0,200.0,7753100.0
583,2021-10-06 07:25:30,50100.0,2300.0,7752900.0
584,2021-10-06 07:25:28,50100.0,300.0,7750600.0
585,2021-10-06 07:25:24,50100.0,4800.0,7750300.0
586,2021-10-06 07:25:20,50100.0,4000.0,7745500.0
587,2021-10-06 07:25:12,50100.0,2000.0,7741500.0
588,2021-10-06 07:25:11,50200.0,100.0,7739500.0
589,2021-10-06 07:25:07,50100.0,1000.0,7739400.0
590,2021-10-06 07:24:57,50100.0,100.0,7738400.0
591,2021-10-06 07:24:48,50100.0,800.0,7738300.0
592,2021-10-06 07:24:46,50200.0,200.0,7737500.0
593,2021-10-06 07:24:46,50100.0,500.0,7737300.0
594,2021-10-06 07:24:28,50100.0,4200.0,7736800.0
595,2021-10-06 07:24:28,50100.0,1300.0,7732600.0
596,2021-10-06 07:24:28,50100.0,200.0,7731300.0
597,2021-10-06 07:24:28,50100.0,100.0,7731100.0
598,2021-10-06 07:24:28,50100.0,200.0,7731000.0
599,2021-10-06 07:24:28,50100.0,1000.0,7730800.0
600,2021-10-06 07:24:28,50100.0,1000.0,7729800.0
601,2021-10-06 07:24:13,50200.0,300.0,7728800.0
602,2021-10-06 07:24:13,50100.0,100.0,7728500.0
603,2021-10-06 07:24:12,50100.0,100.0,7728400.0
604,2021-10-06 07:24:12,50100.0,100.0,7728300.0
605,2021-10-06 07:24:03,50100.0,200.0,7728200.0
606,2021-10-06 07:24:03,50100.0,100.0,7728000.0
607,2021-10-06 07:24:01,50100.0,500.0,7727900.0
608,2021-10-06 07:23:56,50100.0,300.0,7727400.0
609,2021-10-06 07:23:54,50200.0,400.0,7727100.0
610,2021-10-06 07:23:50,50200.0,5000.0,7726700.0
611,2021-10-06 07:23:48,50100.0,300.0,7721700.0
612,2021-10-06 07:23:45,50100.0,200.0,7721400.0
613,2021-10-06 07:23:44,50100.0,1700.0,7721200.0
614,2021-10-06 07:23:44,50100.0,200.0,7719500.0
615,2021-10-06 07:23:44,50100.0,2000.0,7719300.0
616,2021-10-06 07:23:44,50100.0,6000.0,7717300.0
617,2021-10-06 07:23:44,50100.0,100.0,7711300.0
618,2021-10-06 07:23:43,50100.0,200.0,7711200.0
619,2021-10-06 07:23:43,50100.0,400.0,7711000.0
620,2021-10-06 07:23:39,50100.0,100.0,7710600.0
621,2021-10-06 07:23:28,50100.0,1500.0,7710500.0
622,2021-10-06 07:23:28,50100.0,500.0,7709000.0
623,2021-10-06 07:23:28,50100.0,30000.0,7708500.0
624,2021-10-06 07:23:28,50100.0,100.0,7678500.0
625,2021-10-06 07:23:28,50100.0,1000.0,7678400.0
626,2021-10-06 07:23:28,50100.0,500.0,7677400.0
627,2021-10-06 07:23:28,50100.0,500.0,7676900.0
628,2021-10-06 07:23:28,50100.0,300.0,7676400.0
629,2021-10-06 07:23:28,50100.0,8900.0,7676100.0
630,2021-10-06 07:23:27,50100.0,100.0,7667200.0
631,2021-10-06 07:23:24,50200.0,700.0,7667100.0
632,2021-10-06 07:23:24,50100.0,1000.0,7666400.0
633,2021-10-06 07:23:24,50100.0,300.0,7665400.0
634,2021-10-06 07:23:14,50100.0,100.0,7665100.0
635,2021-10-06 07:23:13,50100.0,900.0,7665000.0
636,2021-10-06 07:23:13,50100.0,6000.0,7664100.0
637,2021-10-06 07:23:13,50100.0,300.0,7658100.0
638,2021-10-06 07:23:13,50100.0,2800.0,7657800.0
639,2021-10-06 07:23:09,50100.0,100.0,7655000.0
640,2021-10-06 07:23:06,50100.0,100.0,7654900.0
641,2021-10-06 07:23:04,50100.0,200.0,7654800.0
642,2021-10-06 07:23:03,50100.0,100.0,7654600.0
643,2021-10-06 07:23:00,50100.0,100.0,7654500.0
644,2021-10-06 07:22:59,50100.0,100.0,7654400.0
645,2021-10-06 07:22:58,50100.0,100.0,7654300.0
646,2021-10-06 07:22:54,50100.0,100.0,7654200.0
647,2021-10-06 07:22:52,50100.0,100.0,7654100.0
648,2021-10-06 07:22:52,50200.0,1700.0,7654000.0
649,2021-10-06 07:22:52,50200.0,100.0,7652300.0
650,2021-10-06 07:22:52,50200.0,500.0,7652200.0
651,2021-10-06 07:22:52,50200.0,100.0,7651700.0
652,2021-10-06 07:22:51,50100.0,100.0,7651600.0
653,2021-10-06 07:22:50,50100.0,2100.0,7651500.0
654,2021-10-06 07:22:50,50100.0,1000.0,7649400.0
655,2021-10-06 07:22:50,50100.0,1200.0,7648400.0
656,2021-10-06 07:22:49,50100.0,100.0,7647200.0
657,2021-10-06 07:22:49,50100.0,100.0,7647100.0
658,2021-10-06 07:22:46,50100.0,100.0,7647000.0
659,2021-10-06 07:22:43,50100.0,100.0,7646900.0
660,2021-10-06 07:22:42,50100.0,100.0,7646800.0
661,2021-10-06 07:22:42,50100.0,100.0,7646700.0
662,2021-10-06 07:22:42,50100.0,800.0,7646600.0
663,2021-10-06 07:22:40,50100.0,100.0,7645800.0
664,2021-10-06 07:22:39,50100.0,700.0,7645700.0
665,2021-10-06 07:22:36,50100.0,100.0,7645000.0
666,2021-10-06 07:22:36,50100.0,300.0,7644900.0
667,2021-10-06 07:22:36,50100.0,1000.0,7644600.0
668,2021-10-06 07:22:36,50100.0,300.0,7643600.0
669,2021-10-06 07:22:35,50100.0,400.0,7643300.0
670,2021-10-06 07:22:34,50100.0,100.0,7642900.0
671,2021-10-06 07:22:31,50100.0,100.0,7642800.0
672,2021-10-06 07:22:29,50100.0,1000.0,7642700.0
673,2021-10-06 07:22:29,50100.0,3000.0,7641700.0
674,2021-10-06 07:22:29,50100.0,500.0,7638700.0
675,2021-10-06 07:22:29,50100.0,10000.0,7638200.0
676,2021-10-06 07:22:29,50100.0,400.0,7628200.0
677,2021-10-06 07:22:29,50100.0,1000.0,7627800.0
678,2021-10-06 07:22:29,50100.0,100.0,7626800.0
679,2021-10-06 07:22:29,50100.0,200.0,7626700.0
680,2021-10-06 07:22:29,50100.0,100.0,7626500.0
681,2021-10-06 07:22:29,50100.0,1000.0,7626400.0
682,2021-10-06 07:22:29,50100.0,500.0,7625400.0
683,2021-10-06 07:22:29,50100.0,400.0,7624900.0
684,2021-10-06 07:22:29,50100.0,1000.0,7624500.0
685,2021-10-06 07:22:29,50100.0,300.0,7623500.0
686,2021-10-06 07:22:29,50100.0,600.0,7623200.0
687,2021-10-06 07:22:29,50100.0,19900.0,7622600.0
688,2021-10-06 07:22:28,50100.0,100.0,7602700.0
689,2021-10-06 07:22:28,50100.0,100.0,7602600.0
690,2021-10-06 07:22:26,50100.0,100.0,7602500.0
691,2021-10-06 07:22:25,50100.0,200.0,7602400.0
692,2021-10-06 07:22:24,50100.0,500.0,7602200.0
693,2021-10-06 07:22:24,50200.0,200.0,7601700.0
694,2021-10-06 07:22:24,50200.0,200.0,7601500.0
695,2021-10-06 07:22:24,50200.0,100.0,7601300.0
696,2021-10-06 07:22:24,50200.0,500.0,7601200.0
697,2021-10-06 07:22:13,50100.0,100.0,7600700.0
698,2021-10-06 07:22:12,50100.0,100.0,7600600.0
699,2021-10-06 07:21:50,50100.0,500.0,7600500.0
700,2021-10-06 07:21:50,50200.0,400.0,7600000.0
701,2021-10-06 07:21:38,50200.0,200.0,7599600.0
702,2021-10-06 07:21:35,50200.0,1200.0,7599400.0
703,2021-10-06 07:21:33,50100.0,200.0,7598200.0
704,2021-10-06 07:21:28,50100.0,100.0,7598000.0
705,2021-10-06 07:21:21,50200.0,1000.0,7597900.0
706,2021-10-06 07:21:09,50200.0,100.0,7596900.0
707,2021-10-06 07:20:58,50200.0,1000.0,7596800.0
708,2021-10-06 07:20:49,50100.0,1000.0,7595800.0
709,2021-10-06 07:20:42,50200.0,600.0,7594800.0
710,2021-10-06 07:20:42,50200.0,200.0,7594200.0
711,2021-10-06 07:20:39,50100.0,1000.0,7594000.0
712,2021-10-06 07:20:34,50100.0,2000.0,7593000.0
713,2021-10-06 07:20:29,50100.0,100.0,7591000.0
714,2021-10-06 07:20:26,50100.0,200.0,7590900.0
715,2021-10-06 07:20:22,50100.0,200.0,7590700.0
716,2021-10-06 07:20:19,50100.0,200.0,7590500.0
717,2021-10-06 07:20:18,50200.0,300.0,7590300.0
718,2021-10-06 07:20:18,50200.0,200.0,7590000.0
719,2021-10-06 07:20:18,50200.0,1500.0,7589800.0
720,2021-10-06 07:20:16,50100.0,200.0,7588300.0
721,2021-10-06 07:20:12,50100.0,200.0,7588100.0
722,2021-10-06 07:20:10,50100.0,200.0,7587900.0
723,2021-10-06 07:20:05,50100.0,200.0,7587700.0
724,2021-10-06 07:20:03,50100.0,200.0,7587500.0
725,2021-10-06 07:20:02,50100.0,200.0,7587300.0
726,2021-10-06 07:19:52,50100.0,1000.0,7587100.0
727,2021-10-06 07:19:52,50100.0,100.0,7586100.0
728,2021-10-06 07:19:52,50100.0,200.0,7586000.0
729,2021-10-06 07:19:52,50100.0,900.0,7585800.0
730,2021-10-06 07:19:42,50100.0,100.0,7584900.0
731,2021-10-06 07:19:42,50100.0,1000.0,7584800.0
732,2021-10-06 07:19:42,50100.0,200.0,7583800.0
733,2021-10-06 07:19:42,50100.0,200.0,7583600.0
734,2021-10-06 07:19:42,50100.0,100.0,7583400.0
735,2021-10-06 07:19:42,50100.0,400.0,7583300.0
736,2021-10-06 07:19:36,50100.0,100.0,7582900.0
737,2021-10-06 07:19:36,50100.0,800.0,7582800.0
738,2021-10-06 07:19:36,50100.0,1000.0,7582000.0
739,2021-10-06 07:19:36,50100.0,1000.0,7581000.0
740,2021-10-06 07:19:36,50100.0,500.0,7580000.0
741,2021-10-06 07:19:36,50100.0,2000.0,7579500.0
742,2021-10-06 07:19:36,50100.0,200.0,7577500.0
743,2021-10-06 07:19:36,50100.0,4400.0,7577300.0
744,2021-10-06 07:19:34,50100.0,2000.0,7572900.0
745,2021-10-06 07:19:33,50100.0,9900.0,7570900.0
746,2021-10-06 07:19:21,50100.0,2000.0,7561000.0
747,2021-10-06 07:19:14,50100.0,200.0,7559000.0
748,2021-10-06 07:19:13,50100.0,1500.0,7558800.0
749,2021-10-06 07:18:55,50000.0,14900.0,7557300.0
750,2021-10-06 07:18:55,50100.0,100.0,7542400.0
751,2021-10-06 07:18:55,50100.0,3000.0,7542300.0
752,2021-10-06 07:18:54,50100.0,500.0,7539300.0
753,2021-10-06 07:18:53,50100.0,300.0,7538800.0
754,2021-10-06 07:18:52,50100.0,2000.0,7538500.0
755,2021-10-06 07:18:51,50100.0,100.0,7536500.0
756,2021-10-06 07:18:48,50100.0,100.0,7536400.0
757,2021-10-06 07:18:48,50100.0,500.0,7536300.0
758,2021-10-06 07:18:48,50100.0,400.0,7535800.0
759,2021-10-06 07:18:36,50100.0,100.0,7535400.0
760,2021-10-06 07:18:29,50100.0,100.0,7535300.0
761,2021-10-06 07:18:19,50100.0,800.0,7535200.0
762,2021-10-06 07:18:19,50100.0,300.0,7534400.0
763,2021-10-06 07:18:19,50100.0,500.0,7534100.0
764,2021-10-06 07:18:19,50100.0,100.0,7533600.0
765,2021-10-06 07:18:19,50100.0,300.0,7533500.0
766,2021-10-06 07:18:05,50100.0,3800.0,7533200.0
767,2021-10-06 07:18:02,50100.0,100.0,7529400.0
768,2021-10-06 07:18:02,50100.0,100.0,7529300.0
769,2021-10-06 07:18:02,50100.0,100.0,7529200.0
770,2021-10-06 07:18:02,50100.0,100.0,7529100.0
771,2021-10-06 07:18:02,50100.0,300.0,7529000.0
772,2021-10-06 07:18:02,50100.0,200.0,7528700.0
773,2021-10-06 07:18:01,50200.0,200.0,7528500.0
774,2021-10-06 07:18:01,50100.0,500.0,7528300.0
775,2021-10-06 07:18:01,50100.0,2500.0,7527800.0
776,2021-10-06 07:18:00,50100.0,400.0,7525300.0
777,2021-10-06 07:18:00,50100.0,500.0,7524900.0
778,2021-10-06 07:18:00,50100.0,400.0,7524400.0
779,2021-10-06 07:18:00,50100.0,2000.0,7524000.0
780,2021-10-06 07:18:00,50100.0,100.0,7522000.0
781,2021-10-06 07:18:00,50100.0,500.0,7521900.0
782,2021-10-06 07:17:51,50100.0,500.0,7521400.0
783,2021-10-06 07:17:49,50100.0,1500.0,7520900.0
784,2021-10-06 07:17:47,50100.0,1000.0,7519400.0
785,2021-10-06 07:17:44,50100.0,1000.0,7518400.0
786,2021-10-06 07:17:43,50100.0,400.0,7517400.0
787,2021-10-06 07:17:42,50200.0,500.0,7517000.0
788,2021-10-06 07:17:40,50100.0,1100.0,7516500.0
789,2021-10-06 07:17:40,50100.0,100.0,7515400.0
790,2021-10-06 07:17:40,50100.0,800.0,7515300.0
791,2021-10-06 07:17:40,50100.0,3200.0,7514500.0
792,2021-10-06 07:17:40,50100.0,200.0,7511300.0
793,2021-10-06 07:17:40,50100.0,100.0,7511100.0
794,2021-10-06 07:17:40,50100.0,100.0,7511000.0
795,2021-10-06 07:17:40,50100.0,100.0,7510900.0
796,2021-10-06 07:17:40,50100.0,100.0,7510800.0
797,2021-10-06 07:17:40,50100.0,500.0,7510700.0
798,2021-10-06 07:17:40,50100.0,200.0,7510200.0
799,2021-10-06 07:17:40,50100.0,300.0,7510000.0
800,2021-10-06 07:17:40,50100.0,200.0,7509700.0
801,2021-10-06 07:17:39,50100.0,100.0,7509500.0
802,2021-10-06 07:17:39,50100.0,4900.0,7509400.0
803,2021-10-06 07:17:35,50100.0,100.0,7504500.0
804,2021-10-06 07:17:35,50100.0,200.0,7504400.0
805,2021-10-06 07:17:33,50100.0,200.0,7504200.0
806,2021-10-06 07:17:33,50100.0,500.0,7504000.0
807,2021-10-06 07:17:33,50100.0,300.0,7503500.0
808,2021-10-06 07:17:33,50100.0,500.0,7503200.0
809,2021-10-06 07:17:31,50100.0,200.0,7502700.0
810,2021-10-06 07:17:31,50100.0,500.0,7502500.0
811,2021-10-06 07:17:31,50100.0,300.0,7502000.0
812,2021-10-06 07:17:30,50100.0,1500.0,7501700.0
813,2021-10-06 07:17:30,50100.0,500.0,7500200.0
814,2021-10-06 07:17:29,50100.0,1000.0,7499700.0
815,2021-10-06 07:17:28,50100.0,1200.0,7498700.0
816,2021-10-06 07:17:28,50100.0,500.0,7497500.0
817,2021-10-06 07:17:28,50100.0,500.0,7497000.0
818,2021-10-06 07:17:28,50100.0,100.0,7496500.0
819,2021-10-06 07:17:28,50100.0,100.0,7496400.0
820,2021-10-06 07:17:28,50100.0,100.0,7496300.0
821,2021-10-06 07:17:28,50100.0,200.0,7496200.0
822,2021-10-06 07:17:28,50100.0,500.0,7496000.0
823,2021-10-06 07:17:28,50100.0,100.0,7495500.0
824,2021-10-06 07:17:28,50100.0,1000.0,7495400.0
825,2021-10-06 07:17:28,50100.0,700.0,7494400.0
826,2021-10-06 07:17:22,50100.0,4000.0,7493700.0
827,2021-10-06 07:17:20,50100.0,1000.0,7489700.0
828,2021-10-06 07:17:04,50100.0,100.0,7488700.0
829,2021-10-06 07:17:04,50200.0,2000.0,7488600.0
830,2021-10-06 07:16:57,50100.0,7000.0,7486600.0
831,2021-10-06 07:16:55,50200.0,100.0,7479600.0
832,2021-10-06 07:16:49,50100.0,700.0,7479500.0
833,2021-10-06 07:16:45,50200.0,2000.0,7478800.0
834,2021-10-06 07:16:42,50100.0,500.0,7476800.0
835,2021-10-06 07:16:24,50100.0,100.0,7476300.0
836,2021-10-06 07:16:18,50100.0,200.0,7476200.0
837,2021-10-06 07:16:17,50100.0,2000.0,7476000.0
838,2021-10-06 07:16:13,50100.0,3700.0,7474000.0
839,2021-10-06 07:16:13,50100.0,200.0,7470300.0
840,2021-10-06 07:16:13,50100.0,1600.0,7470100.0
841,2021-10-06 07:16:13,50100.0,3000.0,7468500.0
842,2021-10-06 07:16:13,50100.0,500.0,7465500.0
843,2021-10-06 07:16:13,50100.0,1000.0,7465000.0
844,2021-10-06 07:16:13,50100.0,100.0,7464000.0
845,2021-10-06 07:16:13,50100.0,1900.0,7463900.0
846,2021-10-06 07:16:05,50100.0,1100.0,7462000.0
847,2021-10-06 07:16:05,50100.0,100.0,7460900.0
848,2021-10-06 07:16:05,50100.0,100.0,7460800.0
849,2021-10-06 07:16:05,50100.0,1700.0,7460700.0
850,2021-10-06 07:16:04,50100.0,1300.0,7459000.0
851,2021-10-06 07:16:04,50100.0,300.0,7457700.0
852,2021-10-06 07:16:04,50100.0,5000.0,7457400.0
853,2021-10-06 07:16:04,50100.0,6000.0,7452400.0
854,2021-10-06 07:16:04,50100.0,5000.0,7446400.0
855,2021-10-06 07:16:04,50100.0,1900.0,7441400.0
856,2021-10-06 07:16:04,50100.0,100.0,7439500.0
857,2021-10-06 07:16:04,50100.0,100.0,7439400.0
858,2021-10-06 07:16:04,50100.0,300.0,7439300.0
859,2021-10-06 07:16:04,50100.0,300.0,7439000.0
860,2021-10-06 07:16:04,50100.0,300.0,7438700.0
861,2021-10-06 07:16:04,50100.0,1000.0,7438400.0
862,2021-10-06 07:16:04,50100.0,5000.0,7437400.0
863,2021-10-06 07:16:04,50100.0,2000.0,7432400.0
864,2021-10-06 07:16:04,50100.0,100.0,7430400.0
865,2021-10-06 07:16:04,50100.0,100.0,7430300.0
866,2021-10-06 07:16:04,50100.0,100.0,7430200.0
867,2021-10-06 07:16:04,50100.0,900.0,7430100.0
868,2021-10-06 07:16:04,50100.0,1000.0,7429200.0
869,2021-10-06 07:16:04,50100.0,5000.0,7428200.0
870,2021-10-06 07:16:04,50100.0,5000.0,7423200.0
871,2021-10-06 07:16:04,50100.0,10000.0,7418200.0
872,2021-10-06 07:16:04,50100.0,200.0,7408200.0
873,2021-10-06 07:16:04,50100.0,400.0,7408000.0
874,2021-10-06 07:16:04,50100.0,100.0,7407600.0
875,2021-10-06 07:16:04,50100.0,500.0,7407500.0
876,2021-10-06 07:16:04,50100.0,1000.0,7407000.0
877,2021-10-06 07:16:04,50100.0,2000.0,7406000.0
878,2021-10-06 07:16:04,50100.0,100.0,7404000.0
879,2021-10-06 07:15:51,50100.0,200.0,7403900.0
880,2021-10-06 07:15:46,50200.0,9500.0,7403700.0
881,2021-10-06 07:15:44,50200.0,100.0,7394200.0
882,2021-10-06 07:15:44,50200.0,9100.0,7394100.0
883,2021-10-06 07:15:44,50200.0,900.0,7385000.0
884,2021-10-06 07:15:39,50200.0,100.0,7384100.0
885,2021-10-06 07:15:39,50200.0,400.0,7384000.0
886,2021-10-06 07:15:24,50200.0,100.0,7383600.0
887,2021-10-06 07:15:24,50200.0,200.0,7383500.0
888,2021-10-06 07:15:24,50200.0,100.0,7383300.0
889,2021-10-06 07:15:24,50200.0,100.0,7383200.0
890,2021-10-06 07:15:13,50200.0,100.0,7383100.0
891,2021-10-06 07:15:10,50200.0,300.0,7383000.0
892,2021-10-06 07:15:10,50200.0,1000.0,7382700.0
893,2021-10-06 07:15:07,50200.0,1000.0,7381700.0
894,2021-10-06 07:15:07,50200.0,1000.0,7380700.0
895,2021-10-06 07:15:07,50200.0,1000.0,7379700.0
896,2021-10-06 07:15:06,50200.0,500.0,7378700.0
897,2021-10-06 07:15:06,50200.0,100.0,7378200.0
898,2021-10-06 07:15:06,50200.0,400.0,7378100.0
899,2021-10-06 07:15:06,50200.0,900.0,7377700.0
900,2021-10-06 07:15:03,50200.0,100.0,7376800.0
901,2021-10-06 07:14:55,50200.0,1000.0,7376700.0
902,2021-10-06 07:14:50,50200.0,500.0,7375700.0
903,2021-10-06 07:14:47,50200.0,500.0,7375200.0
904,2021-10-06 07:14:46,50200.0,100.0,7374700.0
905,2021-10-06 07:14:45,50200.0,500.0,7374600.0
906,2021-10-06 07:14:45,50200.0,500.0,7374100.0
907,2021-10-06 07:14:44,50200.0,100.0,7373600.0
908,2021-10-06 07:14:43,50200.0,200.0,7373500.0
909,2021-10-06 07:14:41,50200.0,3000.0,7373300.0
910,2021-10-06 07:14:41,50200.0,500.0,7370300.0
911,2021-10-06 07:14:38,50200.0,100.0,7369800.0
912,2021-10-06 07:14:34,50200.0,100.0,7369700.0
913,2021-10-06 07:14:33,50200.0,100.0,7369600.0
914,2021-10-06 07:14:33,50200.0,1400.0,7369500.0
915,2021-10-06 07:14:33,50200.0,600.0,7368100.0
916,2021-10-06 07:14:32,50200.0,200.0,7367500.0
917,2021-10-06 07:14:29,50200.0,2000.0,7367300.0
918,2021-10-06 07:14:29,50200.0,3000.0,7365300.0
919,2021-10-06 07:14:28,50200.0,100.0,7362300.0
920,2021-10-06 07:14:26,50200.0,1000.0,7362200.0
921,2021-10-06 07:14:25,50200.0,100.0,7361200.0
922,2021-10-06 07:14:23,50200.0,3000.0,7361100.0
923,2021-10-06 07:14:22,50200.0,200.0,7358100.0
924,2021-10-06 07:14:19,50200.0,1000.0,7357900.0
925,2021-10-06 07:14:18,50200.0,2100.0,7356900.0
926,2021-10-06 07:14:18,50200.0,10000.0,7354800.0
927,2021-10-06 07:14:18,50200.0,300.0,7344800.0
928,2021-10-06 07:14:18,50200.0,500.0,7344500.0
929,2021-10-06 07:14:18,50200.0,100.0,7344000.0
930,2021-10-06 07:14:18,50200.0,8200.0,7343900.0
931,2021-10-06 07:14:18,50200.0,2000.0,7335700.0
932,2021-10-06 07:14:18,50200.0,100.0,7333700.0
933,2021-10-06 07:14:18,50200.0,500.0,7333600.0
934,2021-10-06 07:14:18,50200.0,100.0,7333100.0
935,2021-10-06 07:14:18,50200.0,1000.0,7333000.0
936,2021-10-06 07:14:18,50200.0,1100.0,7332000.0
937,2021-10-06 07:14:17,50200.0,700.0,7330900.0
938,2021-10-06 07:14:15,50200.0,8200.0,7330200.0
939,2021-10-06 07:14:15,50200.0,1800.0,7322000.0
940,2021-10-06 07:14:12,50200.0,16000.0,7320200.0
941,2021-10-06 07:14:10,50300.0,100.0,7304200.0
942,2021-10-06 07:14:04,50200.0,1000.0,7304100.0
943,2021-10-06 07:14:03,50200.0,200.0,7303100.0
944,2021-10-06 07:13:56,50200.0,100.0,7302900.0
945,2021-10-06 07:13:47,50200.0,200.0,7302800.0
946,2021-10-06 07:13:45,50200.0,700.0,7302600.0
947,2021-10-06 07:13:45,50200.0,200.0,7301900.0
948,2021-10-06 07:13:45,50200.0,100.0,7301700.0
949,2021-10-06 07:13:42,50200.0,100.0,7301600.0
950,2021-10-06 07:13:36,50200.0,100.0,7301500.0
951,2021-10-06 07:13:35,50200.0,300.0,7301400.0
952,2021-10-06 07:13:35,50200.0,200.0,7301100.0
953,2021-10-06 07:13:35,50200.0,100.0,7300900.0
954,2021-10-06 07:13:35,50200.0,400.0,7300800.0
955,2021-10-06 07:13:31,50200.0,600.0,7300400.0
956,2021-10-06 07:13:31,50200.0,100.0,7299800.0
957,2021-10-06 07:13:31,50200.0,100.0,7299700.0
958,2021-10-06 07:13:31,50200.0,100.0,7299600.0
959,2021-10-06 07:13:31,50200.0,100.0,7299500.0
960,2021-10-06 07:13:22,50200.0,4900.0,7299400.0
961,2021-10-06 07:13:22,50200.0,500.0,7294500.0
962,2021-10-06 07:13:22,50200.0,300.0,7294000.0
963,2021-10-06 07:13:16,50200.0,100.0,7293700.0
964,2021-10-06 07:13:14,50200.0,600.0,7293600.0
965,2021-10-06 07:13:14,50200.0,14400.0,7293000.0
966,2021-10-06 07:13:03,50200.0,200.0,7278600.0
967,2021-10-06 07:13:03,50300.0,1400.0,7278400.0
968,2021-10-06 07:13:01,50200.0,16000.0,7277000.0
969,2021-10-06 07:13:00,50200.0,500.0,7261000.0
970,2021-10-06 07:12:59,50200.0,300.0,7260500.0
971,2021-10-06 07:12:58,50200.0,100.0,7260200.0
972,2021-10-06 07:12:57,50200.0,100.0,7260100.0
973,2021-10-06 07:12:56,50200.0,800.0,7260000.0
974,2021-10-06 07:12:50,50200.0,1000.0,7259200.0
975,2021-10-06 07:12:50,50300.0,600.0,7258200.0
976,2021-10-06 07:12:46,50200.0,100.0,7257600.0
977,2021-10-06 07:12:33,50200.0,5000.0,7257500.0
978,2021-10-06 07:12:27,50200.0,1200.0,7252500.0
979,2021-10-06 07:12:24,50200.0,100.0,7251300.0
980,2021-10-06 07:12:23,50200.0,100.0,7251200.0
981,2021-10-06 07:12:20,50200.0,200.0,7251100.0
982,2021-10-06 07:12:06,50200.0,1000.0,7250900.0
983,2021-10-06 07:12:01,50200.0,100.0,7249900.0
984,2021-10-06 07:11:58,50200.0,200.0,7249800.0
985,2021-10-06 07:11:55,50200.0,200.0,7249600.0
986,2021-10-06 07:11:51,50300.0,400.0,7249400.0
987,2021-10-06 07:11:48,50200.0,200.0,7249000.0
988,2021-10-06 07:11:48,50200.0,200.0,7248800.0
989,2021-10-06 07:11:44,50200.0,8000.0,7248600.0
990,2021-10-06 07:11:44,50200.0,500.0,7240600.0
991,2021-10-06 07:11:44,50200.0,2000.0,7240100.0
992,2021-10-06 07:11:44,50200.0,1000.0,7238100.0
993,2021-10-06 07:11:44,50200.0,100.0,7237100.0
994,2021-10-06 07:11:44,50200.0,400.0,7237000.0
995,2021-10-06 07:11:44,50200.0,500.0,7236600.0
996,2021-10-06 07:11:44,50200.0,7500.0,7236100.0
997,2021-10-06 07:11:43,50300.0,300.0,7228600.0
998,2021-10-06 07:11:42,50200.0,200.0,7228300.0
999,2021-10-06 07:11:38,50200.0,3000.0,7228100.0
1000,2021-10-06 07:11:38,50200.0,200.0,7225100.0
1001,2021-10-06 07:11:35,50200.0,2000.0,7224900.0
1002,2021-10-06 07:11:33,50200.0,100.0,7222900.0
1003,2021-10-06 07:11:33,50200.0,100.0,7222800.0
1004,2021-10-06 07:11:32,50200.0,200.0,7222700.0
1005,2021-10-06 07:11:32,50200.0,900.0,7222500.0
1006,2021-10-06 07:11:26,50200.0,100.0,7221600.0
1007,2021-10-06 07:11:26,50200.0,100.0,7221500.0
1008,2021-10-06 07:11:24,50200.0,500.0,7221400.0
1009,2021-10-06 07:11:22,50300.0,4900.0,7220900.0
1010,2021-10-06 07:11:22,50300.0,200.0,7216000.0
1011,2021-10-06 07:11:22,50300.0,4900.0,7215800.0
1012,2021-10-06 07:11:14,50300.0,10000.0,7210900.0
1013,2021-10-06 07:11:12,50200.0,100.0,7200900.0
1014,2021-10-06 07:11:12,50200.0,500.0,7200800.0
1015,2021-10-06 07:11:09,50200.0,100.0,7200300.0
1016,2021-10-06 07:11:08,50200.0,4400.0,7200200.0
1017,2021-10-06 07:11:08,50200.0,500.0,7195800.0
1018,2021-10-06 07:11:08,50200.0,200.0,7195300.0
1019,2021-10-06 07:11:08,50200.0,1000.0,7195100.0
1020,2021-10-06 07:11:08,50200.0,100.0,7194100.0
1021,2021-10-06 07:11:08,50200.0,200.0,7194000.0
1022,2021-10-06 07:11:08,50200.0,5000.0,7193800.0
1023,2021-10-06 07:11:08,50200.0,600.0,7188800.0
1024,2021-10-06 07:11:08,50200.0,1000.0,7188200.0
1025,2021-10-06 07:11:08,50200.0,2000.0,7187200.0
1026,2021-10-06 07:11:08,50200.0,1000.0,7185200.0
1027,2021-10-06 07:11:08,50200.0,200.0,7184200.0
1028,2021-10-06 07:11:08,50200.0,100.0,7184000.0
1029,2021-10-06 07:11:08,50200.0,500.0,7183900.0
1030,2021-10-06 07:11:08,50200.0,100.0,7183400.0
1031,2021-10-06 07:11:08,50200.0,400.0,7183300.0
1032,2021-10-06 07:11:08,50200.0,2700.0,7182900.0
1033,2021-10-06 07:11:08,50200.0,200.0,7180200.0
1034,2021-10-06 07:11:07,50200.0,200.0,7180000.0
1035,2021-10-06 07:11:07,50300.0,2000.0,7179800.0
1036,2021-10-06 07:11:06,50300.0,10000.0,7177800.0
1037,2021-10-06 07:11:04,50200.0,200.0,7167800.0
1038,2021-10-06 07:11:02,50200.0,200.0,7167600.0
1039,2021-10-06 07:11:00,50300.0,2000.0,7167400.0
1040,2021-10-06 07:10:57,50200.0,1500.0,7165400.0
1041,2021-10-06 07:10:57,50200.0,1500.0,7163900.0
1042,2021-10-06 07:10:57,50200.0,2000.0,7162400.0
1043,2021-10-06 07:10:57,50300.0,1100.0,7160400.0
1044,2021-10-06 07:10:57,50300.0,100.0,7159300.0
1045,2021-10-06 07:10:57,50300.0,1000.0,7159200.0
1046,2021-10-06 07:10:57,50300.0,100.0,7158200.0
1047,2021-10-06 07:10:57,50300.0,200.0,7158100.0
1048,2021-10-06 07:10:57,50300.0,100.0,7157900.0
1049,2021-10-06 07:10:57,50300.0,2200.0,7157800.0
1050,2021-10-06 07:10:57,50300.0,200.0,7155600.0
1051,2021-10-06 07:10:57,50300.0,100.0,7155400.0
1052,2021-10-06 07:10:57,50300.0,400.0,7155300.0
1053,2021-10-06 07:10:57,50300.0,100.0,7154900.0
1054,2021-10-06 07:10:57,50300.0,1000.0,7154800.0
1055,2021-10-06 07:10:57,50300.0,3400.0,7153800.0
1056,2021-10-06 07:10:56,50200.0,100.0,7150400.0
1057,2021-10-06 07:10:54,50200.0,100.0,7150300.0
1058,2021-10-06 07:10:54,50200.0,600.0,7150200.0
1059,2021-10-06 07:10:51,50200.0,2200.0,7149600.0
1060,2021-10-06 07:10:51,50200.0,100.0,7147400.0
1061,2021-10-06 07:10:51,50200.0,100.0,7147300.0
1062,2021-10-06 07:10:51,50200.0,300.0,7147200.0
1063,2021-10-06 07:10:51,50200.0,300.0,7146900.0
1064,2021-10-06 07:10:51,50200.0,300.0,7146600.0
1065,2021-10-06 07:10:51,50200.0,9400.0,7146300.0
1066,2021-10-06 07:10:51,50200.0,100.0,7136900.0
1067,2021-10-06 07:10:51,50200.0,200.0,7136800.0
1068,2021-10-06 07:10:51,50200.0,200.0,7136600.0
1069,2021-10-06 07:10:51,50200.0,100.0,7136400.0
1070,2021-10-06 07:10:51,50200.0,100.0,7136300.0
1071,2021-10-06 07:10:51,50200.0,1600.0,7136200.0
1072,2021-10-06 07:10:51,50300.0,600.0,7134600.0
1073,2021-10-06 07:10:51,50300.0,500.0,7134000.0
1074,2021-10-06 07:10:51,50300.0,900.0,7133500.0
1075,2021-10-06 07:10:48,50200.0,500.0,7132600.0
1076,2021-10-06 07:10:48,50300.0,9100.0,7132100.0
1077,2021-10-06 07:10:48,50300.0,900.0,7123000.0
1078,2021-10-06 07:10:47,50200.0,100.0,7122100.0
1079,2021-10-06 07:10:46,50200.0,800.0,7122000.0
1080,2021-10-06 07:10:46,50200.0,1000.0,7121200.0
1081,2021-10-06 07:10:46,50200.0,100.0,7120200.0
1082,2021-10-06 07:10:46,50200.0,100.0,7120100.0
1083,2021-10-06 07:10:43,50200.0,100.0,7120000.0
1084,2021-10-06 07:10:40,50200.0,500.0,7119900.0
1085,2021-10-06 07:10:40,50200.0,100.0,7119400.0
1086,2021-10-06 07:10:37,50200.0,100.0,7119300.0
1087,2021-10-06 07:10:34,50300.0,500.0,7119200.0
1088,2021-10-06 07:10:34,50200.0,100.0,7118700.0
1089,2021-10-06 07:10:32,50200.0,100.0,7118600.0
1090,2021-10-06 07:10:29,50200.0,100.0,7118500.0
1091,2021-10-06 07:10:28,50200.0,3800.0,7118400.0
1092,2021-10-06 07:10:28,50200.0,2000.0,7114600.0
1093,2021-10-06 07:10:28,50200.0,500.0,7112600.0
1094,2021-10-06 07:10:28,50200.0,6600.0,7112100.0
1095,2021-10-06 07:10:26,50200.0,100.0,7105500.0
1096,2021-10-06 07:10:24,50200.0,100.0,7105400.0
1097,2021-10-06 07:10:23,50200.0,100.0,7105300.0
1098,2021-10-06 07:10:21,50300.0,600.0,7105200.0
1099,2021-10-06 07:10:21,50300.0,100.0,7104600.0
1100,2021-10-06 07:10:21,50300.0,300.0,7104500.0
1101,2021-10-06 07:10:19,50200.0,100.0,7104200.0
1102,2021-10-06 07:10:17,50200.0,100.0,7104100.0
1103,2021-10-06 07:10:16,50200.0,12900.0,7104000.0
1104,2021-10-06 07:10:16,50200.0,2000.0,7091100.0
1105,2021-10-06 07:10:16,50200.0,100.0,7089100.0
1106,2021-10-06 07:10:16,50200.0,800.0,7089000.0
1107,2021-10-06 07:10:16,50200.0,500.0,7088200.0
1108,2021-10-06 07:10:16,50200.0,1000.0,7087700.0
1109,2021-10-06 07:10:16,50200.0,1000.0,7086700.0
1110,2021-10-06 07:10:16,50200.0,400.0,7085700.0
1111,2021-10-06 07:10:16,50200.0,300.0,7085300.0
1112,2021-10-06 07:10:16,50200.0,1000.0,7085000.0
1113,2021-10-06 07:10:14,50200.0,100.0,7084000.0
1114,2021-10-06 07:10:12,50300.0,100.0,7083900.0
1115,2021-10-06 07:10:12,50300.0,900.0,7083800.0
1116,2021-10-06 07:10:10,50200.0,100.0,7082900.0
1117,2021-10-06 07:10:02,50300.0,100.0,7082800.0
1118,2021-10-06 07:10:02,50300.0,1900.0,7082700.0
1119,2021-10-06 07:09:48,50300.0,1000.0,7080800.0
1120,2021-10-06 07:09:37,50300.0,100.0,7079800.0
1121,2021-10-06 07:09:37,50300.0,900.0,7079700.0
1122,2021-10-06 07:09:36,50300.0,100.0,7078800.0
1123,2021-10-06 07:09:36,50300.0,200.0,7078700.0
1124,2021-10-06 07:09:36,50300.0,300.0,7078500.0
1125,2021-10-06 07:09:35,50200.0,100.0,7078200.0
1126,2021-10-06 07:09:31,50300.0,200.0,7078100.0
1127,2021-10-06 07:09:31,50300.0,1000.0,7077900.0
1128,2021-10-06 07:09:31,50300.0,24900.0,7076900.0
1129,2021-10-06 07:09:30,50300.0,300.0,7052000.0
1130,2021-10-06 07:09:28,50300.0,300.0,7051700.0
1131,2021-10-06 07:09:22,50300.0,2500.0,7051400.0
1132,2021-10-06 07:09:15,50300.0,300.0,7048900.0
1133,2021-10-06 07:09:14,50200.0,100.0,7048600.0
1134,2021-10-06 07:09:14,50300.0,3900.0,7048500.0
1135,2021-10-06 07:09:12,50300.0,5000.0,7044600.0
1136,2021-10-06 07:09:06,50300.0,10000.0,7039600.0
1137,2021-10-06 07:09:05,50300.0,100.0,7029600.0
1138,2021-10-06 07:09:03,50300.0,500.0,7029500.0
1139,2021-10-06 07:09:03,50300.0,1000.0,7029000.0
1140,2021-10-06 07:09:03,50300.0,700.0,7028000.0
1141,2021-10-06 07:09:00,50300.0,100.0,7027300.0
1142,2021-10-06 07:08:59,50300.0,100.0,7027200.0
1143,2021-10-06 07:08:59,50300.0,900.0,7027100.0
1144,2021-10-06 07:08:59,50300.0,100.0,7026200.0
1145,2021-10-06 07:08:52,50300.0,500.0,7026100.0
1146,2021-10-06 07:08:52,50300.0,100.0,7025600.0
1147,2021-10-06 07:08:48,50400.0,100.0,7025500.0
1148,2021-10-06 07:08:47,50400.0,400.0,7025400.0
1149,2021-10-06 07:08:47,50400.0,400.0,7025000.0
1150,2021-10-06 07:08:47,50400.0,1000.0,7024600.0
1151,2021-10-06 07:08:47,50400.0,100.0,7023600.0
1152,2021-10-06 07:08:47,50400.0,100.0,7023500.0
1153,2021-10-06 07:08:46,50400.0,900.0,7023400.0
1154,2021-10-06 07:08:46,50400.0,400.0,7022500.0
1155,2021-10-06 07:08:46,50400.0,200.0,7022100.0
1156,2021-10-06 07:08:46,50400.0,100.0,7021900.0
1157,2021-10-06 07:08:46,50400.0,300.0,7021800.0
1158,2021-10-06 07:08:46,50400.0,100.0,7021500.0
1159,2021-10-06 07:08:46,50300.0,1400.0,7021400.0
1160,2021-10-06 07:08:46,50300.0,100.0,7020000.0
1161,2021-10-06 07:08:46,50300.0,400.0,7019900.0
1162,2021-10-06 07:08:46,50300.0,1000.0,7019500.0
1163,2021-10-06 07:08:46,50300.0,100.0,7018500.0
1164,2021-10-06 07:08:46,50300.0,500.0,7018400.0
1165,2021-10-06 07:08:46,50300.0,3500.0,7017900.0
1166,2021-10-06 07:08:46,50300.0,100.0,7014400.0
1167,2021-10-06 07:08:46,50300.0,200.0,7014300.0
1168,2021-10-06 07:08:46,50300.0,700.0,7014100.0
1169,2021-10-06 07:08:41,50300.0,300.0,7013400.0
1170,2021-10-06 07:08:41,50300.0,700.0,7013100.0
1171,2021-10-06 07:08:37,50300.0,200.0,7012400.0
1172,2021-10-06 07:08:37,50300.0,600.0,7012200.0
1173,2021-10-06 07:08:37,50300.0,300.0,7011600.0
1174,2021-10-06 07:08:36,50300.0,100.0,7011300.0
1175,2021-10-06 07:08:36,50300.0,200.0,7011200.0
1176,2021-10-06 07:08:36,50300.0,500.0,7011000.0
1177,2021-10-06 07:08:36,50300.0,100.0,7010500.0
1178,2021-10-06 07:08:36,50300.0,100.0,7010400.0
1179,2021-10-06 07:08:36,50300.0,200.0,7010300.0
1180,2021-10-06 07:08:36,50300.0,400.0,7010100.0
1181,2021-10-06 07:08:36,50300.0,400.0,7009700.0
1182,2021-10-06 07:08:36,50300.0,200.0,7009300.0
1183,2021-10-06 07:08:36,50300.0,200.0,7009100.0
1184,2021-10-06 07:08:36,50300.0,200.0,7008900.0
1185,2021-10-06 07:08:36,50300.0,3900.0,7008700.0
1186,2021-10-06 07:08:36,50300.0,100.0,7004800.0
1187,2021-10-06 07:08:36,50300.0,1000.0,7004700.0
1188,2021-10-06 07:08:36,50300.0,500.0,7003700.0
1189,2021-10-06 07:08:36,50300.0,100.0,7003200.0
1190,2021-10-06 07:08:36,50300.0,200.0,7003100.0
1191,2021-10-06 07:08:36,50300.0,100.0,7002900.0
1192,2021-10-06 07:08:36,50300.0,400.0,7002800.0
1193,2021-10-06 07:08:36,50300.0,1100.0,7002400.0
1194,2021-10-06 07:08:34,50300.0,400.0,7001300.0
1195,2021-10-06 07:08:32,50200.0,600.0,7000900.0
1196,2021-10-06 07:08:32,50200.0,1200.0,7000300.0
1197,2021-10-06 07:08:32,50200.0,200.0,6999100.0
1198,2021-10-06 07:08:26,50300.0,100.0,6998900.0
1199,2021-10-06 07:08:26,50300.0,2400.0,6998800.0
1200,2021-10-06 07:08:26,50300.0,5000.0,6996400.0
1201,2021-10-06 07:08:26,50300.0,200.0,6991400.0
1202,2021-10-06 07:08:26,50300.0,2400.0,6991200.0
1203,2021-10-06 07:08:26,50300.0,1000.0,6988800.0
1204,2021-10-06 07:08:26,50300.0,200.0,6987800.0
1205,2021-10-06 07:08:25,50300.0,100.0,6987600.0
1206,2021-10-06 07:08:22,50300.0,100.0,6987500.0
1207,2021-10-06 07:08:22,50300.0,2000.0,6987400.0
1208,2021-10-06 07:08:19,50300.0,300.0,6985400.0
1209,2021-10-06 07:08:18,50300.0,3900.0,6985100.0
1210,2021-10-06 07:08:18,50300.0,1000.0,6981200.0
1211,2021-10-06 07:08:18,50300.0,100.0,6980200.0
1212,2021-10-06 07:08:18,50300.0,100.0,6980100.0
1213,2021-10-06 07:08:18,50300.0,200.0,6980000.0
1214,2021-10-06 07:08:18,50300.0,100.0,6979800.0
1215,2021-10-06 07:08:18,50300.0,100.0,6979700.0
1216,2021-10-06 07:08:18,50300.0,4500.0,6979600.0
1217,2021-10-06 07:08:13,50300.0,1000.0,6975100.0
1218,2021-10-06 07:08:11,50300.0,500.0,6974100.0
1219,2021-10-06 07:08:11,50300.0,500.0,6973600.0
1220,2021-10-06 07:08:11,50300.0,100.0,6973100.0
1221,2021-10-06 07:08:11,50300.0,500.0,6973000.0
1222,2021-10-06 07:08:11,50300.0,8400.0,6972500.0
1223,2021-10-06 07:08:04,50300.0,1600.0,6964100.0
1224,2021-10-06 07:08:04,50300.0,100.0,6962500.0
1225,2021-10-06 07:08:04,50300.0,200.0,6962400.0
1226,2021-10-06 07:08:04,50300.0,400.0,6962200.0
1227,2021-10-06 07:08:04,50300.0,7700.0,6961800.0
1228,2021-10-06 07:08:01,50300.0,1000.0,6954100.0
1229,2021-10-06 07:07:57,50300.0,10000.0,6953100.0
1230,2021-10-06 07:07:56,50300.0,1000.0,6943100.0
1231,2021-10-06 07:07:55,50300.0,2900.0,6942100.0
1232,2021-10-06 07:07:50,50300.0,10000.0,6939200.0
1233,2021-10-06 07:07:45,50300.0,200.0,6929200.0
1234,2021-10-06 07:07:44,50200.0,500.0,6929000.0
1235,2021-10-06 07:07:34,50300.0,400.0,6928500.0
1236,2021-10-06 07:07:24,50200.0,1500.0,6928100.0
1237,2021-10-06 07:07:24,50200.0,500.0,6926600.0
1238,2021-10-06 07:07:24,50200.0,100.0,6926100.0
1239,2021-10-06 07:07:24,50200.0,1000.0,6926000.0
1240,2021-10-06 07:07:24,50200.0,100.0,6925000.0
1241,2021-10-06 07:07:24,50200.0,100.0,6924900.0
1242,2021-10-06 07:07:24,50200.0,100.0,6924800.0
1243,2021-10-06 07:07:24,50200.0,1000.0,6924700.0
1244,2021-10-06 07:07:24,50200.0,1000.0,6923700.0
1245,2021-10-06 07:07:24,50200.0,1000.0,6922700.0
1246,2021-10-06 07:07:24,50200.0,500.0,6921700.0
1247,2021-10-06 07:07:24,50200.0,200.0,6921200.0
1248,2021-10-06 07:07:24,50200.0,1000.0,6921000.0
1249,2021-10-06 07:07:24,50200.0,100.0,6920000.0
1250,2021-10-06 07:07:24,50200.0,1700.0,6919900.0
1251,2021-10-06 07:07:24,50200.0,100.0,6918200.0
1252,2021-10-06 07:07:23,50300.0,400.0,6918100.0
1253,2021-10-06 07:07:22,50300.0,10000.0,6917700.0
1254,2021-10-06 07:07:14,50300.0,500.0,6907700.0
1255,2021-10-06 07:07:14,50300.0,1500.0,6907200.0
1256,2021-10-06 07:07:12,50300.0,800.0,6905700.0
1257,2021-10-06 07:07:09,50300.0,9200.0,6904900.0
1258,2021-10-06 07:07:07,50300.0,100.0,6895700.0
1259,2021-10-06 07:07:05,50300.0,100.0,6895600.0
1260,2021-10-06 07:07:04,50300.0,1000.0,6895500.0
1261,2021-10-06 07:07:03,50300.0,1000.0,6894500.0
1262,2021-10-06 07:07:02,50300.0,1000.0,6893500.0
1263,2021-10-06 07:06:47,50300.0,10000.0,6892500.0
1264,2021-10-06 07:06:46,50300.0,400.0,6882500.0
1265,2021-10-06 07:06:46,50300.0,1000.0,6882100.0
1266,2021-10-06 07:06:46,50300.0,300.0,6881100.0
1267,2021-10-06 07:06:46,50300.0,1000.0,6880800.0
1268,2021-10-06 07:06:46,50300.0,500.0,6879800.0
1269,2021-10-06 07:06:46,50300.0,1000.0,6879300.0
1270,2021-10-06 07:06:46,50300.0,1500.0,6878300.0
1271,2021-10-06 07:06:46,50300.0,1000.0,6876800.0
1272,2021-10-06 07:06:46,50300.0,5700.0,6875800.0
1273,2021-10-06 07:06:46,50300.0,10000.0,6870100.0
1274,2021-10-06 07:06:46,50300.0,8800.0,6860100.0
1275,2021-10-06 07:06:44,50300.0,500.0,6851300.0
1276,2021-10-06 07:06:42,50300.0,100.0,6850800.0
1277,2021-10-06 07:06:40,50300.0,500.0,6850700.0
1278,2021-10-06 07:06:39,50300.0,100.0,6850200.0
1279,2021-10-06 07:06:39,50300.0,1900.0,6850100.0
1280,2021-10-06 07:06:38,50300.0,100.0,6848200.0
1281,2021-10-06 07:06:31,50300.0,100.0,6848100.0
1282,2021-10-06 07:06:28,50300.0,100.0,6848000.0
1283,2021-10-06 07:06:27,50300.0,20000.0,6847900.0
1284,2021-10-06 07:06:24,50300.0,100.0,6827900.0
1285,2021-10-06 07:06:22,50300.0,100.0,6827800.0
1286,2021-10-06 07:06:21,50400.0,200.0,6827700.0
1287,2021-10-06 07:06:21,50400.0,100.0,6827500.0
1288,2021-10-06 07:06:21,50400.0,1000.0,6827400.0
1289,2021-10-06 07:06:21,50400.0,500.0,6826400.0
1290,2021-10-06 07:06:21,50400.0,500.0,6825900.0
1291,2021-10-06 07:06:21,50400.0,100.0,6825400.0
1292,2021-10-06 07:06:21,50400.0,1700.0,6825300.0
1293,2021-10-06 07:06:21,50300.0,200.0,6823600.0
1294,2021-10-06 07:06:19,50400.0,300.0,6823400.0
1295,2021-10-06 07:06:19,50400.0,700.0,6823100.0
1296,2021-10-06 07:06:18,50300.0,100.0,6822400.0
1297,2021-10-06 07:06:14,50300.0,200.0,6822300.0
1298,2021-10-06 07:06:13,50400.0,100.0,6822100.0
1299,2021-10-06 07:06:13,50400.0,100.0,6822000.0
1300,2021-10-06 07:06:13,50300.0,5000.0,6821900.0
1301,2021-10-06 07:06:13,50300.0,100.0,6816900.0
1302,2021-10-06 07:06:13,50300.0,1500.0,6816800.0
1303,2021-10-06 07:06:13,50300.0,500.0,6815300.0
1304,2021-10-06 07:06:13,50300.0,300.0,6814800.0
1305,2021-10-06 07:06:10,50300.0,100.0,6814500.0
1306,2021-10-06 07:06:07,50200.0,1000.0,6814400.0
1307,2021-10-06 07:06:06,50300.0,100.0,6813400.0
1308,2021-10-06 07:06:06,50300.0,1000.0,6813300.0
1309,2021-10-06 07:06:06,50300.0,500.0,6812300.0
1310,2021-10-06 07:06:06,50300.0,100.0,6811800.0
1311,2021-10-06 07:06:06,50300.0,200.0,6811700.0
1312,2021-10-06 07:06:06,50300.0,200.0,6811500.0
1313,2021-10-06 07:06:06,50300.0,200.0,6811300.0
1314,2021-10-06 07:06:06,50300.0,1000.0,6811100.0
1315,2021-10-06 07:06:06,50300.0,1000.0,6810100.0
1316,2021-10-06 07:06:06,50300.0,200.0,6809100.0
1317,2021-10-06 07:06:06,50300.0,100.0,6808900.0
1318,2021-10-06 07:06:06,50300.0,400.0,6808800.0
1319,2021-10-06 07:06:06,50300.0,9600.0,6808400.0
1320,2021-10-06 07:06:06,50300.0,1000.0,6798800.0
1321,2021-10-06 07:06:06,50300.0,500.0,6797800.0
1322,2021-10-06 07:06:06,50300.0,400.0,6797300.0
1323,2021-10-06 07:06:06,50300.0,100.0,6796900.0
1324,2021-10-06 07:06:06,50300.0,100.0,6796800.0
1325,2021-10-06 07:06:06,50300.0,500.0,6796700.0
1326,2021-10-06 07:06:06,50300.0,5000.0,6796200.0
1327,2021-10-06 07:06:06,50300.0,100.0,6791200.0
1328,2021-10-06 07:06:06,50300.0,100.0,6791100.0
1329,2021-10-06 07:06:06,50300.0,200.0,6791000.0
1330,2021-10-06 07:06:06,50300.0,500.0,6790800.0
1331,2021-10-06 07:06:06,50300.0,100.0,6790300.0
1332,2021-10-06 07:06:06,50300.0,500.0,6790200.0
1333,2021-10-06 07:06:06,50300.0,400.0,6789700.0
1334,2021-10-06 07:06:06,50300.0,200.0,6789300.0
1335,2021-10-06 07:06:06,50300.0,700.0,6789100.0
1336,2021-10-06 07:06:04,50300.0,100.0,6788400.0
1337,2021-10-06 07:06:02,50300.0,2000.0,6788300.0
1338,2021-10-06 07:06:02,50300.0,200.0,6786300.0
1339,2021-10-06 07:06:02,50300.0,500.0,6786100.0
1340,2021-10-06 07:06:02,50300.0,500.0,6785600.0
1341,2021-10-06 07:06:02,50300.0,100.0,6785100.0
1342,2021-10-06 07:06:02,50300.0,1000.0,6785000.0
1343,2021-10-06 07:06:02,50300.0,100.0,6784000.0
1344,2021-10-06 07:06:01,50300.0,100.0,6783900.0
1345,2021-10-06 07:05:57,50200.0,100.0,6783800.0
1346,2021-10-06 07:05:57,50300.0,1000.0,6783700.0
1347,2021-10-06 07:05:56,50300.0,5000.0,6782700.0
1348,2021-10-06 07:05:56,50300.0,1000.0,6777700.0
1349,2021-10-06 07:05:56,50200.0,100.0,6776700.0
1350,2021-10-06 07:05:52,50300.0,2800.0,6776600.0
1351,2021-10-06 07:05:52,50300.0,200.0,6773800.0
1352,2021-10-06 07:05:52,50300.0,300.0,6773600.0
1353,2021-10-06 07:05:52,50300.0,100.0,6773300.0
1354,2021-10-06 07:05:52,50300.0,200.0,6773200.0
1355,2021-10-06 07:05:52,50300.0,100.0,6773000.0
1356,2021-10-06 07:05:52,50300.0,1000.0,6772900.0
1357,2021-10-06 07:05:52,50300.0,3000.0,6771900.0
1358,2021-10-06 07:05:52,50300.0,100.0,6768900.0
1359,2021-10-06 07:05:52,50300.0,500.0,6768800.0
1360,2021-10-06 07:05:52,50300.0,500.0,6768300.0
1361,2021-10-06 07:05:52,50300.0,100.0,6767800.0
1362,2021-10-06 07:05:52,50300.0,200.0,6767700.0
1363,2021-10-06 07:05:52,50300.0,100.0,6767500.0
1364,2021-10-06 07:05:52,50300.0,300.0,6767400.0
1365,2021-10-06 07:05:52,50300.0,200.0,6767100.0
1366,2021-10-06 07:05:52,50300.0,600.0,6766900.0
1367,2021-10-06 07:05:51,50300.0,400.0,6766300.0
1368,2021-10-06 07:05:51,50300.0,300.0,6765900.0
1369,2021-10-06 07:05:51,50300.0,500.0,6765600.0
1370,2021-10-06 07:05:51,50300.0,100.0,6765100.0
1371,2021-10-06 07:05:51,50300.0,1000.0,6765000.0
1372,2021-10-06 07:05:51,50300.0,200.0,6764000.0
1373,2021-10-06 07:05:51,50300.0,200.0,6763800.0
1374,2021-10-06 07:05:51,50300.0,300.0,6763600.0
1375,2021-10-06 07:05:51,50300.0,100.0,6763300.0
1376,2021-10-06 07:05:43,50300.0,100.0,6763200.0
1377,2021-10-06 07:05:40,50300.0,10000.0,6763100.0
1378,2021-10-06 07:05:39,50300.0,3000.0,6753100.0
1379,2021-10-06 07:05:35,50300.0,10000.0,6750100.0
1380,2021-10-06 07:05:35,50300.0,1500.0,6740100.0
1381,2021-10-06 07:05:35,50300.0,100.0,6738600.0
1382,2021-10-06 07:05:35,50300.0,100.0,6738500.0
1383,2021-10-06 07:05:35,50300.0,3300.0,6738400.0
1384,2021-10-06 07:05:32,50300.0,30000.0,6735100.0
1385,2021-10-06 07:05:29,50300.0,3000.0,6705100.0
1386,2021-10-06 07:05:28,50300.0,100.0,6702100.0
1387,2021-10-06 07:05:28,50200.0,100.0,6702000.0
1388,2021-10-06 07:05:23,50300.0,400.0,6701900.0
1389,2021-10-06 07:05:20,50200.0,100.0,6701500.0
1390,2021-10-06 07:05:17,50300.0,500.0,6701400.0
1391,2021-10-06 07:05:17,50200.0,200.0,6700900.0
1392,2021-10-06 07:05:15,50300.0,1000.0,6700700.0
1393,2021-10-06 07:05:09,50300.0,500.0,6699700.0
1394,2021-10-06 07:05:05,50300.0,300.0,6699200.0
1395,2021-10-06 07:05:05,50300.0,400.0,6698900.0
1396,2021-10-06 07:05:01,50300.0,500.0,6698500.0
1397,2021-10-06 07:04:56,50300.0,3900.0,6698000.0
1398,2021-10-06 07:04:50,50200.0,3300.0,6694100.0
1399,2021-10-06 07:04:50,50200.0,200.0,6690800.0
1400,2021-10-06 07:04:50,50200.0,100.0,6690600.0
1401,2021-10-06 07:04:50,50200.0,500.0,6690500.0
1402,2021-10-06 07:04:50,50200.0,300.0,6690000.0
1403,2021-10-06 07:04:50,50200.0,100.0,6689700.0
1404,2021-10-06 07:04:50,50200.0,500.0,6689600.0
1405,2021-10-06 07:04:50,50200.0,100.0,6689100.0
1406,2021-10-06 07:04:50,50200.0,1000.0,6689000.0
1407,2021-10-06 07:04:50,50200.0,800.0,6688000.0
1408,2021-10-06 07:04:50,50200.0,5000.0,6687200.0
1409,2021-10-06 07:04:50,50200.0,300.0,6682200.0
1410,2021-10-06 07:04:50,50200.0,500.0,6681900.0
1411,2021-10-06 07:04:50,50200.0,1000.0,6681400.0
1412,2021-10-06 07:04:50,50200.0,1000.0,6680400.0
1413,2021-10-06 07:04:50,50200.0,3000.0,6679400.0
1414,2021-10-06 07:04:50,50200.0,200.0,6676400.0
1415,2021-10-06 07:04:50,50200.0,20000.0,6676200.0
1416,2021-10-06 07:04:50,50200.0,600.0,6656200.0
1417,2021-10-06 07:04:50,50200.0,300.0,6655600.0
1418,2021-10-06 07:04:50,50200.0,1000.0,6655300.0
1419,2021-10-06 07:04:50,50200.0,200.0,6654300.0
1420,2021-10-06 07:04:50,50200.0,1000.0,6654100.0
1421,2021-10-06 07:04:50,50200.0,2000.0,6653100.0
1422,2021-10-06 07:04:50,50200.0,400.0,6651100.0
1423,2021-10-06 07:04:50,50200.0,800.0,6650700.0
1424,2021-10-06 07:04:50,50200.0,100.0,6649900.0
1425,2021-10-06 07:04:50,50200.0,600.0,6649800.0
1426,2021-10-06 07:04:50,50200.0,600.0,6649200.0
1427,2021-10-06 07:04:50,50200.0,500.0,6648600.0
1428,2021-10-06 07:04:50,50200.0,1000.0,6648100.0
1429,2021-10-06 07:04:50,50200.0,200.0,6647100.0
1430,2021-10-06 07:04:50,50200.0,600.0,6646900.0
1431,2021-10-06 07:04:50,50200.0,300.0,6646300.0
1432,2021-10-06 07:04:50,50200.0,200.0,6646000.0
1433,2021-10-06 07:04:50,50200.0,300.0,6645800.0
1434,2021-10-06 07:04:50,50200.0,200.0,6645500.0
1435,2021-10-06 07:04:50,50200.0,1200.0,6645300.0
1436,2021-10-06 07:04:48,50300.0,15000.0,6644100.0
1437,2021-10-06 07:04:44,50300.0,25000.0,6629100.0
1438,2021-10-06 07:04:44,50300.0,1000.0,6604100.0
1439,2021-10-06 07:04:36,50300.0,3800.0,6603100.0
1440,2021-10-06 07:04:28,50200.0,100.0,6599300.0
1441,2021-10-06 07:04:25,50300.0,1000.0,6599200.0
1442,2021-10-06 07:04:22,50200.0,100.0,6598200.0
1443,2021-10-06 07:04:19,50200.0,1000.0,6598100.0
1444,2021-10-06 07:04:19,50200.0,100.0,6597100.0
1445,2021-10-06 07:04:19,50200.0,1000.0,6597000.0
1446,2021-10-06 07:04:19,50200.0,500.0,6596000.0
1447,2021-10-06 07:04:19,50200.0,1500.0,6595500.0
1448,2021-10-06 07:04:19,50200.0,10000.0,6594000.0
1449,2021-10-06 07:04:19,50200.0,1200.0,6584000.0
1450,2021-10-06 07:04:19,50200.0,100.0,6582800.0
1451,2021-10-06 07:04:19,50200.0,1200.0,6582700.0
1452,2021-10-06 07:04:19,50200.0,3400.0,6581500.0
1453,2021-10-06 07:04:12,50300.0,200.0,6578100.0
1454,2021-10-06 07:04:10,50300.0,300.0,6577900.0
1455,2021-10-06 07:04:10,50300.0,5000.0,6577600.0
1456,2021-10-06 07:04:09,50300.0,200.0,6572600.0
1457,2021-10-06 07:04:09,50300.0,1000.0,6572400.0
1458,2021-10-06 07:04:09,50300.0,3600.0,6571400.0
1459,2021-10-06 07:04:08,50300.0,400.0,6567800.0
1460,2021-10-06 07:04:08,50300.0,600.0,6567400.0
1461,2021-10-06 07:04:06,50300.0,400.0,6566800.0
1462,2021-10-06 07:04:06,50300.0,100.0,6566400.0
1463,2021-10-06 07:04:06,50300.0,1000.0,6566300.0
1464,2021-10-06 07:04:06,50300.0,200.0,6565300.0
1465,2021-10-06 07:04:06,50300.0,1300.0,6565100.0
1466,2021-10-06 07:04:06,50300.0,500.0,6563800.0
1467,2021-10-06 07:04:04,50300.0,100.0,6563300.0
1468,2021-10-06 07:04:02,50300.0,100.0,6563200.0
1469,2021-10-06 07:03:57,50300.0,100.0,6563100.0
1470,2021-10-06 07:03:57,50300.0,1500.0,6563000.0
1471,2021-10-06 07:03:57,50300.0,18400.0,6561500.0
1472,2021-10-06 07:03:57,50400.0,100.0,6543100.0
1473,2021-10-06 07:03:55,50300.0,1600.0,6543000.0
1474,2021-10-06 07:03:55,50300.0,200.0,6541400.0
1475,2021-10-06 07:03:55,50300.0,200.0,6541200.0
1476,2021-10-06 07:03:55,50300.0,1000.0,6541000.0
1477,2021-10-06 07:03:55,50300.0,200.0,6540000.0
1478,2021-10-06 07:03:52,50300.0,100.0,6539800.0
1479,2021-10-06 07:03:52,50300.0,3700.0,6539700.0
1480,2021-10-06 07:03:52,50300.0,3000.0,6536000.0
1481,2021-10-06 07:03:52,50300.0,1000.0,6533000.0
1482,2021-10-06 07:03:52,50300.0,3000.0,6532000.0
1483,2021-10-06 07:03:52,50300.0,9300.0,6529000.0
1484,2021-10-06 07:03:51,50400.0,300.0,6519700.0
1485,2021-10-06 07:03:49,50300.0,200.0,6519400.0
1486,2021-10-06 07:03:48,50300.0,1000.0,6519200.0
1487,2021-10-06 07:03:45,50300.0,3000.0,6518200.0
1488,2021-10-06 07:03:39,50300.0,200.0,6515200.0
1489,2021-10-06 07:03:39,50300.0,100.0,6515000.0
1490,2021-10-06 07:03:37,50300.0,2000.0,6514900.0
1491,2021-10-06 07:03:36,50400.0,500.0,6512900.0
1492,2021-10-06 07:03:36,50300.0,500.0,6512400.0
1493,2021-10-06 07:03:34,50300.0,100.0,6511900.0
1494,2021-10-06 07:03:32,50300.0,100.0,6511800.0
1495,2021-10-06 07:03:32,50300.0,500.0,6511700.0
1496,2021-10-06 07:03:32,50300.0,2000.0,6511200.0
1497,2021-10-06 07:03:32,50300.0,1000.0,6509200.0
1498,2021-10-06 07:03:30,50200.0,100.0,6508200.0
1499,2021-10-06 07:03:28,50300.0,200.0,6508100.0
1500,2021-10-06 07:03:25,50300.0,200.0,6507900.0
1501,2021-10-06 07:03:23,50300.0,600.0,6507700.0
1502,2021-10-06 07:03:23,50300.0,400.0,6507100.0
1503,2021-10-06 07:03:20,50300.0,800.0,6506700.0
1504,2021-10-06 07:03:20,50300.0,1000.0,6505900.0
1505,2021-10-06 07:03:20,50300.0,100.0,6504900.0
1506,2021-10-06 07:03:20,50300.0,1000.0,6504800.0
1507,2021-10-06 07:03:20,50300.0,100.0,6503800.0
1508,2021-10-06 07:03:20,50300.0,200.0,6503700.0
1509,2021-10-06 07:03:20,50300.0,1000.0,6503500.0
1510,2021-10-06 07:03:20,50300.0,600.0,6502500.0
1511,2021-10-06 07:03:19,50300.0,400.0,6501900.0
1512,2021-10-06 07:03:19,50300.0,200.0,6501500.0
1513,2021-10-06 07:03:17,50300.0,300.0,6501300.0
1514,2021-10-06 07:03:12,50300.0,400.0,6501000.0
1515,2021-10-06 07:03:08,50300.0,200.0,6500600.0
1516,2021-10-06 07:03:08,50300.0,2000.0,6500400.0
1517,2021-10-06 07:03:05,50300.0,100.0,6498400.0
1518,2021-10-06 07:02:59,50300.0,1500.0,6498300.0
1519,2021-10-06 07:02:59,50300.0,300.0,6496800.0
1520,2021-10-06 07:02:59,50300.0,100.0,6496500.0
1521,2021-10-06 07:02:59,50300.0,100.0,6496400.0
1522,2021-10-06 07:02:59,50300.0,3000.0,6496300.0
1523,2021-10-06 07:02:58,50300.0,100.0,6493300.0
1524,2021-10-06 07:02:57,50300.0,800.0,6493200.0
1525,2021-10-06 07:02:57,50300.0,1200.0,6492400.0
1526,2021-10-06 07:02:56,50300.0,400.0,6491200.0
1527,2021-10-06 07:02:56,50300.0,100.0,6490800.0
1528,2021-10-06 07:02:55,50300.0,1000.0,6490700.0
1529,2021-10-06 07:02:52,50300.0,500.0,6489700.0
1530,2021-10-06 07:02:50,50300.0,500.0,6489200.0
1531,2021-10-06 07:02:50,50300.0,500.0,6488700.0
1532,2021-10-06 07:02:50,50300.0,5000.0,6488200.0
1533,2021-10-06 07:02:50,50300.0,500.0,6483200.0
1534,2021-10-06 07:02:50,50300.0,1000.0,6482700.0
1535,2021-10-06 07:02:50,50300.0,100.0,6481700.0
1536,2021-10-06 07:02:50,50300.0,4000.0,6481600.0
1537,2021-10-06 07:02:50,50300.0,700.0,6477600.0
1538,2021-10-06 07:02:50,50300.0,10000.0,6476900.0
1539,2021-10-06 07:02:50,50300.0,1000.0,6466900.0
1540,2021-10-06 07:02:50,50300.0,4000.0,6465900.0
1541,2021-10-06 07:02:50,50300.0,100.0,6461900.0
1542,2021-10-06 07:02:50,50300.0,300.0,6461800.0
1543,2021-10-06 07:02:50,50300.0,5000.0,6461500.0
1544,2021-10-06 07:02:50,50300.0,500.0,6456500.0
1545,2021-10-06 07:02:50,50300.0,1000.0,6456000.0
1546,2021-10-06 07:02:50,50300.0,800.0,6455000.0
1547,2021-10-06 07:02:50,50300.0,11800.0,6454200.0
1548,2021-10-06 07:02:50,50400.0,400.0,6442400.0
1549,2021-10-06 07:02:48,50400.0,300.0,6442000.0
1550,2021-10-06 07:02:48,50400.0,200.0,6441700.0
1551,2021-10-06 07:02:46,50300.0,200.0,6441500.0
1552,2021-10-06 07:02:44,50400.0,200.0,6441300.0
1553,2021-10-06 07:02:41,50300.0,100.0,6441100.0
1554,2021-10-06 07:02:38,50400.0,500.0,6441000.0
1555,2021-10-06 07:02:30,50300.0,200.0,6440500.0
1556,2021-10-06 07:02:30,50300.0,300.0,6440300.0
1557,2021-10-06 07:02:29,50300.0,3000.0,6440000.0
1558,2021-10-06 07:02:25,50400.0,100.0,6437000.0
1559,2021-10-06 07:02:25,50400.0,900.0,6436900.0
1560,2021-10-06 07:02:23,50300.0,200.0,6436000.0
1561,2021-10-06 07:02:22,50300.0,1200.0,6435800.0
1562,2021-10-06 07:02:19,50300.0,1000.0,6434600.0
1563,2021-10-06 07:02:19,50300.0,200.0,6433600.0
1564,2021-10-06 07:02:16,50300.0,1000.0,6433400.0
1565,2021-10-06 07:02:10,50300.0,800.0,6432400.0
1566,2021-10-06 07:02:10,50300.0,1000.0,6431600.0
1567,2021-10-06 07:02:10,50300.0,1200.0,6430600.0
1568,2021-10-06 07:02:03,50300.0,200.0,6429400.0
1569,2021-10-06 07:02:02,50400.0,100.0,6429200.0
1570,2021-10-06 07:02:02,50400.0,300.0,6429100.0
1571,2021-10-06 07:02:02,50400.0,500.0,6428800.0
1572,2021-10-06 07:02:02,50400.0,100.0,6428300.0
1573,2021-10-06 07:02:02,50400.0,100.0,6428200.0
1574,2021-10-06 07:02:02,50300.0,500.0,6428100.0
1575,2021-10-06 07:02:00,50300.0,500.0,6427600.0
1576,2021-10-06 07:01:59,50300.0,100.0,6427100.0
1577,2021-10-06 07:01:55,50300.0,600.0,6427000.0
1578,2021-10-06 07:01:51,50300.0,4000.0,6426400.0
1579,2021-10-06 07:01:51,50300.0,200.0,6422400.0
1580,2021-10-06 07:01:51,50300.0,100.0,6422200.0
1581,2021-10-06 07:01:51,50300.0,100.0,6422100.0
1582,2021-10-06 07:01:51,50300.0,100.0,6422000.0
1583,2021-10-06 07:01:51,50300.0,1000.0,6421900.0
1584,2021-10-06 07:01:51,50300.0,1400.0,6420900.0
1585,2021-10-06 07:01:50,50300.0,100.0,6419500.0
1586,2021-10-06 07:01:50,50300.0,200.0,6419400.0
1587,2021-10-06 07:01:50,50300.0,100.0,6419200.0
1588,2021-10-06 07:01:50,50300.0,200.0,6419100.0
1589,2021-10-06 07:01:50,50300.0,100.0,6418900.0
1590,2021-10-06 07:01:50,50300.0,300.0,6418800.0
1591,2021-10-06 07:01:50,50300.0,100.0,6418500.0
1592,2021-10-06 07:01:50,50300.0,100.0,6418400.0
1593,2021-10-06 07:01:50,50300.0,500.0,6418300.0
1594,2021-10-06 07:01:50,50300.0,200.0,6417800.0
1595,2021-10-06 07:01:50,50300.0,500.0,6417600.0
1596,2021-10-06 07:01:50,50300.0,2000.0,6417100.0
1597,2021-10-06 07:01:50,50300.0,1400.0,6415100.0
1598,2021-10-06 07:01:50,50300.0,500.0,6413700.0
1599,2021-10-06 07:01:50,50300.0,2000.0,6413200.0
1600,2021-10-06 07:01:50,50300.0,200.0,6411200.0
1601,2021-10-06 07:01:50,50300.0,200.0,6411000.0
1602,2021-10-06 07:01:50,50300.0,100.0,6410800.0
1603,2021-10-06 07:01:50,50300.0,100.0,6410700.0
1604,2021-10-06 07:01:50,50300.0,100.0,6410600.0
1605,2021-10-06 07:01:50,50300.0,100.0,6410500.0
1606,2021-10-06 07:01:50,50300.0,900.0,6410400.0
1607,2021-10-06 07:01:49,50300.0,100.0,6409500.0
1608,2021-10-06 07:01:49,50300.0,200.0,6409400.0
1609,2021-10-06 07:01:49,50300.0,100.0,6409200.0
1610,2021-10-06 07:01:49,50300.0,200.0,6409100.0
1611,2021-10-06 07:01:49,50300.0,100.0,6408900.0
1612,2021-10-06 07:01:49,50300.0,3000.0,6408800.0
1613,2021-10-06 07:01:49,50300.0,100.0,6405800.0
1614,2021-10-06 07:01:49,50300.0,100.0,6405700.0
1615,2021-10-06 07:01:49,50300.0,200.0,6405600.0
1616,2021-10-06 07:01:49,50300.0,100.0,6405400.0
1617,2021-10-06 07:01:49,50300.0,500.0,6405300.0
1618,2021-10-06 07:01:49,50300.0,300.0,6404800.0
1619,2021-10-06 07:01:48,50200.0,200.0,6404500.0
1620,2021-10-06 07:01:47,50300.0,700.0,6404300.0
1621,2021-10-06 07:01:47,50300.0,300.0,6403600.0
1622,2021-10-06 07:01:43,50300.0,700.0,6403300.0
1623,2021-10-06 07:01:43,50300.0,500.0,6402600.0
1624,2021-10-06 07:01:43,50300.0,300.0,6402100.0
1625,2021-10-06 07:01:42,50300.0,200.0,6401800.0
1626,2021-10-06 07:01:42,50300.0,800.0,6401600.0
1627,2021-10-06 07:01:40,50300.0,200.0,6400800.0
1628,2021-10-06 07:01:40,50300.0,100.0,6400600.0
1629,2021-10-06 07:01:40,50300.0,700.0,6400500.0
1630,2021-10-06 07:01:39,50200.0,1000.0,6399800.0
1631,2021-10-06 07:01:38,50300.0,4300.0,6398800.0
1632,2021-10-06 07:01:38,50300.0,2000.0,6394500.0
1633,2021-10-06 07:01:38,50300.0,100.0,6392500.0
1634,2021-10-06 07:01:38,50300.0,100.0,6392400.0
1635,2021-10-06 07:01:38,50300.0,2000.0,6392300.0
1636,2021-10-06 07:01:38,50300.0,100.0,6390300.0
1637,2021-10-06 07:01:38,50300.0,200.0,6390200.0
1638,2021-10-06 07:01:38,50300.0,1000.0,6390000.0
1639,2021-10-06 07:01:38,50300.0,100.0,6389000.0
1640,2021-10-06 07:01:38,50300.0,100.0,6388900.0
1641,2021-10-06 07:01:38,50300.0,500.0,6388800.0
1642,2021-10-06 07:01:38,50300.0,1500.0,6388300.0
1643,2021-10-06 07:01:38,50300.0,500.0,6386800.0
1644,2021-10-06 07:01:38,50300.0,10000.0,6386300.0
1645,2021-10-06 07:01:38,50300.0,300.0,6376300.0
1646,2021-10-06 07:01:38,50300.0,3000.0,6376000.0
1647,2021-10-06 07:01:38,50300.0,200.0,6373000.0
1648,2021-10-06 07:01:38,50300.0,100.0,6372800.0
1649,2021-10-06 07:01:38,50300.0,200.0,6372700.0
1650,2021-10-06 07:01:38,50300.0,1000.0,6372500.0
1651,2021-10-06 07:01:38,50300.0,500.0,6371500.0
1652,2021-10-06 07:01:38,50300.0,2000.0,6371000.0
1653,2021-10-06 07:01:38,50300.0,200.0,6369000.0
1654,2021-10-06 07:01:36,50300.0,300.0,6368800.0
1655,2021-10-06 07:01:36,50300.0,700.0,6368500.0
1656,2021-10-06 07:01:33,50200.0,200.0,6367800.0
1657,2021-10-06 07:01:32,50200.0,100.0,6367600.0
1658,2021-10-06 07:01:32,50200.0,100.0,6367500.0
1659,2021-10-06 07:01:32,50200.0,200.0,6367400.0
1660,2021-10-06 07:01:32,50200.0,100.0,6367200.0
1661,2021-10-06 07:01:32,50200.0,100.0,6367100.0
1662,2021-10-06 07:01:31,50200.0,400.0,6367000.0
1663,2021-10-06 07:01:30,50200.0,500.0,6366600.0
1664,2021-10-06 07:01:30,50200.0,500.0,6366100.0
1665,2021-10-06 07:01:29,50200.0,500.0,6365600.0
1666,2021-10-06 07:01:28,50300.0,300.0,6365100.0
1667,2021-10-06 07:01:28,50300.0,2000.0,6364800.0
1668,2021-10-06 07:01:28,50300.0,600.0,6362800.0
1669,2021-10-06 07:01:28,50300.0,100.0,6362200.0
1670,2021-10-06 07:01:28,50300.0,500.0,6362100.0
1671,2021-10-06 07:01:28,50300.0,500.0,6361600.0
1672,2021-10-06 07:01:28,50300.0,500.0,6361100.0
1673,2021-10-06 07:01:28,50300.0,100.0,6360600.0
1674,2021-10-06 07:01:28,50300.0,100.0,6360500.0
1675,2021-10-06 07:01:28,50300.0,300.0,6360400.0
1676,2021-10-06 07:01:28,50300.0,200.0,6360100.0
1677,2021-10-06 07:01:28,50300.0,500.0,6359900.0
1678,2021-10-06 07:01:28,50300.0,10000.0,6359400.0
1679,2021-10-06 07:01:28,50300.0,1000.0,6349400.0
1680,2021-10-06 07:01:28,50300.0,1000.0,6348400.0
1681,2021-10-06 07:01:28,50300.0,400.0,6347400.0
1682,2021-10-06 07:01:28,50300.0,200.0,6347000.0
1683,2021-10-06 07:01:28,50300.0,200.0,6346800.0
1684,2021-10-06 07:01:28,50300.0,7900.0,6346600.0
1685,2021-10-06 07:01:25,50300.0,1000.0,6338700.0
1686,2021-10-06 07:01:24,50300.0,11100.0,6337700.0
1687,2021-10-06 07:01:24,50300.0,200.0,6326600.0
1688,2021-10-06 07:01:24,50300.0,100.0,6326400.0
1689,2021-10-06 07:01:24,50300.0,5000.0,6326300.0
1690,2021-10-06 07:01:24,50300.0,700.0,6321300.0
1691,2021-10-06 07:01:24,50300.0,100.0,6320600.0
1692,2021-10-06 07:01:24,50300.0,1000.0,6320500.0
1693,2021-10-06 07:01:24,50300.0,1700.0,6319500.0
1694,2021-10-06 07:01:24,50300.0,5000.0,6317800.0
1695,2021-10-06 07:01:24,50300.0,400.0,6312800.0
1696,2021-10-06 07:01:24,50300.0,500.0,6312400.0
1697,2021-10-06 07:01:24,50300.0,800.0,6311900.0
1698,2021-10-06 07:01:24,50300.0,200.0,6311100.0
1699,2021-10-06 07:01:24,50300.0,500.0,6310900.0
1700,2021-10-06 07:01:24,50300.0,100.0,6310400.0
1701,2021-10-06 07:01:24,50300.0,100.0,6310300.0
1702,2021-10-06 07:01:24,50300.0,800.0,6310200.0
1703,2021-10-06 07:01:24,50300.0,4000.0,6309400.0
1704,2021-10-06 07:01:24,50300.0,1000.0,6305400.0
1705,2021-10-06 07:01:24,50300.0,500.0,6304400.0
1706,2021-10-06 07:01:24,50300.0,5000.0,6303900.0
1707,2021-10-06 07:01:24,50300.0,300.0,6298900.0
1708,2021-10-06 07:01:24,50300.0,900.0,6298600.0
1709,2021-10-06 07:01:22,50200.0,200.0,6297700.0
1710,2021-10-06 07:01:22,50200.0,100.0,6297500.0
1711,2021-10-06 07:01:22,50200.0,200.0,6297400.0
1712,2021-10-06 07:01:22,50200.0,100.0,6297200.0
1713,2021-10-06 07:01:20,50200.0,1000.0,6297100.0
1714,2021-10-06 07:01:13,50200.0,100.0,6296100.0
1715,2021-10-06 07:01:13,50200.0,100.0,6296000.0
1716,2021-10-06 07:01:10,50200.0,200.0,6295900.0
1717,2021-10-06 07:01:06,50200.0,200.0,6295700.0
1718,2021-10-06 07:01:06,50200.0,100.0,6295500.0
1719,2021-10-06 07:01:05,50200.0,200.0,6295400.0
1720,2021-10-06 07:01:04,50300.0,500.0,6295200.0
1721,2021-10-06 07:00:59,50200.0,100.0,6294700.0
1722,2021-10-06 07:00:57,50200.0,100.0,6294600.0
1723,2021-10-06 07:00:55,50200.0,100.0,6294500.0
1724,2021-10-06 07:00:54,50300.0,100.0,6294400.0
1725,2021-10-06 07:00:49,50200.0,100.0,6294300.0
1726,2021-10-06 07:00:46,50200.0,100.0,6294200.0
1727,2021-10-06 07:00:46,50300.0,1500.0,6294100.0
1728,2021-10-06 07:00:46,50300.0,200.0,6292600.0
1729,2021-10-06 07:00:46,50300.0,1000.0,6292400.0
1730,2021-10-06 07:00:46,50300.0,600.0,6291400.0
1731,2021-10-06 07:00:46,50300.0,100.0,6290800.0
1732,2021-10-06 07:00:46,50300.0,200.0,6290700.0
1733,2021-10-06 07:00:46,50300.0,100.0,6290500.0
1734,2021-10-06 07:00:46,50300.0,100.0,6290400.0
1735,2021-10-06 07:00:46,50300.0,200.0,6290300.0
1736,2021-10-06 07:00:46,50300.0,100.0,6290100.0
1737,2021-10-06 07:00:46,50300.0,900.0,6290000.0
1738,2021-10-06 07:00:44,50300.0,100.0,6289100.0
1739,2021-10-06 07:00:44,50300.0,200.0,6289000.0
1740,2021-10-06 07:00:44,50200.0,2700.0,6288800.0
1741,2021-10-06 07:00:26,50200.0,300.0,6286100.0
1742,2021-10-06 07:00:23,50300.0,100.0,6285800.0
1743,2021-10-06 07:00:22,50200.0,1000.0,6285700.0
1744,2021-10-06 07:00:21,50300.0,200.0,6284700.0
1745,2021-10-06 07:00:21,50300.0,100.0,6284500.0
1746,2021-10-06 07:00:21,50200.0,100.0,6284400.0
1747,2021-10-06 07:00:18,50200.0,100.0,6284300.0
1748,2021-10-06 07:00:18,50200.0,100.0,6284200.0
1749,2021-10-06 07:00:18,50200.0,200.0,6284100.0
1750,2021-10-06 07:00:14,50200.0,500.0,6283900.0
1751,2021-10-06 07:00:12,50200.0,200.0,6283400.0
1752,2021-10-06 07:00:08,50200.0,2000.0,6283200.0
1753,2021-10-06 07:00:03,50200.0,100.0,6281200.0
1754,2021-10-06 07:00:01,50300.0,400.0,6281100.0
1755,2021-10-06 07:00:01,50300.0,100.0,6280700.0
1756,2021-10-06 06:59:59,50200.0,200.0,6280600.0
1757,2021-10-06 06:59:59,50200.0,100.0,6280400.0
1758,2021-10-06 06:59:59,50200.0,300.0,6280300.0
1759,2021-10-06 06:59:59,50200.0,400.0,6280000.0
1760,2021-10-06 06:59:55,50300.0,100.0,6279600.0
1761,2021-10-06 06:59:52,50300.0,400.0,6279500.0
1762,2021-10-06 06:59:52,50300.0,100.0,6279100.0
1763,2021-10-06 06:59:44,50200.0,200.0,6279000.0
1764,2021-10-06 06:59:39,50200.0,500.0,6278800.0
1765,2021-10-06 06:59:36,50200.0,900.0,6278300.0
1766,2021-10-06 06:59:36,50200.0,1100.0,6277400.0
1767,2021-10-06 06:59:35,50200.0,1300.0,6276300.0
1768,2021-10-06 06:59:34,50200.0,500.0,6275000.0
1769,2021-10-06 06:59:34,50200.0,100.0,6274500.0
1770,2021-10-06 06:59:33,50200.0,5000.0,6274400.0
1771,2021-10-06 06:59:29,50200.0,6900.0,6269400.0
1772,2021-10-06 06:59:28,50200.0,200.0,6262500.0
1773,2021-10-06 06:59:28,50300.0,100.0,6262300.0
1774,2021-10-06 06:59:28,50300.0,100.0,6262200.0
1775,2021-10-06 06:59:26,50200.0,500.0,6262100.0
1776,2021-10-06 06:59:24,50200.0,3000.0,6261600.0
1777,2021-10-06 06:59:21,50200.0,200.0,6258600.0
1778,2021-10-06 06:59:19,50200.0,200.0,6258400.0
1779,2021-10-06 06:59:19,50300.0,3300.0,6258200.0
1780,2021-10-06 06:59:16,50200.0,1000.0,6254900.0
1781,2021-10-06 06:59:16,50200.0,500.0,6253900.0
1782,2021-10-06 06:59:13,50200.0,100.0,6253400.0
1783,2021-10-06 06:59:12,50200.0,800.0,6253300.0
1784,2021-10-06 06:59:11,50200.0,200.0,6252500.0
1785,2021-10-06 06:59:11,50200.0,200.0,6252300.0
1786,2021-10-06 06:59:11,50200.0,300.0,6252100.0
1787,2021-10-06 06:59:11,50200.0,100.0,6251800.0
1788,2021-10-06 06:59:11,50300.0,300.0,6251700.0
1789,2021-10-06 06:59:08,50200.0,200.0,6251400.0
1790,2021-10-06 06:59:07,50200.0,100.0,6251200.0
1791,2021-10-06 06:59:06,50200.0,500.0,6251100.0
1792,2021-10-06 06:59:06,50200.0,500.0,6250600.0
1793,2021-10-06 06:59:05,50200.0,1000.0,6250100.0
1794,2021-10-06 06:59:04,50200.0,1800.0,6249100.0
1795,2021-10-06 06:59:03,50200.0,100.0,6247300.0
1796,2021-10-06 06:58:55,50200.0,100.0,6247200.0
1797,2021-10-06 06:58:52,50200.0,1500.0,6247100.0
1798,2021-10-06 06:58:52,50200.0,800.0,6245600.0
1799,2021-10-06 06:58:47,50200.0,200.0,6244800.0
1800,2021-10-06 06:58:46,50200.0,200.0,6244600.0
1801,2021-10-06 06:58:41,50200.0,2500.0,6244400.0
1802,2021-10-06 06:58:39,50200.0,200.0,6241900.0
1803,2021-10-06 06:58:38,50200.0,100.0,6241700.0
1804,2021-10-06 06:58:35,50200.0,1000.0,6241600.0
1805,2021-10-06 06:58:35,50200.0,500.0,6240600.0
1806,2021-10-06 06:58:34,50200.0,500.0,6240100.0
1807,2021-10-06 06:58:34,50200.0,500.0,6239600.0
1808,2021-10-06 06:58:34,50200.0,200.0,6239100.0
1809,2021-10-06 06:58:34,50200.0,100.0,6238900.0
1810,2021-10-06 06:58:34,50200.0,200.0,6238800.0
1811,2021-10-06 06:58:34,50200.0,100.0,6238600.0
1812,2021-10-06 06:58:34,50200.0,100.0,6238500.0
1813,2021-10-06 06:58:34,50200.0,100.0,6238400.0
1814,2021-10-06 06:58:34,50200.0,900.0,6238300.0
1815,2021-10-06 06:58:34,50200.0,100.0,6237400.0
1816,2021-10-06 06:58:34,50200.0,1000.0,6237300.0
1817,2021-10-06 06:58:33,50200.0,500.0,6236300.0
1818,2021-10-06 06:58:32,50300.0,100.0,6235800.0
1819,2021-10-06 06:58:32,50200.0,700.0,6235700.0
1820,2021-10-06 06:58:29,50200.0,100.0,6235000.0
1821,2021-10-06 06:58:27,50200.0,1000.0,6234900.0
1822,2021-10-06 06:58:27,50200.0,300.0,6233900.0
1823,2021-10-06 06:58:24,50200.0,2500.0,6233600.0
1824,2021-10-06 06:58:24,50200.0,200.0,6231100.0
1825,2021-10-06 06:58:24,50200.0,100.0,6230900.0
1826,2021-10-06 06:58:24,50200.0,100.0,6230800.0
1827,2021-10-06 06:58:22,50200.0,400.0,6230700.0
1828,2021-10-06 06:58:22,50200.0,1600.0,6230300.0
1829,2021-10-06 06:58:21,50200.0,1000.0,6228700.0
1830,2021-10-06 06:58:20,50200.0,500.0,6227700.0
1831,2021-10-06 06:58:19,50200.0,700.0,6227200.0
1832,2021-10-06 06:58:17,50200.0,100.0,6226500.0
1833,2021-10-06 06:58:16,50300.0,100.0,6226400.0
1834,2021-10-06 06:58:12,50200.0,100.0,6226300.0
1835,2021-10-06 06:58:12,50200.0,200.0,6226200.0
1836,2021-10-06 06:58:12,50200.0,700.0,6226000.0
1837,2021-10-06 06:58:11,50200.0,200.0,6225300.0
1838,2021-10-06 06:58:11,50200.0,400.0,6225100.0
1839,2021-10-06 06:58:10,50200.0,700.0,6224700.0
1840,2021-10-06 06:58:10,50200.0,1300.0,6224000.0
1841,2021-10-06 06:58:09,50200.0,2000.0,6222700.0
1842,2021-10-06 06:58:00,50200.0,200.0,6220700.0
1843,2021-10-06 06:58:00,50200.0,2600.0,6220500.0
1844,2021-10-06 06:57:58,50200.0,100.0,6217900.0
1845,2021-10-06 06:57:56,50200.0,500.0,6217800.0
1846,2021-10-06 06:57:56,50200.0,200.0,6217300.0
1847,2021-10-06 06:57:56,50200.0,100.0,6217100.0
1848,2021-10-06 06:57:56,50200.0,200.0,6217000.0
1849,2021-10-06 06:57:56,50200.0,700.0,6216800.0
1850,2021-10-06 06:57:55,50200.0,300.0,6216100.0
1851,2021-10-06 06:57:55,50200.0,200.0,6215800.0
1852,2021-10-06 06:57:55,50200.0,200.0,6215600.0
1853,2021-10-06 06:57:53,50300.0,6100.0,6215400.0
1854,2021-10-06 06:57:53,50300.0,500.0,6209300.0
1855,2021-10-06 06:57:53,50300.0,500.0,6208800.0
1856,2021-10-06 06:57:53,50300.0,1000.0,6208300.0
1857,2021-10-06 06:57:53,50300.0,1000.0,6207300.0
1858,2021-10-06 06:57:53,50300.0,1500.0,6206300.0
1859,2021-10-06 06:57:53,50300.0,12000.0,6204800.0
1860,2021-10-06 06:57:53,50300.0,1000.0,6192800.0
1861,2021-10-06 06:57:53,50300.0,300.0,6191800.0
1862,2021-10-06 06:57:53,50300.0,1000.0,6191500.0
1863,2021-10-06 06:57:53,50300.0,100.0,6190500.0
1864,2021-10-06 06:57:53,50300.0,200.0,6190400.0
1865,2021-10-06 06:57:53,50300.0,100.0,6190200.0
1866,2021-10-06 06:57:53,50300.0,100.0,6190100.0
1867,2021-10-06 06:57:53,50300.0,300.0,6190000.0
1868,2021-10-06 06:57:53,50300.0,100.0,6189700.0
1869,2021-10-06 06:57:53,50300.0,400.0,6189600.0
1870,2021-10-06 06:57:53,50300.0,100.0,6189200.0
1871,2021-10-06 06:57:53,50300.0,900.0,6189100.0
1872,2021-10-06 06:57:53,50300.0,300.0,6188200.0
1873,2021-10-06 06:57:53,50300.0,100.0,6187900.0
1874,2021-10-06 06:57:53,50300.0,100.0,6187800.0
1875,2021-10-06 06:57:53,50300.0,2000.0,6187700.0
1876,2021-10-06 06:57:53,50300.0,300.0,6185700.0
1877,2021-10-06 06:57:52,50200.0,100.0,6185400.0
1878,2021-10-06 06:57:52,50200.0,300.0,6185300.0
1879,2021-10-06 06:57:52,50200.0,200.0,6185000.0
1880,2021-10-06 06:57:52,50200.0,1000.0,6184800.0
1881,2021-10-06 06:57:50,50200.0,700.0,6183800.0
1882,2021-10-06 06:57:49,50200.0,300.0,6183100.0
1883,2021-10-06 06:57:49,50200.0,100.0,6182800.0
1884,2021-10-06 06:57:49,50200.0,1000.0,6182700.0
1885,2021-10-06 06:57:48,50200.0,500.0,6181700.0
1886,2021-10-06 06:57:47,50200.0,1000.0,6181200.0
1887,2021-10-06 06:57:38,50200.0,1500.0,6180200.0
1888,2021-10-06 06:57:38,50200.0,200.0,6178700.0
1889,2021-10-06 06:57:38,50200.0,200.0,6178500.0
1890,2021-10-06 06:57:38,50200.0,2300.0,6178300.0
1891,2021-10-06 06:57:38,50200.0,4000.0,6176000.0
1892,2021-10-06 06:57:37,50200.0,200.0,6172000.0
1893,2021-10-06 06:57:33,50200.0,2000.0,6171800.0
1894,2021-10-06 06:57:33,50200.0,1500.0,6169800.0
1895,2021-10-06 06:57:33,50200.0,2000.0,6168300.0
1896,2021-10-06 06:57:32,50200.0,100.0,6166300.0
1897,2021-10-06 06:57:31,50200.0,400.0,6166200.0
1898,2021-10-06 06:57:30,50200.0,500.0,6165800.0
1899,2021-10-06 06:57:27,50200.0,8000.0,6165300.0
1900,2021-10-06 06:57:25,50200.0,2200.0,6157300.0
1901,2021-10-06 06:57:25,50200.0,5300.0,6155100.0
1902,2021-10-06 06:57:24,50200.0,100.0,6149800.0
1903,2021-10-06 06:57:24,50200.0,9600.0,6149700.0
1904,2021-10-06 06:57:20,50200.0,300.0,6140100.0
1905,2021-10-06 06:57:16,50200.0,100.0,6139800.0
1906,2021-10-06 06:57:15,50200.0,100.0,6139700.0
1907,2021-10-06 06:57:13,50100.0,1200.0,6139600.0
1908,2021-10-06 06:57:13,50200.0,500.0,6138400.0
1909,2021-10-06 06:57:13,50200.0,5000.0,6137900.0
1910,2021-10-06 06:57:13,50200.0,500.0,6132900.0
1911,2021-10-06 06:57:13,50200.0,2500.0,6132400.0
1912,2021-10-06 06:57:13,50200.0,1000.0,6129900.0
1913,2021-10-06 06:57:13,50200.0,200.0,6128900.0
1914,2021-10-06 06:57:13,50200.0,100.0,6128700.0
1915,2021-10-06 06:57:13,50200.0,500.0,6128600.0
1916,2021-10-06 06:57:13,50200.0,200.0,6128100.0
1917,2021-10-06 06:57:13,50200.0,200.0,6127900.0
1918,2021-10-06 06:57:13,50200.0,100.0,6127700.0
1919,2021-10-06 06:57:13,50200.0,100.0,6127600.0
1920,2021-10-06 06:57:13,50200.0,1000.0,6127500.0
1921,2021-10-06 06:57:13,50200.0,1900.0,6126500.0
1922,2021-10-06 06:57:13,50200.0,100.0,6124600.0
1923,2021-10-06 06:57:13,50200.0,900.0,6124500.0
1924,2021-10-06 06:57:12,50200.0,100.0,6123600.0
1925,2021-10-06 06:57:12,50200.0,900.0,6123500.0
1926,2021-10-06 06:57:12,50200.0,200.0,6122600.0
1927,2021-10-06 06:57:09,50200.0,700.0,6122400.0
1928,2021-10-06 06:57:09,50200.0,1100.0,6121700.0
1929,2021-10-06 06:57:05,50200.0,200.0,6120600.0
1930,2021-10-06 06:57:05,50200.0,400.0,6120400.0
1931,2021-10-06 06:57:04,50200.0,1300.0,6120000.0
1932,2021-10-06 06:57:04,50200.0,1100.0,6118700.0
1933,2021-10-06 06:57:04,50200.0,2600.0,6117600.0
1934,2021-10-06 06:57:03,50200.0,300.0,6115000.0
1935,2021-10-06 06:56:59,50200.0,2300.0,6114700.0
1936,2021-10-06 06:56:53,50200.0,100.0,6112400.0
1937,2021-10-06 06:56:49,50200.0,100.0,6112300.0
1938,2021-10-06 06:56:43,50200.0,1000.0,6112200.0
1939,2021-10-06 06:56:41,50200.0,500.0,6111200.0
1940,2021-10-06 06:56:40,50200.0,400.0,6110700.0
1941,2021-10-06 06:56:39,50200.0,500.0,6110300.0
1942,2021-10-06 06:56:38,50200.0,100.0,6109800.0
1943,2021-10-06 06:56:34,50200.0,100.0,6109700.0
1944,2021-10-06 06:56:32,50200.0,1000.0,6109600.0
1945,2021-10-06 06:56:32,50300.0,100.0,6108600.0
1946,2021-10-06 06:56:30,50300.0,600.0,6108500.0
1947,2021-10-06 06:56:30,50300.0,400.0,6107900.0
1948,2021-10-06 06:56:30,50300.0,1000.0,6107500.0
1949,2021-10-06 06:56:30,50300.0,100.0,6106500.0
1950,2021-10-06 06:56:30,50300.0,300.0,6106400.0
1951,2021-10-06 06:56:30,50300.0,500.0,6106100.0
1952,2021-10-06 06:56:30,50300.0,100.0,6105600.0
1953,2021-10-06 06:56:30,50300.0,1000.0,6105500.0
1954,2021-10-06 06:56:30,50300.0,500.0,6104500.0
1955,2021-10-06 06:56:30,50300.0,1000.0,6104000.0
1956,2021-10-06 06:56:30,50300.0,100.0,6103000.0
1957,2021-10-06 06:56:30,50300.0,20000.0,6102900.0
1958,2021-10-06 06:56:30,50300.0,200.0,6082900.0
1959,2021-10-06 06:56:30,50300.0,1000.0,6082700.0
1960,2021-10-06 06:56:30,50300.0,1000.0,6081700.0
1961,2021-10-06 06:56:30,50300.0,200.0,6080700.0
1962,2021-10-06 06:56:30,50300.0,300.0,6080500.0
1963,2021-10-06 06:56:30,50300.0,500.0,6080200.0
1964,2021-10-06 06:56:30,50300.0,100.0,6079700.0
1965,2021-10-06 06:56:30,50300.0,200.0,6079600.0
1966,2021-10-06 06:56:30,50300.0,200.0,6079400.0
1967,2021-10-06 06:56:30,50300.0,15000.0,6079200.0
1968,2021-10-06 06:56:30,50300.0,5700.0,6064200.0
1969,2021-10-06 06:56:28,50200.0,100.0,6058500.0
1970,2021-10-06 06:56:28,50200.0,100.0,6058400.0
1971,2021-10-06 06:56:27,50200.0,500.0,6058300.0
1972,2021-10-06 06:56:23,50200.0,10000.0,6057800.0
1973,2021-10-06 06:56:23,50200.0,200.0,6047800.0
1974,2021-10-06 06:56:23,50200.0,100.0,6047600.0
1975,2021-10-06 06:56:22,50200.0,200.0,6047500.0
1976,2021-10-06 06:56:19,50100.0,400.0,6047300.0
1977,2021-10-06 06:56:19,50200.0,500.0,6046900.0
1978,2021-10-06 06:56:15,50300.0,20400.0,6046400.0
1979,2021-10-06 06:56:15,50200.0,1000.0,6026000.0
1980,2021-10-06 06:56:15,50200.0,300.0,6025000.0
1981,2021-10-06 06:56:15,50200.0,300.0,6024700.0
1982,2021-10-06 06:56:15,50200.0,100.0,6024400.0
1983,2021-10-06 06:56:15,50200.0,7900.0,6024300.0
1984,2021-10-06 06:56:15,50200.0,200.0,6016400.0
1985,2021-10-06 06:56:15,50200.0,300.0,6016200.0
1986,2021-10-06 06:56:10,50200.0,600.0,6015900.0
1987,2021-10-06 06:56:10,50200.0,100.0,6015300.0
1988,2021-10-06 06:56:10,50200.0,300.0,6015200.0
1989,2021-10-06 06:56:10,50200.0,1000.0,6014900.0
1990,2021-10-06 06:56:10,50200.0,500.0,6013900.0
1991,2021-10-06 06:56:10,50200.0,100.0,6013400.0
1992,2021-10-06 06:56:10,50200.0,2000.0,6013300.0
1993,2021-10-06 06:56:10,50200.0,1200.0,6011300.0
1994,2021-10-06 06:56:10,50200.0,500.0,6010100.0
1995,2021-10-06 06:56:10,50200.0,100.0,6009600.0
1996,2021-10-06 06:56:10,50200.0,2000.0,6009500.0
1997,2021-10-06 06:56:10,50200.0,1600.0,6007500.0
1998,2021-10-06 06:56:06,50200.0,1000.0,6005900.0
1999,2021-10-06 06:56:02,50200.0,800.0,6004900.0
2000,2021-10-06 06:56:02,50200.0,100.0,6004100.0
2001,2021-10-06 06:56:02,50200.0,2500.0,6004000.0
2002,2021-10-06 06:56:02,50200.0,3000.0,6001500.0
2003,2021-10-06 06:56:02,50200.0,1000.0,5998500.0
2004,2021-10-06 06:56:02,50200.0,100.0,5997500.0
2005,2021-10-06 06:56:02,50200.0,3300.0,5997400.0
2006,2021-10-06 06:56:02,50200.0,400.0,5994100.0
2007,2021-10-06 06:56:01,50200.0,200.0,5993700.0
2008,2021-10-06 06:55:59,50200.0,13800.0,5993500.0
2009,2021-10-06 06:55:58,50200.0,2200.0,5979700.0
2010,2021-10-06 06:55:57,50200.0,500.0,5977500.0
2011,2021-10-06 06:55:50,50200.0,900.0,5977000.0
2012,2021-10-06 06:55:47,50200.0,200.0,5976100.0
2013,2021-10-06 06:55:43,50200.0,1000.0,5975900.0
2014,2021-10-06 06:55:43,50200.0,500.0,5974900.0
2015,2021-10-06 06:55:43,50200.0,10000.0,5974400.0
2016,2021-10-06 06:55:43,50200.0,800.0,5964400.0
2017,2021-10-06 06:55:43,50200.0,1000.0,5963600.0
2018,2021-10-06 06:55:43,50200.0,100.0,5962600.0
2019,2021-10-06 06:55:43,50200.0,1000.0,5962500.0
2020,2021-10-06 06:55:43,50200.0,3000.0,5961500.0
2021,2021-10-06 06:55:43,50200.0,10000.0,5958500.0
2022,2021-10-06 06:55:43,50200.0,1000.0,5948500.0
2023,2021-10-06 06:55:42,50200.0,100.0,5947500.0
2024,2021-10-06 06:55:42,50200.0,200.0,5947400.0
2025,2021-10-06 06:55:42,50200.0,200.0,5947200.0
2026,2021-10-06 06:55:42,50200.0,100.0,5947000.0
2027,2021-10-06 06:55:42,50200.0,100.0,5946900.0
2028,2021-10-06 06:55:40,50200.0,200.0,5946800.0
2029,2021-10-06 06:55:36,50300.0,200.0,5946600.0
2030,2021-10-06 06:55:35,50200.0,500.0,5946400.0
2031,2021-10-06 06:55:30,50200.0,1900.0,5945900.0
2032,2021-10-06 06:55:30,50200.0,100.0,5944000.0
2033,2021-10-06 06:55:30,50200.0,2000.0,5943900.0
2034,2021-10-06 06:55:30,50200.0,1000.0,5941900.0
2035,2021-10-06 06:55:30,50200.0,200.0,5940900.0
2036,2021-10-06 06:55:30,50200.0,10000.0,5940700.0
2037,2021-10-06 06:55:30,50200.0,100.0,5930700.0
2038,2021-10-06 06:55:30,50200.0,2800.0,5930600.0
2039,2021-10-06 06:55:29,50200.0,2200.0,5927800.0
2040,2021-10-06 06:55:29,50200.0,1400.0,5925600.0
2041,2021-10-06 06:55:29,50200.0,1400.0,5924200.0
2042,2021-10-06 06:55:29,50300.0,10000.0,5922800.0
2043,2021-10-06 06:55:28,50200.0,1000.0,5912800.0
2044,2021-10-06 06:55:21,50300.0,1900.0,5911800.0
2045,2021-10-06 06:55:14,50300.0,400.0,5909900.0
2046,2021-10-06 06:55:13,50200.0,500.0,5909500.0
2047,2021-10-06 06:55:12,50200.0,500.0,5909000.0
