,Time,Price,Volume_per_trade,Volume
0,2021-10-17 07:45:01,52600.0,800.0,11950400.0
1,2021-10-17 07:45:01,52600.0,1200.0,11949600.0
2,2021-10-17 07:45:01,52600.0,1000.0,11948400.0
3,2021-10-17 07:45:01,52600.0,800.0,11947400.0
4,2021-10-17 07:45:01,52600.0,2000.0,11946600.0
5,2021-10-17 07:45:01,52600.0,3000.0,11944600.0
6,2021-10-17 07:45:01,52600.0,700.0,11941600.0
7,2021-10-17 07:45:01,52600.0,1000.0,11940900.0
8,2021-10-17 07:45:01,52600.0,100.0,11939900.0
9,2021-10-17 07:45:01,52600.0,200.0,11939800.0
10,2021-10-17 07:45:01,52600.0,800.0,11939600.0
11,2021-10-17 07:45:01,52600.0,2000.0,11938800.0
12,2021-10-17 07:45:01,52600.0,400.0,11936800.0
13,2021-10-17 07:45:01,52600.0,6900.0,11936400.0
14,2021-10-17 07:45:01,52600.0,300.0,11929500.0
15,2021-10-17 07:45:01,52600.0,100.0,11929200.0
16,2021-10-17 07:45:01,52600.0,300.0,11929100.0
17,2021-10-17 07:45:01,52600.0,100.0,11928800.0
18,2021-10-17 07:45:01,52600.0,500.0,11928700.0
19,2021-10-17 07:45:01,52600.0,10000.0,11928200.0
20,2021-10-17 07:45:01,52600.0,600.0,11918200.0
21,2021-10-17 07:45:01,52600.0,200.0,11917600.0
22,2021-10-17 07:45:01,52600.0,200.0,11917400.0
23,2021-10-17 07:45:01,52600.0,800.0,11917200.0
24,2021-10-17 07:45:01,52600.0,200.0,11916400.0
25,2021-10-17 07:45:01,52600.0,100.0,11916200.0
26,2021-10-17 07:45:01,52600.0,3000.0,11916100.0
27,2021-10-17 07:45:01,52600.0,200.0,11913100.0
28,2021-10-17 07:45:01,52600.0,500.0,11912900.0
29,2021-10-17 07:45:01,52600.0,200.0,11912400.0
30,2021-10-17 07:45:01,52600.0,100.0,11912200.0
31,2021-10-17 07:45:01,52600.0,100.0,11912100.0
32,2021-10-17 07:45:01,52600.0,400.0,11912000.0
33,2021-10-17 07:45:01,52600.0,500.0,11911600.0
34,2021-10-17 07:45:01,52600.0,100.0,11911100.0
35,2021-10-17 07:45:01,52600.0,100.0,11911000.0
36,2021-10-17 07:45:01,52600.0,400.0,11910900.0
37,2021-10-17 07:45:01,52600.0,200.0,11910500.0
38,2021-10-17 07:45:01,52600.0,300.0,11910300.0
39,2021-10-17 07:45:01,52600.0,300.0,11910000.0
40,2021-10-17 07:45:01,52600.0,100.0,11909700.0
41,2021-10-17 07:45:01,52600.0,300.0,11909600.0
42,2021-10-17 07:45:01,52600.0,700.0,11909300.0
43,2021-10-17 07:45:01,52600.0,300.0,11908600.0
44,2021-10-17 07:45:01,52600.0,700.0,11908300.0
45,2021-10-17 07:45:01,52600.0,300.0,11907600.0
46,2021-10-17 07:45:01,52600.0,9900.0,11907300.0
47,2021-10-17 07:45:01,52600.0,2000.0,11897400.0
48,2021-10-17 07:45:01,52600.0,100.0,11895400.0
49,2021-10-17 07:45:01,52600.0,200.0,11895300.0
50,2021-10-17 07:45:01,52600.0,1500.0,11895100.0
51,2021-10-17 07:45:01,52600.0,200.0,11893600.0
52,2021-10-17 07:45:01,52600.0,3000.0,11893400.0
53,2021-10-17 07:45:01,52600.0,600.0,11890400.0
54,2021-10-17 07:45:01,52600.0,1000.0,11889800.0
55,2021-10-17 07:45:01,52600.0,5000.0,11888800.0
56,2021-10-17 07:45:01,52600.0,800.0,11883800.0
57,2021-10-17 07:45:01,52600.0,200.0,11883000.0
58,2021-10-17 07:45:01,52600.0,200.0,11882800.0
59,2021-10-17 07:45:01,52600.0,3000.0,11882600.0
60,2021-10-17 07:45:01,52600.0,100.0,11879600.0
61,2021-10-17 07:45:01,52600.0,100.0,11879500.0
62,2021-10-17 07:45:01,52600.0,100.0,11879400.0
63,2021-10-17 07:45:01,52600.0,1200.0,11879300.0
64,2021-10-17 07:45:01,52600.0,3000.0,11878100.0
65,2021-10-17 07:45:01,52600.0,300.0,11875100.0
66,2021-10-17 07:45:01,52600.0,200.0,11874800.0
67,2021-10-17 07:45:01,52600.0,200.0,11874600.0
68,2021-10-17 07:45:01,52600.0,300.0,11874400.0
69,2021-10-17 07:45:01,52600.0,100.0,11874100.0
70,2021-10-17 07:45:01,52600.0,100.0,11874000.0
71,2021-10-17 07:45:01,52600.0,1000.0,11873900.0
72,2021-10-17 07:45:01,52600.0,200.0,11872900.0
73,2021-10-17 07:45:01,52600.0,500.0,11872700.0
74,2021-10-17 07:45:01,52600.0,300.0,11872200.0
75,2021-10-17 07:45:01,52600.0,1000.0,11871900.0
76,2021-10-17 07:45:01,52600.0,2000.0,11870900.0
77,2021-10-17 07:45:01,52600.0,1000.0,11868900.0
78,2021-10-17 07:45:01,52600.0,100.0,11867900.0
79,2021-10-17 07:45:01,52600.0,4800.0,11867800.0
80,2021-10-17 07:45:01,52600.0,600.0,11863000.0
81,2021-10-17 07:45:01,52600.0,3000.0,11862400.0
82,2021-10-17 07:45:01,52600.0,1000.0,11859400.0
83,2021-10-17 07:45:01,52600.0,100.0,11858400.0
84,2021-10-17 07:45:01,52600.0,100.0,11858300.0
85,2021-10-17 07:45:01,52600.0,2100.0,11858200.0
86,2021-10-17 07:45:01,52600.0,900.0,11856100.0
87,2021-10-17 07:45:01,52600.0,100.0,11855200.0
88,2021-10-17 07:45:01,52600.0,100.0,11855100.0
89,2021-10-17 07:45:01,52600.0,200.0,11855000.0
90,2021-10-17 07:45:01,52600.0,1000.0,11854800.0
91,2021-10-17 07:45:01,52600.0,1000.0,11853800.0
92,2021-10-17 07:45:01,52600.0,100.0,11852800.0
93,2021-10-17 07:45:01,52600.0,200.0,11852700.0
94,2021-10-17 07:45:01,52600.0,200.0,11852500.0
95,2021-10-17 07:45:01,52600.0,500.0,11852300.0
96,2021-10-17 07:45:01,52600.0,300.0,11851800.0
97,2021-10-17 07:45:01,52600.0,2100.0,11851500.0
98,2021-10-17 07:45:01,52600.0,900.0,11849400.0
99,2021-10-17 07:45:01,52600.0,200.0,11848500.0
100,2021-10-17 07:45:01,52600.0,600.0,11848300.0
101,2021-10-17 07:45:01,52600.0,100.0,11847700.0
102,2021-10-17 07:45:01,52600.0,2200.0,11847600.0
103,2021-10-17 07:45:01,52600.0,3800.0,11845400.0
104,2021-10-17 07:45:01,52600.0,500.0,11841600.0
105,2021-10-17 07:45:01,52600.0,100.0,11841100.0
106,2021-10-17 07:45:01,52600.0,600.0,11841000.0
107,2021-10-17 07:45:01,52600.0,200.0,11840400.0
108,2021-10-17 07:45:01,52600.0,7400.0,11840200.0
109,2021-10-17 07:45:01,52600.0,1000.0,11832800.0
110,2021-10-17 07:45:01,52600.0,400.0,11831800.0
111,2021-10-17 07:45:01,52600.0,100.0,11831400.0
112,2021-10-17 07:45:01,52600.0,1000.0,11831300.0
113,2021-10-17 07:45:01,52600.0,300.0,11830300.0
114,2021-10-17 07:45:01,52600.0,200.0,11830000.0
115,2021-10-17 07:45:01,52600.0,300.0,11829800.0
116,2021-10-17 07:45:01,52600.0,2000.0,11829500.0
117,2021-10-17 07:45:01,52600.0,100.0,11827500.0
118,2021-10-17 07:45:01,52600.0,200.0,11827400.0
119,2021-10-17 07:45:01,52600.0,500.0,11827200.0
120,2021-10-17 07:45:01,52600.0,500.0,11826700.0
121,2021-10-17 07:45:01,52600.0,1000.0,11826200.0
122,2021-10-17 07:45:01,52600.0,500.0,11825200.0
123,2021-10-17 07:45:01,52600.0,100.0,11824700.0
124,2021-10-17 07:45:01,52600.0,300.0,11824600.0
125,2021-10-17 07:45:01,52600.0,400.0,11824300.0
126,2021-10-17 07:45:01,52600.0,500.0,11823900.0
127,2021-10-17 07:45:01,52600.0,700.0,11823400.0
128,2021-10-17 07:45:01,52600.0,100.0,11822700.0
129,2021-10-17 07:45:01,52600.0,400.0,11822600.0
130,2021-10-17 07:45:01,52600.0,100.0,11822200.0
131,2021-10-17 07:45:01,52600.0,400.0,11822100.0
132,2021-10-17 07:45:01,52600.0,1000.0,11821700.0
133,2021-10-17 07:45:01,52600.0,100.0,11820700.0
134,2021-10-17 07:45:01,52600.0,100.0,11820600.0
135,2021-10-17 07:45:01,52600.0,1000.0,11820500.0
136,2021-10-17 07:45:01,52600.0,500.0,11819500.0
137,2021-10-17 07:45:01,52600.0,500.0,11819000.0
138,2021-10-17 07:45:01,52600.0,1000.0,11818500.0
139,2021-10-17 07:45:01,52600.0,100.0,11817500.0
140,2021-10-17 07:45:01,52600.0,2000.0,11817400.0
141,2021-10-17 07:45:01,52600.0,5000.0,11815400.0
142,2021-10-17 07:45:01,52600.0,5000.0,11810400.0
143,2021-10-17 07:45:01,52600.0,200.0,11805400.0
144,2021-10-17 07:45:01,52600.0,100.0,11805200.0
145,2021-10-17 07:45:01,52600.0,300.0,11805100.0
146,2021-10-17 07:45:01,52600.0,1000.0,11804800.0
147,2021-10-17 07:45:01,52600.0,500.0,11803800.0
148,2021-10-17 07:45:01,52600.0,1000.0,11803300.0
149,2021-10-17 07:45:01,52600.0,500.0,11802300.0
150,2021-10-17 07:45:01,52600.0,200.0,11801800.0
151,2021-10-17 07:45:01,52600.0,200.0,11801600.0
152,2021-10-17 07:45:01,52600.0,5000.0,11801400.0
153,2021-10-17 07:45:01,52600.0,100.0,11796400.0
154,2021-10-17 07:45:01,52600.0,200.0,11796300.0
155,2021-10-17 07:45:01,52600.0,100.0,11796100.0
156,2021-10-17 07:45:01,52600.0,200.0,11796000.0
157,2021-10-17 07:45:01,52600.0,5000.0,11795800.0
158,2021-10-17 07:45:01,52600.0,1000.0,11790800.0
159,2021-10-17 07:45:01,52600.0,200.0,11789800.0
160,2021-10-17 07:45:01,52600.0,2000.0,11789600.0
161,2021-10-17 07:45:01,52600.0,200.0,11787600.0
162,2021-10-17 07:45:01,52600.0,100.0,11787400.0
163,2021-10-17 07:45:01,52600.0,500.0,11787300.0
164,2021-10-17 07:45:01,52600.0,300.0,11786800.0
165,2021-10-17 07:45:01,52600.0,100.0,11786500.0
166,2021-10-17 07:45:01,52600.0,1900.0,11786400.0
167,2021-10-17 07:45:01,52600.0,200.0,11784500.0
168,2021-10-17 07:45:01,52600.0,1000.0,11784300.0
169,2021-10-17 07:45:01,52600.0,300.0,11783300.0
170,2021-10-17 07:45:01,52600.0,200.0,11783000.0
171,2021-10-17 07:45:01,52600.0,500.0,11782800.0
172,2021-10-17 07:45:01,52600.0,200.0,11782300.0
173,2021-10-17 07:45:01,52600.0,1000.0,11782100.0
174,2021-10-17 07:45:01,52600.0,100.0,11781100.0
175,2021-10-17 07:45:01,52600.0,3600.0,11781000.0
176,2021-10-17 07:45:01,52600.0,1400.0,11777400.0
177,2021-10-17 07:45:01,52600.0,100.0,11776000.0
178,2021-10-17 07:45:01,52600.0,100.0,11775900.0
179,2021-10-17 07:45:01,52600.0,900.0,11775800.0
180,2021-10-17 07:45:01,52600.0,1000.0,11774900.0
181,2021-10-17 07:45:01,52600.0,100.0,11773900.0
182,2021-10-17 07:45:01,52600.0,300.0,11773800.0
183,2021-10-17 07:45:01,52600.0,200.0,11773500.0
184,2021-10-17 07:45:01,52600.0,600.0,11773300.0
185,2021-10-17 07:45:01,52600.0,500.0,11772700.0
186,2021-10-17 07:45:01,52600.0,100.0,11772200.0
187,2021-10-17 07:45:01,52600.0,500.0,11772100.0
188,2021-10-17 07:45:01,52600.0,100.0,11771600.0
189,2021-10-17 07:45:01,52600.0,500.0,11771500.0
190,2021-10-17 07:45:01,52600.0,100.0,11771000.0
191,2021-10-17 07:45:01,52600.0,100.0,11770900.0
192,2021-10-17 07:45:01,52600.0,500.0,11770800.0
193,2021-10-17 07:45:01,52600.0,500.0,11770300.0
194,2021-10-17 07:45:01,52600.0,500.0,11769800.0
195,2021-10-17 07:45:01,52600.0,1900.0,11769300.0
196,2021-10-17 07:45:01,52600.0,100.0,11767400.0
197,2021-10-17 07:45:01,52600.0,200.0,11767300.0
198,2021-10-17 07:45:01,52600.0,900.0,11767100.0
199,2021-10-17 07:45:01,52600.0,2300.0,11766200.0
200,2021-10-17 07:45:01,52600.0,1000.0,11763900.0
201,2021-10-17 07:45:01,52600.0,100.0,11762900.0
202,2021-10-17 07:45:01,52600.0,500.0,11762800.0
203,2021-10-17 07:45:01,52600.0,1000.0,11762300.0
204,2021-10-17 07:45:01,52600.0,500.0,11761300.0
205,2021-10-17 07:45:01,52600.0,700.0,11760800.0
206,2021-10-17 07:45:01,52600.0,200.0,11760100.0
207,2021-10-17 07:45:01,52600.0,500.0,11759900.0
208,2021-10-17 07:45:01,52600.0,500.0,11759400.0
209,2021-10-17 07:45:01,52600.0,100.0,11758900.0
210,2021-10-17 07:45:01,52600.0,200.0,11758800.0
211,2021-10-17 07:45:01,52600.0,200.0,11758600.0
212,2021-10-17 07:45:01,52600.0,200.0,11758400.0
213,2021-10-17 07:45:01,52600.0,500.0,11758200.0
214,2021-10-17 07:45:01,52600.0,900.0,11757700.0
215,2021-10-17 07:45:01,52600.0,1000.0,11756800.0
216,2021-10-17 07:45:01,52600.0,100.0,11755800.0
217,2021-10-17 07:45:01,52600.0,100.0,11755700.0
218,2021-10-17 07:45:01,52600.0,2000.0,11755600.0
219,2021-10-17 07:45:01,52600.0,2000.0,11753600.0
220,2021-10-17 07:45:01,52600.0,100.0,11751600.0
221,2021-10-17 07:45:01,52600.0,1700.0,11751500.0
222,2021-10-17 07:45:01,52600.0,500.0,11749800.0
223,2021-10-17 07:45:01,52600.0,2500.0,11749300.0
224,2021-10-17 07:45:01,52600.0,400.0,11746800.0
225,2021-10-17 07:45:01,52600.0,500.0,11746400.0
226,2021-10-17 07:45:01,52600.0,8800.0,11745900.0
227,2021-10-17 07:45:01,52600.0,5800.0,11737100.0
228,2021-10-17 07:45:01,52600.0,500.0,11731300.0
229,2021-10-17 07:45:01,52600.0,1900.0,11730800.0
230,2021-10-17 07:45:01,52600.0,400.0,11728900.0
231,2021-10-17 07:45:01,52600.0,1300.0,11728500.0
232,2021-10-17 07:45:01,52600.0,100.0,11727200.0
233,2021-10-17 07:45:01,52600.0,3000.0,11727100.0
234,2021-10-17 07:45:01,52600.0,1000.0,11724100.0
235,2021-10-17 07:45:01,52600.0,100.0,11723100.0
236,2021-10-17 07:45:01,52600.0,100.0,11723000.0
237,2021-10-17 07:45:01,52600.0,400.0,11722900.0
238,2021-10-17 07:45:01,52600.0,1800.0,11722500.0
239,2021-10-17 07:45:01,52600.0,200.0,11720700.0
240,2021-10-17 07:45:01,52600.0,800.0,11720500.0
241,2021-10-17 07:45:01,52600.0,1000.0,11719700.0
242,2021-10-17 07:45:01,52600.0,200.0,11718700.0
243,2021-10-17 07:45:01,52600.0,3000.0,11718500.0
244,2021-10-17 07:45:01,52600.0,200.0,11715500.0
245,2021-10-17 07:45:01,52600.0,100.0,11715300.0
246,2021-10-17 07:45:01,52600.0,200.0,11715200.0
247,2021-10-17 07:45:01,52600.0,200.0,11715000.0
248,2021-10-17 07:45:01,52600.0,800.0,11714800.0
249,2021-10-17 07:45:01,52600.0,100.0,11714000.0
250,2021-10-17 07:45:01,52600.0,4000.0,11713900.0
251,2021-10-17 07:45:01,52600.0,3000.0,11709900.0
252,2021-10-17 07:45:01,52600.0,200.0,11706900.0
253,2021-10-17 07:45:01,52600.0,100.0,11706700.0
254,2021-10-17 07:45:01,52600.0,300.0,11706600.0
255,2021-10-17 07:45:01,52600.0,100.0,11706300.0
256,2021-10-17 07:45:01,52600.0,100.0,11706200.0
257,2021-10-17 07:45:01,52600.0,10000.0,11706100.0
258,2021-10-17 07:45:01,52600.0,300.0,11696100.0
259,2021-10-17 07:45:01,52600.0,1000.0,11695800.0
260,2021-10-17 07:45:01,52600.0,700.0,11694800.0
261,2021-10-17 07:45:01,52600.0,200.0,11694100.0
262,2021-10-17 07:45:01,52600.0,200.0,11693900.0
263,2021-10-17 07:45:01,52600.0,100.0,11693700.0
264,2021-10-17 07:45:01,52600.0,28800.0,11693600.0
265,2021-10-17 07:45:01,52600.0,20000.0,11664800.0
266,2021-10-17 07:45:01,52600.0,100.0,11644800.0
267,2021-10-17 07:45:01,52600.0,100.0,11644700.0
268,2021-10-17 07:45:01,52600.0,300.0,11644600.0
269,2021-10-17 07:45:01,52600.0,500.0,11644300.0
270,2021-10-17 07:45:01,52600.0,50200.0,11643800.0
271,2021-10-17 07:45:01,52600.0,1100.0,11593600.0
272,2021-10-17 07:45:01,52600.0,8700.0,11592500.0
273,2021-10-17 07:45:01,52600.0,200.0,11583800.0
274,2021-10-17 07:45:01,52600.0,100.0,11583600.0
275,2021-10-17 07:45:01,52600.0,1000.0,11583500.0
276,2021-10-17 07:45:01,52600.0,100.0,11582500.0
277,2021-10-17 07:45:01,52600.0,100.0,11582400.0
278,2021-10-17 07:45:01,52600.0,3800.0,11582300.0
279,2021-10-17 07:45:01,52600.0,2000.0,11578500.0
280,2021-10-17 07:45:01,52600.0,800.0,11576500.0
281,2021-10-17 07:45:01,52600.0,7000.0,11575700.0
282,2021-10-17 07:45:01,52600.0,32000.0,11568700.0
283,2021-10-17 07:45:01,52600.0,2400.0,11536700.0
284,2021-10-17 07:45:01,52600.0,1000.0,11534300.0
285,2021-10-17 07:45:01,52600.0,3000.0,11533300.0
286,2021-10-17 07:45:01,52600.0,2400.0,11530300.0
287,2021-10-17 07:45:01,52600.0,300.0,11527900.0
288,2021-10-17 07:45:01,52600.0,1800.0,11527600.0
289,2021-10-17 07:45:01,52600.0,100.0,11525800.0
290,2021-10-17 07:45:01,52600.0,400.0,11525700.0
291,2021-10-17 07:45:01,52600.0,1800.0,11525300.0
292,2021-10-17 07:45:01,52600.0,1000.0,11523500.0
293,2021-10-17 07:45:01,52600.0,2200.0,11522500.0
294,2021-10-17 07:45:01,52600.0,500.0,11520300.0
295,2021-10-17 07:45:01,52600.0,1500.0,11519800.0
296,2021-10-17 07:45:01,52600.0,100.0,11518300.0
297,2021-10-17 07:45:01,52600.0,100.0,11518200.0
298,2021-10-17 07:45:01,52600.0,100.0,11518100.0
299,2021-10-17 07:45:01,52600.0,100.0,11518000.0
300,2021-10-17 07:45:01,52600.0,400.0,11517900.0
301,2021-10-17 07:45:01,52600.0,400.0,11517500.0
302,2021-10-17 07:45:01,52600.0,100.0,11517100.0
303,2021-10-17 07:29:52,52500.0,400.0,11517000.0
304,2021-10-17 07:29:51,52600.0,400.0,11516600.0
305,2021-10-17 07:29:51,52600.0,100.0,11516200.0
306,2021-10-17 07:29:51,52500.0,500.0,11516100.0
307,2021-10-17 07:29:51,52500.0,100.0,11515600.0
308,2021-10-17 07:29:51,52500.0,5000.0,11515500.0
309,2021-10-17 07:29:51,52500.0,5000.0,11510500.0
310,2021-10-17 07:29:51,52500.0,100.0,11505500.0
311,2021-10-17 07:29:51,52500.0,100.0,11505400.0
312,2021-10-17 07:29:51,52500.0,500.0,11505300.0
313,2021-10-17 07:29:51,52500.0,300.0,11504800.0
314,2021-10-17 07:29:51,52500.0,300.0,11504500.0
315,2021-10-17 07:29:51,52500.0,500.0,11504200.0
316,2021-10-17 07:29:51,52500.0,5000.0,11503700.0
317,2021-10-17 07:29:51,52500.0,600.0,11498700.0
318,2021-10-17 07:29:51,52500.0,100.0,11498100.0
319,2021-10-17 07:29:51,52500.0,1000.0,11498000.0
320,2021-10-17 07:29:51,52500.0,1800.0,11497000.0
321,2021-10-17 07:29:50,52500.0,800.0,11495200.0
322,2021-10-17 07:29:50,52500.0,100.0,11494400.0
323,2021-10-17 07:29:49,52500.0,300.0,11494300.0
324,2021-10-17 07:29:49,52500.0,100.0,11494000.0
325,2021-10-17 07:29:49,52500.0,500.0,11493900.0
326,2021-10-17 07:29:49,52500.0,1000.0,11493400.0
327,2021-10-17 07:29:49,52500.0,1000.0,11492400.0
328,2021-10-17 07:29:49,52500.0,100.0,11491400.0
329,2021-10-17 07:29:49,52500.0,500.0,11491300.0
330,2021-10-17 07:29:49,52500.0,100.0,11490800.0
331,2021-10-17 07:29:49,52500.0,200.0,11490700.0
332,2021-10-17 07:29:49,52500.0,500.0,11490500.0
333,2021-10-17 07:29:49,52500.0,500.0,11490000.0
334,2021-10-17 07:29:49,52500.0,500.0,11489500.0
335,2021-10-17 07:29:49,52500.0,100.0,11489000.0
336,2021-10-17 07:29:49,52500.0,500.0,11488900.0
337,2021-10-17 07:29:49,52500.0,700.0,11488400.0
338,2021-10-17 07:29:49,52500.0,500.0,11487700.0
339,2021-10-17 07:29:49,52500.0,1000.0,11487200.0
340,2021-10-17 07:29:49,52500.0,400.0,11486200.0
341,2021-10-17 07:29:49,52500.0,1000.0,11485800.0
342,2021-10-17 07:29:49,52500.0,200.0,11484800.0
343,2021-10-17 07:29:49,52500.0,500.0,11484600.0
344,2021-10-17 07:29:49,52500.0,1000.0,11484100.0
345,2021-10-17 07:29:49,52500.0,1000.0,11483100.0
346,2021-10-17 07:29:49,52500.0,900.0,11482100.0
347,2021-10-17 07:29:49,52500.0,300.0,11481200.0
348,2021-10-17 07:29:49,52500.0,1400.0,11480900.0
349,2021-10-17 07:29:48,52500.0,300.0,11479500.0
350,2021-10-17 07:29:48,52500.0,100.0,11479200.0
351,2021-10-17 07:29:48,52500.0,400.0,11479100.0
352,2021-10-17 07:29:48,52500.0,4000.0,11478700.0
353,2021-10-17 07:29:47,52500.0,1000.0,11474700.0
354,2021-10-17 07:29:46,52500.0,100.0,11473700.0
355,2021-10-17 07:29:44,52500.0,200.0,11473600.0
356,2021-10-17 07:29:43,52500.0,300.0,11473400.0
357,2021-10-17 07:29:39,52500.0,6800.0,11473100.0
358,2021-10-17 07:29:39,52500.0,3200.0,11466300.0
359,2021-10-17 07:29:37,52500.0,1000.0,11463100.0
360,2021-10-17 07:29:36,52500.0,300.0,11462100.0
361,2021-10-17 07:29:35,52500.0,500.0,11461800.0
362,2021-10-17 07:29:32,52500.0,2500.0,11461300.0
363,2021-10-17 07:29:32,52500.0,2000.0,11458800.0
364,2021-10-17 07:29:32,52500.0,100.0,11456800.0
365,2021-10-17 07:29:31,52500.0,400.0,11456700.0
366,2021-10-17 07:29:31,52500.0,500.0,11456300.0
367,2021-10-17 07:29:31,52500.0,100.0,11455800.0
368,2021-10-17 07:29:31,52500.0,2000.0,11455700.0
369,2021-10-17 07:29:31,52500.0,200.0,11453700.0
370,2021-10-17 07:29:31,52500.0,200.0,11453500.0
371,2021-10-17 07:29:31,52500.0,100.0,11453300.0
372,2021-10-17 07:29:31,52500.0,100.0,11453200.0
373,2021-10-17 07:29:31,52500.0,700.0,11453100.0
374,2021-10-17 07:29:31,52500.0,1000.0,11452400.0
375,2021-10-17 07:29:31,52500.0,1500.0,11451400.0
376,2021-10-17 07:29:31,52500.0,3200.0,11449900.0
377,2021-10-17 07:29:29,52500.0,400.0,11446700.0
378,2021-10-17 07:29:29,52500.0,300.0,11446300.0
379,2021-10-17 07:29:26,52500.0,3500.0,11446000.0
380,2021-10-17 07:29:26,52500.0,10000.0,11442500.0
381,2021-10-17 07:29:21,52500.0,600.0,11432500.0
382,2021-10-17 07:29:21,52500.0,2500.0,11431900.0
383,2021-10-17 07:29:21,52500.0,1500.0,11429400.0
384,2021-10-17 07:29:21,52500.0,300.0,11427900.0
385,2021-10-17 07:29:21,52500.0,100.0,11427600.0
386,2021-10-17 07:29:20,52500.0,300.0,11427500.0
387,2021-10-17 07:29:18,52500.0,100.0,11427200.0
388,2021-10-17 07:29:18,52500.0,500.0,11427100.0
389,2021-10-17 07:29:18,52500.0,500.0,11426600.0
390,2021-10-17 07:29:18,52500.0,500.0,11426100.0
391,2021-10-17 07:29:18,52500.0,300.0,11425600.0
392,2021-10-17 07:29:18,52500.0,200.0,11425300.0
393,2021-10-17 07:29:18,52500.0,500.0,11425100.0
394,2021-10-17 07:29:18,52500.0,500.0,11424600.0
395,2021-10-17 07:29:18,52500.0,100.0,11424100.0
396,2021-10-17 07:29:18,52500.0,200.0,11424000.0
397,2021-10-17 07:29:18,52500.0,200.0,11423800.0
398,2021-10-17 07:29:18,52500.0,100.0,11423600.0
399,2021-10-17 07:29:18,52500.0,400.0,11423500.0
400,2021-10-17 07:29:17,52500.0,500.0,11423100.0
401,2021-10-17 07:29:15,52400.0,3000.0,11422600.0
402,2021-10-17 07:29:09,52500.0,700.0,11419600.0
403,2021-10-17 07:29:08,52400.0,300.0,11418900.0
404,2021-10-17 07:29:08,52400.0,100.0,11418600.0
405,2021-10-17 07:29:08,52400.0,100.0,11418500.0
406,2021-10-17 07:29:08,52400.0,300.0,11418400.0
407,2021-10-17 07:29:05,52400.0,200.0,11418100.0
408,2021-10-17 07:28:57,52500.0,200.0,11417900.0
409,2021-10-17 07:28:53,52500.0,800.0,11417700.0
410,2021-10-17 07:28:51,52500.0,200.0,11416900.0
411,2021-10-17 07:28:49,52500.0,2200.0,11416700.0
412,2021-10-17 07:28:49,52500.0,300.0,11414500.0
413,2021-10-17 07:28:49,52500.0,200.0,11414200.0
414,2021-10-17 07:28:49,52500.0,7300.0,11414000.0
415,2021-10-17 07:28:49,52500.0,2000.0,11406700.0
416,2021-10-17 07:28:49,52400.0,400.0,11404700.0
417,2021-10-17 07:28:48,52500.0,300.0,11404300.0
418,2021-10-17 07:28:47,52500.0,1000.0,11404000.0
419,2021-10-17 07:28:47,52400.0,100.0,11403000.0
420,2021-10-17 07:28:47,52400.0,1500.0,11402900.0
421,2021-10-17 07:28:47,52400.0,400.0,11401400.0
422,2021-10-17 07:28:46,52400.0,900.0,11401000.0
423,2021-10-17 07:28:46,52400.0,4100.0,11400100.0
424,2021-10-17 07:28:44,52500.0,3200.0,11396000.0
425,2021-10-17 07:28:41,52500.0,300.0,11392800.0
426,2021-10-17 07:28:40,52500.0,200.0,11392500.0
427,2021-10-17 07:28:36,52500.0,2000.0,11392300.0
428,2021-10-17 07:28:34,52500.0,1200.0,11390300.0
429,2021-10-17 07:28:33,52500.0,200.0,11389100.0
430,2021-10-17 07:28:29,52500.0,10000.0,11388900.0
431,2021-10-17 07:28:28,52500.0,300.0,11378900.0
432,2021-10-17 07:28:26,52500.0,2000.0,11378600.0
433,2021-10-17 07:28:21,52500.0,200.0,11376600.0
434,2021-10-17 07:28:19,52500.0,10000.0,11376400.0
435,2021-10-17 07:28:14,52500.0,2000.0,11366400.0
436,2021-10-17 07:28:10,52500.0,1800.0,11364400.0
437,2021-10-17 07:28:07,52500.0,6000.0,11362600.0
438,2021-10-17 07:28:07,52500.0,10000.0,11356600.0
439,2021-10-17 07:28:07,52500.0,200.0,11346600.0
440,2021-10-17 07:28:07,52500.0,200.0,11346400.0
441,2021-10-17 07:28:07,52500.0,1000.0,11346200.0
442,2021-10-17 07:28:07,52500.0,300.0,11345200.0
443,2021-10-17 07:28:07,52500.0,1000.0,11344900.0
444,2021-10-17 07:28:07,52500.0,100.0,11343900.0
445,2021-10-17 07:28:07,52500.0,200.0,11343800.0
446,2021-10-17 07:28:07,52500.0,11000.0,11343600.0
447,2021-10-17 07:28:04,52500.0,5000.0,11332600.0
448,2021-10-17 07:28:00,52400.0,300.0,11327600.0
449,2021-10-17 07:27:48,52400.0,5600.0,11327300.0
450,2021-10-17 07:27:48,52400.0,5000.0,11321700.0
451,2021-10-17 07:27:48,52400.0,500.0,11316700.0
452,2021-10-17 07:27:48,52400.0,5000.0,11316200.0
453,2021-10-17 07:27:48,52400.0,1000.0,11311200.0
454,2021-10-17 07:27:48,52400.0,2000.0,11310200.0
455,2021-10-17 07:27:48,52400.0,9000.0,11308200.0
456,2021-10-17 07:27:48,52400.0,1000.0,11299200.0
457,2021-10-17 07:27:48,52400.0,1000.0,11298200.0
458,2021-10-17 07:27:48,52400.0,500.0,11297200.0
459,2021-10-17 07:27:48,52400.0,8000.0,11296700.0
460,2021-10-17 07:27:48,52400.0,1000.0,11288700.0
461,2021-10-17 07:27:48,52400.0,400.0,11287700.0
462,2021-10-17 07:27:48,52400.0,1000.0,11287300.0
463,2021-10-17 07:27:48,52400.0,400.0,11286300.0
464,2021-10-17 07:27:48,52400.0,1100.0,11285900.0
465,2021-10-17 07:27:48,52400.0,600.0,11284800.0
466,2021-10-17 07:27:48,52400.0,500.0,11284200.0
467,2021-10-17 07:27:48,52400.0,1000.0,11283700.0
468,2021-10-17 07:27:48,52400.0,400.0,11282700.0
469,2021-10-17 07:27:47,52500.0,1000.0,11282300.0
470,2021-10-17 07:27:47,52500.0,2000.0,11281300.0
471,2021-10-17 07:27:46,52400.0,200.0,11279300.0
472,2021-10-17 07:27:45,52400.0,800.0,11279100.0
473,2021-10-17 07:27:45,52400.0,100.0,11278300.0
474,2021-10-17 07:27:45,52400.0,100.0,11278200.0
475,2021-10-17 07:27:44,52500.0,200.0,11278100.0
476,2021-10-17 07:27:41,52500.0,800.0,11277900.0
477,2021-10-17 07:27:41,52500.0,8600.0,11277100.0
478,2021-10-17 07:27:39,52500.0,100.0,11268500.0
479,2021-10-17 07:27:29,52500.0,300.0,11268400.0
480,2021-10-17 07:27:28,52500.0,1000.0,11268100.0
481,2021-10-17 07:27:27,52400.0,200.0,11267100.0
482,2021-10-17 07:27:23,52400.0,100.0,11266900.0
483,2021-10-17 07:27:23,52400.0,400.0,11266800.0
484,2021-10-17 07:27:18,52400.0,200.0,11266400.0
485,2021-10-17 07:27:16,52400.0,300.0,11266200.0
486,2021-10-17 07:27:15,52500.0,100.0,11265900.0
487,2021-10-17 07:27:15,52500.0,400.0,11265800.0
488,2021-10-17 07:27:10,52400.0,100.0,11265400.0
489,2021-10-17 07:27:10,52400.0,500.0,11265300.0
490,2021-10-17 07:27:10,52400.0,1000.0,11264800.0
491,2021-10-17 07:27:10,52400.0,3400.0,11263800.0
492,2021-10-17 07:27:08,52400.0,100.0,11260400.0
493,2021-10-17 07:27:04,52500.0,600.0,11260300.0
494,2021-10-17 07:27:03,52400.0,200.0,11259700.0
495,2021-10-17 07:27:00,52400.0,200.0,11259500.0
496,2021-10-17 07:27:00,52400.0,100.0,11259300.0
497,2021-10-17 07:27:00,52400.0,200.0,11259200.0
498,2021-10-17 07:27:00,52400.0,800.0,11259000.0
499,2021-10-17 07:26:58,52400.0,600.0,11258200.0
500,2021-10-17 07:26:58,52400.0,400.0,11257600.0
501,2021-10-17 07:26:56,52400.0,100.0,11257200.0
502,2021-10-17 07:26:56,52400.0,100.0,11257100.0
503,2021-10-17 07:26:56,52400.0,300.0,11257000.0
504,2021-10-17 07:26:56,52400.0,400.0,11256700.0
505,2021-10-17 07:26:56,52400.0,100.0,11256300.0
506,2021-10-17 07:26:53,52400.0,200.0,11256200.0
507,2021-10-17 07:26:53,52400.0,700.0,11256000.0
508,2021-10-17 07:26:53,52400.0,300.0,11255300.0
509,2021-10-17 07:26:53,52400.0,200.0,11255000.0
510,2021-10-17 07:26:53,52400.0,1000.0,11254800.0
511,2021-10-17 07:26:53,52400.0,100.0,11253800.0
512,2021-10-17 07:26:53,52400.0,3400.0,11253700.0
513,2021-10-17 07:26:51,52400.0,10000.0,11250300.0
514,2021-10-17 07:26:51,52400.0,200.0,11240300.0
515,2021-10-17 07:26:50,52400.0,100.0,11240100.0
516,2021-10-17 07:26:50,52400.0,1300.0,11240000.0
517,2021-10-17 07:26:50,52400.0,700.0,11238700.0
518,2021-10-17 07:26:50,52400.0,100.0,11238000.0
519,2021-10-17 07:26:47,52400.0,200.0,11237900.0
520,2021-10-17 07:26:45,52400.0,1000.0,11237700.0
521,2021-10-17 07:26:45,52400.0,2000.0,11236700.0
522,2021-10-17 07:26:45,52400.0,200.0,11234700.0
523,2021-10-17 07:26:45,52400.0,2500.0,11234500.0
524,2021-10-17 07:26:45,52400.0,200.0,11232000.0
525,2021-10-17 07:26:45,52400.0,500.0,11231800.0
526,2021-10-17 07:26:44,52400.0,2000.0,11231300.0
527,2021-10-17 07:26:43,52400.0,100.0,11229300.0
528,2021-10-17 07:26:39,52400.0,9400.0,11229200.0
529,2021-10-17 07:26:39,52400.0,600.0,11219800.0
530,2021-10-17 07:26:37,52400.0,100.0,11219200.0
531,2021-10-17 07:26:37,52400.0,700.0,11219100.0
532,2021-10-17 07:26:37,52400.0,100.0,11218400.0
533,2021-10-17 07:26:37,52400.0,900.0,11218300.0
534,2021-10-17 07:26:36,52300.0,500.0,11217400.0
535,2021-10-17 07:26:35,52400.0,1000.0,11216900.0
536,2021-10-17 07:26:29,52300.0,200.0,11215900.0
537,2021-10-17 07:26:25,52400.0,100.0,11215700.0
538,2021-10-17 07:26:19,52300.0,4000.0,11215600.0
539,2021-10-17 07:26:10,52300.0,4200.0,11211600.0
540,2021-10-17 07:26:09,52400.0,600.0,11207400.0
541,2021-10-17 07:26:07,52300.0,200.0,11206800.0
542,2021-10-17 07:26:07,52300.0,500.0,11206600.0
543,2021-10-17 07:26:07,52300.0,100.0,11206100.0
544,2021-10-17 07:26:06,52300.0,200.0,11206000.0
545,2021-10-17 07:26:06,52300.0,200.0,11205800.0
546,2021-10-17 07:26:06,52300.0,300.0,11205600.0
547,2021-10-17 07:26:06,52300.0,1000.0,11205300.0
548,2021-10-17 07:26:06,52300.0,1000.0,11204300.0
549,2021-10-17 07:26:06,52300.0,200.0,11203300.0
550,2021-10-17 07:26:06,52300.0,500.0,11203100.0
551,2021-10-17 07:26:06,52300.0,100.0,11202600.0
552,2021-10-17 07:26:06,52300.0,500.0,11202500.0
553,2021-10-17 07:26:06,52300.0,100.0,11202000.0
554,2021-10-17 07:26:06,52300.0,100.0,11201900.0
555,2021-10-17 07:25:59,52300.0,4200.0,11201800.0
556,2021-10-17 07:25:55,52300.0,800.0,11197600.0
557,2021-10-17 07:25:55,52300.0,100.0,11196800.0
558,2021-10-17 07:25:55,52300.0,100.0,11196700.0
559,2021-10-17 07:25:55,52300.0,100.0,11196600.0
560,2021-10-17 07:25:55,52300.0,300.0,11196500.0
561,2021-10-17 07:25:55,52300.0,100.0,11196200.0
562,2021-10-17 07:25:55,52300.0,100.0,11196100.0
563,2021-10-17 07:25:55,52300.0,100.0,11196000.0
564,2021-10-17 07:25:55,52300.0,200.0,11195900.0
565,2021-10-17 07:25:55,52300.0,100.0,11195700.0
566,2021-10-17 07:25:55,52300.0,2200.0,11195600.0
567,2021-10-17 07:25:54,52400.0,1000.0,11193400.0
568,2021-10-17 07:25:54,52300.0,7800.0,11192400.0
569,2021-10-17 07:25:54,52300.0,100.0,11184600.0
570,2021-10-17 07:25:54,52300.0,2000.0,11184500.0
571,2021-10-17 07:25:54,52300.0,100.0,11182500.0
572,2021-10-17 07:25:54,52300.0,100.0,11182400.0
573,2021-10-17 07:25:54,52300.0,1000.0,11182300.0
574,2021-10-17 07:25:54,52300.0,900.0,11181300.0
575,2021-10-17 07:25:54,52300.0,1000.0,11180400.0
576,2021-10-17 07:25:54,52300.0,300.0,11179400.0
577,2021-10-17 07:25:54,52300.0,500.0,11179100.0
578,2021-10-17 07:25:54,52300.0,100.0,11178600.0
579,2021-10-17 07:25:54,52300.0,100.0,11178500.0
580,2021-10-17 07:25:54,52300.0,500.0,11178400.0
581,2021-10-17 07:25:54,52300.0,4000.0,11177900.0
582,2021-10-17 07:25:54,52300.0,300.0,11173900.0
583,2021-10-17 07:25:54,52300.0,2000.0,11173600.0
584,2021-10-17 07:25:54,52300.0,3000.0,11171600.0
585,2021-10-17 07:25:54,52300.0,3200.0,11168600.0
586,2021-10-17 07:25:51,52300.0,1800.0,11165400.0
587,2021-10-17 07:25:51,52300.0,1000.0,11163600.0
588,2021-10-17 07:25:51,52300.0,100.0,11162600.0
589,2021-10-17 07:25:51,52300.0,1000.0,11162500.0
590,2021-10-17 07:25:51,52300.0,100.0,11161500.0
591,2021-10-17 07:25:51,52300.0,200.0,11161400.0
592,2021-10-17 07:25:51,52400.0,2000.0,11161200.0
593,2021-10-17 07:25:48,52300.0,300.0,11159200.0
594,2021-10-17 07:25:48,52300.0,500.0,11158900.0
595,2021-10-17 07:25:48,52300.0,3000.0,11158400.0
596,2021-10-17 07:25:48,52300.0,500.0,11155400.0
597,2021-10-17 07:25:48,52300.0,1000.0,11154900.0
598,2021-10-17 07:25:48,52300.0,100.0,11153900.0
599,2021-10-17 07:25:48,52300.0,200.0,11153800.0
600,2021-10-17 07:25:48,52300.0,200.0,11153600.0
601,2021-10-17 07:25:48,52300.0,1000.0,11153400.0
602,2021-10-17 07:25:48,52300.0,500.0,11152400.0
603,2021-10-17 07:25:48,52300.0,100.0,11151900.0
604,2021-10-17 07:25:48,52300.0,2000.0,11151800.0
605,2021-10-17 07:25:48,52300.0,100.0,11149800.0
606,2021-10-17 07:25:48,52300.0,100.0,11149700.0
607,2021-10-17 07:25:48,52300.0,2000.0,11149600.0
608,2021-10-17 07:25:48,52300.0,300.0,11147600.0
609,2021-10-17 07:25:48,52300.0,300.0,11147300.0
610,2021-10-17 07:25:48,52300.0,300.0,11147000.0
611,2021-10-17 07:25:48,52300.0,5000.0,11146700.0
612,2021-10-17 07:25:48,52300.0,300.0,11141700.0
613,2021-10-17 07:25:48,52300.0,200.0,11141400.0
614,2021-10-17 07:25:48,52300.0,500.0,11141200.0
615,2021-10-17 07:25:48,52300.0,100.0,11140700.0
616,2021-10-17 07:25:48,52300.0,4000.0,11140600.0
617,2021-10-17 07:25:48,52300.0,17400.0,11136600.0
618,2021-10-17 07:25:46,52400.0,300.0,11119200.0
619,2021-10-17 07:25:46,52400.0,100.0,11118900.0
620,2021-10-17 07:25:46,52400.0,500.0,11118800.0
621,2021-10-17 07:25:46,52400.0,300.0,11118300.0
622,2021-10-17 07:25:44,52300.0,300.0,11118000.0
623,2021-10-17 07:25:44,52300.0,500.0,11117700.0
624,2021-10-17 07:25:41,52400.0,100.0,11117200.0
625,2021-10-17 07:25:38,52300.0,1800.0,11117100.0
626,2021-10-17 07:25:38,52300.0,100.0,11115300.0
627,2021-10-17 07:25:38,52300.0,100.0,11115200.0
628,2021-10-17 07:25:35,52300.0,400.0,11115100.0
629,2021-10-17 07:25:35,52300.0,1000.0,11114700.0
630,2021-10-17 07:25:35,52300.0,100.0,11113700.0
631,2021-10-17 07:25:35,52300.0,200.0,11113600.0
632,2021-10-17 07:25:35,52400.0,1000.0,11113400.0
633,2021-10-17 07:25:32,52400.0,800.0,11112400.0
634,2021-10-17 07:25:30,52300.0,100.0,11111600.0
635,2021-10-17 07:25:30,52300.0,500.0,11111500.0
636,2021-10-17 07:25:30,52300.0,3000.0,11111000.0
637,2021-10-17 07:25:30,52300.0,2000.0,11108000.0
638,2021-10-17 07:25:30,52300.0,200.0,11106000.0
639,2021-10-17 07:25:30,52300.0,3000.0,11105800.0
640,2021-10-17 07:25:30,52300.0,200.0,11102800.0
641,2021-10-17 07:25:30,52300.0,100.0,11102600.0
642,2021-10-17 07:25:30,52300.0,1000.0,11102500.0
643,2021-10-17 07:25:30,52300.0,700.0,11101500.0
644,2021-10-17 07:25:30,52300.0,200.0,11100800.0
645,2021-10-17 07:25:30,52300.0,100.0,11100600.0
646,2021-10-17 07:25:30,52300.0,300.0,11100500.0
647,2021-10-17 07:25:30,52300.0,2000.0,11100200.0
648,2021-10-17 07:25:30,52300.0,200.0,11098200.0
649,2021-10-17 07:25:30,52300.0,500.0,11098000.0
650,2021-10-17 07:25:30,52300.0,100.0,11097500.0
651,2021-10-17 07:25:30,52300.0,500.0,11097400.0
652,2021-10-17 07:25:30,52300.0,3000.0,11096900.0
653,2021-10-17 07:25:30,52300.0,1000.0,11093900.0
654,2021-10-17 07:25:30,52300.0,100.0,11092900.0
655,2021-10-17 07:25:30,52400.0,1000.0,11092800.0
656,2021-10-17 07:25:30,52400.0,200.0,11091800.0
657,2021-10-17 07:25:28,52300.0,400.0,11091600.0
658,2021-10-17 07:25:28,52300.0,100.0,11091200.0
659,2021-10-17 07:25:28,52300.0,200.0,11091100.0
660,2021-10-17 07:25:28,52300.0,700.0,11090900.0
661,2021-10-17 07:25:28,52300.0,300.0,11090200.0
662,2021-10-17 07:25:28,52300.0,1000.0,11089900.0
663,2021-10-17 07:25:28,52300.0,12000.0,11088900.0
664,2021-10-17 07:25:28,52400.0,300.0,11076900.0
665,2021-10-17 07:25:28,52400.0,100.0,11076600.0
666,2021-10-17 07:25:28,52400.0,200.0,11076500.0
667,2021-10-17 07:25:28,52400.0,200.0,11076300.0
668,2021-10-17 07:25:28,52400.0,500.0,11076100.0
669,2021-10-17 07:25:28,52400.0,1000.0,11075600.0
670,2021-10-17 07:25:28,52400.0,2000.0,11074600.0
671,2021-10-17 07:25:28,52400.0,300.0,11072600.0
672,2021-10-17 07:25:28,52400.0,5000.0,11072300.0
673,2021-10-17 07:25:28,52400.0,500.0,11067300.0
674,2021-10-17 07:25:28,52400.0,100.0,11066800.0
675,2021-10-17 07:25:28,52400.0,5000.0,11066700.0
676,2021-10-17 07:25:28,52400.0,1000.0,11061700.0
677,2021-10-17 07:25:28,52400.0,2000.0,11060700.0
678,2021-10-17 07:25:28,52400.0,100.0,11058700.0
679,2021-10-17 07:25:28,52400.0,100.0,11058600.0
680,2021-10-17 07:25:28,52400.0,500.0,11058500.0
681,2021-10-17 07:25:28,52400.0,400.0,11058000.0
682,2021-10-17 07:25:28,52400.0,1000.0,11057600.0
683,2021-10-17 07:25:28,52400.0,10000.0,11056600.0
684,2021-10-17 07:25:28,52400.0,1000.0,11046600.0
685,2021-10-17 07:25:28,52400.0,200.0,11045600.0
686,2021-10-17 07:25:28,52400.0,1500.0,11045400.0
687,2021-10-17 07:25:24,52400.0,500.0,11043900.0
688,2021-10-17 07:25:23,52400.0,2700.0,11043400.0
689,2021-10-17 07:25:21,52400.0,500.0,11040700.0
690,2021-10-17 07:25:21,52400.0,100.0,11040200.0
691,2021-10-17 07:25:14,52400.0,1000.0,11040100.0
692,2021-10-17 07:25:14,52400.0,2000.0,11039100.0
693,2021-10-17 07:25:10,52400.0,200.0,11037100.0
694,2021-10-17 07:25:08,52400.0,100.0,11036900.0
695,2021-10-17 07:25:03,52400.0,600.0,11036800.0
696,2021-10-17 07:25:03,52400.0,800.0,11036200.0
697,2021-10-17 07:25:03,52400.0,200.0,11035400.0
698,2021-10-17 07:25:03,52400.0,500.0,11035200.0
699,2021-10-17 07:24:57,52400.0,1000.0,11034700.0
700,2021-10-17 07:24:51,52400.0,5000.0,11033700.0
701,2021-10-17 07:24:45,52400.0,3000.0,11028700.0
702,2021-10-17 07:24:44,52400.0,200.0,11025700.0
703,2021-10-17 07:24:42,52400.0,800.0,11025500.0
704,2021-10-17 07:24:42,52400.0,200.0,11024700.0
705,2021-10-17 07:24:40,52400.0,200.0,11024500.0
706,2021-10-17 07:24:40,52400.0,200.0,11024300.0
707,2021-10-17 07:24:40,52400.0,800.0,11024100.0
708,2021-10-17 07:24:40,52400.0,100.0,11023300.0
709,2021-10-17 07:24:29,52400.0,900.0,11023200.0
710,2021-10-17 07:24:28,52400.0,100.0,11022300.0
711,2021-10-17 07:24:27,52400.0,100.0,11022200.0
712,2021-10-17 07:24:24,52300.0,3700.0,11022100.0
713,2021-10-17 07:24:24,52400.0,200.0,11018400.0
714,2021-10-17 07:24:24,52400.0,200.0,11018200.0
715,2021-10-17 07:24:24,52400.0,100.0,11018000.0
716,2021-10-17 07:24:21,52400.0,900.0,11017900.0
717,2021-10-17 07:24:21,52400.0,500.0,11017000.0
718,2021-10-17 07:24:21,52400.0,1000.0,11016500.0
719,2021-10-17 07:24:21,52400.0,1800.0,11015500.0
720,2021-10-17 07:24:20,52400.0,200.0,11013700.0
721,2021-10-17 07:24:20,52400.0,600.0,11013500.0
722,2021-10-17 07:24:19,52400.0,500.0,11012900.0
723,2021-10-17 07:24:14,52400.0,700.0,11012400.0
724,2021-10-17 07:24:13,52400.0,400.0,11011700.0
725,2021-10-17 07:24:11,52400.0,300.0,11011300.0
726,2021-10-17 07:24:11,52400.0,1000.0,11011000.0
727,2021-10-17 07:24:10,52400.0,4500.0,11010000.0
728,2021-10-17 07:24:10,52400.0,200.0,11005500.0
729,2021-10-17 07:24:10,52400.0,1000.0,11005300.0
730,2021-10-17 07:24:08,52400.0,400.0,11004300.0
731,2021-10-17 07:24:07,52400.0,900.0,11003900.0
732,2021-10-17 07:24:05,52400.0,100.0,11003000.0
733,2021-10-17 07:24:05,52400.0,100.0,11002900.0
734,2021-10-17 07:24:05,52400.0,600.0,11002800.0
735,2021-10-17 07:24:05,52400.0,1000.0,11002200.0
736,2021-10-17 07:24:05,52400.0,500.0,11001200.0
737,2021-10-17 07:24:05,52400.0,2000.0,11000700.0
738,2021-10-17 07:24:05,52400.0,5000.0,10998700.0
739,2021-10-17 07:24:05,52400.0,100.0,10993700.0
740,2021-10-17 07:24:05,52400.0,200.0,10993600.0
741,2021-10-17 07:24:05,52400.0,300.0,10993400.0
742,2021-10-17 07:24:05,52400.0,100.0,10993100.0
743,2021-10-17 07:24:04,52400.0,2500.0,10993000.0
744,2021-10-17 07:24:01,52400.0,2500.0,10990500.0
745,2021-10-17 07:23:58,52400.0,500.0,10988000.0
746,2021-10-17 07:23:58,52400.0,2500.0,10987500.0
747,2021-10-17 07:23:58,52400.0,1900.0,10985000.0
748,2021-10-17 07:23:58,52400.0,4000.0,10983100.0
749,2021-10-17 07:23:58,52400.0,2000.0,10979100.0
750,2021-10-17 07:23:58,52400.0,700.0,10977100.0
751,2021-10-17 07:23:54,52400.0,1300.0,10976400.0
752,2021-10-17 07:23:54,52400.0,300.0,10975100.0
753,2021-10-17 07:23:54,52400.0,1400.0,10974800.0
754,2021-10-17 07:23:52,52400.0,1000.0,10973400.0
755,2021-10-17 07:23:51,52400.0,1600.0,10972400.0
756,2021-10-17 07:23:51,52400.0,1000.0,10970800.0
757,2021-10-17 07:23:51,52400.0,400.0,10969800.0
758,2021-10-17 07:23:46,52400.0,200.0,10969400.0
759,2021-10-17 07:23:42,52400.0,200.0,10969200.0
760,2021-10-17 07:23:42,52400.0,100.0,10969000.0
761,2021-10-17 07:23:40,52400.0,200.0,10968900.0
762,2021-10-17 07:23:40,52400.0,800.0,10968700.0
763,2021-10-17 07:23:37,52400.0,100.0,10967900.0
764,2021-10-17 07:23:36,52400.0,300.0,10967800.0
765,2021-10-17 07:23:33,52400.0,500.0,10967500.0
766,2021-10-17 07:23:33,52400.0,8300.0,10967000.0
767,2021-10-17 07:23:33,52400.0,1000.0,10958700.0
768,2021-10-17 07:23:33,52400.0,3000.0,10957700.0
769,2021-10-17 07:23:33,52400.0,200.0,10954700.0
770,2021-10-17 07:23:20,52300.0,400.0,10954500.0
771,2021-10-17 07:23:20,52400.0,500.0,10954100.0
772,2021-10-17 07:23:20,52400.0,100.0,10953600.0
773,2021-10-17 07:23:20,52400.0,100.0,10953500.0
774,2021-10-17 07:23:20,52400.0,100.0,10953400.0
775,2021-10-17 07:23:20,52400.0,800.0,10953300.0
776,2021-10-17 07:23:20,52400.0,200.0,10952500.0
777,2021-10-17 07:23:20,52400.0,500.0,10952300.0
778,2021-10-17 07:23:20,52400.0,900.0,10951800.0
779,2021-10-17 07:23:20,52400.0,800.0,10950900.0
780,2021-10-17 07:23:19,52400.0,1000.0,10950100.0
781,2021-10-17 07:23:19,52400.0,300.0,10949100.0
782,2021-10-17 07:23:18,52400.0,100.0,10948800.0
783,2021-10-17 07:23:17,52400.0,200.0,10948700.0
784,2021-10-17 07:23:17,52400.0,100.0,10948500.0
785,2021-10-17 07:23:16,52400.0,100.0,10948400.0
786,2021-10-17 07:23:12,52400.0,100.0,10948300.0
787,2021-10-17 07:23:11,52400.0,2300.0,10948200.0
788,2021-10-17 07:23:11,52400.0,100.0,10945900.0
789,2021-10-17 07:23:11,52400.0,2000.0,10945800.0
790,2021-10-17 07:23:11,52400.0,100.0,10943800.0
791,2021-10-17 07:23:11,52400.0,500.0,10943700.0
792,2021-10-17 07:23:10,52400.0,500.0,10943200.0
793,2021-10-17 07:23:10,52400.0,9500.0,10942700.0
794,2021-10-17 07:23:10,52500.0,200.0,10933200.0
795,2021-10-17 07:23:08,52400.0,100.0,10933000.0
796,2021-10-17 07:23:07,52400.0,1500.0,10932900.0
797,2021-10-17 07:23:05,52400.0,500.0,10931400.0
798,2021-10-17 07:23:02,52400.0,10000.0,10930900.0
799,2021-10-17 07:22:59,52400.0,900.0,10920900.0
800,2021-10-17 07:22:59,52400.0,1600.0,10920000.0
801,2021-10-17 07:22:59,52400.0,300.0,10918400.0
802,2021-10-17 07:22:59,52400.0,1000.0,10918100.0
803,2021-10-17 07:22:59,52400.0,1600.0,10917100.0
804,2021-10-17 07:22:55,52400.0,100.0,10915500.0
805,2021-10-17 07:22:55,52400.0,500.0,10915400.0
806,2021-10-17 07:22:55,52400.0,200.0,10914900.0
807,2021-10-17 07:22:53,52300.0,200.0,10914700.0
808,2021-10-17 07:22:52,52300.0,1000.0,10914500.0
809,2021-10-17 07:22:52,52400.0,100.0,10913500.0
810,2021-10-17 07:22:52,52400.0,200.0,10913400.0
811,2021-10-17 07:22:52,52300.0,500.0,10913200.0
812,2021-10-17 07:22:51,52400.0,200.0,10912700.0
813,2021-10-17 07:22:51,52400.0,100.0,10912500.0
814,2021-10-17 07:22:49,52300.0,200.0,10912400.0
815,2021-10-17 07:22:49,52300.0,100.0,10912200.0
816,2021-10-17 07:22:40,52300.0,1000.0,10912100.0
817,2021-10-17 07:22:40,52300.0,500.0,10911100.0
818,2021-10-17 07:22:38,52400.0,100.0,10910600.0
819,2021-10-17 07:22:36,52400.0,200.0,10910500.0
820,2021-10-17 07:22:34,52400.0,200.0,10910300.0
821,2021-10-17 07:22:34,52400.0,700.0,10910100.0
822,2021-10-17 07:22:34,52400.0,200.0,10909400.0
823,2021-10-17 07:22:34,52400.0,1000.0,10909200.0
824,2021-10-17 07:22:34,52400.0,500.0,10908200.0
825,2021-10-17 07:22:34,52400.0,500.0,10907700.0
826,2021-10-17 07:22:34,52400.0,200.0,10907200.0
827,2021-10-17 07:22:34,52400.0,1000.0,10907000.0
828,2021-10-17 07:22:34,52400.0,1000.0,10906000.0
829,2021-10-17 07:22:34,52400.0,1000.0,10905000.0
830,2021-10-17 07:22:34,52400.0,1000.0,10904000.0
831,2021-10-17 07:22:34,52400.0,2700.0,10903000.0
832,2021-10-17 07:22:29,52300.0,1000.0,10900300.0
833,2021-10-17 07:22:29,52400.0,1400.0,10899300.0
834,2021-10-17 07:22:29,52400.0,1000.0,10897900.0
835,2021-10-17 07:22:29,52400.0,100.0,10896900.0
836,2021-10-17 07:22:29,52400.0,1000.0,10896800.0
837,2021-10-17 07:22:29,52400.0,1000.0,10895800.0
838,2021-10-17 07:22:29,52400.0,500.0,10894800.0
839,2021-10-17 07:22:29,52400.0,900.0,10894300.0
840,2021-10-17 07:22:29,52400.0,3100.0,10893400.0
841,2021-10-17 07:22:29,52400.0,400.0,10890300.0
842,2021-10-17 07:22:29,52400.0,600.0,10889900.0
843,2021-10-17 07:22:27,52300.0,3000.0,10889300.0
844,2021-10-17 07:22:26,52300.0,1600.0,10886300.0
845,2021-10-17 07:22:25,52300.0,500.0,10884700.0
846,2021-10-17 07:22:25,52400.0,1200.0,10884200.0
847,2021-10-17 07:22:25,52400.0,1000.0,10883000.0
848,2021-10-17 07:22:25,52400.0,2800.0,10882000.0
849,2021-10-17 07:22:24,52400.0,200.0,10879200.0
850,2021-10-17 07:22:23,52400.0,500.0,10879000.0
851,2021-10-17 07:22:20,52300.0,3400.0,10878500.0
852,2021-10-17 07:22:18,52400.0,100.0,10875100.0
853,2021-10-17 07:22:15,52400.0,100.0,10875000.0
854,2021-10-17 07:22:14,52300.0,900.0,10874900.0
855,2021-10-17 07:22:14,52300.0,100.0,10874000.0
856,2021-10-17 07:22:14,52300.0,200.0,10873900.0
857,2021-10-17 07:22:14,52300.0,1000.0,10873700.0
858,2021-10-17 07:22:14,52300.0,500.0,10872700.0
859,2021-10-17 07:22:10,52400.0,1300.0,10872200.0
860,2021-10-17 07:22:10,52400.0,200.0,10870900.0
861,2021-10-17 07:22:10,52400.0,500.0,10870700.0
862,2021-10-17 07:22:09,52400.0,100.0,10870200.0
863,2021-10-17 07:22:04,52300.0,200.0,10870100.0
864,2021-10-17 07:22:04,52400.0,200.0,10869900.0
865,2021-10-17 07:21:59,52400.0,100.0,10869700.0
866,2021-10-17 07:21:57,52300.0,2300.0,10869600.0
867,2021-10-17 07:21:57,52300.0,200.0,10867300.0
868,2021-10-17 07:21:57,52300.0,300.0,10867100.0
869,2021-10-17 07:21:57,52300.0,200.0,10866800.0
870,2021-10-17 07:21:57,52300.0,100.0,10866600.0
871,2021-10-17 07:21:57,52300.0,1000.0,10866500.0
872,2021-10-17 07:21:57,52300.0,1400.0,10865500.0
873,2021-10-17 07:21:56,52300.0,600.0,10864100.0
874,2021-10-17 07:21:56,52300.0,300.0,10863500.0
875,2021-10-17 07:21:56,52300.0,100.0,10863200.0
876,2021-10-17 07:21:44,52400.0,700.0,10863100.0
877,2021-10-17 07:21:40,52400.0,500.0,10862400.0
878,2021-10-17 07:21:38,52400.0,100.0,10861900.0
879,2021-10-17 07:21:35,52400.0,800.0,10861800.0
880,2021-10-17 07:21:27,52400.0,100.0,10861000.0
881,2021-10-17 07:21:27,52400.0,100.0,10860900.0
882,2021-10-17 07:21:23,52400.0,200.0,10860800.0
883,2021-10-17 07:21:23,52400.0,2700.0,10860600.0
884,2021-10-17 07:21:23,52400.0,200.0,10857900.0
885,2021-10-17 07:21:23,52400.0,1000.0,10857700.0
886,2021-10-17 07:21:23,52400.0,200.0,10856700.0
887,2021-10-17 07:21:23,52400.0,200.0,10856500.0
888,2021-10-17 07:21:23,52400.0,1000.0,10856300.0
889,2021-10-17 07:21:23,52400.0,1000.0,10855300.0
890,2021-10-17 07:21:23,52400.0,300.0,10854300.0
891,2021-10-17 07:21:22,52400.0,100.0,10854000.0
892,2021-10-17 07:21:22,52400.0,900.0,10853900.0
893,2021-10-17 07:21:22,52400.0,1100.0,10853000.0
894,2021-10-17 07:21:18,52400.0,500.0,10851900.0
895,2021-10-17 07:21:18,52400.0,3400.0,10851400.0
896,2021-10-17 07:21:18,52400.0,100.0,10848000.0
897,2021-10-17 07:21:18,52400.0,1000.0,10847900.0
898,2021-10-17 07:21:18,52400.0,100.0,10846900.0
899,2021-10-17 07:21:18,52400.0,300.0,10846800.0
900,2021-10-17 07:21:18,52400.0,100.0,10846500.0
901,2021-10-17 07:21:17,52400.0,100.0,10846400.0
902,2021-10-17 07:21:17,52400.0,200.0,10846300.0
903,2021-10-17 07:21:17,52400.0,1000.0,10846100.0
904,2021-10-17 07:21:17,52400.0,200.0,10845100.0
905,2021-10-17 07:21:17,52400.0,3400.0,10844900.0
906,2021-10-17 07:21:17,52400.0,100.0,10841500.0
907,2021-10-17 07:21:15,52400.0,1900.0,10841400.0
908,2021-10-17 07:21:15,52400.0,100.0,10839500.0
909,2021-10-17 07:21:15,52400.0,5000.0,10839400.0
910,2021-10-17 07:21:15,52400.0,1000.0,10834400.0
911,2021-10-17 07:21:15,52400.0,300.0,10833400.0
912,2021-10-17 07:21:15,52400.0,200.0,10833100.0
913,2021-10-17 07:21:15,52400.0,1000.0,10832900.0
914,2021-10-17 07:21:15,52400.0,200.0,10831900.0
915,2021-10-17 07:21:15,52400.0,300.0,10831700.0
916,2021-10-17 07:21:14,52400.0,100.0,10831400.0
917,2021-10-17 07:21:14,52400.0,600.0,10831300.0
918,2021-10-17 07:21:10,52400.0,200.0,10830700.0
919,2021-10-17 07:21:08,52400.0,1700.0,10830500.0
920,2021-10-17 07:21:08,52400.0,2500.0,10828800.0
921,2021-10-17 07:21:08,52400.0,500.0,10826300.0
922,2021-10-17 07:21:08,52400.0,2000.0,10825800.0
923,2021-10-17 07:21:08,52400.0,100.0,10823800.0
924,2021-10-17 07:21:08,52400.0,2000.0,10823700.0
925,2021-10-17 07:21:08,52400.0,500.0,10821700.0
926,2021-10-17 07:21:08,52400.0,300.0,10821200.0
927,2021-10-17 07:21:08,52400.0,1100.0,10820900.0
928,2021-10-17 07:21:06,52400.0,800.0,10819800.0
929,2021-10-17 07:21:06,52400.0,1500.0,10819000.0
930,2021-10-17 07:21:06,52400.0,100.0,10817500.0
931,2021-10-17 07:21:06,52400.0,100.0,10817400.0
932,2021-10-17 07:21:06,52400.0,2000.0,10817300.0
933,2021-10-17 07:21:06,52400.0,500.0,10815300.0
934,2021-10-17 07:21:04,52400.0,100.0,10814800.0
935,2021-10-17 07:21:01,52400.0,300.0,10814700.0
936,2021-10-17 07:21:01,52400.0,1000.0,10814400.0
937,2021-10-17 07:21:01,52400.0,100.0,10813400.0
938,2021-10-17 07:21:01,52400.0,300.0,10813300.0
939,2021-10-17 07:21:01,52400.0,100.0,10813000.0
940,2021-10-17 07:21:01,52400.0,100.0,10812900.0
941,2021-10-17 07:21:01,52400.0,200.0,10812800.0
942,2021-10-17 07:21:01,52400.0,200.0,10812600.0
943,2021-10-17 07:21:01,52400.0,3000.0,10812400.0
944,2021-10-17 07:21:01,52400.0,100.0,10809400.0
945,2021-10-17 07:21:01,52400.0,1000.0,10809300.0
946,2021-10-17 07:21:01,52400.0,500.0,10808300.0
947,2021-10-17 07:21:01,52400.0,1000.0,10807800.0
948,2021-10-17 07:21:01,52400.0,100.0,10806800.0
949,2021-10-17 07:21:01,52400.0,600.0,10806700.0
950,2021-10-17 07:21:01,52400.0,700.0,10806100.0
951,2021-10-17 07:21:01,52400.0,100.0,10805400.0
952,2021-10-17 07:21:01,52400.0,600.0,10805300.0
953,2021-10-17 07:21:01,52400.0,32000.0,10804700.0
954,2021-10-17 07:21:01,52500.0,100.0,10772700.0
955,2021-10-17 07:21:01,52500.0,200.0,10772600.0
956,2021-10-17 07:21:01,52500.0,9700.0,10772400.0
957,2021-10-17 07:21:00,52400.0,2000.0,10762700.0
958,2021-10-17 07:20:59,52400.0,25000.0,10760700.0
959,2021-10-17 07:20:59,52400.0,9000.0,10735700.0
960,2021-10-17 07:20:58,52400.0,1000.0,10726700.0
961,2021-10-17 07:20:56,52500.0,300.0,10725700.0
962,2021-10-17 07:20:56,52500.0,300.0,10725400.0
963,2021-10-17 07:20:55,52400.0,5000.0,10725100.0
964,2021-10-17 07:20:54,52400.0,500.0,10720100.0
965,2021-10-17 07:20:53,52400.0,1000.0,10719600.0
966,2021-10-17 07:20:53,52500.0,300.0,10718600.0
967,2021-10-17 07:20:53,52500.0,200.0,10718300.0
968,2021-10-17 07:20:52,52400.0,6000.0,10718100.0
969,2021-10-17 07:20:51,52400.0,600.0,10712100.0
970,2021-10-17 07:20:51,52400.0,700.0,10711500.0
971,2021-10-17 07:20:48,52400.0,15000.0,10710800.0
972,2021-10-17 07:20:48,52500.0,300.0,10695800.0
973,2021-10-17 07:20:48,52500.0,500.0,10695500.0
974,2021-10-17 07:20:48,52500.0,100.0,10695000.0
975,2021-10-17 07:20:48,52500.0,2000.0,10694900.0
976,2021-10-17 07:20:48,52500.0,100.0,10692900.0
977,2021-10-17 07:20:48,52500.0,500.0,10692800.0
978,2021-10-17 07:20:48,52500.0,6500.0,10692300.0
979,2021-10-17 07:20:46,52400.0,2200.0,10685800.0
980,2021-10-17 07:20:46,52400.0,2000.0,10683600.0
981,2021-10-17 07:20:46,52400.0,100.0,10681600.0
982,2021-10-17 07:20:46,52400.0,200.0,10681500.0
983,2021-10-17 07:20:46,52400.0,100.0,10681300.0
984,2021-10-17 07:20:46,52400.0,300.0,10681200.0
985,2021-10-17 07:20:46,52400.0,500.0,10680900.0
986,2021-10-17 07:20:46,52400.0,1000.0,10680400.0
987,2021-10-17 07:20:46,52400.0,1000.0,10679400.0
988,2021-10-17 07:20:46,52400.0,300.0,10678400.0
989,2021-10-17 07:20:46,52400.0,100.0,10678100.0
990,2021-10-17 07:20:46,52400.0,1000.0,10678000.0
991,2021-10-17 07:20:46,52400.0,100.0,10677000.0
992,2021-10-17 07:20:46,52400.0,200.0,10676900.0
993,2021-10-17 07:20:46,52400.0,1000.0,10676700.0
994,2021-10-17 07:20:46,52400.0,4000.0,10675700.0
995,2021-10-17 07:20:46,52400.0,1000.0,10671700.0
996,2021-10-17 07:20:46,52400.0,1000.0,10670700.0
997,2021-10-17 07:20:46,52400.0,500.0,10669700.0
998,2021-10-17 07:20:46,52400.0,200.0,10669200.0
999,2021-10-17 07:20:46,52400.0,2000.0,10669000.0
1000,2021-10-17 07:20:46,52400.0,100.0,10667000.0
1001,2021-10-17 07:20:46,52400.0,500.0,10666900.0
1002,2021-10-17 07:20:46,52400.0,100.0,10666400.0
1003,2021-10-17 07:20:46,52400.0,100.0,10666300.0
1004,2021-10-17 07:20:46,52400.0,1000.0,10666200.0
1005,2021-10-17 07:20:46,52400.0,100.0,10665200.0
1006,2021-10-17 07:20:46,52400.0,400.0,10665100.0
1007,2021-10-17 07:20:46,52400.0,100.0,10664700.0
1008,2021-10-17 07:20:46,52400.0,100.0,10664600.0
1009,2021-10-17 07:20:46,52400.0,28700.0,10664500.0
1010,2021-10-17 07:20:43,52400.0,2000.0,10635800.0
1011,2021-10-17 07:20:42,52400.0,400.0,10633800.0
1012,2021-10-17 07:20:42,52400.0,8900.0,10633400.0
1013,2021-10-17 07:20:42,52400.0,300.0,10624500.0
1014,2021-10-17 07:20:42,52400.0,100.0,10624200.0
1015,2021-10-17 07:20:42,52400.0,100.0,10624100.0
1016,2021-10-17 07:20:42,52400.0,300.0,10624000.0
1017,2021-10-17 07:20:42,52400.0,100.0,10623700.0
1018,2021-10-17 07:20:42,52400.0,200.0,10623600.0
1019,2021-10-17 07:20:42,52400.0,500.0,10623400.0
1020,2021-10-17 07:20:42,52400.0,500.0,10622900.0
1021,2021-10-17 07:20:42,52400.0,100.0,10622400.0
1022,2021-10-17 07:20:42,52400.0,1000.0,10622300.0
1023,2021-10-17 07:20:42,52400.0,100.0,10621300.0
1024,2021-10-17 07:20:42,52400.0,1000.0,10621200.0
1025,2021-10-17 07:20:42,52400.0,1000.0,10620200.0
1026,2021-10-17 07:20:42,52400.0,500.0,10619200.0
1027,2021-10-17 07:20:42,52400.0,1000.0,10618700.0
1028,2021-10-17 07:20:42,52400.0,1000.0,10617700.0
1029,2021-10-17 07:20:42,52400.0,100.0,10616700.0
1030,2021-10-17 07:20:42,52400.0,100.0,10616600.0
1031,2021-10-17 07:20:42,52400.0,400.0,10616500.0
1032,2021-10-17 07:20:42,52400.0,500.0,10616100.0
1033,2021-10-17 07:20:42,52400.0,500.0,10615600.0
1034,2021-10-17 07:20:42,52400.0,200.0,10615100.0
1035,2021-10-17 07:20:42,52400.0,500.0,10614900.0
1036,2021-10-17 07:20:42,52400.0,1000.0,10614400.0
1037,2021-10-17 07:20:42,52400.0,100.0,10613400.0
1038,2021-10-17 07:20:42,52400.0,5000.0,10613300.0
1039,2021-10-17 07:20:42,52400.0,1500.0,10608300.0
1040,2021-10-17 07:20:42,52400.0,500.0,10606800.0
1041,2021-10-17 07:20:42,52400.0,1000.0,10606300.0
1042,2021-10-17 07:20:42,52400.0,2000.0,10605300.0
1043,2021-10-17 07:20:42,52400.0,500.0,10603300.0
1044,2021-10-17 07:20:42,52400.0,100.0,10602800.0
1045,2021-10-17 07:20:42,52400.0,200.0,10602700.0
1046,2021-10-17 07:20:42,52400.0,100.0,10602500.0
1047,2021-10-17 07:20:42,52400.0,1000.0,10602400.0
1048,2021-10-17 07:20:42,52400.0,200.0,10601400.0
1049,2021-10-17 07:20:42,52400.0,300.0,10601200.0
1050,2021-10-17 07:20:42,52400.0,500.0,10600900.0
1051,2021-10-17 07:20:42,52400.0,500.0,10600400.0
1052,2021-10-17 07:20:42,52400.0,2000.0,10599900.0
1053,2021-10-17 07:20:42,52400.0,1000.0,10597900.0
1054,2021-10-17 07:20:42,52400.0,500.0,10596900.0
1055,2021-10-17 07:20:42,52400.0,3000.0,10596400.0
1056,2021-10-17 07:20:39,52500.0,500.0,10593400.0
1057,2021-10-17 07:20:37,52400.0,100.0,10592900.0
1058,2021-10-17 07:20:36,52400.0,1900.0,10592800.0
1059,2021-10-17 07:20:36,52400.0,100.0,10590900.0
1060,2021-10-17 07:20:35,52400.0,200.0,10590800.0
1061,2021-10-17 07:20:30,52400.0,300.0,10590600.0
1062,2021-10-17 07:20:30,52400.0,200.0,10590300.0
1063,2021-10-17 07:20:30,52400.0,500.0,10590100.0
1064,2021-10-17 07:20:29,52400.0,1500.0,10589600.0
1065,2021-10-17 07:20:28,52400.0,3200.0,10588100.0
1066,2021-10-17 07:20:26,52500.0,700.0,10584900.0
1067,2021-10-17 07:20:24,52400.0,800.0,10584200.0
1068,2021-10-17 07:20:24,52400.0,100.0,10583400.0
1069,2021-10-17 07:20:24,52400.0,400.0,10583300.0
1070,2021-10-17 07:20:24,52400.0,300.0,10582900.0
1071,2021-10-17 07:20:24,52400.0,500.0,10582600.0
1072,2021-10-17 07:20:24,52400.0,2900.0,10582100.0
1073,2021-10-17 07:20:24,52400.0,1100.0,10579200.0
1074,2021-10-17 07:20:24,52400.0,500.0,10578100.0
1075,2021-10-17 07:20:24,52400.0,100.0,10577600.0
1076,2021-10-17 07:20:24,52400.0,100.0,10577500.0
1077,2021-10-17 07:20:24,52400.0,400.0,10577400.0
1078,2021-10-17 07:20:24,52400.0,200.0,10577000.0
1079,2021-10-17 07:20:24,52400.0,200.0,10576800.0
1080,2021-10-17 07:20:24,52400.0,300.0,10576600.0
1081,2021-10-17 07:20:21,52400.0,5000.0,10576300.0
1082,2021-10-17 07:20:20,52400.0,15700.0,10571300.0
1083,2021-10-17 07:20:20,52400.0,500.0,10555600.0
1084,2021-10-17 07:20:20,52400.0,100.0,10555100.0
1085,2021-10-17 07:20:20,52400.0,100.0,10555000.0
1086,2021-10-17 07:20:20,52400.0,1000.0,10554900.0
1087,2021-10-17 07:20:20,52400.0,100.0,10553900.0
1088,2021-10-17 07:20:20,52400.0,1000.0,10553800.0
1089,2021-10-17 07:20:20,52400.0,500.0,10552800.0
1090,2021-10-17 07:20:20,52400.0,500.0,10552300.0
1091,2021-10-17 07:20:20,52400.0,500.0,10551800.0
1092,2021-10-17 07:20:20,52400.0,5000.0,10551300.0
1093,2021-10-17 07:20:20,52400.0,200.0,10546300.0
1094,2021-10-17 07:20:20,52400.0,2000.0,10546100.0
1095,2021-10-17 07:20:20,52400.0,100.0,10544100.0
1096,2021-10-17 07:20:20,52400.0,200.0,10544000.0
1097,2021-10-17 07:20:20,52400.0,900.0,10543800.0
1098,2021-10-17 07:20:20,52400.0,500.0,10542900.0
1099,2021-10-17 07:20:20,52400.0,100.0,10542400.0
1100,2021-10-17 07:20:20,52400.0,300.0,10542300.0
1101,2021-10-17 07:20:20,52400.0,1000.0,10542000.0
1102,2021-10-17 07:20:20,52400.0,1000.0,10541000.0
1103,2021-10-17 07:20:20,52400.0,18700.0,10540000.0
1104,2021-10-17 07:20:19,52400.0,1000.0,10521300.0
1105,2021-10-17 07:20:09,52400.0,300.0,10520300.0
1106,2021-10-17 07:20:09,52400.0,100.0,10520000.0
1107,2021-10-17 07:20:09,52400.0,100.0,10519900.0
1108,2021-10-17 07:20:09,52400.0,100.0,10519800.0
1109,2021-10-17 07:20:09,52400.0,100.0,10519700.0
1110,2021-10-17 07:20:09,52400.0,100.0,10519600.0
1111,2021-10-17 07:20:09,52400.0,100.0,10519500.0
1112,2021-10-17 07:20:09,52400.0,100.0,10519400.0
1113,2021-10-17 07:20:07,52400.0,400.0,10519300.0
1114,2021-10-17 07:20:07,52400.0,1600.0,10518900.0
1115,2021-10-17 07:20:06,52500.0,100.0,10517300.0
1116,2021-10-17 07:20:01,52400.0,300.0,10517200.0
1117,2021-10-17 07:20:00,52400.0,400.0,10516900.0
1118,2021-10-17 07:20:00,52400.0,100.0,10516500.0
1119,2021-10-17 07:19:58,52400.0,100.0,10516400.0
1120,2021-10-17 07:19:57,52500.0,1000.0,10516300.0
1121,2021-10-17 07:19:52,52400.0,100.0,10515300.0
1122,2021-10-17 07:19:52,52400.0,200.0,10515200.0
1123,2021-10-17 07:19:52,52400.0,100.0,10515000.0
1124,2021-10-17 07:19:52,52400.0,1000.0,10514900.0
1125,2021-10-17 07:19:52,52400.0,100.0,10513900.0
1126,2021-10-17 07:19:50,52400.0,400.0,10513800.0
1127,2021-10-17 07:19:50,52400.0,1000.0,10513400.0
1128,2021-10-17 07:19:50,52400.0,500.0,10512400.0
1129,2021-10-17 07:19:50,52400.0,1000.0,10511900.0
1130,2021-10-17 07:19:50,52400.0,200.0,10510900.0
1131,2021-10-17 07:19:50,52400.0,100.0,10510700.0
1132,2021-10-17 07:19:50,52400.0,500.0,10510600.0
1133,2021-10-17 07:19:50,52400.0,200.0,10510100.0
1134,2021-10-17 07:19:50,52400.0,200.0,10509900.0
1135,2021-10-17 07:19:50,52400.0,100.0,10509700.0
1136,2021-10-17 07:19:50,52400.0,300.0,10509600.0
1137,2021-10-17 07:19:50,52400.0,500.0,10509300.0
1138,2021-10-17 07:19:50,52400.0,100.0,10508800.0
1139,2021-10-17 07:19:50,52400.0,1000.0,10508700.0
1140,2021-10-17 07:19:50,52400.0,200.0,10507700.0
1141,2021-10-17 07:19:50,52400.0,500.0,10507500.0
1142,2021-10-17 07:19:50,52400.0,100.0,10507000.0
1143,2021-10-17 07:19:50,52400.0,500.0,10506900.0
1144,2021-10-17 07:19:50,52400.0,100.0,10506400.0
1145,2021-10-17 07:19:50,52400.0,500.0,10506300.0
1146,2021-10-17 07:19:50,52400.0,100.0,10505800.0
1147,2021-10-17 07:19:50,52400.0,200.0,10505700.0
1148,2021-10-17 07:19:50,52400.0,100.0,10505500.0
1149,2021-10-17 07:19:50,52400.0,1500.0,10505400.0
1150,2021-10-17 07:19:49,52400.0,800.0,10503900.0
1151,2021-10-17 07:19:49,52400.0,200.0,10503100.0
1152,2021-10-17 07:19:49,52400.0,200.0,10502900.0
1153,2021-10-17 07:19:49,52400.0,400.0,10502700.0
1154,2021-10-17 07:19:48,52400.0,300.0,10502300.0
1155,2021-10-17 07:19:48,52400.0,200.0,10502000.0
1156,2021-10-17 07:19:48,52400.0,1100.0,10501800.0
1157,2021-10-17 07:19:48,52400.0,300.0,10500700.0
1158,2021-10-17 07:19:48,52400.0,200.0,10500400.0
1159,2021-10-17 07:19:48,52400.0,4000.0,10500200.0
1160,2021-10-17 07:19:48,52400.0,400.0,10496200.0
1161,2021-10-17 07:19:44,52500.0,200.0,10495800.0
1162,2021-10-17 07:19:44,52400.0,1200.0,10495600.0
1163,2021-10-17 07:19:31,52400.0,600.0,10494400.0
1164,2021-10-17 07:19:29,52400.0,1400.0,10493800.0
1165,2021-10-17 07:19:22,52500.0,1000.0,10492400.0
1166,2021-10-17 07:19:22,52500.0,9000.0,10491400.0
1167,2021-10-17 07:19:21,52400.0,1400.0,10482400.0
1168,2021-10-17 07:19:21,52400.0,500.0,10481000.0
1169,2021-10-17 07:19:21,52400.0,500.0,10480500.0
1170,2021-10-17 07:19:21,52400.0,3000.0,10480000.0
1171,2021-10-17 07:19:21,52400.0,20000.0,10477000.0
1172,2021-10-17 07:19:21,52400.0,100.0,10457000.0
1173,2021-10-17 07:19:21,52400.0,100.0,10456900.0
1174,2021-10-17 07:19:21,52400.0,200.0,10456800.0
1175,2021-10-17 07:19:21,52400.0,4200.0,10456600.0
1176,2021-10-17 07:19:20,52400.0,7000.0,10452400.0
1177,2021-10-17 07:19:17,52400.0,5000.0,10445400.0
1178,2021-10-17 07:19:16,52500.0,1500.0,10440400.0
1179,2021-10-17 07:19:15,52500.0,600.0,10438900.0
1180,2021-10-17 07:19:12,52500.0,100.0,10438300.0
1181,2021-10-17 07:19:10,52400.0,300.0,10438200.0
1182,2021-10-17 07:19:08,52400.0,300.0,10437900.0
1183,2021-10-17 07:19:07,52400.0,3200.0,10437600.0
1184,2021-10-17 07:19:07,52400.0,100.0,10434400.0
1185,2021-10-17 07:19:07,52400.0,200.0,10434300.0
1186,2021-10-17 07:19:07,52400.0,300.0,10434100.0
1187,2021-10-17 07:19:07,52400.0,100.0,10433800.0
1188,2021-10-17 07:19:07,52400.0,200.0,10433700.0
1189,2021-10-17 07:19:02,52500.0,500.0,10433500.0
1190,2021-10-17 07:19:00,52400.0,100.0,10433000.0
1191,2021-10-17 07:19:00,52400.0,400.0,10432900.0
1192,2021-10-17 07:19:00,52400.0,500.0,10432500.0
1193,2021-10-17 07:19:00,52400.0,1000.0,10432000.0
1194,2021-10-17 07:18:59,52500.0,700.0,10431000.0
1195,2021-10-17 07:18:57,52400.0,500.0,10430300.0
1196,2021-10-17 07:18:52,52500.0,7600.0,10429800.0
1197,2021-10-17 07:18:52,52500.0,100.0,10422200.0
1198,2021-10-17 07:18:52,52500.0,100.0,10422100.0
1199,2021-10-17 07:18:52,52500.0,100.0,10422000.0
1200,2021-10-17 07:18:52,52500.0,500.0,10421900.0
1201,2021-10-17 07:18:52,52500.0,7000.0,10421400.0
1202,2021-10-17 07:18:52,52500.0,100.0,10414400.0
1203,2021-10-17 07:18:52,52500.0,500.0,10414300.0
1204,2021-10-17 07:18:52,52500.0,400.0,10413800.0
1205,2021-10-17 07:18:52,52500.0,500.0,10413400.0
1206,2021-10-17 07:18:52,52500.0,100.0,10412900.0
1207,2021-10-17 07:18:52,52500.0,100.0,10412800.0
1208,2021-10-17 07:18:52,52500.0,900.0,10412700.0
1209,2021-10-17 07:18:48,52400.0,600.0,10411800.0
1210,2021-10-17 07:18:48,52400.0,400.0,10411200.0
1211,2021-10-17 07:18:47,52400.0,100.0,10410800.0
1212,2021-10-17 07:18:46,52400.0,500.0,10410700.0
1213,2021-10-17 07:18:46,52400.0,100.0,10410200.0
1214,2021-10-17 07:18:46,52400.0,100.0,10410100.0
1215,2021-10-17 07:18:43,52500.0,100.0,10410000.0
1216,2021-10-17 07:18:42,52500.0,600.0,10409900.0
1217,2021-10-17 07:18:39,52400.0,400.0,10409300.0
1218,2021-10-17 07:18:39,52400.0,2000.0,10408900.0
1219,2021-10-17 07:18:39,52400.0,100.0,10406900.0
1220,2021-10-17 07:18:39,52400.0,300.0,10406800.0
1221,2021-10-17 07:18:39,52400.0,100.0,10406500.0
1222,2021-10-17 07:18:39,52400.0,100.0,10406400.0
1223,2021-10-17 07:18:39,52400.0,100.0,10406300.0
1224,2021-10-17 07:18:39,52400.0,100.0,10406200.0
1225,2021-10-17 07:18:39,52400.0,500.0,10406100.0
1226,2021-10-17 07:18:39,52400.0,200.0,10405600.0
1227,2021-10-17 07:18:39,52400.0,1000.0,10405400.0
1228,2021-10-17 07:18:39,52400.0,1000.0,10404400.0
1229,2021-10-17 07:18:39,52400.0,100.0,10403400.0
1230,2021-10-17 07:18:39,52400.0,100.0,10403300.0
1231,2021-10-17 07:18:39,52400.0,300.0,10403200.0
1232,2021-10-17 07:18:39,52400.0,200.0,10402900.0
1233,2021-10-17 07:18:39,52400.0,1000.0,10402700.0
1234,2021-10-17 07:18:39,52400.0,100.0,10401700.0
1235,2021-10-17 07:18:39,52400.0,100.0,10401600.0
1236,2021-10-17 07:18:39,52400.0,300.0,10401500.0
1237,2021-10-17 07:18:39,52400.0,200.0,10401200.0
1238,2021-10-17 07:18:39,52400.0,100.0,10401000.0
1239,2021-10-17 07:18:39,52400.0,400.0,10400900.0
1240,2021-10-17 07:18:39,52400.0,600.0,10400500.0
1241,2021-10-17 07:18:39,52400.0,5400.0,10399900.0
1242,2021-10-17 07:18:35,52400.0,100.0,10394500.0
1243,2021-10-17 07:18:28,52400.0,2500.0,10394400.0
1244,2021-10-17 07:18:28,52400.0,500.0,10391900.0
1245,2021-10-17 07:18:28,52400.0,500.0,10391400.0
1246,2021-10-17 07:18:28,52400.0,100.0,10390900.0
1247,2021-10-17 07:18:28,52400.0,600.0,10390800.0
1248,2021-10-17 07:18:28,52400.0,200.0,10390200.0
1249,2021-10-17 07:18:28,52400.0,100.0,10390000.0
1250,2021-10-17 07:18:28,52400.0,500.0,10389900.0
1251,2021-10-17 07:18:26,52500.0,100.0,10389400.0
1252,2021-10-17 07:18:22,52500.0,3300.0,10389300.0
1253,2021-10-17 07:18:22,52500.0,500.0,10386000.0
1254,2021-10-17 07:18:22,52500.0,400.0,10385500.0
1255,2021-10-17 07:18:22,52500.0,1000.0,10385100.0
1256,2021-10-17 07:18:22,52500.0,4800.0,10384100.0
1257,2021-10-17 07:18:20,52400.0,500.0,10379300.0
1258,2021-10-17 07:18:19,52400.0,100.0,10378800.0
1259,2021-10-17 07:18:13,52500.0,700.0,10378700.0
1260,2021-10-17 07:18:10,52400.0,1000.0,10378000.0
1261,2021-10-17 07:18:04,52400.0,400.0,10377000.0
1262,2021-10-17 07:18:04,52400.0,100.0,10376600.0
1263,2021-10-17 07:18:04,52500.0,1800.0,10376500.0
1264,2021-10-17 07:17:59,52400.0,100.0,10374700.0
1265,2021-10-17 07:17:58,52500.0,100.0,10374600.0
1266,2021-10-17 07:17:55,52500.0,200.0,10374500.0
1267,2021-10-17 07:17:53,52500.0,200.0,10374300.0
1268,2021-10-17 07:17:50,52500.0,500.0,10374100.0
1269,2021-10-17 07:17:42,52500.0,1000.0,10373600.0
1270,2021-10-17 07:17:40,52500.0,100.0,10372600.0
1271,2021-10-17 07:17:22,52500.0,300.0,10372500.0
1272,2021-10-17 07:17:21,52500.0,100.0,10372200.0
1273,2021-10-17 07:17:15,52500.0,200.0,10372100.0
1274,2021-10-17 07:17:13,52400.0,3000.0,10371900.0
1275,2021-10-17 07:17:13,52400.0,500.0,10368900.0
1276,2021-10-17 07:17:13,52400.0,400.0,10368400.0
1277,2021-10-17 07:17:13,52400.0,100.0,10368000.0
1278,2021-10-17 07:17:13,52500.0,200.0,10367900.0
1279,2021-10-17 07:17:13,52500.0,100.0,10367700.0
1280,2021-10-17 07:17:12,52500.0,600.0,10367600.0
1281,2021-10-17 07:17:12,52500.0,1000.0,10367000.0
1282,2021-10-17 07:17:12,52500.0,900.0,10366000.0
1283,2021-10-17 07:17:12,52500.0,400.0,10365100.0
1284,2021-10-17 07:17:11,52500.0,1600.0,10364700.0
1285,2021-10-17 07:17:11,52500.0,400.0,10363100.0
1286,2021-10-17 07:17:11,52500.0,500.0,10362700.0
1287,2021-10-17 07:17:11,52500.0,500.0,10362200.0
1288,2021-10-17 07:17:11,52500.0,1000.0,10361700.0
1289,2021-10-17 07:17:11,52500.0,100.0,10360700.0
1290,2021-10-17 07:17:11,52500.0,1000.0,10360600.0
1291,2021-10-17 07:17:11,52500.0,500.0,10359600.0
1292,2021-10-17 07:17:11,52500.0,100.0,10359100.0
1293,2021-10-17 07:17:11,52500.0,2000.0,10359000.0
1294,2021-10-17 07:17:11,52500.0,100.0,10357000.0
1295,2021-10-17 07:17:11,52500.0,100.0,10356900.0
1296,2021-10-17 07:17:11,52500.0,100.0,10356800.0
1297,2021-10-17 07:17:11,52500.0,100.0,10356700.0
1298,2021-10-17 07:17:11,52500.0,100.0,10356600.0
1299,2021-10-17 07:17:11,52500.0,500.0,10356500.0
1300,2021-10-17 07:17:11,52500.0,200.0,10356000.0
1301,2021-10-17 07:17:11,52500.0,200.0,10355800.0
1302,2021-10-17 07:17:11,52500.0,200.0,10355600.0
1303,2021-10-17 07:17:11,52500.0,100.0,10355400.0
1304,2021-10-17 07:17:11,52500.0,600.0,10355300.0
1305,2021-10-17 07:17:09,52500.0,400.0,10354700.0
1306,2021-10-17 07:17:09,52500.0,100.0,10354300.0
1307,2021-10-17 07:17:09,52500.0,3700.0,10354200.0
1308,2021-10-17 07:17:08,52500.0,300.0,10350500.0
1309,2021-10-17 07:17:08,52500.0,100.0,10350200.0
1310,2021-10-17 07:17:08,52500.0,200.0,10350100.0
1311,2021-10-17 07:17:08,52500.0,300.0,10349900.0
1312,2021-10-17 07:17:06,52500.0,400.0,10349600.0
1313,2021-10-17 07:17:05,52500.0,4300.0,10349200.0
1314,2021-10-17 07:17:05,52500.0,700.0,10344900.0
1315,2021-10-17 07:17:02,52500.0,300.0,10344200.0
1316,2021-10-17 07:17:02,52500.0,500.0,10343900.0
1317,2021-10-17 07:17:01,52500.0,200.0,10343400.0
1318,2021-10-17 07:17:01,52500.0,100.0,10343200.0
1319,2021-10-17 07:17:01,52600.0,300.0,10343100.0
1320,2021-10-17 07:16:59,52500.0,1000.0,10342800.0
1321,2021-10-17 07:16:59,52500.0,1000.0,10341800.0
1322,2021-10-17 07:16:56,52500.0,2200.0,10340800.0
1323,2021-10-17 07:16:56,52500.0,100.0,10338600.0
1324,2021-10-17 07:16:56,52500.0,100.0,10338500.0
1325,2021-10-17 07:16:56,52500.0,100.0,10338400.0
1326,2021-10-17 07:16:56,52500.0,3000.0,10338300.0
1327,2021-10-17 07:16:56,52500.0,1000.0,10335300.0
1328,2021-10-17 07:16:56,52500.0,20000.0,10334300.0
1329,2021-10-17 07:16:56,52500.0,100.0,10314300.0
1330,2021-10-17 07:16:56,52500.0,600.0,10314200.0
1331,2021-10-17 07:16:56,52500.0,1000.0,10313600.0
1332,2021-10-17 07:16:56,52500.0,100.0,10312600.0
1333,2021-10-17 07:16:56,52500.0,800.0,10312500.0
1334,2021-10-17 07:16:56,52500.0,100.0,10311700.0
1335,2021-10-17 07:16:56,52500.0,100.0,10311600.0
1336,2021-10-17 07:16:56,52500.0,1000.0,10311500.0
1337,2021-10-17 07:16:56,52500.0,100.0,10310500.0
1338,2021-10-17 07:16:56,52500.0,200.0,10310400.0
1339,2021-10-17 07:16:56,52500.0,300.0,10310200.0
1340,2021-10-17 07:16:56,52500.0,500.0,10309900.0
1341,2021-10-17 07:16:56,52500.0,3000.0,10309400.0
1342,2021-10-17 07:16:56,52500.0,100.0,10306400.0
1343,2021-10-17 07:16:56,52500.0,700.0,10306300.0
1344,2021-10-17 07:16:56,52500.0,100.0,10305600.0
1345,2021-10-17 07:16:56,52500.0,100.0,10305500.0
1346,2021-10-17 07:16:56,52500.0,200.0,10305400.0
1347,2021-10-17 07:16:56,52500.0,100.0,10305200.0
1348,2021-10-17 07:16:56,52500.0,200.0,10305100.0
1349,2021-10-17 07:16:56,52500.0,500.0,10304900.0
1350,2021-10-17 07:16:56,52500.0,7400.0,10304400.0
1351,2021-10-17 07:16:56,52500.0,200.0,10297000.0
1352,2021-10-17 07:16:56,52500.0,1000.0,10296800.0
1353,2021-10-17 07:16:56,52500.0,2000.0,10295800.0
1354,2021-10-17 07:16:56,52500.0,100.0,10293800.0
1355,2021-10-17 07:16:56,52500.0,500.0,10293700.0
1356,2021-10-17 07:16:56,52500.0,100.0,10293200.0
1357,2021-10-17 07:16:56,52500.0,300.0,10293100.0
1358,2021-10-17 07:16:55,52500.0,700.0,10292800.0
1359,2021-10-17 07:16:55,52500.0,4600.0,10292100.0
1360,2021-10-17 07:16:53,52500.0,5400.0,10287500.0
1361,2021-10-17 07:16:53,52500.0,500.0,10282100.0
1362,2021-10-17 07:16:53,52500.0,1000.0,10281600.0
1363,2021-10-17 07:16:53,52500.0,500.0,10280600.0
1364,2021-10-17 07:16:53,52500.0,100.0,10280100.0
1365,2021-10-17 07:16:53,52500.0,1000.0,10280000.0
1366,2021-10-17 07:16:53,52500.0,1000.0,10279000.0
1367,2021-10-17 07:16:53,52500.0,400.0,10278000.0
1368,2021-10-17 07:16:53,52500.0,100.0,10277600.0
1369,2021-10-17 07:16:53,52500.0,100.0,10277500.0
1370,2021-10-17 07:16:53,52500.0,600.0,10277400.0
1371,2021-10-17 07:16:53,52500.0,100.0,10276800.0
1372,2021-10-17 07:16:53,52500.0,1000.0,10276700.0
1373,2021-10-17 07:16:53,52500.0,1000.0,10275700.0
1374,2021-10-17 07:16:53,52500.0,100.0,10274700.0
1375,2021-10-17 07:16:53,52500.0,500.0,10274600.0
1376,2021-10-17 07:16:53,52500.0,300.0,10274100.0
1377,2021-10-17 07:16:53,52500.0,100.0,10273800.0
1378,2021-10-17 07:16:53,52500.0,100.0,10273700.0
1379,2021-10-17 07:16:53,52500.0,200.0,10273600.0
1380,2021-10-17 07:16:53,52500.0,200.0,10273400.0
1381,2021-10-17 07:16:53,52500.0,100.0,10273200.0
1382,2021-10-17 07:16:53,52500.0,1000.0,10273100.0
1383,2021-10-17 07:16:53,52500.0,1000.0,10272100.0
1384,2021-10-17 07:16:53,52500.0,100.0,10271100.0
1385,2021-10-17 07:16:53,52500.0,300.0,10271000.0
1386,2021-10-17 07:16:53,52500.0,100.0,10270700.0
1387,2021-10-17 07:16:53,52500.0,200.0,10270600.0
1388,2021-10-17 07:16:53,52500.0,4400.0,10270400.0
1389,2021-10-17 07:16:53,52500.0,1000.0,10266000.0
1390,2021-10-17 07:16:53,52500.0,100.0,10265000.0
1391,2021-10-17 07:16:53,52500.0,100.0,10264900.0
1392,2021-10-17 07:16:53,52500.0,7300.0,10264800.0
1393,2021-10-17 07:16:53,52500.0,1000.0,10257500.0
1394,2021-10-17 07:16:53,52500.0,5000.0,10256500.0
1395,2021-10-17 07:16:53,52500.0,6700.0,10251500.0
1396,2021-10-17 07:16:53,52500.0,1000.0,10244800.0
1397,2021-10-17 07:16:53,52500.0,2300.0,10243800.0
1398,2021-10-17 07:16:52,52500.0,500.0,10241500.0
1399,2021-10-17 07:16:51,52500.0,4000.0,10241000.0
1400,2021-10-17 07:16:50,52500.0,1000.0,10237000.0
1401,2021-10-17 07:16:49,52500.0,2000.0,10236000.0
1402,2021-10-17 07:16:49,52500.0,200.0,10234000.0
1403,2021-10-17 07:16:49,52500.0,1000.0,10233800.0
1404,2021-10-17 07:16:49,52500.0,500.0,10232800.0
1405,2021-10-17 07:16:49,52500.0,100.0,10232300.0
1406,2021-10-17 07:16:49,52500.0,500.0,10232200.0
1407,2021-10-17 07:16:49,52500.0,100.0,10231700.0
1408,2021-10-17 07:16:49,52500.0,300.0,10231600.0
1409,2021-10-17 07:16:49,52500.0,500.0,10231300.0
1410,2021-10-17 07:16:49,52500.0,1800.0,10230800.0
1411,2021-10-17 07:16:47,52500.0,1000.0,10229000.0
1412,2021-10-17 07:16:45,52500.0,2200.0,10228000.0
1413,2021-10-17 07:16:45,52500.0,800.0,10225800.0
1414,2021-10-17 07:16:45,52500.0,100.0,10225000.0
1415,2021-10-17 07:16:45,52500.0,5000.0,10224900.0
1416,2021-10-17 07:16:45,52500.0,100.0,10219900.0
1417,2021-10-17 07:16:45,52500.0,1800.0,10219800.0
1418,2021-10-17 07:16:44,52600.0,400.0,10218000.0
1419,2021-10-17 07:16:44,52600.0,200.0,10217600.0
1420,2021-10-17 07:16:44,52600.0,100.0,10217400.0
1421,2021-10-17 07:16:44,52600.0,100.0,10217300.0
1422,2021-10-17 07:16:44,52500.0,18200.0,10217200.0
1423,2021-10-17 07:16:44,52500.0,100.0,10199000.0
1424,2021-10-17 07:16:44,52500.0,100.0,10198900.0
1425,2021-10-17 07:16:44,52500.0,100.0,10198800.0
1426,2021-10-17 07:16:44,52500.0,100.0,10198700.0
1427,2021-10-17 07:16:44,52500.0,100.0,10198600.0
1428,2021-10-17 07:16:44,52500.0,800.0,10198500.0
1429,2021-10-17 07:16:44,52500.0,100.0,10197700.0
1430,2021-10-17 07:16:44,52500.0,300.0,10197600.0
1431,2021-10-17 07:16:44,52500.0,500.0,10197300.0
1432,2021-10-17 07:16:44,52500.0,100.0,10196800.0
1433,2021-10-17 07:16:44,52500.0,500.0,10196700.0
1434,2021-10-17 07:16:44,52500.0,300.0,10196200.0
1435,2021-10-17 07:16:44,52500.0,500.0,10195900.0
1436,2021-10-17 07:16:44,52500.0,400.0,10195400.0
1437,2021-10-17 07:16:44,52500.0,100.0,10195000.0
1438,2021-10-17 07:16:44,52500.0,500.0,10194900.0
1439,2021-10-17 07:16:44,52500.0,200.0,10194400.0
1440,2021-10-17 07:16:44,52500.0,200.0,10194200.0
1441,2021-10-17 07:16:44,52500.0,100.0,10194000.0
1442,2021-10-17 07:16:44,52500.0,100.0,10193900.0
1443,2021-10-17 07:16:44,52500.0,4000.0,10193800.0
1444,2021-10-17 07:16:44,52500.0,100.0,10189800.0
1445,2021-10-17 07:16:44,52500.0,500.0,10189700.0
1446,2021-10-17 07:16:44,52500.0,100.0,10189200.0
1447,2021-10-17 07:16:44,52500.0,500.0,10189100.0
1448,2021-10-17 07:16:44,52500.0,1000.0,10188600.0
1449,2021-10-17 07:16:44,52500.0,700.0,10187600.0
1450,2021-10-17 07:16:44,52500.0,400.0,10186900.0
1451,2021-10-17 07:16:44,52500.0,300.0,10186500.0
1452,2021-10-17 07:16:44,52500.0,200.0,10186200.0
1453,2021-10-17 07:16:44,52500.0,100.0,10186000.0
1454,2021-10-17 07:16:44,52500.0,2000.0,10185900.0
1455,2021-10-17 07:16:44,52500.0,300.0,10183900.0
1456,2021-10-17 07:16:44,52500.0,1000.0,10183600.0
1457,2021-10-17 07:16:44,52500.0,500.0,10182600.0
1458,2021-10-17 07:16:44,52500.0,1000.0,10182100.0
1459,2021-10-17 07:16:44,52500.0,100.0,10181100.0
1460,2021-10-17 07:16:44,52500.0,100.0,10181000.0
1461,2021-10-17 07:16:44,52500.0,100.0,10180900.0
1462,2021-10-17 07:16:44,52500.0,200.0,10180800.0
1463,2021-10-17 07:16:44,52500.0,500.0,10180600.0
1464,2021-10-17 07:16:44,52500.0,300.0,10180100.0
1465,2021-10-17 07:16:44,52500.0,200.0,10179800.0
1466,2021-10-17 07:16:44,52500.0,1000.0,10179600.0
1467,2021-10-17 07:16:44,52500.0,200.0,10178600.0
1468,2021-10-17 07:16:44,52500.0,1000.0,10178400.0
1469,2021-10-17 07:16:44,52500.0,2000.0,10177400.0
1470,2021-10-17 07:16:44,52500.0,1000.0,10175400.0
1471,2021-10-17 07:16:44,52500.0,5000.0,10174400.0
1472,2021-10-17 07:16:44,52500.0,100.0,10169400.0
1473,2021-10-17 07:16:44,52500.0,500.0,10169300.0
1474,2021-10-17 07:16:44,52500.0,3000.0,10168800.0
1475,2021-10-17 07:16:44,52500.0,100.0,10165800.0
1476,2021-10-17 07:16:44,52500.0,1000.0,10165700.0
1477,2021-10-17 07:16:44,52500.0,200.0,10164700.0
1478,2021-10-17 07:16:44,52500.0,7300.0,10164500.0
1479,2021-10-17 07:16:41,52500.0,700.0,10157200.0
1480,2021-10-17 07:16:41,52500.0,1000.0,10156500.0
1481,2021-10-17 07:16:41,52500.0,1000.0,10155500.0
1482,2021-10-17 07:16:41,52500.0,2000.0,10154500.0
1483,2021-10-17 07:16:41,52500.0,2000.0,10152500.0
1484,2021-10-17 07:16:41,52500.0,100.0,10150500.0
1485,2021-10-17 07:16:41,52500.0,1000.0,10150400.0
1486,2021-10-17 07:16:41,52500.0,1000.0,10149400.0
1487,2021-10-17 07:16:41,52500.0,500.0,10148400.0
1488,2021-10-17 07:16:41,52500.0,600.0,10147900.0
1489,2021-10-17 07:16:41,52500.0,100.0,10147300.0
1490,2021-10-17 07:16:41,52500.0,100.0,10147200.0
1491,2021-10-17 07:16:41,52500.0,100.0,10147100.0
1492,2021-10-17 07:16:41,52500.0,100.0,10147000.0
1493,2021-10-17 07:16:41,52500.0,500.0,10146900.0
1494,2021-10-17 07:16:41,52500.0,100.0,10146400.0
1495,2021-10-17 07:16:41,52500.0,500.0,10146300.0
1496,2021-10-17 07:16:41,52500.0,100.0,10145800.0
1497,2021-10-17 07:16:41,52500.0,500.0,10145700.0
1498,2021-10-17 07:16:41,52500.0,900.0,10145200.0
1499,2021-10-17 07:16:41,52500.0,300.0,10144300.0
1500,2021-10-17 07:16:41,52500.0,1400.0,10144000.0
1501,2021-10-17 07:16:41,52500.0,300.0,10142600.0
1502,2021-10-17 07:16:41,52500.0,300.0,10142300.0
1503,2021-10-17 07:16:41,52500.0,100.0,10142000.0
1504,2021-10-17 07:16:41,52500.0,5000.0,10141900.0
1505,2021-10-17 07:16:41,52500.0,800.0,10136900.0
1506,2021-10-17 07:16:41,52500.0,1000.0,10136100.0
1507,2021-10-17 07:16:41,52500.0,200.0,10135100.0
1508,2021-10-17 07:16:41,52500.0,300.0,10134900.0
1509,2021-10-17 07:16:41,52500.0,3900.0,10134600.0
1510,2021-10-17 07:16:41,52500.0,2000.0,10130700.0
1511,2021-10-17 07:16:41,52500.0,200.0,10128700.0
1512,2021-10-17 07:16:41,52500.0,1000.0,10128500.0
1513,2021-10-17 07:16:41,52500.0,600.0,10127500.0
1514,2021-10-17 07:16:41,52500.0,1000.0,10126900.0
1515,2021-10-17 07:16:41,52500.0,100.0,10125900.0
1516,2021-10-17 07:16:41,52500.0,100.0,10125800.0
1517,2021-10-17 07:16:41,52500.0,3000.0,10125700.0
1518,2021-10-17 07:16:41,52500.0,100.0,10122700.0
1519,2021-10-17 07:16:41,52500.0,1000.0,10122600.0
1520,2021-10-17 07:16:41,52500.0,10000.0,10121600.0
1521,2021-10-17 07:16:41,52500.0,100.0,10111600.0
1522,2021-10-17 07:16:41,52500.0,100.0,10111500.0
1523,2021-10-17 07:16:41,52500.0,500.0,10111400.0
1524,2021-10-17 07:16:41,52500.0,400.0,10110900.0
1525,2021-10-17 07:16:41,52500.0,500.0,10110500.0
1526,2021-10-17 07:16:41,52500.0,2800.0,10110000.0
1527,2021-10-17 07:16:36,52500.0,500.0,10107200.0
1528,2021-10-17 07:16:36,52500.0,200.0,10106700.0
1529,2021-10-17 07:16:36,52500.0,300.0,10106500.0
1530,2021-10-17 07:16:30,52600.0,200.0,10106200.0
1531,2021-10-17 07:16:30,52500.0,9700.0,10106000.0
1532,2021-10-17 07:16:30,52500.0,200.0,10096300.0
1533,2021-10-17 07:16:30,52500.0,1000.0,10096100.0
1534,2021-10-17 07:16:30,52500.0,100.0,10095100.0
1535,2021-10-17 07:16:30,52500.0,500.0,10095000.0
1536,2021-10-17 07:16:30,52500.0,400.0,10094500.0
1537,2021-10-17 07:16:30,52500.0,400.0,10094100.0
1538,2021-10-17 07:16:30,52500.0,200.0,10093700.0
1539,2021-10-17 07:16:30,52500.0,2000.0,10093500.0
1540,2021-10-17 07:16:30,52500.0,100.0,10091500.0
1541,2021-10-17 07:16:30,52500.0,1000.0,10091400.0
1542,2021-10-17 07:16:30,52500.0,1000.0,10090400.0
1543,2021-10-17 07:16:30,52500.0,200.0,10089400.0
1544,2021-10-17 07:16:30,52500.0,1000.0,10089200.0
1545,2021-10-17 07:16:30,52500.0,500.0,10088200.0
1546,2021-10-17 07:16:30,52500.0,1000.0,10087700.0
1547,2021-10-17 07:16:30,52500.0,800.0,10086700.0
1548,2021-10-17 07:16:30,52500.0,100.0,10085900.0
1549,2021-10-17 07:16:30,52500.0,200.0,10085800.0
1550,2021-10-17 07:16:30,52500.0,100.0,10085600.0
1551,2021-10-17 07:16:30,52500.0,100.0,10085500.0
1552,2021-10-17 07:16:30,52500.0,500.0,10085400.0
1553,2021-10-17 07:16:30,52500.0,5000.0,10084900.0
1554,2021-10-17 07:16:30,52500.0,200.0,10079900.0
1555,2021-10-17 07:16:30,52500.0,200.0,10079700.0
1556,2021-10-17 07:16:30,52500.0,100.0,10079500.0
1557,2021-10-17 07:16:30,52500.0,1000.0,10079400.0
1558,2021-10-17 07:16:30,52500.0,200.0,10078400.0
1559,2021-10-17 07:16:30,52500.0,100.0,10078200.0
1560,2021-10-17 07:16:30,52500.0,15700.0,10078100.0
1561,2021-10-17 07:16:30,52500.0,200.0,10062400.0
1562,2021-10-17 07:16:30,52500.0,1000.0,10062200.0
1563,2021-10-17 07:16:30,52500.0,500.0,10061200.0
1564,2021-10-17 07:16:30,52500.0,100.0,10060700.0
1565,2021-10-17 07:16:30,52500.0,700.0,10060600.0
1566,2021-10-17 07:16:30,52500.0,100.0,10059900.0
1567,2021-10-17 07:16:30,52500.0,400.0,10059800.0
1568,2021-10-17 07:16:30,52500.0,200.0,10059400.0
1569,2021-10-17 07:16:30,52500.0,100.0,10059200.0
1570,2021-10-17 07:16:30,52500.0,500.0,10059100.0
1571,2021-10-17 07:16:30,52500.0,600.0,10058600.0
1572,2021-10-17 07:16:30,52500.0,1000.0,10058000.0
1573,2021-10-17 07:16:30,52500.0,100.0,10057000.0
1574,2021-10-17 07:16:30,52500.0,100.0,10056900.0
1575,2021-10-17 07:16:30,52500.0,200.0,10056800.0
1576,2021-10-17 07:16:30,52500.0,600.0,10056600.0
1577,2021-10-17 07:16:30,52500.0,100.0,10056000.0
1578,2021-10-17 07:16:29,52500.0,200.0,10055900.0
1579,2021-10-17 07:16:29,52600.0,500.0,10055700.0
1580,2021-10-17 07:16:27,52500.0,100.0,10055200.0
1581,2021-10-17 07:16:27,52500.0,500.0,10055100.0
1582,2021-10-17 07:16:27,52500.0,1000.0,10054600.0
1583,2021-10-17 07:16:27,52500.0,300.0,10053600.0
1584,2021-10-17 07:16:27,52500.0,200.0,10053300.0
1585,2021-10-17 07:16:27,52500.0,200.0,10053100.0
1586,2021-10-17 07:16:27,52500.0,100.0,10052900.0
1587,2021-10-17 07:16:27,52500.0,1000.0,10052800.0
1588,2021-10-17 07:16:27,52500.0,100.0,10051800.0
1589,2021-10-17 07:16:27,52500.0,1000.0,10051700.0
1590,2021-10-17 07:16:27,52500.0,1000.0,10050700.0
1591,2021-10-17 07:16:27,52500.0,2000.0,10049700.0
1592,2021-10-17 07:16:27,52500.0,100.0,10047700.0
1593,2021-10-17 07:16:27,52500.0,100.0,10047600.0
1594,2021-10-17 07:16:27,52500.0,1000.0,10047500.0
1595,2021-10-17 07:16:27,52500.0,100.0,10046500.0
1596,2021-10-17 07:16:27,52500.0,1000.0,10046400.0
1597,2021-10-17 07:16:27,52500.0,100.0,10045400.0
1598,2021-10-17 07:16:27,52500.0,200.0,10045300.0
1599,2021-10-17 07:16:27,52500.0,500.0,10045100.0
1600,2021-10-17 07:16:27,52500.0,600.0,10044600.0
1601,2021-10-17 07:16:27,52500.0,100.0,10044000.0
1602,2021-10-17 07:16:27,52500.0,200.0,10043900.0
1603,2021-10-17 07:16:27,52500.0,1000.0,10043700.0
1604,2021-10-17 07:16:27,52500.0,1000.0,10042700.0
1605,2021-10-17 07:16:27,52500.0,300.0,10041700.0
1606,2021-10-17 07:16:27,52500.0,500.0,10041400.0
1607,2021-10-17 07:16:27,52500.0,10000.0,10040900.0
1608,2021-10-17 07:16:27,52500.0,200.0,10030900.0
1609,2021-10-17 07:16:27,52500.0,200.0,10030700.0
1610,2021-10-17 07:16:27,52500.0,100.0,10030500.0
1611,2021-10-17 07:16:27,52500.0,100.0,10030400.0
1612,2021-10-17 07:16:27,52500.0,200.0,10030300.0
1613,2021-10-17 07:16:27,52500.0,100.0,10030100.0
1614,2021-10-17 07:16:27,52500.0,100.0,10030000.0
1615,2021-10-17 07:16:27,52500.0,10000.0,10029900.0
1616,2021-10-17 07:16:27,52500.0,200.0,10019900.0
1617,2021-10-17 07:16:27,52500.0,100.0,10019700.0
1618,2021-10-17 07:16:27,52500.0,1000.0,10019600.0
1619,2021-10-17 07:16:27,52500.0,100.0,10018600.0
1620,2021-10-17 07:16:27,52500.0,400.0,10018500.0
1621,2021-10-17 07:16:27,52500.0,100.0,10018100.0
1622,2021-10-17 07:16:27,52500.0,500.0,10018000.0
1623,2021-10-17 07:16:27,52500.0,100.0,10017500.0
1624,2021-10-17 07:16:27,52500.0,1000.0,10017400.0
1625,2021-10-17 07:16:27,52500.0,100.0,10016400.0
1626,2021-10-17 07:16:27,52500.0,300.0,10016300.0
1627,2021-10-17 07:16:27,52500.0,500.0,10016000.0
1628,2021-10-17 07:16:27,52500.0,200.0,10015500.0
1629,2021-10-17 07:16:27,52500.0,10000.0,10015300.0
1630,2021-10-17 07:16:27,52500.0,100.0,10005300.0
1631,2021-10-17 07:16:27,52500.0,800.0,10005200.0
1632,2021-10-17 07:16:25,52500.0,100.0,10004400.0
1633,2021-10-17 07:16:25,52500.0,300.0,10004300.0
1634,2021-10-17 07:16:25,52500.0,5100.0,10004000.0
1635,2021-10-17 07:16:25,52500.0,500.0,9998900.0
1636,2021-10-17 07:16:24,52500.0,2500.0,9998400.0
1637,2021-10-17 07:16:24,52500.0,300.0,9995900.0
1638,2021-10-17 07:16:24,52500.0,100.0,9995600.0
1639,2021-10-17 07:16:24,52500.0,500.0,9995500.0
1640,2021-10-17 07:16:24,52500.0,200.0,9995000.0
1641,2021-10-17 07:16:24,52500.0,200.0,9994800.0
1642,2021-10-17 07:16:24,52500.0,500.0,9994600.0
1643,2021-10-17 07:16:24,52500.0,2000.0,9994100.0
1644,2021-10-17 07:16:24,52500.0,100.0,9992100.0
1645,2021-10-17 07:16:24,52500.0,1100.0,9992000.0
1646,2021-10-17 07:16:24,52500.0,900.0,9990900.0
1647,2021-10-17 07:16:24,52500.0,10000.0,9990000.0
1648,2021-10-17 07:16:24,52500.0,500.0,9980000.0
1649,2021-10-17 07:16:24,52500.0,800.0,9979500.0
1650,2021-10-17 07:16:24,52500.0,500.0,9978700.0
1651,2021-10-17 07:16:24,52500.0,10000.0,9978200.0
1652,2021-10-17 07:16:24,52500.0,300.0,9968200.0
1653,2021-10-17 07:16:24,52500.0,200.0,9967900.0
1654,2021-10-17 07:16:24,52500.0,100.0,9967700.0
1655,2021-10-17 07:16:24,52500.0,100.0,9967600.0
1656,2021-10-17 07:16:24,52500.0,1000.0,9967500.0
1657,2021-10-17 07:16:24,52500.0,200.0,9966500.0
1658,2021-10-17 07:16:24,52500.0,900.0,9966300.0
1659,2021-10-17 07:16:24,52500.0,100.0,9965400.0
1660,2021-10-17 07:16:24,52500.0,500.0,9965300.0
1661,2021-10-17 07:16:24,52500.0,1000.0,9964800.0
1662,2021-10-17 07:16:24,52500.0,5400.0,9963800.0
1663,2021-10-17 07:16:22,52500.0,4600.0,9958400.0
1664,2021-10-17 07:16:22,52500.0,100.0,9953800.0
1665,2021-10-17 07:16:22,52500.0,200.0,9953700.0
1666,2021-10-17 07:16:22,52500.0,100.0,9953500.0
1667,2021-10-17 07:16:22,52500.0,100.0,9953400.0
1668,2021-10-17 07:16:22,52500.0,700.0,9953300.0
1669,2021-10-17 07:16:22,52500.0,2000.0,9952600.0
1670,2021-10-17 07:16:22,52500.0,42200.0,9950600.0
1671,2021-10-17 07:16:21,52500.0,500.0,9908400.0
1672,2021-10-17 07:16:21,52500.0,3000.0,9907900.0
1673,2021-10-17 07:16:21,52500.0,1000.0,9904900.0
1674,2021-10-17 07:16:19,52500.0,500.0,9903900.0
1675,2021-10-17 07:16:14,52500.0,400.0,9903400.0
1676,2021-10-17 07:16:14,52500.0,2400.0,9903000.0
1677,2021-10-17 07:16:14,52500.0,1000.0,9900600.0
1678,2021-10-17 07:16:14,52500.0,1000.0,9899600.0
1679,2021-10-17 07:16:14,52500.0,200.0,9898600.0
1680,2021-10-17 07:16:14,52500.0,400.0,9898400.0
1681,2021-10-17 07:16:14,52500.0,100.0,9898000.0
1682,2021-10-17 07:16:14,52500.0,200.0,9897900.0
1683,2021-10-17 07:16:14,52500.0,1000.0,9897700.0
1684,2021-10-17 07:16:14,52500.0,1000.0,9896700.0
1685,2021-10-17 07:16:14,52500.0,100.0,9895700.0
1686,2021-10-17 07:16:14,52500.0,1000.0,9895600.0
1687,2021-10-17 07:16:13,52500.0,100.0,9894600.0
1688,2021-10-17 07:16:13,52500.0,100.0,9894500.0
1689,2021-10-17 07:16:12,52500.0,200.0,9894400.0
1690,2021-10-17 07:16:12,52500.0,500.0,9894200.0
1691,2021-10-17 07:16:12,52500.0,500.0,9893700.0
1692,2021-10-17 07:16:12,52500.0,300.0,9893200.0
1693,2021-10-17 07:16:12,52500.0,200.0,9892900.0
1694,2021-10-17 07:16:12,52500.0,200.0,9892700.0
1695,2021-10-17 07:16:12,52500.0,2000.0,9892500.0
1696,2021-10-17 07:16:12,52500.0,100.0,9890500.0
1697,2021-10-17 07:16:12,52500.0,500.0,9890400.0
1698,2021-10-17 07:16:12,52500.0,2000.0,9889900.0
1699,2021-10-17 07:16:12,52500.0,1000.0,9887900.0
1700,2021-10-17 07:16:12,52500.0,100.0,9886900.0
1701,2021-10-17 07:16:12,52500.0,200.0,9886800.0
1702,2021-10-17 07:16:12,52500.0,500.0,9886600.0
1703,2021-10-17 07:16:12,52500.0,1000.0,9886100.0
1704,2021-10-17 07:16:12,52500.0,100.0,9885100.0
1705,2021-10-17 07:16:12,52500.0,100.0,9885000.0
1706,2021-10-17 07:16:12,52500.0,100.0,9884900.0
1707,2021-10-17 07:16:12,52500.0,100.0,9884800.0
1708,2021-10-17 07:16:12,52500.0,300.0,9884700.0
1709,2021-10-17 07:16:12,52600.0,500.0,9884400.0
1710,2021-10-17 07:16:09,52600.0,100.0,9883900.0
1711,2021-10-17 07:16:08,52500.0,1500.0,9883800.0
1712,2021-10-17 07:16:08,52500.0,200.0,9882300.0
1713,2021-10-17 07:16:08,52500.0,200.0,9882100.0
1714,2021-10-17 07:16:08,52500.0,2000.0,9881900.0
1715,2021-10-17 07:16:08,52500.0,1900.0,9879900.0
1716,2021-10-17 07:16:08,52500.0,1300.0,9878000.0
1717,2021-10-17 07:16:07,52500.0,500.0,9876700.0
1718,2021-10-17 07:16:04,52500.0,100.0,9876200.0
1719,2021-10-17 07:16:04,52500.0,2000.0,9876100.0
1720,2021-10-17 07:16:03,52500.0,1100.0,9874100.0
1721,2021-10-17 07:16:03,52500.0,100.0,9873000.0
1722,2021-10-17 07:16:03,52500.0,100.0,9872900.0
1723,2021-10-17 07:16:03,52500.0,7100.0,9872800.0
1724,2021-10-17 07:15:56,52500.0,500.0,9865700.0
1725,2021-10-17 07:15:53,52500.0,500.0,9865200.0
1726,2021-10-17 07:15:52,52500.0,1600.0,9864700.0
1727,2021-10-17 07:15:50,52500.0,300.0,9863100.0
1728,2021-10-17 07:15:50,52500.0,400.0,9862800.0
1729,2021-10-17 07:15:50,52500.0,100.0,9862400.0
1730,2021-10-17 07:15:50,52500.0,4700.0,9862300.0
1731,2021-10-17 07:15:49,52500.0,100.0,9857600.0
1732,2021-10-17 07:15:43,52600.0,700.0,9857500.0
1733,2021-10-17 07:15:41,52500.0,4000.0,9856800.0
1734,2021-10-17 07:15:37,52600.0,500.0,9852800.0
1735,2021-10-17 07:15:33,52500.0,1000.0,9852300.0
1736,2021-10-17 07:15:32,52500.0,200.0,9851300.0
1737,2021-10-17 07:15:32,52500.0,1000.0,9851100.0
1738,2021-10-17 07:15:32,52500.0,500.0,9850100.0
1739,2021-10-17 07:15:32,52500.0,100.0,9849600.0
1740,2021-10-17 07:15:32,52500.0,1000.0,9849500.0
1741,2021-10-17 07:15:32,52500.0,100.0,9848500.0
1742,2021-10-17 07:15:32,52500.0,100.0,9848400.0
1743,2021-10-17 07:15:31,52600.0,100.0,9848300.0
1744,2021-10-17 07:15:31,52600.0,100.0,9848200.0
1745,2021-10-17 07:15:26,52500.0,700.0,9848100.0
1746,2021-10-17 07:15:26,52500.0,700.0,9847400.0
1747,2021-10-17 07:15:26,52500.0,200.0,9846700.0
1748,2021-10-17 07:15:26,52500.0,100.0,9846500.0
1749,2021-10-17 07:15:26,52500.0,1300.0,9846400.0
1750,2021-10-17 07:15:26,52500.0,1000.0,9845100.0
1751,2021-10-17 07:15:26,52500.0,200.0,9844100.0
1752,2021-10-17 07:15:26,52500.0,100.0,9843900.0
1753,2021-10-17 07:15:26,52500.0,300.0,9843800.0
1754,2021-10-17 07:15:26,52500.0,200.0,9843500.0
1755,2021-10-17 07:15:26,52500.0,200.0,9843300.0
1756,2021-10-17 07:15:25,52500.0,800.0,9843100.0
1757,2021-10-17 07:15:25,52500.0,1000.0,9842300.0
1758,2021-10-17 07:15:25,52500.0,200.0,9841300.0
1759,2021-10-17 07:15:25,52500.0,200.0,9841100.0
1760,2021-10-17 07:15:25,52500.0,100.0,9840900.0
1761,2021-10-17 07:15:25,52500.0,500.0,9840800.0
1762,2021-10-17 07:15:23,52500.0,300.0,9840300.0
1763,2021-10-17 07:15:23,52500.0,200.0,9840000.0
1764,2021-10-17 07:15:23,52500.0,300.0,9839800.0
1765,2021-10-17 07:15:23,52500.0,100.0,9839500.0
1766,2021-10-17 07:15:23,52500.0,100.0,9839400.0
1767,2021-10-17 07:15:16,52500.0,400.0,9839300.0
1768,2021-10-17 07:15:16,52500.0,1000.0,9838900.0
1769,2021-10-17 07:15:16,52500.0,500.0,9837900.0
1770,2021-10-17 07:15:16,52500.0,200.0,9837400.0
1771,2021-10-17 07:15:16,52500.0,2200.0,9837200.0
1772,2021-10-17 07:15:13,52600.0,1000.0,9835000.0
1773,2021-10-17 07:15:12,52600.0,800.0,9834000.0
1774,2021-10-17 07:15:06,52500.0,2800.0,9833200.0
1775,2021-10-17 07:15:06,52500.0,1000.0,9830400.0
1776,2021-10-17 07:15:06,52500.0,2000.0,9829400.0
1777,2021-10-17 07:15:06,52500.0,200.0,9827400.0
1778,2021-10-17 07:15:06,52500.0,200.0,9827200.0
1779,2021-10-17 07:15:06,52500.0,100.0,9827000.0
1780,2021-10-17 07:15:06,52500.0,100.0,9826900.0
1781,2021-10-17 07:15:06,52500.0,500.0,9826800.0
1782,2021-10-17 07:15:06,52500.0,2000.0,9826300.0
1783,2021-10-17 07:15:06,52500.0,1000.0,9824300.0
1784,2021-10-17 07:15:06,52500.0,500.0,9823300.0
1785,2021-10-17 07:15:06,52500.0,200.0,9822800.0
1786,2021-10-17 07:15:06,52500.0,9400.0,9822600.0
1787,2021-10-17 07:15:03,52600.0,5000.0,9813200.0
1788,2021-10-17 07:14:59,52600.0,4000.0,9808200.0
1789,2021-10-17 07:14:52,52500.0,100.0,9804200.0
1790,2021-10-17 07:14:43,52600.0,100.0,9804100.0
1791,2021-10-17 07:14:39,52600.0,1000.0,9804000.0
1792,2021-10-17 07:14:36,52600.0,200.0,9803000.0
1793,2021-10-17 07:14:35,52600.0,500.0,9802800.0
1794,2021-10-17 07:14:30,52600.0,1000.0,9802300.0
1795,2021-10-17 07:14:29,52600.0,1600.0,9801300.0
1796,2021-10-17 07:14:29,52600.0,1000.0,9799700.0
1797,2021-10-17 07:14:29,52600.0,300.0,9798700.0
1798,2021-10-17 07:14:29,52600.0,100.0,9798400.0
1799,2021-10-17 07:14:29,52600.0,7000.0,9798300.0
1800,2021-10-17 07:14:23,52600.0,10000.0,9791300.0
1801,2021-10-17 07:14:22,52600.0,1000.0,9781300.0
1802,2021-10-17 07:14:18,52600.0,10000.0,9780300.0
1803,2021-10-17 07:14:17,52500.0,200.0,9770300.0
1804,2021-10-17 07:14:09,52600.0,700.0,9770100.0
1805,2021-10-17 07:14:07,52500.0,1000.0,9769400.0
1806,2021-10-17 07:14:00,52500.0,500.0,9768400.0
1807,2021-10-17 07:13:57,52600.0,1100.0,9767900.0
1808,2021-10-17 07:13:55,52600.0,1000.0,9766800.0
1809,2021-10-17 07:13:51,52500.0,3000.0,9765800.0
1810,2021-10-17 07:13:49,52600.0,100.0,9762800.0
1811,2021-10-17 07:13:46,52500.0,2000.0,9762700.0
1812,2021-10-17 07:13:43,52500.0,2000.0,9760700.0
1813,2021-10-17 07:13:42,52600.0,100.0,9758700.0
1814,2021-10-17 07:13:40,52500.0,500.0,9758600.0
1815,2021-10-17 07:13:39,52600.0,700.0,9758100.0
1816,2021-10-17 07:13:38,52500.0,20000.0,9757400.0
1817,2021-10-17 07:13:34,52600.0,100.0,9737400.0
1818,2021-10-17 07:13:28,52500.0,500.0,9737300.0
1819,2021-10-17 07:13:28,52500.0,300.0,9736800.0
1820,2021-10-17 07:13:19,52500.0,100.0,9736500.0
1821,2021-10-17 07:13:06,52600.0,600.0,9736400.0
1822,2021-10-17 07:13:06,52600.0,100.0,9735800.0
1823,2021-10-17 07:13:02,52600.0,100.0,9735700.0
1824,2021-10-17 07:12:52,52600.0,3600.0,9735600.0
1825,2021-10-17 07:12:39,52600.0,600.0,9732000.0
1826,2021-10-17 07:12:37,52600.0,100.0,9731400.0
1827,2021-10-17 07:12:36,52500.0,100.0,9731300.0
1828,2021-10-17 07:12:32,52600.0,200.0,9731200.0
1829,2021-10-17 07:12:28,52600.0,1000.0,9731000.0
1830,2021-10-17 07:12:20,52600.0,800.0,9730000.0
1831,2021-10-17 07:12:19,52600.0,500.0,9729200.0
1832,2021-10-17 07:12:15,52500.0,100.0,9728700.0
1833,2021-10-17 07:12:13,52600.0,300.0,9728600.0
1834,2021-10-17 07:12:10,52600.0,700.0,9728300.0
1835,2021-10-17 07:12:05,52600.0,2000.0,9727600.0
1836,2021-10-17 07:12:03,52500.0,500.0,9725600.0
1837,2021-10-17 07:12:01,52600.0,200.0,9725100.0
1838,2021-10-17 07:11:56,52600.0,2000.0,9724900.0
1839,2021-10-17 07:11:54,52500.0,100.0,9722900.0
1840,2021-10-17 07:11:47,52600.0,100.0,9722800.0
1841,2021-10-17 07:11:39,52600.0,600.0,9722700.0
1842,2021-10-17 07:11:38,52500.0,100.0,9722100.0
1843,2021-10-17 07:11:32,52500.0,500.0,9722000.0
1844,2021-10-17 07:11:25,52500.0,9000.0,9721500.0
1845,2021-10-17 07:11:25,52500.0,100.0,9712500.0
1846,2021-10-17 07:11:25,52500.0,2000.0,9712400.0
1847,2021-10-17 07:11:25,52500.0,200.0,9710400.0
1848,2021-10-17 07:11:25,52500.0,100.0,9710200.0
1849,2021-10-17 07:11:25,52500.0,100.0,9710100.0
1850,2021-10-17 07:11:25,52500.0,5000.0,9710000.0
1851,2021-10-17 07:11:25,52500.0,100.0,9705000.0
1852,2021-10-17 07:11:25,52500.0,3400.0,9704900.0
1853,2021-10-17 07:11:25,52600.0,400.0,9701500.0
1854,2021-10-17 07:11:11,52600.0,1000.0,9701100.0
1855,2021-10-17 07:11:08,52600.0,700.0,9700100.0
1856,2021-10-17 07:11:07,52600.0,3000.0,9699400.0
1857,2021-10-17 07:11:06,52600.0,200.0,9696400.0
1858,2021-10-17 07:10:55,52600.0,10000.0,9696200.0
1859,2021-10-17 07:10:53,52600.0,8000.0,9686200.0
1860,2021-10-17 07:10:51,52600.0,100.0,9678200.0
1861,2021-10-17 07:10:49,52600.0,10000.0,9678100.0
1862,2021-10-17 07:10:44,52600.0,500.0,9668100.0
1863,2021-10-17 07:10:43,52600.0,10000.0,9667600.0
1864,2021-10-17 07:10:39,52500.0,500.0,9657600.0
1865,2021-10-17 07:10:39,52600.0,1000.0,9657100.0
1866,2021-10-17 07:10:36,52500.0,100.0,9656100.0
1867,2021-10-17 07:10:34,52600.0,2000.0,9656000.0
1868,2021-10-17 07:10:34,52600.0,5000.0,9654000.0
1869,2021-10-17 07:10:31,52600.0,2800.0,9649000.0
1870,2021-10-17 07:10:31,52600.0,7200.0,9646200.0
1871,2021-10-17 07:10:28,52600.0,500.0,9639000.0
1872,2021-10-17 07:10:26,52600.0,300.0,9638500.0
1873,2021-10-17 07:10:23,52600.0,10000.0,9638200.0
1874,2021-10-17 07:10:21,52600.0,100.0,9628200.0
1875,2021-10-17 07:09:51,52600.0,600.0,9628100.0
1876,2021-10-17 07:09:43,52600.0,1700.0,9627500.0
1877,2021-10-17 07:09:32,52500.0,4400.0,9625800.0
1878,2021-10-17 07:09:32,52500.0,600.0,9621400.0
1879,2021-10-17 07:09:30,52600.0,5000.0,9620800.0
1880,2021-10-17 07:09:21,52600.0,600.0,9615800.0
1881,2021-10-17 07:09:15,52600.0,600.0,9615200.0
1882,2021-10-17 07:08:59,52500.0,400.0,9614600.0
1883,2021-10-17 07:08:59,52500.0,100.0,9614200.0
1884,2021-10-17 07:08:54,52600.0,1000.0,9614100.0
1885,2021-10-17 07:08:53,52600.0,600.0,9613100.0
1886,2021-10-17 07:08:48,52600.0,300.0,9612500.0
1887,2021-10-17 07:08:40,52600.0,200.0,9612200.0
1888,2021-10-17 07:08:39,52500.0,100.0,9612000.0
1889,2021-10-17 07:08:36,52500.0,800.0,9611900.0
1890,2021-10-17 07:08:36,52500.0,100.0,9611100.0
1891,2021-10-17 07:08:36,52500.0,800.0,9611000.0
1892,2021-10-17 07:08:36,52500.0,100.0,9610200.0
1893,2021-10-17 07:08:36,52500.0,100.0,9610100.0
1894,2021-10-17 07:08:36,52500.0,100.0,9610000.0
1895,2021-10-17 07:08:26,52600.0,700.0,9609900.0
1896,2021-10-17 07:08:23,52600.0,500.0,9609200.0
1897,2021-10-17 07:08:23,52600.0,500.0,9608700.0
1898,2021-10-17 07:07:56,52600.0,500.0,9608200.0
1899,2021-10-17 07:07:55,52600.0,600.0,9607700.0
1900,2021-10-17 07:07:53,52500.0,400.0,9607100.0
1901,2021-10-17 07:07:35,52500.0,500.0,9606700.0
1902,2021-10-17 07:07:35,52500.0,300.0,9606200.0
1903,2021-10-17 07:07:35,52500.0,200.0,9605900.0
1904,2021-10-17 07:07:32,52500.0,300.0,9605700.0
1905,2021-10-17 07:07:32,52500.0,500.0,9605400.0
1906,2021-10-17 07:07:27,52600.0,1000.0,9604900.0
1907,2021-10-17 07:07:23,52500.0,100.0,9603900.0
1908,2021-10-17 07:07:23,52500.0,200.0,9603800.0
1909,2021-10-17 07:07:23,52500.0,200.0,9603600.0
1910,2021-10-17 07:07:09,52500.0,200.0,9603400.0
1911,2021-10-17 07:06:54,52600.0,100.0,9603200.0
1912,2021-10-17 07:06:53,52600.0,600.0,9603100.0
1913,2021-10-17 07:06:51,52500.0,1600.0,9602500.0
1914,2021-10-17 07:06:51,52500.0,100.0,9600900.0
1915,2021-10-17 07:06:51,52500.0,500.0,9600800.0
1916,2021-10-17 07:06:51,52500.0,300.0,9600300.0
1917,2021-10-17 07:06:51,52500.0,1000.0,9600000.0
1918,2021-10-17 07:06:51,52500.0,1000.0,9599000.0
1919,2021-10-17 07:06:51,52500.0,100.0,9598000.0
1920,2021-10-17 07:06:51,52500.0,500.0,9597900.0
1921,2021-10-17 07:06:51,52500.0,100.0,9597400.0
1922,2021-10-17 07:06:51,52500.0,100.0,9597300.0
1923,2021-10-17 07:06:51,52500.0,300.0,9597200.0
1924,2021-10-17 07:06:51,52500.0,300.0,9596900.0
1925,2021-10-17 07:06:51,52500.0,300.0,9596600.0
1926,2021-10-17 07:06:51,52500.0,100.0,9596300.0
1927,2021-10-17 07:06:51,52500.0,1000.0,9596200.0
1928,2021-10-17 07:06:51,52500.0,2000.0,9595200.0
1929,2021-10-17 07:06:51,52500.0,300.0,9593200.0
1930,2021-10-17 07:06:51,52500.0,200.0,9592900.0
1931,2021-10-17 07:06:51,52500.0,200.0,9592700.0
1932,2021-10-17 07:06:51,52500.0,500.0,9592500.0
1933,2021-10-17 07:06:51,52500.0,100.0,9592000.0
1934,2021-10-17 07:06:51,52500.0,200.0,9591900.0
1935,2021-10-17 07:06:51,52500.0,2000.0,9591700.0
1936,2021-10-17 07:06:51,52500.0,1000.0,9589700.0
1937,2021-10-17 07:06:51,52500.0,1000.0,9588700.0
1938,2021-10-17 07:06:51,52500.0,500.0,9587700.0
1939,2021-10-17 07:06:51,52500.0,100.0,9587200.0
1940,2021-10-17 07:06:51,52500.0,200.0,9587100.0
1941,2021-10-17 07:06:51,52500.0,100.0,9586900.0
1942,2021-10-17 07:06:51,52500.0,200.0,9586800.0
1943,2021-10-17 07:06:51,52500.0,200.0,9586600.0
1944,2021-10-17 07:06:51,52500.0,400.0,9586400.0
1945,2021-10-17 07:06:51,52500.0,200.0,9586000.0
1946,2021-10-17 07:06:51,52500.0,500.0,9585800.0
1947,2021-10-17 07:06:51,52500.0,2000.0,9585300.0
1948,2021-10-17 07:06:51,52500.0,800.0,9583300.0
1949,2021-10-17 07:06:47,52500.0,100.0,9582500.0
1950,2021-10-17 07:06:47,52500.0,300.0,9582400.0
1951,2021-10-17 07:06:47,52500.0,500.0,9582100.0
1952,2021-10-17 07:06:47,52500.0,100.0,9581600.0
1953,2021-10-17 07:06:47,52500.0,100.0,9581500.0
1954,2021-10-17 07:06:47,52500.0,900.0,9581400.0
1955,2021-10-17 07:06:46,52600.0,100.0,9580500.0
1956,2021-10-17 07:06:46,52500.0,3000.0,9580400.0
1957,2021-10-17 07:06:46,52600.0,200.0,9577400.0
1958,2021-10-17 07:06:42,52500.0,6100.0,9577200.0
1959,2021-10-17 07:06:42,52500.0,1000.0,9571100.0
1960,2021-10-17 07:06:42,52500.0,200.0,9570100.0
1961,2021-10-17 07:06:42,52500.0,200.0,9569900.0
1962,2021-10-17 07:06:42,52500.0,500.0,9569700.0
1963,2021-10-17 07:06:42,52500.0,200.0,9569200.0
1964,2021-10-17 07:06:42,52500.0,1000.0,9569000.0
1965,2021-10-17 07:06:42,52500.0,800.0,9568000.0
1966,2021-10-17 07:06:39,52600.0,700.0,9567200.0
1967,2021-10-17 07:06:22,52600.0,500.0,9566500.0
1968,2021-10-17 07:06:11,52500.0,1200.0,9566000.0
1969,2021-10-17 07:06:11,52500.0,100.0,9564800.0
1970,2021-10-17 07:06:11,52500.0,1000.0,9564700.0
1971,2021-10-17 07:06:11,52500.0,100.0,9563700.0
1972,2021-10-17 07:06:11,52500.0,400.0,9563600.0
1973,2021-10-17 07:06:11,52500.0,100.0,9563200.0
1974,2021-10-17 07:06:11,52500.0,500.0,9563100.0
1975,2021-10-17 07:06:11,52500.0,500.0,9562600.0
1976,2021-10-17 07:06:11,52500.0,100.0,9562100.0
1977,2021-10-17 07:06:11,52500.0,100.0,9562000.0
1978,2021-10-17 07:06:11,52500.0,100.0,9561900.0
1979,2021-10-17 07:06:11,52500.0,800.0,9561800.0
1980,2021-10-17 07:06:10,52600.0,800.0,9561000.0
1981,2021-10-17 07:06:00,52600.0,200.0,9560200.0
1982,2021-10-17 07:05:57,52500.0,200.0,9560000.0
1983,2021-10-17 07:05:49,52600.0,300.0,9559800.0
1984,2021-10-17 07:05:32,52500.0,1000.0,9559500.0
1985,2021-10-17 07:05:32,52500.0,1000.0,9558500.0
1986,2021-10-17 07:05:32,52500.0,300.0,9557500.0
1987,2021-10-17 07:05:32,52500.0,2000.0,9557200.0
1988,2021-10-17 07:05:32,52500.0,700.0,9555200.0
1989,2021-10-17 07:05:31,52600.0,700.0,9554500.0
1990,2021-10-17 07:05:29,52600.0,1000.0,9553800.0
1991,2021-10-17 07:05:23,52600.0,1000.0,9552800.0
1992,2021-10-17 07:05:22,52600.0,2000.0,9551800.0
1993,2021-10-17 07:05:13,52600.0,500.0,9549800.0
1994,2021-10-17 07:05:11,52600.0,500.0,9549300.0
1995,2021-10-17 07:05:08,52600.0,1000.0,9548800.0
1996,2021-10-17 07:05:04,52600.0,3000.0,9547800.0
1997,2021-10-17 07:04:55,52600.0,600.0,9544800.0
1998,2021-10-17 07:04:54,52600.0,1000.0,9544200.0
1999,2021-10-17 07:04:53,52600.0,100.0,9543200.0
2000,2021-10-17 07:04:51,52600.0,100.0,9543100.0
2001,2021-10-17 07:04:46,52500.0,300.0,9543000.0
2002,2021-10-17 07:04:46,52600.0,100.0,9542700.0
2003,2021-10-17 07:04:43,52600.0,1500.0,9542600.0
2004,2021-10-17 07:04:41,52600.0,200.0,9541100.0
2005,2021-10-17 07:04:33,52600.0,10000.0,9540900.0
2006,2021-10-17 07:04:28,52600.0,800.0,9530900.0
2007,2021-10-17 07:04:25,52500.0,3000.0,9530100.0
2008,2021-10-17 07:04:20,52600.0,400.0,9527100.0
2009,2021-10-17 07:04:20,52500.0,600.0,9526700.0
2010,2021-10-17 07:04:19,52600.0,1400.0,9526100.0
2011,2021-10-17 07:04:09,52600.0,300.0,9524700.0
2012,2021-10-17 07:04:05,52500.0,500.0,9524400.0
2013,2021-10-17 07:04:04,52600.0,5000.0,9523900.0
2014,2021-10-17 07:03:59,52600.0,1400.0,9518900.0
