,Time,Price,Volume_per_trade,Volume
0,2021-10-01 14:45:01,48350.0,100.0,9510600.0
1,2021-10-01 14:45:01,48350.0,300.0,9510500.0
2,2021-10-01 14:45:01,48350.0,3000.0,9510200.0
3,2021-10-01 14:45:01,48350.0,1000.0,9507200.0
4,2021-10-01 14:45:01,48350.0,700.0,9506200.0
5,2021-10-01 14:45:01,48350.0,100.0,9505500.0
6,2021-10-01 14:45:01,48350.0,14800.0,9505400.0
7,2021-10-01 14:45:01,48350.0,2000.0,9490600.0
8,2021-10-01 14:45:01,48350.0,100.0,9488600.0
9,2021-10-01 14:45:01,48350.0,500.0,9488500.0
10,2021-10-01 14:45:01,48350.0,1000.0,9488000.0
11,2021-10-01 14:45:01,48350.0,200.0,9487000.0
12,2021-10-01 14:45:01,48350.0,200.0,9486800.0
13,2021-10-01 14:45:01,48350.0,500.0,9486600.0
14,2021-10-01 14:45:01,48350.0,100.0,9486100.0
15,2021-10-01 14:45:01,48350.0,100.0,9486000.0
16,2021-10-01 14:45:01,48350.0,100.0,9485900.0
17,2021-10-01 14:45:01,48350.0,3000.0,9485800.0
18,2021-10-01 14:45:01,48350.0,500.0,9482800.0
19,2021-10-01 14:45:01,48350.0,6000.0,9482300.0
20,2021-10-01 14:45:01,48350.0,100.0,9476300.0
21,2021-10-01 14:45:01,48350.0,1000.0,9476200.0
22,2021-10-01 14:45:01,48350.0,6000.0,9475200.0
23,2021-10-01 14:45:01,48350.0,600.0,9469200.0
24,2021-10-01 14:45:01,48350.0,2300.0,9468600.0
25,2021-10-01 14:45:01,48350.0,100.0,9466300.0
26,2021-10-01 14:45:01,48350.0,100.0,9466200.0
27,2021-10-01 14:45:01,48350.0,100.0,9466100.0
28,2021-10-01 14:45:01,48350.0,400.0,9466000.0
29,2021-10-01 14:45:01,48350.0,100.0,9465600.0
30,2021-10-01 14:45:01,48350.0,400.0,9465500.0
31,2021-10-01 14:45:01,48350.0,100.0,9465100.0
32,2021-10-01 14:45:01,48350.0,2000.0,9465000.0
33,2021-10-01 14:45:01,48350.0,200.0,9463000.0
34,2021-10-01 14:45:01,48350.0,500.0,9462800.0
35,2021-10-01 14:45:01,48350.0,200.0,9462300.0
36,2021-10-01 14:45:01,48350.0,5000.0,9462100.0
37,2021-10-01 14:45:01,48350.0,100.0,9457100.0
38,2021-10-01 14:45:01,48350.0,100.0,9457000.0
39,2021-10-01 14:45:01,48350.0,100.0,9456900.0
40,2021-10-01 14:45:01,48350.0,3000.0,9456800.0
41,2021-10-01 14:45:01,48350.0,1000.0,9453800.0
42,2021-10-01 14:45:01,48350.0,500.0,9452800.0
43,2021-10-01 14:45:01,48350.0,200.0,9452300.0
44,2021-10-01 14:45:01,48350.0,1000.0,9452100.0
45,2021-10-01 14:45:01,48350.0,100.0,9451100.0
46,2021-10-01 14:45:01,48350.0,200.0,9451000.0
47,2021-10-01 14:45:01,48350.0,100.0,9450800.0
48,2021-10-01 14:45:01,48350.0,300.0,9450700.0
49,2021-10-01 14:45:01,48350.0,100.0,9450400.0
50,2021-10-01 14:45:01,48350.0,3000.0,9450300.0
51,2021-10-01 14:45:01,48350.0,100.0,9447300.0
52,2021-10-01 14:45:01,48350.0,3000.0,9447200.0
53,2021-10-01 14:45:01,48350.0,100.0,9444200.0
54,2021-10-01 14:45:01,48350.0,1000.0,9444100.0
55,2021-10-01 14:45:01,48350.0,100.0,9443100.0
56,2021-10-01 14:45:01,48350.0,1000.0,9443000.0
57,2021-10-01 14:45:01,48350.0,300.0,9442000.0
58,2021-10-01 14:45:01,48350.0,100.0,9441700.0
59,2021-10-01 14:45:01,48350.0,100.0,9441600.0
60,2021-10-01 14:45:01,48350.0,2900.0,9441500.0
61,2021-10-01 14:45:01,48350.0,500.0,9438600.0
62,2021-10-01 14:45:01,48350.0,200.0,9438100.0
63,2021-10-01 14:45:01,48350.0,300.0,9437900.0
64,2021-10-01 14:45:01,48350.0,6100.0,9437600.0
65,2021-10-01 14:45:01,48350.0,1000.0,9431500.0
66,2021-10-01 14:45:01,48350.0,100.0,9430500.0
67,2021-10-01 14:45:01,48350.0,500.0,9430400.0
68,2021-10-01 14:45:01,48350.0,500.0,9429900.0
69,2021-10-01 14:45:01,48350.0,100.0,9429400.0
70,2021-10-01 14:45:01,48350.0,600.0,9429300.0
71,2021-10-01 14:45:01,48350.0,100.0,9428700.0
72,2021-10-01 14:45:01,48350.0,200.0,9428600.0
73,2021-10-01 14:45:01,48350.0,300.0,9428400.0
74,2021-10-01 14:45:01,48350.0,100.0,9428100.0
75,2021-10-01 14:45:01,48350.0,400.0,9428000.0
76,2021-10-01 14:45:01,48350.0,100.0,9427600.0
77,2021-10-01 14:45:01,48350.0,500.0,9427500.0
78,2021-10-01 14:45:01,48350.0,100.0,9427000.0
79,2021-10-01 14:45:01,48350.0,1000.0,9426900.0
80,2021-10-01 14:45:01,48350.0,3000.0,9425900.0
81,2021-10-01 14:45:01,48350.0,100.0,9422900.0
82,2021-10-01 14:45:01,48350.0,200.0,9422800.0
83,2021-10-01 14:45:01,48350.0,100.0,9422600.0
84,2021-10-01 14:45:01,48350.0,100.0,9422500.0
85,2021-10-01 14:45:01,48350.0,400.0,9422400.0
86,2021-10-01 14:45:01,48350.0,500.0,9422000.0
87,2021-10-01 14:45:01,48350.0,100.0,9421500.0
88,2021-10-01 14:45:01,48350.0,100.0,9421400.0
89,2021-10-01 14:45:01,48350.0,500.0,9421300.0
90,2021-10-01 14:45:01,48350.0,500.0,9420800.0
91,2021-10-01 14:45:01,48350.0,100.0,9420300.0
92,2021-10-01 14:45:01,48350.0,300.0,9420200.0
93,2021-10-01 14:45:01,48350.0,1000.0,9419900.0
94,2021-10-01 14:45:01,48350.0,100.0,9418900.0
95,2021-10-01 14:45:01,48350.0,1000.0,9418800.0
96,2021-10-01 14:45:01,48350.0,100.0,9417800.0
97,2021-10-01 14:45:01,48350.0,100.0,9417700.0
98,2021-10-01 14:45:01,48350.0,100.0,9417600.0
99,2021-10-01 14:45:01,48350.0,400.0,9417500.0
100,2021-10-01 14:45:01,48350.0,100.0,9417100.0
101,2021-10-01 14:45:01,48350.0,500.0,9417000.0
102,2021-10-01 14:45:01,48350.0,100.0,9416500.0
103,2021-10-01 14:45:01,48350.0,2000.0,9416400.0
104,2021-10-01 14:45:01,48350.0,100.0,9414400.0
105,2021-10-01 14:45:01,48350.0,100.0,9414300.0
106,2021-10-01 14:45:01,48350.0,1800.0,9414200.0
107,2021-10-01 14:45:01,48350.0,500.0,9412400.0
108,2021-10-01 14:45:01,48350.0,1000.0,9411900.0
109,2021-10-01 14:45:01,48350.0,200.0,9410900.0
110,2021-10-01 14:45:01,48350.0,200.0,9410700.0
111,2021-10-01 14:45:01,48350.0,100.0,9410500.0
112,2021-10-01 14:45:01,48350.0,500.0,9410400.0
113,2021-10-01 14:45:01,48350.0,100.0,9409900.0
114,2021-10-01 14:45:01,48350.0,100.0,9409800.0
115,2021-10-01 14:45:01,48350.0,100.0,9409700.0
116,2021-10-01 14:45:01,48350.0,500.0,9409600.0
117,2021-10-01 14:45:01,48350.0,100.0,9409100.0
118,2021-10-01 14:45:01,48350.0,100.0,9409000.0
119,2021-10-01 14:45:01,48350.0,100.0,9408900.0
120,2021-10-01 14:45:01,48350.0,200.0,9408800.0
121,2021-10-01 14:45:01,48350.0,13400.0,9408600.0
122,2021-10-01 14:45:01,48350.0,5000.0,9395200.0
123,2021-10-01 14:45:01,48350.0,10000.0,9390200.0
124,2021-10-01 14:45:01,48350.0,100.0,9380200.0
125,2021-10-01 14:45:01,48350.0,5000.0,9380100.0
126,2021-10-01 14:45:01,48350.0,300.0,9375100.0
127,2021-10-01 14:45:01,48350.0,1000.0,9374800.0
128,2021-10-01 14:45:01,48350.0,60800.0,9373800.0
129,2021-10-01 14:45:01,48350.0,1500.0,9313000.0
130,2021-10-01 14:45:01,48350.0,100.0,9311500.0
131,2021-10-01 14:45:01,48350.0,500.0,9311400.0
132,2021-10-01 14:45:01,48350.0,100.0,9310900.0
133,2021-10-01 14:45:01,48350.0,100.0,9310800.0
134,2021-10-01 14:45:01,48350.0,1700.0,9310700.0
135,2021-10-01 14:45:01,48350.0,500.0,9309000.0
136,2021-10-01 14:45:01,48350.0,100.0,9308500.0
137,2021-10-01 14:45:01,48350.0,10000.0,9308400.0
138,2021-10-01 14:45:01,48350.0,1000.0,9298400.0
139,2021-10-01 14:45:01,48350.0,500.0,9297400.0
140,2021-10-01 14:45:01,48350.0,20000.0,9296900.0
141,2021-10-01 14:45:01,48350.0,400.0,9276900.0
142,2021-10-01 14:45:01,48350.0,2700.0,9276500.0
143,2021-10-01 14:45:01,48350.0,1300.0,9273800.0
144,2021-10-01 14:45:01,48350.0,200.0,9272500.0
145,2021-10-01 14:45:01,48350.0,4500.0,9272300.0
146,2021-10-01 14:45:01,48350.0,500.0,9267800.0
147,2021-10-01 14:45:01,48350.0,600.0,9267300.0
148,2021-10-01 14:45:01,48350.0,400.0,9266700.0
149,2021-10-01 14:45:01,48350.0,100.0,9266300.0
150,2021-10-01 14:45:01,48350.0,1000.0,9266200.0
151,2021-10-01 14:45:01,48350.0,1000.0,9265200.0
152,2021-10-01 14:45:01,48350.0,200.0,9264200.0
153,2021-10-01 14:45:01,48350.0,500.0,9264000.0
154,2021-10-01 14:45:01,48350.0,600.0,9263500.0
155,2021-10-01 14:45:01,48350.0,200.0,9262900.0
156,2021-10-01 14:45:01,48350.0,2000.0,9262700.0
157,2021-10-01 14:45:01,48350.0,100.0,9260700.0
158,2021-10-01 14:45:01,48350.0,1000.0,9260600.0
159,2021-10-01 14:45:01,48350.0,1000.0,9259600.0
160,2021-10-01 14:45:01,48350.0,100.0,9258600.0
161,2021-10-01 14:45:01,48350.0,10000.0,9258500.0
162,2021-10-01 14:45:01,48350.0,3000.0,9248500.0
163,2021-10-01 14:45:01,48350.0,500.0,9245500.0
164,2021-10-01 14:45:01,48350.0,500.0,9245000.0
165,2021-10-01 14:45:01,48350.0,100.0,9244500.0
166,2021-10-01 14:45:01,48350.0,500.0,9244400.0
167,2021-10-01 14:45:01,48350.0,1000.0,9243900.0
168,2021-10-01 14:45:01,48350.0,600.0,9242900.0
169,2021-10-01 14:45:01,48350.0,1000.0,9242300.0
170,2021-10-01 14:45:01,48350.0,100.0,9241300.0
171,2021-10-01 14:45:01,48350.0,100.0,9241200.0
172,2021-10-01 14:45:01,48350.0,2000.0,9241100.0
173,2021-10-01 14:45:01,48350.0,2800.0,9239100.0
174,2021-10-01 14:45:01,48350.0,100.0,9236300.0
175,2021-10-01 14:45:01,48350.0,400.0,9236200.0
176,2021-10-01 14:45:01,48350.0,100.0,9235800.0
177,2021-10-01 14:45:01,48350.0,1000.0,9235700.0
178,2021-10-01 14:45:01,48350.0,1600.0,9234700.0
179,2021-10-01 14:45:01,48350.0,100.0,9233100.0
180,2021-10-01 14:45:01,48350.0,200.0,9233000.0
181,2021-10-01 14:45:01,48350.0,100.0,9232800.0
182,2021-10-01 14:45:01,48350.0,1000.0,9232700.0
183,2021-10-01 14:45:01,48350.0,1000.0,9231700.0
184,2021-10-01 14:45:01,48350.0,100.0,9230700.0
185,2021-10-01 14:45:01,48350.0,1000.0,9230600.0
186,2021-10-01 14:45:01,48350.0,1000.0,9229600.0
187,2021-10-01 14:45:01,48350.0,500.0,9228600.0
188,2021-10-01 14:45:01,48350.0,100.0,9228100.0
189,2021-10-01 14:45:01,48350.0,100.0,9228000.0
190,2021-10-01 14:45:01,48350.0,100.0,9227900.0
191,2021-10-01 14:45:01,48350.0,200.0,9227800.0
192,2021-10-01 14:45:01,48350.0,1800.0,9227600.0
193,2021-10-01 14:45:01,48350.0,100.0,9225800.0
194,2021-10-01 14:45:01,48350.0,2000.0,9225700.0
195,2021-10-01 14:45:01,48350.0,100.0,9223700.0
196,2021-10-01 14:45:01,48350.0,200.0,9223600.0
197,2021-10-01 14:45:01,48350.0,200.0,9223400.0
198,2021-10-01 14:45:01,48350.0,100.0,9223200.0
199,2021-10-01 14:45:01,48350.0,100.0,9223100.0
200,2021-10-01 14:45:01,48350.0,300.0,9223000.0
201,2021-10-01 14:45:01,48350.0,100.0,9222700.0
202,2021-10-01 14:45:01,48350.0,100.0,9222600.0
203,2021-10-01 14:45:01,48350.0,3000.0,9222500.0
204,2021-10-01 14:45:01,48350.0,100.0,9219500.0
205,2021-10-01 14:45:01,48350.0,300.0,9219400.0
206,2021-10-01 14:45:01,48350.0,300.0,9219100.0
207,2021-10-01 14:45:01,48350.0,300.0,9218800.0
208,2021-10-01 14:45:01,48350.0,100.0,9218500.0
209,2021-10-01 14:45:01,48350.0,2800.0,9218400.0
210,2021-10-01 14:45:01,48350.0,200.0,9215600.0
211,2021-10-01 14:45:01,48350.0,7000.0,9215400.0
212,2021-10-01 14:45:01,48350.0,300.0,9208400.0
213,2021-10-01 14:45:01,48350.0,200.0,9208100.0
214,2021-10-01 14:45:01,48350.0,100.0,9207900.0
215,2021-10-01 14:45:01,48350.0,300.0,9207800.0
216,2021-10-01 14:45:01,48350.0,200.0,9207500.0
217,2021-10-01 14:45:01,48350.0,800.0,9207300.0
218,2021-10-01 14:45:01,48350.0,200.0,9206500.0
219,2021-10-01 14:45:01,48350.0,400.0,9206300.0
220,2021-10-01 14:45:01,48350.0,100.0,9205900.0
221,2021-10-01 14:45:01,48350.0,100.0,9205800.0
222,2021-10-01 14:45:01,48350.0,400.0,9205700.0
223,2021-10-01 14:45:01,48350.0,1000.0,9205300.0
224,2021-10-01 14:45:01,48350.0,100.0,9204300.0
225,2021-10-01 14:45:01,48350.0,100.0,9204200.0
226,2021-10-01 14:45:01,48350.0,800.0,9204100.0
227,2021-10-01 14:45:01,48350.0,200.0,9203300.0
228,2021-10-01 14:45:01,48350.0,100.0,9203100.0
229,2021-10-01 14:45:01,48350.0,100.0,9203000.0
230,2021-10-01 14:45:01,48350.0,100.0,9202900.0
231,2021-10-01 14:45:01,48350.0,100.0,9202800.0
232,2021-10-01 14:45:01,48350.0,100.0,9202700.0
233,2021-10-01 14:45:01,48350.0,100.0,9202600.0
234,2021-10-01 14:29:59,48400.0,700.0,9202500.0
235,2021-10-01 14:29:56,48400.0,800.0,9201800.0
236,2021-10-01 14:29:56,48450.0,500.0,9201000.0
237,2021-10-01 14:29:54,48400.0,600.0,9200500.0
238,2021-10-01 14:29:52,48450.0,11600.0,9199900.0
239,2021-10-01 14:29:52,48450.0,300.0,9188300.0
240,2021-10-01 14:29:52,48450.0,7000.0,9188000.0
241,2021-10-01 14:29:52,48450.0,2000.0,9181000.0
242,2021-10-01 14:29:52,48450.0,500.0,9179000.0
243,2021-10-01 14:29:52,48450.0,100.0,9178500.0
244,2021-10-01 14:29:52,48450.0,3500.0,9178400.0
245,2021-10-01 14:29:52,48400.0,200.0,9174900.0
246,2021-10-01 14:29:50,48450.0,1100.0,9174700.0
247,2021-10-01 14:29:47,48400.0,200.0,9173600.0
248,2021-10-01 14:29:46,48400.0,800.0,9173400.0
249,2021-10-01 14:29:41,48450.0,100.0,9172600.0
250,2021-10-01 14:29:40,48400.0,500.0,9172500.0
251,2021-10-01 14:29:38,48400.0,200.0,9172000.0
252,2021-10-01 14:29:36,48400.0,400.0,9171800.0
253,2021-10-01 14:29:36,48400.0,100.0,9171400.0
254,2021-10-01 14:29:36,48400.0,1000.0,9171300.0
255,2021-10-01 14:29:36,48400.0,500.0,9170300.0
256,2021-10-01 14:29:33,48400.0,500.0,9169800.0
257,2021-10-01 14:29:33,48400.0,400.0,9169300.0
258,2021-10-01 14:29:33,48400.0,300.0,9168900.0
259,2021-10-01 14:29:33,48400.0,800.0,9168600.0
260,2021-10-01 14:29:31,48400.0,700.0,9167800.0
261,2021-10-01 14:29:31,48400.0,100.0,9167100.0
262,2021-10-01 14:29:30,48450.0,300.0,9167000.0
263,2021-10-01 14:29:30,48450.0,200.0,9166700.0
264,2021-10-01 14:29:27,48400.0,300.0,9166500.0
265,2021-10-01 14:29:25,48450.0,200.0,9166200.0
266,2021-10-01 14:29:24,48400.0,200.0,9166000.0
267,2021-10-01 14:29:24,48400.0,100.0,9165800.0
268,2021-10-01 14:29:24,48400.0,100.0,9165700.0
269,2021-10-01 14:29:24,48400.0,100.0,9165600.0
270,2021-10-01 14:29:24,48400.0,200.0,9165500.0
271,2021-10-01 14:29:24,48400.0,500.0,9165300.0
272,2021-10-01 14:29:22,48450.0,100.0,9164800.0
273,2021-10-01 14:29:22,48450.0,900.0,9164700.0
274,2021-10-01 14:29:15,48400.0,1000.0,9163800.0
275,2021-10-01 14:29:15,48400.0,200.0,9162800.0
276,2021-10-01 14:29:15,48400.0,200.0,9162600.0
277,2021-10-01 14:29:15,48400.0,500.0,9162400.0
278,2021-10-01 14:29:15,48400.0,100.0,9161900.0
279,2021-10-01 14:29:13,48450.0,100.0,9161800.0
280,2021-10-01 14:29:07,48450.0,900.0,9161700.0
281,2021-10-01 14:29:07,48450.0,100.0,9160800.0
282,2021-10-01 14:29:07,48450.0,1000.0,9160700.0
283,2021-10-01 14:29:00,48400.0,100.0,9159700.0
284,2021-10-01 14:28:59,48450.0,1000.0,9159600.0
285,2021-10-01 14:28:59,48450.0,100.0,9158600.0
286,2021-10-01 14:28:59,48450.0,300.0,9158500.0
287,2021-10-01 14:28:59,48450.0,1000.0,9158200.0
288,2021-10-01 14:28:50,48450.0,300.0,9157200.0
289,2021-10-01 14:28:40,48400.0,800.0,9156900.0
290,2021-10-01 14:28:40,48400.0,100.0,9156100.0
291,2021-10-01 14:28:40,48400.0,100.0,9156000.0
292,2021-10-01 14:28:39,48450.0,300.0,9155900.0
293,2021-10-01 14:28:37,48400.0,500.0,9155600.0
294,2021-10-01 14:28:37,48400.0,100.0,9155100.0
295,2021-10-01 14:28:37,48400.0,400.0,9155000.0
296,2021-10-01 14:28:37,48400.0,200.0,9154600.0
297,2021-10-01 14:28:37,48400.0,800.0,9154400.0
298,2021-10-01 14:28:25,48400.0,100.0,9153600.0
299,2021-10-01 14:28:21,48450.0,3000.0,9153500.0
300,2021-10-01 14:28:18,48400.0,2000.0,9150500.0
301,2021-10-01 14:28:12,48450.0,300.0,9148500.0
302,2021-10-01 14:28:10,48400.0,1000.0,9148200.0
303,2021-10-01 14:28:07,48450.0,100.0,9147200.0
304,2021-10-01 14:28:07,48450.0,200.0,9147100.0
305,2021-10-01 14:27:57,48400.0,1000.0,9146900.0
306,2021-10-01 14:27:53,48450.0,100.0,9145900.0
307,2021-10-01 14:27:52,48400.0,3600.0,9145800.0
308,2021-10-01 14:27:42,48400.0,900.0,9142200.0
309,2021-10-01 14:27:38,48400.0,400.0,9141300.0
310,2021-10-01 14:27:36,48400.0,200.0,9140900.0
311,2021-10-01 14:27:36,48400.0,100.0,9140700.0
312,2021-10-01 14:27:36,48400.0,200.0,9140600.0
313,2021-10-01 14:27:31,48400.0,300.0,9140400.0
314,2021-10-01 14:27:31,48400.0,500.0,9140100.0
315,2021-10-01 14:27:31,48400.0,100.0,9139600.0
316,2021-10-01 14:27:31,48400.0,500.0,9139500.0
317,2021-10-01 14:27:31,48400.0,300.0,9139000.0
318,2021-10-01 14:27:31,48400.0,100.0,9138700.0
319,2021-10-01 14:27:31,48400.0,100.0,9138600.0
320,2021-10-01 14:27:31,48400.0,100.0,9138500.0
321,2021-10-01 14:27:31,48400.0,1400.0,9138400.0
322,2021-10-01 14:27:31,48400.0,500.0,9137000.0
323,2021-10-01 14:27:31,48400.0,100.0,9136500.0
324,2021-10-01 14:27:31,48400.0,1000.0,9136400.0
325,2021-10-01 14:27:31,48400.0,200.0,9135400.0
326,2021-10-01 14:27:31,48400.0,4800.0,9135200.0
327,2021-10-01 14:27:28,48400.0,900.0,9130400.0
328,2021-10-01 14:27:20,48400.0,4000.0,9129500.0
329,2021-10-01 14:27:14,48400.0,900.0,9125500.0
330,2021-10-01 14:27:07,48400.0,9400.0,9124600.0
331,2021-10-01 14:27:07,48400.0,300.0,9115200.0
332,2021-10-01 14:27:07,48400.0,100.0,9114900.0
333,2021-10-01 14:27:07,48400.0,500.0,9114800.0
334,2021-10-01 14:27:07,48400.0,200.0,9114300.0
335,2021-10-01 14:27:03,48400.0,200.0,9114100.0
336,2021-10-01 14:27:00,48400.0,100.0,9113900.0
337,2021-10-01 14:27:00,48400.0,200.0,9113800.0
338,2021-10-01 14:27:00,48400.0,100.0,9113600.0
339,2021-10-01 14:27:00,48400.0,200.0,9113500.0
340,2021-10-01 14:27:00,48400.0,100.0,9113300.0
341,2021-10-01 14:27:00,48400.0,300.0,9113200.0
342,2021-10-01 14:27:00,48400.0,100.0,9112900.0
343,2021-10-01 14:27:00,48400.0,3000.0,9112800.0
344,2021-10-01 14:27:00,48400.0,5000.0,9109800.0
345,2021-10-01 14:27:00,48400.0,600.0,9104800.0
346,2021-10-01 14:27:00,48400.0,300.0,9104200.0
347,2021-10-01 14:26:59,48400.0,700.0,9103900.0
348,2021-10-01 14:26:59,48400.0,100.0,9103200.0
349,2021-10-01 14:26:59,48400.0,200.0,9103100.0
350,2021-10-01 14:26:59,48450.0,100.0,9102900.0
351,2021-10-01 14:26:59,48400.0,300.0,9102800.0
352,2021-10-01 14:26:59,48400.0,700.0,9102500.0
353,2021-10-01 14:26:57,48400.0,1000.0,9101800.0
354,2021-10-01 14:26:53,48400.0,100.0,9100800.0
355,2021-10-01 14:26:53,48400.0,100.0,9100700.0
356,2021-10-01 14:26:53,48400.0,400.0,9100600.0
357,2021-10-01 14:26:51,48400.0,500.0,9100200.0
358,2021-10-01 14:26:50,48400.0,4000.0,9099700.0
359,2021-10-01 14:26:45,48400.0,1200.0,9095700.0
360,2021-10-01 14:26:44,48400.0,600.0,9094500.0
361,2021-10-01 14:26:42,48400.0,300.0,9093900.0
362,2021-10-01 14:26:40,48400.0,1100.0,9093600.0
363,2021-10-01 14:26:40,48400.0,100.0,9092500.0
364,2021-10-01 14:26:39,48450.0,200.0,9092400.0
365,2021-10-01 14:26:37,48400.0,1000.0,9092200.0
366,2021-10-01 14:26:35,48400.0,1900.0,9091200.0
367,2021-10-01 14:26:31,48450.0,100.0,9089300.0
368,2021-10-01 14:26:31,48400.0,300.0,9089200.0
369,2021-10-01 14:26:29,48400.0,1000.0,9088900.0
370,2021-10-01 14:26:26,48400.0,100.0,9087900.0
371,2021-10-01 14:26:20,48400.0,900.0,9087800.0
372,2021-10-01 14:25:59,48400.0,200.0,9086900.0
373,2021-10-01 14:25:58,48400.0,1000.0,9086700.0
374,2021-10-01 14:25:48,48400.0,500.0,9085700.0
375,2021-10-01 14:25:46,48400.0,400.0,9085200.0
376,2021-10-01 14:25:46,48400.0,1300.0,9084800.0
377,2021-10-01 14:25:46,48400.0,500.0,9083500.0
378,2021-10-01 14:25:46,48400.0,4400.0,9083000.0
379,2021-10-01 14:25:46,48400.0,1300.0,9078600.0
380,2021-10-01 14:25:46,48400.0,800.0,9077300.0
381,2021-10-01 14:25:46,48400.0,4300.0,9076500.0
382,2021-10-01 14:25:45,48400.0,12100.0,9072200.0
383,2021-10-01 14:25:45,48400.0,500.0,9060100.0
384,2021-10-01 14:25:45,48400.0,400.0,9059600.0
385,2021-10-01 14:25:45,48400.0,500.0,9059200.0
386,2021-10-01 14:25:45,48400.0,500.0,9058700.0
387,2021-10-01 14:25:45,48400.0,700.0,9058200.0
388,2021-10-01 14:25:45,48400.0,300.0,9057500.0
389,2021-10-01 14:25:45,48400.0,100.0,9057200.0
390,2021-10-01 14:25:45,48400.0,4900.0,9057100.0
391,2021-10-01 14:25:39,48400.0,1500.0,9052200.0
392,2021-10-01 14:25:38,48350.0,1000.0,9050700.0
393,2021-10-01 14:25:35,48350.0,500.0,9049700.0
394,2021-10-01 14:25:31,48400.0,100.0,9049200.0
395,2021-10-01 14:25:29,48400.0,1300.0,9049100.0
396,2021-10-01 14:25:28,48350.0,1000.0,9047800.0
397,2021-10-01 14:25:24,48350.0,600.0,9046800.0
398,2021-10-01 14:25:23,48350.0,1000.0,9046200.0
399,2021-10-01 14:25:19,48400.0,100.0,9045200.0
400,2021-10-01 14:25:15,48350.0,400.0,9045100.0
401,2021-10-01 14:25:13,48350.0,700.0,9044700.0
402,2021-10-01 14:25:10,48400.0,1000.0,9044000.0
403,2021-10-01 14:25:09,48400.0,500.0,9043000.0
404,2021-10-01 14:25:08,48400.0,100.0,9042500.0
405,2021-10-01 14:25:02,48350.0,800.0,9042400.0
406,2021-10-01 14:25:01,48400.0,5000.0,9041600.0
407,2021-10-01 14:25:00,48400.0,200.0,9036600.0
408,2021-10-01 14:24:58,48400.0,4200.0,9036400.0
409,2021-10-01 14:24:55,48400.0,1000.0,9032200.0
410,2021-10-01 14:24:53,48400.0,1000.0,9031200.0
411,2021-10-01 14:24:51,48400.0,100.0,9030200.0
412,2021-10-01 14:24:43,48400.0,100.0,9030100.0
413,2021-10-01 14:24:42,48400.0,1300.0,9030000.0
414,2021-10-01 14:24:37,48350.0,900.0,9028700.0
415,2021-10-01 14:24:35,48400.0,27600.0,9027800.0
416,2021-10-01 14:24:35,48400.0,100.0,9000200.0
417,2021-10-01 14:24:35,48400.0,1000.0,9000100.0
418,2021-10-01 14:24:35,48400.0,500.0,8999100.0
419,2021-10-01 14:24:35,48400.0,300.0,8998600.0
420,2021-10-01 14:24:35,48400.0,500.0,8998300.0
421,2021-10-01 14:24:35,48400.0,500.0,8997800.0
422,2021-10-01 14:24:35,48400.0,700.0,8997300.0
423,2021-10-01 14:24:35,48400.0,16400.0,8996600.0
424,2021-10-01 14:24:33,48400.0,300.0,8980200.0
425,2021-10-01 14:24:31,48400.0,100.0,8979900.0
426,2021-10-01 14:24:29,48400.0,100.0,8979800.0
427,2021-10-01 14:24:28,48400.0,200.0,8979700.0
428,2021-10-01 14:24:28,48400.0,400.0,8979500.0
429,2021-10-01 14:24:27,48350.0,1400.0,8979100.0
430,2021-10-01 14:24:24,48350.0,900.0,8977700.0
431,2021-10-01 14:24:19,48400.0,200.0,8976800.0
432,2021-10-01 14:24:18,48350.0,3000.0,8976600.0
433,2021-10-01 14:24:14,48350.0,10000.0,8973600.0
434,2021-10-01 14:24:13,48400.0,100.0,8963600.0
435,2021-10-01 14:24:12,48350.0,3000.0,8963500.0
436,2021-10-01 14:24:11,48350.0,1000.0,8960500.0
437,2021-10-01 14:24:10,48400.0,100.0,8959500.0
438,2021-10-01 14:24:10,48350.0,800.0,8959400.0
439,2021-10-01 14:24:08,48400.0,1000.0,8958600.0
440,2021-10-01 14:24:00,48350.0,300.0,8957600.0
441,2021-10-01 14:23:56,48350.0,700.0,8957300.0
442,2021-10-01 14:23:45,48350.0,600.0,8956600.0
443,2021-10-01 14:23:39,48350.0,2000.0,8956000.0
444,2021-10-01 14:23:35,48350.0,1100.0,8954000.0
445,2021-10-01 14:23:31,48350.0,200.0,8952900.0
446,2021-10-01 14:23:27,48350.0,500.0,8952700.0
447,2021-10-01 14:23:22,48350.0,400.0,8952200.0
448,2021-10-01 14:23:19,48350.0,800.0,8951800.0
449,2021-10-01 14:23:19,48400.0,1100.0,8951000.0
450,2021-10-01 14:23:19,48400.0,1400.0,8949900.0
451,2021-10-01 14:23:14,48350.0,2000.0,8948500.0
452,2021-10-01 14:23:12,48350.0,5000.0,8946500.0
453,2021-10-01 14:23:06,48350.0,600.0,8941500.0
454,2021-10-01 14:23:03,48350.0,15000.0,8940900.0
455,2021-10-01 14:23:02,48400.0,1000.0,8925900.0
456,2021-10-01 14:22:56,48350.0,900.0,8924900.0
457,2021-10-01 14:22:49,48350.0,500.0,8924000.0
458,2021-10-01 14:22:44,48400.0,200.0,8923500.0
459,2021-10-01 14:22:42,48350.0,800.0,8923300.0
460,2021-10-01 14:22:40,48350.0,2000.0,8922500.0
461,2021-10-01 14:22:34,48400.0,100.0,8920500.0
462,2021-10-01 14:22:29,48350.0,900.0,8920400.0
463,2021-10-01 14:22:28,48400.0,100.0,8919500.0
464,2021-10-01 14:22:21,48400.0,100.0,8919400.0
465,2021-10-01 14:22:18,48400.0,400.0,8919300.0
466,2021-10-01 14:22:17,48400.0,1000.0,8918900.0
467,2021-10-01 14:22:16,48350.0,700.0,8917900.0
468,2021-10-01 14:22:16,48400.0,400.0,8917200.0
469,2021-10-01 14:22:15,48400.0,500.0,8916800.0
470,2021-10-01 14:22:15,48400.0,2000.0,8916300.0
471,2021-10-01 14:22:13,48400.0,600.0,8914300.0
472,2021-10-01 14:22:06,48400.0,5000.0,8913700.0
473,2021-10-01 14:22:05,48350.0,1000.0,8908700.0
474,2021-10-01 14:21:57,48400.0,200.0,8907700.0
475,2021-10-01 14:21:57,48400.0,500.0,8907500.0
476,2021-10-01 14:21:54,48400.0,1000.0,8907000.0
477,2021-10-01 14:21:51,48400.0,3000.0,8906000.0
478,2021-10-01 14:21:51,48400.0,300.0,8903000.0
479,2021-10-01 14:21:51,48400.0,300.0,8902700.0
480,2021-10-01 14:21:49,48350.0,900.0,8902400.0
481,2021-10-01 14:21:49,48400.0,100.0,8901500.0
482,2021-10-01 14:21:45,48400.0,1000.0,8901400.0
483,2021-10-01 14:21:43,48400.0,100.0,8900400.0
484,2021-10-01 14:21:42,48400.0,100.0,8900300.0
485,2021-10-01 14:21:42,48400.0,1000.0,8900200.0
486,2021-10-01 14:21:42,48400.0,100.0,8899200.0
487,2021-10-01 14:21:42,48400.0,100.0,8899100.0
488,2021-10-01 14:21:42,48400.0,200.0,8899000.0
489,2021-10-01 14:21:42,48400.0,100.0,8898800.0
490,2021-10-01 14:21:42,48400.0,500.0,8898700.0
491,2021-10-01 14:21:42,48400.0,300.0,8898200.0
492,2021-10-01 14:21:42,48400.0,800.0,8897900.0
493,2021-10-01 14:21:42,48400.0,100.0,8897100.0
494,2021-10-01 14:21:42,48400.0,1000.0,8897000.0
495,2021-10-01 14:21:42,48400.0,1000.0,8896000.0
496,2021-10-01 14:21:42,48400.0,100.0,8895000.0
497,2021-10-01 14:21:42,48400.0,100.0,8894900.0
498,2021-10-01 14:21:42,48400.0,100.0,8894800.0
499,2021-10-01 14:21:42,48400.0,200.0,8894700.0
500,2021-10-01 14:21:42,48400.0,300.0,8894500.0
501,2021-10-01 14:21:42,48400.0,300.0,8894200.0
502,2021-10-01 14:21:42,48400.0,200.0,8893900.0
503,2021-10-01 14:21:42,48400.0,400.0,8893700.0
504,2021-10-01 14:21:42,48400.0,1000.0,8893300.0
505,2021-10-01 14:21:42,48400.0,100.0,8892300.0
506,2021-10-01 14:21:42,48400.0,100.0,8892200.0
507,2021-10-01 14:21:42,48400.0,1000.0,8892100.0
508,2021-10-01 14:21:42,48400.0,100.0,8891100.0
509,2021-10-01 14:21:42,48400.0,100.0,8891000.0
510,2021-10-01 14:21:42,48400.0,500.0,8890900.0
511,2021-10-01 14:21:42,48400.0,100.0,8890400.0
512,2021-10-01 14:21:42,48400.0,200.0,8890300.0
513,2021-10-01 14:21:42,48400.0,100.0,8890100.0
514,2021-10-01 14:21:42,48400.0,1000.0,8890000.0
515,2021-10-01 14:21:42,48400.0,100.0,8889000.0
516,2021-10-01 14:21:42,48400.0,2000.0,8888900.0
517,2021-10-01 14:21:42,48400.0,100.0,8886900.0
518,2021-10-01 14:21:42,48400.0,100.0,8886800.0
519,2021-10-01 14:21:42,48400.0,100.0,8886700.0
520,2021-10-01 14:21:42,48400.0,100.0,8886600.0
521,2021-10-01 14:21:42,48400.0,100.0,8886500.0
522,2021-10-01 14:21:42,48400.0,100.0,8886400.0
523,2021-10-01 14:21:42,48400.0,100.0,8886300.0
524,2021-10-01 14:21:42,48400.0,200.0,8886200.0
525,2021-10-01 14:21:42,48400.0,5000.0,8886000.0
526,2021-10-01 14:21:42,48400.0,1000.0,8881000.0
527,2021-10-01 14:21:42,48400.0,200.0,8880000.0
528,2021-10-01 14:21:42,48400.0,1000.0,8879800.0
529,2021-10-01 14:21:42,48400.0,200.0,8878800.0
530,2021-10-01 14:21:42,48400.0,200.0,8878600.0
531,2021-10-01 14:21:42,48400.0,1000.0,8878400.0
532,2021-10-01 14:21:42,48400.0,7800.0,8877400.0
533,2021-10-01 14:21:41,48450.0,700.0,8869600.0
534,2021-10-01 14:21:41,48450.0,300.0,8868900.0
535,2021-10-01 14:21:40,48450.0,200.0,8868600.0
536,2021-10-01 14:21:35,48400.0,800.0,8868400.0
537,2021-10-01 14:21:34,48400.0,1400.0,8867600.0
538,2021-10-01 14:21:34,48400.0,300.0,8866200.0
539,2021-10-01 14:21:34,48400.0,100.0,8865900.0
540,2021-10-01 14:21:34,48400.0,100.0,8865800.0
541,2021-10-01 14:21:34,48400.0,100.0,8865700.0
542,2021-10-01 14:21:34,48400.0,2200.0,8865600.0
543,2021-10-01 14:21:34,48400.0,200.0,8863400.0
544,2021-10-01 14:21:34,48400.0,100.0,8863200.0
545,2021-10-01 14:21:34,48400.0,100.0,8863100.0
546,2021-10-01 14:21:34,48400.0,500.0,8863000.0
547,2021-10-01 14:21:34,48400.0,200.0,8862500.0
548,2021-10-01 14:21:34,48400.0,1000.0,8862300.0
549,2021-10-01 14:21:34,48400.0,5700.0,8861300.0
550,2021-10-01 14:21:30,48450.0,500.0,8855600.0
551,2021-10-01 14:21:29,48400.0,4300.0,8855100.0
552,2021-10-01 14:21:29,48400.0,100.0,8850800.0
553,2021-10-01 14:21:29,48400.0,200.0,8850700.0
554,2021-10-01 14:21:29,48400.0,100.0,8850500.0
555,2021-10-01 14:21:29,48400.0,500.0,8850400.0
556,2021-10-01 14:21:29,48400.0,3000.0,8849900.0
557,2021-10-01 14:21:29,48400.0,300.0,8846900.0
558,2021-10-01 14:21:29,48400.0,100.0,8846600.0
559,2021-10-01 14:21:29,48400.0,200.0,8846500.0
560,2021-10-01 14:21:29,48400.0,500.0,8846300.0
561,2021-10-01 14:21:29,48400.0,100.0,8845800.0
562,2021-10-01 14:21:29,48400.0,100.0,8845700.0
563,2021-10-01 14:21:29,48400.0,100.0,8845600.0
564,2021-10-01 14:21:29,48400.0,200.0,8845500.0
565,2021-10-01 14:21:29,48400.0,100.0,8845300.0
566,2021-10-01 14:21:29,48400.0,100.0,8845200.0
567,2021-10-01 14:21:29,48400.0,100.0,8845100.0
568,2021-10-01 14:21:29,48400.0,500.0,8845000.0
569,2021-10-01 14:21:29,48400.0,10000.0,8844500.0
570,2021-10-01 14:21:29,48400.0,300.0,8834500.0
571,2021-10-01 14:21:29,48400.0,5000.0,8834200.0
572,2021-10-01 14:21:29,48400.0,500.0,8829200.0
573,2021-10-01 14:21:29,48400.0,400.0,8828700.0
574,2021-10-01 14:21:29,48400.0,1000.0,8828300.0
575,2021-10-01 14:21:29,48400.0,100.0,8827300.0
576,2021-10-01 14:21:29,48400.0,5000.0,8827200.0
577,2021-10-01 14:21:29,48400.0,100.0,8822200.0
578,2021-10-01 14:21:29,48400.0,500.0,8822100.0
579,2021-10-01 14:21:29,48400.0,1000.0,8821600.0
580,2021-10-01 14:21:29,48400.0,100.0,8820600.0
581,2021-10-01 14:21:29,48400.0,100.0,8820500.0
582,2021-10-01 14:21:29,48400.0,400.0,8820400.0
583,2021-10-01 14:21:29,48400.0,100.0,8820000.0
584,2021-10-01 14:21:29,48400.0,700.0,8819900.0
585,2021-10-01 14:21:29,48400.0,100.0,8819200.0
586,2021-10-01 14:21:29,48400.0,200.0,8819100.0
587,2021-10-01 14:21:29,48400.0,100.0,8818900.0
588,2021-10-01 14:21:29,48400.0,100.0,8818800.0
589,2021-10-01 14:21:29,48400.0,500.0,8818700.0
590,2021-10-01 14:21:29,48400.0,100.0,8818200.0
591,2021-10-01 14:21:29,48400.0,100.0,8818100.0
592,2021-10-01 14:21:29,48400.0,200.0,8818000.0
593,2021-10-01 14:21:29,48400.0,500.0,8817800.0
594,2021-10-01 14:21:29,48400.0,500.0,8817300.0
595,2021-10-01 14:21:29,48400.0,100.0,8816800.0
596,2021-10-01 14:21:29,48400.0,1000.0,8816700.0
597,2021-10-01 14:21:29,48400.0,5000.0,8815700.0
598,2021-10-01 14:21:29,48400.0,100.0,8810700.0
599,2021-10-01 14:21:29,48400.0,2000.0,8810600.0
600,2021-10-01 14:21:29,48400.0,200.0,8808600.0
601,2021-10-01 14:21:29,48400.0,1000.0,8808400.0
602,2021-10-01 14:21:29,48400.0,1000.0,8807400.0
603,2021-10-01 14:21:29,48400.0,100.0,8806400.0
604,2021-10-01 14:21:29,48400.0,200.0,8806300.0
605,2021-10-01 14:21:29,48400.0,100.0,8806100.0
606,2021-10-01 14:21:29,48400.0,100.0,8806000.0
607,2021-10-01 14:21:29,48400.0,100.0,8805900.0
608,2021-10-01 14:21:29,48400.0,400.0,8805800.0
609,2021-10-01 14:21:29,48400.0,300.0,8805400.0
610,2021-10-01 14:21:25,48450.0,600.0,8805100.0
611,2021-10-01 14:21:25,48450.0,800.0,8804500.0
612,2021-10-01 14:21:24,48400.0,100.0,8803700.0
613,2021-10-01 14:21:24,48400.0,100.0,8803600.0
614,2021-10-01 14:21:24,48400.0,1000.0,8803500.0
615,2021-10-01 14:21:24,48400.0,500.0,8802500.0
616,2021-10-01 14:21:24,48400.0,200.0,8802000.0
617,2021-10-01 14:21:24,48400.0,1000.0,8801800.0
618,2021-10-01 14:21:24,48400.0,1000.0,8800800.0
619,2021-10-01 14:21:24,48400.0,100.0,8799800.0
620,2021-10-01 14:21:22,48400.0,100.0,8799700.0
621,2021-10-01 14:21:22,48400.0,900.0,8799600.0
622,2021-10-01 14:21:21,48400.0,600.0,8798700.0
623,2021-10-01 14:21:21,48400.0,100.0,8798100.0
624,2021-10-01 14:21:21,48400.0,1000.0,8798000.0
625,2021-10-01 14:21:21,48400.0,200.0,8797000.0
626,2021-10-01 14:21:21,48400.0,100.0,8796800.0
627,2021-10-01 14:21:21,48400.0,100.0,8796700.0
628,2021-10-01 14:21:21,48400.0,200.0,8796600.0
629,2021-10-01 14:21:21,48400.0,100.0,8796400.0
630,2021-10-01 14:21:21,48400.0,500.0,8796300.0
631,2021-10-01 14:21:21,48400.0,100.0,8795800.0
632,2021-10-01 14:21:21,48400.0,100.0,8795700.0
633,2021-10-01 14:21:21,48400.0,200.0,8795600.0
634,2021-10-01 14:21:21,48400.0,100.0,8795400.0
635,2021-10-01 14:21:21,48400.0,200.0,8795300.0
636,2021-10-01 14:21:21,48400.0,100.0,8795100.0
637,2021-10-01 14:21:21,48400.0,100.0,8795000.0
638,2021-10-01 14:21:21,48400.0,100.0,8794900.0
639,2021-10-01 14:21:21,48400.0,100.0,8794800.0
640,2021-10-01 14:21:21,48400.0,1000.0,8794700.0
641,2021-10-01 14:21:21,48450.0,100.0,8793700.0
642,2021-10-01 14:21:14,48450.0,1000.0,8793600.0
643,2021-10-01 14:21:13,48400.0,100.0,8792600.0
644,2021-10-01 14:21:13,48400.0,200.0,8792500.0
645,2021-10-01 14:21:13,48400.0,100.0,8792300.0
646,2021-10-01 14:21:13,48400.0,100.0,8792200.0
647,2021-10-01 14:21:13,48400.0,100.0,8792100.0
648,2021-10-01 14:21:13,48400.0,200.0,8792000.0
649,2021-10-01 14:21:13,48400.0,100.0,8791800.0
650,2021-10-01 14:21:13,48400.0,500.0,8791700.0
651,2021-10-01 14:21:13,48400.0,100.0,8791200.0
652,2021-10-01 14:21:13,48400.0,100.0,8791100.0
653,2021-10-01 14:21:13,48400.0,100.0,8791000.0
654,2021-10-01 14:21:13,48400.0,100.0,8790900.0
655,2021-10-01 14:21:13,48400.0,500.0,8790800.0
656,2021-10-01 14:21:13,48400.0,100.0,8790300.0
657,2021-10-01 14:21:13,48400.0,200.0,8790200.0
658,2021-10-01 14:21:13,48400.0,1000.0,8790000.0
659,2021-10-01 14:21:13,48400.0,100.0,8789000.0
660,2021-10-01 14:21:13,48400.0,100.0,8788900.0
661,2021-10-01 14:21:13,48400.0,100.0,8788800.0
662,2021-10-01 14:21:13,48400.0,5000.0,8788700.0
663,2021-10-01 14:21:13,48400.0,100.0,8783700.0
664,2021-10-01 14:21:13,48400.0,400.0,8783600.0
665,2021-10-01 14:21:13,48400.0,2000.0,8783200.0
666,2021-10-01 14:21:13,48400.0,400.0,8781200.0
667,2021-10-01 14:21:13,48400.0,100.0,8780800.0
668,2021-10-01 14:21:13,48400.0,200.0,8780700.0
669,2021-10-01 14:21:13,48400.0,1000.0,8780500.0
670,2021-10-01 14:21:13,48400.0,100.0,8779500.0
671,2021-10-01 14:21:13,48400.0,1000.0,8779400.0
672,2021-10-01 14:21:13,48400.0,100.0,8778400.0
673,2021-10-01 14:21:13,48400.0,1000.0,8778300.0
674,2021-10-01 14:21:13,48400.0,100.0,8777300.0
675,2021-10-01 14:21:13,48400.0,500.0,8777200.0
676,2021-10-01 14:21:13,48400.0,1000.0,8776700.0
677,2021-10-01 14:21:13,48400.0,100.0,8775700.0
678,2021-10-01 14:21:13,48400.0,300.0,8775600.0
679,2021-10-01 14:21:13,48400.0,10200.0,8775300.0
680,2021-10-01 14:21:12,48400.0,500.0,8765100.0
681,2021-10-01 14:21:09,48450.0,600.0,8764600.0
682,2021-10-01 14:21:07,48400.0,700.0,8764000.0
683,2021-10-01 14:21:07,48400.0,800.0,8763300.0
684,2021-10-01 14:21:01,48450.0,100.0,8762500.0
685,2021-10-01 14:20:53,48450.0,1000.0,8762400.0
686,2021-10-01 14:20:51,48450.0,5300.0,8761400.0
687,2021-10-01 14:20:51,48450.0,1000.0,8756100.0
688,2021-10-01 14:20:51,48450.0,200.0,8755100.0
689,2021-10-01 14:20:51,48450.0,500.0,8754900.0
690,2021-10-01 14:20:45,48400.0,800.0,8754400.0
691,2021-10-01 14:20:43,48400.0,900.0,8753600.0
692,2021-10-01 14:20:43,48450.0,700.0,8752700.0
693,2021-10-01 14:20:43,48450.0,100.0,8752000.0
694,2021-10-01 14:20:43,48450.0,200.0,8751900.0
695,2021-10-01 14:20:43,48450.0,100.0,8751700.0
696,2021-10-01 14:20:42,48400.0,500.0,8751600.0
697,2021-10-01 14:20:37,48450.0,200.0,8751100.0
698,2021-10-01 14:20:35,48450.0,300.0,8750900.0
699,2021-10-01 14:20:29,48450.0,800.0,8750600.0
700,2021-10-01 14:20:28,48400.0,700.0,8749800.0
701,2021-10-01 14:20:28,48450.0,500.0,8749100.0
702,2021-10-01 14:20:26,48450.0,100.0,8748600.0
703,2021-10-01 14:20:21,48450.0,100.0,8748500.0
704,2021-10-01 14:20:20,48450.0,100.0,8748400.0
705,2021-10-01 14:20:18,48400.0,900.0,8748300.0
706,2021-10-01 14:20:12,48450.0,200.0,8747400.0
707,2021-10-01 14:20:07,48450.0,400.0,8747200.0
708,2021-10-01 14:20:05,48400.0,3000.0,8746800.0
709,2021-10-01 14:20:05,48400.0,800.0,8743800.0
710,2021-10-01 14:20:04,48400.0,200.0,8743000.0
711,2021-10-01 14:20:04,48400.0,200.0,8742800.0
712,2021-10-01 14:20:04,48400.0,700.0,8742600.0
713,2021-10-01 14:20:03,48400.0,300.0,8741900.0
714,2021-10-01 14:20:03,48400.0,100.0,8741600.0
715,2021-10-01 14:20:03,48400.0,200.0,8741500.0
716,2021-10-01 14:20:02,48400.0,100.0,8741300.0
717,2021-10-01 14:20:02,48400.0,800.0,8741200.0
718,2021-10-01 14:19:56,48400.0,400.0,8740400.0
719,2021-10-01 14:19:56,48400.0,100.0,8740000.0
720,2021-10-01 14:19:56,48400.0,800.0,8739900.0
721,2021-10-01 14:19:56,48400.0,1000.0,8739100.0
722,2021-10-01 14:19:56,48400.0,200.0,8738100.0
723,2021-10-01 14:19:56,48400.0,100.0,8737900.0
724,2021-10-01 14:19:56,48400.0,100.0,8737800.0
725,2021-10-01 14:19:56,48400.0,100.0,8737700.0
726,2021-10-01 14:19:56,48400.0,700.0,8737600.0
727,2021-10-01 14:19:56,48400.0,500.0,8736900.0
728,2021-10-01 14:19:51,48400.0,500.0,8736400.0
729,2021-10-01 14:19:51,48400.0,100.0,8735900.0
730,2021-10-01 14:19:51,48400.0,300.0,8735800.0
731,2021-10-01 14:19:42,48450.0,500.0,8735500.0
732,2021-10-01 14:19:37,48400.0,100.0,8735000.0
733,2021-10-01 14:19:37,48400.0,100.0,8734900.0
734,2021-10-01 14:19:37,48400.0,100.0,8734800.0
735,2021-10-01 14:19:37,48400.0,200.0,8734700.0
736,2021-10-01 14:19:37,48400.0,100.0,8734500.0
737,2021-10-01 14:19:37,48400.0,100.0,8734400.0
738,2021-10-01 14:19:37,48400.0,100.0,8734300.0
739,2021-10-01 14:19:28,48450.0,100.0,8734200.0
740,2021-10-01 14:19:27,48400.0,200.0,8734100.0
741,2021-10-01 14:19:24,48400.0,200.0,8733900.0
742,2021-10-01 14:19:24,48400.0,100.0,8733700.0
743,2021-10-01 14:19:24,48400.0,100.0,8733600.0
744,2021-10-01 14:19:24,48400.0,500.0,8733500.0
745,2021-10-01 14:19:24,48400.0,200.0,8733000.0
746,2021-10-01 14:19:08,48400.0,600.0,8732800.0
747,2021-10-01 14:18:57,48400.0,900.0,8732200.0
748,2021-10-01 14:18:54,48450.0,100.0,8731300.0
749,2021-10-01 14:18:48,48450.0,100.0,8731200.0
750,2021-10-01 14:18:47,48450.0,100.0,8731100.0
751,2021-10-01 14:18:47,48450.0,100.0,8731000.0
752,2021-10-01 14:18:44,48400.0,200.0,8730900.0
753,2021-10-01 14:18:44,48400.0,100.0,8730700.0
754,2021-10-01 14:18:44,48400.0,500.0,8730600.0
755,2021-10-01 14:18:44,48400.0,100.0,8730100.0
756,2021-10-01 14:18:44,48400.0,100.0,8730000.0
757,2021-10-01 14:18:42,48450.0,100.0,8729900.0
758,2021-10-01 14:18:35,48450.0,300.0,8729800.0
759,2021-10-01 14:18:35,48400.0,900.0,8729500.0
760,2021-10-01 14:18:35,48400.0,100.0,8728600.0
761,2021-10-01 14:18:35,48400.0,100.0,8728500.0
762,2021-10-01 14:18:35,48400.0,200.0,8728400.0
763,2021-10-01 14:18:35,48400.0,200.0,8728200.0
764,2021-10-01 14:18:35,48400.0,100.0,8728000.0
765,2021-10-01 14:18:35,48400.0,500.0,8727900.0
766,2021-10-01 14:18:35,48400.0,100.0,8727400.0
767,2021-10-01 14:18:35,48400.0,200.0,8727300.0
768,2021-10-01 14:18:35,48400.0,200.0,8727100.0
769,2021-10-01 14:18:35,48400.0,100.0,8726900.0
770,2021-10-01 14:18:35,48400.0,100.0,8726800.0
771,2021-10-01 14:18:35,48400.0,500.0,8726700.0
772,2021-10-01 14:18:35,48400.0,1700.0,8726200.0
773,2021-10-01 14:18:28,48450.0,500.0,8724500.0
774,2021-10-01 14:18:28,48400.0,700.0,8724000.0
775,2021-10-01 14:18:28,48400.0,600.0,8723300.0
776,2021-10-01 14:18:17,48400.0,800.0,8722700.0
777,2021-10-01 14:18:13,48450.0,100.0,8721900.0
778,2021-10-01 14:18:12,48450.0,100.0,8721800.0
779,2021-10-01 14:18:10,48450.0,700.0,8721700.0
780,2021-10-01 14:18:04,48400.0,900.0,8721000.0
781,2021-10-01 14:17:52,48450.0,500.0,8720100.0
782,2021-10-01 14:17:50,48400.0,900.0,8719600.0
783,2021-10-01 14:17:46,48450.0,1000.0,8718700.0
784,2021-10-01 14:17:46,48450.0,3000.0,8717700.0
785,2021-10-01 14:17:46,48450.0,1000.0,8714700.0
786,2021-10-01 14:17:45,48400.0,2000.0,8713700.0
787,2021-10-01 14:17:42,48450.0,1000.0,8711700.0
788,2021-10-01 14:17:42,48450.0,200.0,8710700.0
789,2021-10-01 14:17:36,48450.0,100.0,8710500.0
790,2021-10-01 14:17:32,48400.0,500.0,8710400.0
791,2021-10-01 14:17:29,48400.0,2000.0,8709900.0
792,2021-10-01 14:17:28,48450.0,100.0,8707900.0
793,2021-10-01 14:17:28,48450.0,2000.0,8707800.0
794,2021-10-01 14:17:27,48400.0,400.0,8705800.0
795,2021-10-01 14:17:26,48450.0,100.0,8705400.0
796,2021-10-01 14:17:25,48400.0,800.0,8705300.0
797,2021-10-01 14:17:24,48450.0,200.0,8704500.0
798,2021-10-01 14:17:24,48450.0,600.0,8704300.0
799,2021-10-01 14:17:24,48450.0,200.0,8703700.0
800,2021-10-01 14:17:24,48450.0,800.0,8703500.0
801,2021-10-01 14:17:24,48450.0,500.0,8702700.0
802,2021-10-01 14:17:24,48450.0,200.0,8702200.0
803,2021-10-01 14:17:24,48450.0,2500.0,8702000.0
804,2021-10-01 14:17:18,48400.0,100.0,8699500.0
805,2021-10-01 14:17:16,48450.0,100.0,8699400.0
806,2021-10-01 14:17:14,48450.0,400.0,8699300.0
807,2021-10-01 14:17:14,48450.0,4600.0,8698900.0
808,2021-10-01 14:17:13,48400.0,1000.0,8694300.0
809,2021-10-01 14:17:06,48400.0,100.0,8693300.0
810,2021-10-01 14:17:00,48400.0,500.0,8693200.0
811,2021-10-01 14:17:00,48400.0,600.0,8692700.0
812,2021-10-01 14:16:51,48400.0,1000.0,8692100.0
813,2021-10-01 14:16:50,48450.0,3000.0,8691100.0
814,2021-10-01 14:16:47,48400.0,800.0,8688100.0
815,2021-10-01 14:16:35,48400.0,800.0,8687300.0
816,2021-10-01 14:16:32,48450.0,200.0,8686500.0
817,2021-10-01 14:16:31,48400.0,10000.0,8686300.0
818,2021-10-01 14:16:22,48400.0,700.0,8676300.0
819,2021-10-01 14:16:12,48400.0,900.0,8675600.0
820,2021-10-01 14:16:09,48450.0,1200.0,8674700.0
821,2021-10-01 14:16:08,48450.0,300.0,8673500.0
822,2021-10-01 14:16:06,48400.0,100.0,8673200.0
823,2021-10-01 14:16:00,48450.0,300.0,8673100.0
824,2021-10-01 14:15:58,48400.0,900.0,8672800.0
825,2021-10-01 14:15:55,48400.0,200.0,8671900.0
826,2021-10-01 14:15:45,48400.0,1000.0,8671700.0
827,2021-10-01 14:15:45,48400.0,1000.0,8670700.0
828,2021-10-01 14:15:45,48400.0,200.0,8669700.0
829,2021-10-01 14:15:45,48400.0,500.0,8669500.0
830,2021-10-01 14:15:45,48400.0,100.0,8669000.0
831,2021-10-01 14:15:45,48400.0,300.0,8668900.0
832,2021-10-01 14:15:45,48400.0,200.0,8668600.0
833,2021-10-01 14:15:45,48400.0,100.0,8668400.0
834,2021-10-01 14:15:45,48400.0,1000.0,8668300.0
835,2021-10-01 14:15:45,48400.0,1000.0,8667300.0
836,2021-10-01 14:15:45,48400.0,2500.0,8666300.0
837,2021-10-01 14:15:45,48400.0,100.0,8663800.0
838,2021-10-01 14:15:45,48400.0,100.0,8663700.0
839,2021-10-01 14:15:45,48400.0,600.0,8663600.0
840,2021-10-01 14:15:45,48400.0,100.0,8663000.0
841,2021-10-01 14:15:45,48400.0,100.0,8662900.0
842,2021-10-01 14:15:45,48400.0,200.0,8662800.0
843,2021-10-01 14:15:45,48400.0,100.0,8662600.0
844,2021-10-01 14:15:45,48400.0,100.0,8662500.0
845,2021-10-01 14:15:45,48400.0,100.0,8662400.0
846,2021-10-01 14:15:45,48400.0,200.0,8662300.0
847,2021-10-01 14:15:45,48400.0,200.0,8662100.0
848,2021-10-01 14:15:45,48400.0,100.0,8661900.0
849,2021-10-01 14:15:45,48400.0,1600.0,8661800.0
850,2021-10-01 14:15:43,48400.0,900.0,8660200.0
851,2021-10-01 14:15:39,48400.0,500.0,8659300.0
852,2021-10-01 14:15:39,48400.0,100.0,8658800.0
853,2021-10-01 14:15:39,48400.0,100.0,8658700.0
854,2021-10-01 14:15:39,48400.0,200.0,8658600.0
855,2021-10-01 14:15:39,48400.0,100.0,8658400.0
856,2021-10-01 14:15:39,48400.0,100.0,8658300.0
857,2021-10-01 14:15:39,48400.0,100.0,8658200.0
858,2021-10-01 14:15:39,48400.0,700.0,8658100.0
859,2021-10-01 14:15:39,48400.0,200.0,8657400.0
860,2021-10-01 14:15:39,48400.0,5000.0,8657200.0
861,2021-10-01 14:15:39,48400.0,100.0,8652200.0
862,2021-10-01 14:15:39,48400.0,100.0,8652100.0
863,2021-10-01 14:15:39,48400.0,100.0,8652000.0
864,2021-10-01 14:15:39,48400.0,100.0,8651900.0
865,2021-10-01 14:15:39,48400.0,100.0,8651800.0
866,2021-10-01 14:15:39,48400.0,500.0,8651700.0
867,2021-10-01 14:15:39,48400.0,1000.0,8651200.0
868,2021-10-01 14:15:39,48400.0,1000.0,8650200.0
869,2021-10-01 14:15:39,48400.0,2000.0,8649200.0
870,2021-10-01 14:15:39,48400.0,600.0,8647200.0
871,2021-10-01 14:15:39,48400.0,500.0,8646600.0
872,2021-10-01 14:15:39,48400.0,500.0,8646100.0
873,2021-10-01 14:15:39,48400.0,200.0,8645600.0
874,2021-10-01 14:15:39,48400.0,100.0,8645400.0
875,2021-10-01 14:15:39,48400.0,100.0,8645300.0
876,2021-10-01 14:15:39,48400.0,100.0,8645200.0
877,2021-10-01 14:15:39,48400.0,9900.0,8645100.0
878,2021-10-01 14:15:39,48400.0,6200.0,8635200.0
879,2021-10-01 14:15:39,48400.0,100.0,8629000.0
880,2021-10-01 14:15:39,48400.0,200.0,8628900.0
881,2021-10-01 14:15:39,48400.0,100.0,8628700.0
882,2021-10-01 14:15:39,48400.0,1400.0,8628600.0
883,2021-10-01 14:15:39,48400.0,100.0,8627200.0
884,2021-10-01 14:15:39,48400.0,500.0,8627100.0
885,2021-10-01 14:15:39,48400.0,100.0,8626600.0
886,2021-10-01 14:15:39,48400.0,500.0,8626500.0
887,2021-10-01 14:15:39,48400.0,100.0,8626000.0
888,2021-10-01 14:15:39,48400.0,100.0,8625900.0
889,2021-10-01 14:15:39,48400.0,300.0,8625800.0
890,2021-10-01 14:15:39,48400.0,100.0,8625500.0
891,2021-10-01 14:15:39,48400.0,1000.0,8625400.0
892,2021-10-01 14:15:39,48400.0,100.0,8624400.0
893,2021-10-01 14:15:39,48400.0,2000.0,8624300.0
894,2021-10-01 14:15:39,48400.0,100.0,8622300.0
895,2021-10-01 14:15:39,48400.0,100.0,8622200.0
896,2021-10-01 14:15:39,48400.0,200.0,8622100.0
897,2021-10-01 14:15:39,48400.0,500.0,8621900.0
898,2021-10-01 14:15:39,48400.0,100.0,8621400.0
899,2021-10-01 14:15:39,48400.0,100.0,8621300.0
900,2021-10-01 14:15:39,48400.0,100.0,8621200.0
901,2021-10-01 14:15:39,48400.0,100.0,8621100.0
902,2021-10-01 14:15:39,48400.0,200.0,8621000.0
903,2021-10-01 14:15:39,48400.0,200.0,8620800.0
904,2021-10-01 14:15:39,48400.0,200.0,8620600.0
905,2021-10-01 14:15:39,48400.0,200.0,8620400.0
906,2021-10-01 14:15:39,48400.0,300.0,8620200.0
907,2021-10-01 14:15:39,48400.0,100.0,8619900.0
908,2021-10-01 14:15:39,48400.0,500.0,8619800.0
909,2021-10-01 14:15:39,48400.0,100.0,8619300.0
910,2021-10-01 14:15:39,48400.0,100.0,8619200.0
911,2021-10-01 14:15:39,48400.0,200.0,8619100.0
912,2021-10-01 14:15:39,48400.0,5000.0,8618900.0
913,2021-10-01 14:15:39,48400.0,300.0,8613900.0
914,2021-10-01 14:15:39,48400.0,1800.0,8613600.0
915,2021-10-01 14:15:39,48400.0,100.0,8611800.0
916,2021-10-01 14:15:39,48400.0,100.0,8611700.0
917,2021-10-01 14:15:39,48400.0,100.0,8611600.0
918,2021-10-01 14:15:39,48400.0,100.0,8611500.0
919,2021-10-01 14:15:39,48400.0,1000.0,8611400.0
920,2021-10-01 14:15:39,48400.0,1100.0,8610400.0
921,2021-10-01 14:15:37,48400.0,600.0,8609300.0
922,2021-10-01 14:15:37,48450.0,100.0,8608700.0
923,2021-10-01 14:15:36,48400.0,13300.0,8608600.0
924,2021-10-01 14:15:36,48400.0,200.0,8595300.0
925,2021-10-01 14:15:36,48400.0,100.0,8595100.0
926,2021-10-01 14:15:36,48400.0,200.0,8595000.0
927,2021-10-01 14:15:36,48400.0,200.0,8594800.0
928,2021-10-01 14:15:36,48400.0,100.0,8594600.0
929,2021-10-01 14:15:36,48400.0,300.0,8594500.0
930,2021-10-01 14:15:36,48400.0,200.0,8594200.0
931,2021-10-01 14:15:36,48400.0,2000.0,8594000.0
932,2021-10-01 14:15:36,48400.0,500.0,8592000.0
933,2021-10-01 14:15:36,48400.0,200.0,8591500.0
934,2021-10-01 14:15:36,48400.0,200.0,8591300.0
935,2021-10-01 14:15:36,48400.0,100.0,8591100.0
936,2021-10-01 14:15:36,48400.0,100.0,8591000.0
937,2021-10-01 14:15:36,48400.0,300.0,8590900.0
938,2021-10-01 14:15:36,48400.0,1000.0,8590600.0
939,2021-10-01 14:15:36,48400.0,100.0,8589600.0
940,2021-10-01 14:15:36,48400.0,1000.0,8589500.0
941,2021-10-01 14:15:36,48400.0,5000.0,8588500.0
942,2021-10-01 14:15:36,48400.0,500.0,8583500.0
943,2021-10-01 14:15:36,48400.0,100.0,8583000.0
944,2021-10-01 14:15:36,48400.0,9300.0,8582900.0
945,2021-10-01 14:15:35,48400.0,100.0,8573600.0
946,2021-10-01 14:15:32,48450.0,300.0,8573500.0
947,2021-10-01 14:15:32,48450.0,200.0,8573200.0
948,2021-10-01 14:15:29,48400.0,200.0,8573000.0
949,2021-10-01 14:15:28,48400.0,700.0,8572800.0
950,2021-10-01 14:15:28,48400.0,400.0,8572100.0
951,2021-10-01 14:15:25,48400.0,200.0,8571700.0
952,2021-10-01 14:15:21,48400.0,2700.0,8571500.0
953,2021-10-01 14:15:20,48450.0,500.0,8568800.0
954,2021-10-01 14:15:11,48450.0,1300.0,8568300.0
955,2021-10-01 14:15:11,48450.0,1000.0,8567000.0
956,2021-10-01 14:15:11,48450.0,1500.0,8566000.0
957,2021-10-01 14:15:11,48450.0,1000.0,8564500.0
958,2021-10-01 14:15:11,48450.0,200.0,8563500.0
959,2021-10-01 14:15:05,48400.0,800.0,8563300.0
960,2021-10-01 14:14:57,48450.0,1000.0,8562500.0
961,2021-10-01 14:14:53,48400.0,900.0,8561500.0
962,2021-10-01 14:14:48,48450.0,100.0,8560600.0
963,2021-10-01 14:14:44,48400.0,400.0,8560500.0
964,2021-10-01 14:14:43,48450.0,100.0,8560100.0
965,2021-10-01 14:14:38,48400.0,700.0,8560000.0
966,2021-10-01 14:14:36,48450.0,900.0,8559300.0
967,2021-10-01 14:14:33,48450.0,100.0,8558400.0
968,2021-10-01 14:14:30,48400.0,3600.0,8558300.0
969,2021-10-01 14:14:30,48400.0,300.0,8554700.0
970,2021-10-01 14:14:30,48400.0,200.0,8554400.0
971,2021-10-01 14:14:30,48400.0,5000.0,8554200.0
972,2021-10-01 14:14:30,48400.0,100.0,8549200.0
973,2021-10-01 14:14:30,48400.0,100.0,8549100.0
974,2021-10-01 14:14:30,48400.0,300.0,8549000.0
975,2021-10-01 14:14:30,48400.0,200.0,8548700.0
976,2021-10-01 14:14:30,48400.0,200.0,8548500.0
977,2021-10-01 14:14:28,48400.0,100.0,8548300.0
978,2021-10-01 14:14:28,48400.0,1000.0,8548200.0
979,2021-10-01 14:14:26,48450.0,1000.0,8547200.0
980,2021-10-01 14:14:26,48450.0,100.0,8546200.0
981,2021-10-01 14:14:26,48450.0,200.0,8546100.0
982,2021-10-01 14:14:26,48450.0,1300.0,8545900.0
983,2021-10-01 14:14:23,48450.0,18700.0,8544600.0
984,2021-10-01 14:14:23,48450.0,200.0,8525900.0
985,2021-10-01 14:14:23,48450.0,100.0,8525700.0
986,2021-10-01 14:14:23,48450.0,200.0,8525600.0
987,2021-10-01 14:14:23,48450.0,500.0,8525400.0
988,2021-10-01 14:14:23,48450.0,1000.0,8524900.0
989,2021-10-01 14:14:23,48450.0,100.0,8523900.0
990,2021-10-01 14:14:23,48450.0,1000.0,8523800.0
991,2021-10-01 14:14:23,48450.0,200.0,8522800.0
992,2021-10-01 14:14:23,48450.0,800.0,8522600.0
993,2021-10-01 14:14:23,48450.0,1100.0,8521800.0
994,2021-10-01 14:14:19,48450.0,100.0,8520700.0
995,2021-10-01 14:14:16,48450.0,800.0,8520600.0
996,2021-10-01 14:14:16,48450.0,100.0,8519800.0
997,2021-10-01 14:14:12,48450.0,800.0,8519700.0
998,2021-10-01 14:14:04,48450.0,100.0,8518900.0
999,2021-10-01 14:14:04,48450.0,200.0,8518800.0
1000,2021-10-01 14:14:04,48450.0,200.0,8518600.0
1001,2021-10-01 14:14:04,48450.0,1000.0,8518400.0
1002,2021-10-01 14:14:04,48450.0,100.0,8517400.0
1003,2021-10-01 14:14:04,48450.0,500.0,8517300.0
1004,2021-10-01 14:14:04,48450.0,100.0,8516800.0
1005,2021-10-01 14:14:04,48450.0,100.0,8516700.0
1006,2021-10-01 14:14:04,48450.0,500.0,8516600.0
1007,2021-10-01 14:14:04,48450.0,10000.0,8516100.0
1008,2021-10-01 14:14:04,48450.0,100.0,8506100.0
1009,2021-10-01 14:14:04,48450.0,2000.0,8506000.0
1010,2021-10-01 14:14:04,48450.0,100.0,8504000.0
1011,2021-10-01 14:14:04,48450.0,100.0,8503900.0
1012,2021-10-01 14:14:04,48450.0,200.0,8503800.0
1013,2021-10-01 14:14:04,48450.0,100.0,8503600.0
1014,2021-10-01 14:14:04,48450.0,100.0,8503500.0
1015,2021-10-01 14:14:04,48450.0,1000.0,8503400.0
1016,2021-10-01 14:14:04,48450.0,100.0,8502400.0
1017,2021-10-01 14:14:04,48450.0,500.0,8502300.0
1018,2021-10-01 14:14:04,48450.0,100.0,8501800.0
1019,2021-10-01 14:14:04,48450.0,100.0,8501700.0
1020,2021-10-01 14:14:04,48450.0,1000.0,8501600.0
1021,2021-10-01 14:14:04,48450.0,100.0,8500600.0
1022,2021-10-01 14:14:04,48450.0,200.0,8500500.0
1023,2021-10-01 14:14:04,48450.0,200.0,8500300.0
1024,2021-10-01 14:14:04,48450.0,100.0,8500100.0
1025,2021-10-01 14:14:04,48450.0,1000.0,8500000.0
1026,2021-10-01 14:14:04,48450.0,100.0,8499000.0
1027,2021-10-01 14:14:04,48450.0,100.0,8498900.0
1028,2021-10-01 14:14:04,48450.0,200.0,8498800.0
1029,2021-10-01 14:14:04,48450.0,100.0,8498600.0
1030,2021-10-01 14:14:04,48450.0,1000.0,8498500.0
1031,2021-10-01 14:14:04,48450.0,300.0,8497500.0
1032,2021-10-01 14:14:04,48450.0,100.0,8497200.0
1033,2021-10-01 14:14:04,48450.0,500.0,8497100.0
1034,2021-10-01 14:14:04,48450.0,100.0,8496600.0
1035,2021-10-01 14:14:04,48450.0,1000.0,8496500.0
1036,2021-10-01 14:14:04,48450.0,1000.0,8495500.0
1037,2021-10-01 14:14:04,48450.0,50000.0,8494500.0
1038,2021-10-01 14:14:04,48450.0,100.0,8444500.0
1039,2021-10-01 14:14:04,48450.0,100.0,8444400.0
1040,2021-10-01 14:14:04,48450.0,500.0,8444300.0
1041,2021-10-01 14:14:04,48450.0,100.0,8443800.0
1042,2021-10-01 14:14:04,48450.0,100.0,8443700.0
1043,2021-10-01 14:14:04,48450.0,1000.0,8443600.0
1044,2021-10-01 14:14:04,48450.0,2000.0,8442600.0
1045,2021-10-01 14:14:04,48450.0,100.0,8440600.0
1046,2021-10-01 14:14:04,48450.0,200.0,8440500.0
1047,2021-10-01 14:14:04,48450.0,100.0,8440300.0
1048,2021-10-01 14:14:04,48450.0,100.0,8440200.0
1049,2021-10-01 14:14:04,48450.0,100.0,8440100.0
1050,2021-10-01 14:14:04,48450.0,500.0,8440000.0
1051,2021-10-01 14:14:04,48450.0,10000.0,8439500.0
1052,2021-10-01 14:14:04,48450.0,10600.0,8429500.0
1053,2021-10-01 14:14:04,48450.0,100.0,8418900.0
1054,2021-10-01 14:13:59,48450.0,900.0,8418800.0
1055,2021-10-01 14:13:57,48450.0,100.0,8417900.0
1056,2021-10-01 14:13:47,48450.0,5000.0,8417800.0
1057,2021-10-01 14:13:44,48450.0,1000.0,8412800.0
1058,2021-10-01 14:13:36,48450.0,13300.0,8411800.0
1059,2021-10-01 14:13:36,48450.0,1000.0,8398500.0
1060,2021-10-01 14:13:36,48450.0,1000.0,8397500.0
1061,2021-10-01 14:13:36,48450.0,500.0,8396500.0
1062,2021-10-01 14:13:36,48450.0,100.0,8396000.0
1063,2021-10-01 14:13:36,48450.0,100.0,8395900.0
1064,2021-10-01 14:13:36,48450.0,100.0,8395800.0
1065,2021-10-01 14:13:36,48450.0,2000.0,8395700.0
1066,2021-10-01 14:13:36,48450.0,200.0,8393700.0
1067,2021-10-01 14:13:36,48450.0,200.0,8393500.0
1068,2021-10-01 14:13:36,48450.0,500.0,8393300.0
1069,2021-10-01 14:13:36,48450.0,200.0,8392800.0
1070,2021-10-01 14:13:36,48450.0,800.0,8392600.0
1071,2021-10-01 14:13:35,48500.0,300.0,8391800.0
1072,2021-10-01 14:13:28,48450.0,200.0,8391500.0
1073,2021-10-01 14:13:28,48450.0,300.0,8391300.0
1074,2021-10-01 14:13:28,48450.0,300.0,8391000.0
1075,2021-10-01 14:13:25,48500.0,2000.0,8390700.0
1076,2021-10-01 14:13:16,48450.0,200.0,8388700.0
1077,2021-10-01 14:13:16,48450.0,500.0,8388500.0
1078,2021-10-01 14:13:16,48450.0,100.0,8388000.0
1079,2021-10-01 14:13:03,48500.0,100.0,8387900.0
1080,2021-10-01 14:13:03,48450.0,800.0,8387800.0
1081,2021-10-01 14:12:51,48450.0,1000.0,8387000.0
1082,2021-10-01 14:12:50,48500.0,1000.0,8386000.0
1083,2021-10-01 14:12:49,48500.0,200.0,8385000.0
1084,2021-10-01 14:12:35,48450.0,1100.0,8384800.0
1085,2021-10-01 14:12:23,48500.0,500.0,8383700.0
1086,2021-10-01 14:12:18,48450.0,500.0,8383200.0
1087,2021-10-01 14:12:18,48450.0,400.0,8382700.0
1088,2021-10-01 14:12:11,48500.0,100.0,8382300.0
1089,2021-10-01 14:12:04,48450.0,600.0,8382200.0
1090,2021-10-01 14:12:04,48450.0,200.0,8381600.0
1091,2021-10-01 14:12:03,48500.0,100.0,8381400.0
1092,2021-10-01 14:12:02,48450.0,900.0,8381300.0
1093,2021-10-01 14:12:02,48450.0,1000.0,8380400.0
1094,2021-10-01 14:12:02,48450.0,200.0,8379400.0
1095,2021-10-01 14:12:02,48450.0,100.0,8379200.0
1096,2021-10-01 14:12:02,48450.0,1000.0,8379100.0
1097,2021-10-01 14:12:02,48450.0,800.0,8378100.0
1098,2021-10-01 14:12:02,48450.0,2000.0,8377300.0
1099,2021-10-01 14:12:02,48450.0,1500.0,8375300.0
1100,2021-10-01 14:12:02,48450.0,400.0,8373800.0
1101,2021-10-01 14:12:02,48450.0,100.0,8373400.0
1102,2021-10-01 14:12:02,48450.0,100.0,8373300.0
1103,2021-10-01 14:12:02,48450.0,100.0,8373200.0
1104,2021-10-01 14:12:02,48450.0,2000.0,8373100.0
1105,2021-10-01 14:12:02,48450.0,500.0,8371100.0
1106,2021-10-01 14:12:02,48450.0,100.0,8370600.0
1107,2021-10-01 14:12:02,48450.0,100.0,8370500.0
1108,2021-10-01 14:12:02,48450.0,200.0,8370400.0
1109,2021-10-01 14:12:02,48450.0,100.0,8370200.0
1110,2021-10-01 14:12:02,48450.0,100.0,8370100.0
1111,2021-10-01 14:12:02,48450.0,100.0,8370000.0
1112,2021-10-01 14:12:02,48450.0,100.0,8369900.0
1113,2021-10-01 14:12:02,48450.0,200.0,8369800.0
1114,2021-10-01 14:12:02,48450.0,200.0,8369600.0
1115,2021-10-01 14:12:02,48450.0,100.0,8369400.0
1116,2021-10-01 14:12:02,48450.0,1000.0,8369300.0
1117,2021-10-01 14:12:02,48450.0,2000.0,8368300.0
1118,2021-10-01 14:12:02,48450.0,300.0,8366300.0
1119,2021-10-01 14:12:02,48450.0,1000.0,8366000.0
1120,2021-10-01 14:12:02,48450.0,100.0,8365000.0
1121,2021-10-01 14:12:02,48450.0,100.0,8364900.0
1122,2021-10-01 14:12:02,48450.0,100.0,8364800.0
1123,2021-10-01 14:12:02,48450.0,300.0,8364700.0
1124,2021-10-01 14:12:02,48450.0,500.0,8364400.0
1125,2021-10-01 14:12:02,48450.0,1000.0,8363900.0
1126,2021-10-01 14:12:02,48450.0,500.0,8362900.0
1127,2021-10-01 14:12:02,48450.0,200.0,8362400.0
1128,2021-10-01 14:12:02,48450.0,1000.0,8362200.0
1129,2021-10-01 14:12:02,48450.0,100.0,8361200.0
1130,2021-10-01 14:12:02,48450.0,200.0,8361100.0
1131,2021-10-01 14:12:02,48450.0,100.0,8360900.0
1132,2021-10-01 14:12:02,48450.0,400.0,8360800.0
1133,2021-10-01 14:12:02,48450.0,100.0,8360400.0
1134,2021-10-01 14:12:02,48450.0,100.0,8360300.0
1135,2021-10-01 14:12:02,48450.0,500.0,8360200.0
1136,2021-10-01 14:12:02,48450.0,200.0,8359700.0
1137,2021-10-01 14:12:02,48450.0,100.0,8359500.0
1138,2021-10-01 14:12:02,48450.0,100.0,8359400.0
1139,2021-10-01 14:12:02,48450.0,100.0,8359300.0
1140,2021-10-01 14:12:02,48450.0,300.0,8359200.0
1141,2021-10-01 14:12:02,48450.0,100.0,8358900.0
1142,2021-10-01 14:12:02,48450.0,500.0,8358800.0
1143,2021-10-01 14:12:02,48450.0,100.0,8358300.0
1144,2021-10-01 14:12:02,48450.0,200.0,8358200.0
1145,2021-10-01 14:12:02,48450.0,200.0,8358000.0
1146,2021-10-01 14:12:02,48450.0,100.0,8357800.0
1147,2021-10-01 14:12:02,48450.0,100.0,8357700.0
1148,2021-10-01 14:12:02,48450.0,300.0,8357600.0
1149,2021-10-01 14:12:02,48450.0,100.0,8357300.0
1150,2021-10-01 14:12:02,48450.0,1000.0,8357200.0
1151,2021-10-01 14:12:02,48450.0,200.0,8356200.0
1152,2021-10-01 14:12:02,48450.0,1000.0,8356000.0
1153,2021-10-01 14:12:02,48450.0,100.0,8355000.0
1154,2021-10-01 14:12:02,48450.0,500.0,8354900.0
1155,2021-10-01 14:12:02,48450.0,1800.0,8354400.0
1156,2021-10-01 14:12:02,48450.0,100.0,8352600.0
1157,2021-10-01 14:12:02,48450.0,500.0,8352500.0
1158,2021-10-01 14:12:02,48450.0,400.0,8352000.0
1159,2021-10-01 14:12:02,48450.0,300.0,8351600.0
1160,2021-10-01 14:11:53,48500.0,200.0,8351300.0
1161,2021-10-01 14:11:51,48450.0,300.0,8351100.0
1162,2021-10-01 14:11:51,48450.0,100.0,8350800.0
1163,2021-10-01 14:11:51,48450.0,500.0,8350700.0
1164,2021-10-01 14:11:51,48450.0,100.0,8350200.0
1165,2021-10-01 14:11:51,48500.0,100.0,8350100.0
1166,2021-10-01 14:11:51,48500.0,200.0,8350000.0
1167,2021-10-01 14:11:51,48500.0,100.0,8349800.0
1168,2021-10-01 14:11:51,48500.0,500.0,8349700.0
1169,2021-10-01 14:11:51,48500.0,1000.0,8349200.0
1170,2021-10-01 14:11:51,48500.0,200.0,8348200.0
1171,2021-10-01 14:11:51,48500.0,200.0,8348000.0
1172,2021-10-01 14:11:51,48500.0,1000.0,8347800.0
1173,2021-10-01 14:11:51,48500.0,1000.0,8346800.0
1174,2021-10-01 14:11:51,48500.0,100.0,8345800.0
1175,2021-10-01 14:11:51,48500.0,200.0,8345700.0
1176,2021-10-01 14:11:51,48500.0,200.0,8345500.0
1177,2021-10-01 14:11:51,48500.0,200.0,8345300.0
1178,2021-10-01 14:11:49,48500.0,100.0,8345100.0
1179,2021-10-01 14:11:49,48500.0,100.0,8345000.0
1180,2021-10-01 14:11:49,48500.0,1000.0,8344900.0
1181,2021-10-01 14:11:49,48500.0,500.0,8343900.0
1182,2021-10-01 14:11:49,48500.0,500.0,8343400.0
1183,2021-10-01 14:11:49,48500.0,500.0,8342900.0
1184,2021-10-01 14:11:49,48500.0,500.0,8342400.0
1185,2021-10-01 14:11:49,48500.0,500.0,8341900.0
1186,2021-10-01 14:11:49,48500.0,700.0,8341400.0
1187,2021-10-01 14:11:49,48500.0,400.0,8340700.0
1188,2021-10-01 14:11:49,48500.0,200.0,8340300.0
1189,2021-10-01 14:11:49,48500.0,500.0,8340100.0
1190,2021-10-01 14:11:49,48500.0,1000.0,8339600.0
1191,2021-10-01 14:11:49,48500.0,100.0,8338600.0
1192,2021-10-01 14:11:49,48500.0,500.0,8338500.0
1193,2021-10-01 14:11:49,48500.0,1000.0,8338000.0
1194,2021-10-01 14:11:49,48500.0,100.0,8337000.0
1195,2021-10-01 14:11:49,48500.0,100.0,8336900.0
1196,2021-10-01 14:11:49,48500.0,100.0,8336800.0
1197,2021-10-01 14:11:49,48500.0,3000.0,8336700.0
1198,2021-10-01 14:11:49,48500.0,100.0,8333700.0
1199,2021-10-01 14:11:49,48500.0,2000.0,8333600.0
1200,2021-10-01 14:11:49,48500.0,100.0,8331600.0
1201,2021-10-01 14:11:49,48500.0,100.0,8331500.0
1202,2021-10-01 14:11:49,48500.0,100.0,8331400.0
1203,2021-10-01 14:11:49,48500.0,500.0,8331300.0
1204,2021-10-01 14:11:49,48500.0,500.0,8330800.0
1205,2021-10-01 14:11:49,48500.0,100.0,8330300.0
1206,2021-10-01 14:11:49,48500.0,500.0,8330200.0
1207,2021-10-01 14:11:49,48500.0,100.0,8329700.0
1208,2021-10-01 14:11:49,48500.0,100.0,8329600.0
1209,2021-10-01 14:11:49,48500.0,100.0,8329500.0
1210,2021-10-01 14:11:49,48500.0,100.0,8329400.0
1211,2021-10-01 14:11:49,48500.0,100.0,8329300.0
1212,2021-10-01 14:11:49,48500.0,100.0,8329200.0
1213,2021-10-01 14:11:49,48500.0,500.0,8329100.0
1214,2021-10-01 14:11:49,48500.0,100.0,8328600.0
1215,2021-10-01 14:11:49,48500.0,1000.0,8328500.0
1216,2021-10-01 14:11:49,48500.0,300.0,8327500.0
1217,2021-10-01 14:11:49,48500.0,100.0,8327200.0
1218,2021-10-01 14:11:49,48500.0,200.0,8327100.0
1219,2021-10-01 14:11:49,48500.0,1000.0,8326900.0
1220,2021-10-01 14:11:49,48500.0,100.0,8325900.0
1221,2021-10-01 14:11:49,48500.0,700.0,8325800.0
1222,2021-10-01 14:11:47,48550.0,100.0,8325100.0
1223,2021-10-01 14:11:45,48500.0,300.0,8325000.0
1224,2021-10-01 14:11:35,48500.0,100.0,8324700.0
1225,2021-10-01 14:11:35,48500.0,100.0,8324600.0
1226,2021-10-01 14:11:35,48500.0,600.0,8324500.0
1227,2021-10-01 14:11:35,48500.0,100.0,8323900.0
1228,2021-10-01 14:11:35,48500.0,100.0,8323800.0
1229,2021-10-01 14:11:35,48500.0,100.0,8323700.0
1230,2021-10-01 14:11:35,48500.0,200.0,8323600.0
1231,2021-10-01 14:11:31,48500.0,100.0,8323400.0
1232,2021-10-01 14:11:25,48500.0,500.0,8323300.0
1233,2021-10-01 14:11:23,48550.0,300.0,8322800.0
1234,2021-10-01 14:11:22,48500.0,800.0,8322500.0
1235,2021-10-01 14:11:19,48500.0,200.0,8321700.0
1236,2021-10-01 14:11:17,48500.0,100.0,8321500.0
1237,2021-10-01 14:11:10,48500.0,300.0,8321400.0
1238,2021-10-01 14:11:10,48500.0,300.0,8321100.0
1239,2021-10-01 14:11:10,48500.0,100.0,8320800.0
1240,2021-10-01 14:11:10,48500.0,200.0,8320700.0
1241,2021-10-01 14:11:09,48550.0,100.0,8320500.0
1242,2021-10-01 14:10:57,48500.0,800.0,8320400.0
1243,2021-10-01 14:10:55,48500.0,1000.0,8319600.0
1244,2021-10-01 14:10:55,48500.0,100.0,8318600.0
1245,2021-10-01 14:10:55,48500.0,100.0,8318500.0
1246,2021-10-01 14:10:55,48500.0,100.0,8318400.0
1247,2021-10-01 14:10:55,48500.0,400.0,8318300.0
1248,2021-10-01 14:10:44,48500.0,200.0,8317900.0
1249,2021-10-01 14:10:44,48500.0,100.0,8317700.0
1250,2021-10-01 14:10:44,48500.0,500.0,8317600.0
1251,2021-10-01 14:10:40,48550.0,100.0,8317100.0
1252,2021-10-01 14:10:31,48550.0,1100.0,8317000.0
1253,2021-10-01 14:10:31,48550.0,200.0,8315900.0
1254,2021-10-01 14:10:31,48550.0,200.0,8315700.0
1255,2021-10-01 14:10:31,48550.0,100.0,8315500.0
1256,2021-10-01 14:10:31,48550.0,400.0,8315400.0
1257,2021-10-01 14:10:31,48500.0,500.0,8315000.0
1258,2021-10-01 14:10:31,48500.0,200.0,8314500.0
1259,2021-10-01 14:10:31,48500.0,300.0,8314300.0
1260,2021-10-01 14:10:28,48500.0,100.0,8314000.0
1261,2021-10-01 14:10:28,48500.0,100.0,8313900.0
1262,2021-10-01 14:10:28,48500.0,100.0,8313800.0
1263,2021-10-01 14:10:24,48500.0,100.0,8313700.0
1264,2021-10-01 14:10:24,48500.0,500.0,8313600.0
1265,2021-10-01 14:10:24,48500.0,400.0,8313100.0
1266,2021-10-01 14:10:20,48500.0,600.0,8312700.0
1267,2021-10-01 14:10:20,48500.0,200.0,8312100.0
1268,2021-10-01 14:10:20,48500.0,100.0,8311900.0
1269,2021-10-01 14:10:20,48500.0,1000.0,8311800.0
1270,2021-10-01 14:10:20,48500.0,100.0,8310800.0
1271,2021-10-01 14:10:16,48500.0,700.0,8310700.0
1272,2021-10-01 14:10:15,48550.0,200.0,8310000.0
1273,2021-10-01 14:10:10,48500.0,200.0,8309800.0
1274,2021-10-01 14:10:10,48500.0,100.0,8309600.0
1275,2021-10-01 14:10:10,48500.0,500.0,8309500.0
1276,2021-10-01 14:10:10,48500.0,100.0,8309000.0
1277,2021-10-01 14:10:10,48500.0,200.0,8308900.0
1278,2021-10-01 14:10:10,48500.0,8900.0,8308700.0
1279,2021-10-01 14:09:56,48500.0,1100.0,8299800.0
1280,2021-10-01 14:09:56,48500.0,500.0,8298700.0
1281,2021-10-01 14:09:56,48500.0,400.0,8298200.0
1282,2021-10-01 14:09:53,48500.0,1600.0,8297800.0
1283,2021-10-01 14:09:53,48500.0,11400.0,8296200.0
1284,2021-10-01 14:09:49,48500.0,800.0,8284800.0
1285,2021-10-01 14:09:49,48550.0,400.0,8284000.0
1286,2021-10-01 14:09:49,48550.0,100.0,8283600.0
1287,2021-10-01 14:09:49,48550.0,1000.0,8283500.0
1288,2021-10-01 14:09:49,48550.0,200.0,8282500.0
1289,2021-10-01 14:09:44,48550.0,800.0,8282300.0
1290,2021-10-01 14:09:44,48550.0,200.0,8281500.0
1291,2021-10-01 14:09:36,48500.0,800.0,8281300.0
1292,2021-10-01 14:09:35,48550.0,400.0,8280500.0
1293,2021-10-01 14:09:27,48550.0,1000.0,8280100.0
1294,2021-10-01 14:09:26,48500.0,200.0,8279100.0
1295,2021-10-01 14:09:25,48550.0,100.0,8278900.0
1296,2021-10-01 14:09:24,48500.0,600.0,8278800.0
1297,2021-10-01 14:09:23,48500.0,1000.0,8278200.0
1298,2021-10-01 14:09:21,48500.0,200.0,8277200.0
1299,2021-10-01 14:09:21,48550.0,100.0,8277000.0
1300,2021-10-01 14:09:21,48550.0,100.0,8276900.0
1301,2021-10-01 14:09:20,48500.0,1000.0,8276800.0
1302,2021-10-01 14:09:15,48500.0,100.0,8275800.0
1303,2021-10-01 14:09:12,48550.0,200.0,8275700.0
1304,2021-10-01 14:09:09,48500.0,900.0,8275500.0
1305,2021-10-01 14:09:07,48550.0,100.0,8274600.0
1306,2021-10-01 14:09:02,48500.0,3000.0,8274500.0
1307,2021-10-01 14:09:02,48500.0,1000.0,8271500.0
1308,2021-10-01 14:09:02,48500.0,500.0,8270500.0
1309,2021-10-01 14:09:02,48500.0,7000.0,8270000.0
1310,2021-10-01 14:09:02,48500.0,200.0,8263000.0
1311,2021-10-01 14:09:02,48500.0,100.0,8262800.0
1312,2021-10-01 14:09:02,48500.0,1000.0,8262700.0
1313,2021-10-01 14:09:02,48500.0,100.0,8261700.0
1314,2021-10-01 14:09:02,48500.0,100.0,8261600.0
1315,2021-10-01 14:09:02,48500.0,10000.0,8261500.0
1316,2021-10-01 14:09:02,48500.0,100.0,8251500.0
1317,2021-10-01 14:09:02,48500.0,100.0,8251400.0
1318,2021-10-01 14:09:02,48500.0,100.0,8251300.0
1319,2021-10-01 14:09:02,48500.0,1500.0,8251200.0
1320,2021-10-01 14:09:02,48500.0,10000.0,8249700.0
1321,2021-10-01 14:09:02,48500.0,100.0,8239700.0
1322,2021-10-01 14:09:02,48500.0,1000.0,8239600.0
1323,2021-10-01 14:09:02,48500.0,100.0,8238600.0
1324,2021-10-01 14:09:02,48500.0,100.0,8238500.0
1325,2021-10-01 14:09:02,48500.0,500.0,8238400.0
1326,2021-10-01 14:09:02,48500.0,100.0,8237900.0
1327,2021-10-01 14:09:02,48500.0,500.0,8237800.0
1328,2021-10-01 14:09:02,48500.0,100.0,8237300.0
1329,2021-10-01 14:09:02,48500.0,1000.0,8237200.0
1330,2021-10-01 14:09:02,48500.0,100.0,8236200.0
1331,2021-10-01 14:09:02,48500.0,5000.0,8236100.0
1332,2021-10-01 14:09:02,48500.0,200.0,8231100.0
1333,2021-10-01 14:09:02,48500.0,2000.0,8230900.0
1334,2021-10-01 14:09:02,48500.0,100.0,8228900.0
1335,2021-10-01 14:09:02,48500.0,100.0,8228800.0
1336,2021-10-01 14:09:02,48500.0,300.0,8228700.0
1337,2021-10-01 14:09:02,48500.0,1000.0,8228400.0
1338,2021-10-01 14:09:02,48500.0,100.0,8227400.0
1339,2021-10-01 14:09:02,48500.0,1100.0,8227300.0
1340,2021-10-01 14:09:02,48500.0,400.0,8226200.0
1341,2021-10-01 14:09:02,48500.0,1300.0,8225800.0
1342,2021-10-01 14:08:53,48500.0,1000.0,8224500.0
1343,2021-10-01 14:08:53,48500.0,1000.0,8223500.0
1344,2021-10-01 14:08:46,48500.0,400.0,8222500.0
1345,2021-10-01 14:08:38,48500.0,700.0,8222100.0
1346,2021-10-01 14:08:37,48500.0,100.0,8221400.0
1347,2021-10-01 14:08:33,48550.0,300.0,8221300.0
1348,2021-10-01 14:08:33,48550.0,100.0,8221000.0
1349,2021-10-01 14:08:31,48550.0,500.0,8220900.0
1350,2021-10-01 14:08:26,48500.0,800.0,8220400.0
1351,2021-10-01 14:08:21,48550.0,500.0,8219600.0
1352,2021-10-01 14:08:17,48550.0,100.0,8219100.0
1353,2021-10-01 14:08:17,48550.0,1000.0,8219000.0
1354,2021-10-01 14:08:15,48550.0,200.0,8218000.0
1355,2021-10-01 14:08:13,48500.0,700.0,8217800.0
1356,2021-10-01 14:08:13,48550.0,600.0,8217100.0
1357,2021-10-01 14:08:09,48550.0,100.0,8216500.0
1358,2021-10-01 14:08:09,48550.0,500.0,8216400.0
1359,2021-10-01 14:08:09,48550.0,600.0,8215900.0
1360,2021-10-01 14:08:09,48550.0,600.0,8215300.0
1361,2021-10-01 14:08:09,48550.0,100.0,8214700.0
1362,2021-10-01 14:08:09,48550.0,500.0,8214600.0
1363,2021-10-01 14:08:09,48550.0,2100.0,8214100.0
1364,2021-10-01 14:08:03,48550.0,1000.0,8212000.0
1365,2021-10-01 14:08:03,48550.0,4700.0,8211000.0
1366,2021-10-01 14:07:52,48550.0,2200.0,8206300.0
1367,2021-10-01 14:07:52,48550.0,2000.0,8204100.0
1368,2021-10-01 14:07:52,48550.0,100.0,8202100.0
1369,2021-10-01 14:07:52,48550.0,400.0,8202000.0
1370,2021-10-01 14:07:52,48550.0,500.0,8201600.0
1371,2021-10-01 14:07:52,48550.0,1000.0,8201100.0
1372,2021-10-01 14:07:52,48550.0,3800.0,8200100.0
1373,2021-10-01 14:07:49,48550.0,200.0,8196300.0
1374,2021-10-01 14:07:49,48550.0,800.0,8196100.0
1375,2021-10-01 14:07:47,48550.0,800.0,8195300.0
1376,2021-10-01 14:07:36,48550.0,800.0,8194500.0
1377,2021-10-01 14:07:34,48550.0,500.0,8193700.0
1378,2021-10-01 14:07:30,48550.0,2000.0,8193200.0
1379,2021-10-01 14:07:23,48550.0,600.0,8191200.0
1380,2021-10-01 14:07:20,48550.0,100.0,8190600.0
1381,2021-10-01 14:07:12,48550.0,800.0,8190500.0
1382,2021-10-01 14:07:06,48550.0,6600.0,8189700.0
1383,2021-10-01 14:07:06,48550.0,1400.0,8183100.0
1384,2021-10-01 14:07:01,48550.0,1000.0,8181700.0
1385,2021-10-01 14:07:01,48550.0,400.0,8180700.0
1386,2021-10-01 14:07:01,48550.0,200.0,8180300.0
1387,2021-10-01 14:07:01,48550.0,100.0,8180100.0
1388,2021-10-01 14:07:01,48550.0,100.0,8180000.0
1389,2021-10-01 14:07:00,48550.0,100.0,8179900.0
1390,2021-10-01 14:06:48,48550.0,100.0,8179800.0
1391,2021-10-01 14:06:48,48550.0,500.0,8179700.0
1392,2021-10-01 14:06:48,48550.0,200.0,8179200.0
1393,2021-10-01 14:06:44,48550.0,100.0,8179000.0
1394,2021-10-01 14:06:42,48550.0,1800.0,8178900.0
1395,2021-10-01 14:06:42,48550.0,100.0,8177100.0
1396,2021-10-01 14:06:42,48550.0,300.0,8177000.0
1397,2021-10-01 14:06:36,48550.0,200.0,8176700.0
1398,2021-10-01 14:06:36,48550.0,100.0,8176500.0
1399,2021-10-01 14:06:36,48550.0,400.0,8176400.0
1400,2021-10-01 14:06:24,48550.0,100.0,8176000.0
1401,2021-10-01 14:06:24,48550.0,900.0,8175900.0
1402,2021-10-01 14:06:23,48550.0,100.0,8175000.0
1403,2021-10-01 14:06:23,48550.0,100.0,8174900.0
1404,2021-10-01 14:06:23,48550.0,100.0,8174800.0
1405,2021-10-01 14:06:23,48550.0,200.0,8174700.0
1406,2021-10-01 14:06:23,48550.0,500.0,8174500.0
1407,2021-10-01 14:06:23,48550.0,1000.0,8174000.0
1408,2021-10-01 14:06:22,48550.0,500.0,8173000.0
1409,2021-10-01 14:06:15,48600.0,1000.0,8172500.0
1410,2021-10-01 14:06:15,48550.0,1000.0,8171500.0
1411,2021-10-01 14:06:10,48600.0,200.0,8170500.0
1412,2021-10-01 14:06:09,48550.0,700.0,8170300.0
1413,2021-10-01 14:06:08,48550.0,800.0,8169600.0
1414,2021-10-01 14:06:08,48550.0,500.0,8168800.0
1415,2021-10-01 14:06:08,48550.0,300.0,8168300.0
1416,2021-10-01 14:06:08,48550.0,200.0,8168000.0
1417,2021-10-01 14:06:01,48600.0,500.0,8167800.0
1418,2021-10-01 14:05:58,48550.0,100.0,8167300.0
1419,2021-10-01 14:05:57,48550.0,100.0,8167200.0
1420,2021-10-01 14:05:57,48550.0,100.0,8167100.0
1421,2021-10-01 14:05:57,48550.0,400.0,8167000.0
1422,2021-10-01 14:05:57,48550.0,100.0,8166600.0
1423,2021-10-01 14:05:57,48550.0,200.0,8166500.0
1424,2021-10-01 14:05:53,48550.0,400.0,8166300.0
1425,2021-10-01 14:05:45,48550.0,400.0,8165900.0
1426,2021-10-01 14:05:45,48550.0,100.0,8165500.0
1427,2021-10-01 14:05:45,48550.0,100.0,8165400.0
1428,2021-10-01 14:05:44,48550.0,100.0,8165300.0
1429,2021-10-01 14:05:34,48550.0,300.0,8165200.0
1430,2021-10-01 14:05:34,48550.0,200.0,8164900.0
1431,2021-10-01 14:05:34,48550.0,300.0,8164700.0
1432,2021-10-01 14:05:34,48550.0,400.0,8164400.0
1433,2021-10-01 14:05:33,48600.0,200.0,8164000.0
1434,2021-10-01 14:05:28,48550.0,100.0,8163800.0
1435,2021-10-01 14:05:24,48550.0,300.0,8163700.0
1436,2021-10-01 14:05:19,48550.0,100.0,8163400.0
1437,2021-10-01 14:05:19,48550.0,100.0,8163300.0
1438,2021-10-01 14:05:19,48550.0,100.0,8163200.0
1439,2021-10-01 14:05:16,48550.0,200.0,8163100.0
1440,2021-10-01 14:05:16,48550.0,100.0,8162900.0
1441,2021-10-01 14:05:16,48550.0,200.0,8162800.0
1442,2021-10-01 14:05:16,48550.0,200.0,8162600.0
1443,2021-10-01 14:05:16,48550.0,100.0,8162400.0
1444,2021-10-01 14:05:04,48550.0,900.0,8162300.0
1445,2021-10-01 14:05:04,48550.0,100.0,8161400.0
1446,2021-10-01 14:05:04,48550.0,300.0,8161300.0
1447,2021-10-01 14:05:04,48550.0,600.0,8161000.0
1448,2021-10-01 14:05:03,48550.0,300.0,8160400.0
1449,2021-10-01 14:05:00,48550.0,1000.0,8160100.0
1450,2021-10-01 14:04:55,48550.0,100.0,8159100.0
1451,2021-10-01 14:04:45,48550.0,200.0,8159000.0
1452,2021-10-01 14:04:34,48550.0,300.0,8158800.0
1453,2021-10-01 14:04:34,48550.0,500.0,8158500.0
1454,2021-10-01 14:04:29,48550.0,300.0,8158000.0
1455,2021-10-01 14:04:21,48550.0,800.0,8157700.0
1456,2021-10-01 14:04:16,48550.0,500.0,8156900.0
1457,2021-10-01 14:04:12,48550.0,2100.0,8156400.0
1458,2021-10-01 14:04:12,48550.0,100.0,8154300.0
1459,2021-10-01 14:04:12,48550.0,800.0,8154200.0
1460,2021-10-01 14:04:11,48550.0,100.0,8153400.0
1461,2021-10-01 14:04:09,48550.0,100.0,8153300.0
1462,2021-10-01 14:04:09,48550.0,100.0,8153200.0
1463,2021-10-01 14:04:09,48550.0,500.0,8153100.0
1464,2021-10-01 14:04:04,48550.0,300.0,8152600.0
1465,2021-10-01 14:03:57,48550.0,200.0,8152300.0
1466,2021-10-01 14:03:57,48550.0,300.0,8152100.0
1467,2021-10-01 14:03:57,48550.0,200.0,8151800.0
1468,2021-10-01 14:03:57,48550.0,200.0,8151600.0
1469,2021-10-01 14:03:53,48550.0,100.0,8151400.0
1470,2021-10-01 14:03:53,48550.0,100.0,8151300.0
1471,2021-10-01 14:03:43,48550.0,700.0,8151200.0
1472,2021-10-01 14:03:32,48600.0,2000.0,8150500.0
1473,2021-10-01 14:03:31,48550.0,200.0,8148500.0
1474,2021-10-01 14:03:31,48550.0,600.0,8148300.0
1475,2021-10-01 14:03:19,48550.0,800.0,8147700.0
1476,2021-10-01 14:03:07,48550.0,900.0,8146900.0
1477,2021-10-01 14:03:06,48600.0,200.0,8146000.0
1478,2021-10-01 14:03:04,48600.0,100.0,8145800.0
1479,2021-10-01 14:02:57,48600.0,100.0,8145700.0
1480,2021-10-01 14:02:53,48550.0,700.0,8145600.0
1481,2021-10-01 14:02:43,48600.0,500.0,8144900.0
1482,2021-10-01 14:02:42,48550.0,100.0,8144400.0
1483,2021-10-01 14:02:42,48550.0,100.0,8144300.0
1484,2021-10-01 14:02:42,48550.0,100.0,8144200.0
1485,2021-10-01 14:02:42,48550.0,400.0,8144100.0
1486,2021-10-01 14:02:31,48550.0,1000.0,8143700.0
1487,2021-10-01 14:02:27,48550.0,200.0,8142700.0
1488,2021-10-01 14:02:16,48550.0,700.0,8142500.0
1489,2021-10-01 14:02:04,48550.0,800.0,8141800.0
1490,2021-10-01 14:01:58,48550.0,200.0,8141000.0
1491,2021-10-01 14:01:54,48550.0,2000.0,8140800.0
1492,2021-10-01 14:01:52,48550.0,700.0,8138800.0
1493,2021-10-01 14:01:51,48550.0,3000.0,8138100.0
1494,2021-10-01 14:01:51,48550.0,100.0,8135100.0
1495,2021-10-01 14:01:41,48550.0,900.0,8135000.0
1496,2021-10-01 14:01:27,48550.0,700.0,8134100.0
1497,2021-10-01 14:01:22,48550.0,500.0,8133400.0
1498,2021-10-01 14:01:15,48550.0,800.0,8132900.0
1499,2021-10-01 14:01:03,48500.0,900.0,8132100.0
1500,2021-10-01 14:00:56,48500.0,4000.0,8131200.0
1501,2021-10-01 14:00:54,48600.0,100.0,8127200.0
1502,2021-10-01 14:00:53,48600.0,1000.0,8127100.0
1503,2021-10-01 14:00:47,48500.0,1000.0,8126100.0
1504,2021-10-01 14:00:36,48500.0,100.0,8125100.0
1505,2021-10-01 14:00:34,48500.0,200.0,8125000.0
1506,2021-10-01 14:00:34,48500.0,1000.0,8124800.0
1507,2021-10-01 14:00:34,48500.0,400.0,8123800.0
1508,2021-10-01 14:00:34,48500.0,800.0,8123400.0
1509,2021-10-01 14:00:34,48500.0,100.0,8122600.0
1510,2021-10-01 14:00:34,48500.0,5500.0,8122500.0
1511,2021-10-01 14:00:33,48450.0,300.0,8117000.0
1512,2021-10-01 14:00:33,48450.0,700.0,8116700.0
1513,2021-10-01 14:00:27,48500.0,100.0,8116000.0
1514,2021-10-01 14:00:26,48500.0,100.0,8115900.0
1515,2021-10-01 14:00:24,48500.0,100.0,8115800.0
1516,2021-10-01 14:00:23,48500.0,100.0,8115700.0
1517,2021-10-01 14:00:18,48450.0,900.0,8115600.0
1518,2021-10-01 14:00:17,48500.0,100.0,8114700.0
1519,2021-10-01 14:00:15,48500.0,100.0,8114600.0
1520,2021-10-01 14:00:14,48500.0,100.0,8114500.0
1521,2021-10-01 14:00:12,48500.0,200.0,8114400.0
1522,2021-10-01 14:00:09,48500.0,800.0,8114200.0
1523,2021-10-01 14:00:06,48500.0,300.0,8113400.0
1524,2021-10-01 14:00:04,48500.0,300.0,8113100.0
1525,2021-10-01 14:00:03,48450.0,800.0,8112800.0
1526,2021-10-01 13:59:59,48500.0,100.0,8112000.0
1527,2021-10-01 13:59:59,48500.0,500.0,8111900.0
1528,2021-10-01 13:59:59,48500.0,5000.0,8111400.0
1529,2021-10-01 13:59:59,48500.0,100.0,8106400.0
1530,2021-10-01 13:59:59,48500.0,2000.0,8106300.0
1531,2021-10-01 13:59:59,48500.0,500.0,8104300.0
1532,2021-10-01 13:59:51,48500.0,800.0,8103800.0
1533,2021-10-01 13:59:43,48500.0,1100.0,8103000.0
1534,2021-10-01 13:59:39,48500.0,800.0,8101900.0
1535,2021-10-01 13:59:30,48600.0,1500.0,8101100.0
1536,2021-10-01 13:59:27,48600.0,200.0,8099600.0
1537,2021-10-01 13:59:22,48600.0,2100.0,8099400.0
1538,2021-10-01 13:59:22,48600.0,1000.0,8097300.0
1539,2021-10-01 13:59:22,48600.0,100.0,8096300.0
1540,2021-10-01 13:59:22,48600.0,300.0,8096200.0
1541,2021-10-01 13:59:22,48600.0,200.0,8095900.0
1542,2021-10-01 13:59:22,48600.0,500.0,8095700.0
1543,2021-10-01 13:59:22,48500.0,800.0,8095200.0
1544,2021-10-01 13:59:15,48450.0,3000.0,8094400.0
1545,2021-10-01 13:59:13,48450.0,700.0,8091400.0
1546,2021-10-01 13:59:10,48500.0,200.0,8090700.0
1547,2021-10-01 13:59:05,48500.0,100.0,8090500.0
1548,2021-10-01 13:59:02,48500.0,500.0,8090400.0
1549,2021-10-01 13:59:00,48500.0,100.0,8089900.0
1550,2021-10-01 13:58:57,48500.0,100.0,8089800.0
1551,2021-10-01 13:58:53,48500.0,100.0,8089700.0
1552,2021-10-01 13:58:53,48500.0,900.0,8089600.0
1553,2021-10-01 13:58:49,48500.0,800.0,8088700.0
1554,2021-10-01 13:58:46,48500.0,200.0,8087900.0
1555,2021-10-01 13:58:46,48500.0,1500.0,8087700.0
1556,2021-10-01 13:58:46,48500.0,2000.0,8086200.0
1557,2021-10-01 13:58:46,48500.0,2000.0,8084200.0
1558,2021-10-01 13:58:46,48500.0,600.0,8082200.0
1559,2021-10-01 13:58:46,48500.0,12000.0,8081600.0
1560,2021-10-01 13:58:38,48450.0,800.0,8069600.0
1561,2021-10-01 13:58:27,48450.0,200.0,8068800.0
1562,2021-10-01 13:58:23,48450.0,1000.0,8068600.0
1563,2021-10-01 13:58:17,48450.0,100.0,8067600.0
1564,2021-10-01 13:58:09,48450.0,700.0,8067500.0
1565,2021-10-01 13:57:57,48450.0,900.0,8066800.0
1566,2021-10-01 13:57:56,48500.0,500.0,8065900.0
1567,2021-10-01 13:57:43,48450.0,200.0,8065400.0
1568,2021-10-01 13:57:43,48450.0,600.0,8065200.0
1569,2021-10-01 13:57:31,48450.0,100.0,8064600.0
1570,2021-10-01 13:57:31,48450.0,300.0,8064500.0
1571,2021-10-01 13:57:31,48450.0,100.0,8064200.0
1572,2021-10-01 13:57:31,48450.0,100.0,8064100.0
1573,2021-10-01 13:57:31,48450.0,300.0,8064000.0
1574,2021-10-01 13:57:17,48450.0,700.0,8063700.0
1575,2021-10-01 13:57:17,48450.0,100.0,8063000.0
1576,2021-10-01 13:57:05,48450.0,400.0,8062900.0
1577,2021-10-01 13:57:05,48450.0,200.0,8062500.0
1578,2021-10-01 13:57:05,48450.0,300.0,8062300.0
1579,2021-10-01 13:57:02,48450.0,200.0,8062000.0
1580,2021-10-01 13:57:02,48450.0,100.0,8061800.0
1581,2021-10-01 13:57:02,48450.0,1000.0,8061700.0
1582,2021-10-01 13:57:02,48450.0,200.0,8060700.0
1583,2021-10-01 13:56:50,48500.0,100.0,8060500.0
1584,2021-10-01 13:56:50,48450.0,100.0,8060400.0
1585,2021-10-01 13:56:50,48450.0,700.0,8060300.0
1586,2021-10-01 13:56:49,48500.0,100.0,8059600.0
1587,2021-10-01 13:56:48,48500.0,300.0,8059500.0
1588,2021-10-01 13:56:48,48500.0,3000.0,8059200.0
1589,2021-10-01 13:56:48,48500.0,100.0,8056200.0
1590,2021-10-01 13:56:48,48500.0,3500.0,8056100.0
1591,2021-10-01 13:56:48,48500.0,500.0,8052600.0
1592,2021-10-01 13:56:48,48500.0,500.0,8052100.0
1593,2021-10-01 13:56:48,48500.0,100.0,8051600.0
1594,2021-10-01 13:56:48,48500.0,500.0,8051500.0
1595,2021-10-01 13:56:48,48500.0,200.0,8051000.0
1596,2021-10-01 13:56:48,48500.0,5000.0,8050800.0
1597,2021-10-01 13:56:48,48500.0,200.0,8045800.0
1598,2021-10-01 13:56:48,48500.0,200.0,8045600.0
1599,2021-10-01 13:56:48,48500.0,6000.0,8045400.0
1600,2021-10-01 13:56:48,48500.0,100.0,8039400.0
1601,2021-10-01 13:56:48,48500.0,100.0,8039300.0
1602,2021-10-01 13:56:48,48500.0,300.0,8039200.0
1603,2021-10-01 13:56:48,48500.0,1000.0,8038900.0
1604,2021-10-01 13:56:48,48500.0,2000.0,8037900.0
1605,2021-10-01 13:56:48,48500.0,900.0,8035900.0
1606,2021-10-01 13:56:48,48500.0,100.0,8035000.0
1607,2021-10-01 13:56:48,48500.0,3000.0,8034900.0
1608,2021-10-01 13:56:48,48500.0,100.0,8031900.0
1609,2021-10-01 13:56:48,48500.0,8400.0,8031800.0
1610,2021-10-01 13:56:48,48500.0,300.0,8023400.0
1611,2021-10-01 13:56:48,48500.0,500.0,8023100.0
1612,2021-10-01 13:56:48,48500.0,100.0,8022600.0
1613,2021-10-01 13:56:48,48500.0,100.0,8022500.0
1614,2021-10-01 13:56:48,48500.0,1000.0,8022400.0
1615,2021-10-01 13:56:48,48500.0,500.0,8021400.0
1616,2021-10-01 13:56:48,48500.0,1000.0,8020900.0
1617,2021-10-01 13:56:48,48500.0,200.0,8019900.0
1618,2021-10-01 13:56:48,48500.0,100.0,8019700.0
1619,2021-10-01 13:56:48,48500.0,100.0,8019600.0
1620,2021-10-01 13:56:48,48500.0,100.0,8019500.0
1621,2021-10-01 13:56:48,48500.0,1000.0,8019400.0
1622,2021-10-01 13:56:48,48500.0,100.0,8018400.0
1623,2021-10-01 13:56:48,48500.0,100.0,8018300.0
1624,2021-10-01 13:56:48,48500.0,500.0,8018200.0
1625,2021-10-01 13:56:48,48500.0,100.0,8017700.0
1626,2021-10-01 13:56:48,48500.0,100.0,8017600.0
1627,2021-10-01 13:56:48,48500.0,2000.0,8017500.0
1628,2021-10-01 13:56:48,48500.0,400.0,8015500.0
1629,2021-10-01 13:56:48,48500.0,500.0,8015100.0
1630,2021-10-01 13:56:48,48500.0,100.0,8014600.0
1631,2021-10-01 13:56:48,48500.0,1000.0,8014500.0
1632,2021-10-01 13:56:48,48500.0,400.0,8013500.0
1633,2021-10-01 13:56:48,48500.0,20000.0,8013100.0
1634,2021-10-01 13:56:48,48500.0,100.0,7993100.0
1635,2021-10-01 13:56:48,48500.0,100.0,7993000.0
1636,2021-10-01 13:56:48,48500.0,1800.0,7992900.0
1637,2021-10-01 13:56:48,48550.0,5000.0,7991100.0
1638,2021-10-01 13:56:48,48550.0,10000.0,7986100.0
1639,2021-10-01 13:56:48,48550.0,100.0,7976100.0
1640,2021-10-01 13:56:48,48550.0,2000.0,7976000.0
1641,2021-10-01 13:56:48,48550.0,400.0,7974000.0
1642,2021-10-01 13:56:48,48550.0,1300.0,7973600.0
1643,2021-10-01 13:56:48,48550.0,100.0,7972300.0
1644,2021-10-01 13:56:43,48550.0,100.0,7972200.0
1645,2021-10-01 13:56:43,48550.0,900.0,7972100.0
1646,2021-10-01 13:56:37,48550.0,700.0,7971200.0
1647,2021-10-01 13:56:26,48550.0,1000.0,7970500.0
1648,2021-10-01 13:56:21,48550.0,300.0,7969500.0
1649,2021-10-01 13:56:10,48550.0,1000.0,7969200.0
1650,2021-10-01 13:56:04,48550.0,100.0,7968200.0
1651,2021-10-01 13:56:03,48550.0,2000.0,7968100.0
1652,2021-10-01 13:56:03,48550.0,100.0,7966100.0
1653,2021-10-01 13:56:03,48550.0,100.0,7966000.0
1654,2021-10-01 13:56:03,48550.0,600.0,7965900.0
1655,2021-10-01 13:56:03,48550.0,100.0,7965300.0
1656,2021-10-01 13:56:03,48550.0,300.0,7965200.0
1657,2021-10-01 13:56:02,48550.0,100.0,7964900.0
1658,2021-10-01 13:56:00,48550.0,100.0,7964800.0
1659,2021-10-01 13:55:58,48550.0,100.0,7964700.0
1660,2021-10-01 13:55:57,48550.0,100.0,7964600.0
1661,2021-10-01 13:55:55,48550.0,700.0,7964500.0
1662,2021-10-01 13:55:55,48550.0,300.0,7963800.0
1663,2021-10-01 13:55:54,48550.0,100.0,7963500.0
1664,2021-10-01 13:55:52,48550.0,100.0,7963400.0
1665,2021-10-01 13:55:49,48550.0,100.0,7963300.0
1666,2021-10-01 13:55:47,48550.0,100.0,7963200.0
1667,2021-10-01 13:55:44,48550.0,100.0,7963100.0
1668,2021-10-01 13:55:41,48550.0,100.0,7963000.0
1669,2021-10-01 13:55:39,48550.0,800.0,7962900.0
1670,2021-10-01 13:55:38,48550.0,100.0,7962100.0
1671,2021-10-01 13:55:36,48550.0,100.0,7962000.0
1672,2021-10-01 13:55:35,48550.0,100.0,7961900.0
1673,2021-10-01 13:55:33,48550.0,100.0,7961800.0
1674,2021-10-01 13:55:31,48550.0,100.0,7961700.0
1675,2021-10-01 13:55:31,48550.0,100.0,7961600.0
1676,2021-10-01 13:55:28,48550.0,100.0,7961500.0
1677,2021-10-01 13:55:27,48550.0,800.0,7961400.0
1678,2021-10-01 13:55:25,48550.0,100.0,7960600.0
1679,2021-10-01 13:55:21,48550.0,100.0,7960500.0
1680,2021-10-01 13:55:14,48550.0,800.0,7960400.0
1681,2021-10-01 13:55:02,48550.0,800.0,7959600.0
1682,2021-10-01 13:54:57,48600.0,300.0,7958800.0
1683,2021-10-01 13:54:57,48600.0,200.0,7958500.0
1684,2021-10-01 13:54:51,48550.0,2000.0,7958300.0
1685,2021-10-01 13:54:50,48550.0,800.0,7956300.0
1686,2021-10-01 13:54:36,48550.0,800.0,7955500.0
1687,2021-10-01 13:54:18,48600.0,500.0,7954700.0
1688,2021-10-01 13:54:15,48600.0,300.0,7954200.0
1689,2021-10-01 13:54:10,48650.0,700.0,7953900.0
1690,2021-10-01 13:54:10,48600.0,300.0,7953200.0
1691,2021-10-01 13:53:57,48550.0,900.0,7952900.0
1692,2021-10-01 13:53:54,48550.0,500.0,7952000.0
1693,2021-10-01 13:53:48,48600.0,200.0,7951500.0
1694,2021-10-01 13:53:48,48600.0,100.0,7951300.0
1695,2021-10-01 13:53:48,48600.0,300.0,7951200.0
1696,2021-10-01 13:53:48,48600.0,200.0,7950900.0
1697,2021-10-01 13:53:48,48600.0,300.0,7950700.0
1698,2021-10-01 13:53:48,48600.0,400.0,7950400.0
1699,2021-10-01 13:53:48,48600.0,300.0,7950000.0
1700,2021-10-01 13:53:48,48600.0,1000.0,7949700.0
1701,2021-10-01 13:53:48,48600.0,100.0,7948700.0
1702,2021-10-01 13:53:48,48550.0,7100.0,7948600.0
1703,2021-10-01 13:53:46,48550.0,100.0,7941500.0
1704,2021-10-01 13:53:46,48550.0,2800.0,7941400.0
1705,2021-10-01 13:53:45,48600.0,700.0,7938600.0
1706,2021-10-01 13:53:45,48600.0,300.0,7937900.0
1707,2021-10-01 13:53:44,48550.0,700.0,7937600.0
1708,2021-10-01 13:53:40,48600.0,500.0,7936900.0
1709,2021-10-01 13:53:37,48550.0,700.0,7936400.0
1710,2021-10-01 13:53:37,48550.0,300.0,7935700.0
1711,2021-10-01 13:53:32,48550.0,900.0,7935400.0
1712,2021-10-01 13:53:32,48600.0,100.0,7934500.0
1713,2021-10-01 13:53:30,48550.0,200.0,7934400.0
1714,2021-10-01 13:53:29,48550.0,400.0,7934200.0
1715,2021-10-01 13:53:28,48550.0,700.0,7933800.0
1716,2021-10-01 13:53:28,48600.0,100.0,7933100.0
1717,2021-10-01 13:53:28,48600.0,200.0,7933000.0
1718,2021-10-01 13:53:22,48550.0,1000.0,7932800.0
1719,2021-10-01 13:53:21,48600.0,800.0,7931800.0
1720,2021-10-01 13:53:21,48600.0,200.0,7931000.0
1721,2021-10-01 13:53:18,48550.0,700.0,7930800.0
1722,2021-10-01 13:53:07,48550.0,800.0,7930100.0
1723,2021-10-01 13:52:51,48500.0,3200.0,7929300.0
1724,2021-10-01 13:52:51,48500.0,3400.0,7926100.0
1725,2021-10-01 13:52:51,48550.0,1000.0,7922700.0
1726,2021-10-01 13:52:48,48550.0,1000.0,7921700.0
1727,2021-10-01 13:52:48,48550.0,1000.0,7920700.0
1728,2021-10-01 13:52:48,48550.0,3000.0,7919700.0
1729,2021-10-01 13:52:48,48550.0,14000.0,7916700.0
1730,2021-10-01 13:52:43,48500.0,700.0,7902700.0
1731,2021-10-01 13:52:43,48550.0,600.0,7902000.0
1732,2021-10-01 13:52:37,48500.0,500.0,7901400.0
1733,2021-10-01 13:52:37,48550.0,1000.0,7900900.0
1734,2021-10-01 13:52:34,48500.0,3400.0,7899900.0
1735,2021-10-01 13:52:34,48500.0,100.0,7896500.0
1736,2021-10-01 13:52:34,48500.0,2500.0,7896400.0
1737,2021-10-01 13:52:33,48500.0,800.0,7893900.0
1738,2021-10-01 13:52:32,48550.0,100.0,7893100.0
1739,2021-10-01 13:52:20,48500.0,900.0,7893000.0
1740,2021-10-01 13:52:16,48550.0,4300.0,7892100.0
1741,2021-10-01 13:52:16,48550.0,2000.0,7887800.0
1742,2021-10-01 13:52:16,48550.0,3700.0,7885800.0
1743,2021-10-01 13:52:14,48500.0,500.0,7882100.0
1744,2021-10-01 13:52:14,48550.0,500.0,7881600.0
1745,2021-10-01 13:52:07,48500.0,300.0,7881100.0
1746,2021-10-01 13:52:07,48500.0,200.0,7880800.0
1747,2021-10-01 13:52:07,48500.0,300.0,7880600.0
1748,2021-10-01 13:52:07,48500.0,1200.0,7880300.0
1749,2021-10-01 13:52:05,48500.0,900.0,7879100.0
1750,2021-10-01 13:51:58,48550.0,200.0,7878200.0
1751,2021-10-01 13:51:51,48500.0,800.0,7878000.0
1752,2021-10-01 13:51:43,48550.0,100.0,7877200.0
1753,2021-10-01 13:51:43,48550.0,100.0,7877100.0
1754,2021-10-01 13:51:40,48500.0,900.0,7877000.0
1755,2021-10-01 13:51:30,48550.0,100.0,7876100.0
1756,2021-10-01 13:51:25,48500.0,900.0,7876000.0
1757,2021-10-01 13:51:22,48500.0,300.0,7875100.0
1758,2021-10-01 13:51:22,48500.0,3300.0,7874800.0
1759,2021-10-01 13:51:22,48500.0,400.0,7871500.0
1760,2021-10-01 13:51:22,48500.0,100.0,7871100.0
1761,2021-10-01 13:51:22,48500.0,200.0,7871000.0
1762,2021-10-01 13:51:22,48500.0,700.0,7870800.0
1763,2021-10-01 13:51:11,48500.0,900.0,7870100.0
1764,2021-10-01 13:51:08,48500.0,2000.0,7869200.0
1765,2021-10-01 13:51:06,48500.0,1000.0,7867200.0
1766,2021-10-01 13:51:05,48550.0,100.0,7866200.0
1767,2021-10-01 13:50:48,48500.0,500.0,7866100.0
1768,2021-10-01 13:50:44,48500.0,100.0,7865600.0
1769,2021-10-01 13:50:41,48500.0,300.0,7865500.0
1770,2021-10-01 13:50:41,48500.0,600.0,7865200.0
1771,2021-10-01 13:50:40,48500.0,700.0,7864600.0
1772,2021-10-01 13:50:40,48500.0,900.0,7863900.0
1773,2021-10-01 13:50:40,48500.0,200.0,7863000.0
1774,2021-10-01 13:50:40,48500.0,100.0,7862800.0
1775,2021-10-01 13:50:40,48500.0,500.0,7862700.0
1776,2021-10-01 13:50:40,48500.0,25000.0,7862200.0
1777,2021-10-01 13:50:40,48500.0,100.0,7837200.0
1778,2021-10-01 13:50:40,48500.0,1000.0,7837100.0
1779,2021-10-01 13:50:40,48500.0,300.0,7836100.0
1780,2021-10-01 13:50:40,48500.0,200.0,7835800.0
1781,2021-10-01 13:50:40,48500.0,100.0,7835600.0
1782,2021-10-01 13:50:40,48500.0,2000.0,7835500.0
1783,2021-10-01 13:50:40,48500.0,100.0,7833500.0
1784,2021-10-01 13:50:40,48500.0,100.0,7833400.0
1785,2021-10-01 13:50:40,48500.0,400.0,7833300.0
1786,2021-10-01 13:50:40,48500.0,2200.0,7832900.0
1787,2021-10-01 13:50:35,48500.0,1000.0,7830700.0
1788,2021-10-01 13:50:32,48500.0,100.0,7829700.0
1789,2021-10-01 13:50:32,48500.0,200.0,7829600.0
1790,2021-10-01 13:50:32,48500.0,100.0,7829400.0
1791,2021-10-01 13:50:32,48500.0,100.0,7829300.0
1792,2021-10-01 13:50:32,48500.0,100.0,7829200.0
1793,2021-10-01 13:50:31,48450.0,800.0,7829100.0
1794,2021-10-01 13:50:28,48500.0,200.0,7828300.0
1795,2021-10-01 13:50:20,48500.0,100.0,7828100.0
1796,2021-10-01 13:50:19,48500.0,100.0,7828000.0
1797,2021-10-01 13:50:19,48500.0,100.0,7827900.0
1798,2021-10-01 13:50:16,48500.0,100.0,7827800.0
1799,2021-10-01 13:50:15,48500.0,100.0,7827700.0
1800,2021-10-01 13:50:15,48500.0,100.0,7827600.0
1801,2021-10-01 13:50:15,48500.0,700.0,7827500.0
1802,2021-10-01 13:50:15,48500.0,100.0,7826800.0
1803,2021-10-01 13:50:13,48500.0,100.0,7826700.0
1804,2021-10-01 13:50:08,48450.0,900.0,7826600.0
1805,2021-10-01 13:49:54,48450.0,100.0,7825700.0
1806,2021-10-01 13:49:54,48450.0,800.0,7825600.0
1807,2021-10-01 13:49:44,48450.0,200.0,7824800.0
1808,2021-10-01 13:49:44,48450.0,200.0,7824600.0
1809,2021-10-01 13:49:44,48450.0,200.0,7824400.0
1810,2021-10-01 13:49:44,48450.0,100.0,7824200.0
1811,2021-10-01 13:49:44,48450.0,500.0,7824100.0
1812,2021-10-01 13:49:44,48450.0,100.0,7823600.0
1813,2021-10-01 13:49:44,48450.0,700.0,7823500.0
1814,2021-10-01 13:49:40,48450.0,900.0,7822800.0
1815,2021-10-01 13:49:40,48450.0,100.0,7821900.0
1816,2021-10-01 13:49:40,48450.0,100.0,7821800.0
1817,2021-10-01 13:49:30,48500.0,300.0,7821700.0
1818,2021-10-01 13:49:26,48500.0,1500.0,7821400.0
1819,2021-10-01 13:49:26,48500.0,100.0,7819900.0
1820,2021-10-01 13:49:26,48500.0,200.0,7819800.0
1821,2021-10-01 13:49:23,48450.0,900.0,7819600.0
1822,2021-10-01 13:49:22,48500.0,100.0,7818700.0
1823,2021-10-01 13:49:22,48500.0,100.0,7818600.0
1824,2021-10-01 13:49:19,48500.0,100.0,7818500.0
1825,2021-10-01 13:49:09,48450.0,600.0,7818400.0
1826,2021-10-01 13:49:03,48500.0,100.0,7817800.0
1827,2021-10-01 13:49:01,48500.0,500.0,7817700.0
1828,2021-10-01 13:49:00,48450.0,400.0,7817200.0
1829,2021-10-01 13:49:00,48450.0,100.0,7816800.0
1830,2021-10-01 13:49:00,48450.0,400.0,7816700.0
1831,2021-10-01 13:48:56,48500.0,1000.0,7816300.0
1832,2021-10-01 13:48:46,48450.0,100.0,7815300.0
1833,2021-10-01 13:48:46,48450.0,200.0,7815200.0
1834,2021-10-01 13:48:46,48450.0,100.0,7815000.0
1835,2021-10-01 13:48:46,48450.0,300.0,7814900.0
1836,2021-10-01 13:48:46,48450.0,100.0,7814600.0
1837,2021-10-01 13:48:40,48450.0,400.0,7814500.0
1838,2021-10-01 13:48:40,48450.0,300.0,7814100.0
1839,2021-10-01 13:48:40,48450.0,300.0,7813800.0
1840,2021-10-01 13:48:32,48450.0,900.0,7813500.0
1841,2021-10-01 13:48:30,48450.0,2100.0,7812600.0
1842,2021-10-01 13:48:30,48450.0,100.0,7810500.0
1843,2021-10-01 13:48:24,48450.0,500.0,7810400.0
1844,2021-10-01 13:48:19,48450.0,800.0,7809900.0
1845,2021-10-01 13:48:16,48450.0,300.0,7809100.0
1846,2021-10-01 13:48:08,48450.0,100.0,7808800.0
1847,2021-10-01 13:48:06,48450.0,900.0,7808700.0
1848,2021-10-01 13:48:03,48500.0,900.0,7807800.0
1849,2021-10-01 13:48:03,48500.0,900.0,7806900.0
1850,2021-10-01 13:47:52,48450.0,900.0,7806000.0
1851,2021-10-01 13:47:46,48450.0,200.0,7805100.0
1852,2021-10-01 13:47:43,48450.0,2100.0,7804900.0
1853,2021-10-01 13:47:40,48500.0,100.0,7802800.0
1854,2021-10-01 13:47:38,48450.0,900.0,7802700.0
1855,2021-10-01 13:47:23,48450.0,700.0,7801800.0
1856,2021-10-01 13:47:20,48500.0,200.0,7801100.0
1857,2021-10-01 13:47:16,48450.0,2000.0,7800900.0
1858,2021-10-01 13:47:02,48450.0,700.0,7798900.0
1859,2021-10-01 13:46:59,48500.0,600.0,7798200.0
1860,2021-10-01 13:46:59,48500.0,100.0,7797600.0
1861,2021-10-01 13:46:59,48500.0,200.0,7797500.0
1862,2021-10-01 13:46:59,48500.0,100.0,7797300.0
1863,2021-10-01 13:46:52,48500.0,100.0,7797200.0
1864,2021-10-01 13:46:50,48450.0,1100.0,7797100.0
1865,2021-10-01 13:46:45,48500.0,100.0,7796000.0
1866,2021-10-01 13:46:35,48500.0,100.0,7795900.0
1867,2021-10-01 13:46:33,48500.0,100.0,7795800.0
1868,2021-10-01 13:46:33,48500.0,400.0,7795700.0
1869,2021-10-01 13:46:33,48500.0,100.0,7795300.0
1870,2021-10-01 13:46:33,48450.0,900.0,7795200.0
1871,2021-10-01 13:46:22,48500.0,100.0,7794300.0
1872,2021-10-01 13:46:19,48450.0,900.0,7794200.0
1873,2021-10-01 13:46:17,48450.0,3000.0,7793300.0
1874,2021-10-01 13:46:15,48450.0,500.0,7790300.0
1875,2021-10-01 13:46:12,48500.0,100.0,7789800.0
1876,2021-10-01 13:46:11,48500.0,700.0,7789700.0
1877,2021-10-01 13:46:11,48500.0,200.0,7789000.0
1878,2021-10-01 13:46:04,48450.0,100.0,7788800.0
1879,2021-10-01 13:46:04,48450.0,100.0,7788700.0
1880,2021-10-01 13:46:04,48450.0,100.0,7788600.0
1881,2021-10-01 13:46:04,48450.0,100.0,7788500.0
1882,2021-10-01 13:46:04,48450.0,200.0,7788400.0
1883,2021-10-01 13:46:04,48450.0,200.0,7788200.0
1884,2021-10-01 13:45:53,48450.0,100.0,7788000.0
1885,2021-10-01 13:45:53,48450.0,600.0,7787900.0
1886,2021-10-01 13:45:53,48500.0,500.0,7787300.0
1887,2021-10-01 13:45:42,48450.0,400.0,7786800.0
1888,2021-10-01 13:45:42,48450.0,100.0,7786400.0
1889,2021-10-01 13:45:42,48450.0,200.0,7786300.0
1890,2021-10-01 13:45:40,48500.0,300.0,7786100.0
1891,2021-10-01 13:45:35,48500.0,1000.0,7785800.0
1892,2021-10-01 13:45:34,48450.0,100.0,7784800.0
1893,2021-10-01 13:45:31,48450.0,100.0,7784700.0
1894,2021-10-01 13:45:31,48450.0,200.0,7784600.0
1895,2021-10-01 13:45:31,48450.0,100.0,7784400.0
1896,2021-10-01 13:45:31,48450.0,600.0,7784300.0
1897,2021-10-01 13:45:24,48500.0,100.0,7783700.0
1898,2021-10-01 13:45:20,48500.0,100.0,7783600.0
1899,2021-10-01 13:45:17,48500.0,1000.0,7783500.0
1900,2021-10-01 13:45:15,48500.0,200.0,7782500.0
1901,2021-10-01 13:45:10,48500.0,500.0,7782300.0
1902,2021-10-01 13:45:08,48500.0,1000.0,7781800.0
1903,2021-10-01 13:45:05,48500.0,200.0,7780800.0
1904,2021-10-01 13:45:03,48500.0,1000.0,7780600.0
1905,2021-10-01 13:45:03,48500.0,200.0,7779600.0
1906,2021-10-01 13:45:03,48500.0,700.0,7779400.0
1907,2021-10-01 13:45:02,48500.0,600.0,7778700.0
1908,2021-10-01 13:45:02,48500.0,3000.0,7778100.0
1909,2021-10-01 13:45:02,48500.0,700.0,7775100.0
1910,2021-10-01 13:45:00,48450.0,400.0,7774400.0
1911,2021-10-01 13:45:00,48450.0,300.0,7774000.0
1912,2021-10-01 13:44:52,48500.0,100.0,7773700.0
1913,2021-10-01 13:44:52,48500.0,300.0,7773600.0
1914,2021-10-01 13:44:49,48450.0,100.0,7773300.0
1915,2021-10-01 13:44:49,48450.0,500.0,7773200.0
1916,2021-10-01 13:44:49,48450.0,100.0,7772700.0
1917,2021-10-01 13:44:39,48450.0,200.0,7772600.0
1918,2021-10-01 13:44:39,48450.0,500.0,7772400.0
1919,2021-10-01 13:44:30,48500.0,500.0,7771900.0
1920,2021-10-01 13:44:30,48500.0,200.0,7771400.0
1921,2021-10-01 13:44:15,48500.0,100.0,7771200.0
1922,2021-10-01 13:44:15,48500.0,700.0,7771100.0
1923,2021-10-01 13:44:11,48500.0,300.0,7770400.0
1924,2021-10-01 13:44:11,48500.0,200.0,7770100.0
1925,2021-10-01 13:44:10,48500.0,100.0,7769900.0
1926,2021-10-01 13:44:10,48500.0,400.0,7769800.0
1927,2021-10-01 13:44:02,48500.0,900.0,7769400.0
1928,2021-10-01 13:43:59,48500.0,1000.0,7768500.0
1929,2021-10-01 13:43:59,48500.0,1000.0,7767500.0
1930,2021-10-01 13:43:59,48500.0,1800.0,7766500.0
1931,2021-10-01 13:43:59,48500.0,1000.0,7764700.0
1932,2021-10-01 13:43:59,48500.0,3000.0,7763700.0
1933,2021-10-01 13:43:59,48500.0,100.0,7760700.0
1934,2021-10-01 13:43:59,48500.0,400.0,7760600.0
1935,2021-10-01 13:43:59,48500.0,200.0,7760200.0
1936,2021-10-01 13:43:59,48500.0,500.0,7760000.0
1937,2021-10-01 13:43:59,48500.0,800.0,7759500.0
1938,2021-10-01 13:43:59,48500.0,18900.0,7758700.0
1939,2021-10-01 13:43:59,48450.0,400.0,7739800.0
1940,2021-10-01 13:43:56,48500.0,50000.0,7739400.0
1941,2021-10-01 13:43:48,48450.0,100.0,7689400.0
1942,2021-10-01 13:43:48,48450.0,200.0,7689300.0
1943,2021-10-01 13:43:48,48450.0,100.0,7689100.0
1944,2021-10-01 13:43:48,48450.0,200.0,7689000.0
1945,2021-10-01 13:43:48,48450.0,200.0,7688800.0
1946,2021-10-01 13:43:47,48500.0,500.0,7688600.0
1947,2021-10-01 13:43:42,48500.0,100.0,7688100.0
1948,2021-10-01 13:43:38,48500.0,100.0,7688000.0
1949,2021-10-01 13:43:35,48450.0,1200.0,7687900.0
1950,2021-10-01 13:43:27,48500.0,200.0,7686700.0
1951,2021-10-01 13:43:21,48450.0,3000.0,7686500.0
1952,2021-10-01 13:43:20,48500.0,300.0,7683500.0
1953,2021-10-01 13:43:18,48450.0,800.0,7683200.0
1954,2021-10-01 13:43:18,48450.0,300.0,7682400.0
1955,2021-10-01 13:43:04,48450.0,800.0,7682100.0
1956,2021-10-01 13:43:02,48450.0,500.0,7681300.0
1957,2021-10-01 13:42:52,48450.0,900.0,7680800.0
1958,2021-10-01 13:42:50,48500.0,400.0,7679900.0
1959,2021-10-01 13:42:38,48450.0,700.0,7679500.0
1960,2021-10-01 13:42:38,48500.0,1000.0,7678800.0
1961,2021-10-01 13:42:33,48450.0,5000.0,7677800.0
1962,2021-10-01 13:42:29,48500.0,100.0,7672800.0
1963,2021-10-01 13:42:27,48450.0,1000.0,7672700.0
1964,2021-10-01 13:42:26,48450.0,900.0,7671700.0
1965,2021-10-01 13:42:15,48500.0,300.0,7670800.0
1966,2021-10-01 13:42:13,48450.0,800.0,7670500.0
1967,2021-10-01 13:42:11,48450.0,2000.0,7669700.0
1968,2021-10-01 13:42:05,48450.0,100.0,7667700.0
1969,2021-10-01 13:42:01,48500.0,100.0,7667600.0
1970,2021-10-01 13:42:00,48450.0,900.0,7667500.0
1971,2021-10-01 13:41:49,48500.0,300.0,7666600.0
1972,2021-10-01 13:41:49,48500.0,100.0,7666300.0
1973,2021-10-01 13:41:49,48500.0,100.0,7666200.0
1974,2021-10-01 13:41:49,48500.0,200.0,7666100.0
1975,2021-10-01 13:41:49,48500.0,1000.0,7665900.0
1976,2021-10-01 13:41:49,48500.0,100.0,7664900.0
1977,2021-10-01 13:41:49,48500.0,400.0,7664800.0
1978,2021-10-01 13:41:49,48500.0,100.0,7664400.0
1979,2021-10-01 13:41:49,48500.0,100.0,7664300.0
1980,2021-10-01 13:41:49,48500.0,600.0,7664200.0
1981,2021-10-01 13:41:49,48500.0,100.0,7663600.0
1982,2021-10-01 13:41:49,48500.0,100.0,7663500.0
1983,2021-10-01 13:41:49,48500.0,100.0,7663400.0
1984,2021-10-01 13:41:49,48500.0,100.0,7663300.0
1985,2021-10-01 13:41:49,48500.0,500.0,7663200.0
1986,2021-10-01 13:41:49,48500.0,200.0,7662700.0
1987,2021-10-01 13:41:49,48500.0,100.0,7662500.0
1988,2021-10-01 13:41:49,48500.0,100.0,7662400.0
1989,2021-10-01 13:41:49,48500.0,300.0,7662300.0
1990,2021-10-01 13:41:49,48500.0,100.0,7662000.0
1991,2021-10-01 13:41:49,48500.0,200.0,7661900.0
1992,2021-10-01 13:41:49,48500.0,200.0,7661700.0
1993,2021-10-01 13:41:49,48500.0,300.0,7661500.0
1994,2021-10-01 13:41:49,48500.0,100.0,7661200.0
1995,2021-10-01 13:41:49,48500.0,500.0,7661100.0
1996,2021-10-01 13:41:49,48500.0,100.0,7660600.0
1997,2021-10-01 13:41:49,48500.0,200.0,7660500.0
1998,2021-10-01 13:41:49,48500.0,100.0,7660300.0
1999,2021-10-01 13:41:49,48500.0,200.0,7660200.0
2000,2021-10-01 13:41:49,48500.0,100.0,7660000.0
2001,2021-10-01 13:41:49,48500.0,100.0,7659900.0
2002,2021-10-01 13:41:49,48500.0,2000.0,7659800.0
2003,2021-10-01 13:41:49,48500.0,100.0,7657800.0
2004,2021-10-01 13:41:49,48500.0,100.0,7657700.0
2005,2021-10-01 13:41:49,48500.0,400.0,7657600.0
2006,2021-10-01 13:41:49,48500.0,100.0,7657200.0
2007,2021-10-01 13:41:49,48500.0,500.0,7657100.0
2008,2021-10-01 13:41:49,48500.0,100.0,7656600.0
2009,2021-10-01 13:41:49,48500.0,2000.0,7656500.0
2010,2021-10-01 13:41:49,48500.0,300.0,7654500.0
2011,2021-10-01 13:41:49,48500.0,100.0,7654200.0
2012,2021-10-01 13:41:49,48500.0,100.0,7654100.0
2013,2021-10-01 13:41:49,48500.0,100.0,7654000.0
2014,2021-10-01 13:41:49,48500.0,20000.0,7653900.0
2015,2021-10-01 13:41:49,48500.0,100.0,7633900.0
2016,2021-10-01 13:41:49,48500.0,500.0,7633800.0
2017,2021-10-01 13:41:49,48500.0,200.0,7633300.0
2018,2021-10-01 13:41:49,48500.0,100.0,7633100.0
2019,2021-10-01 13:41:49,48500.0,100.0,7633000.0
2020,2021-10-01 13:41:49,48500.0,200.0,7632900.0
2021,2021-10-01 13:41:49,48500.0,100.0,7632700.0
2022,2021-10-01 13:41:49,48500.0,100.0,7632600.0
2023,2021-10-01 13:41:49,48500.0,100.0,7632500.0
2024,2021-10-01 13:41:49,48500.0,100.0,7632400.0
2025,2021-10-01 13:41:49,48500.0,600.0,7632300.0
2026,2021-10-01 13:41:49,48500.0,100.0,7631700.0
2027,2021-10-01 13:41:49,48500.0,200.0,7631600.0
2028,2021-10-01 13:41:49,48500.0,500.0,7631400.0
2029,2021-10-01 13:41:49,48500.0,200.0,7630900.0
2030,2021-10-01 13:41:49,48500.0,200.0,7630700.0
2031,2021-10-01 13:41:49,48500.0,100.0,7630500.0
2032,2021-10-01 13:41:49,48500.0,200.0,7630400.0
2033,2021-10-01 13:41:49,48500.0,4100.0,7630200.0
2034,2021-10-01 13:41:49,48500.0,100.0,7626100.0
2035,2021-10-01 13:41:49,48500.0,200.0,7626000.0
2036,2021-10-01 13:41:49,48500.0,100.0,7625800.0
2037,2021-10-01 13:41:49,48500.0,200.0,7625700.0
2038,2021-10-01 13:41:49,48500.0,1000.0,7625500.0
2039,2021-10-01 13:41:49,48500.0,100.0,7624500.0
2040,2021-10-01 13:41:49,48500.0,200.0,7624400.0
2041,2021-10-01 13:41:49,48500.0,200.0,7624200.0
2042,2021-10-01 13:41:49,48500.0,2000.0,7624000.0
2043,2021-10-01 13:41:49,48500.0,1000.0,7622000.0
2044,2021-10-01 13:41:49,48500.0,500.0,7621000.0
2045,2021-10-01 13:41:49,48500.0,500.0,7620500.0
2046,2021-10-01 13:41:49,48500.0,700.0,7620000.0
2047,2021-10-01 13:41:49,48500.0,1000.0,7619300.0
2048,2021-10-01 13:41:49,48500.0,100.0,7618300.0
2049,2021-10-01 13:41:49,48500.0,200.0,7618200.0
2050,2021-10-01 13:41:49,48500.0,200.0,7618000.0
2051,2021-10-01 13:41:49,48500.0,500.0,7617800.0
2052,2021-10-01 13:41:49,48500.0,300.0,7617300.0
