,Time,Price,Volume_per_trade,Volume
0,2021-10-06 07:45:01,11650.0,2500.0,1230700.0
1,2021-10-06 07:45:01,11650.0,300.0,1228200.0
2,2021-10-06 07:45:01,11650.0,100.0,1227900.0
3,2021-10-06 07:45:01,11650.0,300.0,1227800.0
4,2021-10-06 07:45:01,11650.0,300.0,1227500.0
5,2021-10-06 07:45:01,11650.0,700.0,1227200.0
6,2021-10-06 07:45:01,11650.0,1000.0,1226500.0
7,2021-10-06 07:45:01,11650.0,300.0,1225500.0
8,2021-10-06 07:45:01,11650.0,2000.0,1225200.0
9,2021-10-06 07:45:01,11650.0,2000.0,1223200.0
10,2021-10-06 07:45:01,11650.0,15700.0,1221200.0
11,2021-10-06 07:45:01,11650.0,400.0,1205500.0
12,2021-10-06 07:45:01,11650.0,3000.0,1205100.0
13,2021-10-06 07:45:01,11650.0,900.0,1202100.0
14,2021-10-06 07:45:01,11650.0,2000.0,1201200.0
15,2021-10-06 07:45:01,11650.0,300.0,1199200.0
16,2021-10-06 07:45:01,11650.0,1000.0,1198900.0
17,2021-10-06 07:45:01,11650.0,1000.0,1197900.0
18,2021-10-06 07:45:01,11650.0,1000.0,1196900.0
19,2021-10-06 07:45:01,11650.0,23800.0,1195900.0
20,2021-10-06 07:45:01,11650.0,5000.0,1172100.0
21,2021-10-06 07:45:01,11650.0,100.0,1167100.0
22,2021-10-06 07:45:01,11650.0,1000.0,1167000.0
23,2021-10-06 07:45:01,11650.0,100.0,1166000.0
24,2021-10-06 07:29:29,11650.0,100.0,1165900.0
25,2021-10-06 07:29:29,11650.0,400.0,1165800.0
26,2021-10-06 07:29:04,11600.0,2000.0,1165400.0
27,2021-10-06 07:28:41,11600.0,1000.0,1163400.0
28,2021-10-06 07:28:37,11600.0,1000.0,1162400.0
29,2021-10-06 07:28:18,11600.0,1600.0,1161400.0
30,2021-10-06 07:28:02,11600.0,1000.0,1159800.0
31,2021-10-06 07:28:00,11600.0,2400.0,1158800.0
32,2021-10-06 07:28:00,11600.0,500.0,1156400.0
33,2021-10-06 07:28:00,11600.0,2000.0,1155900.0
34,2021-10-06 07:28:00,11600.0,100.0,1153900.0
35,2021-10-06 07:28:00,11600.0,500.0,1153800.0
36,2021-10-06 07:27:24,11600.0,1400.0,1153300.0
37,2021-10-06 07:27:24,11600.0,1600.0,1151900.0
38,2021-10-06 07:27:15,11600.0,500.0,1150300.0
39,2021-10-06 07:27:15,11600.0,1000.0,1149800.0
40,2021-10-06 07:27:15,11600.0,200.0,1148800.0
41,2021-10-06 07:27:15,11600.0,700.0,1148600.0
42,2021-10-06 07:26:23,11600.0,500.0,1147900.0
43,2021-10-06 07:26:09,11500.0,100.0,1147400.0
44,2021-10-06 07:26:07,11500.0,200.0,1147300.0
45,2021-10-06 07:26:00,11500.0,1600.0,1147100.0
46,2021-10-06 07:25:57,11500.0,100.0,1145500.0
47,2021-10-06 07:25:54,11500.0,300.0,1145400.0
48,2021-10-06 07:25:27,11500.0,500.0,1145100.0
49,2021-10-06 07:25:14,11500.0,100.0,1144600.0
50,2021-10-06 07:25:01,11500.0,200.0,1144500.0
51,2021-10-06 07:24:54,11500.0,900.0,1144300.0
52,2021-10-06 07:24:15,11500.0,1000.0,1143400.0
53,2021-10-06 07:24:08,11500.0,100.0,1142400.0
54,2021-10-06 07:23:21,11450.0,400.0,1142300.0
55,2021-10-06 07:23:21,11600.0,300.0,1141900.0
56,2021-10-06 07:23:21,11600.0,1000.0,1141600.0
57,2021-10-06 07:23:21,11600.0,2000.0,1140600.0
58,2021-10-06 07:23:21,11600.0,1000.0,1138600.0
59,2021-10-06 07:23:21,11600.0,500.0,1137600.0
60,2021-10-06 07:23:21,11600.0,2000.0,1137100.0
61,2021-10-06 07:23:21,11600.0,500.0,1135100.0
62,2021-10-06 07:22:59,11450.0,500.0,1134600.0
63,2021-10-06 07:22:59,11450.0,600.0,1134100.0
64,2021-10-06 07:22:59,11450.0,1000.0,1133500.0
65,2021-10-06 07:22:59,11450.0,200.0,1132500.0
66,2021-10-06 07:22:59,11450.0,100.0,1132300.0
67,2021-10-06 07:22:59,11450.0,700.0,1132200.0
68,2021-10-06 07:22:59,11500.0,100.0,1131500.0
69,2021-10-06 07:22:59,11500.0,1000.0,1131400.0
70,2021-10-06 07:22:59,11500.0,2000.0,1130400.0
71,2021-10-06 07:22:59,11500.0,200.0,1128400.0
72,2021-10-06 07:22:59,11500.0,100.0,1128200.0
73,2021-10-06 07:22:59,11500.0,900.0,1128100.0
74,2021-10-06 07:22:59,11500.0,600.0,1127200.0
75,2021-10-06 07:18:59,11500.0,1400.0,1126600.0
76,2021-10-06 07:18:57,11500.0,100.0,1125200.0
77,2021-10-06 07:18:57,11500.0,900.0,1125100.0
78,2021-10-06 07:18:42,11500.0,100.0,1124200.0
79,2021-10-06 07:18:42,11500.0,3900.0,1124100.0
80,2021-10-06 07:17:30,11500.0,500.0,1120200.0
81,2021-10-06 07:17:30,11450.0,300.0,1119700.0
82,2021-10-06 07:17:30,11450.0,100.0,1119400.0
83,2021-10-06 07:17:30,11450.0,100.0,1119300.0
84,2021-10-06 07:17:20,11500.0,2000.0,1119200.0
85,2021-10-06 07:17:04,11500.0,200.0,1117200.0
86,2021-10-06 07:14:25,11500.0,700.0,1117000.0
87,2021-10-06 07:12:04,11450.0,4000.0,1116300.0
88,2021-10-06 07:10:47,11450.0,300.0,1112300.0
89,2021-10-06 07:10:47,11450.0,500.0,1112000.0
90,2021-10-06 07:10:47,11450.0,1700.0,1111500.0
91,2021-10-06 07:10:47,11450.0,500.0,1109800.0
92,2021-10-06 07:10:42,11500.0,500.0,1109300.0
93,2021-10-06 07:09:31,11500.0,100.0,1108800.0
94,2021-10-06 07:08:32,11500.0,100.0,1108700.0
95,2021-10-06 07:07:41,11500.0,2000.0,1108600.0
96,2021-10-06 07:06:49,11400.0,100.0,1106600.0
97,2021-10-06 07:04:11,11300.0,600.0,1106500.0
98,2021-10-06 07:04:11,11300.0,500.0,1105900.0
99,2021-10-06 07:04:11,11300.0,200.0,1105400.0
100,2021-10-06 07:04:11,11300.0,500.0,1105200.0
101,2021-10-06 07:04:11,11300.0,10000.0,1104700.0
102,2021-10-06 07:04:11,11300.0,3000.0,1094700.0
103,2021-10-06 07:04:11,11300.0,2000.0,1091700.0
104,2021-10-06 07:04:11,11300.0,500.0,1089700.0
105,2021-10-06 07:04:11,11300.0,100.0,1089200.0
106,2021-10-06 07:04:11,11300.0,1000.0,1089100.0
107,2021-10-06 07:04:11,11300.0,1200.0,1088100.0
108,2021-10-06 07:04:11,11350.0,200.0,1086900.0
109,2021-10-06 07:04:11,11350.0,300.0,1086700.0
110,2021-10-06 07:04:11,11350.0,5000.0,1086400.0
111,2021-10-06 07:04:11,11350.0,100.0,1081400.0
112,2021-10-06 07:04:11,11350.0,500.0,1081300.0
113,2021-10-06 07:04:11,11350.0,500.0,1080800.0
114,2021-10-06 07:04:11,11350.0,100.0,1080300.0
115,2021-10-06 07:04:11,11350.0,100.0,1080200.0
116,2021-10-06 07:04:11,11350.0,200.0,1080100.0
117,2021-10-06 07:04:11,11350.0,15000.0,1079900.0
118,2021-10-06 07:04:11,11350.0,200.0,1064900.0
119,2021-10-06 07:04:11,11350.0,20000.0,1064700.0
120,2021-10-06 07:04:11,11350.0,10000.0,1044700.0
121,2021-10-06 07:04:11,11400.0,20000.0,1034700.0
122,2021-10-06 07:04:11,11400.0,1000.0,1014700.0
123,2021-10-06 07:04:11,11400.0,100.0,1013700.0
124,2021-10-06 07:04:11,11400.0,100.0,1013600.0
125,2021-10-06 07:04:11,11400.0,900.0,1013500.0
126,2021-10-06 07:04:11,11400.0,1400.0,1012600.0
127,2021-10-06 07:04:11,11400.0,300.0,1011200.0
128,2021-10-06 07:04:11,11400.0,100.0,1010900.0
129,2021-10-06 07:04:11,11400.0,100.0,1010800.0
130,2021-10-06 07:04:11,11400.0,200.0,1010700.0
131,2021-10-06 07:04:11,11400.0,200.0,1010500.0
132,2021-10-06 07:04:11,11400.0,1000.0,1010300.0
133,2021-10-06 07:04:11,11400.0,100.0,1009300.0
134,2021-10-06 07:04:11,11400.0,200.0,1009200.0
135,2021-10-06 07:04:11,11400.0,300.0,1009000.0
136,2021-10-06 07:04:11,11400.0,1800.0,1008700.0
137,2021-10-06 07:04:11,11450.0,100.0,1006900.0
138,2021-10-06 07:04:11,11450.0,300.0,1006800.0
139,2021-10-06 07:02:04,11400.0,1200.0,1006500.0
140,2021-10-06 07:02:04,11400.0,100.0,1005300.0
141,2021-10-06 07:02:04,11400.0,100.0,1005200.0
142,2021-10-06 07:02:04,11400.0,100.0,1005100.0
143,2021-10-06 07:02:04,11400.0,3000.0,1005000.0
144,2021-10-06 07:02:04,11400.0,100.0,1002000.0
145,2021-10-06 07:02:04,11400.0,100.0,1001900.0
146,2021-10-06 07:02:04,11400.0,200.0,1001800.0
147,2021-10-06 07:02:04,11400.0,100.0,1001600.0
148,2021-10-06 07:02:04,11400.0,100.0,1001500.0
149,2021-10-06 07:02:04,11400.0,500.0,1001400.0
150,2021-10-06 07:02:04,11400.0,200.0,1000900.0
151,2021-10-06 07:02:04,11400.0,100.0,1000700.0
152,2021-10-06 07:02:04,11400.0,2000.0,1000600.0
153,2021-10-06 07:02:04,11400.0,100.0,998600.0
154,2021-10-06 07:02:04,11400.0,100.0,998500.0
155,2021-10-06 07:02:04,11400.0,300.0,998400.0
156,2021-10-06 07:02:04,11400.0,200.0,998100.0
157,2021-10-06 07:02:04,11400.0,1000.0,997900.0
158,2021-10-06 07:02:04,11400.0,20000.0,996900.0
159,2021-10-06 07:02:04,11400.0,2000.0,976900.0
160,2021-10-06 07:02:04,11400.0,5000.0,974900.0
161,2021-10-06 07:02:04,11450.0,2600.0,969900.0
162,2021-10-06 07:02:04,11450.0,2000.0,967300.0
163,2021-10-06 07:02:04,11450.0,200.0,965300.0
164,2021-10-06 07:02:04,11450.0,1000.0,965100.0
165,2021-10-06 07:02:04,11450.0,100.0,964100.0
166,2021-10-06 07:02:04,11450.0,200.0,964000.0
167,2021-10-06 07:02:04,11450.0,1000.0,963800.0
168,2021-10-06 07:02:04,11450.0,100.0,962800.0
169,2021-10-06 07:02:04,11500.0,300.0,962700.0
170,2021-10-06 07:02:04,11500.0,100.0,962400.0
171,2021-10-06 07:02:04,11500.0,200.0,962300.0
172,2021-10-06 07:02:04,11500.0,500.0,962100.0
173,2021-10-06 07:02:04,11500.0,100.0,961600.0
174,2021-10-06 07:02:04,11500.0,100.0,961500.0
175,2021-10-06 07:02:04,11500.0,5000.0,961400.0
176,2021-10-06 07:02:04,11500.0,800.0,956400.0
177,2021-10-06 07:02:04,11500.0,100.0,955600.0
178,2021-10-06 06:58:31,11500.0,100.0,955500.0
179,2021-10-06 06:58:31,11500.0,1600.0,955400.0
180,2021-10-06 06:58:31,11500.0,500.0,953800.0
181,2021-10-06 06:58:31,11500.0,1000.0,953300.0
182,2021-10-06 06:58:31,11500.0,100.0,952300.0
183,2021-10-06 06:58:31,11500.0,1000.0,952200.0
184,2021-10-06 06:58:31,11500.0,100.0,951200.0
185,2021-10-06 06:58:31,11500.0,4800.0,951100.0
186,2021-10-06 06:58:31,11550.0,100.0,946300.0
187,2021-10-06 06:58:31,11550.0,700.0,946200.0
188,2021-10-06 06:58:15,11600.0,100.0,945500.0
189,2021-10-06 06:58:06,11600.0,300.0,945400.0
190,2021-10-06 06:58:00,11600.0,1100.0,945100.0
191,2021-10-06 06:58:00,11600.0,900.0,944000.0
192,2021-10-06 06:57:12,11600.0,100.0,943100.0
193,2021-10-06 06:56:34,11550.0,500.0,943000.0
194,2021-10-06 06:56:34,11550.0,100.0,942500.0
195,2021-10-06 06:56:34,11550.0,1400.0,942400.0
196,2021-10-06 06:54:51,11550.0,100.0,941000.0
197,2021-10-06 06:53:55,11600.0,1000.0,940900.0
198,2021-10-06 06:52:30,11600.0,3000.0,939900.0
199,2021-10-06 06:52:17,11550.0,1000.0,936900.0
200,2021-10-06 06:51:24,11550.0,2000.0,935900.0
201,2021-10-06 06:48:34,11550.0,1000.0,933900.0
202,2021-10-06 06:48:34,11550.0,100.0,932900.0
203,2021-10-06 06:48:34,11550.0,2800.0,932800.0
204,2021-10-06 06:48:16,11550.0,200.0,930000.0
205,2021-10-06 06:46:17,11550.0,500.0,929800.0
206,2021-10-06 06:44:00,11550.0,500.0,929300.0
207,2021-10-06 06:44:00,11550.0,500.0,928800.0
208,2021-10-06 06:43:49,11550.0,1000.0,928300.0
209,2021-10-06 06:41:21,11550.0,300.0,927300.0
210,2021-10-06 06:40:53,11550.0,1000.0,927000.0
211,2021-10-06 06:40:53,11550.0,100.0,926000.0
212,2021-10-06 06:40:53,11550.0,100.0,925900.0
213,2021-10-06 06:38:36,11500.0,2200.0,925800.0
214,2021-10-06 06:38:36,11500.0,3500.0,923600.0
215,2021-10-06 06:38:36,11500.0,400.0,920100.0
216,2021-10-06 06:38:36,11500.0,200.0,919700.0
217,2021-10-06 06:38:36,11550.0,4200.0,919500.0
218,2021-10-06 06:38:33,11550.0,2000.0,915300.0
219,2021-10-06 06:38:33,11550.0,200.0,913300.0
220,2021-10-06 06:38:33,11550.0,400.0,913100.0
221,2021-10-06 06:38:24,11550.0,600.0,912700.0
222,2021-10-06 06:38:01,11550.0,100.0,912100.0
223,2021-10-06 06:37:44,11550.0,200.0,912000.0
224,2021-10-06 06:37:44,11550.0,500.0,911800.0
225,2021-10-06 06:37:44,11550.0,500.0,911300.0
226,2021-10-06 06:37:44,11550.0,900.0,910800.0
227,2021-10-06 06:37:44,11550.0,900.0,909900.0
228,2021-10-06 06:36:49,11550.0,100.0,909000.0
229,2021-10-06 06:36:33,11550.0,500.0,908900.0
230,2021-10-06 06:36:33,11550.0,1000.0,908400.0
231,2021-10-06 06:36:12,11550.0,2000.0,907400.0
232,2021-10-06 06:35:56,11550.0,3000.0,905400.0
233,2021-10-06 06:35:39,11550.0,2700.0,902400.0
234,2021-10-06 06:34:47,11550.0,2000.0,899700.0
235,2021-10-06 06:34:21,11550.0,2600.0,897700.0
236,2021-10-06 06:33:13,11550.0,100.0,895100.0
237,2021-10-06 06:33:07,11550.0,1000.0,895000.0
238,2021-10-06 06:32:17,11500.0,200.0,894000.0
239,2021-10-06 06:31:58,11500.0,500.0,893800.0
240,2021-10-06 06:31:40,11500.0,100.0,893300.0
241,2021-10-06 06:31:40,11500.0,400.0,893200.0
242,2021-10-06 06:29:35,11500.0,2500.0,892800.0
243,2021-10-06 06:28:58,11500.0,100.0,890300.0
244,2021-10-06 06:28:58,11500.0,100.0,890200.0
245,2021-10-06 06:28:58,11500.0,1000.0,890100.0
246,2021-10-06 06:28:58,11500.0,200.0,889100.0
247,2021-10-06 06:28:58,11500.0,100.0,888900.0
248,2021-10-06 06:28:58,11500.0,4400.0,888800.0
249,2021-10-06 06:28:28,11500.0,3000.0,884400.0
250,2021-10-06 06:27:48,11550.0,2000.0,881400.0
251,2021-10-06 06:27:44,11500.0,2600.0,879400.0
252,2021-10-06 06:27:44,11500.0,500.0,876800.0
253,2021-10-06 06:27:44,11500.0,100.0,876300.0
254,2021-10-06 06:27:03,11550.0,200.0,876200.0
255,2021-10-06 06:26:08,11550.0,100.0,876000.0
256,2021-10-06 06:26:08,11550.0,300.0,875900.0
257,2021-10-06 06:25:35,11550.0,1700.0,875600.0
258,2021-10-06 06:25:35,11550.0,200.0,873900.0
259,2021-10-06 06:25:35,11550.0,300.0,873700.0
260,2021-10-06 06:25:35,11550.0,2800.0,873400.0
261,2021-10-06 06:25:30,11550.0,6700.0,870600.0
262,2021-10-06 06:25:14,11550.0,500.0,863900.0
263,2021-10-06 06:25:14,11550.0,100.0,863400.0
264,2021-10-06 06:25:14,11550.0,2100.0,863300.0
265,2021-10-06 06:23:00,11550.0,900.0,861200.0
266,2021-10-06 06:23:00,11550.0,1000.0,860300.0
267,2021-10-06 06:21:37,11600.0,500.0,859300.0
268,2021-10-06 06:21:37,11600.0,3000.0,858800.0
269,2021-10-06 06:21:37,11600.0,500.0,855800.0
270,2021-10-06 06:21:37,11600.0,800.0,855300.0
271,2021-10-06 06:21:37,11600.0,2000.0,854500.0
272,2021-10-06 06:20:57,11650.0,100.0,852500.0
273,2021-10-06 06:20:00,11650.0,1800.0,852400.0
274,2021-10-06 06:17:39,11650.0,2600.0,850600.0
275,2021-10-06 06:16:30,11650.0,100.0,848000.0
276,2021-10-06 06:16:24,11600.0,100.0,847900.0
277,2021-10-06 06:14:48,11600.0,200.0,847800.0
278,2021-10-06 06:14:38,11600.0,100.0,847600.0
279,2021-10-06 06:12:24,11600.0,300.0,847500.0
280,2021-10-06 06:11:13,11600.0,100.0,847200.0
281,2021-10-06 06:11:12,11600.0,700.0,847100.0
282,2021-10-06 06:11:12,11600.0,500.0,846400.0
283,2021-10-06 06:11:12,11600.0,600.0,845900.0
284,2021-10-06 06:08:14,11600.0,5100.0,845300.0
285,2021-10-06 06:07:21,11600.0,900.0,840200.0
286,2021-10-06 06:07:20,11600.0,1500.0,839300.0
287,2021-10-06 06:07:20,11600.0,1500.0,837800.0
288,2021-10-06 06:07:18,11600.0,2000.0,836300.0
289,2021-10-06 06:07:01,11600.0,100.0,834300.0
290,2021-10-06 06:06:47,11600.0,1000.0,834200.0
291,2021-10-06 06:06:30,11600.0,400.0,833200.0
292,2021-10-06 06:06:30,11600.0,100.0,832800.0
293,2021-10-06 06:03:09,11550.0,100.0,832700.0
294,2021-10-06 06:01:50,11550.0,900.0,832600.0
295,2021-10-06 06:01:50,11550.0,600.0,831700.0
296,2021-10-06 06:01:24,11600.0,100.0,831100.0
297,2021-10-06 06:00:26,11600.0,1900.0,831000.0
298,2021-10-06 06:00:26,11600.0,4000.0,829100.0
299,2021-10-06 06:00:26,11600.0,2100.0,825100.0
300,2021-10-06 06:00:00,11500.0,1700.0,823000.0
301,2021-10-06 04:28:59,11500.0,2500.0,821300.0
302,2021-10-06 04:23:06,11400.0,15000.0,818800.0
303,2021-10-06 04:23:06,11400.0,1000.0,803800.0
304,2021-10-06 04:23:06,11400.0,5000.0,802800.0
305,2021-10-06 04:23:06,11450.0,10000.0,797800.0
306,2021-10-06 04:23:06,11450.0,7000.0,787800.0
307,2021-10-06 04:23:06,11500.0,11600.0,780800.0
308,2021-10-06 04:23:06,11500.0,100.0,769200.0
309,2021-10-06 04:23:06,11500.0,300.0,769100.0
310,2021-10-06 04:18:38,11300.0,3800.0,768800.0
311,2021-10-06 04:18:38,11300.0,300.0,765000.0
312,2021-10-06 04:18:38,11350.0,100.0,764700.0
313,2021-10-06 04:18:38,11350.0,800.0,764600.0
314,2021-10-06 04:18:25,11350.0,19200.0,763800.0
315,2021-10-06 04:18:25,11350.0,300.0,744600.0
316,2021-10-06 04:18:25,11350.0,1000.0,744300.0
317,2021-10-06 04:18:25,11350.0,700.0,743300.0
318,2021-10-06 04:18:25,11350.0,100.0,742600.0
319,2021-10-06 04:18:25,11350.0,500.0,742500.0
320,2021-10-06 04:18:25,11350.0,1000.0,742000.0
321,2021-10-06 04:18:25,11400.0,100.0,741000.0
322,2021-10-06 04:18:25,11400.0,300.0,740900.0
323,2021-10-06 04:18:25,11400.0,2000.0,740600.0
324,2021-10-06 04:18:25,11400.0,2000.0,738600.0
325,2021-10-06 04:18:25,11400.0,2000.0,736600.0
326,2021-10-06 04:18:25,11400.0,1000.0,734600.0
327,2021-10-06 04:18:25,11400.0,19800.0,733600.0
328,2021-10-06 04:18:20,11500.0,4300.0,713800.0
329,2021-10-06 04:18:20,11500.0,700.0,709500.0
330,2021-10-06 04:18:18,11400.0,200.0,708800.0
331,2021-10-06 04:18:18,11400.0,300.0,708600.0
332,2021-10-06 04:18:18,11400.0,800.0,708300.0
333,2021-10-06 04:17:48,11400.0,200.0,707500.0
334,2021-10-06 04:17:48,11400.0,300.0,707300.0
335,2021-10-06 04:17:48,11400.0,200.0,707000.0
336,2021-10-06 04:17:48,11400.0,400.0,706800.0
337,2021-10-06 04:17:36,11400.0,600.0,706400.0
338,2021-10-06 04:17:36,11400.0,400.0,705800.0
339,2021-10-06 04:17:36,11400.0,4000.0,705400.0
340,2021-10-06 04:17:27,11400.0,1000.0,701400.0
341,2021-10-06 04:16:27,11400.0,300.0,700400.0
342,2021-10-06 04:16:27,11400.0,200.0,700100.0
343,2021-10-06 04:16:27,11400.0,300.0,699900.0
344,2021-10-06 04:16:27,11400.0,1000.0,699600.0
345,2021-10-06 04:16:27,11400.0,1000.0,698600.0
346,2021-10-06 04:16:27,11400.0,100.0,697600.0
347,2021-10-06 04:16:27,11400.0,1400.0,697500.0
348,2021-10-06 04:16:27,11400.0,100.0,696100.0
349,2021-10-06 04:16:27,11400.0,5000.0,696000.0
350,2021-10-06 04:16:27,11400.0,600.0,691000.0
351,2021-10-06 04:16:15,11400.0,400.0,690400.0
352,2021-10-06 04:16:15,11450.0,500.0,690000.0
353,2021-10-06 04:16:15,11450.0,1000.0,689500.0
354,2021-10-06 04:16:15,11450.0,1000.0,688500.0
355,2021-10-06 04:16:15,11450.0,100.0,687500.0
356,2021-10-06 04:16:15,11450.0,1500.0,687400.0
357,2021-10-06 04:16:15,11450.0,200.0,685900.0
358,2021-10-06 04:16:15,11450.0,300.0,685700.0
359,2021-10-06 04:16:12,11500.0,200.0,685400.0
360,2021-10-06 04:16:12,11500.0,1500.0,685200.0
361,2021-10-06 04:16:12,11500.0,500.0,683700.0
362,2021-10-06 04:16:12,11500.0,500.0,683200.0
363,2021-10-06 04:16:12,11500.0,5000.0,682700.0
364,2021-10-06 04:16:12,11500.0,1000.0,677700.0
365,2021-10-06 04:16:12,11500.0,100.0,676700.0
366,2021-10-06 04:16:12,11500.0,300.0,676600.0
367,2021-10-06 04:16:12,11500.0,200.0,676300.0
368,2021-10-06 04:15:53,11500.0,500.0,676100.0
369,2021-10-06 04:15:53,11500.0,2000.0,675600.0
370,2021-10-06 04:15:53,11500.0,100.0,673600.0
371,2021-10-06 04:15:53,11500.0,500.0,673500.0
372,2021-10-06 04:15:53,11500.0,200.0,673000.0
373,2021-10-06 04:15:53,11500.0,100.0,672800.0
374,2021-10-06 04:15:53,11500.0,400.0,672700.0
375,2021-10-06 04:15:53,11500.0,400.0,672300.0
376,2021-10-06 04:15:53,11500.0,300.0,671900.0
377,2021-10-06 04:15:53,11500.0,300.0,671600.0
378,2021-10-06 04:15:53,11500.0,700.0,671300.0
379,2021-10-06 04:14:24,11500.0,9300.0,670600.0
380,2021-10-06 04:14:24,11500.0,100.0,661300.0
381,2021-10-06 04:14:24,11500.0,500.0,661200.0
382,2021-10-06 04:14:24,11500.0,500.0,660700.0
383,2021-10-06 04:14:24,11500.0,100.0,660200.0
384,2021-10-06 04:14:24,11500.0,100.0,660100.0
385,2021-10-06 04:14:24,11500.0,500.0,660000.0
386,2021-10-06 04:14:24,11500.0,3000.0,659500.0
387,2021-10-06 04:14:24,11500.0,1000.0,656500.0
388,2021-10-06 04:14:24,11500.0,500.0,655500.0
389,2021-10-06 04:14:24,11500.0,1500.0,655000.0
390,2021-10-06 04:14:24,11500.0,2000.0,653500.0
391,2021-10-06 04:14:24,11500.0,100.0,651500.0
392,2021-10-06 04:14:24,11500.0,500.0,651400.0
393,2021-10-06 04:14:24,11500.0,100.0,650900.0
394,2021-10-06 04:14:24,11500.0,200.0,650800.0
395,2021-10-06 04:14:11,11500.0,300.0,650600.0
396,2021-10-06 04:13:35,11500.0,100.0,650300.0
397,2021-10-06 04:13:35,11500.0,100.0,650200.0
398,2021-10-06 04:13:33,11550.0,1000.0,650100.0
399,2021-10-06 04:13:16,11550.0,200.0,649100.0
400,2021-10-06 04:11:55,11550.0,100.0,648900.0
401,2021-10-06 04:11:49,11550.0,200.0,648800.0
402,2021-10-06 04:11:41,11550.0,200.0,648600.0
403,2021-10-06 04:11:41,11550.0,300.0,648400.0
404,2021-10-06 04:10:53,11550.0,200.0,648100.0
405,2021-10-06 04:09:51,11550.0,300.0,647900.0
406,2021-10-06 04:09:51,11550.0,200.0,647600.0
407,2021-10-06 04:09:24,11550.0,2000.0,647400.0
408,2021-10-06 04:09:24,11550.0,100.0,645400.0
409,2021-10-06 04:09:24,11550.0,200.0,645300.0
410,2021-10-06 04:09:24,11550.0,300.0,645100.0
411,2021-10-06 04:09:24,11550.0,2200.0,644800.0
412,2021-10-06 04:07:13,11600.0,1000.0,642600.0
413,2021-10-06 04:05:08,11600.0,300.0,641600.0
414,2021-10-06 04:05:08,11600.0,400.0,641300.0
415,2021-10-06 04:05:07,11550.0,2800.0,640900.0
416,2021-10-06 04:05:07,11550.0,1000.0,638100.0
417,2021-10-06 04:05:07,11550.0,800.0,637100.0
418,2021-10-06 04:05:07,11550.0,2000.0,636300.0
419,2021-10-06 04:05:07,11550.0,200.0,634300.0
420,2021-10-06 04:05:07,11550.0,500.0,634100.0
421,2021-10-06 04:05:07,11550.0,100.0,633600.0
422,2021-10-06 04:05:07,11550.0,1000.0,633500.0
423,2021-10-06 04:05:07,11550.0,5000.0,632500.0
424,2021-10-06 04:05:07,11550.0,200.0,627500.0
425,2021-10-06 04:05:07,11550.0,1000.0,627300.0
426,2021-10-06 04:05:07,11550.0,100.0,626300.0
427,2021-10-06 04:05:07,11550.0,2000.0,626200.0
428,2021-10-06 04:05:07,11550.0,1000.0,624200.0
429,2021-10-06 04:05:07,11550.0,300.0,623200.0
430,2021-10-06 04:05:07,11550.0,1000.0,622900.0
431,2021-10-06 04:05:07,11550.0,1000.0,621900.0
432,2021-10-06 04:03:55,11600.0,100.0,620900.0
433,2021-10-06 04:03:02,11600.0,500.0,620800.0
434,2021-10-06 04:02:43,11600.0,1500.0,620300.0
435,2021-10-06 04:02:43,11600.0,1000.0,618800.0
436,2021-10-06 04:02:43,11600.0,2200.0,617800.0
437,2021-10-06 04:02:43,11600.0,600.0,615600.0
438,2021-10-06 04:02:43,11600.0,4300.0,615000.0
439,2021-10-06 04:02:12,11600.0,500.0,610700.0
440,2021-10-06 04:01:28,11600.0,1000.0,610200.0
441,2021-10-06 04:01:00,11600.0,4200.0,609200.0
442,2021-10-06 04:01:00,11600.0,400.0,605000.0
443,2021-10-06 04:01:00,11600.0,3400.0,604600.0
444,2021-10-06 04:00:59,11600.0,500.0,601200.0
445,2021-10-06 03:59:38,11600.0,5000.0,600700.0
446,2021-10-06 03:59:09,11600.0,1100.0,595700.0
447,2021-10-06 03:59:09,11600.0,400.0,594600.0
448,2021-10-06 03:58:45,11600.0,600.0,594200.0
449,2021-10-06 03:58:45,11600.0,1400.0,593600.0
450,2021-10-06 03:58:11,11650.0,300.0,592200.0
451,2021-10-06 03:51:13,11650.0,200.0,591900.0
452,2021-10-06 03:50:54,11650.0,500.0,591700.0
453,2021-10-06 03:50:23,11600.0,1000.0,591200.0
454,2021-10-06 03:49:40,11600.0,200.0,590200.0
455,2021-10-06 03:48:18,11600.0,200.0,590000.0
456,2021-10-06 03:48:18,11600.0,500.0,589800.0
457,2021-10-06 03:48:18,11600.0,100.0,589300.0
458,2021-10-06 03:48:18,11600.0,6600.0,589200.0
459,2021-10-06 03:48:12,11600.0,1000.0,582600.0
460,2021-10-06 03:47:54,11600.0,300.0,581600.0
461,2021-10-06 03:47:47,11600.0,400.0,581300.0
462,2021-10-06 03:46:50,11600.0,1000.0,580900.0
463,2021-10-06 03:45:52,11600.0,200.0,579900.0
464,2021-10-06 03:44:58,11600.0,3000.0,579700.0
465,2021-10-06 03:43:26,11600.0,500.0,576700.0
466,2021-10-06 03:42:56,11600.0,1000.0,576200.0
467,2021-10-06 03:42:45,11600.0,1100.0,575200.0
468,2021-10-06 03:42:45,11600.0,100.0,574100.0
469,2021-10-06 03:42:45,11600.0,1200.0,574000.0
470,2021-10-06 03:42:45,11600.0,1700.0,572800.0
471,2021-10-06 03:42:45,11600.0,200.0,571100.0
472,2021-10-06 03:42:45,11600.0,2400.0,570900.0
473,2021-10-06 03:42:45,11600.0,2000.0,568500.0
474,2021-10-06 03:42:45,11600.0,1500.0,566500.0
475,2021-10-06 03:42:45,11600.0,100.0,565000.0
476,2021-10-06 03:42:45,11600.0,500.0,564900.0
477,2021-10-06 03:42:45,11600.0,1000.0,564400.0
478,2021-10-06 03:42:45,11600.0,500.0,563400.0
479,2021-10-06 03:42:45,11600.0,300.0,562900.0
480,2021-10-06 03:42:45,11600.0,1000.0,562600.0
481,2021-10-06 03:42:45,11600.0,100.0,561600.0
482,2021-10-06 03:42:45,11600.0,100.0,561500.0
483,2021-10-06 03:42:45,11600.0,1000.0,561400.0
484,2021-10-06 03:42:45,11600.0,5200.0,560400.0
485,2021-10-06 03:42:28,11600.0,1800.0,555200.0
486,2021-10-06 03:42:28,11600.0,300.0,553400.0
487,2021-10-06 03:42:28,11600.0,1000.0,553100.0
488,2021-10-06 03:42:28,11600.0,13800.0,552100.0
489,2021-10-06 03:41:13,11650.0,600.0,538300.0
490,2021-10-06 03:40:03,11600.0,500.0,537700.0
491,2021-10-06 03:39:43,11650.0,100.0,537200.0
492,2021-10-06 03:39:08,11600.0,5700.0,537100.0
493,2021-10-06 03:39:08,11600.0,1000.0,531400.0
494,2021-10-06 03:39:08,11600.0,500.0,530400.0
495,2021-10-06 03:39:08,11600.0,1000.0,529900.0
496,2021-10-06 03:39:08,11600.0,800.0,528900.0
497,2021-10-06 03:39:08,11600.0,1000.0,528100.0
498,2021-10-06 03:38:31,11650.0,100.0,527100.0
499,2021-10-06 03:37:44,11650.0,100.0,527000.0
500,2021-10-06 03:37:22,11600.0,500.0,526900.0
501,2021-10-06 03:37:09,11650.0,1600.0,526400.0
502,2021-10-06 03:34:54,11600.0,500.0,524800.0
503,2021-10-06 03:34:54,11600.0,1000.0,524300.0
504,2021-10-06 03:34:54,11600.0,200.0,523300.0
505,2021-10-06 03:34:54,11600.0,2300.0,523100.0
506,2021-10-06 03:34:31,11650.0,800.0,520800.0
507,2021-10-06 03:33:53,11650.0,1000.0,520000.0
508,2021-10-06 03:33:15,11650.0,200.0,519000.0
509,2021-10-06 03:32:51,11650.0,800.0,518800.0
510,2021-10-06 03:32:43,11600.0,300.0,518000.0
511,2021-10-06 03:31:49,11600.0,7400.0,517700.0
512,2021-10-06 03:31:49,11600.0,10000.0,510300.0
513,2021-10-06 03:30:57,11600.0,500.0,500300.0
514,2021-10-06 03:30:57,11600.0,300.0,499800.0
515,2021-10-06 03:30:35,11600.0,1000.0,499500.0
516,2021-10-06 03:30:22,11600.0,1000.0,498500.0
517,2021-10-06 03:29:18,11650.0,1000.0,497500.0
518,2021-10-06 03:28:10,11650.0,200.0,496500.0
519,2021-10-06 03:28:10,11650.0,500.0,496300.0
520,2021-10-06 03:28:10,11650.0,7000.0,495800.0
521,2021-10-06 03:28:10,11650.0,100.0,488800.0
522,2021-10-06 03:28:10,11650.0,3000.0,488700.0
523,2021-10-06 03:28:10,11650.0,800.0,485700.0
524,2021-10-06 03:25:19,11700.0,5000.0,484900.0
525,2021-10-06 03:24:22,11700.0,1000.0,479900.0
526,2021-10-06 03:23:32,11700.0,100.0,478900.0
527,2021-10-06 03:23:04,11700.0,200.0,478800.0
528,2021-10-06 03:21:49,11700.0,500.0,478600.0
529,2021-10-06 03:21:26,11700.0,500.0,478100.0
530,2021-10-06 03:21:14,11700.0,5800.0,477600.0
531,2021-10-06 03:21:14,11700.0,100.0,471800.0
532,2021-10-06 03:21:14,11700.0,4100.0,471700.0
533,2021-10-06 03:21:13,11700.0,100.0,467600.0
534,2021-10-06 03:20:27,11700.0,500.0,467500.0
535,2021-10-06 03:20:13,11700.0,200.0,467000.0
536,2021-10-06 03:20:06,11700.0,100.0,466800.0
537,2021-10-06 03:20:06,11700.0,400.0,466700.0
538,2021-10-06 03:17:29,11600.0,3300.0,466300.0
539,2021-10-06 03:16:41,11650.0,800.0,463000.0
540,2021-10-06 03:16:41,11650.0,100.0,462200.0
541,2021-10-06 03:16:41,11650.0,4100.0,462100.0
542,2021-10-06 03:16:27,11650.0,500.0,458000.0
543,2021-10-06 03:13:07,11650.0,400.0,457500.0
544,2021-10-06 03:13:05,11650.0,4000.0,457100.0
545,2021-10-06 03:13:05,11650.0,15600.0,453100.0
546,2021-10-06 03:10:34,11650.0,3000.0,437500.0
547,2021-10-06 03:10:34,11650.0,1400.0,434500.0
548,2021-10-06 03:10:13,11700.0,100.0,433100.0
549,2021-10-06 03:10:12,11650.0,1200.0,433000.0
550,2021-10-06 03:10:12,11650.0,2000.0,431800.0
551,2021-10-06 03:10:12,11650.0,1000.0,429800.0
552,2021-10-06 03:10:12,11650.0,1000.0,428800.0
553,2021-10-06 03:10:12,11650.0,1000.0,427800.0
554,2021-10-06 03:10:12,11650.0,3800.0,426800.0
555,2021-10-06 03:09:28,11650.0,100.0,423000.0
556,2021-10-06 03:08:21,11700.0,100.0,422900.0
557,2021-10-06 03:07:43,11700.0,3400.0,422800.0
558,2021-10-06 03:07:43,11700.0,1600.0,419400.0
559,2021-10-06 03:07:28,11700.0,1000.0,417800.0
560,2021-10-06 03:07:21,11700.0,400.0,416800.0
561,2021-10-06 03:06:24,11700.0,300.0,416400.0
562,2021-10-06 03:06:24,11700.0,200.0,416100.0
563,2021-10-06 03:05:36,11700.0,500.0,415900.0
564,2021-10-06 03:02:23,11700.0,800.0,415400.0
565,2021-10-06 03:01:42,11650.0,200.0,414600.0
566,2021-10-06 03:01:42,11650.0,1000.0,414400.0
567,2021-10-06 03:01:35,11650.0,1000.0,413400.0
568,2021-10-06 03:01:03,11650.0,3000.0,412400.0
569,2021-10-06 03:00:34,11650.0,100.0,409400.0
570,2021-10-06 03:00:21,11650.0,10000.0,409300.0
571,2021-10-06 02:59:06,11650.0,1000.0,399300.0
572,2021-10-06 02:58:26,11650.0,700.0,398300.0
573,2021-10-06 02:58:21,11650.0,300.0,397600.0
574,2021-10-06 02:58:17,11650.0,2900.0,397300.0
575,2021-10-06 02:58:17,11650.0,7100.0,394400.0
576,2021-10-06 02:58:12,11650.0,500.0,387300.0
577,2021-10-06 02:56:50,11650.0,8500.0,386800.0
578,2021-10-06 02:56:45,11650.0,5000.0,378300.0
579,2021-10-06 02:56:38,11650.0,5000.0,373300.0
580,2021-10-06 02:56:38,11650.0,1000.0,368300.0
581,2021-10-06 02:55:12,11650.0,500.0,367300.0
582,2021-10-06 02:55:03,11650.0,200.0,366800.0
583,2021-10-06 02:55:03,11650.0,1000.0,366600.0
584,2021-10-06 02:55:03,11650.0,16000.0,365600.0
585,2021-10-06 02:54:55,11600.0,4400.0,349600.0
586,2021-10-06 02:54:55,11600.0,1000.0,345200.0
587,2021-10-06 02:54:55,11600.0,300.0,344200.0
588,2021-10-06 02:54:55,11600.0,300.0,343900.0
589,2021-10-06 02:54:49,11650.0,2000.0,343600.0
590,2021-10-06 02:54:24,11650.0,3000.0,341600.0
591,2021-10-06 02:52:57,11650.0,100.0,338600.0
592,2021-10-06 02:52:56,11650.0,100.0,338500.0
593,2021-10-06 02:52:35,11650.0,300.0,338400.0
594,2021-10-06 02:52:16,11650.0,1200.0,338100.0
595,2021-10-06 02:52:10,11650.0,7000.0,336900.0
596,2021-10-06 02:52:09,11650.0,300.0,329900.0
597,2021-10-06 02:52:09,11650.0,300.0,329600.0
598,2021-10-06 02:51:51,11650.0,200.0,329300.0
599,2021-10-06 02:51:20,11650.0,500.0,329100.0
600,2021-10-06 02:50:31,11600.0,700.0,328600.0
601,2021-10-06 02:50:26,11600.0,200.0,327900.0
602,2021-10-06 02:50:16,11600.0,1000.0,327700.0
603,2021-10-06 02:50:08,11600.0,3100.0,326700.0
604,2021-10-06 02:50:08,11600.0,400.0,323600.0
605,2021-10-06 02:49:54,11600.0,200.0,323200.0
606,2021-10-06 02:49:54,11600.0,10000.0,323000.0
607,2021-10-06 02:49:35,11600.0,500.0,313000.0
608,2021-10-06 02:49:27,11600.0,100.0,312500.0
609,2021-10-06 02:49:27,11600.0,1500.0,312400.0
610,2021-10-06 02:49:22,11600.0,100.0,310900.0
611,2021-10-06 02:49:21,11600.0,400.0,310800.0
612,2021-10-06 02:49:21,11600.0,1000.0,310400.0
613,2021-10-06 02:49:09,11600.0,1800.0,309400.0
614,2021-10-06 02:49:05,11600.0,400.0,307600.0
615,2021-10-06 02:48:37,11600.0,300.0,307200.0
616,2021-10-06 02:48:33,11600.0,9000.0,306900.0
617,2021-10-06 02:48:33,11600.0,1000.0,297900.0
618,2021-10-06 02:48:33,11600.0,3300.0,296900.0
619,2021-10-06 02:48:14,11600.0,5000.0,293600.0
620,2021-10-06 02:48:14,11600.0,1000.0,288600.0
621,2021-10-06 02:48:14,11600.0,700.0,287600.0
622,2021-10-06 02:48:11,11600.0,200.0,286900.0
623,2021-10-06 02:47:55,11600.0,1000.0,286700.0
624,2021-10-06 02:47:50,11600.0,1000.0,285700.0
625,2021-10-06 02:47:36,11600.0,15500.0,284700.0
626,2021-10-06 02:47:33,11600.0,300.0,269200.0
627,2021-10-06 02:47:21,11600.0,5000.0,268900.0
628,2021-10-06 02:47:12,11600.0,5000.0,263900.0
629,2021-10-06 02:47:09,11600.0,1300.0,258900.0
630,2021-10-06 02:47:09,11600.0,700.0,257600.0
631,2021-10-06 02:46:32,11600.0,300.0,256900.0
632,2021-10-06 02:46:32,11600.0,100.0,256600.0
633,2021-10-06 02:45:34,11600.0,900.0,256500.0
634,2021-10-06 02:45:20,11600.0,10600.0,255600.0
635,2021-10-06 02:45:20,11600.0,1000.0,245000.0
636,2021-10-06 02:45:20,11600.0,200.0,244000.0
637,2021-10-06 02:45:20,11600.0,100.0,243800.0
638,2021-10-06 02:45:20,11600.0,700.0,243700.0
639,2021-10-06 02:45:20,11600.0,200.0,243000.0
640,2021-10-06 02:45:20,11600.0,5000.0,242800.0
641,2021-10-06 02:45:20,11600.0,1000.0,237800.0
642,2021-10-06 02:45:20,11600.0,100.0,236800.0
643,2021-10-06 02:45:20,11650.0,200.0,236700.0
644,2021-10-06 02:45:20,11650.0,2000.0,236500.0
645,2021-10-06 02:45:20,11650.0,1000.0,234500.0
646,2021-10-06 02:45:20,11650.0,1000.0,233500.0
647,2021-10-06 02:45:20,11650.0,2000.0,232500.0
648,2021-10-06 02:45:20,11650.0,1000.0,230500.0
649,2021-10-06 02:45:03,11700.0,5000.0,229500.0
650,2021-10-06 02:45:03,11700.0,1000.0,224500.0
651,2021-10-06 02:45:03,11700.0,2000.0,223500.0
652,2021-10-06 02:45:03,11700.0,1000.0,221500.0
653,2021-10-06 02:45:03,11700.0,1000.0,220500.0
654,2021-10-06 02:45:03,11700.0,100.0,219500.0
655,2021-10-06 02:45:03,11700.0,1200.0,219400.0
656,2021-10-06 02:45:03,11700.0,1700.0,218200.0
657,2021-10-06 02:45:03,11750.0,700.0,216500.0
658,2021-10-06 02:45:03,11750.0,1000.0,215800.0
659,2021-10-06 02:45:03,11750.0,100.0,214800.0
660,2021-10-06 02:45:03,11750.0,200.0,214700.0
661,2021-10-06 02:42:22,11800.0,800.0,214500.0
662,2021-10-06 02:42:22,11800.0,1000.0,213700.0
663,2021-10-06 02:42:22,11800.0,300.0,212700.0
664,2021-10-06 02:42:22,11800.0,1600.0,212400.0
665,2021-10-06 02:41:06,11800.0,3400.0,210800.0
666,2021-10-06 02:41:06,11800.0,3100.0,207400.0
667,2021-10-06 02:40:49,11800.0,4900.0,204300.0
668,2021-10-06 02:40:49,11800.0,100.0,199400.0
669,2021-10-06 02:40:25,11850.0,20000.0,199300.0
670,2021-10-06 02:39:47,11850.0,1500.0,179300.0
671,2021-10-06 02:39:42,11850.0,2000.0,177800.0
672,2021-10-06 02:39:39,11850.0,2000.0,175800.0
673,2021-10-06 02:39:05,11850.0,200.0,173800.0
674,2021-10-06 02:38:43,11850.0,800.0,173600.0
675,2021-10-06 02:36:36,11850.0,5700.0,172800.0
676,2021-10-06 02:35:38,11850.0,100.0,167100.0
677,2021-10-06 02:35:38,11800.0,100.0,167000.0
678,2021-10-06 02:35:38,11800.0,300.0,166900.0
679,2021-10-06 02:34:48,11800.0,200.0,166600.0
680,2021-10-06 02:34:48,11800.0,100.0,166400.0
681,2021-10-06 02:34:48,11800.0,2400.0,166300.0
682,2021-10-06 02:34:44,11850.0,20000.0,163900.0
683,2021-10-06 02:34:17,11800.0,9300.0,143900.0
684,2021-10-06 02:33:41,11850.0,600.0,134600.0
685,2021-10-06 02:33:23,11800.0,8300.0,134000.0
686,2021-10-06 02:32:26,11800.0,1700.0,125700.0
687,2021-10-06 02:31:33,11850.0,6000.0,124000.0
688,2021-10-06 02:31:12,11800.0,4900.0,118000.0
689,2021-10-06 02:31:12,11800.0,1000.0,113100.0
690,2021-10-06 02:31:12,11800.0,100.0,112100.0
691,2021-10-06 02:31:12,11800.0,500.0,112000.0
692,2021-10-06 02:31:12,11800.0,1800.0,111500.0
693,2021-10-06 02:30:13,11750.0,1000.0,109700.0
694,2021-10-06 02:30:01,11750.0,1000.0,108700.0
695,2021-10-06 02:30:01,11750.0,2300.0,107700.0
696,2021-10-06 02:29:53,11750.0,2900.0,105400.0
697,2021-10-06 02:29:41,11800.0,4000.0,102500.0
698,2021-10-06 02:29:37,11800.0,6000.0,98500.0
699,2021-10-06 02:29:37,11800.0,4000.0,92500.0
700,2021-10-06 02:29:23,11800.0,1000.0,88500.0
701,2021-10-06 02:28:48,11800.0,2500.0,87500.0
702,2021-10-06 02:28:41,11750.0,2100.0,85000.0
703,2021-10-06 02:28:37,11700.0,300.0,82900.0
704,2021-10-06 02:28:37,11700.0,1700.0,82600.0
705,2021-10-06 02:28:15,11750.0,2900.0,80900.0
706,2021-10-06 02:28:15,11750.0,1200.0,78000.0
707,2021-10-06 02:28:15,11750.0,5900.0,76800.0
708,2021-10-06 02:27:55,11750.0,3000.0,70900.0
709,2021-10-06 02:26:57,11750.0,800.0,67900.0
710,2021-10-06 02:26:57,11750.0,100.0,67100.0
711,2021-10-06 02:26:57,11750.0,200.0,67000.0
712,2021-10-06 02:26:09,11750.0,100.0,66800.0
713,2021-10-06 02:25:30,11800.0,10000.0,66700.0
714,2021-10-06 02:24:48,11700.0,1600.0,56700.0
715,2021-10-06 02:24:19,11800.0,1400.0,55100.0
716,2021-10-06 02:24:19,11800.0,2600.0,53700.0
717,2021-10-06 02:24:02,11700.0,200.0,51100.0
718,2021-10-06 02:23:55,11800.0,1000.0,50900.0
719,2021-10-06 02:22:46,11700.0,100.0,49900.0
720,2021-10-06 02:22:44,11800.0,500.0,49800.0
721,2021-10-06 02:21:34,11800.0,200.0,49300.0
722,2021-10-06 02:21:18,11800.0,200.0,49100.0
723,2021-10-06 02:21:05,11800.0,5000.0,48900.0
724,2021-10-06 02:21:05,11800.0,1700.0,43900.0
725,2021-10-06 02:21:05,11800.0,3100.0,42200.0
726,2021-10-06 02:20:17,11800.0,10000.0,39100.0
727,2021-10-06 02:19:54,11800.0,200.0,29100.0
728,2021-10-06 02:19:21,11800.0,1000.0,28900.0
729,2021-10-06 02:18:59,11850.0,4800.0,27900.0
730,2021-10-06 02:18:59,11850.0,200.0,23100.0
731,2021-10-06 02:18:22,11850.0,5000.0,22900.0
732,2021-10-06 02:18:22,11850.0,100.0,17900.0
733,2021-10-06 02:18:22,11800.0,100.0,17800.0
734,2021-10-06 02:18:22,11800.0,200.0,17700.0
735,2021-10-06 02:18:22,11800.0,3600.0,17500.0
736,2021-10-06 02:18:22,11800.0,200.0,13900.0
737,2021-10-06 02:18:22,11800.0,500.0,13700.0
738,2021-10-06 02:18:22,11800.0,300.0,13200.0
739,2021-10-06 02:16:56,11800.0,100.0,12900.0
740,2021-10-06 02:16:18,11800.0,100.0,12800.0
741,2021-10-06 02:16:10,11700.0,1500.0,12700.0
742,2021-10-06 02:16:09,11700.0,200.0,11200.0
743,2021-10-06 02:15:18,11700.0,100.0,11000.0
744,2021-10-06 02:15:01,11700.0,700.0,10900.0
745,2021-10-06 02:15:01,11700.0,700.0,10200.0
746,2021-10-06 02:15:01,11700.0,200.0,9500.0
747,2021-10-06 02:15:01,11700.0,3000.0,9300.0
748,2021-10-06 02:15:01,11700.0,100.0,6300.0
749,2021-10-06 02:15:01,11700.0,1000.0,6200.0
750,2021-10-06 02:15:01,11700.0,1000.0,5200.0
751,2021-10-06 02:15:01,11700.0,1000.0,4200.0
752,2021-10-06 02:15:01,11700.0,1000.0,3200.0
753,2021-10-06 02:15:01,11700.0,200.0,2200.0
754,2021-10-06 02:15:01,11700.0,700.0,2000.0
755,2021-10-06 02:15:01,11700.0,1300.0,1300.0
