,Time,Price,Volume_per_trade,Volume
0,2021-10-18 07:45:00,30100.0,1300.0,646200.0
1,2021-10-18 07:45:00,30100.0,3400.0,644900.0
2,2021-10-18 07:45:00,30100.0,100.0,641500.0
3,2021-10-18 07:45:00,30100.0,3000.0,641400.0
4,2021-10-18 07:45:00,30100.0,500.0,638400.0
5,2021-10-18 07:45:00,30100.0,1500.0,637900.0
6,2021-10-18 07:45:00,30100.0,200.0,636400.0
7,2021-10-18 07:45:00,30100.0,400.0,636200.0
8,2021-10-18 07:45:00,30100.0,200.0,635800.0
9,2021-10-18 07:45:00,30100.0,100.0,635600.0
10,2021-10-18 07:45:00,30100.0,1300.0,635500.0
11,2021-10-18 07:45:00,30100.0,300.0,634200.0
12,2021-10-18 07:45:00,30100.0,100.0,633900.0
13,2021-10-18 07:45:00,30100.0,100.0,633800.0
14,2021-10-18 07:45:00,30100.0,200.0,633700.0
15,2021-10-18 07:45:00,30100.0,200.0,633500.0
16,2021-10-18 07:45:00,30100.0,100.0,633300.0
17,2021-10-18 07:45:00,30100.0,100.0,633200.0
18,2021-10-18 07:45:00,30100.0,100.0,633100.0
19,2021-10-18 07:45:00,30100.0,300.0,633000.0
20,2021-10-18 07:45:00,30100.0,1000.0,632700.0
21,2021-10-18 07:45:00,30100.0,200.0,631700.0
22,2021-10-18 07:29:59,29950.0,300.0,631500.0
23,2021-10-18 07:29:44,29800.0,1400.0,631200.0
24,2021-10-18 07:29:32,29800.0,800.0,629800.0
25,2021-10-18 07:29:32,29800.0,300.0,629000.0
26,2021-10-18 07:29:32,29850.0,500.0,628700.0
27,2021-10-18 07:29:32,29850.0,200.0,628200.0
28,2021-10-18 07:29:32,29850.0,500.0,628000.0
29,2021-10-18 07:29:32,29850.0,500.0,627500.0
30,2021-10-18 07:29:32,29850.0,200.0,627000.0
31,2021-10-18 07:29:32,29850.0,300.0,626800.0
32,2021-10-18 07:29:32,29850.0,2100.0,626500.0
33,2021-10-18 07:29:32,29850.0,300.0,624400.0
34,2021-10-18 07:29:32,29850.0,1000.0,624100.0
35,2021-10-18 07:29:32,29900.0,200.0,623100.0
36,2021-10-18 07:29:32,29900.0,100.0,622900.0
37,2021-10-18 07:29:32,29900.0,200.0,622800.0
38,2021-10-18 07:29:32,29900.0,100.0,622600.0
39,2021-10-18 07:29:32,29900.0,1000.0,622500.0
40,2021-10-18 07:29:32,29900.0,100.0,621500.0
41,2021-10-18 07:29:32,29900.0,200.0,621400.0
42,2021-10-18 07:29:32,29900.0,200.0,621200.0
43,2021-10-18 07:29:32,29900.0,300.0,621000.0
44,2021-10-18 07:29:32,29900.0,200.0,620700.0
45,2021-10-18 07:29:32,29900.0,200.0,620500.0
46,2021-10-18 07:29:32,29900.0,200.0,620300.0
47,2021-10-18 07:29:32,29900.0,200.0,620100.0
48,2021-10-18 07:29:32,29900.0,100.0,619900.0
49,2021-10-18 07:29:26,29950.0,100.0,619800.0
50,2021-10-18 07:29:09,29950.0,100.0,619700.0
51,2021-10-18 07:28:48,29900.0,500.0,619600.0
52,2021-10-18 07:27:27,29900.0,700.0,619100.0
53,2021-10-18 07:27:27,29900.0,700.0,618400.0
54,2021-10-18 07:26:45,29850.0,300.0,617700.0
55,2021-10-18 07:26:41,29900.0,100.0,617400.0
56,2021-10-18 07:26:27,29900.0,100.0,617300.0
57,2021-10-18 07:26:10,29900.0,1000.0,617200.0
58,2021-10-18 07:25:57,29900.0,300.0,616200.0
59,2021-10-18 07:25:50,29900.0,200.0,615900.0
60,2021-10-18 07:25:45,29900.0,500.0,615700.0
61,2021-10-18 07:25:11,29900.0,100.0,615200.0
62,2021-10-18 07:24:24,29850.0,100.0,615100.0
63,2021-10-18 07:24:07,29900.0,5000.0,615000.0
64,2021-10-18 07:24:06,29850.0,100.0,610000.0
65,2021-10-18 07:22:18,29900.0,100.0,609900.0
66,2021-10-18 07:21:50,29900.0,2300.0,609800.0
67,2021-10-18 07:21:35,29900.0,1100.0,607500.0
68,2021-10-18 07:21:10,29900.0,100.0,606400.0
69,2021-10-18 07:20:47,29900.0,700.0,606300.0
70,2021-10-18 07:20:32,29900.0,200.0,605600.0
71,2021-10-18 07:19:36,29800.0,100.0,605400.0
72,2021-10-18 07:19:15,29800.0,100.0,605300.0
73,2021-10-18 07:19:02,29700.0,700.0,605200.0
74,2021-10-18 07:19:02,29700.0,500.0,604500.0
75,2021-10-18 07:19:02,29700.0,400.0,604000.0
76,2021-10-18 07:19:02,29700.0,100.0,603600.0
77,2021-10-18 07:19:02,29700.0,500.0,603500.0
78,2021-10-18 07:19:02,29700.0,200.0,603000.0
79,2021-10-18 07:19:02,29700.0,100.0,602800.0
80,2021-10-18 07:19:02,29700.0,500.0,602700.0
81,2021-10-18 07:19:02,29700.0,100.0,602200.0
82,2021-10-18 07:19:02,29700.0,200.0,602100.0
83,2021-10-18 07:19:02,29700.0,2000.0,601900.0
84,2021-10-18 07:19:02,29700.0,100.0,599900.0
85,2021-10-18 07:19:02,29700.0,500.0,599800.0
86,2021-10-18 07:19:02,29700.0,200.0,599300.0
87,2021-10-18 07:19:02,29750.0,700.0,599100.0
88,2021-10-18 07:19:02,29750.0,400.0,598400.0
89,2021-10-18 07:19:02,29750.0,100.0,598000.0
90,2021-10-18 07:19:02,29750.0,200.0,597900.0
91,2021-10-18 07:19:02,29800.0,800.0,597700.0
92,2021-10-18 07:19:02,29800.0,300.0,596900.0
93,2021-10-18 07:19:02,29800.0,200.0,596600.0
94,2021-10-18 07:19:02,29800.0,100.0,596400.0
95,2021-10-18 07:19:02,29800.0,100.0,596300.0
96,2021-10-18 07:19:02,29800.0,100.0,596200.0
97,2021-10-18 07:19:02,29800.0,1000.0,596100.0
98,2021-10-18 07:19:02,29800.0,1000.0,595100.0
99,2021-10-18 07:19:02,29800.0,100.0,594100.0
100,2021-10-18 07:19:02,29800.0,300.0,594000.0
101,2021-10-18 07:19:00,29800.0,300.0,593700.0
102,2021-10-18 07:18:52,29800.0,200.0,593400.0
103,2021-10-18 07:18:52,29800.0,500.0,593200.0
104,2021-10-18 07:18:52,29800.0,500.0,592700.0
105,2021-10-18 07:18:52,29800.0,500.0,592200.0
106,2021-10-18 07:18:34,29850.0,2000.0,591700.0
107,2021-10-18 07:18:34,29850.0,100.0,589700.0
108,2021-10-18 07:18:34,29850.0,500.0,589600.0
109,2021-10-18 07:18:34,29850.0,200.0,589100.0
110,2021-10-18 07:18:34,29850.0,100.0,588900.0
111,2021-10-18 07:18:34,29850.0,500.0,588800.0
112,2021-10-18 07:18:33,29850.0,500.0,588300.0
113,2021-10-18 07:18:33,29850.0,1000.0,587800.0
114,2021-10-18 07:18:33,29850.0,900.0,586800.0
115,2021-10-18 07:17:56,29900.0,3300.0,585900.0
116,2021-10-18 07:17:50,29900.0,300.0,582600.0
117,2021-10-18 07:17:50,29900.0,200.0,582300.0
118,2021-10-18 07:17:50,29900.0,100.0,582100.0
119,2021-10-18 07:17:50,29900.0,100.0,582000.0
120,2021-10-18 07:17:50,29900.0,100.0,581900.0
121,2021-10-18 07:17:50,29900.0,2000.0,581800.0
122,2021-10-18 07:17:50,29900.0,100.0,579800.0
123,2021-10-18 07:17:50,29900.0,1000.0,579700.0
124,2021-10-18 07:17:50,29900.0,100.0,578700.0
125,2021-10-18 07:17:50,29900.0,3800.0,578600.0
126,2021-10-18 07:17:37,29900.0,6200.0,574800.0
127,2021-10-18 07:17:37,29900.0,100.0,568600.0
128,2021-10-18 07:17:37,29900.0,100.0,568500.0
129,2021-10-18 07:17:37,29900.0,1000.0,568400.0
130,2021-10-18 07:17:37,29900.0,500.0,567400.0
131,2021-10-18 07:17:37,29900.0,2100.0,566900.0
132,2021-10-18 07:17:17,29900.0,5300.0,564800.0
133,2021-10-18 07:17:17,29900.0,200.0,559500.0
134,2021-10-18 07:17:17,29950.0,100.0,559300.0
135,2021-10-18 07:17:17,29950.0,300.0,559200.0
136,2021-10-18 07:17:06,29950.0,300.0,558900.0
137,2021-10-18 07:16:59,30000.0,1000.0,558600.0
138,2021-10-18 07:16:59,30000.0,200.0,557600.0
139,2021-10-18 07:16:59,30000.0,100.0,557400.0
140,2021-10-18 07:16:59,30000.0,100.0,557300.0
141,2021-10-18 07:16:59,30000.0,100.0,557200.0
142,2021-10-18 07:16:59,30000.0,200.0,557100.0
143,2021-10-18 07:16:59,30000.0,2300.0,556900.0
144,2021-10-18 07:15:55,30100.0,100.0,554600.0
145,2021-10-18 07:15:41,30000.0,2000.0,554500.0
146,2021-10-18 07:14:54,30000.0,200.0,552500.0
147,2021-10-18 07:14:49,30000.0,500.0,552300.0
148,2021-10-18 07:14:49,30000.0,1000.0,551800.0
149,2021-10-18 07:14:49,30000.0,400.0,550800.0
150,2021-10-18 07:14:49,30000.0,2500.0,550400.0
151,2021-10-18 07:14:49,30000.0,600.0,547900.0
152,2021-10-18 07:14:45,30000.0,200.0,547300.0
153,2021-10-18 07:13:57,30000.0,100.0,547100.0
154,2021-10-18 07:13:52,30000.0,100.0,547000.0
155,2021-10-18 07:13:28,30100.0,500.0,546900.0
156,2021-10-18 07:12:21,30200.0,2000.0,546400.0
157,2021-10-18 07:12:21,30200.0,100.0,544400.0
158,2021-10-18 07:12:21,30200.0,100.0,544300.0
159,2021-10-18 07:11:27,30250.0,100.0,544200.0
160,2021-10-18 07:11:04,30300.0,1300.0,544100.0
161,2021-10-18 07:11:04,30300.0,300.0,542800.0
162,2021-10-18 07:11:04,30300.0,200.0,542500.0
163,2021-10-18 07:11:04,30300.0,100.0,542300.0
164,2021-10-18 07:11:04,30250.0,100.0,542200.0
165,2021-10-18 07:11:02,30250.0,100.0,542100.0
166,2021-10-18 07:11:02,30250.0,600.0,542000.0
167,2021-10-18 07:10:38,30250.0,200.0,541400.0
168,2021-10-18 07:10:29,30250.0,500.0,541200.0
169,2021-10-18 07:10:29,30250.0,400.0,540700.0
170,2021-10-18 07:10:29,30250.0,900.0,540300.0
171,2021-10-18 07:10:06,30250.0,200.0,539400.0
172,2021-10-18 07:09:26,30250.0,100.0,539200.0
173,2021-10-18 07:09:26,30250.0,400.0,539100.0
174,2021-10-18 07:06:08,30250.0,200.0,538700.0
175,2021-10-18 07:06:08,30250.0,100.0,538500.0
176,2021-10-18 07:05:41,30250.0,700.0,538400.0
177,2021-10-18 07:05:41,30250.0,100.0,537700.0
178,2021-10-18 07:05:41,30250.0,100.0,537600.0
179,2021-10-18 07:05:06,30200.0,200.0,537500.0
180,2021-10-18 07:05:06,30200.0,700.0,537300.0
181,2021-10-18 07:05:04,30200.0,800.0,536600.0
182,2021-10-18 07:05:04,30200.0,200.0,535800.0
183,2021-10-18 07:04:45,30200.0,300.0,535600.0
184,2021-10-18 07:04:45,30200.0,100.0,535300.0
185,2021-10-18 07:04:45,30200.0,200.0,535200.0
186,2021-10-18 07:04:45,30200.0,2000.0,535000.0
187,2021-10-18 07:04:45,30200.0,900.0,533000.0
188,2021-10-18 07:03:17,30200.0,400.0,532100.0
189,2021-10-18 07:03:11,30200.0,400.0,531700.0
190,2021-10-18 07:03:11,30200.0,100.0,531300.0
191,2021-10-18 07:03:11,30200.0,4000.0,531200.0
192,2021-10-18 07:03:11,30200.0,500.0,527200.0
193,2021-10-18 07:02:57,30200.0,100.0,526700.0
194,2021-10-18 07:02:43,30200.0,300.0,526600.0
195,2021-10-18 07:02:16,30200.0,1400.0,526300.0
196,2021-10-18 07:01:01,30200.0,1100.0,524900.0
197,2021-10-18 06:58:40,30200.0,1600.0,523800.0
198,2021-10-18 06:58:40,30200.0,200.0,522200.0
199,2021-10-18 06:58:40,30200.0,100.0,522000.0
200,2021-10-18 06:58:40,30200.0,100.0,521900.0
201,2021-10-18 06:58:26,30200.0,100.0,521800.0
202,2021-10-18 06:57:51,30100.0,100.0,521700.0
203,2021-10-18 06:57:51,30100.0,500.0,521600.0
204,2021-10-18 06:57:51,30100.0,200.0,521100.0
205,2021-10-18 06:57:51,30100.0,100.0,520900.0
206,2021-10-18 06:56:57,30000.0,100.0,520800.0
207,2021-10-18 06:56:29,30000.0,400.0,520700.0
208,2021-10-18 06:56:26,30000.0,200.0,520300.0
209,2021-10-18 06:56:26,30000.0,1000.0,520100.0
210,2021-10-18 06:56:26,30000.0,200.0,519100.0
211,2021-10-18 06:56:15,30000.0,200.0,518900.0
212,2021-10-18 06:56:15,30000.0,300.0,518700.0
213,2021-10-18 06:56:15,30000.0,300.0,518400.0
214,2021-10-18 06:56:15,30000.0,500.0,518100.0
215,2021-10-18 06:56:15,30000.0,700.0,517600.0
216,2021-10-18 06:54:40,30000.0,300.0,516900.0
217,2021-10-18 06:54:28,30000.0,1100.0,516600.0
218,2021-10-18 06:53:38,30000.0,500.0,515500.0
219,2021-10-18 06:53:38,30000.0,1400.0,515000.0
220,2021-10-18 06:52:19,29950.0,500.0,513600.0
221,2021-10-18 06:51:50,29950.0,500.0,513100.0
222,2021-10-18 06:50:59,29900.0,200.0,512600.0
223,2021-10-18 06:50:52,29950.0,500.0,512400.0
224,2021-10-18 06:50:10,29950.0,1000.0,511900.0
225,2021-10-18 06:50:10,29950.0,100.0,510900.0
226,2021-10-18 06:49:36,29950.0,400.0,510800.0
227,2021-10-18 06:48:40,29950.0,1000.0,510400.0
228,2021-10-18 06:48:40,29950.0,100.0,509400.0
229,2021-10-18 06:48:40,29950.0,200.0,509300.0
230,2021-10-18 06:45:43,29950.0,100.0,509100.0
231,2021-10-18 06:42:51,30000.0,700.0,509000.0
232,2021-10-18 06:42:51,30000.0,300.0,508300.0
233,2021-10-18 06:41:41,30000.0,600.0,508000.0
234,2021-10-18 06:41:35,30000.0,200.0,507400.0
235,2021-10-18 06:41:35,30000.0,100.0,507200.0
236,2021-10-18 06:41:35,30000.0,200.0,507100.0
237,2021-10-18 06:41:27,30000.0,500.0,506900.0
238,2021-10-18 06:41:16,30000.0,100.0,506400.0
239,2021-10-18 06:40:48,30000.0,5900.0,506300.0
240,2021-10-18 06:40:48,30000.0,3300.0,500400.0
241,2021-10-18 06:40:48,30000.0,800.0,497100.0
242,2021-10-18 06:38:49,30000.0,500.0,496300.0
243,2021-10-18 06:37:37,30000.0,100.0,495800.0
244,2021-10-18 06:37:31,30000.0,700.0,495700.0
245,2021-10-18 06:37:21,30000.0,1300.0,495000.0
246,2021-10-18 06:37:21,30000.0,4000.0,493700.0
247,2021-10-18 06:37:03,30000.0,500.0,489700.0
248,2021-10-18 06:36:39,30000.0,2000.0,489200.0
249,2021-10-18 06:36:37,30000.0,2100.0,487200.0
250,2021-10-18 06:36:17,30000.0,1400.0,485100.0
251,2021-10-18 06:36:17,30000.0,200.0,483700.0
252,2021-10-18 06:36:17,30000.0,2600.0,483500.0
253,2021-10-18 06:36:17,30000.0,300.0,480900.0
254,2021-10-18 06:36:17,29950.0,500.0,480600.0
255,2021-10-18 06:36:04,29900.0,100.0,480100.0
256,2021-10-18 06:34:12,29900.0,1000.0,480000.0
257,2021-10-18 06:34:12,29900.0,500.0,479000.0
258,2021-10-18 06:34:12,29900.0,500.0,478500.0
259,2021-10-18 06:34:12,29900.0,2500.0,478000.0
260,2021-10-18 06:34:11,29900.0,1500.0,475500.0
261,2021-10-18 06:33:49,29900.0,100.0,474000.0
262,2021-10-18 06:29:18,29850.0,100.0,473900.0
263,2021-10-18 06:29:03,29900.0,1600.0,473800.0
264,2021-10-18 06:28:52,29900.0,6100.0,472200.0
265,2021-10-18 06:28:12,29900.0,500.0,466100.0
266,2021-10-18 06:27:43,29900.0,300.0,465600.0
267,2021-10-18 06:27:32,29900.0,1000.0,465300.0
268,2021-10-18 06:27:21,29900.0,500.0,464300.0
269,2021-10-18 06:27:21,29900.0,500.0,463800.0
270,2021-10-18 06:27:21,29900.0,3000.0,463300.0
271,2021-10-18 06:27:21,29900.0,2400.0,460300.0
272,2021-10-18 06:27:09,29950.0,300.0,457900.0
273,2021-10-18 06:25:03,29900.0,300.0,457600.0
274,2021-10-18 06:25:03,29900.0,5000.0,457300.0
275,2021-10-18 06:25:03,29900.0,100.0,452300.0
276,2021-10-18 06:25:03,29900.0,2000.0,452200.0
277,2021-10-18 06:25:03,29900.0,200.0,450200.0
278,2021-10-18 06:24:41,29850.0,100.0,450000.0
279,2021-10-18 06:24:41,29850.0,100.0,449900.0
280,2021-10-18 06:24:38,29900.0,300.0,449800.0
281,2021-10-18 06:24:20,29850.0,500.0,449500.0
282,2021-10-18 06:23:52,29850.0,400.0,449000.0
283,2021-10-18 06:23:52,29850.0,100.0,448600.0
284,2021-10-18 06:18:43,29850.0,300.0,448500.0
285,2021-10-18 06:17:15,29850.0,200.0,448200.0
286,2021-10-18 06:16:41,29900.0,500.0,448000.0
287,2021-10-18 06:16:17,29900.0,100.0,447500.0
288,2021-10-18 06:14:33,29850.0,400.0,447400.0
289,2021-10-18 06:14:33,29850.0,500.0,447000.0
290,2021-10-18 06:14:33,29850.0,100.0,446500.0
291,2021-10-18 06:14:33,29850.0,2000.0,446400.0
292,2021-10-18 06:14:33,29850.0,1000.0,444400.0
293,2021-10-18 06:14:33,29850.0,200.0,443400.0
294,2021-10-18 06:14:33,29850.0,500.0,443200.0
295,2021-10-18 06:14:33,29850.0,200.0,442700.0
296,2021-10-18 06:14:33,29850.0,500.0,442500.0
297,2021-10-18 06:14:33,29850.0,2200.0,442000.0
298,2021-10-18 06:14:33,29850.0,400.0,439800.0
299,2021-10-18 06:12:52,29900.0,4000.0,439400.0
300,2021-10-18 06:09:31,29850.0,600.0,435400.0
301,2021-10-18 06:09:22,29850.0,1000.0,434800.0
302,2021-10-18 06:08:40,29850.0,3000.0,433800.0
303,2021-10-18 06:08:40,29850.0,1000.0,430800.0
304,2021-10-18 06:06:42,29900.0,600.0,429800.0
305,2021-10-18 06:06:42,29900.0,400.0,429200.0
306,2021-10-18 06:06:17,29900.0,600.0,428800.0
307,2021-10-18 06:06:09,29900.0,400.0,428200.0
308,2021-10-18 06:06:09,29900.0,800.0,427800.0
309,2021-10-18 06:05:47,29900.0,600.0,427000.0
310,2021-10-18 06:05:47,29900.0,1500.0,426400.0
311,2021-10-18 06:04:44,29900.0,100.0,424900.0
312,2021-10-18 06:02:37,29900.0,200.0,424800.0
313,2021-10-18 06:02:37,29900.0,2000.0,424600.0
314,2021-10-18 06:02:37,29900.0,500.0,422600.0
315,2021-10-18 06:02:28,29900.0,200.0,422100.0
316,2021-10-18 06:01:24,29900.0,500.0,421900.0
317,2021-10-18 06:00:21,29950.0,300.0,421400.0
318,2021-10-18 06:00:07,29950.0,900.0,421100.0
319,2021-10-18 06:00:07,29950.0,1000.0,420200.0
320,2021-10-18 06:00:07,29950.0,100.0,419200.0
321,2021-10-18 06:00:01,29900.0,1100.0,419100.0
322,2021-10-18 06:00:01,29950.0,300.0,418000.0
323,2021-10-18 04:29:39,29950.0,100.0,417700.0
324,2021-10-18 04:29:20,29950.0,200.0,417600.0
325,2021-10-18 04:28:05,29950.0,300.0,417400.0
326,2021-10-18 04:27:28,29950.0,5000.0,417100.0
327,2021-10-18 04:23:52,29950.0,200.0,412100.0
328,2021-10-18 04:23:32,29900.0,200.0,411900.0
329,2021-10-18 04:21:49,29900.0,300.0,411700.0
330,2021-10-18 04:20:54,29900.0,200.0,411400.0
331,2021-10-18 04:20:54,29900.0,500.0,411200.0
332,2021-10-18 04:19:09,29900.0,200.0,410700.0
333,2021-10-18 04:19:00,29900.0,100.0,410500.0
334,2021-10-18 04:19:00,29900.0,400.0,410400.0
335,2021-10-18 04:18:18,29900.0,500.0,410000.0
336,2021-10-18 04:18:07,29900.0,1300.0,409500.0
337,2021-10-18 04:17:29,29900.0,1000.0,408200.0
338,2021-10-18 04:17:13,29900.0,700.0,407200.0
339,2021-10-18 04:16:56,29900.0,1000.0,406500.0
340,2021-10-18 04:16:06,29900.0,100.0,405500.0
341,2021-10-18 04:13:52,29800.0,200.0,405400.0
342,2021-10-18 04:13:33,29800.0,100.0,405200.0
343,2021-10-18 04:13:33,29800.0,300.0,405100.0
344,2021-10-18 04:13:21,29800.0,400.0,404800.0
345,2021-10-18 04:13:21,29800.0,600.0,404400.0
346,2021-10-18 04:13:21,29800.0,200.0,403800.0
347,2021-10-18 04:13:17,29800.0,1000.0,403600.0
348,2021-10-18 04:12:47,29800.0,200.0,402600.0
349,2021-10-18 04:12:47,29800.0,4600.0,402400.0
350,2021-10-18 04:12:47,29800.0,200.0,397800.0
351,2021-10-18 04:10:37,29750.0,2000.0,397600.0
352,2021-10-18 04:09:10,29700.0,100.0,395600.0
353,2021-10-18 04:06:20,29700.0,1100.0,395500.0
354,2021-10-18 04:06:04,29750.0,1000.0,394400.0
355,2021-10-18 04:06:04,29750.0,1000.0,393400.0
356,2021-10-18 04:04:10,29700.0,100.0,392400.0
357,2021-10-18 04:04:02,29700.0,300.0,392300.0
358,2021-10-18 04:04:01,29750.0,1000.0,392000.0
359,2021-10-18 04:02:57,29700.0,1300.0,391000.0
360,2021-10-18 04:02:57,29700.0,1600.0,389700.0
361,2021-10-18 04:02:31,29700.0,100.0,388100.0
362,2021-10-18 04:02:31,29700.0,100.0,388000.0
363,2021-10-18 04:02:31,29700.0,700.0,387900.0
364,2021-10-18 04:01:34,29700.0,1000.0,387200.0
365,2021-10-18 04:01:34,29700.0,3800.0,386200.0
366,2021-10-18 04:01:34,29700.0,500.0,382400.0
367,2021-10-18 04:00:37,29650.0,100.0,381900.0
368,2021-10-18 04:00:37,29650.0,200.0,381800.0
369,2021-10-18 04:00:37,29650.0,100.0,381600.0
370,2021-10-18 04:00:37,29650.0,100.0,381500.0
371,2021-10-18 04:00:13,29650.0,1000.0,381400.0
372,2021-10-18 03:59:49,29650.0,200.0,380400.0
373,2021-10-18 03:59:43,29650.0,200.0,380200.0
374,2021-10-18 03:59:36,29650.0,200.0,380000.0
375,2021-10-18 03:59:36,29650.0,100.0,379800.0
376,2021-10-18 03:59:36,29650.0,100.0,379700.0
377,2021-10-18 03:59:36,29650.0,200.0,379600.0
378,2021-10-18 03:59:33,29650.0,100.0,379400.0
379,2021-10-18 03:59:33,29650.0,300.0,379300.0
380,2021-10-18 03:59:33,29650.0,100.0,379000.0
381,2021-10-18 03:59:33,29650.0,200.0,378900.0
382,2021-10-18 03:59:33,29650.0,100.0,378700.0
383,2021-10-18 03:59:32,29650.0,100.0,378600.0
384,2021-10-18 03:59:32,29650.0,100.0,378500.0
385,2021-10-18 03:59:32,29650.0,100.0,378400.0
386,2021-10-18 03:59:32,29650.0,1200.0,378300.0
387,2021-10-18 03:59:32,29650.0,1000.0,377100.0
388,2021-10-18 03:59:32,29650.0,100.0,376100.0
389,2021-10-18 03:59:32,29650.0,100.0,376000.0
390,2021-10-18 03:59:32,29650.0,500.0,375900.0
391,2021-10-18 03:59:32,29650.0,800.0,375400.0
392,2021-10-18 03:59:32,29650.0,1000.0,374600.0
393,2021-10-18 03:59:08,29650.0,1500.0,373600.0
394,2021-10-18 03:58:44,29650.0,500.0,372100.0
395,2021-10-18 03:58:44,29650.0,200.0,371600.0
396,2021-10-18 03:58:44,29650.0,800.0,371400.0
397,2021-10-18 03:57:19,29650.0,200.0,370600.0
398,2021-10-18 03:57:19,29650.0,100.0,370400.0
399,2021-10-18 03:57:19,29650.0,100.0,370300.0
400,2021-10-18 03:57:19,29650.0,300.0,370200.0
401,2021-10-18 03:56:38,29650.0,1700.0,369900.0
402,2021-10-18 03:56:38,29650.0,100.0,368200.0
403,2021-10-18 03:56:38,29650.0,200.0,368100.0
404,2021-10-18 03:56:38,29650.0,100.0,367900.0
405,2021-10-18 03:56:38,29650.0,1000.0,367800.0
406,2021-10-18 03:56:38,29650.0,100.0,366800.0
407,2021-10-18 03:56:38,29650.0,1000.0,366700.0
408,2021-10-18 03:56:38,29650.0,500.0,365700.0
409,2021-10-18 03:56:38,29650.0,1000.0,365200.0
410,2021-10-18 03:56:38,29650.0,100.0,364200.0
411,2021-10-18 03:56:38,29650.0,500.0,364100.0
412,2021-10-18 03:56:38,29650.0,300.0,363600.0
413,2021-10-18 03:56:38,29650.0,1000.0,363300.0
414,2021-10-18 03:56:38,29650.0,100.0,362300.0
415,2021-10-18 03:56:38,29650.0,100.0,362200.0
416,2021-10-18 03:56:38,29650.0,100.0,362100.0
417,2021-10-18 03:56:38,29650.0,2100.0,362000.0
418,2021-10-18 03:56:34,29700.0,200.0,359900.0
419,2021-10-18 03:56:19,29700.0,200.0,359700.0
420,2021-10-18 03:56:19,29700.0,300.0,359500.0
421,2021-10-18 03:56:19,29700.0,1000.0,359200.0
422,2021-10-18 03:56:19,29700.0,900.0,358200.0
423,2021-10-18 03:56:19,29700.0,900.0,357300.0
424,2021-10-18 03:54:19,29700.0,100.0,356400.0
425,2021-10-18 03:53:48,29650.0,400.0,356300.0
426,2021-10-18 03:53:01,29650.0,100.0,355900.0
427,2021-10-18 03:53:01,29650.0,500.0,355800.0
428,2021-10-18 03:53:01,29650.0,1000.0,355300.0
429,2021-10-18 03:53:01,29650.0,500.0,354300.0
430,2021-10-18 03:53:01,29650.0,100.0,353800.0
431,2021-10-18 03:53:01,29650.0,100.0,353700.0
432,2021-10-18 03:53:01,29650.0,200.0,353600.0
433,2021-10-18 03:53:01,29650.0,1500.0,353400.0
434,2021-10-18 03:53:01,29700.0,700.0,351900.0
435,2021-10-18 03:52:58,29700.0,100.0,351200.0
436,2021-10-18 03:52:58,29700.0,200.0,351100.0
437,2021-10-18 03:52:45,29650.0,300.0,350900.0
438,2021-10-18 03:52:21,29650.0,200.0,350600.0
439,2021-10-18 03:52:21,29650.0,100.0,350400.0
440,2021-10-18 03:52:12,29700.0,800.0,350300.0
441,2021-10-18 03:52:12,29700.0,200.0,349500.0
442,2021-10-18 03:51:33,29700.0,100.0,349300.0
443,2021-10-18 03:51:09,29700.0,800.0,349200.0
444,2021-10-18 03:51:09,29700.0,200.0,348400.0
445,2021-10-18 03:50:45,29700.0,100.0,348200.0
446,2021-10-18 03:50:45,29700.0,100.0,348100.0
447,2021-10-18 03:50:45,29700.0,100.0,348000.0
448,2021-10-18 03:50:44,29700.0,100.0,347900.0
449,2021-10-18 03:50:44,29700.0,500.0,347800.0
450,2021-10-18 03:50:44,29700.0,100.0,347300.0
451,2021-10-18 03:50:44,29700.0,100.0,347200.0
452,2021-10-18 03:50:44,29700.0,200.0,347100.0
453,2021-10-18 03:50:37,29700.0,1000.0,346900.0
454,2021-10-18 03:50:32,29700.0,100.0,345900.0
455,2021-10-18 03:50:32,29700.0,500.0,345800.0
456,2021-10-18 03:50:32,29700.0,300.0,345300.0
457,2021-10-18 03:49:59,29700.0,100.0,345000.0
458,2021-10-18 03:49:59,29700.0,2000.0,344900.0
459,2021-10-18 03:49:59,29700.0,100.0,342900.0
460,2021-10-18 03:49:59,29700.0,300.0,342800.0
461,2021-10-18 03:49:59,29700.0,300.0,342500.0
462,2021-10-18 03:49:59,29700.0,200.0,342200.0
463,2021-10-18 03:49:42,29750.0,1000.0,342000.0
464,2021-10-18 03:49:13,29700.0,300.0,341000.0
465,2021-10-18 03:48:12,29700.0,500.0,340700.0
466,2021-10-18 03:48:12,29700.0,300.0,340200.0
467,2021-10-18 03:48:12,29700.0,200.0,339900.0
468,2021-10-18 03:48:12,29700.0,300.0,339700.0
469,2021-10-18 03:48:12,29700.0,500.0,339400.0
470,2021-10-18 03:48:12,29700.0,2000.0,338900.0
471,2021-10-18 03:48:12,29700.0,100.0,336900.0
472,2021-10-18 03:48:12,29700.0,500.0,336800.0
473,2021-10-18 03:48:12,29700.0,20000.0,336300.0
474,2021-10-18 03:48:12,29700.0,9000.0,316300.0
475,2021-10-18 03:48:12,29700.0,500.0,307300.0
476,2021-10-18 03:48:12,29700.0,100.0,306800.0
477,2021-10-18 03:48:12,29700.0,3000.0,306700.0
478,2021-10-18 03:48:12,29700.0,100.0,303700.0
479,2021-10-18 03:48:12,29700.0,100.0,303600.0
480,2021-10-18 03:48:12,29700.0,400.0,303500.0
481,2021-10-18 03:48:12,29700.0,1000.0,303100.0
482,2021-10-18 03:48:12,29700.0,600.0,302100.0
483,2021-10-18 03:48:12,29700.0,100.0,301500.0
484,2021-10-18 03:48:12,29700.0,100.0,301400.0
485,2021-10-18 03:48:12,29700.0,1000.0,301300.0
486,2021-10-18 03:48:12,29700.0,3500.0,300300.0
487,2021-10-18 03:48:12,29700.0,100.0,296800.0
488,2021-10-18 03:48:12,29700.0,200.0,296700.0
489,2021-10-18 03:48:12,29700.0,100.0,296500.0
490,2021-10-18 03:48:12,29700.0,600.0,296400.0
491,2021-10-18 03:48:12,29750.0,700.0,295800.0
492,2021-10-18 03:48:12,29750.0,200.0,295100.0
493,2021-10-18 03:48:12,29750.0,600.0,294900.0
494,2021-10-18 03:48:12,29750.0,100.0,294300.0
495,2021-10-18 03:48:04,29750.0,900.0,294200.0
496,2021-10-18 03:48:04,29750.0,100.0,293300.0
497,2021-10-18 03:48:04,29750.0,700.0,293200.0
498,2021-10-18 03:48:04,29750.0,600.0,292500.0
499,2021-10-18 03:48:04,29750.0,1000.0,291900.0
500,2021-10-18 03:48:04,29750.0,100.0,290900.0
501,2021-10-18 03:48:04,29750.0,200.0,290800.0
502,2021-10-18 03:48:04,29750.0,400.0,290600.0
503,2021-10-18 03:48:04,29750.0,100.0,290200.0
504,2021-10-18 03:48:04,29750.0,100.0,290100.0
505,2021-10-18 03:48:04,29750.0,1000.0,290000.0
506,2021-10-18 03:48:04,29750.0,1500.0,289000.0
507,2021-10-18 03:48:04,29750.0,1000.0,287500.0
508,2021-10-18 03:48:04,29750.0,400.0,286500.0
509,2021-10-18 03:48:04,29750.0,800.0,286100.0
510,2021-10-18 03:46:17,29750.0,200.0,285300.0
511,2021-10-18 03:46:17,29750.0,100.0,285100.0
512,2021-10-18 03:45:57,29800.0,800.0,285000.0
513,2021-10-18 03:45:46,29800.0,100.0,284200.0
514,2021-10-18 03:45:27,29800.0,1900.0,284100.0
515,2021-10-18 03:45:27,29800.0,100.0,282200.0
516,2021-10-18 03:45:06,29800.0,200.0,282100.0
517,2021-10-18 03:44:49,29800.0,100.0,281900.0
518,2021-10-18 03:44:24,29800.0,4000.0,281800.0
519,2021-10-18 03:44:15,29800.0,3800.0,277800.0
520,2021-10-18 03:42:36,29750.0,500.0,274000.0
521,2021-10-18 03:41:38,29800.0,100.0,273500.0
522,2021-10-18 03:40:38,29750.0,4900.0,273400.0
523,2021-10-18 03:40:38,29750.0,1000.0,268500.0
524,2021-10-18 03:40:38,29750.0,100.0,267500.0
525,2021-10-18 03:40:38,29750.0,2000.0,267400.0
526,2021-10-18 03:40:38,29750.0,1000.0,265400.0
527,2021-10-18 03:40:38,29750.0,1000.0,264400.0
528,2021-10-18 03:40:36,29800.0,100.0,263400.0
529,2021-10-18 03:40:29,29800.0,100.0,263300.0
530,2021-10-18 03:40:22,29800.0,100.0,263200.0
531,2021-10-18 03:39:32,29750.0,100.0,263100.0
532,2021-10-18 03:39:24,29800.0,200.0,263000.0
533,2021-10-18 03:38:37,29750.0,200.0,262800.0
534,2021-10-18 03:38:34,29750.0,700.0,262600.0
535,2021-10-18 03:38:34,29750.0,100.0,261900.0
536,2021-10-18 03:38:34,29750.0,100.0,261800.0
537,2021-10-18 03:38:34,29750.0,100.0,261700.0
538,2021-10-18 03:37:20,29750.0,1300.0,261600.0
539,2021-10-18 03:36:39,29750.0,200.0,260300.0
540,2021-10-18 03:36:37,29750.0,400.0,260100.0
541,2021-10-18 03:36:37,29750.0,100.0,259700.0
542,2021-10-18 03:35:33,29750.0,900.0,259600.0
543,2021-10-18 03:35:33,29750.0,100.0,258700.0
544,2021-10-18 03:34:42,29750.0,100.0,258600.0
545,2021-10-18 03:34:42,29750.0,500.0,258500.0
546,2021-10-18 03:34:42,29750.0,2300.0,258000.0
547,2021-10-18 03:34:35,29750.0,200.0,255700.0
548,2021-10-18 03:34:20,29750.0,1000.0,255500.0
549,2021-10-18 03:33:43,29750.0,500.0,254500.0
550,2021-10-18 03:33:29,29750.0,400.0,254000.0
551,2021-10-18 03:33:29,29750.0,1100.0,253600.0
552,2021-10-18 03:33:27,29700.0,500.0,252500.0
553,2021-10-18 03:33:04,29750.0,900.0,252000.0
554,2021-10-18 03:33:04,29750.0,100.0,251100.0
555,2021-10-18 03:33:03,29750.0,200.0,251000.0
556,2021-10-18 03:33:00,29750.0,1000.0,250800.0
557,2021-10-18 03:32:58,29750.0,1000.0,249800.0
558,2021-10-18 03:32:52,29750.0,600.0,248800.0
559,2021-10-18 03:32:50,29750.0,1000.0,248200.0
560,2021-10-18 03:31:42,29750.0,1000.0,247200.0
561,2021-10-18 03:31:36,29750.0,100.0,246200.0
562,2021-10-18 03:31:27,29750.0,500.0,246100.0
563,2021-10-18 03:31:05,29750.0,300.0,245600.0
564,2021-10-18 03:31:05,29750.0,200.0,245300.0
565,2021-10-18 03:31:05,29750.0,2500.0,245100.0
566,2021-10-18 03:31:05,29750.0,1000.0,242600.0
567,2021-10-18 03:31:05,29750.0,500.0,241600.0
568,2021-10-18 03:30:49,29750.0,500.0,241100.0
569,2021-10-18 03:30:49,29750.0,1400.0,240600.0
570,2021-10-18 03:30:06,29750.0,1000.0,239200.0
571,2021-10-18 03:29:32,29750.0,100.0,238200.0
572,2021-10-18 03:29:32,29750.0,500.0,238100.0
573,2021-10-18 03:29:32,29750.0,300.0,237600.0
574,2021-10-18 03:29:32,29750.0,100.0,237300.0
575,2021-10-18 03:29:17,29750.0,100.0,237200.0
576,2021-10-18 03:29:17,29750.0,100.0,237100.0
577,2021-10-18 03:29:17,29750.0,500.0,237000.0
578,2021-10-18 03:29:17,29750.0,100.0,236500.0
579,2021-10-18 03:29:08,29750.0,1400.0,236400.0
580,2021-10-18 03:28:48,29800.0,300.0,235000.0
581,2021-10-18 03:28:42,29800.0,200.0,234700.0
582,2021-10-18 03:28:06,29800.0,500.0,234500.0
583,2021-10-18 03:28:06,29800.0,200.0,234000.0
584,2021-10-18 03:27:43,29800.0,800.0,233800.0
585,2021-10-18 03:27:16,29800.0,1000.0,233000.0
586,2021-10-18 03:27:16,29800.0,200.0,232000.0
587,2021-10-18 03:26:43,29800.0,800.0,231800.0
588,2021-10-18 03:26:43,29800.0,200.0,231000.0
589,2021-10-18 03:26:43,29800.0,100.0,230800.0
590,2021-10-18 03:26:43,29800.0,100.0,230700.0
591,2021-10-18 03:25:56,29800.0,900.0,230600.0
592,2021-10-18 03:25:56,29800.0,300.0,229700.0
593,2021-10-18 03:25:56,29800.0,100.0,229400.0
594,2021-10-18 03:25:56,29800.0,700.0,229300.0
595,2021-10-18 03:25:56,29800.0,100.0,228600.0
596,2021-10-18 03:25:56,29800.0,2900.0,228500.0
597,2021-10-18 03:25:44,29900.0,500.0,225600.0
598,2021-10-18 03:25:44,29900.0,1300.0,225100.0
599,2021-10-18 03:25:41,29900.0,500.0,223800.0
600,2021-10-18 03:25:27,29900.0,500.0,223300.0
601,2021-10-18 03:25:00,29900.0,300.0,222800.0
602,2021-10-18 03:24:39,29900.0,500.0,222500.0
603,2021-10-18 03:24:39,29900.0,400.0,222000.0
604,2021-10-18 03:24:14,29900.0,300.0,221600.0
605,2021-10-18 03:24:14,29900.0,2700.0,221300.0
606,2021-10-18 03:24:06,29900.0,2000.0,218600.0
607,2021-10-18 03:23:24,29900.0,300.0,216600.0
608,2021-10-18 03:21:11,29900.0,1000.0,216300.0
609,2021-10-18 03:21:11,29900.0,1000.0,215300.0
610,2021-10-18 03:21:11,29900.0,200.0,214300.0
611,2021-10-18 03:21:11,29900.0,100.0,214100.0
612,2021-10-18 03:21:11,29900.0,600.0,214000.0
613,2021-10-18 03:21:11,29900.0,2200.0,213400.0
614,2021-10-18 03:19:57,29800.0,1000.0,211200.0
615,2021-10-18 03:19:57,29800.0,100.0,210200.0
616,2021-10-18 03:19:39,29800.0,100.0,210100.0
617,2021-10-18 03:19:32,29800.0,1800.0,210000.0
618,2021-10-18 03:19:32,29800.0,2200.0,208200.0
619,2021-10-18 03:19:32,29750.0,500.0,206000.0
620,2021-10-18 03:19:11,29800.0,100.0,205500.0
621,2021-10-18 03:18:28,29800.0,500.0,205400.0
622,2021-10-18 03:18:25,29700.0,400.0,204900.0
623,2021-10-18 03:18:06,29700.0,500.0,204500.0
624,2021-10-18 03:18:06,29700.0,500.0,204000.0
625,2021-10-18 03:18:06,29700.0,1300.0,203500.0
626,2021-10-18 03:18:06,29700.0,400.0,202200.0
627,2021-10-18 03:18:06,29700.0,100.0,201800.0
628,2021-10-18 03:18:06,29700.0,100.0,201700.0
629,2021-10-18 03:18:06,29700.0,1700.0,201600.0
630,2021-10-18 03:18:06,29700.0,200.0,199900.0
631,2021-10-18 03:18:06,29700.0,500.0,199700.0
632,2021-10-18 03:18:06,29700.0,700.0,199200.0
633,2021-10-18 03:18:06,29750.0,100.0,198500.0
634,2021-10-18 03:18:06,29750.0,500.0,198400.0
635,2021-10-18 03:18:06,29750.0,500.0,197900.0
636,2021-10-18 03:18:06,29750.0,100.0,197400.0
637,2021-10-18 03:18:06,29750.0,1500.0,197300.0
638,2021-10-18 03:18:06,29750.0,200.0,195800.0
639,2021-10-18 03:18:06,29750.0,500.0,195600.0
640,2021-10-18 03:18:06,29750.0,500.0,195100.0
641,2021-10-18 03:18:06,29750.0,100.0,194600.0
642,2021-10-18 03:17:57,29750.0,500.0,194500.0
643,2021-10-18 03:17:16,29750.0,200.0,194000.0
644,2021-10-18 03:17:16,29800.0,500.0,193800.0
645,2021-10-18 03:16:50,29800.0,300.0,193300.0
646,2021-10-18 03:16:41,29750.0,400.0,193000.0
647,2021-10-18 03:16:22,29750.0,700.0,192600.0
648,2021-10-18 03:16:22,29750.0,300.0,191900.0
649,2021-10-18 03:15:40,29750.0,100.0,191600.0
650,2021-10-18 03:14:26,29750.0,600.0,191500.0
651,2021-10-18 03:14:26,29750.0,200.0,190900.0
652,2021-10-18 03:14:26,29750.0,100.0,190700.0
653,2021-10-18 03:11:50,29700.0,100.0,190600.0
654,2021-10-18 03:09:43,29700.0,200.0,190500.0
655,2021-10-18 03:09:43,29700.0,100.0,190300.0
656,2021-10-18 03:09:43,29700.0,100.0,190200.0
657,2021-10-18 03:09:43,29700.0,400.0,190100.0
658,2021-10-18 03:09:43,29700.0,200.0,189700.0
659,2021-10-18 03:09:43,29700.0,2000.0,189500.0
660,2021-10-18 03:09:43,29700.0,100.0,187500.0
661,2021-10-18 03:09:43,29700.0,900.0,187400.0
662,2021-10-18 03:09:43,29700.0,2500.0,186500.0
663,2021-10-18 03:09:43,29700.0,200.0,184000.0
664,2021-10-18 03:09:43,29700.0,100.0,183800.0
665,2021-10-18 03:09:43,29700.0,200.0,183700.0
666,2021-10-18 03:09:43,29700.0,500.0,183500.0
667,2021-10-18 03:09:43,29700.0,200.0,183000.0
668,2021-10-18 03:09:43,29700.0,100.0,182800.0
669,2021-10-18 03:09:43,29700.0,500.0,182700.0
670,2021-10-18 03:09:43,29700.0,100.0,182200.0
671,2021-10-18 03:09:43,29700.0,500.0,182100.0
672,2021-10-18 03:09:43,29700.0,1000.0,181600.0
673,2021-10-18 03:09:43,29700.0,100.0,180600.0
674,2021-10-18 03:09:43,29700.0,2900.0,180500.0
675,2021-10-18 03:09:43,29750.0,400.0,177600.0
676,2021-10-18 03:09:34,29800.0,1100.0,177200.0
677,2021-10-18 03:09:25,29800.0,300.0,176100.0
678,2021-10-18 03:09:07,29750.0,100.0,175800.0
679,2021-10-18 03:09:07,29750.0,100.0,175700.0
680,2021-10-18 03:08:57,29750.0,400.0,175600.0
681,2021-10-18 03:08:48,29750.0,300.0,175200.0
682,2021-10-18 03:08:45,29750.0,100.0,174900.0
683,2021-10-18 03:08:45,29750.0,200.0,174800.0
684,2021-10-18 03:08:45,29750.0,500.0,174600.0
685,2021-10-18 03:08:45,29750.0,100.0,174100.0
686,2021-10-18 03:08:45,29750.0,300.0,174000.0
687,2021-10-18 03:08:45,29750.0,100.0,173700.0
688,2021-10-18 03:08:45,29750.0,100.0,173600.0
689,2021-10-18 03:08:45,29750.0,300.0,173500.0
690,2021-10-18 03:08:45,29750.0,100.0,173200.0
691,2021-10-18 03:08:45,29750.0,500.0,173100.0
692,2021-10-18 03:08:23,29750.0,1000.0,172600.0
693,2021-10-18 03:08:21,29800.0,200.0,171600.0
694,2021-10-18 03:07:58,29800.0,100.0,171400.0
695,2021-10-18 03:07:58,29800.0,600.0,171300.0
696,2021-10-18 03:07:58,29800.0,2000.0,170700.0
697,2021-10-18 03:07:58,29800.0,100.0,168700.0
698,2021-10-18 03:07:58,29800.0,500.0,168600.0
699,2021-10-18 03:07:58,29800.0,1000.0,168100.0
700,2021-10-18 03:07:58,29800.0,100.0,167100.0
701,2021-10-18 03:07:58,29800.0,100.0,167000.0
702,2021-10-18 03:07:58,29800.0,500.0,166900.0
703,2021-10-18 03:07:58,29800.0,200.0,166400.0
704,2021-10-18 03:07:45,29850.0,900.0,166200.0
705,2021-10-18 03:07:41,29850.0,600.0,165300.0
706,2021-10-18 03:07:12,29850.0,5000.0,164700.0
707,2021-10-18 03:06:05,29800.0,100.0,159700.0
708,2021-10-18 03:06:05,29800.0,1000.0,159600.0
709,2021-10-18 03:06:05,29800.0,100.0,158600.0
710,2021-10-18 03:05:59,29800.0,100.0,158500.0
711,2021-10-18 03:05:59,29800.0,100.0,158400.0
712,2021-10-18 03:05:59,29800.0,300.0,158300.0
713,2021-10-18 03:04:19,29800.0,700.0,158000.0
714,2021-10-18 03:04:19,29800.0,200.0,157300.0
715,2021-10-18 03:04:19,29800.0,100.0,157100.0
716,2021-10-18 03:04:19,29800.0,200.0,157000.0
717,2021-10-18 03:04:19,29800.0,200.0,156800.0
718,2021-10-18 03:04:19,29800.0,200.0,156600.0
719,2021-10-18 03:04:19,29800.0,100.0,156400.0
720,2021-10-18 03:04:11,29800.0,100.0,156300.0
721,2021-10-18 03:04:11,29800.0,100.0,156200.0
722,2021-10-18 03:04:11,29800.0,600.0,156100.0
723,2021-10-18 03:04:11,29800.0,5000.0,155500.0
724,2021-10-18 03:04:11,29800.0,100.0,150500.0
725,2021-10-18 03:04:11,29800.0,200.0,150400.0
726,2021-10-18 03:04:11,29800.0,2000.0,150200.0
727,2021-10-18 03:04:11,29800.0,600.0,148200.0
728,2021-10-18 03:04:11,29800.0,300.0,147600.0
729,2021-10-18 03:04:01,29850.0,6200.0,147300.0
730,2021-10-18 03:03:56,29850.0,100.0,141100.0
731,2021-10-18 03:03:40,29850.0,100.0,141000.0
732,2021-10-18 03:02:37,29850.0,1600.0,140900.0
733,2021-10-18 03:02:37,29850.0,200.0,139300.0
734,2021-10-18 03:02:37,29850.0,100.0,139100.0
735,2021-10-18 03:02:37,29850.0,100.0,139000.0
736,2021-10-18 03:01:11,29850.0,400.0,138900.0
737,2021-10-18 03:00:47,29850.0,500.0,138500.0
738,2021-10-18 03:00:47,29850.0,700.0,138000.0
739,2021-10-18 03:00:18,29900.0,3700.0,137300.0
740,2021-10-18 03:00:18,29900.0,1300.0,133600.0
741,2021-10-18 03:00:04,29900.0,100.0,132300.0
742,2021-10-18 02:59:37,29850.0,300.0,132200.0
743,2021-10-18 02:59:37,29850.0,200.0,131900.0
744,2021-10-18 02:59:25,29900.0,100.0,131700.0
745,2021-10-18 02:59:23,29850.0,100.0,131600.0
746,2021-10-18 02:59:23,29850.0,100.0,131500.0
747,2021-10-18 02:59:23,29850.0,100.0,131400.0
748,2021-10-18 02:59:19,29850.0,800.0,131300.0
749,2021-10-18 02:59:01,29900.0,100.0,130500.0
750,2021-10-18 02:59:00,29900.0,1000.0,130400.0
751,2021-10-18 02:58:14,29900.0,1700.0,129400.0
752,2021-10-18 02:56:59,29850.0,500.0,127700.0
753,2021-10-18 02:56:35,29850.0,500.0,127200.0
754,2021-10-18 02:56:20,29850.0,100.0,126700.0
755,2021-10-18 02:55:43,29850.0,200.0,126600.0
756,2021-10-18 02:55:40,29850.0,100.0,126400.0
757,2021-10-18 02:55:12,29800.0,1500.0,126300.0
758,2021-10-18 02:54:45,29800.0,1000.0,124800.0
759,2021-10-18 02:54:23,29800.0,500.0,123800.0
760,2021-10-18 02:54:08,29800.0,1000.0,123300.0
761,2021-10-18 02:53:46,29800.0,700.0,122300.0
762,2021-10-18 02:53:46,29800.0,100.0,121600.0
763,2021-10-18 02:53:46,29800.0,700.0,121500.0
764,2021-10-18 02:53:38,29900.0,100.0,120800.0
765,2021-10-18 02:53:38,29800.0,300.0,120700.0
766,2021-10-18 02:53:38,29800.0,200.0,120400.0
767,2021-10-18 02:53:38,29800.0,10000.0,120200.0
768,2021-10-18 02:53:38,29800.0,500.0,110200.0
769,2021-10-18 02:53:38,29800.0,300.0,109700.0
770,2021-10-18 02:53:38,29800.0,200.0,109400.0
771,2021-10-18 02:53:38,29800.0,100.0,109200.0
772,2021-10-18 02:53:38,29800.0,400.0,109100.0
773,2021-10-18 02:53:38,29800.0,1000.0,108700.0
774,2021-10-18 02:53:38,29800.0,1000.0,107700.0
775,2021-10-18 02:53:38,29800.0,200.0,106700.0
776,2021-10-18 02:53:38,29800.0,1000.0,106500.0
777,2021-10-18 02:53:38,29800.0,600.0,105500.0
778,2021-10-18 02:53:24,29900.0,600.0,104900.0
779,2021-10-18 02:53:02,29900.0,500.0,104300.0
780,2021-10-18 02:52:56,29900.0,1000.0,103800.0
781,2021-10-18 02:52:12,29900.0,100.0,102800.0
782,2021-10-18 02:52:12,29900.0,100.0,102700.0
783,2021-10-18 02:52:12,29900.0,500.0,102600.0
784,2021-10-18 02:52:12,29900.0,100.0,102100.0
785,2021-10-18 02:52:12,29900.0,200.0,102000.0
786,2021-10-18 02:51:49,30000.0,100.0,101800.0
787,2021-10-18 02:51:49,30000.0,1000.0,101700.0
788,2021-10-18 02:51:49,30000.0,500.0,100700.0
789,2021-10-18 02:51:49,30000.0,1000.0,100200.0
790,2021-10-18 02:49:29,30100.0,200.0,99200.0
791,2021-10-18 02:48:37,30000.0,100.0,99000.0
792,2021-10-18 02:48:37,30000.0,100.0,98900.0
793,2021-10-18 02:48:37,30000.0,300.0,98800.0
794,2021-10-18 02:48:14,30000.0,700.0,98500.0
795,2021-10-18 02:48:14,30050.0,500.0,97800.0
796,2021-10-18 02:48:14,30100.0,1000.0,97300.0
797,2021-10-18 02:48:14,30100.0,1000.0,96300.0
798,2021-10-18 02:48:14,30100.0,1800.0,95300.0
799,2021-10-18 02:46:25,30150.0,100.0,93500.0
800,2021-10-18 02:46:25,30150.0,700.0,93400.0
801,2021-10-18 02:46:25,30150.0,200.0,92700.0
802,2021-10-18 02:45:45,30100.0,1600.0,92500.0
803,2021-10-18 02:45:28,30100.0,100.0,90900.0
804,2021-10-18 02:44:59,30100.0,100.0,90800.0
805,2021-10-18 02:44:49,30050.0,1000.0,90700.0
806,2021-10-18 02:44:48,30050.0,1000.0,89700.0
807,2021-10-18 02:44:48,30050.0,100.0,88700.0
808,2021-10-18 02:44:48,30050.0,900.0,88600.0
809,2021-10-18 02:44:15,30050.0,2000.0,87700.0
810,2021-10-18 02:44:10,30050.0,500.0,85700.0
811,2021-10-18 02:44:03,30050.0,100.0,85200.0
812,2021-10-18 02:43:39,30100.0,200.0,85100.0
813,2021-10-18 02:41:29,30000.0,400.0,84900.0
814,2021-10-18 02:41:29,30000.0,200.0,84500.0
815,2021-10-18 02:41:11,30000.0,100.0,84300.0
816,2021-10-18 02:41:11,30000.0,100.0,84200.0
817,2021-10-18 02:41:11,30000.0,100.0,84100.0
818,2021-10-18 02:40:50,30000.0,500.0,84000.0
819,2021-10-18 02:40:26,30000.0,100.0,83500.0
820,2021-10-18 02:40:16,30000.0,2000.0,83400.0
821,2021-10-18 02:40:07,29900.0,200.0,81400.0
822,2021-10-18 02:39:32,29800.0,400.0,81200.0
823,2021-10-18 02:39:24,29800.0,100.0,80800.0
824,2021-10-18 02:39:17,29800.0,500.0,80700.0
825,2021-10-18 02:39:17,29800.0,200.0,80200.0
826,2021-10-18 02:39:17,29800.0,300.0,80000.0
827,2021-10-18 02:39:13,29800.0,100.0,79700.0
828,2021-10-18 02:39:07,29800.0,100.0,79600.0
829,2021-10-18 02:38:58,29750.0,100.0,79500.0
830,2021-10-18 02:38:57,29750.0,100.0,79400.0
831,2021-10-18 02:38:50,29750.0,300.0,79300.0
832,2021-10-18 02:38:43,29700.0,100.0,79000.0
833,2021-10-18 02:38:43,29700.0,500.0,78900.0
834,2021-10-18 02:38:34,29700.0,100.0,78400.0
835,2021-10-18 02:38:25,29700.0,100.0,78300.0
836,2021-10-18 02:38:09,29650.0,900.0,78200.0
837,2021-10-18 02:38:09,29650.0,500.0,77300.0
838,2021-10-18 02:38:09,29650.0,600.0,76800.0
839,2021-10-18 02:37:48,29700.0,500.0,76200.0
840,2021-10-18 02:37:25,29650.0,400.0,75700.0
841,2021-10-18 02:37:25,29650.0,100.0,75300.0
842,2021-10-18 02:37:06,29700.0,100.0,75200.0
843,2021-10-18 02:36:59,29700.0,100.0,75100.0
844,2021-10-18 02:36:55,29750.0,300.0,75000.0
845,2021-10-18 02:36:42,29700.0,200.0,74700.0
846,2021-10-18 02:36:40,29700.0,100.0,74500.0
847,2021-10-18 02:36:37,29700.0,400.0,74400.0
848,2021-10-18 02:36:33,29700.0,3500.0,74000.0
849,2021-10-18 02:36:30,29700.0,100.0,70500.0
850,2021-10-18 02:36:25,29700.0,900.0,70400.0
851,2021-10-18 02:36:25,29700.0,200.0,69500.0
852,2021-10-18 02:36:25,29700.0,1000.0,69300.0
853,2021-10-18 02:36:25,29700.0,500.0,68300.0
854,2021-10-18 02:36:25,29700.0,500.0,67800.0
855,2021-10-18 02:36:23,29750.0,100.0,67300.0
856,2021-10-18 02:36:23,29750.0,100.0,67200.0
857,2021-10-18 02:36:06,29750.0,900.0,67100.0
858,2021-10-18 02:36:06,29750.0,100.0,66200.0
859,2021-10-18 02:36:06,29750.0,1000.0,66100.0
860,2021-10-18 02:36:00,29800.0,300.0,65100.0
861,2021-10-18 02:35:48,29800.0,100.0,64800.0
862,2021-10-18 02:35:26,29800.0,100.0,64700.0
863,2021-10-18 02:35:26,29800.0,1000.0,64600.0
864,2021-10-18 02:35:24,29800.0,600.0,63600.0
865,2021-10-18 02:35:23,29800.0,400.0,63000.0
866,2021-10-18 02:35:23,29800.0,100.0,62600.0
867,2021-10-18 02:35:14,29800.0,100.0,62500.0
868,2021-10-18 02:34:51,29800.0,500.0,62400.0
869,2021-10-18 02:34:37,29800.0,100.0,61900.0
870,2021-10-18 02:34:36,29800.0,200.0,61800.0
871,2021-10-18 02:34:36,29800.0,100.0,61600.0
872,2021-10-18 02:34:36,29800.0,100.0,61500.0
873,2021-10-18 02:34:36,29800.0,100.0,61400.0
874,2021-10-18 02:34:36,29800.0,100.0,61300.0
875,2021-10-18 02:34:36,29800.0,500.0,61200.0
876,2021-10-18 02:34:36,29800.0,400.0,60700.0
877,2021-10-18 02:34:36,29850.0,2000.0,60300.0
878,2021-10-18 02:34:31,29950.0,100.0,58300.0
879,2021-10-18 02:34:31,29950.0,300.0,58200.0
880,2021-10-18 02:34:23,29950.0,300.0,57900.0
881,2021-10-18 02:34:18,29800.0,1000.0,57600.0
882,2021-10-18 02:33:57,29950.0,100.0,56600.0
883,2021-10-18 02:33:53,29950.0,100.0,56500.0
884,2021-10-18 02:33:06,30000.0,200.0,56400.0
885,2021-10-18 02:33:06,29950.0,800.0,56200.0
886,2021-10-18 02:33:00,29800.0,100.0,55400.0
887,2021-10-18 02:32:46,30000.0,100.0,55300.0
888,2021-10-18 02:32:14,30000.0,100.0,55200.0
889,2021-10-18 02:31:31,30000.0,1000.0,55100.0
890,2021-10-18 02:31:31,30000.0,100.0,54100.0
891,2021-10-18 02:31:31,30000.0,100.0,54000.0
892,2021-10-18 02:31:31,30000.0,100.0,53900.0
893,2021-10-18 02:31:31,30000.0,100.0,53800.0
894,2021-10-18 02:31:31,30000.0,500.0,53700.0
895,2021-10-18 02:31:31,30000.0,500.0,53200.0
896,2021-10-18 02:30:55,30000.0,300.0,52700.0
897,2021-10-18 02:30:55,30000.0,200.0,52400.0
898,2021-10-18 02:30:37,30000.0,100.0,52200.0
899,2021-10-18 02:30:37,30000.0,200.0,52100.0
900,2021-10-18 02:30:37,30000.0,200.0,51900.0
901,2021-10-18 02:30:36,30000.0,200.0,51700.0
902,2021-10-18 02:30:18,30100.0,300.0,51500.0
903,2021-10-18 02:30:18,30100.0,1000.0,51200.0
904,2021-10-18 02:30:18,30100.0,100.0,50200.0
905,2021-10-18 02:30:05,30100.0,100.0,50100.0
906,2021-10-18 02:30:04,30150.0,200.0,50000.0
907,2021-10-18 02:29:59,30100.0,500.0,49800.0
908,2021-10-18 02:29:59,30100.0,500.0,49300.0
909,2021-10-18 02:29:45,30100.0,100.0,48800.0
910,2021-10-18 02:29:45,30100.0,100.0,48700.0
911,2021-10-18 02:29:45,30100.0,100.0,48600.0
912,2021-10-18 02:29:45,30100.0,500.0,48500.0
913,2021-10-18 02:29:45,30100.0,200.0,48000.0
914,2021-10-18 02:29:43,30150.0,300.0,47800.0
915,2021-10-18 02:29:43,30150.0,200.0,47500.0
916,2021-10-18 02:29:31,30100.0,100.0,47300.0
917,2021-10-18 02:29:09,30150.0,300.0,47200.0
918,2021-10-18 02:29:09,30150.0,100.0,46900.0
919,2021-10-18 02:29:09,30150.0,600.0,46800.0
920,2021-10-18 02:28:59,30150.0,100.0,46200.0
921,2021-10-18 02:28:59,30150.0,300.0,46100.0
922,2021-10-18 02:28:24,30150.0,100.0,45800.0
923,2021-10-18 02:28:13,30150.0,600.0,45700.0
924,2021-10-18 02:28:13,30150.0,100.0,45100.0
925,2021-10-18 02:28:13,30150.0,100.0,45000.0
926,2021-10-18 02:28:13,30150.0,200.0,44900.0
927,2021-10-18 02:28:00,30150.0,1000.0,44700.0
928,2021-10-18 02:27:54,30150.0,100.0,43700.0
929,2021-10-18 02:26:57,30150.0,900.0,43600.0
930,2021-10-18 02:25:40,30150.0,500.0,42700.0
931,2021-10-18 02:24:22,30150.0,600.0,42200.0
932,2021-10-18 02:24:22,30150.0,200.0,41600.0
933,2021-10-18 02:24:22,30150.0,1000.0,41400.0
934,2021-10-18 02:24:22,30150.0,500.0,40400.0
935,2021-10-18 02:24:12,30100.0,200.0,39900.0
936,2021-10-18 02:23:02,30100.0,100.0,39700.0
937,2021-10-18 02:21:12,30150.0,300.0,39600.0
938,2021-10-18 02:21:12,30150.0,1000.0,39300.0
939,2021-10-18 02:21:12,30150.0,400.0,38300.0
940,2021-10-18 02:21:10,30200.0,100.0,37900.0
941,2021-10-18 02:21:01,30150.0,900.0,37800.0
942,2021-10-18 02:20:49,30150.0,7500.0,36900.0
943,2021-10-18 02:20:41,30150.0,500.0,29400.0
944,2021-10-18 02:20:38,30150.0,100.0,28900.0
945,2021-10-18 02:20:19,30150.0,200.0,28800.0
946,2021-10-18 02:20:18,30150.0,100.0,28600.0
947,2021-10-18 02:19:30,30150.0,300.0,28500.0
948,2021-10-18 02:19:30,30150.0,200.0,28200.0
949,2021-10-18 02:19:30,30150.0,300.0,28000.0
950,2021-10-18 02:18:40,30200.0,300.0,27700.0
951,2021-10-18 02:18:37,30200.0,200.0,27400.0
952,2021-10-18 02:18:37,30200.0,300.0,27200.0
953,2021-10-18 02:18:24,30200.0,100.0,26900.0
954,2021-10-18 02:18:18,30200.0,100.0,26800.0
955,2021-10-18 02:17:52,30200.0,400.0,26700.0
956,2021-10-18 02:17:40,30200.0,300.0,26300.0
957,2021-10-18 02:17:35,30200.0,700.0,26000.0
958,2021-10-18 02:17:35,30200.0,12000.0,25300.0
959,2021-10-18 02:17:35,30200.0,300.0,13300.0
960,2021-10-18 02:17:35,30200.0,200.0,13000.0
961,2021-10-18 02:17:35,30200.0,400.0,12800.0
962,2021-10-18 02:17:35,30200.0,200.0,12400.0
963,2021-10-18 02:17:23,30250.0,100.0,12200.0
964,2021-10-18 02:17:23,30250.0,300.0,12100.0
965,2021-10-18 02:17:23,30300.0,800.0,11800.0
966,2021-10-18 02:17:21,30300.0,200.0,11000.0
967,2021-10-18 02:17:19,30250.0,100.0,10800.0
968,2021-10-18 02:16:58,30250.0,100.0,10700.0
969,2021-10-18 02:16:58,30250.0,700.0,10600.0
970,2021-10-18 02:16:17,30250.0,1300.0,9900.0
971,2021-10-18 02:16:16,30300.0,400.0,8600.0
972,2021-10-18 02:15:56,30300.0,100.0,8200.0
973,2021-10-18 02:15:45,30300.0,1200.0,8100.0
974,2021-10-18 02:15:01,30500.0,200.0,6900.0
975,2021-10-18 02:15:01,30500.0,200.0,6700.0
976,2021-10-18 02:15:01,30500.0,400.0,6500.0
977,2021-10-18 02:15:01,30500.0,300.0,6100.0
978,2021-10-18 02:15:01,30500.0,500.0,5800.0
979,2021-10-18 02:15:01,30500.0,100.0,5300.0
980,2021-10-18 02:15:01,30500.0,100.0,5200.0
981,2021-10-18 02:15:01,30500.0,1000.0,5100.0
982,2021-10-18 02:15:01,30500.0,1000.0,4100.0
983,2021-10-18 02:15:01,30500.0,3000.0,3100.0
984,2021-10-18 02:15:01,30500.0,100.0,100.0
