,Time,Price,Volume_per_trade,Volume
0,2021-10-08 07:45:00,29500.0,200.0,1241000.0
1,2021-10-08 07:45:00,29500.0,100.0,1240800.0
2,2021-10-08 07:45:00,29500.0,100.0,1240700.0
3,2021-10-08 07:45:00,29500.0,1100.0,1240600.0
4,2021-10-08 07:45:00,29500.0,100.0,1239500.0
5,2021-10-08 07:45:00,29500.0,100.0,1239400.0
6,2021-10-08 07:45:00,29500.0,100.0,1239300.0
7,2021-10-08 07:45:00,29500.0,1000.0,1239200.0
8,2021-10-08 07:45:00,29500.0,300.0,1238200.0
9,2021-10-08 07:45:00,29500.0,1600.0,1237900.0
10,2021-10-08 07:45:00,29500.0,100.0,1236300.0
11,2021-10-08 07:45:00,29500.0,100.0,1236200.0
12,2021-10-08 07:45:00,29500.0,100.0,1236100.0
13,2021-10-08 07:45:00,29500.0,3000.0,1236000.0
14,2021-10-08 07:45:00,29500.0,500.0,1233000.0
15,2021-10-08 07:45:00,29500.0,900.0,1232500.0
16,2021-10-08 07:45:00,29500.0,5600.0,1231600.0
17,2021-10-08 07:45:00,29500.0,600.0,1226000.0
18,2021-10-08 07:45:00,29500.0,200.0,1225400.0
19,2021-10-08 07:45:00,29500.0,4200.0,1225200.0
20,2021-10-08 07:45:00,29500.0,1000.0,1221000.0
21,2021-10-08 07:45:00,29500.0,400.0,1220000.0
22,2021-10-08 07:45:00,29500.0,600.0,1219600.0
23,2021-10-08 07:45:00,29500.0,5000.0,1219000.0
24,2021-10-08 07:45:00,29500.0,200.0,1214000.0
25,2021-10-08 07:45:00,29500.0,100.0,1213800.0
26,2021-10-08 07:45:00,29500.0,1300.0,1213700.0
27,2021-10-08 07:45:00,29500.0,3700.0,1212400.0
28,2021-10-08 07:45:00,29500.0,100.0,1208700.0
29,2021-10-08 07:45:00,29500.0,200.0,1208600.0
30,2021-10-08 07:45:00,29500.0,300.0,1208400.0
31,2021-10-08 07:45:00,29500.0,100.0,1208100.0
32,2021-10-08 07:45:00,29500.0,3400.0,1208000.0
33,2021-10-08 07:45:00,29500.0,100.0,1204600.0
34,2021-10-08 07:45:00,29500.0,100.0,1204500.0
35,2021-10-08 07:45:00,29500.0,300.0,1204400.0
36,2021-10-08 07:45:00,29500.0,4600.0,1204100.0
37,2021-10-08 07:45:00,29500.0,5400.0,1199500.0
38,2021-10-08 07:45:00,29500.0,1000.0,1194100.0
39,2021-10-08 07:45:00,29500.0,4100.0,1193100.0
40,2021-10-08 07:45:00,29500.0,1000.0,1189000.0
41,2021-10-08 07:45:00,29500.0,1500.0,1188000.0
42,2021-10-08 07:45:00,29500.0,300.0,1186500.0
43,2021-10-08 07:45:00,29500.0,300.0,1186200.0
44,2021-10-08 07:45:00,29500.0,1000.0,1185900.0
45,2021-10-08 07:45:00,29500.0,1000.0,1184900.0
46,2021-10-08 07:45:00,29500.0,1000.0,1183900.0
47,2021-10-08 07:45:00,29500.0,200.0,1182900.0
48,2021-10-08 07:45:00,29500.0,100.0,1182700.0
49,2021-10-08 07:45:00,29500.0,100.0,1182600.0
50,2021-10-08 07:45:00,29500.0,500.0,1182500.0
51,2021-10-08 07:45:00,29500.0,1000.0,1182000.0
52,2021-10-08 07:45:00,29500.0,100.0,1181000.0
53,2021-10-08 07:29:24,29950.0,400.0,1180900.0
54,2021-10-08 07:29:24,29950.0,100.0,1180500.0
55,2021-10-08 07:29:11,29950.0,100.0,1180400.0
56,2021-10-08 07:28:26,29950.0,100.0,1180300.0
57,2021-10-08 07:28:07,29950.0,1900.0,1180200.0
58,2021-10-08 07:28:07,29950.0,100.0,1178300.0
59,2021-10-08 07:28:07,29950.0,2100.0,1178200.0
60,2021-10-08 07:27:37,29900.0,500.0,1176100.0
61,2021-10-08 07:27:11,29950.0,400.0,1175600.0
62,2021-10-08 07:27:11,29950.0,200.0,1175200.0
63,2021-10-08 07:26:21,29950.0,800.0,1175000.0
64,2021-10-08 07:26:21,29950.0,1500.0,1174200.0
65,2021-10-08 07:26:04,29950.0,500.0,1172700.0
66,2021-10-08 07:25:43,29950.0,100.0,1172200.0
67,2021-10-08 07:25:22,29950.0,2900.0,1172100.0
68,2021-10-08 07:25:19,29950.0,300.0,1169200.0
69,2021-10-08 07:25:19,29950.0,1100.0,1168900.0
70,2021-10-08 07:25:19,29950.0,100.0,1167800.0
71,2021-10-08 07:25:19,29950.0,400.0,1167700.0
72,2021-10-08 07:25:19,29950.0,300.0,1167300.0
73,2021-10-08 07:25:19,29950.0,100.0,1167000.0
74,2021-10-08 07:25:19,29950.0,200.0,1166900.0
75,2021-10-08 07:24:34,29950.0,200.0,1166700.0
76,2021-10-08 07:24:34,29950.0,800.0,1166500.0
77,2021-10-08 07:24:27,30000.0,100.0,1165700.0
78,2021-10-08 07:23:53,30000.0,100.0,1165600.0
79,2021-10-08 07:23:33,29950.0,100.0,1165500.0
80,2021-10-08 07:23:23,29950.0,600.0,1165400.0
81,2021-10-08 07:22:26,29950.0,10000.0,1164800.0
82,2021-10-08 07:22:15,29950.0,1000.0,1154800.0
83,2021-10-08 07:21:39,30000.0,3000.0,1153800.0
84,2021-10-08 07:21:26,30000.0,200.0,1150800.0
85,2021-10-08 07:20:51,30000.0,200.0,1150600.0
86,2021-10-08 07:20:36,30000.0,100.0,1150400.0
87,2021-10-08 07:19:37,30000.0,600.0,1150300.0
88,2021-10-08 07:18:35,30000.0,400.0,1149700.0
89,2021-10-08 07:17:50,30000.0,200.0,1149300.0
90,2021-10-08 07:17:23,30000.0,100.0,1149100.0
91,2021-10-08 07:17:06,30000.0,100.0,1149000.0
92,2021-10-08 07:17:05,30000.0,100.0,1148900.0
93,2021-10-08 07:16:52,30000.0,1000.0,1148800.0
94,2021-10-08 07:16:49,30000.0,800.0,1147800.0
95,2021-10-08 07:16:26,30000.0,300.0,1147000.0
96,2021-10-08 07:16:24,30000.0,200.0,1146700.0
97,2021-10-08 07:16:12,30000.0,300.0,1146500.0
98,2021-10-08 07:16:12,30000.0,2700.0,1146200.0
99,2021-10-08 07:16:05,30000.0,100.0,1143500.0
100,2021-10-08 07:15:26,30000.0,6400.0,1143400.0
101,2021-10-08 07:15:26,30000.0,300.0,1137000.0
102,2021-10-08 07:15:26,30000.0,3300.0,1136700.0
103,2021-10-08 07:14:28,30000.0,500.0,1133400.0
104,2021-10-08 07:14:23,30000.0,1200.0,1132900.0
105,2021-10-08 07:14:23,30000.0,500.0,1131700.0
106,2021-10-08 07:14:23,30000.0,100.0,1131200.0
107,2021-10-08 07:14:23,30000.0,200.0,1131100.0
108,2021-10-08 07:14:17,30000.0,200.0,1130900.0
109,2021-10-08 07:13:58,30000.0,100.0,1130700.0
110,2021-10-08 07:13:48,30000.0,200.0,1130600.0
111,2021-10-08 07:13:39,30000.0,100.0,1130400.0
112,2021-10-08 07:13:39,30000.0,700.0,1130300.0
113,2021-10-08 07:13:39,30000.0,200.0,1129600.0
114,2021-10-08 07:13:39,30000.0,500.0,1129400.0
115,2021-10-08 07:13:39,30000.0,100.0,1128900.0
116,2021-10-08 07:13:39,30000.0,100.0,1128800.0
117,2021-10-08 07:13:39,30000.0,9100.0,1128700.0
118,2021-10-08 07:13:39,30000.0,300.0,1119600.0
119,2021-10-08 07:13:39,30000.0,100.0,1119300.0
120,2021-10-08 07:13:39,30000.0,500.0,1119200.0
121,2021-10-08 07:13:39,30000.0,500.0,1118700.0
122,2021-10-08 07:13:39,30000.0,5000.0,1118200.0
123,2021-10-08 07:13:39,30000.0,300.0,1113200.0
124,2021-10-08 07:13:39,30000.0,200.0,1112900.0
125,2021-10-08 07:13:39,30000.0,100.0,1112700.0
126,2021-10-08 07:13:39,30000.0,1100.0,1112600.0
127,2021-10-08 07:13:39,30000.0,300.0,1111500.0
128,2021-10-08 07:13:39,30000.0,2800.0,1111200.0
129,2021-10-08 07:13:32,30000.0,200.0,1108400.0
130,2021-10-08 07:12:58,30000.0,400.0,1108200.0
131,2021-10-08 07:12:35,30000.0,500.0,1107800.0
132,2021-10-08 07:12:34,30000.0,1100.0,1107300.0
133,2021-10-08 07:12:34,30000.0,200.0,1106200.0
134,2021-10-08 07:12:34,30000.0,1700.0,1106000.0
135,2021-10-08 07:12:06,30000.0,200.0,1104300.0
136,2021-10-08 07:12:06,30000.0,800.0,1104100.0
137,2021-10-08 07:12:06,30000.0,2000.0,1103300.0
138,2021-10-08 07:11:43,29950.0,500.0,1101300.0
139,2021-10-08 07:11:43,29950.0,400.0,1100800.0
140,2021-10-08 07:11:30,29950.0,500.0,1100400.0
141,2021-10-08 07:11:24,29950.0,100.0,1099900.0
142,2021-10-08 07:10:59,29950.0,100.0,1099800.0
143,2021-10-08 07:10:28,29950.0,300.0,1099700.0
144,2021-10-08 07:10:13,29900.0,1000.0,1099400.0
145,2021-10-08 07:10:01,29900.0,500.0,1098400.0
146,2021-10-08 07:09:51,29900.0,500.0,1097900.0
147,2021-10-08 07:09:38,29900.0,200.0,1097400.0
148,2021-10-08 07:09:11,29900.0,100.0,1097200.0
149,2021-10-08 07:08:34,29900.0,700.0,1097100.0
150,2021-10-08 07:08:34,29900.0,200.0,1096400.0
151,2021-10-08 07:06:44,30000.0,400.0,1096200.0
152,2021-10-08 07:05:38,30000.0,400.0,1095800.0
153,2021-10-08 07:05:13,29900.0,1000.0,1095400.0
154,2021-10-08 07:03:46,30000.0,1000.0,1094400.0
155,2021-10-08 07:03:46,30000.0,500.0,1093400.0
156,2021-10-08 07:03:46,30000.0,600.0,1092900.0
157,2021-10-08 07:03:46,30000.0,100.0,1092300.0
158,2021-10-08 07:03:15,30000.0,1000.0,1092200.0
159,2021-10-08 07:03:12,30000.0,100.0,1091200.0
160,2021-10-08 07:02:54,30000.0,100.0,1091100.0
161,2021-10-08 07:02:50,30000.0,100.0,1091000.0
162,2021-10-08 07:02:49,30000.0,100.0,1090900.0
163,2021-10-08 07:02:49,30000.0,300.0,1090800.0
164,2021-10-08 07:02:49,30000.0,100.0,1090500.0
165,2021-10-08 07:02:48,30000.0,100.0,1090400.0
166,2021-10-08 07:02:33,30000.0,100.0,1090300.0
167,2021-10-08 07:02:09,30000.0,500.0,1090200.0
168,2021-10-08 07:02:09,30000.0,200.0,1089700.0
169,2021-10-08 07:01:56,30000.0,1000.0,1089500.0
170,2021-10-08 07:01:54,30000.0,100.0,1088500.0
171,2021-10-08 07:01:54,30000.0,400.0,1088400.0
172,2021-10-08 07:01:32,30050.0,200.0,1088000.0
173,2021-10-08 07:00:45,30100.0,800.0,1087800.0
174,2021-10-08 07:00:31,30000.0,400.0,1087000.0
175,2021-10-08 07:00:31,30000.0,100.0,1086600.0
176,2021-10-08 07:00:28,30100.0,900.0,1086500.0
177,2021-10-08 07:00:28,30050.0,100.0,1085600.0
178,2021-10-08 07:00:05,30000.0,1000.0,1085500.0
179,2021-10-08 06:59:50,30000.0,1300.0,1084500.0
180,2021-10-08 06:59:50,30000.0,100.0,1083200.0
181,2021-10-08 06:59:50,30000.0,500.0,1083100.0
182,2021-10-08 06:59:50,30000.0,100.0,1082600.0
183,2021-10-08 06:59:50,30000.0,500.0,1082500.0
184,2021-10-08 06:59:50,30000.0,700.0,1082000.0
185,2021-10-08 06:59:50,30000.0,100.0,1081300.0
186,2021-10-08 06:59:50,30000.0,1000.0,1081200.0
187,2021-10-08 06:59:50,30000.0,500.0,1080200.0
188,2021-10-08 06:59:50,30000.0,1000.0,1079700.0
189,2021-10-08 06:59:50,30000.0,1000.0,1078700.0
190,2021-10-08 06:59:50,30000.0,700.0,1077700.0
191,2021-10-08 06:59:50,30000.0,500.0,1077000.0
192,2021-10-08 06:59:50,30000.0,2000.0,1076500.0
193,2021-10-08 06:59:50,30000.0,300.0,1074500.0
194,2021-10-08 06:59:50,30000.0,5000.0,1074200.0
195,2021-10-08 06:59:50,30000.0,2100.0,1069200.0
196,2021-10-08 06:59:50,30000.0,200.0,1067100.0
197,2021-10-08 06:59:50,29950.0,1000.0,1066900.0
198,2021-10-08 06:59:50,29950.0,400.0,1065900.0
199,2021-10-08 06:59:16,29950.0,4600.0,1065500.0
200,2021-10-08 06:59:16,29950.0,2300.0,1060900.0
201,2021-10-08 06:59:16,29900.0,400.0,1058600.0
202,2021-10-08 06:59:16,29900.0,3000.0,1058200.0
203,2021-10-08 06:59:16,29900.0,100.0,1055200.0
204,2021-10-08 06:59:16,29900.0,4600.0,1055100.0
205,2021-10-08 06:58:56,29900.0,400.0,1050500.0
206,2021-10-08 06:58:08,29850.0,200.0,1050100.0
207,2021-10-08 06:57:59,29800.0,500.0,1049900.0
208,2021-10-08 06:57:59,29800.0,2600.0,1049400.0
209,2021-10-08 06:57:56,29800.0,2400.0,1046800.0
210,2021-10-08 06:57:56,29800.0,300.0,1044400.0
211,2021-10-08 06:57:56,29800.0,600.0,1044100.0
212,2021-10-08 06:57:56,29800.0,1700.0,1043500.0
213,2021-10-08 06:57:53,29800.0,3300.0,1041800.0
214,2021-10-08 06:57:53,29800.0,600.0,1038500.0
215,2021-10-08 06:57:53,29800.0,1100.0,1037900.0
216,2021-10-08 06:57:35,29750.0,5000.0,1036800.0
217,2021-10-08 06:57:35,29750.0,5000.0,1031800.0
218,2021-10-08 06:57:35,29750.0,500.0,1026800.0
219,2021-10-08 06:57:35,29750.0,200.0,1026300.0
220,2021-10-08 06:57:16,29700.0,500.0,1026100.0
221,2021-10-08 06:57:16,29700.0,5000.0,1025600.0
222,2021-10-08 06:57:16,29700.0,400.0,1020600.0
223,2021-10-08 06:57:16,29700.0,500.0,1020200.0
224,2021-10-08 06:57:16,29700.0,2000.0,1019700.0
225,2021-10-08 06:57:16,29700.0,1000.0,1017700.0
226,2021-10-08 06:57:16,29700.0,1700.0,1016700.0
227,2021-10-08 06:57:16,29650.0,200.0,1015000.0
228,2021-10-08 06:57:11,29650.0,300.0,1014800.0
229,2021-10-08 06:56:36,29600.0,500.0,1014500.0
230,2021-10-08 06:55:22,29600.0,5000.0,1014000.0
231,2021-10-08 06:55:22,29600.0,1000.0,1009000.0
232,2021-10-08 06:55:22,29600.0,1800.0,1008000.0
233,2021-10-08 06:53:13,29600.0,200.0,1006200.0
234,2021-10-08 06:51:29,29600.0,100.0,1006000.0
235,2021-10-08 06:51:10,29600.0,200.0,1005900.0
236,2021-10-08 06:49:18,29500.0,100.0,1005700.0
237,2021-10-08 06:49:13,29600.0,2000.0,1005600.0
238,2021-10-08 06:48:26,29500.0,2000.0,1003600.0
239,2021-10-08 06:48:07,29500.0,1300.0,1001600.0
240,2021-10-08 06:48:07,29500.0,700.0,1000300.0
241,2021-10-08 06:48:00,29500.0,300.0,999600.0
242,2021-10-08 06:48:00,29500.0,700.0,999300.0
243,2021-10-08 06:47:43,29600.0,500.0,998600.0
244,2021-10-08 06:47:39,29600.0,200.0,998100.0
245,2021-10-08 06:47:17,29600.0,100.0,997900.0
246,2021-10-08 06:47:17,29600.0,100.0,997800.0
247,2021-10-08 06:45:15,29600.0,1000.0,997700.0
248,2021-10-08 06:45:15,29600.0,1000.0,996700.0
249,2021-10-08 06:44:17,29600.0,100.0,995700.0
250,2021-10-08 06:43:35,29600.0,1000.0,995600.0
251,2021-10-08 06:42:50,29600.0,1000.0,994600.0
252,2021-10-08 06:42:50,29600.0,1900.0,993600.0
253,2021-10-08 06:42:20,29700.0,100.0,991700.0
254,2021-10-08 06:41:26,29600.0,500.0,991600.0
255,2021-10-08 06:41:26,29600.0,600.0,991100.0
256,2021-10-08 06:41:22,29450.0,9200.0,990500.0
257,2021-10-08 06:41:22,29500.0,500.0,981300.0
258,2021-10-08 06:41:22,29500.0,300.0,980800.0
259,2021-10-08 06:40:43,29500.0,700.0,980500.0
260,2021-10-08 06:40:43,29500.0,100.0,979800.0
261,2021-10-08 06:40:43,29500.0,200.0,979700.0
262,2021-10-08 06:39:57,29500.0,500.0,979500.0
263,2021-10-08 06:39:34,29500.0,500.0,979000.0
264,2021-10-08 06:37:02,29500.0,3700.0,978500.0
265,2021-10-08 06:36:46,29500.0,5100.0,974800.0
266,2021-10-08 06:36:46,29500.0,100.0,969700.0
267,2021-10-08 06:36:46,29500.0,5000.0,969600.0
268,2021-10-08 06:36:46,29500.0,200.0,964600.0
269,2021-10-08 06:36:46,29500.0,200.0,964400.0
270,2021-10-08 06:36:46,29500.0,5700.0,964200.0
271,2021-10-08 06:36:46,29550.0,1000.0,958500.0
272,2021-10-08 06:36:46,29600.0,2700.0,957500.0
273,2021-10-08 06:36:09,29600.0,1300.0,954800.0
274,2021-10-08 06:35:29,29600.0,200.0,953500.0
275,2021-10-08 06:35:29,29600.0,100.0,953300.0
276,2021-10-08 06:34:46,29600.0,200.0,953200.0
277,2021-10-08 06:34:24,29600.0,100.0,953000.0
278,2021-10-08 06:33:49,29600.0,100.0,952900.0
279,2021-10-08 06:33:16,29600.0,1700.0,952800.0
280,2021-10-08 06:33:11,29600.0,600.0,951100.0
281,2021-10-08 06:32:40,29600.0,100.0,950500.0
282,2021-10-08 06:32:40,29600.0,100.0,950400.0
283,2021-10-08 06:32:40,29700.0,1000.0,950300.0
284,2021-10-08 06:32:39,29600.0,600.0,949300.0
285,2021-10-08 06:30:31,29600.0,300.0,948700.0
286,2021-10-08 06:30:11,29500.0,2000.0,948400.0
287,2021-10-08 06:30:00,29600.0,1000.0,946400.0
288,2021-10-08 06:29:38,29600.0,100.0,945400.0
289,2021-10-08 06:29:09,29600.0,100.0,945300.0
290,2021-10-08 06:29:09,29600.0,500.0,945200.0
291,2021-10-08 06:28:22,29700.0,200.0,944700.0
292,2021-10-08 06:28:14,29700.0,1000.0,944500.0
293,2021-10-08 06:25:48,29800.0,1000.0,943500.0
294,2021-10-08 06:25:28,29800.0,100.0,942500.0
295,2021-10-08 06:24:47,29800.0,800.0,942400.0
296,2021-10-08 06:24:47,29700.0,1000.0,941600.0
297,2021-10-08 06:24:47,29700.0,300.0,940600.0
298,2021-10-08 06:24:47,29700.0,100.0,940300.0
299,2021-10-08 06:24:47,29700.0,500.0,940200.0
300,2021-10-08 06:24:47,29700.0,400.0,939700.0
301,2021-10-08 06:23:47,29500.0,12300.0,939300.0
302,2021-10-08 06:23:47,29500.0,500.0,927000.0
303,2021-10-08 06:23:47,29500.0,200.0,926500.0
304,2021-10-08 06:23:47,29500.0,500.0,926300.0
305,2021-10-08 06:23:47,29500.0,1000.0,925800.0
306,2021-10-08 06:23:47,29500.0,300.0,924800.0
307,2021-10-08 06:23:47,29500.0,1000.0,924500.0
308,2021-10-08 06:23:47,29500.0,200.0,923500.0
309,2021-10-08 06:23:47,29500.0,300.0,923300.0
310,2021-10-08 06:23:47,29500.0,500.0,923000.0
311,2021-10-08 06:23:47,29550.0,1000.0,922500.0
312,2021-10-08 06:23:47,29550.0,200.0,921500.0
313,2021-10-08 06:23:47,29550.0,2000.0,921300.0
314,2021-10-08 06:22:32,29700.0,400.0,919300.0
315,2021-10-08 06:18:39,29700.0,100.0,918900.0
316,2021-10-08 06:15:11,29500.0,3000.0,918800.0
317,2021-10-08 06:15:11,29500.0,1500.0,915800.0
318,2021-10-08 06:14:41,29500.0,100.0,914300.0
319,2021-10-08 06:14:41,29500.0,100.0,914200.0
320,2021-10-08 06:14:41,29500.0,100.0,914100.0
321,2021-10-08 06:14:41,29500.0,2200.0,914000.0
322,2021-10-08 06:13:49,29500.0,4400.0,911800.0
323,2021-10-08 06:13:49,29500.0,100.0,907400.0
324,2021-10-08 06:13:49,29500.0,500.0,907300.0
325,2021-10-08 06:12:24,29500.0,200.0,906800.0
326,2021-10-08 06:12:24,29500.0,800.0,906600.0
327,2021-10-08 06:12:21,29500.0,400.0,905800.0
328,2021-10-08 06:12:21,29500.0,300.0,905400.0
329,2021-10-08 06:12:21,29600.0,1000.0,905100.0
330,2021-10-08 06:12:21,29600.0,300.0,904100.0
331,2021-10-08 06:11:37,29500.0,400.0,903800.0
332,2021-10-08 06:11:37,29500.0,100.0,903400.0
333,2021-10-08 06:11:37,29500.0,1600.0,903300.0
334,2021-10-08 06:11:37,29500.0,300.0,901700.0
335,2021-10-08 06:11:37,29500.0,1000.0,901400.0
336,2021-10-08 06:11:37,29600.0,100.0,900400.0
337,2021-10-08 06:11:37,29600.0,200.0,900300.0
338,2021-10-08 06:11:37,29600.0,200.0,900100.0
339,2021-10-08 06:11:37,29650.0,500.0,899900.0
340,2021-10-08 06:11:37,29650.0,100.0,899400.0
341,2021-10-08 06:11:37,29650.0,100.0,899300.0
342,2021-10-08 06:11:37,29650.0,400.0,899200.0
343,2021-10-08 06:08:43,29650.0,500.0,898800.0
344,2021-10-08 06:08:29,29650.0,1000.0,898300.0
345,2021-10-08 06:07:45,29700.0,200.0,897300.0
346,2021-10-08 06:07:28,29700.0,200.0,897100.0
347,2021-10-08 06:07:28,29700.0,100.0,896900.0
348,2021-10-08 06:07:28,29700.0,100.0,896800.0
349,2021-10-08 06:06:48,29800.0,300.0,896700.0
350,2021-10-08 06:06:48,29800.0,300.0,896400.0
351,2021-10-08 06:06:42,29800.0,400.0,896100.0
352,2021-10-08 06:06:35,29800.0,700.0,895700.0
353,2021-10-08 06:06:07,29800.0,400.0,895000.0
354,2021-10-08 06:05:58,29800.0,400.0,894600.0
355,2021-10-08 06:05:54,29800.0,1000.0,894200.0
356,2021-10-08 06:05:46,29800.0,300.0,893200.0
357,2021-10-08 06:05:43,29800.0,300.0,892900.0
358,2021-10-08 06:05:18,29800.0,500.0,892600.0
359,2021-10-08 06:05:07,29800.0,500.0,892100.0
360,2021-10-08 06:04:35,29800.0,900.0,891600.0
361,2021-10-08 06:03:54,29800.0,100.0,890700.0
362,2021-10-08 06:02:28,29800.0,200.0,890600.0
363,2021-10-08 06:02:27,29750.0,100.0,890400.0
364,2021-10-08 06:02:08,29800.0,100.0,890300.0
365,2021-10-08 06:02:06,29800.0,500.0,890200.0
366,2021-10-08 06:01:39,29800.0,100.0,889700.0
367,2021-10-08 06:00:12,29700.0,700.0,889600.0
368,2021-10-08 06:00:12,29700.0,700.0,888900.0
369,2021-10-08 06:00:03,29800.0,1000.0,888200.0
370,2021-10-08 06:00:01,29700.0,100.0,887200.0
371,2021-10-08 06:00:00,29700.0,600.0,887100.0
372,2021-10-08 04:29:12,29700.0,200.0,886500.0
373,2021-10-08 04:27:52,29700.0,800.0,886300.0
374,2021-10-08 04:27:52,29700.0,1000.0,885500.0
375,2021-10-08 04:27:52,29700.0,1500.0,884500.0
376,2021-10-08 04:26:47,29700.0,200.0,883000.0
377,2021-10-08 04:26:33,29650.0,100.0,882800.0
378,2021-10-08 04:26:06,29700.0,300.0,882700.0
379,2021-10-08 04:26:06,29700.0,1500.0,882400.0
380,2021-10-08 04:26:06,29700.0,3200.0,880900.0
381,2021-10-08 04:25:05,29700.0,1000.0,877700.0
382,2021-10-08 04:25:05,29700.0,800.0,876700.0
383,2021-10-08 04:25:05,29700.0,200.0,875900.0
384,2021-10-08 04:24:43,29700.0,300.0,875700.0
385,2021-10-08 04:24:43,29700.0,800.0,875400.0
386,2021-10-08 04:23:22,29650.0,100.0,874600.0
387,2021-10-08 04:23:07,29650.0,1000.0,874500.0
388,2021-10-08 04:23:03,29500.0,300.0,873500.0
389,2021-10-08 04:23:03,29500.0,500.0,873200.0
390,2021-10-08 04:23:03,29500.0,100.0,872700.0
391,2021-10-08 04:23:03,29600.0,100.0,872600.0
392,2021-10-08 04:22:59,29650.0,1000.0,872500.0
393,2021-10-08 04:22:22,29650.0,2900.0,871500.0
394,2021-10-08 04:22:22,29650.0,100.0,868600.0
395,2021-10-08 04:22:22,29500.0,500.0,868500.0
396,2021-10-08 04:22:08,29500.0,200.0,868000.0
397,2021-10-08 04:21:50,29500.0,500.0,867800.0
398,2021-10-08 04:21:41,29500.0,500.0,867300.0
399,2021-10-08 04:21:37,29500.0,500.0,866800.0
400,2021-10-08 04:21:29,29500.0,300.0,866300.0
401,2021-10-08 04:21:18,29500.0,200.0,866000.0
402,2021-10-08 04:19:50,29500.0,2000.0,865800.0
403,2021-10-08 04:19:41,29500.0,2000.0,863800.0
404,2021-10-08 04:19:40,29500.0,400.0,861800.0
405,2021-10-08 04:19:40,29500.0,200.0,861400.0
406,2021-10-08 04:19:40,29500.0,200.0,861200.0
407,2021-10-08 04:19:40,29500.0,500.0,861000.0
408,2021-10-08 04:19:40,29500.0,100.0,860500.0
409,2021-10-08 04:19:40,29500.0,600.0,860400.0
410,2021-10-08 04:19:40,29500.0,200.0,859800.0
411,2021-10-08 04:19:39,29500.0,1500.0,859600.0
412,2021-10-08 04:19:27,29500.0,200.0,858100.0
413,2021-10-08 04:19:25,29500.0,1000.0,857900.0
414,2021-10-08 04:19:15,29500.0,600.0,856900.0
415,2021-10-08 04:19:12,29500.0,700.0,856300.0
416,2021-10-08 04:19:06,29500.0,1500.0,855600.0
417,2021-10-08 04:19:01,29500.0,9000.0,854100.0
418,2021-10-08 04:18:53,29500.0,500.0,845100.0
419,2021-10-08 04:18:49,29500.0,1000.0,844600.0
420,2021-10-08 04:18:35,29500.0,4000.0,843600.0
421,2021-10-08 04:18:06,29500.0,1000.0,839600.0
422,2021-10-08 04:16:35,29400.0,600.0,838600.0
423,2021-10-08 04:16:35,29400.0,800.0,838000.0
424,2021-10-08 04:16:18,29400.0,200.0,837200.0
425,2021-10-08 04:16:18,29400.0,4800.0,837000.0
426,2021-10-08 04:16:12,29350.0,3700.0,832200.0
427,2021-10-08 04:16:10,29350.0,1000.0,828500.0
428,2021-10-08 04:16:05,29350.0,200.0,827500.0
429,2021-10-08 04:15:53,29350.0,1000.0,827300.0
430,2021-10-08 04:14:59,29400.0,200.0,826300.0
431,2021-10-08 04:14:57,29500.0,4000.0,826100.0
432,2021-10-08 04:14:30,29500.0,1200.0,822100.0
433,2021-10-08 04:14:28,29500.0,100.0,820900.0
434,2021-10-08 04:14:28,29500.0,100.0,820800.0
435,2021-10-08 04:14:28,29500.0,1000.0,820700.0
436,2021-10-08 04:14:28,29500.0,200.0,819700.0
437,2021-10-08 04:14:28,29600.0,500.0,819500.0
438,2021-10-08 04:14:28,29600.0,100.0,819000.0
439,2021-10-08 04:14:28,29600.0,100.0,818900.0
440,2021-10-08 04:12:31,29650.0,100.0,818800.0
441,2021-10-08 04:11:39,29700.0,200.0,818700.0
442,2021-10-08 04:11:39,29700.0,8600.0,818500.0
443,2021-10-08 04:11:15,29650.0,300.0,809900.0
444,2021-10-08 04:11:01,29650.0,900.0,809600.0
445,2021-10-08 04:10:58,29650.0,100.0,808700.0
446,2021-10-08 04:10:56,29650.0,900.0,808600.0
447,2021-10-08 04:10:52,29650.0,1400.0,807700.0
448,2021-10-08 04:10:52,29650.0,100.0,806300.0
449,2021-10-08 04:10:52,29650.0,500.0,806200.0
450,2021-10-08 04:10:31,29700.0,200.0,805700.0
451,2021-10-08 04:10:24,29700.0,200.0,805500.0
452,2021-10-08 04:10:09,29700.0,100.0,805300.0
453,2021-10-08 04:10:01,29700.0,1000.0,805200.0
454,2021-10-08 04:10:01,29700.0,3000.0,804200.0
455,2021-10-08 04:10:01,29700.0,500.0,801200.0
456,2021-10-08 04:10:01,29700.0,1000.0,800700.0
457,2021-10-08 04:10:01,29700.0,200.0,799700.0
458,2021-10-08 04:10:01,29700.0,1400.0,799500.0
459,2021-10-08 04:09:49,29700.0,18600.0,798100.0
460,2021-10-08 04:09:49,29700.0,100.0,779500.0
461,2021-10-08 04:09:49,29700.0,200.0,779400.0
462,2021-10-08 04:09:49,29750.0,300.0,779200.0
463,2021-10-08 04:09:49,29750.0,300.0,778900.0
464,2021-10-08 04:09:49,29750.0,500.0,778600.0
465,2021-10-08 04:09:36,29800.0,100.0,778100.0
466,2021-10-08 04:09:36,29800.0,400.0,778000.0
467,2021-10-08 04:09:26,29800.0,200.0,777600.0
468,2021-10-08 04:09:26,29800.0,100.0,777400.0
469,2021-10-08 04:09:26,29800.0,300.0,777300.0
470,2021-10-08 04:09:24,29800.0,200.0,777000.0
471,2021-10-08 04:09:24,29800.0,800.0,776800.0
472,2021-10-08 04:09:22,29800.0,400.0,776000.0
473,2021-10-08 04:09:22,29800.0,100.0,775600.0
474,2021-10-08 04:09:16,29900.0,600.0,775500.0
475,2021-10-08 04:09:16,29900.0,200.0,774900.0
476,2021-10-08 04:08:41,29900.0,200.0,774700.0
477,2021-10-08 04:07:26,29900.0,100.0,774500.0
478,2021-10-08 04:06:37,29900.0,500.0,774400.0
479,2021-10-08 04:06:27,29900.0,500.0,773900.0
480,2021-10-08 04:06:04,29900.0,10000.0,773400.0
481,2021-10-08 04:05:23,29950.0,1300.0,763400.0
482,2021-10-08 04:05:23,29900.0,300.0,762100.0
483,2021-10-08 04:05:23,29750.0,1400.0,761800.0
484,2021-10-08 04:05:14,29750.0,100.0,760400.0
485,2021-10-08 04:05:14,29750.0,200.0,760300.0
486,2021-10-08 04:05:14,29750.0,20000.0,760100.0
487,2021-10-08 04:05:14,29750.0,100.0,740100.0
488,2021-10-08 04:05:14,29800.0,1400.0,740000.0
489,2021-10-08 04:05:14,29800.0,200.0,738600.0
490,2021-10-08 04:05:14,29800.0,1000.0,738400.0
491,2021-10-08 04:05:14,29800.0,1000.0,737400.0
492,2021-10-08 04:05:14,29800.0,2100.0,736400.0
493,2021-10-08 04:05:14,29800.0,500.0,734300.0
494,2021-10-08 04:05:14,29800.0,600.0,733800.0
495,2021-10-08 04:05:14,29850.0,400.0,733200.0
496,2021-10-08 04:04:33,29950.0,1400.0,732800.0
497,2021-10-08 04:04:33,29950.0,200.0,731400.0
498,2021-10-08 04:04:31,29850.0,100.0,731200.0
499,2021-10-08 04:04:31,29850.0,200.0,731100.0
500,2021-10-08 04:04:07,29950.0,300.0,730900.0
501,2021-10-08 04:02:53,29950.0,200.0,730600.0
502,2021-10-08 04:02:53,29950.0,100.0,730400.0
503,2021-10-08 04:02:17,29950.0,500.0,730300.0
504,2021-10-08 04:02:05,29950.0,1000.0,729800.0
505,2021-10-08 04:01:54,29950.0,400.0,728800.0
506,2021-10-08 04:01:54,29950.0,600.0,728400.0
507,2021-10-08 04:01:48,29950.0,2000.0,727800.0
508,2021-10-08 04:01:43,29950.0,1200.0,725800.0
509,2021-10-08 04:01:12,29950.0,1000.0,724600.0
510,2021-10-08 04:01:03,29800.0,400.0,723600.0
511,2021-10-08 04:01:02,29950.0,200.0,723200.0
512,2021-10-08 04:01:02,29950.0,100.0,723000.0
513,2021-10-08 04:01:02,29950.0,1700.0,722900.0
514,2021-10-08 04:00:42,29950.0,1000.0,721200.0
515,2021-10-08 04:00:41,29950.0,500.0,720200.0
516,2021-10-08 04:00:40,29950.0,700.0,719700.0
517,2021-10-08 04:00:37,29950.0,1100.0,719000.0
518,2021-10-08 04:00:27,29950.0,1000.0,717900.0
519,2021-10-08 04:00:27,29950.0,200.0,716900.0
520,2021-10-08 04:00:27,29950.0,100.0,716700.0
521,2021-10-08 04:00:27,29950.0,2600.0,716600.0
522,2021-10-08 03:59:43,29950.0,200.0,714000.0
523,2021-10-08 03:59:13,29950.0,400.0,713800.0
524,2021-10-08 03:59:12,29800.0,1000.0,713400.0
525,2021-10-08 03:59:08,29950.0,500.0,712400.0
526,2021-10-08 03:58:53,29950.0,100.0,711900.0
527,2021-10-08 03:58:53,29950.0,100.0,711800.0
528,2021-10-08 03:58:38,29950.0,400.0,711700.0
529,2021-10-08 03:58:28,29950.0,4600.0,711300.0
530,2021-10-08 03:58:28,29950.0,200.0,706700.0
531,2021-10-08 03:58:28,29950.0,5200.0,706500.0
532,2021-10-08 03:58:10,29950.0,1500.0,701300.0
533,2021-10-08 03:58:06,29950.0,700.0,699800.0
534,2021-10-08 03:57:59,29950.0,200.0,699100.0
535,2021-10-08 03:57:47,29950.0,100.0,698900.0
536,2021-10-08 03:57:45,30000.0,500.0,698800.0
537,2021-10-08 03:57:40,29950.0,500.0,698300.0
538,2021-10-08 03:57:38,30000.0,200.0,697800.0
539,2021-10-08 03:57:28,30000.0,200.0,697600.0
540,2021-10-08 03:57:28,30000.0,5000.0,697400.0
541,2021-10-08 03:57:28,30000.0,400.0,692400.0
542,2021-10-08 03:57:10,30000.0,600.0,692000.0
543,2021-10-08 03:57:10,30000.0,1400.0,691400.0
544,2021-10-08 03:57:03,30000.0,3600.0,690000.0
545,2021-10-08 03:57:03,30000.0,25900.0,686400.0
546,2021-10-08 03:57:03,30050.0,100.0,660500.0
547,2021-10-08 03:57:03,30100.0,400.0,660400.0
548,2021-10-08 03:56:49,30150.0,400.0,660000.0
549,2021-10-08 03:56:45,30150.0,300.0,659600.0
550,2021-10-08 03:56:44,30150.0,1300.0,659300.0
551,2021-10-08 03:56:40,30150.0,500.0,658000.0
552,2021-10-08 03:56:39,30150.0,100.0,657500.0
553,2021-10-08 03:56:01,30150.0,100.0,657400.0
554,2021-10-08 03:55:59,30200.0,500.0,657300.0
555,2021-10-08 03:55:55,30200.0,300.0,656800.0
556,2021-10-08 03:55:55,30200.0,700.0,656500.0
557,2021-10-08 03:55:47,30200.0,300.0,655800.0
558,2021-10-08 03:55:43,30250.0,100.0,655500.0
559,2021-10-08 03:55:39,30200.0,100.0,655400.0
560,2021-10-08 03:55:30,30200.0,300.0,655300.0
561,2021-10-08 03:55:29,30200.0,400.0,655000.0
562,2021-10-08 03:55:28,30200.0,900.0,654600.0
563,2021-10-08 03:55:23,30250.0,100.0,653700.0
564,2021-10-08 03:55:23,30250.0,100.0,653600.0
565,2021-10-08 03:55:13,30250.0,1000.0,653500.0
566,2021-10-08 03:55:13,30250.0,400.0,652500.0
567,2021-10-08 03:55:13,30250.0,2600.0,652100.0
568,2021-10-08 03:55:13,30250.0,500.0,649500.0
569,2021-10-08 03:55:13,30250.0,400.0,649000.0
570,2021-10-08 03:55:06,30300.0,200.0,648600.0
571,2021-10-08 03:54:55,30250.0,500.0,648400.0
572,2021-10-08 03:54:34,30250.0,1100.0,647900.0
573,2021-10-08 03:54:34,30300.0,300.0,646800.0
574,2021-10-08 03:54:34,30350.0,1100.0,646500.0
575,2021-10-08 03:54:32,30350.0,1000.0,645400.0
576,2021-10-08 03:54:30,30350.0,800.0,644400.0
577,2021-10-08 03:53:33,30500.0,3500.0,643600.0
578,2021-10-08 03:53:33,30500.0,5000.0,640100.0
579,2021-10-08 03:53:33,30500.0,100.0,635100.0
580,2021-10-08 03:53:33,30500.0,100.0,635000.0
581,2021-10-08 03:53:33,30350.0,1300.0,634900.0
582,2021-10-08 03:53:31,30350.0,500.0,633600.0
583,2021-10-08 03:53:30,30500.0,800.0,633100.0
584,2021-10-08 03:53:26,30500.0,100.0,632300.0
585,2021-10-08 03:53:26,30500.0,400.0,632200.0
586,2021-10-08 03:52:09,30500.0,300.0,631800.0
587,2021-10-08 03:52:06,30500.0,2300.0,631500.0
588,2021-10-08 03:52:06,30350.0,500.0,629200.0
589,2021-10-08 03:51:42,30500.0,500.0,628700.0
590,2021-10-08 03:51:41,30500.0,500.0,628200.0
591,2021-10-08 03:51:34,30500.0,400.0,627700.0
592,2021-10-08 03:51:34,30500.0,5600.0,627300.0
593,2021-10-08 03:51:34,30550.0,1000.0,621700.0
594,2021-10-08 03:51:32,30500.0,800.0,620700.0
595,2021-10-08 03:51:24,30500.0,100.0,619900.0
596,2021-10-08 03:51:21,30500.0,300.0,619800.0
597,2021-10-08 03:51:19,30500.0,1000.0,619500.0
598,2021-10-08 03:51:15,30500.0,1400.0,618500.0
599,2021-10-08 03:51:13,30500.0,800.0,617100.0
600,2021-10-08 03:51:13,30500.0,9200.0,616300.0
601,2021-10-08 03:51:07,30500.0,5000.0,607100.0
602,2021-10-08 03:51:04,30500.0,200.0,602100.0
603,2021-10-08 03:51:04,30500.0,5000.0,601900.0
604,2021-10-08 03:51:04,30500.0,600.0,596900.0
605,2021-10-08 03:50:39,30500.0,2400.0,596300.0
606,2021-10-08 03:50:39,30500.0,1600.0,593900.0
607,2021-10-08 03:50:39,30350.0,1000.0,592300.0
608,2021-10-08 03:50:35,30350.0,100.0,591300.0
609,2021-10-08 03:50:30,30400.0,400.0,591200.0
610,2021-10-08 03:50:29,30400.0,100.0,590800.0
611,2021-10-08 03:50:29,30500.0,400.0,590700.0
612,2021-10-08 03:50:29,30500.0,500.0,590300.0
613,2021-10-08 03:50:29,30500.0,1500.0,589800.0
614,2021-10-08 03:50:29,30500.0,500.0,588300.0
615,2021-10-08 03:50:29,30500.0,1000.0,587800.0
616,2021-10-08 03:50:29,30500.0,6100.0,586800.0
617,2021-10-08 03:50:21,30500.0,500.0,580700.0
618,2021-10-08 03:50:19,30400.0,2000.0,580200.0
619,2021-10-08 03:50:18,30500.0,100.0,578200.0
620,2021-10-08 03:50:18,30350.0,2000.0,578100.0
621,2021-10-08 03:50:18,30300.0,900.0,576100.0
622,2021-10-08 03:50:18,30300.0,100.0,575200.0
623,2021-10-08 03:50:11,30300.0,200.0,575100.0
624,2021-10-08 03:50:07,30300.0,100.0,574900.0
625,2021-10-08 03:50:06,30300.0,300.0,574800.0
626,2021-10-08 03:50:02,30300.0,100.0,574500.0
627,2021-10-08 03:49:58,30300.0,300.0,574400.0
628,2021-10-08 03:49:53,30250.0,100.0,574100.0
629,2021-10-08 03:49:52,30250.0,200.0,574000.0
630,2021-10-08 03:49:51,30250.0,100.0,573800.0
631,2021-10-08 03:49:45,30250.0,3300.0,573700.0
632,2021-10-08 03:49:45,30250.0,3700.0,570400.0
633,2021-10-08 03:49:45,30250.0,5000.0,566700.0
634,2021-10-08 03:49:45,30200.0,3000.0,561700.0
635,2021-10-08 03:49:39,30100.0,1000.0,558700.0
636,2021-10-08 03:49:37,30150.0,2000.0,557700.0
637,2021-10-08 03:49:29,30100.0,100.0,555700.0
638,2021-10-08 03:49:28,30100.0,200.0,555600.0
639,2021-10-08 03:49:24,30100.0,200.0,555400.0
640,2021-10-08 03:49:24,30100.0,300.0,555200.0
641,2021-10-08 03:49:23,30100.0,2000.0,554900.0
642,2021-10-08 03:49:20,30100.0,200.0,552900.0
643,2021-10-08 03:49:13,30000.0,3000.0,552700.0
644,2021-10-08 03:49:13,30000.0,3000.0,549700.0
645,2021-10-08 03:49:13,30000.0,1100.0,546700.0
646,2021-10-08 03:49:13,30000.0,4000.0,545600.0
647,2021-10-08 03:49:13,30000.0,400.0,541600.0
648,2021-10-08 03:49:13,30000.0,1000.0,541200.0
649,2021-10-08 03:49:13,30000.0,200.0,540200.0
650,2021-10-08 03:49:13,30000.0,300.0,540000.0
651,2021-10-08 03:49:13,30000.0,11100.0,539700.0
652,2021-10-08 03:49:10,30000.0,3900.0,528600.0
653,2021-10-08 03:49:10,30000.0,500.0,524700.0
654,2021-10-08 03:49:10,30000.0,1000.0,524200.0
655,2021-10-08 03:49:10,30000.0,400.0,523200.0
656,2021-10-08 03:49:10,30000.0,100.0,522800.0
657,2021-10-08 03:49:10,30000.0,200.0,522700.0
658,2021-10-08 03:49:10,30000.0,1000.0,522500.0
659,2021-10-08 03:49:10,30000.0,500.0,521500.0
660,2021-10-08 03:49:10,30000.0,400.0,521000.0
661,2021-10-08 03:49:10,30000.0,200.0,520600.0
662,2021-10-08 03:49:10,30000.0,500.0,520400.0
663,2021-10-08 03:49:10,30000.0,200.0,519900.0
664,2021-10-08 03:49:10,30000.0,1000.0,519700.0
665,2021-10-08 03:49:10,30000.0,100.0,518700.0
666,2021-10-08 03:49:10,30000.0,5000.0,518600.0
667,2021-10-08 03:48:46,29950.0,200.0,513600.0
668,2021-10-08 03:48:46,29950.0,1600.0,513400.0
669,2021-10-08 03:48:42,29950.0,200.0,511800.0
670,2021-10-08 03:48:32,29950.0,200.0,511600.0
671,2021-10-08 03:48:12,29850.0,900.0,511400.0
672,2021-10-08 03:48:12,29800.0,100.0,510500.0
673,2021-10-08 03:48:12,29800.0,4000.0,510400.0
674,2021-10-08 03:48:11,29750.0,100.0,506400.0
675,2021-10-08 03:48:11,29750.0,800.0,506300.0
676,2021-10-08 03:48:02,29750.0,1200.0,505500.0
677,2021-10-08 03:47:51,29700.0,500.0,504300.0
678,2021-10-08 03:47:50,29700.0,200.0,503800.0
679,2021-10-08 03:47:48,29700.0,300.0,503600.0
680,2021-10-08 03:47:48,29700.0,500.0,503300.0
681,2021-10-08 03:47:48,29700.0,300.0,502800.0
682,2021-10-08 03:47:36,29700.0,200.0,502500.0
683,2021-10-08 03:47:35,29650.0,900.0,502300.0
684,2021-10-08 03:47:31,29650.0,100.0,501400.0
685,2021-10-08 03:47:26,29650.0,1700.0,501300.0
686,2021-10-08 03:47:24,29650.0,200.0,499600.0
687,2021-10-08 03:47:17,29650.0,100.0,499400.0
688,2021-10-08 03:46:55,29600.0,100.0,499300.0
689,2021-10-08 03:46:55,29600.0,100.0,499200.0
690,2021-10-08 03:46:55,29600.0,400.0,499100.0
691,2021-10-08 03:46:21,29550.0,400.0,498700.0
692,2021-10-08 03:46:21,29550.0,900.0,498300.0
693,2021-10-08 03:46:16,29550.0,100.0,497400.0
694,2021-10-08 03:46:13,29550.0,500.0,497300.0
695,2021-10-08 03:46:13,29550.0,500.0,496800.0
696,2021-10-08 03:46:03,29500.0,100.0,496300.0
697,2021-10-08 03:46:03,29500.0,400.0,496200.0
698,2021-10-08 03:46:03,29500.0,1000.0,495800.0
699,2021-10-08 03:46:03,29500.0,3000.0,494800.0
700,2021-10-08 03:46:03,29500.0,1000.0,491800.0
701,2021-10-08 03:46:03,29500.0,500.0,490800.0
702,2021-10-08 03:46:03,29500.0,100.0,490300.0
703,2021-10-08 03:46:03,29500.0,300.0,490200.0
704,2021-10-08 03:46:03,29500.0,1000.0,489900.0
705,2021-10-08 03:46:03,29500.0,500.0,488900.0
706,2021-10-08 03:46:00,29500.0,1000.0,488400.0
707,2021-10-08 03:45:59,29500.0,1400.0,487400.0
708,2021-10-08 03:45:58,29500.0,100.0,486000.0
709,2021-10-08 03:45:55,29500.0,500.0,485900.0
710,2021-10-08 03:45:53,29500.0,300.0,485400.0
711,2021-10-08 03:45:51,29500.0,1000.0,485100.0
712,2021-10-08 03:45:39,29500.0,200.0,484100.0
713,2021-10-08 03:45:39,29450.0,1500.0,483900.0
714,2021-10-08 03:45:30,29450.0,5000.0,482400.0
715,2021-10-08 03:45:30,29450.0,3500.0,477400.0
716,2021-10-08 03:45:28,29450.0,1500.0,473900.0
717,2021-10-08 03:45:16,29350.0,3000.0,472400.0
718,2021-10-08 03:45:16,29350.0,5000.0,469400.0
719,2021-10-08 03:45:16,29350.0,3500.0,464400.0
720,2021-10-08 03:45:16,29350.0,5000.0,460900.0
721,2021-10-08 03:45:16,29350.0,5000.0,455900.0
722,2021-10-08 03:45:16,29350.0,5000.0,450900.0
723,2021-10-08 03:45:16,29350.0,2000.0,445900.0
724,2021-10-08 03:44:49,29300.0,100.0,443900.0
725,2021-10-08 03:44:40,29300.0,1000.0,443800.0
726,2021-10-08 03:44:40,29300.0,900.0,442800.0
727,2021-10-08 03:44:39,29300.0,500.0,441900.0
728,2021-10-08 03:44:37,29300.0,300.0,441400.0
729,2021-10-08 03:44:35,29300.0,1300.0,441100.0
730,2021-10-08 03:44:35,29300.0,400.0,439800.0
731,2021-10-08 03:44:34,29300.0,600.0,439400.0
732,2021-10-08 03:44:34,29300.0,500.0,438800.0
733,2021-10-08 03:44:34,29300.0,100.0,438300.0
734,2021-10-08 03:44:34,29300.0,100.0,438200.0
735,2021-10-08 03:44:34,29300.0,200.0,438100.0
736,2021-10-08 03:44:34,29300.0,500.0,437900.0
737,2021-10-08 03:43:56,29300.0,1500.0,437400.0
738,2021-10-08 03:43:50,29250.0,100.0,435900.0
739,2021-10-08 03:43:24,29250.0,200.0,435800.0
740,2021-10-08 03:42:53,29250.0,200.0,435600.0
741,2021-10-08 03:42:48,29300.0,1000.0,435400.0
742,2021-10-08 03:42:44,29250.0,100.0,434400.0
743,2021-10-08 03:42:18,29250.0,1000.0,434300.0
744,2021-10-08 03:42:18,29250.0,2900.0,433300.0
745,2021-10-08 03:42:11,29250.0,300.0,430400.0
746,2021-10-08 03:41:35,29250.0,100.0,430100.0
747,2021-10-08 03:41:24,29250.0,300.0,430000.0
748,2021-10-08 03:41:20,29250.0,100.0,429700.0
749,2021-10-08 03:41:20,29250.0,300.0,429600.0
750,2021-10-08 03:41:15,29250.0,500.0,429300.0
751,2021-10-08 03:41:05,29250.0,500.0,428800.0
752,2021-10-08 03:41:05,29250.0,1000.0,428300.0
753,2021-10-08 03:40:51,29200.0,200.0,427300.0
754,2021-10-08 03:40:47,29200.0,100.0,427100.0
755,2021-10-08 03:40:20,29200.0,600.0,427000.0
756,2021-10-08 03:40:20,29200.0,100.0,426400.0
757,2021-10-08 03:40:20,29200.0,1900.0,426300.0
758,2021-10-08 03:39:35,29200.0,1100.0,424400.0
759,2021-10-08 03:39:35,29200.0,3000.0,423300.0
760,2021-10-08 03:39:35,29200.0,5000.0,420300.0
761,2021-10-08 03:39:35,29200.0,800.0,415300.0
762,2021-10-08 03:39:35,29150.0,100.0,414500.0
763,2021-10-08 03:39:18,29100.0,600.0,414400.0
764,2021-10-08 03:39:18,29150.0,100.0,413800.0
765,2021-10-08 03:39:18,29150.0,2000.0,413700.0
766,2021-10-08 03:39:18,29150.0,300.0,411700.0
767,2021-10-08 03:38:54,29150.0,700.0,411400.0
768,2021-10-08 03:38:54,29150.0,100.0,410700.0
769,2021-10-08 03:38:54,29150.0,200.0,410600.0
770,2021-10-08 03:37:36,29100.0,1000.0,410400.0
771,2021-10-08 03:37:36,29100.0,400.0,409400.0
772,2021-10-08 03:37:36,29150.0,600.0,409000.0
773,2021-10-08 03:37:35,29150.0,1400.0,408400.0
774,2021-10-08 03:37:25,29150.0,1000.0,407000.0
775,2021-10-08 03:37:10,29150.0,600.0,406000.0
776,2021-10-08 03:37:01,29150.0,1000.0,405400.0
777,2021-10-08 03:37:01,29150.0,900.0,404400.0
778,2021-10-08 03:37:01,29150.0,1500.0,403500.0
779,2021-10-08 03:36:28,29100.0,600.0,402000.0
780,2021-10-08 03:36:26,29100.0,200.0,401400.0
781,2021-10-08 03:35:57,29150.0,1500.0,401200.0
782,2021-10-08 03:35:55,29150.0,700.0,399700.0
783,2021-10-08 03:35:55,29150.0,400.0,399000.0
784,2021-10-08 03:35:46,29150.0,200.0,398600.0
785,2021-10-08 03:34:20,29150.0,100.0,398400.0
786,2021-10-08 03:34:20,29150.0,100.0,398300.0
787,2021-10-08 03:34:20,29150.0,2600.0,398200.0
788,2021-10-08 03:33:59,29150.0,1000.0,395600.0
789,2021-10-08 03:33:32,29150.0,200.0,394600.0
790,2021-10-08 03:33:31,29150.0,500.0,394400.0
791,2021-10-08 03:33:30,29150.0,700.0,393900.0
792,2021-10-08 03:33:19,29150.0,100.0,393200.0
793,2021-10-08 03:33:19,29150.0,1200.0,393100.0
794,2021-10-08 03:33:03,29150.0,400.0,391900.0
795,2021-10-08 03:33:01,29150.0,400.0,391500.0
796,2021-10-08 03:32:41,29100.0,100.0,391100.0
797,2021-10-08 03:32:24,29000.0,200.0,391000.0
798,2021-10-08 03:32:18,29000.0,500.0,390800.0
799,2021-10-08 03:32:15,29000.0,100.0,390300.0
800,2021-10-08 03:32:07,29000.0,100.0,390200.0
801,2021-10-08 03:32:07,29000.0,300.0,390100.0
802,2021-10-08 03:31:56,29000.0,500.0,389800.0
803,2021-10-08 03:31:56,29000.0,5000.0,389300.0
804,2021-10-08 03:31:56,29000.0,3000.0,384300.0
805,2021-10-08 03:31:56,29000.0,100.0,381300.0
806,2021-10-08 03:31:56,29000.0,1000.0,381200.0
807,2021-10-08 03:31:56,29000.0,100.0,380200.0
808,2021-10-08 03:31:48,28950.0,100.0,380100.0
809,2021-10-08 03:31:33,28950.0,500.0,380000.0
810,2021-10-08 03:30:47,28950.0,100.0,379500.0
811,2021-10-08 03:30:09,28950.0,1800.0,379400.0
812,2021-10-08 03:30:09,28950.0,900.0,377600.0
813,2021-10-08 03:30:07,29000.0,1000.0,376700.0
814,2021-10-08 03:30:07,29000.0,100.0,375700.0
815,2021-10-08 03:30:07,29000.0,1000.0,375600.0
816,2021-10-08 03:30:07,29000.0,900.0,374600.0
817,2021-10-08 03:29:47,29000.0,100.0,373700.0
818,2021-10-08 03:29:47,29000.0,200.0,373600.0
819,2021-10-08 03:29:47,29000.0,1700.0,373400.0
820,2021-10-08 03:29:38,28950.0,3000.0,371700.0
821,2021-10-08 03:29:25,29000.0,300.0,368700.0
822,2021-10-08 03:29:25,29000.0,2700.0,368400.0
823,2021-10-08 03:29:06,29000.0,300.0,365700.0
824,2021-10-08 03:29:06,29000.0,700.0,365400.0
825,2021-10-08 03:29:04,29000.0,300.0,364700.0
826,2021-10-08 03:29:04,29000.0,100.0,364400.0
827,2021-10-08 03:29:04,29000.0,1000.0,364300.0
828,2021-10-08 03:29:04,29000.0,300.0,363300.0
829,2021-10-08 03:29:04,29000.0,300.0,363000.0
830,2021-10-08 03:28:42,29000.0,400.0,362700.0
831,2021-10-08 03:28:32,29000.0,100.0,362300.0
832,2021-10-08 03:28:32,29000.0,500.0,362200.0
833,2021-10-08 03:28:14,28950.0,300.0,361700.0
834,2021-10-08 03:28:14,28950.0,5000.0,361400.0
835,2021-10-08 03:28:14,28950.0,200.0,356400.0
836,2021-10-08 03:28:14,28950.0,500.0,356200.0
837,2021-10-08 03:28:14,28950.0,500.0,355700.0
838,2021-10-08 03:28:14,28950.0,3000.0,355200.0
839,2021-10-08 03:28:14,28950.0,1000.0,352200.0
840,2021-10-08 03:28:14,28950.0,500.0,351200.0
841,2021-10-08 03:28:14,28950.0,400.0,350700.0
842,2021-10-08 03:28:14,28950.0,2000.0,350300.0
843,2021-10-08 03:28:14,28950.0,5000.0,348300.0
844,2021-10-08 03:28:14,28950.0,1000.0,343300.0
845,2021-10-08 03:28:14,28950.0,900.0,342300.0
846,2021-10-08 03:28:14,28900.0,5000.0,341400.0
847,2021-10-08 03:28:14,28900.0,700.0,336400.0
848,2021-10-08 03:28:14,28900.0,100.0,335700.0
849,2021-10-08 03:27:58,28900.0,900.0,335600.0
850,2021-10-08 03:27:58,28900.0,4000.0,334700.0
851,2021-10-08 03:27:58,28900.0,100.0,330700.0
852,2021-10-08 03:27:56,28900.0,100.0,330600.0
853,2021-10-08 03:27:50,28900.0,300.0,330500.0
854,2021-10-08 03:27:29,28900.0,1000.0,330200.0
855,2021-10-08 03:27:07,28900.0,1000.0,329200.0
856,2021-10-08 03:27:03,28900.0,2500.0,328200.0
857,2021-10-08 03:27:03,28900.0,300.0,325700.0
858,2021-10-08 03:27:03,28900.0,300.0,325400.0
859,2021-10-08 03:27:03,28900.0,200.0,325100.0
860,2021-10-08 03:26:24,28900.0,800.0,324900.0
861,2021-10-08 03:26:24,28900.0,3000.0,324100.0
862,2021-10-08 03:26:24,28900.0,1000.0,321100.0
863,2021-10-08 03:26:24,28850.0,200.0,320100.0
864,2021-10-08 03:26:03,28850.0,4800.0,319900.0
865,2021-10-08 03:26:03,28850.0,1000.0,315100.0
866,2021-10-08 03:26:03,28850.0,1000.0,314100.0
867,2021-10-08 03:26:03,28850.0,500.0,313100.0
868,2021-10-08 03:26:03,28850.0,2700.0,312600.0
869,2021-10-08 03:25:32,28850.0,2000.0,309900.0
870,2021-10-08 03:23:39,28850.0,300.0,307900.0
871,2021-10-08 03:23:39,28850.0,200.0,307600.0
872,2021-10-08 03:23:39,28850.0,300.0,307400.0
873,2021-10-08 03:23:39,28850.0,100.0,307100.0
874,2021-10-08 03:23:39,28850.0,200.0,307000.0
875,2021-10-08 03:23:39,28850.0,300.0,306800.0
876,2021-10-08 03:23:39,28850.0,2600.0,306500.0
877,2021-10-08 03:23:35,28800.0,500.0,303900.0
878,2021-10-08 03:23:35,28800.0,1200.0,303400.0
879,2021-10-08 03:23:07,28800.0,200.0,302200.0
880,2021-10-08 03:22:58,28800.0,800.0,302000.0
881,2021-10-08 03:22:58,28800.0,2000.0,301200.0
882,2021-10-08 03:22:58,28800.0,800.0,299200.0
883,2021-10-08 03:22:58,28800.0,100.0,298400.0
884,2021-10-08 03:22:58,28800.0,5300.0,298300.0
885,2021-10-08 03:22:28,28800.0,100.0,293000.0
886,2021-10-08 03:20:44,28750.0,100.0,292900.0
887,2021-10-08 03:20:44,28750.0,900.0,292800.0
888,2021-10-08 03:19:19,28800.0,100.0,291900.0
889,2021-10-08 03:19:04,28750.0,700.0,291800.0
890,2021-10-08 03:18:29,28750.0,400.0,291100.0
891,2021-10-08 03:18:15,28750.0,3000.0,290700.0
892,2021-10-08 03:18:11,28750.0,1000.0,287700.0
893,2021-10-08 03:17:27,28750.0,200.0,286700.0
894,2021-10-08 03:17:07,28750.0,600.0,286500.0
895,2021-10-08 03:15:59,28750.0,1000.0,285900.0
896,2021-10-08 03:15:59,28750.0,3800.0,284900.0
897,2021-10-08 03:15:54,28750.0,1000.0,281100.0
898,2021-10-08 03:15:24,28750.0,200.0,280100.0
899,2021-10-08 03:14:39,28800.0,100.0,279900.0
900,2021-10-08 03:14:35,28800.0,2000.0,279800.0
901,2021-10-08 03:13:02,28800.0,200.0,277800.0
902,2021-10-08 03:13:01,28800.0,200.0,277600.0
903,2021-10-08 03:12:48,28800.0,500.0,277400.0
904,2021-10-08 03:12:46,28800.0,500.0,276900.0
905,2021-10-08 03:11:58,28800.0,500.0,276400.0
906,2021-10-08 03:11:58,28800.0,2000.0,275900.0
907,2021-10-08 03:10:59,28800.0,300.0,273900.0
908,2021-10-08 03:10:23,28800.0,500.0,273600.0
909,2021-10-08 03:10:10,28800.0,1500.0,273100.0
910,2021-10-08 03:10:10,28800.0,500.0,271600.0
911,2021-10-08 03:09:22,28800.0,500.0,271100.0
912,2021-10-08 03:09:22,28800.0,100.0,270600.0
913,2021-10-08 03:09:22,28800.0,1000.0,270500.0
914,2021-10-08 03:09:22,28800.0,1000.0,269500.0
915,2021-10-08 03:09:22,28800.0,500.0,268500.0
916,2021-10-08 03:09:22,28800.0,1500.0,268000.0
917,2021-10-08 03:09:02,28800.0,700.0,266500.0
918,2021-10-08 03:08:48,28750.0,200.0,265800.0
919,2021-10-08 03:07:49,28750.0,100.0,265600.0
920,2021-10-08 03:07:36,28750.0,700.0,265500.0
921,2021-10-08 03:07:01,28750.0,200.0,264800.0
922,2021-10-08 03:07:01,28750.0,2000.0,264600.0
923,2021-10-08 03:07:01,28750.0,100.0,262600.0
924,2021-10-08 03:07:01,28750.0,200.0,262500.0
925,2021-10-08 03:07:01,28750.0,500.0,262300.0
926,2021-10-08 03:07:01,28750.0,600.0,261800.0
927,2021-10-08 03:07:01,28750.0,200.0,261200.0
928,2021-10-08 03:07:01,28750.0,900.0,261000.0
929,2021-10-08 03:05:41,28750.0,100.0,260100.0
930,2021-10-08 03:05:20,28800.0,2000.0,260000.0
931,2021-10-08 03:05:11,28750.0,200.0,258000.0
932,2021-10-08 03:04:19,28800.0,200.0,257800.0
933,2021-10-08 03:04:05,28800.0,400.0,257600.0
934,2021-10-08 03:04:03,28750.0,600.0,257200.0
935,2021-10-08 03:03:54,28800.0,200.0,256600.0
936,2021-10-08 03:03:54,28800.0,100.0,256400.0
937,2021-10-08 03:03:18,28750.0,200.0,256300.0
938,2021-10-08 03:03:01,28750.0,100.0,256100.0
939,2021-10-08 03:02:40,28750.0,200.0,256000.0
940,2021-10-08 03:01:46,28700.0,100.0,255800.0
941,2021-10-08 03:00:30,28700.0,1600.0,255700.0
942,2021-10-08 03:00:30,28700.0,100.0,254100.0
943,2021-10-08 03:00:30,28700.0,100.0,254000.0
944,2021-10-08 03:00:30,28700.0,100.0,253900.0
945,2021-10-08 02:58:19,28700.0,100.0,253800.0
946,2021-10-08 02:57:32,28700.0,300.0,253700.0
947,2021-10-08 02:57:24,28700.0,500.0,253400.0
948,2021-10-08 02:57:23,28700.0,200.0,252900.0
949,2021-10-08 02:57:23,28700.0,100.0,252700.0
950,2021-10-08 02:57:13,28700.0,200.0,252600.0
951,2021-10-08 02:57:06,28700.0,600.0,252400.0
952,2021-10-08 02:57:04,28700.0,900.0,251800.0
953,2021-10-08 02:56:52,28700.0,200.0,250900.0
954,2021-10-08 02:56:52,28700.0,300.0,250700.0
955,2021-10-08 02:56:52,28700.0,100.0,250400.0
956,2021-10-08 02:56:34,28700.0,2000.0,250300.0
957,2021-10-08 02:56:13,28650.0,300.0,248300.0
958,2021-10-08 02:56:07,28650.0,700.0,248000.0
959,2021-10-08 02:56:07,28650.0,300.0,247300.0
960,2021-10-08 02:55:56,28650.0,300.0,247000.0
961,2021-10-08 02:55:49,28700.0,100.0,246700.0
962,2021-10-08 02:55:10,28700.0,2000.0,246600.0
963,2021-10-08 02:55:10,28700.0,1000.0,244600.0
964,2021-10-08 02:55:10,28700.0,200.0,243600.0
965,2021-10-08 02:54:58,28800.0,100.0,243400.0
966,2021-10-08 02:54:35,28800.0,700.0,243300.0
967,2021-10-08 02:54:19,28800.0,400.0,242600.0
968,2021-10-08 02:54:15,28800.0,100.0,242200.0
969,2021-10-08 02:54:15,28800.0,900.0,242100.0
970,2021-10-08 02:53:58,28800.0,100.0,241200.0
971,2021-10-08 02:53:51,28800.0,200.0,241100.0
972,2021-10-08 02:53:19,28700.0,100.0,240900.0
973,2021-10-08 02:53:19,28700.0,100.0,240800.0
974,2021-10-08 02:53:19,28700.0,100.0,240700.0
975,2021-10-08 02:53:19,28700.0,2600.0,240600.0
976,2021-10-08 02:53:00,28700.0,4400.0,238000.0
977,2021-10-08 02:53:00,28700.0,100.0,233600.0
978,2021-10-08 02:53:00,28700.0,300.0,233500.0
979,2021-10-08 02:53:00,28700.0,1500.0,233200.0
980,2021-10-08 02:53:00,28700.0,100.0,231700.0
981,2021-10-08 02:53:00,28700.0,500.0,231600.0
982,2021-10-08 02:53:00,28700.0,200.0,231100.0
983,2021-10-08 02:53:00,28700.0,1000.0,230900.0
984,2021-10-08 02:53:00,28750.0,100.0,229900.0
985,2021-10-08 02:53:00,28750.0,700.0,229800.0
986,2021-10-08 02:53:00,28750.0,100.0,229100.0
987,2021-10-08 02:53:00,28750.0,500.0,229000.0
988,2021-10-08 02:53:00,28750.0,500.0,228500.0
989,2021-10-08 02:53:00,28750.0,300.0,228000.0
990,2021-10-08 02:53:00,28800.0,500.0,227700.0
991,2021-10-08 02:53:00,28800.0,1000.0,227200.0
992,2021-10-08 02:53:00,28800.0,4100.0,226200.0
993,2021-10-08 02:53:00,28800.0,500.0,222100.0
994,2021-10-08 02:53:00,28800.0,500.0,221600.0
995,2021-10-08 02:53:00,28800.0,3100.0,221100.0
996,2021-10-08 02:52:45,28850.0,300.0,218000.0
997,2021-10-08 02:52:30,28850.0,100.0,217700.0
998,2021-10-08 02:52:30,28850.0,400.0,217600.0
999,2021-10-08 02:52:06,28850.0,900.0,217200.0
1000,2021-10-08 02:52:01,28850.0,200.0,216300.0
1001,2021-10-08 02:52:00,28850.0,500.0,216100.0
1002,2021-10-08 02:51:54,28850.0,800.0,215600.0
1003,2021-10-08 02:51:46,28850.0,200.0,214800.0
1004,2021-10-08 02:51:37,28850.0,1400.0,214600.0
1005,2021-10-08 02:51:11,28800.0,1900.0,213200.0
1006,2021-10-08 02:51:11,28800.0,300.0,211300.0
1007,2021-10-08 02:51:11,28800.0,100.0,211000.0
1008,2021-10-08 02:50:55,28800.0,100.0,210900.0
1009,2021-10-08 02:50:55,28800.0,300.0,210800.0
1010,2021-10-08 02:50:54,28800.0,200.0,210500.0
1011,2021-10-08 02:50:06,28800.0,500.0,210300.0
1012,2021-10-08 02:50:06,28800.0,500.0,209800.0
1013,2021-10-08 02:49:59,28800.0,500.0,209300.0
1014,2021-10-08 02:49:59,28800.0,100.0,208800.0
1015,2021-10-08 02:49:59,28800.0,100.0,208700.0
1016,2021-10-08 02:49:52,28800.0,100.0,208600.0
1017,2021-10-08 02:49:52,28800.0,100.0,208500.0
1018,2021-10-08 02:49:45,28800.0,100.0,208400.0
1019,2021-10-08 02:48:49,28800.0,100.0,208300.0
1020,2021-10-08 02:48:13,28750.0,100.0,208200.0
1021,2021-10-08 02:47:38,28800.0,1000.0,208100.0
1022,2021-10-08 02:47:03,28800.0,1000.0,207100.0
1023,2021-10-08 02:45:28,28800.0,100.0,206100.0
1024,2021-10-08 02:45:28,28800.0,100.0,206000.0
1025,2021-10-08 02:45:28,28800.0,2000.0,205900.0
1026,2021-10-08 02:45:28,28800.0,600.0,203900.0
1027,2021-10-08 02:44:34,28800.0,100.0,203300.0
1028,2021-10-08 02:44:34,28800.0,100.0,203200.0
1029,2021-10-08 02:44:28,28800.0,200.0,203100.0
1030,2021-10-08 02:44:15,28800.0,900.0,202900.0
1031,2021-10-08 02:44:15,28800.0,1800.0,202000.0
1032,2021-10-08 02:43:57,28800.0,200.0,200200.0
1033,2021-10-08 02:43:57,28800.0,800.0,200000.0
1034,2021-10-08 02:43:44,28800.0,200.0,199200.0
1035,2021-10-08 02:43:28,28800.0,100.0,199000.0
1036,2021-10-08 02:43:19,28800.0,500.0,198900.0
1037,2021-10-08 02:43:14,28800.0,2400.0,198400.0
1038,2021-10-08 02:43:02,28800.0,1300.0,196000.0
1039,2021-10-08 02:43:02,28800.0,500.0,194700.0
1040,2021-10-08 02:42:58,28800.0,100.0,194200.0
1041,2021-10-08 02:42:23,28800.0,500.0,194100.0
1042,2021-10-08 02:42:18,28800.0,300.0,193600.0
1043,2021-10-08 02:42:18,28800.0,500.0,193300.0
1044,2021-10-08 02:42:07,28800.0,100.0,192800.0
1045,2021-10-08 02:41:59,28800.0,100.0,192700.0
1046,2021-10-08 02:41:50,28850.0,2000.0,192600.0
1047,2021-10-08 02:41:35,28850.0,300.0,190600.0
1048,2021-10-08 02:41:35,28800.0,100.0,190300.0
1049,2021-10-08 02:41:33,28800.0,100.0,190200.0
1050,2021-10-08 02:41:33,28800.0,500.0,190100.0
1051,2021-10-08 02:41:33,28800.0,100.0,189600.0
1052,2021-10-08 02:41:33,28800.0,1200.0,189500.0
1053,2021-10-08 02:41:28,28850.0,100.0,188300.0
1054,2021-10-08 02:41:25,28800.0,1300.0,188200.0
1055,2021-10-08 02:41:10,28850.0,500.0,186900.0
1056,2021-10-08 02:40:41,28800.0,2000.0,186400.0
1057,2021-10-08 02:40:26,28750.0,100.0,184400.0
1058,2021-10-08 02:40:26,28750.0,400.0,184300.0
1059,2021-10-08 02:40:12,28750.0,500.0,183900.0
1060,2021-10-08 02:39:35,28750.0,100.0,183400.0
1061,2021-10-08 02:39:33,28700.0,100.0,183300.0
1062,2021-10-08 02:39:33,28750.0,100.0,183200.0
1063,2021-10-08 02:39:20,28750.0,1600.0,183100.0
1064,2021-10-08 02:38:55,28750.0,2700.0,181500.0
1065,2021-10-08 02:38:55,28750.0,100.0,178800.0
1066,2021-10-08 02:38:55,28750.0,700.0,178700.0
1067,2021-10-08 02:38:49,28700.0,500.0,178000.0
1068,2021-10-08 02:38:45,28700.0,100.0,177500.0
1069,2021-10-08 02:38:43,28700.0,100.0,177400.0
1070,2021-10-08 02:38:43,28700.0,800.0,177300.0
1071,2021-10-08 02:37:51,28700.0,100.0,176500.0
1072,2021-10-08 02:37:44,28700.0,100.0,176400.0
1073,2021-10-08 02:37:40,28600.0,800.0,176300.0
1074,2021-10-08 02:37:29,28600.0,100.0,175500.0
1075,2021-10-08 02:37:29,28600.0,100.0,175400.0
1076,2021-10-08 02:37:29,28600.0,100.0,175300.0
1077,2021-10-08 02:37:29,28600.0,500.0,175200.0
1078,2021-10-08 02:37:29,28600.0,200.0,174700.0
1079,2021-10-08 02:37:19,28700.0,100.0,174500.0
1080,2021-10-08 02:36:41,28600.0,100.0,174400.0
1081,2021-10-08 02:36:41,28600.0,100.0,174300.0
1082,2021-10-08 02:36:41,28600.0,2000.0,174200.0
1083,2021-10-08 02:36:41,28600.0,800.0,172200.0
1084,2021-10-08 02:36:40,28700.0,2000.0,171400.0
1085,2021-10-08 02:36:21,28700.0,2000.0,169400.0
1086,2021-10-08 02:36:17,28700.0,100.0,167400.0
1087,2021-10-08 02:36:17,28700.0,5700.0,167300.0
1088,2021-10-08 02:36:09,28700.0,1200.0,161600.0
1089,2021-10-08 02:36:09,28700.0,300.0,160400.0
1090,2021-10-08 02:36:00,28700.0,400.0,160100.0
1091,2021-10-08 02:35:39,28700.0,100.0,159700.0
1092,2021-10-08 02:35:28,28700.0,1100.0,159600.0
1093,2021-10-08 02:35:28,28700.0,500.0,158500.0
1094,2021-10-08 02:35:28,28700.0,100.0,158000.0
1095,2021-10-08 02:35:28,28700.0,300.0,157900.0
1096,2021-10-08 02:34:43,28700.0,100.0,157600.0
1097,2021-10-08 02:34:17,28750.0,1000.0,157500.0
1098,2021-10-08 02:34:06,28700.0,100.0,156500.0
1099,2021-10-08 02:34:06,28700.0,400.0,156400.0
1100,2021-10-08 02:33:15,28700.0,300.0,156000.0
1101,2021-10-08 02:32:49,28750.0,200.0,155700.0
1102,2021-10-08 02:32:21,28750.0,500.0,155500.0
1103,2021-10-08 02:32:21,28800.0,400.0,155000.0
1104,2021-10-08 02:32:19,28800.0,100.0,154600.0
1105,2021-10-08 02:31:53,28800.0,100.0,154500.0
1106,2021-10-08 02:31:39,28800.0,100.0,154400.0
1107,2021-10-08 02:31:39,28800.0,100.0,154300.0
1108,2021-10-08 02:31:26,28800.0,900.0,154200.0
1109,2021-10-08 02:31:15,28800.0,100.0,153300.0
1110,2021-10-08 02:31:03,28800.0,100.0,153200.0
1111,2021-10-08 02:31:03,28800.0,100.0,153100.0
1112,2021-10-08 02:30:53,28850.0,100.0,153000.0
1113,2021-10-08 02:30:48,28850.0,600.0,152900.0
1114,2021-10-08 02:30:18,28850.0,1000.0,152300.0
1115,2021-10-08 02:30:18,28850.0,100.0,151300.0
1116,2021-10-08 02:30:18,28850.0,500.0,151200.0
1117,2021-10-08 02:30:18,28850.0,500.0,150700.0
1118,2021-10-08 02:30:18,28900.0,400.0,150200.0
1119,2021-10-08 02:30:18,28900.0,1000.0,149800.0
1120,2021-10-08 02:30:18,28900.0,700.0,148800.0
1121,2021-10-08 02:30:07,28950.0,1100.0,148100.0
1122,2021-10-08 02:29:54,28900.0,3000.0,147000.0
1123,2021-10-08 02:29:54,28900.0,100.0,144000.0
1124,2021-10-08 02:29:54,28900.0,2000.0,143900.0
1125,2021-10-08 02:29:54,28900.0,300.0,141900.0
1126,2021-10-08 02:29:54,28900.0,100.0,141600.0
1127,2021-10-08 02:29:54,28900.0,200.0,141500.0
1128,2021-10-08 02:29:54,28900.0,3600.0,141300.0
1129,2021-10-08 02:29:51,28850.0,200.0,137700.0
1130,2021-10-08 02:29:43,28850.0,3000.0,137500.0
1131,2021-10-08 02:29:40,28850.0,400.0,134500.0
1132,2021-10-08 02:29:14,28850.0,100.0,134100.0
1133,2021-10-08 02:28:43,28850.0,100.0,134000.0
1134,2021-10-08 02:28:43,28800.0,3400.0,133900.0
1135,2021-10-08 02:28:42,28800.0,300.0,130500.0
1136,2021-10-08 02:28:34,28850.0,2900.0,130200.0
1137,2021-10-08 02:28:34,28850.0,3000.0,127300.0
1138,2021-10-08 02:28:34,28850.0,200.0,124300.0
1139,2021-10-08 02:28:34,28850.0,3000.0,124100.0
1140,2021-10-08 02:28:34,28850.0,600.0,121100.0
1141,2021-10-08 02:28:34,28850.0,100.0,120500.0
1142,2021-10-08 02:28:34,28850.0,200.0,120400.0
1143,2021-10-08 02:28:32,28800.0,300.0,120200.0
1144,2021-10-08 02:28:32,28800.0,1300.0,119900.0
1145,2021-10-08 02:28:25,28800.0,200.0,118600.0
1146,2021-10-08 02:28:21,28700.0,5000.0,118400.0
1147,2021-10-08 02:28:20,28800.0,300.0,113400.0
1148,2021-10-08 02:28:20,28800.0,100.0,113100.0
1149,2021-10-08 02:28:20,28800.0,100.0,113000.0
1150,2021-10-08 02:28:20,28800.0,500.0,112900.0
1151,2021-10-08 02:28:08,28700.0,100.0,112400.0
1152,2021-10-08 02:28:08,28700.0,200.0,112300.0
1153,2021-10-08 02:28:08,28700.0,400.0,112100.0
1154,2021-10-08 02:27:49,28600.0,100.0,111700.0
1155,2021-10-08 02:27:49,28600.0,100.0,111600.0
1156,2021-10-08 02:27:49,28600.0,2000.0,111500.0
1157,2021-10-08 02:27:47,28600.0,200.0,109500.0
1158,2021-10-08 02:27:40,28500.0,500.0,109300.0
1159,2021-10-08 02:27:37,28600.0,2800.0,108800.0
1160,2021-10-08 02:27:23,28500.0,900.0,106000.0
1161,2021-10-08 02:27:23,28500.0,2000.0,105100.0
1162,2021-10-08 02:26:59,28500.0,100.0,103100.0
1163,2021-10-08 02:26:59,28500.0,7400.0,103000.0
1164,2021-10-08 02:26:59,28550.0,500.0,95600.0
1165,2021-10-08 02:26:43,28500.0,1000.0,95100.0
1166,2021-10-08 02:26:23,28500.0,1600.0,94100.0
1167,2021-10-08 02:26:13,28500.0,1200.0,92500.0
1168,2021-10-08 02:26:13,28500.0,1000.0,91300.0
1169,2021-10-08 02:26:13,28500.0,100.0,90300.0
1170,2021-10-08 02:26:13,28500.0,200.0,90200.0
1171,2021-10-08 02:26:13,28500.0,100.0,90000.0
1172,2021-10-08 02:26:13,28500.0,2400.0,89900.0
1173,2021-10-08 02:25:52,28500.0,100.0,87500.0
1174,2021-10-08 02:25:42,28500.0,100.0,87400.0
1175,2021-10-08 02:25:42,28500.0,500.0,87300.0
1176,2021-10-08 02:25:28,28500.0,200.0,86800.0
1177,2021-10-08 02:25:11,28450.0,200.0,86600.0
1178,2021-10-08 02:25:11,28450.0,200.0,86400.0
1179,2021-10-08 02:25:09,28500.0,100.0,86200.0
1180,2021-10-08 02:25:01,28450.0,300.0,86100.0
1181,2021-10-08 02:25:01,28500.0,400.0,85800.0
1182,2021-10-08 02:24:42,28450.0,2000.0,85400.0
1183,2021-10-08 02:23:48,28450.0,100.0,83400.0
1184,2021-10-08 02:23:12,28400.0,200.0,83300.0
1185,2021-10-08 02:23:05,28400.0,100.0,83100.0
1186,2021-10-08 02:22:45,28400.0,100.0,83000.0
1187,2021-10-08 02:22:45,28400.0,200.0,82900.0
1188,2021-10-08 02:22:40,28500.0,1200.0,82700.0
1189,2021-10-08 02:22:40,28500.0,200.0,81500.0
1190,2021-10-08 02:22:40,28500.0,300.0,81300.0
1191,2021-10-08 02:22:40,28500.0,300.0,81000.0
1192,2021-10-08 02:22:28,28400.0,300.0,80700.0
1193,2021-10-08 02:22:14,28400.0,100.0,80400.0
1194,2021-10-08 02:22:04,28400.0,1000.0,80300.0
1195,2021-10-08 02:22:03,28400.0,500.0,79300.0
1196,2021-10-08 02:21:33,28400.0,100.0,78800.0
1197,2021-10-08 02:21:28,28400.0,1000.0,78700.0
1198,2021-10-08 02:21:21,28400.0,500.0,77700.0
1199,2021-10-08 02:21:14,28500.0,100.0,77200.0
1200,2021-10-08 02:21:13,28500.0,100.0,77100.0
1201,2021-10-08 02:21:12,28400.0,500.0,77000.0
1202,2021-10-08 02:20:34,28500.0,1500.0,76500.0
1203,2021-10-08 02:20:14,28500.0,100.0,75000.0
1204,2021-10-08 02:20:04,28400.0,2400.0,74900.0
1205,2021-10-08 02:19:56,28400.0,700.0,72500.0
1206,2021-10-08 02:19:56,28400.0,200.0,71800.0
1207,2021-10-08 02:19:56,28400.0,1000.0,71600.0
1208,2021-10-08 02:19:56,28400.0,1000.0,70600.0
1209,2021-10-08 02:19:56,28400.0,500.0,69600.0
1210,2021-10-08 02:19:48,28400.0,300.0,69100.0
1211,2021-10-08 02:19:39,28400.0,100.0,68800.0
1212,2021-10-08 02:19:38,28400.0,100.0,68700.0
1213,2021-10-08 02:18:29,28500.0,100.0,68600.0
1214,2021-10-08 02:18:27,28500.0,500.0,68500.0
1215,2021-10-08 02:18:27,28500.0,2000.0,68000.0
1216,2021-10-08 02:18:15,28500.0,900.0,66000.0
1217,2021-10-08 02:18:15,28500.0,600.0,65100.0
1218,2021-10-08 02:18:15,28500.0,300.0,64500.0
1219,2021-10-08 02:18:15,28500.0,200.0,64200.0
1220,2021-10-08 02:18:15,28500.0,300.0,64000.0
1221,2021-10-08 02:18:12,28500.0,2100.0,63700.0
1222,2021-10-08 02:18:06,28500.0,12600.0,61600.0
1223,2021-10-08 02:18:06,28500.0,100.0,49000.0
1224,2021-10-08 02:18:06,28500.0,2000.0,48900.0
1225,2021-10-08 02:18:06,28500.0,100.0,46900.0
1226,2021-10-08 02:17:58,28700.0,100.0,46800.0
1227,2021-10-08 02:17:52,28700.0,900.0,46700.0
1228,2021-10-08 02:17:52,28700.0,600.0,45800.0
1229,2021-10-08 02:17:52,28700.0,400.0,45200.0
1230,2021-10-08 02:17:52,28700.0,500.0,44800.0
1231,2021-10-08 02:17:52,28750.0,100.0,44300.0
1232,2021-10-08 02:17:29,28800.0,100.0,44200.0
1233,2021-10-08 02:17:25,28800.0,100.0,44100.0
1234,2021-10-08 02:16:14,28850.0,300.0,44000.0
1235,2021-10-08 02:16:14,28850.0,100.0,43700.0
1236,2021-10-08 02:16:14,28850.0,400.0,43600.0
1237,2021-10-08 02:16:10,28850.0,100.0,43200.0
1238,2021-10-08 02:16:10,28850.0,1900.0,43100.0
1239,2021-10-08 02:16:05,28850.0,100.0,41200.0
1240,2021-10-08 02:16:05,28850.0,1000.0,41100.0
1241,2021-10-08 02:16:05,28850.0,700.0,40100.0
1242,2021-10-08 02:16:05,28850.0,200.0,39400.0
1243,2021-10-08 02:16:04,28850.0,1000.0,39200.0
1244,2021-10-08 02:16:04,28850.0,800.0,38200.0
1245,2021-10-08 02:16:04,28850.0,4200.0,37400.0
1246,2021-10-08 02:16:02,28850.0,800.0,33200.0
1247,2021-10-08 02:16:02,28850.0,4200.0,32400.0
1248,2021-10-08 02:15:46,28850.0,800.0,28200.0
1249,2021-10-08 02:15:46,28850.0,100.0,27400.0
1250,2021-10-08 02:15:46,28850.0,100.0,27300.0
1251,2021-10-08 02:15:00,28900.0,500.0,27200.0
1252,2021-10-08 02:15:00,28900.0,200.0,26700.0
1253,2021-10-08 02:15:00,28900.0,100.0,26500.0
1254,2021-10-08 02:15:00,28900.0,600.0,26400.0
1255,2021-10-08 02:15:00,28900.0,400.0,25800.0
1256,2021-10-08 02:15:00,28900.0,300.0,25400.0
1257,2021-10-08 02:15:00,28900.0,100.0,25100.0
1258,2021-10-08 02:15:00,28900.0,2200.0,25000.0
1259,2021-10-08 02:15:00,28900.0,1000.0,22800.0
1260,2021-10-08 02:15:00,28900.0,400.0,21800.0
1261,2021-10-08 02:15:00,28900.0,600.0,21400.0
1262,2021-10-08 02:15:00,28900.0,5000.0,20800.0
1263,2021-10-08 02:15:00,28900.0,100.0,15800.0
1264,2021-10-08 02:15:00,28900.0,100.0,15700.0
1265,2021-10-08 02:15:00,28900.0,800.0,15600.0
1266,2021-10-08 02:15:00,28900.0,1000.0,14800.0
1267,2021-10-08 02:15:00,28900.0,100.0,13800.0
1268,2021-10-08 02:15:00,28900.0,300.0,13700.0
1269,2021-10-08 02:15:00,28900.0,500.0,13400.0
1270,2021-10-08 02:15:00,28900.0,400.0,12900.0
1271,2021-10-08 02:15:00,28900.0,5000.0,12500.0
1272,2021-10-08 02:15:00,28900.0,2500.0,7500.0
1273,2021-10-08 02:15:00,28900.0,300.0,5000.0
1274,2021-10-08 02:15:00,28900.0,200.0,4700.0
1275,2021-10-08 02:15:00,28900.0,400.0,4500.0
1276,2021-10-08 02:15:00,28900.0,2400.0,4100.0
1277,2021-10-08 02:15:00,28900.0,600.0,1700.0
1278,2021-10-08 02:15:00,28900.0,400.0,1100.0
1279,2021-10-08 02:15:00,28900.0,100.0,700.0
1280,2021-10-08 02:15:00,28900.0,100.0,600.0
1281,2021-10-08 02:15:00,28900.0,400.0,500.0
1282,2021-10-08 02:15:00,28900.0,100.0,100.0
