,Time,Price,Volume_per_trade,Volume
0,2021-10-17 07:45:01,30200.0,500.0,1000300.0
1,2021-10-17 07:45:01,30200.0,300.0,999800.0
2,2021-10-17 07:45:01,30200.0,100.0,999500.0
3,2021-10-17 07:45:01,30200.0,2000.0,999400.0
4,2021-10-17 07:45:01,30200.0,1000.0,997400.0
5,2021-10-17 07:45:01,30200.0,500.0,996400.0
6,2021-10-17 07:45:01,30200.0,1000.0,995900.0
7,2021-10-17 07:45:01,30200.0,1300.0,994900.0
8,2021-10-17 07:45:01,30200.0,5800.0,993600.0
9,2021-10-17 07:45:01,30200.0,4200.0,987800.0
10,2021-10-17 07:45:01,30200.0,3800.0,983600.0
11,2021-10-17 07:45:01,30200.0,300.0,979800.0
12,2021-10-17 07:45:01,30200.0,1100.0,979500.0
13,2021-10-17 07:45:01,30200.0,4800.0,978400.0
14,2021-10-17 07:45:01,30200.0,200.0,973600.0
15,2021-10-17 07:45:01,30200.0,100.0,973400.0
16,2021-10-17 07:45:01,30200.0,200.0,973300.0
17,2021-10-17 07:45:01,30200.0,200.0,973100.0
18,2021-10-17 07:45:01,30200.0,1000.0,972900.0
19,2021-10-17 07:45:01,30200.0,200.0,971900.0
20,2021-10-17 07:45:01,30200.0,100.0,971700.0
21,2021-10-17 07:45:01,30200.0,100.0,971600.0
22,2021-10-17 07:45:01,30200.0,200.0,971500.0
23,2021-10-17 07:45:01,30200.0,500.0,971300.0
24,2021-10-17 07:45:01,30200.0,300.0,970800.0
25,2021-10-17 07:45:01,30200.0,200.0,970500.0
26,2021-10-17 07:45:01,30200.0,100.0,970300.0
27,2021-10-17 07:45:01,30200.0,500.0,970200.0
28,2021-10-17 07:45:01,30200.0,100.0,969700.0
29,2021-10-17 07:45:01,30200.0,500.0,969600.0
30,2021-10-17 07:45:01,30200.0,600.0,969100.0
31,2021-10-17 07:45:01,30200.0,100.0,968500.0
32,2021-10-17 07:45:01,30200.0,200.0,968400.0
33,2021-10-17 07:45:01,30200.0,100.0,968200.0
34,2021-10-17 07:45:01,30200.0,500.0,968100.0
35,2021-10-17 07:45:01,30200.0,3000.0,967600.0
36,2021-10-17 07:45:01,30200.0,3000.0,964600.0
37,2021-10-17 07:45:01,30200.0,1000.0,961600.0
38,2021-10-17 07:45:01,30200.0,2000.0,960600.0
39,2021-10-17 07:45:01,30200.0,100.0,958600.0
40,2021-10-17 07:45:01,30200.0,400.0,958500.0
41,2021-10-17 07:45:01,30200.0,1000.0,958100.0
42,2021-10-17 07:45:01,30200.0,600.0,957100.0
43,2021-10-17 07:45:01,30200.0,400.0,956500.0
44,2021-10-17 07:45:01,30200.0,600.0,956100.0
45,2021-10-17 07:45:01,30200.0,1000.0,955500.0
46,2021-10-17 07:45:01,30200.0,1700.0,954500.0
47,2021-10-17 07:45:01,30200.0,3000.0,952800.0
48,2021-10-17 07:45:01,30200.0,400.0,949800.0
49,2021-10-17 07:45:01,30200.0,100.0,949400.0
50,2021-10-17 07:29:55,30150.0,400.0,949300.0
51,2021-10-17 07:29:55,30150.0,200.0,948900.0
52,2021-10-17 07:29:50,30150.0,400.0,948700.0
53,2021-10-17 07:29:50,30150.0,100.0,948300.0
54,2021-10-17 07:29:50,30150.0,100.0,948200.0
55,2021-10-17 07:29:50,30150.0,500.0,948100.0
56,2021-10-17 07:28:52,30150.0,100.0,947600.0
57,2021-10-17 07:28:52,30150.0,100.0,947500.0
58,2021-10-17 07:28:38,30150.0,1900.0,947400.0
59,2021-10-17 07:28:36,30150.0,600.0,945500.0
60,2021-10-17 07:28:36,30150.0,700.0,944900.0
61,2021-10-17 07:28:28,30150.0,500.0,944200.0
62,2021-10-17 07:28:09,30150.0,6500.0,943700.0
63,2021-10-17 07:27:53,30150.0,2300.0,937200.0
64,2021-10-17 07:27:53,30150.0,5000.0,934900.0
65,2021-10-17 07:27:53,30150.0,500.0,929900.0
66,2021-10-17 07:27:53,30150.0,200.0,929400.0
67,2021-10-17 07:26:53,30200.0,6500.0,929200.0
68,2021-10-17 07:26:53,30200.0,300.0,922700.0
69,2021-10-17 07:26:53,30200.0,100.0,922400.0
70,2021-10-17 07:26:53,30200.0,100.0,922300.0
71,2021-10-17 07:26:53,30200.0,1000.0,922200.0
72,2021-10-17 07:26:47,30150.0,100.0,921200.0
73,2021-10-17 07:26:30,30150.0,1600.0,921100.0
74,2021-10-17 07:26:10,30150.0,100.0,919500.0
75,2021-10-17 07:26:08,30150.0,100.0,919400.0
76,2021-10-17 07:25:55,30150.0,100.0,919300.0
77,2021-10-17 07:25:55,30150.0,500.0,919200.0
78,2021-10-17 07:25:55,30150.0,100.0,918700.0
79,2021-10-17 07:25:42,30200.0,100.0,918600.0
80,2021-10-17 07:25:42,30200.0,1300.0,918500.0
81,2021-10-17 07:25:10,30150.0,500.0,917200.0
82,2021-10-17 07:24:13,30150.0,600.0,916700.0
83,2021-10-17 07:24:10,30150.0,300.0,916100.0
84,2021-10-17 07:24:07,30150.0,300.0,915800.0
85,2021-10-17 07:23:57,30150.0,200.0,915500.0
86,2021-10-17 07:23:37,30150.0,100.0,915300.0
87,2021-10-17 07:23:15,30100.0,1000.0,915200.0
88,2021-10-17 07:21:59,30100.0,100.0,914200.0
89,2021-10-17 07:21:59,30100.0,4400.0,914100.0
90,2021-10-17 07:21:42,30100.0,200.0,909700.0
91,2021-10-17 07:21:35,30100.0,400.0,909500.0
92,2021-10-17 07:20:55,30150.0,500.0,909100.0
93,2021-10-17 07:20:43,30150.0,700.0,908600.0
94,2021-10-17 07:20:18,30150.0,3000.0,907900.0
95,2021-10-17 07:20:18,30100.0,2500.0,904900.0
96,2021-10-17 07:20:15,30100.0,500.0,902400.0
97,2021-10-17 07:20:01,30100.0,300.0,901900.0
98,2021-10-17 07:19:55,30100.0,2000.0,901600.0
99,2021-10-17 07:19:55,30100.0,7000.0,899600.0
100,2021-10-17 07:19:55,30150.0,500.0,892600.0
101,2021-10-17 07:19:55,30150.0,200.0,892100.0
102,2021-10-17 07:19:51,30150.0,1400.0,891900.0
103,2021-10-17 07:19:32,30150.0,1500.0,890500.0
104,2021-10-17 07:19:32,30200.0,1900.0,889000.0
105,2021-10-17 07:19:28,30200.0,1000.0,887100.0
106,2021-10-17 07:19:28,30200.0,200.0,886100.0
107,2021-10-17 07:19:28,30200.0,1900.0,885900.0
108,2021-10-17 07:19:25,30150.0,500.0,884000.0
109,2021-10-17 07:19:17,30150.0,500.0,883500.0
110,2021-10-17 07:19:09,30150.0,1100.0,883000.0
111,2021-10-17 07:19:09,30150.0,300.0,881900.0
112,2021-10-17 07:19:01,30200.0,2000.0,881600.0
113,2021-10-17 07:18:40,30200.0,500.0,879600.0
114,2021-10-17 07:17:31,30200.0,200.0,879100.0
115,2021-10-17 07:17:00,30200.0,400.0,878900.0
116,2021-10-17 07:16:38,30200.0,2000.0,878500.0
117,2021-10-17 07:16:24,30250.0,100.0,876500.0
118,2021-10-17 07:16:16,30200.0,200.0,876400.0
119,2021-10-17 07:16:16,30200.0,4400.0,876200.0
120,2021-10-17 07:16:14,30150.0,700.0,871800.0
121,2021-10-17 07:16:14,30150.0,1100.0,871100.0
122,2021-10-17 07:16:14,30150.0,100.0,870000.0
123,2021-10-17 07:16:14,30150.0,1000.0,869900.0
124,2021-10-17 07:16:14,30150.0,200.0,868900.0
125,2021-10-17 07:16:14,30150.0,1900.0,868700.0
126,2021-10-17 07:15:45,30200.0,400.0,866800.0
127,2021-10-17 07:15:40,30200.0,200.0,866400.0
128,2021-10-17 07:15:15,30200.0,800.0,866200.0
129,2021-10-17 07:15:03,30200.0,7700.0,865400.0
130,2021-10-17 07:14:56,30200.0,1000.0,857700.0
131,2021-10-17 07:14:43,30200.0,500.0,856700.0
132,2021-10-17 07:14:43,30200.0,100.0,856200.0
133,2021-10-17 07:14:43,30200.0,700.0,856100.0
134,2021-10-17 07:14:01,30200.0,600.0,855400.0
135,2021-10-17 07:13:16,30200.0,500.0,854800.0
136,2021-10-17 07:13:05,30200.0,200.0,854300.0
137,2021-10-17 07:12:55,30200.0,1600.0,854100.0
138,2021-10-17 07:11:57,30150.0,2100.0,852500.0
139,2021-10-17 07:11:37,30200.0,1000.0,850400.0
140,2021-10-17 07:11:17,30200.0,400.0,849400.0
141,2021-10-17 07:11:10,30200.0,200.0,849000.0
142,2021-10-17 07:11:00,30200.0,500.0,848800.0
143,2021-10-17 07:10:35,30200.0,100.0,848300.0
144,2021-10-17 07:10:23,30200.0,200.0,848200.0
145,2021-10-17 07:10:23,30200.0,100.0,848000.0
146,2021-10-17 07:10:23,30200.0,100.0,847900.0
147,2021-10-17 07:09:16,30200.0,400.0,847800.0
148,2021-10-17 07:09:16,30200.0,6100.0,847400.0
149,2021-10-17 07:08:38,30200.0,500.0,841300.0
150,2021-10-17 07:08:29,30200.0,900.0,840800.0
151,2021-10-17 07:07:25,30200.0,100.0,839900.0
152,2021-10-17 07:07:25,30200.0,2400.0,839800.0
153,2021-10-17 07:07:13,30150.0,1000.0,837400.0
154,2021-10-17 07:07:13,30150.0,1000.0,836400.0
155,2021-10-17 07:06:53,30200.0,500.0,835400.0
156,2021-10-17 07:06:53,30200.0,100.0,834900.0
157,2021-10-17 07:06:53,30200.0,4000.0,834800.0
158,2021-10-17 07:06:43,30200.0,5000.0,830800.0
159,2021-10-17 07:06:03,30200.0,500.0,825800.0
160,2021-10-17 07:06:03,30200.0,500.0,825300.0
161,2021-10-17 07:05:24,30200.0,200.0,824800.0
162,2021-10-17 07:05:24,30200.0,100.0,824600.0
163,2021-10-17 07:05:24,30200.0,500.0,824500.0
164,2021-10-17 07:05:24,30200.0,1700.0,824000.0
165,2021-10-17 07:05:21,30200.0,500.0,822300.0
166,2021-10-17 07:05:08,30200.0,7500.0,821800.0
167,2021-10-17 07:04:40,30200.0,300.0,814300.0
168,2021-10-17 07:04:40,30200.0,300.0,814000.0
169,2021-10-17 07:03:53,30200.0,2000.0,813700.0
170,2021-10-17 07:03:53,30200.0,1000.0,811700.0
171,2021-10-17 07:03:28,30200.0,1500.0,810700.0
172,2021-10-17 07:03:28,30200.0,500.0,809200.0
173,2021-10-17 07:02:52,30200.0,4500.0,808700.0
174,2021-10-17 07:02:52,30200.0,400.0,804200.0
175,2021-10-17 07:02:52,30200.0,100.0,803800.0
176,2021-10-17 07:02:23,30200.0,500.0,803700.0
177,2021-10-17 07:02:23,30200.0,500.0,803200.0
178,2021-10-17 07:00:06,30200.0,100.0,802700.0
179,2021-10-17 07:00:06,30200.0,200.0,802600.0
180,2021-10-17 07:00:06,30200.0,200.0,802400.0
181,2021-10-17 06:59:53,30200.0,200.0,802200.0
182,2021-10-17 06:59:53,30200.0,100.0,802000.0
183,2021-10-17 06:57:55,30200.0,900.0,801900.0
184,2021-10-17 06:57:55,30200.0,100.0,801000.0
185,2021-10-17 06:57:43,30200.0,1500.0,800900.0
186,2021-10-17 06:55:15,30200.0,400.0,799400.0
187,2021-10-17 06:55:15,30200.0,100.0,799000.0
188,2021-10-17 06:53:32,30200.0,1900.0,798900.0
189,2021-10-17 06:53:21,30200.0,1000.0,797000.0
190,2021-10-17 06:53:21,30200.0,100.0,796000.0
191,2021-10-17 06:53:11,30200.0,100.0,795900.0
192,2021-10-17 06:52:47,30200.0,100.0,795800.0
193,2021-10-17 06:52:47,30200.0,800.0,795700.0
194,2021-10-17 06:51:58,30200.0,300.0,794900.0
195,2021-10-17 06:51:58,30200.0,700.0,794600.0
196,2021-10-17 06:51:44,30200.0,300.0,793900.0
197,2021-10-17 06:51:01,30000.0,200.0,793600.0
198,2021-10-17 06:50:56,30000.0,1800.0,793400.0
199,2021-10-17 06:50:50,29950.0,11200.0,791600.0
200,2021-10-17 06:50:45,29950.0,500.0,780400.0
201,2021-10-17 06:50:33,29950.0,200.0,779900.0
202,2021-10-17 06:50:25,29950.0,200.0,779700.0
203,2021-10-17 06:50:24,29950.0,1000.0,779500.0
204,2021-10-17 06:50:17,29950.0,100.0,778500.0
205,2021-10-17 06:50:15,29950.0,100.0,778400.0
206,2021-10-17 06:50:00,29950.0,100.0,778300.0
207,2021-10-17 06:49:32,29750.0,100.0,778200.0
208,2021-10-17 06:49:12,29800.0,200.0,778100.0
209,2021-10-17 06:49:12,29800.0,500.0,777900.0
210,2021-10-17 06:49:12,29800.0,300.0,777400.0
211,2021-10-17 06:49:12,29900.0,500.0,777100.0
212,2021-10-17 06:49:12,29950.0,500.0,776600.0
213,2021-10-17 06:49:12,30000.0,2000.0,776100.0
214,2021-10-17 06:49:12,30000.0,400.0,774100.0
215,2021-10-17 06:49:12,30000.0,100.0,773700.0
216,2021-10-17 06:49:12,30000.0,300.0,773600.0
217,2021-10-17 06:49:12,30000.0,100.0,773300.0
218,2021-10-17 06:49:12,30000.0,3000.0,773200.0
219,2021-10-17 06:49:12,30000.0,100.0,770200.0
220,2021-10-17 06:49:12,30000.0,100.0,770100.0
221,2021-10-17 06:49:12,30000.0,200.0,770000.0
222,2021-10-17 06:49:12,30000.0,5000.0,769800.0
223,2021-10-17 06:49:12,30000.0,200.0,764800.0
224,2021-10-17 06:49:12,30000.0,100.0,764600.0
225,2021-10-17 06:49:12,30000.0,1000.0,764500.0
226,2021-10-17 06:49:12,30000.0,200.0,763500.0
227,2021-10-17 06:49:12,30000.0,100.0,763300.0
228,2021-10-17 06:49:12,30000.0,600.0,763200.0
229,2021-10-17 06:49:12,30000.0,100.0,762600.0
230,2021-10-17 06:49:12,30000.0,1000.0,762500.0
231,2021-10-17 06:49:12,30000.0,500.0,761500.0
232,2021-10-17 06:49:12,30000.0,100.0,761000.0
233,2021-10-17 06:49:12,30000.0,300.0,760900.0
234,2021-10-17 06:49:12,30000.0,500.0,760600.0
235,2021-10-17 06:49:12,30000.0,2000.0,760100.0
236,2021-10-17 06:49:12,30000.0,100.0,758100.0
237,2021-10-17 06:49:12,30000.0,1000.0,758000.0
238,2021-10-17 06:49:12,30000.0,200.0,757000.0
239,2021-10-17 06:49:12,30000.0,100.0,756800.0
240,2021-10-17 06:49:12,30000.0,5000.0,756700.0
241,2021-10-17 06:49:12,30000.0,1000.0,751700.0
242,2021-10-17 06:49:12,30000.0,300.0,750700.0
243,2021-10-17 06:49:12,30000.0,1000.0,750400.0
244,2021-10-17 06:49:12,30000.0,100.0,749400.0
245,2021-10-17 06:49:12,30000.0,500.0,749300.0
246,2021-10-17 06:49:12,30000.0,500.0,748800.0
247,2021-10-17 06:49:12,30000.0,100.0,748300.0
248,2021-10-17 06:49:12,30000.0,2000.0,748200.0
249,2021-10-17 06:49:12,30000.0,100.0,746200.0
250,2021-10-17 06:49:12,30000.0,200.0,746100.0
251,2021-10-17 06:49:12,30000.0,1000.0,745900.0
252,2021-10-17 06:49:12,30000.0,500.0,744900.0
253,2021-10-17 06:49:12,30000.0,100.0,744400.0
254,2021-10-17 06:49:12,30000.0,1000.0,744300.0
255,2021-10-17 06:49:12,30000.0,100.0,743300.0
256,2021-10-17 06:49:12,30000.0,200.0,743200.0
257,2021-10-17 06:49:12,30000.0,2000.0,743000.0
258,2021-10-17 06:49:12,30000.0,600.0,741000.0
259,2021-10-17 06:49:12,30000.0,500.0,740400.0
260,2021-10-17 06:49:12,30000.0,200.0,739900.0
261,2021-10-17 06:49:12,30000.0,300.0,739700.0
262,2021-10-17 06:49:12,30050.0,200.0,739400.0
263,2021-10-17 06:49:12,30050.0,500.0,739200.0
264,2021-10-17 06:49:12,30050.0,100.0,738700.0
265,2021-10-17 06:49:12,30050.0,200.0,738600.0
266,2021-10-17 06:49:12,30050.0,100.0,738400.0
267,2021-10-17 06:49:12,30050.0,100.0,738300.0
268,2021-10-17 06:49:12,30100.0,100.0,738200.0
269,2021-10-17 06:49:12,30100.0,100.0,738100.0
270,2021-10-17 06:49:12,30100.0,100.0,738000.0
271,2021-10-17 06:49:12,30100.0,800.0,737900.0
272,2021-10-17 06:49:12,30100.0,500.0,737100.0
273,2021-10-17 06:49:12,30100.0,100.0,736600.0
274,2021-10-17 06:49:12,30100.0,300.0,736500.0
275,2021-10-17 06:49:12,30100.0,200.0,736200.0
276,2021-10-17 06:49:12,30100.0,500.0,736000.0
277,2021-10-17 06:49:12,30100.0,1000.0,735500.0
278,2021-10-17 06:49:12,30100.0,100.0,734500.0
279,2021-10-17 06:49:12,30100.0,100.0,734400.0
280,2021-10-17 06:49:12,30100.0,200.0,734300.0
281,2021-10-17 06:49:12,30100.0,1000.0,734100.0
282,2021-10-17 06:49:12,30100.0,1000.0,733100.0
283,2021-10-17 06:49:12,30100.0,200.0,732100.0
284,2021-10-17 06:49:12,30100.0,300.0,731900.0
285,2021-10-17 06:49:12,30100.0,500.0,731600.0
286,2021-10-17 06:49:12,30100.0,100.0,731100.0
287,2021-10-17 06:49:12,30100.0,300.0,731000.0
288,2021-10-17 06:49:12,30100.0,500.0,730700.0
289,2021-10-17 06:49:12,30100.0,2000.0,730200.0
290,2021-10-17 06:49:12,30100.0,1500.0,728200.0
291,2021-10-17 06:49:12,30100.0,200.0,726700.0
292,2021-10-17 06:49:12,30100.0,1000.0,726500.0
293,2021-10-17 06:49:12,30100.0,500.0,725500.0
294,2021-10-17 06:49:12,30100.0,500.0,725000.0
295,2021-10-17 06:49:12,30100.0,200.0,724500.0
296,2021-10-17 06:49:12,30100.0,100.0,724300.0
297,2021-10-17 06:49:12,30100.0,5000.0,724200.0
298,2021-10-17 06:49:12,30100.0,300.0,719200.0
299,2021-10-17 06:49:12,30100.0,100.0,718900.0
300,2021-10-17 06:49:12,30100.0,1000.0,718800.0
301,2021-10-17 06:49:12,30100.0,100.0,717800.0
302,2021-10-17 06:49:12,30100.0,100.0,717700.0
303,2021-10-17 06:49:12,30100.0,200.0,717600.0
304,2021-10-17 06:49:12,30100.0,300.0,717400.0
305,2021-10-17 06:49:12,30150.0,1000.0,717100.0
306,2021-10-17 06:49:12,30150.0,200.0,716100.0
307,2021-10-17 06:49:12,30150.0,100.0,715900.0
308,2021-10-17 06:49:12,30150.0,100.0,715800.0
309,2021-10-17 06:49:12,30200.0,700.0,715700.0
310,2021-10-17 06:49:12,30200.0,600.0,715000.0
311,2021-10-17 06:49:01,30200.0,3000.0,714400.0
312,2021-10-17 06:48:30,30200.0,700.0,711400.0
313,2021-10-17 06:48:30,30150.0,700.0,710700.0
314,2021-10-17 06:48:19,30150.0,200.0,710000.0
315,2021-10-17 06:48:19,30150.0,1000.0,709800.0
316,2021-10-17 06:48:19,30150.0,200.0,708800.0
317,2021-10-17 06:48:19,30150.0,300.0,708600.0
318,2021-10-17 06:48:19,30150.0,300.0,708300.0
319,2021-10-17 06:48:19,30150.0,100.0,708000.0
320,2021-10-17 06:48:19,30150.0,100.0,707900.0
321,2021-10-17 06:48:19,30150.0,900.0,707800.0
322,2021-10-17 06:48:19,30150.0,100.0,706900.0
323,2021-10-17 06:48:19,30150.0,500.0,706800.0
324,2021-10-17 06:48:19,30150.0,400.0,706300.0
325,2021-10-17 06:48:19,30150.0,200.0,705900.0
326,2021-10-17 06:47:03,30150.0,1800.0,705700.0
327,2021-10-17 06:47:03,30150.0,100.0,703900.0
328,2021-10-17 06:47:03,30150.0,300.0,703800.0
329,2021-10-17 06:47:03,30150.0,100.0,703500.0
330,2021-10-17 06:47:03,30150.0,100.0,703400.0
331,2021-10-17 06:47:03,30150.0,400.0,703300.0
332,2021-10-17 06:47:03,30150.0,100.0,702900.0
333,2021-10-17 06:47:03,30150.0,1000.0,702800.0
334,2021-10-17 06:47:03,30150.0,100.0,701800.0
335,2021-10-17 06:47:03,30150.0,1500.0,701700.0
336,2021-10-17 06:47:03,30150.0,100.0,700200.0
337,2021-10-17 06:47:03,30150.0,100.0,700100.0
338,2021-10-17 06:47:03,30150.0,500.0,700000.0
339,2021-10-17 06:47:03,30150.0,300.0,699500.0
340,2021-10-17 06:47:03,30150.0,500.0,699200.0
341,2021-10-17 06:47:03,30150.0,100.0,698700.0
342,2021-10-17 06:47:03,30150.0,500.0,698600.0
343,2021-10-17 06:47:03,30150.0,500.0,698100.0
344,2021-10-17 06:47:03,30150.0,1000.0,697600.0
345,2021-10-17 06:47:03,30150.0,300.0,696600.0
346,2021-10-17 06:47:03,30150.0,1000.0,696300.0
347,2021-10-17 06:47:03,30150.0,100.0,695300.0
348,2021-10-17 06:47:03,30150.0,2000.0,695200.0
349,2021-10-17 06:47:03,30150.0,300.0,693200.0
350,2021-10-17 06:47:03,30150.0,2500.0,692900.0
351,2021-10-17 06:47:03,30150.0,200.0,690400.0
352,2021-10-17 06:47:03,30150.0,1500.0,690200.0
353,2021-10-17 06:47:03,30150.0,1000.0,688700.0
354,2021-10-17 06:47:03,30150.0,300.0,687700.0
355,2021-10-17 06:47:03,30150.0,300.0,687400.0
356,2021-10-17 06:47:03,30150.0,300.0,687100.0
357,2021-10-17 06:47:03,30150.0,100.0,686800.0
358,2021-10-17 06:47:03,30150.0,1000.0,686700.0
359,2021-10-17 06:46:02,30200.0,300.0,685700.0
360,2021-10-17 06:46:02,30200.0,100.0,685400.0
361,2021-10-17 06:46:02,30200.0,1200.0,685300.0
362,2021-10-17 06:45:41,30200.0,200.0,684100.0
363,2021-10-17 06:45:26,30200.0,400.0,683900.0
364,2021-10-17 06:44:49,30200.0,200.0,683500.0
365,2021-10-17 06:44:49,30200.0,1000.0,683300.0
366,2021-10-17 06:43:17,30200.0,500.0,682300.0
367,2021-10-17 06:43:17,30200.0,400.0,681800.0
368,2021-10-17 06:43:16,30200.0,200.0,681400.0
369,2021-10-17 06:42:59,30200.0,100.0,681200.0
370,2021-10-17 06:42:44,30200.0,200.0,681100.0
371,2021-10-17 06:42:15,30200.0,100.0,680900.0
372,2021-10-17 06:39:38,30200.0,500.0,680800.0
373,2021-10-17 06:39:30,30200.0,1000.0,680300.0
374,2021-10-17 06:39:24,30200.0,200.0,679300.0
375,2021-10-17 06:38:51,30200.0,1000.0,679100.0
376,2021-10-17 06:38:51,30200.0,400.0,678100.0
377,2021-10-17 06:38:51,30200.0,100.0,677700.0
378,2021-10-17 06:38:51,30200.0,1300.0,677600.0
379,2021-10-17 06:37:25,30200.0,600.0,676300.0
380,2021-10-17 06:37:25,30200.0,1000.0,675700.0
381,2021-10-17 06:37:25,30200.0,500.0,674700.0
382,2021-10-17 06:37:25,30200.0,100.0,674200.0
383,2021-10-17 06:37:25,30200.0,500.0,674100.0
384,2021-10-17 06:37:25,30200.0,900.0,673600.0
385,2021-10-17 06:36:48,30200.0,100.0,672700.0
386,2021-10-17 06:35:39,30200.0,3000.0,672600.0
387,2021-10-17 06:35:11,30200.0,600.0,669600.0
388,2021-10-17 06:35:11,30200.0,400.0,669000.0
389,2021-10-17 06:34:53,30150.0,1500.0,668600.0
390,2021-10-17 06:34:53,30150.0,100.0,667100.0
391,2021-10-17 06:34:43,30150.0,100.0,667000.0
392,2021-10-17 06:34:43,30150.0,100.0,666900.0
393,2021-10-17 06:34:31,30200.0,200.0,666800.0
394,2021-10-17 06:34:31,30200.0,200.0,666600.0
395,2021-10-17 06:34:15,30200.0,500.0,666400.0
396,2021-10-17 06:33:56,30200.0,5000.0,665900.0
397,2021-10-17 06:33:14,30200.0,10000.0,660900.0
398,2021-10-17 06:32:47,30200.0,500.0,650900.0
399,2021-10-17 06:32:47,30200.0,300.0,650400.0
400,2021-10-17 06:32:47,30200.0,200.0,650100.0
401,2021-10-17 06:32:18,30200.0,500.0,649900.0
402,2021-10-17 06:32:18,30200.0,500.0,649400.0
403,2021-10-17 06:32:18,30200.0,1000.0,648900.0
404,2021-10-17 06:32:18,30200.0,500.0,647900.0
405,2021-10-17 06:32:18,30200.0,1000.0,647400.0
406,2021-10-17 06:32:18,30200.0,100.0,646400.0
407,2021-10-17 06:32:18,30200.0,100.0,646300.0
408,2021-10-17 06:32:18,30200.0,400.0,646200.0
409,2021-10-17 06:32:18,30200.0,200.0,645800.0
410,2021-10-17 06:32:18,30200.0,200.0,645600.0
411,2021-10-17 06:32:18,30200.0,3500.0,645400.0
412,2021-10-17 06:31:11,30200.0,500.0,641900.0
413,2021-10-17 06:29:45,30200.0,2100.0,641400.0
414,2021-10-17 06:29:45,30200.0,100.0,639300.0
415,2021-10-17 06:29:45,30200.0,5000.0,639200.0
416,2021-10-17 06:29:45,30200.0,300.0,634200.0
417,2021-10-17 06:29:45,30200.0,500.0,633900.0
418,2021-10-17 06:29:45,30200.0,100.0,633400.0
419,2021-10-17 06:29:45,30200.0,1900.0,633300.0
420,2021-10-17 06:29:39,30200.0,300.0,631400.0
421,2021-10-17 06:28:55,30200.0,2000.0,631100.0
422,2021-10-17 06:27:15,30200.0,1000.0,629100.0
423,2021-10-17 06:27:15,30200.0,800.0,628100.0
424,2021-10-17 06:27:10,30200.0,700.0,627300.0
425,2021-10-17 06:27:00,30200.0,300.0,626600.0
426,2021-10-17 06:26:24,30200.0,300.0,626300.0
427,2021-10-17 06:25:54,30200.0,200.0,626000.0
428,2021-10-17 06:25:50,30200.0,200.0,625800.0
429,2021-10-17 06:25:50,30200.0,2000.0,625600.0
430,2021-10-17 06:25:50,30200.0,500.0,623600.0
431,2021-10-17 06:25:50,30200.0,100.0,623100.0
432,2021-10-17 06:25:50,30200.0,700.0,623000.0
433,2021-10-17 06:25:50,30200.0,1000.0,622300.0
434,2021-10-17 06:25:50,30200.0,500.0,621300.0
435,2021-10-17 06:25:50,30200.0,500.0,620800.0
436,2021-10-17 06:25:50,30200.0,200.0,620300.0
437,2021-10-17 06:25:50,30200.0,1300.0,620100.0
438,2021-10-17 06:25:48,30200.0,1200.0,618800.0
439,2021-10-17 06:25:48,30200.0,1000.0,617600.0
440,2021-10-17 06:25:48,30200.0,200.0,616600.0
441,2021-10-17 06:25:48,30200.0,2000.0,616400.0
442,2021-10-17 06:25:48,30200.0,300.0,614400.0
443,2021-10-17 06:25:48,30200.0,300.0,614100.0
444,2021-10-17 06:24:56,30200.0,100.0,613800.0
445,2021-10-17 06:24:10,30200.0,100.0,613700.0
446,2021-10-17 06:24:10,30200.0,100.0,613600.0
447,2021-10-17 06:24:10,30200.0,100.0,613500.0
448,2021-10-17 06:23:41,30200.0,2900.0,613400.0
449,2021-10-17 06:23:41,30200.0,500.0,610500.0
450,2021-10-17 06:23:41,30200.0,100.0,610000.0
451,2021-10-17 06:23:41,30200.0,600.0,609900.0
452,2021-10-17 06:23:41,30200.0,200.0,609300.0
453,2021-10-17 06:23:41,30200.0,500.0,609100.0
454,2021-10-17 06:23:41,30200.0,900.0,608600.0
455,2021-10-17 06:23:41,30200.0,100.0,607700.0
456,2021-10-17 06:23:41,30200.0,2000.0,607600.0
457,2021-10-17 06:23:41,30200.0,200.0,605600.0
458,2021-10-17 06:23:37,30250.0,10000.0,605400.0
459,2021-10-17 06:23:13,30200.0,300.0,595400.0
460,2021-10-17 06:23:04,30200.0,700.0,595100.0
461,2021-10-17 06:23:04,30200.0,1300.0,594400.0
462,2021-10-17 06:22:51,30200.0,700.0,593100.0
463,2021-10-17 06:22:51,30200.0,1000.0,592400.0
464,2021-10-17 06:22:51,30200.0,500.0,591400.0
465,2021-10-17 06:22:51,30200.0,500.0,590900.0
466,2021-10-17 06:22:51,30200.0,400.0,590400.0
467,2021-10-17 06:22:51,30200.0,2000.0,590000.0
468,2021-10-17 06:22:51,30200.0,300.0,588000.0
469,2021-10-17 06:22:51,30200.0,1000.0,587700.0
470,2021-10-17 06:22:51,30200.0,600.0,586700.0
471,2021-10-17 06:22:51,30200.0,100.0,586100.0
472,2021-10-17 06:22:51,30200.0,2000.0,586000.0
473,2021-10-17 06:22:51,30200.0,300.0,584000.0
474,2021-10-17 06:22:51,30200.0,5000.0,583700.0
475,2021-10-17 06:22:51,30200.0,100.0,578700.0
476,2021-10-17 06:22:51,30200.0,1600.0,578600.0
477,2021-10-17 06:22:51,30200.0,100.0,577000.0
478,2021-10-17 06:22:51,30200.0,300.0,576900.0
479,2021-10-17 06:22:51,30200.0,500.0,576600.0
480,2021-10-17 06:22:51,30200.0,3000.0,576100.0
481,2021-10-17 06:22:39,30250.0,100.0,573100.0
482,2021-10-17 06:21:39,30250.0,200.0,573000.0
483,2021-10-17 06:20:54,30250.0,200.0,572800.0
484,2021-10-17 06:20:54,30250.0,500.0,572600.0
485,2021-10-17 06:20:54,30250.0,1400.0,572100.0
486,2021-10-17 06:20:54,30250.0,100.0,570700.0
487,2021-10-17 06:20:54,30250.0,300.0,570600.0
488,2021-10-17 06:20:54,30250.0,100.0,570300.0
489,2021-10-17 06:20:54,30250.0,2000.0,570200.0
490,2021-10-17 06:20:54,30250.0,300.0,568200.0
491,2021-10-17 06:20:54,30250.0,100.0,567900.0
492,2021-10-17 06:20:54,30250.0,1000.0,567800.0
493,2021-10-17 06:20:54,30250.0,2300.0,566800.0
494,2021-10-17 06:20:54,30300.0,3000.0,564500.0
495,2021-10-17 06:20:21,30300.0,2000.0,561500.0
496,2021-10-17 06:19:26,30250.0,700.0,559500.0
497,2021-10-17 06:19:26,30250.0,200.0,558800.0
498,2021-10-17 06:19:26,30300.0,100.0,558600.0
499,2021-10-17 06:19:25,30300.0,300.0,558500.0
500,2021-10-17 06:19:25,30300.0,3000.0,558200.0
501,2021-10-17 06:19:25,30300.0,500.0,555200.0
502,2021-10-17 06:19:25,30300.0,100.0,554700.0
503,2021-10-17 06:19:25,30300.0,100.0,554600.0
504,2021-10-17 06:19:09,30350.0,200.0,554500.0
505,2021-10-17 06:16:33,30350.0,100.0,554300.0
506,2021-10-17 06:15:56,30300.0,1800.0,554200.0
507,2021-10-17 06:15:56,30300.0,100.0,552400.0
508,2021-10-17 06:15:56,30300.0,100.0,552300.0
509,2021-10-17 06:14:52,30300.0,500.0,552200.0
510,2021-10-17 06:14:38,30300.0,100.0,551700.0
511,2021-10-17 06:14:11,30300.0,1000.0,551600.0
512,2021-10-17 06:14:11,30300.0,100.0,550600.0
513,2021-10-17 06:14:11,30300.0,300.0,550500.0
514,2021-10-17 06:14:09,30300.0,200.0,550200.0
515,2021-10-17 06:14:09,30300.0,300.0,550000.0
516,2021-10-17 06:14:09,30300.0,200.0,549700.0
517,2021-10-17 06:14:09,30300.0,100.0,549500.0
518,2021-10-17 06:14:09,30300.0,100.0,549400.0
519,2021-10-17 06:14:09,30300.0,100.0,549300.0
520,2021-10-17 06:10:06,30300.0,100.0,549200.0
521,2021-10-17 06:10:06,30300.0,7900.0,549100.0
522,2021-10-17 06:09:57,30500.0,1000.0,541200.0
523,2021-10-17 06:07:17,30500.0,500.0,540200.0
524,2021-10-17 06:06:35,30250.0,300.0,539700.0
525,2021-10-17 06:06:35,30250.0,100.0,539400.0
526,2021-10-17 06:06:35,30250.0,100.0,539300.0
527,2021-10-17 06:04:17,30250.0,100.0,539200.0
528,2021-10-17 06:04:17,30250.0,200.0,539100.0
529,2021-10-17 06:02:55,30300.0,300.0,538900.0
530,2021-10-17 06:02:55,30300.0,2000.0,538600.0
531,2021-10-17 06:02:55,30300.0,2700.0,536600.0
532,2021-10-17 06:02:40,30500.0,200.0,533900.0
533,2021-10-17 06:00:35,30500.0,500.0,533700.0
534,2021-10-17 06:00:03,30500.0,1000.0,533200.0
535,2021-10-17 06:00:02,30500.0,500.0,532200.0
536,2021-10-17 06:00:02,30500.0,100.0,531700.0
537,2021-10-17 04:30:00,30500.0,500.0,531600.0
538,2021-10-17 04:30:00,30500.0,500.0,531100.0
539,2021-10-17 04:29:35,30500.0,200.0,530600.0
540,2021-10-17 04:28:38,30500.0,300.0,530400.0
541,2021-10-17 04:28:38,30500.0,500.0,530100.0
542,2021-10-17 04:28:38,30500.0,200.0,529600.0
543,2021-10-17 04:26:06,30450.0,100.0,529400.0
544,2021-10-17 04:26:06,30450.0,100.0,529300.0
545,2021-10-17 04:25:40,30500.0,300.0,529200.0
546,2021-10-17 04:25:09,30450.0,1800.0,528900.0
547,2021-10-17 04:25:09,30450.0,200.0,527100.0
548,2021-10-17 04:24:41,30450.0,400.0,526900.0
549,2021-10-17 04:24:04,30450.0,1500.0,526500.0
550,2021-10-17 04:22:57,30450.0,7400.0,525000.0
551,2021-10-17 04:22:57,30400.0,300.0,517600.0
552,2021-10-17 04:22:57,30350.0,200.0,517300.0
553,2021-10-17 04:21:47,30250.0,200.0,517100.0
554,2021-10-17 04:21:45,30200.0,700.0,516900.0
555,2021-10-17 04:21:45,30200.0,1000.0,516200.0
556,2021-10-17 04:21:45,30200.0,500.0,515200.0
557,2021-10-17 04:21:45,30200.0,100.0,514700.0
558,2021-10-17 04:21:45,30200.0,4100.0,514600.0
559,2021-10-17 04:21:45,30200.0,1500.0,510500.0
560,2021-10-17 04:21:45,30200.0,100.0,509000.0
561,2021-10-17 04:21:45,30200.0,500.0,508900.0
562,2021-10-17 04:21:45,30200.0,200.0,508400.0
563,2021-10-17 04:21:45,30200.0,1000.0,508200.0
564,2021-10-17 04:21:45,30200.0,800.0,507200.0
565,2021-10-17 04:21:45,30200.0,100.0,506400.0
566,2021-10-17 04:21:45,30200.0,500.0,506300.0
567,2021-10-17 04:21:45,30200.0,500.0,505800.0
568,2021-10-17 04:21:45,30200.0,400.0,505300.0
569,2021-10-17 04:20:31,30250.0,100.0,504900.0
570,2021-10-17 04:20:14,30300.0,700.0,504800.0
571,2021-10-17 04:19:36,30300.0,200.0,504100.0
572,2021-10-17 04:19:25,30300.0,100.0,503900.0
573,2021-10-17 04:19:19,30300.0,300.0,503800.0
574,2021-10-17 04:19:13,30300.0,100.0,503500.0
575,2021-10-17 04:19:12,30300.0,900.0,503400.0
576,2021-10-17 04:19:12,30300.0,100.0,502500.0
577,2021-10-17 04:18:39,30300.0,200.0,502400.0
578,2021-10-17 04:18:38,30300.0,100.0,502200.0
579,2021-10-17 04:17:58,30200.0,100.0,502100.0
580,2021-10-17 04:17:40,30200.0,500.0,502000.0
581,2021-10-17 04:17:40,30200.0,100.0,501500.0
582,2021-10-17 04:17:40,30200.0,500.0,501400.0
583,2021-10-17 04:17:40,30200.0,1000.0,500900.0
584,2021-10-17 04:17:40,30200.0,3000.0,499900.0
585,2021-10-17 04:17:40,30200.0,100.0,496900.0
586,2021-10-17 04:17:40,30200.0,400.0,496800.0
587,2021-10-17 04:17:40,30200.0,300.0,496400.0
588,2021-10-17 04:17:40,30200.0,100.0,496100.0
589,2021-10-17 04:17:40,30200.0,200.0,496000.0
590,2021-10-17 04:17:40,30200.0,200.0,495800.0
591,2021-10-17 04:17:40,30200.0,200.0,495600.0
592,2021-10-17 04:17:40,30200.0,200.0,495400.0
593,2021-10-17 04:17:40,30200.0,300.0,495200.0
594,2021-10-17 04:17:40,30200.0,1000.0,494900.0
595,2021-10-17 04:17:40,30200.0,1000.0,493900.0
596,2021-10-17 04:17:40,30200.0,800.0,492900.0
597,2021-10-17 04:17:40,30300.0,1000.0,492100.0
598,2021-10-17 04:17:12,30250.0,1500.0,491100.0
599,2021-10-17 04:16:51,30250.0,1000.0,489600.0
600,2021-10-17 04:16:51,30250.0,400.0,488600.0
601,2021-10-17 04:16:20,30250.0,100.0,488200.0
602,2021-10-17 04:16:20,30250.0,200.0,488100.0
603,2021-10-17 04:15:38,30250.0,300.0,487900.0
604,2021-10-17 04:15:38,30250.0,500.0,487600.0
605,2021-10-17 04:15:38,30250.0,500.0,487100.0
606,2021-10-17 04:15:38,30250.0,600.0,486600.0
607,2021-10-17 04:15:38,30300.0,100.0,486000.0
608,2021-10-17 04:13:51,30250.0,100.0,485900.0
609,2021-10-17 04:13:31,30250.0,6300.0,485800.0
610,2021-10-17 04:13:31,30250.0,500.0,479500.0
611,2021-10-17 04:13:31,30250.0,100.0,479000.0
612,2021-10-17 04:13:31,30250.0,100.0,478900.0
613,2021-10-17 04:12:36,30250.0,500.0,478800.0
614,2021-10-17 04:12:14,30250.0,400.0,478300.0
615,2021-10-17 04:12:14,30250.0,3100.0,477900.0
616,2021-10-17 04:12:14,30250.0,500.0,474800.0
617,2021-10-17 04:12:14,30250.0,500.0,474300.0
618,2021-10-17 04:12:14,30250.0,2000.0,473800.0
619,2021-10-17 04:12:14,30250.0,500.0,471800.0
620,2021-10-17 04:09:43,30500.0,1500.0,471300.0
621,2021-10-17 04:08:58,30300.0,100.0,469800.0
622,2021-10-17 04:08:58,30300.0,1000.0,469700.0
623,2021-10-17 04:08:58,30300.0,300.0,468700.0
624,2021-10-17 04:08:41,30250.0,300.0,468400.0
625,2021-10-17 04:08:26,30250.0,900.0,468100.0
626,2021-10-17 04:08:26,30250.0,100.0,467200.0
627,2021-10-17 04:08:26,30250.0,300.0,467100.0
628,2021-10-17 04:08:26,30250.0,100.0,466800.0
629,2021-10-17 04:05:30,30250.0,500.0,466700.0
630,2021-10-17 04:05:10,30250.0,1400.0,466200.0
631,2021-10-17 04:04:47,30200.0,2200.0,464800.0
632,2021-10-17 04:04:47,30200.0,100.0,462600.0
633,2021-10-17 04:04:47,30200.0,500.0,462500.0
634,2021-10-17 04:04:47,30200.0,500.0,462000.0
635,2021-10-17 04:04:47,30200.0,1000.0,461500.0
636,2021-10-17 04:04:47,30200.0,200.0,460500.0
637,2021-10-17 04:04:47,30200.0,100.0,460300.0
638,2021-10-17 04:04:46,30200.0,1000.0,460200.0
639,2021-10-17 04:04:46,30200.0,1000.0,459200.0
640,2021-10-17 04:04:46,30200.0,500.0,458200.0
641,2021-10-17 04:04:46,30200.0,500.0,457700.0
642,2021-10-17 04:04:46,30200.0,400.0,457200.0
643,2021-10-17 04:03:17,30250.0,100.0,456800.0
644,2021-10-17 04:03:17,30250.0,1000.0,456700.0
645,2021-10-17 04:01:55,30300.0,100.0,455700.0
646,2021-10-17 04:01:38,30300.0,100.0,455600.0
647,2021-10-17 03:59:32,30200.0,2300.0,455500.0
648,2021-10-17 03:59:32,30200.0,500.0,453200.0
649,2021-10-17 03:59:32,30200.0,1000.0,452700.0
650,2021-10-17 03:59:32,30200.0,200.0,451700.0
651,2021-10-17 03:59:04,30200.0,1000.0,451500.0
652,2021-10-17 03:59:04,30200.0,100.0,450500.0
653,2021-10-17 03:59:04,30200.0,200.0,450400.0
654,2021-10-17 03:59:04,30200.0,2000.0,450200.0
655,2021-10-17 03:59:04,30200.0,300.0,448200.0
656,2021-10-17 03:59:04,30200.0,500.0,447900.0
657,2021-10-17 03:59:04,30200.0,100.0,447400.0
658,2021-10-17 03:59:04,30200.0,100.0,447300.0
659,2021-10-17 03:59:04,30200.0,200.0,447200.0
660,2021-10-17 03:59:04,30200.0,400.0,447000.0
661,2021-10-17 03:59:04,30250.0,100.0,446600.0
662,2021-10-17 03:58:39,30200.0,100.0,446500.0
663,2021-10-17 03:58:39,30200.0,200.0,446400.0
664,2021-10-17 03:58:39,30200.0,1300.0,446200.0
665,2021-10-17 03:58:39,30250.0,100.0,444900.0
666,2021-10-17 03:58:39,30250.0,3000.0,444800.0
667,2021-10-17 03:58:39,30250.0,300.0,441800.0
668,2021-10-17 03:57:57,30250.0,700.0,441500.0
669,2021-10-17 03:57:27,30200.0,700.0,440800.0
670,2021-10-17 03:57:27,30200.0,100.0,440100.0
671,2021-10-17 03:57:27,30200.0,1100.0,440000.0
672,2021-10-17 03:57:27,30200.0,200.0,438900.0
673,2021-10-17 03:57:27,30200.0,5000.0,438700.0
674,2021-10-17 03:57:27,30200.0,200.0,433700.0
675,2021-10-17 03:57:27,30200.0,200.0,433500.0
676,2021-10-17 03:57:27,30200.0,1000.0,433300.0
677,2021-10-17 03:57:27,30200.0,500.0,432300.0
678,2021-10-17 03:57:27,30200.0,200.0,431800.0
679,2021-10-17 03:57:27,30200.0,500.0,431600.0
680,2021-10-17 03:57:27,30200.0,500.0,431100.0
681,2021-10-17 03:57:27,30200.0,1500.0,430600.0
682,2021-10-17 03:57:27,30200.0,1000.0,429100.0
683,2021-10-17 03:57:27,30200.0,100.0,428100.0
684,2021-10-17 03:57:27,30200.0,1500.0,428000.0
685,2021-10-17 03:57:27,30200.0,200.0,426500.0
686,2021-10-17 03:57:27,30200.0,200.0,426300.0
687,2021-10-17 03:57:27,30200.0,400.0,426100.0
688,2021-10-17 03:57:27,30200.0,2500.0,425700.0
689,2021-10-17 03:57:27,30250.0,200.0,423200.0
690,2021-10-17 03:57:27,30250.0,200.0,423000.0
691,2021-10-17 03:57:27,30250.0,2000.0,422800.0
692,2021-10-17 03:56:54,30300.0,100.0,420800.0
693,2021-10-17 03:56:17,30300.0,200.0,420700.0
694,2021-10-17 03:56:17,30300.0,2900.0,420500.0
695,2021-10-17 03:56:17,30300.0,200.0,417600.0
696,2021-10-17 03:56:17,30300.0,1100.0,417400.0
697,2021-10-17 03:54:50,30300.0,900.0,416300.0
698,2021-10-17 03:54:50,30300.0,2000.0,415400.0
699,2021-10-17 03:54:50,30300.0,1500.0,413400.0
700,2021-10-17 03:54:50,30300.0,300.0,411900.0
701,2021-10-17 03:54:50,30400.0,2000.0,411600.0
702,2021-10-17 03:54:50,30400.0,300.0,409600.0
703,2021-10-17 03:53:30,30500.0,1000.0,409300.0
704,2021-10-17 03:53:15,30500.0,100.0,408300.0
705,2021-10-17 03:51:44,30500.0,200.0,408200.0
706,2021-10-17 03:50:26,30500.0,500.0,408000.0
707,2021-10-17 03:49:45,30500.0,1700.0,407500.0
708,2021-10-17 03:49:45,30500.0,300.0,405800.0
709,2021-10-17 03:47:06,30500.0,200.0,405500.0
710,2021-10-17 03:47:06,30500.0,200.0,405300.0
711,2021-10-17 03:46:59,30400.0,200.0,405100.0
712,2021-10-17 03:46:25,30400.0,1200.0,404900.0
713,2021-10-17 03:46:25,30400.0,1000.0,403700.0
714,2021-10-17 03:43:24,30200.0,1000.0,402700.0
715,2021-10-17 03:43:24,30200.0,1000.0,401700.0
716,2021-10-17 03:43:24,30200.0,5000.0,400700.0
717,2021-10-17 03:43:24,30200.0,200.0,395700.0
718,2021-10-17 03:43:24,30200.0,2800.0,395500.0
719,2021-10-17 03:42:35,30200.0,300.0,392700.0
720,2021-10-17 03:42:33,30200.0,1900.0,392400.0
721,2021-10-17 03:42:33,30200.0,100.0,390500.0
722,2021-10-17 03:42:33,30200.0,100.0,390400.0
723,2021-10-17 03:42:33,30200.0,200.0,390300.0
724,2021-10-17 03:42:33,30200.0,300.0,390100.0
725,2021-10-17 03:42:33,30200.0,300.0,389800.0
726,2021-10-17 03:42:33,30200.0,1800.0,389500.0
727,2021-10-17 03:42:33,30250.0,300.0,387700.0
728,2021-10-17 03:41:11,30200.0,200.0,387400.0
729,2021-10-17 03:41:11,30200.0,100.0,387200.0
730,2021-10-17 03:41:11,30200.0,2000.0,387100.0
731,2021-10-17 03:41:11,30200.0,100.0,385100.0
732,2021-10-17 03:41:11,30200.0,1000.0,385000.0
733,2021-10-17 03:41:11,30200.0,100.0,384000.0
734,2021-10-17 03:41:11,30200.0,1500.0,383900.0
735,2021-10-17 03:39:37,30200.0,2600.0,382400.0
736,2021-10-17 03:39:37,30200.0,400.0,379800.0
737,2021-10-17 03:39:37,30200.0,300.0,379400.0
738,2021-10-17 03:39:37,30200.0,100.0,379100.0
739,2021-10-17 03:39:37,30200.0,1000.0,379000.0
740,2021-10-17 03:39:37,30200.0,500.0,378000.0
741,2021-10-17 03:39:37,30200.0,5000.0,377500.0
742,2021-10-17 03:39:37,30200.0,100.0,372500.0
743,2021-10-17 03:38:58,30200.0,1400.0,372400.0
744,2021-10-17 03:38:58,30200.0,100.0,371000.0
745,2021-10-17 03:38:58,30200.0,2000.0,370900.0
746,2021-10-17 03:38:58,30200.0,2000.0,368900.0
747,2021-10-17 03:38:58,30200.0,100.0,366900.0
748,2021-10-17 03:38:58,30200.0,1000.0,366800.0
749,2021-10-17 03:38:58,30250.0,1000.0,365800.0
750,2021-10-17 03:38:58,30250.0,100.0,364800.0
751,2021-10-17 03:38:58,30250.0,200.0,364700.0
752,2021-10-17 03:38:58,30300.0,2000.0,364500.0
753,2021-10-17 03:38:58,30350.0,100.0,362500.0
754,2021-10-17 03:38:45,30300.0,100.0,362400.0
755,2021-10-17 03:38:45,30300.0,100.0,362300.0
756,2021-10-17 03:38:45,30300.0,200.0,362200.0
757,2021-10-17 03:38:45,30300.0,1500.0,362000.0
758,2021-10-17 03:37:28,30300.0,3000.0,360500.0
759,2021-10-17 03:37:00,30250.0,100.0,357500.0
760,2021-10-17 03:36:13,30250.0,700.0,357400.0
761,2021-10-17 03:34:58,30250.0,200.0,356700.0
762,2021-10-17 03:34:23,30250.0,400.0,356500.0
763,2021-10-17 03:34:19,30250.0,500.0,356100.0
764,2021-10-17 03:34:19,30250.0,100.0,355600.0
765,2021-10-17 03:34:11,30250.0,500.0,355500.0
766,2021-10-17 03:32:59,30250.0,200.0,355000.0
767,2021-10-17 03:31:43,30200.0,10000.0,354800.0
768,2021-10-17 03:30:57,30200.0,300.0,344800.0
769,2021-10-17 03:30:57,30200.0,2300.0,344500.0
770,2021-10-17 03:30:57,30200.0,400.0,342200.0
771,2021-10-17 03:29:38,30250.0,200.0,341800.0
772,2021-10-17 03:29:38,30150.0,1800.0,341600.0
773,2021-10-17 03:29:38,30200.0,200.0,339800.0
774,2021-10-17 03:29:22,30200.0,300.0,339600.0
775,2021-10-17 03:29:22,30200.0,3000.0,339300.0
776,2021-10-17 03:29:22,30200.0,700.0,336300.0
777,2021-10-17 03:28:43,30250.0,1700.0,335600.0
778,2021-10-17 03:28:17,30200.0,1800.0,333900.0
779,2021-10-17 03:28:17,30200.0,400.0,332100.0
780,2021-10-17 03:28:17,30200.0,2000.0,331700.0
781,2021-10-17 03:28:17,30200.0,1000.0,329700.0
782,2021-10-17 03:28:17,30200.0,500.0,328700.0
783,2021-10-17 03:28:17,30200.0,100.0,328200.0
784,2021-10-17 03:28:17,30200.0,200.0,328100.0
785,2021-10-17 03:28:17,30200.0,100.0,327900.0
786,2021-10-17 03:28:17,30200.0,300.0,327800.0
787,2021-10-17 03:28:17,30200.0,1000.0,327500.0
788,2021-10-17 03:28:17,30200.0,500.0,326500.0
789,2021-10-17 03:28:17,30200.0,100.0,326000.0
790,2021-10-17 03:28:17,30200.0,100.0,325900.0
791,2021-10-17 03:28:17,30200.0,1700.0,325800.0
792,2021-10-17 03:28:17,30200.0,200.0,324100.0
793,2021-10-17 03:28:09,30250.0,200.0,323900.0
794,2021-10-17 03:27:33,30250.0,200.0,323700.0
795,2021-10-17 03:27:33,30250.0,100.0,323500.0
796,2021-10-17 03:27:32,30250.0,200.0,323400.0
797,2021-10-17 03:27:32,30250.0,100.0,323200.0
798,2021-10-17 03:27:32,30250.0,200.0,323100.0
799,2021-10-17 03:27:32,30250.0,400.0,322900.0
800,2021-10-17 03:27:32,30250.0,1100.0,322500.0
801,2021-10-17 03:26:17,30300.0,100.0,321400.0
802,2021-10-17 03:25:51,30300.0,1000.0,321300.0
803,2021-10-17 03:25:47,30250.0,500.0,320300.0
804,2021-10-17 03:25:47,30250.0,400.0,319800.0
805,2021-10-17 03:24:08,30250.0,100.0,319400.0
806,2021-10-17 03:23:47,30250.0,1000.0,319300.0
807,2021-10-17 03:23:47,30250.0,1000.0,318300.0
808,2021-10-17 03:23:47,30250.0,400.0,317300.0
809,2021-10-17 03:23:47,30250.0,100.0,316900.0
810,2021-10-17 03:22:27,30250.0,200.0,316800.0
811,2021-10-17 03:22:27,30250.0,900.0,316600.0
812,2021-10-17 03:22:27,30250.0,900.0,315700.0
813,2021-10-17 03:21:59,30300.0,2600.0,314800.0
814,2021-10-17 03:21:11,30250.0,200.0,312200.0
815,2021-10-17 03:21:11,30250.0,100.0,312000.0
816,2021-10-17 03:18:22,30250.0,300.0,311900.0
817,2021-10-17 03:17:53,30250.0,100.0,311600.0
818,2021-10-17 03:17:31,30250.0,200.0,311500.0
819,2021-10-17 03:17:15,30250.0,200.0,311300.0
820,2021-10-17 03:16:40,30250.0,500.0,311100.0
821,2021-10-17 03:16:34,30250.0,300.0,310600.0
822,2021-10-17 03:16:34,30250.0,2000.0,310300.0
823,2021-10-17 03:16:34,30250.0,200.0,308300.0
824,2021-10-17 03:16:34,30250.0,500.0,308100.0
825,2021-10-17 03:16:17,30300.0,600.0,307600.0
826,2021-10-17 03:15:48,30300.0,100.0,307000.0
827,2021-10-17 03:15:03,30300.0,100.0,306900.0
828,2021-10-17 03:14:20,30300.0,1000.0,306800.0
829,2021-10-17 03:12:49,30250.0,500.0,305800.0
830,2021-10-17 03:12:17,30200.0,300.0,305300.0
831,2021-10-17 03:12:12,30200.0,1100.0,305000.0
832,2021-10-17 03:12:12,30200.0,900.0,303900.0
833,2021-10-17 03:11:08,30200.0,100.0,303000.0
834,2021-10-17 03:11:07,30200.0,200.0,302900.0
835,2021-10-17 03:11:07,30200.0,100.0,302700.0
836,2021-10-17 03:11:07,30200.0,400.0,302600.0
837,2021-10-17 03:11:07,30200.0,400.0,302200.0
838,2021-10-17 03:09:22,30200.0,100.0,301800.0
839,2021-10-17 03:09:22,30200.0,1000.0,301700.0
840,2021-10-17 03:09:22,30200.0,500.0,300700.0
841,2021-10-17 03:09:22,30200.0,400.0,300200.0
842,2021-10-17 03:08:41,30200.0,500.0,299800.0
843,2021-10-17 03:08:38,30200.0,400.0,299300.0
844,2021-10-17 03:08:38,30200.0,200.0,298900.0
845,2021-10-17 03:08:38,30200.0,400.0,298700.0
846,2021-10-17 03:08:30,30200.0,200.0,298300.0
847,2021-10-17 03:08:20,30200.0,2000.0,298100.0
848,2021-10-17 03:07:39,30200.0,4400.0,296100.0
849,2021-10-17 03:07:39,30200.0,600.0,291700.0
850,2021-10-17 03:07:16,30200.0,400.0,291100.0
851,2021-10-17 03:06:47,30200.0,300.0,290700.0
852,2021-10-17 03:06:47,30200.0,100.0,290400.0
853,2021-10-17 03:06:47,30200.0,100.0,290300.0
854,2021-10-17 03:06:36,30200.0,4900.0,290200.0
855,2021-10-17 03:06:36,30200.0,100.0,285300.0
856,2021-10-17 03:06:20,30200.0,400.0,285200.0
857,2021-10-17 03:06:20,30200.0,600.0,284800.0
858,2021-10-17 03:06:20,30200.0,500.0,284200.0
859,2021-10-17 03:06:20,30200.0,500.0,283700.0
860,2021-10-17 03:05:51,30200.0,1000.0,283200.0
861,2021-10-17 03:05:35,30200.0,100.0,282200.0
862,2021-10-17 03:05:35,30200.0,500.0,282100.0
863,2021-10-17 03:05:35,30200.0,3000.0,281600.0
864,2021-10-17 03:05:35,30200.0,2000.0,278600.0
865,2021-10-17 03:05:35,30200.0,500.0,276600.0
866,2021-10-17 03:05:35,30200.0,1500.0,276100.0
867,2021-10-17 03:05:35,30200.0,500.0,274600.0
868,2021-10-17 03:05:35,30200.0,1700.0,274100.0
869,2021-10-17 03:05:35,30200.0,100.0,272400.0
870,2021-10-17 03:05:35,30250.0,100.0,272300.0
871,2021-10-17 03:05:30,30250.0,400.0,272200.0
872,2021-10-17 03:05:30,30250.0,300.0,271800.0
873,2021-10-17 03:04:43,30200.0,200.0,271500.0
874,2021-10-17 03:04:43,30200.0,500.0,271300.0
875,2021-10-17 03:04:43,30200.0,300.0,270800.0
876,2021-10-17 03:04:43,30200.0,500.0,270500.0
877,2021-10-17 03:04:28,30250.0,300.0,270000.0
878,2021-10-17 03:04:28,30250.0,400.0,269700.0
879,2021-10-17 03:03:45,30250.0,2600.0,269300.0
880,2021-10-17 03:03:45,30250.0,400.0,266700.0
881,2021-10-17 03:01:57,30250.0,600.0,266300.0
882,2021-10-17 03:01:56,30250.0,13500.0,265700.0
883,2021-10-17 03:01:56,30250.0,3000.0,252200.0
884,2021-10-17 03:01:56,30250.0,3500.0,249200.0
885,2021-10-17 03:00:17,30200.0,500.0,245700.0
886,2021-10-17 03:00:17,30200.0,2500.0,245200.0
887,2021-10-17 03:00:17,30200.0,500.0,242700.0
888,2021-10-17 03:00:17,30200.0,200.0,242200.0
889,2021-10-17 03:00:17,30200.0,100.0,242000.0
890,2021-10-17 03:00:17,30250.0,500.0,241900.0
891,2021-10-17 03:00:17,30250.0,800.0,241400.0
892,2021-10-17 03:00:09,30250.0,200.0,240600.0
893,2021-10-17 02:59:30,30250.0,200.0,240400.0
894,2021-10-17 02:59:30,30250.0,500.0,240200.0
895,2021-10-17 02:59:30,30250.0,100.0,239700.0
896,2021-10-17 02:59:30,30250.0,1200.0,239600.0
897,2021-10-17 02:59:22,30150.0,1200.0,238400.0
898,2021-10-17 02:59:22,30150.0,100.0,237200.0
899,2021-10-17 02:59:22,30150.0,1000.0,237100.0
900,2021-10-17 02:59:22,30150.0,2000.0,236100.0
901,2021-10-17 02:59:22,30150.0,500.0,234100.0
902,2021-10-17 02:59:22,30150.0,100.0,233600.0
903,2021-10-17 02:59:22,30150.0,400.0,233500.0
904,2021-10-17 02:59:03,30200.0,500.0,233100.0
905,2021-10-17 02:59:00,30200.0,500.0,232600.0
906,2021-10-17 02:58:49,30200.0,200.0,232100.0
907,2021-10-17 02:58:25,30200.0,500.0,231900.0
908,2021-10-17 02:58:25,30200.0,200.0,231400.0
909,2021-10-17 02:58:25,30200.0,1400.0,231200.0
910,2021-10-17 02:58:25,30200.0,2500.0,229800.0
911,2021-10-17 02:58:25,30200.0,200.0,227300.0
912,2021-10-17 02:58:24,30200.0,100.0,227100.0
913,2021-10-17 02:58:24,30200.0,100.0,227000.0
914,2021-10-17 02:58:24,30200.0,200.0,226900.0
915,2021-10-17 02:58:24,30200.0,100.0,226700.0
916,2021-10-17 02:58:24,30200.0,100.0,226600.0
917,2021-10-17 02:58:24,30200.0,100.0,226500.0
918,2021-10-17 02:58:24,30200.0,300.0,226400.0
919,2021-10-17 02:58:23,30250.0,1300.0,226100.0
920,2021-10-17 02:57:50,30200.0,100.0,224800.0
921,2021-10-17 02:56:30,30200.0,200.0,224700.0
922,2021-10-17 02:56:02,30200.0,1700.0,224500.0
923,2021-10-17 02:56:02,30200.0,500.0,222800.0
924,2021-10-17 02:56:02,30200.0,300.0,222300.0
925,2021-10-17 02:56:02,30200.0,200.0,222000.0
926,2021-10-17 02:56:02,30200.0,100.0,221800.0
927,2021-10-17 02:56:02,30200.0,2500.0,221700.0
928,2021-10-17 02:56:02,30200.0,6000.0,219200.0
929,2021-10-17 02:56:02,30200.0,500.0,213200.0
930,2021-10-17 02:56:02,30200.0,2200.0,212700.0
931,2021-10-17 02:55:48,30250.0,800.0,210500.0
932,2021-10-17 02:55:45,30250.0,500.0,209700.0
933,2021-10-17 02:55:38,30250.0,100.0,209200.0
934,2021-10-17 02:54:29,30200.0,100.0,209100.0
935,2021-10-17 02:54:22,30200.0,2500.0,209000.0
936,2021-10-17 02:53:50,30200.0,1900.0,206500.0
937,2021-10-17 02:53:13,30200.0,100.0,204600.0
938,2021-10-17 02:52:10,30150.0,1600.0,204500.0
939,2021-10-17 02:52:10,30150.0,1600.0,202900.0
940,2021-10-17 02:52:10,30150.0,500.0,201300.0
941,2021-10-17 02:52:10,30150.0,100.0,200800.0
942,2021-10-17 02:52:10,30150.0,200.0,200700.0
943,2021-10-17 02:52:00,30200.0,100.0,200500.0
944,2021-10-17 02:51:54,30200.0,100.0,200400.0
945,2021-10-17 02:51:54,30200.0,1000.0,200300.0
946,2021-10-17 02:51:54,30200.0,400.0,199300.0
947,2021-10-17 02:51:54,30200.0,1000.0,198900.0
948,2021-10-17 02:51:54,30200.0,100.0,197900.0
949,2021-10-17 02:51:54,30200.0,300.0,197800.0
950,2021-10-17 02:49:34,30150.0,100.0,197500.0
951,2021-10-17 02:49:34,30150.0,1000.0,197400.0
952,2021-10-17 02:49:34,30150.0,100.0,196400.0
953,2021-10-17 02:49:34,30150.0,100.0,196300.0
954,2021-10-17 02:49:34,30150.0,500.0,196200.0
955,2021-10-17 02:49:34,30150.0,600.0,195700.0
956,2021-10-17 02:49:34,30150.0,100.0,195100.0
957,2021-10-17 02:49:34,30150.0,500.0,195000.0
958,2021-10-17 02:49:34,30150.0,500.0,194500.0
959,2021-10-17 02:49:34,30150.0,100.0,194000.0
960,2021-10-17 02:49:34,30150.0,100.0,193900.0
961,2021-10-17 02:49:13,30200.0,1900.0,193800.0
962,2021-10-17 02:49:13,30200.0,100.0,191900.0
963,2021-10-17 02:49:08,30200.0,700.0,191800.0
964,2021-10-17 02:48:42,30200.0,1200.0,191100.0
965,2021-10-17 02:48:42,30200.0,400.0,189900.0
966,2021-10-17 02:48:42,30200.0,1200.0,189500.0
967,2021-10-17 02:48:35,30200.0,100.0,188300.0
968,2021-10-17 02:48:22,30200.0,200.0,188200.0
969,2021-10-17 02:48:12,30200.0,500.0,188000.0
970,2021-10-17 02:46:44,30200.0,500.0,187500.0
971,2021-10-17 02:46:43,30200.0,2000.0,187000.0
972,2021-10-17 02:46:20,30200.0,700.0,185000.0
973,2021-10-17 02:46:07,30200.0,4800.0,184300.0
974,2021-10-17 02:46:05,30200.0,200.0,179500.0
975,2021-10-17 02:45:31,30200.0,100.0,179300.0
976,2021-10-17 02:45:31,30200.0,200.0,179200.0
977,2021-10-17 02:44:45,30200.0,400.0,179000.0
978,2021-10-17 02:44:45,30200.0,2000.0,178600.0
979,2021-10-17 02:44:45,30200.0,2000.0,176600.0
980,2021-10-17 02:44:45,30200.0,500.0,174600.0
981,2021-10-17 02:44:45,30200.0,100.0,174100.0
982,2021-10-17 02:44:26,30200.0,200.0,174000.0
983,2021-10-17 02:43:40,30200.0,100.0,173800.0
984,2021-10-17 02:43:38,30200.0,1100.0,173700.0
985,2021-10-17 02:43:38,30200.0,100.0,172600.0
986,2021-10-17 02:43:38,30200.0,500.0,172500.0
987,2021-10-17 02:43:38,30200.0,3300.0,172000.0
988,2021-10-17 02:43:38,30200.0,600.0,168700.0
989,2021-10-17 02:43:38,30200.0,2000.0,168100.0
990,2021-10-17 02:43:38,30200.0,100.0,166100.0
991,2021-10-17 02:43:38,30200.0,800.0,166000.0
992,2021-10-17 02:43:38,30200.0,1000.0,165200.0
993,2021-10-17 02:43:38,30200.0,500.0,164200.0
994,2021-10-17 02:43:38,30200.0,1000.0,163700.0
995,2021-10-17 02:43:38,30200.0,800.0,162700.0
996,2021-10-17 02:43:38,30200.0,5000.0,161900.0
997,2021-10-17 02:43:38,30200.0,100.0,156900.0
998,2021-10-17 02:43:38,30200.0,200.0,156800.0
999,2021-10-17 02:43:38,30200.0,1000.0,156600.0
1000,2021-10-17 02:43:38,30200.0,600.0,155600.0
1001,2021-10-17 02:43:38,30200.0,100.0,155000.0
1002,2021-10-17 02:43:38,30200.0,100.0,154900.0
1003,2021-10-17 02:43:38,30200.0,200.0,154800.0
1004,2021-10-17 02:43:38,30200.0,500.0,154600.0
1005,2021-10-17 02:43:38,30200.0,100.0,154100.0
1006,2021-10-17 02:43:38,30200.0,100.0,154000.0
1007,2021-10-17 02:43:38,30200.0,200.0,153900.0
1008,2021-10-17 02:43:08,30200.0,300.0,153700.0
1009,2021-10-17 02:43:08,30200.0,400.0,153400.0
1010,2021-10-17 02:43:08,30200.0,900.0,153000.0
1011,2021-10-17 02:43:08,30200.0,1000.0,152100.0
1012,2021-10-17 02:43:08,30200.0,100.0,151100.0
1013,2021-10-17 02:43:08,30200.0,300.0,151000.0
1014,2021-10-17 02:43:08,30200.0,500.0,150700.0
1015,2021-10-17 02:43:08,30200.0,1100.0,150200.0
1016,2021-10-17 02:43:08,30200.0,100.0,149100.0
1017,2021-10-17 02:43:08,30200.0,400.0,149000.0
1018,2021-10-17 02:43:06,30250.0,5200.0,148600.0
1019,2021-10-17 02:42:37,30250.0,500.0,143400.0
1020,2021-10-17 02:42:32,30250.0,400.0,142900.0
1021,2021-10-17 02:42:32,30250.0,1000.0,142500.0
1022,2021-10-17 02:42:32,30250.0,2600.0,141500.0
1023,2021-10-17 02:42:18,30250.0,100.0,138900.0
1024,2021-10-17 02:42:00,30250.0,300.0,138800.0
1025,2021-10-17 02:41:56,30250.0,100.0,138500.0
1026,2021-10-17 02:41:37,30250.0,200.0,138400.0
1027,2021-10-17 02:41:30,30250.0,100.0,138200.0
1028,2021-10-17 02:41:23,30250.0,100.0,138100.0
1029,2021-10-17 02:41:19,30250.0,900.0,138000.0
1030,2021-10-17 02:40:52,30250.0,1000.0,137100.0
1031,2021-10-17 02:40:52,30250.0,200.0,136100.0
1032,2021-10-17 02:40:52,30250.0,2900.0,135900.0
1033,2021-10-17 02:40:34,30200.0,100.0,133000.0
1034,2021-10-17 02:39:46,30250.0,200.0,132900.0
1035,2021-10-17 02:39:36,30250.0,500.0,132700.0
1036,2021-10-17 02:39:36,30250.0,5000.0,132200.0
1037,2021-10-17 02:39:36,30250.0,200.0,127200.0
1038,2021-10-17 02:39:36,30250.0,100.0,127000.0
1039,2021-10-17 02:39:36,30250.0,1100.0,126900.0
1040,2021-10-17 02:38:40,30250.0,500.0,125800.0
1041,2021-10-17 02:38:10,30250.0,500.0,125300.0
1042,2021-10-17 02:38:10,30250.0,2000.0,124800.0
1043,2021-10-17 02:37:40,30250.0,500.0,122800.0
1044,2021-10-17 02:37:31,30250.0,300.0,122300.0
1045,2021-10-17 02:37:31,30250.0,200.0,122000.0
1046,2021-10-17 02:36:47,30250.0,3000.0,121800.0
1047,2021-10-17 02:36:47,30250.0,400.0,118800.0
1048,2021-10-17 02:36:47,30250.0,3600.0,118400.0
1049,2021-10-17 02:36:38,30250.0,100.0,114800.0
1050,2021-10-17 02:36:05,30250.0,300.0,114700.0
1051,2021-10-17 02:36:05,30250.0,500.0,114400.0
1052,2021-10-17 02:36:05,30250.0,200.0,113900.0
1053,2021-10-17 02:36:01,30200.0,500.0,113700.0
1054,2021-10-17 02:35:47,30200.0,100.0,113200.0
1055,2021-10-17 02:35:43,30200.0,1100.0,113100.0
1056,2021-10-17 02:35:43,30200.0,400.0,112000.0
1057,2021-10-17 02:35:19,30200.0,600.0,111600.0
1058,2021-10-17 02:35:19,30200.0,100.0,111000.0
1059,2021-10-17 02:35:19,30200.0,200.0,110900.0
1060,2021-10-17 02:35:11,30200.0,300.0,110700.0
1061,2021-10-17 02:35:05,30250.0,100.0,110400.0
1062,2021-10-17 02:34:40,30200.0,100.0,110300.0
1063,2021-10-17 02:34:40,30200.0,1000.0,110200.0
1064,2021-10-17 02:34:40,30200.0,500.0,109200.0
1065,2021-10-17 02:34:40,30200.0,1000.0,108700.0
1066,2021-10-17 02:34:40,30200.0,100.0,107700.0
1067,2021-10-17 02:34:40,30200.0,500.0,107600.0
1068,2021-10-17 02:34:40,30200.0,100.0,107100.0
1069,2021-10-17 02:34:40,30200.0,100.0,107000.0
1070,2021-10-17 02:34:40,30200.0,100.0,106900.0
1071,2021-10-17 02:34:40,30200.0,100.0,106800.0
1072,2021-10-17 02:34:40,30200.0,100.0,106700.0
1073,2021-10-17 02:34:40,30200.0,200.0,106600.0
1074,2021-10-17 02:34:40,30200.0,600.0,106400.0
1075,2021-10-17 02:34:40,30200.0,200.0,105800.0
1076,2021-10-17 02:34:40,30200.0,500.0,105600.0
1077,2021-10-17 02:34:40,30200.0,1300.0,105100.0
1078,2021-10-17 02:34:40,30200.0,100.0,103800.0
1079,2021-10-17 02:34:40,30200.0,100.0,103700.0
1080,2021-10-17 02:34:40,30200.0,100.0,103600.0
1081,2021-10-17 02:34:40,30200.0,100.0,103500.0
1082,2021-10-17 02:34:40,30200.0,3000.0,103400.0
1083,2021-10-17 02:34:40,30200.0,100.0,100400.0
1084,2021-10-17 02:34:04,30250.0,2900.0,100300.0
1085,2021-10-17 02:34:01,30250.0,500.0,97400.0
1086,2021-10-17 02:34:01,30250.0,500.0,96900.0
1087,2021-10-17 02:34:01,30250.0,100.0,96400.0
1088,2021-10-17 02:34:01,30250.0,2000.0,96300.0
1089,2021-10-17 02:34:01,30250.0,2600.0,94300.0
1090,2021-10-17 02:34:01,30250.0,500.0,91700.0
1091,2021-10-17 02:34:01,30250.0,600.0,91200.0
1092,2021-10-17 02:33:32,30300.0,500.0,90600.0
1093,2021-10-17 02:33:32,30300.0,500.0,90100.0
1094,2021-10-17 02:33:10,30250.0,700.0,89600.0
1095,2021-10-17 02:33:10,30250.0,300.0,88900.0
1096,2021-10-17 02:33:10,30250.0,500.0,88600.0
1097,2021-10-17 02:33:10,30250.0,500.0,88100.0
1098,2021-10-17 02:32:28,30250.0,200.0,87600.0
1099,2021-10-17 02:31:30,30250.0,500.0,87400.0
1100,2021-10-17 02:31:30,30250.0,500.0,86900.0
1101,2021-10-17 02:31:30,30250.0,2500.0,86400.0
1102,2021-10-17 02:31:30,30250.0,200.0,83900.0
1103,2021-10-17 02:31:30,30250.0,200.0,83700.0
1104,2021-10-17 02:31:30,30250.0,200.0,83500.0
1105,2021-10-17 02:31:30,30250.0,500.0,83300.0
1106,2021-10-17 02:31:30,30250.0,600.0,82800.0
1107,2021-10-17 02:31:22,30250.0,900.0,82200.0
1108,2021-10-17 02:31:22,30250.0,100.0,81300.0
1109,2021-10-17 02:31:22,30250.0,1000.0,81200.0
1110,2021-10-17 02:30:16,30250.0,100.0,80200.0
1111,2021-10-17 02:30:16,30250.0,100.0,80100.0
1112,2021-10-17 02:30:16,30250.0,200.0,80000.0
1113,2021-10-17 02:30:16,30250.0,5000.0,79800.0
1114,2021-10-17 02:30:16,30250.0,500.0,74800.0
1115,2021-10-17 02:30:16,30250.0,100.0,74300.0
1116,2021-10-17 02:30:16,30250.0,100.0,74200.0
1117,2021-10-17 02:30:16,30250.0,500.0,74100.0
1118,2021-10-17 02:30:16,30250.0,500.0,73600.0
1119,2021-10-17 02:30:16,30250.0,100.0,73100.0
1120,2021-10-17 02:29:56,30300.0,200.0,73000.0
1121,2021-10-17 02:29:18,30300.0,100.0,72800.0
1122,2021-10-17 02:29:14,30300.0,200.0,72700.0
1123,2021-10-17 02:29:14,30300.0,100.0,72500.0
1124,2021-10-17 02:29:14,30300.0,100.0,72400.0
1125,2021-10-17 02:28:43,30250.0,500.0,72300.0
1126,2021-10-17 02:28:17,30300.0,200.0,71800.0
1127,2021-10-17 02:28:17,30300.0,100.0,71600.0
1128,2021-10-17 02:27:52,30300.0,200.0,71500.0
1129,2021-10-17 02:27:50,30250.0,1000.0,71300.0
1130,2021-10-17 02:27:50,30250.0,500.0,70300.0
1131,2021-10-17 02:27:50,30250.0,100.0,69800.0
1132,2021-10-17 02:27:50,30250.0,100.0,69700.0
1133,2021-10-17 02:27:50,30250.0,400.0,69600.0
1134,2021-10-17 02:27:47,30300.0,100.0,69200.0
1135,2021-10-17 02:27:47,30300.0,300.0,69100.0
1136,2021-10-17 02:27:47,30300.0,200.0,68800.0
1137,2021-10-17 02:27:02,30250.0,100.0,68600.0
1138,2021-10-17 02:27:02,30250.0,100.0,68500.0
1139,2021-10-17 02:27:02,30250.0,200.0,68400.0
1140,2021-10-17 02:27:02,30250.0,500.0,68200.0
1141,2021-10-17 02:25:35,30250.0,1000.0,67700.0
1142,2021-10-17 02:25:35,30250.0,100.0,66700.0
1143,2021-10-17 02:25:08,30300.0,100.0,66600.0
1144,2021-10-17 02:25:08,30300.0,100.0,66500.0
1145,2021-10-17 02:24:55,30300.0,1500.0,66400.0
1146,2021-10-17 02:24:55,30300.0,300.0,64900.0
1147,2021-10-17 02:24:16,30200.0,100.0,64600.0
1148,2021-10-17 02:24:08,30300.0,1200.0,64500.0
1149,2021-10-17 02:23:48,30200.0,300.0,63300.0
1150,2021-10-17 02:23:48,30200.0,100.0,63000.0
1151,2021-10-17 02:23:48,30200.0,500.0,62900.0
1152,2021-10-17 02:23:48,30200.0,200.0,62400.0
1153,2021-10-17 02:23:48,30200.0,2100.0,62200.0
1154,2021-10-17 02:23:45,30300.0,2000.0,60100.0
1155,2021-10-17 02:23:30,30300.0,500.0,58100.0
1156,2021-10-17 02:23:20,30200.0,2900.0,57600.0
1157,2021-10-17 02:23:20,30200.0,200.0,54700.0
1158,2021-10-17 02:23:20,30200.0,200.0,54500.0
1159,2021-10-17 02:23:20,30200.0,600.0,54300.0
1160,2021-10-17 02:23:20,30200.0,2000.0,53700.0
1161,2021-10-17 02:23:20,30200.0,300.0,51700.0
1162,2021-10-17 02:23:20,30250.0,1000.0,51400.0
1163,2021-10-17 02:23:20,30250.0,1000.0,50400.0
1164,2021-10-17 02:23:02,30300.0,100.0,49400.0
1165,2021-10-17 02:22:51,30300.0,200.0,49300.0
1166,2021-10-17 02:22:51,30300.0,200.0,49100.0
1167,2021-10-17 02:22:51,30300.0,100.0,48900.0
1168,2021-10-17 02:22:50,30300.0,100.0,48800.0
1169,2021-10-17 02:22:50,30300.0,100.0,48700.0
1170,2021-10-17 02:22:50,30300.0,200.0,48600.0
1171,2021-10-17 02:22:50,30300.0,100.0,48400.0
1172,2021-10-17 02:22:50,30300.0,500.0,48300.0
1173,2021-10-17 02:22:15,30300.0,500.0,47800.0
1174,2021-10-17 02:22:15,30300.0,200.0,47300.0
1175,2021-10-17 02:22:15,30300.0,100.0,47100.0
1176,2021-10-17 02:22:15,30300.0,600.0,47000.0
1177,2021-10-17 02:21:57,30300.0,400.0,46400.0
1178,2021-10-17 02:21:57,30300.0,1000.0,46000.0
1179,2021-10-17 02:21:57,30300.0,100.0,45000.0
1180,2021-10-17 02:21:57,30300.0,500.0,44900.0
1181,2021-10-17 02:21:32,30300.0,100.0,44400.0
1182,2021-10-17 02:21:32,30300.0,500.0,44300.0
1183,2021-10-17 02:21:32,30300.0,2000.0,43800.0
1184,2021-10-17 02:21:32,30300.0,500.0,41800.0
1185,2021-10-17 02:21:32,30300.0,200.0,41300.0
1186,2021-10-17 02:21:32,30300.0,200.0,41100.0
1187,2021-10-17 02:21:32,30300.0,300.0,40900.0
1188,2021-10-17 02:21:32,30300.0,200.0,40600.0
1189,2021-10-17 02:20:56,30300.0,300.0,40400.0
1190,2021-10-17 02:20:56,30300.0,400.0,40100.0
1191,2021-10-17 02:20:56,30300.0,1300.0,39700.0
1192,2021-10-17 02:20:30,30400.0,500.0,38400.0
1193,2021-10-17 02:20:30,30400.0,6300.0,37900.0
1194,2021-10-17 02:20:30,30400.0,3200.0,31600.0
1195,2021-10-17 02:20:27,30400.0,500.0,28400.0
1196,2021-10-17 02:20:08,30500.0,100.0,27900.0
1197,2021-10-17 02:20:08,30500.0,100.0,27800.0
1198,2021-10-17 02:19:58,30400.0,1000.0,27700.0
1199,2021-10-17 02:19:50,30300.0,2000.0,26700.0
1200,2021-10-17 02:19:44,30300.0,100.0,24700.0
1201,2021-10-17 02:19:36,30300.0,900.0,24600.0
1202,2021-10-17 02:19:22,30300.0,500.0,23700.0
1203,2021-10-17 02:19:22,30300.0,500.0,23200.0
1204,2021-10-17 02:18:50,30550.0,100.0,22700.0
1205,2021-10-17 02:18:50,30500.0,1700.0,22600.0
1206,2021-10-17 02:18:48,30500.0,600.0,20900.0
1207,2021-10-17 02:18:36,30500.0,900.0,20300.0
1208,2021-10-17 02:18:36,30500.0,700.0,19400.0
1209,2021-10-17 02:18:31,30500.0,100.0,18700.0
1210,2021-10-17 02:18:19,30500.0,200.0,18600.0
1211,2021-10-17 02:18:19,30500.0,300.0,18400.0
1212,2021-10-17 02:18:02,30600.0,100.0,18100.0
1213,2021-10-17 02:17:48,30600.0,400.0,18000.0
1214,2021-10-17 02:17:39,30600.0,200.0,17600.0
1215,2021-10-17 02:17:10,30600.0,1000.0,17400.0
1216,2021-10-17 02:17:09,30600.0,200.0,16400.0
1217,2021-10-17 02:16:47,30600.0,200.0,16200.0
1218,2021-10-17 02:15:45,30650.0,300.0,16000.0
1219,2021-10-17 02:15:45,30650.0,200.0,15700.0
1220,2021-10-17 02:15:00,30650.0,100.0,15500.0
1221,2021-10-17 02:15:00,30650.0,200.0,15400.0
1222,2021-10-17 02:15:00,30650.0,700.0,15200.0
1223,2021-10-17 02:15:00,30650.0,100.0,14500.0
1224,2021-10-17 02:15:00,30650.0,900.0,14400.0
1225,2021-10-17 02:15:00,30650.0,500.0,13500.0
1226,2021-10-17 02:15:00,30650.0,500.0,13000.0
1227,2021-10-17 02:15:00,30650.0,100.0,12500.0
1228,2021-10-17 02:15:00,30650.0,200.0,12400.0
1229,2021-10-17 02:15:00,30650.0,100.0,12200.0
1230,2021-10-17 02:15:00,30650.0,100.0,12100.0
1231,2021-10-17 02:15:00,30650.0,500.0,12000.0
1232,2021-10-17 02:15:00,30650.0,500.0,11500.0
1233,2021-10-17 02:15:00,30650.0,400.0,11000.0
1234,2021-10-17 02:15:00,30650.0,200.0,10600.0
1235,2021-10-17 02:15:00,30650.0,7700.0,10400.0
1236,2021-10-17 02:15:00,30650.0,300.0,2700.0
1237,2021-10-17 02:15:00,30650.0,1400.0,2400.0
1238,2021-10-17 02:15:00,30650.0,600.0,1000.0
1239,2021-10-17 02:15:00,30650.0,400.0,400.0
