,Time,Price,Volume_per_trade,Volume
0,2021-10-07 07:45:01,45000.0,300.0,142900.0
1,2021-10-07 07:45:01,45000.0,500.0,142600.0
2,2021-10-07 07:45:01,45000.0,400.0,142100.0
3,2021-10-07 07:45:01,45000.0,600.0,141700.0
4,2021-10-07 07:29:57,45000.0,1000.0,141100.0
5,2021-10-07 07:29:24,45000.0,5000.0,140100.0
6,2021-10-07 07:26:17,44850.0,700.0,135100.0
7,2021-10-07 07:26:17,44850.0,100.0,134400.0
8,2021-10-07 07:26:17,44850.0,200.0,134300.0
9,2021-10-07 07:25:32,44850.0,100.0,134100.0
10,2021-10-07 07:25:32,44900.0,100.0,134000.0
11,2021-10-07 07:25:32,44900.0,200.0,133900.0
12,2021-10-07 07:25:32,44900.0,600.0,133700.0
13,2021-10-07 07:25:18,44900.0,400.0,133100.0
14,2021-10-07 07:25:18,44950.0,100.0,132700.0
15,2021-10-07 07:25:18,44950.0,200.0,132600.0
16,2021-10-07 07:22:54,45000.0,100.0,132400.0
17,2021-10-07 07:22:52,45000.0,200.0,132300.0
18,2021-10-07 07:22:44,45000.0,100.0,132100.0
19,2021-10-07 07:22:44,45000.0,400.0,132000.0
20,2021-10-07 07:22:06,45000.0,1000.0,131600.0
21,2021-10-07 07:22:06,45000.0,600.0,130600.0
22,2021-10-07 07:19:35,45000.0,100.0,130000.0
23,2021-10-07 07:18:29,45000.0,100.0,129900.0
24,2021-10-07 07:18:27,45000.0,100.0,129800.0
25,2021-10-07 07:18:27,45000.0,900.0,129700.0
26,2021-10-07 07:18:07,45000.0,100.0,128800.0
27,2021-10-07 07:18:07,45000.0,100.0,128700.0
28,2021-10-07 07:15:46,45000.0,100.0,128600.0
29,2021-10-07 07:15:22,45000.0,400.0,128500.0
30,2021-10-07 07:15:22,45000.0,100.0,128100.0
31,2021-10-07 07:14:55,45000.0,100.0,128000.0
32,2021-10-07 07:14:55,45000.0,300.0,127900.0
33,2021-10-07 07:14:02,45000.0,200.0,127600.0
34,2021-10-07 07:14:02,45000.0,300.0,127400.0
35,2021-10-07 07:13:35,45000.0,100.0,127100.0
36,2021-10-07 07:13:35,45000.0,100.0,127000.0
37,2021-10-07 07:13:07,45000.0,200.0,126900.0
38,2021-10-07 07:13:07,45000.0,400.0,126700.0
39,2021-10-07 07:12:36,45000.0,100.0,126300.0
40,2021-10-07 07:12:36,45000.0,300.0,126200.0
41,2021-10-07 07:12:09,45000.0,200.0,125900.0
42,2021-10-07 07:12:09,45000.0,100.0,125700.0
43,2021-10-07 07:12:09,45000.0,200.0,125600.0
44,2021-10-07 07:11:40,45000.0,1100.0,125400.0
45,2021-10-07 07:07:20,45100.0,500.0,124300.0
46,2021-10-07 07:06:53,45000.0,700.0,123800.0
47,2021-10-07 07:06:23,45000.0,1600.0,123100.0
48,2021-10-07 07:06:23,45000.0,400.0,121500.0
49,2021-10-07 06:58:45,45000.0,600.0,121100.0
50,2021-10-07 06:58:45,45000.0,100.0,120500.0
51,2021-10-07 06:58:45,45000.0,100.0,120400.0
52,2021-10-07 06:58:45,45000.0,1200.0,120300.0
53,2021-10-07 06:58:17,45000.0,100.0,119100.0
54,2021-10-07 06:55:24,45000.0,500.0,119000.0
55,2021-10-07 06:55:21,45000.0,100.0,118500.0
56,2021-10-07 06:55:21,45000.0,100.0,118400.0
57,2021-10-07 06:55:14,45000.0,100.0,118300.0
58,2021-10-07 06:55:05,45000.0,100.0,118200.0
59,2021-10-07 06:54:49,45000.0,100.0,118100.0
60,2021-10-07 06:54:40,45000.0,100.0,118000.0
61,2021-10-07 06:54:22,45000.0,100.0,117900.0
62,2021-10-07 06:54:13,45000.0,100.0,117800.0
63,2021-10-07 06:54:05,45000.0,100.0,117700.0
64,2021-10-07 06:53:45,45000.0,100.0,117600.0
65,2021-10-07 06:53:37,45000.0,100.0,117500.0
66,2021-10-07 06:53:22,45000.0,100.0,117400.0
67,2021-10-07 06:53:14,45000.0,100.0,117300.0
68,2021-10-07 06:52:57,45000.0,100.0,117200.0
69,2021-10-07 06:52:47,45000.0,100.0,117100.0
70,2021-10-07 06:52:31,45000.0,100.0,117000.0
71,2021-10-07 06:52:27,45150.0,400.0,116900.0
72,2021-10-07 06:52:25,45000.0,900.0,116500.0
73,2021-10-07 06:52:21,45000.0,100.0,115600.0
74,2021-10-07 06:52:11,45000.0,100.0,115500.0
75,2021-10-07 06:52:01,45000.0,100.0,115400.0
76,2021-10-07 06:51:46,45000.0,100.0,115300.0
77,2021-10-07 06:51:36,45000.0,100.0,115200.0
78,2021-10-07 06:51:24,45000.0,100.0,115100.0
79,2021-10-07 06:51:06,45000.0,100.0,115000.0
80,2021-10-07 06:51:04,45000.0,800.0,114900.0
81,2021-10-07 06:50:59,45000.0,1000.0,114100.0
82,2021-10-07 06:50:57,45000.0,100.0,113100.0
83,2021-10-07 06:50:46,45000.0,100.0,113000.0
84,2021-10-07 06:50:35,45000.0,100.0,112900.0
85,2021-10-07 06:50:18,45000.0,100.0,112800.0
86,2021-10-07 06:50:10,45000.0,100.0,112700.0
87,2021-10-07 06:49:55,45000.0,100.0,112600.0
88,2021-10-07 06:49:46,45000.0,100.0,112500.0
89,2021-10-07 06:49:31,45000.0,100.0,112400.0
90,2021-10-07 06:49:23,45000.0,100.0,112300.0
91,2021-10-07 06:49:08,45000.0,100.0,112200.0
92,2021-10-07 06:48:58,45000.0,100.0,112100.0
93,2021-10-07 06:48:48,45000.0,100.0,112000.0
94,2021-10-07 06:48:32,45000.0,100.0,111900.0
95,2021-10-07 06:48:18,45000.0,100.0,111800.0
96,2021-10-07 06:48:09,45000.0,100.0,111700.0
97,2021-10-07 06:47:59,45000.0,100.0,111600.0
98,2021-10-07 06:47:41,45000.0,100.0,111500.0
99,2021-10-07 06:47:31,45000.0,100.0,111400.0
100,2021-10-07 06:47:15,45000.0,100.0,111300.0
101,2021-10-07 06:47:06,45000.0,100.0,111200.0
102,2021-10-07 06:46:51,45000.0,100.0,111100.0
103,2021-10-07 06:46:43,45000.0,100.0,111000.0
104,2021-10-07 06:46:35,45000.0,100.0,110900.0
105,2021-10-07 06:46:18,45000.0,100.0,110800.0
106,2021-10-07 06:46:09,45000.0,100.0,110700.0
107,2021-10-07 06:45:50,45000.0,100.0,110600.0
108,2021-10-07 06:45:43,45000.0,100.0,110500.0
109,2021-10-07 06:45:28,45000.0,100.0,110400.0
110,2021-10-07 06:45:19,45000.0,200.0,110300.0
111,2021-10-07 06:44:53,45000.0,100.0,110100.0
112,2021-10-07 06:44:44,45100.0,100.0,110000.0
113,2021-10-07 06:44:28,45100.0,100.0,109900.0
114,2021-10-07 06:44:19,45100.0,100.0,109800.0
115,2021-10-07 06:44:04,45100.0,100.0,109700.0
116,2021-10-07 06:43:57,45100.0,100.0,109600.0
117,2021-10-07 06:43:36,45000.0,100.0,109500.0
118,2021-10-07 06:43:27,45000.0,100.0,109400.0
119,2021-10-07 06:43:12,45000.0,100.0,109300.0
120,2021-10-07 06:43:05,45000.0,100.0,109200.0
121,2021-10-07 06:42:56,45000.0,100.0,109100.0
122,2021-10-07 06:42:47,45000.0,100.0,109000.0
123,2021-10-07 06:42:38,45000.0,100.0,108900.0
124,2021-10-07 06:42:16,45000.0,300.0,108800.0
125,2021-10-07 06:42:14,45000.0,100.0,108500.0
126,2021-10-07 06:42:07,45000.0,100.0,108400.0
127,2021-10-07 06:41:46,45000.0,100.0,108300.0
128,2021-10-07 06:41:37,45000.0,100.0,108200.0
129,2021-10-07 06:41:23,45000.0,100.0,108100.0
130,2021-10-07 06:41:14,45000.0,100.0,108000.0
131,2021-10-07 06:41:04,45000.0,100.0,107900.0
132,2021-10-07 06:40:55,45000.0,100.0,107800.0
133,2021-10-07 06:40:36,45000.0,100.0,107700.0
134,2021-10-07 06:40:26,45000.0,100.0,107600.0
135,2021-10-07 06:40:15,45000.0,100.0,107500.0
136,2021-10-07 06:40:06,45000.0,100.0,107400.0
137,2021-10-07 06:39:53,45000.0,2000.0,107300.0
138,2021-10-07 06:39:46,45000.0,100.0,105300.0
139,2021-10-07 06:39:38,45000.0,100.0,105200.0
140,2021-10-07 06:39:21,45000.0,100.0,105100.0
141,2021-10-07 06:39:12,45000.0,100.0,105000.0
142,2021-10-07 06:39:01,45000.0,100.0,104900.0
143,2021-10-07 06:38:45,45000.0,100.0,104800.0
144,2021-10-07 06:38:38,45000.0,100.0,104700.0
145,2021-10-07 06:38:22,45000.0,100.0,104600.0
146,2021-10-07 06:38:14,45000.0,100.0,104500.0
147,2021-10-07 06:38:00,45000.0,100.0,104400.0
148,2021-10-07 06:37:51,45100.0,100.0,104300.0
149,2021-10-07 06:37:33,45000.0,100.0,104200.0
150,2021-10-07 06:37:25,45000.0,100.0,104100.0
151,2021-10-07 06:37:07,45000.0,100.0,104000.0
152,2021-10-07 06:36:57,45000.0,100.0,103900.0
153,2021-10-07 06:36:43,45000.0,100.0,103800.0
154,2021-10-07 06:36:32,45000.0,100.0,103700.0
155,2021-10-07 06:36:25,45000.0,100.0,103600.0
156,2021-10-07 06:36:06,45000.0,100.0,103500.0
157,2021-10-07 06:35:58,45000.0,100.0,103400.0
158,2021-10-07 06:35:43,45000.0,100.0,103300.0
159,2021-10-07 06:35:40,45100.0,100.0,103200.0
160,2021-10-07 06:35:34,45100.0,400.0,103100.0
161,2021-10-07 06:35:34,45100.0,2000.0,102700.0
162,2021-10-07 06:35:34,45100.0,100.0,100700.0
163,2021-10-07 06:35:34,45100.0,500.0,100600.0
164,2021-10-07 06:35:34,45100.0,100.0,100100.0
165,2021-10-07 06:35:26,45100.0,2000.0,100000.0
166,2021-10-07 06:35:25,45100.0,100.0,98000.0
167,2021-10-07 06:35:08,45100.0,100.0,97900.0
168,2021-10-07 06:34:59,45100.0,100.0,97800.0
169,2021-10-07 06:34:42,45100.0,100.0,97700.0
170,2021-10-07 06:34:32,45100.0,100.0,97600.0
171,2021-10-07 06:34:24,45100.0,100.0,97500.0
172,2021-10-07 06:34:05,45100.0,100.0,97400.0
173,2021-10-07 06:33:57,45100.0,100.0,97300.0
174,2021-10-07 06:33:47,45100.0,100.0,97200.0
175,2021-10-07 06:33:30,45100.0,100.0,97100.0
176,2021-10-07 06:33:24,45100.0,1900.0,97000.0
177,2021-10-07 06:33:24,45100.0,500.0,95100.0
178,2021-10-07 06:33:23,45100.0,100.0,94600.0
179,2021-10-07 06:33:13,45100.0,100.0,94500.0
180,2021-10-07 06:32:53,45100.0,100.0,94400.0
181,2021-10-07 06:32:45,45100.0,100.0,94300.0
182,2021-10-07 06:32:36,45100.0,100.0,94200.0
183,2021-10-07 06:32:19,45100.0,100.0,94100.0
184,2021-10-07 06:32:10,45100.0,100.0,94000.0
185,2021-10-07 06:31:52,45100.0,100.0,93900.0
186,2021-10-07 06:31:44,45100.0,100.0,93800.0
187,2021-10-07 06:31:29,45100.0,100.0,93700.0
188,2021-10-07 06:31:21,45100.0,100.0,93600.0
189,2021-10-07 06:31:05,45100.0,100.0,93500.0
190,2021-10-07 06:30:50,45150.0,100.0,93400.0
191,2021-10-07 06:30:39,45150.0,100.0,93300.0
192,2021-10-07 06:30:29,45150.0,100.0,93200.0
193,2021-10-07 06:30:21,45150.0,100.0,93100.0
194,2021-10-07 06:30:04,45150.0,100.0,93000.0
195,2021-10-07 06:29:50,45150.0,100.0,92900.0
196,2021-10-07 06:29:42,45150.0,100.0,92800.0
197,2021-10-07 06:29:33,45150.0,100.0,92700.0
198,2021-10-07 06:29:22,45200.0,1000.0,92600.0
199,2021-10-07 06:29:09,45150.0,100.0,91600.0
200,2021-10-07 06:29:09,45150.0,100.0,91500.0
201,2021-10-07 06:29:08,45100.0,100.0,91400.0
202,2021-10-07 06:28:51,45100.0,100.0,91300.0
203,2021-10-07 06:28:45,45150.0,500.0,91200.0
204,2021-10-07 06:28:45,45150.0,1000.0,90700.0
205,2021-10-07 06:28:45,45150.0,1000.0,89700.0
206,2021-10-07 06:28:45,45150.0,100.0,88700.0
207,2021-10-07 06:28:41,45150.0,100.0,88600.0
208,2021-10-07 06:28:24,45150.0,100.0,88500.0
209,2021-10-07 06:28:16,45150.0,100.0,88400.0
210,2021-10-07 06:28:02,45150.0,100.0,88300.0
211,2021-10-07 06:27:51,45150.0,100.0,88200.0
212,2021-10-07 06:27:41,45150.0,100.0,88100.0
213,2021-10-07 06:27:27,45150.0,100.0,88000.0
214,2021-10-07 06:27:16,45150.0,100.0,87900.0
215,2021-10-07 06:27:06,45200.0,100.0,87800.0
216,2021-10-07 06:26:53,45200.0,100.0,87700.0
217,2021-10-07 06:26:45,45250.0,500.0,87600.0
218,2021-10-07 06:26:36,45200.0,100.0,87100.0
219,2021-10-07 06:26:27,45200.0,100.0,87000.0
220,2021-10-07 06:26:25,45250.0,4800.0,86900.0
221,2021-10-07 06:26:22,45300.0,300.0,82100.0
222,2021-10-07 06:26:14,45300.0,100.0,81800.0
223,2021-10-07 06:26:14,45300.0,600.0,81700.0
224,2021-10-07 06:26:01,45200.0,100.0,81100.0
225,2021-10-07 06:26:00,45300.0,100.0,81000.0
226,2021-10-07 06:26:00,45300.0,100.0,80900.0
227,2021-10-07 06:25:36,45250.0,100.0,80800.0
228,2021-10-07 06:25:33,45250.0,100.0,80700.0
229,2021-10-07 06:25:33,45250.0,100.0,80600.0
230,2021-10-07 06:25:33,45250.0,1300.0,80500.0
231,2021-10-07 06:25:29,45200.0,100.0,79200.0
232,2021-10-07 06:25:12,45200.0,100.0,79100.0
233,2021-10-07 06:25:03,45200.0,100.0,79000.0
234,2021-10-07 06:24:47,45200.0,100.0,78900.0
235,2021-10-07 06:24:37,45200.0,100.0,78800.0
236,2021-10-07 06:24:27,45200.0,100.0,78700.0
237,2021-10-07 06:24:11,45200.0,100.0,78600.0
238,2021-10-07 06:24:02,45200.0,100.0,78500.0
239,2021-10-07 06:23:43,45200.0,100.0,78400.0
240,2021-10-07 06:23:43,45200.0,700.0,78300.0
241,2021-10-07 06:23:33,45150.0,100.0,77600.0
242,2021-10-07 06:23:26,45150.0,100.0,77500.0
243,2021-10-07 06:23:08,45150.0,100.0,77400.0
244,2021-10-07 06:22:58,45150.0,100.0,77300.0
245,2021-10-07 06:22:49,45150.0,100.0,77200.0
246,2021-10-07 06:22:33,45150.0,100.0,77100.0
247,2021-10-07 06:22:25,45150.0,100.0,77000.0
248,2021-10-07 06:22:16,45200.0,300.0,76900.0
249,2021-10-07 06:22:16,45200.0,100.0,76600.0
250,2021-10-07 06:22:16,45200.0,1500.0,76500.0
251,2021-10-07 06:22:16,45200.0,600.0,75000.0
252,2021-10-07 06:22:08,45150.0,100.0,74400.0
253,2021-10-07 06:22:00,45150.0,100.0,74300.0
254,2021-10-07 06:21:45,45150.0,100.0,74200.0
255,2021-10-07 06:21:36,45150.0,100.0,74100.0
256,2021-10-07 06:21:27,45150.0,100.0,74000.0
257,2021-10-07 06:21:16,45150.0,100.0,73900.0
258,2021-10-07 06:21:07,45150.0,100.0,73800.0
259,2021-10-07 06:20:47,45150.0,100.0,73700.0
260,2021-10-07 06:20:38,45150.0,100.0,73600.0
261,2021-10-07 06:20:35,45150.0,2400.0,73500.0
262,2021-10-07 06:20:35,45150.0,600.0,71100.0
263,2021-10-07 06:20:19,45150.0,100.0,70500.0
264,2021-10-07 06:20:10,45150.0,100.0,70400.0
265,2021-10-07 06:19:53,45150.0,100.0,70300.0
266,2021-10-07 06:17:46,45150.0,100.0,70200.0
267,2021-10-07 06:13:08,45200.0,100.0,70100.0
268,2021-10-07 06:13:00,45200.0,100.0,70000.0
269,2021-10-07 06:08:01,45200.0,200.0,69900.0
270,2021-10-07 06:07:32,45200.0,100.0,69700.0
271,2021-10-07 06:07:32,45200.0,700.0,69600.0
272,2021-10-07 06:04:54,45200.0,100.0,68900.0
273,2021-10-07 06:04:43,45200.0,200.0,68800.0
274,2021-10-07 06:03:52,45200.0,200.0,68600.0
275,2021-10-07 06:02:40,45200.0,700.0,68400.0
276,2021-10-07 06:02:30,45200.0,100.0,67700.0
277,2021-10-07 06:00:01,45100.0,100.0,67600.0
278,2021-10-07 06:00:01,45100.0,1000.0,67500.0
279,2021-10-07 04:26:54,45100.0,2000.0,66500.0
280,2021-10-07 04:26:48,45100.0,4000.0,64500.0
281,2021-10-07 04:26:11,45150.0,400.0,60500.0
282,2021-10-07 04:26:02,45300.0,1000.0,60100.0
283,2021-10-07 04:26:02,45300.0,300.0,59100.0
284,2021-10-07 04:25:41,45500.0,200.0,58800.0
285,2021-10-07 04:25:36,45500.0,100.0,58600.0
286,2021-10-07 04:25:18,45500.0,200.0,58500.0
287,2021-10-07 04:25:18,45500.0,600.0,58300.0
288,2021-10-07 04:25:18,45500.0,100.0,57700.0
289,2021-10-07 04:25:18,45500.0,100.0,57600.0
290,2021-10-07 04:21:38,45700.0,300.0,57500.0
291,2021-10-07 04:21:08,45500.0,900.0,57200.0
292,2021-10-07 04:21:06,45500.0,100.0,56300.0
293,2021-10-07 04:21:06,45500.0,500.0,56200.0
294,2021-10-07 04:21:06,45500.0,1400.0,55700.0
295,2021-10-07 04:20:30,45500.0,600.0,54300.0
296,2021-10-07 04:20:30,45500.0,400.0,53700.0
297,2021-10-07 04:19:02,45300.0,100.0,53300.0
298,2021-10-07 04:18:31,45100.0,4500.0,53200.0
299,2021-10-07 04:18:15,45100.0,1200.0,48700.0
300,2021-10-07 04:18:02,45100.0,2100.0,47500.0
301,2021-10-07 04:18:02,45000.0,1800.0,45400.0
302,2021-10-07 04:17:52,45000.0,1100.0,43600.0
303,2021-10-07 04:17:49,45000.0,1100.0,42500.0
304,2021-10-07 04:17:49,45000.0,200.0,41400.0
305,2021-10-07 04:17:49,45000.0,100.0,41200.0
306,2021-10-07 04:17:49,45000.0,500.0,41100.0
307,2021-10-07 04:17:49,45000.0,2000.0,40600.0
308,2021-10-07 04:17:31,44800.0,200.0,38600.0
309,2021-10-07 04:17:26,44800.0,3000.0,38400.0
310,2021-10-07 04:17:26,44800.0,500.0,35400.0
311,2021-10-07 04:17:26,44800.0,1500.0,34900.0
312,2021-10-07 04:17:14,44800.0,1000.0,33400.0
313,2021-10-07 04:17:02,44800.0,1500.0,32400.0
314,2021-10-07 04:17:02,44700.0,3400.0,30900.0
315,2021-10-07 04:17:02,44700.0,800.0,27500.0
316,2021-10-07 04:17:02,44700.0,1000.0,26700.0
317,2021-10-07 04:17:02,44700.0,2500.0,25700.0
318,2021-10-07 04:17:02,44700.0,800.0,23200.0
319,2021-10-07 04:16:53,44700.0,200.0,22400.0
320,2021-10-07 04:14:55,44700.0,500.0,22200.0
321,2021-10-07 04:14:32,44700.0,500.0,21700.0
322,2021-10-07 04:13:10,44700.0,100.0,21200.0
323,2021-10-07 04:08:18,44700.0,800.0,21100.0
324,2021-10-07 03:57:32,44700.0,600.0,20300.0
325,2021-10-07 03:47:22,44700.0,500.0,19700.0
326,2021-10-07 03:43:35,44600.0,1000.0,19200.0
327,2021-10-07 03:43:35,44600.0,200.0,18200.0
328,2021-10-07 03:43:35,44600.0,400.0,18000.0
329,2021-10-07 03:36:38,44600.0,600.0,17600.0
330,2021-10-07 03:36:38,44600.0,1000.0,17000.0
331,2021-10-07 03:36:38,44600.0,400.0,16000.0
332,2021-10-07 03:35:00,44500.0,300.0,15600.0
333,2021-10-07 03:34:12,44500.0,4700.0,15300.0
334,2021-10-07 03:34:12,44500.0,800.0,10600.0
335,2021-10-07 03:34:12,44500.0,1000.0,9800.0
336,2021-10-07 03:21:29,44400.0,300.0,8800.0
337,2021-10-07 03:19:56,44400.0,1200.0,8500.0
338,2021-10-07 03:18:06,44400.0,200.0,7300.0
339,2021-10-07 03:18:06,44400.0,200.0,7100.0
340,2021-10-07 03:18:06,44400.0,100.0,6900.0
341,2021-10-07 03:14:04,44400.0,500.0,6800.0
342,2021-10-07 03:12:28,44400.0,100.0,6300.0
343,2021-10-07 03:09:00,44400.0,1300.0,6200.0
344,2021-10-07 03:07:36,44300.0,100.0,4900.0
345,2021-10-07 02:36:45,44300.0,200.0,4800.0
346,2021-10-07 02:30:37,44300.0,200.0,4600.0
347,2021-10-07 02:30:37,44350.0,100.0,4400.0
348,2021-10-07 02:25:29,44400.0,2000.0,4300.0
349,2021-10-07 02:25:29,44400.0,100.0,2300.0
350,2021-10-07 02:25:29,44400.0,100.0,2200.0
351,2021-10-07 02:25:29,44400.0,300.0,2100.0
352,2021-10-07 02:25:11,44500.0,100.0,1800.0
353,2021-10-07 02:15:47,44600.0,1000.0,1700.0
354,2021-10-07 02:15:16,44600.0,200.0,700.0
355,2021-10-07 02:15:00,44600.0,400.0,500.0
356,2021-10-07 02:15:00,44600.0,100.0,100.0
