,Time,Price,Volume_per_trade,Volume
0,2021-10-07 07:45:01,10250.0,100.0,768700.0
1,2021-10-07 07:45:01,10250.0,100.0,768600.0
2,2021-10-07 07:45:01,10250.0,1000.0,768500.0
3,2021-10-07 07:45:01,10250.0,1000.0,767500.0
4,2021-10-07 07:45:01,10250.0,200.0,766500.0
5,2021-10-07 07:45:01,10250.0,200.0,766300.0
6,2021-10-07 07:45:01,10250.0,1500.0,766100.0
7,2021-10-07 07:45:01,10250.0,1000.0,764600.0
8,2021-10-07 07:45:01,10250.0,1200.0,763600.0
9,2021-10-07 07:45:01,10250.0,100.0,762400.0
10,2021-10-07 07:45:01,10250.0,2200.0,762300.0
11,2021-10-07 07:45:01,10250.0,300.0,760100.0
12,2021-10-07 07:45:01,10250.0,200.0,759800.0
13,2021-10-07 07:45:01,10250.0,1000.0,759600.0
14,2021-10-07 07:45:01,10250.0,5000.0,758600.0
15,2021-10-07 07:45:01,10250.0,4000.0,753600.0
16,2021-10-07 07:29:27,10250.0,1000.0,749600.0
17,2021-10-07 07:26:41,10300.0,100.0,748600.0
18,2021-10-07 07:26:35,10250.0,3000.0,748500.0
19,2021-10-07 07:25:55,10250.0,3800.0,745500.0
20,2021-10-07 07:25:55,10250.0,2000.0,741700.0
21,2021-10-07 07:25:55,10250.0,100.0,739700.0
22,2021-10-07 07:25:55,10250.0,100.0,739600.0
23,2021-10-07 07:24:55,10250.0,4100.0,739500.0
24,2021-10-07 07:24:53,10250.0,300.0,735400.0
25,2021-10-07 07:24:53,10250.0,1700.0,735100.0
26,2021-10-07 07:24:46,10250.0,9800.0,733400.0
27,2021-10-07 07:24:46,10250.0,200.0,723600.0
28,2021-10-07 07:24:05,10250.0,4800.0,723400.0
29,2021-10-07 07:24:05,10250.0,5200.0,718600.0
30,2021-10-07 07:22:23,10250.0,100.0,713400.0
31,2021-10-07 07:22:02,10250.0,100.0,713300.0
32,2021-10-07 07:21:43,10250.0,5000.0,713200.0
33,2021-10-07 07:19:55,10250.0,600.0,708200.0
34,2021-10-07 07:19:55,10250.0,100.0,707600.0
35,2021-10-07 07:19:01,10250.0,1000.0,707500.0
36,2021-10-07 07:18:05,10250.0,100.0,706500.0
37,2021-10-07 07:18:05,10250.0,1000.0,706400.0
38,2021-10-07 07:18:05,10250.0,900.0,705400.0
39,2021-10-07 07:17:29,10250.0,100.0,704500.0
40,2021-10-07 07:16:40,10200.0,2100.0,704400.0
41,2021-10-07 07:16:05,10200.0,1500.0,702300.0
42,2021-10-07 07:15:38,10200.0,100.0,700800.0
43,2021-10-07 07:15:18,10200.0,100.0,700700.0
44,2021-10-07 07:15:00,10200.0,5800.0,700600.0
45,2021-10-07 07:15:00,10200.0,1000.0,694800.0
46,2021-10-07 07:15:00,10200.0,100.0,693800.0
47,2021-10-07 07:15:00,10200.0,500.0,693700.0
48,2021-10-07 07:15:00,10200.0,10000.0,693200.0
49,2021-10-07 07:15:00,10200.0,300.0,683200.0
50,2021-10-07 07:15:00,10200.0,100.0,682900.0
51,2021-10-07 07:15:00,10200.0,1000.0,682800.0
52,2021-10-07 07:15:00,10200.0,7000.0,681800.0
53,2021-10-07 07:15:00,10200.0,3000.0,674800.0
54,2021-10-07 07:15:00,10200.0,1000.0,671800.0
55,2021-10-07 07:15:00,10200.0,300.0,670800.0
56,2021-10-07 07:15:00,10200.0,7000.0,670500.0
57,2021-10-07 07:15:00,10200.0,1000.0,663500.0
58,2021-10-07 07:15:00,10200.0,1000.0,662500.0
59,2021-10-07 07:15:00,10200.0,1000.0,661500.0
60,2021-10-07 07:15:00,10200.0,500.0,660500.0
61,2021-10-07 07:15:00,10200.0,500.0,660000.0
62,2021-10-07 07:15:00,10200.0,1000.0,659500.0
63,2021-10-07 07:15:00,10200.0,1000.0,658500.0
64,2021-10-07 07:15:00,10200.0,1000.0,657500.0
65,2021-10-07 07:15:00,10200.0,1000.0,656500.0
66,2021-10-07 07:15:00,10200.0,300.0,655500.0
67,2021-10-07 07:15:00,10200.0,700.0,655200.0
68,2021-10-07 07:15:00,10200.0,100.0,654500.0
69,2021-10-07 07:15:00,10200.0,100.0,654400.0
70,2021-10-07 07:15:00,10200.0,1000.0,654300.0
71,2021-10-07 07:15:00,10200.0,100.0,653300.0
72,2021-10-07 07:15:00,10200.0,500.0,653200.0
73,2021-10-07 07:15:00,10200.0,200.0,652700.0
74,2021-10-07 07:15:00,10200.0,500.0,652500.0
75,2021-10-07 07:15:00,10200.0,1000.0,652000.0
76,2021-10-07 07:15:00,10200.0,2000.0,651000.0
77,2021-10-07 07:15:00,10200.0,100.0,649000.0
78,2021-10-07 07:15:00,10200.0,5600.0,648900.0
79,2021-10-07 07:15:00,10250.0,100.0,643300.0
80,2021-10-07 07:15:00,10250.0,1000.0,643200.0
81,2021-10-07 07:15:00,10250.0,1200.0,642200.0
82,2021-10-07 07:15:00,10250.0,2500.0,641000.0
83,2021-10-07 07:14:51,10250.0,1000.0,638500.0
84,2021-10-07 07:12:48,10250.0,200.0,637500.0
85,2021-10-07 07:11:17,10250.0,500.0,637300.0
86,2021-10-07 07:10:59,10250.0,100.0,636800.0
87,2021-10-07 07:10:59,10250.0,100.0,636700.0
88,2021-10-07 07:10:31,10250.0,300.0,636600.0
89,2021-10-07 07:10:31,10250.0,100.0,636300.0
90,2021-10-07 07:10:31,10250.0,5200.0,636200.0
91,2021-10-07 07:09:35,10250.0,100.0,631000.0
92,2021-10-07 07:07:35,10200.0,100.0,630900.0
93,2021-10-07 07:06:02,10250.0,200.0,630800.0
94,2021-10-07 07:05:43,10250.0,1000.0,630600.0
95,2021-10-07 07:05:22,10250.0,200.0,629600.0
96,2021-10-07 07:05:22,10250.0,2300.0,629400.0
97,2021-10-07 07:05:07,10250.0,100.0,627100.0
98,2021-10-07 07:04:33,10250.0,2500.0,627000.0
99,2021-10-07 07:04:33,10250.0,100.0,624500.0
100,2021-10-07 07:04:33,10250.0,100.0,624400.0
101,2021-10-07 07:04:33,10250.0,200.0,624300.0
102,2021-10-07 07:04:33,10250.0,4000.0,624100.0
103,2021-10-07 07:04:33,10250.0,700.0,620100.0
104,2021-10-07 07:04:30,10200.0,700.0,619400.0
105,2021-10-07 07:03:08,10200.0,1900.0,618700.0
106,2021-10-07 07:03:02,10200.0,600.0,616800.0
107,2021-10-07 07:02:46,10200.0,500.0,616200.0
108,2021-10-07 07:02:22,10250.0,100.0,615700.0
109,2021-10-07 07:00:58,10200.0,600.0,615600.0
110,2021-10-07 07:00:58,10200.0,10000.0,615000.0
111,2021-10-07 07:00:58,10200.0,200.0,605000.0
112,2021-10-07 07:00:58,10200.0,100.0,604800.0
113,2021-10-07 07:00:58,10200.0,100.0,604700.0
114,2021-10-07 07:00:58,10200.0,400.0,604600.0
115,2021-10-07 07:00:58,10200.0,10000.0,604200.0
116,2021-10-07 07:00:58,10200.0,1000.0,594200.0
117,2021-10-07 07:00:58,10200.0,100.0,593200.0
118,2021-10-07 07:00:58,10200.0,100.0,593100.0
119,2021-10-07 07:00:58,10200.0,17400.0,593000.0
120,2021-10-07 06:59:12,10200.0,200.0,575600.0
121,2021-10-07 06:59:11,10250.0,200.0,575400.0
122,2021-10-07 06:59:08,10250.0,100.0,575200.0
123,2021-10-07 06:59:04,10250.0,200.0,575100.0
124,2021-10-07 06:58:11,10250.0,100.0,574900.0
125,2021-10-07 06:57:53,10250.0,100.0,574800.0
126,2021-10-07 06:57:37,10200.0,2000.0,574700.0
127,2021-10-07 06:56:33,10200.0,200.0,572700.0
128,2021-10-07 06:54:07,10200.0,200.0,572500.0
129,2021-10-07 06:54:07,10200.0,200.0,572300.0
130,2021-10-07 06:54:07,10200.0,600.0,572100.0
131,2021-10-07 06:52:54,10200.0,400.0,571500.0
132,2021-10-07 06:52:54,10200.0,100.0,571100.0
133,2021-10-07 06:52:49,10200.0,900.0,571000.0
134,2021-10-07 06:52:49,10200.0,100.0,570100.0
135,2021-10-07 06:52:49,10200.0,200.0,570000.0
136,2021-10-07 06:52:49,10200.0,200.0,569800.0
137,2021-10-07 06:52:49,10200.0,3000.0,569600.0
138,2021-10-07 06:52:49,10200.0,400.0,566600.0
139,2021-10-07 06:52:49,10200.0,1000.0,566200.0
140,2021-10-07 06:52:49,10200.0,200.0,565200.0
141,2021-10-07 06:52:49,10200.0,1000.0,565000.0
142,2021-10-07 06:52:49,10200.0,200.0,564000.0
143,2021-10-07 06:52:49,10200.0,500.0,563800.0
144,2021-10-07 06:52:49,10200.0,100.0,563300.0
145,2021-10-07 06:52:49,10200.0,200.0,563200.0
146,2021-10-07 06:52:49,10200.0,500.0,563000.0
147,2021-10-07 06:52:49,10200.0,100.0,562500.0
148,2021-10-07 06:52:49,10200.0,100.0,562400.0
149,2021-10-07 06:52:49,10200.0,500.0,562300.0
150,2021-10-07 06:52:49,10200.0,1000.0,561800.0
151,2021-10-07 06:52:49,10200.0,20000.0,560800.0
152,2021-10-07 06:52:49,10200.0,100.0,540800.0
153,2021-10-07 06:52:49,10200.0,9600.0,540700.0
154,2021-10-07 06:52:49,10250.0,1500.0,531100.0
155,2021-10-07 06:52:49,10250.0,200.0,529600.0
156,2021-10-07 06:52:49,10250.0,200.0,529400.0
157,2021-10-07 06:52:49,10250.0,500.0,529200.0
158,2021-10-07 06:52:49,10250.0,5000.0,528700.0
159,2021-10-07 06:52:49,10250.0,1500.0,523700.0
160,2021-10-07 06:52:49,10250.0,100.0,522200.0
161,2021-10-07 06:52:49,10250.0,200.0,522100.0
162,2021-10-07 06:52:49,10250.0,500.0,521900.0
163,2021-10-07 06:52:49,10250.0,400.0,521400.0
164,2021-10-07 06:51:27,10300.0,100.0,521000.0
165,2021-10-07 06:51:22,10300.0,100.0,520900.0
166,2021-10-07 06:49:39,10300.0,200.0,520800.0
167,2021-10-07 06:44:24,10250.0,300.0,520600.0
168,2021-10-07 06:44:24,10250.0,1700.0,520300.0
169,2021-10-07 06:43:46,10250.0,500.0,518600.0
170,2021-10-07 06:43:27,10250.0,300.0,518100.0
171,2021-10-07 06:43:19,10250.0,100.0,517800.0
172,2021-10-07 06:43:19,10250.0,500.0,517700.0
173,2021-10-07 06:43:19,10250.0,1100.0,517200.0
174,2021-10-07 06:43:19,10250.0,5800.0,516100.0
175,2021-10-07 06:41:10,10200.0,400.0,510300.0
176,2021-10-07 06:41:10,10200.0,1200.0,509900.0
177,2021-10-07 06:40:55,10200.0,8800.0,508700.0
178,2021-10-07 06:40:55,10200.0,100.0,499900.0
179,2021-10-07 06:40:55,10200.0,1000.0,499800.0
180,2021-10-07 06:40:55,10200.0,300.0,498800.0
181,2021-10-07 06:40:55,10200.0,1000.0,498500.0
182,2021-10-07 06:40:55,10200.0,600.0,497500.0
183,2021-10-07 06:40:55,10200.0,300.0,496900.0
184,2021-10-07 06:40:55,10200.0,100.0,496600.0
185,2021-10-07 06:40:55,10200.0,100.0,496500.0
186,2021-10-07 06:40:55,10200.0,20000.0,496400.0
187,2021-10-07 06:40:55,10200.0,200.0,476400.0
188,2021-10-07 06:40:55,10200.0,100.0,476200.0
189,2021-10-07 06:40:55,10200.0,300.0,476100.0
190,2021-10-07 06:40:55,10200.0,500.0,475800.0
191,2021-10-07 06:40:55,10200.0,100.0,475300.0
192,2021-10-07 06:40:55,10200.0,2000.0,475200.0
193,2021-10-07 06:40:55,10200.0,1000.0,473200.0
194,2021-10-07 06:40:55,10200.0,5000.0,472200.0
195,2021-10-07 06:40:55,10200.0,3000.0,467200.0
196,2021-10-07 06:40:55,10200.0,500.0,464200.0
197,2021-10-07 06:40:55,10200.0,200.0,463700.0
198,2021-10-07 06:40:55,10200.0,200.0,463500.0
199,2021-10-07 06:40:55,10200.0,3000.0,463300.0
200,2021-10-07 06:40:55,10200.0,1000.0,460300.0
201,2021-10-07 06:40:55,10200.0,100.0,459300.0
202,2021-10-07 06:40:55,10200.0,2000.0,459200.0
203,2021-10-07 06:40:55,10200.0,500.0,457200.0
204,2021-10-07 06:40:55,10200.0,300.0,456700.0
205,2021-10-07 06:40:55,10200.0,100.0,456400.0
206,2021-10-07 06:40:55,10200.0,200.0,456300.0
207,2021-10-07 06:40:15,10250.0,900.0,456100.0
208,2021-10-07 06:39:43,10250.0,1300.0,455200.0
209,2021-10-07 06:39:26,10250.0,700.0,453900.0
210,2021-10-07 06:39:02,10250.0,2000.0,453200.0
211,2021-10-07 06:38:44,10200.0,400.0,451200.0
212,2021-10-07 06:38:32,10250.0,100.0,450800.0
213,2021-10-07 06:38:32,10250.0,8000.0,450700.0
214,2021-10-07 06:38:32,10250.0,2400.0,442700.0
215,2021-10-07 06:37:55,10250.0,2000.0,440300.0
216,2021-10-07 06:37:54,10250.0,600.0,438300.0
217,2021-10-07 06:37:54,10250.0,1400.0,437700.0
218,2021-10-07 06:37:47,10250.0,700.0,436300.0
219,2021-10-07 06:37:40,10250.0,200.0,435600.0
220,2021-10-07 06:37:40,10250.0,12000.0,435400.0
221,2021-10-07 06:36:24,10250.0,600.0,423400.0
222,2021-10-07 06:36:14,10200.0,400.0,422800.0
223,2021-10-07 06:36:14,10200.0,100.0,422400.0
224,2021-10-07 06:36:14,10200.0,2000.0,422300.0
225,2021-10-07 06:36:13,10250.0,4000.0,420300.0
226,2021-10-07 06:35:30,10250.0,100.0,416300.0
227,2021-10-07 06:33:38,10250.0,100.0,416200.0
228,2021-10-07 06:33:14,10250.0,100.0,416100.0
229,2021-10-07 06:33:01,10250.0,100.0,416000.0
230,2021-10-07 06:33:01,10250.0,200.0,415900.0
231,2021-10-07 06:33:01,10250.0,200.0,415700.0
232,2021-10-07 06:33:01,10250.0,300.0,415500.0
233,2021-10-07 06:32:24,10250.0,700.0,415200.0
234,2021-10-07 06:32:24,10250.0,200.0,414500.0
235,2021-10-07 06:32:24,10250.0,2100.0,414300.0
236,2021-10-07 06:31:54,10250.0,100.0,412200.0
237,2021-10-07 06:31:33,10250.0,200.0,412100.0
238,2021-10-07 06:30:59,10250.0,600.0,411900.0
239,2021-10-07 06:30:45,10250.0,400.0,411300.0
240,2021-10-07 06:29:16,10250.0,4600.0,410900.0
241,2021-10-07 06:29:16,10250.0,200.0,406300.0
242,2021-10-07 06:29:16,10250.0,200.0,406100.0
243,2021-10-07 06:29:00,10250.0,200.0,405900.0
244,2021-10-07 06:29:00,10250.0,1000.0,405700.0
245,2021-10-07 06:29:00,10250.0,1000.0,404700.0
246,2021-10-07 06:29:00,10250.0,10000.0,403700.0
247,2021-10-07 06:29:00,10250.0,5000.0,393700.0
248,2021-10-07 06:29:00,10250.0,1000.0,388700.0
249,2021-10-07 06:29:00,10250.0,300.0,387700.0
250,2021-10-07 06:29:00,10250.0,100.0,387400.0
251,2021-10-07 06:29:00,10250.0,400.0,387300.0
252,2021-10-07 06:29:00,10250.0,1000.0,386900.0
253,2021-10-07 06:28:01,10250.0,200.0,385900.0
254,2021-10-07 06:28:01,10250.0,3000.0,385700.0
255,2021-10-07 06:28:01,10250.0,1000.0,382700.0
256,2021-10-07 06:28:01,10250.0,500.0,381700.0
257,2021-10-07 06:28:01,10250.0,1000.0,381200.0
258,2021-10-07 06:28:01,10250.0,1200.0,380200.0
259,2021-10-07 06:28:01,10250.0,200.0,379000.0
260,2021-10-07 06:28:01,10250.0,1000.0,378800.0
261,2021-10-07 06:28:01,10250.0,1000.0,377800.0
262,2021-10-07 06:28:01,10250.0,100.0,376800.0
263,2021-10-07 06:28:01,10250.0,500.0,376700.0
264,2021-10-07 06:28:01,10250.0,100.0,376200.0
265,2021-10-07 06:28:01,10250.0,100.0,376100.0
266,2021-10-07 06:28:01,10250.0,500.0,376000.0
267,2021-10-07 06:28:01,10250.0,100.0,375500.0
268,2021-10-07 06:28:01,10250.0,100.0,375400.0
269,2021-10-07 06:28:01,10250.0,1000.0,375300.0
270,2021-10-07 06:28:01,10250.0,3000.0,374300.0
271,2021-10-07 06:28:01,10250.0,100.0,371300.0
272,2021-10-07 06:28:01,10250.0,100.0,371200.0
273,2021-10-07 06:28:01,10250.0,5200.0,371100.0
274,2021-10-07 06:26:32,10250.0,100.0,365900.0
275,2021-10-07 06:25:29,10250.0,500.0,365800.0
276,2021-10-07 06:24:50,10250.0,200.0,365300.0
277,2021-10-07 06:24:50,10250.0,100.0,365100.0
278,2021-10-07 06:24:50,10250.0,100.0,365000.0
279,2021-10-07 06:24:50,10250.0,3200.0,364900.0
280,2021-10-07 06:23:33,10250.0,500.0,361700.0
281,2021-10-07 06:23:31,10250.0,1000.0,361200.0
282,2021-10-07 06:23:26,10250.0,300.0,360200.0
283,2021-10-07 06:23:26,10250.0,200.0,359900.0
284,2021-10-07 06:23:22,10250.0,200.0,359700.0
285,2021-10-07 06:23:15,10250.0,500.0,359500.0
286,2021-10-07 06:20:15,10250.0,200.0,359000.0
287,2021-10-07 06:18:51,10250.0,500.0,358800.0
288,2021-10-07 06:17:46,10250.0,100.0,358300.0
289,2021-10-07 06:16:35,10300.0,1000.0,358200.0
290,2021-10-07 06:16:19,10250.0,2000.0,357200.0
291,2021-10-07 06:15:00,10250.0,100.0,355200.0
292,2021-10-07 06:12:46,10250.0,500.0,355100.0
293,2021-10-07 06:12:39,10250.0,3000.0,354600.0
294,2021-10-07 06:12:04,10250.0,2900.0,351600.0
295,2021-10-07 06:12:04,10250.0,2000.0,348700.0
296,2021-10-07 06:12:04,10250.0,1600.0,346700.0
297,2021-10-07 06:11:15,10250.0,400.0,345100.0
298,2021-10-07 06:11:15,10250.0,2600.0,344700.0
299,2021-10-07 06:09:10,10250.0,200.0,342100.0
300,2021-10-07 06:09:03,10300.0,200.0,341900.0
301,2021-10-07 06:06:28,10250.0,200.0,341700.0
302,2021-10-07 06:06:08,10250.0,100.0,341500.0
303,2021-10-07 06:05:20,10250.0,200.0,341400.0
304,2021-10-07 06:05:17,10250.0,200.0,341200.0
305,2021-10-07 06:05:17,10250.0,100.0,341000.0
306,2021-10-07 06:05:17,10250.0,200.0,340900.0
307,2021-10-07 06:03:46,10250.0,800.0,340700.0
308,2021-10-07 06:03:46,10250.0,100.0,339900.0
309,2021-10-07 06:03:46,10250.0,100.0,339800.0
310,2021-10-07 06:00:26,10300.0,500.0,339700.0
311,2021-10-07 06:00:11,10300.0,2000.0,339200.0
312,2021-10-07 06:00:04,10300.0,200.0,337200.0
313,2021-10-07 06:00:04,10300.0,100.0,337000.0
314,2021-10-07 06:00:04,10300.0,200.0,336900.0
315,2021-10-07 06:00:04,10300.0,100.0,336700.0
316,2021-10-07 06:00:04,10300.0,100.0,336600.0
317,2021-10-07 06:00:04,10300.0,3000.0,336500.0
318,2021-10-07 06:00:04,10300.0,100.0,333500.0
319,2021-10-07 06:00:04,10300.0,800.0,333400.0
320,2021-10-07 06:00:01,10300.0,200.0,332600.0
321,2021-10-07 04:28:46,10300.0,100.0,332400.0
322,2021-10-07 04:28:46,10300.0,100.0,332300.0
323,2021-10-07 04:26:59,10300.0,100.0,332200.0
324,2021-10-07 04:26:59,10300.0,100.0,332100.0
325,2021-10-07 04:26:59,10300.0,100.0,332000.0
326,2021-10-07 04:26:59,10300.0,100.0,331900.0
327,2021-10-07 04:26:59,10300.0,100.0,331800.0
328,2021-10-07 04:26:59,10300.0,100.0,331700.0
329,2021-10-07 04:26:44,10300.0,100.0,331600.0
330,2021-10-07 04:26:16,10300.0,100.0,331500.0
331,2021-10-07 04:26:16,10300.0,500.0,331400.0
332,2021-10-07 04:26:16,10300.0,100.0,330900.0
333,2021-10-07 04:26:16,10300.0,100.0,330800.0
334,2021-10-07 04:26:16,10300.0,100.0,330700.0
335,2021-10-07 04:26:16,10300.0,100.0,330600.0
336,2021-10-07 04:23:29,10300.0,100.0,330500.0
337,2021-10-07 04:22:54,10300.0,1500.0,330400.0
338,2021-10-07 04:22:54,10300.0,1000.0,328900.0
339,2021-10-07 04:22:54,10300.0,500.0,327900.0
340,2021-10-07 04:22:44,10300.0,500.0,327400.0
341,2021-10-07 04:22:44,10300.0,1000.0,326900.0
342,2021-10-07 04:22:44,10300.0,300.0,325900.0
343,2021-10-07 04:22:44,10300.0,1000.0,325600.0
344,2021-10-07 04:22:44,10300.0,500.0,324600.0
345,2021-10-07 04:22:44,10300.0,8000.0,324100.0
346,2021-10-07 04:22:44,10300.0,100.0,316100.0
347,2021-10-07 04:22:44,10300.0,1000.0,316000.0
348,2021-10-07 04:22:44,10300.0,100.0,315000.0
349,2021-10-07 04:22:44,10300.0,3000.0,314900.0
350,2021-10-07 04:22:44,10300.0,200.0,311900.0
351,2021-10-07 04:21:10,10300.0,100.0,311700.0
352,2021-10-07 04:21:09,10350.0,500.0,311600.0
353,2021-10-07 04:12:43,10350.0,200.0,311100.0
354,2021-10-07 04:12:24,10350.0,200.0,310900.0
355,2021-10-07 04:12:20,10300.0,500.0,310700.0
356,2021-10-07 04:12:11,10300.0,200.0,310200.0
357,2021-10-07 04:09:32,10300.0,3000.0,310000.0
358,2021-10-07 04:08:24,10300.0,1000.0,307000.0
359,2021-10-07 04:08:24,10300.0,500.0,306000.0
360,2021-10-07 04:08:24,10300.0,200.0,305500.0
361,2021-10-07 04:08:24,10300.0,1000.0,305300.0
362,2021-10-07 04:08:24,10300.0,100.0,304300.0
363,2021-10-07 04:08:24,10300.0,2200.0,304200.0
364,2021-10-07 04:01:44,10300.0,200.0,302000.0
365,2021-10-07 04:01:34,10300.0,2600.0,301800.0
366,2021-10-07 04:01:34,10300.0,400.0,299200.0
367,2021-10-07 04:01:10,10300.0,1500.0,298800.0
368,2021-10-07 04:00:17,10300.0,100.0,297300.0
369,2021-10-07 04:00:17,10300.0,700.0,297200.0
370,2021-10-07 04:00:01,10300.0,300.0,296500.0
371,2021-10-07 03:59:18,10350.0,100.0,296200.0
372,2021-10-07 03:59:08,10300.0,1000.0,296100.0
373,2021-10-07 03:58:40,10250.0,200.0,295100.0
374,2021-10-07 03:58:12,10300.0,800.0,294900.0
375,2021-10-07 03:58:12,10300.0,3000.0,294100.0
376,2021-10-07 03:58:12,10300.0,1000.0,291100.0
377,2021-10-07 03:58:12,10300.0,100.0,290100.0
378,2021-10-07 03:58:12,10300.0,100.0,290000.0
379,2021-10-07 03:58:12,10300.0,200.0,289900.0
380,2021-10-07 03:58:12,10300.0,300.0,289700.0
381,2021-10-07 03:58:12,10300.0,500.0,289400.0
382,2021-10-07 03:58:12,10300.0,100.0,288900.0
383,2021-10-07 03:58:12,10300.0,1300.0,288800.0
384,2021-10-07 03:58:12,10300.0,300.0,287500.0
385,2021-10-07 03:58:12,10300.0,500.0,287200.0
386,2021-10-07 03:58:12,10300.0,2600.0,286700.0
387,2021-10-07 03:58:12,10300.0,3000.0,284100.0
388,2021-10-07 03:58:12,10300.0,10000.0,281100.0
389,2021-10-07 03:58:12,10300.0,5000.0,271100.0
390,2021-10-07 03:58:12,10300.0,800.0,266100.0
391,2021-10-07 03:57:42,10300.0,2000.0,265300.0
392,2021-10-07 03:56:39,10300.0,800.0,263300.0
393,2021-10-07 03:54:57,10300.0,1000.0,262500.0
394,2021-10-07 03:54:07,10300.0,200.0,261500.0
395,2021-10-07 03:53:53,10300.0,100.0,261300.0
396,2021-10-07 03:50:14,10300.0,100.0,261200.0
397,2021-10-07 03:48:38,10300.0,200.0,261100.0
398,2021-10-07 03:48:32,10250.0,9700.0,260900.0
399,2021-10-07 03:48:32,10250.0,300.0,251200.0
400,2021-10-07 03:48:32,10250.0,7400.0,250900.0
401,2021-10-07 03:48:32,10250.0,500.0,243500.0
402,2021-10-07 03:48:32,10250.0,500.0,243000.0
403,2021-10-07 03:48:32,10250.0,1600.0,242500.0
404,2021-10-07 03:39:56,10300.0,100.0,240900.0
405,2021-10-07 03:39:46,10250.0,500.0,240800.0
406,2021-10-07 03:37:48,10250.0,500.0,240300.0
407,2021-10-07 03:37:12,10250.0,500.0,239800.0
408,2021-10-07 03:35:54,10300.0,900.0,239300.0
409,2021-10-07 03:35:16,10300.0,200.0,238400.0
410,2021-10-07 03:33:51,10250.0,100.0,238200.0
411,2021-10-07 03:30:45,10250.0,200.0,238100.0
412,2021-10-07 03:30:35,10250.0,500.0,237900.0
413,2021-10-07 03:30:35,10250.0,100.0,237400.0
414,2021-10-07 03:30:35,10250.0,1000.0,237300.0
415,2021-10-07 03:30:01,10250.0,100.0,236300.0
416,2021-10-07 03:30:01,10250.0,100.0,236200.0
417,2021-10-07 03:29:52,10250.0,100.0,236100.0
418,2021-10-07 03:29:08,10250.0,800.0,236000.0
419,2021-10-07 03:28:50,10250.0,400.0,235200.0
420,2021-10-07 03:28:50,10250.0,1000.0,234800.0
421,2021-10-07 03:28:50,10250.0,200.0,233800.0
422,2021-10-07 03:28:50,10250.0,300.0,233600.0
423,2021-10-07 03:28:43,10250.0,100.0,233300.0
424,2021-10-07 03:28:33,10250.0,1100.0,233200.0
425,2021-10-07 03:28:33,10250.0,600.0,232100.0
426,2021-10-07 03:28:23,10250.0,300.0,231500.0
427,2021-10-07 03:25:42,10250.0,100.0,231200.0
428,2021-10-07 03:25:32,10200.0,300.0,231100.0
429,2021-10-07 03:25:32,10200.0,100.0,230800.0
430,2021-10-07 03:25:32,10200.0,100.0,230700.0
431,2021-10-07 03:25:04,10200.0,300.0,230600.0
432,2021-10-07 03:25:04,10200.0,1000.0,230300.0
433,2021-10-07 03:25:04,10200.0,100.0,229300.0
434,2021-10-07 03:25:04,10200.0,100.0,229200.0
435,2021-10-07 03:25:04,10200.0,1300.0,229100.0
436,2021-10-07 03:23:53,10250.0,1000.0,227800.0
437,2021-10-07 03:23:36,10250.0,200.0,226800.0
438,2021-10-07 03:23:36,10250.0,2000.0,226600.0
439,2021-10-07 03:23:36,10250.0,300.0,224600.0
440,2021-10-07 03:23:36,10250.0,500.0,224300.0
441,2021-10-07 03:23:25,10250.0,500.0,223800.0
442,2021-10-07 03:23:25,10250.0,500.0,223300.0
443,2021-10-07 03:23:23,10250.0,1000.0,222800.0
444,2021-10-07 03:20:15,10250.0,1500.0,221800.0
445,2021-10-07 03:20:15,10250.0,1500.0,220300.0
446,2021-10-07 03:19:15,10250.0,200.0,218800.0
447,2021-10-07 03:19:15,10250.0,2000.0,218600.0
448,2021-10-07 03:19:15,10250.0,1300.0,216600.0
449,2021-10-07 03:18:46,10250.0,200.0,215300.0
450,2021-10-07 03:18:46,10250.0,100.0,215100.0
451,2021-10-07 03:18:46,10250.0,900.0,215000.0
452,2021-10-07 03:18:46,10250.0,3800.0,214100.0
453,2021-10-07 03:18:46,10250.0,200.0,210300.0
454,2021-10-07 03:18:01,10250.0,1100.0,210100.0
455,2021-10-07 03:18:01,10250.0,2000.0,209000.0
456,2021-10-07 03:18:01,10250.0,2000.0,207000.0
457,2021-10-07 03:18:01,10250.0,500.0,205000.0
458,2021-10-07 03:18:01,10250.0,1000.0,204500.0
459,2021-10-07 03:18:01,10250.0,200.0,203500.0
460,2021-10-07 03:18:01,10250.0,2000.0,203300.0
461,2021-10-07 03:18:01,10250.0,200.0,201300.0
462,2021-10-07 03:18:01,10250.0,2000.0,201100.0
463,2021-10-07 03:18:01,10250.0,2000.0,199100.0
464,2021-10-07 03:18:01,10250.0,3000.0,197100.0
465,2021-10-07 03:16:39,10250.0,100.0,194100.0
466,2021-10-07 03:16:03,10250.0,1000.0,194000.0
467,2021-10-07 03:15:14,10250.0,700.0,193000.0
468,2021-10-07 03:14:11,10250.0,100.0,192300.0
469,2021-10-07 03:13:37,10250.0,200.0,192200.0
470,2021-10-07 03:13:37,10250.0,700.0,192000.0
471,2021-10-07 03:12:50,10300.0,100.0,191300.0
472,2021-10-07 03:12:36,10250.0,100.0,191200.0
473,2021-10-07 03:11:55,10250.0,300.0,191100.0
474,2021-10-07 03:11:32,10250.0,500.0,190800.0
475,2021-10-07 03:11:30,10250.0,100.0,190300.0
476,2021-10-07 03:11:18,10250.0,300.0,190200.0
477,2021-10-07 03:11:18,10250.0,200.0,189900.0
478,2021-10-07 03:10:16,10250.0,100.0,189700.0
479,2021-10-07 03:09:19,10250.0,200.0,189600.0
480,2021-10-07 03:09:07,10250.0,1000.0,189400.0
481,2021-10-07 03:08:09,10250.0,100.0,188400.0
482,2021-10-07 03:07:21,10250.0,500.0,188300.0
483,2021-10-07 03:07:11,10300.0,800.0,187800.0
484,2021-10-07 03:07:11,10300.0,100.0,187000.0
485,2021-10-07 03:07:11,10300.0,100.0,186900.0
486,2021-10-07 03:06:22,10250.0,3400.0,186800.0
487,2021-10-07 03:06:22,10250.0,2500.0,183400.0
488,2021-10-07 03:06:22,10250.0,100.0,180900.0
489,2021-10-07 03:05:26,10250.0,500.0,180800.0
490,2021-10-07 03:05:17,10250.0,1500.0,180300.0
491,2021-10-07 03:05:00,10250.0,400.0,178800.0
492,2021-10-07 03:04:56,10250.0,200.0,178400.0
493,2021-10-07 03:04:36,10250.0,200.0,178200.0
494,2021-10-07 03:04:36,10250.0,500.0,178000.0
495,2021-10-07 03:04:36,10250.0,200.0,177500.0
496,2021-10-07 03:04:36,10250.0,1500.0,177300.0
497,2021-10-07 03:04:36,10250.0,5500.0,175800.0
498,2021-10-07 03:04:36,10250.0,1000.0,170300.0
499,2021-10-07 03:04:36,10250.0,1400.0,169300.0
500,2021-10-07 03:03:48,10250.0,1000.0,167900.0
501,2021-10-07 03:03:05,10250.0,5000.0,166900.0
502,2021-10-07 03:02:40,10200.0,2700.0,161900.0
503,2021-10-07 03:02:26,10250.0,1000.0,159200.0
504,2021-10-07 03:02:03,10250.0,100.0,158200.0
505,2021-10-07 03:01:15,10250.0,300.0,158100.0
506,2021-10-07 03:01:12,10250.0,4800.0,157800.0
507,2021-10-07 03:01:04,10250.0,200.0,153000.0
508,2021-10-07 03:00:11,10250.0,3000.0,152800.0
509,2021-10-07 02:59:53,10250.0,100.0,149800.0
510,2021-10-07 02:59:37,10250.0,500.0,149700.0
511,2021-10-07 02:59:36,10200.0,100.0,149200.0
512,2021-10-07 02:58:32,10250.0,100.0,149100.0
513,2021-10-07 02:57:42,10250.0,500.0,149000.0
514,2021-10-07 02:57:35,10250.0,100.0,148500.0
515,2021-10-07 02:57:05,10250.0,1900.0,148400.0
516,2021-10-07 02:56:31,10250.0,100.0,146500.0
517,2021-10-07 02:56:31,10250.0,3000.0,146400.0
518,2021-10-07 02:55:47,10250.0,2000.0,143400.0
519,2021-10-07 02:54:16,10250.0,100.0,141400.0
520,2021-10-07 02:53:32,10250.0,100.0,141300.0
521,2021-10-07 02:52:41,10250.0,200.0,141200.0
522,2021-10-07 02:52:30,10250.0,300.0,141000.0
523,2021-10-07 02:52:30,10250.0,200.0,140700.0
524,2021-10-07 02:52:27,10200.0,400.0,140500.0
525,2021-10-07 02:52:27,10200.0,100.0,140100.0
526,2021-10-07 02:52:27,10200.0,200.0,140000.0
527,2021-10-07 02:52:27,10200.0,500.0,139800.0
528,2021-10-07 02:52:27,10200.0,4100.0,139300.0
529,2021-10-07 02:51:08,10250.0,100.0,135200.0
530,2021-10-07 02:51:08,10250.0,300.0,135100.0
531,2021-10-07 02:50:56,10250.0,700.0,134800.0
532,2021-10-07 02:50:56,10250.0,2000.0,134100.0
533,2021-10-07 02:50:56,10250.0,500.0,132100.0
534,2021-10-07 02:50:56,10250.0,200.0,131600.0
535,2021-10-07 02:50:40,10250.0,800.0,131400.0
536,2021-10-07 02:50:40,10250.0,300.0,130600.0
537,2021-10-07 02:50:40,10250.0,1000.0,130300.0
538,2021-10-07 02:50:40,10250.0,1000.0,129300.0
539,2021-10-07 02:50:40,10250.0,300.0,128300.0
540,2021-10-07 02:50:21,10250.0,500.0,128000.0
541,2021-10-07 02:49:53,10250.0,200.0,127500.0
542,2021-10-07 02:49:53,10250.0,500.0,127300.0
543,2021-10-07 02:49:53,10250.0,300.0,126800.0
544,2021-10-07 02:48:45,10250.0,700.0,126500.0
545,2021-10-07 02:48:45,10250.0,200.0,125800.0
546,2021-10-07 02:48:45,10250.0,500.0,125600.0
547,2021-10-07 02:48:45,10250.0,800.0,125100.0
548,2021-10-07 02:48:45,10250.0,2800.0,124300.0
549,2021-10-07 02:47:49,10300.0,100.0,121500.0
550,2021-10-07 02:47:49,10300.0,200.0,121400.0
551,2021-10-07 02:46:25,10300.0,700.0,121200.0
552,2021-10-07 02:46:25,10300.0,300.0,120500.0
553,2021-10-07 02:43:38,10300.0,1000.0,120200.0
554,2021-10-07 02:42:33,10250.0,500.0,119200.0
555,2021-10-07 02:42:19,10250.0,100.0,118700.0
556,2021-10-07 02:42:15,10250.0,100.0,118600.0
557,2021-10-07 02:41:45,10250.0,1500.0,118500.0
558,2021-10-07 02:40:56,10250.0,1000.0,117000.0
559,2021-10-07 02:40:54,10250.0,100.0,116000.0
560,2021-10-07 02:40:53,10250.0,500.0,115900.0
561,2021-10-07 02:40:53,10250.0,300.0,115400.0
562,2021-10-07 02:40:23,10250.0,100.0,115100.0
563,2021-10-07 02:39:51,10250.0,100.0,115000.0
564,2021-10-07 02:38:40,10250.0,400.0,114900.0
565,2021-10-07 02:38:40,10250.0,500.0,114500.0
566,2021-10-07 02:38:40,10250.0,2000.0,114000.0
567,2021-10-07 02:38:40,10250.0,1000.0,112000.0
568,2021-10-07 02:38:40,10250.0,1100.0,111000.0
569,2021-10-07 02:38:39,10250.0,1000.0,109900.0
570,2021-10-07 02:38:29,10250.0,100.0,108900.0
571,2021-10-07 02:38:26,10250.0,100.0,108800.0
572,2021-10-07 02:38:14,10250.0,5000.0,108700.0
573,2021-10-07 02:37:41,10250.0,300.0,103700.0
574,2021-10-07 02:37:26,10250.0,2500.0,103400.0
575,2021-10-07 02:37:20,10250.0,7900.0,100900.0
576,2021-10-07 02:37:20,10250.0,200.0,93000.0
577,2021-10-07 02:37:20,10250.0,500.0,92800.0
578,2021-10-07 02:37:20,10250.0,1400.0,92300.0
579,2021-10-07 02:36:27,10250.0,4100.0,90900.0
580,2021-10-07 02:35:33,10200.0,200.0,86800.0
581,2021-10-07 02:34:01,10200.0,100.0,86600.0
582,2021-10-07 02:33:00,10250.0,1000.0,86500.0
583,2021-10-07 02:32:46,10200.0,700.0,85500.0
584,2021-10-07 02:31:58,10200.0,4900.0,84800.0
585,2021-10-07 02:31:58,10200.0,100.0,79900.0
586,2021-10-07 02:31:58,10200.0,2000.0,79800.0
587,2021-10-07 02:31:57,10250.0,1000.0,77800.0
588,2021-10-07 02:31:18,10250.0,1000.0,76800.0
589,2021-10-07 02:31:18,10250.0,1000.0,75800.0
590,2021-10-07 02:31:18,10250.0,500.0,74800.0
591,2021-10-07 02:28:23,10300.0,1000.0,74300.0
592,2021-10-07 02:28:23,10300.0,100.0,73300.0
593,2021-10-07 02:28:23,10300.0,500.0,73200.0
594,2021-10-07 02:28:23,10300.0,200.0,72700.0
595,2021-10-07 02:28:23,10300.0,1900.0,72500.0
596,2021-10-07 02:28:21,10300.0,1000.0,70600.0
597,2021-10-07 02:28:20,10300.0,2100.0,69600.0
598,2021-10-07 02:28:20,10300.0,100.0,67500.0
599,2021-10-07 02:28:20,10300.0,400.0,67400.0
600,2021-10-07 02:27:12,10350.0,500.0,67000.0
601,2021-10-07 02:27:12,10350.0,2500.0,66500.0
602,2021-10-07 02:27:12,10350.0,1000.0,64000.0
603,2021-10-07 02:27:12,10350.0,3000.0,63000.0
604,2021-10-07 02:27:12,10350.0,2000.0,60000.0
605,2021-10-07 02:27:12,10350.0,100.0,58000.0
606,2021-10-07 02:27:12,10350.0,100.0,57900.0
607,2021-10-07 02:27:12,10350.0,1000.0,57800.0
608,2021-10-07 02:27:12,10350.0,200.0,56800.0
609,2021-10-07 02:27:12,10350.0,2000.0,56600.0
610,2021-10-07 02:27:12,10350.0,5000.0,54600.0
611,2021-10-07 02:27:12,10350.0,600.0,49600.0
612,2021-10-07 02:27:12,10350.0,2000.0,49000.0
613,2021-10-07 02:27:12,10350.0,2000.0,47000.0
614,2021-10-07 02:27:12,10350.0,9800.0,45000.0
615,2021-10-07 02:26:53,10350.0,200.0,35200.0
616,2021-10-07 02:26:24,10350.0,1000.0,35000.0
617,2021-10-07 02:26:22,10350.0,500.0,34000.0
618,2021-10-07 02:26:12,10350.0,100.0,33500.0
619,2021-10-07 02:25:56,10350.0,200.0,33400.0
620,2021-10-07 02:25:40,10350.0,1700.0,33200.0
621,2021-10-07 02:24:25,10350.0,1300.0,31500.0
622,2021-10-07 02:24:07,10350.0,200.0,30200.0
623,2021-10-07 02:24:07,10350.0,300.0,30000.0
624,2021-10-07 02:23:32,10350.0,300.0,29700.0
625,2021-10-07 02:23:32,10350.0,1000.0,29400.0
626,2021-10-07 02:23:25,10350.0,100.0,28400.0
627,2021-10-07 02:23:05,10350.0,100.0,28300.0
628,2021-10-07 02:23:05,10350.0,300.0,28200.0
629,2021-10-07 02:23:05,10350.0,600.0,27900.0
630,2021-10-07 02:22:42,10350.0,400.0,27300.0
631,2021-10-07 02:21:28,10350.0,100.0,26900.0
632,2021-10-07 02:21:22,10350.0,100.0,26800.0
633,2021-10-07 02:21:13,10350.0,800.0,26700.0
634,2021-10-07 02:18:26,10350.0,100.0,25900.0
635,2021-10-07 02:18:23,10350.0,100.0,25800.0
636,2021-10-07 02:17:50,10350.0,200.0,25700.0
637,2021-10-07 02:17:50,10350.0,300.0,25500.0
638,2021-10-07 02:16:44,10350.0,800.0,25200.0
639,2021-10-07 02:16:41,10400.0,1000.0,24400.0
640,2021-10-07 02:16:35,10350.0,900.0,23400.0
641,2021-10-07 02:16:19,10400.0,1000.0,22500.0
642,2021-10-07 02:16:16,10400.0,100.0,21500.0
643,2021-10-07 02:15:43,10400.0,100.0,21400.0
644,2021-10-07 02:15:15,10400.0,1000.0,21300.0
645,2021-10-07 02:15:03,10400.0,500.0,20300.0
646,2021-10-07 02:15:03,10400.0,400.0,19800.0
647,2021-10-07 02:15:03,10400.0,2000.0,19400.0
648,2021-10-07 02:15:03,10400.0,2100.0,17400.0
649,2021-10-07 02:15:00,10400.0,1000.0,15300.0
650,2021-10-07 02:15:00,10400.0,1400.0,14300.0
651,2021-10-07 02:15:00,10400.0,1600.0,12900.0
652,2021-10-07 02:15:00,10400.0,1400.0,11300.0
653,2021-10-07 02:15:00,10400.0,500.0,9900.0
654,2021-10-07 02:15:00,10400.0,200.0,9400.0
655,2021-10-07 02:15:00,10400.0,300.0,9200.0
656,2021-10-07 02:15:00,10400.0,900.0,8900.0
657,2021-10-07 02:15:00,10400.0,600.0,8000.0
658,2021-10-07 02:15:00,10400.0,200.0,7400.0
659,2021-10-07 02:15:00,10400.0,900.0,7200.0
660,2021-10-07 02:15:00,10400.0,1100.0,6300.0
661,2021-10-07 02:15:00,10400.0,3900.0,5200.0
662,2021-10-07 02:15:00,10400.0,300.0,1300.0
663,2021-10-07 02:15:00,10400.0,800.0,1000.0
664,2021-10-07 02:15:00,10400.0,200.0,200.0
