,Time,Price,Volume_per_trade,Volume
0,2021-10-11 14:45:03,17000.0,6600.0,311721.0
1,2021-10-11 14:29:47,16800.0,3000.0,305121.0
2,2021-10-11 14:27:24,16800.0,1000.0,302121.0
3,2021-10-11 14:27:16,16900.0,300.0,301121.0
4,2021-10-11 14:26:43,16900.0,100.0,300821.0
5,2021-10-11 14:26:31,16900.0,1000.0,300721.0
6,2021-10-11 14:25:46,16900.0,100.0,299721.0
7,2021-10-11 14:24:58,16900.0,100.0,299621.0
8,2021-10-11 14:24:42,16900.0,4000.0,299521.0
9,2021-10-11 14:24:25,16900.0,1.0,295521.0
10,2021-10-11 14:22:09,16900.0,1500.0,295520.0
11,2021-10-11 14:20:56,16900.0,3000.0,294020.0
12,2021-10-11 14:20:00,17000.0,300.0,291020.0
13,2021-10-11 14:19:42,17000.0,100.0,290720.0
14,2021-10-11 14:18:57,16900.0,30.0,290620.0
15,2021-10-11 14:18:50,16900.0,500.0,290590.0
16,2021-10-11 14:18:41,16900.0,300.0,290090.0
17,2021-10-11 14:18:24,16900.0,1000.0,289790.0
18,2021-10-11 14:18:18,16900.0,1000.0,288790.0
19,2021-10-11 14:16:03,16900.0,700.0,287790.0
20,2021-10-11 14:15:54,16900.0,100.0,287090.0
21,2021-10-11 14:15:51,16900.0,500.0,286990.0
22,2021-10-11 14:15:48,16900.0,500.0,286490.0
23,2021-10-11 14:15:43,16900.0,1000.0,285990.0
24,2021-10-11 14:15:26,16900.0,1000.0,284990.0
25,2021-10-11 14:15:05,16900.0,1200.0,283990.0
26,2021-10-11 14:14:25,16900.0,1000.0,282790.0
27,2021-10-11 14:13:29,16900.0,1000.0,281790.0
28,2021-10-11 14:12:42,16900.0,200.0,280790.0
29,2021-10-11 14:11:50,16800.0,100.0,280590.0
30,2021-10-11 14:11:48,16900.0,2800.0,280490.0
31,2021-10-11 14:11:37,16900.0,1000.0,277690.0
32,2021-10-11 14:10:57,17000.0,1000.0,276690.0
33,2021-10-11 14:09:36,17000.0,500.0,275690.0
34,2021-10-11 14:09:09,17000.0,1000.0,275190.0
35,2021-10-11 14:05:27,17000.0,8200.0,274190.0
36,2021-10-11 14:04:44,17000.0,500.0,265990.0
37,2021-10-11 14:04:10,16900.0,300.0,265490.0
38,2021-10-11 14:04:05,16900.0,500.0,265190.0
39,2021-10-11 14:04:03,16900.0,4000.0,264690.0
40,2021-10-11 14:03:36,16900.0,500.0,260690.0
41,2021-10-11 14:03:04,16900.0,1000.0,260190.0
42,2021-10-11 14:02:46,16900.0,2000.0,259190.0
43,2021-10-11 14:00:38,16900.0,3000.0,257190.0
44,2021-10-11 14:00:25,16800.0,200.0,254190.0
45,2021-10-11 14:00:04,16900.0,100.0,253990.0
46,2021-10-11 13:58:49,16900.0,1000.0,253890.0
47,2021-10-11 13:57:49,16900.0,2000.0,252890.0
48,2021-10-11 13:57:17,16800.0,2000.0,250890.0
49,2021-10-11 13:57:10,16900.0,200.0,248890.0
50,2021-10-11 13:56:38,16900.0,200.0,248690.0
51,2021-10-11 13:55:38,16900.0,3400.0,248490.0
52,2021-10-11 13:54:41,16900.0,100.0,245090.0
53,2021-10-11 13:54:01,16900.0,4500.0,244990.0
54,2021-10-11 13:53:06,16900.0,200.0,240490.0
55,2021-10-11 13:52:42,16900.0,1900.0,240290.0
56,2021-10-11 13:50:44,16900.0,200.0,238390.0
57,2021-10-11 13:49:14,16900.0,1000.0,238190.0
58,2021-10-11 13:48:34,16900.0,1000.0,237190.0
59,2021-10-11 13:46:42,16900.0,400.0,236190.0
60,2021-10-11 13:46:16,16900.0,700.0,235790.0
61,2021-10-11 13:45:45,16900.0,500.0,235090.0
62,2021-10-11 13:43:54,16800.0,2200.0,234590.0
63,2021-10-11 13:42:38,16800.0,1000.0,232390.0
64,2021-10-11 13:42:10,16800.0,200.0,231390.0
65,2021-10-11 13:41:57,16800.0,4500.0,231190.0
66,2021-10-11 13:41:50,16900.0,400.0,226690.0
67,2021-10-11 13:41:00,16900.0,400.0,226290.0
68,2021-10-11 13:39:58,16900.0,1900.0,225890.0
69,2021-10-11 13:39:12,16900.0,12000.0,223990.0
70,2021-10-11 13:36:27,16900.0,100.0,211990.0
71,2021-10-11 13:35:56,16900.0,700.0,211890.0
72,2021-10-11 13:35:21,17000.0,100.0,211190.0
73,2021-10-11 13:34:03,17000.0,400.0,211090.0
74,2021-10-11 13:32:13,17000.0,500.0,210690.0
75,2021-10-11 13:30:38,17000.0,200.0,210190.0
76,2021-10-11 13:28:10,17000.0,100.0,209990.0
77,2021-10-11 13:25:35,17000.0,7.0,209890.0
78,2021-10-11 13:25:32,17000.0,100.0,209883.0
79,2021-10-11 13:25:00,17000.0,100.0,209783.0
80,2021-10-11 13:21:27,17000.0,300.0,209683.0
81,2021-10-11 13:19:51,17000.0,500.0,209383.0
82,2021-10-11 13:19:40,17000.0,1600.0,208883.0
83,2021-10-11 13:18:33,17000.0,300.0,207283.0
84,2021-10-11 13:17:31,16900.0,4000.0,206983.0
85,2021-10-11 13:16:34,16900.0,500.0,202983.0
86,2021-10-11 13:16:15,16900.0,300.0,202483.0
87,2021-10-11 13:16:10,16900.0,400.0,202183.0
88,2021-10-11 13:15:53,16900.0,100.0,201783.0
89,2021-10-11 13:15:52,16900.0,300.0,201683.0
90,2021-10-11 13:15:21,16900.0,300.0,201383.0
91,2021-10-11 13:15:14,16800.0,100.0,201083.0
92,2021-10-11 13:14:12,16800.0,1700.0,200983.0
93,2021-10-11 13:14:09,16900.0,100.0,199283.0
94,2021-10-11 13:13:44,16900.0,100.0,199183.0
95,2021-10-11 13:13:42,16900.0,5500.0,199083.0
96,2021-10-11 13:13:21,16900.0,5000.0,193583.0
97,2021-10-11 13:13:12,17000.0,600.0,188583.0
98,2021-10-11 13:11:56,16900.0,5000.0,187983.0
99,2021-10-11 13:09:40,17000.0,2300.0,182983.0
100,2021-10-11 13:08:29,17000.0,400.0,180683.0
101,2021-10-11 13:07:54,17000.0,500.0,180283.0
102,2021-10-11 13:05:18,17000.0,1900.0,179783.0
103,2021-10-11 13:04:49,17000.0,400.0,177883.0
104,2021-10-11 13:04:39,17000.0,4100.0,177483.0
105,2021-10-11 13:02:10,17000.0,500.0,173383.0
106,2021-10-11 13:00:21,17000.0,100.0,172883.0
107,2021-10-11 13:00:09,17000.0,100.0,172783.0
108,2021-10-11 13:00:03,17000.0,500.0,172683.0
109,2021-10-11 11:28:35,17000.0,500.0,172183.0
110,2021-10-11 11:27:57,17000.0,200.0,171683.0
111,2021-10-11 11:27:52,17000.0,100.0,171483.0
112,2021-10-11 11:27:07,17000.0,200.0,171383.0
113,2021-10-11 11:26:40,17000.0,500.0,171183.0
114,2021-10-11 11:26:12,17000.0,1000.0,170683.0
115,2021-10-11 11:26:08,17000.0,1000.0,169683.0
116,2021-10-11 11:25:49,17000.0,2700.0,168683.0
117,2021-10-11 11:24:02,17000.0,4000.0,165983.0
118,2021-10-11 11:24:00,17000.0,200.0,161983.0
119,2021-10-11 11:23:56,17000.0,1000.0,161783.0
120,2021-10-11 11:23:25,17000.0,2000.0,160783.0
121,2021-10-11 11:23:06,17000.0,100.0,158783.0
122,2021-10-11 11:23:04,17000.0,2000.0,158683.0
123,2021-10-11 11:21:26,17000.0,200.0,156683.0
124,2021-10-11 11:20:06,17000.0,700.0,156483.0
125,2021-10-11 11:17:25,17000.0,1000.0,155783.0
126,2021-10-11 11:17:21,17000.0,400.0,154783.0
127,2021-10-11 11:17:01,17000.0,100.0,154383.0
128,2021-10-11 11:15:34,17000.0,100.0,154283.0
129,2021-10-11 11:15:32,17100.0,1000.0,154183.0
130,2021-10-11 11:14:56,17000.0,2000.0,153183.0
131,2021-10-11 11:10:25,17000.0,300.0,151183.0
132,2021-10-11 11:05:13,17000.0,100.0,150883.0
133,2021-10-11 11:01:58,17100.0,4000.0,150783.0
134,2021-10-11 10:59:35,17100.0,100.0,146783.0
135,2021-10-11 10:56:11,17100.0,5300.0,146683.0
136,2021-10-11 10:55:11,17000.0,100.0,141383.0
137,2021-10-11 10:51:43,17000.0,500.0,141283.0
138,2021-10-11 10:46:56,17000.0,1700.0,140783.0
139,2021-10-11 10:46:45,17000.0,7.0,139083.0
140,2021-10-11 10:45:58,17000.0,2000.0,139076.0
141,2021-10-11 10:45:45,17000.0,11.0,137076.0
142,2021-10-11 10:44:30,17000.0,2000.0,137065.0
143,2021-10-11 10:44:10,17000.0,300.0,135065.0
144,2021-10-11 10:44:03,17000.0,500.0,134765.0
145,2021-10-11 10:43:52,17000.0,100.0,134265.0
146,2021-10-11 10:40:19,16900.0,700.0,134165.0
147,2021-10-11 10:40:11,16900.0,700.0,133465.0
148,2021-10-11 10:38:28,16900.0,1000.0,132765.0
149,2021-10-11 10:37:00,16900.0,200.0,131765.0
150,2021-10-11 10:34:20,16900.0,44.0,131565.0
151,2021-10-11 10:32:40,16900.0,1000.0,131521.0
152,2021-10-11 10:31:15,17000.0,500.0,130521.0
153,2021-10-11 10:31:12,17000.0,100.0,130021.0
154,2021-10-11 10:28:29,17000.0,1000.0,129921.0
155,2021-10-11 10:28:27,17000.0,500.0,128921.0
156,2021-10-11 10:26:17,17000.0,300.0,128421.0
157,2021-10-11 10:24:29,16900.0,100.0,128121.0
158,2021-10-11 10:21:53,16900.0,1700.0,128021.0
159,2021-10-11 10:20:19,16900.0,1000.0,126321.0
160,2021-10-11 10:19:32,17000.0,1000.0,125321.0
161,2021-10-11 10:18:29,17000.0,2700.0,124321.0
162,2021-10-11 10:17:53,17000.0,1300.0,121621.0
163,2021-10-11 10:17:01,17000.0,600.0,120321.0
164,2021-10-11 10:16:42,17000.0,21.0,119721.0
165,2021-10-11 10:14:56,17000.0,1800.0,119700.0
166,2021-10-11 10:14:51,17000.0,3000.0,117900.0
167,2021-10-11 10:14:29,17000.0,300.0,114900.0
168,2021-10-11 10:14:20,17000.0,1000.0,114600.0
169,2021-10-11 10:12:44,17000.0,500.0,113600.0
170,2021-10-11 10:12:37,17000.0,100.0,113100.0
171,2021-10-11 10:12:25,17000.0,3000.0,113000.0
172,2021-10-11 10:10:42,17000.0,300.0,110000.0
173,2021-10-11 10:10:19,17000.0,1000.0,109700.0
174,2021-10-11 10:05:35,17000.0,500.0,108700.0
175,2021-10-11 10:04:19,16800.0,5200.0,108200.0
176,2021-10-11 09:56:51,17300.0,200.0,103000.0
177,2021-10-11 09:56:01,17300.0,500.0,102800.0
178,2021-10-11 09:55:05,17300.0,300.0,102300.0
179,2021-10-11 09:53:55,17100.0,300.0,102000.0
180,2021-10-11 09:53:26,17000.0,300.0,101700.0
181,2021-10-11 09:53:09,16900.0,100.0,101400.0
182,2021-10-11 09:53:08,17000.0,100.0,101300.0
183,2021-10-11 09:52:57,17000.0,1100.0,101200.0
184,2021-10-11 09:52:26,17000.0,200.0,100100.0
185,2021-10-11 09:51:58,17000.0,500.0,99900.0
186,2021-10-11 09:51:48,16900.0,400.0,99400.0
187,2021-10-11 09:51:35,16900.0,1000.0,99000.0
188,2021-10-11 09:51:01,16900.0,100.0,98000.0
189,2021-10-11 09:50:46,16900.0,600.0,97900.0
190,2021-10-11 09:48:54,16900.0,800.0,97300.0
191,2021-10-11 09:48:52,16900.0,500.0,96500.0
192,2021-10-11 09:48:04,16900.0,100.0,96000.0
193,2021-10-11 09:46:55,16900.0,2900.0,95900.0
194,2021-10-11 09:46:54,16900.0,2000.0,93000.0
195,2021-10-11 09:46:47,16900.0,500.0,91000.0
196,2021-10-11 09:45:42,16900.0,300.0,90500.0
197,2021-10-11 09:45:23,16900.0,7300.0,90200.0
198,2021-10-11 09:44:27,16900.0,500.0,82900.0
199,2021-10-11 09:43:46,16900.0,1000.0,82400.0
200,2021-10-11 09:43:39,16900.0,1000.0,81400.0
201,2021-10-11 09:43:35,16900.0,300.0,80400.0
202,2021-10-11 09:43:32,16900.0,300.0,80100.0
203,2021-10-11 09:43:23,16900.0,1000.0,79800.0
204,2021-10-11 09:43:21,16900.0,200.0,78800.0
205,2021-10-11 09:43:16,16900.0,2700.0,78600.0
206,2021-10-11 09:42:58,16900.0,500.0,75900.0
207,2021-10-11 09:42:54,16900.0,200.0,75400.0
208,2021-10-11 09:42:35,16900.0,300.0,75200.0
209,2021-10-11 09:42:30,16800.0,3000.0,74900.0
210,2021-10-11 09:42:01,16800.0,1000.0,71900.0
211,2021-10-11 09:41:11,16800.0,2000.0,70900.0
212,2021-10-11 09:40:51,16800.0,1000.0,68900.0
213,2021-10-11 09:40:34,16800.0,700.0,67900.0
214,2021-10-11 09:40:25,16900.0,1000.0,67200.0
215,2021-10-11 09:40:24,16900.0,500.0,66200.0
216,2021-10-11 09:40:14,16900.0,200.0,65700.0
217,2021-10-11 09:40:11,16900.0,500.0,65500.0
218,2021-10-11 09:39:52,16900.0,400.0,65000.0
219,2021-10-11 09:39:33,16900.0,1200.0,64600.0
220,2021-10-11 09:39:11,16900.0,4100.0,63400.0
221,2021-10-11 09:38:37,16900.0,400.0,59300.0
222,2021-10-11 09:38:08,16900.0,100.0,58900.0
223,2021-10-11 09:37:46,16900.0,100.0,58800.0
224,2021-10-11 09:37:43,16900.0,500.0,58700.0
225,2021-10-11 09:37:38,17000.0,200.0,58200.0
226,2021-10-11 09:37:22,16900.0,300.0,58000.0
227,2021-10-11 09:36:59,17000.0,100.0,57700.0
228,2021-10-11 09:36:48,17000.0,400.0,57600.0
229,2021-10-11 09:36:39,17000.0,5000.0,57200.0
230,2021-10-11 09:35:37,17000.0,7800.0,52200.0
231,2021-10-11 09:34:41,17200.0,900.0,44400.0
232,2021-10-11 09:33:09,17200.0,800.0,43500.0
233,2021-10-11 09:33:08,17200.0,500.0,42700.0
234,2021-10-11 09:32:57,17200.0,1500.0,42200.0
235,2021-10-11 09:32:30,17200.0,3000.0,40700.0
236,2021-10-11 09:32:13,17300.0,600.0,37700.0
237,2021-10-11 09:31:46,17200.0,900.0,37100.0
238,2021-10-11 09:31:32,17200.0,300.0,36200.0
239,2021-10-11 09:31:21,17200.0,300.0,35900.0
240,2021-10-11 09:31:08,17200.0,200.0,35600.0
241,2021-10-11 09:30:09,17200.0,300.0,35400.0
242,2021-10-11 09:30:08,17300.0,100.0,35100.0
243,2021-10-11 09:29:58,17200.0,1900.0,35000.0
244,2021-10-11 09:29:36,17200.0,1000.0,33100.0
245,2021-10-11 09:29:04,17300.0,300.0,32100.0
246,2021-10-11 09:28:33,17300.0,2000.0,31800.0
247,2021-10-11 09:28:28,17300.0,300.0,29800.0
248,2021-10-11 09:28:27,17300.0,300.0,29500.0
249,2021-10-11 09:27:45,17300.0,100.0,29200.0
250,2021-10-11 09:27:38,17300.0,100.0,29100.0
251,2021-10-11 09:27:20,17300.0,100.0,29000.0
252,2021-10-11 09:26:53,17300.0,500.0,28900.0
253,2021-10-11 09:26:14,17300.0,500.0,28400.0
254,2021-10-11 09:25:57,17300.0,500.0,27900.0
255,2021-10-11 09:25:42,17200.0,200.0,27400.0
256,2021-10-11 09:25:17,17300.0,300.0,27200.0
257,2021-10-11 09:24:56,17300.0,600.0,26900.0
258,2021-10-11 09:24:53,17400.0,1000.0,26300.0
259,2021-10-11 09:24:07,17400.0,500.0,25300.0
260,2021-10-11 09:23:17,17400.0,100.0,24800.0
261,2021-10-11 09:23:05,17400.0,300.0,24700.0
262,2021-10-11 09:23:00,17400.0,700.0,24400.0
263,2021-10-11 09:22:47,17400.0,300.0,23700.0
264,2021-10-11 09:22:45,17400.0,500.0,23400.0
265,2021-10-11 09:21:03,17400.0,1000.0,22900.0
266,2021-10-11 09:20:22,17400.0,100.0,21900.0
267,2021-10-11 09:19:46,17400.0,2200.0,21800.0
268,2021-10-11 09:19:41,17400.0,1000.0,19600.0
269,2021-10-11 09:19:18,17400.0,1000.0,18600.0
270,2021-10-11 09:17:35,17400.0,1000.0,17600.0
271,2021-10-11 09:17:18,17400.0,500.0,16600.0
272,2021-10-11 09:17:03,17400.0,500.0,16100.0
273,2021-10-11 09:16:38,17400.0,500.0,15600.0
274,2021-10-11 09:16:17,17400.0,100.0,15100.0
275,2021-10-11 09:16:06,17400.0,400.0,15000.0
276,2021-10-11 09:14:12,17400.0,600.0,14600.0
277,2021-10-11 09:13:37,17400.0,2000.0,14000.0
278,2021-10-11 09:11:55,17400.0,700.0,12000.0
279,2021-10-11 09:11:49,17400.0,2200.0,11300.0
280,2021-10-11 09:11:38,17400.0,3500.0,9100.0
281,2021-10-11 09:10:31,17500.0,200.0,5600.0
282,2021-10-11 09:10:19,17500.0,200.0,5400.0
283,2021-10-11 09:10:15,17500.0,1300.0,5200.0
284,2021-10-11 09:07:20,17500.0,200.0,3900.0
285,2021-10-11 09:07:04,17500.0,1600.0,3700.0
286,2021-10-11 09:06:54,17500.0,500.0,2100.0
287,2021-10-11 09:06:44,17500.0,100.0,1600.0
288,2021-10-11 09:05:51,17500.0,300.0,1500.0
289,2021-10-11 09:02:15,17500.0,800.0,1200.0
290,2021-10-11 09:01:08,17500.0,300.0,400.0
291,2021-10-11 09:00:09,17400.0,100.0,100.0
