,Time,Price,Volume_per_trade,Volume
0,2021-10-07 07:45:01,48500.0,100.0,1492100.0
1,2021-10-07 07:45:01,48500.0,100.0,1492000.0
2,2021-10-07 07:45:01,48500.0,500.0,1491900.0
3,2021-10-07 07:45:01,48500.0,3500.0,1491400.0
4,2021-10-07 07:45:01,48500.0,1000.0,1487900.0
5,2021-10-07 07:45:01,48500.0,400.0,1486900.0
6,2021-10-07 07:45:01,48500.0,3000.0,1486500.0
7,2021-10-07 07:45:01,48500.0,8700.0,1483500.0
8,2021-10-07 07:45:01,48500.0,5000.0,1474800.0
9,2021-10-07 07:45:01,48500.0,500.0,1469800.0
10,2021-10-07 07:45:01,48500.0,300.0,1469300.0
11,2021-10-07 07:45:01,48500.0,1000.0,1469000.0
12,2021-10-07 07:45:01,48500.0,300.0,1468000.0
13,2021-10-07 07:45:01,48500.0,500.0,1467700.0
14,2021-10-07 07:45:01,48500.0,100.0,1467200.0
15,2021-10-07 07:45:01,48500.0,500.0,1467100.0
16,2021-10-07 07:45:01,48500.0,300.0,1466600.0
17,2021-10-07 07:45:01,48500.0,500.0,1466300.0
18,2021-10-07 07:45:01,48500.0,500.0,1465800.0
19,2021-10-07 07:45:01,48500.0,1100.0,1465300.0
20,2021-10-07 07:45:01,48500.0,100.0,1464200.0
21,2021-10-07 07:45:01,48500.0,1000.0,1464100.0
22,2021-10-07 07:45:01,48500.0,100.0,1463100.0
23,2021-10-07 07:45:01,48500.0,100.0,1463000.0
24,2021-10-07 07:45:01,48500.0,200.0,1462900.0
25,2021-10-07 07:45:01,48500.0,100.0,1462700.0
26,2021-10-07 07:45:01,48500.0,100.0,1462600.0
27,2021-10-07 07:45:01,48500.0,500.0,1462500.0
28,2021-10-07 07:45:01,48500.0,100.0,1462000.0
29,2021-10-07 07:45:01,48500.0,500.0,1461900.0
30,2021-10-07 07:45:01,48500.0,2500.0,1461400.0
31,2021-10-07 07:45:01,48500.0,200.0,1458900.0
32,2021-10-07 07:45:01,48500.0,100.0,1458700.0
33,2021-10-07 07:45:01,48500.0,500.0,1458600.0
34,2021-10-07 07:45:01,48500.0,5000.0,1458100.0
35,2021-10-07 07:45:01,48500.0,200.0,1453100.0
36,2021-10-07 07:45:01,48500.0,500.0,1452900.0
37,2021-10-07 07:45:01,48500.0,100.0,1452400.0
38,2021-10-07 07:45:01,48500.0,1500.0,1452300.0
39,2021-10-07 07:45:01,48500.0,100.0,1450800.0
40,2021-10-07 07:45:01,48500.0,200.0,1450700.0
41,2021-10-07 07:45:01,48500.0,1000.0,1450500.0
42,2021-10-07 07:45:01,48500.0,100.0,1449500.0
43,2021-10-07 07:45:01,48500.0,2000.0,1449400.0
44,2021-10-07 07:45:01,48500.0,100.0,1447400.0
45,2021-10-07 07:45:01,48500.0,100.0,1447300.0
46,2021-10-07 07:45:01,48500.0,1000.0,1447200.0
47,2021-10-07 07:45:01,48500.0,500.0,1446200.0
48,2021-10-07 07:45:01,48500.0,1500.0,1445700.0
49,2021-10-07 07:45:01,48500.0,200.0,1444200.0
50,2021-10-07 07:45:01,48500.0,1000.0,1444000.0
51,2021-10-07 07:45:01,48500.0,500.0,1443000.0
52,2021-10-07 07:45:01,48500.0,200.0,1442500.0
53,2021-10-07 07:45:01,48500.0,5000.0,1442300.0
54,2021-10-07 07:45:01,48500.0,500.0,1437300.0
55,2021-10-07 07:45:01,48500.0,3300.0,1436800.0
56,2021-10-07 07:45:01,48500.0,100.0,1433500.0
57,2021-10-07 07:45:01,48500.0,400.0,1433400.0
58,2021-10-07 07:45:01,48500.0,100.0,1433000.0
59,2021-10-07 07:45:01,48500.0,900.0,1432900.0
60,2021-10-07 07:45:01,48500.0,500.0,1432000.0
61,2021-10-07 07:45:01,48500.0,100.0,1431500.0
62,2021-10-07 07:45:01,48500.0,200.0,1431400.0
63,2021-10-07 07:45:01,48500.0,500.0,1431200.0
64,2021-10-07 07:45:01,48500.0,500.0,1430700.0
65,2021-10-07 07:45:01,48500.0,200.0,1430200.0
66,2021-10-07 07:45:01,48500.0,300.0,1430000.0
67,2021-10-07 07:45:01,48500.0,500.0,1429700.0
68,2021-10-07 07:45:01,48500.0,1000.0,1429200.0
69,2021-10-07 07:45:01,48500.0,200.0,1428200.0
70,2021-10-07 07:45:01,48500.0,100.0,1428000.0
71,2021-10-07 07:45:01,48500.0,1000.0,1427900.0
72,2021-10-07 07:45:01,48500.0,100.0,1426900.0
73,2021-10-07 07:45:01,48500.0,1000.0,1426800.0
74,2021-10-07 07:45:01,48500.0,1000.0,1425800.0
75,2021-10-07 07:45:01,48500.0,800.0,1424800.0
76,2021-10-07 07:45:01,48500.0,600.0,1424000.0
77,2021-10-07 07:45:01,48500.0,400.0,1423400.0
78,2021-10-07 07:45:01,48500.0,100.0,1423000.0
79,2021-10-07 07:45:01,48500.0,900.0,1422900.0
80,2021-10-07 07:45:01,48500.0,2100.0,1422000.0
81,2021-10-07 07:45:01,48500.0,500.0,1419900.0
82,2021-10-07 07:45:01,48500.0,100.0,1419400.0
83,2021-10-07 07:45:01,48500.0,200.0,1419300.0
84,2021-10-07 07:45:01,48500.0,100.0,1419100.0
85,2021-10-07 07:45:01,48500.0,100.0,1419000.0
86,2021-10-07 07:45:01,48500.0,5000.0,1418900.0
87,2021-10-07 07:45:01,48500.0,1900.0,1413900.0
88,2021-10-07 07:45:01,48500.0,100.0,1412000.0
89,2021-10-07 07:45:01,48500.0,100.0,1411900.0
90,2021-10-07 07:45:01,48500.0,100.0,1411800.0
91,2021-10-07 07:45:01,48500.0,200.0,1411700.0
92,2021-10-07 07:45:01,48500.0,400.0,1411500.0
93,2021-10-07 07:45:01,48500.0,400.0,1411100.0
94,2021-10-07 07:45:01,48500.0,100.0,1410700.0
95,2021-10-07 07:45:01,48500.0,500.0,1410600.0
96,2021-10-07 07:45:01,48500.0,300.0,1410100.0
97,2021-10-07 07:45:01,48500.0,200.0,1409800.0
98,2021-10-07 07:45:01,48500.0,300.0,1409600.0
99,2021-10-07 07:45:01,48500.0,100.0,1409300.0
100,2021-10-07 07:45:01,48500.0,100.0,1409200.0
101,2021-10-07 07:45:01,48500.0,1000.0,1409100.0
102,2021-10-07 07:45:01,48500.0,1000.0,1408100.0
103,2021-10-07 07:45:01,48500.0,1000.0,1407100.0
104,2021-10-07 07:45:01,48500.0,300.0,1406100.0
105,2021-10-07 07:45:01,48500.0,1000.0,1405800.0
106,2021-10-07 07:45:01,48500.0,500.0,1404800.0
107,2021-10-07 07:45:01,48500.0,200.0,1404300.0
108,2021-10-07 07:45:01,48500.0,500.0,1404100.0
109,2021-10-07 07:45:01,48500.0,500.0,1403600.0
110,2021-10-07 07:45:01,48500.0,2000.0,1403100.0
111,2021-10-07 07:45:01,48500.0,100.0,1401100.0
112,2021-10-07 07:45:01,48500.0,100.0,1401000.0
113,2021-10-07 07:45:01,48500.0,100.0,1400900.0
114,2021-10-07 07:45:01,48500.0,100.0,1400800.0
115,2021-10-07 07:45:01,48500.0,200.0,1400700.0
116,2021-10-07 07:45:01,48500.0,500.0,1400500.0
117,2021-10-07 07:45:01,48500.0,100.0,1400000.0
118,2021-10-07 07:45:01,48500.0,200.0,1399900.0
119,2021-10-07 07:45:01,48500.0,400.0,1399700.0
120,2021-10-07 07:45:01,48500.0,500.0,1399300.0
121,2021-10-07 07:45:01,48500.0,100.0,1398800.0
122,2021-10-07 07:45:01,48500.0,1000.0,1398700.0
123,2021-10-07 07:45:01,48500.0,100.0,1397700.0
124,2021-10-07 07:45:01,48500.0,500.0,1397600.0
125,2021-10-07 07:45:01,48500.0,4800.0,1397100.0
126,2021-10-07 07:45:01,48500.0,2200.0,1392300.0
127,2021-10-07 07:45:01,48500.0,1300.0,1390100.0
128,2021-10-07 07:45:01,48500.0,2000.0,1388800.0
129,2021-10-07 07:45:01,48500.0,300.0,1386800.0
130,2021-10-07 07:45:01,48500.0,100.0,1386500.0
131,2021-10-07 07:45:01,48500.0,1300.0,1386400.0
132,2021-10-07 07:45:01,48500.0,1700.0,1385100.0
133,2021-10-07 07:45:01,48500.0,300.0,1383400.0
134,2021-10-07 07:45:01,48500.0,200.0,1383100.0
135,2021-10-07 07:45:01,48500.0,300.0,1382900.0
136,2021-10-07 07:45:01,48500.0,300.0,1382600.0
137,2021-10-07 07:45:01,48500.0,400.0,1382300.0
138,2021-10-07 07:45:01,48500.0,1300.0,1381900.0
139,2021-10-07 07:45:01,48500.0,7000.0,1380600.0
140,2021-10-07 07:45:01,48500.0,1000.0,1373600.0
141,2021-10-07 07:45:01,48500.0,500.0,1372600.0
142,2021-10-07 07:45:01,48500.0,500.0,1372100.0
143,2021-10-07 07:45:01,48500.0,1000.0,1371600.0
144,2021-10-07 07:45:01,48500.0,900.0,1370600.0
145,2021-10-07 07:45:01,48500.0,100.0,1369700.0
146,2021-10-07 07:45:01,48500.0,500.0,1369600.0
147,2021-10-07 07:45:01,48500.0,600.0,1369100.0
148,2021-10-07 07:45:01,48500.0,200.0,1368500.0
149,2021-10-07 07:45:01,48500.0,700.0,1368300.0
150,2021-10-07 07:45:01,48500.0,200.0,1367600.0
151,2021-10-07 07:45:01,48500.0,100.0,1367400.0
152,2021-10-07 07:45:01,48500.0,1200.0,1367300.0
153,2021-10-07 07:45:01,48500.0,100.0,1366100.0
154,2021-10-07 07:45:01,48500.0,100.0,1366000.0
155,2021-10-07 07:29:57,48150.0,300.0,1365900.0
156,2021-10-07 07:29:56,48200.0,200.0,1365600.0
157,2021-10-07 07:29:45,48150.0,100.0,1365400.0
158,2021-10-07 07:29:44,48150.0,500.0,1365300.0
159,2021-10-07 07:29:26,48200.0,800.0,1364800.0
160,2021-10-07 07:29:20,48150.0,1000.0,1364000.0
161,2021-10-07 07:29:20,48150.0,400.0,1363000.0
162,2021-10-07 07:29:14,48200.0,200.0,1362600.0
163,2021-10-07 07:29:14,48200.0,100.0,1362400.0
164,2021-10-07 07:29:05,48200.0,500.0,1362300.0
165,2021-10-07 07:29:05,48200.0,700.0,1361800.0
166,2021-10-07 07:29:05,48200.0,1000.0,1361100.0
167,2021-10-07 07:29:05,48200.0,200.0,1360100.0
168,2021-10-07 07:29:02,48200.0,1000.0,1359900.0
169,2021-10-07 07:28:47,48200.0,2000.0,1358900.0
170,2021-10-07 07:28:38,48250.0,100.0,1356900.0
171,2021-10-07 07:28:38,48250.0,400.0,1356800.0
172,2021-10-07 07:28:38,48250.0,100.0,1356400.0
173,2021-10-07 07:28:38,48250.0,100.0,1356300.0
174,2021-10-07 07:28:38,48250.0,100.0,1356200.0
175,2021-10-07 07:28:38,48250.0,200.0,1356100.0
176,2021-10-07 07:28:29,48200.0,200.0,1355900.0
177,2021-10-07 07:28:29,48200.0,500.0,1355700.0
178,2021-10-07 07:28:29,48200.0,1000.0,1355200.0
179,2021-10-07 07:28:29,48200.0,2000.0,1354200.0
180,2021-10-07 07:28:29,48200.0,1000.0,1352200.0
181,2021-10-07 07:28:24,48200.0,200.0,1351200.0
182,2021-10-07 07:28:24,48200.0,1400.0,1351000.0
183,2021-10-07 07:28:23,48200.0,1600.0,1349600.0
184,2021-10-07 07:28:23,48200.0,1000.0,1348000.0
185,2021-10-07 07:28:23,48200.0,100.0,1347000.0
186,2021-10-07 07:28:23,48200.0,200.0,1346900.0
187,2021-10-07 07:28:23,48200.0,300.0,1346700.0
188,2021-10-07 07:28:23,48200.0,2500.0,1346400.0
189,2021-10-07 07:28:23,48200.0,1700.0,1343900.0
190,2021-10-07 07:28:23,48200.0,1000.0,1342200.0
191,2021-10-07 07:28:23,48200.0,500.0,1341200.0
192,2021-10-07 07:28:23,48200.0,1100.0,1340700.0
193,2021-10-07 07:28:20,48200.0,900.0,1339600.0
194,2021-10-07 07:28:20,48200.0,700.0,1338700.0
195,2021-10-07 07:28:20,48200.0,300.0,1338000.0
196,2021-10-07 07:28:20,48200.0,500.0,1337700.0
197,2021-10-07 07:28:20,48200.0,500.0,1337200.0
198,2021-10-07 07:28:20,48200.0,100.0,1336700.0
199,2021-10-07 07:28:12,48150.0,500.0,1336600.0
200,2021-10-07 07:28:07,48200.0,100.0,1336100.0
201,2021-10-07 07:27:52,48200.0,800.0,1336000.0
202,2021-10-07 07:27:52,48200.0,100.0,1335200.0
203,2021-10-07 07:27:52,48200.0,100.0,1335100.0
204,2021-10-07 07:27:52,48200.0,700.0,1335000.0
205,2021-10-07 07:27:52,48200.0,200.0,1334300.0
206,2021-10-07 07:27:52,48200.0,100.0,1334100.0
207,2021-10-07 07:27:45,48150.0,100.0,1334000.0
208,2021-10-07 07:27:25,48150.0,4000.0,1333900.0
209,2021-10-07 07:27:12,48150.0,400.0,1329900.0
210,2021-10-07 07:27:08,48150.0,200.0,1329500.0
211,2021-10-07 07:27:02,48200.0,1000.0,1329300.0
212,2021-10-07 07:27:00,48150.0,2000.0,1328300.0
213,2021-10-07 07:26:43,48150.0,500.0,1326300.0
214,2021-10-07 07:25:01,48200.0,900.0,1325800.0
215,2021-10-07 07:25:01,48200.0,200.0,1324900.0
216,2021-10-07 07:25:00,48200.0,200.0,1324700.0
217,2021-10-07 07:25:00,48200.0,1000.0,1324500.0
218,2021-10-07 07:25:00,48200.0,2100.0,1323500.0
219,2021-10-07 07:24:56,48150.0,100.0,1321400.0
220,2021-10-07 07:24:55,48150.0,100.0,1321300.0
221,2021-10-07 07:24:44,48200.0,500.0,1321200.0
222,2021-10-07 07:24:39,48150.0,400.0,1320700.0
223,2021-10-07 07:23:45,48200.0,400.0,1320300.0
224,2021-10-07 07:23:45,48200.0,600.0,1319900.0
225,2021-10-07 07:23:27,48200.0,400.0,1319300.0
226,2021-10-07 07:23:24,48200.0,900.0,1318900.0
227,2021-10-07 07:22:10,48200.0,200.0,1318000.0
228,2021-10-07 07:22:10,48200.0,300.0,1317800.0
229,2021-10-07 07:21:54,48200.0,200.0,1317500.0
230,2021-10-07 07:21:53,48200.0,500.0,1317300.0
231,2021-10-07 07:21:53,48200.0,100.0,1316800.0
232,2021-10-07 07:21:53,48200.0,4400.0,1316700.0
233,2021-10-07 07:21:33,48200.0,1400.0,1312300.0
234,2021-10-07 07:21:27,48200.0,200.0,1310900.0
235,2021-10-07 07:21:20,48200.0,1100.0,1310700.0
236,2021-10-07 07:21:12,48200.0,700.0,1309600.0
237,2021-10-07 07:21:08,48200.0,100.0,1308900.0
238,2021-10-07 07:21:04,48200.0,100.0,1308800.0
239,2021-10-07 07:20:57,48200.0,100.0,1308700.0
240,2021-10-07 07:20:46,48200.0,900.0,1308600.0
241,2021-10-07 07:20:46,48200.0,300.0,1307700.0
242,2021-10-07 07:20:46,48200.0,500.0,1307400.0
243,2021-10-07 07:20:46,48200.0,700.0,1306900.0
244,2021-10-07 07:20:46,48200.0,100.0,1306200.0
245,2021-10-07 07:20:22,48150.0,100.0,1306100.0
246,2021-10-07 07:20:22,48150.0,5000.0,1306000.0
247,2021-10-07 07:20:22,48150.0,5000.0,1301000.0
248,2021-10-07 07:20:22,48150.0,100.0,1296000.0
249,2021-10-07 07:20:22,48150.0,5000.0,1295900.0
250,2021-10-07 07:20:22,48150.0,5000.0,1290900.0
251,2021-10-07 07:20:22,48150.0,5000.0,1285900.0
252,2021-10-07 07:20:18,48050.0,200.0,1280900.0
253,2021-10-07 07:20:18,48100.0,100.0,1280700.0
254,2021-10-07 07:20:18,48100.0,800.0,1280600.0
255,2021-10-07 07:20:09,48100.0,300.0,1279800.0
256,2021-10-07 07:19:53,48100.0,500.0,1279500.0
257,2021-10-07 07:19:53,48100.0,200.0,1279000.0
258,2021-10-07 07:19:53,48100.0,300.0,1278800.0
259,2021-10-07 07:19:53,48100.0,100.0,1278500.0
260,2021-10-07 07:19:53,48100.0,1000.0,1278400.0
261,2021-10-07 07:19:53,48100.0,1000.0,1277400.0
262,2021-10-07 07:19:53,48100.0,2000.0,1276400.0
263,2021-10-07 07:19:53,48100.0,100.0,1274400.0
264,2021-10-07 07:19:53,48100.0,200.0,1274300.0
265,2021-10-07 07:19:53,48100.0,300.0,1274100.0
266,2021-10-07 07:19:15,48100.0,700.0,1273800.0
267,2021-10-07 07:19:15,48100.0,400.0,1273100.0
268,2021-10-07 07:17:57,48100.0,600.0,1272700.0
269,2021-10-07 07:16:53,48100.0,100.0,1272100.0
270,2021-10-07 07:16:48,48100.0,900.0,1272000.0
271,2021-10-07 07:16:48,48100.0,300.0,1271100.0
272,2021-10-07 07:16:48,48100.0,500.0,1270800.0
273,2021-10-07 07:16:48,48100.0,400.0,1270300.0
274,2021-10-07 07:16:48,48100.0,900.0,1269900.0
275,2021-10-07 07:16:37,48050.0,300.0,1269000.0
276,2021-10-07 07:16:31,48050.0,500.0,1268700.0
277,2021-10-07 07:16:03,48100.0,100.0,1268200.0
278,2021-10-07 07:15:15,48100.0,100.0,1268100.0
279,2021-10-07 07:15:15,48100.0,400.0,1268000.0
280,2021-10-07 07:14:58,48100.0,100.0,1267600.0
281,2021-10-07 07:14:58,48100.0,700.0,1267500.0
282,2021-10-07 07:14:27,48100.0,300.0,1266800.0
283,2021-10-07 07:14:15,48100.0,300.0,1266500.0
284,2021-10-07 07:14:15,48100.0,200.0,1266200.0
285,2021-10-07 07:14:15,48100.0,500.0,1266000.0
286,2021-10-07 07:14:15,48100.0,1000.0,1265500.0
287,2021-10-07 07:13:47,48100.0,1000.0,1264500.0
288,2021-10-07 07:13:45,48050.0,500.0,1263500.0
289,2021-10-07 07:13:25,48100.0,100.0,1263000.0
290,2021-10-07 07:12:58,48100.0,1100.0,1262900.0
291,2021-10-07 07:12:58,48100.0,900.0,1261800.0
292,2021-10-07 07:12:37,48100.0,100.0,1260900.0
293,2021-10-07 07:12:34,48050.0,600.0,1260800.0
294,2021-10-07 07:12:34,48050.0,100.0,1260200.0
295,2021-10-07 07:11:33,48100.0,100.0,1260100.0
296,2021-10-07 07:11:27,48100.0,1000.0,1260000.0
297,2021-10-07 07:11:22,48100.0,1000.0,1259000.0
298,2021-10-07 07:11:07,48100.0,300.0,1258000.0
299,2021-10-07 07:10:38,48100.0,700.0,1257700.0
300,2021-10-07 07:10:38,48100.0,300.0,1257000.0
301,2021-10-07 07:10:38,48100.0,2800.0,1256700.0
302,2021-10-07 07:10:16,48050.0,100.0,1253900.0
303,2021-10-07 07:10:16,48050.0,1000.0,1253800.0
304,2021-10-07 07:10:16,48050.0,900.0,1252800.0
305,2021-10-07 07:09:58,48100.0,2000.0,1251900.0
306,2021-10-07 07:09:56,48050.0,100.0,1249900.0
307,2021-10-07 07:09:56,48050.0,1200.0,1249800.0
308,2021-10-07 07:09:54,48050.0,500.0,1248600.0
309,2021-10-07 07:09:46,48050.0,2000.0,1248100.0
310,2021-10-07 07:09:32,48050.0,500.0,1246100.0
311,2021-10-07 07:09:06,48050.0,100.0,1245600.0
312,2021-10-07 07:08:42,48050.0,700.0,1245500.0
313,2021-10-07 07:08:42,48050.0,300.0,1244800.0
314,2021-10-07 07:08:34,48050.0,200.0,1244500.0
315,2021-10-07 07:08:34,48050.0,700.0,1244300.0
316,2021-10-07 07:07:28,48100.0,600.0,1243600.0
317,2021-10-07 07:07:24,48050.0,300.0,1243000.0
318,2021-10-07 07:07:24,48050.0,100.0,1242700.0
319,2021-10-07 07:07:24,48050.0,800.0,1242600.0
320,2021-10-07 07:07:11,48100.0,1100.0,1241800.0
321,2021-10-07 07:06:56,48100.0,500.0,1240700.0
322,2021-10-07 07:05:35,48100.0,900.0,1240200.0
323,2021-10-07 07:05:13,48100.0,200.0,1239300.0
324,2021-10-07 07:05:13,48100.0,1900.0,1239100.0
325,2021-10-07 07:05:00,48100.0,4800.0,1237200.0
326,2021-10-07 07:05:00,48100.0,200.0,1232400.0
327,2021-10-07 07:04:41,48100.0,100.0,1232200.0
328,2021-10-07 07:04:05,48100.0,200.0,1232100.0
329,2021-10-07 07:03:59,48100.0,300.0,1231900.0
330,2021-10-07 07:03:59,48100.0,1000.0,1231600.0
331,2021-10-07 07:03:59,48100.0,300.0,1230600.0
332,2021-10-07 07:03:59,48100.0,400.0,1230300.0
333,2021-10-07 07:03:53,48100.0,300.0,1229900.0
334,2021-10-07 07:03:40,48100.0,100.0,1229600.0
335,2021-10-07 07:03:39,48100.0,100.0,1229500.0
336,2021-10-07 07:01:28,48100.0,400.0,1229400.0
337,2021-10-07 07:01:24,48100.0,500.0,1229000.0
338,2021-10-07 07:01:18,48100.0,900.0,1228500.0
339,2021-10-07 07:01:18,48100.0,4100.0,1227600.0
340,2021-10-07 07:00:58,48100.0,500.0,1223500.0
341,2021-10-07 07:00:51,48100.0,100.0,1223000.0
342,2021-10-07 07:00:02,48100.0,300.0,1222900.0
343,2021-10-07 06:59:20,48150.0,1100.0,1222600.0
344,2021-10-07 06:59:20,48150.0,1300.0,1221500.0
345,2021-10-07 06:59:20,48150.0,5000.0,1220200.0
346,2021-10-07 06:59:20,48150.0,5000.0,1215200.0
347,2021-10-07 06:59:20,48150.0,1700.0,1210200.0
348,2021-10-07 06:59:20,48100.0,900.0,1208500.0
349,2021-10-07 06:59:17,48100.0,300.0,1207600.0
350,2021-10-07 06:59:10,48100.0,100.0,1207300.0
351,2021-10-07 06:59:10,48100.0,200.0,1207200.0
352,2021-10-07 06:59:10,48100.0,200.0,1207000.0
353,2021-10-07 06:59:10,48100.0,300.0,1206800.0
354,2021-10-07 06:57:48,48100.0,1000.0,1206500.0
355,2021-10-07 06:57:17,48100.0,1000.0,1205500.0
356,2021-10-07 06:57:13,48100.0,200.0,1204500.0
357,2021-10-07 06:57:13,48100.0,100.0,1204300.0
358,2021-10-07 06:56:55,48100.0,300.0,1204200.0
359,2021-10-07 06:56:39,48100.0,600.0,1203900.0
360,2021-10-07 06:56:17,48100.0,100.0,1203300.0
361,2021-10-07 06:55:51,48100.0,200.0,1203200.0
362,2021-10-07 06:55:51,48100.0,500.0,1203000.0
363,2021-10-07 06:55:48,48100.0,300.0,1202500.0
364,2021-10-07 06:55:48,48100.0,400.0,1202200.0
365,2021-10-07 06:55:40,48100.0,500.0,1201800.0
366,2021-10-07 06:55:29,48150.0,1000.0,1201300.0
367,2021-10-07 06:55:13,48100.0,100.0,1200300.0
368,2021-10-07 06:55:09,48100.0,4000.0,1200200.0
369,2021-10-07 06:55:09,48100.0,1000.0,1196200.0
370,2021-10-07 06:55:09,48100.0,1000.0,1195200.0
371,2021-10-07 06:54:41,48100.0,100.0,1194200.0
372,2021-10-07 06:54:41,48100.0,500.0,1194100.0
373,2021-10-07 06:54:41,48100.0,200.0,1193600.0
374,2021-10-07 06:54:41,48100.0,200.0,1193400.0
375,2021-10-07 06:53:48,48100.0,300.0,1193200.0
376,2021-10-07 06:53:35,48150.0,2300.0,1192900.0
377,2021-10-07 06:53:04,48150.0,400.0,1190600.0
378,2021-10-07 06:53:04,48150.0,300.0,1190200.0
379,2021-10-07 06:53:04,48150.0,300.0,1189900.0
380,2021-10-07 06:52:23,48150.0,200.0,1189600.0
381,2021-10-07 06:52:23,48150.0,400.0,1189400.0
382,2021-10-07 06:52:23,48150.0,5000.0,1189000.0
383,2021-10-07 06:52:23,48150.0,100.0,1184000.0
384,2021-10-07 06:52:23,48150.0,1000.0,1183900.0
385,2021-10-07 06:52:23,48150.0,200.0,1182900.0
386,2021-10-07 06:52:23,48150.0,1000.0,1182700.0
387,2021-10-07 06:52:23,48150.0,2100.0,1181700.0
388,2021-10-07 06:51:33,48100.0,1000.0,1179600.0
389,2021-10-07 06:50:55,48100.0,8500.0,1178600.0
390,2021-10-07 06:50:55,48100.0,1500.0,1170100.0
391,2021-10-07 06:50:42,48100.0,300.0,1168600.0
392,2021-10-07 06:50:35,48100.0,100.0,1168300.0
393,2021-10-07 06:50:18,48100.0,2900.0,1168200.0
394,2021-10-07 06:49:28,48150.0,300.0,1165300.0
395,2021-10-07 06:48:51,48150.0,1600.0,1165000.0
396,2021-10-07 06:48:51,48150.0,400.0,1163400.0
397,2021-10-07 06:48:46,48100.0,200.0,1163000.0
398,2021-10-07 06:48:34,48100.0,500.0,1162800.0
399,2021-10-07 06:48:10,48100.0,2100.0,1162300.0
400,2021-10-07 06:47:42,48100.0,1000.0,1160200.0
401,2021-10-07 06:47:36,48100.0,200.0,1159200.0
402,2021-10-07 06:47:36,48100.0,300.0,1159000.0
403,2021-10-07 06:47:10,48100.0,900.0,1158700.0
404,2021-10-07 06:46:58,48100.0,100.0,1157800.0
405,2021-10-07 06:46:50,48100.0,1000.0,1157700.0
406,2021-10-07 06:46:45,48100.0,500.0,1156700.0
407,2021-10-07 06:46:12,48100.0,500.0,1156200.0
408,2021-10-07 06:46:12,48100.0,400.0,1155700.0
409,2021-10-07 06:45:59,48100.0,100.0,1155300.0
410,2021-10-07 06:44:29,48050.0,300.0,1155200.0
411,2021-10-07 06:44:10,48150.0,600.0,1154900.0
412,2021-10-07 06:44:10,48150.0,100.0,1154300.0
413,2021-10-07 06:44:10,48150.0,100.0,1154200.0
414,2021-10-07 06:44:10,48150.0,200.0,1154100.0
415,2021-10-07 06:43:35,48050.0,500.0,1153900.0
416,2021-10-07 06:43:35,48050.0,100.0,1153400.0
417,2021-10-07 06:42:46,48150.0,200.0,1153300.0
418,2021-10-07 06:42:46,48150.0,200.0,1153100.0
419,2021-10-07 06:42:27,48150.0,200.0,1152900.0
420,2021-10-07 06:42:27,48100.0,1000.0,1152700.0
421,2021-10-07 06:41:24,48150.0,100.0,1151700.0
422,2021-10-07 06:41:23,48050.0,300.0,1151600.0
423,2021-10-07 06:41:14,48000.0,400.0,1151300.0
424,2021-10-07 06:41:14,48000.0,100.0,1150900.0
425,2021-10-07 06:40:55,48000.0,100.0,1150800.0
426,2021-10-07 06:40:55,48000.0,300.0,1150700.0
427,2021-10-07 06:40:55,48000.0,1000.0,1150400.0
428,2021-10-07 06:40:55,48000.0,100.0,1149400.0
429,2021-10-07 06:40:55,48000.0,300.0,1149300.0
430,2021-10-07 06:40:55,48000.0,200.0,1149000.0
431,2021-10-07 06:40:55,48000.0,100.0,1148800.0
432,2021-10-07 06:40:55,48000.0,300.0,1148700.0
433,2021-10-07 06:40:55,48000.0,600.0,1148400.0
434,2021-10-07 06:40:55,48000.0,600.0,1147800.0
435,2021-10-07 06:40:55,48000.0,100.0,1147200.0
436,2021-10-07 06:40:55,48000.0,300.0,1147100.0
437,2021-10-07 06:40:55,48000.0,100.0,1146800.0
438,2021-10-07 06:40:55,48000.0,2000.0,1146700.0
439,2021-10-07 06:40:55,48000.0,100.0,1144700.0
440,2021-10-07 06:40:55,48000.0,100.0,1144600.0
441,2021-10-07 06:40:55,48000.0,100.0,1144500.0
442,2021-10-07 06:40:55,48000.0,1000.0,1144400.0
443,2021-10-07 06:40:55,48000.0,1700.0,1143400.0
444,2021-10-07 06:40:55,48050.0,900.0,1141700.0
445,2021-10-07 06:40:46,48150.0,100.0,1140800.0
446,2021-10-07 06:40:46,48100.0,100.0,1140700.0
447,2021-10-07 06:40:46,48100.0,100.0,1140600.0
448,2021-10-07 06:40:36,48050.0,100.0,1140500.0
449,2021-10-07 06:39:33,48000.0,300.0,1140400.0
450,2021-10-07 06:39:33,48000.0,200.0,1140100.0
451,2021-10-07 06:39:33,48000.0,2000.0,1139900.0
452,2021-10-07 06:39:33,48000.0,500.0,1137900.0
453,2021-10-07 06:39:33,48000.0,100.0,1137400.0
454,2021-10-07 06:39:33,48000.0,200.0,1137300.0
455,2021-10-07 06:39:33,48000.0,100.0,1137100.0
456,2021-10-07 06:39:33,48000.0,500.0,1137000.0
457,2021-10-07 06:39:33,48000.0,2000.0,1136500.0
458,2021-10-07 06:39:33,48000.0,1000.0,1134500.0
459,2021-10-07 06:39:33,48000.0,2300.0,1133500.0
460,2021-10-07 06:39:33,48050.0,500.0,1131200.0
461,2021-10-07 06:39:33,48050.0,300.0,1130700.0
462,2021-10-07 06:39:13,48050.0,500.0,1130400.0
463,2021-10-07 06:38:17,48050.0,300.0,1129900.0
464,2021-10-07 06:37:57,48050.0,1900.0,1129600.0
465,2021-10-07 06:37:57,48050.0,1200.0,1127700.0
466,2021-10-07 06:37:57,48050.0,200.0,1126500.0
467,2021-10-07 06:37:57,48050.0,500.0,1126300.0
468,2021-10-07 06:37:57,48050.0,2000.0,1125800.0
469,2021-10-07 06:37:57,48050.0,200.0,1123800.0
470,2021-10-07 06:37:57,48050.0,2600.0,1123600.0
471,2021-10-07 06:37:57,48050.0,100.0,1121000.0
472,2021-10-07 06:37:57,48050.0,200.0,1120900.0
473,2021-10-07 06:37:57,48050.0,900.0,1120700.0
474,2021-10-07 06:37:57,48050.0,100.0,1119800.0
475,2021-10-07 06:37:57,48050.0,100.0,1119700.0
476,2021-10-07 06:37:57,48050.0,1500.0,1119600.0
477,2021-10-07 06:37:57,48050.0,300.0,1118100.0
478,2021-10-07 06:37:57,48050.0,2600.0,1117800.0
479,2021-10-07 06:37:57,48050.0,600.0,1115200.0
480,2021-10-07 06:37:31,48100.0,200.0,1114600.0
481,2021-10-07 06:37:30,48100.0,2000.0,1114400.0
482,2021-10-07 06:37:11,48100.0,500.0,1112400.0
483,2021-10-07 06:37:10,48100.0,400.0,1111900.0
484,2021-10-07 06:37:09,48100.0,100.0,1111500.0
485,2021-10-07 06:36:32,48100.0,400.0,1111400.0
486,2021-10-07 06:36:06,48100.0,200.0,1111000.0
487,2021-10-07 06:35:45,48100.0,200.0,1110800.0
488,2021-10-07 06:35:32,48100.0,300.0,1110600.0
489,2021-10-07 06:35:10,48050.0,300.0,1110300.0
490,2021-10-07 06:34:42,48050.0,300.0,1110000.0
491,2021-10-07 06:34:42,48100.0,100.0,1109700.0
492,2021-10-07 06:34:29,48100.0,300.0,1109600.0
493,2021-10-07 06:34:27,48150.0,100.0,1109300.0
494,2021-10-07 06:34:12,48100.0,200.0,1109200.0
495,2021-10-07 06:33:59,48150.0,300.0,1109000.0
496,2021-10-07 06:33:22,48150.0,500.0,1108700.0
497,2021-10-07 06:32:09,48100.0,400.0,1108200.0
498,2021-10-07 06:32:04,48050.0,300.0,1107800.0
499,2021-10-07 06:32:00,48100.0,100.0,1107500.0
500,2021-10-07 06:32:00,48100.0,900.0,1107400.0
501,2021-10-07 06:31:53,48100.0,200.0,1106500.0
502,2021-10-07 06:31:50,48100.0,100.0,1106300.0
503,2021-10-07 06:31:47,48100.0,200.0,1106200.0
504,2021-10-07 06:31:38,48100.0,100.0,1106000.0
505,2021-10-07 06:31:11,48100.0,500.0,1105900.0
506,2021-10-07 06:31:10,48100.0,500.0,1105400.0
507,2021-10-07 06:30:21,48050.0,1000.0,1104900.0
508,2021-10-07 06:29:56,48050.0,1000.0,1103900.0
509,2021-10-07 06:28:58,48050.0,300.0,1102900.0
510,2021-10-07 06:28:10,48050.0,1000.0,1102600.0
511,2021-10-07 06:28:02,48050.0,200.0,1101600.0
512,2021-10-07 06:28:02,48050.0,600.0,1101400.0
513,2021-10-07 06:28:02,48050.0,200.0,1100800.0
514,2021-10-07 06:27:45,48050.0,100.0,1100600.0
515,2021-10-07 06:25:52,48000.0,6000.0,1100500.0
516,2021-10-07 06:25:52,48000.0,100.0,1094500.0
517,2021-10-07 06:25:52,48000.0,1000.0,1094400.0
518,2021-10-07 06:25:52,48000.0,100.0,1093400.0
519,2021-10-07 06:25:52,48000.0,200.0,1093300.0
520,2021-10-07 06:25:52,48000.0,500.0,1093100.0
521,2021-10-07 06:25:52,48000.0,1000.0,1092600.0
522,2021-10-07 06:25:52,48000.0,100.0,1091600.0
523,2021-10-07 06:25:52,48000.0,300.0,1091500.0
524,2021-10-07 06:25:52,48000.0,200.0,1091200.0
525,2021-10-07 06:25:52,48000.0,500.0,1091000.0
526,2021-10-07 06:25:52,48000.0,500.0,1090500.0
527,2021-10-07 06:25:52,48000.0,300.0,1090000.0
528,2021-10-07 06:25:52,48000.0,400.0,1089700.0
529,2021-10-07 06:25:52,48050.0,100.0,1089300.0
530,2021-10-07 06:25:52,48050.0,100.0,1089200.0
531,2021-10-07 06:25:52,48050.0,100.0,1089100.0
532,2021-10-07 06:25:52,48050.0,500.0,1089000.0
533,2021-10-07 06:25:52,48050.0,10000.0,1088500.0
534,2021-10-07 06:25:52,48050.0,1000.0,1078500.0
535,2021-10-07 06:25:52,48050.0,100.0,1077500.0
536,2021-10-07 06:25:52,48050.0,100.0,1077400.0
537,2021-10-07 06:25:52,48100.0,200.0,1077300.0
538,2021-10-07 06:25:52,48100.0,1000.0,1077100.0
539,2021-10-07 06:25:52,48100.0,200.0,1076100.0
540,2021-10-07 06:25:52,48100.0,500.0,1075900.0
541,2021-10-07 06:25:52,48100.0,100.0,1075400.0
542,2021-10-07 06:25:52,48100.0,1000.0,1075300.0
543,2021-10-07 06:25:52,48100.0,1000.0,1074300.0
544,2021-10-07 06:25:52,48100.0,2600.0,1073300.0
545,2021-10-07 06:25:52,48150.0,500.0,1070700.0
546,2021-10-07 06:25:52,48150.0,1000.0,1070200.0
547,2021-10-07 06:25:52,48150.0,300.0,1069200.0
548,2021-10-07 06:25:52,48150.0,100.0,1068900.0
549,2021-10-07 06:25:52,48150.0,500.0,1068800.0
550,2021-10-07 06:25:52,48150.0,100.0,1068300.0
551,2021-10-07 06:25:52,48150.0,4800.0,1068200.0
552,2021-10-07 06:25:52,48200.0,1000.0,1063400.0
553,2021-10-07 06:25:52,48200.0,500.0,1062400.0
554,2021-10-07 06:25:52,48200.0,1000.0,1061900.0
555,2021-10-07 06:25:52,48200.0,100.0,1060900.0
556,2021-10-07 06:25:52,48200.0,300.0,1060800.0
557,2021-10-07 06:25:52,48200.0,300.0,1060500.0
558,2021-10-07 06:25:30,48200.0,500.0,1060200.0
559,2021-10-07 06:25:26,48200.0,2000.0,1059700.0
560,2021-10-07 06:24:52,48200.0,500.0,1057700.0
561,2021-10-07 06:24:19,48200.0,400.0,1057200.0
562,2021-10-07 06:24:19,48200.0,4600.0,1056800.0
563,2021-10-07 06:24:08,48200.0,1300.0,1052200.0
564,2021-10-07 06:23:43,48200.0,100.0,1050900.0
565,2021-10-07 06:23:01,48200.0,200.0,1050800.0
566,2021-10-07 06:22:45,48200.0,300.0,1050600.0
567,2021-10-07 06:21:55,48200.0,3500.0,1050300.0
568,2021-10-07 06:21:45,48200.0,200.0,1046800.0
569,2021-10-07 06:21:45,48200.0,1300.0,1046600.0
570,2021-10-07 06:21:26,48250.0,300.0,1045300.0
571,2021-10-07 06:21:05,48200.0,700.0,1045000.0
572,2021-10-07 06:21:05,48200.0,100.0,1044300.0
573,2021-10-07 06:21:05,48200.0,1100.0,1044200.0
574,2021-10-07 06:21:05,48200.0,100.0,1043100.0
575,2021-10-07 06:21:04,48200.0,600.0,1043000.0
576,2021-10-07 06:20:39,48200.0,300.0,1042400.0
577,2021-10-07 06:20:39,48200.0,700.0,1042100.0
578,2021-10-07 06:19:39,48200.0,300.0,1041400.0
579,2021-10-07 06:19:05,48200.0,300.0,1041100.0
580,2021-10-07 06:18:45,48250.0,100.0,1040800.0
581,2021-10-07 06:18:35,48200.0,200.0,1040700.0
582,2021-10-07 06:18:35,48200.0,200.0,1040500.0
583,2021-10-07 06:18:25,48250.0,300.0,1040300.0
584,2021-10-07 06:18:07,48200.0,300.0,1040000.0
585,2021-10-07 06:18:07,48200.0,300.0,1039700.0
586,2021-10-07 06:17:49,48250.0,500.0,1039400.0
587,2021-10-07 06:17:47,48200.0,100.0,1038900.0
588,2021-10-07 06:17:17,48200.0,100.0,1038800.0
589,2021-10-07 06:16:33,48150.0,300.0,1038700.0
590,2021-10-07 06:15:16,48150.0,4700.0,1038400.0
591,2021-10-07 06:15:16,48200.0,100.0,1033700.0
592,2021-10-07 06:15:16,48200.0,200.0,1033600.0
593,2021-10-07 06:14:13,48200.0,200.0,1033400.0
594,2021-10-07 06:13:36,48200.0,100.0,1033200.0
595,2021-10-07 06:13:36,48200.0,400.0,1033100.0
596,2021-10-07 06:13:26,48200.0,300.0,1032700.0
597,2021-10-07 06:13:05,48200.0,500.0,1032400.0
598,2021-10-07 06:12:21,48200.0,400.0,1031900.0
599,2021-10-07 06:12:12,48200.0,100.0,1031500.0
600,2021-10-07 06:12:07,48200.0,100.0,1031400.0
601,2021-10-07 06:11:53,48200.0,100.0,1031300.0
602,2021-10-07 06:11:29,48200.0,1300.0,1031200.0
603,2021-10-07 06:11:18,48200.0,700.0,1029900.0
604,2021-10-07 06:11:18,48200.0,100.0,1029200.0
605,2021-10-07 06:11:09,48200.0,200.0,1029100.0
606,2021-10-07 06:11:09,48200.0,100.0,1028900.0
607,2021-10-07 06:11:09,48200.0,400.0,1028800.0
608,2021-10-07 06:11:01,48200.0,400.0,1028400.0
609,2021-10-07 06:11:01,48200.0,400.0,1028000.0
610,2021-10-07 06:10:20,48150.0,200.0,1027600.0
611,2021-10-07 06:10:05,48200.0,700.0,1027400.0
612,2021-10-07 06:10:05,48200.0,400.0,1026700.0
613,2021-10-07 06:10:05,48200.0,1000.0,1026300.0
614,2021-10-07 06:10:05,48200.0,1000.0,1025300.0
615,2021-10-07 06:10:05,48200.0,200.0,1024300.0
616,2021-10-07 06:10:05,48200.0,1000.0,1024100.0
617,2021-10-07 06:10:05,48200.0,100.0,1023100.0
618,2021-10-07 06:10:05,48200.0,100.0,1023000.0
619,2021-10-07 06:10:05,48200.0,2000.0,1022900.0
620,2021-10-07 06:10:05,48200.0,3500.0,1020900.0
621,2021-10-07 06:09:27,48200.0,200.0,1017400.0
622,2021-10-07 06:09:14,48200.0,800.0,1017200.0
623,2021-10-07 06:09:14,48200.0,200.0,1016400.0
624,2021-10-07 06:09:05,48200.0,100.0,1016200.0
625,2021-10-07 06:09:02,48150.0,100.0,1016100.0
626,2021-10-07 06:08:16,48150.0,100.0,1016000.0
627,2021-10-07 06:08:16,48150.0,100.0,1015900.0
628,2021-10-07 06:08:16,48150.0,100.0,1015800.0
629,2021-10-07 06:08:11,48150.0,500.0,1015700.0
630,2021-10-07 06:07:27,48150.0,100.0,1015200.0
631,2021-10-07 06:07:27,48150.0,600.0,1015100.0
632,2021-10-07 06:07:14,48150.0,200.0,1014500.0
633,2021-10-07 06:06:38,48150.0,500.0,1014300.0
634,2021-10-07 06:06:35,48150.0,200.0,1013800.0
635,2021-10-07 06:05:30,48150.0,100.0,1013600.0
636,2021-10-07 06:04:51,48150.0,500.0,1013500.0
637,2021-10-07 06:04:23,48150.0,2000.0,1013000.0
638,2021-10-07 06:04:21,48150.0,200.0,1011000.0
639,2021-10-07 06:04:07,48150.0,200.0,1010800.0
640,2021-10-07 06:03:46,48150.0,100.0,1010600.0
641,2021-10-07 06:03:13,48150.0,500.0,1010500.0
642,2021-10-07 06:03:13,48150.0,100.0,1010000.0
643,2021-10-07 06:03:13,48150.0,3500.0,1009900.0
644,2021-10-07 06:03:13,48150.0,1300.0,1006400.0
645,2021-10-07 06:02:45,48100.0,100.0,1005100.0
646,2021-10-07 06:02:41,48100.0,100.0,1005000.0
647,2021-10-07 06:02:40,48150.0,1100.0,1004900.0
648,2021-10-07 06:02:08,48100.0,2200.0,1003800.0
649,2021-10-07 06:02:08,48100.0,300.0,1001600.0
650,2021-10-07 06:02:02,48100.0,700.0,1001300.0
651,2021-10-07 06:02:02,48100.0,200.0,1000600.0
652,2021-10-07 06:02:02,48100.0,1000.0,1000400.0
653,2021-10-07 06:02:02,48100.0,100.0,999400.0
654,2021-10-07 06:01:50,48150.0,1500.0,999300.0
655,2021-10-07 06:01:02,48100.0,200.0,997800.0
656,2021-10-07 06:01:00,48150.0,100.0,997600.0
657,2021-10-07 06:00:28,48100.0,100.0,997500.0
658,2021-10-07 06:00:23,48100.0,700.0,997400.0
659,2021-10-07 06:00:23,48100.0,500.0,996700.0
660,2021-10-07 06:00:23,48100.0,800.0,996200.0
661,2021-10-07 06:00:23,48100.0,800.0,995400.0
662,2021-10-07 06:00:23,48100.0,100.0,994600.0
663,2021-10-07 06:00:23,48100.0,100.0,994500.0
664,2021-10-07 06:00:03,48100.0,200.0,994400.0
665,2021-10-07 06:00:03,48100.0,1600.0,994200.0
666,2021-10-07 06:00:03,48100.0,100.0,992600.0
667,2021-10-07 04:29:49,48100.0,1000.0,992500.0
668,2021-10-07 04:29:49,48100.0,200.0,991500.0
669,2021-10-07 04:29:02,48100.0,300.0,991300.0
670,2021-10-07 04:28:01,48100.0,2400.0,991000.0
671,2021-10-07 04:28:00,48050.0,200.0,988600.0
672,2021-10-07 04:28:00,48050.0,100.0,988400.0
673,2021-10-07 04:27:55,48100.0,100.0,988300.0
674,2021-10-07 04:27:35,48100.0,200.0,988200.0
675,2021-10-07 04:27:15,48100.0,500.0,988000.0
676,2021-10-07 04:27:15,48100.0,100.0,987500.0
677,2021-10-07 04:27:15,48100.0,1400.0,987400.0
678,2021-10-07 04:27:15,48100.0,1300.0,986000.0
679,2021-10-07 04:26:17,48100.0,1000.0,984700.0
680,2021-10-07 04:26:15,48100.0,100.0,983700.0
681,2021-10-07 04:26:07,48100.0,200.0,983600.0
682,2021-10-07 04:26:07,48100.0,300.0,983400.0
683,2021-10-07 04:26:07,48100.0,1000.0,983100.0
684,2021-10-07 04:26:07,48100.0,1100.0,982100.0
685,2021-10-07 04:26:04,48100.0,1000.0,981000.0
686,2021-10-07 04:25:18,48050.0,600.0,980000.0
687,2021-10-07 04:25:18,48050.0,1100.0,979400.0
688,2021-10-07 04:25:18,48050.0,100.0,978300.0
689,2021-10-07 04:25:04,48050.0,100.0,978200.0
690,2021-10-07 04:24:51,48050.0,100.0,978100.0
691,2021-10-07 04:24:49,48100.0,2200.0,978000.0
692,2021-10-07 04:24:23,48000.0,500.0,975800.0
693,2021-10-07 04:23:27,48000.0,100.0,975300.0
694,2021-10-07 04:23:27,48000.0,100.0,975200.0
695,2021-10-07 04:23:27,48000.0,100.0,975100.0
696,2021-10-07 04:22:47,48000.0,100.0,975000.0
697,2021-10-07 04:22:47,48000.0,400.0,974900.0
698,2021-10-07 04:22:33,48000.0,1000.0,974500.0
699,2021-10-07 04:22:05,48000.0,2500.0,973500.0
700,2021-10-07 04:20:56,48000.0,1100.0,971000.0
701,2021-10-07 04:20:56,48000.0,200.0,969900.0
702,2021-10-07 04:20:56,48000.0,2500.0,969700.0
703,2021-10-07 04:20:56,48050.0,100.0,967200.0
704,2021-10-07 04:20:56,48050.0,100.0,967100.0
705,2021-10-07 04:20:32,48050.0,600.0,967000.0
706,2021-10-07 04:20:01,48050.0,800.0,966400.0
707,2021-10-07 04:19:11,48050.0,400.0,965600.0
708,2021-10-07 04:19:09,48050.0,1100.0,965200.0
709,2021-10-07 04:19:09,48050.0,900.0,964100.0
710,2021-10-07 04:18:54,48050.0,100.0,963200.0
711,2021-10-07 04:18:54,48050.0,200.0,963100.0
712,2021-10-07 04:18:38,48100.0,3000.0,962900.0
713,2021-10-07 04:17:57,48100.0,100.0,959900.0
714,2021-10-07 04:17:05,48150.0,100.0,959800.0
715,2021-10-07 04:15:21,48100.0,1000.0,959700.0
716,2021-10-07 04:15:21,48100.0,500.0,958700.0
717,2021-10-07 04:15:21,48100.0,1000.0,958200.0
718,2021-10-07 04:15:21,48100.0,300.0,957200.0
719,2021-10-07 04:15:21,48100.0,200.0,956900.0
720,2021-10-07 04:14:21,48100.0,300.0,956700.0
721,2021-10-07 04:13:42,48100.0,1000.0,956400.0
722,2021-10-07 04:13:28,48150.0,100.0,955400.0
723,2021-10-07 04:12:28,48150.0,800.0,955300.0
724,2021-10-07 04:12:13,48150.0,100.0,954500.0
725,2021-10-07 04:11:08,48150.0,400.0,954400.0
726,2021-10-07 04:11:06,48150.0,300.0,954000.0
727,2021-10-07 04:11:05,48200.0,200.0,953700.0
728,2021-10-07 04:10:44,48150.0,700.0,953500.0
729,2021-10-07 04:10:44,48150.0,300.0,952800.0
730,2021-10-07 04:10:44,48150.0,500.0,952500.0
731,2021-10-07 04:09:48,48150.0,300.0,952000.0
732,2021-10-07 04:09:44,48150.0,300.0,951700.0
733,2021-10-07 04:09:44,48150.0,300.0,951400.0
734,2021-10-07 04:09:44,48150.0,400.0,951100.0
735,2021-10-07 04:09:21,48150.0,100.0,950700.0
736,2021-10-07 04:09:17,48150.0,700.0,950600.0
737,2021-10-07 04:08:12,48150.0,100.0,949900.0
738,2021-10-07 04:07:37,48200.0,100.0,949800.0
739,2021-10-07 04:07:31,48200.0,200.0,949700.0
740,2021-10-07 04:07:10,48200.0,500.0,949500.0
741,2021-10-07 04:07:10,48200.0,200.0,949000.0
742,2021-10-07 04:05:48,48250.0,300.0,948800.0
743,2021-10-07 04:05:18,48200.0,100.0,948500.0
744,2021-10-07 04:05:18,48200.0,100.0,948400.0
745,2021-10-07 04:05:18,48200.0,200.0,948300.0
746,2021-10-07 04:05:18,48200.0,200.0,948100.0
747,2021-10-07 04:05:18,48100.0,200.0,947900.0
748,2021-10-07 04:05:14,48100.0,100.0,947700.0
749,2021-10-07 04:04:28,48200.0,100.0,947600.0
750,2021-10-07 04:04:23,48100.0,100.0,947500.0
751,2021-10-07 04:04:05,48200.0,400.0,947400.0
752,2021-10-07 04:03:32,48200.0,300.0,947000.0
753,2021-10-07 04:02:34,48200.0,100.0,946700.0
754,2021-10-07 04:02:33,48200.0,2600.0,946600.0
755,2021-10-07 04:02:33,48150.0,300.0,944000.0
756,2021-10-07 04:00:47,47950.0,100.0,943700.0
757,2021-10-07 04:00:47,47950.0,100.0,943600.0
758,2021-10-07 04:00:47,47950.0,100.0,943500.0
759,2021-10-07 04:00:47,47950.0,100.0,943400.0
760,2021-10-07 04:00:47,47950.0,500.0,943300.0
761,2021-10-07 04:00:47,47950.0,100.0,942800.0
762,2021-10-07 04:00:47,47950.0,100.0,942700.0
763,2021-10-07 04:00:47,47950.0,100.0,942600.0
764,2021-10-07 04:00:47,48000.0,100.0,942500.0
765,2021-10-07 04:00:47,48000.0,100.0,942400.0
766,2021-10-07 04:00:47,48000.0,1000.0,942300.0
767,2021-10-07 04:00:47,48000.0,200.0,941300.0
768,2021-10-07 04:00:47,48000.0,100.0,941100.0
769,2021-10-07 04:00:47,48000.0,500.0,941000.0
770,2021-10-07 04:00:47,48000.0,300.0,940500.0
771,2021-10-07 04:00:47,48000.0,200.0,940200.0
772,2021-10-07 04:00:47,48000.0,2000.0,940000.0
773,2021-10-07 04:00:47,48000.0,200.0,938000.0
774,2021-10-07 04:00:47,48000.0,200.0,937800.0
775,2021-10-07 04:00:47,48000.0,1000.0,937600.0
776,2021-10-07 04:00:47,48000.0,500.0,936600.0
777,2021-10-07 04:00:47,48000.0,2000.0,936100.0
778,2021-10-07 04:00:47,48000.0,500.0,934100.0
779,2021-10-07 04:00:47,48000.0,100.0,933600.0
780,2021-10-07 04:00:47,48000.0,100.0,933500.0
781,2021-10-07 04:00:47,48000.0,800.0,933400.0
782,2021-10-07 04:00:47,48000.0,100.0,932600.0
783,2021-10-07 04:00:47,48000.0,100.0,932500.0
784,2021-10-07 04:00:47,48050.0,1000.0,932400.0
785,2021-10-07 04:00:47,48050.0,100.0,931400.0
786,2021-10-07 04:00:47,48050.0,100.0,931300.0
787,2021-10-07 04:00:47,48050.0,100.0,931200.0
788,2021-10-07 04:00:47,48050.0,700.0,931100.0
789,2021-10-07 04:00:47,48100.0,500.0,930400.0
790,2021-10-07 04:00:47,48100.0,100.0,929900.0
791,2021-10-07 04:00:47,48100.0,200.0,929800.0
792,2021-10-07 04:00:47,48100.0,200.0,929600.0
793,2021-10-07 04:00:47,48100.0,100.0,929400.0
794,2021-10-07 04:00:47,48100.0,500.0,929300.0
795,2021-10-07 04:00:47,48100.0,500.0,928800.0
796,2021-10-07 04:00:47,48100.0,200.0,928300.0
797,2021-10-07 04:00:47,48100.0,500.0,928100.0
798,2021-10-07 04:00:47,48100.0,100.0,927600.0
799,2021-10-07 04:00:47,48150.0,200.0,927500.0
800,2021-10-07 04:00:47,48150.0,1100.0,927300.0
801,2021-10-07 04:00:47,48150.0,1000.0,926200.0
802,2021-10-07 04:00:47,48150.0,200.0,925200.0
803,2021-10-07 04:00:47,48150.0,100.0,925000.0
804,2021-10-07 04:00:47,48150.0,1000.0,924900.0
805,2021-10-07 04:00:47,48150.0,200.0,923900.0
806,2021-10-07 04:00:41,48150.0,300.0,923700.0
807,2021-10-07 04:00:06,48200.0,100.0,923400.0
808,2021-10-07 04:00:06,48200.0,1000.0,923300.0
809,2021-10-07 03:59:06,48200.0,100.0,922300.0
810,2021-10-07 03:58:18,48150.0,1000.0,922200.0
811,2021-10-07 03:57:24,48250.0,9200.0,921200.0
812,2021-10-07 03:57:24,48200.0,500.0,912000.0
813,2021-10-07 03:57:24,48200.0,300.0,911500.0
814,2021-10-07 03:56:53,48200.0,1100.0,911200.0
815,2021-10-07 03:56:42,48200.0,600.0,910100.0
816,2021-10-07 03:56:37,48150.0,500.0,909500.0
817,2021-10-07 03:56:37,48150.0,300.0,909000.0
818,2021-10-07 03:56:37,48150.0,200.0,908700.0
819,2021-10-07 03:56:08,48150.0,300.0,908500.0
820,2021-10-07 03:55:42,48200.0,200.0,908200.0
821,2021-10-07 03:55:42,48200.0,300.0,908000.0
822,2021-10-07 03:55:42,48200.0,1500.0,907700.0
823,2021-10-07 03:54:57,48200.0,100.0,906200.0
824,2021-10-07 03:54:50,48200.0,500.0,906100.0
825,2021-10-07 03:54:09,48200.0,1000.0,905600.0
826,2021-10-07 03:54:01,48250.0,1100.0,904600.0
827,2021-10-07 03:53:38,48200.0,200.0,903500.0
828,2021-10-07 03:53:29,48200.0,700.0,903300.0
829,2021-10-07 03:53:29,48200.0,300.0,902600.0
830,2021-10-07 03:53:08,48200.0,200.0,902300.0
831,2021-10-07 03:53:08,48200.0,100.0,902100.0
832,2021-10-07 03:52:33,48200.0,500.0,902000.0
833,2021-10-07 03:52:07,48200.0,200.0,901500.0
834,2021-10-07 03:52:07,48200.0,100.0,901300.0
835,2021-10-07 03:52:07,48200.0,300.0,901200.0
836,2021-10-07 03:51:35,48200.0,200.0,900900.0
837,2021-10-07 03:51:35,48200.0,100.0,900700.0
838,2021-10-07 03:50:57,48250.0,400.0,900600.0
839,2021-10-07 03:50:44,48250.0,400.0,900200.0
840,2021-10-07 03:50:44,48250.0,300.0,899800.0
841,2021-10-07 03:50:44,48250.0,100.0,899500.0
842,2021-10-07 03:50:44,48250.0,8800.0,899400.0
843,2021-10-07 03:50:29,48250.0,1200.0,890600.0
844,2021-10-07 03:50:29,48250.0,100.0,889400.0
845,2021-10-07 03:50:29,48250.0,700.0,889300.0
846,2021-10-07 03:50:15,48250.0,100.0,888600.0
847,2021-10-07 03:48:02,48250.0,100.0,888500.0
848,2021-10-07 03:47:51,48250.0,200.0,888400.0
849,2021-10-07 03:47:25,48200.0,100.0,888200.0
850,2021-10-07 03:47:02,48200.0,300.0,888100.0
851,2021-10-07 03:46:25,48300.0,300.0,887800.0
852,2021-10-07 03:46:25,48300.0,1000.0,887500.0
853,2021-10-07 03:46:25,48300.0,200.0,886500.0
854,2021-10-07 03:46:25,48300.0,100.0,886300.0
855,2021-10-07 03:46:25,48300.0,100.0,886200.0
856,2021-10-07 03:46:25,48300.0,100.0,886100.0
857,2021-10-07 03:46:25,48300.0,100.0,886000.0
858,2021-10-07 03:45:53,48200.0,100.0,885900.0
859,2021-10-07 03:45:36,48200.0,1000.0,885800.0
860,2021-10-07 03:45:10,48200.0,400.0,884800.0
861,2021-10-07 03:45:10,48200.0,100.0,884400.0
862,2021-10-07 03:43:34,48200.0,100.0,884300.0
863,2021-10-07 03:42:29,48200.0,300.0,884200.0
864,2021-10-07 03:41:26,48300.0,900.0,883900.0
865,2021-10-07 03:41:26,48300.0,4100.0,883000.0
866,2021-10-07 03:41:20,48200.0,100.0,878900.0
867,2021-10-07 03:41:20,48200.0,200.0,878800.0
868,2021-10-07 03:41:20,48200.0,100.0,878600.0
869,2021-10-07 03:41:20,48200.0,600.0,878500.0
870,2021-10-07 03:40:25,48200.0,400.0,877900.0
871,2021-10-07 03:39:51,48200.0,1000.0,877500.0
872,2021-10-07 03:38:36,48200.0,1000.0,876500.0
873,2021-10-07 03:38:25,48200.0,500.0,875500.0
874,2021-10-07 03:38:19,48150.0,300.0,875000.0
875,2021-10-07 03:37:59,48150.0,100.0,874700.0
876,2021-10-07 03:37:59,48150.0,100.0,874600.0
877,2021-10-07 03:37:56,48150.0,200.0,874500.0
878,2021-10-07 03:37:56,48150.0,100.0,874300.0
879,2021-10-07 03:37:50,48200.0,500.0,874200.0
880,2021-10-07 03:37:50,48200.0,500.0,873700.0
881,2021-10-07 03:37:39,48150.0,300.0,873200.0
882,2021-10-07 03:37:22,48150.0,300.0,872900.0
883,2021-10-07 03:37:22,48150.0,700.0,872600.0
884,2021-10-07 03:37:22,48150.0,100.0,871900.0
885,2021-10-07 03:37:22,48150.0,4200.0,871800.0
886,2021-10-07 03:37:16,48150.0,400.0,867600.0
887,2021-10-07 03:37:09,48150.0,400.0,867200.0
888,2021-10-07 03:37:09,48150.0,100.0,866800.0
889,2021-10-07 03:37:07,48150.0,100.0,866700.0
890,2021-10-07 03:37:01,48150.0,1000.0,866600.0
891,2021-10-07 03:36:54,48150.0,1000.0,865600.0
892,2021-10-07 03:36:42,48150.0,100.0,864600.0
893,2021-10-07 03:36:30,48150.0,200.0,864500.0
894,2021-10-07 03:36:29,48150.0,500.0,864300.0
895,2021-10-07 03:36:04,48150.0,100.0,863800.0
896,2021-10-07 03:35:54,48150.0,100.0,863700.0
897,2021-10-07 03:35:54,48150.0,100.0,863600.0
898,2021-10-07 03:35:08,48100.0,100.0,863500.0
899,2021-10-07 03:35:04,48100.0,100.0,863400.0
900,2021-10-07 03:35:04,48100.0,200.0,863300.0
901,2021-10-07 03:35:02,48100.0,100.0,863100.0
902,2021-10-07 03:34:53,48100.0,100.0,863000.0
903,2021-10-07 03:34:51,48100.0,600.0,862900.0
904,2021-10-07 03:34:51,48100.0,100.0,862300.0
905,2021-10-07 03:34:51,48100.0,100.0,862200.0
906,2021-10-07 03:34:47,48100.0,200.0,862100.0
907,2021-10-07 03:34:47,48100.0,100.0,861900.0
908,2021-10-07 03:33:52,48100.0,100.0,861800.0
909,2021-10-07 03:33:52,48100.0,100.0,861700.0
910,2021-10-07 03:33:45,48100.0,100.0,861600.0
911,2021-10-07 03:33:44,48100.0,500.0,861500.0
912,2021-10-07 03:33:43,48100.0,100.0,861000.0
913,2021-10-07 03:33:32,48100.0,1000.0,860900.0
914,2021-10-07 03:33:23,48050.0,300.0,859900.0
915,2021-10-07 03:32:57,48050.0,100.0,859600.0
916,2021-10-07 03:32:31,48000.0,300.0,859500.0
917,2021-10-07 03:32:31,48000.0,1000.0,859200.0
918,2021-10-07 03:32:31,48000.0,100.0,858200.0
919,2021-10-07 03:32:31,48000.0,900.0,858100.0
920,2021-10-07 03:32:22,48000.0,500.0,857200.0
921,2021-10-07 03:32:20,48000.0,2100.0,856700.0
922,2021-10-07 03:32:04,48000.0,300.0,854600.0
923,2021-10-07 03:31:49,48000.0,100.0,854300.0
924,2021-10-07 03:31:31,47950.0,100.0,854200.0
925,2021-10-07 03:30:51,47950.0,300.0,854100.0
926,2021-10-07 03:30:51,47950.0,500.0,853800.0
927,2021-10-07 03:30:51,47950.0,100.0,853300.0
928,2021-10-07 03:30:24,47950.0,200.0,853200.0
929,2021-10-07 03:30:22,47950.0,1000.0,853000.0
930,2021-10-07 03:30:22,47950.0,100.0,852000.0
931,2021-10-07 03:30:22,47900.0,500.0,851900.0
932,2021-10-07 03:30:22,47900.0,500.0,851400.0
933,2021-10-07 03:30:22,47900.0,100.0,850900.0
934,2021-10-07 03:30:22,47900.0,100.0,850800.0
935,2021-10-07 03:30:22,47900.0,200.0,850700.0
936,2021-10-07 03:30:22,47900.0,600.0,850500.0
937,2021-10-07 03:30:19,47950.0,10100.0,849900.0
938,2021-10-07 03:30:12,47950.0,200.0,839800.0
939,2021-10-07 03:30:11,47950.0,900.0,839600.0
940,2021-10-07 03:30:07,47950.0,500.0,838700.0
941,2021-10-07 03:29:56,47950.0,20000.0,838200.0
942,2021-10-07 03:29:56,47950.0,500.0,818200.0
943,2021-10-07 03:29:40,47900.0,300.0,817700.0
944,2021-10-07 03:29:38,47950.0,500.0,817400.0
945,2021-10-07 03:29:14,47900.0,1100.0,816900.0
946,2021-10-07 03:29:14,47900.0,500.0,815800.0
947,2021-10-07 03:29:14,47900.0,400.0,815300.0
948,2021-10-07 03:29:14,47900.0,200.0,814900.0
949,2021-10-07 03:29:14,47900.0,500.0,814700.0
950,2021-10-07 03:29:14,47900.0,200.0,814200.0
951,2021-10-07 03:29:14,47900.0,300.0,814000.0
952,2021-10-07 03:29:14,47900.0,100.0,813700.0
953,2021-10-07 03:29:02,47950.0,800.0,813600.0
954,2021-10-07 03:28:50,47900.0,300.0,812800.0
955,2021-10-07 03:28:27,47900.0,100.0,812500.0
956,2021-10-07 03:28:27,47900.0,500.0,812400.0
957,2021-10-07 03:28:27,47900.0,200.0,811900.0
958,2021-10-07 03:28:27,47900.0,100.0,811700.0
959,2021-10-07 03:28:27,47900.0,100.0,811600.0
960,2021-10-07 03:28:10,47950.0,100.0,811500.0
961,2021-10-07 03:28:05,47950.0,100.0,811400.0
962,2021-10-07 03:27:57,47950.0,200.0,811300.0
963,2021-10-07 03:27:38,47950.0,1000.0,811100.0
964,2021-10-07 03:27:20,47950.0,300.0,810100.0
965,2021-10-07 03:26:58,47950.0,2000.0,809800.0
966,2021-10-07 03:26:52,47900.0,200.0,807800.0
967,2021-10-07 03:26:49,47950.0,200.0,807600.0
968,2021-10-07 03:26:43,47950.0,500.0,807400.0
969,2021-10-07 03:26:22,47950.0,100.0,806900.0
970,2021-10-07 03:26:06,47950.0,100.0,806800.0
971,2021-10-07 03:25:43,47950.0,500.0,806700.0
972,2021-10-07 03:25:43,47950.0,100.0,806200.0
973,2021-10-07 03:25:30,48000.0,1000.0,806100.0
974,2021-10-07 03:25:07,48000.0,3000.0,805100.0
975,2021-10-07 03:25:07,48000.0,200.0,802100.0
976,2021-10-07 03:25:07,48000.0,500.0,801900.0
977,2021-10-07 03:25:07,48000.0,400.0,801400.0
978,2021-10-07 03:25:07,48000.0,100.0,801000.0
979,2021-10-07 03:25:07,48000.0,900.0,800900.0
980,2021-10-07 03:24:43,48000.0,200.0,800000.0
981,2021-10-07 03:24:17,48000.0,300.0,799800.0
982,2021-10-07 03:24:13,48000.0,100.0,799500.0
983,2021-10-07 03:23:59,48000.0,100.0,799400.0
984,2021-10-07 03:23:59,48000.0,200.0,799300.0
985,2021-10-07 03:23:59,48000.0,1100.0,799100.0
986,2021-10-07 03:23:35,48000.0,500.0,798000.0
987,2021-10-07 03:23:20,47900.0,200.0,797500.0
988,2021-10-07 03:23:20,47900.0,300.0,797300.0
989,2021-10-07 03:23:20,47900.0,200.0,797000.0
990,2021-10-07 03:23:20,47950.0,100.0,796800.0
991,2021-10-07 03:23:20,47950.0,200.0,796700.0
992,2021-10-07 03:23:14,47950.0,300.0,796500.0
993,2021-10-07 03:23:04,47950.0,500.0,796200.0
994,2021-10-07 03:22:33,48000.0,200.0,795700.0
995,2021-10-07 03:22:32,48000.0,100.0,795500.0
996,2021-10-07 03:22:32,48000.0,300.0,795400.0
997,2021-10-07 03:22:32,48000.0,2200.0,795100.0
998,2021-10-07 03:22:32,48000.0,100.0,792900.0
999,2021-10-07 03:22:32,48000.0,500.0,792800.0
1000,2021-10-07 03:22:32,48000.0,1000.0,792300.0
1001,2021-10-07 03:22:32,48000.0,100.0,791300.0
1002,2021-10-07 03:22:32,48000.0,1000.0,791200.0
1003,2021-10-07 03:22:32,48000.0,200.0,790200.0
1004,2021-10-07 03:22:32,48000.0,500.0,790000.0
1005,2021-10-07 03:22:32,48000.0,200.0,789500.0
1006,2021-10-07 03:22:32,48000.0,500.0,789300.0
1007,2021-10-07 03:22:32,48000.0,300.0,788800.0
1008,2021-10-07 03:22:32,48000.0,500.0,788500.0
1009,2021-10-07 03:22:32,48000.0,200.0,788000.0
1010,2021-10-07 03:22:32,48000.0,100.0,787800.0
1011,2021-10-07 03:22:32,48000.0,400.0,787700.0
1012,2021-10-07 03:22:32,48000.0,500.0,787300.0
1013,2021-10-07 03:22:32,48000.0,200.0,786800.0
1014,2021-10-07 03:22:32,48000.0,200.0,786600.0
1015,2021-10-07 03:22:32,48000.0,100.0,786400.0
1016,2021-10-07 03:22:32,48000.0,500.0,786300.0
1017,2021-10-07 03:22:32,48000.0,100.0,785800.0
1018,2021-10-07 03:22:32,48000.0,300.0,785700.0
1019,2021-10-07 03:22:32,48000.0,10000.0,785400.0
1020,2021-10-07 03:22:32,48000.0,500.0,775400.0
1021,2021-10-07 03:22:32,48000.0,100.0,774900.0
1022,2021-10-07 03:22:32,48000.0,500.0,774800.0
1023,2021-10-07 03:22:32,48000.0,400.0,774300.0
1024,2021-10-07 03:22:32,48000.0,3000.0,773900.0
1025,2021-10-07 03:22:32,48000.0,100.0,770900.0
1026,2021-10-07 03:22:32,48000.0,500.0,770800.0
1027,2021-10-07 03:22:32,48000.0,1000.0,770300.0
1028,2021-10-07 03:22:32,48000.0,100.0,769300.0
1029,2021-10-07 03:22:32,48000.0,200.0,769200.0
1030,2021-10-07 03:22:32,48000.0,300.0,769000.0
1031,2021-10-07 03:22:32,48000.0,5000.0,768700.0
1032,2021-10-07 03:22:32,48050.0,200.0,763700.0
1033,2021-10-07 03:22:32,48050.0,100.0,763500.0
1034,2021-10-07 03:22:32,48050.0,500.0,763400.0
1035,2021-10-07 03:22:32,48050.0,100.0,762900.0
1036,2021-10-07 03:22:28,48050.0,8700.0,762800.0
1037,2021-10-07 03:22:28,48050.0,1300.0,754100.0
1038,2021-10-07 03:22:01,48050.0,700.0,752800.0
1039,2021-10-07 03:22:01,48100.0,300.0,752100.0
1040,2021-10-07 03:22:01,48100.0,800.0,751800.0
1041,2021-10-07 03:22:01,48100.0,1000.0,751000.0
1042,2021-10-07 03:22:01,48100.0,100.0,750000.0
1043,2021-10-07 03:22:01,48100.0,100.0,749900.0
1044,2021-10-07 03:21:50,48100.0,900.0,749800.0
1045,2021-10-07 03:21:50,48100.0,100.0,748900.0
1046,2021-10-07 03:21:50,48100.0,400.0,748800.0
1047,2021-10-07 03:21:50,48100.0,200.0,748400.0
1048,2021-10-07 03:21:50,48100.0,300.0,748200.0
1049,2021-10-07 03:21:50,48100.0,100.0,747900.0
1050,2021-10-07 03:21:42,48100.0,700.0,747800.0
1051,2021-10-07 03:21:13,48100.0,400.0,747100.0
1052,2021-10-07 03:21:13,48100.0,300.0,746700.0
1053,2021-10-07 03:21:01,48150.0,400.0,746400.0
1054,2021-10-07 03:21:01,48150.0,200.0,746000.0
1055,2021-10-07 03:21:01,48150.0,100.0,745800.0
1056,2021-10-07 03:21:01,48150.0,1000.0,745700.0
1057,2021-10-07 03:20:48,48200.0,100.0,744700.0
1058,2021-10-07 03:20:48,48200.0,400.0,744600.0
1059,2021-10-07 03:19:43,48200.0,100.0,744200.0
1060,2021-10-07 03:19:43,48200.0,100.0,744100.0
1061,2021-10-07 03:19:43,48200.0,100.0,744000.0
1062,2021-10-07 03:19:38,48200.0,100.0,743900.0
1063,2021-10-07 03:19:38,48200.0,1500.0,743800.0
1064,2021-10-07 03:19:38,48200.0,300.0,742300.0
1065,2021-10-07 03:19:38,48200.0,200.0,742000.0
1066,2021-10-07 03:19:38,48200.0,100.0,741800.0
1067,2021-10-07 03:19:38,48200.0,400.0,741700.0
1068,2021-10-07 03:19:38,48200.0,1100.0,741300.0
1069,2021-10-07 03:19:38,48200.0,300.0,740200.0
1070,2021-10-07 03:19:38,48250.0,800.0,739900.0
1071,2021-10-07 03:19:38,48250.0,200.0,739100.0
1072,2021-10-07 03:19:27,48250.0,1800.0,738900.0
1073,2021-10-07 03:19:27,48250.0,200.0,737100.0
1074,2021-10-07 03:19:27,48250.0,800.0,736900.0
1075,2021-10-07 03:19:09,48250.0,500.0,736100.0
1076,2021-10-07 03:18:57,48250.0,500.0,735600.0
1077,2021-10-07 03:18:12,48300.0,500.0,735100.0
1078,2021-10-07 03:18:10,48250.0,500.0,734600.0
1079,2021-10-07 03:17:35,48250.0,100.0,734100.0
1080,2021-10-07 03:17:29,48300.0,100.0,734000.0
1081,2021-10-07 03:17:16,48300.0,300.0,733900.0
1082,2021-10-07 03:17:13,48300.0,200.0,733600.0
1083,2021-10-07 03:17:12,48300.0,200.0,733400.0
1084,2021-10-07 03:17:12,48300.0,500.0,733200.0
1085,2021-10-07 03:17:12,48300.0,100.0,732700.0
1086,2021-10-07 03:17:00,48300.0,200.0,732600.0
1087,2021-10-07 03:16:59,48300.0,100.0,732400.0
1088,2021-10-07 03:16:59,48300.0,400.0,732300.0
1089,2021-10-07 03:15:53,48300.0,100.0,731900.0
1090,2021-10-07 03:15:10,48300.0,300.0,731800.0
1091,2021-10-07 03:15:07,48300.0,100.0,731500.0
1092,2021-10-07 03:14:56,48300.0,100.0,731400.0
1093,2021-10-07 03:14:56,48300.0,100.0,731300.0
1094,2021-10-07 03:14:56,48300.0,200.0,731200.0
1095,2021-10-07 03:14:56,48300.0,2000.0,731000.0
1096,2021-10-07 03:14:56,48300.0,6700.0,729000.0
1097,2021-10-07 03:14:55,48300.0,3000.0,722300.0
1098,2021-10-07 03:14:44,48300.0,1000.0,719300.0
1099,2021-10-07 03:14:30,48300.0,5000.0,718300.0
1100,2021-10-07 03:14:22,48250.0,400.0,713300.0
1101,2021-10-07 03:14:19,48300.0,9300.0,712900.0
1102,2021-10-07 03:14:19,48300.0,700.0,703600.0
1103,2021-10-07 03:14:08,48300.0,100.0,702900.0
1104,2021-10-07 03:13:32,48250.0,400.0,702800.0
1105,2021-10-07 03:13:15,48250.0,200.0,702400.0
1106,2021-10-07 03:13:15,48250.0,800.0,702200.0
1107,2021-10-07 03:11:59,48300.0,200.0,701400.0
1108,2021-10-07 03:11:59,48300.0,700.0,701200.0
1109,2021-10-07 03:11:59,48300.0,200.0,700500.0
1110,2021-10-07 03:10:37,48250.0,300.0,700300.0
1111,2021-10-07 03:10:26,48300.0,300.0,700000.0
1112,2021-10-07 03:10:26,48300.0,100.0,699700.0
1113,2021-10-07 03:10:26,48300.0,100.0,699600.0
1114,2021-10-07 03:10:26,48300.0,500.0,699500.0
1115,2021-10-07 03:10:26,48300.0,200.0,699000.0
1116,2021-10-07 03:09:50,48200.0,200.0,698800.0
1117,2021-10-07 03:09:50,48200.0,300.0,698600.0
1118,2021-10-07 03:09:50,48200.0,200.0,698300.0
1119,2021-10-07 03:09:50,48200.0,1000.0,698100.0
1120,2021-10-07 03:09:50,48200.0,200.0,697100.0
1121,2021-10-07 03:09:50,48200.0,100.0,696900.0
1122,2021-10-07 03:09:31,48200.0,500.0,696800.0
1123,2021-10-07 03:08:56,48200.0,400.0,696300.0
1124,2021-10-07 03:08:35,48300.0,100.0,695900.0
1125,2021-10-07 03:08:10,48200.0,100.0,695800.0
1126,2021-10-07 03:08:10,48200.0,400.0,695700.0
1127,2021-10-07 03:08:10,48250.0,1000.0,695300.0
1128,2021-10-07 03:07:47,48300.0,1000.0,694300.0
1129,2021-10-07 03:06:17,48300.0,8200.0,693300.0
1130,2021-10-07 03:06:17,48300.0,1600.0,685100.0
1131,2021-10-07 03:06:17,48250.0,200.0,683500.0
1132,2021-10-07 03:06:05,48250.0,100.0,683300.0
1133,2021-10-07 03:05:42,48250.0,200.0,683200.0
1134,2021-10-07 03:05:36,48200.0,600.0,683000.0
1135,2021-10-07 03:05:36,48200.0,400.0,682400.0
1136,2021-10-07 03:05:13,48200.0,100.0,682000.0
1137,2021-10-07 03:04:35,48250.0,100.0,681900.0
1138,2021-10-07 03:03:37,48300.0,200.0,681800.0
1139,2021-10-07 03:02:57,48300.0,200.0,681600.0
1140,2021-10-07 03:01:44,48400.0,100.0,681400.0
1141,2021-10-07 03:01:31,48400.0,100.0,681300.0
1142,2021-10-07 03:01:31,48400.0,300.0,681200.0
1143,2021-10-07 03:01:30,48400.0,100.0,680900.0
1144,2021-10-07 03:01:29,48400.0,1000.0,680800.0
1145,2021-10-07 03:01:24,48400.0,700.0,679800.0
1146,2021-10-07 03:01:15,48400.0,1400.0,679100.0
1147,2021-10-07 03:00:12,48400.0,400.0,677700.0
1148,2021-10-07 03:00:12,48400.0,600.0,677300.0
1149,2021-10-07 02:59:59,48400.0,9400.0,676700.0
1150,2021-10-07 02:59:59,48400.0,600.0,667300.0
1151,2021-10-07 02:59:55,48400.0,300.0,666700.0
1152,2021-10-07 02:59:49,48400.0,100.0,666400.0
1153,2021-10-07 02:59:49,48400.0,700.0,666300.0
1154,2021-10-07 02:59:47,48450.0,200.0,665600.0
1155,2021-10-07 02:58:45,48450.0,400.0,665400.0
1156,2021-10-07 02:58:45,48450.0,500.0,665000.0
1157,2021-10-07 02:58:45,48450.0,2400.0,664500.0
1158,2021-10-07 02:58:24,48450.0,2600.0,662100.0
1159,2021-10-07 02:58:24,48450.0,200.0,659500.0
1160,2021-10-07 02:58:24,48450.0,900.0,659300.0
1161,2021-10-07 02:58:24,48450.0,100.0,658400.0
1162,2021-10-07 02:58:24,48450.0,500.0,658300.0
1163,2021-10-07 02:58:24,48450.0,300.0,657800.0
1164,2021-10-07 02:58:24,48450.0,500.0,657500.0
1165,2021-10-07 02:58:24,48450.0,4900.0,657000.0
1166,2021-10-07 02:58:10,48450.0,100.0,652100.0
1167,2021-10-07 02:58:10,48450.0,300.0,652000.0
1168,2021-10-07 02:58:10,48450.0,100.0,651700.0
1169,2021-10-07 02:58:07,48400.0,1000.0,651600.0
1170,2021-10-07 02:57:49,48400.0,1000.0,650600.0
1171,2021-10-07 02:57:49,48400.0,200.0,649600.0
1172,2021-10-07 02:57:49,48400.0,200.0,649400.0
1173,2021-10-07 02:57:49,48400.0,100.0,649200.0
1174,2021-10-07 02:57:49,48400.0,100.0,649100.0
1175,2021-10-07 02:57:49,48400.0,3000.0,649000.0
1176,2021-10-07 02:57:49,48400.0,1100.0,646000.0
1177,2021-10-07 02:57:49,48400.0,100.0,644900.0
1178,2021-10-07 02:57:49,48400.0,1400.0,644800.0
1179,2021-10-07 02:57:49,48300.0,1100.0,643400.0
1180,2021-10-07 02:57:48,48200.0,100.0,642300.0
1181,2021-10-07 02:57:44,48300.0,1000.0,642200.0
1182,2021-10-07 02:57:44,48300.0,500.0,641200.0
1183,2021-10-07 02:57:44,48300.0,1100.0,640700.0
1184,2021-10-07 02:57:44,48300.0,600.0,639600.0
1185,2021-10-07 02:57:44,48300.0,500.0,639000.0
1186,2021-10-07 02:57:44,48300.0,100.0,638500.0
1187,2021-10-07 02:57:44,48300.0,100.0,638400.0
1188,2021-10-07 02:57:43,48300.0,100.0,638300.0
1189,2021-10-07 02:56:58,48300.0,100.0,638200.0
1190,2021-10-07 02:56:58,48300.0,200.0,638100.0
1191,2021-10-07 02:56:55,48400.0,200.0,637900.0
1192,2021-10-07 02:56:24,48400.0,400.0,637700.0
1193,2021-10-07 02:56:24,48400.0,100.0,637300.0
1194,2021-10-07 02:56:24,48400.0,500.0,637200.0
1195,2021-10-07 02:56:01,48400.0,200.0,636700.0
1196,2021-10-07 02:56:01,48400.0,800.0,636500.0
1197,2021-10-07 02:55:42,48400.0,100.0,635700.0
1198,2021-10-07 02:54:56,48400.0,100.0,635600.0
1199,2021-10-07 02:54:53,48400.0,5500.0,635500.0
1200,2021-10-07 02:54:29,48400.0,200.0,630000.0
1201,2021-10-07 02:54:29,48400.0,700.0,629800.0
1202,2021-10-07 02:54:29,48400.0,2000.0,629100.0
1203,2021-10-07 02:54:29,48400.0,500.0,627100.0
1204,2021-10-07 02:54:29,48400.0,100.0,626600.0
1205,2021-10-07 02:54:19,48450.0,400.0,626500.0
1206,2021-10-07 02:54:19,48450.0,100.0,626100.0
1207,2021-10-07 02:54:18,48400.0,8300.0,626000.0
1208,2021-10-07 02:54:18,48400.0,1700.0,617700.0
1209,2021-10-07 02:54:03,48400.0,100.0,616000.0
1210,2021-10-07 02:53:46,48400.0,100.0,615900.0
1211,2021-10-07 02:53:41,48400.0,1000.0,615800.0
1212,2021-10-07 02:53:22,48400.0,2000.0,614800.0
1213,2021-10-07 02:53:11,48400.0,100.0,612800.0
1214,2021-10-07 02:52:58,48450.0,100.0,612700.0
1215,2021-10-07 02:52:58,48450.0,100.0,612600.0
1216,2021-10-07 02:52:53,48450.0,800.0,612500.0
1217,2021-10-07 02:52:40,48450.0,200.0,611700.0
1218,2021-10-07 02:52:33,48450.0,200.0,611500.0
1219,2021-10-07 02:52:33,48450.0,900.0,611300.0
1220,2021-10-07 02:52:26,48400.0,300.0,610400.0
1221,2021-10-07 02:52:25,48400.0,300.0,610100.0
1222,2021-10-07 02:52:25,48450.0,2000.0,609800.0
1223,2021-10-07 02:52:20,48450.0,2100.0,607800.0
1224,2021-10-07 02:52:20,48450.0,100.0,605700.0
1225,2021-10-07 02:52:20,48450.0,10700.0,605600.0
1226,2021-10-07 02:52:20,48450.0,500.0,594900.0
1227,2021-10-07 02:52:20,48450.0,5000.0,594400.0
1228,2021-10-07 02:52:20,48450.0,500.0,589400.0
1229,2021-10-07 02:52:20,48450.0,1100.0,588900.0
1230,2021-10-07 02:52:00,48450.0,3900.0,587800.0
1231,2021-10-07 02:52:00,48450.0,100.0,583900.0
1232,2021-10-07 02:51:41,48400.0,500.0,583800.0
1233,2021-10-07 02:51:31,48400.0,500.0,583300.0
1234,2021-10-07 02:51:22,48400.0,100.0,582800.0
1235,2021-10-07 02:51:22,48400.0,100.0,582700.0
1236,2021-10-07 02:51:19,48450.0,100.0,582600.0
1237,2021-10-07 02:51:19,48450.0,500.0,582500.0
1238,2021-10-07 02:51:19,48450.0,1000.0,582000.0
1239,2021-10-07 02:51:13,48400.0,400.0,581000.0
1240,2021-10-07 02:51:13,48400.0,100.0,580600.0
1241,2021-10-07 02:50:49,48400.0,300.0,580500.0
1242,2021-10-07 02:50:32,48400.0,100.0,580200.0
1243,2021-10-07 02:50:32,48400.0,500.0,580100.0
1244,2021-10-07 02:50:32,48400.0,100.0,579600.0
1245,2021-10-07 02:50:27,48400.0,200.0,579500.0
1246,2021-10-07 02:49:49,48400.0,500.0,579300.0
1247,2021-10-07 02:49:30,48450.0,100.0,578800.0
1248,2021-10-07 02:49:17,48450.0,200.0,578700.0
1249,2021-10-07 02:49:11,48300.0,300.0,578500.0
1250,2021-10-07 02:49:11,48300.0,100.0,578200.0
1251,2021-10-07 02:49:11,48300.0,100.0,578100.0
1252,2021-10-07 02:49:11,48300.0,100.0,578000.0
1253,2021-10-07 02:49:10,48450.0,3300.0,577900.0
1254,2021-10-07 02:49:07,48450.0,200.0,574600.0
1255,2021-10-07 02:49:07,48450.0,200.0,574400.0
1256,2021-10-07 02:48:59,48450.0,300.0,574200.0
1257,2021-10-07 02:48:54,48450.0,400.0,573900.0
1258,2021-10-07 02:48:54,48450.0,100.0,573500.0
1259,2021-10-07 02:48:54,48450.0,1000.0,573400.0
1260,2021-10-07 02:48:34,48450.0,300.0,572400.0
1261,2021-10-07 02:48:34,48450.0,200.0,572100.0
1262,2021-10-07 02:48:34,48450.0,100.0,571900.0
1263,2021-10-07 02:48:34,48450.0,100.0,571800.0
1264,2021-10-07 02:48:34,48450.0,700.0,571700.0
1265,2021-10-07 02:48:34,48450.0,500.0,571000.0
1266,2021-10-07 02:48:34,48450.0,100.0,570500.0
1267,2021-10-07 02:48:34,48450.0,500.0,570400.0
1268,2021-10-07 02:48:34,48450.0,400.0,569900.0
1269,2021-10-07 02:48:32,48450.0,500.0,569500.0
1270,2021-10-07 02:48:32,48450.0,1200.0,569000.0
1271,2021-10-07 02:48:32,48400.0,300.0,567800.0
1272,2021-10-07 02:48:30,48400.0,200.0,567500.0
1273,2021-10-07 02:48:26,48400.0,100.0,567300.0
1274,2021-10-07 02:48:17,48400.0,400.0,567200.0
1275,2021-10-07 02:48:17,48400.0,600.0,566800.0
1276,2021-10-07 02:48:13,48400.0,500.0,566200.0
1277,2021-10-07 02:48:09,48400.0,200.0,565700.0
1278,2021-10-07 02:48:09,48400.0,300.0,565500.0
1279,2021-10-07 02:48:07,48450.0,200.0,565200.0
1280,2021-10-07 02:48:07,48400.0,500.0,565000.0
1281,2021-10-07 02:47:52,48400.0,300.0,564500.0
1282,2021-10-07 02:47:21,48450.0,100.0,564200.0
1283,2021-10-07 02:47:08,48450.0,600.0,564100.0
1284,2021-10-07 02:47:08,48450.0,100.0,563500.0
1285,2021-10-07 02:47:08,48400.0,100.0,563400.0
1286,2021-10-07 02:47:03,48400.0,400.0,563300.0
1287,2021-10-07 02:47:03,48400.0,1100.0,562900.0
1288,2021-10-07 02:46:46,48400.0,700.0,561800.0
1289,2021-10-07 02:46:46,48350.0,300.0,561100.0
1290,2021-10-07 02:46:44,48300.0,100.0,560800.0
1291,2021-10-07 02:46:28,48300.0,400.0,560700.0
1292,2021-10-07 02:46:28,48300.0,600.0,560300.0
1293,2021-10-07 02:46:26,48300.0,200.0,559700.0
1294,2021-10-07 02:46:26,48300.0,1000.0,559500.0
1295,2021-10-07 02:46:26,48300.0,800.0,558500.0
1296,2021-10-07 02:46:26,48300.0,200.0,557700.0
1297,2021-10-07 02:46:26,48300.0,3200.0,557500.0
1298,2021-10-07 02:46:26,48200.0,100.0,554300.0
1299,2021-10-07 02:46:26,48200.0,300.0,554200.0
1300,2021-10-07 02:46:26,48200.0,4200.0,553900.0
1301,2021-10-07 02:45:56,48200.0,500.0,549700.0
1302,2021-10-07 02:45:51,48200.0,100.0,549200.0
1303,2021-10-07 02:45:37,48200.0,200.0,549100.0
1304,2021-10-07 02:45:37,48200.0,100.0,548900.0
1305,2021-10-07 02:45:21,48200.0,200.0,548800.0
1306,2021-10-07 02:45:10,48200.0,200.0,548600.0
1307,2021-10-07 02:45:10,48200.0,100.0,548400.0
1308,2021-10-07 02:45:08,48200.0,100.0,548300.0
1309,2021-10-07 02:45:01,48200.0,400.0,548200.0
1310,2021-10-07 02:45:01,48200.0,900.0,547800.0
1311,2021-10-07 02:45:01,48200.0,1500.0,546900.0
1312,2021-10-07 02:45:01,48200.0,200.0,545400.0
1313,2021-10-07 02:44:19,48200.0,200.0,545200.0
1314,2021-10-07 02:44:12,48200.0,500.0,545000.0
1315,2021-10-07 02:43:56,48200.0,300.0,544500.0
1316,2021-10-07 02:43:56,48200.0,100.0,544200.0
1317,2021-10-07 02:43:56,48200.0,100.0,544100.0
1318,2021-10-07 02:43:56,48200.0,1000.0,544000.0
1319,2021-10-07 02:43:56,48200.0,9300.0,543000.0
1320,2021-10-07 02:43:56,48150.0,200.0,533700.0
1321,2021-10-07 02:43:52,48150.0,300.0,533500.0
1322,2021-10-07 02:43:45,48150.0,500.0,533200.0
1323,2021-10-07 02:43:32,48150.0,500.0,532700.0
1324,2021-10-07 02:43:20,48150.0,300.0,532200.0
1325,2021-10-07 02:43:11,48150.0,1600.0,531900.0
1326,2021-10-07 02:43:11,48150.0,2000.0,530300.0
1327,2021-10-07 02:43:11,48150.0,900.0,528300.0
1328,2021-10-07 02:43:11,48150.0,500.0,527400.0
1329,2021-10-07 02:43:07,48200.0,700.0,526900.0
1330,2021-10-07 02:43:07,48200.0,100.0,526200.0
1331,2021-10-07 02:43:07,48200.0,1200.0,526100.0
1332,2021-10-07 02:42:50,48200.0,800.0,524900.0
1333,2021-10-07 02:42:50,48200.0,1200.0,524100.0
1334,2021-10-07 02:42:25,48200.0,300.0,522900.0
1335,2021-10-07 02:42:25,48200.0,300.0,522600.0
1336,2021-10-07 02:42:23,48150.0,100.0,522300.0
1337,2021-10-07 02:42:17,48200.0,100.0,522200.0
1338,2021-10-07 02:42:17,48200.0,600.0,522100.0
1339,2021-10-07 02:41:44,48200.0,400.0,521500.0
1340,2021-10-07 02:41:44,48200.0,400.0,521100.0
1341,2021-10-07 02:41:24,48200.0,200.0,520700.0
1342,2021-10-07 02:41:10,48200.0,200.0,520500.0
1343,2021-10-07 02:41:10,48150.0,1800.0,520300.0
1344,2021-10-07 02:41:06,48000.0,100.0,518500.0
1345,2021-10-07 02:41:06,48000.0,100.0,518400.0
1346,2021-10-07 02:41:06,48000.0,100.0,518300.0
1347,2021-10-07 02:41:06,48000.0,400.0,518200.0
1348,2021-10-07 02:41:06,48000.0,4600.0,517800.0
1349,2021-10-07 02:41:06,48050.0,200.0,513200.0
1350,2021-10-07 02:41:06,48050.0,1000.0,513000.0
1351,2021-10-07 02:41:06,48100.0,3500.0,512000.0
1352,2021-10-07 02:41:06,48100.0,200.0,508500.0
1353,2021-10-07 02:41:06,48100.0,3000.0,508300.0
1354,2021-10-07 02:41:06,48100.0,200.0,505300.0
1355,2021-10-07 02:41:06,48100.0,100.0,505100.0
1356,2021-10-07 02:41:06,48100.0,100.0,505000.0
1357,2021-10-07 02:41:06,48100.0,1000.0,504900.0
1358,2021-10-07 02:41:06,48100.0,300.0,503900.0
1359,2021-10-07 02:41:06,48100.0,100.0,503600.0
1360,2021-10-07 02:41:06,48100.0,300.0,503500.0
1361,2021-10-07 02:40:57,48150.0,200.0,503200.0
1362,2021-10-07 02:40:48,48200.0,200.0,503000.0
1363,2021-10-07 02:40:48,48200.0,300.0,502800.0
1364,2021-10-07 02:40:44,48200.0,100.0,502500.0
1365,2021-10-07 02:40:26,48200.0,100.0,502400.0
1366,2021-10-07 02:40:18,48200.0,100.0,502300.0
1367,2021-10-07 02:40:09,48100.0,100.0,502200.0
1368,2021-10-07 02:40:08,48200.0,100.0,502100.0
1369,2021-10-07 02:40:02,48200.0,300.0,502000.0
1370,2021-10-07 02:40:00,48200.0,100.0,501700.0
1371,2021-10-07 02:39:59,48300.0,2000.0,501600.0
1372,2021-10-07 02:39:57,48200.0,400.0,499600.0
1373,2021-10-07 02:39:57,48200.0,100.0,499200.0
1374,2021-10-07 02:39:57,48200.0,100.0,499100.0
1375,2021-10-07 02:39:57,48200.0,400.0,499000.0
1376,2021-10-07 02:39:56,48200.0,400.0,498600.0
1377,2021-10-07 02:39:56,48200.0,100.0,498200.0
1378,2021-10-07 02:39:56,48300.0,500.0,498100.0
1379,2021-10-07 02:39:50,48200.0,4900.0,497600.0
1380,2021-10-07 02:39:50,48200.0,100.0,492700.0
1381,2021-10-07 02:39:50,48200.0,5000.0,492600.0
1382,2021-10-07 02:39:50,48300.0,3700.0,487600.0
1383,2021-10-07 02:39:44,48300.0,100.0,483900.0
1384,2021-10-07 02:39:43,48300.0,2000.0,483800.0
1385,2021-10-07 02:39:27,48300.0,100.0,481800.0
1386,2021-10-07 02:39:07,48300.0,400.0,481700.0
1387,2021-10-07 02:39:07,48300.0,400.0,481300.0
1388,2021-10-07 02:39:07,48300.0,200.0,480900.0
1389,2021-10-07 02:39:07,48300.0,500.0,480700.0
1390,2021-10-07 02:39:07,48300.0,100.0,480200.0
1391,2021-10-07 02:39:07,48300.0,300.0,480100.0
1392,2021-10-07 02:39:07,48300.0,200.0,479800.0
1393,2021-10-07 02:39:07,48400.0,1100.0,479600.0
1394,2021-10-07 02:39:07,48400.0,1000.0,478500.0
1395,2021-10-07 02:39:07,48400.0,100.0,477500.0
1396,2021-10-07 02:38:53,48450.0,500.0,477400.0
1397,2021-10-07 02:38:53,48450.0,2300.0,476900.0
1398,2021-10-07 02:38:46,48450.0,200.0,474600.0
1399,2021-10-07 02:38:27,48500.0,200.0,474400.0
1400,2021-10-07 02:38:27,48450.0,200.0,474200.0
1401,2021-10-07 02:38:23,48450.0,200.0,474000.0
1402,2021-10-07 02:38:22,48450.0,800.0,473800.0
1403,2021-10-07 02:38:22,48500.0,100.0,473000.0
1404,2021-10-07 02:38:22,48500.0,100.0,472900.0
1405,2021-10-07 02:38:19,48450.0,100.0,472800.0
1406,2021-10-07 02:38:19,48450.0,1200.0,472700.0
1407,2021-10-07 02:38:16,48450.0,800.0,471500.0
1408,2021-10-07 02:38:08,48450.0,2800.0,470700.0
1409,2021-10-07 02:38:08,48450.0,200.0,467900.0
1410,2021-10-07 02:37:54,48400.0,100.0,467700.0
1411,2021-10-07 02:37:50,48450.0,100.0,467600.0
1412,2021-10-07 02:37:48,48450.0,200.0,467500.0
1413,2021-10-07 02:37:38,48400.0,100.0,467300.0
1414,2021-10-07 02:37:38,48400.0,500.0,467200.0
1415,2021-10-07 02:37:38,48400.0,100.0,466700.0
1416,2021-10-07 02:37:38,48400.0,300.0,466600.0
1417,2021-10-07 02:37:35,48450.0,400.0,466300.0
1418,2021-10-07 02:37:32,48450.0,2000.0,465900.0
1419,2021-10-07 02:37:21,48450.0,2000.0,463900.0
1420,2021-10-07 02:37:21,48450.0,100.0,461900.0
1421,2021-10-07 02:37:18,48500.0,200.0,461800.0
1422,2021-10-07 02:37:01,48500.0,200.0,461600.0
1423,2021-10-07 02:37:01,48500.0,1800.0,461400.0
1424,2021-10-07 02:36:54,48500.0,200.0,459600.0
1425,2021-10-07 02:36:54,48500.0,800.0,459400.0
1426,2021-10-07 02:36:46,48500.0,500.0,458600.0
1427,2021-10-07 02:36:44,48500.0,1300.0,458100.0
1428,2021-10-07 02:36:37,48500.0,3000.0,456800.0
1429,2021-10-07 02:36:33,48500.0,400.0,453800.0
1430,2021-10-07 02:36:32,48500.0,600.0,453400.0
1431,2021-10-07 02:36:31,48500.0,400.0,452800.0
1432,2021-10-07 02:36:31,48500.0,600.0,452400.0
1433,2021-10-07 02:36:26,48500.0,100.0,451800.0
1434,2021-10-07 02:36:24,48500.0,700.0,451700.0
1435,2021-10-07 02:36:20,48500.0,500.0,451000.0
1436,2021-10-07 02:36:20,48500.0,100.0,450500.0
1437,2021-10-07 02:36:20,48500.0,4000.0,450400.0
1438,2021-10-07 02:36:20,48500.0,100.0,446400.0
1439,2021-10-07 02:36:20,48500.0,200.0,446300.0
1440,2021-10-07 02:36:20,48500.0,2000.0,446100.0
1441,2021-10-07 02:36:20,48500.0,11700.0,444100.0
1442,2021-10-07 02:36:18,48550.0,2900.0,432400.0
1443,2021-10-07 02:36:17,48550.0,1900.0,429500.0
1444,2021-10-07 02:36:17,48550.0,100.0,427600.0
1445,2021-10-07 02:36:17,48550.0,200.0,427500.0
1446,2021-10-07 02:36:11,48500.0,300.0,427300.0
1447,2021-10-07 02:36:11,48500.0,700.0,427000.0
1448,2021-10-07 02:36:06,48550.0,200.0,426300.0
1449,2021-10-07 02:36:06,48550.0,800.0,426100.0
1450,2021-10-07 02:36:02,48500.0,300.0,425300.0
1451,2021-10-07 02:36:02,48500.0,1000.0,425000.0
1452,2021-10-07 02:36:02,48500.0,1200.0,424000.0
1453,2021-10-07 02:35:53,48500.0,5500.0,422800.0
1454,2021-10-07 02:35:53,48500.0,1000.0,417300.0
1455,2021-10-07 02:35:53,48500.0,100.0,416300.0
1456,2021-10-07 02:35:53,48500.0,200.0,416200.0
1457,2021-10-07 02:35:53,48500.0,500.0,416000.0
1458,2021-10-07 02:35:53,48500.0,700.0,415500.0
1459,2021-10-07 02:35:51,48550.0,200.0,414800.0
1460,2021-10-07 02:35:31,48500.0,300.0,414600.0
1461,2021-10-07 02:35:31,48500.0,600.0,414300.0
1462,2021-10-07 02:35:31,48550.0,500.0,413700.0
1463,2021-10-07 02:35:28,48600.0,3600.0,413200.0
1464,2021-10-07 02:35:25,48600.0,3200.0,409600.0
1465,2021-10-07 02:35:25,48550.0,400.0,406400.0
1466,2021-10-07 02:35:25,48550.0,400.0,406000.0
1467,2021-10-07 02:35:24,48500.0,400.0,405600.0
1468,2021-10-07 02:35:24,48500.0,600.0,405200.0
1469,2021-10-07 02:35:21,48550.0,200.0,404600.0
1470,2021-10-07 02:35:20,48500.0,100.0,404400.0
1471,2021-10-07 02:35:17,48500.0,2200.0,404300.0
1472,2021-10-07 02:35:17,48500.0,500.0,402100.0
1473,2021-10-07 02:35:17,48500.0,1000.0,401600.0
1474,2021-10-07 02:35:17,48500.0,1300.0,400600.0
1475,2021-10-07 02:35:14,48500.0,100.0,399300.0
1476,2021-10-07 02:35:12,48500.0,500.0,399200.0
1477,2021-10-07 02:35:11,48550.0,200.0,398700.0
1478,2021-10-07 02:35:11,48550.0,500.0,398500.0
1479,2021-10-07 02:35:07,48500.0,100.0,398000.0
1480,2021-10-07 02:35:06,48500.0,100.0,397900.0
1481,2021-10-07 02:35:05,48500.0,1000.0,397800.0
1482,2021-10-07 02:35:04,48500.0,1900.0,396800.0
1483,2021-10-07 02:35:03,48500.0,100.0,394900.0
1484,2021-10-07 02:35:03,48500.0,600.0,394800.0
1485,2021-10-07 02:35:03,48500.0,100.0,394200.0
1486,2021-10-07 02:35:03,48500.0,500.0,394100.0
1487,2021-10-07 02:35:03,48500.0,500.0,393600.0
1488,2021-10-07 02:35:03,48500.0,100.0,393100.0
1489,2021-10-07 02:35:03,48500.0,1000.0,393000.0
1490,2021-10-07 02:35:03,48500.0,200.0,392000.0
1491,2021-10-07 02:35:03,48500.0,6000.0,391800.0
1492,2021-10-07 02:35:03,48500.0,100.0,385800.0
1493,2021-10-07 02:35:03,48500.0,200.0,385700.0
1494,2021-10-07 02:35:03,48500.0,200.0,385500.0
1495,2021-10-07 02:35:03,48500.0,400.0,385300.0
1496,2021-10-07 02:35:03,48500.0,200.0,384900.0
1497,2021-10-07 02:35:03,48500.0,200.0,384700.0
1498,2021-10-07 02:35:03,48500.0,500.0,384500.0
1499,2021-10-07 02:35:03,48500.0,200.0,384000.0
1500,2021-10-07 02:35:03,48500.0,1000.0,383800.0
1501,2021-10-07 02:35:03,48500.0,400.0,382800.0
1502,2021-10-07 02:35:01,48500.0,500.0,382400.0
1503,2021-10-07 02:34:59,48500.0,100.0,381900.0
1504,2021-10-07 02:34:59,48500.0,200.0,381800.0
1505,2021-10-07 02:34:59,48500.0,1000.0,381600.0
1506,2021-10-07 02:34:59,48500.0,1000.0,380600.0
1507,2021-10-07 02:34:59,48500.0,1200.0,379600.0
1508,2021-10-07 02:34:59,48500.0,100.0,378400.0
1509,2021-10-07 02:34:59,48500.0,1000.0,378300.0
1510,2021-10-07 02:34:59,48500.0,500.0,377300.0
1511,2021-10-07 02:34:59,48500.0,500.0,376800.0
1512,2021-10-07 02:34:59,48500.0,300.0,376300.0
1513,2021-10-07 02:34:58,48500.0,100.0,376000.0
1514,2021-10-07 02:34:57,48500.0,1500.0,375900.0
1515,2021-10-07 02:34:56,48450.0,500.0,374400.0
1516,2021-10-07 02:34:56,48450.0,1000.0,373900.0
1517,2021-10-07 02:34:56,48450.0,3000.0,372900.0
1518,2021-10-07 02:34:56,48450.0,300.0,369900.0
1519,2021-10-07 02:34:56,48450.0,200.0,369600.0
1520,2021-10-07 02:34:55,48500.0,100.0,369400.0
1521,2021-10-07 02:34:55,48500.0,9100.0,369300.0
1522,2021-10-07 02:34:55,48500.0,200.0,360200.0
1523,2021-10-07 02:34:54,48500.0,400.0,360000.0
1524,2021-10-07 02:34:54,48500.0,500.0,359600.0
1525,2021-10-07 02:34:54,48500.0,100.0,359100.0
1526,2021-10-07 02:34:54,48500.0,200.0,359000.0
1527,2021-10-07 02:34:54,48500.0,2900.0,358800.0
1528,2021-10-07 02:34:54,48500.0,100.0,355900.0
1529,2021-10-07 02:34:54,48500.0,400.0,355800.0
1530,2021-10-07 02:34:54,48500.0,300.0,355400.0
1531,2021-10-07 02:34:54,48500.0,600.0,355100.0
1532,2021-10-07 02:34:51,48500.0,100.0,354500.0
1533,2021-10-07 02:34:51,48500.0,100.0,354400.0
1534,2021-10-07 02:34:51,48500.0,200.0,354300.0
1535,2021-10-07 02:34:51,48500.0,500.0,354100.0
1536,2021-10-07 02:34:51,48500.0,100.0,353600.0
1537,2021-10-07 02:34:50,48500.0,400.0,353500.0
1538,2021-10-07 02:34:50,48500.0,100.0,353100.0
1539,2021-10-07 02:34:50,48500.0,500.0,353000.0
1540,2021-10-07 02:34:50,48500.0,200.0,352500.0
1541,2021-10-07 02:34:50,48500.0,100.0,352300.0
1542,2021-10-07 02:34:50,48500.0,2000.0,352200.0
1543,2021-10-07 02:34:50,48500.0,200.0,350200.0
1544,2021-10-07 02:34:50,48500.0,500.0,350000.0
1545,2021-10-07 02:34:50,48500.0,500.0,349500.0
1546,2021-10-07 02:34:47,48500.0,500.0,349000.0
1547,2021-10-07 02:34:45,48500.0,300.0,348500.0
1548,2021-10-07 02:34:44,48500.0,200.0,348200.0
1549,2021-10-07 02:34:44,48500.0,300.0,348000.0
1550,2021-10-07 02:34:43,48500.0,1000.0,347700.0
1551,2021-10-07 02:34:43,48500.0,1000.0,346700.0
1552,2021-10-07 02:34:40,48500.0,3400.0,345700.0
1553,2021-10-07 02:34:38,48500.0,600.0,342300.0
1554,2021-10-07 02:34:38,48500.0,2400.0,341700.0
1555,2021-10-07 02:34:36,48500.0,500.0,339300.0
1556,2021-10-07 02:34:35,48500.0,2000.0,338800.0
1557,2021-10-07 02:34:34,48500.0,100.0,336800.0
1558,2021-10-07 02:34:34,48450.0,5000.0,336700.0
1559,2021-10-07 02:34:27,48500.0,2200.0,331700.0
1560,2021-10-07 02:34:26,48400.0,1000.0,329500.0
1561,2021-10-07 02:34:25,48500.0,1000.0,328500.0
1562,2021-10-07 02:34:20,48450.0,100.0,327500.0
1563,2021-10-07 02:34:18,48500.0,1500.0,327400.0
1564,2021-10-07 02:34:17,48500.0,5000.0,325900.0
1565,2021-10-07 02:34:13,48500.0,1700.0,320900.0
1566,2021-10-07 02:34:13,48500.0,200.0,319200.0
1567,2021-10-07 02:34:13,48500.0,300.0,319000.0
1568,2021-10-07 02:34:13,48500.0,100.0,318700.0
1569,2021-10-07 02:34:13,48500.0,700.0,318600.0
1570,2021-10-07 02:34:12,48400.0,200.0,317900.0
1571,2021-10-07 02:34:11,48500.0,400.0,317700.0
1572,2021-10-07 02:34:11,48500.0,100.0,317300.0
1573,2021-10-07 02:34:10,48400.0,100.0,317200.0
1574,2021-10-07 02:34:09,48500.0,800.0,317100.0
1575,2021-10-07 02:34:09,48500.0,200.0,316300.0
1576,2021-10-07 02:34:09,48500.0,500.0,316100.0
1577,2021-10-07 02:34:03,48500.0,10000.0,315600.0
1578,2021-10-07 02:34:02,48500.0,5000.0,305600.0
1579,2021-10-07 02:34:02,48400.0,700.0,300600.0
1580,2021-10-07 02:34:02,48450.0,300.0,299900.0
1581,2021-10-07 02:34:02,48450.0,1000.0,299600.0
1582,2021-10-07 02:33:51,48500.0,1000.0,298600.0
1583,2021-10-07 02:33:47,48500.0,100.0,297600.0
1584,2021-10-07 02:33:46,48500.0,3000.0,297500.0
1585,2021-10-07 02:33:34,48500.0,200.0,294500.0
1586,2021-10-07 02:33:34,48400.0,500.0,294300.0
1587,2021-10-07 02:33:34,48400.0,500.0,293800.0
1588,2021-10-07 02:33:33,48400.0,100.0,293300.0
1589,2021-10-07 02:33:28,48400.0,200.0,293200.0
1590,2021-10-07 02:33:28,48400.0,100.0,293000.0
1591,2021-10-07 02:33:28,48400.0,2600.0,292900.0
1592,2021-10-07 02:33:28,48400.0,400.0,290300.0
1593,2021-10-07 02:33:28,48400.0,100.0,289900.0
1594,2021-10-07 02:33:28,48400.0,1000.0,289800.0
1595,2021-10-07 02:33:28,48400.0,300.0,288800.0
1596,2021-10-07 02:33:28,48400.0,1000.0,288500.0
1597,2021-10-07 02:33:28,48400.0,100.0,287500.0
1598,2021-10-07 02:33:28,48400.0,1000.0,287400.0
1599,2021-10-07 02:33:28,48400.0,100.0,286400.0
1600,2021-10-07 02:33:28,48400.0,6300.0,286300.0
1601,2021-10-07 02:33:25,48400.0,100.0,280000.0
1602,2021-10-07 02:33:24,48300.0,100.0,279900.0
1603,2021-10-07 02:33:20,48300.0,100.0,279800.0
1604,2021-10-07 02:33:12,48400.0,3000.0,279700.0
1605,2021-10-07 02:33:07,48300.0,300.0,276700.0
1606,2021-10-07 02:32:55,48200.0,100.0,276400.0
1607,2021-10-07 02:32:54,48200.0,100.0,276300.0
1608,2021-10-07 02:32:51,48200.0,700.0,276200.0
1609,2021-10-07 02:32:47,48200.0,300.0,275500.0
1610,2021-10-07 02:32:45,48400.0,5600.0,275200.0
1611,2021-10-07 02:32:45,48300.0,200.0,269600.0
1612,2021-10-07 02:32:45,48300.0,500.0,269400.0
1613,2021-10-07 02:32:45,48300.0,200.0,268900.0
1614,2021-10-07 02:32:45,48300.0,1000.0,268700.0
1615,2021-10-07 02:32:45,48300.0,200.0,267700.0
1616,2021-10-07 02:32:45,48300.0,500.0,267500.0
1617,2021-10-07 02:32:45,48300.0,500.0,267000.0
1618,2021-10-07 02:32:45,48300.0,1000.0,266500.0
1619,2021-10-07 02:32:45,48300.0,100.0,265500.0
1620,2021-10-07 02:32:45,48300.0,100.0,265400.0
1621,2021-10-07 02:32:45,48300.0,100.0,265300.0
1622,2021-10-07 02:32:45,48300.0,100.0,265200.0
1623,2021-10-07 02:32:45,48300.0,1000.0,265100.0
1624,2021-10-07 02:32:45,48300.0,100.0,264100.0
1625,2021-10-07 02:32:45,48300.0,500.0,264000.0
1626,2021-10-07 02:32:45,48200.0,4000.0,263500.0
1627,2021-10-07 02:32:45,48200.0,1000.0,259500.0
1628,2021-10-07 02:32:45,48200.0,100.0,258500.0
1629,2021-10-07 02:32:45,48200.0,200.0,258400.0
1630,2021-10-07 02:32:45,48200.0,500.0,258200.0
1631,2021-10-07 02:32:45,48200.0,100.0,257700.0
1632,2021-10-07 02:32:45,48200.0,500.0,257600.0
1633,2021-10-07 02:32:45,48200.0,1000.0,257100.0
1634,2021-10-07 02:32:45,48200.0,500.0,256100.0
1635,2021-10-07 02:32:45,48200.0,1000.0,255600.0
1636,2021-10-07 02:32:45,48200.0,1000.0,254600.0
1637,2021-10-07 02:32:45,48200.0,300.0,253600.0
1638,2021-10-07 02:32:45,48200.0,500.0,253300.0
1639,2021-10-07 02:32:45,48200.0,3000.0,252800.0
1640,2021-10-07 02:32:45,48200.0,1000.0,249800.0
1641,2021-10-07 02:32:45,48200.0,200.0,248800.0
1642,2021-10-07 02:32:45,48200.0,100.0,248600.0
1643,2021-10-07 02:32:45,48200.0,1300.0,248500.0
1644,2021-10-07 02:32:44,48100.0,500.0,247200.0
1645,2021-10-07 02:32:32,48200.0,700.0,246700.0
1646,2021-10-07 02:32:32,48200.0,2000.0,246000.0
1647,2021-10-07 02:32:32,48200.0,700.0,244000.0
1648,2021-10-07 02:32:32,48150.0,1600.0,243300.0
1649,2021-10-07 02:32:31,48150.0,100.0,241700.0
1650,2021-10-07 02:32:30,48150.0,300.0,241600.0
1651,2021-10-07 02:32:26,48100.0,100.0,241300.0
1652,2021-10-07 02:32:14,48200.0,300.0,241200.0
1653,2021-10-07 02:32:12,48200.0,600.0,240900.0
1654,2021-10-07 02:32:06,48100.0,100.0,240300.0
1655,2021-10-07 02:31:50,48000.0,400.0,240200.0
1656,2021-10-07 02:31:50,48100.0,200.0,239800.0
1657,2021-10-07 02:31:34,48200.0,400.0,239600.0
1658,2021-10-07 02:31:34,48200.0,1500.0,239200.0
1659,2021-10-07 02:31:34,48150.0,500.0,237700.0
1660,2021-10-07 02:31:34,48100.0,1600.0,237200.0
1661,2021-10-07 02:31:33,48100.0,500.0,235600.0
1662,2021-10-07 02:31:33,48100.0,2900.0,235100.0
1663,2021-10-07 02:31:14,48100.0,100.0,232200.0
1664,2021-10-07 02:31:04,48100.0,1100.0,232100.0
1665,2021-10-07 02:31:04,48100.0,2500.0,231000.0
1666,2021-10-07 02:31:04,48100.0,200.0,228500.0
1667,2021-10-07 02:31:04,48100.0,100.0,228300.0
1668,2021-10-07 02:31:04,48100.0,500.0,228200.0
1669,2021-10-07 02:31:04,48100.0,1000.0,227700.0
1670,2021-10-07 02:31:04,48100.0,100.0,226700.0
1671,2021-10-07 02:31:04,48000.0,100.0,226600.0
1672,2021-10-07 02:31:04,48000.0,500.0,226500.0
1673,2021-10-07 02:31:04,48000.0,900.0,226000.0
1674,2021-10-07 02:31:03,48000.0,1100.0,225100.0
1675,2021-10-07 02:31:03,48000.0,300.0,224000.0
1676,2021-10-07 02:30:59,47950.0,300.0,223700.0
1677,2021-10-07 02:30:59,47950.0,1000.0,223400.0
1678,2021-10-07 02:30:59,47950.0,1700.0,222400.0
1679,2021-10-07 02:30:48,48000.0,100.0,220700.0
1680,2021-10-07 02:30:32,47950.0,700.0,220600.0
1681,2021-10-07 02:30:32,47950.0,300.0,219900.0
1682,2021-10-07 02:30:20,48000.0,100.0,219600.0
1683,2021-10-07 02:30:19,48000.0,1000.0,219500.0
1684,2021-10-07 02:30:08,48000.0,300.0,218500.0
1685,2021-10-07 02:30:05,48000.0,600.0,218200.0
1686,2021-10-07 02:29:58,48000.0,1000.0,217600.0
1687,2021-10-07 02:29:56,48000.0,100.0,216600.0
1688,2021-10-07 02:29:56,48000.0,1000.0,216500.0
1689,2021-10-07 02:29:56,48000.0,200.0,215500.0
1690,2021-10-07 02:29:56,48000.0,4500.0,215300.0
1691,2021-10-07 02:29:56,48000.0,500.0,210800.0
1692,2021-10-07 02:29:56,48000.0,2200.0,210300.0
1693,2021-10-07 02:29:48,47950.0,1100.0,208100.0
1694,2021-10-07 02:29:48,47950.0,200.0,207000.0
1695,2021-10-07 02:29:48,47950.0,700.0,206800.0
1696,2021-10-07 02:29:39,47950.0,100.0,206100.0
1697,2021-10-07 02:29:39,47950.0,100.0,206000.0
1698,2021-10-07 02:29:35,48000.0,500.0,205900.0
1699,2021-10-07 02:29:35,48000.0,500.0,205400.0
1700,2021-10-07 02:29:35,48000.0,1800.0,204900.0
1701,2021-10-07 02:29:31,48000.0,200.0,203100.0
1702,2021-10-07 02:29:31,48000.0,100.0,202900.0
1703,2021-10-07 02:29:26,48000.0,400.0,202800.0
1704,2021-10-07 02:29:26,48000.0,400.0,202400.0
1705,2021-10-07 02:29:26,48000.0,1100.0,202000.0
1706,2021-10-07 02:29:26,48000.0,100.0,200900.0
1707,2021-10-07 02:29:13,48000.0,200.0,200800.0
1708,2021-10-07 02:29:13,48000.0,400.0,200600.0
1709,2021-10-07 02:29:13,48000.0,1600.0,200200.0
1710,2021-10-07 02:29:09,48000.0,2000.0,198600.0
1711,2021-10-07 02:29:05,48000.0,1400.0,196600.0
1712,2021-10-07 02:28:55,48000.0,600.0,195200.0
1713,2021-10-07 02:28:40,48000.0,800.0,194600.0
1714,2021-10-07 02:28:38,48000.0,1000.0,193800.0
1715,2021-10-07 02:28:25,48000.0,1600.0,192800.0
1716,2021-10-07 02:28:12,48000.0,200.0,191200.0
1717,2021-10-07 02:28:11,48000.0,200.0,191000.0
1718,2021-10-07 02:28:11,48000.0,2000.0,190800.0
1719,2021-10-07 02:28:11,48000.0,5000.0,188800.0
1720,2021-10-07 02:28:11,48000.0,3600.0,183800.0
1721,2021-10-07 02:28:07,48000.0,1500.0,180200.0
1722,2021-10-07 02:28:01,48000.0,5000.0,178700.0
1723,2021-10-07 02:27:50,48000.0,1600.0,173700.0
1724,2021-10-07 02:27:47,48000.0,10000.0,172100.0
1725,2021-10-07 02:27:31,48000.0,1800.0,162100.0
1726,2021-10-07 02:27:14,48000.0,5000.0,160300.0
1727,2021-10-07 02:27:14,47950.0,700.0,155300.0
1728,2021-10-07 02:27:10,48000.0,100.0,154600.0
1729,2021-10-07 02:27:07,48000.0,500.0,154500.0
1730,2021-10-07 02:26:57,48000.0,5000.0,154000.0
1731,2021-10-07 02:26:41,48000.0,100.0,149000.0
1732,2021-10-07 02:26:32,48000.0,200.0,148900.0
1733,2021-10-07 02:26:32,48000.0,100.0,148700.0
1734,2021-10-07 02:26:32,48000.0,200.0,148600.0
1735,2021-10-07 02:26:32,48000.0,400.0,148400.0
1736,2021-10-07 02:26:28,48000.0,100.0,148000.0
1737,2021-10-07 02:26:28,48000.0,500.0,147900.0
1738,2021-10-07 02:26:28,48000.0,100.0,147400.0
1739,2021-10-07 02:26:28,48000.0,1000.0,147300.0
1740,2021-10-07 02:26:28,48000.0,4300.0,146300.0
1741,2021-10-07 02:26:27,48000.0,1000.0,142000.0
1742,2021-10-07 02:26:17,48100.0,300.0,141000.0
1743,2021-10-07 02:26:17,48100.0,7000.0,140700.0
1744,2021-10-07 02:26:17,48100.0,2000.0,133700.0
1745,2021-10-07 02:26:17,48100.0,700.0,131700.0
1746,2021-10-07 02:26:03,48100.0,100.0,131000.0
1747,2021-10-07 02:26:00,48100.0,200.0,130900.0
1748,2021-10-07 02:26:00,48100.0,200.0,130700.0
1749,2021-10-07 02:25:56,48000.0,1000.0,130500.0
1750,2021-10-07 02:25:53,48100.0,4800.0,129500.0
1751,2021-10-07 02:25:53,48100.0,500.0,124700.0
1752,2021-10-07 02:25:53,48100.0,700.0,124200.0
1753,2021-10-07 02:25:43,48000.0,500.0,123500.0
1754,2021-10-07 02:25:34,48000.0,1000.0,123000.0
1755,2021-10-07 02:25:26,48000.0,200.0,122000.0
1756,2021-10-07 02:25:21,48000.0,100.0,121800.0
1757,2021-10-07 02:25:21,48000.0,1900.0,121700.0
1758,2021-10-07 02:25:11,48000.0,200.0,119800.0
1759,2021-10-07 02:25:11,47950.0,1200.0,119600.0
1760,2021-10-07 02:25:11,47950.0,200.0,118400.0
1761,2021-10-07 02:25:11,47950.0,2600.0,118200.0
1762,2021-10-07 02:25:06,47950.0,200.0,115600.0
1763,2021-10-07 02:25:05,48000.0,200.0,115400.0
1764,2021-10-07 02:24:59,48000.0,2600.0,115200.0
1765,2021-10-07 02:24:59,48000.0,1700.0,112600.0
1766,2021-10-07 02:24:56,48000.0,6300.0,110900.0
1767,2021-10-07 02:24:56,48000.0,500.0,104600.0
1768,2021-10-07 02:24:56,48000.0,100.0,104100.0
1769,2021-10-07 02:24:56,48000.0,100.0,104000.0
1770,2021-10-07 02:24:56,48000.0,3000.0,103900.0
1771,2021-10-07 02:24:33,48000.0,200.0,100900.0
1772,2021-10-07 02:24:18,48000.0,100.0,100700.0
1773,2021-10-07 02:24:18,48000.0,500.0,100600.0
1774,2021-10-07 02:24:18,48000.0,100.0,100100.0
1775,2021-10-07 02:24:18,48000.0,200.0,100000.0
1776,2021-10-07 02:24:18,48000.0,700.0,99800.0
1777,2021-10-07 02:24:18,48000.0,2000.0,99100.0
1778,2021-10-07 02:24:18,48000.0,700.0,97100.0
1779,2021-10-07 02:24:18,48000.0,2500.0,96400.0
1780,2021-10-07 02:24:10,48000.0,2000.0,93900.0
1781,2021-10-07 02:23:59,48000.0,100.0,91900.0
1782,2021-10-07 02:23:58,48000.0,2000.0,91800.0
1783,2021-10-07 02:23:44,48000.0,3400.0,89800.0
1784,2021-10-07 02:23:44,48000.0,100.0,86400.0
1785,2021-10-07 02:23:44,48000.0,2500.0,86300.0
1786,2021-10-07 02:23:07,48100.0,300.0,83800.0
1787,2021-10-07 02:23:07,48100.0,1000.0,83500.0
1788,2021-10-07 02:23:07,48150.0,700.0,82500.0
1789,2021-10-07 02:23:07,48150.0,700.0,81800.0
1790,2021-10-07 02:23:07,48150.0,300.0,81100.0
1791,2021-10-07 02:23:07,48150.0,200.0,80800.0
1792,2021-10-07 02:23:07,48150.0,1100.0,80600.0
1793,2021-10-07 02:22:53,48100.0,400.0,79500.0
1794,2021-10-07 02:22:35,48100.0,500.0,79100.0
1795,2021-10-07 02:22:34,48150.0,800.0,78600.0
1796,2021-10-07 02:22:16,48100.0,100.0,77800.0
1797,2021-10-07 02:21:41,48150.0,100.0,77700.0
1798,2021-10-07 02:21:41,48050.0,100.0,77600.0
1799,2021-10-07 02:21:38,48050.0,100.0,77500.0
1800,2021-10-07 02:21:22,48200.0,500.0,77400.0
1801,2021-10-07 02:21:22,48200.0,1000.0,76900.0
1802,2021-10-07 02:21:22,48200.0,1000.0,75900.0
1803,2021-10-07 02:21:22,48200.0,200.0,74900.0
1804,2021-10-07 02:21:22,48200.0,300.0,74700.0
1805,2021-10-07 02:21:20,48200.0,300.0,74400.0
1806,2021-10-07 02:21:20,48200.0,300.0,74100.0
1807,2021-10-07 02:21:20,48200.0,200.0,73800.0
1808,2021-10-07 02:21:20,48200.0,200.0,73600.0
1809,2021-10-07 02:21:20,48200.0,300.0,73400.0
1810,2021-10-07 02:21:20,48200.0,100.0,73100.0
1811,2021-10-07 02:21:20,48200.0,100.0,73000.0
1812,2021-10-07 02:21:20,48200.0,500.0,72900.0
1813,2021-10-07 02:21:10,48000.0,700.0,72400.0
1814,2021-10-07 02:21:10,48150.0,300.0,71700.0
1815,2021-10-07 02:21:05,48150.0,200.0,71400.0
1816,2021-10-07 02:20:58,48150.0,2000.0,71200.0
1817,2021-10-07 02:20:58,48100.0,500.0,69200.0
1818,2021-10-07 02:20:56,48000.0,300.0,68700.0
1819,2021-10-07 02:20:33,48000.0,200.0,68400.0
1820,2021-10-07 02:20:25,48000.0,1000.0,68200.0
1821,2021-10-07 02:20:19,48200.0,600.0,67200.0
1822,2021-10-07 02:20:14,48000.0,200.0,66600.0
1823,2021-10-07 02:20:14,48000.0,800.0,66400.0
1824,2021-10-07 02:19:59,48200.0,1000.0,65600.0
1825,2021-10-07 02:19:53,48000.0,600.0,64600.0
1826,2021-10-07 02:19:35,48000.0,600.0,64000.0
1827,2021-10-07 02:19:35,48000.0,100.0,63400.0
1828,2021-10-07 02:19:32,48000.0,1400.0,63300.0
1829,2021-10-07 02:19:19,48000.0,100.0,61900.0
1830,2021-10-07 02:19:19,48000.0,3000.0,61800.0
1831,2021-10-07 02:19:19,48000.0,4000.0,58800.0
1832,2021-10-07 02:19:19,48000.0,100.0,54800.0
1833,2021-10-07 02:19:19,48000.0,500.0,54700.0
1834,2021-10-07 02:19:19,48000.0,100.0,54200.0
1835,2021-10-07 02:19:19,48000.0,100.0,54100.0
1836,2021-10-07 02:19:19,48000.0,500.0,54000.0
1837,2021-10-07 02:19:19,48000.0,100.0,53500.0
1838,2021-10-07 02:19:19,48000.0,100.0,53400.0
1839,2021-10-07 02:19:12,47950.0,100.0,53300.0
1840,2021-10-07 02:19:08,47950.0,500.0,53200.0
1841,2021-10-07 02:18:42,47950.0,2000.0,52700.0
1842,2021-10-07 02:18:42,47950.0,4000.0,50700.0
1843,2021-10-07 02:18:42,47950.0,100.0,46700.0
1844,2021-10-07 02:18:42,47900.0,500.0,46600.0
1845,2021-10-07 02:18:38,47900.0,100.0,46100.0
1846,2021-10-07 02:18:27,47900.0,4100.0,46000.0
1847,2021-10-07 02:18:27,47900.0,100.0,41900.0
1848,2021-10-07 02:18:27,47900.0,100.0,41800.0
1849,2021-10-07 02:18:05,47950.0,1000.0,41700.0
1850,2021-10-07 02:18:00,47950.0,700.0,40700.0
1851,2021-10-07 02:17:58,47950.0,200.0,40000.0
1852,2021-10-07 02:17:52,47950.0,100.0,39800.0
1853,2021-10-07 02:17:47,47950.0,100.0,39700.0
1854,2021-10-07 02:17:47,47950.0,100.0,39600.0
1855,2021-10-07 02:17:47,47950.0,100.0,39500.0
1856,2021-10-07 02:17:47,47950.0,100.0,39400.0
1857,2021-10-07 02:17:47,47950.0,1500.0,39300.0
1858,2021-10-07 02:17:30,48000.0,100.0,37800.0
1859,2021-10-07 02:17:30,48000.0,200.0,37700.0
1860,2021-10-07 02:17:30,48000.0,500.0,37500.0
1861,2021-10-07 02:17:21,48000.0,100.0,37000.0
1862,2021-10-07 02:17:08,48000.0,400.0,36900.0
1863,2021-10-07 02:17:08,48000.0,100.0,36500.0
1864,2021-10-07 02:16:55,48000.0,200.0,36400.0
1865,2021-10-07 02:16:55,48000.0,100.0,36200.0
1866,2021-10-07 02:16:44,47950.0,1000.0,36100.0
1867,2021-10-07 02:16:44,47950.0,1100.0,35100.0
1868,2021-10-07 02:16:44,47950.0,500.0,34000.0
1869,2021-10-07 02:16:44,47950.0,500.0,33500.0
1870,2021-10-07 02:16:44,47950.0,100.0,33000.0
1871,2021-10-07 02:16:44,47950.0,400.0,32900.0
1872,2021-10-07 02:16:44,47950.0,100.0,32500.0
1873,2021-10-07 02:16:44,47950.0,900.0,32400.0
1874,2021-10-07 02:16:44,47950.0,200.0,31500.0
1875,2021-10-07 02:16:44,47950.0,200.0,31300.0
1876,2021-10-07 02:16:39,48000.0,100.0,31100.0
1877,2021-10-07 02:16:39,48000.0,200.0,31000.0
1878,2021-10-07 02:16:32,47950.0,100.0,30800.0
1879,2021-10-07 02:16:24,48000.0,500.0,30700.0
1880,2021-10-07 02:16:06,48000.0,300.0,30200.0
1881,2021-10-07 02:16:06,48000.0,100.0,29900.0
1882,2021-10-07 02:16:01,47950.0,200.0,29800.0
1883,2021-10-07 02:15:51,48000.0,100.0,29600.0
1884,2021-10-07 02:15:45,48000.0,1900.0,29500.0
1885,2021-10-07 02:15:45,48000.0,100.0,27600.0
1886,2021-10-07 02:15:41,48000.0,100.0,27500.0
1887,2021-10-07 02:15:41,48000.0,500.0,27400.0
1888,2021-10-07 02:15:41,48000.0,400.0,26900.0
1889,2021-10-07 02:15:33,48000.0,100.0,26500.0
1890,2021-10-07 02:15:00,47950.0,600.0,26400.0
1891,2021-10-07 02:15:00,47950.0,100.0,25800.0
1892,2021-10-07 02:15:00,47950.0,500.0,25700.0
1893,2021-10-07 02:15:00,47950.0,700.0,25200.0
1894,2021-10-07 02:15:00,47950.0,1300.0,24500.0
1895,2021-10-07 02:15:00,47950.0,900.0,23200.0
1896,2021-10-07 02:15:00,47950.0,4000.0,22300.0
1897,2021-10-07 02:15:00,47950.0,2200.0,18300.0
1898,2021-10-07 02:15:00,47950.0,1200.0,16100.0
1899,2021-10-07 02:15:00,47950.0,200.0,14900.0
1900,2021-10-07 02:15:00,47950.0,500.0,14700.0
1901,2021-10-07 02:15:00,47950.0,1900.0,14200.0
1902,2021-10-07 02:15:00,47950.0,1500.0,12300.0
1903,2021-10-07 02:15:00,47950.0,1000.0,10800.0
1904,2021-10-07 02:15:00,47950.0,500.0,9800.0
1905,2021-10-07 02:15:00,47950.0,600.0,9300.0
1906,2021-10-07 02:15:00,47950.0,400.0,8700.0
1907,2021-10-07 02:15:00,47950.0,100.0,8300.0
1908,2021-10-07 02:15:00,47950.0,100.0,8200.0
1909,2021-10-07 02:15:00,47950.0,200.0,8100.0
1910,2021-10-07 02:15:00,47950.0,600.0,7900.0
1911,2021-10-07 02:15:00,47950.0,400.0,7300.0
1912,2021-10-07 02:15:00,47950.0,500.0,6900.0
1913,2021-10-07 02:15:00,47950.0,100.0,6400.0
1914,2021-10-07 02:15:00,47950.0,1000.0,6300.0
1915,2021-10-07 02:15:00,47950.0,3000.0,5300.0
1916,2021-10-07 02:15:00,47950.0,500.0,2300.0
1917,2021-10-07 02:15:00,47950.0,100.0,1800.0
1918,2021-10-07 02:15:00,47950.0,400.0,1700.0
1919,2021-10-07 02:15:00,47950.0,600.0,1300.0
1920,2021-10-07 02:15:00,47950.0,100.0,700.0
1921,2021-10-07 02:15:00,47950.0,100.0,600.0
1922,2021-10-07 02:15:00,47950.0,200.0,500.0
1923,2021-10-07 02:15:00,47950.0,100.0,300.0
1924,2021-10-07 02:15:00,47950.0,100.0,200.0
1925,2021-10-07 02:15:00,47950.0,100.0,100.0
