,Time,Price,Volume_per_trade,Volume
0,2021-10-13 07:45:00,16450.0,100.0,6172700.0
1,2021-10-13 07:45:00,16450.0,500.0,6172600.0
2,2021-10-13 07:45:00,16450.0,100.0,6172100.0
3,2021-10-13 07:45:00,16450.0,300.0,6172000.0
4,2021-10-13 07:45:00,16450.0,900.0,6171700.0
5,2021-10-13 07:45:00,16450.0,100.0,6170800.0
6,2021-10-13 07:45:00,16450.0,100.0,6170700.0
7,2021-10-13 07:45:00,16450.0,900.0,6170600.0
8,2021-10-13 07:45:00,16450.0,100.0,6169700.0
9,2021-10-13 07:45:00,16450.0,100.0,6169600.0
10,2021-10-13 07:45:00,16450.0,2000.0,6169500.0
11,2021-10-13 07:45:00,16450.0,1000.0,6167500.0
12,2021-10-13 07:45:00,16450.0,500.0,6166500.0
13,2021-10-13 07:45:00,16450.0,4000.0,6166000.0
14,2021-10-13 07:45:00,16450.0,100.0,6162000.0
15,2021-10-13 07:45:00,16450.0,300.0,6161900.0
16,2021-10-13 07:45:00,16450.0,500.0,6161600.0
17,2021-10-13 07:45:00,16450.0,3900.0,6161100.0
18,2021-10-13 07:45:00,16450.0,900.0,6157200.0
19,2021-10-13 07:45:00,16450.0,200.0,6156300.0
20,2021-10-13 07:45:00,16450.0,600.0,6156100.0
21,2021-10-13 07:45:00,16450.0,3000.0,6155500.0
22,2021-10-13 07:45:00,16450.0,100.0,6152500.0
23,2021-10-13 07:45:00,16450.0,100.0,6152400.0
24,2021-10-13 07:45:00,16450.0,300.0,6152300.0
25,2021-10-13 07:45:00,16450.0,500.0,6152000.0
26,2021-10-13 07:45:00,16450.0,1000.0,6151500.0
27,2021-10-13 07:45:00,16450.0,300.0,6150500.0
28,2021-10-13 07:45:00,16450.0,500.0,6150200.0
29,2021-10-13 07:45:00,16450.0,200.0,6149700.0
30,2021-10-13 07:45:00,16450.0,1000.0,6149500.0
31,2021-10-13 07:45:00,16450.0,20000.0,6148500.0
32,2021-10-13 07:45:00,16450.0,500.0,6128500.0
33,2021-10-13 07:45:00,16450.0,10000.0,6128000.0
34,2021-10-13 07:45:00,16450.0,200.0,6118000.0
35,2021-10-13 07:45:00,16450.0,800.0,6117800.0
36,2021-10-13 07:45:00,16450.0,400.0,6117000.0
37,2021-10-13 07:45:00,16450.0,10000.0,6116600.0
38,2021-10-13 07:45:00,16450.0,1500.0,6106600.0
39,2021-10-13 07:45:00,16450.0,1000.0,6105100.0
40,2021-10-13 07:45:00,16450.0,2000.0,6104100.0
41,2021-10-13 07:45:00,16450.0,100.0,6102100.0
42,2021-10-13 07:45:00,16450.0,1000.0,6102000.0
43,2021-10-13 07:45:00,16450.0,200.0,6101000.0
44,2021-10-13 07:45:00,16450.0,1000.0,6100800.0
45,2021-10-13 07:45:00,16450.0,200.0,6099800.0
46,2021-10-13 07:45:00,16450.0,100.0,6099600.0
47,2021-10-13 07:45:00,16450.0,10000.0,6099500.0
48,2021-10-13 07:45:00,16450.0,100.0,6089500.0
49,2021-10-13 07:45:00,16450.0,3000.0,6089400.0
50,2021-10-13 07:45:00,16450.0,100.0,6086400.0
51,2021-10-13 07:45:00,16450.0,500.0,6086300.0
52,2021-10-13 07:45:00,16450.0,300.0,6085800.0
53,2021-10-13 07:45:00,16450.0,200.0,6085500.0
54,2021-10-13 07:45:00,16450.0,2000.0,6085300.0
55,2021-10-13 07:45:00,16450.0,500.0,6083300.0
56,2021-10-13 07:45:00,16450.0,4200.0,6082800.0
57,2021-10-13 07:45:00,16450.0,1000.0,6078600.0
58,2021-10-13 07:45:00,16450.0,6000.0,6077600.0
59,2021-10-13 07:45:00,16450.0,1300.0,6071600.0
60,2021-10-13 07:45:00,16450.0,1500.0,6070300.0
61,2021-10-13 07:45:00,16450.0,300.0,6068800.0
62,2021-10-13 07:45:00,16450.0,100.0,6068500.0
63,2021-10-13 07:45:00,16450.0,500.0,6068400.0
64,2021-10-13 07:45:00,16450.0,2000.0,6067900.0
65,2021-10-13 07:45:00,16450.0,5000.0,6065900.0
66,2021-10-13 07:45:00,16450.0,10400.0,6060900.0
67,2021-10-13 07:45:00,16450.0,1000.0,6050500.0
68,2021-10-13 07:45:00,16450.0,10000.0,6049500.0
69,2021-10-13 07:45:00,16450.0,700.0,6039500.0
70,2021-10-13 07:45:00,16450.0,400.0,6038800.0
71,2021-10-13 07:45:00,16450.0,100.0,6038400.0
72,2021-10-13 07:45:00,16450.0,5000.0,6038300.0
73,2021-10-13 07:45:00,16450.0,2000.0,6033300.0
74,2021-10-13 07:45:00,16450.0,700.0,6031300.0
75,2021-10-13 07:45:00,16450.0,5000.0,6030600.0
76,2021-10-13 07:45:00,16450.0,2000.0,6025600.0
77,2021-10-13 07:45:00,16450.0,500.0,6023600.0
78,2021-10-13 07:45:00,16450.0,1000.0,6023100.0
79,2021-10-13 07:45:00,16450.0,2000.0,6022100.0
80,2021-10-13 07:45:00,16450.0,2000.0,6020100.0
81,2021-10-13 07:45:00,16450.0,2000.0,6018100.0
82,2021-10-13 07:45:00,16450.0,500.0,6016100.0
83,2021-10-13 07:45:00,16450.0,1000.0,6015600.0
84,2021-10-13 07:45:00,16450.0,100.0,6014600.0
85,2021-10-13 07:45:00,16450.0,2000.0,6014500.0
86,2021-10-13 07:45:00,16450.0,100.0,6012500.0
87,2021-10-13 07:45:00,16450.0,100.0,6012400.0
88,2021-10-13 07:45:00,16450.0,100.0,6012300.0
89,2021-10-13 07:45:00,16450.0,300.0,6012200.0
90,2021-10-13 07:45:00,16450.0,500.0,6011900.0
91,2021-10-13 07:45:00,16450.0,100.0,6011400.0
92,2021-10-13 07:45:00,16450.0,500.0,6011300.0
93,2021-10-13 07:45:00,16450.0,100.0,6010800.0
94,2021-10-13 07:29:53,16500.0,100.0,6010700.0
95,2021-10-13 07:29:42,16450.0,300.0,6010600.0
96,2021-10-13 07:29:34,16450.0,100.0,6010300.0
97,2021-10-13 07:29:31,16450.0,500.0,6010200.0
98,2021-10-13 07:29:23,16450.0,5000.0,6009700.0
99,2021-10-13 07:28:56,16500.0,500.0,6004700.0
100,2021-10-13 07:28:29,16500.0,1000.0,6004200.0
101,2021-10-13 07:28:27,16500.0,100.0,6003200.0
102,2021-10-13 07:28:22,16450.0,1000.0,6003100.0
103,2021-10-13 07:28:21,16500.0,500.0,6002100.0
104,2021-10-13 07:28:07,16450.0,300.0,6001600.0
105,2021-10-13 07:27:56,16450.0,1300.0,6001300.0
106,2021-10-13 07:27:56,16450.0,20000.0,6000000.0
107,2021-10-13 07:27:56,16450.0,200.0,5980000.0
108,2021-10-13 07:27:56,16450.0,2000.0,5979800.0
109,2021-10-13 07:27:56,16450.0,200.0,5977800.0
110,2021-10-13 07:27:56,16450.0,3000.0,5977600.0
111,2021-10-13 07:27:56,16450.0,500.0,5974600.0
112,2021-10-13 07:27:56,16450.0,500.0,5974100.0
113,2021-10-13 07:27:56,16450.0,5000.0,5973600.0
114,2021-10-13 07:27:56,16450.0,500.0,5968600.0
115,2021-10-13 07:27:56,16450.0,5000.0,5968100.0
116,2021-10-13 07:27:56,16450.0,1700.0,5963100.0
117,2021-10-13 07:27:56,16450.0,400.0,5961400.0
118,2021-10-13 07:27:56,16450.0,1000.0,5961000.0
119,2021-10-13 07:27:56,16450.0,100.0,5960000.0
120,2021-10-13 07:27:56,16450.0,8600.0,5959900.0
121,2021-10-13 07:27:28,16500.0,7000.0,5951300.0
122,2021-10-13 07:27:20,16450.0,2800.0,5944300.0
123,2021-10-13 07:27:14,16450.0,5000.0,5941500.0
124,2021-10-13 07:27:03,16450.0,3600.0,5936500.0
125,2021-10-13 07:27:03,16450.0,300.0,5932900.0
126,2021-10-13 07:27:03,16450.0,100.0,5932600.0
127,2021-10-13 07:27:03,16450.0,5000.0,5932500.0
128,2021-10-13 07:27:03,16450.0,300.0,5927500.0
129,2021-10-13 07:27:03,16450.0,200.0,5927200.0
130,2021-10-13 07:27:03,16450.0,200.0,5927000.0
131,2021-10-13 07:27:03,16450.0,100.0,5926800.0
132,2021-10-13 07:27:03,16450.0,3000.0,5926700.0
133,2021-10-13 07:27:03,16450.0,20000.0,5923700.0
134,2021-10-13 07:27:03,16450.0,500.0,5903700.0
135,2021-10-13 07:27:03,16450.0,1700.0,5903200.0
136,2021-10-13 07:27:03,16450.0,10000.0,5901500.0
137,2021-10-13 07:27:03,16450.0,500.0,5891500.0
138,2021-10-13 07:27:03,16450.0,100.0,5891000.0
139,2021-10-13 07:27:03,16450.0,300.0,5890900.0
140,2021-10-13 07:27:03,16450.0,200.0,5890600.0
141,2021-10-13 07:27:03,16450.0,5000.0,5890400.0
142,2021-10-13 07:27:03,16450.0,1000.0,5885400.0
143,2021-10-13 07:27:03,16450.0,1000.0,5884400.0
144,2021-10-13 07:27:03,16450.0,3000.0,5883400.0
145,2021-10-13 07:27:03,16450.0,500.0,5880400.0
146,2021-10-13 07:27:03,16450.0,500.0,5879900.0
147,2021-10-13 07:27:03,16450.0,2500.0,5879400.0
148,2021-10-13 07:27:03,16450.0,1000.0,5876900.0
149,2021-10-13 07:27:03,16450.0,100.0,5875900.0
150,2021-10-13 07:27:03,16450.0,800.0,5875800.0
151,2021-10-13 07:27:03,16450.0,2400.0,5875000.0
152,2021-10-13 07:27:03,16450.0,300.0,5872600.0
153,2021-10-13 07:27:03,16450.0,100.0,5872300.0
154,2021-10-13 07:27:03,16450.0,1000.0,5872200.0
155,2021-10-13 07:27:03,16450.0,100.0,5871200.0
156,2021-10-13 07:27:03,16450.0,300.0,5871100.0
157,2021-10-13 07:27:03,16450.0,100.0,5870800.0
158,2021-10-13 07:27:03,16450.0,500.0,5870700.0
159,2021-10-13 07:27:03,16450.0,300.0,5870200.0
160,2021-10-13 07:27:03,16450.0,200.0,5869900.0
161,2021-10-13 07:27:03,16450.0,100.0,5869700.0
162,2021-10-13 07:27:03,16450.0,3000.0,5869600.0
163,2021-10-13 07:27:03,16450.0,300.0,5866600.0
164,2021-10-13 07:27:03,16450.0,500.0,5866300.0
165,2021-10-13 07:27:03,16450.0,800.0,5865800.0
166,2021-10-13 07:27:03,16450.0,100.0,5865000.0
167,2021-10-13 07:27:03,16450.0,2000.0,5864900.0
168,2021-10-13 07:27:03,16450.0,200.0,5862900.0
169,2021-10-13 07:27:03,16450.0,200.0,5862700.0
170,2021-10-13 07:27:03,16450.0,5000.0,5862500.0
171,2021-10-13 07:27:03,16450.0,100.0,5857500.0
172,2021-10-13 07:27:03,16450.0,900.0,5857400.0
173,2021-10-13 07:26:45,16450.0,100.0,5856500.0
174,2021-10-13 07:26:45,16450.0,2900.0,5856400.0
175,2021-10-13 07:26:31,16450.0,100.0,5853500.0
176,2021-10-13 07:26:22,16450.0,2000.0,5853400.0
177,2021-10-13 07:26:22,16450.0,500.0,5851400.0
178,2021-10-13 07:26:22,16450.0,300.0,5850900.0
179,2021-10-13 07:26:22,16450.0,200.0,5850600.0
180,2021-10-13 07:26:22,16450.0,1000.0,5850400.0
181,2021-10-13 07:26:15,16500.0,600.0,5849400.0
182,2021-10-13 07:26:10,16450.0,200.0,5848800.0
183,2021-10-13 07:26:10,16450.0,100.0,5848600.0
184,2021-10-13 07:26:02,16500.0,1000.0,5848500.0
185,2021-10-13 07:25:55,16500.0,1000.0,5847500.0
186,2021-10-13 07:25:50,16500.0,300.0,5846500.0
187,2021-10-13 07:25:46,16500.0,1000.0,5846200.0
188,2021-10-13 07:25:44,16500.0,1300.0,5845200.0
189,2021-10-13 07:25:44,16500.0,100.0,5843900.0
190,2021-10-13 07:25:44,16500.0,2000.0,5843800.0
191,2021-10-13 07:25:44,16500.0,1000.0,5841800.0
192,2021-10-13 07:25:44,16500.0,600.0,5840800.0
193,2021-10-13 07:25:44,16500.0,500.0,5840200.0
194,2021-10-13 07:25:44,16500.0,500.0,5839700.0
195,2021-10-13 07:25:44,16500.0,100.0,5839200.0
196,2021-10-13 07:25:44,16500.0,200.0,5839100.0
197,2021-10-13 07:25:44,16500.0,1000.0,5838900.0
198,2021-10-13 07:25:44,16500.0,5000.0,5837900.0
199,2021-10-13 07:25:44,16500.0,10000.0,5832900.0
200,2021-10-13 07:25:44,16500.0,200.0,5822900.0
201,2021-10-13 07:25:44,16500.0,10000.0,5822700.0
202,2021-10-13 07:25:44,16500.0,100.0,5812700.0
203,2021-10-13 07:25:44,16500.0,100.0,5812600.0
204,2021-10-13 07:25:44,16500.0,5000.0,5812500.0
205,2021-10-13 07:25:44,16500.0,1000.0,5807500.0
206,2021-10-13 07:25:44,16500.0,3000.0,5806500.0
207,2021-10-13 07:25:44,16500.0,100.0,5803500.0
208,2021-10-13 07:25:44,16500.0,1000.0,5803400.0
209,2021-10-13 07:25:44,16500.0,200.0,5802400.0
210,2021-10-13 07:25:44,16500.0,200.0,5802200.0
211,2021-10-13 07:25:44,16500.0,10000.0,5802000.0
212,2021-10-13 07:25:44,16500.0,10000.0,5792000.0
213,2021-10-13 07:25:44,16500.0,300.0,5782000.0
214,2021-10-13 07:25:44,16500.0,1000.0,5781700.0
215,2021-10-13 07:25:44,16500.0,300.0,5780700.0
216,2021-10-13 07:25:44,16500.0,10000.0,5780400.0
217,2021-10-13 07:25:44,16500.0,400.0,5770400.0
218,2021-10-13 07:25:44,16500.0,700.0,5770000.0
219,2021-10-13 07:25:44,16500.0,100.0,5769300.0
220,2021-10-13 07:25:44,16500.0,100.0,5769200.0
221,2021-10-13 07:25:44,16500.0,1800.0,5769100.0
222,2021-10-13 07:25:37,16550.0,200.0,5767300.0
223,2021-10-13 07:25:35,16500.0,1200.0,5767100.0
224,2021-10-13 07:25:35,16500.0,200.0,5765900.0
225,2021-10-13 07:25:35,16500.0,600.0,5765700.0
226,2021-10-13 07:25:21,16550.0,1000.0,5765100.0
227,2021-10-13 07:25:01,16500.0,100.0,5764100.0
228,2021-10-13 07:24:55,16550.0,700.0,5764000.0
229,2021-10-13 07:24:55,16550.0,400.0,5763300.0
230,2021-10-13 07:24:55,16550.0,900.0,5762900.0
231,2021-10-13 07:24:42,16550.0,100.0,5762000.0
232,2021-10-13 07:24:42,16500.0,500.0,5761900.0
233,2021-10-13 07:24:37,16550.0,200.0,5761400.0
234,2021-10-13 07:24:33,16500.0,1000.0,5761200.0
235,2021-10-13 07:24:29,16500.0,400.0,5760200.0
236,2021-10-13 07:24:07,16500.0,500.0,5759800.0
237,2021-10-13 07:24:07,16500.0,3000.0,5759300.0
238,2021-10-13 07:24:07,16500.0,2000.0,5756300.0
239,2021-10-13 07:24:07,16500.0,100.0,5754300.0
240,2021-10-13 07:24:07,16500.0,200.0,5754200.0
241,2021-10-13 07:24:07,16500.0,400.0,5754000.0
242,2021-10-13 07:24:07,16500.0,400.0,5753600.0
243,2021-10-13 07:23:36,16500.0,200.0,5753200.0
244,2021-10-13 07:22:58,16500.0,1000.0,5753000.0
245,2021-10-13 07:22:51,16500.0,3400.0,5752000.0
246,2021-10-13 07:22:51,16500.0,600.0,5748600.0
247,2021-10-13 07:22:49,16550.0,1000.0,5748000.0
248,2021-10-13 07:22:36,16500.0,600.0,5747000.0
249,2021-10-13 07:22:36,16500.0,300.0,5746400.0
250,2021-10-13 07:22:36,16500.0,1100.0,5746100.0
251,2021-10-13 07:22:35,16550.0,500.0,5745000.0
252,2021-10-13 07:22:06,16500.0,5000.0,5744500.0
253,2021-10-13 07:22:03,16500.0,3900.0,5739500.0
254,2021-10-13 07:22:03,16500.0,100.0,5735600.0
255,2021-10-13 07:22:03,16500.0,200.0,5735500.0
256,2021-10-13 07:22:03,16500.0,5000.0,5735300.0
257,2021-10-13 07:22:03,16500.0,10000.0,5730300.0
258,2021-10-13 07:22:03,16500.0,800.0,5720300.0
259,2021-10-13 07:21:54,16550.0,2300.0,5719500.0
260,2021-10-13 07:21:54,16550.0,2700.0,5717200.0
261,2021-10-13 07:21:53,16550.0,1000.0,5714500.0
262,2021-10-13 07:21:49,16550.0,200.0,5713500.0
263,2021-10-13 07:21:25,16550.0,1100.0,5713300.0
264,2021-10-13 07:21:25,16550.0,1000.0,5712200.0
265,2021-10-13 07:21:25,16550.0,200.0,5711200.0
266,2021-10-13 07:21:16,16500.0,200.0,5711000.0
267,2021-10-13 07:21:16,16500.0,100.0,5710800.0
268,2021-10-13 07:21:16,16500.0,5000.0,5710700.0
269,2021-10-13 07:21:16,16500.0,600.0,5705700.0
270,2021-10-13 07:21:16,16500.0,1600.0,5705100.0
271,2021-10-13 07:21:16,16500.0,1000.0,5703500.0
272,2021-10-13 07:21:16,16500.0,500.0,5702500.0
273,2021-10-13 07:21:03,16500.0,500.0,5702000.0
274,2021-10-13 07:20:59,16500.0,1000.0,5701500.0
275,2021-10-13 07:20:31,16550.0,300.0,5700500.0
276,2021-10-13 07:20:31,16550.0,300.0,5700200.0
277,2021-10-13 07:20:31,16550.0,200.0,5699900.0
278,2021-10-13 07:20:31,16550.0,200.0,5699700.0
279,2021-10-13 07:20:22,16550.0,100.0,5699500.0
280,2021-10-13 07:20:08,16550.0,700.0,5699400.0
281,2021-10-13 07:20:08,16550.0,300.0,5698700.0
282,2021-10-13 07:19:57,16550.0,700.0,5698400.0
283,2021-10-13 07:19:57,16550.0,200.0,5697700.0
284,2021-10-13 07:19:57,16550.0,600.0,5697500.0
285,2021-10-13 07:19:57,16550.0,500.0,5696900.0
286,2021-10-13 07:19:57,16550.0,500.0,5696400.0
287,2021-10-13 07:19:57,16550.0,5000.0,5695900.0
288,2021-10-13 07:19:57,16550.0,2500.0,5690900.0
289,2021-10-13 07:19:57,16550.0,3000.0,5688400.0
290,2021-10-13 07:19:57,16550.0,7000.0,5685400.0
291,2021-10-13 07:19:48,16550.0,900.0,5678400.0
292,2021-10-13 07:19:48,16550.0,200.0,5677500.0
293,2021-10-13 07:19:48,16550.0,1000.0,5677300.0
294,2021-10-13 07:19:48,16550.0,7900.0,5676300.0
295,2021-10-13 07:19:41,16550.0,1000.0,5668400.0
296,2021-10-13 07:19:31,16550.0,100.0,5667400.0
297,2021-10-13 07:19:21,16550.0,1000.0,5667300.0
298,2021-10-13 07:19:21,16550.0,4000.0,5666300.0
299,2021-10-13 07:19:21,16550.0,5000.0,5662300.0
300,2021-10-13 07:19:04,16550.0,300.0,5657300.0
301,2021-10-13 07:18:56,16550.0,4700.0,5657000.0
302,2021-10-13 07:18:56,16550.0,2000.0,5652300.0
303,2021-10-13 07:18:56,16550.0,400.0,5650300.0
304,2021-10-13 07:18:56,16550.0,2900.0,5649900.0
305,2021-10-13 07:18:53,16550.0,300.0,5647000.0
306,2021-10-13 07:18:48,16550.0,1000.0,5646700.0
307,2021-10-13 07:18:39,16550.0,10000.0,5645700.0
308,2021-10-13 07:18:32,16550.0,100.0,5635700.0
309,2021-10-13 07:18:24,16550.0,4000.0,5635600.0
310,2021-10-13 07:17:51,16550.0,3000.0,5631600.0
311,2021-10-13 07:17:31,16550.0,2500.0,5628600.0
312,2021-10-13 07:17:23,16550.0,200.0,5626100.0
313,2021-10-13 07:17:05,16550.0,4000.0,5625900.0
314,2021-10-13 07:16:59,16500.0,1300.0,5621900.0
315,2021-10-13 07:16:10,16550.0,2000.0,5620600.0
316,2021-10-13 07:16:07,16500.0,700.0,5618600.0
317,2021-10-13 07:16:07,16500.0,400.0,5617900.0
318,2021-10-13 07:16:07,16500.0,800.0,5617500.0
319,2021-10-13 07:16:07,16500.0,400.0,5616700.0
320,2021-10-13 07:16:07,16500.0,1000.0,5616300.0
321,2021-10-13 07:16:07,16500.0,100.0,5615300.0
322,2021-10-13 07:16:07,16500.0,500.0,5615200.0
323,2021-10-13 07:16:07,16500.0,100.0,5614700.0
324,2021-10-13 07:16:07,16500.0,100.0,5614600.0
325,2021-10-13 07:15:37,16550.0,1000.0,5614500.0
326,2021-10-13 07:15:37,16500.0,1000.0,5613500.0
327,2021-10-13 07:14:50,16550.0,1000.0,5612500.0
328,2021-10-13 07:14:50,16500.0,500.0,5611500.0
329,2021-10-13 07:14:38,16500.0,2900.0,5611000.0
330,2021-10-13 07:14:38,16500.0,100.0,5608100.0
331,2021-10-13 07:14:38,16500.0,500.0,5608000.0
332,2021-10-13 07:14:27,16500.0,200.0,5607500.0
333,2021-10-13 07:14:20,16500.0,100.0,5607300.0
334,2021-10-13 07:14:01,16500.0,4000.0,5607200.0
335,2021-10-13 07:13:53,16550.0,700.0,5603200.0
336,2021-10-13 07:13:47,16550.0,100.0,5602500.0
337,2021-10-13 07:13:46,16550.0,500.0,5602400.0
338,2021-10-13 07:13:46,16550.0,1700.0,5601900.0
339,2021-10-13 07:13:43,16550.0,500.0,5600200.0
340,2021-10-13 07:13:43,16550.0,1000.0,5599700.0
341,2021-10-13 07:13:43,16550.0,1000.0,5598700.0
342,2021-10-13 07:13:43,16550.0,800.0,5597700.0
343,2021-10-13 07:13:13,16550.0,2200.0,5596900.0
344,2021-10-13 07:13:13,16550.0,3900.0,5594700.0
345,2021-10-13 07:12:53,16550.0,100.0,5590800.0
346,2021-10-13 07:12:44,16550.0,500.0,5590700.0
347,2021-10-13 07:12:43,16500.0,1500.0,5590200.0
348,2021-10-13 07:12:39,16550.0,500.0,5588700.0
349,2021-10-13 07:12:34,16500.0,3500.0,5588200.0
350,2021-10-13 07:12:30,16550.0,700.0,5584700.0
351,2021-10-13 07:12:30,16550.0,1300.0,5584000.0
352,2021-10-13 07:12:28,16550.0,500.0,5582700.0
353,2021-10-13 07:12:27,16550.0,400.0,5582200.0
354,2021-10-13 07:12:11,16550.0,300.0,5581800.0
355,2021-10-13 07:12:07,16550.0,1100.0,5581500.0
356,2021-10-13 07:12:07,16550.0,1400.0,5580400.0
357,2021-10-13 07:12:03,16550.0,8600.0,5579000.0
358,2021-10-13 07:12:03,16550.0,66500.0,5570400.0
359,2021-10-13 07:11:44,16550.0,2000.0,5503900.0
360,2021-10-13 07:11:44,16550.0,1700.0,5501900.0
361,2021-10-13 07:11:44,16550.0,1000.0,5500200.0
362,2021-10-13 07:11:44,16550.0,500.0,5499200.0
363,2021-10-13 07:11:44,16550.0,1000.0,5498700.0
364,2021-10-13 07:11:44,16550.0,100.0,5497700.0
365,2021-10-13 07:11:44,16550.0,30000.0,5497600.0
366,2021-10-13 07:11:44,16550.0,17200.0,5467600.0
367,2021-10-13 07:11:39,16550.0,100.0,5450400.0
368,2021-10-13 07:11:37,16550.0,7000.0,5450300.0
369,2021-10-13 07:11:34,16500.0,200.0,5443300.0
370,2021-10-13 07:11:34,16500.0,1500.0,5443100.0
371,2021-10-13 07:11:22,16550.0,500.0,5441600.0
372,2021-10-13 07:11:10,16550.0,100.0,5441100.0
373,2021-10-13 07:10:56,16500.0,200.0,5441000.0
374,2021-10-13 07:10:52,16500.0,800.0,5440800.0
375,2021-10-13 07:10:46,16500.0,5900.0,5440000.0
376,2021-10-13 07:10:31,16500.0,1000.0,5434100.0
377,2021-10-13 07:10:30,16500.0,600.0,5433100.0
378,2021-10-13 07:10:30,16500.0,300.0,5432500.0
379,2021-10-13 07:10:30,16500.0,100.0,5432200.0
380,2021-10-13 07:10:24,16500.0,100.0,5432100.0
381,2021-10-13 07:10:16,16500.0,100.0,5432000.0
382,2021-10-13 07:10:01,16550.0,100.0,5431900.0
383,2021-10-13 07:09:50,16500.0,200.0,5431800.0
384,2021-10-13 07:09:43,16500.0,100.0,5431600.0
385,2021-10-13 07:09:41,16500.0,900.0,5431500.0
386,2021-10-13 07:09:41,16500.0,300.0,5430600.0
387,2021-10-13 07:09:37,16500.0,100.0,5430300.0
388,2021-10-13 07:09:36,16500.0,1000.0,5430200.0
389,2021-10-13 07:09:19,16500.0,300.0,5429200.0
390,2021-10-13 07:09:19,16500.0,200.0,5428900.0
391,2021-10-13 07:09:18,16500.0,500.0,5428700.0
392,2021-10-13 07:09:05,16500.0,100.0,5428200.0
393,2021-10-13 07:09:05,16500.0,100.0,5428100.0
394,2021-10-13 07:09:03,16500.0,300.0,5428000.0
395,2021-10-13 07:09:03,16500.0,1100.0,5427700.0
396,2021-10-13 07:08:57,16500.0,2000.0,5426600.0
397,2021-10-13 07:08:51,16500.0,100.0,5424600.0
398,2021-10-13 07:08:50,16500.0,500.0,5424500.0
399,2021-10-13 07:08:46,16500.0,500.0,5424000.0
400,2021-10-13 07:08:43,16500.0,1000.0,5423500.0
401,2021-10-13 07:08:42,16500.0,5000.0,5422500.0
402,2021-10-13 07:08:42,16500.0,2900.0,5417500.0
403,2021-10-13 07:08:14,16500.0,300.0,5414600.0
404,2021-10-13 07:08:14,16500.0,4500.0,5414300.0
405,2021-10-13 07:08:09,16450.0,300.0,5409800.0
406,2021-10-13 07:08:09,16450.0,100.0,5409500.0
407,2021-10-13 07:07:55,16500.0,2000.0,5409400.0
408,2021-10-13 07:07:55,16500.0,1000.0,5407400.0
409,2021-10-13 07:07:54,16500.0,300.0,5406400.0
410,2021-10-13 07:07:51,16500.0,200.0,5406100.0
411,2021-10-13 07:07:46,16500.0,100.0,5405900.0
412,2021-10-13 07:07:43,16500.0,900.0,5405800.0
413,2021-10-13 07:07:38,16500.0,2000.0,5404900.0
414,2021-10-13 07:07:38,16500.0,200.0,5402900.0
415,2021-10-13 07:07:38,16500.0,300.0,5402700.0
416,2021-10-13 07:07:38,16500.0,500.0,5402400.0
417,2021-10-13 07:07:38,16500.0,500.0,5401900.0
418,2021-10-13 07:07:38,16500.0,1000.0,5401400.0
419,2021-10-13 07:07:38,16500.0,100.0,5400400.0
420,2021-10-13 07:07:38,16500.0,5000.0,5400300.0
421,2021-10-13 07:07:38,16500.0,1000.0,5395300.0
422,2021-10-13 07:07:38,16500.0,500.0,5394300.0
423,2021-10-13 07:07:38,16500.0,500.0,5393800.0
424,2021-10-13 07:07:38,16500.0,100.0,5393300.0
425,2021-10-13 07:07:38,16500.0,100.0,5393200.0
426,2021-10-13 07:07:38,16500.0,500.0,5393100.0
427,2021-10-13 07:07:38,16500.0,500.0,5392600.0
428,2021-10-13 07:07:38,16500.0,1000.0,5392100.0
429,2021-10-13 07:07:38,16500.0,400.0,5391100.0
430,2021-10-13 07:07:38,16500.0,5000.0,5390700.0
431,2021-10-13 07:07:38,16500.0,1000.0,5385700.0
432,2021-10-13 07:07:38,16500.0,2000.0,5384700.0
433,2021-10-13 07:07:38,16500.0,200.0,5382700.0
434,2021-10-13 07:07:38,16500.0,700.0,5382500.0
435,2021-10-13 07:07:38,16500.0,500.0,5381800.0
436,2021-10-13 07:07:38,16500.0,300.0,5381300.0
437,2021-10-13 07:07:38,16500.0,500.0,5381000.0
438,2021-10-13 07:07:38,16500.0,200.0,5380500.0
439,2021-10-13 07:07:38,16500.0,100.0,5380300.0
440,2021-10-13 07:07:38,16500.0,200.0,5380200.0
441,2021-10-13 07:07:38,16500.0,500.0,5380000.0
442,2021-10-13 07:07:38,16500.0,300.0,5379500.0
443,2021-10-13 07:07:38,16500.0,500.0,5379200.0
444,2021-10-13 07:07:38,16500.0,100.0,5378700.0
445,2021-10-13 07:07:38,16500.0,900.0,5378600.0
446,2021-10-13 07:07:38,16500.0,5000.0,5377700.0
447,2021-10-13 07:07:38,16500.0,1500.0,5372700.0
448,2021-10-13 07:07:38,16500.0,2000.0,5371200.0
449,2021-10-13 07:07:38,16500.0,2000.0,5369200.0
450,2021-10-13 07:07:38,16500.0,1000.0,5367200.0
451,2021-10-13 07:07:38,16500.0,2000.0,5366200.0
452,2021-10-13 07:07:38,16500.0,1000.0,5364200.0
453,2021-10-13 07:07:38,16500.0,400.0,5363200.0
454,2021-10-13 07:07:38,16500.0,1000.0,5362800.0
455,2021-10-13 07:07:38,16500.0,100.0,5361800.0
456,2021-10-13 07:07:38,16500.0,600.0,5361700.0
457,2021-10-13 07:07:38,16500.0,1000.0,5361100.0
458,2021-10-13 07:07:38,16500.0,600.0,5360100.0
459,2021-10-13 07:07:38,16500.0,500.0,5359500.0
460,2021-10-13 07:07:38,16500.0,1000.0,5359000.0
461,2021-10-13 07:07:38,16500.0,1000.0,5358000.0
462,2021-10-13 07:07:38,16500.0,800.0,5357000.0
463,2021-10-13 07:07:38,16500.0,800.0,5356200.0
464,2021-10-13 07:07:38,16500.0,200.0,5355400.0
465,2021-10-13 07:07:38,16500.0,14000.0,5355200.0
466,2021-10-13 07:07:38,16500.0,5000.0,5341200.0
467,2021-10-13 07:07:38,16500.0,5000.0,5336200.0
468,2021-10-13 07:07:38,16500.0,100.0,5331200.0
469,2021-10-13 07:07:38,16500.0,4000.0,5331100.0
470,2021-10-13 07:07:38,16500.0,1500.0,5327100.0
471,2021-10-13 07:07:38,16500.0,500.0,5325600.0
472,2021-10-13 07:07:38,16500.0,100.0,5325100.0
473,2021-10-13 07:07:38,16500.0,200.0,5325000.0
474,2021-10-13 07:07:38,16500.0,100.0,5324800.0
475,2021-10-13 07:07:38,16500.0,100.0,5324700.0
476,2021-10-13 07:07:38,16500.0,200.0,5324600.0
477,2021-10-13 07:07:38,16550.0,300.0,5324400.0
478,2021-10-13 07:07:37,16550.0,200.0,5324100.0
479,2021-10-13 07:07:34,16550.0,800.0,5323900.0
480,2021-10-13 07:07:34,16550.0,200.0,5323100.0
481,2021-10-13 07:07:31,16550.0,300.0,5322900.0
482,2021-10-13 07:07:30,16550.0,100.0,5322600.0
483,2021-10-13 07:07:15,16550.0,500.0,5322500.0
484,2021-10-13 07:07:15,16550.0,1000.0,5322000.0
485,2021-10-13 07:07:08,16550.0,500.0,5321000.0
486,2021-10-13 07:06:51,16550.0,500.0,5320500.0
487,2021-10-13 07:06:43,16550.0,100.0,5320000.0
488,2021-10-13 07:06:22,16500.0,100.0,5319900.0
489,2021-10-13 07:06:20,16550.0,1000.0,5319800.0
490,2021-10-13 07:05:58,16550.0,400.0,5318800.0
491,2021-10-13 07:05:58,16550.0,500.0,5318400.0
492,2021-10-13 07:05:58,16550.0,600.0,5317900.0
493,2021-10-13 07:05:50,16550.0,2000.0,5317300.0
494,2021-10-13 07:05:50,16550.0,300.0,5315300.0
495,2021-10-13 07:05:50,16550.0,500.0,5315000.0
496,2021-10-13 07:05:42,16550.0,300.0,5314500.0
497,2021-10-13 07:05:38,16550.0,800.0,5314200.0
498,2021-10-13 07:05:38,16550.0,9200.0,5313400.0
499,2021-10-13 07:05:34,16550.0,10800.0,5304200.0
500,2021-10-13 07:05:34,16550.0,600.0,5293400.0
501,2021-10-13 07:05:34,16550.0,5000.0,5292800.0
502,2021-10-13 07:05:34,16550.0,3600.0,5287800.0
503,2021-10-13 07:05:34,16550.0,1000.0,5284200.0
504,2021-10-13 07:05:32,16550.0,1400.0,5283200.0
505,2021-10-13 07:05:32,16550.0,200.0,5281800.0
506,2021-10-13 07:05:32,16550.0,8400.0,5281600.0
507,2021-10-13 07:05:27,16550.0,1100.0,5273200.0
508,2021-10-13 07:05:21,16550.0,1000.0,5272100.0
509,2021-10-13 07:05:16,16550.0,500.0,5271100.0
510,2021-10-13 07:05:14,16550.0,400.0,5270600.0
511,2021-10-13 07:05:10,16550.0,1000.0,5270200.0
512,2021-10-13 07:05:10,16550.0,2000.0,5269200.0
513,2021-10-13 07:05:10,16550.0,1000.0,5267200.0
514,2021-10-13 07:05:10,16550.0,100.0,5266200.0
515,2021-10-13 07:05:10,16550.0,100.0,5266100.0
516,2021-10-13 07:05:10,16550.0,300.0,5266000.0
517,2021-10-13 07:05:10,16550.0,6600.0,5265700.0
518,2021-10-13 07:05:10,16550.0,100.0,5259100.0
519,2021-10-13 07:05:10,16550.0,1000.0,5259000.0
520,2021-10-13 07:05:10,16550.0,400.0,5258000.0
521,2021-10-13 07:05:10,16550.0,200.0,5257600.0
522,2021-10-13 07:05:10,16550.0,100.0,5257400.0
523,2021-10-13 07:05:10,16550.0,1800.0,5257300.0
524,2021-10-13 07:04:52,16550.0,8200.0,5255500.0
525,2021-10-13 07:04:52,16550.0,300.0,5247300.0
526,2021-10-13 07:04:52,16550.0,100.0,5247000.0
527,2021-10-13 07:04:52,16550.0,200.0,5246900.0
528,2021-10-13 07:04:52,16550.0,4500.0,5246700.0
529,2021-10-13 07:04:48,16550.0,500.0,5242200.0
530,2021-10-13 07:04:48,16550.0,300.0,5241700.0
531,2021-10-13 07:04:48,16550.0,200.0,5241400.0
532,2021-10-13 07:04:48,16550.0,500.0,5241200.0
533,2021-10-13 07:04:48,16550.0,500.0,5240700.0
534,2021-10-13 07:04:48,16550.0,500.0,5240200.0
535,2021-10-13 07:04:48,16550.0,3000.0,5239700.0
536,2021-10-13 07:04:48,16550.0,1000.0,5236700.0
537,2021-10-13 07:04:48,16550.0,2000.0,5235700.0
538,2021-10-13 07:04:48,16550.0,1500.0,5233700.0
539,2021-10-13 07:04:48,16550.0,100.0,5232200.0
540,2021-10-13 07:04:48,16550.0,900.0,5232100.0
541,2021-10-13 07:04:48,16550.0,1000.0,5231200.0
542,2021-10-13 07:04:48,16550.0,700.0,5230200.0
543,2021-10-13 07:04:48,16550.0,100.0,5229500.0
544,2021-10-13 07:04:48,16550.0,3100.0,5229400.0
545,2021-10-13 07:04:48,16550.0,4100.0,5226300.0
546,2021-10-13 07:04:24,16550.0,300.0,5222200.0
547,2021-10-13 07:04:16,16550.0,100.0,5221900.0
548,2021-10-13 07:04:08,16550.0,500.0,5221800.0
549,2021-10-13 07:04:08,16550.0,1500.0,5221300.0
550,2021-10-13 07:04:03,16600.0,600.0,5219800.0
551,2021-10-13 07:04:03,16600.0,200.0,5219200.0
552,2021-10-13 07:04:03,16600.0,200.0,5219000.0
553,2021-10-13 07:03:47,16550.0,200.0,5218800.0
554,2021-10-13 07:03:41,16600.0,500.0,5218600.0
555,2021-10-13 07:03:07,16550.0,300.0,5218100.0
556,2021-10-13 07:03:07,16550.0,100.0,5217800.0
557,2021-10-13 07:03:07,16550.0,100.0,5217700.0
558,2021-10-13 07:03:05,16600.0,500.0,5217600.0
559,2021-10-13 07:03:05,16600.0,400.0,5217100.0
560,2021-10-13 07:03:05,16600.0,2000.0,5216700.0
561,2021-10-13 07:03:05,16600.0,500.0,5214700.0
562,2021-10-13 07:03:05,16600.0,1600.0,5214200.0
563,2021-10-13 07:02:56,16600.0,400.0,5212600.0
564,2021-10-13 07:02:56,16600.0,100.0,5212200.0
565,2021-10-13 07:02:56,16600.0,500.0,5212100.0
566,2021-10-13 07:02:55,16600.0,100.0,5211600.0
567,2021-10-13 07:01:43,16600.0,100.0,5211500.0
568,2021-10-13 07:01:30,16550.0,100.0,5211400.0
569,2021-10-13 07:01:30,16550.0,100.0,5211300.0
570,2021-10-13 07:01:29,16550.0,200.0,5211200.0
571,2021-10-13 07:01:29,16550.0,3000.0,5211000.0
572,2021-10-13 07:01:14,16550.0,3000.0,5208000.0
573,2021-10-13 07:00:38,16550.0,2000.0,5205000.0
574,2021-10-13 07:00:23,16550.0,500.0,5203000.0
575,2021-10-13 07:00:21,16600.0,1000.0,5202500.0
576,2021-10-13 07:00:03,16600.0,100.0,5201500.0
577,2021-10-13 06:59:49,16550.0,1000.0,5201400.0
578,2021-10-13 06:59:19,16550.0,100.0,5200400.0
579,2021-10-13 06:59:00,16550.0,100.0,5200300.0
580,2021-10-13 06:58:44,16550.0,20000.0,5200200.0
581,2021-10-13 06:58:40,16550.0,10000.0,5180200.0
582,2021-10-13 06:58:40,16550.0,1000.0,5170200.0
583,2021-10-13 06:58:40,16550.0,100.0,5169200.0
584,2021-10-13 06:58:40,16550.0,9200.0,5169100.0
585,2021-10-13 06:58:37,16550.0,3200.0,5159900.0
586,2021-10-13 06:58:36,16550.0,100.0,5156700.0
587,2021-10-13 06:58:14,16550.0,200.0,5156600.0
588,2021-10-13 06:58:05,16550.0,100.0,5156400.0
589,2021-10-13 06:57:58,16550.0,2000.0,5156300.0
590,2021-10-13 06:57:53,16550.0,5000.0,5154300.0
591,2021-10-13 06:57:53,16550.0,1000.0,5149300.0
592,2021-10-13 06:57:45,16550.0,5000.0,5148300.0
593,2021-10-13 06:57:42,16550.0,4200.0,5143300.0
594,2021-10-13 06:57:42,16550.0,10000.0,5139100.0
595,2021-10-13 06:57:42,16550.0,800.0,5129100.0
596,2021-10-13 06:57:29,16550.0,200.0,5128300.0
597,2021-10-13 06:57:09,16600.0,400.0,5128100.0
598,2021-10-13 06:57:09,16550.0,200.0,5127700.0
599,2021-10-13 06:57:02,16500.0,100.0,5127500.0
600,2021-10-13 06:57:01,16550.0,100.0,5127400.0
601,2021-10-13 06:56:55,16550.0,2000.0,5127300.0
602,2021-10-13 06:56:55,16550.0,1400.0,5125300.0
603,2021-10-13 06:56:55,16550.0,2000.0,5123900.0
604,2021-10-13 06:56:55,16550.0,1000.0,5121900.0
605,2021-10-13 06:56:55,16550.0,300.0,5120900.0
606,2021-10-13 06:56:55,16550.0,5000.0,5120600.0
607,2021-10-13 06:56:55,16550.0,600.0,5115600.0
608,2021-10-13 06:56:55,16550.0,2800.0,5115000.0
609,2021-10-13 06:56:55,16550.0,1200.0,5112200.0
610,2021-10-13 06:56:55,16550.0,300.0,5111000.0
611,2021-10-13 06:56:55,16550.0,25000.0,5110700.0
612,2021-10-13 06:56:55,16550.0,1000.0,5085700.0
613,2021-10-13 06:56:55,16550.0,1000.0,5084700.0
614,2021-10-13 06:56:55,16550.0,20000.0,5083700.0
615,2021-10-13 06:56:55,16550.0,2000.0,5063700.0
616,2021-10-13 06:56:55,16550.0,5300.0,5061700.0
617,2021-10-13 06:56:29,16500.0,1000.0,5056400.0
618,2021-10-13 06:55:44,16500.0,300.0,5055400.0
619,2021-10-13 06:55:31,16550.0,300.0,5055100.0
620,2021-10-13 06:55:22,16550.0,500.0,5054800.0
621,2021-10-13 06:55:09,16550.0,12000.0,5054300.0
622,2021-10-13 06:54:47,16550.0,500.0,5042300.0
623,2021-10-13 06:54:02,16550.0,100.0,5041800.0
624,2021-10-13 06:53:51,16500.0,200.0,5041700.0
625,2021-10-13 06:53:26,16500.0,900.0,5041500.0
626,2021-10-13 06:53:13,16500.0,100.0,5040600.0
627,2021-10-13 06:53:00,16500.0,100.0,5040500.0
628,2021-10-13 06:53:00,16500.0,400.0,5040400.0
629,2021-10-13 06:53:00,16500.0,500.0,5040000.0
630,2021-10-13 06:53:00,16500.0,1000.0,5039500.0
631,2021-10-13 06:52:52,16550.0,1000.0,5038500.0
632,2021-10-13 06:50:58,16550.0,2000.0,5037500.0
633,2021-10-13 06:50:58,16550.0,400.0,5035500.0
634,2021-10-13 06:50:58,16550.0,2000.0,5035100.0
635,2021-10-13 06:50:58,16550.0,1000.0,5033100.0
636,2021-10-13 06:50:58,16550.0,600.0,5032100.0
637,2021-10-13 06:50:58,16550.0,4300.0,5031500.0
638,2021-10-13 06:50:37,16550.0,700.0,5027200.0
639,2021-10-13 06:50:37,16550.0,300.0,5026500.0
640,2021-10-13 06:50:33,16550.0,300.0,5026200.0
641,2021-10-13 06:50:33,16550.0,3000.0,5025900.0
642,2021-10-13 06:50:27,16550.0,400.0,5022900.0
643,2021-10-13 06:50:27,16550.0,300.0,5022500.0
644,2021-10-13 06:50:27,16550.0,5800.0,5022200.0
645,2021-10-13 06:50:04,16550.0,5000.0,5016400.0
646,2021-10-13 06:50:03,16600.0,100.0,5011400.0
647,2021-10-13 06:49:49,16600.0,2700.0,5011300.0
648,2021-10-13 06:49:49,16600.0,100.0,5008600.0
649,2021-10-13 06:49:49,16600.0,200.0,5008500.0
650,2021-10-13 06:49:49,16600.0,100.0,5008300.0
651,2021-10-13 06:49:49,16600.0,100.0,5008200.0
652,2021-10-13 06:49:49,16600.0,1000.0,5008100.0
653,2021-10-13 06:49:49,16600.0,2800.0,5007100.0
654,2021-10-13 06:49:44,16600.0,100.0,5004300.0
655,2021-10-13 06:49:20,16600.0,30000.0,5004200.0
656,2021-10-13 06:49:15,16600.0,700.0,4974200.0
657,2021-10-13 06:49:06,16550.0,2000.0,4973500.0
658,2021-10-13 06:48:57,16550.0,1000.0,4971500.0
659,2021-10-13 06:48:57,16550.0,100.0,4970500.0
660,2021-10-13 06:48:57,16550.0,6100.0,4970400.0
661,2021-10-13 06:48:45,16550.0,1200.0,4964300.0
662,2021-10-13 06:48:36,16550.0,500.0,4963100.0
663,2021-10-13 06:48:35,16550.0,900.0,4962600.0
664,2021-10-13 06:48:35,16550.0,800.0,4961700.0
665,2021-10-13 06:48:35,16550.0,2300.0,4960900.0
666,2021-10-13 06:48:35,16550.0,1000.0,4958600.0
667,2021-10-13 06:48:35,16550.0,200.0,4957600.0
668,2021-10-13 06:48:35,16550.0,5000.0,4957400.0
669,2021-10-13 06:48:35,16550.0,100.0,4952400.0
670,2021-10-13 06:48:35,16550.0,10000.0,4952300.0
671,2021-10-13 06:48:35,16550.0,100.0,4942300.0
672,2021-10-13 06:48:35,16550.0,1800.0,4942200.0
673,2021-10-13 06:48:17,16550.0,100.0,4940400.0
674,2021-10-13 06:47:36,16550.0,500.0,4940300.0
675,2021-10-13 06:47:29,16600.0,1000.0,4939800.0
676,2021-10-13 06:47:20,16550.0,1600.0,4938800.0
677,2021-10-13 06:47:20,16550.0,23400.0,4937200.0
678,2021-10-13 06:47:16,16600.0,1000.0,4913800.0
679,2021-10-13 06:47:14,16600.0,100.0,4912800.0
680,2021-10-13 06:47:07,16600.0,100.0,4912700.0
681,2021-10-13 06:46:47,16600.0,600.0,4912600.0
682,2021-10-13 06:46:31,16600.0,200.0,4912000.0
683,2021-10-13 06:45:42,16600.0,200.0,4911800.0
684,2021-10-13 06:45:24,16600.0,200.0,4911600.0
685,2021-10-13 06:45:06,16550.0,1000.0,4911400.0
686,2021-10-13 06:45:04,16550.0,1000.0,4910400.0
687,2021-10-13 06:44:25,16550.0,10000.0,4909400.0
688,2021-10-13 06:44:20,16550.0,30000.0,4899400.0
689,2021-10-13 06:44:10,16550.0,100.0,4869400.0
690,2021-10-13 06:43:34,16550.0,23400.0,4869300.0
691,2021-10-13 06:43:34,16550.0,1000.0,4845900.0
692,2021-10-13 06:43:34,16550.0,10000.0,4844900.0
693,2021-10-13 06:43:34,16550.0,100.0,4834900.0
694,2021-10-13 06:43:33,16550.0,800.0,4834800.0
695,2021-10-13 06:43:27,16550.0,4000.0,4834000.0
696,2021-10-13 06:43:11,16550.0,100.0,4830000.0
697,2021-10-13 06:42:51,16550.0,100.0,4829900.0
698,2021-10-13 06:42:47,16550.0,900.0,4829800.0
699,2021-10-13 06:42:47,16550.0,100.0,4828900.0
700,2021-10-13 06:42:23,16500.0,1000.0,4828800.0
701,2021-10-13 06:41:46,16550.0,1000.0,4827800.0
702,2021-10-13 06:41:40,16550.0,1000.0,4826800.0
703,2021-10-13 06:41:40,16550.0,1000.0,4825800.0
704,2021-10-13 06:41:40,16550.0,300.0,4824800.0
705,2021-10-13 06:41:40,16550.0,500.0,4824500.0
706,2021-10-13 06:41:40,16550.0,8000.0,4824000.0
707,2021-10-13 06:41:40,16550.0,10400.0,4816000.0
708,2021-10-13 06:41:40,16550.0,1000.0,4805600.0
709,2021-10-13 06:41:40,16550.0,5000.0,4804600.0
710,2021-10-13 06:41:40,16550.0,800.0,4799600.0
711,2021-10-13 06:41:40,16550.0,1000.0,4798800.0
712,2021-10-13 06:41:40,16550.0,10000.0,4797800.0
713,2021-10-13 06:41:40,16550.0,200.0,4787800.0
714,2021-10-13 06:41:40,16550.0,300.0,4787600.0
715,2021-10-13 06:41:40,16550.0,800.0,4787300.0
716,2021-10-13 06:41:40,16550.0,1000.0,4786500.0
717,2021-10-13 06:41:40,16550.0,100.0,4785500.0
718,2021-10-13 06:41:40,16550.0,1000.0,4785400.0
719,2021-10-13 06:41:40,16550.0,1000.0,4784400.0
720,2021-10-13 06:41:40,16550.0,1000.0,4783400.0
721,2021-10-13 06:41:40,16550.0,100.0,4782400.0
722,2021-10-13 06:41:40,16550.0,300.0,4782300.0
723,2021-10-13 06:41:40,16550.0,400.0,4782000.0
724,2021-10-13 06:41:40,16550.0,2000.0,4781600.0
725,2021-10-13 06:41:40,16550.0,10000.0,4779600.0
726,2021-10-13 06:41:40,16550.0,20000.0,4769600.0
727,2021-10-13 06:41:40,16550.0,7600.0,4749600.0
728,2021-10-13 06:41:40,16550.0,500.0,4742000.0
729,2021-10-13 06:41:40,16550.0,1500.0,4741500.0
730,2021-10-13 06:41:40,16550.0,10000.0,4740000.0
731,2021-10-13 06:41:40,16550.0,1800.0,4730000.0
732,2021-10-13 06:41:40,16550.0,6300.0,4728200.0
733,2021-10-13 06:41:40,16550.0,5500.0,4721900.0
734,2021-10-13 06:41:20,16550.0,200.0,4716400.0
735,2021-10-13 06:41:20,16550.0,100.0,4716200.0
736,2021-10-13 06:41:11,16500.0,8000.0,4716100.0
737,2021-10-13 06:41:11,16500.0,1500.0,4708100.0
738,2021-10-13 06:40:00,16500.0,3900.0,4706600.0
739,2021-10-13 06:40:00,16500.0,1000.0,4702700.0
740,2021-10-13 06:40:00,16500.0,300.0,4701700.0
741,2021-10-13 06:40:00,16500.0,300.0,4701400.0
742,2021-10-13 06:39:41,16500.0,200.0,4701100.0
743,2021-10-13 06:39:38,16500.0,100.0,4700900.0
744,2021-10-13 06:39:10,16500.0,100.0,4700800.0
745,2021-10-13 06:39:02,16500.0,4300.0,4700700.0
746,2021-10-13 06:39:02,16500.0,200.0,4696400.0
747,2021-10-13 06:39:02,16500.0,100.0,4696200.0
748,2021-10-13 06:39:02,16500.0,400.0,4696100.0
749,2021-10-13 06:38:37,16500.0,900.0,4695700.0
750,2021-10-13 06:38:37,16500.0,1000.0,4694800.0
751,2021-10-13 06:38:37,16500.0,300.0,4693800.0
752,2021-10-13 06:38:18,16550.0,1000.0,4693500.0
753,2021-10-13 06:38:00,16550.0,1000.0,4692500.0
754,2021-10-13 06:37:54,16500.0,1000.0,4691500.0
755,2021-10-13 06:37:49,16500.0,300.0,4690500.0
756,2021-10-13 06:37:17,16500.0,100.0,4690200.0
757,2021-10-13 06:37:03,16500.0,1000.0,4690100.0
758,2021-10-13 06:36:47,16500.0,200.0,4689100.0
759,2021-10-13 06:36:27,16500.0,1000.0,4688900.0
760,2021-10-13 06:36:27,16500.0,1000.0,4687900.0
761,2021-10-13 06:36:02,16500.0,100.0,4686900.0
762,2021-10-13 06:36:02,16500.0,1400.0,4686800.0
763,2021-10-13 06:35:26,16500.0,200.0,4685400.0
764,2021-10-13 06:35:05,16500.0,1400.0,4685200.0
765,2021-10-13 06:35:05,16500.0,1600.0,4683800.0
766,2021-10-13 06:34:31,16500.0,800.0,4682200.0
767,2021-10-13 06:34:29,16500.0,600.0,4681400.0
768,2021-10-13 06:34:29,16500.0,2000.0,4680800.0
769,2021-10-13 06:34:29,16500.0,4400.0,4678800.0
770,2021-10-13 06:34:24,16500.0,200.0,4674400.0
771,2021-10-13 06:34:06,16500.0,1000.0,4674200.0
772,2021-10-13 06:34:05,16500.0,1500.0,4673200.0
773,2021-10-13 06:34:00,16500.0,500.0,4671700.0
774,2021-10-13 06:33:54,16500.0,200.0,4671200.0
775,2021-10-13 06:33:54,16500.0,100.0,4671000.0
776,2021-10-13 06:33:54,16500.0,1000.0,4670900.0
777,2021-10-13 06:33:54,16500.0,100.0,4669900.0
778,2021-10-13 06:33:54,16500.0,1000.0,4669800.0
779,2021-10-13 06:33:44,16500.0,900.0,4668800.0
780,2021-10-13 06:33:44,16500.0,100.0,4667900.0
781,2021-10-13 06:33:44,16500.0,100.0,4667800.0
782,2021-10-13 06:33:44,16500.0,500.0,4667700.0
783,2021-10-13 06:33:44,16500.0,100.0,4667200.0
784,2021-10-13 06:33:44,16500.0,100.0,4667100.0
785,2021-10-13 06:33:44,16500.0,2000.0,4667000.0
786,2021-10-13 06:33:44,16500.0,100.0,4665000.0
787,2021-10-13 06:33:44,16500.0,5000.0,4664900.0
788,2021-10-13 06:33:44,16500.0,100.0,4659900.0
789,2021-10-13 06:33:44,16500.0,7800.0,4659800.0
790,2021-10-13 06:33:41,16500.0,500.0,4652000.0
791,2021-10-13 06:33:40,16500.0,100.0,4651500.0
792,2021-10-13 06:33:38,16500.0,1600.0,4651400.0
793,2021-10-13 06:33:38,16500.0,500.0,4649800.0
794,2021-10-13 06:33:38,16500.0,10000.0,4649300.0
795,2021-10-13 06:33:38,16500.0,3800.0,4639300.0
796,2021-10-13 06:33:37,16500.0,300.0,4635500.0
797,2021-10-13 06:33:18,16500.0,3000.0,4635200.0
798,2021-10-13 06:33:14,16500.0,200.0,4632200.0
799,2021-10-13 06:33:09,16450.0,100.0,4632000.0
800,2021-10-13 06:32:57,16500.0,600.0,4631900.0
801,2021-10-13 06:32:57,16500.0,100.0,4631300.0
802,2021-10-13 06:32:54,16500.0,1000.0,4631200.0
803,2021-10-13 06:32:34,16500.0,10000.0,4630200.0
804,2021-10-13 06:32:27,16500.0,11000.0,4620200.0
805,2021-10-13 06:32:27,16500.0,9000.0,4609200.0
806,2021-10-13 06:31:53,16500.0,100.0,4600200.0
807,2021-10-13 06:30:37,16500.0,900.0,4600100.0
808,2021-10-13 06:30:31,16450.0,100.0,4599200.0
809,2021-10-13 06:30:23,16450.0,1000.0,4599100.0
810,2021-10-13 06:30:17,16500.0,100.0,4598100.0
811,2021-10-13 06:30:17,16500.0,500.0,4598000.0
812,2021-10-13 06:30:17,16500.0,10000.0,4597500.0
813,2021-10-13 06:30:17,16500.0,5000.0,4587500.0
814,2021-10-13 06:30:17,16500.0,50000.0,4582500.0
815,2021-10-13 06:30:17,16500.0,500.0,4532500.0
816,2021-10-13 06:30:17,16500.0,2500.0,4532000.0
817,2021-10-13 06:30:17,16500.0,300.0,4529500.0
818,2021-10-13 06:30:17,16500.0,500.0,4529200.0
819,2021-10-13 06:30:17,16500.0,1000.0,4528700.0
820,2021-10-13 06:30:17,16500.0,500.0,4527700.0
821,2021-10-13 06:30:17,16500.0,2000.0,4527200.0
822,2021-10-13 06:30:17,16500.0,9400.0,4525200.0
823,2021-10-13 06:30:17,16500.0,400.0,4515800.0
824,2021-10-13 06:30:17,16500.0,300.0,4515400.0
825,2021-10-13 06:30:17,16500.0,1000.0,4515100.0
826,2021-10-13 06:30:17,16500.0,1000.0,4514100.0
827,2021-10-13 06:30:17,16500.0,100.0,4513100.0
828,2021-10-13 06:30:17,16500.0,300.0,4513000.0
829,2021-10-13 06:30:17,16500.0,500.0,4512700.0
830,2021-10-13 06:30:17,16500.0,100.0,4512200.0
831,2021-10-13 06:30:17,16500.0,5000.0,4512100.0
832,2021-10-13 06:30:17,16500.0,200.0,4507100.0
833,2021-10-13 06:30:17,16500.0,4700.0,4506900.0
834,2021-10-13 06:29:55,16450.0,2000.0,4502200.0
835,2021-10-13 06:29:44,16500.0,300.0,4500200.0
836,2021-10-13 06:29:04,16500.0,500.0,4499900.0
837,2021-10-13 06:28:59,16500.0,100.0,4499400.0
838,2021-10-13 06:28:59,16500.0,700.0,4499300.0
839,2021-10-13 06:28:47,16500.0,100.0,4498600.0
840,2021-10-13 06:28:39,16500.0,100.0,4498500.0
841,2021-10-13 06:28:35,16500.0,100.0,4498400.0
842,2021-10-13 06:28:08,16500.0,800.0,4498300.0
843,2021-10-13 06:28:08,16500.0,200.0,4497500.0
844,2021-10-13 06:27:31,16500.0,200.0,4497300.0
845,2021-10-13 06:27:11,16450.0,500.0,4497100.0
846,2021-10-13 06:26:51,16500.0,100.0,4496600.0
847,2021-10-13 06:26:51,16500.0,5500.0,4496500.0
848,2021-10-13 06:26:51,16500.0,4400.0,4491000.0
849,2021-10-13 06:26:06,16450.0,9000.0,4486600.0
850,2021-10-13 06:25:46,16450.0,5000.0,4477600.0
851,2021-10-13 06:25:33,16450.0,7400.0,4472600.0
852,2021-10-13 06:25:33,16450.0,1000.0,4465200.0
853,2021-10-13 06:25:33,16450.0,600.0,4464200.0
854,2021-10-13 06:25:30,16450.0,600.0,4463600.0
855,2021-10-13 06:25:16,16450.0,3800.0,4463000.0
856,2021-10-13 06:25:16,16450.0,400.0,4459200.0
857,2021-10-13 06:25:16,16450.0,500.0,4458800.0
858,2021-10-13 06:25:16,16450.0,200.0,4458300.0
859,2021-10-13 06:25:16,16450.0,500.0,4458100.0
860,2021-10-13 06:25:16,16450.0,1100.0,4457600.0
861,2021-10-13 06:25:16,16450.0,600.0,4456500.0
862,2021-10-13 06:25:16,16450.0,1000.0,4455900.0
863,2021-10-13 06:25:16,16450.0,1000.0,4454900.0
864,2021-10-13 06:25:16,16450.0,3500.0,4453900.0
865,2021-10-13 06:25:08,16500.0,300.0,4450400.0
866,2021-10-13 06:25:04,16450.0,100.0,4450100.0
867,2021-10-13 06:24:51,16450.0,200.0,4450000.0
868,2021-10-13 06:24:43,16450.0,300.0,4449800.0
869,2021-10-13 06:24:19,16450.0,15900.0,4449500.0
870,2021-10-13 06:24:19,16450.0,1000.0,4433600.0
871,2021-10-13 06:24:19,16450.0,1000.0,4432600.0
872,2021-10-13 06:24:19,16450.0,100.0,4431600.0
873,2021-10-13 06:24:19,16450.0,200.0,4431500.0
874,2021-10-13 06:24:19,16450.0,500.0,4431300.0
875,2021-10-13 06:24:19,16450.0,100.0,4430800.0
876,2021-10-13 06:24:19,16450.0,2000.0,4430700.0
877,2021-10-13 06:24:19,16450.0,13000.0,4428700.0
878,2021-10-13 06:24:19,16450.0,100.0,4415700.0
879,2021-10-13 06:24:19,16450.0,100.0,4415600.0
880,2021-10-13 06:24:19,16450.0,1000.0,4415500.0
881,2021-10-13 06:24:19,16450.0,700.0,4414500.0
882,2021-10-13 06:24:19,16450.0,2200.0,4413800.0
883,2021-10-13 06:24:19,16450.0,1000.0,4411600.0
884,2021-10-13 06:24:19,16450.0,100.0,4410600.0
885,2021-10-13 06:24:19,16450.0,20000.0,4410500.0
886,2021-10-13 06:24:19,16450.0,200.0,4390500.0
887,2021-10-13 06:24:19,16450.0,1000.0,4390300.0
888,2021-10-13 06:24:19,16450.0,500.0,4389300.0
889,2021-10-13 06:24:19,16450.0,2000.0,4388800.0
890,2021-10-13 06:24:19,16450.0,3000.0,4386800.0
891,2021-10-13 06:24:19,16450.0,2000.0,4383800.0
892,2021-10-13 06:24:19,16450.0,1000.0,4381800.0
893,2021-10-13 06:24:19,16450.0,200.0,4380800.0
894,2021-10-13 06:24:19,16450.0,15000.0,4380600.0
895,2021-10-13 06:24:19,16450.0,200.0,4365600.0
896,2021-10-13 06:24:19,16450.0,5000.0,4365400.0
897,2021-10-13 06:24:19,16450.0,500.0,4360400.0
898,2021-10-13 06:24:19,16450.0,1000.0,4359900.0
899,2021-10-13 06:24:19,16450.0,20000.0,4358900.0
900,2021-10-13 06:24:19,16450.0,10000.0,4338900.0
901,2021-10-13 06:24:19,16450.0,3200.0,4328900.0
902,2021-10-13 06:24:09,16500.0,3100.0,4325700.0
903,2021-10-13 06:23:03,16450.0,1800.0,4322600.0
904,2021-10-13 06:23:03,16450.0,1600.0,4320800.0
905,2021-10-13 06:23:03,16450.0,500.0,4319200.0
906,2021-10-13 06:23:03,16450.0,400.0,4318700.0
907,2021-10-13 06:23:03,16450.0,100.0,4318300.0
908,2021-10-13 06:23:03,16450.0,100.0,4318200.0
909,2021-10-13 06:23:03,16450.0,500.0,4318100.0
910,2021-10-13 06:22:59,16500.0,1000.0,4317600.0
911,2021-10-13 06:22:21,16500.0,200.0,4316600.0
912,2021-10-13 06:22:21,16500.0,300.0,4316400.0
913,2021-10-13 06:22:20,16500.0,2000.0,4316100.0
914,2021-10-13 06:22:03,16500.0,2700.0,4314100.0
915,2021-10-13 06:21:51,16500.0,7300.0,4311400.0
916,2021-10-13 06:21:48,16500.0,400.0,4304100.0
917,2021-10-13 06:21:47,16500.0,2000.0,4303700.0
918,2021-10-13 06:21:47,16500.0,300.0,4301700.0
919,2021-10-13 06:21:34,16500.0,100.0,4301400.0
920,2021-10-13 06:21:23,16500.0,1000.0,4301300.0
921,2021-10-13 06:21:22,16500.0,1000.0,4300300.0
922,2021-10-13 06:21:20,16500.0,300.0,4299300.0
923,2021-10-13 06:21:19,16500.0,200.0,4299000.0
924,2021-10-13 06:21:19,16500.0,2000.0,4298800.0
925,2021-10-13 06:21:19,16500.0,1000.0,4296800.0
926,2021-10-13 06:21:19,16500.0,500.0,4295800.0
927,2021-10-13 06:21:19,16500.0,3600.0,4295300.0
928,2021-10-13 06:20:41,16500.0,3000.0,4291700.0
929,2021-10-13 06:20:39,16500.0,1000.0,4288700.0
930,2021-10-13 06:20:39,16500.0,100.0,4287700.0
931,2021-10-13 06:20:39,16500.0,100.0,4287600.0
932,2021-10-13 06:20:39,16500.0,600.0,4287500.0
933,2021-10-13 06:20:39,16500.0,100.0,4286900.0
934,2021-10-13 06:20:39,16500.0,500.0,4286800.0
935,2021-10-13 06:20:39,16500.0,1000.0,4286300.0
936,2021-10-13 06:20:34,16550.0,300.0,4285300.0
937,2021-10-13 06:20:33,16500.0,200.0,4285000.0
938,2021-10-13 06:20:33,16500.0,2000.0,4284800.0
939,2021-10-13 06:20:33,16500.0,300.0,4282800.0
940,2021-10-13 06:20:33,16500.0,200.0,4282500.0
941,2021-10-13 06:20:33,16500.0,1000.0,4282300.0
942,2021-10-13 06:20:33,16500.0,400.0,4281300.0
943,2021-10-13 06:20:33,16500.0,900.0,4280900.0
944,2021-10-13 06:20:33,16500.0,700.0,4280000.0
945,2021-10-13 06:20:33,16500.0,200.0,4279300.0
946,2021-10-13 06:20:33,16500.0,100.0,4279100.0
947,2021-10-13 06:20:33,16500.0,500.0,4279000.0
948,2021-10-13 06:20:33,16500.0,1200.0,4278500.0
949,2021-10-13 06:20:33,16500.0,1000.0,4277300.0
950,2021-10-13 06:20:33,16500.0,100.0,4276300.0
951,2021-10-13 06:20:33,16500.0,300.0,4276200.0
952,2021-10-13 06:20:33,16500.0,3000.0,4275900.0
953,2021-10-13 06:20:33,16500.0,3000.0,4272900.0
954,2021-10-13 06:20:33,16500.0,700.0,4269900.0
955,2021-10-13 06:20:33,16500.0,200.0,4269200.0
956,2021-10-13 06:20:33,16500.0,200.0,4269000.0
957,2021-10-13 06:20:33,16500.0,1000.0,4268800.0
958,2021-10-13 06:20:33,16500.0,2000.0,4267800.0
959,2021-10-13 06:20:33,16500.0,4300.0,4265800.0
960,2021-10-13 06:20:32,16500.0,700.0,4261500.0
961,2021-10-13 06:20:32,16500.0,1000.0,4260800.0
962,2021-10-13 06:20:32,16500.0,100.0,4259800.0
963,2021-10-13 06:20:32,16500.0,300.0,4259700.0
964,2021-10-13 06:20:32,16500.0,500.0,4259400.0
965,2021-10-13 06:20:32,16500.0,500.0,4258900.0
966,2021-10-13 06:20:32,16500.0,100.0,4258400.0
967,2021-10-13 06:20:32,16500.0,1800.0,4258300.0
968,2021-10-13 06:20:30,16500.0,3200.0,4256500.0
969,2021-10-13 06:20:30,16500.0,100.0,4253300.0
970,2021-10-13 06:20:30,16500.0,500.0,4253200.0
971,2021-10-13 06:20:30,16500.0,200.0,4252700.0
972,2021-10-13 06:20:30,16500.0,100.0,4252500.0
973,2021-10-13 06:20:30,16500.0,900.0,4252400.0
974,2021-10-13 06:20:19,16500.0,100.0,4251500.0
975,2021-10-13 06:20:16,16500.0,200.0,4251400.0
976,2021-10-13 06:20:16,16500.0,1800.0,4251200.0
977,2021-10-13 06:20:15,16500.0,200.0,4249400.0
978,2021-10-13 06:20:15,16500.0,800.0,4249200.0
979,2021-10-13 06:20:02,16500.0,1000.0,4248400.0
980,2021-10-13 06:19:58,16500.0,2500.0,4247400.0
981,2021-10-13 06:19:54,16550.0,1900.0,4244900.0
982,2021-10-13 06:19:49,16500.0,3000.0,4243000.0
983,2021-10-13 06:19:46,16500.0,1500.0,4240000.0
984,2021-10-13 06:19:45,16550.0,1000.0,4238500.0
985,2021-10-13 06:19:39,16500.0,1200.0,4237500.0
986,2021-10-13 06:19:39,16500.0,300.0,4236300.0
987,2021-10-13 06:19:39,16500.0,1000.0,4236000.0
988,2021-10-13 06:19:39,16500.0,7500.0,4235000.0
989,2021-10-13 06:19:32,16500.0,2500.0,4227500.0
990,2021-10-13 06:19:32,16500.0,7500.0,4225000.0
991,2021-10-13 06:19:29,16500.0,12500.0,4217500.0
992,2021-10-13 06:19:29,16500.0,10000.0,4205000.0
993,2021-10-13 06:19:29,16500.0,500.0,4195000.0
994,2021-10-13 06:19:29,16500.0,100.0,4194500.0
995,2021-10-13 06:19:29,16500.0,6900.0,4194400.0
996,2021-10-13 06:19:28,16500.0,100.0,4187500.0
997,2021-10-13 06:19:24,16500.0,100.0,4187400.0
998,2021-10-13 06:19:15,16500.0,2900.0,4187300.0
999,2021-10-13 06:19:15,16500.0,3000.0,4184400.0
1000,2021-10-13 06:19:15,16500.0,1500.0,4181400.0
1001,2021-10-13 06:19:15,16500.0,16400.0,4179900.0
1002,2021-10-13 06:19:15,16500.0,6200.0,4163500.0
1003,2021-10-13 06:18:58,16500.0,500.0,4157300.0
1004,2021-10-13 06:18:45,16500.0,100.0,4156800.0
1005,2021-10-13 06:18:42,16500.0,200.0,4156700.0
1006,2021-10-13 06:17:42,16500.0,2000.0,4156500.0
1007,2021-10-13 06:17:09,16550.0,1000.0,4154500.0
1008,2021-10-13 06:17:09,16550.0,1000.0,4153500.0
1009,2021-10-13 06:17:09,16550.0,200.0,4152500.0
1010,2021-10-13 06:17:09,16550.0,200.0,4152300.0
1011,2021-10-13 06:17:09,16550.0,600.0,4152100.0
1012,2021-10-13 06:17:01,16500.0,100.0,4151500.0
1013,2021-10-13 06:16:37,16500.0,600.0,4151400.0
1014,2021-10-13 06:16:09,16550.0,400.0,4150800.0
1015,2021-10-13 06:15:25,16550.0,100.0,4150400.0
1016,2021-10-13 06:15:04,16500.0,100.0,4150300.0
1017,2021-10-13 06:14:46,16550.0,100.0,4150200.0
1018,2021-10-13 06:14:37,16550.0,1800.0,4150100.0
1019,2021-10-13 06:14:37,16550.0,1000.0,4148300.0
1020,2021-10-13 06:14:35,16550.0,100.0,4147300.0
1021,2021-10-13 06:14:22,16550.0,100.0,4147200.0
1022,2021-10-13 06:13:53,16550.0,1000.0,4147100.0
1023,2021-10-13 06:13:53,16550.0,1000.0,4146100.0
1024,2021-10-13 06:13:53,16550.0,1000.0,4145100.0
1025,2021-10-13 06:13:53,16500.0,2000.0,4144100.0
1026,2021-10-13 06:13:47,16550.0,1000.0,4142100.0
1027,2021-10-13 06:13:47,16550.0,1500.0,4141100.0
1028,2021-10-13 06:13:47,16550.0,2000.0,4139600.0
1029,2021-10-13 06:13:47,16550.0,1000.0,4137600.0
1030,2021-10-13 06:13:47,16550.0,1000.0,4136600.0
1031,2021-10-13 06:13:47,16550.0,1000.0,4135600.0
1032,2021-10-13 06:13:47,16550.0,2500.0,4134600.0
1033,2021-10-13 06:13:46,16550.0,2000.0,4132100.0
1034,2021-10-13 06:13:40,16550.0,3000.0,4130100.0
1035,2021-10-13 06:13:25,16550.0,500.0,4127100.0
1036,2021-10-13 06:13:25,16550.0,500.0,4126600.0
1037,2021-10-13 06:13:11,16550.0,500.0,4126100.0
1038,2021-10-13 06:13:11,16550.0,1000.0,4125600.0
1039,2021-10-13 06:13:11,16550.0,600.0,4124600.0
1040,2021-10-13 06:13:11,16550.0,2900.0,4124000.0
1041,2021-10-13 06:13:09,16550.0,400.0,4121100.0
1042,2021-10-13 06:13:00,16550.0,10000.0,4120700.0
1043,2021-10-13 06:12:50,16500.0,200.0,4110700.0
1044,2021-10-13 06:12:24,16500.0,100.0,4110500.0
1045,2021-10-13 06:12:21,16550.0,6700.0,4110400.0
1046,2021-10-13 06:12:21,16550.0,100.0,4103700.0
1047,2021-10-13 06:12:21,16550.0,1600.0,4103600.0
1048,2021-10-13 06:12:00,16500.0,3000.0,4102000.0
1049,2021-10-13 06:11:57,16500.0,10000.0,4099000.0
1050,2021-10-13 06:11:32,16500.0,500.0,4089000.0
1051,2021-10-13 06:11:26,16500.0,700.0,4088500.0
1052,2021-10-13 06:11:07,16550.0,200.0,4087800.0
1053,2021-10-13 06:10:53,16550.0,1000.0,4087600.0
1054,2021-10-13 06:10:49,16550.0,1000.0,4086600.0
1055,2021-10-13 06:10:40,16500.0,500.0,4085600.0
1056,2021-10-13 06:10:38,16550.0,1200.0,4085100.0
1057,2021-10-13 06:10:38,16550.0,800.0,4083900.0
1058,2021-10-13 06:10:38,16550.0,1000.0,4083100.0
1059,2021-10-13 06:10:38,16550.0,1000.0,4082100.0
1060,2021-10-13 06:10:38,16550.0,100.0,4081100.0
1061,2021-10-13 06:10:38,16550.0,900.0,4081000.0
1062,2021-10-13 06:10:28,16500.0,10000.0,4080100.0
1063,2021-10-13 06:10:08,16500.0,200.0,4070100.0
1064,2021-10-13 06:09:33,16500.0,9500.0,4069900.0
1065,2021-10-13 06:09:23,16550.0,100.0,4060400.0
1066,2021-10-13 06:09:23,16550.0,400.0,4060300.0
1067,2021-10-13 06:09:23,16550.0,9500.0,4059900.0
1068,2021-10-13 06:08:30,16550.0,2000.0,4050400.0
1069,2021-10-13 06:08:03,16550.0,1000.0,4048400.0
1070,2021-10-13 06:08:02,16500.0,1100.0,4047400.0
1071,2021-10-13 06:07:58,16500.0,1000.0,4046300.0
1072,2021-10-13 06:07:57,16500.0,1000.0,4045300.0
1073,2021-10-13 06:07:19,16500.0,400.0,4044300.0
1074,2021-10-13 06:07:19,16500.0,100.0,4043900.0
1075,2021-10-13 06:07:19,16500.0,600.0,4043800.0
1076,2021-10-13 06:07:19,16500.0,500.0,4043200.0
1077,2021-10-13 06:07:19,16500.0,400.0,4042700.0
1078,2021-10-13 06:06:52,16550.0,200.0,4042300.0
1079,2021-10-13 06:06:51,16550.0,1000.0,4042100.0
1080,2021-10-13 06:06:28,16550.0,500.0,4041100.0
1081,2021-10-13 06:06:03,16550.0,5000.0,4040600.0
1082,2021-10-13 06:06:03,16550.0,700.0,4035600.0
1083,2021-10-13 06:06:03,16550.0,100.0,4034900.0
1084,2021-10-13 06:05:36,16550.0,800.0,4034800.0
1085,2021-10-13 06:05:36,16550.0,4200.0,4034000.0
1086,2021-10-13 06:05:30,16550.0,2000.0,4029800.0
1087,2021-10-13 06:05:30,16550.0,11000.0,4027800.0
1088,2021-10-13 06:05:26,16550.0,5000.0,4016800.0
1089,2021-10-13 06:05:26,16550.0,8000.0,4011800.0
1090,2021-10-13 06:05:26,16550.0,2000.0,4003800.0
1091,2021-10-13 06:05:06,16550.0,1000.0,4001800.0
1092,2021-10-13 06:05:06,16550.0,300.0,4000800.0
1093,2021-10-13 06:05:06,16550.0,100.0,4000500.0
1094,2021-10-13 06:05:06,16550.0,200.0,4000400.0
1095,2021-10-13 06:05:06,16550.0,200.0,4000200.0
1096,2021-10-13 06:04:18,16550.0,2000.0,4000000.0
1097,2021-10-13 06:04:18,16550.0,1000.0,3998000.0
1098,2021-10-13 06:04:18,16550.0,200.0,3997000.0
1099,2021-10-13 06:04:02,16550.0,10000.0,3996800.0
1100,2021-10-13 06:03:39,16550.0,100.0,3986800.0
1101,2021-10-13 06:03:24,16550.0,300.0,3986700.0
1102,2021-10-13 06:03:24,16550.0,2000.0,3986400.0
1103,2021-10-13 06:03:24,16550.0,5000.0,3984400.0
1104,2021-10-13 06:03:24,16550.0,3700.0,3979400.0
1105,2021-10-13 06:03:24,16550.0,800.0,3975700.0
1106,2021-10-13 06:03:24,16550.0,500.0,3974900.0
1107,2021-10-13 06:03:24,16550.0,200.0,3974400.0
1108,2021-10-13 06:03:24,16550.0,200.0,3974200.0
1109,2021-10-13 06:03:24,16550.0,800.0,3974000.0
1110,2021-10-13 06:03:24,16550.0,100.0,3973200.0
1111,2021-10-13 06:03:24,16550.0,1000.0,3973100.0
1112,2021-10-13 06:03:24,16550.0,5000.0,3972100.0
1113,2021-10-13 06:03:24,16550.0,100.0,3967100.0
1114,2021-10-13 06:03:04,16550.0,900.0,3967000.0
1115,2021-10-13 06:02:53,16550.0,1400.0,3966100.0
1116,2021-10-13 06:02:50,16550.0,1600.0,3964700.0
1117,2021-10-13 06:02:50,16550.0,300.0,3963100.0
1118,2021-10-13 06:02:50,16550.0,100.0,3962800.0
1119,2021-10-13 06:02:22,16550.0,600.0,3962700.0
1120,2021-10-13 06:00:43,16550.0,2900.0,3962100.0
1121,2021-10-13 06:00:28,16550.0,200.0,3959200.0
1122,2021-10-13 06:00:22,16550.0,200.0,3959000.0
1123,2021-10-13 06:00:11,16550.0,900.0,3958800.0
1124,2021-10-13 06:00:10,16550.0,500.0,3957900.0
1125,2021-10-13 06:00:07,16550.0,500.0,3957400.0
1126,2021-10-13 06:00:07,16550.0,2000.0,3956900.0
1127,2021-10-13 06:00:02,16550.0,700.0,3954900.0
1128,2021-10-13 06:00:02,16550.0,200.0,3954200.0
1129,2021-10-13 06:00:01,16550.0,500.0,3954000.0
1130,2021-10-13 06:00:01,16550.0,100.0,3953500.0
1131,2021-10-13 06:00:01,16550.0,600.0,3953400.0
1132,2021-10-13 06:00:00,16550.0,400.0,3952800.0
1133,2021-10-13 06:00:00,16550.0,500.0,3952400.0
1134,2021-10-13 06:00:00,16550.0,100.0,3951900.0
1135,2021-10-13 06:00:00,16550.0,100.0,3951800.0
1136,2021-10-13 06:00:00,16550.0,200.0,3951700.0
1137,2021-10-13 04:29:18,16550.0,500.0,3951500.0
1138,2021-10-13 04:28:46,16500.0,800.0,3951000.0
1139,2021-10-13 04:28:16,16500.0,8800.0,3950200.0
1140,2021-10-13 04:27:33,16550.0,500.0,3941400.0
1141,2021-10-13 04:27:33,16550.0,500.0,3940900.0
1142,2021-10-13 04:27:33,16550.0,1000.0,3940400.0
1143,2021-10-13 04:27:33,16550.0,1000.0,3939400.0
1144,2021-10-13 04:27:20,16550.0,2300.0,3938400.0
1145,2021-10-13 04:26:42,16550.0,500.0,3936100.0
1146,2021-10-13 04:26:36,16550.0,2000.0,3935600.0
1147,2021-10-13 04:26:28,16550.0,5200.0,3933600.0
1148,2021-10-13 04:26:13,16550.0,4800.0,3928400.0
1149,2021-10-13 04:26:13,16550.0,200.0,3923600.0
1150,2021-10-13 04:26:07,16550.0,200.0,3923400.0
1151,2021-10-13 04:26:07,16550.0,100.0,3923200.0
1152,2021-10-13 04:26:07,16550.0,4200.0,3923100.0
1153,2021-10-13 04:26:03,16550.0,100.0,3918900.0
1154,2021-10-13 04:25:48,16500.0,300.0,3918800.0
1155,2021-10-13 04:25:48,16550.0,200.0,3918500.0
1156,2021-10-13 04:25:46,16550.0,100.0,3918300.0
1157,2021-10-13 04:25:37,16500.0,1000.0,3918200.0
1158,2021-10-13 04:25:26,16550.0,17400.0,3917200.0
1159,2021-10-13 04:25:26,16550.0,200.0,3899800.0
1160,2021-10-13 04:25:26,16550.0,10000.0,3899600.0
1161,2021-10-13 04:25:26,16550.0,200.0,3889600.0
1162,2021-10-13 04:25:26,16550.0,1000.0,3889400.0
1163,2021-10-13 04:25:26,16550.0,21200.0,3888400.0
1164,2021-10-13 04:25:25,16550.0,31400.0,3867200.0
1165,2021-10-13 04:25:25,16550.0,13000.0,3835800.0
1166,2021-10-13 04:25:25,16550.0,5600.0,3822800.0
1167,2021-10-13 04:25:25,16550.0,4400.0,3817200.0
1168,2021-10-13 04:25:25,16550.0,10000.0,3812800.0
1169,2021-10-13 04:25:25,16550.0,2000.0,3802800.0
1170,2021-10-13 04:25:25,16550.0,200.0,3800800.0
1171,2021-10-13 04:25:25,16550.0,18100.0,3800600.0
1172,2021-10-13 04:25:25,16550.0,1000.0,3782500.0
1173,2021-10-13 04:25:25,16550.0,2000.0,3781500.0
1174,2021-10-13 04:25:25,16550.0,1000.0,3779500.0
1175,2021-10-13 04:25:25,16550.0,10000.0,3778500.0
1176,2021-10-13 04:25:25,16550.0,1300.0,3768500.0
1177,2021-10-13 04:25:05,16500.0,600.0,3767200.0
1178,2021-10-13 04:25:03,16550.0,400.0,3766600.0
1179,2021-10-13 04:24:40,16550.0,1000.0,3766200.0
1180,2021-10-13 04:24:31,16550.0,1000.0,3765200.0
1181,2021-10-13 04:24:09,16500.0,500.0,3764200.0
1182,2021-10-13 04:23:58,16500.0,200.0,3763700.0
1183,2021-10-13 04:23:20,16500.0,100.0,3763500.0
1184,2021-10-13 04:23:20,16500.0,400.0,3763400.0
1185,2021-10-13 04:23:09,16500.0,200.0,3763000.0
1186,2021-10-13 04:22:53,16500.0,500.0,3762800.0
1187,2021-10-13 04:22:51,16500.0,1000.0,3762300.0
1188,2021-10-13 04:22:26,16500.0,7900.0,3761300.0
1189,2021-10-13 04:22:26,16500.0,2100.0,3753400.0
1190,2021-10-13 04:22:19,16500.0,1000.0,3751300.0
1191,2021-10-13 04:22:19,16500.0,1000.0,3750300.0
1192,2021-10-13 04:22:19,16500.0,900.0,3749300.0
1193,2021-10-13 04:22:17,16500.0,500.0,3748400.0
1194,2021-10-13 04:22:09,16500.0,7100.0,3747900.0
1195,2021-10-13 04:22:09,16500.0,500.0,3740800.0
1196,2021-10-13 04:22:09,16500.0,100.0,3740300.0
1197,2021-10-13 04:22:09,16500.0,2000.0,3740200.0
1198,2021-10-13 04:22:09,16500.0,100.0,3738200.0
1199,2021-10-13 04:22:09,16500.0,1000.0,3738100.0
1200,2021-10-13 04:22:09,16500.0,9200.0,3737100.0
1201,2021-10-13 04:22:07,16500.0,800.0,3727900.0
1202,2021-10-13 04:22:07,16500.0,200.0,3727100.0
1203,2021-10-13 04:22:07,16500.0,10000.0,3726900.0
1204,2021-10-13 04:22:07,16500.0,200.0,3716900.0
1205,2021-10-13 04:22:07,16500.0,2000.0,3716700.0
1206,2021-10-13 04:22:07,16500.0,100.0,3714700.0
1207,2021-10-13 04:22:07,16500.0,200.0,3714600.0
1208,2021-10-13 04:22:07,16500.0,3000.0,3714400.0
1209,2021-10-13 04:22:07,16500.0,300.0,3711400.0
1210,2021-10-13 04:22:07,16500.0,3200.0,3711100.0
1211,2021-10-13 04:22:07,16450.0,4000.0,3707900.0
1212,2021-10-13 04:22:02,16500.0,1000.0,3703900.0
1213,2021-10-13 04:22:01,16500.0,5000.0,3702900.0
1214,2021-10-13 04:21:57,16500.0,800.0,3697900.0
1215,2021-10-13 04:21:57,16500.0,500.0,3697100.0
1216,2021-10-13 04:21:57,16500.0,500.0,3696600.0
1217,2021-10-13 04:21:57,16500.0,100.0,3696100.0
1218,2021-10-13 04:21:37,16450.0,800.0,3696000.0
1219,2021-10-13 04:21:25,16450.0,4000.0,3695200.0
1220,2021-10-13 04:20:55,16450.0,3000.0,3691200.0
1221,2021-10-13 04:20:40,16450.0,7000.0,3688200.0
1222,2021-10-13 04:20:38,16500.0,200.0,3681200.0
1223,2021-10-13 04:20:26,16450.0,100.0,3681000.0
1224,2021-10-13 04:20:20,16450.0,2000.0,3680900.0
1225,2021-10-13 04:19:40,16450.0,3000.0,3678900.0
1226,2021-10-13 04:19:38,16450.0,200.0,3675900.0
1227,2021-10-13 04:19:35,16450.0,400.0,3675700.0
1228,2021-10-13 04:19:35,16450.0,500.0,3675300.0
1229,2021-10-13 04:19:35,16450.0,500.0,3674800.0
1230,2021-10-13 04:19:35,16450.0,500.0,3674300.0
1231,2021-10-13 04:19:35,16450.0,100.0,3673800.0
1232,2021-10-13 04:19:25,16450.0,900.0,3673700.0
1233,2021-10-13 04:19:25,16450.0,1000.0,3672800.0
1234,2021-10-13 04:19:25,16450.0,200.0,3671800.0
1235,2021-10-13 04:19:25,16450.0,200.0,3671600.0
1236,2021-10-13 04:19:25,16450.0,2000.0,3671400.0
1237,2021-10-13 04:19:25,16450.0,200.0,3669400.0
1238,2021-10-13 04:19:25,16450.0,400.0,3669200.0
1239,2021-10-13 04:19:25,16450.0,200.0,3668800.0
1240,2021-10-13 04:19:25,16450.0,1000.0,3668600.0
1241,2021-10-13 04:19:25,16450.0,100.0,3667600.0
1242,2021-10-13 04:19:25,16450.0,1200.0,3667500.0
1243,2021-10-13 04:19:25,16450.0,100.0,3666300.0
1244,2021-10-13 04:19:21,16500.0,300.0,3666200.0
1245,2021-10-13 04:19:11,16500.0,400.0,3665900.0
1246,2021-10-13 04:19:11,16500.0,2600.0,3665500.0
1247,2021-10-13 04:18:28,16500.0,1000.0,3662900.0
1248,2021-10-13 04:18:26,16500.0,100.0,3661900.0
1249,2021-10-13 04:18:13,16500.0,500.0,3661800.0
1250,2021-10-13 04:18:10,16500.0,100.0,3661300.0
1251,2021-10-13 04:18:01,16500.0,200.0,3661200.0
1252,2021-10-13 04:17:43,16500.0,5500.0,3661000.0
1253,2021-10-13 04:17:43,16500.0,2000.0,3655500.0
1254,2021-10-13 04:17:43,16500.0,500.0,3653500.0
1255,2021-10-13 04:17:43,16500.0,5000.0,3653000.0
1256,2021-10-13 04:17:43,16500.0,10000.0,3648000.0
1257,2021-10-13 04:17:43,16500.0,100.0,3638000.0
1258,2021-10-13 04:17:43,16500.0,20000.0,3637900.0
1259,2021-10-13 04:17:43,16500.0,700.0,3617900.0
1260,2021-10-13 04:17:43,16500.0,10000.0,3617200.0
1261,2021-10-13 04:17:43,16500.0,10000.0,3607200.0
1262,2021-10-13 04:17:43,16500.0,25000.0,3597200.0
1263,2021-10-13 04:17:43,16500.0,1200.0,3572200.0
1264,2021-10-13 04:17:39,16450.0,900.0,3571000.0
1265,2021-10-13 04:17:39,16450.0,600.0,3570100.0
1266,2021-10-13 04:17:39,16450.0,500.0,3569500.0
1267,2021-10-13 04:16:15,16500.0,600.0,3569000.0
1268,2021-10-13 04:16:15,16500.0,200.0,3568400.0
1269,2021-10-13 04:16:03,16500.0,100.0,3568200.0
1270,2021-10-13 04:16:03,16500.0,2200.0,3568100.0
1271,2021-10-13 04:16:03,16500.0,700.0,3565900.0
1272,2021-10-13 04:16:00,16500.0,300.0,3565200.0
1273,2021-10-13 04:16:00,16500.0,200.0,3564900.0
1274,2021-10-13 04:15:56,16500.0,4800.0,3564700.0
1275,2021-10-13 04:15:56,16500.0,600.0,3559900.0
1276,2021-10-13 04:15:56,16500.0,400.0,3559300.0
1277,2021-10-13 04:15:56,16500.0,100.0,3558900.0
1278,2021-10-13 04:15:56,16500.0,300.0,3558800.0
1279,2021-10-13 04:15:56,16500.0,900.0,3558500.0
1280,2021-10-13 04:15:56,16500.0,500.0,3557600.0
1281,2021-10-13 04:15:56,16500.0,500.0,3557100.0
1282,2021-10-13 04:15:56,16500.0,200.0,3556600.0
1283,2021-10-13 04:15:56,16500.0,11700.0,3556400.0
1284,2021-10-13 04:15:56,16500.0,3000.0,3544700.0
1285,2021-10-13 04:15:53,16500.0,5300.0,3541700.0
1286,2021-10-13 04:15:53,16500.0,2000.0,3536400.0
1287,2021-10-13 04:15:53,16500.0,4000.0,3534400.0
1288,2021-10-13 04:15:53,16500.0,800.0,3530400.0
1289,2021-10-13 04:15:53,16500.0,100.0,3529600.0
1290,2021-10-13 04:15:53,16500.0,1000.0,3529500.0
1291,2021-10-13 04:15:53,16500.0,300.0,3528500.0
1292,2021-10-13 04:15:53,16500.0,3000.0,3528200.0
1293,2021-10-13 04:15:53,16500.0,600.0,3525200.0
1294,2021-10-13 04:15:53,16500.0,100.0,3524600.0
1295,2021-10-13 04:15:53,16500.0,100.0,3524500.0
1296,2021-10-13 04:15:53,16500.0,2700.0,3524400.0
1297,2021-10-13 04:15:42,16500.0,100.0,3521700.0
1298,2021-10-13 04:15:37,16500.0,22200.0,3521600.0
1299,2021-10-13 04:15:37,16500.0,200.0,3499400.0
1300,2021-10-13 04:15:37,16500.0,100.0,3499200.0
1301,2021-10-13 04:15:37,16500.0,500.0,3499100.0
1302,2021-10-13 04:15:37,16500.0,1000.0,3498600.0
1303,2021-10-13 04:15:37,16500.0,300.0,3497600.0
1304,2021-10-13 04:15:37,16500.0,200.0,3497300.0
1305,2021-10-13 04:15:37,16500.0,500.0,3497100.0
1306,2021-10-13 04:15:37,16500.0,10500.0,3496600.0
1307,2021-10-13 04:15:37,16500.0,1000.0,3486100.0
1308,2021-10-13 04:15:37,16500.0,300.0,3485100.0
1309,2021-10-13 04:15:37,16500.0,100.0,3484800.0
1310,2021-10-13 04:15:37,16500.0,500.0,3484700.0
1311,2021-10-13 04:15:37,16500.0,10000.0,3484200.0
1312,2021-10-13 04:15:37,16500.0,1000.0,3474200.0
1313,2021-10-13 04:15:37,16500.0,500.0,3473200.0
1314,2021-10-13 04:15:37,16500.0,100.0,3472700.0
1315,2021-10-13 04:15:37,16500.0,200.0,3472600.0
1316,2021-10-13 04:15:37,16500.0,100.0,3472400.0
1317,2021-10-13 04:15:37,16500.0,500.0,3472300.0
1318,2021-10-13 04:15:37,16500.0,200.0,3471800.0
1319,2021-10-13 04:15:35,16500.0,500.0,3471600.0
1320,2021-10-13 04:15:35,16500.0,1000.0,3471100.0
1321,2021-10-13 04:15:35,16500.0,2000.0,3470100.0
1322,2021-10-13 04:15:35,16500.0,300.0,3468100.0
1323,2021-10-13 04:15:35,16500.0,500.0,3467800.0
1324,2021-10-13 04:15:35,16500.0,1500.0,3467300.0
1325,2021-10-13 04:15:35,16500.0,3000.0,3465800.0
1326,2021-10-13 04:15:35,16500.0,1000.0,3462800.0
1327,2021-10-13 04:15:35,16500.0,200.0,3461800.0
1328,2021-10-13 04:15:14,16500.0,800.0,3461600.0
1329,2021-10-13 04:15:14,16500.0,200.0,3460800.0
1330,2021-10-13 04:15:09,16500.0,800.0,3460600.0
1331,2021-10-13 04:15:09,16500.0,100.0,3459800.0
1332,2021-10-13 04:15:09,16500.0,100.0,3459700.0
1333,2021-10-13 04:15:09,16500.0,1000.0,3459600.0
1334,2021-10-13 04:15:09,16500.0,200.0,3458600.0
1335,2021-10-13 04:15:09,16500.0,1000.0,3458400.0
1336,2021-10-13 04:15:09,16500.0,100.0,3457400.0
1337,2021-10-13 04:15:09,16500.0,1700.0,3457300.0
1338,2021-10-13 04:15:07,16500.0,800.0,3455600.0
1339,2021-10-13 04:15:07,16500.0,200.0,3454800.0
1340,2021-10-13 04:15:02,16500.0,800.0,3454600.0
1341,2021-10-13 04:15:02,16500.0,100.0,3453800.0
1342,2021-10-13 04:15:02,16500.0,100.0,3453700.0
1343,2021-10-13 04:15:01,16500.0,4900.0,3453600.0
1344,2021-10-13 04:15:01,16500.0,2000.0,3448700.0
1345,2021-10-13 04:15:01,16500.0,200.0,3446700.0
1346,2021-10-13 04:15:01,16500.0,2000.0,3446500.0
1347,2021-10-13 04:15:01,16500.0,100.0,3444500.0
1348,2021-10-13 04:15:01,16500.0,100.0,3444400.0
1349,2021-10-13 04:15:01,16500.0,100.0,3444300.0
1350,2021-10-13 04:15:01,16500.0,600.0,3444200.0
1351,2021-10-13 04:14:35,16500.0,2000.0,3443600.0
1352,2021-10-13 04:14:19,16550.0,10000.0,3441600.0
1353,2021-10-13 04:14:16,16500.0,500.0,3431600.0
1354,2021-10-13 04:14:12,16550.0,100.0,3431100.0
1355,2021-10-13 04:13:59,16550.0,10900.0,3431000.0
1356,2021-10-13 04:13:59,16550.0,1000.0,3420100.0
1357,2021-10-13 04:13:53,16550.0,4300.0,3419100.0
1358,2021-10-13 04:13:53,16550.0,3000.0,3414800.0
1359,2021-10-13 04:13:38,16550.0,100.0,3411800.0
1360,2021-10-13 04:13:29,16500.0,500.0,3411700.0
1361,2021-10-13 04:13:15,16550.0,100.0,3411200.0
1362,2021-10-13 04:12:33,16550.0,100.0,3411100.0
1363,2021-10-13 04:12:33,16550.0,1000.0,3411000.0
1364,2021-10-13 04:12:33,16550.0,700.0,3410000.0
1365,2021-10-13 04:12:32,16550.0,1000.0,3409300.0
1366,2021-10-13 04:12:29,16550.0,2300.0,3408300.0
1367,2021-10-13 04:12:29,16550.0,17700.0,3406000.0
1368,2021-10-13 04:12:25,16550.0,2000.0,3388300.0
1369,2021-10-13 04:12:23,16550.0,11000.0,3386300.0
1370,2021-10-13 04:12:11,16550.0,2000.0,3375300.0
1371,2021-10-13 04:12:10,16550.0,13300.0,3373300.0
1372,2021-10-13 04:12:10,16550.0,300.0,3360000.0
1373,2021-10-13 04:12:10,16550.0,1000.0,3359700.0
1374,2021-10-13 04:12:10,16550.0,500.0,3358700.0
1375,2021-10-13 04:12:10,16550.0,1000.0,3358200.0
1376,2021-10-13 04:12:10,16550.0,1000.0,3357200.0
1377,2021-10-13 04:12:10,16550.0,2900.0,3356200.0
1378,2021-10-13 04:12:08,16550.0,3100.0,3353300.0
1379,2021-10-13 04:12:08,16550.0,3000.0,3350200.0
1380,2021-10-13 04:12:08,16550.0,200.0,3347200.0
1381,2021-10-13 04:12:08,16550.0,200.0,3347000.0
1382,2021-10-13 04:12:08,16550.0,100.0,3346800.0
1383,2021-10-13 04:12:08,16550.0,400.0,3346700.0
1384,2021-10-13 04:12:08,16550.0,1000.0,3346300.0
1385,2021-10-13 04:12:08,16550.0,1000.0,3345300.0
1386,2021-10-13 04:12:08,16550.0,1000.0,3344300.0
1387,2021-10-13 04:12:01,16550.0,500.0,3343300.0
1388,2021-10-13 04:12:01,16550.0,100.0,3342800.0
1389,2021-10-13 04:12:01,16550.0,1000.0,3342700.0
1390,2021-10-13 04:12:01,16550.0,100.0,3341700.0
1391,2021-10-13 04:12:01,16550.0,500.0,3341600.0
1392,2021-10-13 04:11:54,16550.0,100.0,3341100.0
1393,2021-10-13 04:11:53,16550.0,1000.0,3341000.0
1394,2021-10-13 04:11:50,16550.0,1400.0,3340000.0
1395,2021-10-13 04:11:50,16550.0,100.0,3338600.0
1396,2021-10-13 04:11:50,16550.0,500.0,3338500.0
1397,2021-10-13 04:11:50,16550.0,3000.0,3338000.0
1398,2021-10-13 04:11:00,16550.0,3000.0,3335000.0
1399,2021-10-13 04:11:00,16600.0,100.0,3332000.0
1400,2021-10-13 04:10:53,16550.0,2000.0,3331900.0
1401,2021-10-13 04:10:50,16550.0,3900.0,3329900.0
1402,2021-10-13 04:10:50,16550.0,2100.0,3326000.0
1403,2021-10-13 04:10:47,16550.0,100.0,3323900.0
1404,2021-10-13 04:10:36,16550.0,7000.0,3323800.0
1405,2021-10-13 04:10:33,16550.0,100.0,3316800.0
1406,2021-10-13 04:10:23,16600.0,100.0,3316700.0
1407,2021-10-13 04:09:43,16550.0,3000.0,3316600.0
1408,2021-10-13 04:09:11,16550.0,1000.0,3313600.0
1409,2021-10-13 04:08:29,16550.0,10000.0,3312600.0
1410,2021-10-13 04:08:18,16600.0,1200.0,3302600.0
1411,2021-10-13 04:08:17,16550.0,5000.0,3301400.0
1412,2021-10-13 04:08:16,16550.0,500.0,3296400.0
1413,2021-10-13 04:08:13,16550.0,5000.0,3295900.0
1414,2021-10-13 04:07:52,16550.0,900.0,3290900.0
1415,2021-10-13 04:07:49,16600.0,700.0,3290000.0
1416,2021-10-13 04:07:34,16550.0,7000.0,3289300.0
1417,2021-10-13 04:07:09,16600.0,1000.0,3282300.0
1418,2021-10-13 04:05:54,16550.0,5000.0,3281300.0
1419,2021-10-13 04:05:27,16600.0,200.0,3276300.0
1420,2021-10-13 04:05:10,16600.0,1500.0,3276100.0
1421,2021-10-13 04:04:52,16600.0,2000.0,3274600.0
1422,2021-10-13 04:04:49,16550.0,1000.0,3272600.0
1423,2021-10-13 04:04:34,16550.0,4800.0,3271600.0
1424,2021-10-13 04:04:28,16550.0,1000.0,3266800.0
1425,2021-10-13 04:04:21,16550.0,1000.0,3265800.0
1426,2021-10-13 04:04:17,16550.0,500.0,3264800.0
1427,2021-10-13 04:03:47,16550.0,500.0,3264300.0
1428,2021-10-13 04:03:25,16550.0,1000.0,3263800.0
1429,2021-10-13 04:03:15,16600.0,1000.0,3262800.0
1430,2021-10-13 04:03:07,16600.0,100.0,3261800.0
1431,2021-10-13 04:02:56,16550.0,3000.0,3261700.0
1432,2021-10-13 04:01:21,16600.0,100.0,3258700.0
1433,2021-10-13 04:01:17,16600.0,100.0,3258600.0
1434,2021-10-13 04:00:28,16600.0,500.0,3258500.0
1435,2021-10-13 03:59:53,16600.0,500.0,3258000.0
1436,2021-10-13 03:59:38,16600.0,300.0,3257500.0
1437,2021-10-13 03:59:15,16600.0,2000.0,3257200.0
1438,2021-10-13 03:58:58,16550.0,1500.0,3255200.0
1439,2021-10-13 03:58:46,16550.0,5000.0,3253700.0
1440,2021-10-13 03:58:46,16550.0,500.0,3248700.0
1441,2021-10-13 03:58:46,16550.0,100.0,3248200.0
1442,2021-10-13 03:58:46,16550.0,1000.0,3248100.0
1443,2021-10-13 03:58:46,16550.0,1000.0,3247100.0
1444,2021-10-13 03:58:46,16550.0,31400.0,3246100.0
1445,2021-10-13 03:58:38,16550.0,5000.0,3214700.0
1446,2021-10-13 03:58:28,16550.0,100.0,3209700.0
1447,2021-10-13 03:58:23,16550.0,1000.0,3209600.0
1448,2021-10-13 03:58:10,16550.0,20000.0,3208600.0
1449,2021-10-13 03:58:01,16550.0,5000.0,3188600.0
1450,2021-10-13 03:57:59,16500.0,400.0,3183600.0
1451,2021-10-13 03:57:59,16500.0,1500.0,3183200.0
1452,2021-10-13 03:57:59,16500.0,100.0,3181700.0
1453,2021-10-13 03:57:59,16500.0,500.0,3181600.0
1454,2021-10-13 03:57:59,16500.0,100.0,3181100.0
1455,2021-10-13 03:57:59,16500.0,3000.0,3181000.0
1456,2021-10-13 03:57:59,16500.0,3500.0,3178000.0
1457,2021-10-13 03:57:59,16500.0,400.0,3174500.0
1458,2021-10-13 03:57:59,16500.0,200.0,3174100.0
1459,2021-10-13 03:57:59,16500.0,500.0,3173900.0
1460,2021-10-13 03:57:59,16500.0,2000.0,3173400.0
1461,2021-10-13 03:57:59,16500.0,2000.0,3171400.0
1462,2021-10-13 03:57:59,16500.0,100.0,3169400.0
1463,2021-10-13 03:57:59,16500.0,100.0,3169300.0
1464,2021-10-13 03:57:59,16500.0,2000.0,3169200.0
1465,2021-10-13 03:57:59,16500.0,200.0,3167200.0
1466,2021-10-13 03:57:59,16500.0,300.0,3167000.0
1467,2021-10-13 03:57:59,16500.0,500.0,3166700.0
1468,2021-10-13 03:57:59,16500.0,1000.0,3166200.0
1469,2021-10-13 03:57:59,16500.0,1600.0,3165200.0
1470,2021-10-13 03:57:52,16550.0,8000.0,3163600.0
1471,2021-10-13 03:57:47,16500.0,2400.0,3155600.0
1472,2021-10-13 03:57:47,16500.0,300.0,3153200.0
1473,2021-10-13 03:57:47,16500.0,2500.0,3152900.0
1474,2021-10-13 03:57:47,16500.0,500.0,3150400.0
1475,2021-10-13 03:57:47,16500.0,10000.0,3149900.0
1476,2021-10-13 03:57:47,16500.0,100.0,3139900.0
1477,2021-10-13 03:57:47,16500.0,2000.0,3139800.0
1478,2021-10-13 03:57:47,16500.0,100.0,3137800.0
1479,2021-10-13 03:57:47,16500.0,900.0,3137700.0
1480,2021-10-13 03:57:47,16500.0,100.0,3136800.0
1481,2021-10-13 03:57:47,16500.0,100.0,3136700.0
1482,2021-10-13 03:57:47,16500.0,100.0,3136600.0
1483,2021-10-13 03:57:47,16500.0,100.0,3136500.0
1484,2021-10-13 03:57:47,16500.0,500.0,3136400.0
1485,2021-10-13 03:57:47,16500.0,300.0,3135900.0
1486,2021-10-13 03:57:46,16500.0,100.0,3135600.0
1487,2021-10-13 03:57:46,16500.0,100.0,3135500.0
1488,2021-10-13 03:57:46,16500.0,500.0,3135400.0
1489,2021-10-13 03:57:46,16500.0,500.0,3134900.0
1490,2021-10-13 03:57:46,16500.0,100.0,3134400.0
1491,2021-10-13 03:57:46,16500.0,200.0,3134300.0
1492,2021-10-13 03:57:46,16500.0,500.0,3134100.0
1493,2021-10-13 03:57:26,16550.0,200.0,3133600.0
1494,2021-10-13 03:57:24,16500.0,500.0,3133400.0
1495,2021-10-13 03:57:24,16500.0,1000.0,3132900.0
1496,2021-10-13 03:57:24,16500.0,100.0,3131900.0
1497,2021-10-13 03:57:24,16500.0,100.0,3131800.0
1498,2021-10-13 03:57:24,16500.0,5000.0,3131700.0
1499,2021-10-13 03:57:24,16500.0,1000.0,3126700.0
1500,2021-10-13 03:57:24,16500.0,1000.0,3125700.0
1501,2021-10-13 03:57:24,16500.0,3600.0,3124700.0
1502,2021-10-13 03:57:21,16500.0,100.0,3121100.0
1503,2021-10-13 03:57:19,16500.0,100.0,3121000.0
1504,2021-10-13 03:57:17,16500.0,4000.0,3120900.0
1505,2021-10-13 03:56:50,16500.0,300.0,3116900.0
1506,2021-10-13 03:56:44,16500.0,300.0,3116600.0
1507,2021-10-13 03:56:35,16500.0,1000.0,3116300.0
1508,2021-10-13 03:56:21,16500.0,3000.0,3115300.0
1509,2021-10-13 03:56:21,16550.0,1000.0,3112300.0
1510,2021-10-13 03:55:43,16550.0,1900.0,3111300.0
1511,2021-10-13 03:55:31,16550.0,400.0,3109400.0
1512,2021-10-13 03:55:17,16500.0,1000.0,3109000.0
1513,2021-10-13 03:55:15,16500.0,500.0,3108000.0
1514,2021-10-13 03:55:04,16500.0,10000.0,3107500.0
1515,2021-10-13 03:55:02,16500.0,300.0,3097500.0
1516,2021-10-13 03:55:01,16500.0,100.0,3097200.0
1517,2021-10-13 03:54:55,16550.0,3000.0,3097100.0
1518,2021-10-13 03:54:38,16550.0,100.0,3094100.0
1519,2021-10-13 03:54:38,16550.0,500.0,3094000.0
1520,2021-10-13 03:54:38,16550.0,3000.0,3093500.0
1521,2021-10-13 03:54:38,16550.0,600.0,3090500.0
1522,2021-10-13 03:54:38,16550.0,600.0,3089900.0
1523,2021-10-13 03:54:38,16550.0,800.0,3089300.0
1524,2021-10-13 03:54:38,16550.0,100.0,3088500.0
1525,2021-10-13 03:54:38,16550.0,10000.0,3088400.0
1526,2021-10-13 03:54:38,16550.0,1000.0,3078400.0
1527,2021-10-13 03:54:38,16550.0,100.0,3077400.0
1528,2021-10-13 03:54:38,16550.0,200.0,3077300.0
1529,2021-10-13 03:54:38,16550.0,100.0,3077100.0
1530,2021-10-13 03:54:38,16550.0,500.0,3077000.0
1531,2021-10-13 03:54:38,16550.0,1000.0,3076500.0
1532,2021-10-13 03:54:38,16550.0,100.0,3075500.0
1533,2021-10-13 03:54:38,16550.0,1000.0,3075400.0
1534,2021-10-13 03:54:38,16550.0,100.0,3074400.0
1535,2021-10-13 03:54:38,16550.0,1500.0,3074300.0
1536,2021-10-13 03:54:38,16550.0,1700.0,3072800.0
1537,2021-10-13 03:54:31,16550.0,300.0,3071100.0
1538,2021-10-13 03:54:31,16550.0,500.0,3070800.0
1539,2021-10-13 03:54:31,16550.0,3500.0,3070300.0
1540,2021-10-13 03:54:31,16550.0,500.0,3066800.0
1541,2021-10-13 03:54:31,16550.0,200.0,3066300.0
1542,2021-10-13 03:54:31,16550.0,100.0,3066100.0
1543,2021-10-13 03:54:31,16550.0,100.0,3066000.0
1544,2021-10-13 03:54:31,16550.0,500.0,3065900.0
1545,2021-10-13 03:54:31,16550.0,100.0,3065400.0
1546,2021-10-13 03:54:31,16550.0,1000.0,3065300.0
1547,2021-10-13 03:54:31,16550.0,10000.0,3064300.0
1548,2021-10-13 03:54:31,16550.0,400.0,3054300.0
1549,2021-10-13 03:54:31,16550.0,2800.0,3053900.0
1550,2021-10-13 03:54:11,16550.0,9000.0,3051100.0
1551,2021-10-13 03:53:59,16600.0,500.0,3042100.0
1552,2021-10-13 03:53:51,16550.0,8200.0,3041600.0
1553,2021-10-13 03:53:51,16550.0,200.0,3033400.0
1554,2021-10-13 03:53:51,16550.0,20000.0,3033200.0
1555,2021-10-13 03:53:51,16550.0,600.0,3013200.0
1556,2021-10-13 03:53:51,16550.0,10000.0,3012600.0
1557,2021-10-13 03:53:51,16550.0,100.0,3002600.0
1558,2021-10-13 03:53:51,16550.0,100.0,3002500.0
1559,2021-10-13 03:53:51,16550.0,900.0,3002400.0
1560,2021-10-13 03:53:51,16550.0,9900.0,3001500.0
1561,2021-10-13 03:53:30,16550.0,100.0,2991600.0
1562,2021-10-13 03:53:20,16600.0,100.0,2991500.0
1563,2021-10-13 03:53:13,16600.0,100.0,2991400.0
1564,2021-10-13 03:53:13,16600.0,900.0,2991300.0
1565,2021-10-13 03:53:07,16600.0,100.0,2990400.0
1566,2021-10-13 03:53:07,16600.0,5000.0,2990300.0
1567,2021-10-13 03:52:59,16600.0,500.0,2985300.0
1568,2021-10-13 03:52:42,16600.0,100.0,2984800.0
1569,2021-10-13 03:52:42,16600.0,1400.0,2984700.0
1570,2021-10-13 03:52:40,16600.0,1600.0,2983300.0
1571,2021-10-13 03:52:40,16600.0,100.0,2981700.0
1572,2021-10-13 03:52:40,16600.0,3000.0,2981600.0
1573,2021-10-13 03:52:40,16600.0,1000.0,2978600.0
1574,2021-10-13 03:52:40,16600.0,100.0,2977600.0
1575,2021-10-13 03:52:40,16600.0,300.0,2977500.0
1576,2021-10-13 03:52:40,16600.0,3900.0,2977200.0
1577,2021-10-13 03:52:37,16600.0,1000.0,2973300.0
1578,2021-10-13 03:52:35,16600.0,3000.0,2972300.0
1579,2021-10-13 03:52:32,16600.0,800.0,2969300.0
1580,2021-10-13 03:52:30,16600.0,7000.0,2968500.0
1581,2021-10-13 03:52:30,16600.0,900.0,2961500.0
1582,2021-10-13 03:52:30,16600.0,700.0,2960600.0
1583,2021-10-13 03:52:30,16600.0,100.0,2959900.0
1584,2021-10-13 03:52:30,16600.0,300.0,2959800.0
1585,2021-10-13 03:52:30,16600.0,200.0,2959500.0
1586,2021-10-13 03:52:30,16600.0,500.0,2959300.0
1587,2021-10-13 03:52:30,16600.0,100.0,2958800.0
1588,2021-10-13 03:52:30,16600.0,500.0,2958700.0
1589,2021-10-13 03:52:30,16600.0,200.0,2958200.0
1590,2021-10-13 03:52:30,16600.0,500.0,2958000.0
1591,2021-10-13 03:52:30,16600.0,100.0,2957500.0
1592,2021-10-13 03:52:30,16600.0,2000.0,2957400.0
1593,2021-10-13 03:52:30,16600.0,500.0,2955400.0
1594,2021-10-13 03:52:30,16600.0,300.0,2954900.0
1595,2021-10-13 03:52:30,16600.0,200.0,2954600.0
1596,2021-10-13 03:52:30,16600.0,300.0,2954400.0
1597,2021-10-13 03:52:30,16600.0,800.0,2954100.0
1598,2021-10-13 03:52:30,16600.0,500.0,2953300.0
1599,2021-10-13 03:52:30,16600.0,300.0,2952800.0
1600,2021-10-13 03:52:30,16600.0,200.0,2952500.0
1601,2021-10-13 03:52:30,16600.0,300.0,2952300.0
1602,2021-10-13 03:52:30,16600.0,2000.0,2952000.0
1603,2021-10-13 03:52:30,16600.0,100.0,2950000.0
1604,2021-10-13 03:52:30,16600.0,200.0,2949900.0
1605,2021-10-13 03:52:30,16600.0,600.0,2949700.0
1606,2021-10-13 03:52:30,16600.0,7600.0,2949100.0
1607,2021-10-13 03:52:25,16600.0,200.0,2941500.0
1608,2021-10-13 03:52:22,16600.0,100.0,2941300.0
1609,2021-10-13 03:52:20,16600.0,2100.0,2941200.0
1610,2021-10-13 03:52:20,16600.0,2000.0,2939100.0
1611,2021-10-13 03:52:20,16600.0,2000.0,2937100.0
1612,2021-10-13 03:52:20,16600.0,1000.0,2935100.0
1613,2021-10-13 03:52:20,16600.0,1000.0,2934100.0
1614,2021-10-13 03:52:20,16600.0,1000.0,2933100.0
1615,2021-10-13 03:52:20,16600.0,2000.0,2932100.0
1616,2021-10-13 03:52:20,16600.0,15000.0,2930100.0
1617,2021-10-13 03:52:20,16600.0,3000.0,2915100.0
1618,2021-10-13 03:52:20,16600.0,1000.0,2912100.0
1619,2021-10-13 03:52:20,16600.0,100.0,2911100.0
1620,2021-10-13 03:52:20,16600.0,500.0,2911000.0
1621,2021-10-13 03:52:20,16600.0,900.0,2910500.0
1622,2021-10-13 03:52:20,16600.0,200.0,2909600.0
1623,2021-10-13 03:52:20,16600.0,1000.0,2909400.0
1624,2021-10-13 03:52:20,16600.0,5000.0,2908400.0
1625,2021-10-13 03:52:20,16600.0,1000.0,2903400.0
1626,2021-10-13 03:52:20,16600.0,2000.0,2902400.0
1627,2021-10-13 03:52:20,16600.0,600.0,2900400.0
1628,2021-10-13 03:52:20,16600.0,100.0,2899800.0
1629,2021-10-13 03:52:20,16600.0,100.0,2899700.0
1630,2021-10-13 03:52:20,16600.0,2000.0,2899600.0
1631,2021-10-13 03:52:20,16600.0,100.0,2897600.0
1632,2021-10-13 03:52:20,16600.0,200.0,2897500.0
1633,2021-10-13 03:52:20,16600.0,200.0,2897300.0
1634,2021-10-13 03:52:20,16600.0,600.0,2897100.0
1635,2021-10-13 03:52:20,16600.0,100.0,2896500.0
1636,2021-10-13 03:52:20,16600.0,500.0,2896400.0
1637,2021-10-13 03:52:20,16600.0,700.0,2895900.0
1638,2021-10-13 03:52:20,16600.0,2000.0,2895200.0
1639,2021-10-13 03:52:20,16600.0,2000.0,2893200.0
1640,2021-10-13 03:52:19,16600.0,2000.0,2891200.0
1641,2021-10-13 03:52:19,16600.0,300.0,2889200.0
1642,2021-10-13 03:52:19,16600.0,100.0,2888900.0
1643,2021-10-13 03:52:19,16600.0,100.0,2888800.0
1644,2021-10-13 03:52:19,16600.0,3300.0,2888700.0
1645,2021-10-13 03:52:19,16600.0,100.0,2885400.0
1646,2021-10-13 03:52:19,16600.0,100.0,2885300.0
1647,2021-10-13 03:52:19,16600.0,2000.0,2885200.0
1648,2021-10-13 03:52:19,16600.0,1500.0,2883200.0
1649,2021-10-13 03:52:19,16600.0,200.0,2881700.0
1650,2021-10-13 03:52:19,16600.0,200.0,2881500.0
1651,2021-10-13 03:52:19,16600.0,100.0,2881300.0
1652,2021-10-13 03:52:16,16600.0,2000.0,2881200.0
1653,2021-10-13 03:52:16,16600.0,100.0,2879200.0
1654,2021-10-13 03:52:16,16600.0,1000.0,2879100.0
1655,2021-10-13 03:52:16,16600.0,1000.0,2878100.0
1656,2021-10-13 03:52:16,16600.0,500.0,2877100.0
1657,2021-10-13 03:52:16,16600.0,1000.0,2876600.0
1658,2021-10-13 03:52:16,16600.0,2000.0,2875600.0
1659,2021-10-13 03:52:16,16600.0,1300.0,2873600.0
1660,2021-10-13 03:52:16,16600.0,300.0,2872300.0
1661,2021-10-13 03:52:16,16600.0,300.0,2872000.0
1662,2021-10-13 03:52:16,16600.0,100.0,2871700.0
1663,2021-10-13 03:52:16,16600.0,400.0,2871600.0
1664,2021-10-13 03:52:08,16600.0,200.0,2871200.0
1665,2021-10-13 03:52:08,16650.0,100.0,2871000.0
1666,2021-10-13 03:52:05,16600.0,3400.0,2870900.0
1667,2021-10-13 03:52:05,16600.0,4300.0,2867500.0
1668,2021-10-13 03:52:05,16600.0,600.0,2863200.0
1669,2021-10-13 03:52:05,16600.0,200.0,2862600.0
1670,2021-10-13 03:52:05,16600.0,600.0,2862400.0
1671,2021-10-13 03:52:05,16600.0,100.0,2861800.0
1672,2021-10-13 03:52:05,16600.0,800.0,2861700.0
1673,2021-10-13 03:52:04,16600.0,2000.0,2860900.0
1674,2021-10-13 03:51:56,16600.0,100.0,2858900.0
1675,2021-10-13 03:51:53,16600.0,500.0,2858800.0
1676,2021-10-13 03:51:26,16600.0,50000.0,2858300.0
1677,2021-10-13 03:51:21,16650.0,100.0,2808300.0
1678,2021-10-13 03:51:01,16650.0,1000.0,2808200.0
1679,2021-10-13 03:51:00,16650.0,500.0,2807200.0
1680,2021-10-13 03:50:46,16600.0,15000.0,2806700.0
1681,2021-10-13 03:50:26,16650.0,600.0,2791700.0
1682,2021-10-13 03:50:25,16650.0,500.0,2791100.0
1683,2021-10-13 03:50:18,16600.0,300.0,2790600.0
1684,2021-10-13 03:50:17,16650.0,100.0,2790300.0
1685,2021-10-13 03:50:14,16600.0,400.0,2790200.0
1686,2021-10-13 03:50:11,16650.0,100.0,2789800.0
1687,2021-10-13 03:50:01,16650.0,100.0,2789700.0
1688,2021-10-13 03:49:59,16600.0,300.0,2789600.0
1689,2021-10-13 03:49:50,16600.0,1000.0,2789300.0
1690,2021-10-13 03:49:46,16650.0,100.0,2788300.0
1691,2021-10-13 03:49:31,16650.0,100.0,2788200.0
1692,2021-10-13 03:49:19,16650.0,1000.0,2788100.0
1693,2021-10-13 03:49:16,16650.0,100.0,2787100.0
1694,2021-10-13 03:49:11,16650.0,500.0,2787000.0
1695,2021-10-13 03:49:03,16650.0,1000.0,2786500.0
1696,2021-10-13 03:49:03,16650.0,4000.0,2785500.0
1697,2021-10-13 03:49:00,16650.0,100.0,2781500.0
1698,2021-10-13 03:48:50,16650.0,500.0,2781400.0
1699,2021-10-13 03:48:48,16650.0,100.0,2780900.0
1700,2021-10-13 03:48:46,16650.0,15000.0,2780800.0
1701,2021-10-13 03:48:23,16650.0,5000.0,2765800.0
1702,2021-10-13 03:48:01,16650.0,100.0,2760800.0
1703,2021-10-13 03:47:48,16650.0,200.0,2760700.0
1704,2021-10-13 03:47:25,16650.0,100.0,2760500.0
1705,2021-10-13 03:47:19,16650.0,500.0,2760400.0
1706,2021-10-13 03:47:05,16650.0,500.0,2759900.0
1707,2021-10-13 03:47:04,16650.0,900.0,2759400.0
1708,2021-10-13 03:46:53,16650.0,300.0,2758500.0
1709,2021-10-13 03:46:31,16650.0,2700.0,2758200.0
1710,2021-10-13 03:46:31,16650.0,17300.0,2755500.0
1711,2021-10-13 03:46:24,16650.0,100.0,2738200.0
1712,2021-10-13 03:46:19,16650.0,1000.0,2738100.0
1713,2021-10-13 03:46:17,16650.0,2000.0,2737100.0
1714,2021-10-13 03:46:08,16650.0,200.0,2735100.0
1715,2021-10-13 03:45:55,16650.0,1000.0,2734900.0
1716,2021-10-13 03:45:49,16650.0,2500.0,2733900.0
1717,2021-10-13 03:45:48,16650.0,1000.0,2731400.0
1718,2021-10-13 03:45:48,16650.0,1000.0,2730400.0
1719,2021-10-13 03:45:48,16650.0,2000.0,2729400.0
1720,2021-10-13 03:45:48,16650.0,300.0,2727400.0
1721,2021-10-13 03:45:48,16650.0,1000.0,2727100.0
1722,2021-10-13 03:45:48,16650.0,500.0,2726100.0
1723,2021-10-13 03:45:48,16650.0,100.0,2725600.0
1724,2021-10-13 03:45:30,16700.0,200.0,2725500.0
1725,2021-10-13 03:45:05,16650.0,500.0,2725300.0
1726,2021-10-13 03:44:59,16650.0,5000.0,2724800.0
1727,2021-10-13 03:44:59,16650.0,1000.0,2719800.0
1728,2021-10-13 03:44:59,16650.0,3400.0,2718800.0
1729,2021-10-13 03:44:57,16650.0,500.0,2715400.0
1730,2021-10-13 03:44:56,16650.0,500.0,2714900.0
1731,2021-10-13 03:44:42,16650.0,1000.0,2714400.0
1732,2021-10-13 03:44:37,16650.0,100.0,2713400.0
1733,2021-10-13 03:44:33,16650.0,2800.0,2713300.0
1734,2021-10-13 03:44:33,16650.0,5000.0,2710500.0
1735,2021-10-13 03:44:33,16650.0,300.0,2705500.0
1736,2021-10-13 03:44:33,16650.0,300.0,2705200.0
1737,2021-10-13 03:44:33,16650.0,500.0,2704900.0
1738,2021-10-13 03:44:33,16650.0,100.0,2704400.0
1739,2021-10-13 03:44:33,16650.0,500.0,2704300.0
1740,2021-10-13 03:44:33,16650.0,200.0,2703800.0
1741,2021-10-13 03:44:33,16650.0,200.0,2703600.0
1742,2021-10-13 03:44:33,16650.0,5100.0,2703400.0
1743,2021-10-13 03:44:24,16650.0,5000.0,2698300.0
1744,2021-10-13 03:44:17,16650.0,1000.0,2693300.0
1745,2021-10-13 03:44:06,16650.0,8900.0,2692300.0
1746,2021-10-13 03:44:06,16650.0,2000.0,2683400.0
1747,2021-10-13 03:44:06,16650.0,1000.0,2681400.0
1748,2021-10-13 03:44:06,16650.0,3000.0,2680400.0
1749,2021-10-13 03:44:06,16650.0,1400.0,2677400.0
1750,2021-10-13 03:44:06,16650.0,200.0,2676000.0
1751,2021-10-13 03:44:06,16650.0,100.0,2675800.0
1752,2021-10-13 03:44:06,16650.0,3000.0,2675700.0
1753,2021-10-13 03:44:06,16650.0,700.0,2672700.0
1754,2021-10-13 03:44:06,16650.0,100.0,2672000.0
1755,2021-10-13 03:44:06,16650.0,500.0,2671900.0
1756,2021-10-13 03:44:06,16650.0,400.0,2671400.0
1757,2021-10-13 03:44:06,16650.0,1000.0,2671000.0
1758,2021-10-13 03:44:06,16650.0,100.0,2670000.0
1759,2021-10-13 03:44:06,16650.0,2000.0,2669900.0
1760,2021-10-13 03:44:06,16650.0,200.0,2667900.0
1761,2021-10-13 03:44:06,16650.0,5400.0,2667700.0
1762,2021-10-13 03:44:04,16650.0,4600.0,2662300.0
1763,2021-10-13 03:44:04,16650.0,200.0,2657700.0
1764,2021-10-13 03:44:04,16650.0,1900.0,2657500.0
1765,2021-10-13 03:43:27,16650.0,7200.0,2655600.0
1766,2021-10-13 03:42:59,16650.0,15900.0,2648400.0
1767,2021-10-13 03:42:59,16650.0,500.0,2632500.0
1768,2021-10-13 03:42:59,16650.0,500.0,2632000.0
1769,2021-10-13 03:42:59,16650.0,1000.0,2631500.0
1770,2021-10-13 03:42:59,16650.0,100.0,2630500.0
1771,2021-10-13 03:42:59,16650.0,1000.0,2630400.0
1772,2021-10-13 03:42:30,16600.0,10000.0,2629400.0
1773,2021-10-13 03:42:18,16650.0,600.0,2619400.0
1774,2021-10-13 03:42:15,16650.0,100.0,2618800.0
1775,2021-10-13 03:42:08,16650.0,21000.0,2618700.0
1776,2021-10-13 03:42:04,16650.0,2300.0,2597700.0
1777,2021-10-13 03:42:04,16650.0,25000.0,2595400.0
1778,2021-10-13 03:42:04,16650.0,2700.0,2570400.0
1779,2021-10-13 03:41:51,16600.0,100.0,2567700.0
1780,2021-10-13 03:41:31,16650.0,2000.0,2567600.0
1781,2021-10-13 03:41:28,16600.0,700.0,2565600.0
1782,2021-10-13 03:41:08,16600.0,100.0,2564900.0
1783,2021-10-13 03:41:01,16650.0,100.0,2564800.0
1784,2021-10-13 03:40:34,16600.0,2000.0,2564700.0
1785,2021-10-13 03:40:27,16600.0,500.0,2562700.0
1786,2021-10-13 03:40:01,16650.0,200.0,2562200.0
1787,2021-10-13 03:40:01,16650.0,500.0,2562000.0
1788,2021-10-13 03:40:01,16650.0,4300.0,2561500.0
1789,2021-10-13 03:39:44,16650.0,600.0,2557200.0
1790,2021-10-13 03:39:36,16650.0,300.0,2556600.0
1791,2021-10-13 03:39:24,16650.0,800.0,2556300.0
1792,2021-10-13 03:39:24,16650.0,400.0,2555500.0
1793,2021-10-13 03:39:05,16650.0,200.0,2555100.0
1794,2021-10-13 03:38:48,16650.0,100.0,2554900.0
1795,2021-10-13 03:38:31,16650.0,100.0,2554800.0
1796,2021-10-13 03:38:30,16650.0,5000.0,2554700.0
1797,2021-10-13 03:38:11,16650.0,1000.0,2549700.0
1798,2021-10-13 03:38:01,16600.0,1000.0,2548700.0
1799,2021-10-13 03:37:42,16650.0,3200.0,2547700.0
1800,2021-10-13 03:37:42,16650.0,1800.0,2544500.0
1801,2021-10-13 03:37:34,16600.0,3000.0,2542700.0
1802,2021-10-13 03:37:28,16650.0,3200.0,2539700.0
1803,2021-10-13 03:37:28,16650.0,6800.0,2536500.0
1804,2021-10-13 03:37:26,16650.0,100.0,2529700.0
1805,2021-10-13 03:37:05,16650.0,2000.0,2529600.0
1806,2021-10-13 03:37:05,16650.0,1100.0,2527600.0
1807,2021-10-13 03:37:05,16650.0,900.0,2526500.0
1808,2021-10-13 03:36:53,16650.0,3000.0,2525600.0
1809,2021-10-13 03:36:51,16650.0,200.0,2522600.0
1810,2021-10-13 03:36:51,16650.0,1000.0,2522400.0
1811,2021-10-13 03:36:51,16650.0,100.0,2521400.0
1812,2021-10-13 03:36:51,16650.0,2800.0,2521300.0
1813,2021-10-13 03:36:49,16650.0,200.0,2518500.0
1814,2021-10-13 03:36:41,16650.0,400.0,2518300.0
1815,2021-10-13 03:36:41,16650.0,100.0,2517900.0
1816,2021-10-13 03:36:11,16650.0,100.0,2517800.0
1817,2021-10-13 03:35:55,16650.0,5000.0,2517700.0
1818,2021-10-13 03:35:55,16650.0,1200.0,2512700.0
1819,2021-10-13 03:35:55,16650.0,2000.0,2511500.0
1820,2021-10-13 03:35:55,16650.0,200.0,2509500.0
1821,2021-10-13 03:35:55,16650.0,5000.0,2509300.0
1822,2021-10-13 03:35:55,16650.0,5000.0,2504300.0
1823,2021-10-13 03:35:55,16650.0,3000.0,2499300.0
1824,2021-10-13 03:35:44,16650.0,1000.0,2496300.0
1825,2021-10-13 03:35:37,16650.0,400.0,2495300.0
1826,2021-10-13 03:35:22,16650.0,100.0,2494900.0
1827,2021-10-13 03:35:22,16650.0,300.0,2494800.0
1828,2021-10-13 03:35:03,16650.0,200.0,2494500.0
1829,2021-10-13 03:34:55,16650.0,100.0,2494300.0
1830,2021-10-13 03:34:42,16650.0,200.0,2494200.0
1831,2021-10-13 03:34:25,16650.0,200.0,2494000.0
1832,2021-10-13 03:34:25,16650.0,100.0,2493800.0
1833,2021-10-13 03:34:01,16650.0,2500.0,2493700.0
1834,2021-10-13 03:34:01,16650.0,100.0,2491200.0
1835,2021-10-13 03:34:01,16650.0,300.0,2491100.0
1836,2021-10-13 03:34:01,16650.0,200.0,2490800.0
1837,2021-10-13 03:34:01,16650.0,700.0,2490600.0
1838,2021-10-13 03:34:01,16650.0,100.0,2489900.0
1839,2021-10-13 03:34:01,16650.0,5000.0,2489800.0
1840,2021-10-13 03:34:01,16650.0,100.0,2484800.0
1841,2021-10-13 03:34:01,16650.0,300.0,2484700.0
1842,2021-10-13 03:34:01,16650.0,600.0,2484400.0
1843,2021-10-13 03:33:58,16650.0,4400.0,2483800.0
1844,2021-10-13 03:33:58,16650.0,500.0,2479400.0
1845,2021-10-13 03:33:58,16650.0,100.0,2478900.0
1846,2021-10-13 03:33:56,16650.0,1000.0,2478800.0
1847,2021-10-13 03:33:56,16650.0,100.0,2477800.0
1848,2021-10-13 03:33:56,16650.0,500.0,2477700.0
1849,2021-10-13 03:33:56,16650.0,400.0,2477200.0
1850,2021-10-13 03:33:54,16650.0,2000.0,2476800.0
1851,2021-10-13 03:33:52,16650.0,200.0,2474800.0
1852,2021-10-13 03:33:49,16650.0,1000.0,2474600.0
1853,2021-10-13 03:33:43,16650.0,10000.0,2473600.0
1854,2021-10-13 03:33:41,16650.0,100.0,2463600.0
1855,2021-10-13 03:33:37,16650.0,300.0,2463500.0
1856,2021-10-13 03:33:34,16650.0,4000.0,2463200.0
1857,2021-10-13 03:33:31,16650.0,2000.0,2459200.0
1858,2021-10-13 03:33:31,16650.0,600.0,2457200.0
1859,2021-10-13 03:33:31,16650.0,3000.0,2456600.0
1860,2021-10-13 03:33:31,16650.0,100.0,2453600.0
1861,2021-10-13 03:33:31,16650.0,30000.0,2453500.0
1862,2021-10-13 03:33:31,16650.0,1000.0,2423500.0
1863,2021-10-13 03:33:31,16650.0,3500.0,2422500.0
1864,2021-10-13 03:33:31,16650.0,400.0,2419000.0
1865,2021-10-13 03:33:31,16650.0,200.0,2418600.0
1866,2021-10-13 03:33:31,16650.0,1400.0,2418400.0
1867,2021-10-13 03:33:28,16650.0,2000.0,2417000.0
1868,2021-10-13 03:33:24,16650.0,200.0,2415000.0
1869,2021-10-13 03:33:19,16650.0,500.0,2414800.0
1870,2021-10-13 03:32:53,16650.0,2000.0,2414300.0
1871,2021-10-13 03:32:48,16650.0,3900.0,2412300.0
1872,2021-10-13 03:32:48,16650.0,500.0,2408400.0
1873,2021-10-13 03:32:48,16650.0,500.0,2407900.0
1874,2021-10-13 03:32:48,16650.0,100.0,2407400.0
1875,2021-10-13 03:32:46,16650.0,500.0,2407300.0
1876,2021-10-13 03:32:19,16650.0,200.0,2406800.0
1877,2021-10-13 03:32:19,16650.0,1000.0,2406600.0
1878,2021-10-13 03:32:19,16650.0,600.0,2405600.0
1879,2021-10-13 03:31:53,16650.0,6200.0,2405000.0
1880,2021-10-13 03:31:44,16700.0,200.0,2398800.0
1881,2021-10-13 03:31:23,16650.0,1400.0,2398600.0
1882,2021-10-13 03:31:19,16650.0,500.0,2397200.0
1883,2021-10-13 03:31:12,16650.0,1300.0,2396700.0
1884,2021-10-13 03:31:12,16650.0,700.0,2395400.0
1885,2021-10-13 03:31:07,16650.0,500.0,2394700.0
1886,2021-10-13 03:31:06,16650.0,100.0,2394200.0
1887,2021-10-13 03:31:03,16700.0,3500.0,2394100.0
1888,2021-10-13 03:31:03,16700.0,100.0,2390600.0
1889,2021-10-13 03:31:03,16700.0,2500.0,2390500.0
1890,2021-10-13 03:31:03,16700.0,4000.0,2388000.0
1891,2021-10-13 03:31:03,16700.0,100.0,2384000.0
1892,2021-10-13 03:31:03,16700.0,2300.0,2383900.0
1893,2021-10-13 03:31:03,16700.0,100.0,2381600.0
1894,2021-10-13 03:31:03,16700.0,100.0,2381500.0
1895,2021-10-13 03:31:03,16700.0,1000.0,2381400.0
1896,2021-10-13 03:31:03,16700.0,2000.0,2380400.0
1897,2021-10-13 03:31:03,16700.0,500.0,2378400.0
1898,2021-10-13 03:31:03,16700.0,3900.0,2377900.0
1899,2021-10-13 03:31:03,16700.0,400.0,2374000.0
1900,2021-10-13 03:31:03,16700.0,400.0,2373600.0
1901,2021-10-13 03:31:03,16700.0,1000.0,2373200.0
1902,2021-10-13 03:31:03,16700.0,1200.0,2372200.0
1903,2021-10-13 03:31:03,16700.0,100.0,2371000.0
1904,2021-10-13 03:31:03,16700.0,4000.0,2370900.0
1905,2021-10-13 03:31:03,16700.0,500.0,2366900.0
1906,2021-10-13 03:31:03,16700.0,100.0,2366400.0
1907,2021-10-13 03:31:03,16700.0,100.0,2366300.0
1908,2021-10-13 03:31:03,16700.0,200.0,2366200.0
1909,2021-10-13 03:31:03,16700.0,1000.0,2366000.0
1910,2021-10-13 03:31:03,16700.0,100.0,2365000.0
1911,2021-10-13 03:31:03,16700.0,800.0,2364900.0
1912,2021-10-13 03:31:01,16650.0,3700.0,2364100.0
1913,2021-10-13 03:31:01,16650.0,200.0,2360400.0
1914,2021-10-13 03:31:01,16650.0,4500.0,2360200.0
1915,2021-10-13 03:31:01,16650.0,500.0,2355700.0
1916,2021-10-13 03:31:01,16650.0,1000.0,2355200.0
1917,2021-10-13 03:31:01,16650.0,100.0,2354200.0
1918,2021-10-13 03:31:01,16650.0,400.0,2354100.0
1919,2021-10-13 03:31:01,16650.0,2000.0,2353700.0
1920,2021-10-13 03:31:01,16650.0,100.0,2351700.0
1921,2021-10-13 03:30:55,16650.0,100.0,2351600.0
1922,2021-10-13 03:30:55,16650.0,300.0,2351500.0
1923,2021-10-13 03:30:33,16650.0,200.0,2351200.0
1924,2021-10-13 03:30:06,16650.0,300.0,2351000.0
1925,2021-10-13 03:29:53,16650.0,500.0,2350700.0
1926,2021-10-13 03:29:46,16650.0,600.0,2350200.0
1927,2021-10-13 03:29:44,16650.0,2000.0,2349600.0
1928,2021-10-13 03:29:43,16650.0,200.0,2347600.0
1929,2021-10-13 03:29:42,16650.0,500.0,2347400.0
1930,2021-10-13 03:29:42,16650.0,500.0,2346900.0
1931,2021-10-13 03:29:32,16650.0,200.0,2346400.0
1932,2021-10-13 03:29:29,16650.0,4600.0,2346200.0
1933,2021-10-13 03:29:20,16650.0,200.0,2341600.0
1934,2021-10-13 03:29:18,16650.0,200.0,2341400.0
1935,2021-10-13 03:29:10,16650.0,500.0,2341200.0
1936,2021-10-13 03:29:10,16650.0,3500.0,2340700.0
1937,2021-10-13 03:29:10,16650.0,500.0,2337200.0
1938,2021-10-13 03:28:44,16650.0,500.0,2336700.0
1939,2021-10-13 03:28:41,16700.0,200.0,2336200.0
1940,2021-10-13 03:28:41,16700.0,100.0,2336000.0
1941,2021-10-13 03:28:31,16650.0,200.0,2335900.0
1942,2021-10-13 03:28:16,16650.0,200.0,2335700.0
1943,2021-10-13 03:28:14,16650.0,1100.0,2335500.0
1944,2021-10-13 03:28:14,16650.0,200.0,2334400.0
1945,2021-10-13 03:28:14,16650.0,200.0,2334200.0
1946,2021-10-13 03:28:11,16700.0,100.0,2334000.0
1947,2021-10-13 03:28:11,16700.0,100.0,2333900.0
1948,2021-10-13 03:28:11,16700.0,200.0,2333800.0
1949,2021-10-13 03:28:11,16700.0,100.0,2333600.0
1950,2021-10-13 03:28:08,16650.0,100.0,2333500.0
1951,2021-10-13 03:27:56,16650.0,200.0,2333400.0
1952,2021-10-13 03:27:43,16650.0,500.0,2333200.0
1953,2021-10-13 03:27:43,16650.0,1000.0,2332700.0
1954,2021-10-13 03:27:43,16650.0,700.0,2331700.0
1955,2021-10-13 03:27:39,16650.0,200.0,2331000.0
1956,2021-10-13 03:27:33,16650.0,100.0,2330800.0
1957,2021-10-13 03:27:33,16650.0,900.0,2330700.0
1958,2021-10-13 03:27:32,16650.0,100.0,2329800.0
1959,2021-10-13 03:27:22,16650.0,200.0,2329700.0
1960,2021-10-13 03:27:19,16650.0,300.0,2329500.0
1961,2021-10-13 03:27:19,16650.0,700.0,2329200.0
1962,2021-10-13 03:27:18,16700.0,100.0,2328500.0
1963,2021-10-13 03:27:18,16700.0,300.0,2328400.0
1964,2021-10-13 03:27:10,16650.0,200.0,2328100.0
1965,2021-10-13 03:26:59,16650.0,200.0,2327900.0
1966,2021-10-13 03:26:26,16650.0,1900.0,2327700.0
1967,2021-10-13 03:26:26,16650.0,3400.0,2325800.0
1968,2021-10-13 03:26:26,16650.0,1000.0,2322400.0
1969,2021-10-13 03:26:26,16650.0,200.0,2321400.0
1970,2021-10-13 03:26:26,16650.0,3500.0,2321200.0
1971,2021-10-13 03:26:23,16700.0,200.0,2317700.0
1972,2021-10-13 03:26:23,16700.0,200.0,2317500.0
1973,2021-10-13 03:26:21,16700.0,100.0,2317300.0
1974,2021-10-13 03:26:09,16700.0,200.0,2317200.0
1975,2021-10-13 03:26:09,16700.0,800.0,2317000.0
1976,2021-10-13 03:26:02,16650.0,1000.0,2316200.0
1977,2021-10-13 03:26:00,16700.0,200.0,2315200.0
1978,2021-10-13 03:25:57,16650.0,500.0,2315000.0
1979,2021-10-13 03:25:48,16700.0,4000.0,2314500.0
1980,2021-10-13 03:25:42,16700.0,500.0,2310500.0
1981,2021-10-13 03:25:32,16650.0,5000.0,2310000.0
1982,2021-10-13 03:25:11,16700.0,15000.0,2305000.0
1983,2021-10-13 03:25:11,16700.0,1000.0,2290000.0
1984,2021-10-13 03:24:47,16700.0,500.0,2289000.0
1985,2021-10-13 03:24:46,16700.0,8000.0,2288500.0
1986,2021-10-13 03:24:46,16700.0,1000.0,2280500.0
1987,2021-10-13 03:24:46,16700.0,100.0,2279500.0
1988,2021-10-13 03:24:46,16700.0,900.0,2279400.0
1989,2021-10-13 03:24:44,16700.0,100.0,2278500.0
1990,2021-10-13 03:24:44,16700.0,100.0,2278400.0
1991,2021-10-13 03:24:33,16600.0,33200.0,2278300.0
1992,2021-10-13 03:24:33,16650.0,400.0,2245100.0
1993,2021-10-13 03:24:33,16650.0,2000.0,2244700.0
1994,2021-10-13 03:24:33,16650.0,300.0,2242700.0
1995,2021-10-13 03:24:33,16650.0,100.0,2242400.0
1996,2021-10-13 03:24:33,16650.0,1000.0,2242300.0
1997,2021-10-13 03:24:33,16650.0,300.0,2241300.0
1998,2021-10-13 03:24:33,16650.0,600.0,2241000.0
1999,2021-10-13 03:24:33,16650.0,22100.0,2240400.0
2000,2021-10-13 03:24:29,16700.0,100.0,2218300.0
2001,2021-10-13 03:24:28,16650.0,2900.0,2218200.0
2002,2021-10-13 03:24:26,16650.0,300.0,2215300.0
2003,2021-10-13 03:24:26,16700.0,300.0,2215000.0
2004,2021-10-13 03:24:26,16700.0,200.0,2214700.0
2005,2021-10-13 03:24:26,16700.0,100.0,2214500.0
2006,2021-10-13 03:24:24,16650.0,2000.0,2214400.0
2007,2021-10-13 03:24:11,16650.0,1000.0,2212400.0
2008,2021-10-13 03:23:54,16700.0,1500.0,2211400.0
2009,2021-10-13 03:23:36,16650.0,3000.0,2209900.0
2010,2021-10-13 03:23:36,16650.0,800.0,2206900.0
2011,2021-10-13 03:23:36,16650.0,100.0,2206100.0
2012,2021-10-13 03:23:36,16650.0,1000.0,2206000.0
2013,2021-10-13 03:23:36,16650.0,3000.0,2205000.0
2014,2021-10-13 03:23:36,16650.0,800.0,2202000.0
2015,2021-10-13 03:23:36,16650.0,100.0,2201200.0
2016,2021-10-13 03:23:36,16650.0,500.0,2201100.0
2017,2021-10-13 03:23:36,16650.0,400.0,2200600.0
2018,2021-10-13 03:23:36,16650.0,100.0,2200200.0
2019,2021-10-13 03:23:36,16650.0,300.0,2200100.0
2020,2021-10-13 03:23:36,16650.0,400.0,2199800.0
2021,2021-10-13 03:23:36,16650.0,5000.0,2199400.0
2022,2021-10-13 03:23:36,16650.0,6200.0,2194400.0
2023,2021-10-13 03:23:36,16650.0,3500.0,2188200.0
2024,2021-10-13 03:23:34,16650.0,1200.0,2184700.0
2025,2021-10-13 03:23:23,16650.0,10000.0,2183500.0
2026,2021-10-13 03:23:15,16600.0,19000.0,2173500.0
2027,2021-10-13 03:23:15,16600.0,200.0,2154500.0
2028,2021-10-13 03:23:15,16600.0,3800.0,2154300.0
2029,2021-10-13 03:23:06,16650.0,4100.0,2150500.0
2030,2021-10-13 03:23:06,16650.0,100.0,2146400.0
2031,2021-10-13 03:23:06,16650.0,200.0,2146300.0
2032,2021-10-13 03:23:06,16650.0,100.0,2146100.0
2033,2021-10-13 03:23:06,16650.0,200.0,2146000.0
2034,2021-10-13 03:23:06,16650.0,300.0,2145800.0
2035,2021-10-13 03:23:06,16650.0,1000.0,2145500.0
2036,2021-10-13 03:23:06,16650.0,5000.0,2144500.0
2037,2021-10-13 03:23:06,16650.0,4000.0,2139500.0
2038,2021-10-13 03:23:06,16650.0,2000.0,2135500.0
2039,2021-10-13 03:23:06,16650.0,2000.0,2133500.0
2040,2021-10-13 03:23:06,16650.0,2000.0,2131500.0
2041,2021-10-13 03:23:06,16650.0,100.0,2129500.0
