,Time,Price,Volume_per_trade,Volume
0,2021-10-17 07:45:01,25100.0,1000.0,4471300.0
1,2021-10-17 07:45:01,25100.0,3000.0,4470300.0
2,2021-10-17 07:45:01,25100.0,500.0,4467300.0
3,2021-10-17 07:45:01,25100.0,1200.0,4466800.0
4,2021-10-17 07:45:01,25100.0,300.0,4465600.0
5,2021-10-17 07:45:01,25100.0,500.0,4465300.0
6,2021-10-17 07:45:01,25100.0,300.0,4464800.0
7,2021-10-17 07:45:01,25100.0,500.0,4464500.0
8,2021-10-17 07:45:01,25100.0,1000.0,4464000.0
9,2021-10-17 07:45:01,25100.0,3000.0,4463000.0
10,2021-10-17 07:45:01,25100.0,2000.0,4460000.0
11,2021-10-17 07:45:01,25100.0,2000.0,4458000.0
12,2021-10-17 07:45:01,25100.0,10000.0,4456000.0
13,2021-10-17 07:45:01,25100.0,5000.0,4446000.0
14,2021-10-17 07:45:01,25100.0,1000.0,4441000.0
15,2021-10-17 07:45:01,25100.0,300.0,4440000.0
16,2021-10-17 07:45:01,25100.0,3700.0,4439700.0
17,2021-10-17 07:45:01,25100.0,1000.0,4436000.0
18,2021-10-17 07:45:01,25100.0,2500.0,4435000.0
19,2021-10-17 07:45:01,25100.0,2800.0,4432500.0
20,2021-10-17 07:45:01,25100.0,1000.0,4429700.0
21,2021-10-17 07:45:01,25100.0,5000.0,4428700.0
22,2021-10-17 07:45:01,25100.0,500.0,4423700.0
23,2021-10-17 07:45:01,25100.0,1000.0,4423200.0
24,2021-10-17 07:45:01,25100.0,10000.0,4422200.0
25,2021-10-17 07:45:01,25100.0,200.0,4412200.0
26,2021-10-17 07:45:01,25100.0,10000.0,4412000.0
27,2021-10-17 07:45:01,25100.0,2000.0,4402000.0
28,2021-10-17 07:45:01,25100.0,1000.0,4400000.0
29,2021-10-17 07:45:01,25100.0,6500.0,4399000.0
30,2021-10-17 07:45:01,25100.0,100.0,4392500.0
31,2021-10-17 07:45:01,25100.0,200.0,4392400.0
32,2021-10-17 07:45:01,25100.0,100.0,4392200.0
33,2021-10-17 07:45:01,25100.0,1000.0,4392100.0
34,2021-10-17 07:45:01,25100.0,5000.0,4391100.0
35,2021-10-17 07:45:01,25100.0,3600.0,4386100.0
36,2021-10-17 07:45:01,25100.0,1000.0,4382500.0
37,2021-10-17 07:45:01,25100.0,400.0,4381500.0
38,2021-10-17 07:45:01,25100.0,100.0,4381100.0
39,2021-10-17 07:45:01,25100.0,200.0,4381000.0
40,2021-10-17 07:45:01,25100.0,100.0,4380800.0
41,2021-10-17 07:45:01,25100.0,100.0,4380700.0
42,2021-10-17 07:45:01,25100.0,500.0,4380600.0
43,2021-10-17 07:45:01,25100.0,100.0,4380100.0
44,2021-10-17 07:45:01,25100.0,100.0,4380000.0
45,2021-10-17 07:45:01,25100.0,200.0,4379900.0
46,2021-10-17 07:45:01,25100.0,1500.0,4379700.0
47,2021-10-17 07:45:01,25100.0,300.0,4378200.0
48,2021-10-17 07:45:01,25100.0,200.0,4377900.0
49,2021-10-17 07:45:01,25100.0,3000.0,4377700.0
50,2021-10-17 07:45:01,25100.0,100.0,4374700.0
51,2021-10-17 07:45:01,25100.0,300.0,4374600.0
52,2021-10-17 07:45:01,25100.0,100.0,4374300.0
53,2021-10-17 07:45:01,25100.0,300.0,4374200.0
54,2021-10-17 07:45:01,25100.0,100.0,4373900.0
55,2021-10-17 07:45:01,25100.0,200.0,4373800.0
56,2021-10-17 07:45:01,25100.0,300.0,4373600.0
57,2021-10-17 07:45:01,25100.0,300.0,4373300.0
58,2021-10-17 07:45:01,25100.0,100.0,4373000.0
59,2021-10-17 07:45:01,25100.0,100.0,4372900.0
60,2021-10-17 07:45:01,25100.0,100.0,4372800.0
61,2021-10-17 07:45:01,25100.0,200.0,4372700.0
62,2021-10-17 07:45:01,25100.0,1300.0,4372500.0
63,2021-10-17 07:45:01,25100.0,1000.0,4371200.0
64,2021-10-17 07:45:01,25100.0,400.0,4370200.0
65,2021-10-17 07:45:01,25100.0,300.0,4369800.0
66,2021-10-17 07:45:01,25100.0,400.0,4369500.0
67,2021-10-17 07:45:01,25100.0,700.0,4369100.0
68,2021-10-17 07:45:01,25100.0,200.0,4368400.0
69,2021-10-17 07:45:01,25100.0,500.0,4368200.0
70,2021-10-17 07:45:01,25100.0,100.0,4367700.0
71,2021-10-17 07:45:01,25100.0,500.0,4367600.0
72,2021-10-17 07:45:01,25100.0,100.0,4367100.0
73,2021-10-17 07:45:01,25100.0,100.0,4367000.0
74,2021-10-17 07:45:01,25100.0,900.0,4366900.0
75,2021-10-17 07:45:01,25100.0,200.0,4366000.0
76,2021-10-17 07:45:01,25100.0,100.0,4365800.0
77,2021-10-17 07:45:01,25100.0,400.0,4365700.0
78,2021-10-17 07:45:01,25100.0,100.0,4365300.0
79,2021-10-17 07:45:01,25100.0,100.0,4365200.0
80,2021-10-17 07:45:01,25100.0,400.0,4365100.0
81,2021-10-17 07:45:01,25100.0,1100.0,4364700.0
82,2021-10-17 07:45:01,25100.0,200.0,4363600.0
83,2021-10-17 07:45:01,25100.0,2700.0,4363400.0
84,2021-10-17 07:45:01,25100.0,2000.0,4360700.0
85,2021-10-17 07:45:01,25100.0,200.0,4358700.0
86,2021-10-17 07:45:01,25100.0,12100.0,4358500.0
87,2021-10-17 07:45:01,25100.0,500.0,4346400.0
88,2021-10-17 07:45:01,25100.0,100.0,4345900.0
89,2021-10-17 07:45:01,25100.0,300.0,4345800.0
90,2021-10-17 07:45:01,25100.0,200.0,4345500.0
91,2021-10-17 07:45:01,25100.0,500.0,4345300.0
92,2021-10-17 07:29:55,25050.0,1700.0,4344800.0
93,2021-10-17 07:29:55,25100.0,300.0,4343100.0
94,2021-10-17 07:29:50,25150.0,3300.0,4342800.0
95,2021-10-17 07:29:50,25150.0,1000.0,4339500.0
96,2021-10-17 07:29:50,25150.0,1000.0,4338500.0
97,2021-10-17 07:29:50,25150.0,1000.0,4337500.0
98,2021-10-17 07:29:50,25150.0,3700.0,4336500.0
99,2021-10-17 07:29:49,25100.0,200.0,4332800.0
100,2021-10-17 07:29:47,25050.0,100.0,4332600.0
101,2021-10-17 07:29:47,25100.0,500.0,4332500.0
102,2021-10-17 07:29:43,25100.0,300.0,4332000.0
103,2021-10-17 07:29:42,25050.0,500.0,4331700.0
104,2021-10-17 07:29:42,25050.0,300.0,4331200.0
105,2021-10-17 07:29:39,25100.0,200.0,4330900.0
106,2021-10-17 07:29:36,25150.0,200.0,4330700.0
107,2021-10-17 07:29:34,25100.0,1500.0,4330500.0
108,2021-10-17 07:29:32,25100.0,500.0,4329000.0
109,2021-10-17 07:29:32,25100.0,800.0,4328500.0
110,2021-10-17 07:29:32,25100.0,100.0,4327700.0
111,2021-10-17 07:29:25,25100.0,200.0,4327600.0
112,2021-10-17 07:29:24,25100.0,2000.0,4327400.0
113,2021-10-17 07:29:24,25100.0,300.0,4325400.0
114,2021-10-17 07:29:23,25100.0,100.0,4325100.0
115,2021-10-17 07:29:22,25100.0,400.0,4325000.0
116,2021-10-17 07:29:14,25100.0,1000.0,4324600.0
117,2021-10-17 07:29:14,25100.0,3900.0,4323600.0
118,2021-10-17 07:29:14,25100.0,100.0,4319700.0
119,2021-10-17 07:29:14,25100.0,100.0,4319600.0
120,2021-10-17 07:29:14,25100.0,1600.0,4319500.0
121,2021-10-17 07:29:14,25100.0,2500.0,4317900.0
122,2021-10-17 07:29:11,25100.0,200.0,4315400.0
123,2021-10-17 07:29:10,25100.0,100.0,4315200.0
124,2021-10-17 07:29:08,25100.0,1000.0,4315100.0
125,2021-10-17 07:29:07,25100.0,300.0,4314100.0
126,2021-10-17 07:29:04,25100.0,500.0,4313800.0
127,2021-10-17 07:29:03,25100.0,6900.0,4313300.0
128,2021-10-17 07:29:03,25100.0,1000.0,4306400.0
129,2021-10-17 07:29:03,25100.0,1000.0,4305400.0
130,2021-10-17 07:29:03,25100.0,100.0,4304400.0
131,2021-10-17 07:29:03,25100.0,1000.0,4304300.0
132,2021-10-17 07:29:03,25050.0,300.0,4303300.0
133,2021-10-17 07:29:00,25100.0,100.0,4303000.0
134,2021-10-17 07:28:54,25100.0,200.0,4302900.0
135,2021-10-17 07:28:47,25100.0,3100.0,4302700.0
136,2021-10-17 07:28:47,25100.0,400.0,4299600.0
137,2021-10-17 07:28:47,25100.0,6500.0,4299200.0
138,2021-10-17 07:28:44,25100.0,300.0,4292700.0
139,2021-10-17 07:28:40,25100.0,500.0,4292400.0
140,2021-10-17 07:28:38,25100.0,700.0,4291900.0
141,2021-10-17 07:28:33,25050.0,300.0,4291200.0
142,2021-10-17 07:28:19,25050.0,300.0,4290900.0
143,2021-10-17 07:28:18,25050.0,1000.0,4290600.0
144,2021-10-17 07:28:17,25000.0,300.0,4289600.0
145,2021-10-17 07:28:14,25050.0,200.0,4289300.0
146,2021-10-17 07:28:11,25000.0,8500.0,4289100.0
147,2021-10-17 07:28:10,25050.0,100.0,4280600.0
148,2021-10-17 07:28:03,25050.0,300.0,4280500.0
149,2021-10-17 07:28:03,25050.0,1000.0,4280200.0
150,2021-10-17 07:28:03,25050.0,2700.0,4279200.0
151,2021-10-17 07:28:03,25050.0,4400.0,4276500.0
152,2021-10-17 07:27:56,25100.0,100.0,4272100.0
153,2021-10-17 07:27:51,25050.0,400.0,4272000.0
154,2021-10-17 07:27:48,25050.0,900.0,4271600.0
155,2021-10-17 07:27:48,25050.0,500.0,4270700.0
156,2021-10-17 07:27:48,25050.0,400.0,4270200.0
157,2021-10-17 07:27:48,25050.0,13400.0,4269800.0
158,2021-10-17 07:27:47,25050.0,200.0,4256400.0
159,2021-10-17 07:27:46,25000.0,400.0,4256200.0
160,2021-10-17 07:27:43,25000.0,1000.0,4255800.0
161,2021-10-17 07:27:40,25000.0,100.0,4254800.0
162,2021-10-17 07:27:38,25000.0,100.0,4254700.0
163,2021-10-17 07:27:33,25000.0,3600.0,4254600.0
164,2021-10-17 07:27:30,25000.0,1400.0,4251000.0
165,2021-10-17 07:27:30,25000.0,1000.0,4249600.0
166,2021-10-17 07:27:30,25000.0,100.0,4248600.0
167,2021-10-17 07:27:30,25000.0,500.0,4248500.0
168,2021-10-17 07:27:30,25000.0,500.0,4248000.0
169,2021-10-17 07:27:30,25000.0,300.0,4247500.0
170,2021-10-17 07:27:30,25000.0,200.0,4247200.0
171,2021-10-17 07:27:30,25000.0,2000.0,4247000.0
172,2021-10-17 07:27:30,25000.0,400.0,4245000.0
173,2021-10-17 07:27:30,25000.0,3000.0,4244600.0
174,2021-10-17 07:27:30,25000.0,1000.0,4241600.0
175,2021-10-17 07:27:30,25000.0,100.0,4240600.0
176,2021-10-17 07:27:30,25000.0,1600.0,4240500.0
177,2021-10-17 07:27:30,25000.0,100.0,4238900.0
178,2021-10-17 07:27:30,25000.0,1000.0,4238800.0
179,2021-10-17 07:27:30,25000.0,500.0,4237800.0
180,2021-10-17 07:27:30,25000.0,8200.0,4237300.0
181,2021-10-17 07:27:30,25000.0,1000.0,4229100.0
182,2021-10-17 07:27:30,25000.0,500.0,4228100.0
183,2021-10-17 07:27:30,25000.0,1000.0,4227600.0
184,2021-10-17 07:27:30,25000.0,100.0,4226600.0
185,2021-10-17 07:27:30,25000.0,5000.0,4226500.0
186,2021-10-17 07:27:30,25000.0,500.0,4221500.0
187,2021-10-17 07:27:29,25000.0,1000.0,4221000.0
188,2021-10-17 07:27:23,25000.0,1500.0,4220000.0
189,2021-10-17 07:27:23,25000.0,700.0,4218500.0
190,2021-10-17 07:27:23,25000.0,300.0,4217800.0
191,2021-10-17 07:27:23,25000.0,200.0,4217500.0
192,2021-10-17 07:27:23,25000.0,500.0,4217300.0
193,2021-10-17 07:27:23,25000.0,1800.0,4216800.0
194,2021-10-17 07:27:22,24950.0,500.0,4215000.0
195,2021-10-17 07:27:19,24950.0,100.0,4214500.0
196,2021-10-17 07:27:12,25000.0,500.0,4214400.0
197,2021-10-17 07:27:10,24950.0,200.0,4213900.0
198,2021-10-17 07:27:09,24950.0,500.0,4213700.0
199,2021-10-17 07:27:07,24950.0,200.0,4213200.0
200,2021-10-17 07:27:07,24950.0,200.0,4213000.0
201,2021-10-17 07:27:07,24950.0,600.0,4212800.0
202,2021-10-17 07:26:55,24950.0,1100.0,4212200.0
203,2021-10-17 07:26:55,24950.0,100.0,4211100.0
204,2021-10-17 07:26:55,24950.0,2000.0,4211000.0
205,2021-10-17 07:26:55,24950.0,2000.0,4209000.0
206,2021-10-17 07:26:55,24950.0,100.0,4207000.0
207,2021-10-17 07:26:55,24950.0,100.0,4206900.0
208,2021-10-17 07:26:55,24950.0,500.0,4206800.0
209,2021-10-17 07:26:55,24950.0,100.0,4206300.0
210,2021-10-17 07:26:54,25000.0,700.0,4206200.0
211,2021-10-17 07:26:44,24950.0,100.0,4205500.0
212,2021-10-17 07:26:44,24950.0,100.0,4205400.0
213,2021-10-17 07:26:41,24950.0,100.0,4205300.0
214,2021-10-17 07:26:41,24950.0,100.0,4205200.0
215,2021-10-17 07:26:41,24950.0,700.0,4205100.0
216,2021-10-17 07:26:40,24950.0,100.0,4204400.0
217,2021-10-17 07:26:39,24950.0,100.0,4204300.0
218,2021-10-17 07:26:38,24950.0,1000.0,4204200.0
219,2021-10-17 07:26:35,24950.0,100.0,4203200.0
220,2021-10-17 07:26:34,24950.0,500.0,4203100.0
221,2021-10-17 07:26:34,24950.0,2000.0,4202600.0
222,2021-10-17 07:26:34,24950.0,100.0,4200600.0
223,2021-10-17 07:26:34,24950.0,200.0,4200500.0
224,2021-10-17 07:26:34,24950.0,2200.0,4200300.0
225,2021-10-17 07:26:32,24950.0,100.0,4198100.0
226,2021-10-17 07:26:30,24950.0,200.0,4198000.0
227,2021-10-17 07:26:30,24950.0,200.0,4197800.0
228,2021-10-17 07:26:30,24950.0,1000.0,4197600.0
229,2021-10-17 07:26:30,24950.0,1600.0,4196600.0
230,2021-10-17 07:26:26,24950.0,700.0,4195000.0
231,2021-10-17 07:26:26,24950.0,200.0,4194300.0
232,2021-10-17 07:26:23,24950.0,200.0,4194100.0
233,2021-10-17 07:26:21,24950.0,6000.0,4193900.0
234,2021-10-17 07:26:19,24950.0,6500.0,4187900.0
235,2021-10-17 07:26:09,24900.0,700.0,4181400.0
236,2021-10-17 07:26:08,24950.0,100.0,4180700.0
237,2021-10-17 07:26:05,24900.0,400.0,4180600.0
238,2021-10-17 07:25:59,24900.0,1000.0,4180200.0
239,2021-10-17 07:25:45,24900.0,200.0,4179200.0
240,2021-10-17 07:25:36,24950.0,300.0,4179000.0
241,2021-10-17 07:25:23,24950.0,3200.0,4178700.0
242,2021-10-17 07:25:19,24950.0,1000.0,4175500.0
243,2021-10-17 07:25:04,24900.0,1000.0,4174500.0
244,2021-10-17 07:25:00,24900.0,100.0,4173500.0
245,2021-10-17 07:25:00,24900.0,100.0,4173400.0
246,2021-10-17 07:25:00,24900.0,100.0,4173300.0
247,2021-10-17 07:25:00,24900.0,100.0,4173200.0
248,2021-10-17 07:25:00,24900.0,600.0,4173100.0
249,2021-10-17 07:24:58,24950.0,1000.0,4172500.0
250,2021-10-17 07:24:52,24950.0,900.0,4171500.0
251,2021-10-17 07:24:50,24950.0,100.0,4170600.0
252,2021-10-17 07:24:50,24950.0,100.0,4170500.0
253,2021-10-17 07:24:47,24900.0,300.0,4170400.0
254,2021-10-17 07:24:46,24950.0,500.0,4170100.0
255,2021-10-17 07:24:43,24950.0,200.0,4169600.0
256,2021-10-17 07:24:41,24950.0,200.0,4169400.0
257,2021-10-17 07:24:39,24950.0,5000.0,4169200.0
258,2021-10-17 07:24:36,24950.0,100.0,4164200.0
259,2021-10-17 07:24:34,24950.0,2800.0,4164100.0
260,2021-10-17 07:24:31,24950.0,2000.0,4161300.0
261,2021-10-17 07:24:31,24950.0,10000.0,4159300.0
262,2021-10-17 07:24:31,24950.0,5000.0,4149300.0
263,2021-10-17 07:24:31,24950.0,1000.0,4144300.0
264,2021-10-17 07:24:31,24950.0,400.0,4143300.0
265,2021-10-17 07:24:31,24950.0,900.0,4142900.0
266,2021-10-17 07:24:22,24950.0,100.0,4142000.0
267,2021-10-17 07:24:22,24950.0,1000.0,4141900.0
268,2021-10-17 07:24:22,24950.0,300.0,4140900.0
269,2021-10-17 07:24:22,24950.0,1900.0,4140600.0
270,2021-10-17 07:24:22,24950.0,600.0,4138700.0
271,2021-10-17 07:24:22,24950.0,500.0,4138100.0
272,2021-10-17 07:24:22,24950.0,600.0,4137600.0
273,2021-10-17 07:24:18,24950.0,2000.0,4137000.0
274,2021-10-17 07:24:16,25000.0,500.0,4135000.0
275,2021-10-17 07:24:10,24950.0,7400.0,4134500.0
276,2021-10-17 07:24:10,24950.0,100.0,4127100.0
277,2021-10-17 07:24:08,24950.0,2900.0,4127000.0
278,2021-10-17 07:24:08,24950.0,900.0,4124100.0
279,2021-10-17 07:23:56,24950.0,100.0,4123200.0
280,2021-10-17 07:23:56,24950.0,500.0,4123100.0
281,2021-10-17 07:23:56,24950.0,300.0,4122600.0
282,2021-10-17 07:23:56,24950.0,1200.0,4122300.0
283,2021-10-17 07:23:52,24950.0,500.0,4121100.0
284,2021-10-17 07:23:52,25000.0,5000.0,4120600.0
285,2021-10-17 07:23:47,24950.0,6800.0,4115600.0
286,2021-10-17 07:23:41,24950.0,100.0,4108800.0
287,2021-10-17 07:23:41,24950.0,500.0,4108700.0
288,2021-10-17 07:23:41,24950.0,900.0,4108200.0
289,2021-10-17 07:23:34,24950.0,600.0,4107300.0
290,2021-10-17 07:23:30,24950.0,1000.0,4106700.0
291,2021-10-17 07:23:21,24950.0,100.0,4105700.0
292,2021-10-17 07:23:21,24950.0,400.0,4105600.0
293,2021-10-17 07:23:21,25000.0,1000.0,4105200.0
294,2021-10-17 07:23:17,24950.0,2200.0,4104200.0
295,2021-10-17 07:23:16,24950.0,900.0,4102000.0
296,2021-10-17 07:23:16,24950.0,900.0,4101100.0
297,2021-10-17 07:23:14,24950.0,10000.0,4100200.0
298,2021-10-17 07:23:11,24950.0,5000.0,4090200.0
299,2021-10-17 07:23:02,24950.0,1000.0,4085200.0
300,2021-10-17 07:22:57,24900.0,1600.0,4084200.0
301,2021-10-17 07:22:57,24950.0,1000.0,4082600.0
302,2021-10-17 07:22:57,24950.0,2400.0,4081600.0
303,2021-10-17 07:22:55,24950.0,200.0,4079200.0
304,2021-10-17 07:22:54,24950.0,100.0,4079000.0
305,2021-10-17 07:22:51,24950.0,300.0,4078900.0
306,2021-10-17 07:22:47,24950.0,1000.0,4078600.0
307,2021-10-17 07:22:45,24950.0,500.0,4077600.0
308,2021-10-17 07:22:45,24950.0,5500.0,4077100.0
309,2021-10-17 07:22:43,24900.0,10000.0,4071600.0
310,2021-10-17 07:22:41,24950.0,2000.0,4061600.0
311,2021-10-17 07:22:37,24950.0,100.0,4059600.0
312,2021-10-17 07:22:33,24950.0,100.0,4059500.0
313,2021-10-17 07:22:33,24950.0,500.0,4059400.0
314,2021-10-17 07:22:33,24950.0,400.0,4058900.0
315,2021-10-17 07:22:33,24950.0,3000.0,4058500.0
316,2021-10-17 07:22:33,24950.0,5000.0,4055500.0
317,2021-10-17 07:22:33,24950.0,1400.0,4050500.0
318,2021-10-17 07:22:31,24950.0,5000.0,4049100.0
319,2021-10-17 07:22:27,24950.0,100.0,4044100.0
320,2021-10-17 07:22:27,24950.0,2000.0,4044000.0
321,2021-10-17 07:22:23,24950.0,300.0,4042000.0
322,2021-10-17 07:22:09,24950.0,800.0,4041700.0
323,2021-10-17 07:22:04,24950.0,400.0,4040900.0
324,2021-10-17 07:22:01,24950.0,100.0,4040500.0
325,2021-10-17 07:22:01,24900.0,400.0,4040400.0
326,2021-10-17 07:21:56,24950.0,1500.0,4040000.0
327,2021-10-17 07:21:53,24900.0,2000.0,4038500.0
328,2021-10-17 07:21:53,24900.0,500.0,4036500.0
329,2021-10-17 07:21:52,25000.0,5300.0,4036000.0
330,2021-10-17 07:21:52,25000.0,3000.0,4030700.0
331,2021-10-17 07:21:52,25000.0,500.0,4027700.0
332,2021-10-17 07:21:52,25000.0,1000.0,4027200.0
333,2021-10-17 07:21:52,25000.0,2000.0,4026200.0
334,2021-10-17 07:21:52,25000.0,1000.0,4024200.0
335,2021-10-17 07:21:52,25000.0,1800.0,4023200.0
336,2021-10-17 07:21:52,25000.0,100.0,4021400.0
337,2021-10-17 07:21:52,25000.0,500.0,4021300.0
338,2021-10-17 07:21:52,25000.0,300.0,4020800.0
339,2021-10-17 07:21:52,25000.0,1000.0,4020500.0
340,2021-10-17 07:21:52,25000.0,5000.0,4019500.0
341,2021-10-17 07:21:52,25000.0,1900.0,4014500.0
342,2021-10-17 07:21:52,25000.0,1000.0,4012600.0
343,2021-10-17 07:21:52,25000.0,500.0,4011600.0
344,2021-10-17 07:21:52,25000.0,1000.0,4011100.0
345,2021-10-17 07:21:52,25000.0,300.0,4010100.0
346,2021-10-17 07:21:52,25000.0,10000.0,4009800.0
347,2021-10-17 07:21:52,25000.0,200.0,3999800.0
348,2021-10-17 07:21:52,25000.0,500.0,3999600.0
349,2021-10-17 07:21:52,25000.0,4000.0,3999100.0
350,2021-10-17 07:21:52,25000.0,6000.0,3995100.0
351,2021-10-17 07:21:52,25000.0,200.0,3989100.0
352,2021-10-17 07:21:52,25000.0,2400.0,3988900.0
353,2021-10-17 07:21:52,24950.0,500.0,3986500.0
354,2021-10-17 07:21:51,24900.0,200.0,3986000.0
355,2021-10-17 07:21:47,24900.0,7500.0,3985800.0
356,2021-10-17 07:21:45,24900.0,100.0,3978300.0
357,2021-10-17 07:21:43,24900.0,1400.0,3978200.0
358,2021-10-17 07:21:43,24950.0,600.0,3976800.0
359,2021-10-17 07:21:43,24950.0,1200.0,3976200.0
360,2021-10-17 07:21:43,24950.0,200.0,3975000.0
361,2021-10-17 07:21:41,24900.0,500.0,3974800.0
362,2021-10-17 07:21:38,24900.0,700.0,3974300.0
363,2021-10-17 07:21:37,24900.0,2000.0,3973600.0
364,2021-10-17 07:21:36,24900.0,100.0,3971600.0
365,2021-10-17 07:21:35,24900.0,1000.0,3971500.0
366,2021-10-17 07:21:34,24950.0,300.0,3970500.0
367,2021-10-17 07:21:34,24900.0,100.0,3970200.0
368,2021-10-17 07:21:32,24900.0,200.0,3970100.0
369,2021-10-17 07:21:30,24900.0,3000.0,3969900.0
370,2021-10-17 07:21:29,24900.0,500.0,3966900.0
371,2021-10-17 07:21:25,24900.0,1000.0,3966400.0
372,2021-10-17 07:21:24,24900.0,1500.0,3965400.0
373,2021-10-17 07:21:23,24900.0,2800.0,3963900.0
374,2021-10-17 07:21:23,24900.0,900.0,3961100.0
375,2021-10-17 07:21:22,24900.0,200.0,3960200.0
376,2021-10-17 07:21:22,24900.0,200.0,3960000.0
377,2021-10-17 07:21:22,24900.0,500.0,3959800.0
378,2021-10-17 07:21:22,24900.0,100.0,3959300.0
379,2021-10-17 07:21:22,24900.0,100.0,3959200.0
380,2021-10-17 07:21:22,24900.0,200.0,3959100.0
381,2021-10-17 07:21:22,24900.0,1000.0,3958900.0
382,2021-10-17 07:21:22,24900.0,500.0,3957900.0
383,2021-10-17 07:21:22,24900.0,500.0,3957400.0
384,2021-10-17 07:21:17,24900.0,500.0,3956900.0
385,2021-10-17 07:21:17,24950.0,100.0,3956400.0
386,2021-10-17 07:21:08,24900.0,100.0,3956300.0
387,2021-10-17 07:21:00,24950.0,100.0,3956200.0
388,2021-10-17 07:20:56,25000.0,100.0,3956100.0
389,2021-10-17 07:20:53,25000.0,400.0,3956000.0
390,2021-10-17 07:20:52,25000.0,500.0,3955600.0
391,2021-10-17 07:20:48,24900.0,400.0,3955100.0
392,2021-10-17 07:20:48,24900.0,100.0,3954700.0
393,2021-10-17 07:20:48,25000.0,1600.0,3954600.0
394,2021-10-17 07:20:48,25000.0,7000.0,3953000.0
395,2021-10-17 07:20:48,25000.0,1400.0,3946000.0
396,2021-10-17 07:20:44,25000.0,200.0,3944600.0
397,2021-10-17 07:20:39,25000.0,500.0,3944400.0
398,2021-10-17 07:20:38,25000.0,4900.0,3943900.0
399,2021-10-17 07:20:38,25000.0,1000.0,3939000.0
400,2021-10-17 07:20:38,25000.0,34100.0,3938000.0
401,2021-10-17 07:20:36,24900.0,400.0,3903900.0
402,2021-10-17 07:20:36,24900.0,100.0,3903500.0
403,2021-10-17 07:20:36,24900.0,1000.0,3903400.0
404,2021-10-17 07:20:36,24900.0,200.0,3902400.0
405,2021-10-17 07:20:36,24950.0,200.0,3902200.0
406,2021-10-17 07:20:36,24950.0,100.0,3902000.0
407,2021-10-17 07:20:36,24950.0,1000.0,3901900.0
408,2021-10-17 07:20:35,25000.0,400.0,3900900.0
409,2021-10-17 07:20:35,25000.0,1000.0,3900500.0
410,2021-10-17 07:20:35,25000.0,200.0,3899500.0
411,2021-10-17 07:20:35,25000.0,200.0,3899300.0
412,2021-10-17 07:20:35,25000.0,100.0,3899100.0
413,2021-10-17 07:20:35,25000.0,200.0,3899000.0
414,2021-10-17 07:20:35,25000.0,300.0,3898800.0
415,2021-10-17 07:20:35,25000.0,300.0,3898500.0
416,2021-10-17 07:20:35,25000.0,1000.0,3898200.0
417,2021-10-17 07:20:35,25000.0,2700.0,3897200.0
418,2021-10-17 07:20:35,25000.0,500.0,3894500.0
419,2021-10-17 07:20:35,25000.0,100.0,3894000.0
420,2021-10-17 07:20:35,25000.0,100.0,3893900.0
421,2021-10-17 07:20:35,25000.0,1000.0,3893800.0
422,2021-10-17 07:20:35,25000.0,1000.0,3892800.0
423,2021-10-17 07:20:35,25000.0,1000.0,3891800.0
424,2021-10-17 07:20:35,25000.0,500.0,3890800.0
425,2021-10-17 07:20:35,25000.0,5300.0,3890300.0
426,2021-10-17 07:20:35,25000.0,1300.0,3885000.0
427,2021-10-17 07:20:35,25000.0,100.0,3883700.0
428,2021-10-17 07:20:35,25000.0,200.0,3883600.0
429,2021-10-17 07:20:35,25000.0,500.0,3883400.0
430,2021-10-17 07:20:35,25000.0,5000.0,3882900.0
431,2021-10-17 07:20:35,25000.0,1000.0,3877900.0
432,2021-10-17 07:20:35,25000.0,400.0,3876900.0
433,2021-10-17 07:20:35,25000.0,300.0,3876500.0
434,2021-10-17 07:20:35,25000.0,1000.0,3876200.0
435,2021-10-17 07:20:35,25000.0,200.0,3875200.0
436,2021-10-17 07:20:35,25000.0,100.0,3875000.0
437,2021-10-17 07:20:35,25000.0,1000.0,3874900.0
438,2021-10-17 07:20:35,25000.0,200.0,3873900.0
439,2021-10-17 07:20:35,25000.0,200.0,3873700.0
440,2021-10-17 07:20:35,25000.0,1000.0,3873500.0
441,2021-10-17 07:20:35,25000.0,200.0,3872500.0
442,2021-10-17 07:20:35,25000.0,200.0,3872300.0
443,2021-10-17 07:20:35,25000.0,700.0,3872100.0
444,2021-10-17 07:20:35,25000.0,1000.0,3871400.0
445,2021-10-17 07:20:35,25000.0,200.0,3870400.0
446,2021-10-17 07:20:35,25000.0,200.0,3870200.0
447,2021-10-17 07:20:34,25000.0,2000.0,3870000.0
448,2021-10-17 07:20:34,25000.0,2800.0,3868000.0
449,2021-10-17 07:20:34,25000.0,100.0,3865200.0
450,2021-10-17 07:20:34,25000.0,200.0,3865100.0
451,2021-10-17 07:20:34,25000.0,1000.0,3864900.0
452,2021-10-17 07:20:34,25000.0,2000.0,3863900.0
453,2021-10-17 07:20:34,25000.0,200.0,3861900.0
454,2021-10-17 07:20:34,25000.0,300.0,3861700.0
455,2021-10-17 07:20:34,25000.0,400.0,3861400.0
456,2021-10-17 07:20:33,25000.0,2000.0,3861000.0
457,2021-10-17 07:20:33,25000.0,1000.0,3859000.0
458,2021-10-17 07:20:33,25000.0,1000.0,3858000.0
459,2021-10-17 07:20:29,25000.0,600.0,3857000.0
460,2021-10-17 07:20:29,25000.0,1000.0,3856400.0
461,2021-10-17 07:20:29,25000.0,48400.0,3855400.0
462,2021-10-17 07:20:29,25000.0,12000.0,3807000.0
463,2021-10-17 07:20:27,25000.0,15700.0,3795000.0
464,2021-10-17 07:20:23,25000.0,5000.0,3779300.0
465,2021-10-17 07:20:20,25000.0,18900.0,3774300.0
466,2021-10-17 07:20:20,25000.0,500.0,3755400.0
467,2021-10-17 07:20:20,25000.0,5000.0,3754900.0
468,2021-10-17 07:20:20,25000.0,200.0,3749900.0
469,2021-10-17 07:20:20,25000.0,200.0,3749700.0
470,2021-10-17 07:20:20,25000.0,500.0,3749500.0
471,2021-10-17 07:20:20,25000.0,1000.0,3749000.0
472,2021-10-17 07:20:20,25000.0,1000.0,3748000.0
473,2021-10-17 07:20:20,25000.0,800.0,3747000.0
474,2021-10-17 07:20:20,25000.0,300.0,3746200.0
475,2021-10-17 07:20:20,25000.0,2000.0,3745900.0
476,2021-10-17 07:20:20,25000.0,2000.0,3743900.0
477,2021-10-17 07:20:20,25000.0,300.0,3741900.0
478,2021-10-17 07:20:20,25000.0,1000.0,3741600.0
479,2021-10-17 07:20:20,25000.0,1000.0,3740600.0
480,2021-10-17 07:20:20,25000.0,1000.0,3739600.0
481,2021-10-17 07:20:20,25000.0,2000.0,3738600.0
482,2021-10-17 07:20:20,25000.0,100.0,3736600.0
483,2021-10-17 07:20:20,25000.0,300.0,3736500.0
484,2021-10-17 07:20:20,25000.0,100.0,3736200.0
485,2021-10-17 07:20:20,25000.0,100.0,3736100.0
486,2021-10-17 07:20:20,25000.0,100.0,3736000.0
487,2021-10-17 07:20:20,25000.0,700.0,3735900.0
488,2021-10-17 07:20:20,25000.0,200.0,3735200.0
489,2021-10-17 07:20:20,25000.0,500.0,3735000.0
490,2021-10-17 07:20:20,25000.0,100.0,3734500.0
491,2021-10-17 07:20:20,25000.0,100.0,3734400.0
492,2021-10-17 07:20:20,25000.0,900.0,3734300.0
493,2021-10-17 07:20:20,25000.0,2000.0,3733400.0
494,2021-10-17 07:20:20,25000.0,1000.0,3731400.0
495,2021-10-17 07:20:20,25000.0,400.0,3730400.0
496,2021-10-17 07:20:20,25000.0,100.0,3730000.0
497,2021-10-17 07:20:20,25000.0,100.0,3729900.0
498,2021-10-17 07:20:20,25000.0,1000.0,3729800.0
499,2021-10-17 07:20:20,25000.0,2000.0,3728800.0
500,2021-10-17 07:20:20,25000.0,1000.0,3726800.0
501,2021-10-17 07:20:20,25000.0,500.0,3725800.0
502,2021-10-17 07:20:20,25000.0,100.0,3725300.0
503,2021-10-17 07:20:20,25000.0,300.0,3725200.0
504,2021-10-17 07:20:20,25000.0,100.0,3724900.0
505,2021-10-17 07:20:20,25000.0,500.0,3724800.0
506,2021-10-17 07:20:16,25000.0,200.0,3724300.0
507,2021-10-17 07:20:16,25000.0,200.0,3724100.0
508,2021-10-17 07:20:16,25000.0,100.0,3723900.0
509,2021-10-17 07:20:16,25000.0,400.0,3723800.0
510,2021-10-17 07:20:16,25000.0,200.0,3723400.0
511,2021-10-17 07:20:16,25000.0,700.0,3723200.0
512,2021-10-17 07:20:16,25000.0,1000.0,3722500.0
513,2021-10-17 07:20:16,25000.0,1000.0,3721500.0
514,2021-10-17 07:20:16,25000.0,100.0,3720500.0
515,2021-10-17 07:20:16,25000.0,100.0,3720400.0
516,2021-10-17 07:20:16,25000.0,3000.0,3720300.0
517,2021-10-17 07:20:16,25000.0,100.0,3717300.0
518,2021-10-17 07:20:16,25000.0,200.0,3717200.0
519,2021-10-17 07:20:16,25000.0,100.0,3717000.0
520,2021-10-17 07:20:16,25000.0,3000.0,3716900.0
521,2021-10-17 07:20:16,25000.0,200.0,3713900.0
522,2021-10-17 07:20:16,25000.0,100.0,3713700.0
523,2021-10-17 07:20:16,25000.0,1000.0,3713600.0
524,2021-10-17 07:20:16,25000.0,2000.0,3712600.0
525,2021-10-17 07:20:16,25000.0,200.0,3710600.0
526,2021-10-17 07:20:16,25000.0,1000.0,3710400.0
527,2021-10-17 07:20:16,25000.0,100.0,3709400.0
528,2021-10-17 07:20:09,25050.0,2000.0,3709300.0
529,2021-10-17 07:20:09,25000.0,500.0,3707300.0
530,2021-10-17 07:20:09,25000.0,100.0,3706800.0
531,2021-10-17 07:20:09,25000.0,500.0,3706700.0
532,2021-10-17 07:20:09,25000.0,100.0,3706200.0
533,2021-10-17 07:20:09,25000.0,500.0,3706100.0
534,2021-10-17 07:20:08,25000.0,1000.0,3705600.0
535,2021-10-17 07:20:08,25000.0,500.0,3704600.0
536,2021-10-17 07:20:08,25000.0,1000.0,3704100.0
537,2021-10-17 07:20:08,25000.0,500.0,3703100.0
538,2021-10-17 07:20:08,25000.0,100.0,3702600.0
539,2021-10-17 07:20:08,25000.0,500.0,3702500.0
540,2021-10-17 07:20:08,25000.0,600.0,3702000.0
541,2021-10-17 07:20:08,25000.0,500.0,3701400.0
542,2021-10-17 07:20:08,25000.0,500.0,3700900.0
543,2021-10-17 07:20:08,25000.0,500.0,3700400.0
544,2021-10-17 07:20:08,25000.0,8300.0,3699900.0
545,2021-10-17 07:20:07,25000.0,1000.0,3691600.0
546,2021-10-17 07:20:05,25000.0,200.0,3690600.0
547,2021-10-17 07:20:05,25000.0,500.0,3690400.0
548,2021-10-17 07:19:59,25000.0,800.0,3689900.0
549,2021-10-17 07:19:59,25000.0,200.0,3689100.0
550,2021-10-17 07:19:59,25000.0,200.0,3688900.0
551,2021-10-17 07:19:59,25000.0,100.0,3688700.0
552,2021-10-17 07:19:59,25000.0,200.0,3688600.0
553,2021-10-17 07:19:59,25000.0,1000.0,3688400.0
554,2021-10-17 07:19:59,25000.0,300.0,3687400.0
555,2021-10-17 07:19:58,25000.0,200.0,3687100.0
556,2021-10-17 07:19:58,25000.0,200.0,3686900.0
557,2021-10-17 07:19:58,25000.0,500.0,3686700.0
558,2021-10-17 07:19:58,25000.0,1000.0,3686200.0
559,2021-10-17 07:19:58,25000.0,1000.0,3685200.0
560,2021-10-17 07:19:58,25000.0,100.0,3684200.0
561,2021-10-17 07:19:58,25000.0,3800.0,3684100.0
562,2021-10-17 07:19:56,25000.0,500.0,3680300.0
563,2021-10-17 07:19:54,25000.0,2000.0,3679800.0
564,2021-10-17 07:19:52,25000.0,500.0,3677800.0
565,2021-10-17 07:19:52,25000.0,3200.0,3677300.0
566,2021-10-17 07:19:52,25000.0,100.0,3674100.0
567,2021-10-17 07:19:52,25000.0,500.0,3674000.0
568,2021-10-17 07:19:52,25000.0,1000.0,3673500.0
569,2021-10-17 07:19:52,25000.0,2200.0,3672500.0
570,2021-10-17 07:19:50,25000.0,100.0,3670300.0
571,2021-10-17 07:19:42,25050.0,300.0,3670200.0
572,2021-10-17 07:19:40,25000.0,500.0,3669900.0
573,2021-10-17 07:19:37,25000.0,2000.0,3669400.0
574,2021-10-17 07:19:36,25000.0,200.0,3667400.0
575,2021-10-17 07:19:36,25000.0,100.0,3667200.0
576,2021-10-17 07:19:35,25050.0,3000.0,3667100.0
577,2021-10-17 07:19:25,25050.0,100.0,3664100.0
578,2021-10-17 07:19:25,25050.0,2000.0,3664000.0
579,2021-10-17 07:19:19,25050.0,500.0,3662000.0
580,2021-10-17 07:19:19,25050.0,2000.0,3661500.0
581,2021-10-17 07:19:19,25050.0,5000.0,3659500.0
582,2021-10-17 07:19:19,25050.0,100.0,3654500.0
583,2021-10-17 07:19:19,25050.0,500.0,3654400.0
584,2021-10-17 07:19:19,25050.0,1000.0,3653900.0
585,2021-10-17 07:19:19,25050.0,1000.0,3652900.0
586,2021-10-17 07:19:19,25050.0,100.0,3651900.0
587,2021-10-17 07:19:19,25050.0,200.0,3651800.0
588,2021-10-17 07:19:19,25050.0,1000.0,3651600.0
589,2021-10-17 07:19:19,25050.0,600.0,3650600.0
590,2021-10-17 07:19:19,25050.0,300.0,3650000.0
591,2021-10-17 07:19:16,25100.0,1000.0,3649700.0
592,2021-10-17 07:19:11,25050.0,300.0,3648700.0
593,2021-10-17 07:19:11,25050.0,300.0,3648400.0
594,2021-10-17 07:19:10,25050.0,4000.0,3648100.0
595,2021-10-17 07:19:09,25100.0,100.0,3644100.0
596,2021-10-17 07:19:09,25100.0,100.0,3644000.0
597,2021-10-17 07:19:09,25100.0,100.0,3643900.0
598,2021-10-17 07:19:09,25100.0,500.0,3643800.0
599,2021-10-17 07:19:09,25100.0,700.0,3643300.0
600,2021-10-17 07:19:09,25100.0,2600.0,3642600.0
601,2021-10-17 07:19:09,25100.0,7800.0,3640000.0
602,2021-10-17 07:19:06,25100.0,2200.0,3632200.0
603,2021-10-17 07:19:06,25100.0,500.0,3630000.0
604,2021-10-17 07:19:06,25100.0,1000.0,3629500.0
605,2021-10-17 07:19:06,25100.0,600.0,3628500.0
606,2021-10-17 07:19:06,25100.0,700.0,3627900.0
607,2021-10-17 07:19:06,25100.0,200.0,3627200.0
608,2021-10-17 07:19:02,25100.0,1100.0,3627000.0
609,2021-10-17 07:19:02,25100.0,2700.0,3625900.0
610,2021-10-17 07:19:02,25100.0,800.0,3623200.0
611,2021-10-17 07:19:02,25100.0,1000.0,3622400.0
612,2021-10-17 07:19:02,25100.0,400.0,3621400.0
613,2021-10-17 07:19:02,25100.0,1000.0,3621000.0
614,2021-10-17 07:19:02,25100.0,1000.0,3620000.0
615,2021-10-17 07:19:02,25100.0,100.0,3619000.0
616,2021-10-17 07:19:02,25100.0,300.0,3618900.0
617,2021-10-17 07:19:02,25100.0,1000.0,3618600.0
618,2021-10-17 07:19:02,25100.0,100.0,3617600.0
619,2021-10-17 07:19:02,25100.0,500.0,3617500.0
620,2021-10-17 07:19:02,25100.0,2500.0,3617000.0
621,2021-10-17 07:19:02,25100.0,1000.0,3614500.0
622,2021-10-17 07:19:02,25100.0,500.0,3613500.0
623,2021-10-17 07:19:02,25100.0,3000.0,3613000.0
624,2021-10-17 07:19:02,25100.0,600.0,3610000.0
625,2021-10-17 07:19:02,25100.0,100.0,3609400.0
626,2021-10-17 07:19:02,25100.0,1200.0,3609300.0
627,2021-10-17 07:19:02,25100.0,100.0,3608100.0
628,2021-10-17 07:19:02,25100.0,300.0,3608000.0
629,2021-10-17 07:19:02,25100.0,1000.0,3607700.0
630,2021-10-17 07:19:02,25100.0,500.0,3606700.0
631,2021-10-17 07:19:02,25100.0,1400.0,3606200.0
632,2021-10-17 07:19:02,25100.0,5000.0,3604800.0
633,2021-10-17 07:19:00,25100.0,3900.0,3599800.0
634,2021-10-17 07:19:00,25100.0,1000.0,3595900.0
635,2021-10-17 07:18:58,25100.0,400.0,3594900.0
636,2021-10-17 07:18:58,25100.0,51900.0,3594500.0
637,2021-10-17 07:18:56,25100.0,23400.0,3542600.0
638,2021-10-17 07:18:53,25100.0,17000.0,3519200.0
639,2021-10-17 07:18:51,25100.0,500.0,3502200.0
640,2021-10-17 07:18:50,25100.0,1000.0,3501700.0
641,2021-10-17 07:18:47,25100.0,5000.0,3500700.0
642,2021-10-17 07:18:46,25100.0,500.0,3495700.0
643,2021-10-17 07:18:45,25100.0,200.0,3495200.0
644,2021-10-17 07:18:43,25100.0,2000.0,3495000.0
645,2021-10-17 07:18:42,25100.0,700.0,3493000.0
646,2021-10-17 07:18:40,25100.0,6100.0,3492300.0
647,2021-10-17 07:18:40,25100.0,100.0,3486200.0
648,2021-10-17 07:18:40,25100.0,500.0,3486100.0
649,2021-10-17 07:18:40,25100.0,500.0,3485600.0
650,2021-10-17 07:18:40,25100.0,2000.0,3485100.0
651,2021-10-17 07:18:40,25100.0,100.0,3483100.0
652,2021-10-17 07:18:40,25100.0,500.0,3483000.0
653,2021-10-17 07:18:40,25100.0,100.0,3482500.0
654,2021-10-17 07:18:40,25100.0,200.0,3482400.0
655,2021-10-17 07:18:40,25100.0,2000.0,3482200.0
656,2021-10-17 07:18:40,25100.0,200.0,3480200.0
657,2021-10-17 07:18:40,25100.0,400.0,3480000.0
658,2021-10-17 07:18:40,25100.0,2000.0,3479600.0
659,2021-10-17 07:18:36,25100.0,20000.0,3477600.0
660,2021-10-17 07:18:36,25100.0,500.0,3457600.0
661,2021-10-17 07:18:35,25100.0,200.0,3457100.0
662,2021-10-17 07:18:27,25100.0,1000.0,3456900.0
663,2021-10-17 07:18:24,25150.0,1100.0,3455900.0
664,2021-10-17 07:18:24,25150.0,1700.0,3454800.0
665,2021-10-17 07:18:24,25100.0,3000.0,3453100.0
666,2021-10-17 07:18:17,25100.0,600.0,3450100.0
667,2021-10-17 07:18:14,25100.0,2300.0,3449500.0
668,2021-10-17 07:18:14,25100.0,400.0,3447200.0
669,2021-10-17 07:18:11,25100.0,10000.0,3446800.0
670,2021-10-17 07:18:10,25100.0,300.0,3436800.0
671,2021-10-17 07:18:06,25100.0,500.0,3436500.0
672,2021-10-17 07:18:04,25100.0,1200.0,3436000.0
673,2021-10-17 07:18:03,25100.0,100.0,3434800.0
674,2021-10-17 07:17:57,25100.0,10000.0,3434700.0
675,2021-10-17 07:17:53,25100.0,2000.0,3424700.0
676,2021-10-17 07:17:50,25100.0,41900.0,3422700.0
677,2021-10-17 07:17:50,25100.0,1000.0,3380800.0
678,2021-10-17 07:17:46,25100.0,2000.0,3379800.0
679,2021-10-17 07:17:45,25100.0,600.0,3377800.0
680,2021-10-17 07:17:45,25100.0,500.0,3377200.0
681,2021-10-17 07:17:45,25100.0,1000.0,3376700.0
682,2021-10-17 07:17:45,25100.0,100.0,3375700.0
683,2021-10-17 07:17:45,25100.0,100.0,3375600.0
684,2021-10-17 07:17:45,25100.0,300.0,3375500.0
685,2021-10-17 07:17:45,25100.0,200.0,3375200.0
686,2021-10-17 07:17:45,25100.0,100.0,3375000.0
687,2021-10-17 07:17:45,25100.0,200.0,3374900.0
688,2021-10-17 07:17:45,25100.0,1900.0,3374700.0
689,2021-10-17 07:17:37,25100.0,1100.0,3372800.0
690,2021-10-17 07:17:37,25100.0,100.0,3371700.0
691,2021-10-17 07:17:37,25100.0,1000.0,3371600.0
692,2021-10-17 07:17:37,25100.0,800.0,3370600.0
693,2021-10-17 07:17:20,25150.0,500.0,3369800.0
694,2021-10-17 07:17:06,25150.0,1000.0,3369300.0
695,2021-10-17 07:17:05,25100.0,200.0,3368300.0
696,2021-10-17 07:17:03,25150.0,1800.0,3368100.0
697,2021-10-17 07:17:02,25150.0,100.0,3366300.0
698,2021-10-17 07:17:02,25150.0,100.0,3366200.0
699,2021-10-17 07:16:52,25150.0,100.0,3366100.0
700,2021-10-17 07:16:52,25150.0,3100.0,3366000.0
701,2021-10-17 07:16:50,25150.0,500.0,3362900.0
702,2021-10-17 07:16:35,25150.0,2000.0,3362400.0
703,2021-10-17 07:16:35,25150.0,1000.0,3360400.0
704,2021-10-17 07:16:35,25150.0,1200.0,3359400.0
705,2021-10-17 07:16:35,25150.0,2000.0,3358200.0
706,2021-10-17 07:16:35,25150.0,2000.0,3356200.0
707,2021-10-17 07:16:35,25150.0,600.0,3354200.0
708,2021-10-17 07:16:35,25150.0,200.0,3353600.0
709,2021-10-17 07:16:35,25150.0,14500.0,3353400.0
710,2021-10-17 07:16:35,25150.0,1200.0,3338900.0
711,2021-10-17 07:16:35,25150.0,800.0,3337700.0
712,2021-10-17 07:16:35,25150.0,900.0,3336900.0
713,2021-10-17 07:16:28,25100.0,100.0,3336000.0
714,2021-10-17 07:16:24,25100.0,1000.0,3335900.0
715,2021-10-17 07:16:23,25100.0,300.0,3334900.0
716,2021-10-17 07:16:23,25100.0,2600.0,3334600.0
717,2021-10-17 07:16:23,25100.0,500.0,3332000.0
718,2021-10-17 07:16:23,25100.0,200.0,3331500.0
719,2021-10-17 07:16:23,25100.0,100.0,3331300.0
720,2021-10-17 07:16:23,25100.0,200.0,3331200.0
721,2021-10-17 07:16:23,25100.0,500.0,3331000.0
722,2021-10-17 07:16:23,25100.0,100.0,3330500.0
723,2021-10-17 07:16:23,25100.0,1700.0,3330400.0
724,2021-10-17 07:16:13,25100.0,4000.0,3328700.0
725,2021-10-17 07:16:12,25150.0,200.0,3324700.0
726,2021-10-17 07:16:10,25100.0,1000.0,3324500.0
727,2021-10-17 07:16:03,25100.0,500.0,3323500.0
728,2021-10-17 07:16:01,25150.0,100.0,3323000.0
729,2021-10-17 07:15:45,25150.0,300.0,3322900.0
730,2021-10-17 07:15:32,25150.0,2000.0,3322600.0
731,2021-10-17 07:15:30,25150.0,500.0,3320600.0
732,2021-10-17 07:15:30,25150.0,4000.0,3320100.0
733,2021-10-17 07:15:30,25150.0,500.0,3316100.0
734,2021-10-17 07:15:27,25150.0,100.0,3315600.0
735,2021-10-17 07:15:27,25150.0,100.0,3315500.0
736,2021-10-17 07:15:17,25150.0,1000.0,3315400.0
737,2021-10-17 07:15:15,25150.0,2000.0,3314400.0
738,2021-10-17 07:15:13,25150.0,200.0,3312400.0
739,2021-10-17 07:15:10,25150.0,1100.0,3312200.0
740,2021-10-17 07:15:09,25150.0,1300.0,3311100.0
741,2021-10-17 07:15:02,25150.0,1200.0,3309800.0
742,2021-10-17 07:14:57,25150.0,15000.0,3308600.0
743,2021-10-17 07:14:50,25150.0,1400.0,3293600.0
744,2021-10-17 07:14:49,25150.0,2700.0,3292200.0
745,2021-10-17 07:14:49,25150.0,100.0,3289500.0
746,2021-10-17 07:14:49,25150.0,1900.0,3289400.0
747,2021-10-17 07:14:49,25150.0,1000.0,3287500.0
748,2021-10-17 07:14:49,25150.0,300.0,3286500.0
749,2021-10-17 07:14:49,25150.0,2700.0,3286200.0
750,2021-10-17 07:14:49,25150.0,500.0,3283500.0
751,2021-10-17 07:14:49,25150.0,500.0,3283000.0
752,2021-10-17 07:14:49,25150.0,1300.0,3282500.0
753,2021-10-17 07:14:49,25150.0,1000.0,3281200.0
754,2021-10-17 07:14:49,25150.0,100.0,3280200.0
755,2021-10-17 07:14:49,25150.0,4000.0,3280100.0
756,2021-10-17 07:14:49,25150.0,3000.0,3276100.0
757,2021-10-17 07:14:49,25150.0,50000.0,3273100.0
758,2021-10-17 07:14:49,25150.0,2700.0,3223100.0
759,2021-10-17 07:14:49,25150.0,100.0,3220400.0
760,2021-10-17 07:14:49,25150.0,10000.0,3220300.0
761,2021-10-17 07:14:49,25150.0,100.0,3210300.0
762,2021-10-17 07:14:49,25150.0,2000.0,3210200.0
763,2021-10-17 07:14:42,25200.0,10000.0,3208200.0
764,2021-10-17 07:14:28,25150.0,500.0,3198200.0
765,2021-10-17 07:14:16,25150.0,1600.0,3197700.0
766,2021-10-17 07:14:01,25150.0,2000.0,3196100.0
767,2021-10-17 07:13:58,25150.0,3000.0,3194100.0
768,2021-10-17 07:13:55,25150.0,900.0,3191100.0
769,2021-10-17 07:13:55,25150.0,100.0,3190200.0
770,2021-10-17 07:13:55,25150.0,400.0,3190100.0
771,2021-10-17 07:13:55,25150.0,300.0,3189700.0
772,2021-10-17 07:13:55,25150.0,3300.0,3189400.0
773,2021-10-17 07:13:55,25150.0,1000.0,3186100.0
774,2021-10-17 07:13:43,25150.0,400.0,3185100.0
775,2021-10-17 07:13:25,25200.0,2700.0,3184700.0
776,2021-10-17 07:13:14,25200.0,500.0,3182000.0
777,2021-10-17 07:12:36,25150.0,300.0,3181500.0
778,2021-10-17 07:12:36,25150.0,6700.0,3181200.0
779,2021-10-17 07:12:28,25150.0,100.0,3174500.0
780,2021-10-17 07:12:13,25150.0,200.0,3174400.0
781,2021-10-17 07:12:03,25200.0,1000.0,3174200.0
782,2021-10-17 07:12:03,25200.0,7500.0,3173200.0
783,2021-10-17 07:11:56,25200.0,800.0,3165700.0
784,2021-10-17 07:11:53,25200.0,1700.0,3164900.0
785,2021-10-17 07:11:45,25200.0,1000.0,3163200.0
786,2021-10-17 07:11:33,25200.0,200.0,3162200.0
787,2021-10-17 07:11:33,25200.0,800.0,3162000.0
788,2021-10-17 07:11:30,25200.0,200.0,3161200.0
789,2021-10-17 07:11:30,25200.0,400.0,3161000.0
790,2021-10-17 07:11:29,25200.0,600.0,3160600.0
791,2021-10-17 07:11:29,25200.0,1000.0,3160000.0
792,2021-10-17 07:11:29,25200.0,500.0,3159000.0
793,2021-10-17 07:11:29,25200.0,400.0,3158500.0
794,2021-10-17 07:11:29,25200.0,1000.0,3158100.0
795,2021-10-17 07:11:29,25200.0,2000.0,3157100.0
796,2021-10-17 07:11:29,25200.0,500.0,3155100.0
797,2021-10-17 07:11:29,25200.0,700.0,3154600.0
798,2021-10-17 07:11:29,25200.0,1000.0,3153900.0
799,2021-10-17 07:11:29,25200.0,300.0,3152900.0
800,2021-10-17 07:11:29,25200.0,700.0,3152600.0
801,2021-10-17 07:11:29,25200.0,1300.0,3151900.0
802,2021-10-17 07:11:27,25200.0,3000.0,3150600.0
803,2021-10-17 07:11:23,25200.0,10000.0,3147600.0
804,2021-10-17 07:11:18,25150.0,2000.0,3137600.0
805,2021-10-17 07:11:14,25200.0,2000.0,3135600.0
806,2021-10-17 07:10:59,25200.0,500.0,3133600.0
807,2021-10-17 07:10:30,25200.0,300.0,3133100.0
808,2021-10-17 07:10:29,25150.0,1000.0,3132800.0
809,2021-10-17 07:10:29,25150.0,100.0,3131800.0
810,2021-10-17 07:10:29,25150.0,400.0,3131700.0
811,2021-10-17 07:10:29,25150.0,500.0,3131300.0
812,2021-10-17 07:10:29,25150.0,2000.0,3130800.0
813,2021-10-17 07:10:29,25150.0,1000.0,3128800.0
814,2021-10-17 07:10:20,25150.0,800.0,3127800.0
815,2021-10-17 07:10:16,25150.0,100.0,3127000.0
816,2021-10-17 07:10:02,25150.0,5000.0,3126900.0
817,2021-10-17 07:09:53,25150.0,500.0,3121900.0
818,2021-10-17 07:09:50,25200.0,100.0,3121400.0
819,2021-10-17 07:09:45,25150.0,2000.0,3121300.0
820,2021-10-17 07:09:35,25200.0,8100.0,3119300.0
821,2021-10-17 07:09:35,25150.0,1000.0,3111200.0
822,2021-10-17 07:09:35,25150.0,900.0,3110200.0
823,2021-10-17 07:09:35,25150.0,1500.0,3109300.0
824,2021-10-17 07:09:35,25150.0,500.0,3107800.0
825,2021-10-17 07:09:35,25150.0,2600.0,3107300.0
826,2021-10-17 07:09:34,25150.0,100.0,3104700.0
827,2021-10-17 07:09:33,25100.0,2800.0,3104600.0
828,2021-10-17 07:09:33,25100.0,100.0,3101800.0
829,2021-10-17 07:09:33,25100.0,5000.0,3101700.0
830,2021-10-17 07:09:33,25100.0,2000.0,3096700.0
831,2021-10-17 07:09:33,25100.0,100.0,3094700.0
832,2021-10-17 07:09:33,25150.0,5000.0,3094600.0
833,2021-10-17 07:09:30,25150.0,200.0,3089600.0
834,2021-10-17 07:09:30,25150.0,200.0,3089400.0
835,2021-10-17 07:09:28,25150.0,2000.0,3089200.0
836,2021-10-17 07:09:13,25150.0,100.0,3087200.0
837,2021-10-17 07:09:13,25150.0,1000.0,3087100.0
838,2021-10-17 07:09:13,25150.0,1800.0,3086100.0
839,2021-10-17 07:09:06,25150.0,3200.0,3084300.0
840,2021-10-17 07:09:06,25150.0,100.0,3081100.0
841,2021-10-17 07:09:06,25150.0,100.0,3081000.0
842,2021-10-17 07:09:06,25150.0,16600.0,3080900.0
843,2021-10-17 07:09:00,25150.0,200.0,3064300.0
844,2021-10-17 07:08:56,25150.0,10000.0,3064100.0
845,2021-10-17 07:08:55,25200.0,200.0,3054100.0
846,2021-10-17 07:08:43,25150.0,3200.0,3053900.0
847,2021-10-17 07:08:43,25150.0,100.0,3050700.0
848,2021-10-17 07:08:43,25150.0,100.0,3050600.0
849,2021-10-17 07:08:43,25150.0,600.0,3050500.0
850,2021-10-17 07:08:40,25200.0,400.0,3049900.0
851,2021-10-17 07:08:34,25150.0,9200.0,3049500.0
852,2021-10-17 07:08:34,25150.0,300.0,3040300.0
853,2021-10-17 07:08:34,25150.0,1000.0,3040000.0
854,2021-10-17 07:08:34,25150.0,100.0,3039000.0
855,2021-10-17 07:08:34,25150.0,100.0,3038900.0
856,2021-10-17 07:08:34,25150.0,1000.0,3038800.0
857,2021-10-17 07:08:34,25150.0,200.0,3037800.0
858,2021-10-17 07:08:34,25150.0,400.0,3037600.0
859,2021-10-17 07:08:34,25150.0,500.0,3037200.0
860,2021-10-17 07:08:34,25150.0,400.0,3036700.0
861,2021-10-17 07:08:34,25150.0,100.0,3036300.0
862,2021-10-17 07:08:34,25150.0,500.0,3036200.0
863,2021-10-17 07:08:34,25150.0,16200.0,3035700.0
864,2021-10-17 07:08:32,25150.0,33800.0,3019500.0
865,2021-10-17 07:08:32,25150.0,100.0,2985700.0
866,2021-10-17 07:08:32,25150.0,1000.0,2985600.0
867,2021-10-17 07:08:32,25150.0,100.0,2984600.0
868,2021-10-17 07:08:32,25150.0,100.0,2984500.0
869,2021-10-17 07:08:32,25150.0,1000.0,2984400.0
870,2021-10-17 07:08:32,25150.0,200.0,2983400.0
871,2021-10-17 07:08:32,25150.0,500.0,2983200.0
872,2021-10-17 07:08:32,25150.0,500.0,2982700.0
873,2021-10-17 07:08:32,25150.0,1000.0,2982200.0
874,2021-10-17 07:08:32,25150.0,200.0,2981200.0
875,2021-10-17 07:08:32,25150.0,500.0,2981000.0
876,2021-10-17 07:08:32,25150.0,1000.0,2980500.0
877,2021-10-17 07:08:32,25150.0,1000.0,2979500.0
878,2021-10-17 07:08:32,25150.0,200.0,2978500.0
879,2021-10-17 07:08:32,25150.0,100.0,2978300.0
880,2021-10-17 07:08:32,25150.0,100.0,2978200.0
881,2021-10-17 07:08:32,25150.0,1000.0,2978100.0
882,2021-10-17 07:08:32,25150.0,1000.0,2977100.0
883,2021-10-17 07:08:32,25150.0,100.0,2976100.0
884,2021-10-17 07:08:32,25150.0,500.0,2976000.0
885,2021-10-17 07:08:32,25150.0,1000.0,2975500.0
886,2021-10-17 07:08:32,25150.0,1500.0,2974500.0
887,2021-10-17 07:08:27,25200.0,400.0,2973000.0
888,2021-10-17 07:08:21,25150.0,7300.0,2972600.0
889,2021-10-17 07:08:19,25200.0,1000.0,2965300.0
890,2021-10-17 07:08:15,25150.0,1800.0,2964300.0
891,2021-10-17 07:08:10,25200.0,500.0,2962500.0
892,2021-10-17 07:08:07,25150.0,2100.0,2962000.0
893,2021-10-17 07:07:51,25200.0,500.0,2959900.0
894,2021-10-17 07:07:51,25200.0,2700.0,2959400.0
895,2021-10-17 07:07:51,25200.0,10000.0,2956700.0
896,2021-10-17 07:07:51,25200.0,100.0,2946700.0
897,2021-10-17 07:07:51,25200.0,200.0,2946600.0
898,2021-10-17 07:07:51,25200.0,1000.0,2946400.0
899,2021-10-17 07:07:51,25200.0,300.0,2945400.0
900,2021-10-17 07:07:51,25200.0,500.0,2945100.0
901,2021-10-17 07:07:51,25200.0,1000.0,2944600.0
902,2021-10-17 07:07:51,25200.0,200.0,2943600.0
903,2021-10-17 07:07:51,25200.0,200.0,2943400.0
904,2021-10-17 07:07:51,25200.0,1000.0,2943200.0
905,2021-10-17 07:07:51,25200.0,1000.0,2942200.0
906,2021-10-17 07:07:51,25200.0,1800.0,2941200.0
907,2021-10-17 07:07:51,25200.0,100.0,2939400.0
908,2021-10-17 07:07:51,25200.0,500.0,2939300.0
909,2021-10-17 07:07:51,25200.0,3100.0,2938800.0
910,2021-10-17 07:07:51,25200.0,500.0,2935700.0
911,2021-10-17 07:07:51,25200.0,800.0,2935200.0
912,2021-10-17 07:07:51,25200.0,100.0,2934400.0
913,2021-10-17 07:07:51,25200.0,200.0,2934300.0
914,2021-10-17 07:07:51,25200.0,2000.0,2934100.0
915,2021-10-17 07:07:51,25200.0,400.0,2932100.0
916,2021-10-17 07:07:51,25200.0,100.0,2931700.0
917,2021-10-17 07:07:51,25200.0,200.0,2931600.0
918,2021-10-17 07:07:51,25200.0,1000.0,2931400.0
919,2021-10-17 07:07:51,25200.0,2000.0,2930400.0
920,2021-10-17 07:07:51,25200.0,1000.0,2928400.0
921,2021-10-17 07:07:51,25200.0,200.0,2927400.0
922,2021-10-17 07:07:51,25200.0,6000.0,2927200.0
923,2021-10-17 07:07:51,25200.0,2700.0,2921200.0
924,2021-10-17 07:07:51,25200.0,2500.0,2918500.0
925,2021-10-17 07:07:51,25200.0,2000.0,2916000.0
926,2021-10-17 07:07:51,25200.0,4000.0,2914000.0
927,2021-10-17 07:07:51,25200.0,1000.0,2910000.0
928,2021-10-17 07:07:51,25200.0,2000.0,2909000.0
929,2021-10-17 07:07:51,25200.0,2000.0,2907000.0
930,2021-10-17 07:07:51,25200.0,200.0,2905000.0
931,2021-10-17 07:07:51,25200.0,500.0,2904800.0
932,2021-10-17 07:07:51,25200.0,800.0,2904300.0
933,2021-10-17 07:07:51,25200.0,2700.0,2903500.0
934,2021-10-17 07:07:51,25200.0,13100.0,2900800.0
935,2021-10-17 07:07:42,25200.0,2900.0,2887700.0
936,2021-10-17 07:07:42,25200.0,500.0,2884800.0
937,2021-10-17 07:07:42,25200.0,200.0,2884300.0
938,2021-10-17 07:07:42,25200.0,900.0,2884100.0
939,2021-10-17 07:07:40,25200.0,400.0,2883200.0
940,2021-10-17 07:07:36,25250.0,3000.0,2882800.0
941,2021-10-17 07:07:33,25200.0,100.0,2879800.0
942,2021-10-17 07:07:20,25200.0,1000.0,2879700.0
943,2021-10-17 07:07:20,25250.0,500.0,2878700.0
944,2021-10-17 07:07:20,25250.0,4500.0,2878200.0
945,2021-10-17 07:07:19,25200.0,300.0,2873700.0
946,2021-10-17 07:07:19,25200.0,1500.0,2873400.0
947,2021-10-17 07:06:45,25250.0,200.0,2871900.0
948,2021-10-17 07:06:44,25250.0,200.0,2871700.0
949,2021-10-17 07:06:44,25250.0,1000.0,2871500.0
950,2021-10-17 07:06:44,25250.0,100.0,2870500.0
951,2021-10-17 07:06:44,25250.0,200.0,2870400.0
952,2021-10-17 07:06:44,25250.0,2600.0,2870200.0
953,2021-10-17 07:06:44,25250.0,500.0,2867600.0
954,2021-10-17 07:06:44,25250.0,2700.0,2867100.0
955,2021-10-17 07:06:44,25250.0,8000.0,2864400.0
956,2021-10-17 07:06:43,25250.0,200.0,2856400.0
957,2021-10-17 07:06:21,25250.0,1800.0,2856200.0
958,2021-10-17 07:06:21,25250.0,800.0,2854400.0
959,2021-10-17 07:05:56,25250.0,4000.0,2853600.0
960,2021-10-17 07:05:49,25250.0,5200.0,2849600.0
961,2021-10-17 07:05:49,25250.0,2700.0,2844400.0
962,2021-10-17 07:05:49,25250.0,100.0,2841700.0
963,2021-10-17 07:05:49,25250.0,2000.0,2841600.0
964,2021-10-17 07:05:49,25250.0,100.0,2839600.0
965,2021-10-17 07:05:49,25250.0,2700.0,2839500.0
966,2021-10-17 07:05:49,25250.0,37200.0,2836800.0
967,2021-10-17 07:05:46,25300.0,100.0,2799600.0
968,2021-10-17 07:05:45,25250.0,12800.0,2799500.0
969,2021-10-17 07:05:45,25250.0,2200.0,2786700.0
970,2021-10-17 07:05:14,25300.0,1000.0,2784500.0
971,2021-10-17 07:05:09,25300.0,400.0,2783500.0
972,2021-10-17 07:05:00,25250.0,100.0,2783100.0
973,2021-10-17 07:04:39,25300.0,2700.0,2783000.0
974,2021-10-17 07:04:39,25300.0,500.0,2780300.0
975,2021-10-17 07:04:39,25300.0,500.0,2779800.0
976,2021-10-17 07:04:39,25300.0,500.0,2779300.0
977,2021-10-17 07:04:39,25300.0,500.0,2778800.0
978,2021-10-17 07:04:39,25300.0,300.0,2778300.0
979,2021-10-17 07:03:10,25300.0,400.0,2778000.0
980,2021-10-17 07:02:57,25250.0,3700.0,2777600.0
981,2021-10-17 07:02:57,25250.0,300.0,2773900.0
982,2021-10-17 07:02:55,25250.0,200.0,2773600.0
983,2021-10-17 07:02:55,25250.0,200.0,2773400.0
984,2021-10-17 07:02:55,25250.0,100.0,2773200.0
985,2021-10-17 07:02:55,25250.0,500.0,2773100.0
986,2021-10-17 07:02:52,25250.0,2200.0,2772600.0
987,2021-10-17 07:02:52,25250.0,200.0,2770400.0
988,2021-10-17 07:02:11,25250.0,500.0,2770200.0
989,2021-10-17 07:01:20,25250.0,100.0,2769700.0
990,2021-10-17 07:01:17,25300.0,1300.0,2769600.0
991,2021-10-17 07:01:17,25300.0,700.0,2768300.0
992,2021-10-17 07:01:11,25250.0,3200.0,2767600.0
993,2021-10-17 07:01:11,25250.0,100.0,2764400.0
994,2021-10-17 07:01:11,25250.0,5000.0,2764300.0
995,2021-10-17 07:01:11,25250.0,2700.0,2759300.0
996,2021-10-17 07:01:11,25250.0,2600.0,2756600.0
997,2021-10-17 07:01:11,25250.0,5000.0,2754000.0
998,2021-10-17 07:01:11,25250.0,500.0,2749000.0
999,2021-10-17 07:01:11,25250.0,500.0,2748500.0
1000,2021-10-17 07:01:11,25250.0,400.0,2748000.0
1001,2021-10-17 07:00:55,25250.0,300.0,2747600.0
1002,2021-10-17 07:00:44,25300.0,500.0,2747300.0
1003,2021-10-17 06:59:57,25250.0,1000.0,2746800.0
1004,2021-10-17 06:59:13,25250.0,300.0,2745800.0
1005,2021-10-17 06:59:13,25250.0,200.0,2745500.0
1006,2021-10-17 06:58:43,25250.0,2000.0,2745300.0
1007,2021-10-17 06:58:29,25250.0,500.0,2743300.0
1008,2021-10-17 06:58:29,25250.0,500.0,2742800.0
1009,2021-10-17 06:58:20,25300.0,1000.0,2742300.0
1010,2021-10-17 06:58:14,25250.0,100.0,2741300.0
1011,2021-10-17 06:58:09,25250.0,400.0,2741200.0
1012,2021-10-17 06:57:35,25250.0,2000.0,2740800.0
1013,2021-10-17 06:57:32,25300.0,1800.0,2738800.0
1014,2021-10-17 06:57:32,25300.0,1000.0,2737000.0
1015,2021-10-17 06:57:32,25300.0,600.0,2736000.0
1016,2021-10-17 06:57:32,25300.0,100.0,2735400.0
1017,2021-10-17 06:57:32,25300.0,2200.0,2735300.0
1018,2021-10-17 06:57:32,25300.0,100.0,2733100.0
1019,2021-10-17 06:57:32,25300.0,500.0,2733000.0
1020,2021-10-17 06:57:32,25300.0,200.0,2732500.0
1021,2021-10-17 06:57:32,25300.0,100.0,2732300.0
1022,2021-10-17 06:57:32,25300.0,500.0,2732200.0
1023,2021-10-17 06:57:32,25300.0,4100.0,2731700.0
1024,2021-10-17 06:57:32,25300.0,1800.0,2727600.0
1025,2021-10-17 06:57:32,25300.0,500.0,2725800.0
1026,2021-10-17 06:57:32,25300.0,8500.0,2725300.0
1027,2021-10-17 06:57:32,25300.0,2000.0,2716800.0
1028,2021-10-17 06:57:32,25300.0,500.0,2714800.0
1029,2021-10-17 06:57:32,25300.0,10000.0,2714300.0
1030,2021-10-17 06:57:32,25300.0,3600.0,2704300.0
1031,2021-10-17 06:57:32,25300.0,5000.0,2700700.0
1032,2021-10-17 06:57:32,25300.0,500.0,2695700.0
1033,2021-10-17 06:57:32,25300.0,500.0,2695200.0
1034,2021-10-17 06:57:32,25300.0,100.0,2694700.0
1035,2021-10-17 06:57:32,25300.0,5800.0,2694600.0
1036,2021-10-17 06:57:08,25250.0,600.0,2688800.0
1037,2021-10-17 06:56:49,25250.0,1000.0,2688200.0
1038,2021-10-17 06:56:46,25250.0,500.0,2687200.0
1039,2021-10-17 06:56:46,25250.0,500.0,2686700.0
1040,2021-10-17 06:56:46,25250.0,100.0,2686200.0
1041,2021-10-17 06:56:46,25250.0,5000.0,2686100.0
1042,2021-10-17 06:56:46,25250.0,1000.0,2681100.0
1043,2021-10-17 06:56:46,25250.0,400.0,2680100.0
1044,2021-10-17 06:56:46,25250.0,400.0,2679700.0
1045,2021-10-17 06:56:46,25250.0,100.0,2679300.0
1046,2021-10-17 06:56:46,25250.0,900.0,2679200.0
1047,2021-10-17 06:56:38,25250.0,100.0,2678300.0
1048,2021-10-17 06:56:25,25250.0,1000.0,2678200.0
1049,2021-10-17 06:56:25,25250.0,300.0,2677200.0
1050,2021-10-17 06:56:24,25200.0,500.0,2676900.0
1051,2021-10-17 06:56:09,25200.0,100.0,2676400.0
1052,2021-10-17 06:56:09,25200.0,100.0,2676300.0
1053,2021-10-17 06:56:09,25200.0,100.0,2676200.0
1054,2021-10-17 06:56:09,25200.0,100.0,2676100.0
1055,2021-10-17 06:56:09,25200.0,1000.0,2676000.0
1056,2021-10-17 06:56:09,25200.0,600.0,2675000.0
1057,2021-10-17 06:56:08,25200.0,300.0,2674400.0
1058,2021-10-17 06:56:05,25250.0,100.0,2674100.0
1059,2021-10-17 06:56:03,25200.0,100.0,2674000.0
1060,2021-10-17 06:56:03,25200.0,600.0,2673900.0
1061,2021-10-17 06:55:44,25200.0,200.0,2673300.0
1062,2021-10-17 06:55:44,25250.0,1600.0,2673100.0
1063,2021-10-17 06:55:44,25250.0,100.0,2671500.0
1064,2021-10-17 06:55:44,25250.0,300.0,2671400.0
1065,2021-10-17 06:55:09,25200.0,100.0,2671100.0
1066,2021-10-17 06:55:03,25250.0,200.0,2671000.0
1067,2021-10-17 06:55:03,25250.0,1800.0,2670800.0
1068,2021-10-17 06:54:57,25250.0,200.0,2669000.0
1069,2021-10-17 06:54:57,25250.0,400.0,2668800.0
1070,2021-10-17 06:54:37,25250.0,100.0,2668400.0
1071,2021-10-17 06:54:04,25250.0,500.0,2668300.0
1072,2021-10-17 06:54:04,25200.0,100.0,2667800.0
1073,2021-10-17 06:54:04,25200.0,100.0,2667700.0
1074,2021-10-17 06:54:03,25200.0,300.0,2667600.0
1075,2021-10-17 06:54:03,25200.0,500.0,2667300.0
1076,2021-10-17 06:53:40,25250.0,2000.0,2666800.0
1077,2021-10-17 06:53:24,25250.0,700.0,2664800.0
1078,2021-10-17 06:53:24,25250.0,200.0,2664100.0
1079,2021-10-17 06:53:24,25250.0,200.0,2663900.0
1080,2021-10-17 06:53:24,25250.0,300.0,2663700.0
1081,2021-10-17 06:53:24,25250.0,500.0,2663400.0
1082,2021-10-17 06:53:24,25250.0,100.0,2662900.0
1083,2021-10-17 06:53:18,25250.0,1000.0,2662800.0
1084,2021-10-17 06:53:18,25250.0,1000.0,2661800.0
1085,2021-10-17 06:53:14,25200.0,500.0,2660800.0
1086,2021-10-17 06:53:14,25200.0,200.0,2660300.0
1087,2021-10-17 06:53:14,25200.0,500.0,2660100.0
1088,2021-10-17 06:52:50,25200.0,600.0,2659600.0
1089,2021-10-17 06:52:47,25250.0,900.0,2659000.0
1090,2021-10-17 06:52:47,25250.0,2100.0,2658100.0
1091,2021-10-17 06:52:43,25200.0,500.0,2656000.0
1092,2021-10-17 06:52:32,25200.0,300.0,2655500.0
1093,2021-10-17 06:52:24,25250.0,100.0,2655200.0
1094,2021-10-17 06:51:50,25200.0,800.0,2655100.0
1095,2021-10-17 06:51:50,25200.0,200.0,2654300.0
1096,2021-10-17 06:51:50,25200.0,1000.0,2654100.0
1097,2021-10-17 06:51:46,25250.0,200.0,2653100.0
1098,2021-10-17 06:51:44,25250.0,100.0,2652900.0
1099,2021-10-17 06:51:43,25250.0,100.0,2652800.0
1100,2021-10-17 06:51:41,25250.0,100.0,2652700.0
1101,2021-10-17 06:51:18,25250.0,3000.0,2652600.0
1102,2021-10-17 06:51:18,25250.0,100.0,2649600.0
1103,2021-10-17 06:51:11,25250.0,200.0,2649500.0
1104,2021-10-17 06:50:59,25250.0,1000.0,2649300.0
1105,2021-10-17 06:50:25,25200.0,2000.0,2648300.0
1106,2021-10-17 06:50:25,25200.0,1000.0,2646300.0
1107,2021-10-17 06:50:23,25250.0,1300.0,2645300.0
1108,2021-10-17 06:50:23,25250.0,300.0,2644000.0
1109,2021-10-17 06:50:23,25250.0,400.0,2643700.0
1110,2021-10-17 06:49:53,25250.0,600.0,2643300.0
1111,2021-10-17 06:49:53,25250.0,100.0,2642700.0
1112,2021-10-17 06:49:53,25250.0,300.0,2642600.0
1113,2021-10-17 06:49:51,25200.0,1700.0,2642300.0
1114,2021-10-17 06:49:51,25200.0,500.0,2640600.0
1115,2021-10-17 06:49:51,25200.0,200.0,2640100.0
1116,2021-10-17 06:49:51,25200.0,500.0,2639900.0
1117,2021-10-17 06:49:51,25200.0,2100.0,2639400.0
1118,2021-10-17 06:49:46,25250.0,600.0,2637300.0
1119,2021-10-17 06:49:39,25200.0,900.0,2636700.0
1120,2021-10-17 06:49:30,25250.0,500.0,2635800.0
1121,2021-10-17 06:49:27,25250.0,600.0,2635300.0
1122,2021-10-17 06:49:27,25250.0,300.0,2634700.0
1123,2021-10-17 06:49:27,25250.0,200.0,2634400.0
1124,2021-10-17 06:49:27,25250.0,900.0,2634200.0
1125,2021-10-17 06:49:21,25250.0,500.0,2633300.0
1126,2021-10-17 06:49:15,25200.0,2000.0,2632800.0
1127,2021-10-17 06:48:52,25250.0,500.0,2630800.0
1128,2021-10-17 06:48:18,25250.0,500.0,2630300.0
1129,2021-10-17 06:48:09,25250.0,500.0,2629800.0
1130,2021-10-17 06:47:58,25200.0,5000.0,2629300.0
1131,2021-10-17 06:47:58,25200.0,2000.0,2624300.0
1132,2021-10-17 06:47:50,25250.0,1000.0,2622300.0
1133,2021-10-17 06:47:34,25250.0,100.0,2621300.0
1134,2021-10-17 06:47:34,25250.0,1000.0,2621200.0
1135,2021-10-17 06:47:30,25300.0,4200.0,2620200.0
1136,2021-10-17 06:47:30,25300.0,6000.0,2616000.0
1137,2021-10-17 06:47:30,25300.0,1300.0,2610000.0
1138,2021-10-17 06:47:30,25300.0,300.0,2608700.0
1139,2021-10-17 06:47:30,25300.0,100.0,2608400.0
1140,2021-10-17 06:47:30,25300.0,2000.0,2608300.0
1141,2021-10-17 06:47:30,25300.0,100.0,2606300.0
1142,2021-10-17 06:47:30,25300.0,6000.0,2606200.0
1143,2021-10-17 06:47:28,25250.0,1000.0,2600200.0
1144,2021-10-17 06:47:28,25250.0,500.0,2599200.0
1145,2021-10-17 06:47:28,25250.0,2700.0,2598700.0
1146,2021-10-17 06:47:28,25250.0,400.0,2596000.0
1147,2021-10-17 06:47:28,25250.0,300.0,2595600.0
1148,2021-10-17 06:47:28,25250.0,5000.0,2595300.0
1149,2021-10-17 06:47:28,25250.0,1000.0,2590300.0
1150,2021-10-17 06:47:28,25250.0,2700.0,2589300.0
1151,2021-10-17 06:47:28,25250.0,500.0,2586600.0
1152,2021-10-17 06:47:28,25250.0,800.0,2586100.0
1153,2021-10-17 06:47:28,25250.0,2600.0,2585300.0
1154,2021-10-17 06:47:28,25250.0,13000.0,2582700.0
1155,2021-10-17 06:47:28,25250.0,7000.0,2569700.0
1156,2021-10-17 06:47:17,25300.0,400.0,2562700.0
1157,2021-10-17 06:47:07,25250.0,100.0,2562300.0
1158,2021-10-17 06:47:06,25250.0,2000.0,2562200.0
1159,2021-10-17 06:46:48,25250.0,2000.0,2560200.0
1160,2021-10-17 06:46:45,25250.0,100.0,2558200.0
1161,2021-10-17 06:46:41,25250.0,400.0,2558100.0
1162,2021-10-17 06:46:14,25250.0,100.0,2557700.0
1163,2021-10-17 06:45:56,25250.0,2300.0,2557600.0
1164,2021-10-17 06:45:53,25250.0,1000.0,2555300.0
1165,2021-10-17 06:45:17,25300.0,100.0,2554300.0
1166,2021-10-17 06:45:14,25250.0,900.0,2554200.0
1167,2021-10-17 06:44:17,25300.0,100.0,2553300.0
1168,2021-10-17 06:44:04,25250.0,5000.0,2553200.0
1169,2021-10-17 06:43:59,25250.0,100.0,2548200.0
1170,2021-10-17 06:43:59,25250.0,1000.0,2548100.0
1171,2021-10-17 06:43:59,25250.0,2000.0,2547100.0
1172,2021-10-17 06:43:59,25250.0,200.0,2545100.0
1173,2021-10-17 06:43:59,25250.0,400.0,2544900.0
1174,2021-10-17 06:43:59,25250.0,400.0,2544500.0
1175,2021-10-17 06:43:59,25250.0,1400.0,2544100.0
1176,2021-10-17 06:43:39,25250.0,1300.0,2542700.0
1177,2021-10-17 06:43:39,25250.0,200.0,2541400.0
1178,2021-10-17 06:43:39,25250.0,500.0,2541200.0
1179,2021-10-17 06:43:37,25300.0,3400.0,2540700.0
1180,2021-10-17 06:43:37,25300.0,2000.0,2537300.0
1181,2021-10-17 06:43:37,25300.0,100.0,2535300.0
1182,2021-10-17 06:43:37,25300.0,10000.0,2535200.0
1183,2021-10-17 06:43:37,25300.0,200.0,2525200.0
1184,2021-10-17 06:43:37,25300.0,100.0,2525000.0
1185,2021-10-17 06:43:37,25300.0,2100.0,2524900.0
1186,2021-10-17 06:43:37,25300.0,1300.0,2522800.0
1187,2021-10-17 06:43:37,25300.0,800.0,2521500.0
1188,2021-10-17 06:43:30,25250.0,1500.0,2520700.0
1189,2021-10-17 06:43:30,25250.0,100.0,2519200.0
1190,2021-10-17 06:43:30,25250.0,1400.0,2519100.0
1191,2021-10-17 06:43:29,25250.0,1200.0,2517700.0
1192,2021-10-17 06:43:19,25250.0,300.0,2516500.0
1193,2021-10-17 06:43:18,25250.0,200.0,2516200.0
1194,2021-10-17 06:43:17,25250.0,200.0,2516000.0
1195,2021-10-17 06:42:50,25250.0,200.0,2515800.0
1196,2021-10-17 06:42:38,25250.0,500.0,2515600.0
1197,2021-10-17 06:42:38,25250.0,3000.0,2515100.0
1198,2021-10-17 06:42:38,25250.0,100.0,2512100.0
1199,2021-10-17 06:42:38,25250.0,200.0,2512000.0
1200,2021-10-17 06:42:38,25250.0,200.0,2511800.0
1201,2021-10-17 06:42:23,25250.0,500.0,2511600.0
1202,2021-10-17 06:41:18,25250.0,500.0,2511100.0
1203,2021-10-17 06:41:18,25250.0,100.0,2510600.0
1204,2021-10-17 06:41:18,25250.0,200.0,2510500.0
1205,2021-10-17 06:41:18,25250.0,200.0,2510300.0
1206,2021-10-17 06:40:55,25250.0,1300.0,2510100.0
1207,2021-10-17 06:40:55,25250.0,200.0,2508800.0
1208,2021-10-17 06:40:48,25250.0,800.0,2508600.0
1209,2021-10-17 06:40:48,25250.0,100.0,2507800.0
1210,2021-10-17 06:39:42,25250.0,300.0,2507700.0
1211,2021-10-17 06:39:42,25250.0,700.0,2507400.0
1212,2021-10-17 06:39:42,25250.0,1000.0,2506700.0
1213,2021-10-17 06:39:42,25250.0,900.0,2505700.0
1214,2021-10-17 06:39:39,25250.0,5000.0,2504800.0
1215,2021-10-17 06:39:35,25250.0,4000.0,2499800.0
1216,2021-10-17 06:39:33,25250.0,3000.0,2495800.0
1217,2021-10-17 06:39:16,25200.0,500.0,2492800.0
1218,2021-10-17 06:39:14,25200.0,500.0,2492300.0
1219,2021-10-17 06:39:14,25200.0,200.0,2491800.0
1220,2021-10-17 06:39:05,25200.0,300.0,2491600.0
1221,2021-10-17 06:39:05,25250.0,500.0,2491300.0
1222,2021-10-17 06:39:03,25200.0,200.0,2490800.0
1223,2021-10-17 06:38:58,25200.0,300.0,2490600.0
1224,2021-10-17 06:38:56,25200.0,200.0,2490300.0
1225,2021-10-17 06:38:51,25250.0,100.0,2490100.0
1226,2021-10-17 06:38:45,25200.0,200.0,2490000.0
1227,2021-10-17 06:38:32,25200.0,600.0,2489800.0
1228,2021-10-17 06:38:29,25200.0,1000.0,2489200.0
1229,2021-10-17 06:38:27,25200.0,400.0,2488200.0
1230,2021-10-17 06:38:14,25200.0,1000.0,2487800.0
1231,2021-10-17 06:38:00,25200.0,200.0,2486800.0
1232,2021-10-17 06:37:57,25200.0,400.0,2486600.0
1233,2021-10-17 06:37:57,25200.0,100.0,2486200.0
1234,2021-10-17 06:37:49,25200.0,1000.0,2486100.0
1235,2021-10-17 06:37:33,25200.0,100.0,2485100.0
1236,2021-10-17 06:37:11,25200.0,1600.0,2485000.0
1237,2021-10-17 06:37:11,25200.0,1000.0,2483400.0
1238,2021-10-17 06:37:11,25200.0,1000.0,2482400.0
1239,2021-10-17 06:37:11,25200.0,200.0,2481400.0
1240,2021-10-17 06:37:11,25200.0,200.0,2481200.0
1241,2021-10-17 06:37:04,25200.0,300.0,2481000.0
1242,2021-10-17 06:37:04,25200.0,1000.0,2480700.0
1243,2021-10-17 06:37:04,25200.0,100.0,2479700.0
1244,2021-10-17 06:37:04,25200.0,1000.0,2479600.0
1245,2021-10-17 06:37:04,25200.0,1000.0,2478600.0
1246,2021-10-17 06:37:04,25200.0,900.0,2477600.0
1247,2021-10-17 06:37:04,25200.0,1000.0,2476700.0
1248,2021-10-17 06:37:04,25200.0,500.0,2475700.0
1249,2021-10-17 06:37:04,25200.0,500.0,2475200.0
1250,2021-10-17 06:37:04,25200.0,1500.0,2474700.0
1251,2021-10-17 06:37:04,25200.0,200.0,2473200.0
1252,2021-10-17 06:37:04,25200.0,100.0,2473000.0
1253,2021-10-17 06:37:04,25200.0,100.0,2472900.0
1254,2021-10-17 06:37:04,25200.0,100.0,2472800.0
1255,2021-10-17 06:37:04,25200.0,400.0,2472700.0
1256,2021-10-17 06:37:04,25200.0,500.0,2472300.0
1257,2021-10-17 06:37:04,25200.0,1500.0,2471800.0
1258,2021-10-17 06:37:04,25200.0,100.0,2470300.0
1259,2021-10-17 06:37:04,25200.0,500.0,2470200.0
1260,2021-10-17 06:37:04,25200.0,800.0,2469700.0
1261,2021-10-17 06:37:04,25200.0,2900.0,2468900.0
1262,2021-10-17 06:37:04,25200.0,100.0,2466000.0
1263,2021-10-17 06:37:04,25200.0,1000.0,2465900.0
1264,2021-10-17 06:37:04,25200.0,100.0,2464900.0
1265,2021-10-17 06:37:04,25200.0,300.0,2464800.0
1266,2021-10-17 06:37:04,25200.0,100.0,2464500.0
1267,2021-10-17 06:37:04,25200.0,1000.0,2464400.0
1268,2021-10-17 06:37:04,25200.0,1000.0,2463400.0
1269,2021-10-17 06:37:04,25200.0,100.0,2462400.0
1270,2021-10-17 06:37:04,25200.0,8000.0,2462300.0
1271,2021-10-17 06:37:04,25200.0,200.0,2454300.0
1272,2021-10-17 06:37:04,25200.0,200.0,2454100.0
1273,2021-10-17 06:37:04,25200.0,100.0,2453900.0
1274,2021-10-17 06:37:04,25200.0,1000.0,2453800.0
1275,2021-10-17 06:37:04,25200.0,1000.0,2452800.0
1276,2021-10-17 06:37:04,25200.0,800.0,2451800.0
1277,2021-10-17 06:37:04,25200.0,100.0,2451000.0
1278,2021-10-17 06:37:04,25200.0,200.0,2450900.0
1279,2021-10-17 06:37:04,25200.0,2500.0,2450700.0
1280,2021-10-17 06:37:04,25200.0,7200.0,2448200.0
1281,2021-10-17 06:37:03,25200.0,200.0,2441000.0
1282,2021-10-17 06:37:03,25200.0,3600.0,2440800.0
1283,2021-10-17 06:36:57,25200.0,1000.0,2437200.0
1284,2021-10-17 06:36:55,25200.0,2000.0,2436200.0
1285,2021-10-17 06:36:52,25200.0,1000.0,2434200.0
1286,2021-10-17 06:36:29,25200.0,200.0,2433200.0
1287,2021-10-17 06:36:24,25200.0,300.0,2433000.0
1288,2021-10-17 06:36:24,25200.0,600.0,2432700.0
1289,2021-10-17 06:36:22,25200.0,900.0,2432100.0
1290,2021-10-17 06:36:01,25200.0,200.0,2431200.0
1291,2021-10-17 06:35:37,25200.0,1300.0,2431000.0
1292,2021-10-17 06:35:37,25200.0,2000.0,2429700.0
1293,2021-10-17 06:35:37,25200.0,2200.0,2427700.0
1294,2021-10-17 06:35:37,25200.0,100.0,2425500.0
1295,2021-10-17 06:35:37,25200.0,100.0,2425400.0
1296,2021-10-17 06:35:37,25200.0,200.0,2425300.0
1297,2021-10-17 06:35:37,25200.0,200.0,2425100.0
1298,2021-10-17 06:35:37,25200.0,100.0,2424900.0
1299,2021-10-17 06:35:37,25200.0,100.0,2424800.0
1300,2021-10-17 06:35:37,25200.0,100.0,2424700.0
1301,2021-10-17 06:35:37,25200.0,100.0,2424600.0
1302,2021-10-17 06:35:37,25200.0,300.0,2424500.0
1303,2021-10-17 06:35:37,25200.0,100.0,2424200.0
1304,2021-10-17 06:35:37,25200.0,100.0,2424100.0
1305,2021-10-17 06:35:37,25200.0,1000.0,2424000.0
1306,2021-10-17 06:35:37,25200.0,200.0,2423000.0
1307,2021-10-17 06:35:37,25200.0,10000.0,2422800.0
1308,2021-10-17 06:35:37,25200.0,3000.0,2412800.0
1309,2021-10-17 06:35:37,25200.0,500.0,2409800.0
1310,2021-10-17 06:35:37,25200.0,200.0,2409300.0
1311,2021-10-17 06:35:37,25200.0,100.0,2409100.0
1312,2021-10-17 06:35:37,25200.0,300.0,2409000.0
1313,2021-10-17 06:35:34,25250.0,2600.0,2408700.0
1314,2021-10-17 06:35:26,25250.0,5000.0,2406100.0
1315,2021-10-17 06:35:26,25250.0,100.0,2401100.0
1316,2021-10-17 06:35:26,25250.0,2000.0,2401000.0
1317,2021-10-17 06:35:26,25250.0,2700.0,2399000.0
1318,2021-10-17 06:35:26,25250.0,12100.0,2396300.0
1319,2021-10-17 06:35:02,25250.0,2000.0,2384200.0
1320,2021-10-17 06:34:51,25250.0,1200.0,2382200.0
1321,2021-10-17 06:34:40,25300.0,100.0,2381000.0
1322,2021-10-17 06:34:35,25250.0,9700.0,2380900.0
1323,2021-10-17 06:34:35,25250.0,1000.0,2371200.0
1324,2021-10-17 06:34:35,25250.0,100.0,2370200.0
1325,2021-10-17 06:34:35,25250.0,100.0,2370100.0
1326,2021-10-17 06:34:35,25250.0,500.0,2370000.0
1327,2021-10-17 06:34:35,25250.0,1400.0,2369500.0
1328,2021-10-17 06:34:35,25250.0,1000.0,2368100.0
1329,2021-10-17 06:34:35,25250.0,200.0,2367100.0
1330,2021-10-17 06:34:35,25250.0,100.0,2366900.0
1331,2021-10-17 06:34:35,25250.0,300.0,2366800.0
1332,2021-10-17 06:34:35,25250.0,300.0,2366500.0
1333,2021-10-17 06:34:35,25250.0,100.0,2366200.0
1334,2021-10-17 06:34:35,25250.0,100.0,2366100.0
1335,2021-10-17 06:34:35,25250.0,100.0,2366000.0
1336,2021-10-17 06:34:35,25250.0,1500.0,2365900.0
1337,2021-10-17 06:34:35,25250.0,700.0,2364400.0
1338,2021-10-17 06:34:35,25250.0,200.0,2363700.0
1339,2021-10-17 06:34:35,25250.0,1000.0,2363500.0
1340,2021-10-17 06:34:35,25250.0,100.0,2362500.0
1341,2021-10-17 06:34:35,25250.0,500.0,2362400.0
1342,2021-10-17 06:34:35,25250.0,100.0,2361900.0
1343,2021-10-17 06:34:35,25250.0,100.0,2361800.0
1344,2021-10-17 06:34:35,25250.0,100.0,2361700.0
1345,2021-10-17 06:34:35,25250.0,100.0,2361600.0
1346,2021-10-17 06:34:35,25250.0,15000.0,2361500.0
1347,2021-10-17 06:34:35,25250.0,400.0,2346500.0
1348,2021-10-17 06:34:35,25250.0,1000.0,2346100.0
1349,2021-10-17 06:34:35,25250.0,2000.0,2345100.0
1350,2021-10-17 06:34:35,25250.0,10000.0,2343100.0
1351,2021-10-17 06:34:35,25250.0,10000.0,2333100.0
1352,2021-10-17 06:34:35,25250.0,200.0,2323100.0
1353,2021-10-17 06:34:35,25250.0,100.0,2322900.0
1354,2021-10-17 06:34:35,25250.0,1000.0,2322800.0
1355,2021-10-17 06:34:35,25250.0,200.0,2321800.0
1356,2021-10-17 06:34:35,25250.0,200.0,2321600.0
1357,2021-10-17 06:34:35,25250.0,500.0,2321400.0
1358,2021-10-17 06:34:02,25300.0,2000.0,2320900.0
1359,2021-10-17 06:33:56,25300.0,100.0,2318900.0
1360,2021-10-17 06:33:56,25300.0,900.0,2318800.0
1361,2021-10-17 06:33:55,25300.0,400.0,2317900.0
1362,2021-10-17 06:33:52,25300.0,100.0,2317500.0
1363,2021-10-17 06:33:19,25300.0,400.0,2317400.0
1364,2021-10-17 06:33:08,25300.0,1500.0,2317000.0
1365,2021-10-17 06:33:08,25300.0,400.0,2315500.0
1366,2021-10-17 06:33:08,25300.0,1300.0,2315100.0
1367,2021-10-17 06:33:07,25300.0,1400.0,2313800.0
1368,2021-10-17 06:33:07,25300.0,400.0,2312400.0
1369,2021-10-17 06:33:07,25300.0,200.0,2312000.0
1370,2021-10-17 06:33:06,25300.0,200.0,2311800.0
1371,2021-10-17 06:33:06,25300.0,200.0,2311600.0
1372,2021-10-17 06:32:49,25300.0,300.0,2311400.0
1373,2021-10-17 06:32:49,25300.0,200.0,2311100.0
1374,2021-10-17 06:32:37,25300.0,400.0,2310900.0
1375,2021-10-17 06:32:36,25300.0,2100.0,2310500.0
1376,2021-10-17 06:32:36,25300.0,300.0,2308400.0
1377,2021-10-17 06:32:36,25300.0,100.0,2308100.0
1378,2021-10-17 06:32:36,25300.0,100.0,2308000.0
1379,2021-10-17 06:32:35,25300.0,400.0,2307900.0
1380,2021-10-17 06:32:35,25300.0,600.0,2307500.0
1381,2021-10-17 06:32:31,25300.0,400.0,2306900.0
1382,2021-10-17 06:32:31,25300.0,4300.0,2306500.0
1383,2021-10-17 06:32:26,25300.0,5600.0,2302200.0
1384,2021-10-17 06:32:16,25300.0,100.0,2296600.0
1385,2021-10-17 06:32:16,25300.0,1900.0,2296500.0
1386,2021-10-17 06:32:15,25300.0,1100.0,2294600.0
1387,2021-10-17 06:32:15,25300.0,1000.0,2293500.0
1388,2021-10-17 06:32:15,25300.0,200.0,2292500.0
1389,2021-10-17 06:32:15,25300.0,2000.0,2292300.0
1390,2021-10-17 06:32:15,25300.0,1300.0,2290300.0
1391,2021-10-17 06:32:12,25300.0,700.0,2289000.0
1392,2021-10-17 06:32:12,25300.0,400.0,2288300.0
1393,2021-10-17 06:32:12,25300.0,1000.0,2287900.0
1394,2021-10-17 06:32:12,25300.0,100.0,2286900.0
1395,2021-10-17 06:32:12,25300.0,100.0,2286800.0
1396,2021-10-17 06:32:12,25300.0,100.0,2286700.0
1397,2021-10-17 06:32:12,25300.0,400.0,2286600.0
1398,2021-10-17 06:32:12,25300.0,700.0,2286200.0
1399,2021-10-17 06:32:12,25300.0,100.0,2285500.0
1400,2021-10-17 06:32:12,25300.0,1000.0,2285400.0
1401,2021-10-17 06:32:12,25300.0,1000.0,2284400.0
1402,2021-10-17 06:32:12,25300.0,600.0,2283400.0
1403,2021-10-17 06:32:12,25300.0,300.0,2282800.0
1404,2021-10-17 06:32:12,25300.0,100.0,2282500.0
1405,2021-10-17 06:32:11,25300.0,2000.0,2282400.0
1406,2021-10-17 06:32:03,25300.0,500.0,2280400.0
1407,2021-10-17 06:32:01,25300.0,100.0,2279900.0
1408,2021-10-17 06:32:01,25300.0,500.0,2279800.0
1409,2021-10-17 06:32:01,25300.0,200.0,2279300.0
1410,2021-10-17 06:32:01,25300.0,5000.0,2279100.0
1411,2021-10-17 06:32:01,25300.0,200.0,2274100.0
1412,2021-10-17 06:32:01,25300.0,2700.0,2273900.0
1413,2021-10-17 06:32:01,25300.0,500.0,2271200.0
1414,2021-10-17 06:32:01,25300.0,200.0,2270700.0
1415,2021-10-17 06:32:01,25300.0,100.0,2270500.0
1416,2021-10-17 06:32:01,25300.0,700.0,2270400.0
1417,2021-10-17 06:32:01,25300.0,300.0,2269700.0
1418,2021-10-17 06:32:01,25300.0,500.0,2269400.0
1419,2021-10-17 06:32:01,25300.0,200.0,2268900.0
1420,2021-10-17 06:32:01,25300.0,100.0,2268700.0
1421,2021-10-17 06:32:01,25300.0,1100.0,2268600.0
1422,2021-10-17 06:32:01,25300.0,1500.0,2267500.0
1423,2021-10-17 06:32:01,25300.0,1000.0,2266000.0
1424,2021-10-17 06:32:01,25300.0,300.0,2265000.0
1425,2021-10-17 06:32:01,25300.0,300.0,2264700.0
1426,2021-10-17 06:32:01,25300.0,200.0,2264400.0
1427,2021-10-17 06:32:01,25300.0,2000.0,2264200.0
1428,2021-10-17 06:32:01,25300.0,2700.0,2262200.0
1429,2021-10-17 06:32:01,25300.0,500.0,2259500.0
1430,2021-10-17 06:32:01,25300.0,1100.0,2259000.0
1431,2021-10-17 06:31:58,25300.0,900.0,2257900.0
1432,2021-10-17 06:31:49,25300.0,1000.0,2257000.0
1433,2021-10-17 06:31:49,25300.0,100.0,2256000.0
1434,2021-10-17 06:31:49,25300.0,1000.0,2255900.0
1435,2021-10-17 06:31:49,25300.0,2700.0,2254900.0
1436,2021-10-17 06:31:49,25300.0,500.0,2252200.0
1437,2021-10-17 06:31:49,25300.0,100.0,2251700.0
1438,2021-10-17 06:31:49,25300.0,100.0,2251600.0
1439,2021-10-17 06:31:49,25300.0,100.0,2251500.0
1440,2021-10-17 06:31:49,25300.0,2600.0,2251400.0
1441,2021-10-17 06:31:49,25300.0,2700.0,2248800.0
1442,2021-10-17 06:31:49,25300.0,300.0,2246100.0
1443,2021-10-17 06:31:49,25300.0,500.0,2245800.0
1444,2021-10-17 06:31:49,25300.0,100.0,2245300.0
1445,2021-10-17 06:31:49,25300.0,200.0,2245200.0
1446,2021-10-17 06:31:49,25300.0,1000.0,2245000.0
1447,2021-10-17 06:31:49,25300.0,2000.0,2244000.0
1448,2021-10-17 06:31:46,25300.0,9000.0,2242000.0
1449,2021-10-17 06:31:41,25350.0,2700.0,2233000.0
1450,2021-10-17 06:31:41,25350.0,2700.0,2230300.0
1451,2021-10-17 06:31:41,25350.0,2700.0,2227600.0
1452,2021-10-17 06:31:40,25350.0,2600.0,2224900.0
1453,2021-10-17 06:31:34,25300.0,1000.0,2222300.0
1454,2021-10-17 06:31:32,25300.0,11700.0,2221300.0
1455,2021-10-17 06:31:31,25300.0,200.0,2209600.0
1456,2021-10-17 06:31:27,25300.0,3000.0,2209400.0
1457,2021-10-17 06:31:13,25300.0,900.0,2206400.0
1458,2021-10-17 06:31:07,25300.0,8000.0,2205500.0
1459,2021-10-17 06:30:58,25300.0,200.0,2197500.0
1460,2021-10-17 06:30:47,25300.0,20000.0,2197300.0
1461,2021-10-17 06:30:30,25300.0,800.0,2177300.0
1462,2021-10-17 06:29:41,25300.0,10000.0,2176500.0
1463,2021-10-17 06:29:20,25300.0,100.0,2166500.0
1464,2021-10-17 06:29:12,25300.0,500.0,2166400.0
1465,2021-10-17 06:28:57,25300.0,11700.0,2165900.0
1466,2021-10-17 06:28:57,25300.0,100.0,2154200.0
1467,2021-10-17 06:28:57,25300.0,600.0,2154100.0
1468,2021-10-17 06:28:55,25300.0,100.0,2153500.0
1469,2021-10-17 06:28:20,25300.0,200.0,2153400.0
1470,2021-10-17 06:28:17,25300.0,100.0,2153200.0
1471,2021-10-17 06:28:17,25300.0,1500.0,2153100.0
1472,2021-10-17 06:28:17,25300.0,900.0,2151600.0
1473,2021-10-17 06:28:17,25300.0,200.0,2150700.0
1474,2021-10-17 06:28:17,25300.0,2000.0,2150500.0
1475,2021-10-17 06:28:17,25300.0,100.0,2148500.0
1476,2021-10-17 06:28:17,25300.0,200.0,2148400.0
1477,2021-10-17 06:28:13,25300.0,500.0,2148200.0
1478,2021-10-17 06:27:33,25300.0,300.0,2147700.0
1479,2021-10-17 06:27:33,25300.0,200.0,2147400.0
1480,2021-10-17 06:27:33,25300.0,400.0,2147200.0
1481,2021-10-17 06:27:28,25300.0,1000.0,2146800.0
1482,2021-10-17 06:27:18,25300.0,2600.0,2145800.0
1483,2021-10-17 06:27:18,25300.0,1000.0,2143200.0
1484,2021-10-17 06:27:18,25300.0,100.0,2142200.0
1485,2021-10-17 06:27:18,25300.0,200.0,2142100.0
1486,2021-10-17 06:27:18,25300.0,100.0,2141900.0
1487,2021-10-17 06:27:18,25300.0,400.0,2141800.0
1488,2021-10-17 06:27:18,25300.0,100.0,2141400.0
1489,2021-10-17 06:27:18,25300.0,100.0,2141300.0
1490,2021-10-17 06:27:18,25300.0,200.0,2141200.0
1491,2021-10-17 06:27:18,25300.0,300.0,2141000.0
1492,2021-10-17 06:27:18,25300.0,200.0,2140700.0
1493,2021-10-17 06:27:18,25300.0,500.0,2140500.0
1494,2021-10-17 06:27:18,25300.0,400.0,2140000.0
1495,2021-10-17 06:27:18,25300.0,100.0,2139600.0
1496,2021-10-17 06:27:18,25300.0,1200.0,2139500.0
1497,2021-10-17 06:27:18,25300.0,1400.0,2138300.0
1498,2021-10-17 06:27:11,25300.0,1000.0,2136900.0
1499,2021-10-17 06:27:08,25300.0,100.0,2135900.0
1500,2021-10-17 06:27:07,25300.0,100.0,2135800.0
1501,2021-10-17 06:26:47,25300.0,100.0,2135700.0
1502,2021-10-17 06:26:42,25350.0,300.0,2135600.0
1503,2021-10-17 06:26:40,25300.0,100.0,2135300.0
1504,2021-10-17 06:26:29,25300.0,4000.0,2135200.0
1505,2021-10-17 06:26:27,25300.0,500.0,2131200.0
1506,2021-10-17 06:26:06,25350.0,200.0,2130700.0
1507,2021-10-17 06:25:53,25350.0,3000.0,2130500.0
1508,2021-10-17 06:25:40,25300.0,1000.0,2127500.0
1509,2021-10-17 06:25:37,25300.0,100.0,2126500.0
1510,2021-10-17 06:25:28,25350.0,10000.0,2126400.0
1511,2021-10-17 06:25:27,25300.0,100.0,2116400.0
1512,2021-10-17 06:25:20,25300.0,200.0,2116300.0
1513,2021-10-17 06:25:20,25350.0,400.0,2116100.0
1514,2021-10-17 06:25:19,25300.0,100.0,2115700.0
1515,2021-10-17 06:24:55,25300.0,100.0,2115600.0
1516,2021-10-17 06:24:46,25350.0,6000.0,2115500.0
1517,2021-10-17 06:24:41,25300.0,500.0,2109500.0
1518,2021-10-17 06:24:24,25350.0,500.0,2109000.0
1519,2021-10-17 06:24:14,25300.0,1100.0,2108500.0
1520,2021-10-17 06:24:04,25350.0,1000.0,2107400.0
1521,2021-10-17 06:23:58,25350.0,1000.0,2106400.0
1522,2021-10-17 06:23:50,25350.0,300.0,2105400.0
1523,2021-10-17 06:23:15,25350.0,200.0,2105100.0
1524,2021-10-17 06:23:07,25300.0,900.0,2104900.0
1525,2021-10-17 06:22:53,25350.0,100.0,2104000.0
1526,2021-10-17 06:22:36,25350.0,2600.0,2103900.0
1527,2021-10-17 06:22:36,25350.0,200.0,2101300.0
1528,2021-10-17 06:22:36,25350.0,1500.0,2101100.0
1529,2021-10-17 06:22:36,25350.0,600.0,2099600.0
1530,2021-10-17 06:22:36,25350.0,5000.0,2099000.0
1531,2021-10-17 06:22:36,25350.0,6000.0,2094000.0
1532,2021-10-17 06:22:36,25350.0,800.0,2088000.0
1533,2021-10-17 06:22:36,25350.0,200.0,2087200.0
1534,2021-10-17 06:22:36,25350.0,200.0,2087000.0
1535,2021-10-17 06:22:36,25350.0,400.0,2086800.0
1536,2021-10-17 06:22:36,25350.0,500.0,2086400.0
1537,2021-10-17 06:22:36,25350.0,400.0,2085900.0
1538,2021-10-17 06:22:36,25350.0,10000.0,2085500.0
1539,2021-10-17 06:22:36,25350.0,1000.0,2075500.0
1540,2021-10-17 06:22:36,25350.0,600.0,2074500.0
1541,2021-10-17 06:22:11,25350.0,1400.0,2073900.0
1542,2021-10-17 06:22:11,25350.0,200.0,2072500.0
1543,2021-10-17 06:22:11,25350.0,1100.0,2072300.0
1544,2021-10-17 06:22:11,25350.0,2700.0,2071200.0
1545,2021-10-17 06:22:10,25350.0,2600.0,2068500.0
1546,2021-10-17 06:21:53,25300.0,500.0,2065900.0
1547,2021-10-17 06:21:33,25300.0,2400.0,2065400.0
1548,2021-10-17 06:21:08,25300.0,2400.0,2063000.0
1549,2021-10-17 06:21:04,25300.0,700.0,2060600.0
1550,2021-10-17 06:21:03,25350.0,100.0,2059900.0
1551,2021-10-17 06:20:36,25300.0,1000.0,2059800.0
1552,2021-10-17 06:20:17,25350.0,100.0,2058800.0
1553,2021-10-17 06:20:13,25350.0,100.0,2058700.0
1554,2021-10-17 06:20:13,25350.0,100.0,2058600.0
1555,2021-10-17 06:19:43,25350.0,1100.0,2058500.0
1556,2021-10-17 06:19:01,25300.0,3000.0,2057400.0
1557,2021-10-17 06:19:00,25300.0,2400.0,2054400.0
1558,2021-10-17 06:18:51,25350.0,900.0,2052000.0
1559,2021-10-17 06:18:51,25350.0,100.0,2051100.0
1560,2021-10-17 06:18:41,25300.0,900.0,2051000.0
1561,2021-10-17 06:18:28,25300.0,900.0,2050100.0
1562,2021-10-17 06:18:24,25350.0,1000.0,2049200.0
1563,2021-10-17 06:18:21,25350.0,2000.0,2048200.0
1564,2021-10-17 06:18:19,25300.0,1000.0,2046200.0
1565,2021-10-17 06:18:02,25350.0,500.0,2045200.0
1566,2021-10-17 06:17:50,25350.0,300.0,2044700.0
1567,2021-10-17 06:17:41,25300.0,500.0,2044400.0
1568,2021-10-17 06:17:38,25350.0,100.0,2043900.0
1569,2021-10-17 06:17:36,25350.0,100.0,2043800.0
1570,2021-10-17 06:16:54,25350.0,900.0,2043700.0
1571,2021-10-17 06:16:54,25350.0,100.0,2042800.0
1572,2021-10-17 06:16:52,25300.0,100.0,2042700.0
1573,2021-10-17 06:16:30,25350.0,100.0,2042600.0
1574,2021-10-17 06:16:29,25300.0,100.0,2042500.0
1575,2021-10-17 06:16:11,25300.0,100.0,2042400.0
1576,2021-10-17 06:16:01,25350.0,300.0,2042300.0
1577,2021-10-17 06:15:57,25350.0,500.0,2042000.0
1578,2021-10-17 06:15:57,25300.0,100.0,2041500.0
1579,2021-10-17 06:15:30,25300.0,4900.0,2041400.0
1580,2021-10-17 06:15:27,25300.0,400.0,2036500.0
1581,2021-10-17 06:15:26,25350.0,500.0,2036100.0
1582,2021-10-17 06:15:17,25300.0,500.0,2035600.0
1583,2021-10-17 06:15:15,25300.0,1000.0,2035100.0
1584,2021-10-17 06:14:55,25300.0,1000.0,2034100.0
1585,2021-10-17 06:14:27,25300.0,2500.0,2033100.0
1586,2021-10-17 06:14:17,25300.0,900.0,2030600.0
1587,2021-10-17 06:14:13,25300.0,500.0,2029700.0
1588,2021-10-17 06:13:37,25300.0,3000.0,2029200.0
1589,2021-10-17 06:13:35,25350.0,500.0,2026200.0
1590,2021-10-17 06:13:26,25350.0,2000.0,2025700.0
1591,2021-10-17 06:13:14,25350.0,1000.0,2023700.0
1592,2021-10-17 06:13:12,25300.0,7800.0,2022700.0
1593,2021-10-17 06:13:12,25300.0,1000.0,2014900.0
1594,2021-10-17 06:13:12,25300.0,1000.0,2013900.0
1595,2021-10-17 06:13:12,25300.0,200.0,2012900.0
1596,2021-10-17 06:12:51,25350.0,200.0,2012700.0
1597,2021-10-17 06:12:48,25350.0,200.0,2012500.0
1598,2021-10-17 06:12:36,25350.0,200.0,2012300.0
1599,2021-10-17 06:12:36,25350.0,1000.0,2012100.0
1600,2021-10-17 06:12:36,25350.0,300.0,2011100.0
1601,2021-10-17 06:12:33,25350.0,100.0,2010800.0
1602,2021-10-17 06:12:22,25350.0,3000.0,2010700.0
1603,2021-10-17 06:12:08,25350.0,500.0,2007700.0
1604,2021-10-17 06:12:05,25350.0,100.0,2007200.0
1605,2021-10-17 06:12:00,25350.0,1900.0,2007100.0
1606,2021-10-17 06:12:00,25350.0,1000.0,2005200.0
1607,2021-10-17 06:11:43,25350.0,100.0,2004200.0
1608,2021-10-17 06:11:37,25350.0,4900.0,2004100.0
1609,2021-10-17 06:11:31,25350.0,2700.0,1999200.0
1610,2021-10-17 06:11:31,25350.0,1200.0,1996500.0
1611,2021-10-17 06:11:31,25350.0,1000.0,1995300.0
1612,2021-10-17 06:11:31,25350.0,100.0,1994300.0
1613,2021-10-17 06:11:31,25350.0,100.0,1994200.0
1614,2021-10-17 06:11:31,25350.0,2600.0,1994100.0
1615,2021-10-17 06:11:31,25350.0,4000.0,1991500.0
1616,2021-10-17 06:11:31,25350.0,100.0,1987500.0
1617,2021-10-17 06:11:31,25350.0,100.0,1987400.0
1618,2021-10-17 06:11:31,25350.0,400.0,1987300.0
1619,2021-10-17 06:11:31,25350.0,7000.0,1986900.0
1620,2021-10-17 06:11:31,25350.0,2700.0,1979900.0
1621,2021-10-17 06:11:31,25350.0,500.0,1977200.0
1622,2021-10-17 06:11:31,25350.0,600.0,1976700.0
1623,2021-10-17 06:11:31,25350.0,2700.0,1976100.0
1624,2021-10-17 06:11:31,25350.0,15000.0,1973400.0
1625,2021-10-17 06:11:31,25350.0,1000.0,1958400.0
1626,2021-10-17 06:11:31,25350.0,2700.0,1957400.0
1627,2021-10-17 06:11:31,25350.0,400.0,1954700.0
1628,2021-10-17 06:11:31,25350.0,200.0,1954300.0
1629,2021-10-17 06:11:20,25350.0,4800.0,1954100.0
1630,2021-10-17 06:11:11,25350.0,1000.0,1949300.0
1631,2021-10-17 06:11:11,25350.0,600.0,1948300.0
1632,2021-10-17 06:11:11,25350.0,100.0,1947700.0
1633,2021-10-17 06:11:11,25350.0,1000.0,1947600.0
1634,2021-10-17 06:11:11,25350.0,400.0,1946600.0
1635,2021-10-17 06:11:11,25350.0,2800.0,1946200.0
1636,2021-10-17 06:11:11,25350.0,2000.0,1943400.0
1637,2021-10-17 06:11:11,25350.0,2400.0,1941400.0
1638,2021-10-17 06:11:11,25350.0,1700.0,1939000.0
1639,2021-10-17 06:10:50,25350.0,600.0,1937300.0
1640,2021-10-17 06:10:50,25350.0,200.0,1936700.0
1641,2021-10-17 06:10:50,25350.0,1200.0,1936500.0
1642,2021-10-17 06:10:35,25350.0,500.0,1935300.0
1643,2021-10-17 06:09:52,25350.0,1900.0,1934800.0
1644,2021-10-17 06:09:52,25350.0,2000.0,1932900.0
1645,2021-10-17 06:09:52,25350.0,600.0,1930900.0
1646,2021-10-17 06:09:52,25350.0,900.0,1930300.0
1647,2021-10-17 06:09:26,25400.0,100.0,1929400.0
1648,2021-10-17 06:07:59,25400.0,100.0,1929300.0
1649,2021-10-17 06:07:58,25400.0,100.0,1929200.0
1650,2021-10-17 06:07:24,25400.0,2100.0,1929100.0
1651,2021-10-17 06:07:24,25400.0,100.0,1927000.0
1652,2021-10-17 06:07:24,25400.0,1000.0,1926900.0
1653,2021-10-17 06:07:24,25400.0,200.0,1925900.0
1654,2021-10-17 06:07:24,25400.0,200.0,1925700.0
1655,2021-10-17 06:07:24,25400.0,500.0,1925500.0
1656,2021-10-17 06:07:24,25400.0,100.0,1925000.0
1657,2021-10-17 06:07:24,25400.0,200.0,1924900.0
1658,2021-10-17 06:07:24,25400.0,100.0,1924700.0
1659,2021-10-17 06:06:29,25400.0,300.0,1924600.0
1660,2021-10-17 06:05:37,25350.0,800.0,1924300.0
1661,2021-10-17 06:05:37,25350.0,200.0,1923500.0
1662,2021-10-17 06:05:26,25350.0,800.0,1923300.0
1663,2021-10-17 06:05:26,25350.0,100.0,1922500.0
1664,2021-10-17 06:04:55,25350.0,200.0,1922400.0
1665,2021-10-17 06:04:55,25350.0,10000.0,1922200.0
1666,2021-10-17 06:04:55,25350.0,300.0,1912200.0
1667,2021-10-17 06:04:55,25350.0,1500.0,1911900.0
1668,2021-10-17 06:04:48,25350.0,100.0,1910400.0
1669,2021-10-17 06:03:47,25350.0,300.0,1910300.0
1670,2021-10-17 06:03:36,25350.0,500.0,1910000.0
1671,2021-10-17 06:03:36,25350.0,1600.0,1909500.0
1672,2021-10-17 06:01:12,25350.0,1200.0,1907900.0
1673,2021-10-17 06:01:01,25350.0,900.0,1906700.0
1674,2021-10-17 06:00:49,25400.0,500.0,1905800.0
1675,2021-10-17 06:00:33,25350.0,1000.0,1905300.0
1676,2021-10-17 06:00:24,25400.0,100.0,1904300.0
1677,2021-10-17 06:00:10,25400.0,100.0,1904200.0
1678,2021-10-17 06:00:07,25400.0,2400.0,1904100.0
1679,2021-10-17 06:00:07,25400.0,2200.0,1901700.0
1680,2021-10-17 06:00:07,25400.0,100.0,1899500.0
1681,2021-10-17 06:00:07,25400.0,100.0,1899400.0
1682,2021-10-17 06:00:07,25400.0,100.0,1899300.0
1683,2021-10-17 06:00:07,25400.0,500.0,1899200.0
1684,2021-10-17 06:00:07,25400.0,100.0,1898700.0
1685,2021-10-17 06:00:07,25400.0,100.0,1898600.0
1686,2021-10-17 06:00:07,25400.0,1500.0,1898500.0
1687,2021-10-17 06:00:07,25400.0,500.0,1897000.0
1688,2021-10-17 06:00:07,25400.0,100.0,1896500.0
1689,2021-10-17 06:00:07,25400.0,700.0,1896400.0
1690,2021-10-17 06:00:07,25400.0,1000.0,1895700.0
1691,2021-10-17 06:00:07,25400.0,100.0,1894700.0
1692,2021-10-17 06:00:06,25400.0,200.0,1894600.0
1693,2021-10-17 06:00:03,25400.0,500.0,1894400.0
1694,2021-10-17 06:00:02,25350.0,300.0,1893900.0
1695,2021-10-17 06:00:01,25350.0,100.0,1893600.0
1696,2021-10-17 06:00:01,25400.0,300.0,1893500.0
1697,2021-10-17 06:00:01,25400.0,500.0,1893200.0
1698,2021-10-17 06:00:01,25350.0,2300.0,1892700.0
1699,2021-10-17 06:00:01,25350.0,100.0,1890400.0
1700,2021-10-17 06:00:01,25350.0,2300.0,1890300.0
1701,2021-10-17 06:00:01,25350.0,5200.0,1888000.0
1702,2021-10-17 06:00:01,25350.0,2400.0,1882800.0
1703,2021-10-17 06:00:01,25350.0,1000.0,1880400.0
1704,2021-10-17 06:00:01,25350.0,500.0,1879400.0
1705,2021-10-17 06:00:01,25350.0,500.0,1878900.0
1706,2021-10-17 06:00:01,25350.0,2400.0,1878400.0
1707,2021-10-17 06:00:01,25350.0,1000.0,1876000.0
1708,2021-10-17 06:00:01,25350.0,2300.0,1875000.0
1709,2021-10-17 04:29:41,25400.0,1200.0,1872700.0
1710,2021-10-17 04:29:33,25350.0,100.0,1871500.0
1711,2021-10-17 04:29:11,25400.0,2800.0,1871400.0
1712,2021-10-17 04:28:59,25400.0,200.0,1868600.0
1713,2021-10-17 04:28:05,25400.0,200.0,1868400.0
1714,2021-10-17 04:28:00,25350.0,900.0,1868200.0
1715,2021-10-17 04:28:00,25350.0,100.0,1867300.0
1716,2021-10-17 04:27:14,25400.0,200.0,1867200.0
1717,2021-10-17 04:27:02,25350.0,200.0,1867000.0
1718,2021-10-17 04:27:02,25350.0,2400.0,1866800.0
1719,2021-10-17 04:27:02,25350.0,100.0,1864400.0
1720,2021-10-17 04:27:02,25350.0,100.0,1864300.0
1721,2021-10-17 04:27:02,25350.0,800.0,1864200.0
1722,2021-10-17 04:27:02,25350.0,100.0,1863400.0
1723,2021-10-17 04:27:02,25350.0,1300.0,1863300.0
1724,2021-10-17 04:26:47,25350.0,1200.0,1862000.0
1725,2021-10-17 04:26:24,25350.0,100.0,1860800.0
1726,2021-10-17 04:26:11,25350.0,500.0,1860700.0
1727,2021-10-17 04:26:06,25350.0,1000.0,1860200.0
1728,2021-10-17 04:25:55,25350.0,2000.0,1859200.0
1729,2021-10-17 04:25:52,25350.0,1000.0,1857200.0
1730,2021-10-17 04:25:37,25350.0,2000.0,1856200.0
1731,2021-10-17 04:24:42,25350.0,5000.0,1854200.0
1732,2021-10-17 04:24:01,25350.0,100.0,1849200.0
1733,2021-10-17 04:24:00,25350.0,800.0,1849100.0
1734,2021-10-17 04:23:56,25350.0,500.0,1848300.0
1735,2021-10-17 04:23:27,25350.0,1000.0,1847800.0
1736,2021-10-17 04:22:52,25350.0,500.0,1846800.0
1737,2021-10-17 04:22:10,25350.0,500.0,1846300.0
1738,2021-10-17 04:21:01,25350.0,1300.0,1845800.0
1739,2021-10-17 04:20:45,25350.0,300.0,1844500.0
1740,2021-10-17 04:20:33,25400.0,100.0,1844200.0
1741,2021-10-17 04:20:18,25400.0,200.0,1844100.0
1742,2021-10-17 04:20:12,25400.0,100.0,1843900.0
1743,2021-10-17 04:19:42,25400.0,700.0,1843800.0
1744,2021-10-17 04:19:42,25400.0,2800.0,1843100.0
1745,2021-10-17 04:19:17,25400.0,100.0,1840300.0
1746,2021-10-17 04:19:10,25350.0,1000.0,1840200.0
1747,2021-10-17 04:18:55,25400.0,500.0,1839200.0
1748,2021-10-17 04:18:55,25350.0,1000.0,1838700.0
1749,2021-10-17 04:17:52,25350.0,2500.0,1837700.0
1750,2021-10-17 04:17:49,25400.0,200.0,1835200.0
1751,2021-10-17 04:16:54,25350.0,5000.0,1835000.0
1752,2021-10-17 04:16:53,25350.0,1200.0,1830000.0
1753,2021-10-17 04:16:26,25350.0,200.0,1828800.0
1754,2021-10-17 04:16:26,25350.0,1700.0,1828600.0
1755,2021-10-17 04:16:03,25350.0,100.0,1826900.0
1756,2021-10-17 04:15:57,25350.0,100.0,1826800.0
1757,2021-10-17 04:15:47,25350.0,500.0,1826700.0
1758,2021-10-17 04:15:47,25350.0,100.0,1826200.0
1759,2021-10-17 04:15:47,25350.0,100.0,1826100.0
1760,2021-10-17 04:15:47,25350.0,1200.0,1826000.0
1761,2021-10-17 04:15:47,25350.0,100.0,1824800.0
1762,2021-10-17 04:15:43,25350.0,500.0,1824700.0
1763,2021-10-17 04:15:42,25350.0,1400.0,1824200.0
1764,2021-10-17 04:15:42,25350.0,500.0,1822800.0
1765,2021-10-17 04:15:42,25350.0,100.0,1822300.0
1766,2021-10-17 04:14:21,25350.0,1000.0,1822200.0
1767,2021-10-17 04:14:20,25350.0,200.0,1821200.0
1768,2021-10-17 04:13:26,25350.0,1000.0,1821000.0
1769,2021-10-17 04:13:26,25350.0,200.0,1820000.0
1770,2021-10-17 04:13:26,25350.0,3800.0,1819800.0
1771,2021-10-17 04:13:24,25350.0,100.0,1816000.0
1772,2021-10-17 04:13:19,25350.0,500.0,1815900.0
1773,2021-10-17 04:12:59,25350.0,300.0,1815400.0
1774,2021-10-17 04:12:19,25350.0,400.0,1815100.0
1775,2021-10-17 04:10:52,25350.0,1000.0,1814700.0
1776,2021-10-17 04:10:49,25400.0,4400.0,1813700.0
1777,2021-10-17 04:10:49,25400.0,100.0,1809300.0
1778,2021-10-17 04:10:49,25400.0,1200.0,1809200.0
1779,2021-10-17 04:10:49,25400.0,300.0,1808000.0
1780,2021-10-17 04:10:49,25400.0,200.0,1807700.0
1781,2021-10-17 04:10:49,25400.0,500.0,1807500.0
1782,2021-10-17 04:10:49,25400.0,200.0,1807000.0
1783,2021-10-17 04:10:49,25400.0,500.0,1806800.0
1784,2021-10-17 04:10:49,25400.0,1000.0,1806300.0
1785,2021-10-17 04:10:49,25400.0,100.0,1805300.0
1786,2021-10-17 04:10:49,25400.0,3000.0,1805200.0
1787,2021-10-17 04:10:49,25400.0,5000.0,1802200.0
1788,2021-10-17 04:10:49,25400.0,300.0,1797200.0
1789,2021-10-17 04:10:49,25400.0,200.0,1796900.0
1790,2021-10-17 04:10:49,25400.0,300.0,1796700.0
1791,2021-10-17 04:10:49,25400.0,100.0,1796400.0
1792,2021-10-17 04:10:49,25400.0,100.0,1796300.0
1793,2021-10-17 04:10:49,25400.0,2000.0,1796200.0
1794,2021-10-17 04:10:49,25400.0,300.0,1794200.0
1795,2021-10-17 04:10:49,25400.0,100.0,1793900.0
1796,2021-10-17 04:10:49,25400.0,100.0,1793800.0
1797,2021-10-17 04:10:49,25400.0,500.0,1793700.0
1798,2021-10-17 04:10:49,25400.0,2000.0,1793200.0
1799,2021-10-17 04:10:49,25400.0,800.0,1791200.0
1800,2021-10-17 04:10:49,25400.0,100.0,1790400.0
1801,2021-10-17 04:10:49,25400.0,5000.0,1790300.0
1802,2021-10-17 04:10:49,25400.0,400.0,1785300.0
1803,2021-10-17 04:10:49,25400.0,500.0,1784900.0
1804,2021-10-17 04:10:49,25400.0,100.0,1784400.0
1805,2021-10-17 04:10:49,25400.0,200.0,1784300.0
1806,2021-10-17 04:10:49,25400.0,100.0,1784100.0
1807,2021-10-17 04:10:49,25400.0,1000.0,1784000.0
1808,2021-10-17 04:10:49,25400.0,100.0,1783000.0
1809,2021-10-17 04:10:49,25400.0,300.0,1782900.0
1810,2021-10-17 04:10:49,25400.0,100.0,1782600.0
1811,2021-10-17 04:10:49,25400.0,500.0,1782500.0
1812,2021-10-17 04:10:49,25400.0,300.0,1782000.0
1813,2021-10-17 04:10:11,25400.0,300.0,1781700.0
1814,2021-10-17 04:09:59,25350.0,300.0,1781400.0
1815,2021-10-17 04:09:57,25350.0,100.0,1781100.0
1816,2021-10-17 04:09:48,25350.0,1000.0,1781000.0
1817,2021-10-17 04:09:30,25350.0,1000.0,1780000.0
1818,2021-10-17 04:09:15,25400.0,400.0,1779000.0
1819,2021-10-17 04:09:07,25350.0,9900.0,1778600.0
1820,2021-10-17 04:08:58,25350.0,500.0,1768700.0
1821,2021-10-17 04:08:58,25350.0,5000.0,1768200.0
1822,2021-10-17 04:08:15,25350.0,200.0,1763200.0
1823,2021-10-17 04:08:09,25350.0,200.0,1763000.0
1824,2021-10-17 04:08:08,25350.0,3000.0,1762800.0
1825,2021-10-17 04:07:46,25350.0,800.0,1759800.0
1826,2021-10-17 04:07:46,25350.0,5000.0,1759000.0
1827,2021-10-17 04:07:46,25350.0,1000.0,1754000.0
1828,2021-10-17 04:07:46,25350.0,100.0,1753000.0
1829,2021-10-17 04:07:46,25350.0,800.0,1752900.0
1830,2021-10-17 04:07:46,25350.0,1000.0,1752100.0
1831,2021-10-17 04:07:46,25350.0,14000.0,1751100.0
1832,2021-10-17 04:07:08,25350.0,1300.0,1737100.0
1833,2021-10-17 04:07:06,25350.0,2000.0,1735800.0
1834,2021-10-17 04:06:10,25350.0,200.0,1733800.0
1835,2021-10-17 04:06:00,25350.0,900.0,1733600.0
1836,2021-10-17 04:06:00,25350.0,100.0,1732700.0
1837,2021-10-17 04:06:00,25350.0,1500.0,1732600.0
1838,2021-10-17 04:05:54,25350.0,2000.0,1731100.0
1839,2021-10-17 04:05:33,25350.0,100.0,1729100.0
1840,2021-10-17 04:05:33,25350.0,1000.0,1729000.0
1841,2021-10-17 04:05:33,25350.0,1000.0,1728000.0
1842,2021-10-17 04:05:33,25350.0,2400.0,1727000.0
1843,2021-10-17 04:05:33,25350.0,500.0,1724600.0
1844,2021-10-17 04:05:33,25350.0,500.0,1724100.0
1845,2021-10-17 04:05:33,25350.0,2300.0,1723600.0
1846,2021-10-17 04:05:33,25350.0,500.0,1721300.0
1847,2021-10-17 04:05:33,25350.0,100.0,1720800.0
1848,2021-10-17 04:05:33,25350.0,2400.0,1720700.0
1849,2021-10-17 04:05:33,25350.0,1000.0,1718300.0
1850,2021-10-17 04:05:33,25350.0,4200.0,1717300.0
1851,2021-10-17 04:05:32,25350.0,1000.0,1713100.0
1852,2021-10-17 04:05:32,25350.0,200.0,1712100.0
1853,2021-10-17 04:05:32,25350.0,1100.0,1711900.0
1854,2021-10-17 04:05:32,25350.0,2400.0,1710800.0
1855,2021-10-17 04:05:32,25350.0,1500.0,1708400.0
1856,2021-10-17 04:05:32,25350.0,5000.0,1706900.0
1857,2021-10-17 04:05:32,25350.0,1000.0,1701900.0
1858,2021-10-17 04:05:32,25350.0,2300.0,1700900.0
1859,2021-10-17 04:05:32,25350.0,100.0,1698600.0
1860,2021-10-17 04:05:32,25350.0,2000.0,1698500.0
1861,2021-10-17 04:05:32,25350.0,2400.0,1696500.0
1862,2021-10-17 04:05:32,25350.0,10000.0,1694100.0
1863,2021-10-17 04:05:32,25350.0,3000.0,1684100.0
1864,2021-10-17 04:05:14,25350.0,1000.0,1681100.0
1865,2021-10-17 04:04:59,25350.0,9500.0,1680100.0
1866,2021-10-17 04:04:59,25350.0,500.0,1670600.0
1867,2021-10-17 04:04:59,25350.0,2400.0,1670100.0
1868,2021-10-17 04:04:59,25350.0,8000.0,1667700.0
1869,2021-10-17 04:04:45,25350.0,2000.0,1659700.0
1870,2021-10-17 04:04:45,25350.0,2300.0,1657700.0
1871,2021-10-17 04:04:45,25350.0,700.0,1655400.0
1872,2021-10-17 04:04:19,25350.0,300.0,1654700.0
1873,2021-10-17 04:04:17,25350.0,100.0,1654400.0
1874,2021-10-17 04:04:17,25350.0,400.0,1654300.0
1875,2021-10-17 04:03:46,25350.0,600.0,1653900.0
1876,2021-10-17 04:03:46,25350.0,100.0,1653300.0
1877,2021-10-17 04:03:43,25400.0,400.0,1653200.0
1878,2021-10-17 04:03:38,25400.0,2300.0,1652800.0
1879,2021-10-17 04:03:34,25400.0,2400.0,1650500.0
1880,2021-10-17 04:03:29,25400.0,100.0,1648100.0
1881,2021-10-17 04:03:16,25350.0,200.0,1648000.0
1882,2021-10-17 04:03:02,25350.0,200.0,1647800.0
1883,2021-10-17 04:01:48,25350.0,200.0,1647600.0
1884,2021-10-17 04:01:11,25350.0,300.0,1647400.0
1885,2021-10-17 04:01:11,25350.0,500.0,1647100.0
1886,2021-10-17 04:01:11,25350.0,1200.0,1646600.0
1887,2021-10-17 04:00:42,25350.0,1000.0,1645400.0
1888,2021-10-17 03:59:49,25350.0,500.0,1644400.0
1889,2021-10-17 03:59:46,25400.0,1200.0,1643900.0
1890,2021-10-17 03:59:25,25400.0,1500.0,1642700.0
1891,2021-10-17 03:59:12,25350.0,2800.0,1641200.0
1892,2021-10-17 03:59:12,25350.0,2200.0,1638400.0
1893,2021-10-17 03:58:58,25350.0,200.0,1636200.0
1894,2021-10-17 03:58:58,25350.0,100.0,1636000.0
1895,2021-10-17 03:58:58,25350.0,500.0,1635900.0
1896,2021-10-17 03:58:54,25350.0,200.0,1635400.0
1897,2021-10-17 03:58:44,25400.0,2400.0,1635200.0
1898,2021-10-17 03:58:44,25400.0,2400.0,1632800.0
1899,2021-10-17 03:58:44,25400.0,2300.0,1630400.0
1900,2021-10-17 03:58:44,25400.0,2400.0,1628100.0
1901,2021-10-17 03:57:45,25400.0,100.0,1625700.0
1902,2021-10-17 03:57:34,25350.0,8000.0,1625600.0
1903,2021-10-17 03:57:07,25400.0,1000.0,1617600.0
1904,2021-10-17 03:57:02,25350.0,1000.0,1616600.0
1905,2021-10-17 03:56:54,25400.0,6500.0,1615600.0
1906,2021-10-17 03:56:21,25400.0,100.0,1609100.0
1907,2021-10-17 03:56:08,25350.0,300.0,1609000.0
1908,2021-10-17 03:56:08,25350.0,100.0,1608700.0
1909,2021-10-17 03:56:08,25350.0,600.0,1608600.0
1910,2021-10-17 03:56:07,25350.0,1800.0,1608000.0
1911,2021-10-17 03:56:07,25350.0,700.0,1606200.0
1912,2021-10-17 03:55:16,25400.0,10000.0,1605500.0
1913,2021-10-17 03:54:50,25350.0,1000.0,1595500.0
1914,2021-10-17 03:54:43,25350.0,2300.0,1594500.0
1915,2021-10-17 03:54:14,25350.0,1000.0,1592200.0
1916,2021-10-17 03:54:14,25350.0,2500.0,1591200.0
1917,2021-10-17 03:54:14,25350.0,100.0,1588700.0
1918,2021-10-17 03:54:14,25350.0,3000.0,1588600.0
1919,2021-10-17 03:54:14,25350.0,100.0,1585600.0
1920,2021-10-17 03:54:14,25350.0,5000.0,1585500.0
1921,2021-10-17 03:54:14,25350.0,100.0,1580500.0
1922,2021-10-17 03:54:14,25350.0,300.0,1580400.0
1923,2021-10-17 03:54:14,25350.0,100.0,1580100.0
1924,2021-10-17 03:54:14,25350.0,200.0,1580000.0
1925,2021-10-17 03:53:09,25400.0,300.0,1579800.0
1926,2021-10-17 03:52:49,25350.0,3800.0,1579500.0
1927,2021-10-17 03:52:49,25350.0,100.0,1575700.0
1928,2021-10-17 03:52:49,25350.0,200.0,1575600.0
1929,2021-10-17 03:52:49,25350.0,2400.0,1575400.0
1930,2021-10-17 03:52:49,25350.0,800.0,1573000.0
1931,2021-10-17 03:52:49,25350.0,2300.0,1572200.0
1932,2021-10-17 03:52:49,25350.0,100.0,1569900.0
1933,2021-10-17 03:52:49,25350.0,200.0,1569800.0
1934,2021-10-17 03:52:49,25350.0,100.0,1569600.0
1935,2021-10-17 03:52:38,25350.0,300.0,1569500.0
1936,2021-10-17 03:51:55,25350.0,2500.0,1569200.0
1937,2021-10-17 03:51:53,25350.0,1900.0,1566700.0
1938,2021-10-17 03:51:52,25350.0,700.0,1564800.0
1939,2021-10-17 03:51:52,25350.0,300.0,1564100.0
1940,2021-10-17 03:51:36,25350.0,1000.0,1563800.0
1941,2021-10-17 03:51:19,25400.0,1000.0,1562800.0
1942,2021-10-17 03:51:13,25350.0,1000.0,1561800.0
1943,2021-10-17 03:51:04,25350.0,500.0,1560800.0
1944,2021-10-17 03:50:55,25400.0,1000.0,1560300.0
1945,2021-10-17 03:50:43,25350.0,1000.0,1559300.0
1946,2021-10-17 03:50:22,25350.0,5000.0,1558300.0
1947,2021-10-17 03:48:50,25350.0,10000.0,1553300.0
1948,2021-10-17 03:48:02,25350.0,1000.0,1543300.0
1949,2021-10-17 03:48:00,25400.0,1300.0,1542300.0
1950,2021-10-17 03:47:56,25400.0,2300.0,1541000.0
1951,2021-10-17 03:47:56,25400.0,300.0,1538700.0
1952,2021-10-17 03:47:56,25400.0,500.0,1538400.0
1953,2021-10-17 03:47:56,25400.0,500.0,1537900.0
1954,2021-10-17 03:47:56,25400.0,2400.0,1537400.0
1955,2021-10-17 03:47:56,25400.0,200.0,1535000.0
1956,2021-10-17 03:47:56,25400.0,5100.0,1534800.0
1957,2021-10-17 03:47:56,25400.0,100.0,1529700.0
1958,2021-10-17 03:47:56,25400.0,2300.0,1529600.0
1959,2021-10-17 03:47:56,25400.0,600.0,1527300.0
1960,2021-10-17 03:47:56,25400.0,200.0,1526700.0
1961,2021-10-17 03:47:56,25400.0,2400.0,1526500.0
1962,2021-10-17 03:47:56,25400.0,200.0,1524100.0
1963,2021-10-17 03:47:56,25400.0,2000.0,1523900.0
1964,2021-10-17 03:47:56,25400.0,2100.0,1521900.0
1965,2021-10-17 03:47:55,25400.0,1000.0,1519800.0
1966,2021-10-17 03:47:51,25400.0,10000.0,1518800.0
1967,2021-10-17 03:47:34,25400.0,2000.0,1508800.0
1968,2021-10-17 03:47:23,25400.0,5000.0,1506800.0
1969,2021-10-17 03:47:19,25400.0,300.0,1501800.0
1970,2021-10-17 03:47:04,25400.0,3500.0,1501500.0
1971,2021-10-17 03:47:02,25400.0,1000.0,1498000.0
1972,2021-10-17 03:47:02,25400.0,5000.0,1497000.0
1973,2021-10-17 03:46:52,25400.0,300.0,1492000.0
1974,2021-10-17 03:46:45,25400.0,300.0,1491700.0
1975,2021-10-17 03:46:39,25400.0,100.0,1491400.0
1976,2021-10-17 03:46:29,25400.0,700.0,1491300.0
1977,2021-10-17 03:46:19,25400.0,300.0,1490600.0
1978,2021-10-17 03:46:17,25400.0,100.0,1490300.0
1979,2021-10-17 03:46:01,25450.0,100.0,1490200.0
1980,2021-10-17 03:45:19,25450.0,500.0,1490100.0
1981,2021-10-17 03:45:11,25450.0,2400.0,1489600.0
1982,2021-10-17 03:44:34,25400.0,700.0,1487200.0
1983,2021-10-17 03:43:40,25450.0,2000.0,1486500.0
1984,2021-10-17 03:43:37,25400.0,2000.0,1484500.0
1985,2021-10-17 03:43:30,25450.0,200.0,1482500.0
1986,2021-10-17 03:43:25,25400.0,400.0,1482300.0
1987,2021-10-17 03:42:46,25400.0,1000.0,1481900.0
1988,2021-10-17 03:42:30,25400.0,100.0,1480900.0
1989,2021-10-17 03:42:29,25400.0,1000.0,1480800.0
1990,2021-10-17 03:42:11,25400.0,500.0,1479800.0
1991,2021-10-17 03:41:33,25400.0,300.0,1479300.0
1992,2021-10-17 03:41:17,25400.0,100.0,1479000.0
1993,2021-10-17 03:41:13,25400.0,500.0,1478900.0
1994,2021-10-17 03:41:09,25400.0,100.0,1478400.0
1995,2021-10-17 03:41:09,25400.0,200.0,1478300.0
1996,2021-10-17 03:41:09,25400.0,300.0,1478100.0
1997,2021-10-17 03:41:09,25400.0,500.0,1477800.0
1998,2021-10-17 03:41:09,25400.0,2000.0,1477300.0
1999,2021-10-17 03:41:09,25400.0,200.0,1475300.0
2000,2021-10-17 03:41:09,25400.0,700.0,1475100.0
2001,2021-10-17 03:41:09,25400.0,3000.0,1474400.0
2002,2021-10-17 03:41:09,25400.0,400.0,1471400.0
2003,2021-10-17 03:41:09,25400.0,900.0,1471000.0
2004,2021-10-17 03:41:09,25400.0,200.0,1470100.0
2005,2021-10-17 03:41:09,25400.0,2000.0,1469900.0
2006,2021-10-17 03:41:09,25400.0,2000.0,1467900.0
2007,2021-10-17 03:41:09,25400.0,3000.0,1465900.0
2008,2021-10-17 03:41:09,25400.0,100.0,1462900.0
2009,2021-10-17 03:41:09,25400.0,100.0,1462800.0
2010,2021-10-17 03:41:09,25400.0,200.0,1462700.0
2011,2021-10-17 03:41:09,25400.0,800.0,1462500.0
2012,2021-10-17 03:41:09,25400.0,500.0,1461700.0
2013,2021-10-17 03:41:09,25400.0,500.0,1461200.0
2014,2021-10-17 03:41:09,25400.0,200.0,1460700.0
2015,2021-10-17 03:41:00,25350.0,200.0,1460500.0
2016,2021-10-17 03:40:49,25350.0,200.0,1460300.0
2017,2021-10-17 03:40:21,25350.0,100.0,1460100.0
2018,2021-10-17 03:40:15,25400.0,800.0,1460000.0
2019,2021-10-17 03:40:15,25400.0,300.0,1459200.0
2020,2021-10-17 03:40:15,25400.0,900.0,1458900.0
2021,2021-10-17 03:40:09,25350.0,200.0,1458000.0
2022,2021-10-17 03:40:09,25350.0,500.0,1457800.0
2023,2021-10-17 03:40:09,25350.0,300.0,1457300.0
2024,2021-10-17 03:39:16,25350.0,400.0,1457000.0
2025,2021-10-17 03:39:01,25350.0,100.0,1456600.0
2026,2021-10-17 03:38:13,25350.0,1000.0,1456500.0
2027,2021-10-17 03:38:10,25400.0,100.0,1455500.0
2028,2021-10-17 03:38:10,25400.0,200.0,1455400.0
2029,2021-10-17 03:38:10,25400.0,200.0,1455200.0
2030,2021-10-17 03:37:59,25350.0,200.0,1455000.0
2031,2021-10-17 03:37:59,25350.0,1800.0,1454800.0
2032,2021-10-17 03:37:57,25350.0,600.0,1453000.0
2033,2021-10-17 03:37:57,25350.0,400.0,1452400.0
2034,2021-10-17 03:37:26,25350.0,600.0,1452000.0
2035,2021-10-17 03:37:26,25350.0,100.0,1451400.0
2036,2021-10-17 03:37:26,25350.0,1000.0,1451300.0
2037,2021-10-17 03:37:26,25350.0,200.0,1450300.0
2038,2021-10-17 03:37:26,25350.0,1000.0,1450100.0
2039,2021-10-17 03:37:26,25350.0,300.0,1449100.0
2040,2021-10-17 03:37:26,25350.0,3900.0,1448800.0
2041,2021-10-17 03:37:26,25350.0,2400.0,1444900.0
2042,2021-10-17 03:37:26,25350.0,200.0,1442500.0
2043,2021-10-17 03:37:26,25350.0,2000.0,1442300.0
