,Time,Price,Volume_per_trade,Volume
0,2021-10-13 07:45:01,24550.0,600.0,3548300.0
1,2021-10-13 07:45:01,24550.0,3000.0,3547700.0
2,2021-10-13 07:45:01,24550.0,1100.0,3544700.0
3,2021-10-13 07:45:01,24550.0,2000.0,3543600.0
4,2021-10-13 07:45:01,24550.0,4000.0,3541600.0
5,2021-10-13 07:45:01,24550.0,1500.0,3537600.0
6,2021-10-13 07:45:01,24550.0,1400.0,3536100.0
7,2021-10-13 07:45:01,24550.0,5000.0,3534700.0
8,2021-10-13 07:45:01,24550.0,500.0,3529700.0
9,2021-10-13 07:45:01,24550.0,100.0,3529200.0
10,2021-10-13 07:45:01,24550.0,6000.0,3529100.0
11,2021-10-13 07:45:01,24550.0,100.0,3523100.0
12,2021-10-13 07:45:01,24550.0,100.0,3523000.0
13,2021-10-13 07:45:01,24550.0,300.0,3522900.0
14,2021-10-13 07:45:01,24550.0,500.0,3522600.0
15,2021-10-13 07:45:01,24550.0,500.0,3522100.0
16,2021-10-13 07:45:01,24550.0,1000.0,3521600.0
17,2021-10-13 07:45:01,24550.0,500.0,3520600.0
18,2021-10-13 07:45:01,24550.0,500.0,3520100.0
19,2021-10-13 07:45:01,24550.0,100.0,3519600.0
20,2021-10-13 07:45:01,24550.0,1200.0,3519500.0
21,2021-10-13 07:45:01,24550.0,200.0,3518300.0
22,2021-10-13 07:45:01,24550.0,1500.0,3518100.0
23,2021-10-13 07:45:01,24550.0,2000.0,3516600.0
24,2021-10-13 07:45:01,24550.0,100.0,3514600.0
25,2021-10-13 07:45:01,24550.0,5000.0,3514500.0
26,2021-10-13 07:45:01,24550.0,1000.0,3509500.0
27,2021-10-13 07:45:01,24550.0,100.0,3508500.0
28,2021-10-13 07:45:01,24550.0,5000.0,3508400.0
29,2021-10-13 07:45:01,24550.0,200.0,3503400.0
30,2021-10-13 07:45:01,24550.0,1000.0,3503200.0
31,2021-10-13 07:45:01,24550.0,1000.0,3502200.0
32,2021-10-13 07:45:01,24550.0,500.0,3501200.0
33,2021-10-13 07:45:01,24550.0,800.0,3500700.0
34,2021-10-13 07:45:01,24550.0,100.0,3499900.0
35,2021-10-13 07:45:01,24550.0,1100.0,3499800.0
36,2021-10-13 07:45:01,24550.0,400.0,3498700.0
37,2021-10-13 07:45:01,24550.0,600.0,3498300.0
38,2021-10-13 07:45:01,24550.0,100.0,3497700.0
39,2021-10-13 07:45:01,24550.0,300.0,3497600.0
40,2021-10-13 07:45:01,24550.0,300.0,3497300.0
41,2021-10-13 07:45:01,24550.0,500.0,3497000.0
42,2021-10-13 07:45:01,24550.0,500.0,3496500.0
43,2021-10-13 07:45:01,24550.0,1300.0,3496000.0
44,2021-10-13 07:45:01,24550.0,3700.0,3494700.0
45,2021-10-13 07:45:01,24550.0,500.0,3491000.0
46,2021-10-13 07:45:01,24550.0,400.0,3490500.0
47,2021-10-13 07:45:01,24550.0,200.0,3490100.0
48,2021-10-13 07:45:01,24550.0,200.0,3489900.0
49,2021-10-13 07:45:01,24550.0,800.0,3489700.0
50,2021-10-13 07:45:01,24550.0,1400.0,3488900.0
51,2021-10-13 07:45:01,24550.0,500.0,3487500.0
52,2021-10-13 07:45:01,24550.0,500.0,3487000.0
53,2021-10-13 07:45:01,24550.0,100.0,3486500.0
54,2021-10-13 07:45:01,24550.0,1000.0,3486400.0
55,2021-10-13 07:45:01,24550.0,500.0,3485400.0
56,2021-10-13 07:45:01,24550.0,200.0,3484900.0
57,2021-10-13 07:45:01,24550.0,800.0,3484700.0
58,2021-10-13 07:45:01,24550.0,200.0,3483900.0
59,2021-10-13 07:45:01,24550.0,400.0,3483700.0
60,2021-10-13 07:45:01,24550.0,1400.0,3483300.0
61,2021-10-13 07:45:01,24550.0,1000.0,3481900.0
62,2021-10-13 07:45:01,24550.0,1300.0,3480900.0
63,2021-10-13 07:45:01,24550.0,100.0,3479600.0
64,2021-10-13 07:45:01,24550.0,1000.0,3479500.0
65,2021-10-13 07:45:01,24550.0,2900.0,3478500.0
66,2021-10-13 07:45:01,24550.0,200.0,3475600.0
67,2021-10-13 07:45:01,24550.0,500.0,3475400.0
68,2021-10-13 07:45:01,24550.0,1400.0,3474900.0
69,2021-10-13 07:45:01,24550.0,200.0,3473500.0
70,2021-10-13 07:45:01,24550.0,400.0,3473300.0
71,2021-10-13 07:45:01,24550.0,100.0,3472900.0
72,2021-10-13 07:45:01,24550.0,500.0,3472800.0
73,2021-10-13 07:45:01,24550.0,500.0,3472300.0
74,2021-10-13 07:29:59,24500.0,100.0,3471800.0
75,2021-10-13 07:29:56,24500.0,1000.0,3471700.0
76,2021-10-13 07:29:54,24500.0,100.0,3470700.0
77,2021-10-13 07:29:54,24500.0,100.0,3470600.0
78,2021-10-13 07:29:54,24500.0,500.0,3470500.0
79,2021-10-13 07:29:51,24500.0,1000.0,3470000.0
80,2021-10-13 07:29:51,24500.0,2900.0,3469000.0
81,2021-10-13 07:29:51,24500.0,200.0,3466100.0
82,2021-10-13 07:29:51,24500.0,500.0,3465900.0
83,2021-10-13 07:29:51,24500.0,1400.0,3465400.0
84,2021-10-13 07:29:43,24500.0,100.0,3464000.0
85,2021-10-13 07:29:39,24500.0,100.0,3463900.0
86,2021-10-13 07:29:36,24450.0,4300.0,3463800.0
87,2021-10-13 07:29:36,24450.0,400.0,3459500.0
88,2021-10-13 07:29:36,24450.0,100.0,3459100.0
89,2021-10-13 07:29:36,24450.0,100.0,3459000.0
90,2021-10-13 07:29:36,24450.0,200.0,3458900.0
91,2021-10-13 07:29:36,24450.0,800.0,3458700.0
92,2021-10-13 07:29:36,24450.0,500.0,3457900.0
93,2021-10-13 07:29:36,24450.0,100.0,3457400.0
94,2021-10-13 07:29:36,24450.0,1000.0,3457300.0
95,2021-10-13 07:29:36,24450.0,1000.0,3456300.0
96,2021-10-13 07:29:36,24450.0,200.0,3455300.0
97,2021-10-13 07:29:36,24450.0,5000.0,3455100.0
98,2021-10-13 07:29:36,24450.0,100.0,3450100.0
99,2021-10-13 07:29:36,24450.0,1000.0,3450000.0
100,2021-10-13 07:29:36,24450.0,500.0,3449000.0
101,2021-10-13 07:29:36,24450.0,100.0,3448500.0
102,2021-10-13 07:29:36,24450.0,1000.0,3448400.0
103,2021-10-13 07:29:36,24450.0,400.0,3447400.0
104,2021-10-13 07:29:36,24450.0,200.0,3447000.0
105,2021-10-13 07:29:36,24450.0,100.0,3446800.0
106,2021-10-13 07:29:36,24450.0,2000.0,3446700.0
107,2021-10-13 07:29:36,24450.0,1000.0,3444700.0
108,2021-10-13 07:29:36,24450.0,5000.0,3443700.0
109,2021-10-13 07:29:36,24450.0,100.0,3438700.0
110,2021-10-13 07:29:36,24450.0,1000.0,3438600.0
111,2021-10-13 07:29:36,24450.0,200.0,3437600.0
112,2021-10-13 07:29:36,24450.0,1800.0,3437400.0
113,2021-10-13 07:29:36,24450.0,500.0,3435600.0
114,2021-10-13 07:29:36,24450.0,10000.0,3435100.0
115,2021-10-13 07:29:36,24450.0,300.0,3425100.0
116,2021-10-13 07:29:36,24450.0,1000.0,3424800.0
117,2021-10-13 07:29:36,24450.0,100.0,3423800.0
118,2021-10-13 07:29:36,24450.0,2000.0,3423700.0
119,2021-10-13 07:29:36,24450.0,6900.0,3421700.0
120,2021-10-13 07:29:29,24500.0,500.0,3414800.0
121,2021-10-13 07:29:26,24450.0,1000.0,3414300.0
122,2021-10-13 07:29:23,24500.0,300.0,3413300.0
123,2021-10-13 07:29:23,24500.0,4700.0,3413000.0
124,2021-10-13 07:29:17,24500.0,2300.0,3408300.0
125,2021-10-13 07:29:17,24500.0,700.0,3406000.0
126,2021-10-13 07:29:16,24500.0,100.0,3405300.0
127,2021-10-13 07:29:16,24500.0,600.0,3405200.0
128,2021-10-13 07:29:16,24500.0,1600.0,3404600.0
129,2021-10-13 07:29:16,24500.0,7000.0,3403000.0
130,2021-10-13 07:29:09,24500.0,5000.0,3396000.0
131,2021-10-13 07:29:08,24500.0,2000.0,3391000.0
132,2021-10-13 07:29:07,24500.0,3000.0,3389000.0
133,2021-10-13 07:28:49,24500.0,2000.0,3386000.0
134,2021-10-13 07:28:47,24500.0,200.0,3384000.0
135,2021-10-13 07:28:45,24500.0,800.0,3383800.0
136,2021-10-13 07:28:42,24450.0,2100.0,3383000.0
137,2021-10-13 07:28:42,24450.0,2000.0,3380900.0
138,2021-10-13 07:28:42,24450.0,10000.0,3378900.0
139,2021-10-13 07:28:42,24450.0,1000.0,3368900.0
140,2021-10-13 07:28:42,24450.0,2000.0,3367900.0
141,2021-10-13 07:28:42,24450.0,1000.0,3365900.0
142,2021-10-13 07:28:42,24450.0,300.0,3364900.0
143,2021-10-13 07:28:42,24450.0,100.0,3364600.0
144,2021-10-13 07:28:42,24450.0,1000.0,3364500.0
145,2021-10-13 07:28:42,24450.0,100.0,3363500.0
146,2021-10-13 07:28:42,24450.0,500.0,3363400.0
147,2021-10-13 07:28:42,24450.0,800.0,3362900.0
148,2021-10-13 07:28:42,24450.0,100.0,3362100.0
149,2021-10-13 07:28:42,24450.0,100.0,3362000.0
150,2021-10-13 07:28:42,24450.0,3900.0,3361900.0
151,2021-10-13 07:28:42,24500.0,800.0,3358000.0
152,2021-10-13 07:28:42,24500.0,1200.0,3357200.0
153,2021-10-13 07:28:35,24500.0,3800.0,3356000.0
154,2021-10-13 07:28:35,24500.0,5200.0,3352200.0
155,2021-10-13 07:28:35,24500.0,200.0,3347000.0
156,2021-10-13 07:28:35,24500.0,500.0,3346800.0
157,2021-10-13 07:28:35,24500.0,300.0,3346300.0
158,2021-10-13 07:28:34,24500.0,100.0,3346000.0
159,2021-10-13 07:28:28,24500.0,1000.0,3345900.0
160,2021-10-13 07:28:28,24500.0,2000.0,3344900.0
161,2021-10-13 07:28:28,24500.0,500.0,3342900.0
162,2021-10-13 07:28:28,24500.0,1000.0,3342400.0
163,2021-10-13 07:28:28,24500.0,100.0,3341400.0
164,2021-10-13 07:28:26,24500.0,900.0,3341300.0
165,2021-10-13 07:28:26,24500.0,3000.0,3340400.0
166,2021-10-13 07:28:26,24500.0,6100.0,3337400.0
167,2021-10-13 07:28:26,24500.0,3700.0,3331300.0
168,2021-10-13 07:28:26,24500.0,1300.0,3327600.0
169,2021-10-13 07:28:18,24500.0,300.0,3326300.0
170,2021-10-13 07:28:18,24500.0,4700.0,3326000.0
171,2021-10-13 07:28:17,24500.0,2000.0,3321300.0
172,2021-10-13 07:28:09,24500.0,3300.0,3319300.0
173,2021-10-13 07:28:09,24500.0,200.0,3316000.0
174,2021-10-13 07:28:09,24500.0,200.0,3315800.0
175,2021-10-13 07:28:09,24500.0,800.0,3315600.0
176,2021-10-13 07:28:09,24500.0,500.0,3314800.0
177,2021-10-13 07:28:06,24500.0,4000.0,3314300.0
178,2021-10-13 07:28:05,24500.0,100.0,3310300.0
179,2021-10-13 07:28:05,24500.0,1000.0,3310200.0
180,2021-10-13 07:27:57,24500.0,4400.0,3309200.0
181,2021-10-13 07:27:57,24500.0,100.0,3304800.0
182,2021-10-13 07:27:57,24500.0,100.0,3304700.0
183,2021-10-13 07:27:57,24500.0,200.0,3304600.0
184,2021-10-13 07:27:57,24500.0,1000.0,3304400.0
185,2021-10-13 07:27:57,24500.0,100.0,3303400.0
186,2021-10-13 07:27:57,24500.0,100.0,3303300.0
187,2021-10-13 07:27:57,24500.0,300.0,3303200.0
188,2021-10-13 07:27:57,24500.0,200.0,3302900.0
189,2021-10-13 07:27:57,24500.0,500.0,3302700.0
190,2021-10-13 07:27:57,24500.0,100.0,3302200.0
191,2021-10-13 07:27:57,24500.0,100.0,3302100.0
192,2021-10-13 07:27:57,24500.0,1000.0,3302000.0
193,2021-10-13 07:27:57,24500.0,400.0,3301000.0
194,2021-10-13 07:27:57,24500.0,500.0,3300600.0
195,2021-10-13 07:27:57,24500.0,100.0,3300100.0
196,2021-10-13 07:27:57,24500.0,100.0,3300000.0
197,2021-10-13 07:27:57,24500.0,100.0,3299900.0
198,2021-10-13 07:27:57,24500.0,300.0,3299800.0
199,2021-10-13 07:27:57,24500.0,300.0,3299500.0
200,2021-10-13 07:27:50,24500.0,700.0,3299200.0
201,2021-10-13 07:27:50,24500.0,200.0,3298500.0
202,2021-10-13 07:27:50,24500.0,4100.0,3298300.0
203,2021-10-13 07:27:41,24500.0,100.0,3294200.0
204,2021-10-13 07:27:34,24500.0,2000.0,3294100.0
205,2021-10-13 07:27:26,24500.0,100.0,3292100.0
206,2021-10-13 07:27:18,24500.0,2000.0,3292000.0
207,2021-10-13 07:27:15,24500.0,800.0,3290000.0
208,2021-10-13 07:27:13,24500.0,900.0,3289200.0
209,2021-10-13 07:27:13,24500.0,100.0,3288300.0
210,2021-10-13 07:27:07,24500.0,900.0,3288200.0
211,2021-10-13 07:27:07,24500.0,100.0,3287300.0
212,2021-10-13 07:27:04,24500.0,500.0,3287200.0
213,2021-10-13 07:27:00,24500.0,1000.0,3286700.0
214,2021-10-13 07:26:58,24500.0,3400.0,3285700.0
215,2021-10-13 07:26:58,24500.0,100.0,3282300.0
216,2021-10-13 07:26:58,24500.0,100.0,3282200.0
217,2021-10-13 07:26:58,24500.0,100.0,3282100.0
218,2021-10-13 07:26:58,24500.0,2000.0,3282000.0
219,2021-10-13 07:26:58,24500.0,300.0,3280000.0
220,2021-10-13 07:26:58,24500.0,1000.0,3279700.0
221,2021-10-13 07:26:58,24500.0,200.0,3278700.0
222,2021-10-13 07:26:58,24500.0,1000.0,3278500.0
223,2021-10-13 07:26:58,24500.0,300.0,3277500.0
224,2021-10-13 07:26:58,24500.0,1000.0,3277200.0
225,2021-10-13 07:26:58,24500.0,1000.0,3276200.0
226,2021-10-13 07:26:58,24500.0,100.0,3275200.0
227,2021-10-13 07:26:58,24500.0,100.0,3275100.0
228,2021-10-13 07:26:58,24500.0,100.0,3275000.0
229,2021-10-13 07:26:58,24500.0,1000.0,3274900.0
230,2021-10-13 07:26:58,24500.0,200.0,3273900.0
231,2021-10-13 07:26:58,24500.0,200.0,3273700.0
232,2021-10-13 07:26:58,24500.0,200.0,3273500.0
233,2021-10-13 07:26:58,24500.0,100.0,3273300.0
234,2021-10-13 07:26:58,24500.0,500.0,3273200.0
235,2021-10-13 07:26:58,24500.0,300.0,3272700.0
236,2021-10-13 07:26:58,24500.0,1000.0,3272400.0
237,2021-10-13 07:26:58,24500.0,3500.0,3271400.0
238,2021-10-13 07:26:58,24500.0,200.0,3267900.0
239,2021-10-13 07:26:58,24500.0,100.0,3267700.0
240,2021-10-13 07:26:58,24500.0,500.0,3267600.0
241,2021-10-13 07:26:58,24500.0,1000.0,3267100.0
242,2021-10-13 07:26:58,24500.0,300.0,3266100.0
243,2021-10-13 07:26:58,24500.0,100.0,3265800.0
244,2021-10-13 07:26:58,24500.0,4000.0,3265700.0
245,2021-10-13 07:26:58,24500.0,100.0,3261700.0
246,2021-10-13 07:26:58,24500.0,200.0,3261600.0
247,2021-10-13 07:26:58,24500.0,1000.0,3261400.0
248,2021-10-13 07:26:58,24500.0,500.0,3260400.0
249,2021-10-13 07:26:58,24500.0,500.0,3259900.0
250,2021-10-13 07:26:58,24500.0,1000.0,3259400.0
251,2021-10-13 07:26:58,24500.0,500.0,3258400.0
252,2021-10-13 07:26:58,24500.0,2000.0,3257900.0
253,2021-10-13 07:26:58,24500.0,500.0,3255900.0
254,2021-10-13 07:26:58,24500.0,100.0,3255400.0
255,2021-10-13 07:26:58,24500.0,5000.0,3255300.0
256,2021-10-13 07:26:58,24500.0,100.0,3250300.0
257,2021-10-13 07:26:58,24500.0,200.0,3250200.0
258,2021-10-13 07:26:58,24500.0,100.0,3250000.0
259,2021-10-13 07:26:58,24500.0,3500.0,3249900.0
260,2021-10-13 07:26:58,24500.0,200.0,3246400.0
261,2021-10-13 07:26:58,24500.0,100.0,3246200.0
262,2021-10-13 07:26:58,24500.0,100.0,3246100.0
263,2021-10-13 07:26:58,24500.0,500.0,3246000.0
264,2021-10-13 07:26:58,24500.0,1400.0,3245500.0
265,2021-10-13 07:26:58,24500.0,100.0,3244100.0
266,2021-10-13 07:26:58,24500.0,1000.0,3244000.0
267,2021-10-13 07:26:58,24500.0,1000.0,3243000.0
268,2021-10-13 07:26:58,24500.0,500.0,3242000.0
269,2021-10-13 07:26:58,24500.0,800.0,3241500.0
270,2021-10-13 07:26:46,24500.0,200.0,3240700.0
271,2021-10-13 07:26:46,24500.0,1200.0,3240500.0
272,2021-10-13 07:26:46,24500.0,200.0,3239300.0
273,2021-10-13 07:26:46,24500.0,100.0,3239100.0
274,2021-10-13 07:26:46,24500.0,1000.0,3239000.0
275,2021-10-13 07:26:46,24500.0,100.0,3238000.0
276,2021-10-13 07:26:46,24500.0,2200.0,3237900.0
277,2021-10-13 07:26:39,24500.0,1900.0,3235700.0
278,2021-10-13 07:26:30,24500.0,900.0,3233800.0
279,2021-10-13 07:26:30,24500.0,9100.0,3232900.0
280,2021-10-13 07:26:27,24550.0,200.0,3223800.0
281,2021-10-13 07:26:07,24550.0,100.0,3223600.0
282,2021-10-13 07:26:03,24500.0,900.0,3223500.0
283,2021-10-13 07:26:03,24500.0,1100.0,3222600.0
284,2021-10-13 07:26:01,24550.0,200.0,3221500.0
285,2021-10-13 07:25:41,24550.0,100.0,3221300.0
286,2021-10-13 07:25:39,24550.0,200.0,3221200.0
287,2021-10-13 07:25:39,24550.0,200.0,3221000.0
288,2021-10-13 07:25:39,24550.0,1000.0,3220800.0
289,2021-10-13 07:25:39,24550.0,1400.0,3219800.0
290,2021-10-13 07:25:39,24550.0,1000.0,3218400.0
291,2021-10-13 07:25:39,24550.0,3000.0,3217400.0
292,2021-10-13 07:25:39,24550.0,100.0,3214400.0
293,2021-10-13 07:25:39,24550.0,1000.0,3214300.0
294,2021-10-13 07:25:39,24550.0,100.0,3213300.0
295,2021-10-13 07:25:39,24550.0,100.0,3213200.0
296,2021-10-13 07:25:39,24550.0,1000.0,3213100.0
297,2021-10-13 07:25:39,24550.0,6000.0,3212100.0
298,2021-10-13 07:25:39,24550.0,1000.0,3206100.0
299,2021-10-13 07:25:39,24550.0,100.0,3205100.0
300,2021-10-13 07:25:39,24550.0,1000.0,3205000.0
301,2021-10-13 07:25:39,24550.0,100.0,3204000.0
302,2021-10-13 07:25:39,24550.0,1000.0,3203900.0
303,2021-10-13 07:25:39,24550.0,200.0,3202900.0
304,2021-10-13 07:25:39,24550.0,500.0,3202700.0
305,2021-10-13 07:25:39,24550.0,100.0,3202200.0
306,2021-10-13 07:25:39,24550.0,100.0,3202100.0
307,2021-10-13 07:25:39,24550.0,100.0,3202000.0
308,2021-10-13 07:25:39,24550.0,2000.0,3201900.0
309,2021-10-13 07:25:39,24550.0,200.0,3199900.0
310,2021-10-13 07:25:39,24550.0,1000.0,3199700.0
311,2021-10-13 07:25:39,24550.0,1000.0,3198700.0
312,2021-10-13 07:25:39,24550.0,300.0,3197700.0
313,2021-10-13 07:25:39,24550.0,100.0,3197400.0
314,2021-10-13 07:25:39,24550.0,1100.0,3197300.0
315,2021-10-13 07:25:35,24550.0,2900.0,3196200.0
316,2021-10-13 07:25:35,24550.0,100.0,3193300.0
317,2021-10-13 07:25:35,24550.0,1600.0,3193200.0
318,2021-10-13 07:25:35,24550.0,600.0,3191600.0
319,2021-10-13 07:25:35,24550.0,2000.0,3191000.0
320,2021-10-13 07:25:35,24550.0,500.0,3189000.0
321,2021-10-13 07:25:32,24550.0,100.0,3188500.0
322,2021-10-13 07:25:31,24550.0,3400.0,3188400.0
323,2021-10-13 07:25:31,24550.0,100.0,3185000.0
324,2021-10-13 07:25:31,24550.0,100.0,3184900.0
325,2021-10-13 07:25:31,24550.0,600.0,3184800.0
326,2021-10-13 07:25:31,24550.0,500.0,3184200.0
327,2021-10-13 07:25:31,24550.0,200.0,3183700.0
328,2021-10-13 07:25:31,24550.0,5100.0,3183500.0
329,2021-10-13 07:25:26,24550.0,4000.0,3178400.0
330,2021-10-13 07:25:16,24550.0,5900.0,3174400.0
331,2021-10-13 07:25:16,24550.0,200.0,3168500.0
332,2021-10-13 07:25:16,24550.0,300.0,3168300.0
333,2021-10-13 07:25:16,24550.0,500.0,3168000.0
334,2021-10-13 07:25:16,24550.0,1000.0,3167500.0
335,2021-10-13 07:25:16,24550.0,8000.0,3166500.0
336,2021-10-13 07:25:16,24550.0,100.0,3158500.0
337,2021-10-13 07:25:16,24550.0,1000.0,3158400.0
338,2021-10-13 07:25:16,24550.0,2600.0,3157400.0
339,2021-10-13 07:25:12,24600.0,200.0,3154800.0
340,2021-10-13 07:24:40,24600.0,200.0,3154600.0
341,2021-10-13 07:24:05,24600.0,200.0,3154400.0
342,2021-10-13 07:23:58,24600.0,100.0,3154200.0
343,2021-10-13 07:23:37,24600.0,100.0,3154100.0
344,2021-10-13 07:23:37,24600.0,100.0,3154000.0
345,2021-10-13 07:23:34,24550.0,600.0,3153900.0
346,2021-10-13 07:23:31,24600.0,200.0,3153300.0
347,2021-10-13 07:23:31,24600.0,300.0,3153100.0
348,2021-10-13 07:23:30,24600.0,100.0,3152800.0
349,2021-10-13 07:23:24,24600.0,2300.0,3152700.0
350,2021-10-13 07:23:20,24600.0,100.0,3150400.0
351,2021-10-13 07:22:51,24600.0,200.0,3150300.0
352,2021-10-13 07:22:51,24600.0,300.0,3150100.0
353,2021-10-13 07:22:51,24600.0,200.0,3149800.0
354,2021-10-13 07:22:51,24600.0,500.0,3149600.0
355,2021-10-13 07:22:51,24600.0,1000.0,3149100.0
356,2021-10-13 07:22:51,24600.0,100.0,3148100.0
357,2021-10-13 07:22:51,24600.0,900.0,3148000.0
358,2021-10-13 07:22:48,24600.0,3000.0,3147100.0
359,2021-10-13 07:22:48,24600.0,6300.0,3144100.0
360,2021-10-13 07:22:29,24600.0,1000.0,3137800.0
361,2021-10-13 07:22:17,24600.0,600.0,3136800.0
362,2021-10-13 07:22:04,24600.0,5000.0,3136200.0
363,2021-10-13 07:21:52,24600.0,5000.0,3131200.0
364,2021-10-13 07:21:49,24600.0,100.0,3126200.0
365,2021-10-13 07:21:32,24600.0,500.0,3126100.0
366,2021-10-13 07:21:30,24600.0,10000.0,3125600.0
367,2021-10-13 07:21:30,24600.0,2000.0,3115600.0
368,2021-10-13 07:21:30,24600.0,5500.0,3113600.0
369,2021-10-13 07:21:30,24600.0,4000.0,3108100.0
370,2021-10-13 07:21:30,24600.0,5200.0,3104100.0
371,2021-10-13 07:21:11,24600.0,300.0,3098900.0
372,2021-10-13 07:21:10,24600.0,500.0,3098600.0
373,2021-10-13 07:21:10,24600.0,500.0,3098100.0
374,2021-10-13 07:20:53,24600.0,100.0,3097600.0
375,2021-10-13 07:20:09,24600.0,100.0,3097500.0
376,2021-10-13 07:20:09,24600.0,500.0,3097400.0
377,2021-10-13 07:20:09,24600.0,100.0,3096900.0
378,2021-10-13 07:20:09,24600.0,1000.0,3096800.0
379,2021-10-13 07:20:09,24600.0,1000.0,3095800.0
380,2021-10-13 07:20:09,24600.0,2000.0,3094800.0
381,2021-10-13 07:20:09,24600.0,500.0,3092800.0
382,2021-10-13 07:20:09,24600.0,20000.0,3092300.0
383,2021-10-13 07:20:09,24600.0,200.0,3072300.0
384,2021-10-13 07:20:09,24600.0,10000.0,3072100.0
385,2021-10-13 07:20:09,24600.0,4600.0,3062100.0
386,2021-10-13 07:19:50,24600.0,400.0,3057500.0
387,2021-10-13 07:19:50,24600.0,100.0,3057100.0
388,2021-10-13 07:19:38,24600.0,2000.0,3057000.0
389,2021-10-13 07:19:24,24650.0,100.0,3055000.0
390,2021-10-13 07:19:10,24600.0,3000.0,3054900.0
391,2021-10-13 07:18:56,24600.0,500.0,3051900.0
392,2021-10-13 07:18:42,24600.0,200.0,3051400.0
393,2021-10-13 07:18:37,24600.0,3200.0,3051200.0
394,2021-10-13 07:18:37,24600.0,8800.0,3048000.0
395,2021-10-13 07:18:31,24600.0,1000.0,3039200.0
396,2021-10-13 07:18:26,24600.0,1000.0,3038200.0
397,2021-10-13 07:18:09,24600.0,2000.0,3037200.0
398,2021-10-13 07:18:09,24600.0,2200.0,3035200.0
399,2021-10-13 07:18:07,24600.0,6400.0,3033000.0
400,2021-10-13 07:18:07,24600.0,100.0,3026600.0
401,2021-10-13 07:18:07,24600.0,400.0,3026500.0
402,2021-10-13 07:18:07,24600.0,500.0,3026100.0
403,2021-10-13 07:18:07,24600.0,2000.0,3025600.0
404,2021-10-13 07:18:07,24600.0,200.0,3023600.0
405,2021-10-13 07:18:07,24600.0,300.0,3023400.0
406,2021-10-13 07:18:07,24600.0,5100.0,3023100.0
407,2021-10-13 07:18:03,24600.0,400.0,3018000.0
408,2021-10-13 07:18:03,24600.0,500.0,3017600.0
409,2021-10-13 07:18:03,24600.0,500.0,3017100.0
410,2021-10-13 07:18:03,24600.0,400.0,3016600.0
411,2021-10-13 07:18:03,24600.0,300.0,3016200.0
412,2021-10-13 07:18:03,24600.0,200.0,3015900.0
413,2021-10-13 07:18:03,24600.0,600.0,3015700.0
414,2021-10-13 07:18:03,24600.0,100.0,3015100.0
415,2021-10-13 07:17:53,24600.0,5400.0,3015000.0
416,2021-10-13 07:17:53,24600.0,9600.0,3009600.0
417,2021-10-13 07:17:49,24600.0,100.0,3000000.0
418,2021-10-13 07:17:46,24600.0,5000.0,2999900.0
419,2021-10-13 07:17:45,24600.0,1000.0,2994900.0
420,2021-10-13 07:17:39,24600.0,200.0,2993900.0
421,2021-10-13 07:17:37,24550.0,5000.0,2993700.0
422,2021-10-13 07:17:28,24600.0,7100.0,2988700.0
423,2021-10-13 07:17:10,24600.0,2000.0,2981600.0
424,2021-10-13 07:17:00,24600.0,300.0,2979600.0
425,2021-10-13 07:17:00,24600.0,200.0,2979300.0
426,2021-10-13 07:16:48,24600.0,100.0,2979100.0
427,2021-10-13 07:16:34,24600.0,100.0,2979000.0
428,2021-10-13 07:16:26,24600.0,10000.0,2978900.0
429,2021-10-13 07:16:19,24550.0,1300.0,2968900.0
430,2021-10-13 07:16:17,24550.0,5000.0,2967600.0
431,2021-10-13 07:16:03,24550.0,500.0,2962600.0
432,2021-10-13 07:16:03,24550.0,1000.0,2962100.0
433,2021-10-13 07:16:03,24550.0,200.0,2961100.0
434,2021-10-13 07:16:03,24550.0,300.0,2960900.0
435,2021-10-13 07:16:03,24550.0,2000.0,2960600.0
436,2021-10-13 07:16:03,24550.0,100.0,2958600.0
437,2021-10-13 07:16:03,24550.0,900.0,2958500.0
438,2021-10-13 07:15:56,24600.0,10000.0,2957600.0
439,2021-10-13 07:15:42,24550.0,700.0,2947600.0
440,2021-10-13 07:15:31,24550.0,3000.0,2946900.0
441,2021-10-13 07:15:31,24600.0,1000.0,2943900.0
442,2021-10-13 07:15:00,24600.0,100.0,2942900.0
443,2021-10-13 07:14:55,24550.0,1000.0,2942800.0
444,2021-10-13 07:14:51,24600.0,200.0,2941800.0
445,2021-10-13 07:14:41,24600.0,800.0,2941600.0
446,2021-10-13 07:14:07,24600.0,100.0,2940800.0
447,2021-10-13 07:13:58,24600.0,200.0,2940700.0
448,2021-10-13 07:13:46,24600.0,1100.0,2940500.0
449,2021-10-13 07:12:31,24600.0,200.0,2939400.0
450,2021-10-13 07:12:25,24600.0,200.0,2939200.0
451,2021-10-13 07:11:54,24600.0,500.0,2939000.0
452,2021-10-13 07:11:16,24600.0,100.0,2938500.0
453,2021-10-13 07:11:16,24600.0,100.0,2938400.0
454,2021-10-13 07:10:47,24600.0,400.0,2938300.0
455,2021-10-13 07:10:47,24600.0,100.0,2937900.0
456,2021-10-13 07:10:46,24550.0,400.0,2937800.0
457,2021-10-13 07:10:45,24550.0,500.0,2937400.0
458,2021-10-13 07:10:41,24550.0,2000.0,2936900.0
459,2021-10-13 07:10:19,24600.0,900.0,2934900.0
460,2021-10-13 07:10:19,24600.0,9100.0,2934000.0
461,2021-10-13 07:10:17,24550.0,200.0,2924900.0
462,2021-10-13 07:10:17,24550.0,400.0,2924700.0
463,2021-10-13 07:10:17,24550.0,100.0,2924300.0
464,2021-10-13 07:10:17,24550.0,100.0,2924200.0
465,2021-10-13 07:10:17,24550.0,100.0,2924100.0
466,2021-10-13 07:10:16,24550.0,100.0,2924000.0
467,2021-10-13 07:10:16,24550.0,1300.0,2923900.0
468,2021-10-13 07:10:13,24600.0,900.0,2922600.0
469,2021-10-13 07:10:13,24600.0,100.0,2921700.0
470,2021-10-13 07:09:48,24550.0,1000.0,2921600.0
471,2021-10-13 07:09:34,24600.0,100.0,2920600.0
472,2021-10-13 07:09:26,24600.0,100.0,2920500.0
473,2021-10-13 07:09:26,24600.0,200.0,2920400.0
474,2021-10-13 07:09:00,24550.0,3200.0,2920200.0
475,2021-10-13 07:09:00,24550.0,1000.0,2917000.0
476,2021-10-13 07:09:00,24550.0,800.0,2916000.0
477,2021-10-13 07:08:38,24600.0,500.0,2915200.0
478,2021-10-13 07:08:38,24600.0,4000.0,2914700.0
479,2021-10-13 07:08:28,24600.0,100.0,2910700.0
480,2021-10-13 07:08:02,24600.0,900.0,2910600.0
481,2021-10-13 07:08:02,24600.0,100.0,2909700.0
482,2021-10-13 07:07:46,24600.0,300.0,2909600.0
483,2021-10-13 07:07:46,24600.0,3600.0,2909300.0
484,2021-10-13 07:07:41,24600.0,200.0,2905700.0
485,2021-10-13 07:07:06,24550.0,1200.0,2905500.0
486,2021-10-13 07:06:53,24600.0,2000.0,2904300.0
487,2021-10-13 07:06:53,24600.0,600.0,2902300.0
488,2021-10-13 07:06:53,24600.0,100.0,2901700.0
489,2021-10-13 07:06:53,24600.0,300.0,2901600.0
490,2021-10-13 07:06:53,24600.0,100.0,2901300.0
491,2021-10-13 07:06:53,24600.0,100.0,2901200.0
492,2021-10-13 07:06:53,24600.0,100.0,2901100.0
493,2021-10-13 07:06:53,24600.0,1400.0,2901000.0
494,2021-10-13 07:06:48,24600.0,4700.0,2899600.0
495,2021-10-13 07:06:43,24600.0,1800.0,2894900.0
496,2021-10-13 07:06:01,24650.0,300.0,2893100.0
497,2021-10-13 07:05:52,24650.0,200.0,2892800.0
498,2021-10-13 07:05:44,24650.0,500.0,2892600.0
499,2021-10-13 07:05:43,24650.0,100.0,2892100.0
500,2021-10-13 07:05:43,24650.0,4900.0,2892000.0
501,2021-10-13 07:05:42,24650.0,500.0,2887100.0
502,2021-10-13 07:05:36,24650.0,3000.0,2886600.0
503,2021-10-13 07:04:38,24650.0,3500.0,2883600.0
504,2021-10-13 07:04:37,24650.0,100.0,2880100.0
505,2021-10-13 07:03:58,24600.0,1000.0,2880000.0
506,2021-10-13 07:03:57,24600.0,100.0,2879000.0
507,2021-10-13 07:03:48,24600.0,100.0,2878900.0
508,2021-10-13 07:03:30,24600.0,600.0,2878800.0
509,2021-10-13 07:03:03,24600.0,10000.0,2878200.0
510,2021-10-13 07:03:03,24600.0,300.0,2868200.0
511,2021-10-13 07:02:44,24550.0,2400.0,2867900.0
512,2021-10-13 07:02:44,24550.0,1000.0,2865500.0
513,2021-10-13 07:02:44,24550.0,600.0,2864500.0
514,2021-10-13 07:02:44,24550.0,6000.0,2863900.0
515,2021-10-13 07:02:08,24550.0,2500.0,2857900.0
516,2021-10-13 07:02:02,24550.0,1500.0,2855400.0
517,2021-10-13 07:02:02,24550.0,400.0,2853900.0
518,2021-10-13 07:01:55,24550.0,13100.0,2853500.0
519,2021-10-13 07:01:55,24550.0,6900.0,2840400.0
520,2021-10-13 07:01:54,24550.0,5000.0,2833500.0
521,2021-10-13 07:01:51,24550.0,100.0,2828500.0
522,2021-10-13 07:01:51,24550.0,200.0,2828400.0
523,2021-10-13 07:01:50,24550.0,200.0,2828200.0
524,2021-10-13 07:01:46,24550.0,1000.0,2828000.0
525,2021-10-13 07:01:40,24550.0,6000.0,2827000.0
526,2021-10-13 07:01:38,24550.0,11000.0,2821000.0
527,2021-10-13 07:01:32,24550.0,300.0,2810000.0
528,2021-10-13 07:01:30,24550.0,200.0,2809700.0
529,2021-10-13 07:01:30,24550.0,100.0,2809500.0
530,2021-10-13 07:01:30,24550.0,300.0,2809400.0
531,2021-10-13 07:01:30,24550.0,100.0,2809100.0
532,2021-10-13 07:01:30,24550.0,200.0,2809000.0
533,2021-10-13 07:01:30,24550.0,100.0,2808800.0
534,2021-10-13 07:01:30,24550.0,200.0,2808700.0
535,2021-10-13 07:01:30,24550.0,500.0,2808500.0
536,2021-10-13 07:01:30,24550.0,1100.0,2808000.0
537,2021-10-13 07:01:30,24550.0,5000.0,2806900.0
538,2021-10-13 07:01:30,24550.0,1000.0,2801900.0
539,2021-10-13 07:01:30,24550.0,10000.0,2800900.0
540,2021-10-13 07:01:30,24550.0,1000.0,2790900.0
541,2021-10-13 07:01:30,24550.0,200.0,2789900.0
542,2021-10-13 07:01:30,24550.0,1000.0,2789700.0
543,2021-10-13 07:01:30,24550.0,10000.0,2788700.0
544,2021-10-13 07:01:30,24550.0,500.0,2778700.0
545,2021-10-13 07:01:25,24550.0,500.0,2778200.0
546,2021-10-13 07:01:25,24550.0,10000.0,2777700.0
547,2021-10-13 07:01:25,24550.0,500.0,2767700.0
548,2021-10-13 07:01:25,24550.0,200.0,2767200.0
549,2021-10-13 07:01:25,24550.0,200.0,2767000.0
550,2021-10-13 07:01:25,24550.0,100.0,2766800.0
551,2021-10-13 07:01:25,24550.0,1000.0,2766700.0
552,2021-10-13 07:01:25,24550.0,1000.0,2765700.0
553,2021-10-13 07:01:25,24550.0,1400.0,2764700.0
554,2021-10-13 07:01:05,24550.0,300.0,2763300.0
555,2021-10-13 07:00:37,24600.0,11000.0,2763000.0
556,2021-10-13 07:00:12,24600.0,100.0,2752000.0
557,2021-10-13 07:00:04,24600.0,100.0,2751900.0
558,2021-10-13 07:00:01,24600.0,1500.0,2751800.0
559,2021-10-13 06:59:54,24600.0,1000.0,2750300.0
560,2021-10-13 06:59:53,24600.0,400.0,2749300.0
561,2021-10-13 06:59:49,24600.0,100.0,2748900.0
562,2021-10-13 06:59:47,24600.0,5000.0,2748800.0
563,2021-10-13 06:59:30,24600.0,500.0,2743800.0
564,2021-10-13 06:59:21,24600.0,600.0,2743300.0
565,2021-10-13 06:59:13,24600.0,600.0,2742700.0
566,2021-10-13 06:59:13,24600.0,2000.0,2742100.0
567,2021-10-13 06:59:11,24600.0,200.0,2740100.0
568,2021-10-13 06:59:11,24600.0,500.0,2739900.0
569,2021-10-13 06:59:11,24600.0,200.0,2739400.0
570,2021-10-13 06:59:11,24600.0,15000.0,2739200.0
571,2021-10-13 06:59:11,24600.0,100.0,2724200.0
572,2021-10-13 06:59:11,24600.0,500.0,2724100.0
573,2021-10-13 06:59:11,24600.0,300.0,2723600.0
574,2021-10-13 06:59:11,24600.0,100.0,2723300.0
575,2021-10-13 06:59:11,24600.0,300.0,2723200.0
576,2021-10-13 06:59:11,24600.0,10000.0,2722900.0
577,2021-10-13 06:59:11,24600.0,1200.0,2712900.0
578,2021-10-13 06:59:11,24600.0,10000.0,2711700.0
579,2021-10-13 06:59:11,24600.0,100.0,2701700.0
580,2021-10-13 06:59:11,24600.0,200.0,2701600.0
581,2021-10-13 06:59:11,24600.0,600.0,2701400.0
582,2021-10-13 06:59:11,24600.0,100.0,2700800.0
583,2021-10-13 06:59:11,24600.0,400.0,2700700.0
584,2021-10-13 06:59:11,24600.0,1000.0,2700300.0
585,2021-10-13 06:59:11,24600.0,2000.0,2699300.0
586,2021-10-13 06:59:11,24600.0,2000.0,2697300.0
587,2021-10-13 06:59:11,24600.0,100.0,2695300.0
588,2021-10-13 06:59:11,24600.0,500.0,2695200.0
589,2021-10-13 06:59:11,24600.0,5000.0,2694700.0
590,2021-10-13 06:59:11,24600.0,1000.0,2689700.0
591,2021-10-13 06:59:11,24600.0,1200.0,2688700.0
592,2021-10-13 06:59:11,24650.0,200.0,2687500.0
593,2021-10-13 06:59:03,24600.0,200.0,2687300.0
594,2021-10-13 06:58:50,24650.0,100.0,2687100.0
595,2021-10-13 06:58:50,24650.0,200.0,2687000.0
596,2021-10-13 06:58:50,24650.0,4200.0,2686800.0
597,2021-10-13 06:58:50,24650.0,5000.0,2682600.0
598,2021-10-13 06:58:50,24650.0,200.0,2677600.0
599,2021-10-13 06:58:50,24650.0,200.0,2677400.0
600,2021-10-13 06:58:50,24650.0,1700.0,2677200.0
601,2021-10-13 06:58:48,24650.0,500.0,2675500.0
602,2021-10-13 06:58:33,24650.0,100.0,2675000.0
603,2021-10-13 06:58:33,24650.0,900.0,2674900.0
604,2021-10-13 06:58:28,24700.0,2200.0,2674000.0
605,2021-10-13 06:58:28,24700.0,5500.0,2671800.0
606,2021-10-13 06:58:28,24700.0,900.0,2666300.0
607,2021-10-13 06:58:28,24700.0,200.0,2665400.0
608,2021-10-13 06:58:28,24700.0,1000.0,2665200.0
609,2021-10-13 06:58:28,24700.0,500.0,2664200.0
610,2021-10-13 06:58:28,24700.0,700.0,2663700.0
611,2021-10-13 06:58:16,24650.0,100.0,2663000.0
612,2021-10-13 06:58:10,24650.0,300.0,2662900.0
613,2021-10-13 06:58:10,24650.0,200.0,2662600.0
614,2021-10-13 06:57:39,24700.0,20000.0,2662400.0
615,2021-10-13 06:57:37,24650.0,400.0,2642400.0
616,2021-10-13 06:57:37,24650.0,100.0,2642000.0
617,2021-10-13 06:57:37,24650.0,1500.0,2641900.0
618,2021-10-13 06:57:16,24650.0,1500.0,2640400.0
619,2021-10-13 06:57:16,24650.0,400.0,2638900.0
620,2021-10-13 06:57:16,24650.0,100.0,2638500.0
621,2021-10-13 06:56:36,24700.0,100.0,2638400.0
622,2021-10-13 06:56:33,24700.0,1000.0,2638300.0
623,2021-10-13 06:56:29,24650.0,100.0,2637300.0
624,2021-10-13 06:56:13,24700.0,1000.0,2637200.0
625,2021-10-13 06:56:03,24650.0,100.0,2636200.0
626,2021-10-13 06:56:03,24650.0,100.0,2636100.0
627,2021-10-13 06:56:03,24650.0,100.0,2636000.0
628,2021-10-13 06:56:03,24650.0,100.0,2635900.0
629,2021-10-13 06:55:26,24700.0,10000.0,2635800.0
630,2021-10-13 06:55:25,24700.0,800.0,2625800.0
631,2021-10-13 06:55:20,24700.0,500.0,2625000.0
632,2021-10-13 06:55:20,24700.0,100.0,2624500.0
633,2021-10-13 06:55:20,24700.0,400.0,2624400.0
634,2021-10-13 06:55:20,24700.0,400.0,2624000.0
635,2021-10-13 06:55:19,24700.0,1000.0,2623600.0
636,2021-10-13 06:55:17,24700.0,600.0,2622600.0
637,2021-10-13 06:55:17,24700.0,5000.0,2622000.0
638,2021-10-13 06:55:17,24700.0,1000.0,2617000.0
639,2021-10-13 06:55:17,24700.0,1000.0,2616000.0
640,2021-10-13 06:55:17,24700.0,100.0,2615000.0
641,2021-10-13 06:55:17,24700.0,1000.0,2614900.0
642,2021-10-13 06:55:17,24700.0,3100.0,2613900.0
643,2021-10-13 06:55:17,24700.0,200.0,2610800.0
644,2021-10-13 06:55:17,24700.0,18000.0,2610600.0
645,2021-10-13 06:54:41,24700.0,500.0,2592600.0
646,2021-10-13 06:53:41,24750.0,100.0,2592100.0
647,2021-10-13 06:53:40,24750.0,300.0,2592000.0
648,2021-10-13 06:53:26,24750.0,100.0,2591700.0
649,2021-10-13 06:53:21,24700.0,400.0,2591600.0
650,2021-10-13 06:53:16,24700.0,5000.0,2591200.0
651,2021-10-13 06:53:12,24750.0,200.0,2586200.0
652,2021-10-13 06:52:51,24700.0,2500.0,2586000.0
653,2021-10-13 06:52:27,24750.0,200.0,2583500.0
654,2021-10-13 06:51:50,24750.0,200.0,2583300.0
655,2021-10-13 06:51:50,24750.0,200.0,2583100.0
656,2021-10-13 06:51:50,24750.0,100.0,2582900.0
657,2021-10-13 06:51:50,24750.0,2700.0,2582800.0
658,2021-10-13 06:51:41,24750.0,100.0,2580100.0
659,2021-10-13 06:51:28,24750.0,200.0,2580000.0
660,2021-10-13 06:51:28,24750.0,200.0,2579800.0
661,2021-10-13 06:51:28,24750.0,100.0,2579600.0
662,2021-10-13 06:51:28,24750.0,300.0,2579500.0
663,2021-10-13 06:51:28,24750.0,200.0,2579200.0
664,2021-10-13 06:51:28,24750.0,100.0,2579000.0
665,2021-10-13 06:51:28,24750.0,100.0,2578900.0
666,2021-10-13 06:51:28,24750.0,1000.0,2578800.0
667,2021-10-13 06:51:25,24750.0,200.0,2577800.0
668,2021-10-13 06:51:25,24750.0,100.0,2577600.0
669,2021-10-13 06:51:25,24750.0,1200.0,2577500.0
670,2021-10-13 06:51:25,24750.0,500.0,2576300.0
671,2021-10-13 06:51:25,24750.0,800.0,2575800.0
672,2021-10-13 06:51:25,24750.0,4300.0,2575000.0
673,2021-10-13 06:50:59,24750.0,100.0,2570700.0
674,2021-10-13 06:50:42,24750.0,600.0,2570600.0
675,2021-10-13 06:50:42,24750.0,100.0,2570000.0
676,2021-10-13 06:50:42,24750.0,300.0,2569900.0
677,2021-10-13 06:50:40,24750.0,100.0,2569600.0
678,2021-10-13 06:50:34,24750.0,100.0,2569500.0
679,2021-10-13 06:50:33,24750.0,400.0,2569400.0
680,2021-10-13 06:50:33,24750.0,500.0,2569000.0
681,2021-10-13 06:49:59,24750.0,1000.0,2568500.0
682,2021-10-13 06:49:20,24700.0,10000.0,2567500.0
683,2021-10-13 06:49:20,24700.0,500.0,2557500.0
684,2021-10-13 06:49:20,24700.0,100.0,2557000.0
685,2021-10-13 06:49:20,24700.0,1000.0,2556900.0
686,2021-10-13 06:49:20,24700.0,100.0,2555900.0
687,2021-10-13 06:49:20,24700.0,100.0,2555800.0
688,2021-10-13 06:49:20,24700.0,100.0,2555700.0
689,2021-10-13 06:49:20,24700.0,300.0,2555600.0
690,2021-10-13 06:49:20,24700.0,1000.0,2555300.0
691,2021-10-13 06:49:20,24700.0,100.0,2554300.0
692,2021-10-13 06:49:20,24700.0,10000.0,2554200.0
693,2021-10-13 06:49:20,24700.0,300.0,2544200.0
694,2021-10-13 06:49:20,24700.0,400.0,2543900.0
695,2021-10-13 06:49:20,24700.0,1000.0,2543500.0
696,2021-10-13 06:49:20,24700.0,100.0,2542500.0
697,2021-10-13 06:49:20,24700.0,2000.0,2542400.0
698,2021-10-13 06:49:20,24700.0,100.0,2540400.0
699,2021-10-13 06:49:20,24700.0,2000.0,2540300.0
700,2021-10-13 06:49:20,24700.0,5000.0,2538300.0
701,2021-10-13 06:49:20,24700.0,2200.0,2533300.0
702,2021-10-13 06:49:20,24700.0,2500.0,2531100.0
703,2021-10-13 06:49:20,24700.0,2000.0,2528600.0
704,2021-10-13 06:49:20,24700.0,100.0,2526600.0
705,2021-10-13 06:49:20,24700.0,1000.0,2526500.0
706,2021-10-13 06:49:20,24700.0,500.0,2525500.0
707,2021-10-13 06:49:20,24700.0,300.0,2525000.0
708,2021-10-13 06:49:20,24700.0,1300.0,2524700.0
709,2021-10-13 06:49:20,24700.0,100.0,2523400.0
710,2021-10-13 06:49:20,24700.0,500.0,2523300.0
711,2021-10-13 06:49:20,24700.0,100.0,2522800.0
712,2021-10-13 06:49:20,24700.0,100.0,2522700.0
713,2021-10-13 06:49:20,24700.0,100.0,2522600.0
714,2021-10-13 06:49:20,24700.0,300.0,2522500.0
715,2021-10-13 06:49:20,24700.0,100.0,2522200.0
716,2021-10-13 06:49:20,24700.0,300.0,2522100.0
717,2021-10-13 06:49:20,24700.0,200.0,2521800.0
718,2021-10-13 06:49:20,24700.0,200.0,2521600.0
719,2021-10-13 06:49:20,24700.0,500.0,2521400.0
720,2021-10-13 06:49:20,24700.0,200.0,2520900.0
721,2021-10-13 06:49:20,24700.0,100.0,2520700.0
722,2021-10-13 06:49:20,24700.0,1000.0,2520600.0
723,2021-10-13 06:49:20,24700.0,300.0,2519600.0
724,2021-10-13 06:48:48,24700.0,200.0,2519300.0
725,2021-10-13 06:48:13,24700.0,300.0,2519100.0
726,2021-10-13 06:48:13,24700.0,100.0,2518800.0
727,2021-10-13 06:48:11,24700.0,100.0,2518700.0
728,2021-10-13 06:46:19,24650.0,5000.0,2518600.0
729,2021-10-13 06:46:07,24650.0,4200.0,2513600.0
730,2021-10-13 06:46:07,24650.0,1600.0,2509400.0
731,2021-10-13 06:45:39,24700.0,100.0,2507800.0
732,2021-10-13 06:45:23,24700.0,200.0,2507700.0
733,2021-10-13 06:45:23,24700.0,100.0,2507500.0
734,2021-10-13 06:44:26,24650.0,400.0,2507400.0
735,2021-10-13 06:44:26,24650.0,1400.0,2507000.0
736,2021-10-13 06:44:22,24650.0,500.0,2505600.0
737,2021-10-13 06:44:16,24650.0,100.0,2505100.0
738,2021-10-13 06:44:02,24650.0,100.0,2505000.0
739,2021-10-13 06:43:59,24650.0,100.0,2504900.0
740,2021-10-13 06:43:59,24650.0,2800.0,2504800.0
741,2021-10-13 06:43:59,24650.0,1900.0,2502000.0
742,2021-10-13 06:43:52,24650.0,800.0,2500100.0
743,2021-10-13 06:43:52,24650.0,300.0,2499300.0
744,2021-10-13 06:43:34,24650.0,100.0,2499000.0
745,2021-10-13 06:43:22,24650.0,100.0,2498900.0
746,2021-10-13 06:43:22,24650.0,100.0,2498800.0
747,2021-10-13 06:43:22,24650.0,700.0,2498700.0
748,2021-10-13 06:43:11,24600.0,1000.0,2498000.0
749,2021-10-13 06:43:03,24600.0,100.0,2497000.0
750,2021-10-13 06:43:00,24650.0,300.0,2496900.0
751,2021-10-13 06:43:00,24650.0,1000.0,2496600.0
752,2021-10-13 06:43:00,24650.0,500.0,2495600.0
753,2021-10-13 06:43:00,24650.0,100.0,2495100.0
754,2021-10-13 06:43:00,24650.0,2400.0,2495000.0
755,2021-10-13 06:43:00,24650.0,100.0,2492600.0
756,2021-10-13 06:43:00,24650.0,100.0,2492500.0
757,2021-10-13 06:43:00,24650.0,1000.0,2492400.0
758,2021-10-13 06:43:00,24650.0,500.0,2491400.0
759,2021-10-13 06:43:00,24650.0,500.0,2490900.0
760,2021-10-13 06:43:00,24650.0,300.0,2490400.0
761,2021-10-13 06:43:00,24650.0,2500.0,2490100.0
762,2021-10-13 06:43:00,24650.0,1000.0,2487600.0
763,2021-10-13 06:43:00,24650.0,10000.0,2486600.0
764,2021-10-13 06:43:00,24650.0,1700.0,2476600.0
765,2021-10-13 06:42:43,24600.0,2500.0,2474900.0
766,2021-10-13 06:42:43,24600.0,100.0,2472400.0
767,2021-10-13 06:42:43,24600.0,400.0,2472300.0
768,2021-10-13 06:42:17,24600.0,100.0,2471900.0
769,2021-10-13 06:42:13,24600.0,500.0,2471800.0
770,2021-10-13 06:41:45,24600.0,500.0,2471300.0
771,2021-10-13 06:41:44,24650.0,1000.0,2470800.0
772,2021-10-13 06:41:44,24650.0,100.0,2469800.0
773,2021-10-13 06:41:44,24650.0,900.0,2469700.0
774,2021-10-13 06:41:38,24650.0,2000.0,2468800.0
775,2021-10-13 06:41:07,24650.0,1300.0,2466800.0
776,2021-10-13 06:41:07,24650.0,8700.0,2465500.0
777,2021-10-13 06:40:25,24650.0,2400.0,2456800.0
778,2021-10-13 06:39:50,24600.0,100.0,2454400.0
779,2021-10-13 06:39:39,24600.0,2500.0,2454300.0
780,2021-10-13 06:39:36,24600.0,1500.0,2451800.0
781,2021-10-13 06:39:36,24600.0,100.0,2450300.0
782,2021-10-13 06:39:36,24600.0,100.0,2450200.0
783,2021-10-13 06:39:36,24600.0,100.0,2450100.0
784,2021-10-13 06:39:36,24600.0,1200.0,2450000.0
785,2021-10-13 06:39:36,24600.0,100.0,2448800.0
786,2021-10-13 06:39:36,24600.0,400.0,2448700.0
787,2021-10-13 06:39:36,24600.0,100.0,2448300.0
788,2021-10-13 06:39:36,24600.0,500.0,2448200.0
789,2021-10-13 06:39:36,24600.0,200.0,2447700.0
790,2021-10-13 06:39:36,24600.0,100.0,2447500.0
791,2021-10-13 06:39:36,24600.0,100.0,2447400.0
792,2021-10-13 06:39:36,24600.0,1000.0,2447300.0
793,2021-10-13 06:39:36,24600.0,100.0,2446300.0
794,2021-10-13 06:39:36,24600.0,900.0,2446200.0
795,2021-10-13 06:39:26,24600.0,1000.0,2445300.0
796,2021-10-13 06:39:25,24600.0,500.0,2444300.0
797,2021-10-13 06:39:23,24600.0,1000.0,2443800.0
798,2021-10-13 06:39:17,24600.0,600.0,2442800.0
799,2021-10-13 06:39:17,24600.0,400.0,2442200.0
800,2021-10-13 06:39:09,24600.0,100.0,2441800.0
801,2021-10-13 06:39:09,24600.0,100.0,2441700.0
802,2021-10-13 06:39:09,24600.0,100.0,2441600.0
803,2021-10-13 06:39:09,24600.0,1000.0,2441500.0
804,2021-10-13 06:39:09,24600.0,2000.0,2440500.0
805,2021-10-13 06:39:09,24600.0,1000.0,2438500.0
806,2021-10-13 06:39:09,24600.0,5000.0,2437500.0
807,2021-10-13 06:39:09,24600.0,500.0,2432500.0
808,2021-10-13 06:39:09,24600.0,100.0,2432000.0
809,2021-10-13 06:39:09,24600.0,5500.0,2431900.0
810,2021-10-13 06:39:09,24600.0,200.0,2426400.0
811,2021-10-13 06:39:09,24600.0,500.0,2426200.0
812,2021-10-13 06:39:09,24600.0,100.0,2425700.0
813,2021-10-13 06:39:09,24600.0,100.0,2425600.0
814,2021-10-13 06:39:09,24600.0,100.0,2425500.0
815,2021-10-13 06:39:09,24600.0,1000.0,2425400.0
816,2021-10-13 06:39:09,24600.0,100.0,2424400.0
817,2021-10-13 06:39:09,24600.0,1000.0,2424300.0
818,2021-10-13 06:39:09,24600.0,300.0,2423300.0
819,2021-10-13 06:39:09,24600.0,2500.0,2423000.0
820,2021-10-13 06:39:09,24600.0,100.0,2420500.0
821,2021-10-13 06:39:09,24600.0,100.0,2420400.0
822,2021-10-13 06:39:09,24600.0,5000.0,2420300.0
823,2021-10-13 06:39:09,24600.0,100.0,2415300.0
824,2021-10-13 06:39:09,24600.0,300.0,2415200.0
825,2021-10-13 06:39:09,24600.0,100.0,2414900.0
826,2021-10-13 06:39:09,24600.0,100.0,2414800.0
827,2021-10-13 06:39:09,24600.0,4000.0,2414700.0
828,2021-10-13 06:39:09,24600.0,400.0,2410700.0
829,2021-10-13 06:39:09,24600.0,200.0,2410300.0
830,2021-10-13 06:39:09,24600.0,2000.0,2410100.0
831,2021-10-13 06:39:09,24600.0,500.0,2408100.0
832,2021-10-13 06:39:09,24600.0,200.0,2407600.0
833,2021-10-13 06:39:09,24600.0,1000.0,2407400.0
834,2021-10-13 06:39:09,24600.0,1500.0,2406400.0
835,2021-10-13 06:39:09,24600.0,100.0,2404900.0
836,2021-10-13 06:39:09,24600.0,100.0,2404800.0
837,2021-10-13 06:39:09,24600.0,100.0,2404700.0
838,2021-10-13 06:39:09,24600.0,100.0,2404600.0
839,2021-10-13 06:39:09,24600.0,500.0,2404500.0
840,2021-10-13 06:39:09,24600.0,500.0,2404000.0
841,2021-10-13 06:39:09,24600.0,10000.0,2403500.0
842,2021-10-13 06:39:09,24600.0,100.0,2393500.0
843,2021-10-13 06:39:09,24600.0,100.0,2393400.0
844,2021-10-13 06:39:09,24600.0,100.0,2393300.0
845,2021-10-13 06:39:09,24600.0,100.0,2393200.0
846,2021-10-13 06:39:09,24600.0,100.0,2393100.0
847,2021-10-13 06:39:09,24600.0,100.0,2393000.0
848,2021-10-13 06:39:09,24600.0,1100.0,2392900.0
849,2021-10-13 06:38:30,24600.0,3900.0,2391800.0
850,2021-10-13 06:38:30,24600.0,400.0,2387900.0
851,2021-10-13 06:38:30,24600.0,700.0,2387500.0
852,2021-10-13 06:38:23,24600.0,300.0,2386800.0
853,2021-10-13 06:38:23,24600.0,200.0,2386500.0
854,2021-10-13 06:38:04,24600.0,500.0,2386300.0
855,2021-10-13 06:37:13,24550.0,8300.0,2385800.0
856,2021-10-13 06:37:13,24550.0,10000.0,2377500.0
857,2021-10-13 06:37:13,24550.0,1700.0,2367500.0
858,2021-10-13 06:36:42,24550.0,2000.0,2365800.0
859,2021-10-13 06:35:38,24550.0,2000.0,2363800.0
860,2021-10-13 06:35:38,24550.0,100.0,2361800.0
861,2021-10-13 06:35:38,24550.0,1500.0,2361700.0
862,2021-10-13 06:35:38,24550.0,700.0,2360200.0
863,2021-10-13 06:35:38,24550.0,1300.0,2359500.0
864,2021-10-13 06:35:38,24550.0,700.0,2358200.0
865,2021-10-13 06:35:35,24550.0,3700.0,2357500.0
866,2021-10-13 06:35:35,24550.0,200.0,2353800.0
867,2021-10-13 06:35:35,24550.0,200.0,2353600.0
868,2021-10-13 06:35:35,24550.0,200.0,2353400.0
869,2021-10-13 06:35:35,24550.0,5000.0,2353200.0
870,2021-10-13 06:35:35,24550.0,700.0,2348200.0
871,2021-10-13 06:35:31,24550.0,100.0,2347500.0
872,2021-10-13 06:35:23,24500.0,5500.0,2347400.0
873,2021-10-13 06:35:20,24500.0,300.0,2341900.0
874,2021-10-13 06:35:19,24550.0,100.0,2341600.0
875,2021-10-13 06:34:47,24550.0,1000.0,2341500.0
876,2021-10-13 06:34:38,24550.0,100.0,2340500.0
877,2021-10-13 06:34:38,24550.0,3100.0,2340400.0
878,2021-10-13 06:34:38,24550.0,3100.0,2337300.0
879,2021-10-13 06:34:30,24550.0,200.0,2334200.0
880,2021-10-13 06:34:30,24550.0,100.0,2334000.0
881,2021-10-13 06:34:28,24550.0,200.0,2333900.0
882,2021-10-13 06:34:21,24550.0,3300.0,2333700.0
883,2021-10-13 06:34:20,24550.0,1700.0,2330400.0
884,2021-10-13 06:34:18,24550.0,8300.0,2328700.0
885,2021-10-13 06:34:11,24550.0,100.0,2320400.0
886,2021-10-13 06:34:11,24550.0,10000.0,2320300.0
887,2021-10-13 06:34:11,24550.0,200.0,2310300.0
888,2021-10-13 06:34:11,24550.0,1000.0,2310100.0
889,2021-10-13 06:34:11,24550.0,2000.0,2309100.0
890,2021-10-13 06:34:11,24550.0,500.0,2307100.0
891,2021-10-13 06:34:11,24550.0,2900.0,2306600.0
892,2021-10-13 06:33:35,24600.0,200.0,2303700.0
893,2021-10-13 06:33:20,24600.0,100.0,2303500.0
894,2021-10-13 06:33:01,24550.0,2100.0,2303400.0
895,2021-10-13 06:33:01,24550.0,2900.0,2301300.0
896,2021-10-13 06:32:45,24600.0,100.0,2298400.0
897,2021-10-13 06:32:41,24550.0,5500.0,2298300.0
898,2021-10-13 06:32:08,24550.0,400.0,2292800.0
899,2021-10-13 06:31:50,24550.0,1200.0,2292400.0
900,2021-10-13 06:31:41,24550.0,800.0,2291200.0
901,2021-10-13 06:31:35,24550.0,100.0,2290400.0
902,2021-10-13 06:31:35,24550.0,100.0,2290300.0
903,2021-10-13 06:31:18,24550.0,100.0,2290200.0
904,2021-10-13 06:31:04,24550.0,300.0,2290100.0
905,2021-10-13 06:31:04,24550.0,100.0,2289800.0
906,2021-10-13 06:31:04,24550.0,200.0,2289700.0
907,2021-10-13 06:31:04,24550.0,300.0,2289500.0
908,2021-10-13 06:30:49,24550.0,200.0,2289200.0
909,2021-10-13 06:30:49,24550.0,100.0,2289000.0
910,2021-10-13 06:30:40,24550.0,300.0,2288900.0
911,2021-10-13 06:30:40,24550.0,100.0,2288600.0
912,2021-10-13 06:30:40,24550.0,600.0,2288500.0
913,2021-10-13 06:30:33,24550.0,100.0,2287900.0
914,2021-10-13 06:30:29,24550.0,100.0,2287800.0
915,2021-10-13 06:30:16,24550.0,300.0,2287700.0
916,2021-10-13 06:30:14,24550.0,900.0,2287400.0
917,2021-10-13 06:30:14,24550.0,100.0,2286500.0
918,2021-10-13 06:30:14,24550.0,100.0,2286400.0
919,2021-10-13 06:30:14,24550.0,100.0,2286300.0
920,2021-10-13 06:30:14,24550.0,600.0,2286200.0
921,2021-10-13 06:30:04,24550.0,1000.0,2285600.0
922,2021-10-13 06:29:58,24550.0,100.0,2284600.0
923,2021-10-13 06:29:30,24550.0,400.0,2284500.0
924,2021-10-13 06:29:15,24550.0,1900.0,2284100.0
925,2021-10-13 06:29:15,24550.0,7000.0,2282200.0
926,2021-10-13 06:29:15,24550.0,1100.0,2275200.0
927,2021-10-13 06:28:54,24550.0,300.0,2274100.0
928,2021-10-13 06:28:54,24550.0,2000.0,2273800.0
929,2021-10-13 06:28:54,24550.0,5000.0,2271800.0
930,2021-10-13 06:28:54,24550.0,500.0,2266800.0
931,2021-10-13 06:28:54,24550.0,6100.0,2266300.0
932,2021-10-13 06:28:48,24550.0,200.0,2260200.0
933,2021-10-13 06:28:44,24550.0,500.0,2260000.0
934,2021-10-13 06:28:44,24550.0,2000.0,2259500.0
935,2021-10-13 06:28:23,24550.0,200.0,2257500.0
936,2021-10-13 06:28:14,24550.0,100.0,2257300.0
937,2021-10-13 06:28:05,24550.0,500.0,2257200.0
938,2021-10-13 06:27:44,24550.0,400.0,2256700.0
939,2021-10-13 06:27:44,24550.0,100.0,2256300.0
940,2021-10-13 06:27:44,24550.0,900.0,2256200.0
941,2021-10-13 06:27:44,24550.0,100.0,2255300.0
942,2021-10-13 06:27:44,24550.0,10000.0,2255200.0
943,2021-10-13 06:27:44,24550.0,2600.0,2245200.0
944,2021-10-13 06:27:44,24550.0,200.0,2242600.0
945,2021-10-13 06:27:44,24550.0,1000.0,2242400.0
946,2021-10-13 06:27:44,24550.0,700.0,2241400.0
947,2021-10-13 06:27:21,24600.0,100.0,2240700.0
948,2021-10-13 06:26:21,24600.0,100.0,2240600.0
949,2021-10-13 06:26:10,24600.0,500.0,2240500.0
950,2021-10-13 06:24:55,24600.0,1000.0,2240000.0
951,2021-10-13 06:24:33,24600.0,700.0,2239000.0
952,2021-10-13 06:24:22,24600.0,1200.0,2238300.0
953,2021-10-13 06:24:19,24600.0,300.0,2237100.0
954,2021-10-13 06:24:19,24600.0,700.0,2236800.0
955,2021-10-13 06:24:07,24600.0,300.0,2236100.0
956,2021-10-13 06:23:46,24600.0,1000.0,2235800.0
957,2021-10-13 06:23:35,24550.0,1000.0,2234800.0
958,2021-10-13 06:23:35,24550.0,100.0,2233800.0
959,2021-10-13 06:23:35,24550.0,100.0,2233700.0
960,2021-10-13 06:23:35,24550.0,100.0,2233600.0
961,2021-10-13 06:23:33,24550.0,1300.0,2233500.0
962,2021-10-13 06:23:15,24550.0,200.0,2232200.0
963,2021-10-13 06:23:15,24550.0,3000.0,2232000.0
964,2021-10-13 06:23:15,24550.0,100.0,2229000.0
965,2021-10-13 06:23:15,24550.0,100.0,2228900.0
966,2021-10-13 06:23:15,24550.0,2000.0,2228800.0
967,2021-10-13 06:23:15,24550.0,1600.0,2226800.0
968,2021-10-13 06:23:15,24550.0,100.0,2225200.0
969,2021-10-13 06:23:15,24550.0,5100.0,2225100.0
970,2021-10-13 06:23:15,24550.0,100.0,2220000.0
971,2021-10-13 06:23:15,24550.0,800.0,2219900.0
972,2021-10-13 06:23:15,24550.0,100.0,2219100.0
973,2021-10-13 06:23:15,24550.0,200.0,2219000.0
974,2021-10-13 06:23:15,24550.0,1000.0,2218800.0
975,2021-10-13 06:23:15,24550.0,100.0,2217800.0
976,2021-10-13 06:23:15,24550.0,2000.0,2217700.0
977,2021-10-13 06:23:15,24550.0,500.0,2215700.0
978,2021-10-13 06:23:15,24550.0,100.0,2215200.0
979,2021-10-13 06:23:15,24550.0,7900.0,2215100.0
980,2021-10-13 06:23:12,24500.0,200.0,2207200.0
981,2021-10-13 06:23:09,24550.0,1000.0,2207000.0
982,2021-10-13 06:22:29,24500.0,2900.0,2206000.0
983,2021-10-13 06:22:29,24500.0,100.0,2203100.0
984,2021-10-13 06:22:29,24500.0,500.0,2203000.0
985,2021-10-13 06:22:16,24500.0,1000.0,2202500.0
986,2021-10-13 06:21:32,24500.0,400.0,2201500.0
987,2021-10-13 06:21:21,24500.0,5900.0,2201100.0
988,2021-10-13 06:21:17,24500.0,200.0,2195200.0
989,2021-10-13 06:21:16,24500.0,2000.0,2195000.0
990,2021-10-13 06:21:16,24500.0,200.0,2193000.0
991,2021-10-13 06:21:16,24500.0,200.0,2192800.0
992,2021-10-13 06:21:16,24500.0,300.0,2192600.0
993,2021-10-13 06:21:16,24500.0,100.0,2192300.0
994,2021-10-13 06:21:16,24500.0,2200.0,2192200.0
995,2021-10-13 06:20:56,24500.0,1000.0,2190000.0
996,2021-10-13 06:20:36,24500.0,100.0,2189000.0
997,2021-10-13 06:20:30,24500.0,3200.0,2188900.0
998,2021-10-13 06:20:30,24500.0,1800.0,2185700.0
999,2021-10-13 06:20:24,24500.0,1000.0,2183900.0
1000,2021-10-13 06:20:23,24500.0,7200.0,2182900.0
1001,2021-10-13 06:20:23,24500.0,800.0,2175700.0
1002,2021-10-13 06:20:15,24500.0,9200.0,2174900.0
1003,2021-10-13 06:20:15,24500.0,100.0,2165700.0
1004,2021-10-13 06:20:15,24500.0,700.0,2165600.0
1005,2021-10-13 06:20:03,24550.0,200.0,2164900.0
1006,2021-10-13 06:19:57,24500.0,1000.0,2164700.0
1007,2021-10-13 06:19:44,24500.0,500.0,2163700.0
1008,2021-10-13 06:19:43,24550.0,100.0,2163200.0
1009,2021-10-13 06:19:39,24500.0,400.0,2163100.0
1010,2021-10-13 06:19:34,24500.0,200.0,2162700.0
1011,2021-10-13 06:19:33,24500.0,400.0,2162500.0
1012,2021-10-13 06:19:33,24500.0,100.0,2162100.0
1013,2021-10-13 06:19:30,24500.0,4000.0,2162000.0
1014,2021-10-13 06:19:30,24500.0,500.0,2158000.0
1015,2021-10-13 06:19:30,24500.0,2000.0,2157500.0
1016,2021-10-13 06:19:30,24500.0,3000.0,2155500.0
1017,2021-10-13 06:19:28,24500.0,3000.0,2152500.0
1018,2021-10-13 06:19:25,24500.0,4000.0,2149500.0
1019,2021-10-13 06:19:25,24500.0,500.0,2145500.0
1020,2021-10-13 06:19:25,24500.0,1000.0,2145000.0
1021,2021-10-13 06:19:25,24500.0,1800.0,2144000.0
1022,2021-10-13 06:19:15,24500.0,200.0,2142200.0
1023,2021-10-13 06:18:57,24500.0,4000.0,2142000.0
1024,2021-10-13 06:18:55,24500.0,2000.0,2138000.0
1025,2021-10-13 06:18:54,24500.0,500.0,2136000.0
1026,2021-10-13 06:18:43,24500.0,100.0,2135500.0
1027,2021-10-13 06:18:43,24500.0,1100.0,2135400.0
1028,2021-10-13 06:18:43,24500.0,200.0,2134300.0
1029,2021-10-13 06:18:43,24500.0,100.0,2134100.0
1030,2021-10-13 06:18:39,24500.0,500.0,2134000.0
1031,2021-10-13 06:18:38,24500.0,100.0,2133500.0
1032,2021-10-13 06:18:34,24450.0,200.0,2133400.0
1033,2021-10-13 06:18:25,24500.0,300.0,2133200.0
1034,2021-10-13 06:18:25,24500.0,100.0,2132900.0
1035,2021-10-13 06:18:25,24500.0,300.0,2132800.0
1036,2021-10-13 06:18:25,24500.0,100.0,2132500.0
1037,2021-10-13 06:18:25,24500.0,200.0,2132400.0
1038,2021-10-13 06:18:25,24500.0,100.0,2132200.0
1039,2021-10-13 06:18:25,24500.0,42600.0,2132100.0
1040,2021-10-13 06:18:25,24500.0,1000.0,2089500.0
1041,2021-10-13 06:18:25,24500.0,100.0,2088500.0
1042,2021-10-13 06:18:25,24500.0,5000.0,2088400.0
1043,2021-10-13 06:18:25,24500.0,200.0,2083400.0
1044,2021-10-13 06:17:55,24450.0,1500.0,2083200.0
1045,2021-10-13 06:17:38,24450.0,3700.0,2081700.0
1046,2021-10-13 06:17:23,24450.0,1000.0,2078000.0
1047,2021-10-13 06:17:11,24450.0,4700.0,2077000.0
1048,2021-10-13 06:17:11,24450.0,5000.0,2072300.0
1049,2021-10-13 06:17:11,24450.0,300.0,2067300.0
1050,2021-10-13 06:17:01,24500.0,800.0,2067000.0
1051,2021-10-13 06:17:01,24500.0,100.0,2066200.0
1052,2021-10-13 06:17:01,24500.0,100.0,2066100.0
1053,2021-10-13 06:17:01,24500.0,1000.0,2066000.0
1054,2021-10-13 06:17:01,24450.0,300.0,2065000.0
1055,2021-10-13 06:17:01,24450.0,100.0,2064700.0
1056,2021-10-13 06:17:01,24450.0,600.0,2064600.0
1057,2021-10-13 06:16:51,24450.0,200.0,2064000.0
1058,2021-10-13 06:16:40,24450.0,200.0,2063800.0
1059,2021-10-13 06:16:40,24450.0,100.0,2063600.0
1060,2021-10-13 06:16:11,24500.0,200.0,2063500.0
1061,2021-10-13 06:16:11,24500.0,300.0,2063300.0
1062,2021-10-13 06:15:59,24500.0,100.0,2063000.0
1063,2021-10-13 06:15:38,24500.0,100.0,2062900.0
1064,2021-10-13 06:15:29,24500.0,1000.0,2062800.0
1065,2021-10-13 06:15:14,24500.0,100.0,2061800.0
1066,2021-10-13 06:15:14,24500.0,100.0,2061700.0
1067,2021-10-13 06:15:14,24500.0,500.0,2061600.0
1068,2021-10-13 06:15:14,24500.0,7600.0,2061100.0
1069,2021-10-13 06:15:07,24500.0,2400.0,2053500.0
1070,2021-10-13 06:15:07,24500.0,1000.0,2051100.0
1071,2021-10-13 06:15:07,24500.0,6600.0,2050100.0
1072,2021-10-13 06:15:00,24500.0,1000.0,2043500.0
1073,2021-10-13 06:14:58,24500.0,1000.0,2042500.0
1074,2021-10-13 06:14:24,24500.0,400.0,2041500.0
1075,2021-10-13 06:14:23,24500.0,100.0,2041100.0
1076,2021-10-13 06:14:23,24500.0,900.0,2041000.0
1077,2021-10-13 06:14:23,24500.0,100.0,2040100.0
1078,2021-10-13 06:14:23,24500.0,400.0,2040000.0
1079,2021-10-13 06:14:20,24500.0,600.0,2039600.0
1080,2021-10-13 06:14:20,24500.0,1000.0,2039000.0
1081,2021-10-13 06:14:20,24500.0,300.0,2038000.0
1082,2021-10-13 06:14:19,24500.0,100.0,2037700.0
1083,2021-10-13 06:14:19,24500.0,1900.0,2037600.0
1084,2021-10-13 06:13:50,24500.0,100.0,2035700.0
1085,2021-10-13 06:13:50,24500.0,8000.0,2035600.0
1086,2021-10-13 06:13:48,24500.0,2000.0,2027600.0
1087,2021-10-13 06:13:48,24500.0,200.0,2025600.0
1088,2021-10-13 06:13:48,24500.0,100.0,2025400.0
1089,2021-10-13 06:13:48,24500.0,100.0,2025300.0
1090,2021-10-13 06:13:48,24500.0,100.0,2025200.0
1091,2021-10-13 06:13:48,24500.0,4500.0,2025100.0
1092,2021-10-13 06:13:32,24500.0,500.0,2020600.0
1093,2021-10-13 06:13:32,24500.0,1000.0,2020100.0
1094,2021-10-13 06:13:32,24500.0,100.0,2019100.0
1095,2021-10-13 06:13:32,24500.0,500.0,2019000.0
1096,2021-10-13 06:13:32,24500.0,1500.0,2018500.0
1097,2021-10-13 06:13:32,24500.0,2000.0,2017000.0
1098,2021-10-13 06:13:32,24500.0,500.0,2015000.0
1099,2021-10-13 06:13:32,24500.0,2900.0,2014500.0
1100,2021-10-13 06:13:23,24500.0,100.0,2011600.0
1101,2021-10-13 06:13:21,24500.0,1000.0,2011500.0
1102,2021-10-13 06:13:20,24500.0,1000.0,2010500.0
1103,2021-10-13 06:13:20,24500.0,500.0,2009500.0
1104,2021-10-13 06:13:20,24500.0,200.0,2009000.0
1105,2021-10-13 06:13:20,24500.0,100.0,2008800.0
1106,2021-10-13 06:13:20,24500.0,300.0,2008700.0
1107,2021-10-13 06:13:20,24500.0,100.0,2008400.0
1108,2021-10-13 06:13:20,24500.0,800.0,2008300.0
1109,2021-10-13 06:13:16,24500.0,200.0,2007500.0
1110,2021-10-13 06:13:16,24500.0,200.0,2007300.0
1111,2021-10-13 06:13:16,24500.0,100.0,2007100.0
1112,2021-10-13 06:13:16,24500.0,100.0,2007000.0
1113,2021-10-13 06:13:16,24500.0,2400.0,2006900.0
1114,2021-10-13 06:13:12,24500.0,600.0,2004500.0
1115,2021-10-13 06:13:12,24500.0,500.0,2003900.0
1116,2021-10-13 06:13:12,24500.0,100.0,2003400.0
1117,2021-10-13 06:13:12,24500.0,1000.0,2003300.0
1118,2021-10-13 06:13:12,24500.0,200.0,2002300.0
1119,2021-10-13 06:13:12,24500.0,100.0,2002100.0
1120,2021-10-13 06:13:12,24500.0,100.0,2002000.0
1121,2021-10-13 06:13:12,24500.0,400.0,2001900.0
1122,2021-10-13 06:13:06,24500.0,1000.0,2001500.0
1123,2021-10-13 06:12:57,24500.0,1000.0,2000500.0
1124,2021-10-13 06:12:49,24500.0,600.0,1999500.0
1125,2021-10-13 06:12:49,24500.0,200.0,1998900.0
1126,2021-10-13 06:12:49,24500.0,100.0,1998700.0
1127,2021-10-13 06:12:49,24500.0,500.0,1998600.0
1128,2021-10-13 06:12:49,24500.0,100.0,1998100.0
1129,2021-10-13 06:12:49,24500.0,1000.0,1998000.0
1130,2021-10-13 06:12:49,24500.0,5000.0,1997000.0
1131,2021-10-13 06:12:49,24500.0,1000.0,1992000.0
1132,2021-10-13 06:12:49,24500.0,100.0,1991000.0
1133,2021-10-13 06:12:49,24500.0,1400.0,1990900.0
1134,2021-10-13 06:12:47,24500.0,400.0,1989500.0
1135,2021-10-13 06:12:45,24500.0,2000.0,1989100.0
1136,2021-10-13 06:12:38,24500.0,3000.0,1987100.0
1137,2021-10-13 06:12:08,24500.0,13200.0,1984100.0
1138,2021-10-13 06:12:08,24500.0,1000.0,1970900.0
1139,2021-10-13 06:12:08,24500.0,500.0,1969900.0
1140,2021-10-13 06:12:08,24500.0,5000.0,1969400.0
1141,2021-10-13 06:12:08,24500.0,100.0,1964400.0
1142,2021-10-13 06:12:08,24500.0,5200.0,1964300.0
1143,2021-10-13 06:12:05,24550.0,100.0,1959100.0
1144,2021-10-13 06:11:54,24550.0,500.0,1959000.0
1145,2021-10-13 06:11:52,24550.0,200.0,1958500.0
1146,2021-10-13 06:11:49,24500.0,17300.0,1958300.0
1147,2021-10-13 06:11:49,24500.0,1000.0,1941000.0
1148,2021-10-13 06:11:49,24500.0,500.0,1940000.0
1149,2021-10-13 06:11:49,24500.0,400.0,1939500.0
1150,2021-10-13 06:11:49,24500.0,500.0,1939100.0
1151,2021-10-13 06:11:49,24500.0,400.0,1938600.0
1152,2021-10-13 06:11:49,24500.0,100.0,1938200.0
1153,2021-10-13 06:11:49,24550.0,7300.0,1938100.0
1154,2021-10-13 06:11:41,24550.0,500.0,1930800.0
1155,2021-10-13 06:11:41,24550.0,2000.0,1930300.0
1156,2021-10-13 06:11:28,24550.0,200.0,1928300.0
1157,2021-10-13 06:11:28,24550.0,800.0,1928100.0
1158,2021-10-13 06:11:13,24550.0,700.0,1927300.0
1159,2021-10-13 06:11:13,24550.0,200.0,1926600.0
1160,2021-10-13 06:11:13,24550.0,100.0,1926400.0
1161,2021-10-13 06:11:08,24550.0,500.0,1926300.0
1162,2021-10-13 06:11:06,24550.0,500.0,1925800.0
1163,2021-10-13 06:10:51,24550.0,500.0,1925300.0
1164,2021-10-13 06:10:51,24550.0,100.0,1924800.0
1165,2021-10-13 06:10:43,24550.0,1900.0,1924700.0
1166,2021-10-13 06:10:43,24550.0,100.0,1922800.0
1167,2021-10-13 06:10:43,24550.0,400.0,1922700.0
1168,2021-10-13 06:10:43,24550.0,100.0,1922300.0
1169,2021-10-13 06:10:43,24550.0,2500.0,1922200.0
1170,2021-10-13 06:10:42,24550.0,1000.0,1919700.0
1171,2021-10-13 06:10:31,24550.0,100.0,1918700.0
1172,2021-10-13 06:10:12,24550.0,900.0,1918600.0
1173,2021-10-13 06:09:51,24550.0,500.0,1917700.0
1174,2021-10-13 06:09:51,24550.0,100.0,1917200.0
1175,2021-10-13 06:09:51,24550.0,400.0,1917100.0
1176,2021-10-13 06:09:50,24550.0,4000.0,1916700.0
1177,2021-10-13 06:09:02,24550.0,1000.0,1912700.0
1178,2021-10-13 06:08:48,24550.0,800.0,1911700.0
1179,2021-10-13 06:08:48,24550.0,500.0,1910900.0
1180,2021-10-13 06:08:48,24550.0,100.0,1910400.0
1181,2021-10-13 06:08:48,24550.0,1700.0,1910300.0
1182,2021-10-13 06:08:48,24550.0,100.0,1908600.0
1183,2021-10-13 06:08:48,24550.0,100.0,1908500.0
1184,2021-10-13 06:08:48,24550.0,1300.0,1908400.0
1185,2021-10-13 06:08:20,24550.0,100.0,1907100.0
1186,2021-10-13 06:08:18,24500.0,400.0,1907000.0
1187,2021-10-13 06:08:18,24500.0,500.0,1906600.0
1188,2021-10-13 06:08:18,24500.0,100.0,1906100.0
1189,2021-10-13 06:08:13,24550.0,100.0,1906000.0
1190,2021-10-13 06:08:13,24550.0,100.0,1905900.0
1191,2021-10-13 06:08:13,24550.0,200.0,1905800.0
1192,2021-10-13 06:08:11,24500.0,500.0,1905600.0
1193,2021-10-13 06:07:53,24550.0,100.0,1905100.0
1194,2021-10-13 06:07:52,24550.0,200.0,1905000.0
1195,2021-10-13 06:07:52,24550.0,500.0,1904800.0
1196,2021-10-13 06:07:22,24550.0,100.0,1904300.0
1197,2021-10-13 06:07:18,24550.0,1000.0,1904200.0
1198,2021-10-13 06:07:12,24550.0,100.0,1903200.0
1199,2021-10-13 06:07:02,24550.0,300.0,1903100.0
1200,2021-10-13 06:07:01,24550.0,2000.0,1902800.0
1201,2021-10-13 06:06:45,24550.0,800.0,1900800.0
1202,2021-10-13 06:06:40,24550.0,1000.0,1900000.0
1203,2021-10-13 06:06:40,24550.0,2000.0,1899000.0
1204,2021-10-13 06:06:29,24550.0,100.0,1897000.0
1205,2021-10-13 06:06:18,24550.0,400.0,1896900.0
1206,2021-10-13 06:05:50,24550.0,100.0,1896500.0
1207,2021-10-13 06:05:47,24550.0,1000.0,1896400.0
1208,2021-10-13 06:04:18,24550.0,100.0,1895400.0
1209,2021-10-13 06:04:13,24550.0,400.0,1895300.0
1210,2021-10-13 06:03:51,24550.0,100.0,1894900.0
1211,2021-10-13 06:03:51,24550.0,1100.0,1894800.0
1212,2021-10-13 06:03:51,24550.0,1300.0,1893700.0
1213,2021-10-13 06:03:51,24550.0,100.0,1892400.0
1214,2021-10-13 06:03:51,24550.0,1000.0,1892300.0
1215,2021-10-13 06:03:51,24550.0,500.0,1891300.0
1216,2021-10-13 06:03:49,24500.0,2000.0,1890800.0
1217,2021-10-13 06:03:19,24500.0,400.0,1888800.0
1218,2021-10-13 06:03:19,24500.0,1800.0,1888400.0
1219,2021-10-13 06:03:19,24500.0,1000.0,1886600.0
1220,2021-10-13 06:03:09,24500.0,700.0,1885600.0
1221,2021-10-13 06:02:49,24550.0,200.0,1884900.0
1222,2021-10-13 06:02:01,24550.0,500.0,1884700.0
1223,2021-10-13 06:01:40,24550.0,3000.0,1884200.0
1224,2021-10-13 06:01:30,24550.0,500.0,1881200.0
1225,2021-10-13 06:01:18,24550.0,1000.0,1880700.0
1226,2021-10-13 06:01:05,24550.0,500.0,1879700.0
1227,2021-10-13 06:01:01,24550.0,600.0,1879200.0
1228,2021-10-13 06:01:01,24550.0,5000.0,1878600.0
1229,2021-10-13 06:01:01,24550.0,8000.0,1873600.0
1230,2021-10-13 06:01:01,24550.0,2000.0,1865600.0
1231,2021-10-13 06:01:01,24550.0,5500.0,1863600.0
1232,2021-10-13 06:00:33,24600.0,100.0,1858100.0
1233,2021-10-13 06:00:26,24550.0,600.0,1858000.0
1234,2021-10-13 06:00:26,24600.0,100.0,1857400.0
1235,2021-10-13 06:00:20,24600.0,100.0,1857300.0
1236,2021-10-13 06:00:17,24600.0,100.0,1857200.0
1237,2021-10-13 06:00:13,24600.0,200.0,1857100.0
1238,2021-10-13 06:00:13,24600.0,300.0,1856900.0
1239,2021-10-13 06:00:10,24600.0,400.0,1856600.0
1240,2021-10-13 06:00:05,24600.0,400.0,1856200.0
1241,2021-10-13 06:00:03,24600.0,300.0,1855800.0
1242,2021-10-13 06:00:03,24600.0,200.0,1855500.0
1243,2021-10-13 06:00:02,24600.0,500.0,1855300.0
1244,2021-10-13 06:00:01,24600.0,100.0,1854800.0
1245,2021-10-13 06:00:01,24600.0,500.0,1854700.0
1246,2021-10-13 06:00:01,24600.0,300.0,1854200.0
1247,2021-10-13 06:00:01,24600.0,100.0,1853900.0
1248,2021-10-13 06:00:01,24600.0,1000.0,1853800.0
1249,2021-10-13 06:00:00,24600.0,100.0,1852800.0
1250,2021-10-13 06:00:00,24600.0,100.0,1852700.0
1251,2021-10-13 06:00:00,24600.0,100.0,1852600.0
1252,2021-10-13 04:29:52,24600.0,400.0,1852500.0
1253,2021-10-13 04:29:36,24600.0,200.0,1852100.0
1254,2021-10-13 04:29:36,24600.0,100.0,1851900.0
1255,2021-10-13 04:29:36,24600.0,300.0,1851800.0
1256,2021-10-13 04:29:28,24600.0,700.0,1851500.0
1257,2021-10-13 04:29:28,24600.0,1700.0,1850800.0
1258,2021-10-13 04:28:26,24600.0,200.0,1849100.0
1259,2021-10-13 04:28:26,24600.0,100.0,1848900.0
1260,2021-10-13 04:28:12,24600.0,900.0,1848800.0
1261,2021-10-13 04:28:12,24600.0,100.0,1847900.0
1262,2021-10-13 04:28:03,24600.0,100.0,1847800.0
1263,2021-10-13 04:28:00,24600.0,900.0,1847700.0
1264,2021-10-13 04:27:55,24600.0,100.0,1846800.0
1265,2021-10-13 04:27:55,24600.0,100.0,1846700.0
1266,2021-10-13 04:27:55,24600.0,100.0,1846600.0
1267,2021-10-13 04:27:55,24600.0,500.0,1846500.0
1268,2021-10-13 04:27:55,24600.0,300.0,1846000.0
1269,2021-10-13 04:27:55,24600.0,900.0,1845700.0
1270,2021-10-13 04:27:42,24600.0,100.0,1844800.0
1271,2021-10-13 04:27:42,24600.0,900.0,1844700.0
1272,2021-10-13 04:27:40,24600.0,100.0,1843800.0
1273,2021-10-13 04:26:46,24600.0,300.0,1843700.0
1274,2021-10-13 04:26:46,24600.0,600.0,1843400.0
1275,2021-10-13 04:26:46,24600.0,600.0,1842800.0
1276,2021-10-13 04:26:46,24600.0,5000.0,1842200.0
1277,2021-10-13 04:26:46,24600.0,200.0,1837200.0
1278,2021-10-13 04:26:46,24600.0,500.0,1837000.0
1279,2021-10-13 04:26:46,24600.0,200.0,1836500.0
1280,2021-10-13 04:26:46,24600.0,2000.0,1836300.0
1281,2021-10-13 04:26:46,24600.0,200.0,1834300.0
1282,2021-10-13 04:26:46,24600.0,200.0,1834100.0
1283,2021-10-13 04:26:46,24600.0,200.0,1833900.0
1284,2021-10-13 04:26:23,24550.0,5000.0,1833700.0
1285,2021-10-13 04:26:14,24550.0,3900.0,1828700.0
1286,2021-10-13 04:25:59,24550.0,8700.0,1824800.0
1287,2021-10-13 04:25:55,24550.0,100.0,1816100.0
1288,2021-10-13 04:25:55,24550.0,3700.0,1816000.0
1289,2021-10-13 04:25:55,24550.0,400.0,1812300.0
1290,2021-10-13 04:25:55,24550.0,2100.0,1811900.0
1291,2021-10-13 04:25:41,24550.0,1300.0,1809800.0
1292,2021-10-13 04:25:41,24550.0,200.0,1808500.0
1293,2021-10-13 04:25:41,24550.0,400.0,1808300.0
1294,2021-10-13 04:25:41,24550.0,200.0,1807900.0
1295,2021-10-13 04:25:41,24550.0,1000.0,1807700.0
1296,2021-10-13 04:25:41,24550.0,11900.0,1806700.0
1297,2021-10-13 04:25:36,24550.0,100.0,1794800.0
1298,2021-10-13 04:24:35,24500.0,1500.0,1794700.0
1299,2021-10-13 04:24:35,24500.0,500.0,1793200.0
1300,2021-10-13 04:24:24,24550.0,400.0,1792700.0
1301,2021-10-13 04:24:22,24500.0,300.0,1792300.0
1302,2021-10-13 04:24:20,24550.0,300.0,1792000.0
1303,2021-10-13 04:24:06,24500.0,2200.0,1791700.0
1304,2021-10-13 04:24:06,24500.0,200.0,1789500.0
1305,2021-10-13 04:24:06,24500.0,2600.0,1789300.0
1306,2021-10-13 04:23:57,24550.0,600.0,1786700.0
1307,2021-10-13 04:23:57,24550.0,200.0,1786100.0
1308,2021-10-13 04:23:57,24550.0,4200.0,1785900.0
1309,2021-10-13 04:23:52,24550.0,100.0,1781700.0
1310,2021-10-13 04:23:38,24550.0,2000.0,1781600.0
1311,2021-10-13 04:23:35,24550.0,1000.0,1779600.0
1312,2021-10-13 04:23:06,24550.0,200.0,1778600.0
1313,2021-10-13 04:22:58,24500.0,500.0,1778400.0
1314,2021-10-13 04:22:53,24500.0,400.0,1777900.0
1315,2021-10-13 04:22:35,24500.0,1000.0,1777500.0
1316,2021-10-13 04:22:26,24500.0,1000.0,1776500.0
1317,2021-10-13 04:22:21,24550.0,16500.0,1775500.0
1318,2021-10-13 04:22:03,24500.0,700.0,1759000.0
1319,2021-10-13 04:22:03,24500.0,5000.0,1758300.0
1320,2021-10-13 04:22:03,24500.0,400.0,1753300.0
1321,2021-10-13 04:22:03,24500.0,2000.0,1752900.0
1322,2021-10-13 04:22:03,24500.0,100.0,1750900.0
1323,2021-10-13 04:22:03,24500.0,500.0,1750800.0
1324,2021-10-13 04:22:03,24500.0,1000.0,1750300.0
1325,2021-10-13 04:22:03,24500.0,4800.0,1749300.0
1326,2021-10-13 04:21:24,24450.0,200.0,1744500.0
1327,2021-10-13 04:21:24,24450.0,2000.0,1744300.0
1328,2021-10-13 04:21:24,24450.0,200.0,1742300.0
1329,2021-10-13 04:21:24,24450.0,1100.0,1742100.0
1330,2021-10-13 04:21:24,24450.0,500.0,1741000.0
1331,2021-10-13 04:21:14,24450.0,1000.0,1740500.0
1332,2021-10-13 04:21:14,24450.0,200.0,1739500.0
1333,2021-10-13 04:21:14,24450.0,1000.0,1739300.0
1334,2021-10-13 04:21:14,24450.0,200.0,1738300.0
1335,2021-10-13 04:21:14,24450.0,6000.0,1738100.0
1336,2021-10-13 04:21:14,24450.0,4000.0,1732100.0
1337,2021-10-13 04:20:55,24450.0,2200.0,1728100.0
1338,2021-10-13 04:20:53,24450.0,400.0,1725900.0
1339,2021-10-13 04:20:51,24450.0,1000.0,1725500.0
1340,2021-10-13 04:20:50,24450.0,300.0,1724500.0
1341,2021-10-13 04:20:50,24450.0,400.0,1724200.0
1342,2021-10-13 04:20:50,24450.0,400.0,1723800.0
1343,2021-10-13 04:20:43,24450.0,9200.0,1723400.0
1344,2021-10-13 04:20:43,24450.0,800.0,1714200.0
1345,2021-10-13 04:20:37,24450.0,200.0,1713400.0
1346,2021-10-13 04:20:37,24450.0,100.0,1713200.0
1347,2021-10-13 04:20:37,24450.0,700.0,1713100.0
1348,2021-10-13 04:20:05,24450.0,2000.0,1712400.0
1349,2021-10-13 04:19:59,24500.0,100.0,1710400.0
1350,2021-10-13 04:19:47,24450.0,100.0,1710300.0
1351,2021-10-13 04:19:43,24450.0,200.0,1710200.0
1352,2021-10-13 04:19:43,24450.0,100.0,1710000.0
1353,2021-10-13 04:19:43,24450.0,300.0,1709900.0
1354,2021-10-13 04:19:43,24450.0,600.0,1709600.0
1355,2021-10-13 04:19:43,24450.0,200.0,1709000.0
1356,2021-10-13 04:19:43,24450.0,400.0,1708800.0
1357,2021-10-13 04:19:43,24450.0,500.0,1708400.0
1358,2021-10-13 04:19:43,24450.0,400.0,1707900.0
1359,2021-10-13 04:19:43,24450.0,1000.0,1707500.0
1360,2021-10-13 04:19:43,24450.0,200.0,1706500.0
1361,2021-10-13 04:19:43,24450.0,100.0,1706300.0
1362,2021-10-13 04:19:11,24450.0,500.0,1706200.0
1363,2021-10-13 04:19:11,24450.0,200.0,1705700.0
1364,2021-10-13 04:19:11,24450.0,2000.0,1705500.0
1365,2021-10-13 04:19:11,24450.0,1000.0,1703500.0
1366,2021-10-13 04:19:11,24450.0,1000.0,1702500.0
1367,2021-10-13 04:19:11,24450.0,100.0,1701500.0
1368,2021-10-13 04:19:11,24450.0,200.0,1701400.0
1369,2021-10-13 04:18:56,24500.0,100.0,1701200.0
1370,2021-10-13 04:18:56,24500.0,400.0,1701100.0
1371,2021-10-13 04:18:56,24500.0,200.0,1700700.0
1372,2021-10-13 04:18:56,24500.0,1000.0,1700500.0
1373,2021-10-13 04:18:56,24500.0,100.0,1699500.0
1374,2021-10-13 04:18:56,24500.0,500.0,1699400.0
1375,2021-10-13 04:18:56,24500.0,500.0,1698900.0
1376,2021-10-13 04:18:56,24500.0,700.0,1698400.0
1377,2021-10-13 04:18:49,24500.0,1300.0,1697700.0
1378,2021-10-13 04:18:49,24500.0,300.0,1696400.0
1379,2021-10-13 04:18:49,24500.0,1500.0,1696100.0
1380,2021-10-13 04:18:49,24500.0,200.0,1694600.0
1381,2021-10-13 04:18:49,24500.0,200.0,1694400.0
1382,2021-10-13 04:18:47,24500.0,200.0,1694200.0
1383,2021-10-13 04:18:47,24500.0,2000.0,1694000.0
1384,2021-10-13 04:18:47,24500.0,500.0,1692000.0
1385,2021-10-13 04:18:47,24500.0,500.0,1691500.0
1386,2021-10-13 04:18:47,24500.0,4800.0,1691000.0
1387,2021-10-13 04:18:45,24500.0,500.0,1686200.0
1388,2021-10-13 04:18:43,24500.0,700.0,1685700.0
1389,2021-10-13 04:18:40,24500.0,4000.0,1685000.0
1390,2021-10-13 04:18:40,24500.0,300.0,1681000.0
1391,2021-10-13 04:18:40,24500.0,1000.0,1680700.0
1392,2021-10-13 04:18:40,24500.0,100.0,1679700.0
1393,2021-10-13 04:18:40,24500.0,10000.0,1679600.0
1394,2021-10-13 04:18:40,24500.0,100.0,1669600.0
1395,2021-10-13 04:18:40,24500.0,200.0,1669500.0
1396,2021-10-13 04:18:40,24500.0,1000.0,1669300.0
1397,2021-10-13 04:18:40,24500.0,400.0,1668300.0
1398,2021-10-13 04:18:40,24500.0,200.0,1667900.0
1399,2021-10-13 04:18:40,24500.0,400.0,1667700.0
1400,2021-10-13 04:18:40,24500.0,400.0,1667300.0
1401,2021-10-13 04:18:40,24500.0,100.0,1666900.0
1402,2021-10-13 04:18:40,24500.0,200.0,1666800.0
1403,2021-10-13 04:18:40,24500.0,200.0,1666600.0
1404,2021-10-13 04:18:40,24500.0,1000.0,1666400.0
1405,2021-10-13 04:18:40,24500.0,1500.0,1665400.0
1406,2021-10-13 04:18:40,24500.0,200.0,1663900.0
1407,2021-10-13 04:18:40,24500.0,500.0,1663700.0
1408,2021-10-13 04:18:40,24500.0,200.0,1663200.0
1409,2021-10-13 04:18:40,24500.0,100.0,1663000.0
1410,2021-10-13 04:18:40,24500.0,100.0,1662900.0
1411,2021-10-13 04:18:40,24500.0,1000.0,1662800.0
1412,2021-10-13 04:18:40,24500.0,3000.0,1661800.0
1413,2021-10-13 04:18:40,24500.0,200.0,1658800.0
1414,2021-10-13 04:18:40,24500.0,200.0,1658600.0
1415,2021-10-13 04:18:40,24500.0,100.0,1658400.0
1416,2021-10-13 04:18:40,24500.0,500.0,1658300.0
1417,2021-10-13 04:18:40,24500.0,1000.0,1657800.0
1418,2021-10-13 04:18:40,24500.0,200.0,1656800.0
1419,2021-10-13 04:18:40,24500.0,100.0,1656600.0
1420,2021-10-13 04:18:40,24500.0,100.0,1656500.0
1421,2021-10-13 04:18:40,24500.0,300.0,1656400.0
1422,2021-10-13 04:18:40,24500.0,500.0,1656100.0
1423,2021-10-13 04:18:40,24500.0,100.0,1655600.0
1424,2021-10-13 04:18:40,24500.0,100.0,1655500.0
1425,2021-10-13 04:18:40,24500.0,400.0,1655400.0
1426,2021-10-13 04:18:40,24500.0,100.0,1655000.0
1427,2021-10-13 04:18:40,24500.0,100.0,1654900.0
1428,2021-10-13 04:18:40,24500.0,1000.0,1654800.0
1429,2021-10-13 04:18:40,24500.0,2000.0,1653800.0
1430,2021-10-13 04:18:40,24500.0,1000.0,1651800.0
1431,2021-10-13 04:18:40,24500.0,1000.0,1650800.0
1432,2021-10-13 04:18:40,24500.0,2800.0,1649800.0
1433,2021-10-13 04:18:39,24500.0,500.0,1647000.0
1434,2021-10-13 04:18:35,24500.0,500.0,1646500.0
1435,2021-10-13 04:18:33,24500.0,20000.0,1646000.0
1436,2021-10-13 04:18:30,24500.0,1200.0,1626000.0
1437,2021-10-13 04:18:30,24500.0,200.0,1624800.0
1438,2021-10-13 04:18:30,24500.0,100.0,1624600.0
1439,2021-10-13 04:18:30,24500.0,1000.0,1624500.0
1440,2021-10-13 04:18:30,24500.0,300.0,1623500.0
1441,2021-10-13 04:18:30,24500.0,400.0,1623200.0
1442,2021-10-13 04:18:30,24500.0,2000.0,1622800.0
1443,2021-10-13 04:18:30,24500.0,500.0,1620800.0
1444,2021-10-13 04:18:30,24500.0,200.0,1620300.0
1445,2021-10-13 04:18:30,24500.0,100.0,1620100.0
1446,2021-10-13 04:18:30,24500.0,1000.0,1620000.0
1447,2021-10-13 04:18:30,24500.0,200.0,1619000.0
1448,2021-10-13 04:18:30,24500.0,700.0,1618800.0
1449,2021-10-13 04:18:30,24500.0,200.0,1618100.0
1450,2021-10-13 04:18:30,24500.0,400.0,1617900.0
1451,2021-10-13 04:18:30,24500.0,500.0,1617500.0
1452,2021-10-13 04:18:30,24500.0,300.0,1617000.0
1453,2021-10-13 04:18:30,24500.0,3000.0,1616700.0
1454,2021-10-13 04:18:30,24500.0,500.0,1613700.0
1455,2021-10-13 04:18:30,24500.0,100.0,1613200.0
1456,2021-10-13 04:18:30,24500.0,100.0,1613100.0
1457,2021-10-13 04:18:30,24500.0,2000.0,1613000.0
1458,2021-10-13 04:18:08,24500.0,1000.0,1611000.0
1459,2021-10-13 04:18:05,24500.0,200.0,1610000.0
1460,2021-10-13 04:17:59,24500.0,200.0,1609800.0
1461,2021-10-13 04:17:56,24500.0,100.0,1609600.0
1462,2021-10-13 04:17:49,24500.0,400.0,1609500.0
1463,2021-10-13 04:17:41,24500.0,1000.0,1609100.0
1464,2021-10-13 04:17:37,24500.0,100.0,1608100.0
1465,2021-10-13 04:17:37,24500.0,100.0,1608000.0
1466,2021-10-13 04:17:37,24500.0,200.0,1607900.0
1467,2021-10-13 04:17:37,24500.0,100.0,1607700.0
1468,2021-10-13 04:17:34,24500.0,200.0,1607600.0
1469,2021-10-13 04:17:06,24500.0,100.0,1607400.0
1470,2021-10-13 04:16:19,24500.0,500.0,1607300.0
1471,2021-10-13 04:16:06,24550.0,200.0,1606800.0
1472,2021-10-13 04:15:36,24550.0,200.0,1606600.0
1473,2021-10-13 04:15:19,24550.0,200.0,1606400.0
1474,2021-10-13 04:15:05,24550.0,100.0,1606200.0
1475,2021-10-13 04:14:46,24550.0,100.0,1606100.0
1476,2021-10-13 04:14:24,24500.0,300.0,1606000.0
1477,2021-10-13 04:14:24,24500.0,5000.0,1605700.0
1478,2021-10-13 04:14:24,24500.0,1000.0,1600700.0
1479,2021-10-13 04:14:24,24500.0,100.0,1599700.0
1480,2021-10-13 04:14:24,24500.0,400.0,1599600.0
1481,2021-10-13 04:14:24,24500.0,100.0,1599200.0
1482,2021-10-13 04:14:24,24500.0,500.0,1599100.0
1483,2021-10-13 04:14:24,24500.0,600.0,1598600.0
1484,2021-10-13 04:14:13,24500.0,100.0,1598000.0
1485,2021-10-13 04:14:13,24500.0,200.0,1597900.0
1486,2021-10-13 04:14:13,24500.0,1000.0,1597700.0
1487,2021-10-13 04:14:13,24500.0,2000.0,1596700.0
1488,2021-10-13 04:14:13,24500.0,400.0,1594700.0
1489,2021-10-13 04:14:13,24500.0,100.0,1594300.0
1490,2021-10-13 04:14:13,24500.0,500.0,1594200.0
1491,2021-10-13 04:14:13,24500.0,100.0,1593700.0
1492,2021-10-13 04:14:13,24500.0,100.0,1593600.0
1493,2021-10-13 04:14:13,24500.0,300.0,1593500.0
1494,2021-10-13 04:14:13,24500.0,200.0,1593200.0
1495,2021-10-13 04:14:07,24550.0,5000.0,1593000.0
1496,2021-10-13 04:14:07,24550.0,200.0,1588000.0
1497,2021-10-13 04:13:49,24500.0,300.0,1587800.0
1498,2021-10-13 04:13:49,24500.0,100.0,1587500.0
1499,2021-10-13 04:13:49,24500.0,600.0,1587400.0
1500,2021-10-13 04:13:48,24500.0,1000.0,1586800.0
1501,2021-10-13 04:13:41,24550.0,400.0,1585800.0
1502,2021-10-13 04:13:37,24550.0,500.0,1585400.0
1503,2021-10-13 04:13:33,24550.0,1100.0,1584900.0
1504,2021-10-13 04:13:33,24550.0,200.0,1583800.0
1505,2021-10-13 04:13:33,24550.0,900.0,1583600.0
1506,2021-10-13 04:13:22,24550.0,1300.0,1582700.0
1507,2021-10-13 04:13:19,24500.0,400.0,1581400.0
1508,2021-10-13 04:13:19,24500.0,200.0,1581000.0
1509,2021-10-13 04:13:19,24500.0,500.0,1580800.0
1510,2021-10-13 04:13:19,24500.0,1500.0,1580300.0
1511,2021-10-13 04:13:19,24500.0,400.0,1578800.0
1512,2021-10-13 04:12:40,24550.0,2000.0,1578400.0
1513,2021-10-13 04:12:11,24500.0,100.0,1576400.0
1514,2021-10-13 04:12:11,24500.0,100.0,1576300.0
1515,2021-10-13 04:11:56,24500.0,2000.0,1576200.0
1516,2021-10-13 04:11:56,24500.0,200.0,1574200.0
1517,2021-10-13 04:11:56,24500.0,400.0,1574000.0
1518,2021-10-13 04:11:56,24500.0,200.0,1573600.0
1519,2021-10-13 04:11:56,24500.0,100.0,1573400.0
1520,2021-10-13 04:11:56,24500.0,2200.0,1573300.0
1521,2021-10-13 04:11:56,24500.0,100.0,1571100.0
1522,2021-10-13 04:11:56,24500.0,100.0,1571000.0
1523,2021-10-13 04:11:56,24550.0,2000.0,1570900.0
1524,2021-10-13 04:11:56,24550.0,1000.0,1568900.0
1525,2021-10-13 04:11:56,24550.0,1000.0,1567900.0
1526,2021-10-13 04:11:56,24550.0,200.0,1566900.0
1527,2021-10-13 04:11:56,24550.0,200.0,1566700.0
1528,2021-10-13 04:11:56,24550.0,100.0,1566500.0
1529,2021-10-13 04:11:56,24550.0,2300.0,1566400.0
1530,2021-10-13 04:11:56,24550.0,300.0,1564100.0
1531,2021-10-13 04:11:56,24550.0,100.0,1563800.0
1532,2021-10-13 04:11:56,24550.0,400.0,1563700.0
1533,2021-10-13 04:11:56,24550.0,200.0,1563300.0
1534,2021-10-13 04:11:56,24550.0,200.0,1563100.0
1535,2021-10-13 04:11:56,24550.0,1000.0,1562900.0
1536,2021-10-13 04:11:56,24550.0,200.0,1561900.0
1537,2021-10-13 04:11:56,24550.0,3300.0,1561700.0
1538,2021-10-13 04:11:56,24550.0,1000.0,1558400.0
1539,2021-10-13 04:11:56,24550.0,5000.0,1557400.0
1540,2021-10-13 04:11:56,24550.0,5000.0,1552400.0
1541,2021-10-13 04:11:56,24550.0,400.0,1547400.0
1542,2021-10-13 04:11:56,24550.0,100.0,1547000.0
1543,2021-10-13 04:11:56,24550.0,500.0,1546900.0
1544,2021-10-13 04:11:56,24550.0,300.0,1546400.0
1545,2021-10-13 04:11:56,24550.0,100.0,1546100.0
1546,2021-10-13 04:11:56,24550.0,1000.0,1546000.0
1547,2021-10-13 04:11:56,24550.0,100.0,1545000.0
1548,2021-10-13 04:11:56,24550.0,200.0,1544900.0
1549,2021-10-13 04:11:56,24550.0,300.0,1544700.0
1550,2021-10-13 04:11:56,24550.0,1000.0,1544400.0
1551,2021-10-13 04:11:56,24550.0,1300.0,1543400.0
1552,2021-10-13 04:11:32,24600.0,100.0,1542100.0
1553,2021-10-13 04:11:32,24550.0,500.0,1542000.0
1554,2021-10-13 04:11:08,24600.0,200.0,1541500.0
1555,2021-10-13 04:11:07,24550.0,100.0,1541300.0
1556,2021-10-13 04:11:07,24550.0,100.0,1541200.0
1557,2021-10-13 04:11:07,24550.0,900.0,1541100.0
1558,2021-10-13 04:11:01,24550.0,100.0,1540200.0
1559,2021-10-13 04:10:59,24550.0,200.0,1540100.0
1560,2021-10-13 04:10:49,24550.0,700.0,1539900.0
1561,2021-10-13 04:10:48,24550.0,100.0,1539200.0
1562,2021-10-13 04:10:48,24550.0,4900.0,1539100.0
1563,2021-10-13 04:10:47,24550.0,1400.0,1534200.0
1564,2021-10-13 04:10:47,24550.0,600.0,1532800.0
1565,2021-10-13 04:10:33,24550.0,200.0,1532200.0
1566,2021-10-13 04:10:33,24550.0,100.0,1532000.0
1567,2021-10-13 04:10:33,24550.0,500.0,1531900.0
1568,2021-10-13 04:10:33,24550.0,400.0,1531400.0
1569,2021-10-13 04:10:33,24550.0,300.0,1531000.0
1570,2021-10-13 04:10:33,24550.0,100.0,1530700.0
1571,2021-10-13 04:10:33,24550.0,100.0,1530600.0
1572,2021-10-13 04:10:33,24550.0,400.0,1530500.0
1573,2021-10-13 04:10:20,24550.0,400.0,1530100.0
1574,2021-10-13 04:10:01,24550.0,100.0,1529700.0
1575,2021-10-13 04:08:37,24550.0,1600.0,1529600.0
1576,2021-10-13 04:08:31,24600.0,300.0,1528000.0
1577,2021-10-13 04:08:27,24600.0,6000.0,1527700.0
1578,2021-10-13 04:08:18,24550.0,7000.0,1521700.0
1579,2021-10-13 04:07:51,24600.0,8000.0,1514700.0
1580,2021-10-13 04:07:36,24600.0,100.0,1506700.0
1581,2021-10-13 04:06:54,24600.0,1000.0,1506600.0
1582,2021-10-13 04:06:51,24600.0,3000.0,1505600.0
1583,2021-10-13 04:06:41,24550.0,3000.0,1502600.0
1584,2021-10-13 04:06:38,24550.0,900.0,1499600.0
1585,2021-10-13 04:06:21,24600.0,400.0,1498700.0
1586,2021-10-13 04:06:10,24550.0,1900.0,1498300.0
1587,2021-10-13 04:05:57,24600.0,10000.0,1496400.0
1588,2021-10-13 04:05:48,24600.0,2000.0,1486400.0
1589,2021-10-13 04:05:38,24600.0,1300.0,1484400.0
1590,2021-10-13 04:05:31,24650.0,8900.0,1483100.0
1591,2021-10-13 04:05:31,24650.0,100.0,1474200.0
1592,2021-10-13 04:05:31,24600.0,200.0,1474100.0
1593,2021-10-13 04:05:31,24600.0,100.0,1473900.0
1594,2021-10-13 04:05:31,24600.0,35700.0,1473800.0
1595,2021-10-13 04:05:31,24600.0,500.0,1438100.0
1596,2021-10-13 04:05:31,24600.0,400.0,1437600.0
1597,2021-10-13 04:05:31,24600.0,200.0,1437200.0
1598,2021-10-13 04:05:31,24600.0,500.0,1437000.0
1599,2021-10-13 04:05:31,24600.0,100.0,1436500.0
1600,2021-10-13 04:05:31,24600.0,200.0,1436400.0
1601,2021-10-13 04:05:31,24600.0,3100.0,1436200.0
1602,2021-10-13 04:05:29,24550.0,800.0,1433100.0
1603,2021-10-13 04:04:39,24550.0,3900.0,1432300.0
1604,2021-10-13 04:04:39,24550.0,100.0,1428400.0
1605,2021-10-13 04:04:39,24550.0,200.0,1428300.0
1606,2021-10-13 04:04:39,24550.0,1000.0,1428100.0
1607,2021-10-13 04:04:39,24550.0,800.0,1427100.0
1608,2021-10-13 04:04:35,24600.0,1900.0,1426300.0
1609,2021-10-13 04:04:35,24600.0,100.0,1424400.0
1610,2021-10-13 04:04:35,24600.0,400.0,1424300.0
1611,2021-10-13 04:04:35,24600.0,200.0,1423900.0
1612,2021-10-13 04:04:35,24600.0,1000.0,1423700.0
1613,2021-10-13 04:04:35,24600.0,1900.0,1422700.0
1614,2021-10-13 04:04:35,24600.0,500.0,1420800.0
1615,2021-10-13 04:04:35,24600.0,400.0,1420300.0
1616,2021-10-13 04:04:35,24600.0,100.0,1419900.0
1617,2021-10-13 04:04:35,24600.0,1300.0,1419800.0
1618,2021-10-13 04:04:35,24600.0,2200.0,1418500.0
1619,2021-10-13 04:04:29,24550.0,1200.0,1416300.0
1620,2021-10-13 04:04:29,24550.0,100.0,1415100.0
1621,2021-10-13 04:04:29,24550.0,300.0,1415000.0
1622,2021-10-13 04:04:29,24550.0,2500.0,1414700.0
1623,2021-10-13 04:04:26,24600.0,100.0,1412200.0
1624,2021-10-13 04:04:25,24550.0,200.0,1412100.0
1625,2021-10-13 04:04:17,24550.0,9500.0,1411900.0
1626,2021-10-13 04:04:09,24550.0,1700.0,1402400.0
1627,2021-10-13 04:04:02,24550.0,1100.0,1400700.0
1628,2021-10-13 04:04:02,24550.0,200.0,1399600.0
1629,2021-10-13 04:04:02,24550.0,200.0,1399400.0
1630,2021-10-13 04:04:02,24550.0,1000.0,1399200.0
1631,2021-10-13 04:04:02,24550.0,200.0,1398200.0
1632,2021-10-13 04:04:02,24550.0,500.0,1398000.0
1633,2021-10-13 04:04:02,24550.0,1000.0,1397500.0
1634,2021-10-13 04:04:02,24550.0,1000.0,1396500.0
1635,2021-10-13 04:03:51,24550.0,1000.0,1395500.0
1636,2021-10-13 04:03:51,24550.0,500.0,1394500.0
1637,2021-10-13 04:03:51,24550.0,100.0,1394000.0
1638,2021-10-13 04:03:51,24550.0,2000.0,1393900.0
1639,2021-10-13 04:03:51,24550.0,300.0,1391900.0
1640,2021-10-13 04:03:30,24600.0,1500.0,1391600.0
1641,2021-10-13 04:03:29,24550.0,500.0,1390100.0
1642,2021-10-13 04:03:23,24600.0,1000.0,1389600.0
1643,2021-10-13 04:03:23,24600.0,700.0,1388600.0
1644,2021-10-13 04:03:12,24550.0,200.0,1387900.0
1645,2021-10-13 04:03:12,24550.0,700.0,1387700.0
1646,2021-10-13 04:02:51,24600.0,1000.0,1387000.0
1647,2021-10-13 04:02:12,24600.0,500.0,1386000.0
1648,2021-10-13 04:02:12,24600.0,2500.0,1385500.0
1649,2021-10-13 04:02:01,24600.0,100.0,1383000.0
1650,2021-10-13 04:01:53,24550.0,200.0,1382900.0
1651,2021-10-13 04:01:49,24550.0,100.0,1382700.0
1652,2021-10-13 04:01:49,24550.0,800.0,1382600.0
1653,2021-10-13 04:01:49,24550.0,700.0,1381800.0
1654,2021-10-13 04:01:49,24550.0,1300.0,1381100.0
1655,2021-10-13 04:01:39,24550.0,2000.0,1379800.0
1656,2021-10-13 04:01:27,24550.0,1000.0,1377800.0
1657,2021-10-13 04:01:21,24550.0,700.0,1376800.0
1658,2021-10-13 04:01:21,24550.0,100.0,1376100.0
1659,2021-10-13 04:01:21,24550.0,200.0,1376000.0
1660,2021-10-13 04:01:13,24550.0,100.0,1375800.0
1661,2021-10-13 04:01:13,24550.0,400.0,1375700.0
1662,2021-10-13 04:01:09,24550.0,1200.0,1375300.0
1663,2021-10-13 04:01:09,24550.0,3000.0,1374100.0
1664,2021-10-13 04:01:09,24550.0,1000.0,1371100.0
1665,2021-10-13 04:01:09,24550.0,800.0,1370100.0
1666,2021-10-13 04:01:08,24550.0,1000.0,1369300.0
1667,2021-10-13 04:01:06,24550.0,1100.0,1368300.0
1668,2021-10-13 04:01:03,24550.0,100.0,1367200.0
1669,2021-10-13 04:01:03,24550.0,100.0,1367100.0
1670,2021-10-13 04:01:03,24550.0,100.0,1367000.0
1671,2021-10-13 04:00:35,24550.0,300.0,1366900.0
1672,2021-10-13 03:59:26,24550.0,1200.0,1366600.0
1673,2021-10-13 03:59:26,24550.0,100.0,1365400.0
1674,2021-10-13 03:59:26,24550.0,100.0,1365300.0
1675,2021-10-13 03:59:26,24550.0,100.0,1365200.0
1676,2021-10-13 03:59:26,24550.0,3000.0,1365100.0
1677,2021-10-13 03:59:26,24550.0,100.0,1362100.0
1678,2021-10-13 03:59:26,24550.0,500.0,1362000.0
1679,2021-10-13 03:59:26,24550.0,100.0,1361500.0
1680,2021-10-13 03:59:26,24550.0,100.0,1361400.0
1681,2021-10-13 03:59:26,24550.0,100.0,1361300.0
1682,2021-10-13 03:59:26,24550.0,100.0,1361200.0
1683,2021-10-13 03:59:26,24550.0,14500.0,1361100.0
1684,2021-10-13 03:59:10,24550.0,1000.0,1346600.0
1685,2021-10-13 03:59:09,24600.0,3900.0,1345600.0
1686,2021-10-13 03:59:09,24600.0,1100.0,1341700.0
1687,2021-10-13 03:58:27,24600.0,1000.0,1340600.0
1688,2021-10-13 03:58:27,24600.0,1000.0,1339600.0
1689,2021-10-13 03:57:44,24600.0,1200.0,1338600.0
1690,2021-10-13 03:57:44,24600.0,300.0,1337400.0
1691,2021-10-13 03:57:37,24600.0,2700.0,1337100.0
1692,2021-10-13 03:57:17,24600.0,500.0,1334400.0
1693,2021-10-13 03:57:16,24600.0,500.0,1333900.0
1694,2021-10-13 03:57:14,24600.0,2000.0,1333400.0
1695,2021-10-13 03:57:08,24600.0,600.0,1331400.0
1696,2021-10-13 03:57:01,24600.0,200.0,1330800.0
1697,2021-10-13 03:57:01,24600.0,100.0,1330600.0
1698,2021-10-13 03:57:01,24600.0,200.0,1330500.0
1699,2021-10-13 03:56:34,24550.0,3800.0,1330300.0
1700,2021-10-13 03:55:51,24550.0,3000.0,1326500.0
1701,2021-10-13 03:55:30,24550.0,2000.0,1323500.0
1702,2021-10-13 03:55:19,24550.0,100.0,1321500.0
1703,2021-10-13 03:55:19,24550.0,200.0,1321400.0
1704,2021-10-13 03:55:19,24550.0,100.0,1321200.0
1705,2021-10-13 03:55:19,24550.0,200.0,1321100.0
1706,2021-10-13 03:55:14,24550.0,100.0,1320900.0
1707,2021-10-13 03:55:14,24550.0,800.0,1320800.0
1708,2021-10-13 03:55:01,24550.0,200.0,1320000.0
1709,2021-10-13 03:55:00,24550.0,100.0,1319800.0
1710,2021-10-13 03:55:00,24550.0,500.0,1319700.0
1711,2021-10-13 03:55:00,24550.0,200.0,1319200.0
1712,2021-10-13 03:55:00,24550.0,300.0,1319000.0
1713,2021-10-13 03:55:00,24550.0,3900.0,1318700.0
1714,2021-10-13 03:54:34,24550.0,1100.0,1314800.0
1715,2021-10-13 03:54:34,24550.0,100.0,1313700.0
1716,2021-10-13 03:54:34,24550.0,100.0,1313600.0
1717,2021-10-13 03:54:34,24550.0,1000.0,1313500.0
1718,2021-10-13 03:54:34,24550.0,100.0,1312500.0
1719,2021-10-13 03:54:34,24550.0,100.0,1312400.0
1720,2021-10-13 03:54:34,24550.0,500.0,1312300.0
1721,2021-10-13 03:54:34,24550.0,1000.0,1311800.0
1722,2021-10-13 03:54:34,24600.0,1000.0,1310800.0
1723,2021-10-13 03:54:32,24600.0,200.0,1309800.0
1724,2021-10-13 03:54:32,24600.0,3000.0,1309600.0
1725,2021-10-13 03:54:32,24600.0,100.0,1306600.0
1726,2021-10-13 03:54:32,24600.0,100.0,1306500.0
1727,2021-10-13 03:54:32,24600.0,2000.0,1306400.0
1728,2021-10-13 03:54:32,24600.0,300.0,1304400.0
1729,2021-10-13 03:54:32,24600.0,1000.0,1304100.0
1730,2021-10-13 03:54:32,24600.0,300.0,1303100.0
1731,2021-10-13 03:54:32,24600.0,200.0,1302800.0
1732,2021-10-13 03:54:32,24600.0,1000.0,1302600.0
1733,2021-10-13 03:54:32,24600.0,200.0,1301600.0
1734,2021-10-13 03:54:32,24600.0,200.0,1301400.0
1735,2021-10-13 03:54:32,24600.0,1000.0,1301200.0
1736,2021-10-13 03:54:32,24600.0,100.0,1300200.0
1737,2021-10-13 03:54:32,24600.0,1000.0,1300100.0
1738,2021-10-13 03:54:32,24600.0,100.0,1299100.0
1739,2021-10-13 03:54:32,24600.0,100.0,1299000.0
1740,2021-10-13 03:54:32,24600.0,1000.0,1298900.0
1741,2021-10-13 03:54:32,24600.0,500.0,1297900.0
1742,2021-10-13 03:54:32,24600.0,300.0,1297400.0
1743,2021-10-13 03:54:32,24600.0,1000.0,1297100.0
1744,2021-10-13 03:54:32,24600.0,300.0,1296100.0
1745,2021-10-13 03:54:32,24600.0,300.0,1295800.0
1746,2021-10-13 03:54:32,24600.0,100.0,1295500.0
1747,2021-10-13 03:54:32,24600.0,300.0,1295400.0
1748,2021-10-13 03:54:32,24600.0,500.0,1295100.0
1749,2021-10-13 03:54:32,24600.0,5000.0,1294600.0
1750,2021-10-13 03:54:32,24600.0,100.0,1289600.0
1751,2021-10-13 03:54:32,24600.0,5000.0,1289500.0
1752,2021-10-13 03:54:32,24600.0,500.0,1284500.0
1753,2021-10-13 03:54:32,24600.0,200.0,1284000.0
1754,2021-10-13 03:54:32,24600.0,100.0,1283800.0
1755,2021-10-13 03:54:32,24600.0,1000.0,1283700.0
1756,2021-10-13 03:54:32,24600.0,200.0,1282700.0
1757,2021-10-13 03:54:32,24600.0,300.0,1282500.0
1758,2021-10-13 03:54:32,24600.0,2000.0,1282200.0
1759,2021-10-13 03:54:32,24600.0,100.0,1280200.0
1760,2021-10-13 03:54:32,24600.0,1000.0,1280100.0
1761,2021-10-13 03:54:32,24600.0,400.0,1279100.0
1762,2021-10-13 03:54:32,24600.0,500.0,1278700.0
1763,2021-10-13 03:54:32,24600.0,1000.0,1278200.0
1764,2021-10-13 03:54:32,24600.0,200.0,1277200.0
1765,2021-10-13 03:54:32,24600.0,200.0,1277000.0
1766,2021-10-13 03:54:32,24600.0,1800.0,1276800.0
1767,2021-10-13 03:54:20,24600.0,7600.0,1275000.0
1768,2021-10-13 03:54:20,24600.0,1000.0,1267400.0
1769,2021-10-13 03:54:20,24600.0,500.0,1266400.0
1770,2021-10-13 03:54:20,24600.0,100.0,1265900.0
1771,2021-10-13 03:54:20,24600.0,800.0,1265800.0
1772,2021-10-13 03:54:14,24600.0,1200.0,1265000.0
1773,2021-10-13 03:54:14,24600.0,100.0,1263800.0
1774,2021-10-13 03:54:14,24600.0,1000.0,1263700.0
1775,2021-10-13 03:54:14,24600.0,200.0,1262700.0
1776,2021-10-13 03:54:14,24600.0,500.0,1262500.0
1777,2021-10-13 03:54:14,24600.0,100.0,1262000.0
1778,2021-10-13 03:54:14,24600.0,2000.0,1261900.0
1779,2021-10-13 03:54:14,24600.0,200.0,1259900.0
1780,2021-10-13 03:54:14,24600.0,100.0,1259700.0
1781,2021-10-13 03:54:14,24600.0,500.0,1259600.0
1782,2021-10-13 03:54:14,24600.0,100.0,1259100.0
1783,2021-10-13 03:54:14,24600.0,100.0,1259000.0
1784,2021-10-13 03:54:14,24600.0,300.0,1258900.0
1785,2021-10-13 03:54:14,24600.0,6000.0,1258600.0
1786,2021-10-13 03:54:14,24600.0,1000.0,1252600.0
1787,2021-10-13 03:54:14,24600.0,300.0,1251600.0
1788,2021-10-13 03:54:14,24600.0,200.0,1251300.0
1789,2021-10-13 03:54:14,24600.0,500.0,1251100.0
1790,2021-10-13 03:54:14,24600.0,500.0,1250600.0
1791,2021-10-13 03:54:14,24600.0,900.0,1250100.0
1792,2021-10-13 03:54:14,24600.0,4200.0,1249200.0
1793,2021-10-13 03:53:42,24650.0,800.0,1245000.0
1794,2021-10-13 03:53:33,24600.0,100.0,1244200.0
1795,2021-10-13 03:53:28,24650.0,800.0,1244100.0
1796,2021-10-13 03:53:22,24600.0,700.0,1243300.0
1797,2021-10-13 03:53:22,24600.0,100.0,1242600.0
1798,2021-10-13 03:53:22,24600.0,100.0,1242500.0
1799,2021-10-13 03:53:22,24600.0,100.0,1242400.0
1800,2021-10-13 03:53:15,24600.0,100.0,1242300.0
1801,2021-10-13 03:53:15,24600.0,1800.0,1242200.0
1802,2021-10-13 03:53:15,24600.0,100.0,1240400.0
1803,2021-10-13 03:52:55,24650.0,1600.0,1240300.0
1804,2021-10-13 03:52:54,24650.0,900.0,1238700.0
1805,2021-10-13 03:52:54,24650.0,100.0,1237800.0
1806,2021-10-13 03:52:46,24650.0,100.0,1237700.0
1807,2021-10-13 03:52:46,24650.0,700.0,1237600.0
1808,2021-10-13 03:52:41,24650.0,1800.0,1236900.0
1809,2021-10-13 03:52:41,24650.0,1000.0,1235100.0
1810,2021-10-13 03:52:41,24650.0,1000.0,1234100.0
1811,2021-10-13 03:52:41,24650.0,200.0,1233100.0
1812,2021-10-13 03:52:41,24650.0,500.0,1232900.0
1813,2021-10-13 03:52:41,24650.0,500.0,1232400.0
1814,2021-10-13 03:52:41,24650.0,1000.0,1231900.0
1815,2021-10-13 03:51:51,24650.0,1000.0,1230900.0
1816,2021-10-13 03:51:51,24650.0,1000.0,1229900.0
1817,2021-10-13 03:51:51,24650.0,500.0,1228900.0
1818,2021-10-13 03:51:51,24650.0,1000.0,1228400.0
1819,2021-10-13 03:51:51,24650.0,200.0,1227400.0
1820,2021-10-13 03:51:51,24650.0,500.0,1227200.0
1821,2021-10-13 03:51:51,24650.0,500.0,1226700.0
1822,2021-10-13 03:51:51,24650.0,3000.0,1226200.0
1823,2021-10-13 03:51:51,24650.0,100.0,1223200.0
1824,2021-10-13 03:51:51,24650.0,1000.0,1223100.0
1825,2021-10-13 03:51:51,24650.0,1000.0,1222100.0
1826,2021-10-13 03:51:51,24650.0,200.0,1221100.0
1827,2021-10-13 03:51:04,24700.0,300.0,1220900.0
1828,2021-10-13 03:51:04,24700.0,200.0,1220600.0
1829,2021-10-13 03:51:02,24650.0,200.0,1220400.0
1830,2021-10-13 03:51:02,24650.0,100.0,1220200.0
1831,2021-10-13 03:51:02,24650.0,100.0,1220100.0
1832,2021-10-13 03:51:02,24650.0,1000.0,1220000.0
1833,2021-10-13 03:51:02,24650.0,100.0,1219000.0
1834,2021-10-13 03:51:02,24650.0,1000.0,1218900.0
1835,2021-10-13 03:51:02,24650.0,1000.0,1217900.0
1836,2021-10-13 03:51:02,24650.0,6500.0,1216900.0
1837,2021-10-13 03:50:59,24650.0,1000.0,1210400.0
1838,2021-10-13 03:50:48,24650.0,2500.0,1209400.0
1839,2021-10-13 03:50:48,24650.0,800.0,1206900.0
1840,2021-10-13 03:50:11,24650.0,200.0,1206100.0
1841,2021-10-13 03:50:11,24650.0,100.0,1205900.0
1842,2021-10-13 03:50:11,24650.0,100.0,1205800.0
1843,2021-10-13 03:50:11,24650.0,100.0,1205700.0
1844,2021-10-13 03:50:11,24650.0,100.0,1205600.0
1845,2021-10-13 03:50:11,24650.0,2000.0,1205500.0
1846,2021-10-13 03:50:11,24650.0,200.0,1203500.0
1847,2021-10-13 03:50:02,24650.0,100.0,1203300.0
1848,2021-10-13 03:49:49,24650.0,1800.0,1203200.0
1849,2021-10-13 03:49:49,24650.0,3200.0,1201400.0
1850,2021-10-13 03:49:45,24650.0,1500.0,1198200.0
1851,2021-10-13 03:49:45,24650.0,300.0,1196700.0
1852,2021-10-13 03:49:45,24650.0,100.0,1196400.0
1853,2021-10-13 03:49:45,24650.0,2600.0,1196300.0
1854,2021-10-13 03:49:22,24650.0,6000.0,1193700.0
1855,2021-10-13 03:49:07,24650.0,500.0,1187700.0
1856,2021-10-13 03:48:51,24700.0,5000.0,1187200.0
1857,2021-10-13 03:48:27,24650.0,900.0,1182200.0
1858,2021-10-13 03:48:27,24650.0,100.0,1181300.0
1859,2021-10-13 03:48:03,24700.0,500.0,1181200.0
1860,2021-10-13 03:47:57,24700.0,5000.0,1180700.0
1861,2021-10-13 03:47:55,24650.0,400.0,1175700.0
1862,2021-10-13 03:47:55,24650.0,2600.0,1175300.0
1863,2021-10-13 03:47:30,24700.0,300.0,1172700.0
1864,2021-10-13 03:47:22,24700.0,500.0,1172400.0
1865,2021-10-13 03:47:19,24700.0,200.0,1171900.0
1866,2021-10-13 03:47:03,24700.0,500.0,1171700.0
1867,2021-10-13 03:45:57,24700.0,100.0,1171200.0
1868,2021-10-13 03:45:57,24700.0,500.0,1171100.0
1869,2021-10-13 03:45:57,24700.0,100.0,1170600.0
1870,2021-10-13 03:45:57,24700.0,2000.0,1170500.0
1871,2021-10-13 03:45:57,24700.0,1000.0,1168500.0
1872,2021-10-13 03:45:57,24700.0,600.0,1167500.0
1873,2021-10-13 03:45:57,24700.0,1000.0,1166900.0
1874,2021-10-13 03:45:57,24700.0,100.0,1165900.0
1875,2021-10-13 03:45:57,24700.0,1300.0,1165800.0
1876,2021-10-13 03:45:57,24700.0,100.0,1164500.0
1877,2021-10-13 03:45:57,24700.0,2800.0,1164400.0
1878,2021-10-13 03:45:57,24700.0,5200.0,1161600.0
1879,2021-10-13 03:45:52,24700.0,600.0,1156400.0
1880,2021-10-13 03:45:52,24700.0,500.0,1155800.0
1881,2021-10-13 03:45:52,24700.0,2300.0,1155300.0
1882,2021-10-13 03:45:52,24700.0,2000.0,1153000.0
1883,2021-10-13 03:45:52,24700.0,1000.0,1151000.0
1884,2021-10-13 03:45:52,24700.0,400.0,1150000.0
1885,2021-10-13 03:45:52,24700.0,400.0,1149600.0
1886,2021-10-13 03:45:52,24700.0,200.0,1149200.0
1887,2021-10-13 03:45:52,24700.0,1000.0,1149000.0
1888,2021-10-13 03:45:52,24700.0,100.0,1148000.0
1889,2021-10-13 03:45:52,24700.0,6500.0,1147900.0
1890,2021-10-13 03:45:49,24700.0,2000.0,1141400.0
1891,2021-10-13 03:45:27,24700.0,700.0,1139400.0
1892,2021-10-13 03:45:27,24700.0,4300.0,1138700.0
1893,2021-10-13 03:44:29,24750.0,100.0,1134400.0
1894,2021-10-13 03:44:29,24750.0,100.0,1134300.0
1895,2021-10-13 03:44:29,24750.0,100.0,1134200.0
1896,2021-10-13 03:44:29,24750.0,300.0,1134100.0
1897,2021-10-13 03:44:29,24750.0,400.0,1133800.0
1898,2021-10-13 03:44:27,24750.0,100.0,1133400.0
1899,2021-10-13 03:44:27,24750.0,100.0,1133300.0
1900,2021-10-13 03:44:26,24700.0,700.0,1133200.0
1901,2021-10-13 03:44:26,24700.0,500.0,1132500.0
1902,2021-10-13 03:44:26,24700.0,500.0,1132000.0
1903,2021-10-13 03:44:26,24700.0,400.0,1131500.0
1904,2021-10-13 03:44:26,24700.0,200.0,1131100.0
1905,2021-10-13 03:44:26,24700.0,100.0,1130900.0
1906,2021-10-13 03:44:26,24700.0,1000.0,1130800.0
1907,2021-10-13 03:44:26,24700.0,500.0,1129800.0
1908,2021-10-13 03:44:26,24700.0,1100.0,1129300.0
1909,2021-10-13 03:43:05,24750.0,1000.0,1128200.0
1910,2021-10-13 03:42:20,24750.0,200.0,1127200.0
1911,2021-10-13 03:42:16,24750.0,300.0,1127000.0
1912,2021-10-13 03:41:43,24700.0,100.0,1126700.0
1913,2021-10-13 03:41:31,24700.0,400.0,1126600.0
1914,2021-10-13 03:41:09,24700.0,500.0,1126200.0
1915,2021-10-13 03:40:52,24700.0,300.0,1125700.0
1916,2021-10-13 03:40:50,24700.0,100.0,1125400.0
1917,2021-10-13 03:40:49,24700.0,500.0,1125300.0
1918,2021-10-13 03:40:40,24700.0,400.0,1124800.0
1919,2021-10-13 03:40:40,24700.0,2600.0,1124400.0
1920,2021-10-13 03:40:40,24700.0,1000.0,1121800.0
1921,2021-10-13 03:40:40,24700.0,500.0,1120800.0
1922,2021-10-13 03:40:40,24700.0,100.0,1120300.0
1923,2021-10-13 03:40:40,24700.0,1000.0,1120200.0
1924,2021-10-13 03:40:40,24700.0,5000.0,1119200.0
1925,2021-10-13 03:40:40,24700.0,500.0,1114200.0
1926,2021-10-13 03:40:40,24700.0,5000.0,1113700.0
1927,2021-10-13 03:40:40,24700.0,500.0,1108700.0
1928,2021-10-13 03:40:40,24700.0,3800.0,1108200.0
1929,2021-10-13 03:40:38,24700.0,5000.0,1104400.0
1930,2021-10-13 03:40:09,24700.0,1200.0,1099400.0
1931,2021-10-13 03:40:09,24700.0,2600.0,1098200.0
1932,2021-10-13 03:40:09,24700.0,1000.0,1095600.0
1933,2021-10-13 03:40:09,24700.0,200.0,1094600.0
1934,2021-10-13 03:40:07,24700.0,800.0,1094400.0
1935,2021-10-13 03:40:07,24700.0,200.0,1093600.0
1936,2021-10-13 03:39:23,24700.0,2000.0,1093400.0
1937,2021-10-13 03:38:43,24700.0,100.0,1091400.0
1938,2021-10-13 03:38:39,24750.0,100.0,1091300.0
1939,2021-10-13 03:38:17,24750.0,100.0,1091200.0
1940,2021-10-13 03:38:17,24750.0,1600.0,1091100.0
1941,2021-10-13 03:36:39,24750.0,300.0,1089500.0
1942,2021-10-13 03:36:08,24750.0,100.0,1089200.0
1943,2021-10-13 03:36:08,24750.0,200.0,1089100.0
1944,2021-10-13 03:36:08,24750.0,700.0,1088900.0
1945,2021-10-13 03:35:56,24750.0,400.0,1088200.0
1946,2021-10-13 03:35:51,24750.0,1000.0,1087800.0
1947,2021-10-13 03:34:46,24750.0,2200.0,1086800.0
1948,2021-10-13 03:34:46,24750.0,800.0,1084600.0
1949,2021-10-13 03:34:19,24750.0,200.0,1083800.0
1950,2021-10-13 03:33:56,24750.0,300.0,1083600.0
1951,2021-10-13 03:33:53,24700.0,200.0,1083300.0
1952,2021-10-13 03:33:10,24700.0,300.0,1083100.0
1953,2021-10-13 03:33:07,24700.0,1000.0,1082800.0
1954,2021-10-13 03:32:51,24700.0,1000.0,1081800.0
1955,2021-10-13 03:32:38,24700.0,1000.0,1080800.0
1956,2021-10-13 03:32:34,24750.0,1000.0,1079800.0
1957,2021-10-13 03:32:28,24750.0,100.0,1078800.0
1958,2021-10-13 03:31:49,24750.0,300.0,1078700.0
1959,2021-10-13 03:31:49,24750.0,1300.0,1078400.0
1960,2021-10-13 03:31:22,24750.0,500.0,1077100.0
1961,2021-10-13 03:31:22,24750.0,100.0,1076600.0
1962,2021-10-13 03:31:22,24750.0,100.0,1076500.0
1963,2021-10-13 03:31:07,24750.0,1000.0,1076400.0
1964,2021-10-13 03:30:38,24750.0,500.0,1075400.0
1965,2021-10-13 03:30:00,24700.0,1100.0,1074900.0
1966,2021-10-13 03:28:12,24700.0,3900.0,1073800.0
1967,2021-10-13 03:28:12,24750.0,2000.0,1069900.0
1968,2021-10-13 03:28:12,24750.0,100.0,1067900.0
1969,2021-10-13 03:27:51,24750.0,1000.0,1067800.0
1970,2021-10-13 03:27:51,24750.0,600.0,1066800.0
1971,2021-10-13 03:27:49,24750.0,100.0,1066200.0
1972,2021-10-13 03:27:38,24750.0,10000.0,1066100.0
1973,2021-10-13 03:27:35,24750.0,200.0,1056100.0
1974,2021-10-13 03:27:07,24750.0,300.0,1055900.0
1975,2021-10-13 03:27:07,24750.0,200.0,1055600.0
1976,2021-10-13 03:27:07,24750.0,1500.0,1055400.0
1977,2021-10-13 03:27:05,24700.0,3000.0,1053900.0
1978,2021-10-13 03:26:35,24700.0,9000.0,1050900.0
1979,2021-10-13 03:26:35,24700.0,100.0,1041900.0
1980,2021-10-13 03:26:35,24700.0,200.0,1041800.0
1981,2021-10-13 03:26:35,24700.0,100.0,1041600.0
1982,2021-10-13 03:26:35,24700.0,3600.0,1041500.0
1983,2021-10-13 03:26:35,24700.0,1000.0,1037900.0
1984,2021-10-13 03:26:35,24700.0,200.0,1036900.0
1985,2021-10-13 03:26:35,24700.0,100.0,1036700.0
1986,2021-10-13 03:26:35,24700.0,22800.0,1036600.0
1987,2021-10-13 03:26:35,24700.0,99100.0,1013800.0
1988,2021-10-13 03:26:21,24700.0,500.0,914700.0
1989,2021-10-13 03:26:10,24700.0,400.0,914200.0
1990,2021-10-13 03:26:10,24700.0,1000.0,913800.0
1991,2021-10-13 03:26:10,24700.0,500.0,912800.0
1992,2021-10-13 03:26:10,24700.0,100.0,912300.0
1993,2021-10-13 03:26:10,24700.0,300.0,912200.0
1994,2021-10-13 03:26:04,24700.0,300.0,911900.0
1995,2021-10-13 03:25:52,24700.0,400.0,911600.0
1996,2021-10-13 03:25:52,24700.0,100.0,911200.0
1997,2021-10-13 03:25:45,24700.0,100.0,911100.0
1998,2021-10-13 03:25:36,24700.0,2000.0,911000.0
1999,2021-10-13 03:25:36,24700.0,1000.0,909000.0
2000,2021-10-13 03:25:32,24700.0,500.0,908000.0
2001,2021-10-13 03:25:27,24700.0,300.0,907500.0
2002,2021-10-13 03:25:21,24700.0,300.0,907200.0
2003,2021-10-13 03:25:15,24700.0,500.0,906900.0
2004,2021-10-13 03:25:03,24700.0,100.0,906400.0
2005,2021-10-13 03:25:03,24700.0,1000.0,906300.0
2006,2021-10-13 03:24:38,24700.0,1000.0,905300.0
2007,2021-10-13 03:24:37,24650.0,500.0,904300.0
2008,2021-10-13 03:24:36,24650.0,1900.0,903800.0
2009,2021-10-13 03:24:36,24650.0,100.0,901900.0
2010,2021-10-13 03:24:36,24650.0,200.0,901800.0
2011,2021-10-13 03:24:36,24650.0,400.0,901600.0
2012,2021-10-13 03:23:59,24650.0,400.0,901200.0
2013,2021-10-13 03:23:49,24650.0,200.0,900800.0
2014,2021-10-13 03:23:48,24700.0,1000.0,900600.0
2015,2021-10-13 03:23:48,24650.0,1000.0,899600.0
2016,2021-10-13 03:23:46,24650.0,900.0,898600.0
2017,2021-10-13 03:23:38,24700.0,200.0,897700.0
2018,2021-10-13 03:23:36,24650.0,2000.0,897500.0
2019,2021-10-13 03:23:36,24650.0,100.0,895500.0
2020,2021-10-13 03:23:36,24650.0,100.0,895400.0
2021,2021-10-13 03:23:04,24650.0,1000.0,895300.0
2022,2021-10-13 03:22:04,24650.0,500.0,894300.0
2023,2021-10-13 03:21:57,24650.0,500.0,893800.0
2024,2021-10-13 03:21:57,24650.0,100.0,893300.0
2025,2021-10-13 03:21:53,24600.0,900.0,893200.0
2026,2021-10-13 03:21:53,24600.0,100.0,892300.0
2027,2021-10-13 03:21:53,24650.0,200.0,892200.0
2028,2021-10-13 03:21:53,24650.0,400.0,892000.0
2029,2021-10-13 03:21:52,24650.0,100.0,891600.0
2030,2021-10-13 03:21:32,24650.0,1000.0,891500.0
2031,2021-10-13 03:21:22,24650.0,300.0,890500.0
2032,2021-10-13 03:21:22,24650.0,100.0,890200.0
2033,2021-10-13 03:21:22,24650.0,100.0,890100.0
2034,2021-10-13 03:21:22,24650.0,100.0,890000.0
2035,2021-10-13 03:21:22,24650.0,100.0,889900.0
2036,2021-10-13 03:21:22,24650.0,200.0,889800.0
2037,2021-10-13 03:21:22,24650.0,100.0,889600.0
2038,2021-10-13 03:21:22,24650.0,800.0,889500.0
2039,2021-10-13 03:21:22,24650.0,2200.0,888700.0
2040,2021-10-13 03:21:15,24650.0,400.0,886500.0
2041,2021-10-13 03:21:04,24650.0,3000.0,886100.0
2042,2021-10-13 03:20:17,24650.0,100.0,883100.0
2043,2021-10-13 03:20:17,24650.0,500.0,883000.0
2044,2021-10-13 03:20:17,24650.0,1000.0,882500.0
2045,2021-10-13 03:20:17,24650.0,200.0,881500.0
2046,2021-10-13 03:20:17,24650.0,100.0,881300.0
2047,2021-10-13 03:20:17,24650.0,100.0,881200.0
