,Time,Price,Volume_per_trade,Volume
0,2021-10-22 14:45:02,6100.0,7600.0,760500.0
1,2021-10-22 14:29:56,6100.0,1000.0,752900.0
2,2021-10-22 14:27:28,6100.0,200.0,751900.0
3,2021-10-22 14:27:16,6100.0,400.0,751700.0
4,2021-10-22 14:26:40,6100.0,1600.0,751300.0
5,2021-10-22 14:26:07,6100.0,1000.0,749700.0
6,2021-10-22 14:26:05,6100.0,1000.0,748700.0
7,2021-10-22 14:25:55,6100.0,1500.0,747700.0
8,2021-10-22 14:25:23,6100.0,700.0,746200.0
9,2021-10-22 14:24:58,6100.0,300.0,745500.0
10,2021-10-22 14:24:42,6200.0,1000.0,745200.0
11,2021-10-22 14:24:40,6100.0,1000.0,744200.0
12,2021-10-22 14:21:45,6100.0,500.0,743200.0
13,2021-10-22 14:21:37,6100.0,500.0,742700.0
14,2021-10-22 14:20:45,6100.0,1100.0,742200.0
15,2021-10-22 14:20:36,6100.0,2300.0,741100.0
16,2021-10-22 14:20:07,6100.0,1600.0,738800.0
17,2021-10-22 14:20:04,6100.0,500.0,737200.0
18,2021-10-22 14:18:03,6100.0,100.0,736700.0
19,2021-10-22 14:17:53,6100.0,200.0,736600.0
20,2021-10-22 14:17:42,6100.0,500.0,736400.0
21,2021-10-22 14:17:19,6100.0,1800.0,735900.0
22,2021-10-22 14:16:09,6100.0,200.0,734100.0
23,2021-10-22 14:16:00,6100.0,200.0,733900.0
24,2021-10-22 14:15:39,6100.0,4700.0,733700.0
25,2021-10-22 14:15:19,6100.0,900.0,729000.0
26,2021-10-22 14:14:43,6000.0,8000.0,728100.0
27,2021-10-22 14:13:33,6100.0,14500.0,720100.0
28,2021-10-22 14:12:39,6100.0,3000.0,705600.0
29,2021-10-22 14:11:27,6100.0,100.0,702600.0
30,2021-10-22 14:10:47,6100.0,2700.0,702500.0
31,2021-10-22 14:09:12,6100.0,12000.0,699800.0
32,2021-10-22 14:08:47,6200.0,500.0,687800.0
33,2021-10-22 14:08:24,6200.0,100.0,687300.0
34,2021-10-22 14:06:47,6200.0,200.0,687200.0
35,2021-10-22 14:05:57,6200.0,200.0,687000.0
36,2021-10-22 14:03:47,6200.0,300.0,686800.0
37,2021-10-22 14:03:27,6200.0,1000.0,686500.0
38,2021-10-22 14:03:12,6200.0,1200.0,685500.0
39,2021-10-22 14:02:34,6200.0,6600.0,684300.0
40,2021-10-22 14:00:56,6200.0,700.0,677700.0
41,2021-10-22 14:00:48,6200.0,800.0,677000.0
42,2021-10-22 14:00:16,6200.0,100.0,676200.0
43,2021-10-22 13:59:51,6200.0,400.0,676100.0
44,2021-10-22 13:59:08,6200.0,3000.0,675700.0
45,2021-10-22 13:58:11,6100.0,500.0,672700.0
46,2021-10-22 13:56:23,6100.0,5000.0,672200.0
47,2021-10-22 13:55:17,6100.0,200.0,667200.0
48,2021-10-22 13:54:23,6200.0,27000.0,667000.0
49,2021-10-22 13:52:18,6100.0,700.0,640000.0
50,2021-10-22 13:50:21,6100.0,3500.0,639300.0
51,2021-10-22 13:50:03,6100.0,3500.0,635800.0
52,2021-10-22 13:49:40,6100.0,10000.0,632300.0
53,2021-10-22 13:48:59,6100.0,200.0,622300.0
54,2021-10-22 13:48:12,6100.0,5100.0,622100.0
55,2021-10-22 13:47:58,6100.0,200.0,617000.0
56,2021-10-22 13:46:35,6100.0,1000.0,616800.0
57,2021-10-22 13:46:18,6100.0,500.0,615800.0
58,2021-10-22 13:46:00,6100.0,3700.0,615300.0
59,2021-10-22 13:43:57,6100.0,2000.0,611600.0
60,2021-10-22 13:43:28,6200.0,1000.0,609600.0
61,2021-10-22 13:42:56,6100.0,900.0,608600.0
62,2021-10-22 13:42:51,6100.0,10000.0,607700.0
63,2021-10-22 13:42:37,6100.0,3000.0,597700.0
64,2021-10-22 13:42:14,6100.0,2000.0,594700.0
65,2021-10-22 13:42:10,6100.0,2000.0,592700.0
66,2021-10-22 13:42:06,6100.0,2000.0,590700.0
67,2021-10-22 13:41:33,6100.0,800.0,588700.0
68,2021-10-22 13:41:24,6100.0,3000.0,587900.0
69,2021-10-22 13:41:18,6100.0,2000.0,584900.0
70,2021-10-22 13:41:01,6100.0,200.0,582900.0
71,2021-10-22 13:40:21,6100.0,100.0,582700.0
72,2021-10-22 13:38:23,6100.0,2000.0,582600.0
73,2021-10-22 13:38:08,6100.0,3500.0,580600.0
74,2021-10-22 13:38:00,6100.0,1000.0,577100.0
75,2021-10-22 13:37:28,6100.0,5000.0,576100.0
76,2021-10-22 13:37:08,6100.0,5900.0,571100.0
77,2021-10-22 13:37:02,6100.0,2000.0,565200.0
78,2021-10-22 13:35:06,6100.0,2000.0,563200.0
79,2021-10-22 13:34:46,6100.0,2000.0,561200.0
80,2021-10-22 13:33:44,6100.0,100.0,559200.0
81,2021-10-22 13:25:17,6000.0,100.0,559100.0
82,2021-10-22 13:25:09,6000.0,5000.0,559000.0
83,2021-10-22 13:23:29,6000.0,2000.0,554000.0
84,2021-10-22 13:19:46,6000.0,8800.0,552000.0
85,2021-10-22 13:19:04,6000.0,1200.0,543200.0
86,2021-10-22 13:18:57,6000.0,8500.0,542000.0
87,2021-10-22 13:18:46,6000.0,800.0,533500.0
88,2021-10-22 13:17:55,6000.0,17000.0,532700.0
89,2021-10-22 13:17:20,6000.0,3000.0,515700.0
90,2021-10-22 13:14:49,6000.0,26000.0,512700.0
91,2021-10-22 13:11:26,6000.0,5000.0,486700.0
92,2021-10-22 13:10:40,6000.0,5000.0,481700.0
93,2021-10-22 13:07:33,6000.0,2000.0,476700.0
94,2021-10-22 13:05:07,6000.0,6400.0,474700.0
95,2021-10-22 13:04:25,6000.0,3500.0,468300.0
96,2021-10-22 13:02:47,6000.0,4000.0,464800.0
97,2021-10-22 13:01:54,6000.0,800.0,460800.0
98,2021-10-22 13:00:13,6000.0,500.0,460000.0
99,2021-10-22 13:00:10,6000.0,1000.0,459500.0
100,2021-10-22 13:00:09,6000.0,1000.0,458500.0
101,2021-10-22 13:00:06,6000.0,29200.0,457500.0
102,2021-10-22 11:29:52,6100.0,100.0,428300.0
103,2021-10-22 11:21:46,6000.0,500.0,428200.0
104,2021-10-22 11:21:03,6000.0,6000.0,427700.0
105,2021-10-22 11:19:37,6000.0,600.0,421700.0
106,2021-10-22 11:14:12,6000.0,3500.0,421100.0
107,2021-10-22 11:12:55,6100.0,500.0,417600.0
108,2021-10-22 11:11:54,6100.0,300.0,417100.0
109,2021-10-22 11:09:15,6100.0,900.0,416800.0
110,2021-10-22 11:07:22,6000.0,4500.0,415900.0
111,2021-10-22 11:05:32,6000.0,200.0,411400.0
112,2021-10-22 11:05:20,6100.0,5000.0,411200.0
113,2021-10-22 11:00:56,6100.0,100.0,406200.0
114,2021-10-22 10:58:44,6100.0,200.0,406100.0
115,2021-10-22 10:56:14,6100.0,100.0,405900.0
116,2021-10-22 10:52:10,6000.0,10000.0,405800.0
117,2021-10-22 10:51:33,6000.0,500.0,395800.0
118,2021-10-22 10:48:22,6000.0,1000.0,395300.0
119,2021-10-22 10:47:11,6000.0,100.0,394300.0
120,2021-10-22 10:46:36,6000.0,100.0,394200.0
121,2021-10-22 10:46:10,6000.0,300.0,394100.0
122,2021-10-22 10:45:24,6000.0,500.0,393800.0
123,2021-10-22 10:45:06,6000.0,10000.0,393300.0
124,2021-10-22 10:44:57,6000.0,10000.0,383300.0
125,2021-10-22 10:44:19,6000.0,5000.0,373300.0
126,2021-10-22 10:43:14,6000.0,26900.0,368300.0
127,2021-10-22 10:40:58,6000.0,18500.0,341400.0
128,2021-10-22 10:39:18,6100.0,100.0,322900.0
129,2021-10-22 10:39:07,6100.0,500.0,322800.0
130,2021-10-22 10:34:00,6100.0,2500.0,322300.0
131,2021-10-22 10:31:16,6100.0,500.0,319800.0
132,2021-10-22 10:28:53,6000.0,4000.0,319300.0
133,2021-10-22 10:24:22,6000.0,5000.0,315300.0
134,2021-10-22 10:24:10,6100.0,300.0,310300.0
135,2021-10-22 10:23:09,6000.0,4400.0,310000.0
136,2021-10-22 10:22:03,6100.0,6700.0,305600.0
137,2021-10-22 10:20:45,6100.0,100.0,298900.0
138,2021-10-22 10:20:08,6100.0,100.0,298800.0
139,2021-10-22 10:16:34,6100.0,200.0,298700.0
140,2021-10-22 10:14:06,6000.0,10000.0,298500.0
141,2021-10-22 10:12:48,6100.0,500.0,288500.0
142,2021-10-22 10:12:29,6100.0,2400.0,288000.0
143,2021-10-22 10:12:28,6100.0,600.0,285600.0
144,2021-10-22 10:12:15,6100.0,20000.0,285000.0
145,2021-10-22 10:12:10,6100.0,400.0,265000.0
146,2021-10-22 10:12:04,6100.0,1400.0,264600.0
147,2021-10-22 10:11:48,6100.0,500.0,263200.0
148,2021-10-22 10:11:25,6100.0,5000.0,262700.0
149,2021-10-22 10:10:43,6100.0,1000.0,257700.0
150,2021-10-22 10:09:43,6100.0,5000.0,256700.0
151,2021-10-22 10:07:30,6100.0,500.0,251700.0
152,2021-10-22 10:07:06,6100.0,500.0,251200.0
153,2021-10-22 10:06:57,6100.0,5000.0,250700.0
154,2021-10-22 10:05:57,6200.0,100.0,245700.0
155,2021-10-22 10:05:27,6100.0,2000.0,245600.0
156,2021-10-22 10:02:16,6200.0,500.0,243600.0
157,2021-10-22 10:02:13,6100.0,10000.0,243100.0
158,2021-10-22 10:00:27,6100.0,300.0,233100.0
159,2021-10-22 10:00:13,6100.0,300.0,232800.0
160,2021-10-22 09:57:54,6100.0,400.0,232500.0
161,2021-10-22 09:55:38,6100.0,8700.0,232100.0
162,2021-10-22 09:55:34,6100.0,1000.0,223400.0
163,2021-10-22 09:53:15,6100.0,500.0,222400.0
164,2021-10-22 09:52:01,6100.0,3000.0,221900.0
165,2021-10-22 09:48:35,6100.0,100.0,218900.0
166,2021-10-22 09:47:33,6100.0,6900.0,218800.0
167,2021-10-22 09:47:25,6100.0,4900.0,211900.0
168,2021-10-22 09:45:42,6100.0,200.0,207000.0
169,2021-10-22 09:45:35,6100.0,1200.0,206800.0
170,2021-10-22 09:44:29,6100.0,100.0,205600.0
171,2021-10-22 09:44:22,6100.0,5000.0,205500.0
172,2021-10-22 09:44:08,6100.0,20000.0,200500.0
173,2021-10-22 09:43:37,6100.0,500.0,180500.0
174,2021-10-22 09:42:10,6200.0,600.0,180000.0
175,2021-10-22 09:41:56,6200.0,1000.0,179400.0
176,2021-10-22 09:41:06,6200.0,100.0,178400.0
177,2021-10-22 09:40:38,6200.0,2000.0,178300.0
178,2021-10-22 09:40:18,6200.0,13800.0,176300.0
179,2021-10-22 09:40:00,6200.0,5000.0,162500.0
180,2021-10-22 09:39:18,6200.0,100.0,157500.0
181,2021-10-22 09:39:11,6200.0,5000.0,157400.0
182,2021-10-22 09:38:04,6200.0,8000.0,152400.0
183,2021-10-22 09:37:46,6200.0,1100.0,144400.0
184,2021-10-22 09:35:57,6200.0,1000.0,143300.0
185,2021-10-22 09:35:44,6200.0,2000.0,142300.0
186,2021-10-22 09:35:41,6200.0,3700.0,140300.0
187,2021-10-22 09:35:31,6200.0,1300.0,136600.0
188,2021-10-22 09:35:08,6200.0,200.0,135300.0
189,2021-10-22 09:34:32,6200.0,1000.0,135100.0
190,2021-10-22 09:34:17,6200.0,300.0,134100.0
191,2021-10-22 09:34:16,6200.0,5100.0,133800.0
192,2021-10-22 09:33:16,6200.0,100.0,128700.0
193,2021-10-22 09:32:56,6200.0,3200.0,128600.0
194,2021-10-22 09:32:35,6200.0,7800.0,125400.0
195,2021-10-22 09:32:13,6200.0,5000.0,117600.0
196,2021-10-22 09:29:33,6300.0,100.0,112600.0
197,2021-10-22 09:27:38,6300.0,100.0,112500.0
198,2021-10-22 09:26:35,6200.0,9900.0,112400.0
199,2021-10-22 09:25:46,6200.0,200.0,102500.0
200,2021-10-22 09:25:06,6100.0,4000.0,102300.0
201,2021-10-22 09:23:50,6100.0,1000.0,98300.0
202,2021-10-22 09:23:14,6100.0,2000.0,97300.0
203,2021-10-22 09:22:39,6100.0,1000.0,95300.0
204,2021-10-22 09:22:30,6100.0,100.0,94300.0
205,2021-10-22 09:22:05,6100.0,4800.0,94200.0
206,2021-10-22 09:20:41,6000.0,4200.0,89400.0
207,2021-10-22 09:19:20,6000.0,3800.0,85200.0
208,2021-10-22 09:18:48,6000.0,100.0,81400.0
209,2021-10-22 09:18:41,6000.0,3000.0,81300.0
210,2021-10-22 09:18:26,5900.0,200.0,78300.0
211,2021-10-22 09:17:36,6000.0,29200.0,78100.0
212,2021-10-22 09:17:35,6100.0,1000.0,48900.0
213,2021-10-22 09:16:33,6000.0,500.0,47900.0
214,2021-10-22 09:13:53,6000.0,4000.0,47400.0
215,2021-10-22 09:13:40,5900.0,3000.0,43400.0
216,2021-10-22 09:13:30,6000.0,500.0,40400.0
217,2021-10-22 09:13:14,6000.0,2000.0,39900.0
218,2021-10-22 09:12:58,6000.0,2000.0,37900.0
219,2021-10-22 09:12:47,6000.0,300.0,35900.0
220,2021-10-22 09:12:33,5900.0,100.0,35600.0
221,2021-10-22 09:10:11,5900.0,10000.0,35500.0
222,2021-10-22 09:09:36,6000.0,100.0,25500.0
223,2021-10-22 09:08:11,5900.0,900.0,25400.0
224,2021-10-22 09:07:26,5900.0,600.0,24500.0
225,2021-10-22 09:06:44,5900.0,9900.0,23900.0
226,2021-10-22 09:06:18,6000.0,600.0,14000.0
227,2021-10-22 09:05:14,6000.0,9500.0,13400.0
228,2021-10-22 09:05:00,6000.0,300.0,3900.0
229,2021-10-22 09:04:11,6100.0,1400.0,3600.0
230,2021-10-22 09:03:41,6100.0,100.0,2200.0
231,2021-10-22 09:03:11,6100.0,1000.0,2100.0
232,2021-10-22 09:00:39,6200.0,600.0,1100.0
233,2021-10-22 09:00:29,6200.0,300.0,500.0
234,2021-10-22 09:00:20,6200.0,200.0,200.0
