,Time,Price,Volume_per_trade,Volume
0,2021-10-22 07:45:01,14750.0,3900.0,1331600.0
1,2021-10-22 07:45:01,14750.0,800.0,1327700.0
2,2021-10-22 07:45:01,14750.0,300.0,1326900.0
3,2021-10-22 07:45:01,14750.0,200.0,1326600.0
4,2021-10-22 07:45:01,14750.0,200.0,1326400.0
5,2021-10-22 07:45:01,14750.0,1000.0,1326200.0
6,2021-10-22 07:45:01,14750.0,5100.0,1325200.0
7,2021-10-22 07:45:01,14750.0,200.0,1320100.0
8,2021-10-22 07:45:01,14750.0,500.0,1319900.0
9,2021-10-22 07:45:01,14750.0,300.0,1319400.0
10,2021-10-22 07:45:01,14750.0,100.0,1319100.0
11,2021-10-22 07:45:00,14750.0,400.0,1319000.0
12,2021-10-22 07:45:00,14750.0,4600.0,1318600.0
13,2021-10-22 07:45:00,14750.0,200.0,1314000.0
14,2021-10-22 07:45:00,14750.0,2700.0,1313800.0
15,2021-10-22 07:45:00,14750.0,2000.0,1311100.0
16,2021-10-22 07:45:00,14750.0,500.0,1309100.0
17,2021-10-22 07:45:00,14750.0,500.0,1308600.0
18,2021-10-22 07:45:00,14750.0,500.0,1308100.0
19,2021-10-22 07:45:00,14750.0,200.0,1307600.0
20,2021-10-22 07:45:00,14750.0,5000.0,1307400.0
21,2021-10-22 07:45:00,14750.0,1000.0,1302400.0
22,2021-10-22 07:45:00,14750.0,3800.0,1301400.0
23,2021-10-22 07:45:00,14750.0,1200.0,1297600.0
24,2021-10-22 07:45:00,14750.0,3000.0,1296400.0
25,2021-10-22 07:45:00,14750.0,2800.0,1293400.0
26,2021-10-22 07:45:00,14750.0,400.0,1290600.0
27,2021-10-22 07:45:00,14750.0,200.0,1290200.0
28,2021-10-22 07:45:00,14750.0,500.0,1290000.0
29,2021-10-22 07:45:00,14750.0,500.0,1289500.0
30,2021-10-22 07:29:21,14700.0,900.0,1289000.0
31,2021-10-22 07:27:39,14650.0,4900.0,1288100.0
32,2021-10-22 07:27:29,14600.0,100.0,1283200.0
33,2021-10-22 07:27:29,14600.0,900.0,1283100.0
34,2021-10-22 07:27:23,14600.0,1000.0,1282200.0
35,2021-10-22 07:27:15,14600.0,100.0,1281200.0
36,2021-10-22 07:27:15,14600.0,200.0,1281100.0
37,2021-10-22 07:26:53,14600.0,1000.0,1280900.0
38,2021-10-22 07:26:48,14600.0,1300.0,1279900.0
39,2021-10-22 07:26:48,14600.0,100.0,1278600.0
40,2021-10-22 07:26:48,14600.0,600.0,1278500.0
41,2021-10-22 07:25:43,14550.0,500.0,1277900.0
42,2021-10-22 07:25:03,14600.0,300.0,1277400.0
43,2021-10-22 07:24:59,14600.0,100.0,1277100.0
44,2021-10-22 07:22:49,14600.0,100.0,1277000.0
45,2021-10-22 07:22:49,14600.0,100.0,1276900.0
46,2021-10-22 07:21:51,14550.0,2100.0,1276800.0
47,2021-10-22 07:21:48,14550.0,2000.0,1274700.0
48,2021-10-22 07:21:28,14500.0,200.0,1272700.0
49,2021-10-22 07:21:28,14500.0,200.0,1272500.0
50,2021-10-22 07:21:28,14500.0,600.0,1272300.0
51,2021-10-22 07:21:14,14500.0,300.0,1271700.0
52,2021-10-22 07:21:14,14500.0,3000.0,1271400.0
53,2021-10-22 07:21:14,14500.0,500.0,1268400.0
54,2021-10-22 07:21:14,14500.0,100.0,1267900.0
55,2021-10-22 07:21:14,14500.0,200.0,1267800.0
56,2021-10-22 07:21:14,14500.0,500.0,1267600.0
57,2021-10-22 07:21:14,14500.0,500.0,1267100.0
58,2021-10-22 07:21:14,14500.0,1000.0,1266600.0
59,2021-10-22 07:21:14,14500.0,1000.0,1265600.0
60,2021-10-22 07:21:14,14500.0,200.0,1264600.0
61,2021-10-22 07:21:14,14500.0,3000.0,1264400.0
62,2021-10-22 07:21:14,14500.0,400.0,1261400.0
63,2021-10-22 07:21:14,14500.0,500.0,1261000.0
64,2021-10-22 07:21:14,14500.0,100.0,1260500.0
65,2021-10-22 07:21:14,14500.0,1000.0,1260400.0
66,2021-10-22 07:21:14,14500.0,1000.0,1259400.0
67,2021-10-22 07:21:14,14500.0,500.0,1258400.0
68,2021-10-22 07:21:14,14500.0,100.0,1257900.0
69,2021-10-22 07:21:14,14500.0,300.0,1257800.0
70,2021-10-22 07:21:14,14500.0,800.0,1257500.0
71,2021-10-22 07:21:03,14550.0,100.0,1256700.0
72,2021-10-22 07:21:03,14550.0,500.0,1256600.0
73,2021-10-22 07:21:03,14550.0,5000.0,1256100.0
74,2021-10-22 07:21:03,14550.0,5000.0,1251100.0
75,2021-10-22 07:21:03,14550.0,1400.0,1246100.0
76,2021-10-22 07:21:03,14550.0,400.0,1244700.0
77,2021-10-22 07:21:03,14550.0,100.0,1244300.0
78,2021-10-22 07:21:03,14550.0,1000.0,1244200.0
79,2021-10-22 07:21:03,14550.0,2000.0,1243200.0
80,2021-10-22 07:21:03,14600.0,300.0,1241200.0
81,2021-10-22 07:21:03,14600.0,100.0,1240900.0
82,2021-10-22 07:20:28,14600.0,200.0,1240800.0
83,2021-10-22 07:20:27,14650.0,100.0,1240600.0
84,2021-10-22 07:19:45,14600.0,100.0,1240500.0
85,2021-10-22 07:19:45,14600.0,200.0,1240400.0
86,2021-10-22 07:19:32,14600.0,300.0,1240200.0
87,2021-10-22 07:19:25,14600.0,200.0,1239900.0
88,2021-10-22 07:19:04,14600.0,1500.0,1239700.0
89,2021-10-22 07:18:32,14600.0,2000.0,1238200.0
90,2021-10-22 07:18:27,14600.0,100.0,1236200.0
91,2021-10-22 07:18:17,14600.0,2000.0,1236100.0
92,2021-10-22 07:18:17,14600.0,1000.0,1234100.0
93,2021-10-22 07:16:38,14600.0,900.0,1233100.0
94,2021-10-22 07:16:08,14600.0,900.0,1232200.0
95,2021-10-22 07:16:08,14600.0,2200.0,1231300.0
96,2021-10-22 07:13:50,14600.0,2800.0,1229100.0
97,2021-10-22 07:13:50,14600.0,2000.0,1226300.0
98,2021-10-22 07:13:50,14600.0,1000.0,1224300.0
99,2021-10-22 07:13:50,14600.0,1700.0,1223300.0
100,2021-10-22 07:13:50,14600.0,100.0,1221600.0
101,2021-10-22 07:13:50,14600.0,500.0,1221500.0
102,2021-10-22 07:13:50,14600.0,100.0,1221000.0
103,2021-10-22 07:13:50,14600.0,1800.0,1220900.0
104,2021-10-22 07:13:46,14600.0,1000.0,1219100.0
105,2021-10-22 07:11:46,14600.0,9500.0,1218100.0
106,2021-10-22 07:11:46,14650.0,500.0,1208600.0
107,2021-10-22 07:11:44,14700.0,1000.0,1208100.0
108,2021-10-22 07:11:33,14700.0,5100.0,1207100.0
109,2021-10-22 07:11:33,14700.0,200.0,1202000.0
110,2021-10-22 07:10:46,14800.0,100.0,1201800.0
111,2021-10-22 07:10:31,14800.0,7000.0,1201700.0
112,2021-10-22 07:10:17,14800.0,3000.0,1194700.0
113,2021-10-22 07:10:09,14800.0,1000.0,1191700.0
114,2021-10-22 07:10:04,14800.0,4900.0,1190700.0
115,2021-10-22 07:10:04,14750.0,100.0,1185800.0
116,2021-10-22 07:09:53,14800.0,8000.0,1185700.0
117,2021-10-22 07:09:16,14700.0,200.0,1177700.0
118,2021-10-22 07:09:14,14700.0,100.0,1177500.0
119,2021-10-22 07:09:12,14800.0,1100.0,1177400.0
120,2021-10-22 07:09:12,14800.0,300.0,1176300.0
121,2021-10-22 07:09:12,14800.0,300.0,1176000.0
122,2021-10-22 07:09:12,14800.0,2600.0,1175700.0
123,2021-10-22 07:09:12,14750.0,100.0,1173100.0
124,2021-10-22 07:09:12,14750.0,400.0,1173000.0
125,2021-10-22 07:09:12,14750.0,2000.0,1172600.0
126,2021-10-22 07:09:12,14750.0,1000.0,1170600.0
127,2021-10-22 07:09:12,14750.0,1000.0,1169600.0
128,2021-10-22 07:09:12,14750.0,200.0,1168600.0
129,2021-10-22 07:09:12,14750.0,1000.0,1168400.0
130,2021-10-22 07:07:04,14700.0,100.0,1167400.0
131,2021-10-22 07:07:04,14700.0,100.0,1167300.0
132,2021-10-22 07:07:04,14700.0,3000.0,1167200.0
133,2021-10-22 07:07:04,14700.0,2000.0,1164200.0
134,2021-10-22 07:07:04,14700.0,500.0,1162200.0
135,2021-10-22 07:07:04,14700.0,600.0,1161700.0
136,2021-10-22 07:07:04,14700.0,3200.0,1161100.0
137,2021-10-22 07:06:40,14700.0,4000.0,1157900.0
138,2021-10-22 07:06:27,14650.0,200.0,1153900.0
139,2021-10-22 07:06:26,14650.0,100.0,1153700.0
140,2021-10-22 07:06:26,14650.0,700.0,1153600.0
141,2021-10-22 07:06:14,14600.0,8800.0,1152900.0
142,2021-10-22 07:06:14,14600.0,4200.0,1144100.0
143,2021-10-22 07:05:39,14650.0,100.0,1139900.0
144,2021-10-22 07:05:02,14600.0,800.0,1139800.0
145,2021-10-22 07:04:14,14600.0,200.0,1139000.0
146,2021-10-22 07:04:07,14600.0,5000.0,1138800.0
147,2021-10-22 07:04:07,14600.0,2000.0,1133800.0
148,2021-10-22 07:04:07,14600.0,2000.0,1131800.0
149,2021-10-22 07:03:51,14650.0,5000.0,1129800.0
150,2021-10-22 07:03:46,14650.0,200.0,1124800.0
151,2021-10-22 07:03:46,14650.0,4000.0,1124600.0
152,2021-10-22 07:03:14,14650.0,100.0,1120600.0
153,2021-10-22 07:02:01,14700.0,800.0,1120500.0
154,2021-10-22 07:02:01,14700.0,400.0,1119700.0
155,2021-10-22 07:02:01,14700.0,500.0,1119300.0
156,2021-10-22 07:02:01,14700.0,300.0,1118800.0
157,2021-10-22 07:02:01,14700.0,1000.0,1118500.0
158,2021-10-22 07:02:01,14700.0,600.0,1117500.0
159,2021-10-22 07:02:01,14700.0,500.0,1116900.0
160,2021-10-22 07:02:01,14700.0,2000.0,1116400.0
161,2021-10-22 07:02:01,14700.0,700.0,1114400.0
162,2021-10-22 07:02:01,14700.0,100.0,1113700.0
163,2021-10-22 07:00:14,14700.0,1000.0,1113600.0
164,2021-10-22 07:00:13,14700.0,400.0,1112600.0
165,2021-10-22 06:59:03,14700.0,2000.0,1112200.0
166,2021-10-22 06:57:02,14700.0,300.0,1110200.0
167,2021-10-22 06:57:02,14700.0,400.0,1109900.0
168,2021-10-22 06:57:02,14700.0,1000.0,1109500.0
169,2021-10-22 06:57:02,14700.0,2400.0,1108500.0
170,2021-10-22 06:57:02,14650.0,700.0,1106100.0
171,2021-10-22 06:57:02,14650.0,200.0,1105400.0
172,2021-10-22 06:56:47,14650.0,300.0,1105200.0
173,2021-10-22 06:56:24,14650.0,1500.0,1104900.0
174,2021-10-22 06:56:24,14650.0,1000.0,1103400.0
175,2021-10-22 06:55:44,14600.0,800.0,1102400.0
176,2021-10-22 06:55:42,14600.0,4200.0,1101600.0
177,2021-10-22 06:52:04,14550.0,500.0,1097400.0
178,2021-10-22 06:49:50,14600.0,1000.0,1096900.0
179,2021-10-22 06:49:39,14500.0,1200.0,1095900.0
180,2021-10-22 06:49:39,14550.0,100.0,1094700.0
181,2021-10-22 06:49:39,14550.0,100.0,1094600.0
182,2021-10-22 06:49:39,14550.0,4000.0,1094500.0
183,2021-10-22 06:49:39,14550.0,200.0,1090500.0
184,2021-10-22 06:49:39,14550.0,2000.0,1090300.0
185,2021-10-22 06:49:39,14550.0,100.0,1088300.0
186,2021-10-22 06:49:39,14550.0,2000.0,1088200.0
187,2021-10-22 06:49:39,14550.0,200.0,1086200.0
188,2021-10-22 06:49:39,14550.0,100.0,1086000.0
189,2021-10-22 06:49:36,14600.0,2000.0,1085900.0
190,2021-10-22 06:49:29,14600.0,100.0,1083900.0
191,2021-10-22 06:49:29,14600.0,2700.0,1083800.0
192,2021-10-22 06:49:07,14600.0,300.0,1081100.0
193,2021-10-22 06:49:07,14600.0,700.0,1080800.0
194,2021-10-22 06:48:28,14600.0,1800.0,1080100.0
195,2021-10-22 06:48:16,14600.0,100.0,1078300.0
196,2021-10-22 06:47:18,14700.0,900.0,1078200.0
197,2021-10-22 06:47:18,14650.0,900.0,1077300.0
198,2021-10-22 06:47:06,14650.0,100.0,1076400.0
199,2021-10-22 06:47:06,14650.0,100.0,1076300.0
200,2021-10-22 06:46:44,14600.0,2400.0,1076200.0
201,2021-10-22 06:46:03,14600.0,900.0,1073800.0
202,2021-10-22 06:46:03,14600.0,1000.0,1072900.0
203,2021-10-22 06:46:03,14600.0,300.0,1071900.0
204,2021-10-22 06:46:03,14600.0,200.0,1071600.0
205,2021-10-22 06:46:03,14600.0,200.0,1071400.0
206,2021-10-22 06:43:57,14700.0,8700.0,1071200.0
207,2021-10-22 06:43:57,14700.0,100.0,1062500.0
208,2021-10-22 06:43:57,14700.0,200.0,1062400.0
209,2021-10-22 06:43:57,14700.0,100.0,1062200.0
210,2021-10-22 06:43:57,14700.0,100.0,1062100.0
211,2021-10-22 06:43:57,14700.0,800.0,1062000.0
212,2021-10-22 06:43:10,14700.0,1000.0,1061200.0
213,2021-10-22 06:42:18,14600.0,800.0,1060200.0
214,2021-10-22 06:42:18,14600.0,200.0,1059400.0
215,2021-10-22 06:41:20,14600.0,700.0,1059200.0
216,2021-10-22 06:41:05,14600.0,300.0,1058500.0
217,2021-10-22 06:41:05,14600.0,800.0,1058200.0
218,2021-10-22 06:41:05,14600.0,1200.0,1057400.0
219,2021-10-22 06:39:54,14600.0,1800.0,1056200.0
220,2021-10-22 06:39:54,14600.0,200.0,1054400.0
221,2021-10-22 06:39:43,14600.0,100.0,1054200.0
222,2021-10-22 06:39:31,14600.0,300.0,1054100.0
223,2021-10-22 06:39:29,14600.0,100.0,1053800.0
224,2021-10-22 06:38:57,14600.0,1000.0,1053700.0
225,2021-10-22 06:38:56,14600.0,1800.0,1052700.0
226,2021-10-22 06:38:44,14600.0,100.0,1050900.0
227,2021-10-22 06:38:17,14600.0,100.0,1050800.0
228,2021-10-22 06:38:17,14600.0,1000.0,1050700.0
229,2021-10-22 06:38:17,14600.0,1000.0,1049700.0
230,2021-10-22 06:38:17,14600.0,2000.0,1048700.0
231,2021-10-22 06:38:17,14600.0,1000.0,1046700.0
232,2021-10-22 06:37:18,14700.0,100.0,1045700.0
233,2021-10-22 06:33:58,14700.0,500.0,1045600.0
234,2021-10-22 06:33:52,14700.0,1000.0,1045100.0
235,2021-10-22 06:32:49,14700.0,400.0,1044100.0
236,2021-10-22 06:32:38,14600.0,200.0,1043700.0
237,2021-10-22 06:32:31,14600.0,100.0,1043500.0
238,2021-10-22 06:32:31,14600.0,400.0,1043400.0
239,2021-10-22 06:32:31,14600.0,3000.0,1043000.0
240,2021-10-22 06:32:31,14600.0,1000.0,1040000.0
241,2021-10-22 06:32:31,14600.0,4200.0,1039000.0
242,2021-10-22 06:32:31,14600.0,100.0,1034800.0
243,2021-10-22 06:32:31,14600.0,1000.0,1034700.0
244,2021-10-22 06:32:15,14700.0,1200.0,1033700.0
245,2021-10-22 06:32:06,14800.0,1000.0,1032500.0
246,2021-10-22 06:31:55,14700.0,1000.0,1031500.0
247,2021-10-22 06:31:55,14800.0,1400.0,1030500.0
248,2021-10-22 06:31:55,14800.0,3000.0,1029100.0
249,2021-10-22 06:31:55,14800.0,5000.0,1026100.0
250,2021-10-22 06:31:55,14800.0,100.0,1021100.0
251,2021-10-22 06:31:35,14800.0,3900.0,1021000.0
252,2021-10-22 06:31:35,14800.0,200.0,1017100.0
253,2021-10-22 06:31:35,14750.0,1000.0,1016900.0
254,2021-10-22 06:31:35,14750.0,5300.0,1015900.0
255,2021-10-22 06:31:35,14700.0,100.0,1010600.0
256,2021-10-22 06:31:35,14700.0,300.0,1010500.0
257,2021-10-22 06:31:35,14700.0,4200.0,1010200.0
258,2021-10-22 06:31:19,14600.0,500.0,1006000.0
259,2021-10-22 06:31:16,14700.0,600.0,1005500.0
260,2021-10-22 06:31:16,14650.0,4400.0,1004900.0
261,2021-10-22 06:30:22,14600.0,2100.0,1000500.0
262,2021-10-22 06:30:22,14600.0,100.0,998400.0
263,2021-10-22 06:30:22,14600.0,1300.0,998300.0
264,2021-10-22 06:30:16,14600.0,100.0,997000.0
265,2021-10-22 06:30:05,14600.0,100.0,996900.0
266,2021-10-22 06:30:05,14600.0,200.0,996800.0
267,2021-10-22 06:29:31,14600.0,100.0,996600.0
268,2021-10-22 06:27:30,14600.0,500.0,996500.0
269,2021-10-22 06:27:30,14600.0,100.0,996000.0
270,2021-10-22 06:27:30,14600.0,200.0,995900.0
271,2021-10-22 06:27:30,14600.0,2900.0,995700.0
272,2021-10-22 06:26:26,14650.0,600.0,992800.0
273,2021-10-22 06:25:56,14650.0,200.0,992200.0
274,2021-10-22 06:25:43,14650.0,1000.0,992000.0
275,2021-10-22 06:24:43,14650.0,1200.0,991000.0
276,2021-10-22 06:22:48,14600.0,1100.0,989800.0
277,2021-10-22 06:22:25,14600.0,5000.0,988700.0
278,2021-10-22 06:21:44,14600.0,200.0,983700.0
279,2021-10-22 06:21:44,14600.0,300.0,983500.0
280,2021-10-22 06:21:44,14600.0,600.0,983200.0
281,2021-10-22 06:21:44,14600.0,1400.0,982600.0
282,2021-10-22 06:21:44,14600.0,8000.0,981200.0
283,2021-10-22 06:21:44,14600.0,2100.0,973200.0
284,2021-10-22 06:21:44,14600.0,300.0,971100.0
285,2021-10-22 06:21:44,14600.0,200.0,970800.0
286,2021-10-22 06:21:44,14600.0,300.0,970600.0
287,2021-10-22 06:21:44,14600.0,200.0,970300.0
288,2021-10-22 06:21:44,14650.0,300.0,970100.0
289,2021-10-22 06:20:59,14700.0,200.0,969800.0
290,2021-10-22 06:20:30,14750.0,700.0,969600.0
291,2021-10-22 06:20:14,14800.0,300.0,968900.0
292,2021-10-22 06:20:14,14800.0,200.0,968600.0
293,2021-10-22 06:20:14,14800.0,100.0,968400.0
294,2021-10-22 06:20:14,14800.0,500.0,968300.0
295,2021-10-22 06:20:14,14800.0,300.0,967800.0
296,2021-10-22 06:20:14,14800.0,200.0,967500.0
297,2021-10-22 06:20:14,14800.0,200.0,967300.0
298,2021-10-22 06:20:14,14800.0,200.0,967100.0
299,2021-10-22 06:20:14,14800.0,100.0,966900.0
300,2021-10-22 06:20:14,14800.0,600.0,966800.0
301,2021-10-22 06:20:14,14800.0,1700.0,966200.0
302,2021-10-22 06:19:57,14800.0,3000.0,964500.0
303,2021-10-22 06:19:54,14700.0,1000.0,961500.0
304,2021-10-22 06:19:39,14700.0,200.0,960500.0
305,2021-10-22 06:19:04,14800.0,3600.0,960300.0
306,2021-10-22 06:19:04,14800.0,700.0,956700.0
307,2021-10-22 06:19:04,14800.0,500.0,956000.0
308,2021-10-22 06:19:04,14800.0,100.0,955500.0
309,2021-10-22 06:19:04,14750.0,100.0,955400.0
310,2021-10-22 06:18:47,14800.0,900.0,955300.0
311,2021-10-22 06:18:47,14800.0,1000.0,954400.0
312,2021-10-22 06:18:47,14800.0,500.0,953400.0
313,2021-10-22 06:18:47,14800.0,300.0,952900.0
314,2021-10-22 06:18:47,14800.0,600.0,952600.0
315,2021-10-22 06:18:47,14800.0,2000.0,952000.0
316,2021-10-22 06:18:47,14800.0,700.0,950000.0
317,2021-10-22 06:18:47,14750.0,3000.0,949300.0
318,2021-10-22 06:18:47,14750.0,1000.0,946300.0
319,2021-10-22 06:18:39,14700.0,500.0,945300.0
320,2021-10-22 06:18:39,14700.0,8100.0,944800.0
321,2021-10-22 06:18:26,14650.0,100.0,936700.0
322,2021-10-22 06:18:12,14650.0,1000.0,936600.0
323,2021-10-22 06:17:54,14650.0,100.0,935600.0
324,2021-10-22 06:17:41,14600.0,100.0,935500.0
325,2021-10-22 06:17:16,14650.0,500.0,935400.0
326,2021-10-22 06:16:39,14650.0,300.0,934900.0
327,2021-10-22 06:16:31,14600.0,500.0,934600.0
328,2021-10-22 06:16:23,14600.0,200.0,934100.0
329,2021-10-22 06:16:23,14600.0,500.0,933900.0
330,2021-10-22 06:16:23,14600.0,2000.0,933400.0
331,2021-10-22 06:16:23,14600.0,7300.0,931400.0
332,2021-10-22 06:15:50,14650.0,100.0,924100.0
333,2021-10-22 06:15:27,14650.0,1000.0,924000.0
334,2021-10-22 06:15:02,14650.0,1000.0,923000.0
335,2021-10-22 06:15:02,14650.0,400.0,922000.0
336,2021-10-22 06:15:02,14650.0,500.0,921600.0
337,2021-10-22 06:14:58,14700.0,100.0,921100.0
338,2021-10-22 06:14:08,14700.0,500.0,921000.0
339,2021-10-22 06:13:06,14700.0,100.0,920500.0
340,2021-10-22 06:12:41,14600.0,2700.0,920400.0
341,2021-10-22 06:12:41,14600.0,200.0,917700.0
342,2021-10-22 06:12:41,14650.0,2100.0,917500.0
343,2021-10-22 06:12:38,14650.0,2000.0,915400.0
344,2021-10-22 06:12:38,14650.0,1900.0,913400.0
345,2021-10-22 06:12:15,14650.0,100.0,911500.0
346,2021-10-22 06:12:01,14600.0,300.0,911400.0
347,2021-10-22 06:12:01,14600.0,1000.0,911100.0
348,2021-10-22 06:12:01,14600.0,500.0,910100.0
349,2021-10-22 06:12:01,14600.0,100.0,909600.0
350,2021-10-22 06:12:01,14600.0,2000.0,909500.0
351,2021-10-22 06:12:01,14600.0,300.0,907500.0
352,2021-10-22 06:12:01,14600.0,5000.0,907200.0
353,2021-10-22 06:12:01,14600.0,300.0,902200.0
354,2021-10-22 06:12:01,14600.0,500.0,901900.0
355,2021-10-22 06:11:54,14650.0,1000.0,901400.0
356,2021-10-22 06:11:08,14650.0,1000.0,900400.0
357,2021-10-22 06:10:39,14650.0,500.0,899400.0
358,2021-10-22 06:09:55,14650.0,500.0,898900.0
359,2021-10-22 06:08:41,14650.0,2200.0,898400.0
360,2021-10-22 06:08:09,14650.0,5000.0,896200.0
361,2021-10-22 06:08:09,14650.0,5000.0,891200.0
362,2021-10-22 06:08:00,14700.0,7000.0,886200.0
363,2021-10-22 06:07:38,14800.0,300.0,879200.0
364,2021-10-22 06:06:11,14800.0,4200.0,878900.0
365,2021-10-22 06:05:12,14800.0,4800.0,874700.0
366,2021-10-22 06:05:12,14800.0,1200.0,869900.0
367,2021-10-22 06:05:11,14800.0,3000.0,868700.0
368,2021-10-22 06:05:11,14800.0,200.0,865700.0
369,2021-10-22 06:05:11,14800.0,1000.0,865500.0
370,2021-10-22 06:05:11,14800.0,200.0,864500.0
371,2021-10-22 06:05:11,14800.0,2000.0,864300.0
372,2021-10-22 06:05:11,14800.0,100.0,862300.0
373,2021-10-22 06:05:11,14800.0,100.0,862200.0
374,2021-10-22 06:05:11,14800.0,100.0,862100.0
375,2021-10-22 06:05:11,14800.0,500.0,862000.0
376,2021-10-22 06:05:11,14800.0,2800.0,861500.0
377,2021-10-22 06:05:06,14800.0,200.0,858700.0
378,2021-10-22 06:04:54,14800.0,500.0,858500.0
379,2021-10-22 06:04:49,14800.0,1500.0,858000.0
380,2021-10-22 06:04:49,14800.0,1000.0,856500.0
381,2021-10-22 06:04:49,14800.0,3100.0,855500.0
382,2021-10-22 06:04:49,14750.0,2000.0,852400.0
383,2021-10-22 06:04:35,14750.0,10000.0,850400.0
384,2021-10-22 06:04:34,14800.0,1600.0,840400.0
385,2021-10-22 06:04:12,14800.0,300.0,838800.0
386,2021-10-22 06:04:12,14800.0,100.0,838500.0
387,2021-10-22 06:04:12,14800.0,4600.0,838400.0
388,2021-10-22 06:04:12,14800.0,3100.0,833800.0
389,2021-10-22 06:04:12,14750.0,4000.0,830700.0
390,2021-10-22 06:04:12,14750.0,500.0,826700.0
391,2021-10-22 06:04:12,14750.0,100.0,826200.0
392,2021-10-22 06:04:12,14750.0,200.0,826100.0
393,2021-10-22 06:04:12,14750.0,6000.0,825900.0
394,2021-10-22 06:04:12,14750.0,100.0,819900.0
395,2021-10-22 06:04:12,14750.0,1000.0,819800.0
396,2021-10-22 06:03:58,14700.0,2000.0,818800.0
397,2021-10-22 06:03:58,14700.0,1000.0,816800.0
398,2021-10-22 06:03:57,14700.0,200.0,815800.0
399,2021-10-22 06:03:54,14700.0,200.0,815600.0
400,2021-10-22 06:02:41,14700.0,1500.0,815400.0
401,2021-10-22 06:02:35,14700.0,2100.0,813900.0
402,2021-10-22 06:02:35,14700.0,200.0,811800.0
403,2021-10-22 06:02:35,14700.0,100.0,811600.0
404,2021-10-22 06:02:35,14700.0,300.0,811500.0
405,2021-10-22 06:02:35,14700.0,100.0,811200.0
406,2021-10-22 06:02:35,14700.0,200.0,811100.0
407,2021-10-22 06:01:05,14700.0,800.0,810900.0
408,2021-10-22 06:01:05,14700.0,1000.0,810100.0
409,2021-10-22 06:00:52,14700.0,200.0,809100.0
410,2021-10-22 06:00:30,14700.0,100.0,808900.0
411,2021-10-22 06:00:19,14700.0,200.0,808800.0
412,2021-10-22 06:00:19,14700.0,300.0,808600.0
413,2021-10-22 06:00:18,14700.0,500.0,808300.0
414,2021-10-22 06:00:14,14700.0,100.0,807800.0
415,2021-10-22 06:00:04,14700.0,100.0,807700.0
416,2021-10-22 06:00:04,14700.0,100.0,807600.0
417,2021-10-22 04:29:37,14700.0,200.0,807500.0
418,2021-10-22 04:29:37,14700.0,800.0,807300.0
419,2021-10-22 04:28:40,14600.0,2000.0,806500.0
420,2021-10-22 04:28:18,14600.0,100.0,804500.0
421,2021-10-22 04:28:18,14600.0,100.0,804400.0
422,2021-10-22 04:28:18,14600.0,1100.0,804300.0
423,2021-10-22 04:27:46,14600.0,400.0,803200.0
424,2021-10-22 04:26:46,14600.0,500.0,802800.0
425,2021-10-22 04:24:42,14600.0,100.0,802300.0
426,2021-10-22 04:23:56,14550.0,100.0,802200.0
427,2021-10-22 04:23:05,14600.0,100.0,802100.0
428,2021-10-22 04:23:05,14650.0,6800.0,802000.0
429,2021-10-22 04:22:17,14700.0,600.0,795200.0
430,2021-10-22 04:20:33,14700.0,600.0,794600.0
431,2021-10-22 04:20:33,14700.0,500.0,794000.0
432,2021-10-22 04:20:33,14700.0,900.0,793500.0
433,2021-10-22 04:20:33,14700.0,500.0,792600.0
434,2021-10-22 04:20:33,14700.0,2500.0,792100.0
435,2021-10-22 04:20:16,14650.0,2000.0,789600.0
436,2021-10-22 04:19:31,14650.0,700.0,787600.0
437,2021-10-22 04:18:31,14600.0,200.0,786900.0
438,2021-10-22 04:18:31,14600.0,300.0,786700.0
439,2021-10-22 04:17:39,14600.0,200.0,786400.0
440,2021-10-22 04:17:39,14600.0,1600.0,786200.0
441,2021-10-22 04:16:28,14600.0,3800.0,784600.0
442,2021-10-22 04:14:15,14600.0,3000.0,780800.0
443,2021-10-22 04:13:04,14550.0,2000.0,777800.0
444,2021-10-22 04:12:46,14550.0,500.0,775800.0
445,2021-10-22 04:12:02,14550.0,3000.0,775300.0
446,2021-10-22 04:11:44,14550.0,500.0,772300.0
447,2021-10-22 04:10:09,14550.0,1000.0,771800.0
448,2021-10-22 04:10:09,14550.0,100.0,770800.0
449,2021-10-22 04:10:09,14550.0,100.0,770700.0
450,2021-10-22 04:10:09,14550.0,500.0,770600.0
451,2021-10-22 04:10:09,14550.0,10000.0,770100.0
452,2021-10-22 04:10:09,14550.0,500.0,760100.0
453,2021-10-22 04:10:09,14550.0,1000.0,759600.0
454,2021-10-22 04:10:09,14550.0,2000.0,758600.0
455,2021-10-22 04:10:09,14550.0,800.0,756600.0
456,2021-10-22 04:10:00,14600.0,100.0,755800.0
457,2021-10-22 04:10:00,14600.0,1500.0,755700.0
458,2021-10-22 04:07:03,14600.0,1000.0,754200.0
459,2021-10-22 04:06:42,14600.0,100.0,753200.0
460,2021-10-22 04:06:20,14600.0,700.0,753100.0
461,2021-10-22 04:05:52,14600.0,100.0,752400.0
462,2021-10-22 04:05:29,14600.0,1000.0,752300.0
463,2021-10-22 04:05:29,14600.0,3000.0,751300.0
464,2021-10-22 04:05:29,14600.0,100.0,748300.0
465,2021-10-22 04:05:29,14600.0,100.0,748200.0
466,2021-10-22 04:05:29,14600.0,3000.0,748100.0
467,2021-10-22 04:05:29,14700.0,900.0,745100.0
468,2021-10-22 04:04:46,14800.0,400.0,744200.0
469,2021-10-22 04:04:30,14700.0,2000.0,743800.0
470,2021-10-22 04:04:28,14800.0,1500.0,741800.0
471,2021-10-22 04:04:28,14800.0,500.0,740300.0
472,2021-10-22 04:04:28,14800.0,500.0,739800.0
473,2021-10-22 04:04:28,14800.0,500.0,739300.0
474,2021-10-22 04:04:28,14800.0,1000.0,738800.0
475,2021-10-22 04:04:28,14800.0,1900.0,737800.0
476,2021-10-22 04:04:16,14800.0,1100.0,735900.0
477,2021-10-22 04:04:16,14800.0,500.0,734800.0
478,2021-10-22 04:04:16,14800.0,1000.0,734300.0
479,2021-10-22 04:04:16,14800.0,1000.0,733300.0
480,2021-10-22 04:04:16,14800.0,600.0,732300.0
481,2021-10-22 04:04:16,14800.0,100.0,731700.0
482,2021-10-22 04:04:16,14800.0,200.0,731600.0
483,2021-10-22 04:04:16,14800.0,200.0,731400.0
484,2021-10-22 04:04:16,14800.0,300.0,731200.0
485,2021-10-22 04:04:16,14750.0,6000.0,730900.0
486,2021-10-22 04:04:16,14750.0,1000.0,724900.0
487,2021-10-22 04:04:03,14700.0,200.0,723900.0
488,2021-10-22 04:04:03,14700.0,1000.0,723700.0
489,2021-10-22 04:04:03,14700.0,100.0,722700.0
490,2021-10-22 04:04:03,14700.0,100.0,722600.0
491,2021-10-22 04:04:03,14650.0,700.0,722500.0
492,2021-10-22 04:00:54,14650.0,300.0,721800.0
493,2021-10-22 04:00:54,14600.0,700.0,721500.0
494,2021-10-22 04:00:19,14600.0,300.0,720800.0
495,2021-10-22 04:00:19,14600.0,200.0,720500.0
496,2021-10-22 03:59:34,14600.0,300.0,720300.0
497,2021-10-22 03:59:29,14600.0,200.0,720000.0
498,2021-10-22 03:59:02,14600.0,100.0,719800.0
499,2021-10-22 03:58:37,14600.0,500.0,719700.0
500,2021-10-22 03:57:55,14600.0,500.0,719200.0
501,2021-10-22 03:57:55,14600.0,100.0,718700.0
502,2021-10-22 03:57:55,14600.0,500.0,718600.0
503,2021-10-22 03:57:55,14600.0,9600.0,718100.0
504,2021-10-22 03:57:24,14750.0,1500.0,708500.0
505,2021-10-22 03:55:58,14700.0,100.0,707000.0
506,2021-10-22 03:55:58,14700.0,1000.0,706900.0
507,2021-10-22 03:55:58,14700.0,1000.0,705900.0
508,2021-10-22 03:55:26,14700.0,2200.0,704900.0
509,2021-10-22 03:55:26,14650.0,100.0,702700.0
510,2021-10-22 03:55:26,14650.0,2700.0,702600.0
511,2021-10-22 03:53:51,14600.0,400.0,699900.0
512,2021-10-22 03:53:51,14600.0,100.0,699500.0
513,2021-10-22 03:53:35,14650.0,100.0,699400.0
514,2021-10-22 03:53:32,14650.0,200.0,699300.0
515,2021-10-22 03:53:31,14700.0,100.0,699100.0
516,2021-10-22 03:53:24,14650.0,600.0,699000.0
517,2021-10-22 03:52:28,14650.0,10000.0,698400.0
518,2021-10-22 03:52:28,14650.0,4400.0,688400.0
519,2021-10-22 03:52:23,14700.0,1200.0,684000.0
520,2021-10-22 03:52:08,14700.0,10000.0,682800.0
521,2021-10-22 03:52:08,14700.0,500.0,672800.0
522,2021-10-22 03:51:52,14700.0,500.0,672300.0
523,2021-10-22 03:50:19,14800.0,100.0,671800.0
524,2021-10-22 03:50:06,14800.0,100.0,671700.0
525,2021-10-22 03:50:06,14800.0,4000.0,671600.0
526,2021-10-22 03:50:06,14800.0,900.0,667600.0
527,2021-10-22 03:49:57,14800.0,4100.0,666700.0
528,2021-10-22 03:49:57,14800.0,500.0,662600.0
529,2021-10-22 03:49:57,14800.0,500.0,662100.0
530,2021-10-22 03:49:57,14800.0,200.0,661600.0
531,2021-10-22 03:49:57,14800.0,300.0,661400.0
532,2021-10-22 03:49:57,14800.0,400.0,661100.0
533,2021-10-22 03:49:45,14800.0,1600.0,660700.0
534,2021-10-22 03:49:45,14800.0,500.0,659100.0
535,2021-10-22 03:49:45,14800.0,200.0,658600.0
536,2021-10-22 03:49:45,14800.0,1700.0,658400.0
537,2021-10-22 03:49:45,14750.0,700.0,656700.0
538,2021-10-22 03:49:45,14750.0,500.0,656000.0
539,2021-10-22 03:49:45,14700.0,300.0,655500.0
540,2021-10-22 03:49:45,14700.0,400.0,655200.0
541,2021-10-22 03:49:45,14700.0,1000.0,654800.0
542,2021-10-22 03:49:45,14700.0,100.0,653800.0
543,2021-10-22 03:49:45,14700.0,100.0,653700.0
544,2021-10-22 03:49:45,14700.0,1000.0,653600.0
545,2021-10-22 03:49:45,14700.0,500.0,652600.0
546,2021-10-22 03:49:45,14700.0,3400.0,652100.0
547,2021-10-22 03:49:40,14700.0,1800.0,648700.0
548,2021-10-22 03:49:33,14700.0,7400.0,646900.0
549,2021-10-22 03:48:22,14700.0,400.0,639500.0
550,2021-10-22 03:48:22,14700.0,600.0,639100.0
551,2021-10-22 03:48:22,14600.0,600.0,638500.0
552,2021-10-22 03:48:22,14600.0,400.0,637900.0
553,2021-10-22 03:48:20,14600.0,500.0,637500.0
554,2021-10-22 03:48:15,14700.0,400.0,637000.0
555,2021-10-22 03:48:15,14700.0,1000.0,636600.0
556,2021-10-22 03:48:15,14700.0,200.0,635600.0
557,2021-10-22 03:48:15,14700.0,300.0,635400.0
558,2021-10-22 03:48:15,14700.0,500.0,635100.0
559,2021-10-22 03:48:15,14700.0,100.0,634600.0
560,2021-10-22 03:48:15,14700.0,3300.0,634500.0
561,2021-10-22 03:48:15,14650.0,1000.0,631200.0
562,2021-10-22 03:48:15,14650.0,3200.0,630200.0
563,2021-10-22 03:46:23,14650.0,100.0,627000.0
564,2021-10-22 03:41:10,14550.0,1200.0,626900.0
565,2021-10-22 03:40:34,14550.0,100.0,625700.0
566,2021-10-22 03:40:34,14550.0,1000.0,625600.0
567,2021-10-22 03:40:34,14550.0,700.0,624600.0
568,2021-10-22 03:38:15,14550.0,300.0,623900.0
569,2021-10-22 03:37:44,14650.0,100.0,623600.0
570,2021-10-22 03:35:38,14650.0,800.0,623500.0
571,2021-10-22 03:35:31,14650.0,800.0,622700.0
572,2021-10-22 03:35:31,14650.0,200.0,621900.0
573,2021-10-22 03:32:11,14500.0,600.0,621700.0
574,2021-10-22 03:32:04,14500.0,1000.0,621100.0
575,2021-10-22 03:31:55,14500.0,1000.0,620100.0
576,2021-10-22 03:31:53,14500.0,3000.0,619100.0
577,2021-10-22 03:31:48,14500.0,100.0,616100.0
578,2021-10-22 03:31:17,14500.0,2500.0,616000.0
579,2021-10-22 03:30:45,14500.0,3000.0,613500.0
580,2021-10-22 03:30:45,14500.0,1100.0,610500.0
581,2021-10-22 03:30:45,14500.0,500.0,609400.0
582,2021-10-22 03:30:45,14500.0,100.0,608900.0
583,2021-10-22 03:30:45,14500.0,100.0,608800.0
584,2021-10-22 03:30:45,14500.0,100.0,608700.0
585,2021-10-22 03:30:45,14500.0,400.0,608600.0
586,2021-10-22 03:30:45,14500.0,2000.0,608200.0
587,2021-10-22 03:30:45,14500.0,2500.0,606200.0
588,2021-10-22 03:28:07,14700.0,300.0,603700.0
589,2021-10-22 03:27:06,14700.0,100.0,603400.0
590,2021-10-22 03:26:22,14700.0,1300.0,603300.0
591,2021-10-22 03:26:22,14700.0,3200.0,602000.0
592,2021-10-22 03:26:22,14600.0,1600.0,598800.0
593,2021-10-22 03:26:22,14600.0,100.0,597200.0
594,2021-10-22 03:26:22,14600.0,100.0,597100.0
595,2021-10-22 03:26:22,14600.0,500.0,597000.0
596,2021-10-22 03:26:22,14600.0,3200.0,596500.0
597,2021-10-22 03:25:54,14600.0,200.0,593300.0
598,2021-10-22 03:25:06,14600.0,100.0,593100.0
599,2021-10-22 03:24:31,14600.0,1500.0,593000.0
600,2021-10-22 03:24:31,14600.0,300.0,591500.0
601,2021-10-22 03:24:31,14600.0,100.0,591200.0
602,2021-10-22 03:24:31,14600.0,2500.0,591100.0
603,2021-10-22 03:24:31,14600.0,1000.0,588600.0
604,2021-10-22 03:24:31,14600.0,1000.0,587600.0
605,2021-10-22 03:24:31,14600.0,3600.0,586600.0
606,2021-10-22 03:23:06,14600.0,100.0,583000.0
607,2021-10-22 03:22:29,14500.0,2500.0,582900.0
608,2021-10-22 03:22:06,14500.0,100.0,580400.0
609,2021-10-22 03:22:05,14500.0,2400.0,580300.0
610,2021-10-22 03:22:05,14500.0,300.0,577900.0
611,2021-10-22 03:21:06,14500.0,100.0,577600.0
612,2021-10-22 03:19:36,14500.0,100.0,577500.0
613,2021-10-22 03:19:21,14500.0,500.0,577400.0
614,2021-10-22 03:19:21,14500.0,4500.0,576900.0
615,2021-10-22 03:17:46,14500.0,800.0,572400.0
616,2021-10-22 03:17:29,14500.0,200.0,571600.0
617,2021-10-22 03:17:29,14450.0,4800.0,571400.0
618,2021-10-22 03:17:22,14450.0,100.0,566600.0
619,2021-10-22 03:17:15,14450.0,2000.0,566500.0
620,2021-10-22 03:17:15,14450.0,500.0,564500.0
621,2021-10-22 03:17:15,14450.0,8000.0,564000.0
622,2021-10-22 03:17:15,14450.0,1600.0,556000.0
623,2021-10-22 03:17:15,14450.0,3000.0,554400.0
624,2021-10-22 03:16:23,14500.0,500.0,551400.0
625,2021-10-22 03:16:23,14500.0,2500.0,550900.0
626,2021-10-22 03:16:23,14500.0,300.0,548400.0
627,2021-10-22 03:16:23,14500.0,200.0,548100.0
628,2021-10-22 03:16:23,14500.0,500.0,547900.0
629,2021-10-22 03:15:58,14600.0,3000.0,547400.0
630,2021-10-22 03:15:41,14500.0,4500.0,544400.0
631,2021-10-22 03:15:41,14500.0,500.0,539900.0
632,2021-10-22 03:15:35,14600.0,600.0,539400.0
633,2021-10-22 03:14:25,14500.0,300.0,538800.0
634,2021-10-22 03:14:25,14500.0,200.0,538500.0
635,2021-10-22 03:14:15,14500.0,5000.0,538300.0
636,2021-10-22 03:12:35,14500.0,3200.0,533300.0
637,2021-10-22 03:12:35,14500.0,3000.0,530100.0
638,2021-10-22 03:12:35,14500.0,1200.0,527100.0
639,2021-10-22 03:12:35,14500.0,3000.0,525900.0
640,2021-10-22 03:12:35,14500.0,100.0,522900.0
641,2021-10-22 03:12:35,14500.0,4300.0,522800.0
642,2021-10-22 03:11:29,14600.0,1000.0,518500.0
643,2021-10-22 03:10:54,14600.0,3000.0,517500.0
644,2021-10-22 03:10:54,14600.0,3500.0,514500.0
645,2021-10-22 03:10:52,14600.0,500.0,511000.0
646,2021-10-22 03:10:37,14600.0,1200.0,510500.0
647,2021-10-22 03:10:34,14700.0,200.0,509300.0
648,2021-10-22 03:10:22,14600.0,100.0,509100.0
649,2021-10-22 03:09:16,14700.0,400.0,509000.0
650,2021-10-22 03:09:16,14700.0,100.0,508600.0
651,2021-10-22 03:09:16,14700.0,1000.0,508500.0
652,2021-10-22 03:09:16,14700.0,1000.0,507500.0
653,2021-10-22 03:09:16,14700.0,300.0,506500.0
654,2021-10-22 03:09:16,14700.0,4300.0,506200.0
655,2021-10-22 03:09:16,14650.0,1000.0,501900.0
656,2021-10-22 03:09:16,14650.0,300.0,500900.0
657,2021-10-22 03:09:16,14650.0,500.0,500600.0
658,2021-10-22 03:09:16,14650.0,100.0,500100.0
659,2021-10-22 03:09:16,14650.0,1000.0,500000.0
660,2021-10-22 03:09:10,14600.0,2000.0,499000.0
661,2021-10-22 03:09:10,14600.0,1300.0,497000.0
662,2021-10-22 03:09:10,14600.0,1000.0,495700.0
663,2021-10-22 03:09:10,14600.0,200.0,494700.0
664,2021-10-22 03:09:10,14600.0,100.0,494500.0
665,2021-10-22 03:09:10,14600.0,2100.0,494400.0
666,2021-10-22 03:09:06,14500.0,100.0,492300.0
667,2021-10-22 03:08:57,14500.0,7600.0,492200.0
668,2021-10-22 03:08:21,14500.0,100.0,484600.0
669,2021-10-22 03:08:06,14400.0,100.0,484500.0
670,2021-10-22 03:06:07,14500.0,5000.0,484400.0
671,2021-10-22 03:06:06,14400.0,100.0,479400.0
672,2021-10-22 03:05:57,14400.0,700.0,479300.0
673,2021-10-22 03:05:57,14400.0,300.0,478600.0
674,2021-10-22 03:05:57,14400.0,2000.0,478300.0
675,2021-10-22 03:05:57,14400.0,300.0,476300.0
676,2021-10-22 03:05:57,14400.0,1000.0,476000.0
677,2021-10-22 03:05:57,14400.0,500.0,475000.0
678,2021-10-22 03:05:57,14400.0,400.0,474500.0
679,2021-10-22 03:05:57,14400.0,2000.0,474100.0
680,2021-10-22 03:05:57,14400.0,500.0,472100.0
681,2021-10-22 03:05:57,14400.0,100.0,471600.0
682,2021-10-22 03:05:57,14400.0,100.0,471500.0
683,2021-10-22 03:05:57,14400.0,1000.0,471400.0
684,2021-10-22 03:05:57,14400.0,800.0,470400.0
685,2021-10-22 03:05:57,14400.0,200.0,469600.0
686,2021-10-22 03:05:57,14400.0,2000.0,469400.0
687,2021-10-22 03:05:57,14400.0,1000.0,467400.0
688,2021-10-22 03:05:57,14400.0,100.0,466400.0
689,2021-10-22 03:05:57,14400.0,1000.0,466300.0
690,2021-10-22 03:05:57,14450.0,200.0,465300.0
691,2021-10-22 03:05:57,14450.0,3500.0,465100.0
692,2021-10-22 03:05:57,14450.0,100.0,461600.0
693,2021-10-22 03:05:57,14450.0,400.0,461500.0
694,2021-10-22 03:05:57,14450.0,5000.0,461100.0
695,2021-10-22 03:05:57,14450.0,500.0,456100.0
696,2021-10-22 03:05:57,14450.0,300.0,455600.0
697,2021-10-22 03:05:57,14450.0,3000.0,455300.0
698,2021-10-22 03:05:57,14450.0,3000.0,452300.0
699,2021-10-22 03:05:06,14450.0,100.0,449300.0
700,2021-10-22 03:04:13,14500.0,100.0,449200.0
701,2021-10-22 03:04:10,14500.0,1800.0,449100.0
702,2021-10-22 03:04:10,14500.0,100.0,447300.0
703,2021-10-22 03:04:10,14500.0,500.0,447200.0
704,2021-10-22 03:04:10,14500.0,100.0,446700.0
705,2021-10-22 03:04:10,14500.0,500.0,446600.0
706,2021-10-22 03:04:10,14500.0,1200.0,446100.0
707,2021-10-22 03:03:49,14500.0,800.0,444900.0
708,2021-10-22 03:02:09,14600.0,900.0,444100.0
709,2021-10-22 03:02:09,14600.0,100.0,443200.0
710,2021-10-22 03:02:06,14450.0,100.0,443100.0
711,2021-10-22 03:01:46,14500.0,100.0,443000.0
712,2021-10-22 03:01:46,14500.0,100.0,442900.0
713,2021-10-22 03:01:46,14500.0,600.0,442800.0
714,2021-10-22 03:01:27,14500.0,400.0,442200.0
715,2021-10-22 03:01:27,14500.0,100.0,441800.0
716,2021-10-22 03:01:27,14500.0,500.0,441700.0
717,2021-10-22 03:01:25,14500.0,800.0,441200.0
718,2021-10-22 03:01:25,14500.0,2200.0,440400.0
719,2021-10-22 03:00:55,14500.0,5000.0,438200.0
720,2021-10-22 02:59:55,14450.0,800.0,433200.0
721,2021-10-22 02:59:55,14450.0,200.0,432400.0
722,2021-10-22 02:59:32,14500.0,100.0,432200.0
723,2021-10-22 02:59:32,14500.0,5000.0,432100.0
724,2021-10-22 02:57:44,14500.0,1000.0,427100.0
725,2021-10-22 02:57:22,14500.0,3000.0,426100.0
726,2021-10-22 02:57:06,14500.0,100.0,423100.0
727,2021-10-22 02:56:41,14500.0,3000.0,423000.0
728,2021-10-22 02:55:06,14500.0,100.0,420000.0
729,2021-10-22 02:54:06,14500.0,200.0,419900.0
730,2021-10-22 02:52:57,14500.0,2000.0,419700.0
731,2021-10-22 02:52:28,14450.0,300.0,417700.0
732,2021-10-22 02:52:28,14450.0,500.0,417400.0
733,2021-10-22 02:52:18,14500.0,3000.0,416900.0
734,2021-10-22 02:51:56,14500.0,1800.0,413900.0
735,2021-10-22 02:51:33,14500.0,200.0,412100.0
736,2021-10-22 02:51:32,14500.0,100.0,411900.0
737,2021-10-22 02:51:21,14500.0,100.0,411800.0
738,2021-10-22 02:51:05,14500.0,1000.0,411700.0
739,2021-10-22 02:50:34,14500.0,2100.0,410700.0
740,2021-10-22 02:50:22,14500.0,1900.0,408600.0
741,2021-10-22 02:50:10,14500.0,300.0,406700.0
742,2021-10-22 02:49:46,14500.0,2000.0,406400.0
743,2021-10-22 02:49:43,14500.0,1500.0,404400.0
744,2021-10-22 02:49:43,14500.0,1000.0,402900.0
745,2021-10-22 02:49:43,14500.0,100.0,401900.0
746,2021-10-22 02:49:43,14500.0,200.0,401800.0
747,2021-10-22 02:49:43,14500.0,1500.0,401600.0
748,2021-10-22 02:49:43,14500.0,1500.0,400100.0
749,2021-10-22 02:47:48,14600.0,500.0,398600.0
750,2021-10-22 02:46:03,14500.0,500.0,398100.0
751,2021-10-22 02:45:58,14500.0,200.0,397600.0
752,2021-10-22 02:45:49,14500.0,1000.0,397400.0
753,2021-10-22 02:45:49,14500.0,400.0,396400.0
754,2021-10-22 02:45:49,14500.0,100.0,396000.0
755,2021-10-22 02:45:49,14500.0,600.0,395900.0
756,2021-10-22 02:45:49,14500.0,100.0,395300.0
757,2021-10-22 02:45:49,14500.0,10000.0,395200.0
758,2021-10-22 02:45:49,14500.0,1100.0,385200.0
759,2021-10-22 02:45:49,14500.0,6000.0,384100.0
760,2021-10-22 02:45:11,14600.0,400.0,378100.0
761,2021-10-22 02:45:05,14600.0,500.0,377700.0
762,2021-10-22 02:44:47,14600.0,100.0,377200.0
763,2021-10-22 02:43:50,14600.0,1000.0,377100.0
764,2021-10-22 02:43:37,14600.0,100.0,376100.0
765,2021-10-22 02:43:30,14600.0,3500.0,376000.0
766,2021-10-22 02:43:30,14600.0,4600.0,372500.0
767,2021-10-22 02:43:30,14650.0,1200.0,367900.0
768,2021-10-22 02:42:59,14700.0,200.0,366700.0
769,2021-10-22 02:42:50,14700.0,300.0,366500.0
770,2021-10-22 02:42:50,14700.0,300.0,366200.0
771,2021-10-22 02:42:50,14700.0,4900.0,365900.0
772,2021-10-22 02:42:40,14800.0,200.0,361000.0
773,2021-10-22 02:42:28,14800.0,100.0,360800.0
774,2021-10-22 02:42:28,14800.0,600.0,360700.0
775,2021-10-22 02:42:28,14800.0,1000.0,360100.0
776,2021-10-22 02:42:28,14800.0,3300.0,359100.0
777,2021-10-22 02:42:06,14800.0,1200.0,355800.0
778,2021-10-22 02:42:06,14800.0,1400.0,354600.0
779,2021-10-22 02:42:06,14800.0,200.0,353200.0
780,2021-10-22 02:42:06,14800.0,100.0,353000.0
781,2021-10-22 02:42:06,14800.0,300.0,352900.0
782,2021-10-22 02:42:06,14800.0,500.0,352600.0
783,2021-10-22 02:42:06,14800.0,500.0,352100.0
784,2021-10-22 02:42:06,14800.0,2000.0,351600.0
785,2021-10-22 02:42:06,14800.0,100.0,349600.0
786,2021-10-22 02:42:06,14800.0,700.0,349500.0
787,2021-10-22 02:42:06,14750.0,1000.0,348800.0
788,2021-10-22 02:41:52,14700.0,100.0,347800.0
789,2021-10-22 02:41:52,14700.0,400.0,347700.0
790,2021-10-22 02:41:50,14700.0,100.0,347300.0
791,2021-10-22 02:41:13,14700.0,300.0,347200.0
792,2021-10-22 02:40:55,14700.0,100.0,346900.0
793,2021-10-22 02:40:52,14700.0,100.0,346800.0
794,2021-10-22 02:40:42,14700.0,100.0,346700.0
795,2021-10-22 02:40:41,14500.0,11000.0,346600.0
796,2021-10-22 02:40:41,14500.0,300.0,335600.0
797,2021-10-22 02:40:41,14500.0,2000.0,335300.0
798,2021-10-22 02:40:41,14500.0,1000.0,333300.0
799,2021-10-22 02:40:41,14500.0,500.0,332300.0
800,2021-10-22 02:40:41,14500.0,5000.0,331800.0
801,2021-10-22 02:40:41,14600.0,200.0,326800.0
802,2021-10-22 02:40:33,14600.0,100.0,326600.0
803,2021-10-22 02:40:33,14600.0,400.0,326500.0
804,2021-10-22 02:40:26,14600.0,1000.0,326100.0
805,2021-10-22 02:40:04,14600.0,600.0,325100.0
806,2021-10-22 02:39:50,14600.0,2400.0,324500.0
807,2021-10-22 02:39:46,14800.0,300.0,322100.0
808,2021-10-22 02:39:46,14800.0,200.0,321800.0
809,2021-10-22 02:39:46,14800.0,1000.0,321600.0
810,2021-10-22 02:39:46,14700.0,100.0,320600.0
811,2021-10-22 02:39:46,14700.0,1700.0,320500.0
812,2021-10-22 02:39:46,14700.0,2800.0,318800.0
813,2021-10-22 02:39:46,14700.0,100.0,316000.0
814,2021-10-22 02:39:46,14700.0,300.0,315900.0
815,2021-10-22 02:39:46,14700.0,500.0,315600.0
816,2021-10-22 02:39:38,14600.0,1000.0,315100.0
817,2021-10-22 02:39:38,14600.0,200.0,314100.0
818,2021-10-22 02:39:38,14600.0,200.0,313900.0
819,2021-10-22 02:39:38,14600.0,1700.0,313700.0
820,2021-10-22 02:39:38,14600.0,1900.0,312000.0
821,2021-10-22 02:39:34,14600.0,300.0,310100.0
822,2021-10-22 02:38:23,14600.0,2000.0,309800.0
823,2021-10-22 02:37:28,14500.0,500.0,307800.0
824,2021-10-22 02:37:20,14500.0,2500.0,307300.0
825,2021-10-22 02:36:55,14500.0,500.0,304800.0
826,2021-10-22 02:36:32,14500.0,3000.0,304300.0
827,2021-10-22 02:36:08,14500.0,4100.0,301300.0
828,2021-10-22 02:35:56,14500.0,500.0,297200.0
829,2021-10-22 02:35:46,14400.0,2000.0,296700.0
830,2021-10-22 02:35:41,14500.0,3000.0,294700.0
831,2021-10-22 02:35:41,14500.0,200.0,291700.0
832,2021-10-22 02:35:41,14500.0,1000.0,291500.0
833,2021-10-22 02:35:41,14500.0,1000.0,290500.0
834,2021-10-22 02:35:41,14500.0,600.0,289500.0
835,2021-10-22 02:35:41,14500.0,2000.0,288900.0
836,2021-10-22 02:35:41,14500.0,1000.0,286900.0
837,2021-10-22 02:35:41,14500.0,8600.0,285900.0
838,2021-10-22 02:34:58,14500.0,1400.0,277300.0
839,2021-10-22 02:34:58,14500.0,200.0,275900.0
840,2021-10-22 02:34:58,14500.0,400.0,275700.0
841,2021-10-22 02:34:54,14500.0,800.0,275300.0
842,2021-10-22 02:34:45,14600.0,300.0,274500.0
843,2021-10-22 02:33:52,14500.0,200.0,274200.0
844,2021-10-22 02:33:30,14500.0,300.0,274000.0
845,2021-10-22 02:33:30,14500.0,1400.0,273700.0
846,2021-10-22 02:33:30,14500.0,3300.0,272300.0
847,2021-10-22 02:33:28,14500.0,500.0,269000.0
848,2021-10-22 02:33:12,14500.0,5400.0,268500.0
849,2021-10-22 02:33:08,14500.0,2000.0,263100.0
850,2021-10-22 02:33:01,14500.0,1500.0,261100.0
851,2021-10-22 02:33:00,14500.0,1000.0,259600.0
852,2021-10-22 02:31:47,14500.0,200.0,258600.0
853,2021-10-22 02:31:41,14500.0,100.0,258400.0
854,2021-10-22 02:31:40,14500.0,100.0,258300.0
855,2021-10-22 02:31:28,14500.0,2000.0,258200.0
856,2021-10-22 02:31:28,14500.0,300.0,256200.0
857,2021-10-22 02:31:28,14500.0,3600.0,255900.0
858,2021-10-22 02:31:12,14500.0,1400.0,252300.0
859,2021-10-22 02:31:10,14500.0,400.0,250900.0
860,2021-10-22 02:30:51,14500.0,3400.0,250500.0
861,2021-10-22 02:30:41,14500.0,200.0,247100.0
862,2021-10-22 02:30:41,14500.0,600.0,246900.0
863,2021-10-22 02:30:41,14500.0,3000.0,246300.0
864,2021-10-22 02:30:30,14600.0,3500.0,243300.0
865,2021-10-22 02:30:24,14600.0,2000.0,239800.0
866,2021-10-22 02:30:03,14700.0,300.0,237800.0
867,2021-10-22 02:29:56,14700.0,500.0,237500.0
868,2021-10-22 02:29:56,14700.0,1200.0,237000.0
869,2021-10-22 02:29:38,14700.0,1000.0,235800.0
870,2021-10-22 02:29:30,14700.0,1000.0,234800.0
871,2021-10-22 02:29:27,14700.0,2000.0,233800.0
872,2021-10-22 02:29:26,14800.0,500.0,231800.0
873,2021-10-22 02:29:20,15000.0,800.0,231300.0
874,2021-10-22 02:29:20,15000.0,200.0,230500.0
875,2021-10-22 02:29:20,15000.0,500.0,230300.0
876,2021-10-22 02:29:20,15000.0,500.0,229800.0
877,2021-10-22 02:29:20,15000.0,800.0,229300.0
878,2021-10-22 02:29:20,14950.0,1500.0,228500.0
879,2021-10-22 02:29:20,14900.0,1000.0,227000.0
880,2021-10-22 02:29:20,14900.0,1000.0,226000.0
881,2021-10-22 02:29:20,14850.0,1000.0,225000.0
882,2021-10-22 02:29:20,14800.0,100.0,224000.0
883,2021-10-22 02:29:20,14800.0,2600.0,223900.0
884,2021-10-22 02:29:17,14800.0,2000.0,221300.0
885,2021-10-22 02:29:12,14800.0,1100.0,219300.0
886,2021-10-22 02:29:12,14800.0,1000.0,218200.0
887,2021-10-22 02:29:12,14800.0,500.0,217200.0
888,2021-10-22 02:29:12,14800.0,400.0,216700.0
889,2021-10-22 02:29:12,14800.0,1000.0,216300.0
890,2021-10-22 02:29:12,14800.0,3000.0,215300.0
891,2021-10-22 02:29:12,14800.0,1000.0,212300.0
892,2021-10-22 02:29:12,14800.0,2000.0,211300.0
893,2021-10-22 02:28:46,14800.0,2000.0,209300.0
894,2021-10-22 02:28:46,14800.0,600.0,207300.0
895,2021-10-22 02:28:46,14750.0,500.0,206700.0
896,2021-10-22 02:28:46,14700.0,100.0,206200.0
897,2021-10-22 02:28:46,14700.0,2000.0,206100.0
898,2021-10-22 02:28:46,14700.0,4800.0,204100.0
899,2021-10-22 02:28:35,14700.0,3900.0,199300.0
900,2021-10-22 02:28:35,14650.0,1100.0,195400.0
901,2021-10-22 02:28:18,14700.0,3000.0,194300.0
902,2021-10-22 02:28:18,14700.0,500.0,191300.0
903,2021-10-22 02:28:18,14700.0,2300.0,190800.0
904,2021-10-22 02:28:18,14700.0,700.0,188500.0
905,2021-10-22 02:28:18,14700.0,300.0,187800.0
906,2021-10-22 02:28:18,14700.0,1000.0,187500.0
907,2021-10-22 02:28:18,14700.0,500.0,186500.0
908,2021-10-22 02:28:18,14700.0,1200.0,186000.0
909,2021-10-22 02:28:18,14650.0,100.0,184800.0
910,2021-10-22 02:28:18,14650.0,400.0,184700.0
911,2021-10-22 02:28:07,14700.0,3800.0,184300.0
912,2021-10-22 02:28:07,14650.0,1600.0,180500.0
913,2021-10-22 02:28:07,14650.0,400.0,178900.0
914,2021-10-22 02:28:07,14650.0,700.0,178500.0
915,2021-10-22 02:28:07,14600.0,1000.0,177800.0
916,2021-10-22 02:28:07,14600.0,200.0,176800.0
917,2021-10-22 02:28:07,14600.0,200.0,176600.0
918,2021-10-22 02:28:07,14600.0,500.0,176400.0
919,2021-10-22 02:28:07,14600.0,600.0,175900.0
920,2021-10-22 02:28:07,14600.0,500.0,175300.0
921,2021-10-22 02:28:07,14600.0,200.0,174800.0
922,2021-10-22 02:28:07,14600.0,2000.0,174600.0
923,2021-10-22 02:28:07,14600.0,1000.0,172600.0
924,2021-10-22 02:28:07,14600.0,1000.0,171600.0
925,2021-10-22 02:28:07,14600.0,1000.0,170600.0
926,2021-10-22 02:28:07,14500.0,300.0,169600.0
927,2021-10-22 02:28:03,14400.0,500.0,169300.0
928,2021-10-22 02:28:03,14400.0,1400.0,168800.0
929,2021-10-22 02:27:57,14600.0,100.0,167400.0
930,2021-10-22 02:27:57,14600.0,5000.0,167300.0
931,2021-10-22 02:27:57,14500.0,8400.0,162300.0
932,2021-10-22 02:27:57,14500.0,6500.0,153900.0
933,2021-10-22 02:27:57,14500.0,500.0,147400.0
934,2021-10-22 02:27:47,14500.0,4400.0,146900.0
935,2021-10-22 02:27:47,14500.0,2000.0,142500.0
936,2021-10-22 02:27:47,14500.0,1000.0,140500.0
937,2021-10-22 02:27:47,14500.0,100.0,139500.0
938,2021-10-22 02:27:47,14500.0,200.0,139400.0
939,2021-10-22 02:27:47,14500.0,200.0,139200.0
940,2021-10-22 02:27:47,14500.0,800.0,139000.0
941,2021-10-22 02:27:47,14500.0,1300.0,138200.0
942,2021-10-22 02:27:36,14400.0,600.0,136900.0
943,2021-10-22 02:27:25,14300.0,3000.0,136300.0
944,2021-10-22 02:27:25,14300.0,300.0,133300.0
945,2021-10-22 02:27:25,14300.0,200.0,133000.0
946,2021-10-22 02:27:25,14300.0,100.0,132800.0
947,2021-10-22 02:27:25,14300.0,4700.0,132700.0
948,2021-10-22 02:27:25,14350.0,1700.0,128000.0
949,2021-10-22 02:27:02,14400.0,300.0,126300.0
950,2021-10-22 02:26:52,14400.0,500.0,126000.0
951,2021-10-22 02:26:44,14400.0,500.0,125500.0
952,2021-10-22 02:26:41,14400.0,100.0,125000.0
953,2021-10-22 02:26:39,14500.0,500.0,124900.0
954,2021-10-22 02:26:36,14500.0,100.0,124400.0
955,2021-10-22 02:26:36,14500.0,200.0,124300.0
956,2021-10-22 02:26:36,14500.0,2000.0,124100.0
957,2021-10-22 02:26:36,14500.0,700.0,122100.0
958,2021-10-22 02:26:29,14500.0,300.0,121400.0
959,2021-10-22 02:26:29,14500.0,200.0,121100.0
960,2021-10-22 02:26:06,14500.0,500.0,120900.0
961,2021-10-22 02:25:38,14500.0,4900.0,120400.0
962,2021-10-22 02:25:38,14500.0,100.0,115500.0
963,2021-10-22 02:25:38,14500.0,100.0,115400.0
964,2021-10-22 02:25:38,14500.0,3500.0,115300.0
965,2021-10-22 02:25:38,14500.0,1400.0,111800.0
966,2021-10-22 02:25:27,14500.0,100.0,110400.0
967,2021-10-22 02:25:27,14500.0,1000.0,110300.0
968,2021-10-22 02:25:27,14500.0,100.0,109300.0
969,2021-10-22 02:25:27,14450.0,1000.0,109200.0
970,2021-10-22 02:25:27,14450.0,100.0,108200.0
971,2021-10-22 02:25:27,14450.0,2700.0,108100.0
972,2021-10-22 02:25:27,14450.0,5000.0,105400.0
973,2021-10-22 02:25:15,14400.0,2000.0,100400.0
974,2021-10-22 02:25:15,14400.0,3900.0,98400.0
975,2021-10-22 02:23:17,14300.0,2300.0,94500.0
976,2021-10-22 02:23:17,14300.0,12700.0,92200.0
977,2021-10-22 02:23:01,14400.0,1900.0,79500.0
978,2021-10-22 02:22:53,14400.0,200.0,77600.0
979,2021-10-22 02:22:53,14400.0,1900.0,77400.0
980,2021-10-22 02:22:53,14400.0,2000.0,75500.0
981,2021-10-22 02:22:53,14400.0,5900.0,73500.0
982,2021-10-22 02:22:44,14300.0,2300.0,67600.0
983,2021-10-22 02:22:37,14250.0,500.0,65300.0
984,2021-10-22 02:21:47,14300.0,100.0,64800.0
985,2021-10-22 02:21:41,14300.0,2000.0,64700.0
986,2021-10-22 02:21:34,14300.0,3000.0,62700.0
987,2021-10-22 02:21:34,14300.0,1000.0,59700.0
988,2021-10-22 02:21:34,14300.0,500.0,58700.0
989,2021-10-22 02:21:34,14300.0,300.0,58200.0
990,2021-10-22 02:21:34,14300.0,800.0,57900.0
991,2021-10-22 02:19:59,14300.0,100.0,57100.0
992,2021-10-22 02:19:59,14300.0,100.0,57000.0
993,2021-10-22 02:19:35,14300.0,100.0,56900.0
994,2021-10-22 02:19:26,14300.0,100.0,56800.0
995,2021-10-22 02:19:16,14300.0,2000.0,56700.0
996,2021-10-22 02:18:54,14300.0,1700.0,54700.0
997,2021-10-22 02:18:54,14250.0,1300.0,53000.0
998,2021-10-22 02:18:23,14250.0,100.0,51700.0
999,2021-10-22 02:18:17,14250.0,100.0,51600.0
1000,2021-10-22 02:17:57,14200.0,900.0,51500.0
1001,2021-10-22 02:17:57,14200.0,3000.0,50600.0
1002,2021-10-22 02:17:57,14200.0,2000.0,47600.0
1003,2021-10-22 02:17:57,14200.0,1000.0,45600.0
1004,2021-10-22 02:17:57,14200.0,1500.0,44600.0
1005,2021-10-22 02:17:57,14200.0,500.0,43100.0
1006,2021-10-22 02:17:57,14200.0,1100.0,42600.0
1007,2021-10-22 02:17:44,14250.0,1900.0,41500.0
1008,2021-10-22 02:17:44,14250.0,2000.0,39600.0
1009,2021-10-22 02:17:44,14250.0,1600.0,37600.0
1010,2021-10-22 02:16:55,14400.0,800.0,36000.0
1011,2021-10-22 02:16:55,14350.0,300.0,35200.0
1012,2021-10-22 02:16:55,14350.0,100.0,34900.0
1013,2021-10-22 02:16:55,14300.0,800.0,34800.0
1014,2021-10-22 02:16:46,14300.0,2000.0,34000.0
1015,2021-10-22 02:16:44,14250.0,300.0,32000.0
1016,2021-10-22 02:16:42,14300.0,200.0,31700.0
1017,2021-10-22 02:16:42,14300.0,3500.0,31500.0
1018,2021-10-22 02:16:42,14300.0,1000.0,28000.0
1019,2021-10-22 02:16:42,14300.0,500.0,27000.0
1020,2021-10-22 02:16:42,14300.0,2000.0,26500.0
1021,2021-10-22 02:16:24,14350.0,1900.0,24500.0
1022,2021-10-22 02:15:16,14400.0,3000.0,22600.0
1023,2021-10-22 02:15:16,14400.0,300.0,19600.0
1024,2021-10-22 02:15:00,14400.0,1900.0,19300.0
1025,2021-10-22 02:15:00,14400.0,2000.0,17400.0
1026,2021-10-22 02:15:00,14400.0,2000.0,15400.0
1027,2021-10-22 02:15:00,14400.0,100.0,13400.0
1028,2021-10-22 02:15:00,14400.0,900.0,13300.0
1029,2021-10-22 02:15:00,14400.0,300.0,12400.0
1030,2021-10-22 02:15:00,14400.0,2300.0,12100.0
1031,2021-10-22 02:15:00,14400.0,1500.0,9800.0
1032,2021-10-22 02:15:00,14400.0,2000.0,8300.0
1033,2021-10-22 02:15:00,14400.0,600.0,6300.0
1034,2021-10-22 02:15:00,14400.0,1600.0,5700.0
1035,2021-10-22 02:15:00,14400.0,400.0,4100.0
1036,2021-10-22 02:15:00,14400.0,600.0,3700.0
1037,2021-10-22 02:15:00,14400.0,1100.0,3100.0
1038,2021-10-22 02:15:00,14400.0,600.0,2000.0
1039,2021-10-22 02:15:00,14400.0,400.0,1400.0
1040,2021-10-22 02:15:00,14400.0,400.0,1000.0
1041,2021-10-22 02:15:00,14400.0,200.0,600.0
1042,2021-10-22 02:15:00,14400.0,400.0,400.0
