,Time,Price,Volume_per_trade,Volume
0,2021-10-20 07:29:36,31450.0,100.0,621400.0
1,2021-10-20 07:29:36,31150.0,2900.0,621300.0
2,2021-10-20 07:29:36,31050.0,100.0,618400.0
3,2021-10-20 07:29:17,31000.0,300.0,618300.0
4,2021-10-20 07:29:17,30700.0,5800.0,618000.0
5,2021-10-20 07:28:05,30550.0,100.0,612200.0
6,2021-10-20 07:24:23,30500.0,100.0,612100.0
7,2021-10-20 07:23:11,30500.0,300.0,612000.0
8,2021-10-20 07:20:51,30500.0,300.0,611700.0
9,2021-10-20 07:20:51,30600.0,1000.0,611400.0
10,2021-10-20 07:20:51,30700.0,600.0,610400.0
11,2021-10-20 07:19:57,31000.0,100.0,609800.0
12,2021-10-20 07:19:49,31000.0,500.0,609700.0
13,2021-10-20 07:19:42,31000.0,500.0,609200.0
14,2021-10-20 07:19:42,31000.0,500.0,608700.0
15,2021-10-20 07:19:42,31000.0,200.0,608200.0
16,2021-10-20 07:19:04,31050.0,400.0,608000.0
17,2021-10-20 07:18:51,31050.0,100.0,607600.0
18,2021-10-20 07:16:16,31100.0,100.0,607500.0
19,2021-10-20 07:14:12,31100.0,500.0,607400.0
20,2021-10-20 07:14:12,31100.0,100.0,606900.0
21,2021-10-20 07:14:12,31100.0,300.0,606800.0
22,2021-10-20 07:14:09,31150.0,100.0,606500.0
23,2021-10-20 07:01:24,31450.0,100.0,606400.0
24,2021-10-20 07:01:24,31400.0,400.0,606300.0
25,2021-10-20 07:01:15,31200.0,200.0,605900.0
26,2021-10-20 07:01:15,31200.0,2000.0,605700.0
27,2021-10-20 07:01:15,31200.0,1800.0,603700.0
28,2021-10-20 06:58:14,31300.0,200.0,601900.0
29,2021-10-20 06:55:25,31300.0,700.0,601700.0
30,2021-10-20 06:47:09,31500.0,100.0,601000.0
31,2021-10-20 06:47:09,31450.0,1400.0,600900.0
32,2021-10-20 06:28:40,31500.0,100.0,599500.0
33,2021-10-20 06:28:38,31500.0,9900.0,599400.0
34,2021-10-20 06:28:37,31500.0,100.0,589500.0
35,2021-10-20 06:23:05,31500.0,100.0,589400.0
36,2021-10-20 06:21:21,31650.0,200.0,589300.0
37,2021-10-20 06:18:49,31650.0,500.0,589100.0
38,2021-10-20 06:18:49,31600.0,12000.0,588600.0
39,2021-10-20 06:16:31,31650.0,7000.0,576600.0
40,2021-10-20 06:16:24,31650.0,300.0,569600.0
41,2021-10-20 06:16:24,31650.0,1700.0,569300.0
42,2021-10-20 06:16:24,31600.0,8000.0,567600.0
43,2021-10-20 06:16:06,31550.0,10000.0,559600.0
44,2021-10-20 06:14:16,31650.0,13000.0,549600.0
45,2021-10-20 06:14:16,31600.0,12000.0,536600.0
46,2021-10-20 06:09:41,31700.0,100.0,524600.0
47,2021-10-20 06:09:41,31650.0,100.0,524500.0
48,2021-10-20 06:09:41,31600.0,200.0,524400.0
49,2021-10-20 06:09:22,31500.0,1500.0,524200.0
50,2021-10-20 06:09:15,31500.0,21000.0,522700.0
51,2021-10-20 06:09:14,31500.0,900.0,501700.0
52,2021-10-20 06:09:14,31500.0,1500.0,500800.0
53,2021-10-20 06:08:36,31500.0,7500.0,499300.0
54,2021-10-20 06:08:36,31400.0,500.0,491800.0
55,2021-10-20 06:08:24,31400.0,8000.0,491300.0
56,2021-10-20 06:08:18,31400.0,6200.0,483300.0
57,2021-10-20 06:08:11,31400.0,300.0,477100.0
58,2021-10-20 06:07:59,31400.0,5500.0,476800.0
59,2021-10-20 06:07:51,31400.0,7000.0,471300.0
60,2021-10-20 06:07:42,31300.0,15100.0,464300.0
61,2021-10-20 06:07:19,31300.0,2500.0,449200.0
62,2021-10-20 06:07:19,31300.0,200.0,446700.0
63,2021-10-20 06:07:19,31300.0,1600.0,446500.0
64,2021-10-20 06:07:19,31300.0,100.0,444900.0
65,2021-10-20 06:07:19,31300.0,100.0,444800.0
66,2021-10-20 06:07:19,31300.0,400.0,444700.0
67,2021-10-20 06:01:15,31600.0,8800.0,444300.0
68,2021-10-20 06:01:08,31600.0,8500.0,435500.0
69,2021-10-20 06:01:08,31550.0,700.0,427000.0
70,2021-10-20 06:00:54,31600.0,4000.0,426300.0
71,2021-10-20 06:00:54,31550.0,3000.0,422300.0
72,2021-10-20 06:00:48,31550.0,9000.0,419300.0
73,2021-10-20 04:11:28,31300.0,600.0,410300.0
74,2021-10-20 04:11:28,31500.0,200.0,409700.0
75,2021-10-20 04:11:28,31650.0,200.0,409500.0
76,2021-10-20 03:57:24,31600.0,5000.0,409300.0
77,2021-10-20 03:57:16,31600.0,15000.0,404300.0
78,2021-10-20 03:28:01,31500.0,3800.0,389300.0
79,2021-10-20 03:27:52,31500.0,1000.0,385500.0
80,2021-10-20 03:27:52,31500.0,200.0,384500.0
81,2021-10-20 03:16:52,31700.0,200.0,384300.0
82,2021-10-20 03:16:40,31500.0,200.0,384100.0
83,2021-10-20 03:16:40,31500.0,100.0,383900.0
84,2021-10-20 03:15:35,31500.0,100.0,383800.0
85,2021-10-20 03:13:10,31500.0,200.0,383700.0
86,2021-10-20 03:09:38,31500.0,8300.0,383500.0
87,2021-10-20 03:09:29,31500.0,16200.0,375200.0
88,2021-10-20 03:09:29,31450.0,800.0,359000.0
89,2021-10-20 03:09:25,31500.0,500.0,358200.0
90,2021-10-20 03:09:14,31500.0,500.0,357700.0
91,2021-10-20 03:09:08,31300.0,1200.0,357200.0
92,2021-10-20 03:09:08,31300.0,1300.0,356000.0
93,2021-10-20 03:03:05,31500.0,1000.0,354700.0
94,2021-10-20 03:03:03,31500.0,300.0,353700.0
95,2021-10-20 02:54:25,31400.0,15000.0,353400.0
96,2021-10-20 02:43:03,31500.0,1100.0,338400.0
97,2021-10-20 02:42:46,31600.0,100.0,337300.0
98,2021-10-20 02:40:22,31600.0,500.0,337200.0
99,2021-10-20 02:40:05,31500.0,500.0,336700.0
100,2021-10-20 02:40:05,31450.0,3400.0,336200.0
101,2021-10-20 02:39:51,31450.0,100.0,332800.0
102,2021-10-20 02:39:51,31450.0,5600.0,332700.0
103,2021-10-20 02:39:29,31450.0,1600.0,327100.0
104,2021-10-20 02:39:29,31450.0,800.0,325500.0
105,2021-10-20 02:36:24,31450.0,800.0,324700.0
106,2021-10-20 02:34:27,31450.0,1800.0,323900.0
107,2021-10-20 02:29:31,31450.0,200.0,322100.0
108,2021-10-20 02:28:37,31500.0,400.0,321900.0
109,2021-10-20 02:27:42,31600.0,2000.0,321500.0
110,2021-10-20 02:27:17,31600.0,2500.0,319500.0
111,2021-10-20 02:27:08,31800.0,500.0,317000.0
112,2021-10-20 02:26:52,31800.0,500.0,316500.0
113,2021-10-20 02:26:07,31900.0,2000.0,316000.0
114,2021-10-20 02:25:55,31900.0,600.0,314000.0
115,2021-10-20 02:25:37,31900.0,100.0,313400.0
116,2021-10-20 02:25:29,31900.0,100.0,313300.0
117,2021-10-20 02:25:29,31900.0,1200.0,313200.0
118,2021-10-20 02:25:29,31800.0,2000.0,312000.0
119,2021-10-20 02:25:26,31600.0,200.0,310000.0
120,2021-10-20 02:25:13,31600.0,4300.0,309800.0
121,2021-10-20 02:25:06,31600.0,600.0,305500.0
122,2021-10-20 02:25:06,31600.0,5000.0,304900.0
123,2021-10-20 02:25:06,31600.0,100.0,299900.0
124,2021-10-20 02:24:59,31800.0,8000.0,299800.0
125,2021-10-20 02:24:50,31800.0,400.0,291800.0
126,2021-10-20 02:24:50,31800.0,100.0,291400.0
127,2021-10-20 02:24:50,31800.0,1000.0,291300.0
128,2021-10-20 02:24:50,31800.0,400.0,290300.0
129,2021-10-20 02:24:50,31700.0,100.0,289900.0
130,2021-10-20 02:24:30,31600.0,500.0,289800.0
131,2021-10-20 02:24:12,31600.0,500.0,289300.0
132,2021-10-20 02:23:27,31600.0,100.0,288800.0
133,2021-10-20 02:23:18,31600.0,9900.0,288700.0
134,2021-10-20 02:23:08,31600.0,100.0,278800.0
135,2021-10-20 02:22:51,31500.0,2600.0,278700.0
136,2021-10-20 02:22:47,31500.0,400.0,276100.0
137,2021-10-20 02:22:35,31500.0,17000.0,275700.0
138,2021-10-20 02:22:25,31500.0,3000.0,258700.0
139,2021-10-20 02:22:14,31200.0,4200.0,255700.0
140,2021-10-20 02:22:04,31200.0,5000.0,251500.0
141,2021-10-20 02:21:56,31200.0,5000.0,246500.0
142,2021-10-20 02:21:56,31250.0,5000.0,241500.0
143,2021-10-20 02:21:51,31200.0,100.0,236500.0
144,2021-10-20 02:21:51,31200.0,20000.0,236400.0
145,2021-10-20 02:21:51,31200.0,1900.0,216400.0
146,2021-10-20 02:21:16,31100.0,2700.0,214500.0
147,2021-10-20 02:21:10,31100.0,12000.0,211800.0
148,2021-10-20 02:20:58,31100.0,6300.0,199800.0
149,2021-10-20 02:20:53,31100.0,2000.0,193500.0
150,2021-10-20 02:20:53,31050.0,1700.0,191500.0
151,2021-10-20 02:20:41,31000.0,28000.0,189800.0
152,2021-10-20 02:20:41,31000.0,1800.0,161800.0
153,2021-10-20 02:20:18,31000.0,6000.0,160000.0
154,2021-10-20 02:20:06,31000.0,15000.0,154000.0
155,2021-10-20 02:19:59,31000.0,13700.0,139000.0
156,2021-10-20 02:19:58,31000.0,2000.0,125300.0
157,2021-10-20 02:19:58,31000.0,2300.0,123300.0
158,2021-10-20 02:16:12,31000.0,600.0,121000.0
159,2021-10-20 02:16:12,30900.0,14400.0,120400.0
160,2021-10-20 02:16:04,30900.0,10000.0,106000.0
161,2021-10-20 02:16:00,30900.0,100.0,96000.0
162,2021-10-20 02:16:00,30900.0,500.0,95900.0
163,2021-10-20 02:15:00,31000.0,700.0,95400.0
164,2021-10-20 02:15:00,31000.0,1400.0,94700.0
165,2021-10-20 02:15:00,31000.0,600.0,93300.0
166,2021-10-20 02:15:00,31000.0,1400.0,92700.0
167,2021-10-20 02:15:00,31000.0,8600.0,91300.0
168,2021-10-20 02:15:00,31000.0,1400.0,82700.0
169,2021-10-20 02:15:00,31000.0,28600.0,81300.0
170,2021-10-20 02:15:00,31000.0,1400.0,52700.0
171,2021-10-20 02:15:00,31000.0,5000.0,51300.0
172,2021-10-20 02:15:00,31000.0,18600.0,46300.0
173,2021-10-20 02:15:00,31000.0,1400.0,27700.0
174,2021-10-20 02:15:00,31000.0,23600.0,26300.0
175,2021-10-20 02:15:00,31000.0,2700.0,2700.0
