,Time,Price,Volume_per_trade,Volume
0,2021-10-21 07:45:01,58500.0,200.0,1873400.0
1,2021-10-21 07:45:01,58500.0,100.0,1873200.0
2,2021-10-21 07:45:01,58500.0,400.0,1873100.0
3,2021-10-21 07:45:01,58500.0,100.0,1872700.0
4,2021-10-21 07:45:01,58500.0,100.0,1872600.0
5,2021-10-21 07:45:01,58500.0,9900.0,1872500.0
6,2021-10-21 07:45:01,58500.0,5000.0,1862600.0
7,2021-10-21 07:45:01,58500.0,2000.0,1857600.0
8,2021-10-21 07:45:01,58500.0,30900.0,1855600.0
9,2021-10-21 07:45:01,58500.0,2000.0,1824700.0
10,2021-10-21 07:45:01,58500.0,5000.0,1822700.0
11,2021-10-21 07:45:01,58500.0,500.0,1817700.0
12,2021-10-21 07:45:01,58500.0,100.0,1817200.0
13,2021-10-21 07:45:01,58500.0,200.0,1817100.0
14,2021-10-21 07:45:01,58500.0,200.0,1816900.0
15,2021-10-21 07:45:01,58500.0,500.0,1816700.0
16,2021-10-21 07:45:01,58500.0,1000.0,1816200.0
17,2021-10-21 07:45:01,58500.0,2000.0,1815200.0
18,2021-10-21 07:45:01,58500.0,100.0,1813200.0
19,2021-10-21 07:45:01,58500.0,100.0,1813100.0
20,2021-10-21 07:45:01,58500.0,2000.0,1813000.0
21,2021-10-21 07:45:01,58500.0,200.0,1811000.0
22,2021-10-21 07:45:01,58500.0,100.0,1810800.0
23,2021-10-21 07:45:01,58500.0,1000.0,1810700.0
24,2021-10-21 07:45:01,58500.0,5000.0,1809700.0
25,2021-10-21 07:45:01,58500.0,100.0,1804700.0
26,2021-10-21 07:45:01,58500.0,3000.0,1804600.0
27,2021-10-21 07:45:01,58500.0,500.0,1801600.0
28,2021-10-21 07:45:01,58500.0,200.0,1801100.0
29,2021-10-21 07:45:01,58500.0,100.0,1800900.0
30,2021-10-21 07:45:01,58500.0,300.0,1800800.0
31,2021-10-21 07:45:01,58500.0,100.0,1800500.0
32,2021-10-21 07:45:01,58500.0,1000.0,1800400.0
33,2021-10-21 07:45:01,58500.0,200.0,1799400.0
34,2021-10-21 07:45:01,58500.0,10000.0,1799200.0
35,2021-10-21 07:45:01,58500.0,800.0,1789200.0
36,2021-10-21 07:45:01,58500.0,9000.0,1788400.0
37,2021-10-21 07:45:01,58500.0,100.0,1779400.0
38,2021-10-21 07:45:01,58500.0,1500.0,1779300.0
39,2021-10-21 07:45:01,58500.0,500.0,1777800.0
40,2021-10-21 07:45:01,58500.0,300.0,1777300.0
41,2021-10-21 07:45:01,58500.0,500.0,1777000.0
42,2021-10-21 07:45:01,58500.0,1000.0,1776500.0
43,2021-10-21 07:45:01,58500.0,2300.0,1775500.0
44,2021-10-21 07:45:01,58500.0,100.0,1773200.0
45,2021-10-21 07:45:01,58500.0,1000.0,1773100.0
46,2021-10-21 07:45:01,58500.0,300.0,1772100.0
47,2021-10-21 07:45:01,58500.0,2000.0,1771800.0
48,2021-10-21 07:45:01,58500.0,100.0,1769800.0
49,2021-10-21 07:45:01,58500.0,100.0,1769700.0
50,2021-10-21 07:45:01,58500.0,2000.0,1769600.0
51,2021-10-21 07:45:01,58500.0,5000.0,1767600.0
52,2021-10-21 07:45:01,58500.0,7000.0,1762600.0
53,2021-10-21 07:45:01,58500.0,100.0,1755600.0
54,2021-10-21 07:45:01,58500.0,4000.0,1755500.0
55,2021-10-21 07:45:01,58500.0,8900.0,1751500.0
56,2021-10-21 07:45:01,58500.0,1100.0,1742600.0
57,2021-10-21 07:45:01,58500.0,2600.0,1741500.0
58,2021-10-21 07:45:01,58500.0,1000.0,1738900.0
59,2021-10-21 07:45:01,58500.0,1000.0,1737900.0
60,2021-10-21 07:45:01,58500.0,400.0,1736900.0
61,2021-10-21 07:45:01,58500.0,100.0,1736500.0
62,2021-10-21 07:45:01,58500.0,1000.0,1736400.0
63,2021-10-21 07:45:01,58500.0,3600.0,1735400.0
64,2021-10-21 07:45:01,58500.0,1000.0,1731800.0
65,2021-10-21 07:45:01,58500.0,500.0,1730800.0
66,2021-10-21 07:45:01,58500.0,200.0,1730300.0
67,2021-10-21 07:45:01,58500.0,500.0,1730100.0
68,2021-10-21 07:45:01,58500.0,100.0,1729600.0
69,2021-10-21 07:45:01,58500.0,500.0,1729500.0
70,2021-10-21 07:45:01,58500.0,2000.0,1729000.0
71,2021-10-21 07:45:01,58500.0,100.0,1727000.0
72,2021-10-21 07:45:01,58500.0,200.0,1726900.0
73,2021-10-21 07:45:01,58500.0,5600.0,1726700.0
74,2021-10-21 07:45:01,58500.0,5000.0,1721100.0
75,2021-10-21 07:45:01,58500.0,1600.0,1716100.0
76,2021-10-21 07:45:01,58500.0,100.0,1714500.0
77,2021-10-21 07:45:01,58500.0,100.0,1714400.0
78,2021-10-21 07:45:01,58500.0,100.0,1714300.0
79,2021-10-21 07:45:01,58500.0,6700.0,1714200.0
80,2021-10-21 07:45:01,58500.0,100.0,1707500.0
81,2021-10-21 07:45:01,58500.0,500.0,1707400.0
82,2021-10-21 07:45:01,58500.0,100.0,1706900.0
83,2021-10-21 07:45:01,58500.0,100.0,1706800.0
84,2021-10-21 07:45:01,58500.0,2500.0,1706700.0
85,2021-10-21 07:45:01,58500.0,4000.0,1704200.0
86,2021-10-21 07:45:01,58500.0,1200.0,1700200.0
87,2021-10-21 07:45:01,58500.0,100.0,1699000.0
88,2021-10-21 07:45:01,58500.0,1900.0,1698900.0
89,2021-10-21 07:45:01,58500.0,100.0,1697000.0
90,2021-10-21 07:45:01,58500.0,100.0,1696900.0
91,2021-10-21 07:45:01,58500.0,800.0,1696800.0
92,2021-10-21 07:45:01,58500.0,100.0,1696000.0
93,2021-10-21 07:45:01,58500.0,1000.0,1695900.0
94,2021-10-21 07:45:01,58500.0,600.0,1694900.0
95,2021-10-21 07:45:01,58500.0,400.0,1694300.0
96,2021-10-21 07:45:01,58500.0,100.0,1693900.0
97,2021-10-21 07:45:01,58500.0,200.0,1693800.0
98,2021-10-21 07:45:01,58500.0,200.0,1693600.0
99,2021-10-21 07:45:01,58500.0,1600.0,1693400.0
100,2021-10-21 07:45:01,58500.0,200.0,1691800.0
101,2021-10-21 07:45:01,58500.0,200.0,1691600.0
102,2021-10-21 07:29:40,57800.0,300.0,1691400.0
103,2021-10-21 07:29:35,57800.0,1000.0,1691100.0
104,2021-10-21 07:29:25,57800.0,1000.0,1690100.0
105,2021-10-21 07:29:17,57900.0,100.0,1689100.0
106,2021-10-21 07:29:14,57900.0,500.0,1689000.0
107,2021-10-21 07:29:04,57900.0,300.0,1688500.0
108,2021-10-21 07:29:04,57900.0,2000.0,1688200.0
109,2021-10-21 07:29:04,57900.0,500.0,1686200.0
110,2021-10-21 07:28:34,58000.0,200.0,1685700.0
111,2021-10-21 07:28:34,58000.0,1000.0,1685500.0
112,2021-10-21 07:28:34,58000.0,500.0,1684500.0
113,2021-10-21 07:28:34,58000.0,2000.0,1684000.0
114,2021-10-21 07:28:34,58000.0,2000.0,1682000.0
115,2021-10-21 07:28:34,58000.0,1100.0,1680000.0
116,2021-10-21 07:28:25,58200.0,400.0,1678900.0
117,2021-10-21 07:28:25,58100.0,100.0,1678500.0
118,2021-10-21 07:28:20,58200.0,200.0,1678400.0
119,2021-10-21 07:27:50,58200.0,100.0,1678200.0
120,2021-10-21 07:27:27,58200.0,100.0,1678100.0
121,2021-10-21 07:27:15,58200.0,400.0,1678000.0
122,2021-10-21 07:27:15,58200.0,500.0,1677600.0
123,2021-10-21 07:27:15,58200.0,200.0,1677100.0
124,2021-10-21 07:27:15,58200.0,200.0,1676900.0
125,2021-10-21 07:27:15,58200.0,500.0,1676700.0
126,2021-10-21 07:27:15,58200.0,1100.0,1676200.0
127,2021-10-21 07:27:02,58200.0,100.0,1675100.0
128,2021-10-21 07:27:00,58200.0,500.0,1675000.0
129,2021-10-21 07:26:56,58200.0,300.0,1674500.0
130,2021-10-21 07:26:47,58200.0,700.0,1674200.0
131,2021-10-21 07:26:47,58200.0,200.0,1673500.0
132,2021-10-21 07:26:47,58200.0,100.0,1673300.0
133,2021-10-21 07:26:45,58200.0,2000.0,1673200.0
134,2021-10-21 07:26:31,58200.0,100.0,1671200.0
135,2021-10-21 07:26:25,58200.0,1000.0,1671100.0
136,2021-10-21 07:26:16,58200.0,300.0,1670100.0
137,2021-10-21 07:26:09,58200.0,5000.0,1669800.0
138,2021-10-21 07:26:03,58300.0,7700.0,1664800.0
139,2021-10-21 07:26:03,58300.0,200.0,1657100.0
140,2021-10-21 07:26:03,58300.0,1000.0,1656900.0
141,2021-10-21 07:26:03,58300.0,2000.0,1655900.0
142,2021-10-21 07:26:03,58300.0,100.0,1653900.0
143,2021-10-21 07:26:03,58300.0,300.0,1653800.0
144,2021-10-21 07:26:03,58300.0,2000.0,1653500.0
145,2021-10-21 07:26:03,58300.0,100.0,1651500.0
146,2021-10-21 07:26:03,58300.0,100.0,1651400.0
147,2021-10-21 07:26:03,58300.0,100.0,1651300.0
148,2021-10-21 07:26:03,58300.0,1900.0,1651200.0
149,2021-10-21 07:25:54,58300.0,3100.0,1649300.0
150,2021-10-21 07:25:54,58300.0,2500.0,1646200.0
151,2021-10-21 07:25:34,58200.0,300.0,1643700.0
152,2021-10-21 07:25:23,58200.0,4200.0,1643400.0
153,2021-10-21 07:25:21,58100.0,700.0,1639200.0
154,2021-10-21 07:25:20,58100.0,500.0,1638500.0
155,2021-10-21 07:25:20,58100.0,500.0,1638000.0
156,2021-10-21 07:25:20,58100.0,3300.0,1637500.0
157,2021-10-21 07:25:18,58200.0,5800.0,1634200.0
158,2021-10-21 07:25:18,58200.0,100.0,1628400.0
159,2021-10-21 07:25:18,58200.0,500.0,1628300.0
160,2021-10-21 07:25:18,58200.0,1000.0,1627800.0
161,2021-10-21 07:25:18,58200.0,1000.0,1626800.0
162,2021-10-21 07:25:18,58200.0,1000.0,1625800.0
163,2021-10-21 07:25:18,58200.0,500.0,1624800.0
164,2021-10-21 07:25:18,58200.0,5000.0,1624300.0
165,2021-10-21 07:25:18,58200.0,2100.0,1619300.0
166,2021-10-21 07:25:00,58100.0,100.0,1617200.0
167,2021-10-21 07:24:51,58100.0,1000.0,1617100.0
168,2021-10-21 07:24:50,58100.0,1600.0,1616100.0
169,2021-10-21 07:24:50,58100.0,400.0,1614500.0
170,2021-10-21 07:24:49,58200.0,2500.0,1614100.0
171,2021-10-21 07:24:41,58100.0,2100.0,1611600.0
172,2021-10-21 07:24:41,58100.0,3900.0,1609500.0
173,2021-10-21 07:24:37,58100.0,500.0,1605600.0
174,2021-10-21 07:24:07,58200.0,1400.0,1605100.0
175,2021-10-21 07:24:03,58200.0,7000.0,1603700.0
176,2021-10-21 07:23:57,58200.0,1000.0,1596700.0
177,2021-10-21 07:23:57,58200.0,1000.0,1595700.0
178,2021-10-21 07:23:48,58200.0,1000.0,1594700.0
179,2021-10-21 07:23:45,58200.0,600.0,1593700.0
180,2021-10-21 07:23:35,58200.0,500.0,1593100.0
181,2021-10-21 07:23:30,58200.0,3000.0,1592600.0
182,2021-10-21 07:23:20,58200.0,300.0,1589600.0
183,2021-10-21 07:23:14,58200.0,3100.0,1589300.0
184,2021-10-21 07:23:14,58200.0,1900.0,1586200.0
185,2021-10-21 07:23:10,58300.0,3000.0,1584300.0
186,2021-10-21 07:23:04,58200.0,12600.0,1581300.0
187,2021-10-21 07:23:04,58200.0,200.0,1568700.0
188,2021-10-21 07:23:04,58200.0,100.0,1568500.0
189,2021-10-21 07:23:04,58200.0,3600.0,1568400.0
190,2021-10-21 07:22:57,58300.0,500.0,1564800.0
191,2021-10-21 07:22:51,58200.0,200.0,1564300.0
192,2021-10-21 07:22:30,58200.0,1000.0,1564100.0
193,2021-10-21 07:22:13,58200.0,800.0,1563100.0
194,2021-10-21 07:22:07,58200.0,200.0,1562300.0
195,2021-10-21 07:22:01,58200.0,300.0,1562100.0
196,2021-10-21 07:21:57,58200.0,300.0,1561800.0
197,2021-10-21 07:21:42,58200.0,500.0,1561500.0
198,2021-10-21 07:21:28,58200.0,600.0,1561000.0
199,2021-10-21 07:21:28,58300.0,1400.0,1560400.0
200,2021-10-21 07:21:16,58200.0,500.0,1559000.0
201,2021-10-21 07:21:14,58300.0,2000.0,1558500.0
202,2021-10-21 07:21:04,58200.0,500.0,1556500.0
203,2021-10-21 07:21:04,58300.0,400.0,1556000.0
204,2021-10-21 07:21:00,58300.0,200.0,1555600.0
205,2021-10-21 07:20:57,58200.0,1000.0,1555400.0
206,2021-10-21 07:20:48,58200.0,500.0,1554400.0
207,2021-10-21 07:20:48,58200.0,4000.0,1553900.0
208,2021-10-21 07:20:48,58200.0,100.0,1549900.0
209,2021-10-21 07:20:48,58200.0,5400.0,1549800.0
210,2021-10-21 07:20:26,58200.0,1000.0,1544400.0
211,2021-10-21 07:20:17,58200.0,1000.0,1543400.0
212,2021-10-21 07:20:15,58200.0,2000.0,1542400.0
213,2021-10-21 07:20:04,58200.0,500.0,1540400.0
214,2021-10-21 07:20:04,58200.0,100.0,1539900.0
215,2021-10-21 07:20:04,58200.0,300.0,1539800.0
216,2021-10-21 07:20:04,58200.0,100.0,1539500.0
217,2021-10-21 07:20:04,58200.0,300.0,1539400.0
218,2021-10-21 07:20:04,58200.0,200.0,1539100.0
219,2021-10-21 07:19:57,58200.0,100.0,1538900.0
220,2021-10-21 07:19:40,58200.0,1000.0,1538800.0
221,2021-10-21 07:19:38,58200.0,500.0,1537800.0
222,2021-10-21 07:19:27,58200.0,500.0,1537300.0
223,2021-10-21 07:19:17,58200.0,1000.0,1536800.0
224,2021-10-21 07:19:17,58200.0,900.0,1535800.0
225,2021-10-21 07:19:17,58200.0,300.0,1534900.0
226,2021-10-21 07:19:17,58200.0,100.0,1534600.0
227,2021-10-21 07:19:17,58200.0,1000.0,1534500.0
228,2021-10-21 07:19:17,58200.0,2000.0,1533500.0
229,2021-10-21 07:19:17,58200.0,200.0,1531500.0
230,2021-10-21 07:19:17,58200.0,100.0,1531300.0
231,2021-10-21 07:19:17,58200.0,300.0,1531200.0
232,2021-10-21 07:19:17,58200.0,1000.0,1530900.0
233,2021-10-21 07:19:17,58200.0,800.0,1529900.0
234,2021-10-21 07:19:17,58200.0,1800.0,1529100.0
235,2021-10-21 07:19:17,58200.0,1700.0,1527300.0
236,2021-10-21 07:19:14,58200.0,500.0,1525600.0
237,2021-10-21 07:19:02,58200.0,200.0,1525100.0
238,2021-10-21 07:18:57,58200.0,4000.0,1524900.0
239,2021-10-21 07:18:56,58200.0,800.0,1520900.0
240,2021-10-21 07:18:54,58200.0,100.0,1520100.0
241,2021-10-21 07:18:51,58200.0,100.0,1520000.0
242,2021-10-21 07:18:51,58200.0,900.0,1519900.0
243,2021-10-21 07:18:46,58200.0,100.0,1519000.0
244,2021-10-21 07:18:46,58200.0,600.0,1518900.0
245,2021-10-21 07:18:45,58200.0,200.0,1518300.0
246,2021-10-21 07:18:36,58200.0,100.0,1518100.0
247,2021-10-21 07:18:25,58200.0,300.0,1518000.0
248,2021-10-21 07:18:25,58200.0,3800.0,1517700.0
249,2021-10-21 07:18:17,58200.0,300.0,1513900.0
250,2021-10-21 07:18:17,58200.0,4000.0,1513600.0
251,2021-10-21 07:18:17,58200.0,1000.0,1509600.0
252,2021-10-21 07:18:17,58200.0,100.0,1508600.0
253,2021-10-21 07:18:17,58200.0,300.0,1508500.0
254,2021-10-21 07:18:09,58100.0,100.0,1508200.0
255,2021-10-21 07:18:07,58100.0,500.0,1508100.0
256,2021-10-21 07:18:04,58200.0,300.0,1507600.0
257,2021-10-21 07:18:04,58200.0,100.0,1507300.0
258,2021-10-21 07:18:04,58200.0,600.0,1507200.0
259,2021-10-21 07:18:04,58200.0,100.0,1506600.0
260,2021-10-21 07:18:04,58200.0,200.0,1506500.0
261,2021-10-21 07:18:04,58200.0,1000.0,1506300.0
262,2021-10-21 07:18:04,58200.0,1000.0,1505300.0
263,2021-10-21 07:18:04,58200.0,500.0,1504300.0
264,2021-10-21 07:18:04,58200.0,1200.0,1503800.0
265,2021-10-21 07:18:03,58200.0,300.0,1502600.0
266,2021-10-21 07:17:55,58200.0,5000.0,1502300.0
267,2021-10-21 07:17:09,58200.0,100.0,1497300.0
268,2021-10-21 07:17:04,58200.0,500.0,1497200.0
269,2021-10-21 07:16:53,58200.0,900.0,1496700.0
270,2021-10-21 07:16:49,58200.0,100.0,1495800.0
271,2021-10-21 07:16:37,58200.0,1900.0,1495700.0
272,2021-10-21 07:16:37,58200.0,300.0,1493800.0
273,2021-10-21 07:16:37,58200.0,2000.0,1493500.0
274,2021-10-21 07:16:37,58200.0,800.0,1491500.0
275,2021-10-21 07:16:35,58200.0,900.0,1490700.0
276,2021-10-21 07:16:28,58200.0,7100.0,1489800.0
277,2021-10-21 07:16:28,58200.0,500.0,1482700.0
278,2021-10-21 07:16:28,58200.0,300.0,1482200.0
279,2021-10-21 07:16:28,58200.0,200.0,1481900.0
280,2021-10-21 07:16:28,58200.0,100.0,1481700.0
281,2021-10-21 07:16:28,58200.0,1800.0,1481600.0
282,2021-10-21 07:16:23,58200.0,1000.0,1479800.0
283,2021-10-21 07:16:15,58200.0,1000.0,1478800.0
284,2021-10-21 07:15:49,58200.0,500.0,1477800.0
285,2021-10-21 07:15:45,58200.0,300.0,1477300.0
286,2021-10-21 07:15:38,58200.0,300.0,1477000.0
287,2021-10-21 07:15:26,58200.0,5000.0,1476700.0
288,2021-10-21 07:15:24,58200.0,100.0,1471700.0
289,2021-10-21 07:15:24,58200.0,2500.0,1471600.0
290,2021-10-21 07:15:24,58200.0,500.0,1469100.0
291,2021-10-21 07:15:24,58200.0,500.0,1468600.0
292,2021-10-21 07:15:24,58200.0,1000.0,1468100.0
293,2021-10-21 07:15:24,58200.0,1000.0,1467100.0
294,2021-10-21 07:15:24,58200.0,500.0,1466100.0
295,2021-10-21 07:15:24,58200.0,3900.0,1465600.0
296,2021-10-21 07:15:24,58200.0,1100.0,1461700.0
297,2021-10-21 07:15:24,58200.0,200.0,1460600.0
298,2021-10-21 07:15:24,58200.0,500.0,1460400.0
299,2021-10-21 07:15:24,58200.0,200.0,1459900.0
300,2021-10-21 07:15:24,58100.0,300.0,1459700.0
301,2021-10-21 07:15:24,58100.0,1300.0,1459400.0
302,2021-10-21 07:15:24,58100.0,10000.0,1458100.0
303,2021-10-21 07:15:24,58100.0,200.0,1448100.0
304,2021-10-21 07:15:24,58100.0,200.0,1447900.0
305,2021-10-21 07:15:18,58200.0,600.0,1447700.0
306,2021-10-21 07:15:16,58200.0,200.0,1447100.0
307,2021-10-21 07:15:16,58200.0,500.0,1446900.0
308,2021-10-21 07:15:16,58200.0,300.0,1446400.0
309,2021-10-21 07:15:12,58100.0,500.0,1446100.0
310,2021-10-21 07:15:11,58200.0,200.0,1445600.0
311,2021-10-21 07:14:54,58100.0,100.0,1445400.0
312,2021-10-21 07:14:54,58100.0,1200.0,1445300.0
313,2021-10-21 07:14:50,58100.0,2400.0,1444100.0
314,2021-10-21 07:14:50,58100.0,7600.0,1441700.0
315,2021-10-21 07:14:49,58100.0,1000.0,1434100.0
316,2021-10-21 07:14:47,58100.0,1400.0,1433100.0
317,2021-10-21 07:14:47,58100.0,500.0,1431700.0
318,2021-10-21 07:14:47,58100.0,1600.0,1431200.0
319,2021-10-21 07:14:47,58100.0,1000.0,1429600.0
320,2021-10-21 07:14:47,58100.0,200.0,1428600.0
321,2021-10-21 07:14:47,58100.0,1000.0,1428400.0
322,2021-10-21 07:14:47,58100.0,100.0,1427400.0
323,2021-10-21 07:14:47,58100.0,4200.0,1427300.0
324,2021-10-21 07:14:44,58100.0,800.0,1423100.0
325,2021-10-21 07:14:44,58100.0,100.0,1422300.0
326,2021-10-21 07:14:43,58100.0,1000.0,1422200.0
327,2021-10-21 07:14:33,58100.0,2000.0,1421200.0
328,2021-10-21 07:14:33,58100.0,500.0,1419200.0
329,2021-10-21 07:14:33,58100.0,500.0,1418700.0
330,2021-10-21 07:14:29,58100.0,2000.0,1418200.0
331,2021-10-21 07:14:26,58100.0,500.0,1416200.0
332,2021-10-21 07:14:22,58000.0,100.0,1415700.0
333,2021-10-21 07:14:17,58100.0,2000.0,1415600.0
334,2021-10-21 07:14:01,58000.0,200.0,1413600.0
335,2021-10-21 07:14:01,58000.0,400.0,1413400.0
336,2021-10-21 07:14:01,58000.0,1000.0,1413000.0
337,2021-10-21 07:14:01,58000.0,300.0,1412000.0
338,2021-10-21 07:14:01,58000.0,1000.0,1411700.0
339,2021-10-21 07:14:01,58000.0,900.0,1410700.0
340,2021-10-21 07:14:01,58000.0,6000.0,1409800.0
341,2021-10-21 07:14:01,58000.0,3100.0,1403800.0
342,2021-10-21 07:14:01,58000.0,100.0,1400700.0
343,2021-10-21 07:14:01,58000.0,100.0,1400600.0
344,2021-10-21 07:14:01,58000.0,100.0,1400500.0
345,2021-10-21 07:14:01,58000.0,100.0,1400400.0
346,2021-10-21 07:14:01,58000.0,2000.0,1400300.0
347,2021-10-21 07:14:01,58000.0,500.0,1398300.0
348,2021-10-21 07:14:00,58000.0,3500.0,1397800.0
349,2021-10-21 07:14:00,58000.0,100.0,1394300.0
350,2021-10-21 07:14:00,58000.0,3000.0,1394200.0
351,2021-10-21 07:14:00,58000.0,200.0,1391200.0
352,2021-10-21 07:14:00,58000.0,500.0,1391000.0
353,2021-10-21 07:14:00,58000.0,100.0,1390500.0
354,2021-10-21 07:14:00,58000.0,100.0,1390400.0
355,2021-10-21 07:14:00,58000.0,1000.0,1390300.0
356,2021-10-21 07:14:00,58000.0,100.0,1389300.0
357,2021-10-21 07:14:00,58000.0,1000.0,1389200.0
358,2021-10-21 07:14:00,58000.0,1000.0,1388200.0
359,2021-10-21 07:14:00,58000.0,4400.0,1387200.0
360,2021-10-21 07:13:59,58000.0,10000.0,1382800.0
361,2021-10-21 07:13:58,58000.0,600.0,1372800.0
362,2021-10-21 07:13:58,58000.0,2000.0,1372200.0
363,2021-10-21 07:13:58,58000.0,1000.0,1370200.0
364,2021-10-21 07:13:58,58000.0,900.0,1369200.0
365,2021-10-21 07:13:58,58000.0,200.0,1368300.0
366,2021-10-21 07:13:58,58000.0,200.0,1368100.0
367,2021-10-21 07:13:58,58000.0,200.0,1367900.0
368,2021-10-21 07:13:58,58000.0,100.0,1367700.0
369,2021-10-21 07:13:58,58000.0,500.0,1367600.0
370,2021-10-21 07:13:58,58000.0,300.0,1367100.0
371,2021-10-21 07:13:58,58000.0,400.0,1366800.0
372,2021-10-21 07:13:58,58000.0,100.0,1366400.0
373,2021-10-21 07:13:58,58000.0,500.0,1366300.0
374,2021-10-21 07:13:58,58000.0,300.0,1365800.0
375,2021-10-21 07:13:58,58000.0,1000.0,1365500.0
376,2021-10-21 07:13:58,58000.0,300.0,1364500.0
377,2021-10-21 07:13:58,58000.0,1000.0,1364200.0
378,2021-10-21 07:13:58,58000.0,300.0,1363200.0
379,2021-10-21 07:13:58,58000.0,200.0,1362900.0
380,2021-10-21 07:13:58,58000.0,100.0,1362700.0
381,2021-10-21 07:13:58,58000.0,200.0,1362600.0
382,2021-10-21 07:13:58,58000.0,300.0,1362400.0
383,2021-10-21 07:13:58,58000.0,100.0,1362100.0
384,2021-10-21 07:13:58,58000.0,100.0,1362000.0
385,2021-10-21 07:13:58,58000.0,1000.0,1361900.0
386,2021-10-21 07:13:58,58000.0,400.0,1360900.0
387,2021-10-21 07:13:58,58000.0,1000.0,1360500.0
388,2021-10-21 07:13:58,58000.0,100.0,1359500.0
389,2021-10-21 07:13:58,58000.0,300.0,1359400.0
390,2021-10-21 07:13:58,58000.0,100.0,1359100.0
391,2021-10-21 07:13:58,58000.0,100.0,1359000.0
392,2021-10-21 07:13:58,58000.0,100.0,1358900.0
393,2021-10-21 07:13:58,58000.0,5000.0,1358800.0
394,2021-10-21 07:13:58,58000.0,1000.0,1353800.0
395,2021-10-21 07:13:57,58000.0,2000.0,1352800.0
396,2021-10-21 07:13:56,58000.0,10000.0,1350800.0
397,2021-10-21 07:13:55,58000.0,2000.0,1340800.0
398,2021-10-21 07:13:54,58000.0,500.0,1338800.0
399,2021-10-21 07:13:51,58000.0,5900.0,1338300.0
400,2021-10-21 07:13:51,58000.0,500.0,1332400.0
401,2021-10-21 07:13:51,58000.0,1000.0,1331900.0
402,2021-10-21 07:13:51,58000.0,100.0,1330900.0
403,2021-10-21 07:13:51,58000.0,100.0,1330800.0
404,2021-10-21 07:13:51,58000.0,500.0,1330700.0
405,2021-10-21 07:13:51,58000.0,1000.0,1330200.0
406,2021-10-21 07:13:51,58000.0,1000.0,1329200.0
407,2021-10-21 07:13:51,58000.0,500.0,1328200.0
408,2021-10-21 07:13:51,58000.0,100.0,1327700.0
409,2021-10-21 07:13:51,58000.0,200.0,1327600.0
410,2021-10-21 07:13:51,58000.0,2100.0,1327400.0
411,2021-10-21 07:13:46,58000.0,2900.0,1325300.0
412,2021-10-21 07:13:46,58000.0,200.0,1322400.0
413,2021-10-21 07:13:46,58000.0,200.0,1322200.0
414,2021-10-21 07:13:46,58000.0,100.0,1322000.0
415,2021-10-21 07:13:41,58000.0,500.0,1321900.0
416,2021-10-21 07:13:41,58000.0,1400.0,1321400.0
417,2021-10-21 07:13:41,58000.0,700.0,1320000.0
418,2021-10-21 07:13:41,58000.0,100.0,1319300.0
419,2021-10-21 07:13:41,58000.0,500.0,1319200.0
420,2021-10-21 07:13:41,58000.0,1000.0,1318700.0
421,2021-10-21 07:13:41,58000.0,100.0,1317700.0
422,2021-10-21 07:13:41,58000.0,5000.0,1317600.0
423,2021-10-21 07:13:41,58000.0,500.0,1312600.0
424,2021-10-21 07:13:41,58000.0,1000.0,1312100.0
425,2021-10-21 07:13:41,58000.0,500.0,1311100.0
426,2021-10-21 07:13:41,58000.0,300.0,1310600.0
427,2021-10-21 07:13:41,58000.0,300.0,1310300.0
428,2021-10-21 07:13:41,58000.0,500.0,1310000.0
429,2021-10-21 07:13:41,58000.0,200.0,1309500.0
430,2021-10-21 07:13:41,58000.0,100.0,1309300.0
431,2021-10-21 07:13:41,58000.0,3000.0,1309200.0
432,2021-10-21 07:13:32,58000.0,600.0,1306200.0
433,2021-10-21 07:13:22,58000.0,1400.0,1305600.0
434,2021-10-21 07:13:22,58000.0,100.0,1304200.0
435,2021-10-21 07:13:22,58000.0,500.0,1304100.0
436,2021-10-21 07:13:18,57900.0,200.0,1303600.0
437,2021-10-21 07:13:17,58000.0,500.0,1303400.0
438,2021-10-21 07:13:17,58000.0,100.0,1302900.0
439,2021-10-21 07:13:17,58000.0,100.0,1302800.0
440,2021-10-21 07:13:17,58000.0,500.0,1302700.0
441,2021-10-21 07:13:17,58000.0,100.0,1302200.0
442,2021-10-21 07:13:17,58000.0,100.0,1302100.0
443,2021-10-21 07:13:17,58000.0,100.0,1302000.0
444,2021-10-21 07:13:17,58000.0,300.0,1301900.0
445,2021-10-21 07:13:17,58000.0,1000.0,1301600.0
446,2021-10-21 07:13:17,58000.0,100.0,1300600.0
447,2021-10-21 07:13:17,58000.0,100.0,1300500.0
448,2021-10-21 07:13:14,57900.0,10000.0,1300400.0
449,2021-10-21 07:13:10,57900.0,5000.0,1290400.0
450,2021-10-21 07:12:48,57900.0,100.0,1285400.0
451,2021-10-21 07:12:28,57900.0,100.0,1285300.0
452,2021-10-21 07:12:20,57900.0,1000.0,1285200.0
453,2021-10-21 07:12:20,57900.0,100.0,1284200.0
454,2021-10-21 07:12:20,57900.0,10000.0,1284100.0
455,2021-10-21 07:12:20,57900.0,100.0,1274100.0
456,2021-10-21 07:12:12,57900.0,400.0,1274000.0
457,2021-10-21 07:12:12,57900.0,3700.0,1273600.0
458,2021-10-21 07:12:05,57900.0,1300.0,1269900.0
459,2021-10-21 07:12:05,57900.0,1000.0,1268600.0
460,2021-10-21 07:12:05,57900.0,200.0,1267600.0
461,2021-10-21 07:12:05,57900.0,2000.0,1267400.0
462,2021-10-21 07:12:05,57900.0,500.0,1265400.0
463,2021-10-21 07:11:56,57900.0,1500.0,1264900.0
464,2021-10-21 07:11:56,57900.0,2000.0,1263400.0
465,2021-10-21 07:11:56,57900.0,200.0,1261400.0
466,2021-10-21 07:11:56,57900.0,100.0,1261200.0
467,2021-10-21 07:11:56,57900.0,200.0,1261100.0
468,2021-10-21 07:11:56,57900.0,400.0,1260900.0
469,2021-10-21 07:11:56,57900.0,500.0,1260500.0
470,2021-10-21 07:11:56,57900.0,100.0,1260000.0
471,2021-10-21 07:11:54,57900.0,200.0,1259900.0
472,2021-10-21 07:11:40,57900.0,700.0,1259700.0
473,2021-10-21 07:11:39,57900.0,1000.0,1259000.0
474,2021-10-21 07:11:34,57900.0,100.0,1258000.0
475,2021-10-21 07:11:07,57900.0,200.0,1257900.0
476,2021-10-21 07:10:36,57900.0,500.0,1257700.0
477,2021-10-21 07:10:32,57900.0,200.0,1257200.0
478,2021-10-21 07:10:32,57900.0,3800.0,1257000.0
479,2021-10-21 07:10:32,57900.0,200.0,1253200.0
480,2021-10-21 07:10:32,57900.0,100.0,1253000.0
481,2021-10-21 07:10:32,57900.0,800.0,1252900.0
482,2021-10-21 07:10:32,57900.0,2900.0,1252100.0
483,2021-10-21 07:10:28,57900.0,100.0,1249200.0
484,2021-10-21 07:10:28,57900.0,400.0,1249100.0
485,2021-10-21 07:10:25,57900.0,3000.0,1248700.0
486,2021-10-21 07:10:23,57900.0,600.0,1245700.0
487,2021-10-21 07:10:23,57900.0,400.0,1245100.0
488,2021-10-21 07:10:20,57900.0,3400.0,1244700.0
489,2021-10-21 07:10:20,57900.0,100.0,1241300.0
490,2021-10-21 07:10:20,57900.0,100.0,1241200.0
491,2021-10-21 07:10:20,57900.0,1400.0,1241100.0
492,2021-10-21 07:10:18,57900.0,1000.0,1239700.0
493,2021-10-21 07:10:16,57800.0,4800.0,1238700.0
494,2021-10-21 07:10:16,57800.0,4000.0,1233900.0
495,2021-10-21 07:10:16,57800.0,1200.0,1229900.0
496,2021-10-21 07:10:16,57900.0,300.0,1228700.0
497,2021-10-21 07:10:13,57900.0,300.0,1228400.0
498,2021-10-21 07:10:13,57900.0,200.0,1228100.0
499,2021-10-21 07:10:13,57900.0,100.0,1227900.0
500,2021-10-21 07:10:13,57900.0,500.0,1227800.0
501,2021-10-21 07:10:13,57900.0,1000.0,1227300.0
502,2021-10-21 07:10:13,57900.0,100.0,1226300.0
503,2021-10-21 07:10:13,57900.0,3200.0,1226200.0
504,2021-10-21 07:10:09,57900.0,1800.0,1223000.0
505,2021-10-21 07:10:09,57900.0,200.0,1221200.0
506,2021-10-21 07:10:04,57900.0,1800.0,1221000.0
507,2021-10-21 07:10:04,57900.0,100.0,1219200.0
508,2021-10-21 07:10:04,57900.0,100.0,1219100.0
509,2021-10-21 07:10:04,57800.0,3000.0,1219000.0
510,2021-10-21 07:10:01,57800.0,800.0,1216000.0
511,2021-10-21 07:10:00,57800.0,200.0,1215200.0
512,2021-10-21 07:10:00,57800.0,100.0,1215000.0
513,2021-10-21 07:10:00,57800.0,500.0,1214900.0
514,2021-10-21 07:10:00,57800.0,100.0,1214400.0
515,2021-10-21 07:10:00,57800.0,100.0,1214300.0
516,2021-10-21 07:10:00,57800.0,500.0,1214200.0
517,2021-10-21 07:10:00,57800.0,200.0,1213700.0
518,2021-10-21 07:10:00,57800.0,100.0,1213500.0
519,2021-10-21 07:10:00,57800.0,200.0,1213400.0
520,2021-10-21 07:09:58,57800.0,300.0,1213200.0
521,2021-10-21 07:09:58,57800.0,1000.0,1212900.0
522,2021-10-21 07:09:58,57800.0,200.0,1211900.0
523,2021-10-21 07:09:58,57800.0,100.0,1211700.0
524,2021-10-21 07:09:58,57800.0,1000.0,1211600.0
525,2021-10-21 07:09:58,57800.0,1000.0,1210600.0
526,2021-10-21 07:09:58,57800.0,100.0,1209600.0
527,2021-10-21 07:09:58,57800.0,400.0,1209500.0
528,2021-10-21 07:09:58,57800.0,100.0,1209100.0
529,2021-10-21 07:09:58,57800.0,100.0,1209000.0
530,2021-10-21 07:09:58,57800.0,500.0,1208900.0
531,2021-10-21 07:09:58,57800.0,4000.0,1208400.0
532,2021-10-21 07:09:58,57800.0,100.0,1204400.0
533,2021-10-21 07:09:58,57800.0,100.0,1204300.0
534,2021-10-21 07:09:58,57800.0,100.0,1204200.0
535,2021-10-21 07:09:58,57800.0,100.0,1204100.0
536,2021-10-21 07:09:58,57800.0,300.0,1204000.0
537,2021-10-21 07:09:58,57800.0,200.0,1203700.0
538,2021-10-21 07:09:58,57800.0,200.0,1203500.0
539,2021-10-21 07:09:58,57800.0,100.0,1203300.0
540,2021-10-21 07:09:58,57800.0,100.0,1203200.0
541,2021-10-21 07:09:58,57800.0,500.0,1203100.0
542,2021-10-21 07:09:58,57800.0,100.0,1202600.0
543,2021-10-21 07:09:57,57800.0,100.0,1202500.0
544,2021-10-21 07:09:57,57800.0,300.0,1202400.0
545,2021-10-21 07:09:54,57800.0,200.0,1202100.0
546,2021-10-21 07:09:54,57800.0,500.0,1201900.0
547,2021-10-21 07:09:54,57800.0,200.0,1201400.0
548,2021-10-21 07:09:54,57800.0,1000.0,1201200.0
549,2021-10-21 07:09:54,57800.0,1000.0,1200200.0
550,2021-10-21 07:09:54,57800.0,3000.0,1199200.0
551,2021-10-21 07:09:54,57800.0,100.0,1196200.0
552,2021-10-21 07:09:54,57800.0,5900.0,1196100.0
553,2021-10-21 07:09:54,57800.0,1000.0,1190200.0
554,2021-10-21 07:09:54,57800.0,500.0,1189200.0
555,2021-10-21 07:09:54,57800.0,100.0,1188700.0
556,2021-10-21 07:09:54,57800.0,100.0,1188600.0
557,2021-10-21 07:09:54,57800.0,1000.0,1188500.0
558,2021-10-21 07:09:54,57800.0,5000.0,1187500.0
559,2021-10-21 07:09:54,57800.0,400.0,1182500.0
560,2021-10-21 07:09:53,57700.0,100.0,1182100.0
561,2021-10-21 07:09:45,57700.0,100.0,1182000.0
562,2021-10-21 07:09:34,57700.0,100.0,1181900.0
563,2021-10-21 07:09:34,57700.0,400.0,1181800.0
564,2021-10-21 07:09:34,57700.0,200.0,1181400.0
565,2021-10-21 07:09:34,57700.0,200.0,1181200.0
566,2021-10-21 07:09:34,57700.0,200.0,1181000.0
567,2021-10-21 07:09:34,57700.0,100.0,1180800.0
568,2021-10-21 07:09:34,57700.0,100.0,1180700.0
569,2021-10-21 07:09:34,57700.0,200.0,1180600.0
570,2021-10-21 07:09:34,57700.0,500.0,1180400.0
571,2021-10-21 07:09:34,57700.0,1000.0,1179900.0
572,2021-10-21 07:09:34,57700.0,1000.0,1178900.0
573,2021-10-21 07:09:34,57700.0,5000.0,1177900.0
574,2021-10-21 07:09:34,57700.0,500.0,1172900.0
575,2021-10-21 07:09:34,57700.0,100.0,1172400.0
576,2021-10-21 07:09:34,57700.0,500.0,1172300.0
577,2021-10-21 07:09:34,57700.0,100.0,1171800.0
578,2021-10-21 07:09:34,57700.0,1000.0,1171700.0
579,2021-10-21 07:09:34,57700.0,200.0,1170700.0
580,2021-10-21 07:09:34,57700.0,2000.0,1170500.0
581,2021-10-21 07:09:34,57700.0,1000.0,1168500.0
582,2021-10-21 07:09:34,57700.0,1000.0,1167500.0
583,2021-10-21 07:09:34,57700.0,1000.0,1166500.0
584,2021-10-21 07:09:34,57700.0,500.0,1165500.0
585,2021-10-21 07:09:27,57700.0,3000.0,1165000.0
586,2021-10-21 07:09:25,57700.0,1000.0,1162000.0
587,2021-10-21 07:09:22,57700.0,500.0,1161000.0
588,2021-10-21 07:09:22,57700.0,100.0,1160500.0
589,2021-10-21 07:09:22,57700.0,1000.0,1160400.0
590,2021-10-21 07:09:22,57700.0,600.0,1159400.0
591,2021-10-21 07:09:22,57700.0,100.0,1158800.0
592,2021-10-21 07:09:22,57700.0,2000.0,1158700.0
593,2021-10-21 07:09:22,57700.0,100.0,1156700.0
594,2021-10-21 07:09:22,57700.0,100.0,1156600.0
595,2021-10-21 07:09:22,57700.0,300.0,1156500.0
596,2021-10-21 07:09:22,57700.0,5000.0,1156200.0
597,2021-10-21 07:09:22,57700.0,200.0,1151200.0
598,2021-10-21 07:09:21,57700.0,500.0,1151000.0
599,2021-10-21 07:09:21,57700.0,100.0,1150500.0
600,2021-10-21 07:09:21,57700.0,2300.0,1150400.0
601,2021-10-21 07:09:21,57700.0,100.0,1148100.0
602,2021-10-21 07:09:18,57700.0,1000.0,1148000.0
603,2021-10-21 07:08:56,57700.0,500.0,1147000.0
604,2021-10-21 07:08:52,57600.0,1100.0,1146500.0
605,2021-10-21 07:08:43,57600.0,100.0,1145400.0
606,2021-10-21 07:08:43,57600.0,1000.0,1145300.0
607,2021-10-21 07:08:43,57600.0,600.0,1144300.0
608,2021-10-21 07:08:43,57600.0,100.0,1143700.0
609,2021-10-21 07:08:43,57600.0,100.0,1143600.0
610,2021-10-21 07:08:43,57600.0,200.0,1143500.0
611,2021-10-21 07:08:43,57600.0,500.0,1143300.0
612,2021-10-21 07:08:43,57600.0,1000.0,1142800.0
613,2021-10-21 07:08:43,57600.0,500.0,1141800.0
614,2021-10-21 07:08:43,57600.0,100.0,1141300.0
615,2021-10-21 07:08:43,57600.0,500.0,1141200.0
616,2021-10-21 07:08:43,57600.0,100.0,1140700.0
617,2021-10-21 07:08:43,57600.0,500.0,1140600.0
618,2021-10-21 07:08:43,57600.0,10000.0,1140100.0
619,2021-10-21 07:08:43,57600.0,2000.0,1130100.0
620,2021-10-21 07:08:43,57600.0,500.0,1128100.0
621,2021-10-21 07:08:43,57600.0,100.0,1127600.0
622,2021-10-21 07:08:43,57600.0,500.0,1127500.0
623,2021-10-21 07:08:43,57600.0,800.0,1127000.0
624,2021-10-21 07:08:42,57600.0,200.0,1126200.0
625,2021-10-21 07:08:37,57600.0,200.0,1126000.0
626,2021-10-21 07:08:28,57600.0,600.0,1125800.0
627,2021-10-21 07:08:20,57600.0,400.0,1125200.0
628,2021-10-21 07:08:18,57600.0,200.0,1124800.0
629,2021-10-21 07:08:18,57600.0,1000.0,1124600.0
630,2021-10-21 07:08:18,57600.0,1000.0,1123600.0
631,2021-10-21 07:08:18,57600.0,1000.0,1122600.0
632,2021-10-21 07:08:18,57600.0,500.0,1121600.0
633,2021-10-21 07:08:18,57600.0,500.0,1121100.0
634,2021-10-21 07:08:18,57600.0,500.0,1120600.0
635,2021-10-21 07:08:18,57600.0,500.0,1120100.0
636,2021-10-21 07:07:30,57600.0,200.0,1119600.0
637,2021-10-21 07:07:30,57600.0,100.0,1119400.0
638,2021-10-21 07:07:24,57500.0,900.0,1119300.0
639,2021-10-21 07:07:24,57500.0,1000.0,1118400.0
640,2021-10-21 07:07:24,57500.0,2700.0,1117400.0
641,2021-10-21 07:07:22,57500.0,5000.0,1114700.0
642,2021-10-21 07:07:20,57500.0,200.0,1109700.0
643,2021-10-21 07:07:15,57500.0,2100.0,1109500.0
644,2021-10-21 07:07:15,57500.0,2900.0,1107400.0
645,2021-10-21 07:07:14,57500.0,500.0,1104500.0
646,2021-10-21 07:06:51,57500.0,1600.0,1104000.0
647,2021-10-21 07:06:51,57500.0,100.0,1102400.0
648,2021-10-21 07:06:51,57500.0,1000.0,1102300.0
649,2021-10-21 07:06:51,57500.0,100.0,1101300.0
650,2021-10-21 07:06:51,57500.0,1000.0,1101200.0
651,2021-10-21 07:06:51,57500.0,100.0,1100200.0
652,2021-10-21 07:06:51,57500.0,100.0,1100100.0
653,2021-10-21 07:06:51,57500.0,500.0,1100000.0
654,2021-10-21 07:06:51,57500.0,500.0,1099500.0
655,2021-10-21 07:06:21,57500.0,100.0,1099000.0
656,2021-10-21 07:06:02,57500.0,100.0,1098900.0
657,2021-10-21 07:05:49,57500.0,100.0,1098800.0
658,2021-10-21 07:05:23,57500.0,200.0,1098700.0
659,2021-10-21 07:05:23,57500.0,1000.0,1098500.0
660,2021-10-21 07:05:23,57500.0,1000.0,1097500.0
661,2021-10-21 07:05:23,57500.0,400.0,1096500.0
662,2021-10-21 07:05:23,57500.0,2400.0,1096100.0
663,2021-10-21 07:05:16,57500.0,600.0,1093700.0
664,2021-10-21 07:05:16,57500.0,500.0,1093100.0
665,2021-10-21 07:05:16,57500.0,800.0,1092600.0
666,2021-10-21 07:05:16,57500.0,500.0,1091800.0
667,2021-10-21 07:05:16,57500.0,500.0,1091300.0
668,2021-10-21 07:05:16,57500.0,500.0,1090800.0
669,2021-10-21 07:05:16,57500.0,300.0,1090300.0
670,2021-10-21 07:05:16,57500.0,100.0,1090000.0
671,2021-10-21 07:05:16,57500.0,100.0,1089900.0
672,2021-10-21 07:05:16,57500.0,100.0,1089800.0
673,2021-10-21 07:05:16,57500.0,900.0,1089700.0
674,2021-10-21 07:04:48,57500.0,100.0,1088800.0
675,2021-10-21 07:04:48,57500.0,500.0,1088700.0
676,2021-10-21 07:04:48,57500.0,100.0,1088200.0
677,2021-10-21 07:04:48,57500.0,1000.0,1088100.0
678,2021-10-21 07:04:48,57500.0,1000.0,1087100.0
679,2021-10-21 07:04:48,57500.0,1000.0,1086100.0
680,2021-10-21 07:04:48,57500.0,100.0,1085100.0
681,2021-10-21 07:04:48,57500.0,1000.0,1085000.0
682,2021-10-21 07:04:48,57500.0,200.0,1084000.0
683,2021-10-21 07:04:36,57500.0,1800.0,1083800.0
684,2021-10-21 07:04:36,57500.0,200.0,1082000.0
685,2021-10-21 07:04:36,57500.0,2000.0,1081800.0
686,2021-10-21 07:04:36,57500.0,500.0,1079800.0
687,2021-10-21 07:04:36,57500.0,100.0,1079300.0
688,2021-10-21 07:04:36,57500.0,5000.0,1079200.0
689,2021-10-21 07:04:36,57500.0,500.0,1074200.0
690,2021-10-21 07:04:36,57500.0,1000.0,1073700.0
691,2021-10-21 07:04:36,57500.0,500.0,1072700.0
692,2021-10-21 07:04:36,57500.0,500.0,1072200.0
693,2021-10-21 07:04:36,57500.0,500.0,1071700.0
694,2021-10-21 07:04:36,57500.0,1000.0,1071200.0
695,2021-10-21 07:04:36,57500.0,200.0,1070200.0
696,2021-10-21 07:04:36,57500.0,500.0,1070000.0
697,2021-10-21 07:04:36,57500.0,500.0,1069500.0
698,2021-10-21 07:04:36,57500.0,200.0,1069000.0
699,2021-10-21 07:03:58,57400.0,200.0,1068800.0
700,2021-10-21 07:03:41,57400.0,5000.0,1068600.0
701,2021-10-21 07:02:47,57400.0,100.0,1063600.0
702,2021-10-21 07:02:10,57400.0,1500.0,1063500.0
703,2021-10-21 07:02:10,57400.0,100.0,1062000.0
704,2021-10-21 07:02:10,57400.0,2000.0,1061900.0
705,2021-10-21 07:02:10,57400.0,200.0,1059900.0
706,2021-10-21 07:02:10,57400.0,1000.0,1059700.0
707,2021-10-21 07:02:10,57400.0,17000.0,1058700.0
708,2021-10-21 07:02:10,57400.0,100.0,1041700.0
709,2021-10-21 07:02:10,57400.0,3000.0,1041600.0
710,2021-10-21 07:02:10,57400.0,1000.0,1038600.0
711,2021-10-21 07:02:10,57400.0,2000.0,1037600.0
712,2021-10-21 07:02:10,57400.0,100.0,1035600.0
713,2021-10-21 07:02:10,57400.0,1000.0,1035500.0
714,2021-10-21 07:02:10,57400.0,100.0,1034500.0
715,2021-10-21 07:02:10,57400.0,200.0,1034400.0
716,2021-10-21 07:02:10,57400.0,1000.0,1034200.0
717,2021-10-21 07:02:10,57400.0,1000.0,1033200.0
718,2021-10-21 07:02:10,57400.0,1000.0,1032200.0
719,2021-10-21 07:02:10,57400.0,1000.0,1031200.0
720,2021-10-21 07:02:10,57400.0,100.0,1030200.0
721,2021-10-21 07:02:10,57400.0,200.0,1030100.0
722,2021-10-21 07:02:10,57400.0,500.0,1029900.0
723,2021-10-21 07:02:10,57400.0,4000.0,1029400.0
724,2021-10-21 07:02:10,57400.0,600.0,1025400.0
725,2021-10-21 07:02:10,57400.0,2400.0,1024800.0
726,2021-10-21 07:02:10,57300.0,400.0,1022400.0
727,2021-10-21 07:02:10,57300.0,2000.0,1022000.0
728,2021-10-21 07:00:59,57400.0,400.0,1020000.0
729,2021-10-21 07:00:59,57300.0,100.0,1019600.0
730,2021-10-21 07:00:22,57200.0,200.0,1019500.0
731,2021-10-21 07:00:22,57300.0,200.0,1019300.0
732,2021-10-21 07:00:22,57300.0,3600.0,1019100.0
733,2021-10-21 07:00:12,57400.0,200.0,1015500.0
734,2021-10-21 06:58:17,57300.0,400.0,1015300.0
735,2021-10-21 06:58:16,57400.0,200.0,1014900.0
736,2021-10-21 06:58:01,57300.0,3000.0,1014700.0
737,2021-10-21 06:57:54,57300.0,2000.0,1011700.0
738,2021-10-21 06:57:54,57300.0,1000.0,1009700.0
739,2021-10-21 06:57:41,57300.0,4000.0,1008700.0
740,2021-10-21 06:57:37,57300.0,300.0,1004700.0
741,2021-10-21 06:57:09,57300.0,200.0,1004400.0
742,2021-10-21 06:56:04,57300.0,300.0,1004200.0
743,2021-10-21 06:55:31,57400.0,1800.0,1003900.0
744,2021-10-21 06:55:31,57400.0,400.0,1002100.0
745,2021-10-21 06:55:31,57300.0,1000.0,1001700.0
746,2021-10-21 06:55:31,57300.0,500.0,1000700.0
747,2021-10-21 06:55:02,57300.0,500.0,1000200.0
748,2021-10-21 06:55:02,57300.0,1000.0,999700.0
749,2021-10-21 06:55:01,57400.0,100.0,998700.0
750,2021-10-21 06:54:45,57300.0,500.0,998600.0
751,2021-10-21 06:54:45,57300.0,200.0,998100.0
752,2021-10-21 06:54:45,57300.0,100.0,997900.0
753,2021-10-21 06:54:45,57300.0,200.0,997800.0
754,2021-10-21 06:54:45,57300.0,500.0,997600.0
755,2021-10-21 06:54:45,57300.0,8500.0,997100.0
756,2021-10-21 06:54:09,57400.0,100.0,988600.0
757,2021-10-21 06:54:09,57400.0,900.0,988500.0
758,2021-10-21 06:53:38,57300.0,500.0,987600.0
759,2021-10-21 06:53:12,57300.0,500.0,987100.0
760,2021-10-21 06:51:45,57400.0,100.0,986600.0
761,2021-10-21 06:51:45,57400.0,100.0,986500.0
762,2021-10-21 06:51:45,57400.0,800.0,986400.0
763,2021-10-21 06:51:02,57400.0,1000.0,985600.0
764,2021-10-21 06:50:57,57400.0,200.0,984600.0
765,2021-10-21 06:50:57,57400.0,300.0,984400.0
766,2021-10-21 06:50:38,57400.0,200.0,984100.0
767,2021-10-21 06:50:38,57400.0,300.0,983900.0
768,2021-10-21 06:50:13,57300.0,5000.0,983600.0
769,2021-10-21 06:48:09,57400.0,200.0,978600.0
770,2021-10-21 06:47:43,57400.0,200.0,978400.0
771,2021-10-21 06:47:37,57400.0,100.0,978200.0
772,2021-10-21 06:47:37,57400.0,500.0,978100.0
773,2021-10-21 06:46:16,57300.0,300.0,977600.0
774,2021-10-21 06:46:03,57400.0,100.0,977300.0
775,2021-10-21 06:46:00,57300.0,1200.0,977200.0
776,2021-10-21 06:45:10,57400.0,400.0,976000.0
777,2021-10-21 06:45:10,57400.0,200.0,975600.0
778,2021-10-21 06:45:10,57400.0,400.0,975400.0
779,2021-10-21 06:43:53,57400.0,500.0,975000.0
780,2021-10-21 06:43:39,57400.0,1500.0,974500.0
781,2021-10-21 06:43:39,57400.0,500.0,973000.0
782,2021-10-21 06:41:15,57400.0,1000.0,972500.0
783,2021-10-21 06:41:08,57300.0,1000.0,971500.0
784,2021-10-21 06:40:46,57400.0,100.0,970500.0
785,2021-10-21 06:39:49,57400.0,1100.0,970400.0
786,2021-10-21 06:39:37,57300.0,1000.0,969300.0
787,2021-10-21 06:39:37,57300.0,100.0,968300.0
788,2021-10-21 06:39:37,57300.0,2400.0,968200.0
789,2021-10-21 06:38:04,57300.0,100.0,965800.0
790,2021-10-21 06:37:05,57300.0,600.0,965700.0
791,2021-10-21 06:37:05,57300.0,400.0,965100.0
792,2021-10-21 06:36:59,57300.0,200.0,964700.0
793,2021-10-21 06:36:59,57300.0,100.0,964500.0
794,2021-10-21 06:35:43,57300.0,100.0,964400.0
795,2021-10-21 06:35:43,57300.0,2700.0,964300.0
796,2021-10-21 06:35:43,57300.0,2000.0,961600.0
797,2021-10-21 06:35:43,57300.0,200.0,959600.0
798,2021-10-21 06:35:03,57300.0,100.0,959400.0
799,2021-10-21 06:34:38,57300.0,1000.0,959300.0
800,2021-10-21 06:31:05,57300.0,700.0,958300.0
801,2021-10-21 06:31:05,57300.0,1300.0,957600.0
802,2021-10-21 06:30:54,57300.0,700.0,956300.0
803,2021-10-21 06:30:54,57300.0,300.0,955600.0
804,2021-10-21 06:28:28,57300.0,1500.0,955300.0
805,2021-10-21 06:28:01,57200.0,500.0,953800.0
806,2021-10-21 06:27:13,57200.0,1000.0,953300.0
807,2021-10-21 06:27:10,57300.0,200.0,952300.0
808,2021-10-21 06:26:53,57300.0,400.0,952100.0
809,2021-10-21 06:25:54,57300.0,100.0,951700.0
810,2021-10-21 06:25:49,57300.0,100.0,951600.0
811,2021-10-21 06:25:36,57300.0,400.0,951500.0
812,2021-10-21 06:25:36,57300.0,500.0,951100.0
813,2021-10-21 06:25:36,57300.0,1000.0,950600.0
814,2021-10-21 06:25:36,57300.0,500.0,949600.0
815,2021-10-21 06:25:00,57300.0,300.0,949100.0
816,2021-10-21 06:24:34,57300.0,100.0,948800.0
817,2021-10-21 06:24:34,57300.0,100.0,948700.0
818,2021-10-21 06:24:34,57300.0,100.0,948600.0
819,2021-10-21 06:24:34,57300.0,400.0,948500.0
820,2021-10-21 06:24:34,57300.0,1200.0,948100.0
821,2021-10-21 06:23:40,57300.0,1000.0,946900.0
822,2021-10-21 06:22:05,57300.0,100.0,945900.0
823,2021-10-21 06:21:54,57300.0,700.0,945800.0
824,2021-10-21 06:21:54,57300.0,800.0,945100.0
825,2021-10-21 06:20:24,57300.0,200.0,944300.0
826,2021-10-21 06:20:19,57300.0,3800.0,944100.0
827,2021-10-21 06:20:19,57300.0,1200.0,940300.0
828,2021-10-21 06:20:13,57300.0,500.0,939100.0
829,2021-10-21 06:20:01,57300.0,200.0,938600.0
830,2021-10-21 06:19:40,57300.0,1000.0,938400.0
831,2021-10-21 06:19:34,57300.0,100.0,937400.0
832,2021-10-21 06:19:22,57300.0,600.0,937300.0
833,2021-10-21 06:18:46,57300.0,500.0,936700.0
834,2021-10-21 06:18:09,57300.0,500.0,936200.0
835,2021-10-21 06:18:09,57300.0,100.0,935700.0
836,2021-10-21 06:18:09,57300.0,200.0,935600.0
837,2021-10-21 06:18:09,57300.0,100.0,935400.0
838,2021-10-21 06:18:08,57300.0,100.0,935300.0
839,2021-10-21 06:18:08,57300.0,500.0,935200.0
840,2021-10-21 06:18:08,57300.0,900.0,934700.0
841,2021-10-21 06:14:53,57300.0,100.0,933800.0
842,2021-10-21 06:14:29,57300.0,300.0,933700.0
843,2021-10-21 06:14:29,57300.0,300.0,933400.0
844,2021-10-21 06:14:29,57300.0,2400.0,933100.0
845,2021-10-21 06:14:15,57300.0,2000.0,930700.0
846,2021-10-21 06:14:10,57300.0,500.0,928700.0
847,2021-10-21 06:13:50,57300.0,1000.0,928200.0
848,2021-10-21 06:13:35,57300.0,500.0,927200.0
849,2021-10-21 06:12:59,57300.0,200.0,926700.0
850,2021-10-21 06:12:58,57300.0,500.0,926500.0
851,2021-10-21 06:12:45,57300.0,1000.0,926000.0
852,2021-10-21 06:12:42,57300.0,800.0,925000.0
853,2021-10-21 06:12:25,57300.0,1000.0,924200.0
854,2021-10-21 06:12:25,57300.0,100.0,923200.0
855,2021-10-21 06:12:22,57200.0,2300.0,923100.0
856,2021-10-21 06:12:22,57200.0,5000.0,920800.0
857,2021-10-21 06:12:22,57200.0,100.0,915800.0
858,2021-10-21 06:12:22,57200.0,300.0,915700.0
859,2021-10-21 06:12:22,57300.0,2300.0,915400.0
860,2021-10-21 06:12:08,57300.0,100.0,913100.0
861,2021-10-21 06:11:56,57300.0,600.0,913000.0
862,2021-10-21 06:11:56,57300.0,1400.0,912400.0
863,2021-10-21 06:11:09,57300.0,400.0,911000.0
864,2021-10-21 06:11:09,57300.0,600.0,910600.0
865,2021-10-21 06:10:43,57300.0,10000.0,910000.0
866,2021-10-21 06:10:36,57300.0,1000.0,900000.0
867,2021-10-21 06:10:30,57300.0,500.0,899000.0
868,2021-10-21 06:10:20,57300.0,1500.0,898500.0
869,2021-10-21 06:10:18,57400.0,5200.0,897000.0
870,2021-10-21 06:10:18,57400.0,500.0,891800.0
871,2021-10-21 06:10:18,57400.0,2000.0,891300.0
872,2021-10-21 06:10:18,57400.0,300.0,889300.0
873,2021-10-21 06:09:32,57300.0,2000.0,889000.0
874,2021-10-21 06:09:28,57300.0,300.0,887000.0
875,2021-10-21 06:09:18,57300.0,1000.0,886700.0
876,2021-10-21 06:09:18,57300.0,200.0,885700.0
877,2021-10-21 06:09:18,57300.0,900.0,885500.0
878,2021-10-21 06:07:35,57300.0,500.0,884600.0
879,2021-10-21 06:05:57,57300.0,500.0,884100.0
880,2021-10-21 06:05:21,57300.0,1100.0,883600.0
881,2021-10-21 06:04:29,57300.0,600.0,882500.0
882,2021-10-21 06:04:29,57300.0,200.0,881900.0
883,2021-10-21 06:02:54,57300.0,100.0,881700.0
884,2021-10-21 06:02:50,57300.0,200.0,881600.0
885,2021-10-21 06:02:11,57300.0,400.0,881400.0
886,2021-10-21 06:02:11,57300.0,600.0,881000.0
887,2021-10-21 06:01:50,57200.0,200.0,880400.0
888,2021-10-21 06:01:50,57200.0,300.0,880200.0
889,2021-10-21 06:01:50,57200.0,400.0,879900.0
890,2021-10-21 06:01:50,57200.0,1500.0,879500.0
891,2021-10-21 06:01:50,57200.0,2600.0,878000.0
892,2021-10-21 06:01:43,57300.0,600.0,875400.0
893,2021-10-21 06:01:43,57300.0,100.0,874800.0
894,2021-10-21 06:01:43,57300.0,1100.0,874700.0
895,2021-10-21 06:01:29,57300.0,500.0,873600.0
896,2021-10-21 06:00:36,57300.0,400.0,873100.0
897,2021-10-21 06:00:36,57300.0,500.0,872700.0
898,2021-10-21 06:00:36,57300.0,300.0,872200.0
899,2021-10-21 06:00:36,57300.0,100.0,871900.0
900,2021-10-21 06:00:18,57300.0,2000.0,871800.0
901,2021-10-21 06:00:07,57300.0,200.0,869800.0
902,2021-10-21 06:00:03,57300.0,100.0,869600.0
903,2021-10-21 06:00:02,57200.0,200.0,869500.0
904,2021-10-21 04:29:26,57300.0,200.0,869300.0
905,2021-10-21 04:27:54,57200.0,500.0,869100.0
906,2021-10-21 04:27:54,57200.0,100.0,868600.0
907,2021-10-21 04:27:54,57200.0,500.0,868500.0
908,2021-10-21 04:27:54,57200.0,1100.0,868000.0
909,2021-10-21 04:27:24,57200.0,400.0,866900.0
910,2021-10-21 04:25:22,57200.0,500.0,866500.0
911,2021-10-21 04:25:07,57200.0,500.0,866000.0
912,2021-10-21 04:25:07,57200.0,500.0,865500.0
913,2021-10-21 04:24:16,57200.0,200.0,865000.0
914,2021-10-21 04:24:16,57200.0,300.0,864800.0
915,2021-10-21 04:24:14,57200.0,100.0,864500.0
916,2021-10-21 04:23:50,57200.0,200.0,864400.0
917,2021-10-21 04:21:56,57200.0,2000.0,864200.0
918,2021-10-21 04:21:31,57200.0,100.0,862200.0
919,2021-10-21 04:21:30,57200.0,200.0,862100.0
920,2021-10-21 04:18:40,57100.0,500.0,861900.0
921,2021-10-21 04:14:29,57100.0,700.0,861400.0
922,2021-10-21 04:13:46,57200.0,400.0,860700.0
923,2021-10-21 04:13:46,57200.0,400.0,860300.0
924,2021-10-21 04:13:41,57200.0,100.0,859900.0
925,2021-10-21 04:13:41,57200.0,500.0,859800.0
926,2021-10-21 04:13:41,57200.0,1400.0,859300.0
927,2021-10-21 04:13:22,57200.0,500.0,857900.0
928,2021-10-21 04:13:18,57200.0,3100.0,857400.0
929,2021-10-21 04:13:18,57200.0,500.0,854300.0
930,2021-10-21 04:13:18,57200.0,200.0,853800.0
931,2021-10-21 04:13:18,57200.0,500.0,853600.0
932,2021-10-21 04:13:18,57200.0,700.0,853100.0
933,2021-10-21 04:12:54,57200.0,500.0,852400.0
934,2021-10-21 04:11:52,57300.0,2400.0,851900.0
935,2021-10-21 04:11:52,57300.0,500.0,849500.0
936,2021-10-21 04:11:52,57300.0,100.0,849000.0
937,2021-10-21 04:09:21,57300.0,300.0,848900.0
938,2021-10-21 04:09:08,57200.0,800.0,848600.0
939,2021-10-21 04:09:08,57200.0,100.0,847800.0
940,2021-10-21 04:09:08,57200.0,100.0,847700.0
941,2021-10-21 04:09:08,57200.0,1000.0,847600.0
942,2021-10-21 04:09:08,57200.0,200.0,846600.0
943,2021-10-21 04:09:08,57200.0,100.0,846400.0
944,2021-10-21 04:09:08,57200.0,500.0,846300.0
945,2021-10-21 04:09:08,57200.0,200.0,845800.0
946,2021-10-21 04:09:00,57300.0,500.0,845600.0
947,2021-10-21 04:06:54,57300.0,1400.0,845100.0
948,2021-10-21 04:06:54,57300.0,3000.0,843700.0
949,2021-10-21 04:06:54,57300.0,2600.0,840700.0
950,2021-10-21 04:06:31,57200.0,300.0,838100.0
951,2021-10-21 04:06:31,57200.0,100.0,837800.0
952,2021-10-21 04:06:26,57200.0,100.0,837700.0
953,2021-10-21 04:05:32,57300.0,400.0,837600.0
954,2021-10-21 04:05:28,57300.0,300.0,837200.0
955,2021-10-21 04:05:28,57300.0,500.0,836900.0
956,2021-10-21 04:05:28,57300.0,4200.0,836400.0
957,2021-10-21 04:05:20,57300.0,2800.0,832200.0
958,2021-10-21 04:05:20,57300.0,200.0,829400.0
959,2021-10-21 04:05:15,57300.0,200.0,829200.0
960,2021-10-21 04:05:15,57300.0,100.0,829000.0
961,2021-10-21 04:04:40,57300.0,100.0,828900.0
962,2021-10-21 04:04:02,57300.0,400.0,828800.0
963,2021-10-21 04:04:02,57300.0,1300.0,828400.0
964,2021-10-21 04:04:02,57300.0,1500.0,827100.0
965,2021-10-21 04:04:01,57400.0,100.0,825600.0
966,2021-10-21 04:03:56,57400.0,900.0,825500.0
967,2021-10-21 04:02:09,57400.0,100.0,824600.0
968,2021-10-21 04:01:31,57400.0,400.0,824500.0
969,2021-10-21 04:01:25,57400.0,500.0,824100.0
970,2021-10-21 04:01:03,57400.0,500.0,823600.0
971,2021-10-21 04:00:52,57300.0,100.0,823100.0
972,2021-10-21 04:00:40,57300.0,400.0,823000.0
973,2021-10-21 04:00:40,57300.0,100.0,822600.0
974,2021-10-21 04:00:40,57300.0,500.0,822500.0
975,2021-10-21 04:00:40,57300.0,1000.0,822000.0
976,2021-10-21 04:00:40,57300.0,38000.0,821000.0
977,2021-10-21 04:00:09,57400.0,500.0,783000.0
978,2021-10-21 04:00:09,57400.0,1000.0,782500.0
979,2021-10-21 04:00:09,57400.0,500.0,781500.0
980,2021-10-21 04:00:09,57400.0,500.0,781000.0
981,2021-10-21 03:59:43,57400.0,200.0,780500.0
982,2021-10-21 03:59:43,57400.0,400.0,780300.0
983,2021-10-21 03:59:35,57400.0,500.0,779900.0
984,2021-10-21 03:58:08,57400.0,1000.0,779400.0
985,2021-10-21 03:57:56,57400.0,100.0,778400.0
986,2021-10-21 03:57:34,57400.0,500.0,778300.0
987,2021-10-21 03:57:33,57400.0,2800.0,777800.0
988,2021-10-21 03:56:30,57400.0,800.0,775000.0
989,2021-10-21 03:56:05,57400.0,100.0,774200.0
990,2021-10-21 03:55:55,57400.0,300.0,774100.0
991,2021-10-21 03:55:23,57500.0,1000.0,773800.0
992,2021-10-21 03:55:11,57500.0,200.0,772800.0
993,2021-10-21 03:54:54,57400.0,600.0,772600.0
994,2021-10-21 03:54:29,57500.0,100.0,772000.0
995,2021-10-21 03:53:13,57500.0,100.0,771900.0
996,2021-10-21 03:51:17,57500.0,900.0,771800.0
997,2021-10-21 03:51:17,57500.0,100.0,770900.0
998,2021-10-21 03:50:55,57500.0,400.0,770800.0
999,2021-10-21 03:50:55,57500.0,1000.0,770400.0
1000,2021-10-21 03:50:55,57500.0,600.0,769400.0
1001,2021-10-21 03:50:08,57500.0,700.0,768800.0
1002,2021-10-21 03:49:26,57500.0,100.0,768100.0
1003,2021-10-21 03:49:09,57500.0,1200.0,768000.0
1004,2021-10-21 03:48:43,57500.0,100.0,766800.0
1005,2021-10-21 03:48:32,57500.0,500.0,766700.0
1006,2021-10-21 03:48:13,57500.0,100.0,766200.0
1007,2021-10-21 03:48:13,57500.0,400.0,766100.0
1008,2021-10-21 03:48:13,57500.0,6300.0,765700.0
1009,2021-10-21 03:47:32,57500.0,500.0,759400.0
1010,2021-10-21 03:47:20,57500.0,1000.0,758900.0
1011,2021-10-21 03:47:19,57600.0,2600.0,757900.0
1012,2021-10-21 03:47:19,57600.0,100.0,755300.0
1013,2021-10-21 03:47:19,57600.0,500.0,755200.0
1014,2021-10-21 03:47:19,57600.0,1000.0,754700.0
1015,2021-10-21 03:47:19,57600.0,400.0,753700.0
1016,2021-10-21 03:47:19,57600.0,100.0,753300.0
1017,2021-10-21 03:47:19,57600.0,10000.0,753200.0
1018,2021-10-21 03:47:19,57600.0,100.0,743200.0
1019,2021-10-21 03:47:19,57600.0,100.0,743100.0
1020,2021-10-21 03:47:19,57600.0,500.0,743000.0
1021,2021-10-21 03:47:19,57600.0,900.0,742500.0
1022,2021-10-21 03:47:19,57600.0,3700.0,741600.0
1023,2021-10-21 03:47:09,57600.0,400.0,737900.0
1024,2021-10-21 03:46:49,57500.0,1000.0,737500.0
1025,2021-10-21 03:46:40,57500.0,1000.0,736500.0
1026,2021-10-21 03:46:27,57500.0,100.0,735500.0
1027,2021-10-21 03:46:13,57500.0,200.0,735400.0
1028,2021-10-21 03:46:03,57500.0,200.0,735200.0
1029,2021-10-21 03:46:03,57500.0,300.0,735000.0
1030,2021-10-21 03:46:03,57500.0,2000.0,734700.0
1031,2021-10-21 03:46:03,57500.0,6500.0,732700.0
1032,2021-10-21 03:46:03,57500.0,100.0,726200.0
1033,2021-10-21 03:46:03,57500.0,100.0,726100.0
1034,2021-10-21 03:46:03,57500.0,300.0,726000.0
1035,2021-10-21 03:46:03,57500.0,5000.0,725700.0
1036,2021-10-21 03:46:03,57500.0,1500.0,720700.0
1037,2021-10-21 03:46:03,57500.0,2000.0,719200.0
1038,2021-10-21 03:46:03,57500.0,1400.0,717200.0
1039,2021-10-21 03:46:03,57400.0,500.0,715800.0
1040,2021-10-21 03:45:24,57400.0,200.0,715300.0
1041,2021-10-21 03:44:50,57400.0,100.0,715100.0
1042,2021-10-21 03:44:50,57400.0,300.0,715000.0
1043,2021-10-21 03:44:50,57400.0,500.0,714700.0
1044,2021-10-21 03:44:50,57400.0,100.0,714200.0
1045,2021-10-21 03:44:50,57400.0,5500.0,714100.0
1046,2021-10-21 03:44:50,57400.0,1000.0,708600.0
1047,2021-10-21 03:44:50,57400.0,500.0,707600.0
1048,2021-10-21 03:44:50,57400.0,200.0,707100.0
1049,2021-10-21 03:44:50,57400.0,200.0,706900.0
1050,2021-10-21 03:44:50,57400.0,6000.0,706700.0
1051,2021-10-21 03:44:50,57400.0,400.0,700700.0
1052,2021-10-21 03:44:46,57400.0,600.0,700300.0
1053,2021-10-21 03:44:46,57400.0,100.0,699700.0
1054,2021-10-21 03:44:44,57300.0,100.0,699600.0
1055,2021-10-21 03:44:15,57400.0,100.0,699500.0
1056,2021-10-21 03:44:15,57400.0,400.0,699400.0
1057,2021-10-21 03:43:37,57400.0,100.0,699000.0
1058,2021-10-21 03:42:08,57400.0,100.0,698900.0
1059,2021-10-21 03:41:20,57400.0,1500.0,698800.0
1060,2021-10-21 03:41:01,57400.0,300.0,697300.0
1061,2021-10-21 03:40:24,57400.0,500.0,697000.0
1062,2021-10-21 03:40:24,57400.0,500.0,696500.0
1063,2021-10-21 03:40:11,57400.0,300.0,696000.0
1064,2021-10-21 03:40:11,57400.0,200.0,695700.0
1065,2021-10-21 03:40:02,57400.0,500.0,695500.0
1066,2021-10-21 03:39:54,57400.0,200.0,695000.0
1067,2021-10-21 03:39:47,57400.0,100.0,694800.0
1068,2021-10-21 03:39:36,57400.0,300.0,694700.0
1069,2021-10-21 03:39:36,57400.0,100.0,694400.0
1070,2021-10-21 03:38:56,57400.0,100.0,694300.0
1071,2021-10-21 03:38:28,57400.0,100.0,694200.0
1072,2021-10-21 03:38:28,57400.0,500.0,694100.0
1073,2021-10-21 03:38:28,57400.0,1000.0,693600.0
1074,2021-10-21 03:38:28,57400.0,900.0,692600.0
1075,2021-10-21 03:38:28,57400.0,7500.0,691700.0
1076,2021-10-21 03:38:28,57500.0,3600.0,684200.0
1077,2021-10-21 03:38:28,57500.0,1900.0,680600.0
1078,2021-10-21 03:37:43,57400.0,2500.0,678700.0
1079,2021-10-21 03:37:43,57400.0,500.0,676200.0
1080,2021-10-21 03:37:43,57400.0,2000.0,675700.0
1081,2021-10-21 03:37:10,57500.0,100.0,673700.0
1082,2021-10-21 03:37:10,57500.0,100.0,673600.0
1083,2021-10-21 03:36:46,57500.0,900.0,673500.0
1084,2021-10-21 03:36:46,57500.0,1100.0,672600.0
1085,2021-10-21 03:36:19,57500.0,500.0,671500.0
1086,2021-10-21 03:35:37,57600.0,900.0,671000.0
1087,2021-10-21 03:35:37,57600.0,100.0,670100.0
1088,2021-10-21 03:35:37,57600.0,100.0,670000.0
1089,2021-10-21 03:35:37,57600.0,100.0,669900.0
1090,2021-10-21 03:35:37,57600.0,100.0,669800.0
1091,2021-10-21 03:35:37,57500.0,500.0,669700.0
1092,2021-10-21 03:35:37,57500.0,200.0,669200.0
1093,2021-10-21 03:35:37,57500.0,2000.0,669000.0
1094,2021-10-21 03:35:10,57500.0,500.0,667000.0
1095,2021-10-21 03:34:27,57500.0,700.0,666500.0
1096,2021-10-21 03:34:26,57500.0,1000.0,665800.0
1097,2021-10-21 03:34:26,57500.0,800.0,664800.0
1098,2021-10-21 03:34:22,57500.0,200.0,664000.0
1099,2021-10-21 03:34:08,57500.0,100.0,663800.0
1100,2021-10-21 03:34:06,57500.0,1400.0,663700.0
1101,2021-10-21 03:34:06,57500.0,2200.0,662300.0
1102,2021-10-21 03:34:06,57500.0,1400.0,660100.0
1103,2021-10-21 03:33:56,57500.0,1000.0,658700.0
1104,2021-10-21 03:33:56,57500.0,100.0,657700.0
1105,2021-10-21 03:33:56,57500.0,1500.0,657600.0
1106,2021-10-21 03:33:56,57400.0,400.0,656100.0
1107,2021-10-21 03:33:53,57500.0,3500.0,655700.0
1108,2021-10-21 03:33:53,57500.0,300.0,652200.0
1109,2021-10-21 03:33:53,57500.0,100.0,651900.0
1110,2021-10-21 03:33:53,57500.0,500.0,651800.0
1111,2021-10-21 03:33:53,57500.0,100.0,651300.0
1112,2021-10-21 03:33:53,57500.0,200.0,651200.0
1113,2021-10-21 03:33:53,57500.0,100.0,651000.0
1114,2021-10-21 03:33:53,57500.0,300.0,650900.0
1115,2021-10-21 03:33:53,57500.0,100.0,650600.0
1116,2021-10-21 03:33:53,57500.0,100.0,650500.0
1117,2021-10-21 03:33:53,57500.0,100.0,650400.0
1118,2021-10-21 03:33:53,57500.0,300.0,650300.0
1119,2021-10-21 03:33:53,57500.0,100.0,650000.0
1120,2021-10-21 03:33:53,57500.0,400.0,649900.0
1121,2021-10-21 03:33:53,57500.0,100.0,649500.0
1122,2021-10-21 03:33:53,57500.0,500.0,649400.0
1123,2021-10-21 03:33:53,57500.0,100.0,648900.0
1124,2021-10-21 03:33:53,57500.0,500.0,648800.0
1125,2021-10-21 03:33:53,57500.0,400.0,648300.0
1126,2021-10-21 03:33:53,57500.0,2800.0,647900.0
1127,2021-10-21 03:33:53,57500.0,500.0,645100.0
1128,2021-10-21 03:33:53,57500.0,500.0,644600.0
1129,2021-10-21 03:33:53,57500.0,1000.0,644100.0
1130,2021-10-21 03:33:53,57500.0,300.0,643100.0
1131,2021-10-21 03:33:53,57500.0,500.0,642800.0
1132,2021-10-21 03:33:53,57500.0,100.0,642300.0
1133,2021-10-21 03:33:53,57500.0,100.0,642200.0
1134,2021-10-21 03:33:53,57500.0,2000.0,642100.0
1135,2021-10-21 03:33:53,57500.0,1500.0,640100.0
1136,2021-10-21 03:33:42,57500.0,3500.0,638600.0
1137,2021-10-21 03:33:42,57500.0,500.0,635100.0
1138,2021-10-21 03:33:42,57500.0,500.0,634600.0
1139,2021-10-21 03:33:42,57500.0,5100.0,634100.0
1140,2021-10-21 03:33:42,57500.0,100.0,629000.0
1141,2021-10-21 03:33:42,57500.0,100.0,628900.0
1142,2021-10-21 03:33:42,57500.0,200.0,628800.0
1143,2021-10-21 03:33:41,57500.0,100.0,628600.0
1144,2021-10-21 03:33:25,57500.0,600.0,628500.0
1145,2021-10-21 03:33:17,57500.0,100.0,627900.0
1146,2021-10-21 03:32:53,57500.0,100.0,627800.0
1147,2021-10-21 03:32:44,57400.0,1000.0,627700.0
1148,2021-10-21 03:32:44,57400.0,500.0,626700.0
1149,2021-10-21 03:32:44,57400.0,500.0,626200.0
1150,2021-10-21 03:32:40,57400.0,300.0,625700.0
1151,2021-10-21 03:32:40,57400.0,700.0,625400.0
1152,2021-10-21 03:32:40,57400.0,2000.0,624700.0
1153,2021-10-21 03:32:37,57400.0,1000.0,622700.0
1154,2021-10-21 03:32:37,57400.0,10000.0,621700.0
1155,2021-10-21 03:32:37,57400.0,1000.0,611700.0
1156,2021-10-21 03:32:37,57400.0,500.0,610700.0
1157,2021-10-21 03:32:37,57400.0,500.0,610200.0
1158,2021-10-21 03:32:37,57400.0,2100.0,609700.0
1159,2021-10-21 03:32:37,57400.0,400.0,607600.0
1160,2021-10-21 03:32:37,57400.0,100.0,607200.0
1161,2021-10-21 03:32:37,57400.0,4400.0,607100.0
1162,2021-10-21 03:32:15,57400.0,600.0,602700.0
1163,2021-10-21 03:32:15,57400.0,100.0,602100.0
1164,2021-10-21 03:32:05,57300.0,200.0,602000.0
1165,2021-10-21 03:32:05,57300.0,400.0,601800.0
1166,2021-10-21 03:32:05,57300.0,100.0,601400.0
1167,2021-10-21 03:32:05,57300.0,100.0,601300.0
1168,2021-10-21 03:32:05,57300.0,200.0,601200.0
1169,2021-10-21 03:32:05,57300.0,3700.0,601000.0
1170,2021-10-21 03:32:05,57300.0,800.0,597300.0
1171,2021-10-21 03:32:05,57300.0,100.0,596500.0
1172,2021-10-21 03:32:05,57300.0,1000.0,596400.0
1173,2021-10-21 03:32:05,57300.0,5000.0,595400.0
1174,2021-10-21 03:32:05,57300.0,300.0,590400.0
1175,2021-10-21 03:31:54,57300.0,300.0,590100.0
1176,2021-10-21 03:31:40,57300.0,500.0,589800.0
1177,2021-10-21 03:30:22,57300.0,500.0,589300.0
1178,2021-10-21 03:30:12,57300.0,400.0,588800.0
1179,2021-10-21 03:30:12,57300.0,100.0,588400.0
1180,2021-10-21 03:29:25,57300.0,200.0,588300.0
1181,2021-10-21 03:29:25,57300.0,100.0,588100.0
1182,2021-10-21 03:29:25,57300.0,200.0,588000.0
1183,2021-10-21 03:29:22,57300.0,200.0,587800.0
1184,2021-10-21 03:28:47,57300.0,600.0,587600.0
1185,2021-10-21 03:28:47,57300.0,400.0,587000.0
1186,2021-10-21 03:28:37,57300.0,400.0,586600.0
1187,2021-10-21 03:27:52,57300.0,200.0,586200.0
1188,2021-10-21 03:27:52,57300.0,100.0,586000.0
1189,2021-10-21 03:27:34,57300.0,1000.0,585900.0
1190,2021-10-21 03:26:39,57300.0,500.0,584900.0
1191,2021-10-21 03:26:30,57200.0,3000.0,584400.0
1192,2021-10-21 03:26:09,57300.0,200.0,581400.0
1193,2021-10-21 03:26:06,57300.0,300.0,581200.0
1194,2021-10-21 03:25:55,57300.0,300.0,580900.0
1195,2021-10-21 03:25:37,57300.0,700.0,580600.0
1196,2021-10-21 03:25:37,57300.0,300.0,579900.0
1197,2021-10-21 03:25:08,57300.0,200.0,579600.0
1198,2021-10-21 03:25:08,57300.0,100.0,579400.0
1199,2021-10-21 03:25:06,57300.0,1000.0,579300.0
1200,2021-10-21 03:24:48,57300.0,500.0,578300.0
1201,2021-10-21 03:24:17,57300.0,2300.0,577800.0
1202,2021-10-21 03:24:16,57300.0,300.0,575500.0
1203,2021-10-21 03:24:01,57300.0,300.0,575200.0
1204,2021-10-21 03:23:47,57300.0,300.0,574900.0
1205,2021-10-21 03:23:41,57300.0,200.0,574600.0
1206,2021-10-21 03:23:41,57300.0,100.0,574400.0
1207,2021-10-21 03:23:41,57300.0,500.0,574300.0
1208,2021-10-21 03:23:40,57300.0,300.0,573800.0
1209,2021-10-21 03:23:39,57300.0,700.0,573500.0
1210,2021-10-21 03:23:39,57300.0,100.0,572800.0
1211,2021-10-21 03:23:32,57300.0,400.0,572700.0
1212,2021-10-21 03:23:32,57300.0,100.0,572300.0
1213,2021-10-21 03:23:32,57300.0,300.0,572200.0
1214,2021-10-21 03:23:24,57200.0,500.0,571900.0
1215,2021-10-21 03:23:24,57200.0,300.0,571400.0
1216,2021-10-21 03:23:24,57200.0,1600.0,571100.0
1217,2021-10-21 03:23:24,57200.0,700.0,569500.0
1218,2021-10-21 03:23:24,57200.0,400.0,568800.0
1219,2021-10-21 03:23:14,57200.0,300.0,568400.0
1220,2021-10-21 03:23:07,57200.0,800.0,568100.0
1221,2021-10-21 03:23:01,57200.0,1200.0,567300.0
1222,2021-10-21 03:23:01,57200.0,100.0,566100.0
1223,2021-10-21 03:23:01,57200.0,500.0,566000.0
1224,2021-10-21 03:23:01,57200.0,200.0,565500.0
1225,2021-10-21 03:23:01,57200.0,1000.0,565300.0
1226,2021-10-21 03:23:01,57200.0,300.0,564300.0
1227,2021-10-21 03:23:01,57200.0,300.0,564000.0
1228,2021-10-21 03:23:01,57200.0,300.0,563700.0
1229,2021-10-21 03:23:01,57200.0,500.0,563400.0
1230,2021-10-21 03:23:01,57200.0,5600.0,562900.0
1231,2021-10-21 03:22:42,57200.0,2000.0,557300.0
1232,2021-10-21 03:22:37,57200.0,1000.0,555300.0
1233,2021-10-21 03:22:36,57200.0,300.0,554300.0
1234,2021-10-21 03:22:31,57200.0,800.0,554000.0
1235,2021-10-21 03:22:27,57200.0,300.0,553200.0
1236,2021-10-21 03:22:27,57200.0,500.0,552900.0
1237,2021-10-21 03:22:07,57100.0,600.0,552400.0
1238,2021-10-21 03:20:02,57100.0,100.0,551800.0
1239,2021-10-21 03:19:41,57100.0,500.0,551700.0
1240,2021-10-21 03:19:05,57100.0,100.0,551200.0
1241,2021-10-21 03:19:02,57100.0,1000.0,551100.0
1242,2021-10-21 03:18:57,57100.0,500.0,550100.0
1243,2021-10-21 03:18:54,57100.0,200.0,549600.0
1244,2021-10-21 03:18:38,57100.0,1300.0,549400.0
1245,2021-10-21 03:18:38,57100.0,200.0,548100.0
1246,2021-10-21 03:18:38,57100.0,100.0,547900.0
1247,2021-10-21 03:18:38,57100.0,500.0,547800.0
1248,2021-10-21 03:18:38,57100.0,600.0,547300.0
1249,2021-10-21 03:18:38,57100.0,100.0,546700.0
1250,2021-10-21 03:18:38,57100.0,300.0,546600.0
1251,2021-10-21 03:18:38,57100.0,1000.0,546300.0
1252,2021-10-21 03:18:38,57100.0,900.0,545300.0
1253,2021-10-21 03:17:23,57200.0,200.0,544400.0
1254,2021-10-21 03:16:34,57200.0,300.0,544200.0
1255,2021-10-21 03:16:29,57200.0,100.0,543900.0
1256,2021-10-21 03:16:19,57200.0,100.0,543800.0
1257,2021-10-21 03:16:05,57200.0,500.0,543700.0
1258,2021-10-21 03:16:05,57200.0,300.0,543200.0
1259,2021-10-21 03:15:48,57200.0,3700.0,542900.0
1260,2021-10-21 03:15:03,57200.0,1000.0,539200.0
1261,2021-10-21 03:15:00,57300.0,400.0,538200.0
1262,2021-10-21 03:15:00,57300.0,200.0,537800.0
1263,2021-10-21 03:15:00,57300.0,100.0,537600.0
1264,2021-10-21 03:14:26,57200.0,100.0,537500.0
1265,2021-10-21 03:13:49,57200.0,100.0,537400.0
1266,2021-10-21 03:13:47,57200.0,100.0,537300.0
1267,2021-10-21 03:13:46,57200.0,1000.0,537200.0
1268,2021-10-21 03:13:45,57200.0,1000.0,536200.0
1269,2021-10-21 03:12:49,57200.0,2000.0,535200.0
1270,2021-10-21 03:12:46,57200.0,100.0,533200.0
1271,2021-10-21 03:12:34,57200.0,500.0,533100.0
1272,2021-10-21 03:12:23,57200.0,4700.0,532600.0
1273,2021-10-21 03:12:06,57200.0,500.0,527900.0
1274,2021-10-21 03:12:06,57200.0,1000.0,527400.0
1275,2021-10-21 03:11:45,57200.0,100.0,526400.0
1276,2021-10-21 03:11:33,57200.0,1000.0,526300.0
1277,2021-10-21 03:11:14,57200.0,400.0,525300.0
1278,2021-10-21 03:10:34,57200.0,1000.0,524900.0
1279,2021-10-21 03:10:29,57200.0,2000.0,523900.0
1280,2021-10-21 03:10:12,57200.0,500.0,521900.0
1281,2021-10-21 03:10:01,57200.0,500.0,521400.0
1282,2021-10-21 03:09:51,57200.0,500.0,520900.0
1283,2021-10-21 03:09:50,57200.0,600.0,520400.0
1284,2021-10-21 03:09:50,57200.0,600.0,519800.0
1285,2021-10-21 03:09:50,57200.0,200.0,519200.0
1286,2021-10-21 03:09:50,57200.0,100.0,519000.0
1287,2021-10-21 03:09:50,57200.0,500.0,518900.0
1288,2021-10-21 03:09:50,57200.0,10000.0,518400.0
1289,2021-10-21 03:09:50,57200.0,500.0,508400.0
1290,2021-10-21 03:09:50,57200.0,500.0,507900.0
1291,2021-10-21 03:09:50,57200.0,200.0,507400.0
1292,2021-10-21 03:09:50,57200.0,1000.0,507200.0
1293,2021-10-21 03:09:50,57200.0,1000.0,506200.0
1294,2021-10-21 03:09:50,57200.0,800.0,505200.0
1295,2021-10-21 03:09:44,57100.0,700.0,504400.0
1296,2021-10-21 03:09:15,57100.0,200.0,503700.0
1297,2021-10-21 03:09:02,57200.0,100.0,503500.0
1298,2021-10-21 03:08:38,57100.0,200.0,503400.0
1299,2021-10-21 03:08:13,57200.0,100.0,503200.0
1300,2021-10-21 03:06:29,57200.0,500.0,503100.0
1301,2021-10-21 03:05:51,57200.0,1000.0,502600.0
1302,2021-10-21 03:04:56,57200.0,2500.0,501600.0
1303,2021-10-21 03:04:56,57200.0,7500.0,499100.0
1304,2021-10-21 03:04:45,57100.0,500.0,491600.0
1305,2021-10-21 03:04:23,57100.0,2500.0,491100.0
1306,2021-10-21 03:04:23,57100.0,900.0,488600.0
1307,2021-10-21 03:03:54,57300.0,200.0,487700.0
1308,2021-10-21 03:03:54,57200.0,100.0,487500.0
1309,2021-10-21 03:03:29,57100.0,100.0,487400.0
1310,2021-10-21 03:03:29,57100.0,700.0,487300.0
1311,2021-10-21 03:03:23,57200.0,200.0,486600.0
1312,2021-10-21 03:02:19,57200.0,500.0,486400.0
1313,2021-10-21 03:02:19,57200.0,1000.0,485900.0
1314,2021-10-21 03:02:19,57200.0,200.0,484900.0
1315,2021-10-21 03:02:19,57200.0,100.0,484700.0
1316,2021-10-21 03:00:06,57200.0,500.0,484600.0
1317,2021-10-21 03:00:01,57300.0,200.0,484100.0
1318,2021-10-21 03:00:01,57300.0,200.0,483900.0
1319,2021-10-21 03:00:01,57300.0,300.0,483700.0
1320,2021-10-21 03:00:01,57300.0,100.0,483400.0
1321,2021-10-21 03:00:01,57300.0,300.0,483300.0
1322,2021-10-21 03:00:01,57300.0,100.0,483000.0
1323,2021-10-21 03:00:01,57300.0,100.0,482900.0
1324,2021-10-21 03:00:01,57300.0,100.0,482800.0
1325,2021-10-21 03:00:01,57300.0,600.0,482700.0
1326,2021-10-21 02:59:47,57200.0,400.0,482100.0
1327,2021-10-21 02:59:42,57200.0,500.0,481700.0
1328,2021-10-21 02:59:19,57200.0,500.0,481200.0
1329,2021-10-21 02:59:19,57200.0,200.0,480700.0
1330,2021-10-21 02:59:19,57200.0,1000.0,480500.0
1331,2021-10-21 02:59:19,57200.0,700.0,479500.0
1332,2021-10-21 02:59:19,57200.0,100.0,478800.0
1333,2021-10-21 02:59:19,57200.0,100.0,478700.0
1334,2021-10-21 02:59:19,57200.0,500.0,478600.0
1335,2021-10-21 02:59:19,57200.0,800.0,478100.0
1336,2021-10-21 02:59:19,57200.0,100.0,477300.0
1337,2021-10-21 02:59:19,57200.0,100.0,477200.0
1338,2021-10-21 02:59:19,57200.0,500.0,477100.0
1339,2021-10-21 02:59:19,57200.0,200.0,476600.0
1340,2021-10-21 02:59:19,57200.0,100.0,476400.0
1341,2021-10-21 02:59:19,57200.0,3600.0,476300.0
1342,2021-10-21 02:58:58,57100.0,200.0,472700.0
1343,2021-10-21 02:58:44,57200.0,800.0,472500.0
1344,2021-10-21 02:58:30,57100.0,600.0,471700.0
1345,2021-10-21 02:58:30,57100.0,400.0,471100.0
1346,2021-10-21 02:58:03,57100.0,500.0,470700.0
1347,2021-10-21 02:57:49,57100.0,200.0,470200.0
1348,2021-10-21 02:56:42,57100.0,100.0,470000.0
1349,2021-10-21 02:56:13,57100.0,500.0,469900.0
1350,2021-10-21 02:56:13,57100.0,500.0,469400.0
1351,2021-10-21 02:56:04,57000.0,1000.0,468900.0
1352,2021-10-21 02:55:36,57000.0,100.0,467900.0
1353,2021-10-21 02:54:14,57000.0,200.0,467800.0
1354,2021-10-21 02:54:07,57100.0,100.0,467600.0
1355,2021-10-21 02:53:39,57100.0,500.0,467500.0
1356,2021-10-21 02:53:32,57100.0,400.0,467000.0
1357,2021-10-21 02:53:32,57100.0,600.0,466600.0
1358,2021-10-21 02:53:17,57100.0,200.0,466000.0
1359,2021-10-21 02:53:17,57100.0,200.0,465800.0
1360,2021-10-21 02:53:15,57200.0,600.0,465600.0
1361,2021-10-21 02:53:15,57200.0,400.0,465000.0
1362,2021-10-21 02:52:37,57100.0,100.0,464600.0
1363,2021-10-21 02:52:25,57100.0,400.0,464500.0
1364,2021-10-21 02:51:59,57000.0,600.0,464100.0
1365,2021-10-21 02:51:54,57100.0,200.0,463500.0
1366,2021-10-21 02:51:54,57100.0,300.0,463300.0
1367,2021-10-21 02:49:48,57100.0,100.0,463000.0
1368,2021-10-21 02:49:30,57100.0,1600.0,462900.0
1369,2021-10-21 02:48:56,57100.0,2000.0,461300.0
1370,2021-10-21 02:48:30,57100.0,5000.0,459300.0
1371,2021-10-21 02:48:02,57100.0,100.0,454300.0
1372,2021-10-21 02:47:49,57100.0,200.0,454200.0
1373,2021-10-21 02:47:06,57000.0,400.0,454000.0
1374,2021-10-21 02:47:06,57000.0,2000.0,453600.0
1375,2021-10-21 02:47:06,57000.0,200.0,451600.0
1376,2021-10-21 02:47:06,57000.0,500.0,451400.0
1377,2021-10-21 02:47:06,57000.0,10000.0,450900.0
1378,2021-10-21 02:47:06,57000.0,500.0,440900.0
1379,2021-10-21 02:47:06,57000.0,100.0,440400.0
1380,2021-10-21 02:47:06,57100.0,1600.0,440300.0
1381,2021-10-21 02:47:06,57100.0,100.0,438700.0
1382,2021-10-21 02:47:06,57100.0,1000.0,438600.0
1383,2021-10-21 02:46:07,57100.0,1000.0,437600.0
1384,2021-10-21 02:46:04,57200.0,100.0,436600.0
1385,2021-10-21 02:46:04,57200.0,100.0,436500.0
1386,2021-10-21 02:45:55,57200.0,200.0,436400.0
1387,2021-10-21 02:45:55,57200.0,100.0,436200.0
1388,2021-10-21 02:45:55,57200.0,200.0,436100.0
1389,2021-10-21 02:45:07,57200.0,100.0,435900.0
1390,2021-10-21 02:45:07,57200.0,200.0,435800.0
1391,2021-10-21 02:45:07,57200.0,100.0,435600.0
1392,2021-10-21 02:45:07,57200.0,300.0,435500.0
1393,2021-10-21 02:45:07,57200.0,200.0,435200.0
1394,2021-10-21 02:45:07,57200.0,2900.0,435000.0
1395,2021-10-21 02:45:07,57100.0,500.0,432100.0
1396,2021-10-21 02:45:07,57100.0,700.0,431600.0
1397,2021-10-21 02:45:02,57100.0,700.0,430900.0
1398,2021-10-21 02:45:01,57100.0,1000.0,430200.0
1399,2021-10-21 02:44:35,57100.0,1000.0,429200.0
1400,2021-10-21 02:44:35,57100.0,200.0,428200.0
1401,2021-10-21 02:44:35,57100.0,200.0,428000.0
1402,2021-10-21 02:44:35,57100.0,1100.0,427800.0
1403,2021-10-21 02:44:35,57100.0,2100.0,426700.0
1404,2021-10-21 02:43:50,57100.0,100.0,424600.0
1405,2021-10-21 02:43:18,57100.0,100.0,424500.0
1406,2021-10-21 02:42:58,57100.0,300.0,424400.0
1407,2021-10-21 02:42:58,57100.0,100.0,424100.0
1408,2021-10-21 02:42:58,57100.0,7000.0,424000.0
1409,2021-10-21 02:42:58,57100.0,300.0,417000.0
1410,2021-10-21 02:41:56,57100.0,700.0,416700.0
1411,2021-10-21 02:41:50,57100.0,100.0,416000.0
1412,2021-10-21 02:41:50,57100.0,1000.0,415900.0
1413,2021-10-21 02:41:50,57100.0,1000.0,414900.0
1414,2021-10-21 02:41:50,57100.0,2000.0,413900.0
1415,2021-10-21 02:41:50,57100.0,500.0,411900.0
1416,2021-10-21 02:41:50,57100.0,600.0,411400.0
1417,2021-10-21 02:40:56,57100.0,1000.0,410800.0
1418,2021-10-21 02:40:20,57100.0,1500.0,409800.0
1419,2021-10-21 02:38:55,57000.0,200.0,408300.0
1420,2021-10-21 02:38:53,57000.0,100.0,408100.0
1421,2021-10-21 02:38:53,57000.0,100.0,408000.0
1422,2021-10-21 02:38:53,57000.0,100.0,407900.0
1423,2021-10-21 02:38:53,57000.0,900.0,407800.0
1424,2021-10-21 02:38:53,57000.0,100.0,406900.0
1425,2021-10-21 02:38:53,57000.0,100.0,406800.0
1426,2021-10-21 02:38:53,57000.0,300.0,406700.0
1427,2021-10-21 02:38:42,57000.0,300.0,406400.0
1428,2021-10-21 02:38:23,57000.0,300.0,406100.0
1429,2021-10-21 02:38:15,57000.0,500.0,405800.0
1430,2021-10-21 02:38:00,57000.0,2000.0,405300.0
1431,2021-10-21 02:37:49,57000.0,200.0,403300.0
1432,2021-10-21 02:37:45,57000.0,1700.0,403100.0
1433,2021-10-21 02:37:45,57000.0,200.0,401400.0
1434,2021-10-21 02:37:45,57000.0,100.0,401200.0
1435,2021-10-21 02:37:45,57000.0,900.0,401100.0
1436,2021-10-21 02:37:45,57000.0,3000.0,400200.0
1437,2021-10-21 02:37:45,57000.0,4900.0,397200.0
1438,2021-10-21 02:37:45,57000.0,500.0,392300.0
1439,2021-10-21 02:37:45,57000.0,300.0,391800.0
1440,2021-10-21 02:37:45,57000.0,900.0,391500.0
1441,2021-10-21 02:37:45,57000.0,1000.0,390600.0
1442,2021-10-21 02:37:45,57000.0,400.0,389600.0
1443,2021-10-21 02:37:42,57100.0,100.0,389200.0
1444,2021-10-21 02:37:38,57100.0,500.0,389100.0
1445,2021-10-21 02:37:33,57100.0,200.0,388600.0
1446,2021-10-21 02:37:20,57100.0,100.0,388400.0
1447,2021-10-21 02:37:14,57100.0,400.0,388300.0
1448,2021-10-21 02:37:14,57100.0,1400.0,387900.0
1449,2021-10-21 02:37:01,57100.0,100.0,386500.0
1450,2021-10-21 02:36:49,57100.0,4000.0,386400.0
1451,2021-10-21 02:36:37,57100.0,100.0,382400.0
1452,2021-10-21 02:36:37,57100.0,100.0,382300.0
1453,2021-10-21 02:36:14,57200.0,800.0,382200.0
1454,2021-10-21 02:36:14,57200.0,200.0,381400.0
1455,2021-10-21 02:36:14,57200.0,300.0,381200.0
1456,2021-10-21 02:36:14,57200.0,800.0,380900.0
1457,2021-10-21 02:35:52,57200.0,200.0,380100.0
1458,2021-10-21 02:35:52,57200.0,800.0,379900.0
1459,2021-10-21 02:35:24,57200.0,600.0,379100.0
1460,2021-10-21 02:35:16,57200.0,100.0,378500.0
1461,2021-10-21 02:35:10,57200.0,500.0,378400.0
1462,2021-10-21 02:34:45,57200.0,1500.0,377900.0
1463,2021-10-21 02:34:17,57200.0,200.0,376400.0
1464,2021-10-21 02:34:17,57200.0,200.0,376200.0
1465,2021-10-21 02:33:40,57200.0,500.0,376000.0
1466,2021-10-21 02:33:37,57200.0,100.0,375500.0
1467,2021-10-21 02:33:29,57200.0,300.0,375400.0
1468,2021-10-21 02:33:17,57200.0,500.0,375100.0
1469,2021-10-21 02:33:13,57300.0,100.0,374600.0
1470,2021-10-21 02:33:03,57200.0,3400.0,374500.0
1471,2021-10-21 02:33:03,57200.0,400.0,371100.0
1472,2021-10-21 02:33:03,57200.0,2600.0,370700.0
1473,2021-10-21 02:33:03,57200.0,100.0,368100.0
1474,2021-10-21 02:33:03,57200.0,1000.0,368000.0
1475,2021-10-21 02:33:03,57200.0,100.0,367000.0
1476,2021-10-21 02:33:03,57200.0,500.0,366900.0
1477,2021-10-21 02:33:03,57200.0,1900.0,366400.0
1478,2021-10-21 02:33:00,57200.0,400.0,364500.0
1479,2021-10-21 02:32:54,57300.0,100.0,364100.0
1480,2021-10-21 02:32:47,57300.0,200.0,364000.0
1481,2021-10-21 02:32:27,57200.0,5000.0,363800.0
1482,2021-10-21 02:32:26,57200.0,100.0,358800.0
1483,2021-10-21 02:32:21,57200.0,100.0,358700.0
1484,2021-10-21 02:32:02,57200.0,200.0,358600.0
1485,2021-10-21 02:31:52,57300.0,4000.0,358400.0
1486,2021-10-21 02:31:52,57300.0,1000.0,354400.0
1487,2021-10-21 02:31:50,57200.0,200.0,353400.0
1488,2021-10-21 02:31:46,57200.0,1000.0,353200.0
1489,2021-10-21 02:31:26,57200.0,500.0,352200.0
1490,2021-10-21 02:31:14,57200.0,600.0,351700.0
1491,2021-10-21 02:31:14,57200.0,1600.0,351100.0
1492,2021-10-21 02:31:01,57200.0,400.0,349500.0
1493,2021-10-21 02:30:47,57300.0,100.0,349100.0
1494,2021-10-21 02:30:30,57300.0,500.0,349000.0
1495,2021-10-21 02:30:24,57300.0,5000.0,348500.0
1496,2021-10-21 02:30:24,57300.0,100.0,343500.0
1497,2021-10-21 02:30:22,57300.0,100.0,343400.0
1498,2021-10-21 02:30:19,57300.0,100.0,343300.0
1499,2021-10-21 02:30:19,57300.0,500.0,343200.0
1500,2021-10-21 02:30:19,57300.0,3600.0,342700.0
1501,2021-10-21 02:29:59,57300.0,1100.0,339100.0
1502,2021-10-21 02:29:48,57400.0,400.0,338000.0
1503,2021-10-21 02:29:48,57400.0,100.0,337600.0
1504,2021-10-21 02:29:48,57400.0,100.0,337500.0
1505,2021-10-21 02:29:48,57400.0,2000.0,337400.0
1506,2021-10-21 02:29:48,57400.0,400.0,335400.0
1507,2021-10-21 02:29:45,57400.0,300.0,335000.0
1508,2021-10-21 02:29:43,57300.0,300.0,334700.0
1509,2021-10-21 02:29:43,57300.0,500.0,334400.0
1510,2021-10-21 02:29:41,57300.0,200.0,333900.0
1511,2021-10-21 02:29:41,57300.0,100.0,333700.0
1512,2021-10-21 02:29:01,57400.0,700.0,333600.0
1513,2021-10-21 02:28:54,57400.0,100.0,332900.0
1514,2021-10-21 02:28:54,57400.0,100.0,332800.0
1515,2021-10-21 02:28:54,57400.0,100.0,332700.0
1516,2021-10-21 02:28:54,57400.0,500.0,332600.0
1517,2021-10-21 02:28:54,57400.0,1000.0,332100.0
1518,2021-10-21 02:28:54,57400.0,100.0,331100.0
1519,2021-10-21 02:28:54,57400.0,300.0,331000.0
1520,2021-10-21 02:28:54,57400.0,400.0,330700.0
1521,2021-10-21 02:28:50,57400.0,1000.0,330300.0
1522,2021-10-21 02:28:40,57400.0,300.0,329300.0
1523,2021-10-21 02:28:32,57400.0,400.0,329000.0
1524,2021-10-21 02:28:20,57400.0,900.0,328600.0
1525,2021-10-21 02:28:20,57400.0,1000.0,327700.0
1526,2021-10-21 02:28:20,57400.0,8100.0,326700.0
1527,2021-10-21 02:27:57,57500.0,500.0,318600.0
1528,2021-10-21 02:27:38,57500.0,500.0,318100.0
1529,2021-10-21 02:27:28,57500.0,2300.0,317600.0
1530,2021-10-21 02:27:24,57400.0,200.0,315300.0
1531,2021-10-21 02:27:17,57400.0,1500.0,315100.0
1532,2021-10-21 02:27:09,57500.0,3000.0,313600.0
1533,2021-10-21 02:27:08,57500.0,300.0,310600.0
1534,2021-10-21 02:27:01,57500.0,500.0,310300.0
1535,2021-10-21 02:26:57,57500.0,9500.0,309800.0
1536,2021-10-21 02:26:53,57500.0,400.0,300300.0
1537,2021-10-21 02:26:49,57500.0,300.0,299900.0
1538,2021-10-21 02:26:49,57500.0,400.0,299600.0
1539,2021-10-21 02:26:49,57500.0,700.0,299200.0
1540,2021-10-21 02:26:47,57500.0,1100.0,298500.0
1541,2021-10-21 02:26:47,57500.0,900.0,297400.0
1542,2021-10-21 02:26:37,57500.0,200.0,296500.0
1543,2021-10-21 02:26:23,57500.0,500.0,296300.0
1544,2021-10-21 02:26:17,57500.0,1300.0,295800.0
1545,2021-10-21 02:26:17,57500.0,600.0,294500.0
1546,2021-10-21 02:26:01,57500.0,400.0,293900.0
1547,2021-10-21 02:26:01,57500.0,500.0,293500.0
1548,2021-10-21 02:26:01,57500.0,4100.0,293000.0
1549,2021-10-21 02:25:53,57500.0,100.0,288900.0
1550,2021-10-21 02:25:27,57500.0,800.0,288800.0
1551,2021-10-21 02:25:15,57600.0,200.0,288000.0
1552,2021-10-21 02:25:14,57600.0,300.0,287800.0
1553,2021-10-21 02:25:14,57600.0,1700.0,287500.0
1554,2021-10-21 02:25:00,57500.0,600.0,285800.0
1555,2021-10-21 02:25:00,57500.0,2700.0,285200.0
1556,2021-10-21 02:25:00,57500.0,200.0,282500.0
1557,2021-10-21 02:25:00,57500.0,100.0,282300.0
1558,2021-10-21 02:24:58,57500.0,500.0,282200.0
1559,2021-10-21 02:24:58,57400.0,200.0,281700.0
1560,2021-10-21 02:24:56,57500.0,400.0,281500.0
1561,2021-10-21 02:24:47,57500.0,1000.0,281100.0
1562,2021-10-21 02:24:47,57500.0,100.0,280100.0
1563,2021-10-21 02:24:39,57700.0,1800.0,280000.0
1564,2021-10-21 02:24:39,57700.0,1000.0,278200.0
1565,2021-10-21 02:24:39,57700.0,100.0,277200.0
1566,2021-10-21 02:24:39,57700.0,1000.0,277100.0
1567,2021-10-21 02:24:39,57700.0,1000.0,276100.0
1568,2021-10-21 02:24:39,57500.0,100.0,275100.0
1569,2021-10-21 02:24:09,57700.0,2000.0,275000.0
1570,2021-10-21 02:24:09,57700.0,500.0,273000.0
1571,2021-10-21 02:24:09,57600.0,100.0,272500.0
1572,2021-10-21 02:24:09,57600.0,200.0,272400.0
1573,2021-10-21 02:24:09,57600.0,1000.0,272200.0
1574,2021-10-21 02:24:09,57600.0,5000.0,271200.0
1575,2021-10-21 02:24:09,57600.0,200.0,266200.0
1576,2021-10-21 02:24:09,57600.0,1000.0,266000.0
1577,2021-10-21 02:24:09,57500.0,1000.0,265000.0
1578,2021-10-21 02:24:09,57400.0,2000.0,264000.0
1579,2021-10-21 02:24:09,57400.0,100.0,262000.0
1580,2021-10-21 02:24:09,57400.0,1000.0,261900.0
1581,2021-10-21 02:24:09,57400.0,900.0,260900.0
1582,2021-10-21 02:24:04,57400.0,2000.0,260000.0
1583,2021-10-21 02:23:57,57400.0,500.0,258000.0
1584,2021-10-21 02:23:53,57400.0,1000.0,257500.0
1585,2021-10-21 02:23:45,57400.0,600.0,256500.0
1586,2021-10-21 02:23:40,57500.0,100.0,255900.0
1587,2021-10-21 02:23:30,57400.0,400.0,255800.0
1588,2021-10-21 02:23:30,57400.0,500.0,255400.0
1589,2021-10-21 02:23:14,57300.0,200.0,254900.0
1590,2021-10-21 02:23:14,57300.0,300.0,254700.0
1591,2021-10-21 02:23:14,57300.0,300.0,254400.0
1592,2021-10-21 02:23:14,57300.0,200.0,254100.0
1593,2021-10-21 02:23:06,57400.0,100.0,253900.0
1594,2021-10-21 02:23:05,57800.0,300.0,253800.0
1595,2021-10-21 02:23:05,57800.0,800.0,253500.0
1596,2021-10-21 02:23:05,57800.0,100.0,252700.0
1597,2021-10-21 02:23:05,57800.0,1000.0,252600.0
1598,2021-10-21 02:23:05,57800.0,600.0,251600.0
1599,2021-10-21 02:23:05,57800.0,100.0,251000.0
1600,2021-10-21 02:23:05,57800.0,9000.0,250900.0
1601,2021-10-21 02:23:05,57700.0,5000.0,241900.0
1602,2021-10-21 02:23:05,57700.0,5000.0,236900.0
1603,2021-10-21 02:23:05,57700.0,500.0,231900.0
1604,2021-10-21 02:23:05,57700.0,100.0,231400.0
1605,2021-10-21 02:23:05,57600.0,500.0,231300.0
1606,2021-10-21 02:23:05,57600.0,1000.0,230800.0
1607,2021-10-21 02:22:53,57600.0,2000.0,229800.0
1608,2021-10-21 02:22:51,57600.0,1000.0,227800.0
1609,2021-10-21 02:22:51,57600.0,5000.0,226800.0
1610,2021-10-21 02:22:51,57600.0,200.0,221800.0
1611,2021-10-21 02:22:51,57600.0,2000.0,221600.0
1612,2021-10-21 02:22:51,57600.0,2000.0,219600.0
1613,2021-10-21 02:22:51,57500.0,100.0,217600.0
1614,2021-10-21 02:22:51,57500.0,200.0,217500.0
1615,2021-10-21 02:22:51,57500.0,500.0,217300.0
1616,2021-10-21 02:22:51,57500.0,5000.0,216800.0
1617,2021-10-21 02:22:51,57500.0,1000.0,211800.0
1618,2021-10-21 02:22:51,57500.0,1000.0,210800.0
1619,2021-10-21 02:22:51,57500.0,500.0,209800.0
1620,2021-10-21 02:22:51,57500.0,1000.0,209300.0
1621,2021-10-21 02:22:51,57500.0,1000.0,208300.0
1622,2021-10-21 02:22:51,57500.0,1000.0,207300.0
1623,2021-10-21 02:22:51,57500.0,900.0,206300.0
1624,2021-10-21 02:22:51,57500.0,100.0,205400.0
1625,2021-10-21 02:22:51,57500.0,100.0,205300.0
1626,2021-10-21 02:22:51,57500.0,100.0,205200.0
1627,2021-10-21 02:22:51,57500.0,100.0,205100.0
1628,2021-10-21 02:22:51,57500.0,300.0,205000.0
1629,2021-10-21 02:22:51,57500.0,100.0,204700.0
1630,2021-10-21 02:22:51,57500.0,1000.0,204600.0
1631,2021-10-21 02:22:51,57500.0,100.0,203600.0
1632,2021-10-21 02:22:51,57400.0,100.0,203500.0
1633,2021-10-21 02:22:51,57400.0,100.0,203400.0
1634,2021-10-21 02:22:51,57400.0,5000.0,203300.0
1635,2021-10-21 02:22:51,57400.0,200.0,198300.0
1636,2021-10-21 02:22:51,57400.0,500.0,198100.0
1637,2021-10-21 02:22:51,57400.0,2000.0,197600.0
1638,2021-10-21 02:22:51,57400.0,5000.0,195600.0
1639,2021-10-21 02:22:51,57400.0,800.0,190600.0
1640,2021-10-21 02:22:48,57300.0,200.0,189800.0
1641,2021-10-21 02:22:38,57300.0,500.0,189600.0
1642,2021-10-21 02:22:26,57400.0,200.0,189100.0
1643,2021-10-21 02:22:26,57400.0,100.0,188900.0
1644,2021-10-21 02:22:22,57300.0,300.0,188800.0
1645,2021-10-21 02:22:22,57300.0,100.0,188500.0
1646,2021-10-21 02:22:18,57300.0,3500.0,188400.0
1647,2021-10-21 02:22:18,57300.0,1500.0,184900.0
1648,2021-10-21 02:22:18,57300.0,500.0,183400.0
1649,2021-10-21 02:22:08,57200.0,1000.0,182900.0
1650,2021-10-21 02:22:08,57200.0,5000.0,181900.0
1651,2021-10-21 02:22:08,57200.0,500.0,176900.0
1652,2021-10-21 02:22:08,57200.0,100.0,176400.0
1653,2021-10-21 02:22:08,57200.0,5000.0,176300.0
1654,2021-10-21 02:22:08,57200.0,100.0,171300.0
1655,2021-10-21 02:22:08,57200.0,1000.0,171200.0
1656,2021-10-21 02:22:08,57200.0,500.0,170200.0
1657,2021-10-21 02:22:08,57200.0,200.0,169700.0
1658,2021-10-21 02:22:01,57100.0,100.0,169500.0
1659,2021-10-21 02:22:00,57100.0,100.0,169400.0
1660,2021-10-21 02:22:00,57100.0,100.0,169300.0
1661,2021-10-21 02:22:00,57100.0,500.0,169200.0
1662,2021-10-21 02:22:00,57100.0,500.0,168700.0
1663,2021-10-21 02:22:00,57100.0,5000.0,168200.0
1664,2021-10-21 02:22:00,57100.0,2000.0,163200.0
1665,2021-10-21 02:22:00,57100.0,100.0,161200.0
1666,2021-10-21 02:21:51,57000.0,100.0,161100.0
1667,2021-10-21 02:21:51,57000.0,200.0,161000.0
1668,2021-10-21 02:21:51,57000.0,100.0,160800.0
1669,2021-10-21 02:21:51,57000.0,100.0,160700.0
1670,2021-10-21 02:21:51,57000.0,2000.0,160600.0
1671,2021-10-21 02:21:51,57000.0,100.0,158600.0
1672,2021-10-21 02:21:51,57000.0,300.0,158500.0
1673,2021-10-21 02:21:51,57000.0,100.0,158200.0
1674,2021-10-21 02:21:51,57000.0,100.0,158100.0
1675,2021-10-21 02:21:51,57000.0,200.0,158000.0
1676,2021-10-21 02:21:51,57000.0,300.0,157800.0
1677,2021-10-21 02:21:50,57000.0,100.0,157500.0
1678,2021-10-21 02:21:49,57000.0,400.0,157400.0
1679,2021-10-21 02:21:49,57000.0,5000.0,157000.0
1680,2021-10-21 02:21:49,57000.0,100.0,152000.0
1681,2021-10-21 02:21:49,57000.0,100.0,151900.0
1682,2021-10-21 02:21:49,57000.0,1500.0,151800.0
1683,2021-10-21 02:21:49,57000.0,200.0,150300.0
1684,2021-10-21 02:21:49,57000.0,100.0,150100.0
1685,2021-10-21 02:21:49,57000.0,500.0,150000.0
1686,2021-10-21 02:21:49,57000.0,5000.0,149500.0
1687,2021-10-21 02:21:49,57000.0,2000.0,144500.0
1688,2021-10-21 02:21:49,57000.0,1000.0,142500.0
1689,2021-10-21 02:21:49,57000.0,500.0,141500.0
1690,2021-10-21 02:21:49,57000.0,100.0,141000.0
1691,2021-10-21 02:21:49,57000.0,200.0,140900.0
1692,2021-10-21 02:21:49,57000.0,3300.0,140700.0
1693,2021-10-21 02:21:41,57000.0,200.0,137400.0
1694,2021-10-21 02:21:21,57000.0,1500.0,137200.0
1695,2021-10-21 02:21:21,57000.0,100.0,135700.0
1696,2021-10-21 02:21:21,57000.0,400.0,135600.0
1697,2021-10-21 02:21:21,56900.0,3000.0,135200.0
1698,2021-10-21 02:21:13,56800.0,4000.0,132200.0
1699,2021-10-21 02:21:08,57000.0,1600.0,128200.0
1700,2021-10-21 02:21:08,57000.0,500.0,126600.0
1701,2021-10-21 02:21:08,57000.0,100.0,126100.0
1702,2021-10-21 02:21:08,57000.0,900.0,126000.0
1703,2021-10-21 02:21:08,57000.0,1900.0,125100.0
1704,2021-10-21 02:21:07,57000.0,4000.0,123200.0
1705,2021-10-21 02:20:58,56800.0,1400.0,119200.0
1706,2021-10-21 02:20:51,57000.0,7100.0,117800.0
1707,2021-10-21 02:20:51,56900.0,700.0,110700.0
1708,2021-10-21 02:20:51,56900.0,100.0,110000.0
1709,2021-10-21 02:20:51,56900.0,1000.0,109900.0
1710,2021-10-21 02:20:51,56900.0,1000.0,108900.0
1711,2021-10-21 02:20:51,56900.0,500.0,107900.0
1712,2021-10-21 02:20:51,56900.0,5000.0,107400.0
1713,2021-10-21 02:20:51,56900.0,1600.0,102400.0
1714,2021-10-21 02:20:46,56700.0,500.0,100800.0
1715,2021-10-21 02:20:46,56700.0,800.0,100300.0
1716,2021-10-21 02:20:46,56800.0,200.0,99500.0
1717,2021-10-21 02:20:46,56800.0,100.0,99300.0
1718,2021-10-21 02:20:46,56800.0,200.0,99200.0
1719,2021-10-21 02:20:43,56800.0,100.0,99000.0
1720,2021-10-21 02:20:43,56800.0,1900.0,98900.0
1721,2021-10-21 02:20:36,56700.0,300.0,97000.0
1722,2021-10-21 02:20:34,56800.0,500.0,96700.0
1723,2021-10-21 02:20:19,56700.0,5000.0,96200.0
1724,2021-10-21 02:20:07,56800.0,4100.0,91200.0
1725,2021-10-21 02:20:04,56800.0,100.0,87100.0
1726,2021-10-21 02:20:04,56800.0,400.0,87000.0
1727,2021-10-21 02:19:58,56800.0,600.0,86600.0
1728,2021-10-21 02:19:49,56800.0,5000.0,86000.0
1729,2021-10-21 02:19:32,56800.0,400.0,81000.0
1730,2021-10-21 02:19:11,56800.0,4600.0,80600.0
1731,2021-10-21 02:19:10,56800.0,400.0,76000.0
1732,2021-10-21 02:18:59,56700.0,2100.0,75600.0
1733,2021-10-21 02:18:59,56700.0,100.0,73500.0
1734,2021-10-21 02:18:59,56700.0,200.0,73400.0
1735,2021-10-21 02:18:59,56700.0,500.0,73200.0
1736,2021-10-21 02:18:59,56700.0,100.0,72700.0
1737,2021-10-21 02:18:59,56800.0,500.0,72600.0
1738,2021-10-21 02:18:49,56800.0,400.0,72100.0
1739,2021-10-21 02:18:49,56800.0,2100.0,71700.0
1740,2021-10-21 02:18:47,56800.0,1000.0,69600.0
1741,2021-10-21 02:18:45,56800.0,500.0,68600.0
1742,2021-10-21 02:18:43,56800.0,1000.0,68100.0
1743,2021-10-21 02:18:36,56700.0,400.0,67100.0
1744,2021-10-21 02:18:34,56700.0,1000.0,66700.0
1745,2021-10-21 02:18:34,56700.0,1000.0,65700.0
1746,2021-10-21 02:18:34,56700.0,200.0,64700.0
1747,2021-10-21 02:18:34,56700.0,100.0,64500.0
1748,2021-10-21 02:18:34,56700.0,200.0,64400.0
1749,2021-10-21 02:18:34,56700.0,100.0,64200.0
1750,2021-10-21 02:18:33,57000.0,100.0,64100.0
1751,2021-10-21 02:18:33,57000.0,100.0,64000.0
1752,2021-10-21 02:18:33,57000.0,100.0,63900.0
1753,2021-10-21 02:18:33,56900.0,3000.0,63800.0
1754,2021-10-21 02:18:33,56900.0,500.0,60800.0
1755,2021-10-21 02:18:33,56900.0,300.0,60300.0
1756,2021-10-21 02:18:33,56800.0,200.0,60000.0
1757,2021-10-21 02:18:33,56800.0,500.0,59800.0
1758,2021-10-21 02:18:33,56800.0,200.0,59300.0
1759,2021-10-21 02:18:18,56800.0,100.0,59100.0
1760,2021-10-21 02:18:06,56800.0,1700.0,59000.0
1761,2021-10-21 02:18:06,56800.0,3300.0,57300.0
1762,2021-10-21 02:17:40,56800.0,5000.0,54000.0
1763,2021-10-21 02:17:37,56700.0,200.0,49000.0
1764,2021-10-21 02:17:35,56700.0,4000.0,48800.0
1765,2021-10-21 02:17:33,56700.0,200.0,44800.0
1766,2021-10-21 02:17:31,56700.0,500.0,44600.0
1767,2021-10-21 02:17:22,56800.0,1700.0,44100.0
1768,2021-10-21 02:17:22,56800.0,1000.0,42400.0
1769,2021-10-21 02:17:22,56800.0,200.0,41400.0
1770,2021-10-21 02:17:22,56800.0,300.0,41200.0
1771,2021-10-21 02:17:22,56800.0,400.0,40900.0
1772,2021-10-21 02:17:22,56800.0,900.0,40500.0
1773,2021-10-21 02:17:22,56700.0,500.0,39600.0
1774,2021-10-21 02:17:19,56600.0,5000.0,39100.0
1775,2021-10-21 02:17:18,56700.0,500.0,34100.0
1776,2021-10-21 02:17:18,56700.0,500.0,33600.0
1777,2021-10-21 02:17:15,56600.0,500.0,33100.0
1778,2021-10-21 02:17:15,56600.0,300.0,32600.0
1779,2021-10-21 02:17:15,56600.0,800.0,32300.0
1780,2021-10-21 02:17:05,56600.0,2700.0,31500.0
1781,2021-10-21 02:17:05,56600.0,300.0,28800.0
1782,2021-10-21 02:16:59,56600.0,500.0,28500.0
1783,2021-10-21 02:16:40,56600.0,300.0,28000.0
1784,2021-10-21 02:16:39,56600.0,300.0,27700.0
1785,2021-10-21 02:16:35,56600.0,500.0,27400.0
1786,2021-10-21 02:16:35,56600.0,700.0,26900.0
1787,2021-10-21 02:16:16,56600.0,4000.0,26200.0
1788,2021-10-21 02:16:16,56600.0,3100.0,22200.0
1789,2021-10-21 02:16:05,56600.0,1000.0,19100.0
1790,2021-10-21 02:16:05,56600.0,500.0,18100.0
1791,2021-10-21 02:16:05,56600.0,200.0,17600.0
1792,2021-10-21 02:16:05,56600.0,200.0,17400.0
1793,2021-10-21 02:16:03,56600.0,200.0,17200.0
1794,2021-10-21 02:16:03,56600.0,800.0,17000.0
1795,2021-10-21 02:16:00,56600.0,200.0,16200.0
1796,2021-10-21 02:15:58,56500.0,100.0,16000.0
1797,2021-10-21 02:15:49,56500.0,500.0,15900.0
1798,2021-10-21 02:15:49,56500.0,500.0,15400.0
1799,2021-10-21 02:15:36,56400.0,500.0,14900.0
1800,2021-10-21 02:15:32,56400.0,600.0,14400.0
1801,2021-10-21 02:15:20,56400.0,400.0,13800.0
1802,2021-10-21 02:15:20,56400.0,500.0,13400.0
1803,2021-10-21 02:15:20,56400.0,100.0,12900.0
1804,2021-10-21 02:15:00,56200.0,200.0,12800.0
1805,2021-10-21 02:15:00,56200.0,300.0,12600.0
1806,2021-10-21 02:15:00,56200.0,200.0,12300.0
1807,2021-10-21 02:15:00,56200.0,100.0,12100.0
1808,2021-10-21 02:15:00,56200.0,200.0,12000.0
1809,2021-10-21 02:15:00,56200.0,300.0,11800.0
1810,2021-10-21 02:15:00,56200.0,100.0,11500.0
1811,2021-10-21 02:15:00,56200.0,500.0,11400.0
1812,2021-10-21 02:15:00,56200.0,4100.0,10900.0
1813,2021-10-21 02:15:00,56200.0,200.0,6800.0
1814,2021-10-21 02:15:00,56200.0,200.0,6600.0
1815,2021-10-21 02:15:00,56200.0,400.0,6400.0
1816,2021-10-21 02:15:00,56200.0,300.0,6000.0
1817,2021-10-21 02:15:00,56200.0,1000.0,5700.0
1818,2021-10-21 02:15:00,56200.0,100.0,4700.0
1819,2021-10-21 02:15:00,56200.0,3000.0,4600.0
1820,2021-10-21 02:15:00,56200.0,400.0,1600.0
1821,2021-10-21 02:15:00,56200.0,500.0,1200.0
1822,2021-10-21 02:15:00,56200.0,300.0,700.0
1823,2021-10-21 02:15:00,56200.0,200.0,400.0
1824,2021-10-21 02:15:00,56200.0,100.0,200.0
1825,2021-10-21 02:15:00,56200.0,100.0,100.0
