,Time,Price,Volume_per_trade,Volume
0,2021-10-07 07:45:01,53900.0,300.0,701200.0
1,2021-10-07 07:45:01,53900.0,100.0,700900.0
2,2021-10-07 07:45:01,53900.0,100.0,700800.0
3,2021-10-07 07:45:01,53900.0,100.0,700700.0
4,2021-10-07 07:45:01,53900.0,200.0,700600.0
5,2021-10-07 07:45:01,53900.0,1800.0,700400.0
6,2021-10-07 07:45:01,53900.0,200.0,698600.0
7,2021-10-07 07:45:01,53900.0,100.0,698400.0
8,2021-10-07 07:45:01,53900.0,1000.0,698300.0
9,2021-10-07 07:45:01,53900.0,100.0,697300.0
10,2021-10-07 07:45:01,53900.0,800.0,697200.0
11,2021-10-07 07:45:01,53900.0,200.0,696400.0
12,2021-10-07 07:45:01,53900.0,300.0,696200.0
13,2021-10-07 07:45:01,53900.0,1900.0,695900.0
14,2021-10-07 07:45:01,53900.0,1000.0,694000.0
15,2021-10-07 07:45:01,53900.0,200.0,693000.0
16,2021-10-07 07:45:01,53900.0,300.0,692800.0
17,2021-10-07 07:45:01,53900.0,100.0,692500.0
18,2021-10-07 07:45:01,53900.0,100.0,692400.0
19,2021-10-07 07:45:01,53900.0,300.0,692300.0
20,2021-10-07 07:45:01,53900.0,100.0,692000.0
21,2021-10-07 07:45:01,53900.0,1000.0,691900.0
22,2021-10-07 07:29:58,54000.0,100.0,690900.0
23,2021-10-07 07:29:46,54000.0,400.0,690800.0
24,2021-10-07 07:29:46,54000.0,300.0,690400.0
25,2021-10-07 07:29:46,54000.0,300.0,690100.0
26,2021-10-07 07:28:31,54000.0,300.0,689800.0
27,2021-10-07 07:28:22,54000.0,400.0,689500.0
28,2021-10-07 07:28:22,54000.0,100.0,689100.0
29,2021-10-07 07:27:26,54000.0,200.0,689000.0
30,2021-10-07 07:27:26,54000.0,600.0,688800.0
31,2021-10-07 07:26:45,54000.0,100.0,688200.0
32,2021-10-07 07:26:45,54000.0,300.0,688100.0
33,2021-10-07 07:26:43,54000.0,200.0,687800.0
34,2021-10-07 07:26:43,54000.0,100.0,687600.0
35,2021-10-07 07:26:43,54000.0,200.0,687500.0
36,2021-10-07 07:26:43,54000.0,200.0,687300.0
37,2021-10-07 07:26:43,54000.0,4300.0,687100.0
38,2021-10-07 07:26:34,54000.0,100.0,682800.0
39,2021-10-07 07:26:30,54000.0,600.0,682700.0
40,2021-10-07 07:26:30,54000.0,400.0,682100.0
41,2021-10-07 07:26:09,54000.0,1000.0,681700.0
42,2021-10-07 07:25:22,54100.0,200.0,680700.0
43,2021-10-07 07:25:09,54000.0,400.0,680500.0
44,2021-10-07 07:24:13,54000.0,500.0,680100.0
45,2021-10-07 07:24:12,54000.0,1400.0,679600.0
46,2021-10-07 07:24:03,54000.0,100.0,678200.0
47,2021-10-07 07:23:59,54000.0,1700.0,678100.0
48,2021-10-07 07:23:59,54000.0,300.0,676400.0
49,2021-10-07 07:23:49,54100.0,100.0,676100.0
50,2021-10-07 07:23:49,54100.0,5100.0,676000.0
51,2021-10-07 07:23:32,54000.0,1000.0,670900.0
52,2021-10-07 07:23:32,54000.0,300.0,669900.0
53,2021-10-07 07:23:10,54100.0,200.0,669600.0
54,2021-10-07 07:22:52,54100.0,2000.0,669400.0
55,2021-10-07 07:22:00,54100.0,700.0,667400.0
56,2021-10-07 07:22:00,54100.0,100.0,666700.0
57,2021-10-07 07:21:40,54100.0,100.0,666600.0
58,2021-10-07 07:21:26,54100.0,200.0,666500.0
59,2021-10-07 07:21:20,54100.0,100.0,666300.0
60,2021-10-07 07:21:20,54100.0,100.0,666200.0
61,2021-10-07 07:20:46,54100.0,600.0,666100.0
62,2021-10-07 07:20:30,54100.0,1900.0,665500.0
63,2021-10-07 07:20:18,54100.0,500.0,663600.0
64,2021-10-07 07:20:05,54100.0,300.0,663100.0
65,2021-10-07 07:19:29,54100.0,200.0,662800.0
66,2021-10-07 07:17:38,54100.0,300.0,662600.0
67,2021-10-07 07:16:20,54100.0,1000.0,662300.0
68,2021-10-07 07:15:54,54100.0,100.0,661300.0
69,2021-10-07 07:15:54,54100.0,400.0,661200.0
70,2021-10-07 07:15:45,54000.0,400.0,660800.0
71,2021-10-07 07:14:57,54000.0,300.0,660400.0
72,2021-10-07 07:14:56,54000.0,400.0,660100.0
73,2021-10-07 07:14:56,54000.0,100.0,659700.0
74,2021-10-07 07:14:41,54000.0,900.0,659600.0
75,2021-10-07 07:14:41,54000.0,300.0,658700.0
76,2021-10-07 07:14:41,54000.0,1300.0,658400.0
77,2021-10-07 07:14:41,54000.0,100.0,657100.0
78,2021-10-07 07:14:41,54000.0,200.0,657000.0
79,2021-10-07 07:14:41,54000.0,2200.0,656800.0
80,2021-10-07 07:13:25,54000.0,1100.0,654600.0
81,2021-10-07 07:13:25,54000.0,900.0,653500.0
82,2021-10-07 07:12:09,54000.0,200.0,652600.0
83,2021-10-07 07:11:39,54000.0,2900.0,652400.0
84,2021-10-07 07:11:12,54000.0,400.0,649500.0
85,2021-10-07 07:11:12,54000.0,1700.0,649100.0
86,2021-10-07 07:11:10,54000.0,300.0,647400.0
87,2021-10-07 07:11:10,54000.0,200.0,647100.0
88,2021-10-07 07:11:10,54000.0,400.0,646900.0
89,2021-10-07 07:10:58,54000.0,100.0,646500.0
90,2021-10-07 07:10:47,54000.0,400.0,646400.0
91,2021-10-07 07:10:47,54000.0,300.0,646000.0
92,2021-10-07 07:10:47,54000.0,200.0,645700.0
93,2021-10-07 07:09:05,54000.0,2000.0,645500.0
94,2021-10-07 07:08:50,54000.0,100.0,643500.0
95,2021-10-07 07:08:23,54000.0,700.0,643400.0
96,2021-10-07 07:08:23,54000.0,300.0,642700.0
97,2021-10-07 07:08:14,54000.0,500.0,642400.0
98,2021-10-07 07:08:02,54000.0,100.0,641900.0
99,2021-10-07 07:08:02,54000.0,1500.0,641800.0
100,2021-10-07 07:08:02,54000.0,200.0,640300.0
101,2021-10-07 07:08:02,54000.0,500.0,640100.0
102,2021-10-07 07:08:02,54000.0,2000.0,639600.0
103,2021-10-07 07:08:02,54000.0,100.0,637600.0
104,2021-10-07 07:08:02,54000.0,200.0,637500.0
105,2021-10-07 07:08:02,54000.0,400.0,637300.0
106,2021-10-07 07:07:40,54000.0,200.0,636900.0
107,2021-10-07 07:07:40,54000.0,100.0,636700.0
108,2021-10-07 07:07:40,54000.0,100.0,636600.0
109,2021-10-07 07:07:20,54000.0,100.0,636500.0
110,2021-10-07 07:07:15,54000.0,1000.0,636400.0
111,2021-10-07 07:05:57,54000.0,500.0,635400.0
112,2021-10-07 07:05:57,54000.0,500.0,634900.0
113,2021-10-07 07:05:14,54000.0,500.0,634400.0
114,2021-10-07 07:05:02,54000.0,1000.0,633900.0
115,2021-10-07 07:05:02,54000.0,100.0,632900.0
116,2021-10-07 07:05:02,54000.0,2000.0,632800.0
117,2021-10-07 07:05:02,54000.0,200.0,630800.0
118,2021-10-07 07:05:02,54000.0,100.0,630600.0
119,2021-10-07 07:05:02,54000.0,2000.0,630500.0
120,2021-10-07 07:05:02,54000.0,200.0,628500.0
121,2021-10-07 07:05:02,54000.0,3000.0,628300.0
122,2021-10-07 07:05:02,54000.0,500.0,625300.0
123,2021-10-07 07:05:02,54000.0,900.0,624800.0
124,2021-10-07 07:03:10,54000.0,2000.0,623900.0
125,2021-10-07 07:02:52,54100.0,300.0,621900.0
126,2021-10-07 07:02:18,54100.0,100.0,621600.0
127,2021-10-07 07:01:42,54100.0,1000.0,621500.0
128,2021-10-07 07:01:03,54100.0,200.0,620500.0
129,2021-10-07 07:01:02,54100.0,200.0,620300.0
130,2021-10-07 07:00:56,54100.0,200.0,620100.0
131,2021-10-07 07:00:49,54000.0,100.0,619900.0
132,2021-10-07 07:00:49,54000.0,200.0,619800.0
133,2021-10-07 07:00:48,54000.0,1800.0,619600.0
134,2021-10-07 07:00:48,54000.0,300.0,617800.0
135,2021-10-07 07:00:48,54000.0,900.0,617500.0
136,2021-10-07 06:59:17,54000.0,5000.0,616600.0
137,2021-10-07 06:59:11,54100.0,200.0,611600.0
138,2021-10-07 06:58:51,54100.0,2800.0,611400.0
139,2021-10-07 06:58:51,54100.0,500.0,608600.0
140,2021-10-07 06:58:51,54100.0,1000.0,608100.0
141,2021-10-07 06:58:11,54100.0,200.0,607100.0
142,2021-10-07 06:57:29,54100.0,100.0,606900.0
143,2021-10-07 06:57:20,54100.0,300.0,606800.0
144,2021-10-07 06:57:07,54100.0,4300.0,606500.0
145,2021-10-07 06:55:45,54100.0,3000.0,602200.0
146,2021-10-07 06:55:29,54100.0,200.0,599200.0
147,2021-10-07 06:53:59,54100.0,3000.0,599000.0
148,2021-10-07 06:53:59,54100.0,200.0,596000.0
149,2021-10-07 06:53:59,54100.0,200.0,595800.0
150,2021-10-07 06:53:59,54100.0,7500.0,595600.0
151,2021-10-07 06:53:39,54200.0,300.0,588100.0
152,2021-10-07 06:52:48,54200.0,100.0,587800.0
153,2021-10-07 06:52:07,54200.0,200.0,587700.0
154,2021-10-07 06:52:01,54200.0,100.0,587500.0
155,2021-10-07 06:51:50,54100.0,100.0,587400.0
156,2021-10-07 06:51:14,54100.0,2000.0,587300.0
157,2021-10-07 06:51:08,54100.0,100.0,585300.0
158,2021-10-07 06:50:34,54100.0,100.0,585200.0
159,2021-10-07 06:49:09,54100.0,100.0,585100.0
160,2021-10-07 06:49:09,54100.0,100.0,585000.0
161,2021-10-07 06:49:09,54100.0,2000.0,584900.0
162,2021-10-07 06:49:09,54100.0,3000.0,582900.0
163,2021-10-07 06:48:06,54100.0,300.0,579900.0
164,2021-10-07 06:47:53,54100.0,500.0,579600.0
165,2021-10-07 06:46:26,54100.0,100.0,579100.0
166,2021-10-07 06:46:16,54100.0,200.0,579000.0
167,2021-10-07 06:45:42,54100.0,500.0,578800.0
168,2021-10-07 06:45:42,54100.0,1000.0,578300.0
169,2021-10-07 06:44:34,54100.0,200.0,577300.0
170,2021-10-07 06:44:34,54100.0,1000.0,577100.0
171,2021-10-07 06:44:25,54100.0,200.0,576100.0
172,2021-10-07 06:43:30,54100.0,1000.0,575900.0
173,2021-10-07 06:43:30,54100.0,100.0,574900.0
174,2021-10-07 06:43:30,54100.0,3000.0,574800.0
175,2021-10-07 06:43:30,54100.0,100.0,571800.0
176,2021-10-07 06:43:30,54100.0,5000.0,571700.0
177,2021-10-07 06:43:30,54100.0,5000.0,566700.0
178,2021-10-07 06:43:30,54100.0,1000.0,561700.0
179,2021-10-07 06:43:30,54100.0,500.0,560700.0
180,2021-10-07 06:43:30,54100.0,2000.0,560200.0
181,2021-10-07 06:43:30,54100.0,100.0,558200.0
182,2021-10-07 06:43:30,54100.0,100.0,558100.0
183,2021-10-07 06:42:56,54000.0,1100.0,558000.0
184,2021-10-07 06:42:41,54000.0,100.0,556900.0
185,2021-10-07 06:42:34,54000.0,300.0,556800.0
186,2021-10-07 06:42:32,54000.0,3400.0,556500.0
187,2021-10-07 06:42:25,54000.0,100.0,553100.0
188,2021-10-07 06:42:08,54000.0,10000.0,553000.0
189,2021-10-07 06:41:20,54000.0,3300.0,543000.0
190,2021-10-07 06:40:46,53900.0,100.0,539700.0
191,2021-10-07 06:40:44,54000.0,200.0,539600.0
192,2021-10-07 06:40:23,54000.0,300.0,539400.0
193,2021-10-07 06:40:23,54000.0,200.0,539100.0
194,2021-10-07 06:40:23,54000.0,300.0,538900.0
195,2021-10-07 06:40:23,54000.0,200.0,538600.0
196,2021-10-07 06:40:23,54000.0,500.0,538400.0
197,2021-10-07 06:40:06,54000.0,200.0,537900.0
198,2021-10-07 06:39:51,54000.0,300.0,537700.0
199,2021-10-07 06:39:51,54000.0,100.0,537400.0
200,2021-10-07 06:39:51,54000.0,500.0,537300.0
201,2021-10-07 06:39:51,54000.0,200.0,536800.0
202,2021-10-07 06:39:51,54000.0,200.0,536600.0
203,2021-10-07 06:39:36,54000.0,500.0,536400.0
204,2021-10-07 06:39:36,54000.0,4500.0,535900.0
205,2021-10-07 06:39:36,54000.0,100.0,531400.0
206,2021-10-07 06:39:36,54000.0,500.0,531300.0
207,2021-10-07 06:39:36,54000.0,1000.0,530800.0
208,2021-10-07 06:39:36,54000.0,100.0,529800.0
209,2021-10-07 06:39:36,54000.0,2000.0,529700.0
210,2021-10-07 06:39:36,54000.0,2000.0,527700.0
211,2021-10-07 06:39:36,54000.0,100.0,525700.0
212,2021-10-07 06:39:36,54000.0,200.0,525600.0
213,2021-10-07 06:39:36,54000.0,400.0,525400.0
214,2021-10-07 06:39:36,54000.0,300.0,525000.0
215,2021-10-07 06:39:36,54000.0,100.0,524700.0
216,2021-10-07 06:39:36,54000.0,1000.0,524600.0
217,2021-10-07 06:39:36,54000.0,100.0,523600.0
218,2021-10-07 06:39:36,54000.0,200.0,523500.0
219,2021-10-07 06:39:36,54000.0,1000.0,523300.0
220,2021-10-07 06:39:36,54000.0,5000.0,522300.0
221,2021-10-07 06:39:36,54000.0,2000.0,517300.0
222,2021-10-07 06:39:36,54000.0,200.0,515300.0
223,2021-10-07 06:39:36,54000.0,2000.0,515100.0
224,2021-10-07 06:39:36,54000.0,100.0,513100.0
225,2021-10-07 06:39:36,54000.0,200.0,513000.0
226,2021-10-07 06:39:36,54000.0,1400.0,512800.0
227,2021-10-07 06:38:53,54000.0,500.0,511400.0
228,2021-10-07 06:38:36,54000.0,100.0,510900.0
229,2021-10-07 06:37:59,54000.0,300.0,510800.0
230,2021-10-07 06:37:45,54100.0,300.0,510500.0
231,2021-10-07 06:37:45,54100.0,200.0,510200.0
232,2021-10-07 06:37:21,54000.0,100.0,510000.0
233,2021-10-07 06:37:08,54000.0,700.0,509900.0
234,2021-10-07 06:37:02,54100.0,200.0,509200.0
235,2021-10-07 06:36:35,54100.0,1300.0,509000.0
236,2021-10-07 06:36:35,54100.0,700.0,507700.0
237,2021-10-07 06:36:10,54100.0,4300.0,507000.0
238,2021-10-07 06:36:10,54100.0,1000.0,502700.0
239,2021-10-07 06:36:10,54100.0,4700.0,501700.0
240,2021-10-07 06:35:59,54100.0,3000.0,497000.0
241,2021-10-07 06:35:32,54100.0,300.0,494000.0
242,2021-10-07 06:35:32,54100.0,300.0,493700.0
243,2021-10-07 06:35:32,54100.0,2800.0,493400.0
244,2021-10-07 06:35:11,54100.0,200.0,490600.0
245,2021-10-07 06:34:51,54100.0,1000.0,490400.0
246,2021-10-07 06:33:55,54100.0,1000.0,489400.0
247,2021-10-07 06:33:52,54100.0,500.0,488400.0
248,2021-10-07 06:33:52,54100.0,100.0,487900.0
249,2021-10-07 06:33:52,54100.0,100.0,487800.0
250,2021-10-07 06:33:52,54100.0,700.0,487700.0
251,2021-10-07 06:33:21,54100.0,300.0,487000.0
252,2021-10-07 06:32:38,54100.0,1000.0,486700.0
253,2021-10-07 06:32:21,54100.0,1000.0,485700.0
254,2021-10-07 06:31:30,54100.0,200.0,484700.0
255,2021-10-07 06:31:17,54100.0,800.0,484500.0
256,2021-10-07 06:31:17,54100.0,200.0,483700.0
257,2021-10-07 06:30:35,54100.0,200.0,483500.0
258,2021-10-07 06:30:35,54100.0,300.0,483300.0
259,2021-10-07 06:29:36,54000.0,500.0,483000.0
260,2021-10-07 06:29:11,54100.0,500.0,482500.0
261,2021-10-07 06:27:48,54100.0,300.0,482000.0
262,2021-10-07 06:27:48,54100.0,300.0,481700.0
263,2021-10-07 06:27:35,54100.0,100.0,481400.0
264,2021-10-07 06:26:03,54100.0,300.0,481300.0
265,2021-10-07 06:25:58,54100.0,200.0,481000.0
266,2021-10-07 06:25:07,54100.0,300.0,480800.0
267,2021-10-07 06:24:07,54100.0,200.0,480500.0
268,2021-10-07 06:22:16,54100.0,300.0,480300.0
269,2021-10-07 06:21:34,54100.0,500.0,480000.0
270,2021-10-07 06:20:37,54000.0,300.0,479500.0
271,2021-10-07 06:20:26,54100.0,200.0,479200.0
272,2021-10-07 06:20:16,54100.0,400.0,479000.0
273,2021-10-07 06:20:16,54100.0,100.0,478600.0
274,2021-10-07 06:19:32,54100.0,500.0,478500.0
275,2021-10-07 06:18:52,54100.0,200.0,478000.0
276,2021-10-07 06:18:35,54100.0,200.0,477800.0
277,2021-10-07 06:18:35,54100.0,100.0,477600.0
278,2021-10-07 06:18:26,54100.0,5000.0,477500.0
279,2021-10-07 06:17:51,54000.0,600.0,472500.0
280,2021-10-07 06:17:43,54100.0,400.0,471900.0
281,2021-10-07 06:17:43,54100.0,100.0,471500.0
282,2021-10-07 06:16:44,54100.0,200.0,471400.0
283,2021-10-07 06:15:22,54100.0,400.0,471200.0
284,2021-10-07 06:14:53,54100.0,200.0,470800.0
285,2021-10-07 06:14:00,54100.0,300.0,470600.0
286,2021-10-07 06:14:00,54100.0,200.0,470300.0
287,2021-10-07 06:14:00,54100.0,2000.0,470100.0
288,2021-10-07 06:14:00,54100.0,20000.0,468100.0
289,2021-10-07 06:14:00,54100.0,5000.0,448100.0
290,2021-10-07 06:14:00,54100.0,1000.0,443100.0
291,2021-10-07 06:14:00,54100.0,900.0,442100.0
292,2021-10-07 06:12:05,54200.0,100.0,441200.0
293,2021-10-07 06:12:01,54200.0,400.0,441100.0
294,2021-10-07 06:11:12,54200.0,100.0,440700.0
295,2021-10-07 06:11:12,54200.0,100.0,440600.0
296,2021-10-07 06:10:36,54200.0,500.0,440500.0
297,2021-10-07 06:09:40,54200.0,1000.0,440000.0
298,2021-10-07 06:09:21,54200.0,200.0,439000.0
299,2021-10-07 06:09:10,54200.0,200.0,438800.0
300,2021-10-07 06:09:10,54200.0,1000.0,438600.0
301,2021-10-07 06:09:10,54200.0,2000.0,437600.0
302,2021-10-07 06:09:10,54200.0,1800.0,435600.0
303,2021-10-07 06:08:00,54200.0,200.0,433800.0
304,2021-10-07 06:08:00,54200.0,300.0,433600.0
305,2021-10-07 06:07:30,54200.0,300.0,433300.0
306,2021-10-07 06:07:18,54200.0,200.0,433000.0
307,2021-10-07 06:07:18,54200.0,1000.0,432800.0
308,2021-10-07 06:07:18,54200.0,300.0,431800.0
309,2021-10-07 06:07:18,54200.0,900.0,431500.0
310,2021-10-07 06:06:48,54300.0,1000.0,430600.0
311,2021-10-07 06:06:28,54300.0,1000.0,429600.0
312,2021-10-07 06:05:40,54300.0,200.0,428600.0
313,2021-10-07 06:05:11,54300.0,1000.0,428400.0
314,2021-10-07 06:05:07,54200.0,200.0,427400.0
315,2021-10-07 06:03:47,54200.0,100.0,427200.0
316,2021-10-07 06:03:47,54200.0,500.0,427100.0
317,2021-10-07 06:03:47,54200.0,500.0,426600.0
318,2021-10-07 06:03:47,54200.0,200.0,426100.0
319,2021-10-07 06:03:47,54200.0,400.0,425900.0
320,2021-10-07 06:03:47,54200.0,300.0,425500.0
321,2021-10-07 06:03:47,54200.0,500.0,425200.0
322,2021-10-07 06:03:47,54200.0,500.0,424700.0
323,2021-10-07 06:03:47,54200.0,900.0,424200.0
324,2021-10-07 06:03:41,54200.0,4100.0,423300.0
325,2021-10-07 06:03:41,54200.0,200.0,419200.0
326,2021-10-07 06:03:41,54200.0,400.0,419000.0
327,2021-10-07 06:03:41,54200.0,1100.0,418600.0
328,2021-10-07 06:03:41,54200.0,100.0,417500.0
329,2021-10-07 06:03:41,54200.0,2000.0,417400.0
330,2021-10-07 06:03:41,54200.0,200.0,415400.0
331,2021-10-07 06:03:41,54200.0,300.0,415200.0
332,2021-10-07 06:03:41,54200.0,200.0,414900.0
333,2021-10-07 06:03:41,54200.0,1100.0,414700.0
334,2021-10-07 06:01:58,54200.0,200.0,413600.0
335,2021-10-07 06:01:49,54200.0,3700.0,413400.0
336,2021-10-07 06:01:49,54200.0,2800.0,409700.0
337,2021-10-07 06:00:56,54200.0,100.0,406900.0
338,2021-10-07 06:00:20,54100.0,1100.0,406800.0
339,2021-10-07 06:00:20,54000.0,500.0,405700.0
340,2021-10-07 06:00:16,54100.0,200.0,405200.0
341,2021-10-07 06:00:14,54100.0,1000.0,405000.0
342,2021-10-07 06:00:11,54100.0,100.0,404000.0
343,2021-10-07 06:00:10,54100.0,2000.0,403900.0
344,2021-10-07 06:00:09,54100.0,400.0,401900.0
345,2021-10-07 06:00:08,54100.0,200.0,401500.0
346,2021-10-07 06:00:04,54100.0,900.0,401300.0
347,2021-10-07 06:00:01,54100.0,700.0,400400.0
348,2021-10-07 06:00:01,54100.0,700.0,399700.0
349,2021-10-07 06:00:01,54100.0,300.0,399000.0
350,2021-10-07 06:00:01,54100.0,200.0,398700.0
351,2021-10-07 06:00:01,54100.0,400.0,398500.0
352,2021-10-07 06:00:00,54100.0,400.0,398100.0
353,2021-10-07 06:00:00,54100.0,600.0,397700.0
354,2021-10-07 04:29:47,54100.0,400.0,397100.0
355,2021-10-07 04:29:47,54100.0,100.0,396700.0
356,2021-10-07 04:29:47,54100.0,600.0,396600.0
357,2021-10-07 04:29:02,53900.0,700.0,396000.0
358,2021-10-07 04:29:02,53900.0,100.0,395300.0
359,2021-10-07 04:29:02,53900.0,1200.0,395200.0
360,2021-10-07 04:25:46,53900.0,800.0,394000.0
361,2021-10-07 04:25:46,53900.0,500.0,393200.0
362,2021-10-07 04:25:46,53900.0,2000.0,392700.0
363,2021-10-07 04:25:46,53900.0,100.0,390700.0
364,2021-10-07 04:25:46,53900.0,500.0,390600.0
365,2021-10-07 04:25:46,53900.0,600.0,390100.0
366,2021-10-07 04:25:46,53900.0,900.0,389500.0
367,2021-10-07 04:25:46,54000.0,1000.0,388600.0
368,2021-10-07 04:25:46,54000.0,200.0,387600.0
369,2021-10-07 04:25:46,54000.0,100.0,387400.0
370,2021-10-07 04:25:46,54000.0,300.0,387300.0
371,2021-10-07 04:25:46,54000.0,500.0,387000.0
372,2021-10-07 04:25:46,54000.0,400.0,386500.0
373,2021-10-07 04:25:46,54000.0,100.0,386100.0
374,2021-10-07 04:25:26,54100.0,400.0,386000.0
375,2021-10-07 04:25:26,54100.0,100.0,385600.0
376,2021-10-07 04:22:14,54000.0,100.0,385500.0
377,2021-10-07 04:22:14,54000.0,500.0,385400.0
378,2021-10-07 04:22:14,54000.0,500.0,384900.0
379,2021-10-07 04:22:14,54000.0,100.0,384400.0
380,2021-10-07 04:22:14,54000.0,900.0,384300.0
381,2021-10-07 04:22:14,54000.0,300.0,383400.0
382,2021-10-07 04:22:14,54000.0,200.0,383100.0
383,2021-10-07 04:22:14,54000.0,1000.0,382900.0
384,2021-10-07 04:22:14,54000.0,1900.0,381900.0
385,2021-10-07 04:22:14,54100.0,100.0,380000.0
386,2021-10-07 04:20:54,54100.0,100.0,379900.0
387,2021-10-07 04:19:59,54100.0,400.0,379800.0
388,2021-10-07 04:18:32,54000.0,100.0,379400.0
389,2021-10-07 04:18:32,54000.0,1900.0,379300.0
390,2021-10-07 04:17:32,54000.0,100.0,377400.0
391,2021-10-07 04:17:32,54000.0,1000.0,377300.0
392,2021-10-07 04:17:32,54000.0,600.0,376300.0
393,2021-10-07 04:17:32,54100.0,300.0,375700.0
394,2021-10-07 04:17:09,54100.0,100.0,375400.0
395,2021-10-07 04:17:02,54100.0,100.0,375300.0
396,2021-10-07 04:16:41,54100.0,100.0,375200.0
397,2021-10-07 04:14:03,54100.0,100.0,375100.0
398,2021-10-07 04:14:03,54100.0,300.0,375000.0
399,2021-10-07 04:14:03,54100.0,600.0,374700.0
400,2021-10-07 04:12:40,54100.0,1400.0,374100.0
401,2021-10-07 04:11:50,54100.0,200.0,372700.0
402,2021-10-07 04:11:50,54100.0,100.0,372500.0
403,2021-10-07 04:11:50,54100.0,200.0,372400.0
404,2021-10-07 04:11:50,54100.0,100.0,372200.0
405,2021-10-07 04:10:03,54100.0,100.0,372100.0
406,2021-10-07 04:09:52,54100.0,500.0,372000.0
407,2021-10-07 04:08:57,54100.0,100.0,371500.0
408,2021-10-07 04:08:41,54100.0,200.0,371400.0
409,2021-10-07 04:08:41,54100.0,800.0,371200.0
410,2021-10-07 04:08:41,54100.0,3000.0,370400.0
411,2021-10-07 04:08:32,54100.0,4000.0,367400.0
412,2021-10-07 04:07:59,54200.0,300.0,363400.0
413,2021-10-07 04:07:15,54200.0,200.0,363100.0
414,2021-10-07 04:07:07,54200.0,100.0,362900.0
415,2021-10-07 04:06:23,54100.0,400.0,362800.0
416,2021-10-07 04:06:23,54100.0,600.0,362400.0
417,2021-10-07 04:06:12,54100.0,400.0,361800.0
418,2021-10-07 04:06:08,54100.0,2000.0,361400.0
419,2021-10-07 04:06:08,54100.0,2000.0,359400.0
420,2021-10-07 04:06:08,54100.0,500.0,357400.0
421,2021-10-07 04:06:08,54100.0,5000.0,356900.0
422,2021-10-07 04:06:08,54100.0,400.0,351900.0
423,2021-10-07 04:06:08,54100.0,200.0,351500.0
424,2021-10-07 04:06:08,54100.0,500.0,351300.0
425,2021-10-07 04:06:08,54100.0,100.0,350800.0
426,2021-10-07 04:06:08,54100.0,100.0,350700.0
427,2021-10-07 04:06:08,54100.0,9200.0,350600.0
428,2021-10-07 04:06:07,54100.0,200.0,341400.0
429,2021-10-07 04:05:47,54100.0,400.0,341200.0
430,2021-10-07 04:05:39,54100.0,200.0,340800.0
431,2021-10-07 04:05:37,54000.0,1400.0,340600.0
432,2021-10-07 04:05:37,54000.0,1000.0,339200.0
433,2021-10-07 04:05:37,54000.0,200.0,338200.0
434,2021-10-07 04:05:37,54000.0,5000.0,338000.0
435,2021-10-07 04:05:37,54000.0,100.0,333000.0
436,2021-10-07 04:05:37,54000.0,8000.0,332900.0
437,2021-10-07 04:05:37,54000.0,4300.0,324900.0
438,2021-10-07 04:04:39,54100.0,200.0,320600.0
439,2021-10-07 04:04:20,54000.0,5700.0,320400.0
440,2021-10-07 04:04:20,54000.0,200.0,314700.0
441,2021-10-07 04:04:20,54000.0,100.0,314500.0
442,2021-10-07 04:04:20,54000.0,800.0,314400.0
443,2021-10-07 04:04:17,54100.0,200.0,313600.0
444,2021-10-07 04:03:43,54100.0,100.0,313400.0
445,2021-10-07 04:03:40,54100.0,100.0,313300.0
446,2021-10-07 04:02:37,54100.0,100.0,313200.0
447,2021-10-07 04:02:27,54100.0,300.0,313100.0
448,2021-10-07 04:02:20,54100.0,2000.0,312800.0
449,2021-10-07 04:02:03,54100.0,100.0,310800.0
450,2021-10-07 04:01:48,54100.0,500.0,310700.0
451,2021-10-07 04:01:14,54100.0,6400.0,310200.0
452,2021-10-07 04:01:14,54100.0,5000.0,303800.0
453,2021-10-07 04:01:14,54100.0,400.0,298800.0
454,2021-10-07 04:01:11,54000.0,100.0,298400.0
455,2021-10-07 04:01:06,54000.0,200.0,298300.0
456,2021-10-07 04:00:46,54000.0,200.0,298100.0
457,2021-10-07 04:00:08,54000.0,700.0,297900.0
458,2021-10-07 04:00:08,54000.0,300.0,297200.0
459,2021-10-07 03:58:16,54000.0,500.0,296900.0
460,2021-10-07 03:58:16,54000.0,2000.0,296400.0
461,2021-10-07 03:58:16,54000.0,500.0,294400.0
462,2021-10-07 03:56:54,54100.0,100.0,293900.0
463,2021-10-07 03:56:54,54100.0,100.0,293800.0
464,2021-10-07 03:55:25,54100.0,400.0,293700.0
465,2021-10-07 03:55:04,54100.0,200.0,293300.0
466,2021-10-07 03:54:52,54100.0,200.0,293100.0
467,2021-10-07 03:54:40,54000.0,4500.0,292900.0
468,2021-10-07 03:54:40,54000.0,300.0,288400.0
469,2021-10-07 03:54:40,54000.0,100.0,288100.0
470,2021-10-07 03:54:40,54000.0,100.0,288000.0
471,2021-10-07 03:53:21,54100.0,100.0,287900.0
472,2021-10-07 03:53:17,54100.0,100.0,287800.0
473,2021-10-07 03:53:12,54000.0,200.0,287700.0
474,2021-10-07 03:53:12,54000.0,100.0,287500.0
475,2021-10-07 03:53:12,54000.0,100.0,287400.0
476,2021-10-07 03:53:12,54000.0,1100.0,287300.0
477,2021-10-07 03:51:22,54100.0,200.0,286200.0
478,2021-10-07 03:50:45,54100.0,1700.0,286000.0
479,2021-10-07 03:50:45,54100.0,200.0,284300.0
480,2021-10-07 03:50:41,54100.0,200.0,284100.0
481,2021-10-07 03:48:14,54000.0,200.0,283900.0
482,2021-10-07 03:48:14,54000.0,700.0,283700.0
483,2021-10-07 03:48:01,54000.0,100.0,283000.0
484,2021-10-07 03:47:41,54000.0,300.0,282900.0
485,2021-10-07 03:45:57,54000.0,2100.0,282600.0
486,2021-10-07 03:45:50,54000.0,200.0,280500.0
487,2021-10-07 03:45:42,54000.0,1600.0,280300.0
488,2021-10-07 03:45:42,54000.0,3400.0,278700.0
489,2021-10-07 03:44:22,54000.0,3000.0,275300.0
490,2021-10-07 03:43:59,54000.0,200.0,272300.0
491,2021-10-07 03:43:54,54000.0,100.0,272100.0
492,2021-10-07 03:43:54,54000.0,2000.0,272000.0
493,2021-10-07 03:43:54,54000.0,100.0,270000.0
494,2021-10-07 03:43:54,54000.0,1200.0,269900.0
495,2021-10-07 03:42:09,54100.0,300.0,268700.0
496,2021-10-07 03:42:03,54100.0,600.0,268400.0
497,2021-10-07 03:40:31,54000.0,400.0,267800.0
498,2021-10-07 03:40:18,54000.0,200.0,267400.0
499,2021-10-07 03:39:51,54000.0,400.0,267200.0
500,2021-10-07 03:39:48,54000.0,100.0,266800.0
501,2021-10-07 03:39:48,54000.0,100.0,266700.0
502,2021-10-07 03:39:11,54000.0,300.0,266600.0
503,2021-10-07 03:38:27,54000.0,300.0,266300.0
504,2021-10-07 03:38:05,54000.0,200.0,266000.0
505,2021-10-07 03:37:42,54000.0,2000.0,265800.0
506,2021-10-07 03:36:06,54000.0,1000.0,263800.0
507,2021-10-07 03:36:06,54000.0,200.0,262800.0
508,2021-10-07 03:36:06,54000.0,200.0,262600.0
509,2021-10-07 03:36:06,54000.0,200.0,262400.0
510,2021-10-07 03:33:44,54000.0,600.0,262200.0
511,2021-10-07 03:33:44,54000.0,800.0,261600.0
512,2021-10-07 03:32:56,54000.0,300.0,260800.0
513,2021-10-07 03:32:35,54000.0,200.0,260500.0
514,2021-10-07 03:31:47,54000.0,200.0,260300.0
515,2021-10-07 03:30:23,54000.0,400.0,260100.0
516,2021-10-07 03:29:58,54000.0,300.0,259700.0
517,2021-10-07 03:29:46,54000.0,200.0,259400.0
518,2021-10-07 03:29:46,54000.0,2000.0,259200.0
519,2021-10-07 03:29:46,54000.0,100.0,257200.0
520,2021-10-07 03:29:46,54000.0,100.0,257100.0
521,2021-10-07 03:29:46,54000.0,500.0,257000.0
522,2021-10-07 03:29:46,54000.0,1000.0,256500.0
523,2021-10-07 03:29:46,54000.0,500.0,255500.0
524,2021-10-07 03:29:46,54000.0,200.0,255000.0
525,2021-10-07 03:29:46,54000.0,5000.0,254800.0
526,2021-10-07 03:29:46,54000.0,700.0,249800.0
527,2021-10-07 03:29:46,54000.0,600.0,249100.0
528,2021-10-07 03:29:46,54000.0,100.0,248500.0
529,2021-10-07 03:29:46,54000.0,2000.0,248400.0
530,2021-10-07 03:29:46,54000.0,500.0,246400.0
531,2021-10-07 03:29:46,54000.0,500.0,245900.0
532,2021-10-07 03:29:46,54000.0,400.0,245400.0
533,2021-10-07 03:29:46,54000.0,100.0,245000.0
534,2021-10-07 03:29:46,54000.0,4300.0,244900.0
535,2021-10-07 03:29:31,54000.0,700.0,240600.0
536,2021-10-07 03:29:31,54000.0,300.0,239900.0
537,2021-10-07 03:29:23,54100.0,400.0,239600.0
538,2021-10-07 03:28:17,54100.0,200.0,239200.0
539,2021-10-07 03:27:52,54100.0,100.0,239000.0
540,2021-10-07 03:27:51,54100.0,300.0,238900.0
541,2021-10-07 03:27:42,54100.0,100.0,238600.0
542,2021-10-07 03:27:42,54100.0,900.0,238500.0
543,2021-10-07 03:25:44,54100.0,100.0,237600.0
544,2021-10-07 03:25:44,54100.0,1000.0,237500.0
545,2021-10-07 03:25:44,54100.0,500.0,236500.0
546,2021-10-07 03:25:44,54100.0,500.0,236000.0
547,2021-10-07 03:25:06,54100.0,400.0,235500.0
548,2021-10-07 03:24:36,54100.0,500.0,235100.0
549,2021-10-07 03:24:11,54100.0,100.0,234600.0
550,2021-10-07 03:24:09,54200.0,1000.0,234500.0
551,2021-10-07 03:23:00,54200.0,500.0,233500.0
552,2021-10-07 03:22:21,54200.0,400.0,233000.0
553,2021-10-07 03:22:21,54200.0,100.0,232600.0
554,2021-10-07 03:22:21,54200.0,400.0,232500.0
555,2021-10-07 03:21:23,54200.0,700.0,232100.0
556,2021-10-07 03:20:36,54200.0,2900.0,231400.0
557,2021-10-07 03:20:36,54200.0,1000.0,228500.0
558,2021-10-07 03:20:36,54200.0,500.0,227500.0
559,2021-10-07 03:20:36,54200.0,600.0,227000.0
560,2021-10-07 03:20:17,54100.0,100.0,226400.0
561,2021-10-07 03:20:17,54100.0,100.0,226300.0
562,2021-10-07 03:20:16,54200.0,100.0,226200.0
563,2021-10-07 03:19:55,54100.0,400.0,226100.0
564,2021-10-07 03:19:22,54100.0,500.0,225700.0
565,2021-10-07 03:19:22,54100.0,500.0,225200.0
566,2021-10-07 03:19:04,54200.0,100.0,224700.0
567,2021-10-07 03:19:04,54200.0,1000.0,224600.0
568,2021-10-07 03:19:04,54200.0,200.0,223600.0
569,2021-10-07 03:18:26,54200.0,1800.0,223400.0
570,2021-10-07 03:18:26,54200.0,700.0,221600.0
571,2021-10-07 03:17:47,54300.0,800.0,220900.0
572,2021-10-07 03:17:47,54300.0,200.0,220100.0
573,2021-10-07 03:17:17,54200.0,100.0,219900.0
574,2021-10-07 03:17:14,54300.0,200.0,219800.0
575,2021-10-07 03:16:56,54300.0,100.0,219600.0
576,2021-10-07 03:16:56,54300.0,1000.0,219500.0
577,2021-10-07 03:16:56,54300.0,300.0,218500.0
578,2021-10-07 03:16:56,54300.0,300.0,218200.0
579,2021-10-07 03:16:56,54300.0,1300.0,217900.0
580,2021-10-07 03:16:49,54300.0,200.0,216600.0
581,2021-10-07 03:16:45,54200.0,200.0,216400.0
582,2021-10-07 03:16:45,54200.0,100.0,216200.0
583,2021-10-07 03:16:45,54200.0,100.0,216100.0
584,2021-10-07 03:16:45,54200.0,500.0,216000.0
585,2021-10-07 03:16:16,54200.0,2000.0,215500.0
586,2021-10-07 03:16:04,54200.0,500.0,213500.0
587,2021-10-07 03:16:02,54200.0,2000.0,213000.0
588,2021-10-07 03:16:02,54200.0,500.0,211000.0
589,2021-10-07 03:16:02,54200.0,200.0,210500.0
590,2021-10-07 03:16:02,54200.0,400.0,210300.0
591,2021-10-07 03:16:02,54200.0,500.0,209900.0
592,2021-10-07 03:16:02,54200.0,100.0,209400.0
593,2021-10-07 03:16:02,54200.0,600.0,209300.0
594,2021-10-07 03:16:02,54200.0,100.0,208700.0
595,2021-10-07 03:16:02,54200.0,500.0,208600.0
596,2021-10-07 03:16:02,54200.0,1000.0,208100.0
597,2021-10-07 03:16:02,54200.0,4100.0,207100.0
598,2021-10-07 03:15:45,54200.0,200.0,203000.0
599,2021-10-07 03:15:44,54200.0,700.0,202800.0
600,2021-10-07 03:15:44,54200.0,300.0,202100.0
601,2021-10-07 03:15:39,54200.0,100.0,201800.0
602,2021-10-07 03:15:39,54200.0,300.0,201700.0
603,2021-10-07 03:15:39,54200.0,100.0,201400.0
604,2021-10-07 03:15:39,54200.0,800.0,201300.0
605,2021-10-07 03:15:39,54200.0,700.0,200500.0
606,2021-10-07 03:15:22,54200.0,1200.0,199800.0
607,2021-10-07 03:14:59,54200.0,100.0,198600.0
608,2021-10-07 03:14:50,54100.0,100.0,198500.0
609,2021-10-07 03:14:03,54100.0,200.0,198400.0
610,2021-10-07 03:13:56,54100.0,700.0,198200.0
611,2021-10-07 03:13:56,54100.0,200.0,197500.0
612,2021-10-07 03:13:36,54100.0,400.0,197300.0
613,2021-10-07 03:12:48,54100.0,400.0,196900.0
614,2021-10-07 03:12:47,54100.0,5000.0,196500.0
615,2021-10-07 03:12:40,54100.0,100.0,191500.0
616,2021-10-07 03:12:35,54000.0,4500.0,191400.0
617,2021-10-07 03:12:32,54000.0,200.0,186900.0
618,2021-10-07 03:12:31,54000.0,300.0,186700.0
619,2021-10-07 03:12:29,54000.0,100.0,186400.0
620,2021-10-07 03:12:29,54000.0,500.0,186300.0
621,2021-10-07 03:12:29,54000.0,2500.0,185800.0
622,2021-10-07 03:12:19,54000.0,200.0,183300.0
623,2021-10-07 03:12:15,54000.0,200.0,183100.0
624,2021-10-07 03:12:14,54000.0,1000.0,182900.0
625,2021-10-07 03:12:11,54000.0,100.0,181900.0
626,2021-10-07 03:12:07,54000.0,300.0,181800.0
627,2021-10-07 03:11:57,54000.0,100.0,181500.0
628,2021-10-07 03:11:55,54000.0,1500.0,181400.0
629,2021-10-07 03:11:34,54000.0,700.0,179900.0
630,2021-10-07 03:11:30,54000.0,3400.0,179200.0
631,2021-10-07 03:11:29,54000.0,400.0,175800.0
632,2021-10-07 03:11:23,54000.0,300.0,175400.0
633,2021-10-07 03:11:21,54000.0,500.0,175100.0
634,2021-10-07 03:11:21,54000.0,500.0,174600.0
635,2021-10-07 03:11:21,54100.0,100.0,174100.0
636,2021-10-07 03:11:21,54100.0,700.0,174000.0
637,2021-10-07 03:11:08,54100.0,100.0,173300.0
638,2021-10-07 03:11:08,54100.0,200.0,173200.0
639,2021-10-07 03:10:46,54000.0,1400.0,173000.0
640,2021-10-07 03:10:33,54000.0,300.0,171600.0
641,2021-10-07 03:10:33,54000.0,1300.0,171300.0
642,2021-10-07 03:10:25,54000.0,100.0,170000.0
643,2021-10-07 03:10:25,54000.0,1000.0,169900.0
644,2021-10-07 03:10:25,54000.0,400.0,168900.0
645,2021-10-07 03:10:25,54000.0,1000.0,168500.0
646,2021-10-07 03:10:25,54000.0,5000.0,167500.0
647,2021-10-07 03:10:25,54000.0,1000.0,162500.0
648,2021-10-07 03:10:25,54000.0,500.0,161500.0
649,2021-10-07 03:10:25,54000.0,1000.0,161000.0
650,2021-10-07 03:10:25,54000.0,200.0,160000.0
651,2021-10-07 03:10:25,54000.0,800.0,159800.0
652,2021-10-07 03:10:17,54000.0,100.0,159000.0
653,2021-10-07 03:10:14,54000.0,100.0,158900.0
654,2021-10-07 03:10:14,54000.0,100.0,158800.0
655,2021-10-07 03:10:14,54000.0,500.0,158700.0
656,2021-10-07 03:10:14,54000.0,200.0,158200.0
657,2021-10-07 03:10:14,54000.0,1000.0,158000.0
658,2021-10-07 03:10:14,54000.0,100.0,157000.0
659,2021-10-07 03:10:08,53900.0,500.0,156900.0
660,2021-10-07 03:10:06,54000.0,200.0,156400.0
661,2021-10-07 03:10:06,54000.0,100.0,156200.0
662,2021-10-07 03:10:06,54000.0,300.0,156100.0
663,2021-10-07 03:10:00,53900.0,100.0,155800.0
664,2021-10-07 03:09:58,54000.0,1500.0,155700.0
665,2021-10-07 03:09:58,54000.0,3100.0,154200.0
666,2021-10-07 03:09:58,54000.0,1900.0,151100.0
667,2021-10-07 03:09:52,54000.0,3100.0,149200.0
668,2021-10-07 03:09:52,54000.0,1000.0,146100.0
669,2021-10-07 03:09:52,54000.0,700.0,145100.0
670,2021-10-07 03:09:52,54000.0,100.0,144400.0
671,2021-10-07 03:09:52,54000.0,2500.0,144300.0
672,2021-10-07 03:09:51,54000.0,100.0,141800.0
673,2021-10-07 03:09:50,54000.0,600.0,141700.0
674,2021-10-07 03:09:44,54000.0,100.0,141100.0
675,2021-10-07 03:09:39,54000.0,200.0,141000.0
676,2021-10-07 03:09:32,54000.0,100.0,140800.0
677,2021-10-07 03:09:02,53900.0,500.0,140700.0
678,2021-10-07 03:09:02,53900.0,500.0,140200.0
679,2021-10-07 03:08:37,54000.0,200.0,139700.0
680,2021-10-07 03:07:47,54000.0,100.0,139500.0
681,2021-10-07 03:06:52,53900.0,500.0,139400.0
682,2021-10-07 03:06:39,53900.0,500.0,138900.0
683,2021-10-07 03:06:30,53900.0,100.0,138400.0
684,2021-10-07 03:06:11,53900.0,300.0,138300.0
685,2021-10-07 03:06:11,53900.0,100.0,138000.0
686,2021-10-07 03:06:11,53900.0,1000.0,137900.0
687,2021-10-07 03:06:11,53900.0,600.0,136900.0
688,2021-10-07 03:05:30,53900.0,500.0,136300.0
689,2021-10-07 03:04:42,53800.0,100.0,135800.0
690,2021-10-07 03:04:20,53800.0,200.0,135700.0
691,2021-10-07 03:04:20,53800.0,100.0,135500.0
692,2021-10-07 03:04:20,53800.0,400.0,135400.0
693,2021-10-07 03:04:20,53800.0,500.0,135000.0
694,2021-10-07 03:04:17,53900.0,100.0,134500.0
695,2021-10-07 03:02:43,53800.0,500.0,134400.0
696,2021-10-07 03:02:38,53800.0,100.0,133900.0
697,2021-10-07 03:02:36,53800.0,100.0,133800.0
698,2021-10-07 03:02:26,53800.0,100.0,133700.0
699,2021-10-07 03:02:26,53800.0,200.0,133600.0
700,2021-10-07 03:02:26,53800.0,100.0,133400.0
701,2021-10-07 03:02:26,53800.0,300.0,133300.0
702,2021-10-07 03:02:04,53800.0,700.0,133000.0
703,2021-10-07 03:01:58,53800.0,1300.0,132300.0
704,2021-10-07 03:01:58,53800.0,100.0,131000.0
705,2021-10-07 03:01:58,53800.0,300.0,130900.0
706,2021-10-07 03:01:18,53800.0,200.0,130600.0
707,2021-10-07 03:00:44,53900.0,900.0,130400.0
708,2021-10-07 03:00:38,54000.0,100.0,129500.0
709,2021-10-07 03:00:37,53900.0,1100.0,129400.0
710,2021-10-07 03:00:37,53900.0,400.0,128300.0
711,2021-10-07 03:00:23,53900.0,100.0,127900.0
712,2021-10-07 03:00:23,53900.0,100.0,127800.0
713,2021-10-07 03:00:23,53900.0,600.0,127700.0
714,2021-10-07 02:59:49,53900.0,400.0,127100.0
715,2021-10-07 02:59:49,53900.0,100.0,126700.0
716,2021-10-07 02:59:49,53900.0,200.0,126600.0
717,2021-10-07 02:59:05,53900.0,100.0,126400.0
718,2021-10-07 02:58:58,53900.0,200.0,126300.0
719,2021-10-07 02:58:53,53900.0,2500.0,126100.0
720,2021-10-07 02:58:49,53900.0,300.0,123600.0
721,2021-10-07 02:58:49,53900.0,200.0,123300.0
722,2021-10-07 02:58:42,54000.0,200.0,123100.0
723,2021-10-07 02:58:17,54000.0,500.0,122900.0
724,2021-10-07 02:57:12,54000.0,2000.0,122400.0
725,2021-10-07 02:56:50,54000.0,2000.0,120400.0
726,2021-10-07 02:56:19,54000.0,200.0,118400.0
727,2021-10-07 02:56:12,54000.0,100.0,118200.0
728,2021-10-07 02:56:06,54000.0,100.0,118100.0
729,2021-10-07 02:55:58,53900.0,1500.0,118000.0
730,2021-10-07 02:55:48,54000.0,900.0,116500.0
731,2021-10-07 02:55:48,54000.0,100.0,115600.0
732,2021-10-07 02:55:36,54000.0,900.0,115500.0
733,2021-10-07 02:55:36,54000.0,100.0,114600.0
734,2021-10-07 02:55:34,53900.0,300.0,114500.0
735,2021-10-07 02:55:33,54000.0,200.0,114200.0
736,2021-10-07 02:55:28,54000.0,300.0,114000.0
737,2021-10-07 02:55:28,54000.0,500.0,113700.0
738,2021-10-07 02:55:28,54000.0,300.0,113200.0
739,2021-10-07 02:55:28,54000.0,300.0,112900.0
740,2021-10-07 02:55:28,54000.0,200.0,112600.0
741,2021-10-07 02:55:28,54000.0,400.0,112400.0
742,2021-10-07 02:55:28,54000.0,100.0,112000.0
743,2021-10-07 02:55:28,54000.0,300.0,111900.0
744,2021-10-07 02:55:28,54000.0,500.0,111600.0
745,2021-10-07 02:55:28,54000.0,2100.0,111100.0
746,2021-10-07 02:55:25,54000.0,1500.0,109000.0
747,2021-10-07 02:55:16,54000.0,1400.0,107500.0
748,2021-10-07 02:55:16,54000.0,2800.0,106100.0
749,2021-10-07 02:55:10,54000.0,2200.0,103300.0
750,2021-10-07 02:55:10,54000.0,400.0,101100.0
751,2021-10-07 02:55:10,54000.0,300.0,100700.0
752,2021-10-07 02:55:10,54000.0,100.0,100400.0
753,2021-10-07 02:55:10,54000.0,100.0,100300.0
754,2021-10-07 02:55:10,54000.0,100.0,100200.0
755,2021-10-07 02:55:10,54000.0,1800.0,100100.0
756,2021-10-07 02:54:18,54000.0,200.0,98300.0
757,2021-10-07 02:54:18,54000.0,100.0,98100.0
758,2021-10-07 02:54:07,54000.0,1200.0,98000.0
759,2021-10-07 02:53:50,53900.0,1000.0,96800.0
760,2021-10-07 02:53:50,53900.0,1000.0,95800.0
761,2021-10-07 02:53:44,54000.0,700.0,94800.0
762,2021-10-07 02:53:44,54000.0,800.0,94100.0
763,2021-10-07 02:53:13,54000.0,200.0,93300.0
764,2021-10-07 02:53:13,54000.0,100.0,93100.0
765,2021-10-07 02:53:09,54000.0,1000.0,93000.0
766,2021-10-07 02:53:09,54000.0,200.0,92000.0
767,2021-10-07 02:53:09,54000.0,800.0,91800.0
768,2021-10-07 02:53:03,54000.0,800.0,91000.0
769,2021-10-07 02:52:14,54000.0,100.0,90200.0
770,2021-10-07 02:52:12,54000.0,300.0,90100.0
771,2021-10-07 02:51:54,54000.0,500.0,89800.0
772,2021-10-07 02:51:42,54000.0,500.0,89300.0
773,2021-10-07 02:51:42,54000.0,5000.0,88800.0
774,2021-10-07 02:51:42,54000.0,300.0,83800.0
775,2021-10-07 02:51:42,54000.0,200.0,83500.0
776,2021-10-07 02:51:35,54000.0,800.0,83300.0
777,2021-10-07 02:51:35,54000.0,100.0,82500.0
778,2021-10-07 02:51:35,54000.0,100.0,82400.0
779,2021-10-07 02:51:35,54000.0,100.0,82300.0
780,2021-10-07 02:51:35,54000.0,100.0,82200.0
781,2021-10-07 02:51:35,53900.0,1900.0,82100.0
782,2021-10-07 02:51:35,53900.0,1000.0,80200.0
783,2021-10-07 02:51:35,53900.0,1000.0,79200.0
784,2021-10-07 02:51:35,53900.0,100.0,78200.0
785,2021-10-07 02:51:35,53800.0,300.0,78100.0
786,2021-10-07 02:51:26,53800.0,200.0,77800.0
787,2021-10-07 02:51:10,53800.0,100.0,77600.0
788,2021-10-07 02:51:08,53700.0,1000.0,77500.0
789,2021-10-07 02:50:57,53800.0,100.0,76500.0
790,2021-10-07 02:50:57,53800.0,100.0,76400.0
791,2021-10-07 02:50:57,53800.0,500.0,76300.0
792,2021-10-07 02:50:57,53800.0,100.0,75800.0
793,2021-10-07 02:50:57,53800.0,200.0,75700.0
794,2021-10-07 02:50:43,53700.0,100.0,75500.0
795,2021-10-07 02:50:43,53700.0,100.0,75400.0
796,2021-10-07 02:50:43,53700.0,200.0,75300.0
797,2021-10-07 02:50:43,53700.0,100.0,75100.0
798,2021-10-07 02:50:43,53700.0,200.0,75000.0
799,2021-10-07 02:50:43,53700.0,200.0,74800.0
800,2021-10-07 02:50:43,53700.0,100.0,74600.0
801,2021-10-07 02:50:43,53700.0,400.0,74500.0
802,2021-10-07 02:50:43,53700.0,2300.0,74100.0
803,2021-10-07 02:50:31,53700.0,500.0,71800.0
804,2021-10-07 02:49:52,53700.0,200.0,71300.0
805,2021-10-07 02:49:52,53700.0,500.0,71100.0
806,2021-10-07 02:49:52,53700.0,500.0,70600.0
807,2021-10-07 02:49:52,53700.0,500.0,70100.0
808,2021-10-07 02:49:52,53700.0,500.0,69600.0
809,2021-10-07 02:49:52,53700.0,500.0,69100.0
810,2021-10-07 02:49:52,53700.0,500.0,68600.0
811,2021-10-07 02:49:52,53700.0,500.0,68100.0
812,2021-10-07 02:49:52,53700.0,300.0,67600.0
813,2021-10-07 02:49:48,53700.0,200.0,67300.0
814,2021-10-07 02:49:12,53600.0,1000.0,67100.0
815,2021-10-07 02:49:12,53600.0,500.0,66100.0
816,2021-10-07 02:49:12,53600.0,100.0,65600.0
817,2021-10-07 02:49:12,53600.0,100.0,65500.0
818,2021-10-07 02:49:12,53600.0,300.0,65400.0
819,2021-10-07 02:49:12,53600.0,100.0,65100.0
820,2021-10-07 02:49:12,53600.0,400.0,65000.0
821,2021-10-07 02:48:59,53600.0,1900.0,64600.0
822,2021-10-07 02:48:59,53600.0,100.0,62700.0
823,2021-10-07 02:48:19,53500.0,1000.0,62600.0
824,2021-10-07 02:47:46,53500.0,1000.0,61600.0
825,2021-10-07 02:46:57,53500.0,700.0,60600.0
826,2021-10-07 02:46:57,53500.0,100.0,59900.0
827,2021-10-07 02:46:57,53500.0,1000.0,59800.0
828,2021-10-07 02:46:29,53500.0,2400.0,58800.0
829,2021-10-07 02:45:12,53400.0,1000.0,56400.0
830,2021-10-07 02:45:08,53500.0,500.0,55400.0
831,2021-10-07 02:44:04,53500.0,100.0,54900.0
832,2021-10-07 02:44:04,53500.0,200.0,54800.0
833,2021-10-07 02:43:48,53500.0,200.0,54600.0
834,2021-10-07 02:43:38,53500.0,1600.0,54400.0
835,2021-10-07 02:43:38,53500.0,500.0,52800.0
836,2021-10-07 02:43:38,53500.0,100.0,52300.0
837,2021-10-07 02:43:38,53500.0,2000.0,52200.0
838,2021-10-07 02:43:38,53500.0,800.0,50200.0
839,2021-10-07 02:43:37,53500.0,100.0,49400.0
840,2021-10-07 02:43:37,53500.0,100.0,49300.0
841,2021-10-07 02:43:32,53500.0,400.0,49200.0
842,2021-10-07 02:43:32,53500.0,600.0,48800.0
843,2021-10-07 02:43:21,53500.0,400.0,48200.0
844,2021-10-07 02:43:21,53500.0,500.0,47800.0
845,2021-10-07 02:43:21,53500.0,100.0,47300.0
846,2021-10-07 02:43:21,53500.0,4000.0,47200.0
847,2021-10-07 02:42:27,53500.0,1000.0,43200.0
848,2021-10-07 02:40:19,53400.0,1500.0,42200.0
849,2021-10-07 02:40:19,53400.0,100.0,40700.0
850,2021-10-07 02:40:19,53400.0,200.0,40600.0
851,2021-10-07 02:40:19,53400.0,100.0,40400.0
852,2021-10-07 02:40:19,53400.0,500.0,40300.0
853,2021-10-07 02:40:19,53400.0,100.0,39800.0
854,2021-10-07 02:40:19,53400.0,500.0,39700.0
855,2021-10-07 02:40:19,53400.0,100.0,39200.0
856,2021-10-07 02:40:19,53400.0,900.0,39100.0
857,2021-10-07 02:39:59,53400.0,200.0,38200.0
858,2021-10-07 02:37:26,53500.0,200.0,38000.0
859,2021-10-07 02:36:48,53500.0,300.0,37800.0
860,2021-10-07 02:36:30,53400.0,500.0,37500.0
861,2021-10-07 02:34:59,53400.0,400.0,37000.0
862,2021-10-07 02:34:59,53400.0,100.0,36600.0
863,2021-10-07 02:34:41,53400.0,100.0,36500.0
864,2021-10-07 02:33:35,53400.0,400.0,36400.0
865,2021-10-07 02:32:30,53400.0,400.0,36000.0
866,2021-10-07 02:30:42,53400.0,1000.0,35600.0
867,2021-10-07 02:29:52,53300.0,300.0,34600.0
868,2021-10-07 02:29:08,53300.0,2300.0,34300.0
869,2021-10-07 02:26:55,53300.0,100.0,32000.0
870,2021-10-07 02:26:33,53300.0,100.0,31900.0
871,2021-10-07 02:26:33,53300.0,300.0,31800.0
872,2021-10-07 02:26:33,53300.0,1000.0,31500.0
873,2021-10-07 02:26:33,53300.0,1000.0,30500.0
874,2021-10-07 02:26:33,53300.0,100.0,29500.0
875,2021-10-07 02:24:04,53500.0,500.0,29400.0
876,2021-10-07 02:24:04,53400.0,500.0,28900.0
877,2021-10-07 02:23:44,53400.0,400.0,28400.0
878,2021-10-07 02:23:36,53400.0,400.0,28000.0
879,2021-10-07 02:23:36,53400.0,200.0,27600.0
880,2021-10-07 02:23:36,53400.0,300.0,27400.0
881,2021-10-07 02:23:36,53400.0,100.0,27100.0
882,2021-10-07 02:23:36,53400.0,200.0,27000.0
883,2021-10-07 02:23:36,53400.0,200.0,26800.0
884,2021-10-07 02:23:36,53400.0,300.0,26600.0
885,2021-10-07 02:23:36,53400.0,1000.0,26300.0
886,2021-10-07 02:23:36,53400.0,1500.0,25300.0
887,2021-10-07 02:23:36,53400.0,100.0,23800.0
888,2021-10-07 02:23:36,53400.0,100.0,23700.0
889,2021-10-07 02:23:05,53500.0,1500.0,23600.0
890,2021-10-07 02:22:39,53500.0,800.0,22100.0
891,2021-10-07 02:22:39,53500.0,2300.0,21300.0
892,2021-10-07 02:22:27,53500.0,1700.0,19000.0
893,2021-10-07 02:22:27,53500.0,200.0,17300.0
894,2021-10-07 02:22:27,53500.0,100.0,17100.0
895,2021-10-07 02:20:46,53600.0,200.0,17000.0
896,2021-10-07 02:20:44,53500.0,200.0,16800.0
897,2021-10-07 02:20:44,53500.0,400.0,16600.0
898,2021-10-07 02:20:22,53500.0,100.0,16200.0
899,2021-10-07 02:20:22,53500.0,100.0,16100.0
900,2021-10-07 02:20:22,53500.0,100.0,16000.0
901,2021-10-07 02:20:22,53500.0,200.0,15900.0
902,2021-10-07 02:20:15,53500.0,100.0,15700.0
903,2021-10-07 02:19:20,53600.0,200.0,15600.0
904,2021-10-07 02:19:11,53600.0,100.0,15400.0
905,2021-10-07 02:19:11,53600.0,300.0,15300.0
906,2021-10-07 02:19:11,53600.0,200.0,15000.0
907,2021-10-07 02:19:11,53600.0,200.0,14800.0
908,2021-10-07 02:19:11,53600.0,2000.0,14600.0
909,2021-10-07 02:19:11,53600.0,2300.0,12600.0
910,2021-10-07 02:19:05,53600.0,1000.0,10300.0
911,2021-10-07 02:18:42,53600.0,100.0,9300.0
912,2021-10-07 02:18:27,53600.0,400.0,9200.0
913,2021-10-07 02:18:09,53600.0,1200.0,8800.0
914,2021-10-07 02:18:09,53600.0,800.0,7600.0
915,2021-10-07 02:18:09,53700.0,300.0,6800.0
916,2021-10-07 02:16:44,53700.0,200.0,6500.0
917,2021-10-07 02:16:44,53700.0,300.0,6300.0
918,2021-10-07 02:16:25,53700.0,200.0,6000.0
919,2021-10-07 02:16:25,53700.0,500.0,5800.0
920,2021-10-07 02:16:25,53700.0,500.0,5300.0
921,2021-10-07 02:16:25,53700.0,400.0,4800.0
922,2021-10-07 02:15:56,53700.0,500.0,4400.0
923,2021-10-07 02:15:37,53600.0,200.0,3900.0
924,2021-10-07 02:15:37,53600.0,300.0,3700.0
925,2021-10-07 02:15:00,53600.0,100.0,3400.0
926,2021-10-07 02:15:00,53600.0,100.0,3300.0
927,2021-10-07 02:15:00,53600.0,900.0,3200.0
928,2021-10-07 02:15:00,53600.0,200.0,2300.0
929,2021-10-07 02:15:00,53600.0,200.0,2100.0
930,2021-10-07 02:15:00,53600.0,100.0,1900.0
931,2021-10-07 02:15:00,53600.0,100.0,1800.0
932,2021-10-07 02:15:00,53600.0,900.0,1700.0
933,2021-10-07 02:15:00,53600.0,100.0,800.0
934,2021-10-07 02:15:00,53600.0,100.0,700.0
935,2021-10-07 02:15:00,53600.0,300.0,600.0
936,2021-10-07 02:15:00,53600.0,200.0,300.0
937,2021-10-07 02:15:00,53600.0,100.0,100.0
