,Time,Price,Volume_per_trade,Volume
0,2021-10-17 07:45:01,55000.0,300.0,760000.0
1,2021-10-17 07:45:01,55000.0,700.0,759700.0
2,2021-10-17 07:45:01,55000.0,300.0,759000.0
3,2021-10-17 07:45:01,55000.0,200.0,758700.0
4,2021-10-17 07:45:01,55000.0,500.0,758500.0
5,2021-10-17 07:45:01,55000.0,300.0,758000.0
6,2021-10-17 07:45:01,55000.0,100.0,757700.0
7,2021-10-17 07:45:01,55000.0,200.0,757600.0
8,2021-10-17 07:45:01,55000.0,400.0,757400.0
9,2021-10-17 07:45:01,55000.0,1000.0,757000.0
10,2021-10-17 07:45:01,55000.0,500.0,756000.0
11,2021-10-17 07:45:01,55000.0,600.0,755500.0
12,2021-10-17 07:45:01,55000.0,2000.0,754900.0
13,2021-10-17 07:45:01,55000.0,100.0,752900.0
14,2021-10-17 07:45:01,55000.0,100.0,752800.0
15,2021-10-17 07:45:01,55000.0,100.0,752700.0
16,2021-10-17 07:45:01,55000.0,100.0,752600.0
17,2021-10-17 07:45:01,55000.0,200.0,752500.0
18,2021-10-17 07:45:01,55000.0,100.0,752300.0
19,2021-10-17 07:45:01,55000.0,100.0,752200.0
20,2021-10-17 07:45:01,55000.0,100.0,752100.0
21,2021-10-17 07:45:01,55000.0,200.0,752000.0
22,2021-10-17 07:45:01,55000.0,1000.0,751800.0
23,2021-10-17 07:45:01,55000.0,500.0,750800.0
24,2021-10-17 07:45:01,55000.0,200.0,750300.0
25,2021-10-17 07:45:01,55000.0,400.0,750100.0
26,2021-10-17 07:45:01,55000.0,400.0,749700.0
27,2021-10-17 07:45:01,55000.0,11900.0,749300.0
28,2021-10-17 07:45:01,55000.0,200.0,737400.0
29,2021-10-17 07:45:01,55000.0,1000.0,737200.0
30,2021-10-17 07:45:01,55000.0,1000.0,736200.0
31,2021-10-17 07:45:01,55000.0,300.0,735200.0
32,2021-10-17 07:45:01,55000.0,3000.0,734900.0
33,2021-10-17 07:45:01,55000.0,500.0,731900.0
34,2021-10-17 07:45:01,55000.0,100.0,731400.0
35,2021-10-17 07:45:01,55000.0,400.0,731300.0
36,2021-10-17 07:45:01,55000.0,700.0,730900.0
37,2021-10-17 07:45:01,55000.0,2000.0,730200.0
38,2021-10-17 07:45:01,55000.0,1000.0,728200.0
39,2021-10-17 07:45:01,55000.0,300.0,727200.0
40,2021-10-17 07:45:01,55000.0,4000.0,726900.0
41,2021-10-17 07:45:01,55000.0,100.0,722900.0
42,2021-10-17 07:45:01,55000.0,100.0,722800.0
43,2021-10-17 07:45:01,55000.0,100.0,722700.0
44,2021-10-17 07:45:01,55000.0,100.0,722600.0
45,2021-10-17 07:45:01,55000.0,1600.0,722500.0
46,2021-10-17 07:45:01,55000.0,200.0,720900.0
47,2021-10-17 07:45:01,55000.0,3800.0,720700.0
48,2021-10-17 07:45:01,55000.0,100.0,716900.0
49,2021-10-17 07:45:01,55000.0,100.0,716800.0
50,2021-10-17 07:45:01,55000.0,100.0,716700.0
51,2021-10-17 07:45:01,55000.0,1000.0,716600.0
52,2021-10-17 07:45:01,55000.0,800.0,715600.0
53,2021-10-17 07:45:01,55000.0,9200.0,714800.0
54,2021-10-17 07:45:01,55000.0,700.0,705600.0
55,2021-10-17 07:45:01,55000.0,100.0,704900.0
56,2021-10-17 07:29:44,54800.0,2000.0,704800.0
57,2021-10-17 07:29:44,54800.0,1000.0,702800.0
58,2021-10-17 07:29:44,54800.0,3000.0,701800.0
59,2021-10-17 07:29:44,54800.0,1400.0,698800.0
60,2021-10-17 07:29:44,54700.0,100.0,697400.0
61,2021-10-17 07:29:44,54700.0,1000.0,697300.0
62,2021-10-17 07:28:58,54600.0,100.0,696300.0
63,2021-10-17 07:28:42,54600.0,1000.0,696200.0
64,2021-10-17 07:28:31,54600.0,300.0,695200.0
65,2021-10-17 07:28:18,54600.0,1000.0,694900.0
66,2021-10-17 07:27:59,54600.0,700.0,693900.0
67,2021-10-17 07:27:57,54600.0,300.0,693200.0
68,2021-10-17 07:27:57,54600.0,200.0,692900.0
69,2021-10-17 07:27:32,54600.0,100.0,692700.0
70,2021-10-17 07:27:24,54600.0,200.0,692600.0
71,2021-10-17 07:27:17,54600.0,500.0,692400.0
72,2021-10-17 07:27:08,54600.0,200.0,691900.0
73,2021-10-17 07:26:59,54600.0,300.0,691700.0
74,2021-10-17 07:26:38,54600.0,500.0,691400.0
75,2021-10-17 07:26:38,54600.0,500.0,690900.0
76,2021-10-17 07:26:20,54500.0,100.0,690400.0
77,2021-10-17 07:25:55,54400.0,100.0,690300.0
78,2021-10-17 07:25:25,54400.0,100.0,690200.0
79,2021-10-17 07:25:19,54400.0,100.0,690100.0
80,2021-10-17 07:25:07,54400.0,1000.0,690000.0
81,2021-10-17 07:24:08,54400.0,500.0,689000.0
82,2021-10-17 07:24:08,54400.0,100.0,688500.0
83,2021-10-17 07:24:08,54400.0,100.0,688400.0
84,2021-10-17 07:24:08,54400.0,400.0,688300.0
85,2021-10-17 07:23:52,54400.0,100.0,687900.0
86,2021-10-17 07:23:38,54300.0,100.0,687800.0
87,2021-10-17 07:23:23,54300.0,200.0,687700.0
88,2021-10-17 07:22:46,54300.0,2000.0,687500.0
89,2021-10-17 07:22:45,54300.0,700.0,685500.0
90,2021-10-17 07:22:45,54300.0,100.0,684800.0
91,2021-10-17 07:22:45,54300.0,300.0,684700.0
92,2021-10-17 07:22:45,54300.0,100.0,684400.0
93,2021-10-17 07:22:00,54300.0,400.0,684300.0
94,2021-10-17 07:22:00,54300.0,200.0,683900.0
95,2021-10-17 07:22:00,54300.0,100.0,683700.0
96,2021-10-17 07:22:00,54300.0,300.0,683600.0
97,2021-10-17 07:20:17,54400.0,200.0,683300.0
98,2021-10-17 07:20:17,54400.0,1600.0,683100.0
99,2021-10-17 07:20:12,54300.0,400.0,681500.0
100,2021-10-17 07:20:11,54300.0,300.0,681100.0
101,2021-10-17 07:20:11,54300.0,1000.0,680800.0
102,2021-10-17 07:20:11,54300.0,300.0,679800.0
103,2021-10-17 07:20:11,54300.0,100.0,679500.0
104,2021-10-17 07:20:11,54300.0,1000.0,679400.0
105,2021-10-17 07:20:11,54300.0,100.0,678400.0
106,2021-10-17 07:20:11,54300.0,100.0,678300.0
107,2021-10-17 07:20:11,54300.0,100.0,678200.0
108,2021-10-17 07:20:11,54300.0,200.0,678100.0
109,2021-10-17 07:20:11,54300.0,3000.0,677900.0
110,2021-10-17 07:20:11,54300.0,500.0,674900.0
111,2021-10-17 07:20:11,54300.0,3300.0,674400.0
112,2021-10-17 07:19:53,54300.0,1700.0,671100.0
113,2021-10-17 07:19:53,54300.0,1000.0,669400.0
114,2021-10-17 07:19:53,54300.0,100.0,668400.0
115,2021-10-17 07:19:53,54300.0,400.0,668300.0
116,2021-10-17 07:19:41,54400.0,100.0,667900.0
117,2021-10-17 07:19:41,54400.0,1200.0,667800.0
118,2021-10-17 07:19:34,54400.0,800.0,666600.0
119,2021-10-17 07:19:34,54400.0,100.0,665800.0
120,2021-10-17 07:19:34,54400.0,100.0,665700.0
121,2021-10-17 07:19:29,54700.0,600.0,665600.0
122,2021-10-17 07:19:29,54600.0,100.0,665000.0
123,2021-10-17 07:19:29,54600.0,200.0,664900.0
124,2021-10-17 07:19:29,54600.0,400.0,664700.0
125,2021-10-17 07:19:29,54500.0,500.0,664300.0
126,2021-10-17 07:19:29,54500.0,200.0,663800.0
127,2021-10-17 07:18:33,54500.0,200.0,663600.0
128,2021-10-17 07:18:22,54500.0,200.0,663400.0
129,2021-10-17 07:18:16,54500.0,100.0,663200.0
130,2021-10-17 07:18:16,54500.0,400.0,663100.0
131,2021-10-17 07:18:12,54500.0,500.0,662700.0
132,2021-10-17 07:18:05,54500.0,100.0,662200.0
133,2021-10-17 07:18:05,54500.0,3000.0,662100.0
134,2021-10-17 07:18:05,54500.0,500.0,659100.0
135,2021-10-17 07:18:05,54500.0,4000.0,658600.0
136,2021-10-17 07:18:05,54500.0,100.0,654600.0
137,2021-10-17 07:18:05,54500.0,1000.0,654500.0
138,2021-10-17 07:18:05,54500.0,100.0,653500.0
139,2021-10-17 07:18:05,54500.0,100.0,653400.0
140,2021-10-17 07:18:05,54500.0,100.0,653300.0
141,2021-10-17 07:18:05,54500.0,100.0,653200.0
142,2021-10-17 07:18:05,54500.0,100.0,653100.0
143,2021-10-17 07:18:05,54500.0,100.0,653000.0
144,2021-10-17 07:18:05,54500.0,2000.0,652900.0
145,2021-10-17 07:18:05,54500.0,100.0,650900.0
146,2021-10-17 07:18:05,54500.0,1000.0,650800.0
147,2021-10-17 07:18:05,54500.0,500.0,649800.0
148,2021-10-17 07:18:05,54500.0,100.0,649300.0
149,2021-10-17 07:18:05,54500.0,1000.0,649200.0
150,2021-10-17 07:18:05,54500.0,1000.0,648200.0
151,2021-10-17 07:17:57,54500.0,100.0,647200.0
152,2021-10-17 07:17:57,54500.0,100.0,647100.0
153,2021-10-17 07:17:57,54500.0,100.0,647000.0
154,2021-10-17 07:17:39,54500.0,100.0,646900.0
155,2021-10-17 07:17:36,54600.0,100.0,646800.0
156,2021-10-17 07:17:36,54600.0,1200.0,646700.0
157,2021-10-17 07:17:36,54600.0,2000.0,645500.0
158,2021-10-17 07:17:36,54600.0,100.0,643500.0
159,2021-10-17 07:17:36,54600.0,1000.0,643400.0
160,2021-10-17 07:17:36,54600.0,100.0,642400.0
161,2021-10-17 07:17:36,54600.0,600.0,642300.0
162,2021-10-17 07:17:36,54600.0,500.0,641700.0
163,2021-10-17 07:16:27,54700.0,100.0,641200.0
164,2021-10-17 07:16:27,54700.0,100.0,641100.0
165,2021-10-17 07:16:27,54700.0,100.0,641000.0
166,2021-10-17 07:16:27,54700.0,200.0,640900.0
167,2021-10-17 07:16:27,54700.0,100.0,640700.0
168,2021-10-17 07:16:27,54700.0,2000.0,640600.0
169,2021-10-17 07:16:27,54700.0,300.0,638600.0
170,2021-10-17 07:16:27,54700.0,100.0,638300.0
171,2021-10-17 07:16:27,54700.0,100.0,638200.0
172,2021-10-17 07:16:27,54700.0,1000.0,638100.0
173,2021-10-17 07:16:27,54700.0,100.0,637100.0
174,2021-10-17 07:16:27,54700.0,5000.0,637000.0
175,2021-10-17 07:16:27,54700.0,800.0,632000.0
176,2021-10-17 07:15:36,54700.0,200.0,631200.0
177,2021-10-17 07:14:30,54700.0,400.0,631000.0
178,2021-10-17 07:13:36,54700.0,1000.0,630600.0
179,2021-10-17 07:12:56,54700.0,1000.0,629600.0
180,2021-10-17 07:12:39,54700.0,100.0,628600.0
181,2021-10-17 07:12:39,54700.0,2000.0,628500.0
182,2021-10-17 07:12:39,54700.0,500.0,626500.0
183,2021-10-17 07:12:39,54700.0,400.0,626000.0
184,2021-10-17 07:12:36,54800.0,400.0,625600.0
185,2021-10-17 07:12:11,54800.0,200.0,625200.0
186,2021-10-17 07:12:11,54800.0,100.0,625000.0
187,2021-10-17 07:06:52,54800.0,1000.0,624900.0
188,2021-10-17 07:06:45,54800.0,100.0,623900.0
189,2021-10-17 07:06:45,54800.0,200.0,623800.0
190,2021-10-17 07:04:18,54800.0,100.0,623600.0
191,2021-10-17 07:04:18,54800.0,900.0,623500.0
192,2021-10-17 07:01:45,54800.0,100.0,622600.0
193,2021-10-17 07:01:44,54900.0,3500.0,622500.0
194,2021-10-17 07:01:00,54800.0,200.0,619000.0
195,2021-10-17 07:01:00,54800.0,800.0,618800.0
196,2021-10-17 07:00:07,54800.0,200.0,618000.0
197,2021-10-17 06:59:55,54900.0,200.0,617800.0
198,2021-10-17 06:59:02,54800.0,100.0,617600.0
199,2021-10-17 06:59:02,54800.0,400.0,617500.0
200,2021-10-17 06:58:12,54800.0,100.0,617100.0
201,2021-10-17 06:57:59,54800.0,500.0,617000.0
202,2021-10-17 06:57:45,54700.0,200.0,616500.0
203,2021-10-17 06:56:12,54700.0,100.0,616300.0
204,2021-10-17 06:56:08,54800.0,400.0,616200.0
205,2021-10-17 06:55:23,54700.0,100.0,615800.0
206,2021-10-17 06:55:05,54800.0,100.0,615700.0
207,2021-10-17 06:52:13,54700.0,500.0,615600.0
208,2021-10-17 06:52:11,54700.0,1000.0,615100.0
209,2021-10-17 06:50:06,54700.0,100.0,614100.0
210,2021-10-17 06:49:08,54700.0,100.0,614000.0
211,2021-10-17 06:49:08,54700.0,100.0,613900.0
212,2021-10-17 06:49:08,54700.0,200.0,613800.0
213,2021-10-17 06:49:08,54700.0,100.0,613600.0
214,2021-10-17 06:49:08,54700.0,100.0,613500.0
215,2021-10-17 06:49:08,54700.0,500.0,613400.0
216,2021-10-17 06:49:08,54700.0,300.0,612900.0
217,2021-10-17 06:49:08,54700.0,100.0,612600.0
218,2021-10-17 06:49:08,54700.0,100.0,612500.0
219,2021-10-17 06:49:08,54700.0,200.0,612400.0
220,2021-10-17 06:49:08,54700.0,100.0,612200.0
221,2021-10-17 06:49:08,54700.0,100.0,612100.0
222,2021-10-17 06:47:31,54800.0,500.0,612000.0
223,2021-10-17 06:47:30,54800.0,600.0,611500.0
224,2021-10-17 06:47:30,54800.0,400.0,610900.0
225,2021-10-17 06:47:26,54900.0,1500.0,610500.0
226,2021-10-17 06:47:00,54900.0,1000.0,609000.0
227,2021-10-17 06:46:49,54800.0,100.0,608000.0
228,2021-10-17 06:46:49,54800.0,500.0,607900.0
229,2021-10-17 06:46:49,54800.0,1000.0,607400.0
230,2021-10-17 06:46:49,54800.0,2000.0,606400.0
231,2021-10-17 06:46:49,54800.0,1000.0,604400.0
232,2021-10-17 06:46:49,54800.0,100.0,603400.0
233,2021-10-17 06:46:49,54800.0,100.0,603300.0
234,2021-10-17 06:46:49,54800.0,500.0,603200.0
235,2021-10-17 06:46:49,54800.0,500.0,602700.0
236,2021-10-17 06:46:49,54800.0,300.0,602200.0
237,2021-10-17 06:46:49,54800.0,4900.0,601900.0
238,2021-10-17 06:42:23,54900.0,500.0,597000.0
239,2021-10-17 06:42:21,54800.0,100.0,596500.0
240,2021-10-17 06:38:38,54800.0,500.0,596400.0
241,2021-10-17 06:37:53,54800.0,100.0,595900.0
242,2021-10-17 06:35:00,54800.0,100.0,595800.0
243,2021-10-17 06:35:00,54800.0,200.0,595700.0
244,2021-10-17 06:35:00,54800.0,1000.0,595500.0
245,2021-10-17 06:35:00,54800.0,3100.0,594500.0
246,2021-10-17 06:32:58,54800.0,1000.0,591400.0
247,2021-10-17 06:31:15,54800.0,1000.0,590400.0
248,2021-10-17 06:30:58,54800.0,3000.0,589400.0
249,2021-10-17 06:30:58,54800.0,1800.0,586400.0
250,2021-10-17 06:30:58,54800.0,600.0,584600.0
251,2021-10-17 06:30:58,54800.0,1000.0,584000.0
252,2021-10-17 06:30:58,54800.0,1000.0,583000.0
253,2021-10-17 06:30:58,54800.0,3000.0,582000.0
254,2021-10-17 06:30:58,54800.0,1000.0,579000.0
255,2021-10-17 06:30:58,54800.0,500.0,578000.0
256,2021-10-17 06:30:58,54800.0,500.0,577500.0
257,2021-10-17 06:30:58,54800.0,100.0,577000.0
258,2021-10-17 06:30:58,54800.0,100.0,576900.0
259,2021-10-17 06:30:58,54800.0,200.0,576800.0
260,2021-10-17 06:30:58,54800.0,300.0,576600.0
261,2021-10-17 06:30:58,54800.0,100.0,576300.0
262,2021-10-17 06:30:58,54800.0,300.0,576200.0
263,2021-10-17 06:30:58,54800.0,100.0,575900.0
264,2021-10-17 06:30:58,54800.0,100.0,575800.0
265,2021-10-17 06:30:58,54800.0,1000.0,575700.0
266,2021-10-17 06:30:58,54800.0,100.0,574700.0
267,2021-10-17 06:30:58,54800.0,100.0,574600.0
268,2021-10-17 06:30:48,54900.0,300.0,574500.0
269,2021-10-17 06:30:37,54800.0,500.0,574200.0
270,2021-10-17 06:30:37,54800.0,500.0,573700.0
271,2021-10-17 06:30:19,54900.0,100.0,573200.0
272,2021-10-17 06:30:13,54900.0,500.0,573100.0
273,2021-10-17 06:30:13,54900.0,500.0,572600.0
274,2021-10-17 06:30:13,54900.0,300.0,572100.0
275,2021-10-17 06:28:25,54900.0,200.0,571800.0
276,2021-10-17 06:28:04,54800.0,500.0,571600.0
277,2021-10-17 06:27:39,54900.0,500.0,571100.0
278,2021-10-17 06:27:27,54900.0,1000.0,570600.0
279,2021-10-17 06:27:27,54900.0,300.0,569600.0
280,2021-10-17 06:26:51,54900.0,100.0,569300.0
281,2021-10-17 06:26:51,54900.0,100.0,569200.0
282,2021-10-17 06:26:38,54900.0,200.0,569100.0
283,2021-10-17 06:24:58,54900.0,200.0,568900.0
284,2021-10-17 06:24:50,55000.0,1700.0,568700.0
285,2021-10-17 06:23:36,55000.0,3900.0,567000.0
286,2021-10-17 06:23:26,55000.0,500.0,563100.0
287,2021-10-17 06:23:26,55000.0,200.0,562600.0
288,2021-10-17 06:23:26,55000.0,300.0,562400.0
289,2021-10-17 06:23:26,55000.0,800.0,562100.0
290,2021-10-17 06:23:26,55000.0,1900.0,561300.0
291,2021-10-17 06:23:26,55000.0,200.0,559400.0
292,2021-10-17 06:23:26,55000.0,200.0,559200.0
293,2021-10-17 06:23:26,55000.0,200.0,559000.0
294,2021-10-17 06:23:26,55000.0,100.0,558800.0
295,2021-10-17 06:23:26,55000.0,1700.0,558700.0
296,2021-10-17 06:23:24,55000.0,700.0,557000.0
297,2021-10-17 06:23:23,54900.0,300.0,556300.0
298,2021-10-17 06:23:02,54900.0,200.0,556000.0
299,2021-10-17 06:23:02,54900.0,500.0,555800.0
300,2021-10-17 06:23:02,54900.0,100.0,555300.0
301,2021-10-17 06:22:52,54900.0,100.0,555200.0
302,2021-10-17 06:22:52,54900.0,3000.0,555100.0
303,2021-10-17 06:22:52,54900.0,1900.0,552100.0
304,2021-10-17 06:22:36,54900.0,200.0,550200.0
305,2021-10-17 06:22:36,54900.0,300.0,550000.0
306,2021-10-17 06:22:30,54900.0,200.0,549700.0
307,2021-10-17 06:19:31,54900.0,100.0,549500.0
308,2021-10-17 06:19:01,54900.0,400.0,549400.0
309,2021-10-17 06:19:01,54900.0,100.0,549000.0
310,2021-10-17 06:19:01,54900.0,100.0,548900.0
311,2021-10-17 06:19:01,54900.0,100.0,548800.0
312,2021-10-17 06:19:01,54900.0,4300.0,548700.0
313,2021-10-17 06:18:53,54900.0,1000.0,544400.0
314,2021-10-17 06:18:16,55000.0,100.0,543400.0
315,2021-10-17 06:18:05,55000.0,1000.0,543300.0
316,2021-10-17 06:12:06,55000.0,1500.0,542300.0
317,2021-10-17 06:11:42,55000.0,200.0,540800.0
318,2021-10-17 06:11:42,55000.0,100.0,540600.0
319,2021-10-17 06:11:42,55000.0,100.0,540500.0
320,2021-10-17 06:11:26,54900.0,1000.0,540400.0
321,2021-10-17 06:11:15,54900.0,200.0,539400.0
322,2021-10-17 06:10:19,55000.0,100.0,539200.0
323,2021-10-17 06:10:19,55000.0,100.0,539100.0
324,2021-10-17 06:10:14,55000.0,100.0,539000.0
325,2021-10-17 06:10:14,55000.0,1000.0,538900.0
326,2021-10-17 06:10:14,55000.0,400.0,537900.0
327,2021-10-17 06:10:14,55000.0,400.0,537500.0
328,2021-10-17 06:10:14,55000.0,1000.0,537100.0
329,2021-10-17 06:10:14,55000.0,100.0,536100.0
330,2021-10-17 06:09:34,55000.0,300.0,536000.0
331,2021-10-17 06:08:55,55000.0,100.0,535700.0
332,2021-10-17 06:08:55,55000.0,300.0,535600.0
333,2021-10-17 06:08:34,55000.0,400.0,535300.0
334,2021-10-17 06:00:10,55000.0,1100.0,534900.0
335,2021-10-17 04:28:52,55000.0,1000.0,533800.0
336,2021-10-17 04:26:29,55100.0,400.0,532800.0
337,2021-10-17 04:26:29,55100.0,300.0,532400.0
338,2021-10-17 04:26:08,54900.0,100.0,532100.0
339,2021-10-17 04:25:49,54900.0,400.0,532000.0
340,2021-10-17 04:25:30,55000.0,1000.0,531600.0
341,2021-10-17 04:25:30,55000.0,600.0,530600.0
342,2021-10-17 04:25:30,55000.0,500.0,530000.0
343,2021-10-17 04:25:30,55000.0,3000.0,529500.0
344,2021-10-17 04:25:30,55000.0,1000.0,526500.0
345,2021-10-17 04:25:30,55000.0,300.0,525500.0
346,2021-10-17 04:24:23,55000.0,600.0,525200.0
347,2021-10-17 04:24:23,55000.0,600.0,524600.0
348,2021-10-17 04:20:18,54900.0,200.0,524000.0
349,2021-10-17 04:18:38,54900.0,500.0,523800.0
350,2021-10-17 04:17:27,54900.0,100.0,523300.0
351,2021-10-17 04:16:34,54900.0,1400.0,523200.0
352,2021-10-17 04:16:11,54900.0,500.0,521800.0
353,2021-10-17 04:16:11,54900.0,500.0,521300.0
354,2021-10-17 04:16:11,54900.0,500.0,520800.0
355,2021-10-17 04:16:11,54900.0,2000.0,520300.0
356,2021-10-17 04:16:11,54900.0,2200.0,518300.0
357,2021-10-17 04:16:11,54900.0,500.0,516100.0
358,2021-10-17 04:16:11,54900.0,2000.0,515600.0
359,2021-10-17 04:16:11,54900.0,1000.0,513600.0
360,2021-10-17 04:16:11,54900.0,100.0,512600.0
361,2021-10-17 04:16:11,54900.0,300.0,512500.0
362,2021-10-17 04:16:11,54900.0,400.0,512200.0
363,2021-10-17 04:16:10,55000.0,400.0,511800.0
364,2021-10-17 04:16:10,55000.0,600.0,511400.0
365,2021-10-17 04:16:05,55000.0,500.0,510800.0
366,2021-10-17 04:15:08,55000.0,500.0,510300.0
367,2021-10-17 04:14:52,55000.0,100.0,509800.0
368,2021-10-17 04:14:25,55000.0,300.0,509700.0
369,2021-10-17 04:14:25,55000.0,200.0,509400.0
370,2021-10-17 04:13:35,55000.0,100.0,509200.0
371,2021-10-17 04:12:20,55000.0,200.0,509100.0
372,2021-10-17 04:08:59,54900.0,100.0,508900.0
373,2021-10-17 04:08:59,54900.0,100.0,508800.0
374,2021-10-17 04:08:59,54900.0,100.0,508700.0
375,2021-10-17 04:08:09,55000.0,600.0,508600.0
376,2021-10-17 04:07:23,55000.0,500.0,508000.0
377,2021-10-17 04:06:29,55000.0,1000.0,507500.0
378,2021-10-17 04:06:29,55000.0,300.0,506500.0
379,2021-10-17 04:06:29,55000.0,1300.0,506200.0
380,2021-10-17 04:06:29,55000.0,300.0,504900.0
381,2021-10-17 04:06:29,55000.0,1500.0,504600.0
382,2021-10-17 04:05:46,55000.0,100.0,503100.0
383,2021-10-17 04:05:34,55000.0,2000.0,503000.0
384,2021-10-17 04:04:51,55000.0,100.0,501000.0
385,2021-10-17 04:03:23,55100.0,100.0,500900.0
386,2021-10-17 04:02:15,55100.0,100.0,500800.0
387,2021-10-17 04:00:28,55200.0,200.0,500700.0
388,2021-10-17 04:00:06,55200.0,1000.0,500500.0
389,2021-10-17 03:58:53,55200.0,1400.0,499500.0
390,2021-10-17 03:58:48,55000.0,200.0,498100.0
391,2021-10-17 03:58:48,55100.0,100.0,497900.0
392,2021-10-17 03:58:48,55100.0,2700.0,497800.0
393,2021-10-17 03:58:20,55100.0,100.0,495100.0
394,2021-10-17 03:57:36,55100.0,100.0,495000.0
395,2021-10-17 03:57:26,55100.0,1000.0,494900.0
396,2021-10-17 03:57:26,55100.0,500.0,493900.0
397,2021-10-17 03:57:26,55100.0,500.0,493400.0
398,2021-10-17 03:57:26,55100.0,1100.0,492900.0
399,2021-10-17 03:57:20,55100.0,1900.0,491800.0
400,2021-10-17 03:56:43,55100.0,1000.0,489900.0
401,2021-10-17 03:55:56,55100.0,100.0,488900.0
402,2021-10-17 03:55:33,55100.0,200.0,488800.0
403,2021-10-17 03:54:52,55100.0,100.0,488600.0
404,2021-10-17 03:54:52,55100.0,900.0,488500.0
405,2021-10-17 03:54:37,55100.0,1000.0,487600.0
406,2021-10-17 03:54:11,55000.0,1000.0,486600.0
407,2021-10-17 03:54:11,55000.0,100.0,485600.0
408,2021-10-17 03:53:57,54900.0,900.0,485500.0
409,2021-10-17 03:53:57,54900.0,100.0,484600.0
410,2021-10-17 03:53:11,55000.0,500.0,484500.0
411,2021-10-17 03:52:16,55000.0,400.0,484000.0
412,2021-10-17 03:51:24,55000.0,100.0,483600.0
413,2021-10-17 03:51:11,55000.0,200.0,483500.0
414,2021-10-17 03:51:11,55000.0,100.0,483300.0
415,2021-10-17 03:51:11,55000.0,200.0,483200.0
416,2021-10-17 03:47:50,55000.0,100.0,483000.0
417,2021-10-17 03:47:50,55000.0,500.0,482900.0
418,2021-10-17 03:47:50,55000.0,300.0,482400.0
419,2021-10-17 03:46:07,55000.0,100.0,482100.0
420,2021-10-17 03:43:14,55000.0,100.0,482000.0
421,2021-10-17 03:41:47,55000.0,100.0,481900.0
422,2021-10-17 03:41:41,55000.0,100.0,481800.0
423,2021-10-17 03:41:11,55000.0,100.0,481700.0
424,2021-10-17 03:40:27,55000.0,100.0,481600.0
425,2021-10-17 03:40:27,55000.0,100.0,481500.0
426,2021-10-17 03:40:00,55000.0,100.0,481400.0
427,2021-10-17 03:40:00,55000.0,1000.0,481300.0
428,2021-10-17 03:40:00,55000.0,1000.0,480300.0
429,2021-10-17 03:40:00,55000.0,500.0,479300.0
430,2021-10-17 03:40:00,55000.0,1000.0,478800.0
431,2021-10-17 03:40:00,55000.0,100.0,477800.0
432,2021-10-17 03:40:00,55000.0,300.0,477700.0
433,2021-10-17 03:38:33,55100.0,700.0,477400.0
434,2021-10-17 03:38:04,55100.0,1000.0,476700.0
435,2021-10-17 03:38:04,55100.0,100.0,475700.0
436,2021-10-17 03:38:04,55100.0,900.0,475600.0
437,2021-10-17 03:38:04,55100.0,900.0,474700.0
438,2021-10-17 03:38:04,55100.0,100.0,473800.0
439,2021-10-17 03:34:32,55200.0,100.0,473700.0
440,2021-10-17 03:31:50,55100.0,300.0,473600.0
441,2021-10-17 03:31:03,55100.0,100.0,473300.0
442,2021-10-17 03:29:55,55000.0,700.0,473200.0
443,2021-10-17 03:29:55,55000.0,2800.0,472500.0
444,2021-10-17 03:29:55,55000.0,1000.0,469700.0
445,2021-10-17 03:29:55,55000.0,100.0,468700.0
446,2021-10-17 03:29:55,55000.0,100.0,468600.0
447,2021-10-17 03:29:55,55000.0,400.0,468500.0
448,2021-10-17 03:29:55,55000.0,1000.0,468100.0
449,2021-10-17 03:29:55,55000.0,500.0,467100.0
450,2021-10-17 03:29:55,55000.0,100.0,466600.0
451,2021-10-17 03:29:55,55000.0,10000.0,466500.0
452,2021-10-17 03:29:55,55000.0,900.0,456500.0
453,2021-10-17 03:29:55,55000.0,100.0,455600.0
454,2021-10-17 03:29:55,55000.0,1000.0,455500.0
455,2021-10-17 03:29:55,55000.0,700.0,454500.0
456,2021-10-17 03:29:55,55100.0,100.0,453800.0
457,2021-10-17 03:29:55,55100.0,500.0,453700.0
458,2021-10-17 03:29:02,55100.0,100.0,453200.0
459,2021-10-17 03:27:31,55100.0,900.0,453100.0
460,2021-10-17 03:27:31,55100.0,2000.0,452200.0
461,2021-10-17 03:27:31,55100.0,100.0,450200.0
462,2021-10-17 03:27:31,55100.0,100.0,450100.0
463,2021-10-17 03:27:31,55100.0,1900.0,450000.0
464,2021-10-17 03:26:46,55200.0,500.0,448100.0
465,2021-10-17 03:25:21,55200.0,1000.0,447600.0
466,2021-10-17 03:25:21,55200.0,500.0,446600.0
467,2021-10-17 03:25:19,55200.0,500.0,446100.0
468,2021-10-17 03:24:07,55200.0,1500.0,445600.0
469,2021-10-17 03:24:07,55200.0,200.0,444100.0
470,2021-10-17 03:24:07,55200.0,300.0,443900.0
471,2021-10-17 03:23:09,55200.0,500.0,443600.0
472,2021-10-17 03:22:38,55200.0,100.0,443100.0
473,2021-10-17 03:20:04,55100.0,1000.0,443000.0
474,2021-10-17 03:19:34,55100.0,100.0,442000.0
475,2021-10-17 03:18:53,55200.0,1100.0,441900.0
476,2021-10-17 03:18:53,55200.0,300.0,440800.0
477,2021-10-17 03:18:10,55200.0,200.0,440500.0
478,2021-10-17 03:18:10,55200.0,200.0,440300.0
479,2021-10-17 03:18:10,55200.0,100.0,440100.0
480,2021-10-17 03:18:10,55200.0,100.0,440000.0
481,2021-10-17 03:18:10,55200.0,1000.0,439900.0
482,2021-10-17 03:18:10,55200.0,400.0,438900.0
483,2021-10-17 03:16:53,55200.0,300.0,438500.0
484,2021-10-17 03:16:45,55200.0,1300.0,438200.0
485,2021-10-17 03:16:45,55200.0,100.0,436900.0
486,2021-10-17 03:16:45,55200.0,500.0,436800.0
487,2021-10-17 03:16:08,55200.0,100.0,436300.0
488,2021-10-17 03:15:42,55200.0,1000.0,436200.0
489,2021-10-17 03:13:56,55200.0,700.0,435200.0
490,2021-10-17 03:13:15,55200.0,100.0,434500.0
491,2021-10-17 03:11:56,55200.0,100.0,434400.0
492,2021-10-17 03:11:41,55000.0,100.0,434300.0
493,2021-10-17 03:09:33,55000.0,100.0,434200.0
494,2021-10-17 03:08:43,55000.0,200.0,434100.0
495,2021-10-17 03:08:43,55000.0,300.0,433900.0
496,2021-10-17 03:07:25,55000.0,100.0,433600.0
497,2021-10-17 03:06:43,55000.0,100.0,433500.0
498,2021-10-17 03:06:08,55000.0,100.0,433400.0
499,2021-10-17 03:05:29,55200.0,200.0,433300.0
500,2021-10-17 03:05:24,55100.0,100.0,433100.0
501,2021-10-17 03:05:19,55100.0,200.0,433000.0
502,2021-10-17 03:05:19,55100.0,300.0,432800.0
503,2021-10-17 03:05:13,55100.0,100.0,432500.0
504,2021-10-17 03:04:40,55100.0,2000.0,432400.0
505,2021-10-17 03:04:40,55100.0,1000.0,430400.0
506,2021-10-17 03:04:40,55000.0,600.0,429400.0
507,2021-10-17 03:04:16,55000.0,500.0,428800.0
508,2021-10-17 03:04:16,55000.0,100.0,428300.0
509,2021-10-17 03:04:16,55000.0,1000.0,428200.0
510,2021-10-17 03:04:16,55000.0,500.0,427200.0
511,2021-10-17 03:04:16,55000.0,300.0,426700.0
512,2021-10-17 03:04:16,55000.0,2000.0,426400.0
513,2021-10-17 03:03:28,55100.0,100.0,424400.0
514,2021-10-17 03:03:00,55100.0,400.0,424300.0
515,2021-10-17 03:02:57,55100.0,1000.0,423900.0
516,2021-10-17 03:02:14,55100.0,600.0,422900.0
517,2021-10-17 03:01:37,55200.0,100.0,422300.0
518,2021-10-17 03:01:37,55200.0,100.0,422200.0
519,2021-10-17 03:01:37,55200.0,100.0,422100.0
520,2021-10-17 03:00:53,55200.0,1100.0,422000.0
521,2021-10-17 03:00:53,55200.0,100.0,420900.0
522,2021-10-17 03:00:31,55200.0,100.0,420800.0
523,2021-10-17 02:59:50,55200.0,200.0,420700.0
524,2021-10-17 02:59:50,55200.0,1000.0,420500.0
525,2021-10-17 02:59:50,55200.0,100.0,419500.0
526,2021-10-17 02:59:50,55200.0,100.0,419400.0
527,2021-10-17 02:59:50,55200.0,200.0,419300.0
528,2021-10-17 02:59:48,55200.0,500.0,419100.0
529,2021-10-17 02:59:16,55200.0,100.0,418600.0
530,2021-10-17 02:59:02,55000.0,200.0,418500.0
531,2021-10-17 02:59:02,55000.0,100.0,418300.0
532,2021-10-17 02:58:41,55000.0,900.0,418200.0
533,2021-10-17 02:58:38,55000.0,1000.0,417300.0
534,2021-10-17 02:58:32,55000.0,1300.0,416300.0
535,2021-10-17 02:58:30,55000.0,200.0,415000.0
536,2021-10-17 02:58:30,55000.0,200.0,414800.0
537,2021-10-17 02:58:24,55000.0,800.0,414600.0
538,2021-10-17 02:58:24,55000.0,200.0,413800.0
539,2021-10-17 02:58:21,55000.0,600.0,413600.0
540,2021-10-17 02:58:21,55000.0,200.0,413000.0
541,2021-10-17 02:58:15,55000.0,100.0,412800.0
542,2021-10-17 02:58:11,55000.0,1300.0,412700.0
543,2021-10-17 02:58:00,55000.0,100.0,411400.0
544,2021-10-17 02:58:00,55000.0,100.0,411300.0
545,2021-10-17 02:58:00,55000.0,800.0,411200.0
546,2021-10-17 02:57:14,55000.0,5000.0,410400.0
547,2021-10-17 02:56:54,54900.0,100.0,405400.0
548,2021-10-17 02:56:54,54900.0,100.0,405300.0
549,2021-10-17 02:56:53,55000.0,1000.0,405200.0
550,2021-10-17 02:56:35,54900.0,200.0,404200.0
551,2021-10-17 02:56:35,54900.0,200.0,404000.0
552,2021-10-17 02:55:37,54900.0,100.0,403800.0
553,2021-10-17 02:54:44,54900.0,200.0,403700.0
554,2021-10-17 02:54:37,54900.0,200.0,403500.0
555,2021-10-17 02:53:53,55000.0,200.0,403300.0
556,2021-10-17 02:53:25,55000.0,2000.0,403100.0
557,2021-10-17 02:53:09,55000.0,100.0,401100.0
558,2021-10-17 02:52:58,55000.0,1000.0,401000.0
559,2021-10-17 02:52:58,55000.0,100.0,400000.0
560,2021-10-17 02:52:58,55000.0,400.0,399900.0
561,2021-10-17 02:52:58,55000.0,100.0,399500.0
562,2021-10-17 02:52:58,55000.0,100.0,399400.0
563,2021-10-17 02:52:58,55000.0,100.0,399300.0
564,2021-10-17 02:52:58,55000.0,1000.0,399200.0
565,2021-10-17 02:52:58,55000.0,1000.0,398200.0
566,2021-10-17 02:52:58,55000.0,300.0,397200.0
567,2021-10-17 02:52:58,55000.0,2000.0,396900.0
568,2021-10-17 02:52:58,55000.0,1000.0,394900.0
569,2021-10-17 02:52:58,55000.0,100.0,393900.0
570,2021-10-17 02:52:58,55000.0,1000.0,393800.0
571,2021-10-17 02:52:58,55000.0,1000.0,392800.0
572,2021-10-17 02:52:58,55000.0,500.0,391800.0
573,2021-10-17 02:52:58,55000.0,1000.0,391300.0
574,2021-10-17 02:52:58,55000.0,100.0,390300.0
575,2021-10-17 02:52:58,55000.0,300.0,390200.0
576,2021-10-17 02:52:58,55000.0,20000.0,389900.0
577,2021-10-17 02:52:58,55100.0,200.0,369900.0
578,2021-10-17 02:52:58,55100.0,3000.0,369700.0
579,2021-10-17 02:52:58,55100.0,6600.0,366700.0
580,2021-10-17 02:52:27,55200.0,200.0,360100.0
581,2021-10-17 02:52:27,55200.0,800.0,359900.0
582,2021-10-17 02:52:27,55200.0,1000.0,359100.0
583,2021-10-17 02:52:27,55200.0,1000.0,358100.0
584,2021-10-17 02:52:27,55200.0,1000.0,357100.0
585,2021-10-17 02:52:27,55200.0,200.0,356100.0
586,2021-10-17 02:52:27,55200.0,200.0,355900.0
587,2021-10-17 02:52:27,55200.0,300.0,355700.0
588,2021-10-17 02:51:39,55200.0,700.0,355400.0
589,2021-10-17 02:51:39,55200.0,100.0,354700.0
590,2021-10-17 02:51:39,55200.0,2000.0,354600.0
591,2021-10-17 02:51:39,55200.0,3000.0,352600.0
592,2021-10-17 02:51:39,55200.0,200.0,349600.0
593,2021-10-17 02:51:03,55300.0,500.0,349400.0
594,2021-10-17 02:50:38,55300.0,500.0,348900.0
595,2021-10-17 02:50:38,55300.0,400.0,348400.0
596,2021-10-17 02:50:21,55300.0,100.0,348000.0
597,2021-10-17 02:49:54,55300.0,500.0,347900.0
598,2021-10-17 02:49:51,55300.0,1400.0,347400.0
599,2021-10-17 02:49:51,55300.0,400.0,346000.0
600,2021-10-17 02:49:51,55300.0,100.0,345600.0
601,2021-10-17 02:49:51,55300.0,500.0,345500.0
602,2021-10-17 02:49:51,55300.0,500.0,345000.0
603,2021-10-17 02:49:51,55300.0,200.0,344500.0
604,2021-10-17 02:49:51,55300.0,100.0,344300.0
605,2021-10-17 02:49:51,55300.0,300.0,344200.0
606,2021-10-17 02:47:55,55400.0,100.0,343900.0
607,2021-10-17 02:47:55,55400.0,100.0,343800.0
608,2021-10-17 02:47:55,55400.0,2700.0,343700.0
609,2021-10-17 02:47:35,55400.0,100.0,341000.0
610,2021-10-17 02:47:31,55400.0,2000.0,340900.0
611,2021-10-17 02:47:20,55400.0,200.0,338900.0
612,2021-10-17 02:47:20,55400.0,1800.0,338700.0
613,2021-10-17 02:46:43,55400.0,3200.0,336900.0
614,2021-10-17 02:46:43,55400.0,1800.0,333700.0
615,2021-10-17 02:46:23,55400.0,3200.0,331900.0
616,2021-10-17 02:46:19,55400.0,200.0,328700.0
617,2021-10-17 02:46:18,55400.0,100.0,328500.0
618,2021-10-17 02:46:16,55400.0,100.0,328400.0
619,2021-10-17 02:46:16,55400.0,200.0,328300.0
620,2021-10-17 02:46:16,55400.0,500.0,328100.0
621,2021-10-17 02:46:16,55400.0,100.0,327600.0
622,2021-10-17 02:46:16,55400.0,100.0,327500.0
623,2021-10-17 02:46:16,55400.0,500.0,327400.0
624,2021-10-17 02:45:51,55300.0,1000.0,326900.0
625,2021-10-17 02:45:48,55400.0,100.0,325900.0
626,2021-10-17 02:45:48,55400.0,900.0,325800.0
627,2021-10-17 02:45:48,55400.0,100.0,324900.0
628,2021-10-17 02:45:48,55400.0,100.0,324800.0
629,2021-10-17 02:45:48,55400.0,2000.0,324700.0
630,2021-10-17 02:45:48,55400.0,1000.0,322700.0
631,2021-10-17 02:45:48,55400.0,2800.0,321700.0
632,2021-10-17 02:45:36,55300.0,200.0,318900.0
633,2021-10-17 02:45:34,55300.0,100.0,318700.0
634,2021-10-17 02:45:25,55300.0,100.0,318600.0
635,2021-10-17 02:44:33,55400.0,100.0,318500.0
636,2021-10-17 02:44:28,55400.0,600.0,318400.0
637,2021-10-17 02:44:28,55400.0,2000.0,317800.0
638,2021-10-17 02:44:28,55400.0,100.0,315800.0
639,2021-10-17 02:44:28,55400.0,2000.0,315700.0
640,2021-10-17 02:44:28,55400.0,300.0,313700.0
641,2021-10-17 02:44:02,55300.0,5700.0,313400.0
642,2021-10-17 02:44:02,55300.0,200.0,307700.0
643,2021-10-17 02:44:02,55300.0,4100.0,307500.0
644,2021-10-17 02:44:01,55300.0,900.0,303400.0
645,2021-10-17 02:44:01,55300.0,100.0,302500.0
646,2021-10-17 02:43:17,55300.0,400.0,302400.0
647,2021-10-17 02:43:17,55300.0,100.0,302000.0
648,2021-10-17 02:43:17,55300.0,1500.0,301900.0
649,2021-10-17 02:43:10,55300.0,200.0,300400.0
650,2021-10-17 02:42:55,55300.0,300.0,300200.0
651,2021-10-17 02:42:06,55400.0,200.0,299900.0
652,2021-10-17 02:42:06,55400.0,200.0,299700.0
653,2021-10-17 02:42:06,55400.0,600.0,299500.0
654,2021-10-17 02:41:43,55400.0,300.0,298900.0
655,2021-10-17 02:41:23,55400.0,100.0,298600.0
656,2021-10-17 02:40:50,55300.0,100.0,298500.0
657,2021-10-17 02:40:17,55400.0,100.0,298400.0
658,2021-10-17 02:40:16,55400.0,900.0,298300.0
659,2021-10-17 02:40:16,55400.0,200.0,297400.0
660,2021-10-17 02:40:16,55400.0,300.0,297200.0
661,2021-10-17 02:40:16,55400.0,600.0,296900.0
662,2021-10-17 02:39:51,55400.0,1000.0,296300.0
663,2021-10-17 02:39:20,55300.0,1900.0,295300.0
664,2021-10-17 02:39:20,55300.0,1000.0,293400.0
665,2021-10-17 02:39:20,55300.0,1000.0,292400.0
666,2021-10-17 02:39:20,55300.0,500.0,291400.0
667,2021-10-17 02:39:20,55300.0,100.0,290900.0
668,2021-10-17 02:39:20,55400.0,100.0,290800.0
669,2021-10-17 02:39:20,55400.0,2000.0,290700.0
670,2021-10-17 02:39:20,55400.0,1500.0,288700.0
671,2021-10-17 02:39:20,55400.0,1300.0,287200.0
672,2021-10-17 02:39:20,55400.0,600.0,285900.0
673,2021-10-17 02:39:01,55400.0,100.0,285300.0
674,2021-10-17 02:39:00,55500.0,100.0,285200.0
675,2021-10-17 02:38:35,55500.0,2000.0,285100.0
676,2021-10-17 02:38:34,55400.0,300.0,283100.0
677,2021-10-17 02:38:32,55400.0,100.0,282800.0
678,2021-10-17 02:38:32,55400.0,400.0,282700.0
679,2021-10-17 02:37:51,55400.0,200.0,282300.0
680,2021-10-17 02:37:51,55400.0,300.0,282100.0
681,2021-10-17 02:37:43,55400.0,1000.0,281800.0
682,2021-10-17 02:37:43,55400.0,100.0,280800.0
683,2021-10-17 02:37:32,55500.0,500.0,280700.0
684,2021-10-17 02:37:31,55400.0,100.0,280200.0
685,2021-10-17 02:37:22,55400.0,500.0,280100.0
686,2021-10-17 02:37:19,55400.0,100.0,279600.0
687,2021-10-17 02:37:11,55500.0,1100.0,279500.0
688,2021-10-17 02:37:11,55500.0,1000.0,278400.0
689,2021-10-17 02:37:11,55500.0,900.0,277400.0
690,2021-10-17 02:36:48,55400.0,500.0,276500.0
691,2021-10-17 02:36:44,55400.0,500.0,276000.0
692,2021-10-17 02:36:30,55400.0,100.0,275500.0
693,2021-10-17 02:36:09,55400.0,200.0,275400.0
694,2021-10-17 02:36:09,55400.0,100.0,275200.0
695,2021-10-17 02:34:41,55500.0,500.0,275100.0
696,2021-10-17 02:34:00,55500.0,9600.0,274600.0
697,2021-10-17 02:34:00,55400.0,300.0,265000.0
698,2021-10-17 02:34:00,55400.0,100.0,264700.0
699,2021-10-17 02:34:00,55300.0,100.0,264600.0
700,2021-10-17 02:33:52,55300.0,100.0,264500.0
701,2021-10-17 02:33:45,55300.0,200.0,264400.0
702,2021-10-17 02:33:43,55400.0,300.0,264200.0
703,2021-10-17 02:33:43,55400.0,200.0,263900.0
704,2021-10-17 02:33:31,55400.0,800.0,263700.0
705,2021-10-17 02:33:28,55400.0,200.0,262900.0
706,2021-10-17 02:33:28,55400.0,700.0,262700.0
707,2021-10-17 02:33:28,55400.0,1600.0,262000.0
708,2021-10-17 02:33:21,55400.0,400.0,260400.0
709,2021-10-17 02:33:02,55500.0,1000.0,260000.0
710,2021-10-17 02:33:02,55500.0,1200.0,259000.0
711,2021-10-17 02:33:02,55500.0,1000.0,257800.0
712,2021-10-17 02:33:02,55500.0,800.0,256800.0
713,2021-10-17 02:32:58,55600.0,200.0,256000.0
714,2021-10-17 02:32:53,55500.0,200.0,255800.0
715,2021-10-17 02:32:53,55500.0,100.0,255600.0
716,2021-10-17 02:32:53,55500.0,800.0,255500.0
717,2021-10-17 02:32:53,55500.0,900.0,254700.0
718,2021-10-17 02:32:53,55500.0,2000.0,253800.0
719,2021-10-17 02:32:29,55500.0,1000.0,251800.0
720,2021-10-17 02:32:21,55500.0,200.0,250800.0
721,2021-10-17 02:32:21,55700.0,3100.0,250600.0
722,2021-10-17 02:32:21,55700.0,400.0,247500.0
723,2021-10-17 02:32:21,55700.0,500.0,247100.0
724,2021-10-17 02:32:21,55700.0,100.0,246600.0
725,2021-10-17 02:32:21,55700.0,1000.0,246500.0
726,2021-10-17 02:32:21,55700.0,700.0,245500.0
727,2021-10-17 02:32:21,55700.0,5000.0,244800.0
728,2021-10-17 02:32:21,55700.0,2800.0,239800.0
729,2021-10-17 02:32:21,55600.0,500.0,237000.0
730,2021-10-17 02:32:21,55600.0,100.0,236500.0
731,2021-10-17 02:32:21,55600.0,100.0,236400.0
732,2021-10-17 02:31:59,55500.0,1800.0,236300.0
733,2021-10-17 02:31:59,55500.0,1200.0,234500.0
734,2021-10-17 02:31:59,55500.0,200.0,233300.0
735,2021-10-17 02:31:59,55500.0,2800.0,233100.0
736,2021-10-17 02:31:54,55500.0,100.0,230300.0
737,2021-10-17 02:31:54,55600.0,300.0,230200.0
738,2021-10-17 02:31:49,55600.0,300.0,229900.0
739,2021-10-17 02:31:49,55600.0,100.0,229600.0
740,2021-10-17 02:31:45,55600.0,100.0,229500.0
741,2021-10-17 02:31:45,55600.0,500.0,229400.0
742,2021-10-17 02:31:45,55600.0,400.0,228900.0
743,2021-10-17 02:31:43,55500.0,1000.0,228500.0
744,2021-10-17 02:31:30,55500.0,200.0,227500.0
745,2021-10-17 02:31:25,55500.0,100.0,227300.0
746,2021-10-17 02:31:25,55500.0,400.0,227200.0
747,2021-10-17 02:31:23,55500.0,400.0,226800.0
748,2021-10-17 02:31:23,55500.0,100.0,226400.0
749,2021-10-17 02:31:23,55600.0,100.0,226300.0
750,2021-10-17 02:31:10,55500.0,300.0,226200.0
751,2021-10-17 02:31:01,55500.0,100.0,225900.0
752,2021-10-17 02:31:01,55500.0,100.0,225800.0
753,2021-10-17 02:31:01,55500.0,200.0,225700.0
754,2021-10-17 02:31:01,55500.0,1600.0,225500.0
755,2021-10-17 02:30:40,55500.0,500.0,223900.0
756,2021-10-17 02:30:26,55500.0,200.0,223400.0
757,2021-10-17 02:30:13,55500.0,100.0,223200.0
758,2021-10-17 02:30:10,55500.0,500.0,223100.0
759,2021-10-17 02:30:05,55500.0,100.0,222600.0
760,2021-10-17 02:30:02,55500.0,200.0,222500.0
761,2021-10-17 02:30:00,55500.0,100.0,222300.0
762,2021-10-17 02:30:00,55500.0,200.0,222200.0
763,2021-10-17 02:30:00,55500.0,1000.0,222000.0
764,2021-10-17 02:30:00,55500.0,500.0,221000.0
765,2021-10-17 02:29:34,55500.0,1000.0,220500.0
766,2021-10-17 02:29:14,55700.0,200.0,219500.0
767,2021-10-17 02:29:14,55700.0,100.0,219300.0
768,2021-10-17 02:29:14,55700.0,500.0,219200.0
769,2021-10-17 02:29:14,55700.0,200.0,218700.0
770,2021-10-17 02:29:14,55600.0,500.0,218500.0
771,2021-10-17 02:29:14,55600.0,100.0,218000.0
772,2021-10-17 02:29:14,55600.0,100.0,217900.0
773,2021-10-17 02:29:14,55600.0,3000.0,217800.0
774,2021-10-17 02:29:14,55600.0,200.0,214800.0
775,2021-10-17 02:29:14,55500.0,100.0,214600.0
776,2021-10-17 02:29:01,55500.0,100.0,214500.0
777,2021-10-17 02:29:01,55500.0,400.0,214400.0
778,2021-10-17 02:28:37,55500.0,600.0,214000.0
779,2021-10-17 02:28:37,55500.0,1000.0,213400.0
780,2021-10-17 02:28:37,55500.0,200.0,212400.0
781,2021-10-17 02:28:37,55500.0,200.0,212200.0
782,2021-10-17 02:28:36,55500.0,100.0,212000.0
783,2021-10-17 02:28:08,55500.0,100.0,211900.0
784,2021-10-17 02:28:08,55500.0,300.0,211800.0
785,2021-10-17 02:28:08,55500.0,100.0,211500.0
786,2021-10-17 02:28:08,55500.0,200.0,211400.0
787,2021-10-17 02:27:57,55500.0,1000.0,211200.0
788,2021-10-17 02:27:47,55500.0,500.0,210200.0
789,2021-10-17 02:27:47,55500.0,4500.0,209700.0
790,2021-10-17 02:27:37,55500.0,2000.0,205200.0
791,2021-10-17 02:27:37,55500.0,1500.0,203200.0
792,2021-10-17 02:27:32,55500.0,1000.0,201700.0
793,2021-10-17 02:27:24,55500.0,500.0,200700.0
794,2021-10-17 02:27:24,55500.0,200.0,200200.0
795,2021-10-17 02:27:15,55500.0,500.0,200000.0
796,2021-10-17 02:27:15,55500.0,500.0,199500.0
797,2021-10-17 02:27:15,55500.0,100.0,199000.0
798,2021-10-17 02:27:15,55500.0,500.0,198900.0
799,2021-10-17 02:27:15,55500.0,100.0,198400.0
800,2021-10-17 02:27:15,55500.0,5000.0,198300.0
801,2021-10-17 02:27:15,55500.0,1000.0,193300.0
802,2021-10-17 02:27:15,55500.0,500.0,192300.0
803,2021-10-17 02:27:15,55500.0,1100.0,191800.0
804,2021-10-17 02:27:12,55500.0,400.0,190700.0
805,2021-10-17 02:27:12,55500.0,3600.0,190300.0
806,2021-10-17 02:27:11,55500.0,200.0,186700.0
807,2021-10-17 02:27:10,55500.0,1200.0,186500.0
808,2021-10-17 02:27:10,55500.0,100.0,185300.0
809,2021-10-17 02:27:10,55500.0,5000.0,185200.0
810,2021-10-17 02:27:10,55500.0,100.0,180200.0
811,2021-10-17 02:27:10,55500.0,3600.0,180100.0
812,2021-10-17 02:26:51,55500.0,20700.0,176500.0
813,2021-10-17 02:26:51,55500.0,100.0,155800.0
814,2021-10-17 02:26:51,55500.0,500.0,155700.0
815,2021-10-17 02:26:51,55500.0,1000.0,155200.0
816,2021-10-17 02:26:51,55500.0,2000.0,154200.0
817,2021-10-17 02:26:51,55500.0,200.0,152200.0
818,2021-10-17 02:26:51,55500.0,200.0,152000.0
819,2021-10-17 02:26:51,55500.0,100.0,151800.0
820,2021-10-17 02:26:51,55400.0,3000.0,151700.0
821,2021-10-17 02:26:51,55400.0,500.0,148700.0
822,2021-10-17 02:26:51,55400.0,100.0,148200.0
823,2021-10-17 02:26:51,55400.0,1000.0,148100.0
824,2021-10-17 02:26:51,55400.0,500.0,147100.0
825,2021-10-17 02:26:51,55300.0,100.0,146600.0
826,2021-10-17 02:26:46,55300.0,100.0,146500.0
827,2021-10-17 02:26:34,55300.0,100.0,146400.0
828,2021-10-17 02:26:34,55300.0,500.0,146300.0
829,2021-10-17 02:26:34,55300.0,100.0,145800.0
830,2021-10-17 02:26:34,55300.0,100.0,145700.0
831,2021-10-17 02:26:34,55300.0,100.0,145600.0
832,2021-10-17 02:26:34,55300.0,2000.0,145500.0
833,2021-10-17 02:26:34,55300.0,2000.0,143500.0
834,2021-10-17 02:26:33,55200.0,600.0,141500.0
835,2021-10-17 02:26:25,55200.0,2000.0,140900.0
836,2021-10-17 02:26:21,55200.0,1000.0,138900.0
837,2021-10-17 02:26:19,55200.0,5000.0,137900.0
838,2021-10-17 02:26:17,55200.0,100.0,132900.0
839,2021-10-17 02:26:15,55200.0,1300.0,132800.0
840,2021-10-17 02:26:14,55200.0,200.0,131500.0
841,2021-10-17 02:26:10,55100.0,200.0,131300.0
842,2021-10-17 02:26:08,55200.0,300.0,131100.0
843,2021-10-17 02:26:08,55200.0,400.0,130800.0
844,2021-10-17 02:26:08,55200.0,4000.0,130400.0
845,2021-10-17 02:26:08,55200.0,100.0,126400.0
846,2021-10-17 02:26:08,55200.0,400.0,126300.0
847,2021-10-17 02:26:08,55200.0,100.0,125900.0
848,2021-10-17 02:26:08,55200.0,4700.0,125800.0
849,2021-10-17 02:26:07,55100.0,300.0,121100.0
850,2021-10-17 02:25:59,55200.0,300.0,120800.0
851,2021-10-17 02:25:59,55200.0,500.0,120500.0
852,2021-10-17 02:25:59,55200.0,500.0,120000.0
853,2021-10-17 02:25:59,55200.0,100.0,119500.0
854,2021-10-17 02:25:58,55100.0,100.0,119400.0
855,2021-10-17 02:25:58,55100.0,2800.0,119300.0
856,2021-10-17 02:25:57,55100.0,7200.0,116500.0
857,2021-10-17 02:25:57,55100.0,500.0,109300.0
858,2021-10-17 02:25:57,55100.0,2300.0,108800.0
859,2021-10-17 02:25:47,55100.0,700.0,106500.0
860,2021-10-17 02:25:47,55100.0,100.0,105800.0
861,2021-10-17 02:25:47,55100.0,100.0,105700.0
862,2021-10-17 02:25:47,55100.0,100.0,105600.0
863,2021-10-17 02:25:47,55100.0,2000.0,105500.0
864,2021-10-17 02:25:42,55100.0,1000.0,103500.0
865,2021-10-17 02:25:30,55000.0,400.0,102500.0
866,2021-10-17 02:25:22,55000.0,400.0,102100.0
867,2021-10-17 02:25:22,55000.0,1000.0,101700.0
868,2021-10-17 02:25:22,55000.0,2400.0,100700.0
869,2021-10-17 02:25:14,55000.0,7600.0,98300.0
870,2021-10-17 02:25:14,55000.0,100.0,90700.0
871,2021-10-17 02:25:14,55000.0,300.0,90600.0
872,2021-10-17 02:25:14,55000.0,300.0,90300.0
873,2021-10-17 02:25:14,55000.0,300.0,90000.0
874,2021-10-17 02:25:14,55000.0,500.0,89700.0
875,2021-10-17 02:25:14,55000.0,2000.0,89200.0
876,2021-10-17 02:25:14,55000.0,200.0,87200.0
877,2021-10-17 02:25:14,55000.0,1000.0,87000.0
878,2021-10-17 02:25:14,55000.0,100.0,86000.0
879,2021-10-17 02:25:14,55000.0,1000.0,85900.0
880,2021-10-17 02:25:14,55000.0,500.0,84900.0
881,2021-10-17 02:25:14,55000.0,1100.0,84400.0
882,2021-10-17 02:24:29,54700.0,100.0,83300.0
883,2021-10-17 02:24:16,55000.0,4800.0,83200.0
884,2021-10-17 02:24:16,55000.0,5000.0,78400.0
885,2021-10-17 02:24:16,55000.0,5000.0,73400.0
886,2021-10-17 02:24:16,55000.0,1000.0,68400.0
887,2021-10-17 02:24:16,55000.0,100.0,67400.0
888,2021-10-17 02:24:16,55000.0,100.0,67300.0
889,2021-10-17 02:24:16,55000.0,100.0,67200.0
890,2021-10-17 02:24:16,55000.0,7800.0,67100.0
891,2021-10-17 02:24:16,54900.0,1000.0,59300.0
892,2021-10-17 02:24:16,54900.0,500.0,58300.0
893,2021-10-17 02:24:16,54900.0,1500.0,57800.0
894,2021-10-17 02:24:16,54900.0,10000.0,56300.0
895,2021-10-17 02:24:16,54900.0,3000.0,46300.0
896,2021-10-17 02:24:16,54900.0,100.0,43300.0
897,2021-10-17 02:23:40,54900.0,100.0,43200.0
898,2021-10-17 02:23:40,54800.0,1200.0,43100.0
899,2021-10-17 02:23:40,54800.0,3700.0,41900.0
900,2021-10-17 02:23:32,54800.0,200.0,38200.0
901,2021-10-17 02:23:28,54800.0,100.0,38000.0
902,2021-10-17 02:23:28,54800.0,100.0,37900.0
903,2021-10-17 02:23:15,54900.0,200.0,37800.0
904,2021-10-17 02:23:14,54800.0,900.0,37600.0
905,2021-10-17 02:23:14,54800.0,100.0,36700.0
906,2021-10-17 02:23:12,55000.0,200.0,36600.0
907,2021-10-17 02:23:12,55000.0,100.0,36400.0
908,2021-10-17 02:23:12,54900.0,100.0,36300.0
909,2021-10-17 02:23:12,54900.0,200.0,36200.0
910,2021-10-17 02:23:12,54900.0,100.0,36000.0
911,2021-10-17 02:23:12,54900.0,500.0,35900.0
912,2021-10-17 02:23:12,54900.0,500.0,35400.0
913,2021-10-17 02:23:12,54900.0,1000.0,34900.0
914,2021-10-17 02:23:12,54900.0,300.0,33900.0
915,2021-10-17 02:23:10,54900.0,500.0,33600.0
916,2021-10-17 02:23:06,54900.0,100.0,33100.0
917,2021-10-17 02:22:57,54800.0,200.0,33000.0
918,2021-10-17 02:22:54,54900.0,100.0,32800.0
919,2021-10-17 02:22:42,54800.0,100.0,32700.0
920,2021-10-17 02:22:31,54800.0,200.0,32600.0
921,2021-10-17 02:22:24,54800.0,200.0,32400.0
922,2021-10-17 02:22:24,54800.0,300.0,32200.0
923,2021-10-17 02:22:24,54800.0,200.0,31900.0
924,2021-10-17 02:22:24,54800.0,5000.0,31700.0
925,2021-10-17 02:22:24,54800.0,3700.0,26700.0
926,2021-10-17 02:22:18,54700.0,100.0,23000.0
927,2021-10-17 02:22:16,54700.0,100.0,22900.0
928,2021-10-17 02:22:16,54700.0,200.0,22800.0
929,2021-10-17 02:22:16,54700.0,1000.0,22600.0
930,2021-10-17 02:21:46,54700.0,1000.0,21600.0
931,2021-10-17 02:21:32,54700.0,2900.0,20600.0
932,2021-10-17 02:21:24,54700.0,100.0,17700.0
933,2021-10-17 02:20:13,54800.0,1000.0,17600.0
934,2021-10-17 02:20:04,54800.0,300.0,16600.0
935,2021-10-17 02:20:04,54700.0,300.0,16300.0
936,2021-10-17 02:20:04,54700.0,200.0,16000.0
937,2021-10-17 02:19:38,54700.0,100.0,15800.0
938,2021-10-17 02:19:38,54700.0,100.0,15700.0
939,2021-10-17 02:19:28,54600.0,200.0,15600.0
940,2021-10-17 02:19:25,54600.0,1000.0,15400.0
941,2021-10-17 02:19:25,54600.0,300.0,14400.0
942,2021-10-17 02:18:51,54500.0,1000.0,14100.0
943,2021-10-17 02:18:51,54500.0,500.0,13100.0
944,2021-10-17 02:18:51,54500.0,1200.0,12600.0
945,2021-10-17 02:18:48,54500.0,500.0,11400.0
946,2021-10-17 02:18:03,54500.0,4300.0,10900.0
947,2021-10-17 02:18:03,54500.0,700.0,6600.0
948,2021-10-17 02:17:09,54500.0,1000.0,5900.0
949,2021-10-17 02:17:09,54500.0,400.0,4900.0
950,2021-10-17 02:16:05,54500.0,100.0,4500.0
951,2021-10-17 02:16:05,54500.0,300.0,4400.0
952,2021-10-17 02:15:00,54500.0,1700.0,4100.0
953,2021-10-17 02:15:00,54500.0,500.0,2400.0
954,2021-10-17 02:15:00,54500.0,200.0,1900.0
955,2021-10-17 02:15:00,54500.0,200.0,1700.0
956,2021-10-17 02:15:00,54500.0,100.0,1500.0
957,2021-10-17 02:15:00,54500.0,100.0,1400.0
958,2021-10-17 02:15:00,54500.0,100.0,1300.0
959,2021-10-17 02:15:00,54500.0,100.0,1200.0
960,2021-10-17 02:15:00,54500.0,100.0,1100.0
961,2021-10-17 02:15:00,54500.0,100.0,1000.0
962,2021-10-17 02:15:00,54500.0,200.0,900.0
963,2021-10-17 02:15:00,54500.0,100.0,700.0
964,2021-10-17 02:15:00,54500.0,300.0,600.0
965,2021-10-17 02:15:00,54500.0,100.0,300.0
966,2021-10-17 02:15:00,54500.0,200.0,200.0
