,Time,Price,Volume_per_trade,Volume
0,2021-10-01 14:29:48,79400.0,1000.0,315384.0
1,2021-10-01 14:29:43,79400.0,1000.0,314384.0
2,2021-10-01 14:29:37,79400.0,200.0,313384.0
3,2021-10-01 14:28:13,79400.0,2000.0,313184.0
4,2021-10-01 14:23:37,79400.0,1000.0,311184.0
5,2021-10-01 14:22:58,79400.0,100.0,310184.0
6,2021-10-01 14:22:21,79400.0,500.0,310084.0
7,2021-10-01 14:21:57,79400.0,2300.0,309584.0
8,2021-10-01 14:21:50,79400.0,500.0,307284.0
9,2021-10-01 14:21:17,79400.0,1000.0,306784.0
10,2021-10-01 14:20:25,79400.0,300.0,305784.0
11,2021-10-01 14:18:15,79400.0,1300.0,305484.0
12,2021-10-01 14:17:46,79400.0,15.0,304184.0
13,2021-10-01 14:16:28,79400.0,300.0,304169.0
14,2021-10-01 14:15:52,79400.0,2000.0,303869.0
15,2021-10-01 14:14:11,79400.0,100.0,301869.0
16,2021-10-01 14:13:26,79400.0,2000.0,301769.0
17,2021-10-01 14:11:03,79400.0,100.0,299769.0
18,2021-10-01 14:10:25,79400.0,1000.0,299669.0
19,2021-10-01 14:08:01,79400.0,800.0,298669.0
20,2021-10-01 14:04:10,79400.0,7300.0,297869.0
21,2021-10-01 14:04:06,79400.0,200.0,290569.0
22,2021-10-01 14:04:05,79400.0,100.0,290369.0
23,2021-10-01 14:03:53,79400.0,3000.0,290269.0
24,2021-10-01 14:02:43,79400.0,1400.0,287269.0
25,2021-10-01 14:00:35,79200.0,500.0,285869.0
26,2021-10-01 14:00:08,79200.0,100.0,285369.0
27,2021-10-01 13:59:03,79200.0,100.0,285269.0
28,2021-10-01 13:58:55,79200.0,100.0,285169.0
29,2021-10-01 13:58:07,79200.0,100.0,285069.0
30,2021-10-01 13:56:31,79200.0,100.0,284969.0
31,2021-10-01 13:56:07,79400.0,100.0,284869.0
32,2021-10-01 13:55:09,79400.0,1000.0,284769.0
33,2021-10-01 13:53:10,79400.0,200.0,283769.0
34,2021-10-01 13:51:32,79400.0,100.0,283569.0
35,2021-10-01 13:50:34,79400.0,1700.0,283469.0
36,2021-10-01 13:49:00,79400.0,100.0,281769.0
37,2021-10-01 13:48:57,79400.0,100.0,281669.0
38,2021-10-01 13:48:52,79400.0,2900.0,281569.0
39,2021-10-01 13:48:44,79400.0,500.0,278669.0
40,2021-10-01 13:48:05,79400.0,100.0,278169.0
41,2021-10-01 13:45:41,79400.0,600.0,278069.0
42,2021-10-01 13:45:37,79400.0,900.0,277469.0
43,2021-10-01 13:45:14,79400.0,1000.0,276569.0
44,2021-10-01 13:44:40,79400.0,1000.0,275569.0
45,2021-10-01 13:42:55,79400.0,200.0,274569.0
46,2021-10-01 13:41:57,79400.0,300.0,274369.0
47,2021-10-01 13:41:55,79400.0,100.0,274069.0
48,2021-10-01 13:41:11,79400.0,1000.0,273969.0
49,2021-10-01 13:41:03,79400.0,2000.0,272969.0
50,2021-10-01 13:40:15,79400.0,31300.0,270969.0
51,2021-10-01 13:37:03,79400.0,2000.0,239669.0
52,2021-10-01 13:36:52,79400.0,400.0,237669.0
53,2021-10-01 13:36:17,79400.0,100.0,237269.0
54,2021-10-01 13:35:49,79400.0,76.0,237169.0
55,2021-10-01 13:35:25,79400.0,200.0,237093.0
56,2021-10-01 13:34:18,79400.0,2000.0,236893.0
57,2021-10-01 13:33:41,79400.0,100.0,234893.0
58,2021-10-01 13:32:35,79400.0,100.0,234793.0
59,2021-10-01 13:32:11,79400.0,500.0,234693.0
60,2021-10-01 13:31:41,79400.0,2000.0,234193.0
61,2021-10-01 13:31:34,79400.0,16900.0,232193.0
62,2021-10-01 13:31:25,79400.0,5000.0,215293.0
63,2021-10-01 13:30:47,79400.0,300.0,210293.0
64,2021-10-01 13:30:16,79400.0,6100.0,209993.0
65,2021-10-01 13:29:34,79400.0,400.0,203893.0
66,2021-10-01 13:29:30,79400.0,500.0,203493.0
67,2021-10-01 13:29:05,79400.0,1000.0,202993.0
68,2021-10-01 13:28:23,79300.0,5000.0,201993.0
69,2021-10-01 13:28:07,79300.0,100.0,196993.0
70,2021-10-01 13:28:04,79300.0,500.0,196893.0
71,2021-10-01 13:27:14,79300.0,6800.0,196393.0
72,2021-10-01 13:26:43,79200.0,400.0,189593.0
73,2021-10-01 13:26:28,79200.0,1000.0,189193.0
74,2021-10-01 13:26:27,79200.0,100.0,188193.0
75,2021-10-01 13:26:08,79200.0,300.0,188093.0
76,2021-10-01 13:25:44,79200.0,2500.0,187793.0
77,2021-10-01 13:25:28,79200.0,2500.0,185293.0
78,2021-10-01 13:25:03,79100.0,100.0,182793.0
79,2021-10-01 13:24:54,79100.0,300.0,182693.0
80,2021-10-01 13:24:32,79000.0,7100.0,182393.0
81,2021-10-01 13:24:13,79000.0,1000.0,175293.0
82,2021-10-01 13:23:56,79000.0,500.0,174293.0
83,2021-10-01 13:23:42,79000.0,1200.0,173793.0
84,2021-10-01 13:23:25,78900.0,100.0,172593.0
85,2021-10-01 13:23:09,78900.0,80.0,172493.0
86,2021-10-01 13:21:33,78900.0,20.0,172413.0
87,2021-10-01 13:21:02,78900.0,800.0,172393.0
88,2021-10-01 13:20:30,78900.0,800.0,171593.0
89,2021-10-01 13:19:24,78800.0,100.0,170793.0
90,2021-10-01 13:16:30,78800.0,100.0,170693.0
91,2021-10-01 13:09:21,78600.0,2000.0,170593.0
92,2021-10-01 13:06:37,78800.0,100.0,168593.0
93,2021-10-01 13:06:31,78900.0,200.0,168493.0
94,2021-10-01 13:05:44,78900.0,500.0,168293.0
95,2021-10-01 13:05:01,78800.0,100.0,167793.0
96,2021-10-01 13:04:19,78800.0,400.0,167693.0
97,2021-10-01 13:03:35,78800.0,300.0,167293.0
98,2021-10-01 13:03:12,78800.0,100.0,166993.0
99,2021-10-01 13:02:05,78800.0,600.0,166893.0
100,2021-10-01 13:01:00,78600.0,1000.0,166293.0
101,2021-10-01 13:00:06,78600.0,900.0,165293.0
102,2021-10-01 13:00:03,78600.0,500.0,164393.0
103,2021-10-01 11:22:37,78600.0,500.0,163893.0
104,2021-10-01 11:16:14,78600.0,300.0,163393.0
105,2021-10-01 11:11:33,78600.0,100.0,163093.0
106,2021-10-01 11:08:14,78600.0,300.0,162993.0
107,2021-10-01 11:07:10,78600.0,100.0,162693.0
108,2021-10-01 11:05:36,78600.0,300.0,162593.0
109,2021-10-01 11:04:40,78600.0,200.0,162293.0
110,2021-10-01 11:03:42,78500.0,200.0,162093.0
111,2021-10-01 11:00:37,78400.0,500.0,161893.0
112,2021-10-01 10:57:46,78500.0,200.0,161393.0
113,2021-10-01 10:54:34,78500.0,700.0,161193.0
114,2021-10-01 10:54:20,78500.0,400.0,160493.0
115,2021-10-01 10:52:53,78500.0,1000.0,160093.0
116,2021-10-01 10:51:20,78800.0,100.0,159093.0
117,2021-10-01 10:47:56,78800.0,100.0,158993.0
118,2021-10-01 10:45:32,78800.0,400.0,158893.0
119,2021-10-01 10:42:35,78500.0,200.0,158493.0
120,2021-10-01 10:41:29,78500.0,20000.0,158293.0
121,2021-10-01 10:40:56,78900.0,2200.0,138293.0
122,2021-10-01 10:34:36,78900.0,500.0,136093.0
123,2021-10-01 10:33:42,78900.0,500.0,135593.0
124,2021-10-01 10:32:35,78900.0,100.0,135093.0
125,2021-10-01 10:29:32,78900.0,3000.0,134993.0
126,2021-10-01 10:26:52,79000.0,100.0,131993.0
127,2021-10-01 10:26:33,79000.0,600.0,131893.0
128,2021-10-01 10:25:15,79000.0,100.0,131293.0
129,2021-10-01 10:24:41,79000.0,200.0,131193.0
130,2021-10-01 10:23:36,79000.0,1300.0,130993.0
131,2021-10-01 10:23:24,79000.0,30.0,129693.0
132,2021-10-01 10:21:07,79000.0,200.0,129663.0
133,2021-10-01 10:20:56,79000.0,500.0,129463.0
134,2021-10-01 10:19:01,79100.0,3000.0,128963.0
135,2021-10-01 10:14:47,79000.0,500.0,125963.0
136,2021-10-01 10:10:53,79100.0,100.0,125463.0
137,2021-10-01 10:08:39,79000.0,300.0,125363.0
138,2021-10-01 10:08:13,79000.0,400.0,125063.0
139,2021-10-01 10:04:39,79100.0,100.0,124663.0
140,2021-10-01 10:03:51,79100.0,1200.0,124563.0
141,2021-10-01 10:01:53,79100.0,100.0,123363.0
142,2021-10-01 10:00:26,79200.0,300.0,123263.0
143,2021-10-01 09:59:43,79100.0,4000.0,122963.0
144,2021-10-01 09:57:16,79100.0,100.0,118963.0
145,2021-10-01 09:54:31,79100.0,400.0,118863.0
146,2021-10-01 09:50:11,79100.0,600.0,118463.0
147,2021-10-01 09:46:43,79100.0,100.0,117863.0
148,2021-10-01 09:46:34,79200.0,100.0,117763.0
149,2021-10-01 09:45:49,79200.0,900.0,117663.0
150,2021-10-01 09:45:29,79200.0,100.0,116763.0
151,2021-10-01 09:41:56,79200.0,1000.0,116663.0
152,2021-10-01 09:40:50,79200.0,300.0,115663.0
153,2021-10-01 09:39:45,79200.0,1000.0,115363.0
154,2021-10-01 09:39:34,79200.0,1700.0,114363.0
155,2021-10-01 09:39:33,79200.0,100.0,112663.0
156,2021-10-01 09:39:17,79200.0,100.0,112563.0
157,2021-10-01 09:38:53,79200.0,1300.0,112463.0
158,2021-10-01 09:36:36,79200.0,1000.0,111163.0
159,2021-10-01 09:35:38,79200.0,100.0,110163.0
160,2021-10-01 09:35:14,79100.0,103.0,110063.0
161,2021-10-01 09:35:10,79200.0,500.0,109960.0
162,2021-10-01 09:35:09,79100.0,2700.0,109460.0
163,2021-10-01 09:34:25,79000.0,1000.0,106760.0
164,2021-10-01 09:33:40,79000.0,3200.0,105760.0
165,2021-10-01 09:33:31,78900.0,500.0,102560.0
166,2021-10-01 09:31:32,78900.0,300.0,102060.0
167,2021-10-01 09:31:29,79000.0,7.0,101760.0
168,2021-10-01 09:29:57,79000.0,500.0,101753.0
169,2021-10-01 09:29:50,79000.0,200.0,101253.0
170,2021-10-01 09:29:46,79000.0,73.0,101053.0
171,2021-10-01 09:29:17,79000.0,200.0,100980.0
172,2021-10-01 09:28:59,79000.0,1800.0,100780.0
173,2021-10-01 09:28:48,78900.0,500.0,98980.0
174,2021-10-01 09:28:36,79000.0,1500.0,98480.0
175,2021-10-01 09:27:39,79000.0,200.0,96980.0
176,2021-10-01 09:27:04,79000.0,100.0,96780.0
177,2021-10-01 09:26:27,79100.0,4.0,96680.0
178,2021-10-01 09:26:13,79100.0,500.0,96676.0
179,2021-10-01 09:26:05,79100.0,500.0,96176.0
180,2021-10-01 09:26:03,79100.0,1000.0,95676.0
181,2021-10-01 09:25:47,79000.0,1000.0,94676.0
182,2021-10-01 09:25:23,79000.0,100.0,93676.0
183,2021-10-01 09:25:04,79000.0,8.0,93576.0
184,2021-10-01 09:24:58,79000.0,800.0,93568.0
185,2021-10-01 09:24:37,79000.0,300.0,92768.0
186,2021-10-01 09:24:32,79000.0,18.0,92468.0
187,2021-10-01 09:24:30,79000.0,100.0,92450.0
188,2021-10-01 09:24:20,79000.0,3800.0,92350.0
189,2021-10-01 09:24:13,79000.0,200.0,88550.0
190,2021-10-01 09:24:12,79100.0,200.0,88350.0
191,2021-10-01 09:23:45,79000.0,100.0,88150.0
192,2021-10-01 09:23:37,79000.0,100.0,88050.0
193,2021-10-01 09:23:04,79000.0,2000.0,87950.0
194,2021-10-01 09:22:46,79100.0,100.0,85950.0
195,2021-10-01 09:22:37,79100.0,100.0,85850.0
196,2021-10-01 09:22:33,79100.0,200.0,85750.0
197,2021-10-01 09:22:32,79200.0,3000.0,85550.0
198,2021-10-01 09:22:31,79100.0,1000.0,82550.0
199,2021-10-01 09:22:09,79100.0,100.0,81550.0
200,2021-10-01 09:21:27,79100.0,600.0,81450.0
201,2021-10-01 09:21:18,79200.0,100.0,80850.0
202,2021-10-01 09:20:06,79200.0,300.0,80750.0
203,2021-10-01 09:19:14,79200.0,500.0,80450.0
204,2021-10-01 09:19:03,79200.0,2000.0,79950.0
205,2021-10-01 09:18:59,79300.0,200.0,77950.0
206,2021-10-01 09:18:58,79200.0,1000.0,77750.0
207,2021-10-01 09:18:37,79100.0,500.0,76750.0
208,2021-10-01 09:18:35,79300.0,3000.0,76250.0
209,2021-10-01 09:18:19,79000.0,500.0,73250.0
210,2021-10-01 09:18:08,79300.0,400.0,72750.0
211,2021-10-01 09:18:00,79300.0,1500.0,72350.0
212,2021-10-01 09:17:50,79300.0,100.0,70850.0
213,2021-10-01 09:17:40,79000.0,1000.0,70750.0
214,2021-10-01 09:17:37,79300.0,2000.0,69750.0
215,2021-10-01 09:17:27,79100.0,200.0,67750.0
216,2021-10-01 09:17:07,79100.0,100.0,67550.0
217,2021-10-01 09:16:50,79100.0,1100.0,67450.0
218,2021-10-01 09:15:55,79300.0,500.0,66350.0
219,2021-10-01 09:15:33,79000.0,100.0,65850.0
220,2021-10-01 09:15:14,79300.0,1600.0,65750.0
221,2021-10-01 09:15:00,79000.0,100.0,64150.0
222,2021-10-01 09:14:46,79300.0,100.0,64050.0
223,2021-10-01 09:14:41,79300.0,1000.0,63950.0
224,2021-10-01 09:14:12,79300.0,500.0,62950.0
225,2021-10-01 09:13:50,79300.0,100.0,62450.0
226,2021-10-01 09:13:49,79300.0,4000.0,62350.0
227,2021-10-01 09:13:19,79300.0,100.0,58350.0
228,2021-10-01 09:13:12,79000.0,100.0,58250.0
229,2021-10-01 09:13:10,79000.0,20.0,58150.0
230,2021-10-01 09:12:57,79000.0,2900.0,58130.0
231,2021-10-01 09:12:47,79300.0,100.0,55230.0
232,2021-10-01 09:12:41,79400.0,1000.0,55130.0
233,2021-10-01 09:12:32,79400.0,100.0,54130.0
234,2021-10-01 09:12:27,79400.0,500.0,54030.0
235,2021-10-01 09:12:20,79300.0,16.0,53530.0
236,2021-10-01 09:12:08,79300.0,100.0,53514.0
237,2021-10-01 09:12:04,79400.0,1034.0,53414.0
238,2021-10-01 09:11:53,79300.0,100.0,52380.0
239,2021-10-01 09:11:52,79300.0,100.0,52280.0
240,2021-10-01 09:11:44,79300.0,100.0,52180.0
241,2021-10-01 09:11:16,79300.0,400.0,52080.0
242,2021-10-01 09:11:11,79000.0,100.0,51680.0
243,2021-10-01 09:11:00,79000.0,100.0,51580.0
244,2021-10-01 09:10:46,79000.0,800.0,51480.0
245,2021-10-01 09:09:54,79000.0,300.0,50680.0
246,2021-10-01 09:09:51,79000.0,5700.0,50380.0
247,2021-10-01 09:09:50,79400.0,1000.0,44680.0
248,2021-10-01 09:09:45,79400.0,500.0,43680.0
249,2021-10-01 09:09:44,79400.0,1000.0,43180.0
250,2021-10-01 09:09:38,79400.0,2000.0,42180.0
251,2021-10-01 09:09:22,79400.0,2000.0,40180.0
252,2021-10-01 09:09:19,79400.0,5000.0,38180.0
253,2021-10-01 09:09:16,79400.0,200.0,33180.0
254,2021-10-01 09:09:15,79400.0,700.0,32980.0
255,2021-10-01 09:09:02,79400.0,100.0,32280.0
256,2021-10-01 09:09:00,79400.0,200.0,32180.0
257,2021-10-01 09:08:34,79400.0,54.0,31980.0
258,2021-10-01 09:08:23,79400.0,1000.0,31926.0
259,2021-10-01 09:08:20,79400.0,800.0,30926.0
260,2021-10-01 09:07:54,79400.0,1000.0,30126.0
261,2021-10-01 09:07:52,79400.0,200.0,29126.0
262,2021-10-01 09:07:50,79400.0,600.0,28926.0
263,2021-10-01 09:07:18,79400.0,300.0,28326.0
264,2021-10-01 09:07:08,79400.0,300.0,28026.0
265,2021-10-01 09:06:52,79400.0,400.0,27726.0
266,2021-10-01 09:06:20,79400.0,200.0,27326.0
267,2021-10-01 09:06:09,79400.0,100.0,27126.0
268,2021-10-01 09:06:03,79400.0,100.0,27026.0
269,2021-10-01 09:05:59,79400.0,200.0,26926.0
270,2021-10-01 09:05:42,79400.0,100.0,26726.0
271,2021-10-01 09:05:00,79400.0,2500.0,26626.0
272,2021-10-01 09:04:58,79400.0,100.0,24126.0
273,2021-10-01 09:04:50,79400.0,1000.0,24026.0
274,2021-10-01 09:04:33,79400.0,200.0,23026.0
275,2021-10-01 09:04:30,79400.0,1000.0,22826.0
276,2021-10-01 09:04:20,79400.0,100.0,21826.0
277,2021-10-01 09:04:15,79400.0,100.0,21726.0
278,2021-10-01 09:04:12,79400.0,1000.0,21626.0
279,2021-10-01 09:04:09,79400.0,100.0,20626.0
280,2021-10-01 09:04:07,79400.0,500.0,20526.0
281,2021-10-01 09:03:57,79400.0,1000.0,20026.0
282,2021-10-01 09:03:50,79400.0,3900.0,19026.0
283,2021-10-01 09:03:40,79000.0,1000.0,15126.0
284,2021-10-01 09:03:16,79000.0,5000.0,14126.0
285,2021-10-01 09:03:12,78000.0,100.0,9126.0
286,2021-10-01 09:03:06,77000.0,1700.0,9026.0
287,2021-10-01 09:03:01,78000.0,100.0,7326.0
288,2021-10-01 09:02:59,78000.0,100.0,7226.0
289,2021-10-01 09:02:53,78000.0,2200.0,7126.0
290,2021-10-01 09:02:52,77900.0,100.0,4926.0
291,2021-10-01 09:02:35,77800.0,200.0,4826.0
292,2021-10-01 09:02:26,77800.0,200.0,4626.0
293,2021-10-01 09:02:20,77000.0,1100.0,4426.0
294,2021-10-01 09:02:16,76000.0,100.0,3326.0
295,2021-10-01 09:02:00,76000.0,1000.0,3226.0
296,2021-10-01 09:01:44,75000.0,700.0,2226.0
297,2021-10-01 09:01:22,74500.0,1000.0,1526.0
298,2021-10-01 09:00:59,74500.0,526.0,526.0
