,Time,Price,Volume_per_trade,Volume
0,2021-10-11 07:45:01,27000.0,300.0,1453400.0
1,2021-10-11 07:45:01,27000.0,1500.0,1453100.0
2,2021-10-11 07:45:01,27000.0,200.0,1451600.0
3,2021-10-11 07:45:01,27000.0,100.0,1451400.0
4,2021-10-11 07:45:01,27000.0,2100.0,1451300.0
5,2021-10-11 07:45:01,27000.0,500.0,1449200.0
6,2021-10-11 07:45:01,27000.0,3900.0,1448700.0
7,2021-10-11 07:45:01,27000.0,500.0,1444800.0
8,2021-10-11 07:45:01,27000.0,1000.0,1444300.0
9,2021-10-11 07:45:01,27000.0,200.0,1443300.0
10,2021-10-11 07:45:01,27000.0,2000.0,1443100.0
11,2021-10-11 07:45:01,27000.0,100.0,1441100.0
12,2021-10-11 07:45:01,27000.0,1000.0,1441000.0
13,2021-10-11 07:45:01,27000.0,100.0,1440000.0
14,2021-10-11 07:45:01,27000.0,1000.0,1439900.0
15,2021-10-11 07:45:01,27000.0,500.0,1438900.0
16,2021-10-11 07:45:01,27000.0,100.0,1438400.0
17,2021-10-11 07:45:01,27000.0,2000.0,1438300.0
18,2021-10-11 07:45:01,27000.0,100.0,1436300.0
19,2021-10-11 07:45:01,27000.0,100.0,1436200.0
20,2021-10-11 07:45:01,27000.0,400.0,1436100.0
21,2021-10-11 07:45:01,27000.0,600.0,1435700.0
22,2021-10-11 07:45:01,27000.0,1400.0,1435100.0
23,2021-10-11 07:45:01,27000.0,300.0,1433700.0
24,2021-10-11 07:45:01,27000.0,1000.0,1433400.0
25,2021-10-11 07:45:01,27000.0,400.0,1432400.0
26,2021-10-11 07:45:01,27000.0,100.0,1432000.0
27,2021-10-11 07:45:01,27000.0,300.0,1431900.0
28,2021-10-11 07:45:01,27000.0,100.0,1431600.0
29,2021-10-11 07:45:01,27000.0,1000.0,1431500.0
30,2021-10-11 07:45:01,27000.0,100.0,1430500.0
31,2021-10-11 07:45:01,27000.0,1500.0,1430400.0
32,2021-10-11 07:45:01,27000.0,700.0,1428900.0
33,2021-10-11 07:45:01,27000.0,500.0,1428200.0
34,2021-10-11 07:45:01,27000.0,100.0,1427700.0
35,2021-10-11 07:45:01,27000.0,100.0,1427600.0
36,2021-10-11 07:45:01,27000.0,4100.0,1427500.0
37,2021-10-11 07:45:01,27000.0,4800.0,1423400.0
38,2021-10-11 07:45:01,27000.0,400.0,1418600.0
39,2021-10-11 07:45:01,27000.0,500.0,1418200.0
40,2021-10-11 07:45:01,27000.0,100.0,1417700.0
41,2021-10-11 07:45:01,27000.0,100.0,1417600.0
42,2021-10-11 07:45:01,27000.0,100.0,1417500.0
43,2021-10-11 07:45:01,27000.0,100.0,1417400.0
44,2021-10-11 07:29:26,26950.0,2000.0,1417300.0
45,2021-10-11 07:29:09,26950.0,3000.0,1415300.0
46,2021-10-11 07:28:53,26950.0,10000.0,1412300.0
47,2021-10-11 07:28:21,26950.0,500.0,1402300.0
48,2021-10-11 07:28:04,26950.0,2000.0,1401800.0
49,2021-10-11 07:27:40,26950.0,3000.0,1399800.0
50,2021-10-11 07:27:22,26950.0,1600.0,1396800.0
51,2021-10-11 07:26:57,27000.0,100.0,1395200.0
52,2021-10-11 07:26:57,27000.0,100.0,1395100.0
53,2021-10-11 07:26:45,27000.0,200.0,1395000.0
54,2021-10-11 07:26:24,27000.0,100.0,1394800.0
55,2021-10-11 07:26:23,27000.0,100.0,1394700.0
56,2021-10-11 07:26:18,26950.0,5000.0,1394600.0
57,2021-10-11 07:26:10,27000.0,400.0,1389600.0
58,2021-10-11 07:26:10,27000.0,100.0,1389200.0
59,2021-10-11 07:26:10,27000.0,1000.0,1389100.0
60,2021-10-11 07:26:10,27000.0,200.0,1388100.0
61,2021-10-11 07:26:10,27000.0,700.0,1387900.0
62,2021-10-11 07:26:10,27000.0,300.0,1387200.0
63,2021-10-11 07:26:10,27000.0,300.0,1386900.0
64,2021-10-11 07:26:10,27000.0,100.0,1386600.0
65,2021-10-11 07:26:10,27000.0,900.0,1386500.0
66,2021-10-11 07:25:48,27000.0,1500.0,1385600.0
67,2021-10-11 07:25:48,27000.0,100.0,1384100.0
68,2021-10-11 07:25:48,27000.0,400.0,1384000.0
69,2021-10-11 07:25:46,27000.0,1000.0,1383600.0
70,2021-10-11 07:25:46,27000.0,1400.0,1382600.0
71,2021-10-11 07:25:46,27000.0,100.0,1381200.0
72,2021-10-11 07:25:24,27000.0,400.0,1381100.0
73,2021-10-11 07:25:24,27000.0,600.0,1380700.0
74,2021-10-11 07:25:08,27000.0,200.0,1380100.0
75,2021-10-11 07:25:08,27000.0,500.0,1379900.0
76,2021-10-11 07:25:01,26950.0,9000.0,1379400.0
77,2021-10-11 07:24:52,26950.0,2000.0,1370400.0
78,2021-10-11 07:23:53,26950.0,2000.0,1368400.0
79,2021-10-11 07:23:33,26950.0,300.0,1366400.0
80,2021-10-11 07:23:18,27000.0,500.0,1366100.0
81,2021-10-11 07:23:18,27000.0,4500.0,1365600.0
82,2021-10-11 07:23:05,27000.0,500.0,1361100.0
83,2021-10-11 07:23:05,27000.0,800.0,1360600.0
84,2021-10-11 07:22:38,26950.0,2000.0,1359800.0
85,2021-10-11 07:22:02,27000.0,800.0,1357800.0
86,2021-10-11 07:22:02,27000.0,700.0,1357000.0
87,2021-10-11 07:22:02,27000.0,500.0,1356300.0
88,2021-10-11 07:21:58,26950.0,100.0,1355800.0
89,2021-10-11 07:21:46,27000.0,200.0,1355700.0
90,2021-10-11 07:21:43,26950.0,100.0,1355500.0
91,2021-10-11 07:21:31,27000.0,100.0,1355400.0
92,2021-10-11 07:21:16,27000.0,100.0,1355300.0
93,2021-10-11 07:21:03,27000.0,100.0,1355200.0
94,2021-10-11 07:21:03,27000.0,400.0,1355100.0
95,2021-10-11 07:20:28,27000.0,600.0,1354700.0
96,2021-10-11 07:20:28,27000.0,300.0,1354100.0
97,2021-10-11 07:20:28,27000.0,200.0,1353800.0
98,2021-10-11 07:20:28,27000.0,500.0,1353600.0
99,2021-10-11 07:20:28,27000.0,400.0,1353100.0
100,2021-10-11 07:20:28,27000.0,900.0,1352700.0
101,2021-10-11 07:19:42,27000.0,100.0,1351800.0
102,2021-10-11 07:19:42,27000.0,500.0,1351700.0
103,2021-10-11 07:19:42,27000.0,2800.0,1351200.0
104,2021-10-11 07:19:42,27000.0,100.0,1348400.0
105,2021-10-11 07:19:42,27000.0,1000.0,1348300.0
106,2021-10-11 07:19:42,27000.0,500.0,1347300.0
107,2021-10-11 07:19:42,27000.0,100.0,1346800.0
108,2021-10-11 07:19:42,27000.0,200.0,1346700.0
109,2021-10-11 07:19:42,27000.0,4700.0,1346500.0
110,2021-10-11 07:19:23,27000.0,400.0,1341800.0
111,2021-10-11 07:19:22,27000.0,900.0,1341400.0
112,2021-10-11 07:19:22,27000.0,100.0,1340500.0
113,2021-10-11 07:18:25,27000.0,100.0,1340400.0
114,2021-10-11 07:18:25,27000.0,100.0,1340300.0
115,2021-10-11 07:18:25,27000.0,300.0,1340200.0
116,2021-10-11 07:17:59,26950.0,5000.0,1339900.0
117,2021-10-11 07:17:59,26950.0,10000.0,1334900.0
118,2021-10-11 07:17:27,26950.0,500.0,1324900.0
119,2021-10-11 07:16:37,27000.0,100.0,1324400.0
120,2021-10-11 07:15:50,27000.0,100.0,1324300.0
121,2021-10-11 07:15:50,27000.0,100.0,1324200.0
122,2021-10-11 07:15:40,27000.0,900.0,1324100.0
123,2021-10-11 07:15:40,27000.0,100.0,1323200.0
124,2021-10-11 07:15:29,27000.0,200.0,1323100.0
125,2021-10-11 07:15:26,27000.0,100.0,1322900.0
126,2021-10-11 07:14:50,27000.0,500.0,1322800.0
127,2021-10-11 07:13:50,27000.0,100.0,1322300.0
128,2021-10-11 07:13:50,27000.0,400.0,1322200.0
129,2021-10-11 07:13:50,27000.0,500.0,1321800.0
130,2021-10-11 07:13:46,27000.0,4700.0,1321300.0
131,2021-10-11 07:13:46,27000.0,200.0,1316600.0
132,2021-10-11 07:13:46,27000.0,600.0,1316400.0
133,2021-10-11 07:13:46,27000.0,700.0,1315800.0
134,2021-10-11 07:13:46,27000.0,100.0,1315100.0
135,2021-10-11 07:13:46,27000.0,200.0,1315000.0
136,2021-10-11 07:13:46,27000.0,1800.0,1314800.0
137,2021-10-11 07:13:46,27000.0,100.0,1313000.0
138,2021-10-11 07:13:46,27000.0,500.0,1312900.0
139,2021-10-11 07:13:46,27000.0,200.0,1312400.0
140,2021-10-11 07:13:46,27000.0,100.0,1312200.0
141,2021-10-11 07:13:46,27000.0,500.0,1312100.0
142,2021-10-11 07:13:46,27000.0,500.0,1311600.0
143,2021-10-11 07:13:46,27000.0,4800.0,1311100.0
144,2021-10-11 07:13:42,26950.0,200.0,1306300.0
145,2021-10-11 07:13:25,26950.0,1000.0,1306100.0
146,2021-10-11 07:11:17,26950.0,100.0,1305100.0
147,2021-10-11 07:11:01,26950.0,4600.0,1305000.0
148,2021-10-11 07:10:49,26950.0,300.0,1300400.0
149,2021-10-11 07:10:31,26950.0,200.0,1300100.0
150,2021-10-11 07:10:18,26950.0,200.0,1299900.0
151,2021-10-11 07:10:14,26950.0,10000.0,1299700.0
152,2021-10-11 07:10:01,26950.0,200.0,1289700.0
153,2021-10-11 07:10:01,26950.0,1200.0,1289500.0
154,2021-10-11 07:10:01,26950.0,500.0,1288300.0
155,2021-10-11 07:10:01,26950.0,900.0,1287800.0
156,2021-10-11 07:09:58,26950.0,1900.0,1286900.0
157,2021-10-11 07:09:25,26950.0,100.0,1285000.0
158,2021-10-11 07:09:25,26950.0,100.0,1284900.0
159,2021-10-11 07:08:36,26950.0,500.0,1284800.0
160,2021-10-11 07:08:31,26950.0,200.0,1284300.0
161,2021-10-11 07:08:25,26950.0,200.0,1284100.0
162,2021-10-11 07:08:23,26950.0,100.0,1283900.0
163,2021-10-11 07:08:23,26950.0,300.0,1283800.0
164,2021-10-11 07:08:23,26950.0,1400.0,1283500.0
165,2021-10-11 07:08:14,26950.0,100.0,1282100.0
166,2021-10-11 07:08:10,26950.0,100.0,1282000.0
167,2021-10-11 07:07:37,26950.0,1000.0,1281900.0
168,2021-10-11 07:07:16,26950.0,300.0,1280900.0
169,2021-10-11 07:06:56,26950.0,200.0,1280600.0
170,2021-10-11 07:06:47,26950.0,1000.0,1280400.0
171,2021-10-11 07:06:45,27000.0,200.0,1279400.0
172,2021-10-11 07:06:42,27000.0,2600.0,1279200.0
173,2021-10-11 07:06:37,26950.0,500.0,1276600.0
174,2021-10-11 07:06:37,26950.0,2300.0,1276100.0
175,2021-10-11 07:06:37,26950.0,1200.0,1273800.0
176,2021-10-11 07:06:24,26950.0,800.0,1272600.0
177,2021-10-11 07:06:24,26950.0,100.0,1271800.0
178,2021-10-11 07:06:24,26950.0,100.0,1271700.0
179,2021-10-11 07:06:24,26950.0,200.0,1271600.0
180,2021-10-11 07:06:24,26950.0,900.0,1271400.0
181,2021-10-11 07:06:24,26950.0,900.0,1270500.0
182,2021-10-11 07:06:23,27000.0,100.0,1269600.0
183,2021-10-11 07:06:16,26950.0,1600.0,1269500.0
184,2021-10-11 07:06:16,26950.0,100.0,1267900.0
185,2021-10-11 07:06:16,26950.0,1000.0,1267800.0
186,2021-10-11 07:06:16,26950.0,2300.0,1266800.0
187,2021-10-11 07:06:13,26950.0,2000.0,1264500.0
188,2021-10-11 07:06:10,26950.0,1200.0,1262500.0
189,2021-10-11 07:06:08,26950.0,3000.0,1261300.0
190,2021-10-11 07:05:49,26950.0,3000.0,1258300.0
191,2021-10-11 07:05:37,26950.0,200.0,1255300.0
192,2021-10-11 07:05:37,26950.0,10000.0,1255100.0
193,2021-10-11 07:05:30,26950.0,600.0,1245100.0
194,2021-10-11 07:05:25,26950.0,200.0,1244500.0
195,2021-10-11 07:05:02,26950.0,10000.0,1244300.0
196,2021-10-11 07:04:55,26950.0,3000.0,1234300.0
197,2021-10-11 07:04:44,26950.0,200.0,1231300.0
198,2021-10-11 07:04:42,26950.0,100.0,1231100.0
199,2021-10-11 07:04:33,26950.0,3000.0,1231000.0
200,2021-10-11 07:04:23,26950.0,800.0,1228000.0
201,2021-10-11 07:04:01,26950.0,3000.0,1227200.0
202,2021-10-11 07:03:43,26950.0,500.0,1224200.0
203,2021-10-11 07:03:33,26950.0,200.0,1223700.0
204,2021-10-11 07:03:30,26950.0,1000.0,1223500.0
205,2021-10-11 07:03:29,26950.0,300.0,1222500.0
206,2021-10-11 07:03:28,26950.0,500.0,1222200.0
207,2021-10-11 07:03:19,26950.0,10000.0,1221700.0
208,2021-10-11 07:03:18,26950.0,200.0,1211700.0
209,2021-10-11 07:03:11,26950.0,1100.0,1211500.0
210,2021-10-11 07:01:21,26950.0,3000.0,1210400.0
211,2021-10-11 07:01:17,26950.0,300.0,1207400.0
212,2021-10-11 07:01:13,27000.0,1000.0,1207100.0
213,2021-10-11 07:00:59,26950.0,3000.0,1206100.0
214,2021-10-11 07:00:43,26950.0,5000.0,1203100.0
215,2021-10-11 07:00:22,26950.0,500.0,1198100.0
216,2021-10-11 07:00:16,26950.0,3000.0,1197600.0
217,2021-10-11 07:00:04,26950.0,16400.0,1194600.0
218,2021-10-11 06:59:50,27000.0,300.0,1178200.0
219,2021-10-11 06:59:26,27000.0,1000.0,1177900.0
220,2021-10-11 06:59:26,27000.0,100.0,1176900.0
221,2021-10-11 06:59:26,27000.0,100.0,1176800.0
222,2021-10-11 06:59:26,27000.0,100.0,1176700.0
223,2021-10-11 06:59:26,27000.0,1000.0,1176600.0
224,2021-10-11 06:59:26,27000.0,700.0,1175600.0
225,2021-10-11 06:59:21,27000.0,300.0,1174900.0
226,2021-10-11 06:59:21,27000.0,100.0,1174600.0
227,2021-10-11 06:59:21,27000.0,100.0,1174500.0
228,2021-10-11 06:59:15,27000.0,200.0,1174400.0
229,2021-10-11 06:59:05,27000.0,100.0,1174200.0
230,2021-10-11 06:59:05,27000.0,500.0,1174100.0
231,2021-10-11 06:58:58,27000.0,3500.0,1173600.0
232,2021-10-11 06:58:58,27000.0,400.0,1170100.0
233,2021-10-11 06:58:58,27000.0,1100.0,1169700.0
234,2021-10-11 06:58:57,26950.0,1000.0,1168600.0
235,2021-10-11 06:58:50,27000.0,100.0,1167600.0
236,2021-10-11 06:58:37,27000.0,200.0,1167500.0
237,2021-10-11 06:58:28,26950.0,500.0,1167300.0
238,2021-10-11 06:57:33,26950.0,200.0,1166800.0
239,2021-10-11 06:57:18,26950.0,100.0,1166600.0
240,2021-10-11 06:57:03,26950.0,500.0,1166500.0
241,2021-10-11 06:56:45,26950.0,7200.0,1166000.0
242,2021-10-11 06:56:45,26950.0,800.0,1158800.0
243,2021-10-11 06:56:18,26950.0,400.0,1158000.0
244,2021-10-11 06:56:18,26950.0,100.0,1157600.0
245,2021-10-11 06:55:50,26950.0,100.0,1157500.0
246,2021-10-11 06:55:50,26950.0,2400.0,1157400.0
247,2021-10-11 06:55:50,26950.0,1300.0,1155000.0
248,2021-10-11 06:55:45,26950.0,100.0,1153700.0
249,2021-10-11 06:54:43,26950.0,100.0,1153600.0
250,2021-10-11 06:54:43,26950.0,500.0,1153500.0
251,2021-10-11 06:54:43,26950.0,500.0,1153000.0
252,2021-10-11 06:54:43,26950.0,500.0,1152500.0
253,2021-10-11 06:54:43,26950.0,3600.0,1152000.0
254,2021-10-11 06:53:48,26950.0,200.0,1148400.0
255,2021-10-11 06:53:36,26950.0,1200.0,1148200.0
256,2021-10-11 06:53:36,26950.0,400.0,1147000.0
257,2021-10-11 06:53:36,26950.0,500.0,1146600.0
258,2021-10-11 06:53:36,26950.0,100.0,1146100.0
259,2021-10-11 06:53:36,26950.0,200.0,1146000.0
260,2021-10-11 06:53:36,26950.0,3000.0,1145800.0
261,2021-10-11 06:53:36,26950.0,4600.0,1142800.0
262,2021-10-11 06:53:15,26900.0,1300.0,1138200.0
263,2021-10-11 06:53:03,26950.0,400.0,1136900.0
264,2021-10-11 06:53:03,26950.0,100.0,1136500.0
265,2021-10-11 06:52:56,26950.0,1900.0,1136400.0
266,2021-10-11 06:52:56,26950.0,600.0,1134500.0
267,2021-10-11 06:52:45,26950.0,2000.0,1133900.0
268,2021-10-11 06:52:31,26950.0,100.0,1131900.0
269,2021-10-11 06:52:22,26950.0,4000.0,1131800.0
270,2021-10-11 06:52:09,26950.0,1000.0,1127800.0
271,2021-10-11 06:51:35,26950.0,2300.0,1126800.0
272,2021-10-11 06:51:35,26950.0,1000.0,1124500.0
273,2021-10-11 06:51:35,26950.0,1000.0,1123500.0
274,2021-10-11 06:51:35,26950.0,700.0,1122500.0
275,2021-10-11 06:51:20,26950.0,3000.0,1121800.0
276,2021-10-11 06:51:16,26900.0,100.0,1118800.0
277,2021-10-11 06:50:27,26900.0,2000.0,1118700.0
278,2021-10-11 06:50:27,26950.0,200.0,1116700.0
279,2021-10-11 06:49:53,26950.0,100.0,1116500.0
280,2021-10-11 06:49:52,26900.0,100.0,1116400.0
281,2021-10-11 06:49:31,26900.0,1000.0,1116300.0
282,2021-10-11 06:49:12,26950.0,100.0,1115300.0
283,2021-10-11 06:48:35,26900.0,100.0,1115200.0
284,2021-10-11 06:47:52,26950.0,500.0,1115100.0
285,2021-10-11 06:47:27,26950.0,400.0,1114600.0
286,2021-10-11 06:47:27,26950.0,2400.0,1114200.0
287,2021-10-11 06:47:20,26900.0,100.0,1111800.0
288,2021-10-11 06:46:37,26900.0,2200.0,1111700.0
289,2021-10-11 06:46:37,26900.0,500.0,1109500.0
290,2021-10-11 06:46:37,26900.0,2300.0,1109000.0
291,2021-10-11 06:46:33,26900.0,100.0,1106700.0
292,2021-10-11 06:46:04,26900.0,500.0,1106600.0
293,2021-10-11 06:45:55,26900.0,100.0,1106100.0
294,2021-10-11 06:45:55,26900.0,200.0,1106000.0
295,2021-10-11 06:45:31,26900.0,100.0,1105800.0
296,2021-10-11 06:44:32,26950.0,100.0,1105700.0
297,2021-10-11 06:43:28,26900.0,200.0,1105600.0
298,2021-10-11 06:43:13,26900.0,500.0,1105400.0
299,2021-10-11 06:43:10,26900.0,300.0,1104900.0
300,2021-10-11 06:42:32,26900.0,300.0,1104600.0
301,2021-10-11 06:41:29,26900.0,200.0,1104300.0
302,2021-10-11 06:41:29,26900.0,300.0,1104100.0
303,2021-10-11 06:41:15,26900.0,3000.0,1103800.0
304,2021-10-11 06:41:03,26900.0,1700.0,1100800.0
305,2021-10-11 06:41:03,26900.0,100.0,1099100.0
306,2021-10-11 06:41:03,26900.0,200.0,1099000.0
307,2021-10-11 06:40:34,26900.0,200.0,1098800.0
308,2021-10-11 06:40:34,26900.0,800.0,1098600.0
309,2021-10-11 06:40:08,26900.0,200.0,1097800.0
310,2021-10-11 06:39:17,26900.0,4000.0,1097600.0
311,2021-10-11 06:39:17,26900.0,200.0,1093600.0
312,2021-10-11 06:39:17,26900.0,300.0,1093400.0
313,2021-10-11 06:39:17,26900.0,100.0,1093100.0
314,2021-10-11 06:39:17,26900.0,100.0,1093000.0
315,2021-10-11 06:38:57,26900.0,100.0,1092900.0
316,2021-10-11 06:38:57,26900.0,200.0,1092800.0
317,2021-10-11 06:38:38,26950.0,500.0,1092600.0
318,2021-10-11 06:38:35,26900.0,200.0,1092100.0
319,2021-10-11 06:38:30,26900.0,100.0,1091900.0
320,2021-10-11 06:37:57,26900.0,100.0,1091800.0
321,2021-10-11 06:37:21,26950.0,100.0,1091700.0
322,2021-10-11 06:37:16,26900.0,500.0,1091600.0
323,2021-10-11 06:37:01,26900.0,100.0,1091100.0
324,2021-10-11 06:36:27,26900.0,200.0,1091000.0
325,2021-10-11 06:36:27,26900.0,100.0,1090800.0
326,2021-10-11 06:36:27,26900.0,200.0,1090700.0
327,2021-10-11 06:36:27,26900.0,200.0,1090500.0
328,2021-10-11 06:36:13,26900.0,200.0,1090300.0
329,2021-10-11 06:35:48,26950.0,900.0,1090100.0
330,2021-10-11 06:35:48,26950.0,100.0,1089200.0
331,2021-10-11 06:35:48,26950.0,100.0,1089100.0
332,2021-10-11 06:35:48,26950.0,100.0,1089000.0
333,2021-10-11 06:35:48,26950.0,2800.0,1088900.0
334,2021-10-11 06:35:46,26950.0,200.0,1086100.0
335,2021-10-11 06:35:46,26950.0,100.0,1085900.0
336,2021-10-11 06:35:31,26900.0,100.0,1085800.0
337,2021-10-11 06:35:31,26900.0,300.0,1085700.0
338,2021-10-11 06:35:12,26950.0,300.0,1085400.0
339,2021-10-11 06:35:04,26900.0,300.0,1085100.0
340,2021-10-11 06:35:04,26900.0,100.0,1084800.0
341,2021-10-11 06:35:04,26900.0,100.0,1084700.0
342,2021-10-11 06:35:04,26900.0,300.0,1084600.0
343,2021-10-11 06:35:04,26900.0,200.0,1084300.0
344,2021-10-11 06:35:04,26900.0,200.0,1084100.0
345,2021-10-11 06:35:04,26900.0,200.0,1083900.0
346,2021-10-11 06:35:04,26900.0,100.0,1083700.0
347,2021-10-11 06:35:04,26900.0,100.0,1083600.0
348,2021-10-11 06:35:04,26900.0,1000.0,1083500.0
349,2021-10-11 06:35:04,26900.0,400.0,1082500.0
350,2021-10-11 06:35:04,26900.0,2000.0,1082100.0
351,2021-10-11 06:34:56,26900.0,1000.0,1080100.0
352,2021-10-11 06:34:43,26900.0,700.0,1079100.0
353,2021-10-11 06:34:43,26900.0,300.0,1078400.0
354,2021-10-11 06:34:07,26900.0,500.0,1078100.0
355,2021-10-11 06:33:10,26950.0,700.0,1077600.0
356,2021-10-11 06:32:52,26950.0,100.0,1076900.0
357,2021-10-11 06:32:47,26900.0,200.0,1076800.0
358,2021-10-11 06:32:47,26900.0,100.0,1076600.0
359,2021-10-11 06:32:47,26900.0,100.0,1076500.0
360,2021-10-11 06:32:47,26900.0,200.0,1076400.0
361,2021-10-11 06:32:47,26900.0,100.0,1076200.0
362,2021-10-11 06:32:47,26900.0,300.0,1076100.0
363,2021-10-11 06:32:04,26900.0,1000.0,1075800.0
364,2021-10-11 06:31:57,26950.0,100.0,1074800.0
365,2021-10-11 06:31:13,26950.0,100.0,1074700.0
366,2021-10-11 06:30:14,26950.0,300.0,1074600.0
367,2021-10-11 06:29:58,26950.0,5000.0,1074300.0
368,2021-10-11 06:29:50,26950.0,1000.0,1069300.0
369,2021-10-11 06:29:45,26950.0,1000.0,1068300.0
370,2021-10-11 06:29:22,26950.0,1300.0,1067300.0
371,2021-10-11 06:29:22,26950.0,300.0,1066000.0
372,2021-10-11 06:29:19,26900.0,700.0,1065700.0
373,2021-10-11 06:29:19,26900.0,500.0,1065000.0
374,2021-10-11 06:29:19,26900.0,500.0,1064500.0
375,2021-10-11 06:29:19,26900.0,200.0,1064000.0
376,2021-10-11 06:29:19,26900.0,500.0,1063800.0
377,2021-10-11 06:29:19,26900.0,500.0,1063300.0
378,2021-10-11 06:29:19,26900.0,100.0,1062800.0
379,2021-10-11 06:28:59,26900.0,500.0,1062700.0
380,2021-10-11 06:28:59,26900.0,200.0,1062200.0
381,2021-10-11 06:28:59,26900.0,300.0,1062000.0
382,2021-10-11 06:27:44,26950.0,100.0,1061700.0
383,2021-10-11 06:27:30,26950.0,800.0,1061600.0
384,2021-10-11 06:27:30,26950.0,800.0,1060800.0
385,2021-10-11 06:27:13,26950.0,200.0,1060000.0
386,2021-10-11 06:27:13,26950.0,100.0,1059800.0
387,2021-10-11 06:27:13,26950.0,400.0,1059700.0
388,2021-10-11 06:27:13,26950.0,100.0,1059300.0
389,2021-10-11 06:27:13,26950.0,1700.0,1059200.0
390,2021-10-11 06:27:05,27000.0,100.0,1057500.0
391,2021-10-11 06:27:05,27000.0,500.0,1057400.0
392,2021-10-11 06:26:56,27000.0,100.0,1056900.0
393,2021-10-11 06:26:32,27000.0,900.0,1056800.0
394,2021-10-11 06:26:32,27000.0,1900.0,1055900.0
395,2021-10-11 06:26:21,26950.0,1000.0,1054000.0
396,2021-10-11 06:25:55,26950.0,3400.0,1053000.0
397,2021-10-11 06:25:45,26950.0,1000.0,1049600.0
398,2021-10-11 06:25:42,26950.0,1000.0,1048600.0
399,2021-10-11 06:24:46,26950.0,1000.0,1047600.0
400,2021-10-11 06:24:40,26950.0,100.0,1046600.0
401,2021-10-11 06:24:26,26950.0,1000.0,1046500.0
402,2021-10-11 06:24:19,26950.0,300.0,1045500.0
403,2021-10-11 06:23:47,26950.0,200.0,1045200.0
404,2021-10-11 06:23:47,26950.0,100.0,1045000.0
405,2021-10-11 06:23:47,26950.0,200.0,1044900.0
406,2021-10-11 06:22:38,26950.0,400.0,1044700.0
407,2021-10-11 06:22:27,26950.0,100.0,1044300.0
408,2021-10-11 06:22:14,26950.0,200.0,1044200.0
409,2021-10-11 06:22:01,26950.0,5000.0,1044000.0
410,2021-10-11 06:21:54,26950.0,1000.0,1039000.0
411,2021-10-11 06:21:50,26950.0,200.0,1038000.0
412,2021-10-11 06:21:37,26950.0,100.0,1037800.0
413,2021-10-11 06:21:37,26950.0,1000.0,1037700.0
414,2021-10-11 06:21:37,26950.0,600.0,1036700.0
415,2021-10-11 06:21:37,26950.0,400.0,1036100.0
416,2021-10-11 06:21:37,26950.0,1800.0,1035700.0
417,2021-10-11 06:21:37,26950.0,4900.0,1033900.0
418,2021-10-11 06:21:37,26950.0,2000.0,1029000.0
419,2021-10-11 06:21:37,26950.0,1000.0,1027000.0
420,2021-10-11 06:21:37,26950.0,1000.0,1026000.0
421,2021-10-11 06:21:37,26950.0,5000.0,1025000.0
422,2021-10-11 06:21:37,26950.0,100.0,1020000.0
423,2021-10-11 06:21:37,26950.0,1000.0,1019900.0
424,2021-10-11 06:21:37,26950.0,100.0,1018900.0
425,2021-10-11 06:21:37,26950.0,500.0,1018800.0
426,2021-10-11 06:21:37,26950.0,100.0,1018300.0
427,2021-10-11 06:21:37,26950.0,100.0,1018200.0
428,2021-10-11 06:21:37,26950.0,500.0,1018100.0
429,2021-10-11 06:21:37,26950.0,100.0,1017600.0
430,2021-10-11 06:21:37,26950.0,200.0,1017500.0
431,2021-10-11 06:21:37,26950.0,2000.0,1017300.0
432,2021-10-11 06:21:37,26950.0,400.0,1015300.0
433,2021-10-11 06:21:25,27000.0,200.0,1014900.0
434,2021-10-11 06:21:22,26950.0,100.0,1014700.0
435,2021-10-11 06:21:22,26950.0,400.0,1014600.0
436,2021-10-11 06:20:59,27000.0,100.0,1014200.0
437,2021-10-11 06:20:58,27000.0,100.0,1014100.0
438,2021-10-11 06:20:57,26950.0,100.0,1014000.0
439,2021-10-11 06:20:48,27000.0,200.0,1013900.0
440,2021-10-11 06:20:48,27000.0,200.0,1013700.0
441,2021-10-11 06:20:48,27000.0,800.0,1013500.0
442,2021-10-11 06:20:12,27000.0,200.0,1012700.0
443,2021-10-11 06:20:11,26950.0,100.0,1012500.0
444,2021-10-11 06:20:11,26950.0,4400.0,1012400.0
445,2021-10-11 06:20:11,26950.0,100.0,1008000.0
446,2021-10-11 06:20:11,26950.0,200.0,1007900.0
447,2021-10-11 06:20:11,26950.0,200.0,1007700.0
448,2021-10-11 06:20:11,26950.0,100.0,1007500.0
449,2021-10-11 06:20:11,26950.0,1900.0,1007400.0
450,2021-10-11 06:19:23,27000.0,400.0,1005500.0
451,2021-10-11 06:18:50,27000.0,100.0,1005100.0
452,2021-10-11 06:18:21,27000.0,100.0,1005000.0
453,2021-10-11 06:18:21,27000.0,1000.0,1004900.0
454,2021-10-11 06:18:21,27000.0,200.0,1003900.0
455,2021-10-11 06:18:21,27000.0,1300.0,1003700.0
456,2021-10-11 06:18:21,27000.0,400.0,1002400.0
457,2021-10-11 06:18:06,26950.0,1000.0,1002000.0
458,2021-10-11 06:17:58,27000.0,100.0,1001000.0
459,2021-10-11 06:17:49,26950.0,100.0,1000900.0
460,2021-10-11 06:17:40,27000.0,400.0,1000800.0
461,2021-10-11 06:17:40,27000.0,100.0,1000400.0
462,2021-10-11 06:17:40,27000.0,300.0,1000300.0
463,2021-10-11 06:17:40,27000.0,500.0,1000000.0
464,2021-10-11 06:17:40,27000.0,100.0,999500.0
465,2021-10-11 06:17:40,27000.0,100.0,999400.0
466,2021-10-11 06:16:27,27000.0,300.0,999300.0
467,2021-10-11 06:15:49,26950.0,200.0,999000.0
468,2021-10-11 06:15:29,26950.0,200.0,998800.0
469,2021-10-11 06:14:52,26950.0,100.0,998600.0
470,2021-10-11 06:14:45,26950.0,300.0,998500.0
471,2021-10-11 06:14:12,26950.0,100.0,998200.0
472,2021-10-11 06:14:11,26950.0,500.0,998100.0
473,2021-10-11 06:12:55,26950.0,3000.0,997600.0
474,2021-10-11 06:12:52,26950.0,200.0,994600.0
475,2021-10-11 06:12:36,26950.0,100.0,994400.0
476,2021-10-11 06:12:20,26950.0,1000.0,994300.0
477,2021-10-11 06:11:38,26950.0,2300.0,993300.0
478,2021-10-11 06:11:38,26950.0,100.0,991000.0
479,2021-10-11 06:11:38,26950.0,2000.0,990900.0
480,2021-10-11 06:11:38,26950.0,300.0,988900.0
481,2021-10-11 06:11:38,26950.0,300.0,988600.0
482,2021-10-11 06:11:17,26950.0,1000.0,988300.0
483,2021-10-11 06:11:15,27000.0,300.0,987300.0
484,2021-10-11 06:11:10,26950.0,300.0,987000.0
485,2021-10-11 06:10:51,26950.0,1600.0,986700.0
486,2021-10-11 06:10:47,26950.0,10000.0,985100.0
487,2021-10-11 06:10:28,26950.0,1000.0,975100.0
488,2021-10-11 06:09:35,26950.0,100.0,974100.0
489,2021-10-11 06:09:19,27000.0,300.0,974000.0
490,2021-10-11 06:09:16,27000.0,1000.0,973700.0
491,2021-10-11 06:08:00,26950.0,1000.0,972700.0
492,2021-10-11 06:07:35,27000.0,100.0,971700.0
493,2021-10-11 06:07:09,26950.0,200.0,971600.0
494,2021-10-11 06:07:06,26950.0,1400.0,971400.0
495,2021-10-11 06:06:42,26950.0,1600.0,970000.0
496,2021-10-11 06:05:02,26950.0,300.0,968400.0
497,2021-10-11 06:05:02,26950.0,400.0,968100.0
498,2021-10-11 06:04:36,27000.0,7900.0,967700.0
499,2021-10-11 06:04:36,27000.0,1000.0,959800.0
500,2021-10-11 06:04:36,27000.0,1100.0,958800.0
501,2021-10-11 06:04:10,27000.0,1000.0,957700.0
502,2021-10-11 06:03:23,27000.0,300.0,956700.0
503,2021-10-11 06:02:51,27000.0,100.0,956400.0
504,2021-10-11 06:02:11,27000.0,600.0,956300.0
505,2021-10-11 06:01:51,27000.0,400.0,955700.0
506,2021-10-11 06:01:44,27000.0,200.0,955300.0
507,2021-10-11 06:01:32,27000.0,900.0,955100.0
508,2021-10-11 06:01:31,27000.0,500.0,954200.0
509,2021-10-11 06:01:26,27000.0,800.0,953700.0
510,2021-10-11 06:01:24,26950.0,200.0,952900.0
511,2021-10-11 06:00:57,27000.0,100.0,952700.0
512,2021-10-11 06:00:53,27000.0,1000.0,952600.0
513,2021-10-11 06:00:43,27000.0,500.0,951600.0
514,2021-10-11 06:00:39,27000.0,300.0,951100.0
515,2021-10-11 06:00:35,26950.0,400.0,950800.0
516,2021-10-11 06:00:35,26950.0,800.0,950400.0
517,2021-10-11 06:00:31,27000.0,200.0,949600.0
518,2021-10-11 06:00:30,27000.0,100.0,949400.0
519,2021-10-11 06:00:30,27000.0,200.0,949300.0
520,2021-10-11 06:00:30,27000.0,100.0,949100.0
521,2021-10-11 06:00:27,27000.0,300.0,949000.0
522,2021-10-11 06:00:24,27000.0,100.0,948700.0
523,2021-10-11 06:00:24,27000.0,100.0,948600.0
524,2021-10-11 06:00:24,26950.0,2200.0,948500.0
525,2021-10-11 06:00:24,26950.0,200.0,946300.0
526,2021-10-11 06:00:24,26950.0,2600.0,946100.0
527,2021-10-11 06:00:23,27000.0,100.0,943500.0
528,2021-10-11 06:00:23,27000.0,500.0,943400.0
529,2021-10-11 06:00:23,27000.0,200.0,942900.0
530,2021-10-11 06:00:23,27000.0,100.0,942700.0
531,2021-10-11 06:00:23,27000.0,200.0,942600.0
532,2021-10-11 06:00:23,27000.0,200.0,942400.0
533,2021-10-11 06:00:22,27000.0,200.0,942200.0
534,2021-10-11 06:00:18,27000.0,100.0,942000.0
535,2021-10-11 06:00:18,27000.0,100.0,941900.0
536,2021-10-11 06:00:15,27000.0,300.0,941800.0
537,2021-10-11 06:00:15,27000.0,100.0,941500.0
538,2021-10-11 06:00:13,27000.0,100.0,941400.0
539,2021-10-11 06:00:11,27000.0,400.0,941300.0
540,2021-10-11 06:00:11,27000.0,100.0,940900.0
541,2021-10-11 06:00:09,27000.0,300.0,940800.0
542,2021-10-11 06:00:08,27000.0,100.0,940500.0
543,2021-10-11 06:00:06,27000.0,200.0,940400.0
544,2021-10-11 06:00:03,27000.0,100.0,940200.0
545,2021-10-11 06:00:03,27000.0,100.0,940100.0
546,2021-10-11 06:00:03,27000.0,400.0,940000.0
547,2021-10-11 06:00:03,27000.0,1000.0,939600.0
548,2021-10-11 06:00:03,27000.0,400.0,938600.0
549,2021-10-11 06:00:03,27000.0,3000.0,938200.0
550,2021-10-11 06:00:03,27000.0,100.0,935200.0
551,2021-10-11 06:00:03,27000.0,500.0,935100.0
552,2021-10-11 06:00:03,27000.0,2600.0,934600.0
553,2021-10-11 06:00:02,27000.0,300.0,932000.0
554,2021-10-11 06:00:02,27000.0,100.0,931700.0
555,2021-10-11 06:00:02,27000.0,200.0,931600.0
556,2021-10-11 06:00:01,27000.0,100.0,931400.0
557,2021-10-11 06:00:01,27000.0,500.0,931300.0
558,2021-10-11 06:00:01,27000.0,1000.0,930800.0
559,2021-10-11 06:00:01,27000.0,100.0,929800.0
560,2021-10-11 06:00:01,27000.0,400.0,929700.0
561,2021-10-11 06:00:01,27000.0,200.0,929300.0
562,2021-10-11 06:00:01,27000.0,600.0,929100.0
563,2021-10-11 04:29:26,27000.0,100.0,928500.0
564,2021-10-11 04:29:00,27000.0,200.0,928400.0
565,2021-10-11 04:28:47,27000.0,500.0,928200.0
566,2021-10-11 04:28:10,27000.0,400.0,927700.0
567,2021-10-11 04:24:46,27000.0,100.0,927300.0
568,2021-10-11 04:23:39,27000.0,500.0,927200.0
569,2021-10-11 04:23:05,27000.0,100.0,926700.0
570,2021-10-11 04:22:35,27000.0,100.0,926600.0
571,2021-10-11 04:20:27,27000.0,200.0,926500.0
572,2021-10-11 04:18:30,26950.0,500.0,926300.0
573,2021-10-11 04:17:58,27000.0,200.0,925800.0
574,2021-10-11 04:17:37,27000.0,300.0,925600.0
575,2021-10-11 04:17:34,26950.0,2800.0,925300.0
576,2021-10-11 04:17:34,26950.0,100.0,922500.0
577,2021-10-11 04:17:34,26950.0,2100.0,922400.0
578,2021-10-11 04:17:28,26950.0,400.0,920300.0
579,2021-10-11 04:16:59,27000.0,1500.0,919900.0
580,2021-10-11 04:16:35,26950.0,100.0,918400.0
581,2021-10-11 04:16:26,27000.0,200.0,918300.0
582,2021-10-11 04:16:26,27000.0,600.0,918100.0
583,2021-10-11 04:16:26,27000.0,100.0,917500.0
584,2021-10-11 04:16:26,27000.0,100.0,917400.0
585,2021-10-11 04:15:45,27000.0,100.0,917300.0
586,2021-10-11 04:15:45,27000.0,700.0,917200.0
587,2021-10-11 04:15:22,27000.0,300.0,916500.0
588,2021-10-11 04:15:22,27000.0,700.0,916200.0
589,2021-10-11 04:13:40,26950.0,100.0,915500.0
590,2021-10-11 04:13:40,26950.0,100.0,915400.0
591,2021-10-11 04:13:04,27000.0,1200.0,915300.0
592,2021-10-11 04:12:52,26950.0,500.0,914100.0
593,2021-10-11 04:11:45,27000.0,100.0,913600.0
594,2021-10-11 04:10:39,26950.0,400.0,913500.0
595,2021-10-11 04:10:39,26950.0,100.0,913100.0
596,2021-10-11 04:09:01,27000.0,100.0,913000.0
597,2021-10-11 04:09:01,27000.0,100.0,912900.0
598,2021-10-11 04:08:35,26950.0,100.0,912800.0
599,2021-10-11 04:08:03,27000.0,100.0,912700.0
600,2021-10-11 04:08:03,27000.0,100.0,912600.0
601,2021-10-11 04:08:03,27000.0,100.0,912500.0
602,2021-10-11 04:08:03,27000.0,500.0,912400.0
603,2021-10-11 04:07:56,27000.0,500.0,911900.0
604,2021-10-11 04:07:56,27000.0,2000.0,911400.0
605,2021-10-11 04:07:56,27000.0,200.0,909400.0
606,2021-10-11 04:07:56,27000.0,300.0,909200.0
607,2021-10-11 04:07:37,27000.0,100.0,908900.0
608,2021-10-11 04:07:37,27000.0,100.0,908800.0
609,2021-10-11 04:07:37,27000.0,200.0,908700.0
610,2021-10-11 04:07:37,26950.0,100.0,908500.0
611,2021-10-11 04:07:37,26950.0,900.0,908400.0
612,2021-10-11 04:07:15,27000.0,200.0,907500.0
613,2021-10-11 04:07:02,27000.0,2600.0,907300.0
614,2021-10-11 04:07:02,27000.0,100.0,904700.0
615,2021-10-11 04:07:02,27000.0,500.0,904600.0
616,2021-10-11 04:07:02,27000.0,100.0,904100.0
617,2021-10-11 04:07:02,27000.0,1000.0,904000.0
618,2021-10-11 04:06:06,27000.0,100.0,903000.0
619,2021-10-11 04:05:44,27000.0,900.0,902900.0
620,2021-10-11 04:05:44,27000.0,800.0,902000.0
621,2021-10-11 04:05:44,27000.0,200.0,901200.0
622,2021-10-11 04:05:44,27000.0,100.0,901000.0
623,2021-10-11 04:05:44,27000.0,400.0,900900.0
624,2021-10-11 04:05:44,27000.0,1000.0,900500.0
625,2021-10-11 04:05:44,27000.0,1000.0,899500.0
626,2021-10-11 04:05:44,27000.0,500.0,898500.0
627,2021-10-11 04:05:44,27000.0,100.0,898000.0
628,2021-10-11 04:05:44,27000.0,100.0,897900.0
629,2021-10-11 04:05:44,27000.0,100.0,897800.0
630,2021-10-11 04:05:44,27000.0,100.0,897700.0
631,2021-10-11 04:05:44,27000.0,2000.0,897600.0
632,2021-10-11 04:05:44,27000.0,100.0,895600.0
633,2021-10-11 04:05:44,27000.0,1600.0,895500.0
634,2021-10-11 04:05:03,26950.0,100.0,893900.0
635,2021-10-11 04:04:31,26950.0,200.0,893800.0
636,2021-10-11 04:04:31,26950.0,100.0,893600.0
637,2021-10-11 04:04:31,26950.0,100.0,893500.0
638,2021-10-11 04:04:31,26950.0,1000.0,893400.0
639,2021-10-11 04:04:31,26950.0,1000.0,892400.0
640,2021-10-11 04:04:31,26950.0,600.0,891400.0
641,2021-10-11 04:04:19,26950.0,100.0,890800.0
642,2021-10-11 04:03:43,26950.0,2000.0,890700.0
643,2021-10-11 04:03:37,27000.0,100.0,888700.0
644,2021-10-11 04:03:28,26950.0,100.0,888600.0
645,2021-10-11 04:03:21,26950.0,400.0,888500.0
646,2021-10-11 04:03:12,26950.0,10000.0,888100.0
647,2021-10-11 04:02:59,26950.0,1000.0,878100.0
648,2021-10-11 04:02:54,26950.0,800.0,877100.0
649,2021-10-11 04:02:43,26950.0,600.0,876300.0
650,2021-10-11 04:02:43,26950.0,100.0,875700.0
651,2021-10-11 04:02:43,26950.0,100.0,875600.0
652,2021-10-11 04:00:45,26950.0,100.0,875500.0
653,2021-10-11 04:00:04,26950.0,1000.0,875400.0
654,2021-10-11 04:00:04,26950.0,200.0,874400.0
655,2021-10-11 03:59:53,26950.0,300.0,874200.0
656,2021-10-11 03:59:36,26950.0,200.0,873900.0
657,2021-10-11 03:59:36,26950.0,500.0,873700.0
658,2021-10-11 03:59:36,26950.0,900.0,873200.0
659,2021-10-11 03:59:36,26950.0,800.0,872300.0
660,2021-10-11 03:59:36,26950.0,600.0,871500.0
661,2021-10-11 03:59:07,26950.0,200.0,870900.0
662,2021-10-11 03:58:47,26950.0,100.0,870700.0
663,2021-10-11 03:57:35,26950.0,100.0,870600.0
664,2021-10-11 03:57:05,26950.0,100.0,870500.0
665,2021-10-11 03:56:59,26950.0,100.0,870400.0
666,2021-10-11 03:56:15,26950.0,300.0,870300.0
667,2021-10-11 03:55:52,26950.0,100.0,870000.0
668,2021-10-11 03:55:13,26950.0,1000.0,869900.0
669,2021-10-11 03:54:35,26950.0,100.0,868900.0
670,2021-10-11 03:54:08,26950.0,700.0,868800.0
671,2021-10-11 03:53:56,26950.0,400.0,868100.0
672,2021-10-11 03:53:56,26950.0,100.0,867700.0
673,2021-10-11 03:53:56,26950.0,400.0,867600.0
674,2021-10-11 03:52:59,26950.0,100.0,867200.0
675,2021-10-11 03:52:45,26950.0,100.0,867100.0
676,2021-10-11 03:51:55,27000.0,2300.0,867000.0
677,2021-10-11 03:51:55,27000.0,2000.0,864700.0
678,2021-10-11 03:51:55,27000.0,1000.0,862700.0
679,2021-10-11 03:51:55,27000.0,500.0,861700.0
680,2021-10-11 03:51:55,27000.0,100.0,861200.0
681,2021-10-11 03:51:55,27000.0,100.0,861100.0
682,2021-10-11 03:51:18,27000.0,300.0,861000.0
683,2021-10-11 03:51:04,27000.0,200.0,860700.0
684,2021-10-11 03:51:00,27000.0,400.0,860500.0
685,2021-10-11 03:51:00,27000.0,300.0,860100.0
686,2021-10-11 03:51:00,27000.0,900.0,859800.0
687,2021-10-11 03:51:00,27000.0,400.0,858900.0
688,2021-10-11 03:50:45,27000.0,100.0,858500.0
689,2021-10-11 03:50:36,26950.0,200.0,858400.0
690,2021-10-11 03:50:14,26950.0,1200.0,858200.0
691,2021-10-11 03:50:14,26950.0,500.0,857000.0
692,2021-10-11 03:50:14,26950.0,100.0,856500.0
693,2021-10-11 03:50:14,26950.0,200.0,856400.0
694,2021-10-11 03:50:14,26950.0,100.0,856200.0
695,2021-10-11 03:50:14,26950.0,1800.0,856100.0
696,2021-10-11 03:50:14,26950.0,100.0,854300.0
697,2021-10-11 03:50:13,27000.0,100.0,854200.0
698,2021-10-11 03:50:01,27000.0,600.0,854100.0
699,2021-10-11 03:50:01,27000.0,100.0,853500.0
700,2021-10-11 03:50:01,27000.0,100.0,853400.0
701,2021-10-11 03:50:01,27000.0,100.0,853300.0
702,2021-10-11 03:50:01,27000.0,600.0,853200.0
703,2021-10-11 03:49:56,26950.0,100.0,852600.0
704,2021-10-11 03:49:56,26950.0,500.0,852500.0
705,2021-10-11 03:49:56,26950.0,100.0,852000.0
706,2021-10-11 03:49:56,26950.0,200.0,851900.0
707,2021-10-11 03:49:02,27000.0,400.0,851700.0
708,2021-10-11 03:48:43,27000.0,600.0,851300.0
709,2021-10-11 03:48:43,27000.0,100.0,850700.0
710,2021-10-11 03:48:43,27000.0,100.0,850600.0
711,2021-10-11 03:48:43,27000.0,100.0,850500.0
712,2021-10-11 03:48:43,27000.0,600.0,850400.0
713,2021-10-11 03:48:25,27000.0,800.0,849800.0
714,2021-10-11 03:48:10,27000.0,100.0,849000.0
715,2021-10-11 03:47:35,26950.0,200.0,848900.0
716,2021-10-11 03:47:22,26950.0,100.0,848700.0
717,2021-10-11 03:47:07,27000.0,100.0,848600.0
718,2021-10-11 03:47:05,27000.0,100.0,848500.0
719,2021-10-11 03:46:51,27000.0,300.0,848400.0
720,2021-10-11 03:46:51,27000.0,200.0,848100.0
721,2021-10-11 03:46:16,27000.0,100.0,847900.0
722,2021-10-11 03:45:53,26950.0,300.0,847800.0
723,2021-10-11 03:44:50,27000.0,100.0,847500.0
724,2021-10-11 03:42:50,26950.0,100.0,847400.0
725,2021-10-11 03:42:50,26950.0,100.0,847300.0
726,2021-10-11 03:42:01,27000.0,100.0,847200.0
727,2021-10-11 03:42:01,27000.0,100.0,847100.0
728,2021-10-11 03:41:12,27000.0,300.0,847000.0
729,2021-10-11 03:40:51,26950.0,500.0,846700.0
730,2021-10-11 03:40:47,27000.0,400.0,846200.0
731,2021-10-11 03:40:47,27000.0,300.0,845800.0
732,2021-10-11 03:40:46,27000.0,100.0,845500.0
733,2021-10-11 03:40:39,27000.0,1500.0,845400.0
734,2021-10-11 03:40:26,27000.0,500.0,843900.0
735,2021-10-11 03:40:15,26950.0,400.0,843400.0
736,2021-10-11 03:40:11,27000.0,100.0,843000.0
737,2021-10-11 03:39:59,27000.0,700.0,842900.0
738,2021-10-11 03:39:23,27000.0,100.0,842200.0
739,2021-10-11 03:39:22,27000.0,900.0,842100.0
740,2021-10-11 03:39:16,26950.0,200.0,841200.0
741,2021-10-11 03:38:51,27000.0,100.0,841000.0
742,2021-10-11 03:37:51,27000.0,4000.0,840900.0
743,2021-10-11 03:37:51,27000.0,500.0,836900.0
744,2021-10-11 03:37:51,27000.0,200.0,836400.0
745,2021-10-11 03:37:51,27000.0,1000.0,836200.0
746,2021-10-11 03:37:51,27000.0,5000.0,835200.0
747,2021-10-11 03:37:51,27000.0,600.0,830200.0
748,2021-10-11 03:37:51,27000.0,400.0,829600.0
749,2021-10-11 03:37:51,27000.0,100.0,829200.0
750,2021-10-11 03:37:51,27000.0,700.0,829100.0
751,2021-10-11 03:37:51,27000.0,100.0,828400.0
752,2021-10-11 03:37:51,27000.0,200.0,828300.0
753,2021-10-11 03:37:51,27000.0,1000.0,828100.0
754,2021-10-11 03:37:51,27000.0,1000.0,827100.0
755,2021-10-11 03:37:51,27000.0,100.0,826100.0
756,2021-10-11 03:37:51,27000.0,900.0,826000.0
757,2021-10-11 03:37:51,27000.0,100.0,825100.0
758,2021-10-11 03:37:51,27000.0,200.0,825000.0
759,2021-10-11 03:37:51,27000.0,300.0,824800.0
760,2021-10-11 03:37:51,27000.0,200.0,824500.0
761,2021-10-11 03:37:51,27000.0,800.0,824300.0
762,2021-10-11 03:37:51,27000.0,500.0,823500.0
763,2021-10-11 03:37:51,27000.0,700.0,823000.0
764,2021-10-11 03:37:51,27000.0,200.0,822300.0
765,2021-10-11 03:37:51,27000.0,100.0,822100.0
766,2021-10-11 03:37:51,27000.0,500.0,822000.0
767,2021-10-11 03:37:51,27000.0,100.0,821500.0
768,2021-10-11 03:37:51,27000.0,100.0,821400.0
769,2021-10-11 03:37:51,27000.0,400.0,821300.0
770,2021-10-11 03:37:46,27000.0,100.0,820900.0
771,2021-10-11 03:36:42,27000.0,500.0,820800.0
772,2021-10-11 03:36:26,26950.0,3800.0,820300.0
773,2021-10-11 03:36:19,26950.0,500.0,816500.0
774,2021-10-11 03:35:56,26950.0,100.0,816000.0
775,2021-10-11 03:35:56,26950.0,600.0,815900.0
776,2021-10-11 03:35:50,27000.0,900.0,815300.0
777,2021-10-11 03:35:44,26950.0,200.0,814400.0
778,2021-10-11 03:35:44,26950.0,100.0,814200.0
779,2021-10-11 03:35:24,26950.0,100.0,814100.0
780,2021-10-11 03:35:03,26950.0,100.0,814000.0
781,2021-10-11 03:35:03,26950.0,2100.0,813900.0
782,2021-10-11 03:34:35,26950.0,200.0,811800.0
783,2021-10-11 03:33:56,27000.0,3100.0,811600.0
784,2021-10-11 03:33:56,27000.0,200.0,808500.0
785,2021-10-11 03:33:56,27000.0,100.0,808300.0
786,2021-10-11 03:33:56,27000.0,300.0,808200.0
787,2021-10-11 03:33:35,27000.0,300.0,807900.0
788,2021-10-11 03:33:35,27000.0,200.0,807600.0
789,2021-10-11 03:33:33,26950.0,2000.0,807400.0
790,2021-10-11 03:32:54,27000.0,100.0,805400.0
791,2021-10-11 03:32:30,26950.0,700.0,805300.0
792,2021-10-11 03:32:30,26950.0,300.0,804600.0
793,2021-10-11 03:32:05,26950.0,300.0,804300.0
794,2021-10-11 03:31:56,26950.0,300.0,804000.0
795,2021-10-11 03:31:56,26950.0,1300.0,803700.0
796,2021-10-11 03:31:56,26950.0,3400.0,802400.0
797,2021-10-11 03:31:49,26950.0,100.0,799000.0
798,2021-10-11 03:31:48,26950.0,700.0,798900.0
799,2021-10-11 03:31:44,26950.0,100.0,798200.0
800,2021-10-11 03:31:18,26950.0,1000.0,798100.0
801,2021-10-11 03:31:11,26950.0,1000.0,797100.0
802,2021-10-11 03:31:08,26950.0,200.0,796100.0
803,2021-10-11 03:31:08,26950.0,300.0,795900.0
804,2021-10-11 03:31:08,26950.0,1000.0,795600.0
805,2021-10-11 03:31:08,26950.0,300.0,794600.0
806,2021-10-11 03:31:08,26950.0,600.0,794300.0
807,2021-10-11 03:31:08,26950.0,300.0,793700.0
808,2021-10-11 03:31:08,26950.0,300.0,793400.0
809,2021-10-11 03:31:08,26950.0,100.0,793100.0
810,2021-10-11 03:31:08,26950.0,3000.0,793000.0
811,2021-10-11 03:31:08,26950.0,100.0,790000.0
812,2021-10-11 03:31:08,26950.0,1000.0,789900.0
813,2021-10-11 03:31:08,26950.0,1000.0,788900.0
814,2021-10-11 03:31:08,26950.0,500.0,787900.0
815,2021-10-11 03:31:08,26950.0,100.0,787400.0
816,2021-10-11 03:31:08,26950.0,300.0,787300.0
817,2021-10-11 03:31:08,26950.0,300.0,787000.0
818,2021-10-11 03:31:08,26950.0,4300.0,786700.0
819,2021-10-11 03:30:57,26900.0,300.0,782400.0
820,2021-10-11 03:30:57,26900.0,100.0,782100.0
821,2021-10-11 03:30:57,26900.0,100.0,782000.0
822,2021-10-11 03:30:55,26900.0,300.0,781900.0
823,2021-10-11 03:30:55,26900.0,200.0,781600.0
824,2021-10-11 03:30:42,26900.0,100.0,781400.0
825,2021-10-11 03:30:42,26900.0,100.0,781300.0
826,2021-10-11 03:30:38,26900.0,300.0,781200.0
827,2021-10-11 03:30:38,26900.0,100.0,780900.0
828,2021-10-11 03:30:38,26900.0,100.0,780800.0
829,2021-10-11 03:30:38,26900.0,200.0,780700.0
830,2021-10-11 03:30:38,26900.0,300.0,780500.0
831,2021-10-11 03:30:25,26900.0,500.0,780200.0
832,2021-10-11 03:30:25,26900.0,1200.0,779700.0
833,2021-10-11 03:29:44,26900.0,100.0,778500.0
834,2021-10-11 03:29:15,26900.0,200.0,778400.0
835,2021-10-11 03:29:15,26900.0,200.0,778200.0
836,2021-10-11 03:29:15,26900.0,100.0,778000.0
837,2021-10-11 03:29:15,26900.0,100.0,777900.0
838,2021-10-11 03:29:15,26900.0,100.0,777800.0
839,2021-10-11 03:29:15,26900.0,200.0,777700.0
840,2021-10-11 03:29:15,26900.0,100.0,777500.0
841,2021-10-11 03:28:55,26950.0,200.0,777400.0
842,2021-10-11 03:28:15,26950.0,200.0,777200.0
843,2021-10-11 03:28:10,26900.0,100.0,777000.0
844,2021-10-11 03:27:40,26900.0,800.0,776900.0
845,2021-10-11 03:27:34,26900.0,100.0,776100.0
846,2021-10-11 03:27:34,26900.0,200.0,776000.0
847,2021-10-11 03:27:34,26900.0,400.0,775800.0
848,2021-10-11 03:27:34,26900.0,1000.0,775400.0
849,2021-10-11 03:27:34,26900.0,600.0,774400.0
850,2021-10-11 03:27:34,26900.0,200.0,773800.0
851,2021-10-11 03:27:34,26900.0,500.0,773600.0
852,2021-10-11 03:27:34,26900.0,100.0,773100.0
853,2021-10-11 03:26:31,26900.0,400.0,773000.0
854,2021-10-11 03:26:31,26900.0,1100.0,772600.0
855,2021-10-11 03:26:31,26900.0,200.0,771500.0
856,2021-10-11 03:26:31,26900.0,1000.0,771300.0
857,2021-10-11 03:26:31,26900.0,100.0,770300.0
858,2021-10-11 03:26:31,26900.0,2200.0,770200.0
859,2021-10-11 03:26:31,26900.0,700.0,768000.0
860,2021-10-11 03:26:31,26900.0,200.0,767300.0
861,2021-10-11 03:26:31,26900.0,1800.0,767100.0
862,2021-10-11 03:26:17,26950.0,300.0,765300.0
863,2021-10-11 03:26:17,26950.0,200.0,765000.0
864,2021-10-11 03:26:08,26950.0,500.0,764800.0
865,2021-10-11 03:26:08,26950.0,200.0,764300.0
866,2021-10-11 03:26:08,26950.0,100.0,764100.0
867,2021-10-11 03:26:08,26950.0,3000.0,764000.0
868,2021-10-11 03:26:08,26950.0,500.0,761000.0
869,2021-10-11 03:26:08,26950.0,700.0,760500.0
870,2021-10-11 03:25:34,26950.0,100.0,759800.0
871,2021-10-11 03:23:09,26950.0,500.0,759700.0
872,2021-10-11 03:22:17,26950.0,800.0,759200.0
873,2021-10-11 03:21:24,26950.0,100.0,758400.0
874,2021-10-11 03:21:01,26950.0,200.0,758300.0
875,2021-10-11 03:20:38,26900.0,300.0,758100.0
876,2021-10-11 03:20:24,26900.0,8600.0,757800.0
877,2021-10-11 03:20:19,26950.0,200.0,749200.0
878,2021-10-11 03:20:08,26900.0,400.0,749000.0
879,2021-10-11 03:20:08,26900.0,200.0,748600.0
880,2021-10-11 03:20:08,26900.0,100.0,748400.0
881,2021-10-11 03:20:08,26900.0,100.0,748300.0
882,2021-10-11 03:20:08,26900.0,500.0,748200.0
883,2021-10-11 03:20:08,26900.0,600.0,747700.0
884,2021-10-11 03:20:08,26900.0,100.0,747100.0
885,2021-10-11 03:20:08,26900.0,100.0,747000.0
886,2021-10-11 03:20:08,26900.0,700.0,746900.0
887,2021-10-11 03:20:06,26900.0,300.0,746200.0
888,2021-10-11 03:20:06,26900.0,200.0,745900.0
889,2021-10-11 03:19:57,26950.0,2300.0,745700.0
890,2021-10-11 03:19:55,26950.0,200.0,743400.0
891,2021-10-11 03:19:43,26950.0,200.0,743200.0
892,2021-10-11 03:19:32,26950.0,300.0,743000.0
893,2021-10-11 03:19:21,26950.0,200.0,742700.0
894,2021-10-11 03:19:15,26950.0,100.0,742500.0
895,2021-10-11 03:19:08,26900.0,500.0,742400.0
896,2021-10-11 03:18:52,26950.0,100.0,741900.0
897,2021-10-11 03:18:52,26950.0,500.0,741800.0
898,2021-10-11 03:18:52,26950.0,2000.0,741300.0
899,2021-10-11 03:18:52,26950.0,400.0,739300.0
900,2021-10-11 03:18:52,26950.0,500.0,738900.0
901,2021-10-11 03:18:52,26950.0,1000.0,738400.0
902,2021-10-11 03:18:52,26950.0,2000.0,737400.0
903,2021-10-11 03:18:52,26950.0,700.0,735400.0
904,2021-10-11 03:18:52,26950.0,6900.0,734700.0
905,2021-10-11 03:17:38,27000.0,200.0,727800.0
906,2021-10-11 03:17:38,27000.0,100.0,727600.0
907,2021-10-11 03:17:35,27000.0,100.0,727500.0
908,2021-10-11 03:17:29,26950.0,700.0,727400.0
909,2021-10-11 03:16:35,27000.0,1000.0,726700.0
910,2021-10-11 03:16:34,27000.0,1100.0,725700.0
911,2021-10-11 03:16:21,27000.0,1000.0,724600.0
912,2021-10-11 03:16:10,26950.0,4100.0,723600.0
913,2021-10-11 03:15:52,26950.0,500.0,719500.0
914,2021-10-11 03:15:48,26950.0,100.0,719000.0
915,2021-10-11 03:15:08,26950.0,1000.0,718900.0
916,2021-10-11 03:15:02,27000.0,100.0,717900.0
917,2021-10-11 03:15:01,26950.0,1000.0,717800.0
918,2021-10-11 03:14:37,26950.0,200.0,716800.0
919,2021-10-11 03:14:33,26950.0,500.0,716600.0
920,2021-10-11 03:14:33,26950.0,100.0,716100.0
921,2021-10-11 03:14:27,27000.0,100.0,716000.0
922,2021-10-11 03:14:27,27000.0,100.0,715900.0
923,2021-10-11 03:14:23,27000.0,300.0,715800.0
924,2021-10-11 03:13:37,27000.0,500.0,715500.0
925,2021-10-11 03:13:35,26900.0,3000.0,715000.0
926,2021-10-11 03:13:35,26900.0,1000.0,712000.0
927,2021-10-11 03:13:26,27000.0,100.0,711000.0
928,2021-10-11 03:13:26,26950.0,100.0,710900.0
929,2021-10-11 03:13:26,26950.0,100.0,710800.0
930,2021-10-11 03:13:14,26950.0,300.0,710700.0
931,2021-10-11 03:13:00,26950.0,600.0,710400.0
932,2021-10-11 03:12:54,26950.0,100.0,709800.0
933,2021-10-11 03:12:54,26950.0,100.0,709700.0
934,2021-10-11 03:12:54,26950.0,1000.0,709600.0
935,2021-10-11 03:12:54,26950.0,3700.0,708600.0
936,2021-10-11 03:12:54,26950.0,200.0,704900.0
937,2021-10-11 03:12:54,26950.0,400.0,704700.0
938,2021-10-11 03:12:54,26950.0,500.0,704300.0
939,2021-10-11 03:12:54,26950.0,100.0,703800.0
940,2021-10-11 03:12:54,26950.0,500.0,703700.0
941,2021-10-11 03:12:54,26950.0,2800.0,703200.0
942,2021-10-11 03:12:30,26950.0,1000.0,700400.0
943,2021-10-11 03:12:17,27000.0,1400.0,699400.0
944,2021-10-11 03:12:01,27000.0,100.0,698000.0
945,2021-10-11 03:11:39,27000.0,100.0,697900.0
946,2021-10-11 03:11:29,27000.0,1000.0,697800.0
947,2021-10-11 03:11:07,26950.0,6200.0,696800.0
948,2021-10-11 03:11:07,26950.0,200.0,690600.0
949,2021-10-11 03:11:07,26950.0,300.0,690400.0
950,2021-10-11 03:11:07,26950.0,500.0,690100.0
951,2021-10-11 03:11:07,26950.0,200.0,689600.0
952,2021-10-11 03:11:07,26950.0,200.0,689400.0
953,2021-10-11 03:11:07,26950.0,2400.0,689200.0
954,2021-10-11 03:10:41,27000.0,200.0,686800.0
955,2021-10-11 03:10:30,27000.0,100.0,686600.0
956,2021-10-11 03:10:28,27000.0,300.0,686500.0
957,2021-10-11 03:10:11,27000.0,400.0,686200.0
958,2021-10-11 03:10:07,26950.0,100.0,685800.0
959,2021-10-11 03:10:04,27000.0,400.0,685700.0
960,2021-10-11 03:10:04,27000.0,100.0,685300.0
961,2021-10-11 03:09:35,27000.0,100.0,685200.0
962,2021-10-11 03:08:40,27000.0,200.0,685100.0
963,2021-10-11 03:07:51,27000.0,300.0,684900.0
964,2021-10-11 03:07:38,26950.0,2000.0,684600.0
965,2021-10-11 03:07:15,26950.0,100.0,682600.0
966,2021-10-11 03:07:15,26950.0,300.0,682500.0
967,2021-10-11 03:07:15,26950.0,600.0,682200.0
968,2021-10-11 03:07:09,27000.0,500.0,681600.0
969,2021-10-11 03:07:09,27000.0,200.0,681100.0
970,2021-10-11 03:07:03,27000.0,300.0,680900.0
971,2021-10-11 03:07:03,27000.0,200.0,680600.0
972,2021-10-11 03:06:44,26950.0,300.0,680400.0
973,2021-10-11 03:06:40,27000.0,200.0,680100.0
974,2021-10-11 03:06:40,27000.0,100.0,679900.0
975,2021-10-11 03:06:40,27000.0,200.0,679800.0
976,2021-10-11 03:06:09,26950.0,500.0,679600.0
977,2021-10-11 03:06:07,26950.0,200.0,679100.0
978,2021-10-11 03:06:06,26950.0,400.0,678900.0
979,2021-10-11 03:06:06,26950.0,100.0,678500.0
980,2021-10-11 03:06:06,26950.0,1000.0,678400.0
981,2021-10-11 03:06:06,26950.0,300.0,677400.0
982,2021-10-11 03:06:06,26950.0,2900.0,677100.0
983,2021-10-11 03:06:06,26950.0,300.0,674200.0
984,2021-10-11 03:06:06,26950.0,500.0,673900.0
985,2021-10-11 03:06:06,26950.0,4500.0,673400.0
986,2021-10-11 03:05:29,27000.0,500.0,668900.0
987,2021-10-11 03:05:17,26950.0,1000.0,668400.0
988,2021-10-11 03:05:09,26950.0,300.0,667400.0
989,2021-10-11 03:05:05,26950.0,300.0,667100.0
990,2021-10-11 03:05:05,26950.0,200.0,666800.0
991,2021-10-11 03:04:15,26950.0,3000.0,666600.0
992,2021-10-11 03:04:14,27000.0,200.0,663600.0
993,2021-10-11 03:03:52,27000.0,500.0,663400.0
994,2021-10-11 03:03:43,26950.0,4000.0,662900.0
995,2021-10-11 03:03:24,26950.0,300.0,658900.0
996,2021-10-11 03:02:33,26950.0,100.0,658600.0
997,2021-10-11 03:02:19,27000.0,600.0,658500.0
998,2021-10-11 03:02:17,27000.0,300.0,657900.0
999,2021-10-11 03:01:46,27000.0,100.0,657600.0
1000,2021-10-11 03:01:24,27000.0,500.0,657500.0
1001,2021-10-11 03:01:17,27000.0,500.0,657000.0
1002,2021-10-11 03:01:12,26950.0,100.0,656500.0
1003,2021-10-11 03:01:10,27000.0,3000.0,656400.0
1004,2021-10-11 03:01:08,27000.0,100.0,653400.0
1005,2021-10-11 03:01:00,27000.0,100.0,653300.0
1006,2021-10-11 03:00:57,27000.0,1000.0,653200.0
1007,2021-10-11 03:00:56,27000.0,100.0,652200.0
1008,2021-10-11 03:00:51,27000.0,2300.0,652100.0
1009,2021-10-11 03:00:51,27000.0,600.0,649800.0
1010,2021-10-11 03:00:17,27000.0,400.0,649200.0
1011,2021-10-11 03:00:17,27000.0,100.0,648800.0
1012,2021-10-11 02:59:35,27000.0,200.0,648700.0
1013,2021-10-11 02:59:17,26950.0,300.0,648500.0
1014,2021-10-11 02:59:17,26950.0,200.0,648200.0
1015,2021-10-11 02:58:57,27000.0,700.0,648000.0
1016,2021-10-11 02:58:57,27000.0,200.0,647300.0
1017,2021-10-11 02:58:57,27000.0,1000.0,647100.0
1018,2021-10-11 02:58:57,27000.0,100.0,646100.0
1019,2021-10-11 02:58:57,27000.0,400.0,646000.0
1020,2021-10-11 02:58:57,27000.0,200.0,645600.0
1021,2021-10-11 02:58:57,27000.0,200.0,645400.0
1022,2021-10-11 02:58:57,27000.0,100.0,645200.0
1023,2021-10-11 02:58:57,27000.0,800.0,645100.0
1024,2021-10-11 02:58:57,27000.0,100.0,644300.0
1025,2021-10-11 02:58:57,27000.0,1000.0,644200.0
1026,2021-10-11 02:58:57,27000.0,2000.0,643200.0
1027,2021-10-11 02:58:57,27000.0,200.0,641200.0
1028,2021-10-11 02:58:43,27000.0,300.0,641000.0
1029,2021-10-11 02:58:19,27000.0,100.0,640700.0
1030,2021-10-11 02:58:04,27000.0,400.0,640600.0
1031,2021-10-11 02:57:48,27000.0,1200.0,640200.0
1032,2021-10-11 02:57:21,27000.0,500.0,639000.0
1033,2021-10-11 02:57:19,27000.0,100.0,638500.0
1034,2021-10-11 02:57:14,27000.0,1000.0,638400.0
1035,2021-10-11 02:56:55,27000.0,1000.0,637400.0
1036,2021-10-11 02:56:31,27000.0,1400.0,636400.0
1037,2021-10-11 02:56:02,27000.0,2500.0,635000.0
1038,2021-10-11 02:55:46,27000.0,100.0,632500.0
1039,2021-10-11 02:55:46,26950.0,200.0,632400.0
1040,2021-10-11 02:55:36,26950.0,800.0,632200.0
1041,2021-10-11 02:55:35,26950.0,100.0,631400.0
1042,2021-10-11 02:55:24,26950.0,200.0,631300.0
1043,2021-10-11 02:55:24,26950.0,200.0,631100.0
1044,2021-10-11 02:55:24,26950.0,100.0,630900.0
1045,2021-10-11 02:55:24,26950.0,100.0,630800.0
1046,2021-10-11 02:55:24,26950.0,1000.0,630700.0
1047,2021-10-11 02:55:24,26950.0,500.0,629700.0
1048,2021-10-11 02:55:24,26950.0,100.0,629200.0
1049,2021-10-11 02:55:24,26950.0,1000.0,629100.0
1050,2021-10-11 02:55:24,26950.0,500.0,628100.0
1051,2021-10-11 02:55:24,26950.0,200.0,627600.0
1052,2021-10-11 02:54:35,27000.0,200.0,627400.0
1053,2021-10-11 02:53:35,26950.0,500.0,627200.0
1054,2021-10-11 02:53:35,26950.0,200.0,626700.0
1055,2021-10-11 02:53:35,26950.0,500.0,626500.0
1056,2021-10-11 02:53:35,26950.0,100.0,626000.0
1057,2021-10-11 02:53:32,26950.0,300.0,625900.0
1058,2021-10-11 02:53:10,26950.0,100.0,625600.0
1059,2021-10-11 02:52:30,26950.0,500.0,625500.0
1060,2021-10-11 02:52:29,26950.0,200.0,625000.0
1061,2021-10-11 02:52:18,26950.0,2000.0,624800.0
1062,2021-10-11 02:52:10,26950.0,500.0,622800.0
1063,2021-10-11 02:52:00,26950.0,400.0,622300.0
1064,2021-10-11 02:51:37,26950.0,300.0,621900.0
1065,2021-10-11 02:51:34,26950.0,1000.0,621600.0
1066,2021-10-11 02:51:34,26950.0,5100.0,620600.0
1067,2021-10-11 02:51:16,26950.0,4900.0,615500.0
1068,2021-10-11 02:51:16,26950.0,100.0,610600.0
1069,2021-10-11 02:51:00,26950.0,5000.0,610500.0
1070,2021-10-11 02:51:00,26950.0,3000.0,605500.0
1071,2021-10-11 02:51:00,26950.0,1000.0,602500.0
1072,2021-10-11 02:51:00,26950.0,400.0,601500.0
1073,2021-10-11 02:51:00,26950.0,700.0,601100.0
1074,2021-10-11 02:51:00,26950.0,400.0,600400.0
1075,2021-10-11 02:51:00,26950.0,100.0,600000.0
1076,2021-10-11 02:51:00,26950.0,200.0,599900.0
1077,2021-10-11 02:51:00,26950.0,1000.0,599700.0
1078,2021-10-11 02:51:00,26950.0,300.0,598700.0
1079,2021-10-11 02:51:00,26950.0,900.0,598400.0
1080,2021-10-11 02:50:33,26950.0,100.0,597500.0
1081,2021-10-11 02:50:27,27000.0,200.0,597400.0
1082,2021-10-11 02:50:24,26950.0,200.0,597200.0
1083,2021-10-11 02:50:24,26950.0,100.0,597000.0
1084,2021-10-11 02:49:42,27000.0,100.0,596900.0
1085,2021-10-11 02:49:13,27000.0,100.0,596800.0
1086,2021-10-11 02:48:51,26950.0,800.0,596700.0
1087,2021-10-11 02:48:30,26950.0,200.0,595900.0
1088,2021-10-11 02:48:29,26950.0,100.0,595700.0
1089,2021-10-11 02:47:57,26950.0,600.0,595600.0
1090,2021-10-11 02:47:57,26950.0,600.0,595000.0
1091,2021-10-11 02:47:32,27000.0,100.0,594400.0
1092,2021-10-11 02:47:32,27000.0,100.0,594300.0
1093,2021-10-11 02:46:43,26950.0,100.0,594200.0
1094,2021-10-11 02:46:35,27000.0,500.0,594100.0
1095,2021-10-11 02:46:16,27000.0,5000.0,593600.0
1096,2021-10-11 02:46:16,27000.0,2000.0,588600.0
1097,2021-10-11 02:46:16,27000.0,500.0,586600.0
1098,2021-10-11 02:46:16,27000.0,300.0,586100.0
1099,2021-10-11 02:46:16,27000.0,500.0,585800.0
1100,2021-10-11 02:46:16,27000.0,400.0,585300.0
1101,2021-10-11 02:46:16,27000.0,200.0,584900.0
1102,2021-10-11 02:46:16,27000.0,2800.0,584700.0
1103,2021-10-11 02:46:16,27000.0,400.0,581900.0
1104,2021-10-11 02:46:16,27000.0,800.0,581500.0
1105,2021-10-11 02:46:16,27000.0,1500.0,580700.0
1106,2021-10-11 02:46:16,27000.0,800.0,579200.0
1107,2021-10-11 02:46:16,27000.0,100.0,578400.0
1108,2021-10-11 02:46:16,27000.0,1100.0,578300.0
1109,2021-10-11 02:46:16,27000.0,1000.0,577200.0
1110,2021-10-11 02:46:16,27000.0,100.0,576200.0
1111,2021-10-11 02:46:16,27000.0,100.0,576100.0
1112,2021-10-11 02:46:16,27000.0,200.0,576000.0
1113,2021-10-11 02:46:16,27000.0,22100.0,575800.0
1114,2021-10-11 02:45:55,27050.0,1400.0,553700.0
1115,2021-10-11 02:45:51,27050.0,1000.0,552300.0
1116,2021-10-11 02:45:37,27050.0,100.0,551300.0
1117,2021-10-11 02:45:34,27050.0,800.0,551200.0
1118,2021-10-11 02:45:34,27050.0,200.0,550400.0
1119,2021-10-11 02:45:27,27050.0,300.0,550200.0
1120,2021-10-11 02:45:27,27050.0,200.0,549900.0
1121,2021-10-11 02:45:03,27050.0,100.0,549700.0
1122,2021-10-11 02:44:58,27050.0,500.0,549600.0
1123,2021-10-11 02:44:46,27050.0,100.0,549100.0
1124,2021-10-11 02:44:40,27050.0,500.0,549000.0
1125,2021-10-11 02:44:39,27050.0,800.0,548500.0
1126,2021-10-11 02:44:36,27050.0,500.0,547700.0
1127,2021-10-11 02:44:34,27050.0,1000.0,547200.0
1128,2021-10-11 02:44:34,27050.0,5000.0,546200.0
1129,2021-10-11 02:44:05,27050.0,100.0,541200.0
1130,2021-10-11 02:43:59,27100.0,2000.0,541100.0
1131,2021-10-11 02:43:57,27100.0,800.0,539100.0
1132,2021-10-11 02:43:57,27100.0,100.0,538300.0
1133,2021-10-11 02:43:57,27100.0,100.0,538200.0
1134,2021-10-11 02:43:51,27050.0,200.0,538100.0
1135,2021-10-11 02:43:42,27050.0,500.0,537900.0
1136,2021-10-11 02:43:42,27050.0,500.0,537400.0
1137,2021-10-11 02:43:26,27050.0,100.0,536900.0
1138,2021-10-11 02:43:12,27050.0,300.0,536800.0
1139,2021-10-11 02:43:12,27050.0,1000.0,536500.0
1140,2021-10-11 02:43:12,27050.0,200.0,535500.0
1141,2021-10-11 02:43:12,27050.0,400.0,535300.0
1142,2021-10-11 02:43:12,27050.0,300.0,534900.0
1143,2021-10-11 02:43:12,27050.0,2100.0,534600.0
1144,2021-10-11 02:43:04,27050.0,900.0,532500.0
1145,2021-10-11 02:42:44,27100.0,400.0,531600.0
1146,2021-10-11 02:42:44,27100.0,500.0,531200.0
1147,2021-10-11 02:42:44,27100.0,200.0,530700.0
1148,2021-10-11 02:42:44,27100.0,100.0,530500.0
1149,2021-10-11 02:42:35,27050.0,100.0,530400.0
1150,2021-10-11 02:42:33,27050.0,500.0,530300.0
1151,2021-10-11 02:42:29,27050.0,100.0,529800.0
1152,2021-10-11 02:42:24,27100.0,100.0,529700.0
1153,2021-10-11 02:42:09,27100.0,100.0,529600.0
1154,2021-10-11 02:41:48,27100.0,200.0,529500.0
1155,2021-10-11 02:41:30,27100.0,200.0,529300.0
1156,2021-10-11 02:41:30,27100.0,600.0,529100.0
1157,2021-10-11 02:41:30,27100.0,4200.0,528500.0
1158,2021-10-11 02:41:14,27050.0,1000.0,524300.0
1159,2021-10-11 02:40:54,27100.0,5000.0,523300.0
1160,2021-10-11 02:40:46,27100.0,800.0,518300.0
1161,2021-10-11 02:40:46,27100.0,200.0,517500.0
1162,2021-10-11 02:40:38,27100.0,100.0,517300.0
1163,2021-10-11 02:40:30,27100.0,1000.0,517200.0
1164,2021-10-11 02:40:30,27100.0,100.0,516200.0
1165,2021-10-11 02:40:30,27100.0,500.0,516100.0
1166,2021-10-11 02:40:30,27100.0,1700.0,515600.0
1167,2021-10-11 02:40:10,27100.0,300.0,513900.0
1168,2021-10-11 02:40:10,27100.0,600.0,513600.0
1169,2021-10-11 02:40:10,27100.0,100.0,513000.0
1170,2021-10-11 02:40:10,27150.0,700.0,512900.0
1171,2021-10-11 02:40:10,27150.0,1800.0,512200.0
1172,2021-10-11 02:40:01,27100.0,400.0,510400.0
1173,2021-10-11 02:40:01,27100.0,100.0,510000.0
1174,2021-10-11 02:40:01,27100.0,100.0,509900.0
1175,2021-10-11 02:40:01,27100.0,2000.0,509800.0
1176,2021-10-11 02:40:01,27100.0,200.0,507800.0
1177,2021-10-11 02:40:01,27100.0,200.0,507600.0
1178,2021-10-11 02:40:01,27100.0,2000.0,507400.0
1179,2021-10-11 02:39:55,27100.0,200.0,505400.0
1180,2021-10-11 02:39:55,27100.0,100.0,505200.0
1181,2021-10-11 02:38:59,27100.0,100.0,505100.0
1182,2021-10-11 02:38:51,27150.0,100.0,505000.0
1183,2021-10-11 02:38:21,27100.0,100.0,504900.0
1184,2021-10-11 02:38:21,27100.0,1100.0,504800.0
1185,2021-10-11 02:38:21,27100.0,1000.0,503700.0
1186,2021-10-11 02:38:21,27100.0,5000.0,502700.0
1187,2021-10-11 02:38:21,27100.0,300.0,497700.0
1188,2021-10-11 02:38:21,27100.0,200.0,497400.0
1189,2021-10-11 02:38:21,27100.0,100.0,497200.0
1190,2021-10-11 02:38:14,27100.0,200.0,497100.0
1191,2021-10-11 02:38:13,27100.0,100.0,496900.0
1192,2021-10-11 02:37:47,27050.0,1000.0,496800.0
1193,2021-10-11 02:37:38,27050.0,500.0,495800.0
1194,2021-10-11 02:37:19,27000.0,500.0,495300.0
1195,2021-10-11 02:37:19,27000.0,800.0,494800.0
1196,2021-10-11 02:37:19,27000.0,500.0,494000.0
1197,2021-10-11 02:37:19,27000.0,100.0,493500.0
1198,2021-10-11 02:37:15,27000.0,300.0,493400.0
1199,2021-10-11 02:37:15,27000.0,2000.0,493100.0
1200,2021-10-11 02:37:15,27000.0,2000.0,491100.0
1201,2021-10-11 02:37:15,27000.0,700.0,489100.0
1202,2021-10-11 02:37:12,27000.0,4300.0,488400.0
1203,2021-10-11 02:37:12,27000.0,300.0,484100.0
1204,2021-10-11 02:37:12,27000.0,200.0,483800.0
1205,2021-10-11 02:37:12,27000.0,100.0,483600.0
1206,2021-10-11 02:37:12,27000.0,1000.0,483500.0
1207,2021-10-11 02:37:12,27000.0,400.0,482500.0
1208,2021-10-11 02:37:12,27000.0,100.0,482100.0
1209,2021-10-11 02:37:12,27000.0,100.0,482000.0
1210,2021-10-11 02:37:12,27000.0,500.0,481900.0
1211,2021-10-11 02:37:12,27000.0,500.0,481400.0
1212,2021-10-11 02:37:12,27000.0,100.0,480900.0
1213,2021-10-11 02:37:12,27000.0,5000.0,480800.0
1214,2021-10-11 02:37:12,27000.0,100.0,475800.0
1215,2021-10-11 02:37:12,27000.0,500.0,475700.0
1216,2021-10-11 02:37:12,27000.0,100.0,475200.0
1217,2021-10-11 02:37:12,27000.0,1000.0,475100.0
1218,2021-10-11 02:37:12,27000.0,700.0,474100.0
1219,2021-10-11 02:37:07,27000.0,100.0,473400.0
1220,2021-10-11 02:37:01,27000.0,200.0,473300.0
1221,2021-10-11 02:37:01,27000.0,800.0,473100.0
1222,2021-10-11 02:36:36,27000.0,200.0,472300.0
1223,2021-10-11 02:36:36,27000.0,100.0,472100.0
1224,2021-10-11 02:36:20,26950.0,100.0,472000.0
1225,2021-10-11 02:36:07,26950.0,200.0,471900.0
1226,2021-10-11 02:36:01,26950.0,500.0,471700.0
1227,2021-10-11 02:35:56,26950.0,200.0,471200.0
1228,2021-10-11 02:35:47,26950.0,100.0,471000.0
1229,2021-10-11 02:35:47,26950.0,100.0,470900.0
1230,2021-10-11 02:35:46,26950.0,200.0,470800.0
1231,2021-10-11 02:35:29,26950.0,200.0,470600.0
1232,2021-10-11 02:35:29,26950.0,1500.0,470400.0
1233,2021-10-11 02:35:29,26950.0,100.0,468900.0
1234,2021-10-11 02:35:29,26950.0,200.0,468800.0
1235,2021-10-11 02:35:29,26950.0,1000.0,468600.0
1236,2021-10-11 02:35:26,26950.0,300.0,467600.0
1237,2021-10-11 02:35:18,26950.0,200.0,467300.0
1238,2021-10-11 02:35:18,26900.0,200.0,467100.0
1239,2021-10-11 02:35:16,26950.0,500.0,466900.0
1240,2021-10-11 02:35:16,26950.0,300.0,466400.0
1241,2021-10-11 02:35:16,26950.0,200.0,466100.0
1242,2021-10-11 02:34:59,26950.0,200.0,465900.0
1243,2021-10-11 02:34:39,26950.0,100.0,465700.0
1244,2021-10-11 02:34:16,26900.0,800.0,465600.0
1245,2021-10-11 02:34:09,26900.0,1100.0,464800.0
1246,2021-10-11 02:34:09,26900.0,900.0,463700.0
1247,2021-10-11 02:33:59,26900.0,100.0,462800.0
1248,2021-10-11 02:33:58,26950.0,100.0,462700.0
1249,2021-10-11 02:33:24,26850.0,8400.0,462600.0
1250,2021-10-11 02:33:24,26900.0,1000.0,454200.0
1251,2021-10-11 02:33:24,26900.0,200.0,453200.0
1252,2021-10-11 02:33:24,26900.0,500.0,453000.0
1253,2021-10-11 02:33:24,26900.0,500.0,452500.0
1254,2021-10-11 02:33:05,26900.0,200.0,452000.0
1255,2021-10-11 02:33:05,26900.0,200.0,451800.0
1256,2021-10-11 02:33:05,26900.0,100.0,451600.0
1257,2021-10-11 02:32:48,26900.0,100.0,451500.0
1258,2021-10-11 02:32:48,26900.0,400.0,451400.0
1259,2021-10-11 02:32:30,26850.0,100.0,451000.0
1260,2021-10-11 02:32:30,26850.0,100.0,450900.0
1261,2021-10-11 02:32:30,26900.0,100.0,450800.0
1262,2021-10-11 02:32:18,26900.0,500.0,450700.0
1263,2021-10-11 02:32:18,26900.0,300.0,450200.0
1264,2021-10-11 02:32:09,26900.0,100.0,449900.0
1265,2021-10-11 02:32:09,26900.0,100.0,449800.0
1266,2021-10-11 02:31:38,26800.0,1700.0,449700.0
1267,2021-10-11 02:31:36,26800.0,300.0,448000.0
1268,2021-10-11 02:31:00,26600.0,2900.0,447700.0
1269,2021-10-11 02:31:00,26600.0,100.0,444800.0
1270,2021-10-11 02:31:00,26600.0,100.0,444700.0
1271,2021-10-11 02:31:00,26650.0,1000.0,444600.0
1272,2021-10-11 02:31:00,26700.0,800.0,443600.0
1273,2021-10-11 02:31:00,26700.0,900.0,442800.0
1274,2021-10-11 02:31:00,26700.0,500.0,441900.0
1275,2021-10-11 02:31:00,26750.0,200.0,441400.0
1276,2021-10-11 02:31:00,26800.0,1000.0,441200.0
1277,2021-10-11 02:31:00,26800.0,100.0,440200.0
1278,2021-10-11 02:31:00,26800.0,100.0,440100.0
1279,2021-10-11 02:31:00,26800.0,1300.0,440000.0
1280,2021-10-11 02:31:00,26800.0,2000.0,438700.0
1281,2021-10-11 02:31:00,26800.0,500.0,436700.0
1282,2021-10-11 02:31:00,26800.0,2000.0,436200.0
1283,2021-10-11 02:31:00,26800.0,1000.0,434200.0
1284,2021-10-11 02:31:00,26800.0,5000.0,433200.0
1285,2021-10-11 02:31:00,26800.0,500.0,428200.0
1286,2021-10-11 02:30:58,26900.0,100.0,427700.0
1287,2021-10-11 02:30:50,26900.0,100.0,427600.0
1288,2021-10-11 02:30:49,26900.0,100.0,427500.0
1289,2021-10-11 02:30:49,26900.0,600.0,427400.0
1290,2021-10-11 02:30:47,26950.0,500.0,426800.0
1291,2021-10-11 02:30:37,26900.0,500.0,426300.0
1292,2021-10-11 02:30:37,26900.0,500.0,425800.0
1293,2021-10-11 02:30:31,26950.0,1500.0,425300.0
1294,2021-10-11 02:30:29,26950.0,100.0,423800.0
1295,2021-10-11 02:30:16,26950.0,200.0,423700.0
1296,2021-10-11 02:30:12,26950.0,100.0,423500.0
1297,2021-10-11 02:30:12,26950.0,200.0,423400.0
1298,2021-10-11 02:30:12,26950.0,500.0,423200.0
1299,2021-10-11 02:30:12,26950.0,500.0,422700.0
1300,2021-10-11 02:30:08,26950.0,400.0,422200.0
1301,2021-10-11 02:30:01,26950.0,500.0,421800.0
1302,2021-10-11 02:29:51,26950.0,500.0,421300.0
1303,2021-10-11 02:29:39,26950.0,200.0,420800.0
1304,2021-10-11 02:29:37,27000.0,500.0,420600.0
1305,2021-10-11 02:29:30,26950.0,500.0,420100.0
1306,2021-10-11 02:29:10,27000.0,100.0,419600.0
1307,2021-10-11 02:29:03,26950.0,500.0,419500.0
1308,2021-10-11 02:28:51,27000.0,600.0,419000.0
1309,2021-10-11 02:28:51,27000.0,100.0,418400.0
1310,2021-10-11 02:28:48,27000.0,1000.0,418300.0
1311,2021-10-11 02:28:36,27000.0,1000.0,417300.0
1312,2021-10-11 02:28:35,27000.0,100.0,416300.0
1313,2021-10-11 02:28:34,27000.0,200.0,416200.0
1314,2021-10-11 02:28:34,27000.0,1200.0,416000.0
1315,2021-10-11 02:28:34,27000.0,500.0,414800.0
1316,2021-10-11 02:28:34,27000.0,100.0,414300.0
1317,2021-10-11 02:28:34,27000.0,100.0,414200.0
1318,2021-10-11 02:28:34,27000.0,100.0,414100.0
1319,2021-10-11 02:28:34,27000.0,300.0,414000.0
1320,2021-10-11 02:28:34,27000.0,1000.0,413700.0
1321,2021-10-11 02:28:34,27000.0,400.0,412700.0
1322,2021-10-11 02:28:34,27000.0,400.0,412300.0
1323,2021-10-11 02:28:34,27000.0,100.0,411900.0
1324,2021-10-11 02:28:34,27000.0,200.0,411800.0
1325,2021-10-11 02:28:34,27000.0,300.0,411600.0
1326,2021-10-11 02:28:34,27000.0,200.0,411300.0
1327,2021-10-11 02:28:34,27000.0,200.0,411100.0
1328,2021-10-11 02:28:34,27050.0,200.0,410900.0
1329,2021-10-11 02:28:34,27050.0,500.0,410700.0
1330,2021-10-11 02:28:30,27100.0,100.0,410200.0
1331,2021-10-11 02:28:30,27100.0,900.0,410100.0
1332,2021-10-11 02:28:26,27050.0,200.0,409200.0
1333,2021-10-11 02:28:10,27100.0,100.0,409000.0
1334,2021-10-11 02:28:06,27150.0,300.0,408900.0
1335,2021-10-11 02:28:00,27050.0,300.0,408600.0
1336,2021-10-11 02:28:00,27050.0,100.0,408300.0
1337,2021-10-11 02:27:57,27150.0,200.0,408200.0
1338,2021-10-11 02:27:55,27150.0,500.0,408000.0
1339,2021-10-11 02:27:46,27150.0,100.0,407500.0
1340,2021-10-11 02:27:46,27150.0,200.0,407400.0
1341,2021-10-11 02:27:46,27100.0,100.0,407200.0
1342,2021-10-11 02:27:38,27150.0,800.0,407100.0
1343,2021-10-11 02:27:38,27150.0,2400.0,406300.0
1344,2021-10-11 02:27:38,27100.0,800.0,403900.0
1345,2021-10-11 02:27:38,27100.0,200.0,403100.0
1346,2021-10-11 02:27:35,27150.0,100.0,402900.0
1347,2021-10-11 02:27:34,27150.0,500.0,402800.0
1348,2021-10-11 02:27:34,27150.0,1000.0,402300.0
1349,2021-10-11 02:27:33,27100.0,2200.0,401300.0
1350,2021-10-11 02:27:33,27100.0,2000.0,399100.0
1351,2021-10-11 02:27:33,27100.0,500.0,397100.0
1352,2021-10-11 02:27:33,27100.0,1200.0,396600.0
1353,2021-10-11 02:27:33,27100.0,100.0,395400.0
1354,2021-10-11 02:27:33,27100.0,1000.0,395300.0
1355,2021-10-11 02:27:33,27100.0,400.0,394300.0
1356,2021-10-11 02:27:33,27100.0,1800.0,393900.0
1357,2021-10-11 02:27:33,27100.0,800.0,392100.0
1358,2021-10-11 02:27:25,27150.0,500.0,391300.0
1359,2021-10-11 02:27:25,27150.0,300.0,390800.0
1360,2021-10-11 02:27:25,27150.0,200.0,390500.0
1361,2021-10-11 02:27:13,27150.0,1000.0,390300.0
1362,2021-10-11 02:27:02,27150.0,800.0,389300.0
1363,2021-10-11 02:27:00,27200.0,400.0,388500.0
1364,2021-10-11 02:27:00,27150.0,100.0,388100.0
1365,2021-10-11 02:26:54,27150.0,100.0,388000.0
1366,2021-10-11 02:26:54,27150.0,400.0,387900.0
1367,2021-10-11 02:26:49,27150.0,100.0,387500.0
1368,2021-10-11 02:26:35,27200.0,300.0,387400.0
1369,2021-10-11 02:26:22,27200.0,200.0,387100.0
1370,2021-10-11 02:26:18,27200.0,200.0,386900.0
1371,2021-10-11 02:26:17,27150.0,100.0,386700.0
1372,2021-10-11 02:26:11,27200.0,2000.0,386600.0
1373,2021-10-11 02:26:10,27200.0,200.0,384600.0
1374,2021-10-11 02:26:08,27200.0,500.0,384400.0
1375,2021-10-11 02:26:07,27200.0,500.0,383900.0
1376,2021-10-11 02:26:05,27150.0,100.0,383400.0
1377,2021-10-11 02:25:53,27200.0,500.0,383300.0
1378,2021-10-11 02:25:49,27200.0,2000.0,382800.0
1379,2021-10-11 02:25:49,27200.0,100.0,380800.0
1380,2021-10-11 02:25:49,27200.0,100.0,380700.0
1381,2021-10-11 02:25:49,27200.0,300.0,380600.0
1382,2021-10-11 02:25:49,27200.0,1000.0,380300.0
1383,2021-10-11 02:25:49,27200.0,200.0,379300.0
1384,2021-10-11 02:25:49,27200.0,200.0,379100.0
1385,2021-10-11 02:25:49,27200.0,1000.0,378900.0
1386,2021-10-11 02:25:49,27200.0,1000.0,377900.0
1387,2021-10-11 02:25:49,27200.0,200.0,376900.0
1388,2021-10-11 02:25:49,27200.0,500.0,376700.0
1389,2021-10-11 02:25:49,27200.0,1000.0,376200.0
1390,2021-10-11 02:25:49,27200.0,5000.0,375200.0
1391,2021-10-11 02:25:49,27200.0,2600.0,370200.0
1392,2021-10-11 02:25:47,27200.0,400.0,367600.0
1393,2021-10-11 02:25:47,27200.0,100.0,367200.0
1394,2021-10-11 02:25:47,27200.0,500.0,367100.0
1395,2021-10-11 02:25:44,27250.0,100.0,366600.0
1396,2021-10-11 02:25:33,27250.0,400.0,366500.0
1397,2021-10-11 02:25:31,27250.0,1000.0,366100.0
1398,2021-10-11 02:25:29,27200.0,200.0,365100.0
1399,2021-10-11 02:25:28,27250.0,100.0,364900.0
1400,2021-10-11 02:25:27,27250.0,200.0,364800.0
1401,2021-10-11 02:25:24,27250.0,2100.0,364600.0
1402,2021-10-11 02:25:18,27250.0,1000.0,362500.0
1403,2021-10-11 02:25:15,27300.0,100.0,361500.0
1404,2021-10-11 02:25:14,27300.0,500.0,361400.0
1405,2021-10-11 02:25:09,27300.0,200.0,360900.0
1406,2021-10-11 02:24:55,27300.0,200.0,360700.0
1407,2021-10-11 02:24:41,27200.0,1600.0,360500.0
1408,2021-10-11 02:24:41,27250.0,100.0,358900.0
1409,2021-10-11 02:24:41,27250.0,300.0,358800.0
1410,2021-10-11 02:24:40,27250.0,100.0,358500.0
1411,2021-10-11 02:24:35,27300.0,2000.0,358400.0
1412,2021-10-11 02:24:31,27300.0,200.0,356400.0
1413,2021-10-11 02:24:31,27300.0,700.0,356200.0
1414,2021-10-11 02:24:31,27300.0,300.0,355500.0
1415,2021-10-11 02:24:31,27300.0,1000.0,355200.0
1416,2021-10-11 02:24:31,27300.0,5000.0,354200.0
1417,2021-10-11 02:24:31,27300.0,100.0,349200.0
1418,2021-10-11 02:24:31,27300.0,2700.0,349100.0
1419,2021-10-11 02:24:16,27250.0,100.0,346400.0
1420,2021-10-11 02:24:09,27200.0,100.0,346300.0
1421,2021-10-11 02:24:04,27300.0,400.0,346200.0
1422,2021-10-11 02:24:01,27200.0,100.0,345800.0
1423,2021-10-11 02:23:55,27200.0,100.0,345700.0
1424,2021-10-11 02:23:53,27200.0,1400.0,345600.0
1425,2021-10-11 02:23:53,27250.0,600.0,344200.0
1426,2021-10-11 02:23:30,27200.0,700.0,343600.0
1427,2021-10-11 02:23:29,27300.0,1400.0,342900.0
1428,2021-10-11 02:23:14,27300.0,100.0,341500.0
1429,2021-10-11 02:23:14,27300.0,200.0,341400.0
1430,2021-10-11 02:23:13,27200.0,1000.0,341200.0
1431,2021-10-11 02:23:12,27200.0,1600.0,340200.0
1432,2021-10-11 02:23:11,27200.0,200.0,338600.0
1433,2021-10-11 02:23:09,27200.0,500.0,338400.0
1434,2021-10-11 02:23:04,27200.0,200.0,337900.0
1435,2021-10-11 02:22:46,27200.0,1800.0,337700.0
1436,2021-10-11 02:22:44,27200.0,100.0,335900.0
1437,2021-10-11 02:22:44,27200.0,100.0,335800.0
1438,2021-10-11 02:22:43,27200.0,500.0,335700.0
1439,2021-10-11 02:22:43,27200.0,300.0,335200.0
1440,2021-10-11 02:22:43,27200.0,500.0,334900.0
1441,2021-10-11 02:22:43,27200.0,7400.0,334400.0
1442,2021-10-11 02:22:41,27100.0,200.0,327000.0
1443,2021-10-11 02:22:35,27200.0,100.0,326800.0
1444,2021-10-11 02:22:31,27100.0,100.0,326700.0
1445,2021-10-11 02:22:30,27100.0,1000.0,326600.0
1446,2021-10-11 02:22:30,27100.0,200.0,325600.0
1447,2021-10-11 02:22:30,27100.0,2500.0,325400.0
1448,2021-10-11 02:22:30,27050.0,500.0,322900.0
1449,2021-10-11 02:22:30,27050.0,1100.0,322400.0
1450,2021-10-11 02:22:30,27000.0,1500.0,321300.0
1451,2021-10-11 02:22:29,27000.0,500.0,319800.0
1452,2021-10-11 02:22:28,27000.0,900.0,319300.0
1453,2021-10-11 02:22:28,27000.0,1000.0,318400.0
1454,2021-10-11 02:22:28,27000.0,19000.0,317400.0
1455,2021-10-11 02:22:28,27000.0,500.0,298400.0
1456,2021-10-11 02:22:28,27000.0,300.0,297900.0
1457,2021-10-11 02:22:28,27000.0,100.0,297600.0
1458,2021-10-11 02:22:28,27000.0,500.0,297500.0
1459,2021-10-11 02:22:28,27000.0,1000.0,297000.0
1460,2021-10-11 02:22:28,27000.0,100.0,296000.0
1461,2021-10-11 02:22:28,27000.0,6600.0,295900.0
1462,2021-10-11 02:22:27,27050.0,300.0,289300.0
1463,2021-10-11 02:22:25,27050.0,200.0,289000.0
1464,2021-10-11 02:22:23,27050.0,100.0,288800.0
1465,2021-10-11 02:22:23,27050.0,200.0,288700.0
1466,2021-10-11 02:22:23,27050.0,100.0,288500.0
1467,2021-10-11 02:22:23,27050.0,8000.0,288400.0
1468,2021-10-11 02:22:15,27050.0,2000.0,280400.0
1469,2021-10-11 02:22:05,27100.0,2000.0,278400.0
1470,2021-10-11 02:21:58,27100.0,100.0,276400.0
1471,2021-10-11 02:21:58,27100.0,400.0,276300.0
1472,2021-10-11 02:21:50,27100.0,600.0,275900.0
1473,2021-10-11 02:21:50,27100.0,200.0,275300.0
1474,2021-10-11 02:21:50,27100.0,100.0,275100.0
1475,2021-10-11 02:21:50,27100.0,1000.0,275000.0
1476,2021-10-11 02:21:50,27100.0,1900.0,274000.0
1477,2021-10-11 02:21:43,27200.0,800.0,272100.0
1478,2021-10-11 02:21:40,27200.0,2500.0,271300.0
1479,2021-10-11 02:21:37,27200.0,600.0,268800.0
1480,2021-10-11 02:21:36,27200.0,500.0,268200.0
1481,2021-10-11 02:21:36,27200.0,1400.0,267700.0
1482,2021-10-11 02:21:33,27200.0,3000.0,266300.0
1483,2021-10-11 02:21:30,27100.0,4100.0,263300.0
1484,2021-10-11 02:21:30,27100.0,900.0,259200.0
1485,2021-10-11 02:21:25,27200.0,200.0,258300.0
1486,2021-10-11 02:21:20,27200.0,300.0,258100.0
1487,2021-10-11 02:21:16,27200.0,1000.0,257800.0
1488,2021-10-11 02:21:13,27200.0,2000.0,256800.0
1489,2021-10-11 02:21:13,27200.0,1000.0,254800.0
1490,2021-10-11 02:21:13,27200.0,4200.0,253800.0
1491,2021-10-11 02:21:11,27300.0,200.0,249600.0
1492,2021-10-11 02:21:04,27200.0,800.0,249400.0
1493,2021-10-11 02:21:03,27200.0,200.0,248600.0
1494,2021-10-11 02:20:59,27200.0,200.0,248400.0
1495,2021-10-11 02:20:57,27200.0,200.0,248200.0
1496,2021-10-11 02:20:57,27200.0,400.0,248000.0
1497,2021-10-11 02:20:51,27200.0,200.0,247600.0
1498,2021-10-11 02:20:50,27200.0,100.0,247400.0
1499,2021-10-11 02:20:50,27200.0,15000.0,247300.0
1500,2021-10-11 02:20:44,27200.0,100.0,232300.0
1501,2021-10-11 02:20:44,27200.0,100.0,232200.0
1502,2021-10-11 02:20:44,27200.0,1000.0,232100.0
1503,2021-10-11 02:20:44,27200.0,1900.0,231100.0
1504,2021-10-11 02:20:44,27200.0,1200.0,229200.0
1505,2021-10-11 02:20:43,27500.0,500.0,228000.0
1506,2021-10-11 02:20:43,27500.0,800.0,227500.0
1507,2021-10-11 02:20:43,27500.0,300.0,226700.0
1508,2021-10-11 02:20:43,27500.0,500.0,226400.0
1509,2021-10-11 02:20:43,27500.0,200.0,225900.0
1510,2021-10-11 02:20:43,27500.0,700.0,225700.0
1511,2021-10-11 02:20:43,27500.0,1700.0,225000.0
1512,2021-10-11 02:20:43,27400.0,200.0,223300.0
1513,2021-10-11 02:20:43,27250.0,100.0,223100.0
1514,2021-10-11 02:20:39,27200.0,800.0,223000.0
1515,2021-10-11 02:20:39,27200.0,400.0,222200.0
1516,2021-10-11 02:20:39,27200.0,500.0,221800.0
1517,2021-10-11 02:20:34,27300.0,500.0,221300.0
1518,2021-10-11 02:20:34,27300.0,700.0,220800.0
1519,2021-10-11 02:20:27,27500.0,500.0,220100.0
1520,2021-10-11 02:20:27,27400.0,500.0,219600.0
1521,2021-10-11 02:20:27,27400.0,500.0,219100.0
1522,2021-10-11 02:20:27,27200.0,300.0,218600.0
1523,2021-10-11 02:20:26,27200.0,3000.0,218300.0
1524,2021-10-11 02:20:25,27200.0,500.0,215300.0
1525,2021-10-11 02:20:25,27200.0,200.0,214800.0
1526,2021-10-11 02:20:25,27200.0,200.0,214600.0
1527,2021-10-11 02:20:25,27200.0,600.0,214400.0
1528,2021-10-11 02:20:25,27200.0,1000.0,213800.0
1529,2021-10-11 02:20:25,27200.0,1000.0,212800.0
1530,2021-10-11 02:20:25,27200.0,1000.0,211800.0
1531,2021-10-11 02:20:25,27200.0,2200.0,210800.0
1532,2021-10-11 02:20:22,27200.0,500.0,208600.0
1533,2021-10-11 02:20:22,27500.0,7800.0,208100.0
1534,2021-10-11 02:20:22,27500.0,1800.0,200300.0
1535,2021-10-11 02:20:22,27500.0,500.0,198500.0
1536,2021-10-11 02:20:22,27500.0,100.0,198000.0
1537,2021-10-11 02:20:22,27500.0,100.0,197900.0
1538,2021-10-11 02:20:22,27400.0,100.0,197800.0
1539,2021-10-11 02:20:22,27400.0,200.0,197700.0
1540,2021-10-11 02:20:22,27300.0,5000.0,197500.0
1541,2021-10-11 02:20:22,27300.0,1400.0,192500.0
1542,2021-10-11 02:20:16,27200.0,100.0,191100.0
1543,2021-10-11 02:20:16,27300.0,3400.0,191000.0
1544,2021-10-11 02:20:16,27300.0,100.0,187600.0
1545,2021-10-11 02:20:16,27300.0,200.0,187500.0
1546,2021-10-11 02:20:16,27300.0,100.0,187300.0
1547,2021-10-11 02:20:16,27300.0,1100.0,187200.0
1548,2021-10-11 02:20:16,27250.0,100.0,186100.0
1549,2021-10-11 02:20:15,27200.0,100.0,186000.0
1550,2021-10-11 02:20:12,27200.0,2100.0,185900.0
1551,2021-10-11 02:20:08,27200.0,300.0,183800.0
1552,2021-10-11 02:20:07,27100.0,300.0,183500.0
1553,2021-10-11 02:20:05,27100.0,100.0,183200.0
1554,2021-10-11 02:20:03,27100.0,100.0,183100.0
1555,2021-10-11 02:20:03,27200.0,1600.0,183000.0
1556,2021-10-11 02:20:03,27200.0,300.0,181400.0
1557,2021-10-11 02:19:57,27200.0,300.0,181100.0
1558,2021-10-11 02:19:57,27200.0,200.0,180800.0
1559,2021-10-11 02:19:56,27200.0,200.0,180600.0
1560,2021-10-11 02:19:53,27200.0,300.0,180400.0
1561,2021-10-11 02:19:53,27200.0,100.0,180100.0
1562,2021-10-11 02:19:53,27200.0,100.0,180000.0
1563,2021-10-11 02:19:53,27200.0,300.0,179900.0
1564,2021-10-11 02:19:49,27100.0,100.0,179600.0
1565,2021-10-11 02:19:46,27100.0,1000.0,179500.0
1566,2021-10-11 02:19:45,27050.0,200.0,178500.0
1567,2021-10-11 02:19:45,27100.0,100.0,178300.0
1568,2021-10-11 02:19:45,27100.0,200.0,178200.0
1569,2021-10-11 02:19:45,27100.0,100.0,178000.0
1570,2021-10-11 02:19:45,27100.0,100.0,177900.0
1571,2021-10-11 02:19:39,27050.0,800.0,177800.0
1572,2021-10-11 02:19:32,27000.0,100.0,177000.0
1573,2021-10-11 02:19:30,27050.0,100.0,176900.0
1574,2021-10-11 02:19:30,27050.0,100.0,176800.0
1575,2021-10-11 02:19:26,27000.0,800.0,176700.0
1576,2021-10-11 02:19:25,27000.0,300.0,175900.0
1577,2021-10-11 02:19:22,27000.0,200.0,175600.0
1578,2021-10-11 02:19:20,27000.0,1000.0,175400.0
1579,2021-10-11 02:19:20,27000.0,100.0,174400.0
1580,2021-10-11 02:19:20,27000.0,100.0,174300.0
1581,2021-10-11 02:19:20,27000.0,100.0,174200.0
1582,2021-10-11 02:19:20,27000.0,300.0,174100.0
1583,2021-10-11 02:19:20,27000.0,100.0,173800.0
1584,2021-10-11 02:19:20,27000.0,1000.0,173700.0
1585,2021-10-11 02:19:20,27000.0,800.0,172700.0
1586,2021-10-11 02:19:20,27000.0,500.0,171900.0
1587,2021-10-11 02:19:20,27000.0,100.0,171400.0
1588,2021-10-11 02:19:20,27000.0,100.0,171300.0
1589,2021-10-11 02:19:20,27000.0,1000.0,171200.0
1590,2021-10-11 02:19:20,27000.0,500.0,170200.0
1591,2021-10-11 02:19:20,27000.0,1000.0,169700.0
1592,2021-10-11 02:19:20,27000.0,200.0,168700.0
1593,2021-10-11 02:19:20,27000.0,800.0,168500.0
1594,2021-10-11 02:19:20,27000.0,1000.0,167700.0
1595,2021-10-11 02:19:20,27000.0,1000.0,166700.0
1596,2021-10-11 02:19:20,27000.0,400.0,165700.0
1597,2021-10-11 02:19:20,27000.0,300.0,165300.0
1598,2021-10-11 02:19:20,27000.0,1000.0,165000.0
1599,2021-10-11 02:19:20,27000.0,200.0,164000.0
1600,2021-10-11 02:19:20,27000.0,100.0,163800.0
1601,2021-10-11 02:19:20,27000.0,100.0,163700.0
1602,2021-10-11 02:19:20,27000.0,100.0,163600.0
1603,2021-10-11 02:19:20,27000.0,3000.0,163500.0
1604,2021-10-11 02:19:20,27000.0,500.0,160500.0
1605,2021-10-11 02:19:20,27000.0,2700.0,160000.0
1606,2021-10-11 02:19:20,27000.0,100.0,157300.0
1607,2021-10-11 02:19:20,27000.0,100.0,157200.0
1608,2021-10-11 02:19:20,27000.0,19900.0,157100.0
1609,2021-10-11 02:19:20,27000.0,100.0,137200.0
1610,2021-10-11 02:19:20,27000.0,1000.0,137100.0
1611,2021-10-11 02:19:20,27000.0,100.0,136100.0
1612,2021-10-11 02:19:20,27000.0,3000.0,136000.0
1613,2021-10-11 02:19:20,27000.0,500.0,133000.0
1614,2021-10-11 02:19:20,27000.0,300.0,132500.0
1615,2021-10-11 02:19:20,27000.0,200.0,132200.0
1616,2021-10-11 02:19:20,27000.0,200.0,132000.0
1617,2021-10-11 02:19:20,27000.0,1600.0,131800.0
1618,2021-10-11 02:19:20,27000.0,300.0,130200.0
1619,2021-10-11 02:19:20,27000.0,500.0,129900.0
1620,2021-10-11 02:19:20,27000.0,200.0,129400.0
1621,2021-10-11 02:19:20,27000.0,5000.0,129200.0
1622,2021-10-11 02:19:20,27000.0,100.0,124200.0
1623,2021-10-11 02:19:20,27000.0,100.0,124100.0
1624,2021-10-11 02:19:20,27000.0,700.0,124000.0
1625,2021-10-11 02:19:20,27000.0,400.0,123300.0
1626,2021-10-11 02:19:20,27000.0,200.0,122900.0
1627,2021-10-11 02:19:20,27000.0,700.0,122700.0
1628,2021-10-11 02:19:20,27000.0,200.0,122000.0
1629,2021-10-11 02:19:20,27000.0,1000.0,121800.0
1630,2021-10-11 02:19:20,27000.0,200.0,120800.0
1631,2021-10-11 02:19:20,26950.0,100.0,120600.0
1632,2021-10-11 02:19:20,26900.0,100.0,120500.0
1633,2021-10-11 02:19:20,26900.0,100.0,120400.0
1634,2021-10-11 02:19:20,26900.0,5000.0,120300.0
1635,2021-10-11 02:19:20,26900.0,1900.0,115300.0
1636,2021-10-11 02:19:06,26800.0,2000.0,113400.0
1637,2021-10-11 02:18:57,26900.0,100.0,111400.0
1638,2021-10-11 02:18:55,26900.0,500.0,111300.0
1639,2021-10-11 02:18:54,26800.0,100.0,110800.0
1640,2021-10-11 02:18:52,26900.0,100.0,110700.0
1641,2021-10-11 02:18:52,26900.0,300.0,110600.0
1642,2021-10-11 02:18:52,26900.0,200.0,110300.0
1643,2021-10-11 02:18:52,26900.0,100.0,110100.0
1644,2021-10-11 02:18:52,26900.0,200.0,110000.0
1645,2021-10-11 02:18:52,26900.0,2100.0,109800.0
1646,2021-10-11 02:18:48,26900.0,300.0,107700.0
1647,2021-10-11 02:18:47,26800.0,700.0,107400.0
1648,2021-10-11 02:18:47,26800.0,8300.0,106700.0
1649,2021-10-11 02:18:29,26800.0,300.0,98400.0
1650,2021-10-11 02:18:29,26800.0,300.0,98100.0
1651,2021-10-11 02:18:22,26700.0,400.0,97800.0
1652,2021-10-11 02:18:15,26700.0,600.0,97400.0
1653,2021-10-11 02:18:15,26700.0,300.0,96800.0
1654,2021-10-11 02:18:15,26700.0,500.0,96500.0
1655,2021-10-11 02:18:15,26700.0,100.0,96000.0
1656,2021-10-11 02:18:15,26700.0,200.0,95900.0
1657,2021-10-11 02:18:15,26700.0,100.0,95700.0
1658,2021-10-11 02:18:15,26700.0,1100.0,95600.0
1659,2021-10-11 02:18:13,26700.0,500.0,94500.0
1660,2021-10-11 02:18:12,26700.0,100.0,94000.0
1661,2021-10-11 02:18:11,26600.0,400.0,93900.0
1662,2021-10-11 02:18:11,26600.0,100.0,93500.0
1663,2021-10-11 02:18:11,26700.0,400.0,93400.0
1664,2021-10-11 02:18:04,26700.0,3500.0,93000.0
1665,2021-10-11 02:18:04,26700.0,100.0,89500.0
1666,2021-10-11 02:18:04,26700.0,4700.0,89400.0
1667,2021-10-11 02:18:04,26700.0,100.0,84700.0
1668,2021-10-11 02:18:04,26700.0,600.0,84600.0
1669,2021-10-11 02:18:04,26600.0,1000.0,84000.0
1670,2021-10-11 02:18:02,26600.0,200.0,83000.0
1671,2021-10-11 02:17:57,26600.0,300.0,82800.0
1672,2021-10-11 02:17:57,26600.0,200.0,82500.0
1673,2021-10-11 02:17:54,26600.0,100.0,82300.0
1674,2021-10-11 02:17:50,26600.0,500.0,82200.0
1675,2021-10-11 02:17:50,26600.0,200.0,81700.0
1676,2021-10-11 02:17:36,26700.0,100.0,81500.0
1677,2021-10-11 02:17:35,26700.0,100.0,81400.0
1678,2021-10-11 02:17:34,26700.0,100.0,81300.0
1679,2021-10-11 02:17:28,26700.0,1000.0,81200.0
1680,2021-10-11 02:17:18,26700.0,900.0,80200.0
1681,2021-10-11 02:17:18,26600.0,100.0,79300.0
1682,2021-10-11 02:17:17,26500.0,200.0,79200.0
1683,2021-10-11 02:17:10,26500.0,300.0,79000.0
1684,2021-10-11 02:17:09,26550.0,200.0,78700.0
1685,2021-10-11 02:16:56,26500.0,200.0,78500.0
1686,2021-10-11 02:16:56,26500.0,200.0,78300.0
1687,2021-10-11 02:16:54,26500.0,4700.0,78100.0
1688,2021-10-11 02:16:49,26500.0,3900.0,73400.0
1689,2021-10-11 02:16:49,26500.0,100.0,69500.0
1690,2021-10-11 02:16:49,26500.0,100.0,69400.0
1691,2021-10-11 02:16:49,26500.0,100.0,69300.0
1692,2021-10-11 02:16:49,26500.0,2000.0,69200.0
1693,2021-10-11 02:16:49,26500.0,200.0,67200.0
1694,2021-10-11 02:16:49,26500.0,100.0,67000.0
1695,2021-10-11 02:16:49,26500.0,800.0,66900.0
1696,2021-10-11 02:16:49,26500.0,2000.0,66100.0
1697,2021-10-11 02:16:49,26500.0,200.0,64100.0
1698,2021-10-11 02:16:49,26500.0,200.0,63900.0
1699,2021-10-11 02:16:49,26500.0,200.0,63700.0
1700,2021-10-11 02:16:49,26500.0,1000.0,63500.0
1701,2021-10-11 02:16:49,26550.0,300.0,62500.0
1702,2021-10-11 02:16:49,26550.0,1000.0,62200.0
1703,2021-10-11 02:16:49,26550.0,200.0,61200.0
1704,2021-10-11 02:16:49,26550.0,2000.0,61000.0
1705,2021-10-11 02:16:49,26550.0,200.0,59000.0
1706,2021-10-11 02:16:49,26550.0,100.0,58800.0
1707,2021-10-11 02:16:49,26550.0,200.0,58700.0
1708,2021-10-11 02:16:20,26550.0,100.0,58500.0
1709,2021-10-11 02:16:01,26550.0,700.0,58400.0
1710,2021-10-11 02:16:01,26550.0,300.0,57700.0
1711,2021-10-11 02:15:03,26500.0,200.0,57400.0
1712,2021-10-11 02:15:03,26700.0,1000.0,57200.0
1713,2021-10-11 02:15:03,26700.0,200.0,56200.0
1714,2021-10-11 02:15:01,26700.0,200.0,56000.0
1715,2021-10-11 02:15:00,26750.0,100.0,55800.0
1716,2021-10-11 02:15:00,26750.0,500.0,55700.0
1717,2021-10-11 02:15:00,26700.0,100.0,55200.0
1718,2021-10-11 02:15:00,26700.0,800.0,55100.0
1719,2021-10-11 02:15:00,26700.0,400.0,54300.0
1720,2021-10-11 02:15:00,26700.0,200.0,53900.0
1721,2021-10-11 02:15:00,26700.0,100.0,53700.0
1722,2021-10-11 02:15:00,26700.0,100.0,53600.0
1723,2021-10-11 02:15:00,26700.0,200.0,53500.0
1724,2021-10-11 02:15:00,26700.0,100.0,53300.0
1725,2021-10-11 02:15:00,26700.0,100.0,53200.0
1726,2021-10-11 02:15:00,26700.0,400.0,53100.0
1727,2021-10-11 02:15:00,26700.0,700.0,52700.0
1728,2021-10-11 02:15:00,26700.0,500.0,52000.0
1729,2021-10-11 02:15:00,26700.0,100.0,51500.0
1730,2021-10-11 02:15:00,26700.0,200.0,51400.0
1731,2021-10-11 02:15:00,26700.0,500.0,51200.0
1732,2021-10-11 02:15:00,26700.0,2600.0,50700.0
1733,2021-10-11 02:15:00,26700.0,100.0,48100.0
1734,2021-10-11 02:15:00,26700.0,200.0,48000.0
1735,2021-10-11 02:15:00,26700.0,2100.0,47800.0
1736,2021-10-11 02:15:00,26700.0,900.0,45700.0
1737,2021-10-11 02:15:00,26700.0,1000.0,44800.0
1738,2021-10-11 02:15:00,26700.0,100.0,43800.0
1739,2021-10-11 02:15:00,26700.0,900.0,43700.0
1740,2021-10-11 02:15:00,26700.0,200.0,42800.0
1741,2021-10-11 02:15:00,26700.0,500.0,42600.0
1742,2021-10-11 02:15:00,26700.0,500.0,42100.0
1743,2021-10-11 02:15:00,26700.0,5000.0,41600.0
1744,2021-10-11 02:15:00,26700.0,800.0,36600.0
1745,2021-10-11 02:15:00,26700.0,100.0,35800.0
1746,2021-10-11 02:15:00,26700.0,500.0,35700.0
1747,2021-10-11 02:15:00,26700.0,200.0,35200.0
1748,2021-10-11 02:15:00,26700.0,100.0,35000.0
1749,2021-10-11 02:15:00,26700.0,1200.0,34900.0
1750,2021-10-11 02:15:00,26700.0,500.0,33700.0
1751,2021-10-11 02:15:00,26700.0,3000.0,33200.0
1752,2021-10-11 02:15:00,26700.0,300.0,30200.0
1753,2021-10-11 02:15:00,26700.0,1200.0,29900.0
1754,2021-10-11 02:15:00,26700.0,100.0,28700.0
1755,2021-10-11 02:15:00,26700.0,100.0,28600.0
1756,2021-10-11 02:15:00,26700.0,1000.0,28500.0
1757,2021-10-11 02:15:00,26700.0,1000.0,27500.0
1758,2021-10-11 02:15:00,26700.0,1600.0,26500.0
1759,2021-10-11 02:15:00,26700.0,5000.0,24900.0
1760,2021-10-11 02:15:00,26700.0,100.0,19900.0
1761,2021-10-11 02:15:00,26700.0,200.0,19800.0
1762,2021-10-11 02:15:00,26700.0,100.0,19600.0
1763,2021-10-11 02:15:00,26700.0,100.0,19500.0
1764,2021-10-11 02:15:00,26700.0,100.0,19400.0
1765,2021-10-11 02:15:00,26700.0,300.0,19300.0
1766,2021-10-11 02:15:00,26700.0,200.0,19000.0
1767,2021-10-11 02:15:00,26700.0,200.0,18800.0
1768,2021-10-11 02:15:00,26700.0,200.0,18600.0
1769,2021-10-11 02:15:00,26700.0,100.0,18400.0
1770,2021-10-11 02:15:00,26700.0,1200.0,18300.0
1771,2021-10-11 02:15:00,26700.0,1000.0,17100.0
1772,2021-10-11 02:15:00,26700.0,2000.0,16100.0
1773,2021-10-11 02:15:00,26700.0,300.0,14100.0
1774,2021-10-11 02:15:00,26700.0,200.0,13800.0
1775,2021-10-11 02:15:00,26700.0,100.0,13600.0
1776,2021-10-11 02:15:00,26700.0,700.0,13500.0
1777,2021-10-11 02:15:00,26700.0,300.0,12800.0
1778,2021-10-11 02:15:00,26700.0,500.0,12500.0
1779,2021-10-11 02:15:00,26700.0,200.0,12000.0
1780,2021-10-11 02:15:00,26700.0,100.0,11800.0
1781,2021-10-11 02:15:00,26700.0,900.0,11700.0
1782,2021-10-11 02:15:00,26700.0,100.0,10800.0
1783,2021-10-11 02:15:00,26700.0,100.0,10700.0
1784,2021-10-11 02:15:00,26700.0,100.0,10600.0
1785,2021-10-11 02:15:00,26700.0,100.0,10500.0
1786,2021-10-11 02:15:00,26700.0,100.0,10400.0
1787,2021-10-11 02:15:00,26700.0,100.0,10300.0
1788,2021-10-11 02:15:00,26700.0,100.0,10200.0
1789,2021-10-11 02:15:00,26700.0,100.0,10100.0
1790,2021-10-11 02:15:00,26700.0,300.0,10000.0
1791,2021-10-11 02:15:00,26700.0,100.0,9700.0
1792,2021-10-11 02:15:00,26700.0,100.0,9600.0
1793,2021-10-11 02:15:00,26700.0,500.0,9500.0
1794,2021-10-11 02:15:00,26700.0,100.0,9000.0
1795,2021-10-11 02:15:00,26700.0,1000.0,8900.0
1796,2021-10-11 02:15:00,26700.0,200.0,7900.0
1797,2021-10-11 02:15:00,26700.0,200.0,7700.0
1798,2021-10-11 02:15:00,26700.0,100.0,7500.0
1799,2021-10-11 02:15:00,26700.0,100.0,7400.0
1800,2021-10-11 02:15:00,26700.0,100.0,7300.0
1801,2021-10-11 02:15:00,26700.0,600.0,7200.0
1802,2021-10-11 02:15:00,26700.0,1200.0,6600.0
1803,2021-10-11 02:15:00,26700.0,100.0,5400.0
1804,2021-10-11 02:15:00,26700.0,2000.0,5300.0
1805,2021-10-11 02:15:00,26700.0,100.0,3300.0
1806,2021-10-11 02:15:00,26700.0,200.0,3200.0
1807,2021-10-11 02:15:00,26700.0,100.0,3000.0
1808,2021-10-11 02:15:00,26700.0,100.0,2900.0
1809,2021-10-11 02:15:00,26700.0,500.0,2800.0
1810,2021-10-11 02:15:00,26700.0,100.0,2300.0
1811,2021-10-11 02:15:00,26700.0,800.0,2200.0
1812,2021-10-11 02:15:00,26700.0,200.0,1400.0
1813,2021-10-11 02:15:00,26700.0,800.0,1200.0
1814,2021-10-11 02:15:00,26700.0,200.0,400.0
1815,2021-10-11 02:15:00,26700.0,200.0,200.0
