,Time,Price,Volume_per_trade,Volume
0,2021-10-01 14:45:01,20450.0,1500.0,337300.0
1,2021-10-01 14:45:01,20450.0,1000.0,335800.0
2,2021-10-01 14:45:01,20450.0,1000.0,334800.0
3,2021-10-01 14:45:01,20450.0,1500.0,333800.0
4,2021-10-01 14:45:01,20450.0,1500.0,332300.0
5,2021-10-01 14:45:01,20450.0,500.0,330800.0
6,2021-10-01 14:45:01,20450.0,500.0,330300.0
7,2021-10-01 14:45:01,20450.0,200.0,329800.0
8,2021-10-01 14:45:01,20450.0,300.0,329600.0
9,2021-10-01 14:45:01,20450.0,100.0,329300.0
10,2021-10-01 14:45:01,20450.0,100.0,329200.0
11,2021-10-01 14:28:20,20300.0,400.0,329100.0
12,2021-10-01 14:27:55,20300.0,1000.0,328700.0
13,2021-10-01 14:25:18,20350.0,200.0,327700.0
14,2021-10-01 14:23:45,20350.0,200.0,327500.0
15,2021-10-01 14:23:18,20350.0,1000.0,327300.0
16,2021-10-01 14:22:56,20350.0,1000.0,326300.0
17,2021-10-01 14:22:56,20350.0,1600.0,325300.0
18,2021-10-01 14:22:01,20350.0,100.0,323700.0
19,2021-10-01 14:21:09,20350.0,200.0,323600.0
20,2021-10-01 14:21:08,20350.0,2000.0,323400.0
21,2021-10-01 14:21:08,20350.0,900.0,321400.0
22,2021-10-01 14:21:08,20350.0,200.0,320500.0
23,2021-10-01 14:21:08,20350.0,500.0,320300.0
24,2021-10-01 14:21:08,20350.0,1200.0,319800.0
25,2021-10-01 14:20:37,20350.0,500.0,318600.0
26,2021-10-01 14:18:09,20350.0,500.0,318100.0
27,2021-10-01 14:14:54,20350.0,300.0,317600.0
28,2021-10-01 14:14:54,20350.0,100.0,317300.0
29,2021-10-01 14:14:54,20350.0,100.0,317200.0
30,2021-10-01 14:14:03,20350.0,100.0,317100.0
31,2021-10-01 14:14:03,20400.0,300.0,317000.0
32,2021-10-01 14:13:54,20400.0,500.0,316700.0
33,2021-10-01 14:13:54,20400.0,200.0,316200.0
34,2021-10-01 14:12:17,20400.0,100.0,316000.0
35,2021-10-01 14:12:17,20400.0,200.0,315900.0
36,2021-10-01 14:11:31,20400.0,700.0,315700.0
37,2021-10-01 14:08:11,20400.0,100.0,315000.0
38,2021-10-01 14:07:50,20400.0,100.0,314900.0
39,2021-10-01 14:07:50,20400.0,1800.0,314800.0
40,2021-10-01 14:07:50,20400.0,2000.0,313000.0
41,2021-10-01 14:07:50,20400.0,200.0,311000.0
42,2021-10-01 14:07:50,20400.0,100.0,310800.0
43,2021-10-01 14:07:50,20400.0,1000.0,310700.0
44,2021-10-01 14:07:17,20450.0,900.0,309700.0
45,2021-10-01 14:07:17,20450.0,100.0,308800.0
46,2021-10-01 14:07:17,20450.0,100.0,308700.0
47,2021-10-01 14:07:17,20450.0,500.0,308600.0
48,2021-10-01 14:07:17,20450.0,500.0,308100.0
49,2021-10-01 14:07:17,20450.0,2800.0,307600.0
50,2021-10-01 14:07:17,20450.0,400.0,304800.0
51,2021-10-01 14:07:17,20450.0,2000.0,304400.0
52,2021-10-01 14:07:17,20450.0,100.0,302400.0
53,2021-10-01 14:07:17,20450.0,200.0,302300.0
54,2021-10-01 14:07:17,20450.0,200.0,302100.0
55,2021-10-01 14:06:33,20450.0,100.0,301900.0
56,2021-10-01 14:03:21,20450.0,1000.0,301800.0
57,2021-10-01 14:01:57,20450.0,500.0,300800.0
58,2021-10-01 14:01:01,20500.0,100.0,300300.0
59,2021-10-01 14:00:07,20500.0,200.0,300200.0
60,2021-10-01 13:58:08,20500.0,700.0,300000.0
61,2021-10-01 13:58:08,20500.0,300.0,299300.0
62,2021-10-01 13:57:54,20500.0,400.0,299000.0
63,2021-10-01 13:57:54,20500.0,100.0,298600.0
64,2021-10-01 13:57:54,20500.0,200.0,298500.0
65,2021-10-01 13:56:56,20500.0,200.0,298300.0
66,2021-10-01 13:56:04,20500.0,9600.0,298100.0
67,2021-10-01 13:56:04,20500.0,500.0,288500.0
68,2021-10-01 13:56:04,20500.0,500.0,288000.0
69,2021-10-01 13:56:04,20500.0,2400.0,287500.0
70,2021-10-01 13:55:31,20500.0,300.0,285100.0
71,2021-10-01 13:52:05,20500.0,100.0,284800.0
72,2021-10-01 13:48:30,20500.0,200.0,284700.0
73,2021-10-01 13:46:52,20450.0,2000.0,284500.0
74,2021-10-01 13:46:50,20550.0,400.0,282500.0
75,2021-10-01 13:46:50,20500.0,200.0,282100.0
76,2021-10-01 13:46:50,20500.0,300.0,281900.0
77,2021-10-01 13:46:47,20450.0,500.0,281600.0
78,2021-10-01 13:41:57,20450.0,200.0,281100.0
79,2021-10-01 13:40:58,20450.0,700.0,280900.0
80,2021-10-01 13:40:58,20450.0,300.0,280200.0
81,2021-10-01 13:40:58,20450.0,3000.0,279900.0
82,2021-10-01 13:40:44,20500.0,100.0,276900.0
83,2021-10-01 13:40:44,20500.0,400.0,276800.0
84,2021-10-01 13:40:09,20500.0,100.0,276400.0
85,2021-10-01 13:40:09,20500.0,900.0,276300.0
86,2021-10-01 13:39:02,20500.0,100.0,275400.0
87,2021-10-01 13:37:33,20500.0,100.0,275300.0
88,2021-10-01 13:37:33,20500.0,3900.0,275200.0
89,2021-10-01 13:36:32,20500.0,100.0,271300.0
90,2021-10-01 13:36:20,20500.0,400.0,271200.0
91,2021-10-01 13:36:20,20500.0,500.0,270800.0
92,2021-10-01 13:36:20,20500.0,500.0,270300.0
93,2021-10-01 13:36:20,20500.0,1000.0,269800.0
94,2021-10-01 13:36:20,20500.0,100.0,268800.0
95,2021-10-01 13:36:20,20500.0,100.0,268700.0
96,2021-10-01 13:36:20,20500.0,400.0,268600.0
97,2021-10-01 13:36:20,20500.0,100.0,268200.0
98,2021-10-01 13:36:20,20500.0,100.0,268100.0
99,2021-10-01 13:36:20,20500.0,800.0,268000.0
100,2021-10-01 13:33:41,20500.0,2000.0,267200.0
101,2021-10-01 13:32:18,20500.0,200.0,265200.0
102,2021-10-01 13:31:46,20500.0,100.0,265000.0
103,2021-10-01 13:29:46,20500.0,3000.0,264900.0
104,2021-10-01 13:27:57,20500.0,200.0,261900.0
105,2021-10-01 13:27:38,20500.0,500.0,261700.0
106,2021-10-01 13:26:47,20500.0,500.0,261200.0
107,2021-10-01 13:25:24,20500.0,100.0,260700.0
108,2021-10-01 13:24:51,20500.0,200.0,260600.0
109,2021-10-01 13:24:07,20500.0,2000.0,260400.0
110,2021-10-01 13:24:03,20500.0,200.0,258400.0
111,2021-10-01 13:24:03,20500.0,100.0,258200.0
112,2021-10-01 13:24:03,20500.0,100.0,258100.0
113,2021-10-01 13:23:11,20500.0,200.0,258000.0
114,2021-10-01 13:23:04,20500.0,1000.0,257800.0
115,2021-10-01 13:22:59,20500.0,200.0,256800.0
116,2021-10-01 13:22:59,20500.0,100.0,256600.0
117,2021-10-01 13:22:50,20500.0,100.0,256500.0
118,2021-10-01 13:22:18,20550.0,500.0,256400.0
119,2021-10-01 13:22:18,20550.0,1000.0,255900.0
120,2021-10-01 13:21:32,20600.0,100.0,254900.0
121,2021-10-01 13:21:20,20600.0,100.0,254800.0
122,2021-10-01 13:21:20,20600.0,100.0,254700.0
123,2021-10-01 13:20:16,20600.0,500.0,254600.0
124,2021-10-01 13:20:16,20600.0,100.0,254100.0
125,2021-10-01 13:20:16,20600.0,100.0,254000.0
126,2021-10-01 13:20:16,20600.0,2200.0,253900.0
127,2021-10-01 13:20:15,20650.0,200.0,251700.0
128,2021-10-01 13:20:05,20600.0,1000.0,251500.0
129,2021-10-01 13:20:00,20600.0,500.0,250500.0
130,2021-10-01 13:19:56,20600.0,500.0,250000.0
131,2021-10-01 13:19:39,20650.0,400.0,249500.0
132,2021-10-01 13:19:39,20650.0,100.0,249100.0
133,2021-10-01 13:19:39,20650.0,300.0,249000.0
134,2021-10-01 13:19:25,20600.0,100.0,248700.0
135,2021-10-01 13:19:11,20600.0,1200.0,248600.0
136,2021-10-01 13:19:11,20600.0,800.0,247400.0
137,2021-10-01 13:19:09,20600.0,200.0,246600.0
138,2021-10-01 13:18:41,20600.0,1000.0,246400.0
139,2021-10-01 13:17:55,20650.0,500.0,245400.0
140,2021-10-01 13:17:23,20650.0,500.0,244900.0
141,2021-10-01 13:17:07,20650.0,400.0,244400.0
142,2021-10-01 13:16:42,20650.0,100.0,244000.0
143,2021-10-01 13:16:39,20600.0,1000.0,243900.0
144,2021-10-01 13:16:34,20600.0,400.0,242900.0
145,2021-10-01 13:16:19,20600.0,100.0,242500.0
146,2021-10-01 13:15:13,20700.0,300.0,242400.0
147,2021-10-01 13:15:13,20650.0,300.0,242100.0
148,2021-10-01 13:15:11,20650.0,700.0,241800.0
149,2021-10-01 13:15:10,20650.0,300.0,241100.0
150,2021-10-01 13:14:59,20650.0,200.0,240800.0
151,2021-10-01 13:13:59,20700.0,300.0,240600.0
152,2021-10-01 13:13:18,20700.0,500.0,240300.0
153,2021-10-01 13:12:38,20700.0,500.0,239800.0
154,2021-10-01 13:12:36,20700.0,100.0,239300.0
155,2021-10-01 13:11:17,20700.0,200.0,239200.0
156,2021-10-01 13:11:17,20700.0,100.0,239000.0
157,2021-10-01 13:11:17,20700.0,200.0,238900.0
158,2021-10-01 13:10:58,20700.0,800.0,238700.0
159,2021-10-01 13:10:58,20700.0,100.0,237900.0
160,2021-10-01 13:10:58,20700.0,100.0,237800.0
161,2021-10-01 13:10:50,20600.0,1000.0,237700.0
162,2021-10-01 13:10:50,20600.0,700.0,236700.0
163,2021-10-01 13:10:41,20600.0,400.0,236000.0
164,2021-10-01 13:10:24,20600.0,100.0,235600.0
165,2021-10-01 13:10:08,20600.0,900.0,235500.0
166,2021-10-01 13:10:08,20600.0,100.0,234600.0
167,2021-10-01 13:09:50,20600.0,800.0,234500.0
168,2021-10-01 13:09:50,20600.0,500.0,233700.0
169,2021-10-01 13:09:50,20600.0,200.0,233200.0
170,2021-10-01 13:09:50,20600.0,500.0,233000.0
171,2021-10-01 13:09:41,20600.0,500.0,232500.0
172,2021-10-01 13:09:10,20600.0,100.0,232000.0
173,2021-10-01 13:09:10,20600.0,300.0,231900.0
174,2021-10-01 13:09:10,20600.0,200.0,231600.0
175,2021-10-01 13:09:10,20600.0,900.0,231400.0
176,2021-10-01 13:08:51,20600.0,500.0,230500.0
177,2021-10-01 13:08:33,20600.0,1000.0,230000.0
178,2021-10-01 13:08:23,20600.0,100.0,229000.0
179,2021-10-01 13:08:18,20600.0,2400.0,228900.0
180,2021-10-01 13:08:02,20600.0,3000.0,226500.0
181,2021-10-01 13:07:51,20600.0,1000.0,223500.0
182,2021-10-01 13:07:33,20450.0,1000.0,222500.0
183,2021-10-01 13:07:27,20600.0,100.0,221500.0
184,2021-10-01 13:07:14,20600.0,500.0,221400.0
185,2021-10-01 13:07:11,20600.0,500.0,220900.0
186,2021-10-01 13:05:48,20600.0,800.0,220400.0
187,2021-10-01 13:05:48,20600.0,1000.0,219600.0
188,2021-10-01 13:05:48,20600.0,1900.0,218600.0
189,2021-10-01 13:05:27,20600.0,100.0,216700.0
190,2021-10-01 13:05:21,20600.0,100.0,216600.0
191,2021-10-01 13:04:34,20600.0,100.0,216500.0
192,2021-10-01 13:04:34,20600.0,300.0,216400.0
193,2021-10-01 13:04:34,20600.0,3000.0,216100.0
194,2021-10-01 13:04:34,20600.0,600.0,213100.0
195,2021-10-01 13:04:34,20600.0,500.0,212500.0
196,2021-10-01 13:04:34,20600.0,1500.0,212000.0
197,2021-10-01 13:03:47,20600.0,500.0,210500.0
198,2021-10-01 13:03:47,20600.0,500.0,210000.0
199,2021-10-01 13:03:29,20600.0,300.0,209500.0
200,2021-10-01 13:03:29,20550.0,900.0,209200.0
201,2021-10-01 13:03:29,20500.0,100.0,208300.0
202,2021-10-01 13:03:29,20500.0,300.0,208200.0
203,2021-10-01 13:03:29,20500.0,200.0,207900.0
204,2021-10-01 13:03:29,20500.0,200.0,207700.0
205,2021-10-01 13:03:28,20500.0,200.0,207500.0
206,2021-10-01 13:03:28,20500.0,100.0,207300.0
207,2021-10-01 13:03:28,20450.0,700.0,207200.0
208,2021-10-01 13:02:43,20450.0,1300.0,206500.0
209,2021-10-01 13:02:43,20450.0,300.0,205200.0
210,2021-10-01 13:02:16,20300.0,2200.0,204900.0
211,2021-10-01 13:02:16,20300.0,500.0,202700.0
212,2021-10-01 13:02:16,20300.0,500.0,202200.0
213,2021-10-01 13:02:16,20300.0,100.0,201700.0
214,2021-10-01 13:02:16,20300.0,200.0,201600.0
215,2021-10-01 13:02:16,20300.0,700.0,201400.0
216,2021-10-01 13:02:16,20300.0,600.0,200700.0
217,2021-10-01 13:02:16,20400.0,3000.0,200100.0
218,2021-10-01 13:02:16,20400.0,1700.0,197100.0
219,2021-10-01 13:01:43,20400.0,500.0,195400.0
220,2021-10-01 13:01:06,20400.0,100.0,194900.0
221,2021-10-01 13:01:06,20400.0,100.0,194800.0
222,2021-10-01 13:01:06,20400.0,600.0,194700.0
223,2021-10-01 13:00:53,20400.0,400.0,194100.0
224,2021-10-01 13:00:53,20400.0,100.0,193700.0
225,2021-10-01 13:00:36,20400.0,200.0,193600.0
226,2021-10-01 13:00:36,20400.0,800.0,193400.0
227,2021-10-01 13:00:26,20400.0,3000.0,192600.0
228,2021-10-01 13:00:21,20400.0,100.0,189600.0
229,2021-10-01 13:00:17,20400.0,300.0,189500.0
230,2021-10-01 13:00:10,20400.0,800.0,189200.0
231,2021-10-01 13:00:10,20400.0,1000.0,188400.0
232,2021-10-01 13:00:09,20400.0,1900.0,187400.0
233,2021-10-01 13:00:01,20400.0,1000.0,185500.0
234,2021-10-01 13:00:01,20400.0,200.0,184500.0
235,2021-10-01 13:00:01,20400.0,200.0,184300.0
236,2021-10-01 11:24:15,20400.0,800.0,184100.0
237,2021-10-01 11:24:15,20400.0,200.0,183300.0
238,2021-10-01 11:22:41,20300.0,400.0,183100.0
239,2021-10-01 11:19:11,20300.0,300.0,182700.0
240,2021-10-01 11:18:58,20300.0,600.0,182400.0
241,2021-10-01 11:18:58,20300.0,200.0,181800.0
242,2021-10-01 11:18:58,20300.0,200.0,181600.0
243,2021-10-01 11:18:58,20300.0,2900.0,181400.0
244,2021-10-01 11:16:03,20400.0,500.0,178500.0
245,2021-10-01 11:16:03,20400.0,1000.0,178000.0
246,2021-10-01 11:15:51,20400.0,1000.0,177000.0
247,2021-10-01 11:15:37,20450.0,500.0,176000.0
248,2021-10-01 11:12:56,20450.0,500.0,175500.0
249,2021-10-01 11:07:42,20500.0,100.0,175000.0
250,2021-10-01 11:05:35,20500.0,100.0,174900.0
251,2021-10-01 11:01:24,20300.0,100.0,174800.0
252,2021-10-01 11:01:24,20300.0,400.0,174700.0
253,2021-10-01 10:58:35,20300.0,1600.0,174300.0
254,2021-10-01 10:58:35,20300.0,600.0,172700.0
255,2021-10-01 10:56:32,20300.0,1000.0,172100.0
256,2021-10-01 10:55:57,20300.0,800.0,171100.0
257,2021-10-01 10:51:49,20600.0,200.0,170300.0
258,2021-10-01 10:50:59,20600.0,100.0,170100.0
259,2021-10-01 10:50:59,20600.0,200.0,170000.0
260,2021-10-01 10:50:59,20550.0,200.0,169800.0
261,2021-10-01 10:47:40,20750.0,400.0,169600.0
262,2021-10-01 10:47:40,20700.0,500.0,169200.0
263,2021-10-01 10:47:40,20500.0,100.0,168700.0
264,2021-10-01 10:47:06,20300.0,100.0,168600.0
265,2021-10-01 10:45:44,20800.0,1600.0,168500.0
266,2021-10-01 10:45:42,20750.0,500.0,166900.0
267,2021-10-01 10:45:36,20750.0,500.0,166400.0
268,2021-10-01 10:45:32,20750.0,300.0,165900.0
269,2021-10-01 10:45:30,20750.0,2000.0,165600.0
270,2021-10-01 10:45:23,20750.0,100.0,163600.0
271,2021-10-01 10:45:23,20750.0,1900.0,163500.0
272,2021-10-01 10:45:23,20750.0,100.0,161600.0
273,2021-10-01 10:45:00,20750.0,100.0,161500.0
274,2021-10-01 10:44:51,20700.0,300.0,161400.0
275,2021-10-01 10:44:35,20700.0,300.0,161100.0
276,2021-10-01 10:44:30,20700.0,700.0,160800.0
277,2021-10-01 10:44:30,20700.0,400.0,160100.0
278,2021-10-01 10:44:26,20600.0,100.0,159700.0
279,2021-10-01 10:44:00,20700.0,600.0,159600.0
280,2021-10-01 10:44:00,20700.0,100.0,159000.0
281,2021-10-01 10:44:00,20700.0,500.0,158900.0
282,2021-10-01 10:44:00,20700.0,1000.0,158400.0
283,2021-10-01 10:44:00,20600.0,1700.0,157400.0
284,2021-10-01 10:44:00,20600.0,300.0,155700.0
285,2021-10-01 10:44:00,20600.0,1000.0,155400.0
286,2021-10-01 10:44:00,20600.0,5000.0,154400.0
287,2021-10-01 10:44:00,20600.0,100.0,149400.0
288,2021-10-01 10:44:00,20600.0,300.0,149300.0
289,2021-10-01 10:44:00,20600.0,1000.0,149000.0
290,2021-10-01 10:44:00,20600.0,400.0,148000.0
291,2021-10-01 10:43:30,20500.0,200.0,147600.0
292,2021-10-01 10:43:30,20500.0,500.0,147400.0
293,2021-10-01 10:43:30,20500.0,300.0,146900.0
294,2021-10-01 10:43:30,20500.0,100.0,146600.0
295,2021-10-01 10:43:30,20500.0,1000.0,146500.0
296,2021-10-01 10:43:30,20500.0,1000.0,145500.0
297,2021-10-01 10:43:30,20500.0,100.0,144500.0
298,2021-10-01 10:43:15,20500.0,200.0,144400.0
299,2021-10-01 10:43:15,20500.0,500.0,144200.0
300,2021-10-01 10:43:15,20500.0,200.0,143700.0
301,2021-10-01 10:43:15,20500.0,100.0,143500.0
302,2021-10-01 10:43:15,20500.0,2500.0,143400.0
303,2021-10-01 10:43:15,20500.0,500.0,140900.0
304,2021-10-01 10:42:55,20450.0,500.0,140400.0
305,2021-10-01 10:42:55,20450.0,3000.0,139900.0
306,2021-10-01 10:42:55,20450.0,500.0,136900.0
307,2021-10-01 10:42:55,20450.0,100.0,136400.0
308,2021-10-01 10:42:55,20450.0,100.0,136300.0
309,2021-10-01 10:42:55,20450.0,400.0,136200.0
310,2021-10-01 10:42:55,20400.0,1000.0,135800.0
311,2021-10-01 10:42:55,20400.0,2300.0,134800.0
312,2021-10-01 10:42:55,20400.0,300.0,132500.0
313,2021-10-01 10:42:55,20400.0,100.0,132200.0
314,2021-10-01 10:42:55,20400.0,500.0,132100.0
315,2021-10-01 10:42:55,20400.0,100.0,131600.0
316,2021-10-01 10:42:55,20400.0,100.0,131500.0
317,2021-10-01 10:42:14,20300.0,100.0,131400.0
318,2021-10-01 10:42:04,20300.0,1000.0,131300.0
319,2021-10-01 10:42:04,20300.0,300.0,130300.0
320,2021-10-01 10:42:04,20300.0,100.0,130000.0
321,2021-10-01 10:40:54,20300.0,200.0,129900.0
322,2021-10-01 10:40:46,20300.0,200.0,129700.0
323,2021-10-01 10:40:18,20300.0,200.0,129500.0
324,2021-10-01 10:40:18,20300.0,300.0,129300.0
325,2021-10-01 10:40:06,20300.0,200.0,129000.0
326,2021-10-01 10:40:06,20300.0,100.0,128800.0
327,2021-10-01 10:40:06,20300.0,300.0,128700.0
328,2021-10-01 10:40:06,20300.0,1000.0,128400.0
329,2021-10-01 10:40:06,20300.0,100.0,127400.0
330,2021-10-01 10:40:06,20300.0,100.0,127300.0
331,2021-10-01 10:39:15,20300.0,100.0,127200.0
332,2021-10-01 10:37:52,20250.0,200.0,127100.0
333,2021-10-01 10:37:10,20200.0,200.0,126900.0
334,2021-10-01 10:37:07,20250.0,100.0,126700.0
335,2021-10-01 10:36:50,20200.0,500.0,126600.0
336,2021-10-01 10:33:17,20200.0,3200.0,126100.0
337,2021-10-01 10:33:14,20200.0,3500.0,122900.0
338,2021-10-01 10:32:26,20200.0,1000.0,119400.0
339,2021-10-01 10:32:18,20200.0,500.0,118400.0
340,2021-10-01 10:31:56,20200.0,4300.0,117900.0
341,2021-10-01 10:31:56,20200.0,200.0,113600.0
342,2021-10-01 10:31:56,20200.0,500.0,113400.0
343,2021-10-01 10:30:34,20200.0,1000.0,112900.0
344,2021-10-01 10:28:48,20100.0,200.0,111900.0
345,2021-10-01 10:27:48,20000.0,200.0,111700.0
346,2021-10-01 10:27:48,20000.0,1000.0,111500.0
347,2021-10-01 10:27:48,20000.0,500.0,110500.0
348,2021-10-01 10:27:48,20000.0,500.0,110000.0
349,2021-10-01 10:27:48,20000.0,500.0,109500.0
350,2021-10-01 10:27:48,20000.0,100.0,109000.0
351,2021-10-01 10:27:48,20000.0,100.0,108900.0
352,2021-10-01 10:27:48,20000.0,100.0,108800.0
353,2021-10-01 10:27:48,20000.0,100.0,108700.0
354,2021-10-01 10:27:48,20000.0,200.0,108600.0
355,2021-10-01 10:27:48,20000.0,200.0,108400.0
356,2021-10-01 10:27:48,20050.0,1500.0,108200.0
357,2021-10-01 10:26:38,20000.0,800.0,106700.0
358,2021-10-01 10:26:38,20000.0,700.0,105900.0
359,2021-10-01 10:25:02,20000.0,1000.0,105200.0
360,2021-10-01 10:25:02,20050.0,1000.0,104200.0
361,2021-10-01 10:25:02,20050.0,300.0,103200.0
362,2021-10-01 10:25:02,20050.0,100.0,102900.0
363,2021-10-01 10:25:02,20050.0,100.0,102800.0
364,2021-10-01 10:25:02,20050.0,100.0,102700.0
365,2021-10-01 10:25:02,20050.0,2000.0,102600.0
366,2021-10-01 10:25:02,20100.0,400.0,100600.0
367,2021-10-01 10:22:50,20100.0,100.0,100200.0
368,2021-10-01 10:21:04,20200.0,200.0,100100.0
369,2021-10-01 10:21:04,20200.0,300.0,99900.0
370,2021-10-01 10:20:08,20250.0,100.0,99600.0
371,2021-10-01 10:19:04,20200.0,100.0,99500.0
372,2021-10-01 10:17:27,20200.0,200.0,99400.0
373,2021-10-01 10:17:24,20200.0,100.0,99200.0
374,2021-10-01 10:17:24,20200.0,100.0,99100.0
375,2021-10-01 10:17:24,20200.0,1000.0,99000.0
376,2021-10-01 10:17:24,20100.0,500.0,98000.0
377,2021-10-01 10:15:02,20050.0,400.0,97500.0
378,2021-10-01 10:15:02,20050.0,600.0,97100.0
379,2021-10-01 10:14:24,20050.0,400.0,96500.0
380,2021-10-01 10:08:37,20000.0,100.0,96100.0
381,2021-10-01 10:08:19,20000.0,200.0,96000.0
382,2021-10-01 10:08:19,20000.0,500.0,95800.0
383,2021-10-01 10:06:47,20000.0,700.0,95300.0
384,2021-10-01 10:05:35,20000.0,300.0,94600.0
385,2021-10-01 10:05:35,20000.0,100.0,94300.0
386,2021-10-01 10:05:35,20000.0,2600.0,94200.0
387,2021-10-01 10:04:19,20000.0,100.0,91600.0
388,2021-10-01 10:03:43,20000.0,300.0,91500.0
389,2021-10-01 10:03:43,20000.0,500.0,91200.0
390,2021-10-01 10:03:43,20000.0,100.0,90700.0
391,2021-10-01 10:03:43,20000.0,100.0,90600.0
392,2021-10-01 10:02:26,20000.0,900.0,90500.0
393,2021-10-01 10:02:26,20000.0,200.0,89600.0
394,2021-10-01 10:02:26,20050.0,900.0,89400.0
395,2021-10-01 10:02:06,20050.0,100.0,88500.0
396,2021-10-01 10:00:48,20000.0,100.0,88400.0
397,2021-10-01 10:00:24,20000.0,1700.0,88300.0
398,2021-10-01 10:00:00,20000.0,200.0,86600.0
399,2021-10-01 09:59:52,20000.0,100.0,86400.0
400,2021-10-01 09:59:44,20000.0,200.0,86300.0
401,2021-10-01 09:59:32,20000.0,2200.0,86100.0
402,2021-10-01 09:59:00,20000.0,100.0,83900.0
403,2021-10-01 09:58:16,20000.0,500.0,83800.0
404,2021-10-01 09:58:15,20000.0,500.0,83300.0
405,2021-10-01 09:58:15,20000.0,300.0,82800.0
406,2021-10-01 09:57:59,20000.0,100.0,82500.0
407,2021-10-01 09:57:09,20000.0,500.0,82400.0
408,2021-10-01 09:57:09,20000.0,100.0,81900.0
409,2021-10-01 09:57:09,20000.0,100.0,81800.0
410,2021-10-01 09:57:09,20000.0,300.0,81700.0
411,2021-10-01 09:56:35,20000.0,200.0,81400.0
412,2021-10-01 09:56:03,20000.0,4500.0,81200.0
413,2021-10-01 09:56:03,20000.0,100.0,76700.0
414,2021-10-01 09:56:03,20000.0,100.0,76600.0
415,2021-10-01 09:56:03,20000.0,100.0,76500.0
416,2021-10-01 09:56:03,20050.0,200.0,76400.0
417,2021-10-01 09:55:39,20000.0,400.0,76200.0
418,2021-10-01 09:55:39,20000.0,500.0,75800.0
419,2021-10-01 09:55:39,20000.0,1100.0,75300.0
420,2021-10-01 09:55:29,20000.0,500.0,74200.0
421,2021-10-01 09:53:42,20100.0,100.0,73700.0
422,2021-10-01 09:53:40,20000.0,400.0,73600.0
423,2021-10-01 09:53:40,20000.0,300.0,73200.0
424,2021-10-01 09:53:33,20000.0,900.0,72900.0
425,2021-10-01 09:53:25,20000.0,900.0,72000.0
426,2021-10-01 09:51:57,20000.0,200.0,71100.0
427,2021-10-01 09:51:51,20100.0,2000.0,70900.0
428,2021-10-01 09:50:11,20000.0,1700.0,68900.0
429,2021-10-01 09:50:11,20100.0,1900.0,67200.0
430,2021-10-01 09:50:11,20150.0,600.0,65300.0
431,2021-10-01 09:50:11,20150.0,100.0,64700.0
432,2021-10-01 09:48:09,20100.0,100.0,64600.0
433,2021-10-01 09:47:39,20100.0,1000.0,64500.0
434,2021-10-01 09:47:28,20000.0,900.0,63500.0
435,2021-10-01 09:46:27,20000.0,200.0,62600.0
436,2021-10-01 09:46:01,20000.0,4700.0,62400.0
437,2021-10-01 09:46:01,20000.0,200.0,57700.0
438,2021-10-01 09:45:44,19950.0,200.0,57500.0
439,2021-10-01 09:45:38,19950.0,200.0,57300.0
440,2021-10-01 09:44:59,19950.0,300.0,57100.0
441,2021-10-01 09:44:59,19950.0,300.0,56800.0
442,2021-10-01 09:44:50,19950.0,900.0,56500.0
443,2021-10-01 09:44:40,19950.0,1000.0,55600.0
444,2021-10-01 09:44:32,19950.0,500.0,54600.0
445,2021-10-01 09:44:26,19950.0,300.0,54100.0
446,2021-10-01 09:44:26,19950.0,400.0,53800.0
447,2021-10-01 09:44:15,19950.0,600.0,53400.0
448,2021-10-01 09:44:15,19950.0,400.0,52800.0
449,2021-10-01 09:44:07,19950.0,100.0,52400.0
450,2021-10-01 09:43:42,20000.0,1800.0,52300.0
451,2021-10-01 09:42:46,20000.0,100.0,50500.0
452,2021-10-01 09:42:21,20000.0,100.0,50400.0
453,2021-10-01 09:42:05,20000.0,500.0,50300.0
454,2021-10-01 09:41:59,20000.0,200.0,49800.0
455,2021-10-01 09:41:59,20000.0,400.0,49600.0
456,2021-10-01 09:41:59,20000.0,3400.0,49200.0
457,2021-10-01 09:41:40,20000.0,2000.0,45800.0
458,2021-10-01 09:40:47,20000.0,2000.0,43800.0
459,2021-10-01 09:40:40,20000.0,1000.0,41800.0
460,2021-10-01 09:40:18,20000.0,100.0,40800.0
461,2021-10-01 09:40:07,20000.0,200.0,40700.0
462,2021-10-01 09:39:41,20000.0,100.0,40500.0
463,2021-10-01 09:39:28,20000.0,500.0,40400.0
464,2021-10-01 09:39:17,20000.0,200.0,39900.0
465,2021-10-01 09:35:49,19900.0,500.0,39700.0
466,2021-10-01 09:34:55,19900.0,100.0,39200.0
467,2021-10-01 09:34:55,19900.0,400.0,39100.0
468,2021-10-01 09:34:48,19950.0,100.0,38700.0
469,2021-10-01 09:34:23,19900.0,100.0,38600.0
470,2021-10-01 09:34:23,19900.0,500.0,38500.0
471,2021-10-01 09:34:23,19900.0,100.0,38000.0
472,2021-10-01 09:34:23,19900.0,100.0,37900.0
473,2021-10-01 09:34:23,19900.0,200.0,37800.0
474,2021-10-01 09:33:40,20000.0,100.0,37600.0
475,2021-10-01 09:32:54,20000.0,300.0,37500.0
476,2021-10-01 09:32:54,20000.0,300.0,37200.0
477,2021-10-01 09:32:54,20000.0,100.0,36900.0
478,2021-10-01 09:32:54,20000.0,1000.0,36800.0
479,2021-10-01 09:32:54,20000.0,1000.0,35800.0
480,2021-10-01 09:32:54,20000.0,600.0,34800.0
481,2021-10-01 09:32:54,20000.0,100.0,34200.0
482,2021-10-01 09:32:54,20000.0,100.0,34100.0
483,2021-10-01 09:32:54,20000.0,1900.0,34000.0
484,2021-10-01 09:32:52,20050.0,100.0,32100.0
485,2021-10-01 09:31:40,20000.0,100.0,32000.0
486,2021-10-01 09:31:40,20000.0,200.0,31900.0
487,2021-10-01 09:31:40,20000.0,100.0,31700.0
488,2021-10-01 09:31:40,20000.0,1000.0,31600.0
489,2021-10-01 09:31:40,20000.0,100.0,30600.0
490,2021-10-01 09:31:40,20000.0,200.0,30500.0
491,2021-10-01 09:31:40,20000.0,200.0,30300.0
492,2021-10-01 09:31:40,20000.0,100.0,30100.0
493,2021-10-01 09:29:50,20200.0,4300.0,30000.0
494,2021-10-01 09:29:50,20200.0,700.0,25700.0
495,2021-10-01 09:29:00,20200.0,200.0,25000.0
496,2021-10-01 09:28:58,20100.0,1000.0,24800.0
497,2021-10-01 09:28:18,20100.0,100.0,23800.0
498,2021-10-01 09:28:02,20100.0,400.0,23700.0
499,2021-10-01 09:27:55,20100.0,100.0,23300.0
500,2021-10-01 09:27:55,20100.0,100.0,23200.0
501,2021-10-01 09:27:48,20100.0,100.0,23100.0
502,2021-10-01 09:27:48,20100.0,100.0,23000.0
503,2021-10-01 09:27:48,20100.0,100.0,22900.0
504,2021-10-01 09:27:17,20200.0,100.0,22800.0
505,2021-10-01 09:27:17,20200.0,2000.0,22700.0
506,2021-10-01 09:26:34,20250.0,500.0,20700.0
507,2021-10-01 09:26:34,20250.0,200.0,20200.0
508,2021-10-01 09:26:31,20300.0,100.0,20000.0
509,2021-10-01 09:25:55,20300.0,100.0,19900.0
510,2021-10-01 09:25:55,20300.0,200.0,19800.0
511,2021-10-01 09:25:54,20400.0,100.0,19600.0
512,2021-10-01 09:25:49,20300.0,200.0,19500.0
513,2021-10-01 09:25:32,20450.0,1000.0,19300.0
514,2021-10-01 09:25:12,20300.0,100.0,18300.0
515,2021-10-01 09:25:12,20300.0,900.0,18200.0
516,2021-10-01 09:23:52,20300.0,100.0,17300.0
517,2021-10-01 09:22:19,20250.0,100.0,17200.0
518,2021-10-01 09:22:19,20250.0,400.0,17100.0
519,2021-10-01 09:21:53,20250.0,100.0,16700.0
520,2021-10-01 09:21:15,20250.0,500.0,16600.0
521,2021-10-01 09:20:36,20250.0,700.0,16100.0
522,2021-10-01 09:20:36,20250.0,300.0,15400.0
523,2021-10-01 09:18:30,20250.0,1500.0,15100.0
524,2021-10-01 09:18:30,20250.0,100.0,13600.0
525,2021-10-01 09:18:30,20250.0,100.0,13500.0
526,2021-10-01 09:18:30,20250.0,1000.0,13400.0
527,2021-10-01 09:15:58,20250.0,5000.0,12400.0
528,2021-10-01 09:15:48,20250.0,300.0,7400.0
529,2021-10-01 09:15:24,20250.0,100.0,7100.0
530,2021-10-01 09:15:24,20250.0,300.0,7000.0
531,2021-10-01 09:15:24,20250.0,300.0,6700.0
532,2021-10-01 09:15:00,20250.0,100.0,6400.0
533,2021-10-01 09:15:00,20250.0,100.0,6300.0
534,2021-10-01 09:15:00,20250.0,1000.0,6200.0
535,2021-10-01 09:15:00,20250.0,1000.0,5200.0
536,2021-10-01 09:15:00,20250.0,2900.0,4200.0
537,2021-10-01 09:15:00,20250.0,100.0,1300.0
538,2021-10-01 09:15:00,20250.0,200.0,1200.0
539,2021-10-01 09:15:00,20250.0,1000.0,1000.0
