,Time,Price,Volume_per_trade,Volume
0,2021-10-20 07:45:00,23000.0,2000.0,1200200.0
1,2021-10-20 07:45:00,23000.0,800.0,1198200.0
2,2021-10-20 07:45:00,23000.0,200.0,1197400.0
3,2021-10-20 07:45:00,23000.0,200.0,1197200.0
4,2021-10-20 07:45:00,23000.0,4600.0,1197000.0
5,2021-10-20 07:45:00,23000.0,100.0,1192400.0
6,2021-10-20 07:45:00,23000.0,3000.0,1192300.0
7,2021-10-20 07:45:00,23000.0,300.0,1189300.0
8,2021-10-20 07:45:00,23000.0,2000.0,1189000.0
9,2021-10-20 07:45:00,23000.0,200.0,1187000.0
10,2021-10-20 07:45:00,23000.0,100.0,1186800.0
11,2021-10-20 07:45:00,23000.0,700.0,1186700.0
12,2021-10-20 07:45:00,23000.0,200.0,1186000.0
13,2021-10-20 07:45:00,23000.0,800.0,1185800.0
14,2021-10-20 07:45:00,23000.0,2800.0,1185000.0
15,2021-10-20 07:45:00,23000.0,1200.0,1182200.0
16,2021-10-20 07:45:00,23000.0,300.0,1181000.0
17,2021-10-20 07:45:00,23000.0,800.0,1180700.0
18,2021-10-20 07:45:00,23000.0,7700.0,1179900.0
19,2021-10-20 07:45:00,23000.0,2300.0,1172200.0
20,2021-10-20 07:45:00,23000.0,1000.0,1169900.0
21,2021-10-20 07:45:00,23000.0,100.0,1168900.0
22,2021-10-20 07:45:00,23000.0,1000.0,1168800.0
23,2021-10-20 07:45:00,23000.0,300.0,1167800.0
24,2021-10-20 07:45:00,23000.0,100.0,1167500.0
25,2021-10-20 07:45:00,23000.0,100.0,1167400.0
26,2021-10-20 07:45:00,23000.0,300.0,1167300.0
27,2021-10-20 07:45:00,23000.0,100.0,1167000.0
28,2021-10-20 07:45:00,23000.0,1000.0,1166900.0
29,2021-10-20 07:45:00,23000.0,1000.0,1165900.0
30,2021-10-20 07:45:00,23000.0,200.0,1164900.0
31,2021-10-20 07:45:00,23000.0,2500.0,1164700.0
32,2021-10-20 07:45:00,23000.0,5000.0,1162200.0
33,2021-10-20 07:45:00,23000.0,100.0,1157200.0
34,2021-10-20 07:45:00,23000.0,1000.0,1157100.0
35,2021-10-20 07:45:00,23000.0,100.0,1156100.0
36,2021-10-20 07:45:00,23000.0,700.0,1156000.0
37,2021-10-20 07:45:00,23000.0,100.0,1155300.0
38,2021-10-20 07:45:00,23000.0,100.0,1155200.0
39,2021-10-20 07:45:00,23000.0,400.0,1155100.0
40,2021-10-20 07:45:00,23000.0,400.0,1154700.0
41,2021-10-20 07:45:00,23000.0,100.0,1154300.0
42,2021-10-20 07:29:57,22900.0,700.0,1154200.0
43,2021-10-20 07:29:51,22900.0,300.0,1153500.0
44,2021-10-20 07:29:23,22900.0,3700.0,1153200.0
45,2021-10-20 07:29:06,22850.0,1400.0,1149500.0
46,2021-10-20 07:29:06,22850.0,1500.0,1148100.0
47,2021-10-20 07:28:58,22900.0,1300.0,1146600.0
48,2021-10-20 07:28:58,22900.0,2000.0,1145300.0
49,2021-10-20 07:28:43,22900.0,600.0,1143300.0
50,2021-10-20 07:28:42,22900.0,300.0,1142700.0
51,2021-10-20 07:28:28,22900.0,100.0,1142400.0
52,2021-10-20 07:28:17,22900.0,200.0,1142300.0
53,2021-10-20 07:28:17,22900.0,600.0,1142100.0
54,2021-10-20 07:28:17,22900.0,100.0,1141500.0
55,2021-10-20 07:27:47,23000.0,100.0,1141400.0
56,2021-10-20 07:27:16,22900.0,600.0,1141300.0
57,2021-10-20 07:27:16,22900.0,600.0,1140700.0
58,2021-10-20 07:27:16,22900.0,500.0,1140100.0
59,2021-10-20 07:26:57,22900.0,1500.0,1139600.0
60,2021-10-20 07:26:57,22900.0,500.0,1138100.0
61,2021-10-20 07:26:57,22900.0,1000.0,1137600.0
62,2021-10-20 07:26:57,22900.0,1000.0,1136600.0
63,2021-10-20 07:26:57,22900.0,1000.0,1135600.0
64,2021-10-20 07:26:41,22900.0,600.0,1134600.0
65,2021-10-20 07:26:41,22900.0,2300.0,1134000.0
66,2021-10-20 07:26:41,22900.0,100.0,1131700.0
67,2021-10-20 07:26:24,22900.0,500.0,1131600.0
68,2021-10-20 07:25:41,22900.0,100.0,1131100.0
69,2021-10-20 07:25:27,22850.0,100.0,1131000.0
70,2021-10-20 07:25:27,22850.0,1000.0,1130900.0
71,2021-10-20 07:25:27,22850.0,600.0,1129900.0
72,2021-10-20 07:24:53,22800.0,300.0,1129300.0
73,2021-10-20 07:24:46,22800.0,100.0,1129000.0
74,2021-10-20 07:24:34,22800.0,5000.0,1128900.0
75,2021-10-20 07:24:33,22800.0,100.0,1123900.0
76,2021-10-20 07:24:11,22800.0,500.0,1123800.0
77,2021-10-20 07:24:02,22800.0,800.0,1123300.0
78,2021-10-20 07:24:02,22800.0,200.0,1122500.0
79,2021-10-20 07:23:55,22800.0,3800.0,1122300.0
80,2021-10-20 07:23:55,22800.0,1200.0,1118500.0
81,2021-10-20 07:23:50,22800.0,3100.0,1117300.0
82,2021-10-20 07:23:28,22800.0,100.0,1114200.0
83,2021-10-20 07:23:20,22800.0,3000.0,1114100.0
84,2021-10-20 07:23:20,22800.0,100.0,1111100.0
85,2021-10-20 07:23:16,22800.0,100.0,1111000.0
86,2021-10-20 07:22:48,22800.0,300.0,1110900.0
87,2021-10-20 07:22:46,22800.0,700.0,1110600.0
88,2021-10-20 07:22:32,22800.0,1000.0,1109900.0
89,2021-10-20 07:22:23,22800.0,300.0,1108900.0
90,2021-10-20 07:22:23,22800.0,100.0,1108600.0
91,2021-10-20 07:22:23,22750.0,2500.0,1108500.0
92,2021-10-20 07:22:10,22800.0,100.0,1106000.0
93,2021-10-20 07:21:59,22800.0,100.0,1105900.0
94,2021-10-20 07:21:45,22700.0,200.0,1105800.0
95,2021-10-20 07:21:45,22700.0,100.0,1105600.0
96,2021-10-20 07:21:43,22850.0,400.0,1105500.0
97,2021-10-20 07:21:43,22850.0,200.0,1105100.0
98,2021-10-20 07:21:43,22800.0,100.0,1104900.0
99,2021-10-20 07:21:38,22700.0,2000.0,1104800.0
100,2021-10-20 07:20:54,22700.0,500.0,1102800.0
101,2021-10-20 07:20:54,22700.0,200.0,1102300.0
102,2021-10-20 07:20:54,22700.0,1300.0,1102100.0
103,2021-10-20 07:20:32,22750.0,200.0,1100800.0
104,2021-10-20 07:20:26,22700.0,300.0,1100600.0
105,2021-10-20 07:20:26,22700.0,500.0,1100300.0
106,2021-10-20 07:20:26,22700.0,1000.0,1099800.0
107,2021-10-20 07:20:18,22750.0,500.0,1098800.0
108,2021-10-20 07:20:18,22750.0,800.0,1098300.0
109,2021-10-20 07:20:17,22750.0,200.0,1097500.0
110,2021-10-20 07:20:17,22750.0,1000.0,1097300.0
111,2021-10-20 07:20:17,22750.0,200.0,1096300.0
112,2021-10-20 07:20:17,22750.0,200.0,1096100.0
113,2021-10-20 07:20:17,22750.0,400.0,1095900.0
114,2021-10-20 07:20:06,22750.0,100.0,1095500.0
115,2021-10-20 07:20:06,22750.0,200.0,1095400.0
116,2021-10-20 07:20:06,22750.0,500.0,1095200.0
117,2021-10-20 07:20:06,22750.0,300.0,1094700.0
118,2021-10-20 07:20:06,22750.0,300.0,1094400.0
119,2021-10-20 07:20:05,22750.0,2000.0,1094100.0
120,2021-10-20 07:19:54,22750.0,700.0,1092100.0
121,2021-10-20 07:19:10,22750.0,1200.0,1091400.0
122,2021-10-20 07:19:10,22750.0,200.0,1090200.0
123,2021-10-20 07:19:10,22750.0,200.0,1090000.0
124,2021-10-20 07:18:09,22750.0,200.0,1089800.0
125,2021-10-20 07:18:09,22750.0,200.0,1089600.0
126,2021-10-20 07:18:09,22750.0,100.0,1089400.0
127,2021-10-20 07:17:47,22750.0,100.0,1089300.0
128,2021-10-20 07:17:47,22750.0,200.0,1089200.0
129,2021-10-20 07:16:47,22900.0,300.0,1089000.0
130,2021-10-20 07:16:47,22800.0,200.0,1088700.0
131,2021-10-20 07:16:31,22800.0,200.0,1088500.0
132,2021-10-20 07:16:31,22800.0,500.0,1088300.0
133,2021-10-20 07:16:31,22800.0,500.0,1087800.0
134,2021-10-20 07:16:31,22800.0,1000.0,1087300.0
135,2021-10-20 07:16:31,22800.0,300.0,1086300.0
136,2021-10-20 07:16:31,22800.0,800.0,1086000.0
137,2021-10-20 07:16:30,22800.0,400.0,1085200.0
138,2021-10-20 07:15:55,22800.0,700.0,1084800.0
139,2021-10-20 07:15:47,22800.0,400.0,1084100.0
140,2021-10-20 07:15:30,22800.0,200.0,1083700.0
141,2021-10-20 07:15:21,22800.0,600.0,1083500.0
142,2021-10-20 07:15:15,22800.0,500.0,1082900.0
143,2021-10-20 07:15:14,22800.0,500.0,1082400.0
144,2021-10-20 07:15:07,22800.0,900.0,1081900.0
145,2021-10-20 07:15:07,22800.0,200.0,1081000.0
146,2021-10-20 07:15:07,22800.0,100.0,1080800.0
147,2021-10-20 07:15:07,22800.0,1000.0,1080700.0
148,2021-10-20 07:15:07,22800.0,200.0,1079700.0
149,2021-10-20 07:15:07,22800.0,1000.0,1079500.0
150,2021-10-20 07:15:07,22800.0,500.0,1078500.0
151,2021-10-20 07:15:07,22800.0,500.0,1078000.0
152,2021-10-20 07:15:07,22800.0,100.0,1077500.0
153,2021-10-20 07:15:07,22800.0,100.0,1077400.0
154,2021-10-20 07:15:07,22800.0,1000.0,1077300.0
155,2021-10-20 07:15:07,22850.0,500.0,1076300.0
156,2021-10-20 07:15:07,22850.0,5000.0,1075800.0
157,2021-10-20 07:15:07,22850.0,8900.0,1070800.0
158,2021-10-20 07:15:02,22850.0,100.0,1061900.0
159,2021-10-20 07:15:02,22850.0,200.0,1061800.0
160,2021-10-20 07:14:45,22850.0,100.0,1061600.0
161,2021-10-20 07:14:04,22850.0,200.0,1061500.0
162,2021-10-20 07:13:40,22900.0,500.0,1061300.0
163,2021-10-20 07:13:40,22900.0,100.0,1060800.0
164,2021-10-20 07:13:40,22900.0,200.0,1060700.0
165,2021-10-20 07:13:40,22900.0,500.0,1060500.0
166,2021-10-20 07:13:40,22900.0,1000.0,1060000.0
167,2021-10-20 07:13:40,22900.0,1500.0,1059000.0
168,2021-10-20 07:13:40,22900.0,200.0,1057500.0
169,2021-10-20 07:13:40,22900.0,300.0,1057300.0
170,2021-10-20 07:13:40,22900.0,1400.0,1057000.0
171,2021-10-20 07:13:37,22950.0,2000.0,1055600.0
172,2021-10-20 07:13:33,22900.0,100.0,1053600.0
173,2021-10-20 07:13:04,22900.0,1000.0,1053500.0
174,2021-10-20 07:13:00,22900.0,1500.0,1052500.0
175,2021-10-20 07:13:00,22900.0,500.0,1051000.0
176,2021-10-20 07:12:57,22900.0,2400.0,1050500.0
177,2021-10-20 07:12:57,22900.0,500.0,1048100.0
178,2021-10-20 07:12:57,22900.0,1000.0,1047600.0
179,2021-10-20 07:12:57,22900.0,900.0,1046600.0
180,2021-10-20 07:12:49,22900.0,100.0,1045700.0
181,2021-10-20 07:12:49,22900.0,100.0,1045600.0
182,2021-10-20 07:12:49,22900.0,200.0,1045500.0
183,2021-10-20 07:12:49,22950.0,300.0,1045300.0
184,2021-10-20 07:12:34,23000.0,100.0,1045000.0
185,2021-10-20 07:12:15,22950.0,200.0,1044900.0
186,2021-10-20 07:09:30,23000.0,100.0,1044700.0
187,2021-10-20 07:09:01,23000.0,100.0,1044600.0
188,2021-10-20 07:09:01,23000.0,2000.0,1044500.0
189,2021-10-20 07:09:01,23000.0,900.0,1042500.0
190,2021-10-20 07:08:09,23000.0,100.0,1041600.0
191,2021-10-20 07:08:09,23000.0,500.0,1041500.0
192,2021-10-20 07:08:09,23000.0,1200.0,1041000.0
193,2021-10-20 07:06:02,23100.0,1800.0,1039800.0
194,2021-10-20 07:06:02,23050.0,2500.0,1038000.0
195,2021-10-20 07:05:59,23050.0,7500.0,1035500.0
196,2021-10-20 07:05:41,23050.0,500.0,1028000.0
197,2021-10-20 07:05:41,23050.0,100.0,1027500.0
198,2021-10-20 07:05:41,23050.0,100.0,1027400.0
199,2021-10-20 07:05:41,23050.0,600.0,1027300.0
200,2021-10-20 07:05:41,23050.0,1200.0,1026700.0
201,2021-10-20 07:05:31,23050.0,3700.0,1025500.0
202,2021-10-20 07:05:15,23000.0,400.0,1021800.0
203,2021-10-20 07:05:15,23000.0,200.0,1021400.0
204,2021-10-20 07:05:15,23000.0,500.0,1021200.0
205,2021-10-20 07:05:15,23000.0,1300.0,1020700.0
206,2021-10-20 07:05:15,23000.0,200.0,1019400.0
207,2021-10-20 07:05:15,23000.0,100.0,1019200.0
208,2021-10-20 07:05:15,23000.0,1000.0,1019100.0
209,2021-10-20 07:05:15,23000.0,100.0,1018100.0
210,2021-10-20 07:05:15,23000.0,900.0,1018000.0
211,2021-10-20 07:05:15,23000.0,400.0,1017100.0
212,2021-10-20 07:05:15,23000.0,900.0,1016700.0
213,2021-10-20 07:05:15,23000.0,200.0,1015800.0
214,2021-10-20 07:05:15,23000.0,100.0,1015600.0
215,2021-10-20 07:05:11,23000.0,4900.0,1015500.0
216,2021-10-20 07:05:11,23000.0,100.0,1010600.0
217,2021-10-20 07:05:09,23000.0,100.0,1010500.0
218,2021-10-20 07:05:02,23000.0,100.0,1010400.0
219,2021-10-20 07:05:02,23000.0,200.0,1010300.0
220,2021-10-20 07:05:02,23000.0,1000.0,1010100.0
221,2021-10-20 07:05:02,23000.0,1000.0,1009100.0
222,2021-10-20 07:05:02,23000.0,500.0,1008100.0
223,2021-10-20 07:05:02,23000.0,1000.0,1007600.0
224,2021-10-20 07:05:02,23000.0,6200.0,1006600.0
225,2021-10-20 07:04:48,23000.0,5000.0,1000400.0
226,2021-10-20 07:04:46,23000.0,3800.0,995400.0
227,2021-10-20 07:04:46,23000.0,1200.0,991600.0
228,2021-10-20 07:04:27,23000.0,1800.0,990400.0
229,2021-10-20 07:04:27,23000.0,1000.0,988600.0
230,2021-10-20 07:04:27,23000.0,500.0,987600.0
231,2021-10-20 07:04:27,23000.0,500.0,987100.0
232,2021-10-20 07:04:27,23000.0,100.0,986600.0
233,2021-10-20 07:04:27,23000.0,800.0,986500.0
234,2021-10-20 07:04:27,23000.0,300.0,985700.0
235,2021-10-20 07:04:11,23000.0,300.0,985400.0
236,2021-10-20 07:04:11,23000.0,2000.0,985100.0
237,2021-10-20 07:04:11,23000.0,700.0,983100.0
238,2021-10-20 07:04:11,23000.0,1500.0,982400.0
239,2021-10-20 07:04:11,22950.0,500.0,980900.0
240,2021-10-20 07:02:37,23000.0,5000.0,980400.0
241,2021-10-20 07:01:58,23000.0,200.0,975400.0
242,2021-10-20 07:01:58,22950.0,100.0,975200.0
243,2021-10-20 07:01:44,22950.0,1900.0,975100.0
244,2021-10-20 07:01:43,22900.0,300.0,973200.0
245,2021-10-20 07:01:43,22900.0,100.0,972900.0
246,2021-10-20 07:01:43,22900.0,600.0,972800.0
247,2021-10-20 07:01:28,22900.0,400.0,972200.0
248,2021-10-20 07:01:08,22950.0,100.0,971800.0
249,2021-10-20 07:00:10,22950.0,200.0,971700.0
250,2021-10-20 07:00:01,22950.0,2700.0,971500.0
251,2021-10-20 07:00:00,22950.0,300.0,968800.0
252,2021-10-20 06:59:42,22950.0,1000.0,968500.0
253,2021-10-20 06:59:42,22950.0,100.0,967500.0
254,2021-10-20 06:59:39,22950.0,400.0,967400.0
255,2021-10-20 06:59:38,22950.0,500.0,967000.0
256,2021-10-20 06:59:15,22950.0,300.0,966500.0
257,2021-10-20 06:58:49,23000.0,600.0,966200.0
258,2021-10-20 06:58:47,22950.0,500.0,965600.0
259,2021-10-20 06:58:29,23000.0,2700.0,965100.0
260,2021-10-20 06:58:29,23000.0,300.0,962400.0
261,2021-10-20 06:57:25,22950.0,1000.0,962100.0
262,2021-10-20 06:57:02,23000.0,100.0,961100.0
263,2021-10-20 06:56:48,22950.0,500.0,961000.0
264,2021-10-20 06:56:42,22950.0,500.0,960500.0
265,2021-10-20 06:56:42,22950.0,5000.0,960000.0
266,2021-10-20 06:56:42,22950.0,100.0,955000.0
267,2021-10-20 06:56:42,22950.0,100.0,954900.0
268,2021-10-20 06:56:29,22900.0,200.0,954800.0
269,2021-10-20 06:56:29,22900.0,800.0,954600.0
270,2021-10-20 06:55:26,22900.0,300.0,953800.0
271,2021-10-20 06:55:26,22850.0,700.0,953500.0
272,2021-10-20 06:54:02,22850.0,2000.0,952800.0
273,2021-10-20 06:53:45,22850.0,300.0,950800.0
274,2021-10-20 06:53:31,22900.0,900.0,950500.0
275,2021-10-20 06:53:27,22900.0,3100.0,949600.0
276,2021-10-20 06:52:56,22900.0,800.0,946500.0
277,2021-10-20 06:52:42,22900.0,1200.0,945700.0
278,2021-10-20 06:52:40,22900.0,400.0,944500.0
279,2021-10-20 06:52:05,22900.0,400.0,944100.0
280,2021-10-20 06:52:05,22900.0,600.0,943700.0
281,2021-10-20 06:50:24,22900.0,300.0,943100.0
282,2021-10-20 06:50:17,22900.0,100.0,942800.0
283,2021-10-20 06:49:34,22800.0,1000.0,942700.0
284,2021-10-20 06:49:34,22800.0,100.0,941700.0
285,2021-10-20 06:49:34,22800.0,300.0,941600.0
286,2021-10-20 06:49:34,22800.0,1000.0,941300.0
287,2021-10-20 06:49:34,22800.0,1300.0,940300.0
288,2021-10-20 06:49:34,22800.0,1800.0,939000.0
289,2021-10-20 06:49:34,22800.0,500.0,937200.0
290,2021-10-20 06:49:34,22850.0,10000.0,936700.0
291,2021-10-20 06:49:34,22850.0,10000.0,926700.0
292,2021-10-20 06:49:34,22850.0,200.0,916700.0
293,2021-10-20 06:49:34,22850.0,10000.0,916500.0
294,2021-10-20 06:49:34,22850.0,500.0,906500.0
295,2021-10-20 06:49:34,22850.0,900.0,906000.0
296,2021-10-20 06:49:34,22850.0,1000.0,905100.0
297,2021-10-20 06:49:34,22850.0,1000.0,904100.0
298,2021-10-20 06:49:34,22850.0,1900.0,903100.0
299,2021-10-20 06:49:34,22850.0,500.0,901200.0
300,2021-10-20 06:49:34,22850.0,300.0,900700.0
301,2021-10-20 06:49:34,22850.0,600.0,900400.0
302,2021-10-20 06:49:34,22900.0,1000.0,899800.0
303,2021-10-20 06:49:34,22900.0,1000.0,898800.0
304,2021-10-20 06:49:34,22900.0,500.0,897800.0
305,2021-10-20 06:49:34,22900.0,1000.0,897300.0
306,2021-10-20 06:49:34,22900.0,100.0,896300.0
307,2021-10-20 06:49:34,22900.0,1000.0,896200.0
308,2021-10-20 06:49:34,22900.0,5000.0,895200.0
309,2021-10-20 06:49:34,22900.0,1000.0,890200.0
310,2021-10-20 06:49:34,22900.0,200.0,889200.0
311,2021-10-20 06:49:18,22950.0,300.0,889000.0
312,2021-10-20 06:47:58,22950.0,200.0,888700.0
313,2021-10-20 06:47:58,22950.0,1000.0,888500.0
314,2021-10-20 06:47:58,22950.0,2400.0,887500.0
315,2021-10-20 06:47:48,22950.0,2600.0,885100.0
316,2021-10-20 06:47:48,22950.0,1900.0,882500.0
317,2021-10-20 06:46:32,23000.0,100.0,880600.0
318,2021-10-20 06:46:32,23000.0,2900.0,880500.0
319,2021-10-20 06:44:49,23000.0,200.0,877600.0
320,2021-10-20 06:44:39,23000.0,2000.0,877400.0
321,2021-10-20 06:44:30,22950.0,1000.0,875400.0
322,2021-10-20 06:44:17,23000.0,500.0,874400.0
323,2021-10-20 06:43:35,23000.0,100.0,873900.0
324,2021-10-20 06:43:23,22950.0,100.0,873800.0
325,2021-10-20 06:43:23,22950.0,2900.0,873700.0
326,2021-10-20 06:43:11,22950.0,100.0,870800.0
327,2021-10-20 06:43:11,22950.0,2000.0,870700.0
328,2021-10-20 06:42:53,22950.0,500.0,868700.0
329,2021-10-20 06:42:51,22950.0,500.0,868200.0
330,2021-10-20 06:42:51,22950.0,4000.0,867700.0
331,2021-10-20 06:42:51,22950.0,500.0,863700.0
332,2021-10-20 06:41:18,22900.0,1000.0,863200.0
333,2021-10-20 06:41:18,22900.0,1000.0,862200.0
334,2021-10-20 06:41:18,22900.0,1500.0,861200.0
335,2021-10-20 06:41:18,22900.0,2300.0,859700.0
336,2021-10-20 06:40:54,22900.0,1000.0,857400.0
337,2021-10-20 06:40:50,22900.0,1800.0,856400.0
338,2021-10-20 06:40:37,22900.0,2000.0,854600.0
339,2021-10-20 06:39:37,22900.0,1500.0,852600.0
340,2021-10-20 06:39:18,22900.0,200.0,851100.0
341,2021-10-20 06:39:16,22850.0,400.0,850900.0
342,2021-10-20 06:39:16,22850.0,600.0,850500.0
343,2021-10-20 06:39:13,22900.0,1000.0,849900.0
344,2021-10-20 06:39:13,22900.0,200.0,848900.0
345,2021-10-20 06:39:05,22900.0,1500.0,848700.0
346,2021-10-20 06:38:54,22900.0,100.0,847200.0
347,2021-10-20 06:38:28,22900.0,1300.0,847100.0
348,2021-10-20 06:38:23,22900.0,400.0,845800.0
349,2021-10-20 06:38:23,22900.0,100.0,845400.0
350,2021-10-20 06:37:50,22900.0,600.0,845300.0
351,2021-10-20 06:37:44,22900.0,100.0,844700.0
352,2021-10-20 06:37:11,22900.0,2500.0,844600.0
353,2021-10-20 06:37:00,22900.0,500.0,842100.0
354,2021-10-20 06:35:59,22850.0,200.0,841600.0
355,2021-10-20 06:35:34,22850.0,100.0,841400.0
356,2021-10-20 06:34:42,22900.0,1000.0,841300.0
357,2021-10-20 06:34:42,22900.0,200.0,840300.0
358,2021-10-20 06:34:42,22900.0,500.0,840100.0
359,2021-10-20 06:34:42,22900.0,1000.0,839600.0
360,2021-10-20 06:34:42,22900.0,300.0,838600.0
361,2021-10-20 06:34:42,22900.0,300.0,838300.0
362,2021-10-20 06:34:42,22900.0,300.0,838000.0
363,2021-10-20 06:34:42,22900.0,500.0,837700.0
364,2021-10-20 06:34:42,22900.0,100.0,837200.0
365,2021-10-20 06:34:42,22900.0,1100.0,837100.0
366,2021-10-20 06:34:42,22950.0,1700.0,836000.0
367,2021-10-20 06:34:15,22950.0,400.0,834300.0
368,2021-10-20 06:34:15,22950.0,100.0,833900.0
369,2021-10-20 06:32:22,22950.0,500.0,833800.0
370,2021-10-20 06:32:22,22950.0,500.0,833300.0
371,2021-10-20 06:32:22,23000.0,400.0,832800.0
372,2021-10-20 06:31:31,23000.0,100.0,832400.0
373,2021-10-20 06:31:31,23000.0,1900.0,832300.0
374,2021-10-20 06:30:58,23000.0,200.0,830400.0
375,2021-10-20 06:29:48,23000.0,900.0,830200.0
376,2021-10-20 06:29:20,23000.0,100.0,829300.0
377,2021-10-20 06:29:16,23000.0,500.0,829200.0
378,2021-10-20 06:29:16,23000.0,400.0,828700.0
379,2021-10-20 06:28:54,23000.0,500.0,828300.0
380,2021-10-20 06:28:29,22900.0,900.0,827800.0
381,2021-10-20 06:28:29,22900.0,1000.0,826900.0
382,2021-10-20 06:28:29,22950.0,100.0,825900.0
383,2021-10-20 06:28:26,23000.0,1000.0,825800.0
384,2021-10-20 06:28:22,22950.0,100.0,824800.0
385,2021-10-20 06:28:22,22950.0,500.0,824700.0
386,2021-10-20 06:28:12,23000.0,500.0,824200.0
387,2021-10-20 06:28:08,23000.0,500.0,823700.0
388,2021-10-20 06:28:08,23000.0,100.0,823200.0
389,2021-10-20 06:28:08,23000.0,100.0,823100.0
390,2021-10-20 06:28:08,23000.0,1000.0,823000.0
391,2021-10-20 06:28:08,23000.0,3000.0,822000.0
392,2021-10-20 06:28:08,23000.0,3300.0,819000.0
393,2021-10-20 06:27:59,23050.0,100.0,815700.0
394,2021-10-20 06:27:59,23050.0,300.0,815600.0
395,2021-10-20 06:27:59,23050.0,600.0,815300.0
396,2021-10-20 06:27:42,23050.0,200.0,814700.0
397,2021-10-20 06:27:12,23000.0,200.0,814500.0
398,2021-10-20 06:27:12,23000.0,100.0,814300.0
399,2021-10-20 06:27:12,23000.0,100.0,814200.0
400,2021-10-20 06:27:12,23000.0,200.0,814100.0
401,2021-10-20 06:26:58,23000.0,1800.0,813900.0
402,2021-10-20 06:26:58,23000.0,200.0,812100.0
403,2021-10-20 06:26:20,23050.0,200.0,811900.0
404,2021-10-20 06:26:20,23050.0,200.0,811700.0
405,2021-10-20 06:26:20,23050.0,100.0,811500.0
406,2021-10-20 06:25:58,23000.0,200.0,811400.0
407,2021-10-20 06:25:42,23000.0,100.0,811200.0
408,2021-10-20 06:25:42,23000.0,100.0,811100.0
409,2021-10-20 06:25:42,23000.0,500.0,811000.0
410,2021-10-20 06:25:42,23000.0,300.0,810500.0
411,2021-10-20 06:25:41,23000.0,900.0,810200.0
412,2021-10-20 06:25:41,23000.0,2000.0,809300.0
413,2021-10-20 06:24:16,23000.0,100.0,807300.0
414,2021-10-20 06:24:16,23000.0,100.0,807200.0
415,2021-10-20 06:24:16,23000.0,500.0,807100.0
416,2021-10-20 06:24:16,23000.0,100.0,806600.0
417,2021-10-20 06:24:16,23000.0,200.0,806500.0
418,2021-10-20 06:24:09,23050.0,700.0,806300.0
419,2021-10-20 06:24:09,23050.0,300.0,805600.0
420,2021-10-20 06:23:05,23050.0,200.0,805300.0
421,2021-10-20 06:22:39,23000.0,1800.0,805100.0
422,2021-10-20 06:22:39,23000.0,500.0,803300.0
423,2021-10-20 06:22:39,23000.0,400.0,802800.0
424,2021-10-20 06:22:39,23000.0,700.0,802400.0
425,2021-10-20 06:22:39,23000.0,2000.0,801700.0
426,2021-10-20 06:22:39,23000.0,800.0,799700.0
427,2021-10-20 06:22:39,23050.0,200.0,798900.0
428,2021-10-20 06:22:39,23050.0,2000.0,798700.0
429,2021-10-20 06:22:39,23050.0,1500.0,796700.0
430,2021-10-20 06:22:39,23050.0,100.0,795200.0
431,2021-10-20 06:22:16,23050.0,100.0,795100.0
432,2021-10-20 06:22:16,23050.0,300.0,795000.0
433,2021-10-20 06:21:59,23050.0,500.0,794700.0
434,2021-10-20 06:21:41,23050.0,1200.0,794200.0
435,2021-10-20 06:21:40,23050.0,800.0,793000.0
436,2021-10-20 06:21:09,23050.0,200.0,792200.0
437,2021-10-20 06:21:09,23050.0,100.0,792000.0
438,2021-10-20 06:20:54,23050.0,900.0,791900.0
439,2021-10-20 06:20:49,23050.0,100.0,791000.0
440,2021-10-20 06:20:49,23050.0,3900.0,790900.0
441,2021-10-20 06:20:35,23050.0,100.0,787000.0
442,2021-10-20 06:20:35,23050.0,1000.0,786900.0
443,2021-10-20 06:19:58,23050.0,1000.0,785900.0
444,2021-10-20 06:19:58,23050.0,200.0,784900.0
445,2021-10-20 06:19:58,23050.0,200.0,784700.0
446,2021-10-20 06:19:58,23050.0,300.0,784500.0
447,2021-10-20 06:19:58,23050.0,1000.0,784200.0
448,2021-10-20 06:19:45,23050.0,200.0,783200.0
449,2021-10-20 06:19:41,23050.0,500.0,783000.0
450,2021-10-20 06:18:59,23100.0,200.0,782500.0
451,2021-10-20 06:18:09,23100.0,500.0,782300.0
452,2021-10-20 06:17:57,23100.0,100.0,781800.0
453,2021-10-20 06:17:31,23050.0,1000.0,781700.0
454,2021-10-20 06:17:22,23100.0,200.0,780700.0
455,2021-10-20 06:17:08,23100.0,1600.0,780500.0
456,2021-10-20 06:16:57,23050.0,100.0,778900.0
457,2021-10-20 06:16:57,23050.0,300.0,778800.0
458,2021-10-20 06:16:49,23050.0,200.0,778500.0
459,2021-10-20 06:16:42,23000.0,300.0,778300.0
460,2021-10-20 06:16:38,23000.0,1000.0,778000.0
461,2021-10-20 06:15:53,23000.0,1100.0,777000.0
462,2021-10-20 06:15:34,23000.0,1800.0,775900.0
463,2021-10-20 06:15:30,23000.0,3900.0,774100.0
464,2021-10-20 06:15:30,23000.0,2000.0,770200.0
465,2021-10-20 06:15:30,23000.0,2000.0,768200.0
466,2021-10-20 06:15:30,23000.0,100.0,766200.0
467,2021-10-20 06:15:30,23000.0,100.0,766100.0
468,2021-10-20 06:15:30,23000.0,100.0,766000.0
469,2021-10-20 06:14:22,23000.0,400.0,765900.0
470,2021-10-20 06:14:16,23000.0,100.0,765500.0
471,2021-10-20 06:14:07,23000.0,400.0,765400.0
472,2021-10-20 06:14:07,23000.0,200.0,765000.0
473,2021-10-20 06:14:07,23000.0,200.0,764800.0
474,2021-10-20 06:14:07,23000.0,1000.0,764600.0
475,2021-10-20 06:14:07,23000.0,100.0,763600.0
476,2021-10-20 06:14:07,23050.0,100.0,763500.0
477,2021-10-20 06:14:02,23100.0,1000.0,763400.0
478,2021-10-20 06:14:02,23100.0,100.0,762400.0
479,2021-10-20 06:14:00,23100.0,100.0,762300.0
480,2021-10-20 06:13:42,23200.0,300.0,762200.0
481,2021-10-20 06:13:42,23200.0,600.0,761900.0
482,2021-10-20 06:13:42,23200.0,100.0,761300.0
483,2021-10-20 06:13:42,23200.0,1200.0,761200.0
484,2021-10-20 06:13:41,23300.0,300.0,760000.0
485,2021-10-20 06:13:41,23250.0,200.0,759700.0
486,2021-10-20 06:13:38,23200.0,100.0,759500.0
487,2021-10-20 06:13:26,23200.0,3700.0,759400.0
488,2021-10-20 06:13:26,23200.0,100.0,755700.0
489,2021-10-20 06:13:26,23200.0,5000.0,755600.0
490,2021-10-20 06:13:26,23200.0,1200.0,750600.0
491,2021-10-20 06:13:15,23250.0,100.0,749400.0
492,2021-10-20 06:12:48,23250.0,100.0,749300.0
493,2021-10-20 06:12:44,23250.0,400.0,749200.0
494,2021-10-20 06:12:44,23250.0,200.0,748800.0
495,2021-10-20 06:12:44,23250.0,200.0,748600.0
496,2021-10-20 06:12:44,23250.0,200.0,748400.0
497,2021-10-20 06:12:31,23300.0,200.0,748200.0
498,2021-10-20 06:12:31,23300.0,100.0,748000.0
499,2021-10-20 06:12:31,23300.0,100.0,747900.0
500,2021-10-20 06:12:31,23300.0,500.0,747800.0
501,2021-10-20 06:12:17,23300.0,900.0,747300.0
502,2021-10-20 06:12:04,23300.0,100.0,746400.0
503,2021-10-20 06:12:04,23300.0,3500.0,746300.0
504,2021-10-20 06:11:53,23300.0,100.0,742800.0
505,2021-10-20 06:11:35,23300.0,1000.0,742700.0
506,2021-10-20 06:11:35,23300.0,100.0,741700.0
507,2021-10-20 06:11:35,23300.0,200.0,741600.0
508,2021-10-20 06:11:35,23300.0,4500.0,741400.0
509,2021-10-20 06:11:27,23300.0,500.0,736900.0
510,2021-10-20 06:11:27,23300.0,500.0,736400.0
511,2021-10-20 06:11:27,23300.0,2000.0,735900.0
512,2021-10-20 06:11:23,23300.0,300.0,733900.0
513,2021-10-20 06:10:48,23300.0,100.0,733600.0
514,2021-10-20 06:10:35,23300.0,500.0,733500.0
515,2021-10-20 06:10:35,23300.0,700.0,733000.0
516,2021-10-20 06:10:23,23300.0,200.0,732300.0
517,2021-10-20 06:10:22,23300.0,500.0,732100.0
518,2021-10-20 06:10:20,23300.0,700.0,731600.0
519,2021-10-20 06:10:04,23350.0,900.0,730900.0
520,2021-10-20 06:10:02,23200.0,10000.0,730000.0
521,2021-10-20 06:10:02,23300.0,10000.0,720000.0
522,2021-10-20 06:09:48,23200.0,800.0,710000.0
523,2021-10-20 06:09:48,23250.0,200.0,709200.0
524,2021-10-20 06:09:48,23300.0,500.0,709000.0
525,2021-10-20 06:09:48,23300.0,2100.0,708500.0
526,2021-10-20 06:09:48,23350.0,1200.0,706400.0
527,2021-10-20 06:09:48,23350.0,200.0,705200.0
528,2021-10-20 06:09:42,23300.0,200.0,705000.0
529,2021-10-20 06:09:39,23300.0,2700.0,704800.0
530,2021-10-20 06:09:39,23300.0,2300.0,702100.0
531,2021-10-20 06:09:34,23300.0,200.0,699800.0
532,2021-10-20 06:09:34,23300.0,100.0,699600.0
533,2021-10-20 06:09:33,23300.0,2400.0,699500.0
534,2021-10-20 06:09:32,23300.0,5000.0,697100.0
535,2021-10-20 06:09:32,23300.0,2600.0,692100.0
536,2021-10-20 06:09:23,23300.0,1000.0,689500.0
537,2021-10-20 06:09:23,23300.0,400.0,688500.0
538,2021-10-20 06:09:20,23300.0,1100.0,688100.0
539,2021-10-20 06:09:20,23300.0,600.0,687000.0
540,2021-10-20 06:09:20,23300.0,200.0,686400.0
541,2021-10-20 06:09:20,23300.0,100.0,686200.0
542,2021-10-20 06:09:20,23300.0,2700.0,686100.0
543,2021-10-20 06:09:18,23300.0,5200.0,683400.0
544,2021-10-20 06:09:11,23300.0,2000.0,678200.0
545,2021-10-20 06:09:11,23200.0,1000.0,676200.0
546,2021-10-20 06:09:05,23300.0,100.0,675200.0
547,2021-10-20 06:09:00,23300.0,500.0,675100.0
548,2021-10-20 06:08:49,23300.0,500.0,674600.0
549,2021-10-20 06:08:49,23300.0,500.0,674100.0
550,2021-10-20 06:08:46,23200.0,1000.0,673600.0
551,2021-10-20 06:08:37,23200.0,1000.0,672600.0
552,2021-10-20 06:08:37,23200.0,1000.0,671600.0
553,2021-10-20 06:08:28,23300.0,700.0,670600.0
554,2021-10-20 06:08:28,23300.0,1000.0,669900.0
555,2021-10-20 06:08:28,23300.0,1000.0,668900.0
556,2021-10-20 06:08:28,23300.0,600.0,667900.0
557,2021-10-20 06:08:28,23300.0,500.0,667300.0
558,2021-10-20 06:08:28,23300.0,100.0,666800.0
559,2021-10-20 06:08:28,23300.0,700.0,666700.0
560,2021-10-20 06:08:28,23300.0,100.0,666000.0
561,2021-10-20 06:08:28,23300.0,200.0,665900.0
562,2021-10-20 06:08:28,23300.0,100.0,665700.0
563,2021-10-20 06:08:28,23300.0,300.0,665600.0
564,2021-10-20 06:08:28,23300.0,2000.0,665300.0
565,2021-10-20 06:08:28,23300.0,5000.0,663300.0
566,2021-10-20 06:08:28,23300.0,400.0,658300.0
567,2021-10-20 06:08:28,23300.0,300.0,657900.0
568,2021-10-20 06:08:28,23250.0,4000.0,657600.0
569,2021-10-20 06:08:28,23250.0,100.0,653600.0
570,2021-10-20 06:08:28,23200.0,300.0,653500.0
571,2021-10-20 06:08:28,23200.0,1600.0,653200.0
572,2021-10-20 06:08:26,23200.0,1400.0,651600.0
573,2021-10-20 06:08:26,23200.0,1000.0,650200.0
574,2021-10-20 06:08:26,23200.0,100.0,649200.0
575,2021-10-20 06:08:26,23200.0,7500.0,649100.0
576,2021-10-20 06:08:23,23200.0,1500.0,641600.0
577,2021-10-20 06:08:23,23200.0,500.0,640100.0
578,2021-10-20 06:08:23,23200.0,1300.0,639600.0
579,2021-10-20 06:08:20,23200.0,1700.0,638300.0
580,2021-10-20 06:08:20,23200.0,3500.0,636600.0
581,2021-10-20 06:08:20,23200.0,4000.0,633100.0
582,2021-10-20 06:08:20,23200.0,7000.0,629100.0
583,2021-10-20 06:08:20,23200.0,500.0,622100.0
584,2021-10-20 06:08:20,23200.0,500.0,621600.0
585,2021-10-20 06:08:20,23200.0,3000.0,621100.0
586,2021-10-20 06:08:20,23200.0,9800.0,618100.0
587,2021-10-20 06:08:16,23200.0,5000.0,608300.0
588,2021-10-20 06:08:12,23150.0,3700.0,603300.0
589,2021-10-20 06:08:12,23150.0,300.0,599600.0
590,2021-10-20 06:08:05,23200.0,200.0,599300.0
591,2021-10-20 06:08:05,23200.0,2000.0,599100.0
592,2021-10-20 06:08:05,23200.0,200.0,597100.0
593,2021-10-20 06:08:05,23200.0,600.0,596900.0
594,2021-10-20 06:08:00,23200.0,200.0,596300.0
595,2021-10-20 06:07:55,23150.0,200.0,596100.0
596,2021-10-20 06:07:53,23200.0,3000.0,595900.0
597,2021-10-20 06:07:52,23200.0,100.0,592900.0
598,2021-10-20 06:07:30,23200.0,6100.0,592800.0
599,2021-10-20 06:07:30,23200.0,2000.0,586700.0
600,2021-10-20 06:07:30,23200.0,100.0,584700.0
601,2021-10-20 06:07:30,23200.0,300.0,584600.0
602,2021-10-20 06:07:30,23200.0,300.0,584300.0
603,2021-10-20 06:07:30,23200.0,100.0,584000.0
604,2021-10-20 06:07:30,23150.0,1000.0,583900.0
605,2021-10-20 06:07:30,23150.0,100.0,582900.0
606,2021-10-20 06:07:18,23150.0,200.0,582800.0
607,2021-10-20 06:07:18,23150.0,200.0,582600.0
608,2021-10-20 06:07:18,23150.0,100.0,582400.0
609,2021-10-20 06:07:03,23100.0,100.0,582300.0
610,2021-10-20 06:07:03,23100.0,300.0,582200.0
611,2021-10-20 06:07:03,23100.0,700.0,581900.0
612,2021-10-20 06:06:50,23100.0,100.0,581200.0
613,2021-10-20 06:06:41,23100.0,100.0,581100.0
614,2021-10-20 06:06:39,23100.0,1500.0,581000.0
615,2021-10-20 06:06:39,23100.0,100.0,579500.0
616,2021-10-20 06:06:39,23100.0,400.0,579400.0
617,2021-10-20 06:06:28,23100.0,600.0,579000.0
618,2021-10-20 06:06:28,23100.0,100.0,578400.0
619,2021-10-20 06:06:28,23100.0,2000.0,578300.0
620,2021-10-20 06:06:28,23100.0,500.0,576300.0
621,2021-10-20 06:06:28,23100.0,1800.0,575800.0
622,2021-10-20 06:06:16,23100.0,200.0,574000.0
623,2021-10-20 06:06:16,23100.0,100.0,573800.0
624,2021-10-20 06:06:16,23100.0,500.0,573700.0
625,2021-10-20 06:06:16,23050.0,100.0,573200.0
626,2021-10-20 06:06:02,23000.0,100.0,573100.0
627,2021-10-20 06:06:01,23000.0,100.0,573000.0
628,2021-10-20 06:06:01,23000.0,400.0,572900.0
629,2021-10-20 06:06:01,23000.0,2500.0,572500.0
630,2021-10-20 06:05:58,23000.0,1500.0,570000.0
631,2021-10-20 06:05:58,23000.0,2000.0,568500.0
632,2021-10-20 06:05:58,23000.0,1500.0,566500.0
633,2021-10-20 06:05:56,23000.0,500.0,565000.0
634,2021-10-20 06:05:52,23000.0,3300.0,564500.0
635,2021-10-20 06:05:52,23000.0,900.0,561200.0
636,2021-10-20 06:05:52,23000.0,500.0,560300.0
637,2021-10-20 06:05:52,23000.0,500.0,559800.0
638,2021-10-20 06:05:52,23000.0,100.0,559300.0
639,2021-10-20 06:05:52,23000.0,1000.0,559200.0
640,2021-10-20 06:05:52,23000.0,1000.0,558200.0
641,2021-10-20 06:05:52,23000.0,100.0,557200.0
642,2021-10-20 06:05:52,23000.0,1500.0,557100.0
643,2021-10-20 06:05:52,23000.0,800.0,555600.0
644,2021-10-20 06:05:52,23000.0,200.0,554800.0
645,2021-10-20 06:05:52,23000.0,100.0,554600.0
646,2021-10-20 06:05:45,23000.0,1900.0,554500.0
647,2021-10-20 06:05:45,23000.0,1000.0,552600.0
648,2021-10-20 06:05:45,23000.0,500.0,551600.0
649,2021-10-20 06:05:45,23000.0,500.0,551100.0
650,2021-10-20 06:05:45,23000.0,100.0,550600.0
651,2021-10-20 06:05:45,23000.0,2000.0,550500.0
652,2021-10-20 06:05:45,23000.0,200.0,548500.0
653,2021-10-20 06:05:45,23000.0,300.0,548300.0
654,2021-10-20 06:05:45,23000.0,100.0,548000.0
655,2021-10-20 06:05:45,23000.0,1000.0,547900.0
656,2021-10-20 06:05:45,23000.0,500.0,546900.0
657,2021-10-20 06:05:45,23000.0,500.0,546400.0
658,2021-10-20 06:05:45,23000.0,100.0,545900.0
659,2021-10-20 06:05:45,23000.0,3000.0,545800.0
660,2021-10-20 06:05:45,23000.0,1000.0,542800.0
661,2021-10-20 06:05:45,23000.0,200.0,541800.0
662,2021-10-20 06:05:45,23000.0,500.0,541600.0
663,2021-10-20 06:05:45,23000.0,200.0,541100.0
664,2021-10-20 06:05:45,23000.0,3000.0,540900.0
665,2021-10-20 06:05:45,23000.0,300.0,537900.0
666,2021-10-20 06:05:45,23000.0,1000.0,537600.0
667,2021-10-20 06:05:45,23000.0,300.0,536600.0
668,2021-10-20 06:05:45,23000.0,3000.0,536300.0
669,2021-10-20 06:05:45,23000.0,100.0,533300.0
670,2021-10-20 06:05:45,23000.0,500.0,533200.0
671,2021-10-20 06:05:45,23000.0,500.0,532700.0
672,2021-10-20 06:05:45,23000.0,5000.0,532200.0
673,2021-10-20 06:05:45,23000.0,5000.0,527200.0
674,2021-10-20 06:05:45,23000.0,100.0,522200.0
675,2021-10-20 06:05:45,23000.0,100.0,522100.0
676,2021-10-20 06:05:45,23000.0,300.0,522000.0
677,2021-10-20 06:05:45,23000.0,200.0,521700.0
678,2021-10-20 06:05:45,23000.0,2000.0,521500.0
679,2021-10-20 06:05:45,23000.0,1500.0,519500.0
680,2021-10-20 06:05:45,23000.0,100.0,518000.0
681,2021-10-20 06:05:45,23000.0,1000.0,517900.0
682,2021-10-20 06:05:45,23000.0,400.0,516900.0
683,2021-10-20 06:05:45,23000.0,10000.0,516500.0
684,2021-10-20 06:05:45,23000.0,200.0,506500.0
685,2021-10-20 06:05:45,23000.0,100.0,506300.0
686,2021-10-20 06:05:45,23000.0,1000.0,506200.0
687,2021-10-20 06:05:45,23000.0,300.0,505200.0
688,2021-10-20 06:05:45,23000.0,400.0,504900.0
689,2021-10-20 06:05:42,23000.0,100.0,504500.0
690,2021-10-20 06:05:42,22950.0,100.0,504400.0
691,2021-10-20 06:05:42,22950.0,300.0,504300.0
692,2021-10-20 06:05:42,22950.0,2400.0,504000.0
693,2021-10-20 06:05:33,22950.0,1600.0,501600.0
694,2021-10-20 06:05:33,22950.0,2000.0,500000.0
695,2021-10-20 06:05:33,22950.0,100.0,498000.0
696,2021-10-20 06:05:33,22950.0,1300.0,497900.0
697,2021-10-20 06:05:25,22950.0,900.0,496600.0
698,2021-10-20 06:05:25,22950.0,500.0,495700.0
699,2021-10-20 06:05:25,22950.0,600.0,495200.0
700,2021-10-20 06:05:22,22950.0,400.0,494600.0
701,2021-10-20 06:05:22,22950.0,100.0,494200.0
702,2021-10-20 06:05:22,22950.0,400.0,494100.0
703,2021-10-20 06:05:20,22900.0,200.0,493700.0
704,2021-10-20 06:05:12,22900.0,4000.0,493500.0
705,2021-10-20 06:05:12,22900.0,100.0,489500.0
706,2021-10-20 06:05:12,22900.0,1900.0,489400.0
707,2021-10-20 06:05:10,22900.0,300.0,487500.0
708,2021-10-20 06:05:10,22900.0,100.0,487200.0
709,2021-10-20 06:05:02,22900.0,300.0,487100.0
710,2021-10-20 06:04:58,22900.0,1400.0,486800.0
711,2021-10-20 06:04:58,22900.0,1000.0,485400.0
712,2021-10-20 06:04:58,22900.0,2600.0,484400.0
713,2021-10-20 06:04:56,22900.0,300.0,481800.0
714,2021-10-20 06:04:55,22900.0,100.0,481500.0
715,2021-10-20 06:04:55,22900.0,1000.0,481400.0
716,2021-10-20 06:04:55,22900.0,400.0,480400.0
717,2021-10-20 06:04:53,22900.0,3500.0,480000.0
718,2021-10-20 06:04:53,22900.0,1000.0,476500.0
719,2021-10-20 06:04:53,22900.0,5000.0,475500.0
720,2021-10-20 06:04:53,22900.0,400.0,470500.0
721,2021-10-20 06:04:53,22900.0,500.0,470100.0
722,2021-10-20 06:04:53,22900.0,5000.0,469600.0
723,2021-10-20 06:04:53,22900.0,10000.0,464600.0
724,2021-10-20 06:04:53,22900.0,4600.0,454600.0
725,2021-10-20 06:04:53,22900.0,1400.0,450000.0
726,2021-10-20 06:04:53,22900.0,100.0,448600.0
727,2021-10-20 06:04:53,22900.0,100.0,448500.0
728,2021-10-20 06:04:53,22900.0,400.0,448400.0
729,2021-10-20 06:04:53,22900.0,3000.0,448000.0
730,2021-10-20 06:04:46,22900.0,2000.0,445000.0
731,2021-10-20 06:04:46,22900.0,500.0,443000.0
732,2021-10-20 06:04:46,22900.0,100.0,442500.0
733,2021-10-20 06:04:46,22900.0,500.0,442400.0
734,2021-10-20 06:04:46,22900.0,200.0,441900.0
735,2021-10-20 06:04:46,22900.0,500.0,441700.0
736,2021-10-20 06:04:46,22900.0,2000.0,441200.0
737,2021-10-20 06:04:46,22900.0,1000.0,439200.0
738,2021-10-20 06:04:46,22900.0,100.0,438200.0
739,2021-10-20 06:04:46,22900.0,5000.0,438100.0
740,2021-10-20 06:04:46,22900.0,500.0,433100.0
741,2021-10-20 06:04:46,22900.0,3000.0,432600.0
742,2021-10-20 06:04:46,22900.0,8000.0,429600.0
743,2021-10-20 06:04:46,22900.0,2000.0,421600.0
744,2021-10-20 06:04:46,22900.0,4600.0,419600.0
745,2021-10-20 06:04:41,22900.0,5000.0,415000.0
746,2021-10-20 06:04:10,22900.0,400.0,410000.0
747,2021-10-20 06:04:10,22900.0,100.0,409600.0
748,2021-10-20 06:03:59,22900.0,100.0,409500.0
749,2021-10-20 06:03:53,22900.0,4700.0,409400.0
750,2021-10-20 06:03:53,22900.0,300.0,404700.0
751,2021-10-20 06:03:39,22900.0,200.0,404400.0
752,2021-10-20 06:03:39,22850.0,100.0,404200.0
753,2021-10-20 06:03:39,22850.0,4000.0,404100.0
754,2021-10-20 06:03:39,22850.0,100.0,400100.0
755,2021-10-20 06:03:39,22850.0,300.0,400000.0
756,2021-10-20 06:03:39,22850.0,3000.0,399700.0
757,2021-10-20 06:03:39,22850.0,1000.0,396700.0
758,2021-10-20 06:03:39,22850.0,2000.0,395700.0
759,2021-10-20 06:03:39,22850.0,300.0,393700.0
760,2021-10-20 06:03:39,22850.0,1000.0,393400.0
761,2021-10-20 06:03:39,22850.0,300.0,392400.0
762,2021-10-20 06:03:39,22850.0,100.0,392100.0
763,2021-10-20 06:03:39,22850.0,5400.0,392000.0
764,2021-10-20 06:03:39,22800.0,500.0,386600.0
765,2021-10-20 06:03:39,22800.0,200.0,386100.0
766,2021-10-20 06:03:39,22800.0,200.0,385900.0
767,2021-10-20 06:03:39,22800.0,7400.0,385700.0
768,2021-10-20 06:03:39,22800.0,1000.0,378300.0
769,2021-10-20 06:03:39,22800.0,500.0,377300.0
770,2021-10-20 06:03:39,22800.0,2000.0,376800.0
771,2021-10-20 06:03:39,22800.0,100.0,374800.0
772,2021-10-20 06:03:39,22800.0,300.0,374700.0
773,2021-10-20 06:03:25,22800.0,1000.0,374400.0
774,2021-10-20 06:03:00,22800.0,1700.0,373400.0
775,2021-10-20 06:03:00,22800.0,2000.0,371700.0
776,2021-10-20 06:03:00,22800.0,300.0,369700.0
777,2021-10-20 06:03:00,22800.0,1000.0,369400.0
778,2021-10-20 06:03:00,22800.0,1000.0,368400.0
779,2021-10-20 06:03:00,22800.0,100.0,367400.0
780,2021-10-20 06:03:00,22800.0,500.0,367300.0
781,2021-10-20 06:03:00,22800.0,3000.0,366800.0
782,2021-10-20 06:03:00,22800.0,3000.0,363800.0
783,2021-10-20 06:03:00,22800.0,15600.0,360800.0
784,2021-10-20 06:03:00,22800.0,4000.0,345200.0
785,2021-10-20 06:02:34,22800.0,200.0,341200.0
786,2021-10-20 06:02:34,22800.0,300.0,341000.0
787,2021-10-20 06:00:54,22750.0,100.0,340700.0
788,2021-10-20 06:00:54,22750.0,8700.0,340600.0
789,2021-10-20 06:00:35,22750.0,1300.0,331900.0
790,2021-10-20 06:00:35,22750.0,300.0,330600.0
791,2021-10-20 06:00:35,22750.0,200.0,330300.0
792,2021-10-20 06:00:24,22700.0,1000.0,330100.0
793,2021-10-20 06:00:21,22700.0,400.0,329100.0
794,2021-10-20 06:00:14,22700.0,500.0,328700.0
795,2021-10-20 06:00:04,22700.0,1100.0,328200.0
796,2021-10-20 06:00:02,22700.0,1100.0,327100.0
797,2021-10-20 06:00:02,22700.0,900.0,326000.0
798,2021-10-20 06:00:01,22750.0,200.0,325100.0
799,2021-10-20 04:29:23,22700.0,300.0,324900.0
800,2021-10-20 04:29:14,22750.0,100.0,324600.0
801,2021-10-20 04:28:34,22700.0,100.0,324500.0
802,2021-10-20 04:28:34,22700.0,700.0,324400.0
803,2021-10-20 04:28:28,22700.0,200.0,323700.0
804,2021-10-20 04:26:43,22700.0,200.0,323500.0
805,2021-10-20 04:26:39,22700.0,2900.0,323300.0
806,2021-10-20 04:26:23,22700.0,100.0,320400.0
807,2021-10-20 04:26:18,22700.0,100.0,320300.0
808,2021-10-20 04:26:14,22700.0,100.0,320200.0
809,2021-10-20 04:25:59,22700.0,100.0,320100.0
810,2021-10-20 04:25:32,22700.0,100.0,320000.0
811,2021-10-20 04:25:17,22700.0,100.0,319900.0
812,2021-10-20 04:22:52,22700.0,1500.0,319800.0
813,2021-10-20 04:22:43,22700.0,200.0,318300.0
814,2021-10-20 04:22:43,22700.0,6300.0,318100.0
815,2021-10-20 04:21:29,22700.0,1700.0,311800.0
816,2021-10-20 04:21:01,22700.0,300.0,310100.0
817,2021-10-20 04:21:01,22700.0,3600.0,309800.0
818,2021-10-20 04:20:23,22700.0,4900.0,306200.0
819,2021-10-20 04:20:23,22700.0,100.0,301300.0
820,2021-10-20 04:19:51,22650.0,900.0,301200.0
821,2021-10-20 04:17:57,22650.0,100.0,300300.0
822,2021-10-20 04:17:57,22650.0,100.0,300200.0
823,2021-10-20 04:17:57,22650.0,3000.0,300100.0
824,2021-10-20 04:17:57,22650.0,1000.0,297100.0
825,2021-10-20 04:17:57,22650.0,3000.0,296100.0
826,2021-10-20 04:17:57,22650.0,300.0,293100.0
827,2021-10-20 04:14:36,22650.0,400.0,292800.0
828,2021-10-20 04:13:36,22650.0,600.0,292400.0
829,2021-10-20 04:09:40,22700.0,2000.0,291800.0
830,2021-10-20 04:05:38,22700.0,900.0,289800.0
831,2021-10-20 04:05:38,22700.0,500.0,288900.0
832,2021-10-20 04:05:38,22700.0,200.0,288400.0
833,2021-10-20 04:05:38,22700.0,3100.0,288200.0
834,2021-10-20 04:05:38,22700.0,300.0,285100.0
835,2021-10-20 04:04:27,22650.0,100.0,284800.0
836,2021-10-20 04:02:41,22700.0,200.0,284700.0
837,2021-10-20 04:02:41,22700.0,100.0,284500.0
838,2021-10-20 04:00:00,22700.0,300.0,284400.0
839,2021-10-20 03:59:47,22700.0,200.0,284100.0
840,2021-10-20 03:56:51,22700.0,3000.0,283900.0
841,2021-10-20 03:56:43,22650.0,1000.0,280900.0
842,2021-10-20 03:56:43,22650.0,10000.0,279900.0
843,2021-10-20 03:56:32,22700.0,800.0,269900.0
844,2021-10-20 03:54:38,22700.0,2000.0,269100.0
845,2021-10-20 03:53:37,22700.0,1500.0,267100.0
846,2021-10-20 03:53:00,22700.0,1500.0,265600.0
847,2021-10-20 03:52:54,22650.0,500.0,264100.0
848,2021-10-20 03:52:33,22650.0,100.0,263600.0
849,2021-10-20 03:49:45,22700.0,500.0,263500.0
850,2021-10-20 03:47:53,22700.0,100.0,263000.0
851,2021-10-20 03:47:20,22700.0,100.0,262900.0
852,2021-10-20 03:46:27,22700.0,500.0,262800.0
853,2021-10-20 03:46:27,22700.0,200.0,262300.0
854,2021-10-20 03:45:22,22700.0,800.0,262100.0
855,2021-10-20 03:45:22,22700.0,3000.0,261300.0
856,2021-10-20 03:45:22,22700.0,200.0,258300.0
857,2021-10-20 03:43:56,22650.0,5900.0,258100.0
858,2021-10-20 03:43:38,22650.0,800.0,252200.0
859,2021-10-20 03:41:51,22700.0,200.0,251400.0
860,2021-10-20 03:41:20,22700.0,100.0,251200.0
861,2021-10-20 03:41:20,22700.0,800.0,251100.0
862,2021-10-20 03:40:26,22700.0,1000.0,250300.0
863,2021-10-20 03:39:37,22700.0,400.0,249300.0
864,2021-10-20 03:39:34,22650.0,500.0,248900.0
865,2021-10-20 03:39:34,22650.0,200.0,248400.0
866,2021-10-20 03:39:34,22650.0,100.0,248200.0
867,2021-10-20 03:39:34,22650.0,100.0,248100.0
868,2021-10-20 03:39:34,22650.0,200.0,248000.0
869,2021-10-20 03:39:26,22650.0,100.0,247800.0
870,2021-10-20 03:37:21,22800.0,200.0,247700.0
871,2021-10-20 03:37:21,22800.0,100.0,247500.0
872,2021-10-20 03:37:21,22800.0,100.0,247400.0
873,2021-10-20 03:37:21,22750.0,500.0,247300.0
874,2021-10-20 03:36:08,22750.0,100.0,246800.0
875,2021-10-20 03:33:17,22700.0,10000.0,246700.0
876,2021-10-20 03:32:04,22700.0,100.0,236700.0
877,2021-10-20 03:31:26,22700.0,400.0,236600.0
878,2021-10-20 03:31:26,22700.0,200.0,236200.0
879,2021-10-20 03:31:26,22700.0,1000.0,236000.0
880,2021-10-20 03:31:26,22700.0,100.0,235000.0
881,2021-10-20 03:31:23,22700.0,500.0,234900.0
882,2021-10-20 03:30:32,22700.0,5100.0,234400.0
883,2021-10-20 03:30:32,22700.0,4900.0,229300.0
884,2021-10-20 03:30:08,22750.0,500.0,224400.0
885,2021-10-20 03:29:36,22750.0,500.0,223900.0
886,2021-10-20 03:29:36,22850.0,1700.0,223400.0
887,2021-10-20 03:29:36,22800.0,500.0,221700.0
888,2021-10-20 03:29:36,22800.0,100.0,221200.0
889,2021-10-20 03:29:36,22800.0,500.0,221100.0
890,2021-10-20 03:29:36,22800.0,500.0,220600.0
891,2021-10-20 03:29:36,22800.0,1300.0,220100.0
892,2021-10-20 03:29:36,22800.0,1000.0,218800.0
893,2021-10-20 03:29:36,22800.0,400.0,217800.0
894,2021-10-20 03:29:05,22750.0,3800.0,217400.0
895,2021-10-20 03:29:05,22750.0,200.0,213600.0
896,2021-10-20 03:27:38,22800.0,5000.0,213400.0
897,2021-10-20 03:27:36,22800.0,2000.0,208400.0
898,2021-10-20 03:27:19,22800.0,200.0,206400.0
899,2021-10-20 03:27:19,22800.0,5000.0,206200.0
900,2021-10-20 03:25:36,22800.0,200.0,201200.0
901,2021-10-20 03:24:44,22800.0,100.0,201000.0
902,2021-10-20 03:24:44,22800.0,500.0,200900.0
903,2021-10-20 03:24:44,22800.0,200.0,200400.0
904,2021-10-20 03:24:44,22800.0,100.0,200200.0
905,2021-10-20 03:24:44,22800.0,1300.0,200100.0
906,2021-10-20 03:24:42,22850.0,1800.0,198800.0
907,2021-10-20 03:24:31,22800.0,1200.0,197000.0
908,2021-10-20 03:24:31,22800.0,500.0,195800.0
909,2021-10-20 03:24:31,22800.0,300.0,195300.0
910,2021-10-20 03:22:48,22800.0,1000.0,195000.0
911,2021-10-20 03:22:23,22800.0,500.0,194000.0
912,2021-10-20 03:21:43,22800.0,200.0,193500.0
913,2021-10-20 03:21:43,22800.0,100.0,193300.0
914,2021-10-20 03:21:43,22800.0,600.0,193200.0
915,2021-10-20 03:21:43,22800.0,1000.0,192600.0
916,2021-10-20 03:21:43,22800.0,600.0,191600.0
917,2021-10-20 03:21:43,22800.0,500.0,191000.0
918,2021-10-20 03:21:43,22800.0,5000.0,190500.0
919,2021-10-20 03:21:43,22800.0,100.0,185500.0
920,2021-10-20 03:21:43,22800.0,100.0,185400.0
921,2021-10-20 03:20:59,22750.0,100.0,185300.0
922,2021-10-20 03:17:31,22750.0,5000.0,185200.0
923,2021-10-20 03:15:59,22800.0,300.0,180200.0
924,2021-10-20 03:15:12,22800.0,1600.0,179900.0
925,2021-10-20 03:14:42,22800.0,3400.0,178300.0
926,2021-10-20 03:14:42,22800.0,200.0,174900.0
927,2021-10-20 03:14:42,22800.0,800.0,174700.0
928,2021-10-20 03:14:42,22800.0,5600.0,173900.0
929,2021-10-20 03:13:31,22800.0,100.0,168300.0
930,2021-10-20 03:13:24,22800.0,300.0,168200.0
931,2021-10-20 03:12:56,22800.0,10000.0,167900.0
932,2021-10-20 03:12:03,22800.0,3000.0,157900.0
933,2021-10-20 03:11:47,22800.0,500.0,154900.0
934,2021-10-20 03:11:46,22850.0,1100.0,154400.0
935,2021-10-20 03:11:46,22850.0,100.0,153300.0
936,2021-10-20 03:11:20,22800.0,500.0,153200.0
937,2021-10-20 03:09:57,22800.0,100.0,152700.0
938,2021-10-20 03:09:43,22800.0,1000.0,152600.0
939,2021-10-20 03:09:43,22800.0,700.0,151600.0
940,2021-10-20 03:09:43,22800.0,100.0,150900.0
941,2021-10-20 03:09:36,22800.0,100.0,150800.0
942,2021-10-20 03:09:08,22800.0,3000.0,150700.0
943,2021-10-20 03:07:19,22750.0,100.0,147700.0
944,2021-10-20 03:07:19,22750.0,800.0,147600.0
945,2021-10-20 03:07:19,22750.0,1100.0,146800.0
946,2021-10-20 03:07:05,22750.0,2000.0,145700.0
947,2021-10-20 03:06:50,22750.0,400.0,143700.0
948,2021-10-20 03:05:48,22700.0,100.0,143300.0
949,2021-10-20 03:05:46,22650.0,100.0,143200.0
950,2021-10-20 03:05:42,22650.0,500.0,143100.0
951,2021-10-20 03:05:42,22650.0,500.0,142600.0
952,2021-10-20 03:05:42,22650.0,1800.0,142100.0
953,2021-10-20 03:05:42,22650.0,1000.0,140300.0
954,2021-10-20 03:05:05,22700.0,1100.0,139300.0
955,2021-10-20 03:02:45,22700.0,500.0,138200.0
956,2021-10-20 03:01:28,22700.0,300.0,137700.0
957,2021-10-20 02:58:37,22700.0,200.0,137400.0
958,2021-10-20 02:57:41,22750.0,100.0,137200.0
959,2021-10-20 02:56:07,22600.0,100.0,137100.0
960,2021-10-20 02:56:07,22700.0,900.0,137000.0
961,2021-10-20 02:55:59,22700.0,100.0,136100.0
962,2021-10-20 02:55:59,22700.0,3000.0,136000.0
963,2021-10-20 02:55:59,22700.0,2000.0,133000.0
964,2021-10-20 02:53:55,22600.0,500.0,131000.0
965,2021-10-20 02:53:40,22700.0,200.0,130500.0
966,2021-10-20 02:53:40,22700.0,500.0,130300.0
967,2021-10-20 02:53:40,22700.0,2300.0,129800.0
968,2021-10-20 02:53:34,22700.0,200.0,127500.0
969,2021-10-20 02:53:07,22700.0,500.0,127300.0
970,2021-10-20 02:53:07,22700.0,100.0,126800.0
971,2021-10-20 02:53:07,22700.0,2900.0,126700.0
972,2021-10-20 02:53:07,22700.0,1500.0,123800.0
973,2021-10-20 02:52:52,22750.0,3000.0,122300.0
974,2021-10-20 02:52:42,22750.0,700.0,119300.0
975,2021-10-20 02:52:34,22750.0,600.0,118600.0
976,2021-10-20 02:52:31,22750.0,500.0,118000.0
977,2021-10-20 02:51:00,22750.0,500.0,117500.0
978,2021-10-20 02:48:41,22750.0,100.0,117000.0
979,2021-10-20 02:48:38,22750.0,100.0,116900.0
980,2021-10-20 02:47:55,22750.0,1900.0,116800.0
981,2021-10-20 02:47:40,22800.0,500.0,114900.0
982,2021-10-20 02:47:07,22800.0,500.0,114400.0
983,2021-10-20 02:46:39,22800.0,1000.0,113900.0
984,2021-10-20 02:45:45,22800.0,500.0,112900.0
985,2021-10-20 02:45:36,22800.0,100.0,112400.0
986,2021-10-20 02:45:25,22800.0,100.0,112300.0
987,2021-10-20 02:45:25,22800.0,300.0,112200.0
988,2021-10-20 02:45:14,22800.0,100.0,111900.0
989,2021-10-20 02:43:56,22800.0,600.0,111800.0
990,2021-10-20 02:43:56,22800.0,500.0,111200.0
991,2021-10-20 02:43:56,22800.0,100.0,110700.0
992,2021-10-20 02:43:56,22800.0,1800.0,110600.0
993,2021-10-20 02:43:44,22900.0,100.0,108800.0
994,2021-10-20 02:41:45,22900.0,4400.0,108700.0
995,2021-10-20 02:41:45,22900.0,600.0,104300.0
996,2021-10-20 02:41:17,22900.0,300.0,103700.0
997,2021-10-20 02:40:52,22900.0,1200.0,103400.0
998,2021-10-20 02:40:52,22900.0,300.0,102200.0
999,2021-10-20 02:40:52,22900.0,2000.0,101900.0
1000,2021-10-20 02:40:52,22900.0,100.0,99900.0
1001,2021-10-20 02:40:52,22900.0,1400.0,99800.0
1002,2021-10-20 02:40:32,22900.0,3600.0,98400.0
1003,2021-10-20 02:40:32,22900.0,100.0,94800.0
1004,2021-10-20 02:40:32,22900.0,200.0,94700.0
1005,2021-10-20 02:40:32,22900.0,100.0,94500.0
1006,2021-10-20 02:40:32,22850.0,1000.0,94400.0
1007,2021-10-20 02:39:39,22800.0,500.0,93400.0
1008,2021-10-20 02:39:00,22800.0,200.0,92900.0
1009,2021-10-20 02:38:14,22800.0,100.0,92700.0
1010,2021-10-20 02:38:12,22900.0,500.0,92600.0
1011,2021-10-20 02:38:04,22800.0,100.0,92100.0
1012,2021-10-20 02:37:54,22900.0,200.0,92000.0
1013,2021-10-20 02:37:54,22900.0,500.0,91800.0
1014,2021-10-20 02:37:54,22900.0,1000.0,91300.0
1015,2021-10-20 02:37:54,22900.0,400.0,90300.0
1016,2021-10-20 02:37:54,22900.0,1000.0,89900.0
1017,2021-10-20 02:37:54,22900.0,200.0,88900.0
1018,2021-10-20 02:37:54,22900.0,4200.0,88700.0
1019,2021-10-20 02:37:42,22800.0,700.0,84500.0
1020,2021-10-20 02:37:38,22900.0,9800.0,83800.0
1021,2021-10-20 02:37:38,22900.0,100.0,74000.0
1022,2021-10-20 02:37:38,22900.0,100.0,73900.0
1023,2021-10-20 02:37:30,22800.0,100.0,73800.0
1024,2021-10-20 02:37:01,22900.0,4900.0,73700.0
1025,2021-10-20 02:37:01,22900.0,100.0,68800.0
1026,2021-10-20 02:35:59,22700.0,200.0,68700.0
1027,2021-10-20 02:35:59,22800.0,2000.0,68500.0
1028,2021-10-20 02:35:59,22800.0,800.0,66500.0
1029,2021-10-20 02:35:49,22800.0,100.0,65700.0
1030,2021-10-20 02:35:43,22900.0,1900.0,65600.0
1031,2021-10-20 02:35:43,22900.0,500.0,63700.0
1032,2021-10-20 02:35:43,22900.0,2000.0,63200.0
1033,2021-10-20 02:35:43,22900.0,200.0,61200.0
1034,2021-10-20 02:35:43,22900.0,400.0,61000.0
1035,2021-10-20 02:35:22,22800.0,1000.0,60600.0
1036,2021-10-20 02:35:22,22800.0,1000.0,59600.0
1037,2021-10-20 02:35:22,22800.0,500.0,58600.0
1038,2021-10-20 02:35:22,22800.0,500.0,58100.0
1039,2021-10-20 02:35:22,22800.0,100.0,57600.0
1040,2021-10-20 02:35:22,22800.0,100.0,57500.0
1041,2021-10-20 02:35:22,22800.0,900.0,57400.0
1042,2021-10-20 02:35:07,22700.0,100.0,56500.0
1043,2021-10-20 02:35:07,22700.0,700.0,56400.0
1044,2021-10-20 02:35:07,22700.0,1000.0,55700.0
1045,2021-10-20 02:35:07,22700.0,100.0,54700.0
1046,2021-10-20 02:35:07,22700.0,500.0,54600.0
1047,2021-10-20 02:35:07,22700.0,100.0,54100.0
1048,2021-10-20 02:35:07,22700.0,800.0,54000.0
1049,2021-10-20 02:34:45,22700.0,500.0,53200.0
1050,2021-10-20 02:34:30,22700.0,300.0,52700.0
1051,2021-10-20 02:34:30,22700.0,100.0,52400.0
1052,2021-10-20 02:34:30,22700.0,600.0,52300.0
1053,2021-10-20 02:34:18,22600.0,5000.0,51700.0
1054,2021-10-20 02:34:15,22600.0,1000.0,46700.0
1055,2021-10-20 02:34:14,22700.0,100.0,45700.0
1056,2021-10-20 02:33:32,22600.0,100.0,45600.0
1057,2021-10-20 02:33:32,22600.0,300.0,45500.0
1058,2021-10-20 02:32:53,22600.0,1000.0,45200.0
1059,2021-10-20 02:32:06,22600.0,700.0,44200.0
1060,2021-10-20 02:31:59,22600.0,100.0,43500.0
1061,2021-10-20 02:28:42,22550.0,100.0,43400.0
1062,2021-10-20 02:28:26,22550.0,300.0,43300.0
1063,2021-10-20 02:28:26,22600.0,100.0,43000.0
1064,2021-10-20 02:27:48,22600.0,100.0,42900.0
1065,2021-10-20 02:27:48,22600.0,100.0,42800.0
1066,2021-10-20 02:27:40,22600.0,100.0,42700.0
1067,2021-10-20 02:27:28,22600.0,300.0,42600.0
1068,2021-10-20 02:27:00,22600.0,100.0,42300.0
1069,2021-10-20 02:26:27,22600.0,500.0,42200.0
1070,2021-10-20 02:26:24,22600.0,1600.0,41700.0
1071,2021-10-20 02:25:30,22600.0,1000.0,40100.0
1072,2021-10-20 02:24:47,22500.0,400.0,39100.0
1073,2021-10-20 02:24:47,22500.0,100.0,38700.0
1074,2021-10-20 02:24:47,22500.0,1000.0,38600.0
1075,2021-10-20 02:23:55,22500.0,500.0,37600.0
1076,2021-10-20 02:22:07,22500.0,300.0,37100.0
1077,2021-10-20 02:21:27,22500.0,200.0,36800.0
1078,2021-10-20 02:21:08,22500.0,1500.0,36600.0
1079,2021-10-20 02:21:08,22500.0,500.0,35100.0
1080,2021-10-20 02:20:55,22500.0,2000.0,34600.0
1081,2021-10-20 02:20:46,22500.0,2300.0,32600.0
1082,2021-10-20 02:20:42,22500.0,200.0,30300.0
1083,2021-10-20 02:20:42,22500.0,5500.0,30100.0
1084,2021-10-20 02:20:42,22500.0,2200.0,24600.0
1085,2021-10-20 02:20:42,22500.0,2100.0,22400.0
1086,2021-10-20 02:20:07,22500.0,200.0,20300.0
1087,2021-10-20 02:20:07,22550.0,500.0,20100.0
1088,2021-10-20 02:20:07,22550.0,100.0,19600.0
1089,2021-10-20 02:19:34,22700.0,100.0,19500.0
1090,2021-10-20 02:18:42,22700.0,200.0,19400.0
1091,2021-10-20 02:17:33,22700.0,200.0,19200.0
1092,2021-10-20 02:17:33,22700.0,600.0,19000.0
1093,2021-10-20 02:17:04,22700.0,400.0,18400.0
1094,2021-10-20 02:17:04,22700.0,100.0,18000.0
1095,2021-10-20 02:17:04,22700.0,200.0,17900.0
1096,2021-10-20 02:17:04,22700.0,300.0,17700.0
1097,2021-10-20 02:16:56,22700.0,200.0,17400.0
1098,2021-10-20 02:16:12,22800.0,100.0,17200.0
1099,2021-10-20 02:15:42,22900.0,200.0,17100.0
1100,2021-10-20 02:15:01,22900.0,100.0,16900.0
1101,2021-10-20 02:15:01,22900.0,400.0,16800.0
1102,2021-10-20 02:15:01,22900.0,100.0,16400.0
1103,2021-10-20 02:15:01,22900.0,300.0,16300.0
1104,2021-10-20 02:15:01,22900.0,100.0,16000.0
1105,2021-10-20 02:15:01,22900.0,100.0,15900.0
1106,2021-10-20 02:15:01,22900.0,500.0,15800.0
1107,2021-10-20 02:15:01,22900.0,1200.0,15300.0
1108,2021-10-20 02:15:01,22900.0,100.0,14100.0
1109,2021-10-20 02:15:01,22900.0,100.0,14000.0
1110,2021-10-20 02:15:01,22900.0,1000.0,13900.0
1111,2021-10-20 02:15:01,22900.0,3600.0,12900.0
1112,2021-10-20 02:15:01,22900.0,100.0,9300.0
1113,2021-10-20 02:15:01,22900.0,2000.0,9200.0
1114,2021-10-20 02:15:01,22900.0,4300.0,7200.0
1115,2021-10-20 02:15:01,22900.0,700.0,2900.0
1116,2021-10-20 02:15:01,22900.0,100.0,2200.0
1117,2021-10-20 02:15:01,22900.0,200.0,2100.0
1118,2021-10-20 02:15:01,22900.0,300.0,1900.0
1119,2021-10-20 02:15:01,22900.0,700.0,1600.0
1120,2021-10-20 02:15:01,22900.0,200.0,900.0
1121,2021-10-20 02:15:01,22900.0,600.0,700.0
1122,2021-10-20 02:15:01,22900.0,100.0,100.0
