,Time,Price,Volume_per_trade,Volume
0,2021-10-13 07:45:00,16600.0,3000.0,7285400.0
1,2021-10-13 07:45:00,16600.0,200.0,7282400.0
2,2021-10-13 07:45:00,16600.0,200.0,7282200.0
3,2021-10-13 07:45:00,16600.0,100.0,7282000.0
4,2021-10-13 07:45:00,16600.0,300.0,7281900.0
5,2021-10-13 07:45:00,16600.0,700.0,7281600.0
6,2021-10-13 07:45:00,16600.0,600.0,7280900.0
7,2021-10-13 07:45:00,16600.0,1000.0,7280300.0
8,2021-10-13 07:45:00,16600.0,3400.0,7279300.0
9,2021-10-13 07:45:00,16600.0,200.0,7275900.0
10,2021-10-13 07:45:00,16600.0,200.0,7275700.0
11,2021-10-13 07:45:00,16600.0,5000.0,7275500.0
12,2021-10-13 07:45:00,16600.0,3200.0,7270500.0
13,2021-10-13 07:45:00,16600.0,100.0,7267300.0
14,2021-10-13 07:45:00,16600.0,2000.0,7267200.0
15,2021-10-13 07:45:00,16600.0,4700.0,7265200.0
16,2021-10-13 07:45:00,16600.0,1000.0,7260500.0
17,2021-10-13 07:45:00,16600.0,4300.0,7259500.0
18,2021-10-13 07:45:00,16600.0,2200.0,7255200.0
19,2021-10-13 07:45:00,16600.0,1000.0,7253000.0
20,2021-10-13 07:45:00,16600.0,100.0,7252000.0
21,2021-10-13 07:45:00,16600.0,1000.0,7251900.0
22,2021-10-13 07:45:00,16600.0,2000.0,7250900.0
23,2021-10-13 07:45:00,16600.0,100.0,7248900.0
24,2021-10-13 07:45:00,16600.0,1500.0,7248800.0
25,2021-10-13 07:45:00,16600.0,2000.0,7247300.0
26,2021-10-13 07:45:00,16600.0,5000.0,7245300.0
27,2021-10-13 07:45:00,16600.0,500.0,7240300.0
28,2021-10-13 07:45:00,16600.0,500.0,7239800.0
29,2021-10-13 07:45:00,16600.0,500.0,7239300.0
30,2021-10-13 07:45:00,16600.0,2000.0,7238800.0
31,2021-10-13 07:45:00,16600.0,500.0,7236800.0
32,2021-10-13 07:45:00,16600.0,4500.0,7236300.0
33,2021-10-13 07:45:00,16600.0,100.0,7231800.0
34,2021-10-13 07:45:00,16600.0,1200.0,7231700.0
35,2021-10-13 07:45:00,16600.0,500.0,7230500.0
36,2021-10-13 07:45:00,16600.0,3700.0,7230000.0
37,2021-10-13 07:45:00,16600.0,200.0,7226300.0
38,2021-10-13 07:45:00,16600.0,500.0,7226100.0
39,2021-10-13 07:45:00,16600.0,600.0,7225600.0
40,2021-10-13 07:45:00,16600.0,600.0,7225000.0
41,2021-10-13 07:45:00,16600.0,100.0,7224400.0
42,2021-10-13 07:45:00,16600.0,100.0,7224300.0
43,2021-10-13 07:45:00,16600.0,2800.0,7224200.0
44,2021-10-13 07:45:00,16600.0,1000.0,7221400.0
45,2021-10-13 07:45:00,16600.0,1300.0,7220400.0
46,2021-10-13 07:45:00,16600.0,500.0,7219100.0
47,2021-10-13 07:45:00,16600.0,3000.0,7218600.0
48,2021-10-13 07:45:00,16600.0,1000.0,7215600.0
49,2021-10-13 07:45:00,16600.0,100.0,7214600.0
50,2021-10-13 07:45:00,16600.0,300.0,7214500.0
51,2021-10-13 07:45:00,16600.0,100.0,7214200.0
52,2021-10-13 07:45:00,16600.0,600.0,7214100.0
53,2021-10-13 07:45:00,16600.0,100.0,7213500.0
54,2021-10-13 07:45:00,16600.0,200.0,7213400.0
55,2021-10-13 07:45:00,16600.0,200.0,7213200.0
56,2021-10-13 07:45:00,16600.0,100.0,7213000.0
57,2021-10-13 07:45:00,16600.0,300.0,7212900.0
58,2021-10-13 07:45:00,16600.0,100.0,7212600.0
59,2021-10-13 07:45:00,16600.0,100.0,7212500.0
60,2021-10-13 07:45:00,16600.0,1200.0,7212400.0
61,2021-10-13 07:45:00,16600.0,300.0,7211200.0
62,2021-10-13 07:45:00,16600.0,100.0,7210900.0
63,2021-10-13 07:45:00,16600.0,1000.0,7210800.0
64,2021-10-13 07:45:00,16600.0,300.0,7209800.0
65,2021-10-13 07:45:00,16600.0,200.0,7209500.0
66,2021-10-13 07:45:00,16600.0,500.0,7209300.0
67,2021-10-13 07:29:39,16600.0,1500.0,7208800.0
68,2021-10-13 07:29:18,16600.0,5000.0,7207300.0
69,2021-10-13 07:28:57,16550.0,3100.0,7202300.0
70,2021-10-13 07:28:57,16550.0,1900.0,7199200.0
71,2021-10-13 07:28:54,16600.0,1000.0,7197300.0
72,2021-10-13 07:28:50,16550.0,100.0,7196300.0
73,2021-10-13 07:28:50,16550.0,100.0,7196200.0
74,2021-10-13 07:28:42,16550.0,400.0,7196100.0
75,2021-10-13 07:28:41,16600.0,600.0,7195700.0
76,2021-10-13 07:28:36,16600.0,600.0,7195100.0
77,2021-10-13 07:28:36,16600.0,100.0,7194500.0
78,2021-10-13 07:28:36,16600.0,3000.0,7194400.0
79,2021-10-13 07:28:36,16600.0,5000.0,7191400.0
80,2021-10-13 07:28:36,16600.0,500.0,7186400.0
81,2021-10-13 07:28:36,16600.0,400.0,7185900.0
82,2021-10-13 07:28:36,16600.0,200.0,7185500.0
83,2021-10-13 07:28:36,16600.0,200.0,7185300.0
84,2021-10-13 07:28:25,16600.0,500.0,7185100.0
85,2021-10-13 07:28:23,16550.0,2000.0,7184600.0
86,2021-10-13 07:28:22,16550.0,500.0,7182600.0
87,2021-10-13 07:28:22,16550.0,500.0,7182100.0
88,2021-10-13 07:28:19,16550.0,600.0,7181600.0
89,2021-10-13 07:28:10,16550.0,300.0,7181000.0
90,2021-10-13 07:27:58,16550.0,200.0,7180700.0
91,2021-10-13 07:27:48,16550.0,700.0,7180500.0
92,2021-10-13 07:27:07,16550.0,1200.0,7179800.0
93,2021-10-13 07:27:07,16550.0,100.0,7178600.0
94,2021-10-13 07:27:07,16550.0,700.0,7178500.0
95,2021-10-13 07:27:05,16550.0,200.0,7177800.0
96,2021-10-13 07:27:01,16600.0,1300.0,7177600.0
97,2021-10-13 07:27:01,16600.0,200.0,7176300.0
98,2021-10-13 07:27:01,16600.0,1000.0,7176100.0
99,2021-10-13 07:27:01,16600.0,500.0,7175100.0
100,2021-10-13 07:26:48,16550.0,7100.0,7174600.0
101,2021-10-13 07:26:48,16550.0,10000.0,7167500.0
102,2021-10-13 07:26:48,16550.0,300.0,7157500.0
103,2021-10-13 07:26:48,16550.0,15700.0,7157200.0
104,2021-10-13 07:26:48,16550.0,2400.0,7141500.0
105,2021-10-13 07:26:37,16550.0,200.0,7139100.0
106,2021-10-13 07:25:57,16550.0,1700.0,7138900.0
107,2021-10-13 07:25:57,16550.0,100.0,7137200.0
108,2021-10-13 07:25:57,16550.0,5000.0,7137100.0
109,2021-10-13 07:25:57,16550.0,100.0,7132100.0
110,2021-10-13 07:25:57,16550.0,2000.0,7132000.0
111,2021-10-13 07:25:57,16550.0,500.0,7130000.0
112,2021-10-13 07:25:57,16550.0,200.0,7129500.0
113,2021-10-13 07:25:57,16550.0,7000.0,7129300.0
114,2021-10-13 07:25:57,16550.0,100.0,7122300.0
115,2021-10-13 07:25:57,16550.0,700.0,7122200.0
116,2021-10-13 07:25:57,16550.0,1000.0,7121500.0
117,2021-10-13 07:25:57,16550.0,11000.0,7120500.0
118,2021-10-13 07:25:57,16550.0,400.0,7109500.0
119,2021-10-13 07:25:57,16550.0,200.0,7109100.0
120,2021-10-13 07:25:57,16550.0,1000.0,7108900.0
121,2021-10-13 07:25:57,16550.0,41500.0,7107900.0
122,2021-10-13 07:25:57,16600.0,1000.0,7066400.0
123,2021-10-13 07:25:57,16600.0,2000.0,7065400.0
124,2021-10-13 07:25:57,16600.0,1000.0,7063400.0
125,2021-10-13 07:25:57,16600.0,200.0,7062400.0
126,2021-10-13 07:25:57,16600.0,1000.0,7062200.0
127,2021-10-13 07:25:57,16600.0,8800.0,7061200.0
128,2021-10-13 07:25:57,16600.0,500.0,7052400.0
129,2021-10-13 07:25:57,16600.0,10000.0,7051900.0
130,2021-10-13 07:25:57,16600.0,100.0,7041900.0
131,2021-10-13 07:25:57,16600.0,100.0,7041800.0
132,2021-10-13 07:25:57,16600.0,200.0,7041700.0
133,2021-10-13 07:25:57,16600.0,1000.0,7041500.0
134,2021-10-13 07:25:57,16600.0,100.0,7040500.0
135,2021-10-13 07:25:57,16600.0,1500.0,7040400.0
136,2021-10-13 07:25:55,16600.0,3500.0,7038900.0
137,2021-10-13 07:25:55,16600.0,100.0,7035400.0
138,2021-10-13 07:25:55,16600.0,200.0,7035300.0
139,2021-10-13 07:25:55,16600.0,100.0,7035100.0
140,2021-10-13 07:25:55,16600.0,1100.0,7035000.0
141,2021-10-13 07:25:49,16600.0,2000.0,7033900.0
142,2021-10-13 07:25:43,16600.0,1900.0,7031900.0
143,2021-10-13 07:25:43,16600.0,100.0,7030000.0
144,2021-10-13 07:25:43,16600.0,1000.0,7029900.0
145,2021-10-13 07:25:43,16600.0,100.0,7028900.0
146,2021-10-13 07:25:41,16600.0,800.0,7028800.0
147,2021-10-13 07:25:41,16600.0,200.0,7028000.0
148,2021-10-13 07:25:40,16600.0,800.0,7027800.0
149,2021-10-13 07:25:40,16600.0,2500.0,7027000.0
150,2021-10-13 07:25:40,16600.0,500.0,7024500.0
151,2021-10-13 07:25:40,16600.0,8600.0,7024000.0
152,2021-10-13 07:25:31,16600.0,1400.0,7015400.0
153,2021-10-13 07:25:31,16600.0,1000.0,7014000.0
154,2021-10-13 07:25:31,16600.0,1000.0,7013000.0
155,2021-10-13 07:25:31,16600.0,1000.0,7012000.0
156,2021-10-13 07:25:31,16600.0,400.0,7011000.0
157,2021-10-13 07:25:31,16600.0,200.0,7010600.0
158,2021-10-13 07:25:31,16600.0,300.0,7010400.0
159,2021-10-13 07:25:25,16600.0,500.0,7010100.0
160,2021-10-13 07:25:25,16600.0,100.0,7009600.0
161,2021-10-13 07:25:25,16600.0,500.0,7009500.0
162,2021-10-13 07:25:25,16600.0,1400.0,7009000.0
163,2021-10-13 07:25:25,16600.0,1500.0,7007600.0
164,2021-10-13 07:25:25,16600.0,800.0,7006100.0
165,2021-10-13 07:25:25,16600.0,200.0,7005300.0
166,2021-10-13 07:25:12,16600.0,500.0,7005100.0
167,2021-10-13 07:24:56,16600.0,4600.0,7004600.0
168,2021-10-13 07:24:56,16600.0,400.0,7000000.0
169,2021-10-13 07:24:56,16600.0,1600.0,6999600.0
170,2021-10-13 07:24:56,16600.0,600.0,6998000.0
171,2021-10-13 07:24:56,16600.0,2800.0,6997400.0
172,2021-10-13 07:24:53,16600.0,1200.0,6994600.0
173,2021-10-13 07:24:49,16600.0,500.0,6993400.0
174,2021-10-13 07:24:44,16600.0,200.0,6992900.0
175,2021-10-13 07:24:43,16600.0,3000.0,6992700.0
176,2021-10-13 07:24:39,16600.0,100.0,6989700.0
177,2021-10-13 07:24:36,16600.0,200.0,6989600.0
178,2021-10-13 07:24:36,16600.0,500.0,6989400.0
179,2021-10-13 07:24:36,16600.0,200.0,6988900.0
180,2021-10-13 07:24:36,16600.0,4100.0,6988700.0
181,2021-10-13 07:24:33,16600.0,5000.0,6984600.0
182,2021-10-13 07:24:32,16600.0,100.0,6979600.0
183,2021-10-13 07:24:12,16600.0,1000.0,6979500.0
184,2021-10-13 07:24:04,16600.0,1000.0,6978500.0
185,2021-10-13 07:24:00,16600.0,300.0,6977500.0
186,2021-10-13 07:23:52,16600.0,1000.0,6977200.0
187,2021-10-13 07:23:48,16600.0,3500.0,6976200.0
188,2021-10-13 07:23:45,16600.0,500.0,6972700.0
189,2021-10-13 07:23:40,16600.0,300.0,6972200.0
190,2021-10-13 07:23:31,16600.0,2000.0,6971900.0
191,2021-10-13 07:23:23,16600.0,2000.0,6969900.0
192,2021-10-13 07:23:20,16600.0,500.0,6967900.0
193,2021-10-13 07:23:18,16600.0,1000.0,6967400.0
194,2021-10-13 07:23:06,16650.0,300.0,6966400.0
195,2021-10-13 07:23:02,16600.0,400.0,6966100.0
196,2021-10-13 07:22:50,16600.0,200.0,6965700.0
197,2021-10-13 07:22:47,16650.0,600.0,6965500.0
198,2021-10-13 07:22:47,16650.0,300.0,6964900.0
199,2021-10-13 07:22:47,16650.0,300.0,6964600.0
200,2021-10-13 07:22:46,16600.0,2000.0,6964300.0
201,2021-10-13 07:22:28,16600.0,100.0,6962300.0
202,2021-10-13 07:22:22,16600.0,100.0,6962200.0
203,2021-10-13 07:22:19,16650.0,300.0,6962100.0
204,2021-10-13 07:22:19,16650.0,200.0,6961800.0
205,2021-10-13 07:22:16,16600.0,1100.0,6961600.0
206,2021-10-13 07:21:36,16600.0,500.0,6960500.0
207,2021-10-13 07:20:59,16600.0,300.0,6960000.0
208,2021-10-13 07:20:51,16600.0,100.0,6959700.0
209,2021-10-13 07:20:37,16600.0,900.0,6959600.0
210,2021-10-13 07:20:25,16650.0,200.0,6958700.0
211,2021-10-13 07:20:17,16600.0,200.0,6958500.0
212,2021-10-13 07:20:03,16600.0,1800.0,6958300.0
213,2021-10-13 07:20:03,16600.0,200.0,6956500.0
214,2021-10-13 07:19:55,16600.0,300.0,6956300.0
215,2021-10-13 07:19:55,16600.0,200.0,6956000.0
216,2021-10-13 07:19:27,16600.0,200.0,6955800.0
217,2021-10-13 07:19:22,16600.0,2000.0,6955600.0
218,2021-10-13 07:19:19,16650.0,200.0,6953600.0
219,2021-10-13 07:19:07,16650.0,400.0,6953400.0
220,2021-10-13 07:19:07,16650.0,20000.0,6953000.0
221,2021-10-13 07:19:07,16650.0,1000.0,6933000.0
222,2021-10-13 07:19:07,16650.0,300.0,6932000.0
223,2021-10-13 07:19:07,16650.0,500.0,6931700.0
224,2021-10-13 07:19:07,16650.0,5800.0,6931200.0
225,2021-10-13 07:18:54,16600.0,500.0,6925400.0
226,2021-10-13 07:18:45,16650.0,4200.0,6924900.0
227,2021-10-13 07:18:45,16650.0,100.0,6920700.0
228,2021-10-13 07:18:45,16650.0,700.0,6920600.0
229,2021-10-13 07:18:23,16600.0,300.0,6919900.0
230,2021-10-13 07:17:59,16650.0,1900.0,6919600.0
231,2021-10-13 07:17:56,16600.0,2000.0,6917700.0
232,2021-10-13 07:17:52,16650.0,2400.0,6915700.0
233,2021-10-13 07:17:52,16650.0,700.0,6913300.0
234,2021-10-13 07:17:52,16650.0,7000.0,6912600.0
235,2021-10-13 07:17:52,16650.0,5000.0,6905600.0
236,2021-10-13 07:17:52,16650.0,1000.0,6900600.0
237,2021-10-13 07:17:52,16650.0,100.0,6899600.0
238,2021-10-13 07:17:52,16650.0,2000.0,6899500.0
239,2021-10-13 07:17:52,16650.0,100.0,6897500.0
240,2021-10-13 07:17:52,16650.0,300.0,6897400.0
241,2021-10-13 07:17:52,16650.0,1400.0,6897100.0
242,2021-10-13 07:17:41,16600.0,1000.0,6895700.0
243,2021-10-13 07:17:11,16650.0,200.0,6894700.0
244,2021-10-13 07:16:54,16650.0,100.0,6894500.0
245,2021-10-13 07:16:50,16600.0,1800.0,6894400.0
246,2021-10-13 07:16:50,16600.0,1500.0,6892600.0
247,2021-10-13 07:16:50,16600.0,700.0,6891100.0
248,2021-10-13 07:16:47,16650.0,300.0,6890400.0
249,2021-10-13 07:16:47,16650.0,1200.0,6890100.0
250,2021-10-13 07:16:47,16650.0,1000.0,6888900.0
251,2021-10-13 07:16:47,16650.0,1000.0,6887900.0
252,2021-10-13 07:16:47,16650.0,1900.0,6886900.0
253,2021-10-13 07:16:39,16650.0,300.0,6885000.0
254,2021-10-13 07:16:37,16600.0,500.0,6884700.0
255,2021-10-13 07:16:36,16650.0,100.0,6884200.0
256,2021-10-13 07:16:27,16600.0,6000.0,6884100.0
257,2021-10-13 07:16:21,16650.0,100.0,6878100.0
258,2021-10-13 07:16:09,16650.0,5700.0,6878000.0
259,2021-10-13 07:16:00,16600.0,100.0,6872300.0
260,2021-10-13 07:15:54,16600.0,200.0,6872200.0
261,2021-10-13 07:15:54,16600.0,1000.0,6872000.0
262,2021-10-13 07:15:54,16600.0,1500.0,6871000.0
263,2021-10-13 07:15:48,16600.0,500.0,6869500.0
264,2021-10-13 07:15:48,16600.0,200.0,6869000.0
265,2021-10-13 07:15:48,16600.0,1000.0,6868800.0
266,2021-10-13 07:15:48,16600.0,800.0,6867800.0
267,2021-10-13 07:15:48,16600.0,1000.0,6867000.0
268,2021-10-13 07:15:48,16600.0,1000.0,6866000.0
269,2021-10-13 07:15:48,16600.0,1000.0,6865000.0
270,2021-10-13 07:15:48,16600.0,3000.0,6864000.0
271,2021-10-13 07:15:48,16600.0,3400.0,6861000.0
272,2021-10-13 07:15:48,16600.0,3000.0,6857600.0
273,2021-10-13 07:15:48,16600.0,200.0,6854600.0
274,2021-10-13 07:15:48,16600.0,4900.0,6854400.0
275,2021-10-13 07:15:36,16600.0,1900.0,6849500.0
276,2021-10-13 07:15:21,16600.0,18200.0,6847600.0
277,2021-10-13 07:15:21,16600.0,100.0,6829400.0
278,2021-10-13 07:15:21,16600.0,300.0,6829300.0
279,2021-10-13 07:15:21,16600.0,100.0,6829000.0
280,2021-10-13 07:15:21,16600.0,1000.0,6828900.0
281,2021-10-13 07:15:21,16600.0,300.0,6827900.0
282,2021-10-13 07:15:00,16600.0,2000.0,6827600.0
283,2021-10-13 07:14:52,16550.0,1700.0,6825600.0
284,2021-10-13 07:14:47,16550.0,100.0,6823900.0
285,2021-10-13 07:14:05,16600.0,100.0,6823800.0
286,2021-10-13 07:13:49,16600.0,500.0,6823700.0
287,2021-10-13 07:13:49,16600.0,1000.0,6823200.0
288,2021-10-13 07:13:49,16600.0,100.0,6822200.0
289,2021-10-13 07:13:49,16600.0,1000.0,6822100.0
290,2021-10-13 07:13:45,16600.0,300.0,6821100.0
291,2021-10-13 07:13:45,16600.0,100.0,6820800.0
292,2021-10-13 07:13:30,16600.0,500.0,6820700.0
293,2021-10-13 07:13:29,16600.0,200.0,6820200.0
294,2021-10-13 07:13:29,16600.0,100.0,6820000.0
295,2021-10-13 07:13:29,16600.0,100.0,6819900.0
296,2021-10-13 07:13:23,16600.0,100.0,6819800.0
297,2021-10-13 07:13:23,16600.0,100.0,6819700.0
298,2021-10-13 07:13:23,16600.0,300.0,6819600.0
299,2021-10-13 07:13:15,16600.0,700.0,6819300.0
300,2021-10-13 07:13:15,16600.0,300.0,6818600.0
301,2021-10-13 07:13:12,16600.0,200.0,6818300.0
302,2021-10-13 07:13:12,16600.0,1000.0,6818100.0
303,2021-10-13 07:13:12,16600.0,1000.0,6817100.0
304,2021-10-13 07:13:12,16600.0,5000.0,6816100.0
305,2021-10-13 07:13:12,16600.0,1000.0,6811100.0
306,2021-10-13 07:13:12,16600.0,200.0,6810100.0
307,2021-10-13 07:13:12,16600.0,100.0,6809900.0
308,2021-10-13 07:13:12,16600.0,100.0,6809800.0
309,2021-10-13 07:13:12,16600.0,3000.0,6809700.0
310,2021-10-13 07:13:12,16600.0,2000.0,6806700.0
311,2021-10-13 07:13:12,16600.0,1000.0,6804700.0
312,2021-10-13 07:13:12,16600.0,500.0,6803700.0
313,2021-10-13 07:13:12,16600.0,500.0,6803200.0
314,2021-10-13 07:13:12,16600.0,5000.0,6802700.0
315,2021-10-13 07:13:12,16600.0,3900.0,6797700.0
316,2021-10-13 07:13:12,16600.0,1000.0,6793800.0
317,2021-10-13 07:13:12,16600.0,4500.0,6792800.0
318,2021-10-13 07:13:04,16600.0,200.0,6788300.0
319,2021-10-13 07:12:19,16600.0,100.0,6788100.0
320,2021-10-13 07:12:08,16600.0,100.0,6788000.0
321,2021-10-13 07:12:07,16600.0,1000.0,6787900.0
322,2021-10-13 07:11:57,16600.0,100.0,6786900.0
323,2021-10-13 07:11:56,16600.0,100.0,6786800.0
324,2021-10-13 07:11:52,16600.0,3100.0,6786700.0
325,2021-10-13 07:11:50,16600.0,400.0,6783600.0
326,2021-10-13 07:11:47,16600.0,200.0,6783200.0
327,2021-10-13 07:11:41,16600.0,200.0,6783000.0
328,2021-10-13 07:11:41,16600.0,1800.0,6782800.0
329,2021-10-13 07:10:59,16600.0,100.0,6781000.0
330,2021-10-13 07:10:52,16600.0,100.0,6780900.0
331,2021-10-13 07:10:52,16600.0,300.0,6780800.0
332,2021-10-13 07:10:38,16600.0,300.0,6780500.0
333,2021-10-13 07:10:16,16600.0,300.0,6780200.0
334,2021-10-13 07:10:09,16600.0,100.0,6779900.0
335,2021-10-13 07:10:09,16600.0,400.0,6779800.0
336,2021-10-13 07:10:02,16600.0,1000.0,6779400.0
337,2021-10-13 07:10:02,16600.0,600.0,6778400.0
338,2021-10-13 07:09:59,16600.0,1000.0,6777800.0
339,2021-10-13 07:09:47,16600.0,400.0,6776800.0
340,2021-10-13 07:09:47,16600.0,2200.0,6776400.0
341,2021-10-13 07:09:47,16600.0,100.0,6774200.0
342,2021-10-13 07:09:47,16600.0,2500.0,6774100.0
343,2021-10-13 07:09:47,16600.0,300.0,6771600.0
344,2021-10-13 07:09:47,16600.0,2000.0,6771300.0
345,2021-10-13 07:09:47,16600.0,5000.0,6769300.0
346,2021-10-13 07:09:47,16600.0,800.0,6764300.0
347,2021-10-13 07:09:47,16600.0,600.0,6763500.0
348,2021-10-13 07:09:47,16600.0,6000.0,6762900.0
349,2021-10-13 07:09:47,16600.0,100.0,6756900.0
350,2021-10-13 07:09:45,16600.0,900.0,6756800.0
351,2021-10-13 07:09:45,16600.0,100.0,6755900.0
352,2021-10-13 07:09:33,16600.0,2900.0,6755800.0
353,2021-10-13 07:09:33,16600.0,500.0,6752900.0
354,2021-10-13 07:09:33,16600.0,2000.0,6752400.0
355,2021-10-13 07:09:33,16600.0,1000.0,6750400.0
356,2021-10-13 07:09:33,16600.0,500.0,6749400.0
357,2021-10-13 07:09:33,16600.0,1000.0,6748900.0
358,2021-10-13 07:09:33,16600.0,1000.0,6747900.0
359,2021-10-13 07:09:33,16600.0,500.0,6746900.0
360,2021-10-13 07:09:33,16600.0,1800.0,6746400.0
361,2021-10-13 07:09:33,16600.0,100.0,6744600.0
362,2021-10-13 07:09:33,16600.0,100.0,6744500.0
363,2021-10-13 07:09:33,16600.0,700.0,6744400.0
364,2021-10-13 07:09:33,16600.0,500.0,6743700.0
365,2021-10-13 07:09:33,16600.0,500.0,6743200.0
366,2021-10-13 07:09:33,16600.0,3000.0,6742700.0
367,2021-10-13 07:09:33,16600.0,500.0,6739700.0
368,2021-10-13 07:09:33,16600.0,300.0,6739200.0
369,2021-10-13 07:09:33,16600.0,800.0,6738900.0
370,2021-10-13 07:09:33,16600.0,200.0,6738100.0
371,2021-10-13 07:09:33,16600.0,4000.0,6737900.0
372,2021-10-13 07:09:33,16600.0,1000.0,6733900.0
373,2021-10-13 07:09:33,16600.0,1000.0,6732900.0
374,2021-10-13 07:09:33,16600.0,100.0,6731900.0
375,2021-10-13 07:09:33,16600.0,500.0,6731800.0
376,2021-10-13 07:09:33,16600.0,5000.0,6731300.0
377,2021-10-13 07:09:33,16600.0,500.0,6726300.0
378,2021-10-13 07:09:33,16600.0,2000.0,6725800.0
379,2021-10-13 07:09:33,16600.0,100.0,6723800.0
380,2021-10-13 07:09:33,16600.0,2000.0,6723700.0
381,2021-10-13 07:09:33,16600.0,100.0,6721700.0
382,2021-10-13 07:09:33,16600.0,200.0,6721600.0
383,2021-10-13 07:09:33,16600.0,400.0,6721400.0
384,2021-10-13 07:09:33,16600.0,100.0,6721000.0
385,2021-10-13 07:09:33,16600.0,500.0,6720900.0
386,2021-10-13 07:09:33,16600.0,20000.0,6720400.0
387,2021-10-13 07:09:33,16600.0,300.0,6700400.0
388,2021-10-13 07:09:33,16600.0,100.0,6700100.0
389,2021-10-13 07:09:33,16600.0,4200.0,6700000.0
390,2021-10-13 07:09:09,16650.0,2300.0,6695800.0
391,2021-10-13 07:09:06,16600.0,500.0,6693500.0
392,2021-10-13 07:09:05,16650.0,200.0,6693000.0
393,2021-10-13 07:08:58,16600.0,3000.0,6692800.0
394,2021-10-13 07:08:49,16650.0,500.0,6689800.0
395,2021-10-13 07:08:48,16600.0,2500.0,6689300.0
396,2021-10-13 07:08:46,16600.0,200.0,6686800.0
397,2021-10-13 07:08:33,16600.0,2000.0,6686600.0
398,2021-10-13 07:08:33,16600.0,100.0,6684600.0
399,2021-10-13 07:08:04,16600.0,100.0,6684500.0
400,2021-10-13 07:07:58,16600.0,1000.0,6684400.0
401,2021-10-13 07:07:49,16600.0,100.0,6683400.0
402,2021-10-13 07:07:18,16600.0,2000.0,6683300.0
403,2021-10-13 07:07:03,16600.0,700.0,6681300.0
404,2021-10-13 07:06:53,16600.0,500.0,6680600.0
405,2021-10-13 07:06:44,16600.0,100.0,6680100.0
406,2021-10-13 07:06:16,16600.0,100.0,6680000.0
407,2021-10-13 07:06:01,16600.0,100.0,6679900.0
408,2021-10-13 07:05:54,16650.0,200.0,6679800.0
409,2021-10-13 07:05:53,16600.0,100.0,6679600.0
410,2021-10-13 07:05:37,16600.0,200.0,6679500.0
411,2021-10-13 07:05:18,16650.0,500.0,6679300.0
412,2021-10-13 07:05:03,16650.0,200.0,6678800.0
413,2021-10-13 07:05:03,16650.0,300.0,6678600.0
414,2021-10-13 07:05:01,16600.0,100.0,6678300.0
415,2021-10-13 07:04:38,16600.0,1000.0,6678200.0
416,2021-10-13 07:04:17,16650.0,200.0,6677200.0
417,2021-10-13 07:03:32,16650.0,100.0,6677000.0
418,2021-10-13 07:03:31,16600.0,200.0,6676900.0
419,2021-10-13 07:03:19,16600.0,3000.0,6676700.0
420,2021-10-13 07:02:52,16600.0,2000.0,6673700.0
421,2021-10-13 07:02:45,16600.0,2000.0,6671700.0
422,2021-10-13 07:02:40,16600.0,100.0,6669700.0
423,2021-10-13 07:02:32,16600.0,1000.0,6669600.0
424,2021-10-13 07:02:27,16600.0,1200.0,6668600.0
425,2021-10-13 07:02:10,16600.0,100.0,6667400.0
426,2021-10-13 07:01:57,16600.0,500.0,6667300.0
427,2021-10-13 07:01:41,16650.0,200.0,6666800.0
428,2021-10-13 07:01:30,16600.0,200.0,6666600.0
429,2021-10-13 07:01:15,16600.0,100.0,6666400.0
430,2021-10-13 07:01:08,16650.0,100.0,6666300.0
431,2021-10-13 07:00:57,16600.0,1000.0,6666200.0
432,2021-10-13 07:00:39,16600.0,500.0,6665200.0
433,2021-10-13 07:00:16,16600.0,200.0,6664700.0
434,2021-10-13 07:00:16,16600.0,100.0,6664500.0
435,2021-10-13 07:00:16,16600.0,700.0,6664400.0
436,2021-10-13 07:00:13,16600.0,200.0,6663700.0
437,2021-10-13 07:00:13,16600.0,600.0,6663500.0
438,2021-10-13 07:00:08,16600.0,400.0,6662900.0
439,2021-10-13 07:00:08,16600.0,1000.0,6662500.0
440,2021-10-13 07:00:08,16600.0,200.0,6661500.0
441,2021-10-13 07:00:08,16600.0,100.0,6661300.0
442,2021-10-13 07:00:08,16600.0,300.0,6661200.0
443,2021-10-13 07:00:01,16600.0,200.0,6660900.0
444,2021-10-13 07:00:01,16600.0,400.0,6660700.0
445,2021-10-13 07:00:01,16600.0,4400.0,6660300.0
446,2021-10-13 06:59:47,16600.0,600.0,6655900.0
447,2021-10-13 06:59:47,16600.0,200.0,6655300.0
448,2021-10-13 06:59:47,16600.0,1000.0,6655100.0
449,2021-10-13 06:59:40,16600.0,2000.0,6654100.0
450,2021-10-13 06:59:33,16550.0,1000.0,6652100.0
451,2021-10-13 06:59:33,16600.0,200.0,6651100.0
452,2021-10-13 06:59:31,16600.0,200.0,6650900.0
453,2021-10-13 06:59:26,16600.0,600.0,6650700.0
454,2021-10-13 06:59:26,16600.0,400.0,6650100.0
455,2021-10-13 06:59:25,16600.0,600.0,6649700.0
456,2021-10-13 06:59:25,16600.0,100.0,6649100.0
457,2021-10-13 06:59:25,16600.0,200.0,6649000.0
458,2021-10-13 06:59:20,16600.0,1300.0,6648800.0
459,2021-10-13 06:59:20,16600.0,500.0,6647500.0
460,2021-10-13 06:59:20,16600.0,5000.0,6647000.0
461,2021-10-13 06:59:20,16600.0,2000.0,6642000.0
462,2021-10-13 06:59:20,16600.0,400.0,6640000.0
463,2021-10-13 06:59:20,16600.0,100.0,6639600.0
464,2021-10-13 06:59:20,16600.0,500.0,6639500.0
465,2021-10-13 06:59:20,16600.0,1000.0,6639000.0
466,2021-10-13 06:59:20,16600.0,600.0,6638000.0
467,2021-10-13 06:59:20,16600.0,100.0,6637400.0
468,2021-10-13 06:59:20,16600.0,1000.0,6637300.0
469,2021-10-13 06:59:20,16600.0,400.0,6636300.0
470,2021-10-13 06:59:20,16600.0,500.0,6635900.0
471,2021-10-13 06:59:20,16600.0,1600.0,6635400.0
472,2021-10-13 06:59:18,16600.0,400.0,6633800.0
473,2021-10-13 06:59:18,16600.0,1000.0,6633400.0
474,2021-10-13 06:59:18,16600.0,100.0,6632400.0
475,2021-10-13 06:59:18,16600.0,100.0,6632300.0
476,2021-10-13 06:59:18,16600.0,100.0,6632200.0
477,2021-10-13 06:59:18,16600.0,1000.0,6632100.0
478,2021-10-13 06:59:18,16600.0,200.0,6631100.0
479,2021-10-13 06:59:18,16600.0,500.0,6630900.0
480,2021-10-13 06:59:18,16600.0,300.0,6630400.0
481,2021-10-13 06:59:18,16600.0,100.0,6630100.0
482,2021-10-13 06:59:18,16600.0,2000.0,6630000.0
483,2021-10-13 06:59:18,16600.0,100.0,6628000.0
484,2021-10-13 06:59:18,16600.0,200.0,6627900.0
485,2021-10-13 06:59:18,16600.0,800.0,6627700.0
486,2021-10-13 06:59:18,16600.0,800.0,6626900.0
487,2021-10-13 06:59:18,16600.0,600.0,6626100.0
488,2021-10-13 06:59:18,16600.0,100.0,6625500.0
489,2021-10-13 06:59:18,16600.0,500.0,6625400.0
490,2021-10-13 06:59:18,16600.0,1000.0,6624900.0
491,2021-10-13 06:59:18,16600.0,100.0,6623900.0
492,2021-10-13 06:59:15,16600.0,100.0,6623800.0
493,2021-10-13 06:59:15,16600.0,900.0,6623700.0
494,2021-10-13 06:59:13,16600.0,2000.0,6622800.0
495,2021-10-13 06:59:11,16600.0,1000.0,6620800.0
496,2021-10-13 06:59:04,16600.0,2800.0,6619800.0
497,2021-10-13 06:59:02,16600.0,100.0,6617000.0
498,2021-10-13 06:59:02,16600.0,1400.0,6616900.0
499,2021-10-13 06:58:54,16600.0,2000.0,6615500.0
500,2021-10-13 06:58:53,16600.0,1500.0,6613500.0
501,2021-10-13 06:58:51,16600.0,3000.0,6612000.0
502,2021-10-13 06:58:51,16600.0,500.0,6609000.0
503,2021-10-13 06:58:49,16600.0,200.0,6608500.0
504,2021-10-13 06:58:44,16600.0,2100.0,6608300.0
505,2021-10-13 06:58:40,16600.0,3000.0,6606200.0
506,2021-10-13 06:58:36,16600.0,1700.0,6603200.0
507,2021-10-13 06:58:36,16600.0,100.0,6601500.0
508,2021-10-13 06:58:36,16600.0,300.0,6601400.0
509,2021-10-13 06:58:36,16600.0,500.0,6601100.0
510,2021-10-13 06:58:36,16600.0,100.0,6600600.0
511,2021-10-13 06:58:36,16600.0,1000.0,6600500.0
512,2021-10-13 06:58:36,16600.0,200.0,6599500.0
513,2021-10-13 06:58:36,16600.0,100.0,6599300.0
514,2021-10-13 06:58:33,16600.0,1000.0,6599200.0
515,2021-10-13 06:58:33,16600.0,1000.0,6598200.0
516,2021-10-13 06:58:31,16600.0,900.0,6597200.0
517,2021-10-13 06:58:31,16600.0,500.0,6596300.0
518,2021-10-13 06:58:31,16600.0,200.0,6595800.0
519,2021-10-13 06:58:31,16600.0,1400.0,6595600.0
520,2021-10-13 06:58:29,16600.0,600.0,6594200.0
521,2021-10-13 06:58:29,16600.0,500.0,6593600.0
522,2021-10-13 06:58:29,16600.0,400.0,6593100.0
523,2021-10-13 06:58:29,16600.0,300.0,6592700.0
524,2021-10-13 06:58:29,16600.0,100.0,6592400.0
525,2021-10-13 06:58:29,16600.0,100.0,6592300.0
526,2021-10-13 06:58:29,16550.0,15700.0,6592200.0
527,2021-10-13 06:58:29,16550.0,200.0,6576500.0
528,2021-10-13 06:58:29,16550.0,3100.0,6576300.0
529,2021-10-13 06:58:27,16600.0,200.0,6573200.0
530,2021-10-13 06:58:24,16600.0,200.0,6573000.0
531,2021-10-13 06:58:24,16600.0,4800.0,6572800.0
532,2021-10-13 06:58:07,16600.0,1000.0,6568000.0
533,2021-10-13 06:57:59,16600.0,200.0,6567000.0
534,2021-10-13 06:57:50,16600.0,1000.0,6566800.0
535,2021-10-13 06:57:48,16600.0,1000.0,6565800.0
536,2021-10-13 06:57:47,16600.0,500.0,6564800.0
537,2021-10-13 06:57:43,16600.0,700.0,6564300.0
538,2021-10-13 06:57:38,16600.0,600.0,6563600.0
539,2021-10-13 06:57:26,16600.0,300.0,6563000.0
540,2021-10-13 06:57:21,16600.0,3000.0,6562700.0
541,2021-10-13 06:57:15,16600.0,1900.0,6559700.0
542,2021-10-13 06:57:15,16600.0,500.0,6557800.0
543,2021-10-13 06:57:15,16600.0,500.0,6557300.0
544,2021-10-13 06:57:15,16600.0,100.0,6556800.0
545,2021-10-13 06:57:15,16600.0,1000.0,6556700.0
546,2021-10-13 06:57:15,16600.0,200.0,6555700.0
547,2021-10-13 06:57:15,16600.0,5000.0,6555500.0
548,2021-10-13 06:57:15,16600.0,200.0,6550500.0
549,2021-10-13 06:57:15,16600.0,500.0,6550300.0
550,2021-10-13 06:57:15,16600.0,100.0,6549800.0
551,2021-10-13 06:57:12,16600.0,300.0,6549700.0
552,2021-10-13 06:57:07,16600.0,1000.0,6549400.0
553,2021-10-13 06:57:07,16600.0,1000.0,6548400.0
554,2021-10-13 06:57:06,16600.0,2000.0,6547400.0
555,2021-10-13 06:57:05,16550.0,900.0,6545400.0
556,2021-10-13 06:57:05,16550.0,100.0,6544500.0
557,2021-10-13 06:57:05,16550.0,500.0,6544400.0
558,2021-10-13 06:57:05,16550.0,100.0,6543900.0
559,2021-10-13 06:57:05,16550.0,400.0,6543800.0
560,2021-10-13 06:56:44,16600.0,100.0,6543400.0
561,2021-10-13 06:56:42,16600.0,100.0,6543300.0
562,2021-10-13 06:56:42,16600.0,100.0,6543200.0
563,2021-10-13 06:56:40,16600.0,200.0,6543100.0
564,2021-10-13 06:56:40,16600.0,1100.0,6542900.0
565,2021-10-13 06:56:40,16600.0,100.0,6541800.0
566,2021-10-13 06:56:40,16600.0,100.0,6541700.0
567,2021-10-13 06:56:40,16600.0,300.0,6541600.0
568,2021-10-13 06:56:40,16600.0,1000.0,6541300.0
569,2021-10-13 06:56:40,16600.0,100.0,6540300.0
570,2021-10-13 06:56:40,16600.0,1000.0,6540200.0
571,2021-10-13 06:56:40,16600.0,1000.0,6539200.0
572,2021-10-13 06:56:40,16600.0,1000.0,6538200.0
573,2021-10-13 06:56:40,16600.0,300.0,6537200.0
574,2021-10-13 06:56:40,16600.0,1500.0,6536900.0
575,2021-10-13 06:55:35,16600.0,200.0,6535400.0
576,2021-10-13 06:55:19,16600.0,300.0,6535200.0
577,2021-10-13 06:55:19,16600.0,700.0,6534900.0
578,2021-10-13 06:55:08,16550.0,100.0,6534200.0
579,2021-10-13 06:55:08,16550.0,900.0,6534100.0
580,2021-10-13 06:54:50,16550.0,100.0,6533200.0
581,2021-10-13 06:54:50,16550.0,300.0,6533100.0
582,2021-10-13 06:54:50,16550.0,1000.0,6532800.0
583,2021-10-13 06:54:50,16550.0,600.0,6531800.0
584,2021-10-13 06:54:34,16550.0,100.0,6531200.0
585,2021-10-13 06:54:33,16550.0,100.0,6531100.0
586,2021-10-13 06:54:33,16550.0,200.0,6531000.0
587,2021-10-13 06:54:03,16550.0,100.0,6530800.0
588,2021-10-13 06:54:00,16600.0,100.0,6530700.0
589,2021-10-13 06:52:52,16550.0,200.0,6530600.0
590,2021-10-13 06:52:40,16550.0,300.0,6530400.0
591,2021-10-13 06:52:40,16550.0,1000.0,6530100.0
592,2021-10-13 06:52:40,16550.0,2000.0,6529100.0
593,2021-10-13 06:52:40,16550.0,100.0,6527100.0
594,2021-10-13 06:52:40,16550.0,300.0,6527000.0
595,2021-10-13 06:52:40,16550.0,5000.0,6526700.0
596,2021-10-13 06:52:40,16550.0,300.0,6521700.0
597,2021-10-13 06:52:40,16550.0,900.0,6521400.0
598,2021-10-13 06:52:40,16550.0,100.0,6520500.0
599,2021-10-13 06:52:40,16550.0,100.0,6520400.0
600,2021-10-13 06:52:40,16550.0,500.0,6520300.0
601,2021-10-13 06:52:40,16550.0,100.0,6519800.0
602,2021-10-13 06:52:40,16550.0,200.0,6519700.0
603,2021-10-13 06:52:40,16550.0,5400.0,6519500.0
604,2021-10-13 06:52:40,16550.0,10000.0,6514100.0
605,2021-10-13 06:52:40,16550.0,3700.0,6504100.0
606,2021-10-13 06:52:01,16550.0,6300.0,6500400.0
607,2021-10-13 06:52:01,16550.0,3000.0,6494100.0
608,2021-10-13 06:52:01,16550.0,22700.0,6491100.0
609,2021-10-13 06:51:50,16550.0,200.0,6468400.0
610,2021-10-13 06:51:22,16550.0,1000.0,6468200.0
611,2021-10-13 06:51:21,16600.0,200.0,6467200.0
612,2021-10-13 06:49:34,16600.0,200.0,6467000.0
613,2021-10-13 06:49:34,16600.0,300.0,6466800.0
614,2021-10-13 06:49:34,16600.0,2000.0,6466500.0
615,2021-10-13 06:49:34,16600.0,900.0,6464500.0
616,2021-10-13 06:49:34,16600.0,500.0,6463600.0
617,2021-10-13 06:49:34,16600.0,5000.0,6463100.0
618,2021-10-13 06:49:34,16600.0,10000.0,6458100.0
619,2021-10-13 06:49:34,16600.0,1100.0,6448100.0
620,2021-10-13 06:48:53,16600.0,2000.0,6447000.0
621,2021-10-13 06:48:09,16600.0,500.0,6445000.0
622,2021-10-13 06:47:47,16550.0,100.0,6444500.0
623,2021-10-13 06:47:47,16550.0,400.0,6444400.0
624,2021-10-13 06:47:44,16550.0,200.0,6444000.0
625,2021-10-13 06:47:24,16550.0,1000.0,6443800.0
626,2021-10-13 06:47:11,16600.0,6400.0,6442800.0
627,2021-10-13 06:47:11,16600.0,1800.0,6436400.0
628,2021-10-13 06:47:11,16600.0,1000.0,6434600.0
629,2021-10-13 06:47:11,16600.0,1000.0,6433600.0
630,2021-10-13 06:47:11,16600.0,500.0,6432600.0
631,2021-10-13 06:47:11,16600.0,2500.0,6432100.0
632,2021-10-13 06:47:11,16600.0,100.0,6429600.0
633,2021-10-13 06:47:11,16600.0,1000.0,6429500.0
634,2021-10-13 06:47:11,16600.0,300.0,6428500.0
635,2021-10-13 06:47:11,16600.0,5000.0,6428200.0
636,2021-10-13 06:47:11,16600.0,2000.0,6423200.0
637,2021-10-13 06:47:11,16600.0,3400.0,6421200.0
638,2021-10-13 06:46:46,16550.0,300.0,6417800.0
639,2021-10-13 06:46:43,16550.0,600.0,6417500.0
640,2021-10-13 06:46:43,16550.0,400.0,6416900.0
641,2021-10-13 06:46:22,16600.0,100.0,6416500.0
642,2021-10-13 06:46:10,16600.0,500.0,6416400.0
643,2021-10-13 06:46:10,16600.0,3000.0,6415900.0
644,2021-10-13 06:46:10,16600.0,10000.0,6412900.0
645,2021-10-13 06:46:10,16600.0,800.0,6402900.0
646,2021-10-13 06:46:10,16600.0,100.0,6402100.0
647,2021-10-13 06:46:10,16600.0,300.0,6402000.0
648,2021-10-13 06:46:10,16600.0,500.0,6401700.0
649,2021-10-13 06:46:10,16600.0,500.0,6401200.0
650,2021-10-13 06:46:10,16600.0,1000.0,6400700.0
651,2021-10-13 06:46:10,16600.0,600.0,6399700.0
652,2021-10-13 06:46:10,16600.0,500.0,6399100.0
653,2021-10-13 06:46:10,16600.0,500.0,6398600.0
654,2021-10-13 06:46:10,16600.0,500.0,6398100.0
655,2021-10-13 06:46:10,16600.0,700.0,6397600.0
656,2021-10-13 06:46:10,16600.0,2000.0,6396900.0
657,2021-10-13 06:46:10,16600.0,200.0,6394900.0
658,2021-10-13 06:46:10,16600.0,200.0,6394700.0
659,2021-10-13 06:46:10,16600.0,100.0,6394500.0
660,2021-10-13 06:46:10,16600.0,100.0,6394400.0
661,2021-10-13 06:46:10,16600.0,500.0,6394300.0
662,2021-10-13 06:46:10,16600.0,100.0,6393800.0
663,2021-10-13 06:46:10,16600.0,2300.0,6393700.0
664,2021-10-13 06:45:54,16600.0,500.0,6391400.0
665,2021-10-13 06:45:47,16600.0,100.0,6390900.0
666,2021-10-13 06:45:47,16600.0,1300.0,6390800.0
667,2021-10-13 06:44:25,16600.0,200.0,6389500.0
668,2021-10-13 06:44:07,16600.0,500.0,6389300.0
669,2021-10-13 06:44:01,16600.0,100.0,6388800.0
670,2021-10-13 06:44:01,16600.0,1000.0,6388700.0
671,2021-10-13 06:44:01,16600.0,1000.0,6387700.0
672,2021-10-13 06:44:01,16600.0,200.0,6386700.0
673,2021-10-13 06:44:01,16600.0,1700.0,6386500.0
674,2021-10-13 06:43:50,16600.0,300.0,6384800.0
675,2021-10-13 06:43:50,16600.0,500.0,6384500.0
676,2021-10-13 06:43:50,16600.0,500.0,6384000.0
677,2021-10-13 06:43:50,16600.0,700.0,6383500.0
678,2021-10-13 06:43:05,16600.0,200.0,6382800.0
679,2021-10-13 06:42:52,16600.0,100.0,6382600.0
680,2021-10-13 06:42:52,16600.0,100.0,6382500.0
681,2021-10-13 06:42:04,16550.0,2000.0,6382400.0
682,2021-10-13 06:41:22,16550.0,1000.0,6380400.0
683,2021-10-13 06:40:54,16550.0,2300.0,6379400.0
684,2021-10-13 06:40:51,16550.0,100.0,6377100.0
685,2021-10-13 06:40:44,16550.0,3400.0,6377000.0
686,2021-10-13 06:40:44,16550.0,400.0,6373600.0
687,2021-10-13 06:40:44,16550.0,500.0,6373200.0
688,2021-10-13 06:40:44,16550.0,1000.0,6372700.0
689,2021-10-13 06:40:44,16550.0,600.0,6371700.0
690,2021-10-13 06:40:44,16550.0,5000.0,6371100.0
691,2021-10-13 06:40:44,16550.0,500.0,6366100.0
692,2021-10-13 06:39:51,16550.0,4500.0,6365600.0
693,2021-10-13 06:39:51,16550.0,500.0,6361100.0
694,2021-10-13 06:39:39,16550.0,1500.0,6360600.0
695,2021-10-13 06:39:12,16550.0,100.0,6359100.0
696,2021-10-13 06:38:40,16600.0,200.0,6359000.0
697,2021-10-13 06:38:32,16550.0,2000.0,6358800.0
698,2021-10-13 06:38:26,16550.0,1100.0,6356800.0
699,2021-10-13 06:38:26,16550.0,500.0,6355700.0
700,2021-10-13 06:38:26,16550.0,500.0,6355200.0
701,2021-10-13 06:38:26,16550.0,100.0,6354700.0
702,2021-10-13 06:38:26,16550.0,7800.0,6354600.0
703,2021-10-13 06:38:16,16550.0,2200.0,6346800.0
704,2021-10-13 06:38:16,16550.0,700.0,6344600.0
705,2021-10-13 06:38:16,16550.0,100.0,6343900.0
706,2021-10-13 06:38:04,16550.0,600.0,6343800.0
707,2021-10-13 06:38:04,16550.0,100.0,6343200.0
708,2021-10-13 06:38:04,16550.0,2500.0,6343100.0
709,2021-10-13 06:38:04,16550.0,4800.0,6340600.0
710,2021-10-13 06:37:53,16550.0,300.0,6335800.0
711,2021-10-13 06:37:42,16550.0,300.0,6335500.0
712,2021-10-13 06:37:40,16550.0,100.0,6335200.0
713,2021-10-13 06:37:40,16550.0,600.0,6335100.0
714,2021-10-13 06:37:11,16550.0,2000.0,6334500.0
715,2021-10-13 06:37:09,16550.0,400.0,6332500.0
716,2021-10-13 06:37:09,16550.0,3000.0,6332100.0
717,2021-10-13 06:37:09,16550.0,100.0,6329100.0
718,2021-10-13 06:37:09,16550.0,1000.0,6329000.0
719,2021-10-13 06:37:09,16550.0,500.0,6328000.0
720,2021-10-13 06:36:32,16550.0,5000.0,6327500.0
721,2021-10-13 06:36:25,16550.0,1000.0,6322500.0
722,2021-10-13 06:36:25,16600.0,100.0,6321500.0
723,2021-10-13 06:36:06,16550.0,3500.0,6321400.0
724,2021-10-13 06:36:06,16550.0,2500.0,6317900.0
725,2021-10-13 06:36:06,16550.0,1700.0,6315400.0
726,2021-10-13 06:35:35,16550.0,300.0,6313700.0
727,2021-10-13 06:35:35,16550.0,1600.0,6313400.0
728,2021-10-13 06:35:32,16550.0,500.0,6311800.0
729,2021-10-13 06:35:32,16550.0,1000.0,6311300.0
730,2021-10-13 06:35:32,16550.0,10000.0,6310300.0
731,2021-10-13 06:35:32,16550.0,200.0,6300300.0
732,2021-10-13 06:35:32,16550.0,1500.0,6300100.0
733,2021-10-13 06:35:32,16550.0,200.0,6298600.0
734,2021-10-13 06:35:32,16550.0,1000.0,6298400.0
735,2021-10-13 06:35:32,16550.0,300.0,6297400.0
736,2021-10-13 06:35:32,16550.0,100.0,6297100.0
737,2021-10-13 06:35:32,16550.0,200.0,6297000.0
738,2021-10-13 06:35:32,16550.0,1000.0,6296800.0
739,2021-10-13 06:35:32,16550.0,100.0,6295800.0
740,2021-10-13 06:35:32,16550.0,600.0,6295700.0
741,2021-10-13 06:35:07,16550.0,900.0,6295100.0
742,2021-10-13 06:34:57,16550.0,1000.0,6294200.0
743,2021-10-13 06:34:53,16550.0,2600.0,6293200.0
744,2021-10-13 06:34:53,16550.0,500.0,6290600.0
745,2021-10-13 06:34:53,16550.0,1000.0,6290100.0
746,2021-10-13 06:34:53,16550.0,200.0,6289100.0
747,2021-10-13 06:34:53,16550.0,5700.0,6288900.0
748,2021-10-13 06:34:42,16550.0,1600.0,6283200.0
749,2021-10-13 06:34:35,16500.0,1500.0,6281600.0
750,2021-10-13 06:34:03,16500.0,3000.0,6280100.0
751,2021-10-13 06:33:47,16550.0,1000.0,6277100.0
752,2021-10-13 06:33:33,16550.0,1000.0,6276100.0
753,2021-10-13 06:33:24,16550.0,700.0,6275100.0
754,2021-10-13 06:33:24,16550.0,300.0,6274400.0
755,2021-10-13 06:33:06,16550.0,500.0,6274100.0
756,2021-10-13 06:33:06,16550.0,200.0,6273600.0
757,2021-10-13 06:33:06,16550.0,1800.0,6273400.0
758,2021-10-13 06:33:01,16550.0,500.0,6271600.0
759,2021-10-13 06:32:51,16550.0,500.0,6271100.0
760,2021-10-13 06:32:34,16550.0,100.0,6270600.0
761,2021-10-13 06:32:02,16550.0,7100.0,6270500.0
762,2021-10-13 06:32:02,16550.0,100.0,6263400.0
763,2021-10-13 06:32:02,16550.0,1500.0,6263300.0
764,2021-10-13 06:31:29,16500.0,600.0,6261800.0
765,2021-10-13 06:31:29,16500.0,400.0,6261200.0
766,2021-10-13 06:31:08,16500.0,100.0,6260800.0
767,2021-10-13 06:30:54,16550.0,1000.0,6260700.0
768,2021-10-13 06:30:50,16550.0,500.0,6259700.0
769,2021-10-13 06:30:50,16550.0,500.0,6259200.0
770,2021-10-13 06:30:50,16550.0,300.0,6258700.0
771,2021-10-13 06:30:50,16550.0,1000.0,6258400.0
772,2021-10-13 06:30:50,16550.0,2200.0,6257400.0
773,2021-10-13 06:30:32,16550.0,800.0,6255200.0
774,2021-10-13 06:30:32,16550.0,500.0,6254400.0
775,2021-10-13 06:30:01,16550.0,400.0,6253900.0
776,2021-10-13 06:29:53,16550.0,6100.0,6253500.0
777,2021-10-13 06:29:53,16550.0,3900.0,6247400.0
778,2021-10-13 06:29:48,16550.0,600.0,6243500.0
779,2021-10-13 06:29:39,16550.0,200.0,6242900.0
780,2021-10-13 06:29:31,16550.0,200.0,6242700.0
781,2021-10-13 06:28:37,16550.0,100.0,6242500.0
782,2021-10-13 06:28:11,16550.0,100.0,6242400.0
783,2021-10-13 06:28:11,16550.0,500.0,6242300.0
784,2021-10-13 06:28:11,16550.0,500.0,6241800.0
785,2021-10-13 06:28:11,16550.0,200.0,6241300.0
786,2021-10-13 06:28:11,16550.0,2000.0,6241100.0
787,2021-10-13 06:28:11,16550.0,1000.0,6239100.0
788,2021-10-13 06:28:11,16550.0,100.0,6238100.0
789,2021-10-13 06:28:11,16550.0,600.0,6238000.0
790,2021-10-13 06:27:19,16550.0,500.0,6237400.0
791,2021-10-13 06:27:19,16550.0,100.0,6236900.0
792,2021-10-13 06:27:19,16550.0,100.0,6236800.0
793,2021-10-13 06:27:18,16550.0,400.0,6236700.0
794,2021-10-13 06:27:18,16550.0,600.0,6236300.0
795,2021-10-13 06:27:18,16550.0,2000.0,6235700.0
796,2021-10-13 06:27:13,16550.0,500.0,6233700.0
797,2021-10-13 06:26:58,16550.0,5000.0,6233200.0
798,2021-10-13 06:26:36,16550.0,1000.0,6228200.0
799,2021-10-13 06:26:11,16550.0,500.0,6227200.0
800,2021-10-13 06:26:06,16550.0,500.0,6226700.0
801,2021-10-13 06:25:39,16550.0,500.0,6226200.0
802,2021-10-13 06:25:38,16550.0,400.0,6225700.0
803,2021-10-13 06:25:36,16550.0,100.0,6225300.0
804,2021-10-13 06:25:36,16550.0,1400.0,6225200.0
805,2021-10-13 06:25:35,16550.0,600.0,6223800.0
806,2021-10-13 06:25:35,16550.0,100.0,6223200.0
807,2021-10-13 06:25:35,16550.0,1800.0,6223100.0
808,2021-10-13 06:25:21,16550.0,700.0,6221300.0
809,2021-10-13 06:25:21,16550.0,1000.0,6220600.0
810,2021-10-13 06:25:21,16550.0,300.0,6219600.0
811,2021-10-13 06:24:53,16550.0,100.0,6219300.0
812,2021-10-13 06:24:50,16550.0,100.0,6219200.0
813,2021-10-13 06:24:47,16550.0,400.0,6219100.0
814,2021-10-13 06:24:47,16550.0,600.0,6218700.0
815,2021-10-13 06:24:24,16550.0,100.0,6218100.0
816,2021-10-13 06:24:09,16550.0,300.0,6218000.0
817,2021-10-13 06:24:09,16550.0,700.0,6217700.0
818,2021-10-13 06:23:56,16550.0,1000.0,6217000.0
819,2021-10-13 06:23:56,16550.0,500.0,6216000.0
820,2021-10-13 06:23:56,16550.0,1700.0,6215500.0
821,2021-10-13 06:23:54,16550.0,2000.0,6213800.0
822,2021-10-13 06:23:44,16550.0,1000.0,6211800.0
823,2021-10-13 06:23:32,16550.0,1700.0,6210800.0
824,2021-10-13 06:23:32,16550.0,200.0,6209100.0
825,2021-10-13 06:23:32,16550.0,100.0,6208900.0
826,2021-10-13 06:23:32,16550.0,1000.0,6208800.0
827,2021-10-13 06:23:22,16550.0,100.0,6207800.0
828,2021-10-13 06:23:22,16550.0,400.0,6207700.0
829,2021-10-13 06:23:22,16550.0,600.0,6207300.0
830,2021-10-13 06:23:22,16550.0,500.0,6206700.0
831,2021-10-13 06:23:17,16550.0,3000.0,6206200.0
832,2021-10-13 06:23:15,16550.0,100.0,6203200.0
833,2021-10-13 06:23:14,16550.0,500.0,6203100.0
834,2021-10-13 06:23:11,16550.0,500.0,6202600.0
835,2021-10-13 06:22:58,16550.0,400.0,6202100.0
836,2021-10-13 06:22:58,16550.0,1600.0,6201700.0
837,2021-10-13 06:22:47,16550.0,500.0,6200100.0
838,2021-10-13 06:22:47,16550.0,1500.0,6199600.0
839,2021-10-13 06:22:45,16550.0,1000.0,6198100.0
840,2021-10-13 06:22:45,16550.0,500.0,6197100.0
841,2021-10-13 06:22:37,16550.0,1000.0,6196600.0
842,2021-10-13 06:22:36,16550.0,900.0,6195600.0
843,2021-10-13 06:22:32,16550.0,300.0,6194700.0
844,2021-10-13 06:22:31,16550.0,600.0,6194400.0
845,2021-10-13 06:22:29,16550.0,700.0,6193800.0
846,2021-10-13 06:22:29,16550.0,1000.0,6193100.0
847,2021-10-13 06:22:29,16550.0,1500.0,6192100.0
848,2021-10-13 06:22:25,16550.0,500.0,6190600.0
849,2021-10-13 06:22:25,16550.0,500.0,6190100.0
850,2021-10-13 06:22:15,16550.0,1000.0,6189600.0
851,2021-10-13 06:22:09,16550.0,100.0,6188600.0
852,2021-10-13 06:21:43,16550.0,400.0,6188500.0
853,2021-10-13 06:21:43,16550.0,1000.0,6188100.0
854,2021-10-13 06:21:43,16550.0,500.0,6187100.0
855,2021-10-13 06:21:43,16550.0,100.0,6186600.0
856,2021-10-13 06:21:30,16550.0,600.0,6186500.0
857,2021-10-13 06:21:30,16550.0,1000.0,6185900.0
858,2021-10-13 06:21:30,16550.0,400.0,6184900.0
859,2021-10-13 06:21:12,16600.0,200.0,6184500.0
860,2021-10-13 06:21:02,16550.0,600.0,6184300.0
861,2021-10-13 06:21:02,16550.0,400.0,6183700.0
862,2021-10-13 06:21:02,16550.0,3000.0,6183300.0
863,2021-10-13 06:20:57,16550.0,3000.0,6180300.0
864,2021-10-13 06:20:57,16600.0,300.0,6177300.0
865,2021-10-13 06:20:57,16600.0,300.0,6177000.0
866,2021-10-13 06:20:56,16600.0,400.0,6176700.0
867,2021-10-13 06:20:56,16600.0,500.0,6176300.0
868,2021-10-13 06:20:56,16600.0,600.0,6175800.0
869,2021-10-13 06:20:33,16600.0,500.0,6175200.0
870,2021-10-13 06:20:10,16600.0,2000.0,6174700.0
871,2021-10-13 06:20:07,16550.0,1500.0,6172700.0
872,2021-10-13 06:20:06,16550.0,100.0,6171200.0
873,2021-10-13 06:20:03,16550.0,100.0,6171100.0
874,2021-10-13 06:20:00,16550.0,500.0,6171000.0
875,2021-10-13 06:19:48,16550.0,500.0,6170500.0
876,2021-10-13 06:19:48,16550.0,1500.0,6170000.0
877,2021-10-13 06:19:38,16550.0,500.0,6168500.0
878,2021-10-13 06:19:38,16550.0,500.0,6168000.0
879,2021-10-13 06:19:35,16550.0,1000.0,6167500.0
880,2021-10-13 06:19:35,16550.0,600.0,6166500.0
881,2021-10-13 06:19:35,16550.0,600.0,6165900.0
882,2021-10-13 06:19:35,16550.0,2000.0,6165300.0
883,2021-10-13 06:19:35,16550.0,600.0,6163300.0
884,2021-10-13 06:19:35,16550.0,500.0,6162700.0
885,2021-10-13 06:19:35,16550.0,1000.0,6162200.0
886,2021-10-13 06:19:35,16550.0,3700.0,6161200.0
887,2021-10-13 06:18:43,16600.0,900.0,6157500.0
888,2021-10-13 06:18:43,16600.0,100.0,6156600.0
889,2021-10-13 06:18:43,16600.0,100.0,6156500.0
890,2021-10-13 06:18:43,16600.0,100.0,6156400.0
891,2021-10-13 06:18:43,16600.0,500.0,6156300.0
892,2021-10-13 06:18:43,16600.0,400.0,6155800.0
893,2021-10-13 06:18:43,16600.0,200.0,6155400.0
894,2021-10-13 06:18:31,16550.0,200.0,6155200.0
895,2021-10-13 06:18:20,16550.0,500.0,6155000.0
896,2021-10-13 06:17:29,16550.0,200.0,6154500.0
897,2021-10-13 06:17:14,16550.0,100.0,6154300.0
898,2021-10-13 06:17:14,16550.0,3400.0,6154200.0
899,2021-10-13 06:16:48,16550.0,200.0,6150800.0
900,2021-10-13 06:16:40,16550.0,3800.0,6150600.0
901,2021-10-13 06:16:40,16550.0,800.0,6146800.0
902,2021-10-13 06:16:40,16550.0,400.0,6146000.0
903,2021-10-13 06:15:53,16550.0,100.0,6145600.0
904,2021-10-13 06:15:29,16550.0,500.0,6145500.0
905,2021-10-13 06:15:24,16600.0,1800.0,6145000.0
906,2021-10-13 06:15:24,16600.0,1200.0,6143200.0
907,2021-10-13 06:14:35,16600.0,3000.0,6142000.0
908,2021-10-13 06:14:00,16600.0,5800.0,6139000.0
909,2021-10-13 06:13:48,16600.0,1000.0,6133200.0
910,2021-10-13 06:13:44,16600.0,3000.0,6132200.0
911,2021-10-13 06:13:43,16600.0,500.0,6129200.0
912,2021-10-13 06:13:43,16600.0,100.0,6128700.0
913,2021-10-13 06:13:43,16600.0,500.0,6128600.0
914,2021-10-13 06:13:43,16600.0,300.0,6128100.0
915,2021-10-13 06:13:43,16600.0,600.0,6127800.0
916,2021-10-13 06:13:42,16550.0,3000.0,6127200.0
917,2021-10-13 06:13:03,16550.0,5000.0,6124200.0
918,2021-10-13 06:13:03,16550.0,1500.0,6119200.0
919,2021-10-13 06:13:03,16550.0,200.0,6117700.0
920,2021-10-13 06:13:03,16550.0,200.0,6117500.0
921,2021-10-13 06:13:03,16550.0,6000.0,6117300.0
922,2021-10-13 06:13:03,16550.0,200.0,6111300.0
923,2021-10-13 06:13:03,16550.0,5000.0,6111100.0
924,2021-10-13 06:13:03,16550.0,500.0,6106100.0
925,2021-10-13 06:13:03,16550.0,500.0,6105600.0
926,2021-10-13 06:13:03,16550.0,1000.0,6105100.0
927,2021-10-13 06:13:03,16550.0,300.0,6104100.0
928,2021-10-13 06:13:03,16550.0,500.0,6103800.0
929,2021-10-13 06:13:03,16550.0,1000.0,6103300.0
930,2021-10-13 06:13:03,16550.0,1000.0,6102300.0
931,2021-10-13 06:13:03,16550.0,300.0,6101300.0
932,2021-10-13 06:13:03,16550.0,400.0,6101000.0
933,2021-10-13 06:13:03,16550.0,2000.0,6100600.0
934,2021-10-13 06:13:03,16550.0,200.0,6098600.0
935,2021-10-13 06:13:03,16550.0,600.0,6098400.0
936,2021-10-13 06:13:03,16550.0,6000.0,6097800.0
937,2021-10-13 06:13:03,16550.0,100.0,6091800.0
938,2021-10-13 06:13:03,16550.0,900.0,6091700.0
939,2021-10-13 06:13:03,16600.0,2900.0,6090800.0
940,2021-10-13 06:13:03,16600.0,2000.0,6087900.0
941,2021-10-13 06:13:03,16600.0,1600.0,6085900.0
942,2021-10-13 06:13:03,16600.0,200.0,6084300.0
943,2021-10-13 06:13:03,16600.0,1000.0,6084100.0
944,2021-10-13 06:13:03,16600.0,100.0,6083100.0
945,2021-10-13 06:13:03,16600.0,300.0,6083000.0
946,2021-10-13 06:13:03,16600.0,2000.0,6082700.0
947,2021-10-13 06:13:03,16600.0,500.0,6080700.0
948,2021-10-13 06:13:03,16600.0,500.0,6080200.0
949,2021-10-13 06:13:03,16600.0,2000.0,6079700.0
950,2021-10-13 06:13:03,16600.0,400.0,6077700.0
951,2021-10-13 06:13:03,16600.0,200.0,6077300.0
952,2021-10-13 06:13:03,16600.0,600.0,6077100.0
953,2021-10-13 06:13:03,16600.0,900.0,6076500.0
954,2021-10-13 06:13:03,16600.0,1000.0,6075600.0
955,2021-10-13 06:13:03,16600.0,400.0,6074600.0
956,2021-10-13 06:13:02,16600.0,100.0,6074200.0
957,2021-10-13 06:12:54,16600.0,300.0,6074100.0
958,2021-10-13 06:12:53,16600.0,300.0,6073800.0
959,2021-10-13 06:12:51,16600.0,500.0,6073500.0
960,2021-10-13 06:12:46,16600.0,200.0,6073000.0
961,2021-10-13 06:12:45,16600.0,1200.0,6072800.0
962,2021-10-13 06:12:45,16600.0,5000.0,6071600.0
963,2021-10-13 06:12:45,16600.0,5000.0,6066600.0
964,2021-10-13 06:12:45,16600.0,8700.0,6061600.0
965,2021-10-13 06:12:45,16600.0,100.0,6052900.0
966,2021-10-13 06:12:44,16600.0,200.0,6052800.0
967,2021-10-13 06:12:44,16600.0,300.0,6052600.0
968,2021-10-13 06:12:12,16600.0,4700.0,6052300.0
969,2021-10-13 06:12:12,16600.0,300.0,6047600.0
970,2021-10-13 06:12:10,16650.0,1900.0,6047300.0
971,2021-10-13 06:11:53,16650.0,1900.0,6045400.0
972,2021-10-13 06:11:52,16600.0,500.0,6043500.0
973,2021-10-13 06:11:49,16600.0,100.0,6043000.0
974,2021-10-13 06:11:39,16600.0,100.0,6042900.0
975,2021-10-13 06:11:39,16600.0,900.0,6042800.0
976,2021-10-13 06:11:25,16600.0,100.0,6041900.0
977,2021-10-13 06:11:25,16600.0,400.0,6041800.0
978,2021-10-13 06:11:13,16600.0,100.0,6041400.0
979,2021-10-13 06:10:53,16600.0,300.0,6041300.0
980,2021-10-13 06:10:53,16600.0,200.0,6041000.0
981,2021-10-13 06:10:32,16600.0,300.0,6040800.0
982,2021-10-13 06:10:32,16600.0,300.0,6040500.0
983,2021-10-13 06:10:32,16600.0,600.0,6040200.0
984,2021-10-13 06:10:32,16600.0,200.0,6039600.0
985,2021-10-13 06:10:32,16600.0,100.0,6039400.0
986,2021-10-13 06:10:32,16600.0,1500.0,6039300.0
987,2021-10-13 06:10:22,16600.0,200.0,6037800.0
988,2021-10-13 06:10:11,16650.0,300.0,6037600.0
989,2021-10-13 06:10:06,16600.0,400.0,6037300.0
990,2021-10-13 06:09:56,16600.0,100.0,6036900.0
991,2021-10-13 06:09:54,16600.0,2300.0,6036800.0
992,2021-10-13 06:09:24,16600.0,3000.0,6034500.0
993,2021-10-13 06:09:22,16650.0,1600.0,6031500.0
994,2021-10-13 06:09:22,16650.0,500.0,6029900.0
995,2021-10-13 06:09:22,16650.0,100.0,6029400.0
996,2021-10-13 06:09:22,16650.0,2100.0,6029300.0
997,2021-10-13 06:09:22,16650.0,500.0,6027200.0
998,2021-10-13 06:09:22,16650.0,200.0,6026700.0
999,2021-10-13 06:09:21,16600.0,100.0,6026500.0
1000,2021-10-13 06:09:03,16600.0,100.0,6026400.0
1001,2021-10-13 06:08:34,16600.0,100.0,6026300.0
1002,2021-10-13 06:08:32,16600.0,2000.0,6026200.0
1003,2021-10-13 06:08:27,16600.0,2500.0,6024200.0
1004,2021-10-13 06:08:23,16600.0,200.0,6021700.0
1005,2021-10-13 06:08:21,16600.0,500.0,6021500.0
1006,2021-10-13 06:08:14,16600.0,2000.0,6021000.0
1007,2021-10-13 06:08:14,16600.0,1000.0,6019000.0
1008,2021-10-13 06:07:57,16600.0,100.0,6018000.0
1009,2021-10-13 06:07:57,16600.0,100.0,6017900.0
1010,2021-10-13 06:07:57,16600.0,700.0,6017800.0
1011,2021-10-13 06:07:57,16600.0,500.0,6017100.0
1012,2021-10-13 06:07:50,16600.0,100.0,6016600.0
1013,2021-10-13 06:07:41,16600.0,600.0,6016500.0
1014,2021-10-13 06:07:41,16600.0,900.0,6015900.0
1015,2021-10-13 06:07:35,16600.0,100.0,6015000.0
1016,2021-10-13 06:07:07,16600.0,600.0,6014900.0
1017,2021-10-13 06:07:07,16600.0,900.0,6014300.0
1018,2021-10-13 06:06:56,16600.0,500.0,6013400.0
1019,2021-10-13 06:06:27,16600.0,100.0,6012900.0
1020,2021-10-13 06:06:24,16650.0,200.0,6012800.0
1021,2021-10-13 06:06:24,16650.0,500.0,6012600.0
1022,2021-10-13 06:06:24,16650.0,300.0,6012100.0
1023,2021-10-13 06:06:23,16600.0,200.0,6011800.0
1024,2021-10-13 06:06:23,16600.0,100.0,6011600.0
1025,2021-10-13 06:06:19,16650.0,700.0,6011500.0
1026,2021-10-13 06:06:19,16650.0,300.0,6010800.0
1027,2021-10-13 06:05:59,16650.0,200.0,6010500.0
1028,2021-10-13 06:05:59,16650.0,100.0,6010300.0
1029,2021-10-13 06:05:59,16650.0,300.0,6010200.0
1030,2021-10-13 06:05:57,16600.0,100.0,6009900.0
1031,2021-10-13 06:05:50,16600.0,2100.0,6009800.0
1032,2021-10-13 06:05:50,16600.0,5000.0,6007700.0
1033,2021-10-13 06:05:50,16600.0,500.0,6002700.0
1034,2021-10-13 06:05:50,16600.0,1000.0,6002200.0
1035,2021-10-13 06:05:50,16600.0,1400.0,6001200.0
1036,2021-10-13 06:05:47,16600.0,1000.0,5999800.0
1037,2021-10-13 06:05:22,16650.0,3200.0,5998800.0
1038,2021-10-13 06:05:22,16650.0,100.0,5995600.0
1039,2021-10-13 06:05:22,16650.0,700.0,5995500.0
1040,2021-10-13 06:05:19,16650.0,1000.0,5994800.0
1041,2021-10-13 06:04:46,16650.0,600.0,5993800.0
1042,2021-10-13 06:03:40,16650.0,500.0,5993200.0
1043,2021-10-13 06:02:47,16650.0,400.0,5992700.0
1044,2021-10-13 06:02:42,16600.0,100.0,5992300.0
1045,2021-10-13 06:02:30,16600.0,1000.0,5992200.0
1046,2021-10-13 06:02:03,16600.0,100.0,5991200.0
1047,2021-10-13 06:01:59,16600.0,1000.0,5991100.0
1048,2021-10-13 06:01:32,16600.0,100.0,5990100.0
1049,2021-10-13 06:01:28,16600.0,300.0,5990000.0
1050,2021-10-13 06:01:28,16600.0,100.0,5989700.0
1051,2021-10-13 06:00:59,16600.0,300.0,5989600.0
1052,2021-10-13 06:00:43,16650.0,1800.0,5989300.0
1053,2021-10-13 06:00:43,16650.0,100.0,5987500.0
1054,2021-10-13 06:00:43,16650.0,100.0,5987400.0
1055,2021-10-13 06:00:39,16600.0,100.0,5987300.0
1056,2021-10-13 06:00:39,16600.0,100.0,5987200.0
1057,2021-10-13 06:00:28,16600.0,200.0,5987100.0
1058,2021-10-13 06:00:28,16600.0,200.0,5986900.0
1059,2021-10-13 06:00:26,16600.0,1300.0,5986700.0
1060,2021-10-13 06:00:26,16600.0,500.0,5985400.0
1061,2021-10-13 06:00:26,16600.0,500.0,5984900.0
1062,2021-10-13 06:00:26,16600.0,7700.0,5984400.0
1063,2021-10-13 06:00:25,16600.0,2000.0,5976700.0
1064,2021-10-13 06:00:22,16600.0,300.0,5974700.0
1065,2021-10-13 06:00:22,16600.0,700.0,5974400.0
1066,2021-10-13 06:00:22,16600.0,1000.0,5973700.0
1067,2021-10-13 06:00:22,16600.0,100.0,5972700.0
1068,2021-10-13 06:00:22,16600.0,200.0,5972600.0
1069,2021-10-13 06:00:19,16600.0,100.0,5972400.0
1070,2021-10-13 06:00:18,16600.0,600.0,5972300.0
1071,2021-10-13 06:00:18,16600.0,200.0,5971700.0
1072,2021-10-13 06:00:18,16600.0,200.0,5971500.0
1073,2021-10-13 06:00:18,16600.0,1000.0,5971300.0
1074,2021-10-13 06:00:17,16600.0,200.0,5970300.0
1075,2021-10-13 06:00:17,16600.0,800.0,5970100.0
1076,2021-10-13 06:00:16,16600.0,3000.0,5969300.0
1077,2021-10-13 06:00:16,16600.0,700.0,5966300.0
1078,2021-10-13 06:00:15,16600.0,300.0,5965600.0
1079,2021-10-13 06:00:12,16600.0,1500.0,5965300.0
1080,2021-10-13 06:00:11,16600.0,200.0,5963800.0
1081,2021-10-13 06:00:10,16600.0,800.0,5963600.0
1082,2021-10-13 06:00:10,16600.0,200.0,5962800.0
1083,2021-10-13 06:00:09,16600.0,5000.0,5962600.0
1084,2021-10-13 06:00:09,16600.0,3000.0,5957600.0
1085,2021-10-13 06:00:08,16550.0,100.0,5954600.0
1086,2021-10-13 06:00:05,16600.0,500.0,5954500.0
1087,2021-10-13 06:00:04,16600.0,100.0,5954000.0
1088,2021-10-13 06:00:04,16600.0,100.0,5953900.0
1089,2021-10-13 06:00:04,16600.0,300.0,5953800.0
1090,2021-10-13 06:00:04,16600.0,2100.0,5953500.0
1091,2021-10-13 06:00:03,16600.0,200.0,5951400.0
1092,2021-10-13 06:00:03,16600.0,100.0,5951200.0
1093,2021-10-13 06:00:02,16650.0,2000.0,5951100.0
1094,2021-10-13 06:00:02,16600.0,100.0,5949100.0
1095,2021-10-13 06:00:02,16600.0,800.0,5949000.0
1096,2021-10-13 06:00:01,16600.0,1000.0,5948200.0
1097,2021-10-13 06:00:01,16600.0,100.0,5947200.0
1098,2021-10-13 06:00:00,16600.0,1000.0,5947100.0
1099,2021-10-13 06:00:00,16600.0,100.0,5946100.0
1100,2021-10-13 06:00:00,16600.0,200.0,5946000.0
1101,2021-10-13 06:00:00,16600.0,1000.0,5945800.0
1102,2021-10-13 06:00:00,16600.0,1500.0,5944800.0
1103,2021-10-13 06:00:00,16600.0,200.0,5943300.0
1104,2021-10-13 04:29:59,16600.0,3000.0,5943100.0
1105,2021-10-13 04:29:55,16600.0,3100.0,5940100.0
1106,2021-10-13 04:29:55,16600.0,300.0,5937000.0
1107,2021-10-13 04:29:45,16600.0,6600.0,5936700.0
1108,2021-10-13 04:29:45,16600.0,400.0,5930100.0
1109,2021-10-13 04:29:45,16600.0,8000.0,5929700.0
1110,2021-10-13 04:29:45,16600.0,300.0,5921700.0
1111,2021-10-13 04:29:45,16600.0,1600.0,5921400.0
1112,2021-10-13 04:29:45,16600.0,1000.0,5919800.0
1113,2021-10-13 04:29:45,16600.0,100.0,5918800.0
1114,2021-10-13 04:29:45,16600.0,300.0,5918700.0
1115,2021-10-13 04:29:45,16600.0,700.0,5918400.0
1116,2021-10-13 04:29:45,16600.0,1000.0,5917700.0
1117,2021-10-13 04:29:45,16600.0,500.0,5916700.0
1118,2021-10-13 04:29:45,16600.0,100.0,5916200.0
1119,2021-10-13 04:29:45,16600.0,100.0,5916100.0
1120,2021-10-13 04:29:45,16600.0,400.0,5916000.0
1121,2021-10-13 04:29:45,16600.0,3800.0,5915600.0
1122,2021-10-13 04:29:45,16600.0,200.0,5911800.0
1123,2021-10-13 04:29:45,16600.0,200.0,5911600.0
1124,2021-10-13 04:29:45,16600.0,200.0,5911400.0
1125,2021-10-13 04:29:45,16600.0,800.0,5911200.0
1126,2021-10-13 04:29:45,16600.0,1000.0,5910400.0
1127,2021-10-13 04:29:45,16600.0,200.0,5909400.0
1128,2021-10-13 04:29:45,16600.0,100.0,5909200.0
1129,2021-10-13 04:29:45,16600.0,1000.0,5909100.0
1130,2021-10-13 04:29:45,16600.0,20000.0,5908100.0
1131,2021-10-13 04:29:45,16600.0,1400.0,5888100.0
1132,2021-10-13 04:29:31,16600.0,3600.0,5886700.0
1133,2021-10-13 04:29:31,16600.0,100.0,5883100.0
1134,2021-10-13 04:29:31,16600.0,2000.0,5883000.0
1135,2021-10-13 04:29:31,16600.0,1000.0,5881000.0
1136,2021-10-13 04:29:31,16600.0,500.0,5880000.0
1137,2021-10-13 04:29:31,16600.0,1000.0,5879500.0
1138,2021-10-13 04:29:31,16600.0,100.0,5878500.0
1139,2021-10-13 04:29:31,16600.0,300.0,5878400.0
1140,2021-10-13 04:29:31,16600.0,8600.0,5878100.0
1141,2021-10-13 04:29:31,16600.0,2000.0,5869500.0
1142,2021-10-13 04:29:31,16600.0,500.0,5867500.0
1143,2021-10-13 04:29:31,16600.0,800.0,5867000.0
1144,2021-10-13 04:29:31,16600.0,500.0,5866200.0
1145,2021-10-13 04:29:31,16600.0,5000.0,5865700.0
1146,2021-10-13 04:29:31,16600.0,400.0,5860700.0
1147,2021-10-13 04:29:31,16600.0,1000.0,5860300.0
1148,2021-10-13 04:29:31,16600.0,1000.0,5859300.0
1149,2021-10-13 04:29:31,16600.0,1000.0,5858300.0
1150,2021-10-13 04:29:31,16600.0,18600.0,5857300.0
1151,2021-10-13 04:29:13,16600.0,10000.0,5838700.0
1152,2021-10-13 04:28:44,16600.0,200.0,5828700.0
1153,2021-10-13 04:28:25,16600.0,100.0,5828500.0
1154,2021-10-13 04:28:08,16600.0,1100.0,5828400.0
1155,2021-10-13 04:28:08,16600.0,300.0,5827300.0
1156,2021-10-13 04:28:08,16600.0,100.0,5827000.0
1157,2021-10-13 04:28:08,16600.0,500.0,5826900.0
1158,2021-10-13 04:28:03,16550.0,300.0,5826400.0
1159,2021-10-13 04:28:00,16550.0,2700.0,5826100.0
1160,2021-10-13 04:28:00,16550.0,2300.0,5823400.0
1161,2021-10-13 04:27:52,16550.0,500.0,5821100.0
1162,2021-10-13 04:27:50,16550.0,100.0,5820600.0
1163,2021-10-13 04:27:44,16550.0,3000.0,5820500.0
1164,2021-10-13 04:27:21,16550.0,2600.0,5817500.0
1165,2021-10-13 04:27:21,16550.0,400.0,5814900.0
1166,2021-10-13 04:27:18,16550.0,19600.0,5814500.0
1167,2021-10-13 04:27:18,16550.0,400.0,5794900.0
1168,2021-10-13 04:26:44,16550.0,1000.0,5794500.0
1169,2021-10-13 04:26:29,16550.0,100.0,5793500.0
1170,2021-10-13 04:26:29,16550.0,4900.0,5793400.0
1171,2021-10-13 04:26:25,16550.0,100.0,5788500.0
1172,2021-10-13 04:26:21,16550.0,2000.0,5788400.0
1173,2021-10-13 04:26:21,16550.0,1000.0,5786400.0
1174,2021-10-13 04:26:01,16550.0,500.0,5785400.0
1175,2021-10-13 04:26:01,16550.0,800.0,5784900.0
1176,2021-10-13 04:26:01,16550.0,100.0,5784100.0
1177,2021-10-13 04:26:01,16550.0,1000.0,5784000.0
1178,2021-10-13 04:26:01,16550.0,2600.0,5783000.0
1179,2021-10-13 04:25:40,16550.0,100.0,5780400.0
1180,2021-10-13 04:25:29,16550.0,500.0,5780300.0
1181,2021-10-13 04:25:25,16550.0,1000.0,5779800.0
1182,2021-10-13 04:25:25,16550.0,100.0,5778800.0
1183,2021-10-13 04:25:25,16550.0,700.0,5778700.0
1184,2021-10-13 04:25:15,16550.0,300.0,5778000.0
1185,2021-10-13 04:25:15,16550.0,300.0,5777700.0
1186,2021-10-13 04:25:15,16550.0,400.0,5777400.0
1187,2021-10-13 04:25:15,16550.0,500.0,5777000.0
1188,2021-10-13 04:25:13,16550.0,600.0,5776500.0
1189,2021-10-13 04:25:11,16550.0,500.0,5775900.0
1190,2021-10-13 04:25:09,16550.0,2400.0,5775400.0
1191,2021-10-13 04:25:04,16550.0,9900.0,5773000.0
1192,2021-10-13 04:25:04,16550.0,100.0,5763100.0
1193,2021-10-13 04:24:54,16500.0,300.0,5763000.0
1194,2021-10-13 04:24:53,16550.0,1000.0,5762700.0
1195,2021-10-13 04:24:50,16550.0,100.0,5761700.0
1196,2021-10-13 04:24:50,16550.0,100.0,5761600.0
1197,2021-10-13 04:24:31,16550.0,300.0,5761500.0
1198,2021-10-13 04:24:31,16550.0,1700.0,5761200.0
1199,2021-10-13 04:24:17,16550.0,1500.0,5759500.0
1200,2021-10-13 04:24:10,16550.0,1800.0,5758000.0
1201,2021-10-13 04:24:10,16550.0,1000.0,5756200.0
1202,2021-10-13 04:24:10,16550.0,8200.0,5755200.0
1203,2021-10-13 04:24:01,16550.0,500.0,5747000.0
1204,2021-10-13 04:23:59,16500.0,1000.0,5746500.0
1205,2021-10-13 04:23:52,16500.0,200.0,5745500.0
1206,2021-10-13 04:23:52,16500.0,1800.0,5745300.0
1207,2021-10-13 04:23:36,16500.0,200.0,5743500.0
1208,2021-10-13 04:23:12,16500.0,1700.0,5743300.0
1209,2021-10-13 04:23:12,16500.0,7000.0,5741600.0
1210,2021-10-13 04:23:12,16500.0,500.0,5734600.0
1211,2021-10-13 04:23:12,16500.0,200.0,5734100.0
1212,2021-10-13 04:23:12,16500.0,900.0,5733900.0
1213,2021-10-13 04:22:43,16550.0,100.0,5733000.0
1214,2021-10-13 04:22:39,16500.0,100.0,5732900.0
1215,2021-10-13 04:22:39,16500.0,200.0,5732800.0
1216,2021-10-13 04:22:39,16500.0,300.0,5732600.0
1217,2021-10-13 04:22:39,16500.0,1000.0,5732300.0
1218,2021-10-13 04:22:39,16500.0,2000.0,5731300.0
1219,2021-10-13 04:22:39,16500.0,1900.0,5729300.0
1220,2021-10-13 04:22:39,16500.0,4500.0,5727400.0
1221,2021-10-13 04:22:30,16500.0,300.0,5722900.0
1222,2021-10-13 04:22:15,16500.0,200.0,5722600.0
1223,2021-10-13 04:22:15,16500.0,200.0,5722400.0
1224,2021-10-13 04:22:15,16500.0,100.0,5722200.0
1225,2021-10-13 04:22:15,16500.0,400.0,5722100.0
1226,2021-10-13 04:22:06,16500.0,100.0,5721700.0
1227,2021-10-13 04:22:06,16500.0,500.0,5721600.0
1228,2021-10-13 04:22:06,16500.0,400.0,5721100.0
1229,2021-10-13 04:22:01,16500.0,100.0,5720700.0
1230,2021-10-13 04:21:57,16500.0,1400.0,5720600.0
1231,2021-10-13 04:21:46,16500.0,100.0,5719200.0
1232,2021-10-13 04:21:46,16500.0,100.0,5719100.0
1233,2021-10-13 04:21:46,16500.0,800.0,5719000.0
1234,2021-10-13 04:21:45,16500.0,2000.0,5718200.0
1235,2021-10-13 04:21:45,16500.0,1000.0,5716200.0
1236,2021-10-13 04:21:45,16500.0,1000.0,5715200.0
1237,2021-10-13 04:21:40,16500.0,600.0,5714200.0
1238,2021-10-13 04:21:34,16500.0,300.0,5713600.0
1239,2021-10-13 04:21:29,16500.0,3100.0,5713300.0
1240,2021-10-13 04:21:29,16500.0,300.0,5710200.0
1241,2021-10-13 04:21:29,16500.0,100.0,5709900.0
1242,2021-10-13 04:21:29,16500.0,300.0,5709800.0
1243,2021-10-13 04:21:29,16500.0,700.0,5709500.0
1244,2021-10-13 04:21:29,16500.0,5500.0,5708800.0
1245,2021-10-13 04:21:08,16500.0,7000.0,5703300.0
1246,2021-10-13 04:20:56,16500.0,9500.0,5696300.0
1247,2021-10-13 04:20:42,16500.0,500.0,5686800.0
1248,2021-10-13 04:20:41,16500.0,1000.0,5686300.0
1249,2021-10-13 04:20:40,16500.0,200.0,5685300.0
1250,2021-10-13 04:20:35,16500.0,800.0,5685100.0
1251,2021-10-13 04:20:35,16500.0,1000.0,5684300.0
1252,2021-10-13 04:20:34,16500.0,200.0,5683300.0
1253,2021-10-13 04:20:23,16500.0,400.0,5683100.0
1254,2021-10-13 04:20:19,16500.0,900.0,5682700.0
1255,2021-10-13 04:20:19,16500.0,1000.0,5681800.0
1256,2021-10-13 04:20:19,16500.0,3100.0,5680800.0
1257,2021-10-13 04:19:45,16550.0,1200.0,5677700.0
1258,2021-10-13 04:19:45,16550.0,500.0,5676500.0
1259,2021-10-13 04:19:45,16550.0,300.0,5676000.0
1260,2021-10-13 04:19:45,16550.0,200.0,5675700.0
1261,2021-10-13 04:19:45,16550.0,7800.0,5675500.0
1262,2021-10-13 04:19:44,16500.0,1000.0,5667700.0
1263,2021-10-13 04:19:43,16550.0,13200.0,5666700.0
1264,2021-10-13 04:19:43,16550.0,1000.0,5653500.0
1265,2021-10-13 04:19:43,16550.0,800.0,5652500.0
1266,2021-10-13 04:19:21,16500.0,200.0,5651700.0
1267,2021-10-13 04:19:19,16500.0,500.0,5651500.0
1268,2021-10-13 04:19:08,16550.0,500.0,5651000.0
1269,2021-10-13 04:18:59,16550.0,8700.0,5650500.0
1270,2021-10-13 04:18:59,16550.0,200.0,5641800.0
1271,2021-10-13 04:18:59,16550.0,1000.0,5641600.0
1272,2021-10-13 04:18:59,16550.0,100.0,5640600.0
1273,2021-10-13 04:18:48,16500.0,100.0,5640500.0
1274,2021-10-13 04:18:41,16500.0,4100.0,5640400.0
1275,2021-10-13 04:18:41,16500.0,200.0,5636300.0
1276,2021-10-13 04:18:41,16500.0,100.0,5636100.0
1277,2021-10-13 04:18:41,16500.0,2000.0,5636000.0
1278,2021-10-13 04:18:41,16500.0,2300.0,5634000.0
1279,2021-10-13 04:18:37,16500.0,100.0,5631700.0
1280,2021-10-13 04:18:13,16500.0,100.0,5631600.0
1281,2021-10-13 04:18:02,16500.0,500.0,5631500.0
1282,2021-10-13 04:18:02,16500.0,300.0,5631000.0
1283,2021-10-13 04:18:02,16550.0,200.0,5630700.0
1284,2021-10-13 04:17:58,16550.0,800.0,5630500.0
1285,2021-10-13 04:17:58,16550.0,500.0,5629700.0
1286,2021-10-13 04:17:58,16550.0,300.0,5629200.0
1287,2021-10-13 04:17:58,16550.0,1000.0,5628900.0
1288,2021-10-13 04:17:58,16550.0,500.0,5627900.0
1289,2021-10-13 04:17:58,16550.0,200.0,5627400.0
1290,2021-10-13 04:17:58,16550.0,1000.0,5627200.0
1291,2021-10-13 04:17:58,16550.0,500.0,5626200.0
1292,2021-10-13 04:17:57,16500.0,700.0,5625700.0
1293,2021-10-13 04:17:56,16500.0,100.0,5625000.0
1294,2021-10-13 04:17:53,16500.0,100.0,5624900.0
1295,2021-10-13 04:17:51,16500.0,700.0,5624800.0
1296,2021-10-13 04:17:45,16500.0,200.0,5624100.0
1297,2021-10-13 04:17:37,16500.0,4500.0,5623900.0
1298,2021-10-13 04:17:36,16500.0,500.0,5619400.0
1299,2021-10-13 04:17:32,16500.0,100.0,5618900.0
1300,2021-10-13 04:17:32,16500.0,10000.0,5618800.0
1301,2021-10-13 04:17:32,16500.0,1000.0,5608800.0
1302,2021-10-13 04:17:32,16500.0,200.0,5607800.0
1303,2021-10-13 04:17:32,16500.0,100.0,5607600.0
1304,2021-10-13 04:17:32,16500.0,500.0,5607500.0
1305,2021-10-13 04:17:32,16500.0,1000.0,5607000.0
1306,2021-10-13 04:17:32,16500.0,2000.0,5606000.0
1307,2021-10-13 04:17:32,16500.0,200.0,5604000.0
1308,2021-10-13 04:17:32,16500.0,1000.0,5603800.0
1309,2021-10-13 04:17:32,16500.0,600.0,5602800.0
1310,2021-10-13 04:17:32,16500.0,2000.0,5602200.0
1311,2021-10-13 04:17:32,16500.0,500.0,5600200.0
1312,2021-10-13 04:17:32,16500.0,1000.0,5599700.0
1313,2021-10-13 04:17:32,16500.0,1000.0,5598700.0
1314,2021-10-13 04:17:32,16500.0,500.0,5597700.0
1315,2021-10-13 04:17:32,16500.0,500.0,5597200.0
1316,2021-10-13 04:17:32,16500.0,500.0,5596700.0
1317,2021-10-13 04:17:28,16550.0,100.0,5596200.0
1318,2021-10-13 04:17:28,16550.0,400.0,5596100.0
1319,2021-10-13 04:17:26,16500.0,200.0,5595700.0
1320,2021-10-13 04:17:26,16500.0,800.0,5595500.0
1321,2021-10-13 04:17:23,16550.0,1600.0,5594700.0
1322,2021-10-13 04:17:23,16550.0,400.0,5593100.0
1323,2021-10-13 04:17:23,16550.0,1000.0,5592700.0
1324,2021-10-13 04:17:23,16550.0,5000.0,5591700.0
1325,2021-10-13 04:17:23,16550.0,2000.0,5586700.0
1326,2021-10-13 04:17:22,16500.0,1400.0,5584700.0
1327,2021-10-13 04:17:22,16500.0,3600.0,5583300.0
1328,2021-10-13 04:17:19,16500.0,1400.0,5579700.0
1329,2021-10-13 04:17:19,16500.0,1900.0,5578300.0
1330,2021-10-13 04:17:19,16500.0,500.0,5576400.0
1331,2021-10-13 04:17:19,16500.0,500.0,5575900.0
1332,2021-10-13 04:17:19,16500.0,2000.0,5575400.0
1333,2021-10-13 04:17:19,16500.0,1000.0,5573400.0
1334,2021-10-13 04:17:19,16500.0,3900.0,5572400.0
1335,2021-10-13 04:17:16,16500.0,6100.0,5568500.0
1336,2021-10-13 04:17:16,16500.0,100.0,5562400.0
1337,2021-10-13 04:17:16,16500.0,100.0,5562300.0
1338,2021-10-13 04:17:16,16500.0,300.0,5562200.0
1339,2021-10-13 04:17:16,16500.0,100.0,5561900.0
1340,2021-10-13 04:17:16,16500.0,200.0,5561800.0
1341,2021-10-13 04:17:16,16500.0,100.0,5561600.0
1342,2021-10-13 04:17:16,16500.0,5500.0,5561500.0
1343,2021-10-13 04:17:16,16500.0,100.0,5556000.0
1344,2021-10-13 04:17:16,16500.0,100.0,5555900.0
1345,2021-10-13 04:17:16,16500.0,100.0,5555800.0
1346,2021-10-13 04:17:16,16500.0,100.0,5555700.0
1347,2021-10-13 04:17:16,16500.0,2800.0,5555600.0
1348,2021-10-13 04:17:16,16500.0,100.0,5552800.0
1349,2021-10-13 04:17:16,16500.0,100.0,5552700.0
1350,2021-10-13 04:17:16,16500.0,500.0,5552600.0
1351,2021-10-13 04:17:16,16500.0,300.0,5552100.0
1352,2021-10-13 04:17:16,16500.0,100.0,5551800.0
1353,2021-10-13 04:17:16,16500.0,2000.0,5551700.0
1354,2021-10-13 04:17:16,16500.0,500.0,5549700.0
1355,2021-10-13 04:17:16,16500.0,100.0,5549200.0
1356,2021-10-13 04:17:16,16500.0,100.0,5549100.0
1357,2021-10-13 04:17:16,16500.0,100.0,5549000.0
1358,2021-10-13 04:17:16,16500.0,100.0,5548900.0
1359,2021-10-13 04:17:16,16500.0,300.0,5548800.0
1360,2021-10-13 04:17:16,16500.0,1000.0,5548500.0
1361,2021-10-13 04:17:16,16500.0,500.0,5547500.0
1362,2021-10-13 04:17:16,16500.0,500.0,5547000.0
1363,2021-10-13 04:17:16,16500.0,100.0,5546500.0
1364,2021-10-13 04:17:16,16500.0,2000.0,5546400.0
1365,2021-10-13 04:17:16,16500.0,200.0,5544400.0
1366,2021-10-13 04:17:16,16500.0,1000.0,5544200.0
1367,2021-10-13 04:17:16,16500.0,1000.0,5543200.0
1368,2021-10-13 04:17:16,16500.0,5000.0,5542200.0
1369,2021-10-13 04:17:16,16500.0,5000.0,5537200.0
1370,2021-10-13 04:17:16,16500.0,1000.0,5532200.0
1371,2021-10-13 04:17:16,16500.0,1000.0,5531200.0
1372,2021-10-13 04:17:16,16500.0,1000.0,5530200.0
1373,2021-10-13 04:17:16,16500.0,700.0,5529200.0
1374,2021-10-13 04:17:07,16500.0,300.0,5528500.0
1375,2021-10-13 04:17:07,16500.0,2000.0,5528200.0
1376,2021-10-13 04:17:07,16500.0,300.0,5526200.0
1377,2021-10-13 04:17:07,16500.0,400.0,5525900.0
1378,2021-10-13 04:16:56,16500.0,5000.0,5525500.0
1379,2021-10-13 04:16:46,16500.0,1000.0,5520500.0
1380,2021-10-13 04:16:23,16500.0,3600.0,5519500.0
1381,2021-10-13 04:16:23,16500.0,100.0,5515900.0
1382,2021-10-13 04:16:23,16500.0,100.0,5515800.0
1383,2021-10-13 04:16:23,16500.0,100.0,5515700.0
1384,2021-10-13 04:16:23,16500.0,500.0,5515600.0
1385,2021-10-13 04:16:23,16500.0,600.0,5515100.0
1386,2021-10-13 04:16:17,16500.0,400.0,5514500.0
1387,2021-10-13 04:16:16,16500.0,100.0,5514100.0
1388,2021-10-13 04:16:16,16500.0,100.0,5514000.0
1389,2021-10-13 04:16:16,16500.0,200.0,5513900.0
1390,2021-10-13 04:16:16,16500.0,100.0,5513700.0
1391,2021-10-13 04:16:16,16500.0,1000.0,5513600.0
1392,2021-10-13 04:16:16,16500.0,1000.0,5512600.0
1393,2021-10-13 04:16:16,16500.0,100.0,5511600.0
1394,2021-10-13 04:16:16,16500.0,2000.0,5511500.0
1395,2021-10-13 04:16:16,16500.0,400.0,5509500.0
1396,2021-10-13 04:16:01,16500.0,600.0,5509100.0
1397,2021-10-13 04:16:01,16500.0,1000.0,5508500.0
1398,2021-10-13 04:16:01,16500.0,300.0,5507500.0
1399,2021-10-13 04:16:01,16500.0,1000.0,5507200.0
1400,2021-10-13 04:16:01,16500.0,1000.0,5506200.0
1401,2021-10-13 04:16:01,16500.0,100.0,5505200.0
1402,2021-10-13 04:16:01,16500.0,1200.0,5505100.0
1403,2021-10-13 04:15:53,16500.0,100.0,5503900.0
1404,2021-10-13 04:15:48,16500.0,1000.0,5503800.0
1405,2021-10-13 04:15:39,16500.0,100.0,5502800.0
1406,2021-10-13 04:15:38,16500.0,200.0,5502700.0
1407,2021-10-13 04:15:31,16500.0,800.0,5502500.0
1408,2021-10-13 04:15:31,16500.0,1000.0,5501700.0
1409,2021-10-13 04:15:31,16500.0,200.0,5500700.0
1410,2021-10-13 04:15:17,16500.0,100.0,5500500.0
1411,2021-10-13 04:15:17,16500.0,200.0,5500400.0
1412,2021-10-13 04:15:17,16500.0,2700.0,5500200.0
1413,2021-10-13 04:15:16,16500.0,500.0,5497500.0
1414,2021-10-13 04:15:15,16550.0,1000.0,5497000.0
1415,2021-10-13 04:15:15,16500.0,1000.0,5496000.0
1416,2021-10-13 04:15:14,16500.0,5800.0,5495000.0
1417,2021-10-13 04:15:14,16500.0,100.0,5489200.0
1418,2021-10-13 04:15:14,16500.0,100.0,5489100.0
1419,2021-10-13 04:15:14,16500.0,900.0,5489000.0
1420,2021-10-13 04:15:14,16500.0,1000.0,5488100.0
1421,2021-10-13 04:15:14,16500.0,100.0,5487100.0
1422,2021-10-13 04:15:13,16500.0,1000.0,5487000.0
1423,2021-10-13 04:15:13,16500.0,2000.0,5486000.0
1424,2021-10-13 04:15:13,16500.0,500.0,5484000.0
1425,2021-10-13 04:15:13,16500.0,1500.0,5483500.0
1426,2021-10-13 04:15:01,16500.0,500.0,5482000.0
1427,2021-10-13 04:15:00,16500.0,400.0,5481500.0
1428,2021-10-13 04:15:00,16500.0,400.0,5481100.0
1429,2021-10-13 04:15:00,16500.0,100.0,5480700.0
1430,2021-10-13 04:15:00,16500.0,1000.0,5480600.0
1431,2021-10-13 04:15:00,16500.0,100.0,5479600.0
1432,2021-10-13 04:15:00,16500.0,100.0,5479500.0
1433,2021-10-13 04:15:00,16500.0,400.0,5479400.0
1434,2021-10-13 04:15:00,16500.0,2500.0,5479000.0
1435,2021-10-13 04:14:54,16500.0,200.0,5476500.0
1436,2021-10-13 04:14:53,16500.0,100.0,5476300.0
1437,2021-10-13 04:14:53,16500.0,500.0,5476200.0
1438,2021-10-13 04:14:53,16500.0,100.0,5475700.0
1439,2021-10-13 04:14:53,16500.0,1700.0,5475600.0
1440,2021-10-13 04:14:53,16500.0,1000.0,5473900.0
1441,2021-10-13 04:14:53,16500.0,100.0,5472900.0
1442,2021-10-13 04:14:53,16500.0,1000.0,5472800.0
1443,2021-10-13 04:14:53,16500.0,100.0,5471800.0
1444,2021-10-13 04:14:53,16500.0,400.0,5471700.0
1445,2021-10-13 04:14:53,16500.0,200.0,5471300.0
1446,2021-10-13 04:14:53,16500.0,2900.0,5471100.0
1447,2021-10-13 04:14:53,16500.0,500.0,5468200.0
1448,2021-10-13 04:14:53,16500.0,500.0,5467700.0
1449,2021-10-13 04:14:53,16500.0,500.0,5467200.0
1450,2021-10-13 04:14:53,16500.0,1000.0,5466700.0
1451,2021-10-13 04:14:53,16500.0,19400.0,5465700.0
1452,2021-10-13 04:14:49,16500.0,10600.0,5446300.0
1453,2021-10-13 04:14:49,16500.0,9400.0,5435700.0
1454,2021-10-13 04:14:46,16500.0,600.0,5426300.0
1455,2021-10-13 04:14:46,16500.0,100.0,5425700.0
1456,2021-10-13 04:14:46,16500.0,300.0,5425600.0
1457,2021-10-13 04:14:46,16500.0,500.0,5425300.0
1458,2021-10-13 04:14:42,16500.0,1000.0,5424800.0
1459,2021-10-13 04:14:28,16500.0,1000.0,5423800.0
1460,2021-10-13 04:14:28,16500.0,2000.0,5422800.0
1461,2021-10-13 04:14:22,16500.0,1000.0,5420800.0
1462,2021-10-13 04:14:19,16500.0,5000.0,5419800.0
1463,2021-10-13 04:14:07,16500.0,10000.0,5414800.0
1464,2021-10-13 04:13:59,16500.0,1500.0,5404800.0
1465,2021-10-13 04:13:57,16500.0,100.0,5403300.0
1466,2021-10-13 04:13:39,16500.0,400.0,5403200.0
1467,2021-10-13 04:13:39,16500.0,1000.0,5402800.0
1468,2021-10-13 04:13:39,16500.0,600.0,5401800.0
1469,2021-10-13 04:13:09,16500.0,400.0,5401200.0
1470,2021-10-13 04:13:09,16500.0,1500.0,5400800.0
1471,2021-10-13 04:13:09,16500.0,5000.0,5399300.0
1472,2021-10-13 04:13:09,16500.0,500.0,5394300.0
1473,2021-10-13 04:13:09,16500.0,1000.0,5393800.0
1474,2021-10-13 04:13:09,16500.0,100.0,5392800.0
1475,2021-10-13 04:13:09,16500.0,1000.0,5392700.0
1476,2021-10-13 04:13:09,16500.0,200.0,5391700.0
1477,2021-10-13 04:13:09,16500.0,2000.0,5391500.0
1478,2021-10-13 04:13:09,16500.0,200.0,5389500.0
1479,2021-10-13 04:13:09,16500.0,1900.0,5389300.0
1480,2021-10-13 04:13:09,16500.0,500.0,5387400.0
1481,2021-10-13 04:13:09,16500.0,5000.0,5386900.0
1482,2021-10-13 04:13:09,16500.0,500.0,5381900.0
1483,2021-10-13 04:13:09,16500.0,2000.0,5381400.0
1484,2021-10-13 04:13:09,16500.0,8200.0,5379400.0
1485,2021-10-13 04:12:32,16500.0,200.0,5371200.0
1486,2021-10-13 04:12:19,16500.0,1600.0,5371000.0
1487,2021-10-13 04:12:19,16500.0,100.0,5369400.0
1488,2021-10-13 04:12:19,16500.0,1300.0,5369300.0
1489,2021-10-13 04:11:52,16500.0,500.0,5368000.0
1490,2021-10-13 04:11:45,16550.0,1200.0,5367500.0
1491,2021-10-13 04:11:30,16550.0,100.0,5366300.0
1492,2021-10-13 04:11:18,16550.0,200.0,5366200.0
1493,2021-10-13 04:11:12,16550.0,2000.0,5366000.0
1494,2021-10-13 04:11:01,16550.0,100.0,5364000.0
1495,2021-10-13 04:10:51,16550.0,1000.0,5363900.0
1496,2021-10-13 04:10:41,16550.0,200.0,5362900.0
1497,2021-10-13 04:10:26,16550.0,5000.0,5362700.0
1498,2021-10-13 04:10:26,16550.0,6000.0,5357700.0
1499,2021-10-13 04:10:26,16550.0,400.0,5351700.0
1500,2021-10-13 04:10:26,16550.0,100.0,5351300.0
1501,2021-10-13 04:10:26,16550.0,200.0,5351200.0
1502,2021-10-13 04:10:26,16550.0,1000.0,5351000.0
1503,2021-10-13 04:10:26,16550.0,300.0,5350000.0
1504,2021-10-13 04:10:18,16550.0,700.0,5349700.0
1505,2021-10-13 04:10:18,16550.0,300.0,5349000.0
1506,2021-10-13 04:10:12,16550.0,700.0,5348700.0
1507,2021-10-13 04:10:12,16550.0,300.0,5348000.0
1508,2021-10-13 04:09:57,16550.0,600.0,5347700.0
1509,2021-10-13 04:09:45,16550.0,1000.0,5347100.0
1510,2021-10-13 04:09:13,16550.0,3100.0,5346100.0
1511,2021-10-13 04:09:13,16550.0,1000.0,5343000.0
1512,2021-10-13 04:09:13,16550.0,100.0,5342000.0
1513,2021-10-13 04:08:38,16550.0,200.0,5341900.0
1514,2021-10-13 04:08:16,16550.0,700.0,5341700.0
1515,2021-10-13 04:08:07,16550.0,100.0,5341000.0
1516,2021-10-13 04:08:00,16550.0,6200.0,5340900.0
1517,2021-10-13 04:07:56,16550.0,2200.0,5334700.0
1518,2021-10-13 04:07:55,16550.0,1000.0,5332500.0
1519,2021-10-13 04:07:49,16550.0,200.0,5331500.0
1520,2021-10-13 04:07:48,16550.0,300.0,5331300.0
1521,2021-10-13 04:07:48,16550.0,500.0,5331000.0
1522,2021-10-13 04:07:48,16550.0,2000.0,5330500.0
1523,2021-10-13 04:07:48,16550.0,7600.0,5328500.0
1524,2021-10-13 04:07:31,16550.0,400.0,5320900.0
1525,2021-10-13 04:07:06,16550.0,400.0,5320500.0
1526,2021-10-13 04:07:03,16550.0,600.0,5320100.0
1527,2021-10-13 04:07:03,16550.0,400.0,5319500.0
1528,2021-10-13 04:06:50,16550.0,200.0,5319100.0
1529,2021-10-13 04:06:49,16550.0,200.0,5318900.0
1530,2021-10-13 04:06:39,16550.0,100.0,5318700.0
1531,2021-10-13 04:06:38,16550.0,100.0,5318600.0
1532,2021-10-13 04:06:36,16550.0,4800.0,5318500.0
1533,2021-10-13 04:06:36,16550.0,5200.0,5313700.0
1534,2021-10-13 04:06:35,16550.0,2600.0,5308500.0
1535,2021-10-13 04:06:35,16550.0,900.0,5305900.0
1536,2021-10-13 04:06:32,16550.0,500.0,5305000.0
1537,2021-10-13 04:06:28,16550.0,6000.0,5304500.0
1538,2021-10-13 04:06:20,16550.0,200.0,5298500.0
1539,2021-10-13 04:06:08,16550.0,500.0,5298300.0
1540,2021-10-13 04:06:07,16550.0,500.0,5297800.0
1541,2021-10-13 04:06:07,16550.0,1400.0,5297300.0
1542,2021-10-13 04:06:04,16600.0,1800.0,5295900.0
1543,2021-10-13 04:05:59,16550.0,200.0,5294100.0
1544,2021-10-13 04:05:55,16600.0,200.0,5293900.0
1545,2021-10-13 04:05:44,16550.0,1000.0,5293700.0
1546,2021-10-13 04:05:44,16550.0,100.0,5292700.0
1547,2021-10-13 04:05:44,16550.0,100.0,5292600.0
1548,2021-10-13 04:05:44,16550.0,200.0,5292500.0
1549,2021-10-13 04:05:42,16550.0,500.0,5292300.0
1550,2021-10-13 04:05:37,16550.0,100.0,5291800.0
1551,2021-10-13 04:05:36,16550.0,200.0,5291700.0
1552,2021-10-13 04:05:27,16550.0,1000.0,5291500.0
1553,2021-10-13 04:05:25,16550.0,500.0,5290500.0
1554,2021-10-13 04:05:21,16550.0,200.0,5290000.0
1555,2021-10-13 04:05:21,16550.0,1500.0,5289800.0
1556,2021-10-13 04:05:17,16550.0,10000.0,5288300.0
1557,2021-10-13 04:05:16,16550.0,100.0,5278300.0
1558,2021-10-13 04:05:16,16550.0,12500.0,5278200.0
1559,2021-10-13 04:05:12,16550.0,100.0,5265700.0
1560,2021-10-13 04:05:09,16550.0,1000.0,5265600.0
1561,2021-10-13 04:05:08,16550.0,100.0,5264600.0
1562,2021-10-13 04:04:56,16550.0,100.0,5264500.0
1563,2021-10-13 04:04:31,16550.0,500.0,5264400.0
1564,2021-10-13 04:04:29,16500.0,200.0,5263900.0
1565,2021-10-13 04:04:15,16550.0,1500.0,5263700.0
1566,2021-10-13 04:04:04,16550.0,200.0,5262200.0
1567,2021-10-13 04:04:04,16550.0,1000.0,5262000.0
1568,2021-10-13 04:04:04,16550.0,500.0,5261000.0
1569,2021-10-13 04:04:04,16550.0,1000.0,5260500.0
1570,2021-10-13 04:04:04,16550.0,200.0,5259500.0
1571,2021-10-13 04:04:04,16550.0,17000.0,5259300.0
1572,2021-10-13 04:03:57,16550.0,3000.0,5242300.0
1573,2021-10-13 04:03:57,16550.0,5000.0,5239300.0
1574,2021-10-13 04:03:57,16550.0,2000.0,5234300.0
1575,2021-10-13 04:03:57,16550.0,3000.0,5232300.0
1576,2021-10-13 04:03:57,16550.0,500.0,5229300.0
1577,2021-10-13 04:03:57,16550.0,500.0,5228800.0
1578,2021-10-13 04:03:57,16550.0,500.0,5228300.0
1579,2021-10-13 04:03:57,16550.0,100.0,5227800.0
1580,2021-10-13 04:03:57,16550.0,2000.0,5227700.0
1581,2021-10-13 04:03:57,16550.0,3400.0,5225700.0
1582,2021-10-13 04:03:28,16600.0,500.0,5222300.0
1583,2021-10-13 04:03:28,16600.0,500.0,5221800.0
1584,2021-10-13 04:03:21,16550.0,500.0,5221300.0
1585,2021-10-13 04:02:52,16550.0,300.0,5220800.0
1586,2021-10-13 04:02:30,16550.0,800.0,5220500.0
1587,2021-10-13 04:02:30,16550.0,800.0,5219700.0
1588,2021-10-13 04:02:04,16550.0,1200.0,5218900.0
1589,2021-10-13 04:02:04,16550.0,200.0,5217700.0
1590,2021-10-13 04:02:04,16550.0,3600.0,5217500.0
1591,2021-10-13 04:01:54,16550.0,400.0,5213900.0
1592,2021-10-13 04:01:54,16550.0,200.0,5213500.0
1593,2021-10-13 04:01:54,16550.0,100.0,5213300.0
1594,2021-10-13 04:01:54,16550.0,1100.0,5213200.0
1595,2021-10-13 04:01:54,16550.0,900.0,5212100.0
1596,2021-10-13 04:01:54,16550.0,17300.0,5211200.0
1597,2021-10-13 04:01:26,16550.0,10000.0,5193900.0
1598,2021-10-13 04:01:26,16550.0,2000.0,5183900.0
1599,2021-10-13 04:01:26,16550.0,700.0,5181900.0
1600,2021-10-13 04:01:19,16550.0,300.0,5181200.0
1601,2021-10-13 04:01:15,16550.0,500.0,5180900.0
1602,2021-10-13 04:01:08,16550.0,200.0,5180400.0
1603,2021-10-13 04:01:06,16550.0,300.0,5180200.0
1604,2021-10-13 04:01:06,16550.0,1700.0,5179900.0
1605,2021-10-13 04:01:05,16550.0,1000.0,5178200.0
1606,2021-10-13 04:01:01,16550.0,1500.0,5177200.0
1607,2021-10-13 04:00:53,16550.0,1000.0,5175700.0
1608,2021-10-13 04:00:45,16550.0,1000.0,5174700.0
1609,2021-10-13 04:00:38,16550.0,400.0,5173700.0
1610,2021-10-13 04:00:33,16550.0,2000.0,5173300.0
1611,2021-10-13 04:00:30,16550.0,300.0,5171300.0
1612,2021-10-13 04:00:30,16550.0,1100.0,5171000.0
1613,2021-10-13 04:00:28,16550.0,500.0,5169900.0
1614,2021-10-13 04:00:28,16550.0,400.0,5169400.0
1615,2021-10-13 04:00:19,16550.0,300.0,5169000.0
1616,2021-10-13 04:00:17,16550.0,700.0,5168700.0
1617,2021-10-13 04:00:06,16550.0,100.0,5168000.0
1618,2021-10-13 04:00:06,16550.0,1000.0,5167900.0
1619,2021-10-13 04:00:06,16550.0,900.0,5166900.0
1620,2021-10-13 04:00:06,16550.0,1000.0,5166000.0
1621,2021-10-13 04:00:06,16550.0,500.0,5165000.0
1622,2021-10-13 04:00:06,16550.0,10000.0,5164500.0
1623,2021-10-13 04:00:06,16550.0,100.0,5154500.0
1624,2021-10-13 04:00:06,16550.0,20000.0,5154400.0
1625,2021-10-13 03:59:32,16600.0,400.0,5134400.0
1626,2021-10-13 03:59:32,16600.0,100.0,5134000.0
1627,2021-10-13 03:59:32,16600.0,100.0,5133900.0
1628,2021-10-13 03:59:32,16600.0,100.0,5133800.0
1629,2021-10-13 03:59:32,16600.0,700.0,5133700.0
1630,2021-10-13 03:58:42,16600.0,100.0,5133000.0
1631,2021-10-13 03:58:36,16600.0,100.0,5132900.0
1632,2021-10-13 03:58:36,16600.0,3500.0,5132800.0
1633,2021-10-13 03:58:23,16600.0,300.0,5129300.0
1634,2021-10-13 03:58:07,16600.0,200.0,5129000.0
1635,2021-10-13 03:58:02,16600.0,4800.0,5128800.0
1636,2021-10-13 03:58:02,16600.0,3000.0,5124000.0
1637,2021-10-13 03:58:02,16600.0,2000.0,5121000.0
1638,2021-10-13 03:58:02,16600.0,700.0,5119000.0
1639,2021-10-13 03:58:02,16600.0,1000.0,5118300.0
1640,2021-10-13 03:58:02,16600.0,900.0,5117300.0
1641,2021-10-13 03:58:02,16600.0,4200.0,5116400.0
1642,2021-10-13 03:58:02,16600.0,3400.0,5112200.0
1643,2021-10-13 03:57:47,16600.0,600.0,5108800.0
1644,2021-10-13 03:57:47,16600.0,400.0,5108200.0
1645,2021-10-13 03:57:39,16600.0,1000.0,5107800.0
1646,2021-10-13 03:57:35,16600.0,2000.0,5106800.0
1647,2021-10-13 03:57:23,16600.0,1000.0,5104800.0
1648,2021-10-13 03:56:53,16600.0,200.0,5103800.0
1649,2021-10-13 03:56:43,16600.0,500.0,5103600.0
1650,2021-10-13 03:56:43,16600.0,100.0,5103100.0
1651,2021-10-13 03:56:37,16600.0,100.0,5103000.0
1652,2021-10-13 03:56:09,16600.0,400.0,5102900.0
1653,2021-10-13 03:56:03,16600.0,1000.0,5102500.0
1654,2021-10-13 03:56:03,16600.0,1000.0,5101500.0
1655,2021-10-13 03:56:03,16600.0,100.0,5100500.0
1656,2021-10-13 03:56:03,16600.0,700.0,5100400.0
1657,2021-10-13 03:56:03,16600.0,1000.0,5099700.0
1658,2021-10-13 03:56:03,16600.0,500.0,5098700.0
1659,2021-10-13 03:56:02,16600.0,100.0,5098200.0
1660,2021-10-13 03:56:02,16600.0,400.0,5098100.0
1661,2021-10-13 03:56:02,16550.0,500.0,5097700.0
1662,2021-10-13 03:55:54,16600.0,2100.0,5097200.0
1663,2021-10-13 03:55:54,16600.0,700.0,5095100.0
1664,2021-10-13 03:55:54,16600.0,1600.0,5094400.0
1665,2021-10-13 03:55:54,16600.0,600.0,5092800.0
1666,2021-10-13 03:55:49,16600.0,1000.0,5092200.0
1667,2021-10-13 03:55:45,16600.0,4100.0,5091200.0
1668,2021-10-13 03:55:45,16600.0,600.0,5087100.0
1669,2021-10-13 03:55:45,16600.0,1400.0,5086500.0
1670,2021-10-13 03:55:45,16550.0,3900.0,5085100.0
1671,2021-10-13 03:55:44,16550.0,1000.0,5081200.0
1672,2021-10-13 03:55:44,16550.0,1000.0,5080200.0
1673,2021-10-13 03:55:44,16550.0,2000.0,5079200.0
1674,2021-10-13 03:55:44,16550.0,1000.0,5077200.0
1675,2021-10-13 03:55:44,16550.0,1000.0,5076200.0
1676,2021-10-13 03:55:44,16550.0,1000.0,5075200.0
1677,2021-10-13 03:55:44,16550.0,2000.0,5074200.0
1678,2021-10-13 03:55:44,16550.0,100.0,5072200.0
1679,2021-10-13 03:55:44,16550.0,2000.0,5072100.0
1680,2021-10-13 03:55:44,16550.0,500.0,5070100.0
1681,2021-10-13 03:55:44,16550.0,2000.0,5069600.0
1682,2021-10-13 03:55:44,16550.0,1000.0,5067600.0
1683,2021-10-13 03:55:44,16550.0,10000.0,5066600.0
1684,2021-10-13 03:55:44,16550.0,500.0,5056600.0
1685,2021-10-13 03:55:44,16550.0,2000.0,5056100.0
1686,2021-10-13 03:55:44,16550.0,200.0,5054100.0
1687,2021-10-13 03:55:44,16550.0,400.0,5053900.0
1688,2021-10-13 03:55:44,16550.0,2000.0,5053500.0
1689,2021-10-13 03:55:44,16550.0,200.0,5051500.0
1690,2021-10-13 03:55:44,16550.0,6200.0,5051300.0
1691,2021-10-13 03:55:37,16600.0,5200.0,5045100.0
1692,2021-10-13 03:55:32,16600.0,2000.0,5039900.0
1693,2021-10-13 03:55:06,16600.0,1400.0,5037900.0
1694,2021-10-13 03:55:06,16600.0,5000.0,5036500.0
1695,2021-10-13 03:55:06,16600.0,200.0,5031500.0
1696,2021-10-13 03:55:06,16600.0,300.0,5031300.0
1697,2021-10-13 03:55:06,16600.0,500.0,5031000.0
1698,2021-10-13 03:55:06,16600.0,2600.0,5030500.0
1699,2021-10-13 03:55:06,16550.0,50000.0,5027900.0
1700,2021-10-13 03:55:05,16600.0,600.0,4977900.0
1701,2021-10-13 03:55:05,16600.0,3000.0,4977300.0
1702,2021-10-13 03:54:45,16600.0,1200.0,4974300.0
1703,2021-10-13 03:54:32,16600.0,1000.0,4973100.0
1704,2021-10-13 03:54:32,16600.0,1000.0,4972100.0
1705,2021-10-13 03:54:32,16600.0,600.0,4971100.0
1706,2021-10-13 03:54:26,16600.0,3400.0,4970500.0
1707,2021-10-13 03:54:26,16600.0,500.0,4967100.0
1708,2021-10-13 03:54:26,16600.0,1100.0,4966600.0
1709,2021-10-13 03:54:16,16600.0,100.0,4965500.0
1710,2021-10-13 03:54:14,16600.0,100.0,4965400.0
1711,2021-10-13 03:54:06,16600.0,1000.0,4965300.0
1712,2021-10-13 03:54:03,16600.0,800.0,4964300.0
1713,2021-10-13 03:53:59,16600.0,200.0,4963500.0
1714,2021-10-13 03:53:54,16600.0,200.0,4963300.0
1715,2021-10-13 03:53:51,16600.0,100.0,4963100.0
1716,2021-10-13 03:53:44,16600.0,200.0,4963000.0
1717,2021-10-13 03:53:44,16600.0,100.0,4962800.0
1718,2021-10-13 03:53:44,16600.0,700.0,4962700.0
1719,2021-10-13 03:53:44,16600.0,100.0,4962000.0
1720,2021-10-13 03:53:44,16600.0,200.0,4961900.0
1721,2021-10-13 03:53:44,16600.0,100.0,4961700.0
1722,2021-10-13 03:53:44,16600.0,100.0,4961600.0
1723,2021-10-13 03:53:44,16600.0,1000.0,4961500.0
1724,2021-10-13 03:53:44,16600.0,1000.0,4960500.0
1725,2021-10-13 03:53:44,16600.0,3900.0,4959500.0
1726,2021-10-13 03:53:42,16550.0,100.0,4955600.0
1727,2021-10-13 03:53:41,16600.0,1000.0,4955500.0
1728,2021-10-13 03:53:37,16600.0,100.0,4954500.0
1729,2021-10-13 03:53:37,16600.0,900.0,4954400.0
1730,2021-10-13 03:53:15,16600.0,100.0,4953500.0
1731,2021-10-13 03:53:15,16600.0,400.0,4953400.0
1732,2021-10-13 03:53:14,16600.0,100.0,4953000.0
1733,2021-10-13 03:53:14,16600.0,200.0,4952900.0
1734,2021-10-13 03:53:14,16600.0,300.0,4952700.0
1735,2021-10-13 03:53:14,16600.0,1000.0,4952400.0
1736,2021-10-13 03:53:14,16600.0,3400.0,4951400.0
1737,2021-10-13 03:53:11,16600.0,100.0,4948000.0
1738,2021-10-13 03:53:05,16600.0,500.0,4947900.0
1739,2021-10-13 03:53:05,16600.0,2000.0,4947400.0
1740,2021-10-13 03:52:47,16600.0,300.0,4945400.0
1741,2021-10-13 03:52:37,16600.0,4600.0,4945100.0
1742,2021-10-13 03:52:37,16600.0,400.0,4940500.0
1743,2021-10-13 03:52:37,16600.0,300.0,4940100.0
1744,2021-10-13 03:52:37,16600.0,1000.0,4939800.0
1745,2021-10-13 03:52:37,16600.0,2000.0,4938800.0
1746,2021-10-13 03:52:37,16600.0,500.0,4936800.0
1747,2021-10-13 03:52:37,16600.0,10000.0,4936300.0
1748,2021-10-13 03:52:37,16600.0,400.0,4926300.0
1749,2021-10-13 03:52:27,16600.0,3200.0,4925900.0
1750,2021-10-13 03:52:23,16600.0,200.0,4922700.0
1751,2021-10-13 03:52:15,16550.0,400.0,4922500.0
1752,2021-10-13 03:52:03,16600.0,2000.0,4922100.0
1753,2021-10-13 03:51:41,16550.0,1300.0,4920100.0
1754,2021-10-13 03:51:41,16550.0,200.0,4918800.0
1755,2021-10-13 03:51:18,16550.0,300.0,4918600.0
1756,2021-10-13 03:51:17,16550.0,700.0,4918300.0
1757,2021-10-13 03:51:17,16550.0,300.0,4917600.0
1758,2021-10-13 03:51:06,16550.0,100.0,4917300.0
1759,2021-10-13 03:51:02,16550.0,900.0,4917200.0
1760,2021-10-13 03:51:02,16550.0,100.0,4916300.0
1761,2021-10-13 03:51:02,16550.0,1000.0,4916200.0
1762,2021-10-13 03:51:02,16550.0,1000.0,4915200.0
1763,2021-10-13 03:51:02,16550.0,500.0,4914200.0
1764,2021-10-13 03:51:02,16550.0,500.0,4913700.0
1765,2021-10-13 03:51:02,16550.0,1000.0,4913200.0
1766,2021-10-13 03:50:58,16550.0,100.0,4912200.0
1767,2021-10-13 03:50:57,16550.0,200.0,4912100.0
1768,2021-10-13 03:50:57,16550.0,1800.0,4911900.0
1769,2021-10-13 03:50:52,16550.0,1000.0,4910100.0
1770,2021-10-13 03:50:49,16550.0,500.0,4909100.0
1771,2021-10-13 03:50:47,16550.0,1000.0,4908600.0
1772,2021-10-13 03:50:42,16550.0,5000.0,4907600.0
1773,2021-10-13 03:50:35,16550.0,700.0,4902600.0
1774,2021-10-13 03:50:35,16550.0,1000.0,4901900.0
1775,2021-10-13 03:50:35,16550.0,200.0,4900900.0
1776,2021-10-13 03:50:35,16550.0,100.0,4900700.0
1777,2021-10-13 03:50:23,16550.0,200.0,4900600.0
1778,2021-10-13 03:50:23,16550.0,300.0,4900400.0
1779,2021-10-13 03:50:19,16550.0,700.0,4900100.0
1780,2021-10-13 03:50:19,16550.0,500.0,4899400.0
1781,2021-10-13 03:50:19,16550.0,2000.0,4898900.0
1782,2021-10-13 03:50:19,16550.0,500.0,4896900.0
1783,2021-10-13 03:50:19,16550.0,100.0,4896400.0
1784,2021-10-13 03:50:19,16550.0,200.0,4896300.0
1785,2021-10-13 03:50:11,16550.0,300.0,4896100.0
1786,2021-10-13 03:50:11,16550.0,100.0,4895800.0
1787,2021-10-13 03:50:11,16550.0,100.0,4895700.0
1788,2021-10-13 03:50:11,16550.0,200.0,4895600.0
1789,2021-10-13 03:50:11,16550.0,2000.0,4895400.0
1790,2021-10-13 03:50:11,16550.0,20000.0,4893400.0
1791,2021-10-13 03:50:11,16550.0,300.0,4873400.0
1792,2021-10-13 03:49:47,16600.0,200.0,4873100.0
1793,2021-10-13 03:49:23,16600.0,500.0,4872900.0
1794,2021-10-13 03:49:23,16600.0,3500.0,4872400.0
1795,2021-10-13 03:49:21,16600.0,400.0,4868900.0
1796,2021-10-13 03:49:21,16600.0,600.0,4868500.0
1797,2021-10-13 03:49:20,16600.0,900.0,4867900.0
1798,2021-10-13 03:49:20,16600.0,1100.0,4867000.0
1799,2021-10-13 03:49:19,16600.0,500.0,4865900.0
1800,2021-10-13 03:49:11,16600.0,2000.0,4865400.0
1801,2021-10-13 03:49:09,16600.0,1400.0,4863400.0
1802,2021-10-13 03:49:09,16600.0,500.0,4862000.0
1803,2021-10-13 03:49:09,16600.0,1100.0,4861500.0
1804,2021-10-13 03:49:04,16600.0,900.0,4860400.0
1805,2021-10-13 03:49:04,16600.0,1000.0,4859500.0
1806,2021-10-13 03:49:04,16600.0,100.0,4858500.0
1807,2021-10-13 03:49:04,16600.0,100.0,4858400.0
1808,2021-10-13 03:49:04,16600.0,300.0,4858300.0
1809,2021-10-13 03:49:04,16600.0,1000.0,4858000.0
1810,2021-10-13 03:49:04,16600.0,500.0,4857000.0
1811,2021-10-13 03:49:04,16600.0,500.0,4856500.0
1812,2021-10-13 03:49:04,16600.0,500.0,4856000.0
1813,2021-10-13 03:49:04,16600.0,100.0,4855500.0
1814,2021-10-13 03:49:01,16600.0,100.0,4855400.0
1815,2021-10-13 03:49:00,16600.0,7100.0,4855300.0
1816,2021-10-13 03:49:00,16600.0,1000.0,4848200.0
1817,2021-10-13 03:49:00,16600.0,2400.0,4847200.0
1818,2021-10-13 03:49:00,16600.0,3000.0,4844800.0
1819,2021-10-13 03:49:00,16600.0,1500.0,4841800.0
1820,2021-10-13 03:48:56,16600.0,3500.0,4840300.0
1821,2021-10-13 03:48:56,16600.0,1500.0,4836800.0
1822,2021-10-13 03:48:56,16600.0,3000.0,4835300.0
1823,2021-10-13 03:48:56,16600.0,100.0,4832300.0
1824,2021-10-13 03:48:56,16600.0,100.0,4832200.0
1825,2021-10-13 03:48:56,16600.0,100.0,4832100.0
1826,2021-10-13 03:48:56,16600.0,2800.0,4832000.0
1827,2021-10-13 03:48:56,16600.0,400.0,4829200.0
1828,2021-10-13 03:48:56,16600.0,500.0,4828800.0
1829,2021-10-13 03:48:56,16600.0,500.0,4828300.0
1830,2021-10-13 03:48:56,16600.0,1200.0,4827800.0
1831,2021-10-13 03:48:56,16600.0,1000.0,4826600.0
1832,2021-10-13 03:48:56,16600.0,2000.0,4825600.0
1833,2021-10-13 03:48:56,16600.0,3000.0,4823600.0
1834,2021-10-13 03:48:56,16600.0,500.0,4820600.0
1835,2021-10-13 03:48:56,16600.0,300.0,4820100.0
1836,2021-10-13 03:48:56,16600.0,1000.0,4819800.0
1837,2021-10-13 03:48:56,16600.0,100.0,4818800.0
1838,2021-10-13 03:48:56,16600.0,1000.0,4818700.0
1839,2021-10-13 03:48:56,16600.0,100.0,4817700.0
1840,2021-10-13 03:48:56,16600.0,300.0,4817600.0
1841,2021-10-13 03:48:56,16600.0,200.0,4817300.0
1842,2021-10-13 03:48:56,16600.0,1000.0,4817100.0
1843,2021-10-13 03:48:56,16600.0,10000.0,4816100.0
1844,2021-10-13 03:48:56,16600.0,1500.0,4806100.0
1845,2021-10-13 03:48:56,16600.0,200.0,4804600.0
1846,2021-10-13 03:48:56,16600.0,1000.0,4804400.0
1847,2021-10-13 03:48:56,16600.0,500.0,4803400.0
1848,2021-10-13 03:48:56,16600.0,3000.0,4802900.0
1849,2021-10-13 03:48:56,16600.0,1000.0,4799900.0
1850,2021-10-13 03:48:56,16600.0,2200.0,4798900.0
1851,2021-10-13 03:48:56,16600.0,1000.0,4796700.0
1852,2021-10-13 03:48:56,16600.0,2000.0,4795700.0
1853,2021-10-13 03:48:56,16600.0,2000.0,4793700.0
1854,2021-10-13 03:48:56,16600.0,300.0,4791700.0
1855,2021-10-13 03:48:56,16600.0,10000.0,4791400.0
1856,2021-10-13 03:48:56,16600.0,1000.0,4781400.0
1857,2021-10-13 03:48:56,16600.0,300.0,4780400.0
1858,2021-10-13 03:48:56,16600.0,100.0,4780100.0
1859,2021-10-13 03:48:56,16600.0,500.0,4780000.0
1860,2021-10-13 03:48:56,16600.0,500.0,4779500.0
1861,2021-10-13 03:48:56,16600.0,1500.0,4779000.0
1862,2021-10-13 03:48:56,16600.0,1000.0,4777500.0
1863,2021-10-13 03:48:56,16600.0,2000.0,4776500.0
1864,2021-10-13 03:48:56,16600.0,3000.0,4774500.0
1865,2021-10-13 03:48:56,16600.0,7000.0,4771500.0
1866,2021-10-13 03:48:56,16600.0,200.0,4764500.0
1867,2021-10-13 03:48:56,16600.0,300.0,4764300.0
1868,2021-10-13 03:48:56,16600.0,10000.0,4764000.0
1869,2021-10-13 03:48:56,16600.0,1000.0,4754000.0
1870,2021-10-13 03:48:56,16600.0,12700.0,4753000.0
1871,2021-10-13 03:48:48,16600.0,100.0,4740300.0
1872,2021-10-13 03:48:30,16600.0,1000.0,4740200.0
1873,2021-10-13 03:48:28,16600.0,1200.0,4739200.0
1874,2021-10-13 03:48:28,16600.0,1000.0,4738000.0
1875,2021-10-13 03:48:28,16600.0,200.0,4737000.0
1876,2021-10-13 03:48:28,16600.0,2600.0,4736800.0
1877,2021-10-13 03:48:21,16600.0,2000.0,4734200.0
1878,2021-10-13 03:48:13,16600.0,5000.0,4732200.0
1879,2021-10-13 03:48:04,16600.0,100.0,4727200.0
1880,2021-10-13 03:48:00,16600.0,13000.0,4727100.0
1881,2021-10-13 03:47:43,16600.0,5000.0,4714100.0
1882,2021-10-13 03:47:09,16600.0,2300.0,4709100.0
1883,2021-10-13 03:47:09,16600.0,300.0,4706800.0
1884,2021-10-13 03:47:09,16600.0,1100.0,4706500.0
1885,2021-10-13 03:47:09,16600.0,1000.0,4705400.0
1886,2021-10-13 03:47:09,16600.0,100.0,4704400.0
1887,2021-10-13 03:47:09,16600.0,300.0,4704300.0
1888,2021-10-13 03:47:09,16600.0,4900.0,4704000.0
1889,2021-10-13 03:47:08,16600.0,100.0,4699100.0
1890,2021-10-13 03:46:57,16600.0,400.0,4699000.0
1891,2021-10-13 03:46:42,16600.0,100.0,4698600.0
1892,2021-10-13 03:46:34,16600.0,200.0,4698500.0
1893,2021-10-13 03:46:34,16600.0,100.0,4698300.0
1894,2021-10-13 03:46:34,16600.0,200.0,4698200.0
1895,2021-10-13 03:46:34,16600.0,500.0,4698000.0
1896,2021-10-13 03:46:30,16600.0,300.0,4697500.0
1897,2021-10-13 03:46:19,16600.0,1000.0,4697200.0
1898,2021-10-13 03:46:08,16600.0,1000.0,4696200.0
1899,2021-10-13 03:46:08,16650.0,2000.0,4695200.0
1900,2021-10-13 03:46:04,16600.0,200.0,4693200.0
1901,2021-10-13 03:46:04,16600.0,300.0,4693000.0
1902,2021-10-13 03:45:47,16600.0,200.0,4692700.0
1903,2021-10-13 03:45:45,16650.0,200.0,4692500.0
1904,2021-10-13 03:45:08,16650.0,100.0,4692300.0
1905,2021-10-13 03:44:55,16650.0,1000.0,4692200.0
1906,2021-10-13 03:44:39,16650.0,100.0,4691200.0
1907,2021-10-13 03:44:39,16650.0,500.0,4691100.0
1908,2021-10-13 03:44:39,16650.0,1000.0,4690600.0
1909,2021-10-13 03:44:39,16650.0,2000.0,4689600.0
1910,2021-10-13 03:44:39,16650.0,500.0,4687600.0
1911,2021-10-13 03:44:39,16650.0,2400.0,4687100.0
1912,2021-10-13 03:44:39,16650.0,1000.0,4684700.0
1913,2021-10-13 03:44:39,16650.0,1100.0,4683700.0
1914,2021-10-13 03:44:39,16650.0,1000.0,4682600.0
1915,2021-10-13 03:44:39,16650.0,1600.0,4681600.0
1916,2021-10-13 03:44:39,16650.0,2000.0,4680000.0
1917,2021-10-13 03:44:39,16650.0,500.0,4678000.0
1918,2021-10-13 03:44:39,16650.0,900.0,4677500.0
1919,2021-10-13 03:44:38,16650.0,100.0,4676600.0
1920,2021-10-13 03:44:38,16650.0,5800.0,4676500.0
1921,2021-10-13 03:44:36,16650.0,3000.0,4670700.0
1922,2021-10-13 03:44:34,16650.0,41200.0,4667700.0
1923,2021-10-13 03:44:34,16650.0,1000.0,4626500.0
1924,2021-10-13 03:44:34,16650.0,300.0,4625500.0
1925,2021-10-13 03:44:34,16650.0,100.0,4625200.0
1926,2021-10-13 03:44:34,16650.0,500.0,4625100.0
1927,2021-10-13 03:44:34,16650.0,2000.0,4624600.0
1928,2021-10-13 03:44:34,16650.0,1000.0,4622600.0
1929,2021-10-13 03:44:34,16650.0,200.0,4621600.0
1930,2021-10-13 03:44:34,16650.0,500.0,4621400.0
1931,2021-10-13 03:44:34,16650.0,1000.0,4620900.0
1932,2021-10-13 03:44:34,16650.0,500.0,4619900.0
1933,2021-10-13 03:44:34,16650.0,1000.0,4619400.0
1934,2021-10-13 03:44:34,16650.0,200.0,4618400.0
1935,2021-10-13 03:44:34,16650.0,500.0,4618200.0
1936,2021-10-13 03:44:27,16650.0,200.0,4617700.0
1937,2021-10-13 03:44:22,16650.0,300.0,4617500.0
1938,2021-10-13 03:44:22,16650.0,3000.0,4617200.0
1939,2021-10-13 03:44:22,16650.0,3000.0,4614200.0
1940,2021-10-13 03:44:22,16650.0,100.0,4611200.0
1941,2021-10-13 03:44:22,16650.0,500.0,4611100.0
1942,2021-10-13 03:44:22,16650.0,200.0,4610600.0
1943,2021-10-13 03:44:22,16650.0,10000.0,4610400.0
1944,2021-10-13 03:44:22,16650.0,1500.0,4600400.0
1945,2021-10-13 03:44:22,16650.0,100.0,4598900.0
1946,2021-10-13 03:44:22,16650.0,1000.0,4598800.0
1947,2021-10-13 03:44:22,16650.0,3000.0,4597800.0
1948,2021-10-13 03:44:22,16650.0,2000.0,4594800.0
1949,2021-10-13 03:44:22,16650.0,5000.0,4592800.0
1950,2021-10-13 03:44:22,16650.0,300.0,4587800.0
1951,2021-10-13 03:44:04,16650.0,200.0,4587500.0
1952,2021-10-13 03:43:47,16650.0,100.0,4587300.0
1953,2021-10-13 03:43:47,16650.0,500.0,4587200.0
1954,2021-10-13 03:43:47,16650.0,400.0,4586700.0
1955,2021-10-13 03:43:29,16650.0,600.0,4586300.0
1956,2021-10-13 03:43:29,16650.0,1000.0,4585700.0
1957,2021-10-13 03:43:29,16650.0,200.0,4584700.0
1958,2021-10-13 03:43:29,16650.0,200.0,4584500.0
1959,2021-10-13 03:43:17,16700.0,900.0,4584300.0
1960,2021-10-13 03:43:17,16700.0,100.0,4583400.0
1961,2021-10-13 03:43:10,16650.0,1000.0,4583300.0
1962,2021-10-13 03:43:09,16650.0,800.0,4582300.0
1963,2021-10-13 03:43:09,16650.0,200.0,4581500.0
1964,2021-10-13 03:43:05,16700.0,100.0,4581300.0
1965,2021-10-13 03:43:05,16650.0,2700.0,4581200.0
1966,2021-10-13 03:43:05,16650.0,200.0,4578500.0
1967,2021-10-13 03:43:05,16650.0,3000.0,4578300.0
1968,2021-10-13 03:43:05,16650.0,2000.0,4575300.0
1969,2021-10-13 03:43:05,16650.0,5000.0,4573300.0
1970,2021-10-13 03:43:05,16650.0,100.0,4568300.0
1971,2021-10-13 03:42:58,16650.0,200.0,4568200.0
1972,2021-10-13 03:42:58,16650.0,3800.0,4568000.0
1973,2021-10-13 03:42:41,16650.0,32000.0,4564200.0
1974,2021-10-13 03:41:49,16700.0,600.0,4532200.0
1975,2021-10-13 03:41:35,16700.0,200.0,4531600.0
1976,2021-10-13 03:41:35,16700.0,100.0,4531400.0
1977,2021-10-13 03:41:35,16700.0,1000.0,4531300.0
1978,2021-10-13 03:41:35,16700.0,300.0,4530300.0
1979,2021-10-13 03:41:35,16700.0,8400.0,4530000.0
1980,2021-10-13 03:41:25,16700.0,800.0,4521600.0
1981,2021-10-13 03:41:25,16700.0,1800.0,4520800.0
1982,2021-10-13 03:41:24,16650.0,14200.0,4519000.0
1983,2021-10-13 03:41:24,16650.0,800.0,4504800.0
1984,2021-10-13 03:41:05,16650.0,1000.0,4504000.0
1985,2021-10-13 03:40:50,16700.0,18400.0,4503000.0
1986,2021-10-13 03:40:50,16700.0,2700.0,4484600.0
1987,2021-10-13 03:40:50,16700.0,500.0,4481900.0
1988,2021-10-13 03:40:50,16700.0,2000.0,4481400.0
1989,2021-10-13 03:40:50,16700.0,100.0,4479400.0
1990,2021-10-13 03:40:50,16700.0,500.0,4479300.0
1991,2021-10-13 03:40:50,16700.0,500.0,4478800.0
1992,2021-10-13 03:40:50,16700.0,3000.0,4478300.0
1993,2021-10-13 03:40:50,16700.0,100.0,4475300.0
1994,2021-10-13 03:40:50,16700.0,1000.0,4475200.0
1995,2021-10-13 03:40:50,16700.0,1200.0,4474200.0
1996,2021-10-13 03:40:50,16700.0,15000.0,4473000.0
1997,2021-10-13 03:40:50,16700.0,300.0,4458000.0
1998,2021-10-13 03:40:50,16700.0,4700.0,4457700.0
1999,2021-10-13 03:40:40,16700.0,300.0,4453000.0
2000,2021-10-13 03:40:40,16700.0,500.0,4452700.0
2001,2021-10-13 03:40:40,16700.0,3200.0,4452200.0
2002,2021-10-13 03:39:43,16700.0,1000.0,4449000.0
2003,2021-10-13 03:39:31,16700.0,3700.0,4448000.0
2004,2021-10-13 03:39:24,16700.0,200.0,4444300.0
2005,2021-10-13 03:39:14,16700.0,2000.0,4444100.0
2006,2021-10-13 03:39:14,16700.0,400.0,4442100.0
2007,2021-10-13 03:39:14,16700.0,100.0,4441700.0
2008,2021-10-13 03:39:14,16700.0,1000.0,4441600.0
2009,2021-10-13 03:39:14,16700.0,900.0,4440600.0
2010,2021-10-13 03:39:14,16700.0,2400.0,4439700.0
2011,2021-10-13 03:39:14,16700.0,500.0,4437300.0
2012,2021-10-13 03:39:14,16700.0,100.0,4436800.0
2013,2021-10-13 03:39:14,16700.0,20000.0,4436700.0
2014,2021-10-13 03:39:14,16700.0,100.0,4416700.0
2015,2021-10-13 03:39:14,16700.0,100.0,4416600.0
2016,2021-10-13 03:39:14,16700.0,1000.0,4416500.0
2017,2021-10-13 03:39:14,16700.0,300.0,4415500.0
2018,2021-10-13 03:39:14,16700.0,300.0,4415200.0
2019,2021-10-13 03:39:14,16700.0,1000.0,4414900.0
2020,2021-10-13 03:39:14,16700.0,2000.0,4413900.0
2021,2021-10-13 03:39:14,16700.0,500.0,4411900.0
2022,2021-10-13 03:39:14,16700.0,1000.0,4411400.0
2023,2021-10-13 03:39:14,16700.0,200.0,4410400.0
2024,2021-10-13 03:39:14,16700.0,5000.0,4410200.0
2025,2021-10-13 03:39:14,16700.0,500.0,4405200.0
2026,2021-10-13 03:39:14,16700.0,300.0,4404700.0
2027,2021-10-13 03:39:14,16700.0,10000.0,4404400.0
2028,2021-10-13 03:39:14,16700.0,1000.0,4394400.0
2029,2021-10-13 03:39:14,16700.0,100.0,4393400.0
2030,2021-10-13 03:39:14,16700.0,1000.0,4393300.0
2031,2021-10-13 03:39:14,16700.0,100.0,4392300.0
2032,2021-10-13 03:39:14,16700.0,1000.0,4392200.0
2033,2021-10-13 03:39:14,16700.0,2200.0,4391200.0
2034,2021-10-13 03:39:14,16700.0,1500.0,4389000.0
2035,2021-10-13 03:39:14,16700.0,200.0,4387500.0
2036,2021-10-13 03:39:14,16700.0,200.0,4387300.0
2037,2021-10-13 03:39:14,16700.0,1000.0,4387100.0
2038,2021-10-13 03:39:14,16700.0,1000.0,4386100.0
2039,2021-10-13 03:39:14,16700.0,15000.0,4385100.0
2040,2021-10-13 03:39:14,16700.0,300.0,4370100.0
2041,2021-10-13 03:39:14,16700.0,2000.0,4369800.0
2042,2021-10-13 03:39:14,16700.0,200.0,4367800.0
2043,2021-10-13 03:39:14,16700.0,5200.0,4367600.0
2044,2021-10-13 03:39:14,16700.0,500.0,4362400.0
