,Time,Price,Volume_per_trade,Volume
0,2021-10-20 07:45:00,21050.0,200.0,3329400.0
1,2021-10-20 07:45:00,21050.0,100.0,3329200.0
2,2021-10-20 07:45:00,21050.0,100.0,3329100.0
3,2021-10-20 07:45:00,21050.0,100.0,3329000.0
4,2021-10-20 07:45:00,21050.0,1000.0,3328900.0
5,2021-10-20 07:45:00,21050.0,500.0,3327900.0
6,2021-10-20 07:45:00,21050.0,100.0,3327400.0
7,2021-10-20 07:45:00,21050.0,200.0,3327300.0
8,2021-10-20 07:45:00,21050.0,1500.0,3327100.0
9,2021-10-20 07:45:00,21050.0,200.0,3325600.0
10,2021-10-20 07:45:00,21050.0,300.0,3325400.0
11,2021-10-20 07:45:00,21050.0,100.0,3325100.0
12,2021-10-20 07:45:00,21050.0,200.0,3325000.0
13,2021-10-20 07:45:00,21050.0,100.0,3324800.0
14,2021-10-20 07:45:00,21050.0,300.0,3324700.0
15,2021-10-20 07:45:00,21050.0,1000.0,3324400.0
16,2021-10-20 07:45:00,21050.0,10000.0,3323400.0
17,2021-10-20 07:45:00,21050.0,100.0,3313400.0
18,2021-10-20 07:45:00,21050.0,300.0,3313300.0
19,2021-10-20 07:45:00,21050.0,300.0,3313000.0
20,2021-10-20 07:45:00,21050.0,100.0,3312700.0
21,2021-10-20 07:45:00,21050.0,2000.0,3312600.0
22,2021-10-20 07:45:00,21050.0,200.0,3310600.0
23,2021-10-20 07:45:00,21050.0,2000.0,3310400.0
24,2021-10-20 07:45:00,21050.0,600.0,3308400.0
25,2021-10-20 07:45:00,21050.0,100.0,3307800.0
26,2021-10-20 07:45:00,21050.0,500.0,3307700.0
27,2021-10-20 07:45:00,21050.0,100.0,3307200.0
28,2021-10-20 07:45:00,21050.0,100.0,3307100.0
29,2021-10-20 07:45:00,21050.0,1600.0,3307000.0
30,2021-10-20 07:45:00,21050.0,7000.0,3305400.0
31,2021-10-20 07:45:00,21050.0,100.0,3298400.0
32,2021-10-20 07:45:00,21050.0,22900.0,3298300.0
33,2021-10-20 07:45:00,21050.0,3000.0,3275400.0
34,2021-10-20 07:45:00,21050.0,3000.0,3272400.0
35,2021-10-20 07:45:00,21050.0,200.0,3269400.0
36,2021-10-20 07:45:00,21050.0,200.0,3269200.0
37,2021-10-20 07:45:00,21050.0,200.0,3269000.0
38,2021-10-20 07:45:00,21050.0,2000.0,3268800.0
39,2021-10-20 07:45:00,21050.0,300.0,3266800.0
40,2021-10-20 07:45:00,21050.0,18200.0,3266500.0
41,2021-10-20 07:45:00,21050.0,1400.0,3248300.0
42,2021-10-20 07:45:00,21050.0,1800.0,3246900.0
43,2021-10-20 07:45:00,21050.0,100.0,3245100.0
44,2021-10-20 07:45:00,21050.0,1000.0,3245000.0
45,2021-10-20 07:45:00,21050.0,9700.0,3244000.0
46,2021-10-20 07:45:00,21050.0,7800.0,3234300.0
47,2021-10-20 07:45:00,21050.0,400.0,3226500.0
48,2021-10-20 07:45:00,21050.0,200.0,3226100.0
49,2021-10-20 07:45:00,21050.0,100.0,3225900.0
50,2021-10-20 07:45:00,21050.0,100.0,3225800.0
51,2021-10-20 07:45:00,21050.0,1400.0,3225700.0
52,2021-10-20 07:45:00,21050.0,400.0,3224300.0
53,2021-10-20 07:45:00,21050.0,1000.0,3223900.0
54,2021-10-20 07:45:00,21050.0,2200.0,3222900.0
55,2021-10-20 07:45:00,21050.0,400.0,3220700.0
56,2021-10-20 07:45:00,21050.0,1000.0,3220300.0
57,2021-10-20 07:45:00,21050.0,300.0,3219300.0
58,2021-10-20 07:45:00,21050.0,100.0,3219000.0
59,2021-10-20 07:45:00,21050.0,6000.0,3218900.0
60,2021-10-20 07:45:00,21050.0,4000.0,3212900.0
61,2021-10-20 07:45:00,21050.0,1000.0,3208900.0
62,2021-10-20 07:45:00,21050.0,3000.0,3207900.0
63,2021-10-20 07:45:00,21050.0,1600.0,3204900.0
64,2021-10-20 07:45:00,21050.0,2100.0,3203300.0
65,2021-10-20 07:45:00,21050.0,2000.0,3201200.0
66,2021-10-20 07:45:00,21050.0,1000.0,3199200.0
67,2021-10-20 07:45:00,21050.0,500.0,3198200.0
68,2021-10-20 07:45:00,21050.0,300.0,3197700.0
69,2021-10-20 07:45:00,21050.0,200.0,3197400.0
70,2021-10-20 07:45:00,21050.0,200.0,3197200.0
71,2021-10-20 07:45:00,21050.0,5000.0,3197000.0
72,2021-10-20 07:45:00,21050.0,5000.0,3192000.0
73,2021-10-20 07:45:00,21050.0,5000.0,3187000.0
74,2021-10-20 07:45:00,21050.0,900.0,3182000.0
75,2021-10-20 07:45:00,21050.0,300.0,3181100.0
76,2021-10-20 07:45:00,21050.0,400.0,3180800.0
77,2021-10-20 07:45:00,21050.0,400.0,3180400.0
78,2021-10-20 07:45:00,21050.0,2000.0,3180000.0
79,2021-10-20 07:45:00,21050.0,1500.0,3178000.0
80,2021-10-20 07:45:00,21050.0,100.0,3176500.0
81,2021-10-20 07:45:00,21050.0,1500.0,3176400.0
82,2021-10-20 07:45:00,21050.0,300.0,3174900.0
83,2021-10-20 07:45:00,21050.0,10000.0,3174600.0
84,2021-10-20 07:45:00,21050.0,200.0,3164600.0
85,2021-10-20 07:45:00,21050.0,5000.0,3164400.0
86,2021-10-20 07:45:00,21050.0,10000.0,3159400.0
87,2021-10-20 07:45:00,21050.0,900.0,3149400.0
88,2021-10-20 07:45:00,21050.0,2900.0,3148500.0
89,2021-10-20 07:45:00,21050.0,1000.0,3145600.0
90,2021-10-20 07:45:00,21050.0,1700.0,3144600.0
91,2021-10-20 07:45:00,21050.0,100.0,3142900.0
92,2021-10-20 07:45:00,21050.0,8200.0,3142800.0
93,2021-10-20 07:45:00,21050.0,100.0,3134600.0
94,2021-10-20 07:45:00,21050.0,100.0,3134500.0
95,2021-10-20 07:45:00,21050.0,100.0,3134400.0
96,2021-10-20 07:45:00,21050.0,1000.0,3134300.0
97,2021-10-20 07:45:00,21050.0,500.0,3133300.0
98,2021-10-20 07:45:00,21050.0,200.0,3132800.0
99,2021-10-20 07:29:57,21050.0,500.0,3132600.0
100,2021-10-20 07:29:57,21050.0,100.0,3132100.0
101,2021-10-20 07:29:57,21050.0,400.0,3132000.0
102,2021-10-20 07:29:24,21050.0,500.0,3131600.0
103,2021-10-20 07:29:10,21050.0,1100.0,3131100.0
104,2021-10-20 07:29:10,21050.0,1000.0,3130000.0
105,2021-10-20 07:29:10,21050.0,1000.0,3129000.0
106,2021-10-20 07:29:10,21050.0,1000.0,3128000.0
107,2021-10-20 07:29:10,21050.0,3500.0,3127000.0
108,2021-10-20 07:29:10,21100.0,5000.0,3123500.0
109,2021-10-20 07:29:10,21100.0,200.0,3118500.0
110,2021-10-20 07:29:10,21100.0,17200.0,3118300.0
111,2021-10-20 07:29:06,21150.0,1000.0,3101100.0
112,2021-10-20 07:29:06,21150.0,6000.0,3100100.0
113,2021-10-20 07:28:46,21150.0,1900.0,3094100.0
114,2021-10-20 07:28:35,21150.0,100.0,3092200.0
115,2021-10-20 07:28:35,21150.0,2600.0,3092100.0
116,2021-10-20 07:27:50,21200.0,100.0,3089500.0
117,2021-10-20 07:27:50,21200.0,200.0,3089400.0
118,2021-10-20 07:27:50,21150.0,100.0,3089200.0
119,2021-10-20 07:27:50,21150.0,600.0,3089100.0
120,2021-10-20 07:27:37,21150.0,200.0,3088500.0
121,2021-10-20 07:27:37,21150.0,200.0,3088300.0
122,2021-10-20 07:27:30,21150.0,200.0,3088100.0
123,2021-10-20 07:27:29,21150.0,100.0,3087900.0
124,2021-10-20 07:27:29,21150.0,100.0,3087800.0
125,2021-10-20 07:27:29,21150.0,300.0,3087700.0
126,2021-10-20 07:27:29,21150.0,500.0,3087400.0
127,2021-10-20 07:27:20,21150.0,100.0,3086900.0
128,2021-10-20 07:27:14,21150.0,500.0,3086800.0
129,2021-10-20 07:27:13,21200.0,300.0,3086300.0
130,2021-10-20 07:26:57,21150.0,500.0,3086000.0
131,2021-10-20 07:26:57,21150.0,400.0,3085500.0
132,2021-10-20 07:26:53,21150.0,100.0,3085100.0
133,2021-10-20 07:26:53,21150.0,9900.0,3085000.0
134,2021-10-20 07:26:49,21150.0,100.0,3075100.0
135,2021-10-20 07:26:46,21100.0,100.0,3075000.0
136,2021-10-20 07:26:38,21100.0,1000.0,3074900.0
137,2021-10-20 07:26:19,21100.0,10000.0,3073900.0
138,2021-10-20 07:26:19,21100.0,1700.0,3063900.0
139,2021-10-20 07:26:15,21100.0,200.0,3062200.0
140,2021-10-20 07:26:05,21100.0,100.0,3062000.0
141,2021-10-20 07:25:56,21100.0,1000.0,3061900.0
142,2021-10-20 07:25:56,21100.0,500.0,3060900.0
143,2021-10-20 07:25:56,21100.0,2000.0,3060400.0
144,2021-10-20 07:25:56,21100.0,200.0,3058400.0
145,2021-10-20 07:25:56,21100.0,600.0,3058200.0
146,2021-10-20 07:25:56,21100.0,100.0,3057600.0
147,2021-10-20 07:25:56,21100.0,3000.0,3057500.0
148,2021-10-20 07:25:56,21100.0,1000.0,3054500.0
149,2021-10-20 07:25:56,21100.0,1600.0,3053500.0
150,2021-10-20 07:25:54,21100.0,100.0,3051900.0
151,2021-10-20 07:25:39,21050.0,700.0,3051800.0
152,2021-10-20 07:25:37,21050.0,400.0,3051100.0
153,2021-10-20 07:25:33,21050.0,100.0,3050700.0
154,2021-10-20 07:25:33,21050.0,300.0,3050600.0
155,2021-10-20 07:25:33,21050.0,500.0,3050300.0
156,2021-10-20 07:25:33,21050.0,1000.0,3049800.0
157,2021-10-20 07:25:27,21050.0,100.0,3048800.0
158,2021-10-20 07:25:13,21050.0,2900.0,3048700.0
159,2021-10-20 07:25:08,21050.0,100.0,3045800.0
160,2021-10-20 07:25:00,21050.0,1000.0,3045700.0
161,2021-10-20 07:24:56,21050.0,100.0,3044700.0
162,2021-10-20 07:24:52,21050.0,100.0,3044600.0
163,2021-10-20 07:24:52,21050.0,200.0,3044500.0
164,2021-10-20 07:24:46,21050.0,6000.0,3044300.0
165,2021-10-20 07:24:44,21050.0,900.0,3038300.0
166,2021-10-20 07:24:44,21050.0,100.0,3037400.0
167,2021-10-20 07:24:23,21000.0,9100.0,3037300.0
168,2021-10-20 07:24:23,21000.0,1000.0,3028200.0
169,2021-10-20 07:24:23,21000.0,200.0,3027200.0
170,2021-10-20 07:24:21,21000.0,300.0,3027000.0
171,2021-10-20 07:24:21,21000.0,1700.0,3026700.0
172,2021-10-20 07:24:16,21000.0,100.0,3025000.0
173,2021-10-20 07:24:12,21000.0,3200.0,3024900.0
174,2021-10-20 07:24:12,21000.0,200.0,3021700.0
175,2021-10-20 07:24:12,21000.0,200.0,3021500.0
176,2021-10-20 07:24:12,21000.0,100.0,3021300.0
177,2021-10-20 07:24:12,21000.0,2000.0,3021200.0
178,2021-10-20 07:24:12,21000.0,4300.0,3019200.0
179,2021-10-20 07:24:06,20950.0,2500.0,3014900.0
180,2021-10-20 07:24:06,21000.0,100.0,3012400.0
181,2021-10-20 07:23:55,20950.0,300.0,3012300.0
182,2021-10-20 07:23:46,20950.0,100.0,3012000.0
183,2021-10-20 07:23:46,20950.0,1000.0,3011900.0
184,2021-10-20 07:23:46,20950.0,5200.0,3010900.0
185,2021-10-20 07:23:45,20950.0,4800.0,3005700.0
186,2021-10-20 07:23:45,20950.0,200.0,3000900.0
187,2021-10-20 07:23:42,20950.0,2800.0,3000700.0
188,2021-10-20 07:23:42,20950.0,2000.0,2997900.0
189,2021-10-20 07:23:42,20950.0,1000.0,2995900.0
190,2021-10-20 07:23:42,20950.0,2000.0,2994900.0
191,2021-10-20 07:23:42,20950.0,2000.0,2992900.0
192,2021-10-20 07:23:42,20950.0,100.0,2990900.0
193,2021-10-20 07:23:42,20950.0,100.0,2990800.0
194,2021-10-20 07:23:41,20950.0,100.0,2990700.0
195,2021-10-20 07:23:37,20950.0,200.0,2990600.0
196,2021-10-20 07:23:37,20950.0,500.0,2990400.0
197,2021-10-20 07:23:29,20900.0,200.0,2989900.0
198,2021-10-20 07:23:29,20900.0,800.0,2989700.0
199,2021-10-20 07:23:27,20950.0,100.0,2988900.0
200,2021-10-20 07:23:23,20950.0,100.0,2988800.0
201,2021-10-20 07:23:19,20950.0,2000.0,2988700.0
202,2021-10-20 07:23:14,20900.0,3600.0,2986700.0
203,2021-10-20 07:23:14,20900.0,500.0,2983100.0
204,2021-10-20 07:23:14,20900.0,1500.0,2982600.0
205,2021-10-20 07:23:14,20900.0,100.0,2981100.0
206,2021-10-20 07:23:14,20900.0,100.0,2981000.0
207,2021-10-20 07:23:14,20900.0,1000.0,2980900.0
208,2021-10-20 07:23:14,20900.0,100.0,2979900.0
209,2021-10-20 07:23:14,20900.0,1000.0,2979800.0
210,2021-10-20 07:23:14,20900.0,5000.0,2978800.0
211,2021-10-20 07:23:14,20900.0,100.0,2973800.0
212,2021-10-20 07:23:14,20900.0,2000.0,2973700.0
213,2021-10-20 07:23:10,20950.0,3500.0,2971700.0
214,2021-10-20 07:23:08,20900.0,200.0,2968200.0
215,2021-10-20 07:23:08,20900.0,100.0,2968000.0
216,2021-10-20 07:23:08,20900.0,100.0,2967900.0
217,2021-10-20 07:23:08,20900.0,100.0,2967800.0
218,2021-10-20 07:23:08,20900.0,2000.0,2967700.0
219,2021-10-20 07:23:08,20900.0,1000.0,2965700.0
220,2021-10-20 07:23:08,20900.0,1000.0,2964700.0
221,2021-10-20 07:23:08,20900.0,200.0,2963700.0
222,2021-10-20 07:23:08,20900.0,100.0,2963500.0
223,2021-10-20 07:23:08,20900.0,200.0,2963400.0
224,2021-10-20 07:23:03,20900.0,100.0,2963200.0
225,2021-10-20 07:22:59,20900.0,400.0,2963100.0
226,2021-10-20 07:22:57,20900.0,500.0,2962700.0
227,2021-10-20 07:22:56,20900.0,100.0,2962200.0
228,2021-10-20 07:22:52,20900.0,3000.0,2962100.0
229,2021-10-20 07:22:42,20900.0,500.0,2959100.0
230,2021-10-20 07:22:35,20900.0,200.0,2958600.0
231,2021-10-20 07:22:35,20900.0,600.0,2958400.0
232,2021-10-20 07:22:27,20900.0,200.0,2957800.0
233,2021-10-20 07:22:27,20900.0,100.0,2957600.0
234,2021-10-20 07:22:27,20900.0,1600.0,2957500.0
235,2021-10-20 07:22:27,20900.0,1000.0,2955900.0
236,2021-10-20 07:22:27,20900.0,500.0,2954900.0
237,2021-10-20 07:22:27,20900.0,1000.0,2954400.0
238,2021-10-20 07:22:27,20900.0,600.0,2953400.0
239,2021-10-20 07:22:27,20900.0,3800.0,2952800.0
240,2021-10-20 07:22:10,20900.0,600.0,2949000.0
241,2021-10-20 07:22:07,20900.0,200.0,2948400.0
242,2021-10-20 07:22:07,20900.0,100.0,2948200.0
243,2021-10-20 07:22:07,20900.0,200.0,2948100.0
244,2021-10-20 07:22:07,20900.0,2500.0,2947900.0
245,2021-10-20 07:22:07,20900.0,1000.0,2945400.0
246,2021-10-20 07:22:07,20900.0,100.0,2944400.0
247,2021-10-20 07:22:07,20900.0,700.0,2944300.0
248,2021-10-20 07:22:07,20900.0,1000.0,2943600.0
249,2021-10-20 07:22:06,20900.0,100.0,2942600.0
250,2021-10-20 07:22:04,20900.0,200.0,2942500.0
251,2021-10-20 07:22:01,20900.0,800.0,2942300.0
252,2021-10-20 07:21:59,20900.0,2200.0,2941500.0
253,2021-10-20 07:21:56,20900.0,100.0,2939300.0
254,2021-10-20 07:21:56,20900.0,1900.0,2939200.0
255,2021-10-20 07:21:56,20900.0,200.0,2937300.0
256,2021-10-20 07:21:52,20900.0,1300.0,2937100.0
257,2021-10-20 07:21:52,20900.0,1000.0,2935800.0
258,2021-10-20 07:21:52,20900.0,100.0,2934800.0
259,2021-10-20 07:21:52,20900.0,500.0,2934700.0
260,2021-10-20 07:21:52,20900.0,100.0,2934200.0
261,2021-10-20 07:21:52,20900.0,300.0,2934100.0
262,2021-10-20 07:21:52,20900.0,100.0,2933800.0
263,2021-10-20 07:21:52,20900.0,100.0,2933700.0
264,2021-10-20 07:21:52,20900.0,300.0,2933600.0
265,2021-10-20 07:21:52,20900.0,300.0,2933300.0
266,2021-10-20 07:21:52,20900.0,100.0,2933000.0
267,2021-10-20 07:21:52,20900.0,100.0,2932900.0
268,2021-10-20 07:21:52,20900.0,700.0,2932800.0
269,2021-10-20 07:21:51,20950.0,300.0,2932100.0
270,2021-10-20 07:21:49,20900.0,300.0,2931800.0
271,2021-10-20 07:21:49,20900.0,100.0,2931500.0
272,2021-10-20 07:21:49,20900.0,100.0,2931400.0
273,2021-10-20 07:21:49,20900.0,100.0,2931300.0
274,2021-10-20 07:21:49,20900.0,100.0,2931200.0
275,2021-10-20 07:21:49,20900.0,100.0,2931100.0
276,2021-10-20 07:21:49,20900.0,1000.0,2931000.0
277,2021-10-20 07:21:49,20900.0,2000.0,2930000.0
278,2021-10-20 07:21:49,20900.0,1000.0,2928000.0
279,2021-10-20 07:21:49,20900.0,200.0,2927000.0
280,2021-10-20 07:21:31,20900.0,700.0,2926800.0
281,2021-10-20 07:21:27,20950.0,300.0,2926100.0
282,2021-10-20 07:21:24,20900.0,4100.0,2925800.0
283,2021-10-20 07:21:24,20900.0,100.0,2921700.0
284,2021-10-20 07:21:24,20900.0,200.0,2921600.0
285,2021-10-20 07:21:24,20900.0,600.0,2921400.0
286,2021-10-20 07:21:24,20950.0,1000.0,2920800.0
287,2021-10-20 07:21:20,20900.0,400.0,2919800.0
288,2021-10-20 07:21:20,20900.0,100.0,2919400.0
289,2021-10-20 07:21:20,20900.0,300.0,2919300.0
290,2021-10-20 07:21:20,20900.0,200.0,2919000.0
291,2021-10-20 07:21:19,20900.0,100.0,2918800.0
292,2021-10-20 07:21:19,20900.0,100.0,2918700.0
293,2021-10-20 07:21:19,20900.0,100.0,2918600.0
294,2021-10-20 07:21:19,20900.0,100.0,2918500.0
295,2021-10-20 07:21:19,20900.0,200.0,2918400.0
296,2021-10-20 07:21:19,20900.0,300.0,2918200.0
297,2021-10-20 07:21:19,20900.0,100.0,2917900.0
298,2021-10-20 07:21:15,20950.0,1400.0,2917800.0
299,2021-10-20 07:21:12,20900.0,500.0,2916400.0
300,2021-10-20 07:21:08,20950.0,400.0,2915900.0
301,2021-10-20 07:21:04,20900.0,500.0,2915500.0
302,2021-10-20 07:21:02,20950.0,3000.0,2915000.0
303,2021-10-20 07:20:55,20950.0,20000.0,2912000.0
304,2021-10-20 07:20:54,20900.0,200.0,2892000.0
305,2021-10-20 07:20:52,20900.0,700.0,2891800.0
306,2021-10-20 07:20:52,20900.0,100.0,2891100.0
307,2021-10-20 07:20:52,20900.0,200.0,2891000.0
308,2021-10-20 07:20:49,20950.0,100.0,2890800.0
309,2021-10-20 07:20:49,20950.0,2000.0,2890700.0
310,2021-10-20 07:20:49,20950.0,800.0,2888700.0
311,2021-10-20 07:20:49,20950.0,100.0,2887900.0
312,2021-10-20 07:20:49,20950.0,200.0,2887800.0
313,2021-10-20 07:20:49,20950.0,500.0,2887600.0
314,2021-10-20 07:20:49,20950.0,2000.0,2887100.0
315,2021-10-20 07:20:43,20950.0,20000.0,2885100.0
316,2021-10-20 07:20:41,20950.0,100.0,2865100.0
317,2021-10-20 07:20:37,21000.0,500.0,2865000.0
318,2021-10-20 07:20:35,20950.0,900.0,2864500.0
319,2021-10-20 07:20:35,20950.0,100.0,2863600.0
320,2021-10-20 07:20:35,20950.0,300.0,2863500.0
321,2021-10-20 07:20:35,20950.0,100.0,2863200.0
322,2021-10-20 07:20:35,20950.0,2000.0,2863100.0
323,2021-10-20 07:20:35,20950.0,1000.0,2861100.0
324,2021-10-20 07:20:35,20950.0,300.0,2860100.0
325,2021-10-20 07:20:35,20950.0,100.0,2859800.0
326,2021-10-20 07:20:35,20950.0,100.0,2859700.0
327,2021-10-20 07:20:35,20950.0,100.0,2859600.0
328,2021-10-20 07:20:21,21000.0,200.0,2859500.0
329,2021-10-20 07:20:14,21000.0,4000.0,2859300.0
330,2021-10-20 07:20:12,21000.0,100.0,2855300.0
331,2021-10-20 07:20:05,21000.0,200.0,2855200.0
332,2021-10-20 07:20:05,21000.0,100.0,2855000.0
333,2021-10-20 07:20:05,21000.0,1000.0,2854900.0
334,2021-10-20 07:20:05,21000.0,1000.0,2853900.0
335,2021-10-20 07:20:05,21000.0,900.0,2852900.0
336,2021-10-20 07:20:05,21000.0,1000.0,2852000.0
337,2021-10-20 07:20:05,21000.0,500.0,2851000.0
338,2021-10-20 07:20:05,21000.0,500.0,2850500.0
339,2021-10-20 07:20:05,21000.0,500.0,2850000.0
340,2021-10-20 07:20:05,21000.0,700.0,2849500.0
341,2021-10-20 07:20:05,21000.0,100.0,2848800.0
342,2021-10-20 07:20:05,21000.0,1000.0,2848700.0
343,2021-10-20 07:20:05,21000.0,100.0,2847700.0
344,2021-10-20 07:20:05,21000.0,5000.0,2847600.0
345,2021-10-20 07:20:05,21000.0,500.0,2842600.0
346,2021-10-20 07:20:05,21000.0,500.0,2842100.0
347,2021-10-20 07:20:05,21000.0,500.0,2841600.0
348,2021-10-20 07:20:05,21000.0,3000.0,2841100.0
349,2021-10-20 07:20:05,21000.0,300.0,2838100.0
350,2021-10-20 07:20:05,21000.0,300.0,2837800.0
351,2021-10-20 07:20:05,21000.0,100.0,2837500.0
352,2021-10-20 07:20:05,21000.0,200.0,2837400.0
353,2021-10-20 07:20:05,21000.0,100.0,2837200.0
354,2021-10-20 07:20:05,21000.0,1800.0,2837100.0
355,2021-10-20 07:20:03,21000.0,8200.0,2835300.0
356,2021-10-20 07:20:03,21000.0,200.0,2827100.0
357,2021-10-20 07:20:03,21000.0,100.0,2826900.0
358,2021-10-20 07:20:03,21000.0,100.0,2826800.0
359,2021-10-20 07:20:03,21000.0,500.0,2826700.0
360,2021-10-20 07:20:03,21000.0,2000.0,2826200.0
361,2021-10-20 07:20:03,21000.0,100.0,2824200.0
362,2021-10-20 07:20:03,21000.0,100.0,2824100.0
363,2021-10-20 07:20:03,21000.0,100.0,2824000.0
364,2021-10-20 07:20:03,21000.0,500.0,2823900.0
365,2021-10-20 07:20:03,21000.0,2000.0,2823400.0
366,2021-10-20 07:20:03,21000.0,8200.0,2821400.0
367,2021-10-20 07:20:03,21000.0,100.0,2813200.0
368,2021-10-20 07:20:03,21000.0,2000.0,2813100.0
369,2021-10-20 07:20:03,21000.0,100.0,2811100.0
370,2021-10-20 07:20:03,21000.0,1000.0,2811000.0
371,2021-10-20 07:20:03,21000.0,200.0,2810000.0
372,2021-10-20 07:20:03,21000.0,100.0,2809800.0
373,2021-10-20 07:20:03,21000.0,10000.0,2809700.0
374,2021-10-20 07:20:03,21000.0,4400.0,2799700.0
375,2021-10-20 07:20:02,21000.0,2000.0,2795300.0
376,2021-10-20 07:20:01,21000.0,2300.0,2793300.0
377,2021-10-20 07:20:00,21000.0,200.0,2791000.0
378,2021-10-20 07:19:58,21000.0,1100.0,2790800.0
379,2021-10-20 07:19:58,21000.0,300.0,2789700.0
380,2021-10-20 07:19:58,21000.0,100.0,2789400.0
381,2021-10-20 07:19:58,21000.0,5000.0,2789300.0
382,2021-10-20 07:19:58,21000.0,5000.0,2784300.0
383,2021-10-20 07:19:58,21000.0,8500.0,2779300.0
384,2021-10-20 07:19:56,21000.0,600.0,2770800.0
385,2021-10-20 07:19:49,21050.0,200.0,2770200.0
386,2021-10-20 07:19:48,21000.0,900.0,2770000.0
387,2021-10-20 07:19:48,21000.0,100.0,2769100.0
388,2021-10-20 07:19:48,21000.0,100.0,2769000.0
389,2021-10-20 07:19:48,21000.0,500.0,2768900.0
390,2021-10-20 07:19:48,21000.0,100.0,2768400.0
391,2021-10-20 07:19:48,21000.0,500.0,2768300.0
392,2021-10-20 07:19:48,21000.0,100.0,2767800.0
393,2021-10-20 07:19:48,21000.0,100.0,2767700.0
394,2021-10-20 07:19:48,21000.0,1000.0,2767600.0
395,2021-10-20 07:19:48,21000.0,100.0,2766600.0
396,2021-10-20 07:19:48,21000.0,1000.0,2766500.0
397,2021-10-20 07:19:48,21000.0,1000.0,2765500.0
398,2021-10-20 07:19:48,21000.0,100.0,2764500.0
399,2021-10-20 07:19:48,21000.0,400.0,2764400.0
400,2021-10-20 07:19:48,21000.0,200.0,2764000.0
401,2021-10-20 07:19:48,21000.0,100.0,2763800.0
402,2021-10-20 07:19:48,21000.0,100.0,2763700.0
403,2021-10-20 07:19:48,21000.0,100.0,2763600.0
404,2021-10-20 07:19:48,21000.0,1000.0,2763500.0
405,2021-10-20 07:19:48,21000.0,4000.0,2762500.0
406,2021-10-20 07:19:39,21000.0,3700.0,2758500.0
407,2021-10-20 07:19:33,21000.0,500.0,2754800.0
408,2021-10-20 07:19:33,21000.0,1800.0,2754300.0
409,2021-10-20 07:19:33,21000.0,100.0,2752500.0
410,2021-10-20 07:19:33,21000.0,100.0,2752400.0
411,2021-10-20 07:19:30,21050.0,1000.0,2752300.0
412,2021-10-20 07:19:27,21000.0,200.0,2751300.0
413,2021-10-20 07:19:17,21000.0,500.0,2751100.0
414,2021-10-20 07:19:14,21050.0,200.0,2750600.0
415,2021-10-20 07:19:14,21000.0,500.0,2750400.0
416,2021-10-20 07:19:14,21000.0,300.0,2749900.0
417,2021-10-20 07:19:11,21000.0,200.0,2749600.0
418,2021-10-20 07:19:11,21000.0,100.0,2749400.0
419,2021-10-20 07:19:11,21000.0,200.0,2749300.0
420,2021-10-20 07:19:11,21000.0,200.0,2749100.0
421,2021-10-20 07:19:11,21000.0,500.0,2748900.0
422,2021-10-20 07:19:11,21000.0,1000.0,2748400.0
423,2021-10-20 07:19:11,21000.0,500.0,2747400.0
424,2021-10-20 07:19:11,21000.0,100.0,2746900.0
425,2021-10-20 07:19:11,21000.0,200.0,2746800.0
426,2021-10-20 07:19:11,21000.0,100.0,2746600.0
427,2021-10-20 07:19:11,21000.0,1000.0,2746500.0
428,2021-10-20 07:19:11,21000.0,100.0,2745500.0
429,2021-10-20 07:19:11,21000.0,1000.0,2745400.0
430,2021-10-20 07:19:11,21000.0,700.0,2744400.0
431,2021-10-20 07:19:11,21000.0,400.0,2743700.0
432,2021-10-20 07:19:06,21000.0,100.0,2743300.0
433,2021-10-20 07:19:06,21000.0,100.0,2743200.0
434,2021-10-20 07:19:02,21000.0,200.0,2743100.0
435,2021-10-20 07:18:56,21000.0,700.0,2742900.0
436,2021-10-20 07:18:56,21000.0,8500.0,2742200.0
437,2021-10-20 07:18:56,21000.0,2800.0,2733700.0
438,2021-10-20 07:18:51,21000.0,2500.0,2730900.0
439,2021-10-20 07:18:49,21000.0,4000.0,2728400.0
440,2021-10-20 07:18:46,21050.0,2000.0,2724400.0
441,2021-10-20 07:18:46,21000.0,700.0,2722400.0
442,2021-10-20 07:18:46,21000.0,200.0,2721700.0
443,2021-10-20 07:18:46,21000.0,100.0,2721500.0
444,2021-10-20 07:18:46,21000.0,2000.0,2721400.0
445,2021-10-20 07:18:46,21000.0,100.0,2719400.0
446,2021-10-20 07:18:46,21000.0,500.0,2719300.0
447,2021-10-20 07:18:46,21000.0,1400.0,2718800.0
448,2021-10-20 07:18:44,21000.0,3000.0,2717400.0
449,2021-10-20 07:18:43,21050.0,300.0,2714400.0
450,2021-10-20 07:18:29,21000.0,500.0,2714100.0
451,2021-10-20 07:18:27,21000.0,1100.0,2713600.0
452,2021-10-20 07:18:27,21000.0,100.0,2712500.0
453,2021-10-20 07:18:27,21000.0,100.0,2712400.0
454,2021-10-20 07:18:27,21000.0,500.0,2712300.0
455,2021-10-20 07:18:27,21000.0,1000.0,2711800.0
456,2021-10-20 07:18:27,21000.0,100.0,2710800.0
457,2021-10-20 07:18:27,21000.0,100.0,2710700.0
458,2021-10-20 07:18:27,21000.0,100.0,2710600.0
459,2021-10-20 07:18:27,21000.0,100.0,2710500.0
460,2021-10-20 07:18:27,21000.0,100.0,2710400.0
461,2021-10-20 07:18:27,21000.0,1000.0,2710300.0
462,2021-10-20 07:18:27,21000.0,2700.0,2709300.0
463,2021-10-20 07:18:19,21050.0,300.0,2706600.0
464,2021-10-20 07:18:12,21050.0,100.0,2706300.0
465,2021-10-20 07:18:07,21000.0,300.0,2706200.0
466,2021-10-20 07:18:07,21000.0,2000.0,2705900.0
467,2021-10-20 07:18:07,21000.0,200.0,2703900.0
468,2021-10-20 07:18:07,21000.0,1000.0,2703700.0
469,2021-10-20 07:18:07,21000.0,100.0,2702700.0
470,2021-10-20 07:18:07,21000.0,800.0,2702600.0
471,2021-10-20 07:18:07,21000.0,500.0,2701800.0
472,2021-10-20 07:18:07,21000.0,100.0,2701300.0
473,2021-10-20 07:18:07,21000.0,200.0,2701200.0
474,2021-10-20 07:18:07,21000.0,300.0,2701000.0
475,2021-10-20 07:18:07,21000.0,700.0,2700700.0
476,2021-10-20 07:18:07,21000.0,1000.0,2700000.0
477,2021-10-20 07:18:07,21000.0,200.0,2699000.0
478,2021-10-20 07:18:07,21000.0,2000.0,2698800.0
479,2021-10-20 07:18:07,21000.0,500.0,2696800.0
480,2021-10-20 07:18:07,21000.0,2000.0,2696300.0
481,2021-10-20 07:18:07,21000.0,100.0,2694300.0
482,2021-10-20 07:18:07,21000.0,200.0,2694200.0
483,2021-10-20 07:18:07,21000.0,5000.0,2694000.0
484,2021-10-20 07:18:07,21000.0,200.0,2689000.0
485,2021-10-20 07:18:07,21000.0,2000.0,2688800.0
486,2021-10-20 07:18:07,21000.0,500.0,2686800.0
487,2021-10-20 07:18:07,21000.0,200.0,2686300.0
488,2021-10-20 07:18:07,21000.0,400.0,2686100.0
489,2021-10-20 07:18:07,21000.0,1000.0,2685700.0
490,2021-10-20 07:18:07,21000.0,2000.0,2684700.0
491,2021-10-20 07:18:07,21000.0,200.0,2682700.0
492,2021-10-20 07:18:07,21000.0,5000.0,2682500.0
493,2021-10-20 07:18:07,21000.0,100.0,2677500.0
494,2021-10-20 07:18:07,21000.0,500.0,2677400.0
495,2021-10-20 07:18:07,21000.0,1100.0,2676900.0
496,2021-10-20 07:18:07,21000.0,100.0,2675800.0
497,2021-10-20 07:18:07,21000.0,1000.0,2675700.0
498,2021-10-20 07:18:07,21000.0,100.0,2674700.0
499,2021-10-20 07:18:07,21000.0,1000.0,2674600.0
500,2021-10-20 07:18:07,21000.0,1000.0,2673600.0
501,2021-10-20 07:18:07,21000.0,1000.0,2672600.0
502,2021-10-20 07:18:07,21000.0,1000.0,2671600.0
503,2021-10-20 07:18:07,21000.0,300.0,2670600.0
504,2021-10-20 07:18:07,21000.0,100.0,2670300.0
505,2021-10-20 07:18:07,21000.0,100.0,2670200.0
506,2021-10-20 07:18:07,21000.0,100.0,2670100.0
507,2021-10-20 07:18:07,21000.0,2000.0,2670000.0
508,2021-10-20 07:18:07,21000.0,100.0,2668000.0
509,2021-10-20 07:18:07,21000.0,1700.0,2667900.0
510,2021-10-20 07:17:58,21050.0,200.0,2666200.0
511,2021-10-20 07:17:57,21000.0,200.0,2666000.0
512,2021-10-20 07:17:56,21000.0,100.0,2665800.0
513,2021-10-20 07:17:56,21000.0,200.0,2665700.0
514,2021-10-20 07:17:53,21000.0,300.0,2665500.0
515,2021-10-20 07:17:53,21000.0,300.0,2665200.0
516,2021-10-20 07:17:53,21000.0,300.0,2664900.0
517,2021-10-20 07:17:53,21000.0,200.0,2664600.0
518,2021-10-20 07:17:53,21000.0,500.0,2664400.0
519,2021-10-20 07:17:53,21000.0,300.0,2663900.0
520,2021-10-20 07:17:53,21000.0,100.0,2663600.0
521,2021-10-20 07:17:52,21050.0,1000.0,2663500.0
522,2021-10-20 07:17:51,21000.0,900.0,2662500.0
523,2021-10-20 07:17:51,21000.0,5000.0,2661600.0
524,2021-10-20 07:17:51,21000.0,500.0,2656600.0
525,2021-10-20 07:17:51,21000.0,200.0,2656100.0
526,2021-10-20 07:17:51,21000.0,100.0,2655900.0
527,2021-10-20 07:17:51,21000.0,100.0,2655800.0
528,2021-10-20 07:17:51,21000.0,500.0,2655700.0
529,2021-10-20 07:17:51,21000.0,2000.0,2655200.0
530,2021-10-20 07:17:51,21000.0,100.0,2653200.0
531,2021-10-20 07:17:51,21000.0,1000.0,2653100.0
532,2021-10-20 07:17:51,21000.0,5000.0,2652100.0
533,2021-10-20 07:17:51,21000.0,100.0,2647100.0
534,2021-10-20 07:17:51,21000.0,500.0,2647000.0
535,2021-10-20 07:17:51,21000.0,100.0,2646500.0
536,2021-10-20 07:17:51,21000.0,100.0,2646400.0
537,2021-10-20 07:17:51,21000.0,200.0,2646300.0
538,2021-10-20 07:17:51,21000.0,200.0,2646100.0
539,2021-10-20 07:17:51,21000.0,200.0,2645900.0
540,2021-10-20 07:17:51,21000.0,300.0,2645700.0
541,2021-10-20 07:17:51,21000.0,1000.0,2645400.0
542,2021-10-20 07:17:51,21000.0,100.0,2644400.0
543,2021-10-20 07:17:51,21000.0,1000.0,2644300.0
544,2021-10-20 07:17:51,21000.0,500.0,2643300.0
545,2021-10-20 07:17:51,21000.0,100.0,2642800.0
546,2021-10-20 07:17:51,21000.0,100.0,2642700.0
547,2021-10-20 07:17:51,21000.0,100.0,2642600.0
548,2021-10-20 07:17:51,21000.0,200.0,2642500.0
549,2021-10-20 07:17:51,21000.0,200.0,2642300.0
550,2021-10-20 07:17:51,21000.0,100.0,2642100.0
551,2021-10-20 07:17:51,21000.0,2000.0,2642000.0
552,2021-10-20 07:17:51,21000.0,100.0,2640000.0
553,2021-10-20 07:17:51,21000.0,17600.0,2639900.0
554,2021-10-20 07:17:51,21000.0,500.0,2622300.0
555,2021-10-20 07:17:51,21000.0,100.0,2621800.0
556,2021-10-20 07:17:51,21000.0,500.0,2621700.0
557,2021-10-20 07:17:51,21000.0,500.0,2621200.0
558,2021-10-20 07:17:51,21000.0,2000.0,2620700.0
559,2021-10-20 07:17:51,21000.0,400.0,2618700.0
560,2021-10-20 07:17:51,21000.0,100.0,2618300.0
561,2021-10-20 07:17:51,21000.0,500.0,2618200.0
562,2021-10-20 07:17:51,21000.0,1000.0,2617700.0
563,2021-10-20 07:17:51,21000.0,2400.0,2616700.0
564,2021-10-20 07:17:51,21000.0,1000.0,2614300.0
565,2021-10-20 07:17:51,21000.0,500.0,2613300.0
566,2021-10-20 07:17:51,21000.0,300.0,2612800.0
567,2021-10-20 07:17:51,21000.0,1000.0,2612500.0
568,2021-10-20 07:17:51,21000.0,500.0,2611500.0
569,2021-10-20 07:17:51,21000.0,100.0,2611000.0
570,2021-10-20 07:17:51,21000.0,200.0,2610900.0
571,2021-10-20 07:17:51,21000.0,2000.0,2610700.0
572,2021-10-20 07:17:51,21000.0,300.0,2608700.0
573,2021-10-20 07:17:51,21000.0,1000.0,2608400.0
574,2021-10-20 07:17:51,21000.0,300.0,2607400.0
575,2021-10-20 07:17:51,21000.0,100.0,2607100.0
576,2021-10-20 07:17:51,21000.0,200.0,2607000.0
577,2021-10-20 07:17:51,21000.0,100.0,2606800.0
578,2021-10-20 07:17:51,21000.0,10000.0,2606700.0
579,2021-10-20 07:17:51,21000.0,7000.0,2596700.0
580,2021-10-20 07:17:51,21000.0,5000.0,2589700.0
581,2021-10-20 07:17:51,21000.0,100.0,2584700.0
582,2021-10-20 07:17:51,21000.0,200.0,2584600.0
583,2021-10-20 07:17:51,21000.0,100.0,2584400.0
584,2021-10-20 07:17:51,21000.0,500.0,2584300.0
585,2021-10-20 07:17:51,21000.0,1300.0,2583800.0
586,2021-10-20 07:17:49,21000.0,200.0,2582500.0
587,2021-10-20 07:17:49,21000.0,200.0,2582300.0
588,2021-10-20 07:17:49,21000.0,300.0,2582100.0
589,2021-10-20 07:17:48,21050.0,300.0,2581800.0
590,2021-10-20 07:17:48,21050.0,1000.0,2581500.0
591,2021-10-20 07:17:46,21050.0,2000.0,2580500.0
592,2021-10-20 07:17:19,21050.0,2100.0,2578500.0
593,2021-10-20 07:17:19,21050.0,3900.0,2576400.0
594,2021-10-20 07:17:16,21050.0,100.0,2572500.0
595,2021-10-20 07:17:16,21050.0,400.0,2572400.0
596,2021-10-20 07:17:13,21000.0,700.0,2572000.0
597,2021-10-20 07:17:13,21000.0,1000.0,2571300.0
598,2021-10-20 07:17:13,21000.0,1000.0,2570300.0
599,2021-10-20 07:17:13,21000.0,800.0,2569300.0
600,2021-10-20 07:17:12,21050.0,500.0,2568500.0
601,2021-10-20 07:17:11,21000.0,200.0,2568000.0
602,2021-10-20 07:17:08,21050.0,500.0,2567800.0
603,2021-10-20 07:17:08,21050.0,1000.0,2567300.0
604,2021-10-20 07:17:08,21050.0,200.0,2566300.0
605,2021-10-20 07:17:07,21050.0,2800.0,2566100.0
606,2021-10-20 07:17:07,21050.0,1000.0,2563300.0
607,2021-10-20 07:17:07,21050.0,100.0,2562300.0
608,2021-10-20 07:17:07,21050.0,100.0,2562200.0
609,2021-10-20 07:17:07,21050.0,600.0,2562100.0
610,2021-10-20 07:17:07,21050.0,1000.0,2561500.0
611,2021-10-20 07:17:07,21050.0,5000.0,2560500.0
612,2021-10-20 07:17:07,21050.0,200.0,2555500.0
613,2021-10-20 07:17:07,21050.0,500.0,2555300.0
614,2021-10-20 07:17:06,21050.0,700.0,2554800.0
615,2021-10-20 07:17:03,21050.0,1000.0,2554100.0
616,2021-10-20 07:17:01,21050.0,2300.0,2553100.0
617,2021-10-20 07:17:01,21050.0,100.0,2550800.0
618,2021-10-20 07:17:01,21050.0,600.0,2550700.0
619,2021-10-20 07:16:55,21050.0,400.0,2550100.0
620,2021-10-20 07:16:55,21050.0,100.0,2549700.0
621,2021-10-20 07:16:55,21050.0,1000.0,2549600.0
622,2021-10-20 07:16:55,21050.0,200.0,2548600.0
623,2021-10-20 07:16:55,21050.0,3300.0,2548400.0
624,2021-10-20 07:16:54,21050.0,500.0,2545100.0
625,2021-10-20 07:16:53,21050.0,5000.0,2544600.0
626,2021-10-20 07:16:52,21050.0,100.0,2539600.0
627,2021-10-20 07:16:50,21050.0,2000.0,2539500.0
628,2021-10-20 07:16:49,21050.0,9100.0,2537500.0
629,2021-10-20 07:16:49,21050.0,900.0,2528400.0
630,2021-10-20 07:16:44,21050.0,500.0,2527500.0
631,2021-10-20 07:16:44,21050.0,500.0,2527000.0
632,2021-10-20 07:16:44,21050.0,1500.0,2526500.0
633,2021-10-20 07:16:42,21050.0,600.0,2525000.0
634,2021-10-20 07:16:42,21050.0,5000.0,2524400.0
635,2021-10-20 07:16:42,21050.0,200.0,2519400.0
636,2021-10-20 07:16:42,21050.0,100.0,2519200.0
637,2021-10-20 07:16:41,21050.0,500.0,2519100.0
638,2021-10-20 07:16:37,21050.0,400.0,2518600.0
639,2021-10-20 07:16:37,21050.0,1600.0,2518200.0
640,2021-10-20 07:16:36,21050.0,1000.0,2516600.0
641,2021-10-20 07:16:28,21050.0,2400.0,2515600.0
642,2021-10-20 07:16:28,21050.0,1000.0,2513200.0
643,2021-10-20 07:16:28,21050.0,100.0,2512200.0
644,2021-10-20 07:16:28,21050.0,1000.0,2512100.0
645,2021-10-20 07:16:28,21050.0,300.0,2511100.0
646,2021-10-20 07:16:28,21050.0,500.0,2510800.0
647,2021-10-20 07:16:23,21050.0,400.0,2510300.0
648,2021-10-20 07:16:23,21050.0,100.0,2509900.0
649,2021-10-20 07:16:21,21050.0,700.0,2509800.0
650,2021-10-20 07:16:21,21050.0,500.0,2509100.0
651,2021-10-20 07:16:21,21050.0,100.0,2508600.0
652,2021-10-20 07:16:21,21050.0,200.0,2508500.0
653,2021-10-20 07:16:21,21050.0,300.0,2508300.0
654,2021-10-20 07:16:21,21050.0,2000.0,2508000.0
655,2021-10-20 07:16:21,21050.0,100.0,2506000.0
656,2021-10-20 07:16:21,21050.0,100.0,2505900.0
657,2021-10-20 07:16:21,21050.0,2000.0,2505800.0
658,2021-10-20 07:16:21,21050.0,100.0,2503800.0
659,2021-10-20 07:16:21,21050.0,100.0,2503700.0
660,2021-10-20 07:16:21,21050.0,1600.0,2503600.0
661,2021-10-20 07:16:19,21100.0,2000.0,2502000.0
662,2021-10-20 07:16:14,21050.0,500.0,2500000.0
663,2021-10-20 07:15:59,21050.0,5000.0,2499500.0
664,2021-10-20 07:15:57,21050.0,800.0,2494500.0
665,2021-10-20 07:15:50,21100.0,100.0,2493700.0
666,2021-10-20 07:15:47,21050.0,1000.0,2493600.0
667,2021-10-20 07:15:45,21100.0,200.0,2492600.0
668,2021-10-20 07:15:39,21050.0,1100.0,2492400.0
669,2021-10-20 07:15:39,21050.0,200.0,2491300.0
670,2021-10-20 07:15:39,21050.0,1000.0,2491100.0
671,2021-10-20 07:15:39,21050.0,100.0,2490100.0
672,2021-10-20 07:15:39,21050.0,100.0,2490000.0
673,2021-10-20 07:15:39,21050.0,100.0,2489900.0
674,2021-10-20 07:15:39,21050.0,3000.0,2489800.0
675,2021-10-20 07:15:39,21050.0,100.0,2486800.0
676,2021-10-20 07:15:39,21050.0,900.0,2486700.0
677,2021-10-20 07:15:39,21100.0,200.0,2485800.0
678,2021-10-20 07:15:39,21100.0,100.0,2485600.0
679,2021-10-20 07:15:39,21100.0,500.0,2485500.0
680,2021-10-20 07:15:39,21100.0,300.0,2485000.0
681,2021-10-20 07:15:39,21100.0,1100.0,2484700.0
682,2021-10-20 07:15:39,21100.0,5000.0,2483600.0
683,2021-10-20 07:15:39,21100.0,200.0,2478600.0
684,2021-10-20 07:15:39,21100.0,100.0,2478400.0
685,2021-10-20 07:15:39,21100.0,500.0,2478300.0
686,2021-10-20 07:15:39,21100.0,500.0,2477800.0
687,2021-10-20 07:15:39,21100.0,500.0,2477300.0
688,2021-10-20 07:15:39,21100.0,500.0,2476800.0
689,2021-10-20 07:15:39,21100.0,300.0,2476300.0
690,2021-10-20 07:15:39,21100.0,1000.0,2476000.0
691,2021-10-20 07:15:39,21100.0,10000.0,2475000.0
692,2021-10-20 07:15:39,21100.0,600.0,2465000.0
693,2021-10-20 07:15:39,21100.0,100.0,2464400.0
694,2021-10-20 07:15:39,21100.0,1000.0,2464300.0
695,2021-10-20 07:15:39,21100.0,300.0,2463300.0
696,2021-10-20 07:15:39,21100.0,200.0,2463000.0
697,2021-10-20 07:15:39,21100.0,5000.0,2462800.0
698,2021-10-20 07:15:39,21100.0,600.0,2457800.0
699,2021-10-20 07:15:39,21100.0,500.0,2457200.0
700,2021-10-20 07:15:39,21100.0,500.0,2456700.0
701,2021-10-20 07:15:39,21100.0,300.0,2456200.0
702,2021-10-20 07:15:39,21100.0,200.0,2455900.0
703,2021-10-20 07:15:39,21100.0,100.0,2455700.0
704,2021-10-20 07:15:39,21100.0,100.0,2455600.0
705,2021-10-20 07:15:39,21100.0,500.0,2455500.0
706,2021-10-20 07:15:39,21100.0,100.0,2455000.0
707,2021-10-20 07:15:39,21100.0,100.0,2454900.0
708,2021-10-20 07:15:39,21100.0,2300.0,2454800.0
709,2021-10-20 07:15:32,21100.0,2000.0,2452500.0
710,2021-10-20 07:15:30,21100.0,100.0,2450500.0
711,2021-10-20 07:15:19,21100.0,2000.0,2450400.0
712,2021-10-20 07:15:19,21100.0,1000.0,2448400.0
713,2021-10-20 07:15:19,21100.0,1000.0,2447400.0
714,2021-10-20 07:15:14,21100.0,1600.0,2446400.0
715,2021-10-20 07:15:14,21100.0,1000.0,2444800.0
716,2021-10-20 07:15:14,21100.0,100.0,2443800.0
717,2021-10-20 07:15:14,21100.0,100.0,2443700.0
718,2021-10-20 07:15:14,21100.0,1000.0,2443600.0
719,2021-10-20 07:15:14,21100.0,100.0,2442600.0
720,2021-10-20 07:15:14,21100.0,100.0,2442500.0
721,2021-10-20 07:15:14,21100.0,700.0,2442400.0
722,2021-10-20 07:15:14,21100.0,800.0,2441700.0
723,2021-10-20 07:15:14,21100.0,100.0,2440900.0
724,2021-10-20 07:15:14,21100.0,100.0,2440800.0
725,2021-10-20 07:15:14,21100.0,100.0,2440700.0
726,2021-10-20 07:15:14,21100.0,400.0,2440600.0
727,2021-10-20 07:15:14,21100.0,3000.0,2440200.0
728,2021-10-20 07:15:14,21100.0,800.0,2437200.0
729,2021-10-20 07:15:13,21100.0,2500.0,2436400.0
730,2021-10-20 07:15:08,21100.0,1200.0,2433900.0
731,2021-10-20 07:14:59,21100.0,2000.0,2432700.0
732,2021-10-20 07:14:55,21150.0,500.0,2430700.0
733,2021-10-20 07:14:55,21150.0,200.0,2430200.0
734,2021-10-20 07:14:55,21150.0,4800.0,2430000.0
735,2021-10-20 07:14:55,21150.0,200.0,2425200.0
736,2021-10-20 07:14:53,21150.0,1000.0,2425000.0
737,2021-10-20 07:14:53,21150.0,200.0,2424000.0
738,2021-10-20 07:14:53,21150.0,400.0,2423800.0
739,2021-10-20 07:14:53,21150.0,500.0,2423400.0
740,2021-10-20 07:14:53,21150.0,2000.0,2422900.0
741,2021-10-20 07:14:53,21150.0,500.0,2420900.0
742,2021-10-20 07:14:53,21150.0,1600.0,2420400.0
743,2021-10-20 07:14:53,21150.0,800.0,2418800.0
744,2021-10-20 07:14:53,21150.0,100.0,2418000.0
745,2021-10-20 07:14:53,21150.0,2000.0,2417900.0
746,2021-10-20 07:14:53,21150.0,200.0,2415900.0
747,2021-10-20 07:14:53,21150.0,300.0,2415700.0
748,2021-10-20 07:14:53,21150.0,5400.0,2415400.0
749,2021-10-20 07:14:49,21150.0,3500.0,2410000.0
750,2021-10-20 07:14:47,21150.0,500.0,2406500.0
751,2021-10-20 07:14:43,21150.0,300.0,2406000.0
752,2021-10-20 07:14:38,21150.0,300.0,2405700.0
753,2021-10-20 07:14:38,21150.0,200.0,2405400.0
754,2021-10-20 07:14:38,21150.0,600.0,2405200.0
755,2021-10-20 07:14:38,21150.0,400.0,2404600.0
756,2021-10-20 07:14:33,21150.0,100.0,2404200.0
757,2021-10-20 07:14:30,21150.0,500.0,2404100.0
758,2021-10-20 07:14:28,21150.0,1000.0,2403600.0
759,2021-10-20 07:14:28,21150.0,3000.0,2402600.0
760,2021-10-20 07:14:24,21150.0,500.0,2399600.0
761,2021-10-20 07:14:18,21150.0,10000.0,2399100.0
762,2021-10-20 07:14:16,21150.0,2000.0,2389100.0
763,2021-10-20 07:14:09,21150.0,2000.0,2387100.0
764,2021-10-20 07:13:59,21150.0,1000.0,2385100.0
765,2021-10-20 07:13:56,21150.0,100.0,2384100.0
766,2021-10-20 07:13:50,21150.0,5000.0,2384000.0
767,2021-10-20 07:13:39,21150.0,2900.0,2379000.0
768,2021-10-20 07:13:39,21150.0,1900.0,2376100.0
769,2021-10-20 07:13:36,21150.0,600.0,2374200.0
770,2021-10-20 07:13:25,21150.0,4000.0,2373600.0
771,2021-10-20 07:12:58,21200.0,100.0,2369600.0
772,2021-10-20 07:12:26,21150.0,5000.0,2369500.0
773,2021-10-20 07:12:26,21150.0,100.0,2364500.0
774,2021-10-20 07:12:26,21150.0,200.0,2364400.0
775,2021-10-20 07:12:26,21150.0,500.0,2364200.0
776,2021-10-20 07:12:26,21150.0,2000.0,2363700.0
777,2021-10-20 07:12:26,21150.0,2000.0,2361700.0
778,2021-10-20 07:12:26,21150.0,200.0,2359700.0
779,2021-10-20 07:12:13,21150.0,3000.0,2359500.0
780,2021-10-20 07:12:03,21150.0,1800.0,2356500.0
781,2021-10-20 07:12:03,21150.0,700.0,2354700.0
782,2021-10-20 07:11:51,21150.0,9300.0,2354000.0
783,2021-10-20 07:11:51,21150.0,200.0,2344700.0
784,2021-10-20 07:11:12,21200.0,100.0,2344500.0
785,2021-10-20 07:11:08,21200.0,2500.0,2344400.0
786,2021-10-20 07:11:04,21200.0,400.0,2341900.0
787,2021-10-20 07:11:04,21200.0,1600.0,2341500.0
788,2021-10-20 07:10:55,21200.0,400.0,2339900.0
789,2021-10-20 07:10:50,21200.0,15000.0,2339500.0
790,2021-10-20 07:10:42,21200.0,100.0,2324500.0
791,2021-10-20 07:10:39,21200.0,800.0,2324400.0
792,2021-10-20 07:10:30,21200.0,5000.0,2323600.0
793,2021-10-20 07:10:30,21200.0,3000.0,2318600.0
794,2021-10-20 07:10:30,21200.0,200.0,2315600.0
795,2021-10-20 07:10:30,21200.0,900.0,2315400.0
796,2021-10-20 07:10:14,21200.0,500.0,2314500.0
797,2021-10-20 07:10:14,21200.0,100.0,2314000.0
798,2021-10-20 07:10:14,21200.0,4400.0,2313900.0
799,2021-10-20 07:09:39,21200.0,200.0,2309500.0
800,2021-10-20 07:09:31,21200.0,200.0,2309300.0
801,2021-10-20 07:09:31,21200.0,500.0,2309100.0
802,2021-10-20 07:09:31,21200.0,100.0,2308600.0
803,2021-10-20 07:09:31,21200.0,200.0,2308500.0
804,2021-10-20 07:09:31,21200.0,500.0,2308300.0
805,2021-10-20 07:09:31,21200.0,100.0,2307800.0
806,2021-10-20 07:09:31,21200.0,100.0,2307700.0
807,2021-10-20 07:09:31,21200.0,200.0,2307600.0
808,2021-10-20 07:09:31,21200.0,1000.0,2307400.0
809,2021-10-20 07:09:31,21200.0,1000.0,2306400.0
810,2021-10-20 07:09:31,21200.0,11500.0,2305400.0
811,2021-10-20 07:09:19,21200.0,3900.0,2293900.0
812,2021-10-20 07:08:04,21200.0,2000.0,2290000.0
813,2021-10-20 07:07:58,21250.0,200.0,2288000.0
814,2021-10-20 07:07:57,21250.0,1000.0,2287800.0
815,2021-10-20 07:07:43,21200.0,5000.0,2286800.0
816,2021-10-20 07:07:39,21200.0,500.0,2281800.0
817,2021-10-20 07:07:09,21200.0,1000.0,2281300.0
818,2021-10-20 07:06:47,21200.0,3200.0,2280300.0
819,2021-10-20 07:06:15,21200.0,2900.0,2277100.0
820,2021-10-20 07:06:15,21200.0,100.0,2274200.0
821,2021-10-20 07:06:15,21200.0,100.0,2274100.0
822,2021-10-20 07:06:15,21200.0,900.0,2274000.0
823,2021-10-20 07:06:09,21200.0,100.0,2273100.0
824,2021-10-20 07:06:09,21200.0,300.0,2273000.0
825,2021-10-20 07:05:58,21200.0,700.0,2272700.0
826,2021-10-20 07:05:58,21200.0,500.0,2272000.0
827,2021-10-20 07:05:58,21200.0,3800.0,2271500.0
828,2021-10-20 07:05:34,21250.0,400.0,2267700.0
829,2021-10-20 07:05:27,21200.0,6200.0,2267300.0
830,2021-10-20 07:05:27,21200.0,900.0,2261100.0
831,2021-10-20 07:05:27,21200.0,200.0,2260200.0
832,2021-10-20 07:05:27,21200.0,2700.0,2260000.0
833,2021-10-20 07:05:21,21200.0,100.0,2257300.0
834,2021-10-20 07:05:20,21250.0,300.0,2257200.0
835,2021-10-20 07:05:11,21200.0,500.0,2256900.0
836,2021-10-20 07:05:00,21200.0,400.0,2256400.0
837,2021-10-20 07:04:19,21250.0,400.0,2256000.0
838,2021-10-20 07:04:19,21250.0,600.0,2255600.0
839,2021-10-20 07:04:18,21200.0,1300.0,2255000.0
840,2021-10-20 07:04:18,21200.0,1900.0,2253700.0
841,2021-10-20 07:04:18,21200.0,1000.0,2251800.0
842,2021-10-20 07:04:18,21200.0,200.0,2250800.0
843,2021-10-20 07:04:18,21200.0,1000.0,2250600.0
844,2021-10-20 07:04:18,21200.0,2000.0,2249600.0
845,2021-10-20 07:04:18,21200.0,17600.0,2247600.0
846,2021-10-20 07:04:16,21200.0,100.0,2230000.0
847,2021-10-20 07:03:58,21200.0,10000.0,2229900.0
848,2021-10-20 07:03:51,21250.0,100.0,2219900.0
849,2021-10-20 07:03:38,21200.0,1000.0,2219800.0
850,2021-10-20 07:03:14,21200.0,1300.0,2218800.0
851,2021-10-20 07:03:14,21200.0,800.0,2217500.0
852,2021-10-20 07:03:14,21200.0,100.0,2216700.0
853,2021-10-20 07:03:14,21200.0,5000.0,2216600.0
854,2021-10-20 07:03:14,21200.0,2600.0,2211600.0
855,2021-10-20 07:03:04,21200.0,500.0,2209000.0
856,2021-10-20 07:02:24,21200.0,500.0,2208500.0
857,2021-10-20 07:02:00,21200.0,1400.0,2208000.0
858,2021-10-20 07:02:00,21200.0,10600.0,2206600.0
859,2021-10-20 07:01:59,21200.0,2000.0,2196000.0
860,2021-10-20 07:01:59,21200.0,500.0,2194000.0
861,2021-10-20 07:01:54,21200.0,1000.0,2193500.0
862,2021-10-20 07:01:44,21200.0,500.0,2192500.0
863,2021-10-20 07:01:38,21200.0,2000.0,2192000.0
864,2021-10-20 07:01:33,21250.0,100.0,2190000.0
865,2021-10-20 07:00:37,21200.0,3000.0,2189900.0
866,2021-10-20 07:00:25,21200.0,1000.0,2186900.0
867,2021-10-20 06:59:51,21250.0,200.0,2185900.0
868,2021-10-20 06:59:43,21200.0,200.0,2185700.0
869,2021-10-20 06:59:40,21200.0,1800.0,2185500.0
870,2021-10-20 06:59:40,21200.0,100.0,2183700.0
871,2021-10-20 06:59:40,21200.0,100.0,2183600.0
872,2021-10-20 06:59:40,21200.0,800.0,2183500.0
873,2021-10-20 06:59:12,21250.0,100.0,2182700.0
874,2021-10-20 06:59:08,21200.0,1000.0,2182600.0
875,2021-10-20 06:59:02,21250.0,900.0,2181600.0
876,2021-10-20 06:59:02,21250.0,600.0,2180700.0
877,2021-10-20 06:58:30,21200.0,1100.0,2180100.0
878,2021-10-20 06:58:30,21200.0,1000.0,2179000.0
879,2021-10-20 06:58:30,21200.0,1100.0,2178000.0
880,2021-10-20 06:57:26,21250.0,300.0,2176900.0
881,2021-10-20 06:56:57,21200.0,100.0,2176600.0
882,2021-10-20 06:56:55,21200.0,500.0,2176500.0
883,2021-10-20 06:56:51,21200.0,3300.0,2176000.0
884,2021-10-20 06:56:50,21200.0,100.0,2172700.0
885,2021-10-20 06:56:50,21200.0,3900.0,2172600.0
886,2021-10-20 06:56:32,21200.0,1000.0,2168700.0
887,2021-10-20 06:56:25,21200.0,100.0,2167700.0
888,2021-10-20 06:56:24,21200.0,700.0,2167600.0
889,2021-10-20 06:55:54,21200.0,300.0,2166900.0
890,2021-10-20 06:55:54,21200.0,2500.0,2166600.0
891,2021-10-20 06:55:52,21200.0,7500.0,2164100.0
892,2021-10-20 06:55:52,21200.0,2500.0,2156600.0
893,2021-10-20 06:55:30,21250.0,100.0,2154100.0
894,2021-10-20 06:55:30,21250.0,1100.0,2154000.0
895,2021-10-20 06:55:27,21200.0,2800.0,2152900.0
896,2021-10-20 06:55:24,21250.0,200.0,2150100.0
897,2021-10-20 06:55:18,21200.0,1400.0,2149900.0
898,2021-10-20 06:55:16,21200.0,200.0,2148500.0
899,2021-10-20 06:55:16,21200.0,1000.0,2148300.0
900,2021-10-20 06:55:16,21200.0,400.0,2147300.0
901,2021-10-20 06:55:16,21200.0,1700.0,2146900.0
902,2021-10-20 06:55:00,21150.0,1800.0,2145200.0
903,2021-10-20 06:55:00,21150.0,200.0,2143400.0
904,2021-10-20 06:54:31,21200.0,200.0,2143200.0
905,2021-10-20 06:54:31,21200.0,4100.0,2143000.0
906,2021-10-20 06:54:27,21200.0,900.0,2138900.0
907,2021-10-20 06:54:27,21200.0,1000.0,2138000.0
908,2021-10-20 06:54:27,21200.0,1400.0,2137000.0
909,2021-10-20 06:54:27,21200.0,1000.0,2135600.0
910,2021-10-20 06:54:27,21200.0,700.0,2134600.0
911,2021-10-20 06:54:17,21200.0,1300.0,2133900.0
912,2021-10-20 06:54:17,21200.0,800.0,2132600.0
913,2021-10-20 06:54:17,21200.0,100.0,2131800.0
914,2021-10-20 06:54:17,21200.0,1000.0,2131700.0
915,2021-10-20 06:54:17,21200.0,500.0,2130700.0
916,2021-10-20 06:54:17,21200.0,1300.0,2130200.0
917,2021-10-20 06:54:13,21200.0,200.0,2128900.0
918,2021-10-20 06:54:10,21200.0,1600.0,2128700.0
919,2021-10-20 06:54:10,21200.0,5000.0,2127100.0
920,2021-10-20 06:53:52,21200.0,1100.0,2122100.0
921,2021-10-20 06:53:52,21200.0,3900.0,2121000.0
922,2021-10-20 06:53:31,21200.0,1000.0,2117100.0
923,2021-10-20 06:53:30,21250.0,300.0,2116100.0
924,2021-10-20 06:53:14,21200.0,300.0,2115800.0
925,2021-10-20 06:53:10,21200.0,1400.0,2115500.0
926,2021-10-20 06:53:00,21200.0,100.0,2114100.0
927,2021-10-20 06:52:30,21200.0,100.0,2114000.0
928,2021-10-20 06:52:29,21200.0,400.0,2113900.0
929,2021-10-20 06:52:28,21200.0,2800.0,2113500.0
930,2021-10-20 06:52:28,21200.0,100.0,2110700.0
931,2021-10-20 06:52:28,21200.0,100.0,2110600.0
932,2021-10-20 06:52:28,21200.0,100.0,2110500.0
933,2021-10-20 06:52:28,21200.0,300.0,2110400.0
934,2021-10-20 06:52:28,21200.0,1000.0,2110100.0
935,2021-10-20 06:52:28,21200.0,600.0,2109100.0
936,2021-10-20 06:52:10,21200.0,5000.0,2108500.0
937,2021-10-20 06:51:50,21200.0,3000.0,2103500.0
938,2021-10-20 06:51:49,21200.0,1000.0,2100500.0
939,2021-10-20 06:51:34,21200.0,400.0,2099500.0
940,2021-10-20 06:51:34,21200.0,500.0,2099100.0
941,2021-10-20 06:51:34,21200.0,100.0,2098600.0
942,2021-10-20 06:51:24,21200.0,300.0,2098500.0
943,2021-10-20 06:51:23,21250.0,300.0,2098200.0
944,2021-10-20 06:51:11,21200.0,8000.0,2097900.0
945,2021-10-20 06:51:01,21250.0,200.0,2089900.0
946,2021-10-20 06:50:51,21200.0,1000.0,2089700.0
947,2021-10-20 06:50:36,21250.0,1000.0,2088700.0
948,2021-10-20 06:50:13,21250.0,500.0,2087700.0
949,2021-10-20 06:49:54,21200.0,600.0,2087200.0
950,2021-10-20 06:49:54,21200.0,1400.0,2086600.0
951,2021-10-20 06:49:51,21250.0,100.0,2085200.0
952,2021-10-20 06:49:48,21200.0,3600.0,2085100.0
953,2021-10-20 06:49:48,21200.0,2400.0,2081500.0
954,2021-10-20 06:49:33,21200.0,2500.0,2079100.0
955,2021-10-20 06:49:07,21200.0,1000.0,2076600.0
956,2021-10-20 06:48:07,21250.0,200.0,2075600.0
957,2021-10-20 06:48:05,21200.0,2000.0,2075400.0
958,2021-10-20 06:47:52,21200.0,300.0,2073400.0
959,2021-10-20 06:46:55,21250.0,1100.0,2073100.0
960,2021-10-20 06:46:41,21200.0,100.0,2072000.0
961,2021-10-20 06:45:48,21250.0,1000.0,2071900.0
962,2021-10-20 06:45:12,21250.0,1000.0,2070900.0
963,2021-10-20 06:45:12,21250.0,1000.0,2069900.0
964,2021-10-20 06:44:53,21200.0,500.0,2068900.0
965,2021-10-20 06:44:53,21250.0,900.0,2068400.0
966,2021-10-20 06:44:53,21250.0,1000.0,2067500.0
967,2021-10-20 06:44:53,21250.0,700.0,2066500.0
968,2021-10-20 06:44:33,21200.0,800.0,2065800.0
969,2021-10-20 06:44:33,21200.0,1000.0,2065000.0
970,2021-10-20 06:44:33,21200.0,4400.0,2064000.0
971,2021-10-20 06:43:24,21200.0,600.0,2059600.0
972,2021-10-20 06:43:20,21200.0,100.0,2059000.0
973,2021-10-20 06:43:20,21200.0,1300.0,2058900.0
974,2021-10-20 06:43:04,21200.0,1900.0,2057600.0
975,2021-10-20 06:42:56,21200.0,100.0,2055700.0
976,2021-10-20 06:42:56,21200.0,25300.0,2055600.0
977,2021-10-20 06:42:33,21200.0,4000.0,2030300.0
978,2021-10-20 06:42:33,21200.0,700.0,2026300.0
979,2021-10-20 06:42:32,21200.0,1300.0,2025600.0
980,2021-10-20 06:42:32,21200.0,200.0,2024300.0
981,2021-10-20 06:42:32,21200.0,1500.0,2024100.0
982,2021-10-20 06:42:13,21200.0,100.0,2022600.0
983,2021-10-20 06:42:12,21150.0,800.0,2022500.0
984,2021-10-20 06:42:12,21150.0,200.0,2021700.0
985,2021-10-20 06:41:55,21200.0,200.0,2021500.0
986,2021-10-20 06:41:49,21200.0,100.0,2021300.0
987,2021-10-20 06:41:49,21200.0,1100.0,2021200.0
988,2021-10-20 06:41:42,21200.0,900.0,2020100.0
989,2021-10-20 06:41:42,21200.0,200.0,2019200.0
990,2021-10-20 06:41:42,21200.0,700.0,2019000.0
991,2021-10-20 06:41:42,21200.0,100.0,2018300.0
992,2021-10-20 06:41:42,21200.0,500.0,2018200.0
993,2021-10-20 06:41:42,21200.0,200.0,2017700.0
994,2021-10-20 06:41:42,21200.0,5400.0,2017500.0
995,2021-10-20 06:41:42,21200.0,700.0,2012100.0
996,2021-10-20 06:41:32,21200.0,9000.0,2011400.0
997,2021-10-20 06:41:10,21200.0,300.0,2002400.0
998,2021-10-20 06:40:02,21200.0,500.0,2002100.0
999,2021-10-20 06:39:57,21250.0,100.0,2001600.0
1000,2021-10-20 06:39:22,21200.0,1000.0,2001500.0
1001,2021-10-20 06:39:13,21250.0,2200.0,2000500.0
1002,2021-10-20 06:39:13,21250.0,800.0,1998300.0
1003,2021-10-20 06:39:13,21250.0,200.0,1997500.0
1004,2021-10-20 06:39:04,21250.0,1500.0,1997300.0
1005,2021-10-20 06:39:04,21250.0,100.0,1995800.0
1006,2021-10-20 06:39:04,21250.0,1200.0,1995700.0
1007,2021-10-20 06:38:47,21250.0,500.0,1994500.0
1008,2021-10-20 06:38:03,21250.0,300.0,1994000.0
1009,2021-10-20 06:38:00,21250.0,3000.0,1993700.0
1010,2021-10-20 06:37:57,21250.0,1000.0,1990700.0
1011,2021-10-20 06:37:54,21250.0,1000.0,1989700.0
1012,2021-10-20 06:37:49,21250.0,4000.0,1988700.0
1013,2021-10-20 06:37:44,21250.0,3000.0,1984700.0
1014,2021-10-20 06:37:41,21250.0,100.0,1981700.0
1015,2021-10-20 06:37:39,21250.0,5900.0,1981600.0
1016,2021-10-20 06:37:39,21250.0,100.0,1975700.0
1017,2021-10-20 06:37:04,21250.0,100.0,1975600.0
1018,2021-10-20 06:37:04,21250.0,100.0,1975500.0
1019,2021-10-20 06:37:03,21250.0,1700.0,1975400.0
1020,2021-10-20 06:37:03,21250.0,1400.0,1973700.0
1021,2021-10-20 06:36:44,21250.0,1500.0,1972300.0
1022,2021-10-20 06:36:07,21300.0,300.0,1970800.0
1023,2021-10-20 06:36:07,21300.0,1200.0,1970500.0
1024,2021-10-20 06:35:57,21250.0,5000.0,1969300.0
1025,2021-10-20 06:35:45,21250.0,500.0,1964300.0
1026,2021-10-20 06:35:45,21250.0,1100.0,1963800.0
1027,2021-10-20 06:35:45,21250.0,5000.0,1962700.0
1028,2021-10-20 06:35:45,21250.0,100.0,1957700.0
1029,2021-10-20 06:35:45,21250.0,100.0,1957600.0
1030,2021-10-20 06:35:45,21250.0,3300.0,1957500.0
1031,2021-10-20 06:35:45,21250.0,500.0,1954200.0
1032,2021-10-20 06:35:45,21250.0,500.0,1953700.0
1033,2021-10-20 06:35:45,21250.0,100.0,1953200.0
1034,2021-10-20 06:35:45,21250.0,100.0,1953100.0
1035,2021-10-20 06:35:45,21250.0,300.0,1953000.0
1036,2021-10-20 06:35:45,21250.0,1000.0,1952700.0
1037,2021-10-20 06:35:45,21250.0,500.0,1951700.0
1038,2021-10-20 06:35:45,21250.0,100.0,1951200.0
1039,2021-10-20 06:35:45,21250.0,700.0,1951100.0
1040,2021-10-20 06:35:45,21250.0,300.0,1950400.0
1041,2021-10-20 06:35:45,21250.0,500.0,1950100.0
1042,2021-10-20 06:35:45,21250.0,2000.0,1949600.0
1043,2021-10-20 06:35:45,21250.0,400.0,1947600.0
1044,2021-10-20 06:35:38,21250.0,600.0,1947200.0
1045,2021-10-20 06:35:38,21250.0,400.0,1946600.0
1046,2021-10-20 06:35:08,21250.0,300.0,1946200.0
1047,2021-10-20 06:35:08,21250.0,2000.0,1945900.0
1048,2021-10-20 06:35:08,21250.0,1000.0,1943900.0
1049,2021-10-20 06:35:08,21250.0,100.0,1942900.0
1050,2021-10-20 06:35:08,21250.0,100.0,1942800.0
1051,2021-10-20 06:34:47,21200.0,1000.0,1942700.0
1052,2021-10-20 06:34:47,21200.0,2000.0,1941700.0
1053,2021-10-20 06:34:47,21200.0,8000.0,1939700.0
1054,2021-10-20 06:34:47,21200.0,1100.0,1931700.0
1055,2021-10-20 06:34:47,21200.0,100.0,1930600.0
1056,2021-10-20 06:34:47,21200.0,5000.0,1930500.0
1057,2021-10-20 06:34:47,21200.0,5900.0,1925500.0
1058,2021-10-20 06:34:42,21150.0,1000.0,1919600.0
1059,2021-10-20 06:34:15,21150.0,5000.0,1918600.0
1060,2021-10-20 06:34:15,21150.0,300.0,1913600.0
1061,2021-10-20 06:34:15,21150.0,100.0,1913300.0
1062,2021-10-20 06:34:15,21150.0,200.0,1913200.0
1063,2021-10-20 06:34:15,21150.0,7100.0,1913000.0
1064,2021-10-20 06:34:15,21150.0,100.0,1905900.0
1065,2021-10-20 06:34:15,21150.0,500.0,1905800.0
1066,2021-10-20 06:34:15,21150.0,300.0,1905300.0
1067,2021-10-20 06:34:15,21150.0,1000.0,1905000.0
1068,2021-10-20 06:34:15,21150.0,500.0,1904000.0
1069,2021-10-20 06:34:15,21150.0,300.0,1903500.0
1070,2021-10-20 06:34:15,21150.0,1700.0,1903200.0
1071,2021-10-20 06:34:15,21150.0,2900.0,1901500.0
1072,2021-10-20 06:33:06,21150.0,400.0,1898600.0
1073,2021-10-20 06:32:49,21150.0,100.0,1898200.0
1074,2021-10-20 06:32:37,21150.0,700.0,1898100.0
1075,2021-10-20 06:32:19,21150.0,4100.0,1897400.0
1076,2021-10-20 06:32:03,21150.0,1800.0,1893300.0
1077,2021-10-20 06:32:03,21150.0,1200.0,1891500.0
1078,2021-10-20 06:30:46,21150.0,100.0,1890300.0
1079,2021-10-20 06:30:04,21200.0,200.0,1890200.0
1080,2021-10-20 06:29:57,21150.0,800.0,1890000.0
1081,2021-10-20 06:29:42,21200.0,100.0,1889200.0
1082,2021-10-20 06:29:13,21200.0,500.0,1889100.0
1083,2021-10-20 06:29:04,21200.0,8000.0,1888600.0
1084,2021-10-20 06:28:56,21200.0,1000.0,1880600.0
1085,2021-10-20 06:28:36,21200.0,100.0,1879600.0
1086,2021-10-20 06:28:31,21200.0,5000.0,1879500.0
1087,2021-10-20 06:28:19,21200.0,1000.0,1874500.0
1088,2021-10-20 06:28:19,21200.0,8200.0,1873500.0
1089,2021-10-20 06:27:54,21200.0,1800.0,1865300.0
1090,2021-10-20 06:27:44,21200.0,100.0,1863500.0
1091,2021-10-20 06:27:44,21200.0,200.0,1863400.0
1092,2021-10-20 06:27:44,21200.0,900.0,1863200.0
1093,2021-10-20 06:27:24,21200.0,100.0,1862300.0
1094,2021-10-20 06:27:19,21200.0,4000.0,1862200.0
1095,2021-10-20 06:27:16,21200.0,10000.0,1858200.0
1096,2021-10-20 06:27:12,21200.0,200.0,1848200.0
1097,2021-10-20 06:27:08,21250.0,2600.0,1848000.0
1098,2021-10-20 06:26:49,21200.0,4000.0,1845400.0
1099,2021-10-20 06:26:47,21200.0,800.0,1841400.0
1100,2021-10-20 06:26:25,21200.0,2000.0,1840600.0
1101,2021-10-20 06:26:20,21200.0,4200.0,1838600.0
1102,2021-10-20 06:26:10,21200.0,1500.0,1834400.0
1103,2021-10-20 06:26:10,21200.0,100.0,1832900.0
1104,2021-10-20 06:26:10,21200.0,100.0,1832800.0
1105,2021-10-20 06:26:10,21200.0,4100.0,1832700.0
1106,2021-10-20 06:26:03,21200.0,300.0,1828600.0
1107,2021-10-20 06:25:29,21200.0,100.0,1828300.0
1108,2021-10-20 06:25:29,21200.0,1000.0,1828200.0
1109,2021-10-20 06:25:29,21200.0,4500.0,1827200.0
1110,2021-10-20 06:25:25,21200.0,200.0,1822700.0
1111,2021-10-20 06:24:59,21200.0,2000.0,1822500.0
1112,2021-10-20 06:24:57,21200.0,1700.0,1820500.0
1113,2021-10-20 06:24:41,21200.0,300.0,1818800.0
1114,2021-10-20 06:24:23,21200.0,1300.0,1818500.0
1115,2021-10-20 06:24:23,21200.0,600.0,1817200.0
1116,2021-10-20 06:24:23,21250.0,300.0,1816600.0
1117,2021-10-20 06:24:23,21250.0,1800.0,1816300.0
1118,2021-10-20 06:24:23,21250.0,500.0,1814500.0
1119,2021-10-20 06:24:23,21250.0,300.0,1814000.0
1120,2021-10-20 06:24:23,21250.0,600.0,1813700.0
1121,2021-10-20 06:24:16,21200.0,400.0,1813100.0
1122,2021-10-20 06:24:14,21200.0,1000.0,1812700.0
1123,2021-10-20 06:24:02,21200.0,2000.0,1811700.0
1124,2021-10-20 06:23:32,21200.0,6000.0,1809700.0
1125,2021-10-20 06:23:32,21200.0,1200.0,1803700.0
1126,2021-10-20 06:23:32,21200.0,200.0,1802500.0
1127,2021-10-20 06:23:32,21200.0,100.0,1802300.0
1128,2021-10-20 06:22:55,21250.0,300.0,1802200.0
1129,2021-10-20 06:22:53,21200.0,100.0,1801900.0
1130,2021-10-20 06:21:36,21250.0,500.0,1801800.0
1131,2021-10-20 06:21:36,21200.0,2000.0,1801300.0
1132,2021-10-20 06:21:13,21200.0,6000.0,1799300.0
1133,2021-10-20 06:21:13,21200.0,5000.0,1793300.0
1134,2021-10-20 06:21:13,21200.0,9000.0,1788300.0
1135,2021-10-20 06:20:50,21200.0,1000.0,1779300.0
1136,2021-10-20 06:20:25,21200.0,100.0,1778300.0
1137,2021-10-20 06:20:25,21200.0,1500.0,1778200.0
1138,2021-10-20 06:20:08,21200.0,300.0,1776700.0
1139,2021-10-20 06:19:56,21200.0,200.0,1776400.0
1140,2021-10-20 06:19:32,21200.0,4300.0,1776200.0
1141,2021-10-20 06:19:32,21200.0,300.0,1771900.0
1142,2021-10-20 06:19:32,21200.0,1000.0,1771600.0
1143,2021-10-20 06:19:32,21200.0,2400.0,1770600.0
1144,2021-10-20 06:19:14,21200.0,1000.0,1768200.0
1145,2021-10-20 06:19:12,21200.0,1500.0,1767200.0
1146,2021-10-20 06:19:10,21200.0,1600.0,1765700.0
1147,2021-10-20 06:19:09,21200.0,200.0,1764100.0
1148,2021-10-20 06:19:06,21200.0,200.0,1763900.0
1149,2021-10-20 06:18:58,21200.0,2000.0,1763700.0
1150,2021-10-20 06:18:49,21200.0,1000.0,1761700.0
1151,2021-10-20 06:18:45,21200.0,100.0,1760700.0
1152,2021-10-20 06:18:43,21200.0,2000.0,1760600.0
1153,2021-10-20 06:18:40,21200.0,500.0,1758600.0
1154,2021-10-20 06:18:21,21200.0,1000.0,1758100.0
1155,2021-10-20 06:18:20,21200.0,100.0,1757100.0
1156,2021-10-20 06:17:35,21200.0,2000.0,1757000.0
1157,2021-10-20 06:17:30,21200.0,700.0,1755000.0
1158,2021-10-20 06:17:07,21200.0,2000.0,1754300.0
1159,2021-10-20 06:17:07,21200.0,700.0,1752300.0
1160,2021-10-20 06:17:02,21150.0,500.0,1751600.0
1161,2021-10-20 06:16:37,21200.0,100.0,1751100.0
1162,2021-10-20 06:16:13,21200.0,1200.0,1751000.0
1163,2021-10-20 06:16:13,21200.0,13800.0,1749800.0
1164,2021-10-20 06:14:16,21150.0,500.0,1736000.0
1165,2021-10-20 06:14:11,21150.0,100.0,1735500.0
1166,2021-10-20 06:13:56,21150.0,100.0,1735400.0
1167,2021-10-20 06:13:56,21150.0,200.0,1735300.0
1168,2021-10-20 06:13:56,21150.0,700.0,1735100.0
1169,2021-10-20 06:13:51,21200.0,900.0,1734400.0
1170,2021-10-20 06:13:28,21200.0,1400.0,1733500.0
1171,2021-10-20 06:13:03,21150.0,1100.0,1732100.0
1172,2021-10-20 06:13:03,21150.0,400.0,1731000.0
1173,2021-10-20 06:13:03,21150.0,200.0,1730600.0
1174,2021-10-20 06:13:03,21150.0,100.0,1730400.0
1175,2021-10-20 06:13:03,21150.0,2000.0,1730300.0
1176,2021-10-20 06:13:03,21150.0,100.0,1728300.0
1177,2021-10-20 06:12:48,21200.0,1000.0,1728200.0
1178,2021-10-20 06:12:45,21200.0,700.0,1727200.0
1179,2021-10-20 06:12:45,21200.0,100.0,1726500.0
1180,2021-10-20 06:12:29,21200.0,500.0,1726400.0
1181,2021-10-20 06:10:54,21200.0,500.0,1725900.0
1182,2021-10-20 06:10:29,21200.0,100.0,1725400.0
1183,2021-10-20 06:10:15,21200.0,900.0,1725300.0
1184,2021-10-20 06:10:15,21200.0,1000.0,1724400.0
1185,2021-10-20 06:07:44,21250.0,3000.0,1723400.0
1186,2021-10-20 06:07:42,21250.0,1000.0,1720400.0
1187,2021-10-20 06:07:01,21250.0,5000.0,1719400.0
1188,2021-10-20 06:06:25,21250.0,5000.0,1714400.0
1189,2021-10-20 06:06:15,21250.0,3200.0,1709400.0
1190,2021-10-20 06:06:02,21250.0,3500.0,1706200.0
1191,2021-10-20 06:05:45,21250.0,1000.0,1702700.0
1192,2021-10-20 06:05:10,21100.0,3500.0,1701700.0
1193,2021-10-20 06:05:10,21100.0,5000.0,1698200.0
1194,2021-10-20 06:05:10,21100.0,100.0,1693200.0
1195,2021-10-20 06:05:10,21100.0,1900.0,1693100.0
1196,2021-10-20 06:05:10,21100.0,1500.0,1691200.0
1197,2021-10-20 06:05:10,21100.0,100.0,1689700.0
1198,2021-10-20 06:05:10,21100.0,100.0,1689600.0
1199,2021-10-20 06:05:10,21100.0,5000.0,1689500.0
1200,2021-10-20 06:05:10,21100.0,39900.0,1684500.0
1201,2021-10-20 06:05:10,21100.0,200.0,1644600.0
1202,2021-10-20 06:05:10,21100.0,1000.0,1644400.0
1203,2021-10-20 06:05:10,21100.0,1000.0,1643400.0
1204,2021-10-20 06:05:10,21100.0,300.0,1642400.0
1205,2021-10-20 06:05:10,21100.0,100.0,1642100.0
1206,2021-10-20 06:05:10,21100.0,400.0,1642000.0
1207,2021-10-20 06:05:10,21100.0,400.0,1641600.0
1208,2021-10-20 06:05:10,21100.0,500.0,1641200.0
1209,2021-10-20 06:05:10,21100.0,5000.0,1640700.0
1210,2021-10-20 06:05:10,21100.0,200.0,1635700.0
1211,2021-10-20 06:05:10,21100.0,100.0,1635500.0
1212,2021-10-20 06:05:10,21100.0,1000.0,1635400.0
1213,2021-10-20 06:05:10,21100.0,800.0,1634400.0
1214,2021-10-20 06:05:10,21100.0,1000.0,1633600.0
1215,2021-10-20 06:05:10,21100.0,300.0,1632600.0
1216,2021-10-20 06:05:10,21100.0,10000.0,1632300.0
1217,2021-10-20 06:05:10,21100.0,2500.0,1622300.0
1218,2021-10-20 06:05:10,21100.0,15000.0,1619800.0
1219,2021-10-20 06:05:10,21100.0,1000.0,1604800.0
1220,2021-10-20 06:05:10,21100.0,100.0,1603800.0
1221,2021-10-20 06:05:10,21100.0,1400.0,1603700.0
1222,2021-10-20 06:05:10,21150.0,1000.0,1602300.0
1223,2021-10-20 06:05:10,21150.0,2300.0,1601300.0
1224,2021-10-20 06:05:10,21150.0,400.0,1599000.0
1225,2021-10-20 06:05:10,21150.0,500.0,1598600.0
1226,2021-10-20 06:05:10,21150.0,5000.0,1598100.0
1227,2021-10-20 06:05:10,21200.0,2000.0,1593100.0
1228,2021-10-20 06:05:10,21200.0,2000.0,1591100.0
1229,2021-10-20 06:05:10,21200.0,3000.0,1589100.0
1230,2021-10-20 06:05:10,21200.0,5000.0,1586100.0
1231,2021-10-20 06:05:10,21200.0,2000.0,1581100.0
1232,2021-10-20 06:05:10,21200.0,300.0,1579100.0
1233,2021-10-20 06:05:10,21200.0,100.0,1578800.0
1234,2021-10-20 06:05:10,21200.0,100.0,1578700.0
1235,2021-10-20 06:05:10,21200.0,200.0,1578600.0
1236,2021-10-20 06:05:10,21200.0,100.0,1578400.0
1237,2021-10-20 06:05:10,21200.0,1600.0,1578300.0
1238,2021-10-20 06:05:10,21200.0,200.0,1576700.0
1239,2021-10-20 06:05:10,21200.0,100.0,1576500.0
1240,2021-10-20 06:05:10,21200.0,100.0,1576400.0
1241,2021-10-20 06:05:10,21200.0,1000.0,1576300.0
1242,2021-10-20 06:05:10,21200.0,100.0,1575300.0
1243,2021-10-20 06:05:10,21200.0,2000.0,1575200.0
1244,2021-10-20 06:05:10,21250.0,1500.0,1573200.0
1245,2021-10-20 06:05:01,21250.0,3500.0,1571700.0
1246,2021-10-20 06:04:49,21250.0,1500.0,1568200.0
1247,2021-10-20 06:04:49,21250.0,2000.0,1566700.0
1248,2021-10-20 06:04:49,21250.0,3700.0,1564700.0
1249,2021-10-20 06:04:49,21250.0,800.0,1561000.0
1250,2021-10-20 06:04:24,21250.0,1500.0,1560200.0
1251,2021-10-20 06:03:46,21250.0,2000.0,1558700.0
1252,2021-10-20 06:03:36,21250.0,5700.0,1556700.0
1253,2021-10-20 06:03:36,21250.0,300.0,1551000.0
1254,2021-10-20 06:02:38,21250.0,200.0,1550700.0
1255,2021-10-20 06:02:38,21250.0,500.0,1550500.0
1256,2021-10-20 06:02:17,21250.0,2500.0,1550000.0
1257,2021-10-20 06:02:17,21250.0,10000.0,1547500.0
1258,2021-10-20 06:02:17,21250.0,7500.0,1537500.0
1259,2021-10-20 06:02:14,21300.0,300.0,1530000.0
1260,2021-10-20 06:02:13,21300.0,2500.0,1529700.0
1261,2021-10-20 06:02:13,21300.0,3000.0,1527200.0
1262,2021-10-20 06:02:13,21300.0,600.0,1524200.0
1263,2021-10-20 06:02:13,21300.0,1800.0,1523600.0
1264,2021-10-20 06:02:13,21300.0,4100.0,1521800.0
1265,2021-10-20 06:01:48,21300.0,100.0,1517700.0
1266,2021-10-20 06:00:57,21300.0,200.0,1517600.0
1267,2021-10-20 06:00:05,21250.0,500.0,1517400.0
1268,2021-10-20 06:00:05,21250.0,200.0,1516900.0
1269,2021-10-20 06:00:04,21250.0,300.0,1516700.0
1270,2021-10-20 06:00:04,21250.0,1500.0,1516400.0
1271,2021-10-20 06:00:02,21200.0,100.0,1514900.0
1272,2021-10-20 06:00:01,21200.0,400.0,1514800.0
1273,2021-10-20 06:00:01,21200.0,1500.0,1514400.0
1274,2021-10-20 06:00:01,21200.0,1000.0,1512900.0
1275,2021-10-20 06:00:00,21300.0,1600.0,1511900.0
1276,2021-10-20 06:00:00,21300.0,600.0,1510300.0
1277,2021-10-20 06:00:00,21250.0,2000.0,1509700.0
1278,2021-10-20 06:00:00,21250.0,1000.0,1507700.0
1279,2021-10-20 06:00:00,21250.0,1000.0,1506700.0
1280,2021-10-20 06:00:00,21250.0,800.0,1505700.0
1281,2021-10-20 06:00:00,21200.0,1000.0,1504900.0
1282,2021-10-20 06:00:00,21200.0,4000.0,1503900.0
1283,2021-10-20 04:29:49,21200.0,100.0,1499900.0
1284,2021-10-20 04:29:49,21200.0,900.0,1499800.0
1285,2021-10-20 04:29:34,21200.0,700.0,1498900.0
1286,2021-10-20 04:29:32,21200.0,300.0,1498200.0
1287,2021-10-20 04:29:22,21200.0,2000.0,1497900.0
1288,2021-10-20 04:28:37,21200.0,100.0,1495900.0
1289,2021-10-20 04:28:26,21200.0,1000.0,1495800.0
1290,2021-10-20 04:28:26,21200.0,1000.0,1494800.0
1291,2021-10-20 04:28:26,21200.0,1500.0,1493800.0
1292,2021-10-20 04:28:26,21200.0,1500.0,1492300.0
1293,2021-10-20 04:28:03,21200.0,100.0,1490800.0
1294,2021-10-20 04:27:45,21200.0,3400.0,1490700.0
1295,2021-10-20 04:26:55,21200.0,1000.0,1487300.0
1296,2021-10-20 04:26:49,21200.0,200.0,1486300.0
1297,2021-10-20 04:26:35,21200.0,10000.0,1486100.0
1298,2021-10-20 04:26:20,21200.0,1000.0,1476100.0
1299,2021-10-20 04:25:21,21100.0,100.0,1475100.0
1300,2021-10-20 04:25:11,21200.0,200.0,1475000.0
1301,2021-10-20 04:24:52,21200.0,100.0,1474800.0
1302,2021-10-20 04:22:10,21200.0,100.0,1474700.0
1303,2021-10-20 04:22:10,21200.0,100.0,1474600.0
1304,2021-10-20 04:21:51,21100.0,100.0,1474500.0
1305,2021-10-20 04:21:51,21100.0,3400.0,1474400.0
1306,2021-10-20 04:21:46,21100.0,1400.0,1471000.0
1307,2021-10-20 04:21:46,21100.0,6000.0,1469600.0
1308,2021-10-20 04:21:46,21100.0,5000.0,1463600.0
1309,2021-10-20 04:21:46,21100.0,7600.0,1458600.0
1310,2021-10-20 04:21:45,21100.0,3000.0,1451000.0
1311,2021-10-20 04:21:38,21100.0,100.0,1448000.0
1312,2021-10-20 04:21:34,21100.0,100.0,1447900.0
1313,2021-10-20 04:21:27,21100.0,500.0,1447800.0
1314,2021-10-20 04:21:27,21100.0,500.0,1447300.0
1315,2021-10-20 04:21:21,21100.0,2500.0,1446800.0
1316,2021-10-20 04:21:01,21100.0,100.0,1444300.0
1317,2021-10-20 04:20:56,21100.0,1000.0,1444200.0
1318,2021-10-20 04:20:55,21100.0,22000.0,1443200.0
1319,2021-10-20 04:20:44,21100.0,500.0,1421200.0
1320,2021-10-20 04:20:44,21100.0,300.0,1420700.0
1321,2021-10-20 04:20:39,21100.0,200.0,1420400.0
1322,2021-10-20 04:20:19,21100.0,1000.0,1420200.0
1323,2021-10-20 04:19:56,21050.0,1600.0,1419200.0
1324,2021-10-20 04:19:56,21050.0,100.0,1417600.0
1325,2021-10-20 04:19:56,21050.0,1300.0,1417500.0
1326,2021-10-20 04:19:55,21100.0,1000.0,1416200.0
1327,2021-10-20 04:19:39,21050.0,700.0,1415200.0
1328,2021-10-20 04:19:39,21050.0,6300.0,1414500.0
1329,2021-10-20 04:19:26,21100.0,2500.0,1408200.0
1330,2021-10-20 04:19:23,21050.0,3000.0,1405700.0
1331,2021-10-20 04:19:07,21050.0,700.0,1402700.0
1332,2021-10-20 04:19:07,21050.0,900.0,1402000.0
1333,2021-10-20 04:18:49,21050.0,1000.0,1401100.0
1334,2021-10-20 04:18:48,21100.0,2000.0,1400100.0
1335,2021-10-20 04:18:48,21100.0,500.0,1398100.0
1336,2021-10-20 04:18:48,21100.0,200.0,1397600.0
1337,2021-10-20 04:18:48,21100.0,1000.0,1397400.0
1338,2021-10-20 04:18:48,21100.0,100.0,1396400.0
1339,2021-10-20 04:18:48,21100.0,100.0,1396300.0
1340,2021-10-20 04:18:48,21100.0,100.0,1396200.0
1341,2021-10-20 04:18:48,21100.0,200.0,1396100.0
1342,2021-10-20 04:18:48,21100.0,300.0,1395900.0
1343,2021-10-20 04:18:48,21100.0,1000.0,1395600.0
1344,2021-10-20 04:18:48,21100.0,4000.0,1394600.0
1345,2021-10-20 04:18:48,21100.0,3600.0,1390600.0
1346,2021-10-20 04:18:48,21100.0,200.0,1387000.0
1347,2021-10-20 04:18:48,21100.0,200.0,1386800.0
1348,2021-10-20 04:18:48,21100.0,100.0,1386600.0
1349,2021-10-20 04:18:48,21100.0,1100.0,1386500.0
1350,2021-10-20 04:18:48,21100.0,200.0,1385400.0
1351,2021-10-20 04:18:48,21100.0,100.0,1385200.0
1352,2021-10-20 04:18:48,21100.0,200.0,1385100.0
1353,2021-10-20 04:18:48,21100.0,100.0,1384900.0
1354,2021-10-20 04:18:48,21100.0,1000.0,1384800.0
1355,2021-10-20 04:18:48,21100.0,500.0,1383800.0
1356,2021-10-20 04:18:48,21100.0,100.0,1383300.0
1357,2021-10-20 04:18:48,21100.0,1200.0,1383200.0
1358,2021-10-20 04:18:48,21100.0,5000.0,1382000.0
1359,2021-10-20 04:18:48,21100.0,500.0,1377000.0
1360,2021-10-20 04:18:48,21100.0,100.0,1376500.0
1361,2021-10-20 04:18:48,21100.0,100.0,1376400.0
1362,2021-10-20 04:18:48,21100.0,200.0,1376300.0
1363,2021-10-20 04:18:48,21100.0,1000.0,1376100.0
1364,2021-10-20 04:18:48,21100.0,100.0,1375100.0
1365,2021-10-20 04:18:48,21100.0,200.0,1375000.0
1366,2021-10-20 04:18:48,21100.0,300.0,1374800.0
1367,2021-10-20 04:18:48,21100.0,300.0,1374500.0
1368,2021-10-20 04:18:48,21100.0,100.0,1374200.0
1369,2021-10-20 04:18:48,21100.0,500.0,1374100.0
1370,2021-10-20 04:18:48,21100.0,2000.0,1373600.0
1371,2021-10-20 04:18:48,21100.0,100.0,1371600.0
1372,2021-10-20 04:18:48,21100.0,500.0,1371500.0
1373,2021-10-20 04:18:48,21100.0,500.0,1371000.0
1374,2021-10-20 04:18:48,21100.0,1000.0,1370500.0
1375,2021-10-20 04:18:48,21100.0,100.0,1369500.0
1376,2021-10-20 04:18:48,21100.0,100.0,1369400.0
1377,2021-10-20 04:18:48,21100.0,2000.0,1369300.0
1378,2021-10-20 04:18:48,21100.0,100.0,1367300.0
1379,2021-10-20 04:18:48,21100.0,1000.0,1367200.0
1380,2021-10-20 04:18:48,21100.0,200.0,1366200.0
1381,2021-10-20 04:18:48,21100.0,500.0,1366000.0
1382,2021-10-20 04:18:48,21100.0,100.0,1365500.0
1383,2021-10-20 04:18:48,21100.0,100.0,1365400.0
1384,2021-10-20 04:18:48,21100.0,500.0,1365300.0
1385,2021-10-20 04:18:48,21100.0,100.0,1364800.0
1386,2021-10-20 04:18:48,21100.0,200.0,1364700.0
1387,2021-10-20 04:18:48,21100.0,1000.0,1364500.0
1388,2021-10-20 04:18:48,21100.0,100.0,1363500.0
1389,2021-10-20 04:18:48,21100.0,1000.0,1363400.0
1390,2021-10-20 04:18:48,21100.0,1000.0,1362400.0
1391,2021-10-20 04:18:48,21100.0,500.0,1361400.0
1392,2021-10-20 04:18:48,21100.0,5000.0,1360900.0
1393,2021-10-20 04:18:48,21100.0,10000.0,1355900.0
1394,2021-10-20 04:18:48,21100.0,500.0,1345900.0
1395,2021-10-20 04:18:48,21100.0,20000.0,1345400.0
1396,2021-10-20 04:18:48,21100.0,200.0,1325400.0
1397,2021-10-20 04:18:48,21100.0,4600.0,1325200.0
1398,2021-10-20 04:18:48,21150.0,1000.0,1320600.0
1399,2021-10-20 04:18:48,21150.0,100.0,1319600.0
1400,2021-10-20 04:18:48,21150.0,700.0,1319500.0
1401,2021-10-20 04:18:48,21150.0,200.0,1318800.0
1402,2021-10-20 04:18:48,21150.0,3600.0,1318600.0
1403,2021-10-20 04:18:48,21150.0,100.0,1315000.0
1404,2021-10-20 04:18:48,21150.0,100.0,1314900.0
1405,2021-10-20 04:18:48,21150.0,100.0,1314800.0
1406,2021-10-20 04:18:48,21150.0,100.0,1314700.0
1407,2021-10-20 04:18:48,21150.0,1000.0,1314600.0
1408,2021-10-20 04:18:48,21150.0,100.0,1313600.0
1409,2021-10-20 04:18:48,21150.0,100.0,1313500.0
1410,2021-10-20 04:18:48,21150.0,200.0,1313400.0
1411,2021-10-20 04:18:48,21150.0,10000.0,1313200.0
1412,2021-10-20 04:18:48,21150.0,1000.0,1303200.0
1413,2021-10-20 04:18:48,21150.0,100.0,1302200.0
1414,2021-10-20 04:18:48,21150.0,100.0,1302100.0
1415,2021-10-20 04:18:48,21150.0,300.0,1302000.0
1416,2021-10-20 04:18:48,21150.0,100.0,1301700.0
1417,2021-10-20 04:18:48,21150.0,200.0,1301600.0
1418,2021-10-20 04:18:48,21150.0,500.0,1301400.0
1419,2021-10-20 04:18:48,21150.0,500.0,1300900.0
1420,2021-10-20 04:18:48,21150.0,200.0,1300400.0
1421,2021-10-20 04:18:48,21150.0,100.0,1300200.0
1422,2021-10-20 04:18:48,21150.0,100.0,1300100.0
1423,2021-10-20 04:18:48,21150.0,500.0,1300000.0
1424,2021-10-20 04:18:48,21150.0,200.0,1299500.0
1425,2021-10-20 04:18:48,21150.0,5000.0,1299300.0
1426,2021-10-20 04:18:48,21150.0,10000.0,1294300.0
1427,2021-10-20 04:18:48,21150.0,500.0,1284300.0
1428,2021-10-20 04:18:48,21200.0,200.0,1283800.0
1429,2021-10-20 04:18:48,21200.0,200.0,1283600.0
1430,2021-10-20 04:18:48,21200.0,9400.0,1283400.0
1431,2021-10-20 04:18:48,21200.0,200.0,1274000.0
1432,2021-10-20 04:18:48,21200.0,4800.0,1273800.0
1433,2021-10-20 04:16:26,21200.0,200.0,1269000.0
1434,2021-10-20 04:16:13,21200.0,1000.0,1268800.0
1435,2021-10-20 04:16:11,21200.0,1000.0,1267800.0
1436,2021-10-20 04:16:01,21200.0,1000.0,1266800.0
1437,2021-10-20 04:16:01,21200.0,100.0,1265800.0
1438,2021-10-20 04:16:01,21200.0,15000.0,1265700.0
1439,2021-10-20 04:16:01,21200.0,200.0,1250700.0
1440,2021-10-20 04:16:01,21200.0,3000.0,1250500.0
1441,2021-10-20 04:16:01,21200.0,200.0,1247500.0
1442,2021-10-20 04:16:01,21200.0,600.0,1247300.0
1443,2021-10-20 04:16:01,21200.0,9900.0,1246700.0
1444,2021-10-20 04:15:36,21200.0,10100.0,1236800.0
1445,2021-10-20 04:15:36,21200.0,10000.0,1226700.0
1446,2021-10-20 04:15:36,21200.0,200.0,1216700.0
1447,2021-10-20 04:15:36,21200.0,1000.0,1216500.0
1448,2021-10-20 04:15:36,21200.0,3800.0,1215500.0
1449,2021-10-20 04:15:36,21250.0,200.0,1211700.0
1450,2021-10-20 04:15:36,21250.0,500.0,1211500.0
1451,2021-10-20 04:15:36,21250.0,500.0,1211000.0
1452,2021-10-20 04:13:41,21250.0,2000.0,1210500.0
1453,2021-10-20 04:13:41,21250.0,5000.0,1208500.0
1454,2021-10-20 04:13:41,21250.0,1000.0,1203500.0
1455,2021-10-20 04:13:41,21250.0,200.0,1202500.0
1456,2021-10-20 04:13:41,21250.0,300.0,1202300.0
1457,2021-10-20 04:13:41,21250.0,1000.0,1202000.0
1458,2021-10-20 04:13:12,21200.0,1000.0,1201000.0
1459,2021-10-20 04:13:12,21200.0,100.0,1200000.0
1460,2021-10-20 04:12:52,21200.0,200.0,1199900.0
1461,2021-10-20 04:12:33,21250.0,100.0,1199700.0
1462,2021-10-20 04:12:33,21250.0,100.0,1199600.0
1463,2021-10-20 04:12:16,21200.0,200.0,1199500.0
1464,2021-10-20 04:12:13,21200.0,400.0,1199300.0
1465,2021-10-20 04:12:11,21200.0,1000.0,1198900.0
1466,2021-10-20 04:12:05,21250.0,100.0,1197900.0
1467,2021-10-20 04:12:05,21250.0,100.0,1197800.0
1468,2021-10-20 04:12:05,21250.0,4900.0,1197700.0
1469,2021-10-20 04:12:00,21200.0,300.0,1192800.0
1470,2021-10-20 04:11:27,21200.0,5000.0,1192500.0
1471,2021-10-20 04:11:27,21250.0,5000.0,1187500.0
1472,2021-10-20 04:10:50,21250.0,1200.0,1182500.0
1473,2021-10-20 04:10:17,21250.0,2900.0,1181300.0
1474,2021-10-20 04:09:42,21250.0,100.0,1178400.0
1475,2021-10-20 04:09:35,21200.0,1000.0,1178300.0
1476,2021-10-20 04:09:32,21200.0,2700.0,1177300.0
1477,2021-10-20 04:08:28,21200.0,500.0,1174600.0
1478,2021-10-20 04:07:29,21250.0,100.0,1174100.0
1479,2021-10-20 04:07:00,21200.0,1000.0,1174000.0
1480,2021-10-20 04:06:06,21200.0,800.0,1173000.0
1481,2021-10-20 04:06:06,21200.0,100.0,1172200.0
1482,2021-10-20 04:06:06,21200.0,4100.0,1172100.0
1483,2021-10-20 04:06:04,21200.0,800.0,1168000.0
1484,2021-10-20 04:05:15,21200.0,2000.0,1167200.0
1485,2021-10-20 04:05:06,21200.0,2200.0,1165200.0
1486,2021-10-20 04:05:05,21200.0,900.0,1163000.0
1487,2021-10-20 04:05:05,21200.0,400.0,1162100.0
1488,2021-10-20 04:04:15,21200.0,6200.0,1161700.0
1489,2021-10-20 04:04:04,21200.0,1000.0,1155500.0
1490,2021-10-20 04:04:03,21200.0,1600.0,1154500.0
1491,2021-10-20 04:03:36,21200.0,800.0,1152900.0
1492,2021-10-20 04:03:36,21200.0,1200.0,1152100.0
1493,2021-10-20 04:03:36,21200.0,1000.0,1150900.0
1494,2021-10-20 04:03:36,21200.0,2000.0,1149900.0
1495,2021-10-20 04:02:54,21200.0,1000.0,1147900.0
1496,2021-10-20 04:02:07,21200.0,500.0,1146900.0
1497,2021-10-20 04:01:28,21200.0,400.0,1146400.0
1498,2021-10-20 04:00:43,21200.0,1600.0,1146000.0
1499,2021-10-20 04:00:43,21200.0,400.0,1144400.0
1500,2021-10-20 04:00:32,21200.0,600.0,1144000.0
1501,2021-10-20 04:00:32,21200.0,1000.0,1143400.0
1502,2021-10-20 04:00:32,21200.0,500.0,1142400.0
1503,2021-10-20 04:00:32,21200.0,900.0,1141900.0
1504,2021-10-20 03:59:57,21200.0,500.0,1141000.0
1505,2021-10-20 03:59:57,21200.0,1000.0,1140500.0
1506,2021-10-20 03:59:37,21200.0,2300.0,1139500.0
1507,2021-10-20 03:59:22,21200.0,300.0,1137200.0
1508,2021-10-20 03:59:22,21200.0,200.0,1136900.0
1509,2021-10-20 03:59:19,21200.0,100.0,1136700.0
1510,2021-10-20 03:59:14,21200.0,200.0,1136600.0
1511,2021-10-20 03:59:14,21200.0,1000.0,1136400.0
1512,2021-10-20 03:59:04,21200.0,100.0,1135400.0
1513,2021-10-20 03:58:18,21200.0,300.0,1135300.0
1514,2021-10-20 03:58:18,21200.0,1100.0,1135000.0
1515,2021-10-20 03:58:06,21200.0,1400.0,1133900.0
1516,2021-10-20 03:58:06,21200.0,1000.0,1132500.0
1517,2021-10-20 03:58:06,21200.0,3000.0,1131500.0
1518,2021-10-20 03:58:06,21200.0,200.0,1128500.0
1519,2021-10-20 03:58:06,21200.0,3300.0,1128300.0
1520,2021-10-20 03:58:04,21200.0,2000.0,1125000.0
1521,2021-10-20 03:57:47,21200.0,2000.0,1123000.0
1522,2021-10-20 03:57:30,21200.0,2000.0,1121000.0
1523,2021-10-20 03:57:05,21250.0,300.0,1119000.0
1524,2021-10-20 03:57:05,21200.0,10000.0,1118700.0
1525,2021-10-20 03:57:05,21200.0,300.0,1108700.0
1526,2021-10-20 03:57:05,21200.0,10600.0,1108400.0
1527,2021-10-20 03:57:05,21200.0,29800.0,1097800.0
1528,2021-10-20 03:56:00,21200.0,200.0,1068000.0
1529,2021-10-20 03:56:00,21200.0,300.0,1067800.0
1530,2021-10-20 03:56:00,21200.0,500.0,1067500.0
1531,2021-10-20 03:56:00,21200.0,500.0,1067000.0
1532,2021-10-20 03:55:41,21200.0,500.0,1066500.0
1533,2021-10-20 03:55:41,21200.0,600.0,1066000.0
1534,2021-10-20 03:55:41,21200.0,500.0,1065400.0
1535,2021-10-20 03:55:41,21200.0,10000.0,1064900.0
1536,2021-10-20 03:55:41,21200.0,100.0,1054900.0
1537,2021-10-20 03:55:41,21200.0,4700.0,1054800.0
1538,2021-10-20 03:55:41,21200.0,7700.0,1050100.0
1539,2021-10-20 03:55:41,21200.0,300.0,1042400.0
1540,2021-10-20 03:55:41,21200.0,100.0,1042100.0
1541,2021-10-20 03:55:22,21200.0,500.0,1042000.0
1542,2021-10-20 03:54:30,21200.0,1000.0,1041500.0
1543,2021-10-20 03:53:58,21200.0,700.0,1040500.0
1544,2021-10-20 03:53:58,21200.0,100.0,1039800.0
1545,2021-10-20 03:53:58,21200.0,200.0,1039700.0
1546,2021-10-20 03:53:51,21200.0,100.0,1039500.0
1547,2021-10-20 03:53:48,21200.0,700.0,1039400.0
1548,2021-10-20 03:53:48,21200.0,300.0,1038700.0
1549,2021-10-20 03:52:34,21200.0,300.0,1038400.0
1550,2021-10-20 03:51:58,21200.0,3400.0,1038100.0
1551,2021-10-20 03:51:58,21200.0,100.0,1034700.0
1552,2021-10-20 03:51:58,21200.0,100.0,1034600.0
1553,2021-10-20 03:51:58,21200.0,1000.0,1034500.0
1554,2021-10-20 03:51:58,21200.0,300.0,1033500.0
1555,2021-10-20 03:51:58,21200.0,100.0,1033200.0
1556,2021-10-20 03:49:40,21250.0,600.0,1033100.0
1557,2021-10-20 03:49:15,21250.0,100.0,1032500.0
1558,2021-10-20 03:48:02,21250.0,100.0,1032400.0
1559,2021-10-20 03:48:01,21200.0,200.0,1032300.0
1560,2021-10-20 03:48:01,21200.0,3300.0,1032100.0
1561,2021-10-20 03:48:01,21200.0,400.0,1028800.0
1562,2021-10-20 03:48:01,21200.0,100.0,1028400.0
1563,2021-10-20 03:48:01,21200.0,10000.0,1028300.0
1564,2021-10-20 03:48:01,21200.0,100.0,1018300.0
1565,2021-10-20 03:48:01,21200.0,1000.0,1018200.0
1566,2021-10-20 03:48:01,21200.0,500.0,1017200.0
1567,2021-10-20 03:48:01,21200.0,200.0,1016700.0
1568,2021-10-20 03:48:01,21200.0,15400.0,1016500.0
1569,2021-10-20 03:48:01,21200.0,200.0,1001100.0
1570,2021-10-20 03:48:01,21200.0,5000.0,1000900.0
1571,2021-10-20 03:48:01,21200.0,200.0,995900.0
1572,2021-10-20 03:48:01,21200.0,100.0,995700.0
1573,2021-10-20 03:48:01,21200.0,200.0,995600.0
1574,2021-10-20 03:48:01,21200.0,100.0,995400.0
1575,2021-10-20 03:48:01,21200.0,3000.0,995300.0
1576,2021-10-20 03:48:01,21200.0,300.0,992300.0
1577,2021-10-20 03:48:01,21200.0,200.0,992000.0
1578,2021-10-20 03:48:01,21200.0,5000.0,991800.0
1579,2021-10-20 03:48:01,21200.0,100.0,986800.0
1580,2021-10-20 03:48:01,21200.0,200.0,986700.0
1581,2021-10-20 03:48:01,21200.0,500.0,986500.0
1582,2021-10-20 03:48:01,21200.0,3000.0,986000.0
1583,2021-10-20 03:48:01,21200.0,100.0,983000.0
1584,2021-10-20 03:48:01,21200.0,600.0,982900.0
1585,2021-10-20 03:47:46,21250.0,100.0,982300.0
1586,2021-10-20 03:47:46,21250.0,500.0,982200.0
1587,2021-10-20 03:47:46,21250.0,1000.0,981700.0
1588,2021-10-20 03:47:46,21250.0,1000.0,980700.0
1589,2021-10-20 03:47:46,21250.0,200.0,979700.0
1590,2021-10-20 03:47:46,21250.0,1000.0,979500.0
1591,2021-10-20 03:47:46,21250.0,100.0,978500.0
1592,2021-10-20 03:47:46,21250.0,600.0,978400.0
1593,2021-10-20 03:47:46,21250.0,200.0,977800.0
1594,2021-10-20 03:47:10,21250.0,500.0,977600.0
1595,2021-10-20 03:47:10,21250.0,100.0,977100.0
1596,2021-10-20 03:47:10,21250.0,500.0,977000.0
1597,2021-10-20 03:47:10,21250.0,100.0,976500.0
1598,2021-10-20 03:47:10,21250.0,300.0,976400.0
1599,2021-10-20 03:46:57,21250.0,100.0,976100.0
1600,2021-10-20 03:46:53,21250.0,200.0,976000.0
1601,2021-10-20 03:46:50,21250.0,400.0,975800.0
1602,2021-10-20 03:46:50,21250.0,100.0,975400.0
1603,2021-10-20 03:46:50,21250.0,200.0,975300.0
1604,2021-10-20 03:46:42,21250.0,100.0,975100.0
1605,2021-10-20 03:46:42,21250.0,3000.0,975000.0
1606,2021-10-20 03:46:42,21250.0,10000.0,972000.0
1607,2021-10-20 03:46:42,21250.0,100.0,962000.0
1608,2021-10-20 03:46:42,21250.0,6800.0,961900.0
1609,2021-10-20 03:46:29,21300.0,100.0,955100.0
1610,2021-10-20 03:46:24,21300.0,500.0,955000.0
1611,2021-10-20 03:45:51,21300.0,1000.0,954500.0
1612,2021-10-20 03:45:47,21300.0,1000.0,953500.0
1613,2021-10-20 03:45:19,21300.0,100.0,952500.0
1614,2021-10-20 03:44:23,21300.0,100.0,952400.0
1615,2021-10-20 03:43:48,21300.0,100.0,952300.0
1616,2021-10-20 03:43:48,21300.0,100.0,952200.0
1617,2021-10-20 03:43:48,21300.0,800.0,952100.0
1618,2021-10-20 03:43:22,21250.0,300.0,951300.0
1619,2021-10-20 03:42:38,21250.0,600.0,951000.0
1620,2021-10-20 03:42:36,21300.0,200.0,950400.0
1621,2021-10-20 03:42:36,21300.0,500.0,950200.0
1622,2021-10-20 03:42:36,21300.0,1300.0,949700.0
1623,2021-10-20 03:41:44,21300.0,1300.0,948400.0
1624,2021-10-20 03:41:44,21300.0,1700.0,947100.0
1625,2021-10-20 03:40:44,21300.0,100.0,945400.0
1626,2021-10-20 03:39:48,21250.0,300.0,945300.0
1627,2021-10-20 03:39:10,21250.0,10000.0,945000.0
1628,2021-10-20 03:39:02,21250.0,200.0,935000.0
1629,2021-10-20 03:38:41,21250.0,1000.0,934800.0
1630,2021-10-20 03:38:23,21250.0,100.0,933800.0
1631,2021-10-20 03:38:15,21250.0,100.0,933700.0
1632,2021-10-20 03:37:57,21250.0,200.0,933600.0
1633,2021-10-20 03:37:07,21300.0,200.0,933400.0
1634,2021-10-20 03:37:07,21300.0,300.0,933200.0
1635,2021-10-20 03:36:41,21300.0,700.0,932900.0
1636,2021-10-20 03:36:41,21300.0,1000.0,932200.0
1637,2021-10-20 03:36:41,21300.0,1000.0,931200.0
1638,2021-10-20 03:36:39,21250.0,100.0,930200.0
1639,2021-10-20 03:36:12,21250.0,400.0,930100.0
1640,2021-10-20 03:36:12,21250.0,400.0,929700.0
1641,2021-10-20 03:36:07,21250.0,100.0,929300.0
1642,2021-10-20 03:36:07,21250.0,2600.0,929200.0
1643,2021-10-20 03:36:07,21250.0,300.0,926600.0
1644,2021-10-20 03:34:47,21250.0,700.0,926300.0
1645,2021-10-20 03:34:47,21250.0,4000.0,925600.0
1646,2021-10-20 03:34:42,21250.0,200.0,921600.0
1647,2021-10-20 03:34:12,21250.0,800.0,921400.0
1648,2021-10-20 03:33:57,21250.0,6500.0,920600.0
1649,2021-10-20 03:33:23,21300.0,700.0,914100.0
1650,2021-10-20 03:33:06,21300.0,600.0,913400.0
1651,2021-10-20 03:32:42,21300.0,100.0,912800.0
1652,2021-10-20 03:32:41,21250.0,1800.0,912700.0
1653,2021-10-20 03:32:32,21250.0,6700.0,910900.0
1654,2021-10-20 03:32:32,21250.0,500.0,904200.0
1655,2021-10-20 03:32:32,21250.0,500.0,903700.0
1656,2021-10-20 03:32:32,21250.0,300.0,903200.0
1657,2021-10-20 03:32:27,21300.0,500.0,902900.0
1658,2021-10-20 03:32:19,21300.0,500.0,902400.0
1659,2021-10-20 03:32:02,21300.0,100.0,901900.0
1660,2021-10-20 03:32:02,21300.0,500.0,901800.0
1661,2021-10-20 03:32:02,21300.0,1200.0,901300.0
1662,2021-10-20 03:32:02,21300.0,200.0,900100.0
1663,2021-10-20 03:31:49,21300.0,300.0,899900.0
1664,2021-10-20 03:31:49,21300.0,200.0,899600.0
1665,2021-10-20 03:31:49,21300.0,1300.0,899400.0
1666,2021-10-20 03:31:32,21300.0,200.0,898100.0
1667,2021-10-20 03:30:56,21300.0,3000.0,897900.0
1668,2021-10-20 03:30:40,21300.0,4500.0,894900.0
1669,2021-10-20 03:30:40,21300.0,100.0,890400.0
1670,2021-10-20 03:30:40,21300.0,500.0,890300.0
1671,2021-10-20 03:30:40,21300.0,5000.0,889800.0
1672,2021-10-20 03:30:40,21300.0,200.0,884800.0
1673,2021-10-20 03:30:40,21300.0,100.0,884600.0
1674,2021-10-20 03:30:40,21300.0,1000.0,884500.0
1675,2021-10-20 03:29:56,21300.0,100.0,883500.0
1676,2021-10-20 03:29:56,21300.0,1400.0,883400.0
1677,2021-10-20 03:28:11,21300.0,100.0,882000.0
1678,2021-10-20 03:27:55,21300.0,400.0,881900.0
1679,2021-10-20 03:27:25,21300.0,100.0,881500.0
1680,2021-10-20 03:26:33,21250.0,400.0,881400.0
1681,2021-10-20 03:25:39,21250.0,800.0,881000.0
1682,2021-10-20 03:24:42,21250.0,100.0,880200.0
1683,2021-10-20 03:24:31,21250.0,1000.0,880100.0
1684,2021-10-20 03:24:21,21250.0,1500.0,879100.0
1685,2021-10-20 03:24:14,21250.0,900.0,877600.0
1686,2021-10-20 03:23:56,21200.0,400.0,876700.0
1687,2021-10-20 03:23:56,21200.0,300.0,876300.0
1688,2021-10-20 03:23:56,21200.0,3600.0,876000.0
1689,2021-10-20 03:23:56,21200.0,500.0,872400.0
1690,2021-10-20 03:23:56,21200.0,100.0,871900.0
1691,2021-10-20 03:23:56,21200.0,100.0,871800.0
1692,2021-10-20 03:23:56,21200.0,200.0,871700.0
1693,2021-10-20 03:23:56,21200.0,1000.0,871500.0
1694,2021-10-20 03:23:56,21200.0,100.0,870500.0
1695,2021-10-20 03:23:56,21200.0,2000.0,870400.0
1696,2021-10-20 03:23:56,21200.0,100.0,868400.0
1697,2021-10-20 03:23:56,21200.0,1000.0,868300.0
1698,2021-10-20 03:23:56,21200.0,100.0,867300.0
1699,2021-10-20 03:23:56,21200.0,1000.0,867200.0
1700,2021-10-20 03:23:56,21200.0,9500.0,866200.0
1701,2021-10-20 03:23:46,21250.0,100.0,856700.0
1702,2021-10-20 03:23:29,21200.0,500.0,856600.0
1703,2021-10-20 03:23:29,21250.0,100.0,856100.0
1704,2021-10-20 03:23:04,21250.0,100.0,856000.0
1705,2021-10-20 03:23:01,21250.0,500.0,855900.0
1706,2021-10-20 03:23:01,21250.0,200.0,855400.0
1707,2021-10-20 03:23:01,21250.0,500.0,855200.0
1708,2021-10-20 03:23:01,21250.0,100.0,854700.0
1709,2021-10-20 03:23:01,21250.0,400.0,854600.0
1710,2021-10-20 03:23:01,21250.0,1300.0,854200.0
1711,2021-10-20 03:23:01,21250.0,1000.0,852900.0
1712,2021-10-20 03:23:01,21250.0,1000.0,851900.0
1713,2021-10-20 03:22:46,21250.0,2000.0,850900.0
1714,2021-10-20 03:22:45,21300.0,1000.0,848900.0
1715,2021-10-20 03:22:10,21250.0,2000.0,847900.0
1716,2021-10-20 03:21:58,21250.0,200.0,845900.0
1717,2021-10-20 03:21:31,21250.0,200.0,845700.0
1718,2021-10-20 03:21:28,21250.0,300.0,845500.0
1719,2021-10-20 03:21:10,21250.0,1500.0,845200.0
1720,2021-10-20 03:21:10,21250.0,1400.0,843700.0
1721,2021-10-20 03:20:26,21250.0,1000.0,842300.0
1722,2021-10-20 03:20:04,21250.0,1000.0,841300.0
1723,2021-10-20 03:19:35,21250.0,1000.0,840300.0
1724,2021-10-20 03:19:35,21250.0,100.0,839300.0
1725,2021-10-20 03:19:34,21250.0,27900.0,839200.0
1726,2021-10-20 03:19:34,21250.0,3600.0,811300.0
1727,2021-10-20 03:19:01,21250.0,1400.0,807700.0
1728,2021-10-20 03:19:01,21250.0,100.0,806300.0
1729,2021-10-20 03:18:50,21250.0,900.0,806200.0
1730,2021-10-20 03:18:50,21250.0,400.0,805300.0
1731,2021-10-20 03:18:06,21250.0,200.0,804900.0
1732,2021-10-20 03:18:06,21250.0,800.0,804700.0
1733,2021-10-20 03:17:15,21250.0,100.0,803900.0
1734,2021-10-20 03:17:13,21250.0,100.0,803800.0
1735,2021-10-20 03:17:13,21250.0,400.0,803700.0
1736,2021-10-20 03:16:59,21250.0,100.0,803300.0
1737,2021-10-20 03:16:47,21200.0,3000.0,803200.0
1738,2021-10-20 03:16:22,21250.0,100.0,800200.0
1739,2021-10-20 03:16:11,21250.0,100.0,800100.0
1740,2021-10-20 03:15:58,21250.0,100.0,800000.0
1741,2021-10-20 03:15:58,21250.0,1500.0,799900.0
1742,2021-10-20 03:15:56,21250.0,100.0,798400.0
1743,2021-10-20 03:15:49,21250.0,400.0,798300.0
1744,2021-10-20 03:15:49,21250.0,1000.0,797900.0
1745,2021-10-20 03:15:49,21250.0,1000.0,796900.0
1746,2021-10-20 03:15:49,21250.0,1000.0,795900.0
1747,2021-10-20 03:15:49,21250.0,6000.0,794900.0
1748,2021-10-20 03:15:49,21250.0,400.0,788900.0
1749,2021-10-20 03:15:49,21250.0,200.0,788500.0
1750,2021-10-20 03:15:47,21250.0,100.0,788300.0
1751,2021-10-20 03:15:46,21250.0,600.0,788200.0
1752,2021-10-20 03:15:20,21250.0,100.0,787600.0
1753,2021-10-20 03:15:20,21250.0,100.0,787500.0
1754,2021-10-20 03:15:16,21250.0,100.0,787400.0
1755,2021-10-20 03:14:53,21250.0,600.0,787300.0
1756,2021-10-20 03:14:53,21250.0,1000.0,786700.0
1757,2021-10-20 03:14:23,21250.0,100.0,785700.0
1758,2021-10-20 03:14:23,21250.0,100.0,785600.0
1759,2021-10-20 03:14:23,21250.0,1600.0,785500.0
1760,2021-10-20 03:14:23,21250.0,1200.0,783900.0
1761,2021-10-20 03:14:20,21250.0,300.0,782700.0
1762,2021-10-20 03:13:48,21250.0,500.0,782400.0
1763,2021-10-20 03:13:48,21250.0,500.0,781900.0
1764,2021-10-20 03:13:41,21250.0,1500.0,781400.0
1765,2021-10-20 03:13:41,21250.0,100.0,779900.0
1766,2021-10-20 03:13:36,21250.0,200.0,779800.0
1767,2021-10-20 03:13:28,21250.0,300.0,779600.0
1768,2021-10-20 03:12:34,21250.0,1500.0,779300.0
1769,2021-10-20 03:12:32,21300.0,500.0,777800.0
1770,2021-10-20 03:12:32,21300.0,1500.0,777300.0
1771,2021-10-20 03:11:58,21250.0,1000.0,775800.0
1772,2021-10-20 03:11:46,21250.0,500.0,774800.0
1773,2021-10-20 03:11:10,21250.0,1000.0,774300.0
1774,2021-10-20 03:10:48,21250.0,700.0,773300.0
1775,2021-10-20 03:10:48,21250.0,300.0,772600.0
1776,2021-10-20 03:10:39,21300.0,200.0,772300.0
1777,2021-10-20 03:10:36,21250.0,1700.0,772100.0
1778,2021-10-20 03:10:36,21250.0,6800.0,770400.0
1779,2021-10-20 03:10:23,21300.0,100.0,763600.0
1780,2021-10-20 03:10:05,21250.0,500.0,763500.0
1781,2021-10-20 03:10:05,21250.0,600.0,763000.0
1782,2021-10-20 03:10:05,21250.0,100.0,762400.0
1783,2021-10-20 03:10:05,21250.0,500.0,762300.0
1784,2021-10-20 03:10:05,21250.0,400.0,761800.0
1785,2021-10-20 03:10:05,21250.0,1100.0,761400.0
1786,2021-10-20 03:10:04,21250.0,100.0,760300.0
1787,2021-10-20 03:09:51,21250.0,1000.0,760200.0
1788,2021-10-20 03:09:37,21250.0,3800.0,759200.0
1789,2021-10-20 03:09:37,21250.0,1000.0,755400.0
1790,2021-10-20 03:09:37,21250.0,200.0,754400.0
1791,2021-10-20 03:08:16,21250.0,100.0,754200.0
1792,2021-10-20 03:07:50,21250.0,1000.0,754100.0
1793,2021-10-20 03:07:27,21250.0,200.0,753100.0
1794,2021-10-20 03:07:27,21250.0,100.0,752900.0
1795,2021-10-20 03:07:14,21250.0,300.0,752800.0
1796,2021-10-20 03:07:05,21250.0,400.0,752500.0
1797,2021-10-20 03:06:49,21250.0,2000.0,752100.0
1798,2021-10-20 03:06:40,21250.0,1000.0,750100.0
1799,2021-10-20 03:06:39,21250.0,200.0,749100.0
1800,2021-10-20 03:06:35,21250.0,500.0,748900.0
1801,2021-10-20 03:06:34,21250.0,100.0,748400.0
1802,2021-10-20 03:06:33,21250.0,1000.0,748300.0
1803,2021-10-20 03:06:32,21250.0,100.0,747300.0
1804,2021-10-20 03:06:32,21250.0,400.0,747200.0
1805,2021-10-20 03:06:25,21250.0,1000.0,746800.0
1806,2021-10-20 03:06:18,21250.0,900.0,745800.0
1807,2021-10-20 03:06:18,21250.0,100.0,744900.0
1808,2021-10-20 03:06:18,21250.0,5600.0,744800.0
1809,2021-10-20 03:06:15,21250.0,100.0,739200.0
1810,2021-10-20 03:06:08,21250.0,1000.0,739100.0
1811,2021-10-20 03:06:03,21250.0,600.0,738100.0
1812,2021-10-20 03:05:44,21250.0,600.0,737500.0
1813,2021-10-20 03:05:27,21250.0,4100.0,736900.0
1814,2021-10-20 03:05:27,21250.0,900.0,732800.0
1815,2021-10-20 03:05:03,21250.0,1000.0,731900.0
1816,2021-10-20 03:04:41,21250.0,100.0,730900.0
1817,2021-10-20 03:04:08,21250.0,1000.0,730800.0
1818,2021-10-20 03:03:58,21250.0,100.0,729800.0
1819,2021-10-20 03:03:34,21250.0,100.0,729700.0
1820,2021-10-20 03:02:44,21200.0,400.0,729600.0
1821,2021-10-20 03:02:18,21250.0,200.0,729200.0
1822,2021-10-20 03:02:18,21200.0,2000.0,729000.0
1823,2021-10-20 03:01:33,21250.0,600.0,727000.0
1824,2021-10-20 03:01:30,21250.0,400.0,726400.0
1825,2021-10-20 03:01:26,21250.0,100.0,726000.0
1826,2021-10-20 03:01:03,21250.0,400.0,725900.0
1827,2021-10-20 03:00:49,21250.0,1000.0,725500.0
1828,2021-10-20 03:00:48,21250.0,4100.0,724500.0
1829,2021-10-20 03:00:48,21250.0,900.0,720400.0
1830,2021-10-20 03:00:47,21200.0,4600.0,719500.0
1831,2021-10-20 03:00:47,21200.0,100.0,714900.0
1832,2021-10-20 03:00:47,21200.0,3000.0,714800.0
1833,2021-10-20 03:00:47,21200.0,100.0,711800.0
1834,2021-10-20 03:00:47,21200.0,200.0,711700.0
1835,2021-10-20 03:00:47,21200.0,1000.0,711500.0
1836,2021-10-20 03:00:47,21200.0,200.0,710500.0
1837,2021-10-20 03:00:47,21200.0,100.0,710300.0
1838,2021-10-20 03:00:47,21200.0,100.0,710200.0
1839,2021-10-20 03:00:47,21200.0,400.0,710100.0
1840,2021-10-20 03:00:47,21200.0,200.0,709700.0
1841,2021-10-20 03:00:47,21200.0,100.0,709500.0
1842,2021-10-20 03:00:47,21200.0,100.0,709400.0
1843,2021-10-20 03:00:47,21200.0,5000.0,709300.0
1844,2021-10-20 03:00:47,21200.0,300.0,704300.0
1845,2021-10-20 03:00:47,21200.0,2500.0,704000.0
1846,2021-10-20 03:00:47,21200.0,200.0,701500.0
1847,2021-10-20 03:00:47,21200.0,500.0,701300.0
1848,2021-10-20 03:00:47,21200.0,100.0,700800.0
1849,2021-10-20 03:00:47,21200.0,500.0,700700.0
1850,2021-10-20 03:00:47,21200.0,200.0,700200.0
1851,2021-10-20 03:00:47,21200.0,100.0,700000.0
1852,2021-10-20 03:00:47,21200.0,400.0,699900.0
1853,2021-10-20 03:00:36,21250.0,1300.0,699500.0
1854,2021-10-20 03:00:25,21250.0,600.0,698200.0
1855,2021-10-20 03:00:17,21250.0,2500.0,697600.0
1856,2021-10-20 03:00:01,21250.0,2500.0,695100.0
1857,2021-10-20 02:59:48,21250.0,300.0,692600.0
1858,2021-10-20 02:59:44,21250.0,500.0,692300.0
1859,2021-10-20 02:59:27,21250.0,500.0,691800.0
1860,2021-10-20 02:59:27,21250.0,2800.0,691300.0
1861,2021-10-20 02:59:27,21250.0,1500.0,688500.0
1862,2021-10-20 02:59:27,21250.0,500.0,687000.0
1863,2021-10-20 02:59:27,21250.0,100.0,686500.0
1864,2021-10-20 02:59:27,21250.0,300.0,686400.0
1865,2021-10-20 02:59:27,21250.0,100.0,686100.0
1866,2021-10-20 02:59:27,21250.0,200.0,686000.0
1867,2021-10-20 02:59:27,21250.0,5000.0,685800.0
1868,2021-10-20 02:59:27,21250.0,300.0,680800.0
1869,2021-10-20 02:59:27,21250.0,200.0,680500.0
1870,2021-10-20 02:59:27,21250.0,1000.0,680300.0
1871,2021-10-20 02:59:27,21250.0,5000.0,679300.0
1872,2021-10-20 02:59:27,21250.0,5000.0,674300.0
1873,2021-10-20 02:59:27,21250.0,100.0,669300.0
1874,2021-10-20 02:59:27,21250.0,100.0,669200.0
1875,2021-10-20 02:59:27,21250.0,2000.0,669100.0
1876,2021-10-20 02:59:27,21250.0,2000.0,667100.0
1877,2021-10-20 02:59:15,21300.0,10000.0,665100.0
1878,2021-10-20 02:58:41,21300.0,1000.0,655100.0
1879,2021-10-20 02:58:41,21300.0,1500.0,654100.0
1880,2021-10-20 02:58:41,21300.0,300.0,652600.0
1881,2021-10-20 02:58:41,21300.0,2000.0,652300.0
1882,2021-10-20 02:58:41,21300.0,900.0,650300.0
1883,2021-10-20 02:58:41,21300.0,200.0,649400.0
1884,2021-10-20 02:58:41,21300.0,100.0,649200.0
1885,2021-10-20 02:58:41,21300.0,100.0,649100.0
1886,2021-10-20 02:58:41,21300.0,500.0,649000.0
1887,2021-10-20 02:58:41,21300.0,1600.0,648500.0
1888,2021-10-20 02:57:25,21300.0,3000.0,646900.0
1889,2021-10-20 02:56:43,21350.0,100.0,643900.0
1890,2021-10-20 02:56:43,21350.0,4600.0,643800.0
1891,2021-10-20 02:56:35,21400.0,500.0,639200.0
1892,2021-10-20 02:56:12,21350.0,2400.0,638700.0
1893,2021-10-20 02:55:19,21400.0,300.0,636300.0
1894,2021-10-20 02:54:37,21400.0,1000.0,636000.0
1895,2021-10-20 02:54:21,21450.0,5200.0,635000.0
1896,2021-10-20 02:54:21,21450.0,400.0,629800.0
1897,2021-10-20 02:54:21,21450.0,500.0,629400.0
1898,2021-10-20 02:54:21,21450.0,2000.0,628900.0
1899,2021-10-20 02:54:21,21450.0,20000.0,626900.0
1900,2021-10-20 02:54:21,21450.0,200.0,606900.0
1901,2021-10-20 02:54:21,21450.0,100.0,606700.0
1902,2021-10-20 02:54:21,21450.0,2300.0,606600.0
1903,2021-10-20 02:54:21,21450.0,500.0,604300.0
1904,2021-10-20 02:54:21,21450.0,200.0,603800.0
1905,2021-10-20 02:54:21,21450.0,2000.0,603600.0
1906,2021-10-20 02:54:21,21450.0,500.0,601600.0
1907,2021-10-20 02:54:21,21450.0,800.0,601100.0
1908,2021-10-20 02:54:21,21450.0,10000.0,600300.0
1909,2021-10-20 02:54:21,21450.0,900.0,590300.0
1910,2021-10-20 02:54:21,21450.0,500.0,589400.0
1911,2021-10-20 02:54:21,21450.0,3000.0,588900.0
1912,2021-10-20 02:54:21,21450.0,5000.0,585900.0
1913,2021-10-20 02:54:21,21450.0,900.0,580900.0
1914,2021-10-20 02:54:21,21450.0,400.0,580000.0
1915,2021-10-20 02:54:21,21350.0,5000.0,579600.0
1916,2021-10-20 02:54:21,21350.0,5000.0,574600.0
1917,2021-10-20 02:54:21,21350.0,4600.0,569600.0
1918,2021-10-20 02:54:16,21350.0,100.0,565000.0
1919,2021-10-20 02:54:16,21350.0,1000.0,564900.0
1920,2021-10-20 02:54:16,21350.0,500.0,563900.0
1921,2021-10-20 02:54:16,21350.0,4300.0,563400.0
1922,2021-10-20 02:54:16,21400.0,1500.0,559100.0
1923,2021-10-20 02:54:12,21400.0,2000.0,557600.0
1924,2021-10-20 02:54:12,21400.0,500.0,555600.0
1925,2021-10-20 02:54:12,21400.0,1600.0,555100.0
1926,2021-10-20 02:54:12,21400.0,200.0,553500.0
1927,2021-10-20 02:54:12,21400.0,7000.0,553300.0
1928,2021-10-20 02:54:12,21400.0,1000.0,546300.0
1929,2021-10-20 02:54:12,21400.0,300.0,545300.0
1930,2021-10-20 02:54:12,21400.0,2000.0,545000.0
1931,2021-10-20 02:54:12,21400.0,8900.0,543000.0
1932,2021-10-20 02:54:03,21400.0,400.0,534100.0
1933,2021-10-20 02:53:02,21400.0,700.0,533700.0
1934,2021-10-20 02:53:02,21400.0,100.0,533000.0
1935,2021-10-20 02:53:02,21400.0,200.0,532900.0
1936,2021-10-20 02:52:41,21400.0,100.0,532700.0
1937,2021-10-20 02:52:10,21400.0,500.0,532600.0
1938,2021-10-20 02:52:03,21350.0,10000.0,532100.0
1939,2021-10-20 02:51:52,21400.0,600.0,522100.0
1940,2021-10-20 02:51:52,21400.0,500.0,521500.0
1941,2021-10-20 02:51:43,21400.0,1000.0,521000.0
1942,2021-10-20 02:51:43,21400.0,1000.0,520000.0
1943,2021-10-20 02:51:43,21400.0,900.0,519000.0
1944,2021-10-20 02:51:43,21400.0,200.0,518100.0
1945,2021-10-20 02:51:43,21400.0,2000.0,517900.0
1946,2021-10-20 02:51:43,21400.0,500.0,515900.0
1947,2021-10-20 02:51:43,21400.0,8700.0,515400.0
1948,2021-10-20 02:51:43,21400.0,4600.0,506700.0
1949,2021-10-20 02:51:36,21400.0,500.0,502100.0
1950,2021-10-20 02:51:27,21400.0,1000.0,501600.0
1951,2021-10-20 02:51:25,21400.0,300.0,500600.0
1952,2021-10-20 02:51:13,21400.0,1000.0,500300.0
1953,2021-10-20 02:50:50,21400.0,2600.0,499300.0
1954,2021-10-20 02:50:47,21400.0,300.0,496700.0
1955,2021-10-20 02:50:42,21400.0,100.0,496400.0
1956,2021-10-20 02:50:34,21400.0,400.0,496300.0
1957,2021-10-20 02:50:33,21400.0,200.0,495900.0
1958,2021-10-20 02:50:33,21400.0,200.0,495700.0
1959,2021-10-20 02:50:33,21400.0,200.0,495500.0
1960,2021-10-20 02:50:24,21350.0,700.0,495300.0
1961,2021-10-20 02:50:24,21350.0,200.0,494600.0
1962,2021-10-20 02:50:22,21400.0,300.0,494400.0
1963,2021-10-20 02:50:15,21400.0,400.0,494100.0
1964,2021-10-20 02:50:07,21400.0,3000.0,493700.0
1965,2021-10-20 02:50:06,21400.0,5000.0,490700.0
1966,2021-10-20 02:49:39,21400.0,300.0,485700.0
1967,2021-10-20 02:49:39,21400.0,100.0,485400.0
1968,2021-10-20 02:49:39,21400.0,700.0,485300.0
1969,2021-10-20 02:49:27,21400.0,1100.0,484600.0
1970,2021-10-20 02:49:23,21400.0,1000.0,483500.0
1971,2021-10-20 02:49:12,21400.0,1000.0,482500.0
1972,2021-10-20 02:49:09,21400.0,1000.0,481500.0
1973,2021-10-20 02:49:08,21400.0,300.0,480500.0
1974,2021-10-20 02:49:01,21400.0,900.0,480200.0
1975,2021-10-20 02:48:43,21400.0,4000.0,479300.0
1976,2021-10-20 02:48:43,21400.0,1000.0,475300.0
1977,2021-10-20 02:48:38,21400.0,100.0,474300.0
1978,2021-10-20 02:47:55,21400.0,1000.0,474200.0
1979,2021-10-20 02:47:45,21400.0,100.0,473200.0
1980,2021-10-20 02:47:45,21400.0,2000.0,473100.0
1981,2021-10-20 02:47:45,21400.0,500.0,471100.0
1982,2021-10-20 02:47:45,21400.0,300.0,470600.0
1983,2021-10-20 02:47:24,21400.0,200.0,470300.0
1984,2021-10-20 02:47:24,21400.0,2500.0,470100.0
1985,2021-10-20 02:47:24,21400.0,1000.0,467600.0
1986,2021-10-20 02:47:24,21400.0,500.0,466600.0
1987,2021-10-20 02:47:24,21400.0,300.0,466100.0
1988,2021-10-20 02:47:24,21400.0,500.0,465800.0
1989,2021-10-20 02:47:14,21350.0,800.0,465300.0
1990,2021-10-20 02:47:00,21400.0,100.0,464500.0
1991,2021-10-20 02:47:00,21400.0,10000.0,464400.0
1992,2021-10-20 02:47:00,21400.0,1000.0,454400.0
1993,2021-10-20 02:47:00,21400.0,100.0,453400.0
1994,2021-10-20 02:47:00,21400.0,500.0,453300.0
1995,2021-10-20 02:47:00,21400.0,100.0,452800.0
1996,2021-10-20 02:47:00,21400.0,100.0,452700.0
1997,2021-10-20 02:47:00,21400.0,400.0,452600.0
1998,2021-10-20 02:47:00,21400.0,700.0,452200.0
1999,2021-10-20 02:46:53,21350.0,2000.0,451500.0
2000,2021-10-20 02:46:46,21350.0,10000.0,449500.0
2001,2021-10-20 02:46:44,21400.0,200.0,439500.0
2002,2021-10-20 02:46:44,21400.0,400.0,439300.0
2003,2021-10-20 02:46:44,21400.0,1000.0,438900.0
2004,2021-10-20 02:46:44,21400.0,400.0,437900.0
2005,2021-10-20 02:46:20,21350.0,500.0,437500.0
2006,2021-10-20 02:46:09,21350.0,500.0,437000.0
2007,2021-10-20 02:46:06,21350.0,900.0,436500.0
2008,2021-10-20 02:46:06,21350.0,500.0,435600.0
2009,2021-10-20 02:46:06,21350.0,300.0,435100.0
2010,2021-10-20 02:46:06,21350.0,300.0,434800.0
2011,2021-10-20 02:45:59,21300.0,500.0,434500.0
2012,2021-10-20 02:45:43,21300.0,1000.0,434000.0
2013,2021-10-20 02:45:35,21300.0,1500.0,433000.0
2014,2021-10-20 02:45:12,21300.0,5000.0,431500.0
2015,2021-10-20 02:44:59,21300.0,300.0,426500.0
2016,2021-10-20 02:44:59,21300.0,600.0,426200.0
2017,2021-10-20 02:44:32,21300.0,300.0,425600.0
2018,2021-10-20 02:44:19,21300.0,100.0,425300.0
2019,2021-10-20 02:44:19,21300.0,200.0,425200.0
2020,2021-10-20 02:44:19,21300.0,5000.0,425000.0
2021,2021-10-20 02:44:19,21300.0,200.0,420000.0
2022,2021-10-20 02:44:19,21300.0,500.0,419800.0
2023,2021-10-20 02:44:19,21300.0,1500.0,419300.0
2024,2021-10-20 02:44:19,21300.0,11000.0,417800.0
2025,2021-10-20 02:44:19,21300.0,600.0,406800.0
2026,2021-10-20 02:43:20,21350.0,200.0,406200.0
2027,2021-10-20 02:43:19,21350.0,200.0,406000.0
2028,2021-10-20 02:43:19,21350.0,100.0,405800.0
2029,2021-10-20 02:43:19,21350.0,100.0,405700.0
2030,2021-10-20 02:43:13,21350.0,300.0,405600.0
2031,2021-10-20 02:43:07,21350.0,1600.0,405300.0
2032,2021-10-20 02:43:07,21350.0,100.0,403700.0
2033,2021-10-20 02:43:07,21350.0,2000.0,403600.0
2034,2021-10-20 02:43:07,21350.0,1300.0,401600.0
2035,2021-10-20 02:42:29,21350.0,3000.0,400300.0
2036,2021-10-20 02:42:16,21350.0,500.0,397300.0
2037,2021-10-20 02:42:00,21350.0,1000.0,396800.0
2038,2021-10-20 02:41:48,21350.0,100.0,395800.0
2039,2021-10-20 02:41:31,21350.0,900.0,395700.0
2040,2021-10-20 02:41:20,21350.0,100.0,394800.0
2041,2021-10-20 02:40:49,21350.0,500.0,394700.0
2042,2021-10-20 02:40:41,21350.0,200.0,394200.0
2043,2021-10-20 02:40:41,21400.0,1100.0,394000.0
2044,2021-10-20 02:40:24,21350.0,500.0,392900.0
2045,2021-10-20 02:39:43,21350.0,500.0,392400.0
2046,2021-10-20 02:39:20,21350.0,1400.0,391900.0
2047,2021-10-20 02:39:20,21350.0,300.0,390500.0
2048,2021-10-20 02:39:20,21350.0,8300.0,390200.0
2049,2021-10-20 02:39:19,21400.0,5000.0,381900.0
2050,2021-10-20 02:39:13,21400.0,2300.0,376900.0
2051,2021-10-20 02:39:04,21400.0,200.0,374600.0
2052,2021-10-20 02:39:01,21400.0,1000.0,374400.0
2053,2021-10-20 02:38:58,21400.0,1000.0,373400.0
2054,2021-10-20 02:38:54,21400.0,2000.0,372400.0
