,Time,Price,Volume_per_trade,Volume
0,2021-10-21 07:45:01,67600.0,1400.0,1488500.0
1,2021-10-21 07:45:01,67600.0,5000.0,1487100.0
2,2021-10-21 07:45:01,67600.0,3600.0,1482100.0
3,2021-10-21 07:45:01,67600.0,6400.0,1478500.0
4,2021-10-21 07:45:01,67600.0,1000.0,1472100.0
5,2021-10-21 07:45:01,67600.0,2600.0,1471100.0
6,2021-10-21 07:45:01,67600.0,200.0,1468500.0
7,2021-10-21 07:45:01,67600.0,800.0,1468300.0
8,2021-10-21 07:45:01,67600.0,2200.0,1467500.0
9,2021-10-21 07:45:01,67600.0,2000.0,1465300.0
10,2021-10-21 07:45:01,67600.0,3800.0,1463300.0
11,2021-10-21 07:45:01,67600.0,6200.0,1459500.0
12,2021-10-21 07:45:01,67600.0,3800.0,1453300.0
13,2021-10-21 07:45:01,67600.0,4200.0,1449500.0
14,2021-10-21 07:45:01,67600.0,500.0,1445300.0
15,2021-10-21 07:45:01,67600.0,300.0,1444800.0
16,2021-10-21 07:45:01,67600.0,900.0,1444500.0
17,2021-10-21 07:45:01,67600.0,100.0,1443600.0
18,2021-10-21 07:45:01,67600.0,700.0,1443500.0
19,2021-10-21 07:45:01,67600.0,200.0,1442800.0
20,2021-10-21 07:45:01,67600.0,100.0,1442600.0
21,2021-10-21 07:45:01,67600.0,1700.0,1442500.0
22,2021-10-21 07:45:01,67600.0,300.0,1440800.0
23,2021-10-21 07:45:01,67600.0,1000.0,1440500.0
24,2021-10-21 07:45:01,67600.0,3900.0,1439500.0
25,2021-10-21 07:45:01,67600.0,1200.0,1435600.0
26,2021-10-21 07:45:01,67600.0,100.0,1434400.0
27,2021-10-21 07:45:01,67600.0,300.0,1434300.0
28,2021-10-21 07:45:01,67600.0,1700.0,1434000.0
29,2021-10-21 07:45:01,67600.0,100.0,1432300.0
30,2021-10-21 07:45:01,67600.0,400.0,1432200.0
31,2021-10-21 07:45:01,67600.0,500.0,1431800.0
32,2021-10-21 07:45:01,67600.0,2000.0,1431300.0
33,2021-10-21 07:45:01,67600.0,200.0,1429300.0
34,2021-10-21 07:45:01,67600.0,100.0,1429100.0
35,2021-10-21 07:45:01,67600.0,3800.0,1429000.0
36,2021-10-21 07:45:01,67600.0,2000.0,1425200.0
37,2021-10-21 07:45:01,67600.0,6600.0,1423200.0
38,2021-10-21 07:45:01,67600.0,1700.0,1416600.0
39,2021-10-21 07:45:01,67600.0,200.0,1414900.0
40,2021-10-21 07:29:54,67000.0,4500.0,1414700.0
41,2021-10-21 07:29:54,67100.0,200.0,1410200.0
42,2021-10-21 07:29:54,67500.0,1600.0,1410000.0
43,2021-10-21 07:29:38,67700.0,1300.0,1408400.0
44,2021-10-21 07:29:38,67500.0,800.0,1407100.0
45,2021-10-21 07:29:38,67500.0,1300.0,1406300.0
46,2021-10-21 07:29:38,67500.0,1600.0,1405000.0
47,2021-10-21 07:29:26,67000.0,500.0,1403400.0
48,2021-10-21 07:29:25,67500.0,1400.0,1402900.0
49,2021-10-21 07:29:25,67500.0,3500.0,1401500.0
50,2021-10-21 07:29:25,67400.0,100.0,1398000.0
51,2021-10-21 07:28:57,67500.0,1100.0,1397900.0
52,2021-10-21 07:28:57,67400.0,500.0,1396800.0
53,2021-10-21 07:28:57,67400.0,3400.0,1396300.0
54,2021-10-21 07:28:36,67400.0,300.0,1392900.0
55,2021-10-21 07:28:26,67500.0,400.0,1392600.0
56,2021-10-21 07:28:11,67700.0,100.0,1392200.0
57,2021-10-21 07:27:49,66800.0,2700.0,1392100.0
58,2021-10-21 07:27:49,66900.0,700.0,1389400.0
59,2021-10-21 07:27:49,66900.0,10000.0,1388700.0
60,2021-10-21 07:27:49,66900.0,400.0,1378700.0
61,2021-10-21 07:27:49,67000.0,100.0,1378300.0
62,2021-10-21 07:27:49,67000.0,500.0,1378200.0
63,2021-10-21 07:27:49,67000.0,200.0,1377700.0
64,2021-10-21 07:27:49,67000.0,1000.0,1377500.0
65,2021-10-21 07:27:49,67000.0,700.0,1376500.0
66,2021-10-21 07:27:49,67100.0,200.0,1375800.0
67,2021-10-21 07:27:49,67100.0,100.0,1375600.0
68,2021-10-21 07:27:49,67200.0,100.0,1375500.0
69,2021-10-21 07:27:49,67300.0,100.0,1375400.0
70,2021-10-21 07:27:49,67400.0,100.0,1375300.0
71,2021-10-21 07:27:49,67400.0,200.0,1375200.0
72,2021-10-21 07:27:49,67400.0,400.0,1375000.0
73,2021-10-21 07:27:49,67400.0,600.0,1374600.0
74,2021-10-21 07:27:49,67500.0,800.0,1374000.0
75,2021-10-21 07:27:49,67500.0,600.0,1373200.0
76,2021-10-21 07:27:49,67500.0,100.0,1372600.0
77,2021-10-21 07:27:49,67500.0,400.0,1372500.0
78,2021-10-21 07:27:36,67700.0,100.0,1372100.0
79,2021-10-21 07:27:32,67500.0,2000.0,1372000.0
80,2021-10-21 07:27:25,67500.0,500.0,1370000.0
81,2021-10-21 07:27:05,67500.0,5100.0,1369500.0
82,2021-10-21 07:27:05,67500.0,900.0,1364400.0
83,2021-10-21 07:27:05,67500.0,1000.0,1363500.0
84,2021-10-21 07:27:05,67500.0,700.0,1362500.0
85,2021-10-21 07:27:05,67500.0,400.0,1361800.0
86,2021-10-21 07:27:05,67600.0,500.0,1361400.0
87,2021-10-21 07:27:05,67600.0,1400.0,1360900.0
88,2021-10-21 07:26:29,67600.0,100.0,1359500.0
89,2021-10-21 07:26:24,67600.0,500.0,1359400.0
90,2021-10-21 07:26:23,67600.0,1500.0,1358900.0
91,2021-10-21 07:25:59,67600.0,700.0,1357400.0
92,2021-10-21 07:25:50,67500.0,500.0,1356700.0
93,2021-10-21 07:25:39,67900.0,100.0,1356200.0
94,2021-10-21 07:25:39,67800.0,1500.0,1356100.0
95,2021-10-21 07:25:24,67500.0,1100.0,1354600.0
96,2021-10-21 07:25:24,67500.0,5000.0,1353500.0
97,2021-10-21 07:25:24,67500.0,100.0,1348500.0
98,2021-10-21 07:25:24,67600.0,500.0,1348400.0
99,2021-10-21 07:25:24,67800.0,9300.0,1347900.0
100,2021-10-21 07:25:11,67800.0,2000.0,1338600.0
101,2021-10-21 07:25:11,67800.0,100.0,1336600.0
102,2021-10-21 07:25:11,67800.0,1000.0,1336500.0
103,2021-10-21 07:25:11,67800.0,4600.0,1335500.0
104,2021-10-21 07:25:11,67600.0,3000.0,1330900.0
105,2021-10-21 07:24:58,67600.0,600.0,1327900.0
106,2021-10-21 07:24:57,67600.0,400.0,1327300.0
107,2021-10-21 07:24:52,67800.0,100.0,1326900.0
108,2021-10-21 07:24:47,67800.0,100.0,1326800.0
109,2021-10-21 07:24:45,67800.0,200.0,1326700.0
110,2021-10-21 07:24:45,67700.0,1000.0,1326500.0
111,2021-10-21 07:24:45,67700.0,300.0,1325500.0
112,2021-10-21 07:24:38,67700.0,100.0,1325200.0
113,2021-10-21 07:24:37,67700.0,800.0,1325100.0
114,2021-10-21 07:24:22,67700.0,300.0,1324300.0
115,2021-10-21 07:24:10,67700.0,200.0,1324000.0
116,2021-10-21 07:23:57,67500.0,1900.0,1323800.0
117,2021-10-21 07:23:44,67500.0,100.0,1321900.0
118,2021-10-21 07:22:39,67400.0,100.0,1321800.0
119,2021-10-21 07:21:55,67300.0,2300.0,1321700.0
120,2021-10-21 07:21:55,67300.0,500.0,1319400.0
121,2021-10-21 07:21:39,67900.0,1000.0,1318900.0
122,2021-10-21 07:21:32,68000.0,700.0,1317900.0
123,2021-10-21 07:21:32,68000.0,1000.0,1317200.0
124,2021-10-21 07:21:32,68000.0,2000.0,1316200.0
125,2021-10-21 07:21:32,68000.0,1300.0,1314200.0
126,2021-10-21 07:21:31,68000.0,2000.0,1312900.0
127,2021-10-21 07:21:31,67400.0,1000.0,1310900.0
128,2021-10-21 07:21:07,68000.0,2700.0,1309900.0
129,2021-10-21 07:21:07,68000.0,100.0,1307200.0
130,2021-10-21 07:21:07,68000.0,1000.0,1307100.0
131,2021-10-21 07:21:07,67900.0,500.0,1306100.0
132,2021-10-21 07:21:07,67900.0,300.0,1305600.0
133,2021-10-21 07:21:07,67900.0,1000.0,1305300.0
134,2021-10-21 07:21:07,67900.0,800.0,1304300.0
135,2021-10-21 07:21:07,67800.0,100.0,1303500.0
136,2021-10-21 07:21:07,67800.0,100.0,1303400.0
137,2021-10-21 07:21:07,67800.0,500.0,1303300.0
138,2021-10-21 07:21:07,67800.0,200.0,1302800.0
139,2021-10-21 07:21:07,67600.0,500.0,1302600.0
140,2021-10-21 07:21:07,67500.0,200.0,1302100.0
141,2021-10-21 07:21:07,67500.0,500.0,1301900.0
142,2021-10-21 07:21:07,67500.0,1000.0,1301400.0
143,2021-10-21 07:21:07,67500.0,200.0,1300400.0
144,2021-10-21 07:21:07,67400.0,300.0,1300200.0
145,2021-10-21 07:20:43,67000.0,1000.0,1299900.0
146,2021-10-21 07:20:43,67000.0,200.0,1298900.0
147,2021-10-21 07:20:37,67500.0,1300.0,1298700.0
148,2021-10-21 07:20:37,67500.0,500.0,1297400.0
149,2021-10-21 07:20:37,67500.0,100.0,1296900.0
150,2021-10-21 07:20:37,67500.0,100.0,1296800.0
151,2021-10-21 07:20:37,67500.0,500.0,1296700.0
152,2021-10-21 07:20:37,67300.0,500.0,1296200.0
153,2021-10-21 07:20:37,67300.0,300.0,1295700.0
154,2021-10-21 07:20:37,67300.0,3000.0,1295400.0
155,2021-10-21 07:20:37,67300.0,500.0,1292400.0
156,2021-10-21 07:20:37,67200.0,200.0,1291900.0
157,2021-10-21 07:20:37,67200.0,2800.0,1291700.0
158,2021-10-21 07:20:37,67200.0,600.0,1288900.0
159,2021-10-21 07:20:37,67200.0,1800.0,1288300.0
160,2021-10-21 07:20:37,67200.0,300.0,1286500.0
161,2021-10-21 07:20:37,67200.0,200.0,1286200.0
162,2021-10-21 07:20:37,67200.0,100.0,1286000.0
163,2021-10-21 07:20:37,67200.0,1000.0,1285900.0
164,2021-10-21 07:20:37,67200.0,300.0,1284900.0
165,2021-10-21 07:20:37,67100.0,2000.0,1284600.0
166,2021-10-21 07:20:37,67100.0,800.0,1282600.0
167,2021-10-21 07:20:37,67100.0,100.0,1281800.0
168,2021-10-21 07:20:26,67100.0,300.0,1281700.0
169,2021-10-21 07:20:26,67100.0,100.0,1281400.0
170,2021-10-21 07:20:26,67100.0,1600.0,1281300.0
171,2021-10-21 07:20:15,67100.0,8400.0,1279700.0
172,2021-10-21 07:20:15,67100.0,100.0,1271300.0
173,2021-10-21 07:20:15,67100.0,5000.0,1271200.0
174,2021-10-21 07:20:15,67100.0,100.0,1266200.0
175,2021-10-21 07:20:15,67100.0,100.0,1266100.0
176,2021-10-21 07:20:15,67100.0,300.0,1266000.0
177,2021-10-21 07:20:15,67100.0,2700.0,1265700.0
178,2021-10-21 07:20:15,67000.0,500.0,1263000.0
179,2021-10-21 07:20:15,67000.0,2000.0,1262500.0
180,2021-10-21 07:20:15,67000.0,800.0,1260500.0
181,2021-10-21 07:19:55,67000.0,300.0,1259700.0
182,2021-10-21 07:19:55,67000.0,900.0,1259400.0
183,2021-10-21 07:19:52,67000.0,500.0,1258500.0
184,2021-10-21 07:19:39,67100.0,2000.0,1258000.0
185,2021-10-21 07:19:33,67000.0,200.0,1256000.0
186,2021-10-21 07:17:55,67100.0,100.0,1255800.0
187,2021-10-21 07:17:44,67100.0,200.0,1255700.0
188,2021-10-21 07:17:28,67000.0,2000.0,1255500.0
189,2021-10-21 07:17:00,67000.0,100.0,1253500.0
190,2021-10-21 07:17:00,67000.0,1800.0,1253400.0
191,2021-10-21 07:17:00,67000.0,700.0,1251600.0
192,2021-10-21 07:16:41,67000.0,300.0,1250900.0
193,2021-10-21 07:16:41,67000.0,100.0,1250600.0
194,2021-10-21 07:16:41,67000.0,100.0,1250500.0
195,2021-10-21 07:16:41,67000.0,5000.0,1250400.0
196,2021-10-21 07:16:41,67000.0,100.0,1245400.0
197,2021-10-21 07:16:41,67000.0,3000.0,1245300.0
198,2021-10-21 07:16:41,67000.0,200.0,1242300.0
199,2021-10-21 07:16:41,67000.0,200.0,1242100.0
200,2021-10-21 07:16:41,67000.0,1000.0,1241900.0
201,2021-10-21 07:15:38,67000.0,2000.0,1240900.0
202,2021-10-21 07:15:38,67000.0,500.0,1238900.0
203,2021-10-21 07:15:38,67000.0,900.0,1238400.0
204,2021-10-21 07:15:38,67000.0,200.0,1237500.0
205,2021-10-21 07:15:38,67000.0,10000.0,1237300.0
206,2021-10-21 07:15:38,67000.0,200.0,1227300.0
207,2021-10-21 07:15:38,67000.0,1000.0,1227100.0
208,2021-10-21 07:15:38,67000.0,500.0,1226100.0
209,2021-10-21 07:15:38,67000.0,500.0,1225600.0
210,2021-10-21 07:15:38,67000.0,500.0,1225100.0
211,2021-10-21 07:15:38,67000.0,20000.0,1224600.0
212,2021-10-21 07:15:38,67000.0,1000.0,1204600.0
213,2021-10-21 07:15:38,67000.0,300.0,1203600.0
214,2021-10-21 07:15:38,67000.0,200.0,1203300.0
215,2021-10-21 07:15:38,67000.0,1000.0,1203100.0
216,2021-10-21 07:15:38,67000.0,100.0,1202100.0
217,2021-10-21 07:15:38,67000.0,100.0,1202000.0
218,2021-10-21 07:15:38,67000.0,200.0,1201900.0
219,2021-10-21 07:15:38,67000.0,200.0,1201700.0
220,2021-10-21 07:15:38,67000.0,1000.0,1201500.0
221,2021-10-21 07:15:38,67000.0,300.0,1200500.0
222,2021-10-21 07:15:38,67000.0,15000.0,1200200.0
223,2021-10-21 07:15:38,67000.0,2000.0,1185200.0
224,2021-10-21 07:15:38,66900.0,100.0,1183200.0
225,2021-10-21 07:15:38,66900.0,2000.0,1183100.0
226,2021-10-21 07:15:38,66900.0,400.0,1181100.0
227,2021-10-21 07:15:38,66900.0,1000.0,1180700.0
228,2021-10-21 07:15:38,66900.0,2000.0,1179700.0
229,2021-10-21 07:15:38,66900.0,100.0,1177700.0
230,2021-10-21 07:15:38,66900.0,300.0,1177600.0
231,2021-10-21 07:15:38,66900.0,5000.0,1177300.0
232,2021-10-21 07:15:38,66900.0,400.0,1172300.0
233,2021-10-21 07:15:38,66900.0,500.0,1171900.0
234,2021-10-21 07:15:38,66900.0,5000.0,1171400.0
235,2021-10-21 07:15:38,66900.0,100.0,1166400.0
236,2021-10-21 07:15:38,66900.0,1000.0,1166300.0
237,2021-10-21 07:15:38,66900.0,10000.0,1165300.0
238,2021-10-21 07:15:38,66900.0,200.0,1155300.0
239,2021-10-21 07:15:38,66900.0,10000.0,1155100.0
240,2021-10-21 07:15:38,66900.0,100.0,1145100.0
241,2021-10-21 07:15:38,66800.0,2000.0,1145000.0
242,2021-10-21 07:15:38,66800.0,100.0,1143000.0
243,2021-10-21 07:15:38,66800.0,1000.0,1142900.0
244,2021-10-21 07:15:38,66800.0,1000.0,1141900.0
245,2021-10-21 07:14:38,66400.0,4400.0,1140900.0
246,2021-10-21 07:14:38,66500.0,200.0,1136500.0
247,2021-10-21 07:14:38,66500.0,100.0,1136300.0
248,2021-10-21 07:14:38,66500.0,200.0,1136200.0
249,2021-10-21 07:12:42,66800.0,500.0,1136000.0
250,2021-10-21 07:12:10,66800.0,200.0,1135500.0
251,2021-10-21 07:11:09,66800.0,100.0,1135300.0
252,2021-10-21 07:10:51,66800.0,500.0,1135200.0
253,2021-10-21 07:10:31,66800.0,3400.0,1134700.0
254,2021-10-21 07:10:31,66800.0,2300.0,1131300.0
255,2021-10-21 07:10:24,66800.0,5000.0,1129000.0
256,2021-10-21 07:10:09,66900.0,200.0,1124000.0
257,2021-10-21 07:10:09,66900.0,500.0,1123800.0
258,2021-10-21 07:10:09,66900.0,100.0,1123300.0
259,2021-10-21 07:10:09,66900.0,200.0,1123200.0
260,2021-10-21 07:10:09,66900.0,100.0,1123000.0
261,2021-10-21 07:10:09,66900.0,600.0,1122900.0
262,2021-10-21 07:09:43,66900.0,900.0,1122300.0
263,2021-10-21 07:09:34,66900.0,1000.0,1121400.0
264,2021-10-21 07:09:14,66800.0,100.0,1120400.0
265,2021-10-21 07:09:00,66800.0,1000.0,1120300.0
266,2021-10-21 07:09:00,66800.0,100.0,1119300.0
267,2021-10-21 07:09:00,66800.0,300.0,1119200.0
268,2021-10-21 07:09:00,66800.0,1200.0,1118900.0
269,2021-10-21 07:08:44,66800.0,1700.0,1117700.0
270,2021-10-21 07:08:12,66800.0,7900.0,1116000.0
271,2021-10-21 07:08:12,66800.0,1500.0,1108100.0
272,2021-10-21 07:07:57,66800.0,3500.0,1106600.0
273,2021-10-21 07:07:57,66800.0,600.0,1103100.0
274,2021-10-21 07:06:28,66800.0,400.0,1102500.0
275,2021-10-21 07:06:28,66700.0,500.0,1102100.0
276,2021-10-21 07:06:28,66700.0,100.0,1101600.0
277,2021-10-21 07:06:13,66500.0,2000.0,1101500.0
278,2021-10-21 07:06:13,66500.0,1000.0,1099500.0
279,2021-10-21 07:05:53,66700.0,1500.0,1098500.0
280,2021-10-21 07:05:53,66700.0,3200.0,1097000.0
281,2021-10-21 07:05:53,66600.0,500.0,1093800.0
282,2021-10-21 07:05:33,66600.0,4500.0,1093300.0
283,2021-10-21 07:05:21,66600.0,100.0,1088800.0
284,2021-10-21 07:05:18,66600.0,400.0,1088700.0
285,2021-10-21 07:04:59,66500.0,2000.0,1088300.0
286,2021-10-21 07:04:59,66500.0,300.0,1086300.0
287,2021-10-21 07:04:59,66500.0,300.0,1086000.0
288,2021-10-21 07:04:53,66600.0,100.0,1085700.0
289,2021-10-21 07:03:56,66500.0,10000.0,1085600.0
290,2021-10-21 07:03:26,66500.0,500.0,1075600.0
291,2021-10-21 07:03:26,66500.0,300.0,1075100.0
292,2021-10-21 07:03:26,66500.0,200.0,1074800.0
293,2021-10-21 07:03:26,66500.0,3700.0,1074600.0
294,2021-10-21 07:03:21,66500.0,800.0,1070900.0
295,2021-10-21 07:02:41,66500.0,7700.0,1070100.0
296,2021-10-21 07:02:08,66500.0,1400.0,1062400.0
297,2021-10-21 07:01:49,66300.0,1100.0,1061000.0
298,2021-10-21 06:59:22,66200.0,100.0,1059900.0
299,2021-10-21 06:57:25,66500.0,2500.0,1059800.0
300,2021-10-21 06:57:25,66500.0,500.0,1057300.0
301,2021-10-21 06:57:21,66100.0,500.0,1056800.0
302,2021-10-21 06:56:19,66200.0,500.0,1056300.0
303,2021-10-21 06:55:09,66100.0,200.0,1055800.0
304,2021-10-21 06:54:52,66100.0,200.0,1055600.0
305,2021-10-21 06:54:51,66000.0,100.0,1055400.0
306,2021-10-21 06:54:51,66000.0,100.0,1055300.0
307,2021-10-21 06:54:36,66100.0,100.0,1055200.0
308,2021-10-21 06:54:00,66100.0,300.0,1055100.0
309,2021-10-21 06:53:05,66100.0,900.0,1054800.0
310,2021-10-21 06:52:53,66100.0,400.0,1053900.0
311,2021-10-21 06:52:53,66200.0,100.0,1053500.0
312,2021-10-21 06:52:21,66100.0,100.0,1053400.0
313,2021-10-21 06:51:19,66100.0,1800.0,1053300.0
314,2021-10-21 06:51:19,66100.0,100.0,1051500.0
315,2021-10-21 06:51:11,66100.0,300.0,1051400.0
316,2021-10-21 06:51:11,66100.0,100.0,1051100.0
317,2021-10-21 06:51:11,66100.0,1000.0,1051000.0
318,2021-10-21 06:51:11,66100.0,100.0,1050000.0
319,2021-10-21 06:51:11,66100.0,100.0,1049900.0
320,2021-10-21 06:51:11,66100.0,400.0,1049800.0
321,2021-10-21 06:50:38,66100.0,100.0,1049400.0
322,2021-10-21 06:50:38,66100.0,200.0,1049300.0
323,2021-10-21 06:50:38,66100.0,900.0,1049100.0
324,2021-10-21 06:50:38,66100.0,400.0,1048200.0
325,2021-10-21 06:50:36,66100.0,600.0,1047800.0
326,2021-10-21 06:50:36,66100.0,100.0,1047200.0
327,2021-10-21 06:50:36,66100.0,300.0,1047100.0
328,2021-10-21 06:43:59,66100.0,1000.0,1046800.0
329,2021-10-21 06:40:48,66100.0,2300.0,1045800.0
330,2021-10-21 06:40:44,66100.0,100.0,1043500.0
331,2021-10-21 06:40:32,66000.0,30300.0,1043400.0
332,2021-10-21 06:40:32,66000.0,1000.0,1013100.0
333,2021-10-21 06:40:32,66000.0,100.0,1012100.0
334,2021-10-21 06:40:32,66000.0,1000.0,1012000.0
335,2021-10-21 06:40:32,66000.0,200.0,1011000.0
336,2021-10-21 06:40:32,66000.0,1000.0,1010800.0
337,2021-10-21 06:40:15,66100.0,100.0,1009800.0
338,2021-10-21 06:39:57,66100.0,100.0,1009700.0
339,2021-10-21 06:39:57,66100.0,100.0,1009600.0
340,2021-10-21 06:39:57,66100.0,300.0,1009500.0
341,2021-10-21 06:39:57,66100.0,1000.0,1009200.0
342,2021-10-21 06:39:57,66100.0,1000.0,1008200.0
343,2021-10-21 06:39:57,66100.0,1000.0,1007200.0
344,2021-10-21 06:39:29,66200.0,100.0,1006200.0
345,2021-10-21 06:37:25,66100.0,700.0,1006100.0
346,2021-10-21 06:37:25,66100.0,200.0,1005400.0
347,2021-10-21 06:37:25,66100.0,100.0,1005200.0
348,2021-10-21 06:35:39,66700.0,800.0,1005100.0
349,2021-10-21 06:35:39,66700.0,200.0,1004300.0
350,2021-10-21 06:31:26,66900.0,2500.0,1004100.0
351,2021-10-21 06:31:26,66900.0,100.0,1001600.0
352,2021-10-21 06:31:26,66900.0,100.0,1001500.0
353,2021-10-21 06:31:26,66800.0,10000.0,1001400.0
354,2021-10-21 06:31:26,66800.0,700.0,991400.0
355,2021-10-21 06:31:26,66400.0,6600.0,990700.0
356,2021-10-21 06:31:04,66800.0,9300.0,984100.0
357,2021-10-21 06:31:04,66800.0,500.0,974800.0
358,2021-10-21 06:31:04,66800.0,100.0,974300.0
359,2021-10-21 06:31:04,66800.0,5000.0,974200.0
360,2021-10-21 06:31:04,66800.0,200.0,969200.0
361,2021-10-21 06:31:04,66800.0,1000.0,969000.0
362,2021-10-21 06:31:04,66700.0,200.0,968000.0
363,2021-10-21 06:31:04,66700.0,200.0,967800.0
364,2021-10-21 06:31:04,66700.0,100.0,967600.0
365,2021-10-21 06:31:04,66700.0,200.0,967500.0
366,2021-10-21 06:31:04,66600.0,100.0,967300.0
367,2021-10-21 06:31:04,66600.0,100.0,967200.0
368,2021-10-21 06:31:04,66500.0,500.0,967100.0
369,2021-10-21 06:31:04,66500.0,500.0,966600.0
370,2021-10-21 06:31:04,66500.0,2000.0,966100.0
371,2021-10-21 06:30:50,65700.0,400.0,964100.0
372,2021-10-21 06:30:50,65700.0,100.0,963700.0
373,2021-10-21 06:30:50,65700.0,200.0,963600.0
374,2021-10-21 06:30:50,65700.0,100.0,963400.0
375,2021-10-21 06:30:50,65700.0,18700.0,963300.0
376,2021-10-21 06:30:50,65800.0,500.0,944600.0
377,2021-10-21 06:30:36,65700.0,7000.0,944100.0
378,2021-10-21 06:30:36,65800.0,1000.0,937100.0
379,2021-10-21 06:30:36,65800.0,300.0,936100.0
380,2021-10-21 06:30:36,65800.0,1400.0,935800.0
381,2021-10-21 06:30:36,65800.0,200.0,934400.0
382,2021-10-21 06:30:36,65800.0,100.0,934200.0
383,2021-10-21 06:30:36,65800.0,9300.0,934100.0
384,2021-10-21 06:30:36,66000.0,400.0,924800.0
385,2021-10-21 06:30:36,66000.0,300.0,924400.0
386,2021-10-21 06:30:07,66000.0,1500.0,924100.0
387,2021-10-21 06:28:54,65800.0,10700.0,922600.0
388,2021-10-21 06:28:54,65800.0,500.0,911900.0
389,2021-10-21 06:28:54,65800.0,500.0,911400.0
390,2021-10-21 06:28:54,65900.0,100.0,910900.0
391,2021-10-21 06:28:54,65900.0,300.0,910800.0
392,2021-10-21 06:28:54,65900.0,100.0,910500.0
393,2021-10-21 06:28:54,66000.0,200.0,910400.0
394,2021-10-21 06:28:54,66000.0,100.0,910200.0
395,2021-10-21 06:28:54,66000.0,100.0,910100.0
396,2021-10-21 06:28:54,66000.0,200.0,910000.0
397,2021-10-21 06:28:54,66000.0,200.0,909800.0
398,2021-10-21 06:27:05,66000.0,200.0,909600.0
399,2021-10-21 06:27:05,66000.0,100.0,909400.0
400,2021-10-21 06:27:01,66700.0,9800.0,909300.0
401,2021-10-21 06:27:01,66700.0,100.0,899500.0
402,2021-10-21 06:27:01,66600.0,100.0,899400.0
403,2021-10-21 06:26:14,66000.0,100.0,899300.0
404,2021-10-21 06:24:15,66800.0,5000.0,899200.0
405,2021-10-21 06:24:15,66700.0,2000.0,894200.0
406,2021-10-21 06:24:15,66700.0,100.0,892200.0
407,2021-10-21 06:24:15,66600.0,2000.0,892100.0
408,2021-10-21 06:24:15,66600.0,100.0,890100.0
409,2021-10-21 06:24:15,66500.0,400.0,890000.0
410,2021-10-21 06:24:15,66500.0,100.0,889600.0
411,2021-10-21 06:24:15,66500.0,300.0,889500.0
412,2021-10-21 06:24:01,65700.0,4300.0,889200.0
413,2021-10-21 06:24:01,65700.0,12300.0,884900.0
414,2021-10-21 06:24:01,65800.0,300.0,872600.0
415,2021-10-21 06:24:01,65800.0,500.0,872300.0
416,2021-10-21 06:24:01,65800.0,200.0,871800.0
417,2021-10-21 06:24:01,66000.0,100.0,871600.0
418,2021-10-21 06:24:01,66000.0,2300.0,871500.0
419,2021-10-21 06:23:53,66500.0,300.0,869200.0
420,2021-10-21 06:22:12,66500.0,400.0,868900.0
421,2021-10-21 06:20:51,66500.0,600.0,868500.0
422,2021-10-21 06:20:51,66500.0,1000.0,867900.0
423,2021-10-21 06:20:51,66500.0,700.0,866900.0
424,2021-10-21 06:20:51,66500.0,100.0,866200.0
425,2021-10-21 06:20:51,66500.0,1400.0,866100.0
426,2021-10-21 06:20:51,66500.0,300.0,864700.0
427,2021-10-21 06:20:51,66500.0,10000.0,864400.0
428,2021-10-21 06:20:51,66500.0,2900.0,854400.0
429,2021-10-21 06:20:40,65700.0,7700.0,851500.0
430,2021-10-21 06:20:40,65700.0,100.0,843800.0
431,2021-10-21 06:20:40,65800.0,500.0,843700.0
432,2021-10-21 06:20:40,65800.0,5900.0,843200.0
433,2021-10-21 06:20:40,65800.0,200.0,837300.0
434,2021-10-21 06:20:40,65800.0,600.0,837100.0
435,2021-10-21 06:20:40,65900.0,500.0,836500.0
436,2021-10-21 06:20:40,65900.0,100.0,836000.0
437,2021-10-21 06:20:40,65900.0,4400.0,835900.0
438,2021-10-21 06:20:14,66500.0,1000.0,831500.0
439,2021-10-21 06:19:55,66500.0,6100.0,830500.0
440,2021-10-21 06:19:55,66500.0,100.0,824400.0
441,2021-10-21 06:19:55,66500.0,100.0,824300.0
442,2021-10-21 06:18:51,66500.0,500.0,824200.0
443,2021-10-21 06:18:51,66500.0,1000.0,823700.0
444,2021-10-21 06:18:51,66400.0,1500.0,822700.0
445,2021-10-21 06:18:51,66300.0,2500.0,821200.0
446,2021-10-21 06:18:51,66300.0,1500.0,818700.0
447,2021-10-21 06:18:51,66300.0,500.0,817200.0
448,2021-10-21 06:18:51,66300.0,1500.0,816700.0
449,2021-10-21 06:18:51,66300.0,1000.0,815200.0
450,2021-10-21 06:18:33,66000.0,3100.0,814200.0
451,2021-10-21 06:18:31,66000.0,1000.0,811100.0
452,2021-10-21 06:17:29,66000.0,200.0,810100.0
453,2021-10-21 06:17:29,66000.0,100.0,809900.0
454,2021-10-21 06:17:29,66000.0,100.0,809800.0
455,2021-10-21 06:17:29,66000.0,500.0,809700.0
456,2021-10-21 06:17:29,66000.0,100.0,809200.0
457,2021-10-21 06:17:29,66000.0,1000.0,809100.0
458,2021-10-21 06:17:29,66000.0,200.0,808100.0
459,2021-10-21 06:17:13,66000.0,800.0,807900.0
460,2021-10-21 06:17:13,66000.0,3000.0,807100.0
461,2021-10-21 06:17:13,66000.0,100.0,804100.0
462,2021-10-21 06:17:13,66000.0,100.0,804000.0
463,2021-10-21 06:17:13,66000.0,5000.0,803900.0
464,2021-10-21 06:17:13,66000.0,1000.0,798900.0
465,2021-10-21 06:17:13,66000.0,5000.0,797900.0
466,2021-10-21 06:17:13,65900.0,2000.0,792900.0
467,2021-10-21 06:17:13,65900.0,300.0,790900.0
468,2021-10-21 06:17:13,65900.0,500.0,790600.0
469,2021-10-21 06:17:13,65900.0,1000.0,790100.0
470,2021-10-21 06:17:13,65900.0,100.0,789100.0
471,2021-10-21 06:17:13,65900.0,800.0,789000.0
472,2021-10-21 06:16:53,65800.0,100.0,788200.0
473,2021-10-21 06:16:53,65800.0,100.0,788100.0
474,2021-10-21 06:16:30,65800.0,100.0,788000.0
475,2021-10-21 06:16:09,65800.0,1800.0,787900.0
476,2021-10-21 06:15:37,65800.0,1000.0,786100.0
477,2021-10-21 06:15:37,65800.0,2300.0,785100.0
478,2021-10-21 06:15:37,65800.0,100.0,782800.0
479,2021-10-21 06:15:29,65800.0,1100.0,782700.0
480,2021-10-21 06:14:48,65800.0,800.0,781600.0
481,2021-10-21 06:14:48,65800.0,1000.0,780800.0
482,2021-10-21 06:14:48,65800.0,1700.0,779800.0
483,2021-10-21 06:12:56,65800.0,300.0,778100.0
484,2021-10-21 06:12:02,65800.0,5000.0,777800.0
485,2021-10-21 06:12:02,65800.0,2000.0,772800.0
486,2021-10-21 06:12:02,65800.0,2000.0,770800.0
487,2021-10-21 06:12:02,65800.0,100.0,768800.0
488,2021-10-21 06:12:02,65800.0,600.0,768700.0
489,2021-10-21 06:10:29,65700.0,1500.0,768100.0
490,2021-10-21 06:09:27,65700.0,5000.0,766600.0
491,2021-10-21 06:09:05,65700.0,2000.0,761600.0
492,2021-10-21 06:09:05,65700.0,500.0,759600.0
493,2021-10-21 06:09:05,65700.0,2000.0,759100.0
494,2021-10-21 06:09:05,65700.0,1500.0,757100.0
495,2021-10-21 06:08:09,65700.0,3500.0,755600.0
496,2021-10-21 06:08:01,65700.0,300.0,752100.0
497,2021-10-21 06:07:56,65700.0,3000.0,751800.0
498,2021-10-21 06:07:51,65700.0,2800.0,748800.0
499,2021-10-21 06:07:41,65700.0,100.0,746000.0
500,2021-10-21 06:05:58,65700.0,300.0,745900.0
501,2021-10-21 06:05:27,65700.0,500.0,745600.0
502,2021-10-21 06:05:27,65700.0,4200.0,745100.0
503,2021-10-21 06:05:24,65700.0,2500.0,740900.0
504,2021-10-21 06:05:11,65700.0,100.0,738400.0
505,2021-10-21 06:04:35,65700.0,3200.0,738300.0
506,2021-10-21 06:04:26,65700.0,2000.0,735100.0
507,2021-10-21 06:03:56,65700.0,1700.0,733100.0
508,2021-10-21 06:03:56,65700.0,3100.0,731400.0
509,2021-10-21 06:03:14,65700.0,500.0,728300.0
510,2021-10-21 06:03:06,65700.0,200.0,727800.0
511,2021-10-21 06:02:49,65700.0,200.0,727600.0
512,2021-10-21 06:02:09,65700.0,1000.0,727400.0
513,2021-10-21 06:01:17,65600.0,200.0,726400.0
514,2021-10-21 06:01:17,65700.0,4800.0,726200.0
515,2021-10-21 06:01:17,65700.0,200.0,721400.0
516,2021-10-21 06:00:26,65600.0,600.0,721200.0
517,2021-10-21 06:00:18,65600.0,200.0,720600.0
518,2021-10-21 06:00:18,65700.0,600.0,720400.0
519,2021-10-21 06:00:13,65700.0,200.0,719800.0
520,2021-10-21 06:00:10,65700.0,500.0,719600.0
521,2021-10-21 06:00:09,65800.0,100.0,719100.0
522,2021-10-21 06:00:09,65700.0,200.0,719000.0
523,2021-10-21 06:00:09,65700.0,100.0,718800.0
524,2021-10-21 04:29:40,65600.0,600.0,718700.0
525,2021-10-21 04:29:40,65600.0,700.0,718100.0
526,2021-10-21 04:29:40,65600.0,400.0,717400.0
527,2021-10-21 04:28:38,65500.0,100.0,717000.0
528,2021-10-21 04:26:47,65500.0,1000.0,716900.0
529,2021-10-21 04:26:33,65500.0,600.0,715900.0
530,2021-10-21 04:26:33,65500.0,2000.0,715300.0
531,2021-10-21 04:26:33,65500.0,300.0,713300.0
532,2021-10-21 04:25:54,65400.0,1500.0,713000.0
533,2021-10-21 04:25:12,65500.0,200.0,711500.0
534,2021-10-21 04:25:09,65400.0,100.0,711300.0
535,2021-10-21 04:23:48,65400.0,100.0,711200.0
536,2021-10-21 04:23:43,65400.0,3000.0,711100.0
537,2021-10-21 04:23:43,65400.0,100.0,708100.0
538,2021-10-21 04:23:23,65400.0,200.0,708000.0
539,2021-10-21 04:23:05,65400.0,700.0,707800.0
540,2021-10-21 04:23:05,65400.0,800.0,707100.0
541,2021-10-21 04:23:05,65400.0,100.0,706300.0
542,2021-10-21 04:23:05,65400.0,100.0,706200.0
543,2021-10-21 04:23:02,65400.0,700.0,706100.0
544,2021-10-21 04:23:02,65400.0,1100.0,705400.0
545,2021-10-21 04:22:53,65400.0,400.0,704300.0
546,2021-10-21 04:22:53,65400.0,100.0,703900.0
547,2021-10-21 04:22:53,65400.0,2000.0,703800.0
548,2021-10-21 04:22:49,65400.0,1600.0,701800.0
549,2021-10-21 04:22:48,65400.0,2000.0,700200.0
550,2021-10-21 04:22:44,65400.0,300.0,698200.0
551,2021-10-21 04:22:40,65400.0,1400.0,697900.0
552,2021-10-21 04:22:32,65400.0,600.0,696500.0
553,2021-10-21 04:22:28,65400.0,200.0,695900.0
554,2021-10-21 04:22:24,65400.0,100.0,695700.0
555,2021-10-21 04:21:56,65400.0,1000.0,695600.0
556,2021-10-21 04:21:36,65400.0,500.0,694600.0
557,2021-10-21 04:21:36,65400.0,400.0,694100.0
558,2021-10-21 04:21:36,65400.0,100.0,693700.0
559,2021-10-21 04:20:42,65500.0,200.0,693600.0
560,2021-10-21 04:20:42,65500.0,300.0,693400.0
561,2021-10-21 04:20:05,65500.0,200.0,693100.0
562,2021-10-21 04:20:05,65500.0,200.0,692900.0
563,2021-10-21 04:20:05,65500.0,100.0,692700.0
564,2021-10-21 04:19:25,65500.0,200.0,692600.0
565,2021-10-21 04:19:19,65500.0,1000.0,692400.0
566,2021-10-21 04:19:09,65500.0,500.0,691400.0
567,2021-10-21 04:18:48,65500.0,8200.0,690900.0
568,2021-10-21 04:18:48,65500.0,500.0,682700.0
569,2021-10-21 04:18:48,65500.0,300.0,682200.0
570,2021-10-21 04:18:48,65500.0,1000.0,681900.0
571,2021-10-21 04:17:09,65600.0,100.0,680900.0
572,2021-10-21 04:16:22,65600.0,500.0,680800.0
573,2021-10-21 04:16:22,65600.0,9000.0,680300.0
574,2021-10-21 04:16:11,65600.0,300.0,671300.0
575,2021-10-21 04:15:57,65600.0,500.0,671000.0
576,2021-10-21 04:15:53,65700.0,300.0,670500.0
577,2021-10-21 04:15:13,65700.0,500.0,670200.0
578,2021-10-21 04:15:05,65700.0,500.0,669700.0
579,2021-10-21 04:14:40,65700.0,3000.0,669200.0
580,2021-10-21 04:14:24,65700.0,100.0,666200.0
581,2021-10-21 04:13:57,65700.0,2000.0,666100.0
582,2021-10-21 04:13:29,65700.0,200.0,664100.0
583,2021-10-21 04:12:47,65700.0,1700.0,663900.0
584,2021-10-21 04:12:30,65700.0,2000.0,662200.0
585,2021-10-21 04:12:17,65700.0,500.0,660200.0
586,2021-10-21 04:12:17,65700.0,6400.0,659700.0
587,2021-10-21 04:11:20,65700.0,500.0,653300.0
588,2021-10-21 04:09:37,65700.0,3000.0,652800.0
589,2021-10-21 04:09:22,65700.0,100.0,649800.0
590,2021-10-21 04:09:21,65700.0,100.0,649700.0
591,2021-10-21 04:09:21,65700.0,100.0,649600.0
592,2021-10-21 04:09:21,65700.0,1700.0,649500.0
593,2021-10-21 04:08:49,65700.0,1500.0,647800.0
594,2021-10-21 04:08:02,65700.0,4200.0,646300.0
595,2021-10-21 04:07:29,65700.0,500.0,642100.0
596,2021-10-21 04:07:29,65700.0,2100.0,641600.0
597,2021-10-21 04:07:19,65700.0,900.0,639500.0
598,2021-10-21 04:06:14,65700.0,2100.0,638600.0
599,2021-10-21 04:06:09,65600.0,200.0,636500.0
600,2021-10-21 04:05:31,65600.0,100.0,636300.0
601,2021-10-21 04:04:58,65500.0,1000.0,636200.0
602,2021-10-21 04:04:58,65500.0,700.0,635200.0
603,2021-10-21 04:04:58,65500.0,100.0,634500.0
604,2021-10-21 04:04:58,65500.0,200.0,634400.0
605,2021-10-21 04:04:25,65600.0,1000.0,634200.0
606,2021-10-21 04:04:21,65600.0,200.0,633200.0
607,2021-10-21 04:04:21,65600.0,3500.0,633000.0
608,2021-10-21 04:03:22,65600.0,5000.0,629500.0
609,2021-10-21 04:03:22,65600.0,1500.0,624500.0
610,2021-10-21 04:02:41,65600.0,100.0,623000.0
611,2021-10-21 04:02:41,65600.0,300.0,622900.0
612,2021-10-21 04:02:41,65600.0,300.0,622600.0
613,2021-10-21 04:02:41,65600.0,200.0,622300.0
614,2021-10-21 04:02:41,65600.0,200.0,622100.0
615,2021-10-21 04:02:41,65600.0,300.0,621900.0
616,2021-10-21 04:01:52,65700.0,100.0,621600.0
617,2021-10-21 04:01:52,65700.0,2800.0,621500.0
618,2021-10-21 04:01:44,65700.0,4500.0,618700.0
619,2021-10-21 04:01:37,65700.0,2400.0,614200.0
620,2021-10-21 04:01:08,65700.0,100.0,611800.0
621,2021-10-21 04:00:52,65700.0,4100.0,611700.0
622,2021-10-21 04:00:48,65700.0,300.0,607600.0
623,2021-10-21 03:59:19,65700.0,1000.0,607300.0
624,2021-10-21 03:59:07,65700.0,8000.0,606300.0
625,2021-10-21 03:58:47,65700.0,300.0,598300.0
626,2021-10-21 03:56:52,65800.0,100.0,598000.0
627,2021-10-21 03:56:09,65800.0,200.0,597900.0
628,2021-10-21 03:55:42,65800.0,200.0,597700.0
629,2021-10-21 03:55:38,65800.0,300.0,597500.0
630,2021-10-21 03:55:35,65700.0,200.0,597200.0
631,2021-10-21 03:55:14,65700.0,100.0,597000.0
632,2021-10-21 03:54:17,65700.0,6000.0,596900.0
633,2021-10-21 03:51:29,65600.0,4700.0,590900.0
634,2021-10-21 03:50:59,65600.0,300.0,586200.0
635,2021-10-21 03:50:37,65600.0,200.0,585900.0
636,2021-10-21 03:50:16,65600.0,200.0,585700.0
637,2021-10-21 03:50:16,65600.0,100.0,585500.0
638,2021-10-21 03:50:16,65600.0,500.0,585400.0
639,2021-10-21 03:50:13,65600.0,5000.0,584900.0
640,2021-10-21 03:48:56,65600.0,500.0,579900.0
641,2021-10-21 03:48:56,65600.0,100.0,579400.0
642,2021-10-21 03:48:56,65600.0,100.0,579300.0
643,2021-10-21 03:48:44,65700.0,600.0,579200.0
644,2021-10-21 03:48:25,65700.0,200.0,578600.0
645,2021-10-21 03:47:32,65700.0,400.0,578400.0
646,2021-10-21 03:47:32,65700.0,300.0,578000.0
647,2021-10-21 03:47:05,65800.0,500.0,577700.0
648,2021-10-21 03:47:05,65800.0,800.0,577200.0
649,2021-10-21 03:46:52,65700.0,100.0,576400.0
650,2021-10-21 03:46:26,65700.0,200.0,576300.0
651,2021-10-21 03:45:03,65700.0,3000.0,576100.0
652,2021-10-21 03:45:03,65700.0,500.0,573100.0
653,2021-10-21 03:44:22,65500.0,5000.0,572600.0
654,2021-10-21 03:43:36,65400.0,200.0,567600.0
655,2021-10-21 03:43:09,65400.0,700.0,567400.0
656,2021-10-21 03:43:09,65400.0,300.0,566700.0
657,2021-10-21 03:42:41,65400.0,200.0,566400.0
658,2021-10-21 03:42:15,65600.0,900.0,566200.0
659,2021-10-21 03:41:34,65500.0,100.0,565300.0
660,2021-10-21 03:40:38,65300.0,100.0,565200.0
661,2021-10-21 03:39:28,65300.0,500.0,565100.0
662,2021-10-21 03:38:44,65300.0,2200.0,564600.0
663,2021-10-21 03:38:44,65400.0,100.0,562400.0
664,2021-10-21 03:38:44,65400.0,100.0,562300.0
665,2021-10-21 03:38:44,65400.0,400.0,562200.0
666,2021-10-21 03:38:44,65400.0,200.0,561800.0
667,2021-10-21 03:34:42,65300.0,2400.0,561600.0
668,2021-10-21 03:34:30,65400.0,100.0,559200.0
669,2021-10-21 03:34:26,65400.0,100.0,559100.0
670,2021-10-21 03:34:26,65400.0,400.0,559000.0
671,2021-10-21 03:33:25,65400.0,100.0,558600.0
672,2021-10-21 03:32:19,65200.0,100.0,558500.0
673,2021-10-21 03:32:19,65200.0,500.0,558400.0
674,2021-10-21 03:32:19,65200.0,200.0,557900.0
675,2021-10-21 03:32:19,65200.0,300.0,557700.0
676,2021-10-21 03:32:12,65300.0,100.0,557400.0
677,2021-10-21 03:31:59,65300.0,2000.0,557300.0
678,2021-10-21 03:31:59,65300.0,300.0,555300.0
679,2021-10-21 03:31:59,65400.0,1000.0,555000.0
680,2021-10-21 03:31:59,65500.0,500.0,554000.0
681,2021-10-21 03:31:59,65500.0,500.0,553500.0
682,2021-10-21 03:31:59,65500.0,100.0,553000.0
683,2021-10-21 03:31:59,65500.0,400.0,552900.0
684,2021-10-21 03:30:56,65500.0,100.0,552500.0
685,2021-10-21 03:29:38,65500.0,900.0,552400.0
686,2021-10-21 03:29:28,65200.0,200.0,551500.0
687,2021-10-21 03:29:20,65300.0,1000.0,551300.0
688,2021-10-21 03:29:11,65500.0,100.0,550300.0
689,2021-10-21 03:29:11,65500.0,700.0,550200.0
690,2021-10-21 03:29:11,65500.0,500.0,549500.0
691,2021-10-21 03:29:11,65500.0,800.0,549000.0
692,2021-10-21 03:28:43,65900.0,500.0,548200.0
693,2021-10-21 03:27:46,65900.0,500.0,547700.0
694,2021-10-21 03:27:46,65900.0,200.0,547200.0
695,2021-10-21 03:27:15,66000.0,500.0,547000.0
696,2021-10-21 03:27:15,66000.0,900.0,546500.0
697,2021-10-21 03:27:15,66000.0,1100.0,545600.0
698,2021-10-21 03:27:02,66000.0,900.0,544500.0
699,2021-10-21 03:27:00,66000.0,200.0,543600.0
700,2021-10-21 03:26:51,66000.0,200.0,543400.0
701,2021-10-21 03:26:50,66000.0,5000.0,543200.0
702,2021-10-21 03:26:45,66000.0,500.0,538200.0
703,2021-10-21 03:26:08,66000.0,200.0,537700.0
704,2021-10-21 03:25:41,66000.0,1900.0,537500.0
705,2021-10-21 03:25:23,66000.0,600.0,535600.0
706,2021-10-21 03:25:04,66000.0,3000.0,535000.0
707,2021-10-21 03:24:57,66000.0,100.0,532000.0
708,2021-10-21 03:24:35,66000.0,2000.0,531900.0
709,2021-10-21 03:24:29,66000.0,500.0,529900.0
710,2021-10-21 03:24:27,66000.0,300.0,529400.0
711,2021-10-21 03:24:27,66000.0,4000.0,529100.0
712,2021-10-21 03:24:27,66000.0,100.0,525100.0
713,2021-10-21 03:24:27,66000.0,300.0,525000.0
714,2021-10-21 03:24:27,66000.0,100.0,524700.0
715,2021-10-21 03:24:27,66000.0,1600.0,524600.0
716,2021-10-21 03:24:27,66000.0,600.0,523000.0
717,2021-10-21 03:24:27,66000.0,100.0,522400.0
718,2021-10-21 03:24:27,66000.0,500.0,522300.0
719,2021-10-21 03:24:27,66000.0,3000.0,521800.0
720,2021-10-21 03:24:27,66000.0,2000.0,518800.0
721,2021-10-21 03:24:27,66000.0,100.0,516800.0
722,2021-10-21 03:24:27,66000.0,1100.0,516700.0
723,2021-10-21 03:24:19,66000.0,1100.0,515600.0
724,2021-10-21 03:24:10,65900.0,300.0,514500.0
725,2021-10-21 03:24:10,65900.0,700.0,514200.0
726,2021-10-21 03:23:53,65900.0,800.0,513500.0
727,2021-10-21 03:23:40,65900.0,1000.0,512700.0
728,2021-10-21 03:23:03,65900.0,100.0,511700.0
729,2021-10-21 03:23:03,65800.0,600.0,511600.0
730,2021-10-21 03:22:33,65500.0,5100.0,511000.0
731,2021-10-21 03:20:47,65100.0,4400.0,505900.0
732,2021-10-21 03:20:47,65100.0,5000.0,501500.0
733,2021-10-21 03:20:47,65100.0,100.0,496500.0
734,2021-10-21 03:20:47,65100.0,400.0,496400.0
735,2021-10-21 03:20:47,65100.0,100.0,496000.0
736,2021-10-21 03:20:11,65100.0,100.0,495900.0
737,2021-10-21 03:18:58,65000.0,5500.0,495800.0
738,2021-10-21 03:18:58,65100.0,500.0,490300.0
739,2021-10-21 03:18:58,65100.0,100.0,489800.0
740,2021-10-21 03:18:58,65100.0,1000.0,489700.0
741,2021-10-21 03:18:58,65100.0,1000.0,488700.0
742,2021-10-21 03:18:58,65100.0,200.0,487700.0
743,2021-10-21 03:18:58,65100.0,500.0,487500.0
744,2021-10-21 03:18:05,65100.0,600.0,487000.0
745,2021-10-21 03:18:05,65100.0,200.0,486400.0
746,2021-10-21 03:18:05,65100.0,100.0,486200.0
747,2021-10-21 03:17:35,65500.0,1000.0,486100.0
748,2021-10-21 03:17:24,65500.0,200.0,485100.0
749,2021-10-21 03:17:01,65800.0,1400.0,484900.0
750,2021-10-21 03:17:01,65500.0,700.0,483500.0
751,2021-10-21 03:17:01,65500.0,300.0,482800.0
752,2021-10-21 03:17:01,65500.0,100.0,482500.0
753,2021-10-21 03:17:01,65500.0,500.0,482400.0
754,2021-10-21 03:16:55,65000.0,200.0,481900.0
755,2021-10-21 03:16:55,65100.0,100.0,481700.0
756,2021-10-21 03:16:48,65000.0,3500.0,481600.0
757,2021-10-21 03:16:44,65000.0,10000.0,478100.0
758,2021-10-21 03:16:44,65100.0,1000.0,468100.0
759,2021-10-21 03:16:25,65000.0,100.0,467100.0
760,2021-10-21 03:16:18,65000.0,300.0,467000.0
761,2021-10-21 03:16:14,65000.0,2000.0,466700.0
762,2021-10-21 03:16:14,65000.0,100.0,464700.0
763,2021-10-21 03:16:14,65000.0,20000.0,464600.0
764,2021-10-21 03:16:14,65000.0,100.0,444600.0
765,2021-10-21 03:16:14,65000.0,13000.0,444500.0
766,2021-10-21 03:15:57,64900.0,600.0,431500.0
767,2021-10-21 03:15:55,64900.0,400.0,430900.0
768,2021-10-21 03:15:50,64800.0,200.0,430500.0
769,2021-10-21 03:15:50,64800.0,700.0,430300.0
770,2021-10-21 03:15:50,64800.0,100.0,429600.0
771,2021-10-21 03:15:50,64800.0,500.0,429500.0
772,2021-10-21 03:15:50,64800.0,100.0,429000.0
773,2021-10-21 03:15:50,64800.0,100.0,428900.0
774,2021-10-21 03:15:50,64800.0,1000.0,428800.0
775,2021-10-21 03:15:50,64800.0,200.0,427800.0
776,2021-10-21 03:15:50,64900.0,1000.0,427600.0
777,2021-10-21 03:15:50,64900.0,100.0,426600.0
778,2021-10-21 03:15:50,64900.0,500.0,426500.0
779,2021-10-21 03:15:50,64900.0,600.0,426000.0
780,2021-10-21 03:15:37,65000.0,100.0,425400.0
781,2021-10-21 03:15:36,65000.0,100.0,425300.0
782,2021-10-21 03:15:36,65000.0,100.0,425200.0
783,2021-10-21 03:15:36,65000.0,200.0,425100.0
784,2021-10-21 03:15:36,65000.0,6400.0,424900.0
785,2021-10-21 03:15:23,65000.0,3600.0,418500.0
786,2021-10-21 03:15:19,65000.0,300.0,414900.0
787,2021-10-21 03:15:13,65000.0,500.0,414600.0
788,2021-10-21 03:15:13,65000.0,100.0,414100.0
789,2021-10-21 03:15:09,65000.0,1000.0,414000.0
790,2021-10-21 03:15:08,65000.0,200.0,413000.0
791,2021-10-21 03:15:02,65000.0,300.0,412800.0
792,2021-10-21 03:15:01,65000.0,100.0,412500.0
793,2021-10-21 03:15:01,65000.0,100.0,412400.0
794,2021-10-21 03:15:01,65100.0,8800.0,412300.0
795,2021-10-21 03:14:52,65100.0,1000.0,403500.0
796,2021-10-21 03:14:51,65000.0,1000.0,402500.0
797,2021-10-21 03:14:51,65000.0,1000.0,401500.0
798,2021-10-21 03:14:51,65000.0,300.0,400500.0
799,2021-10-21 03:14:51,65000.0,1200.0,400200.0
800,2021-10-21 03:14:30,65000.0,300.0,399000.0
801,2021-10-21 03:14:28,65000.0,1500.0,398700.0
802,2021-10-21 03:14:27,65000.0,1800.0,397200.0
803,2021-10-21 03:14:27,65000.0,100.0,395400.0
804,2021-10-21 03:14:27,65000.0,100.0,395300.0
805,2021-10-21 03:14:15,65000.0,1900.0,395200.0
806,2021-10-21 03:14:13,64800.0,100.0,393300.0
807,2021-10-21 03:14:11,65000.0,1000.0,393200.0
808,2021-10-21 03:14:04,64800.0,100.0,392200.0
809,2021-10-21 03:14:00,65000.0,500.0,392100.0
810,2021-10-21 03:13:51,64800.0,100.0,391600.0
811,2021-10-21 03:13:42,65000.0,200.0,391500.0
812,2021-10-21 03:13:33,64700.0,2300.0,391300.0
813,2021-10-21 03:13:33,64700.0,1000.0,389000.0
814,2021-10-21 03:13:33,64700.0,500.0,388000.0
815,2021-10-21 03:13:14,65000.0,1000.0,387500.0
816,2021-10-21 03:13:14,65000.0,300.0,386500.0
817,2021-10-21 03:13:04,65000.0,100.0,386200.0
818,2021-10-21 03:12:24,64500.0,400.0,386100.0
819,2021-10-21 03:12:24,64500.0,200.0,385700.0
820,2021-10-21 03:12:21,64500.0,400.0,385500.0
821,2021-10-21 03:12:21,64500.0,400.0,385100.0
822,2021-10-21 03:12:17,64500.0,200.0,384700.0
823,2021-10-21 03:12:15,64500.0,500.0,384500.0
824,2021-10-21 03:12:14,64500.0,200.0,384000.0
825,2021-10-21 03:12:14,64500.0,300.0,383800.0
826,2021-10-21 03:12:14,64500.0,1000.0,383500.0
827,2021-10-21 03:12:14,64500.0,100.0,382500.0
828,2021-10-21 03:12:14,64500.0,200.0,382400.0
829,2021-10-21 03:12:14,64500.0,100.0,382200.0
830,2021-10-21 03:12:14,64500.0,3300.0,382100.0
831,2021-10-21 03:11:47,64500.0,100.0,378800.0
832,2021-10-21 03:11:44,64500.0,300.0,378700.0
833,2021-10-21 03:11:44,64500.0,500.0,378400.0
834,2021-10-21 03:11:44,64500.0,5000.0,377900.0
835,2021-10-21 03:11:44,64500.0,900.0,372900.0
836,2021-10-21 03:11:44,64500.0,700.0,372000.0
837,2021-10-21 03:11:44,64500.0,100.0,371300.0
838,2021-10-21 03:11:44,64500.0,400.0,371200.0
839,2021-10-21 03:11:44,64500.0,100.0,370800.0
840,2021-10-21 03:11:44,64500.0,500.0,370700.0
841,2021-10-21 03:11:44,64500.0,300.0,370200.0
842,2021-10-21 03:11:44,64500.0,500.0,369900.0
843,2021-10-21 03:11:44,64500.0,300.0,369400.0
844,2021-10-21 03:11:44,64500.0,200.0,369100.0
845,2021-10-21 03:11:44,64500.0,100.0,368900.0
846,2021-10-21 03:11:37,64500.0,500.0,368800.0
847,2021-10-21 03:11:37,64500.0,100.0,368300.0
848,2021-10-21 03:11:37,64500.0,100.0,368200.0
849,2021-10-21 03:11:37,64500.0,200.0,368100.0
850,2021-10-21 03:11:37,64500.0,500.0,367900.0
851,2021-10-21 03:11:37,64500.0,100.0,367400.0
852,2021-10-21 03:11:37,64500.0,500.0,367300.0
853,2021-10-21 03:11:37,64500.0,500.0,366800.0
854,2021-10-21 03:11:37,64500.0,300.0,366300.0
855,2021-10-21 03:11:37,64500.0,400.0,366000.0
856,2021-10-21 03:11:37,64500.0,200.0,365600.0
857,2021-10-21 03:11:37,64500.0,1000.0,365400.0
858,2021-10-21 03:11:37,64500.0,100.0,364400.0
859,2021-10-21 03:11:37,64500.0,500.0,364300.0
860,2021-10-21 03:11:37,64600.0,600.0,363800.0
861,2021-10-21 03:11:37,64600.0,100.0,363200.0
862,2021-10-21 03:11:26,64500.0,1800.0,363100.0
863,2021-10-21 03:11:26,65000.0,100.0,361300.0
864,2021-10-21 03:11:26,65000.0,3100.0,361200.0
865,2021-10-21 03:11:25,65000.0,1900.0,358100.0
866,2021-10-21 03:11:17,65000.0,100.0,356200.0
867,2021-10-21 03:11:13,64500.0,2500.0,356100.0
868,2021-10-21 03:11:13,65000.0,300.0,353600.0
869,2021-10-21 03:11:13,65000.0,900.0,353300.0
870,2021-10-21 03:11:13,65000.0,1400.0,352400.0
871,2021-10-21 03:11:02,65000.0,600.0,351000.0
872,2021-10-21 03:11:01,65000.0,400.0,350400.0
873,2021-10-21 03:10:54,64500.0,300.0,350000.0
874,2021-10-21 03:10:53,64500.0,12400.0,349700.0
875,2021-10-21 03:10:53,64500.0,100.0,337300.0
876,2021-10-21 03:10:53,64500.0,500.0,337200.0
877,2021-10-21 03:10:53,64500.0,2800.0,336700.0
878,2021-10-21 03:10:53,64700.0,1000.0,333900.0
879,2021-10-21 03:10:53,64700.0,400.0,332900.0
880,2021-10-21 03:10:53,64700.0,1000.0,332500.0
881,2021-10-21 03:10:53,64800.0,200.0,331500.0
882,2021-10-21 03:10:53,64800.0,300.0,331300.0
883,2021-10-21 03:10:53,65000.0,200.0,331000.0
884,2021-10-21 03:10:53,65000.0,100.0,330800.0
885,2021-10-21 03:10:53,65100.0,1000.0,330700.0
886,2021-10-21 03:10:48,65500.0,2300.0,329700.0
887,2021-10-21 03:10:38,65500.0,1900.0,327400.0
888,2021-10-21 03:10:37,65500.0,2300.0,325500.0
889,2021-10-21 03:10:37,65000.0,1000.0,323200.0
890,2021-10-21 03:10:37,65000.0,700.0,322200.0
891,2021-10-21 03:10:32,65000.0,100.0,321500.0
892,2021-10-21 03:10:32,65000.0,200.0,321400.0
893,2021-10-21 03:10:26,65000.0,100.0,321200.0
894,2021-10-21 03:10:26,65000.0,300.0,321100.0
895,2021-10-21 03:10:26,65000.0,200.0,320800.0
896,2021-10-21 03:10:26,65000.0,400.0,320600.0
897,2021-10-21 03:10:26,65000.0,500.0,320200.0
898,2021-10-21 03:10:26,65000.0,400.0,319700.0
899,2021-10-21 03:10:26,65000.0,100.0,319300.0
900,2021-10-21 03:10:26,65000.0,200.0,319200.0
901,2021-10-21 03:10:26,65000.0,500.0,319000.0
902,2021-10-21 03:10:26,65000.0,200.0,318500.0
903,2021-10-21 03:10:26,65100.0,1000.0,318300.0
904,2021-10-21 03:10:26,65200.0,100.0,317300.0
905,2021-10-21 03:10:26,65200.0,5000.0,317200.0
906,2021-10-21 03:10:12,65000.0,3900.0,312200.0
907,2021-10-21 03:10:12,65000.0,2700.0,308300.0
908,2021-10-21 03:10:12,65100.0,200.0,305600.0
909,2021-10-21 03:10:12,65200.0,200.0,305400.0
910,2021-10-21 03:09:42,65000.0,2300.0,305200.0
911,2021-10-21 03:09:42,65000.0,100.0,302900.0
912,2021-10-21 03:09:42,65000.0,100.0,302800.0
913,2021-10-21 03:09:42,65000.0,100.0,302700.0
914,2021-10-21 03:09:42,65000.0,500.0,302600.0
915,2021-10-21 03:09:42,65000.0,300.0,302100.0
916,2021-10-21 03:09:42,65000.0,20000.0,301800.0
917,2021-10-21 03:09:42,65000.0,500.0,281800.0
918,2021-10-21 03:09:42,65000.0,100.0,281300.0
919,2021-10-21 03:09:42,65000.0,300.0,281200.0
920,2021-10-21 03:09:42,65000.0,300.0,280900.0
921,2021-10-21 03:09:42,65000.0,200.0,280600.0
922,2021-10-21 03:09:42,65000.0,300.0,280400.0
923,2021-10-21 03:09:42,65000.0,400.0,280100.0
924,2021-10-21 03:09:42,65200.0,5000.0,279700.0
925,2021-10-21 03:09:42,65500.0,300.0,274700.0
926,2021-10-21 03:09:42,65500.0,100.0,274400.0
927,2021-10-21 03:09:42,65500.0,300.0,274300.0
928,2021-10-21 03:09:42,65500.0,1600.0,274000.0
929,2021-10-21 03:09:34,65500.0,8400.0,272400.0
930,2021-10-21 03:09:34,65500.0,100.0,264000.0
931,2021-10-21 03:09:34,65500.0,500.0,263900.0
932,2021-10-21 03:09:34,65500.0,200.0,263400.0
933,2021-10-21 03:09:34,65600.0,800.0,263200.0
934,2021-10-21 03:09:31,65600.0,100.0,262400.0
935,2021-10-21 03:09:28,65600.0,100.0,262300.0
936,2021-10-21 03:09:26,65600.0,500.0,262200.0
937,2021-10-21 03:09:20,65600.0,100.0,261700.0
938,2021-10-21 03:09:16,65600.0,200.0,261600.0
939,2021-10-21 03:09:16,65600.0,200.0,261400.0
940,2021-10-21 03:09:15,65800.0,300.0,261200.0
941,2021-10-21 03:09:02,65800.0,300.0,260900.0
942,2021-10-21 03:09:02,65800.0,100.0,260600.0
943,2021-10-21 03:09:02,65800.0,100.0,260500.0
944,2021-10-21 03:09:02,65800.0,500.0,260400.0
945,2021-10-21 03:09:02,65800.0,100.0,259900.0
946,2021-10-21 03:08:25,65900.0,200.0,259800.0
947,2021-10-21 03:08:11,65900.0,500.0,259600.0
948,2021-10-21 03:07:47,66000.0,1000.0,259100.0
949,2021-10-21 03:07:06,66000.0,100.0,258100.0
950,2021-10-21 03:07:06,66000.0,1000.0,258000.0
951,2021-10-21 03:07:06,66000.0,100.0,257000.0
952,2021-10-21 03:07:06,66000.0,100.0,256900.0
953,2021-10-21 03:07:06,66000.0,1000.0,256800.0
954,2021-10-21 03:07:06,66000.0,100.0,255800.0
955,2021-10-21 03:07:06,66000.0,300.0,255700.0
956,2021-10-21 03:07:06,66000.0,2000.0,255400.0
957,2021-10-21 03:07:06,66000.0,300.0,253400.0
958,2021-10-21 03:07:06,66000.0,100.0,253100.0
959,2021-10-21 03:07:06,66000.0,400.0,253000.0
960,2021-10-21 03:07:06,66000.0,800.0,252600.0
961,2021-10-21 03:07:06,66000.0,300.0,251800.0
962,2021-10-21 03:07:06,66000.0,500.0,251500.0
963,2021-10-21 03:07:06,66000.0,3300.0,251000.0
964,2021-10-21 03:07:06,66100.0,100.0,247700.0
965,2021-10-21 03:06:52,66000.0,5000.0,247600.0
966,2021-10-21 03:06:52,66000.0,500.0,242600.0
967,2021-10-21 03:06:25,66100.0,100.0,242100.0
968,2021-10-21 03:06:25,66100.0,100.0,242000.0
969,2021-10-21 03:05:05,66200.0,100.0,241900.0
970,2021-10-21 03:04:56,66200.0,300.0,241800.0
971,2021-10-21 03:04:07,66200.0,300.0,241500.0
972,2021-10-21 03:03:43,66200.0,100.0,241200.0
973,2021-10-21 03:02:57,66100.0,100.0,241100.0
974,2021-10-21 03:02:47,66000.0,200.0,241000.0
975,2021-10-21 03:00:37,66000.0,300.0,240800.0
976,2021-10-21 03:00:21,66000.0,100.0,240500.0
977,2021-10-21 03:00:18,66000.0,600.0,240400.0
978,2021-10-21 03:00:10,66000.0,100.0,239800.0
979,2021-10-21 03:00:10,66000.0,400.0,239700.0
980,2021-10-21 03:00:10,66000.0,300.0,239300.0
981,2021-10-21 03:00:10,66000.0,200.0,239000.0
982,2021-10-21 03:00:04,66000.0,5700.0,238800.0
983,2021-10-21 03:00:04,66000.0,1000.0,233100.0
984,2021-10-21 03:00:04,66000.0,1000.0,232100.0
985,2021-10-21 03:00:04,66000.0,1000.0,231100.0
986,2021-10-21 03:00:04,66000.0,500.0,230100.0
987,2021-10-21 03:00:04,66000.0,300.0,229600.0
988,2021-10-21 03:00:04,66000.0,1000.0,229300.0
989,2021-10-21 02:59:32,66000.0,1000.0,228300.0
990,2021-10-21 02:58:30,66000.0,1000.0,227300.0
991,2021-10-21 02:58:26,66000.0,200.0,226300.0
992,2021-10-21 02:58:26,66000.0,1000.0,226100.0
993,2021-10-21 02:58:26,66000.0,700.0,225100.0
994,2021-10-21 02:58:00,66000.0,800.0,224400.0
995,2021-10-21 02:58:00,66000.0,200.0,223600.0
996,2021-10-21 02:57:55,66000.0,400.0,223400.0
997,2021-10-21 02:57:12,66000.0,100.0,223000.0
998,2021-10-21 02:57:03,66000.0,29500.0,222900.0
999,2021-10-21 02:57:03,66000.0,500.0,193400.0
1000,2021-10-21 02:57:03,66000.0,300.0,192900.0
1001,2021-10-21 02:57:03,66000.0,2000.0,192600.0
1002,2021-10-21 02:57:03,66000.0,100.0,190600.0
1003,2021-10-21 02:57:03,66000.0,5000.0,190500.0
1004,2021-10-21 02:57:03,66000.0,1500.0,185500.0
1005,2021-10-21 02:57:03,66000.0,2000.0,184000.0
1006,2021-10-21 02:57:03,66000.0,2000.0,182000.0
1007,2021-10-21 02:57:03,66000.0,300.0,180000.0
1008,2021-10-21 02:57:03,66000.0,500.0,179700.0
1009,2021-10-21 02:57:03,66000.0,200.0,179200.0
1010,2021-10-21 02:57:03,66000.0,200.0,179000.0
1011,2021-10-21 02:57:03,66000.0,100.0,178800.0
1012,2021-10-21 02:57:03,66000.0,3700.0,178700.0
1013,2021-10-21 02:57:03,66100.0,300.0,175000.0
1014,2021-10-21 02:57:03,66100.0,200.0,174700.0
1015,2021-10-21 02:57:03,66100.0,1000.0,174500.0
1016,2021-10-21 02:57:03,66100.0,100.0,173500.0
1017,2021-10-21 02:57:03,66100.0,200.0,173400.0
1018,2021-10-21 02:57:03,66200.0,300.0,173200.0
1019,2021-10-21 02:56:15,66200.0,700.0,172900.0
1020,2021-10-21 02:56:15,66200.0,1000.0,172200.0
1021,2021-10-21 02:56:15,66200.0,300.0,171200.0
1022,2021-10-21 02:56:05,66300.0,100.0,170900.0
1023,2021-10-21 02:56:05,66300.0,100.0,170800.0
1024,2021-10-21 02:55:46,66200.0,100.0,170700.0
1025,2021-10-21 02:55:14,66200.0,100.0,170600.0
1026,2021-10-21 02:54:39,66200.0,100.0,170500.0
1027,2021-10-21 02:54:33,66100.0,400.0,170400.0
1028,2021-10-21 02:54:33,66100.0,100.0,170000.0
1029,2021-10-21 02:53:57,66100.0,500.0,169900.0
1030,2021-10-21 02:53:57,66100.0,1000.0,169400.0
1031,2021-10-21 02:52:31,66000.0,500.0,168400.0
1032,2021-10-21 02:51:49,66200.0,1000.0,167900.0
1033,2021-10-21 02:50:39,66300.0,300.0,166900.0
1034,2021-10-21 02:50:01,66000.0,5800.0,166600.0
1035,2021-10-21 02:50:01,66000.0,900.0,160800.0
1036,2021-10-21 02:50:01,66000.0,300.0,159900.0
1037,2021-10-21 02:50:01,66000.0,1000.0,159600.0
1038,2021-10-21 02:50:01,66000.0,100.0,158600.0
1039,2021-10-21 02:50:01,66000.0,100.0,158500.0
1040,2021-10-21 02:50:01,66000.0,1000.0,158400.0
1041,2021-10-21 02:50:01,66000.0,100.0,157400.0
1042,2021-10-21 02:50:01,66000.0,1600.0,157300.0
1043,2021-10-21 02:50:01,66000.0,800.0,155700.0
1044,2021-10-21 02:50:01,66100.0,1200.0,154900.0
1045,2021-10-21 02:50:01,66100.0,100.0,153700.0
1046,2021-10-21 02:50:01,66100.0,100.0,153600.0
1047,2021-10-21 02:50:01,66100.0,100.0,153500.0
1048,2021-10-21 02:50:01,66100.0,2000.0,153400.0
1049,2021-10-21 02:50:01,66100.0,2000.0,151400.0
1050,2021-10-21 02:50:01,66100.0,9500.0,149400.0
1051,2021-10-21 02:50:01,66200.0,3100.0,139900.0
1052,2021-10-21 02:50:01,66200.0,100.0,136800.0
1053,2021-10-21 02:50:01,66200.0,200.0,136700.0
1054,2021-10-21 02:50:01,66200.0,1000.0,136500.0
1055,2021-10-21 02:50:01,66200.0,100.0,135500.0
1056,2021-10-21 02:49:09,66300.0,100.0,135400.0
1057,2021-10-21 02:49:09,66300.0,200.0,135300.0
1058,2021-10-21 02:49:09,66300.0,700.0,135100.0
1059,2021-10-21 02:49:09,66300.0,200.0,134400.0
1060,2021-10-21 02:49:07,66300.0,100.0,134200.0
1061,2021-10-21 02:47:43,66300.0,100.0,134100.0
1062,2021-10-21 02:47:21,66300.0,100.0,134000.0
1063,2021-10-21 02:46:52,66300.0,500.0,133900.0
1064,2021-10-21 02:46:52,66300.0,300.0,133400.0
1065,2021-10-21 02:46:27,66300.0,700.0,133100.0
1066,2021-10-21 02:46:27,66300.0,300.0,132400.0
1067,2021-10-21 02:45:05,66300.0,200.0,132100.0
1068,2021-10-21 02:45:05,66300.0,300.0,131900.0
1069,2021-10-21 02:45:05,66300.0,200.0,131600.0
1070,2021-10-21 02:44:54,66300.0,200.0,131400.0
1071,2021-10-21 02:44:34,66300.0,1100.0,131200.0
1072,2021-10-21 02:44:34,66300.0,100.0,130100.0
1073,2021-10-21 02:44:34,66300.0,100.0,130000.0
1074,2021-10-21 02:44:34,66300.0,200.0,129900.0
1075,2021-10-21 02:43:24,66400.0,300.0,129700.0
1076,2021-10-21 02:42:56,66400.0,500.0,129400.0
1077,2021-10-21 02:42:50,66400.0,400.0,128900.0
1078,2021-10-21 02:42:50,66400.0,2000.0,128500.0
1079,2021-10-21 02:42:48,66300.0,400.0,126500.0
1080,2021-10-21 02:42:31,66300.0,700.0,126100.0
1081,2021-10-21 02:42:19,66400.0,100.0,125400.0
1082,2021-10-21 02:41:14,66400.0,200.0,125300.0
1083,2021-10-21 02:40:39,66400.0,400.0,125100.0
1084,2021-10-21 02:39:40,66400.0,8600.0,124700.0
1085,2021-10-21 02:39:40,66400.0,900.0,116100.0
1086,2021-10-21 02:38:45,66300.0,1500.0,115200.0
1087,2021-10-21 02:38:27,66400.0,18400.0,113700.0
1088,2021-10-21 02:38:27,66400.0,6600.0,95300.0
1089,2021-10-21 02:38:27,66400.0,100.0,88700.0
1090,2021-10-21 02:38:27,66400.0,100.0,88600.0
1091,2021-10-21 02:38:27,66400.0,100.0,88500.0
1092,2021-10-21 02:38:27,66400.0,1200.0,88400.0
1093,2021-10-21 02:38:27,66600.0,100.0,87200.0
1094,2021-10-21 02:38:27,66600.0,1800.0,87100.0
1095,2021-10-21 02:37:44,66700.0,400.0,85300.0
1096,2021-10-21 02:37:03,66700.0,100.0,84900.0
1097,2021-10-21 02:36:39,66700.0,2000.0,84800.0
1098,2021-10-21 02:36:13,66600.0,500.0,82800.0
1099,2021-10-21 02:36:13,66600.0,800.0,82300.0
1100,2021-10-21 02:36:13,66500.0,2200.0,81500.0
1101,2021-10-21 02:36:13,66500.0,100.0,79300.0
1102,2021-10-21 02:36:13,66500.0,600.0,79200.0
1103,2021-10-21 02:35:57,66500.0,200.0,78600.0
1104,2021-10-21 02:35:55,66400.0,200.0,78400.0
1105,2021-10-21 02:35:53,66400.0,500.0,78200.0
1106,2021-10-21 02:35:43,66400.0,100.0,77700.0
1107,2021-10-21 02:35:43,66400.0,13000.0,77600.0
1108,2021-10-21 02:35:28,66400.0,200.0,64600.0
1109,2021-10-21 02:35:28,66400.0,200.0,64400.0
1110,2021-10-21 02:35:28,66400.0,200.0,64200.0
1111,2021-10-21 02:35:28,66400.0,6400.0,64000.0
1112,2021-10-21 02:35:24,66400.0,200.0,57600.0
1113,2021-10-21 02:35:18,66400.0,100.0,57400.0
1114,2021-10-21 02:33:10,66400.0,1600.0,57300.0
1115,2021-10-21 02:32:39,66400.0,1700.0,55700.0
1116,2021-10-21 02:32:35,66300.0,200.0,54000.0
1117,2021-10-21 02:32:15,66300.0,1000.0,53800.0
1118,2021-10-21 02:32:15,66300.0,800.0,52800.0
1119,2021-10-21 02:31:51,66300.0,200.0,52000.0
1120,2021-10-21 02:31:19,66300.0,1000.0,51800.0
1121,2021-10-21 02:30:24,66300.0,200.0,50800.0
1122,2021-10-21 02:30:16,66400.0,2300.0,50600.0
1123,2021-10-21 02:29:25,66300.0,500.0,48300.0
1124,2021-10-21 02:29:25,66300.0,300.0,47800.0
1125,2021-10-21 02:29:01,66300.0,100.0,47500.0
1126,2021-10-21 02:28:19,66200.0,100.0,47400.0
1127,2021-10-21 02:28:12,66100.0,500.0,47300.0
1128,2021-10-21 02:28:08,66100.0,300.0,46800.0
1129,2021-10-21 02:27:48,66100.0,100.0,46500.0
1130,2021-10-21 02:27:48,66100.0,400.0,46400.0
1131,2021-10-21 02:27:48,66100.0,1200.0,46000.0
1132,2021-10-21 02:27:44,66100.0,100.0,44800.0
1133,2021-10-21 02:27:44,66100.0,500.0,44700.0
1134,2021-10-21 02:27:44,66100.0,200.0,44200.0
1135,2021-10-21 02:27:44,66100.0,100.0,44000.0
1136,2021-10-21 02:27:44,66100.0,800.0,43900.0
1137,2021-10-21 02:27:42,66100.0,100.0,43100.0
1138,2021-10-21 02:25:30,66100.0,500.0,43000.0
1139,2021-10-21 02:24:57,66100.0,500.0,42500.0
1140,2021-10-21 02:24:18,66100.0,1000.0,42000.0
1141,2021-10-21 02:24:13,66000.0,500.0,41000.0
1142,2021-10-21 02:24:06,66100.0,1000.0,40500.0
1143,2021-10-21 02:23:55,66100.0,400.0,39500.0
1144,2021-10-21 02:23:51,66000.0,300.0,39100.0
1145,2021-10-21 02:23:51,66000.0,4700.0,38800.0
1146,2021-10-21 02:23:49,66000.0,300.0,34100.0
1147,2021-10-21 02:23:49,66000.0,500.0,33800.0
1148,2021-10-21 02:23:49,66000.0,500.0,33300.0
1149,2021-10-21 02:23:49,66000.0,100.0,32800.0
1150,2021-10-21 02:23:49,66000.0,100.0,32700.0
1151,2021-10-21 02:23:10,66100.0,1300.0,32600.0
1152,2021-10-21 02:23:04,66100.0,200.0,31300.0
1153,2021-10-21 02:22:49,66100.0,5000.0,31100.0
1154,2021-10-21 02:22:40,66100.0,100.0,26100.0
1155,2021-10-21 02:22:40,66100.0,5000.0,26000.0
1156,2021-10-21 02:22:40,66100.0,4900.0,21000.0
1157,2021-10-21 02:22:32,66200.0,200.0,16100.0
1158,2021-10-21 02:22:14,66200.0,400.0,15900.0
1159,2021-10-21 02:22:14,66200.0,400.0,15500.0
1160,2021-10-21 02:22:14,66200.0,200.0,15100.0
1161,2021-10-21 02:21:49,66300.0,1000.0,14900.0
1162,2021-10-21 02:21:38,66300.0,200.0,13900.0
1163,2021-10-21 02:21:29,66300.0,300.0,13700.0
1164,2021-10-21 02:21:29,66300.0,100.0,13400.0
1165,2021-10-21 02:21:08,66300.0,100.0,13300.0
1166,2021-10-21 02:20:38,66400.0,100.0,13200.0
1167,2021-10-21 02:20:38,66400.0,300.0,13100.0
1168,2021-10-21 02:20:38,66400.0,200.0,12800.0
1169,2021-10-21 02:20:34,66400.0,200.0,12600.0
1170,2021-10-21 02:20:22,66400.0,100.0,12400.0
1171,2021-10-21 02:20:22,66400.0,100.0,12300.0
1172,2021-10-21 02:19:59,66400.0,600.0,12200.0
1173,2021-10-21 02:19:59,66400.0,300.0,11600.0
1174,2021-10-21 02:19:55,66400.0,1500.0,11300.0
1175,2021-10-21 02:19:55,66400.0,200.0,9800.0
1176,2021-10-21 02:19:25,66400.0,900.0,9600.0
1177,2021-10-21 02:19:25,66400.0,100.0,8700.0
1178,2021-10-21 02:18:39,66400.0,100.0,8600.0
1179,2021-10-21 02:18:39,66400.0,100.0,8500.0
1180,2021-10-21 02:18:36,66500.0,100.0,8400.0
1181,2021-10-21 02:18:35,66500.0,100.0,8300.0
1182,2021-10-21 02:18:01,66500.0,200.0,8200.0
1183,2021-10-21 02:18:01,66500.0,1100.0,8000.0
1184,2021-10-21 02:17:58,66600.0,500.0,6900.0
1185,2021-10-21 02:17:50,66600.0,200.0,6400.0
1186,2021-10-21 02:17:23,66600.0,600.0,6200.0
1187,2021-10-21 02:17:23,66500.0,900.0,5600.0
1188,2021-10-21 02:17:19,66500.0,100.0,4700.0
1189,2021-10-21 02:17:18,66500.0,200.0,4600.0
1190,2021-10-21 02:17:18,66500.0,100.0,4400.0
1191,2021-10-21 02:17:18,66500.0,600.0,4300.0
1192,2021-10-21 02:17:03,66600.0,500.0,3700.0
1193,2021-10-21 02:16:19,66600.0,300.0,3200.0
1194,2021-10-21 02:16:18,66600.0,1000.0,2900.0
1195,2021-10-21 02:16:11,66600.0,100.0,1900.0
1196,2021-10-21 02:15:59,66600.0,100.0,1800.0
1197,2021-10-21 02:15:14,66600.0,100.0,1700.0
1198,2021-10-21 02:15:00,66600.0,600.0,1600.0
1199,2021-10-21 02:15:00,66600.0,200.0,1000.0
1200,2021-10-21 02:15:00,66600.0,100.0,800.0
1201,2021-10-21 02:15:00,66600.0,100.0,700.0
1202,2021-10-21 02:15:00,66600.0,100.0,600.0
1203,2021-10-21 02:15:00,66600.0,200.0,500.0
1204,2021-10-21 02:15:00,66600.0,100.0,300.0
1205,2021-10-21 02:15:00,66600.0,100.0,200.0
1206,2021-10-21 02:15:00,66600.0,100.0,100.0
