,Time,Price,Volume_per_trade,Volume
0,2021-10-17 07:45:01,64800.0,100.0,616300.0
1,2021-10-17 07:45:01,64800.0,200.0,616200.0
2,2021-10-17 07:45:01,64800.0,700.0,616000.0
3,2021-10-17 07:45:01,64800.0,100.0,615300.0
4,2021-10-17 07:45:01,64800.0,300.0,615200.0
5,2021-10-17 07:45:01,64800.0,500.0,614900.0
6,2021-10-17 07:45:01,64800.0,2000.0,614400.0
7,2021-10-17 07:45:01,64800.0,5000.0,612400.0
8,2021-10-17 07:45:01,64800.0,1500.0,607400.0
9,2021-10-17 07:45:01,64800.0,1000.0,605900.0
10,2021-10-17 07:45:01,64800.0,500.0,604900.0
11,2021-10-17 07:45:01,64800.0,800.0,604400.0
12,2021-10-17 07:45:01,64800.0,100.0,603600.0
13,2021-10-17 07:45:01,64800.0,100.0,603500.0
14,2021-10-17 07:45:01,64800.0,100.0,603400.0
15,2021-10-17 07:45:01,64800.0,300.0,603300.0
16,2021-10-17 07:45:01,64800.0,100.0,603000.0
17,2021-10-17 07:45:01,64800.0,200.0,602900.0
18,2021-10-17 07:45:01,64800.0,300.0,602700.0
19,2021-10-17 07:45:01,64800.0,200.0,602400.0
20,2021-10-17 07:45:01,64800.0,200.0,602200.0
21,2021-10-17 07:45:01,64800.0,300.0,602000.0
22,2021-10-17 07:45:01,64800.0,300.0,601700.0
23,2021-10-17 07:45:01,64800.0,100.0,601400.0
24,2021-10-17 07:45:01,64800.0,400.0,601300.0
25,2021-10-17 07:45:01,64800.0,1000.0,600900.0
26,2021-10-17 07:45:01,64800.0,200.0,599900.0
27,2021-10-17 07:45:01,64800.0,100.0,599700.0
28,2021-10-17 07:45:01,64800.0,2200.0,599600.0
29,2021-10-17 07:45:01,64800.0,500.0,597400.0
30,2021-10-17 07:45:01,64800.0,100.0,596900.0
31,2021-10-17 07:45:01,64800.0,200.0,596800.0
32,2021-10-17 07:45:01,64800.0,200.0,596600.0
33,2021-10-17 07:45:01,64800.0,200.0,596400.0
34,2021-10-17 07:45:01,64800.0,1000.0,596200.0
35,2021-10-17 07:45:01,64800.0,1800.0,595200.0
36,2021-10-17 07:45:01,64800.0,3200.0,593400.0
37,2021-10-17 07:45:01,64800.0,3000.0,590200.0
38,2021-10-17 07:45:01,64800.0,3800.0,587200.0
39,2021-10-17 07:45:01,64800.0,1200.0,583400.0
40,2021-10-17 07:45:01,64800.0,2700.0,582200.0
41,2021-10-17 07:45:01,64800.0,500.0,579500.0
42,2021-10-17 07:45:01,64800.0,1000.0,579000.0
43,2021-10-17 07:45:01,64800.0,800.0,578000.0
44,2021-10-17 07:45:01,64800.0,800.0,577200.0
45,2021-10-17 07:45:01,64800.0,400.0,576400.0
46,2021-10-17 07:45:01,64800.0,400.0,576000.0
47,2021-10-17 07:29:56,64500.0,300.0,575600.0
48,2021-10-17 07:29:56,64500.0,200.0,575300.0
49,2021-10-17 07:29:56,64500.0,2000.0,575100.0
50,2021-10-17 07:29:39,64400.0,100.0,573100.0
51,2021-10-17 07:29:15,64400.0,300.0,573000.0
52,2021-10-17 07:28:57,64400.0,500.0,572700.0
53,2021-10-17 07:28:56,64400.0,300.0,572200.0
54,2021-10-17 07:28:52,64400.0,400.0,571900.0
55,2021-10-17 07:28:52,64400.0,600.0,571500.0
56,2021-10-17 07:28:27,64400.0,400.0,570900.0
57,2021-10-17 07:28:27,64200.0,100.0,570500.0
58,2021-10-17 07:28:11,64200.0,500.0,570400.0
59,2021-10-17 07:28:00,64100.0,400.0,569900.0
60,2021-10-17 07:28:00,64100.0,100.0,569500.0
61,2021-10-17 07:28:00,64100.0,200.0,569400.0
62,2021-10-17 07:28:00,64100.0,100.0,569200.0
63,2021-10-17 07:28:00,64100.0,200.0,569100.0
64,2021-10-17 07:27:47,64300.0,300.0,568900.0
65,2021-10-17 07:27:47,64300.0,100.0,568600.0
66,2021-10-17 07:26:08,64100.0,100.0,568500.0
67,2021-10-17 07:26:08,64100.0,200.0,568400.0
68,2021-10-17 07:26:08,64100.0,100.0,568200.0
69,2021-10-17 07:26:02,64100.0,1000.0,568100.0
70,2021-10-17 07:25:45,64100.0,100.0,567100.0
71,2021-10-17 07:25:44,64000.0,3600.0,567000.0
72,2021-10-17 07:25:44,64000.0,100.0,563400.0
73,2021-10-17 07:25:44,64000.0,200.0,563300.0
74,2021-10-17 07:25:44,64000.0,500.0,563100.0
75,2021-10-17 07:25:44,64000.0,500.0,562600.0
76,2021-10-17 07:25:44,64000.0,100.0,562100.0
77,2021-10-17 07:25:44,64000.0,300.0,562000.0
78,2021-10-17 07:25:44,64000.0,2400.0,561700.0
79,2021-10-17 07:25:36,64100.0,1200.0,559300.0
80,2021-10-17 07:25:01,64100.0,100.0,558100.0
81,2021-10-17 07:24:33,64000.0,1700.0,558000.0
82,2021-10-17 07:24:11,64000.0,200.0,556300.0
83,2021-10-17 07:24:00,64000.0,1700.0,556100.0
84,2021-10-17 07:24:00,64000.0,300.0,554400.0
85,2021-10-17 07:24:00,64000.0,2600.0,554100.0
86,2021-10-17 07:24:00,64100.0,500.0,551500.0
87,2021-10-17 07:24:00,64100.0,100.0,551000.0
88,2021-10-17 07:24:00,64100.0,100.0,550900.0
89,2021-10-17 07:24:00,64100.0,1000.0,550800.0
90,2021-10-17 07:24:00,64100.0,100.0,549800.0
91,2021-10-17 07:24:00,64100.0,100.0,549700.0
92,2021-10-17 07:24:00,64100.0,5000.0,549600.0
93,2021-10-17 07:24:00,64100.0,200.0,544600.0
94,2021-10-17 07:24:00,64100.0,7300.0,544400.0
95,2021-10-17 07:23:54,64200.0,100.0,537100.0
96,2021-10-17 07:23:47,64200.0,100.0,537000.0
97,2021-10-17 07:23:28,64200.0,2100.0,536900.0
98,2021-10-17 07:23:28,64200.0,1000.0,534800.0
99,2021-10-17 07:23:28,64200.0,100.0,533800.0
100,2021-10-17 07:22:53,64200.0,1000.0,533700.0
101,2021-10-17 07:22:42,64200.0,300.0,532700.0
102,2021-10-17 07:22:42,64200.0,500.0,532400.0
103,2021-10-17 07:22:42,64200.0,100.0,531900.0
104,2021-10-17 07:22:35,64200.0,300.0,531800.0
105,2021-10-17 07:22:35,64200.0,100.0,531500.0
106,2021-10-17 07:22:21,64200.0,100.0,531400.0
107,2021-10-17 07:22:21,64200.0,100.0,531300.0
108,2021-10-17 07:22:14,64200.0,100.0,531200.0
109,2021-10-17 07:21:57,64200.0,1500.0,531100.0
110,2021-10-17 07:21:57,64200.0,600.0,529600.0
111,2021-10-17 07:21:57,64200.0,100.0,529000.0
112,2021-10-17 07:21:57,64200.0,200.0,528900.0
113,2021-10-17 07:21:57,64200.0,2200.0,528700.0
114,2021-10-17 07:21:17,64200.0,200.0,526500.0
115,2021-10-17 07:20:56,64200.0,2000.0,526300.0
116,2021-10-17 07:20:44,64100.0,2700.0,524300.0
117,2021-10-17 07:20:44,64100.0,10000.0,521600.0
118,2021-10-17 07:20:44,64100.0,10800.0,511600.0
119,2021-10-17 07:20:40,64200.0,600.0,500800.0
120,2021-10-17 07:20:37,64300.0,1500.0,500200.0
121,2021-10-17 07:20:24,64200.0,1900.0,498700.0
122,2021-10-17 07:20:23,64200.0,500.0,496800.0
123,2021-10-17 07:20:18,64300.0,2700.0,496300.0
124,2021-10-17 07:20:18,64300.0,1000.0,493600.0
125,2021-10-17 07:20:15,64200.0,1000.0,492600.0
126,2021-10-17 07:20:13,64200.0,1000.0,491600.0
127,2021-10-17 07:20:13,64200.0,100.0,490600.0
128,2021-10-17 07:19:41,64100.0,300.0,490500.0
129,2021-10-17 07:19:41,64200.0,100.0,490200.0
130,2021-10-17 07:19:41,64200.0,100.0,490100.0
131,2021-10-17 07:19:41,64200.0,200.0,490000.0
132,2021-10-17 07:19:41,64200.0,100.0,489800.0
133,2021-10-17 07:19:41,64200.0,4600.0,489700.0
134,2021-10-17 07:19:41,64200.0,100.0,485100.0
135,2021-10-17 07:19:41,64200.0,2000.0,485000.0
136,2021-10-17 07:19:41,64200.0,2500.0,483000.0
137,2021-10-17 07:19:10,64300.0,100.0,480500.0
138,2021-10-17 07:19:10,64300.0,1000.0,480400.0
139,2021-10-17 07:18:28,64400.0,3100.0,479400.0
140,2021-10-17 07:17:59,64400.0,200.0,476300.0
141,2021-10-17 07:17:59,64400.0,1000.0,476100.0
142,2021-10-17 07:17:59,64400.0,700.0,475100.0
143,2021-10-17 07:17:53,64200.0,2500.0,474400.0
144,2021-10-17 07:17:53,64200.0,500.0,471900.0
145,2021-10-17 07:17:53,64200.0,1000.0,471400.0
146,2021-10-17 07:17:53,64200.0,100.0,470400.0
147,2021-10-17 07:17:53,64200.0,200.0,470300.0
148,2021-10-17 07:17:53,64200.0,100.0,470100.0
149,2021-10-17 07:17:53,64200.0,600.0,470000.0
150,2021-10-17 07:17:53,64300.0,100.0,469400.0
151,2021-10-17 07:17:53,64300.0,500.0,469300.0
152,2021-10-17 07:17:53,64300.0,100.0,468800.0
153,2021-10-17 07:17:53,64300.0,1000.0,468700.0
154,2021-10-17 07:17:53,64300.0,2500.0,467700.0
155,2021-10-17 07:17:53,64300.0,500.0,465200.0
156,2021-10-17 07:17:53,64300.0,300.0,464700.0
157,2021-10-17 07:17:51,64300.0,100.0,464400.0
158,2021-10-17 07:17:46,64300.0,300.0,464300.0
159,2021-10-17 07:17:08,64300.0,300.0,464000.0
160,2021-10-17 07:17:08,64300.0,200.0,463700.0
161,2021-10-17 07:16:55,64400.0,500.0,463500.0
162,2021-10-17 07:16:51,64300.0,200.0,463000.0
163,2021-10-17 07:16:51,64300.0,100.0,462800.0
164,2021-10-17 07:16:51,64300.0,300.0,462700.0
165,2021-10-17 07:16:51,64300.0,2000.0,462400.0
166,2021-10-17 07:16:51,64300.0,100.0,460400.0
167,2021-10-17 07:16:51,64300.0,300.0,460300.0
168,2021-10-17 07:16:46,64400.0,1000.0,460000.0
169,2021-10-17 07:16:42,64400.0,100.0,459000.0
170,2021-10-17 07:16:42,64400.0,200.0,458900.0
171,2021-10-17 07:15:50,64400.0,100.0,458700.0
172,2021-10-17 07:15:05,64400.0,900.0,458600.0
173,2021-10-17 07:15:05,64400.0,100.0,457700.0
174,2021-10-17 07:14:56,64400.0,500.0,457600.0
175,2021-10-17 07:14:52,64400.0,800.0,457100.0
176,2021-10-17 07:14:23,64500.0,100.0,456300.0
177,2021-10-17 07:13:57,64400.0,700.0,456200.0
178,2021-10-17 07:13:57,64400.0,300.0,455500.0
179,2021-10-17 07:13:27,64400.0,200.0,455200.0
180,2021-10-17 07:12:27,64500.0,300.0,455000.0
181,2021-10-17 07:12:26,64500.0,200.0,454700.0
182,2021-10-17 07:12:26,64500.0,100.0,454500.0
183,2021-10-17 07:12:26,64500.0,2600.0,454400.0
184,2021-10-17 07:12:23,64500.0,1000.0,451800.0
185,2021-10-17 07:11:43,64500.0,500.0,450800.0
186,2021-10-17 07:11:43,64500.0,900.0,450300.0
187,2021-10-17 07:10:57,64500.0,100.0,449400.0
188,2021-10-17 07:10:54,64500.0,200.0,449300.0
189,2021-10-17 07:10:54,64500.0,1700.0,449100.0
190,2021-10-17 07:10:17,64500.0,1000.0,447400.0
191,2021-10-17 07:10:17,64500.0,1000.0,446400.0
192,2021-10-17 07:10:17,64500.0,800.0,445400.0
193,2021-10-17 07:10:17,64500.0,500.0,444600.0
194,2021-10-17 07:10:17,64500.0,500.0,444100.0
195,2021-10-17 07:07:50,64500.0,5000.0,443600.0
196,2021-10-17 07:07:29,64500.0,2000.0,438600.0
197,2021-10-17 07:06:29,64500.0,4000.0,436600.0
198,2021-10-17 07:06:29,64500.0,100.0,432600.0
199,2021-10-17 07:06:06,64500.0,1700.0,432500.0
200,2021-10-17 07:06:06,64500.0,2200.0,430800.0
201,2021-10-17 07:06:06,64500.0,100.0,428600.0
202,2021-10-17 07:06:00,64600.0,200.0,428500.0
203,2021-10-17 07:03:22,64700.0,700.0,428300.0
204,2021-10-17 07:03:22,64600.0,200.0,427600.0
205,2021-10-17 07:03:13,64600.0,100.0,427400.0
206,2021-10-17 07:01:29,64600.0,300.0,427300.0
207,2021-10-17 07:00:23,64500.0,1000.0,427000.0
208,2021-10-17 06:59:41,64500.0,1000.0,426000.0
209,2021-10-17 06:55:24,64500.0,900.0,425000.0
210,2021-10-17 06:55:20,64500.0,100.0,424100.0
211,2021-10-17 06:55:10,64500.0,100.0,424000.0
212,2021-10-17 06:54:42,64500.0,400.0,423900.0
213,2021-10-17 06:54:42,64500.0,200.0,423500.0
214,2021-10-17 06:54:42,64500.0,200.0,423300.0
215,2021-10-17 06:53:18,64500.0,400.0,423100.0
216,2021-10-17 06:52:09,64400.0,800.0,422700.0
217,2021-10-17 06:52:09,64500.0,200.0,421900.0
218,2021-10-17 06:51:34,64800.0,500.0,421700.0
219,2021-10-17 06:50:44,64500.0,500.0,421200.0
220,2021-10-17 06:50:02,64500.0,3500.0,420700.0
221,2021-10-17 06:49:50,64500.0,1500.0,417200.0
222,2021-10-17 06:48:23,64400.0,300.0,415700.0
223,2021-10-17 06:48:23,64400.0,3400.0,415400.0
224,2021-10-17 06:48:07,64400.0,300.0,412000.0
225,2021-10-17 06:47:32,64400.0,500.0,411700.0
226,2021-10-17 06:47:10,64400.0,300.0,411200.0
227,2021-10-17 06:47:10,64400.0,200.0,410900.0
228,2021-10-17 06:47:10,64400.0,300.0,410700.0
229,2021-10-17 06:46:57,64400.0,200.0,410400.0
230,2021-10-17 06:45:06,64400.0,100.0,410200.0
231,2021-10-17 06:43:12,64400.0,1000.0,410100.0
232,2021-10-17 06:42:19,64400.0,1900.0,409100.0
233,2021-10-17 06:42:19,64400.0,200.0,407200.0
234,2021-10-17 06:42:19,64300.0,2400.0,407000.0
235,2021-10-17 06:42:18,64200.0,1400.0,404600.0
236,2021-10-17 06:42:18,64200.0,2000.0,403200.0
237,2021-10-17 06:42:18,64200.0,2000.0,401200.0
238,2021-10-17 06:42:18,64200.0,500.0,399200.0
239,2021-10-17 06:42:18,64200.0,100.0,398700.0
240,2021-10-17 06:42:18,64200.0,200.0,398600.0
241,2021-10-17 06:42:18,64200.0,500.0,398400.0
242,2021-10-17 06:42:18,64200.0,1000.0,397900.0
243,2021-10-17 06:42:18,64200.0,100.0,396900.0
244,2021-10-17 06:42:18,64200.0,200.0,396800.0
245,2021-10-17 06:42:18,64200.0,1000.0,396600.0
246,2021-10-17 06:42:18,64200.0,200.0,395600.0
247,2021-10-17 06:42:18,64200.0,100.0,395400.0
248,2021-10-17 06:42:18,64200.0,700.0,395300.0
249,2021-10-17 06:42:01,64200.0,400.0,394600.0
250,2021-10-17 06:42:01,64300.0,500.0,394200.0
251,2021-10-17 06:42:01,64300.0,100.0,393700.0
252,2021-10-17 06:39:39,64300.0,100.0,393600.0
253,2021-10-17 06:39:39,64300.0,1900.0,393500.0
254,2021-10-17 06:39:33,64300.0,100.0,391600.0
255,2021-10-17 06:39:33,64300.0,400.0,391500.0
256,2021-10-17 06:39:20,64300.0,100.0,391100.0
257,2021-10-17 06:38:59,64300.0,200.0,391000.0
258,2021-10-17 06:38:44,64200.0,1000.0,390800.0
259,2021-10-17 06:37:48,64200.0,400.0,389800.0
260,2021-10-17 06:37:11,64200.0,100.0,389400.0
261,2021-10-17 06:35:26,64200.0,300.0,389300.0
262,2021-10-17 06:35:23,64500.0,100.0,389000.0
263,2021-10-17 06:35:19,64200.0,5100.0,388900.0
264,2021-10-17 06:35:19,64300.0,100.0,383800.0
265,2021-10-17 06:35:19,64300.0,100.0,383700.0
266,2021-10-17 06:35:19,64300.0,100.0,383600.0
267,2021-10-17 06:35:19,64300.0,2000.0,383500.0
268,2021-10-17 06:35:19,64300.0,400.0,381500.0
269,2021-10-17 06:35:19,64300.0,100.0,381100.0
270,2021-10-17 06:35:19,64300.0,200.0,381000.0
271,2021-10-17 06:35:19,64400.0,200.0,380800.0
272,2021-10-17 06:35:19,64400.0,400.0,380600.0
273,2021-10-17 06:34:44,64500.0,100.0,380200.0
274,2021-10-17 06:34:18,64500.0,200.0,380100.0
275,2021-10-17 06:34:17,64500.0,200.0,379900.0
276,2021-10-17 06:34:17,64500.0,300.0,379700.0
277,2021-10-17 06:34:17,64500.0,100.0,379400.0
278,2021-10-17 06:34:17,64500.0,200.0,379300.0
279,2021-10-17 06:34:17,64500.0,100.0,379100.0
280,2021-10-17 06:34:17,64500.0,100.0,379000.0
281,2021-10-17 06:34:17,64500.0,200.0,378900.0
282,2021-10-17 06:34:17,64500.0,800.0,378700.0
283,2021-10-17 06:34:03,64500.0,100.0,377900.0
284,2021-10-17 06:32:47,64500.0,400.0,377800.0
285,2021-10-17 06:32:47,64600.0,100.0,377400.0
286,2021-10-17 06:31:52,64600.0,100.0,377300.0
287,2021-10-17 06:31:38,64800.0,1000.0,377200.0
288,2021-10-17 06:31:16,64800.0,300.0,376200.0
289,2021-10-17 06:31:16,64800.0,300.0,375900.0
290,2021-10-17 06:31:16,64700.0,100.0,375600.0
291,2021-10-17 06:31:12,64600.0,500.0,375500.0
292,2021-10-17 06:30:58,64600.0,300.0,375000.0
293,2021-10-17 06:30:58,64600.0,200.0,374700.0
294,2021-10-17 06:28:54,64600.0,1000.0,374500.0
295,2021-10-17 06:28:54,64600.0,300.0,373500.0
296,2021-10-17 06:28:54,64600.0,500.0,373200.0
297,2021-10-17 06:28:40,64600.0,200.0,372700.0
298,2021-10-17 06:27:41,64600.0,100.0,372500.0
299,2021-10-17 06:27:04,64600.0,200.0,372400.0
300,2021-10-17 06:26:29,64500.0,1000.0,372200.0
301,2021-10-17 06:25:47,64500.0,100.0,371200.0
302,2021-10-17 06:25:05,64500.0,600.0,371100.0
303,2021-10-17 06:25:05,64500.0,500.0,370500.0
304,2021-10-17 06:25:05,64500.0,500.0,370000.0
305,2021-10-17 06:22:07,64600.0,100.0,369500.0
306,2021-10-17 06:22:07,64600.0,600.0,369400.0
307,2021-10-17 06:22:07,64600.0,3200.0,368800.0
308,2021-10-17 06:19:24,64600.0,100.0,365600.0
309,2021-10-17 06:19:04,64600.0,900.0,365500.0
310,2021-10-17 06:18:15,64600.0,100.0,364600.0
311,2021-10-17 06:18:15,64600.0,500.0,364500.0
312,2021-10-17 06:18:15,64600.0,200.0,364000.0
313,2021-10-17 06:17:06,64600.0,300.0,363800.0
314,2021-10-17 06:17:02,64600.0,100.0,363500.0
315,2021-10-17 06:17:02,64600.0,100.0,363400.0
316,2021-10-17 06:13:41,64600.0,2000.0,363300.0
317,2021-10-17 06:11:56,64800.0,1000.0,361300.0
318,2021-10-17 06:11:07,64900.0,100.0,360300.0
319,2021-10-17 06:11:07,64900.0,300.0,360200.0
320,2021-10-17 06:11:07,64900.0,3000.0,359900.0
321,2021-10-17 06:11:07,64900.0,600.0,356900.0
322,2021-10-17 06:10:27,64900.0,2400.0,356300.0
323,2021-10-17 06:10:27,64900.0,1400.0,353900.0
324,2021-10-17 06:09:41,64800.0,200.0,352500.0
325,2021-10-17 06:07:27,64900.0,500.0,352300.0
326,2021-10-17 06:07:27,64900.0,100.0,351800.0
327,2021-10-17 06:07:27,64900.0,100.0,351700.0
328,2021-10-17 06:07:27,64900.0,200.0,351600.0
329,2021-10-17 06:07:27,64800.0,2300.0,351400.0
330,2021-10-17 06:07:14,64300.0,1000.0,349100.0
331,2021-10-17 06:07:14,64300.0,2000.0,348100.0
332,2021-10-17 06:07:14,64300.0,6000.0,346100.0
333,2021-10-17 06:07:14,64300.0,1200.0,340100.0
334,2021-10-17 06:07:14,64300.0,200.0,338900.0
335,2021-10-17 06:07:14,64300.0,100.0,338700.0
336,2021-10-17 06:07:14,64300.0,200.0,338600.0
337,2021-10-17 06:07:14,64300.0,300.0,338400.0
338,2021-10-17 06:07:14,64400.0,100.0,338100.0
339,2021-10-17 06:07:14,64500.0,500.0,338000.0
340,2021-10-17 06:07:14,64500.0,100.0,337500.0
341,2021-10-17 06:07:14,64500.0,500.0,337400.0
342,2021-10-17 06:07:14,64500.0,300.0,336900.0
343,2021-10-17 06:07:14,64500.0,200.0,336600.0
344,2021-10-17 06:07:14,64500.0,300.0,336400.0
345,2021-10-17 06:07:14,64500.0,500.0,336100.0
346,2021-10-17 06:07:14,64600.0,600.0,335600.0
347,2021-10-17 06:07:14,64600.0,100.0,335000.0
348,2021-10-17 06:07:14,64600.0,100.0,334900.0
349,2021-10-17 06:07:14,64600.0,100.0,334800.0
350,2021-10-17 06:07:14,64600.0,500.0,334700.0
351,2021-10-17 06:07:14,64600.0,100.0,334200.0
352,2021-10-17 06:04:49,64800.0,1700.0,334100.0
353,2021-10-17 06:03:39,64900.0,100.0,332400.0
354,2021-10-17 06:01:39,64900.0,100.0,332300.0
355,2021-10-17 06:01:39,64900.0,100.0,332200.0
356,2021-10-17 06:00:49,64800.0,500.0,332100.0
357,2021-10-17 06:00:49,64800.0,1000.0,331600.0
358,2021-10-17 06:00:49,64800.0,100.0,330600.0
359,2021-10-17 06:00:49,64700.0,400.0,330500.0
360,2021-10-17 06:00:31,64700.0,100.0,330100.0
361,2021-10-17 06:00:31,64700.0,100.0,330000.0
362,2021-10-17 06:00:25,64700.0,100.0,329900.0
363,2021-10-17 04:23:37,64700.0,100.0,329800.0
364,2021-10-17 04:23:37,64700.0,100.0,329700.0
365,2021-10-17 04:23:13,64700.0,400.0,329600.0
366,2021-10-17 04:22:07,64700.0,100.0,329200.0
367,2021-10-17 04:15:06,64600.0,500.0,329100.0
368,2021-10-17 04:14:08,64500.0,1000.0,328600.0
369,2021-10-17 04:14:08,64500.0,1000.0,327600.0
370,2021-10-17 04:13:36,64600.0,200.0,326600.0
371,2021-10-17 04:13:13,64600.0,1000.0,326400.0
372,2021-10-17 04:12:45,64600.0,200.0,325400.0
373,2021-10-17 04:12:33,64500.0,200.0,325200.0
374,2021-10-17 04:12:33,64500.0,100.0,325000.0
375,2021-10-17 04:12:33,64500.0,10700.0,324900.0
376,2021-10-17 04:12:32,64500.0,1000.0,314200.0
377,2021-10-17 04:12:32,64400.0,5000.0,313200.0
378,2021-10-17 04:10:21,64300.0,500.0,308200.0
379,2021-10-17 04:09:09,64300.0,200.0,307700.0
380,2021-10-17 04:09:09,64300.0,100.0,307500.0
381,2021-10-17 04:09:09,64300.0,100.0,307400.0
382,2021-10-17 04:09:09,64300.0,100.0,307300.0
383,2021-10-17 04:08:22,64400.0,100.0,307200.0
384,2021-10-17 04:08:18,64400.0,300.0,307100.0
385,2021-10-17 04:07:43,64400.0,100.0,306800.0
386,2021-10-17 04:06:33,64400.0,4500.0,306700.0
387,2021-10-17 04:06:33,64400.0,5000.0,302200.0
388,2021-10-17 04:06:12,64500.0,100.0,297200.0
389,2021-10-17 04:06:07,64500.0,3000.0,297100.0
390,2021-10-17 04:06:07,64500.0,400.0,294100.0
391,2021-10-17 04:06:07,64500.0,4800.0,293700.0
392,2021-10-17 04:05:36,64600.0,200.0,288900.0
393,2021-10-17 04:05:30,64600.0,500.0,288700.0
394,2021-10-17 04:05:22,64600.0,100.0,288200.0
395,2021-10-17 04:05:11,64600.0,100.0,288100.0
396,2021-10-17 04:05:10,64600.0,500.0,288000.0
397,2021-10-17 04:05:05,64800.0,200.0,287500.0
398,2021-10-17 04:04:41,64600.0,100.0,287300.0
399,2021-10-17 04:03:43,64500.0,200.0,287200.0
400,2021-10-17 04:03:43,64500.0,300.0,287000.0
401,2021-10-17 04:03:13,64500.0,300.0,286700.0
402,2021-10-17 04:02:34,64500.0,100.0,286400.0
403,2021-10-17 04:02:34,64500.0,300.0,286300.0
404,2021-10-17 04:02:34,64500.0,300.0,286000.0
405,2021-10-17 04:02:34,64500.0,300.0,285700.0
406,2021-10-17 04:02:34,64500.0,1000.0,285400.0
407,2021-10-17 03:55:56,64900.0,200.0,284400.0
408,2021-10-17 03:52:50,64900.0,1900.0,284200.0
409,2021-10-17 03:51:42,64900.0,600.0,282300.0
410,2021-10-17 03:49:42,64900.0,100.0,281700.0
411,2021-10-17 03:49:08,64900.0,300.0,281600.0
412,2021-10-17 03:49:07,64900.0,100.0,281300.0
413,2021-10-17 03:47:55,64900.0,900.0,281200.0
414,2021-10-17 03:47:55,64900.0,100.0,280300.0
415,2021-10-17 03:46:45,64900.0,900.0,280200.0
416,2021-10-17 03:46:36,64900.0,300.0,279300.0
417,2021-10-17 03:45:40,64900.0,3800.0,279000.0
418,2021-10-17 03:45:05,64900.0,200.0,275200.0
419,2021-10-17 03:44:53,64900.0,5000.0,275000.0
420,2021-10-17 03:44:28,64900.0,4700.0,270000.0
421,2021-10-17 03:44:28,64900.0,200.0,265300.0
422,2021-10-17 03:44:28,64900.0,100.0,265100.0
423,2021-10-17 03:44:13,64800.0,200.0,265000.0
424,2021-10-17 03:43:45,64800.0,800.0,264800.0
425,2021-10-17 03:43:45,64700.0,200.0,264000.0
426,2021-10-17 03:43:45,64700.0,3000.0,263800.0
427,2021-10-17 03:43:45,64600.0,100.0,260800.0
428,2021-10-17 03:43:45,64600.0,200.0,260700.0
429,2021-10-17 03:43:45,64600.0,100.0,260500.0
430,2021-10-17 03:43:45,64600.0,600.0,260400.0
431,2021-10-17 03:43:41,64500.0,100.0,259800.0
432,2021-10-17 03:43:08,64500.0,500.0,259700.0
433,2021-10-17 03:43:08,64500.0,100.0,259200.0
434,2021-10-17 03:42:44,64500.0,2000.0,259100.0
435,2021-10-17 03:42:38,64500.0,500.0,257100.0
436,2021-10-17 03:42:38,64500.0,1000.0,256600.0
437,2021-10-17 03:42:38,64500.0,5000.0,255600.0
438,2021-10-17 03:42:38,64500.0,100.0,250600.0
439,2021-10-17 03:42:38,64500.0,3400.0,250500.0
440,2021-10-17 03:41:51,64100.0,2600.0,247100.0
441,2021-10-17 03:41:51,64200.0,1000.0,244500.0
442,2021-10-17 03:41:51,64200.0,500.0,243500.0
443,2021-10-17 03:41:51,64200.0,100.0,243000.0
444,2021-10-17 03:41:51,64200.0,800.0,242900.0
445,2021-10-17 03:41:44,64500.0,1600.0,242100.0
446,2021-10-17 03:41:44,64500.0,3700.0,240500.0
447,2021-10-17 03:41:44,64500.0,300.0,236800.0
448,2021-10-17 03:41:44,64500.0,1500.0,236500.0
449,2021-10-17 03:41:44,64500.0,2900.0,235000.0
450,2021-10-17 03:41:37,64500.0,3700.0,232100.0
451,2021-10-17 03:41:19,64500.0,200.0,228400.0
452,2021-10-17 03:41:09,64500.0,900.0,228200.0
453,2021-10-17 03:40:57,64500.0,100.0,227300.0
454,2021-10-17 03:40:57,64400.0,300.0,227200.0
455,2021-10-17 03:40:36,64400.0,200.0,226900.0
456,2021-10-17 03:40:36,64300.0,200.0,226700.0
457,2021-10-17 03:40:35,64300.0,200.0,226500.0
458,2021-10-17 03:38:29,64300.0,300.0,226300.0
459,2021-10-17 03:38:29,64300.0,100.0,226000.0
460,2021-10-17 03:38:29,64300.0,1200.0,225900.0
461,2021-10-17 03:38:07,64300.0,300.0,224700.0
462,2021-10-17 03:38:07,64300.0,700.0,224400.0
463,2021-10-17 03:37:54,64300.0,200.0,223700.0
464,2021-10-17 03:37:54,64300.0,100.0,223500.0
465,2021-10-17 03:35:56,64300.0,300.0,223400.0
466,2021-10-17 03:35:55,64300.0,100.0,223100.0
467,2021-10-17 03:35:13,64100.0,1300.0,223000.0
468,2021-10-17 03:35:13,64200.0,1200.0,221700.0
469,2021-10-17 03:33:46,64000.0,1000.0,220500.0
470,2021-10-17 03:33:12,64000.0,1400.0,219500.0
471,2021-10-17 03:33:12,64000.0,100.0,218100.0
472,2021-10-17 03:33:12,64000.0,1000.0,218000.0
473,2021-10-17 03:33:12,64000.0,100.0,217000.0
474,2021-10-17 03:33:12,64000.0,300.0,216900.0
475,2021-10-17 03:33:12,64000.0,100.0,216600.0
476,2021-10-17 03:33:12,64000.0,100.0,216500.0
477,2021-10-17 03:33:12,64000.0,1000.0,216400.0
478,2021-10-17 03:33:12,64000.0,300.0,215400.0
479,2021-10-17 03:33:12,64000.0,500.0,215100.0
480,2021-10-17 03:33:12,64000.0,400.0,214600.0
481,2021-10-17 03:33:12,64100.0,100.0,214200.0
482,2021-10-17 03:33:12,64100.0,100.0,214100.0
483,2021-10-17 03:33:12,64100.0,200.0,214000.0
484,2021-10-17 03:33:12,64100.0,300.0,213800.0
485,2021-10-17 03:33:12,64100.0,400.0,213500.0
486,2021-10-17 03:33:12,64100.0,100.0,213100.0
487,2021-10-17 03:33:12,64100.0,100.0,213000.0
488,2021-10-17 03:33:12,64100.0,800.0,212900.0
489,2021-10-17 03:33:12,64100.0,500.0,212100.0
490,2021-10-17 03:33:12,64100.0,500.0,211600.0
491,2021-10-17 03:33:12,64100.0,2000.0,211100.0
492,2021-10-17 03:33:12,64100.0,200.0,209100.0
493,2021-10-17 03:33:12,64100.0,100.0,208900.0
494,2021-10-17 03:33:12,64100.0,100.0,208800.0
495,2021-10-17 03:33:12,64100.0,400.0,208700.0
496,2021-10-17 03:33:12,64200.0,100.0,208300.0
497,2021-10-17 03:33:12,64200.0,1000.0,208200.0
498,2021-10-17 03:33:12,64200.0,500.0,207200.0
499,2021-10-17 03:33:12,64200.0,100.0,206700.0
500,2021-10-17 03:33:12,64200.0,1600.0,206600.0
501,2021-10-17 03:33:12,64200.0,100.0,205000.0
502,2021-10-17 03:33:12,64200.0,100.0,204900.0
503,2021-10-17 03:33:12,64200.0,100.0,204800.0
504,2021-10-17 03:33:12,64300.0,100.0,204700.0
505,2021-10-17 03:33:12,64300.0,100.0,204600.0
506,2021-10-17 03:33:12,64300.0,100.0,204500.0
507,2021-10-17 03:33:12,64300.0,3000.0,204400.0
508,2021-10-17 03:33:12,64300.0,100.0,201400.0
509,2021-10-17 03:33:12,64300.0,600.0,201300.0
510,2021-10-17 03:33:12,64300.0,100.0,200700.0
511,2021-10-17 03:33:12,64300.0,1100.0,200600.0
512,2021-10-17 03:33:07,64400.0,1000.0,199500.0
513,2021-10-17 03:32:45,64400.0,400.0,198500.0
514,2021-10-17 03:32:45,64400.0,1600.0,198100.0
515,2021-10-17 03:32:37,64400.0,1000.0,196500.0
516,2021-10-17 03:29:54,64400.0,1600.0,195500.0
517,2021-10-17 03:29:54,64400.0,100.0,193900.0
518,2021-10-17 03:28:59,64500.0,100.0,193800.0
519,2021-10-17 03:23:38,64300.0,100.0,193700.0
520,2021-10-17 03:22:42,64300.0,1000.0,193600.0
521,2021-10-17 03:22:42,64300.0,100.0,192600.0
522,2021-10-17 03:22:42,64300.0,2700.0,192500.0
523,2021-10-17 03:22:10,64300.0,200.0,189800.0
524,2021-10-17 03:21:19,64300.0,400.0,189600.0
525,2021-10-17 03:21:19,64300.0,2000.0,189200.0
526,2021-10-17 03:20:31,64300.0,200.0,187200.0
527,2021-10-17 03:19:48,64300.0,200.0,187000.0
528,2021-10-17 03:18:35,64300.0,200.0,186800.0
529,2021-10-17 03:18:22,64200.0,600.0,186600.0
530,2021-10-17 03:18:03,64100.0,700.0,186000.0
531,2021-10-17 03:18:03,64200.0,3000.0,185300.0
532,2021-10-17 03:18:03,64200.0,100.0,182300.0
533,2021-10-17 03:18:03,64200.0,200.0,182200.0
534,2021-10-17 03:18:03,64200.0,100.0,182000.0
535,2021-10-17 03:18:03,64200.0,2000.0,181900.0
536,2021-10-17 03:18:03,64200.0,200.0,179900.0
537,2021-10-17 03:18:03,64200.0,800.0,179700.0
538,2021-10-17 03:18:03,64200.0,900.0,178900.0
539,2021-10-17 03:18:03,64200.0,500.0,178000.0
540,2021-10-17 03:18:03,64200.0,1500.0,177500.0
541,2021-10-17 03:17:35,64300.0,1000.0,176000.0
542,2021-10-17 03:17:35,64300.0,800.0,175000.0
543,2021-10-17 03:17:35,64300.0,200.0,174200.0
544,2021-10-17 03:16:11,64300.0,2800.0,174000.0
545,2021-10-17 03:15:14,64300.0,200.0,171200.0
546,2021-10-17 03:15:13,64200.0,1000.0,171000.0
547,2021-10-17 03:14:28,64400.0,200.0,170000.0
548,2021-10-17 03:12:29,64200.0,500.0,169800.0
549,2021-10-17 03:12:27,64200.0,100.0,169300.0
550,2021-10-17 03:12:12,64200.0,500.0,169200.0
551,2021-10-17 03:11:19,64200.0,300.0,168700.0
552,2021-10-17 03:11:19,64200.0,200.0,168400.0
553,2021-10-17 03:11:10,64200.0,800.0,168200.0
554,2021-10-17 03:10:52,64200.0,500.0,167400.0
555,2021-10-17 03:10:52,64200.0,300.0,166900.0
556,2021-10-17 03:10:52,64200.0,500.0,166600.0
557,2021-10-17 03:10:52,64300.0,100.0,166100.0
558,2021-10-17 03:10:52,64300.0,1000.0,166000.0
559,2021-10-17 03:10:52,64300.0,1000.0,165000.0
560,2021-10-17 03:10:52,64300.0,100.0,164000.0
561,2021-10-17 03:10:52,64300.0,100.0,163900.0
562,2021-10-17 03:10:52,64300.0,300.0,163800.0
563,2021-10-17 03:10:52,64300.0,200.0,163500.0
564,2021-10-17 03:10:52,64300.0,100.0,163300.0
565,2021-10-17 03:10:52,64300.0,100.0,163200.0
566,2021-10-17 03:10:52,64300.0,700.0,163100.0
567,2021-10-17 03:08:41,64300.0,300.0,162400.0
568,2021-10-17 03:08:41,64300.0,200.0,162100.0
569,2021-10-17 03:08:11,64300.0,200.0,161900.0
570,2021-10-17 03:07:40,64300.0,200.0,161700.0
571,2021-10-17 03:07:14,64300.0,100.0,161500.0
572,2021-10-17 03:07:14,64300.0,300.0,161400.0
573,2021-10-17 03:07:01,64300.0,100.0,161100.0
574,2021-10-17 03:07:01,64300.0,100.0,161000.0
575,2021-10-17 03:07:01,64300.0,1400.0,160900.0
576,2021-10-17 03:07:01,64300.0,100.0,159500.0
577,2021-10-17 03:06:48,64400.0,200.0,159400.0
578,2021-10-17 03:06:47,64400.0,100.0,159200.0
579,2021-10-17 03:06:39,64400.0,200.0,159100.0
580,2021-10-17 03:06:39,64300.0,100.0,158900.0
581,2021-10-17 03:06:39,64300.0,400.0,158800.0
582,2021-10-17 03:06:38,64300.0,200.0,158400.0
583,2021-10-17 03:04:51,64400.0,100.0,158200.0
584,2021-10-17 03:04:18,64400.0,100.0,158100.0
585,2021-10-17 03:04:12,64400.0,300.0,158000.0
586,2021-10-17 03:04:02,64400.0,100.0,157700.0
587,2021-10-17 03:03:32,64300.0,200.0,157600.0
588,2021-10-17 03:03:32,64400.0,200.0,157400.0
589,2021-10-17 03:03:10,64300.0,200.0,157200.0
590,2021-10-17 03:03:06,64400.0,100.0,157000.0
591,2021-10-17 03:03:01,64400.0,100.0,156900.0
592,2021-10-17 03:02:58,64300.0,100.0,156800.0
593,2021-10-17 03:02:58,64300.0,300.0,156700.0
594,2021-10-17 03:02:58,64300.0,100.0,156400.0
595,2021-10-17 03:02:36,64400.0,300.0,156300.0
596,2021-10-17 03:02:00,64400.0,1000.0,156000.0
597,2021-10-17 03:01:55,64400.0,4000.0,155000.0
598,2021-10-17 03:01:55,64400.0,1000.0,151000.0
599,2021-10-17 03:01:55,64400.0,1800.0,150000.0
600,2021-10-17 03:00:50,64400.0,200.0,148200.0
601,2021-10-17 03:00:36,64500.0,100.0,148000.0
602,2021-10-17 03:00:36,64500.0,200.0,147900.0
603,2021-10-17 03:00:36,64500.0,200.0,147700.0
604,2021-10-17 03:00:36,64500.0,300.0,147500.0
605,2021-10-17 03:00:36,64500.0,1300.0,147200.0
606,2021-10-17 03:00:19,64500.0,200.0,145900.0
607,2021-10-17 02:59:13,64600.0,200.0,145700.0
608,2021-10-17 02:57:32,64600.0,400.0,145500.0
609,2021-10-17 02:57:22,64500.0,1000.0,145100.0
610,2021-10-17 02:57:22,64500.0,100.0,144100.0
611,2021-10-17 02:57:22,64500.0,2000.0,144000.0
612,2021-10-17 02:57:22,64500.0,1900.0,142000.0
613,2021-10-17 02:57:21,64500.0,200.0,140100.0
614,2021-10-17 02:55:57,64500.0,300.0,139900.0
615,2021-10-17 02:55:32,64500.0,100.0,139600.0
616,2021-10-17 02:54:43,64500.0,3000.0,139500.0
617,2021-10-17 02:54:12,64200.0,100.0,136500.0
618,2021-10-17 02:54:12,64200.0,1000.0,136400.0
619,2021-10-17 02:54:12,64200.0,100.0,135400.0
620,2021-10-17 02:54:12,64200.0,1000.0,135300.0
621,2021-10-17 02:54:12,64200.0,100.0,134300.0
622,2021-10-17 02:54:12,64200.0,500.0,134200.0
623,2021-10-17 02:54:12,64300.0,1000.0,133700.0
624,2021-10-17 02:54:12,64300.0,100.0,132700.0
625,2021-10-17 02:54:12,64400.0,500.0,132600.0
626,2021-10-17 02:54:12,64400.0,200.0,132100.0
627,2021-10-17 02:54:12,64400.0,800.0,131900.0
628,2021-10-17 02:54:12,64400.0,500.0,131100.0
629,2021-10-17 02:54:12,64400.0,2000.0,130600.0
630,2021-10-17 02:54:12,64400.0,2000.0,128600.0
631,2021-10-17 02:54:12,64500.0,300.0,126600.0
632,2021-10-17 02:54:12,64500.0,100.0,126300.0
633,2021-10-17 02:54:12,64500.0,2500.0,126200.0
634,2021-10-17 02:54:12,64500.0,3800.0,123700.0
635,2021-10-17 02:54:00,64600.0,900.0,119900.0
636,2021-10-17 02:53:57,64600.0,2100.0,119000.0
637,2021-10-17 02:53:44,64600.0,100.0,116900.0
638,2021-10-17 02:53:13,64600.0,100.0,116800.0
639,2021-10-17 02:53:13,64600.0,700.0,116700.0
640,2021-10-17 02:53:09,64600.0,300.0,116000.0
641,2021-10-17 02:51:50,64600.0,1000.0,115700.0
642,2021-10-17 02:51:50,64600.0,400.0,114700.0
643,2021-10-17 02:51:39,64600.0,700.0,114300.0
644,2021-10-17 02:51:39,64600.0,200.0,113600.0
645,2021-10-17 02:51:39,64600.0,100.0,113400.0
646,2021-10-17 02:51:36,64500.0,900.0,113300.0
647,2021-10-17 02:51:26,64500.0,300.0,112400.0
648,2021-10-17 02:51:26,64500.0,500.0,112100.0
649,2021-10-17 02:51:26,64500.0,400.0,111600.0
650,2021-10-17 02:51:21,64500.0,500.0,111200.0
651,2021-10-17 02:49:46,64500.0,100.0,110700.0
652,2021-10-17 02:49:46,64500.0,100.0,110600.0
653,2021-10-17 02:49:28,64500.0,500.0,110500.0
654,2021-10-17 02:49:18,64500.0,100.0,110000.0
655,2021-10-17 02:49:18,64500.0,400.0,109900.0
656,2021-10-17 02:48:29,64500.0,100.0,109500.0
657,2021-10-17 02:47:16,64400.0,1000.0,109400.0
658,2021-10-17 02:46:23,64500.0,1400.0,108400.0
659,2021-10-17 02:45:56,64500.0,700.0,107000.0
660,2021-10-17 02:45:56,64500.0,5000.0,106300.0
661,2021-10-17 02:45:56,64500.0,1500.0,101300.0
662,2021-10-17 02:45:56,64500.0,400.0,99800.0
663,2021-10-17 02:45:22,64400.0,100.0,99400.0
664,2021-10-17 02:43:57,64400.0,1000.0,99300.0
665,2021-10-17 02:43:22,64500.0,200.0,98300.0
666,2021-10-17 02:43:10,64500.0,2000.0,98100.0
667,2021-10-17 02:42:56,64500.0,100.0,96100.0
668,2021-10-17 02:42:16,64600.0,15000.0,96000.0
669,2021-10-17 02:42:05,64500.0,100.0,81000.0
670,2021-10-17 02:41:27,64500.0,400.0,80900.0
671,2021-10-17 02:41:27,64500.0,100.0,80500.0
672,2021-10-17 02:41:27,64500.0,700.0,80400.0
673,2021-10-17 02:40:07,64500.0,500.0,79700.0
674,2021-10-17 02:40:07,64500.0,2500.0,79200.0
675,2021-10-17 02:39:36,64500.0,500.0,76700.0
676,2021-10-17 02:39:20,64500.0,1000.0,76200.0
677,2021-10-17 02:39:08,64500.0,100.0,75200.0
678,2021-10-17 02:38:57,64600.0,1000.0,75100.0
679,2021-10-17 02:38:57,64600.0,1000.0,74100.0
680,2021-10-17 02:38:51,64600.0,200.0,73100.0
681,2021-10-17 02:38:28,64600.0,200.0,72900.0
682,2021-10-17 02:38:22,64700.0,900.0,72700.0
683,2021-10-17 02:38:22,64700.0,1900.0,71800.0
684,2021-10-17 02:38:16,64600.0,100.0,69900.0
685,2021-10-17 02:37:01,64600.0,100.0,69800.0
686,2021-10-17 02:36:55,64600.0,100.0,69700.0
687,2021-10-17 02:36:55,64600.0,300.0,69600.0
688,2021-10-17 02:36:11,64600.0,200.0,69300.0
689,2021-10-17 02:36:10,64600.0,500.0,69100.0
690,2021-10-17 02:35:59,64700.0,100.0,68600.0
691,2021-10-17 02:35:59,64700.0,100.0,68500.0
692,2021-10-17 02:34:14,64700.0,100.0,68400.0
693,2021-10-17 02:33:15,64700.0,400.0,68300.0
694,2021-10-17 02:33:15,64700.0,100.0,67900.0
695,2021-10-17 02:33:15,64600.0,600.0,67800.0
696,2021-10-17 02:33:15,64600.0,6800.0,67200.0
697,2021-10-17 02:32:59,64600.0,1000.0,60400.0
698,2021-10-17 02:32:29,64600.0,2200.0,59400.0
699,2021-10-17 02:32:29,64600.0,400.0,57200.0
700,2021-10-17 02:32:29,64500.0,100.0,56800.0
701,2021-10-17 02:32:29,64500.0,100.0,56700.0
702,2021-10-17 02:32:29,64500.0,100.0,56600.0
703,2021-10-17 02:32:29,64500.0,500.0,56500.0
704,2021-10-17 02:32:29,64500.0,300.0,56000.0
705,2021-10-17 02:32:29,64500.0,1000.0,55700.0
706,2021-10-17 02:32:29,64500.0,100.0,54700.0
707,2021-10-17 02:32:29,64400.0,200.0,54600.0
708,2021-10-17 02:32:29,64400.0,500.0,54400.0
709,2021-10-17 02:32:13,64200.0,200.0,53900.0
710,2021-10-17 02:32:13,64300.0,200.0,53700.0
711,2021-10-17 02:31:41,64200.0,300.0,53500.0
712,2021-10-17 02:31:33,64200.0,2000.0,53200.0
713,2021-10-17 02:31:22,64200.0,1000.0,51200.0
714,2021-10-17 02:30:11,64200.0,100.0,50200.0
715,2021-10-17 02:30:11,64200.0,600.0,50100.0
716,2021-10-17 02:30:11,64200.0,300.0,49500.0
717,2021-10-17 02:30:11,64200.0,100.0,49200.0
718,2021-10-17 02:29:32,64200.0,2000.0,49100.0
719,2021-10-17 02:29:32,64200.0,3000.0,47100.0
720,2021-10-17 02:28:37,64100.0,200.0,44100.0
721,2021-10-17 02:28:20,64100.0,700.0,43900.0
722,2021-10-17 02:28:20,64100.0,1000.0,43200.0
723,2021-10-17 02:28:20,64100.0,300.0,42200.0
724,2021-10-17 02:28:12,64500.0,500.0,41900.0
725,2021-10-17 02:28:12,64500.0,500.0,41400.0
726,2021-10-17 02:28:12,64400.0,200.0,40900.0
727,2021-10-17 02:25:57,64500.0,100.0,40700.0
728,2021-10-17 02:25:43,64500.0,1000.0,40600.0
729,2021-10-17 02:25:20,64500.0,1000.0,39600.0
730,2021-10-17 02:25:05,64500.0,100.0,38600.0
731,2021-10-17 02:24:27,64500.0,300.0,38500.0
732,2021-10-17 02:24:10,64500.0,100.0,38200.0
733,2021-10-17 02:24:07,64500.0,100.0,38100.0
734,2021-10-17 02:23:52,64500.0,500.0,38000.0
735,2021-10-17 02:23:25,64500.0,500.0,37500.0
736,2021-10-17 02:22:55,64500.0,700.0,37000.0
737,2021-10-17 02:21:58,64500.0,100.0,36300.0
738,2021-10-17 02:21:34,64500.0,100.0,36200.0
739,2021-10-17 02:21:24,64500.0,300.0,36100.0
740,2021-10-17 02:21:15,64500.0,400.0,35800.0
741,2021-10-17 02:21:15,64500.0,200.0,35400.0
742,2021-10-17 02:21:02,64500.0,800.0,35200.0
743,2021-10-17 02:21:02,64500.0,3500.0,34400.0
744,2021-10-17 02:20:53,64600.0,100.0,30900.0
745,2021-10-17 02:20:48,64600.0,200.0,30800.0
746,2021-10-17 02:20:48,64600.0,100.0,30600.0
747,2021-10-17 02:20:48,64600.0,200.0,30500.0
748,2021-10-17 02:20:48,64700.0,500.0,30300.0
749,2021-10-17 02:20:24,65000.0,7400.0,29800.0
750,2021-10-17 02:20:24,65000.0,800.0,22400.0
751,2021-10-17 02:20:24,65000.0,1000.0,21600.0
752,2021-10-17 02:20:24,65000.0,800.0,20600.0
753,2021-10-17 02:19:44,65000.0,100.0,19800.0
754,2021-10-17 02:19:33,65000.0,1000.0,19700.0
755,2021-10-17 02:19:01,65000.0,100.0,18700.0
756,2021-10-17 02:19:01,65000.0,100.0,18600.0
757,2021-10-17 02:18:32,65000.0,500.0,18500.0
758,2021-10-17 02:18:20,65000.0,100.0,18000.0
759,2021-10-17 02:18:20,65000.0,200.0,17900.0
760,2021-10-17 02:18:20,65000.0,100.0,17700.0
761,2021-10-17 02:17:28,65000.0,300.0,17600.0
762,2021-10-17 02:17:28,65000.0,1000.0,17300.0
763,2021-10-17 02:17:28,65000.0,5800.0,16300.0
764,2021-10-17 02:17:28,64900.0,1000.0,10500.0
765,2021-10-17 02:17:28,64900.0,500.0,9500.0
766,2021-10-17 02:17:28,64900.0,500.0,9000.0
767,2021-10-17 02:17:28,64700.0,400.0,8500.0
768,2021-10-17 02:17:28,64700.0,500.0,8100.0
769,2021-10-17 02:16:40,64600.0,200.0,7600.0
770,2021-10-17 02:16:33,64600.0,300.0,7400.0
771,2021-10-17 02:15:00,64500.0,500.0,7100.0
772,2021-10-17 02:15:00,64500.0,500.0,6600.0
773,2021-10-17 02:15:00,64500.0,500.0,6100.0
774,2021-10-17 02:15:00,64500.0,100.0,5600.0
775,2021-10-17 02:15:00,64500.0,100.0,5500.0
776,2021-10-17 02:15:00,64500.0,400.0,5400.0
777,2021-10-17 02:15:00,64500.0,2000.0,5000.0
778,2021-10-17 02:15:00,64500.0,1000.0,3000.0
779,2021-10-17 02:15:00,64500.0,500.0,2000.0
780,2021-10-17 02:15:00,64500.0,200.0,1500.0
781,2021-10-17 02:15:00,64500.0,500.0,1300.0
782,2021-10-17 02:15:00,64500.0,100.0,800.0
783,2021-10-17 02:15:00,64500.0,100.0,700.0
784,2021-10-17 02:15:00,64500.0,100.0,600.0
785,2021-10-17 02:15:00,64500.0,100.0,500.0
786,2021-10-17 02:15:00,64500.0,400.0,400.0
