,Time,Price,Volume_per_trade,Volume
0,2021-09-30 14:45:01,20300.0,400.0,102600.0
1,2021-09-30 14:45:01,20300.0,100.0,102200.0
2,2021-09-30 14:45:01,20300.0,500.0,102100.0
3,2021-09-30 14:45:01,20300.0,14900.0,101600.0
4,2021-09-30 14:45:01,20300.0,2000.0,86700.0
5,2021-09-30 14:45:01,20300.0,100.0,84700.0
6,2021-09-30 14:45:01,20300.0,3400.0,84600.0
7,2021-09-30 14:45:01,20300.0,100.0,81200.0
8,2021-09-30 14:45:01,20300.0,300.0,81100.0
9,2021-09-30 14:45:01,20300.0,2000.0,80800.0
10,2021-09-30 14:45:01,20300.0,100.0,78800.0
11,2021-09-30 14:45:01,20300.0,100.0,78700.0
12,2021-09-30 14:45:01,20300.0,1200.0,78600.0
13,2021-09-30 14:45:01,20300.0,200.0,77400.0
14,2021-09-30 14:45:01,20300.0,100.0,77200.0
15,2021-09-30 14:45:01,20300.0,700.0,77100.0
16,2021-09-30 14:45:01,20300.0,3000.0,76400.0
17,2021-09-30 14:45:01,20300.0,1000.0,73400.0
18,2021-09-30 14:45:01,20300.0,300.0,72400.0
19,2021-09-30 14:45:01,20300.0,2200.0,72100.0
20,2021-09-30 14:45:01,20300.0,100.0,69900.0
21,2021-09-30 14:45:01,20300.0,500.0,69800.0
22,2021-09-30 14:25:26,19890.0,100.0,69300.0
23,2021-09-30 14:24:50,19880.0,100.0,69200.0
24,2021-09-30 14:24:39,19880.0,100.0,69100.0
25,2021-09-30 14:24:18,19880.0,100.0,69000.0
26,2021-09-30 14:23:59,19880.0,5000.0,68900.0
27,2021-09-30 14:23:59,19880.0,100.0,63900.0
28,2021-09-30 14:23:59,19880.0,200.0,63800.0
29,2021-09-30 14:23:59,19880.0,400.0,63600.0
30,2021-09-30 14:23:59,19880.0,300.0,63200.0
31,2021-09-30 14:23:59,19880.0,100.0,62900.0
32,2021-09-30 14:22:58,19890.0,100.0,62800.0
33,2021-09-30 14:22:58,19890.0,5000.0,62700.0
34,2021-09-30 14:22:58,19890.0,100.0,57700.0
35,2021-09-30 14:21:41,19900.0,100.0,57600.0
36,2021-09-30 14:20:59,19900.0,100.0,57500.0
37,2021-09-30 14:20:07,19900.0,1200.0,57400.0
38,2021-09-30 14:19:38,19900.0,100.0,56200.0
39,2021-09-30 14:19:09,19900.0,1000.0,56100.0
40,2021-09-30 14:18:46,19900.0,100.0,55100.0
41,2021-09-30 14:17:43,19900.0,100.0,55000.0
42,2021-09-30 14:17:21,19900.0,100.0,54900.0
43,2021-09-30 14:17:21,19900.0,100.0,54800.0
44,2021-09-30 14:17:21,19900.0,500.0,54700.0
45,2021-09-30 14:17:21,19900.0,200.0,54200.0
46,2021-09-30 14:17:21,19900.0,200.0,54000.0
47,2021-09-30 14:17:21,19900.0,100.0,53800.0
48,2021-09-30 14:17:21,19900.0,600.0,53700.0
49,2021-09-30 14:17:21,19900.0,100.0,53100.0
50,2021-09-30 14:16:43,19910.0,100.0,53000.0
51,2021-09-30 14:15:31,19920.0,200.0,52900.0
52,2021-09-30 14:13:05,19900.0,100.0,52700.0
53,2021-09-30 13:56:37,19900.0,100.0,52600.0
54,2021-09-30 13:56:37,19900.0,100.0,52500.0
55,2021-09-30 13:56:37,19900.0,100.0,52400.0
56,2021-09-30 13:56:37,19900.0,100.0,52300.0
57,2021-09-30 13:56:37,19900.0,100.0,52200.0
58,2021-09-30 13:56:37,19900.0,500.0,52100.0
59,2021-09-30 13:56:37,19900.0,500.0,51600.0
60,2021-09-30 13:56:37,19900.0,200.0,51100.0
61,2021-09-30 13:56:37,19900.0,100.0,50900.0
62,2021-09-30 13:56:37,19900.0,100.0,50800.0
63,2021-09-30 13:56:37,19900.0,500.0,50700.0
64,2021-09-30 13:56:37,19900.0,300.0,50200.0
65,2021-09-30 13:54:04,19910.0,100.0,49900.0
66,2021-09-30 13:52:59,19910.0,100.0,49800.0
67,2021-09-30 13:52:59,19910.0,100.0,49700.0
68,2021-09-30 13:52:59,19910.0,100.0,49600.0
69,2021-09-30 13:52:59,19910.0,200.0,49500.0
70,2021-09-30 13:52:59,19910.0,100.0,49300.0
71,2021-09-30 13:52:59,19910.0,100.0,49200.0
72,2021-09-30 13:52:59,19910.0,400.0,49100.0
73,2021-09-30 13:27:07,19910.0,100.0,48700.0
74,2021-09-30 13:20:20,19910.0,100.0,48600.0
75,2021-09-30 13:20:20,19910.0,100.0,48500.0
76,2021-09-30 13:20:17,19920.0,100.0,48400.0
77,2021-09-30 13:13:52,19920.0,100.0,48300.0
78,2021-09-30 13:13:03,19920.0,200.0,48200.0
79,2021-09-30 13:13:03,19920.0,100.0,48000.0
80,2021-09-30 13:13:03,19920.0,100.0,47900.0
81,2021-09-30 13:13:03,19920.0,100.0,47800.0
82,2021-09-30 13:13:03,19920.0,100.0,47700.0
83,2021-09-30 13:01:07,20200.0,400.0,47600.0
84,2021-09-30 13:00:21,20200.0,100.0,47200.0
85,2021-09-30 13:00:21,20070.0,100.0,47100.0
86,2021-09-30 11:27:57,19920.0,100.0,47000.0
87,2021-09-30 11:27:57,19920.0,100.0,46900.0
88,2021-09-30 11:25:12,19930.0,1100.0,46800.0
89,2021-09-30 11:21:12,19930.0,100.0,45700.0
90,2021-09-30 11:19:50,19940.0,100.0,45600.0
91,2021-09-30 11:19:50,19940.0,300.0,45500.0
92,2021-09-30 11:19:50,19940.0,100.0,45200.0
93,2021-09-30 11:19:02,19950.0,100.0,45100.0
94,2021-09-30 11:17:55,19950.0,100.0,45000.0
95,2021-09-30 11:17:55,19950.0,100.0,44900.0
96,2021-09-30 11:17:55,19950.0,100.0,44800.0
97,2021-09-30 11:15:09,19960.0,100.0,44700.0
98,2021-09-30 11:12:03,19960.0,1800.0,44600.0
99,2021-09-30 11:09:30,19960.0,100.0,42800.0
100,2021-09-30 10:49:58,19980.0,100.0,42700.0
101,2021-09-30 10:35:35,19940.0,100.0,42600.0
102,2021-09-30 10:34:01,19940.0,100.0,42500.0
103,2021-09-30 10:34:01,19940.0,200.0,42400.0
104,2021-09-30 10:29:29,19940.0,100.0,42200.0
105,2021-09-30 10:27:22,19960.0,200.0,42100.0
106,2021-09-30 10:25:20,19950.0,2200.0,41900.0
107,2021-09-30 10:23:42,19950.0,10000.0,39700.0
108,2021-09-30 10:22:42,19950.0,300.0,29700.0
109,2021-09-30 10:22:42,19950.0,500.0,29400.0
110,2021-09-30 10:22:42,19950.0,500.0,28900.0
111,2021-09-30 10:22:42,19950.0,1300.0,28400.0
112,2021-09-30 10:22:42,19950.0,100.0,27100.0
113,2021-09-30 10:22:42,19950.0,500.0,27000.0
114,2021-09-30 10:22:42,19950.0,5000.0,26500.0
115,2021-09-30 10:22:42,19950.0,400.0,21500.0
116,2021-09-30 10:22:42,19950.0,500.0,21100.0
117,2021-09-30 10:19:48,19960.0,100.0,20600.0
118,2021-09-30 10:18:19,19970.0,200.0,20500.0
119,2021-09-30 10:16:41,19970.0,100.0,20300.0
120,2021-09-30 10:14:14,19980.0,10000.0,20200.0
121,2021-09-30 09:49:41,19950.0,100.0,10200.0
122,2021-09-30 09:49:15,19950.0,500.0,10100.0
123,2021-09-30 09:49:15,19940.0,500.0,9600.0
124,2021-09-30 09:46:53,19940.0,500.0,9100.0
125,2021-09-30 09:45:34,19930.0,500.0,8600.0
126,2021-09-30 09:42:40,19930.0,100.0,8100.0
127,2021-09-30 09:41:02,19900.0,100.0,8000.0
128,2021-09-30 09:39:52,19910.0,100.0,7900.0
129,2021-09-30 09:37:56,19900.0,500.0,7800.0
130,2021-09-30 09:37:44,19900.0,100.0,7300.0
131,2021-09-30 09:36:14,19900.0,500.0,7200.0
132,2021-09-30 09:35:38,19900.0,100.0,6700.0
133,2021-09-30 09:35:38,19900.0,500.0,6600.0
134,2021-09-30 09:35:38,19900.0,100.0,6100.0
135,2021-09-30 09:35:38,19900.0,100.0,6000.0
136,2021-09-30 09:35:38,19900.0,500.0,5900.0
137,2021-09-30 09:35:38,19900.0,200.0,5400.0
138,2021-09-30 09:35:38,19900.0,200.0,5200.0
139,2021-09-30 09:35:27,19910.0,100.0,5000.0
140,2021-09-30 09:34:07,19920.0,100.0,4900.0
141,2021-09-30 09:31:56,19920.0,300.0,4800.0
142,2021-09-30 09:31:33,19920.0,200.0,4500.0
143,2021-09-30 09:31:06,19900.0,300.0,4300.0
144,2021-09-30 09:30:43,19900.0,100.0,4000.0
145,2021-09-30 09:30:43,19910.0,100.0,3900.0
146,2021-09-30 09:29:56,19920.0,2000.0,3800.0
147,2021-09-30 09:29:16,19930.0,500.0,1800.0
148,2021-09-30 09:28:59,19930.0,100.0,1300.0
149,2021-09-30 09:28:58,19930.0,100.0,1200.0
150,2021-09-30 09:15:54,20260.0,900.0,1100.0
151,2021-09-30 09:15:00,20260.0,100.0,200.0
152,2021-09-30 09:15:00,20260.0,100.0,100.0
