,Time,Price,Volume_per_trade,Volume
0,2021-10-13 07:45:00,50700.0,200.0,393100.0
1,2021-10-13 07:45:00,50700.0,100.0,392900.0
2,2021-10-13 07:45:00,50700.0,900.0,392800.0
3,2021-10-13 07:45:00,50700.0,100.0,391900.0
4,2021-10-13 07:45:00,50700.0,1000.0,391800.0
5,2021-10-13 07:45:00,50700.0,800.0,390800.0
6,2021-10-13 07:45:00,50700.0,100.0,390000.0
7,2021-10-13 07:45:00,50700.0,3000.0,389900.0
8,2021-10-13 07:45:00,50700.0,500.0,386900.0
9,2021-10-13 07:45:00,50700.0,1000.0,386400.0
10,2021-10-13 07:45:00,50700.0,400.0,385400.0
11,2021-10-13 07:29:46,50700.0,500.0,385000.0
12,2021-10-13 07:29:32,50600.0,300.0,384500.0
13,2021-10-13 07:29:24,50700.0,200.0,384200.0
14,2021-10-13 07:28:59,50600.0,200.0,384000.0
15,2021-10-13 07:28:59,50600.0,200.0,383800.0
16,2021-10-13 07:28:59,50600.0,1000.0,383600.0
17,2021-10-13 07:28:59,50600.0,500.0,382600.0
18,2021-10-13 07:28:59,50600.0,500.0,382100.0
19,2021-10-13 07:28:59,50600.0,200.0,381600.0
20,2021-10-13 07:28:59,50600.0,1000.0,381400.0
21,2021-10-13 07:28:59,50600.0,100.0,380400.0
22,2021-10-13 07:28:59,50600.0,200.0,380300.0
23,2021-10-13 07:28:59,50600.0,100.0,380100.0
24,2021-10-13 07:28:43,50600.0,100.0,380000.0
25,2021-10-13 07:28:43,50600.0,100.0,379900.0
26,2021-10-13 07:28:34,50700.0,100.0,379800.0
27,2021-10-13 07:27:56,50700.0,2500.0,379700.0
28,2021-10-13 07:27:41,50700.0,100.0,377200.0
29,2021-10-13 07:27:41,50700.0,1900.0,377100.0
30,2021-10-13 07:27:41,50700.0,2000.0,375200.0
31,2021-10-13 07:27:41,50700.0,3500.0,373200.0
32,2021-10-13 07:26:55,50700.0,1900.0,369700.0
33,2021-10-13 07:26:32,50700.0,3900.0,367800.0
34,2021-10-13 07:25:56,50700.0,700.0,363900.0
35,2021-10-13 07:25:56,50700.0,1000.0,363200.0
36,2021-10-13 07:25:56,50700.0,200.0,362200.0
37,2021-10-13 07:25:56,50700.0,200.0,362000.0
38,2021-10-13 07:25:56,50700.0,100.0,361800.0
39,2021-10-13 07:25:56,50700.0,900.0,361700.0
40,2021-10-13 07:25:56,50700.0,800.0,360800.0
41,2021-10-13 07:25:56,50800.0,100.0,360000.0
42,2021-10-13 07:25:56,50800.0,200.0,359900.0
43,2021-10-13 07:25:56,50800.0,600.0,359700.0
44,2021-10-13 07:25:56,50800.0,200.0,359100.0
45,2021-10-13 07:25:01,50800.0,100.0,358900.0
46,2021-10-13 07:24:24,50800.0,100.0,358800.0
47,2021-10-13 07:24:08,50800.0,100.0,358700.0
48,2021-10-13 07:23:23,50800.0,800.0,358600.0
49,2021-10-13 07:22:51,50800.0,100.0,357800.0
50,2021-10-13 07:22:51,50800.0,100.0,357700.0
51,2021-10-13 07:22:51,50800.0,600.0,357600.0
52,2021-10-13 07:22:51,50800.0,200.0,357000.0
53,2021-10-13 07:22:51,50800.0,400.0,356800.0
54,2021-10-13 07:22:51,50800.0,300.0,356400.0
55,2021-10-13 07:22:51,50800.0,200.0,356100.0
56,2021-10-13 07:22:51,50800.0,100.0,355900.0
57,2021-10-13 07:22:26,50800.0,100.0,355800.0
58,2021-10-13 07:21:09,50800.0,200.0,355700.0
59,2021-10-13 07:20:53,50900.0,100.0,355500.0
60,2021-10-13 07:20:53,50900.0,900.0,355400.0
61,2021-10-13 07:20:53,50900.0,100.0,354500.0
62,2021-10-13 07:19:59,50900.0,100.0,354400.0
63,2021-10-13 07:19:12,50900.0,500.0,354300.0
64,2021-10-13 07:18:53,50900.0,300.0,353800.0
65,2021-10-13 07:18:53,50900.0,100.0,353500.0
66,2021-10-13 07:18:53,50900.0,100.0,353400.0
67,2021-10-13 07:18:53,50900.0,100.0,353300.0
68,2021-10-13 07:18:53,50900.0,800.0,353200.0
69,2021-10-13 07:18:53,50900.0,500.0,352400.0
70,2021-10-13 07:18:53,50900.0,1000.0,351900.0
71,2021-10-13 07:18:53,50900.0,1300.0,350900.0
72,2021-10-13 07:18:35,50900.0,500.0,349600.0
73,2021-10-13 07:18:22,50800.0,100.0,349100.0
74,2021-10-13 07:18:14,50800.0,200.0,349000.0
75,2021-10-13 07:18:14,50800.0,800.0,348800.0
76,2021-10-13 07:18:14,50800.0,100.0,348000.0
77,2021-10-13 07:18:01,50800.0,100.0,347900.0
78,2021-10-13 07:18:01,50800.0,100.0,347800.0
79,2021-10-13 07:18:01,50800.0,100.0,347700.0
80,2021-10-13 07:17:37,50800.0,200.0,347600.0
81,2021-10-13 07:16:50,50800.0,500.0,347400.0
82,2021-10-13 07:16:50,50800.0,100.0,346900.0
83,2021-10-13 07:16:50,50800.0,1000.0,346800.0
84,2021-10-13 07:16:50,50800.0,1900.0,345800.0
85,2021-10-13 07:16:43,50800.0,100.0,343900.0
86,2021-10-13 07:16:43,50800.0,200.0,343800.0
87,2021-10-13 07:16:43,50800.0,700.0,343600.0
88,2021-10-13 07:16:22,50800.0,1300.0,342900.0
89,2021-10-13 07:16:22,50800.0,300.0,341600.0
90,2021-10-13 07:16:22,50800.0,100.0,341300.0
91,2021-10-13 07:16:22,50800.0,100.0,341200.0
92,2021-10-13 07:16:22,50800.0,200.0,341100.0
93,2021-10-13 07:15:44,50900.0,100.0,340900.0
94,2021-10-13 07:14:01,50900.0,1500.0,340800.0
95,2021-10-13 07:10:48,50900.0,1600.0,339300.0
96,2021-10-13 07:10:48,50900.0,400.0,337700.0
97,2021-10-13 07:10:30,50900.0,100.0,337300.0
98,2021-10-13 07:10:24,50900.0,100.0,337200.0
99,2021-10-13 07:09:31,50900.0,100.0,337100.0
100,2021-10-13 07:09:31,50900.0,100.0,337000.0
101,2021-10-13 07:09:26,50900.0,100.0,336900.0
102,2021-10-13 07:09:19,50900.0,400.0,336800.0
103,2021-10-13 07:09:19,50900.0,500.0,336400.0
104,2021-10-13 07:09:19,50900.0,100.0,335900.0
105,2021-10-13 07:09:07,50900.0,400.0,335800.0
106,2021-10-13 07:09:07,50900.0,100.0,335400.0
107,2021-10-13 07:08:48,50900.0,100.0,335300.0
108,2021-10-13 07:08:10,50900.0,200.0,335200.0
109,2021-10-13 07:07:28,50900.0,100.0,335000.0
110,2021-10-13 07:07:28,50900.0,200.0,334900.0
111,2021-10-13 07:07:15,50900.0,600.0,334700.0
112,2021-10-13 07:07:03,50900.0,200.0,334100.0
113,2021-10-13 07:06:25,50900.0,1000.0,333900.0
114,2021-10-13 07:06:16,50900.0,200.0,332900.0
115,2021-10-13 07:06:09,50900.0,300.0,332700.0
116,2021-10-13 07:06:07,50900.0,1000.0,332400.0
117,2021-10-13 07:06:05,50900.0,200.0,331400.0
118,2021-10-13 07:06:04,50900.0,2000.0,331200.0
119,2021-10-13 07:05:59,50900.0,100.0,329200.0
120,2021-10-13 07:05:39,50900.0,1200.0,329100.0
121,2021-10-13 07:05:39,50900.0,1000.0,327900.0
122,2021-10-13 07:05:39,50900.0,7500.0,326900.0
123,2021-10-13 07:05:39,50900.0,1000.0,319400.0
124,2021-10-13 07:05:39,50900.0,500.0,318400.0
125,2021-10-13 07:05:39,50900.0,100.0,317900.0
126,2021-10-13 07:05:39,50900.0,100.0,317800.0
127,2021-10-13 07:02:29,50800.0,100.0,317700.0
128,2021-10-13 07:02:29,50800.0,300.0,317600.0
129,2021-10-13 07:01:15,50800.0,200.0,317300.0
130,2021-10-13 07:01:15,50800.0,100.0,317100.0
131,2021-10-13 07:01:15,50800.0,500.0,317000.0
132,2021-10-13 07:01:15,50800.0,100.0,316500.0
133,2021-10-13 07:01:15,50800.0,100.0,316400.0
134,2021-10-13 07:00:29,50800.0,900.0,316300.0
135,2021-10-13 07:00:22,50800.0,900.0,315400.0
136,2021-10-13 07:00:22,50800.0,1500.0,314500.0
137,2021-10-13 07:00:22,50800.0,2600.0,313000.0
138,2021-10-13 07:00:07,50800.0,100.0,310400.0
139,2021-10-13 06:59:56,50800.0,400.0,310300.0
140,2021-10-13 06:59:56,50800.0,600.0,309900.0
141,2021-10-13 06:59:52,50800.0,200.0,309300.0
142,2021-10-13 06:59:52,50800.0,300.0,309100.0
143,2021-10-13 06:59:47,50800.0,100.0,308800.0
144,2021-10-13 06:58:53,50800.0,100.0,308700.0
145,2021-10-13 06:58:53,50800.0,400.0,308600.0
146,2021-10-13 06:58:39,50800.0,100.0,308200.0
147,2021-10-13 06:58:27,50800.0,100.0,308100.0
148,2021-10-13 06:58:21,50800.0,200.0,308000.0
149,2021-10-13 06:58:05,50800.0,2700.0,307800.0
150,2021-10-13 06:58:05,50800.0,200.0,305100.0
151,2021-10-13 06:58:05,50800.0,500.0,304900.0
152,2021-10-13 06:58:05,50800.0,200.0,304400.0
153,2021-10-13 06:58:05,50800.0,3000.0,304200.0
154,2021-10-13 06:58:05,50800.0,1400.0,301200.0
155,2021-10-13 06:55:23,50700.0,200.0,299800.0
156,2021-10-13 06:52:39,50700.0,200.0,299600.0
157,2021-10-13 06:52:08,50700.0,1000.0,299400.0
158,2021-10-13 06:49:55,50700.0,2000.0,298400.0
159,2021-10-13 06:49:35,50700.0,800.0,296400.0
160,2021-10-13 06:49:35,50700.0,400.0,295600.0
161,2021-10-13 06:47:30,50700.0,100.0,295200.0
162,2021-10-13 06:44:55,50700.0,600.0,295100.0
163,2021-10-13 06:44:55,50700.0,400.0,294500.0
164,2021-10-13 06:44:08,50700.0,100.0,294100.0
165,2021-10-13 06:42:23,50600.0,300.0,294000.0
166,2021-10-13 06:42:21,50700.0,3000.0,293700.0
167,2021-10-13 06:41:43,50600.0,1000.0,290700.0
168,2021-10-13 06:40:35,50600.0,300.0,289700.0
169,2021-10-13 06:39:31,50600.0,500.0,289400.0
170,2021-10-13 06:39:23,50600.0,800.0,288900.0
171,2021-10-13 06:37:41,50600.0,5800.0,288100.0
172,2021-10-13 06:37:41,50600.0,200.0,282300.0
173,2021-10-13 06:35:25,50700.0,300.0,282100.0
174,2021-10-13 06:35:25,50700.0,100.0,281800.0
175,2021-10-13 06:35:25,50700.0,600.0,281700.0
176,2021-10-13 06:32:07,50700.0,100.0,281100.0
177,2021-10-13 06:32:07,50700.0,400.0,281000.0
178,2021-10-13 06:31:59,50700.0,500.0,280600.0
179,2021-10-13 06:30:59,50700.0,100.0,280100.0
180,2021-10-13 06:30:59,50700.0,900.0,280000.0
181,2021-10-13 06:30:59,50700.0,1000.0,279100.0
182,2021-10-13 06:27:15,50600.0,100.0,278100.0
183,2021-10-13 06:27:05,50600.0,100.0,278000.0
184,2021-10-13 06:27:01,50600.0,100.0,277900.0
185,2021-10-13 06:26:03,50600.0,200.0,277800.0
186,2021-10-13 06:26:03,50600.0,300.0,277600.0
187,2021-10-13 06:26:03,50600.0,900.0,277300.0
188,2021-10-13 06:25:47,50600.0,100.0,276400.0
189,2021-10-13 06:25:26,50600.0,100.0,276300.0
190,2021-10-13 06:23:11,50500.0,1500.0,276200.0
191,2021-10-13 06:23:11,50500.0,500.0,274700.0
192,2021-10-13 06:22:51,50600.0,100.0,274200.0
193,2021-10-13 06:22:49,50600.0,100.0,274100.0
194,2021-10-13 06:22:49,50600.0,100.0,274000.0
195,2021-10-13 06:22:49,50600.0,600.0,273900.0
196,2021-10-13 06:21:58,50600.0,4600.0,273300.0
197,2021-10-13 06:21:36,50600.0,3000.0,268700.0
198,2021-10-13 06:21:03,50600.0,1800.0,265700.0
199,2021-10-13 06:21:03,50600.0,100.0,263900.0
200,2021-10-13 06:20:26,50600.0,1000.0,263800.0
201,2021-10-13 06:19:14,50600.0,100.0,262800.0
202,2021-10-13 06:18:29,50600.0,500.0,262700.0
203,2021-10-13 06:16:47,50600.0,100.0,262200.0
204,2021-10-13 06:16:43,50600.0,1000.0,262100.0
205,2021-10-13 06:16:22,50600.0,300.0,261100.0
206,2021-10-13 06:15:31,50600.0,1000.0,260800.0
207,2021-10-13 06:14:58,50600.0,500.0,259800.0
208,2021-10-13 06:14:19,50600.0,1000.0,259300.0
209,2021-10-13 06:13:14,50600.0,300.0,258300.0
210,2021-10-13 06:13:14,50600.0,400.0,258000.0
211,2021-10-13 06:12:07,50600.0,100.0,257600.0
212,2021-10-13 06:12:07,50600.0,4500.0,257500.0
213,2021-10-13 06:12:03,50600.0,2000.0,253000.0
214,2021-10-13 06:10:55,50600.0,3500.0,251000.0
215,2021-10-13 06:10:55,50600.0,100.0,247500.0
216,2021-10-13 06:10:55,50600.0,100.0,247400.0
217,2021-10-13 06:10:55,50600.0,200.0,247300.0
218,2021-10-13 06:10:55,50600.0,400.0,247100.0
219,2021-10-13 06:10:55,50600.0,200.0,246700.0
220,2021-10-13 06:03:56,50700.0,100.0,246500.0
221,2021-10-13 06:03:41,50700.0,1000.0,246400.0
222,2021-10-13 06:01:51,50800.0,2000.0,245400.0
223,2021-10-13 04:28:30,50700.0,1000.0,243400.0
224,2021-10-13 04:28:26,50700.0,1000.0,242400.0
225,2021-10-13 04:28:24,50700.0,100.0,241400.0
226,2021-10-13 04:28:00,50700.0,1300.0,241300.0
227,2021-10-13 04:27:53,50700.0,1300.0,240000.0
228,2021-10-13 04:26:09,50600.0,300.0,238700.0
229,2021-10-13 04:25:47,50600.0,100.0,238400.0
230,2021-10-13 04:25:32,50600.0,400.0,238300.0
231,2021-10-13 04:24:33,50500.0,200.0,237900.0
232,2021-10-13 04:23:40,50500.0,200.0,237700.0
233,2021-10-13 04:22:54,50500.0,300.0,237500.0
234,2021-10-13 04:22:54,50500.0,100.0,237200.0
235,2021-10-13 04:22:54,50500.0,200.0,237100.0
236,2021-10-13 04:22:54,50500.0,200.0,236900.0
237,2021-10-13 04:21:52,50400.0,500.0,236700.0
238,2021-10-13 04:21:23,50500.0,500.0,236200.0
239,2021-10-13 04:21:16,50500.0,1000.0,235700.0
240,2021-10-13 04:18:27,50500.0,100.0,234700.0
241,2021-10-13 04:18:19,50500.0,100.0,234600.0
242,2021-10-13 04:18:19,50500.0,100.0,234500.0
243,2021-10-13 04:17:07,50500.0,300.0,234400.0
244,2021-10-13 04:17:07,50500.0,100.0,234100.0
245,2021-10-13 04:17:07,50500.0,100.0,234000.0
246,2021-10-13 04:16:30,50500.0,200.0,233900.0
247,2021-10-13 04:16:00,50500.0,200.0,233700.0
248,2021-10-13 04:16:00,50500.0,100.0,233500.0
249,2021-10-13 04:16:00,50500.0,100.0,233400.0
250,2021-10-13 04:14:11,50500.0,200.0,233300.0
251,2021-10-13 04:14:11,50500.0,100.0,233100.0
252,2021-10-13 04:12:45,50500.0,900.0,233000.0
253,2021-10-13 04:12:45,50500.0,400.0,232100.0
254,2021-10-13 04:12:45,50500.0,200.0,231700.0
255,2021-10-13 04:12:45,50500.0,2500.0,231500.0
256,2021-10-13 04:12:45,50500.0,500.0,229000.0
257,2021-10-13 04:12:45,50500.0,1000.0,228500.0
258,2021-10-13 04:12:45,50500.0,300.0,227500.0
259,2021-10-13 04:12:45,50500.0,100.0,227200.0
260,2021-10-13 04:12:45,50500.0,1000.0,227100.0
261,2021-10-13 04:12:45,50500.0,300.0,226100.0
262,2021-10-13 04:12:45,50500.0,500.0,225800.0
263,2021-10-13 04:12:45,50500.0,100.0,225300.0
264,2021-10-13 04:12:45,50500.0,100.0,225200.0
265,2021-10-13 04:12:45,50500.0,1000.0,225100.0
266,2021-10-13 04:12:45,50500.0,500.0,224100.0
267,2021-10-13 04:12:45,50500.0,100.0,223600.0
268,2021-10-13 04:12:45,50500.0,100.0,223500.0
269,2021-10-13 04:12:45,50500.0,100.0,223400.0
270,2021-10-13 04:12:45,50500.0,200.0,223300.0
271,2021-10-13 04:12:45,50500.0,100.0,223100.0
272,2021-10-13 04:12:45,50500.0,100.0,223000.0
273,2021-10-13 04:12:45,50500.0,200.0,222900.0
274,2021-10-13 04:12:45,50500.0,1000.0,222700.0
275,2021-10-13 04:12:45,50500.0,1000.0,221700.0
276,2021-10-13 04:12:45,50500.0,400.0,220700.0
277,2021-10-13 04:12:45,50500.0,100.0,220300.0
278,2021-10-13 04:12:45,50500.0,1000.0,220200.0
279,2021-10-13 04:12:45,50600.0,1000.0,219200.0
280,2021-10-13 04:12:45,50600.0,200.0,218200.0
281,2021-10-13 04:12:45,50600.0,2500.0,218000.0
282,2021-10-13 04:12:45,50600.0,200.0,215500.0
283,2021-10-13 04:12:45,50600.0,300.0,215300.0
284,2021-10-13 04:12:45,50600.0,100.0,215000.0
285,2021-10-13 04:12:45,50600.0,200.0,214900.0
286,2021-10-13 04:12:45,50600.0,1000.0,214700.0
287,2021-10-13 04:12:45,50600.0,700.0,213700.0
288,2021-10-13 04:12:20,50600.0,200.0,213000.0
289,2021-10-13 04:12:20,50600.0,100.0,212800.0
290,2021-10-13 04:12:20,50600.0,200.0,212700.0
291,2021-10-13 04:10:49,50600.0,600.0,212500.0
292,2021-10-13 04:10:49,50600.0,100.0,211900.0
293,2021-10-13 04:10:49,50600.0,400.0,211800.0
294,2021-10-13 04:10:49,50600.0,2000.0,211400.0
295,2021-10-13 04:10:16,50600.0,300.0,209400.0
296,2021-10-13 04:10:15,50700.0,100.0,209100.0
297,2021-10-13 04:09:47,50700.0,3000.0,209000.0
298,2021-10-13 04:09:07,50700.0,500.0,206000.0
299,2021-10-13 04:08:46,50700.0,200.0,205500.0
300,2021-10-13 04:08:15,50700.0,700.0,205300.0
301,2021-10-13 04:08:15,50700.0,1000.0,204600.0
302,2021-10-13 04:08:15,50700.0,800.0,203600.0
303,2021-10-13 04:08:02,50700.0,200.0,202800.0
304,2021-10-13 04:07:55,50700.0,700.0,202600.0
305,2021-10-13 04:07:09,50700.0,100.0,201900.0
306,2021-10-13 04:05:57,50800.0,400.0,201800.0
307,2021-10-13 04:05:16,50600.0,1000.0,201400.0
308,2021-10-13 04:04:29,50700.0,100.0,200400.0
309,2021-10-13 04:02:42,50700.0,100.0,200300.0
310,2021-10-13 04:01:31,50700.0,2000.0,200200.0
311,2021-10-13 04:01:07,50700.0,700.0,198200.0
312,2021-10-13 04:01:07,50700.0,1000.0,197500.0
313,2021-10-13 04:01:07,50700.0,200.0,196500.0
314,2021-10-13 04:01:07,50700.0,100.0,196300.0
315,2021-10-13 04:01:07,50700.0,200.0,196200.0
316,2021-10-13 04:01:07,50700.0,100.0,196000.0
317,2021-10-13 04:01:07,50700.0,300.0,195900.0
318,2021-10-13 04:00:03,50800.0,100.0,195600.0
319,2021-10-13 03:59:04,50700.0,100.0,195500.0
320,2021-10-13 03:55:31,50700.0,100.0,195400.0
321,2021-10-13 03:53:13,50700.0,400.0,195300.0
322,2021-10-13 03:52:59,50700.0,2000.0,194900.0
323,2021-10-13 03:52:59,50700.0,100.0,192900.0
324,2021-10-13 03:52:59,50700.0,1000.0,192800.0
325,2021-10-13 03:52:23,50700.0,400.0,191800.0
326,2021-10-13 03:51:06,50800.0,200.0,191400.0
327,2021-10-13 03:51:06,50800.0,3000.0,191200.0
328,2021-10-13 03:51:06,50800.0,100.0,188200.0
329,2021-10-13 03:50:57,50900.0,500.0,188100.0
330,2021-10-13 03:48:59,50900.0,200.0,187600.0
331,2021-10-13 03:47:00,50900.0,100.0,187400.0
332,2021-10-13 03:46:13,50900.0,200.0,187300.0
333,2021-10-13 03:46:13,50900.0,200.0,187100.0
334,2021-10-13 03:44:30,51000.0,1000.0,186900.0
335,2021-10-13 03:44:12,51000.0,4200.0,185900.0
336,2021-10-13 03:44:12,51000.0,500.0,181700.0
337,2021-10-13 03:44:12,51000.0,100.0,181200.0
338,2021-10-13 03:44:12,51000.0,400.0,181100.0
339,2021-10-13 03:43:41,50900.0,400.0,180700.0
340,2021-10-13 03:43:41,50900.0,300.0,180300.0
341,2021-10-13 03:43:34,50800.0,500.0,180000.0
342,2021-10-13 03:43:15,50800.0,100.0,179500.0
343,2021-10-13 03:42:36,50800.0,4500.0,179400.0
344,2021-10-13 03:42:33,50700.0,200.0,174900.0
345,2021-10-13 03:42:11,50800.0,500.0,174700.0
346,2021-10-13 03:39:16,50700.0,300.0,174200.0
347,2021-10-13 03:39:16,50700.0,100.0,173900.0
348,2021-10-13 03:39:00,50700.0,200.0,173800.0
349,2021-10-13 03:39:00,50700.0,1800.0,173600.0
350,2021-10-13 03:38:50,50700.0,500.0,171800.0
351,2021-10-13 03:38:49,50600.0,100.0,171300.0
352,2021-10-13 03:37:38,50600.0,600.0,171200.0
353,2021-10-13 03:36:27,50700.0,500.0,170600.0
354,2021-10-13 03:36:27,50700.0,1000.0,170100.0
355,2021-10-13 03:36:27,50700.0,600.0,169100.0
356,2021-10-13 03:36:27,50700.0,2100.0,168500.0
357,2021-10-13 03:35:24,50700.0,100.0,166400.0
358,2021-10-13 03:35:00,50700.0,1000.0,166300.0
359,2021-10-13 03:34:51,50700.0,100.0,165300.0
360,2021-10-13 03:34:46,50700.0,400.0,165200.0
361,2021-10-13 03:34:46,50700.0,2700.0,164800.0
362,2021-10-13 03:34:12,50700.0,100.0,162100.0
363,2021-10-13 03:34:12,50700.0,100.0,162000.0
364,2021-10-13 03:34:12,50700.0,100.0,161900.0
365,2021-10-13 03:34:12,50700.0,100.0,161800.0
366,2021-10-13 03:34:12,50700.0,600.0,161700.0
367,2021-10-13 03:34:12,50700.0,1000.0,161100.0
368,2021-10-13 03:34:12,50700.0,100.0,160100.0
369,2021-10-13 03:34:12,50700.0,1000.0,160000.0
370,2021-10-13 03:34:12,50700.0,13200.0,159000.0
371,2021-10-13 03:33:33,50700.0,500.0,145800.0
372,2021-10-13 03:32:55,50700.0,900.0,145300.0
373,2021-10-13 03:32:55,50700.0,1000.0,144400.0
374,2021-10-13 03:32:55,50700.0,2100.0,143400.0
375,2021-10-13 03:32:50,50700.0,900.0,141300.0
376,2021-10-13 03:32:50,50700.0,100.0,140400.0
377,2021-10-13 03:32:23,50700.0,900.0,140300.0
378,2021-10-13 03:32:23,50700.0,1000.0,139400.0
379,2021-10-13 03:32:23,50700.0,100.0,138400.0
380,2021-10-13 03:31:59,50800.0,1000.0,138300.0
381,2021-10-13 03:31:57,50800.0,1000.0,137300.0
382,2021-10-13 03:31:57,50800.0,500.0,136300.0
383,2021-10-13 03:31:57,50800.0,200.0,135800.0
384,2021-10-13 03:31:06,50800.0,300.0,135600.0
385,2021-10-13 03:31:06,50800.0,500.0,135300.0
386,2021-10-13 03:31:06,50800.0,200.0,134800.0
387,2021-10-13 03:30:48,50800.0,600.0,134600.0
388,2021-10-13 03:30:07,50800.0,1000.0,134000.0
389,2021-10-13 03:27:15,50800.0,100.0,133000.0
390,2021-10-13 03:26:53,50800.0,100.0,132900.0
391,2021-10-13 03:26:53,50800.0,200.0,132800.0
392,2021-10-13 03:23:37,50900.0,300.0,132600.0
393,2021-10-13 03:23:37,50900.0,200.0,132300.0
394,2021-10-13 03:23:16,50800.0,500.0,132100.0
395,2021-10-13 03:23:16,50800.0,200.0,131600.0
396,2021-10-13 03:23:16,50800.0,500.0,131400.0
397,2021-10-13 03:23:16,50800.0,200.0,130900.0
398,2021-10-13 03:22:19,50900.0,800.0,130700.0
399,2021-10-13 03:21:43,50900.0,600.0,129900.0
400,2021-10-13 03:21:43,50900.0,400.0,129300.0
401,2021-10-13 03:21:26,50900.0,600.0,128900.0
402,2021-10-13 03:21:26,50900.0,100.0,128300.0
403,2021-10-13 03:21:26,50900.0,700.0,128200.0
404,2021-10-13 03:18:12,50900.0,100.0,127500.0
405,2021-10-13 03:18:12,50900.0,200.0,127400.0
406,2021-10-13 03:17:03,51000.0,200.0,127200.0
407,2021-10-13 03:17:03,51000.0,400.0,127000.0
408,2021-10-13 03:16:51,51000.0,100.0,126600.0
409,2021-10-13 03:16:22,51000.0,4500.0,126500.0
410,2021-10-13 03:16:15,51000.0,500.0,122000.0
411,2021-10-13 03:14:23,51100.0,400.0,121500.0
412,2021-10-13 03:14:23,51100.0,100.0,121100.0
413,2021-10-13 03:14:23,51100.0,1000.0,121000.0
414,2021-10-13 03:14:23,51100.0,100.0,120000.0
415,2021-10-13 03:14:23,51100.0,200.0,119900.0
416,2021-10-13 03:14:23,51100.0,100.0,119700.0
417,2021-10-13 03:14:23,51100.0,100.0,119600.0
418,2021-10-13 03:13:46,51000.0,200.0,119500.0
419,2021-10-13 03:13:26,51000.0,800.0,119300.0
420,2021-10-13 03:12:49,50800.0,3000.0,118500.0
421,2021-10-13 03:12:26,51100.0,900.0,115500.0
422,2021-10-13 03:12:26,51100.0,900.0,114600.0
423,2021-10-13 03:12:26,51100.0,100.0,113700.0
424,2021-10-13 03:12:26,51100.0,1200.0,113600.0
425,2021-10-13 03:12:26,51100.0,200.0,112400.0
426,2021-10-13 03:12:26,51100.0,800.0,112200.0
427,2021-10-13 03:12:04,50900.0,100.0,111400.0
428,2021-10-13 03:11:23,51100.0,1700.0,111300.0
429,2021-10-13 03:11:23,51000.0,100.0,109600.0
430,2021-10-13 03:11:23,51000.0,1000.0,109500.0
431,2021-10-13 03:11:23,51000.0,200.0,108500.0
432,2021-10-13 03:11:23,51000.0,1000.0,108300.0
433,2021-10-13 03:11:23,51000.0,1000.0,107300.0
434,2021-10-13 03:11:23,51000.0,200.0,106300.0
435,2021-10-13 03:11:23,51000.0,500.0,106100.0
436,2021-10-13 03:11:23,51000.0,500.0,105600.0
437,2021-10-13 03:11:23,51000.0,2000.0,105100.0
438,2021-10-13 03:11:23,51000.0,1000.0,103100.0
439,2021-10-13 03:11:23,51000.0,700.0,102100.0
440,2021-10-13 03:11:23,50900.0,100.0,101400.0
441,2021-10-13 03:10:47,50800.0,2400.0,101300.0
442,2021-10-13 03:10:12,50800.0,500.0,98900.0
443,2021-10-13 03:10:12,50800.0,200.0,98400.0
444,2021-10-13 03:10:12,50800.0,1000.0,98200.0
445,2021-10-13 03:10:12,50800.0,900.0,97200.0
446,2021-10-13 03:07:35,50800.0,400.0,96300.0
447,2021-10-13 03:07:35,50900.0,100.0,95900.0
448,2021-10-13 03:06:49,50800.0,200.0,95800.0
449,2021-10-13 03:05:24,50800.0,1500.0,95600.0
450,2021-10-13 03:03:46,50700.0,400.0,94100.0
451,2021-10-13 03:02:45,50500.0,100.0,93700.0
452,2021-10-13 03:02:45,50500.0,100.0,93600.0
453,2021-10-13 03:02:45,50500.0,2000.0,93500.0
454,2021-10-13 03:02:45,50500.0,100.0,91500.0
455,2021-10-13 03:02:45,50500.0,200.0,91400.0
456,2021-10-13 03:02:45,50500.0,1000.0,91200.0
457,2021-10-13 03:02:45,50500.0,1000.0,90200.0
458,2021-10-13 03:02:45,50500.0,400.0,89200.0
459,2021-10-13 03:02:45,50600.0,100.0,88800.0
460,2021-10-13 03:02:21,50600.0,100.0,88700.0
461,2021-10-13 03:01:53,50600.0,100.0,88600.0
462,2021-10-13 03:01:48,50600.0,100.0,88500.0
463,2021-10-13 03:01:22,50600.0,100.0,88400.0
464,2021-10-13 03:01:21,50600.0,100.0,88300.0
465,2021-10-13 03:01:10,50600.0,100.0,88200.0
466,2021-10-13 03:00:59,50600.0,700.0,88100.0
467,2021-10-13 03:00:59,50600.0,500.0,87400.0
468,2021-10-13 03:00:59,50600.0,100.0,86900.0
469,2021-10-13 03:00:59,50600.0,100.0,86800.0
470,2021-10-13 03:00:46,50600.0,1000.0,86700.0
471,2021-10-13 02:59:14,50600.0,1000.0,85700.0
472,2021-10-13 02:58:51,50700.0,100.0,84700.0
473,2021-10-13 02:58:51,50700.0,100.0,84600.0
474,2021-10-13 02:58:16,50600.0,800.0,84500.0
475,2021-10-13 02:57:31,50600.0,100.0,83700.0
476,2021-10-13 02:57:03,50600.0,100.0,83600.0
477,2021-10-13 02:56:55,50600.0,100.0,83500.0
478,2021-10-13 02:56:32,50500.0,600.0,83400.0
479,2021-10-13 02:56:32,50500.0,1000.0,82800.0
480,2021-10-13 02:56:32,50500.0,300.0,81800.0
481,2021-10-13 02:56:32,50500.0,100.0,81500.0
482,2021-10-13 02:55:15,50600.0,100.0,81400.0
483,2021-10-13 02:55:15,50600.0,800.0,81300.0
484,2021-10-13 02:54:57,50600.0,200.0,80500.0
485,2021-10-13 02:54:57,50600.0,400.0,80300.0
486,2021-10-13 02:54:57,50600.0,100.0,79900.0
487,2021-10-13 02:54:57,50600.0,1000.0,79800.0
488,2021-10-13 02:54:57,50600.0,300.0,78800.0
489,2021-10-13 02:53:51,50700.0,100.0,78500.0
490,2021-10-13 02:53:51,50700.0,300.0,78400.0
491,2021-10-13 02:53:51,50700.0,100.0,78100.0
492,2021-10-13 02:53:51,50700.0,100.0,78000.0
493,2021-10-13 02:52:00,50800.0,100.0,77900.0
494,2021-10-13 02:52:00,50800.0,200.0,77800.0
495,2021-10-13 02:51:52,50800.0,500.0,77600.0
496,2021-10-13 02:51:17,50800.0,200.0,77100.0
497,2021-10-13 02:50:46,50800.0,2000.0,76900.0
498,2021-10-13 02:50:46,50800.0,100.0,74900.0
499,2021-10-13 02:50:46,50900.0,500.0,74800.0
500,2021-10-13 02:49:35,50800.0,200.0,74300.0
501,2021-10-13 02:49:35,50800.0,100.0,74100.0
502,2021-10-13 02:49:35,50800.0,600.0,74000.0
503,2021-10-13 02:49:23,50900.0,100.0,73400.0
504,2021-10-13 02:48:55,50900.0,100.0,73300.0
505,2021-10-13 02:48:55,50900.0,1000.0,73200.0
506,2021-10-13 02:47:52,50800.0,500.0,72200.0
507,2021-10-13 02:47:40,50800.0,800.0,71700.0
508,2021-10-13 02:47:23,50800.0,100.0,70900.0
509,2021-10-13 02:47:14,50900.0,100.0,70800.0
510,2021-10-13 02:46:56,50900.0,300.0,70700.0
511,2021-10-13 02:46:56,50900.0,500.0,70400.0
512,2021-10-13 02:46:32,50900.0,2500.0,69900.0
513,2021-10-13 02:46:19,50900.0,3000.0,67400.0
514,2021-10-13 02:42:43,50800.0,400.0,64400.0
515,2021-10-13 02:42:23,50800.0,600.0,64000.0
516,2021-10-13 02:42:23,50800.0,300.0,63400.0
517,2021-10-13 02:42:14,50800.0,100.0,63100.0
518,2021-10-13 02:41:50,50800.0,100.0,63000.0
519,2021-10-13 02:41:32,50800.0,700.0,62900.0
520,2021-10-13 02:41:16,50800.0,600.0,62200.0
521,2021-10-13 02:40:57,50800.0,700.0,61600.0
522,2021-10-13 02:39:42,50700.0,100.0,60900.0
523,2021-10-13 02:39:42,50700.0,200.0,60800.0
524,2021-10-13 02:39:40,50700.0,800.0,60600.0
525,2021-10-13 02:39:40,50700.0,100.0,59800.0
526,2021-10-13 02:39:40,50700.0,100.0,59700.0
527,2021-10-13 02:38:11,50700.0,200.0,59600.0
528,2021-10-13 02:38:11,50700.0,1000.0,59400.0
529,2021-10-13 02:38:11,50700.0,800.0,58400.0
530,2021-10-13 02:37:38,50700.0,100.0,57600.0
531,2021-10-13 02:36:02,50700.0,100.0,57500.0
532,2021-10-13 02:34:30,50700.0,1000.0,57400.0
533,2021-10-13 02:34:00,50800.0,100.0,56400.0
534,2021-10-13 02:34:00,50800.0,500.0,56300.0
535,2021-10-13 02:34:00,50800.0,5000.0,55800.0
536,2021-10-13 02:34:00,50800.0,1000.0,50800.0
537,2021-10-13 02:34:00,50800.0,500.0,49800.0
538,2021-10-13 02:34:00,50800.0,1000.0,49300.0
539,2021-10-13 02:34:00,50800.0,1000.0,48300.0
540,2021-10-13 02:34:00,50800.0,100.0,47300.0
541,2021-10-13 02:34:00,50800.0,1000.0,47200.0
542,2021-10-13 02:34:00,50800.0,900.0,46200.0
543,2021-10-13 02:34:00,50900.0,2000.0,45300.0
544,2021-10-13 02:34:00,50900.0,1000.0,43300.0
545,2021-10-13 02:34:00,50900.0,100.0,42300.0
546,2021-10-13 02:34:00,50900.0,300.0,42200.0
547,2021-10-13 02:34:00,50900.0,3000.0,41900.0
548,2021-10-13 02:33:50,50900.0,100.0,38900.0
549,2021-10-13 02:31:42,50900.0,100.0,38800.0
550,2021-10-13 02:31:17,50900.0,1300.0,38700.0
551,2021-10-13 02:30:27,50900.0,100.0,37400.0
552,2021-10-13 02:30:25,51000.0,300.0,37300.0
553,2021-10-13 02:30:25,51000.0,500.0,37000.0
554,2021-10-13 02:29:43,51000.0,900.0,36500.0
555,2021-10-13 02:29:30,50900.0,1000.0,35600.0
556,2021-10-13 02:28:59,50900.0,100.0,34600.0
557,2021-10-13 02:27:44,51000.0,500.0,34500.0
558,2021-10-13 02:27:29,51000.0,100.0,34000.0
559,2021-10-13 02:27:08,51000.0,500.0,33900.0
560,2021-10-13 02:25:00,50800.0,100.0,33400.0
561,2021-10-13 02:24:43,51100.0,1200.0,33300.0
562,2021-10-13 02:24:31,51100.0,100.0,32100.0
563,2021-10-13 02:23:55,51100.0,2200.0,32000.0
564,2021-10-13 02:23:55,51000.0,300.0,29800.0
565,2021-10-13 02:23:55,51000.0,6000.0,29500.0
566,2021-10-13 02:23:55,50900.0,1500.0,23500.0
567,2021-10-13 02:23:51,50900.0,500.0,22000.0
568,2021-10-13 02:22:42,50900.0,400.0,21500.0
569,2021-10-13 02:21:36,50900.0,100.0,21100.0
570,2021-10-13 02:21:36,50900.0,400.0,21000.0
571,2021-10-13 02:21:20,50900.0,800.0,20600.0
572,2021-10-13 02:21:09,50900.0,1000.0,19800.0
573,2021-10-13 02:20:59,50900.0,500.0,18800.0
574,2021-10-13 02:20:52,50900.0,700.0,18300.0
575,2021-10-13 02:20:48,50900.0,100.0,17600.0
576,2021-10-13 02:20:47,50900.0,100.0,17500.0
577,2021-10-13 02:20:36,50900.0,500.0,17400.0
578,2021-10-13 02:20:17,50800.0,300.0,16900.0
579,2021-10-13 02:19:42,50700.0,500.0,16600.0
580,2021-10-13 02:18:32,50600.0,700.0,16100.0
581,2021-10-13 02:18:28,50600.0,500.0,15400.0
582,2021-10-13 02:18:28,50600.0,100.0,14900.0
583,2021-10-13 02:18:28,50600.0,100.0,14800.0
584,2021-10-13 02:18:28,50600.0,100.0,14700.0
585,2021-10-13 02:18:28,50600.0,100.0,14600.0
586,2021-10-13 02:18:28,50600.0,1400.0,14500.0
587,2021-10-13 02:17:20,50600.0,200.0,13100.0
588,2021-10-13 02:17:19,50600.0,200.0,12900.0
589,2021-10-13 02:17:19,50600.0,500.0,12700.0
590,2021-10-13 02:17:19,50600.0,1000.0,12200.0
591,2021-10-13 02:17:19,50600.0,1200.0,11200.0
592,2021-10-13 02:17:16,50900.0,1900.0,10000.0
593,2021-10-13 02:17:16,50800.0,200.0,8100.0
594,2021-10-13 02:17:16,50800.0,100.0,7900.0
595,2021-10-13 02:17:16,50800.0,2800.0,7800.0
596,2021-10-13 02:15:31,50600.0,800.0,5000.0
597,2021-10-13 02:15:31,50600.0,1000.0,4200.0
598,2021-10-13 02:15:00,50800.0,1600.0,3200.0
599,2021-10-13 02:15:00,50800.0,1000.0,1600.0
600,2021-10-13 02:15:00,50800.0,200.0,600.0
601,2021-10-13 02:15:00,50800.0,400.0,400.0
