,Time,Price,Volume_per_trade,Volume
0,2021-10-17 07:45:00,50500.0,1000.0,686600.0
1,2021-10-17 07:45:00,50500.0,300.0,685600.0
2,2021-10-17 07:45:00,50500.0,200.0,685300.0
3,2021-10-17 07:45:00,50500.0,500.0,685100.0
4,2021-10-17 07:45:00,50500.0,200.0,684600.0
5,2021-10-17 07:45:00,50500.0,100.0,684400.0
6,2021-10-17 07:45:00,50500.0,100.0,684300.0
7,2021-10-17 07:45:00,50500.0,200.0,684200.0
8,2021-10-17 07:45:00,50500.0,100.0,684000.0
9,2021-10-17 07:45:00,50500.0,1200.0,683900.0
10,2021-10-17 07:45:00,50500.0,100.0,682700.0
11,2021-10-17 07:45:00,50500.0,1400.0,682600.0
12,2021-10-17 07:45:00,50500.0,300.0,681200.0
13,2021-10-17 07:45:00,50500.0,200.0,680900.0
14,2021-10-17 07:45:00,50500.0,200.0,680700.0
15,2021-10-17 07:45:00,50500.0,100.0,680500.0
16,2021-10-17 07:45:00,50500.0,200.0,680400.0
17,2021-10-17 07:45:00,50500.0,1400.0,680200.0
18,2021-10-17 07:45:00,50500.0,200.0,678800.0
19,2021-10-17 07:45:00,50500.0,700.0,678600.0
20,2021-10-17 07:45:00,50500.0,300.0,677900.0
21,2021-10-17 07:45:00,50500.0,200.0,677600.0
22,2021-10-17 07:45:00,50500.0,300.0,677400.0
23,2021-10-17 07:29:16,50500.0,400.0,677100.0
24,2021-10-17 07:29:16,50500.0,100.0,676700.0
25,2021-10-17 07:28:56,50400.0,100.0,676600.0
26,2021-10-17 07:28:54,50400.0,1000.0,676500.0
27,2021-10-17 07:28:54,50400.0,2500.0,675500.0
28,2021-10-17 07:28:53,50400.0,100.0,673000.0
29,2021-10-17 07:28:47,50400.0,1300.0,672900.0
30,2021-10-17 07:28:44,50400.0,1100.0,671600.0
31,2021-10-17 07:28:44,50400.0,100.0,670500.0
32,2021-10-17 07:28:44,50400.0,800.0,670400.0
33,2021-10-17 07:28:18,50400.0,400.0,669600.0
34,2021-10-17 07:28:13,50400.0,500.0,669200.0
35,2021-10-17 07:28:03,50400.0,300.0,668700.0
36,2021-10-17 07:27:51,50300.0,300.0,668400.0
37,2021-10-17 07:27:49,50400.0,500.0,668100.0
38,2021-10-17 07:27:07,50300.0,900.0,667600.0
39,2021-10-17 07:27:06,50300.0,400.0,666700.0
40,2021-10-17 07:27:06,50300.0,1100.0,666300.0
41,2021-10-17 07:27:06,50300.0,200.0,665200.0
42,2021-10-17 07:27:06,50300.0,2300.0,665000.0
43,2021-10-17 07:27:00,50200.0,700.0,662700.0
44,2021-10-17 07:27:00,50300.0,100.0,662000.0
45,2021-10-17 07:26:57,50300.0,100.0,661900.0
46,2021-10-17 07:26:50,50300.0,100.0,661800.0
47,2021-10-17 07:26:17,50300.0,400.0,661700.0
48,2021-10-17 07:26:17,50300.0,100.0,661300.0
49,2021-10-17 07:25:59,50200.0,2000.0,661200.0
50,2021-10-17 07:25:25,50200.0,1000.0,659200.0
51,2021-10-17 07:25:16,50100.0,6500.0,658200.0
52,2021-10-17 07:24:02,50100.0,700.0,651700.0
53,2021-10-17 07:22:34,50000.0,200.0,651000.0
54,2021-10-17 07:22:30,50000.0,600.0,650800.0
55,2021-10-17 07:22:30,50000.0,400.0,650200.0
56,2021-10-17 07:22:04,50000.0,100.0,649800.0
57,2021-10-17 07:22:04,50000.0,300.0,649700.0
58,2021-10-17 07:21:32,50000.0,100.0,649400.0
59,2021-10-17 07:21:21,50000.0,100.0,649300.0
60,2021-10-17 07:21:21,50000.0,200.0,649200.0
61,2021-10-17 07:21:21,50000.0,100.0,649000.0
62,2021-10-17 07:21:21,50000.0,1600.0,648900.0
63,2021-10-17 07:21:17,50000.0,100.0,647300.0
64,2021-10-17 07:21:16,50000.0,100.0,647200.0
65,2021-10-17 07:21:04,50000.0,200.0,647100.0
66,2021-10-17 07:21:04,50000.0,400.0,646900.0
67,2021-10-17 07:20:54,50000.0,100.0,646500.0
68,2021-10-17 07:20:54,50000.0,200.0,646400.0
69,2021-10-17 07:20:36,50000.0,100.0,646200.0
70,2021-10-17 07:20:36,50000.0,500.0,646100.0
71,2021-10-17 07:20:36,50000.0,100.0,645600.0
72,2021-10-17 07:20:36,50000.0,600.0,645500.0
73,2021-10-17 07:20:36,50000.0,100.0,644900.0
74,2021-10-17 07:20:36,50000.0,500.0,644800.0
75,2021-10-17 07:20:36,50000.0,100.0,644300.0
76,2021-10-17 07:20:27,50000.0,300.0,644200.0
77,2021-10-17 07:20:15,50000.0,600.0,643900.0
78,2021-10-17 07:20:15,50000.0,200.0,643300.0
79,2021-10-17 07:20:15,50000.0,1000.0,643100.0
80,2021-10-17 07:20:15,50000.0,200.0,642100.0
81,2021-10-17 07:20:13,50000.0,200.0,641900.0
82,2021-10-17 07:20:12,50000.0,600.0,641700.0
83,2021-10-17 07:20:12,50000.0,400.0,641100.0
84,2021-10-17 07:20:02,50000.0,1000.0,640700.0
85,2021-10-17 07:19:40,50000.0,700.0,639700.0
86,2021-10-17 07:19:39,50000.0,1000.0,639000.0
87,2021-10-17 07:19:33,50000.0,1000.0,638000.0
88,2021-10-17 07:19:28,50000.0,900.0,637000.0
89,2021-10-17 07:19:26,50100.0,100.0,636100.0
90,2021-10-17 07:19:20,50000.0,200.0,636000.0
91,2021-10-17 07:19:19,50000.0,2500.0,635800.0
92,2021-10-17 07:19:12,50000.0,400.0,633300.0
93,2021-10-17 07:19:08,50000.0,1900.0,632900.0
94,2021-10-17 07:19:08,50000.0,100.0,631000.0
95,2021-10-17 07:19:03,50000.0,400.0,630900.0
96,2021-10-17 07:18:59,50000.0,200.0,630500.0
97,2021-10-17 07:18:59,50000.0,200.0,630300.0
98,2021-10-17 07:18:59,50000.0,500.0,630100.0
99,2021-10-17 07:18:59,50000.0,400.0,629600.0
100,2021-10-17 07:18:59,50000.0,100.0,629200.0
101,2021-10-17 07:18:59,50000.0,500.0,629100.0
102,2021-10-17 07:18:59,50000.0,700.0,628600.0
103,2021-10-17 07:18:59,50000.0,100.0,627900.0
104,2021-10-17 07:18:59,50000.0,100.0,627800.0
105,2021-10-17 07:18:59,50000.0,100.0,627700.0
106,2021-10-17 07:18:59,50000.0,100.0,627600.0
107,2021-10-17 07:18:59,50000.0,1000.0,627500.0
108,2021-10-17 07:18:40,50000.0,2300.0,626500.0
109,2021-10-17 07:18:40,50000.0,200.0,624200.0
110,2021-10-17 07:18:40,50000.0,200.0,624000.0
111,2021-10-17 07:18:40,50000.0,500.0,623800.0
112,2021-10-17 07:18:40,50000.0,500.0,623300.0
113,2021-10-17 07:18:40,50000.0,100.0,622800.0
114,2021-10-17 07:18:40,50000.0,1000.0,622700.0
115,2021-10-17 07:18:40,50000.0,500.0,621700.0
116,2021-10-17 07:18:40,50000.0,100.0,621200.0
117,2021-10-17 07:18:40,50000.0,1000.0,621100.0
118,2021-10-17 07:18:40,50000.0,200.0,620100.0
119,2021-10-17 07:18:40,50000.0,100.0,619900.0
120,2021-10-17 07:18:40,50000.0,100.0,619800.0
121,2021-10-17 07:18:40,50000.0,200.0,619700.0
122,2021-10-17 07:18:40,50000.0,200.0,619500.0
123,2021-10-17 07:18:40,50000.0,100.0,619300.0
124,2021-10-17 07:18:40,50000.0,3000.0,619200.0
125,2021-10-17 07:18:40,50000.0,100.0,616200.0
126,2021-10-17 07:18:40,50000.0,1000.0,616100.0
127,2021-10-17 07:18:40,50000.0,500.0,615100.0
128,2021-10-17 07:18:40,50000.0,100.0,614600.0
129,2021-10-17 07:18:40,50000.0,100.0,614500.0
130,2021-10-17 07:18:40,50000.0,500.0,614400.0
131,2021-10-17 07:18:40,50000.0,500.0,613900.0
132,2021-10-17 07:18:40,50000.0,1000.0,613400.0
133,2021-10-17 07:18:40,50000.0,1000.0,612400.0
134,2021-10-17 07:18:40,50000.0,200.0,611400.0
135,2021-10-17 07:18:40,50000.0,500.0,611200.0
136,2021-10-17 07:18:40,50000.0,100.0,610700.0
137,2021-10-17 07:18:40,50000.0,500.0,610600.0
138,2021-10-17 07:18:40,50000.0,5000.0,610100.0
139,2021-10-17 07:18:40,50000.0,200.0,605100.0
140,2021-10-17 07:18:40,50000.0,1000.0,604900.0
141,2021-10-17 07:18:40,50000.0,2000.0,603900.0
142,2021-10-17 07:18:40,50000.0,500.0,601900.0
143,2021-10-17 07:18:40,50100.0,500.0,601400.0
144,2021-10-17 07:18:40,50100.0,700.0,600900.0
145,2021-10-17 07:18:40,50100.0,100.0,600200.0
146,2021-10-17 07:18:40,50100.0,200.0,600100.0
147,2021-10-17 07:18:40,50100.0,100.0,599900.0
148,2021-10-17 07:18:40,50100.0,1000.0,599800.0
149,2021-10-17 07:18:40,50100.0,200.0,598800.0
150,2021-10-17 07:18:40,50100.0,200.0,598600.0
151,2021-10-17 07:18:40,50100.0,1000.0,598400.0
152,2021-10-17 07:18:40,50100.0,200.0,597400.0
153,2021-10-17 07:18:40,50100.0,500.0,597200.0
154,2021-10-17 07:18:40,50100.0,1000.0,596700.0
155,2021-10-17 07:18:40,50100.0,100.0,595700.0
156,2021-10-17 07:18:40,50100.0,500.0,595600.0
157,2021-10-17 07:18:40,50100.0,400.0,595100.0
158,2021-10-17 07:18:40,50100.0,100.0,594700.0
159,2021-10-17 07:18:40,50100.0,100.0,594600.0
160,2021-10-17 07:18:30,50100.0,200.0,594500.0
161,2021-10-17 07:18:30,50100.0,100.0,594300.0
162,2021-10-17 07:18:30,50100.0,1000.0,594200.0
163,2021-10-17 07:18:30,50100.0,100.0,593200.0
164,2021-10-17 07:18:30,50100.0,100.0,593100.0
165,2021-10-17 07:18:30,50200.0,500.0,593000.0
166,2021-10-17 07:18:20,50200.0,2500.0,592500.0
167,2021-10-17 07:18:20,50200.0,1000.0,590000.0
168,2021-10-17 07:18:20,50200.0,200.0,589000.0
169,2021-10-17 07:18:20,50200.0,200.0,588800.0
170,2021-10-17 07:18:06,50200.0,300.0,588600.0
171,2021-10-17 07:18:06,50200.0,200.0,588300.0
172,2021-10-17 07:18:06,50200.0,100.0,588100.0
173,2021-10-17 07:17:59,50200.0,100.0,588000.0
174,2021-10-17 07:17:59,50200.0,100.0,587900.0
175,2021-10-17 07:17:59,50200.0,200.0,587800.0
176,2021-10-17 07:17:59,50200.0,400.0,587600.0
177,2021-10-17 07:17:59,50200.0,1000.0,587200.0
178,2021-10-17 07:17:59,50200.0,100.0,586200.0
179,2021-10-17 07:17:59,50200.0,100.0,586100.0
180,2021-10-17 07:17:59,50200.0,2000.0,586000.0
181,2021-10-17 07:17:21,50300.0,500.0,584000.0
182,2021-10-17 07:17:13,50300.0,100.0,583500.0
183,2021-10-17 07:16:57,50300.0,1000.0,583400.0
184,2021-10-17 07:16:51,50300.0,600.0,582400.0
185,2021-10-17 07:16:51,50300.0,500.0,581800.0
186,2021-10-17 07:16:51,50300.0,200.0,581300.0
187,2021-10-17 07:15:59,50400.0,200.0,581100.0
188,2021-10-17 07:15:57,50300.0,200.0,580900.0
189,2021-10-17 07:15:57,50300.0,3800.0,580700.0
190,2021-10-17 07:15:44,50300.0,2100.0,576900.0
191,2021-10-17 07:15:23,50300.0,300.0,574800.0
192,2021-10-17 07:15:13,50400.0,1300.0,574500.0
193,2021-10-17 07:15:13,50400.0,700.0,573200.0
194,2021-10-17 07:15:08,50300.0,600.0,572500.0
195,2021-10-17 07:15:02,50400.0,100.0,571900.0
196,2021-10-17 07:15:01,50300.0,200.0,571800.0
197,2021-10-17 07:14:56,50300.0,300.0,571600.0
198,2021-10-17 07:14:56,50300.0,700.0,571300.0
199,2021-10-17 07:14:52,50300.0,1000.0,570600.0
200,2021-10-17 07:14:36,50300.0,300.0,569600.0
201,2021-10-17 07:14:36,50300.0,700.0,569300.0
202,2021-10-17 07:14:13,50200.0,1200.0,568600.0
203,2021-10-17 07:14:13,50200.0,100.0,567400.0
204,2021-10-17 07:14:13,50200.0,200.0,567300.0
205,2021-10-17 07:14:13,50200.0,100.0,567100.0
206,2021-10-17 07:14:13,50200.0,100.0,567000.0
207,2021-10-17 07:14:13,50200.0,1300.0,566900.0
208,2021-10-17 07:13:51,50200.0,300.0,565600.0
209,2021-10-17 07:13:50,50200.0,100.0,565300.0
210,2021-10-17 07:13:30,50200.0,300.0,565200.0
211,2021-10-17 07:13:23,50200.0,200.0,564900.0
212,2021-10-17 07:13:11,50300.0,300.0,564700.0
213,2021-10-17 07:13:11,50200.0,700.0,564400.0
214,2021-10-17 07:12:40,50200.0,100.0,563700.0
215,2021-10-17 07:12:40,50200.0,500.0,563600.0
216,2021-10-17 07:12:40,50200.0,100.0,563100.0
217,2021-10-17 07:12:40,50200.0,100.0,563000.0
218,2021-10-17 07:12:40,50200.0,100.0,562900.0
219,2021-10-17 07:12:40,50200.0,400.0,562800.0
220,2021-10-17 07:12:26,50200.0,1600.0,562400.0
221,2021-10-17 07:12:26,50200.0,100.0,560800.0
222,2021-10-17 07:12:10,50200.0,200.0,560700.0
223,2021-10-17 07:12:10,50200.0,200.0,560500.0
224,2021-10-17 07:12:10,50200.0,200.0,560300.0
225,2021-10-17 07:11:49,50200.0,300.0,560100.0
226,2021-10-17 07:11:49,50200.0,100.0,559800.0
227,2021-10-17 07:11:49,50200.0,600.0,559700.0
228,2021-10-17 07:11:20,50200.0,900.0,559100.0
229,2021-10-17 07:11:20,50200.0,100.0,558200.0
230,2021-10-17 07:11:00,50300.0,100.0,558100.0
231,2021-10-17 07:11:00,50300.0,100.0,558000.0
232,2021-10-17 07:11:00,50300.0,1000.0,557900.0
233,2021-10-17 07:11:00,50300.0,400.0,556900.0
234,2021-10-17 07:11:00,50300.0,800.0,556500.0
235,2021-10-17 07:10:55,50400.0,200.0,555700.0
236,2021-10-17 07:10:10,50400.0,100.0,555500.0
237,2021-10-17 07:09:49,50300.0,200.0,555400.0
238,2021-10-17 07:09:49,50300.0,100.0,555200.0
239,2021-10-17 07:09:48,50300.0,100.0,555100.0
240,2021-10-17 07:09:48,50300.0,400.0,555000.0
241,2021-10-17 07:09:22,50300.0,4600.0,554600.0
242,2021-10-17 07:09:22,50300.0,100.0,550000.0
243,2021-10-17 07:09:22,50300.0,100.0,549900.0
244,2021-10-17 07:09:22,50300.0,100.0,549800.0
245,2021-10-17 07:09:22,50300.0,200.0,549700.0
246,2021-10-17 07:09:22,50300.0,200.0,549500.0
247,2021-10-17 07:09:22,50300.0,1000.0,549300.0
248,2021-10-17 07:09:22,50300.0,100.0,548300.0
249,2021-10-17 07:09:22,50300.0,500.0,548200.0
250,2021-10-17 07:09:22,50300.0,100.0,547700.0
251,2021-10-17 07:09:22,50300.0,100.0,547600.0
252,2021-10-17 07:09:22,50300.0,100.0,547500.0
253,2021-10-17 07:09:22,50300.0,100.0,547400.0
254,2021-10-17 07:09:22,50300.0,1000.0,547300.0
255,2021-10-17 07:09:22,50300.0,200.0,546300.0
256,2021-10-17 07:09:22,50300.0,1500.0,546100.0
257,2021-10-17 07:09:12,50300.0,600.0,544600.0
258,2021-10-17 07:08:52,50400.0,100.0,544000.0
259,2021-10-17 07:07:57,50500.0,400.0,543900.0
260,2021-10-17 07:07:57,50500.0,300.0,543500.0
261,2021-10-17 07:07:40,50300.0,900.0,543200.0
262,2021-10-17 07:07:40,50300.0,100.0,542300.0
263,2021-10-17 07:07:40,50300.0,500.0,542200.0
264,2021-10-17 07:07:40,50300.0,100.0,541700.0
265,2021-10-17 07:07:40,50300.0,100.0,541600.0
266,2021-10-17 07:07:40,50300.0,200.0,541500.0
267,2021-10-17 07:07:40,50300.0,500.0,541300.0
268,2021-10-17 07:07:40,50300.0,100.0,540800.0
269,2021-10-17 07:07:40,50300.0,100.0,540700.0
270,2021-10-17 07:07:40,50300.0,100.0,540600.0
271,2021-10-17 07:07:40,50400.0,300.0,540500.0
272,2021-10-17 07:07:35,50400.0,200.0,540200.0
273,2021-10-17 07:07:30,50300.0,100.0,540000.0
274,2021-10-17 07:07:30,50300.0,100.0,539900.0
275,2021-10-17 07:07:30,50300.0,300.0,539800.0
276,2021-10-17 07:07:30,50300.0,100.0,539500.0
277,2021-10-17 07:07:30,50300.0,1400.0,539400.0
278,2021-10-17 07:07:23,50400.0,100.0,538000.0
279,2021-10-17 07:06:14,50300.0,600.0,537900.0
280,2021-10-17 07:05:46,50400.0,2000.0,537300.0
281,2021-10-17 07:05:46,50400.0,100.0,535300.0
282,2021-10-17 07:05:46,50400.0,1800.0,535200.0
283,2021-10-17 07:05:46,50400.0,100.0,533400.0
284,2021-10-17 07:05:46,50400.0,200.0,533300.0
285,2021-10-17 07:05:46,50400.0,200.0,533100.0
286,2021-10-17 07:05:46,50400.0,500.0,532900.0
287,2021-10-17 07:05:46,50400.0,100.0,532400.0
288,2021-10-17 07:05:46,50400.0,2000.0,532300.0
289,2021-10-17 07:05:46,50400.0,200.0,530300.0
290,2021-10-17 07:05:46,50400.0,100.0,530100.0
291,2021-10-17 07:05:46,50400.0,200.0,530000.0
292,2021-10-17 07:05:46,50400.0,100.0,529800.0
293,2021-10-17 07:05:46,50400.0,500.0,529700.0
294,2021-10-17 07:05:46,50400.0,100.0,529200.0
295,2021-10-17 07:05:46,50400.0,200.0,529100.0
296,2021-10-17 07:05:46,50400.0,1000.0,528900.0
297,2021-10-17 07:05:46,50400.0,200.0,527900.0
298,2021-10-17 07:05:46,50400.0,500.0,527700.0
299,2021-10-17 07:05:46,50400.0,300.0,527200.0
300,2021-10-17 07:05:46,50400.0,100.0,526900.0
301,2021-10-17 07:05:46,50400.0,100.0,526800.0
302,2021-10-17 07:05:46,50400.0,500.0,526700.0
303,2021-10-17 07:05:46,50400.0,200.0,526200.0
304,2021-10-17 07:05:46,50400.0,200.0,526000.0
305,2021-10-17 07:05:46,50400.0,200.0,525800.0
306,2021-10-17 07:05:46,50400.0,200.0,525600.0
307,2021-10-17 07:05:46,50400.0,1000.0,525400.0
308,2021-10-17 07:05:46,50400.0,1000.0,524400.0
309,2021-10-17 07:05:46,50400.0,1000.0,523400.0
310,2021-10-17 07:05:46,50400.0,100.0,522400.0
311,2021-10-17 07:05:46,50400.0,200.0,522300.0
312,2021-10-17 07:05:46,50400.0,100.0,522100.0
313,2021-10-17 07:05:46,50400.0,500.0,522000.0
314,2021-10-17 07:05:46,50400.0,800.0,521500.0
315,2021-10-17 07:05:46,50400.0,100.0,520700.0
316,2021-10-17 07:05:46,50400.0,1000.0,520600.0
317,2021-10-17 07:05:46,50400.0,3200.0,519600.0
318,2021-10-17 07:05:43,50500.0,600.0,516400.0
319,2021-10-17 07:05:36,50500.0,300.0,515800.0
320,2021-10-17 07:05:35,50500.0,100.0,515500.0
321,2021-10-17 07:05:01,50500.0,100.0,515400.0
322,2021-10-17 07:04:22,50500.0,300.0,515300.0
323,2021-10-17 07:04:20,50400.0,400.0,515000.0
324,2021-10-17 07:04:12,50500.0,200.0,514600.0
325,2021-10-17 07:04:09,50500.0,100.0,514400.0
326,2021-10-17 07:03:57,50500.0,100.0,514300.0
327,2021-10-17 07:03:53,50500.0,100.0,514200.0
328,2021-10-17 07:03:53,50500.0,500.0,514100.0
329,2021-10-17 07:03:53,50500.0,300.0,513600.0
330,2021-10-17 07:03:23,50500.0,2000.0,513300.0
331,2021-10-17 07:03:17,50500.0,600.0,511300.0
332,2021-10-17 07:02:19,50500.0,1500.0,510700.0
333,2021-10-17 07:02:19,50500.0,100.0,509200.0
334,2021-10-17 07:02:19,50500.0,500.0,509100.0
335,2021-10-17 07:02:19,50500.0,400.0,508600.0
336,2021-10-17 07:01:41,50500.0,500.0,508200.0
337,2021-10-17 07:01:40,50500.0,100.0,507700.0
338,2021-10-17 07:01:40,50500.0,900.0,507600.0
339,2021-10-17 07:01:21,50500.0,100.0,506700.0
340,2021-10-17 07:01:21,50500.0,2500.0,506600.0
341,2021-10-17 07:01:21,50500.0,1100.0,504100.0
342,2021-10-17 07:00:55,50500.0,1900.0,503000.0
343,2021-10-17 07:00:45,50500.0,100.0,501100.0
344,2021-10-17 07:00:41,50500.0,1000.0,501000.0
345,2021-10-17 07:00:19,50500.0,100.0,500000.0
346,2021-10-17 07:00:19,50500.0,500.0,499900.0
347,2021-10-17 06:59:54,50500.0,500.0,499400.0
348,2021-10-17 06:59:38,50500.0,1900.0,498900.0
349,2021-10-17 06:58:33,50400.0,100.0,497000.0
350,2021-10-17 06:58:31,50400.0,700.0,496900.0
351,2021-10-17 06:57:42,50400.0,200.0,496200.0
352,2021-10-17 06:57:42,50500.0,300.0,496000.0
353,2021-10-17 06:57:29,50500.0,100.0,495700.0
354,2021-10-17 06:57:21,50500.0,100.0,495600.0
355,2021-10-17 06:57:21,50500.0,200.0,495500.0
356,2021-10-17 06:57:21,50500.0,100.0,495300.0
357,2021-10-17 06:57:21,50500.0,200.0,495200.0
358,2021-10-17 06:57:14,50500.0,800.0,495000.0
359,2021-10-17 06:57:14,50500.0,1200.0,494200.0
360,2021-10-17 06:57:13,50600.0,1600.0,493000.0
361,2021-10-17 06:56:58,50500.0,100.0,491400.0
362,2021-10-17 06:56:58,50500.0,600.0,491300.0
363,2021-10-17 06:56:38,50500.0,500.0,490700.0
364,2021-10-17 06:56:38,50500.0,500.0,490200.0
365,2021-10-17 06:56:37,50500.0,800.0,489700.0
366,2021-10-17 06:56:37,50500.0,100.0,488900.0
367,2021-10-17 06:56:37,50500.0,500.0,488800.0
368,2021-10-17 06:56:37,50500.0,200.0,488300.0
369,2021-10-17 06:56:37,50500.0,500.0,488100.0
370,2021-10-17 06:56:37,50500.0,300.0,487600.0
371,2021-10-17 06:56:37,50500.0,100.0,487300.0
372,2021-10-17 06:56:37,50500.0,300.0,487200.0
373,2021-10-17 06:56:37,50500.0,500.0,486900.0
374,2021-10-17 06:56:37,50500.0,200.0,486400.0
375,2021-10-17 06:56:37,50500.0,500.0,486200.0
376,2021-10-17 06:56:37,50500.0,100.0,485700.0
377,2021-10-17 06:56:07,50500.0,200.0,485600.0
378,2021-10-17 06:54:48,50500.0,200.0,485400.0
379,2021-10-17 06:54:48,50500.0,1000.0,485200.0
380,2021-10-17 06:54:48,50500.0,100.0,484200.0
381,2021-10-17 06:54:48,50500.0,400.0,484100.0
382,2021-10-17 06:54:38,50600.0,100.0,483700.0
383,2021-10-17 06:54:23,50600.0,100.0,483600.0
384,2021-10-17 06:54:23,50600.0,200.0,483500.0
385,2021-10-17 06:54:19,50600.0,300.0,483300.0
386,2021-10-17 06:54:19,50600.0,200.0,483000.0
387,2021-10-17 06:54:19,50600.0,500.0,482800.0
388,2021-10-17 06:54:18,50600.0,500.0,482300.0
389,2021-10-17 06:54:18,50600.0,100.0,481800.0
390,2021-10-17 06:51:48,50600.0,900.0,481700.0
391,2021-10-17 06:51:33,50600.0,100.0,480800.0
392,2021-10-17 06:51:25,50500.0,600.0,480700.0
393,2021-10-17 06:51:15,50600.0,3000.0,480100.0
394,2021-10-17 06:50:24,50500.0,1000.0,477100.0
395,2021-10-17 06:49:34,50400.0,900.0,476100.0
396,2021-10-17 06:49:34,50500.0,100.0,475200.0
397,2021-10-17 06:49:34,50500.0,100.0,475100.0
398,2021-10-17 06:49:34,50500.0,500.0,475000.0
399,2021-10-17 06:49:34,50500.0,400.0,474500.0
400,2021-10-17 06:48:45,50400.0,1500.0,474100.0
401,2021-10-17 06:48:27,50400.0,500.0,472600.0
402,2021-10-17 06:48:27,50400.0,100.0,472100.0
403,2021-10-17 06:48:23,50500.0,500.0,472000.0
404,2021-10-17 06:48:23,50500.0,100.0,471500.0
405,2021-10-17 06:48:23,50500.0,1000.0,471400.0
406,2021-10-17 06:48:23,50500.0,200.0,470400.0
407,2021-10-17 06:48:23,50500.0,200.0,470200.0
408,2021-10-17 06:48:23,50500.0,700.0,470000.0
409,2021-10-17 06:48:23,50500.0,1000.0,469300.0
410,2021-10-17 06:48:23,50500.0,700.0,468300.0
411,2021-10-17 06:48:23,50500.0,5000.0,467600.0
412,2021-10-17 06:48:23,50500.0,500.0,462600.0
413,2021-10-17 06:48:23,50500.0,200.0,462100.0
414,2021-10-17 06:48:23,50500.0,400.0,461900.0
415,2021-10-17 06:48:23,50500.0,100.0,461500.0
416,2021-10-17 06:48:23,50500.0,300.0,461400.0
417,2021-10-17 06:48:23,50500.0,100.0,461100.0
418,2021-10-17 06:48:23,50500.0,300.0,461000.0
419,2021-10-17 06:48:23,50500.0,500.0,460700.0
420,2021-10-17 06:48:23,50500.0,1000.0,460200.0
421,2021-10-17 06:48:23,50500.0,200.0,459200.0
422,2021-10-17 06:48:23,50500.0,200.0,459000.0
423,2021-10-17 06:48:23,50500.0,100.0,458800.0
424,2021-10-17 06:48:23,50500.0,500.0,458700.0
425,2021-10-17 06:48:23,50500.0,200.0,458200.0
426,2021-10-17 06:48:23,50500.0,200.0,458000.0
427,2021-10-17 06:48:23,50500.0,300.0,457800.0
428,2021-10-17 06:48:23,50500.0,200.0,457500.0
429,2021-10-17 06:48:23,50500.0,500.0,457300.0
430,2021-10-17 06:48:23,50500.0,100.0,456800.0
431,2021-10-17 06:48:23,50500.0,100.0,456700.0
432,2021-10-17 06:48:23,50500.0,1000.0,456600.0
433,2021-10-17 06:48:23,50500.0,1000.0,455600.0
434,2021-10-17 06:48:23,50500.0,200.0,454600.0
435,2021-10-17 06:48:23,50500.0,2500.0,454400.0
436,2021-10-17 06:48:23,50500.0,200.0,451900.0
437,2021-10-17 06:48:23,50500.0,3000.0,451700.0
438,2021-10-17 06:48:23,50500.0,100.0,448700.0
439,2021-10-17 06:48:23,50500.0,500.0,448600.0
440,2021-10-17 06:48:23,50500.0,100.0,448100.0
441,2021-10-17 06:48:23,50500.0,5000.0,448000.0
442,2021-10-17 06:48:23,50500.0,1000.0,443000.0
443,2021-10-17 06:48:23,50500.0,200.0,442000.0
444,2021-10-17 06:48:23,50500.0,500.0,441800.0
445,2021-10-17 06:48:23,50500.0,1000.0,441300.0
446,2021-10-17 06:48:23,50500.0,300.0,440300.0
447,2021-10-17 06:48:22,50500.0,700.0,440000.0
448,2021-10-17 06:48:04,50600.0,500.0,439300.0
449,2021-10-17 06:48:04,50600.0,100.0,438800.0
450,2021-10-17 06:48:04,50600.0,100.0,438700.0
451,2021-10-17 06:48:04,50600.0,100.0,438600.0
452,2021-10-17 06:48:04,50600.0,300.0,438500.0
453,2021-10-17 06:48:04,50600.0,100.0,438200.0
454,2021-10-17 06:48:04,50600.0,100.0,438100.0
455,2021-10-17 06:48:04,50600.0,500.0,438000.0
456,2021-10-17 06:47:06,50600.0,500.0,437500.0
457,2021-10-17 06:47:06,50600.0,100.0,437000.0
458,2021-10-17 06:47:06,50600.0,100.0,436900.0
459,2021-10-17 06:47:06,50600.0,200.0,436800.0
460,2021-10-17 06:47:06,50600.0,3000.0,436600.0
461,2021-10-17 06:47:06,50600.0,100.0,433600.0
462,2021-10-17 06:47:06,50600.0,300.0,433500.0
463,2021-10-17 06:47:06,50600.0,300.0,433200.0
464,2021-10-17 06:47:06,50600.0,200.0,432900.0
465,2021-10-17 06:47:06,50600.0,200.0,432700.0
466,2021-10-17 06:47:06,50600.0,900.0,432500.0
467,2021-10-17 06:46:24,50600.0,500.0,431600.0
468,2021-10-17 06:45:36,50600.0,100.0,431100.0
469,2021-10-17 06:45:29,50600.0,600.0,431000.0
470,2021-10-17 06:45:24,50700.0,3000.0,430400.0
471,2021-10-17 06:45:01,50600.0,2900.0,427400.0
472,2021-10-17 06:45:01,50600.0,100.0,424500.0
473,2021-10-17 06:45:01,50600.0,200.0,424400.0
474,2021-10-17 06:44:52,50600.0,500.0,424200.0
475,2021-10-17 06:44:52,50600.0,1000.0,423700.0
476,2021-10-17 06:44:52,50600.0,500.0,422700.0
477,2021-10-17 06:44:52,50600.0,500.0,422200.0
478,2021-10-17 06:44:51,50700.0,900.0,421700.0
479,2021-10-17 06:44:51,50700.0,100.0,420800.0
480,2021-10-17 06:44:41,50700.0,500.0,420700.0
481,2021-10-17 06:43:52,50600.0,500.0,420200.0
482,2021-10-17 06:43:52,50600.0,400.0,419700.0
483,2021-10-17 06:42:31,50600.0,600.0,419300.0
484,2021-10-17 06:42:17,50700.0,200.0,418700.0
485,2021-10-17 06:42:16,50700.0,200.0,418500.0
486,2021-10-17 06:42:16,50700.0,1000.0,418300.0
487,2021-10-17 06:41:36,50700.0,100.0,417300.0
488,2021-10-17 06:41:36,50700.0,100.0,417200.0
489,2021-10-17 06:41:36,50700.0,2800.0,417100.0
490,2021-10-17 06:41:35,50700.0,100.0,414300.0
491,2021-10-17 06:41:05,50700.0,3100.0,414200.0
492,2021-10-17 06:39:33,50700.0,100.0,411100.0
493,2021-10-17 06:39:33,50700.0,200.0,411000.0
494,2021-10-17 06:39:33,50700.0,200.0,410800.0
495,2021-10-17 06:39:33,50700.0,100.0,410600.0
496,2021-10-17 06:38:48,50700.0,200.0,410500.0
497,2021-10-17 06:38:48,50700.0,2000.0,410300.0
498,2021-10-17 06:38:48,50700.0,100.0,408300.0
499,2021-10-17 06:38:48,50700.0,1500.0,408200.0
500,2021-10-17 06:37:37,50700.0,100.0,406700.0
501,2021-10-17 06:37:30,50700.0,500.0,406600.0
502,2021-10-17 06:36:35,50700.0,600.0,406100.0
503,2021-10-17 06:36:06,50700.0,300.0,405500.0
504,2021-10-17 06:36:06,50700.0,700.0,405200.0
505,2021-10-17 06:36:01,50700.0,100.0,404500.0
506,2021-10-17 06:36:01,50700.0,200.0,404400.0
507,2021-10-17 06:36:00,50700.0,100.0,404200.0
508,2021-10-17 06:36:00,50700.0,100.0,404100.0
509,2021-10-17 06:36:00,50700.0,800.0,404000.0
510,2021-10-17 06:34:42,50700.0,200.0,403200.0
511,2021-10-17 06:34:42,50700.0,100.0,403000.0
512,2021-10-17 06:34:42,50700.0,100.0,402900.0
513,2021-10-17 06:34:42,50700.0,100.0,402800.0
514,2021-10-17 06:34:42,50700.0,200.0,402700.0
515,2021-10-17 06:34:42,50700.0,300.0,402500.0
516,2021-10-17 06:34:42,50700.0,100.0,402200.0
517,2021-10-17 06:34:42,50700.0,5000.0,402100.0
518,2021-10-17 06:34:42,50700.0,200.0,397100.0
519,2021-10-17 06:34:42,50700.0,100.0,396900.0
520,2021-10-17 06:34:42,50700.0,5000.0,396800.0
521,2021-10-17 06:34:42,50700.0,100.0,391800.0
522,2021-10-17 06:34:42,50700.0,100.0,391700.0
523,2021-10-17 06:34:42,50700.0,2000.0,391600.0
524,2021-10-17 06:34:42,50700.0,5000.0,389600.0
525,2021-10-17 06:34:42,50700.0,100.0,384600.0
526,2021-10-17 06:34:42,50700.0,300.0,384500.0
527,2021-10-17 06:34:42,50700.0,500.0,384200.0
528,2021-10-17 06:34:42,50700.0,500.0,383700.0
529,2021-10-17 06:34:42,50700.0,1000.0,383200.0
530,2021-10-17 06:34:42,50700.0,200.0,382200.0
531,2021-10-17 06:34:42,50800.0,100.0,382000.0
532,2021-10-17 06:34:42,50800.0,100.0,381900.0
533,2021-10-17 06:34:42,50800.0,200.0,381800.0
534,2021-10-17 06:34:04,50800.0,600.0,381600.0
535,2021-10-17 06:33:43,50800.0,400.0,381000.0
536,2021-10-17 06:33:37,50800.0,600.0,380600.0
537,2021-10-17 06:31:55,50700.0,800.0,380000.0
538,2021-10-17 06:31:55,50700.0,100.0,379200.0
539,2021-10-17 06:31:55,50800.0,100.0,379100.0
540,2021-10-17 06:31:41,50700.0,100.0,379000.0
541,2021-10-17 06:31:41,50700.0,100.0,378900.0
542,2021-10-17 06:31:41,50700.0,200.0,378800.0
543,2021-10-17 06:31:41,50700.0,300.0,378600.0
544,2021-10-17 06:31:41,50800.0,200.0,378300.0
545,2021-10-17 06:31:41,50800.0,100.0,378100.0
546,2021-10-17 06:31:27,50700.0,1000.0,378000.0
547,2021-10-17 06:31:22,50700.0,1400.0,377000.0
548,2021-10-17 06:31:22,50700.0,600.0,375600.0
549,2021-10-17 06:31:21,50800.0,500.0,375000.0
550,2021-10-17 06:31:03,50800.0,100.0,374500.0
551,2021-10-17 06:30:57,50800.0,100.0,374400.0
552,2021-10-17 06:30:57,50800.0,300.0,374300.0
553,2021-10-17 06:30:39,50800.0,200.0,374000.0
554,2021-10-17 06:30:39,50800.0,300.0,373800.0
555,2021-10-17 06:30:39,50800.0,100.0,373500.0
556,2021-10-17 06:30:29,50800.0,500.0,373400.0
557,2021-10-17 06:30:29,50800.0,100.0,372900.0
558,2021-10-17 06:30:28,50800.0,500.0,372800.0
559,2021-10-17 06:29:52,50800.0,900.0,372300.0
560,2021-10-17 06:29:25,50800.0,1000.0,371400.0
561,2021-10-17 06:29:25,50800.0,3600.0,370400.0
562,2021-10-17 06:29:25,50800.0,100.0,366800.0
563,2021-10-17 06:29:25,50800.0,700.0,366700.0
564,2021-10-17 06:29:00,50800.0,200.0,366000.0
565,2021-10-17 06:28:26,50800.0,300.0,365800.0
566,2021-10-17 06:28:15,50800.0,200.0,365500.0
567,2021-10-17 06:28:15,50800.0,200.0,365300.0
568,2021-10-17 06:28:15,50800.0,300.0,365100.0
569,2021-10-17 06:28:15,50800.0,100.0,364800.0
570,2021-10-17 06:28:15,50800.0,1000.0,364700.0
571,2021-10-17 06:27:45,50900.0,8800.0,363700.0
572,2021-10-17 06:27:41,50900.0,600.0,354900.0
573,2021-10-17 06:27:02,50900.0,500.0,354300.0
574,2021-10-17 06:26:20,50900.0,100.0,353800.0
575,2021-10-17 06:24:52,50800.0,500.0,353700.0
576,2021-10-17 06:24:52,50800.0,700.0,353200.0
577,2021-10-17 06:24:52,50800.0,100.0,352500.0
578,2021-10-17 06:24:52,50800.0,2000.0,352400.0
579,2021-10-17 06:24:52,50800.0,100.0,350400.0
580,2021-10-17 06:24:52,50800.0,100.0,350300.0
581,2021-10-17 06:24:52,50800.0,200.0,350200.0
582,2021-10-17 06:24:52,50800.0,5000.0,350000.0
583,2021-10-17 06:24:52,50800.0,100.0,345000.0
584,2021-10-17 06:24:52,50800.0,200.0,344900.0
585,2021-10-17 06:24:52,50800.0,100.0,344700.0
586,2021-10-17 06:24:52,50800.0,100.0,344600.0
587,2021-10-17 06:24:52,50800.0,200.0,344500.0
588,2021-10-17 06:24:52,50800.0,500.0,344300.0
589,2021-10-17 06:24:52,50800.0,600.0,343800.0
590,2021-10-17 06:24:52,50800.0,100.0,343200.0
591,2021-10-17 06:24:52,50800.0,500.0,343100.0
592,2021-10-17 06:24:52,50800.0,1200.0,342600.0
593,2021-10-17 06:24:43,50800.0,300.0,341400.0
594,2021-10-17 06:24:43,50800.0,100.0,341100.0
595,2021-10-17 06:24:43,50800.0,200.0,341000.0
596,2021-10-17 06:24:18,50900.0,500.0,340800.0
597,2021-10-17 06:24:05,50800.0,700.0,340300.0
598,2021-10-17 06:24:05,50800.0,300.0,339600.0
599,2021-10-17 06:22:58,50800.0,4700.0,339300.0
600,2021-10-17 06:22:58,50800.0,200.0,334600.0
601,2021-10-17 06:22:58,50900.0,100.0,334400.0
602,2021-10-17 06:22:33,51000.0,300.0,334300.0
603,2021-10-17 06:22:11,50900.0,500.0,334000.0
604,2021-10-17 06:21:48,50900.0,500.0,333500.0
605,2021-10-17 06:21:48,50900.0,600.0,333000.0
606,2021-10-17 06:21:46,50900.0,400.0,332400.0
607,2021-10-17 06:21:46,50900.0,100.0,332000.0
608,2021-10-17 06:20:57,51000.0,1000.0,331900.0
609,2021-10-17 06:20:41,51000.0,500.0,330900.0
610,2021-10-17 06:20:41,51000.0,600.0,330400.0
611,2021-10-17 06:19:58,51000.0,100.0,329800.0
612,2021-10-17 06:19:14,51000.0,2300.0,329700.0
613,2021-10-17 06:19:14,51000.0,1000.0,327400.0
614,2021-10-17 06:19:14,51000.0,1700.0,326400.0
615,2021-10-17 06:19:06,51000.0,100.0,324700.0
616,2021-10-17 06:18:48,51000.0,500.0,324600.0
617,2021-10-17 06:17:10,51100.0,3300.0,324100.0
618,2021-10-17 06:17:01,51100.0,100.0,320800.0
619,2021-10-17 06:16:37,51100.0,1800.0,320700.0
620,2021-10-17 06:16:24,51100.0,5000.0,318900.0
621,2021-10-17 06:16:06,51100.0,200.0,313900.0
622,2021-10-17 06:16:06,51100.0,4000.0,313700.0
623,2021-10-17 06:16:06,51100.0,400.0,309700.0
624,2021-10-17 06:16:06,51000.0,1000.0,309300.0
625,2021-10-17 06:15:57,51000.0,200.0,308300.0
626,2021-10-17 06:15:50,51000.0,500.0,308100.0
627,2021-10-17 06:15:31,51000.0,4000.0,307600.0
628,2021-10-17 06:15:31,51000.0,7000.0,303600.0
629,2021-10-17 06:13:47,51000.0,100.0,296600.0
630,2021-10-17 06:13:46,50900.0,100.0,296500.0
631,2021-10-17 06:13:25,50900.0,100.0,296400.0
632,2021-10-17 06:13:03,50900.0,400.0,296300.0
633,2021-10-17 06:12:52,50900.0,500.0,295900.0
634,2021-10-17 06:12:48,50900.0,100.0,295400.0
635,2021-10-17 06:11:40,50900.0,200.0,295300.0
636,2021-10-17 06:11:07,50800.0,400.0,295100.0
637,2021-10-17 06:11:02,50800.0,400.0,294700.0
638,2021-10-17 06:11:02,50800.0,500.0,294300.0
639,2021-10-17 06:11:02,50800.0,900.0,293800.0
640,2021-10-17 06:11:02,50800.0,1600.0,292900.0
641,2021-10-17 06:09:54,50800.0,500.0,291300.0
642,2021-10-17 06:08:55,50900.0,200.0,290800.0
643,2021-10-17 06:08:41,50900.0,800.0,290600.0
644,2021-10-17 06:08:41,50900.0,19200.0,289800.0
645,2021-10-17 06:08:19,50900.0,800.0,270600.0
646,2021-10-17 06:08:19,50900.0,2200.0,269800.0
647,2021-10-17 06:06:56,50900.0,300.0,267600.0
648,2021-10-17 06:06:56,50900.0,200.0,267300.0
649,2021-10-17 06:06:15,50900.0,500.0,267100.0
650,2021-10-17 06:05:41,51000.0,1600.0,266600.0
651,2021-10-17 06:05:41,51000.0,900.0,265000.0
652,2021-10-17 06:04:49,50900.0,900.0,264100.0
653,2021-10-17 06:04:49,50900.0,100.0,263200.0
654,2021-10-17 06:03:58,50900.0,500.0,263100.0
655,2021-10-17 06:02:06,51000.0,200.0,262600.0
656,2021-10-17 06:02:06,51000.0,2000.0,262400.0
657,2021-10-17 06:02:06,51000.0,500.0,260400.0
658,2021-10-17 06:02:06,51000.0,1000.0,259900.0
659,2021-10-17 06:02:06,51000.0,400.0,258900.0
660,2021-10-17 06:01:00,51000.0,500.0,258500.0
661,2021-10-17 06:00:01,51100.0,100.0,258000.0
662,2021-10-17 04:29:14,51000.0,200.0,257900.0
663,2021-10-17 04:29:14,51000.0,100.0,257700.0
664,2021-10-17 04:28:59,50900.0,1100.0,257600.0
665,2021-10-17 04:28:59,50900.0,900.0,256500.0
666,2021-10-17 04:28:33,50900.0,200.0,255600.0
667,2021-10-17 04:28:02,50900.0,500.0,255400.0
668,2021-10-17 04:27:45,51000.0,1500.0,254900.0
669,2021-10-17 04:27:36,50900.0,200.0,253400.0
670,2021-10-17 04:26:35,50900.0,200.0,253200.0
671,2021-10-17 04:26:35,50900.0,300.0,253000.0
672,2021-10-17 04:25:56,50900.0,200.0,252700.0
673,2021-10-17 04:25:23,50900.0,600.0,252500.0
674,2021-10-17 04:25:23,50900.0,200.0,251900.0
675,2021-10-17 04:25:09,50900.0,500.0,251700.0
676,2021-10-17 04:24:12,51000.0,400.0,251200.0
677,2021-10-17 04:24:12,51000.0,100.0,250800.0
678,2021-10-17 04:24:12,51000.0,500.0,250700.0
679,2021-10-17 04:23:42,50900.0,500.0,250200.0
680,2021-10-17 04:23:14,50900.0,600.0,249700.0
681,2021-10-17 04:23:07,50900.0,100.0,249100.0
682,2021-10-17 04:22:50,50900.0,100.0,249000.0
683,2021-10-17 04:22:16,50900.0,100.0,248900.0
684,2021-10-17 04:22:16,50900.0,200.0,248800.0
685,2021-10-17 04:21:00,50900.0,400.0,248600.0
686,2021-10-17 04:20:52,50900.0,100.0,248200.0
687,2021-10-17 04:20:52,50900.0,200.0,248100.0
688,2021-10-17 04:20:50,50800.0,400.0,247900.0
689,2021-10-17 04:20:19,50900.0,200.0,247500.0
690,2021-10-17 04:20:18,50900.0,200.0,247300.0
691,2021-10-17 04:20:08,50900.0,800.0,247100.0
692,2021-10-17 04:20:00,50900.0,100.0,246300.0
693,2021-10-17 04:19:47,51000.0,100.0,246200.0
694,2021-10-17 04:19:40,50900.0,1000.0,246100.0
695,2021-10-17 04:19:26,50900.0,100.0,245100.0
696,2021-10-17 04:19:25,50900.0,800.0,245000.0
697,2021-10-17 04:19:24,50800.0,400.0,244200.0
698,2021-10-17 04:19:21,50900.0,100.0,243800.0
699,2021-10-17 04:19:03,50900.0,3000.0,243700.0
700,2021-10-17 04:17:58,50800.0,400.0,240700.0
701,2021-10-17 04:17:42,50900.0,200.0,240300.0
702,2021-10-17 04:17:42,50900.0,500.0,240100.0
703,2021-10-17 04:16:31,50800.0,400.0,239600.0
704,2021-10-17 04:15:05,50800.0,400.0,239200.0
705,2021-10-17 04:14:13,50900.0,200.0,238800.0
706,2021-10-17 04:13:39,50900.0,200.0,238600.0
707,2021-10-17 04:12:43,50900.0,500.0,238400.0
708,2021-10-17 04:12:39,50800.0,500.0,237900.0
709,2021-10-17 04:12:36,50900.0,500.0,237400.0
710,2021-10-17 04:12:13,50800.0,400.0,236900.0
711,2021-10-17 04:10:46,50700.0,300.0,236500.0
712,2021-10-17 04:10:46,50700.0,100.0,236200.0
713,2021-10-17 04:09:20,50700.0,300.0,236100.0
714,2021-10-17 04:09:09,50800.0,500.0,235800.0
715,2021-10-17 04:08:48,50800.0,100.0,235300.0
716,2021-10-17 04:08:48,50800.0,100.0,235200.0
717,2021-10-17 04:08:48,50800.0,700.0,235100.0
718,2021-10-17 04:08:39,50800.0,500.0,234400.0
719,2021-10-17 04:08:39,50800.0,300.0,233900.0
720,2021-10-17 04:07:54,50800.0,100.0,233600.0
721,2021-10-17 04:07:54,50800.0,200.0,233500.0
722,2021-10-17 04:07:46,50800.0,100.0,233300.0
723,2021-10-17 04:06:44,50800.0,100.0,233200.0
724,2021-10-17 04:06:38,50800.0,100.0,233100.0
725,2021-10-17 04:06:28,50800.0,100.0,233000.0
726,2021-10-17 04:05:26,50800.0,500.0,232900.0
727,2021-10-17 04:05:26,50800.0,300.0,232400.0
728,2021-10-17 04:05:26,50800.0,100.0,232100.0
729,2021-10-17 04:05:26,50800.0,500.0,232000.0
730,2021-10-17 04:05:02,50800.0,300.0,231500.0
731,2021-10-17 04:03:35,50800.0,400.0,231200.0
732,2021-10-17 04:02:15,50800.0,100.0,230800.0
733,2021-10-17 04:02:09,50800.0,100.0,230700.0
734,2021-10-17 04:02:09,50800.0,100.0,230600.0
735,2021-10-17 04:02:09,50800.0,200.0,230500.0
736,2021-10-17 04:01:38,50800.0,1000.0,230300.0
737,2021-10-17 04:01:34,50800.0,500.0,229300.0
738,2021-10-17 04:00:43,50800.0,300.0,228800.0
739,2021-10-17 04:00:24,50800.0,100.0,228500.0
740,2021-10-17 04:00:16,50800.0,500.0,228400.0
741,2021-10-17 04:00:16,50800.0,400.0,227900.0
742,2021-10-17 03:59:06,50800.0,400.0,227500.0
743,2021-10-17 03:58:39,50800.0,1000.0,227100.0
744,2021-10-17 03:58:39,50800.0,100.0,226100.0
745,2021-10-17 03:58:39,50800.0,200.0,226000.0
746,2021-10-17 03:58:39,50800.0,100.0,225800.0
747,2021-10-17 03:58:39,50800.0,300.0,225700.0
748,2021-10-17 03:58:39,50800.0,100.0,225400.0
749,2021-10-17 03:58:39,50800.0,1000.0,225300.0
750,2021-10-17 03:58:39,50800.0,300.0,224300.0
751,2021-10-17 03:58:39,50800.0,700.0,224000.0
752,2021-10-17 03:58:39,50800.0,300.0,223300.0
753,2021-10-17 03:58:39,50800.0,200.0,223000.0
754,2021-10-17 03:58:39,50800.0,100.0,222800.0
755,2021-10-17 03:58:39,50800.0,1000.0,222700.0
756,2021-10-17 03:58:39,50800.0,4200.0,221700.0
757,2021-10-17 03:58:37,50800.0,100.0,217500.0
758,2021-10-17 03:58:21,50800.0,700.0,217400.0
759,2021-10-17 03:58:21,50800.0,1000.0,216700.0
760,2021-10-17 03:58:21,50800.0,1500.0,215700.0
761,2021-10-17 03:58:21,50900.0,1000.0,214200.0
762,2021-10-17 03:58:21,50900.0,300.0,213200.0
763,2021-10-17 03:58:21,50900.0,700.0,212900.0
764,2021-10-17 03:57:50,50900.0,2300.0,212200.0
765,2021-10-17 03:57:50,50900.0,200.0,209900.0
766,2021-10-17 03:57:50,50900.0,5000.0,209700.0
767,2021-10-17 03:57:50,50900.0,1000.0,204700.0
768,2021-10-17 03:57:50,50900.0,1000.0,203700.0
769,2021-10-17 03:57:50,50900.0,500.0,202700.0
770,2021-10-17 03:57:50,50900.0,500.0,202200.0
771,2021-10-17 03:57:50,50900.0,2000.0,201700.0
772,2021-10-17 03:57:50,50900.0,1000.0,199700.0
773,2021-10-17 03:57:50,50900.0,200.0,198700.0
774,2021-10-17 03:57:50,50900.0,100.0,198500.0
775,2021-10-17 03:57:50,50900.0,1000.0,198400.0
776,2021-10-17 03:57:50,50900.0,200.0,197400.0
777,2021-10-17 03:57:27,51000.0,100.0,197200.0
778,2021-10-17 03:57:27,51000.0,100.0,197100.0
779,2021-10-17 03:57:27,51000.0,1800.0,197000.0
780,2021-10-17 03:56:45,51000.0,200.0,195200.0
781,2021-10-17 03:55:16,50900.0,1000.0,195000.0
782,2021-10-17 03:55:16,50900.0,500.0,194000.0
783,2021-10-17 03:55:16,50900.0,100.0,193500.0
784,2021-10-17 03:55:16,50900.0,500.0,193400.0
785,2021-10-17 03:55:16,50900.0,600.0,192900.0
786,2021-10-17 03:55:16,51000.0,4000.0,192300.0
787,2021-10-17 03:54:06,50900.0,400.0,188300.0
788,2021-10-17 03:54:06,50900.0,200.0,187900.0
789,2021-10-17 03:54:06,50900.0,100.0,187700.0
790,2021-10-17 03:54:06,50900.0,200.0,187600.0
791,2021-10-17 03:54:06,50900.0,100.0,187400.0
792,2021-10-17 03:54:06,50900.0,1000.0,187300.0
793,2021-10-17 03:52:37,50900.0,900.0,186300.0
794,2021-10-17 03:52:37,50900.0,1000.0,185400.0
795,2021-10-17 03:52:37,50900.0,200.0,184400.0
796,2021-10-17 03:52:37,50900.0,600.0,184200.0
797,2021-10-17 03:51:29,51000.0,3000.0,183600.0
798,2021-10-17 03:51:29,51000.0,1000.0,180600.0
799,2021-10-17 03:51:29,51000.0,200.0,179600.0
800,2021-10-17 03:51:29,51000.0,300.0,179400.0
801,2021-10-17 03:51:29,51000.0,200.0,179100.0
802,2021-10-17 03:51:06,51100.0,100.0,178900.0
803,2021-10-17 03:50:27,51100.0,200.0,178800.0
804,2021-10-17 03:49:57,51100.0,100.0,178600.0
805,2021-10-17 03:49:33,51100.0,100.0,178500.0
806,2021-10-17 03:48:49,51000.0,100.0,178400.0
807,2021-10-17 03:47:22,51000.0,1700.0,178300.0
808,2021-10-17 03:47:22,51000.0,300.0,176600.0
809,2021-10-17 03:47:01,51100.0,500.0,176300.0
810,2021-10-17 03:46:30,51000.0,1000.0,175800.0
811,2021-10-17 03:45:52,51100.0,2400.0,174800.0
812,2021-10-17 03:45:23,51100.0,1900.0,172400.0
813,2021-10-17 03:45:14,51100.0,700.0,170500.0
814,2021-10-17 03:43:54,51000.0,500.0,169800.0
815,2021-10-17 03:42:37,51000.0,200.0,169300.0
816,2021-10-17 03:42:37,51000.0,200.0,169100.0
817,2021-10-17 03:41:49,51000.0,900.0,168900.0
818,2021-10-17 03:41:49,51000.0,100.0,168000.0
819,2021-10-17 03:41:49,51000.0,1000.0,167900.0
820,2021-10-17 03:41:05,51100.0,300.0,166900.0
821,2021-10-17 03:41:05,51100.0,200.0,166600.0
822,2021-10-17 03:41:00,51100.0,500.0,166400.0
823,2021-10-17 03:39:48,51000.0,100.0,165900.0
824,2021-10-17 03:39:48,51000.0,400.0,165800.0
825,2021-10-17 03:39:33,51100.0,100.0,165400.0
826,2021-10-17 03:38:04,51000.0,100.0,165300.0
827,2021-10-17 03:35:59,51100.0,500.0,165200.0
828,2021-10-17 03:34:57,51000.0,200.0,164700.0
829,2021-10-17 03:34:36,51000.0,300.0,164500.0
830,2021-10-17 03:34:36,51000.0,200.0,164200.0
831,2021-10-17 03:32:51,51000.0,100.0,164000.0
832,2021-10-17 03:30:31,51200.0,100.0,163900.0
833,2021-10-17 03:30:01,51200.0,100.0,163800.0
834,2021-10-17 03:29:20,51200.0,100.0,163700.0
835,2021-10-17 03:29:20,51200.0,1000.0,163600.0
836,2021-10-17 03:29:20,51200.0,1000.0,162600.0
837,2021-10-17 03:29:20,51200.0,500.0,161600.0
838,2021-10-17 03:29:20,51200.0,1000.0,161100.0
839,2021-10-17 03:29:20,51200.0,200.0,160100.0
840,2021-10-17 03:28:02,51000.0,100.0,159900.0
841,2021-10-17 03:27:37,51000.0,100.0,159800.0
842,2021-10-17 03:27:08,51000.0,300.0,159700.0
843,2021-10-17 03:27:08,51000.0,200.0,159400.0
844,2021-10-17 03:27:08,51000.0,1000.0,159200.0
845,2021-10-17 03:27:08,51000.0,200.0,158200.0
846,2021-10-17 03:25:24,51000.0,100.0,158000.0
847,2021-10-17 03:24:22,51000.0,100.0,157900.0
848,2021-10-17 03:24:09,51000.0,1000.0,157800.0
849,2021-10-17 03:24:02,51000.0,100.0,156800.0
850,2021-10-17 03:23:58,51000.0,500.0,156700.0
851,2021-10-17 03:23:39,51000.0,500.0,156200.0
852,2021-10-17 03:23:14,51100.0,200.0,155700.0
853,2021-10-17 03:23:14,51100.0,700.0,155500.0
854,2021-10-17 03:23:07,51100.0,1000.0,154800.0
855,2021-10-17 03:23:07,51100.0,2000.0,153800.0
856,2021-10-17 03:21:33,51100.0,100.0,151800.0
857,2021-10-17 03:21:33,51100.0,500.0,151700.0
858,2021-10-17 03:21:33,51100.0,100.0,151200.0
859,2021-10-17 03:21:33,51100.0,600.0,151100.0
860,2021-10-17 03:20:58,51000.0,300.0,150500.0
861,2021-10-17 03:20:27,51000.0,500.0,150200.0
862,2021-10-17 03:18:59,51000.0,100.0,149700.0
863,2021-10-17 03:18:54,51000.0,1000.0,149600.0
864,2021-10-17 03:18:25,51000.0,500.0,148600.0
865,2021-10-17 03:17:27,51000.0,1600.0,148100.0
866,2021-10-17 03:17:27,51000.0,500.0,146500.0
867,2021-10-17 03:17:27,51000.0,3000.0,146000.0
868,2021-10-17 03:16:01,50900.0,1400.0,143000.0
869,2021-10-17 03:12:54,51000.0,100.0,141600.0
870,2021-10-17 03:12:54,51000.0,300.0,141500.0
871,2021-10-17 03:12:54,51000.0,100.0,141200.0
872,2021-10-17 03:11:55,51000.0,10000.0,141100.0
873,2021-10-17 03:11:24,51000.0,100.0,131100.0
874,2021-10-17 03:11:07,51000.0,500.0,131000.0
875,2021-10-17 03:11:07,51000.0,500.0,130500.0
876,2021-10-17 03:11:07,51000.0,900.0,130000.0
877,2021-10-17 03:11:07,51000.0,500.0,129100.0
878,2021-10-17 03:11:07,51000.0,1900.0,128600.0
879,2021-10-17 03:11:01,51000.0,1000.0,126700.0
880,2021-10-17 03:10:43,51000.0,100.0,125700.0
881,2021-10-17 03:10:43,51000.0,400.0,125600.0
882,2021-10-17 03:10:34,51000.0,200.0,125200.0
883,2021-10-17 03:08:38,51000.0,2000.0,125000.0
884,2021-10-17 03:08:11,51000.0,2800.0,123000.0
885,2021-10-17 03:08:02,51100.0,400.0,120200.0
886,2021-10-17 03:08:02,51100.0,600.0,119800.0
887,2021-10-17 03:06:31,51100.0,400.0,119200.0
888,2021-10-17 03:06:19,51100.0,300.0,118800.0
889,2021-10-17 03:06:12,51100.0,300.0,118500.0
890,2021-10-17 03:05:11,51000.0,1900.0,118200.0
891,2021-10-17 03:05:11,51100.0,600.0,116300.0
892,2021-10-17 03:05:05,51100.0,300.0,115700.0
893,2021-10-17 03:05:05,51100.0,200.0,115400.0
894,2021-10-17 03:04:50,51000.0,200.0,115200.0
895,2021-10-17 03:04:29,51000.0,1900.0,115000.0
896,2021-10-17 03:04:09,51100.0,100.0,113100.0
897,2021-10-17 03:04:03,51100.0,200.0,113000.0
898,2021-10-17 03:04:03,51100.0,800.0,112800.0
899,2021-10-17 03:03:36,51100.0,200.0,112000.0
900,2021-10-17 03:03:36,51100.0,200.0,111800.0
901,2021-10-17 03:03:03,51100.0,200.0,111600.0
902,2021-10-17 03:02:30,51100.0,300.0,111400.0
903,2021-10-17 03:02:30,51100.0,300.0,111100.0
904,2021-10-17 03:01:53,51100.0,1000.0,110800.0
905,2021-10-17 03:01:24,51100.0,1000.0,109800.0
906,2021-10-17 03:01:24,51100.0,700.0,108800.0
907,2021-10-17 03:00:26,51100.0,300.0,108100.0
908,2021-10-17 03:00:26,51100.0,200.0,107800.0
909,2021-10-17 02:59:59,51100.0,300.0,107600.0
910,2021-10-17 02:59:37,51000.0,100.0,107300.0
911,2021-10-17 02:59:24,51000.0,500.0,107200.0
912,2021-10-17 02:58:30,50900.0,1000.0,106700.0
913,2021-10-17 02:58:30,50900.0,3000.0,105700.0
914,2021-10-17 02:58:12,50900.0,600.0,102700.0
915,2021-10-17 02:57:08,50900.0,100.0,102100.0
916,2021-10-17 02:56:23,50900.0,100.0,102000.0
917,2021-10-17 02:56:17,50900.0,1200.0,101900.0
918,2021-10-17 02:56:17,50900.0,100.0,100700.0
919,2021-10-17 02:55:18,50900.0,100.0,100600.0
920,2021-10-17 02:55:18,50900.0,200.0,100500.0
921,2021-10-17 02:55:18,50900.0,100.0,100300.0
922,2021-10-17 02:55:18,50900.0,500.0,100200.0
923,2021-10-17 02:55:04,51000.0,200.0,99700.0
924,2021-10-17 02:55:04,51000.0,100.0,99500.0
925,2021-10-17 02:55:04,51000.0,500.0,99400.0
926,2021-10-17 02:55:04,51000.0,1000.0,98900.0
927,2021-10-17 02:55:04,51000.0,100.0,97900.0
928,2021-10-17 02:55:04,51000.0,100.0,97800.0
929,2021-10-17 02:55:04,51000.0,100.0,97700.0
930,2021-10-17 02:55:04,51000.0,300.0,97600.0
931,2021-10-17 02:55:04,51000.0,300.0,97300.0
932,2021-10-17 02:55:04,51000.0,100.0,97000.0
933,2021-10-17 02:55:04,51000.0,1000.0,96900.0
934,2021-10-17 02:55:04,51000.0,200.0,95900.0
935,2021-10-17 02:55:04,51000.0,100.0,95700.0
936,2021-10-17 02:54:51,51000.0,800.0,95600.0
937,2021-10-17 02:54:42,51000.0,4200.0,94800.0
938,2021-10-17 02:54:42,51000.0,100.0,90600.0
939,2021-10-17 02:54:42,51000.0,700.0,90500.0
940,2021-10-17 02:54:38,51100.0,200.0,89800.0
941,2021-10-17 02:54:16,51000.0,4300.0,89600.0
942,2021-10-17 02:54:16,51000.0,1000.0,85300.0
943,2021-10-17 02:54:16,51000.0,100.0,84300.0
944,2021-10-17 02:54:16,51000.0,1200.0,84200.0
945,2021-10-17 02:53:43,51000.0,8800.0,83000.0
946,2021-10-17 02:53:43,51000.0,900.0,74200.0
947,2021-10-17 02:53:43,51100.0,200.0,73300.0
948,2021-10-17 02:53:43,51100.0,100.0,73100.0
949,2021-10-17 02:52:32,51100.0,100.0,73000.0
950,2021-10-17 02:52:32,51100.0,900.0,72900.0
951,2021-10-17 02:52:29,51100.0,100.0,72000.0
952,2021-10-17 02:52:29,51100.0,200.0,71900.0
953,2021-10-17 02:52:29,51100.0,4800.0,71700.0
954,2021-10-17 02:52:25,51200.0,100.0,66900.0
955,2021-10-17 02:52:23,51100.0,200.0,66800.0
956,2021-10-17 02:52:23,51100.0,200.0,66600.0
957,2021-10-17 02:52:23,51100.0,500.0,66400.0
958,2021-10-17 02:52:23,51100.0,100.0,65900.0
959,2021-10-17 02:52:11,51100.0,300.0,65800.0
960,2021-10-17 02:52:11,51100.0,700.0,65500.0
961,2021-10-17 02:51:29,51100.0,300.0,64800.0
962,2021-10-17 02:51:29,51100.0,300.0,64500.0
963,2021-10-17 02:51:29,51100.0,100.0,64200.0
964,2021-10-17 02:51:29,51100.0,100.0,64100.0
965,2021-10-17 02:51:29,51100.0,100.0,64000.0
966,2021-10-17 02:51:29,51100.0,500.0,63900.0
967,2021-10-17 02:51:29,51100.0,1800.0,63400.0
968,2021-10-17 02:51:29,51100.0,500.0,61600.0
969,2021-10-17 02:51:29,51100.0,200.0,61100.0
970,2021-10-17 02:49:01,51100.0,500.0,60900.0
971,2021-10-17 02:47:19,51100.0,8300.0,60400.0
972,2021-10-17 02:47:19,51100.0,200.0,52100.0
973,2021-10-17 02:47:19,51100.0,400.0,51900.0
974,2021-10-17 02:44:57,51300.0,1100.0,51500.0
975,2021-10-17 02:44:55,51100.0,1400.0,50400.0
976,2021-10-17 02:44:55,51200.0,2200.0,49000.0
977,2021-10-17 02:44:55,51200.0,100.0,46800.0
978,2021-10-17 02:44:43,51200.0,300.0,46700.0
979,2021-10-17 02:44:43,51200.0,100.0,46400.0
980,2021-10-17 02:44:30,51200.0,200.0,46300.0
981,2021-10-17 02:44:30,51200.0,300.0,46100.0
982,2021-10-17 02:42:27,51200.0,100.0,45800.0
983,2021-10-17 02:41:42,51200.0,100.0,45700.0
984,2021-10-17 02:41:42,51200.0,100.0,45600.0
985,2021-10-17 02:41:09,51200.0,300.0,45500.0
986,2021-10-17 02:41:00,51200.0,200.0,45200.0
987,2021-10-17 02:40:38,51200.0,100.0,45000.0
988,2021-10-17 02:38:46,51200.0,200.0,44900.0
989,2021-10-17 02:38:39,51200.0,500.0,44700.0
990,2021-10-17 02:38:33,51200.0,600.0,44200.0
991,2021-10-17 02:38:13,51200.0,500.0,43600.0
992,2021-10-17 02:38:04,51200.0,500.0,43100.0
993,2021-10-17 02:36:23,51100.0,200.0,42600.0
994,2021-10-17 02:36:23,51100.0,300.0,42400.0
995,2021-10-17 02:36:23,51100.0,300.0,42100.0
996,2021-10-17 02:36:23,51100.0,100.0,41800.0
997,2021-10-17 02:36:23,51100.0,1600.0,41700.0
998,2021-10-17 02:36:23,51200.0,500.0,40100.0
999,2021-10-17 02:35:17,51300.0,800.0,39600.0
1000,2021-10-17 02:34:02,51300.0,2600.0,38800.0
1001,2021-10-17 02:33:56,51300.0,100.0,36200.0
1002,2021-10-17 02:33:42,51300.0,300.0,36100.0
1003,2021-10-17 02:33:42,51300.0,2000.0,35800.0
1004,2021-10-17 02:33:31,51300.0,100.0,33800.0
1005,2021-10-17 02:33:12,51300.0,500.0,33700.0
1006,2021-10-17 02:32:30,51300.0,100.0,33200.0
1007,2021-10-17 02:32:16,51300.0,100.0,33100.0
1008,2021-10-17 02:32:05,51300.0,400.0,33000.0
1009,2021-10-17 02:31:33,51300.0,300.0,32600.0
1010,2021-10-17 02:31:33,51300.0,200.0,32300.0
1011,2021-10-17 02:31:33,51300.0,300.0,32100.0
1012,2021-10-17 02:31:33,51300.0,200.0,31800.0
1013,2021-10-17 02:31:33,51300.0,100.0,31600.0
1014,2021-10-17 02:31:33,51300.0,5300.0,31500.0
1015,2021-10-17 02:31:33,51200.0,400.0,26200.0
1016,2021-10-17 02:31:18,51200.0,200.0,25800.0
1017,2021-10-17 02:30:49,51200.0,200.0,25600.0
1018,2021-10-17 02:30:36,51200.0,200.0,25400.0
1019,2021-10-17 02:29:52,51300.0,100.0,25200.0
1020,2021-10-17 02:29:05,51200.0,100.0,25100.0
1021,2021-10-17 02:29:05,51200.0,500.0,25000.0
1022,2021-10-17 02:28:35,51200.0,100.0,24500.0
1023,2021-10-17 02:28:20,51200.0,500.0,24400.0
1024,2021-10-17 02:28:02,51200.0,100.0,23900.0
1025,2021-10-17 02:26:58,51200.0,1000.0,23800.0
1026,2021-10-17 02:26:57,51200.0,200.0,22800.0
1027,2021-10-17 02:26:05,51200.0,500.0,22600.0
1028,2021-10-17 02:26:05,51200.0,2200.0,22100.0
1029,2021-10-17 02:25:37,51100.0,400.0,19900.0
1030,2021-10-17 02:25:36,51100.0,100.0,19500.0
1031,2021-10-17 02:25:36,51100.0,500.0,19400.0
1032,2021-10-17 02:24:23,51000.0,100.0,18900.0
1033,2021-10-17 02:24:23,51000.0,1900.0,18800.0
1034,2021-10-17 02:23:50,51000.0,2000.0,16900.0
1035,2021-10-17 02:23:13,51000.0,100.0,14900.0
1036,2021-10-17 02:23:06,51000.0,600.0,14800.0
1037,2021-10-17 02:23:06,51000.0,1500.0,14200.0
1038,2021-10-17 02:23:06,51000.0,300.0,12700.0
1039,2021-10-17 02:23:03,50900.0,200.0,12400.0
1040,2021-10-17 02:22:46,50900.0,300.0,12200.0
1041,2021-10-17 02:22:46,50900.0,200.0,11900.0
1042,2021-10-17 02:22:23,51000.0,200.0,11700.0
1043,2021-10-17 02:22:01,50900.0,100.0,11500.0
1044,2021-10-17 02:21:55,51000.0,100.0,11400.0
1045,2021-10-17 02:21:24,51000.0,400.0,11300.0
1046,2021-10-17 02:21:17,51000.0,100.0,10900.0
1047,2021-10-17 02:21:17,51000.0,1000.0,10800.0
1048,2021-10-17 02:21:17,51000.0,100.0,9800.0
1049,2021-10-17 02:21:17,51000.0,500.0,9700.0
1050,2021-10-17 02:21:17,51000.0,100.0,9200.0
1051,2021-10-17 02:20:59,51100.0,100.0,9100.0
1052,2021-10-17 02:20:59,51100.0,100.0,9000.0
1053,2021-10-17 02:20:48,51000.0,800.0,8900.0
1054,2021-10-17 02:19:58,51000.0,100.0,8100.0
1055,2021-10-17 02:19:58,51000.0,100.0,8000.0
1056,2021-10-17 02:19:58,51000.0,100.0,7900.0
1057,2021-10-17 02:19:51,51000.0,100.0,7800.0
1058,2021-10-17 02:19:51,51000.0,100.0,7700.0
1059,2021-10-17 02:19:40,51000.0,500.0,7600.0
1060,2021-10-17 02:19:34,51000.0,400.0,7100.0
1061,2021-10-17 02:19:34,51100.0,100.0,6700.0
1062,2021-10-17 02:19:33,51100.0,300.0,6600.0
1063,2021-10-17 02:19:27,51100.0,100.0,6300.0
1064,2021-10-17 02:19:14,51100.0,300.0,6200.0
1065,2021-10-17 02:19:14,51100.0,400.0,5900.0
1066,2021-10-17 02:19:08,51200.0,400.0,5500.0
1067,2021-10-17 02:18:19,51200.0,900.0,5100.0
1068,2021-10-17 02:18:19,51200.0,100.0,4200.0
1069,2021-10-17 02:17:04,51200.0,100.0,4100.0
1070,2021-10-17 02:16:48,51200.0,500.0,4000.0
1071,2021-10-17 02:16:31,51300.0,100.0,3500.0
1072,2021-10-17 02:15:00,51300.0,200.0,3400.0
1073,2021-10-17 02:15:00,51300.0,300.0,3200.0
1074,2021-10-17 02:15:00,51300.0,200.0,2900.0
1075,2021-10-17 02:15:00,51300.0,500.0,2700.0
1076,2021-10-17 02:15:00,51300.0,1200.0,2200.0
1077,2021-10-17 02:15:00,51300.0,300.0,1000.0
1078,2021-10-17 02:15:00,51300.0,500.0,700.0
1079,2021-10-17 02:15:00,51300.0,100.0,200.0
1080,2021-10-17 02:15:00,51300.0,100.0,100.0
