,Time,Price,Volume_per_trade,Volume
0,2021-10-12 07:45:00,50800.0,100.0,883500.0
1,2021-10-12 07:45:00,50800.0,300.0,883400.0
2,2021-10-12 07:45:00,50800.0,7200.0,883100.0
3,2021-10-12 07:45:00,50800.0,4000.0,875900.0
4,2021-10-12 07:45:00,50800.0,1000.0,871900.0
5,2021-10-12 07:45:00,50800.0,4000.0,870900.0
6,2021-10-12 07:45:00,50800.0,700.0,866900.0
7,2021-10-12 07:45:00,50800.0,900.0,866200.0
8,2021-10-12 07:45:00,50800.0,100.0,865300.0
9,2021-10-12 07:45:00,50800.0,200.0,865200.0
10,2021-10-12 07:45:00,50800.0,4400.0,865000.0
11,2021-10-12 07:45:00,50800.0,3000.0,860600.0
12,2021-10-12 07:45:00,50800.0,1000.0,857600.0
13,2021-10-12 07:45:00,50800.0,1800.0,856600.0
14,2021-10-12 07:45:00,50800.0,500.0,854800.0
15,2021-10-12 07:45:00,50800.0,400.0,854300.0
16,2021-10-12 07:45:00,50800.0,800.0,853900.0
17,2021-10-12 07:45:00,50800.0,500.0,853100.0
18,2021-10-12 07:45:00,50800.0,100.0,852600.0
19,2021-10-12 07:45:00,50800.0,100.0,852500.0
20,2021-10-12 07:45:00,50800.0,200.0,852400.0
21,2021-10-12 07:45:00,50800.0,1000.0,852200.0
22,2021-10-12 07:45:00,50800.0,100.0,851200.0
23,2021-10-12 07:45:00,50800.0,1600.0,851100.0
24,2021-10-12 07:45:00,50800.0,600.0,849500.0
25,2021-10-12 07:45:00,50800.0,1200.0,848900.0
26,2021-10-12 07:45:00,50800.0,800.0,847700.0
27,2021-10-12 07:45:00,50800.0,1100.0,846900.0
28,2021-10-12 07:45:00,50800.0,1000.0,845800.0
29,2021-10-12 07:45:00,50800.0,300.0,844800.0
30,2021-10-12 07:29:17,50600.0,200.0,844500.0
31,2021-10-12 07:29:01,50600.0,2000.0,844300.0
32,2021-10-12 07:28:52,50400.0,1800.0,842300.0
33,2021-10-12 07:28:52,50500.0,200.0,840500.0
34,2021-10-12 07:28:30,50400.0,1000.0,840300.0
35,2021-10-12 07:28:16,50400.0,1500.0,839300.0
36,2021-10-12 07:27:46,50400.0,100.0,837800.0
37,2021-10-12 07:27:46,50400.0,100.0,837700.0
38,2021-10-12 07:27:46,50400.0,2400.0,837600.0
39,2021-10-12 07:27:19,50400.0,1000.0,835200.0
40,2021-10-12 07:27:19,50400.0,200.0,834200.0
41,2021-10-12 07:27:19,50400.0,100.0,834000.0
42,2021-10-12 07:26:54,50300.0,4600.0,833900.0
43,2021-10-12 07:26:54,50300.0,400.0,829300.0
44,2021-10-12 07:26:45,50400.0,100.0,828900.0
45,2021-10-12 07:26:28,50300.0,600.0,828800.0
46,2021-10-12 07:26:28,50300.0,100.0,828200.0
47,2021-10-12 07:26:28,50300.0,500.0,828100.0
48,2021-10-12 07:26:28,50400.0,500.0,827600.0
49,2021-10-12 07:26:28,50400.0,1000.0,827100.0
50,2021-10-12 07:26:28,50400.0,1300.0,826100.0
51,2021-10-12 07:26:08,50400.0,700.0,824800.0
52,2021-10-12 07:26:08,50400.0,500.0,824100.0
53,2021-10-12 07:26:08,50400.0,800.0,823600.0
54,2021-10-12 07:26:08,50400.0,6400.0,822800.0
55,2021-10-12 07:26:08,50400.0,1600.0,816400.0
56,2021-10-12 07:25:54,50400.0,400.0,814800.0
57,2021-10-12 07:25:54,50400.0,300.0,814400.0
58,2021-10-12 07:25:54,50400.0,100.0,814100.0
59,2021-10-12 07:25:26,50500.0,100.0,814000.0
60,2021-10-12 07:24:55,50500.0,200.0,813900.0
61,2021-10-12 07:24:18,50500.0,100.0,813700.0
62,2021-10-12 07:24:18,50500.0,800.0,813600.0
63,2021-10-12 07:24:18,50500.0,1300.0,812800.0
64,2021-10-12 07:24:18,50500.0,200.0,811500.0
65,2021-10-12 07:24:18,50500.0,600.0,811300.0
66,2021-10-12 07:23:48,50500.0,300.0,810700.0
67,2021-10-12 07:23:20,50500.0,100.0,810400.0
68,2021-10-12 07:23:20,50500.0,200.0,810300.0
69,2021-10-12 07:23:19,50500.0,200.0,810100.0
70,2021-10-12 07:23:19,50500.0,100.0,809900.0
71,2021-10-12 07:21:54,50500.0,1200.0,809800.0
72,2021-10-12 07:20:28,50500.0,200.0,808600.0
73,2021-10-12 07:20:06,50500.0,500.0,808400.0
74,2021-10-12 07:20:06,50500.0,400.0,807900.0
75,2021-10-12 07:20:06,50500.0,400.0,807500.0
76,2021-10-12 07:20:06,50500.0,1500.0,807100.0
77,2021-10-12 07:20:06,50500.0,3200.0,805600.0
78,2021-10-12 07:20:06,50500.0,600.0,802400.0
79,2021-10-12 07:20:06,50500.0,500.0,801800.0
80,2021-10-12 07:20:06,50500.0,1900.0,801300.0
81,2021-10-12 07:18:28,50500.0,100.0,799400.0
82,2021-10-12 07:18:28,50500.0,500.0,799300.0
83,2021-10-12 07:18:28,50500.0,200.0,798800.0
84,2021-10-12 07:18:28,50500.0,300.0,798600.0
85,2021-10-12 07:18:28,50500.0,1000.0,798300.0
86,2021-10-12 07:18:28,50500.0,1500.0,797300.0
87,2021-10-12 07:18:28,50500.0,2600.0,795800.0
88,2021-10-12 07:18:28,50500.0,100.0,793200.0
89,2021-10-12 07:18:28,50500.0,100.0,793100.0
90,2021-10-12 07:18:28,50500.0,100.0,793000.0
91,2021-10-12 07:18:28,50500.0,500.0,792900.0
92,2021-10-12 07:18:28,50500.0,100.0,792400.0
93,2021-10-12 07:18:28,50500.0,300.0,792300.0
94,2021-10-12 07:18:28,50500.0,100.0,792000.0
95,2021-10-12 07:18:28,50500.0,2900.0,791900.0
96,2021-10-12 07:18:28,50600.0,2600.0,789000.0
97,2021-10-12 07:18:28,50600.0,600.0,786400.0
98,2021-10-12 07:18:28,50600.0,600.0,785800.0
99,2021-10-12 07:18:28,50600.0,800.0,785200.0
100,2021-10-12 07:18:13,50600.0,100.0,784400.0
101,2021-10-12 07:18:12,50600.0,100.0,784300.0
102,2021-10-12 07:15:13,50500.0,100.0,784200.0
103,2021-10-12 07:14:10,50600.0,100.0,784100.0
104,2021-10-12 07:14:02,50600.0,400.0,784000.0
105,2021-10-12 07:13:46,50600.0,400.0,783600.0
106,2021-10-12 07:13:46,50600.0,100.0,783200.0
107,2021-10-12 07:13:46,50600.0,2000.0,783100.0
108,2021-10-12 07:13:46,50600.0,100.0,781100.0
109,2021-10-12 07:13:46,50600.0,300.0,781000.0
110,2021-10-12 07:13:02,50700.0,3300.0,780700.0
111,2021-10-12 07:13:02,50700.0,100.0,777400.0
112,2021-10-12 07:13:02,50700.0,1600.0,777300.0
113,2021-10-12 07:12:47,50600.0,100.0,775700.0
114,2021-10-12 07:12:08,50600.0,2400.0,775600.0
115,2021-10-12 07:12:01,50600.0,200.0,773200.0
116,2021-10-12 07:11:59,50600.0,100.0,773000.0
117,2021-10-12 07:11:51,50600.0,1000.0,772900.0
118,2021-10-12 07:11:40,50600.0,100.0,771900.0
119,2021-10-12 07:11:40,50600.0,1000.0,771800.0
120,2021-10-12 07:11:40,50600.0,200.0,770800.0
121,2021-10-12 07:11:09,50700.0,1300.0,770600.0
122,2021-10-12 07:09:31,50700.0,1000.0,769300.0
123,2021-10-12 07:09:10,50700.0,100.0,768300.0
124,2021-10-12 07:09:10,50700.0,400.0,768200.0
125,2021-10-12 07:08:54,50700.0,500.0,767800.0
126,2021-10-12 07:08:41,50600.0,100.0,767300.0
127,2021-10-12 07:08:25,50600.0,400.0,767200.0
128,2021-10-12 07:08:25,50600.0,2600.0,766800.0
129,2021-10-12 07:08:06,50600.0,100.0,764200.0
130,2021-10-12 07:08:05,50600.0,300.0,764100.0
131,2021-10-12 07:08:05,50600.0,700.0,763800.0
132,2021-10-12 07:07:42,50600.0,1000.0,763100.0
133,2021-10-12 07:07:38,50600.0,100.0,762100.0
134,2021-10-12 07:07:16,50600.0,100.0,762000.0
135,2021-10-12 07:07:03,50600.0,200.0,761900.0
136,2021-10-12 07:06:16,50600.0,500.0,761700.0
137,2021-10-12 07:06:08,50600.0,1000.0,761200.0
138,2021-10-12 07:06:08,50600.0,1000.0,760200.0
139,2021-10-12 07:05:46,50600.0,200.0,759200.0
140,2021-10-12 07:05:34,50600.0,100.0,759000.0
141,2021-10-12 07:05:34,50600.0,300.0,758900.0
142,2021-10-12 07:04:33,50600.0,1000.0,758600.0
143,2021-10-12 07:04:16,50600.0,300.0,757600.0
144,2021-10-12 07:04:10,50600.0,500.0,757300.0
145,2021-10-12 07:04:05,50500.0,1500.0,756800.0
146,2021-10-12 07:04:05,50500.0,100.0,755300.0
147,2021-10-12 07:04:05,50500.0,200.0,755200.0
148,2021-10-12 07:04:05,50500.0,100.0,755000.0
149,2021-10-12 07:04:05,50500.0,200.0,754900.0
150,2021-10-12 07:04:04,50500.0,100.0,754700.0
151,2021-10-12 07:03:25,50600.0,200.0,754600.0
152,2021-10-12 07:03:25,50600.0,300.0,754400.0
153,2021-10-12 07:02:47,50600.0,100.0,754100.0
154,2021-10-12 07:02:47,50600.0,100.0,754000.0
155,2021-10-12 07:02:23,50600.0,300.0,753900.0
156,2021-10-12 07:02:21,50600.0,100.0,753600.0
157,2021-10-12 07:01:58,50600.0,500.0,753500.0
158,2021-10-12 07:01:26,50600.0,200.0,753000.0
159,2021-10-12 07:01:24,50600.0,3700.0,752800.0
160,2021-10-12 07:01:24,50600.0,100.0,749100.0
161,2021-10-12 07:01:24,50600.0,100.0,749000.0
162,2021-10-12 07:01:24,50600.0,100.0,748900.0
163,2021-10-12 07:01:06,50600.0,100.0,748800.0
164,2021-10-12 07:00:37,50700.0,100.0,748700.0
165,2021-10-12 07:00:37,50700.0,200.0,748600.0
166,2021-10-12 07:00:37,50700.0,100.0,748400.0
167,2021-10-12 07:00:37,50700.0,4500.0,748300.0
168,2021-10-12 07:00:36,50700.0,300.0,743800.0
169,2021-10-12 07:00:36,50700.0,1700.0,743500.0
170,2021-10-12 07:00:13,50700.0,100.0,741800.0
171,2021-10-12 06:59:51,50700.0,1700.0,741700.0
172,2021-10-12 06:59:51,50800.0,100.0,740000.0
173,2021-10-12 06:59:51,50800.0,1000.0,739900.0
174,2021-10-12 06:59:51,50800.0,500.0,738900.0
175,2021-10-12 06:59:51,50800.0,3100.0,738400.0
176,2021-10-12 06:59:32,50800.0,200.0,735300.0
177,2021-10-12 06:59:32,50800.0,400.0,735100.0
178,2021-10-12 06:59:28,50800.0,1000.0,734700.0
179,2021-10-12 06:59:22,50800.0,900.0,733700.0
180,2021-10-12 06:59:22,50800.0,500.0,732800.0
181,2021-10-12 06:59:22,50800.0,600.0,732300.0
182,2021-10-12 06:58:03,50900.0,500.0,731700.0
183,2021-10-12 06:58:03,50900.0,100.0,731200.0
184,2021-10-12 06:58:03,50900.0,500.0,731100.0
185,2021-10-12 06:58:03,50900.0,8000.0,730600.0
186,2021-10-12 06:58:03,50900.0,500.0,722600.0
187,2021-10-12 06:58:03,50900.0,500.0,722100.0
188,2021-10-12 06:58:03,50900.0,2000.0,721600.0
189,2021-10-12 06:58:03,50900.0,1700.0,719600.0
190,2021-10-12 06:58:00,50900.0,100.0,717900.0
191,2021-10-12 06:57:59,50900.0,200.0,717800.0
192,2021-10-12 06:57:12,50900.0,100.0,717600.0
193,2021-10-12 06:56:23,50900.0,100.0,717500.0
194,2021-10-12 06:56:07,50900.0,300.0,717400.0
195,2021-10-12 06:55:40,50900.0,1100.0,717100.0
196,2021-10-12 06:55:07,50900.0,100.0,716000.0
197,2021-10-12 06:54:15,50900.0,600.0,715900.0
198,2021-10-12 06:54:15,50900.0,400.0,715300.0
199,2021-10-12 06:54:08,51000.0,1200.0,714900.0
200,2021-10-12 06:54:08,51000.0,800.0,713700.0
201,2021-10-12 06:53:59,50900.0,300.0,712900.0
202,2021-10-12 06:53:59,50900.0,700.0,712600.0
203,2021-10-12 06:53:54,50900.0,200.0,711900.0
204,2021-10-12 06:53:39,50900.0,1400.0,711700.0
205,2021-10-12 06:53:07,50900.0,2000.0,710300.0
206,2021-10-12 06:53:01,50900.0,1300.0,708300.0
207,2021-10-12 06:53:01,50900.0,3000.0,707000.0
208,2021-10-12 06:53:01,50900.0,1400.0,704000.0
209,2021-10-12 06:52:51,50900.0,1500.0,702600.0
210,2021-10-12 06:52:45,50900.0,2000.0,701100.0
211,2021-10-12 06:52:45,50900.0,400.0,699100.0
212,2021-10-12 06:52:21,50900.0,200.0,698700.0
213,2021-10-12 06:52:16,50900.0,100.0,698500.0
214,2021-10-12 06:52:15,50900.0,1000.0,698400.0
215,2021-10-12 06:52:05,50900.0,1000.0,697400.0
216,2021-10-12 06:51:30,50900.0,100.0,696400.0
217,2021-10-12 06:51:23,50900.0,600.0,696300.0
218,2021-10-12 06:51:00,50900.0,300.0,695700.0
219,2021-10-12 06:50:16,50900.0,500.0,695400.0
220,2021-10-12 06:50:16,50900.0,600.0,694900.0
221,2021-10-12 06:49:52,50900.0,1000.0,694300.0
222,2021-10-12 06:49:18,50900.0,100.0,693300.0
223,2021-10-12 06:49:18,50900.0,200.0,693200.0
224,2021-10-12 06:49:18,50900.0,2000.0,693000.0
225,2021-10-12 06:49:18,50900.0,1100.0,691000.0
226,2021-10-12 06:48:50,50900.0,300.0,689900.0
227,2021-10-12 06:48:50,50900.0,100.0,689600.0
228,2021-10-12 06:48:50,50900.0,100.0,689500.0
229,2021-10-12 06:48:50,50900.0,200.0,689400.0
230,2021-10-12 06:48:50,50900.0,100.0,689200.0
231,2021-10-12 06:48:50,50900.0,100.0,689100.0
232,2021-10-12 06:48:50,50900.0,1500.0,689000.0
233,2021-10-12 06:48:31,50900.0,400.0,687500.0
234,2021-10-12 06:48:22,50900.0,1000.0,687100.0
235,2021-10-12 06:48:15,50900.0,900.0,686100.0
236,2021-10-12 06:48:11,50900.0,1000.0,685200.0
237,2021-10-12 06:48:00,50900.0,200.0,684200.0
238,2021-10-12 06:48:00,50900.0,500.0,684000.0
239,2021-10-12 06:47:40,50900.0,100.0,683500.0
240,2021-10-12 06:45:40,50900.0,100.0,683400.0
241,2021-10-12 06:44:54,51000.0,100.0,683300.0
242,2021-10-12 06:44:26,50900.0,100.0,683200.0
243,2021-10-12 06:43:53,50900.0,1000.0,683100.0
244,2021-10-12 06:42:50,50900.0,500.0,682100.0
245,2021-10-12 06:42:44,50900.0,2700.0,681600.0
246,2021-10-12 06:42:33,50900.0,300.0,678900.0
247,2021-10-12 06:42:22,50900.0,2000.0,678600.0
248,2021-10-12 06:42:17,50900.0,100.0,676600.0
249,2021-10-12 06:42:17,50900.0,2900.0,676500.0
250,2021-10-12 06:41:56,50900.0,100.0,673600.0
251,2021-10-12 06:41:49,50900.0,100.0,673500.0
252,2021-10-12 06:41:49,50900.0,1400.0,673400.0
253,2021-10-12 06:41:49,50900.0,2600.0,672000.0
254,2021-10-12 06:41:49,50900.0,400.0,669400.0
255,2021-10-12 06:40:51,50900.0,100.0,669000.0
256,2021-10-12 06:40:40,50900.0,100.0,668900.0
257,2021-10-12 06:40:04,50900.0,4000.0,668800.0
258,2021-10-12 06:40:04,50900.0,500.0,664800.0
259,2021-10-12 06:39:36,50900.0,1700.0,664300.0
260,2021-10-12 06:39:04,50900.0,500.0,662600.0
261,2021-10-12 06:39:04,50900.0,2800.0,662100.0
262,2021-10-12 06:37:54,50800.0,1000.0,659300.0
263,2021-10-12 06:37:44,50800.0,2000.0,658300.0
264,2021-10-12 06:37:31,50800.0,100.0,656300.0
265,2021-10-12 06:37:26,50800.0,100.0,656200.0
266,2021-10-12 06:37:24,50800.0,1200.0,656100.0
267,2021-10-12 06:35:59,50800.0,300.0,654900.0
268,2021-10-12 06:35:59,50800.0,200.0,654600.0
269,2021-10-12 06:35:53,50800.0,300.0,654400.0
270,2021-10-12 06:35:51,50800.0,800.0,654100.0
271,2021-10-12 06:35:45,50800.0,100.0,653300.0
272,2021-10-12 06:35:45,50800.0,4500.0,653200.0
273,2021-10-12 06:35:44,50900.0,1600.0,648700.0
274,2021-10-12 06:35:44,50900.0,100.0,647100.0
275,2021-10-12 06:34:54,50800.0,100.0,647000.0
276,2021-10-12 06:33:44,50800.0,100.0,646900.0
277,2021-10-12 06:32:48,50800.0,100.0,646800.0
278,2021-10-12 06:31:51,50800.0,5000.0,646700.0
279,2021-10-12 06:31:10,50800.0,200.0,641700.0
280,2021-10-12 06:31:10,50800.0,1000.0,641500.0
281,2021-10-12 06:31:10,50800.0,3000.0,640500.0
282,2021-10-12 06:31:10,50800.0,100.0,637500.0
283,2021-10-12 06:31:10,50800.0,1700.0,637400.0
284,2021-10-12 06:29:46,50800.0,500.0,635700.0
285,2021-10-12 06:29:46,50800.0,300.0,635200.0
286,2021-10-12 06:29:46,50800.0,300.0,634900.0
287,2021-10-12 06:29:46,50800.0,200.0,634600.0
288,2021-10-12 06:29:45,50800.0,200.0,634400.0
289,2021-10-12 06:28:45,50800.0,1000.0,634200.0
290,2021-10-12 06:27:41,50800.0,100.0,633200.0
291,2021-10-12 06:27:32,50800.0,300.0,633100.0
292,2021-10-12 06:27:27,50800.0,700.0,632800.0
293,2021-10-12 06:27:27,50800.0,100.0,632100.0
294,2021-10-12 06:27:27,50800.0,200.0,632000.0
295,2021-10-12 06:26:42,50800.0,100.0,631800.0
296,2021-10-12 06:26:42,50800.0,1000.0,631700.0
297,2021-10-12 06:26:42,50800.0,200.0,630700.0
298,2021-10-12 06:26:40,50700.0,500.0,630500.0
299,2021-10-12 06:25:38,50700.0,1000.0,630000.0
300,2021-10-12 06:24:33,50600.0,200.0,629000.0
301,2021-10-12 06:24:33,50600.0,100.0,628800.0
302,2021-10-12 06:23:27,50600.0,700.0,628700.0
303,2021-10-12 06:23:16,50600.0,800.0,628000.0
304,2021-10-12 06:23:16,50600.0,200.0,627200.0
305,2021-10-12 06:23:16,50600.0,100.0,627000.0
306,2021-10-12 06:23:16,50600.0,100.0,626900.0
307,2021-10-12 06:23:16,50600.0,200.0,626800.0
308,2021-10-12 06:23:16,50600.0,100.0,626600.0
309,2021-10-12 06:23:16,50600.0,1000.0,626500.0
310,2021-10-12 06:23:16,50600.0,100.0,625500.0
311,2021-10-12 06:23:16,50600.0,100.0,625400.0
312,2021-10-12 06:23:16,50600.0,1300.0,625300.0
313,2021-10-12 06:23:16,50700.0,100.0,624000.0
314,2021-10-12 06:23:16,50700.0,100.0,623900.0
315,2021-10-12 06:23:16,50700.0,4100.0,623800.0
316,2021-10-12 06:23:01,50800.0,800.0,619700.0
317,2021-10-12 06:23:01,50800.0,200.0,618900.0
318,2021-10-12 06:22:55,50700.0,900.0,618700.0
319,2021-10-12 06:22:55,50700.0,100.0,617800.0
320,2021-10-12 06:22:52,50800.0,100.0,617700.0
321,2021-10-12 06:22:25,50800.0,100.0,617600.0
322,2021-10-12 06:22:10,50800.0,100.0,617500.0
323,2021-10-12 06:21:25,50800.0,1900.0,617400.0
324,2021-10-12 06:21:13,50600.0,200.0,615500.0
325,2021-10-12 06:20:50,50600.0,4500.0,615300.0
326,2021-10-12 06:20:50,50600.0,400.0,610800.0
327,2021-10-12 06:20:50,50600.0,100.0,610400.0
328,2021-10-12 06:20:50,50600.0,100.0,610300.0
329,2021-10-12 06:20:50,50600.0,300.0,610200.0
330,2021-10-12 06:20:50,50600.0,700.0,609900.0
331,2021-10-12 06:20:50,50600.0,600.0,609200.0
332,2021-10-12 06:20:50,50700.0,100.0,608600.0
333,2021-10-12 06:20:50,50700.0,800.0,608500.0
334,2021-10-12 06:20:50,50700.0,100.0,607700.0
335,2021-10-12 06:20:50,50700.0,2000.0,607600.0
336,2021-10-12 06:20:50,50700.0,100.0,605600.0
337,2021-10-12 06:20:50,50700.0,100.0,605500.0
338,2021-10-12 06:20:50,50700.0,100.0,605400.0
339,2021-10-12 06:19:59,50700.0,100.0,605300.0
340,2021-10-12 06:19:59,50700.0,100.0,605200.0
341,2021-10-12 06:19:48,50800.0,200.0,605100.0
342,2021-10-12 06:19:41,50800.0,100.0,604900.0
343,2021-10-12 06:19:40,50800.0,100.0,604800.0
344,2021-10-12 06:19:40,50800.0,500.0,604700.0
345,2021-10-12 06:19:40,50800.0,1200.0,604200.0
346,2021-10-12 06:19:40,50800.0,100.0,603000.0
347,2021-10-12 06:19:00,50800.0,500.0,602900.0
348,2021-10-12 06:18:49,50800.0,100.0,602400.0
349,2021-10-12 06:18:49,50800.0,100.0,602300.0
350,2021-10-12 06:18:42,50800.0,100.0,602200.0
351,2021-10-12 06:18:27,50800.0,100.0,602100.0
352,2021-10-12 06:18:03,50800.0,100.0,602000.0
353,2021-10-12 06:18:03,50900.0,100.0,601900.0
354,2021-10-12 06:18:03,50900.0,500.0,601800.0
355,2021-10-12 06:18:03,50900.0,100.0,601300.0
356,2021-10-12 06:18:03,50900.0,100.0,601200.0
357,2021-10-12 06:18:03,50900.0,100.0,601100.0
358,2021-10-12 06:17:30,50900.0,400.0,601000.0
359,2021-10-12 06:17:30,50900.0,100.0,600600.0
360,2021-10-12 06:17:23,51000.0,100.0,600500.0
361,2021-10-12 06:17:11,51000.0,500.0,600400.0
362,2021-10-12 06:17:03,51000.0,400.0,599900.0
363,2021-10-12 06:17:03,51000.0,100.0,599500.0
364,2021-10-12 06:16:50,51000.0,2000.0,599400.0
365,2021-10-12 06:16:50,51000.0,3300.0,597400.0
366,2021-10-12 06:16:50,51000.0,100.0,594100.0
367,2021-10-12 06:16:50,51000.0,100.0,594000.0
368,2021-10-12 06:16:45,51000.0,100.0,593900.0
369,2021-10-12 06:16:30,51100.0,300.0,593800.0
370,2021-10-12 06:16:30,51100.0,100.0,593500.0
371,2021-10-12 06:16:30,51100.0,200.0,593400.0
372,2021-10-12 06:16:18,51200.0,500.0,593200.0
373,2021-10-12 06:16:18,51200.0,100.0,592700.0
374,2021-10-12 06:16:03,51200.0,100.0,592600.0
375,2021-10-12 06:15:50,51200.0,100.0,592500.0
376,2021-10-12 06:15:45,51200.0,100.0,592400.0
377,2021-10-12 06:15:45,51200.0,400.0,592300.0
378,2021-10-12 06:15:16,51300.0,100.0,591900.0
379,2021-10-12 06:15:06,51300.0,1000.0,591800.0
380,2021-10-12 06:14:44,51300.0,100.0,590800.0
381,2021-10-12 06:14:44,51300.0,200.0,590700.0
382,2021-10-12 06:14:44,51300.0,1000.0,590500.0
383,2021-10-12 06:14:44,51300.0,1800.0,589500.0
384,2021-10-12 06:14:44,51300.0,300.0,587700.0
385,2021-10-12 06:14:44,51400.0,4000.0,587400.0
386,2021-10-12 06:14:10,51300.0,100.0,583400.0
387,2021-10-12 06:13:56,51300.0,600.0,583300.0
388,2021-10-12 06:13:56,51300.0,2400.0,582700.0
389,2021-10-12 06:13:53,51400.0,1000.0,580300.0
390,2021-10-12 06:13:41,51300.0,100.0,579300.0
391,2021-10-12 06:13:41,51300.0,200.0,579200.0
392,2021-10-12 06:13:41,51300.0,100.0,579000.0
393,2021-10-12 06:13:41,51300.0,1000.0,578900.0
394,2021-10-12 06:13:36,51300.0,3000.0,577900.0
395,2021-10-12 06:13:35,51300.0,300.0,574900.0
396,2021-10-12 06:13:29,51300.0,600.0,574600.0
397,2021-10-12 06:13:29,51300.0,1400.0,574000.0
398,2021-10-12 06:13:22,51300.0,1000.0,572600.0
399,2021-10-12 06:13:21,51300.0,1200.0,571600.0
400,2021-10-12 06:13:09,51300.0,500.0,570400.0
401,2021-10-12 06:13:02,51300.0,500.0,569900.0
402,2021-10-12 06:12:49,51300.0,400.0,569400.0
403,2021-10-12 06:12:49,51300.0,100.0,569000.0
404,2021-10-12 06:12:46,51200.0,500.0,568900.0
405,2021-10-12 06:12:40,51200.0,200.0,568400.0
406,2021-10-12 06:12:40,51200.0,4000.0,568200.0
407,2021-10-12 06:12:35,51200.0,300.0,564200.0
408,2021-10-12 06:12:25,51200.0,500.0,563900.0
409,2021-10-12 06:11:24,51100.0,2100.0,563400.0
410,2021-10-12 06:11:16,51100.0,600.0,561300.0
411,2021-10-12 06:11:14,51100.0,100.0,560700.0
412,2021-10-12 06:11:11,51100.0,2200.0,560600.0
413,2021-10-12 06:11:11,51100.0,400.0,558400.0
414,2021-10-12 06:11:11,51100.0,400.0,558000.0
415,2021-10-12 06:11:10,51100.0,1000.0,557600.0
416,2021-10-12 06:11:09,51100.0,100.0,556600.0
417,2021-10-12 06:11:09,51100.0,1000.0,556500.0
418,2021-10-12 06:11:08,51100.0,500.0,555500.0
419,2021-10-12 06:11:07,51100.0,1000.0,555000.0
420,2021-10-12 06:11:05,51100.0,500.0,554000.0
421,2021-10-12 06:10:58,51100.0,500.0,553500.0
422,2021-10-12 06:10:50,51100.0,500.0,553000.0
423,2021-10-12 06:10:40,51100.0,500.0,552500.0
424,2021-10-12 06:10:40,51100.0,500.0,552000.0
425,2021-10-12 06:10:33,51100.0,4000.0,551500.0
426,2021-10-12 06:10:24,51000.0,300.0,547500.0
427,2021-10-12 06:10:21,51000.0,2000.0,547200.0
428,2021-10-12 06:10:11,51000.0,400.0,545200.0
429,2021-10-12 06:10:10,51000.0,2300.0,544800.0
430,2021-10-12 06:10:08,51100.0,500.0,542500.0
431,2021-10-12 06:09:51,51000.0,100.0,542000.0
432,2021-10-12 06:09:51,51000.0,500.0,541900.0
433,2021-10-12 06:09:51,51000.0,100.0,541400.0
434,2021-10-12 06:09:51,51000.0,500.0,541300.0
435,2021-10-12 06:09:51,51000.0,100.0,540800.0
436,2021-10-12 06:09:51,51000.0,5000.0,540700.0
437,2021-10-12 06:09:51,51000.0,100.0,535700.0
438,2021-10-12 06:09:51,51000.0,400.0,535600.0
439,2021-10-12 06:09:51,51000.0,500.0,535200.0
440,2021-10-12 06:09:51,51000.0,2000.0,534700.0
441,2021-10-12 06:09:51,51000.0,1000.0,532700.0
442,2021-10-12 06:09:51,51000.0,3000.0,531700.0
443,2021-10-12 06:09:51,51000.0,1200.0,528700.0
444,2021-10-12 06:09:44,51000.0,200.0,527500.0
445,2021-10-12 06:09:42,51000.0,600.0,527300.0
446,2021-10-12 06:09:42,51000.0,500.0,526700.0
447,2021-10-12 06:09:28,51000.0,3100.0,526200.0
448,2021-10-12 06:09:28,51000.0,1900.0,523100.0
449,2021-10-12 06:09:24,51000.0,2000.0,521200.0
450,2021-10-12 06:09:09,51000.0,1000.0,519200.0
451,2021-10-12 06:09:05,51000.0,100.0,518200.0
452,2021-10-12 06:09:03,51000.0,100.0,518100.0
453,2021-10-12 06:08:45,51000.0,1000.0,518000.0
454,2021-10-12 06:08:22,51000.0,200.0,517000.0
455,2021-10-12 06:08:20,51000.0,2000.0,516800.0
456,2021-10-12 06:08:19,50900.0,100.0,514800.0
457,2021-10-12 06:07:40,51000.0,1000.0,514700.0
458,2021-10-12 06:07:34,51000.0,700.0,513700.0
459,2021-10-12 06:07:34,51000.0,100.0,513000.0
460,2021-10-12 06:07:34,51000.0,1000.0,512900.0
461,2021-10-12 06:07:34,51000.0,900.0,511900.0
462,2021-10-12 06:07:13,51000.0,100.0,511000.0
463,2021-10-12 06:07:13,51000.0,100.0,510900.0
464,2021-10-12 06:07:07,50900.0,100.0,510800.0
465,2021-10-12 06:07:07,50900.0,100.0,510700.0
466,2021-10-12 06:07:07,50900.0,100.0,510600.0
467,2021-10-12 06:07:07,50900.0,200.0,510500.0
468,2021-10-12 06:06:27,51000.0,900.0,510300.0
469,2021-10-12 06:06:12,51000.0,500.0,509400.0
470,2021-10-12 06:06:12,51000.0,300.0,508900.0
471,2021-10-12 06:06:05,51000.0,100.0,508600.0
472,2021-10-12 06:05:19,51000.0,600.0,508500.0
473,2021-10-12 06:05:19,51000.0,100.0,507900.0
474,2021-10-12 06:05:19,51000.0,100.0,507800.0
475,2021-10-12 06:05:19,51000.0,100.0,507700.0
476,2021-10-12 06:05:19,51000.0,100.0,507600.0
477,2021-10-12 06:05:09,51000.0,500.0,507500.0
478,2021-10-12 06:04:32,51000.0,100.0,507000.0
479,2021-10-12 06:04:32,50900.0,100.0,506900.0
480,2021-10-12 06:04:20,51000.0,1300.0,506800.0
481,2021-10-12 06:04:20,51000.0,200.0,505500.0
482,2021-10-12 06:04:20,51000.0,1000.0,505300.0
483,2021-10-12 06:04:20,51000.0,100.0,504300.0
484,2021-10-12 06:04:20,51000.0,100.0,504200.0
485,2021-10-12 06:04:20,50900.0,1000.0,504100.0
486,2021-10-12 06:04:20,50900.0,1300.0,503100.0
487,2021-10-12 06:04:17,50900.0,800.0,501800.0
488,2021-10-12 06:04:08,50900.0,200.0,501000.0
489,2021-10-12 06:04:01,50900.0,400.0,500800.0
490,2021-10-12 06:03:54,50900.0,300.0,500400.0
491,2021-10-12 06:03:47,50900.0,500.0,500100.0
492,2021-10-12 06:03:38,50900.0,400.0,499600.0
493,2021-10-12 06:03:35,50900.0,100.0,499200.0
494,2021-10-12 06:03:28,50900.0,200.0,499100.0
495,2021-10-12 06:03:27,50900.0,100.0,498900.0
496,2021-10-12 06:03:20,50900.0,100.0,498800.0
497,2021-10-12 06:03:20,50900.0,100.0,498700.0
498,2021-10-12 06:03:20,50900.0,100.0,498600.0
499,2021-10-12 06:03:20,50900.0,100.0,498500.0
500,2021-10-12 06:03:20,50900.0,100.0,498400.0
501,2021-10-12 06:03:20,50900.0,500.0,498300.0
502,2021-10-12 06:02:58,50900.0,100.0,497800.0
503,2021-10-12 06:02:01,50800.0,900.0,497700.0
504,2021-10-12 06:02:01,50800.0,1100.0,496800.0
505,2021-10-12 06:00:38,50800.0,3000.0,495700.0
506,2021-10-12 06:00:38,50800.0,100.0,492700.0
507,2021-10-12 06:00:38,50800.0,500.0,492600.0
508,2021-10-12 06:00:38,50800.0,100.0,492100.0
509,2021-10-12 06:00:38,50800.0,1000.0,492000.0
510,2021-10-12 06:00:38,50800.0,100.0,491000.0
511,2021-10-12 06:00:38,50700.0,3000.0,490900.0
512,2021-10-12 06:00:38,50700.0,400.0,487900.0
513,2021-10-12 06:00:38,50700.0,700.0,487500.0
514,2021-10-12 06:00:37,50700.0,200.0,486800.0
515,2021-10-12 06:00:32,50700.0,100.0,486600.0
516,2021-10-12 06:00:32,50700.0,1900.0,486500.0
517,2021-10-12 06:00:28,50700.0,100.0,484600.0
518,2021-10-12 04:27:18,50600.0,500.0,484500.0
519,2021-10-12 04:27:18,50600.0,400.0,484000.0
520,2021-10-12 04:27:18,50600.0,1000.0,483600.0
521,2021-10-12 04:27:18,50600.0,2000.0,482600.0
522,2021-10-12 04:27:18,50600.0,1100.0,480600.0
523,2021-10-12 04:24:44,50600.0,300.0,479500.0
524,2021-10-12 04:24:05,50700.0,100.0,479200.0
525,2021-10-12 04:23:13,50700.0,2900.0,479100.0
526,2021-10-12 04:23:13,50700.0,100.0,476200.0
527,2021-10-12 04:23:11,50600.0,600.0,476100.0
528,2021-10-12 04:23:11,50600.0,200.0,475500.0
529,2021-10-12 04:23:11,50600.0,1000.0,475300.0
530,2021-10-12 04:23:11,50600.0,200.0,474300.0
531,2021-10-12 04:21:47,50700.0,200.0,474100.0
532,2021-10-12 04:21:47,50700.0,100.0,473900.0
533,2021-10-12 04:21:47,50700.0,400.0,473800.0
534,2021-10-12 04:20:20,50700.0,100.0,473400.0
535,2021-10-12 04:20:18,50600.0,300.0,473300.0
536,2021-10-12 04:20:18,50600.0,300.0,473000.0
537,2021-10-12 04:20:18,50600.0,100.0,472700.0
538,2021-10-12 04:20:18,50600.0,300.0,472600.0
539,2021-10-12 04:20:18,50600.0,200.0,472300.0
540,2021-10-12 04:19:45,50600.0,100.0,472100.0
541,2021-10-12 04:19:02,50700.0,200.0,472000.0
542,2021-10-12 04:18:35,50700.0,200.0,471800.0
543,2021-10-12 04:18:08,50800.0,900.0,471600.0
544,2021-10-12 04:18:08,50800.0,500.0,470700.0
545,2021-10-12 04:18:08,50800.0,100.0,470200.0
546,2021-10-12 04:18:08,50800.0,100.0,470100.0
547,2021-10-12 04:18:08,50800.0,100.0,470000.0
548,2021-10-12 04:18:08,50800.0,200.0,469900.0
549,2021-10-12 04:17:16,50700.0,200.0,469700.0
550,2021-10-12 04:17:16,50700.0,100.0,469500.0
551,2021-10-12 04:17:16,50700.0,1200.0,469400.0
552,2021-10-12 04:17:06,50600.0,100.0,468200.0
553,2021-10-12 04:15:52,50600.0,100.0,468100.0
554,2021-10-12 04:15:20,50700.0,300.0,468000.0
555,2021-10-12 04:15:20,50700.0,400.0,467700.0
556,2021-10-12 04:15:20,50600.0,1000.0,467300.0
557,2021-10-12 04:15:13,50600.0,100.0,466300.0
558,2021-10-12 04:15:13,50600.0,500.0,466200.0
559,2021-10-12 04:14:45,50700.0,1000.0,465700.0
560,2021-10-12 04:13:47,50700.0,2000.0,464700.0
561,2021-10-12 04:13:24,50700.0,500.0,462700.0
562,2021-10-12 04:12:36,50700.0,200.0,462200.0
563,2021-10-12 04:12:22,50700.0,900.0,462000.0
564,2021-10-12 04:12:22,50700.0,100.0,461100.0
565,2021-10-12 04:11:53,50700.0,300.0,461000.0
566,2021-10-12 04:11:53,50700.0,200.0,460700.0
567,2021-10-12 04:10:56,50800.0,800.0,460500.0
568,2021-10-12 04:10:56,50800.0,100.0,459700.0
569,2021-10-12 04:10:56,50800.0,100.0,459600.0
570,2021-10-12 04:10:55,50800.0,300.0,459500.0
571,2021-10-12 04:10:53,50700.0,100.0,459200.0
572,2021-10-12 04:10:46,50700.0,100.0,459100.0
573,2021-10-12 04:10:39,50700.0,5000.0,459000.0
574,2021-10-12 04:10:02,50700.0,100.0,454000.0
575,2021-10-12 04:10:02,50700.0,100.0,453900.0
576,2021-10-12 04:09:54,50700.0,200.0,453800.0
577,2021-10-12 04:09:47,50700.0,200.0,453600.0
578,2021-10-12 04:08:57,50700.0,1000.0,453400.0
579,2021-10-12 04:08:57,50700.0,100.0,452400.0
580,2021-10-12 04:08:46,50800.0,100.0,452300.0
581,2021-10-12 04:08:42,50800.0,300.0,452200.0
582,2021-10-12 04:08:27,50800.0,200.0,451900.0
583,2021-10-12 04:08:18,50700.0,100.0,451700.0
584,2021-10-12 04:07:40,50700.0,3000.0,451600.0
585,2021-10-12 04:07:40,50700.0,1000.0,448600.0
586,2021-10-12 04:07:23,50700.0,1000.0,447600.0
587,2021-10-12 04:07:23,50700.0,1000.0,446600.0
588,2021-10-12 04:07:23,50700.0,100.0,445600.0
589,2021-10-12 04:07:23,50700.0,300.0,445500.0
590,2021-10-12 04:07:23,50600.0,100.0,445200.0
591,2021-10-12 04:07:23,50600.0,500.0,445100.0
592,2021-10-12 04:07:23,50600.0,3000.0,444600.0
593,2021-10-12 04:07:23,50600.0,2000.0,441600.0
594,2021-10-12 04:07:23,50600.0,1000.0,439600.0
595,2021-10-12 04:07:23,50600.0,500.0,438600.0
596,2021-10-12 04:07:14,50500.0,100.0,438100.0
597,2021-10-12 04:07:14,50500.0,100.0,438000.0
598,2021-10-12 04:07:09,50500.0,900.0,437900.0
599,2021-10-12 04:07:04,50500.0,1000.0,437000.0
600,2021-10-12 04:07:01,50500.0,100.0,436000.0
601,2021-10-12 04:06:50,50500.0,100.0,435900.0
602,2021-10-12 04:06:50,50500.0,1300.0,435800.0
603,2021-10-12 04:06:50,50500.0,100.0,434500.0
604,2021-10-12 04:06:48,50500.0,1100.0,434400.0
605,2021-10-12 04:06:40,50500.0,300.0,433300.0
606,2021-10-12 04:06:40,50500.0,100.0,433000.0
607,2021-10-12 04:06:40,50500.0,500.0,432900.0
608,2021-10-12 04:06:40,50500.0,500.0,432400.0
609,2021-10-12 04:06:31,50500.0,400.0,431900.0
610,2021-10-12 04:06:05,50500.0,100.0,431500.0
611,2021-10-12 04:06:05,50500.0,100.0,431400.0
612,2021-10-12 04:06:05,50500.0,100.0,431300.0
613,2021-10-12 04:05:53,50400.0,200.0,431200.0
614,2021-10-12 04:05:53,50400.0,100.0,431000.0
615,2021-10-12 04:05:53,50400.0,100.0,430900.0
616,2021-10-12 04:04:41,50400.0,300.0,430800.0
617,2021-10-12 04:04:41,50400.0,200.0,430500.0
618,2021-10-12 04:04:41,50400.0,1000.0,430300.0
619,2021-10-12 04:04:01,50400.0,900.0,429300.0
620,2021-10-12 04:04:01,50400.0,100.0,428400.0
621,2021-10-12 04:02:44,50300.0,100.0,428300.0
622,2021-10-12 04:02:36,50500.0,200.0,428200.0
623,2021-10-12 04:02:36,50500.0,200.0,428000.0
624,2021-10-12 04:02:36,50400.0,100.0,427800.0
625,2021-10-12 04:02:34,50300.0,200.0,427700.0
626,2021-10-12 04:02:13,50400.0,400.0,427500.0
627,2021-10-12 04:01:35,50400.0,100.0,427100.0
628,2021-10-12 04:01:30,50300.0,500.0,427000.0
629,2021-10-12 04:00:52,50200.0,300.0,426500.0
630,2021-10-12 04:00:05,50200.0,500.0,426200.0
631,2021-10-12 03:59:30,50200.0,3100.0,425700.0
632,2021-10-12 03:59:30,50200.0,1100.0,422600.0
633,2021-10-12 03:59:30,50400.0,1100.0,421500.0
634,2021-10-12 03:59:26,50400.0,900.0,420400.0
635,2021-10-12 03:59:15,50300.0,100.0,419500.0
636,2021-10-12 03:59:15,50300.0,100.0,419400.0
637,2021-10-12 03:59:15,50300.0,100.0,419300.0
638,2021-10-12 03:59:15,50300.0,300.0,419200.0
639,2021-10-12 03:59:05,50300.0,100.0,418900.0
640,2021-10-12 03:59:00,50300.0,300.0,418800.0
641,2021-10-12 03:56:20,50200.0,300.0,418500.0
642,2021-10-12 03:56:03,50200.0,100.0,418200.0
643,2021-10-12 03:54:56,50200.0,500.0,418100.0
644,2021-10-12 03:54:17,50400.0,200.0,417600.0
645,2021-10-12 03:53:38,50400.0,100.0,417400.0
646,2021-10-12 03:49:32,50400.0,200.0,417300.0
647,2021-10-12 03:49:24,50400.0,100.0,417100.0
648,2021-10-12 03:47:12,50400.0,100.0,417000.0
649,2021-10-12 03:47:08,50400.0,1000.0,416900.0
650,2021-10-12 03:46:45,50400.0,100.0,415900.0
651,2021-10-12 03:46:45,50400.0,3000.0,415800.0
652,2021-10-12 03:46:45,50400.0,100.0,412800.0
653,2021-10-12 03:46:10,50500.0,100.0,412700.0
654,2021-10-12 03:46:00,50500.0,100.0,412600.0
655,2021-10-12 03:46:00,50500.0,1500.0,412500.0
656,2021-10-12 03:45:10,50500.0,400.0,411000.0
657,2021-10-12 03:45:10,50500.0,100.0,410600.0
658,2021-10-12 03:44:48,50500.0,2000.0,410500.0
659,2021-10-12 03:44:29,50500.0,700.0,408500.0
660,2021-10-12 03:43:59,50500.0,100.0,407800.0
661,2021-10-12 03:43:59,50500.0,500.0,407700.0
662,2021-10-12 03:43:59,50500.0,500.0,407200.0
663,2021-10-12 03:43:59,50500.0,1100.0,406700.0
664,2021-10-12 03:43:42,50600.0,500.0,405600.0
665,2021-10-12 03:43:42,50600.0,1000.0,405100.0
666,2021-10-12 03:43:42,50600.0,500.0,404100.0
667,2021-10-12 03:42:49,50500.0,500.0,403600.0
668,2021-10-12 03:42:49,50500.0,200.0,403100.0
669,2021-10-12 03:42:49,50500.0,300.0,402900.0
670,2021-10-12 03:42:02,50500.0,100.0,402600.0
671,2021-10-12 03:42:00,50500.0,100.0,402500.0
672,2021-10-12 03:42:00,50500.0,400.0,402400.0
673,2021-10-12 03:41:46,50500.0,100.0,402000.0
674,2021-10-12 03:41:46,50500.0,100.0,401900.0
675,2021-10-12 03:41:46,50500.0,400.0,401800.0
676,2021-10-12 03:41:41,50500.0,500.0,401400.0
677,2021-10-12 03:41:29,50500.0,300.0,400900.0
678,2021-10-12 03:41:17,50500.0,300.0,400600.0
679,2021-10-12 03:40:55,50500.0,600.0,400300.0
680,2021-10-12 03:40:44,50500.0,500.0,399700.0
681,2021-10-12 03:40:36,50700.0,1700.0,399200.0
682,2021-10-12 03:40:36,50700.0,100.0,397500.0
683,2021-10-12 03:40:36,50600.0,200.0,397400.0
684,2021-10-12 03:40:27,50600.0,100.0,397200.0
685,2021-10-12 03:40:08,50600.0,1000.0,397100.0
686,2021-10-12 03:40:08,50600.0,100.0,396100.0
687,2021-10-12 03:40:08,50600.0,600.0,396000.0
688,2021-10-12 03:40:01,50600.0,300.0,395400.0
689,2021-10-12 03:39:53,50800.0,1500.0,395100.0
690,2021-10-12 03:39:53,50700.0,500.0,393600.0
691,2021-10-12 03:39:40,50600.0,100.0,393100.0
692,2021-10-12 03:39:40,50600.0,400.0,393000.0
693,2021-10-12 03:39:18,50600.0,100.0,392600.0
694,2021-10-12 03:38:56,50600.0,500.0,392500.0
695,2021-10-12 03:38:55,50800.0,400.0,392000.0
696,2021-10-12 03:38:55,50800.0,500.0,391600.0
697,2021-10-12 03:38:29,50800.0,200.0,391100.0
698,2021-10-12 03:38:01,50900.0,400.0,390900.0
699,2021-10-12 03:38:01,50900.0,200.0,390500.0
700,2021-10-12 03:38:01,50900.0,1000.0,390300.0
701,2021-10-12 03:38:01,50900.0,200.0,389300.0
702,2021-10-12 03:38:01,50800.0,200.0,389100.0
703,2021-10-12 03:37:54,50800.0,800.0,388900.0
704,2021-10-12 03:37:53,50800.0,2000.0,388100.0
705,2021-10-12 03:37:44,50800.0,200.0,386100.0
706,2021-10-12 03:37:18,50800.0,300.0,385900.0
707,2021-10-12 03:37:17,50800.0,200.0,385600.0
708,2021-10-12 03:37:17,50800.0,300.0,385400.0
709,2021-10-12 03:37:16,50900.0,800.0,385100.0
710,2021-10-12 03:37:16,50900.0,100.0,384300.0
711,2021-10-12 03:37:16,50900.0,200.0,384200.0
712,2021-10-12 03:37:15,50800.0,200.0,384000.0
713,2021-10-12 03:37:07,50800.0,100.0,383800.0
714,2021-10-12 03:37:06,50800.0,200.0,383700.0
715,2021-10-12 03:37:06,50800.0,100.0,383500.0
716,2021-10-12 03:37:06,50800.0,100.0,383400.0
717,2021-10-12 03:37:06,50800.0,600.0,383300.0
718,2021-10-12 03:37:01,50800.0,200.0,382700.0
719,2021-10-12 03:36:58,50800.0,200.0,382500.0
720,2021-10-12 03:36:56,50800.0,1000.0,382300.0
721,2021-10-12 03:36:34,50800.0,700.0,381300.0
722,2021-10-12 03:36:34,50800.0,300.0,380600.0
723,2021-10-12 03:36:25,50900.0,300.0,380300.0
724,2021-10-12 03:36:25,50900.0,700.0,380000.0
725,2021-10-12 03:36:21,50900.0,100.0,379300.0
726,2021-10-12 03:36:17,50900.0,200.0,379200.0
727,2021-10-12 03:36:15,50900.0,300.0,379000.0
728,2021-10-12 03:36:15,50900.0,500.0,378700.0
729,2021-10-12 03:36:15,50900.0,1200.0,378200.0
730,2021-10-12 03:36:14,51000.0,100.0,377000.0
731,2021-10-12 03:36:14,51000.0,500.0,376900.0
732,2021-10-12 03:36:14,51000.0,100.0,376400.0
733,2021-10-12 03:36:14,51000.0,100.0,376300.0
734,2021-10-12 03:36:14,51000.0,1000.0,376200.0
735,2021-10-12 03:36:14,51000.0,100.0,375200.0
736,2021-10-12 03:36:14,51000.0,300.0,375100.0
737,2021-10-12 03:36:14,51000.0,200.0,374800.0
738,2021-10-12 03:36:14,51000.0,500.0,374600.0
739,2021-10-12 03:36:14,51000.0,500.0,374100.0
740,2021-10-12 03:36:14,51000.0,500.0,373600.0
741,2021-10-12 03:36:14,51000.0,100.0,373100.0
742,2021-10-12 03:36:12,50900.0,200.0,373000.0
743,2021-10-12 03:36:00,50900.0,600.0,372800.0
744,2021-10-12 03:36:00,50900.0,400.0,372200.0
745,2021-10-12 03:35:55,50900.0,1000.0,371800.0
746,2021-10-12 03:35:40,50900.0,300.0,370800.0
747,2021-10-12 03:35:36,50900.0,200.0,370500.0
748,2021-10-12 03:35:31,51000.0,100.0,370300.0
749,2021-10-12 03:35:31,51000.0,100.0,370200.0
750,2021-10-12 03:35:31,51000.0,100.0,370100.0
751,2021-10-12 03:35:31,51000.0,100.0,370000.0
752,2021-10-12 03:35:31,51000.0,200.0,369900.0
753,2021-10-12 03:35:29,51000.0,200.0,369700.0
754,2021-10-12 03:35:28,50900.0,100.0,369500.0
755,2021-10-12 03:35:28,50900.0,1900.0,369400.0
756,2021-10-12 03:35:26,50900.0,100.0,367500.0
757,2021-10-12 03:35:26,50900.0,2500.0,367400.0
758,2021-10-12 03:35:23,51000.0,1000.0,364900.0
759,2021-10-12 03:35:22,51000.0,1000.0,363900.0
760,2021-10-12 03:35:20,51000.0,800.0,362900.0
761,2021-10-12 03:35:20,51000.0,100.0,362100.0
762,2021-10-12 03:35:12,51000.0,800.0,362000.0
763,2021-10-12 03:35:11,51000.0,1000.0,361200.0
764,2021-10-12 03:35:07,51000.0,500.0,360200.0
765,2021-10-12 03:35:06,51000.0,300.0,359700.0
766,2021-10-12 03:35:04,51000.0,300.0,359400.0
767,2021-10-12 03:34:59,51000.0,100.0,359100.0
768,2021-10-12 03:34:49,51000.0,500.0,359000.0
769,2021-10-12 03:34:44,51000.0,500.0,358500.0
770,2021-10-12 03:34:33,51000.0,100.0,358000.0
771,2021-10-12 03:34:33,50900.0,100.0,357900.0
772,2021-10-12 03:34:31,50900.0,300.0,357800.0
773,2021-10-12 03:34:27,50900.0,200.0,357500.0
774,2021-10-12 03:33:53,50900.0,200.0,357300.0
775,2021-10-12 03:33:53,50900.0,1700.0,357100.0
776,2021-10-12 03:33:53,50900.0,500.0,355400.0
777,2021-10-12 03:33:47,50900.0,100.0,354900.0
778,2021-10-12 03:33:46,50900.0,2200.0,354800.0
779,2021-10-12 03:33:43,50900.0,100.0,352600.0
780,2021-10-12 03:33:41,50900.0,400.0,352500.0
781,2021-10-12 03:33:41,50900.0,100.0,352100.0
782,2021-10-12 03:33:36,50800.0,1000.0,352000.0
783,2021-10-12 03:33:36,50800.0,1000.0,351000.0
784,2021-10-12 03:33:35,50800.0,100.0,350000.0
785,2021-10-12 03:33:26,50800.0,400.0,349900.0
786,2021-10-12 03:33:26,50800.0,1200.0,349500.0
787,2021-10-12 03:33:22,50800.0,800.0,348300.0
788,2021-10-12 03:33:20,50800.0,200.0,347500.0
789,2021-10-12 03:33:20,50800.0,100.0,347300.0
790,2021-10-12 03:33:20,50800.0,1200.0,347200.0
791,2021-10-12 03:33:20,50800.0,500.0,346000.0
792,2021-10-12 03:33:18,50800.0,100.0,345500.0
793,2021-10-12 03:33:17,50800.0,100.0,345400.0
794,2021-10-12 03:33:16,50800.0,100.0,345300.0
795,2021-10-12 03:33:16,50800.0,1000.0,345200.0
796,2021-10-12 03:33:15,50800.0,2000.0,344200.0
797,2021-10-12 03:33:15,50800.0,100.0,342200.0
798,2021-10-12 03:33:15,50800.0,200.0,342100.0
799,2021-10-12 03:33:15,50800.0,1600.0,341900.0
800,2021-10-12 03:33:13,50800.0,400.0,340300.0
801,2021-10-12 03:33:11,50800.0,1800.0,339900.0
802,2021-10-12 03:33:11,50800.0,100.0,338100.0
803,2021-10-12 03:33:10,50800.0,2600.0,338000.0
804,2021-10-12 03:33:06,50800.0,100.0,335400.0
805,2021-10-12 03:32:59,50800.0,400.0,335300.0
806,2021-10-12 03:32:58,50700.0,400.0,334900.0
807,2021-10-12 03:32:58,50700.0,500.0,334500.0
808,2021-10-12 03:32:58,50700.0,2100.0,334000.0
809,2021-10-12 03:32:53,50700.0,400.0,331900.0
810,2021-10-12 03:32:53,50700.0,2500.0,331500.0
811,2021-10-12 03:32:49,50700.0,300.0,329000.0
812,2021-10-12 03:32:49,50700.0,700.0,328700.0
813,2021-10-12 03:32:47,50700.0,100.0,328000.0
814,2021-10-12 03:32:44,50700.0,500.0,327900.0
815,2021-10-12 03:32:40,50700.0,100.0,327400.0
816,2021-10-12 03:32:38,50700.0,800.0,327300.0
817,2021-10-12 03:32:24,50600.0,700.0,326500.0
818,2021-10-12 03:32:24,50600.0,1000.0,325800.0
819,2021-10-12 03:32:24,50600.0,100.0,324800.0
820,2021-10-12 03:32:24,50600.0,200.0,324700.0
821,2021-10-12 03:32:24,50600.0,100.0,324500.0
822,2021-10-12 03:32:24,50600.0,3700.0,324400.0
823,2021-10-12 03:32:18,50600.0,1000.0,320700.0
824,2021-10-12 03:32:10,50500.0,100.0,319700.0
825,2021-10-12 03:32:09,50600.0,300.0,319600.0
826,2021-10-12 03:32:06,50500.0,1000.0,319300.0
827,2021-10-12 03:32:04,50500.0,100.0,318300.0
828,2021-10-12 03:32:04,50500.0,1200.0,318200.0
829,2021-10-12 03:31:58,50400.0,200.0,317000.0
830,2021-10-12 03:31:57,50400.0,500.0,316800.0
831,2021-10-12 03:31:54,50400.0,300.0,316300.0
832,2021-10-12 03:31:53,50500.0,3200.0,316000.0
833,2021-10-12 03:31:51,50500.0,600.0,312800.0
834,2021-10-12 03:31:51,50400.0,400.0,312200.0
835,2021-10-12 03:31:51,50400.0,200.0,311800.0
836,2021-10-12 03:31:51,50400.0,500.0,311600.0
837,2021-10-12 03:31:49,50400.0,200.0,311100.0
838,2021-10-12 03:31:49,50400.0,1000.0,310900.0
839,2021-10-12 03:31:48,50400.0,100.0,309900.0
840,2021-10-12 03:31:46,50400.0,200.0,309800.0
841,2021-10-12 03:31:35,50400.0,3000.0,309600.0
842,2021-10-12 03:31:31,50300.0,1000.0,306600.0
843,2021-10-12 03:31:25,50300.0,2000.0,305600.0
844,2021-10-12 03:31:22,50300.0,2000.0,303600.0
845,2021-10-12 03:31:15,50200.0,1000.0,301600.0
846,2021-10-12 03:31:04,50200.0,800.0,300600.0
847,2021-10-12 03:31:04,50200.0,200.0,299800.0
848,2021-10-12 03:31:01,50200.0,100.0,299600.0
849,2021-10-12 03:30:58,50200.0,400.0,299500.0
850,2021-10-12 03:30:58,50200.0,100.0,299100.0
851,2021-10-12 03:30:57,50200.0,500.0,299000.0
852,2021-10-12 03:30:55,50200.0,400.0,298500.0
853,2021-10-12 03:30:52,50200.0,1000.0,298100.0
854,2021-10-12 03:30:50,50200.0,500.0,297100.0
855,2021-10-12 03:30:49,50200.0,1000.0,296600.0
856,2021-10-12 03:30:47,50200.0,1300.0,295600.0
857,2021-10-12 03:30:44,50200.0,200.0,294300.0
858,2021-10-12 03:30:31,50100.0,100.0,294100.0
859,2021-10-12 03:30:29,50100.0,2000.0,294000.0
860,2021-10-12 03:30:29,50100.0,500.0,292000.0
861,2021-10-12 03:30:25,50100.0,200.0,291500.0
862,2021-10-12 03:30:24,50100.0,200.0,291300.0
863,2021-10-12 03:30:22,50100.0,500.0,291100.0
864,2021-10-12 03:30:18,50100.0,1500.0,290600.0
865,2021-10-12 03:29:57,50000.0,100.0,289100.0
866,2021-10-12 03:29:57,50000.0,300.0,289000.0
867,2021-10-12 03:29:56,50000.0,200.0,288700.0
868,2021-10-12 03:29:56,50000.0,300.0,288500.0
869,2021-10-12 03:29:54,50000.0,200.0,288200.0
870,2021-10-12 03:29:54,50000.0,2000.0,288000.0
871,2021-10-12 03:29:54,50000.0,300.0,286000.0
872,2021-10-12 03:29:54,50000.0,100.0,285700.0
873,2021-10-12 03:29:54,50000.0,200.0,285600.0
874,2021-10-12 03:29:54,50000.0,1500.0,285400.0
875,2021-10-12 03:29:54,50000.0,300.0,283900.0
876,2021-10-12 03:29:54,50000.0,100.0,283600.0
877,2021-10-12 03:29:54,50000.0,100.0,283500.0
878,2021-10-12 03:29:54,50000.0,100.0,283400.0
879,2021-10-12 03:29:54,50000.0,1000.0,283300.0
880,2021-10-12 03:29:54,50000.0,100.0,282300.0
881,2021-10-12 03:29:54,50000.0,100.0,282200.0
882,2021-10-12 03:29:54,50000.0,500.0,282100.0
883,2021-10-12 03:29:54,50000.0,2100.0,281600.0
884,2021-10-12 03:29:51,50000.0,1000.0,279500.0
885,2021-10-12 03:29:31,49900.0,1000.0,278500.0
886,2021-10-12 03:29:31,49900.0,500.0,277500.0
887,2021-10-12 03:28:59,49800.0,1900.0,277000.0
888,2021-10-12 03:28:48,49800.0,3000.0,275100.0
889,2021-10-12 03:28:24,49800.0,2000.0,272100.0
890,2021-10-12 03:28:23,49800.0,3000.0,270100.0
891,2021-10-12 03:28:13,49800.0,100.0,267100.0
892,2021-10-12 03:27:22,49900.0,1000.0,267000.0
893,2021-10-12 03:27:22,49900.0,200.0,266000.0
894,2021-10-12 03:27:22,49900.0,1000.0,265800.0
895,2021-10-12 03:27:22,49900.0,1000.0,264800.0
896,2021-10-12 03:27:22,49800.0,1800.0,263800.0
897,2021-10-12 03:27:15,49800.0,2000.0,262000.0
898,2021-10-12 03:27:15,49700.0,1000.0,260000.0
899,2021-10-12 03:25:40,49700.0,100.0,259000.0
900,2021-10-12 03:25:40,49700.0,5000.0,258900.0
901,2021-10-12 03:25:40,49700.0,1000.0,253900.0
902,2021-10-12 03:25:40,49700.0,300.0,252900.0
903,2021-10-12 03:25:07,49700.0,1400.0,252600.0
904,2021-10-12 03:25:02,49600.0,2000.0,251200.0
905,2021-10-12 03:24:44,49600.0,500.0,249200.0
906,2021-10-12 03:24:44,49600.0,300.0,248700.0
907,2021-10-12 03:24:44,49600.0,100.0,248400.0
908,2021-10-12 03:24:44,49600.0,1000.0,248300.0
909,2021-10-12 03:24:44,49600.0,1100.0,247300.0
910,2021-10-12 03:24:40,49600.0,300.0,246200.0
911,2021-10-12 03:24:17,49600.0,600.0,245900.0
912,2021-10-12 03:24:02,49500.0,500.0,245300.0
913,2021-10-12 03:24:02,49500.0,1000.0,244800.0
914,2021-10-12 03:24:02,49500.0,100.0,243800.0
915,2021-10-12 03:23:54,49500.0,1000.0,243700.0
916,2021-10-12 03:23:44,49500.0,200.0,242700.0
917,2021-10-12 03:23:09,49450.0,300.0,242500.0
918,2021-10-12 03:23:09,49450.0,400.0,242200.0
919,2021-10-12 03:22:57,49450.0,300.0,241800.0
920,2021-10-12 03:22:48,49450.0,100.0,241500.0
921,2021-10-12 03:22:20,49450.0,1000.0,241400.0
922,2021-10-12 03:22:16,49450.0,700.0,240400.0
923,2021-10-12 03:21:46,49450.0,200.0,239700.0
924,2021-10-12 03:21:45,49300.0,1000.0,239500.0
925,2021-10-12 03:21:41,49450.0,1300.0,238500.0
926,2021-10-12 03:21:31,49450.0,300.0,237200.0
927,2021-10-12 03:21:11,49250.0,200.0,236900.0
928,2021-10-12 03:20:51,49250.0,100.0,236700.0
929,2021-10-12 03:20:47,49200.0,400.0,236600.0
930,2021-10-12 03:20:47,49200.0,3400.0,236200.0
931,2021-10-12 03:20:42,49200.0,400.0,232800.0
932,2021-10-12 03:20:24,49200.0,100.0,232400.0
933,2021-10-12 03:20:21,49200.0,1000.0,232300.0
934,2021-10-12 03:20:08,49200.0,200.0,231300.0
935,2021-10-12 03:19:42,49200.0,1000.0,231100.0
936,2021-10-12 03:19:41,49200.0,200.0,230100.0
937,2021-10-12 03:19:41,49200.0,100.0,229900.0
938,2021-10-12 03:19:36,49200.0,200.0,229800.0
939,2021-10-12 03:18:30,49200.0,100.0,229600.0
940,2021-10-12 03:18:19,49200.0,1300.0,229500.0
941,2021-10-12 03:18:19,49200.0,500.0,228200.0
942,2021-10-12 03:18:19,49200.0,200.0,227700.0
943,2021-10-12 03:18:02,49200.0,200.0,227500.0
944,2021-10-12 03:18:02,49200.0,100.0,227300.0
945,2021-10-12 03:17:51,49250.0,100.0,227200.0
946,2021-10-12 03:17:51,49250.0,800.0,227100.0
947,2021-10-12 03:17:33,49250.0,300.0,226300.0
948,2021-10-12 03:17:18,49250.0,600.0,226000.0
949,2021-10-12 03:16:49,49300.0,700.0,225400.0
950,2021-10-12 03:16:09,49300.0,300.0,224700.0
951,2021-10-12 03:15:23,49300.0,600.0,224400.0
952,2021-10-12 03:15:23,49300.0,600.0,223800.0
953,2021-10-12 03:15:23,49300.0,300.0,223200.0
954,2021-10-12 03:15:23,49300.0,1700.0,222900.0
955,2021-10-12 03:15:18,49450.0,100.0,221200.0
956,2021-10-12 03:15:01,49450.0,1000.0,221100.0
957,2021-10-12 03:15:01,49450.0,200.0,220100.0
958,2021-10-12 03:12:25,49500.0,100.0,219900.0
959,2021-10-12 03:12:20,49500.0,400.0,219800.0
960,2021-10-12 03:12:07,49500.0,200.0,219400.0
961,2021-10-12 03:12:07,49500.0,300.0,219200.0
962,2021-10-12 03:11:40,49500.0,300.0,218900.0
963,2021-10-12 03:11:21,49500.0,100.0,218600.0
964,2021-10-12 03:11:12,49500.0,300.0,218500.0
965,2021-10-12 03:10:58,49500.0,1000.0,218200.0
966,2021-10-12 03:10:35,49500.0,500.0,217200.0
967,2021-10-12 03:10:27,49500.0,300.0,216700.0
968,2021-10-12 03:10:18,49500.0,200.0,216400.0
969,2021-10-12 03:10:14,49500.0,200.0,216200.0
970,2021-10-12 03:10:14,49500.0,500.0,216000.0
971,2021-10-12 03:09:52,49500.0,100.0,215500.0
972,2021-10-12 03:09:52,49500.0,200.0,215400.0
973,2021-10-12 03:09:30,49450.0,1100.0,215200.0
974,2021-10-12 03:08:51,49400.0,500.0,214100.0
975,2021-10-12 03:08:51,49350.0,1000.0,213600.0
976,2021-10-12 03:08:46,49300.0,300.0,212600.0
977,2021-10-12 03:08:46,49300.0,1100.0,212300.0
978,2021-10-12 03:08:25,49300.0,200.0,211200.0
979,2021-10-12 03:08:05,49300.0,200.0,211000.0
980,2021-10-12 03:08:04,49250.0,300.0,210800.0
981,2021-10-12 03:08:04,49300.0,100.0,210500.0
982,2021-10-12 03:08:04,49300.0,200.0,210400.0
983,2021-10-12 03:07:26,49300.0,100.0,210200.0
984,2021-10-12 03:07:25,49300.0,1900.0,210100.0
985,2021-10-12 03:07:20,49300.0,100.0,208200.0
986,2021-10-12 03:07:15,49300.0,100.0,208100.0
987,2021-10-12 03:06:27,49350.0,200.0,208000.0
988,2021-10-12 03:06:09,49350.0,100.0,207800.0
989,2021-10-12 03:05:46,49200.0,200.0,207700.0
990,2021-10-12 03:05:45,49200.0,800.0,207500.0
991,2021-10-12 03:05:10,49200.0,200.0,206700.0
992,2021-10-12 03:05:05,49200.0,700.0,206500.0
993,2021-10-12 03:05:05,49200.0,100.0,205800.0
994,2021-10-12 03:05:05,49200.0,100.0,205700.0
995,2021-10-12 03:05:05,49200.0,500.0,205600.0
996,2021-10-12 03:04:58,49200.0,500.0,205100.0
997,2021-10-12 03:04:58,49200.0,100.0,204600.0
998,2021-10-12 03:04:58,49200.0,400.0,204500.0
999,2021-10-12 03:04:30,49200.0,100.0,204100.0
1000,2021-10-12 03:04:00,49200.0,900.0,204000.0
1001,2021-10-12 03:04:00,49200.0,1200.0,203100.0
1002,2021-10-12 03:04:00,49200.0,100.0,201900.0
1003,2021-10-12 03:04:00,49200.0,1000.0,201800.0
1004,2021-10-12 03:04:00,49200.0,100.0,200800.0
1005,2021-10-12 03:04:00,49200.0,200.0,200700.0
1006,2021-10-12 03:04:00,49200.0,100.0,200500.0
1007,2021-10-12 03:04:00,49200.0,200.0,200400.0
1008,2021-10-12 03:04:00,49200.0,200.0,200200.0
1009,2021-10-12 03:04:00,49200.0,500.0,200000.0
1010,2021-10-12 03:04:00,49200.0,400.0,199500.0
1011,2021-10-12 03:03:38,49300.0,500.0,199100.0
1012,2021-10-12 03:03:38,49300.0,1000.0,198600.0
1013,2021-10-12 03:03:38,49300.0,100.0,197600.0
1014,2021-10-12 03:03:15,49300.0,100.0,197500.0
1015,2021-10-12 03:03:15,49300.0,100.0,197400.0
1016,2021-10-12 03:03:15,49300.0,400.0,197300.0
1017,2021-10-12 03:02:27,49300.0,600.0,196900.0
1018,2021-10-12 03:02:08,49300.0,100.0,196300.0
1019,2021-10-12 03:02:08,49300.0,100.0,196200.0
1020,2021-10-12 03:02:08,49300.0,100.0,196100.0
1021,2021-10-12 03:01:55,49350.0,200.0,196000.0
1022,2021-10-12 03:01:49,49300.0,200.0,195800.0
1023,2021-10-12 03:01:32,49350.0,200.0,195600.0
1024,2021-10-12 03:00:01,49300.0,1000.0,195400.0
1025,2021-10-12 03:00:01,49300.0,100.0,194400.0
1026,2021-10-12 03:00:01,49300.0,300.0,194300.0
1027,2021-10-12 03:00:01,49300.0,100.0,194000.0
1028,2021-10-12 03:00:01,49300.0,1000.0,193900.0
1029,2021-10-12 02:59:42,49350.0,200.0,192900.0
1030,2021-10-12 02:59:29,49350.0,200.0,192700.0
1031,2021-10-12 02:59:29,49350.0,800.0,192500.0
1032,2021-10-12 02:59:29,49400.0,700.0,191700.0
1033,2021-10-12 02:59:07,49400.0,500.0,191000.0
1034,2021-10-12 02:59:07,49400.0,500.0,190500.0
1035,2021-10-12 02:58:01,49400.0,100.0,190000.0
1036,2021-10-12 02:57:51,49400.0,100.0,189900.0
1037,2021-10-12 02:57:45,49400.0,100.0,189800.0
1038,2021-10-12 02:57:45,49400.0,100.0,189700.0
1039,2021-10-12 02:57:45,49400.0,500.0,189600.0
1040,2021-10-12 02:57:45,49400.0,100.0,189100.0
1041,2021-10-12 02:57:28,49450.0,200.0,189000.0
1042,2021-10-12 02:57:15,49400.0,800.0,188800.0
1043,2021-10-12 02:57:15,49400.0,200.0,188000.0
1044,2021-10-12 02:57:06,49400.0,100.0,187800.0
1045,2021-10-12 02:56:45,49400.0,500.0,187700.0
1046,2021-10-12 02:56:45,49400.0,100.0,187200.0
1047,2021-10-12 02:56:45,49400.0,400.0,187100.0
1048,2021-10-12 02:56:45,49400.0,100.0,186700.0
1049,2021-10-12 02:56:40,49500.0,100.0,186600.0
1050,2021-10-12 02:56:25,49500.0,100.0,186500.0
1051,2021-10-12 02:56:19,49500.0,1000.0,186400.0
1052,2021-10-12 02:56:12,49500.0,100.0,185400.0
1053,2021-10-12 02:56:04,49500.0,200.0,185300.0
1054,2021-10-12 02:56:02,49500.0,300.0,185100.0
1055,2021-10-12 02:56:02,49500.0,300.0,184800.0
1056,2021-10-12 02:56:02,49500.0,100.0,184500.0
1057,2021-10-12 02:56:02,49500.0,100.0,184400.0
1058,2021-10-12 02:56:02,49500.0,200.0,184300.0
1059,2021-10-12 02:55:57,49500.0,200.0,184100.0
1060,2021-10-12 02:55:56,49500.0,100.0,183900.0
1061,2021-10-12 02:55:32,49500.0,500.0,183800.0
1062,2021-10-12 02:55:06,49500.0,500.0,183300.0
1063,2021-10-12 02:55:00,49500.0,500.0,182800.0
1064,2021-10-12 02:55:00,49500.0,500.0,182300.0
1065,2021-10-12 02:54:53,49500.0,500.0,181800.0
1066,2021-10-12 02:54:43,49500.0,100.0,181300.0
1067,2021-10-12 02:54:27,49500.0,100.0,181200.0
1068,2021-10-12 02:54:25,49500.0,200.0,181100.0
1069,2021-10-12 02:53:47,49500.0,200.0,180900.0
1070,2021-10-12 02:53:22,49400.0,300.0,180700.0
1071,2021-10-12 02:53:22,49400.0,200.0,180400.0
1072,2021-10-12 02:53:22,49400.0,100.0,180200.0
1073,2021-10-12 02:53:22,49400.0,500.0,180100.0
1074,2021-10-12 02:53:22,49400.0,100.0,179600.0
1075,2021-10-12 02:53:22,49400.0,800.0,179500.0
1076,2021-10-12 02:53:13,49500.0,100.0,178700.0
1077,2021-10-12 02:53:09,49500.0,1000.0,178600.0
1078,2021-10-12 02:53:08,49500.0,1000.0,177600.0
1079,2021-10-12 02:52:56,49500.0,100.0,176600.0
1080,2021-10-12 02:52:56,49500.0,100.0,176500.0
1081,2021-10-12 02:52:56,49500.0,200.0,176400.0
1082,2021-10-12 02:52:56,49500.0,200.0,176200.0
1083,2021-10-12 02:52:56,49500.0,100.0,176000.0
1084,2021-10-12 02:52:56,49500.0,300.0,175900.0
1085,2021-10-12 02:52:51,49500.0,200.0,175600.0
1086,2021-10-12 02:52:51,49500.0,400.0,175400.0
1087,2021-10-12 02:52:51,49500.0,400.0,175000.0
1088,2021-10-12 02:52:27,49500.0,100.0,174600.0
1089,2021-10-12 02:52:14,49500.0,2000.0,174500.0
1090,2021-10-12 02:51:37,49500.0,100.0,172500.0
1091,2021-10-12 02:51:37,49500.0,1500.0,172400.0
1092,2021-10-12 02:51:37,49500.0,800.0,170900.0
1093,2021-10-12 02:51:37,49500.0,100.0,170100.0
1094,2021-10-12 02:51:17,49400.0,700.0,170000.0
1095,2021-10-12 02:50:55,49400.0,500.0,169300.0
1096,2021-10-12 02:50:51,49400.0,100.0,168800.0
1097,2021-10-12 02:50:42,49400.0,400.0,168700.0
1098,2021-10-12 02:50:36,49400.0,100.0,168300.0
1099,2021-10-12 02:50:35,49400.0,100.0,168200.0
1100,2021-10-12 02:50:28,49400.0,300.0,168100.0
1101,2021-10-12 02:50:28,49400.0,100.0,167800.0
1102,2021-10-12 02:50:27,49400.0,100.0,167700.0
1103,2021-10-12 02:47:52,49400.0,500.0,167600.0
1104,2021-10-12 02:46:55,49400.0,300.0,167100.0
1105,2021-10-12 02:46:52,49400.0,100.0,166800.0
1106,2021-10-12 02:46:46,49400.0,200.0,166700.0
1107,2021-10-12 02:46:46,49400.0,300.0,166500.0
1108,2021-10-12 02:46:46,49400.0,400.0,166200.0
1109,2021-10-12 02:46:36,49400.0,500.0,165800.0
1110,2021-10-12 02:45:42,49400.0,100.0,165300.0
1111,2021-10-12 02:45:18,49400.0,300.0,165200.0
1112,2021-10-12 02:45:18,49400.0,300.0,164900.0
1113,2021-10-12 02:45:07,49400.0,200.0,164600.0
1114,2021-10-12 02:44:41,49100.0,500.0,164400.0
1115,2021-10-12 02:44:41,49100.0,500.0,163900.0
1116,2021-10-12 02:44:41,49100.0,200.0,163400.0
1117,2021-10-12 02:44:41,49100.0,5000.0,163200.0
1118,2021-10-12 02:44:41,49100.0,200.0,158200.0
1119,2021-10-12 02:44:41,49100.0,2000.0,158000.0
1120,2021-10-12 02:44:41,49100.0,1000.0,156000.0
1121,2021-10-12 02:44:41,49100.0,300.0,155000.0
1122,2021-10-12 02:44:41,49100.0,300.0,154700.0
1123,2021-10-12 02:44:38,49100.0,200.0,154400.0
1124,2021-10-12 02:44:38,49100.0,200.0,154200.0
1125,2021-10-12 02:44:00,49100.0,100.0,154000.0
1126,2021-10-12 02:44:00,49100.0,900.0,153900.0
1127,2021-10-12 02:43:37,49100.0,100.0,153000.0
1128,2021-10-12 02:43:37,49100.0,200.0,152900.0
1129,2021-10-12 02:43:37,49200.0,500.0,152700.0
1130,2021-10-12 02:42:36,49100.0,2700.0,152200.0
1131,2021-10-12 02:42:36,49200.0,100.0,149500.0
1132,2021-10-12 02:42:36,49200.0,100.0,149400.0
1133,2021-10-12 02:41:25,49500.0,300.0,149300.0
1134,2021-10-12 02:40:37,49100.0,500.0,149000.0
1135,2021-10-12 02:40:37,49100.0,100.0,148500.0
1136,2021-10-12 02:39:52,49600.0,100.0,148400.0
1137,2021-10-12 02:38:40,49700.0,700.0,148300.0
1138,2021-10-12 02:38:40,49700.0,100.0,147600.0
1139,2021-10-12 02:38:21,49700.0,100.0,147500.0
1140,2021-10-12 02:38:21,49700.0,700.0,147400.0
1141,2021-10-12 02:37:46,49700.0,200.0,146700.0
1142,2021-10-12 02:37:42,50000.0,400.0,146500.0
1143,2021-10-12 02:37:42,49900.0,1000.0,146100.0
1144,2021-10-12 02:37:42,49900.0,900.0,145100.0
1145,2021-10-12 02:37:42,49800.0,200.0,144200.0
1146,2021-10-12 02:37:30,49700.0,200.0,144000.0
1147,2021-10-12 02:37:18,49900.0,100.0,143800.0
1148,2021-10-12 02:37:18,49800.0,900.0,143700.0
1149,2021-10-12 02:37:12,49700.0,100.0,142800.0
1150,2021-10-12 02:37:12,49700.0,500.0,142700.0
1151,2021-10-12 02:37:12,49700.0,300.0,142200.0
1152,2021-10-12 02:37:11,49000.0,200.0,141900.0
1153,2021-10-12 02:37:04,48800.0,800.0,141700.0
1154,2021-10-12 02:37:04,48800.0,1000.0,140900.0
1155,2021-10-12 02:37:04,48800.0,100.0,139900.0
1156,2021-10-12 02:37:04,48800.0,500.0,139800.0
1157,2021-10-12 02:37:04,48800.0,100.0,139300.0
1158,2021-10-12 02:37:04,48800.0,400.0,139200.0
1159,2021-10-12 02:37:04,48900.0,500.0,138800.0
1160,2021-10-12 02:37:04,48900.0,300.0,138300.0
1161,2021-10-12 02:37:04,48950.0,400.0,138000.0
1162,2021-10-12 02:37:04,49000.0,500.0,137600.0
1163,2021-10-12 02:37:04,49000.0,100.0,137100.0
1164,2021-10-12 02:37:04,49000.0,100.0,137000.0
1165,2021-10-12 02:37:04,49000.0,100.0,136900.0
1166,2021-10-12 02:37:04,49000.0,100.0,136800.0
1167,2021-10-12 02:37:04,49000.0,300.0,136700.0
1168,2021-10-12 02:37:04,49000.0,900.0,136400.0
1169,2021-10-12 02:37:04,49000.0,500.0,135500.0
1170,2021-10-12 02:37:04,49000.0,200.0,135000.0
1171,2021-10-12 02:37:04,49000.0,100.0,134800.0
1172,2021-10-12 02:37:04,49000.0,300.0,134700.0
1173,2021-10-12 02:37:04,49000.0,200.0,134400.0
1174,2021-10-12 02:37:04,49000.0,500.0,134200.0
1175,2021-10-12 02:37:04,49000.0,500.0,133700.0
1176,2021-10-12 02:37:04,49000.0,200.0,133200.0
1177,2021-10-12 02:37:04,49000.0,1000.0,133000.0
1178,2021-10-12 02:37:04,49000.0,2000.0,132000.0
1179,2021-10-12 02:37:04,49000.0,900.0,130000.0
1180,2021-10-12 02:37:04,49050.0,1000.0,129100.0
1181,2021-10-12 02:37:04,49050.0,1000.0,128100.0
1182,2021-10-12 02:37:04,49100.0,100.0,127100.0
1183,2021-10-12 02:37:04,49100.0,1000.0,127000.0
1184,2021-10-12 02:37:04,49100.0,100.0,126000.0
1185,2021-10-12 02:37:04,49200.0,1000.0,125900.0
1186,2021-10-12 02:37:04,49400.0,2000.0,124900.0
1187,2021-10-12 02:37:04,49400.0,500.0,122900.0
1188,2021-10-12 02:37:04,49500.0,1000.0,122400.0
1189,2021-10-12 02:37:04,49500.0,200.0,121400.0
1190,2021-10-12 02:37:04,49500.0,1500.0,121200.0
1191,2021-10-12 02:36:59,49500.0,500.0,119700.0
1192,2021-10-12 02:36:48,49650.0,100.0,119200.0
1193,2021-10-12 02:36:39,49650.0,100.0,119100.0
1194,2021-10-12 02:35:56,49500.0,500.0,119000.0
1195,2021-10-12 02:35:47,49500.0,1000.0,118500.0
1196,2021-10-12 02:35:47,49500.0,100.0,117500.0
1197,2021-10-12 02:35:47,49500.0,200.0,117400.0
1198,2021-10-12 02:35:47,49500.0,200.0,117200.0
1199,2021-10-12 02:35:43,49500.0,500.0,117000.0
1200,2021-10-12 02:35:35,49500.0,1000.0,116500.0
1201,2021-10-12 02:35:29,49500.0,4300.0,115500.0
1202,2021-10-12 02:35:29,49500.0,700.0,111200.0
1203,2021-10-12 02:35:20,49500.0,1500.0,110500.0
1204,2021-10-12 02:34:59,49400.0,100.0,109000.0
1205,2021-10-12 02:34:59,49400.0,200.0,108900.0
1206,2021-10-12 02:34:37,49400.0,200.0,108700.0
1207,2021-10-12 02:34:29,49100.0,100.0,108500.0
1208,2021-10-12 02:34:16,49100.0,300.0,108400.0
1209,2021-10-12 02:34:07,49100.0,100.0,108100.0
1210,2021-10-12 02:33:42,49000.0,100.0,108000.0
1211,2021-10-12 02:33:18,49000.0,1300.0,107900.0
1212,2021-10-12 02:33:18,49100.0,500.0,106600.0
1213,2021-10-12 02:33:03,49000.0,3700.0,106100.0
1214,2021-10-12 02:33:03,49100.0,1000.0,102400.0
1215,2021-10-12 02:33:03,49100.0,300.0,101400.0
1216,2021-10-12 02:33:01,49100.0,300.0,101100.0
1217,2021-10-12 02:33:00,49200.0,100.0,100800.0
1218,2021-10-12 02:32:48,49100.0,400.0,100700.0
1219,2021-10-12 02:32:29,49000.0,500.0,100300.0
1220,2021-10-12 02:32:24,49000.0,2800.0,99800.0
1221,2021-10-12 02:32:24,49000.0,500.0,97000.0
1222,2021-10-12 02:32:24,49000.0,300.0,96500.0
1223,2021-10-12 02:32:24,49000.0,900.0,96200.0
1224,2021-10-12 02:32:24,49000.0,800.0,95300.0
1225,2021-10-12 02:32:24,49000.0,200.0,94500.0
1226,2021-10-12 02:32:01,49000.0,2000.0,94300.0
1227,2021-10-12 02:31:55,49000.0,300.0,92300.0
1228,2021-10-12 02:31:46,49000.0,100.0,92000.0
1229,2021-10-12 02:31:45,49000.0,500.0,91900.0
1230,2021-10-12 02:31:41,49000.0,200.0,91400.0
1231,2021-10-12 02:31:34,49000.0,200.0,91200.0
1232,2021-10-12 02:31:06,49000.0,100.0,91000.0
1233,2021-10-12 02:30:59,49000.0,400.0,90900.0
1234,2021-10-12 02:30:59,49000.0,100.0,90500.0
1235,2021-10-12 02:30:59,49000.0,200.0,90400.0
1236,2021-10-12 02:30:59,49000.0,500.0,90200.0
1237,2021-10-12 02:30:59,49000.0,100.0,89700.0
1238,2021-10-12 02:30:59,49000.0,100.0,89600.0
1239,2021-10-12 02:30:58,49000.0,900.0,89500.0
1240,2021-10-12 02:30:58,49000.0,100.0,88600.0
1241,2021-10-12 02:30:46,49000.0,4900.0,88500.0
1242,2021-10-12 02:30:46,49000.0,1000.0,83600.0
1243,2021-10-12 02:30:46,49000.0,500.0,82600.0
1244,2021-10-12 02:30:46,49000.0,200.0,82100.0
1245,2021-10-12 02:30:15,49200.0,400.0,81900.0
1246,2021-10-12 02:30:05,49000.0,500.0,81500.0
1247,2021-10-12 02:30:04,49000.0,100.0,81000.0
1248,2021-10-12 02:30:03,49000.0,100.0,80900.0
1249,2021-10-12 02:30:02,49000.0,100.0,80800.0
1250,2021-10-12 02:29:58,49000.0,1000.0,80700.0
1251,2021-10-12 02:29:58,49000.0,700.0,79700.0
1252,2021-10-12 02:29:58,49000.0,400.0,79000.0
1253,2021-10-12 02:29:58,49100.0,900.0,78600.0
1254,2021-10-12 02:29:56,49200.0,100.0,77700.0
1255,2021-10-12 02:29:47,49100.0,100.0,77600.0
1256,2021-10-12 02:29:40,49200.0,100.0,77500.0
1257,2021-10-12 02:29:33,49000.0,200.0,77400.0
1258,2021-10-12 02:29:33,49000.0,300.0,77200.0
1259,2021-10-12 02:29:13,49000.0,100.0,76900.0
1260,2021-10-12 02:29:13,49000.0,3200.0,76800.0
1261,2021-10-12 02:29:13,49000.0,200.0,73600.0
1262,2021-10-12 02:29:13,49000.0,1200.0,73400.0
1263,2021-10-12 02:29:06,48800.0,400.0,72200.0
1264,2021-10-12 02:29:04,49000.0,500.0,71800.0
1265,2021-10-12 02:29:03,49000.0,200.0,71300.0
1266,2021-10-12 02:28:55,49000.0,300.0,71100.0
1267,2021-10-12 02:28:47,48800.0,200.0,70800.0
1268,2021-10-12 02:28:47,48800.0,100.0,70600.0
1269,2021-10-12 02:28:47,48800.0,100.0,70500.0
1270,2021-10-12 02:28:44,49000.0,100.0,70400.0
1271,2021-10-12 02:28:34,49000.0,500.0,70300.0
1272,2021-10-12 02:28:31,48800.0,400.0,69800.0
1273,2021-10-12 02:28:24,48800.0,500.0,69400.0
1274,2021-10-12 02:28:24,48800.0,100.0,68900.0
1275,2021-10-12 02:28:24,48800.0,100.0,68800.0
1276,2021-10-12 02:28:24,48800.0,200.0,68700.0
1277,2021-10-12 02:28:12,49000.0,100.0,68500.0
1278,2021-10-12 02:28:12,49000.0,600.0,68400.0
1279,2021-10-12 02:28:11,49000.0,300.0,67800.0
1280,2021-10-12 02:28:11,49000.0,100.0,67500.0
1281,2021-10-12 02:28:11,49000.0,100.0,67400.0
1282,2021-10-12 02:28:11,49000.0,300.0,67300.0
1283,2021-10-12 02:28:11,49000.0,100.0,67000.0
1284,2021-10-12 02:28:11,49000.0,100.0,66900.0
1285,2021-10-12 02:28:11,49000.0,100.0,66800.0
1286,2021-10-12 02:28:11,49000.0,500.0,66700.0
1287,2021-10-12 02:28:11,49000.0,100.0,66200.0
1288,2021-10-12 02:28:11,49000.0,2000.0,66100.0
1289,2021-10-12 02:28:11,49000.0,200.0,64100.0
1290,2021-10-12 02:28:11,49000.0,500.0,63900.0
1291,2021-10-12 02:28:11,49000.0,2000.0,63400.0
1292,2021-10-12 02:28:11,49000.0,100.0,61400.0
1293,2021-10-12 02:28:11,49000.0,1000.0,61300.0
1294,2021-10-12 02:28:11,49000.0,200.0,60300.0
1295,2021-10-12 02:28:11,49000.0,200.0,60100.0
1296,2021-10-12 02:28:11,49000.0,1000.0,59900.0
1297,2021-10-12 02:28:11,49100.0,200.0,58900.0
1298,2021-10-12 02:28:11,49100.0,100.0,58700.0
1299,2021-10-12 02:28:11,49100.0,200.0,58600.0
1300,2021-10-12 02:28:11,49100.0,100.0,58400.0
1301,2021-10-12 02:27:47,49200.0,500.0,58300.0
1302,2021-10-12 02:27:28,49100.0,300.0,57800.0
1303,2021-10-12 02:27:28,49100.0,1000.0,57500.0
1304,2021-10-12 02:27:28,49100.0,700.0,56500.0
1305,2021-10-12 02:27:26,49100.0,200.0,55800.0
1306,2021-10-12 02:27:17,49300.0,200.0,55600.0
1307,2021-10-12 02:27:03,49100.0,100.0,55400.0
1308,2021-10-12 02:27:03,49100.0,1000.0,55300.0
1309,2021-10-12 02:27:03,49100.0,800.0,54300.0
1310,2021-10-12 02:27:03,49300.0,100.0,53500.0
1311,2021-10-12 02:26:57,49500.0,300.0,53400.0
1312,2021-10-12 02:26:46,49500.0,100.0,53100.0
1313,2021-10-12 02:26:36,49100.0,200.0,53000.0
1314,2021-10-12 02:26:22,49500.0,100.0,52800.0
1315,2021-10-12 02:26:22,49500.0,1000.0,52700.0
1316,2021-10-12 02:26:22,49500.0,200.0,51700.0
1317,2021-10-12 02:26:22,49500.0,100.0,51500.0
1318,2021-10-12 02:26:22,49500.0,3000.0,51400.0
1319,2021-10-12 02:26:22,49500.0,500.0,48400.0
1320,2021-10-12 02:26:22,49500.0,100.0,47900.0
1321,2021-10-12 02:26:22,49500.0,1000.0,47800.0
1322,2021-10-12 02:26:19,49500.0,100.0,46800.0
1323,2021-10-12 02:26:19,49500.0,500.0,46700.0
1324,2021-10-12 02:26:19,49500.0,200.0,46200.0
1325,2021-10-12 02:26:19,49500.0,200.0,46000.0
1326,2021-10-12 02:25:54,49500.0,200.0,45800.0
1327,2021-10-12 02:25:50,49550.0,100.0,45600.0
1328,2021-10-12 02:25:34,49500.0,100.0,45500.0
1329,2021-10-12 02:25:34,49500.0,5000.0,45400.0
1330,2021-10-12 02:25:34,49500.0,100.0,40400.0
1331,2021-10-12 02:25:34,49500.0,1800.0,40300.0
1332,2021-10-12 02:25:26,49500.0,100.0,38500.0
1333,2021-10-12 02:25:16,49550.0,100.0,38400.0
1334,2021-10-12 02:25:16,49550.0,100.0,38300.0
1335,2021-10-12 02:25:12,49500.0,100.0,38200.0
1336,2021-10-12 02:24:52,49550.0,100.0,38100.0
1337,2021-10-12 02:24:40,49550.0,200.0,38000.0
1338,2021-10-12 02:24:20,49550.0,200.0,37800.0
1339,2021-10-12 02:23:36,49550.0,100.0,37600.0
1340,2021-10-12 02:23:36,49550.0,200.0,37500.0
1341,2021-10-12 02:23:14,49550.0,400.0,37300.0
1342,2021-10-12 02:22:59,49700.0,100.0,36900.0
1343,2021-10-12 02:22:27,49700.0,500.0,36800.0
1344,2021-10-12 02:22:00,49700.0,2100.0,36300.0
1345,2021-10-12 02:22:00,49700.0,800.0,34200.0
1346,2021-10-12 02:22:00,49700.0,100.0,33400.0
1347,2021-10-12 02:21:46,49700.0,100.0,33300.0
1348,2021-10-12 02:21:32,49700.0,100.0,33200.0
1349,2021-10-12 02:21:32,49700.0,700.0,33100.0
1350,2021-10-12 02:21:29,49700.0,300.0,32400.0
1351,2021-10-12 02:20:32,49800.0,200.0,32100.0
1352,2021-10-12 02:20:25,49800.0,500.0,31900.0
1353,2021-10-12 02:20:25,49800.0,100.0,31400.0
1354,2021-10-12 02:20:09,49900.0,100.0,31300.0
1355,2021-10-12 02:20:06,49800.0,400.0,31200.0
1356,2021-10-12 02:20:06,49850.0,300.0,30800.0
1357,2021-10-12 02:20:06,49850.0,200.0,30500.0
1358,2021-10-12 02:20:06,49900.0,200.0,30300.0
1359,2021-10-12 02:20:06,49900.0,200.0,30100.0
1360,2021-10-12 02:20:05,49900.0,200.0,29900.0
1361,2021-10-12 02:19:56,49900.0,100.0,29700.0
1362,2021-10-12 02:19:38,49900.0,500.0,29600.0
1363,2021-10-12 02:19:33,49850.0,300.0,29100.0
1364,2021-10-12 02:19:08,49850.0,2500.0,28800.0
1365,2021-10-12 02:19:01,49850.0,200.0,26300.0
1366,2021-10-12 02:18:52,49850.0,2000.0,26100.0
1367,2021-10-12 02:18:33,49800.0,200.0,24100.0
1368,2021-10-12 02:18:32,49800.0,100.0,23900.0
1369,2021-10-12 02:18:32,49800.0,200.0,23800.0
1370,2021-10-12 02:18:29,48600.0,1000.0,23600.0
1371,2021-10-12 02:18:29,48700.0,1000.0,22600.0
1372,2021-10-12 02:18:29,48800.0,100.0,21600.0
1373,2021-10-12 02:18:29,48800.0,200.0,21500.0
1374,2021-10-12 02:18:29,48900.0,100.0,21300.0
1375,2021-10-12 02:18:29,49000.0,1000.0,21200.0
1376,2021-10-12 02:18:29,49000.0,100.0,20200.0
1377,2021-10-12 02:18:29,49000.0,800.0,20100.0
1378,2021-10-12 02:18:29,49400.0,100.0,19300.0
1379,2021-10-12 02:18:29,49500.0,100.0,19200.0
1380,2021-10-12 02:18:29,49500.0,200.0,19100.0
1381,2021-10-12 02:18:29,49500.0,100.0,18900.0
1382,2021-10-12 02:18:29,49700.0,100.0,18800.0
1383,2021-10-12 02:18:29,49700.0,100.0,18700.0
1384,2021-10-12 02:18:22,49800.0,100.0,18600.0
1385,2021-10-12 02:18:20,49800.0,300.0,18500.0
1386,2021-10-12 02:18:19,49800.0,2000.0,18200.0
1387,2021-10-12 02:18:19,49900.0,500.0,16200.0
1388,2021-10-12 02:18:19,49900.0,1900.0,15700.0
1389,2021-10-12 02:18:02,49900.0,500.0,13800.0
1390,2021-10-12 02:17:59,49900.0,2000.0,13300.0
1391,2021-10-12 02:17:59,49900.0,300.0,11300.0
1392,2021-10-12 02:17:59,49900.0,300.0,11000.0
1393,2021-10-12 02:17:52,49900.0,1000.0,10700.0
1394,2021-10-12 02:17:43,49800.0,500.0,9700.0
1395,2021-10-12 02:17:34,49900.0,600.0,9200.0
1396,2021-10-12 02:17:23,49800.0,100.0,8600.0
1397,2021-10-12 02:17:18,49800.0,100.0,8500.0
1398,2021-10-12 02:17:07,49900.0,600.0,8400.0
1399,2021-10-12 02:17:07,49850.0,100.0,7800.0
1400,2021-10-12 02:17:07,49850.0,100.0,7700.0
1401,2021-10-12 02:17:06,49800.0,100.0,7600.0
1402,2021-10-12 02:16:40,49900.0,400.0,7500.0
1403,2021-10-12 02:16:40,49900.0,200.0,7100.0
1404,2021-10-12 02:16:40,49850.0,400.0,6900.0
1405,2021-10-12 02:16:38,49850.0,100.0,6500.0
1406,2021-10-12 02:16:28,49900.0,100.0,6400.0
1407,2021-10-12 02:16:23,49900.0,200.0,6300.0
1408,2021-10-12 02:15:56,49950.0,200.0,6100.0
1409,2021-10-12 02:15:50,49950.0,300.0,5900.0
1410,2021-10-12 02:15:40,50000.0,200.0,5600.0
1411,2021-10-12 02:15:00,50000.0,100.0,5400.0
1412,2021-10-12 02:15:00,50000.0,100.0,5300.0
1413,2021-10-12 02:15:00,50000.0,100.0,5200.0
1414,2021-10-12 02:15:00,50000.0,200.0,5100.0
1415,2021-10-12 02:15:00,50000.0,600.0,4900.0
1416,2021-10-12 02:15:00,50000.0,200.0,4300.0
1417,2021-10-12 02:15:00,50000.0,300.0,4100.0
1418,2021-10-12 02:15:00,50000.0,100.0,3800.0
1419,2021-10-12 02:15:00,50000.0,500.0,3700.0
1420,2021-10-12 02:15:00,50000.0,200.0,3200.0
1421,2021-10-12 02:15:00,50000.0,300.0,3000.0
1422,2021-10-12 02:15:00,50000.0,200.0,2700.0
1423,2021-10-12 02:15:00,50000.0,200.0,2500.0
1424,2021-10-12 02:15:00,50000.0,200.0,2300.0
1425,2021-10-12 02:15:00,50000.0,100.0,2100.0
1426,2021-10-12 02:15:00,50000.0,600.0,2000.0
1427,2021-10-12 02:15:00,50000.0,100.0,1400.0
1428,2021-10-12 02:15:00,50000.0,200.0,1300.0
1429,2021-10-12 02:15:00,50000.0,100.0,1100.0
1430,2021-10-12 02:15:00,50000.0,700.0,1000.0
1431,2021-10-12 02:15:00,50000.0,300.0,300.0
