,Time,Price,Volume_per_trade,Volume
0,2021-10-08 14:45:01,14500.0,34200.0,338300.0
1,2021-10-08 14:29:44,14400.0,10000.0,304100.0
2,2021-10-08 14:29:26,14400.0,1000.0,294100.0
3,2021-10-08 14:28:30,14400.0,800.0,293100.0
4,2021-10-08 14:28:07,14400.0,1000.0,292300.0
5,2021-10-08 14:27:44,14400.0,3000.0,291300.0
6,2021-10-08 14:27:18,14400.0,4000.0,288300.0
7,2021-10-08 14:26:58,14400.0,6000.0,284300.0
8,2021-10-08 14:26:43,14300.0,500.0,278300.0
9,2021-10-08 14:25:33,14400.0,5000.0,277800.0
10,2021-10-08 14:25:00,14400.0,500.0,272800.0
11,2021-10-08 14:24:35,14400.0,5000.0,272300.0
12,2021-10-08 14:23:45,14400.0,500.0,267300.0
13,2021-10-08 14:23:26,14400.0,400.0,266800.0
14,2021-10-08 14:22:50,14400.0,100.0,266400.0
15,2021-10-08 14:22:15,14400.0,2000.0,266300.0
16,2021-10-08 14:21:40,14400.0,100.0,264300.0
17,2021-10-08 14:21:15,14400.0,2000.0,264200.0
18,2021-10-08 14:20:21,14400.0,1500.0,262200.0
19,2021-10-08 14:20:11,14400.0,200.0,260700.0
20,2021-10-08 14:18:27,14400.0,300.0,260500.0
21,2021-10-08 14:17:48,14300.0,500.0,260200.0
22,2021-10-08 14:17:17,14400.0,300.0,259700.0
23,2021-10-08 14:16:32,14400.0,5000.0,259400.0
24,2021-10-08 14:16:07,14300.0,1300.0,254400.0
25,2021-10-08 14:15:49,14300.0,2000.0,253100.0
26,2021-10-08 14:15:22,14300.0,1000.0,251100.0
27,2021-10-08 14:15:11,14300.0,5000.0,250100.0
28,2021-10-08 14:15:04,14300.0,700.0,245100.0
29,2021-10-08 14:14:43,14400.0,5000.0,244400.0
30,2021-10-08 14:14:16,14400.0,300.0,239400.0
31,2021-10-08 14:10:43,14400.0,500.0,239100.0
32,2021-10-08 14:10:29,14300.0,10000.0,238600.0
33,2021-10-08 14:09:27,14400.0,400.0,228600.0
34,2021-10-08 14:08:28,14300.0,2000.0,228200.0
35,2021-10-08 14:07:34,14400.0,400.0,226200.0
36,2021-10-08 14:07:13,14300.0,400.0,225800.0
37,2021-10-08 14:06:59,14400.0,300.0,225400.0
38,2021-10-08 14:01:19,14400.0,200.0,225100.0
39,2021-10-08 14:00:33,14300.0,2000.0,224900.0
40,2021-10-08 13:59:29,14400.0,300.0,222900.0
41,2021-10-08 13:59:02,14300.0,1100.0,222600.0
42,2021-10-08 13:56:47,14400.0,100.0,221500.0
43,2021-10-08 13:54:36,14400.0,400.0,221400.0
44,2021-10-08 13:54:13,14300.0,1300.0,221000.0
45,2021-10-08 13:52:42,14300.0,500.0,219700.0
46,2021-10-08 13:46:03,14400.0,100.0,219200.0
47,2021-10-08 13:45:11,14300.0,100.0,219100.0
48,2021-10-08 13:44:42,14300.0,2000.0,219000.0
49,2021-10-08 13:44:29,14300.0,3000.0,217000.0
50,2021-10-08 13:43:49,14300.0,300.0,214000.0
51,2021-10-08 13:43:04,14300.0,1000.0,213700.0
52,2021-10-08 13:43:00,14300.0,3000.0,212700.0
53,2021-10-08 13:42:48,14300.0,3000.0,209700.0
54,2021-10-08 13:42:35,14300.0,2000.0,206700.0
55,2021-10-08 13:42:18,14300.0,6000.0,204700.0
56,2021-10-08 13:40:59,14300.0,700.0,198700.0
57,2021-10-08 13:40:44,14300.0,200.0,198000.0
58,2021-10-08 13:40:43,14300.0,5000.0,197800.0
59,2021-10-08 13:40:31,14300.0,10000.0,192800.0
60,2021-10-08 13:40:08,14300.0,3300.0,182800.0
61,2021-10-08 13:39:32,14300.0,200.0,179500.0
62,2021-10-08 13:39:30,14400.0,100.0,179300.0
63,2021-10-08 13:38:57,14400.0,100.0,179200.0
64,2021-10-08 13:29:47,14400.0,500.0,179100.0
65,2021-10-08 13:28:43,14300.0,4200.0,178600.0
66,2021-10-08 13:25:25,14400.0,100.0,174400.0
67,2021-10-08 13:25:14,14400.0,300.0,174300.0
68,2021-10-08 13:21:36,14400.0,200.0,174000.0
69,2021-10-08 13:20:32,14400.0,500.0,173800.0
70,2021-10-08 13:20:17,14400.0,200.0,173300.0
71,2021-10-08 13:20:12,14400.0,500.0,173100.0
72,2021-10-08 13:19:46,14400.0,500.0,172600.0
73,2021-10-08 13:19:23,14400.0,2500.0,172100.0
74,2021-10-08 13:19:18,14400.0,2000.0,169600.0
75,2021-10-08 13:18:55,14400.0,4000.0,167600.0
76,2021-10-08 13:18:34,14400.0,5000.0,163600.0
77,2021-10-08 13:18:20,14400.0,1500.0,158600.0
78,2021-10-08 13:18:09,14400.0,500.0,157100.0
79,2021-10-08 13:18:00,14400.0,500.0,156600.0
80,2021-10-08 13:17:47,14400.0,1000.0,156100.0
81,2021-10-08 13:17:36,14400.0,2000.0,155100.0
82,2021-10-08 13:16:32,14400.0,2000.0,153100.0
83,2021-10-08 13:16:19,14400.0,2500.0,151100.0
84,2021-10-08 13:16:02,14400.0,1000.0,148600.0
85,2021-10-08 13:15:47,14500.0,4000.0,147600.0
86,2021-10-08 13:15:24,14500.0,1200.0,143600.0
87,2021-10-08 13:14:34,14500.0,500.0,142400.0
88,2021-10-08 13:12:43,14500.0,500.0,141900.0
89,2021-10-08 13:12:19,14500.0,1000.0,141400.0
90,2021-10-08 13:12:15,14500.0,200.0,140400.0
91,2021-10-08 13:11:46,14500.0,1000.0,140200.0
92,2021-10-08 13:11:26,14500.0,200.0,139200.0
93,2021-10-08 13:11:08,14500.0,200.0,139000.0
94,2021-10-08 13:10:23,14400.0,4500.0,138800.0
95,2021-10-08 13:10:05,14400.0,1500.0,134300.0
96,2021-10-08 13:09:46,14400.0,2500.0,132800.0
97,2021-10-08 13:08:44,14400.0,500.0,130300.0
98,2021-10-08 13:08:24,14400.0,1200.0,129800.0
99,2021-10-08 13:07:58,14400.0,2000.0,128600.0
100,2021-10-08 13:07:42,14400.0,1800.0,126600.0
101,2021-10-08 13:07:24,14400.0,3500.0,124800.0
102,2021-10-08 13:07:20,14400.0,1000.0,121300.0
103,2021-10-08 13:07:12,14400.0,500.0,120300.0
104,2021-10-08 13:07:02,14400.0,2000.0,119800.0
105,2021-10-08 13:06:45,14400.0,2500.0,117800.0
106,2021-10-08 13:06:36,14300.0,100.0,115300.0
107,2021-10-08 13:06:21,14400.0,1000.0,115200.0
108,2021-10-08 13:06:07,14400.0,500.0,114200.0
109,2021-10-08 13:05:54,14400.0,1500.0,113700.0
110,2021-10-08 13:05:42,14400.0,800.0,112200.0
111,2021-10-08 13:05:25,14400.0,2000.0,111400.0
112,2021-10-08 13:04:21,14400.0,200.0,109400.0
113,2021-10-08 13:00:09,14500.0,500.0,109200.0
114,2021-10-08 13:00:06,14400.0,200.0,108700.0
115,2021-10-08 13:00:04,14500.0,200.0,108500.0
116,2021-10-08 11:29:58,14500.0,400.0,108300.0
117,2021-10-08 11:29:35,14500.0,400.0,107900.0
118,2021-10-08 11:29:21,14400.0,3800.0,107500.0
119,2021-10-08 11:27:46,14400.0,2000.0,103700.0
120,2021-10-08 11:22:49,14400.0,4000.0,101700.0
121,2021-10-08 11:21:19,14400.0,2000.0,97700.0
122,2021-10-08 11:18:45,14400.0,500.0,95700.0
123,2021-10-08 11:16:30,14400.0,1000.0,95200.0
124,2021-10-08 11:13:28,14400.0,1000.0,94200.0
125,2021-10-08 11:12:54,14400.0,1600.0,93200.0
126,2021-10-08 11:12:46,14400.0,200.0,91600.0
127,2021-10-08 11:04:01,14500.0,300.0,91400.0
128,2021-10-08 11:02:51,14400.0,700.0,91100.0
129,2021-10-08 10:58:03,14500.0,100.0,90400.0
130,2021-10-08 10:56:45,14500.0,200.0,90300.0
131,2021-10-08 10:56:14,14500.0,100.0,90100.0
132,2021-10-08 10:55:51,14500.0,100.0,90000.0
133,2021-10-08 10:53:13,14500.0,100.0,89900.0
134,2021-10-08 10:51:12,14500.0,2000.0,89800.0
135,2021-10-08 10:49:10,14400.0,1000.0,87800.0
136,2021-10-08 10:46:24,14500.0,300.0,86800.0
137,2021-10-08 10:45:59,14500.0,1000.0,86500.0
138,2021-10-08 10:45:37,14400.0,4100.0,85500.0
139,2021-10-08 10:34:26,14500.0,1000.0,81400.0
140,2021-10-08 10:33:54,14500.0,1000.0,80400.0
141,2021-10-08 10:32:17,14500.0,2000.0,79400.0
142,2021-10-08 10:26:53,14500.0,500.0,77400.0
143,2021-10-08 10:25:56,14400.0,300.0,76900.0
144,2021-10-08 10:20:52,14400.0,400.0,76600.0
145,2021-10-08 10:19:56,14500.0,100.0,76200.0
146,2021-10-08 10:19:18,14400.0,200.0,76100.0
147,2021-10-08 10:12:42,14500.0,300.0,75900.0
148,2021-10-08 10:12:38,14400.0,200.0,75600.0
149,2021-10-08 10:11:47,14400.0,1000.0,75400.0
150,2021-10-08 10:11:38,14400.0,200.0,74400.0
151,2021-10-08 10:11:21,14500.0,200.0,74200.0
152,2021-10-08 10:11:01,14400.0,4000.0,74000.0
153,2021-10-08 10:10:17,14400.0,300.0,70000.0
154,2021-10-08 10:10:12,14500.0,500.0,69700.0
155,2021-10-08 10:09:35,14400.0,4100.0,69200.0
156,2021-10-08 10:08:35,14400.0,400.0,65100.0
157,2021-10-08 10:03:13,14500.0,1000.0,64700.0
158,2021-10-08 10:00:59,14500.0,400.0,63700.0
159,2021-10-08 10:00:15,14400.0,100.0,63300.0
160,2021-10-08 10:00:07,14400.0,300.0,63200.0
161,2021-10-08 09:58:59,14500.0,300.0,62900.0
162,2021-10-08 09:58:24,14400.0,300.0,62600.0
163,2021-10-08 09:56:59,14500.0,500.0,62300.0
164,2021-10-08 09:56:31,14400.0,500.0,61800.0
165,2021-10-08 09:54:16,14500.0,500.0,61300.0
166,2021-10-08 09:53:25,14500.0,500.0,60800.0
167,2021-10-08 09:51:11,14500.0,1000.0,60300.0
168,2021-10-08 09:50:05,14500.0,300.0,59300.0
169,2021-10-08 09:46:53,14500.0,100.0,59000.0
170,2021-10-08 09:46:30,14400.0,500.0,58900.0
171,2021-10-08 09:45:25,14500.0,300.0,58400.0
172,2021-10-08 09:45:01,14400.0,300.0,58100.0
173,2021-10-08 09:44:57,14500.0,200.0,57800.0
174,2021-10-08 09:44:03,14400.0,1400.0,57600.0
175,2021-10-08 09:43:42,14500.0,500.0,56200.0
176,2021-10-08 09:42:51,14500.0,700.0,55700.0
177,2021-10-08 09:40:12,14400.0,700.0,55000.0
178,2021-10-08 09:40:07,14400.0,500.0,54300.0
179,2021-10-08 09:39:36,14500.0,1500.0,53800.0
180,2021-10-08 09:38:46,14400.0,200.0,52300.0
181,2021-10-08 09:38:03,14500.0,100.0,52100.0
182,2021-10-08 09:36:33,14500.0,300.0,52000.0
183,2021-10-08 09:36:14,14400.0,400.0,51700.0
184,2021-10-08 09:35:19,14500.0,800.0,51300.0
185,2021-10-08 09:33:43,14500.0,100.0,50500.0
186,2021-10-08 09:33:16,14400.0,100.0,50400.0
187,2021-10-08 09:31:25,14500.0,1000.0,50300.0
188,2021-10-08 09:31:02,14600.0,300.0,49300.0
189,2021-10-08 09:30:01,14600.0,300.0,49000.0
190,2021-10-08 09:29:49,14300.0,10000.0,48700.0
191,2021-10-08 09:29:44,14600.0,200.0,38700.0
192,2021-10-08 09:27:45,14600.0,200.0,38500.0
193,2021-10-08 09:27:08,14600.0,1000.0,38300.0
194,2021-10-08 09:25:56,14600.0,200.0,37300.0
195,2021-10-08 09:25:14,14500.0,100.0,37100.0
196,2021-10-08 09:24:15,14500.0,500.0,37000.0
197,2021-10-08 09:22:48,14600.0,200.0,36500.0
198,2021-10-08 09:22:47,14500.0,1000.0,36300.0
199,2021-10-08 09:22:37,14500.0,100.0,35300.0
200,2021-10-08 09:22:31,14600.0,200.0,35200.0
201,2021-10-08 09:21:57,14500.0,2900.0,35000.0
202,2021-10-08 09:21:38,14600.0,6400.0,32100.0
203,2021-10-08 09:19:47,14600.0,1000.0,25700.0
204,2021-10-08 09:17:37,14700.0,500.0,24700.0
205,2021-10-08 09:17:16,14600.0,1600.0,24200.0
206,2021-10-08 09:16:54,14700.0,100.0,22600.0
207,2021-10-08 09:15:35,14700.0,200.0,22500.0
208,2021-10-08 09:15:13,14700.0,2000.0,22300.0
209,2021-10-08 09:14:56,14700.0,100.0,20300.0
210,2021-10-08 09:14:52,14700.0,100.0,20200.0
211,2021-10-08 09:13:07,14700.0,300.0,20100.0
212,2021-10-08 09:12:50,14600.0,500.0,19800.0
213,2021-10-08 09:12:15,14700.0,1000.0,19300.0
214,2021-10-08 09:12:04,14700.0,300.0,18300.0
215,2021-10-08 09:11:36,14700.0,200.0,18000.0
216,2021-10-08 09:10:34,14700.0,300.0,17800.0
217,2021-10-08 09:10:05,14700.0,300.0,17500.0
218,2021-10-08 09:09:36,14600.0,1000.0,17200.0
219,2021-10-08 09:08:48,14700.0,100.0,16200.0
220,2021-10-08 09:07:17,14700.0,1000.0,16100.0
221,2021-10-08 09:06:40,14700.0,600.0,15100.0
222,2021-10-08 09:05:54,14800.0,300.0,14500.0
223,2021-10-08 09:05:27,14800.0,2000.0,14200.0
224,2021-10-08 09:05:26,14700.0,300.0,12200.0
225,2021-10-08 09:05:08,14800.0,400.0,11900.0
226,2021-10-08 09:05:00,14700.0,100.0,11500.0
227,2021-10-08 09:04:47,14700.0,1000.0,11400.0
228,2021-10-08 09:04:44,14700.0,600.0,10400.0
229,2021-10-08 09:04:19,14700.0,1000.0,9800.0
230,2021-10-08 09:03:48,14800.0,200.0,8800.0
231,2021-10-08 09:03:43,14800.0,100.0,8600.0
232,2021-10-08 09:03:11,14800.0,5300.0,8500.0
233,2021-10-08 09:02:02,14800.0,200.0,3200.0
234,2021-10-08 09:01:28,14800.0,200.0,3000.0
235,2021-10-08 09:01:08,14800.0,200.0,2800.0
236,2021-10-08 09:00:49,14800.0,2500.0,2600.0
237,2021-10-08 09:00:06,14300.0,100.0,100.0
