,Time,Price,Volume_per_trade,Volume
0,2021-10-06 07:45:01,12050.0,1000.0,9786600.0
1,2021-10-06 07:45:01,12050.0,100.0,9785600.0
2,2021-10-06 07:45:01,12050.0,100.0,9785500.0
3,2021-10-06 07:45:01,12050.0,500.0,9785400.0
4,2021-10-06 07:45:01,12050.0,2600.0,9784900.0
5,2021-10-06 07:45:01,12050.0,100.0,9782300.0
6,2021-10-06 07:45:01,12050.0,200.0,9782200.0
7,2021-10-06 07:45:01,12050.0,2000.0,9782000.0
8,2021-10-06 07:45:01,12050.0,100.0,9780000.0
9,2021-10-06 07:45:01,12050.0,200.0,9779900.0
10,2021-10-06 07:45:01,12050.0,500.0,9779700.0
11,2021-10-06 07:45:01,12050.0,500.0,9779200.0
12,2021-10-06 07:45:01,12050.0,1000.0,9778700.0
13,2021-10-06 07:45:01,12050.0,6000.0,9777700.0
14,2021-10-06 07:45:01,12050.0,1000.0,9771700.0
15,2021-10-06 07:45:01,12050.0,300.0,9770700.0
16,2021-10-06 07:45:01,12050.0,500.0,9770400.0
17,2021-10-06 07:45:01,12050.0,2000.0,9769900.0
18,2021-10-06 07:45:01,12050.0,2000.0,9767900.0
19,2021-10-06 07:45:01,12050.0,3000.0,9765900.0
20,2021-10-06 07:45:01,12050.0,8000.0,9762900.0
21,2021-10-06 07:45:01,12050.0,100.0,9754900.0
22,2021-10-06 07:45:01,12050.0,100.0,9754800.0
23,2021-10-06 07:45:01,12050.0,5000.0,9754700.0
24,2021-10-06 07:45:01,12050.0,1000.0,9749700.0
25,2021-10-06 07:45:01,12050.0,700.0,9748700.0
26,2021-10-06 07:45:01,12050.0,5100.0,9748000.0
27,2021-10-06 07:45:01,12050.0,300.0,9742900.0
28,2021-10-06 07:45:01,12050.0,2000.0,9742600.0
29,2021-10-06 07:45:01,12050.0,200.0,9740600.0
30,2021-10-06 07:45:01,12050.0,4000.0,9740400.0
31,2021-10-06 07:45:01,12050.0,600.0,9736400.0
32,2021-10-06 07:45:01,12050.0,2400.0,9735800.0
33,2021-10-06 07:45:01,12050.0,200.0,9733400.0
34,2021-10-06 07:45:01,12050.0,100.0,9733200.0
35,2021-10-06 07:45:01,12050.0,200.0,9733100.0
36,2021-10-06 07:45:01,12050.0,400.0,9732900.0
37,2021-10-06 07:45:01,12050.0,1000.0,9732500.0
38,2021-10-06 07:45:01,12050.0,10000.0,9731500.0
39,2021-10-06 07:45:01,12050.0,10000.0,9721500.0
40,2021-10-06 07:45:01,12050.0,100.0,9711500.0
41,2021-10-06 07:45:01,12050.0,100.0,9711400.0
42,2021-10-06 07:45:01,12050.0,100.0,9711300.0
43,2021-10-06 07:45:01,12050.0,200.0,9711200.0
44,2021-10-06 07:45:01,12050.0,1000.0,9711000.0
45,2021-10-06 07:45:01,12050.0,2000.0,9710000.0
46,2021-10-06 07:45:01,12050.0,100.0,9708000.0
47,2021-10-06 07:45:01,12050.0,500.0,9707900.0
48,2021-10-06 07:45:01,12050.0,600.0,9707400.0
49,2021-10-06 07:45:01,12050.0,400.0,9706800.0
50,2021-10-06 07:45:01,12050.0,200.0,9706400.0
51,2021-10-06 07:45:00,12050.0,200.0,9706200.0
52,2021-10-06 07:45:00,12050.0,200.0,9706000.0
53,2021-10-06 07:45:00,12050.0,100.0,9705800.0
54,2021-10-06 07:45:00,12050.0,300.0,9705700.0
55,2021-10-06 07:45:00,12050.0,100.0,9705400.0
56,2021-10-06 07:45:00,12050.0,1000.0,9705300.0
57,2021-10-06 07:45:00,12050.0,1300.0,9704300.0
58,2021-10-06 07:45:00,12050.0,1800.0,9703000.0
59,2021-10-06 07:45:00,12050.0,7000.0,9701200.0
60,2021-10-06 07:45:00,12050.0,7000.0,9694200.0
61,2021-10-06 07:45:00,12050.0,300.0,9687200.0
62,2021-10-06 07:45:00,12050.0,500.0,9686900.0
63,2021-10-06 07:45:00,12050.0,1300.0,9686400.0
64,2021-10-06 07:45:00,12050.0,1700.0,9685100.0
65,2021-10-06 07:45:00,12050.0,1000.0,9683400.0
66,2021-10-06 07:45:00,12050.0,15000.0,9682400.0
67,2021-10-06 07:45:00,12050.0,1000.0,9667400.0
68,2021-10-06 07:45:00,12050.0,300.0,9666400.0
69,2021-10-06 07:45:00,12050.0,10000.0,9666100.0
70,2021-10-06 07:45:00,12050.0,1000.0,9656100.0
71,2021-10-06 07:45:00,12050.0,500.0,9655100.0
72,2021-10-06 07:45:00,12050.0,1600.0,9654600.0
73,2021-10-06 07:45:00,12050.0,1400.0,9653000.0
74,2021-10-06 07:45:00,12050.0,800.0,9651600.0
75,2021-10-06 07:45:00,12050.0,2600.0,9650800.0
76,2021-10-06 07:45:00,12050.0,200.0,9648200.0
77,2021-10-06 07:45:00,12050.0,3900.0,9648000.0
78,2021-10-06 07:45:00,12050.0,600.0,9644100.0
79,2021-10-06 07:45:00,12050.0,100.0,9643500.0
80,2021-10-06 07:45:00,12050.0,5000.0,9643400.0
81,2021-10-06 07:45:00,12050.0,3000.0,9638400.0
82,2021-10-06 07:45:00,12050.0,100.0,9635400.0
83,2021-10-06 07:45:00,12050.0,2300.0,9635300.0
84,2021-10-06 07:45:00,12050.0,1700.0,9633000.0
85,2021-10-06 07:45:00,12050.0,10000.0,9631300.0
86,2021-10-06 07:45:00,12050.0,200.0,9621300.0
87,2021-10-06 07:45:00,12050.0,1000.0,9621100.0
88,2021-10-06 07:45:00,12050.0,200.0,9620100.0
89,2021-10-06 07:45:00,12050.0,300.0,9619900.0
90,2021-10-06 07:45:00,12050.0,200.0,9619600.0
91,2021-10-06 07:45:00,12050.0,500.0,9619400.0
92,2021-10-06 07:45:00,12050.0,300.0,9618900.0
93,2021-10-06 07:45:00,12050.0,500.0,9618600.0
94,2021-10-06 07:45:00,12050.0,600.0,9618100.0
95,2021-10-06 07:45:00,12050.0,35000.0,9617500.0
96,2021-10-06 07:45:00,12050.0,1800.0,9582500.0
97,2021-10-06 07:45:00,12050.0,200.0,9580700.0
98,2021-10-06 07:45:00,12050.0,25000.0,9580500.0
99,2021-10-06 07:45:00,12050.0,3000.0,9555500.0
100,2021-10-06 07:45:00,12050.0,600.0,9552500.0
101,2021-10-06 07:45:00,12050.0,400.0,9551900.0
102,2021-10-06 07:45:00,12050.0,6000.0,9551500.0
103,2021-10-06 07:29:38,12100.0,3000.0,9545500.0
104,2021-10-06 07:29:38,12100.0,600.0,9542500.0
105,2021-10-06 07:29:38,12100.0,3000.0,9541900.0
106,2021-10-06 07:29:38,12100.0,1500.0,9538900.0
107,2021-10-06 07:29:38,12100.0,200.0,9537400.0
108,2021-10-06 07:29:38,12100.0,500.0,9537200.0
109,2021-10-06 07:29:38,12100.0,1000.0,9536700.0
110,2021-10-06 07:29:38,12100.0,500.0,9535700.0
111,2021-10-06 07:29:38,12100.0,3000.0,9535200.0
112,2021-10-06 07:29:38,12100.0,200.0,9532200.0
113,2021-10-06 07:29:38,12100.0,500.0,9532000.0
114,2021-10-06 07:29:38,12100.0,100.0,9531500.0
115,2021-10-06 07:29:38,12100.0,500.0,9531400.0
116,2021-10-06 07:29:38,12100.0,100.0,9530900.0
117,2021-10-06 07:29:38,12100.0,100.0,9530800.0
118,2021-10-06 07:29:38,12100.0,10000.0,9530700.0
119,2021-10-06 07:29:38,12100.0,1000.0,9520700.0
120,2021-10-06 07:29:38,12100.0,100.0,9519700.0
121,2021-10-06 07:29:38,12100.0,2100.0,9519600.0
122,2021-10-06 07:29:35,12100.0,3500.0,9517500.0
123,2021-10-06 07:29:26,12100.0,1000.0,9514000.0
124,2021-10-06 07:29:25,12150.0,1000.0,9513000.0
125,2021-10-06 07:29:25,12100.0,900.0,9512000.0
126,2021-10-06 07:29:25,12100.0,1000.0,9511100.0
127,2021-10-06 07:29:25,12100.0,3000.0,9510100.0
128,2021-10-06 07:29:25,12100.0,4300.0,9507100.0
129,2021-10-06 07:29:25,12100.0,200.0,9502800.0
130,2021-10-06 07:29:25,12100.0,3300.0,9502600.0
131,2021-10-06 07:29:25,12100.0,4000.0,9499300.0
132,2021-10-06 07:29:25,12100.0,100.0,9495300.0
133,2021-10-06 07:29:25,12100.0,1000.0,9495200.0
134,2021-10-06 07:29:25,12100.0,500.0,9494200.0
135,2021-10-06 07:29:25,12100.0,100.0,9493700.0
136,2021-10-06 07:29:25,12100.0,100.0,9493600.0
137,2021-10-06 07:29:25,12100.0,500.0,9493500.0
138,2021-10-06 07:29:25,12100.0,500.0,9493000.0
139,2021-10-06 07:29:20,12150.0,200.0,9492500.0
140,2021-10-06 07:29:12,12150.0,200.0,9492300.0
141,2021-10-06 07:29:05,12150.0,200.0,9492100.0
142,2021-10-06 07:28:54,12150.0,200.0,9491900.0
143,2021-10-06 07:28:49,12150.0,500.0,9491700.0
144,2021-10-06 07:28:32,12150.0,4000.0,9491200.0
145,2021-10-06 07:28:32,12150.0,100.0,9487200.0
146,2021-10-06 07:28:32,12150.0,100.0,9487100.0
147,2021-10-06 07:28:32,12150.0,500.0,9487000.0
148,2021-10-06 07:28:32,12150.0,300.0,9486500.0
149,2021-10-06 07:28:24,12100.0,100.0,9486200.0
150,2021-10-06 07:28:13,12150.0,200.0,9486100.0
151,2021-10-06 07:27:59,12150.0,1500.0,9485900.0
152,2021-10-06 07:27:59,12150.0,2000.0,9484400.0
153,2021-10-06 07:27:59,12150.0,2000.0,9482400.0
154,2021-10-06 07:27:59,12150.0,4500.0,9480400.0
155,2021-10-06 07:27:58,12150.0,100.0,9475900.0
156,2021-10-06 07:27:49,12100.0,300.0,9475800.0
157,2021-10-06 07:27:22,12100.0,100.0,9475500.0
158,2021-10-06 07:27:10,12100.0,200.0,9475400.0
159,2021-10-06 07:26:57,12100.0,100.0,9475200.0
160,2021-10-06 07:26:57,12100.0,100.0,9475100.0
161,2021-10-06 07:26:57,12100.0,1600.0,9475000.0
162,2021-10-06 07:26:57,12100.0,2000.0,9473400.0
163,2021-10-06 07:26:57,12100.0,6200.0,9471400.0
164,2021-10-06 07:26:56,12100.0,3800.0,9465200.0
165,2021-10-06 07:26:56,12100.0,500.0,9461400.0
166,2021-10-06 07:26:56,12100.0,1100.0,9460900.0
167,2021-10-06 07:26:56,12100.0,500.0,9459800.0
168,2021-10-06 07:26:56,12100.0,100.0,9459300.0
169,2021-10-06 07:26:49,12100.0,300.0,9459200.0
170,2021-10-06 07:26:48,12150.0,100.0,9458900.0
171,2021-10-06 07:26:40,12100.0,200.0,9458800.0
172,2021-10-06 07:26:39,12100.0,200.0,9458600.0
173,2021-10-06 07:26:36,12100.0,300.0,9458400.0
174,2021-10-06 07:26:25,12100.0,7900.0,9458100.0
175,2021-10-06 07:26:25,12100.0,400.0,9450200.0
176,2021-10-06 07:26:25,12100.0,2200.0,9449800.0
177,2021-10-06 07:26:25,12100.0,700.0,9447600.0
178,2021-10-06 07:26:25,12100.0,1000.0,9446900.0
179,2021-10-06 07:26:25,12100.0,1100.0,9445900.0
180,2021-10-06 07:26:25,12100.0,200.0,9444800.0
181,2021-10-06 07:26:25,12100.0,100.0,9444600.0
182,2021-10-06 07:26:25,12100.0,500.0,9444500.0
183,2021-10-06 07:26:25,12100.0,200.0,9444000.0
184,2021-10-06 07:26:25,12100.0,2000.0,9443800.0
185,2021-10-06 07:26:25,12100.0,500.0,9441800.0
186,2021-10-06 07:26:25,12100.0,800.0,9441300.0
187,2021-10-06 07:26:25,12100.0,1000.0,9440500.0
188,2021-10-06 07:26:25,12100.0,1400.0,9439500.0
189,2021-10-06 07:26:05,12100.0,2800.0,9438100.0
190,2021-10-06 07:26:05,12100.0,200.0,9435300.0
191,2021-10-06 07:26:05,12100.0,1000.0,9435100.0
192,2021-10-06 07:26:05,12100.0,2300.0,9434100.0
193,2021-10-06 07:26:05,12100.0,200.0,9431800.0
194,2021-10-06 07:26:05,12100.0,3600.0,9431600.0
195,2021-10-06 07:26:05,12100.0,500.0,9428000.0
196,2021-10-06 07:26:05,12100.0,3000.0,9427500.0
197,2021-10-06 07:26:05,12100.0,200.0,9424500.0
198,2021-10-06 07:26:05,12100.0,500.0,9424300.0
199,2021-10-06 07:26:05,12100.0,500.0,9423800.0
200,2021-10-06 07:26:05,12100.0,200.0,9423300.0
201,2021-10-06 07:26:05,12100.0,1900.0,9423100.0
202,2021-10-06 07:26:05,12100.0,3100.0,9421200.0
203,2021-10-06 07:26:05,12100.0,500.0,9418100.0
204,2021-10-06 07:26:05,12100.0,200.0,9417600.0
205,2021-10-06 07:26:05,12100.0,1000.0,9417400.0
206,2021-10-06 07:26:05,12100.0,100.0,9416400.0
207,2021-10-06 07:26:05,12100.0,300.0,9416300.0
208,2021-10-06 07:26:05,12100.0,500.0,9416000.0
209,2021-10-06 07:26:05,12100.0,1000.0,9415500.0
210,2021-10-06 07:26:05,12100.0,3000.0,9414500.0
211,2021-10-06 07:26:05,12100.0,100.0,9411500.0
212,2021-10-06 07:26:05,12100.0,400.0,9411400.0
213,2021-10-06 07:26:05,12100.0,800.0,9411000.0
214,2021-10-06 07:26:05,12100.0,900.0,9410200.0
215,2021-10-06 07:26:05,12100.0,300.0,9409300.0
216,2021-10-06 07:26:05,12100.0,100.0,9409000.0
217,2021-10-06 07:26:05,12100.0,100.0,9408900.0
218,2021-10-06 07:26:05,12100.0,5000.0,9408800.0
219,2021-10-06 07:26:05,12100.0,1000.0,9403800.0
220,2021-10-06 07:26:05,12100.0,300.0,9402800.0
221,2021-10-06 07:26:05,12100.0,300.0,9402500.0
222,2021-10-06 07:26:05,12100.0,100.0,9402200.0
223,2021-10-06 07:26:05,12100.0,2000.0,9402100.0
224,2021-10-06 07:26:05,12100.0,100.0,9400100.0
225,2021-10-06 07:26:05,12100.0,1000.0,9400000.0
226,2021-10-06 07:26:05,12100.0,2000.0,9399000.0
227,2021-10-06 07:26:05,12100.0,500.0,9397000.0
228,2021-10-06 07:26:05,12100.0,500.0,9396500.0
229,2021-10-06 07:26:05,12100.0,100.0,9396000.0
230,2021-10-06 07:26:05,12100.0,5000.0,9395900.0
231,2021-10-06 07:26:05,12100.0,2000.0,9390900.0
232,2021-10-06 07:26:05,12100.0,200.0,9388900.0
233,2021-10-06 07:26:05,12100.0,4600.0,9388700.0
234,2021-10-06 07:26:05,12100.0,1000.0,9384100.0
235,2021-10-06 07:26:05,12100.0,100.0,9383100.0
236,2021-10-06 07:26:05,12100.0,500.0,9383000.0
237,2021-10-06 07:26:04,12150.0,100.0,9382500.0
238,2021-10-06 07:26:01,12100.0,2500.0,9382400.0
239,2021-10-06 07:26:01,12100.0,1000.0,9379900.0
240,2021-10-06 07:26:01,12100.0,200.0,9378900.0
241,2021-10-06 07:25:42,12100.0,4800.0,9378700.0
242,2021-10-06 07:25:42,12100.0,500.0,9373900.0
243,2021-10-06 07:25:42,12100.0,14700.0,9373400.0
244,2021-10-06 07:25:37,12100.0,3000.0,9358700.0
245,2021-10-06 07:25:35,12100.0,2300.0,9355700.0
246,2021-10-06 07:25:35,12100.0,1500.0,9353400.0
247,2021-10-06 07:25:25,12100.0,500.0,9351900.0
248,2021-10-06 07:25:25,12100.0,2000.0,9351400.0
249,2021-10-06 07:25:25,12100.0,100.0,9349400.0
250,2021-10-06 07:25:25,12100.0,400.0,9349300.0
251,2021-10-06 07:25:25,12100.0,500.0,9348900.0
252,2021-10-06 07:25:25,12100.0,1500.0,9348400.0
253,2021-10-06 07:25:16,12150.0,1500.0,9346900.0
254,2021-10-06 07:25:09,12150.0,3700.0,9345400.0
255,2021-10-06 07:25:09,12150.0,500.0,9341700.0
256,2021-10-06 07:25:09,12150.0,1000.0,9341200.0
257,2021-10-06 07:25:09,12150.0,500.0,9340200.0
258,2021-10-06 07:25:09,12150.0,100.0,9339700.0
259,2021-10-06 07:25:09,12150.0,4200.0,9339600.0
260,2021-10-06 07:24:55,12150.0,200.0,9335400.0
261,2021-10-06 07:24:55,12150.0,300.0,9335200.0
262,2021-10-06 07:24:53,12150.0,300.0,9334900.0
263,2021-10-06 07:24:53,12150.0,600.0,9334600.0
264,2021-10-06 07:24:52,12100.0,900.0,9334000.0
265,2021-10-06 07:24:28,12150.0,100.0,9333100.0
266,2021-10-06 07:24:28,12100.0,200.0,9333000.0
267,2021-10-06 07:24:23,12150.0,100.0,9332800.0
268,2021-10-06 07:24:10,12150.0,100.0,9332700.0
269,2021-10-06 07:24:01,12150.0,100.0,9332600.0
270,2021-10-06 07:23:55,12150.0,1000.0,9332500.0
271,2021-10-06 07:23:55,12150.0,100.0,9331500.0
272,2021-10-06 07:23:55,12150.0,900.0,9331400.0
273,2021-10-06 07:23:53,12100.0,400.0,9330500.0
274,2021-10-06 07:23:51,12150.0,100.0,9330100.0
275,2021-10-06 07:23:51,12150.0,100.0,9330000.0
276,2021-10-06 07:23:51,12150.0,600.0,9329900.0
277,2021-10-06 07:23:49,12150.0,400.0,9329300.0
278,2021-10-06 07:23:49,12150.0,500.0,9328900.0
279,2021-10-06 07:23:49,12150.0,5100.0,9328400.0
280,2021-10-06 07:23:49,12150.0,300.0,9323300.0
281,2021-10-06 07:23:44,12150.0,1000.0,9323000.0
282,2021-10-06 07:23:43,12100.0,200.0,9322000.0
283,2021-10-06 07:23:41,12150.0,700.0,9321800.0
284,2021-10-06 07:23:41,12150.0,1300.0,9321100.0
285,2021-10-06 07:23:34,12100.0,2200.0,9319800.0
286,2021-10-06 07:23:34,12100.0,500.0,9317600.0
287,2021-10-06 07:23:34,12100.0,300.0,9317100.0
288,2021-10-06 07:23:10,12150.0,200.0,9316800.0
289,2021-10-06 07:23:10,12150.0,800.0,9316600.0
290,2021-10-06 07:23:05,12100.0,4700.0,9315800.0
291,2021-10-06 07:23:05,12100.0,800.0,9311100.0
292,2021-10-06 07:23:05,12100.0,1400.0,9310300.0
293,2021-10-06 07:23:05,12100.0,1000.0,9308900.0
294,2021-10-06 07:23:05,12100.0,1500.0,9307900.0
295,2021-10-06 07:23:05,12100.0,100.0,9306400.0
296,2021-10-06 07:23:05,12100.0,1000.0,9306300.0
297,2021-10-06 07:23:05,12100.0,500.0,9305300.0
298,2021-10-06 07:23:05,12100.0,5700.0,9304800.0
299,2021-10-06 07:23:05,12100.0,1000.0,9299100.0
300,2021-10-06 07:23:05,12100.0,100.0,9298100.0
301,2021-10-06 07:22:27,12100.0,400.0,9298000.0
302,2021-10-06 07:22:27,12100.0,2000.0,9297600.0
303,2021-10-06 07:22:27,12100.0,100.0,9295600.0
304,2021-10-06 07:22:27,12100.0,100.0,9295500.0
305,2021-10-06 07:22:27,12100.0,100.0,9295400.0
306,2021-10-06 07:22:27,12100.0,500.0,9295300.0
307,2021-10-06 07:22:27,12100.0,1500.0,9294800.0
308,2021-10-06 07:22:27,12100.0,1000.0,9293300.0
309,2021-10-06 07:22:27,12100.0,200.0,9292300.0
310,2021-10-06 07:22:27,12100.0,600.0,9292100.0
311,2021-10-06 07:22:27,12100.0,200.0,9291500.0
312,2021-10-06 07:22:27,12100.0,4000.0,9291300.0
313,2021-10-06 07:22:27,12100.0,22300.0,9287300.0
314,2021-10-06 07:22:24,12150.0,500.0,9265000.0
315,2021-10-06 07:22:00,12150.0,300.0,9264500.0
316,2021-10-06 07:21:58,12150.0,2000.0,9264200.0
317,2021-10-06 07:21:35,12150.0,500.0,9262200.0
318,2021-10-06 07:21:35,12150.0,700.0,9261700.0
319,2021-10-06 07:21:31,12150.0,100.0,9261000.0
320,2021-10-06 07:21:14,12150.0,400.0,9260900.0
321,2021-10-06 07:21:13,12100.0,1000.0,9260500.0
322,2021-10-06 07:21:12,12150.0,2000.0,9259500.0
323,2021-10-06 07:21:07,12150.0,1000.0,9257500.0
324,2021-10-06 07:20:53,12150.0,2000.0,9256500.0
325,2021-10-06 07:20:51,12150.0,3300.0,9254500.0
326,2021-10-06 07:20:29,12150.0,1000.0,9251200.0
327,2021-10-06 07:20:25,12150.0,300.0,9250200.0
328,2021-10-06 07:20:25,12150.0,1000.0,9249900.0
329,2021-10-06 07:20:17,12150.0,4100.0,9248900.0
330,2021-10-06 07:20:17,12150.0,2000.0,9244800.0
331,2021-10-06 07:20:17,12150.0,3900.0,9242800.0
332,2021-10-06 07:20:15,12150.0,1100.0,9238900.0
333,2021-10-06 07:20:15,12150.0,900.0,9237800.0
334,2021-10-06 07:20:15,12150.0,300.0,9236900.0
335,2021-10-06 07:20:15,12150.0,100.0,9236600.0
336,2021-10-06 07:20:15,12150.0,100.0,9236500.0
337,2021-10-06 07:20:15,12150.0,700.0,9236400.0
338,2021-10-06 07:19:59,12150.0,100.0,9235700.0
339,2021-10-06 07:19:56,12150.0,200.0,9235600.0
340,2021-10-06 07:19:47,12150.0,200.0,9235400.0
341,2021-10-06 07:19:44,12150.0,100.0,9235200.0
342,2021-10-06 07:19:44,12150.0,100.0,9235100.0
343,2021-10-06 07:19:44,12150.0,2700.0,9235000.0
344,2021-10-06 07:19:12,12150.0,300.0,9232300.0
345,2021-10-06 07:19:06,12150.0,2500.0,9232000.0
346,2021-10-06 07:19:00,12150.0,100.0,9229500.0
347,2021-10-06 07:18:56,12150.0,200.0,9229400.0
348,2021-10-06 07:18:56,12150.0,3000.0,9229200.0
349,2021-10-06 07:18:56,12150.0,3000.0,9226200.0
350,2021-10-06 07:18:56,12150.0,800.0,9223200.0
351,2021-10-06 07:18:53,12150.0,600.0,9222400.0
352,2021-10-06 07:18:13,12150.0,500.0,9221800.0
353,2021-10-06 07:17:51,12150.0,100.0,9221300.0
354,2021-10-06 07:17:39,12150.0,1000.0,9221200.0
355,2021-10-06 07:17:39,12150.0,3000.0,9220200.0
356,2021-10-06 07:17:39,12150.0,1000.0,9217200.0
357,2021-10-06 07:17:23,12100.0,700.0,9216200.0
358,2021-10-06 07:16:50,12100.0,2000.0,9215500.0
359,2021-10-06 07:16:50,12100.0,1000.0,9213500.0
360,2021-10-06 07:16:50,12100.0,1700.0,9212500.0
361,2021-10-06 07:16:39,12150.0,2000.0,9210800.0
362,2021-10-06 07:16:39,12150.0,3000.0,9208800.0
363,2021-10-06 07:16:39,12150.0,100.0,9205800.0
364,2021-10-06 07:16:39,12150.0,900.0,9205700.0
365,2021-10-06 07:16:34,12150.0,300.0,9204800.0
366,2021-10-06 07:16:26,12150.0,200.0,9204500.0
367,2021-10-06 07:16:19,12150.0,2000.0,9204300.0
368,2021-10-06 07:16:04,12150.0,1600.0,9202300.0
369,2021-10-06 07:16:04,12150.0,1000.0,9200700.0
370,2021-10-06 07:16:04,12150.0,1500.0,9199700.0
371,2021-10-06 07:16:04,12150.0,500.0,9198200.0
372,2021-10-06 07:16:04,12150.0,100.0,9197700.0
373,2021-10-06 07:16:04,12150.0,2000.0,9197600.0
374,2021-10-06 07:16:04,12150.0,1000.0,9195600.0
375,2021-10-06 07:16:04,12150.0,300.0,9194600.0
376,2021-10-06 07:16:04,12150.0,500.0,9194300.0
377,2021-10-06 07:16:04,12150.0,500.0,9193800.0
378,2021-10-06 07:16:04,12150.0,2000.0,9193300.0
379,2021-10-06 07:16:04,12150.0,5200.0,9191300.0
380,2021-10-06 07:16:04,12150.0,100.0,9186100.0
381,2021-10-06 07:16:04,12150.0,1000.0,9186000.0
382,2021-10-06 07:16:04,12150.0,1000.0,9185000.0
383,2021-10-06 07:16:04,12150.0,1000.0,9184000.0
384,2021-10-06 07:16:04,12150.0,700.0,9183000.0
385,2021-10-06 07:15:52,12150.0,300.0,9182300.0
386,2021-10-06 07:15:50,12150.0,500.0,9182000.0
387,2021-10-06 07:15:45,12100.0,500.0,9181500.0
388,2021-10-06 07:15:43,12150.0,100.0,9181000.0
389,2021-10-06 07:15:43,12150.0,100.0,9180900.0
390,2021-10-06 07:15:30,12150.0,400.0,9180800.0
391,2021-10-06 07:15:30,12150.0,1000.0,9180400.0
392,2021-10-06 07:15:30,12150.0,100.0,9179400.0
393,2021-10-06 07:15:30,12150.0,300.0,9179300.0
394,2021-10-06 07:15:30,12150.0,100.0,9179000.0
395,2021-10-06 07:15:30,12150.0,1000.0,9178900.0
396,2021-10-06 07:15:30,12150.0,1000.0,9177900.0
397,2021-10-06 07:15:30,12150.0,100.0,9176900.0
398,2021-10-06 07:15:30,12150.0,2000.0,9176800.0
399,2021-10-06 07:15:30,12150.0,4000.0,9174800.0
400,2021-10-06 07:15:03,12150.0,300.0,9170800.0
401,2021-10-06 07:14:54,12150.0,100.0,9170500.0
402,2021-10-06 07:14:30,12150.0,500.0,9170400.0
403,2021-10-06 07:14:28,12150.0,1000.0,9169900.0
404,2021-10-06 07:14:23,12100.0,7000.0,9168900.0
405,2021-10-06 07:14:07,12150.0,1300.0,9161900.0
406,2021-10-06 07:14:04,12100.0,200.0,9160600.0
407,2021-10-06 07:13:36,12100.0,700.0,9160400.0
408,2021-10-06 07:13:27,12150.0,200.0,9159700.0
409,2021-10-06 07:13:14,12100.0,200.0,9159500.0
410,2021-10-06 07:13:10,12150.0,1800.0,9159300.0
411,2021-10-06 07:13:07,12150.0,400.0,9157500.0
412,2021-10-06 07:13:07,12150.0,400.0,9157100.0
413,2021-10-06 07:13:07,12150.0,1000.0,9156700.0
414,2021-10-06 07:13:07,12150.0,1000.0,9155700.0
415,2021-10-06 07:13:07,12150.0,2000.0,9154700.0
416,2021-10-06 07:13:07,12150.0,2000.0,9152700.0
417,2021-10-06 07:13:07,12150.0,100.0,9150700.0
418,2021-10-06 07:12:55,12150.0,100.0,9150600.0
419,2021-10-06 07:12:51,12150.0,200.0,9150500.0
420,2021-10-06 07:12:50,12150.0,1000.0,9150300.0
421,2021-10-06 07:12:34,12150.0,1000.0,9149300.0
422,2021-10-06 07:12:22,12150.0,200.0,9148300.0
423,2021-10-06 07:12:12,12150.0,100.0,9148100.0
424,2021-10-06 07:12:10,12150.0,700.0,9148000.0
425,2021-10-06 07:12:05,12150.0,200.0,9147300.0
426,2021-10-06 07:11:57,12150.0,16800.0,9147100.0
427,2021-10-06 07:11:57,12150.0,3800.0,9130300.0
428,2021-10-06 07:11:54,12150.0,100.0,9126500.0
429,2021-10-06 07:11:52,12150.0,600.0,9126400.0
430,2021-10-06 07:11:45,12150.0,300.0,9125800.0
431,2021-10-06 07:11:39,12150.0,200.0,9125500.0
432,2021-10-06 07:11:39,12150.0,200.0,9125300.0
433,2021-10-06 07:11:39,12150.0,500.0,9125100.0
434,2021-10-06 07:11:39,12150.0,100.0,9124600.0
435,2021-10-06 07:11:32,12150.0,300.0,9124500.0
436,2021-10-06 07:11:32,12150.0,500.0,9124200.0
437,2021-10-06 07:11:16,12150.0,100.0,9123700.0
438,2021-10-06 07:10:52,12150.0,300.0,9123600.0
439,2021-10-06 07:10:20,12150.0,100.0,9123300.0
440,2021-10-06 07:10:14,12150.0,100.0,9123200.0
441,2021-10-06 07:10:01,12150.0,100.0,9123100.0
442,2021-10-06 07:09:52,12150.0,400.0,9123000.0
443,2021-10-06 07:09:52,12150.0,200.0,9122600.0
444,2021-10-06 07:09:52,12150.0,100.0,9122400.0
445,2021-10-06 07:09:52,12150.0,100.0,9122300.0
446,2021-10-06 07:09:29,12150.0,900.0,9122200.0
447,2021-10-06 07:09:29,12150.0,100.0,9121300.0
448,2021-10-06 07:08:44,12100.0,1000.0,9121200.0
449,2021-10-06 07:08:25,12100.0,2000.0,9120200.0
450,2021-10-06 07:08:21,12100.0,500.0,9118200.0
451,2021-10-06 07:08:17,12100.0,1700.0,9117700.0
452,2021-10-06 07:07:28,12100.0,100.0,9116000.0
453,2021-10-06 07:07:04,12100.0,500.0,9115900.0
454,2021-10-06 07:06:53,12100.0,500.0,9115400.0
455,2021-10-06 07:06:53,12100.0,1600.0,9114900.0
456,2021-10-06 07:05:10,12100.0,1000.0,9113300.0
457,2021-10-06 07:05:09,12100.0,100.0,9112300.0
458,2021-10-06 07:05:09,12100.0,100.0,9112200.0
459,2021-10-06 07:05:09,12100.0,1000.0,9112100.0
460,2021-10-06 07:05:09,12100.0,3000.0,9111100.0
461,2021-10-06 07:05:09,12100.0,1000.0,9108100.0
462,2021-10-06 07:05:09,12100.0,5000.0,9107100.0
463,2021-10-06 07:05:09,12100.0,1000.0,9102100.0
464,2021-10-06 07:05:09,12100.0,3000.0,9101100.0
465,2021-10-06 07:05:09,12100.0,2000.0,9098100.0
466,2021-10-06 07:05:09,12100.0,2200.0,9096100.0
467,2021-10-06 07:05:09,12100.0,700.0,9093900.0
468,2021-10-06 07:05:09,12100.0,1000.0,9093200.0
469,2021-10-06 07:05:09,12100.0,17300.0,9092200.0
470,2021-10-06 07:05:02,12100.0,1000.0,9074900.0
471,2021-10-06 07:05:01,12100.0,4500.0,9073900.0
472,2021-10-06 07:05:00,12100.0,3000.0,9069400.0
473,2021-10-06 07:04:59,12100.0,800.0,9066400.0
474,2021-10-06 07:04:49,12100.0,7200.0,9065600.0
475,2021-10-06 07:04:46,12100.0,1000.0,9058400.0
476,2021-10-06 07:04:24,12100.0,500.0,9057400.0
477,2021-10-06 07:04:20,12100.0,100.0,9056900.0
478,2021-10-06 07:04:06,12100.0,1000.0,9056800.0
479,2021-10-06 07:03:58,12100.0,10000.0,9055800.0
480,2021-10-06 07:03:57,12100.0,2000.0,9045800.0
481,2021-10-06 07:03:56,12100.0,200.0,9043800.0
482,2021-10-06 07:03:55,12100.0,1000.0,9043600.0
483,2021-10-06 07:03:42,12050.0,300.0,9042600.0
484,2021-10-06 07:03:33,12100.0,400.0,9042300.0
485,2021-10-06 07:03:33,12100.0,500.0,9041900.0
486,2021-10-06 07:03:33,12100.0,900.0,9041400.0
487,2021-10-06 07:03:33,12100.0,100.0,9040500.0
488,2021-10-06 07:03:33,12100.0,200.0,9040400.0
489,2021-10-06 07:03:33,12100.0,100.0,9040200.0
490,2021-10-06 07:03:33,12100.0,200.0,9040100.0
491,2021-10-06 07:03:33,12100.0,600.0,9039900.0
492,2021-10-06 07:03:33,12100.0,300.0,9039300.0
493,2021-10-06 07:03:33,12100.0,1700.0,9039000.0
494,2021-10-06 07:02:51,12100.0,100.0,9037300.0
495,2021-10-06 07:02:43,12100.0,1200.0,9037200.0
496,2021-10-06 07:02:23,12100.0,1000.0,9036000.0
497,2021-10-06 07:02:23,12100.0,200.0,9035000.0
498,2021-10-06 07:02:22,12100.0,1000.0,9034800.0
499,2021-10-06 07:02:19,12100.0,300.0,9033800.0
500,2021-10-06 07:02:19,12100.0,1500.0,9033500.0
501,2021-10-06 07:02:19,12100.0,5000.0,9032000.0
502,2021-10-06 07:02:19,12100.0,1000.0,9027000.0
503,2021-10-06 07:02:19,12100.0,2200.0,9026000.0
504,2021-10-06 07:02:08,12100.0,2000.0,9023800.0
505,2021-10-06 07:01:54,12100.0,4000.0,9021800.0
506,2021-10-06 07:01:49,12100.0,100.0,9017800.0
507,2021-10-06 07:01:33,12100.0,3700.0,9017700.0
508,2021-10-06 07:01:33,12100.0,2000.0,9014000.0
509,2021-10-06 07:01:33,12100.0,4300.0,9012000.0
510,2021-10-06 07:01:22,12100.0,200.0,9007700.0
511,2021-10-06 07:01:19,12050.0,100.0,9007500.0
512,2021-10-06 07:01:19,12050.0,400.0,9007400.0
513,2021-10-06 07:01:06,12100.0,100.0,9007000.0
514,2021-10-06 07:01:00,12100.0,1400.0,9006900.0
515,2021-10-06 07:00:58,12100.0,500.0,9005500.0
516,2021-10-06 07:00:12,12100.0,100.0,9005000.0
517,2021-10-06 06:59:55,12100.0,200.0,9004900.0
518,2021-10-06 06:59:55,12100.0,500.0,9004700.0
519,2021-10-06 06:59:55,12100.0,2000.0,9004200.0
520,2021-10-06 06:59:55,12100.0,1000.0,9002200.0
521,2021-10-06 06:59:55,12100.0,1000.0,9001200.0
522,2021-10-06 06:59:55,12100.0,1000.0,9000200.0
523,2021-10-06 06:59:55,12100.0,300.0,8999200.0
524,2021-10-06 06:59:55,12100.0,4000.0,8998900.0
525,2021-10-06 06:59:55,12100.0,2000.0,8994900.0
526,2021-10-06 06:59:55,12100.0,100.0,8992900.0
527,2021-10-06 06:59:55,12100.0,1000.0,8992800.0
528,2021-10-06 06:59:55,12100.0,300.0,8991800.0
529,2021-10-06 06:59:48,12100.0,3300.0,8991500.0
530,2021-10-06 06:59:48,12100.0,1000.0,8988200.0
531,2021-10-06 06:59:48,12100.0,400.0,8987200.0
532,2021-10-06 06:59:48,12100.0,300.0,8986800.0
533,2021-10-06 06:59:48,12100.0,100.0,8986500.0
534,2021-10-06 06:59:48,12100.0,1900.0,8986400.0
535,2021-10-06 06:59:41,12100.0,1300.0,8984500.0
536,2021-10-06 06:59:41,12100.0,900.0,8983200.0
537,2021-10-06 06:59:41,12100.0,200.0,8982300.0
538,2021-10-06 06:59:41,12100.0,500.0,8982100.0
539,2021-10-06 06:59:41,12100.0,2000.0,8981600.0
540,2021-10-06 06:59:41,12100.0,1000.0,8979600.0
541,2021-10-06 06:59:41,12100.0,2000.0,8978600.0
542,2021-10-06 06:59:41,12100.0,100.0,8976600.0
543,2021-10-06 06:59:41,12100.0,200.0,8976500.0
544,2021-10-06 06:59:41,12100.0,500.0,8976300.0
545,2021-10-06 06:59:41,12100.0,3000.0,8975800.0
546,2021-10-06 06:59:41,12100.0,100.0,8972800.0
547,2021-10-06 06:59:41,12100.0,1000.0,8972700.0
548,2021-10-06 06:59:41,12100.0,200.0,8971700.0
549,2021-10-06 06:59:41,12100.0,5000.0,8971500.0
550,2021-10-06 06:59:41,12100.0,200.0,8966500.0
551,2021-10-06 06:59:41,12100.0,500.0,8966300.0
552,2021-10-06 06:59:41,12100.0,300.0,8965800.0
553,2021-10-06 06:59:35,12100.0,700.0,8965500.0
554,2021-10-06 06:59:35,12100.0,700.0,8964800.0
555,2021-10-06 06:59:35,12100.0,600.0,8964100.0
556,2021-10-06 06:59:28,12100.0,400.0,8963500.0
557,2021-10-06 06:59:28,12100.0,18600.0,8963100.0
558,2021-10-06 06:59:27,12100.0,1400.0,8944500.0
559,2021-10-06 06:59:27,12100.0,500.0,8943100.0
560,2021-10-06 06:58:29,12100.0,100.0,8942600.0
561,2021-10-06 06:58:29,12100.0,900.0,8942500.0
562,2021-10-06 06:58:24,12100.0,500.0,8941600.0
563,2021-10-06 06:57:57,12100.0,100.0,8941100.0
564,2021-10-06 06:57:57,12100.0,5000.0,8941000.0
565,2021-10-06 06:57:49,12100.0,3500.0,8936000.0
566,2021-10-06 06:57:49,12100.0,1500.0,8932500.0
567,2021-10-06 06:57:36,12100.0,100.0,8931000.0
568,2021-10-06 06:57:25,12100.0,100.0,8930900.0
569,2021-10-06 06:57:25,12100.0,2500.0,8930800.0
570,2021-10-06 06:57:14,12100.0,1000.0,8928300.0
571,2021-10-06 06:56:56,12100.0,500.0,8927300.0
572,2021-10-06 06:56:45,12100.0,4300.0,8926800.0
573,2021-10-06 06:56:45,12100.0,5000.0,8922500.0
574,2021-10-06 06:56:45,12100.0,1000.0,8917500.0
575,2021-10-06 06:56:45,12100.0,100.0,8916500.0
576,2021-10-06 06:56:45,12100.0,200.0,8916400.0
577,2021-10-06 06:56:45,12100.0,200.0,8916200.0
578,2021-10-06 06:56:45,12100.0,100.0,8916000.0
579,2021-10-06 06:56:45,12100.0,1000.0,8915900.0
580,2021-10-06 06:56:45,12100.0,6400.0,8914900.0
581,2021-10-06 06:56:45,12100.0,100.0,8908500.0
582,2021-10-06 06:56:45,12100.0,100.0,8908400.0
583,2021-10-06 06:56:45,12100.0,1500.0,8908300.0
584,2021-10-06 06:56:43,12100.0,3000.0,8906800.0
585,2021-10-06 06:56:10,12100.0,5000.0,8903800.0
586,2021-10-06 06:56:09,12100.0,500.0,8898800.0
587,2021-10-06 06:56:03,12100.0,100.0,8898300.0
588,2021-10-06 06:55:58,12100.0,3000.0,8898200.0
589,2021-10-06 06:55:54,12100.0,500.0,8895200.0
590,2021-10-06 06:55:47,12150.0,100.0,8894700.0
591,2021-10-06 06:55:27,12100.0,8100.0,8894600.0
592,2021-10-06 06:55:25,12100.0,4500.0,8886500.0
593,2021-10-06 06:55:25,12100.0,900.0,8882000.0
594,2021-10-06 06:55:25,12100.0,500.0,8881100.0
595,2021-10-06 06:55:25,12100.0,3000.0,8880600.0
596,2021-10-06 06:55:25,12100.0,200.0,8877600.0
597,2021-10-06 06:55:25,12100.0,500.0,8877400.0
598,2021-10-06 06:55:25,12100.0,1000.0,8876900.0
599,2021-10-06 06:55:25,12100.0,2000.0,8875900.0
600,2021-10-06 06:55:25,12100.0,100.0,8873900.0
601,2021-10-06 06:55:25,12100.0,100.0,8873800.0
602,2021-10-06 06:55:25,12100.0,400.0,8873700.0
603,2021-10-06 06:55:25,12100.0,300.0,8873300.0
604,2021-10-06 06:55:25,12100.0,100.0,8873000.0
605,2021-10-06 06:55:25,12100.0,500.0,8872900.0
606,2021-10-06 06:55:25,12100.0,1000.0,8872400.0
607,2021-10-06 06:55:25,12100.0,200.0,8871400.0
608,2021-10-06 06:55:25,12100.0,300.0,8871200.0
609,2021-10-06 06:55:25,12100.0,1000.0,8870900.0
610,2021-10-06 06:55:25,12100.0,300.0,8869900.0
611,2021-10-06 06:55:25,12100.0,3000.0,8869600.0
612,2021-10-06 06:55:25,12100.0,200.0,8866600.0
613,2021-10-06 06:55:25,12100.0,200.0,8866400.0
614,2021-10-06 06:55:25,12100.0,10000.0,8866200.0
615,2021-10-06 06:55:25,12100.0,400.0,8856200.0
616,2021-10-06 06:55:25,12100.0,200.0,8855800.0
617,2021-10-06 06:55:25,12100.0,1000.0,8855600.0
618,2021-10-06 06:55:25,12100.0,200.0,8854600.0
619,2021-10-06 06:55:25,12100.0,200.0,8854400.0
620,2021-10-06 06:55:25,12100.0,200.0,8854200.0
621,2021-10-06 06:55:25,12100.0,9900.0,8854000.0
622,2021-10-06 06:55:25,12100.0,500.0,8844100.0
623,2021-10-06 06:55:25,12100.0,100.0,8843600.0
624,2021-10-06 06:55:25,12100.0,2000.0,8843500.0
625,2021-10-06 06:55:25,12100.0,2000.0,8841500.0
626,2021-10-06 06:55:25,12100.0,100.0,8839500.0
627,2021-10-06 06:55:25,12100.0,1000.0,8839400.0
628,2021-10-06 06:55:25,12100.0,1900.0,8838400.0
629,2021-10-06 06:55:12,12100.0,100.0,8836500.0
630,2021-10-06 06:55:12,12100.0,200.0,8836400.0
631,2021-10-06 06:54:57,12100.0,200.0,8836200.0
632,2021-10-06 06:54:52,12100.0,1000.0,8836000.0
633,2021-10-06 06:54:48,12100.0,3600.0,8835000.0
634,2021-10-06 06:54:00,12100.0,500.0,8831400.0
635,2021-10-06 06:53:49,12100.0,4000.0,8830900.0
636,2021-10-06 06:53:49,12100.0,1000.0,8826900.0
637,2021-10-06 06:53:49,12100.0,10000.0,8825900.0
638,2021-10-06 06:53:49,12100.0,200.0,8815900.0
639,2021-10-06 06:53:49,12100.0,5000.0,8815700.0
640,2021-10-06 06:53:49,12100.0,3000.0,8810700.0
641,2021-10-06 06:53:49,12100.0,100.0,8807700.0
642,2021-10-06 06:53:49,12100.0,2000.0,8807600.0
643,2021-10-06 06:53:49,12100.0,1000.0,8805600.0
644,2021-10-06 06:53:49,12100.0,300.0,8804600.0
645,2021-10-06 06:53:49,12100.0,100.0,8804300.0
646,2021-10-06 06:53:49,12100.0,100.0,8804200.0
647,2021-10-06 06:53:49,12100.0,1000.0,8804100.0
648,2021-10-06 06:53:49,12100.0,2200.0,8803100.0
649,2021-10-06 06:53:36,12100.0,100.0,8800900.0
650,2021-10-06 06:53:32,12100.0,8500.0,8800800.0
651,2021-10-06 06:53:32,12100.0,800.0,8792300.0
652,2021-10-06 06:53:32,12100.0,2000.0,8791500.0
653,2021-10-06 06:53:32,12100.0,200.0,8789500.0
654,2021-10-06 06:53:32,12100.0,100.0,8789300.0
655,2021-10-06 06:53:32,12100.0,500.0,8789200.0
656,2021-10-06 06:53:32,12100.0,500.0,8788700.0
657,2021-10-06 06:53:32,12100.0,2000.0,8788200.0
658,2021-10-06 06:53:32,12100.0,1000.0,8786200.0
659,2021-10-06 06:53:32,12100.0,300.0,8785200.0
660,2021-10-06 06:53:32,12100.0,400.0,8784900.0
661,2021-10-06 06:53:32,12100.0,500.0,8784500.0
662,2021-10-06 06:53:32,12100.0,200.0,8784000.0
663,2021-10-06 06:52:55,12100.0,800.0,8783800.0
664,2021-10-06 06:52:55,12100.0,100.0,8783000.0
665,2021-10-06 06:52:48,12100.0,400.0,8782900.0
666,2021-10-06 06:52:48,12100.0,500.0,8782500.0
667,2021-10-06 06:52:48,12100.0,300.0,8782000.0
668,2021-10-06 06:52:48,12100.0,5000.0,8781700.0
669,2021-10-06 06:52:48,12100.0,900.0,8776700.0
670,2021-10-06 06:52:48,12100.0,5000.0,8775800.0
671,2021-10-06 06:52:48,12100.0,3000.0,8770800.0
672,2021-10-06 06:52:48,12100.0,5000.0,8767800.0
673,2021-10-06 06:52:48,12100.0,1000.0,8762800.0
674,2021-10-06 06:52:48,12100.0,500.0,8761800.0
675,2021-10-06 06:52:48,12100.0,200.0,8761300.0
676,2021-10-06 06:52:48,12100.0,1000.0,8761100.0
677,2021-10-06 06:52:48,12100.0,8000.0,8760100.0
678,2021-10-06 06:52:48,12100.0,100.0,8752100.0
679,2021-10-06 06:52:48,12100.0,1000.0,8752000.0
680,2021-10-06 06:52:48,12100.0,3000.0,8751000.0
681,2021-10-06 06:52:48,12100.0,100.0,8748000.0
682,2021-10-06 06:52:48,12100.0,500.0,8747900.0
683,2021-10-06 06:52:48,12100.0,500.0,8747400.0
684,2021-10-06 06:52:43,12150.0,200.0,8746900.0
685,2021-10-06 06:52:35,12100.0,300.0,8746700.0
686,2021-10-06 06:52:34,12150.0,300.0,8746400.0
687,2021-10-06 06:52:31,12150.0,100.0,8746100.0
688,2021-10-06 06:52:06,12150.0,100.0,8746000.0
689,2021-10-06 06:51:56,12150.0,10000.0,8745900.0
690,2021-10-06 06:51:30,12150.0,200.0,8735900.0
691,2021-10-06 06:51:07,12150.0,200.0,8735700.0
692,2021-10-06 06:50:58,12150.0,20000.0,8735500.0
693,2021-10-06 06:50:52,12150.0,3000.0,8715500.0
694,2021-10-06 06:50:46,12150.0,100.0,8712500.0
695,2021-10-06 06:50:33,12150.0,500.0,8712400.0
696,2021-10-06 06:50:25,12150.0,1000.0,8711900.0
697,2021-10-06 06:50:16,12100.0,8300.0,8710900.0
698,2021-10-06 06:50:08,12150.0,300.0,8702600.0
699,2021-10-06 06:50:07,12150.0,1000.0,8702300.0
700,2021-10-06 06:49:56,12150.0,1000.0,8701300.0
701,2021-10-06 06:49:45,12100.0,900.0,8700300.0
702,2021-10-06 06:49:45,12100.0,1400.0,8699400.0
703,2021-10-06 06:49:45,12100.0,2700.0,8698000.0
704,2021-10-06 06:49:43,12100.0,200.0,8695300.0
705,2021-10-06 06:49:41,12100.0,2100.0,8695100.0
706,2021-10-06 06:49:41,12100.0,5000.0,8693000.0
707,2021-10-06 06:49:41,12100.0,12900.0,8688000.0
708,2021-10-06 06:49:37,12150.0,1000.0,8675100.0
709,2021-10-06 06:49:10,12100.0,1000.0,8674100.0
710,2021-10-06 06:49:10,12100.0,100.0,8673100.0
711,2021-10-06 06:49:02,12100.0,1900.0,8673000.0
712,2021-10-06 06:49:02,12100.0,8100.0,8671100.0
713,2021-10-06 06:49:00,12100.0,1900.0,8663000.0
714,2021-10-06 06:49:00,12100.0,1000.0,8661100.0
715,2021-10-06 06:49:00,12100.0,2100.0,8660100.0
716,2021-10-06 06:48:53,12100.0,700.0,8658000.0
717,2021-10-06 06:48:22,12100.0,2000.0,8657300.0
718,2021-10-06 06:48:10,12100.0,2500.0,8655300.0
719,2021-10-06 06:48:03,12150.0,500.0,8652800.0
720,2021-10-06 06:47:22,12100.0,100.0,8652300.0
721,2021-10-06 06:47:21,12100.0,2000.0,8652200.0
722,2021-10-06 06:47:09,12100.0,200.0,8650200.0
723,2021-10-06 06:47:05,12150.0,1200.0,8650000.0
724,2021-10-06 06:46:56,12100.0,400.0,8648800.0
725,2021-10-06 06:46:56,12100.0,300.0,8648400.0
726,2021-10-06 06:46:56,12100.0,200.0,8648100.0
727,2021-10-06 06:46:56,12100.0,2000.0,8647900.0
728,2021-10-06 06:46:56,12100.0,100.0,8645900.0
729,2021-10-06 06:46:56,12100.0,200.0,8645800.0
730,2021-10-06 06:46:56,12100.0,1000.0,8645600.0
731,2021-10-06 06:46:56,12100.0,800.0,8644600.0
732,2021-10-06 06:46:53,12100.0,100.0,8643800.0
733,2021-10-06 06:46:49,12150.0,6000.0,8643700.0
734,2021-10-06 06:46:44,12150.0,2200.0,8637700.0
735,2021-10-06 06:46:16,12100.0,4000.0,8635500.0
736,2021-10-06 06:45:22,12100.0,1000.0,8631500.0
737,2021-10-06 06:44:44,12150.0,300.0,8630500.0
738,2021-10-06 06:44:22,12150.0,100.0,8630200.0
739,2021-10-06 06:44:12,12100.0,1700.0,8630100.0
740,2021-10-06 06:44:06,12100.0,500.0,8628400.0
741,2021-10-06 06:44:02,12150.0,1500.0,8627900.0
742,2021-10-06 06:43:54,12100.0,200.0,8626400.0
743,2021-10-06 06:43:54,12100.0,1300.0,8626200.0
744,2021-10-06 06:43:53,12100.0,700.0,8624900.0
745,2021-10-06 06:43:53,12100.0,1300.0,8624200.0
746,2021-10-06 06:43:50,12150.0,300.0,8622900.0
747,2021-10-06 06:43:36,12150.0,500.0,8622600.0
748,2021-10-06 06:43:30,12100.0,200.0,8622100.0
749,2021-10-06 06:43:29,12150.0,200.0,8621900.0
750,2021-10-06 06:43:07,12150.0,800.0,8621700.0
751,2021-10-06 06:43:00,12100.0,500.0,8620900.0
752,2021-10-06 06:42:51,12150.0,1000.0,8620400.0
753,2021-10-06 06:42:39,12150.0,9400.0,8619400.0
754,2021-10-06 06:42:39,12150.0,600.0,8610000.0
755,2021-10-06 06:42:36,12150.0,400.0,8609400.0
756,2021-10-06 06:42:36,12150.0,400.0,8609000.0
757,2021-10-06 06:42:11,12100.0,100.0,8608600.0
758,2021-10-06 06:42:10,12150.0,200.0,8608500.0
759,2021-10-06 06:41:58,12150.0,400.0,8608300.0
760,2021-10-06 06:41:58,12150.0,400.0,8607900.0
761,2021-10-06 06:41:28,12150.0,300.0,8607500.0
762,2021-10-06 06:41:14,12150.0,300.0,8607200.0
763,2021-10-06 06:41:14,12150.0,500.0,8606900.0
764,2021-10-06 06:41:14,12150.0,200.0,8606400.0
765,2021-10-06 06:41:14,12150.0,5000.0,8606200.0
766,2021-10-06 06:41:14,12150.0,3000.0,8601200.0
767,2021-10-06 06:41:14,12150.0,1000.0,8598200.0
768,2021-10-06 06:40:56,12150.0,5000.0,8597200.0
769,2021-10-06 06:40:44,12150.0,200.0,8592200.0
770,2021-10-06 06:40:43,12150.0,200.0,8592000.0
771,2021-10-06 06:40:11,12150.0,500.0,8591800.0
772,2021-10-06 06:39:25,12100.0,500.0,8591300.0
773,2021-10-06 06:39:07,12100.0,2800.0,8590800.0
774,2021-10-06 06:38:57,12100.0,1000.0,8588000.0
775,2021-10-06 06:38:50,12150.0,3100.0,8587000.0
776,2021-10-06 06:38:50,12150.0,200.0,8583900.0
777,2021-10-06 06:38:50,12150.0,500.0,8583700.0
778,2021-10-06 06:38:50,12150.0,1500.0,8583200.0
779,2021-10-06 06:38:50,12150.0,2000.0,8581700.0
780,2021-10-06 06:38:50,12150.0,700.0,8579700.0
781,2021-10-06 06:38:48,12150.0,100.0,8579000.0
782,2021-10-06 06:38:29,12150.0,100.0,8578900.0
783,2021-10-06 06:37:52,12150.0,400.0,8578800.0
784,2021-10-06 06:37:32,12100.0,500.0,8578400.0
785,2021-10-06 06:37:20,12150.0,100.0,8577900.0
786,2021-10-06 06:37:03,12100.0,500.0,8577800.0
787,2021-10-06 06:36:22,12150.0,100.0,8577300.0
788,2021-10-06 06:36:04,12150.0,1000.0,8577200.0
789,2021-10-06 06:35:58,12150.0,700.0,8576200.0
790,2021-10-06 06:35:42,12150.0,400.0,8575500.0
791,2021-10-06 06:35:41,12100.0,3000.0,8575100.0
792,2021-10-06 06:35:27,12150.0,1900.0,8572100.0
793,2021-10-06 06:35:23,12150.0,5500.0,8570200.0
794,2021-10-06 06:35:22,12150.0,300.0,8564700.0
795,2021-10-06 06:35:21,12150.0,1000.0,8564400.0
796,2021-10-06 06:35:05,12150.0,800.0,8563400.0
797,2021-10-06 06:34:38,12100.0,9600.0,8562600.0
798,2021-10-06 06:34:38,12100.0,200.0,8553000.0
799,2021-10-06 06:34:38,12100.0,400.0,8552800.0
800,2021-10-06 06:34:38,12100.0,600.0,8552400.0
801,2021-10-06 06:34:38,12100.0,2000.0,8551800.0
802,2021-10-06 06:34:38,12100.0,3000.0,8549800.0
803,2021-10-06 06:34:38,12100.0,500.0,8546800.0
804,2021-10-06 06:34:38,12100.0,600.0,8546300.0
805,2021-10-06 06:34:38,12100.0,500.0,8545700.0
806,2021-10-06 06:34:38,12100.0,400.0,8545200.0
807,2021-10-06 06:34:38,12100.0,200.0,8544800.0
808,2021-10-06 06:34:38,12100.0,1000.0,8544600.0
809,2021-10-06 06:34:38,12100.0,1000.0,8543600.0
810,2021-10-06 06:34:15,12100.0,1700.0,8542600.0
811,2021-10-06 06:34:03,12150.0,600.0,8540900.0
812,2021-10-06 06:33:59,12100.0,4100.0,8540300.0
813,2021-10-06 06:33:59,12100.0,200.0,8536200.0
814,2021-10-06 06:33:59,12100.0,100.0,8536000.0
815,2021-10-06 06:33:59,12100.0,600.0,8535900.0
816,2021-10-06 06:33:58,12100.0,800.0,8535300.0
817,2021-10-06 06:33:58,12100.0,200.0,8534500.0
818,2021-10-06 06:33:48,12100.0,300.0,8534300.0
819,2021-10-06 06:33:48,12100.0,200.0,8534000.0
820,2021-10-06 06:33:32,12100.0,100.0,8533800.0
821,2021-10-06 06:32:21,12100.0,800.0,8533700.0
822,2021-10-06 06:32:21,12100.0,300.0,8532900.0
823,2021-10-06 06:32:21,12100.0,300.0,8532600.0
824,2021-10-06 06:32:21,12100.0,800.0,8532300.0
825,2021-10-06 06:32:21,12100.0,2800.0,8531500.0
826,2021-10-06 06:32:09,12100.0,500.0,8528700.0
827,2021-10-06 06:31:59,12100.0,700.0,8528200.0
828,2021-10-06 06:31:59,12100.0,2000.0,8527500.0
829,2021-10-06 06:31:59,12100.0,200.0,8525500.0
830,2021-10-06 06:31:59,12100.0,1000.0,8525300.0
831,2021-10-06 06:31:59,12100.0,500.0,8524300.0
832,2021-10-06 06:31:59,12100.0,100.0,8523800.0
833,2021-10-06 06:31:59,12100.0,300.0,8523700.0
834,2021-10-06 06:31:59,12100.0,200.0,8523400.0
835,2021-10-06 06:30:52,12100.0,500.0,8523200.0
836,2021-10-06 06:30:49,12150.0,1000.0,8522700.0
837,2021-10-06 06:30:48,12100.0,300.0,8521700.0
838,2021-10-06 06:30:48,12150.0,500.0,8521400.0
839,2021-10-06 06:30:45,12100.0,200.0,8520900.0
840,2021-10-06 06:29:51,12100.0,100.0,8520700.0
841,2021-10-06 06:29:50,12100.0,2000.0,8520600.0
842,2021-10-06 06:29:33,12100.0,500.0,8518600.0
843,2021-10-06 06:29:16,12100.0,3000.0,8518100.0
844,2021-10-06 06:28:35,12150.0,2000.0,8515100.0
845,2021-10-06 06:28:34,12100.0,3400.0,8513100.0
846,2021-10-06 06:28:34,12100.0,2000.0,8509700.0
847,2021-10-06 06:28:34,12100.0,1000.0,8507700.0
848,2021-10-06 06:28:34,12100.0,400.0,8506700.0
849,2021-10-06 06:28:34,12100.0,200.0,8506300.0
850,2021-10-06 06:28:31,12150.0,700.0,8506100.0
851,2021-10-06 06:28:23,12150.0,13700.0,8505400.0
852,2021-10-06 06:28:07,12150.0,200.0,8491700.0
853,2021-10-06 06:27:53,12150.0,300.0,8491500.0
854,2021-10-06 06:27:46,12150.0,2100.0,8491200.0
855,2021-10-06 06:27:30,12100.0,100.0,8489100.0
856,2021-10-06 06:26:10,12150.0,100.0,8489000.0
857,2021-10-06 06:25:59,12150.0,500.0,8488900.0
858,2021-10-06 06:25:38,12150.0,5000.0,8488400.0
859,2021-10-06 06:25:37,12150.0,100.0,8483400.0
860,2021-10-06 06:25:21,12150.0,1800.0,8483300.0
861,2021-10-06 06:25:11,12150.0,100.0,8481500.0
862,2021-10-06 06:25:06,12150.0,100.0,8481400.0
863,2021-10-06 06:24:35,12150.0,100.0,8481300.0
864,2021-10-06 06:24:33,12150.0,500.0,8481200.0
865,2021-10-06 06:24:00,12150.0,700.0,8480700.0
866,2021-10-06 06:24:00,12150.0,1000.0,8480000.0
867,2021-10-06 06:24:00,12150.0,2000.0,8479000.0
868,2021-10-06 06:24:00,12150.0,1500.0,8477000.0
869,2021-10-06 06:24:00,12150.0,3000.0,8475500.0
870,2021-10-06 06:23:58,12150.0,500.0,8472500.0
871,2021-10-06 06:23:50,12150.0,200.0,8472000.0
872,2021-10-06 06:23:42,12150.0,1000.0,8471800.0
873,2021-10-06 06:23:41,12150.0,5000.0,8470800.0
874,2021-10-06 06:23:36,12150.0,100.0,8465800.0
875,2021-10-06 06:23:36,12150.0,100.0,8465700.0
876,2021-10-06 06:23:36,12150.0,300.0,8465600.0
877,2021-10-06 06:23:28,12150.0,200.0,8465300.0
878,2021-10-06 06:23:17,12150.0,500.0,8465100.0
879,2021-10-06 06:23:16,12150.0,200.0,8464600.0
880,2021-10-06 06:23:16,12150.0,100.0,8464400.0
881,2021-10-06 06:23:16,12150.0,200.0,8464300.0
882,2021-10-06 06:23:08,12150.0,100.0,8464100.0
883,2021-10-06 06:23:03,12150.0,200.0,8464000.0
884,2021-10-06 06:23:03,12150.0,200.0,8463800.0
885,2021-10-06 06:23:03,12150.0,100.0,8463600.0
886,2021-10-06 06:23:02,12150.0,200.0,8463500.0
887,2021-10-06 06:22:40,12150.0,500.0,8463300.0
888,2021-10-06 06:22:40,12150.0,2000.0,8462800.0
889,2021-10-06 06:22:40,12150.0,300.0,8460800.0
890,2021-10-06 06:22:40,12150.0,1400.0,8460500.0
891,2021-10-06 06:22:40,12150.0,100.0,8459100.0
892,2021-10-06 06:22:40,12150.0,400.0,8459000.0
893,2021-10-06 06:22:37,12150.0,900.0,8458600.0
894,2021-10-06 06:22:36,12150.0,700.0,8457700.0
895,2021-10-06 06:22:36,12150.0,300.0,8457000.0
896,2021-10-06 06:22:29,12150.0,100.0,8456700.0
897,2021-10-06 06:22:29,12150.0,100.0,8456600.0
898,2021-10-06 06:22:29,12150.0,2000.0,8456500.0
899,2021-10-06 06:22:29,12150.0,700.0,8454500.0
900,2021-10-06 06:22:29,12150.0,500.0,8453800.0
901,2021-10-06 06:22:29,12150.0,100.0,8453300.0
902,2021-10-06 06:22:29,12150.0,1500.0,8453200.0
903,2021-10-06 06:22:28,12150.0,500.0,8451700.0
904,2021-10-06 06:22:28,12150.0,3000.0,8451200.0
905,2021-10-06 06:22:28,12150.0,3000.0,8448200.0
906,2021-10-06 06:22:28,12150.0,500.0,8445200.0
907,2021-10-06 06:22:28,12150.0,200.0,8444700.0
908,2021-10-06 06:22:28,12150.0,2800.0,8444500.0
909,2021-10-06 06:22:20,12150.0,500.0,8441700.0
910,2021-10-06 06:22:12,12150.0,1000.0,8441200.0
911,2021-10-06 06:22:06,12150.0,5000.0,8440200.0
912,2021-10-06 06:22:01,12150.0,500.0,8435200.0
913,2021-10-06 06:21:56,12150.0,200.0,8434700.0
914,2021-10-06 06:21:56,12150.0,100.0,8434500.0
915,2021-10-06 06:21:56,12150.0,100.0,8434400.0
916,2021-10-06 06:21:56,12150.0,300.0,8434300.0
917,2021-10-06 06:21:56,12150.0,1300.0,8434000.0
918,2021-10-06 06:21:41,12150.0,300.0,8432700.0
919,2021-10-06 06:21:23,12150.0,100.0,8432400.0
920,2021-10-06 06:21:22,12100.0,700.0,8432300.0
921,2021-10-06 06:21:22,12100.0,2800.0,8431600.0
922,2021-10-06 06:21:22,12100.0,100.0,8428800.0
923,2021-10-06 06:21:22,12100.0,3000.0,8428700.0
924,2021-10-06 06:21:22,12100.0,7400.0,8425700.0
925,2021-10-06 06:21:14,12150.0,500.0,8418300.0
926,2021-10-06 06:21:12,12150.0,2800.0,8417800.0
927,2021-10-06 06:21:12,12150.0,500.0,8415000.0
928,2021-10-06 06:21:12,12150.0,1500.0,8414500.0
929,2021-10-06 06:21:12,12150.0,200.0,8413000.0
930,2021-10-06 06:20:39,12150.0,300.0,8412800.0
931,2021-10-06 06:20:34,12150.0,100.0,8412500.0
932,2021-10-06 06:20:34,12150.0,700.0,8412400.0
933,2021-10-06 06:20:31,12150.0,300.0,8411700.0
934,2021-10-06 06:20:29,12150.0,200.0,8411400.0
935,2021-10-06 06:20:21,12150.0,800.0,8411200.0
936,2021-10-06 06:20:21,12150.0,200.0,8410400.0
937,2021-10-06 06:19:40,12150.0,300.0,8410200.0
938,2021-10-06 06:19:40,12150.0,200.0,8409900.0
939,2021-10-06 06:19:40,12150.0,500.0,8409700.0
940,2021-10-06 06:19:33,12150.0,500.0,8409200.0
941,2021-10-06 06:19:33,12150.0,400.0,8408700.0
942,2021-10-06 06:19:33,12150.0,500.0,8408300.0
943,2021-10-06 06:19:23,12150.0,100.0,8407800.0
944,2021-10-06 06:19:19,12150.0,100.0,8407700.0
945,2021-10-06 06:19:17,12150.0,500.0,8407600.0
946,2021-10-06 06:18:26,12150.0,1800.0,8407100.0
947,2021-10-06 06:18:26,12150.0,300.0,8405300.0
948,2021-10-06 06:18:26,12150.0,500.0,8405000.0
949,2021-10-06 06:18:26,12150.0,400.0,8404500.0
950,2021-10-06 06:18:21,12150.0,1000.0,8404100.0
951,2021-10-06 06:18:15,12150.0,100.0,8403100.0
952,2021-10-06 06:18:09,12150.0,300.0,8403000.0
953,2021-10-06 06:17:30,12150.0,100.0,8402700.0
954,2021-10-06 06:17:27,12150.0,2600.0,8402600.0
955,2021-10-06 06:17:27,12150.0,400.0,8400000.0
956,2021-10-06 06:17:24,12150.0,600.0,8399600.0
957,2021-10-06 06:17:24,12150.0,200.0,8399000.0
958,2021-10-06 06:17:24,12150.0,100.0,8398800.0
959,2021-10-06 06:17:24,12150.0,400.0,8398700.0
960,2021-10-06 06:17:24,12150.0,500.0,8398300.0
961,2021-10-06 06:17:24,12150.0,3200.0,8397800.0
962,2021-10-06 06:17:24,12150.0,200.0,8394600.0
963,2021-10-06 06:16:49,12150.0,300.0,8394400.0
964,2021-10-06 06:16:48,12150.0,100.0,8394100.0
965,2021-10-06 06:16:35,12150.0,500.0,8394000.0
966,2021-10-06 06:16:28,12150.0,200.0,8393500.0
967,2021-10-06 06:16:26,12150.0,100.0,8393300.0
968,2021-10-06 06:16:26,12150.0,500.0,8393200.0
969,2021-10-06 06:16:16,12150.0,100.0,8392700.0
970,2021-10-06 06:15:33,12150.0,500.0,8392600.0
971,2021-10-06 06:15:28,12150.0,100.0,8392100.0
972,2021-10-06 06:15:04,12150.0,300.0,8392000.0
973,2021-10-06 06:15:02,12150.0,400.0,8391700.0
974,2021-10-06 06:15:00,12150.0,200.0,8391300.0
975,2021-10-06 06:14:39,12150.0,300.0,8391100.0
976,2021-10-06 06:13:32,12150.0,200.0,8390800.0
977,2021-10-06 06:13:31,12150.0,300.0,8390600.0
978,2021-10-06 06:12:51,12150.0,1200.0,8390300.0
979,2021-10-06 06:12:44,12150.0,100.0,8389100.0
980,2021-10-06 06:12:17,12150.0,1000.0,8389000.0
981,2021-10-06 06:11:57,12150.0,200.0,8388000.0
982,2021-10-06 06:11:57,12150.0,100.0,8387800.0
983,2021-10-06 06:11:56,12150.0,300.0,8387700.0
984,2021-10-06 06:11:56,12150.0,200.0,8387400.0
985,2021-10-06 06:11:40,12150.0,800.0,8387200.0
986,2021-10-06 06:10:00,12150.0,1000.0,8386400.0
987,2021-10-06 06:09:50,12150.0,3200.0,8385400.0
988,2021-10-06 06:09:50,12150.0,300.0,8382200.0
989,2021-10-06 06:09:50,12150.0,500.0,8381900.0
990,2021-10-06 06:09:50,12150.0,1000.0,8381400.0
991,2021-10-06 06:09:49,12150.0,500.0,8380400.0
992,2021-10-06 06:09:37,12150.0,500.0,8379900.0
993,2021-10-06 06:09:35,12150.0,3000.0,8379400.0
994,2021-10-06 06:09:35,12150.0,5000.0,8376400.0
995,2021-10-06 06:09:33,12150.0,10000.0,8371400.0
996,2021-10-06 06:09:28,12100.0,500.0,8361400.0
997,2021-10-06 06:08:55,12150.0,100.0,8360900.0
998,2021-10-06 06:08:55,12150.0,1000.0,8360800.0
999,2021-10-06 06:08:55,12150.0,500.0,8359800.0
1000,2021-10-06 06:08:55,12150.0,300.0,8359300.0
1001,2021-10-06 06:08:55,12150.0,100.0,8359000.0
1002,2021-10-06 06:08:55,12150.0,500.0,8358900.0
1003,2021-10-06 06:08:55,12150.0,1000.0,8358400.0
1004,2021-10-06 06:08:55,12150.0,200.0,8357400.0
1005,2021-10-06 06:08:55,12150.0,1000.0,8357200.0
1006,2021-10-06 06:08:55,12150.0,100.0,8356200.0
1007,2021-10-06 06:08:55,12150.0,200.0,8356100.0
1008,2021-10-06 06:08:46,12150.0,1000.0,8355900.0
1009,2021-10-06 06:08:42,12150.0,800.0,8354900.0
1010,2021-10-06 06:08:42,12150.0,500.0,8354100.0
1011,2021-10-06 06:08:42,12150.0,200.0,8353600.0
1012,2021-10-06 06:08:42,12150.0,2100.0,8353400.0
1013,2021-10-06 06:08:33,12150.0,100.0,8351300.0
1014,2021-10-06 06:08:30,12150.0,1000.0,8351200.0
1015,2021-10-06 06:08:27,12150.0,1000.0,8350200.0
1016,2021-10-06 06:08:25,12150.0,100.0,8349200.0
1017,2021-10-06 06:08:25,12150.0,2500.0,8349100.0
1018,2021-10-06 06:08:18,12150.0,3200.0,8346600.0
1019,2021-10-06 06:08:18,12150.0,200.0,8343400.0
1020,2021-10-06 06:08:18,12150.0,1600.0,8343200.0
1021,2021-10-06 06:08:17,12150.0,400.0,8341600.0
1022,2021-10-06 06:08:17,12150.0,500.0,8341200.0
1023,2021-10-06 06:08:17,12150.0,300.0,8340700.0
1024,2021-10-06 06:08:05,12150.0,200.0,8340400.0
1025,2021-10-06 06:07:59,12150.0,500.0,8340200.0
1026,2021-10-06 06:07:51,12150.0,1000.0,8339700.0
1027,2021-10-06 06:07:51,12150.0,200.0,8338700.0
1028,2021-10-06 06:07:51,12150.0,100.0,8338500.0
1029,2021-10-06 06:07:51,12150.0,1000.0,8338400.0
1030,2021-10-06 06:07:51,12150.0,900.0,8337400.0
1031,2021-10-06 06:07:51,12150.0,1000.0,8336500.0
1032,2021-10-06 06:07:51,12150.0,1000.0,8335500.0
1033,2021-10-06 06:07:51,12150.0,1000.0,8334500.0
1034,2021-10-06 06:07:51,12150.0,400.0,8333500.0
1035,2021-10-06 06:07:51,12150.0,200.0,8333100.0
1036,2021-10-06 06:07:51,12150.0,9000.0,8332900.0
1037,2021-10-06 06:07:51,12150.0,1000.0,8323900.0
1038,2021-10-06 06:07:51,12150.0,10000.0,8322900.0
1039,2021-10-06 06:07:51,12150.0,3200.0,8312900.0
1040,2021-10-06 06:07:46,12200.0,200.0,8309700.0
1041,2021-10-06 06:07:26,12150.0,1800.0,8309500.0
1042,2021-10-06 06:07:26,12150.0,600.0,8307700.0
1043,2021-10-06 06:07:25,12150.0,100.0,8307100.0
1044,2021-10-06 06:07:18,12150.0,100.0,8307000.0
1045,2021-10-06 06:07:10,12150.0,200.0,8306900.0
1046,2021-10-06 06:07:10,12150.0,1700.0,8306700.0
1047,2021-10-06 06:06:56,12150.0,300.0,8305000.0
1048,2021-10-06 06:06:56,12150.0,200.0,8304700.0
1049,2021-10-06 06:06:46,12150.0,300.0,8304500.0
1050,2021-10-06 06:06:46,12150.0,300.0,8304200.0
1051,2021-10-06 06:06:24,12150.0,200.0,8303900.0
1052,2021-10-06 06:06:24,12150.0,1000.0,8303700.0
1053,2021-10-06 06:06:24,12150.0,1000.0,8302700.0
1054,2021-10-06 06:06:24,12150.0,500.0,8301700.0
1055,2021-10-06 06:06:24,12150.0,500.0,8301200.0
1056,2021-10-06 06:06:24,12150.0,1500.0,8300700.0
1057,2021-10-06 06:06:24,12150.0,12900.0,8299200.0
1058,2021-10-06 06:06:24,12150.0,800.0,8286300.0
1059,2021-10-06 06:06:24,12150.0,1000.0,8285500.0
1060,2021-10-06 06:06:24,12150.0,600.0,8284500.0
1061,2021-10-06 06:06:03,12150.0,100.0,8283900.0
1062,2021-10-06 06:05:59,12150.0,100.0,8283800.0
1063,2021-10-06 06:05:47,12150.0,800.0,8283700.0
1064,2021-10-06 06:05:47,12150.0,1000.0,8282900.0
1065,2021-10-06 06:05:47,12150.0,200.0,8281900.0
1066,2021-10-06 06:05:47,12150.0,1000.0,8281700.0
1067,2021-10-06 06:05:39,12150.0,200.0,8280700.0
1068,2021-10-06 06:05:02,12150.0,1000.0,8280500.0
1069,2021-10-06 06:04:49,12150.0,100.0,8279500.0
1070,2021-10-06 06:04:40,12150.0,700.0,8279400.0
1071,2021-10-06 06:04:40,12150.0,100.0,8278700.0
1072,2021-10-06 06:04:40,12150.0,200.0,8278600.0
1073,2021-10-06 06:04:26,12150.0,300.0,8278400.0
1074,2021-10-06 06:04:26,12150.0,200.0,8278100.0
1075,2021-10-06 06:04:26,12150.0,900.0,8277900.0
1076,2021-10-06 06:04:26,12150.0,100.0,8277000.0
1077,2021-10-06 06:03:33,12150.0,200.0,8276900.0
1078,2021-10-06 06:03:28,12150.0,2000.0,8276700.0
1079,2021-10-06 06:03:20,12150.0,200.0,8274700.0
1080,2021-10-06 06:03:20,12150.0,800.0,8274500.0
1081,2021-10-06 06:03:09,12200.0,500.0,8273700.0
1082,2021-10-06 06:02:52,12200.0,100.0,8273200.0
1083,2021-10-06 06:02:38,12200.0,100.0,8273100.0
1084,2021-10-06 06:02:37,12200.0,300.0,8273000.0
1085,2021-10-06 06:02:01,12200.0,200.0,8272700.0
1086,2021-10-06 06:01:59,12200.0,1900.0,8272500.0
1087,2021-10-06 06:01:49,12200.0,500.0,8270600.0
1088,2021-10-06 06:01:47,12200.0,100.0,8270100.0
1089,2021-10-06 06:01:36,12200.0,500.0,8270000.0
1090,2021-10-06 06:01:32,12200.0,500.0,8269500.0
1091,2021-10-06 06:01:19,12200.0,2000.0,8269000.0
1092,2021-10-06 06:01:11,12200.0,100.0,8267000.0
1093,2021-10-06 06:01:09,12200.0,200.0,8266900.0
1094,2021-10-06 06:00:51,12200.0,100.0,8266700.0
1095,2021-10-06 06:00:37,12150.0,1000.0,8266600.0
1096,2021-10-06 06:00:36,12150.0,200.0,8265600.0
1097,2021-10-06 06:00:25,12150.0,3800.0,8265400.0
1098,2021-10-06 06:00:25,12150.0,200.0,8261600.0
1099,2021-10-06 06:00:25,12150.0,1000.0,8261400.0
1100,2021-10-06 06:00:24,12150.0,5000.0,8260400.0
1101,2021-10-06 06:00:18,12150.0,100.0,8255400.0
1102,2021-10-06 06:00:14,12150.0,100.0,8255300.0
1103,2021-10-06 06:00:06,12200.0,1000.0,8255200.0
1104,2021-10-06 06:00:05,12150.0,300.0,8254200.0
1105,2021-10-06 06:00:04,12150.0,100.0,8253900.0
1106,2021-10-06 06:00:03,12150.0,13400.0,8253800.0
1107,2021-10-06 06:00:03,12150.0,100.0,8240400.0
1108,2021-10-06 06:00:03,12150.0,100.0,8240300.0
1109,2021-10-06 06:00:03,12150.0,900.0,8240200.0
1110,2021-10-06 06:00:03,12150.0,5000.0,8239300.0
1111,2021-10-06 06:00:03,12150.0,500.0,8234300.0
1112,2021-10-06 06:00:02,12150.0,1000.0,8233800.0
1113,2021-10-06 06:00:02,12150.0,300.0,8232800.0
1114,2021-10-06 06:00:01,12150.0,3200.0,8232500.0
1115,2021-10-06 06:00:01,12150.0,1300.0,8229300.0
1116,2021-10-06 06:00:01,12150.0,100.0,8228000.0
1117,2021-10-06 06:00:01,12150.0,500.0,8227900.0
1118,2021-10-06 06:00:01,12150.0,800.0,8227400.0
1119,2021-10-06 06:00:00,12200.0,900.0,8226600.0
1120,2021-10-06 06:00:00,12150.0,600.0,8225700.0
1121,2021-10-06 06:00:00,12150.0,1400.0,8225100.0
1122,2021-10-06 06:00:00,12150.0,100.0,8223700.0
1123,2021-10-06 06:00:00,12150.0,500.0,8223600.0
1124,2021-10-06 06:00:00,12150.0,1000.0,8223100.0
1125,2021-10-06 06:00:00,12150.0,100.0,8222100.0
1126,2021-10-06 06:00:00,12150.0,6900.0,8222000.0
1127,2021-10-06 06:00:00,12150.0,300.0,8215100.0
1128,2021-10-06 06:00:00,12150.0,200.0,8214800.0
1129,2021-10-06 06:00:00,12150.0,300.0,8214600.0
1130,2021-10-06 06:00:00,12150.0,100.0,8214300.0
1131,2021-10-06 04:29:27,12150.0,100.0,8214200.0
1132,2021-10-06 04:29:27,12150.0,1000.0,8214100.0
1133,2021-10-06 04:29:27,12150.0,1100.0,8213100.0
1134,2021-10-06 04:29:24,12150.0,1000.0,8212000.0
1135,2021-10-06 04:29:12,12150.0,200.0,8211000.0
1136,2021-10-06 04:29:09,12150.0,100.0,8210800.0
1137,2021-10-06 04:29:09,12150.0,600.0,8210700.0
1138,2021-10-06 04:29:04,12150.0,1400.0,8210100.0
1139,2021-10-06 04:29:04,12150.0,1000.0,8208700.0
1140,2021-10-06 04:29:04,12150.0,2500.0,8207700.0
1141,2021-10-06 04:29:04,12150.0,100.0,8205200.0
1142,2021-10-06 04:29:04,12150.0,1000.0,8205100.0
1143,2021-10-06 04:29:04,12150.0,100.0,8204100.0
1144,2021-10-06 04:29:04,12150.0,100.0,8204000.0
1145,2021-10-06 04:29:04,12150.0,100.0,8203900.0
1146,2021-10-06 04:29:04,12150.0,100.0,8203800.0
1147,2021-10-06 04:29:04,12150.0,3600.0,8203700.0
1148,2021-10-06 04:29:03,12100.0,600.0,8200100.0
1149,2021-10-06 04:29:02,12150.0,6400.0,8199500.0
1150,2021-10-06 04:29:02,12150.0,100.0,8193100.0
1151,2021-10-06 04:29:02,12150.0,500.0,8193000.0
1152,2021-10-06 04:29:02,12150.0,100.0,8192500.0
1153,2021-10-06 04:29:02,12150.0,1000.0,8192400.0
1154,2021-10-06 04:29:02,12150.0,1000.0,8191400.0
1155,2021-10-06 04:29:02,12150.0,200.0,8190400.0
1156,2021-10-06 04:29:02,12150.0,500.0,8190200.0
1157,2021-10-06 04:29:02,12150.0,200.0,8189700.0
1158,2021-10-06 04:28:52,12150.0,400.0,8189500.0
1159,2021-10-06 04:28:52,12150.0,800.0,8189100.0
1160,2021-10-06 04:28:17,12150.0,200.0,8188300.0
1161,2021-10-06 04:28:15,12100.0,500.0,8188100.0
1162,2021-10-06 04:27:53,12150.0,100.0,8187600.0
1163,2021-10-06 04:27:53,12150.0,400.0,8187500.0
1164,2021-10-06 04:27:31,12100.0,500.0,8187100.0
1165,2021-10-06 04:27:04,12150.0,100.0,8186600.0
1166,2021-10-06 04:26:58,12150.0,500.0,8186500.0
1167,2021-10-06 04:26:58,12150.0,300.0,8186000.0
1168,2021-10-06 04:26:58,12150.0,100.0,8185700.0
1169,2021-10-06 04:26:58,12150.0,1000.0,8185600.0
1170,2021-10-06 04:26:58,12150.0,100.0,8184600.0
1171,2021-10-06 04:26:58,12150.0,1000.0,8184500.0
1172,2021-10-06 04:26:58,12150.0,100.0,8183500.0
1173,2021-10-06 04:26:58,12150.0,1900.0,8183400.0
1174,2021-10-06 04:26:55,12150.0,100.0,8181500.0
1175,2021-10-06 04:26:55,12150.0,2000.0,8181400.0
1176,2021-10-06 04:26:55,12150.0,500.0,8179400.0
1177,2021-10-06 04:26:55,12150.0,400.0,8178900.0
1178,2021-10-06 04:26:54,12150.0,600.0,8178500.0
1179,2021-10-06 04:26:54,12150.0,1000.0,8177900.0
1180,2021-10-06 04:26:54,12150.0,200.0,8176900.0
1181,2021-10-06 04:26:54,12150.0,1000.0,8176700.0
1182,2021-10-06 04:26:54,12150.0,7200.0,8175700.0
1183,2021-10-06 04:26:43,12150.0,800.0,8168500.0
1184,2021-10-06 04:26:43,12150.0,100.0,8167700.0
1185,2021-10-06 04:26:43,12150.0,100.0,8167600.0
1186,2021-10-06 04:26:43,12150.0,5000.0,8167500.0
1187,2021-10-06 04:26:43,12150.0,100.0,8162500.0
1188,2021-10-06 04:26:43,12150.0,2000.0,8162400.0
1189,2021-10-06 04:26:43,12150.0,19000.0,8160400.0
1190,2021-10-06 04:26:43,12150.0,100.0,8141400.0
1191,2021-10-06 04:26:43,12150.0,2000.0,8141300.0
1192,2021-10-06 04:26:43,12150.0,7900.0,8139300.0
1193,2021-10-06 04:26:43,12150.0,100.0,8131400.0
1194,2021-10-06 04:26:43,12150.0,700.0,8131300.0
1195,2021-10-06 04:26:43,12150.0,200.0,8130600.0
1196,2021-10-06 04:26:43,12150.0,5000.0,8130400.0
1197,2021-10-06 04:26:43,12150.0,100.0,8125400.0
1198,2021-10-06 04:26:43,12150.0,500.0,8125300.0
1199,2021-10-06 04:26:43,12150.0,100.0,8124800.0
1200,2021-10-06 04:26:43,12150.0,15000.0,8124700.0
1201,2021-10-06 04:26:43,12150.0,1000.0,8109700.0
1202,2021-10-06 04:26:43,12150.0,300.0,8108700.0
1203,2021-10-06 04:26:43,12150.0,2400.0,8108400.0
1204,2021-10-06 04:26:43,12150.0,900.0,8106000.0
1205,2021-10-06 04:26:43,12150.0,2000.0,8105100.0
1206,2021-10-06 04:26:43,12150.0,100.0,8103100.0
1207,2021-10-06 04:26:43,12150.0,1700.0,8103000.0
1208,2021-10-06 04:26:43,12150.0,2000.0,8101300.0
1209,2021-10-06 04:26:43,12150.0,1000.0,8099300.0
1210,2021-10-06 04:26:43,12150.0,1000.0,8098300.0
1211,2021-10-06 04:26:43,12150.0,2000.0,8097300.0
1212,2021-10-06 04:26:43,12150.0,2000.0,8095300.0
1213,2021-10-06 04:26:43,12150.0,900.0,8093300.0
1214,2021-10-06 04:26:43,12150.0,2000.0,8092400.0
1215,2021-10-06 04:26:43,12150.0,10000.0,8090400.0
1216,2021-10-06 04:26:43,12150.0,100.0,8080400.0
1217,2021-10-06 04:26:43,12150.0,100.0,8080300.0
1218,2021-10-06 04:26:43,12150.0,1000.0,8080200.0
1219,2021-10-06 04:26:43,12150.0,100.0,8079200.0
1220,2021-10-06 04:26:43,12150.0,100.0,8079100.0
1221,2021-10-06 04:26:43,12150.0,100.0,8079000.0
1222,2021-10-06 04:26:43,12150.0,100.0,8078900.0
1223,2021-10-06 04:26:43,12150.0,100.0,8078800.0
1224,2021-10-06 04:26:43,12150.0,5000.0,8078700.0
1225,2021-10-06 04:26:43,12150.0,200.0,8073700.0
1226,2021-10-06 04:26:43,12150.0,5000.0,8073500.0
1227,2021-10-06 04:26:38,12150.0,100.0,8068500.0
1228,2021-10-06 04:26:38,12150.0,200.0,8068400.0
1229,2021-10-06 04:26:38,12150.0,100.0,8068200.0
1230,2021-10-06 04:26:38,12150.0,600.0,8068100.0
1231,2021-10-06 04:26:27,12150.0,400.0,8067500.0
1232,2021-10-06 04:26:27,12150.0,5000.0,8067100.0
1233,2021-10-06 04:26:27,12150.0,300.0,8062100.0
1234,2021-10-06 04:26:27,12150.0,100.0,8061800.0
1235,2021-10-06 04:26:27,12150.0,400.0,8061700.0
1236,2021-10-06 04:26:18,12150.0,100.0,8061300.0
1237,2021-10-06 04:25:53,12150.0,1100.0,8061200.0
1238,2021-10-06 04:25:37,12150.0,100.0,8060100.0
1239,2021-10-06 04:25:35,12100.0,600.0,8060000.0
1240,2021-10-06 04:25:11,12100.0,11000.0,8059400.0
1241,2021-10-06 04:24:56,12100.0,100.0,8048400.0
1242,2021-10-06 04:24:52,12100.0,300.0,8048300.0
1243,2021-10-06 04:24:51,12100.0,2000.0,8048000.0
1244,2021-10-06 04:24:31,12100.0,1500.0,8046000.0
1245,2021-10-06 04:24:31,12100.0,5000.0,8044500.0
1246,2021-10-06 04:24:31,12100.0,2000.0,8039500.0
1247,2021-10-06 04:24:31,12100.0,2000.0,8037500.0
1248,2021-10-06 04:23:43,12100.0,500.0,8035500.0
1249,2021-10-06 04:23:40,12150.0,1000.0,8035000.0
1250,2021-10-06 04:23:37,12100.0,1000.0,8034000.0
1251,2021-10-06 04:23:35,12100.0,1000.0,8033000.0
1252,2021-10-06 04:23:32,12100.0,500.0,8032000.0
1253,2021-10-06 04:23:07,12100.0,2100.0,8031500.0
1254,2021-10-06 04:22:58,12100.0,300.0,8029400.0
1255,2021-10-06 04:22:24,12100.0,1600.0,8029100.0
1256,2021-10-06 04:22:18,12100.0,100.0,8027500.0
1257,2021-10-06 04:21:32,12100.0,1500.0,8027400.0
1258,2021-10-06 04:21:26,12100.0,500.0,8025900.0
1259,2021-10-06 04:21:14,12100.0,5000.0,8025400.0
1260,2021-10-06 04:20:44,12100.0,2000.0,8020400.0
1261,2021-10-06 04:20:44,12100.0,1900.0,8018400.0
1262,2021-10-06 04:20:44,12100.0,500.0,8016500.0
1263,2021-10-06 04:20:44,12100.0,2600.0,8016000.0
1264,2021-10-06 04:20:38,12100.0,500.0,8013400.0
1265,2021-10-06 04:20:19,12100.0,1400.0,8012900.0
1266,2021-10-06 04:19:12,12100.0,100.0,8011500.0
1267,2021-10-06 04:18:51,12100.0,15400.0,8011400.0
1268,2021-10-06 04:18:51,12100.0,1500.0,7996000.0
1269,2021-10-06 04:18:51,12100.0,3000.0,7994500.0
1270,2021-10-06 04:18:51,12100.0,100.0,7991500.0
1271,2021-10-06 04:18:47,12100.0,1000.0,7991400.0
1272,2021-10-06 04:18:33,12100.0,1000.0,7990400.0
1273,2021-10-06 04:18:33,12100.0,2000.0,7989400.0
1274,2021-10-06 04:18:33,12100.0,300.0,7987400.0
1275,2021-10-06 04:18:33,12100.0,600.0,7987100.0
1276,2021-10-06 04:18:32,12100.0,1700.0,7986500.0
1277,2021-10-06 04:18:22,12100.0,700.0,7984800.0
1278,2021-10-06 04:18:22,12100.0,300.0,7984100.0
1279,2021-10-06 04:18:17,12100.0,500.0,7983800.0
1280,2021-10-06 04:18:17,12100.0,400.0,7983300.0
1281,2021-10-06 04:18:17,12100.0,700.0,7982900.0
1282,2021-10-06 04:17:53,12100.0,1300.0,7982200.0
1283,2021-10-06 04:17:53,12100.0,200.0,7980900.0
1284,2021-10-06 04:17:53,12100.0,200.0,7980700.0
1285,2021-10-06 04:17:53,12100.0,800.0,7980500.0
1286,2021-10-06 04:17:53,12100.0,500.0,7979700.0
1287,2021-10-06 04:17:34,12100.0,700.0,7979200.0
1288,2021-10-06 04:17:20,12050.0,4000.0,7978500.0
1289,2021-10-06 04:17:11,12100.0,5000.0,7974500.0
1290,2021-10-06 04:16:48,12100.0,100.0,7969500.0
1291,2021-10-06 04:16:48,12100.0,500.0,7969400.0
1292,2021-10-06 04:16:48,12100.0,1000.0,7968900.0
1293,2021-10-06 04:16:47,12100.0,1000.0,7967900.0
1294,2021-10-06 04:16:47,12100.0,3500.0,7966900.0
1295,2021-10-06 04:16:43,12100.0,1500.0,7963400.0
1296,2021-10-06 04:16:43,12100.0,100.0,7961900.0
1297,2021-10-06 04:16:43,12100.0,100.0,7961800.0
1298,2021-10-06 04:16:34,12100.0,600.0,7961700.0
1299,2021-10-06 04:16:14,12100.0,300.0,7961100.0
1300,2021-10-06 04:16:14,12100.0,1000.0,7960800.0
1301,2021-10-06 04:16:14,12100.0,500.0,7959800.0
1302,2021-10-06 04:16:14,12100.0,500.0,7959300.0
1303,2021-10-06 04:16:14,12100.0,1000.0,7958800.0
1304,2021-10-06 04:16:14,12100.0,5000.0,7957800.0
1305,2021-10-06 04:16:14,12100.0,2800.0,7952800.0
1306,2021-10-06 04:16:14,12100.0,300.0,7950000.0
1307,2021-10-06 04:16:14,12100.0,800.0,7949700.0
1308,2021-10-06 04:16:14,12100.0,1000.0,7948900.0
1309,2021-10-06 04:16:14,12100.0,6000.0,7947900.0
1310,2021-10-06 04:16:14,12100.0,200.0,7941900.0
1311,2021-10-06 04:16:14,12100.0,1300.0,7941700.0
1312,2021-10-06 04:16:14,12100.0,1000.0,7940400.0
1313,2021-10-06 04:16:14,12100.0,3000.0,7939400.0
1314,2021-10-06 04:16:14,12100.0,200.0,7936400.0
1315,2021-10-06 04:16:14,12100.0,800.0,7936200.0
1316,2021-10-06 04:16:11,12100.0,1000.0,7935400.0
1317,2021-10-06 04:16:03,12100.0,1000.0,7934400.0
1318,2021-10-06 04:15:52,12150.0,2300.0,7933400.0
1319,2021-10-06 04:15:52,12150.0,200.0,7931100.0
1320,2021-10-06 04:15:44,12100.0,1000.0,7930900.0
1321,2021-10-06 04:15:23,12100.0,300.0,7929900.0
1322,2021-10-06 04:14:06,12100.0,900.0,7929600.0
1323,2021-10-06 04:14:06,12100.0,100.0,7928700.0
1324,2021-10-06 04:13:51,12100.0,500.0,7928600.0
1325,2021-10-06 04:13:40,12100.0,200.0,7928100.0
1326,2021-10-06 04:13:17,12100.0,200.0,7927900.0
1327,2021-10-06 04:13:17,12100.0,300.0,7927700.0
1328,2021-10-06 04:12:58,12100.0,500.0,7927400.0
1329,2021-10-06 04:12:58,12100.0,100.0,7926900.0
1330,2021-10-06 04:12:58,12100.0,400.0,7926800.0
1331,2021-10-06 04:12:36,12150.0,100.0,7926400.0
1332,2021-10-06 04:12:36,12150.0,400.0,7926300.0
1333,2021-10-06 04:12:28,12100.0,300.0,7925900.0
1334,2021-10-06 04:12:16,12100.0,300.0,7925600.0
1335,2021-10-06 04:12:16,12100.0,100.0,7925300.0
1336,2021-10-06 04:12:16,12100.0,600.0,7925200.0
1337,2021-10-06 04:12:05,12100.0,100.0,7924600.0
1338,2021-10-06 04:11:51,12100.0,300.0,7924500.0
1339,2021-10-06 04:11:51,12100.0,800.0,7924200.0
1340,2021-10-06 04:11:46,12100.0,200.0,7923400.0
1341,2021-10-06 04:11:46,12100.0,100.0,7923200.0
1342,2021-10-06 04:11:21,12100.0,200.0,7923100.0
1343,2021-10-06 04:11:18,12100.0,700.0,7922900.0
1344,2021-10-06 04:11:18,12100.0,300.0,7922200.0
1345,2021-10-06 04:10:52,12100.0,100.0,7921900.0
1346,2021-10-06 04:10:52,12100.0,600.0,7921800.0
1347,2021-10-06 04:10:51,12100.0,200.0,7921200.0
1348,2021-10-06 04:10:45,12100.0,400.0,7921000.0
1349,2021-10-06 04:10:45,12100.0,500.0,7920600.0
1350,2021-10-06 04:10:45,12100.0,1000.0,7920100.0
1351,2021-10-06 04:10:45,12100.0,900.0,7919100.0
1352,2021-10-06 04:10:33,12100.0,100.0,7918200.0
1353,2021-10-06 04:10:33,12100.0,400.0,7918100.0
1354,2021-10-06 04:10:28,12100.0,3000.0,7917700.0
1355,2021-10-06 04:10:28,12100.0,200.0,7914700.0
1356,2021-10-06 04:10:28,12100.0,400.0,7914500.0
1357,2021-10-06 04:10:28,12100.0,200.0,7914100.0
1358,2021-10-06 04:10:28,12100.0,1200.0,7913900.0
1359,2021-10-06 04:10:19,12100.0,500.0,7912700.0
1360,2021-10-06 04:10:17,12150.0,700.0,7912200.0
1361,2021-10-06 04:10:09,12150.0,500.0,7911500.0
1362,2021-10-06 04:09:55,12150.0,100.0,7911000.0
1363,2021-10-06 04:09:44,12150.0,500.0,7910900.0
1364,2021-10-06 04:09:17,12100.0,3300.0,7910400.0
1365,2021-10-06 04:09:17,12100.0,300.0,7907100.0
1366,2021-10-06 04:09:17,12100.0,200.0,7906800.0
1367,2021-10-06 04:09:14,12100.0,500.0,7906600.0
1368,2021-10-06 04:09:06,12100.0,2000.0,7906100.0
1369,2021-10-06 04:08:54,12100.0,500.0,7904100.0
1370,2021-10-06 04:08:49,12100.0,4000.0,7903600.0
1371,2021-10-06 04:08:48,12100.0,2000.0,7899600.0
1372,2021-10-06 04:08:33,12100.0,600.0,7897600.0
1373,2021-10-06 04:08:33,12100.0,200.0,7897000.0
1374,2021-10-06 04:08:32,12100.0,1800.0,7896800.0
1375,2021-10-06 04:08:32,12100.0,100.0,7895000.0
1376,2021-10-06 04:08:32,12100.0,100.0,7894900.0
1377,2021-10-06 04:07:59,12100.0,300.0,7894800.0
1378,2021-10-06 04:07:46,12100.0,100.0,7894500.0
1379,2021-10-06 04:07:46,12100.0,4000.0,7894400.0
1380,2021-10-06 04:07:46,12100.0,900.0,7890400.0
1381,2021-10-06 04:07:45,12100.0,200.0,7889500.0
1382,2021-10-06 04:07:45,12100.0,400.0,7889300.0
1383,2021-10-06 04:07:45,12100.0,3000.0,7888900.0
1384,2021-10-06 04:07:43,12100.0,100.0,7885900.0
1385,2021-10-06 04:07:27,12100.0,1000.0,7885800.0
1386,2021-10-06 04:07:18,12100.0,500.0,7884800.0
1387,2021-10-06 04:07:16,12100.0,3900.0,7884300.0
1388,2021-10-06 04:07:10,12100.0,1000.0,7880400.0
1389,2021-10-06 04:07:09,12100.0,100.0,7879400.0
1390,2021-10-06 04:07:05,12100.0,200.0,7879300.0
1391,2021-10-06 04:07:05,12100.0,1700.0,7879100.0
1392,2021-10-06 04:06:54,12100.0,300.0,7877400.0
1393,2021-10-06 04:06:54,12100.0,1000.0,7877100.0
1394,2021-10-06 04:06:51,12050.0,600.0,7876100.0
1395,2021-10-06 04:06:51,12100.0,500.0,7875500.0
1396,2021-10-06 04:06:51,12100.0,500.0,7875000.0
1397,2021-10-06 04:06:51,12100.0,100.0,7874500.0
1398,2021-10-06 04:06:51,12100.0,1000.0,7874400.0
1399,2021-10-06 04:06:51,12100.0,200.0,7873400.0
1400,2021-10-06 04:06:51,12100.0,1000.0,7873200.0
1401,2021-10-06 04:06:51,12100.0,1700.0,7872200.0
1402,2021-10-06 04:06:41,12100.0,2000.0,7870500.0
1403,2021-10-06 04:06:36,12100.0,100.0,7868500.0
1404,2021-10-06 04:06:31,12100.0,200.0,7868400.0
1405,2021-10-06 04:06:31,12100.0,800.0,7868200.0
1406,2021-10-06 04:06:28,12050.0,100.0,7867400.0
1407,2021-10-06 04:05:44,12100.0,100.0,7867300.0
1408,2021-10-06 04:05:34,12100.0,100.0,7867200.0
1409,2021-10-06 04:05:34,12100.0,2900.0,7867100.0
1410,2021-10-06 04:05:32,12100.0,17100.0,7864200.0
1411,2021-10-06 04:05:32,12100.0,2000.0,7847100.0
1412,2021-10-06 04:05:32,12100.0,800.0,7845100.0
1413,2021-10-06 04:04:41,12100.0,200.0,7844300.0
1414,2021-10-06 04:04:04,12100.0,500.0,7844100.0
1415,2021-10-06 04:03:29,12100.0,100.0,7843600.0
1416,2021-10-06 04:03:28,12050.0,100.0,7843500.0
1417,2021-10-06 04:03:23,12100.0,1400.0,7843400.0
1418,2021-10-06 04:03:23,12100.0,900.0,7842000.0
1419,2021-10-06 04:03:22,12100.0,4100.0,7841100.0
1420,2021-10-06 04:03:22,12100.0,900.0,7837000.0
1421,2021-10-06 04:02:58,12100.0,1100.0,7836100.0
1422,2021-10-06 04:02:58,12100.0,300.0,7835000.0
1423,2021-10-06 04:02:58,12100.0,100.0,7834700.0
1424,2021-10-06 04:02:58,12100.0,13500.0,7834600.0
1425,2021-10-06 04:02:46,12100.0,200.0,7821100.0
1426,2021-10-06 04:02:19,12050.0,100.0,7820900.0
1427,2021-10-06 04:02:19,12050.0,100.0,7820800.0
1428,2021-10-06 04:02:19,12050.0,300.0,7820700.0
1429,2021-10-06 04:02:15,12050.0,500.0,7820400.0
1430,2021-10-06 04:02:11,12050.0,500.0,7819900.0
1431,2021-10-06 04:02:07,12050.0,1000.0,7819400.0
1432,2021-10-06 04:01:57,12050.0,500.0,7818400.0
1433,2021-10-06 04:01:53,12050.0,500.0,7817900.0
1434,2021-10-06 04:01:49,12050.0,500.0,7817400.0
1435,2021-10-06 04:01:46,12050.0,500.0,7816900.0
1436,2021-10-06 04:01:41,12050.0,500.0,7816400.0
1437,2021-10-06 04:01:34,12100.0,5000.0,7815900.0
1438,2021-10-06 04:01:29,12100.0,1000.0,7810900.0
1439,2021-10-06 04:01:28,12100.0,300.0,7809900.0
1440,2021-10-06 04:01:27,12100.0,500.0,7809600.0
1441,2021-10-06 04:01:27,12100.0,500.0,7809100.0
1442,2021-10-06 04:01:12,12100.0,500.0,7808600.0
1443,2021-10-06 04:01:09,12100.0,10000.0,7808100.0
1444,2021-10-06 04:01:03,12100.0,500.0,7798100.0
1445,2021-10-06 04:00:53,12100.0,500.0,7797600.0
1446,2021-10-06 04:00:52,12100.0,2000.0,7797100.0
1447,2021-10-06 04:00:47,12100.0,2000.0,7795100.0
1448,2021-10-06 04:00:34,12100.0,500.0,7793100.0
1449,2021-10-06 04:00:26,12100.0,100.0,7792600.0
1450,2021-10-06 04:00:19,12100.0,1000.0,7792500.0
1451,2021-10-06 04:00:19,12100.0,2900.0,7791500.0
1452,2021-10-06 04:00:17,12100.0,100.0,7788600.0
1453,2021-10-06 04:00:16,12100.0,100.0,7788500.0
1454,2021-10-06 04:00:03,12100.0,500.0,7788400.0
1455,2021-10-06 03:59:58,12100.0,1400.0,7787900.0
1456,2021-10-06 03:59:58,12100.0,100.0,7786500.0
1457,2021-10-06 03:59:58,12100.0,100.0,7786400.0
1458,2021-10-06 03:59:58,12100.0,800.0,7786300.0
1459,2021-10-06 03:59:58,12100.0,4600.0,7785500.0
1460,2021-10-06 03:59:37,12100.0,200.0,7780900.0
1461,2021-10-06 03:59:37,12100.0,2000.0,7780700.0
1462,2021-10-06 03:59:37,12100.0,2000.0,7778700.0
1463,2021-10-06 03:59:37,12100.0,200.0,7776700.0
1464,2021-10-06 03:59:36,12100.0,1000.0,7776500.0
1465,2021-10-06 03:59:24,12100.0,1800.0,7775500.0
1466,2021-10-06 03:59:16,12100.0,200.0,7773700.0
1467,2021-10-06 03:59:16,12100.0,100.0,7773500.0
1468,2021-10-06 03:59:16,12100.0,200.0,7773400.0
1469,2021-10-06 03:59:12,12100.0,500.0,7773200.0
1470,2021-10-06 03:59:05,12100.0,500.0,7772700.0
1471,2021-10-06 03:58:54,12100.0,100.0,7772200.0
1472,2021-10-06 03:58:48,12100.0,900.0,7772100.0
1473,2021-10-06 03:58:48,12100.0,10000.0,7771200.0
1474,2021-10-06 03:58:48,12100.0,1000.0,7761200.0
1475,2021-10-06 03:58:48,12100.0,200.0,7760200.0
1476,2021-10-06 03:58:48,12100.0,7900.0,7760000.0
1477,2021-10-06 03:58:36,12100.0,200.0,7752100.0
1478,2021-10-06 03:58:34,12100.0,1900.0,7751900.0
1479,2021-10-06 03:58:34,12100.0,1100.0,7750000.0
1480,2021-10-06 03:58:31,12100.0,1900.0,7748900.0
1481,2021-10-06 03:58:31,12100.0,100.0,7747000.0
1482,2021-10-06 03:58:29,12100.0,100.0,7746900.0
1483,2021-10-06 03:58:21,12100.0,1800.0,7746800.0
1484,2021-10-06 03:58:21,12100.0,200.0,7745000.0
1485,2021-10-06 03:58:12,12100.0,100.0,7744800.0
1486,2021-10-06 03:58:04,12100.0,500.0,7744700.0
1487,2021-10-06 03:57:59,12100.0,500.0,7744200.0
1488,2021-10-06 03:57:56,12100.0,900.0,7743700.0
1489,2021-10-06 03:57:55,12050.0,500.0,7742800.0
1490,2021-10-06 03:57:50,12050.0,500.0,7742300.0
1491,2021-10-06 03:57:47,12100.0,1100.0,7741800.0
1492,2021-10-06 03:57:46,12100.0,500.0,7740700.0
1493,2021-10-06 03:57:45,12100.0,400.0,7740200.0
1494,2021-10-06 03:57:45,12100.0,500.0,7739800.0
1495,2021-10-06 03:57:45,12100.0,1000.0,7739300.0
1496,2021-10-06 03:57:45,12100.0,200.0,7738300.0
1497,2021-10-06 03:57:45,12100.0,500.0,7738100.0
1498,2021-10-06 03:57:45,12100.0,1000.0,7737600.0
1499,2021-10-06 03:57:45,12100.0,4800.0,7736600.0
1500,2021-10-06 03:57:41,12050.0,500.0,7731800.0
1501,2021-10-06 03:57:40,12100.0,2000.0,7731300.0
1502,2021-10-06 03:57:40,12100.0,1000.0,7729300.0
1503,2021-10-06 03:57:40,12100.0,500.0,7728300.0
1504,2021-10-06 03:57:40,12100.0,11500.0,7727800.0
1505,2021-10-06 03:57:32,12050.0,700.0,7716300.0
1506,2021-10-06 03:57:01,12050.0,900.0,7715600.0
1507,2021-10-06 03:56:39,12050.0,500.0,7714700.0
1508,2021-10-06 03:56:34,12050.0,500.0,7714200.0
1509,2021-10-06 03:56:27,12050.0,500.0,7713700.0
1510,2021-10-06 03:55:55,12050.0,5900.0,7713200.0
1511,2021-10-06 03:55:55,12050.0,1000.0,7707300.0
1512,2021-10-06 03:55:55,12050.0,1000.0,7706300.0
1513,2021-10-06 03:55:55,12050.0,500.0,7705300.0
1514,2021-10-06 03:55:55,12050.0,500.0,7704800.0
1515,2021-10-06 03:55:55,12050.0,4000.0,7704300.0
1516,2021-10-06 03:55:55,12050.0,500.0,7700300.0
1517,2021-10-06 03:55:55,12050.0,300.0,7699800.0
1518,2021-10-06 03:55:55,12050.0,3200.0,7699500.0
1519,2021-10-06 03:55:19,12050.0,100.0,7696300.0
1520,2021-10-06 03:55:16,12100.0,1000.0,7696200.0
1521,2021-10-06 03:55:10,12050.0,500.0,7695200.0
1522,2021-10-06 03:54:53,12050.0,500.0,7694700.0
1523,2021-10-06 03:54:45,12050.0,500.0,7694200.0
1524,2021-10-06 03:54:33,12100.0,800.0,7693700.0
1525,2021-10-06 03:54:27,12100.0,300.0,7692900.0
1526,2021-10-06 03:54:10,12100.0,500.0,7692600.0
1527,2021-10-06 03:54:07,12100.0,100.0,7692100.0
1528,2021-10-06 03:54:05,12100.0,100.0,7692000.0
1529,2021-10-06 03:54:05,12100.0,900.0,7691900.0
1530,2021-10-06 03:54:05,12100.0,100.0,7691000.0
1531,2021-10-06 03:54:05,12100.0,300.0,7690900.0
1532,2021-10-06 03:54:05,12100.0,600.0,7690600.0
1533,2021-10-06 03:54:05,12100.0,300.0,7690000.0
1534,2021-10-06 03:54:05,12100.0,2500.0,7689700.0
1535,2021-10-06 03:54:05,12100.0,1500.0,7687200.0
1536,2021-10-06 03:54:05,12100.0,900.0,7685700.0
1537,2021-10-06 03:54:05,12100.0,3000.0,7684800.0
1538,2021-10-06 03:54:05,12100.0,100.0,7681800.0
1539,2021-10-06 03:54:05,12100.0,300.0,7681700.0
1540,2021-10-06 03:54:05,12100.0,1900.0,7681400.0
1541,2021-10-06 03:54:05,12100.0,100.0,7679500.0
1542,2021-10-06 03:54:05,12100.0,1000.0,7679400.0
1543,2021-10-06 03:54:05,12100.0,7800.0,7678400.0
1544,2021-10-06 03:54:05,12100.0,200.0,7670600.0
1545,2021-10-06 03:54:05,12100.0,1000.0,7670400.0
1546,2021-10-06 03:54:05,12100.0,1000.0,7669400.0
1547,2021-10-06 03:54:05,12100.0,1000.0,7668400.0
1548,2021-10-06 03:54:05,12100.0,100.0,7667400.0
1549,2021-10-06 03:54:05,12100.0,1200.0,7667300.0
1550,2021-10-06 03:54:05,12100.0,600.0,7666100.0
1551,2021-10-06 03:54:05,12100.0,2000.0,7665500.0
1552,2021-10-06 03:54:05,12100.0,200.0,7663500.0
1553,2021-10-06 03:54:05,12100.0,5000.0,7663300.0
1554,2021-10-06 03:54:05,12100.0,300.0,7658300.0
1555,2021-10-06 03:54:05,12100.0,100.0,7658000.0
1556,2021-10-06 03:54:05,12100.0,600.0,7657900.0
1557,2021-10-06 03:54:05,12100.0,1000.0,7657300.0
1558,2021-10-06 03:54:05,12100.0,4600.0,7656300.0
1559,2021-10-06 03:54:05,12100.0,2000.0,7651700.0
1560,2021-10-06 03:54:05,12100.0,1000.0,7649700.0
1561,2021-10-06 03:54:05,12100.0,1000.0,7648700.0
1562,2021-10-06 03:54:05,12100.0,1500.0,7647700.0
1563,2021-10-06 03:53:45,12100.0,600.0,7646200.0
1564,2021-10-06 03:53:45,12100.0,200.0,7645600.0
1565,2021-10-06 03:53:45,12100.0,2000.0,7645400.0
1566,2021-10-06 03:53:45,12100.0,100.0,7643400.0
1567,2021-10-06 03:53:45,12100.0,500.0,7643300.0
1568,2021-10-06 03:53:45,12100.0,500.0,7642800.0
1569,2021-10-06 03:53:45,12100.0,300.0,7642300.0
1570,2021-10-06 03:53:45,12100.0,800.0,7642000.0
1571,2021-10-06 03:53:41,12150.0,800.0,7641200.0
1572,2021-10-06 03:53:38,12100.0,2400.0,7640400.0
1573,2021-10-06 03:53:26,12100.0,500.0,7638000.0
1574,2021-10-06 03:53:23,12100.0,5100.0,7637500.0
1575,2021-10-06 03:53:23,12100.0,300.0,7632400.0
1576,2021-10-06 03:53:23,12100.0,800.0,7632100.0
1577,2021-10-06 03:53:23,12100.0,2800.0,7631300.0
1578,2021-10-06 03:53:23,12100.0,1000.0,7628500.0
1579,2021-10-06 03:53:23,12100.0,600.0,7627500.0
1580,2021-10-06 03:53:23,12100.0,3000.0,7626900.0
1581,2021-10-06 03:53:23,12100.0,5000.0,7623900.0
1582,2021-10-06 03:53:23,12100.0,300.0,7618900.0
1583,2021-10-06 03:53:23,12100.0,1100.0,7618600.0
1584,2021-10-06 03:53:12,12100.0,100.0,7617500.0
1585,2021-10-06 03:53:10,12100.0,800.0,7617400.0
1586,2021-10-06 03:53:10,12100.0,1000.0,7616600.0
1587,2021-10-06 03:53:10,12100.0,1000.0,7615600.0
1588,2021-10-06 03:53:10,12100.0,7200.0,7614600.0
1589,2021-10-06 03:53:06,12100.0,100.0,7607400.0
1590,2021-10-06 03:53:02,12100.0,400.0,7607300.0
1591,2021-10-06 03:53:02,12150.0,3000.0,7606900.0
1592,2021-10-06 03:53:02,12150.0,100.0,7603900.0
1593,2021-10-06 03:53:02,12150.0,200.0,7603800.0
1594,2021-10-06 03:53:02,12150.0,100.0,7603600.0
1595,2021-10-06 03:53:02,12150.0,700.0,7603500.0
1596,2021-10-06 03:52:58,12100.0,100.0,7602800.0
1597,2021-10-06 03:52:27,12100.0,500.0,7602700.0
1598,2021-10-06 03:52:26,12100.0,200.0,7602200.0
1599,2021-10-06 03:52:16,12100.0,1000.0,7602000.0
1600,2021-10-06 03:52:14,12150.0,1000.0,7601000.0
1601,2021-10-06 03:52:09,12150.0,500.0,7600000.0
1602,2021-10-06 03:51:58,12150.0,200.0,7599500.0
1603,2021-10-06 03:51:57,12150.0,100.0,7599300.0
1604,2021-10-06 03:51:43,12100.0,500.0,7599200.0
1605,2021-10-06 03:51:23,12100.0,400.0,7598700.0
1606,2021-10-06 03:51:02,12100.0,100.0,7598300.0
1607,2021-10-06 03:50:50,12150.0,500.0,7598200.0
1608,2021-10-06 03:50:50,12150.0,500.0,7597700.0
1609,2021-10-06 03:50:43,12100.0,100.0,7597200.0
1610,2021-10-06 03:50:42,12150.0,200.0,7597100.0
1611,2021-10-06 03:50:41,12100.0,200.0,7596900.0
1612,2021-10-06 03:50:38,12150.0,800.0,7596700.0
1613,2021-10-06 03:50:35,12150.0,100.0,7595900.0
1614,2021-10-06 03:50:35,12150.0,400.0,7595800.0
1615,2021-10-06 03:50:31,12100.0,1000.0,7595400.0
1616,2021-10-06 03:49:58,12100.0,1500.0,7594400.0
1617,2021-10-06 03:49:57,12150.0,600.0,7592900.0
1618,2021-10-06 03:49:57,12150.0,4400.0,7592300.0
1619,2021-10-06 03:49:43,12150.0,600.0,7587900.0
1620,2021-10-06 03:49:43,12150.0,1400.0,7587300.0
1621,2021-10-06 03:49:03,12150.0,1300.0,7585900.0
1622,2021-10-06 03:48:51,12100.0,1400.0,7584600.0
1623,2021-10-06 03:48:24,12150.0,2300.0,7583200.0
1624,2021-10-06 03:48:24,12150.0,700.0,7580900.0
1625,2021-10-06 03:48:21,12150.0,300.0,7580200.0
1626,2021-10-06 03:48:12,12150.0,100.0,7579900.0
1627,2021-10-06 03:48:12,12150.0,1000.0,7579800.0
1628,2021-10-06 03:48:12,12150.0,100.0,7578800.0
1629,2021-10-06 03:48:12,12150.0,1000.0,7578700.0
1630,2021-10-06 03:48:12,12150.0,800.0,7577700.0
1631,2021-10-06 03:47:52,12150.0,200.0,7576900.0
1632,2021-10-06 03:47:52,12150.0,200.0,7576700.0
1633,2021-10-06 03:47:52,12150.0,100.0,7576500.0
1634,2021-10-06 03:47:52,12150.0,1000.0,7576400.0
1635,2021-10-06 03:47:52,12150.0,400.0,7575400.0
1636,2021-10-06 03:47:39,12150.0,2000.0,7575000.0
1637,2021-10-06 03:47:10,12150.0,2600.0,7573000.0
1638,2021-10-06 03:47:10,12150.0,200.0,7570400.0
1639,2021-10-06 03:47:10,12150.0,7200.0,7570200.0
1640,2021-10-06 03:47:08,12150.0,200.0,7563000.0
1641,2021-10-06 03:46:44,12150.0,100.0,7562800.0
1642,2021-10-06 03:46:41,12100.0,200.0,7562700.0
1643,2021-10-06 03:46:40,12150.0,3000.0,7562500.0
1644,2021-10-06 03:46:40,12150.0,100.0,7559500.0
1645,2021-10-06 03:46:29,12150.0,400.0,7559400.0
1646,2021-10-06 03:46:21,12150.0,5000.0,7559000.0
1647,2021-10-06 03:46:06,12150.0,4000.0,7554000.0
1648,2021-10-06 03:45:53,12100.0,1200.0,7550000.0
1649,2021-10-06 03:45:53,12100.0,200.0,7548800.0
1650,2021-10-06 03:45:53,12100.0,700.0,7548600.0
1651,2021-10-06 03:45:53,12100.0,100.0,7547900.0
1652,2021-10-06 03:45:53,12100.0,500.0,7547800.0
1653,2021-10-06 03:45:53,12100.0,200.0,7547300.0
1654,2021-10-06 03:45:53,12100.0,200.0,7547100.0
1655,2021-10-06 03:45:53,12100.0,500.0,7546900.0
1656,2021-10-06 03:45:53,12100.0,800.0,7546400.0
1657,2021-10-06 03:45:53,12100.0,4000.0,7545600.0
1658,2021-10-06 03:45:53,12100.0,100.0,7541600.0
1659,2021-10-06 03:45:53,12100.0,1000.0,7541500.0
1660,2021-10-06 03:45:53,12100.0,1000.0,7540500.0
1661,2021-10-06 03:45:53,12100.0,100.0,7539500.0
1662,2021-10-06 03:45:53,12100.0,2300.0,7539400.0
1663,2021-10-06 03:45:53,12100.0,800.0,7537100.0
1664,2021-10-06 03:45:53,12100.0,1400.0,7536300.0
1665,2021-10-06 03:45:53,12100.0,500.0,7534900.0
1666,2021-10-06 03:45:53,12100.0,200.0,7534400.0
1667,2021-10-06 03:45:53,12100.0,1600.0,7534200.0
1668,2021-10-06 03:45:53,12100.0,2000.0,7532600.0
1669,2021-10-06 03:45:53,12100.0,700.0,7530600.0
1670,2021-10-06 03:45:53,12100.0,2000.0,7529900.0
1671,2021-10-06 03:45:53,12100.0,200.0,7527900.0
1672,2021-10-06 03:45:53,12100.0,100.0,7527700.0
1673,2021-10-06 03:45:53,12100.0,200.0,7527600.0
1674,2021-10-06 03:45:53,12100.0,100.0,7527400.0
1675,2021-10-06 03:45:48,12100.0,200.0,7527300.0
1676,2021-10-06 03:45:48,12100.0,2200.0,7527100.0
1677,2021-10-06 03:45:48,12100.0,900.0,7524900.0
1678,2021-10-06 03:45:48,12100.0,300.0,7524000.0
1679,2021-10-06 03:45:48,12100.0,2000.0,7523700.0
1680,2021-10-06 03:45:48,12100.0,1000.0,7521700.0
1681,2021-10-06 03:45:48,12100.0,200.0,7520700.0
1682,2021-10-06 03:45:48,12100.0,500.0,7520500.0
1683,2021-10-06 03:45:48,12100.0,800.0,7520000.0
1684,2021-10-06 03:45:48,12100.0,100.0,7519200.0
1685,2021-10-06 03:45:48,12100.0,100.0,7519100.0
1686,2021-10-06 03:45:48,12100.0,100.0,7519000.0
1687,2021-10-06 03:45:48,12100.0,2000.0,7518900.0
1688,2021-10-06 03:45:48,12100.0,1000.0,7516900.0
1689,2021-10-06 03:45:48,12100.0,200.0,7515900.0
1690,2021-10-06 03:45:48,12100.0,400.0,7515700.0
1691,2021-10-06 03:45:35,12100.0,300.0,7515300.0
1692,2021-10-06 03:45:35,12100.0,500.0,7515000.0
1693,2021-10-06 03:45:35,12100.0,1000.0,7514500.0
1694,2021-10-06 03:45:35,12100.0,3000.0,7513500.0
1695,2021-10-06 03:45:35,12100.0,5200.0,7510500.0
1696,2021-10-06 03:45:29,12100.0,200.0,7505300.0
1697,2021-10-06 03:45:29,12100.0,500.0,7505100.0
1698,2021-10-06 03:45:25,12100.0,300.0,7504600.0
1699,2021-10-06 03:45:24,12100.0,13800.0,7504300.0
1700,2021-10-06 03:45:24,12100.0,300.0,7490500.0
1701,2021-10-06 03:45:24,12100.0,1000.0,7490200.0
1702,2021-10-06 03:45:24,12100.0,1000.0,7489200.0
1703,2021-10-06 03:45:24,12100.0,300.0,7488200.0
1704,2021-10-06 03:45:24,12100.0,5000.0,7487900.0
1705,2021-10-06 03:45:24,12100.0,200.0,7482900.0
1706,2021-10-06 03:45:24,12100.0,5000.0,7482700.0
1707,2021-10-06 03:45:24,12100.0,3000.0,7477700.0
1708,2021-10-06 03:45:24,12100.0,1000.0,7474700.0
1709,2021-10-06 03:45:24,12100.0,500.0,7473700.0
1710,2021-10-06 03:45:24,12100.0,200.0,7473200.0
1711,2021-10-06 03:45:24,12100.0,100.0,7473000.0
1712,2021-10-06 03:45:24,12100.0,2500.0,7472900.0
1713,2021-10-06 03:45:24,12100.0,1900.0,7470400.0
1714,2021-10-06 03:45:24,12100.0,100.0,7468500.0
1715,2021-10-06 03:45:24,12100.0,1000.0,7468400.0
1716,2021-10-06 03:45:24,12100.0,400.0,7467400.0
1717,2021-10-06 03:45:24,12100.0,100.0,7467000.0
1718,2021-10-06 03:45:24,12100.0,1000.0,7466900.0
1719,2021-10-06 03:45:24,12100.0,1000.0,7465900.0
1720,2021-10-06 03:45:24,12100.0,100.0,7464900.0
1721,2021-10-06 03:45:24,12100.0,200.0,7464800.0
1722,2021-10-06 03:45:24,12100.0,200.0,7464600.0
1723,2021-10-06 03:45:24,12100.0,100.0,7464400.0
1724,2021-10-06 03:45:24,12100.0,400.0,7464300.0
1725,2021-10-06 03:45:24,12100.0,200.0,7463900.0
1726,2021-10-06 03:45:24,12100.0,500.0,7463700.0
1727,2021-10-06 03:45:24,12100.0,1000.0,7463200.0
1728,2021-10-06 03:45:24,12100.0,100.0,7462200.0
1729,2021-10-06 03:45:24,12100.0,300.0,7462100.0
1730,2021-10-06 03:45:24,12100.0,1000.0,7461800.0
1731,2021-10-06 03:45:24,12100.0,2000.0,7460800.0
1732,2021-10-06 03:45:24,12100.0,100.0,7458800.0
1733,2021-10-06 03:45:24,12100.0,100.0,7458700.0
1734,2021-10-06 03:45:24,12100.0,4300.0,7458600.0
1735,2021-10-06 03:45:16,12100.0,200.0,7454300.0
1736,2021-10-06 03:44:50,12100.0,2000.0,7454100.0
1737,2021-10-06 03:44:38,12100.0,800.0,7452100.0
1738,2021-10-06 03:44:29,12100.0,300.0,7451300.0
1739,2021-10-06 03:44:26,12100.0,1000.0,7451000.0
1740,2021-10-06 03:43:44,12100.0,1000.0,7450000.0
1741,2021-10-06 03:43:44,12050.0,500.0,7449000.0
1742,2021-10-06 03:43:30,12050.0,700.0,7448500.0
1743,2021-10-06 03:43:19,12100.0,1500.0,7447800.0
1744,2021-10-06 03:43:11,12050.0,700.0,7446300.0
1745,2021-10-06 03:43:08,12100.0,5000.0,7445600.0
1746,2021-10-06 03:42:49,12100.0,5000.0,7440600.0
1747,2021-10-06 03:42:38,12100.0,10000.0,7435600.0
1748,2021-10-06 03:42:36,12100.0,700.0,7425600.0
1749,2021-10-06 03:42:31,12100.0,500.0,7424900.0
1750,2021-10-06 03:42:29,12100.0,1600.0,7424400.0
1751,2021-10-06 03:42:28,12100.0,1000.0,7422800.0
1752,2021-10-06 03:42:15,12100.0,1000.0,7421800.0
1753,2021-10-06 03:41:58,12100.0,500.0,7420800.0
1754,2021-10-06 03:41:56,12050.0,500.0,7420300.0
1755,2021-10-06 03:41:40,12050.0,1000.0,7419800.0
1756,2021-10-06 03:41:34,12100.0,1000.0,7418800.0
1757,2021-10-06 03:41:16,12100.0,2600.0,7417800.0
1758,2021-10-06 03:41:16,12100.0,100.0,7415200.0
1759,2021-10-06 03:41:16,12100.0,100.0,7415100.0
1760,2021-10-06 03:41:16,12100.0,200.0,7415000.0
1761,2021-10-06 03:41:08,12100.0,1000.0,7414800.0
1762,2021-10-06 03:41:08,12100.0,600.0,7413800.0
1763,2021-10-06 03:40:51,12100.0,200.0,7413200.0
1764,2021-10-06 03:40:47,12100.0,100.0,7413000.0
1765,2021-10-06 03:40:43,12100.0,4100.0,7412900.0
1766,2021-10-06 03:40:43,12100.0,100.0,7408800.0
1767,2021-10-06 03:40:43,12100.0,15800.0,7408700.0
1768,2021-10-06 03:40:31,12100.0,5000.0,7392900.0
1769,2021-10-06 03:40:31,12100.0,58000.0,7387900.0
1770,2021-10-06 03:40:28,12100.0,1000.0,7329900.0
1771,2021-10-06 03:40:17,12100.0,2000.0,7328900.0
1772,2021-10-06 03:40:14,12100.0,2000.0,7326900.0
1773,2021-10-06 03:40:14,12050.0,1000.0,7324900.0
1774,2021-10-06 03:40:04,12100.0,1400.0,7323900.0
1775,2021-10-06 03:40:01,12050.0,100.0,7322500.0
1776,2021-10-06 03:39:59,12100.0,100.0,7322400.0
1777,2021-10-06 03:39:57,12100.0,200.0,7322300.0
1778,2021-10-06 03:39:51,12100.0,1000.0,7322100.0
1779,2021-10-06 03:39:49,12100.0,5000.0,7321100.0
1780,2021-10-06 03:39:37,12100.0,20000.0,7316100.0
1781,2021-10-06 03:39:28,12100.0,100.0,7296100.0
1782,2021-10-06 03:39:14,12050.0,100.0,7296000.0
1783,2021-10-06 03:39:00,12050.0,600.0,7295900.0
1784,2021-10-06 03:39:00,12050.0,300.0,7295300.0
1785,2021-10-06 03:39:00,12050.0,100.0,7295000.0
1786,2021-10-06 03:39:00,12050.0,600.0,7294900.0
1787,2021-10-06 03:38:41,12050.0,300.0,7294300.0
1788,2021-10-06 03:38:29,12050.0,1100.0,7294000.0
1789,2021-10-06 03:38:21,12050.0,1000.0,7292900.0
1790,2021-10-06 03:37:57,12050.0,10000.0,7291900.0
1791,2021-10-06 03:37:45,12050.0,1000.0,7281900.0
1792,2021-10-06 03:37:43,12050.0,1500.0,7280900.0
1793,2021-10-06 03:37:12,12050.0,500.0,7279400.0
1794,2021-10-06 03:37:00,12050.0,1000.0,7278900.0
1795,2021-10-06 03:36:58,12050.0,1000.0,7277900.0
1796,2021-10-06 03:36:43,12100.0,200.0,7276900.0
1797,2021-10-06 03:36:40,12050.0,200.0,7276700.0
1798,2021-10-06 03:36:38,12050.0,100.0,7276500.0
1799,2021-10-06 03:36:35,12050.0,300.0,7276400.0
1800,2021-10-06 03:36:35,12050.0,100.0,7276100.0
1801,2021-10-06 03:36:26,12050.0,100.0,7276000.0
1802,2021-10-06 03:36:05,12050.0,100.0,7275900.0
1803,2021-10-06 03:35:39,12100.0,2000.0,7275800.0
1804,2021-10-06 03:35:06,12050.0,500.0,7273800.0
1805,2021-10-06 03:35:03,12050.0,600.0,7273300.0
1806,2021-10-06 03:34:54,12050.0,100.0,7272700.0
1807,2021-10-06 03:34:54,12050.0,1000.0,7272600.0
1808,2021-10-06 03:34:54,12050.0,2400.0,7271600.0
1809,2021-10-06 03:34:54,12050.0,600.0,7269200.0
1810,2021-10-06 03:34:54,12050.0,1200.0,7268600.0
1811,2021-10-06 03:34:54,12050.0,1000.0,7267400.0
1812,2021-10-06 03:34:54,12050.0,400.0,7266400.0
1813,2021-10-06 03:34:54,12050.0,100.0,7266000.0
1814,2021-10-06 03:34:54,12050.0,2400.0,7265900.0
1815,2021-10-06 03:34:54,12050.0,300.0,7263500.0
1816,2021-10-06 03:34:54,12050.0,100.0,7263200.0
1817,2021-10-06 03:34:54,12050.0,100.0,7263100.0
1818,2021-10-06 03:34:54,12050.0,500.0,7263000.0
1819,2021-10-06 03:34:54,12050.0,1000.0,7262500.0
1820,2021-10-06 03:34:54,12050.0,100.0,7261500.0
1821,2021-10-06 03:34:54,12050.0,400.0,7261400.0
1822,2021-10-06 03:34:54,12050.0,5000.0,7261000.0
1823,2021-10-06 03:34:54,12050.0,200.0,7256000.0
1824,2021-10-06 03:34:54,12050.0,2200.0,7255800.0
1825,2021-10-06 03:34:54,12050.0,300.0,7253600.0
1826,2021-10-06 03:34:54,12100.0,25100.0,7253300.0
1827,2021-10-06 03:34:54,12100.0,3000.0,7228200.0
1828,2021-10-06 03:34:54,12100.0,200.0,7225200.0
1829,2021-10-06 03:34:54,12100.0,2000.0,7225000.0
1830,2021-10-06 03:34:54,12100.0,3000.0,7223000.0
1831,2021-10-06 03:34:54,12100.0,200.0,7220000.0
1832,2021-10-06 03:34:54,12100.0,8600.0,7219800.0
1833,2021-10-06 03:34:54,12100.0,100.0,7211200.0
1834,2021-10-06 03:34:54,12100.0,500.0,7211100.0
1835,2021-10-06 03:34:54,12100.0,2000.0,7210600.0
1836,2021-10-06 03:34:54,12100.0,100.0,7208600.0
1837,2021-10-06 03:34:54,12100.0,300.0,7208500.0
1838,2021-10-06 03:34:54,12100.0,100.0,7208200.0
1839,2021-10-06 03:34:54,12100.0,400.0,7208100.0
1840,2021-10-06 03:34:54,12100.0,500.0,7207700.0
1841,2021-10-06 03:34:54,12100.0,2000.0,7207200.0
1842,2021-10-06 03:34:54,12100.0,500.0,7205200.0
1843,2021-10-06 03:34:54,12100.0,1400.0,7204700.0
1844,2021-10-06 03:34:12,12100.0,500.0,7203300.0
1845,2021-10-06 03:34:05,12050.0,1000.0,7202800.0
1846,2021-10-06 03:33:57,12100.0,200.0,7201800.0
1847,2021-10-06 03:33:47,12100.0,100.0,7201600.0
1848,2021-10-06 03:33:24,12100.0,500.0,7201500.0
1849,2021-10-06 03:32:52,12050.0,200.0,7201000.0
1850,2021-10-06 03:32:30,12050.0,300.0,7200800.0
1851,2021-10-06 03:32:27,12050.0,1000.0,7200500.0
1852,2021-10-06 03:32:07,12100.0,300.0,7199500.0
1853,2021-10-06 03:32:07,12100.0,100.0,7199200.0
1854,2021-10-06 03:32:07,12100.0,600.0,7199100.0
1855,2021-10-06 03:31:30,12050.0,900.0,7198500.0
1856,2021-10-06 03:31:23,12100.0,10000.0,7197600.0
1857,2021-10-06 03:31:23,12050.0,300.0,7187600.0
1858,2021-10-06 03:31:21,12050.0,1000.0,7187300.0
1859,2021-10-06 03:31:21,12050.0,1000.0,7186300.0
1860,2021-10-06 03:31:21,12050.0,5000.0,7185300.0
1861,2021-10-06 03:31:04,12050.0,1000.0,7180300.0
1862,2021-10-06 03:30:55,12050.0,8000.0,7179300.0
1863,2021-10-06 03:30:42,12050.0,900.0,7171300.0
1864,2021-10-06 03:30:38,12050.0,100.0,7170400.0
1865,2021-10-06 03:30:29,12050.0,500.0,7170300.0
1866,2021-10-06 03:30:29,12050.0,700.0,7169800.0
1867,2021-10-06 03:30:26,12000.0,200.0,7169100.0
1868,2021-10-06 03:30:21,12050.0,1000.0,7168900.0
1869,2021-10-06 03:30:12,12050.0,400.0,7167900.0
1870,2021-10-06 03:30:12,12050.0,200.0,7167500.0
1871,2021-10-06 03:30:12,12050.0,400.0,7167300.0
1872,2021-10-06 03:30:12,12050.0,100.0,7166900.0
1873,2021-10-06 03:30:12,12050.0,1000.0,7166800.0
1874,2021-10-06 03:30:12,12050.0,1000.0,7165800.0
1875,2021-10-06 03:30:12,12050.0,10000.0,7164800.0
1876,2021-10-06 03:30:12,12050.0,1000.0,7154800.0
1877,2021-10-06 03:30:12,12050.0,100.0,7153800.0
1878,2021-10-06 03:30:12,12050.0,100.0,7153700.0
1879,2021-10-06 03:29:56,12100.0,1400.0,7153600.0
1880,2021-10-06 03:29:31,12050.0,200.0,7152200.0
1881,2021-10-06 03:29:19,12100.0,200.0,7152000.0
1882,2021-10-06 03:29:01,12050.0,500.0,7151800.0
1883,2021-10-06 03:28:39,12050.0,200.0,7151300.0
1884,2021-10-06 03:28:22,12000.0,700.0,7151100.0
1885,2021-10-06 03:28:22,12000.0,1000.0,7150400.0
1886,2021-10-06 03:28:22,12000.0,1000.0,7149400.0
1887,2021-10-06 03:28:22,12000.0,700.0,7148400.0
1888,2021-10-06 03:28:22,12000.0,200.0,7147700.0
1889,2021-10-06 03:28:22,12000.0,2000.0,7147500.0
1890,2021-10-06 03:28:22,12000.0,700.0,7145500.0
1891,2021-10-06 03:28:22,12000.0,2200.0,7144800.0
1892,2021-10-06 03:28:22,12000.0,500.0,7142600.0
1893,2021-10-06 03:28:22,12000.0,100.0,7142100.0
1894,2021-10-06 03:28:22,12000.0,1000.0,7142000.0
1895,2021-10-06 03:28:22,12000.0,100.0,7141000.0
1896,2021-10-06 03:28:22,12000.0,100.0,7140900.0
1897,2021-10-06 03:28:22,12000.0,500.0,7140800.0
1898,2021-10-06 03:28:22,12000.0,100.0,7140300.0
1899,2021-10-06 03:28:22,12000.0,1000.0,7140200.0
1900,2021-10-06 03:28:22,12000.0,1100.0,7139200.0
1901,2021-10-06 03:28:22,12000.0,100.0,7138100.0
1902,2021-10-06 03:28:22,12000.0,200.0,7138000.0
1903,2021-10-06 03:28:22,12000.0,100.0,7137800.0
1904,2021-10-06 03:28:22,12000.0,500.0,7137700.0
1905,2021-10-06 03:28:22,12000.0,1000.0,7137200.0
1906,2021-10-06 03:28:22,12000.0,2000.0,7136200.0
1907,2021-10-06 03:28:22,12000.0,1000.0,7134200.0
1908,2021-10-06 03:28:22,12000.0,100.0,7133200.0
1909,2021-10-06 03:28:22,12000.0,500.0,7133100.0
1910,2021-10-06 03:28:22,12000.0,100.0,7132600.0
1911,2021-10-06 03:28:22,12000.0,1000.0,7132500.0
1912,2021-10-06 03:28:22,12000.0,100.0,7131500.0
1913,2021-10-06 03:28:22,12000.0,100.0,7131400.0
1914,2021-10-06 03:28:22,12000.0,300.0,7131300.0
1915,2021-10-06 03:28:22,12000.0,500.0,7131000.0
1916,2021-10-06 03:28:22,12000.0,10000.0,7130500.0
1917,2021-10-06 03:28:22,12000.0,300.0,7120500.0
1918,2021-10-06 03:28:22,12000.0,1000.0,7120200.0
1919,2021-10-06 03:28:22,12000.0,100.0,7119200.0
1920,2021-10-06 03:28:22,12000.0,1400.0,7119100.0
1921,2021-10-06 03:28:22,12000.0,3000.0,7117700.0
1922,2021-10-06 03:28:22,12000.0,1000.0,7114700.0
1923,2021-10-06 03:28:22,12000.0,100.0,7113700.0
1924,2021-10-06 03:28:22,12000.0,3600.0,7113600.0
1925,2021-10-06 03:28:22,12050.0,2000.0,7110000.0
1926,2021-10-06 03:28:22,12050.0,6900.0,7108000.0
1927,2021-10-06 03:28:20,12050.0,600.0,7101100.0
1928,2021-10-06 03:28:20,12050.0,400.0,7100500.0
1929,2021-10-06 03:28:03,12050.0,100.0,7100100.0
1930,2021-10-06 03:27:53,12000.0,4400.0,7100000.0
1931,2021-10-06 03:27:53,12000.0,800.0,7095600.0
1932,2021-10-06 03:27:53,12000.0,2600.0,7094800.0
1933,2021-10-06 03:27:53,12050.0,200.0,7092200.0
1934,2021-10-06 03:27:53,12050.0,2000.0,7092000.0
1935,2021-10-06 03:27:43,12050.0,1000.0,7090000.0
1936,2021-10-06 03:27:43,12050.0,2000.0,7089000.0
1937,2021-10-06 03:27:20,12050.0,100.0,7087000.0
1938,2021-10-06 03:27:20,12050.0,300.0,7086900.0
1939,2021-10-06 03:27:06,12000.0,500.0,7086600.0
1940,2021-10-06 03:27:06,12050.0,2000.0,7086100.0
1941,2021-10-06 03:26:52,12050.0,600.0,7084100.0
1942,2021-10-06 03:26:50,12050.0,100.0,7083500.0
1943,2021-10-06 03:26:41,12000.0,4200.0,7083400.0
1944,2021-10-06 03:26:41,12050.0,800.0,7079200.0
1945,2021-10-06 03:26:26,12050.0,1200.0,7078400.0
1946,2021-10-06 03:26:26,12050.0,500.0,7077200.0
1947,2021-10-06 03:26:26,12050.0,300.0,7076700.0
1948,2021-10-06 03:26:09,12050.0,200.0,7076400.0
1949,2021-10-06 03:26:09,12050.0,100.0,7076200.0
1950,2021-10-06 03:25:48,12050.0,900.0,7076100.0
1951,2021-10-06 03:25:48,12050.0,4100.0,7075200.0
1952,2021-10-06 03:25:45,12050.0,3900.0,7071100.0
1953,2021-10-06 03:25:45,12050.0,1100.0,7067200.0
1954,2021-10-06 03:25:42,12100.0,1100.0,7066100.0
1955,2021-10-06 03:25:42,12100.0,1000.0,7065000.0
1956,2021-10-06 03:25:42,12100.0,500.0,7064000.0
1957,2021-10-06 03:25:42,12100.0,400.0,7063500.0
1958,2021-10-06 03:25:35,12050.0,400.0,7063100.0
1959,2021-10-06 03:25:15,12100.0,500.0,7062700.0
1960,2021-10-06 03:25:11,12050.0,1000.0,7062200.0
1961,2021-10-06 03:25:09,12050.0,1000.0,7061200.0
1962,2021-10-06 03:25:06,12050.0,2000.0,7060200.0
1963,2021-10-06 03:24:56,12050.0,1600.0,7058200.0
1964,2021-10-06 03:24:56,12050.0,500.0,7056600.0
1965,2021-10-06 03:24:56,12050.0,500.0,7056100.0
1966,2021-10-06 03:24:56,12050.0,700.0,7055600.0
1967,2021-10-06 03:24:56,12050.0,700.0,7054900.0
1968,2021-10-06 03:24:52,12050.0,300.0,7054200.0
1969,2021-10-06 03:24:50,12050.0,500.0,7053900.0
1970,2021-10-06 03:24:45,12050.0,500.0,7053400.0
1971,2021-10-06 03:24:42,12050.0,2000.0,7052900.0
1972,2021-10-06 03:24:38,12050.0,5900.0,7050900.0
1973,2021-10-06 03:24:38,12050.0,1000.0,7045000.0
1974,2021-10-06 03:24:38,12050.0,1000.0,7044000.0
1975,2021-10-06 03:24:38,12050.0,200.0,7043000.0
1976,2021-10-06 03:24:38,12050.0,10000.0,7042800.0
1977,2021-10-06 03:24:38,12050.0,400.0,7032800.0
1978,2021-10-06 03:24:38,12050.0,5000.0,7032400.0
1979,2021-10-06 03:24:38,12050.0,1000.0,7027400.0
1980,2021-10-06 03:24:38,12050.0,5000.0,7026400.0
1981,2021-10-06 03:24:38,12050.0,300.0,7021400.0
1982,2021-10-06 03:24:38,12050.0,3000.0,7021100.0
1983,2021-10-06 03:24:38,12050.0,100.0,7018100.0
1984,2021-10-06 03:24:38,12050.0,300.0,7018000.0
1985,2021-10-06 03:24:38,12050.0,100.0,7017700.0
1986,2021-10-06 03:24:38,12050.0,400.0,7017600.0
1987,2021-10-06 03:24:38,12050.0,100.0,7017200.0
1988,2021-10-06 03:24:38,12050.0,3000.0,7017100.0
1989,2021-10-06 03:24:38,12050.0,2000.0,7014100.0
1990,2021-10-06 03:24:38,12050.0,100.0,7012100.0
1991,2021-10-06 03:24:38,12050.0,200.0,7012000.0
1992,2021-10-06 03:24:38,12050.0,900.0,7011800.0
1993,2021-10-06 03:24:28,12050.0,100.0,7010900.0
1994,2021-10-06 03:24:28,12050.0,100.0,7010800.0
1995,2021-10-06 03:24:28,12050.0,100.0,7010700.0
1996,2021-10-06 03:23:39,12050.0,400.0,7010600.0
1997,2021-10-06 03:23:39,12050.0,100.0,7010200.0
1998,2021-10-06 03:23:39,12050.0,100.0,7010100.0
1999,2021-10-06 03:23:39,12050.0,1100.0,7010000.0
2000,2021-10-06 03:23:37,12050.0,500.0,7008900.0
2001,2021-10-06 03:23:28,12050.0,300.0,7008400.0
2002,2021-10-06 03:23:28,12050.0,5000.0,7008100.0
2003,2021-10-06 03:23:28,12050.0,100.0,7003100.0
2004,2021-10-06 03:23:28,12050.0,3200.0,7003000.0
2005,2021-10-06 03:23:28,12050.0,800.0,6999800.0
2006,2021-10-06 03:23:28,12050.0,500.0,6999000.0
2007,2021-10-06 03:23:28,12050.0,5000.0,6998500.0
2008,2021-10-06 03:23:28,12050.0,300.0,6993500.0
2009,2021-10-06 03:23:28,12050.0,500.0,6993200.0
2010,2021-10-06 03:23:28,12050.0,2000.0,6992700.0
2011,2021-10-06 03:23:28,12050.0,2000.0,6990700.0
2012,2021-10-06 03:23:28,12050.0,1600.0,6988700.0
2013,2021-10-06 03:23:28,12050.0,400.0,6987100.0
2014,2021-10-06 03:23:28,12050.0,300.0,6986700.0
2015,2021-10-06 03:23:28,12050.0,500.0,6986400.0
2016,2021-10-06 03:23:28,12050.0,100.0,6985900.0
2017,2021-10-06 03:23:28,12050.0,20000.0,6985800.0
2018,2021-10-06 03:23:28,12050.0,1200.0,6965800.0
2019,2021-10-06 03:23:28,12050.0,200.0,6964600.0
2020,2021-10-06 03:23:28,12050.0,16000.0,6964400.0
2021,2021-10-06 03:23:27,12100.0,100.0,6948400.0
2022,2021-10-06 03:23:27,12100.0,3900.0,6948300.0
2023,2021-10-06 03:22:38,12050.0,400.0,6944400.0
2024,2021-10-06 03:22:18,12100.0,100.0,6944000.0
2025,2021-10-06 03:22:16,12100.0,200.0,6943900.0
2026,2021-10-06 03:22:06,12100.0,800.0,6943700.0
2027,2021-10-06 03:22:06,12100.0,1000.0,6942900.0
2028,2021-10-06 03:22:06,12100.0,100.0,6941900.0
2029,2021-10-06 03:22:06,12100.0,100.0,6941800.0
2030,2021-10-06 03:22:03,12100.0,200.0,6941700.0
2031,2021-10-06 03:22:03,12100.0,1000.0,6941500.0
2032,2021-10-06 03:21:56,12100.0,300.0,6940500.0
2033,2021-10-06 03:21:47,12100.0,200.0,6940200.0
2034,2021-10-06 03:21:46,12100.0,500.0,6940000.0
2035,2021-10-06 03:21:35,12100.0,1000.0,6939500.0
2036,2021-10-06 03:21:35,12100.0,100.0,6938500.0
2037,2021-10-06 03:21:33,12100.0,2300.0,6938400.0
2038,2021-10-06 03:21:33,12100.0,200.0,6936100.0
2039,2021-10-06 03:21:33,12100.0,1000.0,6935900.0
2040,2021-10-06 03:21:33,12100.0,1000.0,6934900.0
2041,2021-10-06 03:21:33,12100.0,1000.0,6933900.0
2042,2021-10-06 03:21:33,12100.0,3500.0,6932900.0
2043,2021-10-06 03:21:29,12100.0,100.0,6929400.0
2044,2021-10-06 03:20:51,12100.0,2000.0,6929300.0
