,Time,Price,Volume_per_trade,Volume
0,2021-10-08 07:45:01,69100.0,300.0,85400.0
1,2021-10-08 07:45:01,69100.0,700.0,85100.0
2,2021-10-08 07:45:01,69100.0,300.0,84400.0
3,2021-10-08 07:45:01,69100.0,100.0,84100.0
4,2021-10-08 07:45:01,69100.0,200.0,84000.0
5,2021-10-08 07:45:01,69100.0,600.0,83800.0
6,2021-10-08 07:45:01,69100.0,2000.0,83200.0
7,2021-10-08 07:45:01,69100.0,200.0,81200.0
8,2021-10-08 07:45:01,69100.0,300.0,81000.0
9,2021-10-08 07:45:01,69100.0,1500.0,80700.0
10,2021-10-08 07:45:01,69100.0,500.0,79200.0
11,2021-10-08 07:45:01,69100.0,1000.0,78700.0
12,2021-10-08 07:25:39,68200.0,1000.0,77700.0
13,2021-10-08 07:05:00,69500.0,1000.0,76700.0
14,2021-10-08 07:03:02,68200.0,300.0,75700.0
15,2021-10-08 07:02:32,68200.0,200.0,75400.0
16,2021-10-08 07:02:31,69600.0,800.0,75200.0
17,2021-10-08 07:02:31,69500.0,100.0,74400.0
18,2021-10-08 07:02:31,69500.0,100.0,74300.0
19,2021-10-08 07:02:20,68200.0,1200.0,74200.0
20,2021-10-08 07:01:39,68100.0,900.0,73000.0
21,2021-10-08 07:01:39,68100.0,1700.0,72100.0
22,2021-10-08 07:01:39,68200.0,2000.0,70400.0
23,2021-10-08 07:01:39,68200.0,200.0,68400.0
24,2021-10-08 07:01:39,68200.0,400.0,68200.0
25,2021-10-08 07:01:39,68200.0,2000.0,67800.0
26,2021-10-08 07:01:39,68200.0,500.0,65800.0
27,2021-10-08 07:01:39,68200.0,300.0,65300.0
28,2021-10-08 07:01:39,68300.0,2000.0,65000.0
29,2021-10-08 07:01:14,69600.0,2900.0,63000.0
30,2021-10-08 07:01:14,69600.0,100.0,60100.0
31,2021-10-08 07:01:14,69600.0,500.0,60000.0
32,2021-10-08 07:01:14,69500.0,1500.0,59500.0
33,2021-10-08 06:59:32,68200.0,700.0,58000.0
34,2021-10-08 06:59:32,68200.0,2000.0,57300.0
35,2021-10-08 06:59:32,68200.0,1000.0,55300.0
36,2021-10-08 06:59:32,68200.0,600.0,54300.0
37,2021-10-08 06:59:32,68200.0,100.0,53700.0
38,2021-10-08 06:59:32,68300.0,200.0,53600.0
39,2021-10-08 06:57:59,69700.0,100.0,53400.0
40,2021-10-08 06:57:59,69700.0,200.0,53300.0
41,2021-10-08 06:57:59,69600.0,700.0,53100.0
42,2021-10-08 06:57:47,68200.0,900.0,52400.0
43,2021-10-08 06:57:47,68200.0,100.0,51500.0
44,2021-10-08 06:57:36,68200.0,1000.0,51400.0
45,2021-10-08 06:57:36,68200.0,300.0,50400.0
46,2021-10-08 06:57:36,68200.0,200.0,50100.0
47,2021-10-08 06:57:36,68500.0,1000.0,49900.0
48,2021-10-08 06:56:24,69700.0,600.0,48900.0
49,2021-10-08 06:56:24,69500.0,100.0,48300.0
50,2021-10-08 06:56:24,69500.0,200.0,48200.0
51,2021-10-08 06:56:24,69500.0,200.0,48000.0
52,2021-10-08 06:56:24,69000.0,900.0,47800.0
53,2021-10-08 06:56:12,68200.0,100.0,46900.0
54,2021-10-08 06:56:12,68200.0,100.0,46800.0
55,2021-10-08 06:56:12,68200.0,1000.0,46700.0
56,2021-10-08 06:56:12,68200.0,2000.0,45700.0
57,2021-10-08 06:56:12,68200.0,100.0,43700.0
58,2021-10-08 06:56:12,68400.0,1000.0,43600.0
59,2021-10-08 06:56:12,68500.0,200.0,42600.0
60,2021-10-08 06:54:07,69000.0,100.0,42400.0
61,2021-10-08 06:50:21,69500.0,200.0,42300.0
62,2021-10-08 06:47:07,69500.0,300.0,42100.0
63,2021-10-08 06:47:07,69500.0,200.0,41800.0
64,2021-10-08 06:47:07,69500.0,100.0,41600.0
65,2021-10-08 06:47:07,69500.0,200.0,41500.0
66,2021-10-08 06:47:07,69400.0,1000.0,41300.0
67,2021-10-08 06:40:13,69500.0,200.0,40300.0
68,2021-10-08 06:40:13,69500.0,100.0,40100.0
69,2021-10-08 06:40:03,68200.0,1900.0,40000.0
70,2021-10-08 06:40:03,68200.0,100.0,38100.0
71,2021-10-08 06:40:03,68500.0,300.0,38000.0
72,2021-10-08 06:40:03,69000.0,100.0,37700.0
73,2021-10-08 06:40:03,69000.0,500.0,37600.0
74,2021-10-08 06:40:03,69000.0,300.0,37100.0
75,2021-10-08 06:32:33,69500.0,200.0,36800.0
76,2021-10-08 06:32:05,69500.0,200.0,36600.0
77,2021-10-08 06:28:33,69500.0,400.0,36400.0
78,2021-10-08 06:28:33,69400.0,200.0,36000.0
79,2021-10-08 06:25:50,69500.0,100.0,35800.0
80,2021-10-08 06:22:49,69700.0,200.0,35700.0
81,2021-10-08 06:22:49,69600.0,200.0,35500.0
82,2021-10-08 06:08:42,68200.0,100.0,35300.0
83,2021-10-08 06:06:02,68200.0,1000.0,35200.0
84,2021-10-08 06:04:54,68200.0,500.0,34200.0
85,2021-10-08 06:04:39,68200.0,300.0,33700.0
86,2021-10-08 06:00:46,68200.0,100.0,33400.0
87,2021-10-08 06:00:27,68200.0,800.0,33300.0
88,2021-10-08 04:18:11,68100.0,300.0,32500.0
89,2021-10-08 04:13:46,68200.0,100.0,32200.0
90,2021-10-08 04:13:11,68200.0,1100.0,32100.0
91,2021-10-08 04:13:11,68200.0,500.0,31000.0
92,2021-10-08 04:03:36,68200.0,200.0,30500.0
93,2021-10-08 04:01:39,68200.0,1000.0,30300.0
94,2021-10-08 03:56:56,68200.0,100.0,29300.0
95,2021-10-08 03:52:44,68200.0,200.0,29200.0
96,2021-10-08 03:51:40,68200.0,300.0,29000.0
97,2021-10-08 03:50:44,68200.0,500.0,28700.0
98,2021-10-08 03:50:44,68200.0,200.0,28200.0
99,2021-10-08 03:39:30,68200.0,100.0,28000.0
100,2021-10-08 03:37:59,68200.0,500.0,27900.0
101,2021-10-08 03:37:56,68200.0,200.0,27400.0
102,2021-10-08 03:36:47,68200.0,200.0,27200.0
103,2021-10-08 03:36:07,68200.0,800.0,27000.0
104,2021-10-08 03:33:53,68200.0,200.0,26200.0
105,2021-10-08 03:33:53,68200.0,300.0,26000.0
106,2021-10-08 03:31:05,68200.0,200.0,25700.0
107,2021-10-08 03:27:05,68200.0,200.0,25500.0
108,2021-10-08 03:27:00,68200.0,1000.0,25300.0
109,2021-10-08 03:22:40,68200.0,1000.0,24300.0
110,2021-10-08 03:17:46,68200.0,200.0,23300.0
111,2021-10-08 03:17:46,68200.0,500.0,23100.0
112,2021-10-08 03:17:46,68200.0,600.0,22600.0
113,2021-10-08 03:16:05,68200.0,600.0,22000.0
114,2021-10-08 03:15:15,68200.0,100.0,21400.0
115,2021-10-08 03:14:37,68200.0,300.0,21300.0
116,2021-10-08 03:13:27,68200.0,500.0,21000.0
117,2021-10-08 03:13:24,68200.0,100.0,20500.0
118,2021-10-08 03:12:31,68200.0,500.0,20400.0
119,2021-10-08 03:12:31,68200.0,1000.0,19900.0
120,2021-10-08 03:12:31,68200.0,500.0,18900.0
121,2021-10-08 03:12:31,68200.0,400.0,18400.0
122,2021-10-08 03:12:31,68400.0,1000.0,18000.0
123,2021-10-08 03:03:23,69900.0,300.0,17000.0
124,2021-10-08 03:03:23,69800.0,200.0,16700.0
125,2021-10-08 02:58:42,69800.0,300.0,16500.0
126,2021-10-08 02:56:40,68200.0,1100.0,16200.0
127,2021-10-08 02:55:55,68200.0,600.0,15100.0
128,2021-10-08 02:55:16,68200.0,100.0,14500.0
129,2021-10-08 02:54:03,68200.0,100.0,14400.0
130,2021-10-08 02:52:53,68200.0,100.0,14300.0
131,2021-10-08 02:52:35,68200.0,3000.0,14200.0
132,2021-10-08 02:49:24,68200.0,100.0,11200.0
133,2021-10-08 02:48:39,68200.0,500.0,11100.0
134,2021-10-08 02:48:39,68500.0,400.0,10600.0
135,2021-10-08 02:44:42,68200.0,200.0,10200.0
136,2021-10-08 02:44:28,68200.0,500.0,10000.0
137,2021-10-08 02:44:10,68200.0,2000.0,9500.0
138,2021-10-08 02:43:53,68200.0,500.0,7500.0
139,2021-10-08 02:43:29,68200.0,600.0,7000.0
140,2021-10-08 02:38:47,68200.0,1000.0,6400.0
141,2021-10-08 02:38:47,68200.0,200.0,5400.0
142,2021-10-08 02:36:42,68200.0,1700.0,5200.0
143,2021-10-08 02:36:25,68200.0,300.0,3500.0
144,2021-10-08 02:34:59,68200.0,1700.0,3200.0
145,2021-10-08 02:34:23,68200.0,100.0,1500.0
146,2021-10-08 02:34:23,68200.0,500.0,1400.0
147,2021-10-08 02:34:03,69900.0,100.0,900.0
148,2021-10-08 02:31:00,69900.0,100.0,800.0
149,2021-10-08 02:31:00,69900.0,500.0,700.0
150,2021-10-08 02:31:00,69800.0,200.0,200.0
