,Time,Price,Volume_per_trade,Volume
0,2021-10-11 07:45:01,68600.0,300.0,95500.0
1,2021-10-11 07:45:01,68600.0,400.0,95200.0
2,2021-10-11 07:45:01,68600.0,500.0,94800.0
3,2021-10-11 07:45:01,68600.0,500.0,94300.0
4,2021-10-11 07:45:01,68600.0,300.0,93800.0
5,2021-10-11 07:45:01,68600.0,100.0,93500.0
6,2021-10-11 07:24:02,68000.0,100.0,93400.0
7,2021-10-11 07:24:02,68100.0,300.0,93300.0
8,2021-10-11 07:24:02,68100.0,100.0,93000.0
9,2021-10-11 07:09:10,68600.0,600.0,92900.0
10,2021-10-11 06:55:07,68100.0,1200.0,92300.0
11,2021-10-11 06:55:07,68100.0,500.0,91100.0
12,2021-10-11 06:55:07,68100.0,1000.0,90600.0
13,2021-10-11 06:55:07,68100.0,200.0,89600.0
14,2021-10-11 06:55:07,68100.0,100.0,89400.0
15,2021-10-11 06:45:22,68900.0,900.0,89300.0
16,2021-10-11 06:45:22,68800.0,1000.0,88400.0
17,2021-10-11 06:45:03,68700.0,1000.0,87400.0
18,2021-10-11 06:44:53,68100.0,900.0,86400.0
19,2021-10-11 06:44:53,68100.0,600.0,85500.0
20,2021-10-11 06:43:12,68100.0,1400.0,84900.0
21,2021-10-11 06:42:22,68100.0,1000.0,83500.0
22,2021-10-11 06:41:39,68100.0,300.0,82500.0
23,2021-10-11 06:41:21,68000.0,400.0,82200.0
24,2021-10-11 06:41:21,68000.0,100.0,81800.0
25,2021-10-11 06:41:21,68000.0,1500.0,81700.0
26,2021-10-11 06:41:02,68000.0,500.0,80200.0
27,2021-10-11 06:41:02,68000.0,100.0,79700.0
28,2021-10-11 06:41:02,68000.0,2400.0,79600.0
29,2021-10-11 06:40:44,68000.0,100.0,77200.0
30,2021-10-11 06:38:37,68100.0,900.0,77100.0
31,2021-10-11 06:36:10,68100.0,300.0,76200.0
32,2021-10-11 06:36:10,68100.0,1000.0,75900.0
33,2021-10-11 06:36:10,68100.0,100.0,74900.0
34,2021-10-11 06:29:23,68100.0,400.0,74800.0
35,2021-10-11 06:28:51,68100.0,1000.0,74400.0
36,2021-10-11 06:28:47,68100.0,600.0,73400.0
37,2021-10-11 06:28:47,68100.0,400.0,72800.0
38,2021-10-11 06:28:18,68100.0,100.0,72400.0
39,2021-10-11 06:22:26,68100.0,400.0,72300.0
40,2021-10-11 06:20:32,68100.0,300.0,71900.0
41,2021-10-11 06:18:49,68100.0,200.0,71600.0
42,2021-10-11 06:18:45,68100.0,800.0,71400.0
43,2021-10-11 06:18:22,68000.0,400.0,70600.0
44,2021-10-11 06:17:34,68100.0,100.0,70200.0
45,2021-10-11 06:17:00,68100.0,200.0,70100.0
46,2021-10-11 06:16:58,68100.0,500.0,69900.0
47,2021-10-11 06:15:57,68100.0,600.0,69400.0
48,2021-10-11 06:15:34,68100.0,200.0,68800.0
49,2021-10-11 06:14:43,68100.0,200.0,68600.0
50,2021-10-11 06:14:43,68100.0,1000.0,68400.0
51,2021-10-11 06:14:20,68900.0,100.0,67400.0
52,2021-10-11 06:14:03,68100.0,2000.0,67300.0
53,2021-10-11 06:14:03,68100.0,1700.0,65300.0
54,2021-10-11 06:11:18,68100.0,300.0,63600.0
55,2021-10-11 06:09:52,68100.0,700.0,63300.0
56,2021-10-11 06:08:16,68100.0,500.0,62600.0
57,2021-10-11 06:07:51,68000.0,2000.0,62100.0
58,2021-10-11 06:06:03,68100.0,300.0,60100.0
59,2021-10-11 06:06:03,68100.0,900.0,59800.0
60,2021-10-11 06:05:53,68100.0,100.0,58900.0
61,2021-10-11 06:05:07,68100.0,300.0,58800.0
62,2021-10-11 06:04:40,68100.0,900.0,58500.0
63,2021-10-11 06:04:30,68100.0,500.0,57600.0
64,2021-10-11 06:04:20,68100.0,600.0,57100.0
65,2021-10-11 06:04:20,68100.0,400.0,56500.0
66,2021-10-11 06:04:02,68100.0,100.0,56100.0
67,2021-10-11 06:03:48,68100.0,1000.0,56000.0
68,2021-10-11 06:02:17,68000.0,100.0,55000.0
69,2021-10-11 06:02:17,68000.0,100.0,54900.0
70,2021-10-11 06:02:17,68000.0,1800.0,54800.0
71,2021-10-11 06:00:13,68100.0,100.0,53000.0
72,2021-10-11 06:00:01,68100.0,200.0,52900.0
73,2021-10-11 06:00:01,68100.0,100.0,52700.0
74,2021-10-11 06:00:01,68100.0,100.0,52600.0
75,2021-10-11 04:27:03,69000.0,200.0,52500.0
76,2021-10-11 04:27:03,68900.0,800.0,52300.0
77,2021-10-11 04:21:48,68100.0,200.0,51500.0
78,2021-10-11 04:21:43,68100.0,100.0,51300.0
79,2021-10-11 04:20:37,68100.0,500.0,51200.0
80,2021-10-11 04:19:29,68100.0,100.0,50700.0
81,2021-10-11 04:19:25,68100.0,200.0,50600.0
82,2021-10-11 04:18:08,68100.0,100.0,50400.0
83,2021-10-11 04:15:06,68100.0,100.0,50300.0
84,2021-10-11 04:14:06,68100.0,200.0,50200.0
85,2021-10-11 04:13:37,68100.0,200.0,50000.0
86,2021-10-11 04:13:15,68100.0,100.0,49800.0
87,2021-10-11 04:09:14,68100.0,200.0,49700.0
88,2021-10-11 04:06:09,68100.0,200.0,49500.0
89,2021-10-11 04:04:55,68100.0,100.0,49300.0
90,2021-10-11 04:04:27,68100.0,100.0,49200.0
91,2021-10-11 04:04:27,68100.0,100.0,49100.0
92,2021-10-11 04:02:53,68100.0,600.0,49000.0
93,2021-10-11 04:01:55,68100.0,100.0,48400.0
94,2021-10-11 04:00:48,68100.0,100.0,48300.0
95,2021-10-11 03:55:42,68100.0,200.0,48200.0
96,2021-10-11 03:54:24,68100.0,1000.0,48000.0
97,2021-10-11 03:53:05,68100.0,300.0,47000.0
98,2021-10-11 03:51:34,68100.0,100.0,46700.0
99,2021-10-11 03:51:34,68100.0,100.0,46600.0
100,2021-10-11 03:51:34,68100.0,100.0,46500.0
101,2021-10-11 03:51:34,68100.0,200.0,46400.0
102,2021-10-11 03:51:34,68100.0,400.0,46200.0
103,2021-10-11 03:38:48,68100.0,4600.0,45800.0
104,2021-10-11 03:38:46,68100.0,200.0,41200.0
105,2021-10-11 03:38:12,68100.0,100.0,41000.0
106,2021-10-11 03:38:12,68100.0,100.0,40900.0
107,2021-10-11 03:37:50,69000.0,100.0,40800.0
108,2021-10-11 03:37:50,69000.0,200.0,40700.0
109,2021-10-11 03:37:50,68900.0,300.0,40500.0
110,2021-10-11 03:36:53,68900.0,200.0,40200.0
111,2021-10-11 03:36:53,68800.0,1700.0,40000.0
112,2021-10-11 03:36:53,68700.0,100.0,38300.0
113,2021-10-11 03:34:08,68900.0,1000.0,38200.0
114,2021-10-11 03:33:21,68100.0,800.0,37200.0
115,2021-10-11 03:33:21,68100.0,200.0,36400.0
116,2021-10-11 03:28:10,69000.0,200.0,36200.0
117,2021-10-11 03:28:01,68100.0,100.0,36000.0
118,2021-10-11 03:28:01,68100.0,200.0,35900.0
119,2021-10-11 03:28:01,68100.0,700.0,35700.0
120,2021-10-11 03:25:07,68100.0,300.0,35000.0
121,2021-10-11 03:25:07,68100.0,500.0,34700.0
122,2021-10-11 03:25:07,68100.0,200.0,34200.0
123,2021-10-11 03:25:07,68100.0,800.0,34000.0
124,2021-10-11 03:25:07,68100.0,100.0,33200.0
125,2021-10-11 03:25:07,68200.0,100.0,33100.0
126,2021-10-11 03:21:28,68100.0,200.0,33000.0
127,2021-10-11 03:21:28,68100.0,500.0,32800.0
128,2021-10-11 03:21:28,68100.0,200.0,32300.0
129,2021-10-11 03:10:06,68100.0,500.0,32100.0
130,2021-10-11 03:10:06,68100.0,100.0,31600.0
131,2021-10-11 03:10:06,68100.0,100.0,31500.0
132,2021-10-11 03:10:06,68200.0,200.0,31400.0
133,2021-10-11 03:10:06,68300.0,100.0,31200.0
134,2021-10-11 03:04:02,68200.0,700.0,31100.0
135,2021-10-11 02:48:03,69000.0,500.0,30400.0
136,2021-10-11 02:48:03,68800.0,500.0,29900.0
137,2021-10-11 02:46:44,69100.0,100.0,29400.0
138,2021-10-11 02:46:31,68100.0,100.0,29300.0
139,2021-10-11 02:46:31,68100.0,100.0,29200.0
140,2021-10-11 02:46:31,68100.0,500.0,29100.0
141,2021-10-11 02:46:31,68100.0,1000.0,28600.0
142,2021-10-11 02:46:31,68100.0,500.0,27600.0
143,2021-10-11 02:46:31,68100.0,100.0,27100.0
144,2021-10-11 02:46:31,68200.0,1000.0,27000.0
145,2021-10-11 02:46:31,68200.0,100.0,26000.0
146,2021-10-11 02:46:31,68400.0,500.0,25900.0
147,2021-10-11 02:35:35,69300.0,5000.0,25400.0
148,2021-10-11 02:35:25,68100.0,400.0,20400.0
149,2021-10-11 02:35:25,68100.0,1000.0,20000.0
150,2021-10-11 02:35:25,68100.0,200.0,19000.0
151,2021-10-11 02:35:25,68100.0,200.0,18800.0
152,2021-10-11 02:34:38,68100.0,500.0,18600.0
153,2021-10-11 02:34:38,68100.0,500.0,18100.0
154,2021-10-11 02:34:38,68100.0,1000.0,17600.0
155,2021-10-11 02:34:38,68100.0,100.0,16600.0
156,2021-10-11 02:33:33,69500.0,200.0,16500.0
157,2021-10-11 02:33:23,68100.0,1000.0,16300.0
158,2021-10-11 02:33:23,68100.0,1000.0,15300.0
159,2021-10-11 02:33:23,68100.0,500.0,14300.0
160,2021-10-11 02:33:23,68100.0,2000.0,13800.0
161,2021-10-11 02:33:23,68100.0,100.0,11800.0
162,2021-10-11 02:33:23,68200.0,1000.0,11700.0
163,2021-10-11 02:33:23,68200.0,1000.0,10700.0
164,2021-10-11 02:33:23,68200.0,400.0,9700.0
165,2021-10-11 02:32:25,69100.0,1000.0,9300.0
166,2021-10-11 02:28:23,69800.0,100.0,8300.0
167,2021-10-11 02:28:13,68100.0,900.0,8200.0
168,2021-10-11 02:28:13,68100.0,2000.0,7300.0
169,2021-10-11 02:28:13,68100.0,200.0,5300.0
170,2021-10-11 02:28:13,68100.0,500.0,5100.0
171,2021-10-11 02:28:13,68100.0,100.0,4600.0
172,2021-10-11 02:28:13,68200.0,1000.0,4500.0
173,2021-10-11 02:28:13,68200.0,1000.0,3500.0
174,2021-10-11 02:28:13,68200.0,1000.0,2500.0
175,2021-10-11 02:28:13,68200.0,300.0,1500.0
176,2021-10-11 02:23:22,69100.0,100.0,1200.0
177,2021-10-11 02:18:57,69100.0,100.0,1100.0
178,2021-10-11 02:15:00,69900.0,100.0,1000.0
179,2021-10-11 02:15:00,69900.0,100.0,900.0
180,2021-10-11 02:15:00,69900.0,200.0,800.0
181,2021-10-11 02:15:00,69900.0,600.0,600.0
