,Time,Price,Volume_per_trade,Volume
0,2021-10-13 07:45:00,34250.0,500.0,606500.0
1,2021-10-13 07:45:00,34250.0,3000.0,606000.0
2,2021-10-13 07:45:00,34250.0,500.0,603000.0
3,2021-10-13 07:45:00,34250.0,100.0,602500.0
4,2021-10-13 07:45:00,34250.0,900.0,602400.0
5,2021-10-13 07:45:00,34250.0,1000.0,601500.0
6,2021-10-13 07:45:00,34250.0,1100.0,600500.0
7,2021-10-13 07:45:00,34250.0,400.0,599400.0
8,2021-10-13 07:45:00,34250.0,100.0,599000.0
9,2021-10-13 07:45:00,34250.0,200.0,598900.0
10,2021-10-13 07:45:00,34250.0,700.0,598700.0
11,2021-10-13 07:45:00,34250.0,2300.0,598000.0
12,2021-10-13 07:45:00,34250.0,600.0,595700.0
13,2021-10-13 07:45:00,34250.0,100.0,595100.0
14,2021-10-13 07:45:00,34250.0,100.0,595000.0
15,2021-10-13 07:45:00,34250.0,100.0,594900.0
16,2021-10-13 07:45:00,34250.0,100.0,594800.0
17,2021-10-13 07:45:00,34250.0,100.0,594700.0
18,2021-10-13 07:45:00,34250.0,100.0,594600.0
19,2021-10-13 07:45:00,34250.0,100.0,594500.0
20,2021-10-13 07:45:00,34250.0,100.0,594400.0
21,2021-10-13 07:45:00,34250.0,200.0,594300.0
22,2021-10-13 07:45:00,34250.0,2100.0,594100.0
23,2021-10-13 07:45:00,34250.0,100.0,592000.0
24,2021-10-13 07:45:00,34250.0,100.0,591900.0
25,2021-10-13 07:45:00,34250.0,1600.0,591800.0
26,2021-10-13 07:45:00,34250.0,1000.0,590200.0
27,2021-10-13 07:45:00,34250.0,300.0,589200.0
28,2021-10-13 07:45:00,34250.0,200.0,588900.0
29,2021-10-13 07:45:00,34250.0,100.0,588700.0
30,2021-10-13 07:45:00,34250.0,100.0,588600.0
31,2021-10-13 07:45:00,34250.0,1000.0,588500.0
32,2021-10-13 07:45:00,34250.0,600.0,587500.0
33,2021-10-13 07:45:00,34250.0,500.0,586900.0
34,2021-10-13 07:45:00,34250.0,1500.0,586400.0
35,2021-10-13 07:29:03,34300.0,100.0,584900.0
36,2021-10-13 07:29:03,34300.0,500.0,584800.0
37,2021-10-13 07:27:33,34300.0,2000.0,584300.0
38,2021-10-13 07:27:33,34300.0,300.0,582300.0
39,2021-10-13 07:27:33,34300.0,300.0,582000.0
40,2021-10-13 07:26:55,34300.0,200.0,581700.0
41,2021-10-13 07:26:55,34300.0,300.0,581500.0
42,2021-10-13 07:26:32,34300.0,200.0,581200.0
43,2021-10-13 07:26:32,34300.0,200.0,581000.0
44,2021-10-13 07:26:19,34300.0,1000.0,580800.0
45,2021-10-13 07:24:48,34300.0,800.0,579800.0
46,2021-10-13 07:24:48,34300.0,300.0,579000.0
47,2021-10-13 07:24:48,34300.0,200.0,578700.0
48,2021-10-13 07:24:48,34300.0,500.0,578500.0
49,2021-10-13 07:24:48,34300.0,1000.0,578000.0
50,2021-10-13 07:24:48,34300.0,200.0,577000.0
51,2021-10-13 07:24:20,34300.0,400.0,576800.0
52,2021-10-13 07:24:03,34350.0,3500.0,576400.0
53,2021-10-13 07:23:47,34350.0,500.0,572900.0
54,2021-10-13 07:23:34,34350.0,1000.0,572400.0
55,2021-10-13 07:22:59,34300.0,400.0,571400.0
56,2021-10-13 07:22:59,34300.0,200.0,571000.0
57,2021-10-13 07:22:24,34300.0,1100.0,570800.0
58,2021-10-13 07:21:34,34300.0,5000.0,569700.0
59,2021-10-13 07:21:21,34300.0,400.0,564700.0
60,2021-10-13 07:20:42,34300.0,200.0,564300.0
61,2021-10-13 07:20:42,34300.0,300.0,564100.0
62,2021-10-13 07:20:42,34300.0,100.0,563800.0
63,2021-10-13 07:20:42,34300.0,300.0,563700.0
64,2021-10-13 07:20:42,34300.0,100.0,563400.0
65,2021-10-13 07:20:42,34300.0,800.0,563300.0
66,2021-10-13 07:20:42,34300.0,400.0,562500.0
67,2021-10-13 07:20:42,34300.0,300.0,562100.0
68,2021-10-13 07:20:42,34300.0,100.0,561800.0
69,2021-10-13 07:20:42,34300.0,5000.0,561700.0
70,2021-10-13 07:20:42,34300.0,500.0,556700.0
71,2021-10-13 07:20:42,34300.0,200.0,556200.0
72,2021-10-13 07:20:42,34300.0,2000.0,556000.0
73,2021-10-13 07:20:42,34300.0,200.0,554000.0
74,2021-10-13 07:20:42,34300.0,1000.0,553800.0
75,2021-10-13 07:20:42,34350.0,100.0,552800.0
76,2021-10-13 07:19:55,34350.0,100.0,552700.0
77,2021-10-13 07:19:55,34350.0,2000.0,552600.0
78,2021-10-13 07:19:55,34350.0,200.0,550600.0
79,2021-10-13 07:19:55,34350.0,1000.0,550400.0
80,2021-10-13 07:19:55,34350.0,1000.0,549400.0
81,2021-10-13 07:18:54,34350.0,500.0,548400.0
82,2021-10-13 07:17:02,34300.0,3000.0,547900.0
83,2021-10-13 07:16:54,34300.0,700.0,544900.0
84,2021-10-13 07:16:54,34350.0,200.0,544200.0
85,2021-10-13 07:16:54,34350.0,700.0,544000.0
86,2021-10-13 07:16:46,34350.0,300.0,543300.0
87,2021-10-13 07:16:46,34350.0,100.0,543000.0
88,2021-10-13 07:16:03,34300.0,300.0,542900.0
89,2021-10-13 07:16:03,34300.0,100.0,542600.0
90,2021-10-13 07:16:03,34300.0,100.0,542500.0
91,2021-10-13 07:16:03,34300.0,1900.0,542400.0
92,2021-10-13 07:16:03,34300.0,200.0,540500.0
93,2021-10-13 07:16:03,34300.0,200.0,540300.0
94,2021-10-13 07:16:03,34300.0,1000.0,540100.0
95,2021-10-13 07:16:03,34300.0,400.0,539100.0
96,2021-10-13 07:16:03,34300.0,800.0,538700.0
97,2021-10-13 07:15:57,34300.0,700.0,537900.0
98,2021-10-13 07:15:57,34350.0,3300.0,537200.0
99,2021-10-13 07:15:57,34350.0,1700.0,533900.0
100,2021-10-13 07:15:50,34350.0,100.0,532200.0
101,2021-10-13 07:15:22,34350.0,100.0,532100.0
102,2021-10-13 07:15:22,34350.0,100.0,532000.0
103,2021-10-13 07:13:39,34350.0,200.0,531900.0
104,2021-10-13 07:12:50,34350.0,100.0,531700.0
105,2021-10-13 07:12:50,34350.0,1000.0,531600.0
106,2021-10-13 07:12:50,34350.0,300.0,530600.0
107,2021-10-13 07:12:50,34350.0,3400.0,530300.0
108,2021-10-13 07:11:57,34350.0,600.0,526900.0
109,2021-10-13 07:11:57,34350.0,200.0,526300.0
110,2021-10-13 07:10:51,34400.0,1100.0,526100.0
111,2021-10-13 07:10:32,34400.0,900.0,525000.0
112,2021-10-13 07:10:32,34400.0,200.0,524100.0
113,2021-10-13 07:10:32,34400.0,500.0,523900.0
114,2021-10-13 07:10:32,34400.0,300.0,523400.0
115,2021-10-13 07:10:32,34400.0,100.0,523100.0
116,2021-10-13 07:10:26,34450.0,100.0,523000.0
117,2021-10-13 07:10:26,34450.0,100.0,522900.0
118,2021-10-13 07:10:24,34450.0,200.0,522800.0
119,2021-10-13 07:08:23,34450.0,800.0,522600.0
120,2021-10-13 07:08:23,34450.0,100.0,521800.0
121,2021-10-13 07:08:23,34450.0,100.0,521700.0
122,2021-10-13 07:06:51,34500.0,100.0,521600.0
123,2021-10-13 07:06:02,34500.0,100.0,521500.0
124,2021-10-13 07:04:51,34500.0,400.0,521400.0
125,2021-10-13 07:03:52,34400.0,400.0,521000.0
126,2021-10-13 07:02:32,34500.0,1000.0,520600.0
127,2021-10-13 07:02:21,34500.0,500.0,519600.0
128,2021-10-13 07:02:21,34500.0,1000.0,519100.0
129,2021-10-13 07:02:21,34500.0,500.0,518100.0
130,2021-10-13 07:01:20,34500.0,2000.0,517600.0
131,2021-10-13 06:59:45,34500.0,200.0,515600.0
132,2021-10-13 06:59:23,34300.0,500.0,515400.0
133,2021-10-13 06:58:57,34300.0,1000.0,514900.0
134,2021-10-13 06:58:27,34300.0,1500.0,513900.0
135,2021-10-13 06:58:27,34300.0,300.0,512400.0
136,2021-10-13 06:58:27,34300.0,2000.0,512100.0
137,2021-10-13 06:58:27,34300.0,1000.0,510100.0
138,2021-10-13 06:58:27,34300.0,100.0,509100.0
139,2021-10-13 06:58:27,34300.0,200.0,509000.0
140,2021-10-13 06:58:27,34350.0,8900.0,508800.0
141,2021-10-13 06:58:27,34350.0,300.0,499900.0
142,2021-10-13 06:58:27,34400.0,100.0,499600.0
143,2021-10-13 06:58:27,34400.0,400.0,499500.0
144,2021-10-13 06:58:27,34400.0,200.0,499100.0
145,2021-10-13 06:55:49,34400.0,1000.0,498900.0
146,2021-10-13 06:55:15,34400.0,800.0,497900.0
147,2021-10-13 06:55:15,34400.0,200.0,497100.0
148,2021-10-13 06:54:55,34400.0,800.0,496900.0
149,2021-10-13 06:54:55,34400.0,300.0,496100.0
150,2021-10-13 06:54:32,34500.0,100.0,495800.0
151,2021-10-13 06:54:11,34400.0,1700.0,495700.0
152,2021-10-13 06:54:11,34400.0,200.0,494000.0
153,2021-10-13 06:54:11,34400.0,300.0,493800.0
154,2021-10-13 06:54:02,34500.0,300.0,493500.0
155,2021-10-13 06:53:01,34400.0,300.0,493200.0
156,2021-10-13 06:52:32,34400.0,200.0,492900.0
157,2021-10-13 06:52:11,34350.0,200.0,492700.0
158,2021-10-13 06:52:11,34400.0,300.0,492500.0
159,2021-10-13 06:52:01,34400.0,500.0,492200.0
160,2021-10-13 06:52:01,34400.0,400.0,491700.0
161,2021-10-13 06:52:01,34400.0,500.0,491300.0
162,2021-10-13 06:52:01,34400.0,800.0,490800.0
163,2021-10-13 06:50:17,34400.0,500.0,490000.0
164,2021-10-13 06:49:27,34400.0,100.0,489500.0
165,2021-10-13 06:48:38,34400.0,500.0,489400.0
166,2021-10-13 06:47:49,34400.0,100.0,488900.0
167,2021-10-13 06:47:41,34300.0,100.0,488800.0
168,2021-10-13 06:46:56,34300.0,300.0,488700.0
169,2021-10-13 06:45:14,34300.0,100.0,488400.0
170,2021-10-13 06:44:45,34300.0,300.0,488300.0
171,2021-10-13 06:43:02,34400.0,1000.0,488000.0
172,2021-10-13 06:40:25,34300.0,4700.0,487000.0
173,2021-10-13 06:40:25,34300.0,200.0,482300.0
174,2021-10-13 06:40:25,34300.0,100.0,482100.0
175,2021-10-13 06:39:50,34300.0,900.0,482000.0
176,2021-10-13 06:39:50,34300.0,100.0,481100.0
177,2021-10-13 06:39:50,34300.0,1000.0,481000.0
178,2021-10-13 06:39:50,34300.0,400.0,480000.0
179,2021-10-13 06:39:50,34300.0,200.0,479600.0
180,2021-10-13 06:39:50,34300.0,1400.0,479400.0
181,2021-10-13 06:39:30,34300.0,2600.0,478000.0
182,2021-10-13 06:35:08,34300.0,100.0,475400.0
183,2021-10-13 06:35:08,34300.0,300.0,475300.0
184,2021-10-13 06:35:08,34300.0,200.0,475000.0
185,2021-10-13 06:35:08,34300.0,6000.0,474800.0
186,2021-10-13 06:35:08,34300.0,100.0,468800.0
187,2021-10-13 06:35:08,34300.0,300.0,468700.0
188,2021-10-13 06:35:08,34300.0,100.0,468400.0
189,2021-10-13 06:35:08,34300.0,300.0,468300.0
190,2021-10-13 06:35:08,34300.0,2600.0,468000.0
191,2021-10-13 06:34:27,34300.0,100.0,465400.0
192,2021-10-13 06:33:33,34300.0,100.0,465300.0
193,2021-10-13 06:33:33,34350.0,300.0,465200.0
194,2021-10-13 06:33:33,34350.0,1000.0,464900.0
195,2021-10-13 06:33:33,34350.0,500.0,463900.0
196,2021-10-13 06:33:33,34350.0,100.0,463400.0
197,2021-10-13 06:31:26,34350.0,100.0,463300.0
198,2021-10-13 06:28:09,34350.0,100.0,463200.0
199,2021-10-13 06:28:09,34350.0,100.0,463100.0
200,2021-10-13 06:26:50,34350.0,200.0,463000.0
201,2021-10-13 06:25:57,34350.0,1700.0,462800.0
202,2021-10-13 06:25:40,34350.0,200.0,461100.0
203,2021-10-13 06:25:40,34350.0,200.0,460900.0
204,2021-10-13 06:25:22,34350.0,1000.0,460700.0
205,2021-10-13 06:25:22,34350.0,900.0,459700.0
206,2021-10-13 06:22:52,34400.0,200.0,458800.0
207,2021-10-13 06:21:06,34400.0,400.0,458600.0
208,2021-10-13 06:20:56,34400.0,100.0,458200.0
209,2021-10-13 06:20:56,34400.0,200.0,458100.0
210,2021-10-13 06:18:51,34450.0,500.0,457900.0
211,2021-10-13 06:16:31,34500.0,200.0,457400.0
212,2021-10-13 06:16:06,34500.0,100.0,457200.0
213,2021-10-13 06:15:50,34500.0,100.0,457100.0
214,2021-10-13 06:15:50,34500.0,200.0,457000.0
215,2021-10-13 06:15:22,34500.0,200.0,456800.0
216,2021-10-13 06:10:00,34600.0,200.0,456600.0
217,2021-10-13 06:10:00,34600.0,2900.0,456400.0
218,2021-10-13 06:09:40,34350.0,600.0,453500.0
219,2021-10-13 06:09:40,34350.0,100.0,452900.0
220,2021-10-13 06:09:40,34350.0,500.0,452800.0
221,2021-10-13 06:09:17,34400.0,200.0,452300.0
222,2021-10-13 06:09:17,34400.0,900.0,452100.0
223,2021-10-13 06:09:17,34400.0,100.0,451200.0
224,2021-10-13 06:09:17,34400.0,100.0,451100.0
225,2021-10-13 06:09:17,34400.0,200.0,451000.0
226,2021-10-13 06:09:17,34400.0,300.0,450800.0
227,2021-10-13 06:06:19,34400.0,300.0,450500.0
228,2021-10-13 06:05:46,34400.0,400.0,450200.0
229,2021-10-13 06:05:46,34400.0,100.0,449800.0
230,2021-10-13 06:05:00,34400.0,1900.0,449700.0
231,2021-10-13 06:03:49,34500.0,1000.0,447800.0
232,2021-10-13 06:03:49,34500.0,500.0,446800.0
233,2021-10-13 06:03:49,34500.0,500.0,446300.0
234,2021-10-13 06:00:22,34600.0,100.0,445800.0
235,2021-10-13 06:00:14,34500.0,200.0,445700.0
236,2021-10-13 06:00:14,34500.0,200.0,445500.0
237,2021-10-13 06:00:01,34500.0,300.0,445300.0
238,2021-10-13 06:00:01,34500.0,1000.0,445000.0
239,2021-10-13 06:00:01,34500.0,200.0,444000.0
240,2021-10-13 06:00:01,34500.0,100.0,443800.0
241,2021-10-13 06:00:00,34500.0,100.0,443700.0
242,2021-10-13 06:00:00,34500.0,300.0,443600.0
243,2021-10-13 06:00:00,34500.0,100.0,443300.0
244,2021-10-13 06:00:00,34500.0,500.0,443200.0
245,2021-10-13 04:29:51,34400.0,1000.0,442700.0
246,2021-10-13 04:29:46,34400.0,1000.0,441700.0
247,2021-10-13 04:27:19,34400.0,1000.0,440700.0
248,2021-10-13 04:26:30,34350.0,500.0,439700.0
249,2021-10-13 04:25:47,34350.0,500.0,439200.0
250,2021-10-13 04:25:47,34350.0,1000.0,438700.0
251,2021-10-13 04:23:49,34300.0,1000.0,437700.0
252,2021-10-13 04:23:18,34300.0,200.0,436700.0
253,2021-10-13 04:22:56,34300.0,1000.0,436500.0
254,2021-10-13 04:22:33,34300.0,500.0,435500.0
255,2021-10-13 04:22:00,34200.0,200.0,435000.0
256,2021-10-13 04:22:00,34200.0,1800.0,434800.0
257,2021-10-13 04:21:28,34200.0,2200.0,433000.0
258,2021-10-13 04:21:28,34200.0,200.0,430800.0
259,2021-10-13 04:21:28,34200.0,200.0,430600.0
260,2021-10-13 04:21:28,34200.0,100.0,430400.0
261,2021-10-13 04:21:11,34300.0,500.0,430300.0
262,2021-10-13 04:19:52,34200.0,300.0,429800.0
263,2021-10-13 04:19:38,34200.0,4600.0,429500.0
264,2021-10-13 04:19:16,34200.0,100.0,424900.0
265,2021-10-13 04:19:10,34200.0,300.0,424800.0
266,2021-10-13 04:19:10,34200.0,2700.0,424500.0
267,2021-10-13 04:18:05,34200.0,200.0,421800.0
268,2021-10-13 04:18:05,34200.0,200.0,421600.0
269,2021-10-13 04:17:23,34200.0,600.0,421400.0
270,2021-10-13 04:16:35,34200.0,1000.0,420800.0
271,2021-10-13 04:16:35,34200.0,500.0,419800.0
272,2021-10-13 04:16:35,34200.0,200.0,419300.0
273,2021-10-13 04:16:35,34200.0,1000.0,419100.0
274,2021-10-13 04:16:35,34200.0,200.0,418100.0
275,2021-10-13 04:16:35,34200.0,100.0,417900.0
276,2021-10-13 04:16:35,34200.0,100.0,417800.0
277,2021-10-13 04:16:35,34200.0,1000.0,417700.0
278,2021-10-13 04:16:35,34200.0,100.0,416700.0
279,2021-10-13 04:16:35,34200.0,200.0,416600.0
280,2021-10-13 04:16:35,34200.0,1000.0,416400.0
281,2021-10-13 04:16:35,34200.0,100.0,415400.0
282,2021-10-13 04:16:35,34200.0,500.0,415300.0
283,2021-10-13 04:16:35,34200.0,100.0,414800.0
284,2021-10-13 04:16:35,34200.0,100.0,414700.0
285,2021-10-13 04:16:35,34200.0,500.0,414600.0
286,2021-10-13 04:16:35,34200.0,100.0,414100.0
287,2021-10-13 04:16:35,34200.0,3000.0,414000.0
288,2021-10-13 04:16:35,34200.0,200.0,411000.0
289,2021-10-13 04:16:35,34200.0,1000.0,410800.0
290,2021-10-13 04:16:35,34200.0,100.0,409800.0
291,2021-10-13 04:16:35,34200.0,3000.0,409700.0
292,2021-10-13 04:16:35,34250.0,1000.0,406700.0
293,2021-10-13 04:16:35,34250.0,100.0,405700.0
294,2021-10-13 04:16:35,34250.0,1100.0,405600.0
295,2021-10-13 04:16:22,34300.0,3000.0,404500.0
296,2021-10-13 04:14:55,34250.0,200.0,401500.0
297,2021-10-13 04:14:17,34250.0,200.0,401300.0
298,2021-10-13 04:14:17,34250.0,200.0,401100.0
299,2021-10-13 04:14:17,34250.0,100.0,400900.0
300,2021-10-13 04:14:17,34250.0,100.0,400800.0
301,2021-10-13 04:14:17,34250.0,200.0,400700.0
302,2021-10-13 04:14:17,34250.0,200.0,400500.0
303,2021-10-13 04:14:14,34250.0,4000.0,400300.0
304,2021-10-13 04:14:08,34250.0,25800.0,396300.0
305,2021-10-13 04:14:08,34250.0,100.0,370500.0
306,2021-10-13 04:14:08,34250.0,1000.0,370400.0
307,2021-10-13 04:14:08,34250.0,5000.0,369400.0
308,2021-10-13 04:14:08,34250.0,100.0,364400.0
309,2021-10-13 04:14:08,34250.0,500.0,364300.0
310,2021-10-13 04:14:08,34250.0,200.0,363800.0
311,2021-10-13 04:14:08,34250.0,500.0,363600.0
312,2021-10-13 04:14:08,34250.0,2000.0,363100.0
313,2021-10-13 04:14:08,34250.0,3000.0,361100.0
314,2021-10-13 04:14:08,34250.0,100.0,358100.0
315,2021-10-13 04:14:08,34250.0,200.0,358000.0
316,2021-10-13 04:14:08,34250.0,500.0,357800.0
317,2021-10-13 04:14:08,34250.0,3000.0,357300.0
318,2021-10-13 04:13:56,34300.0,100.0,354300.0
319,2021-10-13 04:12:49,34300.0,500.0,354200.0
320,2021-10-13 04:12:28,34300.0,200.0,353700.0
321,2021-10-13 04:12:28,34300.0,700.0,353500.0
322,2021-10-13 04:12:28,34300.0,10000.0,352800.0
323,2021-10-13 04:12:28,34300.0,200.0,342800.0
324,2021-10-13 04:12:28,34300.0,500.0,342600.0
325,2021-10-13 04:12:28,34300.0,100.0,342100.0
326,2021-10-13 04:12:28,34300.0,500.0,342000.0
327,2021-10-13 04:12:11,34300.0,500.0,341500.0
328,2021-10-13 04:12:11,34300.0,500.0,341000.0
329,2021-10-13 04:11:55,34300.0,500.0,340500.0
330,2021-10-13 04:11:55,34300.0,100.0,340000.0
331,2021-10-13 04:11:55,34300.0,1000.0,339900.0
332,2021-10-13 04:11:55,34300.0,300.0,338900.0
333,2021-10-13 04:11:55,34300.0,100.0,338600.0
334,2021-10-13 04:11:55,34300.0,2900.0,338500.0
335,2021-10-13 04:10:36,34300.0,100.0,335600.0
336,2021-10-13 04:10:36,34300.0,500.0,335500.0
337,2021-10-13 04:10:36,34300.0,500.0,335000.0
338,2021-10-13 04:10:36,34300.0,100.0,334500.0
339,2021-10-13 04:10:36,34300.0,2000.0,334400.0
340,2021-10-13 04:10:36,34300.0,300.0,332400.0
341,2021-10-13 04:10:36,34300.0,200.0,332100.0
342,2021-10-13 04:10:36,34300.0,100.0,331900.0
343,2021-10-13 04:10:36,34300.0,100.0,331800.0
344,2021-10-13 04:10:36,34300.0,500.0,331700.0
345,2021-10-13 04:10:36,34300.0,500.0,331200.0
346,2021-10-13 04:10:36,34300.0,100.0,330700.0
347,2021-10-13 04:10:36,34300.0,2000.0,330600.0
348,2021-10-13 04:10:36,34300.0,3000.0,328600.0
349,2021-10-13 04:10:33,34300.0,100.0,325600.0
350,2021-10-13 04:10:33,34300.0,200.0,325500.0
351,2021-10-13 04:10:33,34300.0,100.0,325300.0
352,2021-10-13 04:10:33,34300.0,400.0,325200.0
353,2021-10-13 04:07:00,34300.0,200.0,324800.0
354,2021-10-13 04:07:00,34300.0,100.0,324600.0
355,2021-10-13 04:07:00,34300.0,700.0,324500.0
356,2021-10-13 04:04:41,34300.0,500.0,323800.0
357,2021-10-13 04:03:31,34300.0,1500.0,323300.0
358,2021-10-13 04:03:30,34350.0,500.0,321800.0
359,2021-10-13 04:03:06,34350.0,1000.0,321300.0
360,2021-10-13 04:03:06,34350.0,3600.0,320300.0
361,2021-10-13 04:02:56,34350.0,200.0,316700.0
362,2021-10-13 04:02:56,34350.0,800.0,316500.0
363,2021-10-13 04:02:56,34350.0,1000.0,315700.0
364,2021-10-13 04:02:56,34350.0,10000.0,314700.0
365,2021-10-13 04:02:56,34350.0,100.0,304700.0
366,2021-10-13 04:02:56,34350.0,700.0,304600.0
367,2021-10-13 04:02:56,34350.0,500.0,303900.0
368,2021-10-13 04:02:56,34350.0,100.0,303400.0
369,2021-10-13 04:02:56,34350.0,4000.0,303300.0
370,2021-10-13 04:02:56,34350.0,100.0,299300.0
371,2021-10-13 04:02:56,34350.0,1000.0,299200.0
372,2021-10-13 04:02:56,34350.0,500.0,298200.0
373,2021-10-13 04:01:48,34350.0,400.0,297700.0
374,2021-10-13 03:58:04,34350.0,500.0,297300.0
375,2021-10-13 03:57:39,34350.0,500.0,296800.0
376,2021-10-13 03:57:16,34350.0,100.0,296300.0
377,2021-10-13 03:57:16,34350.0,300.0,296200.0
378,2021-10-13 03:57:16,34350.0,100.0,295900.0
379,2021-10-13 03:56:42,34350.0,100.0,295800.0
380,2021-10-13 03:53:44,34350.0,300.0,295700.0
381,2021-10-13 03:53:44,34350.0,200.0,295400.0
382,2021-10-13 03:53:07,34350.0,100.0,295200.0
383,2021-10-13 03:51:25,34350.0,300.0,295100.0
384,2021-10-13 03:51:23,34350.0,200.0,294800.0
385,2021-10-13 03:50:19,34350.0,100.0,294600.0
386,2021-10-13 03:50:19,34350.0,2900.0,294500.0
387,2021-10-13 03:50:01,34350.0,100.0,291600.0
388,2021-10-13 03:49:13,34350.0,2000.0,291500.0
389,2021-10-13 03:49:13,34350.0,500.0,289500.0
390,2021-10-13 03:49:13,34350.0,500.0,289000.0
391,2021-10-13 03:49:13,34350.0,100.0,288500.0
392,2021-10-13 03:49:13,34350.0,100.0,288400.0
393,2021-10-13 03:49:13,34350.0,3000.0,288300.0
394,2021-10-13 03:49:13,34350.0,2000.0,285300.0
395,2021-10-13 03:49:13,34350.0,100.0,283300.0
396,2021-10-13 03:49:13,34350.0,300.0,283200.0
397,2021-10-13 03:49:13,34400.0,1000.0,282900.0
398,2021-10-13 03:49:13,34400.0,400.0,281900.0
399,2021-10-13 03:46:32,34350.0,400.0,281500.0
400,2021-10-13 03:46:32,34400.0,100.0,281100.0
401,2021-10-13 03:45:27,34400.0,400.0,281000.0
402,2021-10-13 03:45:14,34400.0,100.0,280600.0
403,2021-10-13 03:45:01,34400.0,100.0,280500.0
404,2021-10-13 03:45:01,34400.0,100.0,280400.0
405,2021-10-13 03:43:43,34400.0,400.0,280300.0
406,2021-10-13 03:43:43,34400.0,300.0,279900.0
407,2021-10-13 03:43:25,34400.0,200.0,279600.0
408,2021-10-13 03:43:25,34400.0,1800.0,279400.0
409,2021-10-13 03:43:18,34350.0,1300.0,277600.0
410,2021-10-13 03:43:18,34350.0,2700.0,276300.0
411,2021-10-13 03:43:16,34400.0,2200.0,273600.0
412,2021-10-13 03:43:16,34400.0,200.0,271400.0
413,2021-10-13 03:43:16,34400.0,3000.0,271200.0
414,2021-10-13 03:43:16,34400.0,3600.0,268200.0
415,2021-10-13 03:43:00,34400.0,1400.0,264600.0
416,2021-10-13 03:43:00,34400.0,3600.0,263200.0
417,2021-10-13 03:42:57,34350.0,4100.0,259600.0
418,2021-10-13 03:41:31,34400.0,100.0,255500.0
419,2021-10-13 03:40:05,34400.0,1000.0,255400.0
420,2021-10-13 03:38:44,34350.0,3200.0,254400.0
421,2021-10-13 03:38:44,34350.0,800.0,251200.0
422,2021-10-13 03:38:25,34400.0,1000.0,250400.0
423,2021-10-13 03:37:29,34400.0,500.0,249400.0
424,2021-10-13 03:37:10,34350.0,1000.0,248900.0
425,2021-10-13 03:35:06,34400.0,3800.0,247900.0
426,2021-10-13 03:35:06,34400.0,1200.0,244100.0
427,2021-10-13 03:33:47,34350.0,200.0,242900.0
428,2021-10-13 03:33:44,34350.0,200.0,242700.0
429,2021-10-13 03:33:44,34350.0,500.0,242500.0
430,2021-10-13 03:33:44,34350.0,1100.0,242000.0
431,2021-10-13 03:33:16,34350.0,1900.0,240900.0
432,2021-10-13 03:33:16,34350.0,500.0,239000.0
433,2021-10-13 03:33:16,34350.0,800.0,238500.0
434,2021-10-13 03:33:16,34350.0,1800.0,237700.0
435,2021-10-13 03:32:30,34350.0,3000.0,235900.0
436,2021-10-13 03:30:12,34400.0,600.0,232900.0
437,2021-10-13 03:30:09,34350.0,200.0,232300.0
438,2021-10-13 03:30:09,34350.0,2800.0,232100.0
439,2021-10-13 03:29:22,34350.0,200.0,229300.0
440,2021-10-13 03:29:22,34350.0,200.0,229100.0
441,2021-10-13 03:29:22,34350.0,4600.0,228900.0
442,2021-10-13 03:29:12,34400.0,200.0,224300.0
443,2021-10-13 03:28:19,34400.0,2000.0,224100.0
444,2021-10-13 03:28:15,34400.0,1000.0,222100.0
445,2021-10-13 03:28:15,34400.0,500.0,221100.0
446,2021-10-13 03:27:45,34400.0,500.0,220600.0
447,2021-10-13 03:27:25,34350.0,1200.0,220100.0
448,2021-10-13 03:27:25,34350.0,200.0,218900.0
449,2021-10-13 03:27:25,34350.0,500.0,218700.0
450,2021-10-13 03:27:25,34350.0,400.0,218200.0
451,2021-10-13 03:25:16,34350.0,100.0,217800.0
452,2021-10-13 03:25:16,34350.0,1000.0,217700.0
453,2021-10-13 03:25:16,34350.0,1000.0,216700.0
454,2021-10-13 03:25:16,34350.0,300.0,215700.0
455,2021-10-13 03:25:16,34350.0,600.0,215400.0
456,2021-10-13 03:25:03,34350.0,3500.0,214800.0
457,2021-10-13 03:25:00,34400.0,300.0,211300.0
458,2021-10-13 03:25:00,34400.0,700.0,211000.0
459,2021-10-13 03:24:59,34350.0,5000.0,210300.0
460,2021-10-13 03:24:40,34350.0,900.0,205300.0
461,2021-10-13 03:24:40,34350.0,100.0,204400.0
462,2021-10-13 03:24:40,34350.0,100.0,204300.0
463,2021-10-13 03:24:40,34350.0,1000.0,204200.0
464,2021-10-13 03:24:40,34350.0,100.0,203200.0
465,2021-10-13 03:24:40,34350.0,100.0,203100.0
466,2021-10-13 03:24:40,34350.0,100.0,203000.0
467,2021-10-13 03:24:40,34350.0,200.0,202900.0
468,2021-10-13 03:24:40,34350.0,1000.0,202700.0
469,2021-10-13 03:24:40,34350.0,400.0,201700.0
470,2021-10-13 03:24:07,34400.0,3300.0,201300.0
471,2021-10-13 03:24:07,34400.0,1700.0,198000.0
472,2021-10-13 03:21:11,34400.0,1000.0,196300.0
473,2021-10-13 03:20:54,34350.0,100.0,195300.0
474,2021-10-13 03:20:54,34350.0,100.0,195200.0
475,2021-10-13 03:20:54,34350.0,5800.0,195100.0
476,2021-10-13 03:20:54,34350.0,500.0,189300.0
477,2021-10-13 03:20:54,34350.0,1000.0,188800.0
478,2021-10-13 03:20:54,34350.0,2500.0,187800.0
479,2021-10-13 03:20:20,34400.0,200.0,185300.0
480,2021-10-13 03:20:08,34400.0,100.0,185100.0
481,2021-10-13 03:20:08,34400.0,500.0,185000.0
482,2021-10-13 03:20:08,34400.0,1100.0,184500.0
483,2021-10-13 03:20:08,34400.0,400.0,183400.0
484,2021-10-13 03:19:05,34400.0,3000.0,183000.0
485,2021-10-13 03:19:05,34400.0,300.0,180000.0
486,2021-10-13 03:19:05,34400.0,1700.0,179700.0
487,2021-10-13 03:18:59,34350.0,500.0,178000.0
488,2021-10-13 03:18:53,34400.0,100.0,177500.0
489,2021-10-13 03:18:41,34400.0,1000.0,177400.0
490,2021-10-13 03:18:37,34400.0,500.0,176400.0
491,2021-10-13 03:18:32,34400.0,200.0,175900.0
492,2021-10-13 03:17:34,34400.0,100.0,175700.0
493,2021-10-13 03:17:06,34400.0,100.0,175600.0
494,2021-10-13 03:16:54,34400.0,100.0,175500.0
495,2021-10-13 03:16:28,34400.0,200.0,175400.0
496,2021-10-13 03:16:21,34400.0,100.0,175200.0
497,2021-10-13 03:16:12,34400.0,1000.0,175100.0
498,2021-10-13 03:16:00,34400.0,100.0,174100.0
499,2021-10-13 03:16:00,34400.0,200.0,174000.0
500,2021-10-13 03:16:00,34400.0,2500.0,173800.0
501,2021-10-13 03:15:27,34400.0,1600.0,171300.0
502,2021-10-13 03:14:57,34400.0,5000.0,169700.0
503,2021-10-13 03:14:07,34400.0,500.0,164700.0
504,2021-10-13 03:13:50,34400.0,2000.0,164200.0
505,2021-10-13 03:13:49,34400.0,200.0,162200.0
506,2021-10-13 03:13:49,34400.0,300.0,162000.0
507,2021-10-13 03:13:49,34400.0,400.0,161700.0
508,2021-10-13 03:13:02,34400.0,1600.0,161300.0
509,2021-10-13 03:13:02,34400.0,100.0,159700.0
510,2021-10-13 03:13:02,34400.0,500.0,159600.0
511,2021-10-13 03:13:02,34400.0,100.0,159100.0
512,2021-10-13 03:13:02,34400.0,300.0,159000.0
513,2021-10-13 03:13:02,34400.0,800.0,158700.0
514,2021-10-13 03:13:02,34400.0,600.0,157900.0
515,2021-10-13 03:12:43,34400.0,1600.0,157300.0
516,2021-10-13 03:12:33,34400.0,1800.0,155700.0
517,2021-10-13 03:12:33,34400.0,2000.0,153900.0
518,2021-10-13 03:12:33,34400.0,100.0,151900.0
519,2021-10-13 03:12:33,34400.0,100.0,151800.0
520,2021-10-13 03:12:33,34400.0,1000.0,151700.0
521,2021-10-13 03:12:07,34450.0,100.0,150700.0
522,2021-10-13 03:11:08,34450.0,400.0,150600.0
523,2021-10-13 03:10:38,34450.0,2400.0,150200.0
524,2021-10-13 03:09:47,34450.0,600.0,147800.0
525,2021-10-13 03:09:41,34450.0,700.0,147200.0
526,2021-10-13 03:09:29,34450.0,100.0,146500.0
527,2021-10-13 03:09:01,34450.0,400.0,146400.0
528,2021-10-13 03:08:29,34450.0,1200.0,146000.0
529,2021-10-13 03:07:14,34450.0,1800.0,144800.0
530,2021-10-13 03:06:11,34450.0,100.0,143000.0
531,2021-10-13 03:06:11,34450.0,100.0,142900.0
532,2021-10-13 03:03:51,34500.0,100.0,142800.0
533,2021-10-13 03:02:32,34450.0,200.0,142700.0
534,2021-10-13 03:02:32,34450.0,300.0,142500.0
535,2021-10-13 03:01:06,34450.0,500.0,142200.0
536,2021-10-13 03:01:06,34450.0,500.0,141700.0
537,2021-10-13 03:01:06,34450.0,100.0,141200.0
538,2021-10-13 03:01:06,34450.0,200.0,141100.0
539,2021-10-13 03:01:06,34450.0,300.0,140900.0
540,2021-10-13 03:01:06,34450.0,100.0,140600.0
541,2021-10-13 03:00:13,34450.0,1900.0,140500.0
542,2021-10-13 03:00:13,34450.0,100.0,138600.0
543,2021-10-13 03:00:13,34450.0,1000.0,138500.0
544,2021-10-13 02:58:55,34450.0,1500.0,137500.0
545,2021-10-13 02:58:40,34500.0,1500.0,136000.0
546,2021-10-13 02:58:40,34500.0,100.0,134500.0
547,2021-10-13 02:58:40,34500.0,400.0,134400.0
548,2021-10-13 02:57:37,34500.0,3000.0,134000.0
549,2021-10-13 02:57:37,34500.0,2300.0,131000.0
550,2021-10-13 02:57:37,34500.0,300.0,128700.0
551,2021-10-13 02:57:20,34500.0,200.0,128400.0
552,2021-10-13 02:57:20,34500.0,300.0,128200.0
553,2021-10-13 02:57:12,34450.0,1000.0,127900.0
554,2021-10-13 02:56:48,34500.0,100.0,126900.0
555,2021-10-13 02:56:25,34500.0,2600.0,126800.0
556,2021-10-13 02:56:25,34500.0,200.0,124200.0
557,2021-10-13 02:56:25,34500.0,200.0,124000.0
558,2021-10-13 02:55:37,34450.0,1000.0,123800.0
559,2021-10-13 02:55:19,34450.0,4000.0,122800.0
560,2021-10-13 02:54:55,34450.0,100.0,118800.0
561,2021-10-13 02:54:44,34450.0,500.0,118700.0
562,2021-10-13 02:54:14,34450.0,1900.0,118200.0
563,2021-10-13 02:53:45,34450.0,100.0,116300.0
564,2021-10-13 02:53:12,34450.0,200.0,116200.0
565,2021-10-13 02:53:12,34450.0,2800.0,116000.0
566,2021-10-13 02:53:10,34500.0,1200.0,113200.0
567,2021-10-13 02:53:10,34500.0,2800.0,112000.0
568,2021-10-13 02:52:48,34450.0,2200.0,109200.0
569,2021-10-13 02:52:34,34450.0,5000.0,107000.0
570,2021-10-13 02:52:32,34400.0,100.0,102000.0
571,2021-10-13 02:52:32,34400.0,100.0,101900.0
572,2021-10-13 02:51:32,34400.0,300.0,101800.0
573,2021-10-13 02:50:51,34400.0,100.0,101500.0
574,2021-10-13 02:50:44,34400.0,100.0,101400.0
575,2021-10-13 02:50:35,34400.0,5000.0,101300.0
576,2021-10-13 02:50:27,34400.0,500.0,96300.0
577,2021-10-13 02:48:41,34400.0,100.0,95800.0
578,2021-10-13 02:48:33,34400.0,100.0,95700.0
579,2021-10-13 02:48:31,34400.0,300.0,95600.0
580,2021-10-13 02:48:15,34400.0,100.0,95300.0
581,2021-10-13 02:47:50,34400.0,200.0,95200.0
582,2021-10-13 02:47:50,34400.0,1300.0,95000.0
583,2021-10-13 02:47:31,34400.0,700.0,93700.0
584,2021-10-13 02:47:29,34300.0,3000.0,93000.0
585,2021-10-13 02:47:26,34300.0,700.0,90000.0
586,2021-10-13 02:47:26,34300.0,100.0,89300.0
587,2021-10-13 02:47:26,34300.0,300.0,89200.0
588,2021-10-13 02:47:26,34300.0,100.0,88900.0
589,2021-10-13 02:47:26,34300.0,2000.0,88800.0
590,2021-10-13 02:47:26,34300.0,100.0,86800.0
591,2021-10-13 02:47:26,34300.0,1000.0,86700.0
592,2021-10-13 02:47:26,34350.0,800.0,85700.0
593,2021-10-13 02:47:26,34350.0,800.0,84900.0
594,2021-10-13 02:47:26,34350.0,4100.0,84100.0
595,2021-10-13 02:47:21,34350.0,4000.0,80000.0
596,2021-10-13 02:47:05,34350.0,1900.0,76000.0
597,2021-10-13 02:46:52,34350.0,100.0,74100.0
598,2021-10-13 02:46:52,34350.0,300.0,74000.0
599,2021-10-13 02:46:52,34350.0,4000.0,73700.0
600,2021-10-13 02:46:52,34350.0,3000.0,69700.0
601,2021-10-13 02:46:52,34350.0,100.0,66700.0
602,2021-10-13 02:46:52,34350.0,500.0,66600.0
603,2021-10-13 02:46:52,34350.0,100.0,66100.0
604,2021-10-13 02:46:51,34400.0,800.0,66000.0
605,2021-10-13 02:46:51,34400.0,100.0,65200.0
606,2021-10-13 02:46:41,34400.0,500.0,65100.0
607,2021-10-13 02:46:20,34400.0,300.0,64600.0
608,2021-10-13 02:46:14,34400.0,1000.0,64300.0
609,2021-10-13 02:46:06,34400.0,200.0,63300.0
610,2021-10-13 02:46:06,34400.0,100.0,63100.0
611,2021-10-13 02:45:55,34400.0,900.0,63000.0
612,2021-10-13 02:45:55,34400.0,2000.0,62100.0
613,2021-10-13 02:45:55,34400.0,1000.0,60100.0
614,2021-10-13 02:45:55,34400.0,100.0,59100.0
615,2021-10-13 02:45:55,34400.0,300.0,59000.0
616,2021-10-13 02:45:55,34400.0,100.0,58700.0
617,2021-10-13 02:45:55,34400.0,1000.0,58600.0
618,2021-10-13 02:45:55,34400.0,1000.0,57600.0
619,2021-10-13 02:45:55,34400.0,300.0,56600.0
620,2021-10-13 02:45:55,34400.0,3000.0,56300.0
621,2021-10-13 02:45:55,34400.0,100.0,53300.0
622,2021-10-13 02:45:55,34400.0,100.0,53200.0
623,2021-10-13 02:45:55,34400.0,100.0,53100.0
624,2021-10-13 02:45:17,34450.0,500.0,53000.0
625,2021-10-13 02:45:17,34450.0,2300.0,52500.0
626,2021-10-13 02:44:53,34450.0,500.0,50200.0
627,2021-10-13 02:44:26,34450.0,200.0,49700.0
628,2021-10-13 02:44:26,34450.0,300.0,49500.0
629,2021-10-13 02:44:26,34450.0,400.0,49200.0
630,2021-10-13 02:44:26,34450.0,600.0,48800.0
631,2021-10-13 02:44:26,34450.0,200.0,48200.0
632,2021-10-13 02:44:26,34450.0,500.0,48000.0
633,2021-10-13 02:44:26,34450.0,300.0,47500.0
634,2021-10-13 02:44:26,34500.0,200.0,47200.0
635,2021-10-13 02:44:26,34500.0,100.0,47000.0
636,2021-10-13 02:44:05,34450.0,500.0,46900.0
637,2021-10-13 02:42:54,34450.0,2200.0,46400.0
638,2021-10-13 02:42:54,34450.0,300.0,44200.0
639,2021-10-13 02:42:54,34450.0,500.0,43900.0
640,2021-10-13 02:42:36,34500.0,600.0,43400.0
641,2021-10-13 02:39:11,34500.0,1000.0,42800.0
642,2021-10-13 02:39:04,34500.0,100.0,41800.0
643,2021-10-13 02:38:31,34500.0,3200.0,41700.0
644,2021-10-13 02:38:31,34500.0,500.0,38500.0
645,2021-10-13 02:38:31,34500.0,3500.0,38000.0
646,2021-10-13 02:36:55,34500.0,500.0,34500.0
647,2021-10-13 02:36:55,34500.0,800.0,34000.0
648,2021-10-13 02:36:55,34500.0,200.0,33200.0
649,2021-10-13 02:36:18,34500.0,300.0,33000.0
650,2021-10-13 02:36:02,34500.0,800.0,32700.0
651,2021-10-13 02:35:33,34500.0,500.0,31900.0
652,2021-10-13 02:34:45,34500.0,400.0,31400.0
653,2021-10-13 02:34:45,34500.0,300.0,31000.0
654,2021-10-13 02:34:45,34500.0,700.0,30700.0
655,2021-10-13 02:34:45,34500.0,500.0,30000.0
656,2021-10-13 02:34:45,34500.0,200.0,29500.0
657,2021-10-13 02:34:45,34500.0,100.0,29300.0
658,2021-10-13 02:34:45,34500.0,200.0,29200.0
659,2021-10-13 02:34:11,34500.0,400.0,29000.0
660,2021-10-13 02:34:11,34500.0,300.0,28600.0
661,2021-10-13 02:34:11,34500.0,500.0,28300.0
662,2021-10-13 02:33:13,34500.0,100.0,27800.0
663,2021-10-13 02:33:13,34500.0,100.0,27700.0
664,2021-10-13 02:32:29,34500.0,400.0,27600.0
665,2021-10-13 02:32:29,34500.0,500.0,27200.0
666,2021-10-13 02:32:29,34500.0,1000.0,26700.0
667,2021-10-13 02:32:29,34500.0,500.0,25700.0
668,2021-10-13 02:32:29,34500.0,500.0,25200.0
669,2021-10-13 02:32:29,34500.0,600.0,24700.0
670,2021-10-13 02:32:29,34500.0,900.0,24100.0
671,2021-10-13 02:32:29,34500.0,100.0,23200.0
672,2021-10-13 02:28:59,34500.0,400.0,23100.0
673,2021-10-13 02:28:01,34550.0,300.0,22700.0
674,2021-10-13 02:28:01,34550.0,100.0,22400.0
675,2021-10-13 02:26:28,34550.0,500.0,22300.0
676,2021-10-13 02:26:22,34550.0,100.0,21800.0
677,2021-10-13 02:26:22,34550.0,1800.0,21700.0
678,2021-10-13 02:26:18,34550.0,100.0,19900.0
679,2021-10-13 02:26:03,34550.0,200.0,19800.0
680,2021-10-13 02:25:48,34550.0,1300.0,19600.0
681,2021-10-13 02:25:44,34750.0,600.0,18300.0
682,2021-10-13 02:25:44,34750.0,400.0,17700.0
683,2021-10-13 02:25:44,34700.0,600.0,17300.0
684,2021-10-13 02:25:44,34700.0,700.0,16700.0
685,2021-10-13 02:25:44,34700.0,2000.0,16000.0
686,2021-10-13 02:25:44,34600.0,700.0,14000.0
687,2021-10-13 02:25:32,34550.0,200.0,13300.0
688,2021-10-13 02:25:21,34550.0,1100.0,13100.0
689,2021-10-13 02:25:12,34550.0,500.0,12000.0
690,2021-10-13 02:24:34,34600.0,500.0,11500.0
691,2021-10-13 02:24:34,34600.0,1800.0,11000.0
692,2021-10-13 02:24:17,34600.0,1200.0,9200.0
693,2021-10-13 02:24:17,34650.0,500.0,8000.0
694,2021-10-13 02:24:17,34650.0,100.0,7500.0
695,2021-10-13 02:24:17,34650.0,1200.0,7400.0
696,2021-10-13 02:23:26,34700.0,500.0,6200.0
697,2021-10-13 02:23:26,34700.0,1500.0,5700.0
698,2021-10-13 02:23:12,34750.0,200.0,4200.0
699,2021-10-13 02:23:01,34750.0,100.0,4000.0
700,2021-10-13 02:23:01,34750.0,100.0,3900.0
701,2021-10-13 02:23:01,34750.0,200.0,3800.0
702,2021-10-13 02:22:50,34750.0,1300.0,3600.0
703,2021-10-13 02:22:50,34750.0,700.0,2300.0
704,2021-10-13 02:21:04,34750.0,300.0,1600.0
705,2021-10-13 02:20:51,34800.0,100.0,1300.0
706,2021-10-13 02:19:01,34800.0,1000.0,1200.0
707,2021-10-13 02:18:24,34800.0,200.0,200.0
