,Time,Price,Volume_per_trade,Volume
0,2021-10-08 07:45:00,46100.0,1100.0,429000.0
1,2021-10-08 07:45:00,46100.0,1000.0,427900.0
2,2021-10-08 07:45:00,46100.0,900.0,426900.0
3,2021-10-08 07:45:00,46100.0,100.0,426000.0
4,2021-10-08 07:45:00,46100.0,400.0,425900.0
5,2021-10-08 07:45:00,46100.0,500.0,425500.0
6,2021-10-08 07:45:00,46100.0,100.0,425000.0
7,2021-10-08 07:45:00,46100.0,4400.0,424900.0
8,2021-10-08 07:45:00,46100.0,600.0,420500.0
9,2021-10-08 07:45:00,46100.0,5000.0,419900.0
10,2021-10-08 07:45:00,46100.0,400.0,414900.0
11,2021-10-08 07:45:00,46100.0,1600.0,414500.0
12,2021-10-08 07:45:00,46100.0,1600.0,412900.0
13,2021-10-08 07:45:00,46100.0,5000.0,411300.0
14,2021-10-08 07:45:00,46100.0,1800.0,406300.0
15,2021-10-08 07:45:00,46100.0,1100.0,404500.0
16,2021-10-08 07:45:00,46100.0,100.0,403400.0
17,2021-10-08 07:45:00,46100.0,100.0,403300.0
18,2021-10-08 07:45:00,46100.0,200.0,403200.0
19,2021-10-08 07:45:00,46100.0,3000.0,403000.0
20,2021-10-08 07:45:00,46100.0,300.0,400000.0
21,2021-10-08 07:45:00,46100.0,1000.0,399700.0
22,2021-10-08 07:45:00,46100.0,100.0,398700.0
23,2021-10-08 07:45:00,46100.0,100.0,398600.0
24,2021-10-08 07:45:00,46100.0,200.0,398500.0
25,2021-10-08 07:45:00,46100.0,400.0,398300.0
26,2021-10-08 07:45:00,46100.0,1400.0,397900.0
27,2021-10-08 07:29:19,46000.0,200.0,396500.0
28,2021-10-08 07:29:19,46000.0,1500.0,396300.0
29,2021-10-08 07:29:19,46000.0,2200.0,394800.0
30,2021-10-08 07:28:56,46000.0,500.0,392600.0
31,2021-10-08 07:28:19,46000.0,2000.0,392100.0
32,2021-10-08 07:28:19,46000.0,200.0,390100.0
33,2021-10-08 07:28:19,46000.0,200.0,389900.0
34,2021-10-08 07:28:19,46000.0,100.0,389700.0
35,2021-10-08 07:28:19,46000.0,100.0,389600.0
36,2021-10-08 07:28:19,46000.0,400.0,389500.0
37,2021-10-08 07:28:19,46000.0,4300.0,389100.0
38,2021-10-08 07:27:13,46000.0,700.0,384800.0
39,2021-10-08 07:27:13,46000.0,19000.0,384100.0
40,2021-10-08 07:27:13,46000.0,3300.0,365100.0
41,2021-10-08 07:27:13,46050.0,700.0,361800.0
42,2021-10-08 07:27:13,46050.0,5000.0,361100.0
43,2021-10-08 07:27:13,46050.0,100.0,356100.0
44,2021-10-08 07:27:13,46050.0,800.0,356000.0
45,2021-10-08 07:27:13,46100.0,400.0,355200.0
46,2021-10-08 07:26:57,46150.0,500.0,354800.0
47,2021-10-08 07:26:41,46100.0,200.0,354300.0
48,2021-10-08 07:26:41,46150.0,100.0,354100.0
49,2021-10-08 07:26:12,46150.0,100.0,354000.0
50,2021-10-08 07:26:08,46150.0,100.0,353900.0
51,2021-10-08 07:25:44,46150.0,200.0,353800.0
52,2021-10-08 07:24:30,46150.0,1800.0,353600.0
53,2021-10-08 07:24:30,46150.0,200.0,351800.0
54,2021-10-08 07:23:30,46100.0,300.0,351600.0
55,2021-10-08 07:23:08,46100.0,100.0,351300.0
56,2021-10-08 07:23:08,46100.0,200.0,351200.0
57,2021-10-08 07:23:07,46100.0,300.0,351000.0
58,2021-10-08 07:22:32,46100.0,100.0,350700.0
59,2021-10-08 07:21:57,46100.0,400.0,350600.0
60,2021-10-08 07:20:22,46100.0,400.0,350200.0
61,2021-10-08 07:19:01,46100.0,2900.0,349800.0
62,2021-10-08 07:18:37,46100.0,500.0,346900.0
63,2021-10-08 07:18:03,46100.0,200.0,346400.0
64,2021-10-08 07:17:46,46100.0,1200.0,346200.0
65,2021-10-08 07:17:35,46100.0,1500.0,345000.0
66,2021-10-08 07:17:06,46100.0,2800.0,343500.0
67,2021-10-08 07:17:06,46100.0,200.0,340700.0
68,2021-10-08 07:16:22,46050.0,100.0,340500.0
69,2021-10-08 07:16:07,46050.0,2000.0,340400.0
70,2021-10-08 07:15:43,46050.0,400.0,338400.0
71,2021-10-08 07:15:22,46050.0,900.0,338000.0
72,2021-10-08 07:15:19,46050.0,1000.0,337100.0
73,2021-10-08 07:15:14,46100.0,700.0,336100.0
74,2021-10-08 07:15:06,46000.0,1700.0,335400.0
75,2021-10-08 07:14:19,46150.0,1300.0,333700.0
76,2021-10-08 07:13:38,46150.0,200.0,332400.0
77,2021-10-08 07:13:01,46150.0,500.0,332200.0
78,2021-10-08 07:13:01,46150.0,400.0,331700.0
79,2021-10-08 07:12:51,46150.0,400.0,331300.0
80,2021-10-08 07:12:23,46150.0,200.0,330900.0
81,2021-10-08 07:12:20,46200.0,200.0,330700.0
82,2021-10-08 07:11:55,46200.0,400.0,330500.0
83,2021-10-08 07:11:55,46150.0,1000.0,330100.0
84,2021-10-08 07:11:55,46150.0,200.0,329100.0
85,2021-10-08 07:11:55,46150.0,200.0,328900.0
86,2021-10-08 07:11:07,46150.0,100.0,328700.0
87,2021-10-08 07:11:07,46150.0,200.0,328600.0
88,2021-10-08 07:10:37,46150.0,100.0,328400.0
89,2021-10-08 07:08:06,46150.0,300.0,328300.0
90,2021-10-08 07:08:06,46150.0,100.0,328000.0
91,2021-10-08 07:06:11,46000.0,200.0,327900.0
92,2021-10-08 07:06:01,46000.0,100.0,327700.0
93,2021-10-08 07:05:38,46000.0,100.0,327600.0
94,2021-10-08 07:05:24,46000.0,1000.0,327500.0
95,2021-10-08 07:05:21,46000.0,2800.0,326500.0
96,2021-10-08 07:05:15,46000.0,400.0,323700.0
97,2021-10-08 07:05:01,46000.0,400.0,323300.0
98,2021-10-08 07:05:01,46000.0,500.0,322900.0
99,2021-10-08 07:05:01,46000.0,100.0,322400.0
100,2021-10-08 07:04:51,46000.0,100.0,322300.0
101,2021-10-08 07:04:46,46000.0,200.0,322200.0
102,2021-10-08 07:04:46,46000.0,4800.0,322000.0
103,2021-10-08 07:04:39,46000.0,300.0,317200.0
104,2021-10-08 07:04:12,46000.0,1900.0,316900.0
105,2021-10-08 07:04:12,46000.0,300.0,315000.0
106,2021-10-08 07:04:12,46000.0,1000.0,314700.0
107,2021-10-08 07:04:12,46000.0,700.0,313700.0
108,2021-10-08 07:04:12,46000.0,500.0,313000.0
109,2021-10-08 07:04:12,46000.0,600.0,312500.0
110,2021-10-08 07:03:59,46000.0,2400.0,311900.0
111,2021-10-08 07:03:59,46000.0,2100.0,309500.0
112,2021-10-08 07:03:59,45950.0,200.0,307400.0
113,2021-10-08 07:03:59,45950.0,100.0,307200.0
114,2021-10-08 07:03:59,45950.0,200.0,307100.0
115,2021-10-08 07:03:49,45950.0,100.0,306900.0
116,2021-10-08 07:02:44,45950.0,100.0,306800.0
117,2021-10-08 07:02:09,45950.0,100.0,306700.0
118,2021-10-08 07:00:43,46000.0,100.0,306600.0
119,2021-10-08 07:00:33,46000.0,200.0,306500.0
120,2021-10-08 07:00:03,45900.0,1100.0,306300.0
121,2021-10-08 07:00:03,45900.0,900.0,305200.0
122,2021-10-08 06:58:50,45900.0,100.0,304300.0
123,2021-10-08 06:58:19,46000.0,200.0,304200.0
124,2021-10-08 06:58:16,46000.0,100.0,304000.0
125,2021-10-08 06:58:06,46000.0,200.0,303900.0
126,2021-10-08 06:58:00,45900.0,1000.0,303700.0
127,2021-10-08 06:57:15,46000.0,200.0,302700.0
128,2021-10-08 06:57:15,46000.0,1000.0,302500.0
129,2021-10-08 06:57:15,46000.0,1000.0,301500.0
130,2021-10-08 06:57:15,46000.0,200.0,300500.0
131,2021-10-08 06:57:15,46000.0,200.0,300300.0
132,2021-10-08 06:57:15,46000.0,100.0,300100.0
133,2021-10-08 06:56:21,46000.0,100.0,300000.0
134,2021-10-08 06:55:19,46000.0,100.0,299900.0
135,2021-10-08 06:53:57,46300.0,200.0,299800.0
136,2021-10-08 06:53:43,46300.0,100.0,299600.0
137,2021-10-08 06:53:23,46300.0,1900.0,299500.0
138,2021-10-08 06:53:19,46300.0,500.0,297600.0
139,2021-10-08 06:53:07,46300.0,1000.0,297100.0
140,2021-10-08 06:52:49,46350.0,200.0,296100.0
141,2021-10-08 06:52:49,46350.0,1400.0,295900.0
142,2021-10-08 06:52:40,46350.0,600.0,294500.0
143,2021-10-08 06:52:29,46400.0,300.0,293900.0
144,2021-10-08 06:52:25,46400.0,900.0,293600.0
145,2021-10-08 06:51:34,46500.0,100.0,292700.0
146,2021-10-08 06:51:34,46500.0,200.0,292600.0
147,2021-10-08 06:51:32,46550.0,400.0,292400.0
148,2021-10-08 06:51:32,46550.0,200.0,292000.0
149,2021-10-08 06:51:32,46550.0,200.0,291800.0
150,2021-10-08 06:51:32,46550.0,200.0,291600.0
151,2021-10-08 06:50:41,46550.0,800.0,291400.0
152,2021-10-08 06:50:25,46550.0,200.0,290600.0
153,2021-10-08 06:50:17,46700.0,1100.0,290400.0
154,2021-10-08 06:48:13,46800.0,200.0,289300.0
155,2021-10-08 06:47:53,46800.0,600.0,289100.0
156,2021-10-08 06:47:53,46800.0,500.0,288500.0
157,2021-10-08 06:47:53,46800.0,100.0,288000.0
158,2021-10-08 06:47:53,46800.0,100.0,287900.0
159,2021-10-08 06:47:53,46800.0,200.0,287800.0
160,2021-10-08 06:47:53,46800.0,1500.0,287600.0
161,2021-10-08 06:47:32,46800.0,1000.0,286100.0
162,2021-10-08 06:47:11,46800.0,1400.0,285100.0
163,2021-10-08 06:47:10,46800.0,1100.0,283700.0
164,2021-10-08 06:47:10,46800.0,500.0,282600.0
165,2021-10-08 06:47:02,46800.0,500.0,282100.0
166,2021-10-08 06:46:41,46800.0,500.0,281600.0
167,2021-10-08 06:46:37,46800.0,500.0,281100.0
168,2021-10-08 06:46:25,46850.0,100.0,280600.0
169,2021-10-08 06:46:25,46850.0,600.0,280500.0
170,2021-10-08 06:46:25,46800.0,300.0,279900.0
171,2021-10-08 06:46:20,46800.0,200.0,279600.0
172,2021-10-08 06:46:16,46850.0,2400.0,279400.0
173,2021-10-08 06:46:16,46850.0,500.0,277000.0
174,2021-10-08 06:46:16,46850.0,100.0,276500.0
175,2021-10-08 06:46:12,46850.0,1000.0,276400.0
176,2021-10-08 06:46:10,46850.0,100.0,275400.0
177,2021-10-08 06:46:04,46850.0,900.0,275300.0
178,2021-10-08 06:46:04,46850.0,800.0,274400.0
179,2021-10-08 06:46:04,46850.0,200.0,273600.0
180,2021-10-08 06:46:04,46850.0,300.0,273400.0
181,2021-10-08 06:46:04,46850.0,100.0,273100.0
182,2021-10-08 06:46:04,46850.0,300.0,273000.0
183,2021-10-08 06:46:04,46850.0,500.0,272700.0
184,2021-10-08 06:46:04,46850.0,2000.0,272200.0
185,2021-10-08 06:46:04,46850.0,5000.0,270200.0
186,2021-10-08 06:46:04,46850.0,1000.0,265200.0
187,2021-10-08 06:46:04,46850.0,100.0,264200.0
188,2021-10-08 06:46:04,46850.0,1000.0,264100.0
189,2021-10-08 06:46:04,46850.0,500.0,263100.0
190,2021-10-08 06:46:04,46850.0,900.0,262600.0
191,2021-10-08 06:46:04,46850.0,2000.0,261700.0
192,2021-10-08 06:46:04,46850.0,1000.0,259700.0
193,2021-10-08 06:46:04,46850.0,1700.0,258700.0
194,2021-10-08 06:46:04,46850.0,1200.0,257000.0
195,2021-10-08 06:46:04,46850.0,100.0,255800.0
196,2021-10-08 06:46:04,46850.0,1200.0,255700.0
197,2021-10-08 06:46:00,46800.0,5000.0,254500.0
198,2021-10-08 06:45:45,46800.0,4200.0,249500.0
199,2021-10-08 06:45:29,46800.0,800.0,245300.0
200,2021-10-08 06:45:26,46800.0,300.0,244500.0
201,2021-10-08 06:45:12,46800.0,4700.0,244200.0
202,2021-10-08 06:45:12,46800.0,1500.0,239500.0
203,2021-10-08 06:45:12,46800.0,1000.0,238000.0
204,2021-10-08 06:45:12,46800.0,300.0,237000.0
205,2021-10-08 06:45:12,46800.0,500.0,236700.0
206,2021-10-08 06:44:54,46800.0,500.0,236200.0
207,2021-10-08 06:44:54,46800.0,500.0,235700.0
208,2021-10-08 06:44:38,46800.0,1200.0,235200.0
209,2021-10-08 06:44:38,46800.0,300.0,234000.0
210,2021-10-08 06:44:38,46700.0,100.0,233700.0
211,2021-10-08 06:44:38,46700.0,200.0,233600.0
212,2021-10-08 06:44:38,46600.0,100.0,233400.0
213,2021-10-08 06:44:38,46600.0,100.0,233300.0
214,2021-10-08 06:44:13,46600.0,200.0,233200.0
215,2021-10-08 06:44:13,46600.0,100.0,233000.0
216,2021-10-08 06:44:13,46600.0,200.0,232900.0
217,2021-10-08 06:44:06,46600.0,800.0,232700.0
218,2021-10-08 06:44:06,46500.0,1000.0,231900.0
219,2021-10-08 06:44:06,46500.0,800.0,230900.0
220,2021-10-08 06:44:00,46500.0,200.0,230100.0
221,2021-10-08 06:44:00,46500.0,400.0,229900.0
222,2021-10-08 06:43:50,46500.0,300.0,229500.0
223,2021-10-08 06:43:50,46500.0,700.0,229200.0
224,2021-10-08 06:43:45,46500.0,300.0,228500.0
225,2021-10-08 06:43:43,46500.0,4000.0,228200.0
226,2021-10-08 06:43:43,46500.0,1000.0,224200.0
227,2021-10-08 06:43:43,46500.0,1000.0,223200.0
228,2021-10-08 06:43:43,46500.0,400.0,222200.0
229,2021-10-08 06:43:43,46500.0,800.0,221800.0
230,2021-10-08 06:43:43,46500.0,100.0,221000.0
231,2021-10-08 06:43:43,46500.0,5000.0,220900.0
232,2021-10-08 06:43:43,46500.0,200.0,215900.0
233,2021-10-08 06:43:43,46500.0,500.0,215700.0
234,2021-10-08 06:43:43,46450.0,1000.0,215200.0
235,2021-10-08 06:43:28,46400.0,1000.0,214200.0
236,2021-10-08 06:43:28,46400.0,400.0,213200.0
237,2021-10-08 06:42:55,46300.0,500.0,212800.0
238,2021-10-08 06:42:55,46400.0,100.0,212300.0
239,2021-10-08 06:42:55,46400.0,100.0,212200.0
240,2021-10-08 06:42:48,46300.0,200.0,212100.0
241,2021-10-08 06:42:48,46300.0,100.0,211900.0
242,2021-10-08 06:42:44,46300.0,200.0,211800.0
243,2021-10-08 06:42:44,46300.0,100.0,211600.0
244,2021-10-08 06:42:44,46300.0,400.0,211500.0
245,2021-10-08 06:42:43,46300.0,1000.0,211100.0
246,2021-10-08 06:42:43,46300.0,5000.0,210100.0
247,2021-10-08 06:42:33,46200.0,500.0,205100.0
248,2021-10-08 06:42:24,46200.0,500.0,204600.0
249,2021-10-08 06:42:19,46000.0,400.0,204100.0
250,2021-10-08 06:42:19,46000.0,100.0,203700.0
251,2021-10-08 06:42:11,46000.0,400.0,203600.0
252,2021-10-08 06:42:04,46000.0,100.0,203200.0
253,2021-10-08 06:42:03,46000.0,1700.0,203100.0
254,2021-10-08 06:42:03,46000.0,500.0,201400.0
255,2021-10-08 06:42:03,46000.0,500.0,200900.0
256,2021-10-08 06:41:38,46300.0,200.0,200400.0
257,2021-10-08 06:41:38,46300.0,3000.0,200200.0
258,2021-10-08 06:41:38,46200.0,300.0,197200.0
259,2021-10-08 06:41:38,46000.0,4500.0,196900.0
260,2021-10-08 06:41:31,46000.0,500.0,192400.0
261,2021-10-08 06:41:31,46000.0,100.0,191900.0
262,2021-10-08 06:41:22,46000.0,400.0,191800.0
263,2021-10-08 06:41:22,46000.0,100.0,191400.0
264,2021-10-08 06:41:13,45900.0,100.0,191300.0
265,2021-10-08 06:41:06,46000.0,900.0,191200.0
266,2021-10-08 06:41:06,46000.0,1000.0,190300.0
267,2021-10-08 06:41:06,46000.0,500.0,189300.0
268,2021-10-08 06:41:06,46000.0,500.0,188800.0
269,2021-10-08 06:41:06,46000.0,1000.0,188300.0
270,2021-10-08 06:41:06,46000.0,300.0,187300.0
271,2021-10-08 06:41:06,46000.0,100.0,187000.0
272,2021-10-08 06:41:06,46000.0,1000.0,186900.0
273,2021-10-08 06:41:06,46000.0,4000.0,185900.0
274,2021-10-08 06:41:06,46000.0,100.0,181900.0
275,2021-10-08 06:41:06,46000.0,14000.0,181800.0
276,2021-10-08 06:41:06,46000.0,1000.0,167800.0
277,2021-10-08 06:41:06,46000.0,100.0,166800.0
278,2021-10-08 06:41:06,46000.0,300.0,166700.0
279,2021-10-08 06:41:06,45900.0,5000.0,166400.0
280,2021-10-08 06:41:06,45900.0,200.0,161400.0
281,2021-10-08 06:40:57,45900.0,200.0,161200.0
282,2021-10-08 06:40:57,45900.0,200.0,161000.0
283,2021-10-08 06:40:57,45900.0,600.0,160800.0
284,2021-10-08 06:40:44,45900.0,400.0,160200.0
285,2021-10-08 06:40:44,45900.0,600.0,159800.0
286,2021-10-08 06:40:37,45900.0,900.0,159200.0
287,2021-10-08 06:40:37,45900.0,100.0,158300.0
288,2021-10-08 06:40:12,45900.0,500.0,158200.0
289,2021-10-08 06:40:12,45900.0,500.0,157700.0
290,2021-10-08 06:40:03,45900.0,500.0,157200.0
291,2021-10-08 06:40:03,45850.0,500.0,156700.0
292,2021-10-08 06:40:03,45850.0,300.0,156200.0
293,2021-10-08 06:39:53,45900.0,1000.0,155900.0
294,2021-10-08 06:39:46,45850.0,200.0,154900.0
295,2021-10-08 06:39:41,45850.0,200.0,154700.0
296,2021-10-08 06:39:15,45800.0,200.0,154500.0
297,2021-10-08 06:39:14,45800.0,600.0,154300.0
298,2021-10-08 06:39:07,45800.0,200.0,153700.0
299,2021-10-08 06:39:07,45750.0,300.0,153500.0
300,2021-10-08 06:38:59,45800.0,1500.0,153200.0
301,2021-10-08 06:38:59,45700.0,200.0,151700.0
302,2021-10-08 06:38:59,45700.0,100.0,151500.0
303,2021-10-08 06:38:59,45650.0,200.0,151400.0
304,2021-10-08 06:38:59,45600.0,1400.0,151200.0
305,2021-10-08 06:38:59,45500.0,100.0,149800.0
306,2021-10-08 06:38:59,45500.0,1000.0,149700.0
307,2021-10-08 06:38:56,45500.0,200.0,148700.0
308,2021-10-08 06:38:56,45500.0,100.0,148500.0
309,2021-10-08 06:38:38,45500.0,100.0,148400.0
310,2021-10-08 06:38:38,45500.0,300.0,148300.0
311,2021-10-08 06:38:38,45500.0,100.0,148000.0
312,2021-10-08 06:38:38,45500.0,300.0,147900.0
313,2021-10-08 06:38:38,45400.0,100.0,147600.0
314,2021-10-08 06:38:11,45300.0,500.0,147500.0
315,2021-10-08 06:38:11,45300.0,200.0,147000.0
316,2021-10-08 06:38:11,45300.0,500.0,146800.0
317,2021-10-08 06:38:11,45200.0,200.0,146300.0
318,2021-10-08 06:38:11,45200.0,100.0,146100.0
319,2021-10-08 06:38:11,45200.0,200.0,146000.0
320,2021-10-08 06:38:11,45200.0,1000.0,145800.0
321,2021-10-08 06:38:11,45200.0,300.0,144800.0
322,2021-10-08 06:38:11,45200.0,1500.0,144500.0
323,2021-10-08 06:38:11,45200.0,700.0,143000.0
324,2021-10-08 06:37:58,45200.0,800.0,142300.0
325,2021-10-08 06:37:58,45200.0,500.0,141500.0
326,2021-10-08 06:37:58,45200.0,100.0,141000.0
327,2021-10-08 06:37:58,45200.0,1000.0,140900.0
328,2021-10-08 06:37:58,45100.0,1000.0,139900.0
329,2021-10-08 06:37:58,45100.0,2000.0,138900.0
330,2021-10-08 06:37:58,45100.0,200.0,136900.0
331,2021-10-08 06:37:58,45100.0,400.0,136700.0
332,2021-10-08 06:37:47,45100.0,800.0,136300.0
333,2021-10-08 06:37:33,45100.0,200.0,135500.0
334,2021-10-08 06:36:07,45100.0,3100.0,135300.0
335,2021-10-08 06:36:07,45000.0,900.0,132200.0
336,2021-10-08 06:36:07,45000.0,1000.0,131300.0
337,2021-10-08 06:36:07,45000.0,2000.0,130300.0
338,2021-10-08 06:35:29,45000.0,100.0,128300.0
339,2021-10-08 06:35:20,45000.0,200.0,128200.0
340,2021-10-08 06:32:33,45000.0,200.0,128000.0
341,2021-10-08 06:31:11,45000.0,100.0,127800.0
342,2021-10-08 06:30:45,45100.0,300.0,127700.0
343,2021-10-08 06:30:45,45100.0,200.0,127400.0
344,2021-10-08 06:29:42,45100.0,500.0,127200.0
345,2021-10-08 06:29:29,45000.0,100.0,126700.0
346,2021-10-08 06:29:29,45000.0,200.0,126600.0
347,2021-10-08 06:29:29,45000.0,1000.0,126400.0
348,2021-10-08 06:29:29,45000.0,200.0,125400.0
349,2021-10-08 06:29:24,45000.0,800.0,125200.0
350,2021-10-08 06:29:24,45000.0,300.0,124400.0
351,2021-10-08 06:29:24,45000.0,100.0,124100.0
352,2021-10-08 06:28:40,45000.0,400.0,124000.0
353,2021-10-08 06:28:40,45000.0,1000.0,123600.0
354,2021-10-08 06:28:40,45000.0,100.0,122600.0
355,2021-10-08 06:28:33,45000.0,100.0,122500.0
356,2021-10-08 06:27:22,45000.0,2000.0,122400.0
357,2021-10-08 06:27:19,44700.0,600.0,120400.0
358,2021-10-08 06:27:19,44750.0,400.0,119800.0
359,2021-10-08 06:27:17,45000.0,400.0,119400.0
360,2021-10-08 06:26:57,45000.0,100.0,119000.0
361,2021-10-08 06:26:37,45000.0,1000.0,118900.0
362,2021-10-08 06:26:37,45000.0,600.0,117900.0
363,2021-10-08 06:26:37,45000.0,1500.0,117300.0
364,2021-10-08 06:26:37,45000.0,500.0,115800.0
365,2021-10-08 06:26:37,45000.0,200.0,115300.0
366,2021-10-08 06:26:37,44950.0,500.0,115100.0
367,2021-10-08 06:26:37,44950.0,100.0,114600.0
368,2021-10-08 06:25:07,44950.0,1300.0,114500.0
369,2021-10-08 06:25:07,44950.0,800.0,113200.0
370,2021-10-08 06:25:07,44900.0,200.0,112400.0
371,2021-10-08 06:24:56,44900.0,100.0,112200.0
372,2021-10-08 06:24:56,44900.0,300.0,112100.0
373,2021-10-08 06:24:56,44900.0,300.0,111800.0
374,2021-10-08 06:24:55,44900.0,400.0,111500.0
375,2021-10-08 06:24:23,44900.0,1300.0,111100.0
376,2021-10-08 06:24:23,44900.0,1700.0,109800.0
377,2021-10-08 06:24:21,44950.0,100.0,108100.0
378,2021-10-08 06:24:04,44950.0,100.0,108000.0
379,2021-10-08 06:23:09,44900.0,2700.0,107900.0
380,2021-10-08 06:22:19,44900.0,100.0,105200.0
381,2021-10-08 06:22:19,44900.0,500.0,105100.0
382,2021-10-08 06:22:19,44850.0,1000.0,104600.0
383,2021-10-08 06:22:19,44850.0,1000.0,103600.0
384,2021-10-08 06:22:19,44800.0,1500.0,102600.0
385,2021-10-08 06:22:19,44700.0,500.0,101100.0
386,2021-10-08 06:18:53,44850.0,1000.0,100600.0
387,2021-10-08 06:18:53,44800.0,1700.0,99600.0
388,2021-10-08 06:18:53,44800.0,300.0,97900.0
389,2021-10-08 06:18:34,44800.0,700.0,97600.0
390,2021-10-08 06:18:34,44700.0,5000.0,96900.0
391,2021-10-08 06:17:25,44300.0,500.0,91900.0
392,2021-10-08 06:17:25,44300.0,100.0,91400.0
393,2021-10-08 06:17:25,44400.0,400.0,91300.0
394,2021-10-08 06:16:51,44800.0,3700.0,90900.0
395,2021-10-08 06:16:51,44800.0,100.0,87200.0
396,2021-10-08 06:16:51,44800.0,1000.0,87100.0
397,2021-10-08 06:16:51,44800.0,3000.0,86100.0
398,2021-10-08 06:16:51,44800.0,100.0,83100.0
399,2021-10-08 06:16:51,44750.0,200.0,83000.0
400,2021-10-08 06:16:51,44700.0,100.0,82800.0
401,2021-10-08 06:16:51,44700.0,100.0,82700.0
402,2021-10-08 06:16:51,44700.0,500.0,82600.0
403,2021-10-08 06:16:51,44700.0,300.0,82100.0
404,2021-10-08 06:16:51,44600.0,100.0,81800.0
405,2021-10-08 06:16:51,44600.0,100.0,81700.0
406,2021-10-08 06:16:01,44600.0,500.0,81600.0
407,2021-10-08 06:15:39,44600.0,1500.0,81100.0
408,2021-10-08 06:14:53,44700.0,100.0,79600.0
409,2021-10-08 06:14:41,44600.0,1000.0,79500.0
410,2021-10-08 06:14:41,44600.0,300.0,78500.0
411,2021-10-08 06:14:41,44500.0,100.0,78200.0
412,2021-10-08 06:13:20,44600.0,200.0,78100.0
413,2021-10-08 06:11:59,44600.0,200.0,77900.0
414,2021-10-08 06:11:44,44600.0,1600.0,77700.0
415,2021-10-08 06:11:44,44500.0,1300.0,76100.0
416,2021-10-08 06:11:44,44500.0,600.0,74800.0
417,2021-10-08 06:09:24,44500.0,400.0,74200.0
418,2021-10-08 06:09:14,44500.0,200.0,73800.0
419,2021-10-08 06:09:04,44500.0,1400.0,73600.0
420,2021-10-08 06:08:54,44500.0,300.0,72200.0
421,2021-10-08 06:08:54,44500.0,700.0,71900.0
422,2021-10-08 06:08:41,44500.0,300.0,71200.0
423,2021-10-08 06:08:34,44500.0,700.0,70900.0
424,2021-10-08 06:04:55,44500.0,200.0,70200.0
425,2021-10-08 06:04:55,44500.0,100.0,70000.0
426,2021-10-08 06:04:46,44500.0,1000.0,69900.0
427,2021-10-08 06:04:46,44500.0,100.0,68900.0
428,2021-10-08 06:04:46,44500.0,100.0,68800.0
429,2021-10-08 06:04:46,44500.0,1000.0,68700.0
430,2021-10-08 06:04:46,44500.0,100.0,67700.0
431,2021-10-08 06:04:46,44500.0,1000.0,67600.0
432,2021-10-08 06:04:18,44500.0,100.0,66600.0
433,2021-10-08 06:04:18,44500.0,100.0,66500.0
434,2021-10-08 06:04:18,44450.0,500.0,66400.0
435,2021-10-08 06:04:18,44450.0,200.0,65900.0
436,2021-10-08 06:03:51,44500.0,900.0,65700.0
437,2021-10-08 06:03:51,44500.0,1000.0,64800.0
438,2021-10-08 06:03:51,44500.0,900.0,63800.0
439,2021-10-08 06:03:51,44400.0,1600.0,62900.0
440,2021-10-08 06:03:51,44400.0,100.0,61300.0
441,2021-10-08 06:03:51,44400.0,100.0,61200.0
442,2021-10-08 06:03:51,44400.0,400.0,61100.0
443,2021-10-08 06:03:51,44300.0,800.0,60700.0
444,2021-10-08 06:03:26,44300.0,1000.0,59900.0
445,2021-10-08 06:03:10,44300.0,100.0,58900.0
446,2021-10-08 06:02:15,44300.0,100.0,58800.0
447,2021-10-08 06:02:15,44300.0,100.0,58700.0
448,2021-10-08 06:02:15,44300.0,100.0,58600.0
449,2021-10-08 06:02:15,44300.0,1000.0,58500.0
450,2021-10-08 06:02:15,44300.0,700.0,57500.0
451,2021-10-08 06:00:55,44200.0,100.0,56800.0
452,2021-10-08 06:00:55,44200.0,1000.0,56700.0
453,2021-10-08 06:00:55,44100.0,900.0,55700.0
454,2021-10-08 06:00:30,43900.0,500.0,54800.0
455,2021-10-08 06:00:30,44000.0,100.0,54300.0
456,2021-10-08 06:00:23,44000.0,200.0,54200.0
457,2021-10-08 06:00:23,44000.0,400.0,54000.0
458,2021-10-08 06:00:23,44000.0,800.0,53600.0
459,2021-10-08 06:00:21,43900.0,100.0,52800.0
460,2021-10-08 06:00:21,43900.0,100.0,52700.0
461,2021-10-08 06:00:00,44000.0,200.0,52600.0
462,2021-10-08 06:00:00,44000.0,200.0,52400.0
463,2021-10-08 04:28:34,43900.0,500.0,52200.0
464,2021-10-08 04:21:34,43900.0,400.0,51700.0
465,2021-10-08 04:21:34,43900.0,100.0,51300.0
466,2021-10-08 04:11:30,43900.0,100.0,51200.0
467,2021-10-08 04:09:41,43900.0,100.0,51100.0
468,2021-10-08 04:06:48,43900.0,100.0,51000.0
469,2021-10-08 04:06:48,43900.0,100.0,50900.0
470,2021-10-08 04:06:48,43900.0,5000.0,50800.0
471,2021-10-08 04:06:48,43900.0,500.0,45800.0
472,2021-10-08 04:06:48,43900.0,500.0,45300.0
473,2021-10-08 04:06:48,43900.0,500.0,44800.0
474,2021-10-08 04:06:48,43900.0,300.0,44300.0
475,2021-10-08 04:06:48,43900.0,700.0,44000.0
476,2021-10-08 04:03:15,43900.0,1300.0,43300.0
477,2021-10-08 04:03:15,43900.0,300.0,42000.0
478,2021-10-08 04:03:15,43900.0,200.0,41700.0
479,2021-10-08 03:57:28,43900.0,500.0,41500.0
480,2021-10-08 03:51:57,43900.0,200.0,41000.0
481,2021-10-08 03:50:28,43900.0,100.0,40800.0
482,2021-10-08 03:50:28,43900.0,100.0,40700.0
483,2021-10-08 03:50:28,43900.0,100.0,40600.0
484,2021-10-08 03:44:50,43950.0,100.0,40500.0
485,2021-10-08 03:44:50,43950.0,100.0,40400.0
486,2021-10-08 03:43:45,44000.0,300.0,40300.0
487,2021-10-08 03:41:46,44000.0,100.0,40000.0
488,2021-10-08 03:41:14,44000.0,500.0,39900.0
489,2021-10-08 03:40:57,44000.0,500.0,39400.0
490,2021-10-08 03:36:59,44000.0,1500.0,38900.0
491,2021-10-08 03:36:23,44000.0,500.0,37400.0
492,2021-10-08 03:31:31,44000.0,300.0,36900.0
493,2021-10-08 03:30:59,44000.0,200.0,36600.0
494,2021-10-08 03:30:59,44000.0,100.0,36400.0
495,2021-10-08 03:30:29,44000.0,500.0,36300.0
496,2021-10-08 03:27:17,44000.0,100.0,35800.0
497,2021-10-08 03:25:55,44000.0,400.0,35700.0
498,2021-10-08 03:25:55,44000.0,100.0,35300.0
499,2021-10-08 03:25:55,44000.0,4900.0,35200.0
500,2021-10-08 03:25:55,44050.0,200.0,30300.0
501,2021-10-08 03:25:55,44050.0,100.0,30100.0
502,2021-10-08 03:25:55,44050.0,300.0,30000.0
503,2021-10-08 03:23:08,44050.0,300.0,29700.0
504,2021-10-08 03:22:54,44000.0,100.0,29400.0
505,2021-10-08 03:22:54,44000.0,100.0,29300.0
506,2021-10-08 03:22:54,44000.0,500.0,29200.0
507,2021-10-08 03:22:54,44000.0,300.0,28700.0
508,2021-10-08 03:22:54,44000.0,100.0,28400.0
509,2021-10-08 03:22:54,44000.0,1900.0,28300.0
510,2021-10-08 03:22:46,44000.0,400.0,26400.0
511,2021-10-08 03:22:46,44000.0,1200.0,26000.0
512,2021-10-08 03:22:46,44000.0,100.0,24800.0
513,2021-10-08 03:22:46,44000.0,300.0,24700.0
514,2021-10-08 03:22:43,44000.0,700.0,24400.0
515,2021-10-08 03:22:24,44050.0,100.0,23700.0
516,2021-10-08 03:21:51,44050.0,1000.0,23600.0
517,2021-10-08 03:21:51,44050.0,100.0,22600.0
518,2021-10-08 03:21:51,44050.0,500.0,22500.0
519,2021-10-08 03:21:17,44100.0,100.0,22000.0
520,2021-10-08 03:19:59,44100.0,900.0,21900.0
521,2021-10-08 03:19:59,44100.0,400.0,21000.0
522,2021-10-08 03:19:59,44100.0,200.0,20600.0
523,2021-10-08 03:18:50,44150.0,100.0,20400.0
524,2021-10-08 03:17:21,44100.0,200.0,20300.0
525,2021-10-08 03:17:15,44100.0,100.0,20100.0
526,2021-10-08 03:17:15,44100.0,100.0,20000.0
527,2021-10-08 03:17:15,44100.0,100.0,19900.0
528,2021-10-08 03:17:15,44100.0,1000.0,19800.0
529,2021-10-08 03:17:15,44100.0,1000.0,18800.0
530,2021-10-08 03:17:15,44100.0,500.0,17800.0
531,2021-10-08 03:15:23,44100.0,500.0,17300.0
532,2021-10-08 03:14:31,44200.0,200.0,16800.0
533,2021-10-08 03:06:59,44200.0,500.0,16600.0
534,2021-10-08 03:06:59,44200.0,100.0,16100.0
535,2021-10-08 03:06:59,44200.0,200.0,16000.0
536,2021-10-08 03:05:14,44250.0,500.0,15800.0
537,2021-10-08 03:03:43,44300.0,400.0,15300.0
538,2021-10-08 03:03:12,44300.0,400.0,14900.0
539,2021-10-08 03:03:12,44300.0,500.0,14500.0
540,2021-10-08 03:01:52,44300.0,1600.0,14000.0
541,2021-10-08 03:01:52,44300.0,700.0,12400.0
542,2021-10-08 02:57:16,44250.0,100.0,11700.0
543,2021-10-08 02:55:09,44250.0,1800.0,11600.0
544,2021-10-08 02:54:20,44300.0,200.0,9800.0
545,2021-10-08 02:53:55,44300.0,100.0,9600.0
546,2021-10-08 02:53:55,44300.0,200.0,9500.0
547,2021-10-08 02:53:25,44250.0,200.0,9300.0
548,2021-10-08 02:52:09,44250.0,100.0,9100.0
549,2021-10-08 02:51:41,44250.0,600.0,9000.0
550,2021-10-08 02:51:35,44300.0,700.0,8400.0
551,2021-10-08 02:51:26,44300.0,100.0,7700.0
552,2021-10-08 02:44:13,44300.0,100.0,7600.0
553,2021-10-08 02:44:13,44200.0,100.0,7500.0
554,2021-10-08 02:42:38,44200.0,200.0,7400.0
555,2021-10-08 02:42:22,44200.0,100.0,7200.0
556,2021-10-08 02:42:19,44200.0,900.0,7100.0
557,2021-10-08 02:42:19,44200.0,100.0,6200.0
558,2021-10-08 02:42:19,44200.0,100.0,6100.0
559,2021-10-08 02:42:14,44300.0,200.0,6000.0
560,2021-10-08 02:41:42,44300.0,200.0,5800.0
561,2021-10-08 02:35:55,44300.0,100.0,5600.0
562,2021-10-08 02:35:55,44300.0,100.0,5500.0
563,2021-10-08 02:29:54,44100.0,100.0,5400.0
564,2021-10-08 02:26:05,44400.0,100.0,5300.0
565,2021-10-08 02:25:25,44400.0,100.0,5200.0
566,2021-10-08 02:25:25,44400.0,400.0,5100.0
567,2021-10-08 02:25:25,44300.0,200.0,4700.0
568,2021-10-08 02:25:11,44300.0,100.0,4500.0
569,2021-10-08 02:22:42,44400.0,600.0,4400.0
570,2021-10-08 02:22:42,44400.0,100.0,3800.0
571,2021-10-08 02:22:42,44400.0,400.0,3700.0
572,2021-10-08 02:22:42,44350.0,100.0,3300.0
573,2021-10-08 02:22:42,44350.0,300.0,3200.0
574,2021-10-08 02:22:42,44350.0,500.0,2900.0
575,2021-10-08 02:19:48,44350.0,100.0,2400.0
576,2021-10-08 02:19:14,44400.0,100.0,2300.0
577,2021-10-08 02:18:58,44300.0,300.0,2200.0
578,2021-10-08 02:18:12,44300.0,300.0,1900.0
579,2021-10-08 02:18:10,44400.0,500.0,1600.0
580,2021-10-08 02:17:36,44300.0,200.0,1100.0
581,2021-10-08 02:16:05,44000.0,200.0,900.0
582,2021-10-08 02:15:50,44000.0,100.0,700.0
583,2021-10-08 02:15:00,43900.0,100.0,600.0
584,2021-10-08 02:15:00,43900.0,500.0,500.0
