,Time,Price,Volume_per_trade,Volume
0,2021-10-22 07:45:00,58900.0,100.0,379400.0
1,2021-10-22 07:45:00,58900.0,200.0,379300.0
2,2021-10-22 07:45:00,58900.0,500.0,379100.0
3,2021-10-22 07:45:00,58900.0,100.0,378600.0
4,2021-10-22 07:45:00,58900.0,1200.0,378500.0
5,2021-10-22 07:45:00,58900.0,2000.0,377300.0
6,2021-10-22 07:45:00,58900.0,1000.0,375300.0
7,2021-10-22 07:45:00,58900.0,1500.0,374300.0
8,2021-10-22 07:45:00,58900.0,300.0,372800.0
9,2021-10-22 07:45:00,58900.0,2000.0,372500.0
10,2021-10-22 07:45:00,58900.0,2700.0,370500.0
11,2021-10-22 07:45:00,58900.0,1000.0,367800.0
12,2021-10-22 07:45:00,58900.0,100.0,366800.0
13,2021-10-22 07:45:00,58900.0,1000.0,366700.0
14,2021-10-22 07:45:00,58900.0,200.0,365700.0
15,2021-10-22 07:29:22,58500.0,200.0,365500.0
16,2021-10-22 07:29:12,58500.0,100.0,365300.0
17,2021-10-22 07:29:01,58500.0,500.0,365200.0
18,2021-10-22 07:29:01,58500.0,100.0,364700.0
19,2021-10-22 07:28:56,58500.0,100.0,364600.0
20,2021-10-22 07:28:56,58500.0,100.0,364500.0
21,2021-10-22 07:28:27,58600.0,300.0,364400.0
22,2021-10-22 07:28:06,58600.0,500.0,364100.0
23,2021-10-22 07:28:06,58600.0,200.0,363600.0
24,2021-10-22 07:27:42,58600.0,300.0,363400.0
25,2021-10-22 07:27:35,58600.0,500.0,363100.0
26,2021-10-22 07:27:22,58600.0,600.0,362600.0
27,2021-10-22 07:27:17,58500.0,400.0,362000.0
28,2021-10-22 07:27:17,58500.0,100.0,361600.0
29,2021-10-22 07:27:03,58600.0,100.0,361500.0
30,2021-10-22 07:27:03,58600.0,1000.0,361400.0
31,2021-10-22 07:27:03,58600.0,100.0,360400.0
32,2021-10-22 07:27:03,58600.0,100.0,360300.0
33,2021-10-22 07:27:03,58600.0,100.0,360200.0
34,2021-10-22 07:25:06,58600.0,200.0,360100.0
35,2021-10-22 07:23:56,58500.0,500.0,359900.0
36,2021-10-22 07:23:54,58600.0,500.0,359400.0
37,2021-10-22 07:22:23,58500.0,500.0,358900.0
38,2021-10-22 07:22:23,58500.0,500.0,358400.0
39,2021-10-22 07:22:00,58600.0,500.0,357900.0
40,2021-10-22 07:21:40,58600.0,500.0,357400.0
41,2021-10-22 07:17:59,58500.0,200.0,356900.0
42,2021-10-22 07:17:15,58500.0,300.0,356700.0
43,2021-10-22 07:15:25,58900.0,2000.0,356400.0
44,2021-10-22 07:15:25,58900.0,2000.0,354400.0
45,2021-10-22 07:15:10,57900.0,12600.0,352400.0
46,2021-10-22 07:15:10,58000.0,500.0,339800.0
47,2021-10-22 07:15:10,58000.0,500.0,339300.0
48,2021-10-22 07:15:10,58000.0,100.0,338800.0
49,2021-10-22 07:15:10,58000.0,500.0,338700.0
50,2021-10-22 07:15:10,58000.0,100.0,338200.0
51,2021-10-22 07:15:10,58000.0,1000.0,338100.0
52,2021-10-22 07:15:10,58000.0,2000.0,337100.0
53,2021-10-22 07:15:10,58000.0,100.0,335100.0
54,2021-10-22 07:15:10,58000.0,400.0,335000.0
55,2021-10-22 07:15:10,58000.0,500.0,334600.0
56,2021-10-22 07:15:10,58100.0,100.0,334100.0
57,2021-10-22 07:15:10,58100.0,300.0,334000.0
58,2021-10-22 07:15:10,58100.0,200.0,333700.0
59,2021-10-22 07:15:10,58100.0,100.0,333500.0
60,2021-10-22 07:15:10,58100.0,1000.0,333400.0
61,2021-10-22 07:14:28,58100.0,300.0,332400.0
62,2021-10-22 07:14:13,58100.0,1000.0,332100.0
63,2021-10-22 07:12:37,58100.0,100.0,331100.0
64,2021-10-22 07:09:03,59000.0,100.0,331000.0
65,2021-10-22 07:09:03,58900.0,1500.0,330900.0
66,2021-10-22 07:09:03,58900.0,1300.0,329400.0
67,2021-10-22 07:09:03,58800.0,100.0,328100.0
68,2021-10-22 07:08:12,58000.0,100.0,328000.0
69,2021-10-22 07:08:09,58000.0,100.0,327900.0
70,2021-10-22 07:08:04,58000.0,2000.0,327800.0
71,2021-10-22 07:07:39,58000.0,100.0,325800.0
72,2021-10-22 07:07:27,58000.0,100.0,325700.0
73,2021-10-22 07:07:15,58000.0,100.0,325600.0
74,2021-10-22 07:06:57,58000.0,100.0,325500.0
75,2021-10-22 07:06:48,58000.0,300.0,325400.0
76,2021-10-22 07:06:36,58000.0,300.0,325100.0
77,2021-10-22 07:06:36,58000.0,1000.0,324800.0
78,2021-10-22 07:06:36,58000.0,100.0,323800.0
79,2021-10-22 07:06:36,58000.0,100.0,323700.0
80,2021-10-22 07:06:36,58000.0,100.0,323600.0
81,2021-10-22 07:06:36,58000.0,100.0,323500.0
82,2021-10-22 07:06:36,58000.0,1000.0,323400.0
83,2021-10-22 07:06:36,58000.0,100.0,322400.0
84,2021-10-22 07:06:36,58000.0,100.0,322300.0
85,2021-10-22 07:06:36,58000.0,100.0,322200.0
86,2021-10-22 07:06:36,58100.0,300.0,322100.0
87,2021-10-22 07:06:36,58200.0,900.0,321800.0
88,2021-10-22 07:06:36,58200.0,1300.0,320900.0
89,2021-10-22 07:06:36,58200.0,500.0,319600.0
90,2021-10-22 07:06:36,58500.0,100.0,319100.0
91,2021-10-22 07:06:36,58500.0,500.0,319000.0
92,2021-10-22 07:06:36,58500.0,100.0,318500.0
93,2021-10-22 07:06:36,58500.0,500.0,318400.0
94,2021-10-22 07:06:36,58500.0,100.0,317900.0
95,2021-10-22 07:06:36,58500.0,200.0,317800.0
96,2021-10-22 07:06:36,58600.0,300.0,317600.0
97,2021-10-22 07:06:36,58600.0,200.0,317300.0
98,2021-10-22 07:06:36,58600.0,100.0,317100.0
99,2021-10-22 07:06:36,58600.0,500.0,317000.0
100,2021-10-22 07:06:36,58600.0,600.0,316500.0
101,2021-10-22 07:04:02,58600.0,400.0,315900.0
102,2021-10-22 07:04:02,58600.0,500.0,315500.0
103,2021-10-22 07:04:02,58600.0,100.0,315000.0
104,2021-10-22 07:04:02,58600.0,100.0,314900.0
105,2021-10-22 07:04:02,58600.0,1100.0,314800.0
106,2021-10-22 07:04:02,58700.0,300.0,313700.0
107,2021-10-22 07:04:02,58700.0,200.0,313400.0
108,2021-10-22 07:04:02,58800.0,100.0,313200.0
109,2021-10-22 07:04:02,58800.0,200.0,313100.0
110,2021-10-22 07:04:02,58800.0,300.0,312900.0
111,2021-10-22 07:04:02,58800.0,100.0,312600.0
112,2021-10-22 07:01:24,58900.0,700.0,312500.0
113,2021-10-22 07:01:18,58900.0,200.0,311800.0
114,2021-10-22 07:01:18,58900.0,200.0,311600.0
115,2021-10-22 07:01:18,58900.0,100.0,311400.0
116,2021-10-22 07:00:47,59000.0,700.0,311300.0
117,2021-10-22 07:00:05,59000.0,100.0,310600.0
118,2021-10-22 06:59:39,58900.0,100.0,310500.0
119,2021-10-22 06:53:02,58900.0,100.0,310400.0
120,2021-10-22 06:53:02,58900.0,100.0,310300.0
121,2021-10-22 06:52:06,58900.0,400.0,310200.0
122,2021-10-22 06:52:06,58900.0,100.0,309800.0
123,2021-10-22 06:52:06,58900.0,100.0,309700.0
124,2021-10-22 06:51:25,59000.0,300.0,309600.0
125,2021-10-22 06:51:25,59000.0,100.0,309300.0
126,2021-10-22 06:50:56,59000.0,400.0,309200.0
127,2021-10-22 06:49:50,59000.0,1600.0,308800.0
128,2021-10-22 06:48:02,59000.0,1000.0,307200.0
129,2021-10-22 06:47:26,59000.0,1000.0,306200.0
130,2021-10-22 06:45:32,59100.0,100.0,305200.0
131,2021-10-22 06:44:52,59000.0,500.0,305100.0
132,2021-10-22 06:44:52,59000.0,2000.0,304600.0
133,2021-10-22 06:44:52,59000.0,500.0,302600.0
134,2021-10-22 06:44:18,59000.0,200.0,302100.0
135,2021-10-22 06:43:17,58900.0,100.0,301900.0
136,2021-10-22 06:43:07,58900.0,100.0,301800.0
137,2021-10-22 06:43:07,58900.0,100.0,301700.0
138,2021-10-22 06:40:04,58900.0,100.0,301600.0
139,2021-10-22 06:39:52,59000.0,1300.0,301500.0
140,2021-10-22 06:39:25,59000.0,100.0,300200.0
141,2021-10-22 06:39:25,59000.0,100.0,300100.0
142,2021-10-22 06:39:25,59000.0,100.0,300000.0
143,2021-10-22 06:39:25,59000.0,200.0,299900.0
144,2021-10-22 06:39:25,59000.0,600.0,299700.0
145,2021-10-22 06:39:09,59100.0,200.0,299100.0
146,2021-10-22 06:38:39,59000.0,300.0,298900.0
147,2021-10-22 06:32:39,59100.0,100.0,298600.0
148,2021-10-22 06:32:39,59100.0,100.0,298500.0
149,2021-10-22 06:32:39,59100.0,200.0,298400.0
150,2021-10-22 06:32:14,59100.0,1000.0,298200.0
151,2021-10-22 06:29:44,59100.0,100.0,297200.0
152,2021-10-22 06:28:48,59000.0,100.0,297100.0
153,2021-10-22 06:28:27,59000.0,1100.0,297000.0
154,2021-10-22 06:28:27,59000.0,7900.0,295900.0
155,2021-10-22 06:26:07,59000.0,2100.0,288000.0
156,2021-10-22 06:25:22,59000.0,700.0,285900.0
157,2021-10-22 06:24:03,59000.0,300.0,285200.0
158,2021-10-22 06:24:03,59000.0,900.0,284900.0
159,2021-10-22 06:23:35,59000.0,1100.0,284000.0
160,2021-10-22 06:23:35,59000.0,100.0,282900.0
161,2021-10-22 06:23:35,59000.0,500.0,282800.0
162,2021-10-22 06:23:35,59000.0,300.0,282300.0
163,2021-10-22 06:19:42,58900.0,100.0,282000.0
164,2021-10-22 06:18:21,58900.0,300.0,281900.0
165,2021-10-22 06:18:21,58900.0,100.0,281600.0
166,2021-10-22 06:18:21,58900.0,100.0,281500.0
167,2021-10-22 06:14:35,58700.0,100.0,281400.0
168,2021-10-22 06:14:35,58700.0,100.0,281300.0
169,2021-10-22 06:09:11,58600.0,500.0,281200.0
170,2021-10-22 06:08:38,58600.0,100.0,280700.0
171,2021-10-22 06:08:13,58600.0,100.0,280600.0
172,2021-10-22 06:08:13,58600.0,100.0,280500.0
173,2021-10-22 06:06:30,58600.0,200.0,280400.0
174,2021-10-22 06:06:30,58600.0,500.0,280200.0
175,2021-10-22 06:06:30,58600.0,3000.0,279700.0
176,2021-10-22 06:06:30,58600.0,600.0,276700.0
177,2021-10-22 06:06:08,58600.0,400.0,276100.0
178,2021-10-22 06:06:08,58600.0,100.0,275700.0
179,2021-10-22 06:06:08,58600.0,300.0,275600.0
180,2021-10-22 06:06:08,58600.0,100.0,275300.0
181,2021-10-22 06:06:08,58600.0,100.0,275200.0
182,2021-10-22 06:05:03,58700.0,1000.0,275100.0
183,2021-10-22 06:03:50,58700.0,100.0,274100.0
184,2021-10-22 06:03:49,58700.0,2400.0,274000.0
185,2021-10-22 06:03:18,58900.0,700.0,271600.0
186,2021-10-22 06:01:54,59000.0,200.0,270900.0
187,2021-10-22 06:01:03,59000.0,100.0,270700.0
188,2021-10-22 06:00:28,59000.0,100.0,270600.0
189,2021-10-22 06:00:03,59000.0,100.0,270500.0
190,2021-10-22 06:00:01,58900.0,1000.0,270400.0
191,2021-10-22 04:26:06,58900.0,100.0,269400.0
192,2021-10-22 04:26:03,58700.0,700.0,269300.0
193,2021-10-22 04:26:03,58700.0,300.0,268600.0
194,2021-10-22 04:25:14,58800.0,400.0,268300.0
195,2021-10-22 04:25:14,58800.0,400.0,267900.0
196,2021-10-22 04:25:14,58800.0,200.0,267500.0
197,2021-10-22 04:24:28,58800.0,100.0,267300.0
198,2021-10-22 04:24:28,58800.0,100.0,267200.0
199,2021-10-22 04:24:28,58800.0,1000.0,267100.0
200,2021-10-22 04:24:28,58800.0,100.0,266100.0
201,2021-10-22 04:24:28,58800.0,100.0,266000.0
202,2021-10-22 04:23:45,58900.0,400.0,265900.0
203,2021-10-22 04:23:45,58900.0,200.0,265500.0
204,2021-10-22 04:23:02,58900.0,1000.0,265300.0
205,2021-10-22 04:20:21,59100.0,500.0,264300.0
206,2021-10-22 04:20:21,59100.0,200.0,263800.0
207,2021-10-22 04:20:07,59100.0,100.0,263600.0
208,2021-10-22 04:19:50,59100.0,100.0,263500.0
209,2021-10-22 04:18:24,59100.0,100.0,263400.0
210,2021-10-22 04:18:24,59100.0,100.0,263300.0
211,2021-10-22 04:14:04,58800.0,100.0,263200.0
212,2021-10-22 04:14:04,58800.0,100.0,263100.0
213,2021-10-22 04:14:04,58800.0,1800.0,263000.0
214,2021-10-22 04:14:04,58800.0,300.0,261200.0
215,2021-10-22 04:14:04,59000.0,100.0,260900.0
216,2021-10-22 04:14:04,59000.0,100.0,260800.0
217,2021-10-22 04:13:36,59000.0,500.0,260700.0
218,2021-10-22 04:12:35,59100.0,100.0,260200.0
219,2021-10-22 04:12:05,59000.0,100.0,260100.0
220,2021-10-22 04:11:18,59100.0,300.0,260000.0
221,2021-10-22 04:09:24,59200.0,100.0,259700.0
222,2021-10-22 04:06:50,59200.0,100.0,259600.0
223,2021-10-22 04:06:17,59200.0,200.0,259500.0
224,2021-10-22 04:05:34,59200.0,400.0,259300.0
225,2021-10-22 04:05:34,59200.0,100.0,258900.0
226,2021-10-22 04:04:13,59200.0,100.0,258800.0
227,2021-10-22 04:02:11,59200.0,500.0,258700.0
228,2021-10-22 04:02:11,59200.0,500.0,258200.0
229,2021-10-22 04:00:16,59500.0,300.0,257700.0
230,2021-10-22 04:00:16,59500.0,2200.0,257400.0
231,2021-10-22 03:59:52,59600.0,100.0,255200.0
232,2021-10-22 03:59:21,59500.0,100.0,255100.0
233,2021-10-22 03:58:54,59600.0,400.0,255000.0
234,2021-10-22 03:55:30,59800.0,400.0,254600.0
235,2021-10-22 03:55:19,59800.0,100.0,254200.0
236,2021-10-22 03:55:19,59800.0,100.0,254100.0
237,2021-10-22 03:55:09,59500.0,100.0,254000.0
238,2021-10-22 03:55:09,59500.0,800.0,253900.0
239,2021-10-22 03:54:54,59400.0,100.0,253100.0
240,2021-10-22 03:54:33,59400.0,100.0,253000.0
241,2021-10-22 03:54:01,59500.0,100.0,252900.0
242,2021-10-22 03:54:01,59500.0,100.0,252800.0
243,2021-10-22 03:52:31,59500.0,100.0,252700.0
244,2021-10-22 03:52:30,59500.0,100.0,252600.0
245,2021-10-22 03:52:10,59500.0,1000.0,252500.0
246,2021-10-22 03:52:10,59500.0,500.0,251500.0
247,2021-10-22 03:52:10,59500.0,100.0,251000.0
248,2021-10-22 03:52:10,59500.0,2500.0,250900.0
249,2021-10-22 03:52:10,59400.0,100.0,248400.0
250,2021-10-22 03:51:42,59400.0,100.0,248300.0
251,2021-10-22 03:49:11,59500.0,500.0,248200.0
252,2021-10-22 03:49:11,59200.0,200.0,247700.0
253,2021-10-22 03:49:07,59000.0,2000.0,247500.0
254,2021-10-22 03:48:34,59000.0,500.0,245500.0
255,2021-10-22 03:48:34,59000.0,300.0,245000.0
256,2021-10-22 03:48:17,59000.0,500.0,244700.0
257,2021-10-22 03:48:10,59000.0,200.0,244200.0
258,2021-10-22 03:48:10,59000.0,800.0,244000.0
259,2021-10-22 03:48:08,59000.0,200.0,243200.0
260,2021-10-22 03:48:08,59000.0,500.0,243000.0
261,2021-10-22 03:48:08,59000.0,300.0,242500.0
262,2021-10-22 03:47:54,59000.0,200.0,242200.0
263,2021-10-22 03:47:54,59000.0,300.0,242000.0
264,2021-10-22 03:47:42,59000.0,300.0,241700.0
265,2021-10-22 03:47:38,59000.0,300.0,241400.0
266,2021-10-22 03:47:38,59000.0,200.0,241100.0
267,2021-10-22 03:47:16,59000.0,100.0,240900.0
268,2021-10-22 03:47:16,59000.0,100.0,240800.0
269,2021-10-22 03:45:57,58800.0,100.0,240700.0
270,2021-10-22 03:45:57,58800.0,200.0,240600.0
271,2021-10-22 03:45:57,58800.0,200.0,240400.0
272,2021-10-22 03:44:57,58800.0,100.0,240200.0
273,2021-10-22 03:39:48,58500.0,500.0,240100.0
274,2021-10-22 03:37:41,58500.0,300.0,239600.0
275,2021-10-22 03:37:39,58500.0,500.0,239300.0
276,2021-10-22 03:37:37,58500.0,200.0,238800.0
277,2021-10-22 03:37:29,58500.0,200.0,238600.0
278,2021-10-22 03:37:21,58500.0,200.0,238400.0
279,2021-10-22 03:37:21,58500.0,100.0,238200.0
280,2021-10-22 03:37:15,58500.0,100.0,238100.0
281,2021-10-22 03:37:05,58500.0,300.0,238000.0
282,2021-10-22 03:37:05,58500.0,600.0,237700.0
283,2021-10-22 03:36:23,58400.0,100.0,237100.0
284,2021-10-22 03:36:09,58500.0,100.0,237000.0
285,2021-10-22 03:36:04,58500.0,300.0,236900.0
286,2021-10-22 03:36:04,58500.0,1700.0,236600.0
287,2021-10-22 03:35:13,58500.0,1000.0,234900.0
288,2021-10-22 03:35:07,58500.0,400.0,233900.0
289,2021-10-22 03:34:18,58500.0,100.0,233500.0
290,2021-10-22 03:34:18,58500.0,200.0,233400.0
291,2021-10-22 03:34:18,58500.0,100.0,233200.0
292,2021-10-22 03:34:11,58300.0,400.0,233100.0
293,2021-10-22 03:34:11,58300.0,1000.0,232700.0
294,2021-10-22 03:34:11,58300.0,1000.0,231700.0
295,2021-10-22 03:33:49,58200.0,1000.0,230700.0
296,2021-10-22 03:33:32,58200.0,100.0,229700.0
297,2021-10-22 03:33:22,58200.0,500.0,229600.0
298,2021-10-22 03:33:13,58200.0,3000.0,229100.0
299,2021-10-22 03:32:57,58000.0,200.0,226100.0
300,2021-10-22 03:32:57,58000.0,600.0,225900.0
301,2021-10-22 03:32:57,58000.0,100.0,225300.0
302,2021-10-22 03:32:46,58000.0,200.0,225200.0
303,2021-10-22 03:32:43,58000.0,300.0,225000.0
304,2021-10-22 03:32:43,58000.0,500.0,224700.0
305,2021-10-22 03:32:43,58000.0,200.0,224200.0
306,2021-10-22 03:32:39,58000.0,600.0,224000.0
307,2021-10-22 03:32:39,58000.0,400.0,223400.0
308,2021-10-22 03:32:11,58000.0,1000.0,223000.0
309,2021-10-22 03:32:06,58000.0,200.0,222000.0
310,2021-10-22 03:32:01,58000.0,2000.0,221800.0
311,2021-10-22 03:31:41,58000.0,3400.0,219800.0
312,2021-10-22 03:31:41,58000.0,100.0,216400.0
313,2021-10-22 03:31:41,58000.0,100.0,216300.0
314,2021-10-22 03:31:41,58000.0,400.0,216200.0
315,2021-10-22 03:31:39,58000.0,300.0,215800.0
316,2021-10-22 03:31:33,58000.0,800.0,215500.0
317,2021-10-22 03:31:13,58000.0,2000.0,214700.0
318,2021-10-22 03:30:40,58000.0,600.0,212700.0
319,2021-10-22 03:30:40,58000.0,100.0,212100.0
320,2021-10-22 03:30:40,58000.0,500.0,212000.0
321,2021-10-22 03:30:40,58000.0,300.0,211500.0
322,2021-10-22 03:30:40,58000.0,500.0,211200.0
323,2021-10-22 03:30:40,58000.0,1000.0,210700.0
324,2021-10-22 03:28:22,57900.0,300.0,209700.0
325,2021-10-22 03:28:22,57900.0,300.0,209400.0
326,2021-10-22 03:28:22,57900.0,400.0,209100.0
327,2021-10-22 03:28:22,57900.0,2700.0,208700.0
328,2021-10-22 03:28:22,57900.0,100.0,206000.0
329,2021-10-22 03:28:22,57900.0,800.0,205900.0
330,2021-10-22 03:28:22,57900.0,1000.0,205100.0
331,2021-10-22 03:28:08,57900.0,100.0,204100.0
332,2021-10-22 03:28:08,57900.0,100.0,204000.0
333,2021-10-22 03:27:15,57900.0,500.0,203900.0
334,2021-10-22 03:26:40,57900.0,2100.0,203400.0
335,2021-10-22 03:24:48,57900.0,200.0,201300.0
336,2021-10-22 03:21:45,57900.0,100.0,201100.0
337,2021-10-22 03:21:06,57900.0,1000.0,201000.0
338,2021-10-22 03:21:06,57900.0,100.0,200000.0
339,2021-10-22 03:20:52,57800.0,1000.0,199900.0
340,2021-10-22 03:20:39,57800.0,500.0,198900.0
341,2021-10-22 03:20:39,57800.0,200.0,198400.0
342,2021-10-22 03:20:39,57800.0,500.0,198200.0
343,2021-10-22 03:20:39,57800.0,300.0,197700.0
344,2021-10-22 03:20:17,57800.0,400.0,197400.0
345,2021-10-22 03:20:17,57800.0,600.0,197000.0
346,2021-10-22 03:19:26,57800.0,500.0,196400.0
347,2021-10-22 03:19:05,57900.0,100.0,195900.0
348,2021-10-22 03:17:59,57900.0,1000.0,195800.0
349,2021-10-22 03:17:59,57900.0,1000.0,194800.0
350,2021-10-22 03:17:59,57900.0,500.0,193800.0
351,2021-10-22 03:17:59,57900.0,200.0,193300.0
352,2021-10-22 03:17:59,57900.0,500.0,193100.0
353,2021-10-22 03:17:59,57900.0,500.0,192600.0
354,2021-10-22 03:17:13,57900.0,500.0,192100.0
355,2021-10-22 03:15:57,57900.0,300.0,191600.0
356,2021-10-22 03:14:55,57900.0,700.0,191300.0
357,2021-10-22 03:14:13,57900.0,100.0,190600.0
358,2021-10-22 03:12:05,57800.0,700.0,190500.0
359,2021-10-22 03:10:49,57800.0,100.0,189800.0
360,2021-10-22 03:10:49,57800.0,100.0,189700.0
361,2021-10-22 03:09:56,57800.0,400.0,189600.0
362,2021-10-22 03:09:56,57800.0,500.0,189200.0
363,2021-10-22 03:09:56,57800.0,100.0,188700.0
364,2021-10-22 03:09:06,57800.0,100.0,188600.0
365,2021-10-22 03:09:03,57800.0,200.0,188500.0
366,2021-10-22 03:08:31,57300.0,1000.0,188300.0
367,2021-10-22 03:07:48,57900.0,200.0,187300.0
368,2021-10-22 03:07:32,57900.0,2800.0,187100.0
369,2021-10-22 03:07:32,57300.0,2800.0,184300.0
370,2021-10-22 03:07:32,57300.0,200.0,181500.0
371,2021-10-22 03:07:32,57300.0,300.0,181300.0
372,2021-10-22 03:07:32,57300.0,200.0,181000.0
373,2021-10-22 03:07:32,57300.0,200.0,180800.0
374,2021-10-22 03:07:32,57300.0,500.0,180600.0
375,2021-10-22 03:07:32,57300.0,2000.0,180100.0
376,2021-10-22 03:07:32,57300.0,600.0,178100.0
377,2021-10-22 03:07:32,57400.0,100.0,177500.0
378,2021-10-22 03:07:32,57400.0,100.0,177400.0
379,2021-10-22 03:07:32,57400.0,100.0,177300.0
380,2021-10-22 03:07:32,57400.0,1900.0,177200.0
381,2021-10-22 03:07:32,57500.0,1000.0,175300.0
382,2021-10-22 03:07:32,57500.0,100.0,174300.0
383,2021-10-22 03:07:32,57500.0,1000.0,174200.0
384,2021-10-22 03:07:32,57500.0,500.0,173200.0
385,2021-10-22 03:07:32,57500.0,100.0,172700.0
386,2021-10-22 03:07:32,57500.0,400.0,172600.0
387,2021-10-22 03:07:32,57500.0,500.0,172200.0
388,2021-10-22 03:07:32,57500.0,600.0,171700.0
389,2021-10-22 03:07:32,57600.0,100.0,171100.0
390,2021-10-22 03:07:24,57500.0,1500.0,171000.0
391,2021-10-22 03:06:37,57500.0,500.0,169500.0
392,2021-10-22 03:06:37,57500.0,200.0,169000.0
393,2021-10-22 03:06:37,57500.0,300.0,168800.0
394,2021-10-22 03:06:37,57500.0,2000.0,168500.0
395,2021-10-22 03:06:37,57500.0,1000.0,166500.0
396,2021-10-22 03:06:37,57500.0,1000.0,165500.0
397,2021-10-22 03:06:37,57600.0,600.0,164500.0
398,2021-10-22 03:06:37,57600.0,100.0,163900.0
399,2021-10-22 03:06:37,57600.0,500.0,163800.0
400,2021-10-22 03:06:37,57600.0,300.0,163300.0
401,2021-10-22 03:06:37,57600.0,200.0,163000.0
402,2021-10-22 03:06:37,57600.0,1000.0,162800.0
403,2021-10-22 03:06:37,57600.0,200.0,161800.0
404,2021-10-22 03:06:37,57700.0,1400.0,161600.0
405,2021-10-22 03:06:37,57700.0,100.0,160200.0
406,2021-10-22 03:06:37,57700.0,100.0,160100.0
407,2021-10-22 03:06:37,57700.0,100.0,160000.0
408,2021-10-22 03:06:37,57800.0,400.0,159900.0
409,2021-10-22 03:06:31,57800.0,100.0,159500.0
410,2021-10-22 03:06:30,57900.0,500.0,159400.0
411,2021-10-22 03:05:58,57900.0,400.0,158900.0
412,2021-10-22 03:05:37,57800.0,200.0,158500.0
413,2021-10-22 03:05:37,57800.0,100.0,158300.0
414,2021-10-22 03:05:34,57900.0,1000.0,158200.0
415,2021-10-22 03:05:00,57900.0,200.0,157200.0
416,2021-10-22 03:05:00,57900.0,100.0,157000.0
417,2021-10-22 03:04:41,58000.0,200.0,156900.0
418,2021-10-22 03:03:52,57900.0,2000.0,156700.0
419,2021-10-22 03:02:33,57800.0,200.0,154700.0
420,2021-10-22 03:02:29,57700.0,500.0,154500.0
421,2021-10-22 03:02:29,57700.0,500.0,154000.0
422,2021-10-22 03:01:57,57700.0,500.0,153500.0
423,2021-10-22 03:01:57,57700.0,6900.0,153000.0
424,2021-10-22 03:01:32,57700.0,200.0,146100.0
425,2021-10-22 03:01:29,57700.0,500.0,145900.0
426,2021-10-22 03:01:00,57700.0,700.0,145400.0
427,2021-10-22 03:00:59,57700.0,600.0,144700.0
428,2021-10-22 03:00:59,57700.0,500.0,144100.0
429,2021-10-22 03:00:59,57600.0,200.0,143600.0
430,2021-10-22 03:00:58,57600.0,600.0,143400.0
431,2021-10-22 03:00:48,57700.0,1000.0,142800.0
432,2021-10-22 03:00:36,57600.0,100.0,141800.0
433,2021-10-22 03:00:36,57600.0,500.0,141700.0
434,2021-10-22 03:00:31,57500.0,2000.0,141200.0
435,2021-10-22 03:00:31,57500.0,100.0,139200.0
436,2021-10-22 03:00:31,57500.0,200.0,139100.0
437,2021-10-22 03:00:31,57500.0,700.0,138900.0
438,2021-10-22 03:00:13,57500.0,500.0,138200.0
439,2021-10-22 02:59:48,57500.0,200.0,137700.0
440,2021-10-22 02:58:53,57400.0,8100.0,137500.0
441,2021-10-22 02:58:53,57400.0,500.0,129400.0
442,2021-10-22 02:58:53,57400.0,500.0,128900.0
443,2021-10-22 02:58:53,57400.0,300.0,128400.0
444,2021-10-22 02:58:53,57500.0,2000.0,128100.0
445,2021-10-22 02:58:53,57500.0,200.0,126100.0
446,2021-10-22 02:58:53,57500.0,1300.0,125900.0
447,2021-10-22 02:58:19,57500.0,100.0,124600.0
448,2021-10-22 02:58:08,57500.0,500.0,124500.0
449,2021-10-22 02:58:08,57500.0,100.0,124000.0
450,2021-10-22 02:57:44,57500.0,100.0,123900.0
451,2021-10-22 02:57:39,57500.0,100.0,123800.0
452,2021-10-22 02:57:29,57500.0,500.0,123700.0
453,2021-10-22 02:57:29,57500.0,1100.0,123200.0
454,2021-10-22 02:57:29,57500.0,500.0,122100.0
455,2021-10-22 02:57:29,57500.0,200.0,121600.0
456,2021-10-22 02:57:29,57500.0,200.0,121400.0
457,2021-10-22 02:57:29,57500.0,200.0,121200.0
458,2021-10-22 02:57:29,57500.0,100.0,121000.0
459,2021-10-22 02:57:29,57500.0,500.0,120900.0
460,2021-10-22 02:57:29,57500.0,500.0,120400.0
461,2021-10-22 02:56:33,57500.0,500.0,119900.0
462,2021-10-22 02:56:17,57500.0,500.0,119400.0
463,2021-10-22 02:56:17,57500.0,1000.0,118900.0
464,2021-10-22 02:55:46,57600.0,100.0,117900.0
465,2021-10-22 02:55:39,57600.0,300.0,117800.0
466,2021-10-22 02:55:35,57600.0,100.0,117500.0
467,2021-10-22 02:55:33,57600.0,1000.0,117400.0
468,2021-10-22 02:55:16,57600.0,200.0,116400.0
469,2021-10-22 02:55:15,57600.0,400.0,116200.0
470,2021-10-22 02:55:13,57600.0,400.0,115800.0
471,2021-10-22 02:55:04,57600.0,200.0,115400.0
472,2021-10-22 02:55:03,57600.0,500.0,115200.0
473,2021-10-22 02:54:55,57600.0,400.0,114700.0
474,2021-10-22 02:54:55,57600.0,100.0,114300.0
475,2021-10-22 02:54:49,57600.0,300.0,114200.0
476,2021-10-22 02:54:21,57600.0,200.0,113900.0
477,2021-10-22 02:53:32,57600.0,100.0,113700.0
478,2021-10-22 02:53:12,57600.0,500.0,113600.0
479,2021-10-22 02:52:46,57700.0,500.0,113100.0
480,2021-10-22 02:51:59,57800.0,100.0,112600.0
481,2021-10-22 02:51:47,57800.0,100.0,112500.0
482,2021-10-22 02:51:47,57800.0,500.0,112400.0
483,2021-10-22 02:51:33,57800.0,100.0,111900.0
484,2021-10-22 02:50:32,57800.0,400.0,111800.0
485,2021-10-22 02:49:40,58000.0,200.0,111400.0
486,2021-10-22 02:49:09,58000.0,300.0,111200.0
487,2021-10-22 02:48:57,58000.0,100.0,110900.0
488,2021-10-22 02:48:17,58000.0,300.0,110800.0
489,2021-10-22 02:48:13,58000.0,100.0,110500.0
490,2021-10-22 02:48:13,58000.0,200.0,110400.0
491,2021-10-22 02:48:07,58000.0,800.0,110200.0
492,2021-10-22 02:48:07,58000.0,4000.0,109400.0
493,2021-10-22 02:48:07,58000.0,2000.0,105400.0
494,2021-10-22 02:48:07,58000.0,500.0,103400.0
495,2021-10-22 02:48:07,58000.0,100.0,102900.0
496,2021-10-22 02:48:07,58000.0,1200.0,102800.0
497,2021-10-22 02:48:07,58000.0,300.0,101600.0
498,2021-10-22 02:47:38,58000.0,200.0,101300.0
499,2021-10-22 02:46:41,58000.0,100.0,101100.0
500,2021-10-22 02:45:52,58000.0,500.0,101000.0
501,2021-10-22 02:45:02,58000.0,8900.0,100500.0
502,2021-10-22 02:45:02,58000.0,500.0,91600.0
503,2021-10-22 02:45:02,58000.0,600.0,91100.0
504,2021-10-22 02:44:39,58300.0,500.0,90500.0
505,2021-10-22 02:44:39,58300.0,1300.0,90000.0
506,2021-10-22 02:43:24,58300.0,2700.0,88700.0
507,2021-10-22 02:42:37,58300.0,300.0,86000.0
508,2021-10-22 02:42:10,58300.0,1000.0,85700.0
509,2021-10-22 02:41:39,58000.0,200.0,84700.0
510,2021-10-22 02:40:54,58000.0,500.0,84500.0
511,2021-10-22 02:40:34,58000.0,500.0,84000.0
512,2021-10-22 02:39:13,57200.0,5000.0,83500.0
513,2021-10-22 02:39:13,57300.0,1000.0,78500.0
514,2021-10-22 02:39:13,57300.0,1100.0,77500.0
515,2021-10-22 02:39:13,57400.0,200.0,76400.0
516,2021-10-22 02:39:13,57500.0,300.0,76200.0
517,2021-10-22 02:39:13,57500.0,900.0,75900.0
518,2021-10-22 02:39:13,57500.0,300.0,75000.0
519,2021-10-22 02:39:13,57600.0,100.0,74700.0
520,2021-10-22 02:39:13,57600.0,100.0,74600.0
521,2021-10-22 02:39:13,58000.0,400.0,74500.0
522,2021-10-22 02:39:13,58000.0,100.0,74100.0
523,2021-10-22 02:39:13,58000.0,300.0,74000.0
524,2021-10-22 02:39:13,58000.0,100.0,73700.0
525,2021-10-22 02:39:13,58000.0,100.0,73600.0
526,2021-10-22 02:38:38,58000.0,400.0,73500.0
527,2021-10-22 02:38:38,58000.0,100.0,73100.0
528,2021-10-22 02:38:38,58000.0,2000.0,73000.0
529,2021-10-22 02:38:38,58100.0,500.0,71000.0
530,2021-10-22 02:38:23,58100.0,2000.0,70500.0
531,2021-10-22 02:38:14,58000.0,100.0,68500.0
532,2021-10-22 02:38:02,58000.0,2000.0,68400.0
533,2021-10-22 02:38:02,58000.0,1000.0,66400.0
534,2021-10-22 02:38:02,58000.0,100.0,65400.0
535,2021-10-22 02:38:02,58000.0,500.0,65300.0
536,2021-10-22 02:38:02,58000.0,1000.0,64800.0
537,2021-10-22 02:38:02,58000.0,200.0,63800.0
538,2021-10-22 02:38:02,58000.0,1000.0,63600.0
539,2021-10-22 02:38:02,58000.0,500.0,62600.0
540,2021-10-22 02:38:02,58000.0,1000.0,62100.0
541,2021-10-22 02:38:02,58000.0,500.0,61100.0
542,2021-10-22 02:38:02,58000.0,100.0,60600.0
543,2021-10-22 02:38:02,58000.0,500.0,60500.0
544,2021-10-22 02:38:02,58000.0,900.0,60000.0
545,2021-10-22 02:38:02,58000.0,700.0,59100.0
546,2021-10-22 02:37:59,58000.0,300.0,58400.0
547,2021-10-22 02:37:59,58000.0,300.0,58100.0
548,2021-10-22 02:37:59,58000.0,500.0,57800.0
549,2021-10-22 02:37:59,58000.0,3900.0,57300.0
550,2021-10-22 02:37:26,58000.0,100.0,53400.0
551,2021-10-22 02:37:26,58000.0,900.0,53300.0
552,2021-10-22 02:36:43,58000.0,4100.0,52400.0
553,2021-10-22 02:36:43,58000.0,1000.0,48300.0
554,2021-10-22 02:36:43,58100.0,800.0,47300.0
555,2021-10-22 02:36:43,58100.0,100.0,46500.0
556,2021-10-22 02:36:43,58100.0,1000.0,46400.0
557,2021-10-22 02:36:43,58100.0,500.0,45400.0
558,2021-10-22 02:36:43,58200.0,100.0,44900.0
559,2021-10-22 02:36:43,58200.0,500.0,44800.0
560,2021-10-22 02:36:43,58200.0,1000.0,44300.0
561,2021-10-22 02:36:43,58200.0,1000.0,43300.0
562,2021-10-22 02:36:43,58200.0,100.0,42300.0
563,2021-10-22 02:36:43,58200.0,1000.0,42200.0
564,2021-10-22 02:36:43,58200.0,200.0,41200.0
565,2021-10-22 02:36:43,58300.0,100.0,41000.0
566,2021-10-22 02:36:41,58300.0,100.0,40900.0
567,2021-10-22 02:36:41,58300.0,100.0,40800.0
568,2021-10-22 02:36:18,58300.0,1900.0,40700.0
569,2021-10-22 02:36:18,58300.0,200.0,38800.0
570,2021-10-22 02:36:18,58300.0,900.0,38600.0
571,2021-10-22 02:36:13,58300.0,100.0,37700.0
572,2021-10-22 02:36:13,58300.0,200.0,37600.0
573,2021-10-22 02:36:07,58400.0,100.0,37400.0
574,2021-10-22 02:35:06,58300.0,100.0,37300.0
575,2021-10-22 02:35:06,58300.0,1000.0,37200.0
576,2021-10-22 02:35:06,58400.0,100.0,36200.0
577,2021-10-22 02:35:06,58400.0,100.0,36100.0
578,2021-10-22 02:35:06,58400.0,200.0,36000.0
579,2021-10-22 02:35:06,58400.0,200.0,35800.0
580,2021-10-22 02:35:06,58400.0,300.0,35600.0
581,2021-10-22 02:34:54,58500.0,100.0,35300.0
582,2021-10-22 02:34:31,58500.0,100.0,35200.0
583,2021-10-22 02:34:31,58500.0,100.0,35100.0
584,2021-10-22 02:33:51,58500.0,200.0,35000.0
585,2021-10-22 02:33:10,58400.0,1000.0,34800.0
586,2021-10-22 02:32:16,58400.0,1000.0,33800.0
587,2021-10-22 02:31:26,58400.0,100.0,32800.0
588,2021-10-22 02:31:25,58500.0,200.0,32700.0
589,2021-10-22 02:31:02,58500.0,100.0,32500.0
590,2021-10-22 02:31:02,58500.0,200.0,32400.0
591,2021-10-22 02:29:43,58300.0,600.0,32200.0
592,2021-10-22 02:29:26,58300.0,100.0,31600.0
593,2021-10-22 02:29:26,58300.0,200.0,31500.0
594,2021-10-22 02:29:22,58300.0,100.0,31300.0
595,2021-10-22 02:29:22,58300.0,900.0,31200.0
596,2021-10-22 02:28:06,58300.0,1000.0,30300.0
597,2021-10-22 02:27:29,58300.0,100.0,29300.0
598,2021-10-22 02:27:26,58200.0,100.0,29200.0
599,2021-10-22 02:27:18,58200.0,100.0,29100.0
600,2021-10-22 02:27:18,58200.0,100.0,29000.0
601,2021-10-22 02:27:18,58200.0,500.0,28900.0
602,2021-10-22 02:27:18,58200.0,100.0,28400.0
603,2021-10-22 02:27:18,58200.0,500.0,28300.0
604,2021-10-22 02:27:18,58300.0,500.0,27800.0
605,2021-10-22 02:26:30,58300.0,100.0,27300.0
606,2021-10-22 02:26:11,58400.0,100.0,27200.0
607,2021-10-22 02:25:49,58300.0,400.0,27100.0
608,2021-10-22 02:25:49,58300.0,100.0,26700.0
609,2021-10-22 02:25:24,58300.0,400.0,26600.0
610,2021-10-22 02:25:20,58300.0,100.0,26200.0
611,2021-10-22 02:25:14,58300.0,500.0,26100.0
612,2021-10-22 02:25:14,58200.0,200.0,25600.0
613,2021-10-22 02:25:03,58200.0,400.0,25400.0
614,2021-10-22 02:24:47,58200.0,500.0,25000.0
615,2021-10-22 02:24:34,58200.0,800.0,24500.0
616,2021-10-22 02:24:12,58200.0,200.0,23700.0
617,2021-10-22 02:24:07,58300.0,200.0,23500.0
618,2021-10-22 02:23:22,58300.0,300.0,23300.0
619,2021-10-22 02:23:22,58300.0,500.0,23000.0
620,2021-10-22 02:23:21,58100.0,1000.0,22500.0
621,2021-10-22 02:23:21,58100.0,1000.0,21500.0
622,2021-10-22 02:23:21,58100.0,100.0,20500.0
623,2021-10-22 02:23:21,58100.0,200.0,20400.0
624,2021-10-22 02:23:21,58200.0,1000.0,20200.0
625,2021-10-22 02:23:21,58200.0,1200.0,19200.0
626,2021-10-22 02:23:21,58200.0,500.0,18000.0
627,2021-10-22 02:22:58,58300.0,1000.0,17500.0
628,2021-10-22 02:22:21,58300.0,1000.0,16500.0
629,2021-10-22 02:22:12,58400.0,1000.0,15500.0
630,2021-10-22 02:22:07,58500.0,1300.0,14500.0
631,2021-10-22 02:21:36,58500.0,300.0,13200.0
632,2021-10-22 02:21:30,58500.0,200.0,12900.0
633,2021-10-22 02:20:48,58500.0,800.0,12700.0
634,2021-10-22 02:20:48,58500.0,100.0,11900.0
635,2021-10-22 02:20:48,58500.0,100.0,11800.0
636,2021-10-22 02:20:35,58600.0,200.0,11700.0
637,2021-10-22 02:20:35,58600.0,800.0,11500.0
638,2021-10-22 02:20:32,58600.0,200.0,10700.0
639,2021-10-22 02:20:32,58600.0,200.0,10500.0
640,2021-10-22 02:20:32,58600.0,2000.0,10300.0
641,2021-10-22 02:20:32,58600.0,100.0,8300.0
642,2021-10-22 02:20:16,58700.0,100.0,8200.0
643,2021-10-22 02:20:16,58700.0,100.0,8100.0
644,2021-10-22 02:20:16,58700.0,900.0,8000.0
645,2021-10-22 02:19:48,58800.0,500.0,7100.0
646,2021-10-22 02:17:05,59000.0,100.0,6600.0
647,2021-10-22 02:16:30,59000.0,100.0,6500.0
648,2021-10-22 02:16:19,59000.0,100.0,6400.0
649,2021-10-22 02:15:36,59000.0,100.0,6300.0
650,2021-10-22 02:15:34,58600.0,900.0,6200.0
651,2021-10-22 02:15:34,58600.0,100.0,5300.0
652,2021-10-22 02:15:20,59000.0,500.0,5200.0
653,2021-10-22 02:15:20,59000.0,500.0,4700.0
654,2021-10-22 02:15:00,58600.0,100.0,4200.0
655,2021-10-22 02:15:00,58600.0,100.0,4100.0
656,2021-10-22 02:15:00,58600.0,500.0,4000.0
657,2021-10-22 02:15:00,58600.0,100.0,3500.0
658,2021-10-22 02:15:00,58600.0,1000.0,3400.0
659,2021-10-22 02:15:00,58600.0,200.0,2400.0
660,2021-10-22 02:15:00,58600.0,500.0,2200.0
661,2021-10-22 02:15:00,58600.0,400.0,1700.0
662,2021-10-22 02:15:00,58600.0,800.0,1300.0
663,2021-10-22 02:15:00,58600.0,500.0,500.0
