,Time,Price,Volume_per_trade,Volume
0,2021-10-07 07:45:01,19350.0,200.0,1160600.0
1,2021-10-07 07:45:01,19350.0,800.0,1160400.0
2,2021-10-07 07:45:01,19350.0,200.0,1159600.0
3,2021-10-07 07:45:01,19350.0,2500.0,1159400.0
4,2021-10-07 07:45:01,19350.0,1000.0,1156900.0
5,2021-10-07 07:45:01,19350.0,900.0,1155900.0
6,2021-10-07 07:45:01,19350.0,200.0,1155000.0
7,2021-10-07 07:45:01,19350.0,500.0,1154800.0
8,2021-10-07 07:45:01,19350.0,800.0,1154300.0
9,2021-10-07 07:45:01,19350.0,100.0,1153500.0
10,2021-10-07 07:45:01,19350.0,100.0,1153400.0
11,2021-10-07 07:45:01,19350.0,200.0,1153300.0
12,2021-10-07 07:45:01,19350.0,300.0,1153100.0
13,2021-10-07 07:45:01,19350.0,1000.0,1152800.0
14,2021-10-07 07:45:01,19350.0,100.0,1151800.0
15,2021-10-07 07:45:01,19350.0,4000.0,1151700.0
16,2021-10-07 07:45:01,19350.0,2000.0,1147700.0
17,2021-10-07 07:45:01,19350.0,200.0,1145700.0
18,2021-10-07 07:45:01,19350.0,5000.0,1145500.0
19,2021-10-07 07:45:01,19350.0,100.0,1140500.0
20,2021-10-07 07:45:01,19350.0,100.0,1140400.0
21,2021-10-07 07:45:01,19350.0,800.0,1140300.0
22,2021-10-07 07:45:01,19350.0,100.0,1139500.0
23,2021-10-07 07:45:01,19350.0,300.0,1139400.0
24,2021-10-07 07:29:59,19350.0,500.0,1139100.0
25,2021-10-07 07:29:57,19300.0,100.0,1138600.0
26,2021-10-07 07:29:38,19350.0,1300.0,1138500.0
27,2021-10-07 07:29:29,19350.0,300.0,1137200.0
28,2021-10-07 07:29:29,19350.0,200.0,1136900.0
29,2021-10-07 07:29:02,19300.0,500.0,1136700.0
30,2021-10-07 07:29:00,19400.0,8000.0,1136200.0
31,2021-10-07 07:29:00,19400.0,100.0,1128200.0
32,2021-10-07 07:29:00,19400.0,200.0,1128100.0
33,2021-10-07 07:29:00,19400.0,1000.0,1127900.0
34,2021-10-07 07:29:00,19400.0,500.0,1126900.0
35,2021-10-07 07:29:00,19400.0,500.0,1126400.0
36,2021-10-07 07:29:00,19400.0,2000.0,1125900.0
37,2021-10-07 07:29:00,19400.0,100.0,1123900.0
38,2021-10-07 07:29:00,19400.0,500.0,1123800.0
39,2021-10-07 07:29:00,19400.0,1000.0,1123300.0
40,2021-10-07 07:29:00,19400.0,1000.0,1122300.0
41,2021-10-07 07:29:00,19400.0,500.0,1121300.0
42,2021-10-07 07:29:00,19400.0,100.0,1120800.0
43,2021-10-07 07:29:00,19400.0,200.0,1120700.0
44,2021-10-07 07:29:00,19400.0,100.0,1120500.0
45,2021-10-07 07:29:00,19400.0,500.0,1120400.0
46,2021-10-07 07:29:00,19400.0,1000.0,1119900.0
47,2021-10-07 07:29:00,19400.0,15000.0,1118900.0
48,2021-10-07 07:29:00,19400.0,300.0,1103900.0
49,2021-10-07 07:29:00,19400.0,100.0,1103600.0
50,2021-10-07 07:29:00,19350.0,1000.0,1103500.0
51,2021-10-07 07:29:00,19350.0,1000.0,1102500.0
52,2021-10-07 07:29:00,19350.0,10000.0,1101500.0
53,2021-10-07 07:29:00,19350.0,2000.0,1091500.0
54,2021-10-07 07:29:00,19350.0,100.0,1089500.0
55,2021-10-07 07:29:00,19350.0,200.0,1089400.0
56,2021-10-07 07:29:00,19350.0,500.0,1089200.0
57,2021-10-07 07:29:00,19350.0,1000.0,1088700.0
58,2021-10-07 07:29:00,19350.0,1500.0,1087700.0
59,2021-10-07 07:28:47,19350.0,100.0,1086200.0
60,2021-10-07 07:28:34,19300.0,10000.0,1086100.0
61,2021-10-07 07:28:24,19300.0,1000.0,1076100.0
62,2021-10-07 07:28:17,19350.0,100.0,1075100.0
63,2021-10-07 07:28:15,19350.0,500.0,1075000.0
64,2021-10-07 07:28:03,19350.0,500.0,1074500.0
65,2021-10-07 07:27:49,19350.0,3000.0,1074000.0
66,2021-10-07 07:27:49,19350.0,1000.0,1071000.0
67,2021-10-07 07:27:48,19350.0,200.0,1070000.0
68,2021-10-07 07:27:36,19350.0,1100.0,1069800.0
69,2021-10-07 07:27:36,19350.0,100.0,1068700.0
70,2021-10-07 07:27:36,19350.0,100.0,1068600.0
71,2021-10-07 07:27:36,19350.0,500.0,1068500.0
72,2021-10-07 07:27:36,19350.0,200.0,1068000.0
73,2021-10-07 07:27:31,19350.0,200.0,1067800.0
74,2021-10-07 07:27:31,19350.0,400.0,1067600.0
75,2021-10-07 07:27:21,19350.0,200.0,1067200.0
76,2021-10-07 07:27:20,19350.0,500.0,1067000.0
77,2021-10-07 07:27:11,19350.0,100.0,1066500.0
78,2021-10-07 07:26:48,19350.0,3000.0,1066400.0
79,2021-10-07 07:26:39,19350.0,2000.0,1063400.0
80,2021-10-07 07:26:33,19350.0,300.0,1061400.0
81,2021-10-07 07:26:26,19350.0,1000.0,1061100.0
82,2021-10-07 07:26:06,19350.0,100.0,1060100.0
83,2021-10-07 07:25:58,19350.0,1000.0,1060000.0
84,2021-10-07 07:25:52,19350.0,100.0,1059000.0
85,2021-10-07 07:25:29,19350.0,2000.0,1058900.0
86,2021-10-07 07:24:50,19350.0,800.0,1056900.0
87,2021-10-07 07:24:36,19350.0,100.0,1056100.0
88,2021-10-07 07:24:33,19350.0,200.0,1056000.0
89,2021-10-07 07:24:21,19350.0,200.0,1055800.0
90,2021-10-07 07:24:12,19350.0,1200.0,1055600.0
91,2021-10-07 07:23:28,19350.0,200.0,1054400.0
92,2021-10-07 07:23:13,19350.0,200.0,1054200.0
93,2021-10-07 07:23:10,19350.0,1400.0,1054000.0
94,2021-10-07 07:23:04,19350.0,1000.0,1052600.0
95,2021-10-07 07:23:03,19350.0,200.0,1051600.0
96,2021-10-07 07:23:03,19350.0,19000.0,1051400.0
97,2021-10-07 07:22:49,19350.0,100.0,1032400.0
98,2021-10-07 07:22:49,19350.0,100.0,1032300.0
99,2021-10-07 07:22:49,19350.0,1000.0,1032200.0
100,2021-10-07 07:22:49,19350.0,9800.0,1031200.0
101,2021-10-07 07:22:33,19350.0,200.0,1021400.0
102,2021-10-07 07:22:33,19350.0,200.0,1021200.0
103,2021-10-07 07:22:33,19350.0,300.0,1021000.0
104,2021-10-07 07:22:33,19350.0,200.0,1020700.0
105,2021-10-07 07:21:54,19350.0,200.0,1020500.0
106,2021-10-07 07:21:40,19350.0,100.0,1020300.0
107,2021-10-07 07:21:40,19350.0,300.0,1020200.0
108,2021-10-07 07:21:40,19350.0,600.0,1019900.0
109,2021-10-07 07:21:39,19350.0,400.0,1019300.0
110,2021-10-07 07:21:39,19350.0,1600.0,1018900.0
111,2021-10-07 07:21:18,19350.0,1000.0,1017300.0
112,2021-10-07 07:21:16,19350.0,200.0,1016300.0
113,2021-10-07 07:21:15,19350.0,600.0,1016100.0
114,2021-10-07 07:20:36,19350.0,500.0,1015500.0
115,2021-10-07 07:20:27,19300.0,600.0,1015000.0
116,2021-10-07 07:20:18,19350.0,100.0,1014400.0
117,2021-10-07 07:19:51,19300.0,800.0,1014300.0
118,2021-10-07 07:19:46,19350.0,200.0,1013500.0
119,2021-10-07 07:19:41,19350.0,500.0,1013300.0
120,2021-10-07 07:19:35,19350.0,1000.0,1012800.0
121,2021-10-07 07:19:21,19350.0,1000.0,1011800.0
122,2021-10-07 07:19:13,19350.0,200.0,1010800.0
123,2021-10-07 07:19:09,19350.0,300.0,1010600.0
124,2021-10-07 07:19:03,19350.0,100.0,1010300.0
125,2021-10-07 07:18:46,19350.0,100.0,1010200.0
126,2021-10-07 07:18:42,19350.0,500.0,1010100.0
127,2021-10-07 07:18:36,19350.0,2000.0,1009600.0
128,2021-10-07 07:18:26,19300.0,100.0,1007600.0
129,2021-10-07 07:18:25,19350.0,100.0,1007500.0
130,2021-10-07 07:18:25,19350.0,300.0,1007400.0
131,2021-10-07 07:18:16,19350.0,200.0,1007100.0
132,2021-10-07 07:18:14,19350.0,500.0,1006900.0
133,2021-10-07 07:18:14,19350.0,1000.0,1006400.0
134,2021-10-07 07:18:14,19350.0,500.0,1005400.0
135,2021-10-07 07:18:13,19350.0,1000.0,1004900.0
136,2021-10-07 07:18:11,19350.0,200.0,1003900.0
137,2021-10-07 07:18:05,19350.0,1000.0,1003700.0
138,2021-10-07 07:17:46,19350.0,600.0,1002700.0
139,2021-10-07 07:17:45,19350.0,200.0,1002100.0
140,2021-10-07 07:17:41,19350.0,1500.0,1001900.0
141,2021-10-07 07:17:41,19350.0,1000.0,1000400.0
142,2021-10-07 07:17:41,19350.0,100.0,999400.0
143,2021-10-07 07:17:41,19350.0,100.0,999300.0
144,2021-10-07 07:17:41,19350.0,1000.0,999200.0
145,2021-10-07 07:17:41,19350.0,1300.0,998200.0
146,2021-10-07 07:17:41,19350.0,100.0,996900.0
147,2021-10-07 07:17:40,19350.0,100.0,996800.0
148,2021-10-07 07:17:09,19350.0,200.0,996700.0
149,2021-10-07 07:17:07,19350.0,500.0,996500.0
150,2021-10-07 07:17:03,19300.0,200.0,996000.0
151,2021-10-07 07:16:37,19350.0,2000.0,995800.0
152,2021-10-07 07:16:36,19350.0,300.0,993800.0
153,2021-10-07 07:16:33,19350.0,2000.0,993500.0
154,2021-10-07 07:16:25,19350.0,500.0,991500.0
155,2021-10-07 07:16:15,19350.0,3800.0,991000.0
156,2021-10-07 07:16:05,19350.0,6600.0,987200.0
157,2021-10-07 07:16:05,19350.0,7100.0,980600.0
158,2021-10-07 07:16:03,19350.0,800.0,973500.0
159,2021-10-07 07:15:54,19350.0,500.0,972700.0
160,2021-10-07 07:15:30,19350.0,1600.0,972200.0
161,2021-10-07 07:15:16,19350.0,200.0,970600.0
162,2021-10-07 07:15:16,19350.0,1000.0,970400.0
163,2021-10-07 07:15:16,19350.0,5000.0,969400.0
164,2021-10-07 07:15:16,19350.0,100.0,964400.0
165,2021-10-07 07:15:16,19350.0,2000.0,964300.0
166,2021-10-07 07:15:16,19350.0,100.0,962300.0
167,2021-10-07 07:15:16,19350.0,5000.0,962200.0
168,2021-10-07 07:15:12,19350.0,1000.0,957200.0
169,2021-10-07 07:15:10,19350.0,800.0,956200.0
170,2021-10-07 07:15:07,19350.0,3200.0,955400.0
171,2021-10-07 07:15:07,19350.0,300.0,952200.0
172,2021-10-07 07:14:29,19350.0,100.0,951900.0
173,2021-10-07 07:14:18,19350.0,400.0,951800.0
174,2021-10-07 07:13:53,19350.0,100.0,951400.0
175,2021-10-07 07:13:02,19350.0,200.0,951300.0
176,2021-10-07 07:13:00,19350.0,100.0,951100.0
177,2021-10-07 07:13:00,19400.0,900.0,951000.0
178,2021-10-07 07:13:00,19400.0,2000.0,950100.0
179,2021-10-07 07:13:00,19400.0,100.0,948100.0
180,2021-10-07 07:13:00,19400.0,1000.0,948000.0
181,2021-10-07 07:13:00,19400.0,100.0,947000.0
182,2021-10-07 07:13:00,19400.0,1500.0,946900.0
183,2021-10-07 07:13:00,19400.0,4400.0,945400.0
184,2021-10-07 07:13:00,19350.0,900.0,941000.0
185,2021-10-07 07:13:00,19350.0,100.0,940100.0
186,2021-10-07 07:13:00,19350.0,4000.0,940000.0
187,2021-10-07 07:12:52,19350.0,1400.0,936000.0
188,2021-10-07 07:12:50,19350.0,200.0,934600.0
189,2021-10-07 07:12:36,19350.0,1000.0,934400.0
190,2021-10-07 07:12:36,19350.0,500.0,933400.0
191,2021-10-07 07:12:36,19350.0,100.0,932900.0
192,2021-10-07 07:12:36,19350.0,500.0,932800.0
193,2021-10-07 07:12:36,19350.0,300.0,932300.0
194,2021-10-07 07:12:21,19350.0,100.0,932000.0
195,2021-10-07 07:11:43,19300.0,200.0,931900.0
196,2021-10-07 07:11:26,19300.0,600.0,931700.0
197,2021-10-07 07:10:35,19300.0,3100.0,931100.0
198,2021-10-07 07:10:04,19300.0,200.0,928000.0
199,2021-10-07 07:09:47,19300.0,500.0,927800.0
200,2021-10-07 07:09:39,19300.0,100.0,927300.0
201,2021-10-07 07:09:37,19350.0,100.0,927200.0
202,2021-10-07 07:09:29,19350.0,500.0,927100.0
203,2021-10-07 07:09:25,19350.0,100.0,926600.0
204,2021-10-07 07:09:15,19350.0,1000.0,926500.0
205,2021-10-07 07:09:07,19350.0,500.0,925500.0
206,2021-10-07 07:09:07,19350.0,200.0,925000.0
207,2021-10-07 07:09:07,19350.0,1000.0,924800.0
208,2021-10-07 07:09:07,19350.0,100.0,923800.0
209,2021-10-07 07:09:07,19350.0,100.0,923700.0
210,2021-10-07 07:09:07,19350.0,500.0,923600.0
211,2021-10-07 07:09:07,19350.0,500.0,923100.0
212,2021-10-07 07:09:07,19350.0,5000.0,922600.0
213,2021-10-07 07:09:05,19350.0,500.0,917600.0
214,2021-10-07 07:08:40,19350.0,200.0,917100.0
215,2021-10-07 07:08:39,19400.0,200.0,916900.0
216,2021-10-07 07:08:37,19350.0,600.0,916700.0
217,2021-10-07 07:08:17,19350.0,100.0,916100.0
218,2021-10-07 07:07:58,19400.0,400.0,916000.0
219,2021-10-07 07:07:58,19400.0,100.0,915600.0
220,2021-10-07 07:07:53,19350.0,100.0,915500.0
221,2021-10-07 07:07:42,19400.0,1000.0,915400.0
222,2021-10-07 07:07:36,19350.0,100.0,914400.0
223,2021-10-07 07:07:36,19350.0,600.0,914300.0
224,2021-10-07 07:07:36,19350.0,1000.0,913700.0
225,2021-10-07 07:07:36,19350.0,200.0,912700.0
226,2021-10-07 07:07:26,19350.0,100.0,912500.0
227,2021-10-07 07:07:19,19300.0,100.0,912400.0
228,2021-10-07 07:07:05,19350.0,1000.0,912300.0
229,2021-10-07 07:07:05,19350.0,5000.0,911300.0
230,2021-10-07 07:07:05,19350.0,1000.0,906300.0
231,2021-10-07 07:06:42,19350.0,2000.0,905300.0
232,2021-10-07 07:06:39,19300.0,1000.0,903300.0
233,2021-10-07 07:06:26,19300.0,100.0,902300.0
234,2021-10-07 07:06:26,19300.0,300.0,902200.0
235,2021-10-07 07:06:26,19300.0,5000.0,901900.0
236,2021-10-07 07:06:26,19300.0,100.0,896900.0
237,2021-10-07 07:06:26,19300.0,100.0,896800.0
238,2021-10-07 07:06:26,19300.0,100.0,896700.0
239,2021-10-07 07:06:26,19300.0,1000.0,896600.0
240,2021-10-07 07:06:26,19300.0,300.0,895600.0
241,2021-10-07 07:06:23,19300.0,200.0,895300.0
242,2021-10-07 07:06:23,19300.0,200.0,895100.0
243,2021-10-07 07:06:23,19300.0,100.0,894900.0
244,2021-10-07 07:06:09,19300.0,200.0,894800.0
245,2021-10-07 07:06:05,19300.0,1000.0,894600.0
246,2021-10-07 07:05:58,19300.0,700.0,893600.0
247,2021-10-07 07:05:58,19300.0,1000.0,892900.0
248,2021-10-07 07:05:58,19300.0,300.0,891900.0
249,2021-10-07 07:05:55,19300.0,100.0,891600.0
250,2021-10-07 07:05:27,19300.0,300.0,891500.0
251,2021-10-07 07:05:16,19300.0,14300.0,891200.0
252,2021-10-07 07:05:16,19300.0,4000.0,876900.0
253,2021-10-07 07:05:16,19300.0,1500.0,872900.0
254,2021-10-07 07:05:16,19300.0,200.0,871400.0
255,2021-10-07 07:05:12,19250.0,1600.0,871200.0
256,2021-10-07 07:05:12,19250.0,500.0,869600.0
257,2021-10-07 07:05:12,19250.0,1000.0,869100.0
258,2021-10-07 07:05:12,19250.0,6900.0,868100.0
259,2021-10-07 07:04:55,19250.0,1500.0,861200.0
260,2021-10-07 07:04:25,19250.0,500.0,859700.0
261,2021-10-07 07:04:22,19250.0,1100.0,859200.0
262,2021-10-07 07:04:22,19250.0,1000.0,858100.0
263,2021-10-07 07:04:22,19250.0,2900.0,857100.0
264,2021-10-07 07:04:03,19250.0,100.0,854200.0
265,2021-10-07 07:03:57,19250.0,1000.0,854100.0
266,2021-10-07 07:03:51,19250.0,100.0,853100.0
267,2021-10-07 07:03:45,19250.0,300.0,853000.0
268,2021-10-07 07:03:45,19250.0,600.0,852700.0
269,2021-10-07 07:03:33,19250.0,900.0,852100.0
270,2021-10-07 07:03:29,19200.0,600.0,851200.0
271,2021-10-07 07:03:29,19200.0,19400.0,850600.0
272,2021-10-07 07:03:20,19250.0,500.0,831200.0
273,2021-10-07 07:03:14,19250.0,300.0,830700.0
274,2021-10-07 07:03:14,19250.0,100.0,830400.0
275,2021-10-07 07:03:14,19250.0,500.0,830300.0
276,2021-10-07 07:03:14,19250.0,1100.0,829800.0
277,2021-10-07 07:03:13,19300.0,1800.0,828700.0
278,2021-10-07 07:03:13,19300.0,1200.0,826900.0
279,2021-10-07 07:03:11,19250.0,2000.0,825700.0
280,2021-10-07 07:03:00,19250.0,1000.0,823700.0
281,2021-10-07 07:02:30,19300.0,500.0,822700.0
282,2021-10-07 07:02:25,19300.0,400.0,822200.0
283,2021-10-07 07:02:21,19300.0,1100.0,821800.0
284,2021-10-07 07:02:18,19300.0,1700.0,820700.0
285,2021-10-07 07:02:08,19300.0,500.0,819000.0
286,2021-10-07 07:02:06,19300.0,500.0,818500.0
287,2021-10-07 07:02:06,19300.0,1000.0,818000.0
288,2021-10-07 07:02:06,19300.0,1000.0,817000.0
289,2021-10-07 07:02:06,19300.0,100.0,816000.0
290,2021-10-07 07:02:06,19300.0,1000.0,815900.0
291,2021-10-07 07:02:06,19300.0,200.0,814900.0
292,2021-10-07 07:01:51,19300.0,200.0,814700.0
293,2021-10-07 07:01:51,19300.0,1800.0,814500.0
294,2021-10-07 07:01:28,19300.0,2000.0,812700.0
295,2021-10-07 07:01:17,19300.0,1200.0,810700.0
296,2021-10-07 07:01:17,19300.0,1000.0,809500.0
297,2021-10-07 07:00:48,19300.0,1000.0,808500.0
298,2021-10-07 07:00:44,19350.0,4100.0,807500.0
299,2021-10-07 07:00:44,19350.0,100.0,803400.0
300,2021-10-07 07:00:44,19300.0,800.0,803300.0
301,2021-10-07 07:00:39,19300.0,100.0,802500.0
302,2021-10-07 07:00:20,19300.0,400.0,802400.0
303,2021-10-07 07:00:16,19400.0,8900.0,802000.0
304,2021-10-07 07:00:16,19400.0,100.0,793100.0
305,2021-10-07 07:00:15,19300.0,100.0,793000.0
306,2021-10-07 06:59:55,19400.0,5000.0,792900.0
307,2021-10-07 06:59:55,19400.0,500.0,787900.0
308,2021-10-07 06:59:48,19400.0,700.0,787400.0
309,2021-10-07 06:59:40,19400.0,1000.0,786700.0
310,2021-10-07 06:59:31,19400.0,2800.0,785700.0
311,2021-10-07 06:59:27,19400.0,200.0,782900.0
312,2021-10-07 06:59:27,19400.0,2000.0,782700.0
313,2021-10-07 06:59:20,19450.0,1000.0,780700.0
314,2021-10-07 06:59:10,19500.0,300.0,779700.0
315,2021-10-07 06:59:10,19450.0,100.0,779400.0
316,2021-10-07 06:59:10,19450.0,300.0,779300.0
317,2021-10-07 06:59:10,19400.0,4300.0,779000.0
318,2021-10-07 06:59:07,19400.0,500.0,774700.0
319,2021-10-07 06:59:07,19400.0,200.0,774200.0
320,2021-10-07 06:58:55,19500.0,500.0,774000.0
321,2021-10-07 06:58:55,19500.0,1000.0,773500.0
322,2021-10-07 06:58:55,19500.0,1500.0,772500.0
323,2021-10-07 06:58:55,19500.0,100.0,771000.0
324,2021-10-07 06:58:55,19500.0,600.0,770900.0
325,2021-10-07 06:58:55,19500.0,200.0,770300.0
326,2021-10-07 06:58:55,19500.0,100.0,770100.0
327,2021-10-07 06:58:55,19500.0,1000.0,770000.0
328,2021-10-07 06:58:53,19500.0,1000.0,769000.0
329,2021-10-07 06:58:53,19500.0,5000.0,768000.0
330,2021-10-07 06:58:41,19400.0,900.0,763000.0
331,2021-10-07 06:58:41,19400.0,100.0,762100.0
332,2021-10-07 06:58:35,19350.0,3000.0,762000.0
333,2021-10-07 06:58:35,19300.0,500.0,759000.0
334,2021-10-07 06:58:35,19300.0,300.0,758500.0
335,2021-10-07 06:58:35,19300.0,100.0,758200.0
336,2021-10-07 06:58:35,19300.0,1000.0,758100.0
337,2021-10-07 06:58:31,19250.0,2500.0,757100.0
338,2021-10-07 06:58:27,19250.0,800.0,754600.0
339,2021-10-07 06:58:27,19250.0,200.0,753800.0
340,2021-10-07 06:58:27,19250.0,1300.0,753600.0
341,2021-10-07 06:58:25,19250.0,500.0,752300.0
342,2021-10-07 06:58:22,19250.0,1000.0,751800.0
343,2021-10-07 06:58:19,19250.0,200.0,750800.0
344,2021-10-07 06:58:19,19250.0,1000.0,750600.0
345,2021-10-07 06:58:19,19250.0,100.0,749600.0
346,2021-10-07 06:58:19,19200.0,200.0,749500.0
347,2021-10-07 06:58:19,19200.0,700.0,749300.0
348,2021-10-07 06:58:19,19200.0,500.0,748600.0
349,2021-10-07 06:58:19,19200.0,5000.0,748100.0
350,2021-10-07 06:58:19,19200.0,800.0,743100.0
351,2021-10-07 06:58:19,19200.0,500.0,742300.0
352,2021-10-07 06:58:19,19200.0,600.0,741800.0
353,2021-10-07 06:58:19,19200.0,16000.0,741200.0
354,2021-10-07 06:58:19,19200.0,200.0,725200.0
355,2021-10-07 06:58:19,19200.0,1200.0,725000.0
356,2021-10-07 06:58:19,19200.0,1800.0,723800.0
357,2021-10-07 06:58:19,19200.0,200.0,722000.0
358,2021-10-07 06:58:19,19200.0,1000.0,721800.0
359,2021-10-07 06:58:19,19200.0,5000.0,720800.0
360,2021-10-07 06:58:19,19200.0,6900.0,715800.0
361,2021-10-07 06:58:18,19200.0,1100.0,708900.0
362,2021-10-07 06:58:17,19200.0,2000.0,707800.0
363,2021-10-07 06:58:13,19200.0,500.0,705800.0
364,2021-10-07 06:58:13,19200.0,100.0,705300.0
365,2021-10-07 06:58:13,19200.0,100.0,705200.0
366,2021-10-07 06:58:13,19200.0,100.0,705100.0
367,2021-10-07 06:58:13,19200.0,300.0,705000.0
368,2021-10-07 06:58:13,19200.0,1900.0,704700.0
369,2021-10-07 06:58:12,19200.0,100.0,702800.0
370,2021-10-07 06:58:12,19200.0,100.0,702700.0
371,2021-10-07 06:58:11,19200.0,900.0,702600.0
372,2021-10-07 06:58:11,19200.0,300.0,701700.0
373,2021-10-07 06:58:11,19200.0,2000.0,701400.0
374,2021-10-07 06:58:11,19200.0,1600.0,699400.0
375,2021-10-07 06:58:10,19200.0,2300.0,697800.0
376,2021-10-07 06:58:10,19200.0,400.0,695500.0
377,2021-10-07 06:58:10,19200.0,2300.0,695100.0
378,2021-10-07 06:58:03,19200.0,700.0,692800.0
379,2021-10-07 06:58:03,19200.0,100.0,692100.0
380,2021-10-07 06:58:03,19200.0,100.0,692000.0
381,2021-10-07 06:58:03,19150.0,100.0,691900.0
382,2021-10-07 06:57:52,19100.0,200.0,691800.0
383,2021-10-07 06:57:52,19100.0,300.0,691600.0
384,2021-10-07 06:57:52,19100.0,1000.0,691300.0
385,2021-10-07 06:57:52,19100.0,1000.0,690300.0
386,2021-10-07 06:57:51,19100.0,500.0,689300.0
387,2021-10-07 06:57:50,19100.0,1700.0,688800.0
388,2021-10-07 06:57:50,19100.0,1000.0,687100.0
389,2021-10-07 06:57:50,19100.0,1000.0,686100.0
390,2021-10-07 06:57:50,19100.0,300.0,685100.0
391,2021-10-07 06:57:45,19100.0,5000.0,684800.0
392,2021-10-07 06:57:36,19050.0,1000.0,679800.0
393,2021-10-07 06:57:30,19050.0,300.0,678800.0
394,2021-10-07 06:57:25,19050.0,400.0,678500.0
395,2021-10-07 06:57:25,19050.0,500.0,678100.0
396,2021-10-07 06:57:25,19050.0,800.0,677600.0
397,2021-10-07 06:57:25,19000.0,300.0,676800.0
398,2021-10-07 06:57:17,19050.0,900.0,676500.0
399,2021-10-07 06:57:17,19050.0,100.0,675600.0
400,2021-10-07 06:57:04,19000.0,4500.0,675500.0
401,2021-10-07 06:57:03,19000.0,500.0,671000.0
402,2021-10-07 06:56:59,19000.0,1000.0,670500.0
403,2021-10-07 06:56:45,19000.0,600.0,669500.0
404,2021-10-07 06:56:45,19000.0,200.0,668900.0
405,2021-10-07 06:56:45,19000.0,10000.0,668700.0
406,2021-10-07 06:56:45,19000.0,800.0,658700.0
407,2021-10-07 06:56:45,19000.0,500.0,657900.0
408,2021-10-07 06:56:45,19000.0,500.0,657400.0
409,2021-10-07 06:56:45,19000.0,1200.0,656900.0
410,2021-10-07 06:56:45,19000.0,1000.0,655700.0
411,2021-10-07 06:56:45,19000.0,100.0,654700.0
412,2021-10-07 06:56:45,19000.0,1000.0,654600.0
413,2021-10-07 06:56:45,19000.0,100.0,653600.0
414,2021-10-07 06:56:45,19000.0,500.0,653500.0
415,2021-10-07 06:56:45,19000.0,400.0,653000.0
416,2021-10-07 06:56:45,19000.0,100.0,652600.0
417,2021-10-07 06:56:45,19000.0,15000.0,652500.0
418,2021-10-07 06:56:45,19000.0,400.0,637500.0
419,2021-10-07 06:56:45,19000.0,300.0,637100.0
420,2021-10-07 06:56:45,19000.0,200.0,636800.0
421,2021-10-07 06:56:45,19000.0,200.0,636600.0
422,2021-10-07 06:56:45,19000.0,3000.0,636400.0
423,2021-10-07 06:56:45,19000.0,4800.0,633400.0
424,2021-10-07 06:56:45,19000.0,5000.0,628600.0
425,2021-10-07 06:56:45,19000.0,200.0,623600.0
426,2021-10-07 06:56:45,19000.0,1000.0,623400.0
427,2021-10-07 06:56:45,19000.0,3000.0,622400.0
428,2021-10-07 06:56:45,19000.0,200.0,619400.0
429,2021-10-07 06:56:45,19000.0,100.0,619200.0
430,2021-10-07 06:56:45,19000.0,1000.0,619100.0
431,2021-10-07 06:56:45,19000.0,500.0,618100.0
432,2021-10-07 06:56:45,19000.0,100.0,617600.0
433,2021-10-07 06:56:45,19000.0,1700.0,617500.0
434,2021-10-07 06:56:45,19000.0,100.0,615800.0
435,2021-10-07 06:56:45,19000.0,2000.0,615700.0
436,2021-10-07 06:56:45,19000.0,200.0,613700.0
437,2021-10-07 06:55:50,18950.0,500.0,613500.0
438,2021-10-07 06:55:50,18950.0,500.0,613000.0
439,2021-10-07 06:55:33,18950.0,400.0,612500.0
440,2021-10-07 06:55:27,18950.0,2100.0,612100.0
441,2021-10-07 06:55:27,18950.0,200.0,610000.0
442,2021-10-07 06:55:27,18950.0,500.0,609800.0
443,2021-10-07 06:55:27,18950.0,200.0,609300.0
444,2021-10-07 06:55:27,18950.0,1000.0,609100.0
445,2021-10-07 06:55:27,18950.0,400.0,608100.0
446,2021-10-07 06:55:27,18950.0,1500.0,607700.0
447,2021-10-07 06:55:27,18950.0,1000.0,606200.0
448,2021-10-07 06:55:27,18950.0,700.0,605200.0
449,2021-10-07 06:55:22,18900.0,100.0,604500.0
450,2021-10-07 06:55:03,18900.0,200.0,604400.0
451,2021-10-07 06:55:03,18900.0,100.0,604200.0
452,2021-10-07 06:54:59,18900.0,400.0,604100.0
453,2021-10-07 06:54:59,18900.0,2100.0,603700.0
454,2021-10-07 06:54:56,18900.0,100.0,601600.0
455,2021-10-07 06:54:46,18900.0,1000.0,601500.0
456,2021-10-07 06:54:44,18900.0,3900.0,600500.0
457,2021-10-07 06:54:44,18900.0,600.0,596600.0
458,2021-10-07 06:54:44,18900.0,3400.0,596000.0
459,2021-10-07 06:54:44,18900.0,100.0,592600.0
460,2021-10-07 06:54:32,18900.0,4000.0,592500.0
461,2021-10-07 06:54:18,18900.0,900.0,588500.0
462,2021-10-07 06:54:18,18900.0,100.0,587600.0
463,2021-10-07 06:53:52,18850.0,2500.0,587500.0
464,2021-10-07 06:53:52,18850.0,1000.0,585000.0
465,2021-10-07 06:53:52,18850.0,700.0,584000.0
466,2021-10-07 06:53:52,18850.0,1000.0,583300.0
467,2021-10-07 06:53:52,18850.0,600.0,582300.0
468,2021-10-07 06:53:52,18850.0,300.0,581700.0
469,2021-10-07 06:53:52,18850.0,2000.0,581400.0
470,2021-10-07 06:53:52,18850.0,2000.0,579400.0
471,2021-10-07 06:53:52,18850.0,70900.0,577400.0
472,2021-10-07 06:53:41,18800.0,1000.0,506500.0
473,2021-10-07 06:53:07,18800.0,1000.0,505500.0
474,2021-10-07 06:53:07,18800.0,6400.0,504500.0
475,2021-10-07 06:53:07,18800.0,100.0,498100.0
476,2021-10-07 06:53:07,18800.0,26700.0,498000.0
477,2021-10-07 06:52:04,18800.0,2900.0,471300.0
478,2021-10-07 06:51:04,18800.0,200.0,468400.0
479,2021-10-07 06:49:54,18800.0,200.0,468200.0
480,2021-10-07 06:49:49,18750.0,100.0,468000.0
481,2021-10-07 06:49:49,18750.0,100.0,467900.0
482,2021-10-07 06:49:49,18750.0,500.0,467800.0
483,2021-10-07 06:49:49,18750.0,200.0,467300.0
484,2021-10-07 06:49:49,18750.0,100.0,467100.0
485,2021-10-07 06:49:49,18750.0,100.0,467000.0
486,2021-10-07 06:49:49,18750.0,200.0,466900.0
487,2021-10-07 06:49:49,18750.0,100.0,466700.0
488,2021-10-07 06:49:49,18750.0,600.0,466600.0
489,2021-10-07 06:48:22,18800.0,500.0,466000.0
490,2021-10-07 06:48:03,18800.0,500.0,465500.0
491,2021-10-07 06:48:03,18800.0,2000.0,465000.0
492,2021-10-07 06:48:03,18800.0,500.0,463000.0
493,2021-10-07 06:48:03,18800.0,1100.0,462500.0
494,2021-10-07 06:47:29,18800.0,1500.0,461400.0
495,2021-10-07 06:47:26,18800.0,200.0,459900.0
496,2021-10-07 06:47:26,18800.0,200.0,459700.0
497,2021-10-07 06:47:04,18800.0,200.0,459500.0
498,2021-10-07 06:47:02,18750.0,500.0,459300.0
499,2021-10-07 06:46:44,18800.0,400.0,458800.0
500,2021-10-07 06:46:39,18750.0,900.0,458400.0
501,2021-10-07 06:46:39,18750.0,1000.0,457500.0
502,2021-10-07 06:46:39,18750.0,200.0,456500.0
503,2021-10-07 06:46:39,18750.0,500.0,456300.0
504,2021-10-07 06:46:39,18750.0,500.0,455800.0
505,2021-10-07 06:46:26,18800.0,1200.0,455300.0
506,2021-10-07 06:46:26,18800.0,900.0,454100.0
507,2021-10-07 06:46:26,18800.0,300.0,453200.0
508,2021-10-07 06:46:26,18800.0,600.0,452900.0
509,2021-10-07 06:46:26,18800.0,1300.0,452300.0
510,2021-10-07 06:46:26,18800.0,300.0,451000.0
511,2021-10-07 06:46:26,18800.0,5400.0,450700.0
512,2021-10-07 06:46:08,18800.0,2000.0,445300.0
513,2021-10-07 06:46:06,18800.0,100.0,443300.0
514,2021-10-07 06:45:41,18800.0,2000.0,443200.0
515,2021-10-07 06:44:54,18800.0,200.0,441200.0
516,2021-10-07 06:44:21,18750.0,400.0,441000.0
517,2021-10-07 06:43:37,18800.0,300.0,440600.0
518,2021-10-07 06:43:04,18800.0,200.0,440300.0
519,2021-10-07 06:42:35,18800.0,1500.0,440100.0
520,2021-10-07 06:42:33,18800.0,100.0,438600.0
521,2021-10-07 06:42:31,18800.0,200.0,438500.0
522,2021-10-07 06:42:23,18800.0,500.0,438300.0
523,2021-10-07 06:40:32,18800.0,500.0,437800.0
524,2021-10-07 06:40:04,18800.0,200.0,437300.0
525,2021-10-07 06:39:10,18800.0,1000.0,437100.0
526,2021-10-07 06:39:00,18750.0,400.0,436100.0
527,2021-10-07 06:37:31,18750.0,700.0,435700.0
528,2021-10-07 06:37:31,18750.0,1000.0,435000.0
529,2021-10-07 06:36:14,18800.0,800.0,434000.0
530,2021-10-07 06:35:35,18800.0,100.0,433200.0
531,2021-10-07 06:33:58,18800.0,400.0,433100.0
532,2021-10-07 06:33:55,18800.0,4500.0,432700.0
533,2021-10-07 06:33:55,18800.0,500.0,428200.0
534,2021-10-07 06:33:31,18800.0,100.0,427700.0
535,2021-10-07 06:33:25,18800.0,100.0,427600.0
536,2021-10-07 06:33:25,18800.0,500.0,427500.0
537,2021-10-07 06:33:25,18800.0,1300.0,427000.0
538,2021-10-07 06:32:10,18800.0,200.0,425700.0
539,2021-10-07 06:31:53,18800.0,200.0,425500.0
540,2021-10-07 06:31:32,18800.0,800.0,425300.0
541,2021-10-07 06:31:32,18800.0,3200.0,424500.0
542,2021-10-07 06:31:15,18800.0,1000.0,421300.0
543,2021-10-07 06:31:15,18800.0,300.0,420300.0
544,2021-10-07 06:31:15,18800.0,500.0,420000.0
545,2021-10-07 06:29:41,18800.0,400.0,419500.0
546,2021-10-07 06:29:05,18800.0,100.0,419100.0
547,2021-10-07 06:28:45,18800.0,200.0,419000.0
548,2021-10-07 06:28:23,18800.0,2700.0,418800.0
549,2021-10-07 06:28:12,18800.0,100.0,416100.0
550,2021-10-07 06:28:12,18800.0,300.0,416000.0
551,2021-10-07 06:27:38,18800.0,300.0,415700.0
552,2021-10-07 06:27:38,18800.0,1000.0,415400.0
553,2021-10-07 06:27:38,18800.0,500.0,414400.0
554,2021-10-07 06:27:38,18800.0,100.0,413900.0
555,2021-10-07 06:27:38,18800.0,200.0,413800.0
556,2021-10-07 06:27:38,18800.0,300.0,413600.0
557,2021-10-07 06:27:38,18800.0,14000.0,413300.0
558,2021-10-07 06:27:38,18800.0,1000.0,399300.0
559,2021-10-07 06:27:38,18800.0,700.0,398300.0
560,2021-10-07 06:27:38,18800.0,200.0,397600.0
561,2021-10-07 06:27:38,18800.0,200.0,397400.0
562,2021-10-07 06:27:38,18800.0,1200.0,397200.0
563,2021-10-07 06:27:00,18800.0,300.0,396000.0
564,2021-10-07 06:26:18,18800.0,100.0,395700.0
565,2021-10-07 06:26:18,18800.0,500.0,395600.0
566,2021-10-07 06:26:18,18800.0,400.0,395100.0
567,2021-10-07 06:26:12,18800.0,200.0,394700.0
568,2021-10-07 06:26:08,18850.0,500.0,394500.0
569,2021-10-07 06:25:30,18850.0,10000.0,394000.0
570,2021-10-07 06:25:09,18850.0,5000.0,384000.0
571,2021-10-07 06:24:22,18800.0,700.0,379000.0
572,2021-10-07 06:24:15,18800.0,300.0,378300.0
573,2021-10-07 06:24:15,18800.0,200.0,378000.0
574,2021-10-07 06:23:41,18800.0,100.0,377800.0
575,2021-10-07 06:23:41,18800.0,400.0,377700.0
576,2021-10-07 06:23:15,18850.0,600.0,377300.0
577,2021-10-07 06:22:29,18850.0,1600.0,376700.0
578,2021-10-07 06:21:12,18850.0,1500.0,375100.0
579,2021-10-07 06:21:05,18800.0,300.0,373600.0
580,2021-10-07 06:21:05,18800.0,1000.0,373300.0
581,2021-10-07 06:21:05,18800.0,300.0,372300.0
582,2021-10-07 06:20:59,18800.0,500.0,372000.0
583,2021-10-07 06:20:56,18800.0,300.0,371500.0
584,2021-10-07 06:20:56,18800.0,1300.0,371200.0
585,2021-10-07 06:20:47,18800.0,300.0,369900.0
586,2021-10-07 06:20:34,18800.0,400.0,369600.0
587,2021-10-07 06:20:34,18800.0,1500.0,369200.0
588,2021-10-07 06:20:34,18800.0,100.0,367700.0
589,2021-10-07 06:20:29,18800.0,400.0,367600.0
590,2021-10-07 06:20:29,18800.0,3000.0,367200.0
591,2021-10-07 06:20:29,18800.0,2000.0,364200.0
592,2021-10-07 06:20:29,18800.0,4600.0,362200.0
593,2021-10-07 06:19:59,18800.0,500.0,357600.0
594,2021-10-07 06:19:48,18800.0,500.0,357100.0
595,2021-10-07 06:19:21,18800.0,1000.0,356600.0
596,2021-10-07 06:19:08,18800.0,1300.0,355600.0
597,2021-10-07 06:19:05,18800.0,2800.0,354300.0
598,2021-10-07 06:18:21,18800.0,1000.0,351500.0
599,2021-10-07 06:18:21,18800.0,6400.0,350500.0
600,2021-10-07 06:18:06,18800.0,500.0,344100.0
601,2021-10-07 06:16:31,18750.0,500.0,343600.0
602,2021-10-07 06:16:28,18750.0,1000.0,343100.0
603,2021-10-07 06:14:56,18750.0,100.0,342100.0
604,2021-10-07 06:13:01,18750.0,2000.0,342000.0
605,2021-10-07 06:11:53,18800.0,500.0,340000.0
606,2021-10-07 06:11:18,18800.0,500.0,339500.0
607,2021-10-07 06:07:51,18800.0,500.0,339000.0
608,2021-10-07 06:07:35,18800.0,200.0,338500.0
609,2021-10-07 06:06:58,18800.0,1000.0,338300.0
610,2021-10-07 06:06:30,18800.0,1300.0,337300.0
611,2021-10-07 06:04:40,18800.0,300.0,336000.0
612,2021-10-07 06:03:51,18800.0,100.0,335700.0
613,2021-10-07 06:03:47,18750.0,5000.0,335600.0
614,2021-10-07 06:03:25,18750.0,400.0,330600.0
615,2021-10-07 06:03:25,18750.0,100.0,330200.0
616,2021-10-07 06:03:25,18750.0,3000.0,330100.0
617,2021-10-07 06:03:25,18750.0,500.0,327100.0
618,2021-10-07 06:03:25,18750.0,300.0,326600.0
619,2021-10-07 06:03:25,18750.0,700.0,326300.0
620,2021-10-07 06:03:15,18750.0,300.0,325600.0
621,2021-10-07 06:03:15,18750.0,100.0,325300.0
622,2021-10-07 06:03:15,18750.0,100.0,325200.0
623,2021-10-07 06:03:15,18750.0,1000.0,325100.0
624,2021-10-07 06:03:15,18750.0,1000.0,324100.0
625,2021-10-07 06:03:15,18750.0,2000.0,323100.0
626,2021-10-07 06:03:15,18750.0,100.0,321100.0
627,2021-10-07 06:03:15,18750.0,1000.0,321000.0
628,2021-10-07 06:03:15,18750.0,200.0,320000.0
629,2021-10-07 06:03:15,18750.0,100.0,319800.0
630,2021-10-07 06:03:15,18750.0,100.0,319700.0
631,2021-10-07 06:03:15,18750.0,1200.0,319600.0
632,2021-10-07 06:03:15,18750.0,200.0,318400.0
633,2021-10-07 06:02:53,18800.0,300.0,318200.0
634,2021-10-07 06:02:52,18800.0,4000.0,317900.0
635,2021-10-07 06:02:52,18800.0,200.0,313900.0
636,2021-10-07 06:02:52,18800.0,600.0,313700.0
637,2021-10-07 06:02:52,18800.0,100.0,313100.0
638,2021-10-07 06:02:52,18800.0,200.0,313000.0
639,2021-10-07 06:02:52,18800.0,1600.0,312800.0
640,2021-10-07 06:01:35,18800.0,3400.0,311200.0
641,2021-10-07 06:01:35,18800.0,2000.0,307800.0
642,2021-10-07 06:01:35,18800.0,400.0,305800.0
643,2021-10-07 06:01:35,18800.0,4200.0,305400.0
644,2021-10-07 06:01:12,18800.0,500.0,301200.0
645,2021-10-07 06:00:28,18800.0,4000.0,300700.0
646,2021-10-07 06:00:22,18800.0,400.0,296700.0
647,2021-10-07 06:00:16,18800.0,500.0,296300.0
648,2021-10-07 06:00:05,18800.0,400.0,295800.0
649,2021-10-07 06:00:04,18800.0,100.0,295400.0
650,2021-10-07 06:00:04,18800.0,600.0,295300.0
651,2021-10-07 06:00:04,18800.0,200.0,294700.0
652,2021-10-07 06:00:04,18800.0,200.0,294500.0
653,2021-10-07 06:00:04,18800.0,200.0,294300.0
654,2021-10-07 06:00:04,18800.0,300.0,294100.0
655,2021-10-07 06:00:04,18800.0,200.0,293800.0
656,2021-10-07 06:00:04,18800.0,400.0,293600.0
657,2021-10-07 06:00:04,18800.0,100.0,293200.0
658,2021-10-07 06:00:04,18800.0,1300.0,293100.0
659,2021-10-07 06:00:02,18850.0,2100.0,291800.0
660,2021-10-07 06:00:01,18850.0,400.0,289700.0
661,2021-10-07 06:00:01,18850.0,200.0,289300.0
662,2021-10-07 06:00:01,18850.0,1600.0,289100.0
663,2021-10-07 04:29:57,18800.0,100.0,287500.0
664,2021-10-07 04:29:34,18800.0,300.0,287400.0
665,2021-10-07 04:29:09,18800.0,1300.0,287100.0
666,2021-10-07 04:29:09,18800.0,300.0,285800.0
667,2021-10-07 04:29:09,18800.0,1000.0,285500.0
668,2021-10-07 04:29:09,18800.0,500.0,284500.0
669,2021-10-07 04:29:09,18800.0,900.0,284000.0
670,2021-10-07 04:29:09,18800.0,500.0,283100.0
671,2021-10-07 04:29:09,18800.0,100.0,282600.0
672,2021-10-07 04:29:09,18800.0,500.0,282500.0
673,2021-10-07 04:29:09,18800.0,2000.0,282000.0
674,2021-10-07 04:29:09,18800.0,100.0,280000.0
675,2021-10-07 04:29:09,18800.0,500.0,279900.0
676,2021-10-07 04:29:09,18800.0,100.0,279400.0
677,2021-10-07 04:29:09,18800.0,200.0,279300.0
678,2021-10-07 04:29:09,18800.0,300.0,279100.0
679,2021-10-07 04:29:09,18800.0,100.0,278800.0
680,2021-10-07 04:29:09,18800.0,600.0,278700.0
681,2021-10-07 04:29:09,18800.0,1000.0,278100.0
682,2021-10-07 04:29:09,18800.0,10000.0,277100.0
683,2021-10-07 04:27:26,18850.0,1000.0,267100.0
684,2021-10-07 04:25:19,18850.0,1000.0,266100.0
685,2021-10-07 04:24:39,18850.0,500.0,265100.0
686,2021-10-07 04:24:31,18850.0,1000.0,264600.0
687,2021-10-07 04:24:18,18850.0,1000.0,263600.0
688,2021-10-07 04:23:42,18850.0,500.0,262600.0
689,2021-10-07 04:23:23,18800.0,1900.0,262100.0
690,2021-10-07 04:22:37,18800.0,100.0,260200.0
691,2021-10-07 04:22:37,18800.0,2000.0,260100.0
692,2021-10-07 04:22:37,18800.0,5200.0,258100.0
693,2021-10-07 04:20:50,18850.0,1000.0,252900.0
694,2021-10-07 04:20:11,18850.0,500.0,251900.0
695,2021-10-07 04:20:04,18850.0,100.0,251400.0
696,2021-10-07 04:17:46,18850.0,200.0,251300.0
697,2021-10-07 04:17:14,18850.0,100.0,251100.0
698,2021-10-07 04:16:47,18850.0,500.0,251000.0
699,2021-10-07 04:15:39,18800.0,200.0,250500.0
700,2021-10-07 04:15:39,18800.0,100.0,250300.0
701,2021-10-07 04:15:39,18800.0,300.0,250200.0
702,2021-10-07 04:15:39,18800.0,200.0,249900.0
703,2021-10-07 04:15:39,18800.0,100.0,249700.0
704,2021-10-07 04:15:39,18800.0,100.0,249600.0
705,2021-10-07 04:15:39,18850.0,900.0,249500.0
706,2021-10-07 04:15:36,18850.0,100.0,248600.0
707,2021-10-07 04:15:27,18850.0,4000.0,248500.0
708,2021-10-07 04:14:49,18850.0,100.0,244500.0
709,2021-10-07 04:14:30,18850.0,200.0,244400.0
710,2021-10-07 04:14:26,18850.0,900.0,244200.0
711,2021-10-07 04:13:49,18850.0,100.0,243300.0
712,2021-10-07 04:11:54,18800.0,500.0,243200.0
713,2021-10-07 04:11:54,18800.0,200.0,242700.0
714,2021-10-07 04:11:54,18800.0,100.0,242500.0
715,2021-10-07 04:11:54,18800.0,200.0,242400.0
716,2021-10-07 04:11:54,18800.0,1000.0,242200.0
717,2021-10-07 04:11:54,18800.0,2600.0,241200.0
718,2021-10-07 04:11:54,18800.0,200.0,238600.0
719,2021-10-07 04:11:16,18850.0,100.0,238400.0
720,2021-10-07 04:10:38,18850.0,5000.0,238300.0
721,2021-10-07 04:10:35,18850.0,3800.0,233300.0
722,2021-10-07 04:10:25,18850.0,500.0,229500.0
723,2021-10-07 04:10:08,18850.0,500.0,229000.0
724,2021-10-07 04:10:03,18800.0,1000.0,228500.0
725,2021-10-07 04:07:13,18800.0,1000.0,227500.0
726,2021-10-07 04:06:57,18800.0,500.0,226500.0
727,2021-10-07 04:04:42,18800.0,900.0,226000.0
728,2021-10-07 04:02:24,18850.0,1000.0,225100.0
729,2021-10-07 04:02:03,18850.0,1000.0,224100.0
730,2021-10-07 04:01:54,18850.0,200.0,223100.0
731,2021-10-07 04:01:07,18850.0,300.0,222900.0
732,2021-10-07 03:58:54,18850.0,100.0,222600.0
733,2021-10-07 03:58:07,18800.0,1000.0,222500.0
734,2021-10-07 03:56:24,18800.0,400.0,221500.0
735,2021-10-07 03:56:24,18800.0,1900.0,221100.0
736,2021-10-07 03:56:20,18800.0,100.0,219200.0
737,2021-10-07 03:53:49,18800.0,1800.0,219100.0
738,2021-10-07 03:53:49,18750.0,800.0,217300.0
739,2021-10-07 03:53:49,18750.0,3000.0,216500.0
740,2021-10-07 03:53:49,18750.0,100.0,213500.0
741,2021-10-07 03:53:49,18750.0,100.0,213400.0
742,2021-10-07 03:53:42,18800.0,1000.0,213300.0
743,2021-10-07 03:53:17,18800.0,3000.0,212300.0
744,2021-10-07 03:53:16,18800.0,200.0,209300.0
745,2021-10-07 03:53:16,18800.0,300.0,209100.0
746,2021-10-07 03:53:16,18800.0,800.0,208800.0
747,2021-10-07 03:53:16,18800.0,500.0,208000.0
748,2021-10-07 03:53:16,18800.0,300.0,207500.0
749,2021-10-07 03:53:16,18800.0,100.0,207200.0
750,2021-10-07 03:53:16,18800.0,300.0,207100.0
751,2021-10-07 03:53:16,18800.0,1700.0,206800.0
752,2021-10-07 03:52:54,18800.0,1000.0,205100.0
753,2021-10-07 03:52:50,18800.0,5000.0,204100.0
754,2021-10-07 03:52:34,18800.0,400.0,199100.0
755,2021-10-07 03:52:05,18800.0,300.0,198700.0
756,2021-10-07 03:51:21,18800.0,1000.0,198400.0
757,2021-10-07 03:50:36,18800.0,300.0,197400.0
758,2021-10-07 03:50:36,18800.0,100.0,197100.0
759,2021-10-07 03:50:36,18800.0,100.0,197000.0
760,2021-10-07 03:50:36,18800.0,800.0,196900.0
761,2021-10-07 03:50:36,18800.0,500.0,196100.0
762,2021-10-07 03:50:36,18800.0,100.0,195600.0
763,2021-10-07 03:50:36,18800.0,100.0,195500.0
764,2021-10-07 03:49:32,18800.0,400.0,195400.0
765,2021-10-07 03:49:32,18800.0,200.0,195000.0
766,2021-10-07 03:49:32,18800.0,200.0,194800.0
767,2021-10-07 03:49:32,18800.0,200.0,194600.0
768,2021-10-07 03:49:17,18800.0,1500.0,194400.0
769,2021-10-07 03:49:17,18800.0,100.0,192900.0
770,2021-10-07 03:49:17,18800.0,100.0,192800.0
771,2021-10-07 03:49:17,18800.0,200.0,192700.0
772,2021-10-07 03:49:17,18800.0,200.0,192500.0
773,2021-10-07 03:48:34,18850.0,2000.0,192300.0
774,2021-10-07 03:48:07,18850.0,4000.0,190300.0
775,2021-10-07 03:46:47,18850.0,1000.0,186300.0
776,2021-10-07 03:45:56,18850.0,200.0,185300.0
777,2021-10-07 03:44:38,18850.0,2000.0,185100.0
778,2021-10-07 03:43:35,18800.0,1600.0,183100.0
779,2021-10-07 03:43:35,18800.0,100.0,181500.0
780,2021-10-07 03:43:35,18800.0,500.0,181400.0
781,2021-10-07 03:43:35,18800.0,300.0,180900.0
782,2021-10-07 03:43:35,18800.0,100.0,180600.0
783,2021-10-07 03:43:35,18800.0,2500.0,180500.0
784,2021-10-07 03:42:29,18800.0,100.0,178000.0
785,2021-10-07 03:42:29,18800.0,100.0,177900.0
786,2021-10-07 03:42:15,18800.0,100.0,177800.0
787,2021-10-07 03:42:13,18800.0,800.0,177700.0
788,2021-10-07 03:42:13,18800.0,200.0,176900.0
789,2021-10-07 03:39:44,18800.0,100.0,176700.0
790,2021-10-07 03:39:44,18800.0,100.0,176600.0
791,2021-10-07 03:39:44,18800.0,100.0,176500.0
792,2021-10-07 03:39:44,18800.0,300.0,176400.0
793,2021-10-07 03:39:44,18800.0,100.0,176100.0
794,2021-10-07 03:39:44,18800.0,1000.0,176000.0
795,2021-10-07 03:39:44,18800.0,300.0,175000.0
796,2021-10-07 03:39:44,18800.0,1900.0,174700.0
797,2021-10-07 03:39:13,18850.0,100.0,172800.0
798,2021-10-07 03:37:45,18850.0,500.0,172700.0
799,2021-10-07 03:36:38,18850.0,100.0,172200.0
800,2021-10-07 03:36:01,18850.0,1000.0,172100.0
801,2021-10-07 03:35:10,18800.0,1000.0,171100.0
802,2021-10-07 03:34:11,18800.0,300.0,170100.0
803,2021-10-07 03:34:11,18800.0,100.0,169800.0
804,2021-10-07 03:34:11,18800.0,100.0,169700.0
805,2021-10-07 03:32:13,18850.0,500.0,169600.0
806,2021-10-07 03:31:38,18850.0,100.0,169100.0
807,2021-10-07 03:31:26,18800.0,1200.0,169000.0
808,2021-10-07 03:29:34,18850.0,400.0,167800.0
809,2021-10-07 03:29:31,18800.0,500.0,167400.0
810,2021-10-07 03:28:44,18800.0,200.0,166900.0
811,2021-10-07 03:28:44,18800.0,300.0,166700.0
812,2021-10-07 03:28:32,18800.0,4700.0,166400.0
813,2021-10-07 03:28:32,18800.0,1000.0,161700.0
814,2021-10-07 03:28:32,18800.0,500.0,160700.0
815,2021-10-07 03:28:32,18800.0,2000.0,160200.0
816,2021-10-07 03:28:32,18800.0,1500.0,158200.0
817,2021-10-07 03:28:32,18800.0,300.0,156700.0
818,2021-10-07 03:27:49,18800.0,700.0,156400.0
819,2021-10-07 03:27:49,18800.0,100.0,155700.0
820,2021-10-07 03:27:49,18800.0,100.0,155600.0
821,2021-10-07 03:27:49,18800.0,300.0,155500.0
822,2021-10-07 03:27:49,18800.0,500.0,155200.0
823,2021-10-07 03:27:49,18800.0,300.0,154700.0
824,2021-10-07 03:27:12,18800.0,700.0,154400.0
825,2021-10-07 03:27:12,18800.0,900.0,153700.0
826,2021-10-07 03:27:12,18800.0,400.0,152800.0
827,2021-10-07 03:27:00,18850.0,1400.0,152400.0
828,2021-10-07 03:26:59,18850.0,500.0,151000.0
829,2021-10-07 03:26:59,18850.0,1300.0,150500.0
830,2021-10-07 03:26:59,18850.0,300.0,149200.0
831,2021-10-07 03:26:59,18850.0,2400.0,148900.0
832,2021-10-07 03:26:03,18850.0,1100.0,146500.0
833,2021-10-07 03:26:03,18850.0,500.0,145400.0
834,2021-10-07 03:26:03,18850.0,500.0,144900.0
835,2021-10-07 03:26:03,18850.0,100.0,144400.0
836,2021-10-07 03:26:03,18850.0,800.0,144300.0
837,2021-10-07 03:25:56,18850.0,200.0,143500.0
838,2021-10-07 03:24:04,18850.0,1000.0,143300.0
839,2021-10-07 03:24:04,18850.0,800.0,142300.0
840,2021-10-07 03:24:04,18850.0,100.0,141500.0
841,2021-10-07 03:23:43,18850.0,1000.0,141400.0
842,2021-10-07 03:23:10,18850.0,400.0,140400.0
843,2021-10-07 03:22:22,18850.0,2000.0,140000.0
844,2021-10-07 03:22:22,18850.0,100.0,138000.0
845,2021-10-07 03:22:22,18850.0,200.0,137900.0
846,2021-10-07 03:22:22,18850.0,100.0,137700.0
847,2021-10-07 03:22:22,18850.0,100.0,137600.0
848,2021-10-07 03:22:22,18850.0,600.0,137500.0
849,2021-10-07 03:22:22,18850.0,100.0,136900.0
850,2021-10-07 03:22:22,18850.0,300.0,136800.0
851,2021-10-07 03:22:22,18850.0,100.0,136500.0
852,2021-10-07 03:21:53,18900.0,2000.0,136400.0
853,2021-10-07 03:21:53,18900.0,100.0,134400.0
854,2021-10-07 03:21:53,18900.0,800.0,134300.0
855,2021-10-07 03:21:07,18900.0,4200.0,133500.0
856,2021-10-07 03:21:07,18900.0,500.0,129300.0
857,2021-10-07 03:21:07,18900.0,300.0,128800.0
858,2021-10-07 03:20:06,18900.0,1700.0,128500.0
859,2021-10-07 03:20:06,18900.0,300.0,126800.0
860,2021-10-07 03:19:36,18900.0,1100.0,126500.0
861,2021-10-07 03:19:35,18900.0,100.0,125400.0
862,2021-10-07 03:18:19,18950.0,300.0,125300.0
863,2021-10-07 03:18:19,18950.0,1100.0,125000.0
864,2021-10-07 03:17:37,18950.0,700.0,123900.0
865,2021-10-07 03:17:29,18900.0,1000.0,123200.0
866,2021-10-07 03:17:27,18900.0,1000.0,122200.0
867,2021-10-07 03:16:00,18900.0,100.0,121200.0
868,2021-10-07 03:15:35,18900.0,500.0,121100.0
869,2021-10-07 03:14:46,18900.0,900.0,120600.0
870,2021-10-07 03:09:00,18850.0,2600.0,119700.0
871,2021-10-07 03:09:00,18850.0,200.0,117100.0
872,2021-10-07 03:09:00,18850.0,700.0,116900.0
873,2021-10-07 03:08:44,18900.0,300.0,116200.0
874,2021-10-07 03:08:28,18900.0,200.0,115900.0
875,2021-10-07 03:08:28,18900.0,300.0,115700.0
876,2021-10-07 03:08:03,18900.0,200.0,115400.0
877,2021-10-07 03:08:03,18900.0,800.0,115200.0
878,2021-10-07 03:07:48,18900.0,200.0,114400.0
879,2021-10-07 03:07:10,18900.0,300.0,114200.0
880,2021-10-07 03:07:10,18900.0,600.0,113900.0
881,2021-10-07 03:06:32,18900.0,2000.0,113300.0
882,2021-10-07 03:06:21,18900.0,400.0,111300.0
883,2021-10-07 03:06:21,18900.0,600.0,110900.0
884,2021-10-07 03:06:21,18900.0,1600.0,110300.0
885,2021-10-07 03:06:21,18900.0,5000.0,108700.0
886,2021-10-07 03:06:21,18900.0,700.0,103700.0
887,2021-10-07 03:06:21,18900.0,300.0,103000.0
888,2021-10-07 03:06:21,18900.0,900.0,102700.0
889,2021-10-07 03:04:37,18900.0,100.0,101800.0
890,2021-10-07 03:04:37,18900.0,1800.0,101700.0
891,2021-10-07 03:03:07,18900.0,200.0,99900.0
892,2021-10-07 03:02:12,18850.0,300.0,99700.0
893,2021-10-07 03:02:12,18850.0,500.0,99400.0
894,2021-10-07 03:01:42,18850.0,400.0,98900.0
895,2021-10-07 02:58:49,18850.0,2500.0,98500.0
896,2021-10-07 02:56:56,18900.0,200.0,96000.0
897,2021-10-07 02:56:47,18850.0,2000.0,95800.0
898,2021-10-07 02:56:47,18850.0,1000.0,93800.0
899,2021-10-07 02:54:33,18850.0,1000.0,92800.0
900,2021-10-07 02:54:33,18850.0,1000.0,91800.0
901,2021-10-07 02:53:46,18900.0,100.0,90800.0
902,2021-10-07 02:52:54,18900.0,1500.0,90700.0
903,2021-10-07 02:52:54,18900.0,200.0,89200.0
904,2021-10-07 02:52:45,18900.0,2100.0,89000.0
905,2021-10-07 02:52:20,18900.0,2900.0,86900.0
906,2021-10-07 02:52:20,18900.0,100.0,84000.0
907,2021-10-07 02:52:15,18900.0,1100.0,83900.0
908,2021-10-07 02:51:20,18900.0,500.0,82800.0
909,2021-10-07 02:50:29,18900.0,300.0,82300.0
910,2021-10-07 02:50:29,18900.0,700.0,82000.0
911,2021-10-07 02:48:53,18900.0,300.0,81300.0
912,2021-10-07 02:48:53,18900.0,700.0,81000.0
913,2021-10-07 02:45:41,18950.0,3200.0,80300.0
914,2021-10-07 02:45:41,18950.0,100.0,77100.0
915,2021-10-07 02:45:41,18950.0,100.0,77000.0
916,2021-10-07 02:45:41,18950.0,400.0,76900.0
917,2021-10-07 02:44:54,18900.0,500.0,76500.0
918,2021-10-07 02:43:33,18900.0,100.0,76000.0
919,2021-10-07 02:43:22,18850.0,1000.0,75900.0
920,2021-10-07 02:43:17,18900.0,400.0,74900.0
921,2021-10-07 02:42:08,18900.0,200.0,74500.0
922,2021-10-07 02:42:02,18900.0,100.0,74300.0
923,2021-10-07 02:41:55,18900.0,200.0,74200.0
924,2021-10-07 02:41:13,18900.0,100.0,74000.0
925,2021-10-07 02:41:10,18900.0,300.0,73900.0
926,2021-10-07 02:41:10,18900.0,600.0,73600.0
927,2021-10-07 02:40:14,18900.0,400.0,73000.0
928,2021-10-07 02:39:50,18800.0,100.0,72600.0
929,2021-10-07 02:39:43,18800.0,300.0,72500.0
930,2021-10-07 02:37:49,18800.0,2000.0,72200.0
931,2021-10-07 02:37:13,18800.0,300.0,70200.0
932,2021-10-07 02:35:46,18800.0,3400.0,69900.0
933,2021-10-07 02:35:31,18800.0,100.0,66500.0
934,2021-10-07 02:35:12,18800.0,3400.0,66400.0
935,2021-10-07 02:35:12,18800.0,1000.0,63000.0
936,2021-10-07 02:35:12,18800.0,100.0,62000.0
937,2021-10-07 02:35:12,18800.0,400.0,61900.0
938,2021-10-07 02:35:12,18800.0,11100.0,61500.0
939,2021-10-07 02:35:12,18800.0,1700.0,50400.0
940,2021-10-07 02:35:12,18850.0,1000.0,48700.0
941,2021-10-07 02:35:12,18850.0,1000.0,47700.0
942,2021-10-07 02:35:12,18900.0,300.0,46700.0
943,2021-10-07 02:34:27,18950.0,400.0,46400.0
944,2021-10-07 02:34:27,18950.0,2400.0,46000.0
945,2021-10-07 02:34:27,18950.0,200.0,43600.0
946,2021-10-07 02:33:50,18900.0,1400.0,43400.0
947,2021-10-07 02:33:40,18900.0,100.0,42000.0
948,2021-10-07 02:33:35,18900.0,100.0,41900.0
949,2021-10-07 02:33:20,18900.0,100.0,41800.0
950,2021-10-07 02:32:01,18850.0,600.0,41700.0
951,2021-10-07 02:32:01,18850.0,200.0,41100.0
952,2021-10-07 02:31:42,18850.0,1000.0,40900.0
953,2021-10-07 02:28:52,18800.0,100.0,39900.0
954,2021-10-07 02:28:40,18850.0,500.0,39800.0
955,2021-10-07 02:28:12,18850.0,2000.0,39300.0
956,2021-10-07 02:28:02,18850.0,2900.0,37300.0
957,2021-10-07 02:28:02,18850.0,100.0,34400.0
958,2021-10-07 02:27:59,18800.0,300.0,34300.0
959,2021-10-07 02:27:32,18800.0,100.0,34000.0
960,2021-10-07 02:27:17,18800.0,2800.0,33900.0
961,2021-10-07 02:26:48,18850.0,100.0,31100.0
962,2021-10-07 02:26:38,18850.0,200.0,31000.0
963,2021-10-07 02:26:38,18850.0,500.0,30800.0
964,2021-10-07 02:26:12,18850.0,100.0,30300.0
965,2021-10-07 02:25:59,18850.0,200.0,30200.0
966,2021-10-07 02:25:59,18850.0,1000.0,30000.0
967,2021-10-07 02:25:59,18850.0,100.0,29000.0
968,2021-10-07 02:25:59,18850.0,700.0,28900.0
969,2021-10-07 02:25:42,18850.0,1600.0,28200.0
970,2021-10-07 02:25:24,18850.0,100.0,26600.0
971,2021-10-07 02:25:04,18850.0,100.0,26500.0
972,2021-10-07 02:24:51,18850.0,6000.0,26400.0
973,2021-10-07 02:24:48,18850.0,1500.0,20400.0
974,2021-10-07 02:24:48,18850.0,1000.0,18900.0
975,2021-10-07 02:23:44,18850.0,500.0,17900.0
976,2021-10-07 02:23:44,18850.0,500.0,17400.0
977,2021-10-07 02:23:44,18850.0,1000.0,16900.0
978,2021-10-07 02:23:44,18850.0,100.0,15900.0
979,2021-10-07 02:23:44,18850.0,2900.0,15800.0
980,2021-10-07 02:22:36,18850.0,500.0,12900.0
981,2021-10-07 02:22:29,18850.0,2000.0,12400.0
982,2021-10-07 02:22:22,18850.0,1000.0,10400.0
983,2021-10-07 02:20:17,18850.0,1500.0,9400.0
984,2021-10-07 02:20:11,18850.0,500.0,7900.0
985,2021-10-07 02:20:00,18850.0,1500.0,7400.0
986,2021-10-07 02:17:57,19000.0,100.0,5900.0
987,2021-10-07 02:17:57,19000.0,100.0,5800.0
988,2021-10-07 02:17:57,19000.0,300.0,5700.0
989,2021-10-07 02:15:47,19000.0,400.0,5400.0
990,2021-10-07 02:15:00,18850.0,1100.0,5000.0
991,2021-10-07 02:15:00,18850.0,1000.0,3900.0
992,2021-10-07 02:15:00,18850.0,1000.0,2900.0
993,2021-10-07 02:15:00,18850.0,1500.0,1900.0
994,2021-10-07 02:15:00,18850.0,300.0,400.0
995,2021-10-07 02:15:00,18850.0,100.0,100.0
