,Time,Price,Volume_per_trade,Volume
0,2021-10-08 07:45:00,19200.0,1400.0,543300.0
1,2021-10-08 07:45:00,19200.0,1000.0,541900.0
2,2021-10-08 07:45:00,19200.0,100.0,540900.0
3,2021-10-08 07:45:00,19200.0,5000.0,540800.0
4,2021-10-08 07:45:00,19200.0,100.0,535800.0
5,2021-10-08 07:45:00,19200.0,200.0,535700.0
6,2021-10-08 07:45:00,19200.0,900.0,535500.0
7,2021-10-08 07:45:00,19200.0,800.0,534600.0
8,2021-10-08 07:45:00,19200.0,200.0,533800.0
9,2021-10-08 07:45:00,19200.0,100.0,533600.0
10,2021-10-08 07:45:00,19200.0,200.0,533500.0
11,2021-10-08 07:29:21,19250.0,100.0,533300.0
12,2021-10-08 07:29:21,19250.0,300.0,533200.0
13,2021-10-08 07:29:21,19250.0,600.0,532900.0
14,2021-10-08 07:27:53,19250.0,1200.0,532300.0
15,2021-10-08 07:27:43,19250.0,2000.0,531100.0
16,2021-10-08 07:27:21,19250.0,100.0,529100.0
17,2021-10-08 07:26:11,19250.0,100.0,529000.0
18,2021-10-08 07:25:46,19250.0,1000.0,528900.0
19,2021-10-08 07:24:57,19250.0,400.0,527900.0
20,2021-10-08 07:24:50,19250.0,600.0,527500.0
21,2021-10-08 07:24:34,19250.0,1300.0,526900.0
22,2021-10-08 07:24:29,19250.0,100.0,525600.0
23,2021-10-08 07:23:57,19250.0,1000.0,525500.0
24,2021-10-08 07:23:57,19250.0,1000.0,524500.0
25,2021-10-08 07:23:57,19250.0,200.0,523500.0
26,2021-10-08 07:23:57,19250.0,800.0,523300.0
27,2021-10-08 07:23:08,19200.0,4000.0,522500.0
28,2021-10-08 07:22:32,19250.0,2000.0,518500.0
29,2021-10-08 07:21:58,19250.0,400.0,516500.0
30,2021-10-08 07:21:48,19250.0,700.0,516100.0
31,2021-10-08 07:21:38,19250.0,200.0,515400.0
32,2021-10-08 07:21:17,19250.0,100.0,515200.0
33,2021-10-08 07:21:17,19250.0,100.0,515100.0
34,2021-10-08 07:21:17,19250.0,700.0,515000.0
35,2021-10-08 07:21:06,19250.0,1000.0,514300.0
36,2021-10-08 07:20:18,19250.0,3000.0,513300.0
37,2021-10-08 07:20:15,19250.0,300.0,510300.0
38,2021-10-08 07:19:25,19250.0,200.0,510000.0
39,2021-10-08 07:19:09,19250.0,100.0,509800.0
40,2021-10-08 07:19:09,19250.0,900.0,509700.0
41,2021-10-08 07:16:53,19200.0,100.0,508800.0
42,2021-10-08 07:16:38,19250.0,1000.0,508700.0
43,2021-10-08 07:15:51,19250.0,100.0,507700.0
44,2021-10-08 07:13:07,19250.0,500.0,507600.0
45,2021-10-08 07:13:07,19250.0,1100.0,507100.0
46,2021-10-08 07:12:00,19250.0,100.0,506000.0
47,2021-10-08 07:11:17,19250.0,200.0,505900.0
48,2021-10-08 07:10:58,19250.0,100.0,505700.0
49,2021-10-08 07:10:52,19250.0,1100.0,505600.0
50,2021-10-08 07:09:47,19250.0,300.0,504500.0
51,2021-10-08 07:09:13,19250.0,100.0,504200.0
52,2021-10-08 07:09:13,19250.0,3200.0,504100.0
53,2021-10-08 07:08:37,19250.0,800.0,500900.0
54,2021-10-08 07:07:48,19250.0,500.0,500100.0
55,2021-10-08 07:07:37,19250.0,1700.0,499600.0
56,2021-10-08 07:07:37,19250.0,500.0,497900.0
57,2021-10-08 07:07:02,19250.0,2000.0,497400.0
58,2021-10-08 07:07:02,19250.0,300.0,495400.0
59,2021-10-08 07:07:02,19250.0,100.0,495100.0
60,2021-10-08 07:07:02,19250.0,2000.0,495000.0
61,2021-10-08 07:07:02,19250.0,300.0,493000.0
62,2021-10-08 07:04:59,19200.0,100.0,492700.0
63,2021-10-08 07:04:05,19200.0,1500.0,492600.0
64,2021-10-08 07:04:05,19200.0,600.0,491100.0
65,2021-10-08 07:02:41,19250.0,100.0,490500.0
66,2021-10-08 07:02:34,19200.0,900.0,490400.0
67,2021-10-08 07:00:05,19200.0,100.0,489500.0
68,2021-10-08 07:00:05,19200.0,500.0,489400.0
69,2021-10-08 07:00:05,19200.0,100.0,488900.0
70,2021-10-08 07:00:05,19200.0,100.0,488800.0
71,2021-10-08 07:00:05,19200.0,500.0,488700.0
72,2021-10-08 07:00:05,19200.0,2000.0,488200.0
73,2021-10-08 07:00:05,19200.0,1000.0,486200.0
74,2021-10-08 07:00:05,19200.0,100.0,485200.0
75,2021-10-08 07:00:05,19200.0,300.0,485100.0
76,2021-10-08 07:00:05,19200.0,300.0,484800.0
77,2021-10-08 06:58:55,19200.0,200.0,484500.0
78,2021-10-08 06:58:55,19200.0,100.0,484300.0
79,2021-10-08 06:58:55,19200.0,100.0,484200.0
80,2021-10-08 06:58:55,19200.0,100.0,484100.0
81,2021-10-08 06:58:55,19200.0,300.0,484000.0
82,2021-10-08 06:58:55,19200.0,500.0,483700.0
83,2021-10-08 06:58:55,19200.0,300.0,483200.0
84,2021-10-08 06:58:55,19200.0,1000.0,482900.0
85,2021-10-08 06:58:55,19200.0,1000.0,481900.0
86,2021-10-08 06:58:55,19200.0,100.0,480900.0
87,2021-10-08 06:58:55,19200.0,500.0,480800.0
88,2021-10-08 06:58:55,19200.0,100.0,480300.0
89,2021-10-08 06:58:55,19200.0,1000.0,480200.0
90,2021-10-08 06:58:55,19200.0,1000.0,479200.0
91,2021-10-08 06:58:55,19200.0,500.0,478200.0
92,2021-10-08 06:58:55,19200.0,1000.0,477700.0
93,2021-10-08 06:58:55,19200.0,100.0,476700.0
94,2021-10-08 06:58:55,19200.0,500.0,476600.0
95,2021-10-08 06:58:55,19200.0,1000.0,476100.0
96,2021-10-08 06:58:55,19200.0,600.0,475100.0
97,2021-10-08 06:58:17,19250.0,1000.0,474500.0
98,2021-10-08 06:56:51,19250.0,1000.0,473500.0
99,2021-10-08 06:55:22,19250.0,100.0,472500.0
100,2021-10-08 06:55:22,19250.0,300.0,472400.0
101,2021-10-08 06:55:22,19250.0,100.0,472100.0
102,2021-10-08 06:55:22,19250.0,100.0,472000.0
103,2021-10-08 06:55:22,19250.0,200.0,471900.0
104,2021-10-08 06:53:44,19250.0,1800.0,471700.0
105,2021-10-08 06:53:44,19250.0,1000.0,469900.0
106,2021-10-08 06:53:44,19250.0,700.0,468900.0
107,2021-10-08 06:53:16,19250.0,300.0,468200.0
108,2021-10-08 06:53:16,19250.0,100.0,467900.0
109,2021-10-08 06:53:16,19250.0,200.0,467800.0
110,2021-10-08 06:53:16,19250.0,1400.0,467600.0
111,2021-10-08 06:51:38,19300.0,100.0,466200.0
112,2021-10-08 06:50:48,19300.0,100.0,466100.0
113,2021-10-08 06:50:48,19300.0,3500.0,466000.0
114,2021-10-08 06:50:48,19300.0,100.0,462500.0
115,2021-10-08 06:50:42,19300.0,2000.0,462400.0
116,2021-10-08 06:48:29,19300.0,200.0,460400.0
117,2021-10-08 06:48:01,19300.0,100.0,460200.0
118,2021-10-08 06:47:39,19300.0,600.0,460100.0
119,2021-10-08 06:47:09,19300.0,500.0,459500.0
120,2021-10-08 06:46:54,19300.0,500.0,459000.0
121,2021-10-08 06:46:41,19300.0,100.0,458500.0
122,2021-10-08 06:45:19,19300.0,100.0,458400.0
123,2021-10-08 06:44:41,19300.0,900.0,458300.0
124,2021-10-08 06:44:23,19300.0,400.0,457400.0
125,2021-10-08 06:44:21,19300.0,300.0,457000.0
126,2021-10-08 06:44:11,19300.0,200.0,456700.0
127,2021-10-08 06:43:56,19300.0,800.0,456500.0
128,2021-10-08 06:43:56,19300.0,200.0,455700.0
129,2021-10-08 06:42:51,19300.0,5000.0,455500.0
130,2021-10-08 06:42:42,19300.0,800.0,450500.0
131,2021-10-08 06:42:42,19300.0,2000.0,449700.0
132,2021-10-08 06:42:42,19300.0,2600.0,447700.0
133,2021-10-08 06:42:15,19300.0,500.0,445100.0
134,2021-10-08 06:42:15,19300.0,300.0,444600.0
135,2021-10-08 06:42:15,19300.0,200.0,444300.0
136,2021-10-08 06:39:59,19300.0,4700.0,444100.0
137,2021-10-08 06:38:03,19300.0,100.0,439400.0
138,2021-10-08 06:37:45,19300.0,100.0,439300.0
139,2021-10-08 06:37:45,19300.0,900.0,439200.0
140,2021-10-08 06:37:26,19300.0,300.0,438300.0
141,2021-10-08 06:37:26,19300.0,200.0,438000.0
142,2021-10-08 06:35:58,19300.0,200.0,437800.0
143,2021-10-08 06:35:58,19300.0,100.0,437600.0
144,2021-10-08 06:35:38,19300.0,200.0,437500.0
145,2021-10-08 06:35:38,19300.0,800.0,437300.0
146,2021-10-08 06:35:24,19300.0,400.0,436500.0
147,2021-10-08 06:34:00,19300.0,100.0,436100.0
148,2021-10-08 06:34:00,19300.0,700.0,436000.0
149,2021-10-08 06:33:53,19300.0,2000.0,435300.0
150,2021-10-08 06:33:50,19300.0,300.0,433300.0
151,2021-10-08 06:33:47,19300.0,300.0,433000.0
152,2021-10-08 06:33:44,19300.0,200.0,432700.0
153,2021-10-08 06:33:44,19300.0,4800.0,432500.0
154,2021-10-08 06:32:57,19300.0,200.0,427700.0
155,2021-10-08 06:32:57,19300.0,100.0,427500.0
156,2021-10-08 06:32:36,19300.0,100.0,427400.0
157,2021-10-08 06:32:27,19300.0,400.0,427300.0
158,2021-10-08 06:32:14,19300.0,100.0,426900.0
159,2021-10-08 06:32:14,19300.0,1000.0,426800.0
160,2021-10-08 06:31:51,19300.0,100.0,425800.0
161,2021-10-08 06:31:45,19300.0,3000.0,425700.0
162,2021-10-08 06:31:20,19300.0,900.0,422700.0
163,2021-10-08 06:31:00,19300.0,1000.0,421800.0
164,2021-10-08 06:31:00,19300.0,300.0,420800.0
165,2021-10-08 06:31:00,19300.0,400.0,420500.0
166,2021-10-08 06:31:00,19300.0,300.0,420100.0
167,2021-10-08 06:31:00,19300.0,900.0,419800.0
168,2021-10-08 06:28:38,19250.0,100.0,418900.0
169,2021-10-08 06:27:03,19250.0,100.0,418800.0
170,2021-10-08 06:25:29,19250.0,200.0,418700.0
171,2021-10-08 06:21:04,19250.0,100.0,418500.0
172,2021-10-08 06:19:16,19300.0,500.0,418400.0
173,2021-10-08 06:19:16,19300.0,1600.0,417900.0
174,2021-10-08 06:12:50,19300.0,100.0,416300.0
175,2021-10-08 06:12:15,19300.0,100.0,416200.0
176,2021-10-08 06:12:15,19300.0,1500.0,416100.0
177,2021-10-08 06:12:15,19300.0,100.0,414600.0
178,2021-10-08 06:12:15,19300.0,1000.0,414500.0
179,2021-10-08 06:12:15,19300.0,500.0,413500.0
180,2021-10-08 06:12:15,19300.0,100.0,413000.0
181,2021-10-08 06:11:57,19250.0,200.0,412900.0
182,2021-10-08 06:11:15,19250.0,200.0,412700.0
183,2021-10-08 06:10:12,19250.0,700.0,412500.0
184,2021-10-08 06:09:23,19250.0,100.0,411800.0
185,2021-10-08 06:07:11,19250.0,200.0,411700.0
186,2021-10-08 06:07:03,19250.0,300.0,411500.0
187,2021-10-08 06:06:57,19250.0,100.0,411200.0
188,2021-10-08 06:06:52,19250.0,1000.0,411100.0
189,2021-10-08 06:06:52,19250.0,600.0,410100.0
190,2021-10-08 06:06:39,19250.0,300.0,409500.0
191,2021-10-08 06:06:21,19250.0,100.0,409200.0
192,2021-10-08 06:06:21,19250.0,400.0,409100.0
193,2021-10-08 06:04:06,19300.0,900.0,408700.0
194,2021-10-08 06:03:45,19300.0,1100.0,407800.0
195,2021-10-08 06:03:45,19300.0,400.0,406700.0
196,2021-10-08 06:03:30,19300.0,500.0,406300.0
197,2021-10-08 06:02:55,19300.0,2000.0,405800.0
198,2021-10-08 06:02:21,19300.0,100.0,403800.0
199,2021-10-08 06:02:21,19300.0,200.0,403700.0
200,2021-10-08 06:02:21,19300.0,200.0,403500.0
201,2021-10-08 06:00:20,19300.0,100.0,403300.0
202,2021-10-08 06:00:12,19300.0,100.0,403200.0
203,2021-10-08 06:00:04,19300.0,600.0,403100.0
204,2021-10-08 06:00:04,19300.0,400.0,402500.0
205,2021-10-08 06:00:01,19300.0,100.0,402100.0
206,2021-10-08 04:28:32,19300.0,1000.0,402000.0
207,2021-10-08 04:26:21,19300.0,500.0,401000.0
208,2021-10-08 04:26:21,19300.0,1000.0,400500.0
209,2021-10-08 04:26:21,19300.0,500.0,399500.0
210,2021-10-08 04:26:21,19300.0,5000.0,399000.0
211,2021-10-08 04:26:21,19300.0,200.0,394000.0
212,2021-10-08 04:26:21,19250.0,400.0,393800.0
213,2021-10-08 04:24:51,19250.0,1600.0,393400.0
214,2021-10-08 04:24:51,19250.0,3000.0,391800.0
215,2021-10-08 04:24:51,19250.0,400.0,388800.0
216,2021-10-08 04:24:01,19200.0,400.0,388400.0
217,2021-10-08 04:23:31,19200.0,700.0,388000.0
218,2021-10-08 04:23:22,19200.0,2300.0,387300.0
219,2021-10-08 04:23:22,19200.0,700.0,385000.0
220,2021-10-08 04:22:55,19200.0,300.0,384300.0
221,2021-10-08 04:22:55,19200.0,700.0,384000.0
222,2021-10-08 04:22:41,19200.0,800.0,383300.0
223,2021-10-08 04:22:41,19200.0,1000.0,382500.0
224,2021-10-08 04:22:41,19200.0,3000.0,381500.0
225,2021-10-08 04:22:41,19200.0,100.0,378500.0
226,2021-10-08 04:22:41,19200.0,800.0,378400.0
227,2021-10-08 04:22:41,19200.0,300.0,377600.0
228,2021-10-08 04:22:41,19200.0,100.0,377300.0
229,2021-10-08 04:22:41,19200.0,200.0,377200.0
230,2021-10-08 04:22:41,19200.0,2000.0,377000.0
231,2021-10-08 04:22:23,19250.0,200.0,375000.0
232,2021-10-08 04:22:23,19250.0,500.0,374800.0
233,2021-10-08 04:22:18,19200.0,300.0,374300.0
234,2021-10-08 04:18:33,19200.0,1200.0,374000.0
235,2021-10-08 04:18:33,19200.0,200.0,372800.0
236,2021-10-08 04:18:33,19200.0,1000.0,372600.0
237,2021-10-08 04:18:33,19200.0,600.0,371600.0
238,2021-10-08 04:18:33,19200.0,400.0,371000.0
239,2021-10-08 04:18:33,19200.0,100.0,370600.0
240,2021-10-08 04:18:33,19200.0,500.0,370500.0
241,2021-10-08 04:18:06,19200.0,500.0,370000.0
242,2021-10-08 04:18:06,19200.0,100.0,369500.0
243,2021-10-08 04:18:06,19200.0,1000.0,369400.0
244,2021-10-08 04:18:06,19200.0,500.0,368400.0
245,2021-10-08 04:18:06,19200.0,1000.0,367900.0
246,2021-10-08 04:18:06,19200.0,500.0,366900.0
247,2021-10-08 04:18:06,19200.0,1400.0,366400.0
248,2021-10-08 04:15:11,19200.0,1600.0,365000.0
249,2021-10-08 04:13:06,19200.0,2000.0,363400.0
250,2021-10-08 04:13:06,19200.0,500.0,361400.0
251,2021-10-08 04:12:11,19200.0,500.0,360900.0
252,2021-10-08 04:12:11,19200.0,500.0,360400.0
253,2021-10-08 04:12:00,19250.0,500.0,359900.0
254,2021-10-08 04:12:00,19250.0,500.0,359400.0
255,2021-10-08 04:11:02,19250.0,800.0,358900.0
256,2021-10-08 04:11:02,19250.0,2300.0,358100.0
257,2021-10-08 04:11:02,19250.0,1400.0,355800.0
258,2021-10-08 04:10:50,19250.0,600.0,354400.0
259,2021-10-08 04:10:50,19250.0,400.0,353800.0
260,2021-10-08 04:10:42,19250.0,500.0,353400.0
261,2021-10-08 04:10:06,19250.0,5000.0,352900.0
262,2021-10-08 04:09:40,19250.0,1000.0,347900.0
263,2021-10-08 04:09:37,19250.0,100.0,346900.0
264,2021-10-08 04:09:37,19250.0,300.0,346800.0
265,2021-10-08 04:09:37,19250.0,1000.0,346500.0
266,2021-10-08 04:09:37,19250.0,600.0,345500.0
267,2021-10-08 04:07:24,19250.0,400.0,344900.0
268,2021-10-08 04:07:24,19250.0,200.0,344500.0
269,2021-10-08 04:07:11,19250.0,800.0,344300.0
270,2021-10-08 04:07:11,19250.0,100.0,343500.0
271,2021-10-08 04:07:11,19250.0,600.0,343400.0
272,2021-10-08 04:05:50,19250.0,100.0,342800.0
273,2021-10-08 04:04:07,19250.0,300.0,342700.0
274,2021-10-08 04:04:07,19250.0,900.0,342400.0
275,2021-10-08 04:04:05,19250.0,100.0,341500.0
276,2021-10-08 04:04:05,19250.0,500.0,341400.0
277,2021-10-08 04:02:16,19250.0,100.0,340900.0
278,2021-10-08 04:02:16,19250.0,100.0,340800.0
279,2021-10-08 04:01:10,19250.0,1000.0,340700.0
280,2021-10-08 03:59:16,19250.0,100.0,339700.0
281,2021-10-08 03:58:27,19250.0,100.0,339600.0
282,2021-10-08 03:58:27,19250.0,100.0,339500.0
283,2021-10-08 03:58:27,19250.0,300.0,339400.0
284,2021-10-08 03:58:27,19250.0,100.0,339100.0
285,2021-10-08 03:58:27,19250.0,100.0,339000.0
286,2021-10-08 03:57:48,19250.0,900.0,338900.0
287,2021-10-08 03:57:48,19250.0,300.0,338000.0
288,2021-10-08 03:57:48,19250.0,500.0,337700.0
289,2021-10-08 03:57:48,19250.0,200.0,337200.0
290,2021-10-08 03:57:48,19250.0,1000.0,337000.0
291,2021-10-08 03:57:48,19250.0,100.0,336000.0
292,2021-10-08 03:56:23,19250.0,400.0,335900.0
293,2021-10-08 03:56:23,19250.0,100.0,335500.0
294,2021-10-08 03:56:13,19250.0,500.0,335400.0
295,2021-10-08 03:55:53,19250.0,300.0,334900.0
296,2021-10-08 03:55:00,19300.0,400.0,334600.0
297,2021-10-08 03:55:00,19300.0,100.0,334200.0
298,2021-10-08 03:53:30,19250.0,300.0,334100.0
299,2021-10-08 03:53:30,19300.0,200.0,333800.0
300,2021-10-08 03:53:22,19300.0,500.0,333600.0
301,2021-10-08 03:51:13,19300.0,200.0,333100.0
302,2021-10-08 03:50:58,19300.0,100.0,332900.0
303,2021-10-08 03:50:58,19300.0,100.0,332800.0
304,2021-10-08 03:50:58,19300.0,500.0,332700.0
305,2021-10-08 03:50:58,19300.0,100.0,332200.0
306,2021-10-08 03:50:01,19250.0,200.0,332100.0
307,2021-10-08 03:49:32,19250.0,500.0,331900.0
308,2021-10-08 03:49:12,19300.0,200.0,331400.0
309,2021-10-08 03:49:12,19300.0,200.0,331200.0
310,2021-10-08 03:49:12,19300.0,2500.0,331000.0
311,2021-10-08 03:49:12,19300.0,1000.0,328500.0
312,2021-10-08 03:49:12,19300.0,500.0,327500.0
313,2021-10-08 03:49:12,19300.0,600.0,327000.0
314,2021-10-08 03:48:34,19250.0,100.0,326400.0
315,2021-10-08 03:48:34,19250.0,900.0,326300.0
316,2021-10-08 03:47:56,19250.0,100.0,325400.0
317,2021-10-08 03:47:56,19250.0,900.0,325300.0
318,2021-10-08 03:47:19,19250.0,100.0,324400.0
319,2021-10-08 03:45:58,19300.0,1200.0,324300.0
320,2021-10-08 03:45:58,19300.0,200.0,323100.0
321,2021-10-08 03:45:58,19300.0,1600.0,322900.0
322,2021-10-08 03:45:29,19300.0,500.0,321300.0
323,2021-10-08 03:42:25,19300.0,200.0,320800.0
324,2021-10-08 03:42:25,19300.0,200.0,320600.0
325,2021-10-08 03:42:25,19300.0,400.0,320400.0
326,2021-10-08 03:42:18,19300.0,100.0,320000.0
327,2021-10-08 03:42:18,19300.0,500.0,319900.0
328,2021-10-08 03:42:18,19300.0,100.0,319400.0
329,2021-10-08 03:42:18,19300.0,1000.0,319300.0
330,2021-10-08 03:42:18,19300.0,500.0,318300.0
331,2021-10-08 03:42:18,19300.0,500.0,317800.0
332,2021-10-08 03:42:18,19300.0,100.0,317300.0
333,2021-10-08 03:42:18,19300.0,500.0,317200.0
334,2021-10-08 03:42:18,19300.0,700.0,316700.0
335,2021-10-08 03:42:07,19300.0,200.0,316000.0
336,2021-10-08 03:41:49,19300.0,100.0,315800.0
337,2021-10-08 03:41:49,19300.0,300.0,315700.0
338,2021-10-08 03:41:39,19300.0,1000.0,315400.0
339,2021-10-08 03:41:39,19300.0,1000.0,314400.0
340,2021-10-08 03:39:07,19350.0,300.0,313400.0
341,2021-10-08 03:39:07,19350.0,100.0,313100.0
342,2021-10-08 03:39:07,19350.0,500.0,313000.0
343,2021-10-08 03:39:07,19350.0,1200.0,312500.0
344,2021-10-08 03:39:07,19350.0,100.0,311300.0
345,2021-10-08 03:39:07,19350.0,200.0,311200.0
346,2021-10-08 03:39:07,19350.0,700.0,311000.0
347,2021-10-08 03:37:40,19350.0,100.0,310300.0
348,2021-10-08 03:37:22,19350.0,200.0,310200.0
349,2021-10-08 03:37:22,19350.0,900.0,310000.0
350,2021-10-08 03:37:22,19350.0,1000.0,309100.0
351,2021-10-08 03:37:22,19350.0,300.0,308100.0
352,2021-10-08 03:37:22,19350.0,100.0,307800.0
353,2021-10-08 03:37:22,19350.0,500.0,307700.0
354,2021-10-08 03:37:22,19350.0,700.0,307200.0
355,2021-10-08 03:37:22,19350.0,500.0,306500.0
356,2021-10-08 03:37:22,19350.0,100.0,306000.0
357,2021-10-08 03:37:22,19350.0,3000.0,305900.0
358,2021-10-08 03:37:22,19350.0,2000.0,302900.0
359,2021-10-08 03:37:22,19350.0,700.0,300900.0
360,2021-10-08 03:37:01,19350.0,300.0,300200.0
361,2021-10-08 03:37:01,19350.0,200.0,299900.0
362,2021-10-08 03:37:01,19350.0,200.0,299700.0
363,2021-10-08 03:37:01,19350.0,1000.0,299500.0
364,2021-10-08 03:37:01,19350.0,200.0,298500.0
365,2021-10-08 03:37:01,19350.0,5500.0,298300.0
366,2021-10-08 03:37:01,19350.0,100.0,292800.0
367,2021-10-08 03:37:01,19350.0,200.0,292700.0
368,2021-10-08 03:37:01,19350.0,1000.0,292500.0
369,2021-10-08 03:37:01,19350.0,1000.0,291500.0
370,2021-10-08 03:37:01,19350.0,500.0,290500.0
371,2021-10-08 03:37:01,19350.0,4800.0,290000.0
372,2021-10-08 03:36:50,19350.0,200.0,285200.0
373,2021-10-08 03:36:50,19350.0,100.0,285000.0
374,2021-10-08 03:36:50,19350.0,1000.0,284900.0
375,2021-10-08 03:36:50,19350.0,100.0,283900.0
376,2021-10-08 03:36:50,19350.0,100.0,283800.0
377,2021-10-08 03:36:50,19350.0,100.0,283700.0
378,2021-10-08 03:36:50,19350.0,2000.0,283600.0
379,2021-10-08 03:36:50,19350.0,3400.0,281600.0
380,2021-10-08 03:35:33,19400.0,500.0,278200.0
381,2021-10-08 03:34:53,19350.0,100.0,277700.0
382,2021-10-08 03:34:19,19400.0,100.0,277600.0
383,2021-10-08 03:34:12,19400.0,1000.0,277500.0
384,2021-10-08 03:33:59,19350.0,200.0,276500.0
385,2021-10-08 03:33:54,19400.0,500.0,276300.0
386,2021-10-08 03:33:53,19350.0,200.0,275800.0
387,2021-10-08 03:33:50,19350.0,1000.0,275600.0
388,2021-10-08 03:33:11,19350.0,100.0,274600.0
389,2021-10-08 03:33:11,19350.0,500.0,274500.0
390,2021-10-08 03:33:11,19350.0,100.0,274000.0
391,2021-10-08 03:33:11,19350.0,100.0,273900.0
392,2021-10-08 03:31:42,19400.0,100.0,273800.0
393,2021-10-08 03:31:42,19400.0,900.0,273700.0
394,2021-10-08 03:31:40,19400.0,1100.0,272800.0
395,2021-10-08 03:28:23,19400.0,500.0,271700.0
396,2021-10-08 03:26:02,19400.0,1000.0,271200.0
397,2021-10-08 03:25:38,19400.0,1500.0,270200.0
398,2021-10-08 03:25:34,19400.0,200.0,268700.0
399,2021-10-08 03:25:12,19400.0,300.0,268500.0
400,2021-10-08 03:23:48,19400.0,900.0,268200.0
401,2021-10-08 03:23:48,19400.0,400.0,267300.0
402,2021-10-08 03:23:48,19400.0,200.0,266900.0
403,2021-10-08 03:23:48,19400.0,300.0,266700.0
404,2021-10-08 03:23:48,19400.0,500.0,266400.0
405,2021-10-08 03:23:48,19400.0,1700.0,265900.0
406,2021-10-08 03:22:51,19400.0,300.0,264200.0
407,2021-10-08 03:21:19,19350.0,100.0,263900.0
408,2021-10-08 03:14:33,19350.0,200.0,263800.0
409,2021-10-08 03:13:29,19350.0,2600.0,263600.0
410,2021-10-08 03:13:29,19350.0,1400.0,261000.0
411,2021-10-08 03:12:25,19350.0,600.0,259600.0
412,2021-10-08 03:12:25,19350.0,200.0,259000.0
413,2021-10-08 03:12:25,19350.0,500.0,258800.0
414,2021-10-08 03:12:25,19350.0,300.0,258300.0
415,2021-10-08 03:12:25,19400.0,1600.0,258000.0
416,2021-10-08 03:11:08,19350.0,200.0,256400.0
417,2021-10-08 03:11:08,19350.0,100.0,256200.0
418,2021-10-08 03:11:08,19350.0,200.0,256100.0
419,2021-10-08 03:11:08,19350.0,100.0,255900.0
420,2021-10-08 03:11:08,19350.0,200.0,255800.0
421,2021-10-08 03:11:08,19350.0,1000.0,255600.0
422,2021-10-08 03:11:08,19350.0,1400.0,254600.0
423,2021-10-08 03:11:08,19350.0,1000.0,253200.0
424,2021-10-08 03:11:08,19350.0,1000.0,252200.0
425,2021-10-08 03:11:08,19350.0,500.0,251200.0
426,2021-10-08 03:11:08,19400.0,400.0,250700.0
427,2021-10-08 03:11:08,19400.0,200.0,250300.0
428,2021-10-08 03:11:08,19400.0,200.0,250100.0
429,2021-10-08 03:11:08,19400.0,400.0,249900.0
430,2021-10-08 03:11:08,19400.0,1000.0,249500.0
431,2021-10-08 03:10:55,19450.0,100.0,248500.0
432,2021-10-08 03:09:29,19400.0,1000.0,248400.0
433,2021-10-08 03:09:29,19400.0,3000.0,247400.0
434,2021-10-08 03:09:29,19400.0,1000.0,244400.0
435,2021-10-08 03:08:55,19400.0,100.0,243400.0
436,2021-10-08 03:08:55,19400.0,200.0,243300.0
437,2021-10-08 03:08:55,19400.0,500.0,243100.0
438,2021-10-08 03:08:55,19400.0,1000.0,242600.0
439,2021-10-08 03:08:55,19400.0,200.0,241600.0
440,2021-10-08 03:06:26,19400.0,800.0,241400.0
441,2021-10-08 03:06:26,19400.0,100.0,240600.0
442,2021-10-08 03:06:26,19400.0,700.0,240500.0
443,2021-10-08 03:06:26,19400.0,200.0,239800.0
444,2021-10-08 03:06:26,19400.0,1500.0,239600.0
445,2021-10-08 03:06:26,19400.0,300.0,238100.0
446,2021-10-08 03:06:26,19400.0,200.0,237800.0
447,2021-10-08 03:06:26,19400.0,200.0,237600.0
448,2021-10-08 03:05:23,19400.0,2000.0,237400.0
449,2021-10-08 03:05:19,19450.0,200.0,235400.0
450,2021-10-08 03:05:03,19400.0,800.0,235200.0
451,2021-10-08 03:05:03,19400.0,1200.0,234400.0
452,2021-10-08 03:04:22,19450.0,100.0,233200.0
453,2021-10-08 03:04:22,19450.0,100.0,233100.0
454,2021-10-08 03:04:22,19450.0,500.0,233000.0
455,2021-10-08 03:04:20,19450.0,100.0,232500.0
456,2021-10-08 03:02:22,19450.0,200.0,232400.0
457,2021-10-08 03:02:22,19450.0,200.0,232200.0
458,2021-10-08 03:02:09,19450.0,1000.0,232000.0
459,2021-10-08 03:02:09,19450.0,8800.0,231000.0
460,2021-10-08 03:02:02,19450.0,200.0,222200.0
461,2021-10-08 03:01:47,19450.0,500.0,222000.0
462,2021-10-08 03:01:14,19450.0,500.0,221500.0
463,2021-10-08 02:59:37,19450.0,1000.0,221000.0
464,2021-10-08 02:59:29,19450.0,200.0,220000.0
465,2021-10-08 02:59:29,19450.0,200.0,219800.0
466,2021-10-08 02:59:29,19450.0,1000.0,219600.0
467,2021-10-08 02:59:29,19450.0,100.0,218600.0
468,2021-10-08 02:59:26,19450.0,100.0,218500.0
469,2021-10-08 02:57:39,19450.0,500.0,218400.0
470,2021-10-08 02:57:24,19450.0,100.0,217900.0
471,2021-10-08 02:53:33,19450.0,1200.0,217800.0
472,2021-10-08 02:53:33,19450.0,800.0,216600.0
473,2021-10-08 02:52:24,19450.0,500.0,215800.0
474,2021-10-08 02:52:09,19450.0,300.0,215300.0
475,2021-10-08 02:52:08,19400.0,100.0,215000.0
476,2021-10-08 02:52:06,19450.0,1000.0,214900.0
477,2021-10-08 02:51:49,19450.0,500.0,213900.0
478,2021-10-08 02:51:33,19450.0,1000.0,213400.0
479,2021-10-08 02:51:24,19450.0,100.0,212400.0
480,2021-10-08 02:50:54,19450.0,1000.0,212300.0
481,2021-10-08 02:48:58,19400.0,1000.0,211300.0
482,2021-10-08 02:48:17,19400.0,2700.0,210300.0
483,2021-10-08 02:46:24,19450.0,5000.0,207600.0
484,2021-10-08 02:45:23,19450.0,1000.0,202600.0
485,2021-10-08 02:45:18,19450.0,1000.0,201600.0
486,2021-10-08 02:44:55,19450.0,1000.0,200600.0
487,2021-10-08 02:44:50,19450.0,300.0,199600.0
488,2021-10-08 02:44:44,19450.0,200.0,199300.0
489,2021-10-08 02:44:44,19450.0,300.0,199100.0
490,2021-10-08 02:44:31,19450.0,100.0,198800.0
491,2021-10-08 02:43:54,19450.0,1800.0,198700.0
492,2021-10-08 02:43:39,19450.0,2200.0,196900.0
493,2021-10-08 02:43:11,19450.0,1000.0,194700.0
494,2021-10-08 02:43:02,19500.0,200.0,193700.0
495,2021-10-08 02:42:44,19450.0,1000.0,193500.0
496,2021-10-08 02:42:44,19450.0,3600.0,192500.0
497,2021-10-08 02:41:23,19450.0,500.0,188900.0
498,2021-10-08 02:40:45,19450.0,900.0,188400.0
499,2021-10-08 02:40:45,19450.0,100.0,187500.0
500,2021-10-08 02:39:48,19400.0,7600.0,187400.0
501,2021-10-08 02:39:48,19400.0,200.0,179800.0
502,2021-10-08 02:39:48,19400.0,400.0,179600.0
503,2021-10-08 02:39:48,19400.0,1000.0,179200.0
504,2021-10-08 02:39:48,19400.0,1000.0,178200.0
505,2021-10-08 02:39:48,19400.0,400.0,177200.0
506,2021-10-08 02:39:48,19400.0,300.0,176800.0
507,2021-10-08 02:39:48,19400.0,1000.0,176500.0
508,2021-10-08 02:39:48,19400.0,4900.0,175500.0
509,2021-10-08 02:39:48,19400.0,100.0,170600.0
510,2021-10-08 02:39:48,19400.0,1000.0,170500.0
511,2021-10-08 02:39:48,19400.0,300.0,169500.0
512,2021-10-08 02:39:48,19400.0,1000.0,169200.0
513,2021-10-08 02:39:48,19400.0,400.0,168200.0
514,2021-10-08 02:39:48,19400.0,400.0,167800.0
515,2021-10-08 02:39:41,19450.0,100.0,167400.0
516,2021-10-08 02:39:17,19450.0,1800.0,167300.0
517,2021-10-08 02:39:17,19450.0,300.0,165500.0
518,2021-10-08 02:39:17,19450.0,100.0,165200.0
519,2021-10-08 02:39:17,19450.0,800.0,165100.0
520,2021-10-08 02:38:43,19450.0,4200.0,164300.0
521,2021-10-08 02:38:43,19450.0,300.0,160100.0
522,2021-10-08 02:38:43,19450.0,500.0,159800.0
523,2021-10-08 02:38:43,19450.0,300.0,159300.0
524,2021-10-08 02:38:17,19450.0,200.0,159000.0
525,2021-10-08 02:37:36,19450.0,400.0,158800.0
526,2021-10-08 02:37:36,19450.0,100.0,158400.0
527,2021-10-08 02:37:36,19450.0,100.0,158300.0
528,2021-10-08 02:37:36,19450.0,100.0,158200.0
529,2021-10-08 02:37:36,19450.0,500.0,158100.0
530,2021-10-08 02:37:36,19450.0,3000.0,157600.0
531,2021-10-08 02:37:36,19450.0,2300.0,154600.0
532,2021-10-08 02:37:27,19450.0,500.0,152300.0
533,2021-10-08 02:35:35,19450.0,500.0,151800.0
534,2021-10-08 02:34:51,19450.0,300.0,151300.0
535,2021-10-08 02:33:52,19450.0,600.0,151000.0
536,2021-10-08 02:32:15,19450.0,3600.0,150400.0
537,2021-10-08 02:32:12,19450.0,400.0,146800.0
538,2021-10-08 02:31:59,19450.0,1000.0,146400.0
539,2021-10-08 02:31:59,19450.0,100.0,145400.0
540,2021-10-08 02:31:59,19450.0,900.0,145300.0
541,2021-10-08 02:31:42,19450.0,4100.0,144400.0
542,2021-10-08 02:31:42,19450.0,200.0,140300.0
543,2021-10-08 02:31:42,19450.0,400.0,140100.0
544,2021-10-08 02:31:42,19450.0,3300.0,139700.0
545,2021-10-08 02:30:31,19450.0,3000.0,136400.0
546,2021-10-08 02:29:44,19450.0,200.0,133400.0
547,2021-10-08 02:29:27,19450.0,1500.0,133200.0
548,2021-10-08 02:29:24,19450.0,300.0,131700.0
549,2021-10-08 02:29:11,19450.0,500.0,131400.0
550,2021-10-08 02:28:11,19400.0,100.0,130900.0
551,2021-10-08 02:28:11,19400.0,200.0,130800.0
552,2021-10-08 02:28:11,19400.0,500.0,130600.0
553,2021-10-08 02:28:11,19400.0,200.0,130100.0
554,2021-10-08 02:28:09,19450.0,300.0,129900.0
555,2021-10-08 02:28:08,19450.0,1100.0,129600.0
556,2021-10-08 02:28:02,19450.0,1000.0,128500.0
557,2021-10-08 02:27:50,19400.0,200.0,127500.0
558,2021-10-08 02:27:09,19400.0,400.0,127300.0
559,2021-10-08 02:27:02,19400.0,100.0,126900.0
560,2021-10-08 02:26:45,19400.0,100.0,126800.0
561,2021-10-08 02:26:45,19400.0,300.0,126700.0
562,2021-10-08 02:26:43,19400.0,200.0,126400.0
563,2021-10-08 02:26:01,19400.0,500.0,126200.0
564,2021-10-08 02:25:46,19400.0,600.0,125700.0
565,2021-10-08 02:25:22,19400.0,100.0,125100.0
566,2021-10-08 02:25:03,19400.0,100.0,125000.0
567,2021-10-08 02:24:09,19400.0,1400.0,124900.0
568,2021-10-08 02:24:09,19400.0,200.0,123500.0
569,2021-10-08 02:24:09,19400.0,100.0,123300.0
570,2021-10-08 02:24:09,19400.0,3000.0,123200.0
571,2021-10-08 02:24:09,19400.0,300.0,120200.0
572,2021-10-08 02:24:00,19450.0,500.0,119900.0
573,2021-10-08 02:23:59,19450.0,2000.0,119400.0
574,2021-10-08 02:23:55,19450.0,1000.0,117400.0
575,2021-10-08 02:23:51,19450.0,300.0,116400.0
576,2021-10-08 02:23:38,19450.0,1000.0,116100.0
577,2021-10-08 02:23:35,19450.0,1000.0,115100.0
578,2021-10-08 02:23:35,19450.0,10000.0,114100.0
579,2021-10-08 02:23:35,19450.0,1000.0,104100.0
580,2021-10-08 02:23:35,19450.0,2000.0,103100.0
581,2021-10-08 02:23:33,19500.0,100.0,101100.0
582,2021-10-08 02:23:33,19500.0,100.0,101000.0
583,2021-10-08 02:23:33,19500.0,100.0,100900.0
584,2021-10-08 02:23:33,19500.0,1700.0,100800.0
585,2021-10-08 02:23:01,19500.0,2300.0,99100.0
586,2021-10-08 02:23:01,19500.0,700.0,96800.0
587,2021-10-08 02:22:41,19450.0,500.0,96100.0
588,2021-10-08 02:22:41,19450.0,1000.0,95600.0
589,2021-10-08 02:22:41,19450.0,500.0,94600.0
590,2021-10-08 02:22:04,19450.0,500.0,94100.0
591,2021-10-08 02:21:52,19450.0,200.0,93600.0
592,2021-10-08 02:21:48,19450.0,100.0,93400.0
593,2021-10-08 02:21:46,19450.0,200.0,93300.0
594,2021-10-08 02:21:32,19450.0,1000.0,93100.0
595,2021-10-08 02:21:23,19450.0,500.0,92100.0
596,2021-10-08 02:21:21,19450.0,1000.0,91600.0
597,2021-10-08 02:21:08,19450.0,500.0,90600.0
598,2021-10-08 02:21:08,19450.0,100.0,90100.0
599,2021-10-08 02:21:08,19450.0,100.0,90000.0
600,2021-10-08 02:21:08,19450.0,1800.0,89900.0
601,2021-10-08 02:20:46,19450.0,200.0,88100.0
602,2021-10-08 02:20:46,19450.0,1000.0,87900.0
603,2021-10-08 02:20:46,19450.0,800.0,86900.0
604,2021-10-08 02:20:46,19500.0,1000.0,86100.0
605,2021-10-08 02:20:38,19500.0,1300.0,85100.0
606,2021-10-08 02:20:38,19500.0,700.0,83800.0
607,2021-10-08 02:20:30,19500.0,1000.0,83100.0
608,2021-10-08 02:20:15,19500.0,100.0,82100.0
609,2021-10-08 02:19:53,19500.0,1600.0,82000.0
610,2021-10-08 02:19:53,19500.0,5000.0,80400.0
611,2021-10-08 02:19:53,19500.0,1600.0,75400.0
612,2021-10-08 02:19:41,19550.0,100.0,73800.0
613,2021-10-08 02:19:32,19550.0,500.0,73700.0
614,2021-10-08 02:19:32,19550.0,4500.0,73200.0
615,2021-10-08 02:19:19,19550.0,100.0,68700.0
616,2021-10-08 02:19:14,19500.0,100.0,68600.0
617,2021-10-08 02:19:14,19550.0,400.0,68500.0
618,2021-10-08 02:19:14,19550.0,300.0,68100.0
619,2021-10-08 02:19:11,19500.0,300.0,67800.0
620,2021-10-08 02:19:07,19500.0,300.0,67500.0
621,2021-10-08 02:19:07,19500.0,200.0,67200.0
622,2021-10-08 02:19:07,19500.0,10000.0,67000.0
623,2021-10-08 02:19:07,19500.0,500.0,57000.0
624,2021-10-08 02:19:07,19500.0,2000.0,56500.0
625,2021-10-08 02:19:07,19500.0,1000.0,54500.0
626,2021-10-08 02:19:07,19500.0,200.0,53500.0
627,2021-10-08 02:19:07,19500.0,500.0,53300.0
628,2021-10-08 02:19:04,19550.0,3000.0,52800.0
629,2021-10-08 02:18:31,19550.0,1000.0,49800.0
630,2021-10-08 02:18:26,19500.0,200.0,48800.0
631,2021-10-08 02:17:53,19500.0,300.0,48600.0
632,2021-10-08 02:17:53,19500.0,100.0,48300.0
633,2021-10-08 02:17:53,19500.0,100.0,48200.0
634,2021-10-08 02:17:50,19550.0,100.0,48100.0
635,2021-10-08 02:17:40,19550.0,200.0,48000.0
636,2021-10-08 02:17:31,19550.0,400.0,47800.0
637,2021-10-08 02:17:31,19550.0,100.0,47400.0
638,2021-10-08 02:17:20,19550.0,500.0,47300.0
639,2021-10-08 02:17:18,19550.0,100.0,46800.0
640,2021-10-08 02:17:10,19550.0,100.0,46700.0
641,2021-10-08 02:17:07,19550.0,200.0,46600.0
642,2021-10-08 02:17:07,19550.0,100.0,46400.0
643,2021-10-08 02:17:07,19550.0,1100.0,46300.0
644,2021-10-08 02:17:07,19550.0,300.0,45200.0
645,2021-10-08 02:17:04,19500.0,900.0,44900.0
646,2021-10-08 02:17:04,19500.0,100.0,44000.0
647,2021-10-08 02:16:51,19550.0,3500.0,43900.0
648,2021-10-08 02:16:51,19550.0,900.0,40400.0
649,2021-10-08 02:16:51,19550.0,1000.0,39500.0
650,2021-10-08 02:16:51,19550.0,600.0,38500.0
651,2021-10-08 02:16:51,19550.0,400.0,37900.0
652,2021-10-08 02:16:51,19550.0,100.0,37500.0
653,2021-10-08 02:16:51,19550.0,400.0,37400.0
654,2021-10-08 02:16:51,19550.0,100.0,37000.0
655,2021-10-08 02:16:39,19550.0,400.0,36900.0
656,2021-10-08 02:16:39,19550.0,100.0,36500.0
657,2021-10-08 02:16:33,19500.0,400.0,36400.0
658,2021-10-08 02:16:33,19500.0,4600.0,36000.0
659,2021-10-08 02:16:08,19500.0,400.0,31400.0
660,2021-10-08 02:16:04,19500.0,200.0,31000.0
661,2021-10-08 02:16:04,19500.0,9400.0,30800.0
662,2021-10-08 02:15:25,19500.0,600.0,21400.0
663,2021-10-08 02:15:00,19500.0,400.0,20800.0
664,2021-10-08 02:15:00,19500.0,300.0,20400.0
665,2021-10-08 02:15:00,19500.0,300.0,20100.0
666,2021-10-08 02:15:00,19500.0,100.0,19800.0
667,2021-10-08 02:15:00,19500.0,300.0,19700.0
668,2021-10-08 02:15:00,19500.0,100.0,19400.0
669,2021-10-08 02:15:00,19500.0,3200.0,19300.0
670,2021-10-08 02:15:00,19500.0,1900.0,16100.0
671,2021-10-08 02:15:00,19500.0,100.0,14200.0
672,2021-10-08 02:15:00,19500.0,100.0,14100.0
673,2021-10-08 02:15:00,19500.0,900.0,14000.0
674,2021-10-08 02:15:00,19500.0,2000.0,13100.0
675,2021-10-08 02:15:00,19500.0,500.0,11100.0
676,2021-10-08 02:15:00,19500.0,1000.0,10600.0
677,2021-10-08 02:15:00,19500.0,500.0,9600.0
678,2021-10-08 02:15:00,19500.0,2100.0,9100.0
679,2021-10-08 02:15:00,19500.0,100.0,7000.0
680,2021-10-08 02:15:00,19500.0,2000.0,6900.0
681,2021-10-08 02:15:00,19500.0,100.0,4900.0
682,2021-10-08 02:15:00,19500.0,200.0,4800.0
683,2021-10-08 02:15:00,19500.0,1000.0,4600.0
684,2021-10-08 02:15:00,19500.0,100.0,3600.0
685,2021-10-08 02:15:00,19500.0,800.0,3500.0
686,2021-10-08 02:15:00,19500.0,100.0,2700.0
687,2021-10-08 02:15:00,19500.0,100.0,2600.0
688,2021-10-08 02:15:00,19500.0,500.0,2500.0
689,2021-10-08 02:15:00,19500.0,600.0,2000.0
690,2021-10-08 02:15:00,19500.0,100.0,1400.0
691,2021-10-08 02:15:00,19500.0,300.0,1300.0
692,2021-10-08 02:15:00,19500.0,700.0,1000.0
693,2021-10-08 02:15:00,19500.0,300.0,300.0
