,Time,Price,Volume_per_trade,Volume
0,2021-10-05 07:45:00,7390.0,1000.0,900700.0
1,2021-10-05 07:45:00,7390.0,200.0,899700.0
2,2021-10-05 07:45:00,7390.0,900.0,899500.0
3,2021-10-05 07:45:00,7390.0,10000.0,898600.0
4,2021-10-05 07:45:00,7390.0,6000.0,888600.0
5,2021-10-05 07:45:00,7390.0,2700.0,882600.0
6,2021-10-05 07:45:00,7390.0,100.0,879900.0
7,2021-10-05 07:45:00,7390.0,6600.0,879800.0
8,2021-10-05 07:45:00,7390.0,200.0,873200.0
9,2021-10-05 07:45:00,7390.0,200.0,873000.0
10,2021-10-05 07:45:00,7390.0,200.0,872800.0
11,2021-10-05 07:45:00,7390.0,2000.0,872600.0
12,2021-10-05 07:45:00,7390.0,3000.0,870600.0
13,2021-10-05 07:29:37,7390.0,10000.0,867600.0
14,2021-10-05 07:29:30,7390.0,100.0,857600.0
15,2021-10-05 07:29:11,7390.0,500.0,857500.0
16,2021-10-05 07:29:09,7380.0,1100.0,857000.0
17,2021-10-05 07:29:09,7380.0,1000.0,855900.0
18,2021-10-05 07:29:09,7380.0,400.0,854900.0
19,2021-10-05 07:29:09,7370.0,500.0,854500.0
20,2021-10-05 07:29:09,7370.0,300.0,854000.0
21,2021-10-05 07:29:09,7350.0,200.0,853700.0
22,2021-10-05 07:29:09,7350.0,200.0,853500.0
23,2021-10-05 07:29:09,7350.0,5000.0,853300.0
24,2021-10-05 07:29:09,7350.0,1800.0,848300.0
25,2021-10-05 07:29:09,7350.0,100.0,846500.0
26,2021-10-05 07:29:09,7350.0,1000.0,846400.0
27,2021-10-05 07:29:09,7350.0,1700.0,845400.0
28,2021-10-05 07:29:03,7340.0,800.0,843700.0
29,2021-10-05 07:28:51,7340.0,200.0,842900.0
30,2021-10-05 07:28:37,7340.0,200.0,842700.0
31,2021-10-05 07:27:56,7330.0,1000.0,842500.0
32,2021-10-05 07:27:56,7330.0,100.0,841500.0
33,2021-10-05 07:27:56,7330.0,200.0,841400.0
34,2021-10-05 07:27:23,7320.0,1800.0,841200.0
35,2021-10-05 07:27:13,7310.0,500.0,839400.0
36,2021-10-05 07:27:01,7320.0,700.0,838900.0
37,2021-10-05 07:26:37,7320.0,1100.0,838200.0
38,2021-10-05 07:26:37,7330.0,300.0,837100.0
39,2021-10-05 07:26:30,7330.0,500.0,836800.0
40,2021-10-05 07:26:30,7330.0,200.0,836300.0
41,2021-10-05 07:26:15,7320.0,900.0,836100.0
42,2021-10-05 07:26:13,7320.0,100.0,835200.0
43,2021-10-05 07:24:17,7300.0,1000.0,835100.0
44,2021-10-05 07:23:46,7300.0,200.0,834100.0
45,2021-10-05 07:23:46,7300.0,300.0,833900.0
46,2021-10-05 07:23:25,7300.0,700.0,833600.0
47,2021-10-05 07:23:25,7300.0,200.0,832900.0
48,2021-10-05 07:23:25,7300.0,100.0,832700.0
49,2021-10-05 07:23:25,7300.0,700.0,832600.0
50,2021-10-05 07:23:25,7300.0,1000.0,831900.0
51,2021-10-05 07:23:25,7300.0,500.0,830900.0
52,2021-10-05 07:23:25,7300.0,200.0,830400.0
53,2021-10-05 07:23:25,7300.0,300.0,830200.0
54,2021-10-05 07:22:50,7300.0,200.0,829900.0
55,2021-10-05 07:21:27,7280.0,1400.0,829700.0
56,2021-10-05 07:21:27,7280.0,1800.0,828300.0
57,2021-10-05 07:21:04,7260.0,1300.0,826500.0
58,2021-10-05 07:20:49,7260.0,1000.0,825200.0
59,2021-10-05 07:19:27,7260.0,1000.0,824200.0
60,2021-10-05 07:19:09,7250.0,100.0,823200.0
61,2021-10-05 07:19:09,7250.0,1000.0,823100.0
62,2021-10-05 07:19:09,7250.0,100.0,822100.0
63,2021-10-05 07:19:09,7250.0,1000.0,822000.0
64,2021-10-05 07:19:09,7250.0,400.0,821000.0
65,2021-10-05 07:19:03,7250.0,1600.0,820600.0
66,2021-10-05 07:19:03,7250.0,600.0,819000.0
67,2021-10-05 07:17:59,7250.0,2000.0,818400.0
68,2021-10-05 07:17:48,7240.0,1000.0,816400.0
69,2021-10-05 07:17:48,7240.0,1000.0,815400.0
70,2021-10-05 07:17:45,7240.0,2100.0,814400.0
71,2021-10-05 07:17:45,7240.0,1500.0,812300.0
72,2021-10-05 07:17:28,7240.0,500.0,810800.0
73,2021-10-05 07:17:28,7240.0,500.0,810300.0
74,2021-10-05 07:17:28,7240.0,3900.0,809800.0
75,2021-10-05 07:17:28,7240.0,100.0,805900.0
76,2021-10-05 07:17:25,7230.0,500.0,805800.0
77,2021-10-05 07:16:40,7230.0,2000.0,805300.0
78,2021-10-05 07:16:40,7230.0,1000.0,803300.0
79,2021-10-05 07:16:40,7230.0,1000.0,802300.0
80,2021-10-05 07:16:40,7230.0,1000.0,801300.0
81,2021-10-05 07:16:40,7230.0,1000.0,800300.0
82,2021-10-05 07:16:37,7200.0,300.0,799300.0
83,2021-10-05 07:16:07,7200.0,2200.0,799000.0
84,2021-10-05 07:16:07,7200.0,1000.0,796800.0
85,2021-10-05 07:16:07,7200.0,1000.0,795800.0
86,2021-10-05 07:16:07,7200.0,900.0,794800.0
87,2021-10-05 07:16:07,7200.0,1000.0,793900.0
88,2021-10-05 07:16:07,7200.0,200.0,792900.0
89,2021-10-05 07:16:07,7200.0,100.0,792700.0
90,2021-10-05 07:16:07,7200.0,10000.0,792600.0
91,2021-10-05 07:16:07,7200.0,3600.0,782600.0
92,2021-10-05 07:15:54,7190.0,2000.0,779000.0
93,2021-10-05 07:15:54,7190.0,2300.0,777000.0
94,2021-10-05 07:15:24,7170.0,300.0,774700.0
95,2021-10-05 07:15:24,7180.0,3700.0,774400.0
96,2021-10-05 07:15:20,7180.0,2800.0,770700.0
97,2021-10-05 07:15:20,7180.0,600.0,767900.0
98,2021-10-05 07:14:55,7180.0,400.0,767300.0
99,2021-10-05 07:14:46,7180.0,1700.0,766900.0
100,2021-10-05 07:14:32,7180.0,1000.0,765200.0
101,2021-10-05 07:13:49,7180.0,1000.0,764200.0
102,2021-10-05 07:13:32,7180.0,5000.0,763200.0
103,2021-10-05 07:13:27,7180.0,100.0,758200.0
104,2021-10-05 07:13:27,7180.0,1000.0,758100.0
105,2021-10-05 07:13:27,7180.0,100.0,757100.0
106,2021-10-05 07:11:22,7190.0,700.0,757000.0
107,2021-10-05 07:10:58,7190.0,300.0,756300.0
108,2021-10-05 07:10:58,7190.0,1000.0,756000.0
109,2021-10-05 07:06:12,7190.0,100.0,755000.0
110,2021-10-05 07:04:12,7200.0,5000.0,754900.0
111,2021-10-05 07:03:24,7180.0,500.0,749900.0
112,2021-10-05 07:03:08,7180.0,500.0,749400.0
113,2021-10-05 07:03:08,7180.0,2500.0,748900.0
114,2021-10-05 07:02:58,7180.0,1900.0,746400.0
115,2021-10-05 07:02:32,7180.0,600.0,744500.0
116,2021-10-05 07:00:36,7180.0,200.0,743900.0
117,2021-10-05 06:57:09,7170.0,500.0,743700.0
118,2021-10-05 06:56:47,7170.0,300.0,743200.0
119,2021-10-05 06:56:47,7170.0,500.0,742900.0
120,2021-10-05 06:56:47,7170.0,200.0,742400.0
121,2021-10-05 06:56:14,7170.0,300.0,742200.0
122,2021-10-05 06:56:14,7170.0,500.0,741900.0
123,2021-10-05 06:52:26,7170.0,500.0,741400.0
124,2021-10-05 06:51:00,7170.0,1000.0,740900.0
125,2021-10-05 06:50:47,7170.0,100.0,739900.0
126,2021-10-05 06:50:47,7170.0,100.0,739800.0
127,2021-10-05 06:50:31,7170.0,200.0,739700.0
128,2021-10-05 06:48:33,7170.0,100.0,739500.0
129,2021-10-05 06:46:54,7200.0,3000.0,739400.0
130,2021-10-05 06:45:56,7200.0,6500.0,736400.0
131,2021-10-05 06:45:56,7180.0,500.0,729900.0
132,2021-10-05 06:45:56,7180.0,3000.0,729400.0
133,2021-10-05 06:45:41,7180.0,1000.0,726400.0
134,2021-10-05 06:45:41,7180.0,200.0,725400.0
135,2021-10-05 06:45:41,7180.0,200.0,725200.0
136,2021-10-05 06:45:41,7180.0,100.0,725000.0
137,2021-10-05 06:45:41,7180.0,2800.0,724900.0
138,2021-10-05 06:45:41,7190.0,300.0,722100.0
139,2021-10-05 06:44:36,7180.0,7200.0,721800.0
140,2021-10-05 06:44:36,7180.0,1800.0,714600.0
141,2021-10-05 06:44:36,7190.0,100.0,712800.0
142,2021-10-05 06:44:36,7190.0,100.0,712700.0
143,2021-10-05 06:44:36,7190.0,800.0,712600.0
144,2021-10-05 06:44:23,7190.0,300.0,711800.0
145,2021-10-05 06:43:54,7200.0,4500.0,711500.0
146,2021-10-05 06:43:45,7200.0,500.0,707000.0
147,2021-10-05 06:43:45,7200.0,100.0,706500.0
148,2021-10-05 06:43:45,7200.0,1000.0,706400.0
149,2021-10-05 06:43:45,7200.0,300.0,705400.0
150,2021-10-05 06:43:45,7200.0,500.0,705100.0
151,2021-10-05 06:43:45,7200.0,500.0,704600.0
152,2021-10-05 06:43:45,7200.0,200.0,704100.0
153,2021-10-05 06:43:45,7200.0,300.0,703900.0
154,2021-10-05 06:43:45,7200.0,1000.0,703600.0
155,2021-10-05 06:43:45,7200.0,5000.0,702600.0
156,2021-10-05 06:43:28,7200.0,10000.0,697600.0
157,2021-10-05 06:43:19,7200.0,1000.0,687600.0
158,2021-10-05 06:42:52,7200.0,2000.0,686600.0
159,2021-10-05 06:41:32,7200.0,100.0,684600.0
160,2021-10-05 06:39:22,7200.0,1900.0,684500.0
161,2021-10-05 06:39:22,7200.0,100.0,682600.0
162,2021-10-05 06:39:22,7200.0,1000.0,682500.0
163,2021-10-05 06:39:02,7200.0,300.0,681500.0
164,2021-10-05 06:39:02,7210.0,200.0,681200.0
165,2021-10-05 06:39:02,7210.0,3000.0,681000.0
166,2021-10-05 06:39:02,7210.0,100.0,678000.0
167,2021-10-05 06:39:02,7210.0,2200.0,677900.0
168,2021-10-05 06:39:02,7220.0,500.0,675700.0
169,2021-10-05 06:39:02,7220.0,500.0,675200.0
170,2021-10-05 06:39:02,7220.0,1000.0,674700.0
171,2021-10-05 06:39:02,7220.0,2200.0,673700.0
172,2021-10-05 06:37:31,7220.0,100.0,671500.0
173,2021-10-05 06:35:54,7220.0,200.0,671400.0
174,2021-10-05 06:35:54,7220.0,2500.0,671200.0
175,2021-10-05 06:35:14,7220.0,1000.0,668700.0
176,2021-10-05 06:34:54,7220.0,500.0,667700.0
177,2021-10-05 06:31:46,7220.0,1000.0,667200.0
178,2021-10-05 06:27:32,7210.0,800.0,666200.0
179,2021-10-05 06:27:32,7220.0,100.0,665400.0
180,2021-10-05 06:25:08,7250.0,1400.0,665300.0
181,2021-10-05 06:25:07,7250.0,3000.0,663900.0
182,2021-10-05 06:25:07,7250.0,2100.0,660900.0
183,2021-10-05 06:25:07,7250.0,1000.0,658800.0
184,2021-10-05 06:25:07,7250.0,5000.0,657800.0
185,2021-10-05 06:25:07,7250.0,4500.0,652800.0
186,2021-10-05 06:24:41,7220.0,1900.0,648300.0
187,2021-10-05 06:24:26,7220.0,200.0,646400.0
188,2021-10-05 06:24:19,7220.0,3000.0,646200.0
189,2021-10-05 06:24:19,7220.0,200.0,643200.0
190,2021-10-05 06:24:19,7240.0,700.0,643000.0
191,2021-10-05 06:23:56,7240.0,300.0,642300.0
192,2021-10-05 06:22:49,7250.0,200.0,642000.0
193,2021-10-05 06:22:23,7250.0,300.0,641800.0
194,2021-10-05 06:20:54,7250.0,3000.0,641500.0
195,2021-10-05 06:20:54,7230.0,17000.0,638500.0
196,2021-10-05 06:20:34,7230.0,1000.0,621500.0
197,2021-10-05 06:19:36,7230.0,1000.0,620500.0
198,2021-10-05 06:19:23,7230.0,3000.0,619500.0
199,2021-10-05 06:19:02,7250.0,1700.0,616500.0
200,2021-10-05 06:18:05,7250.0,200.0,614800.0
201,2021-10-05 06:16:43,7250.0,10100.0,614600.0
202,2021-10-05 06:16:43,7250.0,5000.0,604500.0
203,2021-10-05 06:16:43,7250.0,4000.0,599500.0
204,2021-10-05 06:16:43,7250.0,100.0,595500.0
205,2021-10-05 06:16:43,7250.0,200.0,595400.0
206,2021-10-05 06:16:43,7250.0,200.0,595200.0
207,2021-10-05 06:16:43,7250.0,400.0,595000.0
208,2021-10-05 06:15:09,7250.0,100.0,594600.0
209,2021-10-05 06:14:28,7200.0,1000.0,594500.0
210,2021-10-05 06:14:26,7200.0,500.0,593500.0
211,2021-10-05 06:13:33,7200.0,200.0,593000.0
212,2021-10-05 06:13:33,7200.0,200.0,592800.0
213,2021-10-05 06:12:17,7200.0,800.0,592600.0
214,2021-10-05 06:11:51,7200.0,4200.0,591800.0
215,2021-10-05 06:11:51,7200.0,1000.0,587600.0
216,2021-10-05 06:11:51,7200.0,500.0,586600.0
217,2021-10-05 06:11:51,7200.0,500.0,586100.0
218,2021-10-05 06:11:51,7200.0,200.0,585600.0
219,2021-10-05 06:11:51,7200.0,100.0,585400.0
220,2021-10-05 06:11:51,7200.0,1000.0,585300.0
221,2021-10-05 06:11:51,7200.0,1500.0,584300.0
222,2021-10-05 06:11:51,7200.0,800.0,582800.0
223,2021-10-05 06:11:51,7200.0,200.0,582000.0
224,2021-10-05 06:11:07,7200.0,300.0,581800.0
225,2021-10-05 06:06:38,7190.0,900.0,581500.0
226,2021-10-05 06:06:28,7180.0,200.0,580600.0
227,2021-10-05 06:06:28,7180.0,300.0,580400.0
228,2021-10-05 06:05:13,7180.0,1700.0,580100.0
229,2021-10-05 06:03:16,7180.0,100.0,578400.0
230,2021-10-05 06:00:38,7180.0,1000.0,578300.0
231,2021-10-05 06:00:18,7180.0,1000.0,577300.0
232,2021-10-05 06:00:18,7180.0,100.0,576300.0
233,2021-10-05 06:00:18,7180.0,200.0,576200.0
234,2021-10-05 06:00:18,7180.0,100.0,576000.0
235,2021-10-05 06:00:18,7180.0,100.0,575900.0
236,2021-10-05 06:00:18,7180.0,100.0,575800.0
237,2021-10-05 06:00:18,7180.0,300.0,575700.0
238,2021-10-05 06:00:18,7180.0,1300.0,575400.0
239,2021-10-05 06:00:09,7200.0,2000.0,574100.0
240,2021-10-05 06:00:02,7180.0,700.0,572100.0
241,2021-10-05 06:00:02,7180.0,1000.0,571400.0
242,2021-10-05 06:00:02,7180.0,1000.0,570400.0
243,2021-10-05 06:00:02,7180.0,300.0,569400.0
244,2021-10-05 04:29:41,7180.0,100.0,569100.0
245,2021-10-05 04:27:43,7180.0,100.0,569000.0
246,2021-10-05 04:26:25,7180.0,1000.0,568900.0
247,2021-10-05 04:26:25,7180.0,900.0,567900.0
248,2021-10-05 04:26:25,7190.0,100.0,567000.0
249,2021-10-05 04:23:28,7180.0,100.0,566900.0
250,2021-10-05 04:23:28,7180.0,500.0,566800.0
251,2021-10-05 04:23:28,7180.0,900.0,566300.0
252,2021-10-05 04:21:54,7180.0,100.0,565400.0
253,2021-10-05 04:21:15,7180.0,500.0,565300.0
254,2021-10-05 04:19:47,7180.0,100.0,564800.0
255,2021-10-05 04:19:22,7170.0,900.0,564700.0
256,2021-10-05 04:19:22,7170.0,1000.0,563800.0
257,2021-10-05 04:19:22,7170.0,100.0,562800.0
258,2021-10-05 04:19:10,7180.0,200.0,562700.0
259,2021-10-05 04:18:49,7180.0,2000.0,562500.0
260,2021-10-05 04:18:49,7180.0,10000.0,560500.0
261,2021-10-05 04:18:49,7180.0,200.0,550500.0
262,2021-10-05 04:18:49,7180.0,400.0,550300.0
263,2021-10-05 04:18:49,7190.0,1000.0,549900.0
264,2021-10-05 04:18:49,7190.0,200.0,548900.0
265,2021-10-05 04:18:49,7190.0,300.0,548700.0
266,2021-10-05 04:17:07,7200.0,500.0,548400.0
267,2021-10-05 04:16:55,7200.0,2000.0,547900.0
268,2021-10-05 04:16:16,7200.0,100.0,545900.0
269,2021-10-05 04:15:46,7200.0,600.0,545800.0
270,2021-10-05 04:15:46,7200.0,200.0,545200.0
271,2021-10-05 04:15:37,7200.0,1000.0,545000.0
272,2021-10-05 04:15:02,7190.0,1000.0,544000.0
273,2021-10-05 04:14:56,7200.0,100.0,543000.0
274,2021-10-05 04:14:39,7200.0,2000.0,542900.0
275,2021-10-05 04:14:11,7200.0,100.0,540900.0
276,2021-10-05 04:13:14,7190.0,3700.0,540800.0
277,2021-10-05 04:13:00,7190.0,30000.0,537100.0
278,2021-10-05 04:12:44,7180.0,500.0,507100.0
279,2021-10-05 04:12:43,7180.0,200.0,506600.0
280,2021-10-05 04:12:38,7180.0,100.0,506400.0
281,2021-10-05 04:11:29,7180.0,900.0,506300.0
282,2021-10-05 04:11:14,7180.0,100.0,505400.0
283,2021-10-05 04:11:09,7180.0,500.0,505300.0
284,2021-10-05 04:10:04,7180.0,100.0,504800.0
285,2021-10-05 04:10:04,7180.0,600.0,504700.0
286,2021-10-05 04:10:01,7180.0,700.0,504100.0
287,2021-10-05 04:09:57,7180.0,1000.0,503400.0
288,2021-10-05 04:09:51,7180.0,1300.0,502400.0
289,2021-10-05 04:09:50,7180.0,1000.0,501100.0
290,2021-10-05 04:09:33,7180.0,900.0,500100.0
291,2021-10-05 04:08:17,7190.0,1300.0,499200.0
292,2021-10-05 04:07:57,7190.0,700.0,497900.0
293,2021-10-05 04:07:57,7190.0,800.0,497200.0
294,2021-10-05 04:07:56,7190.0,1000.0,496400.0
295,2021-10-05 04:07:29,7200.0,800.0,495400.0
296,2021-10-05 04:07:29,7190.0,200.0,494600.0
297,2021-10-05 04:06:44,7200.0,3000.0,494400.0
298,2021-10-05 04:05:16,7200.0,100.0,491400.0
299,2021-10-05 04:05:16,7200.0,100.0,491300.0
300,2021-10-05 04:05:16,7200.0,2500.0,491200.0
301,2021-10-05 04:03:29,7220.0,200.0,488700.0
302,2021-10-05 04:03:29,7220.0,900.0,488500.0
303,2021-10-05 04:00:29,7220.0,400.0,487600.0
304,2021-10-05 03:59:46,7220.0,1000.0,487200.0
305,2021-10-05 03:58:54,7230.0,3200.0,486200.0
306,2021-10-05 03:57:10,7230.0,500.0,483000.0
307,2021-10-05 03:56:23,7230.0,1000.0,482500.0
308,2021-10-05 03:55:50,7240.0,100.0,481500.0
309,2021-10-05 03:53:20,7230.0,200.0,481400.0
310,2021-10-05 03:50:39,7230.0,2000.0,481200.0
311,2021-10-05 03:50:39,7230.0,1000.0,479200.0
312,2021-10-05 03:50:39,7230.0,1000.0,478200.0
313,2021-10-05 03:50:39,7230.0,300.0,477200.0
314,2021-10-05 03:50:39,7230.0,1800.0,476900.0
315,2021-10-05 03:50:31,7230.0,1900.0,475100.0
316,2021-10-05 03:49:54,7220.0,300.0,473200.0
317,2021-10-05 03:49:26,7220.0,1000.0,472900.0
318,2021-10-05 03:49:23,7220.0,500.0,471900.0
319,2021-10-05 03:49:23,7220.0,900.0,471400.0
320,2021-10-05 03:49:17,7220.0,100.0,470500.0
321,2021-10-05 03:49:17,7220.0,300.0,470400.0
322,2021-10-05 03:49:17,7220.0,500.0,470100.0
323,2021-10-05 03:49:17,7220.0,100.0,469600.0
324,2021-10-05 03:49:10,7200.0,100.0,469500.0
325,2021-10-05 03:47:21,7180.0,2000.0,469400.0
326,2021-10-05 03:47:14,7210.0,300.0,467400.0
327,2021-10-05 03:47:14,7210.0,1000.0,467100.0
328,2021-10-05 03:47:14,7210.0,2000.0,466100.0
329,2021-10-05 03:47:14,7210.0,1500.0,464100.0
330,2021-10-05 03:47:14,7210.0,200.0,462600.0
331,2021-10-05 03:46:53,7180.0,200.0,462400.0
332,2021-10-05 03:46:05,7200.0,10000.0,462200.0
333,2021-10-05 03:44:44,7180.0,5000.0,452200.0
334,2021-10-05 03:44:42,7200.0,100.0,447200.0
335,2021-10-05 03:44:39,7180.0,200.0,447100.0
336,2021-10-05 03:44:39,7180.0,5000.0,446900.0
337,2021-10-05 03:44:39,7180.0,300.0,441900.0
338,2021-10-05 03:44:39,7180.0,1800.0,441600.0
339,2021-10-05 03:43:55,7180.0,200.0,439800.0
340,2021-10-05 03:42:30,7200.0,500.0,439600.0
341,2021-10-05 03:41:32,7200.0,100.0,439100.0
342,2021-10-05 03:39:39,7200.0,900.0,439000.0
343,2021-10-05 03:39:34,7200.0,1100.0,438100.0
344,2021-10-05 03:39:34,7200.0,1900.0,437000.0
345,2021-10-05 03:39:22,7200.0,100.0,435100.0
346,2021-10-05 03:39:03,7200.0,200.0,435000.0
347,2021-10-05 03:38:46,7200.0,100.0,434800.0
348,2021-10-05 03:38:27,7200.0,3700.0,434700.0
349,2021-10-05 03:38:27,7200.0,300.0,431000.0
350,2021-10-05 03:38:25,7200.0,500.0,430700.0
351,2021-10-05 03:38:14,7200.0,200.0,430200.0
352,2021-10-05 03:38:14,7200.0,5000.0,430000.0
353,2021-10-05 03:38:14,7200.0,4800.0,425000.0
354,2021-10-05 03:38:10,7210.0,1000.0,420200.0
355,2021-10-05 03:37:33,7210.0,1000.0,419200.0
356,2021-10-05 03:37:07,7210.0,200.0,418200.0
357,2021-10-05 03:36:52,7210.0,100.0,418000.0
358,2021-10-05 03:36:28,7210.0,100.0,417900.0
359,2021-10-05 03:36:28,7210.0,2400.0,417800.0
360,2021-10-05 03:36:16,7210.0,3500.0,415400.0
361,2021-10-05 03:35:44,7210.0,100.0,411900.0
362,2021-10-05 03:35:39,7210.0,10000.0,411800.0
363,2021-10-05 03:34:54,7210.0,20000.0,401800.0
364,2021-10-05 03:34:27,7210.0,13000.0,381800.0
365,2021-10-05 03:33:36,7220.0,200.0,368800.0
366,2021-10-05 03:32:50,7220.0,100.0,368600.0
367,2021-10-05 03:30:59,7220.0,400.0,368500.0
368,2021-10-05 03:29:16,7220.0,100.0,368100.0
369,2021-10-05 03:27:26,7220.0,100.0,368000.0
370,2021-10-05 03:27:00,7210.0,1000.0,367900.0
371,2021-10-05 03:25:43,7210.0,10000.0,366900.0
372,2021-10-05 03:24:47,7200.0,200.0,356900.0
373,2021-10-05 03:24:47,7200.0,600.0,356700.0
374,2021-10-05 03:24:47,7200.0,500.0,356100.0
375,2021-10-05 03:24:27,7200.0,600.0,355600.0
376,2021-10-05 03:24:19,7200.0,1000.0,355000.0
377,2021-10-05 03:24:01,7200.0,300.0,354000.0
378,2021-10-05 03:24:01,7200.0,7600.0,353700.0
379,2021-10-05 03:23:44,7200.0,100.0,346100.0
380,2021-10-05 03:23:33,7150.0,8000.0,346000.0
381,2021-10-05 03:23:33,7150.0,100.0,338000.0
382,2021-10-05 03:23:33,7180.0,1800.0,337900.0
383,2021-10-05 03:23:33,7180.0,100.0,336100.0
384,2021-10-05 03:22:59,7200.0,200.0,336000.0
385,2021-10-05 03:22:59,7200.0,500.0,335800.0
386,2021-10-05 03:22:59,7200.0,1000.0,335300.0
387,2021-10-05 03:22:51,7220.0,2000.0,334300.0
388,2021-10-05 03:21:14,7220.0,1000.0,332300.0
389,2021-10-05 03:20:19,7230.0,200.0,331300.0
390,2021-10-05 03:16:36,7230.0,200.0,331100.0
391,2021-10-05 03:15:07,7230.0,10000.0,330900.0
392,2021-10-05 03:14:44,7200.0,6000.0,320900.0
393,2021-10-05 03:14:44,7200.0,200.0,314900.0
394,2021-10-05 03:14:44,7200.0,300.0,314700.0
395,2021-10-05 03:14:44,7200.0,1000.0,314400.0
396,2021-10-05 03:14:44,7200.0,200.0,313400.0
397,2021-10-05 03:14:44,7200.0,5000.0,313200.0
398,2021-10-05 03:14:44,7200.0,100.0,308200.0
399,2021-10-05 03:14:44,7210.0,300.0,308100.0
400,2021-10-05 03:14:44,7210.0,400.0,307800.0
401,2021-10-05 03:14:44,7210.0,5000.0,307400.0
402,2021-10-05 03:14:44,7210.0,100.0,302400.0
403,2021-10-05 03:14:44,7210.0,300.0,302300.0
404,2021-10-05 03:12:20,7230.0,300.0,302000.0
405,2021-10-05 03:11:20,7230.0,10000.0,301700.0
406,2021-10-05 03:11:20,7230.0,500.0,291700.0
407,2021-10-05 03:11:20,7230.0,2000.0,291200.0
408,2021-10-05 03:11:11,7240.0,500.0,289200.0
409,2021-10-05 03:11:11,7240.0,100.0,288700.0
410,2021-10-05 03:11:11,7240.0,6100.0,288600.0
411,2021-10-05 03:10:07,7250.0,100.0,282500.0
412,2021-10-05 03:08:28,7240.0,1600.0,282400.0
413,2021-10-05 03:08:05,7250.0,200.0,280800.0
414,2021-10-05 03:07:41,7240.0,500.0,280600.0
415,2021-10-05 03:07:40,7240.0,1100.0,280100.0
416,2021-10-05 03:07:30,7250.0,300.0,279000.0
417,2021-10-05 03:07:30,7250.0,200.0,278700.0
418,2021-10-05 03:06:36,7250.0,9800.0,278500.0
419,2021-10-05 03:05:40,7300.0,100.0,268700.0
420,2021-10-05 03:03:19,7250.0,100.0,268600.0
421,2021-10-05 03:01:20,7250.0,1500.0,268500.0
422,2021-10-05 03:01:20,7260.0,500.0,267000.0
423,2021-10-05 02:58:12,7250.0,400.0,266500.0
424,2021-10-05 02:58:12,7250.0,200.0,266100.0
425,2021-10-05 02:56:38,7250.0,2000.0,265900.0
426,2021-10-05 02:56:09,7250.0,300.0,263900.0
427,2021-10-05 02:55:14,7250.0,6000.0,263600.0
428,2021-10-05 02:54:58,7300.0,200.0,257600.0
429,2021-10-05 02:54:58,7300.0,1000.0,257400.0
430,2021-10-05 02:54:58,7300.0,3500.0,256400.0
431,2021-10-05 02:54:58,7300.0,1000.0,252900.0
432,2021-10-05 02:54:58,7300.0,200.0,251900.0
433,2021-10-05 02:54:58,7300.0,4100.0,251700.0
434,2021-10-05 02:53:57,7240.0,200.0,247600.0
435,2021-10-05 02:53:57,7240.0,100.0,247400.0
436,2021-10-05 02:53:57,7240.0,400.0,247300.0
437,2021-10-05 02:53:53,7240.0,500.0,246900.0
438,2021-10-05 02:53:53,7240.0,500.0,246400.0
439,2021-10-05 02:52:37,7240.0,300.0,245900.0
440,2021-10-05 02:50:21,7230.0,2400.0,245600.0
441,2021-10-05 02:49:44,7230.0,9000.0,243200.0
442,2021-10-05 02:49:36,7230.0,500.0,234200.0
443,2021-10-05 02:49:19,7230.0,100.0,233700.0
444,2021-10-05 02:49:11,7230.0,6500.0,233600.0
445,2021-10-05 02:49:04,7230.0,500.0,227100.0
446,2021-10-05 02:48:11,7230.0,500.0,226600.0
447,2021-10-05 02:47:46,7230.0,500.0,226100.0
448,2021-10-05 02:47:42,7230.0,200.0,225600.0
449,2021-10-05 02:47:14,7230.0,1000.0,225400.0
450,2021-10-05 02:47:14,7230.0,2000.0,224400.0
451,2021-10-05 02:47:14,7230.0,100.0,222400.0
452,2021-10-05 02:47:14,7230.0,1300.0,222300.0
453,2021-10-05 02:47:14,7230.0,100.0,221000.0
454,2021-10-05 02:46:01,7230.0,200.0,220900.0
455,2021-10-05 02:45:21,7230.0,200.0,220700.0
456,2021-10-05 02:45:13,7230.0,200.0,220500.0
457,2021-10-05 02:45:10,7230.0,5000.0,220300.0
458,2021-10-05 02:44:46,7230.0,100.0,215300.0
459,2021-10-05 02:44:40,7230.0,500.0,215200.0
460,2021-10-05 02:43:39,7230.0,1000.0,214700.0
461,2021-10-05 02:43:38,7230.0,500.0,213700.0
462,2021-10-05 02:43:35,7230.0,1000.0,213200.0
463,2021-10-05 02:43:35,7230.0,1000.0,212200.0
464,2021-10-05 02:43:35,7230.0,300.0,211200.0
465,2021-10-05 02:43:35,7230.0,500.0,210900.0
466,2021-10-05 02:43:35,7230.0,1000.0,210400.0
467,2021-10-05 02:43:35,7230.0,700.0,209400.0
468,2021-10-05 02:43:35,7240.0,2300.0,208700.0
469,2021-10-05 02:43:18,7240.0,400.0,206400.0
470,2021-10-05 02:43:11,7240.0,1300.0,206000.0
471,2021-10-05 02:43:11,7240.0,100.0,204700.0
472,2021-10-05 02:43:11,7250.0,200.0,204600.0
473,2021-10-05 02:42:40,7300.0,700.0,204400.0
474,2021-10-05 02:42:40,7290.0,9300.0,203700.0
475,2021-10-05 02:42:08,7300.0,500.0,194400.0
476,2021-10-05 02:41:57,7300.0,500.0,193900.0
477,2021-10-05 02:41:57,7300.0,200.0,193400.0
478,2021-10-05 02:41:57,7300.0,100.0,193200.0
479,2021-10-05 02:41:57,7300.0,300.0,193100.0
480,2021-10-05 02:41:57,7300.0,100.0,192800.0
481,2021-10-05 02:41:57,7300.0,200.0,192700.0
482,2021-10-05 02:41:57,7300.0,7000.0,192500.0
483,2021-10-05 02:41:57,7300.0,100.0,185500.0
484,2021-10-05 02:41:57,7300.0,8500.0,185400.0
485,2021-10-05 02:41:45,7320.0,700.0,176900.0
486,2021-10-05 02:41:45,7320.0,1400.0,176200.0
487,2021-10-05 02:41:18,7330.0,2000.0,174800.0
488,2021-10-05 02:40:42,7350.0,600.0,172800.0
489,2021-10-05 02:40:42,7350.0,500.0,172200.0
490,2021-10-05 02:40:42,7350.0,2500.0,171700.0
491,2021-10-05 02:39:48,7370.0,700.0,169200.0
492,2021-10-05 02:38:14,7370.0,1000.0,168500.0
493,2021-10-05 02:37:50,7370.0,1000.0,167500.0
494,2021-10-05 02:37:44,7370.0,500.0,166500.0
495,2021-10-05 02:36:45,7370.0,1000.0,166000.0
496,2021-10-05 02:36:45,7370.0,9700.0,165000.0
497,2021-10-05 02:36:45,7350.0,6100.0,155300.0
498,2021-10-05 02:36:14,7350.0,1000.0,149200.0
499,2021-10-05 02:34:25,7350.0,100.0,148200.0
500,2021-10-05 02:34:25,7350.0,2000.0,148100.0
501,2021-10-05 02:34:25,7350.0,500.0,146100.0
502,2021-10-05 02:34:25,7350.0,300.0,145600.0
503,2021-10-05 02:33:47,7380.0,300.0,145300.0
504,2021-10-05 02:32:36,7380.0,700.0,145000.0
505,2021-10-05 02:32:17,7380.0,200.0,144300.0
506,2021-10-05 02:31:25,7390.0,100.0,144100.0
507,2021-10-05 02:31:21,7380.0,100.0,144000.0
508,2021-10-05 02:30:39,7390.0,1000.0,143900.0
509,2021-10-05 02:30:39,7370.0,500.0,142900.0
510,2021-10-05 02:30:39,7370.0,300.0,142400.0
511,2021-10-05 02:30:07,7370.0,2000.0,142100.0
512,2021-10-05 02:30:07,7370.0,2700.0,140100.0
513,2021-10-05 02:29:59,7370.0,300.0,137400.0
514,2021-10-05 02:29:51,7370.0,100.0,137100.0
515,2021-10-05 02:29:33,7370.0,1900.0,137000.0
516,2021-10-05 02:28:51,7370.0,200.0,135100.0
517,2021-10-05 02:27:36,7400.0,400.0,134900.0
518,2021-10-05 02:27:36,7400.0,100.0,134500.0
519,2021-10-05 02:27:36,7400.0,1300.0,134400.0
520,2021-10-05 02:27:36,7400.0,500.0,133100.0
521,2021-10-05 02:27:36,7400.0,1000.0,132600.0
522,2021-10-05 02:27:36,7400.0,1000.0,131600.0
523,2021-10-05 02:27:36,7400.0,5400.0,130600.0
524,2021-10-05 02:27:36,7370.0,300.0,125200.0
525,2021-10-05 02:26:55,7370.0,300.0,124900.0
526,2021-10-05 02:26:04,7350.0,1100.0,124600.0
527,2021-10-05 02:25:34,7320.0,1800.0,123500.0
528,2021-10-05 02:25:33,7320.0,200.0,121700.0
529,2021-10-05 02:25:23,7320.0,1000.0,121500.0
530,2021-10-05 02:25:02,7320.0,600.0,120500.0
531,2021-10-05 02:25:02,7330.0,1000.0,119900.0
532,2021-10-05 02:25:02,7350.0,300.0,118900.0
533,2021-10-05 02:24:50,7390.0,19400.0,118600.0
534,2021-10-05 02:24:50,7380.0,500.0,99200.0
535,2021-10-05 02:24:50,7380.0,100.0,98700.0
536,2021-10-05 02:24:23,7380.0,400.0,98600.0
537,2021-10-05 02:24:00,7400.0,4600.0,98200.0
538,2021-10-05 02:23:52,7400.0,1500.0,93600.0
539,2021-10-05 02:23:32,7400.0,1000.0,92100.0
540,2021-10-05 02:23:29,7430.0,900.0,91100.0
541,2021-10-05 02:23:29,7430.0,100.0,90200.0
542,2021-10-05 02:22:40,7400.0,200.0,90100.0
543,2021-10-05 02:22:40,7400.0,9600.0,89900.0
544,2021-10-05 02:22:40,7380.0,10200.0,80300.0
545,2021-10-05 02:22:37,7380.0,9800.0,70100.0
546,2021-10-05 02:22:11,7400.0,400.0,60300.0
547,2021-10-05 02:22:10,7400.0,6500.0,59900.0
548,2021-10-05 02:22:07,7400.0,300.0,53400.0
549,2021-10-05 02:22:05,7400.0,100.0,53100.0
550,2021-10-05 02:21:56,7400.0,1600.0,53000.0
551,2021-10-05 02:21:54,7400.0,500.0,51400.0
552,2021-10-05 02:21:53,7400.0,1000.0,50900.0
553,2021-10-05 02:21:36,7400.0,100.0,49900.0
554,2021-10-05 02:21:36,7400.0,900.0,49800.0
555,2021-10-05 02:21:22,7400.0,1100.0,48900.0
556,2021-10-05 02:21:13,7400.0,1900.0,47800.0
557,2021-10-05 02:20:58,7400.0,300.0,45900.0
558,2021-10-05 02:20:58,7400.0,1000.0,45600.0
559,2021-10-05 02:20:58,7400.0,500.0,44600.0
560,2021-10-05 02:20:43,7400.0,200.0,44100.0
561,2021-10-05 02:20:43,7400.0,200.0,43900.0
562,2021-10-05 02:20:06,7400.0,300.0,43700.0
563,2021-10-05 02:20:06,7400.0,100.0,43400.0
564,2021-10-05 02:19:59,7350.0,200.0,43300.0
565,2021-10-05 02:19:55,7350.0,300.0,43100.0
566,2021-10-05 02:19:43,7350.0,100.0,42800.0
567,2021-10-05 02:18:16,7300.0,500.0,42700.0
568,2021-10-05 02:18:16,7300.0,900.0,42200.0
569,2021-10-05 02:17:52,7300.0,1100.0,41300.0
570,2021-10-05 02:17:49,7350.0,900.0,40200.0
571,2021-10-05 02:17:49,7350.0,2000.0,39300.0
572,2021-10-05 02:17:49,7330.0,100.0,37300.0
573,2021-10-05 02:17:20,7300.0,200.0,37200.0
574,2021-10-05 02:17:12,7300.0,1200.0,37000.0
575,2021-10-05 02:16:58,7300.0,1300.0,35800.0
576,2021-10-05 02:16:39,7300.0,800.0,34500.0
577,2021-10-05 02:16:39,7300.0,1000.0,33700.0
578,2021-10-05 02:16:26,7300.0,1000.0,32700.0
579,2021-10-05 02:16:26,7300.0,3000.0,31700.0
580,2021-10-05 02:16:26,7300.0,1000.0,28700.0
581,2021-10-05 02:15:48,7300.0,1500.0,27700.0
582,2021-10-05 02:15:48,7300.0,500.0,26200.0
583,2021-10-05 02:15:48,7300.0,500.0,25700.0
584,2021-10-05 02:15:42,7300.0,500.0,25200.0
585,2021-10-05 02:15:00,7300.0,4200.0,24700.0
586,2021-10-05 02:15:00,7300.0,2000.0,20500.0
587,2021-10-05 02:15:00,7300.0,3800.0,18500.0
588,2021-10-05 02:15:00,7300.0,1200.0,14700.0
589,2021-10-05 02:15:00,7300.0,5000.0,13500.0
590,2021-10-05 02:15:00,7300.0,2000.0,8500.0
591,2021-10-05 02:15:00,7300.0,1000.0,6500.0
592,2021-10-05 02:15:00,7300.0,500.0,5500.0
593,2021-10-05 02:15:00,7300.0,1000.0,5000.0
594,2021-10-05 02:15:00,7300.0,100.0,4000.0
595,2021-10-05 02:15:00,7300.0,300.0,3900.0
596,2021-10-05 02:15:00,7300.0,200.0,3600.0
597,2021-10-05 02:15:00,7300.0,300.0,3400.0
598,2021-10-05 02:15:00,7300.0,1600.0,3100.0
599,2021-10-05 02:15:00,7300.0,900.0,1500.0
600,2021-10-05 02:15:00,7300.0,100.0,600.0
601,2021-10-05 02:15:00,7300.0,500.0,500.0
