,Time,Price,Volume_per_trade,Volume
0,2021-10-13 07:45:00,7200.0,5000.0,467100.0
1,2021-10-13 07:45:00,7200.0,200.0,462100.0
2,2021-10-13 07:45:00,7200.0,300.0,461900.0
3,2021-10-13 07:45:00,7200.0,100.0,461600.0
4,2021-10-13 07:45:00,7200.0,100.0,461500.0
5,2021-10-13 07:45:00,7200.0,500.0,461400.0
6,2021-10-13 07:45:00,7200.0,500.0,460900.0
7,2021-10-13 07:45:00,7200.0,500.0,460400.0
8,2021-10-13 07:29:17,7160.0,6600.0,459900.0
9,2021-10-13 07:28:54,7160.0,500.0,453300.0
10,2021-10-13 07:28:53,7160.0,300.0,452800.0
11,2021-10-13 07:28:01,7160.0,200.0,452500.0
12,2021-10-13 07:27:56,7150.0,100.0,452300.0
13,2021-10-13 07:27:34,7150.0,1000.0,452200.0
14,2021-10-13 07:27:34,7150.0,500.0,451200.0
15,2021-10-13 07:27:34,7150.0,18400.0,450700.0
16,2021-10-13 07:27:30,7160.0,1300.0,432300.0
17,2021-10-13 07:25:29,7160.0,1000.0,431000.0
18,2021-10-13 07:25:06,7160.0,100.0,430000.0
19,2021-10-13 07:24:17,7150.0,1600.0,429900.0
20,2021-10-13 07:24:17,7150.0,100.0,428300.0
21,2021-10-13 07:24:17,7150.0,500.0,428200.0
22,2021-10-13 07:24:17,7150.0,200.0,427700.0
23,2021-10-13 07:24:17,7150.0,1000.0,427500.0
24,2021-10-13 07:24:17,7150.0,700.0,426500.0
25,2021-10-13 07:24:17,7150.0,1000.0,425800.0
26,2021-10-13 07:24:17,7150.0,400.0,424800.0
27,2021-10-13 07:24:17,7150.0,3000.0,424400.0
28,2021-10-13 07:24:17,7150.0,10000.0,421400.0
29,2021-10-13 07:24:17,7150.0,10000.0,411400.0
30,2021-10-13 07:24:17,7150.0,20000.0,401400.0
31,2021-10-13 07:24:17,7150.0,2000.0,381400.0
32,2021-10-13 07:24:17,7150.0,500.0,379400.0
33,2021-10-13 07:24:17,7150.0,100.0,378900.0
34,2021-10-13 07:24:17,7150.0,300.0,378800.0
35,2021-10-13 07:24:17,7150.0,500.0,378500.0
36,2021-10-13 07:24:17,7150.0,200.0,378000.0
37,2021-10-13 07:24:17,7150.0,200.0,377800.0
38,2021-10-13 07:24:17,7160.0,600.0,377600.0
39,2021-10-13 07:24:17,7160.0,100.0,377000.0
40,2021-10-13 07:24:17,7160.0,100.0,376900.0
41,2021-10-13 07:24:07,7160.0,8700.0,376800.0
42,2021-10-13 07:24:07,7160.0,100.0,368100.0
43,2021-10-13 07:24:07,7160.0,200.0,368000.0
44,2021-10-13 07:24:07,7160.0,100.0,367800.0
45,2021-10-13 07:24:07,7160.0,5000.0,367700.0
46,2021-10-13 07:24:07,7160.0,1400.0,362700.0
47,2021-10-13 07:24:07,7160.0,10000.0,361300.0
48,2021-10-13 07:24:07,7160.0,100.0,351300.0
49,2021-10-13 07:24:07,7160.0,500.0,351200.0
50,2021-10-13 07:24:07,7160.0,5000.0,350700.0
51,2021-10-13 07:24:07,7160.0,7900.0,345700.0
52,2021-10-13 07:23:35,7170.0,1000.0,337800.0
53,2021-10-13 07:22:07,7170.0,200.0,336800.0
54,2021-10-13 07:15:11,7160.0,300.0,336600.0
55,2021-10-13 07:14:50,7160.0,1800.0,336300.0
56,2021-10-13 07:13:33,7170.0,200.0,334500.0
57,2021-10-13 07:13:33,7170.0,1000.0,334300.0
58,2021-10-13 07:13:33,7170.0,300.0,333300.0
59,2021-10-13 07:13:33,7170.0,500.0,333000.0
60,2021-10-13 07:13:26,7180.0,100.0,332500.0
61,2021-10-13 07:13:26,7180.0,2000.0,332400.0
62,2021-10-13 07:13:26,7180.0,4000.0,330400.0
63,2021-10-13 07:13:19,7190.0,6500.0,326400.0
64,2021-10-13 07:12:02,7200.0,200.0,319900.0
65,2021-10-13 07:11:33,7190.0,500.0,319700.0
66,2021-10-13 07:11:29,7180.0,700.0,319200.0
67,2021-10-13 07:11:29,7190.0,300.0,318500.0
68,2021-10-13 07:11:24,7190.0,1000.0,318200.0
69,2021-10-13 07:11:24,7190.0,700.0,317200.0
70,2021-10-13 07:10:13,7190.0,600.0,316500.0
71,2021-10-13 07:09:04,7190.0,3000.0,315900.0
72,2021-10-13 07:09:04,7190.0,100.0,312900.0
73,2021-10-13 07:09:04,7190.0,100.0,312800.0
74,2021-10-13 07:09:04,7190.0,300.0,312700.0
75,2021-10-13 07:03:32,7190.0,500.0,312400.0
76,2021-10-13 07:03:32,7190.0,2200.0,311900.0
77,2021-10-13 07:03:11,7190.0,1000.0,309700.0
78,2021-10-13 07:03:05,7190.0,700.0,308700.0
79,2021-10-13 07:02:48,7190.0,100.0,308000.0
80,2021-10-13 07:02:40,7190.0,100.0,307900.0
81,2021-10-13 07:02:36,7190.0,1000.0,307800.0
82,2021-10-13 07:01:54,7190.0,900.0,306800.0
83,2021-10-13 06:59:37,7200.0,100.0,305900.0
84,2021-10-13 06:53:21,7200.0,100.0,305800.0
85,2021-10-13 06:53:21,7200.0,1700.0,305700.0
86,2021-10-13 06:53:21,7200.0,2000.0,304000.0
87,2021-10-13 06:53:21,7200.0,3300.0,302000.0
88,2021-10-13 06:51:57,7200.0,1000.0,298700.0
89,2021-10-13 06:51:13,7200.0,700.0,297700.0
90,2021-10-13 06:51:13,7200.0,300.0,297000.0
91,2021-10-13 06:50:12,7200.0,1000.0,296700.0
92,2021-10-13 06:50:12,7200.0,1000.0,295700.0
93,2021-10-13 06:50:12,7200.0,100.0,294700.0
94,2021-10-13 06:47:48,7200.0,100.0,294600.0
95,2021-10-13 06:44:10,7200.0,100.0,294500.0
96,2021-10-13 06:42:04,7200.0,500.0,294400.0
97,2021-10-13 06:38:47,7180.0,100.0,293900.0
98,2021-10-13 06:38:47,7180.0,5200.0,293800.0
99,2021-10-13 06:38:26,7180.0,500.0,288600.0
100,2021-10-13 06:38:09,7180.0,800.0,288100.0
101,2021-10-13 06:37:41,7180.0,800.0,287300.0
102,2021-10-13 06:37:40,7180.0,100.0,286500.0
103,2021-10-13 06:37:18,7180.0,2000.0,286400.0
104,2021-10-13 06:37:06,7180.0,1000.0,284400.0
105,2021-10-13 06:36:55,7180.0,200.0,283400.0
106,2021-10-13 06:36:50,7180.0,10000.0,283200.0
107,2021-10-13 06:35:45,7180.0,100.0,273200.0
108,2021-10-13 06:35:17,7180.0,1000.0,273100.0
109,2021-10-13 06:35:15,7180.0,10000.0,272100.0
110,2021-10-13 06:35:15,7180.0,8400.0,262100.0
111,2021-10-13 06:35:15,7180.0,500.0,253700.0
112,2021-10-13 06:35:15,7180.0,4000.0,253200.0
113,2021-10-13 06:34:40,7180.0,6000.0,249200.0
114,2021-10-13 06:34:40,7180.0,1000.0,243200.0
115,2021-10-13 06:34:40,7180.0,500.0,242200.0
116,2021-10-13 06:34:40,7180.0,1300.0,241700.0
117,2021-10-13 06:34:40,7180.0,100.0,240400.0
118,2021-10-13 06:34:40,7200.0,200.0,240300.0
119,2021-10-13 06:34:40,7210.0,100.0,240100.0
120,2021-10-13 06:34:40,7210.0,800.0,240000.0
121,2021-10-13 06:31:34,7220.0,1300.0,239200.0
122,2021-10-13 06:30:57,7220.0,700.0,237900.0
123,2021-10-13 06:30:44,7220.0,300.0,237200.0
124,2021-10-13 06:29:26,7220.0,2000.0,236900.0
125,2021-10-13 06:29:16,7210.0,1600.0,234900.0
126,2021-10-13 06:27:27,7210.0,1100.0,233300.0
127,2021-10-13 06:27:14,7210.0,100.0,232200.0
128,2021-10-13 06:27:14,7210.0,6400.0,232100.0
129,2021-10-13 06:26:39,7180.0,300.0,225700.0
130,2021-10-13 06:23:19,7190.0,1100.0,225400.0
131,2021-10-13 06:22:40,7200.0,100.0,224300.0
132,2021-10-13 06:22:08,7210.0,100.0,224200.0
133,2021-10-13 06:22:08,7210.0,200.0,224100.0
134,2021-10-13 06:21:19,7210.0,1000.0,223900.0
135,2021-10-13 06:19:48,7210.0,1800.0,222900.0
136,2021-10-13 06:19:39,7210.0,3000.0,221100.0
137,2021-10-13 06:19:39,7210.0,2000.0,218100.0
138,2021-10-13 06:19:15,7210.0,1000.0,216100.0
139,2021-10-13 06:19:05,7230.0,1900.0,215100.0
140,2021-10-13 06:19:05,7230.0,100.0,213200.0
141,2021-10-13 06:19:05,7220.0,1000.0,213100.0
142,2021-10-13 06:18:45,7220.0,2000.0,212100.0
143,2021-10-13 06:18:45,7220.0,1000.0,210100.0
144,2021-10-13 06:17:38,7210.0,3000.0,209100.0
145,2021-10-13 06:16:17,7200.0,3000.0,206100.0
146,2021-10-13 06:16:17,7200.0,700.0,203100.0
147,2021-10-13 06:15:34,7200.0,1500.0,202400.0
148,2021-10-13 06:15:34,7200.0,300.0,200900.0
149,2021-10-13 06:15:34,7200.0,100.0,200600.0
150,2021-10-13 06:15:34,7200.0,400.0,200500.0
151,2021-10-13 06:13:53,7190.0,1000.0,200100.0
152,2021-10-13 06:13:53,7190.0,600.0,199100.0
153,2021-10-13 06:12:58,7190.0,100.0,198500.0
154,2021-10-13 06:12:35,7190.0,100.0,198400.0
155,2021-10-13 06:11:46,7180.0,1700.0,198300.0
156,2021-10-13 06:11:46,7180.0,1000.0,196600.0
157,2021-10-13 06:11:46,7180.0,1000.0,195600.0
158,2021-10-13 06:11:46,7180.0,500.0,194600.0
159,2021-10-13 06:11:46,7180.0,2000.0,194100.0
160,2021-10-13 06:11:46,7180.0,1800.0,192100.0
161,2021-10-13 06:10:39,7180.0,1000.0,190300.0
162,2021-10-13 06:10:21,7180.0,300.0,189300.0
163,2021-10-13 06:10:01,7190.0,1000.0,189000.0
164,2021-10-13 06:10:00,7190.0,200.0,188000.0
165,2021-10-13 06:09:32,7190.0,800.0,187800.0
166,2021-10-13 06:07:20,7200.0,500.0,187000.0
167,2021-10-13 06:03:55,7200.0,1100.0,186500.0
168,2021-10-13 06:00:30,7200.0,200.0,185400.0
169,2021-10-13 06:00:30,7200.0,500.0,185200.0
170,2021-10-13 06:00:30,7200.0,600.0,184700.0
171,2021-10-13 06:00:30,7200.0,2600.0,184100.0
172,2021-10-13 06:00:01,7200.0,1000.0,181500.0
173,2021-10-13 04:29:13,7200.0,500.0,180500.0
174,2021-10-13 04:20:36,7180.0,300.0,180000.0
175,2021-10-13 04:20:25,7180.0,100.0,179700.0
176,2021-10-13 04:18:39,7180.0,100.0,179600.0
177,2021-10-13 04:15:46,7180.0,400.0,179500.0
178,2021-10-13 04:15:14,7180.0,100.0,179100.0
179,2021-10-13 04:14:03,7180.0,500.0,179000.0
180,2021-10-13 04:13:21,7180.0,700.0,178500.0
181,2021-10-13 04:13:21,7180.0,1000.0,177800.0
182,2021-10-13 04:13:21,7190.0,100.0,176800.0
183,2021-10-13 04:13:21,7190.0,800.0,176700.0
184,2021-10-13 04:13:21,7200.0,400.0,175900.0
185,2021-10-13 04:11:27,7200.0,500.0,175500.0
186,2021-10-13 04:11:27,7200.0,600.0,175000.0
187,2021-10-13 04:11:27,7200.0,2500.0,174400.0
188,2021-10-13 04:10:08,7190.0,200.0,171900.0
189,2021-10-13 04:09:12,7190.0,100.0,171700.0
190,2021-10-13 04:06:59,7190.0,200.0,171600.0
191,2021-10-13 04:05:58,7180.0,1000.0,171400.0
192,2021-10-13 04:05:58,7180.0,200.0,170400.0
193,2021-10-13 04:05:58,7180.0,500.0,170200.0
194,2021-10-13 04:05:05,7190.0,500.0,169700.0
195,2021-10-13 04:05:05,7190.0,300.0,169200.0
196,2021-10-13 04:03:48,7200.0,300.0,168900.0
197,2021-10-13 04:00:28,7200.0,500.0,168600.0
198,2021-10-13 04:00:28,7200.0,1500.0,168100.0
199,2021-10-13 04:00:12,7240.0,1000.0,166600.0
200,2021-10-13 03:58:41,7200.0,500.0,165600.0
201,2021-10-13 03:58:41,7200.0,200.0,165100.0
202,2021-10-13 03:58:41,7200.0,2000.0,164900.0
203,2021-10-13 03:58:41,7200.0,300.0,162900.0
204,2021-10-13 03:58:31,7200.0,700.0,162600.0
205,2021-10-13 03:58:31,7200.0,500.0,161900.0
206,2021-10-13 03:58:31,7200.0,500.0,161400.0
207,2021-10-13 03:58:31,7200.0,2000.0,160900.0
208,2021-10-13 03:57:50,7200.0,3000.0,158900.0
209,2021-10-13 03:57:50,7200.0,500.0,155900.0
210,2021-10-13 03:57:50,7200.0,100.0,155400.0
211,2021-10-13 03:57:50,7200.0,200.0,155300.0
212,2021-10-13 03:57:50,7200.0,700.0,155100.0
213,2021-10-13 03:57:46,7200.0,300.0,154400.0
214,2021-10-13 03:57:46,7200.0,100.0,154100.0
215,2021-10-13 03:57:46,7200.0,200.0,154000.0
216,2021-10-13 03:57:46,7200.0,400.0,153800.0
217,2021-10-13 03:54:58,7200.0,100.0,153400.0
218,2021-10-13 03:54:00,7220.0,300.0,153300.0
219,2021-10-13 03:54:00,7220.0,1000.0,153000.0
220,2021-10-13 03:53:26,7230.0,500.0,152000.0
221,2021-10-13 03:52:52,7230.0,1000.0,151500.0
222,2021-10-13 03:52:35,7240.0,3000.0,150500.0
223,2021-10-13 03:51:47,7240.0,1500.0,147500.0
224,2021-10-13 03:49:06,7230.0,500.0,146000.0
225,2021-10-13 03:49:06,7230.0,500.0,145500.0
226,2021-10-13 03:47:31,7230.0,500.0,145000.0
227,2021-10-13 03:44:37,7200.0,100.0,144500.0
228,2021-10-13 03:44:30,7210.0,200.0,144400.0
229,2021-10-13 03:43:09,7200.0,400.0,144200.0
230,2021-10-13 03:43:09,7200.0,300.0,143800.0
231,2021-10-13 03:40:15,7200.0,2700.0,143500.0
232,2021-10-13 03:40:15,7200.0,2000.0,140800.0
233,2021-10-13 03:40:15,7200.0,300.0,138800.0
234,2021-10-13 03:38:55,7210.0,900.0,138500.0
235,2021-10-13 03:36:12,7200.0,7000.0,137600.0
236,2021-10-13 03:33:39,7200.0,1300.0,130600.0
237,2021-10-13 03:33:16,7200.0,300.0,129300.0
238,2021-10-13 03:33:16,7200.0,500.0,129000.0
239,2021-10-13 03:33:16,7200.0,1000.0,128500.0
240,2021-10-13 03:33:16,7200.0,300.0,127500.0
241,2021-10-13 03:33:16,7200.0,100.0,127200.0
242,2021-10-13 03:33:16,7200.0,200.0,127100.0
243,2021-10-13 03:33:16,7200.0,1000.0,126900.0
244,2021-10-13 03:33:16,7200.0,5000.0,125900.0
245,2021-10-13 03:33:16,7200.0,1000.0,120900.0
246,2021-10-13 03:33:16,7210.0,1000.0,119900.0
247,2021-10-13 03:33:16,7210.0,1000.0,118900.0
248,2021-10-13 03:33:16,7210.0,600.0,117900.0
249,2021-10-13 03:32:36,7210.0,100.0,117300.0
250,2021-10-13 03:32:36,7210.0,700.0,117200.0
251,2021-10-13 03:32:36,7220.0,100.0,116500.0
252,2021-10-13 03:32:30,7240.0,8600.0,116400.0
253,2021-10-13 03:31:52,7230.0,1000.0,107800.0
254,2021-10-13 03:31:52,7230.0,1400.0,106800.0
255,2021-10-13 03:31:52,7230.0,600.0,105400.0
256,2021-10-13 03:29:56,7210.0,100.0,104800.0
257,2021-10-13 03:29:56,7220.0,400.0,104700.0
258,2021-10-13 03:29:39,7220.0,500.0,104300.0
259,2021-10-13 03:27:57,7210.0,500.0,103800.0
260,2021-10-13 03:27:34,7230.0,200.0,103300.0
261,2021-10-13 03:27:10,7230.0,200.0,103100.0
262,2021-10-13 03:25:27,7230.0,500.0,102900.0
263,2021-10-13 03:25:27,7230.0,700.0,102400.0
264,2021-10-13 03:25:19,7210.0,2000.0,101700.0
265,2021-10-13 03:25:08,7210.0,1500.0,99700.0
266,2021-10-13 03:22:12,7210.0,200.0,98200.0
267,2021-10-13 03:22:12,7210.0,100.0,98000.0
268,2021-10-13 03:22:12,7210.0,200.0,97900.0
269,2021-10-13 03:22:12,7220.0,3000.0,97700.0
270,2021-10-13 03:22:12,7220.0,3000.0,94700.0
271,2021-10-13 03:22:12,7220.0,100.0,91700.0
272,2021-10-13 03:22:12,7220.0,100.0,91600.0
273,2021-10-13 03:22:12,7220.0,100.0,91500.0
274,2021-10-13 03:21:58,7230.0,1300.0,91400.0
275,2021-10-13 03:21:07,7230.0,1000.0,90100.0
276,2021-10-13 03:20:22,7230.0,500.0,89100.0
277,2021-10-13 03:19:41,7230.0,200.0,88600.0
278,2021-10-13 03:19:11,7230.0,100.0,88400.0
279,2021-10-13 03:17:55,7230.0,500.0,88300.0
280,2021-10-13 03:17:55,7230.0,4000.0,87800.0
281,2021-10-13 03:17:32,7240.0,400.0,83800.0
282,2021-10-13 03:16:49,7240.0,500.0,83400.0
283,2021-10-13 03:14:09,7240.0,500.0,82900.0
284,2021-10-13 03:12:35,7250.0,400.0,82400.0
285,2021-10-13 03:12:35,7250.0,600.0,82000.0
286,2021-10-13 03:10:45,7230.0,1000.0,81400.0
287,2021-10-13 03:04:10,7220.0,100.0,80400.0
288,2021-10-13 03:04:10,7220.0,300.0,80300.0
289,2021-10-13 03:04:07,7220.0,400.0,80000.0
290,2021-10-13 03:02:47,7220.0,200.0,79600.0
291,2021-10-13 03:02:18,7220.0,200.0,79400.0
292,2021-10-13 03:02:04,7220.0,900.0,79200.0
293,2021-10-13 03:02:04,7220.0,500.0,78300.0
294,2021-10-13 03:00:28,7220.0,100.0,77800.0
295,2021-10-13 03:00:16,7210.0,2800.0,77700.0
296,2021-10-13 03:00:16,7210.0,100.0,74900.0
297,2021-10-13 03:00:16,7210.0,100.0,74800.0
298,2021-10-13 02:59:35,7220.0,100.0,74700.0
299,2021-10-13 02:59:12,7210.0,200.0,74600.0
300,2021-10-13 02:58:00,7220.0,4300.0,74400.0
301,2021-10-13 02:57:09,7220.0,700.0,70100.0
302,2021-10-13 02:57:09,7220.0,3400.0,69400.0
303,2021-10-13 02:57:09,7220.0,1000.0,66000.0
304,2021-10-13 02:54:49,7220.0,600.0,65000.0
305,2021-10-13 02:54:49,7220.0,1000.0,64400.0
306,2021-10-13 02:50:51,7240.0,200.0,63400.0
307,2021-10-13 02:50:51,7240.0,200.0,63200.0
308,2021-10-13 02:47:20,7220.0,200.0,63000.0
309,2021-10-13 02:46:21,7220.0,500.0,62800.0
310,2021-10-13 02:46:15,7210.0,2000.0,62300.0
311,2021-10-13 02:45:45,7220.0,100.0,60300.0
312,2021-10-13 02:44:46,7220.0,100.0,60200.0
313,2021-10-13 02:44:44,7220.0,200.0,60100.0
314,2021-10-13 02:44:44,7220.0,100.0,59900.0
315,2021-10-13 02:42:49,7250.0,100.0,59800.0
316,2021-10-13 02:42:27,7250.0,500.0,59700.0
317,2021-10-13 02:41:00,7250.0,100.0,59200.0
318,2021-10-13 02:40:13,7250.0,5000.0,59100.0
319,2021-10-13 02:40:13,7250.0,100.0,54100.0
320,2021-10-13 02:40:13,7250.0,1000.0,54000.0
321,2021-10-13 02:40:13,7250.0,300.0,53000.0
322,2021-10-13 02:40:13,7250.0,2300.0,52700.0
323,2021-10-13 02:37:45,7280.0,600.0,50400.0
324,2021-10-13 02:36:58,7280.0,5000.0,49800.0
325,2021-10-13 02:36:58,7280.0,1300.0,44800.0
326,2021-10-13 02:35:45,7250.0,200.0,43500.0
327,2021-10-13 02:33:49,7250.0,1000.0,43300.0
328,2021-10-13 02:33:49,7250.0,1500.0,42300.0
329,2021-10-13 02:33:27,7250.0,1500.0,40800.0
330,2021-10-13 02:33:27,7250.0,400.0,39300.0
331,2021-10-13 02:33:27,7270.0,100.0,38900.0
332,2021-10-13 02:31:49,7280.0,100.0,38800.0
333,2021-10-13 02:31:49,7280.0,600.0,38700.0
334,2021-10-13 02:30:20,7280.0,1500.0,38100.0
335,2021-10-13 02:30:20,7280.0,500.0,36600.0
336,2021-10-13 02:30:09,7280.0,500.0,36100.0
337,2021-10-13 02:29:50,7280.0,1000.0,35600.0
338,2021-10-13 02:29:39,7300.0,1000.0,34600.0
339,2021-10-13 02:29:22,7310.0,2800.0,33600.0
340,2021-10-13 02:29:22,7320.0,500.0,30800.0
341,2021-10-13 02:29:22,7320.0,1700.0,30300.0
342,2021-10-13 02:29:09,7330.0,100.0,28600.0
343,2021-10-13 02:28:29,7330.0,200.0,28500.0
344,2021-10-13 02:27:07,7330.0,1000.0,28300.0
345,2021-10-13 02:26:19,7320.0,300.0,27300.0
346,2021-10-13 02:25:52,7330.0,200.0,27000.0
347,2021-10-13 02:25:07,7330.0,1800.0,26800.0
348,2021-10-13 02:24:44,7330.0,100.0,25000.0
349,2021-10-13 02:24:36,7330.0,1200.0,24900.0
350,2021-10-13 02:23:22,7330.0,1300.0,23700.0
351,2021-10-13 02:23:22,7330.0,300.0,22400.0
352,2021-10-13 02:21:42,7330.0,200.0,22100.0
353,2021-10-13 02:21:02,7320.0,4000.0,21900.0
354,2021-10-13 02:20:52,7320.0,8600.0,17900.0
355,2021-10-13 02:20:52,7320.0,1400.0,9300.0
356,2021-10-13 02:20:36,7320.0,100.0,7900.0
357,2021-10-13 02:19:11,7310.0,400.0,7800.0
358,2021-10-13 02:18:36,7360.0,100.0,7400.0
359,2021-10-13 02:17:05,7300.0,100.0,7300.0
360,2021-10-13 02:17:04,7300.0,2000.0,7200.0
361,2021-10-13 02:17:04,7300.0,700.0,5200.0
362,2021-10-13 02:16:08,7300.0,500.0,4500.0
363,2021-10-13 02:15:54,7280.0,300.0,4000.0
364,2021-10-13 02:15:54,7280.0,500.0,3700.0
365,2021-10-13 02:15:00,7280.0,100.0,3200.0
366,2021-10-13 02:15:00,7270.0,300.0,3100.0
367,2021-10-13 02:15:00,7270.0,200.0,2800.0
368,2021-10-13 02:15:00,7270.0,100.0,2600.0
369,2021-10-13 02:15:00,7270.0,100.0,2500.0
370,2021-10-13 02:15:00,7270.0,100.0,2400.0
371,2021-10-13 02:15:00,7270.0,400.0,2300.0
372,2021-10-13 02:15:00,7270.0,400.0,1900.0
373,2021-10-13 02:15:00,7270.0,400.0,1500.0
374,2021-10-13 02:15:00,7270.0,500.0,1100.0
375,2021-10-13 02:15:00,7270.0,100.0,600.0
376,2021-10-13 02:15:00,7270.0,500.0,500.0
