,Time,Price,Volume_per_trade,Volume
0,2021-09-30 14:45:01,7000.0,1000.0,943500.0
1,2021-09-30 14:45:01,7000.0,5000.0,942500.0
2,2021-09-30 14:45:01,7000.0,1000.0,937500.0
3,2021-09-30 14:45:01,7000.0,100.0,936500.0
4,2021-09-30 14:45:01,7000.0,300.0,936400.0
5,2021-09-30 14:45:01,7000.0,1000.0,936100.0
6,2021-09-30 14:45:01,7000.0,600.0,935100.0
7,2021-09-30 14:45:01,7000.0,100.0,934500.0
8,2021-09-30 14:45:01,7000.0,3000.0,934400.0
9,2021-09-30 14:45:01,7000.0,2000.0,931400.0
10,2021-09-30 14:45:01,7000.0,2000.0,929400.0
11,2021-09-30 14:45:01,7000.0,10000.0,927400.0
12,2021-09-30 14:45:01,7000.0,300.0,917400.0
13,2021-09-30 14:45:01,7000.0,100.0,917100.0
14,2021-09-30 14:45:01,7000.0,2000.0,917000.0
15,2021-09-30 14:45:01,7000.0,600.0,915000.0
16,2021-09-30 14:29:47,7000.0,100.0,914400.0
17,2021-09-30 14:28:56,6980.0,13800.0,914300.0
18,2021-09-30 14:26:54,6980.0,100.0,900500.0
19,2021-09-30 14:26:54,6980.0,100.0,900400.0
20,2021-09-30 14:26:54,6980.0,500.0,900300.0
21,2021-09-30 14:26:17,6980.0,200.0,899800.0
22,2021-09-30 14:25:33,6980.0,300.0,899600.0
23,2021-09-30 14:25:33,6980.0,500.0,899300.0
24,2021-09-30 14:25:33,6980.0,200.0,898800.0
25,2021-09-30 14:24:54,6980.0,200.0,898600.0
26,2021-09-30 14:24:36,6980.0,100.0,898400.0
27,2021-09-30 14:24:08,6980.0,1000.0,898300.0
28,2021-09-30 14:22:44,6980.0,200.0,897300.0
29,2021-09-30 14:21:53,6980.0,100.0,897100.0
30,2021-09-30 14:21:43,6980.0,1200.0,897000.0
31,2021-09-30 14:21:35,6980.0,3000.0,895800.0
32,2021-09-30 14:21:32,6980.0,200.0,892800.0
33,2021-09-30 14:21:24,6980.0,200.0,892600.0
34,2021-09-30 14:21:17,6980.0,500.0,892400.0
35,2021-09-30 14:21:03,6980.0,400.0,891900.0
36,2021-09-30 14:21:03,6980.0,1000.0,891500.0
37,2021-09-30 14:20:55,6980.0,200.0,890500.0
38,2021-09-30 14:20:53,6980.0,100.0,890300.0
39,2021-09-30 14:20:48,6980.0,1000.0,890200.0
40,2021-09-30 14:20:00,6980.0,400.0,889200.0
41,2021-09-30 14:19:44,6970.0,200.0,888800.0
42,2021-09-30 14:19:44,6970.0,500.0,888600.0
43,2021-09-30 14:19:44,6970.0,1000.0,888100.0
44,2021-09-30 14:19:44,6970.0,900.0,887100.0
45,2021-09-30 14:19:24,6970.0,500.0,886200.0
46,2021-09-30 14:18:16,6970.0,3600.0,885700.0
47,2021-09-30 14:18:16,6970.0,400.0,882100.0
48,2021-09-30 14:18:16,6970.0,500.0,881700.0
49,2021-09-30 14:18:16,6970.0,2500.0,881200.0
50,2021-09-30 14:17:53,6970.0,17500.0,878700.0
51,2021-09-30 14:17:53,6970.0,2000.0,861200.0
52,2021-09-30 14:17:53,6990.0,500.0,859200.0
53,2021-09-30 14:16:44,6990.0,500.0,858700.0
54,2021-09-30 14:16:44,6990.0,500.0,858200.0
55,2021-09-30 14:16:44,6990.0,1000.0,857700.0
56,2021-09-30 14:16:41,7000.0,1000.0,856700.0
57,2021-09-30 14:16:35,7000.0,1200.0,855700.0
58,2021-09-30 14:15:28,7000.0,600.0,854500.0
59,2021-09-30 14:15:11,7000.0,100.0,853900.0
60,2021-09-30 14:15:11,7000.0,2000.0,853800.0
61,2021-09-30 14:15:11,7000.0,500.0,851800.0
62,2021-09-30 14:15:11,7000.0,3000.0,851300.0
63,2021-09-30 14:15:11,7000.0,3000.0,848300.0
64,2021-09-30 14:15:11,7000.0,1000.0,845300.0
65,2021-09-30 14:15:11,7000.0,6000.0,844300.0
66,2021-09-30 14:14:52,7000.0,100.0,838300.0
67,2021-09-30 14:14:27,7000.0,3900.0,838200.0
68,2021-09-30 14:14:27,7000.0,1100.0,834300.0
69,2021-09-30 14:14:17,7010.0,100.0,833200.0
70,2021-09-30 14:13:34,7010.0,100.0,833100.0
71,2021-09-30 14:13:34,7020.0,1000.0,833000.0
72,2021-09-30 14:13:34,7020.0,1800.0,832000.0
73,2021-09-30 14:13:20,7010.0,200.0,830200.0
74,2021-09-30 14:12:49,7010.0,300.0,830000.0
75,2021-09-30 14:12:21,7010.0,400.0,829700.0
76,2021-09-30 14:12:21,7010.0,1000.0,829300.0
77,2021-09-30 14:12:21,7010.0,1000.0,828300.0
78,2021-09-30 14:12:21,7010.0,1000.0,827300.0
79,2021-09-30 14:12:21,7010.0,3100.0,826300.0
80,2021-09-30 14:12:20,7010.0,5700.0,823200.0
81,2021-09-30 14:12:03,7020.0,300.0,817500.0
82,2021-09-30 14:11:18,7020.0,200.0,817200.0
83,2021-09-30 14:10:54,7020.0,2000.0,817000.0
84,2021-09-30 14:10:39,7010.0,1200.0,815000.0
85,2021-09-30 14:10:39,7010.0,200.0,813800.0
86,2021-09-30 14:10:39,7010.0,500.0,813600.0
87,2021-09-30 14:10:39,7010.0,100.0,813100.0
88,2021-09-30 14:10:27,7010.0,300.0,813000.0
89,2021-09-30 14:10:09,7010.0,500.0,812700.0
90,2021-09-30 14:09:28,7020.0,200.0,812200.0
91,2021-09-30 14:09:13,7020.0,1100.0,812000.0
92,2021-09-30 14:09:13,7020.0,100.0,810900.0
93,2021-09-30 14:09:13,7020.0,200.0,810800.0
94,2021-09-30 14:09:13,7020.0,4400.0,810600.0
95,2021-09-30 14:08:19,7020.0,5600.0,806200.0
96,2021-09-30 14:08:19,7020.0,8400.0,800600.0
97,2021-09-30 14:08:04,7020.0,500.0,792200.0
98,2021-09-30 14:07:12,7020.0,400.0,791700.0
99,2021-09-30 14:07:01,7020.0,200.0,791300.0
100,2021-09-30 14:06:30,7020.0,500.0,791100.0
101,2021-09-30 14:06:15,7010.0,1000.0,790600.0
102,2021-09-30 14:05:12,7010.0,300.0,789600.0
103,2021-09-30 14:04:52,7010.0,1000.0,789300.0
104,2021-09-30 14:04:12,7010.0,100.0,788300.0
105,2021-09-30 14:04:09,7010.0,1600.0,788200.0
106,2021-09-30 14:03:05,7010.0,100.0,786600.0
107,2021-09-30 14:01:08,7020.0,500.0,786500.0
108,2021-09-30 14:01:08,7020.0,200.0,786000.0
109,2021-09-30 14:01:08,7020.0,500.0,785800.0
110,2021-09-30 14:01:08,7020.0,500.0,785300.0
111,2021-09-30 14:01:08,7020.0,2000.0,784800.0
112,2021-09-30 14:00:01,7020.0,1000.0,782800.0
113,2021-09-30 14:00:01,7020.0,300.0,781800.0
114,2021-09-30 14:00:01,7020.0,1600.0,781500.0
115,2021-09-30 14:00:01,7020.0,7100.0,779900.0
116,2021-09-30 14:00:01,7020.0,400.0,772800.0
117,2021-09-30 13:59:23,7020.0,1000.0,772400.0
118,2021-09-30 13:59:12,7020.0,500.0,771400.0
119,2021-09-30 13:59:12,7020.0,1300.0,770900.0
120,2021-09-30 13:59:06,7020.0,700.0,769600.0
121,2021-09-30 13:59:06,7020.0,500.0,768900.0
122,2021-09-30 13:59:06,7020.0,1000.0,768400.0
123,2021-09-30 13:58:41,7010.0,2400.0,767400.0
124,2021-09-30 13:58:14,7010.0,600.0,765000.0
125,2021-09-30 13:57:49,7010.0,500.0,764400.0
126,2021-09-30 13:56:51,7010.0,200.0,763900.0
127,2021-09-30 13:55:29,7030.0,100.0,763700.0
128,2021-09-30 13:55:29,7020.0,700.0,763600.0
129,2021-09-30 13:55:20,7000.0,900.0,762900.0
130,2021-09-30 13:55:20,7000.0,200.0,762000.0
131,2021-09-30 13:55:20,7000.0,1300.0,761800.0
132,2021-09-30 13:55:20,7000.0,1000.0,760500.0
133,2021-09-30 13:55:20,7000.0,200.0,759500.0
134,2021-09-30 13:55:20,7000.0,300.0,759300.0
135,2021-09-30 13:55:20,7000.0,1000.0,759000.0
136,2021-09-30 13:55:20,7000.0,100.0,758000.0
137,2021-09-30 13:55:20,7000.0,100.0,757900.0
138,2021-09-30 13:55:20,7000.0,10000.0,757800.0
139,2021-09-30 13:55:20,7000.0,1000.0,747800.0
140,2021-09-30 13:55:20,7000.0,100.0,746800.0
141,2021-09-30 13:55:20,7000.0,1000.0,746700.0
142,2021-09-30 13:55:20,7000.0,100.0,745700.0
143,2021-09-30 13:55:20,7010.0,600.0,745600.0
144,2021-09-30 13:55:20,7010.0,300.0,745000.0
145,2021-09-30 13:55:20,7010.0,2000.0,744700.0
146,2021-09-30 13:55:20,7010.0,500.0,742700.0
147,2021-09-30 13:55:20,7010.0,3300.0,742200.0
148,2021-09-30 13:55:04,7010.0,5000.0,738900.0
149,2021-09-30 13:54:39,7020.0,300.0,733900.0
150,2021-09-30 13:54:39,7020.0,200.0,733600.0
151,2021-09-30 13:54:39,7020.0,800.0,733400.0
152,2021-09-30 13:54:01,7020.0,300.0,732600.0
153,2021-09-30 13:53:14,7020.0,3900.0,732300.0
154,2021-09-30 13:53:14,7020.0,500.0,728400.0
155,2021-09-30 13:53:14,7020.0,600.0,727900.0
156,2021-09-30 13:52:58,7030.0,200.0,727300.0
157,2021-09-30 13:52:53,7030.0,200.0,727100.0
158,2021-09-30 13:52:27,7030.0,100.0,726900.0
159,2021-09-30 13:51:48,7030.0,1900.0,726800.0
160,2021-09-30 13:51:45,7030.0,1500.0,724900.0
161,2021-09-30 13:51:16,7030.0,2500.0,723400.0
162,2021-09-30 13:51:15,7030.0,300.0,720900.0
163,2021-09-30 13:51:09,7030.0,100.0,720600.0
164,2021-09-30 13:50:01,7030.0,100.0,720500.0
165,2021-09-30 13:49:56,7030.0,1000.0,720400.0
166,2021-09-30 13:49:49,7030.0,4000.0,719400.0
167,2021-09-30 13:49:45,7040.0,200.0,715400.0
168,2021-09-30 13:49:45,7030.0,1800.0,715200.0
169,2021-09-30 13:49:42,7030.0,300.0,713400.0
170,2021-09-30 13:49:40,7030.0,100.0,713100.0
171,2021-09-30 13:49:33,7030.0,1000.0,713000.0
172,2021-09-30 13:49:23,7030.0,400.0,712000.0
173,2021-09-30 13:49:23,7030.0,300.0,711600.0
174,2021-09-30 13:49:23,7030.0,100.0,711300.0
175,2021-09-30 13:49:06,7040.0,100.0,711200.0
176,2021-09-30 13:48:59,7040.0,100.0,711100.0
177,2021-09-30 13:48:41,7040.0,200.0,711000.0
178,2021-09-30 13:48:41,7040.0,300.0,710800.0
179,2021-09-30 13:48:21,7040.0,100.0,710500.0
180,2021-09-30 13:48:17,7040.0,600.0,710400.0
181,2021-09-30 13:48:08,7040.0,1000.0,709800.0
182,2021-09-30 13:47:57,7040.0,3000.0,708800.0
183,2021-09-30 13:47:40,7050.0,5200.0,705800.0
184,2021-09-30 13:47:40,7040.0,800.0,700600.0
185,2021-09-30 13:47:22,7040.0,1000.0,699800.0
186,2021-09-30 13:47:07,7040.0,700.0,698800.0
187,2021-09-30 13:46:59,7040.0,300.0,698100.0
188,2021-09-30 13:46:59,7040.0,1000.0,697800.0
189,2021-09-30 13:46:59,7040.0,5000.0,696800.0
190,2021-09-30 13:46:59,7040.0,5000.0,691800.0
191,2021-09-30 13:46:59,7040.0,1000.0,686800.0
192,2021-09-30 13:46:59,7040.0,200.0,685800.0
193,2021-09-30 13:46:53,7050.0,2000.0,685600.0
194,2021-09-30 13:46:51,7040.0,100.0,683600.0
195,2021-09-30 13:46:51,7040.0,200.0,683500.0
196,2021-09-30 13:46:51,7050.0,700.0,683300.0
197,2021-09-30 13:46:49,7050.0,1000.0,682600.0
198,2021-09-30 13:46:49,7050.0,300.0,681600.0
199,2021-09-30 13:46:18,7040.0,1100.0,681300.0
200,2021-09-30 13:46:18,7040.0,1900.0,680200.0
201,2021-09-30 13:46:15,7050.0,700.0,678300.0
202,2021-09-30 13:46:15,7050.0,1000.0,677600.0
203,2021-09-30 13:46:15,7050.0,100.0,676600.0
204,2021-09-30 13:46:07,7040.0,300.0,676500.0
205,2021-09-30 13:45:45,7040.0,500.0,676200.0
206,2021-09-30 13:45:27,7040.0,15000.0,675700.0
207,2021-09-30 13:45:21,7040.0,400.0,660700.0
208,2021-09-30 13:45:21,7040.0,4000.0,660300.0
209,2021-09-30 13:45:21,7040.0,4000.0,656300.0
210,2021-09-30 13:45:21,7040.0,3900.0,652300.0
211,2021-09-30 13:44:57,7030.0,2900.0,648400.0
212,2021-09-30 13:44:57,7030.0,1000.0,645500.0
213,2021-09-30 13:44:57,7030.0,100.0,644500.0
214,2021-09-30 13:44:36,7030.0,200.0,644400.0
215,2021-09-30 13:44:36,7030.0,100.0,644200.0
216,2021-09-30 13:44:36,7030.0,700.0,644100.0
217,2021-09-30 13:44:35,7030.0,300.0,643400.0
218,2021-09-30 13:44:35,7030.0,1000.0,643100.0
219,2021-09-30 13:44:35,7030.0,200.0,642100.0
220,2021-09-30 13:44:35,7030.0,3500.0,641900.0
221,2021-09-30 13:44:00,7030.0,3100.0,638400.0
222,2021-09-30 13:43:56,7040.0,6100.0,635300.0
223,2021-09-30 13:43:56,7040.0,1000.0,629200.0
224,2021-09-30 13:43:56,7040.0,2900.0,628200.0
225,2021-09-30 13:43:47,7030.0,1000.0,625300.0
226,2021-09-30 13:43:35,7030.0,400.0,624300.0
227,2021-09-30 13:43:22,7030.0,2000.0,623900.0
228,2021-09-30 13:43:09,7030.0,100.0,621900.0
229,2021-09-30 13:43:09,7030.0,1900.0,621800.0
230,2021-09-30 13:42:59,7030.0,3100.0,619900.0
231,2021-09-30 13:42:55,7030.0,900.0,616800.0
232,2021-09-30 13:42:55,7030.0,100.0,615900.0
233,2021-09-30 13:42:42,7030.0,100.0,615800.0
234,2021-09-30 13:42:39,7030.0,3800.0,615700.0
235,2021-09-30 13:42:39,7030.0,1200.0,611900.0
236,2021-09-30 13:42:29,7030.0,500.0,610700.0
237,2021-09-30 13:42:08,7030.0,500.0,610200.0
238,2021-09-30 13:41:26,7030.0,1800.0,609700.0
239,2021-09-30 13:41:14,7030.0,4000.0,607900.0
240,2021-09-30 13:41:14,7030.0,200.0,603900.0
241,2021-09-30 13:41:13,7030.0,300.0,603700.0
242,2021-09-30 13:40:43,7030.0,3500.0,603400.0
243,2021-09-30 13:40:43,7030.0,4000.0,599900.0
244,2021-09-30 13:40:43,7030.0,500.0,595900.0
245,2021-09-30 13:40:32,7030.0,5500.0,595400.0
246,2021-09-30 13:40:21,7030.0,1000.0,589900.0
247,2021-09-30 13:40:14,7030.0,200.0,588900.0
248,2021-09-30 13:39:52,7030.0,500.0,588700.0
249,2021-09-30 13:39:33,7020.0,1400.0,588200.0
250,2021-09-30 13:39:25,7020.0,1000.0,586800.0
251,2021-09-30 13:39:25,7020.0,300.0,585800.0
252,2021-09-30 13:39:25,7020.0,1300.0,585500.0
253,2021-09-30 13:39:15,7020.0,3700.0,584200.0
254,2021-09-30 13:39:12,7020.0,300.0,580500.0
255,2021-09-30 13:39:12,7020.0,4000.0,580200.0
256,2021-09-30 13:39:12,7020.0,3700.0,576200.0
257,2021-09-30 13:39:07,7020.0,300.0,572500.0
258,2021-09-30 13:39:07,7020.0,200.0,572200.0
259,2021-09-30 13:39:05,7020.0,500.0,572000.0
260,2021-09-30 13:38:59,7020.0,3000.0,571500.0
261,2021-09-30 13:38:57,7020.0,300.0,568500.0
262,2021-09-30 13:38:49,7020.0,1000.0,568200.0
263,2021-09-30 13:38:33,7010.0,4400.0,567200.0
264,2021-09-30 13:38:19,7010.0,600.0,562800.0
265,2021-09-30 13:38:19,7010.0,2200.0,562200.0
266,2021-09-30 13:38:11,7010.0,1000.0,560000.0
267,2021-09-30 13:38:03,7010.0,1800.0,559000.0
268,2021-09-30 13:38:03,7010.0,8200.0,557200.0
269,2021-09-30 13:37:47,7010.0,100.0,549000.0
270,2021-09-30 13:37:26,7010.0,700.0,548900.0
271,2021-09-30 13:36:55,7000.0,200.0,548200.0
272,2021-09-30 13:36:34,7000.0,9000.0,548000.0
273,2021-09-30 13:36:34,7000.0,9000.0,539000.0
274,2021-09-30 13:36:34,7000.0,1500.0,530000.0
275,2021-09-30 13:35:54,7000.0,300.0,528500.0
276,2021-09-30 13:35:54,7000.0,200.0,528200.0
277,2021-09-30 13:35:54,7000.0,9000.0,528000.0
278,2021-09-30 13:35:54,7000.0,1000.0,519000.0
279,2021-09-30 13:35:54,7000.0,600.0,518000.0
280,2021-09-30 13:35:54,7000.0,100.0,517400.0
281,2021-09-30 13:35:54,7000.0,400.0,517300.0
282,2021-09-30 13:35:54,7000.0,100.0,516900.0
283,2021-09-30 13:35:54,7000.0,2000.0,516800.0
284,2021-09-30 13:35:54,7000.0,500.0,514800.0
285,2021-09-30 13:35:54,7000.0,2000.0,514300.0
286,2021-09-30 13:35:54,7000.0,2300.0,512300.0
287,2021-09-30 13:35:54,7000.0,100.0,510000.0
288,2021-09-30 13:35:54,7000.0,100.0,509900.0
289,2021-09-30 13:35:54,7000.0,300.0,509800.0
290,2021-09-30 13:35:38,7000.0,300.0,509500.0
291,2021-09-30 13:35:29,7000.0,200.0,509200.0
292,2021-09-30 13:35:29,6990.0,800.0,509000.0
293,2021-09-30 13:34:45,7000.0,2800.0,508200.0
294,2021-09-30 13:34:45,7000.0,1100.0,505400.0
295,2021-09-30 13:34:45,7000.0,300.0,504300.0
296,2021-09-30 13:34:45,7000.0,100.0,504000.0
297,2021-09-30 13:34:45,7000.0,1000.0,503900.0
298,2021-09-30 13:34:45,7000.0,100.0,502900.0
299,2021-09-30 13:34:45,7000.0,100.0,502800.0
300,2021-09-30 13:34:45,7000.0,200.0,502700.0
301,2021-09-30 13:34:45,7000.0,1000.0,502500.0
302,2021-09-30 13:34:45,7000.0,500.0,501500.0
303,2021-09-30 13:34:45,7000.0,1600.0,501000.0
304,2021-09-30 13:34:45,6990.0,1200.0,499400.0
305,2021-09-30 13:34:32,6990.0,5000.0,498200.0
306,2021-09-30 13:34:27,6990.0,2800.0,493200.0
307,2021-09-30 13:34:24,6990.0,100.0,490400.0
308,2021-09-30 13:34:24,6990.0,100.0,490300.0
309,2021-09-30 13:34:05,6990.0,1500.0,490200.0
310,2021-09-30 13:33:57,6990.0,5000.0,488700.0
311,2021-09-30 13:33:18,6990.0,500.0,483700.0
312,2021-09-30 13:33:17,6990.0,1900.0,483200.0
313,2021-09-30 13:33:11,6990.0,200.0,481300.0
314,2021-09-30 13:33:11,6990.0,900.0,481100.0
315,2021-09-30 13:33:00,6990.0,1600.0,480200.0
316,2021-09-30 13:32:41,6990.0,4000.0,478600.0
317,2021-09-30 13:32:36,6990.0,500.0,474600.0
318,2021-09-30 13:32:34,6990.0,2000.0,474100.0
319,2021-09-30 13:32:32,7000.0,2500.0,472100.0
320,2021-09-30 13:32:31,7000.0,1100.0,469600.0
321,2021-09-30 13:32:22,7000.0,3900.0,468500.0
322,2021-09-30 13:32:22,6990.0,6100.0,464600.0
323,2021-09-30 13:32:18,6990.0,900.0,458500.0
324,2021-09-30 13:32:18,6990.0,100.0,457600.0
325,2021-09-30 13:32:03,7000.0,3200.0,457500.0
326,2021-09-30 13:32:03,6990.0,6800.0,454300.0
327,2021-09-30 13:31:54,6990.0,200.0,447500.0
328,2021-09-30 13:31:36,7000.0,15000.0,447300.0
329,2021-09-30 13:31:36,6970.0,5000.0,432300.0
330,2021-09-30 13:31:18,6950.0,5000.0,427300.0
331,2021-09-30 13:30:45,6950.0,5000.0,422300.0
332,2021-09-30 13:30:19,7000.0,6100.0,417300.0
333,2021-09-30 13:30:19,6990.0,500.0,411200.0
334,2021-09-30 13:30:19,6980.0,1600.0,410700.0
335,2021-09-30 13:30:19,6980.0,2000.0,409100.0
336,2021-09-30 13:30:19,6980.0,200.0,407100.0
337,2021-09-30 13:30:19,6980.0,1000.0,406900.0
338,2021-09-30 13:30:19,6970.0,1700.0,405900.0
339,2021-09-30 13:30:19,6960.0,200.0,404200.0
340,2021-09-30 13:30:19,6950.0,500.0,404000.0
341,2021-09-30 13:30:19,6950.0,1200.0,403500.0
342,2021-09-30 13:30:18,6950.0,800.0,402300.0
343,2021-09-30 13:30:18,6950.0,2500.0,401500.0
344,2021-09-30 13:30:18,6950.0,1000.0,399000.0
345,2021-09-30 13:30:18,6950.0,900.0,398000.0
346,2021-09-30 13:30:18,6940.0,100.0,397100.0
347,2021-09-30 13:30:18,6940.0,700.0,397000.0
348,2021-09-30 13:30:16,6900.0,3500.0,396300.0
349,2021-09-30 13:30:09,6900.0,1000.0,392800.0
350,2021-09-30 13:29:44,6900.0,500.0,391800.0
351,2021-09-30 13:29:15,6940.0,200.0,391300.0
352,2021-09-30 13:29:03,6940.0,1000.0,391100.0
353,2021-09-30 13:28:38,6940.0,1000.0,390100.0
354,2021-09-30 13:28:06,6930.0,1200.0,389100.0
355,2021-09-30 13:27:29,6930.0,1000.0,387900.0
356,2021-09-30 13:27:29,6920.0,1000.0,386900.0
357,2021-09-30 13:27:20,6910.0,500.0,385900.0
358,2021-09-30 13:27:19,6910.0,500.0,385400.0
359,2021-09-30 13:27:01,6900.0,3000.0,384900.0
360,2021-09-30 13:27:01,6900.0,200.0,381900.0
361,2021-09-30 13:26:58,6900.0,4300.0,381700.0
362,2021-09-30 13:26:58,6900.0,200.0,377400.0
363,2021-09-30 13:26:58,6880.0,500.0,377200.0
364,2021-09-30 13:26:33,6830.0,100.0,376700.0
365,2021-09-30 13:26:00,6830.0,100.0,376600.0
366,2021-09-30 13:26:00,6830.0,200.0,376500.0
367,2021-09-30 13:25:55,6880.0,300.0,376300.0
368,2021-09-30 13:25:27,6830.0,600.0,376000.0
369,2021-09-30 13:25:27,6850.0,400.0,375400.0
370,2021-09-30 13:25:26,6850.0,200.0,375000.0
371,2021-09-30 13:25:26,6850.0,200.0,374800.0
372,2021-09-30 13:25:26,6850.0,700.0,374600.0
373,2021-09-30 13:25:22,6830.0,200.0,373900.0
374,2021-09-30 13:24:54,6830.0,200.0,373700.0
375,2021-09-30 13:24:35,6830.0,500.0,373500.0
376,2021-09-30 13:24:35,6830.0,100.0,373000.0
377,2021-09-30 13:24:14,6830.0,9900.0,372900.0
378,2021-09-30 13:24:14,6830.0,2000.0,363000.0
379,2021-09-30 13:24:14,6830.0,2000.0,361000.0
380,2021-09-30 13:24:14,6830.0,100.0,359000.0
381,2021-09-30 13:22:50,6850.0,1300.0,358900.0
382,2021-09-30 13:22:50,6850.0,2800.0,357600.0
383,2021-09-30 13:22:37,6850.0,4600.0,354800.0
384,2021-09-30 13:22:37,6840.0,400.0,350200.0
385,2021-09-30 13:21:05,6840.0,100.0,349800.0
386,2021-09-30 13:21:05,6840.0,500.0,349700.0
387,2021-09-30 13:21:05,6840.0,100.0,349200.0
388,2021-09-30 13:21:05,6840.0,500.0,349100.0
389,2021-09-30 13:21:05,6840.0,3000.0,348600.0
390,2021-09-30 13:19:42,6850.0,500.0,345600.0
391,2021-09-30 13:16:32,6850.0,100.0,345100.0
392,2021-09-30 13:16:07,6850.0,100.0,345000.0
393,2021-09-30 13:16:07,6850.0,100.0,344900.0
394,2021-09-30 13:16:07,6850.0,500.0,344800.0
395,2021-09-30 13:15:18,6850.0,5500.0,344300.0
396,2021-09-30 13:15:18,6850.0,200.0,338800.0
397,2021-09-30 13:15:18,6850.0,200.0,338600.0
398,2021-09-30 13:15:18,6860.0,100.0,338400.0
399,2021-09-30 13:11:45,6850.0,300.0,338300.0
400,2021-09-30 13:11:45,6850.0,100.0,338000.0
401,2021-09-30 13:11:45,6850.0,100.0,337900.0
402,2021-09-30 13:10:43,6850.0,100.0,337800.0
403,2021-09-30 13:10:43,6850.0,1000.0,337700.0
404,2021-09-30 13:10:43,6850.0,200.0,336700.0
405,2021-09-30 13:10:43,6850.0,1000.0,336500.0
406,2021-09-30 13:10:43,6850.0,1000.0,335500.0
407,2021-09-30 13:10:43,6850.0,100.0,334500.0
408,2021-09-30 13:10:43,6850.0,500.0,334400.0
409,2021-09-30 13:10:43,6850.0,300.0,333900.0
410,2021-09-30 13:10:43,6850.0,100.0,333600.0
411,2021-09-30 13:10:43,6850.0,1000.0,333500.0
412,2021-09-30 13:10:43,6850.0,1000.0,332500.0
413,2021-09-30 13:10:43,6850.0,1000.0,331500.0
414,2021-09-30 13:10:43,6850.0,200.0,330500.0
415,2021-09-30 13:10:43,6850.0,1000.0,330300.0
416,2021-09-30 13:10:43,6850.0,500.0,329300.0
417,2021-09-30 13:08:59,6850.0,500.0,328800.0
418,2021-09-30 13:08:59,6850.0,100.0,328300.0
419,2021-09-30 13:08:59,6850.0,3000.0,328200.0
420,2021-09-30 13:08:59,6850.0,200.0,325200.0
421,2021-09-30 13:08:59,6850.0,500.0,325000.0
422,2021-09-30 13:08:59,6850.0,300.0,324500.0
423,2021-09-30 13:08:59,6850.0,100.0,324200.0
424,2021-09-30 13:08:59,6850.0,2000.0,324100.0
425,2021-09-30 13:08:59,6850.0,700.0,322100.0
426,2021-09-30 13:08:59,6860.0,6000.0,321400.0
427,2021-09-30 13:08:59,6860.0,400.0,315400.0
428,2021-09-30 13:08:59,6860.0,100.0,315000.0
429,2021-09-30 13:08:59,6860.0,1000.0,314900.0
430,2021-09-30 13:08:59,6860.0,200.0,313900.0
431,2021-09-30 13:08:59,6860.0,500.0,313700.0
432,2021-09-30 13:08:59,6860.0,100.0,313200.0
433,2021-09-30 13:08:59,6860.0,200.0,313100.0
434,2021-09-30 13:08:59,6860.0,3000.0,312900.0
435,2021-09-30 13:08:59,6870.0,1000.0,309900.0
436,2021-09-30 13:08:59,6870.0,1000.0,308900.0
437,2021-09-30 13:08:59,6870.0,2000.0,307900.0
438,2021-09-30 13:08:59,6870.0,300.0,305900.0
439,2021-09-30 13:08:59,6870.0,300.0,305600.0
440,2021-09-30 13:08:59,6870.0,200.0,305300.0
441,2021-09-30 13:08:59,6870.0,5000.0,305100.0
442,2021-09-30 13:08:59,6870.0,100.0,300100.0
443,2021-09-30 13:08:59,6870.0,400.0,300000.0
444,2021-09-30 13:08:59,6880.0,800.0,299600.0
445,2021-09-30 13:08:58,6880.0,200.0,298800.0
446,2021-09-30 13:08:38,6870.0,500.0,298600.0
447,2021-09-30 13:06:33,6880.0,500.0,298100.0
448,2021-09-30 13:06:33,6880.0,300.0,297600.0
449,2021-09-30 13:05:57,6880.0,1000.0,297300.0
450,2021-09-30 13:05:06,6900.0,500.0,296300.0
451,2021-09-30 13:02:01,6900.0,1400.0,295800.0
452,2021-09-30 13:00:15,6900.0,100.0,294400.0
453,2021-09-30 13:00:15,6900.0,500.0,294300.0
454,2021-09-30 13:00:15,6900.0,2000.0,293800.0
455,2021-09-30 13:00:15,6900.0,5000.0,291800.0
456,2021-09-30 13:00:15,6900.0,500.0,286800.0
457,2021-09-30 13:00:15,6900.0,400.0,286300.0
458,2021-09-30 13:00:15,6890.0,100.0,285900.0
459,2021-09-30 13:00:04,6880.0,2700.0,285800.0
460,2021-09-30 13:00:04,6880.0,300.0,283100.0
461,2021-09-30 13:00:03,6900.0,600.0,282800.0
462,2021-09-30 13:00:03,6900.0,300.0,282200.0
463,2021-09-30 11:29:08,6880.0,100.0,281900.0
464,2021-09-30 11:27:17,6880.0,100.0,281800.0
465,2021-09-30 11:27:17,6880.0,100.0,281700.0
466,2021-09-30 11:27:17,6880.0,800.0,281600.0
467,2021-09-30 11:27:13,6880.0,300.0,280800.0
468,2021-09-30 11:25:24,6880.0,900.0,280500.0
469,2021-09-30 11:25:24,6880.0,200.0,279600.0
470,2021-09-30 11:25:24,6880.0,500.0,279400.0
471,2021-09-30 11:25:24,6880.0,100.0,278900.0
472,2021-09-30 11:25:24,6880.0,1000.0,278800.0
473,2021-09-30 11:25:24,6880.0,300.0,277800.0
474,2021-09-30 11:25:01,6880.0,500.0,277500.0
475,2021-09-30 11:24:38,6880.0,200.0,277000.0
476,2021-09-30 11:24:38,6880.0,500.0,276800.0
477,2021-09-30 11:23:51,6900.0,10000.0,276300.0
478,2021-09-30 11:22:07,6900.0,1500.0,266300.0
479,2021-09-30 11:22:07,6900.0,1000.0,264800.0
480,2021-09-30 11:22:07,6900.0,500.0,263800.0
481,2021-09-30 11:22:07,6900.0,1500.0,263300.0
482,2021-09-30 11:22:07,6900.0,1000.0,261800.0
483,2021-09-30 11:22:07,6900.0,1000.0,260800.0
484,2021-09-30 11:22:07,6900.0,100.0,259800.0
485,2021-09-30 11:22:07,6900.0,100.0,259700.0
486,2021-09-30 11:21:30,6900.0,100.0,259600.0
487,2021-09-30 11:21:30,6900.0,100.0,259500.0
488,2021-09-30 11:21:30,6900.0,3800.0,259400.0
489,2021-09-30 11:20:32,6900.0,1000.0,255600.0
490,2021-09-30 11:19:39,6900.0,1000.0,254600.0
491,2021-09-30 11:18:11,6900.0,1600.0,253600.0
492,2021-09-30 11:13:01,6900.0,1000.0,252000.0
493,2021-09-30 11:12:46,6900.0,1600.0,251000.0
494,2021-09-30 11:12:46,6900.0,500.0,249400.0
495,2021-09-30 11:12:46,6900.0,1100.0,248900.0
496,2021-09-30 11:12:06,6900.0,1000.0,247800.0
497,2021-09-30 11:11:36,6900.0,200.0,246800.0
498,2021-09-30 11:11:15,6900.0,3000.0,246600.0
499,2021-09-30 11:10:33,6900.0,4700.0,243600.0
500,2021-09-30 11:10:33,6900.0,1000.0,238900.0
501,2021-09-30 11:10:33,6900.0,500.0,237900.0
502,2021-09-30 11:10:33,6900.0,200.0,237400.0
503,2021-09-30 11:10:10,6900.0,400.0,237200.0
504,2021-09-30 11:10:10,6900.0,200.0,236800.0
505,2021-09-30 11:10:10,6900.0,100.0,236600.0
506,2021-09-30 11:10:10,6900.0,100.0,236500.0
507,2021-09-30 11:10:10,6900.0,900.0,236400.0
508,2021-09-30 11:10:10,6900.0,200.0,235500.0
509,2021-09-30 11:09:49,6910.0,500.0,235300.0
510,2021-09-30 11:08:46,6900.0,2000.0,234800.0
511,2021-09-30 11:02:08,6900.0,2600.0,232800.0
512,2021-09-30 11:02:08,6900.0,1000.0,230200.0
513,2021-09-30 11:02:08,6900.0,1300.0,229200.0
514,2021-09-30 11:02:08,6910.0,100.0,227900.0
515,2021-09-30 11:01:48,6910.0,300.0,227800.0
516,2021-09-30 11:00:39,6910.0,4600.0,227500.0
517,2021-09-30 11:00:39,6910.0,100.0,222900.0
518,2021-09-30 11:00:39,6910.0,2200.0,222800.0
519,2021-09-30 11:00:39,6920.0,3100.0,220600.0
520,2021-09-30 11:00:01,6920.0,1900.0,217500.0
521,2021-09-30 11:00:01,6920.0,100.0,215600.0
522,2021-09-30 11:00:01,6920.0,2700.0,215500.0
523,2021-09-30 10:57:57,6930.0,300.0,212800.0
524,2021-09-30 10:57:57,6930.0,200.0,212500.0
525,2021-09-30 10:57:57,6930.0,300.0,212300.0
526,2021-09-30 10:54:29,6930.0,700.0,212000.0
527,2021-09-30 10:54:29,6930.0,1000.0,211300.0
528,2021-09-30 10:54:29,6930.0,100.0,210300.0
529,2021-09-30 10:52:05,6930.0,200.0,210200.0
530,2021-09-30 10:51:46,6930.0,900.0,210000.0
531,2021-09-30 10:47:14,6930.0,800.0,209100.0
532,2021-09-30 10:47:14,6930.0,500.0,208300.0
533,2021-09-30 10:46:01,6930.0,2000.0,207800.0
534,2021-09-30 10:45:19,6930.0,2500.0,205800.0
535,2021-09-30 10:45:19,6930.0,1500.0,203300.0
536,2021-09-30 10:45:19,6930.0,100.0,201800.0
537,2021-09-30 10:41:42,6940.0,1400.0,201700.0
538,2021-09-30 10:41:23,6940.0,600.0,200300.0
539,2021-09-30 10:41:23,6940.0,400.0,199700.0
540,2021-09-30 10:41:23,6940.0,500.0,199300.0
541,2021-09-30 10:39:26,6940.0,500.0,198800.0
542,2021-09-30 10:39:26,6940.0,100.0,198300.0
543,2021-09-30 10:39:26,6940.0,300.0,198200.0
544,2021-09-30 10:39:26,6940.0,1000.0,197900.0
545,2021-09-30 10:39:26,6940.0,200.0,196900.0
546,2021-09-30 10:39:26,6940.0,100.0,196700.0
547,2021-09-30 10:38:19,6940.0,500.0,196600.0
548,2021-09-30 10:36:46,6940.0,1400.0,196100.0
549,2021-09-30 10:36:46,6930.0,400.0,194700.0
550,2021-09-30 10:36:25,6930.0,100.0,194300.0
551,2021-09-30 10:36:09,6930.0,500.0,194200.0
552,2021-09-30 10:35:56,6930.0,100.0,193700.0
553,2021-09-30 10:35:52,6920.0,300.0,193600.0
554,2021-09-30 10:27:44,6910.0,1500.0,193300.0
555,2021-09-30 10:26:45,6900.0,700.0,191800.0
556,2021-09-30 10:26:14,6900.0,1000.0,191100.0
557,2021-09-30 10:26:04,6900.0,1000.0,190100.0
558,2021-09-30 10:24:30,6900.0,1000.0,189100.0
559,2021-09-30 10:23:08,6930.0,500.0,188100.0
560,2021-09-30 10:23:08,6930.0,1800.0,187600.0
561,2021-09-30 10:23:06,6930.0,200.0,185800.0
562,2021-09-30 10:23:06,6930.0,500.0,185600.0
563,2021-09-30 10:23:06,6930.0,300.0,185100.0
564,2021-09-30 10:22:11,6930.0,1500.0,184800.0
565,2021-09-30 10:21:33,6950.0,200.0,183300.0
566,2021-09-30 10:21:00,6950.0,200.0,183100.0
567,2021-09-30 10:17:03,6950.0,100.0,182900.0
568,2021-09-30 10:15:18,6950.0,1000.0,182800.0
569,2021-09-30 10:14:29,6950.0,300.0,181800.0
570,2021-09-30 10:14:13,6950.0,100.0,181500.0
571,2021-09-30 10:14:13,6950.0,400.0,181400.0
572,2021-09-30 10:14:13,6950.0,200.0,181000.0
573,2021-09-30 10:14:13,6950.0,100.0,180800.0
574,2021-09-30 10:14:13,6950.0,500.0,180700.0
575,2021-09-30 10:13:51,6950.0,100.0,180200.0
576,2021-09-30 10:12:28,6960.0,100.0,180100.0
577,2021-09-30 10:12:28,6960.0,500.0,180000.0
578,2021-09-30 10:12:28,6960.0,300.0,179500.0
579,2021-09-30 10:11:55,6960.0,1700.0,179200.0
580,2021-09-30 10:10:54,6960.0,1000.0,177500.0
581,2021-09-30 10:09:37,6970.0,300.0,176500.0
582,2021-09-30 10:09:36,6970.0,100.0,176200.0
583,2021-09-30 10:09:30,6970.0,100.0,176100.0
584,2021-09-30 10:09:26,6970.0,100.0,176000.0
585,2021-09-30 10:09:26,6970.0,100.0,175900.0
586,2021-09-30 10:08:57,6970.0,1000.0,175800.0
587,2021-09-30 10:08:57,6970.0,300.0,174800.0
588,2021-09-30 10:08:26,6970.0,700.0,174500.0
589,2021-09-30 10:08:26,6970.0,300.0,173800.0
590,2021-09-30 10:07:16,6970.0,400.0,173500.0
591,2021-09-30 10:06:05,6970.0,300.0,173100.0
592,2021-09-30 10:06:05,6970.0,100.0,172800.0
593,2021-09-30 10:06:05,6970.0,100.0,172700.0
594,2021-09-30 10:06:03,6970.0,1000.0,172600.0
595,2021-09-30 10:05:43,6970.0,4200.0,171600.0
596,2021-09-30 10:02:06,6990.0,1000.0,167400.0
597,2021-09-30 09:57:44,6990.0,500.0,166400.0
598,2021-09-30 09:56:49,6990.0,100.0,165900.0
599,2021-09-30 09:55:57,6990.0,100.0,165800.0
600,2021-09-30 09:55:00,6970.0,400.0,165700.0
601,2021-09-30 09:54:56,6970.0,100.0,165300.0
602,2021-09-30 09:54:13,6970.0,300.0,165200.0
603,2021-09-30 09:54:13,6970.0,100.0,164900.0
604,2021-09-30 09:54:13,6980.0,100.0,164800.0
605,2021-09-30 09:54:13,6980.0,100.0,164700.0
606,2021-09-30 09:52:53,6990.0,300.0,164600.0
607,2021-09-30 09:52:28,6990.0,100.0,164300.0
608,2021-09-30 09:52:22,6990.0,400.0,164200.0
609,2021-09-30 09:52:22,6990.0,100.0,163800.0
610,2021-09-30 09:51:13,6980.0,1900.0,163700.0
611,2021-09-30 09:50:51,6980.0,100.0,161800.0
612,2021-09-30 09:50:51,6980.0,1000.0,161700.0
613,2021-09-30 09:48:26,6950.0,700.0,160700.0
614,2021-09-30 09:48:11,6950.0,100.0,160000.0
615,2021-09-30 09:47:47,6950.0,2000.0,159900.0
616,2021-09-30 09:47:15,6930.0,100.0,157900.0
617,2021-09-30 09:46:46,6930.0,100.0,157800.0
618,2021-09-30 09:46:23,6930.0,100.0,157700.0
619,2021-09-30 09:46:22,6930.0,100.0,157600.0
620,2021-09-30 09:46:16,6900.0,200.0,157500.0
621,2021-09-30 09:42:23,6870.0,200.0,157300.0
622,2021-09-30 09:39:20,6860.0,100.0,157100.0
623,2021-09-30 09:39:20,6870.0,200.0,157000.0
624,2021-09-30 09:39:11,6870.0,100.0,156800.0
625,2021-09-30 09:39:01,6870.0,100.0,156700.0
626,2021-09-30 09:38:41,6870.0,200.0,156600.0
627,2021-09-30 09:38:40,6870.0,300.0,156400.0
628,2021-09-30 09:38:40,6870.0,300.0,156100.0
629,2021-09-30 09:38:07,6870.0,600.0,155800.0
630,2021-09-30 09:38:07,6870.0,2100.0,155200.0
631,2021-09-30 09:37:46,6870.0,100.0,153100.0
632,2021-09-30 09:37:37,6870.0,100.0,153000.0
633,2021-09-30 09:37:29,6870.0,100.0,152900.0
634,2021-09-30 09:37:20,6870.0,200.0,152800.0
635,2021-09-30 09:37:20,6870.0,2000.0,152600.0
636,2021-09-30 09:37:10,6870.0,100.0,150600.0
637,2021-09-30 09:36:59,6870.0,3000.0,150500.0
638,2021-09-30 09:36:48,6850.0,1300.0,147500.0
639,2021-09-30 09:36:48,6860.0,300.0,146200.0
640,2021-09-30 09:36:48,6860.0,100.0,145900.0
641,2021-09-30 09:36:48,6860.0,100.0,145800.0
642,2021-09-30 09:36:48,6860.0,500.0,145700.0
643,2021-09-30 09:36:48,6880.0,100.0,145200.0
644,2021-09-30 09:36:48,6880.0,200.0,145100.0
645,2021-09-30 09:36:48,6880.0,7000.0,144900.0
646,2021-09-30 09:36:48,6880.0,900.0,137900.0
647,2021-09-30 09:36:36,6880.0,100.0,137000.0
648,2021-09-30 09:36:36,6880.0,400.0,136900.0
649,2021-09-30 09:36:36,6880.0,100.0,136500.0
650,2021-09-30 09:36:36,6880.0,400.0,136400.0
651,2021-09-30 09:36:29,6880.0,1000.0,136000.0
652,2021-09-30 09:36:00,6880.0,500.0,135000.0
653,2021-09-30 09:36:00,6900.0,100.0,134500.0
654,2021-09-30 09:35:59,6900.0,1000.0,134400.0
655,2021-09-30 09:35:42,6900.0,3000.0,133400.0
656,2021-09-30 09:35:42,6880.0,100.0,130400.0
657,2021-09-30 09:35:42,6880.0,100.0,130300.0
658,2021-09-30 09:35:35,6900.0,500.0,130200.0
659,2021-09-30 09:35:32,6900.0,500.0,129700.0
660,2021-09-30 09:35:32,6900.0,300.0,129200.0
661,2021-09-30 09:35:32,6900.0,100.0,128900.0
662,2021-09-30 09:35:32,6900.0,1000.0,128800.0
663,2021-09-30 09:35:32,6900.0,3000.0,127800.0
664,2021-09-30 09:35:32,6900.0,100.0,124800.0
665,2021-09-30 09:35:26,6900.0,100.0,124700.0
666,2021-09-30 09:35:26,6900.0,800.0,124600.0
667,2021-09-30 09:35:26,6900.0,1500.0,123800.0
668,2021-09-30 09:35:26,6900.0,2000.0,122300.0
669,2021-09-30 09:35:26,6900.0,600.0,120300.0
670,2021-09-30 09:35:26,6900.0,1000.0,119700.0
671,2021-09-30 09:35:24,6950.0,3000.0,118700.0
672,2021-09-30 09:35:18,6950.0,500.0,115700.0
673,2021-09-30 09:34:35,6950.0,500.0,115200.0
674,2021-09-30 09:34:14,6950.0,1000.0,114700.0
675,2021-09-30 09:34:14,6950.0,3000.0,113700.0
676,2021-09-30 09:34:14,6950.0,200.0,110700.0
677,2021-09-30 09:32:46,6950.0,1000.0,110500.0
678,2021-09-30 09:32:46,6950.0,1000.0,109500.0
679,2021-09-30 09:32:13,6990.0,1000.0,108500.0
680,2021-09-30 09:32:10,6990.0,100.0,107500.0
681,2021-09-30 09:32:04,6990.0,500.0,107400.0
682,2021-09-30 09:32:01,6990.0,1000.0,106900.0
683,2021-09-30 09:31:28,6990.0,100.0,105900.0
684,2021-09-30 09:30:57,6990.0,500.0,105800.0
685,2021-09-30 09:30:56,6990.0,100.0,105300.0
686,2021-09-30 09:30:54,6990.0,100.0,105200.0
687,2021-09-30 09:30:24,6990.0,1000.0,105100.0
688,2021-09-30 09:29:49,6950.0,400.0,104100.0
689,2021-09-30 09:29:49,6950.0,100.0,103700.0
690,2021-09-30 09:29:11,6950.0,200.0,103600.0
691,2021-09-30 09:29:11,6950.0,100.0,103400.0
692,2021-09-30 09:29:06,6990.0,100.0,103300.0
693,2021-09-30 09:28:59,6990.0,100.0,103200.0
694,2021-09-30 09:28:59,6990.0,200.0,103100.0
695,2021-09-30 09:28:59,6990.0,200.0,102900.0
696,2021-09-30 09:28:30,6990.0,200.0,102700.0
697,2021-09-30 09:28:30,6990.0,100.0,102500.0
698,2021-09-30 09:28:13,7000.0,100.0,102400.0
699,2021-09-30 09:28:05,7000.0,1000.0,102300.0
700,2021-09-30 09:28:03,7000.0,100.0,101300.0
701,2021-09-30 09:27:53,7000.0,100.0,101200.0
702,2021-09-30 09:27:52,7000.0,100.0,101100.0
703,2021-09-30 09:27:48,7000.0,500.0,101000.0
704,2021-09-30 09:27:45,7000.0,2000.0,100500.0
705,2021-09-30 09:27:26,7000.0,200.0,98500.0
706,2021-09-30 09:27:12,7000.0,100.0,98300.0
707,2021-09-30 09:27:12,7000.0,200.0,98200.0
708,2021-09-30 09:27:12,7000.0,400.0,98000.0
709,2021-09-30 09:27:12,7000.0,100.0,97600.0
710,2021-09-30 09:27:12,7000.0,4000.0,97500.0
711,2021-09-30 09:27:12,7000.0,500.0,93500.0
712,2021-09-30 09:27:12,7000.0,100.0,93000.0
713,2021-09-30 09:27:12,7000.0,1000.0,92900.0
714,2021-09-30 09:27:12,7000.0,100.0,91900.0
715,2021-09-30 09:27:12,7000.0,200.0,91800.0
716,2021-09-30 09:27:12,7000.0,1000.0,91600.0
717,2021-09-30 09:27:12,7000.0,100.0,90600.0
718,2021-09-30 09:27:12,7000.0,1000.0,90500.0
719,2021-09-30 09:27:12,7000.0,1000.0,89500.0
720,2021-09-30 09:27:12,7000.0,600.0,88500.0
721,2021-09-30 09:27:12,7000.0,200.0,87900.0
722,2021-09-30 09:27:12,7000.0,1000.0,87700.0
723,2021-09-30 09:27:12,7000.0,8400.0,86700.0
724,2021-09-30 09:27:12,7010.0,100.0,78300.0
725,2021-09-30 09:27:12,7010.0,500.0,78200.0
726,2021-09-30 09:27:12,7010.0,500.0,77700.0
727,2021-09-30 09:27:12,7050.0,100.0,77200.0
728,2021-09-30 09:27:12,7050.0,1000.0,77100.0
729,2021-09-30 09:27:12,7050.0,1500.0,76100.0
730,2021-09-30 09:26:23,7100.0,1000.0,74600.0
731,2021-09-30 09:26:22,7100.0,1000.0,73600.0
732,2021-09-30 09:25:36,7100.0,100.0,72600.0
733,2021-09-30 09:25:36,7100.0,300.0,72500.0
734,2021-09-30 09:25:20,7100.0,400.0,72200.0
735,2021-09-30 09:25:20,7100.0,100.0,71800.0
736,2021-09-30 09:25:20,7100.0,1000.0,71700.0
737,2021-09-30 09:25:01,7130.0,700.0,70700.0
738,2021-09-30 09:25:01,7130.0,100.0,70000.0
739,2021-09-30 09:24:58,7130.0,100.0,69900.0
740,2021-09-30 09:24:58,7130.0,900.0,69800.0
741,2021-09-30 09:24:53,7130.0,100.0,68900.0
742,2021-09-30 09:24:42,7130.0,500.0,68800.0
743,2021-09-30 09:24:24,7140.0,1000.0,68300.0
744,2021-09-30 09:24:15,7140.0,300.0,67300.0
745,2021-09-30 09:24:12,7140.0,500.0,67000.0
746,2021-09-30 09:23:32,7140.0,200.0,66500.0
747,2021-09-30 09:23:14,7150.0,100.0,66300.0
748,2021-09-30 09:23:14,7140.0,900.0,66200.0
749,2021-09-30 09:23:04,7150.0,100.0,65300.0
750,2021-09-30 09:23:04,7140.0,100.0,65200.0
751,2021-09-30 09:22:55,7150.0,300.0,65100.0
752,2021-09-30 09:22:48,7150.0,500.0,64800.0
753,2021-09-30 09:22:33,7150.0,1000.0,64300.0
754,2021-09-30 09:22:26,7150.0,900.0,63300.0
755,2021-09-30 09:22:19,7150.0,200.0,62400.0
756,2021-09-30 09:22:19,7150.0,2200.0,62200.0
757,2021-09-30 09:21:43,7160.0,200.0,60000.0
758,2021-09-30 09:21:23,7170.0,2000.0,59800.0
759,2021-09-30 09:21:15,7170.0,100.0,57800.0
760,2021-09-30 09:21:08,7170.0,300.0,57700.0
761,2021-09-30 09:20:59,7170.0,100.0,57400.0
762,2021-09-30 09:20:59,7170.0,4000.0,57300.0
763,2021-09-30 09:20:59,7170.0,100.0,53300.0
764,2021-09-30 09:20:59,7170.0,3700.0,53200.0
765,2021-09-30 09:20:57,7170.0,800.0,49500.0
766,2021-09-30 09:20:22,7170.0,200.0,48700.0
767,2021-09-30 09:20:13,7170.0,300.0,48500.0
768,2021-09-30 09:20:11,7170.0,500.0,48200.0
769,2021-09-30 09:20:11,7170.0,200.0,47700.0
770,2021-09-30 09:20:00,7170.0,400.0,47500.0
771,2021-09-30 09:20:00,7180.0,100.0,47100.0
772,2021-09-30 09:19:32,7170.0,300.0,47000.0
773,2021-09-30 09:19:10,7170.0,500.0,46700.0
774,2021-09-30 09:19:03,7170.0,300.0,46200.0
775,2021-09-30 09:19:03,7170.0,2200.0,45900.0
776,2021-09-30 09:19:03,7160.0,100.0,43700.0
777,2021-09-30 09:19:00,7160.0,200.0,43600.0
778,2021-09-30 09:18:55,7160.0,100.0,43400.0
779,2021-09-30 09:18:51,7170.0,300.0,43300.0
780,2021-09-30 09:18:51,7170.0,200.0,43000.0
781,2021-09-30 09:18:49,7170.0,100.0,42800.0
782,2021-09-30 09:18:43,7160.0,200.0,42700.0
783,2021-09-30 09:18:43,7160.0,100.0,42500.0
784,2021-09-30 09:18:37,7170.0,1000.0,42400.0
785,2021-09-30 09:18:31,7170.0,100.0,41400.0
786,2021-09-30 09:18:23,7170.0,100.0,41300.0
787,2021-09-30 09:18:02,7180.0,200.0,41200.0
788,2021-09-30 09:17:56,7150.0,800.0,41000.0
789,2021-09-30 09:17:42,7150.0,100.0,40200.0
790,2021-09-30 09:17:39,7150.0,100.0,40100.0
791,2021-09-30 09:17:39,7150.0,800.0,40000.0
792,2021-09-30 09:17:38,7150.0,100.0,39200.0
793,2021-09-30 09:17:37,7150.0,100.0,39100.0
794,2021-09-30 09:17:37,7150.0,1000.0,39000.0
795,2021-09-30 09:17:37,7150.0,8900.0,38000.0
796,2021-09-30 09:17:12,7150.0,1100.0,29100.0
797,2021-09-30 09:17:12,7100.0,1500.0,28000.0
798,2021-09-30 09:17:12,7100.0,1000.0,26500.0
799,2021-09-30 09:17:12,7100.0,100.0,25500.0
800,2021-09-30 09:17:12,7050.0,1000.0,25400.0
801,2021-09-30 09:17:12,7020.0,300.0,24400.0
802,2021-09-30 09:16:57,7010.0,500.0,24100.0
803,2021-09-30 09:15:51,7000.0,1600.0,23600.0
804,2021-09-30 09:15:40,7000.0,400.0,22000.0
805,2021-09-30 09:15:39,7000.0,3500.0,21600.0
806,2021-09-30 09:15:39,7000.0,1000.0,18100.0
807,2021-09-30 09:15:39,7000.0,300.0,17100.0
808,2021-09-30 09:15:39,7000.0,200.0,16800.0
809,2021-09-30 09:15:00,7000.0,100.0,16600.0
810,2021-09-30 09:15:00,7000.0,100.0,16500.0
811,2021-09-30 09:15:00,7000.0,1600.0,16400.0
812,2021-09-30 09:15:00,7000.0,500.0,14800.0
813,2021-09-30 09:15:00,7000.0,100.0,14300.0
814,2021-09-30 09:15:00,7000.0,500.0,14200.0
815,2021-09-30 09:15:00,7000.0,100.0,13700.0
816,2021-09-30 09:15:00,7000.0,200.0,13600.0
817,2021-09-30 09:15:00,7000.0,300.0,13400.0
818,2021-09-30 09:15:00,7000.0,300.0,13100.0
819,2021-09-30 09:15:00,7000.0,500.0,12800.0
820,2021-09-30 09:15:00,7000.0,2200.0,12300.0
821,2021-09-30 09:15:00,7000.0,1000.0,10100.0
822,2021-09-30 09:15:00,7000.0,1000.0,9100.0
823,2021-09-30 09:15:00,7000.0,600.0,8100.0
824,2021-09-30 09:15:00,7000.0,900.0,7500.0
825,2021-09-30 09:15:00,7000.0,100.0,6600.0
826,2021-09-30 09:15:00,7000.0,300.0,6500.0
827,2021-09-30 09:15:00,7000.0,1000.0,6200.0
828,2021-09-30 09:15:00,7000.0,100.0,5200.0
829,2021-09-30 09:15:00,7000.0,200.0,5100.0
830,2021-09-30 09:15:00,7000.0,1400.0,4900.0
831,2021-09-30 09:15:00,7000.0,500.0,3500.0
832,2021-09-30 09:15:00,7000.0,400.0,3000.0
833,2021-09-30 09:15:00,7000.0,100.0,2600.0
834,2021-09-30 09:15:00,7000.0,200.0,2500.0
835,2021-09-30 09:15:00,7000.0,1300.0,2300.0
836,2021-09-30 09:15:00,7000.0,500.0,1000.0
837,2021-09-30 09:15:00,7000.0,500.0,500.0
