,Time,Price,Volume_per_trade,Volume
0,2021-10-08 07:45:00,38000.0,1000.0,2065900.0
1,2021-10-08 07:45:00,38000.0,4200.0,2064900.0
2,2021-10-08 07:45:00,38000.0,8000.0,2060700.0
3,2021-10-08 07:45:00,38000.0,400.0,2052700.0
4,2021-10-08 07:45:00,38000.0,100.0,2052300.0
5,2021-10-08 07:45:00,38000.0,200.0,2052200.0
6,2021-10-08 07:45:00,38000.0,500.0,2052000.0
7,2021-10-08 07:45:00,38000.0,1600.0,2051500.0
8,2021-10-08 07:45:00,38000.0,1500.0,2049900.0
9,2021-10-08 07:45:00,38000.0,1500.0,2048400.0
10,2021-10-08 07:45:00,38000.0,400.0,2046900.0
11,2021-10-08 07:45:00,38000.0,700.0,2046500.0
12,2021-10-08 07:45:00,38000.0,400.0,2045800.0
13,2021-10-08 07:45:00,38000.0,500.0,2045400.0
14,2021-10-08 07:45:00,38000.0,1200.0,2044900.0
15,2021-10-08 07:45:00,38000.0,1000.0,2043700.0
16,2021-10-08 07:45:00,38000.0,6900.0,2042700.0
17,2021-10-08 07:45:00,38000.0,9100.0,2035800.0
18,2021-10-08 07:45:00,38000.0,100.0,2026700.0
19,2021-10-08 07:45:00,38000.0,100.0,2026600.0
20,2021-10-08 07:45:00,38000.0,100.0,2026500.0
21,2021-10-08 07:45:00,38000.0,600.0,2026400.0
22,2021-10-08 07:45:00,38000.0,100.0,2025800.0
23,2021-10-08 07:45:00,38000.0,4000.0,2025700.0
24,2021-10-08 07:45:00,38000.0,4000.0,2021700.0
25,2021-10-08 07:45:00,38000.0,1900.0,2017700.0
26,2021-10-08 07:45:00,38000.0,100.0,2015800.0
27,2021-10-08 07:29:58,38000.0,100.0,2015700.0
28,2021-10-08 07:29:31,38000.0,200.0,2015600.0
29,2021-10-08 07:29:25,37950.0,10000.0,2015400.0
30,2021-10-08 07:29:25,37950.0,100.0,2005400.0
31,2021-10-08 07:29:25,37950.0,700.0,2005300.0
32,2021-10-08 07:29:25,37950.0,3000.0,2004600.0
33,2021-10-08 07:29:25,37950.0,5700.0,2001600.0
34,2021-10-08 07:29:23,37900.0,100.0,1995900.0
35,2021-10-08 07:29:14,37900.0,5000.0,1995800.0
36,2021-10-08 07:29:14,37900.0,500.0,1990800.0
37,2021-10-08 07:28:47,37900.0,1500.0,1990300.0
38,2021-10-08 07:28:31,37850.0,1000.0,1988800.0
39,2021-10-08 07:28:31,37850.0,1800.0,1987800.0
40,2021-10-08 07:28:16,37800.0,2000.0,1986000.0
41,2021-10-08 07:28:16,37800.0,700.0,1984000.0
42,2021-10-08 07:27:41,37800.0,14200.0,1983300.0
43,2021-10-08 07:27:41,37800.0,2000.0,1969100.0
44,2021-10-08 07:27:41,37800.0,100.0,1967100.0
45,2021-10-08 07:27:24,37850.0,4500.0,1967000.0
46,2021-10-08 07:27:24,37850.0,2500.0,1962500.0
47,2021-10-08 07:27:24,37850.0,9200.0,1960000.0
48,2021-10-08 07:26:55,37900.0,1000.0,1950800.0
49,2021-10-08 07:26:55,37900.0,2500.0,1949800.0
50,2021-10-08 07:26:55,37900.0,4200.0,1947300.0
51,2021-10-08 07:26:55,37900.0,10300.0,1943100.0
52,2021-10-08 07:26:49,37950.0,200.0,1932800.0
53,2021-10-08 07:26:41,37950.0,100.0,1932600.0
54,2021-10-08 07:26:21,37950.0,200.0,1932500.0
55,2021-10-08 07:26:07,37950.0,3000.0,1932300.0
56,2021-10-08 07:26:03,37900.0,100.0,1929300.0
57,2021-10-08 07:25:25,37950.0,500.0,1929200.0
58,2021-10-08 07:24:30,37950.0,100.0,1928700.0
59,2021-10-08 07:23:39,37950.0,100.0,1928600.0
60,2021-10-08 07:22:27,37950.0,100.0,1928500.0
61,2021-10-08 07:22:27,37950.0,400.0,1928400.0
62,2021-10-08 07:22:20,37900.0,1000.0,1928000.0
63,2021-10-08 07:22:20,37900.0,300.0,1927000.0
64,2021-10-08 07:22:20,37900.0,6800.0,1926700.0
65,2021-10-08 07:22:05,37850.0,4000.0,1919900.0
66,2021-10-08 07:22:05,37850.0,3300.0,1915900.0
67,2021-10-08 07:21:41,37700.0,1500.0,1912600.0
68,2021-10-08 07:21:41,37800.0,500.0,1911100.0
69,2021-10-08 07:21:36,37800.0,100.0,1910600.0
70,2021-10-08 07:21:36,37800.0,1900.0,1910500.0
71,2021-10-08 07:21:36,37750.0,2500.0,1908600.0
72,2021-10-08 07:21:29,37750.0,500.0,1906100.0
73,2021-10-08 07:21:29,37750.0,600.0,1905600.0
74,2021-10-08 07:21:29,37750.0,8600.0,1905000.0
75,2021-10-08 07:21:29,37750.0,900.0,1896400.0
76,2021-10-08 07:21:29,37750.0,11900.0,1895500.0
77,2021-10-08 07:21:09,37800.0,300.0,1883600.0
78,2021-10-08 07:21:09,37800.0,4200.0,1883300.0
79,2021-10-08 07:21:09,37800.0,13600.0,1879100.0
80,2021-10-08 07:20:47,37850.0,2700.0,1865500.0
81,2021-10-08 07:20:45,37850.0,2600.0,1862800.0
82,2021-10-08 07:20:34,37800.0,700.0,1860200.0
83,2021-10-08 07:20:34,37800.0,9300.0,1859500.0
84,2021-10-08 07:20:20,37850.0,1000.0,1850200.0
85,2021-10-08 07:20:20,37850.0,2000.0,1849200.0
86,2021-10-08 07:20:20,37850.0,200.0,1847200.0
87,2021-10-08 07:20:20,37850.0,3200.0,1847000.0
88,2021-10-08 07:19:03,37900.0,1000.0,1843800.0
89,2021-10-08 07:18:48,37900.0,200.0,1842800.0
90,2021-10-08 07:18:40,37850.0,500.0,1842600.0
91,2021-10-08 07:18:40,37850.0,3500.0,1842100.0
92,2021-10-08 07:18:27,37900.0,100.0,1838600.0
93,2021-10-08 07:18:17,37850.0,2500.0,1838500.0
94,2021-10-08 07:18:06,37850.0,4000.0,1836000.0
95,2021-10-08 07:18:00,37850.0,3000.0,1832000.0
96,2021-10-08 07:17:22,37900.0,100.0,1829000.0
97,2021-10-08 07:16:58,37850.0,100.0,1828900.0
98,2021-10-08 07:16:20,37900.0,500.0,1828800.0
99,2021-10-08 07:16:12,37850.0,100.0,1828300.0
100,2021-10-08 07:16:12,37850.0,100.0,1828200.0
101,2021-10-08 07:16:12,37850.0,500.0,1828100.0
102,2021-10-08 07:16:12,37850.0,4800.0,1827600.0
103,2021-10-08 07:15:14,37850.0,500.0,1822800.0
104,2021-10-08 07:15:06,37800.0,4000.0,1822300.0
105,2021-10-08 07:15:06,37800.0,800.0,1818300.0
106,2021-10-08 07:14:55,37750.0,2000.0,1817500.0
107,2021-10-08 07:14:55,37750.0,1700.0,1815500.0
108,2021-10-08 07:14:36,37700.0,2000.0,1813800.0
109,2021-10-08 07:14:36,37700.0,200.0,1811800.0
110,2021-10-08 07:14:08,37700.0,800.0,1811600.0
111,2021-10-08 07:13:58,37700.0,4200.0,1810800.0
112,2021-10-08 07:13:36,37700.0,500.0,1806600.0
113,2021-10-08 07:13:36,37700.0,100.0,1806100.0
114,2021-10-08 07:13:36,37700.0,16200.0,1806000.0
115,2021-10-08 07:13:36,37700.0,100.0,1789800.0
116,2021-10-08 07:13:36,37700.0,500.0,1789700.0
117,2021-10-08 07:13:36,37700.0,200.0,1789200.0
118,2021-10-08 07:13:36,37700.0,100.0,1789000.0
119,2021-10-08 07:13:36,37700.0,1000.0,1788900.0
120,2021-10-08 07:13:36,37700.0,4300.0,1787900.0
121,2021-10-08 07:13:36,37700.0,7800.0,1783600.0
122,2021-10-08 07:13:30,37750.0,500.0,1775800.0
123,2021-10-08 07:13:10,37750.0,1000.0,1775300.0
124,2021-10-08 07:13:10,37750.0,5300.0,1774300.0
125,2021-10-08 07:13:10,37750.0,3500.0,1769000.0
126,2021-10-08 07:12:57,37800.0,200.0,1765500.0
127,2021-10-08 07:12:57,37800.0,4200.0,1765300.0
128,2021-10-08 07:12:57,37800.0,9800.0,1761100.0
129,2021-10-08 07:11:37,37850.0,1000.0,1751300.0
130,2021-10-08 07:11:30,37850.0,1000.0,1750300.0
131,2021-10-08 07:11:07,37850.0,1100.0,1749300.0
132,2021-10-08 07:10:50,37800.0,1500.0,1748200.0
133,2021-10-08 07:10:50,37800.0,4000.0,1746700.0
134,2021-10-08 07:10:50,37800.0,1200.0,1742700.0
135,2021-10-08 07:10:38,37750.0,2000.0,1741500.0
136,2021-10-08 07:10:38,37750.0,6000.0,1739500.0
137,2021-10-08 07:09:59,37750.0,300.0,1733500.0
138,2021-10-08 07:09:59,37750.0,200.0,1733200.0
139,2021-10-08 07:09:59,37750.0,500.0,1733000.0
140,2021-10-08 07:09:59,37750.0,1200.0,1732500.0
141,2021-10-08 07:09:59,37750.0,1800.0,1731300.0
142,2021-10-08 07:09:53,37750.0,500.0,1729500.0
143,2021-10-08 07:09:46,37750.0,200.0,1729000.0
144,2021-10-08 07:09:46,37750.0,13800.0,1728800.0
145,2021-10-08 07:09:34,37750.0,500.0,1715000.0
146,2021-10-08 07:09:34,37750.0,3500.0,1714500.0
147,2021-10-08 07:08:56,37800.0,1000.0,1711000.0
148,2021-10-08 07:08:56,37800.0,1000.0,1710000.0
149,2021-10-08 07:08:56,37800.0,200.0,1709000.0
150,2021-10-08 07:08:56,37800.0,500.0,1708800.0
151,2021-10-08 07:08:56,37800.0,100.0,1708300.0
152,2021-10-08 07:08:56,37800.0,1000.0,1708200.0
153,2021-10-08 07:08:56,37800.0,5000.0,1707200.0
154,2021-10-08 07:08:24,37800.0,300.0,1702200.0
155,2021-10-08 07:08:20,37850.0,2500.0,1701900.0
156,2021-10-08 07:06:49,37850.0,300.0,1699400.0
157,2021-10-08 07:06:49,37850.0,2300.0,1699100.0
158,2021-10-08 07:06:01,37850.0,1000.0,1696800.0
159,2021-10-08 07:05:00,37850.0,1600.0,1695800.0
160,2021-10-08 07:04:34,37800.0,2800.0,1694200.0
161,2021-10-08 07:04:14,37800.0,1000.0,1691400.0
162,2021-10-08 07:03:38,37800.0,2000.0,1690400.0
163,2021-10-08 07:02:58,37800.0,500.0,1688400.0
164,2021-10-08 07:02:18,37800.0,1500.0,1687900.0
165,2021-10-08 07:02:05,37850.0,1400.0,1686400.0
166,2021-10-08 07:02:05,37850.0,3900.0,1685000.0
167,2021-10-08 07:02:05,37850.0,3800.0,1681100.0
168,2021-10-08 07:00:16,37850.0,100.0,1677300.0
169,2021-10-08 06:59:45,37900.0,100.0,1677200.0
170,2021-10-08 06:59:44,37900.0,100.0,1677100.0
171,2021-10-08 06:59:38,37850.0,100.0,1677000.0
172,2021-10-08 06:59:24,37850.0,1000.0,1676900.0
173,2021-10-08 06:59:24,37850.0,14000.0,1675900.0
174,2021-10-08 06:58:38,37800.0,600.0,1661900.0
175,2021-10-08 06:58:38,37800.0,5000.0,1661300.0
176,2021-10-08 06:58:38,37800.0,100.0,1656300.0
177,2021-10-08 06:58:38,37800.0,1700.0,1656200.0
178,2021-10-08 06:57:46,37800.0,2000.0,1654500.0
179,2021-10-08 06:57:46,37800.0,500.0,1652500.0
180,2021-10-08 06:57:46,37800.0,2000.0,1652000.0
181,2021-10-08 06:57:46,37800.0,1000.0,1650000.0
182,2021-10-08 06:57:46,37800.0,200.0,1649000.0
183,2021-10-08 06:57:46,37800.0,9500.0,1648800.0
184,2021-10-08 06:57:46,37800.0,200.0,1639300.0
185,2021-10-08 06:57:46,37800.0,100.0,1639100.0
186,2021-10-08 06:57:46,37800.0,2800.0,1639000.0
187,2021-10-08 06:57:25,37800.0,200.0,1636200.0
188,2021-10-08 06:57:25,37800.0,2800.0,1636000.0
189,2021-10-08 06:57:18,37800.0,2000.0,1633200.0
190,2021-10-08 06:57:05,37800.0,500.0,1631200.0
191,2021-10-08 06:57:05,37800.0,3500.0,1630700.0
192,2021-10-08 06:56:47,37850.0,2000.0,1627200.0
193,2021-10-08 06:56:47,37850.0,1000.0,1625200.0
194,2021-10-08 06:56:47,37850.0,100.0,1624200.0
195,2021-10-08 06:56:47,37850.0,300.0,1624100.0
196,2021-10-08 06:56:47,37850.0,7600.0,1623800.0
197,2021-10-08 06:56:47,37850.0,1500.0,1616200.0
198,2021-10-08 06:56:21,37900.0,100.0,1614700.0
199,2021-10-08 06:56:12,37850.0,3000.0,1614600.0
200,2021-10-08 06:56:00,37850.0,200.0,1611600.0
201,2021-10-08 06:55:46,37850.0,500.0,1611400.0
202,2021-10-08 06:55:37,37850.0,1500.0,1610900.0
203,2021-10-08 06:54:52,37850.0,2000.0,1609400.0
204,2021-10-08 06:53:34,37850.0,800.0,1607400.0
205,2021-10-08 06:52:56,37850.0,1000.0,1606600.0
206,2021-10-08 06:52:14,37850.0,800.0,1605600.0
207,2021-10-08 06:52:14,37850.0,5900.0,1604800.0
208,2021-10-08 06:52:02,37850.0,1100.0,1598900.0
209,2021-10-08 06:52:02,37850.0,900.0,1597800.0
210,2021-10-08 06:51:56,37850.0,1000.0,1596900.0
211,2021-10-08 06:51:35,37800.0,100.0,1595900.0
212,2021-10-08 06:51:26,37800.0,1500.0,1595800.0
213,2021-10-08 06:51:16,37800.0,2000.0,1594300.0
214,2021-10-08 06:50:43,37850.0,300.0,1592300.0
215,2021-10-08 06:50:07,37850.0,500.0,1592000.0
216,2021-10-08 06:50:00,37850.0,400.0,1591500.0
217,2021-10-08 06:50:00,37850.0,1900.0,1591100.0
218,2021-10-08 06:49:52,37900.0,100.0,1589200.0
219,2021-10-08 06:49:50,37850.0,900.0,1589100.0
220,2021-10-08 06:49:50,37850.0,7200.0,1588200.0
221,2021-10-08 06:49:50,37850.0,900.0,1581000.0
222,2021-10-08 06:49:01,37850.0,2000.0,1580100.0
223,2021-10-08 06:47:45,37850.0,2000.0,1578100.0
224,2021-10-08 06:47:39,37850.0,1500.0,1576100.0
225,2021-10-08 06:47:04,37900.0,100.0,1574600.0
226,2021-10-08 06:46:05,37900.0,100.0,1574500.0
227,2021-10-08 06:45:59,37900.0,500.0,1574400.0
228,2021-10-08 06:45:52,37900.0,100.0,1573900.0
229,2021-10-08 06:44:52,37900.0,100.0,1573800.0
230,2021-10-08 06:44:23,37900.0,100.0,1573700.0
231,2021-10-08 06:44:12,37850.0,100.0,1573600.0
232,2021-10-08 06:44:12,37850.0,500.0,1573500.0
233,2021-10-08 06:44:12,37850.0,200.0,1573000.0
234,2021-10-08 06:44:12,37850.0,7300.0,1572800.0
235,2021-10-08 06:43:37,37850.0,1000.0,1565500.0
236,2021-10-08 06:43:24,37800.0,1000.0,1564500.0
237,2021-10-08 06:42:52,37850.0,500.0,1563500.0
238,2021-10-08 06:42:26,37850.0,400.0,1563000.0
239,2021-10-08 06:42:03,37850.0,1000.0,1562600.0
240,2021-10-08 06:41:53,37850.0,200.0,1561600.0
241,2021-10-08 06:41:23,37850.0,1000.0,1561400.0
242,2021-10-08 06:40:53,37850.0,600.0,1560400.0
243,2021-10-08 06:40:52,37850.0,400.0,1559800.0
244,2021-10-08 06:40:38,37850.0,100.0,1559400.0
245,2021-10-08 06:40:38,37850.0,100.0,1559300.0
246,2021-10-08 06:40:38,37850.0,200.0,1559200.0
247,2021-10-08 06:40:38,37850.0,1000.0,1559000.0
248,2021-10-08 06:40:38,37850.0,1000.0,1558000.0
249,2021-10-08 06:40:38,37850.0,1000.0,1557000.0
250,2021-10-08 06:40:38,37850.0,500.0,1556000.0
251,2021-10-08 06:40:38,37850.0,100.0,1555500.0
252,2021-10-08 06:40:38,37850.0,100.0,1555400.0
253,2021-10-08 06:40:38,37850.0,100.0,1555300.0
254,2021-10-08 06:40:38,37850.0,4300.0,1555200.0
255,2021-10-08 06:40:38,37850.0,1100.0,1550900.0
256,2021-10-08 06:40:26,37900.0,100.0,1549800.0
257,2021-10-08 06:39:25,37850.0,100.0,1549700.0
258,2021-10-08 06:39:25,37850.0,3900.0,1549600.0
259,2021-10-08 06:39:19,37900.0,100.0,1545700.0
260,2021-10-08 06:39:08,37850.0,600.0,1545600.0
261,2021-10-08 06:39:08,37850.0,100.0,1545000.0
262,2021-10-08 06:39:08,37850.0,6300.0,1544900.0
263,2021-10-08 06:38:47,37900.0,1000.0,1538600.0
264,2021-10-08 06:38:44,37900.0,1000.0,1537600.0
265,2021-10-08 06:38:38,37900.0,1000.0,1536600.0
266,2021-10-08 06:38:35,37900.0,1200.0,1535600.0
267,2021-10-08 06:38:35,37900.0,400.0,1534400.0
268,2021-10-08 06:38:34,37900.0,300.0,1534000.0
269,2021-10-08 06:38:11,37900.0,2000.0,1533700.0
270,2021-10-08 06:37:38,37850.0,1000.0,1531700.0
271,2021-10-08 06:37:29,37850.0,2000.0,1530700.0
272,2021-10-08 06:37:08,37900.0,1000.0,1528700.0
273,2021-10-08 06:37:04,37850.0,1500.0,1527700.0
274,2021-10-08 06:35:58,37850.0,700.0,1526200.0
275,2021-10-08 06:35:05,37900.0,800.0,1525500.0
276,2021-10-08 06:34:55,37850.0,1000.0,1524700.0
277,2021-10-08 06:34:25,37850.0,3000.0,1523700.0
278,2021-10-08 06:33:58,37900.0,1000.0,1520700.0
279,2021-10-08 06:33:00,37900.0,1500.0,1519700.0
280,2021-10-08 06:32:48,37900.0,2000.0,1518200.0
281,2021-10-08 06:32:34,37900.0,100.0,1516200.0
282,2021-10-08 06:32:34,37900.0,200.0,1516100.0
283,2021-10-08 06:32:28,37850.0,1000.0,1515900.0
284,2021-10-08 06:32:28,37900.0,100.0,1514900.0
285,2021-10-08 06:31:59,37900.0,100.0,1514800.0
286,2021-10-08 06:30:11,37900.0,1000.0,1514700.0
287,2021-10-08 06:29:58,37950.0,100.0,1513700.0
288,2021-10-08 06:29:56,37900.0,1100.0,1513600.0
289,2021-10-08 06:29:02,37900.0,500.0,1512500.0
290,2021-10-08 06:29:02,37900.0,200.0,1512000.0
291,2021-10-08 06:29:02,37900.0,300.0,1511800.0
292,2021-10-08 06:29:02,37900.0,500.0,1511500.0
293,2021-10-08 06:29:02,37900.0,2000.0,1511000.0
294,2021-10-08 06:29:02,37900.0,1200.0,1509000.0
295,2021-10-08 06:29:02,37900.0,500.0,1507800.0
296,2021-10-08 06:29:02,37900.0,10000.0,1507300.0
297,2021-10-08 06:29:02,37900.0,6000.0,1497300.0
298,2021-10-08 06:29:02,37900.0,1600.0,1491300.0
299,2021-10-08 06:29:02,37900.0,100.0,1489700.0
300,2021-10-08 06:29:02,37900.0,100.0,1489600.0
301,2021-10-08 06:29:02,37900.0,9900.0,1489500.0
302,2021-10-08 06:28:22,37950.0,1500.0,1479600.0
303,2021-10-08 06:28:22,37950.0,3000.0,1478100.0
304,2021-10-08 06:28:02,38000.0,200.0,1475100.0
305,2021-10-08 06:27:39,37950.0,7000.0,1474900.0
306,2021-10-08 06:27:25,37950.0,500.0,1467900.0
307,2021-10-08 06:27:14,37950.0,500.0,1467400.0
308,2021-10-08 06:27:14,37950.0,500.0,1466900.0
309,2021-10-08 06:27:01,37900.0,1000.0,1466400.0
310,2021-10-08 06:25:17,37900.0,1500.0,1465400.0
311,2021-10-08 06:25:03,37900.0,2000.0,1463900.0
312,2021-10-08 06:24:35,37950.0,5000.0,1461900.0
313,2021-10-08 06:24:10,37900.0,1000.0,1456900.0
314,2021-10-08 06:24:10,37900.0,1000.0,1455900.0
315,2021-10-08 06:23:35,37900.0,3000.0,1454900.0
316,2021-10-08 06:23:27,37950.0,600.0,1451900.0
317,2021-10-08 06:23:24,37950.0,500.0,1451300.0
318,2021-10-08 06:23:24,37950.0,1700.0,1450800.0
319,2021-10-08 06:23:24,37950.0,2700.0,1449100.0
320,2021-10-08 06:22:46,38000.0,100.0,1446400.0
321,2021-10-08 06:22:46,38000.0,1200.0,1446300.0
322,2021-10-08 06:22:31,38000.0,1200.0,1445100.0
323,2021-10-08 06:22:25,37950.0,5000.0,1443900.0
324,2021-10-08 06:22:21,37950.0,1000.0,1438900.0
325,2021-10-08 06:22:13,37950.0,1500.0,1437900.0
326,2021-10-08 06:22:04,37950.0,1000.0,1436400.0
327,2021-10-08 06:22:04,37950.0,3000.0,1435400.0
328,2021-10-08 06:21:36,38000.0,400.0,1432400.0
329,2021-10-08 06:20:50,37950.0,100.0,1432000.0
330,2021-10-08 06:20:39,37950.0,100.0,1431900.0
331,2021-10-08 06:20:33,37950.0,2000.0,1431800.0
332,2021-10-08 06:20:06,38000.0,300.0,1429800.0
333,2021-10-08 06:19:11,38000.0,1400.0,1429500.0
334,2021-10-08 06:19:02,37950.0,1300.0,1428100.0
335,2021-10-08 06:18:27,37950.0,700.0,1426800.0
336,2021-10-08 06:18:27,37950.0,100.0,1426100.0
337,2021-10-08 06:18:27,37950.0,100.0,1426000.0
338,2021-10-08 06:18:27,37950.0,800.0,1425900.0
339,2021-10-08 06:18:27,37950.0,1000.0,1425100.0
340,2021-10-08 06:18:27,37950.0,6000.0,1424100.0
341,2021-10-08 06:18:15,37950.0,3000.0,1418100.0
342,2021-10-08 06:17:56,38000.0,2500.0,1415100.0
343,2021-10-08 06:17:42,38000.0,1000.0,1412600.0
344,2021-10-08 06:17:21,37950.0,1500.0,1411600.0
345,2021-10-08 06:17:20,38000.0,100.0,1410100.0
346,2021-10-08 06:17:10,37950.0,3500.0,1410000.0
347,2021-10-08 06:16:31,37950.0,1300.0,1406500.0
348,2021-10-08 06:16:31,37950.0,200.0,1405200.0
349,2021-10-08 06:16:16,37950.0,2500.0,1405000.0
350,2021-10-08 06:15:37,37950.0,1000.0,1402500.0
351,2021-10-08 06:13:36,38000.0,1100.0,1401500.0
352,2021-10-08 06:13:30,38000.0,800.0,1400400.0
353,2021-10-08 06:13:30,38000.0,600.0,1399600.0
354,2021-10-08 06:13:28,38000.0,800.0,1399000.0
355,2021-10-08 06:12:17,38000.0,500.0,1398200.0
356,2021-10-08 06:12:13,38000.0,1000.0,1397700.0
357,2021-10-08 06:11:44,37950.0,7000.0,1396700.0
358,2021-10-08 06:10:39,38000.0,100.0,1389700.0
359,2021-10-08 06:10:39,38000.0,300.0,1389600.0
360,2021-10-08 06:10:39,38000.0,2700.0,1389300.0
361,2021-10-08 06:09:59,38050.0,100.0,1386600.0
362,2021-10-08 06:09:47,38000.0,800.0,1386500.0
363,2021-10-08 06:08:38,38000.0,500.0,1385700.0
364,2021-10-08 06:08:38,38000.0,100.0,1385200.0
365,2021-10-08 06:08:38,38000.0,4000.0,1385100.0
366,2021-10-08 06:08:38,38000.0,1600.0,1381100.0
367,2021-10-08 06:07:33,38000.0,400.0,1379500.0
368,2021-10-08 06:07:33,38000.0,2000.0,1379100.0
369,2021-10-08 06:07:33,38000.0,100.0,1377100.0
370,2021-10-08 06:07:27,38000.0,400.0,1377000.0
371,2021-10-08 06:07:27,38000.0,2100.0,1376600.0
372,2021-10-08 06:07:27,38000.0,500.0,1374500.0
373,2021-10-08 06:06:50,38050.0,2000.0,1374000.0
374,2021-10-08 06:06:44,38050.0,2000.0,1372000.0
375,2021-10-08 06:06:07,38000.0,1000.0,1370000.0
376,2021-10-08 06:04:14,38000.0,600.0,1369000.0
377,2021-10-08 06:03:03,38050.0,1600.0,1368400.0
378,2021-10-08 06:02:56,38000.0,2000.0,1366800.0
379,2021-10-08 06:02:16,38050.0,500.0,1364800.0
380,2021-10-08 06:01:29,38000.0,400.0,1364300.0
381,2021-10-08 06:01:01,38000.0,1000.0,1363900.0
382,2021-10-08 06:01:01,38000.0,8600.0,1362900.0
383,2021-10-08 06:00:47,38000.0,1400.0,1354300.0
384,2021-10-08 06:00:47,38000.0,2000.0,1352900.0
385,2021-10-08 06:00:47,38000.0,200.0,1350900.0
386,2021-10-08 06:00:47,38000.0,1000.0,1350700.0
387,2021-10-08 06:00:47,38000.0,400.0,1349700.0
388,2021-10-08 06:00:45,38000.0,1300.0,1349300.0
389,2021-10-08 04:29:29,38000.0,1300.0,1348000.0
390,2021-10-08 04:29:29,38000.0,1500.0,1346700.0
391,2021-10-08 04:29:29,38000.0,10000.0,1345200.0
392,2021-10-08 04:29:29,38000.0,100.0,1335200.0
393,2021-10-08 04:29:29,38000.0,5500.0,1335100.0
394,2021-10-08 04:29:29,38000.0,100.0,1329600.0
395,2021-10-08 04:29:29,38000.0,4200.0,1329500.0
396,2021-10-08 04:29:29,38000.0,200.0,1325300.0
397,2021-10-08 04:29:29,38000.0,100.0,1325100.0
398,2021-10-08 04:29:29,38000.0,1000.0,1325000.0
399,2021-10-08 04:29:29,38000.0,4500.0,1324000.0
400,2021-10-08 04:29:29,38000.0,700.0,1319500.0
401,2021-10-08 04:29:29,38000.0,100.0,1318800.0
402,2021-10-08 04:29:29,38000.0,5700.0,1318700.0
403,2021-10-08 04:28:59,38000.0,1500.0,1313000.0
404,2021-10-08 04:28:51,38050.0,200.0,1311500.0
405,2021-10-08 04:28:43,38000.0,1300.0,1311300.0
406,2021-10-08 04:28:43,38000.0,100.0,1310000.0
407,2021-10-08 04:28:43,38000.0,1000.0,1309900.0
408,2021-10-08 04:28:43,38000.0,100.0,1308900.0
409,2021-10-08 04:28:32,38050.0,300.0,1308800.0
410,2021-10-08 04:28:32,38050.0,1000.0,1308500.0
411,2021-10-08 04:28:32,38050.0,2800.0,1307500.0
412,2021-10-08 04:27:38,38150.0,400.0,1304700.0
413,2021-10-08 04:27:38,38150.0,1400.0,1304300.0
414,2021-10-08 04:27:38,38100.0,6800.0,1302900.0
415,2021-10-08 04:27:36,38050.0,1000.0,1296100.0
416,2021-10-08 04:27:30,38100.0,3200.0,1295100.0
417,2021-10-08 04:27:14,38100.0,800.0,1291900.0
418,2021-10-08 04:27:14,38100.0,5000.0,1291100.0
419,2021-10-08 04:27:14,38100.0,1800.0,1286100.0
420,2021-10-08 04:27:00,38050.0,1500.0,1284300.0
421,2021-10-08 04:27:00,38050.0,7000.0,1282800.0
422,2021-10-08 04:27:00,38050.0,1200.0,1275800.0
423,2021-10-08 04:26:16,38000.0,1200.0,1274600.0
424,2021-10-08 04:26:16,38000.0,200.0,1273400.0
425,2021-10-08 04:26:16,38000.0,100.0,1273200.0
426,2021-10-08 04:25:43,38000.0,200.0,1273100.0
427,2021-10-08 04:25:43,38000.0,100.0,1272900.0
428,2021-10-08 04:25:43,38000.0,200.0,1272800.0
429,2021-10-08 04:25:43,38000.0,500.0,1272600.0
430,2021-10-08 04:25:43,38000.0,200.0,1272100.0
431,2021-10-08 04:25:43,38000.0,100.0,1271900.0
432,2021-10-08 04:25:43,38000.0,200.0,1271800.0
433,2021-10-08 04:25:43,38000.0,2500.0,1271600.0
434,2021-10-08 04:25:20,38050.0,1000.0,1269100.0
435,2021-10-08 04:25:07,38050.0,1000.0,1268100.0
436,2021-10-08 04:25:00,38050.0,500.0,1267100.0
437,2021-10-08 04:25:00,38050.0,10000.0,1266600.0
438,2021-10-08 04:25:00,38050.0,200.0,1256600.0
439,2021-10-08 04:25:00,38050.0,600.0,1256400.0
440,2021-10-08 04:25:00,38050.0,300.0,1255800.0
441,2021-10-08 04:25:00,38050.0,100.0,1255500.0
442,2021-10-08 04:25:00,38050.0,20100.0,1255400.0
443,2021-10-08 04:25:00,38050.0,13000.0,1235300.0
444,2021-10-08 04:24:47,38100.0,11600.0,1222300.0
445,2021-10-08 04:24:47,38100.0,11600.0,1210700.0
446,2021-10-08 04:23:55,38150.0,2000.0,1199100.0
447,2021-10-08 04:23:55,38150.0,1000.0,1197100.0
448,2021-10-08 04:23:55,38150.0,800.0,1196100.0
449,2021-10-08 04:23:55,38150.0,4700.0,1195300.0
450,2021-10-08 04:23:55,38150.0,10100.0,1190600.0
451,2021-10-08 04:23:41,38200.0,2800.0,1180500.0
452,2021-10-08 04:23:30,38250.0,100.0,1177700.0
453,2021-10-08 04:23:22,38200.0,1000.0,1177600.0
454,2021-10-08 04:23:22,38200.0,5000.0,1176600.0
455,2021-10-08 04:23:22,38200.0,1000.0,1171600.0
456,2021-10-08 04:23:22,38200.0,600.0,1170600.0
457,2021-10-08 04:23:22,38200.0,5100.0,1170000.0
458,2021-10-08 04:22:41,38200.0,2000.0,1164900.0
459,2021-10-08 04:22:35,38200.0,600.0,1162900.0
460,2021-10-08 04:22:35,38200.0,400.0,1162300.0
461,2021-10-08 04:22:28,38150.0,1200.0,1161900.0
462,2021-10-08 04:21:05,38150.0,3000.0,1160700.0
463,2021-10-08 04:20:54,38150.0,1000.0,1157700.0
464,2021-10-08 04:20:34,38150.0,2000.0,1156700.0
465,2021-10-08 04:20:20,38150.0,3500.0,1154700.0
466,2021-10-08 04:20:11,38200.0,100.0,1151200.0
467,2021-10-08 04:20:05,38150.0,800.0,1151100.0
468,2021-10-08 04:20:05,38150.0,3800.0,1150300.0
469,2021-10-08 04:19:40,38100.0,400.0,1146500.0
470,2021-10-08 04:19:18,38150.0,200.0,1146100.0
471,2021-10-08 04:19:18,38150.0,5000.0,1145900.0
472,2021-10-08 04:19:18,38150.0,100.0,1140900.0
473,2021-10-08 04:18:51,38100.0,500.0,1140800.0
474,2021-10-08 04:18:51,38100.0,6000.0,1140300.0
475,2021-10-08 04:18:51,38100.0,4000.0,1134300.0
476,2021-10-08 04:18:10,38050.0,500.0,1130300.0
477,2021-10-08 04:18:00,38050.0,2200.0,1129800.0
478,2021-10-08 04:17:42,38050.0,2000.0,1127600.0
479,2021-10-08 04:17:11,38100.0,2000.0,1125600.0
480,2021-10-08 04:17:11,38100.0,100.0,1123600.0
481,2021-10-08 04:17:11,38100.0,2600.0,1123500.0
482,2021-10-08 04:17:11,38100.0,500.0,1120900.0
483,2021-10-08 04:17:11,38100.0,600.0,1120400.0
484,2021-10-08 04:17:11,38100.0,6200.0,1119800.0
485,2021-10-08 04:17:11,38100.0,1000.0,1113600.0
486,2021-10-08 04:17:11,38100.0,3000.0,1112600.0
487,2021-10-08 04:16:28,38100.0,1500.0,1109600.0
488,2021-10-08 04:16:06,38100.0,2000.0,1108100.0
489,2021-10-08 04:15:58,38100.0,5000.0,1106100.0
490,2021-10-08 04:15:08,38150.0,2000.0,1101100.0
491,2021-10-08 04:15:08,38150.0,7000.0,1099100.0
492,2021-10-08 04:15:08,38150.0,2900.0,1092100.0
493,2021-10-08 04:14:54,38150.0,300.0,1089200.0
494,2021-10-08 04:14:54,38150.0,4700.0,1088900.0
495,2021-10-08 04:14:45,38150.0,4000.0,1084200.0
496,2021-10-08 04:14:30,38150.0,3000.0,1080200.0
497,2021-10-08 04:14:06,38200.0,500.0,1077200.0
498,2021-10-08 04:14:06,38200.0,1500.0,1076700.0
499,2021-10-08 04:13:25,38200.0,3000.0,1075200.0
500,2021-10-08 04:11:33,38200.0,1800.0,1072200.0
501,2021-10-08 04:11:02,38150.0,3000.0,1070400.0
502,2021-10-08 04:10:42,38150.0,2000.0,1067400.0
503,2021-10-08 04:10:19,38150.0,800.0,1065400.0
504,2021-10-08 04:10:11,38100.0,4900.0,1064600.0
505,2021-10-08 04:09:52,38050.0,1800.0,1059700.0
506,2021-10-08 04:09:25,38000.0,500.0,1057900.0
507,2021-10-08 04:09:16,38050.0,1100.0,1057400.0
508,2021-10-08 04:09:16,38050.0,500.0,1056300.0
509,2021-10-08 04:09:16,38050.0,400.0,1055800.0
510,2021-10-08 04:09:16,38050.0,100.0,1055400.0
511,2021-10-08 04:09:16,38050.0,2800.0,1055300.0
512,2021-10-08 04:09:16,38050.0,3100.0,1052500.0
513,2021-10-08 04:09:16,38050.0,700.0,1049400.0
514,2021-10-08 04:09:16,38050.0,500.0,1048700.0
515,2021-10-08 04:09:05,38100.0,300.0,1048200.0
516,2021-10-08 04:09:05,38100.0,4800.0,1047900.0
517,2021-10-08 04:08:56,38100.0,600.0,1043100.0
518,2021-10-08 04:08:56,38100.0,4400.0,1042500.0
519,2021-10-08 04:07:29,38150.0,200.0,1038100.0
520,2021-10-08 04:07:21,38100.0,100.0,1037900.0
521,2021-10-08 04:07:19,38100.0,200.0,1037800.0
522,2021-10-08 04:07:07,38100.0,500.0,1037600.0
523,2021-10-08 04:07:04,38100.0,800.0,1037100.0
524,2021-10-08 04:06:54,38100.0,1400.0,1036300.0
525,2021-10-08 04:06:54,38100.0,2000.0,1034900.0
526,2021-10-08 04:06:54,38100.0,1000.0,1032900.0
527,2021-10-08 04:06:34,38050.0,500.0,1031900.0
528,2021-10-08 04:06:34,38050.0,100.0,1031400.0
529,2021-10-08 04:06:34,38050.0,8400.0,1031300.0
530,2021-10-08 04:05:04,38050.0,500.0,1022900.0
531,2021-10-08 04:04:51,38050.0,4000.0,1022400.0
532,2021-10-08 04:04:16,38100.0,100.0,1018400.0
533,2021-10-08 04:04:06,38100.0,100.0,1018300.0
534,2021-10-08 04:04:06,38100.0,300.0,1018200.0
535,2021-10-08 04:04:06,38100.0,500.0,1017900.0
536,2021-10-08 04:04:06,38100.0,3500.0,1017400.0
537,2021-10-08 04:04:06,38100.0,2500.0,1013900.0
538,2021-10-08 04:03:57,38100.0,500.0,1011400.0
539,2021-10-08 04:03:57,38100.0,3500.0,1010900.0
540,2021-10-08 04:03:25,38100.0,1500.0,1007400.0
541,2021-10-08 04:03:16,38100.0,3000.0,1005900.0
542,2021-10-08 04:03:05,38150.0,1600.0,1002900.0
543,2021-10-08 04:03:05,38150.0,100.0,1001300.0
544,2021-10-08 04:02:50,38200.0,500.0,1001200.0
545,2021-10-08 04:02:50,38200.0,1800.0,1000700.0
546,2021-10-08 04:02:24,38150.0,1000.0,998900.0
547,2021-10-08 04:02:24,38150.0,1500.0,997900.0
548,2021-10-08 04:02:24,38150.0,1200.0,996400.0
549,2021-10-08 04:02:24,38150.0,1000.0,995200.0
550,2021-10-08 04:02:20,38150.0,1000.0,994200.0
551,2021-10-08 04:02:12,38150.0,800.0,993200.0
552,2021-10-08 04:02:12,38150.0,100.0,992400.0
553,2021-10-08 04:02:12,38150.0,500.0,992300.0
554,2021-10-08 04:01:39,38150.0,1400.0,991800.0
555,2021-10-08 04:01:23,38150.0,1100.0,990400.0
556,2021-10-08 04:01:23,38150.0,400.0,989300.0
557,2021-10-08 04:01:03,38150.0,600.0,988900.0
558,2021-10-08 04:00:56,38100.0,3000.0,988300.0
559,2021-10-08 04:00:56,38100.0,1500.0,985300.0
560,2021-10-08 04:00:43,38050.0,3000.0,983800.0
561,2021-10-08 04:00:05,38100.0,500.0,980800.0
562,2021-10-08 03:59:57,38100.0,2700.0,980300.0
563,2021-10-08 03:59:57,38100.0,2000.0,977600.0
564,2021-10-08 03:59:57,38100.0,500.0,975600.0
565,2021-10-08 03:59:57,38100.0,200.0,975100.0
566,2021-10-08 03:59:57,38100.0,400.0,974900.0
567,2021-10-08 03:59:57,38100.0,4200.0,974500.0
568,2021-10-08 03:59:37,38100.0,800.0,970300.0
569,2021-10-08 03:59:37,38100.0,700.0,969500.0
570,2021-10-08 03:59:18,38100.0,900.0,968800.0
571,2021-10-08 03:59:18,38100.0,6600.0,967900.0
572,2021-10-08 03:57:54,38150.0,1300.0,961300.0
573,2021-10-08 03:57:45,38100.0,900.0,960000.0
574,2021-10-08 03:57:45,38100.0,1600.0,959100.0
575,2021-10-08 03:57:32,38100.0,200.0,957500.0
576,2021-10-08 03:57:32,38100.0,1800.0,957300.0
577,2021-10-08 03:57:24,38100.0,500.0,955500.0
578,2021-10-08 03:56:23,38100.0,500.0,955000.0
579,2021-10-08 03:56:15,38100.0,2000.0,954500.0
580,2021-10-08 03:56:04,38100.0,1000.0,952500.0
581,2021-10-08 03:55:57,38150.0,500.0,951500.0
582,2021-10-08 03:55:09,38150.0,1000.0,951000.0
583,2021-10-08 03:55:03,38100.0,500.0,950000.0
584,2021-10-08 03:55:03,38100.0,900.0,949500.0
585,2021-10-08 03:55:03,38100.0,2300.0,948600.0
586,2021-10-08 03:54:52,38100.0,100.0,946300.0
587,2021-10-08 03:54:46,38100.0,5000.0,946200.0
588,2021-10-08 03:54:40,38100.0,1600.0,941200.0
589,2021-10-08 03:54:40,38100.0,400.0,939600.0
590,2021-10-08 03:54:23,38100.0,1200.0,939200.0
591,2021-10-08 03:54:01,38100.0,500.0,938000.0
592,2021-10-08 03:53:45,38100.0,200.0,937500.0
593,2021-10-08 03:53:45,38100.0,2000.0,937300.0
594,2021-10-08 03:53:45,38100.0,400.0,935300.0
595,2021-10-08 03:53:45,38100.0,1300.0,934900.0
596,2021-10-08 03:53:45,38100.0,100.0,933600.0
597,2021-10-08 03:53:45,38100.0,3900.0,933500.0
598,2021-10-08 03:53:24,38100.0,300.0,929600.0
599,2021-10-08 03:53:24,38100.0,5700.0,929300.0
600,2021-10-08 03:53:04,38150.0,600.0,923600.0
601,2021-10-08 03:52:30,38150.0,1000.0,923000.0
602,2021-10-08 03:52:30,38150.0,1000.0,922000.0
603,2021-10-08 03:52:28,38100.0,1000.0,921000.0
604,2021-10-08 03:52:25,38100.0,500.0,920000.0
605,2021-10-08 03:52:25,38100.0,3300.0,919500.0
606,2021-10-08 03:52:20,38100.0,2000.0,916200.0
607,2021-10-08 03:51:48,38100.0,500.0,914200.0
608,2021-10-08 03:51:30,38100.0,200.0,913700.0
609,2021-10-08 03:51:30,38100.0,1500.0,913500.0
610,2021-10-08 03:51:13,38100.0,1200.0,912000.0
611,2021-10-08 03:51:08,38100.0,300.0,910800.0
612,2021-10-08 03:50:36,38100.0,1000.0,910500.0
613,2021-10-08 03:50:36,38100.0,500.0,909500.0
614,2021-10-08 03:50:23,38050.0,2500.0,909000.0
615,2021-10-08 03:49:43,38100.0,100.0,906500.0
616,2021-10-08 03:49:40,38100.0,400.0,906400.0
617,2021-10-08 03:49:40,38100.0,100.0,906000.0
618,2021-10-08 03:49:40,38100.0,800.0,905900.0
619,2021-10-08 03:49:19,38100.0,1500.0,905100.0
620,2021-10-08 03:49:14,38050.0,2100.0,903600.0
621,2021-10-08 03:48:57,38050.0,100.0,901500.0
622,2021-10-08 03:48:51,38050.0,100.0,901400.0
623,2021-10-08 03:48:51,38050.0,1000.0,901300.0
624,2021-10-08 03:48:51,38050.0,1000.0,900300.0
625,2021-10-08 03:48:51,38050.0,5700.0,899300.0
626,2021-10-08 03:48:19,38100.0,1500.0,893600.0
627,2021-10-08 03:48:07,38100.0,1000.0,892100.0
628,2021-10-08 03:47:54,38050.0,400.0,891100.0
629,2021-10-08 03:47:54,38050.0,500.0,890700.0
630,2021-10-08 03:47:54,38050.0,7100.0,890200.0
631,2021-10-08 03:47:25,38050.0,400.0,883100.0
632,2021-10-08 03:47:25,38050.0,100.0,882700.0
633,2021-10-08 03:46:44,38100.0,200.0,882600.0
634,2021-10-08 03:46:44,38100.0,900.0,882400.0
635,2021-10-08 03:46:18,38100.0,2800.0,881500.0
636,2021-10-08 03:45:28,38100.0,1000.0,878700.0
637,2021-10-08 03:45:20,38100.0,1000.0,877700.0
638,2021-10-08 03:45:20,38050.0,100.0,876700.0
639,2021-10-08 03:45:20,38050.0,900.0,876600.0
640,2021-10-08 03:45:09,38050.0,200.0,875700.0
641,2021-10-08 03:45:09,38050.0,100.0,875500.0
642,2021-10-08 03:45:09,38050.0,7700.0,875400.0
643,2021-10-08 03:45:01,38100.0,1000.0,867700.0
644,2021-10-08 03:44:55,38100.0,100.0,866700.0
645,2021-10-08 03:44:20,38100.0,500.0,866600.0
646,2021-10-08 03:44:20,38100.0,2700.0,866100.0
647,2021-10-08 03:44:05,38100.0,800.0,863400.0
648,2021-10-08 03:44:05,38100.0,200.0,862600.0
649,2021-10-08 03:43:39,38100.0,500.0,862400.0
650,2021-10-08 03:43:34,38150.0,1000.0,861900.0
651,2021-10-08 03:43:30,38100.0,300.0,860900.0
652,2021-10-08 03:43:30,38100.0,5700.0,860600.0
653,2021-10-08 03:43:06,38150.0,600.0,854900.0
654,2021-10-08 03:43:06,38150.0,200.0,854300.0
655,2021-10-08 03:42:22,38150.0,400.0,854100.0
656,2021-10-08 03:40:42,38150.0,1000.0,853700.0
657,2021-10-08 03:40:37,38100.0,100.0,852700.0
658,2021-10-08 03:40:37,38100.0,5700.0,852600.0
659,2021-10-08 03:40:09,38100.0,1300.0,846900.0
660,2021-10-08 03:40:09,38100.0,200.0,845600.0
661,2021-10-08 03:39:54,38050.0,3000.0,845400.0
662,2021-10-08 03:39:52,38050.0,500.0,842400.0
663,2021-10-08 03:39:44,38050.0,300.0,841900.0
664,2021-10-08 03:39:44,38050.0,1700.0,841600.0
665,2021-10-08 03:39:15,38100.0,500.0,839900.0
666,2021-10-08 03:38:27,38050.0,1000.0,839400.0
667,2021-10-08 03:38:27,38100.0,500.0,838400.0
668,2021-10-08 03:36:49,38050.0,800.0,837900.0
669,2021-10-08 03:36:49,38050.0,200.0,837100.0
670,2021-10-08 03:36:24,38100.0,100.0,836900.0
671,2021-10-08 03:36:21,38100.0,6000.0,836800.0
672,2021-10-08 03:36:21,38100.0,1000.0,830800.0
673,2021-10-08 03:36:21,38100.0,100.0,829800.0
674,2021-10-08 03:36:21,38100.0,6600.0,829700.0
675,2021-10-08 03:35:45,38150.0,300.0,823100.0
676,2021-10-08 03:35:44,38100.0,100.0,822800.0
677,2021-10-08 03:35:32,38100.0,1000.0,822700.0
678,2021-10-08 03:35:27,38100.0,100.0,821700.0
679,2021-10-08 03:34:36,38100.0,1500.0,821600.0
680,2021-10-08 03:34:07,38100.0,1000.0,820100.0
681,2021-10-08 03:34:04,38100.0,500.0,819100.0
682,2021-10-08 03:33:57,38150.0,500.0,818600.0
683,2021-10-08 03:33:15,38100.0,500.0,818100.0
684,2021-10-08 03:33:15,38100.0,100.0,817600.0
685,2021-10-08 03:32:45,38100.0,200.0,817500.0
686,2021-10-08 03:32:44,38100.0,900.0,817300.0
687,2021-10-08 03:32:44,38100.0,100.0,816400.0
688,2021-10-08 03:32:36,38150.0,200.0,816300.0
689,2021-10-08 03:32:36,38150.0,100.0,816100.0
690,2021-10-08 03:32:36,38150.0,1200.0,816000.0
691,2021-10-08 03:32:36,38150.0,600.0,814800.0
692,2021-10-08 03:32:36,38150.0,2500.0,814200.0
693,2021-10-08 03:32:33,38150.0,500.0,811700.0
694,2021-10-08 03:32:24,38150.0,500.0,811200.0
695,2021-10-08 03:32:16,38150.0,300.0,810700.0
696,2021-10-08 03:32:16,38150.0,3700.0,810400.0
697,2021-10-08 03:31:34,38150.0,1000.0,806700.0
698,2021-10-08 03:31:27,38150.0,1500.0,805700.0
699,2021-10-08 03:29:53,38200.0,1000.0,804200.0
700,2021-10-08 03:29:53,38200.0,200.0,803200.0
701,2021-10-08 03:29:53,38200.0,500.0,803000.0
702,2021-10-08 03:29:53,38200.0,100.0,802500.0
703,2021-10-08 03:29:53,38200.0,500.0,802400.0
704,2021-10-08 03:29:53,38200.0,100.0,801900.0
705,2021-10-08 03:29:53,38200.0,800.0,801800.0
706,2021-10-08 03:29:35,38200.0,500.0,801000.0
707,2021-10-08 03:29:30,38200.0,1700.0,800500.0
708,2021-10-08 03:29:30,38200.0,3300.0,798800.0
709,2021-10-08 03:29:22,38200.0,500.0,795500.0
710,2021-10-08 03:29:07,38200.0,1000.0,795000.0
711,2021-10-08 03:27:50,38250.0,200.0,794000.0
712,2021-10-08 03:27:50,38250.0,300.0,793800.0
713,2021-10-08 03:27:44,38200.0,1000.0,793500.0
714,2021-10-08 03:27:43,38200.0,100.0,792500.0
715,2021-10-08 03:27:35,38200.0,1500.0,792400.0
716,2021-10-08 03:26:00,38250.0,1000.0,790900.0
717,2021-10-08 03:25:44,38250.0,100.0,789900.0
718,2021-10-08 03:25:43,38200.0,900.0,789800.0
719,2021-10-08 03:25:11,38250.0,1300.0,788900.0
720,2021-10-08 03:24:26,38250.0,1500.0,787600.0
721,2021-10-08 03:24:04,38200.0,200.0,786100.0
722,2021-10-08 03:24:04,38200.0,2800.0,785900.0
723,2021-10-08 03:23:55,38200.0,2500.0,783100.0
724,2021-10-08 03:23:39,38200.0,500.0,780600.0
725,2021-10-08 03:22:18,38250.0,500.0,780100.0
726,2021-10-08 03:22:17,38200.0,500.0,779600.0
727,2021-10-08 03:22:09,38250.0,300.0,779100.0
728,2021-10-08 03:22:09,38250.0,100.0,778800.0
729,2021-10-08 03:22:06,38200.0,500.0,778700.0
730,2021-10-08 03:22:06,38200.0,3500.0,778200.0
731,2021-10-08 03:21:50,38200.0,3000.0,774700.0
732,2021-10-08 03:21:21,38250.0,1000.0,771700.0
733,2021-10-08 03:20:36,38200.0,1000.0,770700.0
734,2021-10-08 03:20:19,38250.0,100.0,769700.0
735,2021-10-08 03:20:19,38250.0,1000.0,769600.0
736,2021-10-08 03:20:19,38250.0,500.0,768600.0
737,2021-10-08 03:20:19,38250.0,7300.0,768100.0
738,2021-10-08 03:20:04,38250.0,2000.0,760800.0
739,2021-10-08 03:19:39,38250.0,1500.0,758800.0
740,2021-10-08 03:19:39,38250.0,100.0,757300.0
741,2021-10-08 03:19:31,38250.0,500.0,757200.0
742,2021-10-08 03:19:10,38250.0,1000.0,756700.0
743,2021-10-08 03:18:54,38250.0,2000.0,755700.0
744,2021-10-08 03:18:39,38250.0,100.0,753700.0
745,2021-10-08 03:18:39,38250.0,1400.0,753600.0
746,2021-10-08 03:18:28,38250.0,1000.0,752200.0
747,2021-10-08 03:18:14,38250.0,500.0,751200.0
748,2021-10-08 03:17:52,38250.0,1000.0,750700.0
749,2021-10-08 03:17:13,38300.0,100.0,749700.0
750,2021-10-08 03:17:13,38300.0,200.0,749600.0
751,2021-10-08 03:17:13,38300.0,1200.0,749400.0
752,2021-10-08 03:17:13,38300.0,100.0,748200.0
753,2021-10-08 03:17:13,38300.0,100.0,748100.0
754,2021-10-08 03:17:13,38300.0,100.0,748000.0
755,2021-10-08 03:17:13,38300.0,1500.0,747900.0
756,2021-10-08 03:17:13,38300.0,1000.0,746400.0
757,2021-10-08 03:17:13,38300.0,200.0,745400.0
758,2021-10-08 03:17:13,38300.0,7500.0,745200.0
759,2021-10-08 03:17:13,38300.0,400.0,737700.0
760,2021-10-08 03:17:13,38300.0,500.0,737300.0
761,2021-10-08 03:17:13,38300.0,500.0,736800.0
762,2021-10-08 03:17:13,38300.0,4600.0,736300.0
763,2021-10-08 03:17:13,38300.0,13900.0,731700.0
764,2021-10-08 03:17:13,38350.0,200.0,717800.0
765,2021-10-08 03:16:41,38350.0,1000.0,717600.0
766,2021-10-08 03:15:21,38300.0,1000.0,716600.0
767,2021-10-08 03:15:20,38300.0,100.0,715600.0
768,2021-10-08 03:14:21,38350.0,100.0,715500.0
769,2021-10-08 03:14:02,38350.0,400.0,715400.0
770,2021-10-08 03:14:02,38350.0,1000.0,715000.0
771,2021-10-08 03:13:55,38350.0,100.0,714000.0
772,2021-10-08 03:13:52,38300.0,1000.0,713900.0
773,2021-10-08 03:12:29,38350.0,500.0,712900.0
774,2021-10-08 03:12:15,38350.0,500.0,712400.0
775,2021-10-08 03:11:01,38300.0,500.0,711900.0
776,2021-10-08 03:11:01,38300.0,1500.0,711400.0
777,2021-10-08 03:10:19,38350.0,100.0,709900.0
778,2021-10-08 03:10:18,38350.0,200.0,709800.0
779,2021-10-08 03:10:18,38350.0,100.0,709600.0
780,2021-10-08 03:10:00,38350.0,1100.0,709500.0
781,2021-10-08 03:10:00,38350.0,3000.0,708400.0
782,2021-10-08 03:10:00,38350.0,31200.0,705400.0
783,2021-10-08 03:10:00,38350.0,7200.0,674200.0
784,2021-10-08 03:09:56,38400.0,500.0,667000.0
785,2021-10-08 03:09:52,38400.0,200.0,666500.0
786,2021-10-08 03:09:33,38400.0,3000.0,666300.0
787,2021-10-08 03:09:20,38400.0,1000.0,663300.0
788,2021-10-08 03:09:20,38400.0,300.0,662300.0
789,2021-10-08 03:09:20,38400.0,200.0,662000.0
790,2021-10-08 03:09:20,38400.0,200.0,661800.0
791,2021-10-08 03:09:20,38400.0,2000.0,661600.0
792,2021-10-08 03:09:20,38400.0,100.0,659600.0
793,2021-10-08 03:09:20,38400.0,100.0,659500.0
794,2021-10-08 03:09:20,38400.0,3000.0,659400.0
795,2021-10-08 03:09:20,38400.0,100.0,656400.0
796,2021-10-08 03:09:20,38400.0,500.0,656300.0
797,2021-10-08 03:09:20,38400.0,1900.0,655800.0
798,2021-10-08 03:09:20,38400.0,200.0,653900.0
799,2021-10-08 03:09:20,38400.0,500.0,653700.0
800,2021-10-08 03:09:20,38400.0,400.0,653200.0
801,2021-10-08 03:09:20,38400.0,5000.0,652800.0
802,2021-10-08 03:09:20,38400.0,600.0,647800.0
803,2021-10-08 03:09:20,38400.0,100.0,647200.0
804,2021-10-08 03:09:20,38400.0,3000.0,647100.0
805,2021-10-08 03:09:20,38400.0,1200.0,644100.0
806,2021-10-08 03:09:20,38400.0,100.0,642900.0
807,2021-10-08 03:09:20,38400.0,1500.0,642800.0
808,2021-10-08 03:09:18,38450.0,600.0,641300.0
809,2021-10-08 03:09:15,38400.0,1200.0,640700.0
810,2021-10-08 03:08:21,38400.0,1000.0,639500.0
811,2021-10-08 03:08:13,38450.0,200.0,638500.0
812,2021-10-08 03:08:13,38450.0,2000.0,638300.0
813,2021-10-08 03:08:13,38450.0,800.0,636300.0
814,2021-10-08 03:07:56,38400.0,1200.0,635500.0
815,2021-10-08 03:07:53,38400.0,100.0,634300.0
816,2021-10-08 03:07:45,38400.0,1000.0,634200.0
817,2021-10-08 03:07:21,38400.0,1500.0,633200.0
818,2021-10-08 03:06:47,38450.0,500.0,631700.0
819,2021-10-08 03:05:43,38400.0,1000.0,631200.0
820,2021-10-08 03:05:12,38400.0,100.0,630200.0
821,2021-10-08 03:04:39,38400.0,1600.0,630100.0
822,2021-10-08 03:04:39,38400.0,400.0,628500.0
823,2021-10-08 03:04:14,38400.0,600.0,628100.0
824,2021-10-08 03:04:14,38400.0,200.0,627500.0
825,2021-10-08 03:04:14,38400.0,200.0,627300.0
826,2021-10-08 03:04:00,38450.0,1000.0,627100.0
827,2021-10-08 03:02:58,38450.0,700.0,626100.0
828,2021-10-08 03:02:58,38450.0,800.0,625400.0
829,2021-10-08 03:02:22,38450.0,1000.0,624600.0
830,2021-10-08 03:01:43,38450.0,1000.0,623600.0
831,2021-10-08 03:00:04,38450.0,500.0,622600.0
832,2021-10-08 02:59:46,38450.0,1500.0,622100.0
833,2021-10-08 02:59:21,38450.0,600.0,620600.0
834,2021-10-08 02:59:10,38450.0,1000.0,620000.0
835,2021-10-08 02:58:43,38450.0,400.0,619000.0
836,2021-10-08 02:58:01,38450.0,1000.0,618600.0
837,2021-10-08 02:57:50,38400.0,2000.0,617600.0
838,2021-10-08 02:57:45,38450.0,200.0,615600.0
839,2021-10-08 02:57:08,38450.0,500.0,615400.0
840,2021-10-08 02:56:44,38450.0,300.0,614900.0
841,2021-10-08 02:56:29,38450.0,500.0,614600.0
842,2021-10-08 02:56:26,38450.0,500.0,614100.0
843,2021-10-08 02:56:25,38450.0,200.0,613600.0
844,2021-10-08 02:55:12,38450.0,100.0,613400.0
845,2021-10-08 02:54:55,38400.0,2000.0,613300.0
846,2021-10-08 02:54:44,38450.0,1000.0,611300.0
847,2021-10-08 02:54:44,38450.0,8900.0,610300.0
848,2021-10-08 02:54:05,38500.0,500.0,601400.0
849,2021-10-08 02:54:04,38500.0,2900.0,600900.0
850,2021-10-08 02:53:52,38500.0,200.0,598000.0
851,2021-10-08 02:53:52,38500.0,100.0,597800.0
852,2021-10-08 02:53:52,38500.0,100.0,597700.0
853,2021-10-08 02:53:52,38500.0,600.0,597600.0
854,2021-10-08 02:53:44,38500.0,400.0,597000.0
855,2021-10-08 02:53:44,38500.0,500.0,596600.0
856,2021-10-08 02:53:44,38500.0,800.0,596100.0
857,2021-10-08 02:53:44,38500.0,100.0,595300.0
858,2021-10-08 02:53:44,38500.0,200.0,595200.0
859,2021-10-08 02:53:42,38500.0,100.0,595000.0
860,2021-10-08 02:53:42,38500.0,100.0,594900.0
861,2021-10-08 02:53:42,38500.0,1000.0,594800.0
862,2021-10-08 02:53:42,38500.0,1000.0,593800.0
863,2021-10-08 02:53:42,38500.0,100.0,592800.0
864,2021-10-08 02:53:42,38500.0,100.0,592700.0
865,2021-10-08 02:53:42,38500.0,300.0,592600.0
866,2021-10-08 02:53:42,38500.0,200.0,592300.0
867,2021-10-08 02:53:42,38500.0,400.0,592100.0
868,2021-10-08 02:53:42,38500.0,300.0,591700.0
869,2021-10-08 02:53:42,38500.0,400.0,591400.0
870,2021-10-08 02:53:39,38500.0,2000.0,591000.0
871,2021-10-08 02:53:39,38500.0,1000.0,589000.0
872,2021-10-08 02:53:39,38500.0,200.0,588000.0
873,2021-10-08 02:53:39,38500.0,300.0,587800.0
874,2021-10-08 02:53:39,38500.0,100.0,587500.0
875,2021-10-08 02:53:39,38500.0,400.0,587400.0
876,2021-10-08 02:53:33,38500.0,800.0,587000.0
877,2021-10-08 02:53:33,38500.0,200.0,586200.0
878,2021-10-08 02:53:33,38500.0,100.0,586000.0
879,2021-10-08 02:53:33,38500.0,100.0,585900.0
880,2021-10-08 02:53:33,38500.0,300.0,585800.0
881,2021-10-08 02:53:31,38500.0,200.0,585500.0
882,2021-10-08 02:53:30,38500.0,2000.0,585300.0
883,2021-10-08 02:53:29,38500.0,1200.0,583300.0
884,2021-10-08 02:53:29,38500.0,200.0,582100.0
885,2021-10-08 02:53:28,38500.0,1000.0,581900.0
886,2021-10-08 02:53:26,38500.0,5000.0,580900.0
887,2021-10-08 02:53:25,38500.0,1200.0,575900.0
888,2021-10-08 02:53:23,38500.0,10000.0,574700.0
889,2021-10-08 02:53:22,38500.0,1000.0,564700.0
890,2021-10-08 02:53:19,38500.0,500.0,563700.0
891,2021-10-08 02:53:16,38500.0,10000.0,563200.0
892,2021-10-08 02:53:15,38500.0,1100.0,553200.0
893,2021-10-08 02:53:11,38500.0,2000.0,552100.0
894,2021-10-08 02:53:11,38500.0,30000.0,550100.0
895,2021-10-08 02:53:06,38500.0,2000.0,520100.0
896,2021-10-08 02:52:52,38500.0,5000.0,518100.0
897,2021-10-08 02:52:48,38500.0,1000.0,513100.0
898,2021-10-08 02:52:44,38500.0,1500.0,512100.0
899,2021-10-08 02:52:38,38500.0,6000.0,510600.0
900,2021-10-08 02:52:37,38500.0,1200.0,504600.0
901,2021-10-08 02:52:37,38500.0,100.0,503400.0
902,2021-10-08 02:52:37,38500.0,13700.0,503300.0
903,2021-10-08 02:52:33,38500.0,9000.0,489600.0
904,2021-10-08 02:52:14,38500.0,6000.0,480600.0
905,2021-10-08 02:52:11,38500.0,5000.0,474600.0
906,2021-10-08 02:52:10,38500.0,1000.0,469600.0
907,2021-10-08 02:52:02,38500.0,1500.0,468600.0
908,2021-10-08 02:51:56,38450.0,1400.0,467100.0
909,2021-10-08 02:51:45,38450.0,200.0,465700.0
910,2021-10-08 02:51:45,38450.0,700.0,465500.0
911,2021-10-08 02:51:14,38450.0,3000.0,464800.0
912,2021-10-08 02:51:12,38450.0,500.0,461800.0
913,2021-10-08 02:51:12,38450.0,300.0,461300.0
914,2021-10-08 02:51:12,38450.0,11200.0,461000.0
915,2021-10-08 02:51:12,38450.0,1000.0,449800.0
916,2021-10-08 02:51:12,38450.0,2000.0,448800.0
917,2021-10-08 02:51:12,38450.0,1600.0,446800.0
918,2021-10-08 02:51:12,38450.0,800.0,445200.0
919,2021-10-08 02:51:12,38450.0,8900.0,444400.0
920,2021-10-08 02:51:03,38500.0,4300.0,435500.0
921,2021-10-08 02:51:02,38500.0,3500.0,431200.0
922,2021-10-08 02:51:02,38500.0,1500.0,427700.0
923,2021-10-08 02:50:56,38500.0,100.0,426200.0
924,2021-10-08 02:50:51,38500.0,2000.0,426100.0
925,2021-10-08 02:50:51,38500.0,1500.0,424100.0
926,2021-10-08 02:50:40,38500.0,800.0,422600.0
927,2021-10-08 02:50:31,38500.0,4000.0,421800.0
928,2021-10-08 02:50:28,38500.0,3700.0,417800.0
929,2021-10-08 02:50:26,38500.0,3500.0,414100.0
930,2021-10-08 02:50:14,38500.0,300.0,410600.0
931,2021-10-08 02:50:00,38500.0,3000.0,410300.0
932,2021-10-08 02:49:45,38450.0,1000.0,407300.0
933,2021-10-08 02:49:18,38500.0,2000.0,406300.0
934,2021-10-08 02:49:11,38500.0,1600.0,404300.0
935,2021-10-08 02:48:56,38500.0,2000.0,402700.0
936,2021-10-08 02:48:51,38450.0,100.0,400700.0
937,2021-10-08 02:48:50,38450.0,200.0,400600.0
938,2021-10-08 02:48:49,38500.0,200.0,400400.0
939,2021-10-08 02:48:49,38500.0,200.0,400200.0
940,2021-10-08 02:48:49,38500.0,100.0,400000.0
941,2021-10-08 02:48:49,38500.0,1000.0,399900.0
942,2021-10-08 02:48:44,38450.0,8000.0,398900.0
943,2021-10-08 02:48:44,38450.0,1000.0,390900.0
944,2021-10-08 02:48:44,38450.0,100.0,389900.0
945,2021-10-08 02:48:44,38450.0,500.0,389800.0
946,2021-10-08 02:48:44,38450.0,100.0,389300.0
947,2021-10-08 02:48:44,38450.0,10000.0,389200.0
948,2021-10-08 02:48:44,38450.0,800.0,379200.0
949,2021-10-08 02:48:44,38450.0,300.0,378400.0
950,2021-10-08 02:48:44,38450.0,24500.0,378100.0
951,2021-10-08 02:48:37,38450.0,100.0,353600.0
952,2021-10-08 02:48:21,38450.0,2000.0,353500.0
953,2021-10-08 02:48:15,38450.0,900.0,351500.0
954,2021-10-08 02:48:09,38450.0,800.0,350600.0
955,2021-10-08 02:48:04,38450.0,200.0,349800.0
956,2021-10-08 02:47:57,38450.0,1900.0,349600.0
957,2021-10-08 02:47:52,38450.0,4000.0,347700.0
958,2021-10-08 02:47:42,38450.0,3000.0,343700.0
959,2021-10-08 02:47:37,38450.0,300.0,340700.0
960,2021-10-08 02:47:35,38450.0,200.0,340400.0
961,2021-10-08 02:47:34,38450.0,1000.0,340200.0
962,2021-10-08 02:47:30,38450.0,100.0,339200.0
963,2021-10-08 02:47:22,38450.0,1500.0,339100.0
964,2021-10-08 02:46:59,38450.0,4500.0,337600.0
965,2021-10-08 02:46:44,38400.0,10000.0,333100.0
966,2021-10-08 02:46:44,38400.0,1000.0,323100.0
967,2021-10-08 02:46:44,38400.0,100.0,322100.0
968,2021-10-08 02:46:44,38400.0,300.0,322000.0
969,2021-10-08 02:46:44,38400.0,100.0,321700.0
970,2021-10-08 02:46:44,38400.0,400.0,321600.0
971,2021-10-08 02:46:44,38400.0,1000.0,321200.0
972,2021-10-08 02:46:44,38400.0,2500.0,320200.0
973,2021-10-08 02:46:44,38400.0,100.0,317700.0
974,2021-10-08 02:46:44,38400.0,15900.0,317600.0
975,2021-10-08 02:46:43,38400.0,700.0,301700.0
976,2021-10-08 02:46:20,38400.0,4000.0,301000.0
977,2021-10-08 02:46:17,38350.0,800.0,297000.0
978,2021-10-08 02:46:17,38400.0,5000.0,296200.0
979,2021-10-08 02:46:08,38400.0,300.0,291200.0
980,2021-10-08 02:46:01,38400.0,600.0,290900.0
981,2021-10-08 02:46:00,38400.0,200.0,290300.0
982,2021-10-08 02:45:55,38400.0,5000.0,290100.0
983,2021-10-08 02:45:52,38400.0,1000.0,285100.0
984,2021-10-08 02:45:40,38400.0,100.0,284100.0
985,2021-10-08 02:45:31,38400.0,300.0,284000.0
986,2021-10-08 02:45:21,38400.0,2500.0,283700.0
987,2021-10-08 02:45:18,38400.0,1000.0,281200.0
988,2021-10-08 02:45:07,38400.0,2400.0,280200.0
989,2021-10-08 02:45:07,38400.0,600.0,277800.0
990,2021-10-08 02:45:00,38400.0,100.0,277200.0
991,2021-10-08 02:45:00,38400.0,4900.0,277100.0
992,2021-10-08 02:44:57,38400.0,2000.0,272200.0
993,2021-10-08 02:44:35,38400.0,500.0,270200.0
994,2021-10-08 02:44:21,38400.0,100.0,269700.0
995,2021-10-08 02:44:05,38400.0,100.0,269600.0
996,2021-10-08 02:43:54,38400.0,800.0,269500.0
997,2021-10-08 02:43:50,38400.0,200.0,268700.0
998,2021-10-08 02:43:33,38400.0,1400.0,268500.0
999,2021-10-08 02:43:33,38400.0,100.0,267100.0
1000,2021-10-08 02:43:30,38400.0,100.0,267000.0
1001,2021-10-08 02:43:24,38350.0,10000.0,266900.0
1002,2021-10-08 02:43:24,38350.0,200.0,256900.0
1003,2021-10-08 02:43:24,38350.0,12300.0,256700.0
1004,2021-10-08 02:43:09,38350.0,1000.0,244400.0
1005,2021-10-08 02:42:30,38350.0,1000.0,243400.0
1006,2021-10-08 02:42:15,38300.0,400.0,242400.0
1007,2021-10-08 02:42:06,38300.0,100.0,242000.0
1008,2021-10-08 02:42:02,38300.0,100.0,241900.0
1009,2021-10-08 02:40:57,38300.0,1000.0,241800.0
1010,2021-10-08 02:40:57,38300.0,400.0,240800.0
1011,2021-10-08 02:40:41,38300.0,500.0,240400.0
1012,2021-10-08 02:40:35,38300.0,500.0,239900.0
1013,2021-10-08 02:40:29,38300.0,500.0,239400.0
1014,2021-10-08 02:40:19,38300.0,200.0,238900.0
1015,2021-10-08 02:40:09,38300.0,100.0,238700.0
1016,2021-10-08 02:40:09,38300.0,400.0,238600.0
1017,2021-10-08 02:39:36,38300.0,300.0,238200.0
1018,2021-10-08 02:39:32,38250.0,600.0,237900.0
1019,2021-10-08 02:39:32,38250.0,500.0,237300.0
1020,2021-10-08 02:39:32,38250.0,100.0,236800.0
1021,2021-10-08 02:39:05,38300.0,200.0,236700.0
1022,2021-10-08 02:38:50,38300.0,100.0,236500.0
1023,2021-10-08 02:38:50,38300.0,2900.0,236400.0
1024,2021-10-08 02:38:29,38300.0,200.0,233500.0
1025,2021-10-08 02:38:29,38300.0,2400.0,233300.0
1026,2021-10-08 02:36:32,38300.0,100.0,230900.0
1027,2021-10-08 02:36:32,38300.0,500.0,230800.0
1028,2021-10-08 02:36:07,38300.0,100.0,230300.0
1029,2021-10-08 02:35:51,38300.0,300.0,230200.0
1030,2021-10-08 02:35:51,38300.0,500.0,229900.0
1031,2021-10-08 02:35:51,38300.0,100.0,229400.0
1032,2021-10-08 02:35:51,38300.0,500.0,229300.0
1033,2021-10-08 02:35:51,38300.0,100.0,228800.0
1034,2021-10-08 02:35:51,38300.0,100.0,228700.0
1035,2021-10-08 02:35:51,38300.0,2300.0,228600.0
1036,2021-10-08 02:35:17,38300.0,1200.0,226300.0
1037,2021-10-08 02:35:10,38300.0,200.0,225100.0
1038,2021-10-08 02:34:44,38300.0,200.0,224900.0
1039,2021-10-08 02:33:39,38300.0,500.0,224700.0
1040,2021-10-08 02:33:35,38250.0,2000.0,224200.0
1041,2021-10-08 02:33:35,38250.0,3000.0,222200.0
1042,2021-10-08 02:33:00,38300.0,600.0,219200.0
1043,2021-10-08 02:32:58,38300.0,100.0,218600.0
1044,2021-10-08 02:32:29,38300.0,500.0,218500.0
1045,2021-10-08 02:32:29,38300.0,300.0,218000.0
1046,2021-10-08 02:32:29,38300.0,700.0,217700.0
1047,2021-10-08 02:32:28,38300.0,100.0,217000.0
1048,2021-10-08 02:32:12,38350.0,500.0,216900.0
1049,2021-10-08 02:32:12,38350.0,100.0,216400.0
1050,2021-10-08 02:32:12,38350.0,100.0,216300.0
1051,2021-10-08 02:32:11,38350.0,200.0,216200.0
1052,2021-10-08 02:31:49,38350.0,900.0,216000.0
1053,2021-10-08 02:31:49,38400.0,300.0,215100.0
1054,2021-10-08 02:31:48,38400.0,100.0,214800.0
1055,2021-10-08 02:31:45,38400.0,100.0,214700.0
1056,2021-10-08 02:31:30,38350.0,2500.0,214600.0
1057,2021-10-08 02:31:30,38350.0,100.0,212100.0
1058,2021-10-08 02:30:55,38350.0,300.0,212000.0
1059,2021-10-08 02:30:55,38350.0,1900.0,211700.0
1060,2021-10-08 02:30:55,38400.0,100.0,209800.0
1061,2021-10-08 02:30:45,38400.0,100.0,209700.0
1062,2021-10-08 02:30:41,38350.0,100.0,209600.0
1063,2021-10-08 02:30:40,38450.0,2000.0,209500.0
1064,2021-10-08 02:30:25,38450.0,3000.0,207500.0
1065,2021-10-08 02:30:25,38450.0,4000.0,204500.0
1066,2021-10-08 02:30:25,38450.0,3000.0,200500.0
1067,2021-10-08 02:30:21,38300.0,1200.0,197500.0
1068,2021-10-08 02:30:21,38350.0,500.0,196300.0
1069,2021-10-08 02:30:21,38350.0,800.0,195800.0
1070,2021-10-08 02:30:10,38350.0,200.0,195000.0
1071,2021-10-08 02:30:03,38300.0,1000.0,194800.0
1072,2021-10-08 02:30:03,38300.0,1000.0,193800.0
1073,2021-10-08 02:30:03,38300.0,6900.0,192800.0
1074,2021-10-08 02:30:03,38300.0,900.0,185900.0
1075,2021-10-08 02:29:22,38300.0,100.0,185000.0
1076,2021-10-08 02:29:22,38300.0,900.0,184900.0
1077,2021-10-08 02:29:22,38250.0,100.0,184000.0
1078,2021-10-08 02:29:15,38300.0,100.0,183900.0
1079,2021-10-08 02:29:06,38300.0,1000.0,183800.0
1080,2021-10-08 02:29:06,38300.0,100.0,182800.0
1081,2021-10-08 02:29:06,38300.0,300.0,182700.0
1082,2021-10-08 02:29:06,38350.0,400.0,182400.0
1083,2021-10-08 02:28:58,38500.0,100.0,182000.0
1084,2021-10-08 02:28:51,38450.0,200.0,181900.0
1085,2021-10-08 02:28:44,38500.0,9000.0,181700.0
1086,2021-10-08 02:28:42,38350.0,200.0,172700.0
1087,2021-10-08 02:28:42,38500.0,2000.0,172500.0
1088,2021-10-08 02:28:42,38350.0,1000.0,170500.0
1089,2021-10-08 02:28:29,38300.0,100.0,169500.0
1090,2021-10-08 02:28:29,38300.0,100.0,169400.0
1091,2021-10-08 02:28:29,38300.0,200.0,169300.0
1092,2021-10-08 02:28:29,38300.0,100.0,169100.0
1093,2021-10-08 02:28:26,38200.0,200.0,169000.0
1094,2021-10-08 02:28:08,38200.0,1800.0,168800.0
1095,2021-10-08 02:27:54,38000.0,100.0,167000.0
1096,2021-10-08 02:27:54,38000.0,300.0,166900.0
1097,2021-10-08 02:27:44,38000.0,100.0,166600.0
1098,2021-10-08 02:27:44,38000.0,600.0,166500.0
1099,2021-10-08 02:27:44,38000.0,200.0,165900.0
1100,2021-10-08 02:27:43,38000.0,1000.0,165700.0
1101,2021-10-08 02:27:41,38000.0,400.0,164700.0
1102,2021-10-08 02:27:40,38000.0,300.0,164300.0
1103,2021-10-08 02:27:34,38000.0,1000.0,164000.0
1104,2021-10-08 02:27:34,38000.0,200.0,163000.0
1105,2021-10-08 02:27:33,38000.0,500.0,162800.0
1106,2021-10-08 02:27:30,38000.0,5000.0,162300.0
1107,2021-10-08 02:27:30,37950.0,4300.0,157300.0
1108,2021-10-08 02:27:30,37950.0,300.0,153000.0
1109,2021-10-08 02:27:30,37950.0,400.0,152700.0
1110,2021-10-08 02:27:26,38000.0,2000.0,152300.0
1111,2021-10-08 02:27:24,38000.0,2000.0,150300.0
1112,2021-10-08 02:27:23,38000.0,5800.0,148300.0
1113,2021-10-08 02:27:22,38000.0,100.0,142500.0
1114,2021-10-08 02:27:21,38000.0,300.0,142400.0
1115,2021-10-08 02:27:15,38000.0,4000.0,142100.0
1116,2021-10-08 02:27:10,38000.0,1000.0,138100.0
1117,2021-10-08 02:26:59,37950.0,1600.0,137100.0
1118,2021-10-08 02:26:59,37950.0,400.0,135500.0
1119,2021-10-08 02:26:57,38000.0,100.0,135100.0
1120,2021-10-08 02:26:52,38000.0,4300.0,135000.0
1121,2021-10-08 02:26:52,38000.0,100.0,130700.0
1122,2021-10-08 02:26:52,38000.0,100.0,130600.0
1123,2021-10-08 02:26:52,38000.0,500.0,130500.0
1124,2021-10-08 02:26:52,38000.0,500.0,130000.0
1125,2021-10-08 02:26:52,38000.0,300.0,129500.0
1126,2021-10-08 02:26:52,38000.0,100.0,129200.0
1127,2021-10-08 02:26:50,38000.0,800.0,129100.0
1128,2021-10-08 02:26:49,38000.0,100.0,128300.0
1129,2021-10-08 02:26:49,38000.0,1000.0,128200.0
1130,2021-10-08 02:26:49,38000.0,400.0,127200.0
1131,2021-10-08 02:26:49,38000.0,400.0,126800.0
1132,2021-10-08 02:26:45,38000.0,100.0,126400.0
1133,2021-10-08 02:26:28,38000.0,800.0,126300.0
1134,2021-10-08 02:26:28,38000.0,100.0,125500.0
1135,2021-10-08 02:26:28,38000.0,100.0,125400.0
1136,2021-10-08 02:26:28,37950.0,100.0,125300.0
1137,2021-10-08 02:26:28,37950.0,100.0,125200.0
1138,2021-10-08 02:26:28,37950.0,500.0,125100.0
1139,2021-10-08 02:26:22,37950.0,500.0,124600.0
1140,2021-10-08 02:26:06,37900.0,1000.0,124100.0
1141,2021-10-08 02:26:01,37850.0,100.0,123100.0
1142,2021-10-08 02:25:52,37850.0,100.0,123000.0
1143,2021-10-08 02:25:52,37850.0,1000.0,122900.0
1144,2021-10-08 02:25:44,37800.0,300.0,121900.0
1145,2021-10-08 02:25:44,37800.0,100.0,121600.0
1146,2021-10-08 02:25:44,37800.0,1000.0,121500.0
1147,2021-10-08 02:25:44,37800.0,1000.0,120500.0
1148,2021-10-08 02:25:26,37750.0,100.0,119500.0
1149,2021-10-08 02:25:26,37750.0,200.0,119400.0
1150,2021-10-08 02:25:26,37750.0,500.0,119200.0
1151,2021-10-08 02:25:26,37750.0,11200.0,118700.0
1152,2021-10-08 02:25:02,37750.0,200.0,107500.0
1153,2021-10-08 02:24:48,37750.0,1000.0,107300.0
1154,2021-10-08 02:24:45,37750.0,100.0,106300.0
1155,2021-10-08 02:24:00,37750.0,2500.0,106200.0
1156,2021-10-08 02:23:45,37700.0,200.0,103700.0
1157,2021-10-08 02:23:42,37700.0,800.0,103500.0
1158,2021-10-08 02:23:42,37700.0,100.0,102700.0
1159,2021-10-08 02:23:42,37700.0,1000.0,102600.0
1160,2021-10-08 02:23:42,37700.0,500.0,101600.0
1161,2021-10-08 02:23:42,37700.0,6100.0,101100.0
1162,2021-10-08 02:23:31,37700.0,100.0,95000.0
1163,2021-10-08 02:23:26,37700.0,1000.0,94900.0
1164,2021-10-08 02:23:21,37700.0,1300.0,93900.0
1165,2021-10-08 02:23:13,37700.0,1000.0,92600.0
1166,2021-10-08 02:22:56,37700.0,500.0,91600.0
1167,2021-10-08 02:22:44,37650.0,500.0,91100.0
1168,2021-10-08 02:22:44,37650.0,100.0,90600.0
1169,2021-10-08 02:22:44,37650.0,1000.0,90500.0
1170,2021-10-08 02:22:44,37650.0,100.0,89500.0
1171,2021-10-08 02:22:44,37650.0,500.0,89400.0
1172,2021-10-08 02:22:30,37650.0,200.0,88900.0
1173,2021-10-08 02:22:29,37650.0,1400.0,88700.0
1174,2021-10-08 02:22:29,37650.0,100.0,87300.0
1175,2021-10-08 02:22:29,37650.0,1200.0,87200.0
1176,2021-10-08 02:22:26,37650.0,1200.0,86000.0
1177,2021-10-08 02:22:23,37650.0,500.0,84800.0
1178,2021-10-08 02:22:21,37650.0,1500.0,84300.0
1179,2021-10-08 02:22:19,37650.0,200.0,82800.0
1180,2021-10-08 02:22:11,37650.0,600.0,82600.0
1181,2021-10-08 02:21:49,37650.0,500.0,82000.0
1182,2021-10-08 02:21:19,37650.0,300.0,81500.0
1183,2021-10-08 02:21:19,37650.0,100.0,81200.0
1184,2021-10-08 02:21:19,37650.0,100.0,81100.0
1185,2021-10-08 02:21:19,37650.0,100.0,81000.0
1186,2021-10-08 02:21:18,37600.0,100.0,80900.0
1187,2021-10-08 02:21:18,37650.0,4800.0,80800.0
1188,2021-10-08 02:21:18,37650.0,200.0,76000.0
1189,2021-10-08 02:20:55,37650.0,1100.0,75800.0
1190,2021-10-08 02:20:53,37650.0,100.0,74700.0
1191,2021-10-08 02:20:51,37650.0,700.0,74600.0
1192,2021-10-08 02:20:12,37650.0,500.0,73900.0
1193,2021-10-08 02:19:58,37650.0,2000.0,73400.0
1194,2021-10-08 02:19:54,37650.0,100.0,71400.0
1195,2021-10-08 02:19:50,37650.0,200.0,71300.0
1196,2021-10-08 02:19:41,37650.0,300.0,71100.0
1197,2021-10-08 02:19:27,37650.0,500.0,70800.0
1198,2021-10-08 02:19:14,37650.0,200.0,70300.0
1199,2021-10-08 02:19:14,37650.0,1000.0,70100.0
1200,2021-10-08 02:19:14,37650.0,100.0,69100.0
1201,2021-10-08 02:19:14,37650.0,1200.0,69000.0
1202,2021-10-08 02:19:14,37650.0,1000.0,67800.0
1203,2021-10-08 02:19:14,37650.0,25800.0,66800.0
1204,2021-10-08 02:18:53,37650.0,100.0,41000.0
1205,2021-10-08 02:18:32,37650.0,1000.0,40900.0
1206,2021-10-08 02:18:09,37650.0,100.0,39900.0
1207,2021-10-08 02:18:09,37650.0,1000.0,39800.0
1208,2021-10-08 02:18:02,37650.0,200.0,38800.0
1209,2021-10-08 02:17:47,37600.0,100.0,38600.0
1210,2021-10-08 02:17:47,37600.0,900.0,38500.0
1211,2021-10-08 02:17:27,37600.0,100.0,37600.0
1212,2021-10-08 02:17:25,37650.0,800.0,37500.0
1213,2021-10-08 02:17:25,37650.0,200.0,36700.0
1214,2021-10-08 02:17:23,37650.0,1000.0,36500.0
1215,2021-10-08 02:17:20,37650.0,100.0,35500.0
1216,2021-10-08 02:17:17,37650.0,200.0,35400.0
1217,2021-10-08 02:17:16,37650.0,200.0,35200.0
1218,2021-10-08 02:17:15,37650.0,100.0,35000.0
1219,2021-10-08 02:17:15,37650.0,100.0,34900.0
1220,2021-10-08 02:17:15,37650.0,2500.0,34800.0
1221,2021-10-08 02:17:13,37650.0,200.0,32300.0
1222,2021-10-08 02:17:00,37650.0,300.0,32100.0
1223,2021-10-08 02:17:00,37650.0,100.0,31800.0
1224,2021-10-08 02:16:51,37650.0,100.0,31700.0
1225,2021-10-08 02:16:39,37650.0,700.0,31600.0
1226,2021-10-08 02:16:39,37650.0,100.0,30900.0
1227,2021-10-08 02:16:39,37650.0,100.0,30800.0
1228,2021-10-08 02:16:39,37650.0,200.0,30700.0
1229,2021-10-08 02:16:25,37650.0,100.0,30500.0
1230,2021-10-08 02:16:17,37650.0,200.0,30400.0
1231,2021-10-08 02:16:17,37650.0,500.0,30200.0
1232,2021-10-08 02:16:17,37650.0,200.0,29700.0
1233,2021-10-08 02:16:01,37650.0,3000.0,29500.0
1234,2021-10-08 02:15:56,37650.0,400.0,26500.0
1235,2021-10-08 02:15:40,37650.0,600.0,26100.0
1236,2021-10-08 02:15:36,37650.0,200.0,25500.0
1237,2021-10-08 02:15:18,37650.0,200.0,25300.0
1238,2021-10-08 02:15:00,37650.0,400.0,25100.0
1239,2021-10-08 02:15:00,37650.0,1000.0,24700.0
1240,2021-10-08 02:15:00,37650.0,100.0,23700.0
1241,2021-10-08 02:15:00,37650.0,100.0,23600.0
1242,2021-10-08 02:15:00,37650.0,400.0,23500.0
1243,2021-10-08 02:15:00,37650.0,100.0,23100.0
1244,2021-10-08 02:15:00,37650.0,200.0,23000.0
1245,2021-10-08 02:15:00,37650.0,100.0,22800.0
1246,2021-10-08 02:15:00,37650.0,2000.0,22700.0
1247,2021-10-08 02:15:00,37650.0,500.0,20700.0
1248,2021-10-08 02:15:00,37650.0,100.0,20200.0
1249,2021-10-08 02:15:00,37650.0,500.0,20100.0
1250,2021-10-08 02:15:00,37650.0,2000.0,19600.0
1251,2021-10-08 02:15:00,37650.0,2000.0,17600.0
1252,2021-10-08 02:15:00,37650.0,300.0,15600.0
1253,2021-10-08 02:15:00,37650.0,1000.0,15300.0
1254,2021-10-08 02:15:00,37650.0,1700.0,14300.0
1255,2021-10-08 02:15:00,37650.0,300.0,12600.0
1256,2021-10-08 02:15:00,37650.0,500.0,12300.0
1257,2021-10-08 02:15:00,37650.0,700.0,11800.0
1258,2021-10-08 02:15:00,37650.0,300.0,11100.0
1259,2021-10-08 02:15:00,37650.0,1700.0,10800.0
1260,2021-10-08 02:15:00,37650.0,100.0,9100.0
1261,2021-10-08 02:15:00,37650.0,200.0,9000.0
1262,2021-10-08 02:15:00,37650.0,300.0,8800.0
1263,2021-10-08 02:15:00,37650.0,1000.0,8500.0
1264,2021-10-08 02:15:00,37650.0,1000.0,7500.0
1265,2021-10-08 02:15:00,37650.0,500.0,6500.0
1266,2021-10-08 02:15:00,37650.0,1000.0,6000.0
1267,2021-10-08 02:15:00,37650.0,700.0,5000.0
1268,2021-10-08 02:15:00,37650.0,500.0,4300.0
1269,2021-10-08 02:15:00,37650.0,1200.0,3800.0
1270,2021-10-08 02:15:00,37650.0,600.0,2600.0
1271,2021-10-08 02:15:00,37650.0,200.0,2000.0
1272,2021-10-08 02:15:00,37650.0,800.0,1800.0
1273,2021-10-08 02:15:00,37650.0,1000.0,1000.0
