,Time,Price,Volume_per_trade,Volume
0,2021-09-30 14:45:00,22950.0,500.0,190900.0
1,2021-09-30 14:45:00,22950.0,1000.0,190400.0
2,2021-09-30 14:45:00,22950.0,700.0,189400.0
3,2021-09-30 14:45:00,22950.0,100.0,188700.0
4,2021-09-30 14:45:00,22950.0,4200.0,188600.0
5,2021-09-30 14:45:00,22950.0,2300.0,184400.0
6,2021-09-30 14:45:00,22950.0,500.0,182100.0
7,2021-09-30 14:45:00,22950.0,300.0,181600.0
8,2021-09-30 14:45:00,22950.0,1900.0,181300.0
9,2021-09-30 14:45:00,22950.0,2100.0,179400.0
10,2021-09-30 14:45:00,22950.0,500.0,177300.0
11,2021-09-30 14:45:00,22950.0,3000.0,176800.0
12,2021-09-30 14:27:04,22950.0,2700.0,173800.0
13,2021-09-30 14:27:04,23000.0,300.0,171100.0
14,2021-09-30 14:25:53,23000.0,900.0,170800.0
15,2021-09-30 14:25:40,23000.0,800.0,169900.0
16,2021-09-30 14:25:40,23000.0,200.0,169100.0
17,2021-09-30 14:25:30,23000.0,100.0,168900.0
18,2021-09-30 14:25:30,23000.0,900.0,168800.0
19,2021-09-30 14:25:23,23000.0,100.0,167900.0
20,2021-09-30 14:22:44,23000.0,1000.0,167800.0
21,2021-09-30 14:20:30,23000.0,1000.0,166800.0
22,2021-09-30 14:20:01,23000.0,1000.0,165800.0
23,2021-09-30 14:19:21,23000.0,5000.0,164800.0
24,2021-09-30 14:17:24,23000.0,100.0,159800.0
25,2021-09-30 14:17:00,23100.0,100.0,159700.0
26,2021-09-30 14:17:00,23100.0,400.0,159600.0
27,2021-09-30 14:17:00,23100.0,9800.0,159200.0
28,2021-09-30 14:17:00,23050.0,400.0,149400.0
29,2021-09-30 14:17:00,23000.0,300.0,149000.0
30,2021-09-30 14:15:58,23000.0,100.0,148700.0
31,2021-09-30 14:15:58,23000.0,1600.0,148600.0
32,2021-09-30 14:15:33,23000.0,400.0,147000.0
33,2021-09-30 14:15:33,23000.0,100.0,146600.0
34,2021-09-30 14:05:29,23000.0,400.0,146500.0
35,2021-09-30 14:05:29,23000.0,100.0,146100.0
36,2021-09-30 14:05:29,23000.0,500.0,146000.0
37,2021-09-30 14:05:29,23000.0,500.0,145500.0
38,2021-09-30 14:05:29,23000.0,2000.0,145000.0
39,2021-09-30 14:01:32,23100.0,100.0,143000.0
40,2021-09-30 14:01:32,23000.0,500.0,142900.0
41,2021-09-30 14:01:32,23000.0,500.0,142400.0
42,2021-09-30 14:00:52,23100.0,100.0,141900.0
43,2021-09-30 13:53:30,23000.0,100.0,141800.0
44,2021-09-30 13:52:07,23000.0,200.0,141700.0
45,2021-09-30 13:52:07,23000.0,500.0,141500.0
46,2021-09-30 13:52:07,23000.0,1200.0,141000.0
47,2021-09-30 13:52:07,23000.0,800.0,139800.0
48,2021-09-30 13:45:27,23000.0,100.0,139000.0
49,2021-09-30 13:44:41,23000.0,100.0,138900.0
50,2021-09-30 13:44:41,23000.0,500.0,138800.0
51,2021-09-30 13:42:08,23000.0,500.0,138300.0
52,2021-09-30 13:42:08,23000.0,100.0,137800.0
53,2021-09-30 13:42:08,23000.0,300.0,137700.0
54,2021-09-30 13:42:08,23000.0,2000.0,137400.0
55,2021-09-30 13:42:08,23000.0,500.0,135400.0
56,2021-09-30 13:42:08,23000.0,600.0,134900.0
57,2021-09-30 13:40:19,23000.0,900.0,134300.0
58,2021-09-30 13:40:19,23000.0,1000.0,133400.0
59,2021-09-30 13:40:19,23000.0,800.0,132400.0
60,2021-09-30 13:40:19,23000.0,200.0,131600.0
61,2021-09-30 13:40:19,23000.0,300.0,131400.0
62,2021-09-30 13:40:19,23000.0,300.0,131100.0
63,2021-09-30 13:40:08,23000.0,100.0,130800.0
64,2021-09-30 13:40:08,23000.0,200.0,130700.0
65,2021-09-30 13:40:08,23000.0,100.0,130500.0
66,2021-09-30 13:37:43,23000.0,400.0,130400.0
67,2021-09-30 13:37:43,23050.0,100.0,130000.0
68,2021-09-30 13:37:43,23050.0,3000.0,129900.0
69,2021-09-30 13:32:42,23150.0,300.0,126900.0
70,2021-09-30 13:32:42,23150.0,100.0,126600.0
71,2021-09-30 13:32:42,23150.0,500.0,126500.0
72,2021-09-30 13:32:42,23150.0,500.0,126000.0
73,2021-09-30 13:27:27,23100.0,500.0,125500.0
74,2021-09-30 13:27:26,23100.0,100.0,125000.0
75,2021-09-30 13:27:02,23100.0,1400.0,124900.0
76,2021-09-30 13:22:00,23100.0,100.0,123500.0
77,2021-09-30 13:20:46,23100.0,500.0,123400.0
78,2021-09-30 13:20:46,23100.0,1000.0,122900.0
79,2021-09-30 13:20:44,23100.0,100.0,121900.0
80,2021-09-30 13:20:44,23100.0,500.0,121800.0
81,2021-09-30 13:20:44,23100.0,1000.0,121300.0
82,2021-09-30 13:20:44,23100.0,900.0,120300.0
83,2021-09-30 13:13:55,23100.0,1000.0,119400.0
84,2021-09-30 13:13:40,23000.0,1000.0,118400.0
85,2021-09-30 13:11:07,23000.0,500.0,117400.0
86,2021-09-30 13:11:07,23000.0,500.0,116900.0
87,2021-09-30 13:10:26,23000.0,100.0,116400.0
88,2021-09-30 13:10:26,23000.0,2000.0,116300.0
89,2021-09-30 13:10:26,23000.0,1000.0,114300.0
90,2021-09-30 13:10:26,23000.0,100.0,113300.0
91,2021-09-30 13:10:26,23000.0,100.0,113200.0
92,2021-09-30 13:10:26,23000.0,500.0,113100.0
93,2021-09-30 13:10:26,23000.0,200.0,112600.0
94,2021-09-30 13:10:26,23000.0,500.0,112400.0
95,2021-09-30 13:10:26,23000.0,1000.0,111900.0
96,2021-09-30 13:10:26,23100.0,500.0,110900.0
97,2021-09-30 13:10:26,23100.0,500.0,110400.0
98,2021-09-30 13:08:48,23100.0,2300.0,109900.0
99,2021-09-30 13:07:43,23100.0,100.0,107600.0
100,2021-09-30 13:07:23,23100.0,300.0,107500.0
101,2021-09-30 13:07:23,23100.0,200.0,107200.0
102,2021-09-30 13:07:23,23100.0,200.0,107000.0
103,2021-09-30 13:07:23,23100.0,100.0,106800.0
104,2021-09-30 13:07:23,23100.0,1000.0,106700.0
105,2021-09-30 13:07:23,23100.0,300.0,105700.0
106,2021-09-30 13:05:04,23100.0,100.0,105400.0
107,2021-09-30 13:04:25,23100.0,100.0,105300.0
108,2021-09-30 13:04:25,23100.0,2000.0,105200.0
109,2021-09-30 13:04:25,23100.0,2900.0,103200.0
110,2021-09-30 13:02:08,23100.0,1000.0,100300.0
111,2021-09-30 11:26:37,23050.0,100.0,99300.0
112,2021-09-30 11:22:59,23050.0,900.0,99200.0
113,2021-09-30 11:22:59,23050.0,100.0,98300.0
114,2021-09-30 11:18:09,23050.0,900.0,98200.0
115,2021-09-30 11:13:59,23050.0,100.0,97300.0
116,2021-09-30 11:13:44,23050.0,100.0,97200.0
117,2021-09-30 11:13:40,23050.0,100.0,97100.0
118,2021-09-30 11:13:40,23050.0,400.0,97000.0
119,2021-09-30 11:12:12,23050.0,100.0,96600.0
120,2021-09-30 11:12:12,23050.0,500.0,96500.0
121,2021-09-30 11:11:50,23050.0,100.0,96000.0
122,2021-09-30 11:11:50,23050.0,100.0,95900.0
123,2021-09-30 11:11:50,23050.0,400.0,95800.0
124,2021-09-30 11:11:50,23050.0,400.0,95400.0
125,2021-09-30 10:57:24,23100.0,1000.0,95000.0
126,2021-09-30 10:56:50,23100.0,100.0,94000.0
127,2021-09-30 10:53:40,23050.0,200.0,93900.0
128,2021-09-30 10:53:40,23050.0,2800.0,93700.0
129,2021-09-30 10:40:59,23050.0,300.0,90900.0
130,2021-09-30 10:39:26,23050.0,1900.0,90600.0
131,2021-09-30 10:37:56,23050.0,100.0,88700.0
132,2021-09-30 10:37:56,23000.0,100.0,88600.0
133,2021-09-30 10:36:46,22950.0,100.0,88500.0
134,2021-09-30 10:36:06,23000.0,100.0,88400.0
135,2021-09-30 10:35:43,22950.0,1500.0,88300.0
136,2021-09-30 10:34:46,22950.0,3000.0,86800.0
137,2021-09-30 10:34:39,23000.0,200.0,83800.0
138,2021-09-30 10:32:55,23000.0,100.0,83600.0
139,2021-09-30 10:32:51,23000.0,1000.0,83500.0
140,2021-09-30 10:32:40,22950.0,1400.0,82500.0
141,2021-09-30 10:32:40,22950.0,1000.0,81100.0
142,2021-09-30 10:32:40,22950.0,100.0,80100.0
143,2021-09-30 10:32:40,22950.0,100.0,80000.0
144,2021-09-30 10:32:40,22950.0,1000.0,79900.0
145,2021-09-30 10:32:40,22950.0,100.0,78900.0
146,2021-09-30 10:31:50,23000.0,500.0,78800.0
147,2021-09-30 10:30:04,23000.0,100.0,78300.0
148,2021-09-30 10:29:16,23000.0,100.0,78200.0
149,2021-09-30 10:28:28,23000.0,300.0,78100.0
150,2021-09-30 10:28:28,23000.0,100.0,77800.0
151,2021-09-30 10:28:25,23050.0,1000.0,77700.0
152,2021-09-30 10:27:01,23000.0,1100.0,76700.0
153,2021-09-30 10:26:49,23000.0,100.0,75600.0
154,2021-09-30 10:26:49,23000.0,1800.0,75500.0
155,2021-09-30 10:26:45,23000.0,200.0,73700.0
156,2021-09-30 10:22:46,23000.0,200.0,73500.0
157,2021-09-30 10:22:46,23000.0,400.0,73300.0
158,2021-09-30 10:20:41,23000.0,100.0,72900.0
159,2021-09-30 10:19:42,23000.0,400.0,72800.0
160,2021-09-30 10:18:11,23000.0,100.0,72400.0
161,2021-09-30 10:18:11,23000.0,2300.0,72300.0
162,2021-09-30 10:17:57,22950.0,100.0,70000.0
163,2021-09-30 10:17:57,22950.0,500.0,69900.0
164,2021-09-30 10:17:57,22950.0,100.0,69400.0
165,2021-09-30 10:17:57,22950.0,400.0,69300.0
166,2021-09-30 10:12:33,23000.0,100.0,68900.0
167,2021-09-30 10:12:18,23000.0,100.0,68800.0
168,2021-09-30 10:12:18,23000.0,400.0,68700.0
169,2021-09-30 10:11:14,23000.0,500.0,68300.0
170,2021-09-30 10:11:07,23000.0,100.0,67800.0
171,2021-09-30 10:11:06,23000.0,300.0,67700.0
172,2021-09-30 10:10:47,23000.0,100.0,67400.0
173,2021-09-30 10:10:42,23000.0,500.0,67300.0
174,2021-09-30 10:10:42,23000.0,800.0,66800.0
175,2021-09-30 10:09:45,23000.0,2000.0,66000.0
176,2021-09-30 10:09:45,22950.0,400.0,64000.0
177,2021-09-30 10:09:45,22950.0,100.0,63600.0
178,2021-09-30 10:09:45,22950.0,1000.0,63500.0
179,2021-09-30 10:09:45,22950.0,300.0,62500.0
180,2021-09-30 10:09:45,22950.0,200.0,62200.0
181,2021-09-30 10:09:13,22950.0,300.0,62000.0
182,2021-09-30 10:09:04,23000.0,200.0,61700.0
183,2021-09-30 10:08:39,22950.0,500.0,61500.0
184,2021-09-30 10:08:39,23000.0,100.0,61000.0
185,2021-09-30 10:08:39,23000.0,5000.0,60900.0
186,2021-09-30 10:08:39,23000.0,1000.0,55900.0
187,2021-09-30 10:08:39,23000.0,900.0,54900.0
188,2021-09-30 10:08:18,23000.0,200.0,54000.0
189,2021-09-30 10:08:18,23000.0,500.0,53800.0
190,2021-09-30 10:08:18,23000.0,300.0,53300.0
191,2021-09-30 10:04:52,23000.0,200.0,53000.0
192,2021-09-30 10:04:08,23000.0,1800.0,52800.0
193,2021-09-30 10:04:08,23000.0,500.0,51000.0
194,2021-09-30 10:04:08,23000.0,1000.0,50500.0
195,2021-09-30 10:04:08,23000.0,900.0,49500.0
196,2021-09-30 09:53:16,23000.0,100.0,48600.0
197,2021-09-30 09:53:16,23000.0,100.0,48500.0
198,2021-09-30 09:50:07,23000.0,1200.0,48400.0
199,2021-09-30 09:49:11,23000.0,1000.0,47200.0
200,2021-09-30 09:48:48,23000.0,100.0,46200.0
201,2021-09-30 09:48:32,23000.0,1000.0,46100.0
202,2021-09-30 09:47:54,23000.0,300.0,45100.0
203,2021-09-30 09:47:54,23000.0,700.0,44800.0
204,2021-09-30 09:46:27,23000.0,100.0,44100.0
205,2021-09-30 09:46:27,23000.0,700.0,44000.0
206,2021-09-30 09:45:31,23000.0,1700.0,43300.0
207,2021-09-30 09:45:31,23000.0,100.0,41600.0
208,2021-09-30 09:45:31,23000.0,2000.0,41500.0
209,2021-09-30 09:45:31,23000.0,500.0,39500.0
210,2021-09-30 09:45:31,23000.0,100.0,39000.0
211,2021-09-30 09:45:31,23000.0,400.0,38900.0
212,2021-09-30 09:42:01,23000.0,100.0,38500.0
213,2021-09-30 09:42:01,23000.0,2800.0,38400.0
214,2021-09-30 09:42:01,23000.0,1000.0,35600.0
215,2021-09-30 09:42:01,23000.0,100.0,34600.0
216,2021-09-30 09:42:01,23000.0,1000.0,34500.0
217,2021-09-30 09:38:01,23000.0,900.0,33500.0
218,2021-09-30 09:38:01,23050.0,2000.0,32600.0
219,2021-09-30 09:38:01,23100.0,100.0,30600.0
220,2021-09-30 09:34:50,23100.0,100.0,30500.0
221,2021-09-30 09:34:37,23100.0,500.0,30400.0
222,2021-09-30 09:33:08,23100.0,200.0,29900.0
223,2021-09-30 09:28:36,23000.0,100.0,29700.0
224,2021-09-30 09:28:36,23000.0,500.0,29600.0
225,2021-09-30 09:28:36,23000.0,1700.0,29100.0
226,2021-09-30 09:28:36,23000.0,300.0,27400.0
227,2021-09-30 09:28:36,23000.0,2000.0,27100.0
228,2021-09-30 09:28:36,23000.0,500.0,25100.0
229,2021-09-30 09:28:36,23000.0,500.0,24600.0
230,2021-09-30 09:28:36,23000.0,100.0,24100.0
231,2021-09-30 09:28:36,23000.0,100.0,24000.0
232,2021-09-30 09:28:36,23000.0,100.0,23900.0
233,2021-09-30 09:28:36,23000.0,100.0,23800.0
234,2021-09-30 09:28:36,23000.0,100.0,23700.0
235,2021-09-30 09:28:36,23000.0,2000.0,23600.0
236,2021-09-30 09:28:36,23000.0,2600.0,21600.0
237,2021-09-30 09:28:36,23000.0,1000.0,19000.0
238,2021-09-30 09:28:36,23000.0,100.0,18000.0
239,2021-09-30 09:28:36,23100.0,100.0,17900.0
240,2021-09-30 09:28:36,23100.0,100.0,17800.0
241,2021-09-30 09:26:32,23100.0,400.0,17700.0
242,2021-09-30 09:26:18,23100.0,100.0,17300.0
243,2021-09-30 09:26:17,23100.0,100.0,17200.0
244,2021-09-30 09:25:52,23100.0,2800.0,17100.0
245,2021-09-30 09:25:19,23000.0,100.0,14300.0
246,2021-09-30 09:24:56,23100.0,200.0,14200.0
247,2021-09-30 09:24:53,23100.0,100.0,14000.0
248,2021-09-30 09:23:43,23100.0,500.0,13900.0
249,2021-09-30 09:23:43,23100.0,100.0,13400.0
250,2021-09-30 09:22:38,23100.0,700.0,13300.0
251,2021-09-30 09:21:34,23100.0,1000.0,12600.0
252,2021-09-30 09:20:40,23100.0,300.0,11600.0
253,2021-09-30 09:20:29,23100.0,500.0,11300.0
254,2021-09-30 09:20:29,23100.0,200.0,10800.0
255,2021-09-30 09:20:29,23100.0,1600.0,10600.0
256,2021-09-30 09:19:56,23100.0,900.0,9000.0
257,2021-09-30 09:19:56,23100.0,1000.0,8100.0
258,2021-09-30 09:19:56,23100.0,1800.0,7100.0
259,2021-09-30 09:18:17,23100.0,100.0,5300.0
260,2021-09-30 09:18:17,23100.0,200.0,5200.0
261,2021-09-30 09:18:17,23100.0,200.0,5000.0
262,2021-09-30 09:18:17,23100.0,500.0,4800.0
263,2021-09-30 09:18:17,23100.0,1000.0,4300.0
264,2021-09-30 09:18:17,23100.0,1000.0,3300.0
265,2021-09-30 09:15:00,23100.0,900.0,2300.0
266,2021-09-30 09:15:00,23100.0,400.0,1400.0
267,2021-09-30 09:15:00,23100.0,1000.0,1000.0
