,Time,Price,Volume_per_trade,Volume
0,2021-10-11 07:45:01,23400.0,1000.0,312400.0
1,2021-10-11 07:45:01,23400.0,500.0,311400.0
2,2021-10-11 07:45:01,23400.0,1000.0,310900.0
3,2021-10-11 07:45:01,23400.0,300.0,309900.0
4,2021-10-11 07:45:01,23400.0,200.0,309600.0
5,2021-10-11 07:45:01,23400.0,500.0,309400.0
6,2021-10-11 07:29:02,23450.0,100.0,308900.0
7,2021-10-11 07:28:56,23400.0,1000.0,308800.0
8,2021-10-11 07:28:56,23400.0,100.0,307800.0
9,2021-10-11 07:28:31,23400.0,37000.0,307700.0
10,2021-10-11 07:28:09,23450.0,100.0,270700.0
11,2021-10-11 07:28:04,23450.0,100.0,270600.0
12,2021-10-11 07:25:58,23400.0,500.0,270500.0
13,2021-10-11 07:23:37,23400.0,500.0,270000.0
14,2021-10-11 07:20:09,23450.0,300.0,269500.0
15,2021-10-11 07:20:09,23450.0,200.0,269200.0
16,2021-10-11 07:18:37,23400.0,200.0,269000.0
17,2021-10-11 07:17:13,23400.0,200.0,268800.0
18,2021-10-11 07:17:03,23400.0,2000.0,268600.0
19,2021-10-11 07:16:02,23400.0,2000.0,266600.0
20,2021-10-11 07:15:54,23400.0,200.0,264600.0
21,2021-10-11 07:15:54,23400.0,1000.0,264400.0
22,2021-10-11 07:15:54,23400.0,1100.0,263400.0
23,2021-10-11 07:12:09,23400.0,300.0,262300.0
24,2021-10-11 07:12:09,23400.0,700.0,262000.0
25,2021-10-11 07:07:58,23400.0,300.0,261300.0
26,2021-10-11 07:06:33,23400.0,700.0,261000.0
27,2021-10-11 07:06:33,23400.0,300.0,260300.0
28,2021-10-11 07:04:15,23400.0,500.0,260000.0
29,2021-10-11 07:03:31,23400.0,100.0,259500.0
30,2021-10-11 07:03:26,23400.0,4100.0,259400.0
31,2021-10-11 07:03:26,23400.0,900.0,255300.0
32,2021-10-11 07:03:26,23400.0,100.0,254400.0
33,2021-10-11 07:03:10,23350.0,200.0,254300.0
34,2021-10-11 07:01:46,23400.0,900.0,254100.0
35,2021-10-11 07:01:46,23400.0,200.0,253200.0
36,2021-10-11 07:01:25,23400.0,1000.0,253000.0
37,2021-10-11 07:01:25,23400.0,200.0,252000.0
38,2021-10-11 07:01:13,23350.0,400.0,251800.0
39,2021-10-11 07:01:02,23400.0,1800.0,251400.0
40,2021-10-11 07:01:02,23400.0,200.0,249600.0
41,2021-10-11 07:01:02,23400.0,100.0,249400.0
42,2021-10-11 07:01:02,23400.0,100.0,249300.0
43,2021-10-11 07:01:02,23400.0,100.0,249200.0
44,2021-10-11 06:58:23,23400.0,900.0,249100.0
45,2021-10-11 06:58:23,23400.0,1100.0,248200.0
46,2021-10-11 06:58:02,23400.0,900.0,247100.0
47,2021-10-11 06:58:02,23400.0,100.0,246200.0
48,2021-10-11 06:57:20,23400.0,100.0,246100.0
49,2021-10-11 06:57:17,23350.0,1000.0,246000.0
50,2021-10-11 06:54:09,23400.0,400.0,245000.0
51,2021-10-11 06:54:09,23400.0,100.0,244600.0
52,2021-10-11 06:54:09,23400.0,500.0,244500.0
53,2021-10-11 06:52:26,23400.0,1000.0,244000.0
54,2021-10-11 06:52:22,23400.0,100.0,243000.0
55,2021-10-11 06:52:22,23400.0,400.0,242900.0
56,2021-10-11 06:51:04,23400.0,100.0,242500.0
57,2021-10-11 06:50:52,23400.0,900.0,242400.0
58,2021-10-11 06:50:52,23400.0,100.0,241500.0
59,2021-10-11 06:50:01,23400.0,900.0,241400.0
60,2021-10-11 06:50:01,23400.0,100.0,240500.0
61,2021-10-11 06:49:35,23400.0,7500.0,240400.0
62,2021-10-11 06:49:15,23400.0,2400.0,232900.0
63,2021-10-11 06:49:15,23400.0,100.0,230500.0
64,2021-10-11 06:49:15,23400.0,500.0,230400.0
65,2021-10-11 06:47:42,23400.0,400.0,229900.0
66,2021-10-11 06:47:18,23400.0,100.0,229500.0
67,2021-10-11 06:47:11,23300.0,500.0,229400.0
68,2021-10-11 06:42:25,23400.0,200.0,228900.0
69,2021-10-11 06:41:58,23400.0,1800.0,228700.0
70,2021-10-11 06:41:58,23400.0,200.0,226900.0
71,2021-10-11 06:41:37,23400.0,1200.0,226700.0
72,2021-10-11 06:41:06,23400.0,1800.0,225500.0
73,2021-10-11 06:41:06,23400.0,2000.0,223700.0
74,2021-10-11 06:41:06,23400.0,1000.0,221700.0
75,2021-10-11 06:41:06,23400.0,100.0,220700.0
76,2021-10-11 06:41:06,23350.0,100.0,220600.0
77,2021-10-11 06:40:09,23350.0,1600.0,220500.0
78,2021-10-11 06:39:20,23350.0,300.0,218900.0
79,2021-10-11 06:38:34,23350.0,300.0,218600.0
80,2021-10-11 06:35:05,23400.0,200.0,218300.0
81,2021-10-11 06:35:05,23400.0,500.0,218100.0
82,2021-10-11 06:35:05,23400.0,100.0,217600.0
83,2021-10-11 06:35:05,23400.0,100.0,217500.0
84,2021-10-11 06:35:05,23400.0,2000.0,217400.0
85,2021-10-11 06:35:05,23400.0,1900.0,215400.0
86,2021-10-11 06:34:05,23350.0,200.0,213500.0
87,2021-10-11 06:29:21,23350.0,100.0,213300.0
88,2021-10-11 06:29:21,23350.0,500.0,213200.0
89,2021-10-11 06:25:05,23350.0,1000.0,212700.0
90,2021-10-11 06:24:31,23350.0,1000.0,211700.0
91,2021-10-11 06:20:21,23400.0,100.0,210700.0
92,2021-10-11 06:17:07,23300.0,1500.0,210600.0
93,2021-10-11 06:14:20,23300.0,200.0,209100.0
94,2021-10-11 06:14:20,23300.0,300.0,208900.0
95,2021-10-11 06:12:09,23300.0,2700.0,208600.0
96,2021-10-11 06:11:54,23300.0,2300.0,205900.0
97,2021-10-11 06:11:48,23300.0,100.0,203600.0
98,2021-10-11 06:11:48,23300.0,500.0,203500.0
99,2021-10-11 06:11:48,23300.0,2000.0,203000.0
100,2021-10-11 06:11:48,23300.0,100.0,201000.0
101,2021-10-11 06:11:48,23300.0,100.0,200900.0
102,2021-10-11 06:11:48,23300.0,1000.0,200800.0
103,2021-10-11 06:11:48,23300.0,100.0,199800.0
104,2021-10-11 06:11:48,23300.0,2000.0,199700.0
105,2021-10-11 06:11:48,23300.0,3000.0,197700.0
106,2021-10-11 06:11:48,23300.0,2000.0,194700.0
107,2021-10-11 06:11:48,23300.0,100.0,192700.0
108,2021-10-11 06:11:48,23300.0,200.0,192600.0
109,2021-10-11 06:11:48,23300.0,200.0,192400.0
110,2021-10-11 06:11:48,23300.0,3000.0,192200.0
111,2021-10-11 06:11:48,23350.0,100.0,189200.0
112,2021-10-11 06:11:48,23350.0,2000.0,189100.0
113,2021-10-11 06:11:48,23350.0,1000.0,187100.0
114,2021-10-11 06:11:48,23350.0,100.0,186100.0
115,2021-10-11 06:11:48,23400.0,500.0,186000.0
116,2021-10-11 06:11:48,23400.0,3000.0,185500.0
117,2021-10-11 06:11:48,23400.0,2900.0,182500.0
118,2021-10-11 06:10:19,23500.0,200.0,179600.0
119,2021-10-11 06:09:06,23500.0,2100.0,179400.0
120,2021-10-11 06:09:06,23500.0,100.0,177300.0
121,2021-10-11 06:09:06,23500.0,200.0,177200.0
122,2021-10-11 06:09:06,23500.0,600.0,177000.0
123,2021-10-11 06:07:30,23500.0,1400.0,176400.0
124,2021-10-11 06:07:30,23500.0,100.0,175000.0
125,2021-10-11 06:07:30,23500.0,100.0,174900.0
126,2021-10-11 06:07:30,23500.0,400.0,174800.0
127,2021-10-11 06:05:08,23400.0,1000.0,174400.0
128,2021-10-11 06:04:45,23400.0,200.0,173400.0
129,2021-10-11 06:04:45,23400.0,100.0,173200.0
130,2021-10-11 06:04:45,23400.0,100.0,173100.0
131,2021-10-11 06:04:45,23400.0,1000.0,173000.0
132,2021-10-11 06:04:45,23400.0,100.0,172000.0
133,2021-10-11 06:04:45,23400.0,900.0,171900.0
134,2021-10-11 06:04:45,23400.0,4100.0,171000.0
135,2021-10-11 06:04:45,23400.0,200.0,166900.0
136,2021-10-11 06:04:45,23400.0,300.0,166700.0
137,2021-10-11 06:02:27,23400.0,200.0,166400.0
138,2021-10-11 06:02:27,23400.0,300.0,166200.0
139,2021-10-11 06:00:01,23400.0,1100.0,165900.0
140,2021-10-11 06:00:01,23400.0,900.0,164800.0
141,2021-10-11 06:00:00,23400.0,100.0,163900.0
142,2021-10-11 06:00:00,23450.0,200.0,163800.0
143,2021-10-11 04:17:56,23400.0,200.0,163600.0
144,2021-10-11 04:17:56,23400.0,200.0,163400.0
145,2021-10-11 04:17:56,23400.0,100.0,163200.0
146,2021-10-11 04:17:56,23400.0,100.0,163100.0
147,2021-10-11 04:02:58,23400.0,6100.0,163000.0
148,2021-10-11 04:02:22,23500.0,100.0,156900.0
149,2021-10-11 04:00:31,23500.0,200.0,156800.0
150,2021-10-11 03:58:18,23500.0,9700.0,156600.0
151,2021-10-11 03:58:18,23500.0,300.0,146900.0
152,2021-10-11 03:55:11,23500.0,1700.0,146600.0
153,2021-10-11 03:55:11,23500.0,700.0,144900.0
154,2021-10-11 03:55:11,23500.0,200.0,144200.0
155,2021-10-11 03:55:11,23500.0,700.0,144000.0
156,2021-10-11 03:55:11,23500.0,2000.0,143300.0
157,2021-10-11 03:55:11,23500.0,500.0,141300.0
158,2021-10-11 03:55:11,23500.0,2000.0,140800.0
159,2021-10-11 03:55:11,23500.0,900.0,138800.0
160,2021-10-11 03:55:11,23500.0,500.0,137900.0
161,2021-10-11 03:55:11,23500.0,1000.0,137400.0
162,2021-10-11 03:55:11,23500.0,100.0,136400.0
163,2021-10-11 03:55:11,23500.0,200.0,136300.0
164,2021-10-11 03:55:11,23500.0,100.0,136100.0
165,2021-10-11 03:55:11,23500.0,100.0,136000.0
166,2021-10-11 03:55:11,23500.0,2000.0,135900.0
167,2021-10-11 03:55:11,23500.0,5300.0,133900.0
168,2021-10-11 03:53:25,23500.0,200.0,128600.0
169,2021-10-11 03:53:16,23400.0,5000.0,128400.0
170,2021-10-11 03:50:54,23500.0,100.0,123400.0
171,2021-10-11 03:50:11,23500.0,1100.0,123300.0
172,2021-10-11 03:49:15,23500.0,3300.0,122200.0
173,2021-10-11 03:49:15,23450.0,100.0,118900.0
174,2021-10-11 03:49:15,23450.0,600.0,118800.0
175,2021-10-11 03:49:15,23400.0,1500.0,118200.0
176,2021-10-11 03:49:15,23400.0,4500.0,116700.0
177,2021-10-11 03:47:46,23450.0,2400.0,112200.0
178,2021-10-11 03:47:46,23450.0,500.0,109800.0
179,2021-10-11 03:47:46,23450.0,300.0,109300.0
180,2021-10-11 03:47:46,23400.0,500.0,109000.0
181,2021-10-11 03:47:46,23400.0,100.0,108500.0
182,2021-10-11 03:47:46,23400.0,300.0,108400.0
183,2021-10-11 03:47:46,23400.0,2000.0,108100.0
184,2021-10-11 03:47:46,23400.0,800.0,106100.0
185,2021-10-11 03:47:46,23400.0,1300.0,105300.0
186,2021-10-11 03:47:46,23400.0,900.0,104000.0
187,2021-10-11 03:47:46,23300.0,900.0,103100.0
188,2021-10-11 03:47:16,23300.0,100.0,102200.0
189,2021-10-11 03:47:12,23300.0,1000.0,102100.0
190,2021-10-11 03:47:12,23300.0,1000.0,101100.0
191,2021-10-11 03:46:14,23300.0,2000.0,100100.0
192,2021-10-11 03:46:07,23300.0,100.0,98100.0
193,2021-10-11 03:45:18,23300.0,800.0,98000.0
194,2021-10-11 03:44:40,23300.0,1200.0,97200.0
195,2021-10-11 03:44:40,23300.0,800.0,96000.0
196,2021-10-11 03:43:30,23300.0,500.0,95200.0
197,2021-10-11 03:43:30,23300.0,100.0,94700.0
198,2021-10-11 03:43:30,23300.0,400.0,94600.0
199,2021-10-11 03:41:16,23300.0,500.0,94200.0
200,2021-10-11 03:39:27,23300.0,100.0,93700.0
201,2021-10-11 03:36:32,23400.0,100.0,93600.0
202,2021-10-11 03:34:40,23300.0,100.0,93500.0
203,2021-10-11 03:34:08,23250.0,100.0,93400.0
204,2021-10-11 03:34:08,23250.0,100.0,93300.0
205,2021-10-11 03:34:08,23250.0,200.0,93200.0
206,2021-10-11 03:34:08,23250.0,100.0,93000.0
207,2021-10-11 03:34:08,23250.0,100.0,92900.0
208,2021-10-11 03:33:53,23250.0,100.0,92800.0
209,2021-10-11 03:33:53,23250.0,200.0,92700.0
210,2021-10-11 03:33:36,23350.0,1000.0,92500.0
211,2021-10-11 03:31:47,23400.0,2000.0,91500.0
212,2021-10-11 03:31:09,23400.0,1300.0,89500.0
213,2021-10-11 03:31:09,23400.0,300.0,88200.0
214,2021-10-11 03:31:08,23250.0,100.0,87900.0
215,2021-10-11 03:29:45,23400.0,400.0,87800.0
216,2021-10-11 03:29:45,23400.0,1000.0,87400.0
217,2021-10-11 03:29:45,23400.0,300.0,86400.0
218,2021-10-11 03:29:45,23400.0,200.0,86100.0
219,2021-10-11 03:29:45,23400.0,600.0,85900.0
220,2021-10-11 03:29:25,23300.0,1800.0,85300.0
221,2021-10-11 03:29:25,23300.0,1700.0,83500.0
222,2021-10-11 03:26:05,23400.0,100.0,81800.0
223,2021-10-11 03:22:49,23400.0,100.0,81700.0
224,2021-10-11 03:21:04,23400.0,200.0,81600.0
225,2021-10-11 03:18:10,23400.0,100.0,81400.0
226,2021-10-11 03:17:22,23400.0,500.0,81300.0
227,2021-10-11 03:16:22,23400.0,400.0,80800.0
228,2021-10-11 03:15:26,23300.0,100.0,80400.0
229,2021-10-11 03:15:26,23300.0,900.0,80300.0
230,2021-10-11 03:15:26,23300.0,500.0,79400.0
231,2021-10-11 03:15:22,23300.0,200.0,78900.0
232,2021-10-11 03:15:22,23350.0,200.0,78700.0
233,2021-10-11 03:15:22,23350.0,100.0,78500.0
234,2021-10-11 03:07:44,23400.0,100.0,78400.0
235,2021-10-11 03:07:08,23400.0,100.0,78300.0
236,2021-10-11 03:03:53,23400.0,1800.0,78200.0
237,2021-10-11 03:03:53,23400.0,200.0,76400.0
238,2021-10-11 03:03:19,23400.0,600.0,76200.0
239,2021-10-11 03:03:19,23400.0,200.0,75600.0
240,2021-10-11 03:03:19,23400.0,200.0,75400.0
241,2021-10-11 03:02:37,23400.0,800.0,75200.0
242,2021-10-11 03:02:37,23400.0,1800.0,74400.0
243,2021-10-11 03:02:37,23400.0,2000.0,72600.0
244,2021-10-11 03:02:37,23400.0,400.0,70600.0
245,2021-10-11 03:02:37,23350.0,200.0,70200.0
246,2021-10-11 03:02:22,23300.0,100.0,70000.0
247,2021-10-11 03:01:15,23350.0,1800.0,69900.0
248,2021-10-11 03:00:56,23350.0,100.0,68100.0
249,2021-10-11 02:57:23,23350.0,1900.0,68000.0
250,2021-10-11 02:57:23,23350.0,1500.0,66100.0
251,2021-10-11 02:56:52,23300.0,1100.0,64600.0
252,2021-10-11 02:56:46,23300.0,600.0,63500.0
253,2021-10-11 02:55:53,23300.0,1400.0,62900.0
254,2021-10-11 02:54:59,23300.0,600.0,61500.0
255,2021-10-11 02:54:49,23300.0,200.0,60900.0
256,2021-10-11 02:54:49,23300.0,1200.0,60700.0
257,2021-10-11 02:52:42,23300.0,3800.0,59500.0
258,2021-10-11 02:52:42,23300.0,200.0,55700.0
259,2021-10-11 02:50:27,23350.0,1500.0,55500.0
260,2021-10-11 02:50:27,23350.0,1000.0,54000.0
261,2021-10-11 02:50:27,23350.0,2000.0,53000.0
262,2021-10-11 02:50:27,23350.0,600.0,51000.0
263,2021-10-11 02:50:27,23300.0,3000.0,50400.0
264,2021-10-11 02:50:27,23300.0,1000.0,47400.0
265,2021-10-11 02:50:27,23300.0,900.0,46400.0
266,2021-10-11 02:50:27,23300.0,800.0,45500.0
267,2021-10-11 02:50:27,23300.0,1000.0,44700.0
268,2021-10-11 02:50:27,23300.0,100.0,43700.0
269,2021-10-11 02:50:27,23300.0,100.0,43600.0
270,2021-10-11 02:50:27,23300.0,1000.0,43500.0
271,2021-10-11 02:50:27,23300.0,1500.0,42500.0
272,2021-10-11 02:48:22,23250.0,900.0,41000.0
273,2021-10-11 02:48:22,23250.0,100.0,40100.0
274,2021-10-11 02:48:14,23300.0,500.0,40000.0
275,2021-10-11 02:46:49,23300.0,600.0,39500.0
276,2021-10-11 02:46:38,23250.0,400.0,38900.0
277,2021-10-11 02:46:38,23250.0,100.0,38500.0
278,2021-10-11 02:46:38,23300.0,500.0,38400.0
279,2021-10-11 02:45:30,23300.0,100.0,37900.0
280,2021-10-11 02:44:50,23300.0,200.0,37800.0
281,2021-10-11 02:44:11,23300.0,100.0,37600.0
282,2021-10-11 02:41:49,23300.0,300.0,37500.0
283,2021-10-11 02:41:31,23300.0,300.0,37200.0
284,2021-10-11 02:41:31,23300.0,300.0,36900.0
285,2021-10-11 02:41:31,23300.0,100.0,36600.0
286,2021-10-11 02:40:50,23300.0,400.0,36500.0
287,2021-10-11 02:40:50,23300.0,200.0,36100.0
288,2021-10-11 02:40:50,23300.0,400.0,35900.0
289,2021-10-11 02:40:50,23300.0,100.0,35500.0
290,2021-10-11 02:40:50,23300.0,200.0,35400.0
291,2021-10-11 02:40:50,23300.0,200.0,35200.0
292,2021-10-11 02:40:50,23300.0,300.0,35000.0
293,2021-10-11 02:38:21,23350.0,300.0,34700.0
294,2021-10-11 02:38:02,23350.0,100.0,34400.0
295,2021-10-11 02:35:14,23350.0,500.0,34300.0
296,2021-10-11 02:33:36,23350.0,1000.0,33800.0
297,2021-10-11 02:31:54,23350.0,1000.0,32800.0
298,2021-10-11 02:29:22,23300.0,500.0,31800.0
299,2021-10-11 02:28:58,23300.0,100.0,31300.0
300,2021-10-11 02:28:18,23300.0,200.0,31200.0
301,2021-10-11 02:28:00,23300.0,100.0,31000.0
302,2021-10-11 02:28:00,23300.0,4900.0,30900.0
303,2021-10-11 02:27:43,23300.0,100.0,26000.0
304,2021-10-11 02:27:43,23300.0,1200.0,25900.0
305,2021-10-11 02:25:50,23300.0,1800.0,24700.0
306,2021-10-11 02:25:50,23300.0,300.0,22900.0
307,2021-10-11 02:25:50,23300.0,1000.0,22600.0
308,2021-10-11 02:25:50,23300.0,100.0,21600.0
309,2021-10-11 02:25:50,23350.0,1000.0,21500.0
310,2021-10-11 02:23:40,23400.0,300.0,20500.0
311,2021-10-11 02:23:38,23350.0,500.0,20200.0
312,2021-10-11 02:23:38,23350.0,500.0,19700.0
313,2021-10-11 02:22:53,23350.0,200.0,19200.0
314,2021-10-11 02:22:25,23300.0,500.0,19000.0
315,2021-10-11 02:22:13,23300.0,100.0,18500.0
316,2021-10-11 02:21:45,23300.0,100.0,18400.0
317,2021-10-11 02:21:24,23300.0,100.0,18300.0
318,2021-10-11 02:21:23,23300.0,300.0,18200.0
319,2021-10-11 02:21:23,23300.0,5000.0,17900.0
320,2021-10-11 02:21:23,23300.0,500.0,12900.0
321,2021-10-11 02:21:23,23300.0,6000.0,12400.0
322,2021-10-11 02:21:11,23300.0,1000.0,6400.0
323,2021-10-11 02:19:53,23300.0,200.0,5400.0
324,2021-10-11 02:19:53,23300.0,500.0,5200.0
325,2021-10-11 02:19:53,23300.0,300.0,4700.0
326,2021-10-11 02:19:53,23300.0,300.0,4400.0
327,2021-10-11 02:18:34,23300.0,100.0,4100.0
328,2021-10-11 02:18:34,23300.0,100.0,4000.0
329,2021-10-11 02:18:11,23300.0,900.0,3900.0
330,2021-10-11 02:18:11,23300.0,100.0,3000.0
331,2021-10-11 02:17:31,23350.0,200.0,2900.0
332,2021-10-11 02:17:31,23350.0,500.0,2700.0
333,2021-10-11 02:16:46,23400.0,300.0,2200.0
334,2021-10-11 02:15:32,23400.0,200.0,1900.0
335,2021-10-11 02:15:26,23400.0,300.0,1700.0
336,2021-10-11 02:15:26,23400.0,200.0,1400.0
337,2021-10-11 02:15:00,23500.0,100.0,1200.0
338,2021-10-11 02:15:00,23500.0,100.0,1100.0
339,2021-10-11 02:15:00,23500.0,200.0,1000.0
340,2021-10-11 02:15:00,23500.0,300.0,800.0
341,2021-10-11 02:15:00,23500.0,200.0,500.0
342,2021-10-11 02:15:00,23500.0,100.0,300.0
343,2021-10-11 02:15:00,23500.0,100.0,200.0
344,2021-10-11 02:15:00,23500.0,100.0,100.0
