,Time,Price,Volume_per_trade,Volume
0,2021-10-01 14:45:03,21500.0,8000.0,352302.0
1,2021-10-01 14:29:37,21300.0,1700.0,344302.0
2,2021-10-01 14:29:21,21300.0,300.0,342602.0
3,2021-10-01 14:29:16,21300.0,400.0,342302.0
4,2021-10-01 14:28:37,21200.0,2700.0,341902.0
5,2021-10-01 14:28:10,21200.0,100.0,339202.0
6,2021-10-01 14:28:09,21200.0,1000.0,339102.0
7,2021-10-01 14:26:56,21200.0,100.0,338102.0
8,2021-10-01 14:26:43,21200.0,1500.0,338002.0
9,2021-10-01 14:24:34,21300.0,500.0,336502.0
10,2021-10-01 14:21:54,21300.0,4300.0,336002.0
11,2021-10-01 14:20:29,21500.0,400.0,331702.0
12,2021-10-01 14:17:13,21600.0,100.0,331302.0
13,2021-10-01 14:14:42,21600.0,1000.0,331202.0
14,2021-10-01 14:14:20,21600.0,300.0,330202.0
15,2021-10-01 14:13:41,21800.0,700.0,329902.0
16,2021-10-01 14:10:33,21800.0,500.0,329202.0
17,2021-10-01 14:06:07,21800.0,2000.0,328702.0
18,2021-10-01 14:03:57,21800.0,4000.0,326702.0
19,2021-10-01 14:03:29,21800.0,200.0,322702.0
20,2021-10-01 14:03:27,21800.0,500.0,322502.0
21,2021-10-01 14:03:07,21800.0,4100.0,322002.0
22,2021-10-01 14:02:24,21700.0,3900.0,317902.0
23,2021-10-01 14:01:48,21700.0,100.0,314002.0
24,2021-10-01 14:00:54,21700.0,1000.0,313902.0
25,2021-10-01 13:58:07,21400.0,300.0,312902.0
26,2021-10-01 13:55:58,21300.0,2000.0,312602.0
27,2021-10-01 13:50:37,21700.0,100.0,310602.0
28,2021-10-01 13:49:02,21300.0,1000.0,310502.0
29,2021-10-01 13:47:49,21800.0,300.0,309502.0
30,2021-10-01 13:44:47,21900.0,1500.0,309202.0
31,2021-10-01 13:43:44,21900.0,4000.0,307702.0
32,2021-10-01 13:42:05,21900.0,300.0,303702.0
33,2021-10-01 13:41:46,21900.0,4400.0,303402.0
34,2021-10-01 13:40:54,21800.0,800.0,299002.0
35,2021-10-01 13:38:28,21800.0,10000.0,298202.0
36,2021-10-01 13:37:58,21700.0,1500.0,288202.0
37,2021-10-01 13:37:46,21700.0,100.0,286702.0
38,2021-10-01 13:37:10,21700.0,200.0,286602.0
39,2021-10-01 13:36:34,21700.0,5000.0,286402.0
40,2021-10-01 13:35:09,21700.0,2000.0,281402.0
41,2021-10-01 13:34:00,21600.0,200.0,279402.0
42,2021-10-01 13:32:22,21600.0,500.0,279202.0
43,2021-10-01 13:32:19,21700.0,6.0,278702.0
44,2021-10-01 13:32:11,21700.0,2000.0,278696.0
45,2021-10-01 13:32:04,21700.0,500.0,276696.0
46,2021-10-01 13:31:46,21700.0,7800.0,276196.0
47,2021-10-01 13:31:22,21300.0,1000.0,268396.0
48,2021-10-01 13:31:19,21300.0,800.0,267396.0
49,2021-10-01 13:31:08,21300.0,1000.0,266596.0
50,2021-10-01 13:28:52,21200.0,2800.0,265596.0
51,2021-10-01 13:28:34,21100.0,100.0,262796.0
52,2021-10-01 13:28:33,21100.0,100.0,262696.0
53,2021-10-01 13:28:14,21100.0,400.0,262596.0
54,2021-10-01 13:28:11,21100.0,200.0,262196.0
55,2021-10-01 13:28:05,21100.0,200.0,261996.0
56,2021-10-01 13:28:01,21100.0,300.0,261796.0
57,2021-10-01 13:27:56,21100.0,100.0,261496.0
58,2021-10-01 13:27:32,21100.0,100.0,261396.0
59,2021-10-01 13:27:23,21100.0,1300.0,261296.0
60,2021-10-01 13:24:17,21000.0,500.0,259996.0
61,2021-10-01 13:22:34,20900.0,2.0,259496.0
62,2021-10-01 13:21:51,20900.0,3.0,259494.0
63,2021-10-01 13:19:40,20900.0,200.0,259491.0
64,2021-10-01 13:16:32,20900.0,200.0,259291.0
65,2021-10-01 13:16:03,20900.0,200.0,259091.0
66,2021-10-01 13:13:54,20900.0,100.0,258891.0
67,2021-10-01 13:13:47,20900.0,100.0,258791.0
68,2021-10-01 13:13:35,20900.0,500.0,258691.0
69,2021-10-01 13:12:37,20900.0,3900.0,258191.0
70,2021-10-01 13:07:42,20800.0,700.0,254291.0
71,2021-10-01 13:06:29,20800.0,100.0,253591.0
72,2021-10-01 13:05:43,20800.0,100.0,253491.0
73,2021-10-01 13:05:14,20800.0,4200.0,253391.0
74,2021-10-01 13:03:36,20800.0,200.0,249191.0
75,2021-10-01 13:03:33,20700.0,300.0,248991.0
76,2021-10-01 13:03:09,20800.0,1000.0,248691.0
77,2021-10-01 11:23:49,20700.0,5000.0,247691.0
78,2021-10-01 11:16:55,20700.0,1100.0,242691.0
79,2021-10-01 11:14:26,20700.0,1100.0,241591.0
80,2021-10-01 11:13:07,20700.0,1000.0,240491.0
81,2021-10-01 11:11:52,20700.0,100.0,239491.0
82,2021-10-01 11:08:48,20700.0,600.0,239391.0
83,2021-10-01 11:08:39,20700.0,300.0,238791.0
84,2021-10-01 11:08:38,20700.0,200.0,238491.0
85,2021-10-01 11:06:55,20700.0,100.0,238291.0
86,2021-10-01 11:03:26,20700.0,200.0,238191.0
87,2021-10-01 11:01:43,20700.0,900.0,237991.0
88,2021-10-01 11:00:56,20700.0,100.0,237091.0
89,2021-10-01 11:00:47,20700.0,3100.0,236991.0
90,2021-10-01 11:00:23,20700.0,100.0,233891.0
91,2021-10-01 10:59:41,20600.0,500.0,233791.0
92,2021-10-01 10:54:54,20600.0,1500.0,233291.0
93,2021-10-01 10:54:22,20600.0,1000.0,231791.0
94,2021-10-01 10:54:12,20600.0,100.0,230791.0
95,2021-10-01 10:53:46,20600.0,2000.0,230691.0
96,2021-10-01 10:53:07,20600.0,200.0,228691.0
97,2021-10-01 10:52:57,20600.0,4000.0,228491.0
98,2021-10-01 10:52:24,20700.0,200.0,224491.0
99,2021-10-01 10:51:42,20700.0,1800.0,224291.0
100,2021-10-01 10:51:23,20700.0,3000.0,222491.0
101,2021-10-01 10:50:42,20700.0,100.0,219491.0
102,2021-10-01 10:50:32,20700.0,500.0,219391.0
103,2021-10-01 10:50:23,20700.0,3000.0,218891.0
104,2021-10-01 10:47:12,20700.0,3000.0,215891.0
105,2021-10-01 10:45:23,20700.0,2000.0,212891.0
106,2021-10-01 10:38:21,20700.0,200.0,210891.0
107,2021-10-01 10:37:53,20700.0,39.0,210691.0
108,2021-10-01 10:37:52,20700.0,800.0,210652.0
109,2021-10-01 10:37:39,20700.0,1200.0,209852.0
110,2021-10-01 10:37:32,20700.0,100.0,208652.0
111,2021-10-01 10:36:51,20500.0,1000.0,208552.0
112,2021-10-01 10:36:47,20600.0,1100.0,207552.0
113,2021-10-01 10:36:43,20500.0,1000.0,206452.0
114,2021-10-01 10:36:42,20500.0,3000.0,205452.0
115,2021-10-01 10:36:25,20600.0,200.0,202452.0
116,2021-10-01 10:35:28,20600.0,1700.0,202252.0
117,2021-10-01 10:35:16,20700.0,500.0,200552.0
118,2021-10-01 10:35:00,20700.0,7100.0,200052.0
119,2021-10-01 10:34:35,20700.0,2900.0,192952.0
120,2021-10-01 10:34:03,20800.0,500.0,190052.0
121,2021-10-01 10:32:09,20900.0,100.0,189552.0
122,2021-10-01 10:27:05,20800.0,1500.0,189452.0
123,2021-10-01 10:26:29,20900.0,800.0,187952.0
124,2021-10-01 10:21:05,20900.0,100.0,187152.0
125,2021-10-01 10:20:46,20900.0,100.0,187052.0
126,2021-10-01 10:20:35,20900.0,1000.0,186952.0
127,2021-10-01 10:20:15,21000.0,900.0,185952.0
128,2021-10-01 10:14:46,21000.0,200.0,185052.0
129,2021-10-01 10:13:34,21000.0,100.0,184852.0
130,2021-10-01 10:12:28,21000.0,300.0,184752.0
131,2021-10-01 10:09:58,21000.0,2900.0,184452.0
132,2021-10-01 10:09:51,21000.0,100.0,181552.0
133,2021-10-01 10:08:53,21000.0,100.0,181452.0
134,2021-10-01 10:08:21,21000.0,300.0,181352.0
135,2021-10-01 10:07:49,20900.0,100.0,181052.0
136,2021-10-01 10:07:14,20900.0,900.0,180952.0
137,2021-10-01 10:02:59,20900.0,200.0,180052.0
138,2021-10-01 10:01:56,20800.0,200.0,179852.0
139,2021-10-01 10:01:40,20800.0,100.0,179652.0
140,2021-10-01 10:00:11,20800.0,600.0,179552.0
141,2021-10-01 10:00:10,20800.0,3100.0,178952.0
142,2021-10-01 09:59:55,20900.0,76.0,175852.0
143,2021-10-01 09:59:11,20900.0,200.0,175776.0
144,2021-10-01 09:59:08,20900.0,1600.0,175576.0
145,2021-10-01 09:59:01,21000.0,1.0,173976.0
146,2021-10-01 09:58:54,21000.0,400.0,173975.0
147,2021-10-01 09:58:39,21000.0,25.0,173575.0
148,2021-10-01 09:58:24,21000.0,100.0,173550.0
149,2021-10-01 09:58:23,21000.0,300.0,173450.0
150,2021-10-01 09:58:06,21000.0,500.0,173150.0
151,2021-10-01 09:57:50,21000.0,2000.0,172650.0
152,2021-10-01 09:57:42,21000.0,600.0,170650.0
153,2021-10-01 09:57:21,21100.0,100.0,170050.0
154,2021-10-01 09:57:20,21000.0,9000.0,169950.0
155,2021-10-01 09:56:17,21000.0,1500.0,160950.0
156,2021-10-01 09:55:45,21000.0,1000.0,159450.0
157,2021-10-01 09:54:38,21000.0,1000.0,158450.0
158,2021-10-01 09:54:36,21200.0,50.0,157450.0
159,2021-10-01 09:54:21,21200.0,400.0,157400.0
160,2021-10-01 09:54:15,21100.0,5000.0,157000.0
161,2021-10-01 09:53:22,21100.0,3000.0,152000.0
162,2021-10-01 09:52:18,21200.0,3500.0,149000.0
163,2021-10-01 09:51:56,21300.0,200.0,145500.0
164,2021-10-01 09:51:55,21200.0,5000.0,145300.0
165,2021-10-01 09:51:42,21200.0,2500.0,140300.0
166,2021-10-01 09:50:58,21200.0,2000.0,137800.0
167,2021-10-01 09:50:48,21300.0,500.0,135800.0
168,2021-10-01 09:49:42,21300.0,100.0,135300.0
169,2021-10-01 09:49:33,21300.0,100.0,135200.0
170,2021-10-01 09:49:15,21300.0,1800.0,135100.0
171,2021-10-01 09:49:08,21500.0,1000.0,133300.0
172,2021-10-01 09:47:31,21500.0,5000.0,132300.0
173,2021-10-01 09:47:13,21400.0,300.0,127300.0
174,2021-10-01 09:46:19,21400.0,200.0,127000.0
175,2021-10-01 09:46:08,21400.0,100.0,126800.0
176,2021-10-01 09:46:07,21400.0,3000.0,126700.0
177,2021-10-01 09:44:54,21400.0,500.0,123700.0
178,2021-10-01 09:44:48,21400.0,7900.0,123200.0
179,2021-10-01 09:44:02,21400.0,3100.0,115300.0
180,2021-10-01 09:43:55,21400.0,100.0,112200.0
181,2021-10-01 09:43:17,21400.0,700.0,112100.0
182,2021-10-01 09:41:39,21300.0,2000.0,111400.0
183,2021-10-01 09:41:02,21300.0,200.0,109400.0
184,2021-10-01 09:40:32,21300.0,700.0,109200.0
185,2021-10-01 09:38:44,21300.0,4000.0,108500.0
186,2021-10-01 09:38:34,21300.0,100.0,104500.0
187,2021-10-01 09:36:32,21300.0,300.0,104400.0
188,2021-10-01 09:35:21,21100.0,300.0,104100.0
189,2021-10-01 09:35:03,21100.0,1900.0,103800.0
190,2021-10-01 09:33:29,21100.0,4900.0,101900.0
191,2021-10-01 09:33:09,21300.0,100.0,97000.0
192,2021-10-01 09:31:13,21200.0,200.0,96900.0
193,2021-10-01 09:30:58,21300.0,100.0,96700.0
194,2021-10-01 09:30:55,21200.0,1500.0,96600.0
195,2021-10-01 09:28:38,21200.0,500.0,95100.0
196,2021-10-01 09:27:40,21300.0,100.0,94600.0
197,2021-10-01 09:27:25,21200.0,6000.0,94500.0
198,2021-10-01 09:26:30,21200.0,2900.0,88500.0
199,2021-10-01 09:26:00,21200.0,200.0,85600.0
200,2021-10-01 09:24:38,21200.0,700.0,85400.0
201,2021-10-01 09:24:11,21200.0,200.0,84700.0
202,2021-10-01 09:22:54,21200.0,8000.0,84500.0
203,2021-10-01 09:22:50,21100.0,1000.0,76500.0
204,2021-10-01 09:20:21,21100.0,2500.0,75500.0
205,2021-10-01 09:20:05,21100.0,1500.0,73000.0
206,2021-10-01 09:17:59,21300.0,3000.0,71500.0
207,2021-10-01 09:17:27,21100.0,400.0,68500.0
208,2021-10-01 09:16:56,21100.0,3000.0,68100.0
209,2021-10-01 09:16:20,21100.0,5000.0,65100.0
210,2021-10-01 09:16:12,21000.0,200.0,60100.0
211,2021-10-01 09:16:06,21000.0,400.0,59900.0
212,2021-10-01 09:15:53,21000.0,3000.0,59500.0
213,2021-10-01 09:15:49,21000.0,100.0,56500.0
214,2021-10-01 09:15:08,21000.0,1200.0,56400.0
215,2021-10-01 09:13:57,21300.0,100.0,55200.0
216,2021-10-01 09:13:03,21300.0,300.0,55100.0
217,2021-10-01 09:12:05,21300.0,400.0,54800.0
218,2021-10-01 09:11:26,21000.0,9000.0,54400.0
219,2021-10-01 09:11:17,21000.0,1400.0,45400.0
220,2021-10-01 09:09:35,21300.0,1200.0,44000.0
221,2021-10-01 09:09:16,21400.0,100.0,42800.0
222,2021-10-01 09:08:51,21300.0,1000.0,42700.0
223,2021-10-01 09:08:19,21500.0,2000.0,41700.0
224,2021-10-01 09:07:57,21500.0,1000.0,39700.0
225,2021-10-01 09:07:49,21200.0,1700.0,38700.0
226,2021-10-01 09:07:42,21200.0,200.0,37000.0
227,2021-10-01 09:07:38,21200.0,1200.0,36800.0
228,2021-10-01 09:07:23,21500.0,200.0,35600.0
229,2021-10-01 09:07:01,21500.0,200.0,35400.0
230,2021-10-01 09:06:46,21500.0,2000.0,35200.0
231,2021-10-01 09:06:30,21500.0,300.0,33200.0
232,2021-10-01 09:06:21,21500.0,100.0,32900.0
233,2021-10-01 09:06:18,21500.0,100.0,32800.0
234,2021-10-01 09:06:07,21500.0,300.0,32700.0
235,2021-10-01 09:05:38,21500.0,1000.0,32400.0
236,2021-10-01 09:05:24,21500.0,1200.0,31400.0
237,2021-10-01 09:03:55,21700.0,100.0,30200.0
238,2021-10-01 09:02:51,21700.0,900.0,30100.0
239,2021-10-01 09:02:36,21700.0,5000.0,29200.0
240,2021-10-01 09:02:02,21700.0,15100.0,24200.0
241,2021-10-01 09:01:15,21000.0,200.0,9100.0
242,2021-10-01 09:00:38,20700.0,400.0,8900.0
243,2021-10-01 09:00:37,20700.0,1600.0,8500.0
244,2021-10-01 09:00:27,20900.0,500.0,6900.0
245,2021-10-01 09:00:20,20900.0,200.0,6400.0
246,2021-10-01 09:00:11,20700.0,400.0,6200.0
247,2021-10-01 09:00:08,20700.0,600.0,5800.0
248,2021-10-01 09:00:06,20900.0,5200.0,5200.0
