,Time,Price,Volume_per_trade,Volume
0,2021-10-21 14:45:04,14800.0,8800.0,475616.0
1,2021-10-21 14:29:57,14800.0,1000.0,466816.0
2,2021-10-21 14:28:34,14800.0,3200.0,465816.0
3,2021-10-21 14:27:36,14800.0,1300.0,462616.0
4,2021-10-21 14:25:58,14800.0,1000.0,461316.0
5,2021-10-21 14:25:18,14800.0,1500.0,460316.0
6,2021-10-21 14:24:52,14700.0,2500.0,458816.0
7,2021-10-21 14:24:07,14700.0,200.0,456316.0
8,2021-10-21 14:23:46,14800.0,1000.0,456116.0
9,2021-10-21 14:22:53,14800.0,1200.0,455116.0
10,2021-10-21 14:22:38,14800.0,400.0,453916.0
11,2021-10-21 14:22:02,14800.0,300.0,453516.0
12,2021-10-21 14:21:59,14800.0,100.0,453216.0
13,2021-10-21 14:21:44,14800.0,1000.0,453116.0
14,2021-10-21 14:21:42,14800.0,100.0,452116.0
15,2021-10-21 14:21:31,14800.0,500.0,452016.0
16,2021-10-21 14:19:17,14800.0,100.0,451516.0
17,2021-10-21 14:19:11,14700.0,500.0,451416.0
18,2021-10-21 14:15:44,14700.0,2000.0,450916.0
19,2021-10-21 14:15:36,14700.0,5000.0,448916.0
20,2021-10-21 14:15:35,14800.0,100.0,443916.0
21,2021-10-21 14:14:41,14700.0,5500.0,443816.0
22,2021-10-21 14:14:33,14800.0,200.0,438316.0
23,2021-10-21 14:14:16,14800.0,1000.0,438116.0
24,2021-10-21 14:12:14,14800.0,100.0,437116.0
25,2021-10-21 14:12:10,14800.0,1000.0,437016.0
26,2021-10-21 14:11:32,14800.0,500.0,436016.0
27,2021-10-21 14:10:45,14800.0,300.0,435516.0
28,2021-10-21 14:10:28,14800.0,500.0,435216.0
29,2021-10-21 14:10:20,14800.0,500.0,434716.0
30,2021-10-21 14:09:51,14800.0,200.0,434216.0
31,2021-10-21 14:08:32,14800.0,500.0,434016.0
32,2021-10-21 14:07:45,14800.0,400.0,433516.0
33,2021-10-21 14:07:41,14800.0,100.0,433116.0
34,2021-10-21 14:07:10,14800.0,500.0,433016.0
35,2021-10-21 14:07:00,14800.0,1300.0,432516.0
36,2021-10-21 14:06:41,14800.0,100.0,431216.0
37,2021-10-21 14:06:09,14800.0,100.0,431116.0
38,2021-10-21 14:04:02,14800.0,500.0,431016.0
39,2021-10-21 14:03:09,14800.0,500.0,430516.0
40,2021-10-21 14:02:45,14700.0,500.0,430016.0
41,2021-10-21 14:01:05,14800.0,100.0,429516.0
42,2021-10-21 14:00:58,14700.0,4500.0,429416.0
43,2021-10-21 13:59:56,14600.0,2000.0,424916.0
44,2021-10-21 13:58:21,14600.0,100.0,422916.0
45,2021-10-21 13:58:18,14600.0,4.0,422816.0
46,2021-10-21 13:58:13,14600.0,300.0,422812.0
47,2021-10-21 13:57:57,14600.0,100.0,422512.0
48,2021-10-21 13:57:37,14600.0,1000.0,422412.0
49,2021-10-21 13:57:29,14600.0,300.0,421412.0
50,2021-10-21 13:57:10,14600.0,2000.0,421112.0
51,2021-10-21 13:56:42,14500.0,100.0,419112.0
52,2021-10-21 13:56:39,14600.0,600.0,419012.0
53,2021-10-21 13:56:32,14600.0,1000.0,418412.0
54,2021-10-21 13:56:23,14600.0,500.0,417412.0
55,2021-10-21 13:56:22,14600.0,100.0,416912.0
56,2021-10-21 13:56:01,14600.0,1000.0,416812.0
57,2021-10-21 13:55:58,14600.0,600.0,415812.0
58,2021-10-21 13:55:43,14600.0,200.0,415212.0
59,2021-10-21 13:55:07,14600.0,100.0,415012.0
60,2021-10-21 13:54:27,14600.0,3800.0,414912.0
61,2021-10-21 13:54:17,14600.0,1000.0,411112.0
62,2021-10-21 13:54:14,14600.0,1000.0,410112.0
63,2021-10-21 13:53:45,14600.0,2000.0,409112.0
64,2021-10-21 13:53:33,14700.0,100.0,407112.0
65,2021-10-21 13:52:51,14700.0,1000.0,407012.0
66,2021-10-21 13:52:22,14700.0,5800.0,406012.0
67,2021-10-21 13:52:16,14700.0,1200.0,400212.0
68,2021-10-21 13:51:19,14700.0,300.0,399012.0
69,2021-10-21 13:51:10,14700.0,200.0,398712.0
70,2021-10-21 13:50:38,14700.0,5000.0,398512.0
71,2021-10-21 13:49:55,14700.0,400.0,393512.0
72,2021-10-21 13:48:55,14700.0,99.0,393112.0
73,2021-10-21 13:48:29,14700.0,200.0,393013.0
74,2021-10-21 13:47:41,14700.0,2100.0,392813.0
75,2021-10-21 13:47:01,14700.0,7400.0,390713.0
76,2021-10-21 13:46:53,14700.0,100.0,383313.0
77,2021-10-21 13:46:37,14700.0,100.0,383213.0
78,2021-10-21 13:46:09,14700.0,500.0,383113.0
79,2021-10-21 13:46:01,14700.0,400.0,382613.0
80,2021-10-21 13:45:59,14700.0,800.0,382213.0
81,2021-10-21 13:45:47,14700.0,100.0,381413.0
82,2021-10-21 13:45:33,14700.0,200.0,381313.0
83,2021-10-21 13:44:59,14800.0,500.0,381113.0
84,2021-10-21 13:44:23,14800.0,14600.0,380613.0
85,2021-10-21 13:44:08,14800.0,1000.0,366013.0
86,2021-10-21 13:39:48,14900.0,200.0,365013.0
87,2021-10-21 13:39:16,14900.0,200.0,364813.0
88,2021-10-21 13:39:08,14900.0,500.0,364613.0
89,2021-10-21 13:38:50,14900.0,700.0,364113.0
90,2021-10-21 13:38:45,14900.0,200.0,363413.0
91,2021-10-21 13:38:27,14900.0,100.0,363213.0
92,2021-10-21 13:37:58,14900.0,2700.0,363113.0
93,2021-10-21 13:37:10,14900.0,500.0,360413.0
94,2021-10-21 13:35:33,14900.0,2000.0,359913.0
95,2021-10-21 13:35:31,14900.0,1000.0,357913.0
96,2021-10-21 13:34:37,14900.0,200.0,356913.0
97,2021-10-21 13:34:25,14900.0,50.0,356713.0
98,2021-10-21 13:33:39,14900.0,1400.0,356663.0
99,2021-10-21 13:33:08,15000.0,400.0,355263.0
100,2021-10-21 13:30:17,15000.0,400.0,354863.0
101,2021-10-21 13:28:04,15000.0,500.0,354463.0
102,2021-10-21 13:26:44,15000.0,100.0,353963.0
103,2021-10-21 13:26:36,15000.0,400.0,353863.0
104,2021-10-21 13:25:38,14900.0,900.0,353463.0
105,2021-10-21 13:25:21,14900.0,1200.0,352563.0
106,2021-10-21 13:23:56,14900.0,1000.0,351363.0
107,2021-10-21 13:23:37,14900.0,100.0,350363.0
108,2021-10-21 13:23:28,14900.0,500.0,350263.0
109,2021-10-21 13:23:26,14900.0,500.0,349763.0
110,2021-10-21 13:22:51,14900.0,1500.0,349263.0
111,2021-10-21 13:22:10,14800.0,2600.0,347763.0
112,2021-10-21 13:22:07,14800.0,4000.0,345163.0
113,2021-10-21 13:22:03,14800.0,5000.0,341163.0
114,2021-10-21 13:20:53,14900.0,100.0,336163.0
115,2021-10-21 13:20:51,14900.0,200.0,336063.0
116,2021-10-21 13:19:46,14900.0,2100.0,335863.0
117,2021-10-21 13:19:30,14900.0,1000.0,333763.0
118,2021-10-21 13:19:28,14900.0,2000.0,332763.0
119,2021-10-21 13:18:01,14900.0,1000.0,330763.0
120,2021-10-21 13:17:29,14900.0,500.0,329763.0
121,2021-10-21 13:17:26,15000.0,100.0,329263.0
122,2021-10-21 13:16:39,15000.0,100.0,329163.0
123,2021-10-21 13:16:20,15000.0,100.0,329063.0
124,2021-10-21 13:15:58,15000.0,100.0,328963.0
125,2021-10-21 13:15:45,15000.0,200.0,328863.0
126,2021-10-21 13:15:41,15000.0,100.0,328663.0
127,2021-10-21 13:15:38,15000.0,200.0,328563.0
128,2021-10-21 13:14:14,15000.0,1000.0,328363.0
129,2021-10-21 13:14:05,15000.0,100.0,327363.0
130,2021-10-21 13:12:49,15000.0,200.0,327263.0
131,2021-10-21 13:12:47,15000.0,5500.0,327063.0
132,2021-10-21 13:12:44,15000.0,13200.0,321563.0
133,2021-10-21 13:12:27,15000.0,1600.0,308363.0
134,2021-10-21 13:12:12,15000.0,400.0,306763.0
135,2021-10-21 13:11:33,15000.0,1300.0,306363.0
136,2021-10-21 13:11:04,15000.0,5500.0,305063.0
137,2021-10-21 13:11:00,15000.0,4000.0,299563.0
138,2021-10-21 13:10:43,15000.0,900.0,295563.0
139,2021-10-21 13:10:11,15000.0,1000.0,294663.0
140,2021-10-21 13:09:45,15000.0,1300.0,293663.0
141,2021-10-21 13:09:25,15000.0,8000.0,292363.0
142,2021-10-21 13:08:13,15000.0,1000.0,284363.0
143,2021-10-21 13:06:50,15000.0,800.0,283363.0
144,2021-10-21 13:06:04,15000.0,400.0,282563.0
145,2021-10-21 13:05:21,15100.0,100.0,282163.0
146,2021-10-21 13:03:22,15000.0,4000.0,282063.0
147,2021-10-21 13:01:04,15100.0,300.0,278063.0
148,2021-10-21 13:00:09,15100.0,200.0,277763.0
149,2021-10-21 13:00:04,15100.0,100.0,277563.0
150,2021-10-21 13:00:02,15100.0,3800.0,277463.0
151,2021-10-21 11:29:45,15100.0,500.0,273663.0
152,2021-10-21 11:29:41,15100.0,400.0,273163.0
153,2021-10-21 11:29:25,15000.0,200.0,272763.0
154,2021-10-21 11:29:06,15000.0,500.0,272563.0
155,2021-10-21 11:28:34,15000.0,1200.0,272063.0
156,2021-10-21 11:28:23,15000.0,200.0,270863.0
157,2021-10-21 11:28:18,15100.0,100.0,270663.0
158,2021-10-21 11:27:41,15100.0,300.0,270563.0
159,2021-10-21 11:27:33,15100.0,200.0,270263.0
160,2021-10-21 11:24:51,15100.0,2.0,270063.0
161,2021-10-21 11:24:38,15100.0,500.0,270061.0
162,2021-10-21 11:23:00,15100.0,200.0,269561.0
163,2021-10-21 11:20:36,15000.0,4000.0,269361.0
164,2021-10-21 11:20:18,15100.0,58.0,265361.0
165,2021-10-21 11:19:11,15100.0,100.0,265303.0
166,2021-10-21 11:17:23,15000.0,4200.0,265203.0
167,2021-10-21 11:16:27,15000.0,900.0,261003.0
168,2021-10-21 11:16:20,15100.0,500.0,260103.0
169,2021-10-21 11:12:34,15100.0,23.0,259603.0
170,2021-10-21 11:11:57,15100.0,2100.0,259580.0
171,2021-10-21 11:08:18,15100.0,400.0,257480.0
172,2021-10-21 11:04:09,15100.0,2500.0,257080.0
173,2021-10-21 11:03:40,15100.0,100.0,254580.0
174,2021-10-21 11:03:26,15100.0,12000.0,254480.0
175,2021-10-21 11:03:20,15100.0,100.0,242480.0
176,2021-10-21 11:02:29,15100.0,2000.0,242380.0
177,2021-10-21 11:02:10,15100.0,2000.0,240380.0
178,2021-10-21 11:02:09,15100.0,400.0,238380.0
179,2021-10-21 11:01:59,15100.0,300.0,237980.0
180,2021-10-21 11:01:14,15100.0,500.0,237680.0
181,2021-10-21 11:00:29,15100.0,600.0,237180.0
182,2021-10-21 11:00:18,15100.0,100.0,236580.0
183,2021-10-21 10:59:56,15200.0,100.0,236480.0
184,2021-10-21 10:59:15,15200.0,500.0,236380.0
185,2021-10-21 10:58:35,15200.0,300.0,235880.0
186,2021-10-21 10:58:10,15200.0,500.0,235580.0
187,2021-10-21 10:58:09,15200.0,1500.0,235080.0
188,2021-10-21 10:58:04,15200.0,500.0,233580.0
189,2021-10-21 10:57:53,15200.0,300.0,233080.0
190,2021-10-21 10:53:35,15200.0,100.0,232780.0
191,2021-10-21 10:53:28,15100.0,500.0,232680.0
192,2021-10-21 10:53:04,15100.0,200.0,232180.0
193,2021-10-21 10:51:36,15100.0,100.0,231980.0
194,2021-10-21 10:51:26,15100.0,200.0,231880.0
195,2021-10-21 10:50:54,15100.0,200.0,231680.0
196,2021-10-21 10:50:49,15100.0,500.0,231480.0
197,2021-10-21 10:50:33,15100.0,1000.0,230980.0
198,2021-10-21 10:46:25,15100.0,100.0,229980.0
199,2021-10-21 10:43:46,15100.0,100.0,229880.0
200,2021-10-21 10:43:45,15100.0,300.0,229780.0
201,2021-10-21 10:41:23,15100.0,200.0,229480.0
202,2021-10-21 10:40:35,15100.0,300.0,229280.0
203,2021-10-21 10:39:19,15100.0,400.0,228980.0
204,2021-10-21 10:38:26,15100.0,100.0,228580.0
205,2021-10-21 10:37:13,15100.0,500.0,228480.0
206,2021-10-21 10:35:49,15200.0,100.0,227980.0
207,2021-10-21 10:35:37,15100.0,200.0,227880.0
208,2021-10-21 10:35:02,15100.0,100.0,227680.0
209,2021-10-21 10:34:03,15100.0,100.0,227580.0
210,2021-10-21 10:29:21,15100.0,100.0,227480.0
211,2021-10-21 10:29:11,15100.0,500.0,227380.0
212,2021-10-21 10:28:27,15100.0,100.0,226880.0
213,2021-10-21 10:26:57,15200.0,500.0,226780.0
214,2021-10-21 10:26:04,15200.0,3000.0,226280.0
215,2021-10-21 10:23:44,15100.0,100.0,223280.0
216,2021-10-21 10:22:07,15100.0,700.0,223180.0
217,2021-10-21 10:20:48,15100.0,100.0,222480.0
218,2021-10-21 10:20:43,15100.0,100.0,222380.0
219,2021-10-21 10:20:04,15100.0,100.0,222280.0
220,2021-10-21 10:19:25,15100.0,200.0,222180.0
221,2021-10-21 10:19:20,15100.0,200.0,221980.0
222,2021-10-21 10:14:34,15000.0,400.0,221780.0
223,2021-10-21 10:13:25,15000.0,4600.0,221380.0
224,2021-10-21 10:13:14,15100.0,11000.0,216780.0
225,2021-10-21 10:13:06,15000.0,10000.0,205780.0
226,2021-10-21 10:11:34,15000.0,1900.0,195780.0
227,2021-10-21 10:11:25,15000.0,4900.0,193880.0
228,2021-10-21 10:11:08,15000.0,800.0,188980.0
229,2021-10-21 10:10:22,15000.0,400.0,188180.0
230,2021-10-21 10:10:05,15000.0,1000.0,187780.0
231,2021-10-21 10:09:53,15000.0,3000.0,186780.0
232,2021-10-21 10:09:14,15000.0,500.0,183780.0
233,2021-10-21 10:08:57,15000.0,300.0,183280.0
234,2021-10-21 10:08:33,15000.0,1500.0,182980.0
235,2021-10-21 10:08:28,15000.0,1500.0,181480.0
236,2021-10-21 10:08:00,15000.0,1000.0,179980.0
237,2021-10-21 10:06:25,15100.0,5500.0,178980.0
238,2021-10-21 10:05:41,15100.0,500.0,173480.0
239,2021-10-21 10:04:47,15100.0,1000.0,172980.0
240,2021-10-21 10:04:24,15100.0,500.0,171980.0
241,2021-10-21 10:04:20,15100.0,200.0,171480.0
242,2021-10-21 10:04:16,15100.0,100.0,171280.0
243,2021-10-21 10:02:59,15100.0,2000.0,171180.0
244,2021-10-21 10:02:08,15200.0,200.0,169180.0
245,2021-10-21 10:00:49,15200.0,100.0,168980.0
246,2021-10-21 10:00:35,15200.0,400.0,168880.0
247,2021-10-21 09:59:53,15200.0,200.0,168480.0
248,2021-10-21 09:59:29,15200.0,1000.0,168280.0
249,2021-10-21 09:58:42,15200.0,500.0,167280.0
250,2021-10-21 09:58:16,15200.0,5000.0,166780.0
251,2021-10-21 09:58:11,15100.0,100.0,161780.0
252,2021-10-21 09:57:44,15100.0,300.0,161680.0
253,2021-10-21 09:57:03,15100.0,1200.0,161380.0
254,2021-10-21 09:56:40,15200.0,100.0,160180.0
255,2021-10-21 09:56:06,15200.0,100.0,160080.0
256,2021-10-21 09:55:59,15200.0,200.0,159980.0
257,2021-10-21 09:55:51,15200.0,2200.0,159780.0
258,2021-10-21 09:55:32,15200.0,800.0,157580.0
259,2021-10-21 09:54:33,15200.0,500.0,156780.0
260,2021-10-21 09:53:44,15200.0,100.0,156280.0
261,2021-10-21 09:53:36,15200.0,1000.0,156180.0
262,2021-10-21 09:52:57,15200.0,500.0,155180.0
263,2021-10-21 09:52:19,15100.0,200.0,154680.0
264,2021-10-21 09:51:32,15200.0,30.0,154480.0
265,2021-10-21 09:51:22,15200.0,300.0,154450.0
266,2021-10-21 09:50:12,15100.0,300.0,154150.0
267,2021-10-21 09:49:54,15100.0,2000.0,153850.0
268,2021-10-21 09:49:43,15100.0,6600.0,151850.0
269,2021-10-21 09:49:05,15000.0,200.0,145250.0
270,2021-10-21 09:48:57,15000.0,2500.0,145050.0
271,2021-10-21 09:48:46,15100.0,5000.0,142550.0
272,2021-10-21 09:48:41,15100.0,1000.0,137550.0
273,2021-10-21 09:48:17,15000.0,100.0,136550.0
274,2021-10-21 09:47:54,15000.0,50.0,136450.0
275,2021-10-21 09:46:47,15000.0,1000.0,136400.0
276,2021-10-21 09:46:42,15000.0,200.0,135400.0
277,2021-10-21 09:45:40,15000.0,2700.0,135200.0
278,2021-10-21 09:45:25,15100.0,1000.0,132500.0
279,2021-10-21 09:45:15,15100.0,200.0,131500.0
280,2021-10-21 09:45:09,15000.0,1000.0,131300.0
281,2021-10-21 09:44:56,15100.0,600.0,130300.0
282,2021-10-21 09:44:52,15100.0,100.0,129700.0
283,2021-10-21 09:44:49,15100.0,1200.0,129600.0
284,2021-10-21 09:44:23,15100.0,400.0,128400.0
285,2021-10-21 09:44:20,15100.0,300.0,128000.0
286,2021-10-21 09:43:55,15100.0,600.0,127700.0
287,2021-10-21 09:43:33,15100.0,200.0,127100.0
288,2021-10-21 09:43:27,15100.0,3500.0,126900.0
289,2021-10-21 09:43:19,15100.0,100.0,123400.0
290,2021-10-21 09:43:07,15100.0,1000.0,123300.0
291,2021-10-21 09:41:39,15100.0,500.0,122300.0
292,2021-10-21 09:41:22,15100.0,700.0,121800.0
293,2021-10-21 09:40:33,15100.0,500.0,121100.0
294,2021-10-21 09:40:22,15000.0,600.0,120600.0
295,2021-10-21 09:40:18,15100.0,1000.0,120000.0
296,2021-10-21 09:39:37,15100.0,200.0,119000.0
297,2021-10-21 09:39:12,15000.0,500.0,118800.0
298,2021-10-21 09:39:01,15000.0,200.0,118300.0
299,2021-10-21 09:38:27,15000.0,100.0,118100.0
300,2021-10-21 09:38:16,15000.0,200.0,118000.0
301,2021-10-21 09:38:04,15100.0,800.0,117800.0
302,2021-10-21 09:38:01,15000.0,5000.0,117000.0
303,2021-10-21 09:37:46,15000.0,2000.0,112000.0
304,2021-10-21 09:36:27,15200.0,200.0,110000.0
305,2021-10-21 09:36:17,15200.0,200.0,109800.0
306,2021-10-21 09:36:13,15100.0,1100.0,109600.0
307,2021-10-21 09:36:12,15000.0,500.0,108500.0
308,2021-10-21 09:36:09,15100.0,11900.0,108000.0
309,2021-10-21 09:36:08,15100.0,400.0,96100.0
310,2021-10-21 09:35:38,15100.0,100.0,95700.0
311,2021-10-21 09:35:33,15100.0,100.0,95600.0
312,2021-10-21 09:35:08,15100.0,5300.0,95500.0
313,2021-10-21 09:35:03,15200.0,100.0,90200.0
314,2021-10-21 09:34:57,15200.0,1000.0,90100.0
315,2021-10-21 09:34:18,15200.0,200.0,89100.0
316,2021-10-21 09:33:55,15200.0,300.0,88900.0
317,2021-10-21 09:33:54,15200.0,100.0,88600.0
318,2021-10-21 09:33:36,15200.0,200.0,88500.0
319,2021-10-21 09:33:30,15200.0,500.0,88300.0
320,2021-10-21 09:33:24,15200.0,500.0,87800.0
321,2021-10-21 09:33:14,15200.0,500.0,87300.0
322,2021-10-21 09:32:07,15200.0,600.0,86800.0
323,2021-10-21 09:32:06,15100.0,300.0,86200.0
324,2021-10-21 09:32:05,15200.0,100.0,85900.0
325,2021-10-21 09:32:04,15200.0,100.0,85800.0
326,2021-10-21 09:31:41,15200.0,9800.0,85700.0
327,2021-10-21 09:31:36,15300.0,300.0,75900.0
328,2021-10-21 09:31:24,15300.0,100.0,75600.0
329,2021-10-21 09:31:14,15300.0,300.0,75500.0
330,2021-10-21 09:31:09,15300.0,900.0,75200.0
331,2021-10-21 09:30:38,15300.0,300.0,74300.0
332,2021-10-21 09:30:37,15300.0,1200.0,74000.0
333,2021-10-21 09:30:35,15300.0,300.0,72800.0
334,2021-10-21 09:30:30,15300.0,100.0,72500.0
335,2021-10-21 09:30:25,15300.0,1000.0,72400.0
336,2021-10-21 09:30:04,15300.0,1000.0,71400.0
337,2021-10-21 09:29:53,15300.0,300.0,70400.0
338,2021-10-21 09:29:46,15300.0,1000.0,70100.0
339,2021-10-21 09:29:45,15300.0,100.0,69100.0
340,2021-10-21 09:29:36,15300.0,1000.0,69000.0
341,2021-10-21 09:29:17,15300.0,2000.0,68000.0
342,2021-10-21 09:28:59,15300.0,5800.0,66000.0
343,2021-10-21 09:28:41,15300.0,1200.0,60200.0
344,2021-10-21 09:28:32,15300.0,100.0,59000.0
345,2021-10-21 09:28:21,15400.0,300.0,58900.0
346,2021-10-21 09:27:42,15400.0,100.0,58600.0
347,2021-10-21 09:27:34,15400.0,500.0,58500.0
348,2021-10-21 09:27:17,15300.0,500.0,58000.0
349,2021-10-21 09:27:07,15400.0,600.0,57500.0
350,2021-10-21 09:27:00,15400.0,300.0,56900.0
351,2021-10-21 09:26:53,15300.0,1100.0,56600.0
352,2021-10-21 09:26:22,15400.0,4300.0,55500.0
353,2021-10-21 09:26:16,15400.0,1000.0,51200.0
354,2021-10-21 09:26:12,15400.0,100.0,50200.0
355,2021-10-21 09:26:09,15400.0,1000.0,50100.0
356,2021-10-21 09:25:56,15400.0,100.0,49100.0
357,2021-10-21 09:25:18,15400.0,200.0,49000.0
358,2021-10-21 09:25:08,15400.0,1000.0,48800.0
359,2021-10-21 09:24:59,15400.0,1900.0,47800.0
360,2021-10-21 09:24:42,15400.0,500.0,45900.0
361,2021-10-21 09:24:30,15400.0,500.0,45400.0
362,2021-10-21 09:24:15,15400.0,500.0,44900.0
363,2021-10-21 09:23:52,15300.0,1600.0,44400.0
364,2021-10-21 09:23:49,15300.0,500.0,42800.0
365,2021-10-21 09:23:46,15300.0,1200.0,42300.0
366,2021-10-21 09:23:43,15300.0,100.0,41100.0
367,2021-10-21 09:23:32,15400.0,1000.0,41000.0
368,2021-10-21 09:23:17,15300.0,2000.0,40000.0
369,2021-10-21 09:23:14,15300.0,200.0,38000.0
370,2021-10-21 09:23:05,15500.0,500.0,37800.0
371,2021-10-21 09:22:38,15500.0,2600.0,37300.0
372,2021-10-21 09:22:17,15600.0,300.0,34700.0
373,2021-10-21 09:22:06,15600.0,500.0,34400.0
374,2021-10-21 09:21:58,15600.0,2100.0,33900.0
375,2021-10-21 09:21:51,15600.0,100.0,31800.0
376,2021-10-21 09:21:50,15600.0,1500.0,31700.0
377,2021-10-21 09:21:45,15600.0,2000.0,30200.0
378,2021-10-21 09:21:42,15600.0,200.0,28200.0
379,2021-10-21 09:21:27,15600.0,9000.0,28000.0
380,2021-10-21 09:21:22,15600.0,1000.0,19000.0
381,2021-10-21 09:21:00,15700.0,300.0,18000.0
382,2021-10-21 09:20:38,15700.0,100.0,17700.0
383,2021-10-21 09:20:36,15700.0,100.0,17600.0
384,2021-10-21 09:20:31,15700.0,200.0,17500.0
385,2021-10-21 09:19:45,15700.0,2400.0,17300.0
386,2021-10-21 09:19:37,15800.0,100.0,14900.0
387,2021-10-21 09:17:13,15800.0,500.0,14800.0
388,2021-10-21 09:16:44,15800.0,3600.0,14300.0
389,2021-10-21 09:15:59,15900.0,2000.0,10700.0
390,2021-10-21 09:15:06,15900.0,200.0,8700.0
391,2021-10-21 09:14:26,15900.0,2000.0,8500.0
392,2021-10-21 09:08:51,16000.0,2000.0,6500.0
393,2021-10-21 09:08:27,15800.0,200.0,4500.0
394,2021-10-21 09:05:52,16000.0,200.0,4300.0
395,2021-10-21 09:05:35,16000.0,1900.0,4100.0
396,2021-10-21 09:05:10,16000.0,200.0,2200.0
397,2021-10-21 09:03:39,16100.0,400.0,2000.0
398,2021-10-21 09:03:07,16100.0,800.0,1600.0
399,2021-10-21 09:03:03,16100.0,100.0,800.0
400,2021-10-21 09:02:18,16100.0,200.0,700.0
401,2021-10-21 09:01:59,16100.0,300.0,500.0
402,2021-10-21 09:01:53,16100.0,100.0,200.0
403,2021-10-21 09:01:20,16100.0,100.0,100.0
