,Time,Price,Volume_per_trade,Volume
0,2021-10-01 14:48:35,18700.0,200.0,465215.0
1,2021-10-01 14:45:03,18700.0,13800.0,465015.0
2,2021-10-01 14:27:55,18700.0,100.0,451215.0
3,2021-10-01 14:25:52,18700.0,2800.0,451115.0
4,2021-10-01 14:25:38,18700.0,1500.0,448315.0
5,2021-10-01 14:25:25,18700.0,100.0,446815.0
6,2021-10-01 14:25:00,18700.0,100.0,446715.0
7,2021-10-01 14:24:52,18700.0,500.0,446615.0
8,2021-10-01 14:24:35,18700.0,1400.0,446115.0
9,2021-10-01 14:24:26,18600.0,5000.0,444715.0
10,2021-10-01 14:22:09,18600.0,1500.0,439715.0
11,2021-10-01 14:20:29,18600.0,1000.0,438215.0
12,2021-10-01 14:20:16,18600.0,2000.0,437215.0
13,2021-10-01 14:19:55,18700.0,1000.0,435215.0
14,2021-10-01 14:19:54,18700.0,2600.0,434215.0
15,2021-10-01 14:19:40,18800.0,5000.0,431615.0
16,2021-10-01 14:19:13,18900.0,100.0,426615.0
17,2021-10-01 14:18:31,18900.0,1000.0,426515.0
18,2021-10-01 14:17:52,18900.0,1000.0,425515.0
19,2021-10-01 14:17:38,19000.0,200.0,424515.0
20,2021-10-01 14:16:49,19000.0,200.0,424315.0
21,2021-10-01 14:16:48,19000.0,400.0,424115.0
22,2021-10-01 14:16:46,19000.0,100.0,423715.0
23,2021-10-01 14:16:37,19000.0,600.0,423615.0
24,2021-10-01 14:15:57,19000.0,400.0,423015.0
25,2021-10-01 14:15:42,19000.0,1600.0,422615.0
26,2021-10-01 14:15:04,19000.0,100.0,421015.0
27,2021-10-01 14:12:13,19000.0,2000.0,420915.0
28,2021-10-01 14:10:31,19000.0,2600.0,418915.0
29,2021-10-01 14:09:05,19000.0,100.0,416315.0
30,2021-10-01 14:08:57,19000.0,3400.0,416215.0
31,2021-10-01 14:08:29,19000.0,500.0,412815.0
32,2021-10-01 14:08:22,19000.0,1000.0,412315.0
33,2021-10-01 14:07:43,19000.0,600.0,411315.0
34,2021-10-01 14:05:33,19000.0,700.0,410715.0
35,2021-10-01 14:05:04,19000.0,4400.0,410015.0
36,2021-10-01 14:04:26,18900.0,1000.0,405615.0
37,2021-10-01 14:02:53,18900.0,200.0,404615.0
38,2021-10-01 14:02:23,18900.0,100.0,404415.0
39,2021-10-01 13:59:45,19000.0,2000.0,404315.0
40,2021-10-01 13:59:16,19000.0,10000.0,402315.0
41,2021-10-01 13:58:21,19000.0,3300.0,392315.0
42,2021-10-01 13:57:42,19000.0,1000.0,389015.0
43,2021-10-01 13:57:05,19000.0,500.0,388015.0
44,2021-10-01 13:56:33,19000.0,10000.0,387515.0
45,2021-10-01 13:53:46,19100.0,25000.0,377515.0
46,2021-10-01 13:52:07,19000.0,100.0,352515.0
47,2021-10-01 13:51:20,19100.0,1000.0,352415.0
48,2021-10-01 13:50:33,19100.0,1000.0,351415.0
49,2021-10-01 13:48:22,19100.0,1100.0,350415.0
50,2021-10-01 13:47:41,19100.0,1600.0,349315.0
51,2021-10-01 13:45:49,19100.0,1300.0,347715.0
52,2021-10-01 13:45:40,19000.0,100.0,346415.0
53,2021-10-01 13:45:26,19000.0,200.0,346315.0
54,2021-10-01 13:45:02,19000.0,700.0,346115.0
55,2021-10-01 13:44:30,19000.0,4900.0,345415.0
56,2021-10-01 13:43:54,18900.0,300.0,340515.0
57,2021-10-01 13:43:47,18900.0,20000.0,340215.0
58,2021-10-01 13:43:11,18900.0,900.0,320215.0
59,2021-10-01 13:42:33,18700.0,400.0,319315.0
60,2021-10-01 13:40:44,18600.0,100.0,318915.0
61,2021-10-01 13:40:09,18600.0,5000.0,318815.0
62,2021-10-01 13:39:47,18800.0,100.0,313815.0
63,2021-10-01 13:39:45,18800.0,700.0,313715.0
64,2021-10-01 13:38:51,18800.0,100.0,313015.0
65,2021-10-01 13:37:08,18800.0,3800.0,312915.0
66,2021-10-01 13:34:57,18700.0,100.0,309115.0
67,2021-10-01 13:32:29,18800.0,900.0,309015.0
68,2021-10-01 13:31:58,18800.0,1900.0,308115.0
69,2021-10-01 13:29:01,18800.0,200.0,306215.0
70,2021-10-01 13:28:48,18800.0,2000.0,306015.0
71,2021-10-01 13:26:52,18800.0,700.0,304015.0
72,2021-10-01 13:26:49,18800.0,100.0,303315.0
73,2021-10-01 13:24:12,18800.0,200.0,303215.0
74,2021-10-01 13:23:59,18800.0,600.0,303015.0
75,2021-10-01 13:23:54,18700.0,1000.0,302415.0
76,2021-10-01 13:22:59,18800.0,5100.0,301415.0
77,2021-10-01 13:21:06,18800.0,2700.0,296315.0
78,2021-10-01 13:20:53,18700.0,1600.0,293615.0
79,2021-10-01 13:18:32,18700.0,200.0,292015.0
80,2021-10-01 13:16:42,18700.0,2200.0,291815.0
81,2021-10-01 13:14:42,18600.0,1000.0,289615.0
82,2021-10-01 13:06:32,18600.0,100.0,288615.0
83,2021-10-01 13:05:47,18600.0,3500.0,288515.0
84,2021-10-01 13:05:41,18600.0,1000.0,285015.0
85,2021-10-01 13:05:02,18600.0,2000.0,284015.0
86,2021-10-01 13:03:46,18600.0,1200.0,282015.0
87,2021-10-01 13:03:20,18800.0,100.0,280815.0
88,2021-10-01 13:03:19,18700.0,100.0,280715.0
89,2021-10-01 13:00:10,18800.0,3500.0,280615.0
90,2021-10-01 13:00:01,18700.0,300.0,277115.0
91,2021-10-01 11:28:53,18700.0,200.0,276815.0
92,2021-10-01 11:27:47,18600.0,400.0,276615.0
93,2021-10-01 11:27:16,18600.0,3000.0,276215.0
94,2021-10-01 11:25:34,18700.0,3100.0,273215.0
95,2021-10-01 11:24:14,18700.0,3200.0,270115.0
96,2021-10-01 11:23:26,18700.0,1500.0,266915.0
97,2021-10-01 11:22:08,18700.0,9000.0,265415.0
98,2021-10-01 11:20:43,18800.0,100.0,256415.0
99,2021-10-01 11:19:14,18800.0,1600.0,256315.0
100,2021-10-01 11:18:32,18800.0,1700.0,254715.0
101,2021-10-01 11:14:24,18800.0,300.0,253015.0
102,2021-10-01 11:11:45,18800.0,500.0,252715.0
103,2021-10-01 11:09:28,18800.0,2000.0,252215.0
104,2021-10-01 11:08:21,18800.0,900.0,250215.0
105,2021-10-01 11:08:17,18800.0,500.0,249315.0
106,2021-10-01 11:06:56,18800.0,500.0,248815.0
107,2021-10-01 11:01:34,18700.0,1500.0,248315.0
108,2021-10-01 11:00:50,18700.0,100.0,246815.0
109,2021-10-01 11:00:02,18800.0,1200.0,246715.0
110,2021-10-01 10:59:23,18800.0,200.0,245515.0
111,2021-10-01 10:59:20,18700.0,400.0,245315.0
112,2021-10-01 10:58:56,18700.0,100.0,244915.0
113,2021-10-01 10:58:54,18700.0,700.0,244815.0
114,2021-10-01 10:58:44,18700.0,3600.0,244115.0
115,2021-10-01 10:54:50,18700.0,600.0,240515.0
116,2021-10-01 10:53:57,18700.0,2700.0,239915.0
117,2021-10-01 10:52:51,18700.0,100.0,237215.0
118,2021-10-01 10:52:06,18800.0,1500.0,237115.0
119,2021-10-01 10:51:08,18800.0,100.0,235615.0
120,2021-10-01 10:48:59,18800.0,600.0,235515.0
121,2021-10-01 10:47:59,18800.0,1000.0,234915.0
122,2021-10-01 10:45:51,18800.0,7800.0,233915.0
123,2021-10-01 10:43:13,18800.0,100.0,226115.0
124,2021-10-01 10:38:46,18700.0,100.0,226015.0
125,2021-10-01 10:38:08,18800.0,15500.0,225915.0
126,2021-10-01 10:37:53,18800.0,1000.0,210415.0
127,2021-10-01 10:29:21,18800.0,500.0,209415.0
128,2021-10-01 10:28:46,18800.0,3500.0,208915.0
129,2021-10-01 10:28:27,18700.0,100.0,205415.0
130,2021-10-01 10:27:29,18700.0,2000.0,205315.0
131,2021-10-01 10:27:28,18800.0,800.0,203315.0
132,2021-10-01 10:26:31,18700.0,900.0,202515.0
133,2021-10-01 10:24:20,18700.0,700.0,201615.0
134,2021-10-01 10:23:35,18800.0,200.0,200915.0
135,2021-10-01 10:22:33,18800.0,500.0,200715.0
136,2021-10-01 10:19:04,18800.0,200.0,200215.0
137,2021-10-01 10:18:57,18800.0,1200.0,200015.0
138,2021-10-01 10:17:22,18800.0,3400.0,198815.0
139,2021-10-01 10:17:20,18800.0,500.0,195415.0
140,2021-10-01 10:15:35,18800.0,300.0,194915.0
141,2021-10-01 10:13:54,18900.0,200.0,194615.0
142,2021-10-01 10:13:40,18900.0,200.0,194415.0
143,2021-10-01 10:12:32,18900.0,1500.0,194215.0
144,2021-10-01 10:12:28,18900.0,100.0,192715.0
145,2021-10-01 10:11:42,18900.0,3000.0,192615.0
146,2021-10-01 10:11:16,19000.0,100.0,189615.0
147,2021-10-01 10:11:01,19000.0,300.0,189515.0
148,2021-10-01 10:10:57,19000.0,900.0,189215.0
149,2021-10-01 10:10:23,19000.0,5100.0,188315.0
150,2021-10-01 10:09:16,19100.0,1500.0,183215.0
151,2021-10-01 10:09:07,19000.0,500.0,181715.0
152,2021-10-01 10:08:13,19000.0,100.0,181215.0
153,2021-10-01 10:08:03,19100.0,300.0,181115.0
154,2021-10-01 10:07:54,19000.0,1300.0,180815.0
155,2021-10-01 10:07:39,19000.0,200.0,179515.0
156,2021-10-01 10:05:53,19200.0,700.0,179315.0
157,2021-10-01 10:05:29,19200.0,100.0,178615.0
158,2021-10-01 10:05:05,19200.0,3000.0,178515.0
159,2021-10-01 10:04:15,19100.0,3600.0,175515.0
160,2021-10-01 10:03:50,19200.0,500.0,171915.0
161,2021-10-01 10:03:12,19200.0,300.0,171415.0
162,2021-10-01 10:03:01,19200.0,100.0,171115.0
163,2021-10-01 10:02:45,19200.0,200.0,171015.0
164,2021-10-01 10:02:40,19200.0,500.0,170815.0
165,2021-10-01 10:02:20,19200.0,500.0,170315.0
166,2021-10-01 10:01:59,19200.0,1300.0,169815.0
167,2021-10-01 10:01:25,19200.0,500.0,168515.0
168,2021-10-01 10:00:26,19300.0,100.0,168015.0
169,2021-10-01 10:00:02,19100.0,7000.0,167915.0
170,2021-10-01 09:59:44,19200.0,100.0,160915.0
171,2021-10-01 09:58:48,19100.0,1200.0,160815.0
172,2021-10-01 09:58:23,19100.0,400.0,159615.0
173,2021-10-01 09:58:21,19100.0,900.0,159215.0
174,2021-10-01 09:58:13,19100.0,800.0,158315.0
175,2021-10-01 09:58:00,19100.0,1300.0,157515.0
176,2021-10-01 09:57:46,19000.0,200.0,156215.0
177,2021-10-01 09:57:44,19000.0,2700.0,156015.0
178,2021-10-01 09:57:32,19000.0,1000.0,153315.0
179,2021-10-01 09:57:28,19000.0,500.0,152315.0
180,2021-10-01 09:57:25,19000.0,1100.0,151815.0
181,2021-10-01 09:57:10,19000.0,8900.0,150715.0
182,2021-10-01 09:56:27,18900.0,1000.0,141815.0
183,2021-10-01 09:55:51,18900.0,600.0,140815.0
184,2021-10-01 09:55:39,18900.0,500.0,140215.0
185,2021-10-01 09:54:44,18800.0,3000.0,139715.0
186,2021-10-01 09:54:13,18900.0,1100.0,136715.0
187,2021-10-01 09:53:55,18900.0,100.0,135615.0
188,2021-10-01 09:53:40,18900.0,1000.0,135515.0
189,2021-10-01 09:53:39,18900.0,100.0,134515.0
190,2021-10-01 09:53:37,18900.0,200.0,134415.0
191,2021-10-01 09:53:21,18900.0,700.0,134215.0
192,2021-10-01 09:53:01,19000.0,5000.0,133515.0
193,2021-10-01 09:52:59,19000.0,700.0,128515.0
194,2021-10-01 09:52:54,19000.0,5000.0,127815.0
195,2021-10-01 09:52:26,19000.0,200.0,122815.0
196,2021-10-01 09:52:08,19000.0,500.0,122615.0
197,2021-10-01 09:51:56,19000.0,400.0,122115.0
198,2021-10-01 09:51:44,19000.0,800.0,121715.0
199,2021-10-01 09:51:11,19000.0,300.0,120915.0
200,2021-10-01 09:51:10,19000.0,4000.0,120615.0
201,2021-10-01 09:51:00,19000.0,5000.0,116615.0
202,2021-10-01 09:50:55,19000.0,400.0,111615.0
203,2021-10-01 09:50:52,19000.0,400.0,111215.0
204,2021-10-01 09:50:42,18900.0,2500.0,110815.0
205,2021-10-01 09:50:40,18900.0,100.0,108315.0
206,2021-10-01 09:50:32,18800.0,10.0,108215.0
207,2021-10-01 09:50:28,18800.0,100.0,108205.0
208,2021-10-01 09:50:26,18800.0,200.0,108105.0
209,2021-10-01 09:50:20,18800.0,1000.0,107905.0
210,2021-10-01 09:50:19,18800.0,500.0,106905.0
211,2021-10-01 09:50:18,18800.0,300.0,106405.0
212,2021-10-01 09:50:16,18800.0,200.0,106105.0
213,2021-10-01 09:49:55,18700.0,42.0,105905.0
214,2021-10-01 09:49:45,18700.0,3000.0,105863.0
215,2021-10-01 09:49:42,18700.0,2663.0,102863.0
216,2021-10-01 09:49:08,18700.0,15000.0,100200.0
217,2021-10-01 09:48:27,18700.0,200.0,85200.0
218,2021-10-01 09:48:10,18700.0,2000.0,85000.0
219,2021-10-01 09:47:51,18700.0,300.0,83000.0
220,2021-10-01 09:47:43,18600.0,1000.0,82700.0
221,2021-10-01 09:47:06,18700.0,600.0,81700.0
222,2021-10-01 09:46:49,18700.0,100.0,81100.0
223,2021-10-01 09:46:37,18600.0,100.0,81000.0
224,2021-10-01 09:46:28,18600.0,100.0,80900.0
225,2021-10-01 09:44:00,18600.0,200.0,80800.0
226,2021-10-01 09:43:06,18600.0,500.0,80600.0
227,2021-10-01 09:42:16,18600.0,200.0,80100.0
228,2021-10-01 09:41:11,18600.0,2300.0,79900.0
229,2021-10-01 09:40:43,18700.0,100.0,77600.0
230,2021-10-01 09:39:28,18700.0,300.0,77500.0
231,2021-10-01 09:38:42,18700.0,500.0,77200.0
232,2021-10-01 09:38:22,18700.0,200.0,76700.0
233,2021-10-01 09:35:27,18700.0,800.0,76500.0
234,2021-10-01 09:34:30,18700.0,200.0,75700.0
235,2021-10-01 09:34:21,18700.0,1700.0,75500.0
236,2021-10-01 09:31:30,18600.0,300.0,73800.0
237,2021-10-01 09:31:10,18600.0,2500.0,73500.0
238,2021-10-01 09:30:59,18600.0,700.0,71000.0
239,2021-10-01 09:30:41,18600.0,300.0,70300.0
240,2021-10-01 09:30:32,18600.0,2500.0,70000.0
241,2021-10-01 09:30:25,18600.0,1200.0,67500.0
242,2021-10-01 09:30:23,18600.0,1000.0,66300.0
243,2021-10-01 09:30:21,18600.0,3000.0,65300.0
244,2021-10-01 09:29:57,18500.0,200.0,62300.0
245,2021-10-01 09:29:38,18500.0,1500.0,62100.0
246,2021-10-01 09:29:11,18600.0,100.0,60600.0
247,2021-10-01 09:28:20,18600.0,100.0,60500.0
248,2021-10-01 09:28:08,18600.0,2000.0,60400.0
249,2021-10-01 09:27:54,18600.0,800.0,58400.0
250,2021-10-01 09:27:37,18500.0,200.0,57600.0
251,2021-10-01 09:27:02,18600.0,300.0,57400.0
252,2021-10-01 09:25:32,18600.0,6000.0,57100.0
253,2021-10-01 09:24:50,18600.0,100.0,51100.0
254,2021-10-01 09:23:26,18600.0,1500.0,51000.0
255,2021-10-01 09:23:06,18600.0,2000.0,49500.0
256,2021-10-01 09:22:53,18600.0,800.0,47500.0
257,2021-10-01 09:22:38,18600.0,1000.0,46700.0
258,2021-10-01 09:22:27,18600.0,1700.0,45700.0
259,2021-10-01 09:22:10,18700.0,200.0,44000.0
260,2021-10-01 09:21:58,18600.0,4000.0,43800.0
261,2021-10-01 09:21:53,18600.0,1000.0,39800.0
262,2021-10-01 09:21:25,18600.0,1000.0,38800.0
263,2021-10-01 09:21:21,18600.0,3000.0,37800.0
264,2021-10-01 09:21:10,18600.0,1000.0,34800.0
265,2021-10-01 09:21:08,18600.0,100.0,33800.0
266,2021-10-01 09:21:00,18600.0,1000.0,33700.0
267,2021-10-01 09:20:28,18600.0,500.0,32700.0
268,2021-10-01 09:20:21,18600.0,700.0,32200.0
269,2021-10-01 09:20:18,18600.0,200.0,31500.0
270,2021-10-01 09:20:02,18600.0,100.0,31300.0
271,2021-10-01 09:19:55,18600.0,800.0,31200.0
272,2021-10-01 09:19:50,18600.0,100.0,30400.0
273,2021-10-01 09:19:47,18600.0,5000.0,30300.0
274,2021-10-01 09:19:12,18600.0,200.0,25300.0
275,2021-10-01 09:18:33,18600.0,300.0,25100.0
276,2021-10-01 09:18:21,18600.0,100.0,24800.0
277,2021-10-01 09:18:20,18600.0,600.0,24700.0
278,2021-10-01 09:17:11,18600.0,500.0,24100.0
279,2021-10-01 09:17:08,18600.0,500.0,23600.0
280,2021-10-01 09:17:00,18600.0,500.0,23100.0
281,2021-10-01 09:16:29,18600.0,4000.0,22600.0
282,2021-10-01 09:15:57,18600.0,100.0,18600.0
283,2021-10-01 09:13:51,18600.0,2000.0,18500.0
284,2021-10-01 09:13:49,18600.0,1000.0,16500.0
285,2021-10-01 09:13:22,18600.0,100.0,15500.0
286,2021-10-01 09:12:48,18700.0,500.0,15400.0
287,2021-10-01 09:12:34,18600.0,200.0,14900.0
288,2021-10-01 09:12:25,18600.0,1400.0,14700.0
289,2021-10-01 09:10:56,18600.0,1100.0,13300.0
290,2021-10-01 09:10:20,18600.0,1000.0,12200.0
291,2021-10-01 09:10:18,18600.0,500.0,11200.0
292,2021-10-01 09:10:04,18600.0,100.0,10700.0
293,2021-10-01 09:09:32,18600.0,1600.0,10600.0
294,2021-10-01 09:09:31,18600.0,2300.0,9000.0
295,2021-10-01 09:09:08,18700.0,1200.0,6700.0
296,2021-10-01 09:08:41,18700.0,200.0,5500.0
297,2021-10-01 09:07:23,18600.0,200.0,5300.0
298,2021-10-01 09:07:16,18600.0,2000.0,5100.0
299,2021-10-01 09:07:14,18600.0,200.0,3100.0
300,2021-10-01 09:05:25,18600.0,100.0,2900.0
301,2021-10-01 09:04:07,18600.0,200.0,2800.0
302,2021-10-01 09:03:46,18600.0,1000.0,2600.0
303,2021-10-01 09:01:57,18700.0,500.0,1600.0
304,2021-10-01 09:01:46,18700.0,300.0,1100.0
305,2021-10-01 09:00:44,18600.0,800.0,800.0
