,Time,Price,Volume_per_trade,Volume
0,2021-10-06 07:45:00,58000.0,200.0,620800.0
1,2021-10-06 07:45:00,58000.0,200.0,620600.0
2,2021-10-06 07:45:00,58000.0,400.0,620400.0
3,2021-10-06 07:45:00,58000.0,1500.0,620000.0
4,2021-10-06 07:45:00,58000.0,1100.0,618500.0
5,2021-10-06 07:45:00,58000.0,400.0,617400.0
6,2021-10-06 07:45:00,58000.0,500.0,617000.0
7,2021-10-06 07:45:00,58000.0,300.0,616500.0
8,2021-10-06 07:45:00,58000.0,600.0,616200.0
9,2021-10-06 07:45:00,58000.0,100.0,615600.0
10,2021-10-06 07:45:00,58000.0,100.0,615500.0
11,2021-10-06 07:45:00,58000.0,3000.0,615400.0
12,2021-10-06 07:45:00,58000.0,700.0,612400.0
13,2021-10-06 07:45:00,58000.0,100.0,611700.0
14,2021-10-06 07:45:00,58000.0,1100.0,611600.0
15,2021-10-06 07:45:00,58000.0,900.0,610500.0
16,2021-10-06 07:45:00,58000.0,100.0,609600.0
17,2021-10-06 07:28:03,57600.0,100.0,609500.0
18,2021-10-06 07:27:52,57600.0,100.0,609400.0
19,2021-10-06 07:27:52,57600.0,100.0,609300.0
20,2021-10-06 07:26:49,57600.0,200.0,609200.0
21,2021-10-06 07:26:13,57600.0,100.0,609000.0
22,2021-10-06 07:25:52,57600.0,1000.0,608900.0
23,2021-10-06 07:25:47,57600.0,1000.0,607900.0
24,2021-10-06 07:24:35,57500.0,200.0,606900.0
25,2021-10-06 07:24:31,57600.0,200.0,606700.0
26,2021-10-06 07:24:06,57600.0,100.0,606500.0
27,2021-10-06 07:24:05,57600.0,500.0,606400.0
28,2021-10-06 07:24:02,57600.0,2000.0,605900.0
29,2021-10-06 07:23:50,57600.0,300.0,603900.0
30,2021-10-06 07:23:11,57600.0,4600.0,603600.0
31,2021-10-06 07:23:11,57600.0,400.0,599000.0
32,2021-10-06 07:22:33,57500.0,100.0,598600.0
33,2021-10-06 07:22:33,57600.0,100.0,598500.0
34,2021-10-06 07:21:48,57600.0,5000.0,598400.0
35,2021-10-06 07:20:26,57500.0,200.0,593400.0
36,2021-10-06 07:19:32,57500.0,300.0,593200.0
37,2021-10-06 07:19:32,57500.0,900.0,592900.0
38,2021-10-06 07:19:32,57500.0,100.0,592000.0
39,2021-10-06 07:19:32,57500.0,300.0,591900.0
40,2021-10-06 07:19:32,57500.0,400.0,591600.0
41,2021-10-06 07:19:04,57600.0,100.0,591200.0
42,2021-10-06 07:18:46,57600.0,400.0,591100.0
43,2021-10-06 07:18:46,57600.0,2900.0,590700.0
44,2021-10-06 07:18:21,57600.0,100.0,587800.0
45,2021-10-06 07:17:14,57800.0,1100.0,587700.0
46,2021-10-06 07:17:14,57800.0,100.0,586600.0
47,2021-10-06 07:16:10,57800.0,100.0,586500.0
48,2021-10-06 07:16:05,58000.0,200.0,586400.0
49,2021-10-06 07:14:58,58000.0,400.0,586200.0
50,2021-10-06 07:14:58,58000.0,3100.0,585800.0
51,2021-10-06 07:14:58,57900.0,300.0,582700.0
52,2021-10-06 07:14:58,57900.0,500.0,582400.0
53,2021-10-06 07:14:05,57800.0,100.0,581900.0
54,2021-10-06 07:12:57,57800.0,300.0,581800.0
55,2021-10-06 07:12:41,57800.0,100.0,581500.0
56,2021-10-06 07:12:04,57800.0,100.0,581400.0
57,2021-10-06 07:11:54,57800.0,800.0,581300.0
58,2021-10-06 07:11:54,57800.0,200.0,580500.0
59,2021-10-06 07:11:54,57800.0,3100.0,580300.0
60,2021-10-06 07:11:52,57800.0,1900.0,577200.0
61,2021-10-06 07:11:52,57800.0,1000.0,575300.0
62,2021-10-06 07:11:52,57800.0,1000.0,574300.0
63,2021-10-06 07:11:52,57800.0,100.0,573300.0
64,2021-10-06 07:10:51,57900.0,200.0,573200.0
65,2021-10-06 07:10:51,57900.0,100.0,573000.0
66,2021-10-06 07:10:51,57900.0,200.0,572900.0
67,2021-10-06 07:10:33,57900.0,300.0,572700.0
68,2021-10-06 07:10:33,57900.0,100.0,572400.0
69,2021-10-06 07:10:01,57900.0,100.0,572300.0
70,2021-10-06 07:09:54,57900.0,400.0,572200.0
71,2021-10-06 07:09:54,57900.0,100.0,571800.0
72,2021-10-06 07:07:51,57900.0,100.0,571700.0
73,2021-10-06 07:05:48,57900.0,100.0,571600.0
74,2021-10-06 07:03:44,58000.0,100.0,571500.0
75,2021-10-06 07:02:44,58000.0,400.0,571400.0
76,2021-10-06 07:02:44,58000.0,100.0,571000.0
77,2021-10-06 07:01:35,58000.0,100.0,570900.0
78,2021-10-06 06:59:44,58000.0,1000.0,570800.0
79,2021-10-06 06:59:31,58000.0,100.0,569800.0
80,2021-10-06 06:58:09,58100.0,100.0,569700.0
81,2021-10-06 06:57:28,58100.0,100.0,569600.0
82,2021-10-06 06:56:07,58000.0,300.0,569500.0
83,2021-10-06 06:55:43,58000.0,200.0,569200.0
84,2021-10-06 06:55:18,57900.0,100.0,569000.0
85,2021-10-06 06:54:23,57900.0,100.0,568900.0
86,2021-10-06 06:53:43,58000.0,300.0,568800.0
87,2021-10-06 06:53:38,58000.0,2400.0,568500.0
88,2021-10-06 06:53:18,57900.0,4900.0,566100.0
89,2021-10-06 06:53:15,57800.0,100.0,561200.0
90,2021-10-06 06:53:09,57800.0,400.0,561100.0
91,2021-10-06 06:52:10,57800.0,200.0,560700.0
92,2021-10-06 06:51:13,57800.0,100.0,560500.0
93,2021-10-06 06:50:36,57900.0,100.0,560400.0
94,2021-10-06 06:49:01,57900.0,100.0,560300.0
95,2021-10-06 06:47:35,58000.0,400.0,560200.0
96,2021-10-06 06:46:59,57800.0,100.0,559800.0
97,2021-10-06 06:46:54,58000.0,500.0,559700.0
98,2021-10-06 06:46:54,58000.0,100.0,559200.0
99,2021-10-06 06:46:54,58000.0,1000.0,559100.0
100,2021-10-06 06:46:54,58000.0,800.0,558100.0
101,2021-10-06 06:46:54,58000.0,200.0,557300.0
102,2021-10-06 06:46:54,58100.0,100.0,557100.0
103,2021-10-06 06:46:54,58100.0,100.0,557000.0
104,2021-10-06 06:45:12,58200.0,400.0,556900.0
105,2021-10-06 06:45:12,58200.0,100.0,556500.0
106,2021-10-06 06:45:12,58200.0,200.0,556400.0
107,2021-10-06 06:44:48,58200.0,100.0,556200.0
108,2021-10-06 06:42:42,58200.0,100.0,556100.0
109,2021-10-06 06:42:05,58400.0,300.0,556000.0
110,2021-10-06 06:42:05,58400.0,200.0,555700.0
111,2021-10-06 06:41:23,58400.0,600.0,555500.0
112,2021-10-06 06:41:23,58400.0,500.0,554900.0
113,2021-10-06 06:41:23,58400.0,400.0,554400.0
114,2021-10-06 06:40:34,58400.0,100.0,554000.0
115,2021-10-06 06:40:26,58600.0,300.0,553900.0
116,2021-10-06 06:40:26,58600.0,200.0,553600.0
117,2021-10-06 06:40:26,58600.0,1000.0,553400.0
118,2021-10-06 06:40:26,58500.0,500.0,552400.0
119,2021-10-06 06:38:56,58600.0,200.0,551900.0
120,2021-10-06 06:38:51,58600.0,100.0,551700.0
121,2021-10-06 06:38:51,58600.0,100.0,551600.0
122,2021-10-06 06:38:46,58600.0,100.0,551500.0
123,2021-10-06 06:38:41,58600.0,500.0,551400.0
124,2021-10-06 06:38:38,58600.0,1000.0,550900.0
125,2021-10-06 06:38:32,58600.0,100.0,549900.0
126,2021-10-06 06:38:24,58600.0,100.0,549800.0
127,2021-10-06 06:38:17,58600.0,2000.0,549700.0
128,2021-10-06 06:37:52,58600.0,1000.0,547700.0
129,2021-10-06 06:36:25,58600.0,100.0,546700.0
130,2021-10-06 06:36:15,58700.0,500.0,546600.0
131,2021-10-06 06:35:41,58600.0,1000.0,546100.0
132,2021-10-06 06:35:35,58600.0,100.0,545100.0
133,2021-10-06 06:35:23,58600.0,100.0,545000.0
134,2021-10-06 06:35:23,58600.0,1000.0,544900.0
135,2021-10-06 06:35:23,58600.0,1000.0,543900.0
136,2021-10-06 06:35:23,58600.0,800.0,542900.0
137,2021-10-06 06:35:23,58600.0,400.0,542100.0
138,2021-10-06 06:35:23,58600.0,500.0,541700.0
139,2021-10-06 06:35:23,58600.0,300.0,541200.0
140,2021-10-06 06:35:23,58600.0,1300.0,540900.0
141,2021-10-06 06:35:23,58600.0,500.0,539600.0
142,2021-10-06 06:35:23,58600.0,300.0,539100.0
143,2021-10-06 06:35:23,58500.0,100.0,538800.0
144,2021-10-06 06:35:23,58500.0,800.0,538700.0
145,2021-10-06 06:34:41,58500.0,200.0,537900.0
146,2021-10-06 06:34:41,58500.0,500.0,537700.0
147,2021-10-06 06:34:41,58500.0,1000.0,537200.0
148,2021-10-06 06:34:41,58500.0,500.0,536200.0
149,2021-10-06 06:34:41,58500.0,1300.0,535700.0
150,2021-10-06 06:34:41,58300.0,100.0,534400.0
151,2021-10-06 06:34:41,58300.0,1400.0,534300.0
152,2021-10-06 06:34:28,58300.0,500.0,532900.0
153,2021-10-06 06:34:17,58200.0,100.0,532400.0
154,2021-10-06 06:32:21,58300.0,100.0,532300.0
155,2021-10-06 06:32:18,58200.0,100.0,532200.0
156,2021-10-06 06:32:16,58200.0,100.0,532100.0
157,2021-10-06 06:31:06,58200.0,200.0,532000.0
158,2021-10-06 06:30:58,58200.0,200.0,531800.0
159,2021-10-06 06:30:32,58200.0,1200.0,531600.0
160,2021-10-06 06:30:32,58300.0,300.0,530400.0
161,2021-10-06 06:30:32,58300.0,400.0,530100.0
162,2021-10-06 06:30:14,58300.0,600.0,529700.0
163,2021-10-06 06:30:05,58300.0,100.0,529100.0
164,2021-10-06 06:29:58,58500.0,1000.0,529000.0
165,2021-10-06 06:29:58,58500.0,1000.0,528000.0
166,2021-10-06 06:29:58,58500.0,500.0,527000.0
167,2021-10-06 06:29:58,58500.0,1200.0,526500.0
168,2021-10-06 06:29:37,58500.0,500.0,525300.0
169,2021-10-06 06:29:16,58500.0,100.0,524800.0
170,2021-10-06 06:28:40,58500.0,100.0,524700.0
171,2021-10-06 06:28:09,58600.0,300.0,524600.0
172,2021-10-06 06:28:01,58500.0,100.0,524300.0
173,2021-10-06 06:26:31,58600.0,400.0,524200.0
174,2021-10-06 06:26:29,58600.0,100.0,523800.0
175,2021-10-06 06:26:29,58600.0,200.0,523700.0
176,2021-10-06 06:26:29,58600.0,100.0,523500.0
177,2021-10-06 06:26:29,58600.0,100.0,523400.0
178,2021-10-06 06:26:29,58600.0,100.0,523300.0
179,2021-10-06 06:26:05,58500.0,1000.0,523200.0
180,2021-10-06 06:25:55,58500.0,100.0,522200.0
181,2021-10-06 06:25:49,58600.0,100.0,522100.0
182,2021-10-06 06:25:32,58600.0,100.0,522000.0
183,2021-10-06 06:25:28,58600.0,100.0,521900.0
184,2021-10-06 06:25:18,58600.0,300.0,521800.0
185,2021-10-06 06:25:18,58600.0,200.0,521500.0
186,2021-10-06 06:25:01,58700.0,100.0,521300.0
187,2021-10-06 06:25:01,58700.0,100.0,521200.0
188,2021-10-06 06:24:22,58700.0,500.0,521100.0
189,2021-10-06 06:24:18,58600.0,500.0,520600.0
190,2021-10-06 06:23:53,58600.0,100.0,520100.0
191,2021-10-06 06:23:47,58700.0,1000.0,520000.0
192,2021-10-06 06:23:23,58700.0,800.0,519000.0
193,2021-10-06 06:23:19,58600.0,600.0,518200.0
194,2021-10-06 06:23:15,58700.0,100.0,517600.0
195,2021-10-06 06:23:08,58700.0,100.0,517500.0
196,2021-10-06 06:22:52,58700.0,100.0,517400.0
197,2021-10-06 06:22:52,58700.0,100.0,517300.0
198,2021-10-06 06:22:45,58600.0,500.0,517200.0
199,2021-10-06 06:22:36,58600.0,500.0,516700.0
200,2021-10-06 06:22:36,58600.0,100.0,516200.0
201,2021-10-06 06:22:36,58600.0,200.0,516100.0
202,2021-10-06 06:22:34,58600.0,100.0,515900.0
203,2021-10-06 06:22:09,58600.0,1000.0,515800.0
204,2021-10-06 06:22:09,58600.0,1500.0,514800.0
205,2021-10-06 06:22:09,58600.0,100.0,513300.0
206,2021-10-06 06:22:05,58500.0,100.0,513200.0
207,2021-10-06 06:22:05,58500.0,100.0,513100.0
208,2021-10-06 06:22:05,58500.0,500.0,513000.0
209,2021-10-06 06:22:05,58500.0,500.0,512500.0
210,2021-10-06 06:22:05,58500.0,2000.0,512000.0
211,2021-10-06 06:22:05,58500.0,500.0,510000.0
212,2021-10-06 06:22:05,58500.0,1000.0,509500.0
213,2021-10-06 06:22:05,58500.0,100.0,508500.0
214,2021-10-06 06:22:05,58500.0,100.0,508400.0
215,2021-10-06 06:22:05,58500.0,500.0,508300.0
216,2021-10-06 06:22:05,58500.0,1000.0,507800.0
217,2021-10-06 06:22:05,58500.0,500.0,506800.0
218,2021-10-06 06:22:05,58500.0,1000.0,506300.0
219,2021-10-06 06:22:05,58500.0,2000.0,505300.0
220,2021-10-06 06:22:05,58500.0,100.0,503300.0
221,2021-10-06 06:22:05,58500.0,300.0,503200.0
222,2021-10-06 06:22:05,58500.0,200.0,502900.0
223,2021-10-06 06:22:05,58500.0,100.0,502700.0
224,2021-10-06 06:22:05,58500.0,1000.0,502600.0
225,2021-10-06 06:22:05,58500.0,1000.0,501600.0
226,2021-10-06 06:22:05,58500.0,1000.0,500600.0
227,2021-10-06 06:22:05,58500.0,300.0,499600.0
228,2021-10-06 06:22:00,58400.0,200.0,499300.0
229,2021-10-06 06:21:57,58400.0,100.0,499100.0
230,2021-10-06 06:21:57,58400.0,200.0,499000.0
231,2021-10-06 06:21:57,58400.0,1000.0,498800.0
232,2021-10-06 06:21:57,58400.0,200.0,497800.0
233,2021-10-06 06:21:57,58400.0,500.0,497600.0
234,2021-10-06 06:21:57,58400.0,500.0,497100.0
235,2021-10-06 06:21:57,58400.0,200.0,496600.0
236,2021-10-06 06:21:57,58400.0,2100.0,496400.0
237,2021-10-06 06:21:47,58300.0,200.0,494300.0
238,2021-10-06 06:21:47,58300.0,500.0,494100.0
239,2021-10-06 06:21:47,58300.0,300.0,493600.0
240,2021-10-06 06:21:47,58300.0,2900.0,493300.0
241,2021-10-06 06:21:45,58200.0,100.0,490400.0
242,2021-10-06 06:21:43,58200.0,100.0,490300.0
243,2021-10-06 06:21:43,58200.0,200.0,490200.0
244,2021-10-06 06:21:43,58200.0,100.0,490000.0
245,2021-10-06 06:21:43,58200.0,500.0,489900.0
246,2021-10-06 06:21:43,58200.0,200.0,489400.0
247,2021-10-06 06:21:43,58200.0,100.0,489200.0
248,2021-10-06 06:21:43,58200.0,1000.0,489100.0
249,2021-10-06 06:21:43,58200.0,200.0,488100.0
250,2021-10-06 06:21:43,58200.0,300.0,487900.0
251,2021-10-06 06:21:43,58200.0,100.0,487600.0
252,2021-10-06 06:21:43,58200.0,200.0,487500.0
253,2021-10-06 06:21:34,58100.0,2000.0,487300.0
254,2021-10-06 06:20:39,58100.0,300.0,485300.0
255,2021-10-06 06:20:39,58100.0,1000.0,485000.0
256,2021-10-06 06:20:39,58100.0,500.0,484000.0
257,2021-10-06 06:20:39,58100.0,1000.0,483500.0
258,2021-10-06 06:20:39,58100.0,4100.0,482500.0
259,2021-10-06 06:20:22,58000.0,100.0,478400.0
260,2021-10-06 06:20:00,58000.0,100.0,478300.0
261,2021-10-06 06:20:00,58000.0,300.0,478200.0
262,2021-10-06 06:20:00,58000.0,100.0,477900.0
263,2021-10-06 06:20:00,58000.0,200.0,477800.0
264,2021-10-06 06:20:00,58000.0,100.0,477600.0
265,2021-10-06 06:19:34,57800.0,100.0,477500.0
266,2021-10-06 06:18:44,58000.0,400.0,477400.0
267,2021-10-06 06:18:02,58000.0,100.0,477000.0
268,2021-10-06 06:17:30,58000.0,100.0,476900.0
269,2021-10-06 06:17:28,58000.0,1200.0,476800.0
270,2021-10-06 06:17:22,58000.0,100.0,475600.0
271,2021-10-06 06:17:16,58000.0,200.0,475500.0
272,2021-10-06 06:16:59,58000.0,800.0,475300.0
273,2021-10-06 06:16:53,58000.0,100.0,474500.0
274,2021-10-06 06:16:42,58000.0,1500.0,474400.0
275,2021-10-06 06:16:32,58100.0,900.0,472900.0
276,2021-10-06 06:16:14,58100.0,100.0,472000.0
277,2021-10-06 06:15:49,58100.0,500.0,471900.0
278,2021-10-06 06:15:49,58100.0,3200.0,471400.0
279,2021-10-06 06:15:49,58100.0,1000.0,468200.0
280,2021-10-06 06:15:49,58100.0,500.0,467200.0
281,2021-10-06 06:15:49,58100.0,500.0,466700.0
282,2021-10-06 06:15:49,58100.0,1000.0,466200.0
283,2021-10-06 06:15:49,58100.0,1900.0,465200.0
284,2021-10-06 06:15:49,58100.0,1300.0,463300.0
285,2021-10-06 06:15:43,58000.0,400.0,462000.0
286,2021-10-06 06:15:43,58000.0,500.0,461600.0
287,2021-10-06 06:15:43,58000.0,200.0,461100.0
288,2021-10-06 06:15:43,58000.0,500.0,460900.0
289,2021-10-06 06:15:43,58000.0,100.0,460400.0
290,2021-10-06 06:15:43,58000.0,200.0,460300.0
291,2021-10-06 06:15:43,58000.0,100.0,460100.0
292,2021-10-06 06:15:43,58000.0,1000.0,460000.0
293,2021-10-06 06:15:43,58000.0,500.0,459000.0
294,2021-10-06 06:15:43,58000.0,2000.0,458500.0
295,2021-10-06 06:15:14,57800.0,100.0,456500.0
296,2021-10-06 06:14:41,57800.0,200.0,456400.0
297,2021-10-06 06:13:08,57700.0,100.0,456200.0
298,2021-10-06 06:11:05,57700.0,100.0,456100.0
299,2021-10-06 06:10:13,58000.0,6000.0,456000.0
300,2021-10-06 06:09:43,58000.0,1000.0,450000.0
301,2021-10-06 06:09:01,58000.0,100.0,449000.0
302,2021-10-06 06:08:00,58100.0,300.0,448900.0
303,2021-10-06 06:07:41,58000.0,200.0,448600.0
304,2021-10-06 06:06:58,58000.0,100.0,448400.0
305,2021-10-06 06:06:39,58100.0,400.0,448300.0
306,2021-10-06 06:06:29,58100.0,1000.0,447900.0
307,2021-10-06 06:06:29,58100.0,300.0,446900.0
308,2021-10-06 06:06:29,58100.0,200.0,446600.0
309,2021-10-06 06:06:29,58100.0,100.0,446400.0
310,2021-10-06 06:05:52,58100.0,200.0,446300.0
311,2021-10-06 06:05:52,58100.0,200.0,446100.0
312,2021-10-06 06:05:03,58000.0,100.0,445900.0
313,2021-10-06 06:04:58,58000.0,100.0,445800.0
314,2021-10-06 06:04:57,58000.0,500.0,445700.0
315,2021-10-06 06:04:24,58100.0,100.0,445200.0
316,2021-10-06 06:03:52,58000.0,100.0,445100.0
317,2021-10-06 06:03:47,58000.0,100.0,445000.0
318,2021-10-06 06:03:47,58000.0,1000.0,444900.0
319,2021-10-06 06:03:47,58000.0,300.0,443900.0
320,2021-10-06 06:03:47,58000.0,400.0,443600.0
321,2021-10-06 06:03:15,58000.0,1100.0,443200.0
322,2021-10-06 06:02:57,58000.0,100.0,442100.0
323,2021-10-06 06:02:11,58000.0,1000.0,442000.0
324,2021-10-06 06:02:06,58000.0,1000.0,441000.0
325,2021-10-06 06:02:01,58000.0,500.0,440000.0
326,2021-10-06 06:01:34,58000.0,200.0,439500.0
327,2021-10-06 06:00:50,58000.0,100.0,439300.0
328,2021-10-06 06:00:45,58000.0,100.0,439200.0
329,2021-10-06 06:00:45,58000.0,200.0,439100.0
330,2021-10-06 06:00:45,58000.0,200.0,438900.0
331,2021-10-06 06:00:45,58000.0,4000.0,438700.0
332,2021-10-06 06:00:45,58000.0,900.0,434700.0
333,2021-10-06 06:00:45,58000.0,300.0,433800.0
334,2021-10-06 06:00:45,58000.0,300.0,433500.0
335,2021-10-06 06:00:29,58000.0,2100.0,433200.0
336,2021-10-06 06:00:29,58000.0,400.0,431100.0
337,2021-10-06 06:00:29,58000.0,400.0,430700.0
338,2021-10-06 06:00:29,58000.0,200.0,430300.0
339,2021-10-06 06:00:29,58000.0,1000.0,430100.0
340,2021-10-06 06:00:29,58000.0,300.0,429100.0
341,2021-10-06 06:00:29,58000.0,500.0,428800.0
342,2021-10-06 06:00:29,57900.0,300.0,428300.0
343,2021-10-06 06:00:29,57900.0,4800.0,428000.0
344,2021-10-06 06:00:25,57500.0,300.0,423200.0
345,2021-10-06 06:00:22,57900.0,200.0,422900.0
346,2021-10-06 06:00:22,57900.0,700.0,422700.0
347,2021-10-06 06:00:22,57900.0,300.0,422000.0
348,2021-10-06 06:00:22,57900.0,500.0,421700.0
349,2021-10-06 06:00:22,57900.0,100.0,421200.0
350,2021-10-06 06:00:22,57900.0,1700.0,421100.0
351,2021-10-06 06:00:22,57800.0,2000.0,419400.0
352,2021-10-06 06:00:22,57800.0,1000.0,417400.0
353,2021-10-06 06:00:22,57800.0,100.0,416400.0
354,2021-10-06 06:00:22,57800.0,100.0,416300.0
355,2021-10-06 06:00:22,57800.0,1000.0,416200.0
356,2021-10-06 06:00:22,57700.0,1000.0,415200.0
357,2021-10-06 06:00:22,57700.0,300.0,414200.0
358,2021-10-06 06:00:22,57700.0,100.0,413900.0
359,2021-10-06 06:00:22,57700.0,900.0,413800.0
360,2021-10-06 06:00:17,57600.0,200.0,412900.0
361,2021-10-06 06:00:12,57600.0,400.0,412700.0
362,2021-10-06 06:00:04,57600.0,300.0,412300.0
363,2021-10-06 06:00:04,57600.0,100.0,412000.0
364,2021-10-06 06:00:01,57600.0,100.0,411900.0
365,2021-10-06 06:00:01,57500.0,2000.0,411800.0
366,2021-10-06 06:00:00,57600.0,100.0,409800.0
367,2021-10-06 06:00:00,57600.0,200.0,409700.0
368,2021-10-06 06:00:00,57600.0,100.0,409500.0
369,2021-10-06 04:27:35,57500.0,400.0,409400.0
370,2021-10-06 04:27:35,57500.0,1000.0,409000.0
371,2021-10-06 04:27:35,57500.0,1000.0,408000.0
372,2021-10-06 04:27:35,57400.0,200.0,407000.0
373,2021-10-06 04:27:35,57400.0,300.0,406800.0
374,2021-10-06 04:26:25,57300.0,100.0,406500.0
375,2021-10-06 04:26:23,57400.0,100.0,406400.0
376,2021-10-06 04:26:23,57400.0,200.0,406300.0
377,2021-10-06 04:25:33,57400.0,100.0,406100.0
378,2021-10-06 04:25:33,57400.0,100.0,406000.0
379,2021-10-06 04:24:44,57300.0,1100.0,405900.0
380,2021-10-06 04:24:44,57300.0,14000.0,404800.0
381,2021-10-06 04:24:44,57300.0,9900.0,390800.0
382,2021-10-06 04:24:29,57400.0,100.0,380900.0
383,2021-10-06 04:24:20,57300.0,100.0,380800.0
384,2021-10-06 04:22:12,57200.0,100.0,380700.0
385,2021-10-06 04:22:03,57200.0,100.0,380600.0
386,2021-10-06 04:22:03,57200.0,1200.0,380500.0
387,2021-10-06 04:20:30,57100.0,2000.0,379300.0
388,2021-10-06 04:20:12,57100.0,100.0,377300.0
389,2021-10-06 04:19:46,57100.0,200.0,377200.0
390,2021-10-06 04:19:40,57200.0,100.0,377000.0
391,2021-10-06 04:19:26,57200.0,500.0,376900.0
392,2021-10-06 04:19:22,57200.0,800.0,376400.0
393,2021-10-06 04:19:22,57200.0,200.0,375600.0
394,2021-10-06 04:19:22,57200.0,200.0,375400.0
395,2021-10-06 04:18:58,57400.0,100.0,375200.0
396,2021-10-06 04:18:47,57400.0,600.0,375100.0
397,2021-10-06 04:18:47,57400.0,300.0,374500.0
398,2021-10-06 04:18:47,57400.0,100.0,374200.0
399,2021-10-06 04:18:47,57400.0,1000.0,374100.0
400,2021-10-06 04:18:08,57200.0,100.0,373100.0
401,2021-10-06 04:17:17,57400.0,200.0,373000.0
402,2021-10-06 04:16:05,57200.0,100.0,372800.0
403,2021-10-06 04:15:36,57200.0,200.0,372700.0
404,2021-10-06 04:13:55,57200.0,400.0,372500.0
405,2021-10-06 04:13:55,57200.0,1000.0,372100.0
406,2021-10-06 04:13:53,57100.0,100.0,371100.0
407,2021-10-06 04:13:33,57100.0,300.0,371000.0
408,2021-10-06 04:12:41,57100.0,100.0,370700.0
409,2021-10-06 04:11:50,57100.0,200.0,370600.0
410,2021-10-06 04:11:48,57000.0,100.0,370400.0
411,2021-10-06 04:11:20,57100.0,500.0,370300.0
412,2021-10-06 04:10:00,57100.0,100.0,369800.0
413,2021-10-06 04:09:23,57000.0,1000.0,369700.0
414,2021-10-06 04:09:23,57000.0,2300.0,368700.0
415,2021-10-06 04:09:23,57000.0,200.0,366400.0
416,2021-10-06 04:09:23,57000.0,100.0,366200.0
417,2021-10-06 04:09:23,57000.0,100.0,366100.0
418,2021-10-06 04:09:23,57000.0,200.0,366000.0
419,2021-10-06 04:09:23,57000.0,500.0,365800.0
420,2021-10-06 04:09:23,57000.0,2100.0,365300.0
421,2021-10-06 04:09:23,56900.0,200.0,363200.0
422,2021-10-06 04:08:28,56800.0,100.0,363000.0
423,2021-10-06 04:08:10,56800.0,100.0,362900.0
424,2021-10-06 04:05:55,56700.0,100.0,362800.0
425,2021-10-06 04:05:08,56700.0,100.0,362700.0
426,2021-10-06 04:05:03,56700.0,100.0,362600.0
427,2021-10-06 04:05:03,56700.0,100.0,362500.0
428,2021-10-06 04:04:57,56800.0,100.0,362400.0
429,2021-10-06 04:04:31,56800.0,100.0,362300.0
430,2021-10-06 04:02:23,57000.0,200.0,362200.0
431,2021-10-06 04:01:49,56600.0,100.0,362000.0
432,2021-10-06 04:01:47,56800.0,100.0,361900.0
433,2021-10-06 04:01:44,56800.0,2000.0,361800.0
434,2021-10-06 04:01:30,56600.0,100.0,359800.0
435,2021-10-06 04:01:30,56600.0,2300.0,359700.0
436,2021-10-06 04:01:17,56600.0,100.0,357400.0
437,2021-10-06 04:01:16,56600.0,100.0,357300.0
438,2021-10-06 04:01:01,56600.0,500.0,357200.0
439,2021-10-06 04:00:57,56600.0,100.0,356700.0
440,2021-10-06 04:00:57,56600.0,100.0,356600.0
441,2021-10-06 04:00:57,56800.0,100.0,356500.0
442,2021-10-06 04:00:53,56600.0,100.0,356400.0
443,2021-10-06 04:00:45,56600.0,100.0,356300.0
444,2021-10-06 04:00:32,56600.0,800.0,356200.0
445,2021-10-06 04:00:13,56600.0,200.0,355400.0
446,2021-10-06 03:59:44,56500.0,1000.0,355200.0
447,2021-10-06 03:59:30,56500.0,100.0,354200.0
448,2021-10-06 03:59:05,56700.0,100.0,354100.0
449,2021-10-06 03:59:01,56700.0,500.0,354000.0
450,2021-10-06 03:58:57,56700.0,500.0,353500.0
451,2021-10-06 03:58:40,56800.0,100.0,353000.0
452,2021-10-06 03:58:40,56800.0,100.0,352900.0
453,2021-10-06 03:58:40,56800.0,1000.0,352800.0
454,2021-10-06 03:58:40,56800.0,1000.0,351800.0
455,2021-10-06 03:58:40,56800.0,600.0,350800.0
456,2021-10-06 03:58:30,56800.0,100.0,350200.0
457,2021-10-06 03:57:26,57000.0,100.0,350100.0
458,2021-10-06 03:57:18,57000.0,300.0,350000.0
459,2021-10-06 03:57:18,57000.0,200.0,349700.0
460,2021-10-06 03:57:18,57000.0,300.0,349500.0
461,2021-10-06 03:57:18,57000.0,100.0,349200.0
462,2021-10-06 03:57:18,57000.0,500.0,349100.0
463,2021-10-06 03:57:18,57000.0,1000.0,348600.0
464,2021-10-06 03:57:18,57000.0,200.0,347600.0
465,2021-10-06 03:57:18,57000.0,200.0,347400.0
466,2021-10-06 03:57:18,57000.0,200.0,347200.0
467,2021-10-06 03:57:18,57000.0,100.0,347000.0
468,2021-10-06 03:57:18,57000.0,200.0,346900.0
469,2021-10-06 03:57:18,57000.0,100.0,346700.0
470,2021-10-06 03:57:18,57000.0,1000.0,346600.0
471,2021-10-06 03:57:18,57000.0,5000.0,345600.0
472,2021-10-06 03:57:18,57000.0,100.0,340600.0
473,2021-10-06 03:57:18,57000.0,200.0,340500.0
474,2021-10-06 03:57:18,57000.0,7900.0,340300.0
475,2021-10-06 03:56:51,57000.0,100.0,332400.0
476,2021-10-06 03:56:43,57100.0,100.0,332300.0
477,2021-10-06 03:56:43,57100.0,100.0,332200.0
478,2021-10-06 03:56:43,57100.0,100.0,332100.0
479,2021-10-06 03:56:43,57100.0,1000.0,332000.0
480,2021-10-06 03:56:43,57100.0,300.0,331000.0
481,2021-10-06 03:56:43,57100.0,100.0,330700.0
482,2021-10-06 03:56:43,57100.0,1000.0,330600.0
483,2021-10-06 03:56:43,57100.0,1000.0,329600.0
484,2021-10-06 03:56:43,57100.0,1000.0,328600.0
485,2021-10-06 03:56:43,57100.0,100.0,327600.0
486,2021-10-06 03:56:43,57100.0,100.0,327500.0
487,2021-10-06 03:56:43,57100.0,600.0,327400.0
488,2021-10-06 03:56:43,57100.0,100.0,326800.0
489,2021-10-06 03:56:43,57100.0,100.0,326700.0
490,2021-10-06 03:56:43,57100.0,5000.0,326600.0
491,2021-10-06 03:56:43,57100.0,500.0,321600.0
492,2021-10-06 03:56:43,57100.0,300.0,321100.0
493,2021-10-06 03:56:43,57100.0,1000.0,320800.0
494,2021-10-06 03:56:43,57100.0,200.0,319800.0
495,2021-10-06 03:56:43,57100.0,300.0,319600.0
496,2021-10-06 03:56:43,57100.0,100.0,319300.0
497,2021-10-06 03:56:43,57100.0,100.0,319200.0
498,2021-10-06 03:56:43,57100.0,1000.0,319100.0
499,2021-10-06 03:56:05,57200.0,300.0,318100.0
500,2021-10-06 03:56:02,57200.0,100.0,317800.0
501,2021-10-06 03:56:02,57200.0,200.0,317700.0
502,2021-10-06 03:56:02,57200.0,100.0,317500.0
503,2021-10-06 03:56:02,57200.0,500.0,317400.0
504,2021-10-06 03:56:02,57200.0,100.0,316900.0
505,2021-10-06 03:56:02,57200.0,5000.0,316800.0
506,2021-10-06 03:56:02,57200.0,100.0,311800.0
507,2021-10-06 03:56:02,57200.0,3900.0,311700.0
508,2021-10-06 03:55:54,57200.0,400.0,307800.0
509,2021-10-06 03:55:45,57200.0,500.0,307400.0
510,2021-10-06 03:55:27,57200.0,100.0,306900.0
511,2021-10-06 03:55:21,57200.0,100.0,306800.0
512,2021-10-06 03:55:21,57200.0,300.0,306700.0
513,2021-10-06 03:55:12,57200.0,100.0,306400.0
514,2021-10-06 03:54:06,57300.0,500.0,306300.0
515,2021-10-06 03:52:59,57300.0,200.0,305800.0
516,2021-10-06 03:52:47,57200.0,200.0,305600.0
517,2021-10-06 03:52:39,57200.0,900.0,305400.0
518,2021-10-06 03:52:32,57200.0,1700.0,304500.0
519,2021-10-06 03:52:24,57200.0,1800.0,302800.0
520,2021-10-06 03:52:24,57200.0,100.0,301000.0
521,2021-10-06 03:52:24,57200.0,500.0,300900.0
522,2021-10-06 03:52:24,57200.0,600.0,300400.0
523,2021-10-06 03:52:24,57200.0,300.0,299800.0
524,2021-10-06 03:51:53,57200.0,100.0,299500.0
525,2021-10-06 03:51:34,57300.0,200.0,299400.0
526,2021-10-06 03:50:49,57300.0,200.0,299200.0
527,2021-10-06 03:50:30,57300.0,100.0,299000.0
528,2021-10-06 03:50:22,57300.0,400.0,298900.0
529,2021-10-06 03:50:22,57300.0,100.0,298500.0
530,2021-10-06 03:49:56,57300.0,100.0,298400.0
531,2021-10-06 03:49:56,57300.0,300.0,298300.0
532,2021-10-06 03:49:56,57300.0,800.0,298000.0
533,2021-10-06 03:49:56,57300.0,300.0,297200.0
534,2021-10-06 03:49:56,57300.0,300.0,296900.0
535,2021-10-06 03:49:56,57300.0,500.0,296600.0
536,2021-10-06 03:49:56,57300.0,1800.0,296100.0
537,2021-10-06 03:49:56,57300.0,900.0,294300.0
538,2021-10-06 03:48:35,57300.0,100.0,293400.0
539,2021-10-06 03:48:18,57400.0,300.0,293300.0
540,2021-10-06 03:48:15,57300.0,1100.0,293000.0
541,2021-10-06 03:45:44,57400.0,100.0,291900.0
542,2021-10-06 03:45:44,57400.0,200.0,291800.0
543,2021-10-06 03:45:44,57400.0,100.0,291600.0
544,2021-10-06 03:45:44,57400.0,600.0,291500.0
545,2021-10-06 03:45:20,57400.0,100.0,290900.0
546,2021-10-06 03:45:18,57400.0,100.0,290800.0
547,2021-10-06 03:42:59,57400.0,400.0,290700.0
548,2021-10-06 03:42:47,57400.0,700.0,290300.0
549,2021-10-06 03:42:47,57400.0,300.0,289600.0
550,2021-10-06 03:42:01,57400.0,100.0,289300.0
551,2021-10-06 03:41:33,57400.0,800.0,289200.0
552,2021-10-06 03:41:33,57400.0,500.0,288400.0
553,2021-10-06 03:41:33,57400.0,1000.0,287900.0
554,2021-10-06 03:41:33,57400.0,100.0,286900.0
555,2021-10-06 03:41:33,57400.0,100.0,286800.0
556,2021-10-06 03:41:33,57400.0,2200.0,286700.0
557,2021-10-06 03:40:48,57400.0,300.0,284500.0
558,2021-10-06 03:40:03,57400.0,2500.0,284200.0
559,2021-10-06 03:40:03,57400.0,300.0,281700.0
560,2021-10-06 03:40:03,57400.0,1000.0,281400.0
561,2021-10-06 03:40:03,57500.0,1900.0,280400.0
562,2021-10-06 03:40:03,57500.0,500.0,278500.0
563,2021-10-06 03:40:03,57500.0,100.0,278000.0
564,2021-10-06 03:40:03,57500.0,300.0,277900.0
565,2021-10-06 03:40:03,57500.0,500.0,277600.0
566,2021-10-06 03:40:03,57500.0,500.0,277100.0
567,2021-10-06 03:40:03,57500.0,100.0,276600.0
568,2021-10-06 03:40:03,57500.0,100.0,276500.0
569,2021-10-06 03:40:03,57500.0,2000.0,276400.0
570,2021-10-06 03:40:03,57500.0,100.0,274400.0
571,2021-10-06 03:40:03,57500.0,100.0,274300.0
572,2021-10-06 03:38:44,57500.0,100.0,274200.0
573,2021-10-06 03:37:07,57500.0,1000.0,274100.0
574,2021-10-06 03:35:35,57600.0,200.0,273100.0
575,2021-10-06 03:35:27,57500.0,100.0,272900.0
576,2021-10-06 03:35:27,57600.0,200.0,272800.0
577,2021-10-06 03:35:10,57600.0,200.0,272600.0
578,2021-10-06 03:34:19,57500.0,500.0,272400.0
579,2021-10-06 03:33:19,57700.0,100.0,271900.0
580,2021-10-06 03:32:29,57600.0,400.0,271800.0
581,2021-10-06 03:32:11,57500.0,100.0,271400.0
582,2021-10-06 03:31:28,57500.0,100.0,271300.0
583,2021-10-06 03:31:19,57500.0,100.0,271200.0
584,2021-10-06 03:31:19,57500.0,100.0,271100.0
585,2021-10-06 03:31:19,57500.0,800.0,271000.0
586,2021-10-06 03:28:55,57500.0,100.0,270200.0
587,2021-10-06 03:25:46,57500.0,100.0,270100.0
588,2021-10-06 03:25:46,57500.0,200.0,270000.0
589,2021-10-06 03:25:39,57500.0,100.0,269800.0
590,2021-10-06 03:23:26,57500.0,3600.0,269700.0
591,2021-10-06 03:23:26,57600.0,200.0,266100.0
592,2021-10-06 03:23:26,57600.0,1200.0,265900.0
593,2021-10-06 03:23:21,57600.0,300.0,264700.0
594,2021-10-06 03:23:08,57600.0,100.0,264400.0
595,2021-10-06 03:23:01,57600.0,100.0,264300.0
596,2021-10-06 03:22:56,57600.0,100.0,264200.0
597,2021-10-06 03:22:24,57600.0,100.0,264100.0
598,2021-10-06 03:21:35,57700.0,500.0,264000.0
599,2021-10-06 03:20:30,57700.0,500.0,263500.0
600,2021-10-06 03:20:30,57700.0,200.0,263000.0
601,2021-10-06 03:20:30,57700.0,200.0,262800.0
602,2021-10-06 03:19:08,57600.0,100.0,262600.0
603,2021-10-06 03:18:50,57600.0,300.0,262500.0
604,2021-10-06 03:18:50,57600.0,100.0,262200.0
605,2021-10-06 03:18:50,57600.0,600.0,262100.0
606,2021-10-06 03:18:48,57600.0,400.0,261500.0
607,2021-10-06 03:18:48,57600.0,100.0,261100.0
608,2021-10-06 03:18:41,57600.0,100.0,261000.0
609,2021-10-06 03:17:37,57600.0,200.0,260900.0
610,2021-10-06 03:17:37,57600.0,2100.0,260700.0
611,2021-10-06 03:17:37,57600.0,700.0,258600.0
612,2021-10-06 03:17:33,57600.0,500.0,257900.0
613,2021-10-06 03:17:02,57600.0,500.0,257400.0
614,2021-10-06 03:15:54,57600.0,100.0,256900.0
615,2021-10-06 03:15:41,57600.0,3000.0,256800.0
616,2021-10-06 03:15:17,57600.0,100.0,253800.0
617,2021-10-06 03:14:05,57600.0,300.0,253700.0
618,2021-10-06 03:12:39,57600.0,100.0,253400.0
619,2021-10-06 03:12:11,57600.0,300.0,253300.0
620,2021-10-06 03:11:50,57600.0,900.0,253000.0
621,2021-10-06 03:11:04,57600.0,3500.0,252100.0
622,2021-10-06 03:11:01,57500.0,500.0,248600.0
623,2021-10-06 03:10:48,57500.0,400.0,248100.0
624,2021-10-06 03:10:34,57500.0,200.0,247700.0
625,2021-10-06 03:10:34,57500.0,100.0,247500.0
626,2021-10-06 03:10:34,57500.0,4900.0,247400.0
627,2021-10-06 03:09:25,57400.0,100.0,242500.0
628,2021-10-06 03:08:05,57500.0,100.0,242400.0
629,2021-10-06 03:08:05,57500.0,200.0,242300.0
630,2021-10-06 03:08:02,57400.0,900.0,242100.0
631,2021-10-06 03:08:02,57400.0,1300.0,241200.0
632,2021-10-06 03:07:56,57400.0,300.0,239900.0
633,2021-10-06 03:07:08,57400.0,1000.0,239600.0
634,2021-10-06 03:06:11,57400.0,100.0,238600.0
635,2021-10-06 03:05:54,57400.0,300.0,238500.0
636,2021-10-06 03:05:50,57500.0,100.0,238200.0
637,2021-10-06 03:05:42,57500.0,1000.0,238100.0
638,2021-10-06 03:05:28,57500.0,100.0,237100.0
639,2021-10-06 03:05:07,57500.0,100.0,237000.0
640,2021-10-06 03:05:07,57500.0,200.0,236900.0
641,2021-10-06 03:05:07,57500.0,200.0,236700.0
642,2021-10-06 03:05:07,57500.0,100.0,236500.0
643,2021-10-06 03:05:07,57500.0,1000.0,236400.0
644,2021-10-06 03:05:07,57500.0,100.0,235400.0
645,2021-10-06 03:05:07,57500.0,100.0,235300.0
646,2021-10-06 03:05:07,57500.0,2000.0,235200.0
647,2021-10-06 03:05:07,57500.0,400.0,233200.0
648,2021-10-06 03:05:07,57500.0,200.0,232800.0
649,2021-10-06 03:05:07,57500.0,500.0,232600.0
650,2021-10-06 03:05:07,57500.0,1000.0,232100.0
651,2021-10-06 03:05:07,57500.0,200.0,231100.0
652,2021-10-06 03:05:07,57500.0,7500.0,230900.0
653,2021-10-06 03:04:29,57600.0,1500.0,223400.0
654,2021-10-06 03:03:06,57700.0,500.0,221900.0
655,2021-10-06 03:02:57,57500.0,100.0,221400.0
656,2021-10-06 03:02:28,57500.0,900.0,221300.0
657,2021-10-06 03:02:28,57600.0,100.0,220400.0
658,2021-10-06 02:59:44,57500.0,100.0,220300.0
659,2021-10-06 02:59:41,57500.0,300.0,220200.0
660,2021-10-06 02:58:13,57500.0,700.0,219900.0
661,2021-10-06 02:58:13,57600.0,600.0,219200.0
662,2021-10-06 02:58:13,57600.0,100.0,218600.0
663,2021-10-06 02:58:13,57600.0,100.0,218500.0
664,2021-10-06 02:58:13,57600.0,100.0,218400.0
665,2021-10-06 02:58:13,57600.0,1000.0,218300.0
666,2021-10-06 02:58:08,57700.0,900.0,217300.0
667,2021-10-06 02:57:59,57700.0,500.0,216400.0
668,2021-10-06 02:57:59,57700.0,900.0,215900.0
669,2021-10-06 02:56:31,57700.0,100.0,215000.0
670,2021-10-06 02:56:28,57700.0,500.0,214900.0
671,2021-10-06 02:56:22,57700.0,500.0,214400.0
672,2021-10-06 02:56:05,57700.0,100.0,213900.0
673,2021-10-06 02:56:05,57700.0,400.0,213800.0
674,2021-10-06 02:56:03,57700.0,100.0,213400.0
675,2021-10-06 02:55:31,57800.0,300.0,213300.0
676,2021-10-06 02:54:33,57800.0,100.0,213000.0
677,2021-10-06 02:54:03,57800.0,1000.0,212900.0
678,2021-10-06 02:53:52,57700.0,100.0,211900.0
679,2021-10-06 02:53:52,57700.0,100.0,211800.0
680,2021-10-06 02:53:18,57700.0,100.0,211700.0
681,2021-10-06 02:53:16,57800.0,2000.0,211600.0
682,2021-10-06 02:52:20,57800.0,600.0,209600.0
683,2021-10-06 02:52:20,57800.0,100.0,209000.0
684,2021-10-06 02:52:20,57800.0,100.0,208900.0
685,2021-10-06 02:52:20,57800.0,100.0,208800.0
686,2021-10-06 02:52:20,57800.0,100.0,208700.0
687,2021-10-06 02:52:11,57800.0,300.0,208600.0
688,2021-10-06 02:52:11,57800.0,700.0,208300.0
689,2021-10-06 02:51:44,57800.0,500.0,207600.0
690,2021-10-06 02:50:29,57800.0,100.0,207100.0
691,2021-10-06 02:50:18,57800.0,600.0,207000.0
692,2021-10-06 02:50:15,57800.0,100.0,206400.0
693,2021-10-06 02:50:15,57800.0,200.0,206300.0
694,2021-10-06 02:50:15,57800.0,100.0,206100.0
695,2021-10-06 02:50:05,57700.0,100.0,206000.0
696,2021-10-06 02:49:50,57800.0,100.0,205900.0
697,2021-10-06 02:49:44,57700.0,1000.0,205800.0
698,2021-10-06 02:49:12,57700.0,1500.0,204800.0
699,2021-10-06 02:49:12,57700.0,1000.0,203300.0
700,2021-10-06 02:49:12,57700.0,200.0,202300.0
701,2021-10-06 02:49:12,57700.0,100.0,202100.0
702,2021-10-06 02:49:12,57700.0,500.0,202000.0
703,2021-10-06 02:49:12,57700.0,5000.0,201500.0
704,2021-10-06 02:49:12,57700.0,300.0,196500.0
705,2021-10-06 02:49:10,57600.0,100.0,196200.0
706,2021-10-06 02:48:57,57600.0,1000.0,196100.0
707,2021-10-06 02:48:57,57600.0,200.0,195100.0
708,2021-10-06 02:48:57,57600.0,4000.0,194900.0
709,2021-10-06 02:48:40,57500.0,400.0,190900.0
710,2021-10-06 02:48:38,57500.0,500.0,190500.0
711,2021-10-06 02:48:38,57500.0,500.0,190000.0
712,2021-10-06 02:48:38,57500.0,100.0,189500.0
713,2021-10-06 02:48:38,57500.0,500.0,189400.0
714,2021-10-06 02:48:20,57600.0,100.0,188900.0
715,2021-10-06 02:47:21,57600.0,400.0,188800.0
716,2021-10-06 02:47:21,57600.0,200.0,188400.0
717,2021-10-06 02:47:09,57600.0,100.0,188200.0
718,2021-10-06 02:46:53,57500.0,1000.0,188100.0
719,2021-10-06 02:46:53,57500.0,1000.0,187100.0
720,2021-10-06 02:46:53,57500.0,200.0,186100.0
721,2021-10-06 02:46:53,57500.0,200.0,185900.0
722,2021-10-06 02:46:52,57400.0,100.0,185700.0
723,2021-10-06 02:46:45,57500.0,100.0,185600.0
724,2021-10-06 02:45:32,57500.0,700.0,185500.0
725,2021-10-06 02:45:32,57400.0,300.0,184800.0
726,2021-10-06 02:45:32,57400.0,200.0,184500.0
727,2021-10-06 02:45:32,57400.0,100.0,184300.0
728,2021-10-06 02:45:32,57400.0,300.0,184200.0
729,2021-10-06 02:45:32,57400.0,100.0,183900.0
730,2021-10-06 02:45:32,57400.0,500.0,183800.0
731,2021-10-06 02:45:31,57500.0,300.0,183300.0
732,2021-10-06 02:45:06,57500.0,300.0,183000.0
733,2021-10-06 02:45:06,57500.0,200.0,182700.0
734,2021-10-06 02:45:06,57500.0,100.0,182500.0
735,2021-10-06 02:45:06,57500.0,100.0,182400.0
736,2021-10-06 02:45:06,57500.0,200.0,182300.0
737,2021-10-06 02:44:55,57500.0,200.0,182100.0
738,2021-10-06 02:44:48,57500.0,400.0,181900.0
739,2021-10-06 02:44:41,57500.0,200.0,181500.0
740,2021-10-06 02:44:41,57500.0,100.0,181300.0
741,2021-10-06 02:44:41,57500.0,500.0,181200.0
742,2021-10-06 02:44:41,57500.0,200.0,180700.0
743,2021-10-06 02:44:24,57500.0,200.0,180500.0
744,2021-10-06 02:44:21,57600.0,300.0,180300.0
745,2021-10-06 02:44:21,57600.0,300.0,180000.0
746,2021-10-06 02:44:21,57600.0,1200.0,179700.0
747,2021-10-06 02:44:21,57600.0,300.0,178500.0
748,2021-10-06 02:44:21,57600.0,2000.0,178200.0
749,2021-10-06 02:44:21,57600.0,600.0,176200.0
750,2021-10-06 02:43:52,57700.0,100.0,175600.0
751,2021-10-06 02:43:40,57600.0,100.0,175500.0
752,2021-10-06 02:43:18,57600.0,100.0,175400.0
753,2021-10-06 02:42:12,57600.0,100.0,175300.0
754,2021-10-06 02:41:17,57600.0,100.0,175200.0
755,2021-10-06 02:41:07,57600.0,500.0,175100.0
756,2021-10-06 02:40:59,57600.0,100.0,174600.0
757,2021-10-06 02:40:53,57600.0,300.0,174500.0
758,2021-10-06 02:40:46,57700.0,1000.0,174200.0
759,2021-10-06 02:40:46,57700.0,200.0,173200.0
760,2021-10-06 02:40:46,57700.0,3700.0,173000.0
761,2021-10-06 02:40:32,57700.0,3000.0,169300.0
762,2021-10-06 02:40:30,57700.0,100.0,166300.0
763,2021-10-06 02:40:28,57700.0,100.0,166200.0
764,2021-10-06 02:40:07,57700.0,500.0,166100.0
765,2021-10-06 02:39:02,57800.0,300.0,165600.0
766,2021-10-06 02:39:01,57900.0,500.0,165300.0
767,2021-10-06 02:39:01,57800.0,500.0,164800.0
768,2021-10-06 02:38:59,57900.0,100.0,164300.0
769,2021-10-06 02:38:38,57700.0,500.0,164200.0
770,2021-10-06 02:38:38,57700.0,12100.0,163700.0
771,2021-10-06 02:38:27,57700.0,900.0,151600.0
772,2021-10-06 02:37:55,57700.0,600.0,150700.0
773,2021-10-06 02:37:55,57700.0,100.0,150100.0
774,2021-10-06 02:37:55,57700.0,100.0,150000.0
775,2021-10-06 02:37:55,57700.0,1200.0,149900.0
776,2021-10-06 02:37:17,57700.0,100.0,148700.0
777,2021-10-06 02:37:12,57900.0,100.0,148600.0
778,2021-10-06 02:37:08,57900.0,200.0,148500.0
779,2021-10-06 02:36:59,57900.0,300.0,148300.0
780,2021-10-06 02:36:39,57900.0,200.0,148000.0
781,2021-10-06 02:36:30,57900.0,200.0,147800.0
782,2021-10-06 02:36:30,57900.0,100.0,147600.0
783,2021-10-06 02:35:55,57700.0,200.0,147500.0
784,2021-10-06 02:35:42,57700.0,300.0,147300.0
785,2021-10-06 02:35:29,57500.0,1000.0,147000.0
786,2021-10-06 02:35:16,57500.0,100.0,146000.0
787,2021-10-06 02:35:16,57500.0,200.0,145900.0
788,2021-10-06 02:35:08,57500.0,800.0,145700.0
789,2021-10-06 02:35:08,57500.0,200.0,144900.0
790,2021-10-06 02:35:08,57500.0,500.0,144700.0
791,2021-10-06 02:34:47,57400.0,300.0,144200.0
792,2021-10-06 02:34:44,57400.0,500.0,143900.0
793,2021-10-06 02:34:44,57400.0,400.0,143400.0
794,2021-10-06 02:34:44,57400.0,2300.0,143000.0
795,2021-10-06 02:34:44,57400.0,1000.0,140700.0
796,2021-10-06 02:34:44,57400.0,100.0,139700.0
797,2021-10-06 02:34:44,57400.0,100.0,139600.0
798,2021-10-06 02:34:44,57400.0,300.0,139500.0
799,2021-10-06 02:34:44,57400.0,1000.0,139200.0
800,2021-10-06 02:34:42,57400.0,900.0,138200.0
801,2021-10-06 02:34:35,57400.0,300.0,137300.0
802,2021-10-06 02:34:17,57400.0,600.0,137000.0
803,2021-10-06 02:34:14,57200.0,100.0,136400.0
804,2021-10-06 02:34:14,57200.0,500.0,136300.0
805,2021-10-06 02:34:14,57200.0,500.0,135800.0
806,2021-10-06 02:34:14,57200.0,700.0,135300.0
807,2021-10-06 02:34:14,57200.0,200.0,134600.0
808,2021-10-06 02:34:14,57200.0,500.0,134400.0
809,2021-10-06 02:34:14,57300.0,500.0,133900.0
810,2021-10-06 02:34:14,57300.0,1000.0,133400.0
811,2021-10-06 02:34:05,57300.0,100.0,132400.0
812,2021-10-06 02:34:04,57400.0,100.0,132300.0
813,2021-10-06 02:34:01,57400.0,1000.0,132200.0
814,2021-10-06 02:33:47,57400.0,2000.0,131200.0
815,2021-10-06 02:33:12,57400.0,200.0,129200.0
816,2021-10-06 02:32:49,57400.0,200.0,129000.0
817,2021-10-06 02:32:38,57400.0,600.0,128800.0
818,2021-10-06 02:32:23,57400.0,500.0,128200.0
819,2021-10-06 02:31:41,57400.0,500.0,127700.0
820,2021-10-06 02:31:23,57400.0,100.0,127200.0
821,2021-10-06 02:31:23,57400.0,400.0,127100.0
822,2021-10-06 02:31:23,57400.0,500.0,126700.0
823,2021-10-06 02:31:23,57400.0,700.0,126200.0
824,2021-10-06 02:31:23,57400.0,5000.0,125500.0
825,2021-10-06 02:31:23,57400.0,200.0,120500.0
826,2021-10-06 02:31:23,57400.0,200.0,120300.0
827,2021-10-06 02:31:18,57500.0,200.0,120100.0
828,2021-10-06 02:31:16,57500.0,100.0,119900.0
829,2021-10-06 02:31:16,57500.0,100.0,119800.0
830,2021-10-06 02:31:16,57500.0,400.0,119700.0
831,2021-10-06 02:31:16,57500.0,300.0,119300.0
832,2021-10-06 02:31:16,57500.0,200.0,119000.0
833,2021-10-06 02:31:16,57500.0,100.0,118800.0
834,2021-10-06 02:31:16,57500.0,100.0,118700.0
835,2021-10-06 02:31:16,57500.0,200.0,118600.0
836,2021-10-06 02:31:16,57500.0,400.0,118400.0
837,2021-10-06 02:31:16,57500.0,300.0,118000.0
838,2021-10-06 02:31:16,57500.0,2000.0,117700.0
839,2021-10-06 02:31:16,57500.0,800.0,115700.0
840,2021-10-06 02:30:54,57500.0,100.0,114900.0
841,2021-10-06 02:30:54,57600.0,200.0,114800.0
842,2021-10-06 02:30:48,57600.0,100.0,114600.0
843,2021-10-06 02:30:45,57600.0,100.0,114500.0
844,2021-10-06 02:30:45,57600.0,100.0,114400.0
845,2021-10-06 02:30:45,57600.0,500.0,114300.0
846,2021-10-06 02:30:45,57600.0,400.0,113800.0
847,2021-10-06 02:30:23,57700.0,100.0,113400.0
848,2021-10-06 02:30:15,57600.0,500.0,113300.0
849,2021-10-06 02:30:12,57600.0,500.0,112800.0
850,2021-10-06 02:29:53,57600.0,600.0,112300.0
851,2021-10-06 02:29:53,57600.0,400.0,111700.0
852,2021-10-06 02:29:51,57600.0,100.0,111300.0
853,2021-10-06 02:29:46,57700.0,600.0,111200.0
854,2021-10-06 02:29:20,57600.0,400.0,110600.0
855,2021-10-06 02:29:20,57600.0,500.0,110200.0
856,2021-10-06 02:29:20,57600.0,1600.0,109700.0
857,2021-10-06 02:28:52,57700.0,100.0,108100.0
858,2021-10-06 02:28:39,57600.0,100.0,108000.0
859,2021-10-06 02:28:39,57600.0,100.0,107900.0
860,2021-10-06 02:28:31,57700.0,100.0,107800.0
861,2021-10-06 02:28:24,57700.0,100.0,107700.0
862,2021-10-06 02:28:24,57700.0,200.0,107600.0
863,2021-10-06 02:28:24,57700.0,3400.0,107400.0
864,2021-10-06 02:28:19,57700.0,1000.0,104000.0
865,2021-10-06 02:28:03,57700.0,100.0,103000.0
866,2021-10-06 02:28:00,57700.0,100.0,102900.0
867,2021-10-06 02:27:55,57700.0,100.0,102800.0
868,2021-10-06 02:27:54,57700.0,200.0,102700.0
869,2021-10-06 02:27:43,57700.0,100.0,102500.0
870,2021-10-06 02:27:34,57800.0,100.0,102400.0
871,2021-10-06 02:27:34,57800.0,4000.0,102300.0
872,2021-10-06 02:27:34,57800.0,100.0,98300.0
873,2021-10-06 02:27:34,57800.0,200.0,98200.0
874,2021-10-06 02:27:31,57900.0,700.0,98000.0
875,2021-10-06 02:27:23,57900.0,300.0,97300.0
876,2021-10-06 02:27:23,57900.0,200.0,97000.0
877,2021-10-06 02:27:22,57900.0,100.0,96800.0
878,2021-10-06 02:27:14,57900.0,100.0,96700.0
879,2021-10-06 02:26:49,58000.0,100.0,96600.0
880,2021-10-06 02:26:25,58000.0,4000.0,96500.0
881,2021-10-06 02:26:25,58000.0,500.0,92500.0
882,2021-10-06 02:26:25,58000.0,1000.0,92000.0
883,2021-10-06 02:26:25,58000.0,400.0,91000.0
884,2021-10-06 02:26:25,58000.0,5000.0,90600.0
885,2021-10-06 02:26:25,58000.0,2200.0,85600.0
886,2021-10-06 02:26:25,58000.0,100.0,83400.0
887,2021-10-06 02:26:25,58000.0,1000.0,83300.0
888,2021-10-06 02:26:25,58000.0,100.0,82300.0
889,2021-10-06 02:26:25,58000.0,300.0,82200.0
890,2021-10-06 02:26:25,58000.0,100.0,81900.0
891,2021-10-06 02:26:25,58000.0,200.0,81800.0
892,2021-10-06 02:26:25,58000.0,100.0,81600.0
893,2021-10-06 02:26:22,58100.0,400.0,81500.0
894,2021-10-06 02:26:16,58100.0,200.0,81100.0
895,2021-10-06 02:26:16,58100.0,100.0,80900.0
896,2021-10-06 02:26:16,58100.0,3000.0,80800.0
897,2021-10-06 02:26:13,58100.0,2000.0,77800.0
898,2021-10-06 02:26:01,58200.0,1600.0,75800.0
899,2021-10-06 02:26:01,58200.0,200.0,74200.0
900,2021-10-06 02:26:01,58200.0,400.0,74000.0
901,2021-10-06 02:26:01,58200.0,100.0,73600.0
902,2021-10-06 02:26:01,58200.0,3000.0,73500.0
903,2021-10-06 02:25:57,58200.0,100.0,70500.0
904,2021-10-06 02:25:56,58200.0,500.0,70400.0
905,2021-10-06 02:25:49,58200.0,1400.0,69900.0
906,2021-10-06 02:25:49,58200.0,600.0,68500.0
907,2021-10-06 02:25:18,58200.0,300.0,67900.0
908,2021-10-06 02:25:15,58300.0,1000.0,67600.0
909,2021-10-06 02:25:10,58200.0,100.0,66600.0
910,2021-10-06 02:25:08,58200.0,500.0,66500.0
911,2021-10-06 02:24:59,58200.0,200.0,66000.0
912,2021-10-06 02:24:51,58200.0,100.0,65800.0
913,2021-10-06 02:24:47,58200.0,400.0,65700.0
914,2021-10-06 02:24:44,58300.0,900.0,65300.0
915,2021-10-06 02:24:32,58200.0,100.0,64400.0
916,2021-10-06 02:24:23,58300.0,200.0,64300.0
917,2021-10-06 02:23:40,58300.0,300.0,64100.0
918,2021-10-06 02:23:19,58200.0,500.0,63800.0
919,2021-10-06 02:23:07,58200.0,2700.0,63300.0
920,2021-10-06 02:22:42,58200.0,200.0,60600.0
921,2021-10-06 02:22:32,58200.0,300.0,60400.0
922,2021-10-06 02:22:31,58200.0,300.0,60100.0
923,2021-10-06 02:22:24,58200.0,100.0,59800.0
924,2021-10-06 02:22:24,58100.0,900.0,59700.0
925,2021-10-06 02:22:13,58100.0,1000.0,58800.0
926,2021-10-06 02:22:13,58100.0,100.0,57800.0
927,2021-10-06 02:22:01,58200.0,5000.0,57700.0
928,2021-10-06 02:21:58,58300.0,200.0,52700.0
929,2021-10-06 02:21:55,58400.0,700.0,52500.0
930,2021-10-06 02:21:28,58400.0,100.0,51800.0
931,2021-10-06 02:21:22,58200.0,100.0,51700.0
932,2021-10-06 02:21:18,58300.0,100.0,51600.0
933,2021-10-06 02:21:14,58300.0,200.0,51500.0
934,2021-10-06 02:21:14,58300.0,300.0,51300.0
935,2021-10-06 02:20:17,58300.0,300.0,51000.0
936,2021-10-06 02:20:15,58300.0,200.0,50700.0
937,2021-10-06 02:20:15,58300.0,100.0,50500.0
938,2021-10-06 02:20:15,58300.0,400.0,50400.0
939,2021-10-06 02:20:10,58300.0,500.0,50000.0
940,2021-10-06 02:19:36,58400.0,100.0,49500.0
941,2021-10-06 02:19:36,58400.0,700.0,49400.0
942,2021-10-06 02:19:32,58300.0,2500.0,48700.0
943,2021-10-06 02:19:31,58300.0,1000.0,46200.0
944,2021-10-06 02:19:28,58300.0,100.0,45200.0
945,2021-10-06 02:19:05,58400.0,700.0,45100.0
946,2021-10-06 02:19:05,58400.0,200.0,44400.0
947,2021-10-06 02:19:05,58300.0,100.0,44200.0
948,2021-10-06 02:19:03,58300.0,400.0,44100.0
949,2021-10-06 02:19:03,58000.0,100.0,43700.0
950,2021-10-06 02:19:01,58000.0,500.0,43600.0
951,2021-10-06 02:19:01,58100.0,400.0,43100.0
952,2021-10-06 02:18:51,58400.0,400.0,42700.0
953,2021-10-06 02:18:51,58300.0,1600.0,42300.0
954,2021-10-06 02:18:51,58300.0,300.0,40700.0
955,2021-10-06 02:18:42,58300.0,100.0,40400.0
956,2021-10-06 02:18:39,58400.0,100.0,40300.0
957,2021-10-06 02:18:35,58400.0,1000.0,40200.0
958,2021-10-06 02:18:27,58400.0,500.0,39200.0
959,2021-10-06 02:18:18,58400.0,100.0,38700.0
960,2021-10-06 02:18:15,58400.0,2000.0,38600.0
961,2021-10-06 02:18:15,58400.0,2600.0,36600.0
962,2021-10-06 02:18:15,58400.0,400.0,34000.0
963,2021-10-06 02:18:15,58400.0,700.0,33600.0
964,2021-10-06 02:18:15,58400.0,100.0,32900.0
965,2021-10-06 02:18:15,58400.0,1900.0,32800.0
966,2021-10-06 02:18:11,58400.0,100.0,30900.0
967,2021-10-06 02:18:08,58400.0,3300.0,30800.0
968,2021-10-06 02:18:07,58600.0,200.0,27500.0
969,2021-10-06 02:18:05,58600.0,300.0,27300.0
970,2021-10-06 02:18:00,58600.0,200.0,27000.0
971,2021-10-06 02:17:54,58800.0,100.0,26800.0
972,2021-10-06 02:17:53,58800.0,100.0,26700.0
973,2021-10-06 02:17:53,58800.0,100.0,26600.0
974,2021-10-06 02:17:53,58800.0,300.0,26500.0
975,2021-10-06 02:17:53,58800.0,400.0,26200.0
976,2021-10-06 02:17:53,58800.0,2400.0,25800.0
977,2021-10-06 02:17:50,58900.0,400.0,23400.0
978,2021-10-06 02:17:43,58800.0,500.0,23000.0
979,2021-10-06 02:17:42,58800.0,200.0,22500.0
980,2021-10-06 02:17:42,58800.0,900.0,22300.0
981,2021-10-06 02:17:42,58800.0,1000.0,21400.0
982,2021-10-06 02:17:37,58800.0,100.0,20400.0
983,2021-10-06 02:17:31,58800.0,300.0,20300.0
984,2021-10-06 02:17:29,58800.0,100.0,20000.0
985,2021-10-06 02:17:18,58600.0,200.0,19900.0
986,2021-10-06 02:17:09,58400.0,3000.0,19700.0
987,2021-10-06 02:16:58,58400.0,300.0,16700.0
988,2021-10-06 02:16:58,58400.0,500.0,16400.0
989,2021-10-06 02:16:58,58300.0,900.0,15900.0
990,2021-10-06 02:16:45,58300.0,100.0,15000.0
991,2021-10-06 02:15:25,57400.0,100.0,14900.0
992,2021-10-06 02:15:25,57500.0,700.0,14800.0
993,2021-10-06 02:15:25,57500.0,100.0,14100.0
994,2021-10-06 02:15:25,57900.0,100.0,14000.0
995,2021-10-06 02:15:25,58000.0,100.0,13900.0
996,2021-10-06 02:15:25,58000.0,100.0,13800.0
997,2021-10-06 02:15:01,58500.0,200.0,13700.0
998,2021-10-06 02:15:01,58500.0,500.0,13500.0
999,2021-10-06 02:15:01,58500.0,300.0,13000.0
1000,2021-10-06 02:15:01,58500.0,200.0,12700.0
1001,2021-10-06 02:15:01,58500.0,100.0,12500.0
1002,2021-10-06 02:15:01,58500.0,100.0,12400.0
1003,2021-10-06 02:15:01,58500.0,500.0,12300.0
1004,2021-10-06 02:15:01,58500.0,700.0,11800.0
1005,2021-10-06 02:15:01,58500.0,300.0,11100.0
1006,2021-10-06 02:15:01,58500.0,200.0,10800.0
1007,2021-10-06 02:15:01,58500.0,100.0,10600.0
1008,2021-10-06 02:15:01,58500.0,200.0,10500.0
1009,2021-10-06 02:15:01,58500.0,500.0,10300.0
1010,2021-10-06 02:15:01,58500.0,1100.0,9800.0
1011,2021-10-06 02:15:01,58500.0,500.0,8700.0
1012,2021-10-06 02:15:01,58500.0,600.0,8200.0
1013,2021-10-06 02:15:01,58500.0,1100.0,7600.0
1014,2021-10-06 02:15:01,58500.0,1500.0,6500.0
1015,2021-10-06 02:15:01,58500.0,2000.0,5000.0
1016,2021-10-06 02:15:01,58500.0,100.0,3000.0
1017,2021-10-06 02:15:01,58500.0,100.0,2900.0
1018,2021-10-06 02:15:01,58500.0,100.0,2800.0
1019,2021-10-06 02:15:01,58500.0,100.0,2700.0
1020,2021-10-06 02:15:01,58500.0,100.0,2600.0
1021,2021-10-06 02:15:01,58500.0,200.0,2500.0
1022,2021-10-06 02:15:01,58500.0,200.0,2300.0
1023,2021-10-06 02:15:01,58500.0,100.0,2100.0
1024,2021-10-06 02:15:01,58500.0,100.0,2000.0
1025,2021-10-06 02:15:01,58500.0,100.0,1900.0
1026,2021-10-06 02:15:01,58500.0,1000.0,1800.0
1027,2021-10-06 02:15:01,58500.0,100.0,800.0
1028,2021-10-06 02:15:01,58500.0,200.0,700.0
1029,2021-10-06 02:15:01,58500.0,200.0,500.0
1030,2021-10-06 02:15:01,58500.0,300.0,300.0
