,Time,Price,Volume_per_trade,Volume
0,2021-10-06 07:45:00,6200.0,500.0,853800.0
1,2021-10-06 07:45:00,6200.0,2000.0,853300.0
2,2021-10-06 07:45:00,6200.0,1900.0,851300.0
3,2021-10-06 07:45:00,6200.0,100.0,849400.0
4,2021-10-06 07:45:00,6200.0,100.0,849300.0
5,2021-10-06 07:45:00,6200.0,1400.0,849200.0
6,2021-10-06 07:45:00,6200.0,1000.0,847800.0
7,2021-10-06 07:45:00,6200.0,500.0,846800.0
8,2021-10-06 07:45:00,6200.0,500.0,846300.0
9,2021-10-06 07:45:00,6200.0,100.0,845800.0
10,2021-10-06 07:45:00,6200.0,300.0,845700.0
11,2021-10-06 07:45:00,6200.0,500.0,845400.0
12,2021-10-06 07:45:00,6200.0,400.0,844900.0
13,2021-10-06 07:45:00,6200.0,400.0,844500.0
14,2021-10-06 07:45:00,6200.0,200.0,844100.0
15,2021-10-06 07:45:00,6200.0,800.0,843900.0
16,2021-10-06 07:45:00,6200.0,100.0,843100.0
17,2021-10-06 07:45:00,6200.0,200.0,843000.0
18,2021-10-06 07:45:00,6200.0,700.0,842800.0
19,2021-10-06 07:45:00,6200.0,800.0,842100.0
20,2021-10-06 07:45:00,6200.0,400.0,841300.0
21,2021-10-06 07:45:00,6200.0,100.0,840900.0
22,2021-10-06 07:45:00,6200.0,200.0,840800.0
23,2021-10-06 07:45:00,6200.0,200.0,840600.0
24,2021-10-06 07:45:00,6200.0,2100.0,840400.0
25,2021-10-06 07:45:00,6200.0,100.0,838300.0
26,2021-10-06 07:45:00,6200.0,100.0,838200.0
27,2021-10-06 07:45:00,6200.0,100.0,838100.0
28,2021-10-06 07:45:00,6200.0,100.0,838000.0
29,2021-10-06 07:45:00,6200.0,100.0,837900.0
30,2021-10-06 07:45:00,6200.0,100.0,837800.0
31,2021-10-06 07:45:00,6200.0,100.0,837700.0
32,2021-10-06 07:45:00,6200.0,100.0,837600.0
33,2021-10-06 07:45:00,6200.0,100.0,837500.0
34,2021-10-06 07:45:00,6200.0,200.0,837400.0
35,2021-10-06 07:45:00,6200.0,300.0,837200.0
36,2021-10-06 07:45:00,6200.0,100.0,836900.0
37,2021-10-06 07:45:00,6200.0,400.0,836800.0
38,2021-10-06 07:45:00,6200.0,600.0,836400.0
39,2021-10-06 07:45:00,6200.0,100.0,835800.0
40,2021-10-06 07:29:58,6200.0,500.0,835700.0
41,2021-10-06 07:29:58,6200.0,2000.0,835200.0
42,2021-10-06 07:29:58,6200.0,2400.0,833200.0
43,2021-10-06 07:29:56,6200.0,100.0,830800.0
44,2021-10-06 07:29:56,6200.0,5000.0,830700.0
45,2021-10-06 07:29:10,6200.0,1500.0,825700.0
46,2021-10-06 07:29:10,6200.0,100.0,824200.0
47,2021-10-06 07:29:10,6200.0,3800.0,824100.0
48,2021-10-06 07:29:10,6190.0,100.0,820300.0
49,2021-10-06 07:29:10,6190.0,4000.0,820200.0
50,2021-10-06 07:29:10,6190.0,100.0,816200.0
51,2021-10-06 07:29:10,6190.0,100.0,816100.0
52,2021-10-06 07:29:10,6190.0,1000.0,816000.0
53,2021-10-06 07:29:10,6180.0,300.0,815000.0
54,2021-10-06 07:29:10,6180.0,300.0,814700.0
55,2021-10-06 07:29:10,6180.0,100.0,814400.0
56,2021-10-06 07:29:10,6180.0,300.0,814300.0
57,2021-10-06 07:28:34,6180.0,300.0,814000.0
58,2021-10-06 07:27:56,6180.0,600.0,813700.0
59,2021-10-06 07:27:56,6180.0,100.0,813100.0
60,2021-10-06 07:27:56,6180.0,400.0,813000.0
61,2021-10-06 07:27:56,6180.0,300.0,812600.0
62,2021-10-06 07:26:53,6170.0,1200.0,812300.0
63,2021-10-06 07:26:23,6170.0,13000.0,811100.0
64,2021-10-06 07:26:23,6170.0,2000.0,798100.0
65,2021-10-06 07:24:04,6180.0,100.0,796100.0
66,2021-10-06 07:22:29,6180.0,500.0,796000.0
67,2021-10-06 07:20:39,6180.0,100.0,795500.0
68,2021-10-06 07:20:27,6180.0,2000.0,795400.0
69,2021-10-06 07:20:27,6180.0,100.0,793400.0
70,2021-10-06 07:20:27,6180.0,2000.0,793300.0
71,2021-10-06 07:20:27,6180.0,600.0,791300.0
72,2021-10-06 07:20:27,6180.0,300.0,790700.0
73,2021-10-06 07:18:23,6160.0,1000.0,790400.0
74,2021-10-06 07:18:23,6160.0,100.0,789400.0
75,2021-10-06 07:18:23,6170.0,100.0,789300.0
76,2021-10-06 07:18:07,6170.0,1900.0,789200.0
77,2021-10-06 07:18:07,6170.0,100.0,787300.0
78,2021-10-06 07:17:34,6170.0,100.0,787200.0
79,2021-10-06 07:17:34,6170.0,100.0,787100.0
80,2021-10-06 07:17:19,6170.0,100.0,787000.0
81,2021-10-06 07:17:16,6180.0,500.0,786900.0
82,2021-10-06 07:14:48,6180.0,100.0,786400.0
83,2021-10-06 07:13:11,6180.0,1000.0,786300.0
84,2021-10-06 07:12:55,6180.0,400.0,785300.0
85,2021-10-06 07:12:05,6180.0,100.0,784900.0
86,2021-10-06 07:10:22,6170.0,1900.0,784800.0
87,2021-10-06 07:10:22,6170.0,1300.0,782900.0
88,2021-10-06 07:10:22,6170.0,1000.0,781600.0
89,2021-10-06 07:10:22,6170.0,200.0,780600.0
90,2021-10-06 07:10:22,6170.0,600.0,780400.0
91,2021-10-06 07:10:20,6180.0,1200.0,779800.0
92,2021-10-06 07:09:58,6180.0,2400.0,778600.0
93,2021-10-06 07:09:56,6180.0,200.0,776200.0
94,2021-10-06 07:09:54,6180.0,700.0,776000.0
95,2021-10-06 07:08:34,6180.0,3500.0,775300.0
96,2021-10-06 07:08:34,6180.0,3200.0,771800.0
97,2021-10-06 07:07:32,6170.0,400.0,768600.0
98,2021-10-06 07:07:32,6170.0,600.0,768200.0
99,2021-10-06 07:07:17,6190.0,300.0,767600.0
100,2021-10-06 07:06:28,6170.0,1000.0,767300.0
101,2021-10-06 07:06:24,6190.0,200.0,766300.0
102,2021-10-06 07:05:47,6180.0,200.0,766100.0
103,2021-10-06 07:05:47,6180.0,1000.0,765900.0
104,2021-10-06 07:05:47,6180.0,1800.0,764900.0
105,2021-10-06 07:03:40,6180.0,100.0,763100.0
106,2021-10-06 07:03:02,6180.0,200.0,763000.0
107,2021-10-06 07:02:13,6170.0,1400.0,762800.0
108,2021-10-06 07:01:51,6170.0,100.0,761400.0
109,2021-10-06 07:01:03,6170.0,100.0,761300.0
110,2021-10-06 07:00:42,6160.0,1000.0,761200.0
111,2021-10-06 07:00:42,6160.0,900.0,760200.0
112,2021-10-06 07:00:31,6160.0,600.0,759300.0
113,2021-10-06 07:00:28,6160.0,200.0,758700.0
114,2021-10-06 06:58:40,6160.0,1000.0,758500.0
115,2021-10-06 06:55:32,6150.0,100.0,757500.0
116,2021-10-06 06:55:32,6150.0,200.0,757400.0
117,2021-10-06 06:53:40,6160.0,400.0,757200.0
118,2021-10-06 06:53:21,6160.0,900.0,756800.0
119,2021-10-06 06:52:36,6150.0,4000.0,755900.0
120,2021-10-06 06:52:36,6150.0,1000.0,751900.0
121,2021-10-06 06:52:31,6160.0,1500.0,750900.0
122,2021-10-06 06:51:39,6170.0,300.0,749400.0
123,2021-10-06 06:51:39,6170.0,100.0,749100.0
124,2021-10-06 06:48:50,6170.0,400.0,749000.0
125,2021-10-06 06:48:35,6170.0,200.0,748600.0
126,2021-10-06 06:46:49,6180.0,500.0,748400.0
127,2021-10-06 06:46:49,6180.0,400.0,747900.0
128,2021-10-06 06:46:49,6180.0,1000.0,747500.0
129,2021-10-06 06:46:17,6190.0,100.0,746500.0
130,2021-10-06 06:45:15,6190.0,300.0,746400.0
131,2021-10-06 06:44:32,6190.0,1000.0,746100.0
132,2021-10-06 06:44:16,6190.0,600.0,745100.0
133,2021-10-06 06:44:06,6180.0,400.0,744500.0
134,2021-10-06 06:43:48,6190.0,200.0,744100.0
135,2021-10-06 06:43:48,6190.0,200.0,743900.0
136,2021-10-06 06:43:48,6190.0,800.0,743700.0
137,2021-10-06 06:43:48,6190.0,1300.0,742900.0
138,2021-10-06 06:43:35,6190.0,500.0,741600.0
139,2021-10-06 06:43:19,6190.0,500.0,741100.0
140,2021-10-06 06:43:03,6200.0,300.0,740600.0
141,2021-10-06 06:39:50,6200.0,300.0,740300.0
142,2021-10-06 06:39:21,6200.0,200.0,740000.0
143,2021-10-06 06:39:12,6200.0,300.0,739800.0
144,2021-10-06 06:39:08,6200.0,100.0,739500.0
145,2021-10-06 06:39:08,6200.0,900.0,739400.0
146,2021-10-06 06:38:51,6200.0,2800.0,738500.0
147,2021-10-06 06:38:48,6190.0,100.0,735700.0
148,2021-10-06 06:38:46,6200.0,2000.0,735600.0
149,2021-10-06 06:38:37,6200.0,300.0,733600.0
150,2021-10-06 06:38:16,6190.0,500.0,733300.0
151,2021-10-06 06:38:13,6190.0,2100.0,732800.0
152,2021-10-06 06:38:06,6190.0,100.0,730700.0
153,2021-10-06 06:37:50,6190.0,2800.0,730600.0
154,2021-10-06 06:37:50,6190.0,100.0,727800.0
155,2021-10-06 06:37:50,6190.0,300.0,727700.0
156,2021-10-06 06:37:46,6190.0,200.0,727400.0
157,2021-10-06 06:37:19,6190.0,4000.0,727200.0
158,2021-10-06 06:37:03,6190.0,4100.0,723200.0
159,2021-10-06 06:37:03,6190.0,5400.0,719100.0
160,2021-10-06 06:36:34,6190.0,100.0,713700.0
161,2021-10-06 06:35:45,6150.0,100.0,713600.0
162,2021-10-06 06:34:24,6150.0,100.0,713500.0
163,2021-10-06 06:33:38,6150.0,100.0,713400.0
164,2021-10-06 06:33:03,6150.0,200.0,713300.0
165,2021-10-06 06:33:03,6150.0,300.0,713100.0
166,2021-10-06 06:33:02,6150.0,200.0,712800.0
167,2021-10-06 06:33:02,6150.0,200.0,712600.0
168,2021-10-06 06:33:02,6150.0,100.0,712400.0
169,2021-10-06 06:32:59,6150.0,100.0,712300.0
170,2021-10-06 06:32:38,6150.0,100.0,712200.0
171,2021-10-06 06:32:38,6150.0,100.0,712100.0
172,2021-10-06 06:32:38,6150.0,100.0,712000.0
173,2021-10-06 06:32:38,6150.0,100.0,711900.0
174,2021-10-06 06:32:38,6150.0,200.0,711800.0
175,2021-10-06 06:32:38,6140.0,200.0,711600.0
176,2021-10-06 06:32:16,6130.0,200.0,711400.0
177,2021-10-06 06:32:07,6130.0,400.0,711200.0
178,2021-10-06 06:32:07,6130.0,2000.0,710800.0
179,2021-10-06 06:32:07,6120.0,600.0,708800.0
180,2021-10-06 06:31:39,6120.0,4400.0,708200.0
181,2021-10-06 06:31:39,6120.0,100.0,703800.0
182,2021-10-06 06:31:39,6120.0,200.0,703700.0
183,2021-10-06 06:31:39,6120.0,300.0,703500.0
184,2021-10-06 06:31:20,6120.0,200.0,703200.0
185,2021-10-06 06:31:09,6120.0,4000.0,703000.0
186,2021-10-06 06:30:53,6120.0,6000.0,699000.0
187,2021-10-06 06:30:53,6110.0,2000.0,693000.0
188,2021-10-06 06:30:31,6110.0,100.0,691000.0
189,2021-10-06 06:30:25,6100.0,100.0,690900.0
190,2021-10-06 06:30:25,6100.0,100.0,690800.0
191,2021-10-06 06:30:25,6100.0,5000.0,690700.0
192,2021-10-06 06:30:25,6100.0,4000.0,685700.0
193,2021-10-06 06:30:25,6100.0,200.0,681700.0
194,2021-10-06 06:30:25,6100.0,300.0,681500.0
195,2021-10-06 06:30:15,6100.0,700.0,681200.0
196,2021-10-06 06:30:15,6100.0,200.0,680500.0
197,2021-10-06 06:30:01,6100.0,100.0,680300.0
198,2021-10-06 06:29:54,6100.0,100.0,680200.0
199,2021-10-06 06:29:54,6100.0,4000.0,680100.0
200,2021-10-06 06:29:54,6100.0,500.0,676100.0
201,2021-10-06 06:29:54,6100.0,12000.0,675600.0
202,2021-10-06 06:29:54,6100.0,3000.0,663600.0
203,2021-10-06 06:29:54,6100.0,400.0,660600.0
204,2021-10-06 06:29:46,6100.0,600.0,660200.0
205,2021-10-06 06:29:46,6100.0,100.0,659600.0
206,2021-10-06 06:29:46,6100.0,300.0,659500.0
207,2021-10-06 06:29:20,6100.0,1200.0,659200.0
208,2021-10-06 06:29:20,6100.0,9100.0,658000.0
209,2021-10-06 06:29:20,6090.0,10000.0,648900.0
210,2021-10-06 06:29:20,6080.0,300.0,638900.0
211,2021-10-06 06:29:20,6080.0,100.0,638600.0
212,2021-10-06 06:29:20,6080.0,5000.0,638500.0
213,2021-10-06 06:29:20,6080.0,24300.0,633500.0
214,2021-10-06 06:28:37,6080.0,700.0,609200.0
215,2021-10-06 06:26:45,6080.0,200.0,608500.0
216,2021-10-06 06:26:27,6070.0,3500.0,608300.0
217,2021-10-06 06:25:02,6070.0,200.0,604800.0
218,2021-10-06 06:25:02,6070.0,300.0,604600.0
219,2021-10-06 06:25:02,6070.0,200.0,604300.0
220,2021-10-06 06:25:02,6070.0,5000.0,604100.0
221,2021-10-06 06:25:02,6070.0,100.0,599100.0
222,2021-10-06 06:25:02,6070.0,1500.0,599000.0
223,2021-10-06 06:23:55,6070.0,100.0,597500.0
224,2021-10-06 06:23:47,6060.0,800.0,597400.0
225,2021-10-06 06:23:35,6060.0,1700.0,596600.0
226,2021-10-06 06:23:18,6060.0,1400.0,594900.0
227,2021-10-06 06:23:00,6060.0,1200.0,593500.0
228,2021-10-06 06:23:00,6060.0,5000.0,592300.0
229,2021-10-06 06:23:00,6060.0,2400.0,587300.0
230,2021-10-06 06:22:42,6060.0,200.0,584900.0
231,2021-10-06 06:22:38,6060.0,1500.0,584700.0
232,2021-10-06 06:22:15,6060.0,100.0,583200.0
233,2021-10-06 06:22:15,6050.0,6900.0,583100.0
234,2021-10-06 06:21:10,6050.0,1300.0,576200.0
235,2021-10-06 06:21:10,6050.0,300.0,574900.0
236,2021-10-06 06:21:10,6050.0,400.0,574600.0
237,2021-10-06 06:21:03,6050.0,10000.0,574200.0
238,2021-10-06 06:21:03,6050.0,3000.0,564200.0
239,2021-10-06 06:20:40,6050.0,20600.0,561200.0
240,2021-10-06 06:20:39,6040.0,3000.0,540600.0
241,2021-10-06 06:20:39,6050.0,5000.0,537600.0
242,2021-10-06 06:20:05,6050.0,5000.0,532600.0
243,2021-10-06 06:19:32,6040.0,5500.0,527600.0
244,2021-10-06 06:18:22,6030.0,500.0,522100.0
245,2021-10-06 06:18:10,6030.0,10000.0,521600.0
246,2021-10-06 06:17:51,6030.0,2400.0,511600.0
247,2021-10-06 06:17:51,6030.0,500.0,509200.0
248,2021-10-06 06:17:51,6030.0,1000.0,508700.0
249,2021-10-06 06:17:51,6030.0,500.0,507700.0
250,2021-10-06 06:17:51,6030.0,100.0,507200.0
251,2021-10-06 06:17:51,6030.0,7600.0,507100.0
252,2021-10-06 06:17:51,6030.0,100.0,499500.0
253,2021-10-06 06:17:51,6030.0,5000.0,499400.0
254,2021-10-06 06:17:51,6030.0,3000.0,494400.0
255,2021-10-06 06:17:51,6040.0,5900.0,491400.0
256,2021-10-06 06:17:51,6040.0,300.0,485500.0
257,2021-10-06 06:17:51,6040.0,300.0,485200.0
258,2021-10-06 06:17:51,6040.0,1500.0,484900.0
259,2021-10-06 06:17:51,6040.0,200.0,483400.0
260,2021-10-06 06:17:51,6040.0,400.0,483200.0
261,2021-10-06 06:17:51,6050.0,300.0,482800.0
262,2021-10-06 06:17:51,6050.0,900.0,482500.0
263,2021-10-06 06:17:03,6050.0,100.0,481600.0
264,2021-10-06 06:17:02,6050.0,17000.0,481500.0
265,2021-10-06 06:17:02,6050.0,2000.0,464500.0
266,2021-10-06 06:16:58,6040.0,800.0,462500.0
267,2021-10-06 06:16:58,6040.0,200.0,461700.0
268,2021-10-06 06:16:19,6040.0,2800.0,461500.0
269,2021-10-06 06:16:19,6040.0,100.0,458700.0
270,2021-10-06 06:16:19,6040.0,100.0,458600.0
271,2021-10-06 06:16:19,6050.0,2300.0,458500.0
272,2021-10-06 06:16:03,6040.0,500.0,456200.0
273,2021-10-06 06:14:31,6040.0,500.0,455700.0
274,2021-10-06 06:14:31,6040.0,500.0,455200.0
275,2021-10-06 06:14:16,6050.0,200.0,454700.0
276,2021-10-06 06:13:46,6050.0,3000.0,454500.0
277,2021-10-06 06:13:23,6050.0,200.0,451500.0
278,2021-10-06 06:13:23,6050.0,3000.0,451300.0
279,2021-10-06 06:12:56,6040.0,500.0,448300.0
280,2021-10-06 06:12:56,6040.0,100.0,447800.0
281,2021-10-06 06:12:30,6040.0,900.0,447700.0
282,2021-10-06 06:12:30,6040.0,100.0,446800.0
283,2021-10-06 06:12:30,6040.0,2000.0,446700.0
284,2021-10-06 06:11:34,6040.0,11000.0,444700.0
285,2021-10-06 06:10:14,6040.0,1000.0,433700.0
286,2021-10-06 06:09:57,6040.0,500.0,432700.0
287,2021-10-06 06:09:07,6040.0,500.0,432200.0
288,2021-10-06 06:08:11,6040.0,100.0,431700.0
289,2021-10-06 06:07:59,6040.0,900.0,431600.0
290,2021-10-06 06:07:59,6040.0,200.0,430700.0
291,2021-10-06 06:07:59,6040.0,3900.0,430500.0
292,2021-10-06 06:07:45,6040.0,4100.0,426600.0
293,2021-10-06 06:07:45,6040.0,900.0,422500.0
294,2021-10-06 06:07:27,6040.0,100.0,421600.0
295,2021-10-06 06:07:27,6040.0,100.0,421500.0
296,2021-10-06 06:07:27,6050.0,300.0,421400.0
297,2021-10-06 06:07:03,6050.0,3500.0,421100.0
298,2021-10-06 06:07:03,6050.0,12200.0,417600.0
299,2021-10-06 06:06:04,6050.0,2800.0,405400.0
300,2021-10-06 06:06:04,6050.0,100.0,402600.0
301,2021-10-06 06:06:04,6050.0,100.0,402500.0
302,2021-10-06 06:05:22,6060.0,2000.0,402400.0
303,2021-10-06 06:04:33,6060.0,500.0,400400.0
304,2021-10-06 06:04:25,6050.0,900.0,399900.0
305,2021-10-06 06:04:18,6050.0,1000.0,399000.0
306,2021-10-06 06:04:16,6050.0,600.0,398000.0
307,2021-10-06 06:04:10,6050.0,1000.0,397400.0
308,2021-10-06 06:03:24,6050.0,400.0,396400.0
309,2021-10-06 06:03:24,6050.0,100.0,396000.0
310,2021-10-06 06:02:43,6050.0,100.0,395900.0
311,2021-10-06 06:01:52,6050.0,400.0,395800.0
312,2021-10-06 06:01:52,6050.0,200.0,395400.0
313,2021-10-06 06:01:52,6050.0,900.0,395200.0
314,2021-10-06 06:01:52,6050.0,1000.0,394300.0
315,2021-10-06 06:01:52,6050.0,100.0,393300.0
316,2021-10-06 06:01:52,6050.0,500.0,393200.0
317,2021-10-06 06:01:52,6050.0,200.0,392700.0
318,2021-10-06 06:01:52,6050.0,100.0,392500.0
319,2021-10-06 06:00:07,6060.0,1000.0,392400.0
320,2021-10-06 06:00:03,6060.0,100.0,391400.0
321,2021-10-06 06:00:02,6060.0,1000.0,391300.0
322,2021-10-06 04:29:51,6060.0,100.0,390300.0
323,2021-10-06 04:26:04,6060.0,600.0,390200.0
324,2021-10-06 04:25:30,6060.0,100.0,389600.0
325,2021-10-06 04:25:27,6050.0,100.0,389500.0
326,2021-10-06 04:25:27,6050.0,1000.0,389400.0
327,2021-10-06 04:25:27,6050.0,500.0,388400.0
328,2021-10-06 04:25:13,6060.0,500.0,387900.0
329,2021-10-06 04:24:50,6060.0,100.0,387400.0
330,2021-10-06 04:23:45,6050.0,2000.0,387300.0
331,2021-10-06 04:23:45,6050.0,100.0,385300.0
332,2021-10-06 04:23:45,6050.0,300.0,385200.0
333,2021-10-06 04:23:45,6050.0,1000.0,384900.0
334,2021-10-06 04:23:45,6050.0,200.0,383900.0
335,2021-10-06 04:23:45,6050.0,100.0,383700.0
336,2021-10-06 04:23:45,6050.0,300.0,383600.0
337,2021-10-06 04:23:45,6050.0,1000.0,383300.0
338,2021-10-06 04:22:31,6060.0,1100.0,382300.0
339,2021-10-06 04:22:24,6060.0,600.0,381200.0
340,2021-10-06 04:22:24,6060.0,400.0,380600.0
341,2021-10-06 04:22:24,6060.0,100.0,380200.0
342,2021-10-06 04:22:24,6060.0,1000.0,380100.0
343,2021-10-06 04:22:24,6060.0,100.0,379100.0
344,2021-10-06 04:22:24,6060.0,200.0,379000.0
345,2021-10-06 04:22:21,6060.0,300.0,378800.0
346,2021-10-06 04:22:21,6060.0,200.0,378500.0
347,2021-10-06 04:21:10,6060.0,100.0,378300.0
348,2021-10-06 04:21:10,6060.0,6000.0,378200.0
349,2021-10-06 04:21:10,6060.0,1000.0,372200.0
350,2021-10-06 04:21:10,6060.0,1000.0,371200.0
351,2021-10-06 04:21:10,6060.0,1000.0,370200.0
352,2021-10-06 04:21:10,6060.0,900.0,369200.0
353,2021-10-06 04:20:05,6070.0,100.0,368300.0
354,2021-10-06 04:19:49,6060.0,100.0,368200.0
355,2021-10-06 04:19:49,6060.0,1000.0,368100.0
356,2021-10-06 04:19:49,6060.0,800.0,367100.0
357,2021-10-06 04:19:14,6060.0,200.0,366300.0
358,2021-10-06 04:19:14,6060.0,1000.0,366100.0
359,2021-10-06 04:19:14,6060.0,1000.0,365100.0
360,2021-10-06 04:19:14,6060.0,1000.0,364100.0
361,2021-10-06 04:19:14,6060.0,1000.0,363100.0
362,2021-10-06 04:19:14,6060.0,5800.0,362100.0
363,2021-10-06 04:18:45,6070.0,400.0,356300.0
364,2021-10-06 04:18:23,6070.0,500.0,355900.0
365,2021-10-06 04:17:19,6070.0,100.0,355400.0
366,2021-10-06 04:17:13,6070.0,500.0,355300.0
367,2021-10-06 04:15:21,6070.0,1800.0,354800.0
368,2021-10-06 04:15:21,6070.0,2200.0,353000.0
369,2021-10-06 04:12:32,6070.0,100.0,350800.0
370,2021-10-06 04:11:23,6070.0,100.0,350700.0
371,2021-10-06 04:07:19,6070.0,3300.0,350600.0
372,2021-10-06 04:06:23,6070.0,200.0,347300.0
373,2021-10-06 04:04:59,6070.0,1000.0,347100.0
374,2021-10-06 04:04:59,6070.0,3100.0,346100.0
375,2021-10-06 04:04:40,6070.0,900.0,343000.0
376,2021-10-06 04:04:22,6070.0,5600.0,342100.0
377,2021-10-06 04:03:31,6070.0,5400.0,336500.0
378,2021-10-06 04:01:06,6070.0,2300.0,331100.0
379,2021-10-06 04:01:06,6070.0,800.0,328800.0
380,2021-10-06 04:01:06,6070.0,400.0,328000.0
381,2021-10-06 04:01:06,6070.0,200.0,327600.0
382,2021-10-06 04:01:06,6070.0,800.0,327400.0
383,2021-10-06 04:00:09,6070.0,500.0,326600.0
384,2021-10-06 03:59:40,6070.0,500.0,326100.0
385,2021-10-06 03:57:50,6070.0,100.0,325600.0
386,2021-10-06 03:57:41,6070.0,1000.0,325500.0
387,2021-10-06 03:57:13,6070.0,3000.0,324500.0
388,2021-10-06 03:57:03,6070.0,4100.0,321500.0
389,2021-10-06 03:57:03,6070.0,900.0,317400.0
390,2021-10-06 03:55:38,6070.0,100.0,316500.0
391,2021-10-06 03:55:38,6070.0,300.0,316400.0
392,2021-10-06 03:52:56,6070.0,2000.0,316100.0
393,2021-10-06 03:51:39,6070.0,100.0,314100.0
394,2021-10-06 03:51:39,6070.0,3000.0,314000.0
395,2021-10-06 03:51:39,6070.0,1000.0,311000.0
396,2021-10-06 03:51:39,6070.0,3000.0,310000.0
397,2021-10-06 03:51:39,6070.0,600.0,307000.0
398,2021-10-06 03:51:08,6060.0,1000.0,306400.0
399,2021-10-06 03:50:22,6060.0,200.0,305400.0
400,2021-10-06 03:50:22,6060.0,800.0,305200.0
401,2021-10-06 03:48:22,6070.0,5800.0,304400.0
402,2021-10-06 03:44:59,6060.0,3700.0,298600.0
403,2021-10-06 03:44:59,6060.0,100.0,294900.0
404,2021-10-06 03:44:59,6060.0,200.0,294800.0
405,2021-10-06 03:44:59,6060.0,1000.0,294600.0
406,2021-10-06 03:43:13,6060.0,1000.0,293600.0
407,2021-10-06 03:43:13,6060.0,1000.0,292600.0
408,2021-10-06 03:43:13,6060.0,200.0,291600.0
409,2021-10-06 03:43:13,6060.0,300.0,291400.0
410,2021-10-06 03:43:13,6060.0,100.0,291100.0
411,2021-10-06 03:43:13,6060.0,100.0,291000.0
412,2021-10-06 03:43:13,6060.0,100.0,290900.0
413,2021-10-06 03:43:13,6060.0,100.0,290800.0
414,2021-10-06 03:43:13,6060.0,100.0,290700.0
415,2021-10-06 03:41:55,6060.0,2000.0,290600.0
416,2021-10-06 03:41:47,6070.0,200.0,288600.0
417,2021-10-06 03:41:07,6060.0,100.0,288400.0
418,2021-10-06 03:41:07,6070.0,100.0,288300.0
419,2021-10-06 03:39:26,6060.0,7800.0,288200.0
420,2021-10-06 03:39:26,6060.0,300.0,280400.0
421,2021-10-06 03:39:26,6060.0,100.0,280100.0
422,2021-10-06 03:39:26,6060.0,500.0,280000.0
423,2021-10-06 03:39:26,6060.0,900.0,279500.0
424,2021-10-06 03:39:26,6070.0,100.0,278600.0
425,2021-10-06 03:39:26,6070.0,1000.0,278500.0
426,2021-10-06 03:39:26,6070.0,200.0,277500.0
427,2021-10-06 03:39:26,6070.0,100.0,277300.0
428,2021-10-06 03:39:15,6070.0,300.0,277200.0
429,2021-10-06 03:39:03,6070.0,3000.0,276900.0
430,2021-10-06 03:38:31,6070.0,1600.0,273900.0
431,2021-10-06 03:38:31,6070.0,1000.0,272300.0
432,2021-10-06 03:38:31,6070.0,1000.0,271300.0
433,2021-10-06 03:38:31,6070.0,1000.0,270300.0
434,2021-10-06 03:38:31,6070.0,400.0,269300.0
435,2021-10-06 03:38:01,6080.0,200.0,268900.0
436,2021-10-06 03:37:35,6080.0,200.0,268700.0
437,2021-10-06 03:37:35,6080.0,1000.0,268500.0
438,2021-10-06 03:37:35,6080.0,2000.0,267500.0
439,2021-10-06 03:37:35,6080.0,5000.0,265500.0
440,2021-10-06 03:37:35,6080.0,100.0,260500.0
441,2021-10-06 03:37:35,6080.0,100.0,260400.0
442,2021-10-06 03:37:35,6080.0,7000.0,260300.0
443,2021-10-06 03:37:35,6080.0,1000.0,253300.0
444,2021-10-06 03:37:35,6080.0,500.0,252300.0
445,2021-10-06 03:37:35,6080.0,2900.0,251800.0
446,2021-10-06 03:37:35,6080.0,6700.0,248900.0
447,2021-10-06 03:36:11,6090.0,400.0,242200.0
448,2021-10-06 03:36:11,6090.0,100.0,241800.0
449,2021-10-06 03:35:41,6090.0,900.0,241700.0
450,2021-10-06 03:35:41,6090.0,100.0,240800.0
451,2021-10-06 03:34:32,6090.0,500.0,240700.0
452,2021-10-06 03:34:32,6090.0,300.0,240200.0
453,2021-10-06 03:34:32,6090.0,200.0,239900.0
454,2021-10-06 03:34:24,6100.0,800.0,239700.0
455,2021-10-06 03:34:21,6090.0,1800.0,238900.0
456,2021-10-06 03:34:21,6090.0,200.0,237100.0
457,2021-10-06 03:31:42,6090.0,100.0,236900.0
458,2021-10-06 03:31:20,6090.0,100.0,236800.0
459,2021-10-06 03:31:20,6090.0,100.0,236700.0
460,2021-10-06 03:31:20,6090.0,700.0,236600.0
461,2021-10-06 03:31:01,6090.0,300.0,235900.0
462,2021-10-06 03:31:01,6090.0,500.0,235600.0
463,2021-10-06 03:31:01,6090.0,100.0,235100.0
464,2021-10-06 03:31:01,6090.0,100.0,235000.0
465,2021-10-06 03:31:01,6090.0,10000.0,234900.0
466,2021-10-06 03:31:01,6090.0,1000.0,224900.0
467,2021-10-06 03:31:01,6090.0,300.0,223900.0
468,2021-10-06 03:31:01,6090.0,2700.0,223600.0
469,2021-10-06 03:29:16,6090.0,300.0,220900.0
470,2021-10-06 03:29:16,6090.0,2300.0,220600.0
471,2021-10-06 03:28:37,6100.0,100.0,218300.0
472,2021-10-06 03:25:30,6100.0,200.0,218200.0
473,2021-10-06 03:25:30,6100.0,1800.0,218000.0
474,2021-10-06 03:23:07,6100.0,2000.0,216200.0
475,2021-10-06 03:21:31,6100.0,1000.0,214200.0
476,2021-10-06 03:19:52,6090.0,500.0,213200.0
477,2021-10-06 03:16:24,6100.0,1800.0,212700.0
478,2021-10-06 03:15:56,6090.0,400.0,210900.0
479,2021-10-06 03:15:39,6100.0,3400.0,210500.0
480,2021-10-06 03:15:39,6100.0,2400.0,207100.0
481,2021-10-06 03:15:39,6100.0,4200.0,204700.0
482,2021-10-06 03:15:34,6090.0,300.0,200500.0
483,2021-10-06 03:13:39,6100.0,500.0,200200.0
484,2021-10-06 03:13:27,6100.0,5300.0,199700.0
485,2021-10-06 03:13:25,6100.0,800.0,194400.0
486,2021-10-06 03:13:25,6100.0,900.0,193600.0
487,2021-10-06 03:13:08,6100.0,1000.0,192700.0
488,2021-10-06 03:12:50,6090.0,2500.0,191700.0
489,2021-10-06 03:12:50,6090.0,100.0,189200.0
490,2021-10-06 03:12:50,6090.0,100.0,189100.0
491,2021-10-06 03:12:50,6090.0,1400.0,189000.0
492,2021-10-06 03:11:40,6090.0,1000.0,187600.0
493,2021-10-06 03:10:46,6100.0,100.0,186600.0
494,2021-10-06 03:10:41,6100.0,1000.0,186500.0
495,2021-10-06 03:09:51,6110.0,4600.0,185500.0
496,2021-10-06 03:09:51,6110.0,1000.0,180900.0
497,2021-10-06 03:09:51,6110.0,2900.0,179900.0
498,2021-10-06 03:09:51,6100.0,500.0,177000.0
499,2021-10-06 03:08:54,6100.0,2000.0,176500.0
500,2021-10-06 03:08:54,6100.0,5600.0,174500.0
501,2021-10-06 03:08:54,6100.0,5000.0,168900.0
502,2021-10-06 03:08:54,6100.0,100.0,163900.0
503,2021-10-06 03:08:54,6100.0,600.0,163800.0
504,2021-10-06 03:07:43,6100.0,100.0,163200.0
505,2021-10-06 03:07:42,6110.0,100.0,163100.0
506,2021-10-06 03:07:14,6100.0,1000.0,163000.0
507,2021-10-06 03:05:47,6100.0,400.0,162000.0
508,2021-10-06 03:05:45,6100.0,200.0,161600.0
509,2021-10-06 03:05:45,6100.0,200.0,161400.0
510,2021-10-06 03:05:45,6100.0,500.0,161200.0
511,2021-10-06 03:05:45,6100.0,7000.0,160700.0
512,2021-10-06 03:05:04,6090.0,1000.0,153700.0
513,2021-10-06 03:04:12,6090.0,2000.0,152700.0
514,2021-10-06 03:03:56,6090.0,600.0,150700.0
515,2021-10-06 03:03:56,6090.0,400.0,150100.0
516,2021-10-06 03:03:41,6100.0,3000.0,149700.0
517,2021-10-06 03:03:29,6090.0,200.0,146700.0
518,2021-10-06 03:03:00,6090.0,300.0,146500.0
519,2021-10-06 03:03:00,6090.0,800.0,146200.0
520,2021-10-06 03:03:00,6090.0,900.0,145400.0
521,2021-10-06 03:02:44,6090.0,1300.0,144500.0
522,2021-10-06 03:02:23,6090.0,1500.0,143200.0
523,2021-10-06 03:02:10,6090.0,500.0,141700.0
524,2021-10-06 03:01:46,6090.0,800.0,141200.0
525,2021-10-06 03:01:46,6090.0,200.0,140400.0
526,2021-10-06 03:01:19,6090.0,300.0,140200.0
527,2021-10-06 03:01:17,6090.0,100.0,139900.0
528,2021-10-06 03:01:17,6090.0,400.0,139800.0
529,2021-10-06 03:00:14,6090.0,100.0,139400.0
530,2021-10-06 02:59:31,6080.0,300.0,139300.0
531,2021-10-06 02:58:38,6080.0,200.0,139000.0
532,2021-10-06 02:58:01,6080.0,800.0,138800.0
533,2021-10-06 02:55:22,6090.0,100.0,138000.0
534,2021-10-06 02:55:17,6090.0,2700.0,137900.0
535,2021-10-06 02:55:17,6080.0,2300.0,135200.0
536,2021-10-06 02:55:06,6080.0,3000.0,132900.0
537,2021-10-06 02:55:06,6080.0,100.0,129900.0
538,2021-10-06 02:55:06,6080.0,8000.0,129800.0
539,2021-10-06 02:55:06,6080.0,3600.0,121800.0
540,2021-10-06 02:54:45,6090.0,200.0,118200.0
541,2021-10-06 02:53:29,6090.0,500.0,118000.0
542,2021-10-06 02:51:59,6090.0,1000.0,117500.0
543,2021-10-06 02:51:59,6080.0,5000.0,116500.0
544,2021-10-06 02:50:46,6080.0,200.0,111500.0
545,2021-10-06 02:46:57,6100.0,100.0,111300.0
546,2021-10-06 02:46:23,6100.0,1400.0,111200.0
547,2021-10-06 02:44:45,6100.0,1000.0,109800.0
548,2021-10-06 02:44:45,6100.0,100.0,108800.0
549,2021-10-06 02:44:45,6100.0,200.0,108700.0
550,2021-10-06 02:44:45,6100.0,200.0,108500.0
551,2021-10-06 02:44:45,6100.0,500.0,108300.0
552,2021-10-06 02:44:37,6100.0,100.0,107800.0
553,2021-10-06 02:44:20,6080.0,1200.0,107700.0
554,2021-10-06 02:43:11,6080.0,200.0,106500.0
555,2021-10-06 02:43:05,6080.0,800.0,106300.0
556,2021-10-06 02:42:29,6080.0,3600.0,105500.0
557,2021-10-06 02:41:43,6080.0,3600.0,101900.0
558,2021-10-06 02:41:43,6080.0,4400.0,98300.0
559,2021-10-06 02:41:20,6080.0,1600.0,93900.0
560,2021-10-06 02:41:20,6080.0,400.0,92300.0
561,2021-10-06 02:41:04,6080.0,300.0,91900.0
562,2021-10-06 02:40:55,6080.0,5300.0,91600.0
563,2021-10-06 02:40:43,6080.0,100.0,86300.0
564,2021-10-06 02:40:38,6080.0,2900.0,86200.0
565,2021-10-06 02:40:05,6070.0,100.0,83300.0
566,2021-10-06 02:40:05,6080.0,900.0,83200.0
567,2021-10-06 02:40:03,6080.0,100.0,82300.0
568,2021-10-06 02:39:49,6080.0,800.0,82200.0
569,2021-10-06 02:39:49,6080.0,400.0,81400.0
570,2021-10-06 02:39:26,6080.0,2000.0,81000.0
571,2021-10-06 02:39:26,6080.0,2600.0,79000.0
572,2021-10-06 02:38:47,6080.0,3400.0,76400.0
573,2021-10-06 02:38:33,6080.0,6000.0,73000.0
574,2021-10-06 02:38:30,6080.0,100.0,67000.0
575,2021-10-06 02:38:30,6080.0,500.0,66900.0
576,2021-10-06 02:38:11,6080.0,5000.0,66400.0
577,2021-10-06 02:37:51,6070.0,500.0,61400.0
578,2021-10-06 02:37:50,6070.0,500.0,60900.0
579,2021-10-06 02:37:43,6070.0,100.0,60400.0
580,2021-10-06 02:37:25,6070.0,100.0,60300.0
581,2021-10-06 02:37:11,6070.0,300.0,60200.0
582,2021-10-06 02:37:11,6070.0,1000.0,59900.0
583,2021-10-06 02:37:11,6070.0,200.0,58900.0
584,2021-10-06 02:37:11,6070.0,100.0,58700.0
585,2021-10-06 02:36:31,6080.0,300.0,58600.0
586,2021-10-06 02:36:10,6080.0,2700.0,58300.0
587,2021-10-06 02:36:02,6080.0,200.0,55600.0
588,2021-10-06 02:36:02,6080.0,1500.0,55400.0
589,2021-10-06 02:36:02,6080.0,600.0,53900.0
590,2021-10-06 02:35:16,6090.0,1000.0,53300.0
591,2021-10-06 02:35:06,6080.0,500.0,52300.0
592,2021-10-06 02:35:05,6080.0,100.0,51800.0
593,2021-10-06 02:34:57,6080.0,8800.0,51700.0
594,2021-10-06 02:34:57,6080.0,1000.0,42900.0
595,2021-10-06 02:34:57,6080.0,2000.0,41900.0
596,2021-10-06 02:34:57,6080.0,4000.0,39900.0
597,2021-10-06 02:34:57,6080.0,100.0,35900.0
598,2021-10-06 02:34:57,6090.0,100.0,35800.0
599,2021-10-06 02:34:57,6090.0,800.0,35700.0
600,2021-10-06 02:34:57,6090.0,1000.0,34900.0
601,2021-10-06 02:34:57,6090.0,2000.0,33900.0
602,2021-10-06 02:34:57,6090.0,200.0,31900.0
603,2021-10-06 02:34:05,6100.0,100.0,31700.0
604,2021-10-06 02:33:29,6100.0,200.0,31600.0
605,2021-10-06 02:33:22,6100.0,200.0,31400.0
606,2021-10-06 02:32:24,6100.0,300.0,31200.0
607,2021-10-06 02:31:09,6100.0,200.0,30900.0
608,2021-10-06 02:29:28,6090.0,800.0,30700.0
609,2021-10-06 02:29:05,6080.0,100.0,29900.0
610,2021-10-06 02:28:29,6080.0,2000.0,29800.0
611,2021-10-06 02:28:23,6080.0,2900.0,27800.0
612,2021-10-06 02:28:22,6090.0,1600.0,24900.0
613,2021-10-06 02:27:35,6080.0,1100.0,23300.0
614,2021-10-06 02:27:35,6080.0,200.0,22200.0
615,2021-10-06 02:27:35,6080.0,200.0,22000.0
616,2021-10-06 02:27:11,6090.0,200.0,21800.0
617,2021-10-06 02:26:31,6080.0,100.0,21600.0
618,2021-10-06 02:25:50,6090.0,100.0,21500.0
619,2021-10-06 02:25:50,6090.0,300.0,21400.0
620,2021-10-06 02:25:29,6090.0,400.0,21100.0
621,2021-10-06 02:25:08,6090.0,2600.0,20700.0
622,2021-10-06 02:24:34,6090.0,1100.0,18100.0
623,2021-10-06 02:24:16,6090.0,1300.0,17000.0
624,2021-10-06 02:24:15,6100.0,400.0,15700.0
625,2021-10-06 02:24:11,6100.0,300.0,15300.0
626,2021-10-06 02:24:03,6100.0,200.0,15000.0
627,2021-10-06 02:23:14,6120.0,500.0,14800.0
628,2021-10-06 02:22:51,6100.0,200.0,14300.0
629,2021-10-06 02:22:10,6100.0,200.0,14100.0
630,2021-10-06 02:21:03,6100.0,100.0,13900.0
631,2021-10-06 02:20:32,6100.0,200.0,13800.0
632,2021-10-06 02:20:32,6100.0,400.0,13600.0
633,2021-10-06 02:20:24,6100.0,1000.0,13200.0
634,2021-10-06 02:20:16,6100.0,300.0,12200.0
635,2021-10-06 02:19:04,6100.0,300.0,11900.0
636,2021-10-06 02:18:18,6100.0,400.0,11600.0
637,2021-10-06 02:18:07,6090.0,400.0,11200.0
638,2021-10-06 02:17:39,6100.0,100.0,10800.0
639,2021-10-06 02:16:32,6090.0,800.0,10700.0
640,2021-10-06 02:16:01,6010.0,200.0,9900.0
641,2021-10-06 02:16:01,6010.0,5000.0,9700.0
642,2021-10-06 02:16:01,6070.0,100.0,4700.0
643,2021-10-06 02:16:01,6070.0,100.0,4600.0
644,2021-10-06 02:16:01,6090.0,100.0,4500.0
645,2021-10-06 02:15:47,6100.0,1000.0,4400.0
646,2021-10-06 02:15:01,6100.0,300.0,3400.0
647,2021-10-06 02:15:01,6100.0,100.0,3100.0
648,2021-10-06 02:15:01,6100.0,100.0,3000.0
649,2021-10-06 02:15:01,6100.0,600.0,2900.0
650,2021-10-06 02:15:01,6100.0,500.0,2300.0
651,2021-10-06 02:15:01,6100.0,100.0,1800.0
652,2021-10-06 02:15:01,6100.0,100.0,1700.0
653,2021-10-06 02:15:01,6100.0,100.0,1600.0
654,2021-10-06 02:15:01,6100.0,100.0,1500.0
655,2021-10-06 02:15:01,6100.0,400.0,1400.0
656,2021-10-06 02:15:00,6100.0,600.0,1000.0
657,2021-10-06 02:15:00,6100.0,100.0,400.0
658,2021-10-06 02:15:00,6100.0,100.0,300.0
659,2021-10-06 02:15:00,6100.0,200.0,200.0
