,Time,Price,Volume_per_trade,Volume
0,2021-10-20 14:45:03,10500.0,9500.0,1933649.0
1,2021-10-20 14:29:40,10400.0,1600.0,1924149.0
2,2021-10-20 14:28:57,10400.0,18400.0,1922549.0
3,2021-10-20 14:28:44,10400.0,3100.0,1904149.0
4,2021-10-20 14:26:18,10400.0,500.0,1901049.0
5,2021-10-20 14:26:10,10400.0,5000.0,1900549.0
6,2021-10-20 14:25:57,10400.0,3000.0,1895549.0
7,2021-10-20 14:25:49,10300.0,2000.0,1892549.0
8,2021-10-20 14:25:40,10400.0,2300.0,1890549.0
9,2021-10-20 14:25:28,10400.0,1600.0,1888249.0
10,2021-10-20 14:25:17,10400.0,50000.0,1886649.0
11,2021-10-20 14:25:03,10400.0,900.0,1836649.0
12,2021-10-20 14:24:23,10400.0,3000.0,1835749.0
13,2021-10-20 14:23:15,10300.0,1000.0,1832749.0
14,2021-10-20 14:23:01,10300.0,11000.0,1831749.0
15,2021-10-20 14:22:54,10300.0,1000.0,1820749.0
16,2021-10-20 14:22:50,10300.0,7000.0,1819749.0
17,2021-10-20 14:22:41,10300.0,10000.0,1812749.0
18,2021-10-20 14:22:36,10300.0,200.0,1802749.0
19,2021-10-20 14:22:32,10300.0,200.0,1802549.0
20,2021-10-20 14:22:26,10400.0,8000.0,1802349.0
21,2021-10-20 14:22:20,10300.0,3000.0,1794349.0
22,2021-10-20 14:21:51,10300.0,57000.0,1791349.0
23,2021-10-20 14:21:32,10300.0,1000.0,1734349.0
24,2021-10-20 14:21:18,10300.0,500.0,1733349.0
25,2021-10-20 14:21:13,10300.0,5000.0,1732849.0
26,2021-10-20 14:21:06,10300.0,200.0,1727849.0
27,2021-10-20 14:20:47,10300.0,1000.0,1727649.0
28,2021-10-20 14:20:36,10300.0,5000.0,1726649.0
29,2021-10-20 14:20:34,10300.0,1000.0,1721649.0
30,2021-10-20 14:20:23,10300.0,200.0,1720649.0
31,2021-10-20 14:20:17,10300.0,30000.0,1720449.0
32,2021-10-20 14:20:08,10300.0,100.0,1690449.0
33,2021-10-20 14:19:54,10300.0,2000.0,1690349.0
34,2021-10-20 14:19:33,10300.0,10000.0,1688349.0
35,2021-10-20 14:16:54,10400.0,2500.0,1678349.0
36,2021-10-20 14:16:46,10400.0,200.0,1675849.0
37,2021-10-20 14:16:35,10400.0,20000.0,1675649.0
38,2021-10-20 14:16:31,10400.0,100.0,1655649.0
39,2021-10-20 14:16:26,10400.0,500.0,1655549.0
40,2021-10-20 14:16:25,10400.0,1200.0,1655049.0
41,2021-10-20 14:16:21,10400.0,300.0,1653849.0
42,2021-10-20 14:16:07,10400.0,800.0,1653549.0
43,2021-10-20 14:16:04,10400.0,2000.0,1652749.0
44,2021-10-20 14:16:02,10400.0,100000.0,1650749.0
45,2021-10-20 14:15:38,10400.0,2000.0,1550749.0
46,2021-10-20 14:15:35,10400.0,1000.0,1548749.0
47,2021-10-20 14:15:13,10400.0,100.0,1547749.0
48,2021-10-20 14:15:12,10400.0,3000.0,1547649.0
49,2021-10-20 14:15:01,10400.0,40000.0,1544649.0
50,2021-10-20 14:14:48,10400.0,500.0,1504649.0
51,2021-10-20 14:12:54,10500.0,2600.0,1504149.0
52,2021-10-20 14:12:52,10500.0,100.0,1501549.0
53,2021-10-20 14:12:49,10500.0,3000.0,1501449.0
54,2021-10-20 14:12:39,10500.0,38.0,1498449.0
55,2021-10-20 14:12:36,10500.0,500.0,1498411.0
56,2021-10-20 14:12:10,10500.0,1000.0,1497911.0
57,2021-10-20 14:11:18,10500.0,5000.0,1496911.0
58,2021-10-20 14:10:59,10500.0,500.0,1491911.0
59,2021-10-20 14:10:28,10500.0,3000.0,1491411.0
60,2021-10-20 14:10:16,10500.0,1500.0,1488411.0
61,2021-10-20 14:09:47,10500.0,500.0,1486911.0
62,2021-10-20 14:09:21,10500.0,19200.0,1486411.0
63,2021-10-20 14:09:10,10500.0,50000.0,1467211.0
64,2021-10-20 14:09:07,10500.0,20000.0,1417211.0
65,2021-10-20 14:09:00,10500.0,50000.0,1397211.0
66,2021-10-20 14:06:46,10500.0,5000.0,1347211.0
67,2021-10-20 14:05:54,10500.0,700.0,1342211.0
68,2021-10-20 14:05:48,10500.0,2000.0,1341511.0
69,2021-10-20 14:04:22,10500.0,2000.0,1339511.0
70,2021-10-20 14:02:26,10500.0,100.0,1337511.0
71,2021-10-20 13:55:52,10400.0,1000.0,1337411.0
72,2021-10-20 13:54:08,10400.0,500.0,1336411.0
73,2021-10-20 13:53:37,10500.0,1000.0,1335911.0
74,2021-10-20 13:53:11,10500.0,100.0,1334911.0
75,2021-10-20 13:52:15,10500.0,1400.0,1334811.0
76,2021-10-20 13:51:43,10500.0,10000.0,1333411.0
77,2021-10-20 13:51:39,10500.0,7700.0,1323411.0
78,2021-10-20 13:51:08,10500.0,5000.0,1315711.0
79,2021-10-20 13:50:44,10500.0,2000.0,1310711.0
80,2021-10-20 13:50:19,10500.0,100.0,1308711.0
81,2021-10-20 13:50:18,10500.0,22000.0,1308611.0
82,2021-10-20 13:50:12,10500.0,1000.0,1286611.0
83,2021-10-20 13:50:00,10500.0,400.0,1285611.0
84,2021-10-20 13:46:25,10500.0,100.0,1285211.0
85,2021-10-20 13:46:00,10500.0,2000.0,1285111.0
86,2021-10-20 13:45:52,10600.0,500.0,1283111.0
87,2021-10-20 13:45:13,10500.0,900.0,1282611.0
88,2021-10-20 13:43:39,10500.0,55000.0,1281711.0
89,2021-10-20 13:43:37,10500.0,40000.0,1226711.0
90,2021-10-20 13:43:36,10500.0,14000.0,1186711.0
91,2021-10-20 13:43:34,10500.0,2500.0,1172711.0
92,2021-10-20 13:42:47,10500.0,63.0,1170211.0
93,2021-10-20 13:42:33,10500.0,1000.0,1170148.0
94,2021-10-20 13:42:16,10500.0,3500.0,1169148.0
95,2021-10-20 13:41:56,10500.0,5000.0,1165648.0
96,2021-10-20 13:41:47,10500.0,3000.0,1160648.0
97,2021-10-20 13:41:33,10500.0,60800.0,1157648.0
98,2021-10-20 13:40:01,10500.0,300.0,1096848.0
99,2021-10-20 13:39:56,10500.0,800.0,1096548.0
100,2021-10-20 13:38:40,10500.0,300.0,1095748.0
101,2021-10-20 13:37:32,10500.0,2400.0,1095448.0
102,2021-10-20 13:34:09,10500.0,1000.0,1093048.0
103,2021-10-20 13:33:11,10500.0,500.0,1092048.0
104,2021-10-20 13:32:39,10500.0,48400.0,1091548.0
105,2021-10-20 13:32:27,10500.0,15000.0,1043148.0
106,2021-10-20 13:31:01,10500.0,100.0,1028148.0
107,2021-10-20 13:29:49,10500.0,2000.0,1028048.0
108,2021-10-20 13:29:02,10500.0,1700.0,1026048.0
109,2021-10-20 13:28:54,10500.0,100.0,1024348.0
110,2021-10-20 13:28:12,10500.0,100.0,1024248.0
111,2021-10-20 13:27:07,10500.0,1500.0,1024148.0
112,2021-10-20 13:26:22,10500.0,3000.0,1022648.0
113,2021-10-20 13:26:08,10500.0,5000.0,1019648.0
114,2021-10-20 13:26:07,10500.0,500.0,1014648.0
115,2021-10-20 13:23:45,10500.0,4000.0,1014148.0
116,2021-10-20 13:22:27,10500.0,63.0,1010148.0
117,2021-10-20 13:21:25,10500.0,500.0,1010085.0
118,2021-10-20 13:20:59,10500.0,1000.0,1009585.0
119,2021-10-20 13:20:47,10500.0,1000.0,1008585.0
120,2021-10-20 13:20:26,10500.0,500.0,1007585.0
121,2021-10-20 13:20:25,10500.0,200.0,1007085.0
122,2021-10-20 13:19:56,10500.0,2100.0,1006885.0
123,2021-10-20 13:18:05,10500.0,1000.0,1004785.0
124,2021-10-20 13:18:01,10600.0,10000.0,1003785.0
125,2021-10-20 13:17:38,10500.0,600.0,993785.0
126,2021-10-20 13:16:19,10600.0,200.0,993185.0
127,2021-10-20 13:13:58,10600.0,10000.0,992985.0
128,2021-10-20 13:12:34,10500.0,800.0,982985.0
129,2021-10-20 13:11:00,10500.0,500.0,982185.0
130,2021-10-20 13:07:59,10500.0,5000.0,981685.0
131,2021-10-20 13:07:40,10500.0,10000.0,976685.0
132,2021-10-20 13:07:27,10500.0,500.0,966685.0
133,2021-10-20 13:06:08,10500.0,6900.0,966185.0
134,2021-10-20 13:06:06,10500.0,6900.0,959285.0
135,2021-10-20 13:05:51,10500.0,500.0,952385.0
136,2021-10-20 13:04:14,10500.0,10.0,951885.0
137,2021-10-20 13:03:43,10500.0,200.0,951875.0
138,2021-10-20 13:01:22,10500.0,200.0,951675.0
139,2021-10-20 13:00:08,10500.0,100.0,951475.0
140,2021-10-20 11:28:39,10500.0,1000.0,951375.0
141,2021-10-20 11:27:07,10500.0,500.0,950375.0
142,2021-10-20 11:23:31,10500.0,2200.0,949875.0
143,2021-10-20 11:21:25,10500.0,200.0,947675.0
144,2021-10-20 11:19:01,10500.0,500.0,947475.0
145,2021-10-20 11:18:18,10500.0,300.0,946975.0
146,2021-10-20 11:17:49,10500.0,300.0,946675.0
147,2021-10-20 11:17:33,10500.0,30000.0,946375.0
148,2021-10-20 11:17:29,10600.0,3000.0,916375.0
149,2021-10-20 11:16:49,10600.0,1000.0,913375.0
150,2021-10-20 11:16:28,10500.0,600.0,912375.0
151,2021-10-20 11:15:08,10500.0,200.0,911775.0
152,2021-10-20 11:09:44,10600.0,100.0,911575.0
153,2021-10-20 11:07:27,10500.0,100.0,911475.0
154,2021-10-20 11:06:55,10500.0,200.0,911375.0
155,2021-10-20 11:06:29,10500.0,1000.0,911175.0
156,2021-10-20 11:04:03,10500.0,10000.0,910175.0
157,2021-10-20 11:01:32,10500.0,1000.0,900175.0
158,2021-10-20 11:00:16,10500.0,100.0,899175.0
159,2021-10-20 11:00:03,10600.0,500.0,899075.0
160,2021-10-20 10:59:42,10600.0,1000.0,898575.0
161,2021-10-20 10:59:23,10600.0,400.0,897575.0
162,2021-10-20 10:54:03,10600.0,1000.0,897175.0
163,2021-10-20 10:52:50,10500.0,41500.0,896175.0
164,2021-10-20 10:52:24,10600.0,500.0,854675.0
165,2021-10-20 10:48:56,10500.0,300.0,854175.0
166,2021-10-20 10:48:16,10500.0,5000.0,853875.0
167,2021-10-20 10:47:22,10500.0,15000.0,848875.0
168,2021-10-20 10:45:35,10500.0,300.0,833875.0
169,2021-10-20 10:43:36,10600.0,1000.0,833575.0
170,2021-10-20 10:38:48,10600.0,8900.0,832575.0
171,2021-10-20 10:38:33,10600.0,500.0,823675.0
172,2021-10-20 10:36:59,10500.0,50000.0,823175.0
173,2021-10-20 10:36:43,10500.0,11000.0,773175.0
174,2021-10-20 10:36:41,10600.0,4500.0,762175.0
175,2021-10-20 10:35:41,10600.0,10000.0,757675.0
176,2021-10-20 10:35:20,10600.0,600.0,747675.0
177,2021-10-20 10:35:14,10600.0,1000.0,747075.0
178,2021-10-20 10:35:10,10500.0,600.0,746075.0
179,2021-10-20 10:32:42,10600.0,5000.0,745475.0
180,2021-10-20 10:32:17,10600.0,1000.0,740475.0
181,2021-10-20 10:31:45,10600.0,1300.0,739475.0
182,2021-10-20 10:31:42,10600.0,1000.0,738175.0
183,2021-10-20 10:31:28,10600.0,1000.0,737175.0
184,2021-10-20 10:31:14,10600.0,1000.0,736175.0
185,2021-10-20 10:31:04,10600.0,1000.0,735175.0
186,2021-10-20 10:30:52,10600.0,1000.0,734175.0
187,2021-10-20 10:30:17,10600.0,10000.0,733175.0
188,2021-10-20 10:30:06,10600.0,1500.0,723175.0
189,2021-10-20 10:29:39,10600.0,20000.0,721675.0
190,2021-10-20 10:29:29,10600.0,5000.0,701675.0
191,2021-10-20 10:29:25,10600.0,2000.0,696675.0
192,2021-10-20 10:28:26,10600.0,20000.0,694675.0
193,2021-10-20 10:26:13,10600.0,2000.0,674675.0
194,2021-10-20 10:25:59,10500.0,100.0,672675.0
195,2021-10-20 10:25:06,10600.0,100.0,672575.0
196,2021-10-20 10:24:57,10600.0,500.0,672475.0
197,2021-10-20 10:24:45,10600.0,100.0,671975.0
198,2021-10-20 10:22:11,10600.0,3000.0,671875.0
199,2021-10-20 10:21:26,10600.0,4000.0,668875.0
200,2021-10-20 10:19:27,10600.0,9100.0,664875.0
201,2021-10-20 10:18:52,10600.0,300.0,655775.0
202,2021-10-20 10:18:25,10600.0,10000.0,655475.0
203,2021-10-20 10:18:20,10600.0,10000.0,645475.0
204,2021-10-20 10:18:18,10600.0,10000.0,635475.0
205,2021-10-20 10:18:10,10600.0,10000.0,625475.0
206,2021-10-20 10:17:52,10600.0,4000.0,615475.0
207,2021-10-20 10:17:49,10600.0,200.0,611475.0
208,2021-10-20 10:17:45,10600.0,2000.0,611275.0
209,2021-10-20 10:17:38,10600.0,1000.0,609275.0
210,2021-10-20 10:17:35,10600.0,1000.0,608275.0
211,2021-10-20 10:16:36,10600.0,500.0,607275.0
212,2021-10-20 10:16:28,10600.0,300.0,606775.0
213,2021-10-20 10:16:22,10600.0,900.0,606475.0
214,2021-10-20 10:16:00,10600.0,200.0,605575.0
215,2021-10-20 10:15:08,10600.0,2000.0,605375.0
216,2021-10-20 10:14:52,10600.0,1000.0,603375.0
217,2021-10-20 10:14:51,10600.0,1000.0,602375.0
218,2021-10-20 10:14:32,10600.0,6400.0,601375.0
219,2021-10-20 10:14:09,10600.0,5000.0,594975.0
220,2021-10-20 10:13:15,10600.0,1000.0,589975.0
221,2021-10-20 10:12:05,10600.0,200.0,588975.0
222,2021-10-20 10:10:58,10600.0,1000.0,588775.0
223,2021-10-20 10:10:41,10700.0,400.0,587775.0
224,2021-10-20 10:10:37,10600.0,2000.0,587375.0
225,2021-10-20 10:09:19,10600.0,400.0,585375.0
226,2021-10-20 10:08:51,10600.0,1000.0,584975.0
227,2021-10-20 10:08:21,10700.0,3500.0,583975.0
228,2021-10-20 10:08:18,10600.0,400.0,580475.0
229,2021-10-20 10:08:07,10600.0,1000.0,580075.0
230,2021-10-20 10:07:26,10600.0,2600.0,579075.0
231,2021-10-20 10:07:18,10600.0,900.0,576475.0
232,2021-10-20 10:07:13,10600.0,2800.0,575575.0
233,2021-10-20 10:07:11,10600.0,1800.0,572775.0
234,2021-10-20 10:07:10,10600.0,1900.0,570975.0
235,2021-10-20 10:07:01,10700.0,3500.0,569075.0
236,2021-10-20 10:06:36,10600.0,1100.0,565575.0
237,2021-10-20 10:06:35,10600.0,500.0,564475.0
238,2021-10-20 10:06:34,10700.0,3500.0,563975.0
239,2021-10-20 10:06:29,10700.0,3500.0,560475.0
240,2021-10-20 10:05:34,10700.0,3500.0,556975.0
241,2021-10-20 10:05:20,10700.0,3500.0,553475.0
242,2021-10-20 10:04:55,10700.0,2800.0,549975.0
243,2021-10-20 10:04:47,10600.0,3500.0,547175.0
244,2021-10-20 10:04:25,10600.0,7100.0,543675.0
245,2021-10-20 10:04:19,10700.0,3500.0,536575.0
246,2021-10-20 10:03:55,10600.0,200.0,533075.0
247,2021-10-20 10:03:29,10600.0,4500.0,532875.0
248,2021-10-20 10:03:22,10600.0,200.0,528375.0
249,2021-10-20 10:03:20,10600.0,5000.0,528175.0
250,2021-10-20 10:03:18,10600.0,1000.0,523175.0
251,2021-10-20 10:03:16,10600.0,1000.0,522175.0
252,2021-10-20 10:02:54,10600.0,1000.0,521175.0
253,2021-10-20 10:02:28,10600.0,4700.0,520175.0
254,2021-10-20 10:02:10,10600.0,1000.0,515475.0
255,2021-10-20 10:01:50,10600.0,500.0,514475.0
256,2021-10-20 10:01:27,10600.0,100.0,513975.0
257,2021-10-20 10:01:21,10600.0,2000.0,513875.0
258,2021-10-20 10:01:07,10600.0,1000.0,511875.0
259,2021-10-20 09:58:45,10600.0,1000.0,510875.0
260,2021-10-20 09:57:56,10600.0,1400.0,509875.0
261,2021-10-20 09:57:46,10600.0,500.0,508475.0
262,2021-10-20 09:57:23,10600.0,2600.0,507975.0
263,2021-10-20 09:57:03,10600.0,1000.0,505375.0
264,2021-10-20 09:56:47,10600.0,6100.0,504375.0
265,2021-10-20 09:55:49,10600.0,400.0,498275.0
266,2021-10-20 09:55:27,10600.0,4100.0,497875.0
267,2021-10-20 09:54:22,10600.0,1000.0,493775.0
268,2021-10-20 09:54:20,10600.0,10000.0,492775.0
269,2021-10-20 09:54:09,10600.0,2000.0,482775.0
270,2021-10-20 09:53:33,10600.0,1000.0,480775.0
271,2021-10-20 09:53:20,10600.0,400.0,479775.0
272,2021-10-20 09:53:16,10600.0,5000.0,479375.0
273,2021-10-20 09:53:02,10600.0,500.0,474375.0
274,2021-10-20 09:52:06,10600.0,200.0,473875.0
275,2021-10-20 09:51:48,10600.0,1000.0,473675.0
276,2021-10-20 09:51:11,10600.0,10000.0,472675.0
277,2021-10-20 09:51:08,10600.0,10000.0,462675.0
278,2021-10-20 09:51:01,10600.0,10000.0,452675.0
279,2021-10-20 09:50:59,10700.0,100.0,442675.0
280,2021-10-20 09:50:29,10600.0,30000.0,442575.0
281,2021-10-20 09:50:10,10600.0,200.0,412575.0
282,2021-10-20 09:49:39,10600.0,900.0,412375.0
283,2021-10-20 09:48:55,10600.0,300.0,411475.0
284,2021-10-20 09:48:46,10600.0,200.0,411175.0
285,2021-10-20 09:48:37,10600.0,3000.0,410975.0
286,2021-10-20 09:48:34,10600.0,100.0,407975.0
287,2021-10-20 09:48:20,10600.0,1000.0,407875.0
288,2021-10-20 09:48:14,10600.0,500.0,406875.0
289,2021-10-20 09:48:11,10600.0,62900.0,406375.0
290,2021-10-20 09:47:54,10600.0,2000.0,343475.0
291,2021-10-20 09:47:45,10600.0,500.0,341475.0
292,2021-10-20 09:47:36,10600.0,2000.0,340975.0
293,2021-10-20 09:47:25,10600.0,25000.0,338975.0
294,2021-10-20 09:47:22,10600.0,4000.0,313975.0
295,2021-10-20 09:47:12,10500.0,2000.0,309975.0
296,2021-10-20 09:46:45,10500.0,1400.0,307975.0
297,2021-10-20 09:43:13,10500.0,700.0,306575.0
298,2021-10-20 09:42:46,10500.0,500.0,305875.0
299,2021-10-20 09:41:54,10500.0,500.0,305375.0
300,2021-10-20 09:41:36,10500.0,2000.0,304875.0
301,2021-10-20 09:40:49,10600.0,8600.0,302875.0
302,2021-10-20 09:40:43,10500.0,23.0,294275.0
303,2021-10-20 09:40:41,10500.0,100.0,294252.0
304,2021-10-20 09:40:40,10600.0,25000.0,294152.0
305,2021-10-20 09:36:22,10600.0,100.0,269152.0
306,2021-10-20 09:34:55,10600.0,500.0,269052.0
307,2021-10-20 09:33:19,10500.0,100.0,268552.0
308,2021-10-20 09:33:10,10500.0,100.0,268452.0
309,2021-10-20 09:32:27,10600.0,80.0,268352.0
310,2021-10-20 09:31:48,10600.0,100.0,268272.0
311,2021-10-20 09:31:09,10600.0,4000.0,268172.0
312,2021-10-20 09:27:43,10600.0,400.0,264172.0
313,2021-10-20 09:27:02,10600.0,800.0,263772.0
314,2021-10-20 09:26:46,10600.0,90100.0,262972.0
315,2021-10-20 09:26:43,10700.0,100.0,172872.0
316,2021-10-20 09:26:29,10700.0,100.0,172772.0
317,2021-10-20 09:26:25,10700.0,1000.0,172672.0
318,2021-10-20 09:26:21,10600.0,100.0,171672.0
319,2021-10-20 09:25:22,10700.0,2000.0,171572.0
320,2021-10-20 09:25:10,10600.0,2000.0,169572.0
321,2021-10-20 09:24:47,10700.0,700.0,167572.0
322,2021-10-20 09:23:17,10600.0,3000.0,166872.0
323,2021-10-20 09:23:11,10600.0,1500.0,163872.0
324,2021-10-20 09:22:40,10600.0,300.0,162372.0
325,2021-10-20 09:22:33,10600.0,100.0,162072.0
326,2021-10-20 09:22:15,10600.0,72.0,161972.0
327,2021-10-20 09:22:02,10600.0,600.0,161900.0
328,2021-10-20 09:21:27,10600.0,8100.0,161300.0
329,2021-10-20 09:20:00,10700.0,5000.0,153200.0
330,2021-10-20 09:19:40,10700.0,1000.0,148200.0
331,2021-10-20 09:19:35,10600.0,2000.0,147200.0
332,2021-10-20 09:19:31,10600.0,300.0,145200.0
333,2021-10-20 09:19:25,10600.0,10000.0,144900.0
334,2021-10-20 09:19:09,10600.0,500.0,134900.0
335,2021-10-20 09:19:02,10600.0,1800.0,134400.0
336,2021-10-20 09:19:01,10600.0,300.0,132600.0
337,2021-10-20 09:18:56,10600.0,10000.0,132300.0
338,2021-10-20 09:18:28,10600.0,4500.0,122300.0
339,2021-10-20 09:18:23,10600.0,1000.0,117800.0
340,2021-10-20 09:18:14,10600.0,100.0,116800.0
341,2021-10-20 09:18:10,10600.0,100.0,116700.0
342,2021-10-20 09:17:46,10600.0,300.0,116600.0
343,2021-10-20 09:17:26,10600.0,400.0,116300.0
344,2021-10-20 09:17:20,10600.0,2000.0,115900.0
345,2021-10-20 09:16:49,10600.0,1000.0,113900.0
346,2021-10-20 09:16:34,10600.0,23000.0,112900.0
347,2021-10-20 09:16:22,10600.0,10000.0,89900.0
348,2021-10-20 09:15:12,10600.0,100.0,79900.0
349,2021-10-20 09:14:39,10600.0,1000.0,79800.0
350,2021-10-20 09:14:15,10600.0,70000.0,78800.0
351,2021-10-20 09:12:56,10600.0,200.0,8800.0
352,2021-10-20 09:09:32,10500.0,1100.0,8600.0
353,2021-10-20 09:07:11,10500.0,100.0,7500.0
354,2021-10-20 09:04:52,10600.0,500.0,7400.0
355,2021-10-20 09:03:44,10600.0,200.0,6900.0
356,2021-10-20 09:02:21,10600.0,100.0,6700.0
357,2021-10-20 09:01:57,10600.0,100.0,6600.0
358,2021-10-20 09:00:51,10500.0,500.0,6500.0
359,2021-10-20 09:00:42,10500.0,400.0,6000.0
360,2021-10-20 09:00:11,10500.0,400.0,5600.0
361,2021-10-20 09:00:07,10500.0,100.0,5200.0
362,2021-10-20 09:00:05,10500.0,5100.0,5100.0
