,Time,Price,Volume_per_trade,Volume
0,2021-10-21 07:45:01,63300.0,1000.0,739300.0
1,2021-10-21 07:45:01,63300.0,100.0,738300.0
2,2021-10-21 07:45:01,63300.0,1000.0,738200.0
3,2021-10-21 07:45:01,63300.0,600.0,737200.0
4,2021-10-21 07:45:01,63300.0,2100.0,736600.0
5,2021-10-21 07:45:01,63300.0,300.0,734500.0
6,2021-10-21 07:45:01,63300.0,500.0,734200.0
7,2021-10-21 07:45:01,63300.0,200.0,733700.0
8,2021-10-21 07:45:01,63300.0,500.0,733500.0
9,2021-10-21 07:45:01,63300.0,200.0,733000.0
10,2021-10-21 07:45:01,63300.0,200.0,732800.0
11,2021-10-21 07:45:01,63300.0,300.0,732600.0
12,2021-10-21 07:45:01,63300.0,10000.0,732300.0
13,2021-10-21 07:45:01,63300.0,1100.0,722300.0
14,2021-10-21 07:45:01,63300.0,500.0,721200.0
15,2021-10-21 07:45:01,63300.0,7000.0,720700.0
16,2021-10-21 07:45:01,63300.0,500.0,713700.0
17,2021-10-21 07:45:01,63300.0,200.0,713200.0
18,2021-10-21 07:45:01,63300.0,100.0,713000.0
19,2021-10-21 07:45:01,63300.0,700.0,712900.0
20,2021-10-21 07:45:01,63300.0,1000.0,712200.0
21,2021-10-21 07:45:01,63300.0,6000.0,711200.0
22,2021-10-21 07:45:01,63300.0,100.0,705200.0
23,2021-10-21 07:45:01,63300.0,100.0,705100.0
24,2021-10-21 07:45:01,63300.0,300.0,705000.0
25,2021-10-21 07:45:01,63300.0,500.0,704700.0
26,2021-10-21 07:45:01,63300.0,200.0,704200.0
27,2021-10-21 07:45:01,63300.0,200.0,704000.0
28,2021-10-21 07:45:01,63300.0,500.0,703800.0
29,2021-10-21 07:45:01,63300.0,200.0,703300.0
30,2021-10-21 07:45:01,63300.0,300.0,703100.0
31,2021-10-21 07:45:01,63300.0,200.0,702800.0
32,2021-10-21 07:45:01,63300.0,800.0,702600.0
33,2021-10-21 07:45:01,63300.0,600.0,701800.0
34,2021-10-21 07:45:01,63300.0,400.0,701200.0
35,2021-10-21 07:45:01,63300.0,700.0,700800.0
36,2021-10-21 07:45:01,63300.0,300.0,700100.0
37,2021-10-21 07:45:01,63300.0,300.0,699800.0
38,2021-10-21 07:45:01,63300.0,300.0,699500.0
39,2021-10-21 07:45:01,63300.0,300.0,699200.0
40,2021-10-21 07:45:01,63300.0,300.0,698900.0
41,2021-10-21 07:45:01,63300.0,2000.0,698600.0
42,2021-10-21 07:45:01,63300.0,500.0,696600.0
43,2021-10-21 07:45:01,63300.0,100.0,696100.0
44,2021-10-21 07:45:01,63300.0,400.0,696000.0
45,2021-10-21 07:45:01,63300.0,1100.0,695600.0
46,2021-10-21 07:45:01,63300.0,100.0,694500.0
47,2021-10-21 07:45:01,63300.0,800.0,694400.0
48,2021-10-21 07:45:01,63300.0,500.0,693600.0
49,2021-10-21 07:45:01,63300.0,1500.0,693100.0
50,2021-10-21 07:45:01,63300.0,1000.0,691600.0
51,2021-10-21 07:45:01,63300.0,3000.0,690600.0
52,2021-10-21 07:45:01,63300.0,100.0,687600.0
53,2021-10-21 07:45:01,63300.0,200.0,687500.0
54,2021-10-21 07:45:01,63300.0,1500.0,687300.0
55,2021-10-21 07:45:01,63300.0,600.0,685800.0
56,2021-10-21 07:45:01,63300.0,1100.0,685200.0
57,2021-10-21 07:45:01,63300.0,3900.0,684100.0
58,2021-10-21 07:45:01,63300.0,1100.0,680200.0
59,2021-10-21 07:45:01,63300.0,200.0,679100.0
60,2021-10-21 07:45:01,63300.0,200.0,678900.0
61,2021-10-21 07:29:59,63000.0,200.0,678700.0
62,2021-10-21 07:29:59,63000.0,100.0,678500.0
63,2021-10-21 07:29:50,63100.0,100.0,678400.0
64,2021-10-21 07:29:12,63100.0,500.0,678300.0
65,2021-10-21 07:29:09,63000.0,1000.0,677800.0
66,2021-10-21 07:28:43,63000.0,500.0,676800.0
67,2021-10-21 07:28:40,63100.0,3300.0,676300.0
68,2021-10-21 07:28:40,63100.0,1000.0,673000.0
69,2021-10-21 07:28:40,63100.0,500.0,672000.0
70,2021-10-21 07:28:40,63100.0,500.0,671500.0
71,2021-10-21 07:28:40,63100.0,200.0,671000.0
72,2021-10-21 07:28:40,63100.0,100.0,670800.0
73,2021-10-21 07:28:40,63100.0,100.0,670700.0
74,2021-10-21 07:28:40,63100.0,500.0,670600.0
75,2021-10-21 07:28:29,63000.0,500.0,670100.0
76,2021-10-21 07:27:45,63100.0,400.0,669600.0
77,2021-10-21 07:27:45,63000.0,500.0,669200.0
78,2021-10-21 07:27:45,63000.0,100.0,668700.0
79,2021-10-21 07:27:25,63000.0,1100.0,668600.0
80,2021-10-21 07:27:25,63000.0,400.0,667500.0
81,2021-10-21 07:27:25,63000.0,100.0,667100.0
82,2021-10-21 07:27:25,63000.0,800.0,667000.0
83,2021-10-21 07:27:22,63000.0,100.0,666200.0
84,2021-10-21 07:27:09,63000.0,1000.0,666100.0
85,2021-10-21 07:26:58,63000.0,4100.0,665100.0
86,2021-10-21 07:26:58,63000.0,900.0,661000.0
87,2021-10-21 07:26:50,63100.0,100.0,660100.0
88,2021-10-21 07:26:50,63100.0,100.0,660000.0
89,2021-10-21 07:26:34,63000.0,100.0,659900.0
90,2021-10-21 07:26:34,63000.0,400.0,659800.0
91,2021-10-21 07:26:29,63100.0,200.0,659400.0
92,2021-10-21 07:26:26,63000.0,100.0,659200.0
93,2021-10-21 07:26:26,63000.0,400.0,659100.0
94,2021-10-21 07:26:11,63100.0,200.0,658700.0
95,2021-10-21 07:26:11,63100.0,300.0,658500.0
96,2021-10-21 07:26:03,63100.0,1000.0,658200.0
97,2021-10-21 07:25:54,63100.0,500.0,657200.0
98,2021-10-21 07:25:24,63100.0,200.0,656700.0
99,2021-10-21 07:25:24,63100.0,100.0,656500.0
100,2021-10-21 07:25:21,63100.0,500.0,656400.0
101,2021-10-21 07:25:02,63100.0,300.0,655900.0
102,2021-10-21 07:25:02,63100.0,200.0,655600.0
103,2021-10-21 07:24:54,63200.0,100.0,655400.0
104,2021-10-21 07:24:39,63200.0,100.0,655300.0
105,2021-10-21 07:24:39,63200.0,300.0,655200.0
106,2021-10-21 07:24:39,63200.0,200.0,654900.0
107,2021-10-21 07:24:09,63200.0,500.0,654700.0
108,2021-10-21 07:23:51,63200.0,400.0,654200.0
109,2021-10-21 07:23:51,63200.0,100.0,653800.0
110,2021-10-21 07:23:44,63300.0,2800.0,653700.0
111,2021-10-21 07:23:42,63200.0,500.0,650900.0
112,2021-10-21 07:23:23,63200.0,400.0,650400.0
113,2021-10-21 07:23:23,63200.0,100.0,650000.0
114,2021-10-21 07:23:20,63200.0,1000.0,649900.0
115,2021-10-21 07:23:20,63200.0,500.0,648900.0
116,2021-10-21 07:23:06,63200.0,200.0,648400.0
117,2021-10-21 07:22:27,63200.0,500.0,648200.0
118,2021-10-21 07:22:27,63200.0,100.0,647700.0
119,2021-10-21 07:22:26,63200.0,300.0,647600.0
120,2021-10-21 07:22:22,63300.0,400.0,647300.0
121,2021-10-21 07:21:59,63200.0,1000.0,646900.0
122,2021-10-21 07:21:31,63200.0,400.0,645900.0
123,2021-10-21 07:21:31,63200.0,100.0,645500.0
124,2021-10-21 07:21:30,63200.0,500.0,645400.0
125,2021-10-21 07:21:24,63200.0,100.0,644900.0
126,2021-10-21 07:21:23,63300.0,200.0,644800.0
127,2021-10-21 07:21:18,63200.0,200.0,644600.0
128,2021-10-21 07:21:08,63300.0,100.0,644400.0
129,2021-10-21 07:21:03,63300.0,400.0,644300.0
130,2021-10-21 07:20:54,63300.0,1000.0,643900.0
131,2021-10-21 07:20:51,63300.0,100.0,642900.0
132,2021-10-21 07:20:51,63300.0,100.0,642800.0
133,2021-10-21 07:20:51,63300.0,600.0,642700.0
134,2021-10-21 07:20:51,63300.0,100.0,642100.0
135,2021-10-21 07:20:29,63300.0,600.0,642000.0
136,2021-10-21 07:20:26,63200.0,100.0,641400.0
137,2021-10-21 07:20:23,63300.0,100.0,641300.0
138,2021-10-21 07:20:01,63300.0,500.0,641200.0
139,2021-10-21 07:19:53,63300.0,200.0,640700.0
140,2021-10-21 07:19:53,63300.0,900.0,640500.0
141,2021-10-21 07:19:53,63300.0,100.0,639600.0
142,2021-10-21 07:19:37,63200.0,200.0,639500.0
143,2021-10-21 07:19:23,63200.0,100.0,639300.0
144,2021-10-21 07:19:23,63200.0,300.0,639200.0
145,2021-10-21 07:19:23,63200.0,300.0,638900.0
146,2021-10-21 07:19:23,63200.0,100.0,638600.0
147,2021-10-21 07:19:23,63200.0,4000.0,638500.0
148,2021-10-21 07:19:10,63100.0,100.0,634500.0
149,2021-10-21 07:19:10,63100.0,100.0,634400.0
150,2021-10-21 07:18:53,63000.0,100.0,634300.0
151,2021-10-21 07:18:14,63000.0,500.0,634200.0
152,2021-10-21 07:18:10,63000.0,500.0,633700.0
153,2021-10-21 07:18:04,63000.0,500.0,633200.0
154,2021-10-21 07:17:50,63000.0,1500.0,632700.0
155,2021-10-21 07:17:50,63000.0,500.0,631200.0
156,2021-10-21 07:17:48,63000.0,100.0,630700.0
157,2021-10-21 07:17:29,63000.0,400.0,630600.0
158,2021-10-21 07:17:29,63000.0,1000.0,630200.0
159,2021-10-21 07:17:29,63000.0,200.0,629200.0
160,2021-10-21 07:17:29,63000.0,200.0,629000.0
161,2021-10-21 07:17:29,63000.0,100.0,628800.0
162,2021-10-21 07:17:29,63000.0,3100.0,628700.0
163,2021-10-21 07:17:26,63000.0,1900.0,625600.0
164,2021-10-21 07:17:26,63000.0,1000.0,623700.0
165,2021-10-21 07:17:26,63000.0,4400.0,622700.0
166,2021-10-21 07:17:22,63000.0,100.0,618300.0
167,2021-10-21 07:17:07,63000.0,3000.0,618200.0
168,2021-10-21 07:16:44,62900.0,200.0,615200.0
169,2021-10-21 07:15:53,62900.0,500.0,615000.0
170,2021-10-21 07:15:51,62900.0,500.0,614500.0
171,2021-10-21 07:15:45,62900.0,500.0,614000.0
172,2021-10-21 07:15:12,62900.0,1000.0,613500.0
173,2021-10-21 07:14:58,63000.0,2500.0,612500.0
174,2021-10-21 07:14:58,63000.0,400.0,610000.0
175,2021-10-21 07:14:54,63000.0,500.0,609600.0
176,2021-10-21 07:14:44,63000.0,500.0,609100.0
177,2021-10-21 07:14:19,63000.0,200.0,608600.0
178,2021-10-21 07:14:02,62900.0,1000.0,608400.0
179,2021-10-21 07:13:54,63000.0,100.0,607400.0
180,2021-10-21 07:13:31,63000.0,200.0,607300.0
181,2021-10-21 07:13:25,63000.0,100.0,607100.0
182,2021-10-21 07:13:21,63000.0,800.0,607000.0
183,2021-10-21 07:13:21,63000.0,200.0,606200.0
184,2021-10-21 07:13:21,63000.0,1200.0,606000.0
185,2021-10-21 07:13:21,63000.0,300.0,604800.0
186,2021-10-21 07:13:21,63100.0,100.0,604500.0
187,2021-10-21 07:13:05,63100.0,100.0,604400.0
188,2021-10-21 07:13:01,63000.0,300.0,604300.0
189,2021-10-21 07:13:00,63100.0,300.0,604000.0
190,2021-10-21 07:13:00,63100.0,100.0,603700.0
191,2021-10-21 07:13:00,63100.0,100.0,603600.0
192,2021-10-21 07:12:48,63000.0,200.0,603500.0
193,2021-10-21 07:12:29,63000.0,300.0,603300.0
194,2021-10-21 07:12:26,63000.0,200.0,603000.0
195,2021-10-21 07:12:13,63000.0,300.0,602800.0
196,2021-10-21 07:12:13,63000.0,500.0,602500.0
197,2021-10-21 07:12:13,63000.0,100.0,602000.0
198,2021-10-21 07:12:13,63000.0,500.0,601900.0
199,2021-10-21 07:12:13,63000.0,100.0,601400.0
200,2021-10-21 07:12:04,63000.0,900.0,601300.0
201,2021-10-21 07:12:04,63000.0,500.0,600400.0
202,2021-10-21 07:12:04,63000.0,300.0,599900.0
203,2021-10-21 07:12:04,63000.0,100.0,599600.0
204,2021-10-21 07:12:04,63000.0,100.0,599500.0
205,2021-10-21 07:12:04,63000.0,800.0,599400.0
206,2021-10-21 07:12:04,63000.0,200.0,598600.0
207,2021-10-21 07:12:04,63000.0,100.0,598400.0
208,2021-10-21 07:12:04,63000.0,100.0,598300.0
209,2021-10-21 07:12:04,63000.0,500.0,598200.0
210,2021-10-21 07:12:04,63000.0,300.0,597700.0
211,2021-10-21 07:12:04,63000.0,200.0,597400.0
212,2021-10-21 07:12:04,63000.0,300.0,597200.0
213,2021-10-21 07:12:04,63000.0,200.0,596900.0
214,2021-10-21 07:12:04,63000.0,100.0,596700.0
215,2021-10-21 07:12:04,63000.0,900.0,596600.0
216,2021-10-21 07:12:04,63000.0,500.0,595700.0
217,2021-10-21 07:12:04,63000.0,200.0,595200.0
218,2021-10-21 07:12:04,63000.0,100.0,595000.0
219,2021-10-21 07:12:04,63000.0,500.0,594900.0
220,2021-10-21 07:12:04,63000.0,300.0,594400.0
221,2021-10-21 07:12:04,63000.0,100.0,594100.0
222,2021-10-21 07:12:04,63000.0,500.0,594000.0
223,2021-10-21 07:12:04,63000.0,100.0,593500.0
224,2021-10-21 07:12:04,63000.0,200.0,593400.0
225,2021-10-21 07:12:04,63000.0,100.0,593200.0
226,2021-10-21 07:12:04,63000.0,100.0,593100.0
227,2021-10-21 07:12:04,63000.0,500.0,593000.0
228,2021-10-21 07:12:04,63000.0,100.0,592500.0
229,2021-10-21 07:12:04,63000.0,400.0,592400.0
230,2021-10-21 07:12:04,63000.0,1000.0,592000.0
231,2021-10-21 07:12:04,63000.0,100.0,591000.0
232,2021-10-21 07:12:04,63000.0,1000.0,590900.0
233,2021-10-21 07:12:04,63000.0,1000.0,589900.0
234,2021-10-21 07:12:04,63000.0,400.0,588900.0
235,2021-10-21 07:12:04,63000.0,500.0,588500.0
236,2021-10-21 07:12:04,63000.0,1000.0,588000.0
237,2021-10-21 07:12:04,63000.0,100.0,587000.0
238,2021-10-21 07:12:04,63000.0,100.0,586900.0
239,2021-10-21 07:12:04,63000.0,200.0,586800.0
240,2021-10-21 07:12:04,63000.0,100.0,586600.0
241,2021-10-21 07:12:04,63000.0,200.0,586500.0
242,2021-10-21 07:11:38,62900.0,300.0,586300.0
243,2021-10-21 07:11:38,62900.0,4000.0,586000.0
244,2021-10-21 07:11:38,62900.0,200.0,582000.0
245,2021-10-21 07:11:38,62900.0,100.0,581800.0
246,2021-10-21 07:11:38,62900.0,1000.0,581700.0
247,2021-10-21 07:11:38,62900.0,1000.0,580700.0
248,2021-10-21 07:11:38,62900.0,900.0,579700.0
249,2021-10-21 07:11:32,62800.0,800.0,578800.0
250,2021-10-21 07:11:30,62900.0,100.0,578000.0
251,2021-10-21 07:11:19,62800.0,100.0,577900.0
252,2021-10-21 07:11:16,62800.0,500.0,577800.0
253,2021-10-21 07:10:46,62800.0,500.0,577300.0
254,2021-10-21 07:10:46,62800.0,500.0,576800.0
255,2021-10-21 07:10:46,62800.0,500.0,576300.0
256,2021-10-21 07:10:46,62800.0,200.0,575800.0
257,2021-10-21 07:10:46,62800.0,1000.0,575600.0
258,2021-10-21 07:10:46,62800.0,1000.0,574600.0
259,2021-10-21 07:10:46,62800.0,100.0,573600.0
260,2021-10-21 07:10:46,62800.0,100.0,573500.0
261,2021-10-21 07:10:46,62800.0,200.0,573400.0
262,2021-10-21 07:10:46,62800.0,500.0,573200.0
263,2021-10-21 07:10:46,62800.0,100.0,572700.0
264,2021-10-21 07:10:46,62800.0,100.0,572600.0
265,2021-10-21 07:10:46,62800.0,100.0,572500.0
266,2021-10-21 07:10:46,62800.0,100.0,572400.0
267,2021-10-21 07:10:46,62700.0,100.0,572300.0
268,2021-10-21 07:10:42,62700.0,300.0,572200.0
269,2021-10-21 07:10:42,62700.0,100.0,571900.0
270,2021-10-21 07:10:42,62700.0,100.0,571800.0
271,2021-10-21 07:09:36,62600.0,500.0,571700.0
272,2021-10-21 07:09:21,62600.0,300.0,571200.0
273,2021-10-21 07:09:20,62600.0,700.0,570900.0
274,2021-10-21 07:09:20,62600.0,200.0,570200.0
275,2021-10-21 07:09:20,62600.0,1000.0,570000.0
276,2021-10-21 07:09:20,62600.0,1000.0,569000.0
277,2021-10-21 07:09:20,62600.0,100.0,568000.0
278,2021-10-21 07:09:16,62600.0,300.0,567900.0
279,2021-10-21 07:09:16,62600.0,200.0,567600.0
280,2021-10-21 07:09:06,62600.0,200.0,567400.0
281,2021-10-21 07:09:06,62600.0,300.0,567200.0
282,2021-10-21 07:09:03,62600.0,4300.0,566900.0
283,2021-10-21 07:09:03,62600.0,900.0,562600.0
284,2021-10-21 07:08:07,62500.0,500.0,561700.0
285,2021-10-21 07:08:07,62500.0,300.0,561200.0
286,2021-10-21 07:08:07,62500.0,1000.0,560900.0
287,2021-10-21 07:08:07,62500.0,300.0,559900.0
288,2021-10-21 07:08:07,62500.0,1000.0,559600.0
289,2021-10-21 07:08:07,62500.0,500.0,558600.0
290,2021-10-21 07:08:07,62500.0,400.0,558100.0
291,2021-10-21 07:08:07,62500.0,1000.0,557700.0
292,2021-10-21 07:08:07,62500.0,2500.0,556700.0
293,2021-10-21 07:08:07,62500.0,200.0,554200.0
294,2021-10-21 07:08:07,62500.0,200.0,554000.0
295,2021-10-21 07:08:07,62500.0,300.0,553800.0
296,2021-10-21 07:08:07,62500.0,100.0,553500.0
297,2021-10-21 07:08:07,62500.0,2800.0,553400.0
298,2021-10-21 07:08:07,62500.0,1000.0,550600.0
299,2021-10-21 07:08:07,62500.0,200.0,549600.0
300,2021-10-21 07:08:07,62500.0,100.0,549400.0
301,2021-10-21 07:08:07,62500.0,2000.0,549300.0
302,2021-10-21 07:08:07,62500.0,1000.0,547300.0
303,2021-10-21 07:08:07,62500.0,1000.0,546300.0
304,2021-10-21 07:08:07,62500.0,300.0,545300.0
305,2021-10-21 07:07:19,62500.0,200.0,545000.0
306,2021-10-21 07:07:19,62500.0,500.0,544800.0
307,2021-10-21 07:07:19,62500.0,200.0,544300.0
308,2021-10-21 07:07:19,62500.0,100.0,544100.0
309,2021-10-21 07:06:26,62400.0,200.0,544000.0
310,2021-10-21 07:06:26,62400.0,1400.0,543800.0
311,2021-10-21 07:06:13,62400.0,900.0,542400.0
312,2021-10-21 07:06:10,62400.0,300.0,541500.0
313,2021-10-21 07:06:05,62400.0,500.0,541200.0
314,2021-10-21 07:06:03,62400.0,300.0,540700.0
315,2021-10-21 07:06:00,62400.0,100.0,540400.0
316,2021-10-21 07:06:00,62400.0,700.0,540300.0
317,2021-10-21 07:05:08,62400.0,300.0,539600.0
318,2021-10-21 07:05:01,62400.0,900.0,539300.0
319,2021-10-21 07:05:01,62400.0,100.0,538400.0
320,2021-10-21 07:05:01,62400.0,1000.0,538300.0
321,2021-10-21 07:04:56,62400.0,200.0,537300.0
322,2021-10-21 07:04:52,62400.0,200.0,537100.0
323,2021-10-21 07:04:40,62400.0,100.0,536900.0
324,2021-10-21 07:04:36,62400.0,100.0,536800.0
325,2021-10-21 07:04:36,62400.0,400.0,536700.0
326,2021-10-21 07:03:55,62400.0,100.0,536300.0
327,2021-10-21 07:03:55,62400.0,100.0,536200.0
328,2021-10-21 07:03:55,62400.0,100.0,536100.0
329,2021-10-21 07:03:55,62400.0,1700.0,536000.0
330,2021-10-21 07:02:57,62300.0,500.0,534300.0
331,2021-10-21 07:02:57,62300.0,100.0,533800.0
332,2021-10-21 07:02:57,62300.0,500.0,533700.0
333,2021-10-21 07:02:57,62300.0,200.0,533200.0
334,2021-10-21 07:02:34,62300.0,100.0,533000.0
335,2021-10-21 07:02:34,62300.0,100.0,532900.0
336,2021-10-21 07:02:34,62300.0,100.0,532800.0
337,2021-10-21 07:02:34,62200.0,100.0,532700.0
338,2021-10-21 07:02:34,62200.0,100.0,532600.0
339,2021-10-21 07:02:30,62200.0,400.0,532500.0
340,2021-10-21 07:02:30,62200.0,500.0,532100.0
341,2021-10-21 07:02:30,62200.0,2100.0,531600.0
342,2021-10-21 07:02:29,62200.0,200.0,529500.0
343,2021-10-21 07:02:27,62200.0,2700.0,529300.0
344,2021-10-21 07:02:27,62200.0,300.0,526600.0
345,2021-10-21 07:02:00,62200.0,700.0,526300.0
346,2021-10-21 07:02:00,62200.0,500.0,525600.0
347,2021-10-21 07:02:00,62200.0,300.0,525100.0
348,2021-10-21 07:02:00,62200.0,100.0,524800.0
349,2021-10-21 07:02:00,62200.0,200.0,524700.0
350,2021-10-21 07:02:00,62200.0,100.0,524500.0
351,2021-10-21 07:02:00,62200.0,200.0,524400.0
352,2021-10-21 07:00:51,62100.0,300.0,524200.0
353,2021-10-21 07:00:20,62100.0,1000.0,523900.0
354,2021-10-21 07:00:10,62100.0,300.0,522900.0
355,2021-10-21 07:00:08,62200.0,800.0,522600.0
356,2021-10-21 07:00:08,62200.0,100.0,521800.0
357,2021-10-21 07:00:08,62200.0,100.0,521700.0
358,2021-10-21 06:58:23,62200.0,900.0,521600.0
359,2021-10-21 06:58:23,62200.0,100.0,520700.0
360,2021-10-21 06:56:25,62200.0,300.0,520600.0
361,2021-10-21 06:55:51,62200.0,100.0,520300.0
362,2021-10-21 06:55:41,62200.0,400.0,520200.0
363,2021-10-21 06:55:36,62200.0,2000.0,519800.0
364,2021-10-21 06:55:34,62200.0,700.0,517800.0
365,2021-10-21 06:55:31,62200.0,100.0,517100.0
366,2021-10-21 06:55:28,62200.0,100.0,517000.0
367,2021-10-21 06:55:16,62200.0,400.0,516900.0
368,2021-10-21 06:55:08,62200.0,300.0,516500.0
369,2021-10-21 06:55:01,62200.0,300.0,516200.0
370,2021-10-21 06:54:51,62200.0,100.0,515900.0
371,2021-10-21 06:54:34,62200.0,200.0,515800.0
372,2021-10-21 06:52:56,62100.0,700.0,515600.0
373,2021-10-21 06:52:53,62100.0,500.0,514900.0
374,2021-10-21 06:52:40,62100.0,300.0,514400.0
375,2021-10-21 06:51:04,62100.0,500.0,514100.0
376,2021-10-21 06:51:04,62100.0,200.0,513600.0
377,2021-10-21 06:51:04,62100.0,100.0,513400.0
378,2021-10-21 06:50:58,62100.0,500.0,513300.0
379,2021-10-21 06:50:58,62100.0,1000.0,512800.0
380,2021-10-21 06:50:58,62100.0,1500.0,511800.0
381,2021-10-21 06:50:04,62000.0,1500.0,510300.0
382,2021-10-21 06:50:04,62000.0,100.0,508800.0
383,2021-10-21 06:49:29,62000.0,200.0,508700.0
384,2021-10-21 06:49:20,62000.0,200.0,508500.0
385,2021-10-21 06:49:10,62000.0,1500.0,508300.0
386,2021-10-21 06:48:41,62000.0,500.0,506800.0
387,2021-10-21 06:48:41,62000.0,1000.0,506300.0
388,2021-10-21 06:48:30,62000.0,200.0,505300.0
389,2021-10-21 06:48:13,62000.0,200.0,505100.0
390,2021-10-21 06:48:13,62000.0,100.0,504900.0
391,2021-10-21 06:48:13,62000.0,200.0,504800.0
392,2021-10-21 06:46:33,62000.0,100.0,504600.0
393,2021-10-21 06:46:30,62000.0,100.0,504500.0
394,2021-10-21 06:46:11,62000.0,100.0,504400.0
395,2021-10-21 06:44:59,62000.0,200.0,504300.0
396,2021-10-21 06:44:59,62000.0,200.0,504100.0
397,2021-10-21 06:44:59,62000.0,500.0,503900.0
398,2021-10-21 06:44:59,62000.0,1100.0,503400.0
399,2021-10-21 06:44:55,62000.0,100.0,502300.0
400,2021-10-21 06:43:53,62000.0,400.0,502200.0
401,2021-10-21 06:43:53,62000.0,100.0,501800.0
402,2021-10-21 06:43:53,62000.0,1000.0,501700.0
403,2021-10-21 06:43:53,62000.0,1000.0,500700.0
404,2021-10-21 06:43:53,62000.0,700.0,499700.0
405,2021-10-21 06:43:53,62000.0,200.0,499000.0
406,2021-10-21 06:43:53,62000.0,1000.0,498800.0
407,2021-10-21 06:43:53,62000.0,100.0,497800.0
408,2021-10-21 06:43:53,62000.0,100.0,497700.0
409,2021-10-21 06:43:53,62000.0,200.0,497600.0
410,2021-10-21 06:43:53,62000.0,100.0,497400.0
411,2021-10-21 06:43:53,62000.0,100.0,497300.0
412,2021-10-21 06:43:33,62000.0,300.0,497200.0
413,2021-10-21 06:43:33,62000.0,300.0,496900.0
414,2021-10-21 06:43:33,62000.0,100.0,496600.0
415,2021-10-21 06:43:33,62000.0,200.0,496500.0
416,2021-10-21 06:43:33,62000.0,200.0,496300.0
417,2021-10-21 06:43:33,62000.0,200.0,496100.0
418,2021-10-21 06:43:33,62000.0,200.0,495900.0
419,2021-10-21 06:43:33,62000.0,100.0,495700.0
420,2021-10-21 06:43:33,62000.0,200.0,495600.0
421,2021-10-21 06:43:33,62000.0,200.0,495400.0
422,2021-10-21 06:43:33,62000.0,100.0,495200.0
423,2021-10-21 06:43:33,62000.0,300.0,495100.0
424,2021-10-21 06:43:33,62000.0,100.0,494800.0
425,2021-10-21 06:43:33,62000.0,100.0,494700.0
426,2021-10-21 06:43:33,62000.0,200.0,494600.0
427,2021-10-21 06:43:33,62000.0,200.0,494400.0
428,2021-10-21 06:43:33,62000.0,300.0,494200.0
429,2021-10-21 06:43:33,62000.0,100.0,493900.0
430,2021-10-21 06:43:33,62000.0,200.0,493800.0
431,2021-10-21 06:43:33,62000.0,200.0,493600.0
432,2021-10-21 06:43:33,62000.0,300.0,493400.0
433,2021-10-21 06:43:33,62000.0,300.0,493100.0
434,2021-10-21 06:43:33,62000.0,100.0,492800.0
435,2021-10-21 06:43:33,62000.0,500.0,492700.0
436,2021-10-21 06:43:33,62000.0,200.0,492200.0
437,2021-10-21 06:43:33,62000.0,500.0,492000.0
438,2021-10-21 06:43:33,62000.0,500.0,491500.0
439,2021-10-21 06:43:33,62000.0,300.0,491000.0
440,2021-10-21 06:43:33,62000.0,300.0,490700.0
441,2021-10-21 06:43:33,62000.0,200.0,490400.0
442,2021-10-21 06:43:33,62000.0,300.0,490200.0
443,2021-10-21 06:43:33,62000.0,200.0,489900.0
444,2021-10-21 06:43:33,62000.0,100.0,489700.0
445,2021-10-21 06:43:33,62000.0,300.0,489600.0
446,2021-10-21 06:43:33,62000.0,200.0,489300.0
447,2021-10-21 06:43:33,62000.0,200.0,489100.0
448,2021-10-21 06:43:33,62000.0,200.0,488900.0
449,2021-10-21 06:43:33,62000.0,400.0,488700.0
450,2021-10-21 06:43:33,62000.0,200.0,488300.0
451,2021-10-21 06:43:33,62000.0,300.0,488100.0
452,2021-10-21 06:43:33,62000.0,300.0,487800.0
453,2021-10-21 06:43:33,62000.0,200.0,487500.0
454,2021-10-21 06:43:33,62000.0,100.0,487300.0
455,2021-10-21 06:43:02,62000.0,100.0,487200.0
456,2021-10-21 06:43:02,62000.0,100.0,487100.0
457,2021-10-21 06:42:59,62000.0,100.0,487000.0
458,2021-10-21 06:42:28,62000.0,200.0,486900.0
459,2021-10-21 06:42:28,61900.0,300.0,486700.0
460,2021-10-21 06:42:28,61900.0,100.0,486400.0
461,2021-10-21 06:42:28,61900.0,200.0,486300.0
462,2021-10-21 06:41:36,61900.0,200.0,486100.0
463,2021-10-21 06:35:21,61900.0,100.0,485900.0
464,2021-10-21 06:34:19,62000.0,100.0,485800.0
465,2021-10-21 06:29:02,61900.0,300.0,485700.0
466,2021-10-21 06:29:02,61900.0,100.0,485400.0
467,2021-10-21 06:27:42,61900.0,200.0,485300.0
468,2021-10-21 06:27:42,61900.0,100.0,485100.0
469,2021-10-21 06:25:10,62000.0,300.0,485000.0
470,2021-10-21 06:23:51,62000.0,400.0,484700.0
471,2021-10-21 06:23:51,62000.0,1000.0,484300.0
472,2021-10-21 06:23:51,61900.0,100.0,483300.0
473,2021-10-21 06:23:51,61900.0,200.0,483200.0
474,2021-10-21 06:23:51,61900.0,500.0,483000.0
475,2021-10-21 06:23:51,61900.0,300.0,482500.0
476,2021-10-21 06:22:24,61800.0,500.0,482200.0
477,2021-10-21 06:22:24,61800.0,1400.0,481700.0
478,2021-10-21 06:22:11,61800.0,400.0,480300.0
479,2021-10-21 06:18:54,61800.0,700.0,479900.0
480,2021-10-21 06:18:05,61800.0,300.0,479200.0
481,2021-10-21 06:17:38,61700.0,2500.0,478900.0
482,2021-10-21 06:16:38,61700.0,500.0,476400.0
483,2021-10-21 06:16:37,61700.0,2000.0,475900.0
484,2021-10-21 06:16:01,61700.0,1500.0,473900.0
485,2021-10-21 06:16:01,61600.0,600.0,472400.0
486,2021-10-21 06:16:01,61600.0,100.0,471800.0
487,2021-10-21 06:16:01,61600.0,200.0,471700.0
488,2021-10-21 06:16:01,61600.0,100.0,471500.0
489,2021-10-21 06:15:41,61600.0,100.0,471400.0
490,2021-10-21 06:15:12,61500.0,100.0,471300.0
491,2021-10-21 06:15:12,61500.0,1000.0,471200.0
492,2021-10-21 06:15:11,61500.0,100.0,470200.0
493,2021-10-21 06:15:08,61500.0,200.0,470100.0
494,2021-10-21 06:15:05,61500.0,700.0,469900.0
495,2021-10-21 06:14:54,61500.0,100.0,469200.0
496,2021-10-21 06:14:38,61500.0,500.0,469100.0
497,2021-10-21 06:14:15,61500.0,500.0,468600.0
498,2021-10-21 06:13:55,61500.0,400.0,468100.0
499,2021-10-21 06:13:55,61500.0,500.0,467700.0
500,2021-10-21 06:13:43,61500.0,1500.0,467200.0
501,2021-10-21 06:13:19,61500.0,500.0,465700.0
502,2021-10-21 06:13:13,61500.0,500.0,465200.0
503,2021-10-21 06:12:07,61400.0,1000.0,464700.0
504,2021-10-21 06:12:07,61400.0,500.0,463700.0
505,2021-10-21 06:12:07,61400.0,500.0,463200.0
506,2021-10-21 06:07:01,61500.0,100.0,462700.0
507,2021-10-21 06:07:01,61500.0,1000.0,462600.0
508,2021-10-21 06:07:01,61500.0,100.0,461600.0
509,2021-10-21 06:07:01,61500.0,200.0,461500.0
510,2021-10-21 06:07:01,61500.0,600.0,461300.0
511,2021-10-21 06:04:31,61600.0,100.0,460700.0
512,2021-10-21 06:02:40,61600.0,1000.0,460600.0
513,2021-10-21 06:00:07,61500.0,400.0,459600.0
514,2021-10-21 06:00:07,61500.0,100.0,459200.0
515,2021-10-21 06:00:07,61500.0,500.0,459100.0
516,2021-10-21 06:00:04,61600.0,700.0,458600.0
517,2021-10-21 06:00:04,61600.0,100.0,457900.0
518,2021-10-21 06:00:04,61600.0,2000.0,457800.0
519,2021-10-21 06:00:04,61600.0,200.0,455800.0
520,2021-10-21 06:00:01,61500.0,200.0,455600.0
521,2021-10-21 04:29:26,61600.0,300.0,455400.0
522,2021-10-21 04:27:52,61500.0,2300.0,455100.0
523,2021-10-21 04:27:33,61500.0,500.0,452800.0
524,2021-10-21 04:27:33,61500.0,200.0,452300.0
525,2021-10-21 04:27:13,61500.0,1700.0,452100.0
526,2021-10-21 04:26:44,61500.0,200.0,450400.0
527,2021-10-21 04:25:58,61500.0,500.0,450200.0
528,2021-10-21 04:24:59,61500.0,100.0,449700.0
529,2021-10-21 04:21:09,61400.0,400.0,449600.0
530,2021-10-21 04:21:09,61400.0,100.0,449200.0
531,2021-10-21 04:21:08,61400.0,100.0,449100.0
532,2021-10-21 04:21:05,61400.0,200.0,449000.0
533,2021-10-21 04:19:34,61400.0,1300.0,448800.0
534,2021-10-21 04:19:34,61400.0,300.0,447500.0
535,2021-10-21 04:19:34,61400.0,200.0,447200.0
536,2021-10-21 04:19:34,61400.0,1000.0,447000.0
537,2021-10-21 04:19:34,61400.0,100.0,446000.0
538,2021-10-21 04:19:34,61400.0,300.0,445900.0
539,2021-10-21 04:19:34,61400.0,1400.0,445600.0
540,2021-10-21 04:16:52,61400.0,100.0,444200.0
541,2021-10-21 04:16:39,61400.0,500.0,444100.0
542,2021-10-21 04:16:27,61500.0,300.0,443600.0
543,2021-10-21 04:15:27,61500.0,500.0,443300.0
544,2021-10-21 04:15:27,61500.0,100.0,442800.0
545,2021-10-21 04:15:27,61500.0,2000.0,442700.0
546,2021-10-21 04:15:27,61500.0,100.0,440700.0
547,2021-10-21 04:15:27,61500.0,100.0,440600.0
548,2021-10-21 04:15:27,61500.0,200.0,440500.0
549,2021-10-21 04:15:27,61500.0,300.0,440300.0
550,2021-10-21 04:15:27,61500.0,2000.0,440000.0
551,2021-10-21 04:15:27,61500.0,1000.0,438000.0
552,2021-10-21 04:15:27,61500.0,200.0,437000.0
553,2021-10-21 04:12:45,61600.0,100.0,436800.0
554,2021-10-21 04:11:58,61600.0,300.0,436700.0
555,2021-10-21 04:11:58,61600.0,200.0,436400.0
556,2021-10-21 04:11:58,61600.0,100.0,436200.0
557,2021-10-21 04:11:58,61600.0,200.0,436100.0
558,2021-10-21 04:11:20,61600.0,100.0,435900.0
559,2021-10-21 04:09:11,61600.0,300.0,435800.0
560,2021-10-21 04:09:11,61600.0,100.0,435500.0
561,2021-10-21 04:08:45,61700.0,100.0,435400.0
562,2021-10-21 04:08:36,61600.0,500.0,435300.0
563,2021-10-21 04:08:23,61600.0,100.0,434800.0
564,2021-10-21 04:07:59,61600.0,300.0,434700.0
565,2021-10-21 04:07:59,61600.0,200.0,434400.0
566,2021-10-21 04:07:46,61600.0,100.0,434200.0
567,2021-10-21 04:07:42,61600.0,100.0,434100.0
568,2021-10-21 04:07:42,61600.0,300.0,434000.0
569,2021-10-21 04:07:42,61600.0,700.0,433700.0
570,2021-10-21 04:06:02,61600.0,100.0,433000.0
571,2021-10-21 04:05:58,61700.0,300.0,432900.0
572,2021-10-21 04:05:38,61700.0,500.0,432600.0
573,2021-10-21 04:05:38,61700.0,200.0,432100.0
574,2021-10-21 04:05:38,61700.0,300.0,431900.0
575,2021-10-21 04:05:38,61700.0,200.0,431600.0
576,2021-10-21 04:05:38,61700.0,200.0,431400.0
577,2021-10-21 04:05:38,61700.0,2500.0,431200.0
578,2021-10-21 04:04:55,61700.0,1000.0,428700.0
579,2021-10-21 04:04:13,61800.0,100.0,427700.0
580,2021-10-21 04:04:10,61800.0,500.0,427600.0
581,2021-10-21 04:03:50,61800.0,1000.0,427100.0
582,2021-10-21 04:03:50,61800.0,300.0,426100.0
583,2021-10-21 04:03:50,61800.0,100.0,425800.0
584,2021-10-21 04:00:34,61800.0,200.0,425700.0
585,2021-10-21 04:00:12,61800.0,100.0,425500.0
586,2021-10-21 03:58:28,61800.0,100.0,425400.0
587,2021-10-21 03:57:14,61800.0,100.0,425300.0
588,2021-10-21 03:56:54,61800.0,400.0,425200.0
589,2021-10-21 03:56:54,61800.0,100.0,424800.0
590,2021-10-21 03:55:48,61800.0,500.0,424700.0
591,2021-10-21 03:55:48,61800.0,100.0,424200.0
592,2021-10-21 03:55:48,61800.0,300.0,424100.0
593,2021-10-21 03:55:48,61800.0,100.0,423800.0
594,2021-10-21 03:55:48,61800.0,200.0,423700.0
595,2021-10-21 03:55:48,61800.0,100.0,423500.0
596,2021-10-21 03:55:14,61900.0,300.0,423400.0
597,2021-10-21 03:55:14,61900.0,700.0,423100.0
598,2021-10-21 03:54:29,61900.0,300.0,422400.0
599,2021-10-21 03:54:29,61900.0,100.0,422100.0
600,2021-10-21 03:54:29,61900.0,100.0,422000.0
601,2021-10-21 03:53:52,62000.0,200.0,421900.0
602,2021-10-21 03:49:01,62000.0,100.0,421700.0
603,2021-10-21 03:48:20,62000.0,1000.0,421600.0
604,2021-10-21 03:47:31,62000.0,700.0,420600.0
605,2021-10-21 03:47:31,62000.0,200.0,419900.0
606,2021-10-21 03:47:31,62000.0,300.0,419700.0
607,2021-10-21 03:47:31,62000.0,300.0,419400.0
608,2021-10-21 03:47:31,62000.0,2400.0,419100.0
609,2021-10-21 03:45:25,62000.0,100.0,416700.0
610,2021-10-21 03:45:03,62000.0,500.0,416600.0
611,2021-10-21 03:43:38,61900.0,100.0,416100.0
612,2021-10-21 03:43:28,61900.0,1200.0,416000.0
613,2021-10-21 03:43:13,61900.0,500.0,414800.0
614,2021-10-21 03:43:13,61900.0,100.0,414300.0
615,2021-10-21 03:42:59,61900.0,200.0,414200.0
616,2021-10-21 03:42:59,61900.0,100.0,414000.0
617,2021-10-21 03:41:00,61900.0,200.0,413900.0
618,2021-10-21 03:39:58,61900.0,100.0,413700.0
619,2021-10-21 03:39:58,61900.0,100.0,413600.0
620,2021-10-21 03:38:56,62000.0,100.0,413500.0
621,2021-10-21 03:38:56,62000.0,500.0,413400.0
622,2021-10-21 03:38:56,62000.0,200.0,412900.0
623,2021-10-21 03:38:56,62000.0,500.0,412700.0
624,2021-10-21 03:38:56,62000.0,300.0,412200.0
625,2021-10-21 03:38:56,62000.0,400.0,411900.0
626,2021-10-21 03:38:52,62000.0,1200.0,411500.0
627,2021-10-21 03:38:52,62000.0,100.0,410300.0
628,2021-10-21 03:38:52,62000.0,700.0,410200.0
629,2021-10-21 03:38:34,62100.0,100.0,409500.0
630,2021-10-21 03:38:00,62100.0,400.0,409400.0
631,2021-10-21 03:38:00,62100.0,100.0,409000.0
632,2021-10-21 03:38:00,62100.0,500.0,408900.0
633,2021-10-21 03:37:43,62100.0,500.0,408400.0
634,2021-10-21 03:37:43,62100.0,500.0,407900.0
635,2021-10-21 03:37:43,62100.0,1000.0,407400.0
636,2021-10-21 03:37:32,62000.0,200.0,406400.0
637,2021-10-21 03:36:09,62100.0,500.0,406200.0
638,2021-10-21 03:36:09,62100.0,100.0,405700.0
639,2021-10-21 03:36:09,62100.0,1600.0,405600.0
640,2021-10-21 03:35:38,62000.0,100.0,404000.0
641,2021-10-21 03:33:57,62000.0,200.0,403900.0
642,2021-10-21 03:33:57,62000.0,100.0,403700.0
643,2021-10-21 03:33:57,62000.0,100.0,403600.0
644,2021-10-21 03:33:52,62000.0,500.0,403500.0
645,2021-10-21 03:33:43,62000.0,1000.0,403000.0
646,2021-10-21 03:32:56,62000.0,5000.0,402000.0
647,2021-10-21 03:32:51,62000.0,100.0,397000.0
648,2021-10-21 03:31:29,62000.0,100.0,396900.0
649,2021-10-21 03:31:01,62000.0,5400.0,396800.0
650,2021-10-21 03:31:01,62000.0,100.0,391400.0
651,2021-10-21 03:31:01,62000.0,4500.0,391300.0
652,2021-10-21 03:30:33,62000.0,300.0,386800.0
653,2021-10-21 03:28:52,62000.0,200.0,386500.0
654,2021-10-21 03:28:41,62000.0,800.0,386300.0
655,2021-10-21 03:28:37,62000.0,600.0,385500.0
656,2021-10-21 03:28:37,62000.0,500.0,384900.0
657,2021-10-21 03:28:37,62000.0,200.0,384400.0
658,2021-10-21 03:28:37,62000.0,100.0,384200.0
659,2021-10-21 03:28:37,62000.0,300.0,384100.0
660,2021-10-21 03:28:37,62000.0,100.0,383800.0
661,2021-10-21 03:28:37,62000.0,200.0,383700.0
662,2021-10-21 03:28:37,62000.0,100.0,383500.0
663,2021-10-21 03:28:37,62000.0,1000.0,383400.0
664,2021-10-21 03:28:37,62000.0,1000.0,382400.0
665,2021-10-21 03:28:37,62000.0,100.0,381400.0
666,2021-10-21 03:28:27,62000.0,200.0,381300.0
667,2021-10-21 03:28:19,62000.0,700.0,381100.0
668,2021-10-21 03:28:19,62000.0,100.0,380400.0
669,2021-10-21 03:27:45,62100.0,200.0,380300.0
670,2021-10-21 03:25:33,62000.0,300.0,380100.0
671,2021-10-21 03:25:33,62000.0,100.0,379800.0
672,2021-10-21 03:25:01,62000.0,300.0,379700.0
673,2021-10-21 03:25:01,62000.0,1500.0,379400.0
674,2021-10-21 03:25:01,62000.0,200.0,377900.0
675,2021-10-21 03:25:01,62000.0,500.0,377700.0
676,2021-10-21 03:25:01,62000.0,1000.0,377200.0
677,2021-10-21 03:25:01,62000.0,500.0,376200.0
678,2021-10-21 03:24:24,62000.0,100.0,375700.0
679,2021-10-21 03:23:46,62000.0,800.0,375600.0
680,2021-10-21 03:22:25,62000.0,500.0,374800.0
681,2021-10-21 03:22:25,62000.0,700.0,374300.0
682,2021-10-21 03:22:25,62000.0,400.0,373600.0
683,2021-10-21 03:22:01,62000.0,100.0,373200.0
684,2021-10-21 03:21:55,62000.0,100.0,373100.0
685,2021-10-21 03:21:51,62000.0,100.0,373000.0
686,2021-10-21 03:21:30,62000.0,500.0,372900.0
687,2021-10-21 03:20:53,62000.0,1000.0,372400.0
688,2021-10-21 03:20:53,62000.0,100.0,371400.0
689,2021-10-21 03:20:53,62000.0,100.0,371300.0
690,2021-10-21 03:20:53,62000.0,100.0,371200.0
691,2021-10-21 03:20:53,62000.0,100.0,371100.0
692,2021-10-21 03:20:53,62000.0,1500.0,371000.0
693,2021-10-21 03:20:53,62000.0,500.0,369500.0
694,2021-10-21 03:20:53,62000.0,200.0,369000.0
695,2021-10-21 03:20:07,62000.0,300.0,368800.0
696,2021-10-21 03:20:07,62000.0,200.0,368500.0
697,2021-10-21 03:20:04,62000.0,200.0,368300.0
698,2021-10-21 03:19:18,62000.0,500.0,368100.0
699,2021-10-21 03:19:18,62000.0,100.0,367600.0
700,2021-10-21 03:17:22,62000.0,400.0,367500.0
701,2021-10-21 03:16:15,62000.0,100.0,367100.0
702,2021-10-21 03:15:18,62100.0,600.0,367000.0
703,2021-10-21 03:15:18,62100.0,1400.0,366400.0
704,2021-10-21 03:14:10,62000.0,300.0,365000.0
705,2021-10-21 03:13:46,62000.0,500.0,364700.0
706,2021-10-21 03:13:41,62000.0,100.0,364200.0
707,2021-10-21 03:13:41,62000.0,100.0,364100.0
708,2021-10-21 03:13:25,62000.0,100.0,364000.0
709,2021-10-21 03:13:18,62000.0,100.0,363900.0
710,2021-10-21 03:13:18,62000.0,200.0,363800.0
711,2021-10-21 03:13:18,62000.0,500.0,363600.0
712,2021-10-21 03:13:09,62000.0,1000.0,363100.0
713,2021-10-21 03:13:09,62000.0,900.0,362100.0
714,2021-10-21 03:12:34,62000.0,100.0,361200.0
715,2021-10-21 03:12:33,62000.0,300.0,361100.0
716,2021-10-21 03:11:00,61900.0,100.0,360800.0
717,2021-10-21 03:11:00,61900.0,400.0,360700.0
718,2021-10-21 03:10:13,61900.0,100.0,360300.0
719,2021-10-21 03:10:04,61900.0,100.0,360200.0
720,2021-10-21 03:09:31,61900.0,300.0,360100.0
721,2021-10-21 03:09:24,61900.0,100.0,359800.0
722,2021-10-21 03:09:02,61900.0,400.0,359700.0
723,2021-10-21 03:09:02,61900.0,100.0,359300.0
724,2021-10-21 03:08:14,62000.0,400.0,359200.0
725,2021-10-21 03:08:14,62000.0,1100.0,358800.0
726,2021-10-21 03:08:14,62000.0,500.0,357700.0
727,2021-10-21 03:08:14,62000.0,500.0,357200.0
728,2021-10-21 03:08:14,62000.0,1000.0,356700.0
729,2021-10-21 03:08:14,62000.0,500.0,355700.0
730,2021-10-21 03:08:03,62100.0,300.0,355200.0
731,2021-10-21 03:08:03,62100.0,200.0,354900.0
732,2021-10-21 03:07:39,62100.0,300.0,354700.0
733,2021-10-21 03:07:36,62100.0,100.0,354400.0
734,2021-10-21 03:07:25,62000.0,500.0,354300.0
735,2021-10-21 03:07:25,62000.0,500.0,353800.0
736,2021-10-21 03:06:45,62000.0,1600.0,353300.0
737,2021-10-21 03:06:38,62000.0,400.0,351700.0
738,2021-10-21 03:06:38,62000.0,600.0,351300.0
739,2021-10-21 03:06:25,62000.0,700.0,350700.0
740,2021-10-21 03:06:25,62000.0,4800.0,350000.0
741,2021-10-21 03:06:25,62100.0,400.0,345200.0
742,2021-10-21 03:06:25,62100.0,4100.0,344800.0
743,2021-10-21 03:06:09,62200.0,500.0,340700.0
744,2021-10-21 03:06:07,62200.0,500.0,340200.0
745,2021-10-21 03:06:03,62200.0,4500.0,339700.0
746,2021-10-21 03:06:03,62200.0,500.0,335200.0
747,2021-10-21 03:05:37,62300.0,200.0,334700.0
748,2021-10-21 03:05:33,62300.0,600.0,334500.0
749,2021-10-21 03:05:33,62300.0,400.0,333900.0
750,2021-10-21 03:05:29,62300.0,1000.0,333500.0
751,2021-10-21 03:05:26,62300.0,600.0,332500.0
752,2021-10-21 03:05:26,62300.0,9400.0,331900.0
753,2021-10-21 03:05:03,62400.0,100.0,322500.0
754,2021-10-21 03:04:34,62400.0,3200.0,322400.0
755,2021-10-21 03:04:34,62400.0,1800.0,319200.0
756,2021-10-21 03:04:04,62400.0,100.0,317400.0
757,2021-10-21 03:04:04,62400.0,100.0,317300.0
758,2021-10-21 03:04:04,62400.0,8900.0,317200.0
759,2021-10-21 03:03:47,62500.0,100.0,308300.0
760,2021-10-21 03:02:50,62500.0,200.0,308200.0
761,2021-10-21 03:01:44,62400.0,1000.0,308000.0
762,2021-10-21 03:01:44,62400.0,100.0,307000.0
763,2021-10-21 03:01:24,62400.0,100.0,306900.0
764,2021-10-21 03:01:24,62400.0,200.0,306800.0
765,2021-10-21 03:01:20,62400.0,100.0,306600.0
766,2021-10-21 03:01:04,62400.0,400.0,306500.0
767,2021-10-21 03:01:04,62400.0,100.0,306100.0
768,2021-10-21 03:00:32,62400.0,100.0,306000.0
769,2021-10-21 03:00:29,62400.0,100.0,305900.0
770,2021-10-21 03:00:29,62400.0,100.0,305800.0
771,2021-10-21 03:00:28,62500.0,100.0,305700.0
772,2021-10-21 03:00:22,62500.0,500.0,305600.0
773,2021-10-21 03:00:22,62500.0,500.0,305100.0
774,2021-10-21 03:00:22,62500.0,3500.0,304600.0
775,2021-10-21 03:00:22,62500.0,200.0,301100.0
776,2021-10-21 03:00:22,62500.0,100.0,300900.0
777,2021-10-21 03:00:22,62500.0,200.0,300800.0
778,2021-10-21 02:59:32,62500.0,100.0,300600.0
779,2021-10-21 02:58:59,62400.0,2000.0,300500.0
780,2021-10-21 02:58:47,62500.0,100.0,298500.0
781,2021-10-21 02:58:37,62400.0,500.0,298400.0
782,2021-10-21 02:58:20,62400.0,500.0,297900.0
783,2021-10-21 02:57:51,62500.0,600.0,297400.0
784,2021-10-21 02:57:51,62500.0,200.0,296800.0
785,2021-10-21 02:57:38,62400.0,1200.0,296600.0
786,2021-10-21 02:57:20,62400.0,400.0,295400.0
787,2021-10-21 02:57:14,62400.0,1800.0,295000.0
788,2021-10-21 02:56:32,62400.0,100.0,293200.0
789,2021-10-21 02:56:32,62400.0,200.0,293100.0
790,2021-10-21 02:56:31,62400.0,700.0,292900.0
791,2021-10-21 02:56:24,62400.0,300.0,292200.0
792,2021-10-21 02:56:24,62400.0,500.0,291900.0
793,2021-10-21 02:56:24,62400.0,200.0,291400.0
794,2021-10-21 02:56:24,62400.0,1000.0,291200.0
795,2021-10-21 02:56:24,62400.0,200.0,290200.0
796,2021-10-21 02:56:24,62400.0,300.0,290000.0
797,2021-10-21 02:55:26,62400.0,100.0,289700.0
798,2021-10-21 02:55:21,62400.0,100.0,289600.0
799,2021-10-21 02:55:21,62400.0,100.0,289500.0
800,2021-10-21 02:55:03,62400.0,200.0,289400.0
801,2021-10-21 02:55:01,62400.0,100.0,289200.0
802,2021-10-21 02:54:57,62400.0,400.0,289100.0
803,2021-10-21 02:54:54,62400.0,600.0,288700.0
804,2021-10-21 02:54:54,62400.0,300.0,288100.0
805,2021-10-21 02:54:45,62400.0,100.0,287800.0
806,2021-10-21 02:54:36,62400.0,500.0,287700.0
807,2021-10-21 02:54:35,62400.0,100.0,287200.0
808,2021-10-21 02:54:35,62400.0,900.0,287100.0
809,2021-10-21 02:54:20,62400.0,1000.0,286200.0
810,2021-10-21 02:54:17,62400.0,100.0,285200.0
811,2021-10-21 02:54:09,62500.0,100.0,285100.0
812,2021-10-21 02:54:09,62500.0,100.0,285000.0
813,2021-10-21 02:54:00,62400.0,500.0,284900.0
814,2021-10-21 02:53:55,62400.0,100.0,284400.0
815,2021-10-21 02:53:49,62500.0,500.0,284300.0
816,2021-10-21 02:53:32,62500.0,200.0,283800.0
817,2021-10-21 02:53:31,62400.0,600.0,283600.0
818,2021-10-21 02:53:02,62500.0,300.0,283000.0
819,2021-10-21 02:52:44,62400.0,100.0,282700.0
820,2021-10-21 02:52:41,62400.0,300.0,282600.0
821,2021-10-21 02:52:41,62400.0,3400.0,282300.0
822,2021-10-21 02:52:40,62300.0,100.0,278900.0
823,2021-10-21 02:52:38,62300.0,500.0,278800.0
824,2021-10-21 02:52:38,62300.0,200.0,278300.0
825,2021-10-21 02:52:38,62300.0,300.0,278100.0
826,2021-10-21 02:52:34,62300.0,100.0,277800.0
827,2021-10-21 02:52:29,62300.0,300.0,277700.0
828,2021-10-21 02:52:26,62300.0,500.0,277400.0
829,2021-10-21 02:52:12,62300.0,500.0,276900.0
830,2021-10-21 02:51:49,62400.0,1500.0,276400.0
831,2021-10-21 02:51:49,62500.0,100.0,274900.0
832,2021-10-21 02:51:46,62500.0,400.0,274800.0
833,2021-10-21 02:51:46,62500.0,600.0,274400.0
834,2021-10-21 02:51:40,62500.0,200.0,273800.0
835,2021-10-21 02:51:40,62500.0,200.0,273600.0
836,2021-10-21 02:51:40,62500.0,300.0,273400.0
837,2021-10-21 02:51:31,62500.0,200.0,273100.0
838,2021-10-21 02:51:31,62500.0,300.0,272900.0
839,2021-10-21 02:51:20,62500.0,1700.0,272600.0
840,2021-10-21 02:51:20,62500.0,300.0,270900.0
841,2021-10-21 02:51:13,62500.0,100.0,270600.0
842,2021-10-21 02:51:12,62500.0,300.0,270500.0
843,2021-10-21 02:51:09,62500.0,100.0,270200.0
844,2021-10-21 02:51:02,62600.0,3000.0,270100.0
845,2021-10-21 02:51:01,62400.0,900.0,267100.0
846,2021-10-21 02:51:01,62500.0,100.0,266200.0
847,2021-10-21 02:51:01,62500.0,4000.0,266100.0
848,2021-10-21 02:50:57,62600.0,100.0,262100.0
849,2021-10-21 02:50:49,62600.0,1000.0,262000.0
850,2021-10-21 02:50:39,62500.0,1000.0,261000.0
851,2021-10-21 02:50:31,62800.0,400.0,260000.0
852,2021-10-21 02:50:21,62500.0,200.0,259600.0
853,2021-10-21 02:50:16,62500.0,500.0,259400.0
854,2021-10-21 02:50:14,62400.0,2000.0,258900.0
855,2021-10-21 02:50:14,62400.0,500.0,256900.0
856,2021-10-21 02:50:04,62500.0,1100.0,256400.0
857,2021-10-21 02:50:04,62500.0,200.0,255300.0
858,2021-10-21 02:50:04,62500.0,1000.0,255100.0
859,2021-10-21 02:50:04,62500.0,1000.0,254100.0
860,2021-10-21 02:50:04,62500.0,1300.0,253100.0
861,2021-10-21 02:50:04,62400.0,1100.0,251800.0
862,2021-10-21 02:50:04,62400.0,100.0,250700.0
863,2021-10-21 02:50:04,62400.0,100.0,250600.0
864,2021-10-21 02:50:03,62400.0,200.0,250500.0
865,2021-10-21 02:50:03,62400.0,300.0,250300.0
866,2021-10-21 02:50:03,62400.0,200.0,250000.0
867,2021-10-21 02:50:03,62400.0,1400.0,249800.0
868,2021-10-21 02:50:02,62500.0,700.0,248400.0
869,2021-10-21 02:50:02,62500.0,100.0,247700.0
870,2021-10-21 02:50:02,62500.0,200.0,247600.0
871,2021-10-21 02:50:00,62500.0,100.0,247400.0
872,2021-10-21 02:49:57,62500.0,200.0,247300.0
873,2021-10-21 02:49:57,62500.0,1800.0,247100.0
874,2021-10-21 02:49:55,62500.0,200.0,245300.0
875,2021-10-21 02:49:50,62500.0,3000.0,245100.0
876,2021-10-21 02:49:50,62500.0,3000.0,242100.0
877,2021-10-21 02:49:50,62500.0,2000.0,239100.0
878,2021-10-21 02:49:48,62500.0,2000.0,237100.0
879,2021-10-21 02:49:48,62500.0,200.0,235100.0
880,2021-10-21 02:49:48,62500.0,300.0,234900.0
881,2021-10-21 02:49:48,62500.0,500.0,234600.0
882,2021-10-21 02:49:41,62400.0,600.0,234100.0
883,2021-10-21 02:49:36,62400.0,400.0,233500.0
884,2021-10-21 02:49:36,62400.0,100.0,233100.0
885,2021-10-21 02:49:34,62400.0,900.0,233000.0
886,2021-10-21 02:49:32,62300.0,300.0,232100.0
887,2021-10-21 02:49:32,62400.0,100.0,231800.0
888,2021-10-21 02:49:24,62200.0,100.0,231700.0
889,2021-10-21 02:49:24,62300.0,700.0,231600.0
890,2021-10-21 02:49:18,62300.0,1000.0,230900.0
891,2021-10-21 02:49:11,62200.0,200.0,229900.0
892,2021-10-21 02:49:09,62200.0,200.0,229700.0
893,2021-10-21 02:49:09,62200.0,200.0,229500.0
894,2021-10-21 02:49:09,62200.0,100.0,229300.0
895,2021-10-21 02:49:09,62200.0,2900.0,229200.0
896,2021-10-21 02:48:54,62000.0,100.0,226300.0
897,2021-10-21 02:48:54,62000.0,1300.0,226200.0
898,2021-10-21 02:48:54,62000.0,100.0,224900.0
899,2021-10-21 02:48:54,62000.0,800.0,224800.0
900,2021-10-21 02:48:41,62000.0,100.0,224000.0
901,2021-10-21 02:48:40,62000.0,100.0,223900.0
902,2021-10-21 02:48:40,62000.0,200.0,223800.0
903,2021-10-21 02:48:38,61900.0,700.0,223600.0
904,2021-10-21 02:48:38,61900.0,300.0,222900.0
905,2021-10-21 02:48:34,62000.0,300.0,222600.0
906,2021-10-21 02:48:34,62000.0,200.0,222300.0
907,2021-10-21 02:48:34,62000.0,100.0,222100.0
908,2021-10-21 02:48:34,62000.0,200.0,222000.0
909,2021-10-21 02:48:34,62000.0,500.0,221800.0
910,2021-10-21 02:48:34,62000.0,100.0,221300.0
911,2021-10-21 02:48:34,62000.0,200.0,221200.0
912,2021-10-21 02:48:34,62000.0,100.0,221000.0
913,2021-10-21 02:48:34,62000.0,2000.0,220900.0
914,2021-10-21 02:48:34,62000.0,5800.0,218900.0
915,2021-10-21 02:48:34,62000.0,300.0,213100.0
916,2021-10-21 02:48:34,62000.0,200.0,212800.0
917,2021-10-21 02:48:33,62000.0,400.0,212600.0
918,2021-10-21 02:48:28,62000.0,2400.0,212200.0
919,2021-10-21 02:48:28,62000.0,500.0,209800.0
920,2021-10-21 02:48:28,62000.0,100.0,209300.0
921,2021-10-21 02:48:28,62000.0,100.0,209200.0
922,2021-10-21 02:48:28,62000.0,100.0,209100.0
923,2021-10-21 02:48:28,62000.0,800.0,209000.0
924,2021-10-21 02:48:28,62000.0,700.0,208200.0
925,2021-10-21 02:48:28,62000.0,500.0,207500.0
926,2021-10-21 02:48:28,62000.0,500.0,207000.0
927,2021-10-21 02:48:28,62000.0,1000.0,206500.0
928,2021-10-21 02:48:28,62000.0,3000.0,205500.0
929,2021-10-21 02:48:28,62000.0,100.0,202500.0
930,2021-10-21 02:48:28,62000.0,200.0,202400.0
931,2021-10-21 02:48:28,62000.0,200.0,202200.0
932,2021-10-21 02:48:28,62000.0,300.0,202000.0
933,2021-10-21 02:48:28,62000.0,300.0,201700.0
934,2021-10-21 02:48:28,62000.0,100.0,201400.0
935,2021-10-21 02:48:28,62000.0,100.0,201300.0
936,2021-10-21 02:48:28,62000.0,300.0,201200.0
937,2021-10-21 02:48:28,62000.0,200.0,200900.0
938,2021-10-21 02:48:28,62000.0,200.0,200700.0
939,2021-10-21 02:48:28,62000.0,300.0,200500.0
940,2021-10-21 02:48:28,62000.0,100.0,200200.0
941,2021-10-21 02:48:28,62000.0,700.0,200100.0
942,2021-10-21 02:48:28,62000.0,300.0,199400.0
943,2021-10-21 02:48:28,62000.0,500.0,199100.0
944,2021-10-21 02:48:28,62000.0,500.0,198600.0
945,2021-10-21 02:48:28,62000.0,300.0,198100.0
946,2021-10-21 02:48:28,62000.0,200.0,197800.0
947,2021-10-21 02:48:28,62000.0,900.0,197600.0
948,2021-10-21 02:48:28,62000.0,300.0,196700.0
949,2021-10-21 02:48:28,62000.0,600.0,196400.0
950,2021-10-21 02:48:28,62000.0,300.0,195800.0
951,2021-10-21 02:48:28,62000.0,200.0,195500.0
952,2021-10-21 02:48:28,62000.0,300.0,195300.0
953,2021-10-21 02:48:28,62000.0,100.0,195000.0
954,2021-10-21 02:48:28,62000.0,200.0,194900.0
955,2021-10-21 02:48:28,62000.0,200.0,194700.0
956,2021-10-21 02:48:28,62000.0,300.0,194500.0
957,2021-10-21 02:48:28,62000.0,200.0,194200.0
958,2021-10-21 02:48:28,62000.0,500.0,194000.0
959,2021-10-21 02:48:28,62000.0,100.0,193500.0
960,2021-10-21 02:48:28,62000.0,100.0,193400.0
961,2021-10-21 02:48:28,62000.0,1100.0,193300.0
962,2021-10-21 02:48:17,62000.0,900.0,192200.0
963,2021-10-21 02:48:17,62000.0,500.0,191300.0
964,2021-10-21 02:48:17,62000.0,300.0,190800.0
965,2021-10-21 02:48:17,62000.0,300.0,190500.0
966,2021-10-21 02:48:17,62000.0,300.0,190200.0
967,2021-10-21 02:48:17,62000.0,100.0,189900.0
968,2021-10-21 02:48:17,62000.0,300.0,189800.0
969,2021-10-21 02:48:17,62000.0,300.0,189500.0
970,2021-10-21 02:48:01,61900.0,100.0,189200.0
971,2021-10-21 02:47:57,62000.0,200.0,189100.0
972,2021-10-21 02:47:57,62000.0,500.0,188900.0
973,2021-10-21 02:47:57,62000.0,700.0,188400.0
974,2021-10-21 02:47:57,62000.0,300.0,187700.0
975,2021-10-21 02:47:57,62000.0,500.0,187400.0
976,2021-10-21 02:47:57,62000.0,500.0,186900.0
977,2021-10-21 02:47:57,62000.0,1500.0,186400.0
978,2021-10-21 02:47:57,62000.0,500.0,184900.0
979,2021-10-21 02:47:57,62000.0,300.0,184400.0
980,2021-10-21 02:47:57,62000.0,500.0,184100.0
981,2021-10-21 02:47:57,62000.0,500.0,183600.0
982,2021-10-21 02:47:57,62000.0,1000.0,183100.0
983,2021-10-21 02:47:57,62000.0,1000.0,182100.0
984,2021-10-21 02:47:53,61900.0,100.0,181100.0
985,2021-10-21 02:47:47,61900.0,1600.0,181000.0
986,2021-10-21 02:47:38,61900.0,500.0,179400.0
987,2021-10-21 02:47:38,61900.0,100.0,178900.0
988,2021-10-21 02:47:38,61900.0,3300.0,178800.0
989,2021-10-21 02:47:33,61900.0,200.0,175500.0
990,2021-10-21 02:47:31,61900.0,400.0,175300.0
991,2021-10-21 02:47:31,61900.0,400.0,174900.0
992,2021-10-21 02:47:31,61900.0,700.0,174500.0
993,2021-10-21 02:47:16,61900.0,200.0,173800.0
994,2021-10-21 02:47:06,61900.0,200.0,173600.0
995,2021-10-21 02:46:58,61900.0,300.0,173400.0
996,2021-10-21 02:46:39,61900.0,100.0,173100.0
997,2021-10-21 02:46:39,61900.0,200.0,173000.0
998,2021-10-21 02:46:39,61900.0,500.0,172800.0
999,2021-10-21 02:46:39,61900.0,100.0,172300.0
1000,2021-10-21 02:46:39,61900.0,100.0,172200.0
1001,2021-10-21 02:46:39,61900.0,600.0,172100.0
1002,2021-10-21 02:46:25,61900.0,400.0,171500.0
1003,2021-10-21 02:46:25,61900.0,100.0,171100.0
1004,2021-10-21 02:46:11,61800.0,200.0,171000.0
1005,2021-10-21 02:46:11,61800.0,100.0,170800.0
1006,2021-10-21 02:46:04,61800.0,100.0,170700.0
1007,2021-10-21 02:46:04,61800.0,300.0,170600.0
1008,2021-10-21 02:45:53,61800.0,200.0,170300.0
1009,2021-10-21 02:45:53,61800.0,300.0,170100.0
1010,2021-10-21 02:45:52,61800.0,200.0,169800.0
1011,2021-10-21 02:45:34,61800.0,1000.0,169600.0
1012,2021-10-21 02:45:18,61800.0,500.0,168600.0
1013,2021-10-21 02:45:02,61700.0,500.0,168100.0
1014,2021-10-21 02:45:01,61800.0,100.0,167600.0
1015,2021-10-21 02:44:54,61700.0,500.0,167500.0
1016,2021-10-21 02:44:47,61700.0,5000.0,167000.0
1017,2021-10-21 02:44:47,61700.0,200.0,162000.0
1018,2021-10-21 02:44:47,61700.0,300.0,161800.0
1019,2021-10-21 02:44:45,61700.0,500.0,161500.0
1020,2021-10-21 02:44:41,61700.0,100.0,161000.0
1021,2021-10-21 02:44:37,61700.0,100.0,160900.0
1022,2021-10-21 02:44:37,61700.0,400.0,160800.0
1023,2021-10-21 02:44:33,61700.0,500.0,160400.0
1024,2021-10-21 02:44:16,61700.0,100.0,159900.0
1025,2021-10-21 02:44:16,61600.0,200.0,159800.0
1026,2021-10-21 02:44:16,61600.0,300.0,159600.0
1027,2021-10-21 02:44:16,61600.0,1700.0,159300.0
1028,2021-10-21 02:44:02,61600.0,1300.0,157600.0
1029,2021-10-21 02:44:02,61600.0,500.0,156300.0
1030,2021-10-21 02:44:02,61600.0,100.0,155800.0
1031,2021-10-21 02:44:02,61600.0,100.0,155700.0
1032,2021-10-21 02:44:01,61500.0,300.0,155600.0
1033,2021-10-21 02:43:57,61500.0,200.0,155300.0
1034,2021-10-21 02:43:57,61500.0,100.0,155100.0
1035,2021-10-21 02:43:57,61500.0,200.0,155000.0
1036,2021-10-21 02:43:51,61500.0,200.0,154800.0
1037,2021-10-21 02:43:50,61500.0,200.0,154600.0
1038,2021-10-21 02:43:49,61500.0,800.0,154400.0
1039,2021-10-21 02:43:49,61500.0,100.0,153600.0
1040,2021-10-21 02:43:49,61500.0,100.0,153500.0
1041,2021-10-21 02:43:43,61500.0,100.0,153400.0
1042,2021-10-21 02:43:39,61500.0,200.0,153300.0
1043,2021-10-21 02:43:36,61500.0,100.0,153100.0
1044,2021-10-21 02:43:36,61500.0,100.0,153000.0
1045,2021-10-21 02:43:36,61500.0,300.0,152900.0
1046,2021-10-21 02:43:35,61500.0,100.0,152600.0
1047,2021-10-21 02:43:32,61500.0,400.0,152500.0
1048,2021-10-21 02:43:31,61500.0,200.0,152100.0
1049,2021-10-21 02:43:31,61500.0,700.0,151900.0
1050,2021-10-21 02:43:31,61500.0,100.0,151200.0
1051,2021-10-21 02:43:31,61500.0,1000.0,151100.0
1052,2021-10-21 02:43:31,61500.0,200.0,150100.0
1053,2021-10-21 02:43:31,61500.0,1800.0,149900.0
1054,2021-10-21 02:43:25,61500.0,500.0,148100.0
1055,2021-10-21 02:43:24,61500.0,500.0,147600.0
1056,2021-10-21 02:43:24,61500.0,400.0,147100.0
1057,2021-10-21 02:43:24,61500.0,300.0,146700.0
1058,2021-10-21 02:43:24,61500.0,100.0,146400.0
1059,2021-10-21 02:43:24,61500.0,200.0,146300.0
1060,2021-10-21 02:43:24,61500.0,400.0,146100.0
1061,2021-10-21 02:43:24,61500.0,500.0,145700.0
1062,2021-10-21 02:43:24,61500.0,500.0,145200.0
1063,2021-10-21 02:43:24,61500.0,900.0,144700.0
1064,2021-10-21 02:43:24,61500.0,200.0,143800.0
1065,2021-10-21 02:43:24,61500.0,1000.0,143600.0
1066,2021-10-21 02:43:24,61500.0,200.0,142600.0
1067,2021-10-21 02:43:24,61500.0,100.0,142400.0
1068,2021-10-21 02:43:24,61500.0,200.0,142300.0
1069,2021-10-21 02:43:24,61500.0,200.0,142100.0
1070,2021-10-21 02:43:24,61500.0,200.0,141900.0
1071,2021-10-21 02:43:24,61500.0,500.0,141700.0
1072,2021-10-21 02:43:24,61500.0,100.0,141200.0
1073,2021-10-21 02:43:24,61500.0,2000.0,141100.0
1074,2021-10-21 02:43:24,61500.0,1000.0,139100.0
1075,2021-10-21 02:43:15,61400.0,1000.0,138100.0
1076,2021-10-21 02:43:07,61400.0,1500.0,137100.0
1077,2021-10-21 02:43:07,61400.0,500.0,135600.0
1078,2021-10-21 02:43:06,61400.0,1500.0,135100.0
1079,2021-10-21 02:43:01,61400.0,2500.0,133600.0
1080,2021-10-21 02:42:56,61400.0,500.0,131100.0
1081,2021-10-21 02:42:56,61300.0,500.0,130600.0
1082,2021-10-21 02:42:54,61300.0,500.0,130100.0
1083,2021-10-21 02:42:46,61300.0,100.0,129600.0
1084,2021-10-21 02:42:28,61200.0,100.0,129500.0
1085,2021-10-21 02:42:28,61200.0,100.0,129400.0
1086,2021-10-21 02:42:28,61200.0,500.0,129300.0
1087,2021-10-21 02:42:28,61200.0,300.0,128800.0
1088,2021-10-21 02:42:22,61200.0,200.0,128500.0
1089,2021-10-21 02:42:19,61100.0,100.0,128300.0
1090,2021-10-21 02:42:19,61100.0,100.0,128200.0
1091,2021-10-21 02:42:09,61000.0,300.0,128100.0
1092,2021-10-21 02:41:58,61000.0,2000.0,127800.0
1093,2021-10-21 02:41:56,61000.0,100.0,125800.0
1094,2021-10-21 02:41:54,61000.0,2000.0,125700.0
1095,2021-10-21 02:41:54,61000.0,100.0,123700.0
1096,2021-10-21 02:41:49,61000.0,300.0,123600.0
1097,2021-10-21 02:41:49,61000.0,200.0,123300.0
1098,2021-10-21 02:41:49,61000.0,500.0,123100.0
1099,2021-10-21 02:41:49,61000.0,500.0,122600.0
1100,2021-10-21 02:41:49,61000.0,100.0,122100.0
1101,2021-10-21 02:41:49,61000.0,1000.0,122000.0
1102,2021-10-21 02:41:49,61000.0,200.0,121000.0
1103,2021-10-21 02:41:49,61000.0,300.0,120800.0
1104,2021-10-21 02:41:46,61000.0,100.0,120500.0
1105,2021-10-21 02:41:46,61000.0,800.0,120400.0
1106,2021-10-21 02:41:44,61000.0,500.0,119600.0
1107,2021-10-21 02:41:43,61000.0,200.0,119100.0
1108,2021-10-21 02:41:39,61000.0,1000.0,118900.0
1109,2021-10-21 02:41:35,61000.0,1000.0,117900.0
1110,2021-10-21 02:41:33,61000.0,700.0,116900.0
1111,2021-10-21 02:41:33,61000.0,1000.0,116200.0
1112,2021-10-21 02:41:33,61000.0,100.0,115200.0
1113,2021-10-21 02:41:33,61000.0,500.0,115100.0
1114,2021-10-21 02:41:33,61000.0,100.0,114600.0
1115,2021-10-21 02:41:33,61000.0,500.0,114500.0
1116,2021-10-21 02:41:33,61000.0,1000.0,114000.0
1117,2021-10-21 02:41:33,61000.0,100.0,113000.0
1118,2021-10-21 02:41:30,61000.0,900.0,112900.0
1119,2021-10-21 02:41:30,61000.0,100.0,112000.0
1120,2021-10-21 02:41:30,61000.0,3300.0,111900.0
1121,2021-10-21 02:41:12,61000.0,200.0,108600.0
1122,2021-10-21 02:41:12,61000.0,100.0,108400.0
1123,2021-10-21 02:41:03,61000.0,100.0,108300.0
1124,2021-10-21 02:40:58,61000.0,800.0,108200.0
1125,2021-10-21 02:40:58,61000.0,6000.0,107400.0
1126,2021-10-21 02:40:58,61000.0,1000.0,101400.0
1127,2021-10-21 02:40:58,61000.0,1000.0,100400.0
1128,2021-10-21 02:40:58,61000.0,200.0,99400.0
1129,2021-10-21 02:40:58,61000.0,500.0,99200.0
1130,2021-10-21 02:40:58,61000.0,100.0,98700.0
1131,2021-10-21 02:40:58,61000.0,3000.0,98600.0
1132,2021-10-21 02:40:58,60900.0,300.0,95600.0
1133,2021-10-21 02:40:58,60900.0,1500.0,95300.0
1134,2021-10-21 02:40:45,60900.0,500.0,93800.0
1135,2021-10-21 02:40:45,60900.0,500.0,93300.0
1136,2021-10-21 02:40:45,60900.0,100.0,92800.0
1137,2021-10-21 02:40:45,60900.0,1500.0,92700.0
1138,2021-10-21 02:40:45,60900.0,1100.0,91200.0
1139,2021-10-21 02:40:45,60900.0,300.0,90100.0
1140,2021-10-21 02:40:17,60800.0,200.0,89800.0
1141,2021-10-21 02:40:16,60800.0,2000.0,89600.0
1142,2021-10-21 02:40:03,60800.0,100.0,87600.0
1143,2021-10-21 02:40:03,60800.0,100.0,87500.0
1144,2021-10-21 02:40:02,60800.0,100.0,87400.0
1145,2021-10-21 02:40:02,60800.0,100.0,87300.0
1146,2021-10-21 02:40:00,60800.0,600.0,87200.0
1147,2021-10-21 02:40:00,60800.0,300.0,86600.0
1148,2021-10-21 02:40:00,60800.0,2500.0,86300.0
1149,2021-10-21 02:40:00,60800.0,1000.0,83800.0
1150,2021-10-21 02:40:00,60800.0,600.0,82800.0
1151,2021-10-21 02:39:52,60800.0,600.0,82200.0
1152,2021-10-21 02:39:27,60800.0,500.0,81600.0
1153,2021-10-21 02:38:23,60700.0,1600.0,81100.0
1154,2021-10-21 02:38:22,60700.0,400.0,79500.0
1155,2021-10-21 02:38:09,60700.0,400.0,79100.0
1156,2021-10-21 02:38:09,60700.0,1000.0,78700.0
1157,2021-10-21 02:38:09,60700.0,300.0,77700.0
1158,2021-10-21 02:38:09,60700.0,1000.0,77400.0
1159,2021-10-21 02:38:09,60700.0,300.0,76400.0
1160,2021-10-21 02:38:09,60700.0,500.0,76100.0
1161,2021-10-21 02:38:09,60700.0,100.0,75600.0
1162,2021-10-21 02:36:48,60600.0,100.0,75500.0
1163,2021-10-21 02:36:38,60600.0,100.0,75400.0
1164,2021-10-21 02:36:38,60600.0,100.0,75300.0
1165,2021-10-21 02:36:13,60600.0,100.0,75200.0
1166,2021-10-21 02:35:45,60600.0,100.0,75100.0
1167,2021-10-21 02:34:21,60700.0,100.0,75000.0
1168,2021-10-21 02:34:04,60600.0,100.0,74900.0
1169,2021-10-21 02:33:42,60600.0,500.0,74800.0
1170,2021-10-21 02:33:40,60700.0,300.0,74300.0
1171,2021-10-21 02:32:40,60700.0,1000.0,74000.0
1172,2021-10-21 02:32:13,60600.0,200.0,73000.0
1173,2021-10-21 02:32:13,60600.0,2000.0,72800.0
1174,2021-10-21 02:32:13,60600.0,300.0,70800.0
1175,2021-10-21 02:31:15,60500.0,200.0,70500.0
1176,2021-10-21 02:31:15,60600.0,100.0,70300.0
1177,2021-10-21 02:31:15,60600.0,200.0,70200.0
1178,2021-10-21 02:30:51,60600.0,100.0,70000.0
1179,2021-10-21 02:30:22,60600.0,400.0,69900.0
1180,2021-10-21 02:30:22,60600.0,100.0,69500.0
1181,2021-10-21 02:30:03,60600.0,200.0,69400.0
1182,2021-10-21 02:30:02,60600.0,100.0,69200.0
1183,2021-10-21 02:30:02,60600.0,200.0,69100.0
1184,2021-10-21 02:29:53,60600.0,200.0,68900.0
1185,2021-10-21 02:29:53,60600.0,200.0,68700.0
1186,2021-10-21 02:29:44,60600.0,100.0,68500.0
1187,2021-10-21 02:29:44,60600.0,200.0,68400.0
1188,2021-10-21 02:29:40,60700.0,1500.0,68200.0
1189,2021-10-21 02:29:38,60600.0,200.0,66700.0
1190,2021-10-21 02:29:19,60600.0,100.0,66500.0
1191,2021-10-21 02:29:16,60600.0,300.0,66400.0
1192,2021-10-21 02:29:12,60600.0,700.0,66100.0
1193,2021-10-21 02:29:12,60600.0,1300.0,65400.0
1194,2021-10-21 02:28:39,60600.0,100.0,64100.0
1195,2021-10-21 02:28:37,60600.0,2800.0,64000.0
1196,2021-10-21 02:28:37,60600.0,100.0,61200.0
1197,2021-10-21 02:28:37,60600.0,700.0,61100.0
1198,2021-10-21 02:27:31,60600.0,100.0,60400.0
1199,2021-10-21 02:27:31,60600.0,200.0,60300.0
1200,2021-10-21 02:26:55,60600.0,700.0,60100.0
1201,2021-10-21 02:26:55,60600.0,100.0,59400.0
1202,2021-10-21 02:26:52,60600.0,100.0,59300.0
1203,2021-10-21 02:26:39,60600.0,200.0,59200.0
1204,2021-10-21 02:26:29,60600.0,600.0,59000.0
1205,2021-10-21 02:26:29,60600.0,300.0,58400.0
1206,2021-10-21 02:26:24,60600.0,100.0,58100.0
1207,2021-10-21 02:26:12,60600.0,1600.0,58000.0
1208,2021-10-21 02:26:12,60600.0,100.0,56400.0
1209,2021-10-21 02:26:12,60600.0,500.0,56300.0
1210,2021-10-21 02:25:40,60600.0,300.0,55800.0
1211,2021-10-21 02:25:35,60600.0,300.0,55500.0
1212,2021-10-21 02:25:17,60600.0,100.0,55200.0
1213,2021-10-21 02:25:13,60600.0,100.0,55100.0
1214,2021-10-21 02:24:35,60600.0,100.0,55000.0
1215,2021-10-21 02:24:24,60500.0,1000.0,54900.0
1216,2021-10-21 02:24:01,60600.0,300.0,53900.0
1217,2021-10-21 02:24:01,60600.0,2000.0,53600.0
1218,2021-10-21 02:24:01,60600.0,800.0,51600.0
1219,2021-10-21 02:23:45,60700.0,500.0,50800.0
1220,2021-10-21 02:23:45,60700.0,300.0,50300.0
1221,2021-10-21 02:23:45,60700.0,100.0,50000.0
1222,2021-10-21 02:23:45,60700.0,200.0,49900.0
1223,2021-10-21 02:23:45,60700.0,400.0,49700.0
1224,2021-10-21 02:23:45,60700.0,500.0,49300.0
1225,2021-10-21 02:23:45,60700.0,100.0,48800.0
1226,2021-10-21 02:23:45,60700.0,800.0,48700.0
1227,2021-10-21 02:23:45,60700.0,100.0,47900.0
1228,2021-10-21 02:23:45,60700.0,2500.0,47800.0
1229,2021-10-21 02:23:45,60700.0,1000.0,45300.0
1230,2021-10-21 02:23:37,60700.0,800.0,44300.0
1231,2021-10-21 02:23:07,60700.0,100.0,43500.0
1232,2021-10-21 02:22:00,60700.0,200.0,43400.0
1233,2021-10-21 02:21:24,60700.0,300.0,43200.0
1234,2021-10-21 02:21:18,60700.0,1000.0,42900.0
1235,2021-10-21 02:20:33,60800.0,600.0,41900.0
1236,2021-10-21 02:20:24,60800.0,400.0,41300.0
1237,2021-10-21 02:20:24,60800.0,1300.0,40900.0
1238,2021-10-21 02:20:14,60800.0,200.0,39600.0
1239,2021-10-21 02:20:11,60800.0,700.0,39400.0
1240,2021-10-21 02:19:55,60800.0,800.0,38700.0
1241,2021-10-21 02:19:54,60800.0,1700.0,37900.0
1242,2021-10-21 02:19:54,60800.0,300.0,36200.0
1243,2021-10-21 02:19:50,60700.0,1100.0,35900.0
1244,2021-10-21 02:19:28,60800.0,200.0,34800.0
1245,2021-10-21 02:19:08,60800.0,100.0,34600.0
1246,2021-10-21 02:19:05,60800.0,200.0,34500.0
1247,2021-10-21 02:19:03,60800.0,100.0,34300.0
1248,2021-10-21 02:18:51,60800.0,100.0,34200.0
1249,2021-10-21 02:18:42,60900.0,100.0,34100.0
1250,2021-10-21 02:18:32,60900.0,400.0,34000.0
1251,2021-10-21 02:18:24,60600.0,100.0,33600.0
1252,2021-10-21 02:18:01,60900.0,200.0,33500.0
1253,2021-10-21 02:18:01,60900.0,300.0,33300.0
1254,2021-10-21 02:17:28,60900.0,500.0,33000.0
1255,2021-10-21 02:17:05,60900.0,100.0,32500.0
1256,2021-10-21 02:16:20,61000.0,200.0,32400.0
1257,2021-10-21 02:16:10,61000.0,100.0,32200.0
1258,2021-10-21 02:16:10,61000.0,300.0,32100.0
1259,2021-10-21 02:15:52,61000.0,400.0,31800.0
1260,2021-10-21 02:15:52,61000.0,300.0,31400.0
1261,2021-10-21 02:15:52,61000.0,1000.0,31100.0
1262,2021-10-21 02:15:51,60800.0,100.0,30100.0
1263,2021-10-21 02:15:51,60800.0,200.0,30000.0
1264,2021-10-21 02:15:51,60800.0,200.0,29800.0
1265,2021-10-21 02:15:36,61000.0,200.0,29600.0
1266,2021-10-21 02:15:28,61000.0,1800.0,29400.0
1267,2021-10-21 02:15:28,61000.0,100.0,27600.0
1268,2021-10-21 02:15:28,61000.0,100.0,27500.0
1269,2021-10-21 02:15:28,61000.0,100.0,27400.0
1270,2021-10-21 02:15:28,61000.0,400.0,27300.0
1271,2021-10-21 02:15:28,60800.0,100.0,26900.0
1272,2021-10-21 02:15:26,61000.0,600.0,26800.0
1273,2021-10-21 02:15:00,61000.0,700.0,26200.0
1274,2021-10-21 02:15:00,61000.0,100.0,25500.0
1275,2021-10-21 02:15:00,61000.0,2000.0,25400.0
1276,2021-10-21 02:15:00,61000.0,2200.0,23400.0
1277,2021-10-21 02:15:00,61000.0,300.0,21200.0
1278,2021-10-21 02:15:00,61000.0,200.0,20900.0
1279,2021-10-21 02:15:00,61000.0,100.0,20700.0
1280,2021-10-21 02:15:00,61000.0,200.0,20600.0
1281,2021-10-21 02:15:00,61000.0,100.0,20400.0
1282,2021-10-21 02:15:00,61000.0,100.0,20300.0
1283,2021-10-21 02:15:00,61000.0,500.0,20200.0
1284,2021-10-21 02:15:00,61000.0,100.0,19700.0
1285,2021-10-21 02:15:00,61000.0,1000.0,19600.0
1286,2021-10-21 02:15:00,61000.0,100.0,18600.0
1287,2021-10-21 02:15:00,61000.0,100.0,18500.0
1288,2021-10-21 02:15:00,61000.0,500.0,18400.0
1289,2021-10-21 02:15:00,61000.0,200.0,17900.0
1290,2021-10-21 02:15:00,61000.0,100.0,17700.0
1291,2021-10-21 02:15:00,61000.0,700.0,17600.0
1292,2021-10-21 02:15:00,61000.0,3000.0,16900.0
1293,2021-10-21 02:15:00,61000.0,600.0,13900.0
1294,2021-10-21 02:15:00,61000.0,300.0,13300.0
1295,2021-10-21 02:15:00,61000.0,300.0,13000.0
1296,2021-10-21 02:15:00,61000.0,1100.0,12700.0
1297,2021-10-21 02:15:00,61000.0,1900.0,11600.0
1298,2021-10-21 02:15:00,61000.0,100.0,9700.0
1299,2021-10-21 02:15:00,61000.0,100.0,9600.0
1300,2021-10-21 02:15:00,61000.0,500.0,9500.0
1301,2021-10-21 02:15:00,61000.0,500.0,9000.0
1302,2021-10-21 02:15:00,61000.0,200.0,8500.0
1303,2021-10-21 02:15:00,61000.0,1100.0,8300.0
1304,2021-10-21 02:15:00,61000.0,800.0,7200.0
1305,2021-10-21 02:15:00,61000.0,100.0,6400.0
1306,2021-10-21 02:15:00,61000.0,1500.0,6300.0
1307,2021-10-21 02:15:00,61000.0,400.0,4800.0
1308,2021-10-21 02:15:00,61000.0,100.0,4400.0
1309,2021-10-21 02:15:00,61000.0,900.0,4300.0
1310,2021-10-21 02:15:00,61000.0,400.0,3400.0
1311,2021-10-21 02:15:00,61000.0,100.0,3000.0
1312,2021-10-21 02:15:00,61000.0,500.0,2900.0
1313,2021-10-21 02:15:00,61000.0,400.0,2400.0
1314,2021-10-21 02:15:00,61000.0,1000.0,2000.0
1315,2021-10-21 02:15:00,61000.0,1000.0,1000.0
