,Time,Price,Volume_per_trade,Volume
0,2021-10-19 07:45:01,57900.0,1200.0,480700.0
1,2021-10-19 07:45:01,57900.0,1400.0,479500.0
2,2021-10-19 07:45:01,57900.0,1000.0,478100.0
3,2021-10-19 07:45:01,57900.0,500.0,477100.0
4,2021-10-19 07:45:01,57900.0,2000.0,476600.0
5,2021-10-19 07:45:01,57900.0,1100.0,474600.0
6,2021-10-19 07:45:01,57900.0,100.0,473500.0
7,2021-10-19 07:45:01,57900.0,800.0,473400.0
8,2021-10-19 07:45:01,57900.0,100.0,472600.0
9,2021-10-19 07:45:01,57900.0,1000.0,472500.0
10,2021-10-19 07:45:01,57900.0,100.0,471500.0
11,2021-10-19 07:45:01,57900.0,100.0,471400.0
12,2021-10-19 07:45:01,57900.0,1100.0,471300.0
13,2021-10-19 07:45:01,57900.0,300.0,470200.0
14,2021-10-19 07:45:01,57900.0,300.0,469900.0
15,2021-10-19 07:45:01,57900.0,200.0,469600.0
16,2021-10-19 07:45:01,57900.0,200.0,469400.0
17,2021-10-19 07:45:01,57900.0,100.0,469200.0
18,2021-10-19 07:45:01,57900.0,500.0,469100.0
19,2021-10-19 07:45:01,57900.0,200.0,468600.0
20,2021-10-19 07:45:01,57900.0,100.0,468400.0
21,2021-10-19 07:45:01,57900.0,900.0,468300.0
22,2021-10-19 07:45:01,57900.0,500.0,467400.0
23,2021-10-19 07:29:58,57800.0,100.0,466900.0
24,2021-10-19 07:29:29,57700.0,1800.0,466800.0
25,2021-10-19 07:28:02,57700.0,400.0,465000.0
26,2021-10-19 07:27:54,57700.0,300.0,464600.0
27,2021-10-19 07:27:30,57700.0,100.0,464300.0
28,2021-10-19 07:27:09,57700.0,600.0,464200.0
29,2021-10-19 07:27:09,57700.0,200.0,463600.0
30,2021-10-19 07:27:09,57700.0,200.0,463400.0
31,2021-10-19 07:25:30,57700.0,300.0,463200.0
32,2021-10-19 07:25:30,57700.0,100.0,462900.0
33,2021-10-19 07:22:42,57700.0,600.0,462800.0
34,2021-10-19 07:22:42,57700.0,1300.0,462200.0
35,2021-10-19 07:22:00,57700.0,600.0,460900.0
36,2021-10-19 07:21:03,57600.0,100.0,460300.0
37,2021-10-19 07:20:55,57600.0,100.0,460200.0
38,2021-10-19 07:20:40,57600.0,400.0,460100.0
39,2021-10-19 07:20:28,57600.0,200.0,459700.0
40,2021-10-19 07:20:28,57600.0,200.0,459500.0
41,2021-10-19 07:20:03,57700.0,100.0,459300.0
42,2021-10-19 07:20:03,57700.0,3000.0,459200.0
43,2021-10-19 07:18:12,57800.0,100.0,456200.0
44,2021-10-19 07:17:21,57800.0,300.0,456100.0
45,2021-10-19 07:17:08,57700.0,1000.0,455800.0
46,2021-10-19 07:15:27,57700.0,200.0,454800.0
47,2021-10-19 07:15:27,57700.0,2400.0,454600.0
48,2021-10-19 07:15:15,57700.0,1200.0,452200.0
49,2021-10-19 07:14:06,57700.0,6400.0,451000.0
50,2021-10-19 07:13:55,57700.0,400.0,444600.0
51,2021-10-19 07:13:48,57700.0,3200.0,444200.0
52,2021-10-19 07:13:48,57700.0,500.0,441000.0
53,2021-10-19 07:13:48,57700.0,500.0,440500.0
54,2021-10-19 07:13:48,57700.0,200.0,440000.0
55,2021-10-19 07:13:48,57700.0,400.0,439800.0
56,2021-10-19 07:13:48,57700.0,400.0,439400.0
57,2021-10-19 07:13:48,57700.0,4800.0,439000.0
58,2021-10-19 07:13:43,57700.0,200.0,434200.0
59,2021-10-19 07:13:28,57700.0,100.0,434000.0
60,2021-10-19 07:13:27,57700.0,200.0,433900.0
61,2021-10-19 07:13:14,57700.0,100.0,433700.0
62,2021-10-19 07:13:07,57700.0,200.0,433600.0
63,2021-10-19 07:12:52,57700.0,100.0,433400.0
64,2021-10-19 07:12:36,57700.0,100.0,433300.0
65,2021-10-19 07:12:22,57700.0,300.0,433200.0
66,2021-10-19 07:12:14,57700.0,100.0,432900.0
67,2021-10-19 07:12:07,57700.0,100.0,432800.0
68,2021-10-19 07:11:59,57700.0,100.0,432700.0
69,2021-10-19 07:11:52,57700.0,100.0,432600.0
70,2021-10-19 07:11:44,57700.0,500.0,432500.0
71,2021-10-19 07:11:23,57700.0,500.0,432000.0
72,2021-10-19 07:11:23,57700.0,500.0,431500.0
73,2021-10-19 07:11:22,57700.0,300.0,431000.0
74,2021-10-19 07:11:14,57700.0,100.0,430700.0
75,2021-10-19 07:10:57,57700.0,300.0,430600.0
76,2021-10-19 07:10:50,57700.0,100.0,430300.0
77,2021-10-19 07:10:23,57800.0,200.0,430200.0
78,2021-10-19 07:08:49,57800.0,1100.0,430000.0
79,2021-10-19 07:07:57,57800.0,200.0,428900.0
80,2021-10-19 07:07:52,57800.0,500.0,428700.0
81,2021-10-19 07:07:27,57800.0,1000.0,428200.0
82,2021-10-19 07:06:14,57800.0,300.0,427200.0
83,2021-10-19 07:05:20,57800.0,400.0,426900.0
84,2021-10-19 07:05:13,57800.0,500.0,426500.0
85,2021-10-19 07:03:07,57800.0,1700.0,426000.0
86,2021-10-19 07:02:07,57800.0,1300.0,424300.0
87,2021-10-19 07:01:57,57800.0,1700.0,423000.0
88,2021-10-19 07:01:57,57800.0,500.0,421300.0
89,2021-10-19 07:01:57,57800.0,200.0,420800.0
90,2021-10-19 07:01:07,57900.0,200.0,420600.0
91,2021-10-19 06:59:31,57700.0,2500.0,420400.0
92,2021-10-19 06:59:31,57800.0,500.0,417900.0
93,2021-10-19 06:59:31,57800.0,300.0,417400.0
94,2021-10-19 06:58:26,57700.0,1200.0,417100.0
95,2021-10-19 06:58:26,57700.0,400.0,415900.0
96,2021-10-19 06:58:26,57700.0,700.0,415500.0
97,2021-10-19 06:58:26,57800.0,1000.0,414800.0
98,2021-10-19 06:55:16,57700.0,500.0,413800.0
99,2021-10-19 06:55:16,57700.0,500.0,413300.0
100,2021-10-19 06:55:16,57700.0,100.0,412800.0
101,2021-10-19 06:55:16,57700.0,200.0,412700.0
102,2021-10-19 06:55:14,57700.0,1000.0,412500.0
103,2021-10-19 06:55:09,57700.0,2000.0,411500.0
104,2021-10-19 06:54:31,57700.0,100.0,409500.0
105,2021-10-19 06:53:38,57700.0,100.0,409400.0
106,2021-10-19 06:53:32,57600.0,100.0,409300.0
107,2021-10-19 06:53:08,57600.0,100.0,409200.0
108,2021-10-19 06:53:08,57600.0,400.0,409100.0
109,2021-10-19 06:52:02,57600.0,100.0,408700.0
110,2021-10-19 06:50:54,57700.0,500.0,408600.0
111,2021-10-19 06:50:54,57700.0,100.0,408100.0
112,2021-10-19 06:50:54,57700.0,500.0,408000.0
113,2021-10-19 06:50:32,57700.0,1500.0,407500.0
114,2021-10-19 06:50:32,57700.0,300.0,406000.0
115,2021-10-19 06:50:32,57700.0,1000.0,405700.0
116,2021-10-19 06:50:32,57700.0,200.0,404700.0
117,2021-10-19 06:50:17,57700.0,300.0,404500.0
118,2021-10-19 06:50:17,57700.0,200.0,404200.0
119,2021-10-19 06:50:05,57700.0,100.0,404000.0
120,2021-10-19 06:50:04,57700.0,400.0,403900.0
121,2021-10-19 06:50:04,57700.0,100.0,403500.0
122,2021-10-19 06:48:22,57800.0,100.0,403400.0
123,2021-10-19 06:48:11,57800.0,500.0,403300.0
124,2021-10-19 06:47:08,57800.0,200.0,402800.0
125,2021-10-19 06:45:58,57800.0,200.0,402600.0
126,2021-10-19 06:45:58,57800.0,100.0,402400.0
127,2021-10-19 06:45:22,57800.0,200.0,402300.0
128,2021-10-19 06:43:52,57800.0,200.0,402100.0
129,2021-10-19 06:43:35,57800.0,100.0,401900.0
130,2021-10-19 06:41:42,57900.0,1300.0,401800.0
131,2021-10-19 06:41:42,57900.0,700.0,400500.0
132,2021-10-19 06:41:19,57800.0,400.0,399800.0
133,2021-10-19 06:41:10,57800.0,300.0,399400.0
134,2021-10-19 06:40:04,57800.0,100.0,399100.0
135,2021-10-19 06:40:04,57800.0,400.0,399000.0
136,2021-10-19 06:39:22,57800.0,1000.0,398600.0
137,2021-10-19 06:38:44,57800.0,600.0,397600.0
138,2021-10-19 06:38:44,57800.0,300.0,397000.0
139,2021-10-19 06:38:44,57800.0,1100.0,396700.0
140,2021-10-19 06:38:16,57800.0,3000.0,395600.0
141,2021-10-19 06:37:37,57900.0,100.0,392600.0
142,2021-10-19 06:36:28,57800.0,900.0,392500.0
143,2021-10-19 06:36:28,57800.0,100.0,391600.0
144,2021-10-19 06:36:28,57800.0,2000.0,391500.0
145,2021-10-19 06:31:51,57900.0,200.0,389500.0
146,2021-10-19 06:31:51,57900.0,300.0,389300.0
147,2021-10-19 06:31:25,57900.0,200.0,389000.0
148,2021-10-19 06:30:48,57900.0,1500.0,388800.0
149,2021-10-19 06:30:48,57900.0,100.0,387300.0
150,2021-10-19 06:29:16,57900.0,1500.0,387200.0
151,2021-10-19 06:29:16,57900.0,100.0,385700.0
152,2021-10-19 06:29:16,57900.0,100.0,385600.0
153,2021-10-19 06:29:16,57900.0,300.0,385500.0
154,2021-10-19 06:28:47,57900.0,100.0,385200.0
155,2021-10-19 06:28:47,57900.0,100.0,385100.0
156,2021-10-19 06:25:29,57900.0,500.0,385000.0
157,2021-10-19 06:24:44,57900.0,500.0,384500.0
158,2021-10-19 06:24:17,57900.0,1000.0,384000.0
159,2021-10-19 06:23:19,57900.0,100.0,383000.0
160,2021-10-19 06:21:00,58000.0,100.0,382900.0
161,2021-10-19 06:20:38,57900.0,500.0,382800.0
162,2021-10-19 06:20:20,57900.0,5000.0,382300.0
163,2021-10-19 06:16:36,58000.0,500.0,377300.0
164,2021-10-19 06:16:36,58000.0,500.0,376800.0
165,2021-10-19 06:16:36,58000.0,400.0,376300.0
166,2021-10-19 06:16:36,58000.0,100.0,375900.0
167,2021-10-19 06:15:45,58000.0,500.0,375800.0
168,2021-10-19 06:14:55,58000.0,300.0,375300.0
169,2021-10-19 06:14:32,58000.0,100.0,375000.0
170,2021-10-19 06:14:31,58000.0,100.0,374900.0
171,2021-10-19 06:14:31,58000.0,100.0,374800.0
172,2021-10-19 06:14:31,58000.0,200.0,374700.0
173,2021-10-19 06:14:31,58000.0,200.0,374500.0
174,2021-10-19 06:10:55,58200.0,500.0,374300.0
175,2021-10-19 06:10:55,58200.0,200.0,373800.0
176,2021-10-19 06:10:55,58200.0,1400.0,373600.0
177,2021-10-19 06:10:53,58200.0,100.0,372200.0
178,2021-10-19 06:10:38,58200.0,1600.0,372100.0
179,2021-10-19 06:10:38,58200.0,400.0,370500.0
180,2021-10-19 06:10:06,58200.0,400.0,370100.0
181,2021-10-19 06:09:15,58200.0,100.0,369700.0
182,2021-10-19 06:05:34,58300.0,500.0,369600.0
183,2021-10-19 06:05:15,58300.0,500.0,369100.0
184,2021-10-19 06:05:04,58300.0,1000.0,368600.0
185,2021-10-19 06:04:57,58300.0,100.0,367600.0
186,2021-10-19 06:04:56,58300.0,2900.0,367500.0
187,2021-10-19 06:04:56,58300.0,1500.0,364600.0
188,2021-10-19 06:03:31,58300.0,500.0,363100.0
189,2021-10-19 06:01:25,58300.0,500.0,362600.0
190,2021-10-19 06:00:00,58200.0,100.0,362100.0
191,2021-10-19 04:29:38,58200.0,300.0,362000.0
192,2021-10-19 04:29:22,58200.0,200.0,361700.0
193,2021-10-19 04:29:22,58200.0,400.0,361500.0
194,2021-10-19 04:29:22,58200.0,500.0,361100.0
195,2021-10-19 04:29:22,58200.0,100.0,360600.0
196,2021-10-19 04:29:22,58200.0,500.0,360500.0
197,2021-10-19 04:29:22,58200.0,200.0,360000.0
198,2021-10-19 04:29:22,58200.0,200.0,359800.0
199,2021-10-19 04:29:22,58200.0,100.0,359600.0
200,2021-10-19 04:29:22,58200.0,500.0,359500.0
201,2021-10-19 04:29:22,58200.0,100.0,359000.0
202,2021-10-19 04:29:22,58200.0,100.0,358900.0
203,2021-10-19 04:29:22,58200.0,200.0,358800.0
204,2021-10-19 04:29:22,58200.0,2000.0,358600.0
205,2021-10-19 04:29:22,58100.0,100.0,356600.0
206,2021-10-19 04:29:22,58100.0,100.0,356500.0
207,2021-10-19 04:29:22,58100.0,500.0,356400.0
208,2021-10-19 04:29:22,58100.0,300.0,355900.0
209,2021-10-19 04:28:56,58100.0,200.0,355600.0
210,2021-10-19 04:26:14,58100.0,500.0,355400.0
211,2021-10-19 04:22:17,58100.0,100.0,354900.0
212,2021-10-19 04:22:17,58100.0,100.0,354800.0
213,2021-10-19 04:22:17,58100.0,100.0,354700.0
214,2021-10-19 04:22:17,58100.0,500.0,354600.0
215,2021-10-19 04:20:33,58000.0,1500.0,354100.0
216,2021-10-19 04:20:05,58000.0,700.0,352600.0
217,2021-10-19 04:18:26,58000.0,1500.0,351900.0
218,2021-10-19 04:17:37,58000.0,200.0,350400.0
219,2021-10-19 04:17:37,58000.0,1000.0,350200.0
220,2021-10-19 04:17:37,58000.0,100.0,349200.0
221,2021-10-19 04:17:37,58000.0,100.0,349100.0
222,2021-10-19 04:17:37,58000.0,100.0,349000.0
223,2021-10-19 04:10:55,58000.0,300.0,348900.0
224,2021-10-19 04:08:35,57900.0,400.0,348600.0
225,2021-10-19 04:08:35,57900.0,100.0,348200.0
226,2021-10-19 04:06:32,58000.0,1600.0,348100.0
227,2021-10-19 04:06:02,58000.0,1400.0,346500.0
228,2021-10-19 04:05:45,58000.0,1200.0,345100.0
229,2021-10-19 04:05:28,58000.0,100.0,343900.0
230,2021-10-19 04:05:28,58000.0,100.0,343800.0
231,2021-10-19 04:05:28,58000.0,100.0,343700.0
232,2021-10-19 04:05:28,58000.0,200.0,343600.0
233,2021-10-19 04:05:28,58000.0,800.0,343400.0
234,2021-10-19 04:05:11,58000.0,200.0,342600.0
235,2021-10-19 04:04:32,58000.0,1000.0,342400.0
236,2021-10-19 04:02:33,57900.0,100.0,341400.0
237,2021-10-19 04:02:33,58000.0,100.0,341300.0
238,2021-10-19 04:01:02,57900.0,100.0,341200.0
239,2021-10-19 04:00:28,58000.0,200.0,341100.0
240,2021-10-19 04:00:28,58000.0,400.0,340900.0
241,2021-10-19 04:00:28,58000.0,1000.0,340500.0
242,2021-10-19 04:00:28,58000.0,400.0,339500.0
243,2021-10-19 03:59:42,58000.0,100.0,339100.0
244,2021-10-19 03:59:42,58000.0,1000.0,339000.0
245,2021-10-19 03:59:42,58000.0,1000.0,338000.0
246,2021-10-19 03:59:42,58000.0,100.0,337000.0
247,2021-10-19 03:58:21,57900.0,100.0,336900.0
248,2021-10-19 03:58:21,57900.0,500.0,336800.0
249,2021-10-19 03:57:06,57900.0,500.0,336300.0
250,2021-10-19 03:56:43,57900.0,100.0,335800.0
251,2021-10-19 03:54:23,57900.0,1000.0,335700.0
252,2021-10-19 03:53:27,57900.0,200.0,334700.0
253,2021-10-19 03:52:26,57900.0,700.0,334500.0
254,2021-10-19 03:51:18,57900.0,100.0,333800.0
255,2021-10-19 03:45:22,57900.0,1000.0,333700.0
256,2021-10-19 03:44:33,57900.0,400.0,332700.0
257,2021-10-19 03:44:33,57900.0,300.0,332300.0
258,2021-10-19 03:44:33,57900.0,300.0,332000.0
259,2021-10-19 03:43:34,57900.0,1200.0,331700.0
260,2021-10-19 03:43:34,57900.0,2800.0,330500.0
261,2021-10-19 03:42:02,58000.0,100.0,327700.0
262,2021-10-19 03:42:02,58000.0,900.0,327600.0
263,2021-10-19 03:39:24,57900.0,500.0,326700.0
264,2021-10-19 03:39:05,57900.0,700.0,326200.0
265,2021-10-19 03:39:05,57900.0,100.0,325500.0
266,2021-10-19 03:39:05,57900.0,200.0,325400.0
267,2021-10-19 03:39:05,57900.0,500.0,325200.0
268,2021-10-19 03:37:25,58000.0,2100.0,324700.0
269,2021-10-19 03:37:25,58000.0,100.0,322600.0
270,2021-10-19 03:37:25,58000.0,200.0,322500.0
271,2021-10-19 03:37:25,58000.0,100.0,322300.0
272,2021-10-19 03:37:25,58000.0,500.0,322200.0
273,2021-10-19 03:36:18,57900.0,1000.0,321700.0
274,2021-10-19 03:35:57,57900.0,500.0,320700.0
275,2021-10-19 03:34:52,57800.0,200.0,320200.0
276,2021-10-19 03:34:45,57800.0,100.0,320000.0
277,2021-10-19 03:34:45,57800.0,300.0,319900.0
278,2021-10-19 03:34:45,57900.0,400.0,319600.0
279,2021-10-19 03:34:43,57900.0,500.0,319200.0
280,2021-10-19 03:34:43,57900.0,1000.0,318700.0
281,2021-10-19 03:34:43,57900.0,500.0,317700.0
282,2021-10-19 03:34:41,57900.0,500.0,317200.0
283,2021-10-19 03:34:38,57900.0,500.0,316700.0
284,2021-10-19 03:34:13,57900.0,100.0,316200.0
285,2021-10-19 03:33:55,57900.0,100.0,316100.0
286,2021-10-19 03:32:28,57900.0,300.0,316000.0
287,2021-10-19 03:31:15,58000.0,100.0,315700.0
288,2021-10-19 03:28:42,58000.0,500.0,315600.0
289,2021-10-19 03:28:07,58000.0,100.0,315100.0
290,2021-10-19 03:27:43,58000.0,300.0,315000.0
291,2021-10-19 03:27:36,58000.0,1500.0,314700.0
292,2021-10-19 03:27:36,58000.0,200.0,313200.0
293,2021-10-19 03:27:36,57900.0,300.0,313000.0
294,2021-10-19 03:27:32,57900.0,200.0,312700.0
295,2021-10-19 03:26:43,57900.0,1400.0,312500.0
296,2021-10-19 03:24:55,57900.0,500.0,311100.0
297,2021-10-19 03:22:55,58000.0,800.0,310600.0
298,2021-10-19 03:22:55,58000.0,200.0,309800.0
299,2021-10-19 03:22:55,57900.0,1000.0,309600.0
300,2021-10-19 03:22:42,57900.0,100.0,308600.0
301,2021-10-19 03:22:30,57800.0,600.0,308500.0
302,2021-10-19 03:22:22,57800.0,200.0,307900.0
303,2021-10-19 03:22:22,57800.0,1000.0,307700.0
304,2021-10-19 03:22:04,57800.0,100.0,306700.0
305,2021-10-19 03:21:17,57900.0,200.0,306600.0
306,2021-10-19 03:21:17,57900.0,1700.0,306400.0
307,2021-10-19 03:20:10,58000.0,300.0,304700.0
308,2021-10-19 03:20:10,58000.0,100.0,304400.0
309,2021-10-19 03:18:25,58000.0,300.0,304300.0
310,2021-10-19 03:18:11,58000.0,100.0,304000.0
311,2021-10-19 03:18:10,58000.0,500.0,303900.0
312,2021-10-19 03:17:50,58000.0,300.0,303400.0
313,2021-10-19 03:17:50,58000.0,100.0,303100.0
314,2021-10-19 03:17:50,58000.0,100.0,303000.0
315,2021-10-19 03:17:26,58000.0,100.0,302900.0
316,2021-10-19 03:17:16,58000.0,100.0,302800.0
317,2021-10-19 03:14:48,58000.0,300.0,302700.0
318,2021-10-19 03:14:48,58000.0,500.0,302400.0
319,2021-10-19 03:14:48,58000.0,200.0,301900.0
320,2021-10-19 03:14:48,58000.0,500.0,301700.0
321,2021-10-19 03:13:21,58000.0,1000.0,301200.0
322,2021-10-19 03:13:21,58000.0,300.0,300200.0
323,2021-10-19 03:13:21,58000.0,100.0,299900.0
324,2021-10-19 03:13:21,58000.0,500.0,299800.0
325,2021-10-19 03:13:21,58000.0,400.0,299300.0
326,2021-10-19 03:13:21,58000.0,500.0,298900.0
327,2021-10-19 03:13:21,58000.0,500.0,298400.0
328,2021-10-19 03:13:21,58000.0,100.0,297900.0
329,2021-10-19 03:13:21,58000.0,200.0,297800.0
330,2021-10-19 03:13:00,58200.0,200.0,297600.0
331,2021-10-19 03:13:00,58100.0,500.0,297400.0
332,2021-10-19 03:12:49,58100.0,100.0,296900.0
333,2021-10-19 03:12:49,58100.0,200.0,296800.0
334,2021-10-19 03:12:49,58100.0,200.0,296600.0
335,2021-10-19 03:12:26,58100.0,1000.0,296400.0
336,2021-10-19 03:10:48,58100.0,1800.0,295400.0
337,2021-10-19 03:09:54,58200.0,100.0,293600.0
338,2021-10-19 03:08:36,58200.0,500.0,293500.0
339,2021-10-19 03:08:36,58200.0,300.0,293000.0
340,2021-10-19 03:08:22,58200.0,100.0,292700.0
341,2021-10-19 03:08:22,58200.0,100.0,292600.0
342,2021-10-19 03:08:18,58200.0,200.0,292500.0
343,2021-10-19 03:08:18,58200.0,1000.0,292300.0
344,2021-10-19 03:07:56,58200.0,2000.0,291300.0
345,2021-10-19 03:06:44,58300.0,100.0,289300.0
346,2021-10-19 03:05:37,58300.0,100.0,289200.0
347,2021-10-19 03:05:37,58300.0,1000.0,289100.0
348,2021-10-19 03:05:37,58300.0,300.0,288100.0
349,2021-10-19 03:05:16,58300.0,300.0,287800.0
350,2021-10-19 03:04:56,58300.0,200.0,287500.0
351,2021-10-19 03:04:56,58300.0,100.0,287300.0
352,2021-10-19 03:04:56,58300.0,200.0,287200.0
353,2021-10-19 03:04:08,58300.0,100.0,287000.0
354,2021-10-19 03:03:10,58300.0,100.0,286900.0
355,2021-10-19 03:02:44,58400.0,500.0,286800.0
356,2021-10-19 03:02:35,58400.0,1000.0,286300.0
357,2021-10-19 03:01:51,58400.0,1000.0,285300.0
358,2021-10-19 03:01:27,58400.0,1000.0,284300.0
359,2021-10-19 03:00:40,58400.0,1000.0,283300.0
360,2021-10-19 03:00:24,58400.0,300.0,282300.0
361,2021-10-19 03:00:24,58400.0,200.0,282000.0
362,2021-10-19 03:00:24,58400.0,300.0,281800.0
363,2021-10-19 03:00:11,58400.0,100.0,281500.0
364,2021-10-19 02:59:23,58400.0,200.0,281400.0
365,2021-10-19 02:58:54,58300.0,200.0,281200.0
366,2021-10-19 02:58:28,58400.0,1400.0,281000.0
367,2021-10-19 02:58:28,58400.0,600.0,279600.0
368,2021-10-19 02:57:53,58400.0,1400.0,279000.0
369,2021-10-19 02:57:53,58400.0,1000.0,277600.0
370,2021-10-19 02:57:53,58400.0,100.0,276600.0
371,2021-10-19 02:57:53,58400.0,500.0,276500.0
372,2021-10-19 02:57:28,58300.0,400.0,276000.0
373,2021-10-19 02:57:24,58300.0,300.0,275600.0
374,2021-10-19 02:57:24,58300.0,1000.0,275300.0
375,2021-10-19 02:57:20,58300.0,1000.0,274300.0
376,2021-10-19 02:57:18,58300.0,1000.0,273300.0
377,2021-10-19 02:57:15,58300.0,1300.0,272300.0
378,2021-10-19 02:57:15,58300.0,1700.0,271000.0
379,2021-10-19 02:56:58,58300.0,300.0,269300.0
380,2021-10-19 02:56:58,58300.0,200.0,269000.0
381,2021-10-19 02:56:21,58300.0,100.0,268800.0
382,2021-10-19 02:56:21,58300.0,1900.0,268700.0
383,2021-10-19 02:55:52,58300.0,100.0,266800.0
384,2021-10-19 02:55:52,58300.0,200.0,266700.0
385,2021-10-19 02:55:50,58200.0,100.0,266500.0
386,2021-10-19 02:55:33,58200.0,1000.0,266400.0
387,2021-10-19 02:55:17,58200.0,100.0,265400.0
388,2021-10-19 02:55:17,58200.0,500.0,265300.0
389,2021-10-19 02:55:17,58200.0,1000.0,264800.0
390,2021-10-19 02:55:04,58200.0,300.0,263800.0
391,2021-10-19 02:54:51,58200.0,500.0,263500.0
392,2021-10-19 02:54:32,58100.0,400.0,263000.0
393,2021-10-19 02:54:30,58200.0,200.0,262600.0
394,2021-10-19 02:54:30,58200.0,800.0,262400.0
395,2021-10-19 02:54:30,58200.0,300.0,261600.0
396,2021-10-19 02:54:28,58200.0,1000.0,261300.0
397,2021-10-19 02:54:14,58200.0,100.0,260300.0
398,2021-10-19 02:53:48,58200.0,100.0,260200.0
399,2021-10-19 02:53:48,58200.0,100.0,260100.0
400,2021-10-19 02:53:37,58100.0,400.0,260000.0
401,2021-10-19 02:53:31,58200.0,300.0,259600.0
402,2021-10-19 02:53:31,58200.0,1000.0,259300.0
403,2021-10-19 02:53:22,58200.0,100.0,258300.0
404,2021-10-19 02:53:17,58200.0,300.0,258200.0
405,2021-10-19 02:53:00,58100.0,200.0,257900.0
406,2021-10-19 02:53:00,58100.0,600.0,257700.0
407,2021-10-19 02:53:00,58100.0,100.0,257100.0
408,2021-10-19 02:52:53,58200.0,1700.0,257000.0
409,2021-10-19 02:52:43,58200.0,500.0,255300.0
410,2021-10-19 02:52:43,58200.0,100.0,254800.0
411,2021-10-19 02:52:43,58200.0,400.0,254700.0
412,2021-10-19 02:52:30,58200.0,100.0,254300.0
413,2021-10-19 02:52:30,58200.0,900.0,254200.0
414,2021-10-19 02:52:07,58100.0,100.0,253300.0
415,2021-10-19 02:52:07,58100.0,100.0,253200.0
416,2021-10-19 02:52:03,58100.0,100.0,253100.0
417,2021-10-19 02:51:43,58100.0,100.0,253000.0
418,2021-10-19 02:51:28,58000.0,200.0,252900.0
419,2021-10-19 02:51:28,58000.0,200.0,252700.0
420,2021-10-19 02:51:02,58100.0,1000.0,252500.0
421,2021-10-19 02:51:01,58000.0,200.0,251500.0
422,2021-10-19 02:50:54,58100.0,100.0,251300.0
423,2021-10-19 02:50:41,58100.0,100.0,251200.0
424,2021-10-19 02:50:22,58100.0,600.0,251100.0
425,2021-10-19 02:50:22,58100.0,1300.0,250500.0
426,2021-10-19 02:50:19,58100.0,700.0,249200.0
427,2021-10-19 02:50:19,58100.0,400.0,248500.0
428,2021-10-19 02:50:17,58100.0,200.0,248100.0
429,2021-10-19 02:50:05,58100.0,400.0,247900.0
430,2021-10-19 02:50:05,58100.0,200.0,247500.0
431,2021-10-19 02:50:05,58100.0,100.0,247300.0
432,2021-10-19 02:50:05,58100.0,300.0,247200.0
433,2021-10-19 02:49:55,58100.0,200.0,246900.0
434,2021-10-19 02:49:22,58100.0,300.0,246700.0
435,2021-10-19 02:49:13,58000.0,100.0,246400.0
436,2021-10-19 02:49:01,58000.0,300.0,246300.0
437,2021-10-19 02:46:56,57800.0,500.0,246000.0
438,2021-10-19 02:46:43,57800.0,400.0,245500.0
439,2021-10-19 02:46:43,57800.0,100.0,245100.0
440,2021-10-19 02:46:39,57800.0,400.0,245000.0
441,2021-10-19 02:46:39,57800.0,500.0,244600.0
442,2021-10-19 02:46:39,57800.0,100.0,244100.0
443,2021-10-19 02:45:17,57700.0,400.0,244000.0
444,2021-10-19 02:45:17,57800.0,300.0,243600.0
445,2021-10-19 02:45:17,57800.0,200.0,243300.0
446,2021-10-19 02:45:17,57900.0,100.0,243100.0
447,2021-10-19 02:45:17,58000.0,400.0,243000.0
448,2021-10-19 02:45:16,58000.0,100.0,242600.0
449,2021-10-19 02:45:07,58000.0,600.0,242500.0
450,2021-10-19 02:45:07,58000.0,200.0,241900.0
451,2021-10-19 02:45:07,58000.0,100.0,241700.0
452,2021-10-19 02:45:07,58000.0,400.0,241600.0
453,2021-10-19 02:45:07,58000.0,100.0,241200.0
454,2021-10-19 02:45:07,58000.0,600.0,241100.0
455,2021-10-19 02:45:05,58000.0,400.0,240500.0
456,2021-10-19 02:44:58,58000.0,500.0,240100.0
457,2021-10-19 02:44:49,58000.0,100.0,239600.0
458,2021-10-19 02:44:30,58000.0,3400.0,239500.0
459,2021-10-19 02:44:30,58000.0,500.0,236100.0
460,2021-10-19 02:43:44,57700.0,400.0,235600.0
461,2021-10-19 02:43:41,58000.0,500.0,235200.0
462,2021-10-19 02:42:54,58000.0,100.0,234700.0
463,2021-10-19 02:42:28,58000.0,100.0,234600.0
464,2021-10-19 02:42:28,58000.0,300.0,234500.0
465,2021-10-19 02:42:28,58000.0,500.0,234200.0
466,2021-10-19 02:42:19,58000.0,100.0,233700.0
467,2021-10-19 02:42:19,58000.0,100.0,233600.0
468,2021-10-19 02:42:19,58000.0,200.0,233500.0
469,2021-10-19 02:42:19,58000.0,200.0,233300.0
470,2021-10-19 02:42:19,58000.0,100.0,233100.0
471,2021-10-19 02:42:19,58000.0,100.0,233000.0
472,2021-10-19 02:42:19,58000.0,100.0,232900.0
473,2021-10-19 02:42:19,58000.0,200.0,232800.0
474,2021-10-19 02:42:19,58000.0,1000.0,232600.0
475,2021-10-19 02:42:19,58000.0,1000.0,231600.0
476,2021-10-19 02:42:19,58000.0,3000.0,230600.0
477,2021-10-19 02:42:19,58000.0,900.0,227600.0
478,2021-10-19 02:42:10,58000.0,100.0,226700.0
479,2021-10-19 02:41:45,58000.0,100.0,226600.0
480,2021-10-19 02:41:31,58100.0,100.0,226500.0
481,2021-10-19 02:41:31,58100.0,100.0,226400.0
482,2021-10-19 02:41:31,58100.0,100.0,226300.0
483,2021-10-19 02:41:08,58100.0,1000.0,226200.0
484,2021-10-19 02:40:35,58200.0,200.0,225200.0
485,2021-10-19 02:39:42,58200.0,900.0,225000.0
486,2021-10-19 02:39:05,58200.0,1100.0,224100.0
487,2021-10-19 02:39:05,58200.0,100.0,223000.0
488,2021-10-19 02:39:05,58200.0,100.0,222900.0
489,2021-10-19 02:38:58,58300.0,500.0,222800.0
490,2021-10-19 02:38:43,58300.0,400.0,222300.0
491,2021-10-19 02:38:43,58300.0,100.0,221900.0
492,2021-10-19 02:38:25,58300.0,100.0,221800.0
493,2021-10-19 02:38:25,58300.0,400.0,221700.0
494,2021-10-19 02:38:25,58300.0,100.0,221300.0
495,2021-10-19 02:38:25,58300.0,200.0,221200.0
496,2021-10-19 02:38:25,58300.0,100.0,221000.0
497,2021-10-19 02:38:25,58300.0,1000.0,220900.0
498,2021-10-19 02:38:25,58300.0,3000.0,219900.0
499,2021-10-19 02:38:01,58400.0,500.0,216900.0
500,2021-10-19 02:38:01,58400.0,100.0,216400.0
501,2021-10-19 02:38:01,58400.0,500.0,216300.0
502,2021-10-19 02:38:01,58400.0,100.0,215800.0
503,2021-10-19 02:38:01,58400.0,100.0,215700.0
504,2021-10-19 02:38:01,58400.0,200.0,215600.0
505,2021-10-19 02:37:56,58400.0,100.0,215400.0
506,2021-10-19 02:37:51,58400.0,700.0,215300.0
507,2021-10-19 02:37:51,58400.0,100.0,214600.0
508,2021-10-19 02:37:51,58400.0,200.0,214500.0
509,2021-10-19 02:37:41,58400.0,100.0,214300.0
510,2021-10-19 02:37:34,58400.0,200.0,214200.0
511,2021-10-19 02:37:01,58500.0,1000.0,214000.0
512,2021-10-19 02:36:56,58500.0,100.0,213000.0
513,2021-10-19 02:36:53,58500.0,100.0,212900.0
514,2021-10-19 02:36:46,58500.0,100.0,212800.0
515,2021-10-19 02:36:46,58500.0,100.0,212700.0
516,2021-10-19 02:36:46,58500.0,100.0,212600.0
517,2021-10-19 02:36:41,58500.0,200.0,212500.0
518,2021-10-19 02:36:41,58500.0,400.0,212300.0
519,2021-10-19 02:36:37,58500.0,600.0,211900.0
520,2021-10-19 02:36:37,58500.0,400.0,211300.0
521,2021-10-19 02:36:17,58500.0,300.0,210900.0
522,2021-10-19 02:35:42,58500.0,300.0,210600.0
523,2021-10-19 02:35:37,58500.0,200.0,210300.0
524,2021-10-19 02:35:37,58500.0,100.0,210100.0
525,2021-10-19 02:35:37,58500.0,400.0,210000.0
526,2021-10-19 02:35:32,58500.0,1000.0,209600.0
527,2021-10-19 02:35:30,58500.0,100.0,208600.0
528,2021-10-19 02:35:14,58500.0,500.0,208500.0
529,2021-10-19 02:35:10,58500.0,100.0,208000.0
530,2021-10-19 02:35:10,58500.0,100.0,207900.0
531,2021-10-19 02:35:10,58500.0,1000.0,207800.0
532,2021-10-19 02:35:10,58500.0,300.0,206800.0
533,2021-10-19 02:35:01,58600.0,100.0,206500.0
534,2021-10-19 02:34:47,58500.0,100.0,206400.0
535,2021-10-19 02:34:44,58600.0,100.0,206300.0
536,2021-10-19 02:34:44,58600.0,200.0,206200.0
537,2021-10-19 02:34:38,58500.0,100.0,206000.0
538,2021-10-19 02:34:38,58500.0,900.0,205900.0
539,2021-10-19 02:34:33,58500.0,1100.0,205000.0
540,2021-10-19 02:34:33,58500.0,100.0,203900.0
541,2021-10-19 02:34:33,58500.0,800.0,203800.0
542,2021-10-19 02:34:30,58600.0,100.0,203000.0
543,2021-10-19 02:34:23,58600.0,100.0,202900.0
544,2021-10-19 02:34:23,58600.0,100.0,202800.0
545,2021-10-19 02:33:56,58600.0,100.0,202700.0
546,2021-10-19 02:33:38,58600.0,200.0,202600.0
547,2021-10-19 02:33:33,58500.0,200.0,202400.0
548,2021-10-19 02:33:33,58500.0,1000.0,202200.0
549,2021-10-19 02:33:33,58500.0,600.0,201200.0
550,2021-10-19 02:33:28,58600.0,500.0,200600.0
551,2021-10-19 02:33:28,58600.0,100.0,200100.0
552,2021-10-19 02:33:25,58700.0,1000.0,200000.0
553,2021-10-19 02:33:18,58600.0,400.0,199000.0
554,2021-10-19 02:33:14,58600.0,700.0,198600.0
555,2021-10-19 02:33:14,58600.0,1300.0,197900.0
556,2021-10-19 02:33:12,58500.0,1400.0,196600.0
557,2021-10-19 02:33:12,58500.0,100.0,195200.0
558,2021-10-19 02:33:12,58500.0,100.0,195100.0
559,2021-10-19 02:33:12,58500.0,400.0,195000.0
560,2021-10-19 02:33:12,58500.0,100.0,194600.0
561,2021-10-19 02:33:12,58500.0,2000.0,194500.0
562,2021-10-19 02:33:12,58500.0,300.0,192500.0
563,2021-10-19 02:33:12,58500.0,600.0,192200.0
564,2021-10-19 02:33:07,58600.0,100.0,191600.0
565,2021-10-19 02:32:56,58600.0,900.0,191500.0
566,2021-10-19 02:32:53,58600.0,200.0,190600.0
567,2021-10-19 02:32:53,58600.0,500.0,190400.0
568,2021-10-19 02:32:49,58600.0,600.0,189900.0
569,2021-10-19 02:32:46,58600.0,400.0,189300.0
570,2021-10-19 02:32:39,58600.0,100.0,188900.0
571,2021-10-19 02:32:39,58600.0,900.0,188800.0
572,2021-10-19 02:32:30,58600.0,100.0,187900.0
573,2021-10-19 02:32:28,58600.0,300.0,187800.0
574,2021-10-19 02:32:24,58700.0,100.0,187500.0
575,2021-10-19 02:32:24,58700.0,300.0,187400.0
576,2021-10-19 02:32:19,58600.0,2000.0,187100.0
577,2021-10-19 02:32:17,58600.0,500.0,185100.0
578,2021-10-19 02:32:13,58700.0,100.0,184600.0
579,2021-10-19 02:32:11,58500.0,600.0,184500.0
580,2021-10-19 02:31:48,58500.0,300.0,183900.0
581,2021-10-19 02:31:48,58500.0,1000.0,183600.0
582,2021-10-19 02:31:48,58600.0,700.0,182600.0
583,2021-10-19 02:31:44,58700.0,100.0,181900.0
584,2021-10-19 02:31:44,58700.0,900.0,181800.0
585,2021-10-19 02:31:43,58500.0,1000.0,180900.0
586,2021-10-19 02:31:41,58500.0,100.0,179900.0
587,2021-10-19 02:31:35,58500.0,100.0,179800.0
588,2021-10-19 02:31:35,58500.0,1000.0,179700.0
589,2021-10-19 02:31:35,58500.0,800.0,178700.0
590,2021-10-19 02:31:34,58700.0,100.0,177900.0
591,2021-10-19 02:31:34,58700.0,300.0,177800.0
592,2021-10-19 02:31:32,58700.0,100.0,177500.0
593,2021-10-19 02:31:31,58500.0,500.0,177400.0
594,2021-10-19 02:31:29,58500.0,200.0,176900.0
595,2021-10-19 02:31:22,58500.0,200.0,176700.0
596,2021-10-19 02:31:13,58500.0,100.0,176500.0
597,2021-10-19 02:31:13,58700.0,1600.0,176400.0
598,2021-10-19 02:31:11,58500.0,1700.0,174800.0
599,2021-10-19 02:31:11,58500.0,1000.0,173100.0
600,2021-10-19 02:31:11,58500.0,500.0,172100.0
601,2021-10-19 02:31:11,58500.0,1800.0,171600.0
602,2021-10-19 02:31:01,58500.0,1000.0,169800.0
603,2021-10-19 02:30:53,58500.0,5000.0,168800.0
604,2021-10-19 02:30:50,58500.0,200.0,163800.0
605,2021-10-19 02:30:50,58500.0,500.0,163600.0
606,2021-10-19 02:30:50,58500.0,800.0,163100.0
607,2021-10-19 02:30:50,58500.0,100.0,162300.0
608,2021-10-19 02:30:50,58500.0,200.0,162200.0
609,2021-10-19 02:30:50,58500.0,300.0,162000.0
610,2021-10-19 02:30:50,58500.0,500.0,161700.0
611,2021-10-19 02:30:50,58500.0,100.0,161200.0
612,2021-10-19 02:30:50,58500.0,500.0,161100.0
613,2021-10-19 02:30:50,58500.0,1000.0,160600.0
614,2021-10-19 02:30:50,58500.0,1100.0,159600.0
615,2021-10-19 02:30:50,58500.0,200.0,158500.0
616,2021-10-19 02:30:50,58500.0,1000.0,158300.0
617,2021-10-19 02:30:50,58500.0,700.0,157300.0
618,2021-10-19 02:30:43,58500.0,300.0,156600.0
619,2021-10-19 02:30:43,58500.0,600.0,156300.0
620,2021-10-19 02:30:43,58500.0,1000.0,155700.0
621,2021-10-19 02:30:43,58500.0,100.0,154700.0
622,2021-10-19 02:30:29,58500.0,200.0,154600.0
623,2021-10-19 02:30:29,58500.0,100.0,154400.0
624,2021-10-19 02:30:29,58500.0,300.0,154300.0
625,2021-10-19 02:30:29,58500.0,400.0,154000.0
626,2021-10-19 02:30:23,58500.0,100.0,153600.0
627,2021-10-19 02:30:15,58500.0,2300.0,153500.0
628,2021-10-19 02:30:15,58500.0,500.0,151200.0
629,2021-10-19 02:30:15,58500.0,2000.0,150700.0
630,2021-10-19 02:30:15,58500.0,300.0,148700.0
631,2021-10-19 02:30:15,58500.0,100.0,148400.0
632,2021-10-19 02:30:15,58500.0,1000.0,148300.0
633,2021-10-19 02:30:15,58500.0,400.0,147300.0
634,2021-10-19 02:30:15,58500.0,1000.0,146900.0
635,2021-10-19 02:30:15,58500.0,200.0,145900.0
636,2021-10-19 02:30:15,58500.0,200.0,145700.0
637,2021-10-19 02:30:15,58500.0,200.0,145500.0
638,2021-10-19 02:30:15,58500.0,1500.0,145300.0
639,2021-10-19 02:30:15,58500.0,1000.0,143800.0
640,2021-10-19 02:30:15,58500.0,1000.0,142800.0
641,2021-10-19 02:30:15,58500.0,200.0,141800.0
642,2021-10-19 02:30:15,58500.0,100.0,141600.0
643,2021-10-19 02:30:15,58500.0,100.0,141500.0
644,2021-10-19 02:30:15,58500.0,900.0,141400.0
645,2021-10-19 02:30:15,58400.0,1000.0,140500.0
646,2021-10-19 02:30:15,58400.0,1000.0,139500.0
647,2021-10-19 02:30:12,58200.0,400.0,138500.0
648,2021-10-19 02:30:12,58200.0,300.0,138100.0
649,2021-10-19 02:29:58,58200.0,100.0,137800.0
650,2021-10-19 02:29:49,58400.0,100.0,137700.0
651,2021-10-19 02:29:35,58200.0,400.0,137600.0
652,2021-10-19 02:29:31,58500.0,100.0,137200.0
653,2021-10-19 02:29:31,58500.0,900.0,137100.0
654,2021-10-19 02:29:28,58200.0,1000.0,136200.0
655,2021-10-19 02:29:16,58200.0,100.0,135200.0
656,2021-10-19 02:29:16,58300.0,400.0,135100.0
657,2021-10-19 02:29:11,58500.0,1100.0,134700.0
658,2021-10-19 02:29:11,58500.0,600.0,133600.0
659,2021-10-19 02:29:11,58500.0,1000.0,133000.0
660,2021-10-19 02:29:11,58500.0,300.0,132000.0
661,2021-10-19 02:29:11,58500.0,100.0,131700.0
662,2021-10-19 02:29:11,58500.0,400.0,131600.0
663,2021-10-19 02:29:05,58500.0,200.0,131200.0
664,2021-10-19 02:29:05,58500.0,200.0,131000.0
665,2021-10-19 02:29:05,58500.0,300.0,130800.0
666,2021-10-19 02:29:05,58500.0,1300.0,130500.0
667,2021-10-19 02:29:03,58300.0,100.0,129200.0
668,2021-10-19 02:29:02,58500.0,500.0,129100.0
669,2021-10-19 02:29:00,58200.0,100.0,128600.0
670,2021-10-19 02:28:56,58500.0,200.0,128500.0
671,2021-10-19 02:28:56,58300.0,300.0,128300.0
672,2021-10-19 02:28:55,58100.0,1000.0,128000.0
673,2021-10-19 02:28:54,58500.0,2000.0,127000.0
674,2021-10-19 02:28:54,58500.0,600.0,125000.0
675,2021-10-19 02:28:54,58500.0,200.0,124400.0
676,2021-10-19 02:28:54,58500.0,4000.0,124200.0
677,2021-10-19 02:28:54,58400.0,2000.0,120200.0
678,2021-10-19 02:28:54,58400.0,2000.0,118200.0
679,2021-10-19 02:28:54,58400.0,2000.0,116200.0
680,2021-10-19 02:28:54,58400.0,100.0,114200.0
681,2021-10-19 02:28:54,58300.0,600.0,114100.0
682,2021-10-19 02:28:54,58300.0,100.0,113500.0
683,2021-10-19 02:28:54,57800.0,100.0,113400.0
684,2021-10-19 02:28:54,57800.0,2000.0,113300.0
685,2021-10-19 02:28:54,57800.0,700.0,111300.0
686,2021-10-19 02:28:54,58000.0,3300.0,110600.0
687,2021-10-19 02:28:54,58000.0,6000.0,107300.0
688,2021-10-19 02:28:54,58100.0,500.0,101300.0
689,2021-10-19 02:28:54,58100.0,1000.0,100800.0
690,2021-10-19 02:28:54,58200.0,1400.0,99800.0
691,2021-10-19 02:28:45,58200.0,600.0,98400.0
692,2021-10-19 02:28:42,58200.0,2400.0,97800.0
693,2021-10-19 02:28:42,58200.0,500.0,95400.0
694,2021-10-19 02:28:42,58200.0,1000.0,94900.0
695,2021-10-19 02:28:42,58100.0,100.0,93900.0
696,2021-10-19 02:28:30,58000.0,1400.0,93800.0
697,2021-10-19 02:28:29,58000.0,3000.0,92400.0
698,2021-10-19 02:28:23,58000.0,600.0,89400.0
699,2021-10-19 02:28:20,58000.0,1000.0,88800.0
700,2021-10-19 02:28:20,58000.0,800.0,87800.0
701,2021-10-19 02:28:20,58000.0,1000.0,87000.0
702,2021-10-19 02:28:20,58000.0,200.0,86000.0
703,2021-10-19 02:28:20,58000.0,100.0,85800.0
704,2021-10-19 02:28:20,58000.0,100.0,85700.0
705,2021-10-19 02:28:20,58000.0,300.0,85600.0
706,2021-10-19 02:28:20,58000.0,1900.0,85300.0
707,2021-10-19 02:28:18,57900.0,2000.0,83400.0
708,2021-10-19 02:28:05,58000.0,100.0,81400.0
709,2021-10-19 02:27:58,57800.0,1000.0,81300.0
710,2021-10-19 02:27:54,58000.0,5000.0,80300.0
711,2021-10-19 02:27:54,58000.0,2000.0,75300.0
712,2021-10-19 02:27:54,58000.0,1000.0,73300.0
713,2021-10-19 02:27:54,58000.0,1000.0,72300.0
714,2021-10-19 02:27:54,58000.0,3400.0,71300.0
715,2021-10-19 02:27:54,58000.0,100.0,67900.0
716,2021-10-19 02:27:54,58000.0,100.0,67800.0
717,2021-10-19 02:27:54,58000.0,2000.0,67700.0
718,2021-10-19 02:27:54,58000.0,200.0,65700.0
719,2021-10-19 02:27:54,58000.0,1000.0,65500.0
720,2021-10-19 02:27:54,58000.0,1000.0,64500.0
721,2021-10-19 02:27:54,58000.0,1000.0,63500.0
722,2021-10-19 02:27:54,58000.0,200.0,62500.0
723,2021-10-19 02:27:54,57900.0,2000.0,62300.0
724,2021-10-19 02:27:54,57900.0,300.0,60300.0
725,2021-10-19 02:27:54,57900.0,1000.0,60000.0
726,2021-10-19 02:27:54,57900.0,1000.0,59000.0
727,2021-10-19 02:27:54,57900.0,700.0,58000.0
728,2021-10-19 02:27:54,57800.0,2200.0,57300.0
729,2021-10-19 02:27:54,57800.0,400.0,55100.0
730,2021-10-19 02:27:54,57800.0,3400.0,54700.0
731,2021-10-19 02:27:54,57700.0,1000.0,51300.0
732,2021-10-19 02:27:22,57700.0,1900.0,50300.0
733,2021-10-19 02:26:59,57800.0,800.0,48400.0
734,2021-10-19 02:26:58,57600.0,200.0,47600.0
735,2021-10-19 02:26:21,57800.0,800.0,47400.0
736,2021-10-19 02:26:21,57800.0,800.0,46600.0
737,2021-10-19 02:26:18,57800.0,400.0,45800.0
738,2021-10-19 02:26:01,57800.0,300.0,45400.0
739,2021-10-19 02:25:55,57800.0,400.0,45100.0
740,2021-10-19 02:25:43,57800.0,100.0,44700.0
741,2021-10-19 02:25:33,57800.0,5000.0,44600.0
742,2021-10-19 02:25:33,57800.0,500.0,39600.0
743,2021-10-19 02:25:33,57800.0,1000.0,39100.0
744,2021-10-19 02:25:33,57800.0,100.0,38100.0
745,2021-10-19 02:25:33,57800.0,200.0,38000.0
746,2021-10-19 02:25:33,57800.0,400.0,37800.0
747,2021-10-19 02:25:28,57800.0,300.0,37400.0
748,2021-10-19 02:25:28,57700.0,100.0,37100.0
749,2021-10-19 02:25:18,57600.0,1000.0,37000.0
750,2021-10-19 02:25:09,57500.0,1800.0,36000.0
751,2021-10-19 02:25:09,57500.0,100.0,34200.0
752,2021-10-19 02:25:01,57500.0,1700.0,34100.0
753,2021-10-19 02:24:46,57200.0,100.0,32400.0
754,2021-10-19 02:24:43,57200.0,600.0,32300.0
755,2021-10-19 02:24:36,57200.0,1800.0,31700.0
756,2021-10-19 02:23:10,57000.0,100.0,29900.0
757,2021-10-19 02:23:07,57000.0,100.0,29800.0
758,2021-10-19 02:23:07,57000.0,1200.0,29700.0
759,2021-10-19 02:22:56,57000.0,200.0,28500.0
760,2021-10-19 02:22:47,57000.0,1200.0,28300.0
761,2021-10-19 02:22:21,56900.0,100.0,27100.0
762,2021-10-19 02:21:55,56900.0,500.0,27000.0
763,2021-10-19 02:21:55,56900.0,100.0,26500.0
764,2021-10-19 02:21:36,56900.0,1200.0,26400.0
765,2021-10-19 02:21:18,56900.0,500.0,25200.0
766,2021-10-19 02:20:53,56900.0,100.0,24700.0
767,2021-10-19 02:20:53,56900.0,400.0,24600.0
768,2021-10-19 02:20:34,56900.0,500.0,24200.0
769,2021-10-19 02:20:34,56900.0,100.0,23700.0
770,2021-10-19 02:20:25,56900.0,100.0,23600.0
771,2021-10-19 02:19:57,57000.0,200.0,23500.0
772,2021-10-19 02:19:57,57000.0,200.0,23300.0
773,2021-10-19 02:19:20,57000.0,100.0,23100.0
774,2021-10-19 02:19:20,57000.0,100.0,23000.0
775,2021-10-19 02:19:20,57000.0,1600.0,22900.0
776,2021-10-19 02:19:15,57000.0,100.0,21300.0
777,2021-10-19 02:19:03,57000.0,300.0,21200.0
778,2021-10-19 02:19:03,57000.0,1500.0,20900.0
779,2021-10-19 02:19:03,57000.0,500.0,19400.0
780,2021-10-19 02:19:03,57000.0,100.0,18900.0
781,2021-10-19 02:19:03,57100.0,2000.0,18800.0
782,2021-10-19 02:19:03,57100.0,600.0,16800.0
783,2021-10-19 02:18:43,57100.0,4400.0,16200.0
784,2021-10-19 02:18:43,57200.0,100.0,11800.0
785,2021-10-19 02:18:43,57200.0,200.0,11700.0
786,2021-10-19 02:18:43,57200.0,300.0,11500.0
787,2021-10-19 02:18:10,57500.0,100.0,11200.0
788,2021-10-19 02:18:10,57500.0,100.0,11100.0
789,2021-10-19 02:18:10,57500.0,100.0,11000.0
790,2021-10-19 02:17:45,57500.0,300.0,10900.0
791,2021-10-19 02:17:45,57500.0,200.0,10600.0
792,2021-10-19 02:17:45,57500.0,100.0,10400.0
793,2021-10-19 02:17:20,57600.0,1000.0,10300.0
794,2021-10-19 02:17:01,57800.0,500.0,9300.0
795,2021-10-19 02:16:47,57800.0,100.0,8800.0
796,2021-10-19 02:16:27,57800.0,200.0,8700.0
797,2021-10-19 02:16:27,57800.0,100.0,8500.0
798,2021-10-19 02:16:27,57800.0,500.0,8400.0
799,2021-10-19 02:16:27,57800.0,200.0,7900.0
800,2021-10-19 02:15:00,57900.0,300.0,7700.0
801,2021-10-19 02:15:00,57900.0,100.0,7400.0
802,2021-10-19 02:15:00,57900.0,900.0,7300.0
803,2021-10-19 02:15:00,57900.0,200.0,6400.0
804,2021-10-19 02:15:00,57900.0,200.0,6200.0
805,2021-10-19 02:15:00,57900.0,1200.0,6000.0
806,2021-10-19 02:15:00,57900.0,2000.0,4800.0
807,2021-10-19 02:15:00,57900.0,100.0,2800.0
808,2021-10-19 02:15:00,57900.0,100.0,2700.0
809,2021-10-19 02:15:00,57900.0,500.0,2600.0
810,2021-10-19 02:15:00,57900.0,100.0,2100.0
811,2021-10-19 02:15:00,57900.0,1000.0,2000.0
812,2021-10-19 02:15:00,57900.0,1000.0,1000.0
