,Time,Price,Volume_per_trade,Volume
0,2021-10-13 07:45:00,54600.0,500.0,148500.0
1,2021-10-13 07:45:00,54600.0,1500.0,148000.0
2,2021-10-13 07:45:00,54600.0,1500.0,146500.0
3,2021-10-13 07:45:00,54600.0,200.0,145000.0
4,2021-10-13 07:45:00,54600.0,2000.0,144800.0
5,2021-10-13 07:45:00,54600.0,2100.0,142800.0
6,2021-10-13 07:45:00,54600.0,400.0,140700.0
7,2021-10-13 07:45:00,54600.0,600.0,140300.0
8,2021-10-13 07:45:00,54600.0,400.0,139700.0
9,2021-10-13 07:45:00,54600.0,1600.0,139300.0
10,2021-10-13 07:45:00,54600.0,400.0,137700.0
11,2021-10-13 07:45:00,54600.0,100.0,137300.0
12,2021-10-13 07:45:00,54600.0,2900.0,137200.0
13,2021-10-13 07:45:00,54600.0,100.0,134300.0
14,2021-10-13 07:29:50,54600.0,100.0,134200.0
15,2021-10-13 07:27:50,54600.0,300.0,134100.0
16,2021-10-13 07:27:50,54600.0,300.0,133800.0
17,2021-10-13 07:27:50,54600.0,100.0,133500.0
18,2021-10-13 07:27:50,54600.0,1500.0,133400.0
19,2021-10-13 07:27:36,54700.0,500.0,131900.0
20,2021-10-13 07:27:14,54600.0,200.0,131400.0
21,2021-10-13 07:26:25,54600.0,100.0,131200.0
22,2021-10-13 07:26:25,54700.0,200.0,131100.0
23,2021-10-13 07:26:17,54700.0,200.0,130900.0
24,2021-10-13 07:26:17,54700.0,200.0,130700.0
25,2021-10-13 07:25:39,54700.0,100.0,130500.0
26,2021-10-13 07:25:39,54700.0,200.0,130400.0
27,2021-10-13 07:24:50,54700.0,100.0,130200.0
28,2021-10-13 07:24:37,54700.0,700.0,130100.0
29,2021-10-13 07:24:37,54700.0,300.0,129400.0
30,2021-10-13 07:22:15,54700.0,700.0,129100.0
31,2021-10-13 07:22:03,54700.0,200.0,128400.0
32,2021-10-13 07:20:16,54700.0,100.0,128200.0
33,2021-10-13 07:19:49,54700.0,100.0,128100.0
34,2021-10-13 07:18:36,54700.0,300.0,128000.0
35,2021-10-13 07:17:59,54700.0,300.0,127700.0
36,2021-10-13 07:17:34,54700.0,2400.0,127400.0
37,2021-10-13 07:17:34,54700.0,2000.0,125000.0
38,2021-10-13 07:17:34,54700.0,500.0,123000.0
39,2021-10-13 07:17:34,54700.0,500.0,122500.0
40,2021-10-13 07:17:34,54700.0,100.0,122000.0
41,2021-10-13 07:17:34,54700.0,500.0,121900.0
42,2021-10-13 07:14:32,54700.0,100.0,121400.0
43,2021-10-13 07:13:30,54700.0,100.0,121300.0
44,2021-10-13 07:11:55,54700.0,100.0,121200.0
45,2021-10-13 07:10:41,54700.0,200.0,121100.0
46,2021-10-13 07:10:13,54700.0,500.0,120900.0
47,2021-10-13 07:10:00,54800.0,100.0,120400.0
48,2021-10-13 07:10:00,54800.0,300.0,120300.0
49,2021-10-13 07:09:47,54700.0,1000.0,120000.0
50,2021-10-13 07:09:28,54700.0,200.0,119000.0
51,2021-10-13 07:07:52,54700.0,700.0,118800.0
52,2021-10-13 07:06:48,54700.0,1000.0,118100.0
53,2021-10-13 07:04:06,54700.0,300.0,117100.0
54,2021-10-13 07:04:06,54700.0,200.0,116800.0
55,2021-10-13 07:01:28,54700.0,200.0,116600.0
56,2021-10-13 07:01:19,54700.0,200.0,116400.0
57,2021-10-13 07:01:12,54700.0,100.0,116200.0
58,2021-10-13 07:01:00,54700.0,200.0,116100.0
59,2021-10-13 07:00:48,54700.0,100.0,115900.0
60,2021-10-13 06:58:57,54700.0,100.0,115800.0
61,2021-10-13 06:58:24,54700.0,500.0,115700.0
62,2021-10-13 06:58:13,54700.0,200.0,115200.0
63,2021-10-13 06:55:02,54700.0,200.0,115000.0
64,2021-10-13 06:55:00,54700.0,100.0,114800.0
65,2021-10-13 06:51:24,54700.0,2900.0,114700.0
66,2021-10-13 06:51:24,54700.0,100.0,111800.0
67,2021-10-13 06:47:57,54600.0,1200.0,111700.0
68,2021-10-13 06:47:09,54600.0,300.0,110500.0
69,2021-10-13 06:46:28,54600.0,400.0,110200.0
70,2021-10-13 06:45:01,54600.0,100.0,109800.0
71,2021-10-13 06:44:30,54600.0,400.0,109700.0
72,2021-10-13 06:33:04,54600.0,1500.0,109300.0
73,2021-10-13 06:33:04,54600.0,500.0,107800.0
74,2021-10-13 06:32:38,54700.0,2000.0,107300.0
75,2021-10-13 06:31:17,54700.0,500.0,105300.0
76,2021-10-13 06:28:48,54700.0,300.0,104800.0
77,2021-10-13 06:28:48,54700.0,1500.0,104500.0
78,2021-10-13 06:28:48,54700.0,100.0,103000.0
79,2021-10-13 06:28:48,54700.0,100.0,102900.0
80,2021-10-13 06:28:21,54600.0,500.0,102800.0
81,2021-10-13 06:18:46,54600.0,100.0,102300.0
82,2021-10-13 06:18:46,54600.0,200.0,102200.0
83,2021-10-13 06:13:39,54600.0,200.0,102000.0
84,2021-10-13 06:09:31,54600.0,100.0,101800.0
85,2021-10-13 06:08:41,54600.0,700.0,101700.0
86,2021-10-13 06:07:42,54600.0,200.0,101000.0
87,2021-10-13 06:07:42,54600.0,100.0,100800.0
88,2021-10-13 06:06:47,54600.0,200.0,100700.0
89,2021-10-13 06:03:01,54600.0,200.0,100500.0
90,2021-10-13 06:03:01,54600.0,600.0,100300.0
91,2021-10-13 06:00:06,54600.0,400.0,99700.0
92,2021-10-13 06:00:02,54500.0,100.0,99300.0
93,2021-10-13 06:00:01,54500.0,100.0,99200.0
94,2021-10-13 06:00:00,54500.0,100.0,99100.0
95,2021-10-13 06:00:00,54500.0,100.0,99000.0
96,2021-10-13 06:00:00,54500.0,100.0,98900.0
97,2021-10-13 06:00:00,54500.0,500.0,98800.0
98,2021-10-13 06:00:00,54500.0,100.0,98300.0
99,2021-10-13 06:00:00,54500.0,300.0,98200.0
100,2021-10-13 04:16:35,54500.0,300.0,97900.0
101,2021-10-13 04:16:35,54600.0,100.0,97600.0
102,2021-10-13 04:15:26,54600.0,100.0,97500.0
103,2021-10-13 04:15:26,54600.0,100.0,97400.0
104,2021-10-13 04:06:14,54700.0,600.0,97300.0
105,2021-10-13 04:05:44,54700.0,200.0,96700.0
106,2021-10-13 04:04:11,54700.0,300.0,96500.0
107,2021-10-13 04:00:08,54700.0,1900.0,96200.0
108,2021-10-13 03:58:48,54700.0,100.0,94300.0
109,2021-10-13 03:58:01,54700.0,400.0,94200.0
110,2021-10-13 03:57:28,54700.0,1600.0,93800.0
111,2021-10-13 03:56:52,54500.0,4400.0,92200.0
112,2021-10-13 03:56:26,54500.0,2100.0,87800.0
113,2021-10-13 03:56:26,54500.0,200.0,85700.0
114,2021-10-13 03:56:26,54500.0,100.0,85500.0
115,2021-10-13 03:56:26,54500.0,1500.0,85400.0
116,2021-10-13 03:56:26,54500.0,100.0,83900.0
117,2021-10-13 03:56:26,54500.0,2000.0,83800.0
118,2021-10-13 03:56:26,54500.0,100.0,81800.0
119,2021-10-13 03:56:26,54500.0,400.0,81700.0
120,2021-10-13 03:56:26,54500.0,1000.0,81300.0
121,2021-10-13 03:56:26,54500.0,500.0,80300.0
122,2021-10-13 03:56:26,54500.0,1000.0,79800.0
123,2021-10-13 03:56:26,54600.0,1000.0,78800.0
124,2021-10-13 03:56:26,54600.0,500.0,77800.0
125,2021-10-13 03:56:26,54600.0,1000.0,77300.0
126,2021-10-13 03:56:26,54600.0,900.0,76300.0
127,2021-10-13 03:56:26,54600.0,500.0,75400.0
128,2021-10-13 03:56:26,54600.0,200.0,74900.0
129,2021-10-13 03:56:26,54700.0,1000.0,74700.0
130,2021-10-13 03:56:26,54700.0,500.0,73700.0
131,2021-10-13 03:56:26,54700.0,500.0,73200.0
132,2021-10-13 03:56:26,54700.0,500.0,72700.0
133,2021-10-13 03:56:01,54800.0,100.0,72200.0
134,2021-10-13 03:54:40,54700.0,500.0,72100.0
135,2021-10-13 03:51:42,54700.0,400.0,71600.0
136,2021-10-13 03:50:55,54700.0,1000.0,71200.0
137,2021-10-13 03:50:22,54700.0,100.0,70200.0
138,2021-10-13 03:49:20,54800.0,1000.0,70100.0
139,2021-10-13 03:45:55,54800.0,100.0,69100.0
140,2021-10-13 03:44:32,54800.0,100.0,69000.0
141,2021-10-13 03:44:32,54800.0,2400.0,68900.0
142,2021-10-13 03:43:39,54800.0,200.0,66500.0
143,2021-10-13 03:42:37,54800.0,200.0,66300.0
144,2021-10-13 03:42:32,54900.0,100.0,66100.0
145,2021-10-13 03:42:32,54900.0,100.0,66000.0
146,2021-10-13 03:42:01,54800.0,2000.0,65900.0
147,2021-10-13 03:41:48,54800.0,200.0,63900.0
148,2021-10-13 03:40:30,54700.0,400.0,63700.0
149,2021-10-13 03:40:30,54700.0,200.0,63300.0
150,2021-10-13 03:40:30,54700.0,600.0,63100.0
151,2021-10-13 03:40:30,54700.0,1800.0,62500.0
152,2021-10-13 03:40:18,54700.0,500.0,60700.0
153,2021-10-13 03:40:04,54700.0,700.0,60200.0
154,2021-10-13 03:40:04,54700.0,500.0,59500.0
155,2021-10-13 03:40:04,54700.0,100.0,59000.0
156,2021-10-13 03:35:09,54700.0,400.0,58900.0
157,2021-10-13 03:35:09,54700.0,500.0,58500.0
158,2021-10-13 03:34:28,54800.0,1000.0,58000.0
159,2021-10-13 03:34:28,54800.0,300.0,57000.0
160,2021-10-13 03:34:28,54800.0,200.0,56700.0
161,2021-10-13 03:34:08,54900.0,300.0,56500.0
162,2021-10-13 03:33:39,54900.0,300.0,56200.0
163,2021-10-13 03:33:39,54900.0,100.0,55900.0
164,2021-10-13 03:33:39,54900.0,1000.0,55800.0
165,2021-10-13 03:33:15,54900.0,2000.0,54800.0
166,2021-10-13 03:33:03,54900.0,1000.0,52800.0
167,2021-10-13 03:32:34,54900.0,200.0,51800.0
168,2021-10-13 03:31:10,54900.0,4000.0,51600.0
169,2021-10-13 03:31:10,54900.0,1800.0,47600.0
170,2021-10-13 03:30:52,54900.0,1200.0,45800.0
171,2021-10-13 03:30:52,54900.0,1800.0,44600.0
172,2021-10-13 03:30:52,54900.0,500.0,42800.0
173,2021-10-13 03:30:22,54900.0,100.0,42300.0
174,2021-10-13 03:30:21,54900.0,1600.0,42200.0
175,2021-10-13 03:30:21,54900.0,100.0,40600.0
176,2021-10-13 03:30:21,54900.0,300.0,40500.0
177,2021-10-13 03:29:07,54900.0,1000.0,40200.0
178,2021-10-13 03:28:54,54800.0,2000.0,39200.0
179,2021-10-13 03:28:54,54800.0,1000.0,37200.0
180,2021-10-13 03:28:54,54800.0,2000.0,36200.0
181,2021-10-13 03:28:15,54900.0,600.0,34200.0
182,2021-10-13 03:27:07,54900.0,100.0,33600.0
183,2021-10-13 03:27:07,54900.0,900.0,33500.0
184,2021-10-13 03:26:31,54900.0,100.0,32600.0
185,2021-10-13 03:26:31,54900.0,100.0,32500.0
186,2021-10-13 03:25:31,54800.0,1500.0,32400.0
187,2021-10-13 03:24:49,54800.0,1000.0,30900.0
188,2021-10-13 03:24:46,54800.0,700.0,29900.0
189,2021-10-13 03:24:39,54800.0,100.0,29200.0
190,2021-10-13 03:23:49,54800.0,500.0,29100.0
191,2021-10-13 03:23:10,54900.0,1000.0,28600.0
192,2021-10-13 03:20:06,54800.0,100.0,27600.0
193,2021-10-13 03:20:06,54800.0,100.0,27500.0
194,2021-10-13 03:20:06,54800.0,100.0,27400.0
195,2021-10-13 03:19:59,54800.0,100.0,27300.0
196,2021-10-13 03:18:43,54800.0,1800.0,27200.0
197,2021-10-13 03:18:43,54800.0,200.0,25400.0
198,2021-10-13 03:17:40,54700.0,300.0,25200.0
199,2021-10-13 03:13:53,54800.0,300.0,24900.0
200,2021-10-13 03:13:53,54800.0,200.0,24600.0
201,2021-10-13 03:12:08,54800.0,100.0,24400.0
202,2021-10-13 03:12:08,54800.0,200.0,24300.0
203,2021-10-13 03:10:28,54800.0,500.0,24100.0
204,2021-10-13 03:06:54,54800.0,100.0,23600.0
205,2021-10-13 03:03:10,54800.0,900.0,23500.0
206,2021-10-13 03:02:11,54800.0,100.0,22600.0
207,2021-10-13 03:01:06,54700.0,1000.0,22500.0
208,2021-10-13 02:59:26,54500.0,200.0,21500.0
209,2021-10-13 02:59:26,54600.0,300.0,21300.0
210,2021-10-13 02:58:55,54800.0,500.0,21000.0
211,2021-10-13 02:58:37,54800.0,100.0,20500.0
212,2021-10-13 02:56:01,54700.0,100.0,20400.0
213,2021-10-13 02:56:01,54700.0,200.0,20300.0
214,2021-10-13 02:54:31,54500.0,400.0,20100.0
215,2021-10-13 02:54:24,54400.0,700.0,19700.0
216,2021-10-13 02:54:24,54400.0,1300.0,19000.0
217,2021-10-13 02:54:22,54500.0,1000.0,17700.0
218,2021-10-13 02:54:08,54500.0,100.0,16700.0
219,2021-10-13 02:52:23,54500.0,200.0,16600.0
220,2021-10-13 02:52:23,54500.0,2000.0,16400.0
221,2021-10-13 02:50:55,54500.0,1000.0,14400.0
222,2021-10-13 02:45:16,54400.0,1700.0,13400.0
223,2021-10-13 02:45:16,54400.0,200.0,11700.0
224,2021-10-13 02:45:16,54400.0,1100.0,11500.0
225,2021-10-13 02:44:32,54400.0,300.0,10400.0
226,2021-10-13 02:43:04,54400.0,300.0,10100.0
227,2021-10-13 02:40:06,54400.0,300.0,9800.0
228,2021-10-13 02:40:06,54400.0,500.0,9500.0
229,2021-10-13 02:40:06,54400.0,700.0,9000.0
230,2021-10-13 02:35:21,54500.0,300.0,8300.0
231,2021-10-13 02:34:57,54400.0,100.0,8000.0
232,2021-10-13 02:32:10,54500.0,100.0,7900.0
233,2021-10-13 02:31:58,54500.0,500.0,7800.0
234,2021-10-13 02:31:40,54500.0,100.0,7300.0
235,2021-10-13 02:31:26,54500.0,200.0,7200.0
236,2021-10-13 02:29:35,54500.0,1700.0,7000.0
237,2021-10-13 02:29:35,54500.0,100.0,5300.0
238,2021-10-13 02:28:38,54700.0,500.0,5200.0
239,2021-10-13 02:27:12,54700.0,100.0,4700.0
240,2021-10-13 02:21:55,54700.0,500.0,4600.0
241,2021-10-13 02:21:13,54700.0,200.0,4100.0
242,2021-10-13 02:20:41,54700.0,100.0,3900.0
243,2021-10-13 02:20:41,54700.0,200.0,3800.0
244,2021-10-13 02:17:51,55000.0,500.0,3600.0
245,2021-10-13 02:17:49,55000.0,100.0,3100.0
246,2021-10-13 02:17:49,55000.0,900.0,3000.0
247,2021-10-13 02:15:00,55000.0,1100.0,2100.0
248,2021-10-13 02:15:00,55000.0,800.0,1000.0
249,2021-10-13 02:15:00,55000.0,100.0,200.0
250,2021-10-13 02:15:00,55000.0,100.0,100.0
