,Time,Price,Volume_per_trade,Volume
0,2021-10-06 07:45:00,14850.0,100.0,1532700.0
1,2021-10-06 07:45:00,14850.0,200.0,1532600.0
2,2021-10-06 07:45:00,14850.0,300.0,1532400.0
3,2021-10-06 07:45:00,14850.0,200.0,1532100.0
4,2021-10-06 07:45:00,14850.0,100.0,1531900.0
5,2021-10-06 07:45:00,14850.0,900.0,1531800.0
6,2021-10-06 07:45:00,14850.0,100.0,1530900.0
7,2021-10-06 07:45:00,14850.0,200.0,1530800.0
8,2021-10-06 07:45:00,14850.0,200.0,1530600.0
9,2021-10-06 07:45:00,14850.0,100.0,1530400.0
10,2021-10-06 07:45:00,14850.0,100.0,1530300.0
11,2021-10-06 07:45:00,14850.0,100.0,1530200.0
12,2021-10-06 07:45:00,14850.0,1800.0,1530100.0
13,2021-10-06 07:45:00,14850.0,200.0,1528300.0
14,2021-10-06 07:45:00,14850.0,300.0,1528100.0
15,2021-10-06 07:45:00,14850.0,500.0,1527800.0
16,2021-10-06 07:45:00,14850.0,1000.0,1527300.0
17,2021-10-06 07:45:00,14850.0,800.0,1526300.0
18,2021-10-06 07:45:00,14850.0,200.0,1525500.0
19,2021-10-06 07:45:00,14850.0,400.0,1525300.0
20,2021-10-06 07:45:00,14850.0,4000.0,1524900.0
21,2021-10-06 07:45:00,14850.0,300.0,1520900.0
22,2021-10-06 07:45:00,14850.0,100.0,1520600.0
23,2021-10-06 07:45:00,14850.0,1900.0,1520500.0
24,2021-10-06 07:45:00,14850.0,3000.0,1518600.0
25,2021-10-06 07:45:00,14850.0,1000.0,1515600.0
26,2021-10-06 07:45:00,14850.0,100.0,1514600.0
27,2021-10-06 07:45:00,14850.0,100.0,1514500.0
28,2021-10-06 07:45:00,14850.0,900.0,1514400.0
29,2021-10-06 07:45:00,14850.0,2000.0,1513500.0
30,2021-10-06 07:45:00,14850.0,100.0,1511500.0
31,2021-10-06 07:45:00,14850.0,1000.0,1511400.0
32,2021-10-06 07:45:00,14850.0,100.0,1510400.0
33,2021-10-06 07:45:00,14850.0,800.0,1510300.0
34,2021-10-06 07:45:00,14850.0,200.0,1509500.0
35,2021-10-06 07:45:00,14850.0,1000.0,1509300.0
36,2021-10-06 07:45:00,14850.0,1000.0,1508300.0
37,2021-10-06 07:45:00,14850.0,500.0,1507300.0
38,2021-10-06 07:45:00,14850.0,500.0,1506800.0
39,2021-10-06 07:29:58,14850.0,1000.0,1506300.0
40,2021-10-06 07:29:07,14850.0,1000.0,1505300.0
41,2021-10-06 07:29:06,14850.0,3400.0,1504300.0
42,2021-10-06 07:29:06,14850.0,300.0,1500900.0
43,2021-10-06 07:29:06,14850.0,1000.0,1500600.0
44,2021-10-06 07:29:06,14850.0,4300.0,1499600.0
45,2021-10-06 07:29:05,14850.0,100.0,1495300.0
46,2021-10-06 07:28:07,14850.0,600.0,1495200.0
47,2021-10-06 07:28:07,14850.0,100.0,1494600.0
48,2021-10-06 07:28:07,14850.0,300.0,1494500.0
49,2021-10-06 07:28:07,14850.0,2000.0,1494200.0
50,2021-10-06 07:28:07,14850.0,200.0,1492200.0
51,2021-10-06 07:28:07,14850.0,1800.0,1492000.0
52,2021-10-06 07:27:44,14850.0,200.0,1490200.0
53,2021-10-06 07:27:44,14850.0,5000.0,1490000.0
54,2021-10-06 07:27:44,14850.0,500.0,1485000.0
55,2021-10-06 07:27:44,14850.0,500.0,1484500.0
56,2021-10-06 07:27:44,14850.0,1000.0,1484000.0
57,2021-10-06 07:27:44,14850.0,200.0,1483000.0
58,2021-10-06 07:27:44,14850.0,1000.0,1482800.0
59,2021-10-06 07:27:44,14850.0,10000.0,1481800.0
60,2021-10-06 07:27:44,14850.0,100.0,1471800.0
61,2021-10-06 07:27:44,14850.0,500.0,1471700.0
62,2021-10-06 07:27:44,14850.0,1000.0,1471200.0
63,2021-10-06 07:27:44,14850.0,300.0,1470200.0
64,2021-10-06 07:27:44,14850.0,100.0,1469900.0
65,2021-10-06 07:27:44,14850.0,200.0,1469800.0
66,2021-10-06 07:27:44,14850.0,5000.0,1469600.0
67,2021-10-06 07:27:44,14850.0,100.0,1464600.0
68,2021-10-06 07:27:44,14850.0,1300.0,1464500.0
69,2021-10-06 07:27:44,14850.0,500.0,1463200.0
70,2021-10-06 07:27:44,14850.0,200.0,1462700.0
71,2021-10-06 07:27:44,14850.0,1000.0,1462500.0
72,2021-10-06 07:27:44,14850.0,300.0,1461500.0
73,2021-10-06 07:27:44,14850.0,1000.0,1461200.0
74,2021-10-06 07:27:44,14850.0,500.0,1460200.0
75,2021-10-06 07:27:44,14850.0,500.0,1459700.0
76,2021-10-06 07:27:44,14850.0,100.0,1459200.0
77,2021-10-06 07:27:44,14850.0,200.0,1459100.0
78,2021-10-06 07:27:44,14850.0,1300.0,1458900.0
79,2021-10-06 07:27:44,14850.0,1900.0,1457600.0
80,2021-10-06 07:27:41,14800.0,500.0,1455700.0
81,2021-10-06 07:27:41,14800.0,400.0,1455200.0
82,2021-10-06 07:27:41,14800.0,100.0,1454800.0
83,2021-10-06 07:27:41,14800.0,500.0,1454700.0
84,2021-10-06 07:27:41,14800.0,5000.0,1454200.0
85,2021-10-06 07:27:41,14800.0,1200.0,1449200.0
86,2021-10-06 07:27:41,14800.0,1600.0,1448000.0
87,2021-10-06 07:27:41,14800.0,700.0,1446400.0
88,2021-10-06 07:27:28,14850.0,100.0,1445700.0
89,2021-10-06 07:27:09,14800.0,1000.0,1445600.0
90,2021-10-06 07:25:59,14800.0,300.0,1444600.0
91,2021-10-06 07:25:59,14800.0,400.0,1444300.0
92,2021-10-06 07:25:46,14800.0,1000.0,1443900.0
93,2021-10-06 07:25:44,14800.0,300.0,1442900.0
94,2021-10-06 07:25:44,14800.0,200.0,1442600.0
95,2021-10-06 07:25:44,14800.0,300.0,1442400.0
96,2021-10-06 07:25:44,14800.0,700.0,1442100.0
97,2021-10-06 07:25:44,14800.0,500.0,1441400.0
98,2021-10-06 07:25:44,14800.0,500.0,1440900.0
99,2021-10-06 07:25:29,14800.0,2000.0,1440400.0
100,2021-10-06 07:25:23,14800.0,800.0,1438400.0
101,2021-10-06 07:25:23,14800.0,200.0,1437600.0
102,2021-10-06 07:25:18,14750.0,100.0,1437400.0
103,2021-10-06 07:25:18,14750.0,100.0,1437300.0
104,2021-10-06 07:25:18,14750.0,800.0,1437200.0
105,2021-10-06 07:24:59,14800.0,500.0,1436400.0
106,2021-10-06 07:24:47,14800.0,300.0,1435900.0
107,2021-10-06 07:24:47,14800.0,1700.0,1435600.0
108,2021-10-06 07:24:31,14800.0,200.0,1433900.0
109,2021-10-06 07:24:25,14800.0,500.0,1433700.0
110,2021-10-06 07:24:06,14800.0,2600.0,1433200.0
111,2021-10-06 07:24:01,14800.0,100.0,1430600.0
112,2021-10-06 07:23:59,14800.0,1000.0,1430500.0
113,2021-10-06 07:23:47,14800.0,300.0,1429500.0
114,2021-10-06 07:23:47,14800.0,500.0,1429200.0
115,2021-10-06 07:23:47,14800.0,1000.0,1428700.0
116,2021-10-06 07:23:47,14800.0,500.0,1427700.0
117,2021-10-06 07:23:41,14800.0,300.0,1427200.0
118,2021-10-06 07:23:41,14800.0,300.0,1426900.0
119,2021-10-06 07:23:41,14800.0,2000.0,1426600.0
120,2021-10-06 07:23:41,14800.0,400.0,1424600.0
121,2021-10-06 07:23:39,14800.0,600.0,1424200.0
122,2021-10-06 07:23:39,14800.0,400.0,1423600.0
123,2021-10-06 07:23:13,14800.0,100.0,1423200.0
124,2021-10-06 07:23:13,14800.0,100.0,1423100.0
125,2021-10-06 07:23:03,14800.0,100.0,1423000.0
126,2021-10-06 07:22:23,14800.0,500.0,1422900.0
127,2021-10-06 07:22:19,14800.0,400.0,1422400.0
128,2021-10-06 07:22:02,14800.0,9500.0,1422000.0
129,2021-10-06 07:21:57,14800.0,2000.0,1412500.0
130,2021-10-06 07:21:54,14800.0,1000.0,1410500.0
131,2021-10-06 07:21:54,14800.0,1000.0,1409500.0
132,2021-10-06 07:21:54,14800.0,300.0,1408500.0
133,2021-10-06 07:21:54,14800.0,300.0,1408200.0
134,2021-10-06 07:21:54,14800.0,2000.0,1407900.0
135,2021-10-06 07:21:54,14800.0,1000.0,1405900.0
136,2021-10-06 07:21:54,14800.0,100.0,1404900.0
137,2021-10-06 07:21:54,14800.0,300.0,1404800.0
138,2021-10-06 07:21:54,14800.0,1000.0,1404500.0
139,2021-10-06 07:21:54,14800.0,3500.0,1403500.0
140,2021-10-06 07:21:43,14800.0,1000.0,1400000.0
141,2021-10-06 07:21:22,14800.0,500.0,1399000.0
142,2021-10-06 07:20:44,14800.0,5000.0,1398500.0
143,2021-10-06 07:20:38,14800.0,100.0,1393500.0
144,2021-10-06 07:20:38,14800.0,400.0,1393400.0
145,2021-10-06 07:20:32,14850.0,1000.0,1393000.0
146,2021-10-06 07:20:01,14800.0,600.0,1392000.0
147,2021-10-06 07:20:01,14800.0,1900.0,1391400.0
148,2021-10-06 07:19:55,14850.0,100.0,1389500.0
149,2021-10-06 07:19:55,14850.0,200.0,1389400.0
150,2021-10-06 07:19:43,14800.0,100.0,1389200.0
151,2021-10-06 07:19:40,14800.0,100.0,1389100.0
152,2021-10-06 07:19:34,14800.0,800.0,1389000.0
153,2021-10-06 07:19:29,14800.0,200.0,1388200.0
154,2021-10-06 07:19:29,14800.0,700.0,1388000.0
155,2021-10-06 07:19:29,14800.0,400.0,1387300.0
156,2021-10-06 07:19:29,14800.0,700.0,1386900.0
157,2021-10-06 07:19:11,14800.0,300.0,1386200.0
158,2021-10-06 07:19:11,14800.0,800.0,1385900.0
159,2021-10-06 07:19:11,14800.0,1000.0,1385100.0
160,2021-10-06 07:19:11,14800.0,1000.0,1384100.0
161,2021-10-06 07:19:11,14800.0,500.0,1383100.0
162,2021-10-06 07:19:11,14800.0,300.0,1382600.0
163,2021-10-06 07:19:11,14800.0,200.0,1382300.0
164,2021-10-06 07:19:11,14800.0,400.0,1382100.0
165,2021-10-06 07:19:11,14800.0,100.0,1381700.0
166,2021-10-06 07:19:11,14800.0,5000.0,1381600.0
167,2021-10-06 07:19:11,14800.0,300.0,1376600.0
168,2021-10-06 07:19:11,14800.0,1100.0,1376300.0
169,2021-10-06 07:18:54,14800.0,500.0,1375200.0
170,2021-10-06 07:18:25,14800.0,2800.0,1374700.0
171,2021-10-06 07:18:25,14800.0,200.0,1371900.0
172,2021-10-06 07:18:24,14850.0,300.0,1371700.0
173,2021-10-06 07:18:24,14850.0,1000.0,1371400.0
174,2021-10-06 07:18:24,14850.0,200.0,1370400.0
175,2021-10-06 07:18:19,14850.0,500.0,1370200.0
176,2021-10-06 07:18:19,14850.0,200.0,1369700.0
177,2021-10-06 07:18:10,14800.0,1000.0,1369500.0
178,2021-10-06 07:18:07,14850.0,500.0,1368500.0
179,2021-10-06 07:17:59,14850.0,1000.0,1368000.0
180,2021-10-06 07:17:53,14850.0,100.0,1367000.0
181,2021-10-06 07:17:43,14850.0,1000.0,1366900.0
182,2021-10-06 07:17:37,14850.0,100.0,1365900.0
183,2021-10-06 07:17:28,14850.0,100.0,1365800.0
184,2021-10-06 07:17:01,14850.0,1500.0,1365700.0
185,2021-10-06 07:16:59,14800.0,10000.0,1364200.0
186,2021-10-06 07:16:55,14800.0,2000.0,1354200.0
187,2021-10-06 07:16:50,14850.0,400.0,1352200.0
188,2021-10-06 07:16:11,14850.0,1000.0,1351800.0
189,2021-10-06 07:16:10,14850.0,100.0,1350800.0
190,2021-10-06 07:16:08,14800.0,100.0,1350700.0
191,2021-10-06 07:16:07,14800.0,600.0,1350600.0
192,2021-10-06 07:16:07,14800.0,400.0,1350000.0
193,2021-10-06 07:15:50,14800.0,100.0,1349600.0
194,2021-10-06 07:15:50,14800.0,100.0,1349500.0
195,2021-10-06 07:15:50,14800.0,300.0,1349400.0
196,2021-10-06 07:15:45,14850.0,10500.0,1349100.0
197,2021-10-06 07:15:26,14800.0,500.0,1338600.0
198,2021-10-06 07:15:16,14800.0,200.0,1338100.0
199,2021-10-06 07:15:16,14800.0,300.0,1337900.0
200,2021-10-06 07:15:09,14850.0,2000.0,1337600.0
201,2021-10-06 07:14:59,14800.0,800.0,1335600.0
202,2021-10-06 07:14:56,14800.0,5400.0,1334800.0
203,2021-10-06 07:14:56,14800.0,100.0,1329400.0
204,2021-10-06 07:14:56,14800.0,500.0,1329300.0
205,2021-10-06 07:14:56,14800.0,800.0,1328800.0
206,2021-10-06 07:14:56,14800.0,1700.0,1328000.0
207,2021-10-06 07:14:56,14800.0,100.0,1326300.0
208,2021-10-06 07:14:56,14800.0,100.0,1326200.0
209,2021-10-06 07:14:56,14800.0,1000.0,1326100.0
210,2021-10-06 07:14:56,14800.0,100.0,1325100.0
211,2021-10-06 07:14:56,14800.0,200.0,1325000.0
212,2021-10-06 07:14:44,14850.0,500.0,1324800.0
213,2021-10-06 07:14:42,14800.0,1800.0,1324300.0
214,2021-10-06 07:14:42,14800.0,400.0,1322500.0
215,2021-10-06 07:14:42,14800.0,300.0,1322100.0
216,2021-10-06 07:14:42,14800.0,2000.0,1321800.0
217,2021-10-06 07:14:42,14800.0,100.0,1319800.0
218,2021-10-06 07:14:42,14800.0,100.0,1319700.0
219,2021-10-06 07:14:42,14800.0,2000.0,1319600.0
220,2021-10-06 07:14:42,14800.0,1000.0,1317600.0
221,2021-10-06 07:14:42,14800.0,6800.0,1316600.0
222,2021-10-06 07:14:42,14800.0,200.0,1309800.0
223,2021-10-06 07:14:42,14800.0,100.0,1309600.0
224,2021-10-06 07:14:42,14800.0,500.0,1309500.0
225,2021-10-06 07:14:42,14800.0,300.0,1309000.0
226,2021-10-06 07:14:42,14800.0,1200.0,1308700.0
227,2021-10-06 07:14:42,14800.0,3200.0,1307500.0
228,2021-10-06 07:14:38,14800.0,500.0,1304300.0
229,2021-10-06 07:14:32,14850.0,1000.0,1303800.0
230,2021-10-06 07:14:17,14850.0,900.0,1302800.0
231,2021-10-06 07:14:04,14800.0,1300.0,1301900.0
232,2021-10-06 07:14:04,14800.0,8700.0,1300600.0
233,2021-10-06 07:13:08,14850.0,100.0,1291900.0
234,2021-10-06 07:13:08,14850.0,900.0,1291800.0
235,2021-10-06 07:13:05,14850.0,500.0,1290900.0
236,2021-10-06 07:13:05,14850.0,200.0,1290400.0
237,2021-10-06 07:13:05,14850.0,300.0,1290200.0
238,2021-10-06 07:12:47,14850.0,700.0,1289900.0
239,2021-10-06 07:12:47,14850.0,100.0,1289200.0
240,2021-10-06 07:12:39,14850.0,500.0,1289100.0
241,2021-10-06 07:12:27,14800.0,200.0,1288600.0
242,2021-10-06 07:12:18,14850.0,500.0,1288400.0
243,2021-10-06 07:11:54,14850.0,200.0,1287900.0
244,2021-10-06 07:11:13,14800.0,200.0,1287700.0
245,2021-10-06 07:10:53,14800.0,400.0,1287500.0
246,2021-10-06 07:10:51,14800.0,500.0,1287100.0
247,2021-10-06 07:10:51,14800.0,500.0,1286600.0
248,2021-10-06 07:10:51,14850.0,2700.0,1286100.0
249,2021-10-06 07:10:42,14800.0,200.0,1283400.0
250,2021-10-06 07:10:19,14800.0,500.0,1283200.0
251,2021-10-06 07:10:19,14800.0,300.0,1282700.0
252,2021-10-06 07:10:07,14800.0,300.0,1282400.0
253,2021-10-06 07:10:06,14800.0,100.0,1282100.0
254,2021-10-06 07:10:05,14800.0,100.0,1282000.0
255,2021-10-06 07:09:53,14800.0,500.0,1281900.0
256,2021-10-06 07:09:53,14800.0,3000.0,1281400.0
257,2021-10-06 07:09:53,14800.0,100.0,1278400.0
258,2021-10-06 07:09:53,14800.0,600.0,1278300.0
259,2021-10-06 07:09:49,14800.0,200.0,1277700.0
260,2021-10-06 07:09:45,14800.0,1000.0,1277500.0
261,2021-10-06 07:09:44,14800.0,900.0,1276500.0
262,2021-10-06 07:09:44,14800.0,100.0,1275600.0
263,2021-10-06 07:09:28,14850.0,100.0,1275500.0
264,2021-10-06 07:09:28,14800.0,100.0,1275400.0
265,2021-10-06 07:09:20,14800.0,200.0,1275300.0
266,2021-10-06 07:09:20,14800.0,500.0,1275100.0
267,2021-10-06 07:09:20,14800.0,100.0,1274600.0
268,2021-10-06 07:08:59,14800.0,3000.0,1274500.0
269,2021-10-06 07:08:59,14800.0,100.0,1271500.0
270,2021-10-06 07:08:59,14800.0,500.0,1271400.0
271,2021-10-06 07:08:59,14800.0,400.0,1270900.0
272,2021-10-06 07:08:59,14800.0,1300.0,1270500.0
273,2021-10-06 07:08:59,14750.0,100.0,1269200.0
274,2021-10-06 07:08:44,14750.0,100.0,1269100.0
275,2021-10-06 07:08:28,14800.0,1700.0,1269000.0
276,2021-10-06 07:08:28,14800.0,300.0,1267300.0
277,2021-10-06 07:08:28,14800.0,8000.0,1267000.0
278,2021-10-06 07:08:27,14800.0,4000.0,1259000.0
279,2021-10-06 07:08:08,14800.0,4000.0,1255000.0
280,2021-10-06 07:08:08,14800.0,100.0,1251000.0
281,2021-10-06 07:08:08,14800.0,500.0,1250900.0
282,2021-10-06 07:08:08,14800.0,100.0,1250400.0
283,2021-10-06 07:08:08,14800.0,1100.0,1250300.0
284,2021-10-06 07:07:57,14800.0,500.0,1249200.0
285,2021-10-06 07:07:53,14800.0,300.0,1248700.0
286,2021-10-06 07:07:47,14800.0,1000.0,1248400.0
287,2021-10-06 07:07:46,14750.0,100.0,1247400.0
288,2021-10-06 07:07:32,14750.0,500.0,1247300.0
289,2021-10-06 07:07:30,14800.0,500.0,1246800.0
290,2021-10-06 07:07:24,14800.0,1600.0,1246300.0
291,2021-10-06 07:07:24,14800.0,400.0,1244700.0
292,2021-10-06 07:07:14,14800.0,100.0,1244300.0
293,2021-10-06 07:07:08,14800.0,1900.0,1244200.0
294,2021-10-06 07:07:00,14800.0,100.0,1242300.0
295,2021-10-06 07:07:00,14800.0,100.0,1242200.0
296,2021-10-06 07:07:00,14800.0,3000.0,1242100.0
297,2021-10-06 07:07:00,14800.0,100.0,1239100.0
298,2021-10-06 07:07:00,14800.0,5000.0,1239000.0
299,2021-10-06 07:07:00,14800.0,100.0,1234000.0
300,2021-10-06 07:07:00,14800.0,1500.0,1233900.0
301,2021-10-06 07:07:00,14800.0,3200.0,1232400.0
302,2021-10-06 07:07:00,14800.0,1000.0,1229200.0
303,2021-10-06 07:06:56,14800.0,2300.0,1228200.0
304,2021-10-06 07:06:56,14800.0,2000.0,1225900.0
305,2021-10-06 07:06:56,14800.0,100.0,1223900.0
306,2021-10-06 07:06:56,14800.0,1500.0,1223800.0
307,2021-10-06 07:06:56,14800.0,4000.0,1222300.0
308,2021-10-06 07:06:56,14800.0,100.0,1218300.0
309,2021-10-06 07:06:52,14800.0,500.0,1218200.0
310,2021-10-06 07:06:28,14800.0,400.0,1217700.0
311,2021-10-06 07:06:28,14800.0,400.0,1217300.0
312,2021-10-06 07:06:12,14800.0,100.0,1216900.0
313,2021-10-06 07:06:12,14800.0,400.0,1216800.0
314,2021-10-06 07:06:10,14800.0,200.0,1216400.0
315,2021-10-06 07:05:56,14800.0,400.0,1216200.0
316,2021-10-06 07:05:56,14800.0,100.0,1215800.0
317,2021-10-06 07:05:54,14850.0,500.0,1215700.0
318,2021-10-06 07:05:25,14850.0,100.0,1215200.0
319,2021-10-06 07:05:23,14850.0,500.0,1215100.0
320,2021-10-06 07:04:50,14850.0,100.0,1214600.0
321,2021-10-06 07:04:47,14850.0,100.0,1214500.0
322,2021-10-06 07:04:45,14800.0,500.0,1214400.0
323,2021-10-06 07:04:39,14850.0,300.0,1213900.0
324,2021-10-06 07:04:36,14850.0,500.0,1213600.0
325,2021-10-06 07:04:25,14800.0,300.0,1213100.0
326,2021-10-06 07:04:16,14800.0,2100.0,1212800.0
327,2021-10-06 07:04:16,14800.0,100.0,1210700.0
328,2021-10-06 07:04:16,14800.0,100.0,1210600.0
329,2021-10-06 07:04:02,14850.0,1000.0,1210500.0
330,2021-10-06 07:03:56,14850.0,2000.0,1209500.0
331,2021-10-06 07:03:52,14800.0,200.0,1207500.0
332,2021-10-06 07:03:48,14850.0,600.0,1207300.0
333,2021-10-06 07:03:36,14850.0,200.0,1206700.0
334,2021-10-06 07:03:36,14850.0,100.0,1206500.0
335,2021-10-06 07:03:36,14850.0,100.0,1206400.0
336,2021-10-06 07:03:36,14850.0,100.0,1206300.0
337,2021-10-06 07:03:31,14850.0,400.0,1206200.0
338,2021-10-06 07:03:31,14850.0,600.0,1205800.0
339,2021-10-06 07:03:27,14850.0,400.0,1205200.0
340,2021-10-06 07:03:27,14850.0,100.0,1204800.0
341,2021-10-06 07:03:27,14850.0,1000.0,1204700.0
342,2021-10-06 07:03:27,14850.0,500.0,1203700.0
343,2021-10-06 07:03:10,14850.0,1500.0,1203200.0
344,2021-10-06 07:03:10,14850.0,100.0,1201700.0
345,2021-10-06 07:03:10,14850.0,400.0,1201600.0
346,2021-10-06 07:03:08,14800.0,200.0,1201200.0
347,2021-10-06 07:02:56,14850.0,100.0,1201000.0
348,2021-10-06 07:02:56,14850.0,3400.0,1200900.0
349,2021-10-06 07:02:56,14850.0,5000.0,1197500.0
350,2021-10-06 07:02:56,14850.0,1600.0,1192500.0
351,2021-10-06 07:02:53,14850.0,400.0,1190900.0
352,2021-10-06 07:02:53,14850.0,500.0,1190500.0
353,2021-10-06 07:02:53,14850.0,100.0,1190000.0
354,2021-10-06 07:02:40,14850.0,100.0,1189900.0
355,2021-10-06 07:02:36,14850.0,2000.0,1189800.0
356,2021-10-06 07:02:35,14800.0,10500.0,1187800.0
357,2021-10-06 07:02:35,14800.0,10000.0,1177300.0
358,2021-10-06 07:02:35,14800.0,3000.0,1167300.0
359,2021-10-06 07:02:35,14800.0,600.0,1164300.0
360,2021-10-06 07:02:35,14800.0,1000.0,1163700.0
361,2021-10-06 07:02:35,14800.0,500.0,1162700.0
362,2021-10-06 07:02:34,14850.0,1000.0,1162200.0
363,2021-10-06 07:02:30,14800.0,500.0,1161200.0
364,2021-10-06 07:02:29,14850.0,1400.0,1160700.0
365,2021-10-06 07:02:26,14850.0,1000.0,1159300.0
366,2021-10-06 07:02:21,14850.0,1000.0,1158300.0
367,2021-10-06 07:02:19,14850.0,400.0,1157300.0
368,2021-10-06 07:02:19,14850.0,100.0,1156900.0
369,2021-10-06 07:02:19,14850.0,900.0,1156800.0
370,2021-10-06 07:02:11,14850.0,1100.0,1155900.0
371,2021-10-06 07:02:11,14850.0,200.0,1154800.0
372,2021-10-06 07:02:11,14850.0,100.0,1154600.0
373,2021-10-06 07:02:11,14850.0,100.0,1154500.0
374,2021-10-06 07:02:11,14850.0,1000.0,1154400.0
375,2021-10-06 07:02:06,14800.0,300.0,1153400.0
376,2021-10-06 07:02:03,14850.0,100.0,1153100.0
377,2021-10-06 07:02:03,14850.0,300.0,1153000.0
378,2021-10-06 07:02:03,14850.0,100.0,1152700.0
379,2021-10-06 07:02:01,14850.0,400.0,1152600.0
380,2021-10-06 07:01:52,14850.0,500.0,1152200.0
381,2021-10-06 07:01:52,14850.0,5200.0,1151700.0
382,2021-10-06 07:01:52,14850.0,200.0,1146500.0
383,2021-10-06 07:01:52,14850.0,100.0,1146300.0
384,2021-10-06 07:01:52,14850.0,100.0,1146200.0
385,2021-10-06 07:01:52,14850.0,2000.0,1146100.0
386,2021-10-06 07:01:52,14850.0,2000.0,1144100.0
387,2021-10-06 07:01:52,14850.0,600.0,1142100.0
388,2021-10-06 07:01:52,14850.0,100.0,1141500.0
389,2021-10-06 07:01:52,14850.0,200.0,1141400.0
390,2021-10-06 07:01:52,14850.0,3000.0,1141200.0
391,2021-10-06 07:01:52,14850.0,100.0,1138200.0
392,2021-10-06 07:01:52,14850.0,100.0,1138100.0
393,2021-10-06 07:01:52,14850.0,1000.0,1138000.0
394,2021-10-06 07:01:52,14850.0,20000.0,1137000.0
395,2021-10-06 07:01:52,14850.0,1000.0,1117000.0
396,2021-10-06 07:01:52,14850.0,2000.0,1116000.0
397,2021-10-06 07:01:52,14850.0,200.0,1114000.0
398,2021-10-06 07:01:52,14850.0,2000.0,1113800.0
399,2021-10-06 07:01:52,14850.0,100.0,1111800.0
400,2021-10-06 07:01:52,14850.0,100.0,1111700.0
401,2021-10-06 07:01:52,14850.0,100.0,1111600.0
402,2021-10-06 07:01:52,14850.0,3000.0,1111500.0
403,2021-10-06 07:01:52,14850.0,200.0,1108500.0
404,2021-10-06 07:01:52,14850.0,200.0,1108300.0
405,2021-10-06 07:01:52,14850.0,100.0,1108100.0
406,2021-10-06 07:01:52,14850.0,500.0,1108000.0
407,2021-10-06 07:01:52,14850.0,3000.0,1107500.0
408,2021-10-06 07:01:52,14850.0,200.0,1104500.0
409,2021-10-06 07:01:52,14850.0,500.0,1104300.0
410,2021-10-06 07:01:52,14850.0,500.0,1103800.0
411,2021-10-06 07:01:52,14850.0,100.0,1103300.0
412,2021-10-06 07:01:52,14850.0,5000.0,1103200.0
413,2021-10-06 07:01:52,14850.0,100.0,1098200.0
414,2021-10-06 07:01:52,14850.0,500.0,1098100.0
415,2021-10-06 07:01:52,14850.0,5000.0,1097600.0
416,2021-10-06 07:01:52,14850.0,5000.0,1092600.0
417,2021-10-06 07:01:52,14850.0,400.0,1087600.0
418,2021-10-06 07:01:30,14800.0,400.0,1087200.0
419,2021-10-06 07:01:28,14850.0,100.0,1086800.0
420,2021-10-06 07:01:18,14800.0,300.0,1086700.0
421,2021-10-06 07:01:18,14800.0,300.0,1086400.0
422,2021-10-06 07:01:18,14800.0,100.0,1086100.0
423,2021-10-06 07:01:18,14800.0,300.0,1086000.0
424,2021-10-06 07:01:18,14800.0,100.0,1085700.0
425,2021-10-06 07:01:18,14800.0,300.0,1085600.0
426,2021-10-06 07:01:18,14800.0,1000.0,1085300.0
427,2021-10-06 07:01:18,14800.0,1000.0,1084300.0
428,2021-10-06 07:01:18,14800.0,500.0,1083300.0
429,2021-10-06 07:01:18,14800.0,100.0,1082800.0
430,2021-10-06 07:01:18,14800.0,5000.0,1082700.0
431,2021-10-06 07:01:18,14800.0,400.0,1077700.0
432,2021-10-06 07:01:18,14800.0,20000.0,1077300.0
433,2021-10-06 07:01:18,14800.0,200.0,1057300.0
434,2021-10-06 07:01:18,14800.0,1000.0,1057100.0
435,2021-10-06 07:01:18,14800.0,100.0,1056100.0
436,2021-10-06 07:01:18,14800.0,100.0,1056000.0
437,2021-10-06 07:01:18,14800.0,200.0,1055900.0
438,2021-10-06 07:01:18,14800.0,100.0,1055700.0
439,2021-10-06 07:01:18,14800.0,100.0,1055600.0
440,2021-10-06 07:01:18,14800.0,400.0,1055500.0
441,2021-10-06 07:01:18,14800.0,1000.0,1055100.0
442,2021-10-06 07:01:18,14800.0,100.0,1054100.0
443,2021-10-06 07:01:18,14800.0,200.0,1054000.0
444,2021-10-06 07:01:13,14800.0,1300.0,1053800.0
445,2021-10-06 07:01:13,14800.0,3000.0,1052500.0
446,2021-10-06 07:01:13,14800.0,200.0,1049500.0
447,2021-10-06 07:00:33,14800.0,100.0,1049300.0
448,2021-10-06 07:00:33,14800.0,100.0,1049200.0
449,2021-10-06 07:00:32,14800.0,700.0,1049100.0
450,2021-10-06 07:00:20,14800.0,1000.0,1048400.0
451,2021-10-06 07:00:20,14800.0,100.0,1047400.0
452,2021-10-06 07:00:20,14800.0,500.0,1047300.0
453,2021-10-06 07:00:20,14800.0,400.0,1046800.0
454,2021-10-06 07:00:16,14800.0,100.0,1046400.0
455,2021-10-06 07:00:16,14800.0,100.0,1046300.0
456,2021-10-06 06:59:56,14800.0,100.0,1046200.0
457,2021-10-06 06:59:56,14800.0,400.0,1046100.0
458,2021-10-06 06:59:53,14800.0,1000.0,1045700.0
459,2021-10-06 06:59:39,14750.0,100.0,1044700.0
460,2021-10-06 06:59:28,14800.0,100.0,1044600.0
461,2021-10-06 06:58:59,14750.0,800.0,1044500.0
462,2021-10-06 06:58:34,14750.0,2000.0,1043700.0
463,2021-10-06 06:58:34,14750.0,400.0,1041700.0
464,2021-10-06 06:58:34,14750.0,500.0,1041300.0
465,2021-10-06 06:58:34,14750.0,500.0,1040800.0
466,2021-10-06 06:58:34,14750.0,400.0,1040300.0
467,2021-10-06 06:58:27,14750.0,100.0,1039900.0
468,2021-10-06 06:57:42,14750.0,400.0,1039800.0
469,2021-10-06 06:57:36,14750.0,300.0,1039400.0
470,2021-10-06 06:57:35,14750.0,100.0,1039100.0
471,2021-10-06 06:57:31,14750.0,700.0,1039000.0
472,2021-10-06 06:57:31,14750.0,100.0,1038300.0
473,2021-10-06 06:57:31,14750.0,200.0,1038200.0
474,2021-10-06 06:57:30,14700.0,300.0,1038000.0
475,2021-10-06 06:57:23,14750.0,2000.0,1037700.0
476,2021-10-06 06:57:18,14750.0,1000.0,1035700.0
477,2021-10-06 06:57:13,14750.0,300.0,1034700.0
478,2021-10-06 06:57:09,14750.0,3000.0,1034400.0
479,2021-10-06 06:57:04,14750.0,1000.0,1031400.0
480,2021-10-06 06:57:04,14750.0,1000.0,1030400.0
481,2021-10-06 06:57:04,14750.0,500.0,1029400.0
482,2021-10-06 06:56:59,14750.0,100.0,1028900.0
483,2021-10-06 06:56:51,14750.0,200.0,1028800.0
484,2021-10-06 06:56:47,14750.0,100.0,1028600.0
485,2021-10-06 06:56:47,14750.0,100.0,1028500.0
486,2021-10-06 06:56:44,14750.0,100.0,1028400.0
487,2021-10-06 06:56:44,14750.0,100.0,1028300.0
488,2021-10-06 06:56:44,14750.0,200.0,1028200.0
489,2021-10-06 06:56:39,14750.0,100.0,1028000.0
490,2021-10-06 06:56:36,14750.0,1000.0,1027900.0
491,2021-10-06 06:56:36,14750.0,2000.0,1026900.0
492,2021-10-06 06:56:32,14750.0,700.0,1024900.0
493,2021-10-06 06:56:31,14750.0,1500.0,1024200.0
494,2021-10-06 06:56:30,14750.0,100.0,1022700.0
495,2021-10-06 06:56:28,14750.0,700.0,1022600.0
496,2021-10-06 06:56:28,14750.0,500.0,1021900.0
497,2021-10-06 06:56:28,14750.0,100.0,1021400.0
498,2021-10-06 06:56:28,14750.0,100.0,1021300.0
499,2021-10-06 06:56:17,14750.0,100.0,1021200.0
500,2021-10-06 06:56:08,14750.0,200.0,1021100.0
501,2021-10-06 06:55:52,14750.0,100.0,1020900.0
502,2021-10-06 06:55:30,14700.0,500.0,1020800.0
503,2021-10-06 06:55:30,14700.0,1000.0,1020300.0
504,2021-10-06 06:55:29,14700.0,300.0,1019300.0
505,2021-10-06 06:55:27,14700.0,100.0,1019000.0
506,2021-10-06 06:55:21,14700.0,1000.0,1018900.0
507,2021-10-06 06:55:21,14700.0,300.0,1017900.0
508,2021-10-06 06:55:19,14700.0,1000.0,1017600.0
509,2021-10-06 06:55:17,14700.0,200.0,1016600.0
510,2021-10-06 06:55:15,14700.0,2000.0,1016400.0
511,2021-10-06 06:55:11,14700.0,100.0,1014400.0
512,2021-10-06 06:55:10,14700.0,300.0,1014300.0
513,2021-10-06 06:55:05,14700.0,200.0,1014000.0
514,2021-10-06 06:54:54,14700.0,400.0,1013800.0
515,2021-10-06 06:54:51,14700.0,1500.0,1013400.0
516,2021-10-06 06:54:49,14700.0,500.0,1011900.0
517,2021-10-06 06:54:40,14700.0,1000.0,1011400.0
518,2021-10-06 06:54:39,14700.0,200.0,1010400.0
519,2021-10-06 06:54:30,14700.0,200.0,1010200.0
520,2021-10-06 06:54:30,14700.0,800.0,1010000.0
521,2021-10-06 06:54:27,14700.0,300.0,1009200.0
522,2021-10-06 06:54:27,14700.0,200.0,1008900.0
523,2021-10-06 06:54:27,14700.0,100.0,1008700.0
524,2021-10-06 06:54:26,14700.0,3000.0,1008600.0
525,2021-10-06 06:54:25,14700.0,500.0,1005600.0
526,2021-10-06 06:54:25,14700.0,500.0,1005100.0
527,2021-10-06 06:54:10,14700.0,500.0,1004600.0
528,2021-10-06 06:54:10,14700.0,500.0,1004100.0
529,2021-10-06 06:54:02,14700.0,100.0,1003600.0
530,2021-10-06 06:54:02,14700.0,100.0,1003500.0
531,2021-10-06 06:54:00,14700.0,100.0,1003400.0
532,2021-10-06 06:53:59,14700.0,300.0,1003300.0
533,2021-10-06 06:53:53,14700.0,100.0,1003000.0
534,2021-10-06 06:53:53,14700.0,100.0,1002900.0
535,2021-10-06 06:53:46,14700.0,100.0,1002800.0
536,2021-10-06 06:53:46,14700.0,500.0,1002700.0
537,2021-10-06 06:53:46,14700.0,300.0,1002200.0
538,2021-10-06 06:53:46,14700.0,100.0,1001900.0
539,2021-10-06 06:53:41,14700.0,200.0,1001800.0
540,2021-10-06 06:53:41,14700.0,200.0,1001600.0
541,2021-10-06 06:53:41,14700.0,1000.0,1001400.0
542,2021-10-06 06:53:41,14700.0,1000.0,1000400.0
543,2021-10-06 06:53:41,14700.0,500.0,999400.0
544,2021-10-06 06:53:41,14700.0,500.0,998900.0
545,2021-10-06 06:53:15,14650.0,100.0,998400.0
546,2021-10-06 06:53:15,14650.0,100.0,998300.0
547,2021-10-06 06:53:15,14650.0,300.0,998200.0
548,2021-10-06 06:53:07,14650.0,700.0,997900.0
549,2021-10-06 06:53:00,14650.0,1000.0,997200.0
550,2021-10-06 06:52:58,14650.0,3300.0,996200.0
551,2021-10-06 06:52:58,14650.0,100.0,992900.0
552,2021-10-06 06:52:58,14650.0,1600.0,992800.0
553,2021-10-06 06:52:52,14650.0,1400.0,991200.0
554,2021-10-06 06:52:52,14650.0,100.0,989800.0
555,2021-10-06 06:52:44,14650.0,100.0,989700.0
556,2021-10-06 06:52:44,14650.0,100.0,989600.0
557,2021-10-06 06:52:44,14650.0,500.0,989500.0
558,2021-10-06 06:52:44,14650.0,200.0,989000.0
559,2021-10-06 06:52:44,14650.0,900.0,988800.0
560,2021-10-06 06:52:40,14650.0,200.0,987900.0
561,2021-10-06 06:52:29,14650.0,900.0,987700.0
562,2021-10-06 06:52:29,14650.0,2000.0,986800.0
563,2021-10-06 06:52:27,14650.0,100.0,984800.0
564,2021-10-06 06:52:23,14600.0,200.0,984700.0
565,2021-10-06 06:52:20,14650.0,400.0,984500.0
566,2021-10-06 06:52:20,14650.0,100.0,984100.0
567,2021-10-06 06:52:04,14600.0,1000.0,984000.0
568,2021-10-06 06:52:04,14600.0,1000.0,983000.0
569,2021-10-06 06:52:04,14600.0,2000.0,982000.0
570,2021-10-06 06:52:04,14600.0,1000.0,980000.0
571,2021-10-06 06:52:04,14600.0,1000.0,979000.0
572,2021-10-06 06:52:04,14600.0,1600.0,978000.0
573,2021-10-06 06:52:03,14600.0,800.0,976400.0
574,2021-10-06 06:52:01,14600.0,100.0,975600.0
575,2021-10-06 06:51:58,14600.0,500.0,975500.0
576,2021-10-06 06:51:56,14600.0,300.0,975000.0
577,2021-10-06 06:51:56,14600.0,4700.0,974700.0
578,2021-10-06 06:51:54,14600.0,100.0,970000.0
579,2021-10-06 06:51:50,14600.0,200.0,969900.0
580,2021-10-06 06:51:50,14600.0,800.0,969700.0
581,2021-10-06 06:51:49,14600.0,200.0,968900.0
582,2021-10-06 06:51:49,14600.0,100.0,968700.0
583,2021-10-06 06:51:49,14600.0,300.0,968600.0
584,2021-10-06 06:51:49,14600.0,400.0,968300.0
585,2021-10-06 06:51:41,14600.0,400.0,967900.0
586,2021-10-06 06:51:41,14600.0,400.0,967500.0
587,2021-10-06 06:51:41,14600.0,2200.0,967100.0
588,2021-10-06 06:51:29,14600.0,500.0,964900.0
589,2021-10-06 06:51:24,14600.0,1000.0,964400.0
590,2021-10-06 06:51:18,14600.0,1000.0,963400.0
591,2021-10-06 06:51:14,14600.0,1500.0,962400.0
592,2021-10-06 06:51:11,14600.0,1000.0,960900.0
593,2021-10-06 06:51:08,14600.0,1100.0,959900.0
594,2021-10-06 06:51:08,14600.0,300.0,958800.0
595,2021-10-06 06:51:03,14600.0,1000.0,958500.0
596,2021-10-06 06:51:03,14600.0,300.0,957500.0
597,2021-10-06 06:50:57,14600.0,200.0,957200.0
598,2021-10-06 06:50:51,14600.0,500.0,957000.0
599,2021-10-06 06:50:49,14600.0,500.0,956500.0
600,2021-10-06 06:50:40,14600.0,400.0,956000.0
601,2021-10-06 06:50:33,14600.0,4500.0,955600.0
602,2021-10-06 06:50:33,14600.0,400.0,951100.0
603,2021-10-06 06:50:33,14600.0,100.0,950700.0
604,2021-10-06 06:50:28,14600.0,100.0,950600.0
605,2021-10-06 06:50:17,14600.0,500.0,950500.0
606,2021-10-06 06:50:17,14600.0,1000.0,950000.0
607,2021-10-06 06:49:49,14600.0,500.0,949000.0
608,2021-10-06 06:49:39,14600.0,1500.0,948500.0
609,2021-10-06 06:49:39,14600.0,600.0,947000.0
610,2021-10-06 06:48:58,14550.0,500.0,946400.0
611,2021-10-06 06:48:58,14550.0,200.0,945900.0
612,2021-10-06 06:48:47,14550.0,1000.0,945700.0
613,2021-10-06 06:48:36,14500.0,1800.0,944700.0
614,2021-10-06 06:48:36,14500.0,100.0,942900.0
615,2021-10-06 06:48:36,14500.0,800.0,942800.0
616,2021-10-06 06:48:36,14500.0,1000.0,942000.0
617,2021-10-06 06:48:36,14500.0,1100.0,941000.0
618,2021-10-06 06:48:36,14550.0,4800.0,939900.0
619,2021-10-06 06:48:36,14550.0,100.0,935100.0
620,2021-10-06 06:48:36,14550.0,500.0,935000.0
621,2021-10-06 06:48:36,14550.0,1600.0,934500.0
622,2021-10-06 06:48:36,14550.0,1000.0,932900.0
623,2021-10-06 06:48:36,14550.0,5000.0,931900.0
624,2021-10-06 06:48:36,14550.0,100.0,926900.0
625,2021-10-06 06:48:36,14550.0,1000.0,926800.0
626,2021-10-06 06:48:36,14550.0,100.0,925800.0
627,2021-10-06 06:48:36,14550.0,400.0,925700.0
628,2021-10-06 06:48:36,14550.0,100.0,925300.0
629,2021-10-06 06:48:36,14550.0,500.0,925200.0
630,2021-10-06 06:48:31,14600.0,400.0,924700.0
631,2021-10-06 06:48:31,14600.0,200.0,924300.0
632,2021-10-06 06:48:31,14600.0,2300.0,924100.0
633,2021-10-06 06:48:29,14600.0,200.0,921800.0
634,2021-10-06 06:48:28,14600.0,100.0,921600.0
635,2021-10-06 06:48:19,14600.0,400.0,921500.0
636,2021-10-06 06:48:19,14600.0,10000.0,921100.0
637,2021-10-06 06:48:19,14600.0,500.0,911100.0
638,2021-10-06 06:48:19,14600.0,100.0,910600.0
639,2021-10-06 06:48:19,14600.0,200.0,910500.0
640,2021-10-06 06:48:19,14600.0,100.0,910300.0
641,2021-10-06 06:48:19,14600.0,300.0,910200.0
642,2021-10-06 06:48:19,14600.0,200.0,909900.0
643,2021-10-06 06:48:19,14600.0,200.0,909700.0
644,2021-10-06 06:48:19,14600.0,100.0,909500.0
645,2021-10-06 06:48:19,14600.0,300.0,909400.0
646,2021-10-06 06:48:19,14600.0,200.0,909100.0
647,2021-10-06 06:48:19,14600.0,2000.0,908900.0
648,2021-10-06 06:48:19,14600.0,5400.0,906900.0
649,2021-10-06 06:46:30,14550.0,800.0,901500.0
650,2021-10-06 06:46:30,14550.0,200.0,900700.0
651,2021-10-06 06:46:28,14550.0,300.0,900500.0
652,2021-10-06 06:46:28,14550.0,100.0,900200.0
653,2021-10-06 06:46:28,14550.0,600.0,900100.0
654,2021-10-06 06:46:06,14550.0,900.0,899500.0
655,2021-10-06 06:46:06,14550.0,100.0,898600.0
656,2021-10-06 06:46:00,14550.0,500.0,898500.0
657,2021-10-06 06:45:41,14550.0,400.0,898000.0
658,2021-10-06 06:45:35,14550.0,100.0,897600.0
659,2021-10-06 06:45:35,14550.0,2900.0,897500.0
660,2021-10-06 06:45:35,14550.0,500.0,894600.0
661,2021-10-06 06:45:35,14550.0,500.0,894100.0
662,2021-10-06 06:45:35,14550.0,2000.0,893600.0
663,2021-10-06 06:45:35,14550.0,3000.0,891600.0
664,2021-10-06 06:45:35,14550.0,1000.0,888600.0
665,2021-10-06 06:45:14,14550.0,400.0,887600.0
666,2021-10-06 06:44:31,14500.0,200.0,887200.0
667,2021-10-06 06:44:31,14500.0,300.0,887000.0
668,2021-10-06 06:44:11,14500.0,700.0,886700.0
669,2021-10-06 06:44:11,14500.0,300.0,886000.0
670,2021-10-06 06:44:10,14550.0,300.0,885700.0
671,2021-10-06 06:43:50,14550.0,500.0,885400.0
672,2021-10-06 06:43:44,14550.0,2000.0,884900.0
673,2021-10-06 06:43:34,14550.0,1000.0,882900.0
674,2021-10-06 06:43:28,14550.0,800.0,881900.0
675,2021-10-06 06:42:47,14550.0,1300.0,881100.0
676,2021-10-06 06:42:38,14550.0,300.0,879800.0
677,2021-10-06 06:42:28,14550.0,100.0,879500.0
678,2021-10-06 06:42:25,14550.0,100.0,879400.0
679,2021-10-06 06:42:07,14550.0,3000.0,879300.0
680,2021-10-06 06:41:51,14550.0,900.0,876300.0
681,2021-10-06 06:41:51,14550.0,100.0,875400.0
682,2021-10-06 06:41:06,14550.0,900.0,875300.0
683,2021-10-06 06:41:06,14550.0,100.0,874400.0
684,2021-10-06 06:41:04,14500.0,1200.0,874300.0
685,2021-10-06 06:41:04,14500.0,100.0,873100.0
686,2021-10-06 06:41:04,14500.0,300.0,873000.0
687,2021-10-06 06:41:04,14500.0,200.0,872700.0
688,2021-10-06 06:41:04,14500.0,100.0,872500.0
689,2021-10-06 06:41:04,14500.0,100.0,872400.0
690,2021-10-06 06:39:57,14500.0,1100.0,872300.0
691,2021-10-06 06:39:42,14500.0,1000.0,871200.0
692,2021-10-06 06:39:41,14500.0,500.0,870200.0
693,2021-10-06 06:39:40,14500.0,1000.0,869700.0
694,2021-10-06 06:39:35,14500.0,300.0,868700.0
695,2021-10-06 06:39:33,14500.0,100.0,868400.0
696,2021-10-06 06:39:33,14500.0,400.0,868300.0
697,2021-10-06 06:39:32,14500.0,100.0,867900.0
698,2021-10-06 06:39:31,14500.0,1600.0,867800.0
699,2021-10-06 06:39:24,14500.0,500.0,866200.0
700,2021-10-06 06:39:23,14500.0,500.0,865700.0
701,2021-10-06 06:39:22,14500.0,100.0,865200.0
702,2021-10-06 06:39:16,14500.0,5100.0,865100.0
703,2021-10-06 06:39:09,14500.0,1000.0,860000.0
704,2021-10-06 06:39:09,14500.0,1200.0,859000.0
705,2021-10-06 06:39:09,14500.0,500.0,857800.0
706,2021-10-06 06:39:09,14500.0,300.0,857300.0
707,2021-10-06 06:39:09,14500.0,200.0,857000.0
708,2021-10-06 06:39:09,14500.0,100.0,856800.0
709,2021-10-06 06:39:09,14500.0,1000.0,856700.0
710,2021-10-06 06:39:09,14500.0,200.0,855700.0
711,2021-10-06 06:39:09,14500.0,1000.0,855500.0
712,2021-10-06 06:39:09,14500.0,100.0,854500.0
713,2021-10-06 06:39:09,14550.0,1400.0,854400.0
714,2021-10-06 06:39:09,14550.0,4700.0,853000.0
715,2021-10-06 06:38:55,14500.0,1000.0,848300.0
716,2021-10-06 06:38:55,14500.0,1000.0,847300.0
717,2021-10-06 06:38:49,14600.0,14600.0,846300.0
718,2021-10-06 06:38:49,14600.0,100.0,831700.0
719,2021-10-06 06:38:49,14600.0,1200.0,831600.0
720,2021-10-06 06:38:49,14600.0,1200.0,830400.0
721,2021-10-06 06:38:49,14600.0,1000.0,829200.0
722,2021-10-06 06:38:49,14600.0,1000.0,828200.0
723,2021-10-06 06:38:49,14600.0,100.0,827200.0
724,2021-10-06 06:38:49,14600.0,500.0,827100.0
725,2021-10-06 06:38:49,14550.0,300.0,826600.0
726,2021-10-06 06:38:32,14500.0,100.0,826300.0
727,2021-10-06 06:38:30,14550.0,700.0,826200.0
728,2021-10-06 06:38:30,14550.0,200.0,825500.0
729,2021-10-06 06:38:30,14550.0,100.0,825300.0
730,2021-10-06 06:38:15,14500.0,800.0,825200.0
731,2021-10-06 06:38:11,14500.0,2000.0,824400.0
732,2021-10-06 06:37:44,14500.0,100.0,822400.0
733,2021-10-06 06:37:44,14500.0,300.0,822300.0
734,2021-10-06 06:37:44,14500.0,500.0,822000.0
735,2021-10-06 06:37:44,14500.0,100.0,821500.0
736,2021-10-06 06:37:44,14500.0,200.0,821400.0
737,2021-10-06 06:37:44,14500.0,700.0,821200.0
738,2021-10-06 06:37:44,14500.0,100.0,820500.0
739,2021-10-06 06:37:44,14500.0,1400.0,820400.0
740,2021-10-06 06:37:44,14500.0,700.0,819000.0
741,2021-10-06 06:37:42,14500.0,1000.0,818300.0
742,2021-10-06 06:37:42,14500.0,1000.0,817300.0
743,2021-10-06 06:37:38,14500.0,2000.0,816300.0
744,2021-10-06 06:37:37,14500.0,3200.0,814300.0
745,2021-10-06 06:37:37,14500.0,700.0,811100.0
746,2021-10-06 06:37:37,14500.0,1100.0,810400.0
747,2021-10-06 06:37:34,14500.0,900.0,809300.0
748,2021-10-06 06:37:34,14500.0,300.0,808400.0
749,2021-10-06 06:37:34,14500.0,100.0,808100.0
750,2021-10-06 06:37:34,14500.0,100.0,808000.0
751,2021-10-06 06:37:34,14500.0,500.0,807900.0
752,2021-10-06 06:37:34,14500.0,300.0,807400.0
753,2021-10-06 06:37:34,14500.0,200.0,807100.0
754,2021-10-06 06:37:34,14500.0,300.0,806900.0
755,2021-10-06 06:37:34,14500.0,300.0,806600.0
756,2021-10-06 06:37:34,14500.0,100.0,806300.0
757,2021-10-06 06:37:34,14500.0,400.0,806200.0
758,2021-10-06 06:37:34,14500.0,100.0,805800.0
759,2021-10-06 06:37:34,14500.0,200.0,805700.0
760,2021-10-06 06:37:34,14500.0,100.0,805500.0
761,2021-10-06 06:37:34,14500.0,200.0,805400.0
762,2021-10-06 06:37:34,14500.0,100.0,805200.0
763,2021-10-06 06:37:34,14500.0,200.0,805100.0
764,2021-10-06 06:37:34,14500.0,500.0,804900.0
765,2021-10-06 06:37:34,14500.0,500.0,804400.0
766,2021-10-06 06:37:34,14500.0,6500.0,803900.0
767,2021-10-06 06:37:34,14500.0,100.0,797400.0
768,2021-10-06 06:37:34,14500.0,500.0,797300.0
769,2021-10-06 06:37:34,14500.0,2500.0,796800.0
770,2021-10-06 06:37:29,14500.0,200.0,794300.0
771,2021-10-06 06:37:22,14500.0,5000.0,794100.0
772,2021-10-06 06:37:13,14500.0,2000.0,789100.0
773,2021-10-06 06:36:57,14500.0,300.0,787100.0
774,2021-10-06 06:36:57,14500.0,2000.0,786800.0
775,2021-10-06 06:36:57,14500.0,200.0,784800.0
776,2021-10-06 06:36:57,14500.0,500.0,784600.0
777,2021-10-06 06:36:57,14500.0,100.0,784100.0
778,2021-10-06 06:36:57,14500.0,500.0,784000.0
779,2021-10-06 06:36:57,14500.0,1900.0,783500.0
780,2021-10-06 06:36:57,14500.0,100.0,781600.0
781,2021-10-06 06:36:57,14500.0,200.0,781500.0
782,2021-10-06 06:36:57,14500.0,300.0,781300.0
783,2021-10-06 06:36:57,14500.0,200.0,781000.0
784,2021-10-06 06:36:57,14500.0,100.0,780800.0
785,2021-10-06 06:36:57,14500.0,100.0,780700.0
786,2021-10-06 06:36:57,14500.0,2000.0,780600.0
787,2021-10-06 06:36:57,14500.0,2000.0,778600.0
788,2021-10-06 06:36:57,14500.0,1000.0,776600.0
789,2021-10-06 06:36:57,14500.0,500.0,775600.0
790,2021-10-06 06:36:57,14500.0,4600.0,775100.0
791,2021-10-06 06:36:42,14500.0,800.0,770500.0
792,2021-10-06 06:36:42,14500.0,100.0,769700.0
793,2021-10-06 06:36:42,14500.0,100.0,769600.0
794,2021-10-06 06:36:42,14500.0,1000.0,769500.0
795,2021-10-06 06:36:40,14450.0,100.0,768500.0
796,2021-10-06 06:36:34,14450.0,100.0,768400.0
797,2021-10-06 06:36:34,14450.0,300.0,768300.0
798,2021-10-06 06:36:34,14450.0,100.0,768000.0
799,2021-10-06 06:36:12,14450.0,200.0,767900.0
800,2021-10-06 06:36:12,14450.0,300.0,767700.0
801,2021-10-06 06:35:47,14450.0,100.0,767400.0
802,2021-10-06 06:35:39,14450.0,100.0,767300.0
803,2021-10-06 06:35:36,14450.0,1000.0,767200.0
804,2021-10-06 06:35:35,14450.0,300.0,766200.0
805,2021-10-06 06:35:35,14450.0,700.0,765900.0
806,2021-10-06 06:35:30,14450.0,100.0,765200.0
807,2021-10-06 06:34:30,14450.0,500.0,765100.0
808,2021-10-06 06:34:16,14450.0,900.0,764600.0
809,2021-10-06 06:34:11,14500.0,500.0,763700.0
810,2021-10-06 06:33:02,14450.0,100.0,763200.0
811,2021-10-06 06:32:39,14450.0,1000.0,763100.0
812,2021-10-06 06:32:36,14450.0,100.0,762100.0
813,2021-10-06 06:32:25,14450.0,400.0,762000.0
814,2021-10-06 06:32:25,14450.0,100.0,761600.0
815,2021-10-06 06:32:25,14450.0,100.0,761500.0
816,2021-10-06 06:32:25,14450.0,100.0,761400.0
817,2021-10-06 06:32:25,14450.0,300.0,761300.0
818,2021-10-06 06:32:15,14450.0,200.0,761000.0
819,2021-10-06 06:32:15,14450.0,1000.0,760800.0
820,2021-10-06 06:32:15,14450.0,600.0,759800.0
821,2021-10-06 06:32:15,14450.0,700.0,759200.0
822,2021-10-06 06:32:11,14450.0,2300.0,758500.0
823,2021-10-06 06:32:11,14450.0,500.0,756200.0
824,2021-10-06 06:32:11,14450.0,100.0,755700.0
825,2021-10-06 06:32:11,14450.0,100.0,755600.0
826,2021-10-06 06:32:02,14400.0,3500.0,755500.0
827,2021-10-06 06:32:02,14400.0,500.0,752000.0
828,2021-10-06 06:32:02,14400.0,100.0,751500.0
829,2021-10-06 06:32:02,14400.0,500.0,751400.0
830,2021-10-06 06:32:02,14400.0,700.0,750900.0
831,2021-10-06 06:32:02,14400.0,200.0,750200.0
832,2021-10-06 06:32:02,14400.0,3400.0,750000.0
833,2021-10-06 06:32:02,14400.0,200.0,746600.0
834,2021-10-06 06:32:02,14400.0,200.0,746400.0
835,2021-10-06 06:32:02,14400.0,700.0,746200.0
836,2021-10-06 06:32:02,14400.0,1000.0,745500.0
837,2021-10-06 06:32:02,14400.0,500.0,744500.0
838,2021-10-06 06:32:02,14400.0,100.0,744000.0
839,2021-10-06 06:32:02,14400.0,1000.0,743900.0
840,2021-10-06 06:32:02,14400.0,200.0,742900.0
841,2021-10-06 06:32:02,14400.0,500.0,742700.0
842,2021-10-06 06:32:02,14400.0,100.0,742200.0
843,2021-10-06 06:32:02,14400.0,100.0,742100.0
844,2021-10-06 06:32:02,14400.0,1900.0,742000.0
845,2021-10-06 06:31:55,14400.0,100.0,740100.0
846,2021-10-06 06:31:55,14400.0,200.0,740000.0
847,2021-10-06 06:31:55,14400.0,500.0,739800.0
848,2021-10-06 06:31:55,14400.0,500.0,739300.0
849,2021-10-06 06:31:55,14400.0,1000.0,738800.0
850,2021-10-06 06:31:55,14400.0,700.0,737800.0
851,2021-10-06 06:31:33,14400.0,1300.0,737100.0
852,2021-10-06 06:31:33,14400.0,1000.0,735800.0
853,2021-10-06 06:31:33,14400.0,1700.0,734800.0
854,2021-10-06 06:30:34,14350.0,700.0,733100.0
855,2021-10-06 06:29:47,14350.0,700.0,732400.0
856,2021-10-06 06:29:47,14350.0,100.0,731700.0
857,2021-10-06 06:29:47,14350.0,200.0,731600.0
858,2021-10-06 06:27:16,14400.0,500.0,731400.0
859,2021-10-06 06:27:09,14350.0,2800.0,730900.0
860,2021-10-06 06:27:09,14350.0,600.0,728100.0
861,2021-10-06 06:27:09,14350.0,100.0,727500.0
862,2021-10-06 06:27:09,14350.0,1500.0,727400.0
863,2021-10-06 06:27:04,14400.0,500.0,725900.0
864,2021-10-06 06:26:50,14350.0,3500.0,725400.0
865,2021-10-06 06:26:50,14350.0,100.0,721900.0
866,2021-10-06 06:26:50,14350.0,100.0,721800.0
867,2021-10-06 06:26:50,14350.0,100.0,721700.0
868,2021-10-06 06:26:50,14350.0,100.0,721600.0
869,2021-10-06 06:26:50,14350.0,100.0,721500.0
870,2021-10-06 06:26:45,14400.0,300.0,721400.0
871,2021-10-06 06:26:34,14400.0,600.0,721100.0
872,2021-10-06 06:26:34,14400.0,1000.0,720500.0
873,2021-10-06 06:26:34,14400.0,500.0,719500.0
874,2021-10-06 06:26:34,14400.0,2200.0,719000.0
875,2021-10-06 06:26:34,14400.0,1900.0,716800.0
876,2021-10-06 06:26:03,14400.0,2100.0,714900.0
877,2021-10-06 06:25:26,14400.0,100.0,712800.0
878,2021-10-06 06:23:46,14350.0,2000.0,712700.0
879,2021-10-06 06:23:46,14350.0,500.0,710700.0
880,2021-10-06 06:23:46,14350.0,100.0,710200.0
881,2021-10-06 06:23:46,14350.0,1000.0,710100.0
882,2021-10-06 06:23:46,14350.0,500.0,709100.0
883,2021-10-06 06:23:46,14350.0,1500.0,708600.0
884,2021-10-06 06:23:46,14350.0,300.0,707100.0
885,2021-10-06 06:23:46,14350.0,200.0,706800.0
886,2021-10-06 06:23:46,14350.0,100.0,706600.0
887,2021-10-06 06:23:46,14350.0,100.0,706500.0
888,2021-10-06 06:23:46,14350.0,2000.0,706400.0
889,2021-10-06 06:23:46,14350.0,20000.0,704400.0
890,2021-10-06 06:23:46,14350.0,19300.0,684400.0
891,2021-10-06 06:23:43,14350.0,100.0,665100.0
892,2021-10-06 06:22:25,14300.0,400.0,665000.0
893,2021-10-06 06:22:25,14300.0,400.0,664600.0
894,2021-10-06 06:21:44,14300.0,1000.0,664200.0
895,2021-10-06 06:21:17,14300.0,100.0,663200.0
896,2021-10-06 06:20:36,14300.0,1000.0,663100.0
897,2021-10-06 06:20:36,14300.0,500.0,662100.0
898,2021-10-06 06:20:36,14300.0,1500.0,661600.0
899,2021-10-06 06:20:36,14300.0,100.0,660100.0
900,2021-10-06 06:20:36,14300.0,100.0,660000.0
901,2021-10-06 06:20:36,14300.0,2000.0,659900.0
902,2021-10-06 06:20:36,14300.0,500.0,657900.0
903,2021-10-06 06:20:34,14350.0,100.0,657400.0
904,2021-10-06 06:18:11,14350.0,2000.0,657300.0
905,2021-10-06 06:17:34,14300.0,500.0,655300.0
906,2021-10-06 06:17:12,14300.0,100.0,654800.0
907,2021-10-06 06:17:12,14300.0,200.0,654700.0
908,2021-10-06 06:15:40,14300.0,200.0,654500.0
909,2021-10-06 06:15:11,14300.0,100.0,654300.0
910,2021-10-06 06:15:11,14300.0,100.0,654200.0
911,2021-10-06 06:15:11,14300.0,400.0,654100.0
912,2021-10-06 06:12:41,14300.0,4600.0,653700.0
913,2021-10-06 06:12:41,14300.0,5400.0,649100.0
914,2021-10-06 06:10:47,14300.0,500.0,643700.0
915,2021-10-06 06:10:42,14300.0,100.0,643200.0
916,2021-10-06 06:09:50,14300.0,900.0,643100.0
917,2021-10-06 06:09:50,14300.0,500.0,642200.0
918,2021-10-06 06:08:58,14300.0,500.0,641700.0
919,2021-10-06 06:08:58,14300.0,500.0,641200.0
920,2021-10-06 06:08:21,14300.0,100.0,640700.0
921,2021-10-06 06:07:55,14300.0,1500.0,640600.0
922,2021-10-06 06:07:51,14300.0,1000.0,639100.0
923,2021-10-06 06:06:51,14300.0,300.0,638100.0
924,2021-10-06 06:06:31,14300.0,400.0,637800.0
925,2021-10-06 06:05:19,14300.0,100.0,637400.0
926,2021-10-06 06:04:45,14300.0,400.0,637300.0
927,2021-10-06 06:01:52,14300.0,700.0,636900.0
928,2021-10-06 06:01:52,14300.0,500.0,636200.0
929,2021-10-06 06:01:01,14300.0,300.0,635700.0
930,2021-10-06 06:01:01,14300.0,100.0,635400.0
931,2021-10-06 06:01:01,14300.0,1000.0,635300.0
932,2021-10-06 06:01:01,14300.0,500.0,634300.0
933,2021-10-06 06:01:01,14300.0,100.0,633800.0
934,2021-10-06 06:00:21,14300.0,200.0,633700.0
935,2021-10-06 06:00:21,14300.0,100.0,633500.0
936,2021-10-06 06:00:09,14250.0,500.0,633400.0
937,2021-10-06 06:00:09,14250.0,1000.0,632900.0
938,2021-10-06 06:00:01,14300.0,5000.0,631900.0
939,2021-10-06 06:00:01,14250.0,500.0,626900.0
940,2021-10-06 04:29:56,14250.0,500.0,626400.0
941,2021-10-06 04:26:40,14250.0,200.0,625900.0
942,2021-10-06 04:26:40,14250.0,3000.0,625700.0
943,2021-10-06 04:26:40,14250.0,100.0,622700.0
944,2021-10-06 04:26:40,14250.0,1700.0,622600.0
945,2021-10-06 04:25:39,14250.0,300.0,620900.0
946,2021-10-06 04:24:57,14250.0,200.0,620600.0
947,2021-10-06 04:23:20,14250.0,400.0,620400.0
948,2021-10-06 04:23:20,14250.0,100.0,620000.0
949,2021-10-06 04:22:03,14250.0,500.0,619900.0
950,2021-10-06 04:22:03,14250.0,500.0,619400.0
951,2021-10-06 04:22:03,14250.0,100.0,618900.0
952,2021-10-06 04:22:03,14250.0,2000.0,618800.0
953,2021-10-06 04:22:03,14250.0,1800.0,616800.0
954,2021-10-06 04:21:56,14250.0,1500.0,615000.0
955,2021-10-06 04:21:24,14200.0,1300.0,613500.0
956,2021-10-06 04:18:49,14250.0,1000.0,612200.0
957,2021-10-06 04:18:36,14200.0,100.0,611200.0
958,2021-10-06 04:17:40,14200.0,300.0,611100.0
959,2021-10-06 04:17:26,14200.0,3000.0,610800.0
960,2021-10-06 04:17:26,14200.0,2000.0,607800.0
961,2021-10-06 04:17:26,14200.0,2000.0,605800.0
962,2021-10-06 04:17:26,14200.0,1600.0,603800.0
963,2021-10-06 04:17:26,14200.0,2000.0,602200.0
964,2021-10-06 04:17:26,14200.0,300.0,600200.0
965,2021-10-06 04:17:26,14200.0,1000.0,599900.0
966,2021-10-06 04:17:26,14200.0,1000.0,598900.0
967,2021-10-06 04:17:26,14200.0,200.0,597900.0
968,2021-10-06 04:17:26,14200.0,100.0,597700.0
969,2021-10-06 04:17:26,14200.0,500.0,597600.0
970,2021-10-06 04:17:26,14200.0,200.0,597100.0
971,2021-10-06 04:17:26,14200.0,2000.0,596900.0
972,2021-10-06 04:17:26,14200.0,700.0,594900.0
973,2021-10-06 04:17:26,14200.0,200.0,594200.0
974,2021-10-06 04:17:26,14200.0,500.0,594000.0
975,2021-10-06 04:17:26,14200.0,2000.0,593500.0
976,2021-10-06 04:17:26,14200.0,500.0,591500.0
977,2021-10-06 04:17:26,14200.0,9900.0,591000.0
978,2021-10-06 04:16:11,14200.0,100.0,581100.0
979,2021-10-06 04:15:02,14250.0,700.0,581000.0
980,2021-10-06 04:15:02,14250.0,300.0,580300.0
981,2021-10-06 04:15:02,14250.0,300.0,580000.0
982,2021-10-06 04:14:58,14250.0,1000.0,579700.0
983,2021-10-06 04:13:59,14250.0,200.0,578700.0
984,2021-10-06 04:13:59,14250.0,200.0,578500.0
985,2021-10-06 04:13:59,14250.0,300.0,578300.0
986,2021-10-06 04:13:59,14250.0,200.0,578000.0
987,2021-10-06 04:13:59,14250.0,500.0,577800.0
988,2021-10-06 04:13:55,14250.0,200.0,577300.0
989,2021-10-06 04:13:34,14250.0,200.0,577100.0
990,2021-10-06 04:13:10,14250.0,100.0,576900.0
991,2021-10-06 04:13:10,14250.0,300.0,576800.0
992,2021-10-06 04:13:10,14250.0,1000.0,576500.0
993,2021-10-06 04:13:10,14250.0,100.0,575500.0
994,2021-10-06 04:13:10,14250.0,1000.0,575400.0
995,2021-10-06 04:12:29,14250.0,500.0,574400.0
996,2021-10-06 04:12:16,14250.0,200.0,573900.0
997,2021-10-06 04:11:27,14250.0,500.0,573700.0
998,2021-10-06 04:11:23,14250.0,300.0,573200.0
999,2021-10-06 04:11:14,14250.0,500.0,572900.0
1000,2021-10-06 04:10:48,14250.0,500.0,572400.0
1001,2021-10-06 04:10:47,14250.0,200.0,571900.0
1002,2021-10-06 04:10:25,14250.0,1000.0,571700.0
1003,2021-10-06 04:10:12,14300.0,200.0,570700.0
1004,2021-10-06 04:09:29,14250.0,500.0,570500.0
1005,2021-10-06 04:09:25,14300.0,100.0,570000.0
1006,2021-10-06 04:08:38,14250.0,500.0,569900.0
1007,2021-10-06 04:07:21,14250.0,200.0,569400.0
1008,2021-10-06 04:07:14,14300.0,700.0,569200.0
1009,2021-10-06 04:07:14,14300.0,300.0,568500.0
1010,2021-10-06 04:07:14,14300.0,1000.0,568200.0
1011,2021-10-06 04:07:14,14300.0,3000.0,567200.0
1012,2021-10-06 04:07:04,14250.0,500.0,564200.0
1013,2021-10-06 04:06:07,14250.0,900.0,563700.0
1014,2021-10-06 04:06:07,14250.0,100.0,562800.0
1015,2021-10-06 04:06:07,14250.0,2000.0,562700.0
1016,2021-10-06 04:06:07,14250.0,400.0,560700.0
1017,2021-10-06 04:05:30,14250.0,100.0,560300.0
1018,2021-10-06 04:03:55,14300.0,100.0,560200.0
1019,2021-10-06 04:03:55,14300.0,900.0,560100.0
1020,2021-10-06 04:03:13,14300.0,300.0,559200.0
1021,2021-10-06 04:03:13,14300.0,1000.0,558900.0
1022,2021-10-06 04:03:13,14300.0,500.0,557900.0
1023,2021-10-06 04:03:13,14300.0,100.0,557400.0
1024,2021-10-06 04:03:13,14300.0,200.0,557300.0
1025,2021-10-06 04:02:17,14300.0,100.0,557100.0
1026,2021-10-06 04:01:46,14300.0,500.0,557000.0
1027,2021-10-06 04:01:31,14300.0,300.0,556500.0
1028,2021-10-06 04:00:55,14300.0,200.0,556200.0
1029,2021-10-06 04:00:31,14300.0,700.0,556000.0
1030,2021-10-06 04:00:31,14300.0,2000.0,555300.0
1031,2021-10-06 04:00:31,14300.0,1300.0,553300.0
1032,2021-10-06 04:00:00,14300.0,200.0,552000.0
1033,2021-10-06 04:00:00,14300.0,200.0,551800.0
1034,2021-10-06 04:00:00,14300.0,600.0,551600.0
1035,2021-10-06 03:59:59,14300.0,200.0,551000.0
1036,2021-10-06 03:59:03,14300.0,1000.0,550800.0
1037,2021-10-06 03:58:10,14300.0,300.0,549800.0
1038,2021-10-06 03:57:07,14350.0,500.0,549500.0
1039,2021-10-06 03:56:45,14300.0,1000.0,549000.0
1040,2021-10-06 03:56:40,14300.0,1900.0,548000.0
1041,2021-10-06 03:55:58,14300.0,100.0,546100.0
1042,2021-10-06 03:55:36,14300.0,1700.0,546000.0
1043,2021-10-06 03:55:36,14300.0,500.0,544300.0
1044,2021-10-06 03:55:36,14300.0,900.0,543800.0
1045,2021-10-06 03:54:35,14300.0,100.0,542900.0
1046,2021-10-06 03:54:26,14300.0,200.0,542800.0
1047,2021-10-06 03:54:19,14300.0,1000.0,542600.0
1048,2021-10-06 03:53:43,14300.0,2000.0,541600.0
1049,2021-10-06 03:53:39,14300.0,800.0,539600.0
1050,2021-10-06 03:53:29,14300.0,500.0,538800.0
1051,2021-10-06 03:53:18,14300.0,2000.0,538300.0
1052,2021-10-06 03:53:18,14300.0,5000.0,536300.0
1053,2021-10-06 03:53:18,14300.0,700.0,531300.0
1054,2021-10-06 03:52:44,14300.0,100.0,530600.0
1055,2021-10-06 03:52:26,14300.0,1000.0,530500.0
1056,2021-10-06 03:52:00,14300.0,300.0,529500.0
1057,2021-10-06 03:52:00,14300.0,1000.0,529200.0
1058,2021-10-06 03:52:00,14300.0,100.0,528200.0
1059,2021-10-06 03:52:00,14300.0,200.0,528100.0
1060,2021-10-06 03:52:00,14300.0,200.0,527900.0
1061,2021-10-06 03:52:00,14300.0,100.0,527700.0
1062,2021-10-06 03:52:00,14300.0,100.0,527600.0
1063,2021-10-06 03:51:43,14350.0,1000.0,527500.0
1064,2021-10-06 03:50:22,14300.0,100.0,526500.0
1065,2021-10-06 03:50:03,14300.0,900.0,526400.0
1066,2021-10-06 03:50:03,14300.0,500.0,525500.0
1067,2021-10-06 03:50:03,14300.0,1000.0,525000.0
1068,2021-10-06 03:50:03,14300.0,2000.0,524000.0
1069,2021-10-06 03:50:03,14300.0,200.0,522000.0
1070,2021-10-06 03:50:03,14300.0,2000.0,521800.0
1071,2021-10-06 03:50:03,14300.0,100.0,519800.0
1072,2021-10-06 03:50:03,14300.0,100.0,519700.0
1073,2021-10-06 03:50:03,14300.0,200.0,519600.0
1074,2021-10-06 03:50:03,14300.0,100.0,519400.0
1075,2021-10-06 03:50:03,14300.0,200.0,519300.0
1076,2021-10-06 03:50:03,14300.0,1000.0,519100.0
1077,2021-10-06 03:50:03,14300.0,500.0,518100.0
1078,2021-10-06 03:50:03,14300.0,500.0,517600.0
1079,2021-10-06 03:50:03,14300.0,400.0,517100.0
1080,2021-10-06 03:50:03,14300.0,200.0,516700.0
1081,2021-10-06 03:50:03,14300.0,100.0,516500.0
1082,2021-10-06 03:49:23,14350.0,2000.0,516400.0
1083,2021-10-06 03:49:21,14350.0,200.0,514400.0
1084,2021-10-06 03:49:14,14350.0,2000.0,514200.0
1085,2021-10-06 03:49:04,14300.0,300.0,512200.0
1086,2021-10-06 03:48:39,14350.0,500.0,511900.0
1087,2021-10-06 03:46:41,14350.0,300.0,511400.0
1088,2021-10-06 03:46:41,14350.0,100.0,511100.0
1089,2021-10-06 03:46:41,14350.0,600.0,511000.0
1090,2021-10-06 03:45:41,14350.0,100.0,510400.0
1091,2021-10-06 03:45:40,14300.0,100.0,510300.0
1092,2021-10-06 03:45:17,14350.0,200.0,510200.0
1093,2021-10-06 03:44:23,14350.0,700.0,510000.0
1094,2021-10-06 03:44:08,14300.0,1000.0,509300.0
1095,2021-10-06 03:43:55,14350.0,8400.0,508300.0
1096,2021-10-06 03:43:55,14350.0,2000.0,499900.0
1097,2021-10-06 03:43:55,14350.0,1000.0,497900.0
1098,2021-10-06 03:43:55,14350.0,900.0,496900.0
1099,2021-10-06 03:41:29,14350.0,100.0,496000.0
1100,2021-10-06 03:41:29,14350.0,200.0,495900.0
1101,2021-10-06 03:41:10,14350.0,1000.0,495700.0
1102,2021-10-06 03:41:05,14350.0,100.0,494700.0
1103,2021-10-06 03:41:05,14350.0,200.0,494600.0
1104,2021-10-06 03:41:05,14350.0,3500.0,494400.0
1105,2021-10-06 03:40:44,14350.0,100.0,490900.0
1106,2021-10-06 03:40:21,14400.0,500.0,490800.0
1107,2021-10-06 03:39:58,14350.0,1500.0,490300.0
1108,2021-10-06 03:39:36,14400.0,100.0,488800.0
1109,2021-10-06 03:38:51,14350.0,200.0,488700.0
1110,2021-10-06 03:38:24,14350.0,400.0,488500.0
1111,2021-10-06 03:38:11,14350.0,600.0,488100.0
1112,2021-10-06 03:38:11,14350.0,400.0,487500.0
1113,2021-10-06 03:37:21,14350.0,100.0,487100.0
1114,2021-10-06 03:37:21,14350.0,400.0,487000.0
1115,2021-10-06 03:37:06,14350.0,100.0,486600.0
1116,2021-10-06 03:36:45,14350.0,200.0,486500.0
1117,2021-10-06 03:36:29,14400.0,6500.0,486300.0
1118,2021-10-06 03:36:29,14400.0,500.0,479800.0
1119,2021-10-06 03:36:29,14400.0,300.0,479300.0
1120,2021-10-06 03:35:43,14400.0,500.0,479000.0
1121,2021-10-06 03:35:43,14350.0,200.0,478500.0
1122,2021-10-06 03:35:36,14350.0,300.0,478300.0
1123,2021-10-06 03:35:36,14350.0,1000.0,478000.0
1124,2021-10-06 03:35:26,14400.0,100.0,477000.0
1125,2021-10-06 03:35:26,14350.0,1000.0,476900.0
1126,2021-10-06 03:35:09,14400.0,100.0,475900.0
1127,2021-10-06 03:35:09,14400.0,200.0,475800.0
1128,2021-10-06 03:35:09,14400.0,100.0,475600.0
1129,2021-10-06 03:35:09,14400.0,100.0,475500.0
1130,2021-10-06 03:35:04,14400.0,300.0,475400.0
1131,2021-10-06 03:34:58,14400.0,2000.0,475100.0
1132,2021-10-06 03:34:49,14400.0,100.0,473100.0
1133,2021-10-06 03:34:41,14400.0,2500.0,473000.0
1134,2021-10-06 03:34:14,14350.0,100.0,470500.0
1135,2021-10-06 03:34:14,14350.0,200.0,470400.0
1136,2021-10-06 03:34:14,14350.0,1000.0,470200.0
1137,2021-10-06 03:34:09,14350.0,500.0,469200.0
1138,2021-10-06 03:34:09,14350.0,500.0,468700.0
1139,2021-10-06 03:33:59,14350.0,500.0,468200.0
1140,2021-10-06 03:33:59,14350.0,500.0,467700.0
1141,2021-10-06 03:33:38,14350.0,400.0,467200.0
1142,2021-10-06 03:33:24,14350.0,1600.0,466800.0
1143,2021-10-06 03:33:24,14350.0,100.0,465200.0
1144,2021-10-06 03:33:24,14350.0,200.0,465100.0
1145,2021-10-06 03:33:24,14350.0,2200.0,464900.0
1146,2021-10-06 03:33:24,14350.0,5400.0,462700.0
1147,2021-10-06 03:33:23,14300.0,500.0,457300.0
1148,2021-10-06 03:33:23,14300.0,100.0,456800.0
1149,2021-10-06 03:33:23,14300.0,400.0,456700.0
1150,2021-10-06 03:32:56,14350.0,100.0,456300.0
1151,2021-10-06 03:32:06,14350.0,4000.0,456200.0
1152,2021-10-06 03:31:51,14350.0,100.0,452200.0
1153,2021-10-06 03:31:25,14350.0,10000.0,452100.0
1154,2021-10-06 03:31:16,14350.0,400.0,442100.0
1155,2021-10-06 03:31:16,14350.0,200.0,441700.0
1156,2021-10-06 03:31:16,14350.0,800.0,441500.0
1157,2021-10-06 03:31:16,14350.0,200.0,440700.0
1158,2021-10-06 03:31:16,14350.0,800.0,440500.0
1159,2021-10-06 03:31:16,14350.0,100.0,439700.0
1160,2021-10-06 03:31:16,14350.0,100.0,439600.0
1161,2021-10-06 03:31:16,14350.0,7400.0,439500.0
1162,2021-10-06 03:30:33,14350.0,400.0,432100.0
1163,2021-10-06 03:29:45,14350.0,2200.0,431700.0
1164,2021-10-06 03:28:28,14300.0,1000.0,429500.0
1165,2021-10-06 03:28:26,14300.0,100.0,428500.0
1166,2021-10-06 03:27:55,14300.0,100.0,428400.0
1167,2021-10-06 03:27:55,14300.0,500.0,428300.0
1168,2021-10-06 03:27:48,14300.0,1000.0,427800.0
1169,2021-10-06 03:27:21,14300.0,300.0,426800.0
1170,2021-10-06 03:27:21,14300.0,100.0,426500.0
1171,2021-10-06 03:27:21,14300.0,300.0,426400.0
1172,2021-10-06 03:27:21,14300.0,300.0,426100.0
1173,2021-10-06 03:26:24,14300.0,100.0,425800.0
1174,2021-10-06 03:26:24,14300.0,100.0,425700.0
1175,2021-10-06 03:25:42,14300.0,700.0,425600.0
1176,2021-10-06 03:25:42,14300.0,1000.0,424900.0
1177,2021-10-06 03:25:42,14300.0,100.0,423900.0
1178,2021-10-06 03:25:42,14300.0,200.0,423800.0
1179,2021-10-06 03:25:40,14300.0,4800.0,423600.0
1180,2021-10-06 03:25:40,14300.0,200.0,418800.0
1181,2021-10-06 03:25:38,14300.0,100.0,418600.0
1182,2021-10-06 03:25:27,14300.0,200.0,418500.0
1183,2021-10-06 03:25:27,14300.0,800.0,418300.0
1184,2021-10-06 03:25:24,14300.0,800.0,417500.0
1185,2021-10-06 03:25:17,14300.0,200.0,416700.0
1186,2021-10-06 03:24:52,14300.0,200.0,416500.0
1187,2021-10-06 03:24:04,14350.0,1000.0,416300.0
1188,2021-10-06 03:24:00,14400.0,100.0,415300.0
1189,2021-10-06 03:23:42,14350.0,1000.0,415200.0
1190,2021-10-06 03:23:36,14350.0,1500.0,414200.0
1191,2021-10-06 03:23:19,14300.0,1500.0,412700.0
1192,2021-10-06 03:23:19,14300.0,1500.0,411200.0
1193,2021-10-06 03:23:13,14300.0,100.0,409700.0
1194,2021-10-06 03:23:10,14300.0,1000.0,409600.0
1195,2021-10-06 03:23:10,14300.0,5000.0,408600.0
1196,2021-10-06 03:23:10,14300.0,500.0,403600.0
1197,2021-10-06 03:23:10,14300.0,200.0,403100.0
1198,2021-10-06 03:23:10,14300.0,1000.0,402900.0
1199,2021-10-06 03:23:10,14300.0,100.0,401900.0
1200,2021-10-06 03:23:10,14300.0,600.0,401800.0
1201,2021-10-06 03:23:09,14350.0,100.0,401200.0
1202,2021-10-06 03:23:03,14350.0,400.0,401100.0
1203,2021-10-06 03:23:03,14350.0,1500.0,400700.0
1204,2021-10-06 03:23:03,14350.0,100.0,399200.0
1205,2021-10-06 03:23:03,14350.0,200.0,399100.0
1206,2021-10-06 03:23:03,14350.0,100.0,398900.0
1207,2021-10-06 03:22:46,14300.0,200.0,398800.0
1208,2021-10-06 03:22:46,14300.0,800.0,398600.0
1209,2021-10-06 03:22:22,14300.0,4200.0,397800.0
1210,2021-10-06 03:22:17,14300.0,800.0,393600.0
1211,2021-10-06 03:22:17,14300.0,200.0,392800.0
1212,2021-10-06 03:22:12,14300.0,100.0,392600.0
1213,2021-10-06 03:22:12,14300.0,4900.0,392500.0
1214,2021-10-06 03:22:10,14300.0,4400.0,387600.0
1215,2021-10-06 03:22:10,14300.0,600.0,383200.0
1216,2021-10-06 03:22:08,14300.0,400.0,382600.0
1217,2021-10-06 03:22:08,14300.0,100.0,382200.0
1218,2021-10-06 03:22:01,14300.0,100.0,382100.0
1219,2021-10-06 03:22:01,14300.0,4900.0,382000.0
1220,2021-10-06 03:21:58,14300.0,500.0,377100.0
1221,2021-10-06 03:21:58,14300.0,4500.0,376600.0
1222,2021-10-06 03:21:58,14300.0,100.0,372100.0
1223,2021-10-06 03:21:58,14300.0,200.0,372000.0
1224,2021-10-06 03:21:58,14300.0,3700.0,371800.0
1225,2021-10-06 03:21:04,14250.0,100.0,368100.0
1226,2021-10-06 03:20:50,14250.0,400.0,368000.0
1227,2021-10-06 03:20:47,14250.0,100.0,367600.0
1228,2021-10-06 03:20:42,14250.0,1000.0,367500.0
1229,2021-10-06 03:20:42,14250.0,1000.0,366500.0
1230,2021-10-06 03:20:40,14250.0,100.0,365500.0
1231,2021-10-06 03:20:07,14250.0,500.0,365400.0
1232,2021-10-06 03:20:06,14300.0,1300.0,364900.0
1233,2021-10-06 03:19:55,14250.0,400.0,363600.0
1234,2021-10-06 03:19:12,14200.0,100.0,363200.0
1235,2021-10-06 03:19:12,14200.0,600.0,363100.0
1236,2021-10-06 03:19:05,14200.0,1100.0,362500.0
1237,2021-10-06 03:18:59,14200.0,800.0,361400.0
1238,2021-10-06 03:18:57,14200.0,300.0,360600.0
1239,2021-10-06 03:18:57,14200.0,200.0,360300.0
1240,2021-10-06 03:18:53,14200.0,2000.0,360100.0
1241,2021-10-06 03:18:50,14200.0,3000.0,358100.0
1242,2021-10-06 03:18:45,14200.0,1000.0,355100.0
1243,2021-10-06 03:18:43,14200.0,500.0,354100.0
1244,2021-10-06 03:18:39,14200.0,1000.0,353600.0
1245,2021-10-06 03:18:38,14200.0,2300.0,352600.0
1246,2021-10-06 03:18:38,14200.0,1000.0,350300.0
1247,2021-10-06 03:18:38,14200.0,100.0,349300.0
1248,2021-10-06 03:18:38,14200.0,2000.0,349200.0
1249,2021-10-06 03:18:38,14200.0,2400.0,347200.0
1250,2021-10-06 03:18:38,14200.0,1100.0,344800.0
1251,2021-10-06 03:18:38,14200.0,2000.0,343700.0
1252,2021-10-06 03:18:37,14200.0,1900.0,341700.0
1253,2021-10-06 03:18:37,14200.0,200.0,339800.0
1254,2021-10-06 03:18:37,14200.0,200.0,339600.0
1255,2021-10-06 03:18:37,14200.0,500.0,339400.0
1256,2021-10-06 03:18:37,14200.0,100.0,338900.0
1257,2021-10-06 03:18:37,14200.0,500.0,338800.0
1258,2021-10-06 03:18:37,14200.0,100.0,338300.0
1259,2021-10-06 03:18:37,14200.0,200.0,338200.0
1260,2021-10-06 03:18:37,14200.0,1000.0,338000.0
1261,2021-10-06 03:18:37,14200.0,100.0,337000.0
1262,2021-10-06 03:18:37,14200.0,100.0,336900.0
1263,2021-10-06 03:18:37,14200.0,100.0,336800.0
1264,2021-10-06 03:18:34,14200.0,100.0,336700.0
1265,2021-10-06 03:18:29,14200.0,4800.0,336600.0
1266,2021-10-06 03:18:29,14150.0,100.0,331800.0
1267,2021-10-06 03:18:29,14150.0,100.0,331700.0
1268,2021-10-06 03:18:22,14100.0,100.0,331600.0
1269,2021-10-06 03:18:22,14100.0,300.0,331500.0
1270,2021-10-06 03:18:20,14100.0,400.0,331200.0
1271,2021-10-06 03:18:20,14100.0,1000.0,330800.0
1272,2021-10-06 03:18:20,14100.0,100.0,329800.0
1273,2021-10-06 03:18:20,14100.0,100.0,329700.0
1274,2021-10-06 03:18:20,14100.0,100.0,329600.0
1275,2021-10-06 03:18:20,14100.0,1000.0,329500.0
1276,2021-10-06 03:18:20,14100.0,200.0,328500.0
1277,2021-10-06 03:18:20,14100.0,1000.0,328300.0
1278,2021-10-06 03:18:20,14100.0,100.0,327300.0
1279,2021-10-06 03:18:14,14050.0,2000.0,327200.0
1280,2021-10-06 03:18:14,14050.0,400.0,325200.0
1281,2021-10-06 03:18:13,14050.0,600.0,324800.0
1282,2021-10-06 03:18:13,14050.0,100.0,324200.0
1283,2021-10-06 03:18:02,14050.0,2000.0,324100.0
1284,2021-10-06 03:17:57,14000.0,1800.0,322100.0
1285,2021-10-06 03:17:51,14000.0,1000.0,320300.0
1286,2021-10-06 03:17:51,14000.0,3000.0,319300.0
1287,2021-10-06 03:17:51,14000.0,1000.0,316300.0
1288,2021-10-06 03:17:50,14000.0,2000.0,315300.0
1289,2021-10-06 03:17:49,14000.0,300.0,313300.0
1290,2021-10-06 03:17:48,14000.0,900.0,313000.0
1291,2021-10-06 03:17:48,14000.0,300.0,312100.0
1292,2021-10-06 03:17:48,14000.0,300.0,311800.0
1293,2021-10-06 03:17:42,14000.0,2700.0,311500.0
1294,2021-10-06 03:17:42,14000.0,500.0,308800.0
1295,2021-10-06 03:17:42,14000.0,200.0,308300.0
1296,2021-10-06 03:17:42,14000.0,100.0,308100.0
1297,2021-10-06 03:17:42,14000.0,500.0,308000.0
1298,2021-10-06 03:17:42,14000.0,3000.0,307500.0
1299,2021-10-06 03:17:42,14000.0,100.0,304500.0
1300,2021-10-06 03:17:42,14000.0,100.0,304400.0
1301,2021-10-06 03:17:42,14000.0,100.0,304300.0
1302,2021-10-06 03:17:42,14000.0,100.0,304200.0
1303,2021-10-06 03:17:42,14000.0,600.0,304100.0
1304,2021-10-06 03:17:40,14000.0,1400.0,303500.0
1305,2021-10-06 03:17:38,14000.0,200.0,302100.0
1306,2021-10-06 03:17:38,14000.0,500.0,301900.0
1307,2021-10-06 03:17:38,14000.0,1000.0,301400.0
1308,2021-10-06 03:17:38,14000.0,200.0,300400.0
1309,2021-10-06 03:17:38,14000.0,500.0,300200.0
1310,2021-10-06 03:17:38,14000.0,500.0,299700.0
1311,2021-10-06 03:17:38,14000.0,500.0,299200.0
1312,2021-10-06 03:17:38,14000.0,1600.0,298700.0
1313,2021-10-06 03:17:36,14000.0,1700.0,297100.0
1314,2021-10-06 03:17:36,14000.0,4000.0,295400.0
1315,2021-10-06 03:17:36,14000.0,500.0,291400.0
1316,2021-10-06 03:17:36,14000.0,300.0,290900.0
1317,2021-10-06 03:17:36,14000.0,300.0,290600.0
1318,2021-10-06 03:17:23,14000.0,200.0,290300.0
1319,2021-10-06 03:17:23,14000.0,300.0,290100.0
1320,2021-10-06 03:17:15,14000.0,2600.0,289800.0
1321,2021-10-06 03:17:15,14000.0,600.0,287200.0
1322,2021-10-06 03:17:15,14000.0,1000.0,286600.0
1323,2021-10-06 03:17:15,14000.0,10000.0,285600.0
1324,2021-10-06 03:17:15,14000.0,48000.0,275600.0
1325,2021-10-06 03:17:15,14000.0,2000.0,227600.0
1326,2021-10-06 03:17:15,14000.0,9200.0,225600.0
1327,2021-10-06 03:16:49,13950.0,1000.0,216400.0
1328,2021-10-06 03:15:59,13950.0,100.0,215400.0
1329,2021-10-06 03:15:48,13950.0,1000.0,215300.0
1330,2021-10-06 03:14:59,13950.0,300.0,214300.0
1331,2021-10-06 03:14:59,13950.0,400.0,214000.0
1332,2021-10-06 03:14:19,14000.0,100.0,213600.0
1333,2021-10-06 03:13:57,14000.0,300.0,213500.0
1334,2021-10-06 03:13:22,14000.0,1000.0,213200.0
1335,2021-10-06 03:13:16,14000.0,400.0,212200.0
1336,2021-10-06 03:12:47,14000.0,100.0,211800.0
1337,2021-10-06 03:12:35,14000.0,100.0,211700.0
1338,2021-10-06 03:12:06,14000.0,100.0,211600.0
1339,2021-10-06 03:12:04,13950.0,400.0,211500.0
1340,2021-10-06 03:11:32,13950.0,1000.0,211100.0
1341,2021-10-06 03:11:28,14000.0,700.0,210100.0
1342,2021-10-06 03:10:55,13950.0,100.0,209400.0
1343,2021-10-06 03:10:41,13950.0,700.0,209300.0
1344,2021-10-06 03:10:41,13950.0,500.0,208600.0
1345,2021-10-06 03:10:03,13950.0,300.0,208100.0
1346,2021-10-06 03:10:03,13950.0,13200.0,207800.0
1347,2021-10-06 03:09:54,13950.0,300.0,194600.0
1348,2021-10-06 03:09:30,13950.0,500.0,194300.0
1349,2021-10-06 03:09:17,13950.0,500.0,193800.0
1350,2021-10-06 03:09:16,13950.0,1000.0,193300.0
1351,2021-10-06 03:08:52,13950.0,2000.0,192300.0
1352,2021-10-06 03:08:27,13950.0,2000.0,190300.0
1353,2021-10-06 03:08:21,13950.0,500.0,188300.0
1354,2021-10-06 03:08:08,14000.0,1100.0,187800.0
1355,2021-10-06 03:08:08,13950.0,8900.0,186700.0
1356,2021-10-06 03:08:02,13950.0,10000.0,177800.0
1357,2021-10-06 03:08:02,13950.0,200.0,167800.0
1358,2021-10-06 03:08:02,13950.0,100.0,167600.0
1359,2021-10-06 03:08:02,13950.0,500.0,167500.0
1360,2021-10-06 03:08:02,13950.0,300.0,167000.0
1361,2021-10-06 03:07:27,14000.0,2000.0,166700.0
1362,2021-10-06 03:05:28,13950.0,100.0,164700.0
1363,2021-10-06 03:05:28,13950.0,2600.0,164600.0
1364,2021-10-06 03:05:26,13950.0,7100.0,162000.0
1365,2021-10-06 03:05:07,13950.0,1000.0,154900.0
1366,2021-10-06 03:05:03,13950.0,2100.0,153900.0
1367,2021-10-06 03:04:27,13950.0,1000.0,151800.0
1368,2021-10-06 03:04:04,13950.0,4600.0,150800.0
1369,2021-10-06 03:04:04,14000.0,100.0,146200.0
1370,2021-10-06 03:03:55,14000.0,300.0,146100.0
1371,2021-10-06 03:03:49,13950.0,1900.0,145800.0
1372,2021-10-06 03:03:49,13950.0,1000.0,143900.0
1373,2021-10-06 03:03:49,13950.0,100.0,142900.0
1374,2021-10-06 03:03:24,13950.0,500.0,142800.0
1375,2021-10-06 03:00:15,14000.0,100.0,142300.0
1376,2021-10-06 03:00:08,13950.0,300.0,142200.0
1377,2021-10-06 03:00:08,13950.0,100.0,141900.0
1378,2021-10-06 03:00:08,13950.0,100.0,141800.0
1379,2021-10-06 02:59:44,13900.0,300.0,141700.0
1380,2021-10-06 02:59:43,13950.0,200.0,141400.0
1381,2021-10-06 02:59:43,13950.0,1000.0,141200.0
1382,2021-10-06 02:59:23,13900.0,800.0,140200.0
1383,2021-10-06 02:59:05,13900.0,1500.0,139400.0
1384,2021-10-06 02:58:42,13900.0,500.0,137900.0
1385,2021-10-06 02:58:10,13900.0,1800.0,137400.0
1386,2021-10-06 02:57:42,13900.0,1700.0,135600.0
1387,2021-10-06 02:57:42,13900.0,600.0,133900.0
1388,2021-10-06 02:57:42,13900.0,400.0,133300.0
1389,2021-10-06 02:57:42,13900.0,500.0,132900.0
1390,2021-10-06 02:56:22,13900.0,1000.0,132400.0
1391,2021-10-06 02:55:11,13900.0,300.0,131400.0
1392,2021-10-06 02:55:11,13900.0,700.0,131100.0
1393,2021-10-06 02:55:09,13900.0,100.0,130400.0
1394,2021-10-06 02:54:08,13900.0,500.0,130300.0
1395,2021-10-06 02:53:34,13900.0,1400.0,129800.0
1396,2021-10-06 02:53:18,13900.0,500.0,128400.0
1397,2021-10-06 02:53:18,13900.0,1000.0,127900.0
1398,2021-10-06 02:53:18,13900.0,300.0,126900.0
1399,2021-10-06 02:53:18,13900.0,300.0,126600.0
1400,2021-10-06 02:53:18,13900.0,100.0,126300.0
1401,2021-10-06 02:53:18,13950.0,300.0,126200.0
1402,2021-10-06 02:53:17,13900.0,400.0,125900.0
1403,2021-10-06 02:52:14,13950.0,1000.0,125500.0
1404,2021-10-06 02:51:51,13950.0,7700.0,124500.0
1405,2021-10-06 02:51:51,13950.0,200.0,116800.0
1406,2021-10-06 02:51:51,13950.0,100.0,116600.0
1407,2021-10-06 02:51:51,13950.0,2000.0,116500.0
1408,2021-10-06 02:51:41,13900.0,100.0,114500.0
1409,2021-10-06 02:51:35,13900.0,2000.0,114400.0
1410,2021-10-06 02:50:42,13900.0,1300.0,112400.0
1411,2021-10-06 02:50:32,13900.0,300.0,111100.0
1412,2021-10-06 02:50:07,13900.0,800.0,110800.0
1413,2021-10-06 02:50:07,13900.0,100.0,110000.0
1414,2021-10-06 02:50:07,13900.0,100.0,109900.0
1415,2021-10-06 02:48:29,13900.0,2000.0,109800.0
1416,2021-10-06 02:48:29,13900.0,100.0,107800.0
1417,2021-10-06 02:48:29,13900.0,500.0,107700.0
1418,2021-10-06 02:48:29,13900.0,6000.0,107200.0
1419,2021-10-06 02:48:29,13900.0,900.0,101200.0
1420,2021-10-06 02:48:29,13900.0,400.0,100300.0
1421,2021-10-06 02:45:24,13900.0,100.0,99900.0
1422,2021-10-06 02:45:24,13850.0,100.0,99800.0
1423,2021-10-06 02:44:40,13900.0,100.0,99700.0
1424,2021-10-06 02:43:50,13900.0,300.0,99600.0
1425,2021-10-06 02:43:29,13900.0,100.0,99300.0
1426,2021-10-06 02:43:29,13900.0,900.0,99200.0
1427,2021-10-06 02:43:13,13900.0,2000.0,98300.0
1428,2021-10-06 02:40:09,13900.0,500.0,96300.0
1429,2021-10-06 02:39:44,13900.0,1000.0,95800.0
1430,2021-10-06 02:39:24,13900.0,4000.0,94800.0
1431,2021-10-06 02:38:59,13900.0,200.0,90800.0
1432,2021-10-06 02:38:55,13900.0,1000.0,90600.0
1433,2021-10-06 02:36:31,13900.0,5000.0,89600.0
1434,2021-10-06 02:36:16,13900.0,100.0,84600.0
1435,2021-10-06 02:33:09,13700.0,500.0,84500.0
1436,2021-10-06 02:33:09,13700.0,100.0,84000.0
1437,2021-10-06 02:33:09,13700.0,200.0,83900.0
1438,2021-10-06 02:33:09,13700.0,2000.0,83700.0
1439,2021-10-06 02:33:09,13700.0,100.0,81700.0
1440,2021-10-06 02:33:09,13700.0,100.0,81600.0
1441,2021-10-06 02:33:09,13700.0,100.0,81500.0
1442,2021-10-06 02:33:09,13700.0,200.0,81400.0
1443,2021-10-06 02:33:09,13700.0,500.0,81200.0
1444,2021-10-06 02:33:09,13700.0,100.0,80700.0
1445,2021-10-06 02:33:09,13700.0,100.0,80600.0
1446,2021-10-06 02:33:09,13700.0,500.0,80500.0
1447,2021-10-06 02:33:09,13700.0,2000.0,80000.0
1448,2021-10-06 02:33:09,13700.0,6000.0,78000.0
1449,2021-10-06 02:33:09,13700.0,800.0,72000.0
1450,2021-10-06 02:33:09,13750.0,100.0,71200.0
1451,2021-10-06 02:33:09,13750.0,2000.0,71100.0
1452,2021-10-06 02:33:09,13750.0,500.0,69100.0
1453,2021-10-06 02:33:09,13750.0,100.0,68600.0
1454,2021-10-06 02:33:09,13800.0,700.0,68500.0
1455,2021-10-06 02:33:09,13800.0,100.0,67800.0
1456,2021-10-06 02:33:09,13800.0,500.0,67700.0
1457,2021-10-06 02:33:09,13800.0,2500.0,67200.0
1458,2021-10-06 02:33:00,13800.0,100.0,64700.0
1459,2021-10-06 02:32:38,13800.0,900.0,64600.0
1460,2021-10-06 02:32:38,13800.0,500.0,63700.0
1461,2021-10-06 02:32:38,13800.0,100.0,63200.0
1462,2021-10-06 02:32:38,13800.0,500.0,63100.0
1463,2021-10-06 02:32:11,13800.0,100.0,62600.0
1464,2021-10-06 02:31:14,13800.0,400.0,62500.0
1465,2021-10-06 02:31:14,13800.0,1000.0,62100.0
1466,2021-10-06 02:31:14,13800.0,100.0,61100.0
1467,2021-10-06 02:31:14,13800.0,200.0,61000.0
1468,2021-10-06 02:31:14,13800.0,300.0,60800.0
1469,2021-10-06 02:31:07,13900.0,100.0,60500.0
1470,2021-10-06 02:30:57,13900.0,200.0,60400.0
1471,2021-10-06 02:29:25,13900.0,100.0,60200.0
1472,2021-10-06 02:29:20,13900.0,1000.0,60100.0
1473,2021-10-06 02:29:20,13900.0,100.0,59100.0
1474,2021-10-06 02:29:20,13900.0,200.0,59000.0
1475,2021-10-06 02:29:20,13900.0,100.0,58800.0
1476,2021-10-06 02:29:20,13900.0,100.0,58700.0
1477,2021-10-06 02:29:20,13900.0,900.0,58600.0
1478,2021-10-06 02:29:20,13900.0,100.0,57700.0
1479,2021-10-06 02:29:20,13900.0,100.0,57600.0
1480,2021-10-06 02:29:20,13900.0,200.0,57500.0
1481,2021-10-06 02:29:20,13900.0,12100.0,57300.0
1482,2021-10-06 02:29:04,13900.0,500.0,45200.0
1483,2021-10-06 02:28:34,13900.0,700.0,44700.0
1484,2021-10-06 02:26:50,13900.0,2000.0,44000.0
1485,2021-10-06 02:25:31,13900.0,200.0,42000.0
1486,2021-10-06 02:25:13,13900.0,500.0,41800.0
1487,2021-10-06 02:25:10,13900.0,2500.0,41300.0
1488,2021-10-06 02:24:57,13900.0,1500.0,38800.0
1489,2021-10-06 02:24:40,13950.0,100.0,37300.0
1490,2021-10-06 02:23:21,13950.0,2000.0,37200.0
1491,2021-10-06 02:21:11,13950.0,5000.0,35200.0
1492,2021-10-06 02:20:47,13950.0,1000.0,30200.0
1493,2021-10-06 02:20:44,13950.0,300.0,29200.0
1494,2021-10-06 02:20:32,13950.0,200.0,28900.0
1495,2021-10-06 02:20:30,13950.0,100.0,28700.0
1496,2021-10-06 02:20:30,13950.0,100.0,28600.0
1497,2021-10-06 02:20:30,13950.0,400.0,28500.0
1498,2021-10-06 02:20:30,13950.0,400.0,28100.0
1499,2021-10-06 02:20:27,13950.0,100.0,27700.0
1500,2021-10-06 02:19:30,13950.0,500.0,27600.0
1501,2021-10-06 02:19:25,13950.0,6000.0,27100.0
1502,2021-10-06 02:18:15,13950.0,1000.0,21100.0
1503,2021-10-06 02:18:15,13950.0,1000.0,20100.0
1504,2021-10-06 02:18:03,13950.0,200.0,19100.0
1505,2021-10-06 02:17:48,13950.0,200.0,18900.0
1506,2021-10-06 02:17:09,13950.0,600.0,18700.0
1507,2021-10-06 02:17:07,14000.0,1300.0,18100.0
1508,2021-10-06 02:17:07,14000.0,400.0,16800.0
1509,2021-10-06 02:17:07,14000.0,100.0,16400.0
1510,2021-10-06 02:17:07,14000.0,100.0,16300.0
1511,2021-10-06 02:17:07,13950.0,100.0,16200.0
1512,2021-10-06 02:16:33,13900.0,100.0,16100.0
1513,2021-10-06 02:16:33,13900.0,100.0,16000.0
1514,2021-10-06 02:16:33,13900.0,100.0,15900.0
1515,2021-10-06 02:16:27,13900.0,100.0,15800.0
1516,2021-10-06 02:16:17,13900.0,5000.0,15700.0
1517,2021-10-06 02:16:12,13900.0,3000.0,10700.0
1518,2021-10-06 02:16:00,13900.0,2000.0,7700.0
1519,2021-10-06 02:15:00,13700.0,200.0,5700.0
1520,2021-10-06 02:15:00,13700.0,1000.0,5500.0
1521,2021-10-06 02:15:00,13700.0,200.0,4500.0
1522,2021-10-06 02:15:00,13700.0,200.0,4300.0
1523,2021-10-06 02:15:00,13700.0,100.0,4100.0
1524,2021-10-06 02:15:00,13700.0,100.0,4000.0
1525,2021-10-06 02:15:00,13700.0,100.0,3900.0
1526,2021-10-06 02:15:00,13700.0,100.0,3800.0
1527,2021-10-06 02:15:00,13700.0,200.0,3700.0
1528,2021-10-06 02:15:00,13700.0,2000.0,3500.0
1529,2021-10-06 02:15:00,13700.0,200.0,1500.0
1530,2021-10-06 02:15:00,13700.0,200.0,1300.0
1531,2021-10-06 02:15:00,13700.0,400.0,1100.0
1532,2021-10-06 02:15:00,13700.0,600.0,700.0
1533,2021-10-06 02:15:00,13700.0,100.0,100.0
