,Time,Price,Volume_per_trade,Volume
0,2021-10-19 07:45:01,22850.0,300.0,971600.0
1,2021-10-19 07:45:01,22850.0,100.0,971300.0
2,2021-10-19 07:45:01,22850.0,100.0,971200.0
3,2021-10-19 07:45:01,22850.0,500.0,971100.0
4,2021-10-19 07:45:01,22850.0,2000.0,970600.0
5,2021-10-19 07:45:01,22850.0,5000.0,968600.0
6,2021-10-19 07:45:01,22850.0,500.0,963600.0
7,2021-10-19 07:45:01,22850.0,1000.0,963100.0
8,2021-10-19 07:45:01,22850.0,100.0,962100.0
9,2021-10-19 07:45:01,22850.0,200.0,962000.0
10,2021-10-19 07:45:01,22850.0,2300.0,961800.0
11,2021-10-19 07:45:01,22850.0,1000.0,959500.0
12,2021-10-19 07:45:01,22850.0,400.0,958500.0
13,2021-10-19 07:45:01,22850.0,100.0,958100.0
14,2021-10-19 07:45:01,22850.0,1000.0,958000.0
15,2021-10-19 07:29:56,22750.0,1300.0,957000.0
16,2021-10-19 07:29:56,22750.0,700.0,955700.0
17,2021-10-19 07:29:28,22700.0,4700.0,955000.0
18,2021-10-19 07:29:12,22700.0,100.0,950300.0
19,2021-10-19 07:29:02,22700.0,3000.0,950200.0
20,2021-10-19 07:28:31,22700.0,100.0,947200.0
21,2021-10-19 07:27:58,22700.0,800.0,947100.0
22,2021-10-19 07:27:58,22700.0,1000.0,946300.0
23,2021-10-19 07:27:58,22700.0,1300.0,945300.0
24,2021-10-19 07:27:58,22700.0,1000.0,944000.0
25,2021-10-19 07:27:52,22700.0,9000.0,943000.0
26,2021-10-19 07:27:52,22700.0,5000.0,934000.0
27,2021-10-19 07:27:52,22700.0,1000.0,929000.0
28,2021-10-19 07:27:32,22750.0,100.0,928000.0
29,2021-10-19 07:27:11,22700.0,100.0,927900.0
30,2021-10-19 07:25:37,22700.0,5300.0,927800.0
31,2021-10-19 07:25:37,22700.0,100.0,922500.0
32,2021-10-19 07:25:37,22700.0,500.0,922400.0
33,2021-10-19 07:25:37,22700.0,100.0,921900.0
34,2021-10-19 07:25:37,22700.0,4000.0,921800.0
35,2021-10-19 07:25:30,22750.0,1500.0,917800.0
36,2021-10-19 07:25:20,22750.0,5000.0,916300.0
37,2021-10-19 07:25:20,22750.0,2700.0,911300.0
38,2021-10-19 07:25:17,22750.0,3300.0,908600.0
39,2021-10-19 07:24:44,22750.0,4000.0,905300.0
40,2021-10-19 07:24:11,22700.0,800.0,901300.0
41,2021-10-19 07:24:11,22700.0,2000.0,900500.0
42,2021-10-19 07:24:11,22700.0,3200.0,898500.0
43,2021-10-19 07:22:58,22700.0,1000.0,895300.0
44,2021-10-19 07:22:58,22700.0,5800.0,894300.0
45,2021-10-19 07:22:57,22700.0,700.0,888500.0
46,2021-10-19 07:22:16,22700.0,3000.0,887800.0
47,2021-10-19 07:22:16,22700.0,200.0,884800.0
48,2021-10-19 07:22:16,22700.0,300.0,884600.0
49,2021-10-19 07:22:10,22700.0,1000.0,884300.0
50,2021-10-19 07:21:40,22700.0,100.0,883300.0
51,2021-10-19 07:21:05,22700.0,1000.0,883200.0
52,2021-10-19 07:21:03,22700.0,2000.0,882200.0
53,2021-10-19 07:20:29,22700.0,1500.0,880200.0
54,2021-10-19 07:20:29,22700.0,300.0,878700.0
55,2021-10-19 07:20:29,22700.0,1000.0,878400.0
56,2021-10-19 07:20:29,22700.0,500.0,877400.0
57,2021-10-19 07:20:29,22700.0,200.0,876900.0
58,2021-10-19 07:20:29,22700.0,100.0,876700.0
59,2021-10-19 07:17:11,22700.0,200.0,876600.0
60,2021-10-19 07:16:47,22700.0,5000.0,876400.0
61,2021-10-19 07:16:25,22700.0,500.0,871400.0
62,2021-10-19 07:16:16,22700.0,500.0,870900.0
63,2021-10-19 07:16:16,22700.0,200.0,870400.0
64,2021-10-19 07:16:16,22700.0,200.0,870200.0
65,2021-10-19 07:16:16,22700.0,100.0,870000.0
66,2021-10-19 07:16:16,22700.0,500.0,869900.0
67,2021-10-19 07:16:16,22700.0,100.0,869400.0
68,2021-10-19 07:16:16,22700.0,100.0,869300.0
69,2021-10-19 07:16:16,22700.0,200.0,869200.0
70,2021-10-19 07:16:16,22700.0,5000.0,869000.0
71,2021-10-19 07:16:16,22700.0,100.0,864000.0
72,2021-10-19 07:16:16,22700.0,18000.0,863900.0
73,2021-10-19 07:16:16,22700.0,200.0,845900.0
74,2021-10-19 07:16:16,22700.0,100.0,845700.0
75,2021-10-19 07:16:16,22700.0,500.0,845600.0
76,2021-10-19 07:16:16,22700.0,5000.0,845100.0
77,2021-10-19 07:16:16,22700.0,500.0,840100.0
78,2021-10-19 07:16:16,22700.0,100.0,839600.0
79,2021-10-19 07:16:16,22700.0,100.0,839500.0
80,2021-10-19 07:16:16,22700.0,800.0,839400.0
81,2021-10-19 07:16:16,22700.0,1000.0,838600.0
82,2021-10-19 07:16:16,22700.0,100.0,837600.0
83,2021-10-19 07:16:16,22700.0,100.0,837500.0
84,2021-10-19 07:16:16,22700.0,10000.0,837400.0
85,2021-10-19 07:16:16,22700.0,100.0,827400.0
86,2021-10-19 07:16:16,22700.0,2000.0,827300.0
87,2021-10-19 07:16:16,22700.0,500.0,825300.0
88,2021-10-19 07:16:16,22700.0,200.0,824800.0
89,2021-10-19 07:13:04,22700.0,2800.0,824600.0
90,2021-10-19 07:13:04,22700.0,2000.0,821800.0
91,2021-10-19 07:13:04,22750.0,200.0,819800.0
92,2021-10-19 07:13:01,22750.0,2800.0,819600.0
93,2021-10-19 07:12:53,22750.0,1000.0,816800.0
94,2021-10-19 07:11:54,22750.0,100.0,815800.0
95,2021-10-19 07:11:54,22750.0,100.0,815700.0
96,2021-10-19 07:11:54,22750.0,3000.0,815600.0
97,2021-10-19 07:11:54,22750.0,200.0,812600.0
98,2021-10-19 07:11:54,22750.0,1000.0,812400.0
99,2021-10-19 07:11:54,22750.0,1000.0,811400.0
100,2021-10-19 07:11:54,22750.0,700.0,810400.0
101,2021-10-19 07:11:54,22750.0,500.0,809700.0
102,2021-10-19 07:11:54,22750.0,500.0,809200.0
103,2021-10-19 07:11:54,22750.0,500.0,808700.0
104,2021-10-19 07:11:54,22750.0,100.0,808200.0
105,2021-10-19 07:11:54,22750.0,500.0,808100.0
106,2021-10-19 07:11:54,22750.0,10000.0,807600.0
107,2021-10-19 07:11:54,22750.0,2200.0,797600.0
108,2021-10-19 07:11:54,22750.0,5000.0,795400.0
109,2021-10-19 07:11:54,22750.0,800.0,790400.0
110,2021-10-19 07:11:35,22800.0,800.0,789600.0
111,2021-10-19 07:11:35,22800.0,6000.0,788800.0
112,2021-10-19 07:11:35,22800.0,8500.0,782800.0
113,2021-10-19 07:11:35,22800.0,3400.0,774300.0
114,2021-10-19 07:11:35,22800.0,200.0,770900.0
115,2021-10-19 07:11:35,22800.0,300.0,770700.0
116,2021-10-19 07:11:35,22800.0,1000.0,770400.0
117,2021-10-19 07:11:35,22800.0,10500.0,769400.0
118,2021-10-19 07:11:28,22800.0,4500.0,758900.0
119,2021-10-19 07:11:28,22800.0,500.0,754400.0
120,2021-10-19 07:11:28,22800.0,100.0,753900.0
121,2021-10-19 07:11:28,22800.0,500.0,753800.0
122,2021-10-19 07:05:48,22850.0,300.0,753300.0
123,2021-10-19 07:05:41,22850.0,300.0,753000.0
124,2021-10-19 07:05:41,22850.0,800.0,752700.0
125,2021-10-19 07:05:11,22800.0,1000.0,751900.0
126,2021-10-19 07:04:31,22800.0,3500.0,750900.0
127,2021-10-19 07:04:31,22800.0,1000.0,747400.0
128,2021-10-19 07:04:31,22800.0,1000.0,746400.0
129,2021-10-19 07:04:31,22800.0,100.0,745400.0
130,2021-10-19 07:04:31,22800.0,600.0,745300.0
131,2021-10-19 07:04:31,22800.0,200.0,744700.0
132,2021-10-19 07:04:31,22800.0,2000.0,744500.0
133,2021-10-19 07:04:31,22800.0,100.0,742500.0
134,2021-10-19 07:04:31,22800.0,2000.0,742400.0
135,2021-10-19 07:04:31,22800.0,2500.0,740400.0
136,2021-10-19 07:04:31,22800.0,200.0,737900.0
137,2021-10-19 07:04:31,22800.0,100.0,737700.0
138,2021-10-19 07:04:31,22800.0,300.0,737600.0
139,2021-10-19 07:04:31,22800.0,1000.0,737300.0
140,2021-10-19 07:04:31,22800.0,1000.0,736300.0
141,2021-10-19 07:04:31,22800.0,500.0,735300.0
142,2021-10-19 07:04:31,22800.0,100.0,734800.0
143,2021-10-19 07:04:31,22800.0,200.0,734700.0
144,2021-10-19 07:04:31,22800.0,1000.0,734500.0
145,2021-10-19 07:04:31,22800.0,500.0,733500.0
146,2021-10-19 07:04:31,22800.0,1000.0,733000.0
147,2021-10-19 07:04:31,22800.0,1000.0,732000.0
148,2021-10-19 07:04:31,22800.0,100.0,731000.0
149,2021-10-19 07:04:18,22850.0,200.0,730900.0
150,2021-10-19 07:04:16,22850.0,1000.0,730700.0
151,2021-10-19 07:04:16,22850.0,500.0,729700.0
152,2021-10-19 07:04:13,22850.0,300.0,729200.0
153,2021-10-19 07:04:05,22850.0,200.0,728900.0
154,2021-10-19 07:04:05,22850.0,100.0,728700.0
155,2021-10-19 07:03:55,22850.0,900.0,728600.0
156,2021-10-19 07:03:55,22850.0,100.0,727700.0
157,2021-10-19 07:03:53,22850.0,100.0,727600.0
158,2021-10-19 07:03:45,22850.0,100.0,727500.0
159,2021-10-19 07:03:45,22850.0,100.0,727400.0
160,2021-10-19 07:03:45,22850.0,100.0,727300.0
161,2021-10-19 07:03:38,22850.0,100.0,727200.0
162,2021-10-19 07:02:09,22800.0,700.0,727100.0
163,2021-10-19 07:02:09,22800.0,300.0,726400.0
164,2021-10-19 07:00:53,22800.0,100.0,726100.0
165,2021-10-19 06:59:33,22800.0,5000.0,726000.0
166,2021-10-19 06:59:11,22800.0,1000.0,721000.0
167,2021-10-19 06:57:49,22850.0,400.0,720000.0
168,2021-10-19 06:57:43,22800.0,500.0,719600.0
169,2021-10-19 06:53:25,22850.0,500.0,719100.0
170,2021-10-19 06:51:39,22850.0,1500.0,718600.0
171,2021-10-19 06:50:37,22850.0,400.0,717100.0
172,2021-10-19 06:50:37,22850.0,100.0,716700.0
173,2021-10-19 06:50:27,22850.0,200.0,716600.0
174,2021-10-19 06:48:01,22850.0,700.0,716400.0
175,2021-10-19 06:48:01,22850.0,2300.0,715700.0
176,2021-10-19 06:47:37,22850.0,700.0,713400.0
177,2021-10-19 06:47:37,22850.0,100.0,712700.0
178,2021-10-19 06:47:26,22850.0,200.0,712600.0
179,2021-10-19 06:47:26,22850.0,1700.0,712400.0
180,2021-10-19 06:47:01,22850.0,300.0,710700.0
181,2021-10-19 06:47:01,22850.0,100.0,710400.0
182,2021-10-19 06:47:01,22850.0,1200.0,710300.0
183,2021-10-19 06:46:48,22900.0,1000.0,709100.0
184,2021-10-19 06:46:24,22900.0,2000.0,708100.0
185,2021-10-19 06:46:11,22850.0,400.0,706100.0
186,2021-10-19 06:46:11,22850.0,2000.0,705700.0
187,2021-10-19 06:46:11,22850.0,1000.0,703700.0
188,2021-10-19 06:46:11,22850.0,6600.0,702700.0
189,2021-10-19 06:45:13,22900.0,700.0,696100.0
190,2021-10-19 06:45:13,22900.0,300.0,695400.0
191,2021-10-19 06:42:38,22900.0,400.0,695100.0
192,2021-10-19 06:42:38,22900.0,100.0,694700.0
193,2021-10-19 06:42:38,22900.0,5000.0,694600.0
194,2021-10-19 06:42:38,22900.0,2000.0,689600.0
195,2021-10-19 06:42:38,22900.0,400.0,687600.0
196,2021-10-19 06:41:12,22850.0,400.0,687200.0
197,2021-10-19 06:41:12,22850.0,100.0,686800.0
198,2021-10-19 06:41:12,22850.0,500.0,686700.0
199,2021-10-19 06:41:12,22850.0,8500.0,686200.0
200,2021-10-19 06:39:14,22850.0,100.0,677700.0
201,2021-10-19 06:39:07,22850.0,1400.0,677600.0
202,2021-10-19 06:38:50,22850.0,1000.0,676200.0
203,2021-10-19 06:38:50,22850.0,2600.0,675200.0
204,2021-10-19 06:38:09,22850.0,400.0,672600.0
205,2021-10-19 06:38:09,22850.0,1300.0,672200.0
206,2021-10-19 06:38:09,22850.0,100.0,670900.0
207,2021-10-19 06:38:09,22850.0,1000.0,670800.0
208,2021-10-19 06:38:09,22850.0,1000.0,669800.0
209,2021-10-19 06:38:09,22850.0,1000.0,668800.0
210,2021-10-19 06:38:09,22850.0,200.0,667800.0
211,2021-10-19 06:36:12,22900.0,100.0,667600.0
212,2021-10-19 06:35:39,22850.0,300.0,667500.0
213,2021-10-19 06:35:39,22850.0,100.0,667200.0
214,2021-10-19 06:35:39,22850.0,600.0,667100.0
215,2021-10-19 06:34:47,22900.0,1000.0,666500.0
216,2021-10-19 06:34:47,22900.0,100.0,665500.0
217,2021-10-19 06:34:19,22900.0,1200.0,665400.0
218,2021-10-19 06:34:11,22900.0,2000.0,664200.0
219,2021-10-19 06:34:11,22900.0,300.0,662200.0
220,2021-10-19 06:34:11,22900.0,500.0,661900.0
221,2021-10-19 06:34:11,22900.0,200.0,661400.0
222,2021-10-19 06:34:11,22900.0,700.0,661200.0
223,2021-10-19 06:33:40,22900.0,1000.0,660500.0
224,2021-10-19 06:31:54,22850.0,600.0,659500.0
225,2021-10-19 06:31:11,22900.0,1500.0,658900.0
226,2021-10-19 06:30:10,22900.0,1800.0,657400.0
227,2021-10-19 06:30:10,22900.0,700.0,655600.0
228,2021-10-19 06:30:10,22900.0,200.0,654900.0
229,2021-10-19 06:30:10,22900.0,200.0,654700.0
230,2021-10-19 06:30:10,22900.0,100.0,654500.0
231,2021-10-19 06:28:28,22900.0,100.0,654400.0
232,2021-10-19 06:28:28,22900.0,400.0,654300.0
233,2021-10-19 06:28:06,22850.0,200.0,653900.0
234,2021-10-19 06:28:06,22850.0,2600.0,653700.0
235,2021-10-19 06:26:17,22850.0,200.0,651100.0
236,2021-10-19 06:25:58,22850.0,100.0,650900.0
237,2021-10-19 06:25:49,22850.0,300.0,650800.0
238,2021-10-19 06:25:49,22850.0,500.0,650500.0
239,2021-10-19 06:25:49,22850.0,10000.0,650000.0
240,2021-10-19 06:25:49,22850.0,300.0,640000.0
241,2021-10-19 06:25:49,22850.0,500.0,639700.0
242,2021-10-19 06:25:49,22850.0,500.0,639200.0
243,2021-10-19 06:25:16,22850.0,400.0,638700.0
244,2021-10-19 06:25:16,22850.0,500.0,638300.0
245,2021-10-19 06:25:16,22850.0,100.0,637800.0
246,2021-10-19 06:25:16,22850.0,500.0,637700.0
247,2021-10-19 06:25:16,22850.0,500.0,637200.0
248,2021-10-19 06:25:16,22850.0,1000.0,636700.0
249,2021-10-19 06:25:16,22850.0,1100.0,635700.0
250,2021-10-19 06:25:16,22850.0,500.0,634600.0
251,2021-10-19 06:25:16,22850.0,300.0,634100.0
252,2021-10-19 06:25:16,22850.0,1100.0,633800.0
253,2021-10-19 06:25:13,22850.0,100.0,632700.0
254,2021-10-19 06:24:27,22850.0,1000.0,632600.0
255,2021-10-19 06:23:47,22900.0,500.0,631600.0
256,2021-10-19 06:23:33,22900.0,500.0,631100.0
257,2021-10-19 06:23:21,22900.0,200.0,630600.0
258,2021-10-19 06:21:45,22900.0,5000.0,630400.0
259,2021-10-19 06:21:21,22900.0,1400.0,625400.0
260,2021-10-19 06:21:16,22900.0,4300.0,624000.0
261,2021-10-19 06:21:16,22900.0,500.0,619700.0
262,2021-10-19 06:21:16,22900.0,100.0,619200.0
263,2021-10-19 06:21:16,22900.0,100.0,619100.0
264,2021-10-19 06:19:15,22900.0,100.0,619000.0
265,2021-10-19 06:19:15,22900.0,800.0,618900.0
266,2021-10-19 06:17:53,22900.0,500.0,618100.0
267,2021-10-19 06:16:45,22900.0,1000.0,617600.0
268,2021-10-19 06:16:18,22900.0,2700.0,616600.0
269,2021-10-19 06:15:58,22900.0,1000.0,613900.0
270,2021-10-19 06:15:58,22900.0,1300.0,612900.0
271,2021-10-19 06:15:52,22900.0,8700.0,611600.0
272,2021-10-19 06:15:52,22900.0,5300.0,602900.0
273,2021-10-19 06:14:08,22900.0,100.0,597600.0
274,2021-10-19 06:14:08,22900.0,1000.0,597500.0
275,2021-10-19 06:14:08,22900.0,2000.0,596500.0
276,2021-10-19 06:14:08,22900.0,5000.0,594500.0
277,2021-10-19 06:14:08,22900.0,500.0,589500.0
278,2021-10-19 06:14:08,22900.0,500.0,589000.0
279,2021-10-19 06:14:08,22900.0,2000.0,588500.0
280,2021-10-19 06:14:08,22900.0,1000.0,586500.0
281,2021-10-19 06:14:08,22900.0,1500.0,585500.0
282,2021-10-19 06:14:08,22900.0,1100.0,584000.0
283,2021-10-19 06:14:01,22950.0,1000.0,582900.0
284,2021-10-19 06:13:23,22950.0,700.0,581900.0
285,2021-10-19 06:13:23,22950.0,300.0,581200.0
286,2021-10-19 06:13:23,22950.0,500.0,580900.0
287,2021-10-19 06:12:37,22950.0,500.0,580400.0
288,2021-10-19 06:12:00,22950.0,100.0,579900.0
289,2021-10-19 06:11:53,22950.0,1900.0,579800.0
290,2021-10-19 06:11:37,22950.0,100.0,577900.0
291,2021-10-19 06:11:04,22950.0,200.0,577800.0
292,2021-10-19 06:10:46,22950.0,1500.0,577600.0
293,2021-10-19 06:10:10,22950.0,200.0,576100.0
294,2021-10-19 06:10:10,22950.0,800.0,575900.0
295,2021-10-19 06:09:25,22950.0,4200.0,575100.0
296,2021-10-19 06:09:25,22950.0,300.0,570900.0
297,2021-10-19 06:09:25,22950.0,100.0,570600.0
298,2021-10-19 06:09:25,22950.0,2000.0,570500.0
299,2021-10-19 06:09:25,22950.0,400.0,568500.0
300,2021-10-19 06:09:19,22900.0,1000.0,568100.0
301,2021-10-19 06:06:42,22950.0,100.0,567100.0
302,2021-10-19 06:06:05,22900.0,300.0,567000.0
303,2021-10-19 06:06:04,22900.0,300.0,566700.0
304,2021-10-19 06:05:50,22900.0,200.0,566400.0
305,2021-10-19 06:05:43,22900.0,100.0,566200.0
306,2021-10-19 06:05:36,22900.0,300.0,566100.0
307,2021-10-19 06:05:35,22900.0,100.0,565800.0
308,2021-10-19 06:05:24,22900.0,600.0,565700.0
309,2021-10-19 06:05:19,22900.0,100.0,565100.0
310,2021-10-19 06:05:16,22900.0,1200.0,565000.0
311,2021-10-19 06:05:08,22900.0,1800.0,563800.0
312,2021-10-19 06:02:37,22900.0,100.0,562000.0
313,2021-10-19 06:02:37,22900.0,1200.0,561900.0
314,2021-10-19 06:02:30,22900.0,100.0,560700.0
315,2021-10-19 06:02:08,22900.0,2000.0,560600.0
316,2021-10-19 06:01:57,22900.0,1000.0,558600.0
317,2021-10-19 06:00:46,22900.0,700.0,557600.0
318,2021-10-19 06:00:46,22900.0,2000.0,556900.0
319,2021-10-19 06:00:46,22900.0,1300.0,554900.0
320,2021-10-19 06:00:13,22900.0,500.0,553600.0
321,2021-10-19 06:00:13,22850.0,100.0,553100.0
322,2021-10-19 06:00:00,22850.0,400.0,553000.0
323,2021-10-19 06:00:00,22850.0,1600.0,552600.0
324,2021-10-19 06:00:00,22850.0,400.0,551000.0
325,2021-10-19 06:00:00,22850.0,200.0,550600.0
326,2021-10-19 06:00:00,22850.0,100.0,550400.0
327,2021-10-19 04:28:07,22850.0,2000.0,550300.0
328,2021-10-19 04:26:46,22850.0,700.0,548300.0
329,2021-10-19 04:26:42,22850.0,1000.0,547600.0
330,2021-10-19 04:26:30,22800.0,3300.0,546600.0
331,2021-10-19 04:26:30,22800.0,1000.0,543300.0
332,2021-10-19 04:26:30,22800.0,1000.0,542300.0
333,2021-10-19 04:26:30,22800.0,100.0,541300.0
334,2021-10-19 04:26:30,22800.0,1000.0,541200.0
335,2021-10-19 04:26:30,22800.0,100.0,540200.0
336,2021-10-19 04:26:30,22800.0,100.0,540100.0
337,2021-10-19 04:26:30,22800.0,500.0,540000.0
338,2021-10-19 04:26:30,22800.0,500.0,539500.0
339,2021-10-19 04:26:30,22800.0,500.0,539000.0
340,2021-10-19 04:26:30,22800.0,500.0,538500.0
341,2021-10-19 04:26:30,22800.0,10400.0,538000.0
342,2021-10-19 04:23:30,22850.0,200.0,527600.0
343,2021-10-19 04:23:18,22850.0,5000.0,527400.0
344,2021-10-19 04:23:18,22850.0,300.0,522400.0
345,2021-10-19 04:23:18,22850.0,500.0,522100.0
346,2021-10-19 04:23:18,22850.0,200.0,521600.0
347,2021-10-19 04:22:05,22900.0,500.0,521400.0
348,2021-10-19 04:21:31,22900.0,100.0,520900.0
349,2021-10-19 04:20:21,22900.0,200.0,520800.0
350,2021-10-19 04:20:21,22900.0,1500.0,520600.0
351,2021-10-19 04:20:21,22900.0,500.0,519100.0
352,2021-10-19 04:20:21,22900.0,400.0,518600.0
353,2021-10-19 04:19:03,22900.0,1000.0,518200.0
354,2021-10-19 04:19:03,22900.0,100.0,517200.0
355,2021-10-19 04:19:03,22900.0,500.0,517100.0
356,2021-10-19 04:19:03,22900.0,3000.0,516600.0
357,2021-10-19 04:18:58,22900.0,600.0,513600.0
358,2021-10-19 04:18:41,22900.0,500.0,513000.0
359,2021-10-19 04:18:35,22900.0,1700.0,512500.0
360,2021-10-19 04:17:53,22900.0,200.0,510800.0
361,2021-10-19 04:17:52,22900.0,200.0,510600.0
362,2021-10-19 04:17:49,22900.0,800.0,510400.0
363,2021-10-19 04:17:49,22900.0,200.0,509600.0
364,2021-10-19 04:17:49,22900.0,300.0,509400.0
365,2021-10-19 04:16:17,22900.0,2300.0,509100.0
366,2021-10-19 04:15:59,22900.0,300.0,506800.0
367,2021-10-19 04:15:33,22900.0,100.0,506500.0
368,2021-10-19 04:15:15,22900.0,1500.0,506400.0
369,2021-10-19 04:14:34,22900.0,200.0,504900.0
370,2021-10-19 04:14:21,22900.0,800.0,504700.0
371,2021-10-19 04:13:55,22900.0,500.0,503900.0
372,2021-10-19 04:13:23,22900.0,200.0,503400.0
373,2021-10-19 04:12:16,22900.0,800.0,503200.0
374,2021-10-19 04:11:53,22900.0,3000.0,502400.0
375,2021-10-19 04:11:36,22850.0,900.0,499400.0
376,2021-10-19 04:10:35,22850.0,100.0,498500.0
377,2021-10-19 04:10:32,22850.0,600.0,498400.0
378,2021-10-19 04:10:13,22850.0,100.0,497800.0
379,2021-10-19 04:10:05,22850.0,1800.0,497700.0
380,2021-10-19 04:10:05,22850.0,2500.0,495900.0
381,2021-10-19 04:09:51,22850.0,2400.0,493400.0
382,2021-10-19 04:09:14,22800.0,100.0,491000.0
383,2021-10-19 04:09:14,22800.0,200.0,490900.0
384,2021-10-19 04:09:14,22800.0,100.0,490700.0
385,2021-10-19 04:09:14,22800.0,300.0,490600.0
386,2021-10-19 04:09:14,22800.0,3200.0,490300.0
387,2021-10-19 04:08:10,22850.0,600.0,487100.0
388,2021-10-19 04:08:10,22850.0,300.0,486500.0
389,2021-10-19 04:08:10,22850.0,100.0,486200.0
390,2021-10-19 04:07:22,22800.0,1500.0,486100.0
391,2021-10-19 04:07:19,22800.0,100.0,484600.0
392,2021-10-19 04:07:19,22800.0,1000.0,484500.0
393,2021-10-19 04:07:19,22800.0,500.0,483500.0
394,2021-10-19 04:06:59,22800.0,900.0,483000.0
395,2021-10-19 04:06:42,22750.0,200.0,482100.0
396,2021-10-19 04:06:42,22750.0,200.0,481900.0
397,2021-10-19 04:06:42,22750.0,100.0,481700.0
398,2021-10-19 04:06:42,22750.0,300.0,481600.0
399,2021-10-19 04:06:42,22750.0,1200.0,481300.0
400,2021-10-19 04:04:13,22800.0,100.0,480100.0
401,2021-10-19 04:03:55,22800.0,500.0,480000.0
402,2021-10-19 04:03:55,22800.0,700.0,479500.0
403,2021-10-19 04:03:32,22800.0,100.0,478800.0
404,2021-10-19 04:03:07,22800.0,500.0,478700.0
405,2021-10-19 04:01:38,22750.0,400.0,478200.0
406,2021-10-19 04:00:57,22800.0,700.0,477800.0
407,2021-10-19 04:00:57,22800.0,100.0,477100.0
408,2021-10-19 04:00:57,22800.0,200.0,477000.0
409,2021-10-19 04:00:37,22800.0,100.0,476800.0
410,2021-10-19 03:59:56,22800.0,1000.0,476700.0
411,2021-10-19 03:59:05,22800.0,1000.0,475700.0
412,2021-10-19 03:58:59,22800.0,500.0,474700.0
413,2021-10-19 03:57:40,22800.0,100.0,474200.0
414,2021-10-19 03:57:21,22800.0,500.0,474100.0
415,2021-10-19 03:57:19,22800.0,500.0,473600.0
416,2021-10-19 03:57:11,22800.0,5000.0,473100.0
417,2021-10-19 03:56:47,22800.0,1300.0,468100.0
418,2021-10-19 03:56:47,22800.0,300.0,466800.0
419,2021-10-19 03:56:47,22800.0,100.0,466500.0
420,2021-10-19 03:56:47,22800.0,200.0,466400.0
421,2021-10-19 03:56:47,22800.0,2000.0,466200.0
422,2021-10-19 03:56:47,22800.0,1100.0,464200.0
423,2021-10-19 03:56:06,22750.0,200.0,463100.0
424,2021-10-19 03:56:06,22750.0,1200.0,462900.0
425,2021-10-19 03:55:36,22750.0,1000.0,461700.0
426,2021-10-19 03:55:28,22750.0,400.0,460700.0
427,2021-10-19 03:55:21,22750.0,1500.0,460300.0
428,2021-10-19 03:55:21,22750.0,900.0,458800.0
429,2021-10-19 03:54:54,22800.0,1400.0,457900.0
430,2021-10-19 03:54:54,22800.0,100.0,456500.0
431,2021-10-19 03:54:54,22800.0,100.0,456400.0
432,2021-10-19 03:54:54,22800.0,500.0,456300.0
433,2021-10-19 03:54:54,22800.0,100.0,455800.0
434,2021-10-19 03:54:35,22750.0,5000.0,455700.0
435,2021-10-19 03:54:35,22750.0,100.0,450700.0
436,2021-10-19 03:54:35,22750.0,100.0,450600.0
437,2021-10-19 03:54:35,22750.0,200.0,450500.0
438,2021-10-19 03:54:35,22750.0,3700.0,450300.0
439,2021-10-19 03:54:25,22750.0,1900.0,446600.0
440,2021-10-19 03:52:51,22750.0,400.0,444700.0
441,2021-10-19 03:52:41,22750.0,600.0,444300.0
442,2021-10-19 03:52:36,22750.0,200.0,443700.0
443,2021-10-19 03:52:17,22750.0,200.0,443500.0
444,2021-10-19 03:52:15,22750.0,100.0,443300.0
445,2021-10-19 03:52:12,22750.0,1000.0,443200.0
446,2021-10-19 03:51:50,22750.0,900.0,442200.0
447,2021-10-19 03:51:35,22750.0,1000.0,441300.0
448,2021-10-19 03:51:29,22750.0,6000.0,440300.0
449,2021-10-19 03:51:27,22750.0,100.0,434300.0
450,2021-10-19 03:51:24,22750.0,1000.0,434200.0
451,2021-10-19 03:51:16,22750.0,600.0,433200.0
452,2021-10-19 03:51:08,22750.0,400.0,432600.0
453,2021-10-19 03:50:37,22750.0,100.0,432200.0
454,2021-10-19 03:50:30,22750.0,1000.0,432100.0
455,2021-10-19 03:50:23,22750.0,300.0,431100.0
456,2021-10-19 03:50:11,22750.0,500.0,430800.0
457,2021-10-19 03:49:45,22700.0,400.0,430300.0
458,2021-10-19 03:49:45,22700.0,800.0,429900.0
459,2021-10-19 03:48:30,22700.0,500.0,429100.0
460,2021-10-19 03:48:22,22700.0,1800.0,428600.0
461,2021-10-19 03:47:33,22700.0,500.0,426800.0
462,2021-10-19 03:47:33,22700.0,1300.0,426300.0
463,2021-10-19 03:47:33,22700.0,5000.0,425000.0
464,2021-10-19 03:47:33,22700.0,100.0,420000.0
465,2021-10-19 03:47:13,22700.0,500.0,419900.0
466,2021-10-19 03:47:13,22700.0,1400.0,419400.0
467,2021-10-19 03:46:35,22700.0,3600.0,418000.0
468,2021-10-19 03:46:35,22700.0,6400.0,414400.0
469,2021-10-19 03:46:02,22700.0,3000.0,408000.0
470,2021-10-19 03:45:49,22700.0,4000.0,405000.0
471,2021-10-19 03:45:40,22700.0,1600.0,401000.0
472,2021-10-19 03:45:40,22700.0,4400.0,399400.0
473,2021-10-19 03:45:22,22700.0,5600.0,395000.0
474,2021-10-19 03:45:22,22700.0,4400.0,389400.0
475,2021-10-19 03:44:58,22700.0,5000.0,385000.0
476,2021-10-19 03:44:42,22700.0,600.0,380000.0
477,2021-10-19 03:44:42,22700.0,100.0,379400.0
478,2021-10-19 03:44:42,22700.0,8300.0,379300.0
479,2021-10-19 03:44:23,22700.0,300.0,371000.0
480,2021-10-19 03:42:56,22700.0,600.0,370700.0
481,2021-10-19 03:42:56,22700.0,800.0,370100.0
482,2021-10-19 03:42:34,22700.0,1500.0,369300.0
483,2021-10-19 03:42:34,22700.0,100.0,367800.0
484,2021-10-19 03:42:34,22700.0,100.0,367700.0
485,2021-10-19 03:42:34,22700.0,19400.0,367600.0
486,2021-10-19 03:42:34,22700.0,3300.0,348200.0
487,2021-10-19 03:41:57,22700.0,4000.0,344900.0
488,2021-10-19 03:41:39,22650.0,100.0,340900.0
489,2021-10-19 03:41:39,22650.0,100.0,340800.0
490,2021-10-19 03:41:39,22650.0,200.0,340700.0
491,2021-10-19 03:41:39,22650.0,1000.0,340500.0
492,2021-10-19 03:41:39,22650.0,500.0,339500.0
493,2021-10-19 03:41:39,22650.0,3100.0,339000.0
494,2021-10-19 03:40:40,22650.0,1900.0,335900.0
495,2021-10-19 03:40:40,22650.0,1100.0,334000.0
496,2021-10-19 03:39:12,22700.0,500.0,332900.0
497,2021-10-19 03:38:04,22650.0,200.0,332400.0
498,2021-10-19 03:37:20,22650.0,1500.0,332200.0
499,2021-10-19 03:37:20,22650.0,500.0,330700.0
500,2021-10-19 03:35:37,22650.0,500.0,330200.0
501,2021-10-19 03:35:37,22650.0,4000.0,329700.0
502,2021-10-19 03:32:33,22650.0,100.0,325700.0
503,2021-10-19 03:32:33,22650.0,1900.0,325600.0
504,2021-10-19 03:31:13,22650.0,800.0,323700.0
505,2021-10-19 03:31:13,22650.0,100.0,322900.0
506,2021-10-19 03:31:13,22650.0,100.0,322800.0
507,2021-10-19 03:31:13,22650.0,100.0,322700.0
508,2021-10-19 03:31:13,22650.0,1000.0,322600.0
509,2021-10-19 03:31:13,22650.0,100.0,321600.0
510,2021-10-19 03:31:13,22650.0,900.0,321500.0
511,2021-10-19 03:31:01,22650.0,100.0,320600.0
512,2021-10-19 03:23:58,22650.0,100.0,320500.0
513,2021-10-19 03:23:22,22600.0,2700.0,320400.0
514,2021-10-19 03:23:11,22600.0,2000.0,317700.0
515,2021-10-19 03:22:29,22600.0,1100.0,315700.0
516,2021-10-19 03:22:29,22600.0,700.0,314600.0
517,2021-10-19 03:22:29,22600.0,500.0,313900.0
518,2021-10-19 03:22:29,22600.0,500.0,313400.0
519,2021-10-19 03:22:29,22600.0,500.0,312900.0
520,2021-10-19 03:22:29,22600.0,1000.0,312400.0
521,2021-10-19 03:22:29,22600.0,1000.0,311400.0
522,2021-10-19 03:21:40,22650.0,200.0,310400.0
523,2021-10-19 03:19:07,22650.0,100.0,310200.0
524,2021-10-19 03:18:53,22650.0,100.0,310100.0
525,2021-10-19 03:18:03,22650.0,1000.0,310000.0
526,2021-10-19 03:17:44,22650.0,200.0,309000.0
527,2021-10-19 03:17:44,22650.0,17300.0,308800.0
528,2021-10-19 03:17:42,22650.0,500.0,291500.0
529,2021-10-19 03:17:13,22650.0,200.0,291000.0
530,2021-10-19 03:15:05,22700.0,2200.0,290800.0
531,2021-10-19 03:15:05,22700.0,200.0,288600.0
532,2021-10-19 03:15:05,22700.0,100.0,288400.0
533,2021-10-19 03:15:05,22700.0,500.0,288300.0
534,2021-10-19 03:13:53,22650.0,1600.0,287800.0
535,2021-10-19 03:11:50,22650.0,400.0,286200.0
536,2021-10-19 03:11:50,22650.0,100.0,285800.0
537,2021-10-19 03:11:38,22650.0,200.0,285700.0
538,2021-10-19 03:10:05,22700.0,900.0,285500.0
539,2021-10-19 03:10:05,22700.0,100.0,284600.0
540,2021-10-19 03:09:47,22650.0,10000.0,284500.0
541,2021-10-19 03:09:39,22700.0,100.0,274500.0
542,2021-10-19 03:09:24,22650.0,20000.0,274400.0
543,2021-10-19 03:08:27,22700.0,4000.0,254400.0
544,2021-10-19 03:06:48,22700.0,1000.0,250400.0
545,2021-10-19 03:05:00,22700.0,3000.0,249400.0
546,2021-10-19 03:03:39,22700.0,100.0,246400.0
547,2021-10-19 03:03:17,22700.0,1700.0,246300.0
548,2021-10-19 03:03:17,22700.0,3300.0,244600.0
549,2021-10-19 03:03:02,22700.0,10000.0,241300.0
550,2021-10-19 03:02:48,22700.0,5000.0,231300.0
551,2021-10-19 03:02:37,22700.0,1700.0,226300.0
552,2021-10-19 03:02:37,22700.0,500.0,224600.0
553,2021-10-19 03:02:37,22700.0,100.0,224100.0
554,2021-10-19 03:02:37,22700.0,1700.0,224000.0
555,2021-10-19 03:02:36,22650.0,200.0,222300.0
556,2021-10-19 03:02:35,22700.0,200.0,222100.0
557,2021-10-19 03:02:27,22700.0,3000.0,221900.0
558,2021-10-19 03:02:18,22700.0,2000.0,218900.0
559,2021-10-19 03:02:03,22700.0,100.0,216900.0
560,2021-10-19 03:01:41,22700.0,3000.0,216800.0
561,2021-10-19 03:00:46,22650.0,100.0,213800.0
562,2021-10-19 03:00:46,22650.0,700.0,213700.0
563,2021-10-19 03:00:32,22650.0,100.0,213000.0
564,2021-10-19 03:00:30,22650.0,1000.0,212900.0
565,2021-10-19 03:00:27,22600.0,500.0,211900.0
566,2021-10-19 03:00:27,22600.0,1000.0,211400.0
567,2021-10-19 03:00:27,22600.0,2000.0,210400.0
568,2021-10-19 03:00:27,22600.0,11900.0,208400.0
569,2021-10-19 03:00:27,22600.0,500.0,196500.0
570,2021-10-19 03:00:27,22600.0,500.0,196000.0
571,2021-10-19 03:00:27,22600.0,1000.0,195500.0
572,2021-10-19 03:00:27,22600.0,100.0,194500.0
573,2021-10-19 03:00:27,22600.0,1000.0,194400.0
574,2021-10-19 03:00:13,22650.0,100.0,193400.0
575,2021-10-19 03:00:00,22650.0,500.0,193300.0
576,2021-10-19 02:58:51,22650.0,3600.0,192800.0
577,2021-10-19 02:58:40,22650.0,1000.0,189200.0
578,2021-10-19 02:58:40,22650.0,400.0,188200.0
579,2021-10-19 02:58:12,22650.0,100.0,187800.0
580,2021-10-19 02:58:07,22600.0,100.0,187700.0
581,2021-10-19 02:57:50,22650.0,900.0,187600.0
582,2021-10-19 02:57:26,22650.0,100.0,186700.0
583,2021-10-19 02:56:57,22650.0,1000.0,186600.0
584,2021-10-19 02:56:57,22650.0,200.0,185600.0
585,2021-10-19 02:56:57,22650.0,100.0,185400.0
586,2021-10-19 02:56:57,22650.0,500.0,185300.0
587,2021-10-19 02:56:57,22650.0,200.0,184800.0
588,2021-10-19 02:56:57,22650.0,200.0,184600.0
589,2021-10-19 02:56:57,22650.0,900.0,184400.0
590,2021-10-19 02:56:16,22700.0,3400.0,183500.0
591,2021-10-19 02:53:56,22650.0,100.0,180100.0
592,2021-10-19 02:53:54,22650.0,1000.0,180000.0
593,2021-10-19 02:53:30,22600.0,100.0,179000.0
594,2021-10-19 02:52:58,22550.0,1000.0,178900.0
595,2021-10-19 02:52:53,22650.0,3000.0,177900.0
596,2021-10-19 02:51:30,22550.0,800.0,174900.0
597,2021-10-19 02:51:30,22550.0,300.0,174100.0
598,2021-10-19 02:51:30,22550.0,600.0,173800.0
599,2021-10-19 02:51:30,22550.0,200.0,173200.0
600,2021-10-19 02:51:30,22550.0,1000.0,173000.0
601,2021-10-19 02:51:30,22550.0,1000.0,172000.0
602,2021-10-19 02:51:30,22550.0,6000.0,171000.0
603,2021-10-19 02:51:30,22600.0,100.0,165000.0
604,2021-10-19 02:51:30,22650.0,1000.0,164900.0
605,2021-10-19 02:50:08,22600.0,100.0,163900.0
606,2021-10-19 02:49:48,22600.0,400.0,163800.0
607,2021-10-19 02:49:48,22600.0,2600.0,163400.0
608,2021-10-19 02:49:06,22600.0,100.0,160800.0
609,2021-10-19 02:48:57,22600.0,400.0,160700.0
610,2021-10-19 02:48:53,22600.0,100.0,160300.0
611,2021-10-19 02:48:27,22600.0,1000.0,160200.0
612,2021-10-19 02:48:26,22600.0,1000.0,159200.0
613,2021-10-19 02:48:08,22600.0,800.0,158200.0
614,2021-10-19 02:48:08,22600.0,1200.0,157400.0
615,2021-10-19 02:48:08,22600.0,100.0,156200.0
616,2021-10-19 02:47:31,22600.0,2000.0,156100.0
617,2021-10-19 02:47:27,22600.0,200.0,154100.0
618,2021-10-19 02:47:05,22600.0,1000.0,153900.0
619,2021-10-19 02:46:52,22600.0,200.0,152900.0
620,2021-10-19 02:46:49,22600.0,3000.0,152700.0
621,2021-10-19 02:46:34,22600.0,8500.0,149700.0
622,2021-10-19 02:46:01,22600.0,1500.0,141200.0
623,2021-10-19 02:45:52,22600.0,500.0,139700.0
624,2021-10-19 02:45:36,22600.0,100.0,139200.0
625,2021-10-19 02:45:36,22600.0,300.0,139100.0
626,2021-10-19 02:45:31,22600.0,1000.0,138800.0
627,2021-10-19 02:45:31,22600.0,5000.0,137800.0
628,2021-10-19 02:45:31,22600.0,1600.0,132800.0
629,2021-10-19 02:45:14,22650.0,5000.0,131200.0
630,2021-10-19 02:44:43,22600.0,400.0,126200.0
631,2021-10-19 02:44:43,22600.0,1800.0,125800.0
632,2021-10-19 02:44:43,22600.0,200.0,124000.0
633,2021-10-19 02:44:43,22600.0,200.0,123800.0
634,2021-10-19 02:44:43,22600.0,100.0,123600.0
635,2021-10-19 02:44:31,22650.0,5000.0,123500.0
636,2021-10-19 02:44:24,22600.0,500.0,118500.0
637,2021-10-19 02:44:24,22600.0,1000.0,118000.0
638,2021-10-19 02:44:24,22600.0,200.0,117000.0
639,2021-10-19 02:44:24,22600.0,10000.0,116800.0
640,2021-10-19 02:44:24,22600.0,1000.0,106800.0
641,2021-10-19 02:44:24,22600.0,200.0,105800.0
642,2021-10-19 02:44:24,22600.0,1000.0,105600.0
643,2021-10-19 02:44:24,22600.0,1200.0,104600.0
644,2021-10-19 02:44:24,22600.0,4900.0,103400.0
645,2021-10-19 02:43:57,22600.0,8000.0,98500.0
646,2021-10-19 02:43:24,22600.0,300.0,90500.0
647,2021-10-19 02:43:20,22650.0,100.0,90200.0
648,2021-10-19 02:43:04,22600.0,1800.0,90100.0
649,2021-10-19 02:43:04,22600.0,1200.0,88300.0
650,2021-10-19 02:42:56,22650.0,4000.0,87100.0
651,2021-10-19 02:42:45,22650.0,8000.0,83100.0
652,2021-10-19 02:42:34,22650.0,10000.0,75100.0
653,2021-10-19 02:42:23,22650.0,3900.0,65100.0
654,2021-10-19 02:42:23,22650.0,400.0,61200.0
655,2021-10-19 02:42:23,22650.0,700.0,60800.0
656,2021-10-19 02:42:12,22650.0,200.0,60100.0
657,2021-10-19 02:41:13,22650.0,100.0,59900.0
658,2021-10-19 02:41:13,22650.0,300.0,59800.0
659,2021-10-19 02:40:51,22650.0,100.0,59500.0
660,2021-10-19 02:40:38,22650.0,200.0,59400.0
661,2021-10-19 02:39:59,22650.0,600.0,59200.0
662,2021-10-19 02:39:25,22650.0,600.0,58600.0
663,2021-10-19 02:39:25,22650.0,500.0,58000.0
664,2021-10-19 02:39:25,22650.0,200.0,57500.0
665,2021-10-19 02:39:25,22650.0,200.0,57300.0
666,2021-10-19 02:39:25,22650.0,100.0,57100.0
667,2021-10-19 02:39:25,22650.0,2800.0,57000.0
668,2021-10-19 02:39:25,22650.0,100.0,54200.0
669,2021-10-19 02:39:25,22650.0,300.0,54100.0
670,2021-10-19 02:39:25,22650.0,3000.0,53800.0
671,2021-10-19 02:39:21,22650.0,100.0,50800.0
672,2021-10-19 02:39:05,22650.0,500.0,50700.0
673,2021-10-19 02:37:00,22650.0,900.0,50200.0
674,2021-10-19 02:36:41,22700.0,300.0,49300.0
675,2021-10-19 02:33:33,22700.0,100.0,49000.0
676,2021-10-19 02:33:19,22700.0,500.0,48900.0
677,2021-10-19 02:32:59,22700.0,200.0,48400.0
678,2021-10-19 02:32:58,22700.0,3000.0,48200.0
679,2021-10-19 02:32:01,22700.0,1000.0,45200.0
680,2021-10-19 02:32:01,22700.0,400.0,44200.0
681,2021-10-19 02:31:06,22700.0,500.0,43800.0
682,2021-10-19 02:31:06,22700.0,300.0,43300.0
683,2021-10-19 02:31:06,22700.0,3800.0,43000.0
684,2021-10-19 02:30:05,22700.0,500.0,39200.0
685,2021-10-19 02:29:57,22650.0,500.0,38700.0
686,2021-10-19 02:29:57,22650.0,1000.0,38200.0
687,2021-10-19 02:29:57,22650.0,3000.0,37200.0
688,2021-10-19 02:29:29,22700.0,500.0,34200.0
689,2021-10-19 02:29:29,22700.0,100.0,33700.0
690,2021-10-19 02:29:29,22700.0,100.0,33600.0
691,2021-10-19 02:29:26,22700.0,700.0,33500.0
692,2021-10-19 02:28:51,22700.0,300.0,32800.0
693,2021-10-19 02:28:05,22700.0,500.0,32500.0
694,2021-10-19 02:27:36,22700.0,500.0,32000.0
695,2021-10-19 02:27:18,22700.0,300.0,31500.0
696,2021-10-19 02:27:18,22700.0,1800.0,31200.0
697,2021-10-19 02:27:18,22700.0,1600.0,29400.0
698,2021-10-19 02:26:38,22700.0,100.0,27800.0
699,2021-10-19 02:25:58,22650.0,2000.0,27700.0
700,2021-10-19 02:25:48,22700.0,300.0,25700.0
701,2021-10-19 02:25:23,22700.0,100.0,25400.0
702,2021-10-19 02:25:21,22700.0,100.0,25300.0
703,2021-10-19 02:25:21,22700.0,7800.0,25200.0
704,2021-10-19 02:25:05,22700.0,2200.0,17400.0
705,2021-10-19 02:25:05,22700.0,800.0,15200.0
706,2021-10-19 02:24:26,22700.0,200.0,14400.0
707,2021-10-19 02:24:24,22750.0,200.0,14200.0
708,2021-10-19 02:24:17,22750.0,200.0,14000.0
709,2021-10-19 02:23:48,22750.0,300.0,13800.0
710,2021-10-19 02:20:27,22800.0,300.0,13500.0
711,2021-10-19 02:20:14,22800.0,700.0,13200.0
712,2021-10-19 02:20:14,22800.0,1000.0,12500.0
713,2021-10-19 02:20:14,22800.0,300.0,11500.0
714,2021-10-19 02:19:23,22800.0,200.0,11200.0
715,2021-10-19 02:19:23,22800.0,1000.0,11000.0
716,2021-10-19 02:19:23,22800.0,2500.0,10000.0
717,2021-10-19 02:19:23,22800.0,900.0,7500.0
718,2021-10-19 02:17:02,22800.0,500.0,6600.0
719,2021-10-19 02:15:48,22800.0,100.0,6100.0
720,2021-10-19 02:15:48,22800.0,4500.0,6000.0
721,2021-10-19 02:15:01,22800.0,500.0,1500.0
722,2021-10-19 02:15:01,22800.0,1000.0,1000.0
