,Time,Price,Volume_per_trade,Volume
0,2021-10-21 07:45:01,22750.0,500.0,1460500.0
1,2021-10-21 07:45:01,22750.0,1000.0,1460000.0
2,2021-10-21 07:45:01,22750.0,8000.0,1459000.0
3,2021-10-21 07:45:01,22750.0,1000.0,1451000.0
4,2021-10-21 07:45:01,22750.0,100.0,1450000.0
5,2021-10-21 07:45:01,22750.0,1000.0,1449900.0
6,2021-10-21 07:45:01,22750.0,26300.0,1448900.0
7,2021-10-21 07:45:01,22750.0,700.0,1422600.0
8,2021-10-21 07:45:01,22750.0,1900.0,1421900.0
9,2021-10-21 07:45:01,22750.0,1500.0,1420000.0
10,2021-10-21 07:45:01,22750.0,700.0,1418500.0
11,2021-10-21 07:45:01,22750.0,2300.0,1417800.0
12,2021-10-21 07:29:54,22650.0,2800.0,1415500.0
13,2021-10-21 07:29:34,22650.0,1200.0,1412700.0
14,2021-10-21 07:29:25,22700.0,600.0,1411500.0
15,2021-10-21 07:29:25,22650.0,1400.0,1410900.0
16,2021-10-21 07:29:25,22650.0,200.0,1409500.0
17,2021-10-21 07:29:25,22650.0,1400.0,1409300.0
18,2021-10-21 07:29:17,22650.0,100.0,1407900.0
19,2021-10-21 07:29:15,22650.0,600.0,1407800.0
20,2021-10-21 07:29:14,22650.0,2000.0,1407200.0
21,2021-10-21 07:29:12,22650.0,300.0,1405200.0
22,2021-10-21 07:29:12,22650.0,1000.0,1404900.0
23,2021-10-21 07:28:54,22650.0,2000.0,1403900.0
24,2021-10-21 07:28:40,22650.0,300.0,1401900.0
25,2021-10-21 07:28:22,22650.0,200.0,1401600.0
26,2021-10-21 07:27:59,22650.0,700.0,1401400.0
27,2021-10-21 07:27:59,22650.0,800.0,1400700.0
28,2021-10-21 07:27:38,22650.0,2200.0,1399900.0
29,2021-10-21 07:27:24,22650.0,300.0,1397700.0
30,2021-10-21 07:27:20,22650.0,200.0,1397400.0
31,2021-10-21 07:27:18,22650.0,100.0,1397200.0
32,2021-10-21 07:26:59,22650.0,1100.0,1397100.0
33,2021-10-21 07:26:52,22650.0,900.0,1396000.0
34,2021-10-21 07:26:52,22650.0,1000.0,1395100.0
35,2021-10-21 07:26:52,22650.0,1400.0,1394100.0
36,2021-10-21 07:26:52,22650.0,10000.0,1392700.0
37,2021-10-21 07:26:52,22650.0,200.0,1382700.0
38,2021-10-21 07:26:52,22650.0,100.0,1382500.0
39,2021-10-21 07:26:52,22650.0,2000.0,1382400.0
40,2021-10-21 07:26:52,22650.0,3000.0,1380400.0
41,2021-10-21 07:26:44,22700.0,1500.0,1377400.0
42,2021-10-21 07:26:40,22700.0,500.0,1375900.0
43,2021-10-21 07:26:18,22700.0,100.0,1375400.0
44,2021-10-21 07:26:18,22700.0,1000.0,1375300.0
45,2021-10-21 07:26:18,22700.0,1500.0,1374300.0
46,2021-10-21 07:26:18,22700.0,1000.0,1372800.0
47,2021-10-21 07:26:18,22700.0,100.0,1371800.0
48,2021-10-21 07:26:18,22700.0,100.0,1371700.0
49,2021-10-21 07:26:18,22700.0,500.0,1371600.0
50,2021-10-21 07:26:18,22700.0,200.0,1371100.0
51,2021-10-21 07:26:18,22700.0,300.0,1370900.0
52,2021-10-21 07:26:18,22700.0,300.0,1370600.0
53,2021-10-21 07:25:56,22750.0,100.0,1370300.0
54,2021-10-21 07:25:56,22750.0,100.0,1370200.0
55,2021-10-21 07:25:48,22750.0,900.0,1370100.0
56,2021-10-21 07:25:48,22750.0,1800.0,1369200.0
57,2021-10-21 07:25:48,22750.0,900.0,1367400.0
58,2021-10-21 07:24:41,22750.0,100.0,1366500.0
59,2021-10-21 07:23:06,22750.0,200.0,1366400.0
60,2021-10-21 07:23:06,22750.0,300.0,1366200.0
61,2021-10-21 07:22:50,22750.0,200.0,1365900.0
62,2021-10-21 07:22:03,22800.0,8600.0,1365700.0
63,2021-10-21 07:21:54,22800.0,200.0,1357100.0
64,2021-10-21 07:21:54,22800.0,300.0,1356900.0
65,2021-10-21 07:20:22,22800.0,2400.0,1356600.0
66,2021-10-21 07:19:48,22750.0,500.0,1354200.0
67,2021-10-21 07:16:40,22700.0,200.0,1353700.0
68,2021-10-21 07:16:40,22700.0,800.0,1353500.0
69,2021-10-21 07:16:12,22700.0,1000.0,1352700.0
70,2021-10-21 07:15:16,22700.0,600.0,1351700.0
71,2021-10-21 07:15:16,22700.0,3000.0,1351100.0
72,2021-10-21 07:15:16,22700.0,1400.0,1348100.0
73,2021-10-21 07:15:04,22700.0,4100.0,1346700.0
74,2021-10-21 07:14:18,22700.0,500.0,1342600.0
75,2021-10-21 07:14:18,22700.0,3000.0,1342100.0
76,2021-10-21 07:14:18,22700.0,1000.0,1339100.0
77,2021-10-21 07:14:18,22700.0,1000.0,1338100.0
78,2021-10-21 07:14:18,22700.0,200.0,1337100.0
79,2021-10-21 07:14:18,22700.0,2200.0,1336900.0
80,2021-10-21 07:14:18,22700.0,200.0,1334700.0
81,2021-10-21 07:14:18,22700.0,200.0,1334500.0
82,2021-10-21 07:14:18,22700.0,4700.0,1334300.0
83,2021-10-21 07:13:05,22750.0,200.0,1329600.0
84,2021-10-21 07:13:05,22750.0,900.0,1329400.0
85,2021-10-21 07:13:05,22750.0,1800.0,1328500.0
86,2021-10-21 07:09:13,22800.0,5000.0,1326700.0
87,2021-10-21 07:08:39,22750.0,1200.0,1321700.0
88,2021-10-21 07:07:40,22750.0,1000.0,1320500.0
89,2021-10-21 07:06:59,22750.0,3900.0,1319500.0
90,2021-10-21 07:06:59,22750.0,5900.0,1315600.0
91,2021-10-21 07:05:31,22800.0,10000.0,1309700.0
92,2021-10-21 07:05:16,22800.0,2300.0,1299700.0
93,2021-10-21 07:05:16,22800.0,1000.0,1297400.0
94,2021-10-21 07:05:16,22800.0,700.0,1296400.0
95,2021-10-21 07:04:56,22800.0,900.0,1295700.0
96,2021-10-21 07:03:25,22800.0,100.0,1294800.0
97,2021-10-21 07:02:38,22800.0,300.0,1294700.0
98,2021-10-21 07:02:04,22800.0,2000.0,1294400.0
99,2021-10-21 07:01:28,22850.0,1800.0,1292400.0
100,2021-10-21 07:01:28,22850.0,200.0,1290600.0
101,2021-10-21 06:59:53,22750.0,100.0,1290400.0
102,2021-10-21 06:59:53,22750.0,3000.0,1290300.0
103,2021-10-21 06:59:53,22750.0,400.0,1287300.0
104,2021-10-21 06:59:53,22750.0,1500.0,1286900.0
105,2021-10-21 06:59:53,22800.0,1700.0,1285400.0
106,2021-10-21 06:57:01,22800.0,2000.0,1283700.0
107,2021-10-21 06:56:50,22800.0,1000.0,1281700.0
108,2021-10-21 06:56:27,22800.0,400.0,1280700.0
109,2021-10-21 06:55:51,22800.0,400.0,1280300.0
110,2021-10-21 06:55:06,22750.0,500.0,1279900.0
111,2021-10-21 06:54:57,22800.0,2000.0,1279400.0
112,2021-10-21 06:54:44,22800.0,2500.0,1277400.0
113,2021-10-21 06:54:44,22800.0,300.0,1274900.0
114,2021-10-21 06:54:44,22800.0,1000.0,1274600.0
115,2021-10-21 06:54:44,22800.0,600.0,1273600.0
116,2021-10-21 06:54:44,22800.0,600.0,1273000.0
117,2021-10-21 06:52:28,22750.0,100.0,1272400.0
118,2021-10-21 06:52:28,22750.0,200.0,1272300.0
119,2021-10-21 06:52:28,22750.0,300.0,1272100.0
120,2021-10-21 06:52:28,22750.0,2400.0,1271800.0
121,2021-10-21 06:50:57,22750.0,400.0,1269400.0
122,2021-10-21 06:50:47,22750.0,500.0,1269000.0
123,2021-10-21 06:47:49,22750.0,5000.0,1268500.0
124,2021-10-21 06:47:03,22700.0,300.0,1263500.0
125,2021-10-21 06:47:03,22700.0,400.0,1263200.0
126,2021-10-21 06:47:03,22700.0,300.0,1262800.0
127,2021-10-21 06:46:53,22750.0,8000.0,1262500.0
128,2021-10-21 06:46:33,22750.0,10000.0,1254500.0
129,2021-10-21 06:46:09,22700.0,1000.0,1244500.0
130,2021-10-21 06:46:02,22750.0,3700.0,1243500.0
131,2021-10-21 06:46:02,22750.0,1300.0,1239800.0
132,2021-10-21 06:44:21,22700.0,700.0,1238500.0
133,2021-10-21 06:41:01,22650.0,2000.0,1237800.0
134,2021-10-21 06:40:44,22650.0,500.0,1235800.0
135,2021-10-21 06:40:44,22650.0,100.0,1235300.0
136,2021-10-21 06:40:44,22650.0,2000.0,1235200.0
137,2021-10-21 06:40:44,22650.0,1200.0,1233200.0
138,2021-10-21 06:40:44,22650.0,500.0,1232000.0
139,2021-10-21 06:40:44,22650.0,500.0,1231500.0
140,2021-10-21 06:40:44,22650.0,3500.0,1231000.0
141,2021-10-21 06:40:44,22700.0,200.0,1227500.0
142,2021-10-21 06:40:44,22700.0,100.0,1227300.0
143,2021-10-21 06:40:44,22700.0,100.0,1227200.0
144,2021-10-21 06:40:44,22700.0,100.0,1227100.0
145,2021-10-21 06:40:44,22700.0,400.0,1227000.0
146,2021-10-21 06:40:44,22700.0,1000.0,1226600.0
147,2021-10-21 06:40:44,22700.0,2800.0,1225600.0
148,2021-10-21 06:39:26,22750.0,200.0,1222800.0
149,2021-10-21 06:39:04,22750.0,200.0,1222600.0
150,2021-10-21 06:38:12,22750.0,200.0,1222400.0
151,2021-10-21 06:37:25,22750.0,500.0,1222200.0
152,2021-10-21 06:37:15,22750.0,1000.0,1221700.0
153,2021-10-21 06:36:53,22750.0,100.0,1220700.0
154,2021-10-21 06:36:32,22750.0,500.0,1220600.0
155,2021-10-21 06:36:32,22750.0,4500.0,1220100.0
156,2021-10-21 06:36:20,22750.0,300.0,1215600.0
157,2021-10-21 06:35:50,22750.0,1200.0,1215300.0
158,2021-10-21 06:35:38,22750.0,4300.0,1214100.0
159,2021-10-21 06:35:21,22750.0,1100.0,1209800.0
160,2021-10-21 06:34:58,22750.0,100.0,1208700.0
161,2021-10-21 06:34:41,22750.0,2500.0,1208600.0
162,2021-10-21 06:34:24,22750.0,2000.0,1206100.0
163,2021-10-21 06:34:24,22750.0,3000.0,1204100.0
164,2021-10-21 06:34:14,22750.0,4000.0,1201100.0
165,2021-10-21 06:34:07,22700.0,200.0,1197100.0
166,2021-10-21 06:33:48,22750.0,3000.0,1196900.0
167,2021-10-21 06:33:30,22700.0,2700.0,1193900.0
168,2021-10-21 06:33:30,22700.0,4300.0,1191200.0
169,2021-10-21 06:32:09,22700.0,200.0,1186900.0
170,2021-10-21 06:29:49,22700.0,2500.0,1186700.0
171,2021-10-21 06:29:05,22700.0,1000.0,1184200.0
172,2021-10-21 06:27:38,22700.0,2000.0,1183200.0
173,2021-10-21 06:27:36,22650.0,100.0,1181200.0
174,2021-10-21 06:24:55,22650.0,1400.0,1181100.0
175,2021-10-21 06:24:34,22650.0,2000.0,1179700.0
176,2021-10-21 06:24:03,22500.0,4400.0,1177700.0
177,2021-10-21 06:24:03,22500.0,10000.0,1173300.0
178,2021-10-21 06:24:03,22500.0,1000.0,1163300.0
179,2021-10-21 06:24:03,22500.0,2000.0,1162300.0
180,2021-10-21 06:24:03,22500.0,500.0,1160300.0
181,2021-10-21 06:24:03,22500.0,500.0,1159800.0
182,2021-10-21 06:24:03,22500.0,100.0,1159300.0
183,2021-10-21 06:24:03,22500.0,100.0,1159200.0
184,2021-10-21 06:24:03,22500.0,40000.0,1159100.0
185,2021-10-21 06:24:03,22500.0,2000.0,1119100.0
186,2021-10-21 06:24:03,22500.0,200.0,1117100.0
187,2021-10-21 06:24:03,22500.0,2000.0,1116900.0
188,2021-10-21 06:24:03,22550.0,2000.0,1114900.0
189,2021-10-21 06:24:03,22550.0,300.0,1112900.0
190,2021-10-21 06:24:03,22550.0,10000.0,1112600.0
191,2021-10-21 06:24:03,22550.0,500.0,1102600.0
192,2021-10-21 06:24:03,22600.0,2000.0,1102100.0
193,2021-10-21 06:24:03,22600.0,5000.0,1100100.0
194,2021-10-21 06:24:03,22600.0,500.0,1095100.0
195,2021-10-21 06:24:03,22600.0,2000.0,1094600.0
196,2021-10-21 06:24:03,22600.0,4900.0,1092600.0
197,2021-10-21 06:22:59,22650.0,100.0,1087700.0
198,2021-10-21 06:22:52,22650.0,100.0,1087600.0
199,2021-10-21 06:22:40,22650.0,400.0,1087500.0
200,2021-10-21 06:22:40,22650.0,100.0,1087100.0
201,2021-10-21 06:22:26,22650.0,100.0,1087000.0
202,2021-10-21 06:20:27,22650.0,1000.0,1086900.0
203,2021-10-21 06:19:00,22650.0,700.0,1085900.0
204,2021-10-21 06:18:23,22600.0,2100.0,1085200.0
205,2021-10-21 06:18:13,22600.0,500.0,1083100.0
206,2021-10-21 06:18:13,22600.0,200.0,1082600.0
207,2021-10-21 06:18:13,22600.0,500.0,1082400.0
208,2021-10-21 06:18:13,22600.0,200.0,1081900.0
209,2021-10-21 06:18:13,22600.0,1200.0,1081700.0
210,2021-10-21 06:18:13,22600.0,3000.0,1080500.0
211,2021-10-21 06:18:13,22600.0,1000.0,1077500.0
212,2021-10-21 06:18:13,22600.0,200.0,1076500.0
213,2021-10-21 06:18:13,22600.0,1000.0,1076300.0
214,2021-10-21 06:18:13,22600.0,100.0,1075300.0
215,2021-10-21 06:18:13,22600.0,3000.0,1075200.0
216,2021-10-21 06:18:13,22600.0,2000.0,1072200.0
217,2021-10-21 06:18:10,22650.0,900.0,1070200.0
218,2021-10-21 06:17:35,22650.0,200.0,1069300.0
219,2021-10-21 06:16:36,22650.0,100.0,1069100.0
220,2021-10-21 06:15:57,22650.0,100.0,1069000.0
221,2021-10-21 06:15:33,22650.0,400.0,1068900.0
222,2021-10-21 06:15:03,22650.0,300.0,1068500.0
223,2021-10-21 06:14:40,22650.0,2000.0,1068200.0
224,2021-10-21 06:14:17,22650.0,1000.0,1066200.0
225,2021-10-21 06:14:02,22650.0,1000.0,1065200.0
226,2021-10-21 06:14:02,22650.0,100.0,1064200.0
227,2021-10-21 06:13:54,22700.0,200.0,1064100.0
228,2021-10-21 06:13:50,22650.0,900.0,1063900.0
229,2021-10-21 06:13:37,22650.0,1000.0,1063000.0
230,2021-10-21 06:13:37,22650.0,100.0,1062000.0
231,2021-10-21 06:13:27,22650.0,2000.0,1061900.0
232,2021-10-21 06:13:12,22650.0,1000.0,1059900.0
233,2021-10-21 06:11:24,22600.0,600.0,1058900.0
234,2021-10-21 06:10:55,22600.0,500.0,1058300.0
235,2021-10-21 06:10:55,22600.0,3900.0,1057800.0
236,2021-10-21 06:10:26,22600.0,400.0,1053900.0
237,2021-10-21 06:10:07,22600.0,2000.0,1053500.0
238,2021-10-21 06:10:07,22600.0,2000.0,1051500.0
239,2021-10-21 06:10:07,22600.0,20000.0,1049500.0
240,2021-10-21 06:10:07,22600.0,15000.0,1029500.0
241,2021-10-21 06:10:07,22600.0,400.0,1014500.0
242,2021-10-21 06:10:07,22600.0,500.0,1014100.0
243,2021-10-21 06:10:07,22600.0,2100.0,1013600.0
244,2021-10-21 06:10:07,22600.0,200.0,1011500.0
245,2021-10-21 06:10:07,22600.0,500.0,1011300.0
246,2021-10-21 06:10:07,22600.0,200.0,1010800.0
247,2021-10-21 06:10:07,22600.0,1000.0,1010600.0
248,2021-10-21 06:10:07,22600.0,200.0,1009600.0
249,2021-10-21 06:10:07,22600.0,1000.0,1009400.0
250,2021-10-21 06:10:07,22600.0,2000.0,1008400.0
251,2021-10-21 06:10:07,22600.0,200.0,1006400.0
252,2021-10-21 06:10:07,22600.0,100.0,1006200.0
253,2021-10-21 06:10:07,22650.0,2000.0,1006100.0
254,2021-10-21 06:10:07,22650.0,1000.0,1004100.0
255,2021-10-21 06:10:07,22650.0,500.0,1003100.0
256,2021-10-21 06:10:07,22650.0,4800.0,1002600.0
257,2021-10-21 06:06:13,22650.0,200.0,997800.0
258,2021-10-21 06:06:13,22650.0,300.0,997600.0
259,2021-10-21 06:06:13,22650.0,500.0,997300.0
260,2021-10-21 06:06:13,22650.0,100.0,996800.0
261,2021-10-21 06:06:13,22650.0,5400.0,996700.0
262,2021-10-21 06:05:20,22650.0,1000.0,991300.0
263,2021-10-21 06:04:03,22650.0,3600.0,990300.0
264,2021-10-21 06:03:57,22650.0,500.0,986700.0
265,2021-10-21 06:03:46,22650.0,900.0,986200.0
266,2021-10-21 06:03:29,22650.0,100.0,985300.0
267,2021-10-21 06:03:17,22650.0,1000.0,985200.0
268,2021-10-21 06:02:49,22650.0,500.0,984200.0
269,2021-10-21 06:02:02,22650.0,800.0,983700.0
270,2021-10-21 06:02:02,22650.0,200.0,982900.0
271,2021-10-21 06:02:02,22650.0,300.0,982700.0
272,2021-10-21 06:02:02,22650.0,100.0,982400.0
273,2021-10-21 06:02:02,22650.0,300.0,982300.0
274,2021-10-21 06:02:02,22650.0,400.0,982000.0
275,2021-10-21 06:02:02,22650.0,20000.0,981600.0
276,2021-10-21 06:02:02,22650.0,200.0,961600.0
277,2021-10-21 06:02:02,22650.0,300.0,961400.0
278,2021-10-21 06:02:02,22650.0,200.0,961100.0
279,2021-10-21 06:02:02,22650.0,200.0,960900.0
280,2021-10-21 06:02:02,22650.0,400.0,960700.0
281,2021-10-21 06:00:25,22700.0,3600.0,960300.0
282,2021-10-21 06:00:19,22700.0,1000.0,956700.0
283,2021-10-21 06:00:19,22700.0,6000.0,955700.0
284,2021-10-21 06:00:19,22750.0,100.0,949700.0
285,2021-10-21 06:00:19,22750.0,1800.0,949600.0
286,2021-10-21 06:00:12,22800.0,400.0,947800.0
287,2021-10-21 06:00:01,22750.0,2000.0,947400.0
288,2021-10-21 06:00:01,22750.0,2000.0,945400.0
289,2021-10-21 06:00:01,22750.0,1200.0,943400.0
290,2021-10-21 04:28:50,22750.0,100.0,942200.0
291,2021-10-21 04:28:50,22700.0,400.0,942100.0
292,2021-10-21 04:28:50,22700.0,300.0,941700.0
293,2021-10-21 04:28:50,22700.0,4300.0,941400.0
294,2021-10-21 04:28:46,22750.0,200.0,937100.0
295,2021-10-21 04:28:37,22750.0,100.0,936900.0
296,2021-10-21 04:28:30,22750.0,200.0,936800.0
297,2021-10-21 04:28:04,22750.0,100.0,936600.0
298,2021-10-21 04:25:15,22750.0,100.0,936500.0
299,2021-10-21 04:24:40,22750.0,1200.0,936400.0
300,2021-10-21 04:24:26,22750.0,300.0,935200.0
301,2021-10-21 04:24:10,22750.0,400.0,934900.0
302,2021-10-21 04:23:07,22750.0,100.0,934500.0
303,2021-10-21 04:23:07,22750.0,100.0,934400.0
304,2021-10-21 04:22:22,22750.0,100.0,934300.0
305,2021-10-21 04:21:24,22700.0,700.0,934200.0
306,2021-10-21 04:21:01,22700.0,2000.0,933500.0
307,2021-10-21 04:19:37,22700.0,1000.0,931500.0
308,2021-10-21 04:19:14,22700.0,300.0,930500.0
309,2021-10-21 04:19:14,22700.0,200.0,930200.0
310,2021-10-21 04:19:14,22700.0,10000.0,930000.0
311,2021-10-21 04:19:14,22700.0,500.0,920000.0
312,2021-10-21 04:19:14,22700.0,1000.0,919500.0
313,2021-10-21 04:19:14,22700.0,500.0,918500.0
314,2021-10-21 04:19:14,22700.0,300.0,918000.0
315,2021-10-21 04:19:14,22700.0,100.0,917700.0
316,2021-10-21 04:19:14,22700.0,400.0,917600.0
317,2021-10-21 04:19:14,22700.0,1000.0,917200.0
318,2021-10-21 04:19:14,22700.0,100.0,916200.0
319,2021-10-21 04:19:14,22700.0,100.0,916100.0
320,2021-10-21 04:19:14,22700.0,100.0,916000.0
321,2021-10-21 04:19:14,22700.0,400.0,915900.0
322,2021-10-21 04:19:14,22700.0,10000.0,915500.0
323,2021-10-21 04:19:14,22700.0,300.0,905500.0
324,2021-10-21 04:19:14,22700.0,300.0,905200.0
325,2021-10-21 04:19:14,22700.0,5000.0,904900.0
326,2021-10-21 04:19:14,22700.0,700.0,899900.0
327,2021-10-21 04:19:07,22800.0,700.0,899200.0
328,2021-10-21 04:18:52,22750.0,100.0,898500.0
329,2021-10-21 04:18:05,22750.0,100.0,898400.0
330,2021-10-21 04:18:05,22750.0,800.0,898300.0
331,2021-10-21 04:18:05,22750.0,2000.0,897500.0
332,2021-10-21 04:18:05,22750.0,2100.0,895500.0
333,2021-10-21 04:16:38,22750.0,1500.0,893400.0
334,2021-10-21 04:15:59,22800.0,1000.0,891900.0
335,2021-10-21 04:13:32,22750.0,5400.0,890900.0
336,2021-10-21 04:13:21,22750.0,500.0,885500.0
337,2021-10-21 04:12:44,22750.0,500.0,885000.0
338,2021-10-21 04:12:44,22750.0,400.0,884500.0
339,2021-10-21 04:12:44,22750.0,1000.0,884100.0
340,2021-10-21 04:12:44,22750.0,200.0,883100.0
341,2021-10-21 04:12:44,22750.0,2000.0,882900.0
342,2021-10-21 04:10:21,22800.0,900.0,880900.0
343,2021-10-21 04:10:00,22800.0,4700.0,880000.0
344,2021-10-21 04:09:39,22800.0,300.0,875300.0
345,2021-10-21 04:09:02,22800.0,400.0,875000.0
346,2021-10-21 04:07:51,22800.0,2000.0,874600.0
347,2021-10-21 04:07:16,22800.0,5000.0,872600.0
348,2021-10-21 04:07:16,22800.0,300.0,867600.0
349,2021-10-21 04:07:12,22850.0,2200.0,867300.0
350,2021-10-21 04:06:53,22800.0,1700.0,865100.0
351,2021-10-21 04:05:56,22800.0,8000.0,863400.0
352,2021-10-21 04:05:56,22800.0,1000.0,855400.0
353,2021-10-21 04:05:56,22800.0,1000.0,854400.0
354,2021-10-21 04:05:24,22800.0,1000.0,853400.0
355,2021-10-21 04:02:28,22750.0,2000.0,852400.0
356,2021-10-21 04:00:09,22750.0,1700.0,850400.0
357,2021-10-21 04:00:09,22750.0,500.0,848700.0
358,2021-10-21 04:00:09,22750.0,2000.0,848200.0
359,2021-10-21 04:00:09,22750.0,5000.0,846200.0
360,2021-10-21 04:00:09,22750.0,200.0,841200.0
361,2021-10-21 04:00:09,22750.0,4900.0,841000.0
362,2021-10-21 03:55:54,22750.0,100.0,836100.0
363,2021-10-21 03:55:08,22800.0,300.0,836000.0
364,2021-10-21 03:54:35,22800.0,5000.0,835700.0
365,2021-10-21 03:54:17,22800.0,500.0,830700.0
366,2021-10-21 03:54:17,22800.0,1000.0,830200.0
367,2021-10-21 03:54:17,22800.0,300.0,829200.0
368,2021-10-21 03:54:17,22800.0,500.0,828900.0
369,2021-10-21 03:54:17,22800.0,21000.0,828400.0
370,2021-10-21 03:54:17,22800.0,100.0,807400.0
371,2021-10-21 03:54:17,22800.0,300.0,807300.0
372,2021-10-21 03:54:17,22800.0,6000.0,807000.0
373,2021-10-21 03:54:17,22800.0,1000.0,801000.0
374,2021-10-21 03:54:17,22800.0,200.0,800000.0
375,2021-10-21 03:54:17,22800.0,500.0,799800.0
376,2021-10-21 03:54:17,22800.0,600.0,799300.0
377,2021-10-21 03:54:17,22800.0,100.0,798700.0
378,2021-10-21 03:54:17,22800.0,100.0,798600.0
379,2021-10-21 03:54:17,22800.0,500.0,798500.0
380,2021-10-21 03:53:51,22850.0,500.0,798000.0
381,2021-10-21 03:53:51,22850.0,1000.0,797500.0
382,2021-10-21 03:53:51,22850.0,2000.0,796500.0
383,2021-10-21 03:53:51,22850.0,500.0,794500.0
384,2021-10-21 03:53:51,22850.0,2000.0,794000.0
385,2021-10-21 03:53:51,22850.0,2600.0,792000.0
386,2021-10-21 03:51:04,22850.0,2200.0,789400.0
387,2021-10-21 03:50:45,22850.0,100.0,787200.0
388,2021-10-21 03:50:45,22850.0,2100.0,787100.0
389,2021-10-21 03:48:31,22850.0,900.0,785000.0
390,2021-10-21 03:48:31,22850.0,400.0,784100.0
391,2021-10-21 03:47:54,22850.0,300.0,783700.0
392,2021-10-21 03:47:54,22850.0,1700.0,783400.0
393,2021-10-21 03:46:45,22850.0,100.0,781700.0
394,2021-10-21 03:46:40,22850.0,500.0,781600.0
395,2021-10-21 03:44:26,22850.0,200.0,781100.0
396,2021-10-21 03:42:13,22850.0,1000.0,780900.0
397,2021-10-21 03:42:02,22850.0,2000.0,779900.0
398,2021-10-21 03:41:50,22850.0,4500.0,777900.0
399,2021-10-21 03:41:50,22850.0,5000.0,773400.0
400,2021-10-21 03:41:50,22850.0,100.0,768400.0
401,2021-10-21 03:41:50,22850.0,400.0,768300.0
402,2021-10-21 03:41:01,22850.0,2000.0,767900.0
403,2021-10-21 03:40:25,22850.0,2000.0,765900.0
404,2021-10-21 03:40:16,22850.0,600.0,763900.0
405,2021-10-21 03:38:01,22850.0,300.0,763300.0
406,2021-10-21 03:38:01,22850.0,2000.0,763000.0
407,2021-10-21 03:38:01,22850.0,1200.0,761000.0
408,2021-10-21 03:37:06,22850.0,200.0,759800.0
409,2021-10-21 03:37:06,22850.0,1600.0,759600.0
410,2021-10-21 03:36:58,22850.0,1200.0,758000.0
411,2021-10-21 03:36:38,22850.0,3200.0,756800.0
412,2021-10-21 03:36:21,22850.0,1800.0,753600.0
413,2021-10-21 03:36:14,22850.0,2000.0,751800.0
414,2021-10-21 03:36:13,22850.0,1000.0,749800.0
415,2021-10-21 03:35:34,22850.0,600.0,748800.0
416,2021-10-21 03:35:34,22850.0,200.0,748200.0
417,2021-10-21 03:35:34,22850.0,500.0,748000.0
418,2021-10-21 03:35:34,22850.0,300.0,747500.0
419,2021-10-21 03:35:34,22850.0,200.0,747200.0
420,2021-10-21 03:35:34,22850.0,3000.0,747000.0
421,2021-10-21 03:35:34,22850.0,2000.0,744000.0
422,2021-10-21 03:35:34,22850.0,200.0,742000.0
423,2021-10-21 03:35:34,22850.0,3900.0,741800.0
424,2021-10-21 03:33:50,22900.0,1100.0,737900.0
425,2021-10-21 03:30:27,22900.0,3900.0,736800.0
426,2021-10-21 03:29:49,22900.0,5000.0,732900.0
427,2021-10-21 03:29:28,22900.0,10000.0,727900.0
428,2021-10-21 03:29:28,22900.0,100.0,717900.0
429,2021-10-21 03:29:28,22900.0,10000.0,717800.0
430,2021-10-21 03:29:28,22900.0,100.0,707800.0
431,2021-10-21 03:29:28,22900.0,900.0,707700.0
432,2021-10-21 03:29:11,22950.0,1000.0,706800.0
433,2021-10-21 03:28:02,22950.0,2000.0,705800.0
434,2021-10-21 03:27:31,22950.0,2000.0,703800.0
435,2021-10-21 03:26:06,22900.0,200.0,701800.0
436,2021-10-21 03:24:46,22950.0,4000.0,701600.0
437,2021-10-21 03:23:22,22900.0,2900.0,697600.0
438,2021-10-21 03:22:33,22950.0,5000.0,694700.0
439,2021-10-21 03:22:33,22950.0,1000.0,689700.0
440,2021-10-21 03:22:33,22950.0,1100.0,688700.0
441,2021-10-21 03:22:13,22950.0,300.0,687600.0
442,2021-10-21 03:22:13,22950.0,1000.0,687300.0
443,2021-10-21 03:22:13,22950.0,1000.0,686300.0
444,2021-10-21 03:22:13,22900.0,3600.0,685300.0
445,2021-10-21 03:22:00,22850.0,600.0,681700.0
446,2021-10-21 03:22:00,22850.0,400.0,681100.0
447,2021-10-21 03:22:00,22850.0,500.0,680700.0
448,2021-10-21 03:22:00,22850.0,1500.0,680200.0
449,2021-10-21 03:22:00,22850.0,1500.0,678700.0
450,2021-10-21 03:22:00,22850.0,1500.0,677200.0
451,2021-10-21 03:22:00,22850.0,100.0,675700.0
452,2021-10-21 03:22:00,22850.0,3000.0,675600.0
453,2021-10-21 03:22:00,22850.0,3400.0,672600.0
454,2021-10-21 03:21:29,22900.0,1000.0,669200.0
455,2021-10-21 03:21:29,22900.0,1600.0,668200.0
456,2021-10-21 03:21:12,22900.0,100.0,666600.0
457,2021-10-21 03:20:29,22900.0,500.0,666500.0
458,2021-10-21 03:19:36,22900.0,300.0,666000.0
459,2021-10-21 03:18:50,22900.0,500.0,665700.0
460,2021-10-21 03:18:27,22900.0,2000.0,665200.0
461,2021-10-21 03:18:27,22900.0,1000.0,663200.0
462,2021-10-21 03:18:27,22900.0,500.0,662200.0
463,2021-10-21 03:18:27,22900.0,300.0,661700.0
464,2021-10-21 03:18:27,22900.0,200.0,661400.0
465,2021-10-21 03:17:42,22900.0,500.0,661200.0
466,2021-10-21 03:16:18,22900.0,200.0,660700.0
467,2021-10-21 03:16:18,22900.0,300.0,660500.0
468,2021-10-21 03:15:30,22900.0,2400.0,660200.0
469,2021-10-21 03:14:37,22900.0,1000.0,657800.0
470,2021-10-21 03:14:34,22900.0,300.0,656800.0
471,2021-10-21 03:14:18,22900.0,200.0,656500.0
472,2021-10-21 03:14:17,22900.0,1000.0,656300.0
473,2021-10-21 03:13:29,22900.0,100.0,655300.0
474,2021-10-21 03:13:29,22900.0,500.0,655200.0
475,2021-10-21 03:13:29,22900.0,1000.0,654700.0
476,2021-10-21 03:12:52,22900.0,1100.0,653700.0
477,2021-10-21 03:12:52,22900.0,900.0,652600.0
478,2021-10-21 03:12:47,22850.0,10000.0,651700.0
479,2021-10-21 03:12:47,22850.0,500.0,641700.0
480,2021-10-21 03:12:47,22850.0,4000.0,641200.0
481,2021-10-21 03:12:47,22850.0,4000.0,637200.0
482,2021-10-21 03:12:47,22850.0,3000.0,633200.0
483,2021-10-21 03:12:39,22900.0,1000.0,630200.0
484,2021-10-21 03:11:40,22900.0,100.0,629200.0
485,2021-10-21 03:10:49,22900.0,1000.0,629100.0
486,2021-10-21 03:10:10,22900.0,5000.0,628100.0
487,2021-10-21 03:09:57,22900.0,800.0,623100.0
488,2021-10-21 03:09:57,22900.0,5000.0,622300.0
489,2021-10-21 03:09:57,22900.0,100.0,617300.0
490,2021-10-21 03:09:57,22900.0,5000.0,617200.0
491,2021-10-21 03:09:57,22900.0,5000.0,612200.0
492,2021-10-21 03:09:57,22900.0,3100.0,607200.0
493,2021-10-21 03:09:08,22900.0,2000.0,604100.0
494,2021-10-21 03:08:00,22900.0,4900.0,602100.0
495,2021-10-21 03:07:44,22900.0,5000.0,597200.0
496,2021-10-21 03:07:44,22900.0,200.0,592200.0
497,2021-10-21 03:07:44,22900.0,5000.0,592000.0
498,2021-10-21 03:07:44,22900.0,100.0,587000.0
499,2021-10-21 03:07:44,22900.0,1000.0,586900.0
500,2021-10-21 03:07:44,22900.0,10000.0,585900.0
501,2021-10-21 03:07:44,22900.0,10000.0,575900.0
502,2021-10-21 03:07:44,22900.0,10000.0,565900.0
503,2021-10-21 03:07:44,22900.0,10000.0,555900.0
504,2021-10-21 03:07:44,22900.0,600.0,545900.0
505,2021-10-21 03:07:44,22900.0,3200.0,545300.0
506,2021-10-21 03:07:30,22950.0,1000.0,542100.0
507,2021-10-21 03:07:30,22950.0,2000.0,541100.0
508,2021-10-21 03:07:30,22950.0,500.0,539100.0
509,2021-10-21 03:07:30,22950.0,500.0,538600.0
510,2021-10-21 03:07:30,22950.0,10000.0,538100.0
511,2021-10-21 03:07:19,22950.0,1000.0,528100.0
512,2021-10-21 03:07:13,23000.0,1000.0,527100.0
513,2021-10-21 03:07:13,23000.0,1000.0,526100.0
514,2021-10-21 03:06:04,23000.0,300.0,525100.0
515,2021-10-21 03:05:55,23000.0,200.0,524800.0
516,2021-10-21 03:05:55,23000.0,400.0,524600.0
517,2021-10-21 03:05:23,23000.0,100.0,524200.0
518,2021-10-21 03:05:23,23000.0,200.0,524100.0
519,2021-10-21 03:05:19,23000.0,500.0,523900.0
520,2021-10-21 03:05:04,23000.0,200.0,523400.0
521,2021-10-21 03:05:01,22950.0,1000.0,523200.0
522,2021-10-21 03:04:59,23000.0,4300.0,522200.0
523,2021-10-21 03:04:59,23000.0,700.0,517900.0
524,2021-10-21 03:04:39,23000.0,1300.0,517200.0
525,2021-10-21 03:04:39,23000.0,7000.0,515900.0
526,2021-10-21 03:04:39,23000.0,1000.0,508900.0
527,2021-10-21 03:04:39,23000.0,10000.0,507900.0
528,2021-10-21 03:04:39,23000.0,100.0,497900.0
529,2021-10-21 03:04:39,23000.0,5000.0,497800.0
530,2021-10-21 03:04:39,23000.0,100.0,492800.0
531,2021-10-21 03:04:39,23000.0,5500.0,492700.0
532,2021-10-21 03:04:20,23000.0,500.0,487200.0
533,2021-10-21 03:04:20,23000.0,300.0,486700.0
534,2021-10-21 03:04:20,23000.0,100.0,486400.0
535,2021-10-21 03:04:20,23000.0,100.0,486300.0
536,2021-10-21 03:04:17,23000.0,100.0,486200.0
537,2021-10-21 03:04:13,23000.0,800.0,486100.0
538,2021-10-21 03:04:13,23000.0,200.0,485300.0
539,2021-10-21 03:03:34,23000.0,300.0,485100.0
540,2021-10-21 03:03:34,23000.0,500.0,484800.0
541,2021-10-21 03:03:34,23000.0,2000.0,484300.0
542,2021-10-21 03:03:34,23000.0,200.0,482300.0
543,2021-10-21 03:03:34,23000.0,1500.0,482100.0
544,2021-10-21 03:03:34,23000.0,5500.0,480600.0
545,2021-10-21 03:03:13,22950.0,100.0,475100.0
546,2021-10-21 03:02:15,23000.0,200.0,475000.0
547,2021-10-21 03:01:49,23000.0,200.0,474800.0
548,2021-10-21 03:01:42,23000.0,1100.0,474600.0
549,2021-10-21 03:01:42,23000.0,100.0,473500.0
550,2021-10-21 03:01:42,23000.0,1300.0,473400.0
551,2021-10-21 03:01:42,22950.0,100.0,472100.0
552,2021-10-21 03:01:42,22950.0,100.0,472000.0
553,2021-10-21 03:01:42,22950.0,2000.0,471900.0
554,2021-10-21 03:01:42,22950.0,1600.0,469900.0
555,2021-10-21 03:01:39,22900.0,1000.0,468300.0
556,2021-10-21 03:00:54,22900.0,3000.0,467300.0
557,2021-10-21 03:00:54,22900.0,2800.0,464300.0
558,2021-10-21 03:00:44,22900.0,800.0,461500.0
559,2021-10-21 02:59:47,22900.0,1400.0,460700.0
560,2021-10-21 02:59:47,22900.0,3600.0,459300.0
561,2021-10-21 02:59:27,22850.0,7200.0,455700.0
562,2021-10-21 02:59:09,22800.0,2600.0,448500.0
563,2021-10-21 02:59:09,22800.0,100.0,445900.0
564,2021-10-21 02:59:09,22800.0,300.0,445800.0
565,2021-10-21 02:59:06,22850.0,200.0,445500.0
566,2021-10-21 02:59:06,22850.0,2000.0,445300.0
567,2021-10-21 02:59:06,22850.0,1000.0,443300.0
568,2021-10-21 02:59:06,22850.0,5000.0,442300.0
569,2021-10-21 02:59:06,22850.0,9600.0,437300.0
570,2021-10-21 02:59:04,22900.0,5000.0,427700.0
571,2021-10-21 02:59:03,22900.0,1400.0,422700.0
572,2021-10-21 02:59:03,22900.0,100.0,421300.0
573,2021-10-21 02:59:03,22900.0,900.0,421200.0
574,2021-10-21 02:59:03,22900.0,1000.0,420300.0
575,2021-10-21 02:59:03,22900.0,1600.0,419300.0
576,2021-10-21 02:56:49,22900.0,2000.0,417700.0
577,2021-10-21 02:56:12,22900.0,1000.0,415700.0
578,2021-10-21 02:55:50,22850.0,400.0,414700.0
579,2021-10-21 02:55:50,22850.0,4000.0,414300.0
580,2021-10-21 02:55:50,22850.0,500.0,410300.0
581,2021-10-21 02:55:42,22900.0,400.0,409800.0
582,2021-10-21 02:55:42,22900.0,1800.0,409400.0
583,2021-10-21 02:54:19,22850.0,1700.0,407600.0
584,2021-10-21 02:54:00,22850.0,300.0,405900.0
585,2021-10-21 02:53:59,22850.0,300.0,405600.0
586,2021-10-21 02:53:55,22850.0,100.0,405300.0
587,2021-10-21 02:53:01,22850.0,1000.0,405200.0
588,2021-10-21 02:52:50,22850.0,100.0,404200.0
589,2021-10-21 02:51:46,22850.0,600.0,404100.0
590,2021-10-21 02:51:15,22850.0,200.0,403500.0
591,2021-10-21 02:51:05,22850.0,500.0,403300.0
592,2021-10-21 02:51:00,22850.0,1100.0,402800.0
593,2021-10-21 02:51:00,22850.0,2000.0,401700.0
594,2021-10-21 02:51:00,22850.0,900.0,399700.0
595,2021-10-21 02:51:00,22850.0,200.0,398800.0
596,2021-10-21 02:51:00,22850.0,1000.0,398600.0
597,2021-10-21 02:50:35,22900.0,3600.0,397600.0
598,2021-10-21 02:50:19,22900.0,1400.0,394000.0
599,2021-10-21 02:50:07,22900.0,300.0,392600.0
600,2021-10-21 02:48:00,22900.0,2900.0,392300.0
601,2021-10-21 02:47:52,22950.0,200.0,389400.0
602,2021-10-21 02:47:42,22900.0,500.0,389200.0
603,2021-10-21 02:47:42,22900.0,1000.0,388700.0
604,2021-10-21 02:47:42,22900.0,2000.0,387700.0
605,2021-10-21 02:47:42,22900.0,200.0,385700.0
606,2021-10-21 02:47:42,22900.0,1400.0,385500.0
607,2021-10-21 02:47:32,22900.0,1000.0,384100.0
608,2021-10-21 02:47:03,22850.0,1400.0,383100.0
609,2021-10-21 02:46:54,22850.0,2000.0,381700.0
610,2021-10-21 02:46:33,22850.0,800.0,379700.0
611,2021-10-21 02:46:21,22800.0,1100.0,378900.0
612,2021-10-21 02:46:21,22800.0,200.0,377800.0
613,2021-10-21 02:46:21,22800.0,300.0,377600.0
614,2021-10-21 02:46:21,22800.0,300.0,377300.0
615,2021-10-21 02:46:21,22800.0,200.0,377000.0
616,2021-10-21 02:46:21,22800.0,200.0,376800.0
617,2021-10-21 02:46:21,22800.0,20000.0,376600.0
618,2021-10-21 02:46:21,22800.0,1000.0,356600.0
619,2021-10-21 02:46:21,22800.0,100.0,355600.0
620,2021-10-21 02:46:21,22800.0,500.0,355500.0
621,2021-10-21 02:46:21,22800.0,300.0,355000.0
622,2021-10-21 02:46:21,22800.0,200.0,354700.0
623,2021-10-21 02:46:21,22800.0,300.0,354500.0
624,2021-10-21 02:46:21,22800.0,2000.0,354200.0
625,2021-10-21 02:46:21,22800.0,2300.0,352200.0
626,2021-10-21 02:46:01,22850.0,800.0,349900.0
627,2021-10-21 02:46:01,22850.0,10200.0,349100.0
628,2021-10-21 02:45:41,22850.0,1000.0,338900.0
629,2021-10-21 02:45:35,22850.0,800.0,337900.0
630,2021-10-21 02:45:31,22850.0,700.0,337100.0
631,2021-10-21 02:45:26,22850.0,1400.0,336400.0
632,2021-10-21 02:44:48,22850.0,1000.0,335000.0
633,2021-10-21 02:44:48,22850.0,100.0,334000.0
634,2021-10-21 02:44:48,22850.0,1000.0,333900.0
635,2021-10-21 02:44:48,22850.0,500.0,332900.0
636,2021-10-21 02:44:48,22850.0,2000.0,332400.0
637,2021-10-21 02:44:48,22850.0,3300.0,330400.0
638,2021-10-21 02:44:46,22900.0,200.0,327100.0
639,2021-10-21 02:44:43,22900.0,500.0,326900.0
640,2021-10-21 02:44:32,22900.0,200.0,326400.0
641,2021-10-21 02:44:02,22900.0,100.0,326200.0
642,2021-10-21 02:42:48,22900.0,600.0,326100.0
643,2021-10-21 02:42:48,22900.0,500.0,325500.0
644,2021-10-21 02:42:48,22900.0,200.0,325000.0
645,2021-10-21 02:42:48,22900.0,2700.0,324800.0
646,2021-10-21 02:41:43,22850.0,300.0,322100.0
647,2021-10-21 02:41:37,22850.0,1400.0,321800.0
648,2021-10-21 02:41:31,22850.0,600.0,320400.0
649,2021-10-21 02:41:31,22850.0,1700.0,319800.0
650,2021-10-21 02:41:21,22850.0,300.0,318100.0
651,2021-10-21 02:41:21,22850.0,2100.0,317800.0
652,2021-10-21 02:41:21,22850.0,600.0,315700.0
653,2021-10-21 02:40:52,22800.0,300.0,315100.0
654,2021-10-21 02:40:43,22800.0,100.0,314800.0
655,2021-10-21 02:39:54,22850.0,100.0,314700.0
656,2021-10-21 02:39:36,22850.0,500.0,314600.0
657,2021-10-21 02:39:23,22850.0,3000.0,314100.0
658,2021-10-21 02:38:26,22850.0,700.0,311100.0
659,2021-10-21 02:38:12,22850.0,100.0,310400.0
660,2021-10-21 02:37:54,22850.0,2000.0,310300.0
661,2021-10-21 02:37:54,22850.0,1000.0,308300.0
662,2021-10-21 02:37:54,22850.0,1000.0,307300.0
663,2021-10-21 02:35:17,22900.0,1000.0,306300.0
664,2021-10-21 02:35:15,22900.0,500.0,305300.0
665,2021-10-21 02:35:15,22900.0,1000.0,304800.0
666,2021-10-21 02:35:15,22900.0,200.0,303800.0
667,2021-10-21 02:35:15,22900.0,200.0,303600.0
668,2021-10-21 02:35:15,22900.0,300.0,303400.0
669,2021-10-21 02:35:15,22900.0,2000.0,303100.0
670,2021-10-21 02:35:15,22900.0,600.0,301100.0
671,2021-10-21 02:35:15,22900.0,500.0,300500.0
672,2021-10-21 02:35:15,22900.0,200.0,300000.0
673,2021-10-21 02:35:15,22900.0,100.0,299800.0
674,2021-10-21 02:35:15,22900.0,5700.0,299700.0
675,2021-10-21 02:34:59,22950.0,300.0,294000.0
676,2021-10-21 02:34:49,22950.0,500.0,293700.0
677,2021-10-21 02:34:13,22950.0,500.0,293200.0
678,2021-10-21 02:34:13,22950.0,400.0,292700.0
679,2021-10-21 02:34:13,22950.0,600.0,292300.0
680,2021-10-21 02:34:13,22950.0,10000.0,291700.0
681,2021-10-21 02:34:13,22950.0,1000.0,281700.0
682,2021-10-21 02:34:13,22950.0,3000.0,280700.0
683,2021-10-21 02:34:13,22950.0,1000.0,277700.0
684,2021-10-21 02:34:13,22950.0,900.0,276700.0
685,2021-10-21 02:34:00,23000.0,600.0,275800.0
686,2021-10-21 02:33:47,23000.0,1100.0,275200.0
687,2021-10-21 02:33:47,23000.0,3900.0,274100.0
688,2021-10-21 02:33:13,23000.0,100.0,270200.0
689,2021-10-21 02:33:13,23000.0,400.0,270100.0
690,2021-10-21 02:32:51,23000.0,4600.0,269700.0
691,2021-10-21 02:32:45,23000.0,400.0,265100.0
692,2021-10-21 02:32:45,23000.0,100.0,264700.0
693,2021-10-21 02:32:18,23000.0,1000.0,264600.0
694,2021-10-21 02:32:03,23050.0,700.0,263600.0
695,2021-10-21 02:32:03,23050.0,100.0,262900.0
696,2021-10-21 02:32:03,23000.0,200.0,262800.0
697,2021-10-21 02:32:03,23000.0,1000.0,262600.0
698,2021-10-21 02:32:03,23000.0,300.0,261600.0
699,2021-10-21 02:32:00,23000.0,500.0,261300.0
700,2021-10-21 02:31:53,23000.0,200.0,260800.0
701,2021-10-21 02:31:53,23000.0,300.0,260600.0
702,2021-10-21 02:31:53,23000.0,600.0,260300.0
703,2021-10-21 02:31:53,23000.0,11200.0,259700.0
704,2021-10-21 02:31:51,23000.0,3000.0,248500.0
705,2021-10-21 02:31:37,23000.0,100.0,245500.0
706,2021-10-21 02:31:22,23000.0,2000.0,245400.0
707,2021-10-21 02:31:19,23000.0,1000.0,243400.0
708,2021-10-21 02:30:48,23000.0,1200.0,242400.0
709,2021-10-21 02:30:45,23000.0,3000.0,241200.0
710,2021-10-21 02:30:44,23000.0,2000.0,238200.0
711,2021-10-21 02:30:44,23000.0,3000.0,236200.0
712,2021-10-21 02:30:44,23000.0,5000.0,233200.0
713,2021-10-21 02:30:44,23000.0,5000.0,228200.0
714,2021-10-21 02:30:44,23000.0,3500.0,223200.0
715,2021-10-21 02:30:27,23050.0,3000.0,219700.0
716,2021-10-21 02:30:19,23050.0,1000.0,216700.0
717,2021-10-21 02:30:08,23050.0,2000.0,215700.0
718,2021-10-21 02:30:01,23050.0,2000.0,213700.0
719,2021-10-21 02:29:51,23050.0,2000.0,211700.0
720,2021-10-21 02:29:48,23000.0,500.0,209700.0
721,2021-10-21 02:29:37,23000.0,700.0,209200.0
722,2021-10-21 02:29:23,23000.0,800.0,208500.0
723,2021-10-21 02:29:21,23000.0,500.0,207700.0
724,2021-10-21 02:29:21,23000.0,8000.0,207200.0
725,2021-10-21 02:29:21,23000.0,300.0,199200.0
726,2021-10-21 02:29:21,23000.0,1000.0,198900.0
727,2021-10-21 02:29:21,23000.0,500.0,197900.0
728,2021-10-21 02:29:21,23000.0,100.0,197400.0
729,2021-10-21 02:29:21,23000.0,4100.0,197300.0
730,2021-10-21 02:29:05,23000.0,900.0,193200.0
731,2021-10-21 02:29:05,23000.0,100.0,192300.0
732,2021-10-21 02:29:05,23000.0,500.0,192200.0
733,2021-10-21 02:28:56,23000.0,100.0,191700.0
734,2021-10-21 02:28:54,23000.0,400.0,191600.0
735,2021-10-21 02:28:54,23000.0,1000.0,191200.0
736,2021-10-21 02:28:54,23000.0,100.0,190200.0
737,2021-10-21 02:28:54,23000.0,100.0,190100.0
738,2021-10-21 02:28:54,23000.0,200.0,190000.0
739,2021-10-21 02:28:54,23000.0,1200.0,189800.0
740,2021-10-21 02:28:45,23000.0,100.0,188600.0
741,2021-10-21 02:28:42,23000.0,2300.0,188500.0
742,2021-10-21 02:28:42,23000.0,200.0,186200.0
743,2021-10-21 02:28:42,23000.0,500.0,186000.0
744,2021-10-21 02:28:39,23000.0,200.0,185500.0
745,2021-10-21 02:28:38,23000.0,300.0,185300.0
746,2021-10-21 02:28:38,23000.0,200.0,185000.0
747,2021-10-21 02:28:21,23000.0,1000.0,184800.0
748,2021-10-21 02:28:18,23000.0,500.0,183800.0
749,2021-10-21 02:28:16,23000.0,2000.0,183300.0
750,2021-10-21 02:28:11,23000.0,2000.0,181300.0
751,2021-10-21 02:28:04,23000.0,200.0,179300.0
752,2021-10-21 02:27:57,23000.0,4100.0,179100.0
753,2021-10-21 02:27:57,23000.0,500.0,175000.0
754,2021-10-21 02:27:57,23000.0,100.0,174500.0
755,2021-10-21 02:27:57,23000.0,200.0,174400.0
756,2021-10-21 02:27:57,23000.0,5000.0,174200.0
757,2021-10-21 02:27:57,23000.0,100.0,169200.0
758,2021-10-21 02:27:40,23000.0,4000.0,169100.0
759,2021-10-21 02:27:37,22950.0,200.0,165100.0
760,2021-10-21 02:27:33,22950.0,100.0,164900.0
761,2021-10-21 02:27:18,22950.0,800.0,164800.0
762,2021-10-21 02:27:17,22950.0,5000.0,164000.0
763,2021-10-21 02:27:08,22950.0,3000.0,159000.0
764,2021-10-21 02:27:03,22950.0,2000.0,156000.0
765,2021-10-21 02:26:35,23000.0,400.0,154000.0
766,2021-10-21 02:26:34,23000.0,2000.0,153600.0
767,2021-10-21 02:26:26,23000.0,3000.0,151600.0
768,2021-10-21 02:26:22,23000.0,100.0,148600.0
769,2021-10-21 02:26:05,23000.0,400.0,148500.0
770,2021-10-21 02:26:05,23000.0,600.0,148100.0
771,2021-10-21 02:25:58,23000.0,2000.0,147500.0
772,2021-10-21 02:25:57,23000.0,100.0,145500.0
773,2021-10-21 02:25:52,23000.0,500.0,145400.0
774,2021-10-21 02:25:52,23000.0,100.0,144900.0
775,2021-10-21 02:25:52,23000.0,200.0,144800.0
776,2021-10-21 02:25:52,23000.0,100.0,144600.0
777,2021-10-21 02:25:52,23000.0,500.0,144500.0
778,2021-10-21 02:25:52,23000.0,1100.0,144000.0
779,2021-10-21 02:25:42,23000.0,300.0,142900.0
780,2021-10-21 02:25:41,23000.0,300.0,142600.0
781,2021-10-21 02:25:28,23000.0,500.0,142300.0
782,2021-10-21 02:25:27,23000.0,2000.0,141800.0
783,2021-10-21 02:25:24,23000.0,200.0,139800.0
784,2021-10-21 02:25:19,23000.0,600.0,139600.0
785,2021-10-21 02:25:19,23000.0,200.0,139000.0
786,2021-10-21 02:25:19,23000.0,1200.0,138800.0
787,2021-10-21 02:25:09,23000.0,800.0,137600.0
788,2021-10-21 02:25:09,23000.0,200.0,136800.0
789,2021-10-21 02:25:08,23000.0,2300.0,136600.0
790,2021-10-21 02:25:08,23000.0,100.0,134300.0
791,2021-10-21 02:25:08,23000.0,500.0,134200.0
792,2021-10-21 02:25:08,23000.0,100.0,133700.0
793,2021-10-21 02:24:20,22900.0,200.0,133600.0
794,2021-10-21 02:24:18,23000.0,900.0,133400.0
795,2021-10-21 02:24:18,23000.0,300.0,132500.0
796,2021-10-21 02:24:18,23000.0,1000.0,132200.0
797,2021-10-21 02:24:18,23000.0,200.0,131200.0
798,2021-10-21 02:24:18,23000.0,300.0,131000.0
799,2021-10-21 02:24:18,23000.0,300.0,130700.0
800,2021-10-21 02:24:06,22900.0,200.0,130400.0
801,2021-10-21 02:24:06,22900.0,3900.0,130200.0
802,2021-10-21 02:23:31,22900.0,2000.0,126300.0
803,2021-10-21 02:23:14,22900.0,4100.0,124300.0
804,2021-10-21 02:23:05,22900.0,5000.0,120200.0
805,2021-10-21 02:22:52,22900.0,1000.0,115200.0
806,2021-10-21 02:22:48,22900.0,9900.0,114200.0
807,2021-10-21 02:22:40,22900.0,10000.0,104300.0
808,2021-10-21 02:22:25,22900.0,100.0,94300.0
809,2021-10-21 02:22:25,22900.0,3900.0,94200.0
810,2021-10-21 02:22:14,22900.0,3000.0,90300.0
811,2021-10-21 02:22:05,22900.0,5000.0,87300.0
812,2021-10-21 02:22:03,22900.0,2000.0,82300.0
813,2021-10-21 02:21:41,22900.0,6100.0,80300.0
814,2021-10-21 02:21:41,22900.0,3900.0,74200.0
815,2021-10-21 02:21:36,22900.0,300.0,70300.0
816,2021-10-21 02:21:35,22800.0,300.0,70000.0
817,2021-10-21 02:21:31,22900.0,5000.0,69700.0
818,2021-10-21 02:21:31,22900.0,1800.0,64700.0
819,2021-10-21 02:21:31,22900.0,200.0,62900.0
820,2021-10-21 02:21:31,22900.0,8000.0,62700.0
821,2021-10-21 02:21:07,22900.0,7000.0,54700.0
822,2021-10-21 02:21:07,22900.0,3000.0,47700.0
823,2021-10-21 02:20:58,22900.0,5000.0,44700.0
824,2021-10-21 02:20:49,22900.0,4000.0,39700.0
825,2021-10-21 02:20:43,22900.0,3000.0,35700.0
826,2021-10-21 02:20:34,22900.0,5000.0,32700.0
827,2021-10-21 02:20:34,22900.0,5000.0,27700.0
828,2021-10-21 02:20:18,22800.0,100.0,22700.0
829,2021-10-21 02:19:49,22800.0,900.0,22600.0
830,2021-10-21 02:19:42,22800.0,100.0,21700.0
831,2021-10-21 02:19:36,22800.0,2000.0,21600.0
832,2021-10-21 02:19:12,22700.0,800.0,19600.0
833,2021-10-21 02:19:05,22700.0,100.0,18800.0
834,2021-10-21 02:19:00,22700.0,500.0,18700.0
835,2021-10-21 02:18:58,22700.0,200.0,18200.0
836,2021-10-21 02:18:40,22700.0,300.0,18000.0
837,2021-10-21 02:18:38,22700.0,100.0,17700.0
838,2021-10-21 02:18:25,22700.0,500.0,17600.0
839,2021-10-21 02:17:59,22700.0,200.0,17100.0
840,2021-10-21 02:17:55,22650.0,400.0,16900.0
841,2021-10-21 02:17:23,22700.0,100.0,16500.0
842,2021-10-21 02:17:05,22700.0,100.0,16400.0
843,2021-10-21 02:17:05,22700.0,500.0,16300.0
844,2021-10-21 02:17:05,22700.0,100.0,15800.0
845,2021-10-21 02:17:05,22700.0,500.0,15700.0
846,2021-10-21 02:17:05,22700.0,1000.0,15200.0
847,2021-10-21 02:17:05,23000.0,100.0,14200.0
848,2021-10-21 02:16:23,22700.0,4000.0,14100.0
849,2021-10-21 02:16:23,22800.0,1000.0,10100.0
850,2021-10-21 02:15:01,22700.0,100.0,9100.0
851,2021-10-21 02:15:01,22700.0,2000.0,9000.0
852,2021-10-21 02:15:01,22700.0,900.0,7000.0
853,2021-10-21 02:15:01,22700.0,100.0,6100.0
854,2021-10-21 02:15:01,22700.0,500.0,6000.0
855,2021-10-21 02:15:01,22700.0,2000.0,5500.0
856,2021-10-21 02:15:01,22700.0,1000.0,3500.0
857,2021-10-21 02:15:01,22700.0,1500.0,2500.0
858,2021-10-21 02:15:01,22700.0,500.0,1000.0
859,2021-10-21 02:15:01,22700.0,300.0,500.0
860,2021-10-21 02:15:01,22700.0,100.0,200.0
861,2021-10-21 02:15:01,22700.0,100.0,100.0
