,Time,Price,Volume_per_trade,Volume
0,2021-10-11 07:45:02,16400.0,3100.0,1070500.0
1,2021-10-11 07:45:02,16400.0,100.0,1067400.0
2,2021-10-11 07:45:02,16400.0,100.0,1067300.0
3,2021-10-11 07:45:02,16400.0,1700.0,1067200.0
4,2021-10-11 07:45:02,16400.0,1000.0,1065500.0
5,2021-10-11 07:45:02,16400.0,4000.0,1064500.0
6,2021-10-11 07:45:02,16400.0,200.0,1060500.0
7,2021-10-11 07:45:02,16400.0,500.0,1060300.0
8,2021-10-11 07:45:02,16400.0,300.0,1059800.0
9,2021-10-11 07:45:02,16400.0,200.0,1059500.0
10,2021-10-11 07:45:02,16400.0,6800.0,1059300.0
11,2021-10-11 07:45:02,16400.0,900.0,1052500.0
12,2021-10-11 07:45:02,16400.0,200.0,1051600.0
13,2021-10-11 07:45:02,16400.0,900.0,1051400.0
14,2021-10-11 07:29:43,16400.0,200.0,1050500.0
15,2021-10-11 07:29:11,16400.0,1000.0,1050300.0
16,2021-10-11 07:29:11,16400.0,100.0,1049300.0
17,2021-10-11 07:28:49,16400.0,300.0,1049200.0
18,2021-10-11 07:28:10,16350.0,200.0,1048900.0
19,2021-10-11 07:27:40,16400.0,200.0,1048700.0
20,2021-10-11 07:27:40,16400.0,200.0,1048500.0
21,2021-10-11 07:27:40,16400.0,800.0,1048300.0
22,2021-10-11 07:27:33,16400.0,200.0,1047500.0
23,2021-10-11 07:27:33,16400.0,100.0,1047300.0
24,2021-10-11 07:27:33,16400.0,700.0,1047200.0
25,2021-10-11 07:26:58,16400.0,1300.0,1046500.0
26,2021-10-11 07:26:58,16400.0,100.0,1045200.0
27,2021-10-11 07:26:58,16400.0,500.0,1045100.0
28,2021-10-11 07:26:58,16400.0,100.0,1044600.0
29,2021-10-11 07:25:58,16450.0,800.0,1044500.0
30,2021-10-11 07:25:58,16450.0,500.0,1043700.0
31,2021-10-11 07:25:58,16450.0,1000.0,1043200.0
32,2021-10-11 07:25:58,16450.0,400.0,1042200.0
33,2021-10-11 07:25:58,16450.0,1000.0,1041800.0
34,2021-10-11 07:25:58,16450.0,500.0,1040800.0
35,2021-10-11 07:25:58,16450.0,200.0,1040300.0
36,2021-10-11 07:25:58,16450.0,1000.0,1040100.0
37,2021-10-11 07:25:58,16450.0,4100.0,1039100.0
38,2021-10-11 07:25:38,16450.0,500.0,1035000.0
39,2021-10-11 07:25:00,16450.0,3000.0,1034500.0
40,2021-10-11 07:24:18,16500.0,2000.0,1031500.0
41,2021-10-11 07:24:03,16450.0,1500.0,1029500.0
42,2021-10-11 07:23:45,16450.0,1500.0,1028000.0
43,2021-10-11 07:22:32,16450.0,3000.0,1026500.0
44,2021-10-11 07:22:26,16450.0,100.0,1023500.0
45,2021-10-11 07:21:55,16450.0,5000.0,1023400.0
46,2021-10-11 07:20:46,16500.0,1500.0,1018400.0
47,2021-10-11 07:20:39,16500.0,100.0,1016900.0
48,2021-10-11 07:19:41,16500.0,2000.0,1016800.0
49,2021-10-11 07:18:30,16550.0,1000.0,1014800.0
50,2021-10-11 07:16:24,16550.0,300.0,1013800.0
51,2021-10-11 07:16:24,16550.0,2000.0,1013500.0
52,2021-10-11 07:16:24,16500.0,200.0,1011500.0
53,2021-10-11 07:16:24,16500.0,2500.0,1011300.0
54,2021-10-11 07:15:56,16500.0,200.0,1008800.0
55,2021-10-11 07:15:56,16500.0,3000.0,1008600.0
56,2021-10-11 07:15:56,16500.0,2300.0,1005600.0
57,2021-10-11 07:15:56,16500.0,1000.0,1003300.0
58,2021-10-11 07:15:04,16500.0,2000.0,1002300.0
59,2021-10-11 07:15:02,16550.0,200.0,1000300.0
60,2021-10-11 07:14:30,16550.0,2800.0,1000100.0
61,2021-10-11 07:14:03,16500.0,700.0,997300.0
62,2021-10-11 07:14:03,16500.0,800.0,996600.0
63,2021-10-11 07:13:15,16500.0,2200.0,995800.0
64,2021-10-11 07:13:15,16500.0,300.0,993600.0
65,2021-10-11 07:11:35,16500.0,300.0,993300.0
66,2021-10-11 07:11:35,16500.0,1900.0,993000.0
67,2021-10-11 07:09:38,16500.0,2900.0,991100.0
68,2021-10-11 07:09:38,16550.0,2100.0,988200.0
69,2021-10-11 07:09:33,16600.0,1000.0,986100.0
70,2021-10-11 07:09:19,16550.0,2400.0,985100.0
71,2021-10-11 07:09:19,16550.0,500.0,982700.0
72,2021-10-11 07:09:09,16500.0,100.0,982200.0
73,2021-10-11 07:09:09,16500.0,100.0,982100.0
74,2021-10-11 07:09:09,16500.0,3000.0,982000.0
75,2021-10-11 07:09:09,16500.0,2000.0,979000.0
76,2021-10-11 07:08:59,16450.0,1300.0,977000.0
77,2021-10-11 07:08:42,16450.0,1000.0,975700.0
78,2021-10-11 07:08:11,16450.0,200.0,974700.0
79,2021-10-11 07:07:32,16450.0,200.0,974500.0
80,2021-10-11 07:07:32,16450.0,500.0,974300.0
81,2021-10-11 07:07:32,16450.0,1500.0,973800.0
82,2021-10-11 07:07:32,16450.0,300.0,972300.0
83,2021-10-11 07:07:07,16450.0,100.0,972000.0
84,2021-10-11 07:06:35,16500.0,100.0,971900.0
85,2021-10-11 07:05:22,16500.0,500.0,971800.0
86,2021-10-11 07:04:47,16500.0,1000.0,971300.0
87,2021-10-11 07:04:34,16500.0,500.0,970300.0
88,2021-10-11 07:04:15,16500.0,800.0,969800.0
89,2021-10-11 07:03:41,16500.0,100.0,969000.0
90,2021-10-11 07:03:26,16500.0,2500.0,968900.0
91,2021-10-11 07:03:00,16500.0,2500.0,966400.0
92,2021-10-11 07:01:51,16450.0,600.0,963900.0
93,2021-10-11 07:01:51,16450.0,100.0,963300.0
94,2021-10-11 07:01:51,16450.0,1000.0,963200.0
95,2021-10-11 07:01:32,16500.0,2000.0,962200.0
96,2021-10-11 06:59:17,16450.0,500.0,960200.0
97,2021-10-11 06:58:25,16450.0,2000.0,959700.0
98,2021-10-11 06:57:27,16500.0,100.0,957700.0
99,2021-10-11 06:57:22,16500.0,400.0,957600.0
100,2021-10-11 06:57:01,16500.0,400.0,957200.0
101,2021-10-11 06:56:46,16500.0,100.0,956800.0
102,2021-10-11 06:54:23,16500.0,100.0,956700.0
103,2021-10-11 06:54:23,16500.0,500.0,956600.0
104,2021-10-11 06:54:23,16500.0,2000.0,956100.0
105,2021-10-11 06:54:01,16500.0,1000.0,954100.0
106,2021-10-11 06:53:43,16500.0,600.0,953100.0
107,2021-10-11 06:52:54,16500.0,1000.0,952500.0
108,2021-10-11 06:52:47,16550.0,1000.0,951500.0
109,2021-10-11 06:51:30,16500.0,300.0,950500.0
110,2021-10-11 06:51:30,16500.0,700.0,950200.0
111,2021-10-11 06:50:51,16500.0,2000.0,949500.0
112,2021-10-11 06:50:13,16500.0,400.0,947500.0
113,2021-10-11 06:50:13,16500.0,900.0,947100.0
114,2021-10-11 06:50:13,16500.0,2000.0,946200.0
115,2021-10-11 06:50:13,16500.0,100.0,944200.0
116,2021-10-11 06:49:50,16600.0,200.0,944100.0
117,2021-10-11 06:49:22,16600.0,600.0,943900.0
118,2021-10-11 06:49:10,16600.0,300.0,943300.0
119,2021-10-11 06:48:57,16600.0,700.0,943000.0
120,2021-10-11 06:48:27,16600.0,200.0,942300.0
121,2021-10-11 06:48:18,16600.0,4800.0,942100.0
122,2021-10-11 06:48:18,16600.0,200.0,937300.0
123,2021-10-11 06:46:46,16600.0,1800.0,937100.0
124,2021-10-11 06:44:22,16500.0,1000.0,935300.0
125,2021-10-11 06:44:22,16500.0,500.0,934300.0
126,2021-10-11 06:44:22,16500.0,1000.0,933800.0
127,2021-10-11 06:44:22,16500.0,2500.0,932800.0
128,2021-10-11 06:43:38,16500.0,200.0,930300.0
129,2021-10-11 06:43:00,16500.0,100.0,930100.0
130,2021-10-11 06:42:20,16500.0,700.0,930000.0
131,2021-10-11 06:42:20,16500.0,200.0,929300.0
132,2021-10-11 06:42:20,16500.0,300.0,929100.0
133,2021-10-11 06:42:20,16500.0,600.0,928800.0
134,2021-10-11 06:41:04,16500.0,400.0,928200.0
135,2021-10-11 06:41:04,16500.0,400.0,927800.0
136,2021-10-11 06:41:04,16500.0,100.0,927400.0
137,2021-10-11 06:41:04,16500.0,3000.0,927300.0
138,2021-10-11 06:41:04,16550.0,400.0,924300.0
139,2021-10-11 06:41:04,16550.0,600.0,923900.0
140,2021-10-11 06:41:04,16550.0,100.0,923300.0
141,2021-10-11 06:39:54,16700.0,200.0,923200.0
142,2021-10-11 06:39:29,16700.0,1000.0,923000.0
143,2021-10-11 06:39:10,16800.0,1600.0,922000.0
144,2021-10-11 06:39:10,16800.0,1000.0,920400.0
145,2021-10-11 06:39:10,16800.0,100.0,919400.0
146,2021-10-11 06:39:10,16800.0,100.0,919300.0
147,2021-10-11 06:39:10,16800.0,100.0,919200.0
148,2021-10-11 06:39:10,16800.0,2100.0,919100.0
149,2021-10-11 06:38:49,16800.0,800.0,917000.0
150,2021-10-11 06:38:34,16800.0,2000.0,916200.0
151,2021-10-11 06:38:09,16800.0,100.0,914200.0
152,2021-10-11 06:37:56,16800.0,31900.0,914100.0
153,2021-10-11 06:37:45,16800.0,200.0,882200.0
154,2021-10-11 06:37:45,16800.0,68400.0,882000.0
155,2021-10-11 06:37:45,16800.0,5000.0,813600.0
156,2021-10-11 06:37:45,16800.0,2000.0,808600.0
157,2021-10-11 06:37:45,16800.0,1500.0,806600.0
158,2021-10-11 06:37:45,16800.0,1800.0,805100.0
159,2021-10-11 06:37:45,16800.0,2000.0,803300.0
160,2021-10-11 06:37:45,16800.0,5000.0,801300.0
161,2021-10-11 06:37:45,16750.0,10000.0,796300.0
162,2021-10-11 06:37:45,16750.0,5000.0,786300.0
163,2021-10-11 06:37:45,16600.0,1000.0,781300.0
164,2021-10-11 06:37:45,16600.0,200.0,780300.0
165,2021-10-11 06:37:44,16600.0,500.0,780100.0
166,2021-10-11 06:37:34,16600.0,500.0,779600.0
167,2021-10-11 06:37:10,16600.0,3000.0,779100.0
168,2021-10-11 06:37:09,16600.0,500.0,776100.0
169,2021-10-11 06:36:50,16600.0,600.0,775600.0
170,2021-10-11 06:36:49,16600.0,200.0,775000.0
171,2021-10-11 06:36:49,16600.0,700.0,774800.0
172,2021-10-11 06:36:49,16600.0,800.0,774100.0
173,2021-10-11 06:36:41,16800.0,100.0,773300.0
174,2021-10-11 06:36:37,16800.0,200.0,773200.0
175,2021-10-11 06:36:29,16800.0,700.0,773000.0
176,2021-10-11 06:36:29,16800.0,1300.0,772300.0
177,2021-10-11 06:36:29,16800.0,1000.0,771000.0
178,2021-10-11 06:36:23,16800.0,1700.0,770000.0
179,2021-10-11 06:36:23,16800.0,100.0,768300.0
180,2021-10-11 06:36:23,16800.0,2000.0,768200.0
181,2021-10-11 06:36:23,16800.0,2000.0,766200.0
182,2021-10-11 06:36:23,16800.0,3000.0,764200.0
183,2021-10-11 06:36:23,16800.0,1000.0,761200.0
184,2021-10-11 06:36:23,16800.0,100.0,760200.0
185,2021-10-11 06:36:23,16750.0,6500.0,760100.0
186,2021-10-11 06:36:23,16750.0,1000.0,753600.0
187,2021-10-11 06:36:23,16750.0,100.0,752600.0
188,2021-10-11 06:36:23,16750.0,100.0,752500.0
189,2021-10-11 06:36:23,16700.0,500.0,752400.0
190,2021-10-11 06:36:23,16700.0,5000.0,751900.0
191,2021-10-11 06:36:23,16700.0,5000.0,746900.0
192,2021-10-11 06:36:23,16700.0,1000.0,741900.0
193,2021-10-11 06:36:23,16700.0,500.0,740900.0
194,2021-10-11 06:36:23,16700.0,400.0,740400.0
195,2021-10-11 06:36:19,16600.0,1000.0,740000.0
196,2021-10-11 06:35:34,16600.0,3200.0,739000.0
197,2021-10-11 06:35:33,16600.0,1000.0,735800.0
198,2021-10-11 06:35:13,16600.0,800.0,734800.0
199,2021-10-11 06:35:06,16700.0,600.0,734000.0
200,2021-10-11 06:35:06,16700.0,2000.0,733400.0
201,2021-10-11 06:35:06,16700.0,100.0,731400.0
202,2021-10-11 06:35:06,16650.0,5000.0,731300.0
203,2021-10-11 06:35:06,16650.0,200.0,726300.0
204,2021-10-11 06:35:06,16650.0,500.0,726100.0
205,2021-10-11 06:35:06,16650.0,100.0,725600.0
206,2021-10-11 06:35:06,16600.0,10000.0,725500.0
207,2021-10-11 06:35:06,16600.0,1500.0,715500.0
208,2021-10-11 06:34:56,16600.0,500.0,714000.0
209,2021-10-11 06:34:56,16600.0,100.0,713500.0
210,2021-10-11 06:34:56,16600.0,1500.0,713400.0
211,2021-10-11 06:34:56,16600.0,600.0,711900.0
212,2021-10-11 06:34:56,16600.0,2000.0,711300.0
213,2021-10-11 06:34:56,16600.0,100.0,709300.0
214,2021-10-11 06:34:56,16600.0,2000.0,709200.0
215,2021-10-11 06:34:56,16600.0,100.0,707200.0
216,2021-10-11 06:34:56,16600.0,100.0,707100.0
217,2021-10-11 06:34:56,16550.0,500.0,707000.0
218,2021-10-11 06:34:56,16550.0,2000.0,706500.0
219,2021-10-11 06:34:56,16550.0,1500.0,704500.0
220,2021-10-11 06:34:56,16500.0,5000.0,703000.0
221,2021-10-11 06:34:56,16500.0,4000.0,698000.0
222,2021-10-11 06:34:45,16500.0,5000.0,694000.0
223,2021-10-11 06:34:33,16500.0,5000.0,689000.0
224,2021-10-11 06:33:30,16550.0,500.0,684000.0
225,2021-10-11 06:33:30,16550.0,900.0,683500.0
226,2021-10-11 06:33:30,16500.0,100.0,682600.0
227,2021-10-11 06:33:30,16500.0,500.0,682500.0
228,2021-10-11 06:33:30,16500.0,4000.0,682000.0
229,2021-10-11 06:32:51,16500.0,5000.0,678000.0
230,2021-10-11 06:32:31,16500.0,5000.0,673000.0
231,2021-10-11 06:32:15,16550.0,100.0,668000.0
232,2021-10-11 06:32:15,16550.0,100.0,667900.0
233,2021-10-11 06:31:51,16500.0,300.0,667800.0
234,2021-10-11 06:31:51,16500.0,1400.0,667500.0
235,2021-10-11 06:31:51,16500.0,1000.0,666100.0
236,2021-10-11 06:31:51,16500.0,200.0,665100.0
237,2021-10-11 06:31:51,16500.0,200.0,664900.0
238,2021-10-11 06:31:51,16500.0,500.0,664700.0
239,2021-10-11 06:31:51,16500.0,1000.0,664200.0
240,2021-10-11 06:31:51,16500.0,1000.0,663200.0
241,2021-10-11 06:31:51,16500.0,600.0,662200.0
242,2021-10-11 06:31:51,16500.0,100.0,661600.0
243,2021-10-11 06:31:51,16500.0,500.0,661500.0
244,2021-10-11 06:31:51,16500.0,100.0,661000.0
245,2021-10-11 06:31:51,16500.0,1000.0,660900.0
246,2021-10-11 06:31:51,16500.0,3100.0,659900.0
247,2021-10-11 06:31:51,16500.0,100.0,656800.0
248,2021-10-11 06:31:51,16500.0,1000.0,656700.0
249,2021-10-11 06:31:51,16500.0,100.0,655700.0
250,2021-10-11 06:30:44,16450.0,2000.0,655600.0
251,2021-10-11 06:30:44,16450.0,500.0,653600.0
252,2021-10-11 06:30:44,16450.0,100.0,653100.0
253,2021-10-11 06:30:44,16450.0,500.0,653000.0
254,2021-10-11 06:30:44,16450.0,700.0,652500.0
255,2021-10-11 06:30:20,16450.0,1300.0,651800.0
256,2021-10-11 06:30:20,16450.0,1500.0,650500.0
257,2021-10-11 06:29:29,16400.0,2000.0,649000.0
258,2021-10-11 06:29:29,16400.0,500.0,647000.0
259,2021-10-11 06:29:29,16350.0,200.0,646500.0
260,2021-10-11 06:28:45,16350.0,5500.0,646300.0
261,2021-10-11 06:28:45,16350.0,3300.0,640800.0
262,2021-10-11 06:28:36,16350.0,200.0,637500.0
263,2021-10-11 06:28:34,16350.0,500.0,637300.0
264,2021-10-11 06:28:34,16350.0,1000.0,636800.0
265,2021-10-11 06:28:13,16350.0,3000.0,635800.0
266,2021-10-11 06:28:13,16350.0,1100.0,632800.0
267,2021-10-11 06:28:13,16350.0,2700.0,631700.0
268,2021-10-11 06:28:01,16350.0,1000.0,629000.0
269,2021-10-11 06:27:55,16350.0,6800.0,628000.0
270,2021-10-11 06:27:41,16350.0,2000.0,621200.0
271,2021-10-11 06:27:29,16350.0,5000.0,619200.0
272,2021-10-11 06:27:20,16350.0,400.0,614200.0
273,2021-10-11 06:27:13,16350.0,100.0,613800.0
274,2021-10-11 06:27:13,16350.0,1000.0,613700.0
275,2021-10-11 06:26:53,16350.0,3200.0,612700.0
276,2021-10-11 06:26:40,16350.0,5000.0,609500.0
277,2021-10-11 06:25:58,16350.0,1700.0,604500.0
278,2021-10-11 06:24:54,16350.0,1000.0,602800.0
279,2021-10-11 06:24:05,16350.0,100.0,601800.0
280,2021-10-11 06:23:27,16350.0,1000.0,601700.0
281,2021-10-11 06:23:27,16350.0,300.0,600700.0
282,2021-10-11 06:23:27,16350.0,1700.0,600400.0
283,2021-10-11 06:23:18,16300.0,1500.0,598700.0
284,2021-10-11 06:23:18,16300.0,1000.0,597200.0
285,2021-10-11 06:23:18,16300.0,200.0,596200.0
286,2021-10-11 06:23:18,16300.0,300.0,596000.0
287,2021-10-11 06:23:18,16300.0,500.0,595700.0
288,2021-10-11 06:23:18,16300.0,4600.0,595200.0
289,2021-10-11 06:21:16,16300.0,5000.0,590600.0
290,2021-10-11 06:21:14,16300.0,5000.0,585600.0
291,2021-10-11 06:21:14,16300.0,5400.0,580600.0
292,2021-10-11 06:20:53,16300.0,20000.0,575200.0
293,2021-10-11 06:20:23,16300.0,200.0,555200.0
294,2021-10-11 06:19:40,16350.0,2000.0,555000.0
295,2021-10-11 06:19:40,16350.0,1300.0,553000.0
296,2021-10-11 06:19:22,16350.0,500.0,551700.0
297,2021-10-11 06:19:21,16350.0,2000.0,551200.0
298,2021-10-11 06:19:08,16350.0,1800.0,549200.0
299,2021-10-11 06:19:08,16400.0,3200.0,547400.0
300,2021-10-11 06:19:06,16400.0,300.0,544200.0
301,2021-10-11 06:19:06,16400.0,5000.0,543900.0
302,2021-10-11 06:19:06,16400.0,500.0,538900.0
303,2021-10-11 06:19:06,16400.0,1000.0,538400.0
304,2021-10-11 06:18:53,16350.0,2000.0,537400.0
305,2021-10-11 06:18:53,16350.0,1000.0,535400.0
306,2021-10-11 06:18:53,16350.0,500.0,534400.0
307,2021-10-11 06:18:53,16350.0,200.0,533900.0
308,2021-10-11 06:18:53,16350.0,700.0,533700.0
309,2021-10-11 06:18:28,16300.0,900.0,533000.0
310,2021-10-11 06:17:41,16350.0,300.0,532100.0
311,2021-10-11 06:17:41,16350.0,900.0,531800.0
312,2021-10-11 06:17:41,16350.0,3800.0,530900.0
313,2021-10-11 06:17:40,16300.0,10000.0,527100.0
314,2021-10-11 06:17:35,16300.0,2000.0,517100.0
315,2021-10-11 06:17:32,16300.0,1000.0,515100.0
316,2021-10-11 06:17:21,16300.0,5000.0,514100.0
317,2021-10-11 06:17:11,16300.0,2000.0,509100.0
318,2021-10-11 06:17:11,16300.0,400.0,507100.0
319,2021-10-11 06:17:11,16300.0,100.0,506700.0
320,2021-10-11 06:17:11,16300.0,2000.0,506600.0
321,2021-10-11 06:17:11,16300.0,1000.0,504600.0
322,2021-10-11 06:17:00,16250.0,5000.0,503600.0
323,2021-10-11 06:17:00,16250.0,7000.0,498600.0
324,2021-10-11 06:17:00,16250.0,10000.0,491600.0
325,2021-10-11 06:17:00,16250.0,300.0,481600.0
326,2021-10-11 06:16:49,16200.0,5000.0,481300.0
327,2021-10-11 06:16:49,16200.0,3000.0,476300.0
328,2021-10-11 06:14:14,16250.0,700.0,473300.0
329,2021-10-11 06:14:14,16250.0,100.0,472600.0
330,2021-10-11 06:14:14,16250.0,500.0,472500.0
331,2021-10-11 06:14:14,16250.0,100.0,472000.0
332,2021-10-11 06:14:14,16200.0,500.0,471900.0
333,2021-10-11 06:14:14,16200.0,1000.0,471400.0
334,2021-10-11 06:14:14,16200.0,400.0,470400.0
335,2021-10-11 06:14:14,16200.0,1000.0,470000.0
336,2021-10-11 06:14:14,16200.0,100.0,469000.0
337,2021-10-11 06:14:14,16200.0,100.0,468900.0
338,2021-10-11 06:14:14,16200.0,500.0,468800.0
339,2021-10-11 06:14:14,16200.0,100.0,468300.0
340,2021-10-11 06:14:14,16150.0,4900.0,468200.0
341,2021-10-11 06:13:56,16150.0,100.0,463300.0
342,2021-10-11 06:13:56,16150.0,300.0,463200.0
343,2021-10-11 06:13:56,16100.0,200.0,462900.0
344,2021-10-11 06:13:56,16100.0,200.0,462700.0
345,2021-10-11 06:13:56,16100.0,2000.0,462500.0
346,2021-10-11 06:13:56,16100.0,500.0,460500.0
347,2021-10-11 06:13:56,16050.0,7900.0,460000.0
348,2021-10-11 06:13:56,16000.0,500.0,452100.0
349,2021-10-11 06:13:56,16000.0,100.0,451600.0
350,2021-10-11 06:13:56,16000.0,5000.0,451500.0
351,2021-10-11 06:13:56,16000.0,100.0,446500.0
352,2021-10-11 06:13:56,16000.0,2000.0,446400.0
353,2021-10-11 06:13:56,16000.0,1100.0,444400.0
354,2021-10-11 06:13:46,16000.0,200.0,443300.0
355,2021-10-11 06:13:23,16000.0,200.0,443100.0
356,2021-10-11 06:13:23,16000.0,400.0,442900.0
357,2021-10-11 06:13:23,16000.0,100.0,442500.0
358,2021-10-11 06:13:23,16000.0,4300.0,442400.0
359,2021-10-11 06:13:02,16000.0,5000.0,438100.0
360,2021-10-11 06:12:40,16000.0,700.0,433100.0
361,2021-10-11 06:12:40,16000.0,100.0,432400.0
362,2021-10-11 06:12:40,16000.0,1300.0,432300.0
363,2021-10-11 06:12:40,16000.0,500.0,431000.0
364,2021-10-11 06:12:40,16000.0,6400.0,430500.0
365,2021-10-11 06:12:14,16000.0,500.0,424100.0
366,2021-10-11 06:12:06,16000.0,100.0,423600.0
367,2021-10-11 06:11:59,16000.0,200.0,423500.0
368,2021-10-11 06:11:51,16000.0,1200.0,423300.0
369,2021-10-11 06:11:20,16000.0,200.0,422100.0
370,2021-10-11 06:10:20,16000.0,100.0,421900.0
371,2021-10-11 06:10:20,15950.0,200.0,421800.0
372,2021-10-11 06:10:20,15950.0,200.0,421600.0
373,2021-10-11 06:08:42,15700.0,3100.0,421400.0
374,2021-10-11 06:08:42,15700.0,3000.0,418300.0
375,2021-10-11 06:08:42,15700.0,200.0,415300.0
376,2021-10-11 06:08:03,15950.0,300.0,415100.0
377,2021-10-11 06:08:03,15950.0,500.0,414800.0
378,2021-10-11 06:08:03,15950.0,200.0,414300.0
379,2021-10-11 06:07:22,15700.0,1000.0,414100.0
380,2021-10-11 06:07:06,15700.0,1000.0,413100.0
381,2021-10-11 06:06:52,15700.0,10000.0,412100.0
382,2021-10-11 06:06:52,15700.0,1000.0,402100.0
383,2021-10-11 06:06:52,15700.0,900.0,401100.0
384,2021-10-11 06:06:52,15700.0,400.0,400200.0
385,2021-10-11 06:06:14,15700.0,600.0,399800.0
386,2021-10-11 06:06:14,15700.0,3000.0,399200.0
387,2021-10-11 06:06:14,15700.0,5000.0,396200.0
388,2021-10-11 06:06:14,15700.0,100.0,391200.0
389,2021-10-11 06:06:14,15700.0,3000.0,391100.0
390,2021-10-11 06:06:14,15700.0,300.0,388100.0
391,2021-10-11 06:05:06,15700.0,1700.0,387800.0
392,2021-10-11 06:05:06,15700.0,5000.0,386100.0
393,2021-10-11 06:05:06,15700.0,700.0,381100.0
394,2021-10-11 06:05:06,15700.0,10000.0,380400.0
395,2021-10-11 06:05:06,15700.0,200.0,370400.0
396,2021-10-11 06:05:06,15700.0,1000.0,370200.0
397,2021-10-11 06:05:06,15700.0,100.0,369200.0
398,2021-10-11 06:05:06,15700.0,100.0,369100.0
399,2021-10-11 06:05:06,15750.0,200.0,369000.0
400,2021-10-11 06:03:51,15700.0,900.0,368800.0
401,2021-10-11 06:03:51,15700.0,15000.0,367900.0
402,2021-10-11 06:03:51,15700.0,1000.0,352900.0
403,2021-10-11 06:03:51,15700.0,7000.0,351900.0
404,2021-10-11 06:03:51,15750.0,10000.0,344900.0
405,2021-10-11 06:03:51,15750.0,100.0,334900.0
406,2021-10-11 06:03:05,15800.0,800.0,334800.0
407,2021-10-11 06:02:31,15800.0,200.0,334000.0
408,2021-10-11 06:02:22,15800.0,4000.0,333800.0
409,2021-10-11 06:02:22,15800.0,15000.0,329800.0
410,2021-10-11 06:02:22,15800.0,6000.0,314800.0
411,2021-10-11 06:02:22,15800.0,200.0,308800.0
412,2021-10-11 06:02:22,15800.0,500.0,308600.0
413,2021-10-11 06:02:22,15800.0,700.0,308100.0
414,2021-10-11 06:02:22,15800.0,5000.0,307400.0
415,2021-10-11 06:02:22,15850.0,1000.0,302400.0
416,2021-10-11 06:02:22,15850.0,200.0,301400.0
417,2021-10-11 06:02:22,15850.0,4400.0,301200.0
418,2021-10-11 06:02:08,15850.0,10600.0,296800.0
419,2021-10-11 06:02:08,15850.0,2000.0,286200.0
420,2021-10-11 06:02:08,15850.0,10000.0,284200.0
421,2021-10-11 06:02:08,15850.0,200.0,274200.0
422,2021-10-11 06:02:08,15900.0,2000.0,274000.0
423,2021-10-11 06:02:08,15900.0,500.0,272000.0
424,2021-10-11 06:02:08,15900.0,100.0,271500.0
425,2021-10-11 06:02:08,15900.0,100.0,271400.0
426,2021-10-11 06:02:08,15950.0,3000.0,271300.0
427,2021-10-11 06:02:08,15950.0,1000.0,268300.0
428,2021-10-11 06:02:08,15950.0,500.0,267300.0
429,2021-10-11 04:29:08,15950.0,500.0,266800.0
430,2021-10-11 04:25:15,15950.0,100.0,266300.0
431,2021-10-11 04:23:42,15950.0,800.0,266200.0
432,2021-10-11 04:23:32,15950.0,1000.0,265400.0
433,2021-10-11 04:23:05,15950.0,1200.0,264400.0
434,2021-10-11 04:23:05,15950.0,300.0,263200.0
435,2021-10-11 04:23:05,15950.0,200.0,262900.0
436,2021-10-11 04:23:05,15950.0,300.0,262700.0
437,2021-10-11 04:20:10,15950.0,1500.0,262400.0
438,2021-10-11 04:18:53,15900.0,900.0,260900.0
439,2021-10-11 04:18:53,15900.0,1100.0,260000.0
440,2021-10-11 04:17:58,15900.0,900.0,258900.0
441,2021-10-11 04:17:58,15900.0,200.0,258000.0
442,2021-10-11 04:17:58,15900.0,500.0,257800.0
443,2021-10-11 04:17:58,15900.0,400.0,257300.0
444,2021-10-11 04:17:33,15950.0,8200.0,256900.0
445,2021-10-11 04:17:33,15950.0,700.0,248700.0
446,2021-10-11 04:17:17,15900.0,400.0,248000.0
447,2021-10-11 04:17:17,15900.0,100.0,247600.0
448,2021-10-11 04:15:18,15950.0,500.0,247500.0
449,2021-10-11 04:15:18,15950.0,100.0,247000.0
450,2021-10-11 04:15:18,15950.0,100.0,246900.0
451,2021-10-11 04:15:18,15950.0,2000.0,246800.0
452,2021-10-11 04:15:18,15950.0,1000.0,244800.0
453,2021-10-11 04:15:18,15950.0,600.0,243800.0
454,2021-10-11 04:14:27,16000.0,100.0,243200.0
455,2021-10-11 04:09:10,16000.0,600.0,243100.0
456,2021-10-11 04:03:32,15950.0,800.0,242500.0
457,2021-10-11 04:02:54,15950.0,100.0,241700.0
458,2021-10-11 04:02:54,15950.0,1000.0,241600.0
459,2021-10-11 03:58:27,16000.0,100.0,240600.0
460,2021-10-11 03:58:15,16000.0,1000.0,240500.0
461,2021-10-11 03:57:31,16000.0,900.0,239500.0
462,2021-10-11 03:57:31,16000.0,1100.0,238600.0
463,2021-10-11 03:56:46,16000.0,9900.0,237500.0
464,2021-10-11 03:56:46,16000.0,100.0,227600.0
465,2021-10-11 03:55:24,16000.0,400.0,227500.0
466,2021-10-11 03:55:24,16000.0,200.0,227100.0
467,2021-10-11 03:55:09,16050.0,100.0,226900.0
468,2021-10-11 03:53:47,16000.0,3000.0,226800.0
469,2021-10-11 03:49:40,16050.0,1500.0,223800.0
470,2021-10-11 03:49:37,16050.0,500.0,222300.0
471,2021-10-11 03:48:18,16000.0,1000.0,221800.0
472,2021-10-11 03:45:47,15950.0,300.0,220800.0
473,2021-10-11 03:41:18,15950.0,300.0,220500.0
474,2021-10-11 03:41:18,15950.0,100.0,220200.0
475,2021-10-11 03:40:45,16000.0,200.0,220100.0
476,2021-10-11 03:39:20,16000.0,1800.0,219900.0
477,2021-10-11 03:39:20,16000.0,200.0,218100.0
478,2021-10-11 03:37:50,16000.0,500.0,217900.0
479,2021-10-11 03:37:35,16100.0,100.0,217400.0
480,2021-10-11 03:37:31,16000.0,300.0,217300.0
481,2021-10-11 03:37:17,16000.0,100.0,217000.0
482,2021-10-11 03:37:17,16000.0,500.0,216900.0
483,2021-10-11 03:37:17,16000.0,600.0,216400.0
484,2021-10-11 03:37:17,16000.0,200.0,215800.0
485,2021-10-11 03:37:17,16000.0,100.0,215600.0
486,2021-10-11 03:37:17,16000.0,500.0,215500.0
487,2021-10-11 03:37:17,16000.0,3000.0,215000.0
488,2021-10-11 03:37:17,16000.0,400.0,212000.0
489,2021-10-11 03:37:17,16000.0,1900.0,211600.0
490,2021-10-11 03:34:58,16000.0,100.0,209700.0
491,2021-10-11 03:34:58,16050.0,100.0,209600.0
492,2021-10-11 03:34:58,16050.0,400.0,209500.0
493,2021-10-11 03:34:58,16050.0,400.0,209100.0
494,2021-10-11 03:31:27,16050.0,5000.0,208700.0
495,2021-10-11 03:31:25,16050.0,600.0,203700.0
496,2021-10-11 03:31:02,16050.0,3000.0,203100.0
497,2021-10-11 03:31:02,16050.0,2500.0,200100.0
498,2021-10-11 03:31:02,16050.0,1000.0,197600.0
499,2021-10-11 03:31:02,16050.0,300.0,196600.0
500,2021-10-11 03:29:59,16100.0,1000.0,196300.0
501,2021-10-11 03:29:59,16100.0,500.0,195300.0
502,2021-10-11 03:29:59,16100.0,1200.0,194800.0
503,2021-10-11 03:29:59,16100.0,300.0,193600.0
504,2021-10-11 03:29:59,16100.0,400.0,193300.0
505,2021-10-11 03:29:59,16100.0,100.0,192900.0
506,2021-10-11 03:29:59,16100.0,500.0,192800.0
507,2021-10-11 03:29:47,16100.0,500.0,192300.0
508,2021-10-11 03:21:12,16100.0,500.0,191800.0
509,2021-10-11 03:16:37,16200.0,400.0,191300.0
510,2021-10-11 03:15:38,16200.0,500.0,190900.0
511,2021-10-11 03:15:38,16150.0,4500.0,190400.0
512,2021-10-11 03:15:24,16150.0,500.0,185900.0
513,2021-10-11 03:14:36,16200.0,2300.0,185400.0
514,2021-10-11 03:14:36,16200.0,300.0,183100.0
515,2021-10-11 03:14:36,16150.0,500.0,182800.0
516,2021-10-11 03:14:36,16150.0,100.0,182300.0
517,2021-10-11 03:14:36,16150.0,1000.0,182200.0
518,2021-10-11 03:14:36,16150.0,800.0,181200.0
519,2021-10-11 03:13:21,16150.0,100.0,180400.0
520,2021-10-11 03:13:21,16150.0,100.0,180300.0
521,2021-10-11 03:13:21,16150.0,300.0,180200.0
522,2021-10-11 03:13:21,16100.0,7000.0,179900.0
523,2021-10-11 03:13:21,16100.0,500.0,172900.0
524,2021-10-11 03:12:52,16100.0,5000.0,172400.0
525,2021-10-11 03:11:58,16100.0,200.0,167400.0
526,2021-10-11 03:11:58,16100.0,700.0,167200.0
527,2021-10-11 03:11:58,16100.0,500.0,166500.0
528,2021-10-11 03:11:58,16100.0,500.0,166000.0
529,2021-10-11 03:11:58,16100.0,1000.0,165500.0
530,2021-10-11 03:11:58,16100.0,100.0,164500.0
531,2021-10-11 03:11:58,16100.0,18500.0,164400.0
532,2021-10-11 03:11:53,16100.0,300.0,145900.0
533,2021-10-11 03:10:10,16100.0,1100.0,145600.0
534,2021-10-11 03:08:14,16100.0,1300.0,144500.0
535,2021-10-11 03:06:15,16100.0,1000.0,143200.0
536,2021-10-11 03:06:03,16100.0,100.0,142200.0
537,2021-10-11 03:03:30,16150.0,200.0,142100.0
538,2021-10-11 03:03:17,16150.0,100.0,141900.0
539,2021-10-11 03:01:10,16150.0,1900.0,141800.0
540,2021-10-11 03:01:02,16150.0,1000.0,139900.0
541,2021-10-11 03:00:41,16100.0,1100.0,138900.0
542,2021-10-11 02:57:27,16200.0,100.0,137800.0
543,2021-10-11 02:56:25,16100.0,100.0,137700.0
544,2021-10-11 02:56:00,16100.0,200.0,137600.0
545,2021-10-11 02:55:52,16100.0,1500.0,137400.0
546,2021-10-11 02:55:32,16100.0,3600.0,135900.0
547,2021-10-11 02:53:10,16100.0,8000.0,132300.0
548,2021-10-11 02:53:10,16100.0,100.0,124300.0
549,2021-10-11 02:53:10,16100.0,1900.0,124200.0
550,2021-10-11 02:52:23,16100.0,200.0,122300.0
551,2021-10-11 02:51:47,16100.0,1200.0,122100.0
552,2021-10-11 02:50:17,16100.0,1700.0,120900.0
553,2021-10-11 02:50:17,16150.0,200.0,119200.0
554,2021-10-11 02:50:17,16150.0,100.0,119000.0
555,2021-10-11 02:50:08,16200.0,600.0,118900.0
556,2021-10-11 02:47:20,16200.0,600.0,118300.0
557,2021-10-11 02:47:20,16200.0,400.0,117700.0
558,2021-10-11 02:45:13,16200.0,1000.0,117300.0
559,2021-10-11 02:44:30,16150.0,400.0,116300.0
560,2021-10-11 02:44:30,16150.0,200.0,115900.0
561,2021-10-11 02:44:30,16150.0,200.0,115700.0
562,2021-10-11 02:44:30,16150.0,1000.0,115500.0
563,2021-10-11 02:44:30,16150.0,1000.0,114500.0
564,2021-10-11 02:44:30,16150.0,500.0,113500.0
565,2021-10-11 02:44:30,16150.0,11700.0,113000.0
566,2021-10-11 02:44:19,16150.0,10000.0,101300.0
567,2021-10-11 02:43:23,16150.0,300.0,91300.0
568,2021-10-11 02:37:47,16150.0,2000.0,91000.0
569,2021-10-11 02:37:47,16200.0,1000.0,89000.0
570,2021-10-11 02:37:14,16150.0,2000.0,88000.0
571,2021-10-11 02:36:17,16150.0,300.0,86000.0
572,2021-10-11 02:36:07,16150.0,2000.0,85700.0
573,2021-10-11 02:36:07,16200.0,3000.0,83700.0
574,2021-10-11 02:34:44,16150.0,1800.0,80700.0
575,2021-10-11 02:34:44,16200.0,3000.0,78900.0
576,2021-10-11 02:34:44,16250.0,2000.0,75900.0
577,2021-10-11 02:34:44,16250.0,200.0,73900.0
578,2021-10-11 02:34:44,16250.0,100.0,73700.0
579,2021-10-11 02:32:37,16150.0,3600.0,73600.0
580,2021-10-11 02:32:37,16200.0,300.0,70000.0
581,2021-10-11 02:32:37,16250.0,3000.0,69700.0
582,2021-10-11 02:32:37,16250.0,500.0,66700.0
583,2021-10-11 02:32:37,16300.0,500.0,66200.0
584,2021-10-11 02:32:22,16350.0,300.0,65700.0
585,2021-10-11 02:31:56,16350.0,5900.0,65400.0
586,2021-10-11 02:31:32,16350.0,4100.0,59500.0
587,2021-10-11 02:30:55,16350.0,200.0,55400.0
588,2021-10-11 02:30:41,16350.0,500.0,55200.0
589,2021-10-11 02:30:41,16350.0,600.0,54700.0
590,2021-10-11 02:30:36,16200.0,1200.0,54100.0
591,2021-10-11 02:30:36,16200.0,300.0,52900.0
592,2021-10-11 02:30:36,16250.0,700.0,52600.0
593,2021-10-11 02:30:36,16300.0,100.0,51900.0
594,2021-10-11 02:30:36,16300.0,14300.0,51800.0
595,2021-10-11 02:30:23,16350.0,400.0,37500.0
596,2021-10-11 02:30:23,16350.0,500.0,37100.0
597,2021-10-11 02:30:23,16350.0,100.0,36600.0
598,2021-10-11 02:30:07,16350.0,1000.0,36500.0
599,2021-10-11 02:29:03,16300.0,4000.0,35500.0
600,2021-10-11 02:29:03,16300.0,1000.0,31500.0
601,2021-10-11 02:29:03,16300.0,200.0,30500.0
602,2021-10-11 02:29:03,16300.0,300.0,30300.0
603,2021-10-11 02:29:03,16300.0,200.0,30000.0
604,2021-10-11 02:28:11,16250.0,3000.0,29800.0
605,2021-10-11 02:27:54,16250.0,500.0,26800.0
606,2021-10-11 02:27:20,16300.0,300.0,26300.0
607,2021-10-11 02:27:04,16300.0,300.0,26000.0
608,2021-10-11 02:27:04,16300.0,1000.0,25700.0
609,2021-10-11 02:27:04,16300.0,1000.0,24700.0
610,2021-10-11 02:27:04,16300.0,200.0,23700.0
611,2021-10-11 02:26:09,16300.0,1000.0,23500.0
612,2021-10-11 02:24:58,16250.0,800.0,22500.0
613,2021-10-11 02:24:18,16250.0,2000.0,21700.0
614,2021-10-11 02:24:18,16250.0,500.0,19700.0
615,2021-10-11 02:23:56,16150.0,2000.0,19200.0
616,2021-10-11 02:23:55,16150.0,1100.0,17200.0
617,2021-10-11 02:23:55,16150.0,100.0,16100.0
618,2021-10-11 02:23:55,16150.0,200.0,16000.0
619,2021-10-11 02:23:55,16150.0,200.0,15800.0
620,2021-10-11 02:23:55,16150.0,400.0,15600.0
621,2021-10-11 02:22:51,16150.0,300.0,15200.0
622,2021-10-11 02:22:51,16200.0,700.0,14900.0
623,2021-10-11 02:20:31,16150.0,300.0,14200.0
624,2021-10-11 02:20:31,16150.0,500.0,13900.0
625,2021-10-11 02:20:31,16150.0,200.0,13400.0
626,2021-10-11 02:20:12,16250.0,500.0,13200.0
627,2021-10-11 02:20:12,16250.0,200.0,12700.0
628,2021-10-11 02:19:57,16250.0,4800.0,12500.0
629,2021-10-11 02:19:57,16250.0,200.0,7700.0
630,2021-10-11 02:19:31,16250.0,100.0,7500.0
631,2021-10-11 02:19:31,16250.0,400.0,7400.0
632,2021-10-11 02:19:17,16250.0,400.0,7000.0
633,2021-10-11 02:19:17,16250.0,100.0,6600.0
634,2021-10-11 02:19:17,16250.0,300.0,6500.0
635,2021-10-11 02:18:06,16250.0,300.0,6200.0
636,2021-10-11 02:18:06,16250.0,200.0,5900.0
637,2021-10-11 02:18:06,16250.0,200.0,5700.0
638,2021-10-11 02:15:00,16250.0,100.0,5500.0
639,2021-10-11 02:15:00,16250.0,100.0,5400.0
640,2021-10-11 02:15:00,16250.0,500.0,5300.0
641,2021-10-11 02:15:00,16250.0,100.0,4800.0
642,2021-10-11 02:15:00,16250.0,1000.0,4700.0
643,2021-10-11 02:15:00,16250.0,400.0,3700.0
644,2021-10-11 02:15:00,16250.0,100.0,3300.0
645,2021-10-11 02:15:00,16250.0,1000.0,3200.0
646,2021-10-11 02:15:00,16250.0,200.0,2200.0
647,2021-10-11 02:15:00,16250.0,100.0,2000.0
648,2021-10-11 02:15:00,16250.0,1000.0,1900.0
649,2021-10-11 02:15:00,16250.0,400.0,900.0
650,2021-10-11 02:15:00,16250.0,300.0,500.0
651,2021-10-11 02:15:00,16250.0,100.0,200.0
652,2021-10-11 02:15:00,16250.0,100.0,100.0
