,Time,Price,Volume_per_trade,Volume
0,2021-10-06 07:45:01,15150.0,500.0,616500.0
1,2021-10-06 07:45:01,15150.0,500.0,616000.0
2,2021-10-06 07:45:01,15150.0,500.0,615500.0
3,2021-10-06 07:45:01,15150.0,2000.0,615000.0
4,2021-10-06 07:45:01,15150.0,300.0,613000.0
5,2021-10-06 07:45:01,15150.0,1600.0,612700.0
6,2021-10-06 07:45:01,15150.0,1000.0,611100.0
7,2021-10-06 07:45:01,15150.0,100.0,610100.0
8,2021-10-06 07:45:01,15150.0,500.0,610000.0
9,2021-10-06 07:45:01,15150.0,1000.0,609500.0
10,2021-10-06 07:45:01,15150.0,500.0,608500.0
11,2021-10-06 07:45:01,15150.0,100.0,608000.0
12,2021-10-06 07:45:01,15150.0,500.0,607900.0
13,2021-10-06 07:45:01,15150.0,100.0,607400.0
14,2021-10-06 07:45:01,15150.0,4000.0,607300.0
15,2021-10-06 07:45:01,15150.0,500.0,603300.0
16,2021-10-06 07:45:01,15150.0,1000.0,602800.0
17,2021-10-06 07:45:01,15150.0,1800.0,601800.0
18,2021-10-06 07:45:01,15150.0,2000.0,600000.0
19,2021-10-06 07:45:01,15150.0,200.0,598000.0
20,2021-10-06 07:45:01,15150.0,400.0,597800.0
21,2021-10-06 07:45:01,15150.0,100.0,597400.0
22,2021-10-06 07:45:01,15150.0,2000.0,597300.0
23,2021-10-06 07:45:01,15150.0,200.0,595300.0
24,2021-10-06 07:45:01,15150.0,100.0,595100.0
25,2021-10-06 07:45:01,15150.0,2000.0,595000.0
26,2021-10-06 07:29:53,15250.0,500.0,593000.0
27,2021-10-06 07:29:53,15250.0,100.0,592500.0
28,2021-10-06 07:29:53,15250.0,700.0,592400.0
29,2021-10-06 07:28:13,15250.0,300.0,591700.0
30,2021-10-06 07:28:13,15250.0,1700.0,591400.0
31,2021-10-06 07:26:49,15250.0,1000.0,589700.0
32,2021-10-06 07:24:58,15300.0,400.0,588700.0
33,2021-10-06 07:21:57,15300.0,1600.0,588300.0
34,2021-10-06 07:21:57,15300.0,300.0,586700.0
35,2021-10-06 07:21:57,15300.0,2000.0,586400.0
36,2021-10-06 07:21:57,15300.0,100.0,584400.0
37,2021-10-06 07:21:26,15300.0,2000.0,584300.0
38,2021-10-06 07:20:59,15300.0,2000.0,582300.0
39,2021-10-06 07:15:06,15300.0,900.0,580300.0
40,2021-10-06 07:13:18,15300.0,100.0,579400.0
41,2021-10-06 07:13:18,15300.0,400.0,579300.0
42,2021-10-06 07:13:18,15300.0,300.0,578900.0
43,2021-10-06 07:12:36,15300.0,200.0,578600.0
44,2021-10-06 07:10:30,15300.0,500.0,578400.0
45,2021-10-06 07:10:30,15300.0,600.0,577900.0
46,2021-10-06 07:10:30,15300.0,900.0,577300.0
47,2021-10-06 07:08:14,15300.0,100.0,576400.0
48,2021-10-06 07:06:14,15250.0,300.0,576300.0
49,2021-10-06 07:06:14,15250.0,400.0,576000.0
50,2021-10-06 06:58:44,15250.0,2600.0,575600.0
51,2021-10-06 06:58:42,15250.0,300.0,573000.0
52,2021-10-06 06:58:33,15250.0,100.0,572700.0
53,2021-10-06 06:55:00,15250.0,3000.0,572600.0
54,2021-10-06 06:52:46,15200.0,200.0,569600.0
55,2021-10-06 06:50:53,15250.0,500.0,569400.0
56,2021-10-06 06:49:01,15250.0,500.0,568900.0
57,2021-10-06 06:44:20,15200.0,500.0,568400.0
58,2021-10-06 06:43:22,15200.0,5000.0,567900.0
59,2021-10-06 06:43:06,15200.0,1000.0,562900.0
60,2021-10-06 06:43:06,15200.0,1000.0,561900.0
61,2021-10-06 06:43:06,15200.0,1900.0,560900.0
62,2021-10-06 06:43:06,15200.0,100.0,559000.0
63,2021-10-06 06:43:06,15200.0,500.0,558900.0
64,2021-10-06 06:40:49,15200.0,2000.0,558400.0
65,2021-10-06 06:40:40,15200.0,1400.0,556400.0
66,2021-10-06 06:40:40,15200.0,1000.0,555000.0
67,2021-10-06 06:40:40,15200.0,200.0,554000.0
68,2021-10-06 06:40:38,15200.0,300.0,553800.0
69,2021-10-06 06:40:38,15200.0,3200.0,553500.0
70,2021-10-06 06:40:35,15200.0,900.0,550300.0
71,2021-10-06 06:40:32,15200.0,5000.0,549400.0
72,2021-10-06 06:40:21,15200.0,900.0,544400.0
73,2021-10-06 06:40:21,15200.0,800.0,543500.0
74,2021-10-06 06:40:21,15200.0,1000.0,542700.0
75,2021-10-06 06:40:21,15200.0,500.0,541700.0
76,2021-10-06 06:40:21,15200.0,200.0,541200.0
77,2021-10-06 06:40:17,15200.0,100.0,541000.0
78,2021-10-06 06:40:17,15200.0,100.0,540900.0
79,2021-10-06 06:40:17,15200.0,100.0,540800.0
80,2021-10-06 06:40:17,15200.0,2000.0,540700.0
81,2021-10-06 06:40:17,15200.0,700.0,538700.0
82,2021-10-06 06:40:12,15250.0,500.0,538000.0
83,2021-10-06 06:37:33,15250.0,300.0,537500.0
84,2021-10-06 06:37:33,15250.0,500.0,537200.0
85,2021-10-06 06:37:33,15250.0,100.0,536700.0
86,2021-10-06 06:37:33,15250.0,300.0,536600.0
87,2021-10-06 06:37:33,15250.0,200.0,536300.0
88,2021-10-06 06:37:33,15250.0,300.0,536100.0
89,2021-10-06 06:37:33,15250.0,500.0,535800.0
90,2021-10-06 06:37:33,15250.0,300.0,535300.0
91,2021-10-06 06:33:49,15300.0,400.0,535000.0
92,2021-10-06 06:32:09,15300.0,1600.0,534600.0
93,2021-10-06 06:32:09,15300.0,400.0,533000.0
94,2021-10-06 06:27:26,15300.0,2300.0,532600.0
95,2021-10-06 06:26:21,15300.0,100.0,530300.0
96,2021-10-06 06:25:21,15350.0,2700.0,530200.0
97,2021-10-06 06:24:58,15350.0,7300.0,527500.0
98,2021-10-06 06:23:26,15300.0,100.0,520200.0
99,2021-10-06 06:22:17,15300.0,100.0,520100.0
100,2021-10-06 06:22:14,15300.0,400.0,520000.0
101,2021-10-06 06:17:17,15300.0,100.0,519600.0
102,2021-10-06 06:08:49,15400.0,1200.0,519500.0
103,2021-10-06 06:08:27,15400.0,1000.0,518300.0
104,2021-10-06 06:07:12,15350.0,400.0,517300.0
105,2021-10-06 06:06:23,15350.0,600.0,516900.0
106,2021-10-06 06:06:23,15350.0,400.0,516300.0
107,2021-10-06 06:02:26,15350.0,400.0,515900.0
108,2021-10-06 06:02:26,15350.0,4000.0,515500.0
109,2021-10-06 06:00:00,15200.0,300.0,511500.0
110,2021-10-06 04:29:46,15200.0,900.0,511200.0
111,2021-10-06 04:29:46,15200.0,2000.0,510300.0
112,2021-10-06 04:29:46,15200.0,200.0,508300.0
113,2021-10-06 04:29:46,15200.0,100.0,508100.0
114,2021-10-06 04:29:46,15200.0,200.0,508000.0
115,2021-10-06 04:29:46,15200.0,100.0,507800.0
116,2021-10-06 04:29:46,15250.0,200.0,507700.0
117,2021-10-06 04:29:46,15250.0,1000.0,507500.0
118,2021-10-06 04:20:39,15350.0,2000.0,506500.0
119,2021-10-06 04:20:39,15350.0,200.0,504500.0
120,2021-10-06 04:20:14,15350.0,1500.0,504300.0
121,2021-10-06 04:19:57,15350.0,1900.0,502800.0
122,2021-10-06 04:19:57,15350.0,1400.0,500900.0
123,2021-10-06 04:18:22,15350.0,100.0,499500.0
124,2021-10-06 04:18:22,15300.0,18300.0,499400.0
125,2021-10-06 04:18:22,15300.0,100.0,481100.0
126,2021-10-06 04:18:22,15250.0,100.0,481000.0
127,2021-10-06 04:16:37,15200.0,100.0,480900.0
128,2021-10-06 04:16:31,15200.0,6200.0,480800.0
129,2021-10-06 04:16:31,15200.0,2400.0,474600.0
130,2021-10-06 04:12:46,15150.0,400.0,472200.0
131,2021-10-06 04:12:28,15150.0,600.0,471800.0
132,2021-10-06 04:12:28,15150.0,100.0,471200.0
133,2021-10-06 04:12:28,15150.0,2000.0,471100.0
134,2021-10-06 04:12:28,15150.0,600.0,469100.0
135,2021-10-06 04:12:01,15200.0,300.0,468500.0
136,2021-10-06 04:11:35,15150.0,4400.0,468200.0
137,2021-10-06 04:10:58,15150.0,1000.0,463800.0
138,2021-10-06 04:10:09,15150.0,2000.0,462800.0
139,2021-10-06 04:09:42,15100.0,100.0,460800.0
140,2021-10-06 04:09:42,15100.0,100.0,460700.0
141,2021-10-06 04:09:26,15150.0,500.0,460600.0
142,2021-10-06 04:08:09,15150.0,100.0,460100.0
143,2021-10-06 04:08:08,15100.0,900.0,460000.0
144,2021-10-06 04:08:08,15100.0,1000.0,459100.0
145,2021-10-06 04:08:08,15100.0,1000.0,458100.0
146,2021-10-06 04:08:08,15100.0,9000.0,457100.0
147,2021-10-06 04:07:44,15150.0,100.0,448100.0
148,2021-10-06 04:07:04,15150.0,300.0,448000.0
149,2021-10-06 04:07:04,15150.0,500.0,447700.0
150,2021-10-06 04:07:04,15150.0,1000.0,447200.0
151,2021-10-06 04:07:04,15150.0,100.0,446200.0
152,2021-10-06 04:06:29,15150.0,2900.0,446100.0
153,2021-10-06 04:06:29,15150.0,1700.0,443200.0
154,2021-10-06 04:06:29,15150.0,400.0,441500.0
155,2021-10-06 04:06:20,15150.0,1000.0,441100.0
156,2021-10-06 04:06:20,15150.0,800.0,440100.0
157,2021-10-06 04:06:15,15150.0,400.0,439300.0
158,2021-10-06 04:05:29,15150.0,1000.0,438900.0
159,2021-10-06 04:05:28,15150.0,200.0,437900.0
160,2021-10-06 04:05:27,15150.0,300.0,437700.0
161,2021-10-06 04:05:27,15150.0,300.0,437400.0
162,2021-10-06 04:05:27,15150.0,200.0,437100.0
163,2021-10-06 04:03:53,15150.0,2800.0,436900.0
164,2021-10-06 04:03:53,15150.0,200.0,434100.0
165,2021-10-06 04:03:20,15200.0,1000.0,433900.0
166,2021-10-06 04:03:09,15150.0,4800.0,432900.0
167,2021-10-06 04:03:09,15150.0,5000.0,428100.0
168,2021-10-06 04:03:09,15150.0,100.0,423100.0
169,2021-10-06 04:03:09,15150.0,100.0,423000.0
170,2021-10-06 04:02:31,15200.0,100.0,422900.0
171,2021-10-06 04:02:31,15200.0,10000.0,422800.0
172,2021-10-06 04:02:31,15200.0,1000.0,412800.0
173,2021-10-06 04:02:31,15200.0,1000.0,411800.0
174,2021-10-06 04:02:31,15250.0,13200.0,410800.0
175,2021-10-06 04:00:29,15250.0,2300.0,397600.0
176,2021-10-06 04:00:29,15250.0,300.0,395300.0
177,2021-10-06 04:00:29,15300.0,100.0,395000.0
178,2021-10-06 04:00:29,15300.0,10000.0,394900.0
179,2021-10-06 04:00:29,15300.0,10000.0,384900.0
180,2021-10-06 04:00:29,15300.0,3000.0,374900.0
181,2021-10-06 04:00:29,15300.0,3000.0,371900.0
182,2021-10-06 04:00:29,15300.0,100.0,368900.0
183,2021-10-06 04:00:29,15300.0,200.0,368800.0
184,2021-10-06 04:00:29,15300.0,600.0,368600.0
185,2021-10-06 04:00:29,15300.0,400.0,368000.0
186,2021-10-06 04:00:29,15300.0,1500.0,367600.0
187,2021-10-06 04:00:29,15300.0,100.0,366100.0
188,2021-10-06 04:00:29,15300.0,500.0,366000.0
189,2021-10-06 04:00:29,15300.0,300.0,365500.0
190,2021-10-06 04:00:29,15300.0,200.0,365200.0
191,2021-10-06 04:00:29,15300.0,2000.0,365000.0
192,2021-10-06 04:00:29,15300.0,200.0,363000.0
193,2021-10-06 04:00:29,15300.0,200.0,362800.0
194,2021-10-06 04:00:29,15300.0,1000.0,362600.0
195,2021-10-06 04:00:29,15300.0,500.0,361600.0
196,2021-10-06 04:00:29,15300.0,200.0,361100.0
197,2021-10-06 04:00:29,15350.0,2000.0,360900.0
198,2021-10-06 04:00:29,15350.0,100.0,358900.0
199,2021-10-06 04:00:29,15350.0,2000.0,358800.0
200,2021-10-06 04:00:29,15350.0,100.0,356800.0
201,2021-10-06 04:00:29,15350.0,17000.0,356700.0
202,2021-10-06 04:00:29,15350.0,19100.0,339700.0
203,2021-10-06 04:00:29,15350.0,100.0,320600.0
204,2021-10-06 04:00:29,15350.0,22900.0,320500.0
205,2021-10-06 03:57:37,15350.0,2400.0,297600.0
206,2021-10-06 03:56:47,15400.0,500.0,295200.0
207,2021-10-06 03:56:47,15400.0,100.0,294700.0
208,2021-10-06 03:56:47,15400.0,2500.0,294600.0
209,2021-10-06 03:56:47,15400.0,900.0,292100.0
210,2021-10-06 03:54:58,15400.0,100.0,291200.0
211,2021-10-06 03:54:53,15400.0,100.0,291100.0
212,2021-10-06 03:54:19,15400.0,1500.0,291000.0
213,2021-10-06 03:54:06,15400.0,1000.0,289500.0
214,2021-10-06 03:51:18,15400.0,1000.0,288500.0
215,2021-10-06 03:51:18,15400.0,900.0,287500.0
216,2021-10-06 03:50:50,15400.0,1600.0,286600.0
217,2021-10-06 03:48:29,15350.0,5000.0,285000.0
218,2021-10-06 03:47:28,15350.0,100.0,280000.0
219,2021-10-06 03:47:19,15400.0,100.0,279900.0
220,2021-10-06 03:47:19,15400.0,100.0,279800.0
221,2021-10-06 03:47:19,15400.0,100.0,279700.0
222,2021-10-06 03:47:19,15400.0,3000.0,279600.0
223,2021-10-06 03:47:19,15400.0,100.0,276600.0
224,2021-10-06 03:42:59,15400.0,900.0,276500.0
225,2021-10-06 03:42:09,15400.0,1000.0,275600.0
226,2021-10-06 03:40:44,15350.0,4900.0,274600.0
227,2021-10-06 03:40:44,15400.0,100.0,269700.0
228,2021-10-06 03:37:48,15350.0,600.0,269600.0
229,2021-10-06 03:37:48,15350.0,100.0,269000.0
230,2021-10-06 03:37:48,15350.0,1000.0,268900.0
231,2021-10-06 03:37:48,15350.0,100.0,267900.0
232,2021-10-06 03:37:48,15350.0,500.0,267800.0
233,2021-10-06 03:37:48,15350.0,500.0,267300.0
234,2021-10-06 03:37:48,15350.0,200.0,266800.0
235,2021-10-06 03:37:48,15350.0,7400.0,266600.0
236,2021-10-06 03:37:48,15400.0,2600.0,259200.0
237,2021-10-06 03:37:13,15400.0,2400.0,256600.0
238,2021-10-06 03:37:13,15400.0,100.0,254200.0
239,2021-10-06 03:37:13,15400.0,500.0,254100.0
240,2021-10-06 03:32:55,15400.0,300.0,253600.0
241,2021-10-06 03:32:55,15400.0,7700.0,253300.0
242,2021-10-06 03:31:24,15400.0,2300.0,245600.0
243,2021-10-06 03:31:20,15400.0,200.0,243300.0
244,2021-10-06 03:31:20,15400.0,200.0,243100.0
245,2021-10-06 03:31:20,15400.0,500.0,242900.0
246,2021-10-06 03:31:20,15400.0,2100.0,242400.0
247,2021-10-06 03:30:57,15400.0,2000.0,240300.0
248,2021-10-06 03:26:32,15400.0,100.0,238300.0
249,2021-10-06 03:18:21,15400.0,800.0,238200.0
250,2021-10-06 03:15:49,15400.0,400.0,237400.0
251,2021-10-06 03:15:29,15400.0,600.0,237000.0
252,2021-10-06 03:13:57,15400.0,600.0,236400.0
253,2021-10-06 03:10:13,15400.0,100.0,235800.0
254,2021-10-06 03:10:13,15400.0,200.0,235700.0
255,2021-10-06 03:09:57,15400.0,300.0,235500.0
256,2021-10-06 03:08:22,15400.0,100.0,235200.0
257,2021-10-06 03:07:58,15400.0,500.0,235100.0
258,2021-10-06 03:07:58,15400.0,500.0,234600.0
259,2021-10-06 03:00:50,15400.0,500.0,234100.0
260,2021-10-06 03:00:15,15400.0,900.0,233600.0
261,2021-10-06 02:59:34,15400.0,7600.0,232700.0
262,2021-10-06 02:59:34,15400.0,400.0,225100.0
263,2021-10-06 02:58:40,15400.0,600.0,224700.0
264,2021-10-06 02:54:07,15400.0,100.0,224100.0
265,2021-10-06 02:54:07,15400.0,400.0,224000.0
266,2021-10-06 02:51:25,15350.0,1000.0,223600.0
267,2021-10-06 02:51:11,15350.0,1600.0,222600.0
268,2021-10-06 02:51:11,15350.0,1000.0,221000.0
269,2021-10-06 02:51:11,15350.0,200.0,220000.0
270,2021-10-06 02:49:53,15400.0,5000.0,219800.0
271,2021-10-06 02:49:53,15400.0,1000.0,214800.0
272,2021-10-06 02:49:53,15400.0,300.0,213800.0
273,2021-10-06 02:49:53,15500.0,400.0,213500.0
274,2021-10-06 02:49:53,15500.0,700.0,213100.0
275,2021-10-06 02:49:53,15500.0,200.0,212400.0
276,2021-10-06 02:48:37,15500.0,300.0,212200.0
277,2021-10-06 02:48:27,15450.0,600.0,211900.0
278,2021-10-06 02:46:38,15550.0,1700.0,211300.0
279,2021-10-06 02:46:34,15550.0,700.0,209600.0
280,2021-10-06 02:46:34,15550.0,400.0,208900.0
281,2021-10-06 02:45:58,15500.0,100.0,208500.0
282,2021-10-06 02:45:25,15500.0,2000.0,208400.0
283,2021-10-06 02:45:25,15500.0,400.0,206400.0
284,2021-10-06 02:44:17,15500.0,600.0,206000.0
285,2021-10-06 02:43:27,15500.0,1000.0,205400.0
286,2021-10-06 02:42:16,15500.0,400.0,204400.0
287,2021-10-06 02:42:06,15500.0,300.0,204000.0
288,2021-10-06 02:42:01,15500.0,1000.0,203700.0
289,2021-10-06 02:41:49,15500.0,200.0,202700.0
290,2021-10-06 02:41:05,15550.0,1100.0,202500.0
291,2021-10-06 02:41:02,15550.0,2200.0,201400.0
292,2021-10-06 02:40:46,15500.0,500.0,199200.0
293,2021-10-06 02:40:43,15550.0,1300.0,198700.0
294,2021-10-06 02:40:43,15550.0,300.0,197400.0
295,2021-10-06 02:40:43,15550.0,800.0,197100.0
296,2021-10-06 02:40:39,15500.0,1000.0,196300.0
297,2021-10-06 02:40:21,15500.0,200.0,195300.0
298,2021-10-06 02:39:58,15400.0,700.0,195100.0
299,2021-10-06 02:39:33,15400.0,3000.0,194400.0
300,2021-10-06 02:39:06,15400.0,100.0,191400.0
301,2021-10-06 02:38:11,15400.0,200.0,191300.0
302,2021-10-06 02:37:17,15400.0,100.0,191100.0
303,2021-10-06 02:36:54,15300.0,1000.0,191000.0
304,2021-10-06 02:36:54,15300.0,100.0,190000.0
305,2021-10-06 02:36:54,15350.0,200.0,189900.0
306,2021-10-06 02:36:54,15350.0,200.0,189700.0
307,2021-10-06 02:36:54,15350.0,100.0,189500.0
308,2021-10-06 02:36:54,15350.0,500.0,189400.0
309,2021-10-06 02:36:54,15400.0,100.0,188900.0
310,2021-10-06 02:36:54,15400.0,300.0,188800.0
311,2021-10-06 02:36:54,15400.0,500.0,188500.0
312,2021-10-06 02:36:54,15500.0,2300.0,188000.0
313,2021-10-06 02:36:16,15500.0,100.0,185700.0
314,2021-10-06 02:36:16,15500.0,5000.0,185600.0
315,2021-10-06 02:36:16,15500.0,600.0,180600.0
316,2021-10-06 02:34:27,15500.0,2200.0,180000.0
317,2021-10-06 02:34:01,15550.0,100.0,177800.0
318,2021-10-06 02:33:53,15500.0,2900.0,177700.0
319,2021-10-06 02:33:53,15500.0,100.0,174800.0
320,2021-10-06 02:33:53,15500.0,200.0,174700.0
321,2021-10-06 02:33:53,15500.0,1800.0,174500.0
322,2021-10-06 02:33:27,15500.0,1600.0,172700.0
323,2021-10-06 02:32:47,15550.0,800.0,171100.0
324,2021-10-06 02:32:28,15600.0,1000.0,170300.0
325,2021-10-06 02:31:31,15600.0,300.0,169300.0
326,2021-10-06 02:30:48,15600.0,100.0,169000.0
327,2021-10-06 02:30:38,15550.0,200.0,168900.0
328,2021-10-06 02:30:38,15550.0,800.0,168700.0
329,2021-10-06 02:30:31,15600.0,600.0,167900.0
330,2021-10-06 02:30:31,15600.0,500.0,167300.0
331,2021-10-06 02:29:45,15600.0,200.0,166800.0
332,2021-10-06 02:29:25,15600.0,300.0,166600.0
333,2021-10-06 02:29:05,15600.0,300.0,166300.0
334,2021-10-06 02:28:35,15550.0,500.0,166000.0
335,2021-10-06 02:28:35,15600.0,500.0,165500.0
336,2021-10-06 02:28:23,15600.0,500.0,165000.0
337,2021-10-06 02:28:09,15700.0,100.0,164500.0
338,2021-10-06 02:27:02,15700.0,700.0,164400.0
339,2021-10-06 02:26:35,15700.0,1100.0,163700.0
340,2021-10-06 02:25:54,15700.0,1000.0,162600.0
341,2021-10-06 02:24:47,15700.0,9100.0,161600.0
342,2021-10-06 02:24:47,15650.0,1000.0,152500.0
343,2021-10-06 02:24:47,15650.0,2700.0,151500.0
344,2021-10-06 02:24:29,15600.0,100.0,148800.0
345,2021-10-06 02:24:29,15600.0,100.0,148700.0
346,2021-10-06 02:24:29,15600.0,500.0,148600.0
347,2021-10-06 02:24:18,15600.0,500.0,148100.0
348,2021-10-06 02:23:53,15650.0,1000.0,147600.0
349,2021-10-06 02:23:53,15650.0,100.0,146600.0
350,2021-10-06 02:23:53,15650.0,500.0,146500.0
351,2021-10-06 02:23:53,15650.0,500.0,146000.0
352,2021-10-06 02:23:53,15650.0,4300.0,145500.0
353,2021-10-06 02:23:53,15650.0,7800.0,141200.0
354,2021-10-06 02:23:48,15650.0,1000.0,133400.0
355,2021-10-06 02:23:40,15650.0,1000.0,132400.0
356,2021-10-06 02:23:29,15650.0,1000.0,131400.0
357,2021-10-06 02:22:25,15650.0,100.0,130400.0
358,2021-10-06 02:22:25,15650.0,1000.0,130300.0
359,2021-10-06 02:22:16,15650.0,5000.0,129300.0
360,2021-10-06 02:21:52,15650.0,5000.0,124300.0
361,2021-10-06 02:21:25,15650.0,1000.0,119300.0
362,2021-10-06 02:20:44,15650.0,500.0,118300.0
363,2021-10-06 02:20:14,15700.0,5000.0,117800.0
364,2021-10-06 02:19:51,15700.0,18900.0,112800.0
365,2021-10-06 02:19:51,15700.0,200.0,93900.0
366,2021-10-06 02:19:51,15700.0,1000.0,93700.0
367,2021-10-06 02:19:51,15700.0,200.0,92700.0
368,2021-10-06 02:19:51,15700.0,9700.0,92500.0
369,2021-10-06 02:19:31,15600.0,200.0,82800.0
370,2021-10-06 02:19:12,15650.0,1000.0,82600.0
371,2021-10-06 02:19:02,15600.0,300.0,81600.0
372,2021-10-06 02:19:02,15600.0,3500.0,81300.0
373,2021-10-06 02:18:56,15600.0,1000.0,77800.0
374,2021-10-06 02:18:55,15600.0,500.0,76800.0
375,2021-10-06 02:18:55,15600.0,2500.0,76300.0
376,2021-10-06 02:18:33,15600.0,2500.0,73800.0
377,2021-10-06 02:18:27,15600.0,5000.0,71300.0
378,2021-10-06 02:17:46,15550.0,2100.0,66300.0
379,2021-10-06 02:17:46,15550.0,1400.0,64200.0
380,2021-10-06 02:17:46,15550.0,200.0,62800.0
381,2021-10-06 02:16:54,15550.0,1000.0,62600.0
382,2021-10-06 02:16:48,15500.0,1600.0,61600.0
383,2021-10-06 02:16:00,15700.0,500.0,60000.0
384,2021-10-06 02:15:06,15700.0,11300.0,59500.0
385,2021-10-06 02:15:06,15600.0,6700.0,48200.0
386,2021-10-06 02:15:06,15600.0,800.0,41500.0
387,2021-10-06 02:15:01,15600.0,500.0,40700.0
388,2021-10-06 02:15:01,15600.0,500.0,40200.0
389,2021-10-06 02:15:01,15600.0,600.0,39700.0
390,2021-10-06 02:15:01,15600.0,500.0,39100.0
391,2021-10-06 02:15:01,15600.0,2100.0,38600.0
392,2021-10-06 02:15:01,15600.0,1800.0,36500.0
393,2021-10-06 02:15:01,15600.0,1100.0,34700.0
394,2021-10-06 02:15:01,15600.0,1900.0,33600.0
395,2021-10-06 02:15:01,15600.0,1000.0,31700.0
396,2021-10-06 02:15:01,15600.0,1000.0,30700.0
397,2021-10-06 02:15:01,15600.0,100.0,29700.0
398,2021-10-06 02:15:01,15600.0,1000.0,29600.0
399,2021-10-06 02:15:01,15600.0,600.0,28600.0
400,2021-10-06 02:15:01,15600.0,500.0,28000.0
401,2021-10-06 02:15:01,15600.0,1000.0,27500.0
402,2021-10-06 02:15:01,15600.0,500.0,26500.0
403,2021-10-06 02:15:01,15600.0,400.0,26000.0
404,2021-10-06 02:15:01,15600.0,500.0,25600.0
405,2021-10-06 02:15:01,15600.0,100.0,25100.0
406,2021-10-06 02:15:01,15600.0,3000.0,25000.0
407,2021-10-06 02:15:01,15600.0,400.0,22000.0
408,2021-10-06 02:15:01,15600.0,1600.0,21600.0
409,2021-10-06 02:15:01,15600.0,20000.0,20000.0
