,Time,Price,Volume_per_trade,Volume
0,2021-10-17 07:45:01,15700.0,1100.0,366900.0
1,2021-10-17 07:45:01,15700.0,1800.0,365800.0
2,2021-10-17 07:45:01,15700.0,2000.0,364000.0
3,2021-10-17 07:45:01,15700.0,100.0,362000.0
4,2021-10-17 07:45:01,15700.0,200.0,361900.0
5,2021-10-17 07:45:01,15700.0,500.0,361700.0
6,2021-10-17 07:45:01,15700.0,200.0,361200.0
7,2021-10-17 07:45:01,15700.0,300.0,361000.0
8,2021-10-17 07:45:01,15700.0,500.0,360700.0
9,2021-10-17 07:45:01,15700.0,400.0,360200.0
10,2021-10-17 07:27:11,15600.0,100.0,359800.0
11,2021-10-17 07:24:11,15550.0,300.0,359700.0
12,2021-10-17 07:23:57,15550.0,600.0,359400.0
13,2021-10-17 07:23:16,15550.0,300.0,358800.0
14,2021-10-17 07:23:12,15550.0,1100.0,358500.0
15,2021-10-17 07:22:32,15550.0,1000.0,357400.0
16,2021-10-17 07:22:31,15550.0,500.0,356400.0
17,2021-10-17 07:22:31,15550.0,900.0,355900.0
18,2021-10-17 07:21:12,15550.0,800.0,355000.0
19,2021-10-17 07:20:57,15550.0,900.0,354200.0
20,2021-10-17 07:20:47,15550.0,1400.0,353300.0
21,2021-10-17 07:20:41,15550.0,900.0,351900.0
22,2021-10-17 07:20:41,15550.0,1600.0,351000.0
23,2021-10-17 07:20:11,15500.0,1000.0,349400.0
24,2021-10-17 07:20:05,15500.0,1000.0,348400.0
25,2021-10-17 07:20:04,15500.0,3800.0,347400.0
26,2021-10-17 07:20:04,15500.0,500.0,343600.0
27,2021-10-17 07:20:04,15500.0,100.0,343100.0
28,2021-10-17 07:20:04,15500.0,500.0,343000.0
29,2021-10-17 07:20:04,15500.0,100.0,342500.0
30,2021-10-17 07:19:55,15550.0,100.0,342400.0
31,2021-10-17 07:19:25,15550.0,1000.0,342300.0
32,2021-10-17 07:19:14,15550.0,100.0,341300.0
33,2021-10-17 07:18:56,15550.0,4200.0,341200.0
34,2021-10-17 07:18:56,15550.0,200.0,337000.0
35,2021-10-17 07:18:56,15550.0,400.0,336800.0
36,2021-10-17 07:18:56,15550.0,2000.0,336400.0
37,2021-10-17 07:18:30,15550.0,100.0,334400.0
38,2021-10-17 07:18:30,15550.0,100.0,334300.0
39,2021-10-17 07:18:30,15550.0,100.0,334200.0
40,2021-10-17 07:18:30,15550.0,300.0,334100.0
41,2021-10-17 07:17:50,15550.0,1200.0,333800.0
42,2021-10-17 07:17:50,15550.0,500.0,332600.0
43,2021-10-17 07:17:50,15550.0,300.0,332100.0
44,2021-10-17 07:17:50,15600.0,100.0,331800.0
45,2021-10-17 07:17:50,15600.0,1100.0,331700.0
46,2021-10-17 07:17:50,15600.0,600.0,330600.0
47,2021-10-17 07:17:50,15600.0,500.0,330000.0
48,2021-10-17 07:17:50,15600.0,300.0,329500.0
49,2021-10-17 07:17:50,15600.0,200.0,329200.0
50,2021-10-17 07:17:50,15600.0,1000.0,329000.0
51,2021-10-17 07:17:50,15600.0,200.0,328000.0
52,2021-10-17 07:17:50,15600.0,100.0,327800.0
53,2021-10-17 07:17:50,15600.0,500.0,327700.0
54,2021-10-17 07:17:50,15600.0,1000.0,327200.0
55,2021-10-17 07:17:50,15600.0,500.0,326200.0
56,2021-10-17 07:17:50,15600.0,200.0,325700.0
57,2021-10-17 07:17:50,15600.0,2000.0,325500.0
58,2021-10-17 07:17:50,15600.0,10000.0,323500.0
59,2021-10-17 07:17:50,15600.0,100.0,313500.0
60,2021-10-17 07:17:50,15600.0,300.0,313400.0
61,2021-10-17 07:17:50,15600.0,100.0,313100.0
62,2021-10-17 07:17:50,15600.0,5000.0,313000.0
63,2021-10-17 07:17:50,15600.0,1000.0,308000.0
64,2021-10-17 07:17:50,15600.0,400.0,307000.0
65,2021-10-17 07:17:50,15600.0,500.0,306600.0
66,2021-10-17 07:17:50,15600.0,500.0,306100.0
67,2021-10-17 07:17:50,15650.0,500.0,305600.0
68,2021-10-17 07:17:50,15650.0,200.0,305100.0
69,2021-10-17 07:17:50,15650.0,400.0,304900.0
70,2021-10-17 07:17:50,15650.0,100.0,304500.0
71,2021-10-17 07:17:50,15650.0,800.0,304400.0
72,2021-10-17 07:17:50,15650.0,100.0,303600.0
73,2021-10-17 07:17:50,15650.0,400.0,303500.0
74,2021-10-17 07:17:50,15650.0,200.0,303100.0
75,2021-10-17 07:17:50,15650.0,19100.0,302900.0
76,2021-10-17 07:17:23,15650.0,500.0,283800.0
77,2021-10-17 07:17:15,15650.0,400.0,283300.0
78,2021-10-17 07:17:02,15700.0,4500.0,282900.0
79,2021-10-17 07:16:19,15700.0,1000.0,278400.0
80,2021-10-17 07:16:19,15700.0,2000.0,277400.0
81,2021-10-17 07:16:19,15700.0,2000.0,275400.0
82,2021-10-17 07:16:19,15700.0,2000.0,273400.0
83,2021-10-17 07:16:19,15700.0,700.0,271400.0
84,2021-10-17 07:16:19,15700.0,100.0,270700.0
85,2021-10-17 07:16:08,15700.0,200.0,270600.0
86,2021-10-17 07:15:59,15700.0,1000.0,270400.0
87,2021-10-17 07:15:59,15700.0,100.0,269400.0
88,2021-10-17 07:15:59,15700.0,1200.0,269300.0
89,2021-10-17 07:15:59,15700.0,100.0,268100.0
90,2021-10-17 07:15:59,15700.0,600.0,268000.0
91,2021-10-17 07:15:15,15700.0,100.0,267400.0
92,2021-10-17 07:15:02,15700.0,600.0,267300.0
93,2021-10-17 07:14:53,15700.0,500.0,266700.0
94,2021-10-17 07:14:46,15700.0,200.0,266200.0
95,2021-10-17 07:14:38,15700.0,200.0,266000.0
96,2021-10-17 07:14:31,15700.0,400.0,265800.0
97,2021-10-17 07:14:17,15700.0,1000.0,265400.0
98,2021-10-17 07:14:05,15700.0,200.0,264400.0
99,2021-10-17 07:13:59,15700.0,100.0,264200.0
100,2021-10-17 07:13:49,15700.0,100.0,264100.0
101,2021-10-17 07:13:19,15700.0,600.0,264000.0
102,2021-10-17 07:13:19,15700.0,900.0,263400.0
103,2021-10-17 07:08:45,15700.0,800.0,262500.0
104,2021-10-17 07:08:42,15700.0,1000.0,261700.0
105,2021-10-17 07:07:39,15700.0,5000.0,260700.0
106,2021-10-17 07:06:30,15750.0,2000.0,255700.0
107,2021-10-17 07:06:27,15700.0,2300.0,253700.0
108,2021-10-17 07:06:27,15700.0,1000.0,251400.0
109,2021-10-17 07:06:27,15700.0,500.0,250400.0
110,2021-10-17 07:06:27,15700.0,500.0,249900.0
111,2021-10-17 07:06:27,15700.0,1000.0,249400.0
112,2021-10-17 07:06:27,15700.0,3200.0,248400.0
113,2021-10-17 07:06:27,15700.0,1000.0,245200.0
114,2021-10-17 07:06:27,15700.0,200.0,244200.0
115,2021-10-17 07:06:27,15700.0,300.0,244000.0
116,2021-10-17 07:04:01,15700.0,200.0,243700.0
117,2021-10-17 07:00:20,15750.0,100.0,243500.0
118,2021-10-17 06:55:57,15700.0,1500.0,243400.0
119,2021-10-17 06:55:57,15700.0,300.0,241900.0
120,2021-10-17 06:55:57,15700.0,300.0,241600.0
121,2021-10-17 06:55:57,15700.0,500.0,241300.0
122,2021-10-17 06:55:57,15700.0,100.0,240800.0
123,2021-10-17 06:55:57,15700.0,100.0,240700.0
124,2021-10-17 06:55:57,15700.0,200.0,240600.0
125,2021-10-17 06:55:57,15700.0,300.0,240400.0
126,2021-10-17 06:55:57,15700.0,100.0,240100.0
127,2021-10-17 06:55:57,15700.0,200.0,240000.0
128,2021-10-17 06:55:57,15700.0,100.0,239800.0
129,2021-10-17 06:55:57,15700.0,100.0,239700.0
130,2021-10-17 06:55:57,15700.0,1000.0,239600.0
131,2021-10-17 06:55:57,15700.0,100.0,238600.0
132,2021-10-17 06:55:57,15700.0,100.0,238500.0
133,2021-10-17 06:55:57,15700.0,800.0,238400.0
134,2021-10-17 06:55:57,15700.0,500.0,237600.0
135,2021-10-17 06:55:57,15700.0,1300.0,237100.0
136,2021-10-17 06:55:57,15700.0,500.0,235800.0
137,2021-10-17 06:55:57,15700.0,200.0,235300.0
138,2021-10-17 06:53:22,15750.0,300.0,235100.0
139,2021-10-17 06:53:22,15750.0,9700.0,234800.0
140,2021-10-17 06:49:59,15700.0,400.0,225100.0
141,2021-10-17 06:49:37,15700.0,1200.0,224700.0
142,2021-10-17 06:49:30,15700.0,1000.0,223500.0
143,2021-10-17 06:48:29,15750.0,300.0,222500.0
144,2021-10-17 06:46:47,15750.0,1000.0,222200.0
145,2021-10-17 06:46:47,15750.0,4000.0,221200.0
146,2021-10-17 06:45:15,15750.0,2000.0,217200.0
147,2021-10-17 06:44:11,15750.0,1900.0,215200.0
148,2021-10-17 06:44:11,15750.0,800.0,213300.0
149,2021-10-17 06:44:11,15750.0,100.0,212500.0
150,2021-10-17 06:44:11,15750.0,1200.0,212400.0
151,2021-10-17 06:37:21,15700.0,1000.0,211200.0
152,2021-10-17 06:35:58,15750.0,100.0,210200.0
153,2021-10-17 06:34:48,15750.0,200.0,210100.0
154,2021-10-17 06:31:39,15700.0,2200.0,209900.0
155,2021-10-17 06:31:39,15700.0,600.0,207700.0
156,2021-10-17 06:30:37,15700.0,400.0,207100.0
157,2021-10-17 06:30:37,15700.0,1000.0,206700.0
158,2021-10-17 06:30:37,15700.0,100.0,205700.0
159,2021-10-17 06:30:37,15700.0,200.0,205600.0
160,2021-10-17 06:30:37,15700.0,300.0,205400.0
161,2021-10-17 06:27:48,15750.0,100.0,205100.0
162,2021-10-17 06:27:12,15750.0,100.0,205000.0
163,2021-10-17 06:24:22,15800.0,100.0,204900.0
164,2021-10-17 06:23:39,15800.0,700.0,204800.0
165,2021-10-17 06:23:39,15800.0,1200.0,204100.0
166,2021-10-17 06:23:24,15800.0,100.0,202900.0
167,2021-10-17 06:22:23,15800.0,500.0,202800.0
168,2021-10-17 06:21:19,15800.0,1200.0,202300.0
169,2021-10-17 06:18:35,15800.0,1500.0,201100.0
170,2021-10-17 06:17:45,15800.0,2000.0,199600.0
171,2021-10-17 06:17:00,15800.0,3000.0,197600.0
172,2021-10-17 06:16:38,15800.0,300.0,194600.0
173,2021-10-17 06:16:38,15800.0,100.0,194300.0
174,2021-10-17 06:15:07,15800.0,1700.0,194200.0
175,2021-10-17 06:14:34,15800.0,100.0,192500.0
176,2021-10-17 06:14:34,15800.0,1700.0,192400.0
177,2021-10-17 06:14:34,15800.0,1000.0,190700.0
178,2021-10-17 06:14:34,15800.0,2000.0,189700.0
179,2021-10-17 06:14:34,15800.0,1700.0,187700.0
180,2021-10-17 06:14:34,15800.0,2100.0,186000.0
181,2021-10-17 06:07:47,15800.0,900.0,183900.0
182,2021-10-17 06:07:42,15800.0,400.0,183000.0
183,2021-10-17 06:07:23,15800.0,1000.0,182600.0
184,2021-10-17 06:07:23,15800.0,1000.0,181600.0
185,2021-10-17 06:07:23,15800.0,1000.0,180600.0
186,2021-10-17 06:05:38,15700.0,1000.0,179600.0
187,2021-10-17 06:02:16,15700.0,100.0,178600.0
188,2021-10-17 06:00:14,15700.0,100.0,178500.0
189,2021-10-17 06:00:01,15800.0,200.0,178400.0
190,2021-10-17 06:00:01,15700.0,400.0,178200.0
191,2021-10-17 06:00:01,15700.0,200.0,177800.0
192,2021-10-17 06:00:01,15700.0,1400.0,177600.0
193,2021-10-17 04:26:19,15700.0,500.0,176200.0
194,2021-10-17 04:25:18,15800.0,100.0,175700.0
195,2021-10-17 04:20:23,15700.0,1000.0,175600.0
196,2021-10-17 04:17:04,15700.0,1100.0,174600.0
197,2021-10-17 04:17:04,15700.0,300.0,173500.0
198,2021-10-17 04:17:04,15700.0,100.0,173200.0
199,2021-10-17 04:15:55,15700.0,900.0,173100.0
200,2021-10-17 04:15:55,15700.0,2000.0,172200.0
201,2021-10-17 04:15:55,15700.0,500.0,170200.0
202,2021-10-17 04:15:55,15700.0,3100.0,169700.0
203,2021-10-17 04:15:55,15700.0,500.0,166600.0
204,2021-10-17 04:15:55,15700.0,100.0,166100.0
205,2021-10-17 04:15:55,15700.0,900.0,166000.0
206,2021-10-17 04:08:31,15800.0,800.0,165100.0
207,2021-10-17 04:08:31,15800.0,1200.0,164300.0
208,2021-10-17 04:08:04,15800.0,1000.0,163100.0
209,2021-10-17 04:06:49,15800.0,1000.0,162100.0
210,2021-10-17 04:06:49,15800.0,600.0,161100.0
211,2021-10-17 04:06:38,15800.0,4000.0,160500.0
212,2021-10-17 04:05:25,15800.0,200.0,156500.0
213,2021-10-17 04:05:25,15800.0,500.0,156300.0
214,2021-10-17 04:01:35,15800.0,1000.0,155800.0
215,2021-10-17 04:01:16,15800.0,1000.0,154800.0
216,2021-10-17 04:00:51,15800.0,400.0,153800.0
217,2021-10-17 03:59:26,15800.0,100.0,153400.0
218,2021-10-17 03:59:07,15800.0,3000.0,153300.0
219,2021-10-17 03:58:42,15800.0,200.0,150300.0
220,2021-10-17 03:56:18,15800.0,2000.0,150100.0
221,2021-10-17 03:55:13,15800.0,2000.0,148100.0
222,2021-10-17 03:52:32,15800.0,200.0,146100.0
223,2021-10-17 03:50:24,15800.0,300.0,145900.0
224,2021-10-17 03:49:11,15800.0,100.0,145600.0
225,2021-10-17 03:45:46,15800.0,100.0,145500.0
226,2021-10-17 03:45:36,15800.0,900.0,145400.0
227,2021-10-17 03:45:36,15800.0,100.0,144500.0
228,2021-10-17 03:45:36,15800.0,500.0,144400.0
229,2021-10-17 03:45:36,15800.0,100.0,143900.0
230,2021-10-17 03:45:05,15800.0,600.0,143800.0
231,2021-10-17 03:45:05,15800.0,600.0,143200.0
232,2021-10-17 03:45:05,15800.0,800.0,142600.0
233,2021-10-17 03:44:50,15800.0,4200.0,141800.0
234,2021-10-17 03:44:50,15800.0,2600.0,137600.0
235,2021-10-17 03:44:05,15800.0,5700.0,135000.0
236,2021-10-17 03:44:05,15750.0,1300.0,129300.0
237,2021-10-17 03:43:57,15750.0,200.0,128000.0
238,2021-10-17 03:41:46,15700.0,100.0,127800.0
239,2021-10-17 03:41:46,15700.0,2000.0,127700.0
240,2021-10-17 03:41:46,15700.0,15000.0,125700.0
241,2021-10-17 03:41:46,15700.0,1500.0,110700.0
242,2021-10-17 03:41:46,15700.0,100.0,109200.0
243,2021-10-17 03:41:46,15700.0,3000.0,109100.0
244,2021-10-17 03:41:46,15700.0,1000.0,106100.0
245,2021-10-17 03:41:46,15700.0,100.0,105100.0
246,2021-10-17 03:41:46,15700.0,100.0,105000.0
247,2021-10-17 03:41:46,15700.0,1000.0,104900.0
248,2021-10-17 03:41:46,15700.0,100.0,103900.0
249,2021-10-17 03:41:46,15700.0,5000.0,103800.0
250,2021-10-17 03:41:46,15700.0,1000.0,98800.0
251,2021-10-17 03:38:27,15700.0,2700.0,97800.0
252,2021-10-17 03:38:27,15750.0,200.0,95100.0
253,2021-10-17 03:38:27,15750.0,300.0,94900.0
254,2021-10-17 03:38:27,15750.0,2000.0,94600.0
255,2021-10-17 03:38:27,15750.0,100.0,92600.0
256,2021-10-17 03:38:27,15750.0,3000.0,92500.0
257,2021-10-17 03:38:27,15750.0,200.0,89500.0
258,2021-10-17 03:38:27,15750.0,1000.0,89300.0
259,2021-10-17 03:38:27,15750.0,200.0,88300.0
260,2021-10-17 03:38:27,15750.0,100.0,88100.0
261,2021-10-17 03:38:27,15750.0,100.0,88000.0
262,2021-10-17 03:38:27,15750.0,100.0,87900.0
263,2021-10-17 03:37:17,15750.0,100.0,87800.0
264,2021-10-17 03:37:17,15750.0,4900.0,87700.0
265,2021-10-17 03:33:34,15750.0,1500.0,82800.0
266,2021-10-17 03:33:18,15750.0,3600.0,81300.0
267,2021-10-17 03:33:18,15750.0,400.0,77700.0
268,2021-10-17 03:31:34,15800.0,5700.0,77300.0
269,2021-10-17 03:26:47,15800.0,300.0,71600.0
270,2021-10-17 03:22:20,15800.0,1500.0,71300.0
271,2021-10-17 03:20:06,15750.0,200.0,69800.0
272,2021-10-17 03:18:21,15800.0,500.0,69600.0
273,2021-10-17 03:14:58,15800.0,1000.0,69100.0
274,2021-10-17 03:13:14,15750.0,400.0,68100.0
275,2021-10-17 03:12:30,15800.0,200.0,67700.0
276,2021-10-17 03:12:19,15800.0,100.0,67500.0
277,2021-10-17 03:12:09,15800.0,5400.0,67400.0
278,2021-10-17 03:12:09,15800.0,1000.0,62000.0
279,2021-10-17 03:12:09,15800.0,600.0,61000.0
280,2021-10-17 03:10:46,15800.0,400.0,60400.0
281,2021-10-17 03:10:46,15800.0,900.0,60000.0
282,2021-10-17 03:10:38,15800.0,1100.0,59100.0
283,2021-10-17 03:10:38,15800.0,800.0,58000.0
284,2021-10-17 03:09:18,15800.0,200.0,57200.0
285,2021-10-17 03:03:38,15750.0,100.0,57000.0
286,2021-10-17 03:03:38,15750.0,200.0,56900.0
287,2021-10-17 03:03:38,15750.0,300.0,56700.0
288,2021-10-17 03:01:37,15750.0,200.0,56400.0
289,2021-10-17 03:01:37,15750.0,1500.0,56200.0
290,2021-10-17 02:58:15,15750.0,800.0,54700.0
291,2021-10-17 02:58:15,15750.0,500.0,53900.0
292,2021-10-17 02:55:26,15800.0,1000.0,53400.0
293,2021-10-17 02:55:12,15750.0,200.0,52400.0
294,2021-10-17 02:53:37,15750.0,1000.0,52200.0
295,2021-10-17 02:51:53,15750.0,200.0,51200.0
296,2021-10-17 02:46:22,15750.0,500.0,51000.0
297,2021-10-17 02:44:06,15750.0,600.0,50500.0
298,2021-10-17 02:44:06,15750.0,200.0,49900.0
299,2021-10-17 02:41:35,15800.0,100.0,49700.0
300,2021-10-17 02:40:11,15750.0,1000.0,49600.0
301,2021-10-17 02:39:38,15750.0,5000.0,48600.0
302,2021-10-17 02:39:25,15750.0,100.0,43600.0
303,2021-10-17 02:39:25,15750.0,3900.0,43500.0
304,2021-10-17 02:37:53,15700.0,1600.0,39600.0
305,2021-10-17 02:37:53,15700.0,400.0,38000.0
306,2021-10-17 02:33:11,15750.0,100.0,37600.0
307,2021-10-17 02:33:11,15750.0,200.0,37500.0
308,2021-10-17 02:29:36,15750.0,800.0,37300.0
309,2021-10-17 02:26:39,15750.0,100.0,36500.0
310,2021-10-17 02:26:36,15750.0,900.0,36400.0
311,2021-10-17 02:25:18,15750.0,100.0,35500.0
312,2021-10-17 02:19:45,15650.0,600.0,35400.0
313,2021-10-17 02:18:52,15600.0,700.0,34800.0
314,2021-10-17 02:18:52,15600.0,200.0,34100.0
315,2021-10-17 02:18:52,15600.0,2000.0,33900.0
316,2021-10-17 02:18:52,15600.0,1200.0,31900.0
317,2021-10-17 02:18:52,15600.0,500.0,30700.0
318,2021-10-17 02:18:52,15600.0,1000.0,30200.0
319,2021-10-17 02:18:52,15600.0,100.0,29200.0
320,2021-10-17 02:18:52,15600.0,100.0,29100.0
321,2021-10-17 02:18:52,15600.0,5000.0,29000.0
322,2021-10-17 02:18:52,15600.0,100.0,24000.0
323,2021-10-17 02:18:52,15600.0,500.0,23900.0
324,2021-10-17 02:18:52,15650.0,500.0,23400.0
325,2021-10-17 02:18:52,15650.0,100.0,22900.0
326,2021-10-17 02:18:52,15650.0,200.0,22800.0
327,2021-10-17 02:18:52,15650.0,500.0,22600.0
328,2021-10-17 02:18:52,15650.0,200.0,22100.0
329,2021-10-17 02:18:52,15650.0,300.0,21900.0
330,2021-10-17 02:18:52,15650.0,300.0,21600.0
331,2021-10-17 02:18:52,15650.0,1000.0,21300.0
332,2021-10-17 02:18:52,15700.0,2000.0,20300.0
333,2021-10-17 02:18:52,15700.0,1000.0,18300.0
334,2021-10-17 02:18:52,15700.0,3100.0,17300.0
335,2021-10-17 02:18:52,15700.0,2000.0,14200.0
336,2021-10-17 02:18:52,15700.0,1000.0,12200.0
337,2021-10-17 02:18:52,15700.0,700.0,11200.0
338,2021-10-17 02:18:52,15700.0,700.0,10500.0
339,2021-10-17 02:18:06,15700.0,200.0,9800.0
340,2021-10-17 02:17:07,15700.0,2000.0,9600.0
341,2021-10-17 02:16:07,15800.0,2000.0,7600.0
342,2021-10-17 02:15:37,15800.0,200.0,5600.0
343,2021-10-17 02:15:01,15700.0,100.0,5400.0
344,2021-10-17 02:15:01,15700.0,300.0,5300.0
345,2021-10-17 02:15:01,15700.0,500.0,5000.0
346,2021-10-17 02:15:01,15700.0,200.0,4500.0
347,2021-10-17 02:15:01,15700.0,300.0,4300.0
348,2021-10-17 02:15:01,15700.0,2700.0,4000.0
349,2021-10-17 02:15:01,15700.0,1000.0,1300.0
350,2021-10-17 02:15:01,15700.0,300.0,300.0
