,Time,Price,Volume_per_trade,Volume
0,2021-10-22 07:45:01,15350.0,100.0,295900.0
1,2021-10-22 07:45:01,15350.0,1500.0,295800.0
2,2021-10-22 07:45:01,15350.0,200.0,294300.0
3,2021-10-22 07:45:01,15350.0,200.0,294100.0
4,2021-10-22 07:45:01,15350.0,2300.0,293900.0
5,2021-10-22 07:45:01,15350.0,2700.0,291600.0
6,2021-10-22 07:45:01,15350.0,700.0,288900.0
7,2021-10-22 07:45:01,15350.0,800.0,288200.0
8,2021-10-22 07:29:52,15350.0,4300.0,287400.0
9,2021-10-22 07:29:52,15350.0,100.0,283100.0
10,2021-10-22 07:29:52,15350.0,600.0,283000.0
11,2021-10-22 07:29:44,15400.0,700.0,282400.0
12,2021-10-22 07:28:57,15350.0,1900.0,281700.0
13,2021-10-22 07:28:57,15350.0,100.0,279800.0
14,2021-10-22 07:26:24,15350.0,900.0,279700.0
15,2021-10-22 07:26:24,15350.0,100.0,278800.0
16,2021-10-22 07:24:54,15350.0,2900.0,278700.0
17,2021-10-22 07:24:54,15350.0,100.0,275800.0
18,2021-10-22 07:24:07,15400.0,300.0,275700.0
19,2021-10-22 07:24:07,15350.0,4700.0,275400.0
20,2021-10-22 07:23:30,15350.0,2100.0,270700.0
21,2021-10-22 07:23:30,15350.0,2800.0,268600.0
22,2021-10-22 07:23:30,15350.0,1900.0,265800.0
23,2021-10-22 07:23:27,15250.0,300.0,263900.0
24,2021-10-22 07:23:27,15250.0,200.0,263600.0
25,2021-10-22 07:23:27,15300.0,500.0,263400.0
26,2021-10-22 07:23:27,15300.0,1000.0,262900.0
27,2021-10-22 07:22:35,15300.0,1000.0,261900.0
28,2021-10-22 07:21:15,15250.0,400.0,260900.0
29,2021-10-22 07:21:15,15250.0,300.0,260500.0
30,2021-10-22 07:21:15,15250.0,200.0,260200.0
31,2021-10-22 07:21:15,15250.0,100.0,260000.0
32,2021-10-22 07:18:07,15250.0,1900.0,259900.0
33,2021-10-22 07:18:07,15250.0,100.0,258000.0
34,2021-10-22 07:16:59,15300.0,1900.0,257900.0
35,2021-10-22 07:16:59,15300.0,100.0,256000.0
36,2021-10-22 07:16:54,15300.0,1000.0,255900.0
37,2021-10-22 07:16:54,15300.0,2000.0,254900.0
38,2021-10-22 07:16:54,15300.0,100.0,252900.0
39,2021-10-22 07:16:54,15300.0,1000.0,252800.0
40,2021-10-22 07:16:54,15300.0,500.0,251800.0
41,2021-10-22 07:16:54,15300.0,200.0,251300.0
42,2021-10-22 07:16:54,15300.0,100.0,251100.0
43,2021-10-22 07:15:51,15350.0,1000.0,251000.0
44,2021-10-22 07:15:51,15350.0,1000.0,250000.0
45,2021-10-22 07:15:51,15350.0,100.0,249000.0
46,2021-10-22 07:15:51,15350.0,300.0,248900.0
47,2021-10-22 07:15:51,15350.0,100.0,248600.0
48,2021-10-22 07:15:51,15350.0,1500.0,248500.0
49,2021-10-22 07:15:51,15350.0,1000.0,247000.0
50,2021-10-22 07:15:51,15350.0,2600.0,246000.0
51,2021-10-22 07:15:51,15350.0,1000.0,243400.0
52,2021-10-22 07:15:43,15350.0,1000.0,242400.0
53,2021-10-22 07:15:34,15350.0,800.0,241400.0
54,2021-10-22 07:15:10,15400.0,1000.0,240600.0
55,2021-10-22 07:15:07,15350.0,1000.0,239600.0
56,2021-10-22 07:14:53,15400.0,900.0,238600.0
57,2021-10-22 07:14:53,15400.0,300.0,237700.0
58,2021-10-22 07:14:22,15400.0,500.0,237400.0
59,2021-10-22 07:13:36,15400.0,1200.0,236900.0
60,2021-10-22 07:13:36,15400.0,800.0,235700.0
61,2021-10-22 07:11:56,15400.0,200.0,234900.0
62,2021-10-22 07:11:56,15400.0,300.0,234700.0
63,2021-10-22 07:11:45,15400.0,200.0,234400.0
64,2021-10-22 07:11:45,15400.0,100.0,234200.0
65,2021-10-22 07:11:45,15400.0,200.0,234100.0
66,2021-10-22 07:10:57,15400.0,1000.0,233900.0
67,2021-10-22 07:10:57,15400.0,100.0,232900.0
68,2021-10-22 07:10:57,15400.0,100.0,232800.0
69,2021-10-22 07:10:57,15400.0,3000.0,232700.0
70,2021-10-22 07:10:57,15400.0,100.0,229700.0
71,2021-10-22 07:10:57,15400.0,700.0,229600.0
72,2021-10-22 07:10:30,15450.0,100.0,228900.0
73,2021-10-22 07:10:30,15450.0,900.0,228800.0
74,2021-10-22 07:09:54,15450.0,200.0,227900.0
75,2021-10-22 07:09:54,15450.0,2000.0,227700.0
76,2021-10-22 07:09:54,15450.0,19600.0,225700.0
77,2021-10-22 07:09:54,15500.0,300.0,206100.0
78,2021-10-22 07:09:54,15500.0,2700.0,205800.0
79,2021-10-22 07:09:54,15500.0,4300.0,203100.0
80,2021-10-22 07:05:12,15500.0,1000.0,198800.0
81,2021-10-22 07:04:31,15500.0,2200.0,197800.0
82,2021-10-22 07:04:31,15500.0,2500.0,195600.0
83,2021-10-22 07:04:17,15500.0,500.0,193100.0
84,2021-10-22 07:03:42,15450.0,400.0,192600.0
85,2021-10-22 07:03:42,15450.0,200.0,192200.0
86,2021-10-22 07:03:15,15500.0,100.0,192000.0
87,2021-10-22 07:03:15,15500.0,200.0,191900.0
88,2021-10-22 07:02:02,15500.0,1000.0,191700.0
89,2021-10-22 07:00:36,15500.0,500.0,190700.0
90,2021-10-22 06:59:36,15500.0,5000.0,190200.0
91,2021-10-22 06:59:36,15500.0,100.0,185200.0
92,2021-10-22 06:59:33,15500.0,100.0,185100.0
93,2021-10-22 06:57:45,15500.0,900.0,185000.0
94,2021-10-22 06:56:21,15500.0,200.0,184100.0
95,2021-10-22 06:54:03,15500.0,100.0,183900.0
96,2021-10-22 06:53:01,15500.0,700.0,183800.0
97,2021-10-22 06:53:01,15500.0,2000.0,183100.0
98,2021-10-22 06:53:01,15500.0,900.0,181100.0
99,2021-10-22 06:52:38,15500.0,100.0,180200.0
100,2021-10-22 06:52:38,15500.0,9900.0,180100.0
101,2021-10-22 06:51:42,15500.0,100.0,170200.0
102,2021-10-22 06:51:17,15500.0,2000.0,170100.0
103,2021-10-22 06:50:01,15500.0,2100.0,168100.0
104,2021-10-22 06:50:01,15500.0,2900.0,166000.0
105,2021-10-22 06:49:26,15500.0,4100.0,163100.0
106,2021-10-22 06:49:26,15500.0,500.0,159000.0
107,2021-10-22 06:49:26,15500.0,100.0,158500.0
108,2021-10-22 06:49:26,15500.0,100.0,158400.0
109,2021-10-22 06:37:50,15500.0,1300.0,158300.0
110,2021-10-22 06:37:50,15500.0,1000.0,157000.0
111,2021-10-22 06:37:50,15500.0,1000.0,156000.0
112,2021-10-22 06:37:50,15500.0,200.0,155000.0
113,2021-10-22 06:37:50,15500.0,1500.0,154800.0
114,2021-10-22 06:36:25,15600.0,500.0,153300.0
115,2021-10-22 06:35:19,15600.0,1000.0,152800.0
116,2021-10-22 06:35:19,15600.0,400.0,151800.0
117,2021-10-22 06:34:31,15600.0,500.0,151400.0
118,2021-10-22 06:34:31,15600.0,2400.0,150900.0
119,2021-10-22 06:32:55,15600.0,100.0,148500.0
120,2021-10-22 06:32:12,15600.0,500.0,148400.0
121,2021-10-22 06:32:04,15600.0,500.0,147900.0
122,2021-10-22 06:30:45,15600.0,200.0,147400.0
123,2021-10-22 06:30:45,15600.0,500.0,147200.0
124,2021-10-22 06:30:45,15600.0,300.0,146700.0
125,2021-10-22 06:29:46,15600.0,300.0,146400.0
126,2021-10-22 06:29:46,15600.0,1000.0,146100.0
127,2021-10-22 06:29:46,15600.0,200.0,145100.0
128,2021-10-22 06:27:52,15600.0,500.0,144900.0
129,2021-10-22 06:27:12,15600.0,300.0,144400.0
130,2021-10-22 06:26:11,15600.0,700.0,144100.0
131,2021-10-22 06:25:56,15600.0,300.0,143400.0
132,2021-10-22 06:25:45,15650.0,200.0,143100.0
133,2021-10-22 06:25:45,15650.0,200.0,142900.0
134,2021-10-22 06:25:45,15650.0,1000.0,142700.0
135,2021-10-22 06:25:26,15600.0,400.0,141700.0
136,2021-10-22 06:25:21,15600.0,2000.0,141300.0
137,2021-10-22 06:23:08,15600.0,1000.0,139300.0
138,2021-10-22 06:22:23,15600.0,3000.0,138300.0
139,2021-10-22 06:22:23,15600.0,100.0,135300.0
140,2021-10-22 06:22:23,15600.0,700.0,135200.0
141,2021-10-22 06:22:23,15600.0,1000.0,134500.0
142,2021-10-22 06:22:23,15600.0,200.0,133500.0
143,2021-10-22 06:22:02,15550.0,600.0,133300.0
144,2021-10-22 06:20:24,15550.0,400.0,132700.0
145,2021-10-22 06:20:24,15550.0,100.0,132300.0
146,2021-10-22 06:15:41,15550.0,100.0,132200.0
147,2021-10-22 06:14:14,15500.0,500.0,132100.0
148,2021-10-22 06:13:07,15600.0,200.0,131600.0
149,2021-10-22 06:12:46,15600.0,100.0,131400.0
150,2021-10-22 06:11:39,15500.0,100.0,131300.0
151,2021-10-22 06:11:38,15500.0,100.0,131200.0
152,2021-10-22 06:11:38,15500.0,800.0,131100.0
153,2021-10-22 06:10:55,15500.0,200.0,130300.0
154,2021-10-22 06:10:55,15500.0,100.0,130100.0
155,2021-10-22 06:10:55,15500.0,200.0,130000.0
156,2021-10-22 06:09:15,15500.0,500.0,129800.0
157,2021-10-22 06:09:02,15500.0,1000.0,129300.0
158,2021-10-22 06:04:22,15500.0,300.0,128300.0
159,2021-10-22 06:04:22,15500.0,700.0,128000.0
160,2021-10-22 06:03:52,15500.0,600.0,127300.0
161,2021-10-22 06:03:33,15500.0,500.0,126700.0
162,2021-10-22 06:01:58,15450.0,1300.0,126200.0
163,2021-10-22 06:01:00,15450.0,1000.0,124900.0
164,2021-10-22 06:00:13,15450.0,400.0,123900.0
165,2021-10-22 06:00:13,15450.0,300.0,123500.0
166,2021-10-22 06:00:04,15450.0,200.0,123200.0
167,2021-10-22 06:00:03,15450.0,500.0,123000.0
168,2021-10-22 06:00:03,15450.0,6100.0,122500.0
169,2021-10-22 06:00:02,15400.0,2300.0,116400.0
170,2021-10-22 06:00:02,15400.0,1000.0,114100.0
171,2021-10-22 06:00:02,15400.0,1000.0,113100.0
172,2021-10-22 06:00:02,15400.0,2000.0,112100.0
173,2021-10-22 06:00:02,15400.0,3700.0,110100.0
174,2021-10-22 06:00:01,15450.0,1000.0,106400.0
175,2021-10-22 04:26:12,15450.0,500.0,105400.0
176,2021-10-22 04:21:20,15450.0,100.0,104900.0
177,2021-10-22 04:19:51,15450.0,2300.0,104800.0
178,2021-10-22 04:19:51,15450.0,2200.0,102500.0
179,2021-10-22 04:19:10,15400.0,1400.0,100300.0
180,2021-10-22 04:19:10,15400.0,600.0,98900.0
181,2021-10-22 04:18:51,15400.0,100.0,98300.0
182,2021-10-22 04:15:11,15450.0,100.0,98200.0
183,2021-10-22 04:11:53,15450.0,1200.0,98100.0
184,2021-10-22 04:09:56,15450.0,200.0,96900.0
185,2021-10-22 04:09:56,15450.0,300.0,96700.0
186,2021-10-22 04:09:56,15450.0,200.0,96400.0
187,2021-10-22 04:09:56,15450.0,1500.0,96200.0
188,2021-10-22 04:09:56,15450.0,100.0,94700.0
189,2021-10-22 04:09:56,15450.0,200.0,94600.0
190,2021-10-22 04:09:56,15450.0,1000.0,94400.0
191,2021-10-22 04:09:17,15500.0,100.0,93400.0
192,2021-10-22 04:06:16,15500.0,2000.0,93300.0
193,2021-10-22 04:02:28,15500.0,100.0,91300.0
194,2021-10-22 04:02:28,15500.0,100.0,91200.0
195,2021-10-22 03:52:37,15450.0,100.0,91100.0
196,2021-10-22 03:52:37,15450.0,1100.0,91000.0
197,2021-10-22 03:51:55,15450.0,500.0,89900.0
198,2021-10-22 03:49:55,15400.0,100.0,89400.0
199,2021-10-22 03:49:10,15450.0,600.0,89300.0
200,2021-10-22 03:48:55,15400.0,200.0,88700.0
201,2021-10-22 03:48:53,15450.0,1800.0,88500.0
202,2021-10-22 03:47:46,15450.0,1000.0,86700.0
203,2021-10-22 03:44:45,15450.0,1000.0,85700.0
204,2021-10-22 03:42:27,15400.0,9200.0,84700.0
205,2021-10-22 03:42:27,15400.0,500.0,75500.0
206,2021-10-22 03:42:27,15400.0,300.0,75000.0
207,2021-10-22 03:41:23,15400.0,400.0,74700.0
208,2021-10-22 03:41:23,15400.0,100.0,74300.0
209,2021-10-22 03:41:14,15350.0,3600.0,74200.0
210,2021-10-22 03:41:14,15350.0,300.0,70600.0
211,2021-10-22 03:40:16,15400.0,200.0,70300.0
212,2021-10-22 03:35:40,15350.0,700.0,70100.0
213,2021-10-22 03:35:40,15350.0,700.0,69400.0
214,2021-10-22 03:33:13,15400.0,200.0,68700.0
215,2021-10-22 03:32:04,15400.0,100.0,68500.0
216,2021-10-22 03:31:29,15400.0,1400.0,68400.0
217,2021-10-22 03:30:17,15400.0,200.0,67000.0
218,2021-10-22 03:30:17,15400.0,400.0,66800.0
219,2021-10-22 03:30:05,15400.0,500.0,66400.0
220,2021-10-22 03:28:36,15400.0,200.0,65900.0
221,2021-10-22 03:28:36,15400.0,900.0,65700.0
222,2021-10-22 03:28:36,15400.0,100.0,64800.0
223,2021-10-22 03:28:36,15400.0,900.0,64700.0
224,2021-10-22 03:28:15,15400.0,400.0,63800.0
225,2021-10-22 03:26:48,15400.0,3900.0,63400.0
226,2021-10-22 03:26:48,15400.0,100.0,59500.0
227,2021-10-22 03:26:27,15400.0,100.0,59400.0
228,2021-10-22 03:26:27,15400.0,1900.0,59300.0
229,2021-10-22 03:26:03,15450.0,500.0,57400.0
230,2021-10-22 03:21:03,15450.0,200.0,56900.0
231,2021-10-22 03:19:00,15450.0,100.0,56700.0
232,2021-10-22 03:19:00,15450.0,6000.0,56600.0
233,2021-10-22 03:19:00,15450.0,3900.0,50600.0
234,2021-10-22 03:18:44,15400.0,100.0,46700.0
235,2021-10-22 03:15:35,15400.0,100.0,46600.0
236,2021-10-22 03:14:36,15400.0,200.0,46500.0
237,2021-10-22 03:14:24,15400.0,900.0,46300.0
238,2021-10-22 03:14:19,15400.0,3300.0,45400.0
239,2021-10-22 03:14:16,15400.0,200.0,42100.0
240,2021-10-22 03:14:08,15400.0,100.0,41900.0
241,2021-10-22 03:13:59,15400.0,200.0,41800.0
242,2021-10-22 03:13:39,15400.0,100.0,41600.0
243,2021-10-22 03:13:37,15400.0,300.0,41500.0
244,2021-10-22 03:13:28,15400.0,100.0,41200.0
245,2021-10-22 03:13:12,15400.0,100.0,41100.0
246,2021-10-22 03:13:12,15400.0,100.0,41000.0
247,2021-10-22 03:12:21,15400.0,200.0,40900.0
248,2021-10-22 03:12:21,15400.0,100.0,40700.0
249,2021-10-22 03:12:13,15400.0,100.0,40600.0
250,2021-10-22 03:10:50,15450.0,500.0,40500.0
251,2021-10-22 03:08:37,15450.0,100.0,40000.0
252,2021-10-22 03:05:45,15450.0,500.0,39900.0
253,2021-10-22 03:05:45,15450.0,500.0,39400.0
254,2021-10-22 03:04:09,15450.0,1000.0,38900.0
255,2021-10-22 03:03:37,15450.0,500.0,37900.0
256,2021-10-22 03:03:36,15450.0,200.0,37400.0
257,2021-10-22 03:02:35,15450.0,1000.0,37200.0
258,2021-10-22 02:58:08,15450.0,100.0,36200.0
259,2021-10-22 02:57:59,15450.0,500.0,36100.0
260,2021-10-22 02:55:43,15450.0,100.0,35600.0
261,2021-10-22 02:55:43,15450.0,100.0,35500.0
262,2021-10-22 02:55:43,15450.0,1000.0,35400.0
263,2021-10-22 02:55:43,15450.0,10000.0,34400.0
264,2021-10-22 02:54:20,15500.0,100.0,24400.0
265,2021-10-22 02:54:20,15500.0,1000.0,24300.0
266,2021-10-22 02:54:20,15500.0,100.0,23300.0
267,2021-10-22 02:54:20,15500.0,800.0,23200.0
268,2021-10-22 02:53:50,15500.0,200.0,22400.0
269,2021-10-22 02:53:50,15500.0,100.0,22200.0
270,2021-10-22 02:53:50,15500.0,200.0,22100.0
271,2021-10-22 02:49:06,15550.0,1800.0,21900.0
272,2021-10-22 02:47:53,15550.0,100.0,20100.0
273,2021-10-22 02:47:29,15550.0,100.0,20000.0
274,2021-10-22 02:46:01,15500.0,100.0,19900.0
275,2021-10-22 02:46:01,15500.0,200.0,19800.0
276,2021-10-22 02:45:34,15500.0,300.0,19600.0
277,2021-10-22 02:45:27,15500.0,100.0,19300.0
278,2021-10-22 02:45:27,15500.0,100.0,19200.0
279,2021-10-22 02:45:27,15500.0,200.0,19100.0
280,2021-10-22 02:42:22,15500.0,100.0,18900.0
281,2021-10-22 02:42:22,15500.0,300.0,18800.0
282,2021-10-22 02:41:47,15500.0,600.0,18500.0
283,2021-10-22 02:41:47,15500.0,400.0,17900.0
284,2021-10-22 02:40:01,15500.0,100.0,17500.0
285,2021-10-22 02:36:17,15500.0,1500.0,17400.0
286,2021-10-22 02:36:17,15500.0,2000.0,15900.0
287,2021-10-22 02:36:17,15500.0,1000.0,13900.0
288,2021-10-22 02:36:17,15500.0,300.0,12900.0
289,2021-10-22 02:36:17,15500.0,2000.0,12600.0
290,2021-10-22 02:35:31,15500.0,800.0,10600.0
291,2021-10-22 02:35:31,15500.0,200.0,9800.0
292,2021-10-22 02:34:30,15600.0,1200.0,9600.0
293,2021-10-22 02:34:30,15600.0,1000.0,8400.0
294,2021-10-22 02:34:30,15600.0,1000.0,7400.0
295,2021-10-22 02:34:30,15600.0,100.0,6400.0
296,2021-10-22 02:34:30,15600.0,100.0,6300.0
297,2021-10-22 02:34:30,15600.0,100.0,6200.0
298,2021-10-22 02:32:23,15600.0,100.0,6100.0
299,2021-10-22 02:26:34,15650.0,500.0,6000.0
300,2021-10-22 02:25:13,15650.0,200.0,5500.0
301,2021-10-22 02:17:18,15650.0,1000.0,5300.0
302,2021-10-22 02:15:42,15500.0,2400.0,4300.0
303,2021-10-22 02:15:01,15650.0,200.0,1900.0
304,2021-10-22 02:15:00,15650.0,100.0,1700.0
305,2021-10-22 02:15:00,15650.0,100.0,1600.0
306,2021-10-22 02:15:00,15650.0,100.0,1500.0
307,2021-10-22 02:15:00,15650.0,100.0,1400.0
308,2021-10-22 02:15:00,15650.0,700.0,1300.0
309,2021-10-22 02:15:00,15650.0,300.0,600.0
310,2021-10-22 02:15:00,15650.0,300.0,300.0
