,Time,Price,Volume_per_trade,Volume
0,2021-10-08 07:45:01,16250.0,500.0,933700.0
1,2021-10-08 07:45:01,16250.0,100.0,933200.0
2,2021-10-08 07:45:01,16250.0,1500.0,933100.0
3,2021-10-08 07:45:01,16250.0,100.0,931600.0
4,2021-10-08 07:45:01,16250.0,100.0,931500.0
5,2021-10-08 07:45:01,16250.0,5300.0,931400.0
6,2021-10-08 07:45:01,16250.0,2200.0,926100.0
7,2021-10-08 07:45:01,16250.0,12000.0,923900.0
8,2021-10-08 07:45:01,16250.0,100.0,911900.0
9,2021-10-08 07:45:01,16250.0,1500.0,911800.0
10,2021-10-08 07:45:01,16250.0,2500.0,910300.0
11,2021-10-08 07:45:01,16250.0,200.0,907800.0
12,2021-10-08 07:45:01,16250.0,2000.0,907600.0
13,2021-10-08 07:45:01,16250.0,15000.0,905600.0
14,2021-10-08 07:45:01,16250.0,1000.0,890600.0
15,2021-10-08 07:45:01,16250.0,300.0,889600.0
16,2021-10-08 07:45:01,16250.0,700.0,889300.0
17,2021-10-08 07:45:01,16250.0,1000.0,888600.0
18,2021-10-08 07:45:01,16250.0,2000.0,887600.0
19,2021-10-08 07:45:01,16250.0,6300.0,885600.0
20,2021-10-08 07:45:01,16250.0,2800.0,879300.0
21,2021-10-08 07:45:01,16250.0,10000.0,876500.0
22,2021-10-08 07:45:01,16250.0,1000.0,866500.0
23,2021-10-08 07:45:01,16250.0,15900.0,865500.0
24,2021-10-08 07:45:01,16250.0,100.0,849600.0
25,2021-10-08 07:45:01,16250.0,3000.0,849500.0
26,2021-10-08 07:45:01,16250.0,1900.0,846500.0
27,2021-10-08 07:45:01,16250.0,1000.0,844600.0
28,2021-10-08 07:45:01,16250.0,1000.0,843600.0
29,2021-10-08 07:45:01,16250.0,1100.0,842600.0
30,2021-10-08 07:45:01,16250.0,1200.0,841500.0
31,2021-10-08 07:45:01,16250.0,2700.0,840300.0
32,2021-10-08 07:45:01,16250.0,8100.0,837600.0
33,2021-10-08 07:45:01,16250.0,300.0,829500.0
34,2021-10-08 07:45:01,16250.0,100.0,829200.0
35,2021-10-08 07:45:01,16250.0,1000.0,829100.0
36,2021-10-08 07:45:01,16250.0,10500.0,828100.0
37,2021-10-08 07:45:01,16250.0,23000.0,817600.0
38,2021-10-08 07:45:01,16250.0,1300.0,794600.0
39,2021-10-08 07:45:01,16250.0,2000.0,793300.0
40,2021-10-08 07:29:59,16200.0,1000.0,791300.0
41,2021-10-08 07:29:44,16200.0,300.0,790300.0
42,2021-10-08 07:29:33,16200.0,200.0,790000.0
43,2021-10-08 07:29:27,16200.0,200.0,789800.0
44,2021-10-08 07:29:27,16200.0,100.0,789600.0
45,2021-10-08 07:29:27,16200.0,100.0,789500.0
46,2021-10-08 07:29:27,16200.0,500.0,789400.0
47,2021-10-08 07:29:27,16200.0,100.0,788900.0
48,2021-10-08 07:29:20,16050.0,2200.0,788800.0
49,2021-10-08 07:29:15,16100.0,300.0,786600.0
50,2021-10-08 07:29:06,16100.0,500.0,786300.0
51,2021-10-08 07:29:06,16100.0,2000.0,785800.0
52,2021-10-08 07:29:06,16100.0,10000.0,783800.0
53,2021-10-08 07:29:06,16100.0,10000.0,773800.0
54,2021-10-08 07:29:06,16200.0,200.0,763800.0
55,2021-10-08 07:29:05,16200.0,100.0,763600.0
56,2021-10-08 07:29:03,16200.0,600.0,763500.0
57,2021-10-08 07:28:48,16200.0,300.0,762900.0
58,2021-10-08 07:28:35,16200.0,300.0,762600.0
59,2021-10-08 07:28:26,16200.0,200.0,762300.0
60,2021-10-08 07:28:19,16200.0,200.0,762100.0
61,2021-10-08 07:28:19,16200.0,100.0,761900.0
62,2021-10-08 07:28:12,16200.0,700.0,761800.0
63,2021-10-08 07:28:12,16200.0,300.0,761100.0
64,2021-10-08 07:27:56,16200.0,300.0,760800.0
65,2021-10-08 07:27:48,16200.0,200.0,760500.0
66,2021-10-08 07:27:35,16200.0,200.0,760300.0
67,2021-10-08 07:27:28,16200.0,300.0,760100.0
68,2021-10-08 07:27:21,16200.0,200.0,759800.0
69,2021-10-08 07:27:09,16200.0,300.0,759600.0
70,2021-10-08 07:27:01,16200.0,200.0,759300.0
71,2021-10-08 07:26:55,16200.0,300.0,759100.0
72,2021-10-08 07:26:51,16200.0,200.0,758800.0
73,2021-10-08 07:26:41,16100.0,6200.0,758600.0
74,2021-10-08 07:26:26,16100.0,300.0,752400.0
75,2021-10-08 07:26:24,16100.0,1000.0,752100.0
76,2021-10-08 07:26:24,16100.0,2000.0,751100.0
77,2021-10-08 07:26:24,16100.0,300.0,749100.0
78,2021-10-08 07:26:24,16100.0,200.0,748800.0
79,2021-10-08 07:26:17,16250.0,200.0,748600.0
80,2021-10-08 07:26:08,16200.0,500.0,748400.0
81,2021-10-08 07:26:01,16200.0,300.0,747900.0
82,2021-10-08 07:25:53,16200.0,200.0,747600.0
83,2021-10-08 07:25:39,16200.0,100.0,747400.0
84,2021-10-08 07:25:39,16200.0,700.0,747300.0
85,2021-10-08 07:25:23,16200.0,500.0,746600.0
86,2021-10-08 07:25:17,16200.0,200.0,746100.0
87,2021-10-08 07:25:10,16200.0,300.0,745900.0
88,2021-10-08 07:25:02,16200.0,300.0,745600.0
89,2021-10-08 07:25:02,16200.0,200.0,745300.0
90,2021-10-08 07:24:54,16200.0,300.0,745100.0
91,2021-10-08 07:24:48,16200.0,300.0,744800.0
92,2021-10-08 07:24:41,16200.0,400.0,744500.0
93,2021-10-08 07:24:32,16200.0,300.0,744100.0
94,2021-10-08 07:24:02,16200.0,200.0,743800.0
95,2021-10-08 07:23:52,16200.0,100.0,743600.0
96,2021-10-08 07:23:41,16200.0,200.0,743500.0
97,2021-10-08 07:23:36,16200.0,1000.0,743300.0
98,2021-10-08 07:23:36,16200.0,100.0,742300.0
99,2021-10-08 07:23:36,16250.0,1900.0,742200.0
100,2021-10-08 07:23:33,16300.0,500.0,740300.0
101,2021-10-08 07:23:25,16300.0,300.0,739800.0
102,2021-10-08 07:23:11,16300.0,500.0,739500.0
103,2021-10-08 07:23:11,16300.0,1600.0,739000.0
104,2021-10-08 07:23:10,16300.0,100.0,737400.0
105,2021-10-08 07:23:01,16300.0,300.0,737300.0
106,2021-10-08 07:22:53,16300.0,200.0,737000.0
107,2021-10-08 07:22:44,16300.0,300.0,736800.0
108,2021-10-08 07:22:38,16300.0,100.0,736500.0
109,2021-10-08 07:22:30,16300.0,500.0,736400.0
110,2021-10-08 07:22:19,16300.0,300.0,735900.0
111,2021-10-08 07:22:11,16300.0,500.0,735600.0
112,2021-10-08 07:22:01,16200.0,400.0,735100.0
113,2021-10-08 07:21:59,16200.0,400.0,734700.0
114,2021-10-08 07:21:53,16200.0,500.0,734300.0
115,2021-10-08 07:21:46,16200.0,1000.0,733800.0
116,2021-10-08 07:21:39,16200.0,200.0,732800.0
117,2021-10-08 07:21:32,16200.0,300.0,732600.0
118,2021-10-08 07:21:27,16200.0,200.0,732300.0
119,2021-10-08 07:21:25,16300.0,200.0,732100.0
120,2021-10-08 07:21:19,16250.0,300.0,731900.0
121,2021-10-08 07:21:11,16250.0,500.0,731600.0
122,2021-10-08 07:21:02,16250.0,300.0,731100.0
123,2021-10-08 07:20:55,16250.0,400.0,730800.0
124,2021-10-08 07:20:47,16200.0,100.0,730400.0
125,2021-10-08 07:20:47,16200.0,200.0,730300.0
126,2021-10-08 07:20:41,16200.0,300.0,730100.0
127,2021-10-08 07:20:33,16200.0,200.0,729800.0
128,2021-10-08 07:20:15,16100.0,300.0,729600.0
129,2021-10-08 07:20:14,16100.0,200.0,729300.0
130,2021-10-08 07:20:14,16100.0,100.0,729100.0
131,2021-10-08 07:20:09,16100.0,100.0,729000.0
132,2021-10-08 07:20:09,16100.0,200.0,728900.0
133,2021-10-08 07:19:54,16000.0,10000.0,728700.0
134,2021-10-08 07:19:54,16000.0,200.0,718700.0
135,2021-10-08 07:19:54,16000.0,3600.0,718500.0
136,2021-10-08 07:19:51,16000.0,200.0,714900.0
137,2021-10-08 07:18:51,16000.0,1000.0,714700.0
138,2021-10-08 07:17:38,16000.0,200.0,713700.0
139,2021-10-08 07:17:14,16000.0,100.0,713500.0
140,2021-10-08 07:16:26,16000.0,16600.0,713400.0
141,2021-10-08 07:16:26,16000.0,3400.0,696800.0
142,2021-10-08 07:15:37,16000.0,6600.0,693400.0
143,2021-10-08 07:15:37,16000.0,1000.0,686800.0
144,2021-10-08 07:15:37,16000.0,2200.0,685800.0
145,2021-10-08 07:15:37,16050.0,100.0,683600.0
146,2021-10-08 07:15:37,16100.0,100.0,683500.0
147,2021-10-08 07:14:45,16100.0,100.0,683400.0
148,2021-10-08 07:14:38,16000.0,27800.0,683300.0
149,2021-10-08 07:14:38,16000.0,100.0,655500.0
150,2021-10-08 07:14:38,16000.0,20000.0,655400.0
151,2021-10-08 07:14:38,16000.0,30000.0,635400.0
152,2021-10-08 07:14:38,16000.0,100.0,605400.0
153,2021-10-08 07:14:38,16000.0,300.0,605300.0
154,2021-10-08 07:14:38,16000.0,1700.0,605000.0
155,2021-10-08 07:12:28,16050.0,100.0,603300.0
156,2021-10-08 07:12:20,16050.0,500.0,603200.0
157,2021-10-08 07:12:17,16050.0,4400.0,602700.0
158,2021-10-08 07:12:11,16050.0,5000.0,598300.0
159,2021-10-08 07:12:01,16050.0,100.0,593300.0
160,2021-10-08 07:11:46,16050.0,1500.0,593200.0
161,2021-10-08 07:11:46,16050.0,100.0,591700.0
162,2021-10-08 07:11:46,16100.0,400.0,591600.0
163,2021-10-08 07:11:46,16100.0,300.0,591200.0
164,2021-10-08 07:11:46,16100.0,100.0,590900.0
165,2021-10-08 07:11:46,16100.0,5000.0,590800.0
166,2021-10-08 07:11:46,16150.0,1000.0,585800.0
167,2021-10-08 07:11:46,16150.0,2800.0,584800.0
168,2021-10-08 07:11:46,16150.0,1800.0,582000.0
169,2021-10-08 07:10:17,16300.0,5000.0,580200.0
170,2021-10-08 07:10:03,16300.0,500.0,575200.0
171,2021-10-08 07:10:03,16300.0,3400.0,574700.0
172,2021-10-08 07:09:51,16150.0,1600.0,571300.0
173,2021-10-08 07:09:50,16150.0,400.0,569700.0
174,2021-10-08 07:09:26,16400.0,200.0,569300.0
175,2021-10-08 07:09:26,16400.0,200.0,569100.0
176,2021-10-08 07:09:26,16400.0,1000.0,568900.0
177,2021-10-08 07:09:26,16300.0,3600.0,567900.0
178,2021-10-08 07:09:07,16300.0,500.0,564300.0
179,2021-10-08 07:09:07,16300.0,900.0,563800.0
180,2021-10-08 07:08:58,16300.0,100.0,562900.0
181,2021-10-08 07:08:58,16300.0,4900.0,562800.0
182,2021-10-08 07:08:40,16300.0,400.0,557900.0
183,2021-10-08 07:08:40,16350.0,4600.0,557500.0
184,2021-10-08 07:08:26,16350.0,200.0,552900.0
185,2021-10-08 07:08:26,16350.0,200.0,552700.0
186,2021-10-08 07:08:11,16300.0,200.0,552500.0
187,2021-10-08 07:08:11,16300.0,500.0,552300.0
188,2021-10-08 07:08:11,16300.0,200.0,551800.0
189,2021-10-08 07:08:11,16300.0,100.0,551600.0
190,2021-10-08 07:08:11,16300.0,200.0,551500.0
191,2021-10-08 07:08:11,16300.0,500.0,551300.0
192,2021-10-08 07:08:11,16300.0,1000.0,550800.0
193,2021-10-08 07:08:11,16300.0,1000.0,549800.0
194,2021-10-08 07:08:11,16300.0,100.0,548800.0
195,2021-10-08 07:08:11,16300.0,100.0,548700.0
196,2021-10-08 07:08:11,16300.0,200.0,548600.0
197,2021-10-08 07:08:11,16300.0,200.0,548400.0
198,2021-10-08 07:08:11,16250.0,100.0,548200.0
199,2021-10-08 07:08:11,16250.0,200.0,548100.0
200,2021-10-08 07:08:11,16200.0,100.0,547900.0
201,2021-10-08 07:07:47,16200.0,8100.0,547800.0
202,2021-10-08 07:07:47,16200.0,100.0,539700.0
203,2021-10-08 07:07:47,16200.0,1000.0,539600.0
204,2021-10-08 07:07:47,16200.0,200.0,538600.0
205,2021-10-08 07:07:47,16200.0,1000.0,538400.0
206,2021-10-08 07:07:47,16200.0,1300.0,537400.0
207,2021-10-08 07:07:47,16200.0,500.0,536100.0
208,2021-10-08 07:07:47,16200.0,200.0,535600.0
209,2021-10-08 07:07:47,16200.0,2000.0,535400.0
210,2021-10-08 07:07:47,16200.0,1000.0,533400.0
211,2021-10-08 07:07:47,16200.0,500.0,532400.0
212,2021-10-08 07:07:47,16200.0,100.0,531900.0
213,2021-10-08 07:07:47,16200.0,3000.0,531800.0
214,2021-10-08 07:07:47,16200.0,200.0,528800.0
215,2021-10-08 07:07:47,16200.0,100.0,528600.0
216,2021-10-08 07:07:47,16200.0,100.0,528500.0
217,2021-10-08 07:07:47,16200.0,200.0,528400.0
218,2021-10-08 07:07:47,16150.0,400.0,528200.0
219,2021-10-08 07:07:41,16150.0,200.0,527800.0
220,2021-10-08 07:07:28,16100.0,2000.0,527600.0
221,2021-10-08 07:07:23,16150.0,300.0,525600.0
222,2021-10-08 07:07:23,16150.0,200.0,525300.0
223,2021-10-08 07:07:09,16100.0,200.0,525100.0
224,2021-10-08 07:07:04,16100.0,5000.0,524900.0
225,2021-10-08 07:07:00,16100.0,800.0,519900.0
226,2021-10-08 07:07:00,16100.0,100.0,519100.0
227,2021-10-08 07:06:59,16100.0,200.0,519000.0
228,2021-10-08 07:06:50,16100.0,200.0,518800.0
229,2021-10-08 07:06:41,16100.0,200.0,518600.0
230,2021-10-08 07:06:22,16100.0,300.0,518400.0
231,2021-10-08 07:06:22,16100.0,300.0,518100.0
232,2021-10-08 07:06:14,16100.0,3600.0,517800.0
233,2021-10-08 07:06:14,16100.0,1000.0,514200.0
234,2021-10-08 07:06:14,16100.0,400.0,513200.0
235,2021-10-08 07:06:08,16100.0,100.0,512800.0
236,2021-10-08 07:06:08,16100.0,100.0,512700.0
237,2021-10-08 07:06:08,16100.0,100.0,512600.0
238,2021-10-08 07:06:08,16100.0,100.0,512500.0
239,2021-10-08 07:05:45,16000.0,1300.0,512400.0
240,2021-10-08 07:05:45,16000.0,400.0,511100.0
241,2021-10-08 07:05:26,16100.0,100.0,510700.0
242,2021-10-08 07:05:16,16000.0,200.0,510600.0
243,2021-10-08 07:05:14,16000.0,1000.0,510400.0
244,2021-10-08 07:05:14,16000.0,100.0,509400.0
245,2021-10-08 07:05:14,16000.0,200.0,509300.0
246,2021-10-08 07:05:14,16000.0,1100.0,509100.0
247,2021-10-08 07:05:14,16000.0,300.0,508000.0
248,2021-10-08 07:05:14,16000.0,1700.0,507700.0
249,2021-10-08 07:05:14,16000.0,1300.0,506000.0
250,2021-10-08 07:05:14,16000.0,1000.0,504700.0
251,2021-10-08 07:05:14,16000.0,700.0,503700.0
252,2021-10-08 07:05:08,16000.0,500.0,503000.0
253,2021-10-08 07:05:07,16000.0,100.0,502500.0
254,2021-10-08 07:05:06,16000.0,300.0,502400.0
255,2021-10-08 07:05:06,16000.0,500.0,502100.0
256,2021-10-08 07:05:06,16000.0,100.0,501600.0
257,2021-10-08 07:05:06,16000.0,100.0,501500.0
258,2021-10-08 07:05:02,16000.0,1000.0,501400.0
259,2021-10-08 07:05:02,16000.0,200.0,500400.0
260,2021-10-08 07:05:02,16000.0,2000.0,500200.0
261,2021-10-08 07:05:02,16000.0,500.0,498200.0
262,2021-10-08 07:05:02,16000.0,100.0,497700.0
263,2021-10-08 07:05:02,16000.0,100.0,497600.0
264,2021-10-08 07:05:02,16000.0,200.0,497500.0
265,2021-10-08 07:05:02,16000.0,2000.0,497300.0
266,2021-10-08 07:05:02,16000.0,400.0,495300.0
267,2021-10-08 07:05:02,16000.0,700.0,494900.0
268,2021-10-08 07:05:02,16000.0,1000.0,494200.0
269,2021-10-08 07:05:02,16000.0,1000.0,493200.0
270,2021-10-08 07:05:02,16000.0,600.0,492200.0
271,2021-10-08 07:05:02,16000.0,400.0,491600.0
272,2021-10-08 07:05:02,16000.0,1000.0,491200.0
273,2021-10-08 07:05:02,16000.0,800.0,490200.0
274,2021-10-08 07:04:52,16000.0,200.0,489400.0
275,2021-10-08 07:04:52,16000.0,2500.0,489200.0
276,2021-10-08 07:04:49,16000.0,500.0,486700.0
277,2021-10-08 07:04:41,16000.0,200.0,486200.0
278,2021-10-08 07:04:35,16000.0,200.0,486000.0
279,2021-10-08 07:04:29,16000.0,100.0,485800.0
280,2021-10-08 07:04:22,16000.0,200.0,485700.0
281,2021-10-08 07:04:16,16000.0,300.0,485500.0
282,2021-10-08 07:04:07,16000.0,200.0,485200.0
283,2021-10-08 07:04:07,16000.0,100.0,485000.0
284,2021-10-08 07:04:07,16000.0,100.0,484900.0
285,2021-10-08 07:04:07,16000.0,100.0,484800.0
286,2021-10-08 07:04:01,16000.0,100.0,484700.0
287,2021-10-08 07:03:55,16000.0,100.0,484600.0
288,2021-10-08 07:03:55,15950.0,100.0,484500.0
289,2021-10-08 07:03:47,15950.0,400.0,484400.0
290,2021-10-08 07:03:47,15950.0,9600.0,484000.0
291,2021-10-08 07:03:45,15950.0,200.0,474400.0
292,2021-10-08 07:03:37,15950.0,1000.0,474200.0
293,2021-10-08 07:03:34,15950.0,2900.0,473200.0
294,2021-10-08 07:03:34,15950.0,1000.0,470300.0
295,2021-10-08 07:03:34,15950.0,100.0,469300.0
296,2021-10-08 07:03:34,15950.0,1000.0,469200.0
297,2021-10-08 07:03:25,15950.0,1000.0,468200.0
298,2021-10-08 07:03:04,15900.0,100.0,467200.0
299,2021-10-08 07:03:04,15900.0,300.0,467100.0
300,2021-10-08 07:03:04,15900.0,500.0,466800.0
301,2021-10-08 07:03:04,15900.0,3000.0,466300.0
302,2021-10-08 07:03:04,15900.0,100.0,463300.0
303,2021-10-08 07:03:04,15900.0,10000.0,463200.0
304,2021-10-08 07:03:04,15900.0,500.0,453200.0
305,2021-10-08 07:03:04,15900.0,3300.0,452700.0
306,2021-10-08 07:03:04,15900.0,100.0,449400.0
307,2021-10-08 07:03:04,15900.0,500.0,449300.0
308,2021-10-08 07:03:04,15900.0,500.0,448800.0
309,2021-10-08 07:03:04,15900.0,30000.0,448300.0
310,2021-10-08 07:03:04,15900.0,5000.0,418300.0
311,2021-10-08 07:03:04,15900.0,500.0,413300.0
312,2021-10-08 07:03:04,15900.0,1000.0,412800.0
313,2021-10-08 07:03:04,15900.0,5000.0,411800.0
314,2021-10-08 07:03:04,15900.0,2800.0,406800.0
315,2021-10-08 07:02:50,15900.0,200.0,404000.0
316,2021-10-08 07:02:48,15900.0,5000.0,403800.0
317,2021-10-08 07:02:41,15900.0,500.0,398800.0
318,2021-10-08 07:02:34,15900.0,100.0,398300.0
319,2021-10-08 07:02:27,15900.0,200.0,398200.0
320,2021-10-08 07:02:03,15850.0,5500.0,398000.0
321,2021-10-08 07:02:03,15850.0,1000.0,392500.0
322,2021-10-08 07:02:03,15850.0,2000.0,391500.0
323,2021-10-08 07:02:03,15850.0,400.0,389500.0
324,2021-10-08 07:02:01,15850.0,100.0,389100.0
325,2021-10-08 07:02:01,15850.0,100.0,389000.0
326,2021-10-08 07:01:52,15850.0,300.0,388900.0
327,2021-10-08 07:01:52,15850.0,100.0,388600.0
328,2021-10-08 07:01:52,15850.0,100.0,388500.0
329,2021-10-08 07:01:44,15850.0,900.0,388400.0
330,2021-10-08 07:01:42,15850.0,400.0,387500.0
331,2021-10-08 07:01:32,15850.0,300.0,387100.0
332,2021-10-08 07:01:23,15850.0,500.0,386800.0
333,2021-10-08 07:01:16,15850.0,300.0,386300.0
334,2021-10-08 07:00:08,15850.0,200.0,386000.0
335,2021-10-08 06:58:40,15850.0,200.0,385800.0
336,2021-10-08 06:58:40,15850.0,100.0,385600.0
337,2021-10-08 06:58:33,15850.0,200.0,385500.0
338,2021-10-08 06:58:27,15800.0,500.0,385300.0
339,2021-10-08 06:58:08,15800.0,2000.0,384800.0
340,2021-10-08 06:58:08,15800.0,4000.0,382800.0
341,2021-10-08 06:58:08,15800.0,5600.0,378800.0
342,2021-10-08 06:57:58,15800.0,200.0,373200.0
343,2021-10-08 06:56:53,15800.0,300.0,373000.0
344,2021-10-08 06:56:39,15800.0,200.0,372700.0
345,2021-10-08 06:56:30,15800.0,300.0,372500.0
346,2021-10-08 06:56:23,15800.0,200.0,372200.0
347,2021-10-08 06:56:16,15800.0,300.0,372000.0
348,2021-10-08 06:56:12,15800.0,2000.0,371700.0
349,2021-10-08 06:56:06,15800.0,300.0,369700.0
350,2021-10-08 06:55:58,15800.0,200.0,369400.0
351,2021-10-08 06:55:50,15800.0,500.0,369200.0
352,2021-10-08 06:55:40,15800.0,200.0,368700.0
353,2021-10-08 06:55:20,15800.0,300.0,368500.0
354,2021-10-08 06:55:20,15800.0,3500.0,368200.0
355,2021-10-08 06:55:20,15800.0,100.0,364700.0
356,2021-10-08 06:55:20,15800.0,2600.0,364600.0
357,2021-10-08 06:55:20,15800.0,400.0,362000.0
358,2021-10-08 06:55:20,15800.0,100.0,361600.0
359,2021-10-08 06:55:20,15800.0,500.0,361500.0
360,2021-10-08 06:55:20,15800.0,500.0,361000.0
361,2021-10-08 06:55:20,15800.0,500.0,360500.0
362,2021-10-08 06:55:20,15800.0,100.0,360000.0
363,2021-10-08 06:55:20,15800.0,500.0,359900.0
364,2021-10-08 06:55:20,15800.0,900.0,359400.0
365,2021-10-08 06:55:15,15800.0,200.0,358500.0
366,2021-10-08 06:54:52,15800.0,200.0,358300.0
367,2021-10-08 06:54:47,15800.0,500.0,358100.0
368,2021-10-08 06:53:49,15800.0,200.0,357600.0
369,2021-10-08 06:53:39,15800.0,300.0,357400.0
370,2021-10-08 06:53:28,15800.0,500.0,357100.0
371,2021-10-08 06:52:32,15800.0,100.0,356600.0
372,2021-10-08 06:50:41,15750.0,500.0,356500.0
373,2021-10-08 06:50:41,15750.0,100.0,356000.0
374,2021-10-08 06:50:41,15750.0,1400.0,355900.0
375,2021-10-08 06:50:37,15750.0,2800.0,354500.0
376,2021-10-08 06:47:38,15750.0,100.0,351700.0
377,2021-10-08 06:47:23,15700.0,100.0,351600.0
378,2021-10-08 06:42:06,15700.0,100.0,351500.0
379,2021-10-08 06:40:53,15700.0,200.0,351400.0
380,2021-10-08 06:34:26,15750.0,100.0,351200.0
381,2021-10-08 06:32:21,15700.0,100.0,351100.0
382,2021-10-08 06:32:21,15700.0,300.0,351000.0
383,2021-10-08 06:32:21,15700.0,100.0,350700.0
384,2021-10-08 06:32:21,15700.0,8000.0,350600.0
385,2021-10-08 06:30:46,15700.0,200.0,342600.0
386,2021-10-08 06:30:22,15700.0,100.0,342400.0
387,2021-10-08 06:30:22,15700.0,1000.0,342300.0
388,2021-10-08 06:30:22,15700.0,1000.0,341300.0
389,2021-10-08 06:30:22,15700.0,2700.0,340300.0
390,2021-10-08 06:28:52,15700.0,300.0,337600.0
391,2021-10-08 06:28:12,15700.0,200.0,337300.0
392,2021-10-08 06:28:03,15600.0,400.0,337100.0
393,2021-10-08 06:28:03,15600.0,1600.0,336700.0
394,2021-10-08 06:26:27,15600.0,1400.0,335100.0
395,2021-10-08 06:26:23,15600.0,1000.0,333700.0
396,2021-10-08 06:26:23,15600.0,600.0,332700.0
397,2021-10-08 06:26:08,15600.0,5000.0,332100.0
398,2021-10-08 06:23:03,15600.0,300.0,327100.0
399,2021-10-08 06:22:02,15600.0,1100.0,326800.0
400,2021-10-08 06:22:02,15600.0,3000.0,325700.0
401,2021-10-08 06:22:02,15600.0,300.0,322700.0
402,2021-10-08 06:22:02,15600.0,1000.0,322400.0
403,2021-10-08 06:22:02,15600.0,100.0,321400.0
404,2021-10-08 06:22:02,15600.0,100.0,321300.0
405,2021-10-08 06:18:49,15600.0,2900.0,321200.0
406,2021-10-08 06:18:49,15600.0,100.0,318300.0
407,2021-10-08 06:17:35,15600.0,900.0,318200.0
408,2021-10-08 06:17:35,15600.0,3000.0,317300.0
409,2021-10-08 06:17:35,15600.0,100.0,314300.0
410,2021-10-08 06:16:00,15600.0,500.0,314200.0
411,2021-10-08 06:15:59,15600.0,100.0,313700.0
412,2021-10-08 06:15:38,15600.0,2300.0,313600.0
413,2021-10-08 06:15:38,15600.0,100.0,311300.0
414,2021-10-08 06:15:38,15600.0,100.0,311200.0
415,2021-10-08 06:15:38,15600.0,100.0,311100.0
416,2021-10-08 06:15:38,15600.0,1000.0,311000.0
417,2021-10-08 06:15:38,15600.0,400.0,310000.0
418,2021-10-08 06:12:13,15600.0,2600.0,309600.0
419,2021-10-08 06:12:13,15600.0,1400.0,307000.0
420,2021-10-08 06:10:58,15600.0,200.0,305600.0
421,2021-10-08 06:09:31,15600.0,3400.0,305400.0
422,2021-10-08 06:09:31,15600.0,1600.0,302000.0
423,2021-10-08 06:08:58,15700.0,100.0,300400.0
424,2021-10-08 06:08:14,15700.0,100.0,300300.0
425,2021-10-08 06:07:40,15600.0,1400.0,300200.0
426,2021-10-08 06:06:50,15600.0,3000.0,298800.0
427,2021-10-08 06:06:50,15600.0,300.0,295800.0
428,2021-10-08 06:06:50,15600.0,100.0,295500.0
429,2021-10-08 06:06:50,15600.0,5200.0,295400.0
430,2021-10-08 06:00:44,15700.0,200.0,290200.0
431,2021-10-08 06:00:18,15700.0,200.0,290000.0
432,2021-10-08 06:00:06,15600.0,1700.0,289800.0
433,2021-10-08 06:00:06,15600.0,100.0,288100.0
434,2021-10-08 06:00:06,15600.0,3000.0,288000.0
435,2021-10-08 06:00:06,15600.0,300.0,285000.0
436,2021-10-08 06:00:06,15600.0,100.0,284700.0
437,2021-10-08 06:00:06,15600.0,1000.0,284600.0
438,2021-10-08 06:00:06,15600.0,3800.0,283600.0
439,2021-10-08 06:00:00,15700.0,100.0,279800.0
440,2021-10-08 06:00:00,15700.0,100.0,279700.0
441,2021-10-08 06:00:00,15700.0,100.0,279600.0
442,2021-10-08 04:27:13,15700.0,100.0,279500.0
443,2021-10-08 04:26:10,15700.0,200.0,279400.0
444,2021-10-08 04:26:10,15700.0,300.0,279200.0
445,2021-10-08 04:18:27,15700.0,100.0,278900.0
446,2021-10-08 04:18:27,15700.0,1400.0,278800.0
447,2021-10-08 04:17:45,15700.0,500.0,277400.0
448,2021-10-08 04:15:47,15700.0,100.0,276900.0
449,2021-10-08 04:15:47,15700.0,2000.0,276800.0
450,2021-10-08 04:15:47,15700.0,300.0,274800.0
451,2021-10-08 04:15:47,15700.0,3600.0,274500.0
452,2021-10-08 04:15:47,15700.0,1000.0,270900.0
453,2021-10-08 04:15:12,15700.0,400.0,269900.0
454,2021-10-08 04:15:12,15700.0,100.0,269500.0
455,2021-10-08 04:15:12,15700.0,1000.0,269400.0
456,2021-10-08 04:15:12,15700.0,2000.0,268400.0
457,2021-10-08 04:15:12,15700.0,300.0,266400.0
458,2021-10-08 04:15:12,15700.0,200.0,266100.0
459,2021-10-08 04:14:43,15700.0,500.0,265900.0
460,2021-10-08 04:13:35,15700.0,900.0,265400.0
461,2021-10-08 04:07:13,15750.0,400.0,264500.0
462,2021-10-08 04:06:47,15750.0,2000.0,264100.0
463,2021-10-08 04:06:47,15750.0,100.0,262100.0
464,2021-10-08 04:06:47,15750.0,200.0,262000.0
465,2021-10-08 04:06:47,15750.0,500.0,261800.0
466,2021-10-08 04:06:47,15750.0,100.0,261300.0
467,2021-10-08 04:06:47,15750.0,500.0,261200.0
468,2021-10-08 04:06:47,15750.0,700.0,260700.0
469,2021-10-08 04:06:32,15750.0,2300.0,260000.0
470,2021-10-08 04:06:32,15750.0,100.0,257700.0
471,2021-10-08 04:06:32,15750.0,2000.0,257600.0
472,2021-10-08 04:06:32,15750.0,500.0,255600.0
473,2021-10-08 04:06:32,15750.0,100.0,255100.0
474,2021-10-08 04:06:29,15750.0,1000.0,255000.0
475,2021-10-08 04:06:22,15750.0,500.0,254000.0
476,2021-10-08 04:06:05,15750.0,100.0,253500.0
477,2021-10-08 04:05:02,15750.0,2300.0,253400.0
478,2021-10-08 04:05:02,15750.0,400.0,251100.0
479,2021-10-08 04:04:45,15750.0,1000.0,250700.0
480,2021-10-08 04:02:11,15750.0,800.0,249700.0
481,2021-10-08 04:02:11,15750.0,200.0,248900.0
482,2021-10-08 04:00:48,15800.0,1000.0,248700.0
483,2021-10-08 04:00:02,15750.0,500.0,247700.0
484,2021-10-08 03:57:58,15750.0,100.0,247200.0
485,2021-10-08 03:57:03,15750.0,400.0,247100.0
486,2021-10-08 03:57:03,15750.0,100.0,246700.0
487,2021-10-08 03:55:42,15750.0,300.0,246600.0
488,2021-10-08 03:51:47,15750.0,600.0,246300.0
489,2021-10-08 03:51:47,15750.0,4400.0,245700.0
490,2021-10-08 03:51:42,15800.0,200.0,241300.0
491,2021-10-08 03:51:17,15800.0,400.0,241100.0
492,2021-10-08 03:50:36,15750.0,600.0,240700.0
493,2021-10-08 03:50:36,15750.0,400.0,240100.0
494,2021-10-08 03:50:29,15800.0,200.0,239700.0
495,2021-10-08 03:43:50,15750.0,500.0,239500.0
496,2021-10-08 03:43:50,15750.0,1100.0,239000.0
497,2021-10-08 03:43:44,15750.0,1000.0,237900.0
498,2021-10-08 03:42:07,15700.0,200.0,236900.0
499,2021-10-08 03:42:07,15700.0,500.0,236700.0
500,2021-10-08 03:41:38,15700.0,100.0,236200.0
501,2021-10-08 03:39:47,15700.0,700.0,236100.0
502,2021-10-08 03:39:27,15750.0,2800.0,235400.0
503,2021-10-08 03:39:14,15750.0,100.0,232600.0
504,2021-10-08 03:37:57,15750.0,100.0,232500.0
505,2021-10-08 03:37:35,15750.0,100.0,232400.0
506,2021-10-08 03:36:17,15750.0,1000.0,232300.0
507,2021-10-08 03:34:39,15800.0,300.0,231300.0
508,2021-10-08 03:34:20,15850.0,200.0,231000.0
509,2021-10-08 03:33:26,15850.0,200.0,230800.0
510,2021-10-08 03:31:27,15850.0,300.0,230600.0
511,2021-10-08 03:31:22,15800.0,100.0,230300.0
512,2021-10-08 03:31:13,15850.0,200.0,230200.0
513,2021-10-08 03:29:15,15850.0,200.0,230000.0
514,2021-10-08 03:29:03,15850.0,300.0,229800.0
515,2021-10-08 03:28:07,15850.0,100.0,229500.0
516,2021-10-08 03:27:42,15800.0,1000.0,229400.0
517,2021-10-08 03:27:14,15850.0,500.0,228400.0
518,2021-10-08 03:27:00,15850.0,300.0,227900.0
519,2021-10-08 03:27:00,15850.0,200.0,227600.0
520,2021-10-08 03:25:40,15850.0,200.0,227400.0
521,2021-10-08 03:25:29,15850.0,100.0,227200.0
522,2021-10-08 03:25:26,15850.0,300.0,227100.0
523,2021-10-08 03:25:04,15850.0,200.0,226800.0
524,2021-10-08 03:23:05,15850.0,400.0,226600.0
525,2021-10-08 03:23:05,15850.0,800.0,226200.0
526,2021-10-08 03:21:07,15850.0,1200.0,225400.0
527,2021-10-08 03:21:02,15850.0,1000.0,224200.0
528,2021-10-08 03:20:39,15900.0,500.0,223200.0
529,2021-10-08 03:20:31,15900.0,300.0,222700.0
530,2021-10-08 03:20:24,15900.0,500.0,222400.0
531,2021-10-08 03:20:14,15850.0,4000.0,221900.0
532,2021-10-08 03:20:14,15850.0,1800.0,217900.0
533,2021-10-08 03:20:14,15800.0,2000.0,216100.0
534,2021-10-08 03:17:27,15850.0,1000.0,214100.0
535,2021-10-08 03:16:55,15850.0,100.0,213100.0
536,2021-10-08 03:16:45,15850.0,1000.0,213000.0
537,2021-10-08 03:16:37,15850.0,500.0,212000.0
538,2021-10-08 03:16:29,15850.0,500.0,211500.0
539,2021-10-08 03:15:29,15700.0,1000.0,211000.0
540,2021-10-08 03:13:13,15700.0,300.0,210000.0
541,2021-10-08 03:13:13,15700.0,1400.0,209700.0
542,2021-10-08 03:11:32,15900.0,500.0,208300.0
543,2021-10-08 03:10:54,15900.0,300.0,207800.0
544,2021-10-08 03:10:37,15900.0,500.0,207500.0
545,2021-10-08 03:10:29,15900.0,500.0,207000.0
546,2021-10-08 03:10:20,15700.0,100.0,206500.0
547,2021-10-08 03:09:43,15900.0,2000.0,206400.0
548,2021-10-08 03:09:34,15900.0,1000.0,204400.0
549,2021-10-08 03:09:27,15900.0,100.0,203400.0
550,2021-10-08 03:09:27,15900.0,100.0,203300.0
551,2021-10-08 03:09:21,15900.0,500.0,203200.0
552,2021-10-08 03:08:53,15900.0,400.0,202700.0
553,2021-10-08 03:08:53,15900.0,100.0,202300.0
554,2021-10-08 03:08:44,15900.0,400.0,202200.0
555,2021-10-08 03:08:32,15700.0,3500.0,201800.0
556,2021-10-08 03:08:18,15700.0,1500.0,198300.0
557,2021-10-08 03:08:11,15700.0,500.0,196800.0
558,2021-10-08 03:08:08,15700.0,100.0,196300.0
559,2021-10-08 03:08:08,15700.0,100.0,196200.0
560,2021-10-08 03:08:08,15700.0,2200.0,196100.0
561,2021-10-08 03:08:08,15700.0,10000.0,193900.0
562,2021-10-08 03:08:08,15700.0,700.0,183900.0
563,2021-10-08 03:08:08,15750.0,200.0,183200.0
564,2021-10-08 03:08:08,15800.0,500.0,183000.0
565,2021-10-08 03:08:08,15800.0,700.0,182500.0
566,2021-10-08 03:08:02,15900.0,500.0,181800.0
567,2021-10-08 03:08:01,15800.0,300.0,181300.0
568,2021-10-08 03:08:01,15800.0,4700.0,181000.0
569,2021-10-08 03:07:55,15900.0,1000.0,176300.0
570,2021-10-08 03:07:52,15900.0,1000.0,175300.0
571,2021-10-08 03:07:46,15900.0,2000.0,174300.0
572,2021-10-08 03:07:37,15900.0,500.0,172300.0
573,2021-10-08 03:07:36,15800.0,700.0,171800.0
574,2021-10-08 03:07:36,15800.0,500.0,171100.0
575,2021-10-08 03:07:26,15900.0,500.0,170600.0
576,2021-10-08 03:07:16,15900.0,500.0,170100.0
577,2021-10-08 03:07:09,15900.0,200.0,169600.0
578,2021-10-08 03:06:20,15900.0,100.0,169400.0
579,2021-10-08 03:04:56,15900.0,200.0,169300.0
580,2021-10-08 03:01:49,15900.0,1900.0,169100.0
581,2021-10-08 03:01:10,15950.0,200.0,167200.0
582,2021-10-08 03:00:44,15950.0,200.0,167000.0
583,2021-10-08 03:00:36,15950.0,100.0,166800.0
584,2021-10-08 03:00:28,15900.0,200.0,166700.0
585,2021-10-08 03:00:28,15900.0,100.0,166500.0
586,2021-10-08 03:00:27,15900.0,400.0,166400.0
587,2021-10-08 03:00:27,15900.0,200.0,166000.0
588,2021-10-08 03:00:27,15900.0,100.0,165800.0
589,2021-10-08 03:00:17,15950.0,300.0,165700.0
590,2021-10-08 03:00:09,15950.0,400.0,165400.0
591,2021-10-08 02:59:50,15900.0,1000.0,165000.0
592,2021-10-08 02:59:31,15950.0,200.0,164000.0
593,2021-10-08 02:59:24,15900.0,900.0,163800.0
594,2021-10-08 02:59:24,15900.0,200.0,162900.0
595,2021-10-08 02:59:24,15900.0,900.0,162700.0
596,2021-10-08 02:59:22,15950.0,300.0,161800.0
597,2021-10-08 02:59:19,15950.0,400.0,161500.0
598,2021-10-08 02:59:19,15950.0,100.0,161100.0
599,2021-10-08 02:59:19,15950.0,500.0,161000.0
600,2021-10-08 02:59:17,15900.0,1000.0,160500.0
601,2021-10-08 02:59:13,15950.0,200.0,159500.0
602,2021-10-08 02:59:03,15950.0,200.0,159300.0
603,2021-10-08 02:58:58,15900.0,100.0,159100.0
604,2021-10-08 02:58:54,15950.0,100.0,159000.0
605,2021-10-08 02:58:42,15950.0,300.0,158900.0
606,2021-10-08 02:58:34,15950.0,200.0,158600.0
607,2021-10-08 02:58:26,15950.0,200.0,158400.0
608,2021-10-08 02:58:18,15900.0,100.0,158200.0
609,2021-10-08 02:58:18,15900.0,2000.0,158100.0
610,2021-10-08 02:58:18,15900.0,100.0,156100.0
611,2021-10-08 02:58:18,15900.0,800.0,156000.0
612,2021-10-08 02:58:16,15900.0,200.0,155200.0
613,2021-10-08 02:58:16,15900.0,100.0,155000.0
614,2021-10-08 02:58:12,15900.0,100.0,154900.0
615,2021-10-08 02:58:12,15900.0,100.0,154800.0
616,2021-10-08 02:58:05,15850.0,200.0,154700.0
617,2021-10-08 02:58:02,15850.0,200.0,154500.0
618,2021-10-08 02:57:50,15800.0,500.0,154300.0
619,2021-10-08 02:57:38,15800.0,100.0,153800.0
620,2021-10-08 02:57:38,15800.0,300.0,153700.0
621,2021-10-08 02:57:38,15800.0,3000.0,153400.0
622,2021-10-08 02:57:31,15800.0,1000.0,150400.0
623,2021-10-08 02:57:31,15800.0,100.0,149400.0
624,2021-10-08 02:57:31,15800.0,900.0,149300.0
625,2021-10-08 02:57:28,15800.0,100.0,148400.0
626,2021-10-08 02:57:28,15800.0,100.0,148300.0
627,2021-10-08 02:57:28,15800.0,100.0,148200.0
628,2021-10-08 02:57:21,15800.0,300.0,148100.0
629,2021-10-08 02:57:21,15800.0,500.0,147800.0
630,2021-10-08 02:57:21,15800.0,200.0,147300.0
631,2021-10-08 02:57:16,15800.0,200.0,147100.0
632,2021-10-08 02:57:08,15750.0,1800.0,146900.0
633,2021-10-08 02:57:01,15750.0,200.0,145100.0
634,2021-10-08 02:56:56,15750.0,2000.0,144900.0
635,2021-10-08 02:56:54,15750.0,300.0,142900.0
636,2021-10-08 02:56:50,15750.0,700.0,142600.0
637,2021-10-08 02:56:50,15750.0,200.0,141900.0
638,2021-10-08 02:56:50,15750.0,100.0,141700.0
639,2021-10-08 02:56:28,15700.0,200.0,141600.0
640,2021-10-08 02:56:28,15700.0,100.0,141400.0
641,2021-10-08 02:56:28,15700.0,300.0,141300.0
642,2021-10-08 02:56:28,15700.0,100.0,141000.0
643,2021-10-08 02:56:20,15700.0,100.0,140900.0
644,2021-10-08 02:56:20,15700.0,400.0,140800.0
645,2021-10-08 02:56:14,15700.0,1000.0,140400.0
646,2021-10-08 02:56:02,15700.0,200.0,139400.0
647,2021-10-08 02:55:55,15700.0,300.0,139200.0
648,2021-10-08 02:55:46,15700.0,200.0,138900.0
649,2021-10-08 02:55:45,15700.0,1000.0,138700.0
650,2021-10-08 02:55:38,15700.0,1900.0,137700.0
651,2021-10-08 02:55:38,15700.0,100.0,135800.0
652,2021-10-08 02:55:28,15700.0,200.0,135700.0
653,2021-10-08 02:55:16,15700.0,3000.0,135500.0
654,2021-10-08 02:54:43,15700.0,200.0,132500.0
655,2021-10-08 02:54:40,15700.0,300.0,132300.0
656,2021-10-08 02:54:11,15700.0,1000.0,132000.0
657,2021-10-08 02:53:58,15700.0,300.0,131000.0
658,2021-10-08 02:53:44,15700.0,200.0,130700.0
659,2021-10-08 02:53:28,15700.0,200.0,130500.0
660,2021-10-08 02:53:22,15700.0,300.0,130300.0
661,2021-10-08 02:53:14,15700.0,500.0,130000.0
662,2021-10-08 02:53:03,15700.0,300.0,129500.0
663,2021-10-08 02:52:53,15700.0,200.0,129200.0
664,2021-10-08 02:52:19,15700.0,200.0,129000.0
665,2021-10-08 02:52:11,15700.0,100.0,128800.0
666,2021-10-08 02:51:42,15700.0,200.0,128700.0
667,2021-10-08 02:51:30,15700.0,100.0,128500.0
668,2021-10-08 02:51:22,15700.0,2600.0,128400.0
669,2021-10-08 02:51:22,15700.0,1000.0,125800.0
670,2021-10-08 02:51:22,15700.0,1400.0,124800.0
671,2021-10-08 02:51:09,15700.0,100.0,123400.0
672,2021-10-08 02:51:09,15700.0,100.0,123300.0
673,2021-10-08 02:50:51,15700.0,100.0,123200.0
674,2021-10-08 02:50:51,15700.0,100.0,123100.0
675,2021-10-08 02:50:35,15700.0,100.0,123000.0
676,2021-10-08 02:50:20,15700.0,500.0,122900.0
677,2021-10-08 02:50:11,15550.0,1700.0,122400.0
678,2021-10-08 02:50:11,15650.0,300.0,120700.0
679,2021-10-08 02:50:10,15650.0,1700.0,120400.0
680,2021-10-08 02:50:08,15650.0,300.0,118700.0
681,2021-10-08 02:49:55,15650.0,1000.0,118400.0
682,2021-10-08 02:49:40,15650.0,2000.0,117400.0
683,2021-10-08 02:49:40,15650.0,5000.0,115400.0
684,2021-10-08 02:49:37,15650.0,2000.0,110400.0
685,2021-10-08 02:49:19,15650.0,1200.0,108400.0
686,2021-10-08 02:48:53,15650.0,2300.0,107200.0
687,2021-10-08 02:48:53,15650.0,1500.0,104900.0
688,2021-10-08 02:48:48,15650.0,500.0,103400.0
689,2021-10-08 02:47:29,15650.0,2000.0,102900.0
690,2021-10-08 02:45:34,15650.0,500.0,100900.0
691,2021-10-08 02:45:34,15650.0,5500.0,100400.0
692,2021-10-08 02:45:30,15550.0,100.0,94900.0
693,2021-10-08 02:45:19,15600.0,900.0,94800.0
694,2021-10-08 02:44:55,15600.0,2000.0,93900.0
695,2021-10-08 02:44:34,15600.0,100.0,91900.0
696,2021-10-08 02:44:34,15600.0,2000.0,91800.0
697,2021-10-08 02:42:27,15600.0,200.0,89800.0
698,2021-10-08 02:36:37,15550.0,3200.0,89600.0
699,2021-10-08 02:36:37,15600.0,800.0,86400.0
700,2021-10-08 02:36:32,15600.0,200.0,85600.0
701,2021-10-08 02:34:03,15550.0,1800.0,85400.0
702,2021-10-08 02:33:52,15550.0,500.0,83600.0
703,2021-10-08 02:33:46,15550.0,2600.0,83100.0
704,2021-10-08 02:33:45,15550.0,1600.0,80500.0
705,2021-10-08 02:33:45,15550.0,3000.0,78900.0
706,2021-10-08 02:33:45,15550.0,900.0,75900.0
707,2021-10-08 02:33:45,15550.0,7500.0,75000.0
708,2021-10-08 02:33:45,15550.0,100.0,67500.0
709,2021-10-08 02:31:52,15600.0,500.0,67400.0
710,2021-10-08 02:28:39,15700.0,4000.0,66900.0
711,2021-10-08 02:27:56,15700.0,100.0,62900.0
712,2021-10-08 02:27:56,15700.0,2400.0,62800.0
713,2021-10-08 02:27:42,15700.0,10000.0,60400.0
714,2021-10-08 02:27:05,15700.0,100.0,50400.0
715,2021-10-08 02:27:05,15700.0,3800.0,50300.0
716,2021-10-08 02:27:05,15650.0,300.0,46500.0
717,2021-10-08 02:27:05,15650.0,100.0,46200.0
718,2021-10-08 02:27:05,15600.0,3300.0,46100.0
719,2021-10-08 02:26:53,15600.0,1700.0,42800.0
720,2021-10-08 02:26:41,15600.0,500.0,41100.0
721,2021-10-08 02:26:41,15600.0,4000.0,40600.0
722,2021-10-08 02:26:41,15550.0,200.0,36600.0
723,2021-10-08 02:26:41,15550.0,300.0,36400.0
724,2021-10-08 02:26:41,15500.0,2300.0,36100.0
725,2021-10-08 02:26:15,15450.0,500.0,33800.0
726,2021-10-08 02:26:15,15450.0,9500.0,33300.0
727,2021-10-08 02:26:04,15450.0,500.0,23800.0
728,2021-10-08 02:26:04,15450.0,300.0,23300.0
729,2021-10-08 02:26:01,15500.0,4300.0,23000.0
730,2021-10-08 02:25:43,15500.0,10000.0,18700.0
731,2021-10-08 02:25:43,15500.0,800.0,8700.0
732,2021-10-08 02:25:43,15500.0,1100.0,7900.0
733,2021-10-08 02:25:43,15500.0,300.0,6800.0
734,2021-10-08 02:25:43,15500.0,200.0,6500.0
735,2021-10-08 02:25:31,15500.0,900.0,6300.0
736,2021-10-08 02:25:07,15500.0,500.0,5400.0
737,2021-10-08 02:22:40,15500.0,400.0,4900.0
738,2021-10-08 02:22:40,15500.0,600.0,4500.0
739,2021-10-08 02:22:15,15500.0,300.0,3900.0
740,2021-10-08 02:22:15,15550.0,200.0,3600.0
741,2021-10-08 02:21:28,15600.0,100.0,3400.0
742,2021-10-08 02:21:27,15600.0,900.0,3300.0
743,2021-10-08 02:21:19,15600.0,100.0,2400.0
744,2021-10-08 02:20:56,15500.0,100.0,2300.0
745,2021-10-08 02:15:35,15450.0,100.0,2200.0
746,2021-10-08 02:15:35,15450.0,600.0,2100.0
747,2021-10-08 02:15:00,15450.0,500.0,1500.0
748,2021-10-08 02:15:00,15450.0,900.0,1000.0
749,2021-10-08 02:15:00,15450.0,100.0,100.0
