,Time,Price,Volume_per_trade,Volume
0,2021-10-01 14:45:02,16900.0,1000.0,2175911.0
1,2021-10-01 14:28:48,16900.0,1300.0,2174911.0
2,2021-10-01 14:22:58,16900.0,2000.0,2173611.0
3,2021-10-01 14:21:51,16900.0,200.0,2171611.0
4,2021-10-01 14:21:22,16900.0,500.0,2171411.0
5,2021-10-01 14:21:06,16900.0,500.0,2170911.0
6,2021-10-01 14:17:09,16900.0,1200.0,2170411.0
7,2021-10-01 14:05:52,16900.0,100.0,2169211.0
8,2021-10-01 13:49:47,16900.0,400.0,2169111.0
9,2021-10-01 13:48:21,16900.0,200.0,2168711.0
10,2021-10-01 13:46:00,16900.0,500.0,2168511.0
11,2021-10-01 13:42:13,16900.0,1000.0,2168011.0
12,2021-10-01 13:35:49,16900.0,1000.0,2167011.0
13,2021-10-01 13:33:39,16900.0,400.0,2166011.0
14,2021-10-01 13:31:51,16900.0,200.0,2165611.0
15,2021-10-01 13:27:59,16900.0,300.0,2165411.0
16,2021-10-01 13:27:48,16900.0,100.0,2165111.0
17,2021-10-01 13:27:20,16900.0,61300.0,2165011.0
18,2021-10-01 13:27:19,16900.0,4200.0,2103711.0
19,2021-10-01 13:27:17,16900.0,40500.0,2099511.0
20,2021-10-01 13:27:16,16900.0,6600.0,2059011.0
21,2021-10-01 13:27:15,16900.0,7000.0,2052411.0
22,2021-10-01 13:27:14,16900.0,100000.0,2045411.0
23,2021-10-01 13:27:12,16900.0,10000.0,1945411.0
24,2021-10-01 13:27:07,16900.0,30000.0,1935411.0
25,2021-10-01 13:27:01,16900.0,100.0,1905411.0
26,2021-10-01 13:26:54,16900.0,3000.0,1905311.0
27,2021-10-01 13:26:53,16900.0,900.0,1902311.0
28,2021-10-01 13:26:52,16900.0,5200.0,1901411.0
29,2021-10-01 13:26:51,16900.0,2000.0,1896211.0
30,2021-10-01 13:26:38,16900.0,50000.0,1894211.0
31,2021-10-01 13:26:22,16900.0,1000.0,1844211.0
32,2021-10-01 13:26:19,16900.0,100.0,1843211.0
33,2021-10-01 13:26:15,16900.0,200.0,1843111.0
34,2021-10-01 13:26:06,16900.0,2800.0,1842911.0
35,2021-10-01 13:25:57,16900.0,200.0,1840111.0
36,2021-10-01 13:25:48,16800.0,1000.0,1839911.0
37,2021-10-01 13:25:39,16900.0,11500.0,1838911.0
38,2021-10-01 13:25:18,16900.0,1600.0,1827411.0
39,2021-10-01 13:24:47,16900.0,1600.0,1825811.0
40,2021-10-01 13:24:33,16900.0,1000.0,1824211.0
41,2021-10-01 13:23:57,16900.0,5000.0,1823211.0
42,2021-10-01 13:23:43,16900.0,1400.0,1818211.0
43,2021-10-01 13:23:42,16900.0,200.0,1816811.0
44,2021-10-01 13:23:41,16900.0,2000.0,1816611.0
45,2021-10-01 13:23:02,16900.0,100.0,1814611.0
46,2021-10-01 13:22:51,16900.0,1000.0,1814511.0
47,2021-10-01 13:22:03,16900.0,9800.0,1813511.0
48,2021-10-01 13:21:50,16900.0,1000.0,1803711.0
49,2021-10-01 13:21:11,16900.0,10000.0,1802711.0
50,2021-10-01 13:21:04,16900.0,10000.0,1792711.0
51,2021-10-01 13:21:03,16900.0,1000.0,1782711.0
52,2021-10-01 13:20:29,16900.0,11400.0,1781711.0
53,2021-10-01 13:20:15,16900.0,300.0,1770311.0
54,2021-10-01 13:19:27,16900.0,200.0,1770011.0
55,2021-10-01 13:18:59,16800.0,100.0,1769811.0
56,2021-10-01 13:18:48,16900.0,500.0,1769711.0
57,2021-10-01 13:18:43,16900.0,100.0,1769211.0
58,2021-10-01 13:18:10,16900.0,4300.0,1769111.0
59,2021-10-01 13:17:33,16900.0,200.0,1764811.0
60,2021-10-01 13:17:07,16900.0,400.0,1764611.0
61,2021-10-01 13:16:58,16900.0,3000.0,1764211.0
62,2021-10-01 13:16:20,16900.0,2000.0,1761211.0
63,2021-10-01 13:14:46,16900.0,100.0,1759211.0
64,2021-10-01 13:14:03,16800.0,1000.0,1759111.0
65,2021-10-01 13:13:54,16800.0,3000.0,1758111.0
66,2021-10-01 13:13:43,16800.0,5000.0,1755111.0
67,2021-10-01 13:13:38,16800.0,5000.0,1750111.0
68,2021-10-01 13:13:36,16800.0,1000.0,1745111.0
69,2021-10-01 13:13:35,16800.0,5500.0,1744111.0
70,2021-10-01 13:13:26,16800.0,2000.0,1738611.0
71,2021-10-01 13:13:10,16800.0,1200.0,1736611.0
72,2021-10-01 13:13:09,16800.0,200.0,1735411.0
73,2021-10-01 13:13:05,16800.0,3900.0,1735211.0
74,2021-10-01 13:12:57,16800.0,1000.0,1731311.0
75,2021-10-01 13:12:45,16800.0,100.0,1730311.0
76,2021-10-01 13:12:41,16800.0,300.0,1730211.0
77,2021-10-01 13:12:20,16800.0,2000.0,1729911.0
78,2021-10-01 13:12:18,16800.0,2000.0,1727911.0
79,2021-10-01 13:12:00,16800.0,3000.0,1725911.0
80,2021-10-01 13:11:42,16700.0,9000.0,1722911.0
81,2021-10-01 13:11:35,16800.0,20000.0,1713911.0
82,2021-10-01 13:10:21,16800.0,5000.0,1693911.0
83,2021-10-01 13:09:43,16800.0,2000.0,1688911.0
84,2021-10-01 13:09:32,16800.0,300.0,1686911.0
85,2021-10-01 13:09:08,16800.0,1000.0,1686611.0
86,2021-10-01 13:08:55,16800.0,100.0,1685611.0
87,2021-10-01 13:08:32,16800.0,1000.0,1685511.0
88,2021-10-01 13:07:51,16800.0,100.0,1684511.0
89,2021-10-01 13:07:23,16800.0,500.0,1684411.0
90,2021-10-01 13:06:48,16800.0,100.0,1683911.0
91,2021-10-01 13:06:16,16700.0,1500.0,1683811.0
92,2021-10-01 13:05:59,16800.0,300.0,1682311.0
93,2021-10-01 13:04:31,16800.0,300.0,1682011.0
94,2021-10-01 13:02:29,16700.0,100.0,1681711.0
95,2021-10-01 13:02:18,16700.0,5000.0,1681611.0
96,2021-10-01 13:01:16,16700.0,200.0,1676611.0
97,2021-10-01 13:01:01,16700.0,1000.0,1676411.0
98,2021-10-01 13:00:58,16700.0,500.0,1675411.0
99,2021-10-01 13:00:09,16700.0,1000.0,1674911.0
100,2021-10-01 13:00:06,16700.0,400.0,1673911.0
101,2021-10-01 13:00:04,16700.0,1300.0,1673511.0
102,2021-10-01 13:00:03,16700.0,300.0,1672211.0
103,2021-10-01 13:00:02,16700.0,910.0,1671911.0
104,2021-10-01 11:29:35,16700.0,500.0,1671001.0
105,2021-10-01 11:28:27,16700.0,700.0,1670501.0
106,2021-10-01 11:28:06,16700.0,1500.0,1669801.0
107,2021-10-01 11:27:46,16700.0,1000.0,1668301.0
108,2021-10-01 11:27:24,16700.0,800.0,1667301.0
109,2021-10-01 11:26:28,16600.0,1000.0,1666501.0
110,2021-10-01 11:24:00,16600.0,20000.0,1665501.0
111,2021-10-01 11:23:58,16800.0,2000.0,1645501.0
112,2021-10-01 11:23:53,16800.0,1300.0,1643501.0
113,2021-10-01 11:23:43,16600.0,23000.0,1642201.0
114,2021-10-01 11:23:03,16800.0,3000.0,1619201.0
115,2021-10-01 11:22:50,16700.0,4600.0,1616201.0
116,2021-10-01 11:22:35,16800.0,100.0,1611601.0
117,2021-10-01 11:22:27,16700.0,5000.0,1611501.0
118,2021-10-01 11:21:53,16800.0,1500.0,1606501.0
119,2021-10-01 11:19:24,16800.0,2500.0,1605001.0
120,2021-10-01 11:18:50,16800.0,400.0,1602501.0
121,2021-10-01 11:16:00,16700.0,10000.0,1602101.0
122,2021-10-01 11:15:24,16800.0,1000.0,1592101.0
123,2021-10-01 11:14:42,16800.0,1000.0,1591101.0
124,2021-10-01 11:14:06,16800.0,300.0,1590101.0
125,2021-10-01 11:13:57,16800.0,700.0,1589801.0
126,2021-10-01 11:13:43,16800.0,3000.0,1589101.0
127,2021-10-01 11:13:10,16800.0,20000.0,1586101.0
128,2021-10-01 11:13:00,16800.0,700.0,1566101.0
129,2021-10-01 11:12:57,16800.0,5000.0,1565401.0
130,2021-10-01 11:08:33,16700.0,100.0,1560401.0
131,2021-10-01 11:06:53,16700.0,100.0,1560301.0
132,2021-10-01 11:06:03,16700.0,500.0,1560201.0
133,2021-10-01 11:05:46,16700.0,500.0,1559701.0
134,2021-10-01 11:03:50,16700.0,200.0,1559201.0
135,2021-10-01 11:02:29,16700.0,200.0,1559001.0
136,2021-10-01 11:01:34,16700.0,100.0,1558801.0
137,2021-10-01 11:00:56,16600.0,1000.0,1558701.0
138,2021-10-01 11:00:52,16700.0,100.0,1557701.0
139,2021-10-01 11:00:43,16700.0,400.0,1557601.0
140,2021-10-01 11:00:40,16700.0,100.0,1557201.0
141,2021-10-01 11:00:24,16700.0,1000.0,1557101.0
142,2021-10-01 11:00:14,16700.0,100.0,1556101.0
143,2021-10-01 11:00:07,16700.0,100.0,1556001.0
144,2021-10-01 10:59:43,16700.0,900.0,1555901.0
145,2021-10-01 10:59:40,16700.0,1200.0,1555001.0
146,2021-10-01 10:59:31,16700.0,2800.0,1553801.0
147,2021-10-01 10:59:15,16700.0,2000.0,1551001.0
148,2021-10-01 10:58:40,16700.0,200.0,1549001.0
149,2021-10-01 10:58:13,16600.0,3400.0,1548801.0
150,2021-10-01 10:57:50,16700.0,3900.0,1545401.0
151,2021-10-01 10:57:36,16700.0,1000.0,1541501.0
152,2021-10-01 10:57:23,16700.0,400.0,1540501.0
153,2021-10-01 10:57:18,16700.0,200.0,1540101.0
154,2021-10-01 10:56:48,16700.0,4800.0,1539901.0
155,2021-10-01 10:56:33,16700.0,100.0,1535101.0
156,2021-10-01 10:56:16,16700.0,1000.0,1535001.0
157,2021-10-01 10:55:44,16700.0,500.0,1534001.0
158,2021-10-01 10:55:10,16700.0,4000.0,1533501.0
159,2021-10-01 10:52:27,16700.0,500.0,1529501.0
160,2021-10-01 10:49:53,16700.0,20000.0,1529001.0
161,2021-10-01 10:49:48,16700.0,7000.0,1509001.0
162,2021-10-01 10:49:11,16800.0,4000.0,1502001.0
163,2021-10-01 10:49:05,16800.0,149.0,1498001.0
164,2021-10-01 10:49:03,16800.0,10.0,1497852.0
165,2021-10-01 10:49:00,16800.0,10000.0,1497842.0
166,2021-10-01 10:48:46,16800.0,1000.0,1487842.0
167,2021-10-01 10:48:43,16800.0,2500.0,1486842.0
168,2021-10-01 10:48:38,16800.0,2900.0,1484342.0
169,2021-10-01 10:48:07,16700.0,3000.0,1481442.0
170,2021-10-01 10:47:52,16800.0,100.0,1478442.0
171,2021-10-01 10:46:44,16800.0,2500.0,1478342.0
172,2021-10-01 10:46:30,16800.0,200.0,1475842.0
173,2021-10-01 10:46:11,16800.0,100.0,1475642.0
174,2021-10-01 10:46:02,16700.0,500.0,1475542.0
175,2021-10-01 10:45:51,16800.0,5800.0,1475042.0
176,2021-10-01 10:45:45,16700.0,400.0,1469242.0
177,2021-10-01 10:45:33,16800.0,500.0,1468842.0
178,2021-10-01 10:45:11,16800.0,400.0,1468342.0
179,2021-10-01 10:44:55,16800.0,800.0,1467942.0
180,2021-10-01 10:44:26,16800.0,500.0,1467142.0
181,2021-10-01 10:43:51,16700.0,1000.0,1466642.0
182,2021-10-01 10:43:01,16700.0,100.0,1465642.0
183,2021-10-01 10:41:42,16700.0,2000.0,1465542.0
184,2021-10-01 10:39:02,16700.0,20.0,1463542.0
185,2021-10-01 10:37:35,16700.0,5000.0,1463522.0
186,2021-10-01 10:36:51,16800.0,200.0,1458522.0
187,2021-10-01 10:35:42,16700.0,5000.0,1458322.0
188,2021-10-01 10:33:46,16700.0,2600.0,1453322.0
189,2021-10-01 10:33:45,16700.0,1400.0,1450722.0
190,2021-10-01 10:33:36,16700.0,20000.0,1449322.0
191,2021-10-01 10:33:01,16700.0,500.0,1429322.0
192,2021-10-01 10:32:53,16700.0,100.0,1428822.0
193,2021-10-01 10:32:45,16600.0,3000.0,1428722.0
194,2021-10-01 10:29:06,16600.0,2000.0,1425722.0
195,2021-10-01 10:28:56,16600.0,5600.0,1423722.0
196,2021-10-01 10:27:58,16500.0,10000.0,1418122.0
197,2021-10-01 10:26:42,16500.0,5000.0,1408122.0
198,2021-10-01 10:26:23,16500.0,1000.0,1403122.0
199,2021-10-01 10:25:47,16500.0,7500.0,1402122.0
200,2021-10-01 10:25:14,16600.0,400.0,1394622.0
201,2021-10-01 10:24:53,16600.0,1000.0,1394222.0
202,2021-10-01 10:24:43,16600.0,1000.0,1393222.0
203,2021-10-01 10:24:30,16600.0,1000.0,1392222.0
204,2021-10-01 10:24:23,16600.0,500.0,1391222.0
205,2021-10-01 10:23:59,16600.0,100.0,1390722.0
206,2021-10-01 10:23:56,16600.0,2000.0,1390622.0
207,2021-10-01 10:23:55,16600.0,1000.0,1388622.0
208,2021-10-01 10:22:16,16600.0,6700.0,1387622.0
209,2021-10-01 10:22:07,16600.0,10200.0,1380922.0
210,2021-10-01 10:22:06,16600.0,200.0,1370722.0
211,2021-10-01 10:21:59,16600.0,5000.0,1370522.0
212,2021-10-01 10:21:25,16600.0,100.0,1365522.0
213,2021-10-01 10:20:48,16600.0,1000.0,1365422.0
214,2021-10-01 10:19:29,16600.0,500.0,1364422.0
215,2021-10-01 10:19:08,16600.0,5000.0,1363922.0
216,2021-10-01 10:18:09,16600.0,10000.0,1358922.0
217,2021-10-01 10:17:42,16700.0,3100.0,1348922.0
218,2021-10-01 10:17:14,16700.0,4300.0,1345822.0
219,2021-10-01 10:16:58,16700.0,1000.0,1341522.0
220,2021-10-01 10:16:47,16700.0,100.0,1340522.0
221,2021-10-01 10:16:46,16800.0,300.0,1340422.0
222,2021-10-01 10:16:00,16800.0,5000.0,1340122.0
223,2021-10-01 10:15:22,16800.0,500.0,1335122.0
224,2021-10-01 10:14:53,16700.0,1000.0,1334622.0
225,2021-10-01 10:13:55,16700.0,1900.0,1333622.0
226,2021-10-01 10:13:39,16700.0,500.0,1331722.0
227,2021-10-01 10:13:35,16700.0,1000.0,1331222.0
228,2021-10-01 10:13:07,16700.0,3000.0,1330222.0
229,2021-10-01 10:12:34,16700.0,500.0,1327222.0
230,2021-10-01 10:12:31,16700.0,500.0,1326722.0
231,2021-10-01 10:12:29,16700.0,100.0,1326222.0
232,2021-10-01 10:11:58,16700.0,200.0,1326122.0
233,2021-10-01 10:11:54,16700.0,100.0,1325922.0
234,2021-10-01 10:11:52,16700.0,400.0,1325822.0
235,2021-10-01 10:11:35,16700.0,500.0,1325422.0
236,2021-10-01 10:11:06,16700.0,2000.0,1324922.0
237,2021-10-01 10:11:04,16700.0,7000.0,1322922.0
238,2021-10-01 10:10:58,16700.0,1000.0,1315922.0
239,2021-10-01 10:10:37,16700.0,500.0,1314922.0
240,2021-10-01 10:10:36,16700.0,500.0,1314422.0
241,2021-10-01 10:10:35,16700.0,1500.0,1313922.0
242,2021-10-01 10:10:12,16700.0,100.0,1312422.0
243,2021-10-01 10:10:06,16700.0,2500.0,1312322.0
244,2021-10-01 10:08:48,16800.0,100.0,1309822.0
245,2021-10-01 10:08:11,16800.0,1000.0,1309722.0
246,2021-10-01 10:07:02,16800.0,100.0,1308722.0
247,2021-10-01 10:06:40,16800.0,200.0,1308622.0
248,2021-10-01 10:06:29,16800.0,30.0,1308422.0
249,2021-10-01 10:06:01,16800.0,1000.0,1308392.0
250,2021-10-01 10:05:52,16700.0,200.0,1307392.0
251,2021-10-01 10:05:34,16700.0,10000.0,1307192.0
252,2021-10-01 10:05:24,16800.0,400.0,1297192.0
253,2021-10-01 10:05:22,16700.0,9000.0,1296792.0
254,2021-10-01 10:05:02,16800.0,700.0,1287792.0
255,2021-10-01 10:04:46,16700.0,200.0,1287092.0
256,2021-10-01 10:04:30,16700.0,670.0,1286892.0
257,2021-10-01 10:03:46,16700.0,500.0,1286222.0
258,2021-10-01 10:02:44,16700.0,2000.0,1285722.0
259,2021-10-01 10:02:22,16700.0,200.0,1283722.0
260,2021-10-01 10:02:10,16700.0,300.0,1283522.0
261,2021-10-01 10:02:00,16700.0,200.0,1283222.0
262,2021-10-01 10:01:56,16700.0,9500.0,1283022.0
263,2021-10-01 10:01:35,16700.0,2000.0,1273522.0
264,2021-10-01 10:01:28,16800.0,500.0,1271522.0
265,2021-10-01 10:01:27,16700.0,200.0,1271022.0
266,2021-10-01 10:01:24,16700.0,4000.0,1270822.0
267,2021-10-01 10:01:13,16800.0,1300.0,1266822.0
268,2021-10-01 10:00:54,16700.0,200.0,1265522.0
269,2021-10-01 09:59:59,16700.0,500.0,1265322.0
270,2021-10-01 09:59:46,16700.0,1300.0,1264822.0
271,2021-10-01 09:59:38,16800.0,100.0,1263522.0
272,2021-10-01 09:59:32,16800.0,5000.0,1263422.0
273,2021-10-01 09:59:03,16800.0,1100.0,1258422.0
274,2021-10-01 09:58:43,16800.0,5000.0,1257322.0
275,2021-10-01 09:57:46,16800.0,5000.0,1252322.0
276,2021-10-01 09:57:28,16800.0,1000.0,1247322.0
277,2021-10-01 09:57:16,16800.0,10000.0,1246322.0
278,2021-10-01 09:57:11,16800.0,2000.0,1236322.0
279,2021-10-01 09:57:03,16800.0,10.0,1234322.0
280,2021-10-01 09:56:48,16800.0,1000.0,1234312.0
281,2021-10-01 09:56:15,16700.0,1000.0,1233312.0
282,2021-10-01 09:55:28,16800.0,5000.0,1232312.0
283,2021-10-01 09:55:25,16800.0,500.0,1227312.0
284,2021-10-01 09:54:43,16800.0,3000.0,1226812.0
285,2021-10-01 09:54:37,16800.0,1000.0,1223812.0
286,2021-10-01 09:54:35,16800.0,100.0,1222812.0
287,2021-10-01 09:54:14,16800.0,2000.0,1222712.0
288,2021-10-01 09:54:07,16800.0,1000.0,1220712.0
289,2021-10-01 09:54:01,16800.0,200.0,1219712.0
290,2021-10-01 09:53:47,16800.0,45.0,1219512.0
291,2021-10-01 09:53:42,16800.0,300.0,1219467.0
292,2021-10-01 09:53:25,16800.0,1000.0,1219167.0
293,2021-10-01 09:53:07,16800.0,1000.0,1218167.0
294,2021-10-01 09:53:05,16800.0,2000.0,1217167.0
295,2021-10-01 09:53:04,16800.0,200.0,1215167.0
296,2021-10-01 09:52:58,16800.0,800.0,1214967.0
297,2021-10-01 09:52:37,16800.0,700.0,1214167.0
298,2021-10-01 09:51:57,16800.0,2000.0,1213467.0
299,2021-10-01 09:51:52,16700.0,2300.0,1211467.0
300,2021-10-01 09:51:31,16800.0,200.0,1209167.0
301,2021-10-01 09:51:13,16800.0,100.0,1208967.0
302,2021-10-01 09:51:07,16800.0,6000.0,1208867.0
303,2021-10-01 09:51:03,16800.0,500.0,1202867.0
304,2021-10-01 09:50:53,16800.0,1000.0,1202367.0
305,2021-10-01 09:50:49,16800.0,2000.0,1201367.0
306,2021-10-01 09:50:44,16800.0,200.0,1199367.0
307,2021-10-01 09:50:23,16800.0,5000.0,1199167.0
308,2021-10-01 09:50:13,16800.0,800.0,1194167.0
309,2021-10-01 09:49:55,16800.0,200.0,1193367.0
310,2021-10-01 09:49:43,16800.0,3000.0,1193167.0
311,2021-10-01 09:48:58,16800.0,500.0,1190167.0
312,2021-10-01 09:48:50,16800.0,1000.0,1189667.0
313,2021-10-01 09:48:44,16800.0,500.0,1188667.0
314,2021-10-01 09:48:42,16800.0,100.0,1188167.0
315,2021-10-01 09:47:46,16800.0,1200.0,1188067.0
316,2021-10-01 09:47:39,16700.0,13500.0,1186867.0
317,2021-10-01 09:47:29,16800.0,600.0,1173367.0
318,2021-10-01 09:47:26,16700.0,1000.0,1172767.0
319,2021-10-01 09:47:25,16800.0,900.0,1171767.0
320,2021-10-01 09:47:20,16800.0,1700.0,1170867.0
321,2021-10-01 09:47:08,16700.0,600.0,1169167.0
322,2021-10-01 09:47:07,16800.0,100.0,1168567.0
323,2021-10-01 09:47:00,16700.0,500.0,1168467.0
324,2021-10-01 09:46:50,16700.0,1000.0,1167967.0
325,2021-10-01 09:46:43,16700.0,1000.0,1166967.0
326,2021-10-01 09:46:42,16700.0,1500.0,1165967.0
327,2021-10-01 09:46:38,16700.0,1000.0,1164467.0
328,2021-10-01 09:46:32,16700.0,1000.0,1163467.0
329,2021-10-01 09:46:26,16700.0,1000.0,1162467.0
330,2021-10-01 09:45:54,16700.0,3500.0,1161467.0
331,2021-10-01 09:45:42,16800.0,200.0,1157967.0
332,2021-10-01 09:45:37,16800.0,41200.0,1157767.0
333,2021-10-01 09:45:25,16800.0,500.0,1116567.0
334,2021-10-01 09:45:24,16800.0,100.0,1116067.0
335,2021-10-01 09:45:13,16900.0,3000.0,1115967.0
336,2021-10-01 09:45:11,16800.0,1500.0,1112967.0
337,2021-10-01 09:44:36,16900.0,1000.0,1111467.0
338,2021-10-01 09:44:32,16900.0,200.0,1110467.0
339,2021-10-01 09:44:17,16900.0,400.0,1110267.0
340,2021-10-01 09:44:14,16800.0,500.0,1109867.0
341,2021-10-01 09:44:11,16900.0,1000.0,1109367.0
342,2021-10-01 09:44:04,16800.0,300.0,1108367.0
343,2021-10-01 09:44:03,16900.0,8000.0,1108067.0
344,2021-10-01 09:43:48,16900.0,500.0,1100067.0
345,2021-10-01 09:43:37,16900.0,5000.0,1099567.0
346,2021-10-01 09:43:31,16800.0,3000.0,1094567.0
347,2021-10-01 09:43:23,16900.0,200.0,1091567.0
348,2021-10-01 09:43:03,16900.0,200.0,1091367.0
349,2021-10-01 09:42:59,16800.0,1200.0,1091167.0
350,2021-10-01 09:42:52,16900.0,300.0,1089967.0
351,2021-10-01 09:42:51,16800.0,1000.0,1089667.0
352,2021-10-01 09:42:40,16800.0,2000.0,1088667.0
353,2021-10-01 09:42:33,16800.0,2000.0,1086667.0
354,2021-10-01 09:42:18,16800.0,4300.0,1084667.0
355,2021-10-01 09:42:15,16900.0,400.0,1080367.0
356,2021-10-01 09:42:09,16800.0,6000.0,1079967.0
357,2021-10-01 09:42:04,16900.0,100.0,1073967.0
358,2021-10-01 09:41:53,16800.0,18500.0,1073867.0
359,2021-10-01 09:41:30,16800.0,1000.0,1055367.0
360,2021-10-01 09:41:08,16800.0,2600.0,1054367.0
361,2021-10-01 09:41:03,16800.0,1000.0,1051767.0
362,2021-10-01 09:40:48,16800.0,200.0,1050767.0
363,2021-10-01 09:40:40,16800.0,100.0,1050567.0
364,2021-10-01 09:40:37,16800.0,5000.0,1050467.0
365,2021-10-01 09:40:35,16800.0,600.0,1045467.0
366,2021-10-01 09:40:13,16800.0,800.0,1044867.0
367,2021-10-01 09:39:58,16800.0,3000.0,1044067.0
368,2021-10-01 09:39:55,16800.0,5100.0,1041067.0
369,2021-10-01 09:39:50,16800.0,14000.0,1035967.0
370,2021-10-01 09:39:47,16800.0,4700.0,1021967.0
371,2021-10-01 09:39:41,16800.0,500.0,1017267.0
372,2021-10-01 09:39:39,16800.0,3300.0,1016767.0
373,2021-10-01 09:39:29,16800.0,9300.0,1013467.0
374,2021-10-01 09:39:27,16800.0,100.0,1004167.0
375,2021-10-01 09:39:26,16800.0,2800.0,1004067.0
376,2021-10-01 09:39:23,16800.0,2000.0,1001267.0
377,2021-10-01 09:39:20,16800.0,100.0,999267.0
378,2021-10-01 09:39:08,16800.0,3800.0,999167.0
379,2021-10-01 09:39:04,16800.0,1300.0,995367.0
380,2021-10-01 09:38:56,16800.0,1000.0,994067.0
381,2021-10-01 09:38:49,16800.0,3000.0,993067.0
382,2021-10-01 09:38:41,16800.0,1000.0,990067.0
383,2021-10-01 09:38:37,16900.0,1000.0,989067.0
384,2021-10-01 09:38:34,16900.0,1000.0,988067.0
385,2021-10-01 09:38:30,16900.0,200.0,987067.0
386,2021-10-01 09:38:27,16800.0,1000.0,986867.0
387,2021-10-01 09:37:52,16800.0,3000.0,985867.0
388,2021-10-01 09:37:39,16900.0,1000.0,982867.0
389,2021-10-01 09:37:38,16900.0,3000.0,981867.0
390,2021-10-01 09:37:16,16900.0,500.0,978867.0
391,2021-10-01 09:37:09,16800.0,2000.0,978367.0
392,2021-10-01 09:37:07,16800.0,1000.0,976367.0
393,2021-10-01 09:36:58,16900.0,100.0,975367.0
394,2021-10-01 09:36:55,16900.0,2800.0,975267.0
395,2021-10-01 09:36:43,16900.0,100.0,972467.0
396,2021-10-01 09:36:42,16900.0,2000.0,972367.0
397,2021-10-01 09:36:41,16800.0,900.0,970367.0
398,2021-10-01 09:36:36,16900.0,1000.0,969467.0
399,2021-10-01 09:36:35,16900.0,900.0,968467.0
400,2021-10-01 09:36:20,16900.0,300.0,967567.0
401,2021-10-01 09:36:19,16800.0,2000.0,967267.0
402,2021-10-01 09:36:17,16900.0,8300.0,965267.0
403,2021-10-01 09:36:16,16900.0,100.0,956967.0
404,2021-10-01 09:36:08,16900.0,100.0,956867.0
405,2021-10-01 09:36:07,16900.0,300.0,956767.0
406,2021-10-01 09:36:00,16900.0,3000.0,956467.0
407,2021-10-01 09:35:59,16900.0,39800.0,953467.0
408,2021-10-01 09:35:57,16900.0,1500.0,913667.0
409,2021-10-01 09:35:53,16900.0,500.0,912167.0
410,2021-10-01 09:35:48,16900.0,4000.0,911667.0
411,2021-10-01 09:35:38,16900.0,100.0,907667.0
412,2021-10-01 09:35:32,16900.0,2000.0,907567.0
413,2021-10-01 09:35:31,16800.0,800.0,905567.0
414,2021-10-01 09:35:28,16800.0,1300.0,904767.0
415,2021-10-01 09:35:24,16800.0,20000.0,903467.0
416,2021-10-01 09:35:17,16800.0,3600.0,883467.0
417,2021-10-01 09:35:15,16800.0,100.0,879867.0
418,2021-10-01 09:35:08,16800.0,30400.0,879767.0
419,2021-10-01 09:35:01,16700.0,1000.0,849367.0
420,2021-10-01 09:34:50,16700.0,20000.0,848367.0
421,2021-10-01 09:34:48,16700.0,2800.0,828367.0
422,2021-10-01 09:34:36,16600.0,200.0,825567.0
423,2021-10-01 09:34:35,16600.0,200.0,825367.0
424,2021-10-01 09:34:33,16600.0,600.0,825167.0
425,2021-10-01 09:34:30,16600.0,6000.0,824567.0
426,2021-10-01 09:34:29,16600.0,100.0,818567.0
427,2021-10-01 09:34:28,16500.0,1000.0,818467.0
428,2021-10-01 09:34:24,16600.0,2300.0,817467.0
429,2021-10-01 09:34:20,16600.0,10000.0,815167.0
430,2021-10-01 09:34:17,16600.0,1000.0,805167.0
431,2021-10-01 09:34:14,16600.0,300.0,804167.0
432,2021-10-01 09:34:08,16500.0,200.0,803867.0
433,2021-10-01 09:34:06,16600.0,20000.0,803667.0
434,2021-10-01 09:33:57,16600.0,1300.0,783667.0
435,2021-10-01 09:33:55,16600.0,2000.0,782367.0
436,2021-10-01 09:33:54,16600.0,10800.0,780367.0
437,2021-10-01 09:33:29,16500.0,5200.0,769567.0
438,2021-10-01 09:33:21,16500.0,100.0,764367.0
439,2021-10-01 09:33:15,16500.0,200.0,764267.0
440,2021-10-01 09:33:10,16500.0,500.0,764067.0
441,2021-10-01 09:33:08,16500.0,1300.0,763567.0
442,2021-10-01 09:33:07,16500.0,500.0,762267.0
443,2021-10-01 09:33:01,16500.0,47.0,761767.0
444,2021-10-01 09:32:56,16500.0,1000.0,761720.0
445,2021-10-01 09:32:23,16400.0,13800.0,760720.0
446,2021-10-01 09:32:09,16400.0,3500.0,746920.0
447,2021-10-01 09:31:59,16400.0,200.0,743420.0
448,2021-10-01 09:31:40,16400.0,300.0,743220.0
449,2021-10-01 09:31:39,16300.0,6000.0,742920.0
450,2021-10-01 09:31:25,16400.0,1000.0,736920.0
451,2021-10-01 09:31:03,16300.0,1000.0,735920.0
452,2021-10-01 09:30:49,16300.0,500.0,734920.0
453,2021-10-01 09:30:42,16300.0,11000.0,734420.0
454,2021-10-01 09:30:21,16300.0,2000.0,723420.0
455,2021-10-01 09:29:56,16300.0,1000.0,721420.0
456,2021-10-01 09:29:31,16300.0,100.0,720420.0
457,2021-10-01 09:29:12,16300.0,900.0,720320.0
458,2021-10-01 09:29:04,16300.0,600.0,719420.0
459,2021-10-01 09:28:54,16300.0,3000.0,718820.0
460,2021-10-01 09:28:53,16300.0,20.0,715820.0
461,2021-10-01 09:28:45,16300.0,23800.0,715800.0
462,2021-10-01 09:28:36,16300.0,3000.0,692000.0
463,2021-10-01 09:28:17,16300.0,700.0,689000.0
464,2021-10-01 09:28:15,16300.0,500.0,688300.0
465,2021-10-01 09:28:14,16300.0,5000.0,687800.0
466,2021-10-01 09:28:08,16300.0,1000.0,682800.0
467,2021-10-01 09:28:04,16300.0,1000.0,681800.0
468,2021-10-01 09:28:02,16300.0,1000.0,680800.0
469,2021-10-01 09:27:51,16300.0,200.0,679800.0
470,2021-10-01 09:27:41,16300.0,400.0,679600.0
471,2021-10-01 09:27:20,16200.0,800.0,679200.0
472,2021-10-01 09:27:19,16200.0,800.0,678400.0
473,2021-10-01 09:27:05,16200.0,1000.0,677600.0
474,2021-10-01 09:26:50,16200.0,3000.0,676600.0
475,2021-10-01 09:26:40,16200.0,4400.0,673600.0
476,2021-10-01 09:26:27,16200.0,100.0,669200.0
477,2021-10-01 09:26:22,16200.0,300.0,669100.0
478,2021-10-01 09:26:19,16200.0,2000.0,668800.0
479,2021-10-01 09:26:17,16200.0,10000.0,666800.0
480,2021-10-01 09:26:08,16200.0,10000.0,656800.0
481,2021-10-01 09:26:05,16100.0,3100.0,646800.0
482,2021-10-01 09:25:56,16200.0,500.0,643700.0
483,2021-10-01 09:25:55,16200.0,200.0,643200.0
484,2021-10-01 09:25:52,16200.0,100.0,643000.0
485,2021-10-01 09:25:51,16200.0,100.0,642900.0
486,2021-10-01 09:25:46,16200.0,2100.0,642800.0
487,2021-10-01 09:25:42,16200.0,100.0,640700.0
488,2021-10-01 09:25:39,16200.0,30000.0,640600.0
489,2021-10-01 09:25:35,16200.0,10000.0,610600.0
490,2021-10-01 09:25:20,16200.0,800.0,600600.0
491,2021-10-01 09:25:19,16200.0,5000.0,599800.0
492,2021-10-01 09:25:08,16100.0,1500.0,594800.0
493,2021-10-01 09:25:04,16200.0,900.0,593300.0
494,2021-10-01 09:24:56,16100.0,12100.0,592400.0
495,2021-10-01 09:24:49,16100.0,1000.0,580300.0
496,2021-10-01 09:24:46,16100.0,2000.0,579300.0
497,2021-10-01 09:24:43,16100.0,200.0,577300.0
498,2021-10-01 09:24:36,16100.0,5000.0,577100.0
499,2021-10-01 09:24:27,16100.0,100.0,572100.0
500,2021-10-01 09:24:21,16100.0,2000.0,572000.0
501,2021-10-01 09:24:18,16000.0,15000.0,570000.0
502,2021-10-01 09:24:11,16000.0,1000.0,555000.0
503,2021-10-01 09:24:00,16000.0,12700.0,554000.0
504,2021-10-01 09:23:59,16000.0,3600.0,541300.0
505,2021-10-01 09:23:51,16000.0,200.0,537700.0
506,2021-10-01 09:23:40,15900.0,10000.0,537500.0
507,2021-10-01 09:23:36,16000.0,1600.0,527500.0
508,2021-10-01 09:23:31,16000.0,1000.0,525900.0
509,2021-10-01 09:23:29,15900.0,500.0,524900.0
510,2021-10-01 09:23:20,15900.0,2900.0,524400.0
511,2021-10-01 09:23:10,15900.0,200.0,521500.0
512,2021-10-01 09:23:08,15900.0,3600.0,521300.0
513,2021-10-01 09:23:01,15900.0,3000.0,517700.0
514,2021-10-01 09:22:58,15900.0,500.0,514700.0
515,2021-10-01 09:22:51,15900.0,100.0,514200.0
516,2021-10-01 09:22:34,15900.0,1500.0,514100.0
517,2021-10-01 09:22:31,15900.0,500.0,512600.0
518,2021-10-01 09:22:25,15900.0,800.0,512100.0
519,2021-10-01 09:22:15,15800.0,200.0,511300.0
520,2021-10-01 09:22:08,15900.0,2000.0,511100.0
521,2021-10-01 09:21:43,15800.0,500.0,509100.0
522,2021-10-01 09:21:32,15800.0,10000.0,508600.0
523,2021-10-01 09:21:10,15800.0,200.0,498600.0
524,2021-10-01 09:20:57,15800.0,500.0,498400.0
525,2021-10-01 09:20:54,15800.0,8000.0,497900.0
526,2021-10-01 09:20:50,15800.0,1000.0,489900.0
527,2021-10-01 09:20:40,15800.0,11200.0,488900.0
528,2021-10-01 09:20:34,15900.0,2000.0,477700.0
529,2021-10-01 09:20:30,15800.0,500.0,475700.0
530,2021-10-01 09:20:29,15900.0,900.0,475200.0
531,2021-10-01 09:20:20,15900.0,200.0,474300.0
532,2021-10-01 09:20:15,15900.0,10000.0,474100.0
533,2021-10-01 09:20:08,15900.0,5300.0,464100.0
534,2021-10-01 09:20:03,15900.0,1500.0,458800.0
535,2021-10-01 09:19:58,15900.0,300.0,457300.0
536,2021-10-01 09:19:36,15900.0,100.0,457000.0
537,2021-10-01 09:19:27,15900.0,20400.0,456900.0
538,2021-10-01 09:18:59,15900.0,500.0,436500.0
539,2021-10-01 09:18:56,16000.0,3000.0,436000.0
540,2021-10-01 09:18:45,16000.0,3100.0,433000.0
541,2021-10-01 09:18:42,16000.0,800.0,429900.0
542,2021-10-01 09:18:39,16000.0,600.0,429100.0
543,2021-10-01 09:18:32,16000.0,1300.0,428500.0
544,2021-10-01 09:18:31,16000.0,500.0,427200.0
545,2021-10-01 09:18:26,16000.0,600.0,426700.0
546,2021-10-01 09:18:25,16000.0,18800.0,426100.0
547,2021-10-01 09:18:22,16000.0,100.0,407300.0
548,2021-10-01 09:18:13,16000.0,3000.0,407200.0
549,2021-10-01 09:17:44,16000.0,2800.0,404200.0
550,2021-10-01 09:17:42,16000.0,3000.0,401400.0
551,2021-10-01 09:17:23,16100.0,1800.0,398400.0
552,2021-10-01 09:17:19,16100.0,400.0,396600.0
553,2021-10-01 09:17:18,16100.0,100.0,396200.0
554,2021-10-01 09:17:17,16100.0,100.0,396100.0
555,2021-10-01 09:17:12,16100.0,4000.0,396000.0
556,2021-10-01 09:17:09,16100.0,200.0,392000.0
557,2021-10-01 09:16:52,16100.0,2000.0,391800.0
558,2021-10-01 09:16:34,16100.0,1000.0,389800.0
559,2021-10-01 09:16:20,16100.0,5000.0,388800.0
560,2021-10-01 09:16:12,16000.0,2000.0,383800.0
561,2021-10-01 09:15:55,16100.0,100.0,381800.0
562,2021-10-01 09:15:43,16100.0,500.0,381700.0
563,2021-10-01 09:15:00,16100.0,500.0,381200.0
564,2021-10-01 09:14:34,16100.0,2300.0,380700.0
565,2021-10-01 09:14:30,16000.0,2500.0,378400.0
566,2021-10-01 09:14:27,16000.0,800.0,375900.0
567,2021-10-01 09:14:22,16100.0,200.0,375100.0
568,2021-10-01 09:14:18,16000.0,200.0,374900.0
569,2021-10-01 09:13:43,16100.0,700.0,374700.0
570,2021-10-01 09:13:35,16000.0,1600.0,374000.0
571,2021-10-01 09:13:30,16100.0,100.0,372400.0
572,2021-10-01 09:13:28,16000.0,10000.0,372300.0
573,2021-10-01 09:13:23,16000.0,500.0,362300.0
574,2021-10-01 09:12:59,16100.0,17900.0,361800.0
575,2021-10-01 09:12:44,16200.0,700.0,343900.0
576,2021-10-01 09:12:40,16200.0,1000.0,343200.0
577,2021-10-01 09:12:20,16200.0,600.0,342200.0
578,2021-10-01 09:11:57,16300.0,200.0,341600.0
579,2021-10-01 09:11:42,16200.0,7000.0,341400.0
580,2021-10-01 09:11:26,16200.0,500.0,334400.0
581,2021-10-01 09:11:24,16300.0,6500.0,333900.0
582,2021-10-01 09:11:22,16200.0,5000.0,327400.0
583,2021-10-01 09:11:20,16200.0,10500.0,322400.0
584,2021-10-01 09:11:15,16200.0,4900.0,311900.0
585,2021-10-01 09:11:13,16100.0,7000.0,307000.0
586,2021-10-01 09:10:54,16200.0,1000.0,300000.0
587,2021-10-01 09:10:52,16100.0,10000.0,299000.0
588,2021-10-01 09:10:50,16200.0,100.0,289000.0
589,2021-10-01 09:09:53,16100.0,500.0,288900.0
590,2021-10-01 09:09:42,16100.0,2500.0,288400.0
591,2021-10-01 09:09:26,16100.0,1000.0,285900.0
592,2021-10-01 09:09:18,16100.0,10700.0,284900.0
593,2021-10-01 09:09:16,16100.0,200.0,274200.0
594,2021-10-01 09:09:04,16000.0,2000.0,274000.0
595,2021-10-01 09:08:52,16000.0,2000.0,272000.0
596,2021-10-01 09:08:46,16000.0,11800.0,270000.0
597,2021-10-01 09:08:24,16000.0,3100.0,258200.0
598,2021-10-01 09:08:22,16000.0,1200.0,255100.0
599,2021-10-01 09:08:13,16000.0,1700.0,253900.0
600,2021-10-01 09:08:04,16000.0,8500.0,252200.0
601,2021-10-01 09:08:02,16000.0,200.0,243700.0
602,2021-10-01 09:07:58,15900.0,10000.0,243500.0
603,2021-10-01 09:07:42,15900.0,100.0,233500.0
604,2021-10-01 09:07:29,16000.0,100.0,233400.0
605,2021-10-01 09:07:15,15900.0,9300.0,233300.0
606,2021-10-01 09:07:09,15900.0,200.0,224000.0
607,2021-10-01 09:06:58,15900.0,800.0,223800.0
608,2021-10-01 09:06:56,15900.0,100.0,223000.0
609,2021-10-01 09:06:30,15800.0,300.0,222900.0
610,2021-10-01 09:06:28,15800.0,5000.0,222600.0
611,2021-10-01 09:06:25,15800.0,1600.0,217600.0
612,2021-10-01 09:06:21,15800.0,2000.0,216000.0
613,2021-10-01 09:06:18,15800.0,1200.0,214000.0
614,2021-10-01 09:06:12,15800.0,300.0,212800.0
615,2021-10-01 09:06:08,15800.0,100.0,212500.0
616,2021-10-01 09:05:52,15800.0,200.0,212400.0
617,2021-10-01 09:05:42,15800.0,100.0,212200.0
618,2021-10-01 09:05:22,15700.0,5200.0,212100.0
619,2021-10-01 09:05:16,15600.0,5000.0,206900.0
620,2021-10-01 09:05:14,15700.0,100.0,201900.0
621,2021-10-01 09:05:13,15700.0,5000.0,201800.0
622,2021-10-01 09:05:04,15700.0,39700.0,196800.0
623,2021-10-01 09:04:58,15900.0,1000.0,157100.0
624,2021-10-01 09:04:51,15900.0,100.0,156100.0
625,2021-10-01 09:04:49,15900.0,1500.0,156000.0
626,2021-10-01 09:04:47,15900.0,3000.0,154500.0
627,2021-10-01 09:04:18,15800.0,18800.0,151500.0
628,2021-10-01 09:04:17,15800.0,400.0,132700.0
629,2021-10-01 09:04:13,15800.0,1000.0,132300.0
630,2021-10-01 09:04:12,15800.0,1000.0,131300.0
631,2021-10-01 09:03:59,15700.0,5000.0,130300.0
632,2021-10-01 09:03:50,15700.0,1800.0,125300.0
633,2021-10-01 09:03:48,15700.0,3000.0,123500.0
634,2021-10-01 09:03:40,15700.0,10000.0,120500.0
635,2021-10-01 09:03:25,15500.0,500.0,110500.0
636,2021-10-01 09:03:23,15600.0,3000.0,110000.0
637,2021-10-01 09:03:21,15600.0,300.0,107000.0
638,2021-10-01 09:03:20,15600.0,1600.0,106700.0
639,2021-10-01 09:03:19,15600.0,300.0,105100.0
640,2021-10-01 09:03:17,15600.0,2000.0,104800.0
641,2021-10-01 09:03:13,15600.0,400.0,102800.0
642,2021-10-01 09:03:10,15500.0,300.0,102400.0
643,2021-10-01 09:03:07,15600.0,100.0,102100.0
644,2021-10-01 09:03:04,15600.0,100.0,102000.0
645,2021-10-01 09:03:00,15600.0,300.0,101900.0
646,2021-10-01 09:02:56,15600.0,1600.0,101600.0
647,2021-10-01 09:02:53,15700.0,10000.0,100000.0
648,2021-10-01 09:02:51,15700.0,2000.0,90000.0
649,2021-10-01 09:02:46,15600.0,1000.0,88000.0
650,2021-10-01 09:02:45,15700.0,400.0,87000.0
651,2021-10-01 09:02:36,15700.0,100.0,86600.0
652,2021-10-01 09:02:31,15700.0,12700.0,86500.0
653,2021-10-01 09:02:24,15800.0,3000.0,73800.0
654,2021-10-01 09:02:23,15600.0,900.0,70800.0
655,2021-10-01 09:02:21,15600.0,200.0,69900.0
656,2021-10-01 09:02:16,15600.0,200.0,69700.0
657,2021-10-01 09:02:02,15600.0,100.0,69500.0
658,2021-10-01 09:01:58,15600.0,200.0,69400.0
659,2021-10-01 09:01:54,15600.0,100.0,69200.0
660,2021-10-01 09:01:14,15400.0,900.0,69100.0
661,2021-10-01 09:01:13,15400.0,2000.0,68200.0
662,2021-10-01 09:00:56,15400.0,29600.0,66200.0
663,2021-10-01 09:00:54,15400.0,10000.0,36600.0
664,2021-10-01 09:00:52,15400.0,300.0,26600.0
665,2021-10-01 09:00:49,15400.0,100.0,26300.0
666,2021-10-01 09:00:45,15300.0,3300.0,26200.0
667,2021-10-01 09:00:36,15400.0,1100.0,22900.0
668,2021-10-01 09:00:35,15400.0,1000.0,21800.0
669,2021-10-01 09:00:30,15400.0,2000.0,20800.0
670,2021-10-01 09:00:27,15400.0,200.0,18800.0
671,2021-10-01 09:00:24,15400.0,400.0,18600.0
672,2021-10-01 09:00:19,15400.0,2000.0,18200.0
673,2021-10-01 09:00:14,15400.0,100.0,16200.0
674,2021-10-01 09:00:12,15400.0,6000.0,16100.0
675,2021-10-01 09:00:10,15600.0,100.0,10100.0
676,2021-10-01 09:00:05,15500.0,9700.0,10000.0
677,2021-10-01 09:00:04,15500.0,300.0,300.0
