,Time,Price,Volume_per_trade,Volume
0,2021-10-12 07:45:00,31700.0,2200.0,369300.0
1,2021-10-12 07:20:32,31700.0,400.0,367100.0
2,2021-10-12 07:17:10,31700.0,100.0,366700.0
3,2021-10-12 06:38:32,31700.0,3100.0,366600.0
4,2021-10-12 06:38:12,31700.0,500.0,363500.0
5,2021-10-12 06:38:12,31700.0,100.0,363000.0
6,2021-10-12 06:09:08,31800.0,5000.0,362900.0
7,2021-10-12 04:15:21,31800.0,100.0,357900.0
8,2021-10-12 03:52:59,31700.0,1400.0,357800.0
9,2021-10-12 03:52:59,31700.0,1500.0,356400.0
10,2021-10-12 03:52:59,31700.0,1500.0,354900.0
11,2021-10-12 03:52:59,31700.0,600.0,353400.0
12,2021-10-12 03:52:59,31700.0,900.0,352800.0
13,2021-10-12 03:52:59,31700.0,1500.0,351900.0
14,2021-10-12 03:52:59,31700.0,1500.0,350400.0
15,2021-10-12 03:52:59,31700.0,1100.0,348900.0
16,2021-10-12 03:52:59,31700.0,400.0,347800.0
17,2021-10-12 03:52:59,31700.0,1500.0,347400.0
18,2021-10-12 03:52:59,31700.0,1500.0,345900.0
19,2021-10-12 03:52:59,31700.0,1500.0,344400.0
20,2021-10-12 03:52:59,31700.0,100.0,342900.0
21,2021-10-12 03:52:59,31700.0,1400.0,342800.0
22,2021-10-12 03:52:59,31700.0,1500.0,341400.0
23,2021-10-12 03:52:38,31700.0,1200.0,339900.0
24,2021-10-12 03:52:38,31700.0,900.0,338700.0
25,2021-10-12 03:52:27,31700.0,300.0,337800.0
26,2021-10-12 03:52:27,31700.0,1200.0,337500.0
27,2021-10-12 03:52:27,31700.0,1200.0,336300.0
28,2021-10-12 03:52:27,31700.0,1200.0,335100.0
29,2021-10-12 03:52:27,31700.0,1100.0,333900.0
30,2021-10-12 03:52:26,31700.0,100.0,332800.0
31,2021-10-12 03:52:26,31700.0,1200.0,332700.0
32,2021-10-12 03:52:26,31700.0,1200.0,331500.0
33,2021-10-12 03:52:26,31700.0,1200.0,330300.0
34,2021-10-12 03:52:26,31700.0,1200.0,329100.0
35,2021-10-12 03:52:26,31700.0,100.0,327900.0
36,2021-10-12 03:52:26,31700.0,1100.0,327800.0
37,2021-10-12 03:52:26,31700.0,1200.0,326700.0
38,2021-10-12 03:52:26,31700.0,1200.0,325500.0
39,2021-10-12 03:52:26,31700.0,1200.0,324300.0
40,2021-10-12 03:52:26,31700.0,300.0,323100.0
41,2021-10-12 03:52:26,31700.0,900.0,322800.0
42,2021-10-12 03:52:26,31700.0,1200.0,321900.0
43,2021-10-12 03:52:26,31700.0,1200.0,320700.0
44,2021-10-12 03:52:26,31700.0,1200.0,319500.0
45,2021-10-12 03:52:26,31700.0,500.0,318300.0
46,2021-10-12 03:52:25,31700.0,700.0,317800.0
47,2021-10-12 03:52:25,31700.0,1200.0,317100.0
48,2021-10-12 03:52:25,31700.0,1200.0,315900.0
49,2021-10-12 03:52:25,31700.0,1200.0,314700.0
50,2021-10-12 03:52:25,31700.0,700.0,313500.0
51,2021-10-12 03:52:25,31700.0,500.0,312800.0
52,2021-10-12 03:52:25,31700.0,1200.0,312300.0
53,2021-10-12 03:52:25,31700.0,1200.0,311100.0
54,2021-10-12 03:52:25,31700.0,1200.0,309900.0
55,2021-10-12 03:52:25,31700.0,900.0,308700.0
56,2021-10-12 03:52:04,31700.0,300.0,307800.0
57,2021-10-12 03:52:04,31700.0,600.0,307500.0
58,2021-10-12 03:52:04,31700.0,600.0,306900.0
59,2021-10-12 03:52:04,31700.0,1200.0,306300.0
60,2021-10-12 03:52:04,31700.0,1200.0,305100.0
61,2021-10-12 03:40:27,31700.0,100.0,303900.0
62,2021-10-12 03:40:27,31700.0,600.0,303800.0
63,2021-10-12 03:39:57,31700.0,500.0,303200.0
64,2021-10-12 03:39:57,31700.0,1100.0,302700.0
65,2021-10-12 03:39:57,31700.0,900.0,301600.0
66,2021-10-12 03:39:45,31700.0,200.0,300700.0
67,2021-10-12 03:39:45,31700.0,1100.0,300500.0
68,2021-10-12 03:39:45,31700.0,1100.0,299400.0
69,2021-10-12 03:39:45,31700.0,100.0,298300.0
70,2021-10-12 03:37:04,31700.0,1000.0,298200.0
71,2021-10-12 03:37:04,31700.0,1100.0,297200.0
72,2021-10-12 03:37:04,31700.0,200.0,296100.0
73,2021-10-12 03:37:04,31700.0,900.0,295900.0
74,2021-10-12 03:37:04,31700.0,1100.0,295000.0
75,2021-10-12 03:35:43,32000.0,100.0,293900.0
76,2021-10-12 03:35:43,31800.0,1000.0,293800.0
77,2021-10-12 03:35:43,31800.0,800.0,292800.0
78,2021-10-12 03:30:55,31700.0,600.0,292000.0
79,2021-10-12 03:30:55,31700.0,400.0,291400.0
80,2021-10-12 03:30:50,31700.0,1700.0,291000.0
81,2021-10-12 03:30:50,31700.0,1300.0,289300.0
82,2021-10-12 03:30:40,31700.0,800.0,288000.0
83,2021-10-12 03:30:40,31700.0,1300.0,287200.0
84,2021-10-12 03:30:35,31700.0,800.0,285900.0
85,2021-10-12 03:30:35,31700.0,1300.0,285100.0
86,2021-10-12 03:30:32,31700.0,800.0,283800.0
87,2021-10-12 03:30:32,31700.0,1200.0,283000.0
88,2021-10-12 03:30:28,31700.0,900.0,281800.0
89,2021-10-12 03:30:28,31700.0,1000.0,280900.0
90,2021-10-12 03:30:20,31700.0,1100.0,279900.0
91,2021-10-12 03:30:20,31700.0,700.0,278800.0
92,2021-10-12 03:30:14,31700.0,1400.0,278100.0
93,2021-10-12 03:30:14,31700.0,100.0,276700.0
94,2021-10-12 03:30:03,31700.0,1000.0,276600.0
95,2021-10-12 03:19:02,31700.0,1000.0,275600.0
96,2021-10-12 03:15:57,31700.0,2100.0,274600.0
97,2021-10-12 03:15:57,31700.0,900.0,272500.0
98,2021-10-12 03:15:41,31700.0,1200.0,271600.0
99,2021-10-12 03:15:41,31700.0,1800.0,270400.0
100,2021-10-12 03:15:41,31700.0,300.0,268600.0
101,2021-10-12 03:15:41,31700.0,2100.0,268300.0
102,2021-10-12 03:15:41,31700.0,600.0,266200.0
103,2021-10-12 03:15:41,31700.0,1500.0,265600.0
104,2021-10-12 03:15:41,31700.0,400.0,264100.0
105,2021-10-12 03:15:41,31700.0,600.0,263700.0
106,2021-10-12 03:15:41,31700.0,700.0,263100.0
107,2021-10-12 03:15:41,31700.0,400.0,262400.0
108,2021-10-12 03:13:12,31700.0,1000.0,262000.0
109,2021-10-12 03:12:38,31700.0,2100.0,261000.0
110,2021-10-12 03:12:27,31700.0,2900.0,258900.0
111,2021-10-12 03:12:27,31700.0,2100.0,256000.0
112,2021-10-12 03:12:19,31700.0,2900.0,253900.0
113,2021-10-12 03:12:19,31700.0,2100.0,251000.0
114,2021-10-12 03:12:07,31700.0,2900.0,248900.0
115,2021-10-12 03:12:07,31700.0,1900.0,246000.0
116,2021-10-12 03:12:07,31700.0,200.0,244100.0
117,2021-10-12 03:12:00,31700.0,1700.0,243900.0
118,2021-10-12 03:12:00,31700.0,300.0,242200.0
119,2021-10-12 03:11:54,31700.0,1000.0,241900.0
120,2021-10-12 03:11:45,31700.0,600.0,240900.0
121,2021-10-12 03:11:45,31700.0,1900.0,240300.0
122,2021-10-12 03:11:45,31700.0,1400.0,238400.0
123,2021-10-12 03:09:07,31700.0,500.0,237000.0
124,2021-10-12 03:09:07,31700.0,1900.0,236500.0
125,2021-10-12 03:08:49,31700.0,100.0,234600.0
126,2021-10-12 03:08:40,31700.0,2900.0,234500.0
127,2021-10-12 03:08:40,31700.0,100.0,231600.0
128,2021-10-12 03:07:37,31700.0,2100.0,231500.0
129,2021-10-12 03:07:37,31700.0,2100.0,229400.0
130,2021-10-12 03:07:37,31700.0,800.0,227300.0
131,2021-10-12 03:07:26,31700.0,1000.0,226500.0
132,2021-10-12 03:07:26,31700.0,2000.0,225500.0
133,2021-10-12 03:07:20,31700.0,600.0,223500.0
134,2021-10-12 03:07:20,31700.0,2000.0,222900.0
135,2021-10-12 03:07:20,31700.0,300.0,220900.0
136,2021-10-12 03:07:12,31700.0,1800.0,220600.0
137,2021-10-12 03:07:12,31700.0,800.0,218800.0
138,2021-10-12 03:07:06,31700.0,1000.0,218000.0
139,2021-10-12 03:07:06,31700.0,1100.0,217000.0
140,2021-10-12 03:07:00,31700.0,700.0,215900.0
141,2021-10-12 03:07:00,31700.0,900.0,215200.0
142,2021-10-12 03:06:54,31700.0,600.0,214300.0
143,2021-10-12 03:06:54,31700.0,1200.0,213700.0
144,2021-10-12 03:06:47,31700.0,900.0,212500.0
145,2021-10-12 03:06:47,31700.0,200.0,211600.0
146,2021-10-12 03:06:41,31700.0,1400.0,211400.0
147,2021-10-12 03:06:41,31700.0,200.0,210000.0
148,2021-10-12 03:06:32,31700.0,1700.0,209800.0
149,2021-10-12 03:06:32,31700.0,100.0,208100.0
150,2021-10-12 03:06:21,31700.0,1800.0,208000.0
151,2021-10-12 03:06:18,31700.0,400.0,206200.0
152,2021-10-12 03:06:04,31700.0,1600.0,205800.0
153,2021-10-12 03:06:04,31700.0,500.0,204200.0
154,2021-10-12 03:05:57,31700.0,1400.0,203700.0
155,2021-10-12 03:05:57,31700.0,500.0,202300.0
156,2021-10-12 03:05:52,31700.0,1300.0,201800.0
157,2021-10-12 03:05:52,31700.0,500.0,200500.0
158,2021-10-12 03:05:46,31700.0,1000.0,200000.0
159,2021-10-12 03:05:46,31700.0,1500.0,199000.0
160,2021-10-12 03:05:46,31700.0,100.0,197500.0
161,2021-10-12 03:05:41,31700.0,1700.0,197400.0
162,2021-10-12 03:05:41,31700.0,800.0,195700.0
163,2021-10-12 03:05:35,31700.0,1000.0,194900.0
164,2021-10-12 02:58:07,31700.0,1800.0,193900.0
165,2021-10-12 02:58:07,31700.0,2000.0,192100.0
166,2021-10-12 02:58:07,31700.0,2000.0,190100.0
167,2021-10-12 02:58:07,31700.0,2000.0,188100.0
168,2021-10-12 02:58:07,31700.0,200.0,186100.0
169,2021-10-12 02:58:01,31700.0,1800.0,185900.0
170,2021-10-12 02:58:01,31700.0,600.0,184100.0
171,2021-10-12 02:57:55,31700.0,1400.0,183500.0
172,2021-10-12 02:57:55,31700.0,1100.0,182100.0
173,2021-10-12 02:57:41,31700.0,1900.0,181000.0
174,2021-10-12 02:57:41,31700.0,100.0,179100.0
175,2021-10-12 02:57:41,31700.0,2300.0,179000.0
176,2021-10-12 02:57:40,31700.0,1200.0,176700.0
177,2021-10-12 02:57:40,31700.0,800.0,175500.0
178,2021-10-12 02:56:21,31700.0,2000.0,174700.0
179,2021-10-12 02:56:21,31700.0,700.0,172700.0
180,2021-10-12 02:56:13,31700.0,1300.0,172000.0
181,2021-10-12 02:56:13,31700.0,800.0,170700.0
182,2021-10-12 02:56:06,31700.0,1200.0,169900.0
183,2021-10-12 02:56:06,31700.0,700.0,168700.0
184,2021-10-12 02:55:49,31700.0,800.0,168000.0
185,2021-10-12 02:55:49,31700.0,1700.0,167200.0
186,2021-10-12 02:55:49,31700.0,300.0,165500.0
187,2021-10-12 02:55:49,31700.0,1600.0,165200.0
188,2021-10-12 02:55:49,31700.0,200.0,163600.0
189,2021-10-12 02:55:49,31700.0,900.0,163400.0
190,2021-10-12 02:55:49,31700.0,900.0,162500.0
191,2021-10-12 02:55:48,31700.0,700.0,161600.0
192,2021-10-12 02:55:48,31700.0,1200.0,160900.0
193,2021-10-12 02:55:48,31700.0,600.0,159700.0
194,2021-10-12 02:55:48,31700.0,1400.0,159100.0
195,2021-10-12 02:55:47,31700.0,200.0,157700.0
196,2021-10-12 02:55:47,31700.0,1600.0,157500.0
197,2021-10-12 02:54:42,31700.0,200.0,155900.0
198,2021-10-12 02:54:33,31700.0,2000.0,155700.0
199,2021-10-12 02:49:13,31700.0,1000.0,153700.0
200,2021-10-12 02:49:13,31700.0,1000.0,152700.0
201,2021-10-12 02:49:13,31700.0,1000.0,151700.0
202,2021-10-12 02:49:13,31700.0,1000.0,150700.0
203,2021-10-12 02:49:12,31700.0,1000.0,149700.0
204,2021-10-12 02:49:12,31700.0,1000.0,148700.0
205,2021-10-12 02:49:12,31700.0,1000.0,147700.0
206,2021-10-12 02:49:12,31700.0,500.0,146700.0
207,2021-10-12 02:49:12,31700.0,500.0,146200.0
208,2021-10-12 02:49:12,31700.0,1000.0,145700.0
209,2021-10-12 02:44:52,31700.0,1000.0,144700.0
210,2021-10-12 02:44:52,31700.0,300.0,143700.0
211,2021-10-12 02:43:10,31700.0,1300.0,143400.0
212,2021-10-12 02:43:10,31700.0,1100.0,142100.0
213,2021-10-12 02:43:10,31700.0,200.0,141000.0
214,2021-10-12 02:43:09,31700.0,1400.0,140800.0
215,2021-10-12 02:43:09,31700.0,200.0,139400.0
216,2021-10-12 02:43:09,31700.0,1000.0,139200.0
217,2021-10-12 02:43:08,31700.0,700.0,138200.0
218,2021-10-12 02:43:08,31700.0,800.0,137500.0
219,2021-10-12 02:43:08,31700.0,1100.0,136700.0
220,2021-10-12 02:43:08,31700.0,400.0,135600.0
221,2021-10-12 02:43:08,31700.0,700.0,135200.0
222,2021-10-12 02:43:08,31700.0,900.0,134500.0
223,2021-10-12 02:40:10,31700.0,700.0,133600.0
224,2021-10-12 02:38:31,31700.0,800.0,132900.0
225,2021-10-12 02:38:31,31700.0,800.0,132100.0
226,2021-10-12 02:38:31,31700.0,700.0,131300.0
227,2021-10-12 02:38:31,31700.0,1200.0,130600.0
228,2021-10-12 02:38:31,31700.0,300.0,129400.0
229,2021-10-12 02:38:30,31700.0,1500.0,129100.0
230,2021-10-12 02:38:30,31700.0,300.0,127600.0
231,2021-10-12 02:38:30,31700.0,1200.0,127300.0
232,2021-10-12 02:38:30,31700.0,700.0,126100.0
233,2021-10-12 02:38:30,31700.0,400.0,125400.0
234,2021-10-12 02:38:29,31700.0,700.0,125000.0
235,2021-10-12 02:38:29,31700.0,600.0,124300.0
236,2021-10-12 02:38:29,31700.0,1000.0,123700.0
237,2021-10-12 02:38:29,31700.0,400.0,122700.0
238,2021-10-12 02:38:29,31700.0,900.0,122300.0
239,2021-10-12 02:38:29,31700.0,200.0,121400.0
240,2021-10-12 02:38:29,31700.0,1500.0,121200.0
241,2021-10-12 02:38:28,31700.0,200.0,119700.0
242,2021-10-12 02:38:28,31700.0,1300.0,119500.0
243,2021-10-12 02:37:36,31700.0,1500.0,118200.0
244,2021-10-12 02:37:35,31700.0,400.0,116700.0
245,2021-10-12 02:37:35,31700.0,1300.0,116300.0
246,2021-10-12 02:37:35,31700.0,300.0,115000.0
247,2021-10-12 02:37:35,31700.0,1500.0,114700.0
248,2021-10-12 02:37:35,31700.0,1000.0,113200.0
249,2021-10-12 02:37:35,31700.0,300.0,112200.0
250,2021-10-12 02:37:35,31700.0,100.0,111900.0
251,2021-10-12 02:37:35,31700.0,1200.0,111800.0
252,2021-10-12 02:37:34,31700.0,200.0,110600.0
253,2021-10-12 02:37:34,31700.0,400.0,110400.0
254,2021-10-12 02:37:34,31700.0,900.0,110000.0
255,2021-10-12 02:37:34,31700.0,1100.0,109100.0
256,2021-10-12 02:37:34,31700.0,1500.0,108000.0
257,2021-10-12 02:37:34,31700.0,400.0,106500.0
258,2021-10-12 02:37:34,31700.0,1500.0,106100.0
259,2021-10-12 02:34:40,31700.0,500.0,104600.0
260,2021-10-12 02:34:40,31700.0,1000.0,104100.0
261,2021-10-12 02:29:15,31700.0,100.0,103100.0
262,2021-10-12 02:29:15,31700.0,1000.0,103000.0
263,2021-10-12 02:29:15,31700.0,200.0,102000.0
264,2021-10-12 02:29:15,31700.0,1200.0,101800.0
265,2021-10-12 02:29:14,31700.0,600.0,100600.0
266,2021-10-12 02:29:14,31700.0,600.0,100000.0
267,2021-10-12 02:29:14,31700.0,400.0,99400.0
268,2021-10-12 02:29:14,31700.0,800.0,99000.0
269,2021-10-12 02:29:14,31700.0,200.0,98200.0
270,2021-10-12 02:29:14,31700.0,1000.0,98000.0
271,2021-10-12 02:29:14,31700.0,500.0,97000.0
272,2021-10-12 02:29:14,31700.0,700.0,96500.0
273,2021-10-12 02:28:29,31700.0,800.0,95800.0
274,2021-10-12 02:28:29,31700.0,1400.0,95000.0
275,2021-10-12 02:28:29,31700.0,100.0,93600.0
276,2021-10-12 02:28:29,31700.0,1300.0,93500.0
277,2021-10-12 02:28:28,31700.0,200.0,92200.0
278,2021-10-12 02:28:28,31700.0,1200.0,92000.0
279,2021-10-12 02:28:28,31700.0,1400.0,90800.0
280,2021-10-12 02:28:28,31700.0,1400.0,89400.0
281,2021-10-12 02:28:27,31700.0,100.0,88000.0
282,2021-10-12 02:28:27,31700.0,1300.0,87900.0
283,2021-10-12 02:28:27,31700.0,200.0,86600.0
284,2021-10-12 02:28:27,31700.0,1200.0,86400.0
285,2021-10-12 02:28:27,31700.0,300.0,85200.0
286,2021-10-12 02:28:27,31700.0,1100.0,84900.0
287,2021-10-12 02:28:26,31700.0,500.0,83800.0
288,2021-10-12 02:28:26,31700.0,900.0,83300.0
289,2021-10-12 02:28:26,31700.0,600.0,82400.0
290,2021-10-12 02:28:26,31700.0,800.0,81800.0
291,2021-10-12 02:28:26,31700.0,700.0,81000.0
292,2021-10-12 02:28:26,31700.0,700.0,80300.0
293,2021-10-12 02:28:26,31700.0,1400.0,79600.0
294,2021-10-12 02:28:26,31700.0,400.0,78200.0
295,2021-10-12 02:28:26,31700.0,1000.0,77800.0
296,2021-10-12 02:28:25,31700.0,500.0,76800.0
297,2021-10-12 02:28:25,31700.0,900.0,76300.0
298,2021-10-12 02:28:25,31700.0,600.0,75400.0
299,2021-10-12 02:28:25,31700.0,800.0,74800.0
300,2021-10-12 02:28:25,31700.0,700.0,74000.0
301,2021-10-12 02:28:25,31700.0,700.0,73300.0
302,2021-10-12 02:28:24,31700.0,800.0,72600.0
303,2021-10-12 02:28:24,31700.0,600.0,71800.0
304,2021-10-12 02:28:24,31700.0,900.0,71200.0
305,2021-10-12 02:28:24,31700.0,500.0,70300.0
306,2021-10-12 02:28:24,31700.0,1000.0,69800.0
307,2021-10-12 02:28:24,31700.0,400.0,68800.0
308,2021-10-12 02:28:24,31700.0,1100.0,68400.0
309,2021-10-12 02:28:24,31700.0,300.0,67300.0
310,2021-10-12 02:28:24,31700.0,1200.0,67000.0
311,2021-10-12 02:28:24,31700.0,200.0,65800.0
312,2021-10-12 02:28:23,31700.0,800.0,65600.0
313,2021-10-12 02:28:23,31700.0,600.0,64800.0
314,2021-10-12 02:28:23,31700.0,1200.0,64200.0
315,2021-10-12 02:28:23,31700.0,200.0,63000.0
316,2021-10-12 02:27:50,31700.0,100.0,62800.0
317,2021-10-12 02:26:56,31700.0,1000.0,62700.0
318,2021-10-12 02:24:02,31700.0,100.0,61700.0
319,2021-10-12 02:24:02,31700.0,1200.0,61600.0
320,2021-10-12 02:24:02,31700.0,500.0,60400.0
321,2021-10-12 02:22:45,31700.0,700.0,59900.0
322,2021-10-12 02:22:44,31700.0,800.0,59200.0
323,2021-10-12 02:22:44,31700.0,400.0,58400.0
324,2021-10-12 02:22:44,31700.0,1100.0,58000.0
325,2021-10-12 02:22:44,31700.0,100.0,56900.0
326,2021-10-12 02:22:44,31700.0,1200.0,56800.0
327,2021-10-12 02:22:43,31700.0,200.0,55600.0
328,2021-10-12 02:22:43,31700.0,1000.0,55400.0
329,2021-10-12 02:22:43,31700.0,500.0,54400.0
330,2021-10-12 02:22:43,31700.0,700.0,53900.0
331,2021-10-12 02:22:43,31700.0,800.0,53200.0
332,2021-10-12 02:22:43,31700.0,400.0,52400.0
333,2021-10-12 02:22:43,31700.0,1100.0,52000.0
334,2021-10-12 02:22:43,31700.0,100.0,50900.0
335,2021-10-12 02:22:43,31700.0,1200.0,50800.0
336,2021-10-12 02:22:42,31700.0,200.0,49600.0
337,2021-10-12 02:22:42,31700.0,1000.0,49400.0
338,2021-10-12 02:22:42,31700.0,500.0,48400.0
339,2021-10-12 02:22:42,31700.0,700.0,47900.0
340,2021-10-12 02:22:42,31700.0,800.0,47200.0
341,2021-10-12 02:22:42,31700.0,400.0,46400.0
342,2021-10-12 02:22:41,31700.0,1100.0,46000.0
343,2021-10-12 02:22:41,31700.0,100.0,44900.0
344,2021-10-12 02:22:41,31700.0,1200.0,44800.0
345,2021-10-12 02:22:41,31700.0,200.0,43600.0
346,2021-10-12 02:22:41,31700.0,1000.0,43400.0
347,2021-10-12 02:22:41,31700.0,500.0,42400.0
348,2021-10-12 02:22:41,31700.0,700.0,41900.0
349,2021-10-12 02:22:41,31700.0,800.0,41200.0
350,2021-10-12 02:22:41,31700.0,400.0,40400.0
351,2021-10-12 02:22:40,31700.0,1100.0,40000.0
352,2021-10-12 02:22:40,31700.0,100.0,38900.0
353,2021-10-12 02:22:40,31700.0,1200.0,38800.0
354,2021-10-12 02:22:40,31700.0,200.0,37600.0
355,2021-10-12 02:22:40,31700.0,1000.0,37400.0
356,2021-10-12 02:22:39,31700.0,500.0,36400.0
357,2021-10-12 02:22:39,31700.0,700.0,35900.0
358,2021-10-12 02:22:39,31700.0,800.0,35200.0
359,2021-10-12 02:22:39,31700.0,400.0,34400.0
360,2021-10-12 02:22:39,31700.0,1100.0,34000.0
361,2021-10-12 02:22:39,31700.0,100.0,32900.0
362,2021-10-12 02:21:39,31700.0,500.0,32800.0
363,2021-10-12 02:21:38,31700.0,900.0,32300.0
364,2021-10-12 02:21:38,31700.0,600.0,31400.0
365,2021-10-12 02:21:38,31700.0,1300.0,30800.0
366,2021-10-12 02:21:38,31700.0,200.0,29500.0
367,2021-10-12 02:21:38,31700.0,1300.0,29300.0
368,2021-10-12 02:21:38,31700.0,200.0,28000.0
369,2021-10-12 02:21:38,31700.0,1500.0,27800.0
370,2021-10-12 02:21:38,31700.0,300.0,26300.0
371,2021-10-12 02:21:38,31700.0,1200.0,26000.0
372,2021-10-12 02:21:37,31700.0,300.0,24800.0
373,2021-10-12 02:21:37,31700.0,1200.0,24500.0
374,2021-10-12 02:21:37,31700.0,300.0,23300.0
375,2021-10-12 02:21:37,31700.0,1200.0,23000.0
376,2021-10-12 02:21:37,31700.0,800.0,21800.0
377,2021-10-12 02:21:37,31700.0,700.0,21000.0
378,2021-10-12 02:21:37,31700.0,800.0,20300.0
379,2021-10-12 02:21:37,31700.0,700.0,19500.0
380,2021-10-12 02:21:36,31700.0,1400.0,18800.0
381,2021-10-12 02:21:36,31700.0,100.0,17400.0
382,2021-10-12 02:21:36,31700.0,1500.0,17300.0
383,2021-10-12 02:21:36,31700.0,1500.0,15800.0
384,2021-10-12 02:21:36,31700.0,1500.0,14300.0
385,2021-10-12 02:21:14,31600.0,400.0,12800.0
386,2021-10-12 02:21:14,31600.0,1000.0,12400.0
387,2021-10-12 02:20:27,31600.0,2600.0,11400.0
388,2021-10-12 02:20:27,31600.0,1000.0,8800.0
389,2021-10-12 02:16:41,31800.0,500.0,7800.0
390,2021-10-12 02:16:27,31600.0,1000.0,7300.0
391,2021-10-12 02:16:27,31600.0,1000.0,6300.0
392,2021-10-12 02:16:08,31500.0,300.0,5300.0
393,2021-10-12 02:16:08,31500.0,1000.0,5000.0
394,2021-10-12 02:16:08,31500.0,700.0,4000.0
395,2021-10-12 02:16:00,31500.0,300.0,3300.0
396,2021-10-12 02:15:00,31400.0,1000.0,3000.0
397,2021-10-12 02:15:00,31400.0,1000.0,2000.0
398,2021-10-12 02:15:00,31400.0,1000.0,1000.0
