,Time,Price,Volume_per_trade,Volume
0,2021-10-14 14:45:02,9900.0,52600.0,2542323.0
1,2021-10-14 14:29:58,10000.0,800.0,2489723.0
2,2021-10-14 14:29:24,10000.0,2000.0,2488923.0
3,2021-10-14 14:27:38,10000.0,1500.0,2486923.0
4,2021-10-14 14:27:34,9900.0,10400.0,2485423.0
5,2021-10-14 14:27:08,9900.0,10000.0,2475023.0
6,2021-10-14 14:27:02,10000.0,100.0,2465023.0
7,2021-10-14 14:26:39,9900.0,5000.0,2464923.0
8,2021-10-14 14:26:23,9900.0,2200.0,2459923.0
9,2021-10-14 14:26:22,9900.0,100.0,2457723.0
10,2021-10-14 14:26:09,9900.0,1500.0,2457623.0
11,2021-10-14 14:25:44,9900.0,3000.0,2456123.0
12,2021-10-14 14:25:42,9900.0,2800.0,2453123.0
13,2021-10-14 14:25:38,9900.0,5000.0,2450323.0
14,2021-10-14 14:25:15,9900.0,900.0,2445323.0
15,2021-10-14 14:25:12,9900.0,1400.0,2444423.0
16,2021-10-14 14:25:05,9900.0,1000.0,2443023.0
17,2021-10-14 14:24:22,9900.0,1000.0,2442023.0
18,2021-10-14 14:24:07,10000.0,500.0,2441023.0
19,2021-10-14 14:23:49,10000.0,1000.0,2440523.0
20,2021-10-14 14:23:47,10000.0,800.0,2439523.0
21,2021-10-14 14:22:37,10000.0,1000.0,2438723.0
22,2021-10-14 14:22:35,9900.0,2000.0,2437723.0
23,2021-10-14 14:22:17,10000.0,100.0,2435723.0
24,2021-10-14 14:22:16,10000.0,500.0,2435623.0
25,2021-10-14 14:20:40,9900.0,1600.0,2435123.0
26,2021-10-14 14:18:12,9900.0,4000.0,2433523.0
27,2021-10-14 14:17:49,10000.0,100.0,2429523.0
28,2021-10-14 14:17:33,9900.0,1000.0,2429423.0
29,2021-10-14 14:17:12,9900.0,28200.0,2428423.0
30,2021-10-14 14:16:49,10000.0,12300.0,2400223.0
31,2021-10-14 14:16:40,10000.0,54.0,2387923.0
32,2021-10-14 14:16:34,10000.0,1000.0,2387869.0
33,2021-10-14 14:15:53,10000.0,500.0,2386869.0
34,2021-10-14 14:15:51,9900.0,20000.0,2386369.0
35,2021-10-14 14:15:30,9900.0,1000.0,2366369.0
36,2021-10-14 14:14:21,9900.0,400.0,2365369.0
37,2021-10-14 14:14:06,9900.0,1500.0,2364969.0
38,2021-10-14 14:13:54,9900.0,1000.0,2363469.0
39,2021-10-14 14:13:36,9900.0,1000.0,2362469.0
40,2021-10-14 14:12:44,9900.0,3000.0,2361469.0
41,2021-10-14 14:12:25,10000.0,1700.0,2358469.0
42,2021-10-14 14:12:13,10000.0,2800.0,2356769.0
43,2021-10-14 14:11:10,10000.0,20000.0,2353969.0
44,2021-10-14 14:11:00,9900.0,6800.0,2333969.0
45,2021-10-14 14:10:38,9900.0,500.0,2327169.0
46,2021-10-14 14:10:15,10000.0,300.0,2326669.0
47,2021-10-14 14:10:09,10000.0,2100.0,2326369.0
48,2021-10-14 14:10:02,9900.0,200.0,2324269.0
49,2021-10-14 14:09:17,9900.0,600.0,2324069.0
50,2021-10-14 14:08:49,9900.0,52.0,2323469.0
51,2021-10-14 14:06:16,9900.0,5000.0,2323417.0
52,2021-10-14 14:05:34,9900.0,1700.0,2318417.0
53,2021-10-14 14:04:41,10000.0,1500.0,2316717.0
54,2021-10-14 14:04:15,10000.0,500.0,2315217.0
55,2021-10-14 14:03:54,10000.0,1000.0,2314717.0
56,2021-10-14 14:03:53,10000.0,3000.0,2313717.0
57,2021-10-14 14:02:54,10000.0,1000.0,2310717.0
58,2021-10-14 14:02:40,10000.0,1300.0,2309717.0
59,2021-10-14 14:02:05,10000.0,100.0,2308417.0
60,2021-10-14 14:02:04,10000.0,500.0,2308317.0
61,2021-10-14 14:01:34,10000.0,4000.0,2307817.0
62,2021-10-14 14:00:03,10000.0,500.0,2303817.0
63,2021-10-14 13:59:59,10000.0,100.0,2303317.0
64,2021-10-14 13:59:53,10000.0,5000.0,2303217.0
65,2021-10-14 13:59:33,10000.0,1800.0,2298217.0
66,2021-10-14 13:58:22,9900.0,500.0,2296417.0
67,2021-10-14 13:57:01,9900.0,500.0,2295917.0
68,2021-10-14 13:56:26,9900.0,1000.0,2295417.0
69,2021-10-14 13:56:01,9900.0,700.0,2294417.0
70,2021-10-14 13:54:29,9900.0,30000.0,2293717.0
71,2021-10-14 13:53:50,10000.0,500.0,2263717.0
72,2021-10-14 13:53:38,10000.0,13000.0,2263217.0
73,2021-10-14 13:52:51,10000.0,1000.0,2250217.0
74,2021-10-14 13:52:37,9900.0,100.0,2249217.0
75,2021-10-14 13:51:26,10000.0,1000.0,2249117.0
76,2021-10-14 13:51:19,10000.0,200.0,2248117.0
77,2021-10-14 13:51:01,10000.0,19900.0,2247917.0
78,2021-10-14 13:50:07,10000.0,1500.0,2228017.0
79,2021-10-14 13:49:40,10000.0,2900.0,2226517.0
80,2021-10-14 13:49:19,9900.0,200.0,2223617.0
81,2021-10-14 13:49:01,10000.0,15000.0,2223417.0
82,2021-10-14 13:42:37,9900.0,1000.0,2208417.0
83,2021-10-14 13:42:03,9900.0,1200.0,2207417.0
84,2021-10-14 13:41:16,9900.0,100.0,2206217.0
85,2021-10-14 13:41:15,10000.0,400.0,2206117.0
86,2021-10-14 13:41:14,9900.0,10000.0,2205717.0
87,2021-10-14 13:40:58,10000.0,300.0,2195717.0
88,2021-10-14 13:40:52,10000.0,300.0,2195417.0
89,2021-10-14 13:40:19,10000.0,1000.0,2195117.0
90,2021-10-14 13:39:09,10000.0,2000.0,2194117.0
91,2021-10-14 13:38:43,10000.0,20000.0,2192117.0
92,2021-10-14 13:36:38,10000.0,300.0,2172117.0
93,2021-10-14 13:35:27,10000.0,2100.0,2171817.0
94,2021-10-14 13:33:50,10000.0,100.0,2169717.0
95,2021-10-14 13:33:46,10000.0,100.0,2169617.0
96,2021-10-14 13:33:01,10000.0,500.0,2169517.0
97,2021-10-14 13:31:20,10000.0,1500.0,2169017.0
98,2021-10-14 13:31:12,10000.0,100.0,2167517.0
99,2021-10-14 13:29:36,10000.0,6000.0,2167417.0
100,2021-10-14 13:28:17,10000.0,1500.0,2161417.0
101,2021-10-14 13:28:11,10000.0,5000.0,2159917.0
102,2021-10-14 13:27:50,10000.0,4900.0,2154917.0
103,2021-10-14 13:27:20,10000.0,1400.0,2150017.0
104,2021-10-14 13:27:19,10000.0,7600.0,2148617.0
105,2021-10-14 13:26:54,10000.0,3000.0,2141017.0
106,2021-10-14 13:26:52,10000.0,900.0,2138017.0
107,2021-10-14 13:26:34,10000.0,2000.0,2137117.0
108,2021-10-14 13:26:30,10000.0,1700.0,2135117.0
109,2021-10-14 13:26:29,10000.0,3500.0,2133417.0
110,2021-10-14 13:26:11,10000.0,3400.0,2129917.0
111,2021-10-14 13:26:03,10000.0,5600.0,2126517.0
112,2021-10-14 13:25:57,10000.0,10000.0,2120917.0
113,2021-10-14 13:25:54,10000.0,5900.0,2110917.0
114,2021-10-14 13:25:52,10000.0,200.0,2105017.0
115,2021-10-14 13:25:50,10000.0,500.0,2104817.0
116,2021-10-14 13:25:44,10000.0,10000.0,2104317.0
117,2021-10-14 13:25:43,10000.0,10000.0,2094317.0
118,2021-10-14 13:25:42,10000.0,5000.0,2084317.0
119,2021-10-14 13:25:29,10000.0,8000.0,2079317.0
120,2021-10-14 13:25:28,10000.0,10000.0,2071317.0
121,2021-10-14 13:25:27,10000.0,500.0,2061317.0
122,2021-10-14 13:25:22,10000.0,25000.0,2060817.0
123,2021-10-14 13:24:57,10000.0,1000.0,2035817.0
124,2021-10-14 13:24:49,10000.0,600.0,2034817.0
125,2021-10-14 13:24:40,10000.0,50000.0,2034217.0
126,2021-10-14 13:24:24,10000.0,12000.0,1984217.0
127,2021-10-14 13:24:08,10000.0,400.0,1972217.0
128,2021-10-14 13:23:35,10000.0,100.0,1971817.0
129,2021-10-14 13:23:22,10000.0,1000.0,1971717.0
130,2021-10-14 13:23:17,9900.0,10000.0,1970717.0
131,2021-10-14 13:23:03,10000.0,50000.0,1960717.0
132,2021-10-14 13:22:32,10000.0,5000.0,1910717.0
133,2021-10-14 13:22:02,10000.0,500.0,1905717.0
134,2021-10-14 13:21:48,9900.0,2000.0,1905217.0
135,2021-10-14 13:21:09,10000.0,100000.0,1903217.0
136,2021-10-14 13:21:00,10000.0,3400.0,1803217.0
137,2021-10-14 13:20:19,10000.0,100000.0,1799817.0
138,2021-10-14 13:19:47,9900.0,100.0,1699817.0
139,2021-10-14 13:18:52,9900.0,10000.0,1699717.0
140,2021-10-14 13:18:45,9900.0,700.0,1689717.0
141,2021-10-14 13:18:25,9900.0,100.0,1689017.0
142,2021-10-14 13:18:22,9900.0,200.0,1688917.0
143,2021-10-14 13:18:17,9900.0,300.0,1688717.0
144,2021-10-14 13:17:29,9900.0,1500.0,1688417.0
145,2021-10-14 13:17:16,9900.0,600.0,1686917.0
146,2021-10-14 13:16:31,9900.0,1000.0,1686317.0
147,2021-10-14 13:15:49,9900.0,2000.0,1685317.0
148,2021-10-14 13:15:36,9900.0,50000.0,1683317.0
149,2021-10-14 13:15:32,9900.0,10000.0,1633317.0
150,2021-10-14 13:12:44,10000.0,1000.0,1623317.0
151,2021-10-14 13:11:42,10000.0,3600.0,1622317.0
152,2021-10-14 13:11:22,10000.0,100.0,1618717.0
153,2021-10-14 13:10:42,10000.0,5000.0,1618617.0
154,2021-10-14 13:10:30,10000.0,200.0,1613617.0
155,2021-10-14 13:10:26,10000.0,500.0,1613417.0
156,2021-10-14 13:10:25,9900.0,1000.0,1612917.0
157,2021-10-14 13:10:18,10000.0,1000.0,1611917.0
158,2021-10-14 13:10:12,10000.0,5000.0,1610917.0
159,2021-10-14 13:09:29,10000.0,20000.0,1605917.0
160,2021-10-14 13:07:20,10000.0,3000.0,1585917.0
161,2021-10-14 13:06:28,10000.0,2000.0,1582917.0
162,2021-10-14 13:06:01,10000.0,100.0,1580917.0
163,2021-10-14 13:05:06,10000.0,1000.0,1580817.0
164,2021-10-14 13:04:41,10000.0,500.0,1579817.0
165,2021-10-14 13:04:39,10000.0,5000.0,1579317.0
166,2021-10-14 13:03:44,10000.0,1000.0,1574317.0
167,2021-10-14 13:02:26,9900.0,800.0,1573317.0
168,2021-10-14 13:02:25,9900.0,10000.0,1572517.0
169,2021-10-14 13:02:22,9900.0,50000.0,1562517.0
170,2021-10-14 13:02:14,9900.0,10000.0,1512517.0
171,2021-10-14 13:00:10,9900.0,24000.0,1502517.0
172,2021-10-14 13:00:06,9900.0,200.0,1478517.0
173,2021-10-14 13:00:03,9900.0,100.0,1478317.0
174,2021-10-14 13:00:02,10000.0,1600.0,1478217.0
175,2021-10-14 11:29:32,9900.0,500.0,1476617.0
176,2021-10-14 11:27:40,9900.0,3000.0,1476117.0
177,2021-10-14 11:26:23,9900.0,1000.0,1473117.0
178,2021-10-14 11:26:00,9900.0,400.0,1472117.0
179,2021-10-14 11:24:11,9900.0,700.0,1471717.0
180,2021-10-14 11:22:58,9900.0,2000.0,1471017.0
181,2021-10-14 11:21:35,9900.0,1000.0,1469017.0
182,2021-10-14 11:20:02,9900.0,1800.0,1468017.0
183,2021-10-14 11:19:57,9900.0,300.0,1466217.0
184,2021-10-14 11:19:54,9900.0,7300.0,1465917.0
185,2021-10-14 11:19:51,9900.0,200.0,1458617.0
186,2021-10-14 11:19:43,9900.0,1000.0,1458417.0
187,2021-10-14 11:19:41,9900.0,500.0,1457417.0
188,2021-10-14 11:19:09,9900.0,8000.0,1456917.0
189,2021-10-14 11:19:05,9900.0,10000.0,1448917.0
190,2021-10-14 11:19:00,9900.0,100.0,1438917.0
191,2021-10-14 11:18:57,9900.0,400.0,1438817.0
192,2021-10-14 11:18:54,9900.0,5000.0,1438417.0
193,2021-10-14 11:18:41,9900.0,5000.0,1433417.0
194,2021-10-14 11:18:28,9900.0,20000.0,1428417.0
195,2021-10-14 11:17:53,9900.0,100.0,1408417.0
196,2021-10-14 11:17:50,9900.0,300.0,1408317.0
197,2021-10-14 11:17:48,9900.0,1000.0,1408017.0
198,2021-10-14 11:17:24,9900.0,60900.0,1407017.0
199,2021-10-14 11:16:39,10000.0,2000.0,1346117.0
200,2021-10-14 11:15:40,10000.0,500.0,1344117.0
201,2021-10-14 11:14:57,10000.0,100.0,1343617.0
202,2021-10-14 11:14:06,10000.0,4000.0,1343517.0
203,2021-10-14 11:13:40,10000.0,100.0,1339517.0
204,2021-10-14 11:13:06,10000.0,100.0,1339417.0
205,2021-10-14 11:12:26,9900.0,100.0,1339317.0
206,2021-10-14 11:10:08,9900.0,1000.0,1339217.0
207,2021-10-14 11:09:48,9900.0,2000.0,1338217.0
208,2021-10-14 11:09:39,9900.0,500.0,1336217.0
209,2021-10-14 11:07:59,9900.0,100.0,1335717.0
210,2021-10-14 11:07:00,9900.0,2000.0,1335617.0
211,2021-10-14 11:06:42,9900.0,500.0,1333617.0
212,2021-10-14 11:06:05,9900.0,4600.0,1333117.0
213,2021-10-14 11:05:23,9900.0,1000.0,1328517.0
214,2021-10-14 11:05:17,9900.0,1000.0,1327517.0
215,2021-10-14 11:05:13,9900.0,20000.0,1326517.0
216,2021-10-14 11:04:39,9800.0,17000.0,1306517.0
217,2021-10-14 11:03:18,9900.0,10000.0,1289517.0
218,2021-10-14 11:03:12,9900.0,100.0,1279517.0
219,2021-10-14 11:02:47,9900.0,400.0,1279417.0
220,2021-10-14 11:02:46,9900.0,100.0,1279017.0
221,2021-10-14 11:02:35,9900.0,200.0,1278917.0
222,2021-10-14 11:02:06,9900.0,4800.0,1278717.0
223,2021-10-14 11:01:11,9900.0,200.0,1273917.0
224,2021-10-14 11:01:09,9900.0,200.0,1273717.0
225,2021-10-14 11:00:56,9900.0,500.0,1273517.0
226,2021-10-14 11:00:20,9900.0,200.0,1273017.0
227,2021-10-14 10:58:38,9900.0,400.0,1272817.0
228,2021-10-14 10:58:12,9900.0,1900.0,1272417.0
229,2021-10-14 10:57:52,9900.0,5600.0,1270517.0
230,2021-10-14 10:57:51,9900.0,500.0,1264917.0
231,2021-10-14 10:56:23,9900.0,25000.0,1264417.0
232,2021-10-14 10:56:17,9900.0,315.0,1239417.0
233,2021-10-14 10:55:30,9900.0,200.0,1239102.0
234,2021-10-14 10:54:56,9900.0,21100.0,1238902.0
235,2021-10-14 10:54:43,9900.0,100.0,1217802.0
236,2021-10-14 10:54:34,9900.0,5000.0,1217702.0
237,2021-10-14 10:54:29,9900.0,5000.0,1212702.0
238,2021-10-14 10:54:20,9900.0,10000.0,1207702.0
239,2021-10-14 10:54:19,9900.0,2000.0,1197702.0
240,2021-10-14 10:53:58,9900.0,200.0,1195702.0
241,2021-10-14 10:53:17,9900.0,100.0,1195502.0
242,2021-10-14 10:53:03,9900.0,2000.0,1195402.0
243,2021-10-14 10:52:06,9900.0,1000.0,1193402.0
244,2021-10-14 10:52:04,9900.0,74800.0,1192402.0
245,2021-10-14 10:50:48,9900.0,100.0,1117602.0
246,2021-10-14 10:50:12,9900.0,1000.0,1117502.0
247,2021-10-14 10:49:41,9900.0,22.0,1116502.0
248,2021-10-14 10:47:59,9900.0,300.0,1116480.0
249,2021-10-14 10:47:10,9900.0,3700.0,1116180.0
250,2021-10-14 10:46:09,9900.0,1200.0,1112480.0
251,2021-10-14 10:45:40,9900.0,1000.0,1111280.0
252,2021-10-14 10:45:32,9900.0,3000.0,1110280.0
253,2021-10-14 10:44:48,9900.0,100.0,1107280.0
254,2021-10-14 10:44:46,9900.0,200.0,1107180.0
255,2021-10-14 10:44:38,9900.0,100.0,1106980.0
256,2021-10-14 10:43:51,9900.0,7400.0,1106880.0
257,2021-10-14 10:43:48,10000.0,14200.0,1099480.0
258,2021-10-14 10:43:28,9900.0,1000.0,1085280.0
259,2021-10-14 10:43:02,9900.0,30000.0,1084280.0
260,2021-10-14 10:41:40,9900.0,500.0,1054280.0
261,2021-10-14 10:41:33,9900.0,500.0,1053780.0
262,2021-10-14 10:41:19,9900.0,4300.0,1053280.0
263,2021-10-14 10:40:35,9900.0,8400.0,1048980.0
264,2021-10-14 10:40:25,9900.0,200.0,1040580.0
265,2021-10-14 10:39:36,9900.0,200.0,1040380.0
266,2021-10-14 10:38:27,9900.0,200.0,1040180.0
267,2021-10-14 10:38:09,9900.0,5700.0,1039980.0
268,2021-10-14 10:37:48,9900.0,3000.0,1034280.0
269,2021-10-14 10:37:30,9900.0,10000.0,1031280.0
270,2021-10-14 10:37:26,9900.0,100.0,1021280.0
271,2021-10-14 10:37:18,9900.0,12900.0,1021180.0
272,2021-10-14 10:37:15,9900.0,3000.0,1008280.0
273,2021-10-14 10:36:09,9900.0,1000.0,1005280.0
274,2021-10-14 10:35:48,9900.0,8000.0,1004280.0
275,2021-10-14 10:35:17,9900.0,100.0,996280.0
276,2021-10-14 10:35:10,9900.0,2000.0,996180.0
277,2021-10-14 10:34:59,9900.0,30000.0,994180.0
278,2021-10-14 10:34:51,9900.0,1000.0,964180.0
279,2021-10-14 10:34:12,9900.0,100.0,963180.0
280,2021-10-14 10:33:52,9900.0,2400.0,963080.0
281,2021-10-14 10:33:46,9900.0,200.0,960680.0
282,2021-10-14 10:33:01,9900.0,2600.0,960480.0
283,2021-10-14 10:31:40,9900.0,5100.0,957880.0
284,2021-10-14 10:31:32,9900.0,1300.0,952780.0
285,2021-10-14 10:31:19,9900.0,8000.0,951480.0
286,2021-10-14 10:30:47,9900.0,2400.0,943480.0
287,2021-10-14 10:30:07,9900.0,4800.0,941080.0
288,2021-10-14 10:30:06,9900.0,10100.0,936280.0
289,2021-10-14 10:29:56,9900.0,1000.0,926180.0
290,2021-10-14 10:29:23,9900.0,100.0,925180.0
291,2021-10-14 10:29:06,9900.0,30000.0,925080.0
292,2021-10-14 10:27:07,9900.0,3400.0,895080.0
293,2021-10-14 10:26:51,9900.0,200.0,891680.0
294,2021-10-14 10:26:26,9900.0,3000.0,891480.0
295,2021-10-14 10:23:16,9900.0,68.0,888480.0
296,2021-10-14 10:22:53,9900.0,1000.0,888412.0
297,2021-10-14 10:22:46,9900.0,21000.0,887412.0
298,2021-10-14 10:22:24,9900.0,300.0,866412.0
299,2021-10-14 10:22:10,9900.0,5100.0,866112.0
300,2021-10-14 10:21:34,9900.0,15800.0,861012.0
301,2021-10-14 10:20:47,9900.0,300.0,845212.0
302,2021-10-14 10:20:35,9900.0,700.0,844912.0
303,2021-10-14 10:20:33,9900.0,4300.0,844212.0
304,2021-10-14 10:20:17,9900.0,800.0,839912.0
305,2021-10-14 10:19:57,9900.0,5000.0,839112.0
306,2021-10-14 10:19:36,9900.0,300.0,834112.0
307,2021-10-14 10:18:31,9900.0,500.0,833812.0
308,2021-10-14 10:18:04,9900.0,100.0,833312.0
309,2021-10-14 10:18:01,9900.0,5000.0,833212.0
310,2021-10-14 10:17:53,9900.0,200.0,828212.0
311,2021-10-14 10:17:45,9900.0,300.0,828012.0
312,2021-10-14 10:17:14,9900.0,35.0,827712.0
313,2021-10-14 10:17:03,9900.0,500.0,827677.0
314,2021-10-14 10:16:30,9900.0,40.0,827177.0
315,2021-10-14 10:16:03,9900.0,1000.0,827137.0
316,2021-10-14 10:15:41,9900.0,1000.0,826137.0
317,2021-10-14 10:15:35,9900.0,2000.0,825137.0
318,2021-10-14 10:15:25,9900.0,500.0,823137.0
319,2021-10-14 10:14:32,9900.0,1900.0,822637.0
320,2021-10-14 10:14:19,9900.0,10000.0,820737.0
321,2021-10-14 10:14:01,9900.0,4400.0,810737.0
322,2021-10-14 10:13:15,9900.0,500.0,806337.0
323,2021-10-14 10:12:29,9900.0,3000.0,805837.0
324,2021-10-14 10:12:20,9900.0,200.0,802837.0
325,2021-10-14 10:11:35,9900.0,39000.0,802637.0
326,2021-10-14 10:11:29,9900.0,1500.0,763637.0
327,2021-10-14 10:11:13,9900.0,100.0,762137.0
328,2021-10-14 10:11:06,9900.0,100.0,762037.0
329,2021-10-14 10:10:51,9900.0,300.0,761937.0
330,2021-10-14 10:10:38,9900.0,500.0,761637.0
331,2021-10-14 10:10:37,9900.0,1000.0,761137.0
332,2021-10-14 10:10:05,9900.0,2000.0,760137.0
333,2021-10-14 10:09:57,9900.0,200.0,758137.0
334,2021-10-14 10:09:52,9900.0,3200.0,757937.0
335,2021-10-14 10:09:40,9900.0,2000.0,754737.0
336,2021-10-14 10:08:36,9900.0,600.0,752737.0
337,2021-10-14 10:07:51,9900.0,2000.0,752137.0
338,2021-10-14 10:07:38,9900.0,8000.0,750137.0
339,2021-10-14 10:07:29,9900.0,1000.0,742137.0
340,2021-10-14 10:07:28,9900.0,8400.0,741137.0
341,2021-10-14 10:07:03,9900.0,3000.0,732737.0
342,2021-10-14 10:06:55,9900.0,1000.0,729737.0
343,2021-10-14 10:06:45,9900.0,500.0,728737.0
344,2021-10-14 10:06:08,9900.0,800.0,728237.0
345,2021-10-14 10:05:59,9900.0,2000.0,727437.0
346,2021-10-14 10:05:54,9900.0,30000.0,725437.0
347,2021-10-14 10:04:44,9900.0,11000.0,695437.0
348,2021-10-14 10:04:25,9900.0,500.0,684437.0
349,2021-10-14 10:02:59,9900.0,5000.0,683937.0
350,2021-10-14 10:02:20,9900.0,4000.0,678937.0
351,2021-10-14 10:01:36,9900.0,21300.0,674937.0
352,2021-10-14 10:01:15,9900.0,5000.0,653637.0
353,2021-10-14 10:01:08,9900.0,1000.0,648637.0
354,2021-10-14 10:01:06,9900.0,1000.0,647637.0
355,2021-10-14 10:00:51,9900.0,1000.0,646637.0
356,2021-10-14 10:00:47,9900.0,500.0,645637.0
357,2021-10-14 10:00:37,9900.0,2000.0,645137.0
358,2021-10-14 10:00:36,9900.0,300.0,643137.0
359,2021-10-14 10:00:24,9900.0,200.0,642837.0
360,2021-10-14 10:00:10,9900.0,10000.0,642637.0
361,2021-10-14 10:00:07,9900.0,5000.0,632637.0
362,2021-10-14 09:59:38,9900.0,5000.0,627637.0
363,2021-10-14 09:59:10,9900.0,2000.0,622637.0
364,2021-10-14 09:58:58,9900.0,200.0,620637.0
365,2021-10-14 09:58:43,9900.0,14400.0,620437.0
366,2021-10-14 09:57:00,9900.0,300.0,606037.0
367,2021-10-14 09:56:10,9900.0,14000.0,605737.0
368,2021-10-14 09:55:51,9900.0,600.0,591737.0
369,2021-10-14 09:55:30,9900.0,6800.0,591137.0
370,2021-10-14 09:55:02,9900.0,1000.0,584337.0
371,2021-10-14 09:54:59,9900.0,4000.0,583337.0
372,2021-10-14 09:54:31,9900.0,1100.0,579337.0
373,2021-10-14 09:54:28,9900.0,20000.0,578237.0
374,2021-10-14 09:53:59,9900.0,100.0,558237.0
375,2021-10-14 09:53:42,9900.0,500.0,558137.0
376,2021-10-14 09:53:18,9900.0,11300.0,557637.0
377,2021-10-14 09:52:54,9900.0,1000.0,546337.0
378,2021-10-14 09:52:27,9900.0,1000.0,545337.0
379,2021-10-14 09:52:15,9900.0,600.0,544337.0
380,2021-10-14 09:52:07,9900.0,500.0,543737.0
381,2021-10-14 09:51:58,9900.0,100.0,543237.0
382,2021-10-14 09:51:19,9900.0,5500.0,543137.0
383,2021-10-14 09:50:46,9900.0,2800.0,537637.0
384,2021-10-14 09:50:40,9900.0,400.0,534837.0
385,2021-10-14 09:50:34,9900.0,500.0,534437.0
386,2021-10-14 09:50:31,9900.0,500.0,533937.0
387,2021-10-14 09:50:29,9900.0,400.0,533437.0
388,2021-10-14 09:50:20,9900.0,5000.0,533037.0
389,2021-10-14 09:50:18,9900.0,500.0,528037.0
390,2021-10-14 09:50:16,9900.0,2800.0,527537.0
391,2021-10-14 09:50:13,9900.0,900.0,524737.0
392,2021-10-14 09:50:10,9900.0,700.0,523837.0
393,2021-10-14 09:50:07,9900.0,3000.0,523137.0
394,2021-10-14 09:50:05,9900.0,10100.0,520137.0
395,2021-10-14 09:49:40,9900.0,15700.0,510037.0
396,2021-10-14 09:49:35,9900.0,400.0,494337.0
397,2021-10-14 09:49:30,9900.0,500.0,493937.0
398,2021-10-14 09:49:29,9900.0,25000.0,493437.0
399,2021-10-14 09:49:13,9900.0,1000.0,468437.0
400,2021-10-14 09:49:00,9900.0,500.0,467437.0
401,2021-10-14 09:48:57,9900.0,10000.0,466937.0
402,2021-10-14 09:48:56,9900.0,10000.0,456937.0
403,2021-10-14 09:48:30,9900.0,500.0,446937.0
404,2021-10-14 09:48:20,9900.0,500.0,446437.0
405,2021-10-14 09:48:04,9900.0,3500.0,445937.0
406,2021-10-14 09:47:55,9900.0,1000.0,442437.0
407,2021-10-14 09:47:12,9900.0,8000.0,441437.0
408,2021-10-14 09:46:53,9800.0,8000.0,433437.0
409,2021-10-14 09:46:40,9900.0,12500.0,425437.0
410,2021-10-14 09:46:07,9900.0,1000.0,412937.0
411,2021-10-14 09:46:01,9900.0,500.0,411937.0
412,2021-10-14 09:46:00,9900.0,300.0,411437.0
413,2021-10-14 09:45:42,9900.0,100.0,411137.0
414,2021-10-14 09:43:39,9800.0,1200.0,411037.0
415,2021-10-14 09:43:35,9900.0,37.0,409837.0
416,2021-10-14 09:43:16,9900.0,500.0,409800.0
417,2021-10-14 09:42:48,9900.0,500.0,409300.0
418,2021-10-14 09:42:03,9900.0,10000.0,408800.0
419,2021-10-14 09:40:58,9900.0,100.0,398800.0
420,2021-10-14 09:40:39,9800.0,30000.0,398700.0
421,2021-10-14 09:38:48,9800.0,20000.0,368700.0
422,2021-10-14 09:38:40,9900.0,1000.0,348700.0
423,2021-10-14 09:38:37,9800.0,4000.0,347700.0
424,2021-10-14 09:38:05,9900.0,3000.0,343700.0
425,2021-10-14 09:37:55,9900.0,600.0,340700.0
426,2021-10-14 09:37:48,9900.0,1200.0,340100.0
427,2021-10-14 09:37:47,9900.0,300.0,338900.0
428,2021-10-14 09:37:11,9900.0,3000.0,338600.0
429,2021-10-14 09:37:04,9900.0,29400.0,335600.0
430,2021-10-14 09:35:49,9900.0,1000.0,306200.0
431,2021-10-14 09:35:13,9900.0,500.0,305200.0
432,2021-10-14 09:34:51,9900.0,300.0,304700.0
433,2021-10-14 09:34:42,9900.0,5000.0,304400.0
434,2021-10-14 09:34:29,9900.0,400.0,299400.0
435,2021-10-14 09:34:22,9900.0,5000.0,299000.0
436,2021-10-14 09:34:09,9900.0,100.0,294000.0
437,2021-10-14 09:34:05,9800.0,10000.0,293900.0
438,2021-10-14 09:31:33,9900.0,200.0,283900.0
439,2021-10-14 09:31:22,9900.0,3900.0,283700.0
440,2021-10-14 09:30:09,9900.0,10000.0,279800.0
441,2021-10-14 09:29:15,9900.0,3000.0,269800.0
442,2021-10-14 09:28:43,9900.0,2200.0,266800.0
443,2021-10-14 09:28:33,9900.0,1000.0,264600.0
444,2021-10-14 09:28:30,9900.0,5000.0,263600.0
445,2021-10-14 09:27:54,9900.0,10000.0,258600.0
446,2021-10-14 09:27:42,9900.0,3000.0,248600.0
447,2021-10-14 09:27:09,9900.0,10000.0,245600.0
448,2021-10-14 09:26:44,9900.0,2600.0,235600.0
449,2021-10-14 09:26:42,10000.0,100.0,233000.0
450,2021-10-14 09:25:50,9900.0,10000.0,232900.0
451,2021-10-14 09:25:32,9900.0,1000.0,222900.0
452,2021-10-14 09:25:06,9900.0,200.0,221900.0
453,2021-10-14 09:24:59,9900.0,2000.0,221700.0
454,2021-10-14 09:24:40,9900.0,100.0,219700.0
455,2021-10-14 09:24:20,9900.0,200.0,219600.0
456,2021-10-14 09:23:49,9900.0,1000.0,219400.0
457,2021-10-14 09:23:48,9900.0,3000.0,218400.0
458,2021-10-14 09:23:33,9900.0,4000.0,215400.0
459,2021-10-14 09:23:30,9900.0,100.0,211400.0
460,2021-10-14 09:23:22,9900.0,10000.0,211300.0
461,2021-10-14 09:23:18,9900.0,200.0,201300.0
462,2021-10-14 09:22:59,9900.0,49000.0,201100.0
463,2021-10-14 09:22:51,9900.0,5000.0,152100.0
464,2021-10-14 09:22:42,9800.0,8000.0,147100.0
465,2021-10-14 09:21:42,9900.0,1400.0,139100.0
466,2021-10-14 09:21:25,9800.0,1000.0,137700.0
467,2021-10-14 09:21:17,9900.0,1000.0,136700.0
468,2021-10-14 09:21:07,9900.0,200.0,135700.0
469,2021-10-14 09:21:02,9900.0,2000.0,135500.0
470,2021-10-14 09:20:57,9800.0,5000.0,133500.0
471,2021-10-14 09:20:56,9900.0,100.0,128500.0
472,2021-10-14 09:20:50,9900.0,4000.0,128400.0
473,2021-10-14 09:20:07,9900.0,5000.0,124400.0
474,2021-10-14 09:20:02,9900.0,20200.0,119400.0
475,2021-10-14 09:19:55,9900.0,2000.0,99200.0
476,2021-10-14 09:19:52,9900.0,1700.0,97200.0
477,2021-10-14 09:19:14,9900.0,2000.0,95500.0
478,2021-10-14 09:18:53,9900.0,1000.0,93500.0
479,2021-10-14 09:18:28,9800.0,1000.0,92500.0
480,2021-10-14 09:17:28,9800.0,6000.0,91500.0
481,2021-10-14 09:16:29,9800.0,2900.0,85500.0
482,2021-10-14 09:16:11,9900.0,3000.0,82600.0
483,2021-10-14 09:15:58,9800.0,7000.0,79600.0
484,2021-10-14 09:15:11,9800.0,8000.0,72600.0
485,2021-10-14 09:12:52,9900.0,9000.0,64600.0
486,2021-10-14 09:12:30,9800.0,400.0,55600.0
487,2021-10-14 09:12:16,9800.0,1100.0,55200.0
488,2021-10-14 09:11:38,9900.0,200.0,54100.0
489,2021-10-14 09:10:46,9900.0,2000.0,53900.0
490,2021-10-14 09:09:18,9900.0,100.0,51900.0
491,2021-10-14 09:08:55,9900.0,2000.0,51800.0
492,2021-10-14 09:08:15,9900.0,700.0,49800.0
493,2021-10-14 09:07:59,9900.0,12300.0,49100.0
494,2021-10-14 09:07:31,9900.0,100.0,36800.0
495,2021-10-14 09:06:45,9900.0,300.0,36700.0
496,2021-10-14 09:05:44,9900.0,2800.0,36400.0
497,2021-10-14 09:04:40,9900.0,5000.0,33600.0
498,2021-10-14 09:04:28,9900.0,5000.0,28600.0
499,2021-10-14 09:04:05,9800.0,300.0,23600.0
500,2021-10-14 09:04:03,9900.0,200.0,23300.0
501,2021-10-14 09:03:50,9900.0,10000.0,23100.0
502,2021-10-14 09:02:31,9900.0,13000.0,13100.0
503,2021-10-14 09:01:52,9900.0,100.0,100.0
