,Time,Price,Volume_per_trade,Volume
0,2021-10-06 14:45:02,9800.0,120600.0,2055044.0
1,2021-10-06 14:29:54,9800.0,100.0,1934444.0
2,2021-10-06 14:29:46,9800.0,3000.0,1934344.0
3,2021-10-06 14:29:19,9800.0,500.0,1931344.0
4,2021-10-06 14:27:30,9900.0,600.0,1930844.0
5,2021-10-06 14:27:29,9800.0,400.0,1930244.0
6,2021-10-06 14:27:27,9800.0,100.0,1929844.0
7,2021-10-06 14:27:18,9800.0,2600.0,1929744.0
8,2021-10-06 14:27:08,9800.0,10000.0,1927144.0
9,2021-10-06 14:25:59,9800.0,1800.0,1917144.0
10,2021-10-06 14:25:54,9800.0,500.0,1915344.0
11,2021-10-06 14:25:53,9800.0,100.0,1914844.0
12,2021-10-06 14:25:51,9800.0,12600.0,1914744.0
13,2021-10-06 14:25:41,9800.0,3000.0,1902144.0
14,2021-10-06 14:25:18,9800.0,10700.0,1899144.0
15,2021-10-06 14:25:15,9800.0,1000.0,1888444.0
16,2021-10-06 14:25:03,9800.0,80000.0,1887444.0
17,2021-10-06 14:24:34,9900.0,5000.0,1807444.0
18,2021-10-06 14:24:24,9900.0,400.0,1802444.0
19,2021-10-06 14:23:23,9900.0,2000.0,1802044.0
20,2021-10-06 14:22:30,9900.0,200.0,1800044.0
21,2021-10-06 14:21:42,9900.0,100.0,1799844.0
22,2021-10-06 14:21:31,9900.0,400.0,1799744.0
23,2021-10-06 14:21:09,9900.0,2000.0,1799344.0
24,2021-10-06 14:20:59,9800.0,4400.0,1797344.0
25,2021-10-06 14:20:48,9900.0,2000.0,1792944.0
26,2021-10-06 14:20:35,9800.0,3200.0,1790944.0
27,2021-10-06 14:20:30,9800.0,3200.0,1787744.0
28,2021-10-06 14:18:06,9800.0,1500.0,1784544.0
29,2021-10-06 14:14:58,9800.0,8000.0,1783044.0
30,2021-10-06 14:14:50,9800.0,100.0,1775044.0
31,2021-10-06 14:14:40,9900.0,300.0,1774944.0
32,2021-10-06 14:13:52,9800.0,300.0,1774644.0
33,2021-10-06 14:13:33,9800.0,500.0,1774344.0
34,2021-10-06 14:13:30,9800.0,10000.0,1773844.0
35,2021-10-06 14:13:00,9800.0,500.0,1763844.0
36,2021-10-06 14:12:00,9800.0,500.0,1763344.0
37,2021-10-06 14:10:43,9800.0,300.0,1762844.0
38,2021-10-06 14:09:41,9800.0,3000.0,1762544.0
39,2021-10-06 14:08:40,9800.0,12300.0,1759544.0
40,2021-10-06 14:07:28,9900.0,1500.0,1747244.0
41,2021-10-06 14:07:24,9900.0,200.0,1745744.0
42,2021-10-06 14:07:12,9800.0,2000.0,1745544.0
43,2021-10-06 14:06:41,9800.0,500.0,1743544.0
44,2021-10-06 14:06:31,9900.0,2400.0,1743044.0
45,2021-10-06 14:06:12,9800.0,1000.0,1740644.0
46,2021-10-06 14:04:29,9800.0,5000.0,1739644.0
47,2021-10-06 14:03:38,9900.0,200.0,1734644.0
48,2021-10-06 14:03:11,9800.0,5000.0,1734444.0
49,2021-10-06 14:02:29,9800.0,100.0,1729444.0
50,2021-10-06 14:02:26,9800.0,5000.0,1729344.0
51,2021-10-06 14:01:41,9800.0,7700.0,1724344.0
52,2021-10-06 14:01:22,9900.0,1500.0,1716644.0
53,2021-10-06 14:00:37,9900.0,2000.0,1715144.0
54,2021-10-06 14:00:22,9900.0,3500.0,1713144.0
55,2021-10-06 13:59:43,9900.0,10.0,1709644.0
56,2021-10-06 13:59:15,9900.0,100.0,1709634.0
57,2021-10-06 13:58:00,9900.0,45.0,1709534.0
58,2021-10-06 13:57:56,9900.0,1400.0,1709489.0
59,2021-10-06 13:55:02,9900.0,100.0,1708089.0
60,2021-10-06 13:54:53,9800.0,5000.0,1707989.0
61,2021-10-06 13:54:44,9800.0,100.0,1702989.0
62,2021-10-06 13:54:42,9800.0,800.0,1702889.0
63,2021-10-06 13:53:26,9800.0,1000.0,1702089.0
64,2021-10-06 13:52:36,9800.0,5100.0,1701089.0
65,2021-10-06 13:52:35,9800.0,500.0,1695989.0
66,2021-10-06 13:52:32,9800.0,3000.0,1695489.0
67,2021-10-06 13:52:30,9800.0,1000.0,1692489.0
68,2021-10-06 13:52:29,9800.0,100.0,1691489.0
69,2021-10-06 13:52:21,9800.0,20000.0,1691389.0
70,2021-10-06 13:52:01,9800.0,2000.0,1671389.0
71,2021-10-06 13:51:43,9800.0,500.0,1669389.0
72,2021-10-06 13:51:14,9800.0,10000.0,1668889.0
73,2021-10-06 13:51:04,9800.0,300.0,1658889.0
74,2021-10-06 13:49:59,9800.0,3000.0,1658589.0
75,2021-10-06 13:49:40,9800.0,100.0,1655589.0
76,2021-10-06 13:49:35,9800.0,500.0,1655489.0
77,2021-10-06 13:49:33,9800.0,400.0,1654989.0
78,2021-10-06 13:49:20,9800.0,1000.0,1654589.0
79,2021-10-06 13:49:01,9800.0,2000.0,1653589.0
80,2021-10-06 13:48:25,9800.0,5000.0,1651589.0
81,2021-10-06 13:47:40,9800.0,500.0,1646589.0
82,2021-10-06 13:46:42,9800.0,100.0,1646089.0
83,2021-10-06 13:46:25,9800.0,100.0,1645989.0
84,2021-10-06 13:46:17,9800.0,100.0,1645889.0
85,2021-10-06 13:45:30,9800.0,1000.0,1645789.0
86,2021-10-06 13:45:15,9800.0,500.0,1644789.0
87,2021-10-06 13:44:55,9800.0,1000.0,1644289.0
88,2021-10-06 13:43:31,9700.0,100.0,1643289.0
89,2021-10-06 13:43:01,9700.0,1000.0,1643189.0
90,2021-10-06 13:43:00,9700.0,1500.0,1642189.0
91,2021-10-06 13:42:48,9800.0,500.0,1640689.0
92,2021-10-06 13:42:45,9800.0,6000.0,1640189.0
93,2021-10-06 13:41:14,9800.0,200.0,1634189.0
94,2021-10-06 13:41:12,9800.0,100.0,1633989.0
95,2021-10-06 13:40:59,9800.0,100.0,1633889.0
96,2021-10-06 13:40:47,9800.0,1300.0,1633789.0
97,2021-10-06 13:40:28,9800.0,100.0,1632489.0
98,2021-10-06 13:39:06,9800.0,500.0,1632389.0
99,2021-10-06 13:38:52,9800.0,100.0,1631889.0
100,2021-10-06 13:38:23,9800.0,10500.0,1631789.0
101,2021-10-06 13:37:30,9800.0,200.0,1621289.0
102,2021-10-06 13:37:19,9800.0,500.0,1621089.0
103,2021-10-06 13:37:16,9800.0,3000.0,1620589.0
104,2021-10-06 13:37:10,9800.0,500.0,1617589.0
105,2021-10-06 13:37:05,9800.0,100.0,1617089.0
106,2021-10-06 13:37:04,9800.0,1000.0,1616989.0
107,2021-10-06 13:36:58,9800.0,1000.0,1615989.0
108,2021-10-06 13:36:48,9800.0,100.0,1614989.0
109,2021-10-06 13:36:44,9800.0,10000.0,1614889.0
110,2021-10-06 13:36:38,9800.0,1000.0,1604889.0
111,2021-10-06 13:36:13,9800.0,300.0,1603889.0
112,2021-10-06 13:36:00,9800.0,3000.0,1603589.0
113,2021-10-06 13:35:53,9800.0,200.0,1600589.0
114,2021-10-06 13:35:48,9800.0,900.0,1600389.0
115,2021-10-06 13:35:37,9800.0,10000.0,1599489.0
116,2021-10-06 13:35:14,9800.0,1000.0,1589489.0
117,2021-10-06 13:35:06,9800.0,500.0,1588489.0
118,2021-10-06 13:34:41,9800.0,2600.0,1587989.0
119,2021-10-06 13:34:36,9800.0,100.0,1585389.0
120,2021-10-06 13:33:26,9800.0,1000.0,1585289.0
121,2021-10-06 13:33:05,9800.0,1000.0,1584289.0
122,2021-10-06 13:33:01,9800.0,5000.0,1583289.0
123,2021-10-06 13:32:54,9800.0,1300.0,1578289.0
124,2021-10-06 13:32:46,9800.0,3300.0,1576989.0
125,2021-10-06 13:32:24,9800.0,100.0,1573689.0
126,2021-10-06 13:32:13,9800.0,1900.0,1573589.0
127,2021-10-06 13:32:01,9800.0,4000.0,1571689.0
128,2021-10-06 13:31:39,9800.0,500.0,1567689.0
129,2021-10-06 13:30:58,9800.0,1000.0,1567189.0
130,2021-10-06 13:30:09,9800.0,2500.0,1566189.0
131,2021-10-06 13:29:49,9800.0,5000.0,1563689.0
132,2021-10-06 13:28:50,9800.0,1500.0,1558689.0
133,2021-10-06 13:28:20,9800.0,300.0,1557189.0
134,2021-10-06 13:28:11,9800.0,700.0,1556889.0
135,2021-10-06 13:27:13,9800.0,500.0,1556189.0
136,2021-10-06 13:27:11,9800.0,600.0,1555689.0
137,2021-10-06 13:27:05,9800.0,1500.0,1555089.0
138,2021-10-06 13:26:54,9800.0,5000.0,1553589.0
139,2021-10-06 13:26:47,9800.0,1000.0,1548589.0
140,2021-10-06 13:26:08,9800.0,700.0,1547589.0
141,2021-10-06 13:26:01,9800.0,1500.0,1546889.0
142,2021-10-06 13:25:45,9800.0,1300.0,1545389.0
143,2021-10-06 13:25:39,9800.0,10100.0,1544089.0
144,2021-10-06 13:25:27,9800.0,5000.0,1533989.0
145,2021-10-06 13:23:33,9800.0,3700.0,1528989.0
146,2021-10-06 13:23:19,9800.0,900.0,1525289.0
147,2021-10-06 13:23:03,9800.0,1000.0,1524389.0
148,2021-10-06 13:22:57,9800.0,500.0,1523389.0
149,2021-10-06 13:22:53,9800.0,23900.0,1522889.0
150,2021-10-06 13:22:29,9800.0,5000.0,1498989.0
151,2021-10-06 13:22:06,9800.0,200.0,1493989.0
152,2021-10-06 13:21:32,9800.0,1000.0,1493789.0
153,2021-10-06 13:21:05,9800.0,5000.0,1492789.0
154,2021-10-06 13:20:48,9800.0,1000.0,1487789.0
155,2021-10-06 13:20:44,9800.0,4000.0,1486789.0
156,2021-10-06 13:20:31,9800.0,500.0,1482789.0
157,2021-10-06 13:20:04,9800.0,10000.0,1482289.0
158,2021-10-06 13:19:49,9800.0,1000.0,1472289.0
159,2021-10-06 13:19:09,9800.0,2100.0,1471289.0
160,2021-10-06 13:18:35,9900.0,100.0,1469189.0
161,2021-10-06 13:18:24,9800.0,200.0,1469089.0
162,2021-10-06 13:17:18,9800.0,2600.0,1468889.0
163,2021-10-06 13:16:55,9800.0,5000.0,1466289.0
164,2021-10-06 13:16:17,9800.0,1000.0,1461289.0
165,2021-10-06 13:15:13,9800.0,300.0,1460289.0
166,2021-10-06 13:13:39,9800.0,1000.0,1459989.0
167,2021-10-06 13:13:32,9800.0,3000.0,1458989.0
168,2021-10-06 13:12:00,9900.0,10000.0,1455989.0
169,2021-10-06 13:11:30,9900.0,100.0,1445989.0
170,2021-10-06 13:11:26,9800.0,2000.0,1445889.0
171,2021-10-06 13:11:06,9800.0,40000.0,1443889.0
172,2021-10-06 13:09:52,9800.0,20000.0,1403889.0
173,2021-10-06 13:09:30,9800.0,10000.0,1383889.0
174,2021-10-06 13:08:30,9800.0,5000.0,1373889.0
175,2021-10-06 13:07:13,9800.0,2000.0,1368889.0
176,2021-10-06 13:06:55,9800.0,100000.0,1366889.0
177,2021-10-06 13:04:39,9800.0,2000.0,1266889.0
178,2021-10-06 13:03:30,9900.0,2000.0,1264889.0
179,2021-10-06 13:00:52,9900.0,1200.0,1262889.0
180,2021-10-06 13:00:07,9900.0,100.0,1261689.0
181,2021-10-06 13:00:03,9800.0,1400.0,1261589.0
182,2021-10-06 11:29:47,9800.0,5000.0,1260189.0
183,2021-10-06 11:18:58,9800.0,300.0,1255189.0
184,2021-10-06 11:18:10,9800.0,200.0,1254889.0
185,2021-10-06 11:17:43,9800.0,80000.0,1254689.0
186,2021-10-06 11:17:39,9800.0,20000.0,1174689.0
187,2021-10-06 11:17:34,9900.0,300.0,1154689.0
188,2021-10-06 11:17:28,9800.0,400.0,1154389.0
189,2021-10-06 11:17:16,9800.0,1000.0,1153989.0
190,2021-10-06 11:16:55,9900.0,400.0,1152989.0
191,2021-10-06 11:15:57,9800.0,10000.0,1152589.0
192,2021-10-06 11:15:31,9800.0,20000.0,1142589.0
193,2021-10-06 11:13:50,9800.0,1500.0,1122589.0
194,2021-10-06 11:13:35,9800.0,1000.0,1121089.0
195,2021-10-06 11:13:20,9800.0,2000.0,1120089.0
196,2021-10-06 11:12:36,9800.0,1300.0,1118089.0
197,2021-10-06 11:12:24,9900.0,100.0,1116789.0
198,2021-10-06 11:11:17,9900.0,9900.0,1116689.0
199,2021-10-06 11:10:58,9900.0,50000.0,1106789.0
200,2021-10-06 11:09:29,9900.0,500.0,1056789.0
201,2021-10-06 11:08:26,9900.0,300.0,1056289.0
202,2021-10-06 11:08:21,9800.0,400.0,1055989.0
203,2021-10-06 11:07:51,9800.0,1500.0,1055589.0
204,2021-10-06 11:07:16,9800.0,1000.0,1054089.0
205,2021-10-06 11:06:57,9900.0,500.0,1053089.0
206,2021-10-06 11:06:48,9900.0,100.0,1052589.0
207,2021-10-06 11:06:42,9800.0,1200.0,1052489.0
208,2021-10-06 11:05:53,9800.0,2700.0,1051289.0
209,2021-10-06 11:05:33,9800.0,3000.0,1048589.0
210,2021-10-06 11:04:41,9800.0,1000.0,1045589.0
211,2021-10-06 11:03:56,9800.0,200.0,1044589.0
212,2021-10-06 11:03:53,9800.0,1500.0,1044389.0
213,2021-10-06 11:03:50,9800.0,5000.0,1042889.0
214,2021-10-06 11:02:51,9800.0,5000.0,1037889.0
215,2021-10-06 11:02:44,9800.0,4000.0,1032889.0
216,2021-10-06 11:02:40,9800.0,1000.0,1028889.0
217,2021-10-06 11:00:48,9800.0,100.0,1027889.0
218,2021-10-06 10:59:54,9800.0,5000.0,1027789.0
219,2021-10-06 10:58:41,9800.0,2000.0,1022789.0
220,2021-10-06 10:56:48,9800.0,200.0,1020789.0
221,2021-10-06 10:55:38,9800.0,1800.0,1020589.0
222,2021-10-06 10:55:07,9900.0,100.0,1018789.0
223,2021-10-06 10:52:11,9800.0,1000.0,1018689.0
224,2021-10-06 10:51:38,9800.0,11000.0,1017689.0
225,2021-10-06 10:50:52,9800.0,10200.0,1006689.0
226,2021-10-06 10:48:23,9800.0,2000.0,996489.0
227,2021-10-06 10:48:13,9800.0,500.0,994489.0
228,2021-10-06 10:48:11,9800.0,300.0,993989.0
229,2021-10-06 10:47:15,9900.0,1000.0,993689.0
230,2021-10-06 10:47:14,9800.0,10000.0,992689.0
231,2021-10-06 10:46:45,9800.0,300.0,982689.0
232,2021-10-06 10:45:51,9800.0,2000.0,982389.0
233,2021-10-06 10:45:30,9800.0,500.0,980389.0
234,2021-10-06 10:45:09,9800.0,1500.0,979889.0
235,2021-10-06 10:45:03,9900.0,600.0,978389.0
236,2021-10-06 10:45:01,9900.0,200.0,977789.0
237,2021-10-06 10:44:00,9900.0,200.0,977589.0
238,2021-10-06 10:43:13,9900.0,10000.0,977389.0
239,2021-10-06 10:40:22,9900.0,3500.0,967389.0
240,2021-10-06 10:39:22,9800.0,10000.0,963889.0
241,2021-10-06 10:39:16,9800.0,100.0,953889.0
242,2021-10-06 10:37:53,9800.0,500.0,953789.0
243,2021-10-06 10:37:45,9900.0,500.0,953289.0
244,2021-10-06 10:37:19,9900.0,100.0,952789.0
245,2021-10-06 10:37:17,9900.0,100.0,952689.0
246,2021-10-06 10:34:03,9900.0,8500.0,952589.0
247,2021-10-06 10:33:52,9800.0,100.0,944089.0
248,2021-10-06 10:33:15,9800.0,500.0,943989.0
249,2021-10-06 10:33:05,9800.0,400.0,943489.0
250,2021-10-06 10:32:59,9800.0,2000.0,943089.0
251,2021-10-06 10:32:55,9800.0,100.0,941089.0
252,2021-10-06 10:32:45,9800.0,100.0,940989.0
253,2021-10-06 10:32:24,9800.0,100.0,940889.0
254,2021-10-06 10:32:05,9900.0,300.0,940789.0
255,2021-10-06 10:31:38,9900.0,32.0,940489.0
256,2021-10-06 10:30:50,9900.0,200.0,940457.0
257,2021-10-06 10:28:37,9900.0,1000.0,940257.0
258,2021-10-06 10:28:14,9900.0,1000.0,939257.0
259,2021-10-06 10:27:16,9900.0,300.0,938257.0
260,2021-10-06 10:27:09,9900.0,4700.0,937957.0
261,2021-10-06 10:26:55,9900.0,1000.0,933257.0
262,2021-10-06 10:26:53,9900.0,500.0,932257.0
263,2021-10-06 10:26:21,9900.0,7000.0,931757.0
264,2021-10-06 10:26:11,9900.0,300.0,924757.0
265,2021-10-06 10:25:34,9900.0,1000.0,924457.0
266,2021-10-06 10:25:01,9900.0,200.0,923457.0
267,2021-10-06 10:24:42,9900.0,2600.0,923257.0
268,2021-10-06 10:24:29,9900.0,2000.0,920657.0
269,2021-10-06 10:24:03,9900.0,1400.0,918657.0
270,2021-10-06 10:23:50,9900.0,1000.0,917257.0
271,2021-10-06 10:23:36,9900.0,1000.0,916257.0
272,2021-10-06 10:23:22,9900.0,1800.0,915257.0
273,2021-10-06 10:22:58,9900.0,3400.0,913457.0
274,2021-10-06 10:22:20,9800.0,10000.0,910057.0
275,2021-10-06 10:22:03,9900.0,1500.0,900057.0
276,2021-10-06 10:21:54,9900.0,20000.0,898557.0
277,2021-10-06 10:21:06,9900.0,1800.0,878557.0
278,2021-10-06 10:20:42,9900.0,2000.0,876757.0
279,2021-10-06 10:20:29,9900.0,1000.0,874757.0
280,2021-10-06 10:20:15,9900.0,7500.0,873757.0
281,2021-10-06 10:19:45,9900.0,15100.0,866257.0
282,2021-10-06 10:19:12,9900.0,2000.0,851157.0
283,2021-10-06 10:19:10,9900.0,4600.0,849157.0
284,2021-10-06 10:18:46,9900.0,2000.0,844557.0
285,2021-10-06 10:18:38,9900.0,1000.0,842557.0
286,2021-10-06 10:18:33,9900.0,25000.0,841557.0
287,2021-10-06 10:18:10,9900.0,1800.0,816557.0
288,2021-10-06 10:17:51,9900.0,5000.0,814757.0
289,2021-10-06 10:17:40,9900.0,200.0,809757.0
290,2021-10-06 10:17:36,9900.0,600.0,809557.0
291,2021-10-06 10:17:05,9900.0,500.0,808957.0
292,2021-10-06 10:17:03,9900.0,21000.0,808457.0
293,2021-10-06 10:16:43,9900.0,500.0,787457.0
294,2021-10-06 10:15:51,9900.0,500.0,786957.0
295,2021-10-06 10:15:49,9900.0,200.0,786457.0
296,2021-10-06 10:15:44,9900.0,20000.0,786257.0
297,2021-10-06 10:15:11,9900.0,400.0,766257.0
298,2021-10-06 10:12:53,10000.0,300.0,765857.0
299,2021-10-06 10:11:24,10000.0,100.0,765557.0
300,2021-10-06 10:10:57,9900.0,1500.0,765457.0
301,2021-10-06 10:08:06,9900.0,200.0,763957.0
302,2021-10-06 10:07:48,9900.0,100.0,763757.0
303,2021-10-06 10:07:24,10000.0,15000.0,763657.0
304,2021-10-06 10:07:12,9900.0,10000.0,748657.0
305,2021-10-06 10:06:54,9900.0,2000.0,738657.0
306,2021-10-06 10:06:50,9900.0,10000.0,736657.0
307,2021-10-06 10:06:33,9900.0,200.0,726657.0
308,2021-10-06 10:04:21,10000.0,5000.0,726457.0
309,2021-10-06 10:03:44,9900.0,1000.0,721457.0
310,2021-10-06 10:03:07,9900.0,8000.0,720457.0
311,2021-10-06 10:02:18,10000.0,100.0,712457.0
312,2021-10-06 10:02:07,10000.0,400.0,712357.0
313,2021-10-06 10:01:14,10000.0,100.0,711957.0
314,2021-10-06 10:00:13,9900.0,10000.0,711857.0
315,2021-10-06 10:00:06,9900.0,500.0,701857.0
316,2021-10-06 09:59:36,9900.0,100.0,701357.0
317,2021-10-06 09:59:24,9900.0,9300.0,701257.0
318,2021-10-06 09:59:05,9900.0,2100.0,691957.0
319,2021-10-06 09:57:28,9900.0,3000.0,689857.0
320,2021-10-06 09:57:17,9900.0,3000.0,686857.0
321,2021-10-06 09:56:50,9900.0,3200.0,683857.0
322,2021-10-06 09:56:34,9900.0,50000.0,680657.0
323,2021-10-06 09:56:07,9900.0,1000.0,630657.0
324,2021-10-06 09:55:54,9900.0,100.0,629657.0
325,2021-10-06 09:55:20,9900.0,6900.0,629557.0
326,2021-10-06 09:54:38,9900.0,100.0,622657.0
327,2021-10-06 09:54:14,9900.0,5000.0,622557.0
328,2021-10-06 09:53:25,9900.0,15000.0,617557.0
329,2021-10-06 09:52:46,9900.0,400.0,602557.0
330,2021-10-06 09:52:37,9900.0,100.0,602157.0
331,2021-10-06 09:52:18,9900.0,10000.0,602057.0
332,2021-10-06 09:52:01,9900.0,400.0,592057.0
333,2021-10-06 09:52:00,9900.0,300.0,591657.0
334,2021-10-06 09:50:37,9900.0,100.0,591357.0
335,2021-10-06 09:47:50,9900.0,1000.0,591257.0
336,2021-10-06 09:47:49,9900.0,300.0,590257.0
337,2021-10-06 09:47:11,9900.0,300.0,589957.0
338,2021-10-06 09:47:07,9900.0,2000.0,589657.0
339,2021-10-06 09:46:52,9900.0,700.0,587657.0
340,2021-10-06 09:46:46,9900.0,100.0,586957.0
341,2021-10-06 09:46:39,9900.0,1000.0,586857.0
342,2021-10-06 09:46:22,9900.0,100.0,585857.0
343,2021-10-06 09:46:02,9900.0,1000.0,585757.0
344,2021-10-06 09:45:51,9900.0,100.0,584757.0
345,2021-10-06 09:45:11,9900.0,1300.0,584657.0
346,2021-10-06 09:45:09,9900.0,7600.0,583357.0
347,2021-10-06 09:45:04,9900.0,6800.0,575757.0
348,2021-10-06 09:44:43,9900.0,2000.0,568957.0
349,2021-10-06 09:44:31,9900.0,50000.0,566957.0
350,2021-10-06 09:44:02,9900.0,4500.0,516957.0
351,2021-10-06 09:43:57,9900.0,10000.0,512457.0
352,2021-10-06 09:43:48,9900.0,700.0,502457.0
353,2021-10-06 09:42:40,9900.0,500.0,501757.0
354,2021-10-06 09:42:28,9900.0,100.0,501257.0
355,2021-10-06 09:42:05,9900.0,10000.0,501157.0
356,2021-10-06 09:41:57,9900.0,4700.0,491157.0
357,2021-10-06 09:41:52,9900.0,100.0,486457.0
358,2021-10-06 09:41:19,9900.0,2000.0,486357.0
359,2021-10-06 09:40:55,9900.0,300.0,484357.0
360,2021-10-06 09:40:39,9900.0,100.0,484057.0
361,2021-10-06 09:40:34,9900.0,3000.0,483957.0
362,2021-10-06 09:40:33,9900.0,1000.0,480957.0
363,2021-10-06 09:40:18,9900.0,500.0,479957.0
364,2021-10-06 09:40:05,9900.0,1500.0,479457.0
365,2021-10-06 09:39:53,9900.0,300.0,477957.0
366,2021-10-06 09:39:02,9900.0,1000.0,477657.0
367,2021-10-06 09:39:01,9900.0,100.0,476657.0
368,2021-10-06 09:38:41,9900.0,5000.0,476557.0
369,2021-10-06 09:38:33,9900.0,1500.0,471557.0
370,2021-10-06 09:38:27,9900.0,20000.0,470057.0
371,2021-10-06 09:38:24,9900.0,8400.0,450057.0
372,2021-10-06 09:36:56,9900.0,200.0,441657.0
373,2021-10-06 09:36:40,10000.0,100.0,441457.0
374,2021-10-06 09:35:45,10000.0,100.0,441357.0
375,2021-10-06 09:35:34,9900.0,1400.0,441257.0
376,2021-10-06 09:35:28,9900.0,500.0,439857.0
377,2021-10-06 09:35:11,9900.0,3000.0,439357.0
378,2021-10-06 09:33:37,9900.0,1000.0,436357.0
379,2021-10-06 09:30:58,10000.0,957.0,435357.0
380,2021-10-06 09:30:26,10000.0,300.0,434400.0
381,2021-10-06 09:29:06,9900.0,9400.0,434100.0
382,2021-10-06 09:29:03,10000.0,10100.0,424700.0
383,2021-10-06 09:28:39,9900.0,600.0,414600.0
384,2021-10-06 09:28:38,9900.0,1500.0,414000.0
385,2021-10-06 09:28:26,9900.0,5000.0,412500.0
386,2021-10-06 09:28:12,9900.0,2000.0,407500.0
387,2021-10-06 09:27:38,9900.0,200.0,405500.0
388,2021-10-06 09:27:13,10000.0,100.0,405300.0
389,2021-10-06 09:27:09,9900.0,300.0,405200.0
390,2021-10-06 09:27:06,9900.0,5000.0,404900.0
391,2021-10-06 09:26:56,9900.0,400.0,399900.0
392,2021-10-06 09:26:07,9900.0,1000.0,399500.0
393,2021-10-06 09:25:17,9900.0,200.0,398500.0
394,2021-10-06 09:24:48,10000.0,1000.0,398300.0
395,2021-10-06 09:24:41,10000.0,100.0,397300.0
396,2021-10-06 09:24:29,10000.0,2000.0,397200.0
397,2021-10-06 09:24:11,10000.0,7400.0,395200.0
398,2021-10-06 09:23:58,10000.0,10000.0,387800.0
399,2021-10-06 09:23:54,10000.0,1000.0,377800.0
400,2021-10-06 09:23:53,10000.0,1000.0,376800.0
401,2021-10-06 09:23:44,10000.0,2000.0,375800.0
402,2021-10-06 09:23:42,10000.0,1000.0,373800.0
403,2021-10-06 09:23:39,10000.0,500.0,372800.0
404,2021-10-06 09:23:37,10000.0,500.0,372300.0
405,2021-10-06 09:23:33,10000.0,4000.0,371800.0
406,2021-10-06 09:23:23,10000.0,100.0,367800.0
407,2021-10-06 09:23:19,10000.0,200.0,367700.0
408,2021-10-06 09:23:14,10000.0,1000.0,367500.0
409,2021-10-06 09:23:01,10100.0,100.0,366500.0
410,2021-10-06 09:23:00,10100.0,74300.0,366400.0
411,2021-10-06 09:22:50,10000.0,600.0,292100.0
412,2021-10-06 09:22:36,10000.0,3000.0,291500.0
413,2021-10-06 09:22:15,10000.0,1000.0,288500.0
414,2021-10-06 09:22:08,10000.0,300.0,287500.0
415,2021-10-06 09:21:58,10000.0,1000.0,287200.0
416,2021-10-06 09:21:18,10000.0,200.0,286200.0
417,2021-10-06 09:20:54,10100.0,5000.0,286000.0
418,2021-10-06 09:20:27,10000.0,200.0,281000.0
419,2021-10-06 09:20:12,10000.0,800.0,280800.0
420,2021-10-06 09:19:43,10000.0,500.0,280000.0
421,2021-10-06 09:19:21,10000.0,15000.0,279500.0
422,2021-10-06 09:18:09,10000.0,500.0,264500.0
423,2021-10-06 09:17:50,10000.0,10000.0,264000.0
424,2021-10-06 09:17:47,10000.0,100.0,254000.0
425,2021-10-06 09:17:34,10000.0,100.0,253900.0
426,2021-10-06 09:17:28,10000.0,300.0,253800.0
427,2021-10-06 09:16:58,10000.0,100.0,253500.0
428,2021-10-06 09:16:56,10000.0,10000.0,253400.0
429,2021-10-06 09:16:54,10100.0,300.0,243400.0
430,2021-10-06 09:16:52,10000.0,100.0,243100.0
431,2021-10-06 09:16:45,10000.0,200.0,243000.0
432,2021-10-06 09:16:44,10000.0,1300.0,242800.0
433,2021-10-06 09:16:05,10000.0,200.0,241500.0
434,2021-10-06 09:15:59,10000.0,200.0,241300.0
435,2021-10-06 09:15:32,10000.0,1500.0,241100.0
436,2021-10-06 09:15:30,10000.0,500.0,239600.0
437,2021-10-06 09:15:16,10000.0,400.0,239100.0
438,2021-10-06 09:15:05,10000.0,200.0,238700.0
439,2021-10-06 09:15:00,10000.0,2000.0,238500.0
440,2021-10-06 09:14:56,10000.0,200.0,236500.0
441,2021-10-06 09:14:50,10000.0,6400.0,236300.0
442,2021-10-06 09:14:44,10000.0,200.0,229900.0
443,2021-10-06 09:14:39,10000.0,15000.0,229700.0
444,2021-10-06 09:14:36,10000.0,10000.0,214700.0
445,2021-10-06 09:14:24,10000.0,300.0,204700.0
446,2021-10-06 09:14:21,10000.0,2000.0,204400.0
447,2021-10-06 09:14:04,10000.0,2000.0,202400.0
448,2021-10-06 09:14:01,10000.0,500.0,200400.0
449,2021-10-06 09:14:00,10000.0,300.0,199900.0
450,2021-10-06 09:13:53,10000.0,3000.0,199600.0
451,2021-10-06 09:13:50,10000.0,200.0,196600.0
452,2021-10-06 09:13:49,10000.0,1000.0,196400.0
453,2021-10-06 09:13:45,10000.0,5000.0,195400.0
454,2021-10-06 09:13:41,10000.0,1000.0,190400.0
455,2021-10-06 09:13:29,10000.0,8000.0,189400.0
456,2021-10-06 09:13:26,10000.0,5000.0,181400.0
457,2021-10-06 09:13:24,10000.0,200.0,176400.0
458,2021-10-06 09:13:19,10000.0,10000.0,176200.0
459,2021-10-06 09:13:09,10000.0,4000.0,166200.0
460,2021-10-06 09:13:01,10000.0,100000.0,162200.0
461,2021-10-06 09:12:41,10000.0,300.0,62200.0
462,2021-10-06 09:12:36,10000.0,500.0,61900.0
463,2021-10-06 09:11:25,10000.0,100.0,61400.0
464,2021-10-06 09:11:01,9900.0,2000.0,61300.0
465,2021-10-06 09:10:40,10000.0,1300.0,59300.0
466,2021-10-06 09:10:03,10000.0,1200.0,58000.0
467,2021-10-06 09:08:30,10000.0,100.0,56800.0
468,2021-10-06 09:08:28,9900.0,3000.0,56700.0
469,2021-10-06 09:07:42,10000.0,500.0,53700.0
470,2021-10-06 09:07:34,9900.0,2000.0,53200.0
471,2021-10-06 09:07:30,10000.0,1000.0,51200.0
472,2021-10-06 09:07:26,10000.0,100.0,50200.0
473,2021-10-06 09:07:25,10000.0,4000.0,50100.0
474,2021-10-06 09:06:40,10000.0,500.0,46100.0
475,2021-10-06 09:06:11,10000.0,1000.0,45600.0
476,2021-10-06 09:06:08,10000.0,800.0,44600.0
477,2021-10-06 09:05:45,10000.0,200.0,43800.0
478,2021-10-06 09:05:29,10000.0,1000.0,43600.0
479,2021-10-06 09:05:26,10000.0,2000.0,42600.0
480,2021-10-06 09:05:17,10000.0,300.0,40600.0
481,2021-10-06 09:04:44,10000.0,1000.0,40300.0
482,2021-10-06 09:04:36,10000.0,300.0,39300.0
483,2021-10-06 09:04:28,9900.0,1000.0,39000.0
484,2021-10-06 09:04:23,10000.0,100.0,38000.0
485,2021-10-06 09:04:16,10000.0,4000.0,37900.0
486,2021-10-06 09:03:40,10000.0,1000.0,33900.0
487,2021-10-06 09:02:43,10000.0,500.0,32900.0
488,2021-10-06 09:02:41,10000.0,1000.0,32400.0
489,2021-10-06 09:02:31,9900.0,15000.0,31400.0
490,2021-10-06 09:01:48,9900.0,100.0,16400.0
491,2021-10-06 09:01:43,10000.0,300.0,16300.0
492,2021-10-06 09:01:29,10000.0,500.0,16000.0
493,2021-10-06 09:01:25,10000.0,1000.0,15500.0
494,2021-10-06 09:00:19,10000.0,200.0,14500.0
495,2021-10-06 09:00:11,9900.0,10000.0,14300.0
496,2021-10-06 09:00:09,9900.0,300.0,4300.0
497,2021-10-06 09:00:07,10000.0,2000.0,4000.0
498,2021-10-06 09:00:06,9900.0,2000.0,2000.0
