,Time,Price,Volume_per_trade,Volume
0,2021-10-06 14:45:03,228000.0,2500.0,502500.0
1,2021-10-06 14:29:57,228000.0,200.0,500000.0
2,2021-10-06 14:29:50,227900.0,100.0,499800.0
3,2021-10-06 14:28:46,228000.0,400.0,499700.0
4,2021-10-06 14:28:35,227800.0,800.0,499300.0
5,2021-10-06 14:28:18,227900.0,200.0,498500.0
6,2021-10-06 14:27:31,227800.0,200.0,498300.0
7,2021-10-06 14:27:26,228000.0,100.0,498100.0
8,2021-10-06 14:27:08,227800.0,300.0,498000.0
9,2021-10-06 14:26:53,227800.0,200.0,497700.0
10,2021-10-06 14:26:18,227800.0,500.0,497500.0
11,2021-10-06 14:26:03,228000.0,400.0,497000.0
12,2021-10-06 14:25:35,227900.0,300.0,496600.0
13,2021-10-06 14:25:05,227900.0,400.0,496300.0
14,2021-10-06 14:24:59,228000.0,200.0,495900.0
15,2021-10-06 14:24:30,227900.0,500.0,495700.0
16,2021-10-06 14:24:26,227900.0,300.0,495200.0
17,2021-10-06 14:24:25,228000.0,200.0,494900.0
18,2021-10-06 14:23:57,228000.0,300.0,494700.0
19,2021-10-06 14:23:53,227900.0,600.0,494400.0
20,2021-10-06 14:23:46,228000.0,700.0,493800.0
21,2021-10-06 14:23:17,228000.0,300.0,493100.0
22,2021-10-06 14:23:14,228000.0,300.0,492800.0
23,2021-10-06 14:22:38,228000.0,500.0,492500.0
24,2021-10-06 14:22:37,228000.0,500.0,492000.0
25,2021-10-06 14:22:09,228000.0,300.0,491500.0
26,2021-10-06 14:22:06,228100.0,1000.0,491200.0
27,2021-10-06 14:21:59,228100.0,400.0,490200.0
28,2021-10-06 14:21:53,228100.0,800.0,489800.0
29,2021-10-06 14:21:47,228100.0,600.0,489000.0
30,2021-10-06 14:21:42,228100.0,300.0,488400.0
31,2021-10-06 14:21:29,228200.0,700.0,488100.0
32,2021-10-06 14:21:21,228200.0,1500.0,487400.0
33,2021-10-06 14:21:15,228200.0,1200.0,485900.0
34,2021-10-06 14:21:10,228200.0,100.0,484700.0
35,2021-10-06 14:21:04,228200.0,800.0,484600.0
36,2021-10-06 14:20:59,228300.0,400.0,483800.0
37,2021-10-06 14:20:58,228200.0,600.0,483400.0
38,2021-10-06 14:20:48,228300.0,200.0,482800.0
39,2021-10-06 14:20:35,228200.0,400.0,482600.0
40,2021-10-06 14:20:34,228300.0,300.0,482200.0
41,2021-10-06 14:20:32,228200.0,300.0,481900.0
42,2021-10-06 14:20:00,228200.0,200.0,481600.0
43,2021-10-06 14:19:53,228200.0,200.0,481400.0
44,2021-10-06 14:19:47,228300.0,200.0,481200.0
45,2021-10-06 14:19:31,228200.0,300.0,481000.0
46,2021-10-06 14:19:23,228300.0,1000.0,480700.0
47,2021-10-06 14:19:18,228300.0,400.0,479700.0
48,2021-10-06 14:19:07,228300.0,100.0,479300.0
49,2021-10-06 14:18:59,228300.0,300.0,479200.0
50,2021-10-06 14:18:51,228300.0,500.0,478900.0
51,2021-10-06 14:18:47,228300.0,400.0,478400.0
52,2021-10-06 14:18:37,228300.0,400.0,478000.0
53,2021-10-06 14:18:27,228300.0,100.0,477600.0
54,2021-10-06 14:18:11,228300.0,200.0,477500.0
55,2021-10-06 14:17:46,228200.0,300.0,477300.0
56,2021-10-06 14:17:24,228200.0,500.0,477000.0
57,2021-10-06 14:17:12,228300.0,100.0,476500.0
58,2021-10-06 14:17:07,228300.0,1000.0,476400.0
59,2021-10-06 14:16:53,228200.0,500.0,475400.0
60,2021-10-06 14:16:36,228200.0,200.0,474900.0
61,2021-10-06 14:16:33,228200.0,300.0,474700.0
62,2021-10-06 14:16:32,228300.0,200.0,474400.0
63,2021-10-06 14:16:07,228200.0,500.0,474200.0
64,2021-10-06 14:15:46,228300.0,200.0,473700.0
65,2021-10-06 14:15:35,228200.0,200.0,473500.0
66,2021-10-06 14:15:31,228200.0,300.0,473300.0
67,2021-10-06 14:15:24,228300.0,100.0,473000.0
68,2021-10-06 14:15:08,228200.0,300.0,472900.0
69,2021-10-06 14:15:01,228300.0,100.0,472600.0
70,2021-10-06 14:14:49,228200.0,1200.0,472500.0
71,2021-10-06 14:14:44,228200.0,500.0,471300.0
72,2021-10-06 14:14:42,228200.0,600.0,470800.0
73,2021-10-06 14:14:39,228200.0,300.0,470200.0
74,2021-10-06 14:14:37,228200.0,200.0,469900.0
75,2021-10-06 14:14:35,228200.0,100.0,469700.0
76,2021-10-06 14:14:33,228200.0,1100.0,469600.0
77,2021-10-06 14:14:30,228200.0,100.0,468500.0
78,2021-10-06 14:14:28,228200.0,800.0,468400.0
79,2021-10-06 14:14:25,228200.0,300.0,467600.0
80,2021-10-06 14:14:23,228200.0,400.0,467300.0
81,2021-10-06 14:14:21,228200.0,200.0,466900.0
82,2021-10-06 14:14:14,228200.0,300.0,466700.0
83,2021-10-06 14:14:08,228200.0,200.0,466400.0
84,2021-10-06 14:14:06,228200.0,1200.0,466200.0
85,2021-10-06 14:14:00,228200.0,300.0,465000.0
86,2021-10-06 14:13:38,228100.0,300.0,464700.0
87,2021-10-06 14:13:34,228100.0,200.0,464400.0
88,2021-10-06 14:13:28,228200.0,200.0,464200.0
89,2021-10-06 14:12:49,228200.0,200.0,464000.0
90,2021-10-06 14:12:47,228100.0,500.0,463800.0
91,2021-10-06 14:12:42,228100.0,200.0,463300.0
92,2021-10-06 14:12:41,228200.0,100.0,463100.0
93,2021-10-06 14:12:38,228200.0,400.0,463000.0
94,2021-10-06 14:12:00,228200.0,200.0,462600.0
95,2021-10-06 14:11:56,228100.0,300.0,462400.0
96,2021-10-06 14:11:50,228200.0,100.0,462100.0
97,2021-10-06 14:11:43,228100.0,500.0,462000.0
98,2021-10-06 14:11:42,228200.0,500.0,461500.0
99,2021-10-06 14:11:40,228200.0,200.0,461000.0
100,2021-10-06 14:11:34,228200.0,700.0,460800.0
101,2021-10-06 14:11:33,228200.0,1300.0,460100.0
102,2021-10-06 14:11:25,228200.0,1000.0,458800.0
103,2021-10-06 14:11:23,228300.0,100.0,457800.0
104,2021-10-06 14:11:18,228200.0,1200.0,457700.0
105,2021-10-06 14:11:17,228300.0,100.0,456500.0
106,2021-10-06 14:11:12,228200.0,600.0,456400.0
107,2021-10-06 14:11:06,228200.0,800.0,455800.0
108,2021-10-06 14:10:55,228200.0,300.0,455000.0
109,2021-10-06 14:10:51,228200.0,300.0,454700.0
110,2021-10-06 14:10:49,228100.0,100.0,454400.0
111,2021-10-06 14:10:47,228200.0,200.0,454300.0
112,2021-10-06 14:10:45,228100.0,900.0,454100.0
113,2021-10-06 14:10:41,228200.0,100.0,453200.0
114,2021-10-06 14:10:38,228200.0,200.0,453100.0
115,2021-10-06 14:10:35,228200.0,300.0,452900.0
116,2021-10-06 14:10:20,228100.0,200.0,452600.0
117,2021-10-06 14:10:10,228200.0,200.0,452400.0
118,2021-10-06 14:10:06,228200.0,500.0,452200.0
119,2021-10-06 14:09:56,228200.0,300.0,451700.0
120,2021-10-06 14:09:53,228100.0,200.0,451400.0
121,2021-10-06 14:09:49,228100.0,300.0,451200.0
122,2021-10-06 14:09:29,228200.0,300.0,450900.0
123,2021-10-06 14:09:24,228100.0,100.0,450600.0
124,2021-10-06 14:09:07,228100.0,200.0,450500.0
125,2021-10-06 14:09:05,228200.0,500.0,450300.0
126,2021-10-06 14:09:04,228100.0,300.0,449800.0
127,2021-10-06 14:08:48,228200.0,200.0,449500.0
128,2021-10-06 14:08:31,228200.0,300.0,449300.0
129,2021-10-06 14:08:21,228100.0,100.0,449000.0
130,2021-10-06 14:07:56,228100.0,200.0,448900.0
131,2021-10-06 14:07:10,228100.0,300.0,448700.0
132,2021-10-06 14:07:06,228100.0,300.0,448400.0
133,2021-10-06 14:06:28,228100.0,300.0,448100.0
134,2021-10-06 14:06:17,228200.0,300.0,447800.0
135,2021-10-06 14:06:14,228200.0,100.0,447500.0
136,2021-10-06 14:06:10,228200.0,200.0,447400.0
137,2021-10-06 14:06:07,228100.0,200.0,447200.0
138,2021-10-06 14:05:59,228200.0,200.0,447000.0
139,2021-10-06 14:05:52,228100.0,100.0,446800.0
140,2021-10-06 14:05:30,228100.0,300.0,446700.0
141,2021-10-06 14:05:29,228200.0,200.0,446400.0
142,2021-10-06 14:05:27,228100.0,1700.0,446200.0
143,2021-10-06 14:05:24,228200.0,300.0,444500.0
144,2021-10-06 14:05:19,228200.0,400.0,444200.0
145,2021-10-06 14:05:14,228200.0,200.0,443800.0
146,2021-10-06 14:05:12,228200.0,600.0,443600.0
147,2021-10-06 14:05:06,228200.0,100.0,443000.0
148,2021-10-06 14:04:58,228200.0,300.0,442900.0
149,2021-10-06 14:04:39,228100.0,300.0,442600.0
150,2021-10-06 14:04:33,228200.0,900.0,442300.0
151,2021-10-06 14:04:25,228200.0,900.0,441400.0
152,2021-10-06 14:04:19,228200.0,300.0,440500.0
153,2021-10-06 14:04:14,228200.0,700.0,440200.0
154,2021-10-06 14:03:57,228300.0,600.0,439500.0
155,2021-10-06 14:03:52,228300.0,1500.0,438900.0
156,2021-10-06 14:03:42,228300.0,1000.0,437400.0
157,2021-10-06 14:03:41,228300.0,500.0,436400.0
158,2021-10-06 14:03:37,228300.0,200.0,435900.0
159,2021-10-06 14:03:22,228300.0,1000.0,435700.0
160,2021-10-06 14:03:16,228300.0,500.0,434700.0
161,2021-10-06 14:03:11,228300.0,1500.0,434200.0
162,2021-10-06 14:03:10,228400.0,400.0,432700.0
163,2021-10-06 14:02:55,228400.0,800.0,432300.0
164,2021-10-06 14:02:48,228400.0,800.0,431500.0
165,2021-10-06 14:02:39,228400.0,800.0,430700.0
166,2021-10-06 14:02:38,228400.0,200.0,429900.0
167,2021-10-06 14:02:30,228400.0,300.0,429700.0
168,2021-10-06 14:02:25,228400.0,500.0,429400.0
169,2021-10-06 14:02:23,228400.0,700.0,428900.0
170,2021-10-06 14:02:15,228400.0,1000.0,428200.0
171,2021-10-06 14:02:10,228400.0,200.0,427200.0
172,2021-10-06 14:02:06,228400.0,1200.0,427000.0
173,2021-10-06 14:02:04,228500.0,100.0,425800.0
174,2021-10-06 14:02:01,228500.0,200.0,425700.0
175,2021-10-06 14:02:00,228400.0,300.0,425500.0
176,2021-10-06 14:01:57,228500.0,1300.0,425200.0
177,2021-10-06 14:01:55,228500.0,100.0,423900.0
178,2021-10-06 14:01:51,228500.0,200.0,423800.0
179,2021-10-06 14:01:45,228500.0,300.0,423600.0
180,2021-10-06 14:01:40,228500.0,100.0,423300.0
181,2021-10-06 14:01:32,228500.0,200.0,423200.0
182,2021-10-06 14:01:27,228500.0,400.0,423000.0
183,2021-10-06 14:01:24,228400.0,200.0,422600.0
184,2021-10-06 14:01:22,228500.0,100.0,422400.0
185,2021-10-06 14:01:20,228500.0,200.0,422300.0
186,2021-10-06 14:01:19,228500.0,200.0,422100.0
187,2021-10-06 14:01:13,228500.0,300.0,421900.0
188,2021-10-06 14:00:46,228500.0,1300.0,421600.0
189,2021-10-06 14:00:22,228500.0,300.0,420300.0
190,2021-10-06 13:59:59,228400.0,500.0,420000.0
191,2021-10-06 13:59:54,228400.0,200.0,419500.0
192,2021-10-06 13:59:23,228400.0,200.0,419300.0
193,2021-10-06 13:59:19,228400.0,300.0,419100.0
194,2021-10-06 13:59:18,228500.0,200.0,418800.0
195,2021-10-06 13:59:06,228400.0,300.0,418600.0
196,2021-10-06 13:59:01,228400.0,300.0,418300.0
197,2021-10-06 13:58:57,228400.0,400.0,418000.0
198,2021-10-06 13:58:54,228400.0,200.0,417600.0
199,2021-10-06 13:58:48,228300.0,200.0,417400.0
200,2021-10-06 13:58:45,228400.0,500.0,417200.0
201,2021-10-06 13:58:44,228400.0,400.0,416700.0
202,2021-10-06 13:58:43,228400.0,400.0,416300.0
203,2021-10-06 13:58:34,228400.0,100.0,415900.0
204,2021-10-06 13:58:30,228400.0,1000.0,415800.0
205,2021-10-06 13:58:22,228400.0,600.0,414800.0
206,2021-10-06 13:58:14,228400.0,200.0,414200.0
207,2021-10-06 13:58:09,228400.0,300.0,414000.0
208,2021-10-06 13:57:58,228400.0,200.0,413700.0
209,2021-10-06 13:57:44,228300.0,200.0,413500.0
210,2021-10-06 13:57:28,228400.0,300.0,413300.0
211,2021-10-06 13:57:23,228300.0,100.0,413000.0
212,2021-10-06 13:57:13,228400.0,300.0,412900.0
213,2021-10-06 13:56:58,228400.0,200.0,412600.0
214,2021-10-06 13:56:49,228400.0,100.0,412400.0
215,2021-10-06 13:56:27,228300.0,200.0,412300.0
216,2021-10-06 13:56:24,228300.0,200.0,412100.0
217,2021-10-06 13:56:18,228400.0,300.0,411900.0
218,2021-10-06 13:55:51,228300.0,300.0,411600.0
219,2021-10-06 13:55:48,228400.0,200.0,411300.0
220,2021-10-06 13:55:15,228300.0,300.0,411100.0
221,2021-10-06 13:54:52,228300.0,200.0,410800.0
222,2021-10-06 13:54:48,228300.0,200.0,410600.0
223,2021-10-06 13:54:45,228300.0,100.0,410400.0
224,2021-10-06 13:54:43,228300.0,200.0,410300.0
225,2021-10-06 13:54:40,228300.0,400.0,410100.0
226,2021-10-06 13:54:38,228300.0,300.0,409700.0
227,2021-10-06 13:54:26,228300.0,300.0,409400.0
228,2021-10-06 13:54:23,228200.0,200.0,409100.0
229,2021-10-06 13:54:17,228300.0,700.0,408900.0
230,2021-10-06 13:54:14,228300.0,200.0,408200.0
231,2021-10-06 13:54:08,228300.0,300.0,408000.0
232,2021-10-06 13:53:52,228300.0,400.0,407700.0
233,2021-10-06 13:53:49,228300.0,400.0,407300.0
234,2021-10-06 13:53:32,228300.0,300.0,406900.0
235,2021-10-06 13:53:27,228200.0,200.0,406600.0
236,2021-10-06 13:53:06,228300.0,500.0,406400.0
237,2021-10-06 13:53:04,228200.0,300.0,405900.0
238,2021-10-06 13:53:01,228300.0,200.0,405600.0
239,2021-10-06 13:52:59,228300.0,300.0,405400.0
240,2021-10-06 13:52:52,228300.0,300.0,405100.0
241,2021-10-06 13:52:36,228300.0,200.0,404800.0
242,2021-10-06 13:52:33,228200.0,300.0,404600.0
243,2021-10-06 13:52:29,228200.0,100.0,404300.0
244,2021-10-06 13:52:16,228200.0,1000.0,404200.0
245,2021-10-06 13:52:14,228300.0,200.0,403200.0
246,2021-10-06 13:52:00,228300.0,400.0,403000.0
247,2021-10-06 13:51:59,228300.0,200.0,402600.0
248,2021-10-06 13:51:31,228300.0,2300.0,402400.0
249,2021-10-06 13:51:21,228200.0,300.0,400100.0
250,2021-10-06 13:51:13,228300.0,100.0,399800.0
251,2021-10-06 13:51:07,228300.0,200.0,399700.0
252,2021-10-06 13:51:01,228200.0,300.0,399500.0
253,2021-10-06 13:50:40,228300.0,100.0,399200.0
254,2021-10-06 13:50:38,228200.0,500.0,399100.0
255,2021-10-06 13:50:17,228300.0,300.0,398600.0
256,2021-10-06 13:50:12,228300.0,200.0,398300.0
257,2021-10-06 13:49:34,228300.0,200.0,398100.0
258,2021-10-06 13:49:13,228300.0,200.0,397900.0
259,2021-10-06 13:49:03,228200.0,200.0,397700.0
260,2021-10-06 13:48:48,228200.0,300.0,397500.0
261,2021-10-06 13:48:28,228200.0,300.0,397200.0
262,2021-10-06 13:48:10,228300.0,100.0,396900.0
263,2021-10-06 13:47:43,228200.0,300.0,396800.0
264,2021-10-06 13:47:30,228200.0,200.0,396500.0
265,2021-10-06 13:47:21,228300.0,100.0,396300.0
266,2021-10-06 13:47:10,228200.0,300.0,396200.0
267,2021-10-06 13:46:50,228300.0,100.0,395900.0
268,2021-10-06 13:46:40,228200.0,200.0,395800.0
269,2021-10-06 13:46:24,228200.0,400.0,395600.0
270,2021-10-06 13:46:19,228200.0,600.0,395200.0
271,2021-10-06 13:46:16,228200.0,300.0,394600.0
272,2021-10-06 13:46:07,228200.0,2000.0,394300.0
273,2021-10-06 13:45:30,228200.0,200.0,392300.0
274,2021-10-06 13:45:25,228300.0,200.0,392100.0
275,2021-10-06 13:44:53,228200.0,400.0,391900.0
276,2021-10-06 13:44:37,228200.0,200.0,391500.0
277,2021-10-06 13:44:25,228200.0,300.0,391300.0
278,2021-10-06 13:44:23,228200.0,200.0,391000.0
279,2021-10-06 13:44:20,228200.0,100.0,390800.0
280,2021-10-06 13:44:18,228200.0,200.0,390700.0
281,2021-10-06 13:44:14,228200.0,300.0,390500.0
282,2021-10-06 13:44:13,228200.0,300.0,390200.0
283,2021-10-06 13:44:04,228100.0,300.0,389900.0
284,2021-10-06 13:43:57,228200.0,100.0,389600.0
285,2021-10-06 13:43:55,228200.0,1500.0,389500.0
286,2021-10-06 13:43:50,228200.0,400.0,388000.0
287,2021-10-06 13:43:48,228200.0,300.0,387600.0
288,2021-10-06 13:43:34,228200.0,300.0,387300.0
289,2021-10-06 13:43:29,228200.0,200.0,387000.0
290,2021-10-06 13:43:25,228200.0,400.0,386800.0
291,2021-10-06 13:43:16,228200.0,1300.0,386400.0
292,2021-10-06 13:43:09,228100.0,200.0,385100.0
293,2021-10-06 13:42:56,228100.0,200.0,384900.0
294,2021-10-06 13:42:55,228200.0,400.0,384700.0
295,2021-10-06 13:42:39,228200.0,300.0,384300.0
296,2021-10-06 13:42:38,228200.0,100.0,384000.0
297,2021-10-06 13:42:20,228100.0,300.0,383900.0
298,2021-10-06 13:42:19,228200.0,1300.0,383600.0
299,2021-10-06 13:42:13,228200.0,1000.0,382300.0
300,2021-10-06 13:42:05,228200.0,1500.0,381300.0
301,2021-10-06 13:41:58,228200.0,800.0,379800.0
302,2021-10-06 13:41:54,228200.0,200.0,379000.0
303,2021-10-06 13:41:51,228200.0,500.0,378800.0
304,2021-10-06 13:41:46,228300.0,200.0,378300.0
305,2021-10-06 13:41:43,228200.0,1200.0,378100.0
306,2021-10-06 13:41:38,228200.0,300.0,376900.0
307,2021-10-06 13:41:20,228200.0,200.0,376600.0
308,2021-10-06 13:41:15,228300.0,200.0,376400.0
309,2021-10-06 13:41:00,228200.0,300.0,376200.0
310,2021-10-06 13:40:58,228300.0,1100.0,375900.0
311,2021-10-06 13:40:53,228200.0,200.0,374800.0
312,2021-10-06 13:40:49,228200.0,200.0,374600.0
313,2021-10-06 13:40:42,228200.0,100.0,374400.0
314,2021-10-06 13:40:18,228300.0,200.0,374300.0
315,2021-10-06 13:40:09,228200.0,100.0,374100.0
316,2021-10-06 13:40:06,228200.0,300.0,374000.0
317,2021-10-06 13:40:03,228200.0,200.0,373700.0
318,2021-10-06 13:39:54,228200.0,200.0,373500.0
319,2021-10-06 13:39:47,228200.0,700.0,373300.0
320,2021-10-06 13:39:37,228200.0,100.0,372600.0
321,2021-10-06 13:39:32,228100.0,200.0,372500.0
322,2021-10-06 13:39:28,228200.0,200.0,372300.0
323,2021-10-06 13:39:18,228200.0,300.0,372100.0
324,2021-10-06 13:39:15,228200.0,700.0,371800.0
325,2021-10-06 13:38:44,228100.0,300.0,371100.0
326,2021-10-06 13:38:37,228200.0,400.0,370800.0
327,2021-10-06 13:38:20,228200.0,100.0,370400.0
328,2021-10-06 13:38:14,228100.0,200.0,370300.0
329,2021-10-06 13:38:13,228200.0,200.0,370100.0
330,2021-10-06 13:38:07,228200.0,300.0,369900.0
331,2021-10-06 13:38:03,228200.0,300.0,369600.0
332,2021-10-06 13:37:49,228200.0,600.0,369300.0
333,2021-10-06 13:37:43,228200.0,400.0,368700.0
334,2021-10-06 13:37:42,228200.0,1100.0,368300.0
335,2021-10-06 13:37:36,228200.0,1000.0,367200.0
336,2021-10-06 13:37:30,228200.0,200.0,366200.0
337,2021-10-06 13:37:20,228200.0,600.0,366000.0
338,2021-10-06 13:37:19,228300.0,400.0,365400.0
339,2021-10-06 13:37:13,228200.0,800.0,365000.0
340,2021-10-06 13:37:07,228200.0,200.0,364200.0
341,2021-10-06 13:37:04,228200.0,400.0,364000.0
342,2021-10-06 13:37:00,228200.0,300.0,363600.0
343,2021-10-06 13:36:58,228200.0,1000.0,363300.0
344,2021-10-06 13:36:56,228200.0,200.0,362300.0
345,2021-10-06 13:36:52,228200.0,500.0,362100.0
346,2021-10-06 13:36:42,228300.0,200.0,361600.0
347,2021-10-06 13:36:29,228300.0,1000.0,361400.0
348,2021-10-06 13:36:20,228200.0,300.0,360400.0
349,2021-10-06 13:36:05,228300.0,200.0,360100.0
350,2021-10-06 13:35:51,228300.0,300.0,359900.0
351,2021-10-06 13:35:44,228300.0,200.0,359600.0
352,2021-10-06 13:35:43,228300.0,500.0,359400.0
353,2021-10-06 13:35:24,228200.0,300.0,358900.0
354,2021-10-06 13:35:21,228200.0,300.0,358600.0
355,2021-10-06 13:34:59,228300.0,300.0,358300.0
356,2021-10-06 13:34:55,228300.0,100.0,358000.0
357,2021-10-06 13:34:47,228200.0,300.0,357900.0
358,2021-10-06 13:34:23,228300.0,100.0,357600.0
359,2021-10-06 13:34:18,228200.0,100.0,357500.0
360,2021-10-06 13:34:13,228200.0,100.0,357400.0
361,2021-10-06 13:33:41,228200.0,100.0,357300.0
362,2021-10-06 13:33:37,228200.0,200.0,357200.0
363,2021-10-06 13:32:54,228200.0,300.0,357000.0
364,2021-10-06 13:32:50,228200.0,100.0,356700.0
365,2021-10-06 13:32:20,228200.0,200.0,356600.0
366,2021-10-06 13:32:19,228300.0,300.0,356400.0
367,2021-10-06 13:32:11,228200.0,400.0,356100.0
368,2021-10-06 13:31:59,228300.0,1500.0,355700.0
369,2021-10-06 13:31:44,228200.0,200.0,354200.0
370,2021-10-06 13:31:26,228300.0,200.0,354000.0
371,2021-10-06 13:31:19,228200.0,100.0,353800.0
372,2021-10-06 13:31:18,228300.0,200.0,353700.0
373,2021-10-06 13:31:16,228200.0,200.0,353500.0
374,2021-10-06 13:30:43,228200.0,100.0,353300.0
375,2021-10-06 13:30:40,228200.0,100.0,353200.0
376,2021-10-06 13:30:33,228300.0,300.0,353100.0
377,2021-10-06 13:30:20,228300.0,100.0,352800.0
378,2021-10-06 13:30:13,228200.0,300.0,352700.0
379,2021-10-06 13:29:55,228300.0,600.0,352400.0
380,2021-10-06 13:29:41,228200.0,100.0,351800.0
381,2021-10-06 13:29:38,228200.0,200.0,351700.0
382,2021-10-06 13:29:20,228200.0,300.0,351500.0
383,2021-10-06 13:29:17,228200.0,200.0,351200.0
384,2021-10-06 13:29:14,228300.0,300.0,351000.0
385,2021-10-06 13:28:39,228300.0,100.0,350700.0
386,2021-10-06 13:28:38,228200.0,100.0,350600.0
387,2021-10-06 13:28:34,228200.0,300.0,350500.0
388,2021-10-06 13:28:30,228300.0,300.0,350200.0
389,2021-10-06 13:28:06,228200.0,300.0,349900.0
390,2021-10-06 13:28:04,228200.0,200.0,349600.0
391,2021-10-06 13:27:51,228300.0,1200.0,349400.0
392,2021-10-06 13:27:35,228300.0,500.0,348200.0
393,2021-10-06 13:27:32,228200.0,200.0,347700.0
394,2021-10-06 13:27:28,228200.0,400.0,347500.0
395,2021-10-06 13:27:12,228200.0,300.0,347100.0
396,2021-10-06 13:27:08,228300.0,400.0,346800.0
397,2021-10-06 13:27:07,228300.0,100.0,346400.0
398,2021-10-06 13:26:42,228200.0,100.0,346300.0
399,2021-10-06 13:26:39,228200.0,200.0,346200.0
400,2021-10-06 13:26:27,228300.0,200.0,346000.0
401,2021-10-06 13:26:07,228300.0,300.0,345800.0
402,2021-10-06 13:25:53,228200.0,500.0,345500.0
403,2021-10-06 13:25:52,228300.0,300.0,345000.0
404,2021-10-06 13:25:49,228200.0,300.0,344700.0
405,2021-10-06 13:25:26,228200.0,300.0,344400.0
406,2021-10-06 13:25:23,228200.0,200.0,344100.0
407,2021-10-06 13:25:17,228300.0,100.0,343900.0
408,2021-10-06 13:25:12,228300.0,200.0,343800.0
409,2021-10-06 13:24:51,228200.0,1000.0,343600.0
410,2021-10-06 13:24:44,228200.0,100.0,342600.0
411,2021-10-06 13:24:43,228300.0,300.0,342500.0
412,2021-10-06 13:24:41,228300.0,500.0,342200.0
413,2021-10-06 13:24:21,228300.0,300.0,341700.0
414,2021-10-06 13:23:56,228200.0,500.0,341400.0
415,2021-10-06 13:23:32,228200.0,1000.0,340900.0
416,2021-10-06 13:23:26,228300.0,100.0,339900.0
417,2021-10-06 13:23:13,228200.0,300.0,339800.0
418,2021-10-06 13:23:09,228400.0,500.0,339500.0
419,2021-10-06 13:23:08,228200.0,200.0,339000.0
420,2021-10-06 13:23:04,228300.0,400.0,338800.0
421,2021-10-06 13:23:02,228300.0,1000.0,338400.0
422,2021-10-06 13:22:55,228300.0,1500.0,337400.0
423,2021-10-06 13:22:40,228400.0,600.0,335900.0
424,2021-10-06 13:22:34,228500.0,800.0,335300.0
425,2021-10-06 13:22:33,228300.0,300.0,334500.0
426,2021-10-06 13:22:31,228400.0,1500.0,334200.0
427,2021-10-06 13:22:24,228400.0,100.0,332700.0
428,2021-10-06 13:22:18,228400.0,1500.0,332600.0
429,2021-10-06 13:22:13,228400.0,500.0,331100.0
430,2021-10-06 13:22:09,228400.0,300.0,330600.0
431,2021-10-06 13:22:03,228400.0,1200.0,330300.0
432,2021-10-06 13:22:00,228500.0,400.0,329100.0
433,2021-10-06 13:21:52,228500.0,200.0,328700.0
434,2021-10-06 13:21:48,228400.0,200.0,328500.0
435,2021-10-06 13:21:33,228400.0,600.0,328300.0
436,2021-10-06 13:21:12,228300.0,300.0,327700.0
437,2021-10-06 13:21:09,228300.0,100.0,327400.0
438,2021-10-06 13:21:03,228400.0,200.0,327300.0
439,2021-10-06 13:20:38,228300.0,100.0,327100.0
440,2021-10-06 13:20:37,228400.0,200.0,327000.0
441,2021-10-06 13:20:34,228300.0,100.0,326800.0
442,2021-10-06 13:20:27,228400.0,700.0,326700.0
443,2021-10-06 13:20:15,228400.0,200.0,326000.0
444,2021-10-06 13:20:09,228300.0,100.0,325800.0
445,2021-10-06 13:20:06,228300.0,200.0,325700.0
446,2021-10-06 13:20:05,228400.0,200.0,325500.0
447,2021-10-06 13:20:03,228400.0,100.0,325300.0
448,2021-10-06 13:19:52,228400.0,300.0,325200.0
449,2021-10-06 13:19:50,228400.0,100.0,324900.0
450,2021-10-06 13:19:41,228300.0,100.0,324800.0
451,2021-10-06 13:19:15,228400.0,1200.0,324700.0
452,2021-10-06 13:19:14,228300.0,200.0,323500.0
453,2021-10-06 13:18:51,228400.0,200.0,323300.0
454,2021-10-06 13:18:48,228300.0,200.0,323100.0
455,2021-10-06 13:18:39,228400.0,500.0,322900.0
456,2021-10-06 13:18:21,228300.0,1000.0,322400.0
457,2021-10-06 13:18:02,228300.0,500.0,321400.0
458,2021-10-06 13:17:55,228300.0,600.0,320900.0
459,2021-10-06 13:17:53,228400.0,200.0,320300.0
460,2021-10-06 13:17:44,228300.0,200.0,320100.0
461,2021-10-06 13:17:27,228300.0,100.0,319900.0
462,2021-10-06 13:17:23,228300.0,200.0,319800.0
463,2021-10-06 13:17:19,228400.0,300.0,319600.0
464,2021-10-06 13:17:15,228400.0,100.0,319300.0
465,2021-10-06 13:17:02,228300.0,300.0,319200.0
466,2021-10-06 13:17:01,228400.0,700.0,318900.0
467,2021-10-06 13:16:49,228300.0,200.0,318200.0
468,2021-10-06 13:16:35,228300.0,100.0,318000.0
469,2021-10-06 13:16:23,228300.0,100.0,317900.0
470,2021-10-06 13:16:16,228300.0,100.0,317800.0
471,2021-10-06 13:16:14,228400.0,600.0,317700.0
472,2021-10-06 13:16:07,228300.0,100.0,317100.0
473,2021-10-06 13:15:55,228400.0,200.0,317000.0
474,2021-10-06 13:15:54,228300.0,100.0,316800.0
475,2021-10-06 13:15:48,228300.0,400.0,316700.0
476,2021-10-06 13:15:36,228400.0,200.0,316300.0
477,2021-10-06 13:15:33,228300.0,100.0,316100.0
478,2021-10-06 13:15:19,228300.0,100.0,316000.0
479,2021-10-06 13:15:16,228300.0,200.0,315900.0
480,2021-10-06 13:15:12,228400.0,100.0,315700.0
481,2021-10-06 13:14:55,228400.0,100.0,315600.0
482,2021-10-06 13:14:53,228400.0,300.0,315500.0
483,2021-10-06 13:14:40,228400.0,300.0,315200.0
484,2021-10-06 13:14:23,228300.0,100.0,314900.0
485,2021-10-06 13:14:21,228400.0,200.0,314800.0
486,2021-10-06 13:14:20,228300.0,200.0,314600.0
487,2021-10-06 13:13:42,228300.0,500.0,314400.0
488,2021-10-06 13:13:36,228300.0,100.0,313900.0
489,2021-10-06 13:13:23,228400.0,300.0,313800.0
490,2021-10-06 13:13:22,228300.0,200.0,313500.0
491,2021-10-06 13:13:13,228400.0,100.0,313300.0
492,2021-10-06 13:12:51,228400.0,500.0,313200.0
493,2021-10-06 13:12:41,228400.0,200.0,312700.0
494,2021-10-06 13:12:29,228300.0,100.0,312500.0
495,2021-10-06 13:12:25,228300.0,300.0,312400.0
496,2021-10-06 13:12:21,228300.0,100.0,312100.0
497,2021-10-06 13:12:13,228400.0,200.0,312000.0
498,2021-10-06 13:12:05,228300.0,600.0,311800.0
499,2021-10-06 13:11:53,228300.0,500.0,311200.0
500,2021-10-06 13:11:50,228300.0,300.0,310700.0
501,2021-10-06 13:11:49,228300.0,100.0,310400.0
502,2021-10-06 13:11:45,228300.0,300.0,310300.0
503,2021-10-06 13:11:37,228300.0,700.0,310000.0
504,2021-10-06 13:11:36,228200.0,200.0,309300.0
505,2021-10-06 13:11:34,228300.0,300.0,309100.0
506,2021-10-06 13:11:30,228300.0,100.0,308800.0
507,2021-10-06 13:11:24,228300.0,400.0,308700.0
508,2021-10-06 13:11:16,228300.0,200.0,308300.0
509,2021-10-06 13:11:12,228200.0,100.0,308100.0
510,2021-10-06 13:11:00,228200.0,400.0,308000.0
511,2021-10-06 13:10:42,228200.0,200.0,307600.0
512,2021-10-06 13:10:14,228200.0,100.0,307400.0
513,2021-10-06 13:09:59,228300.0,400.0,307300.0
514,2021-10-06 13:09:58,228200.0,100.0,306900.0
515,2021-10-06 13:09:54,228200.0,500.0,306800.0
516,2021-10-06 13:09:40,228200.0,1000.0,306300.0
517,2021-10-06 13:09:31,228200.0,500.0,305300.0
518,2021-10-06 13:09:29,228300.0,100.0,304800.0
519,2021-10-06 13:09:15,228200.0,300.0,304700.0
520,2021-10-06 13:09:12,228200.0,100.0,304400.0
521,2021-10-06 13:08:56,228200.0,200.0,304300.0
522,2021-10-06 13:08:51,228200.0,100.0,304100.0
523,2021-10-06 13:08:35,228200.0,200.0,304000.0
524,2021-10-06 13:08:28,228200.0,300.0,303800.0
525,2021-10-06 13:08:22,228300.0,300.0,303500.0
526,2021-10-06 13:08:07,228200.0,300.0,303200.0
527,2021-10-06 13:07:57,228300.0,200.0,302900.0
528,2021-10-06 13:07:36,228300.0,100.0,302700.0
529,2021-10-06 13:07:25,228200.0,300.0,302600.0
530,2021-10-06 13:07:21,228200.0,300.0,302300.0
531,2021-10-06 13:07:12,228300.0,1000.0,302000.0
532,2021-10-06 13:07:05,228200.0,200.0,301000.0
533,2021-10-06 13:06:43,228200.0,100.0,300800.0
534,2021-10-06 13:06:38,228300.0,100.0,300700.0
535,2021-10-06 13:06:21,228300.0,200.0,300600.0
536,2021-10-06 13:06:19,228200.0,100.0,300400.0
537,2021-10-06 13:05:58,228200.0,200.0,300300.0
538,2021-10-06 13:05:54,228200.0,200.0,300100.0
539,2021-10-06 13:05:38,228300.0,400.0,299900.0
540,2021-10-06 13:05:30,228200.0,100.0,299500.0
541,2021-10-06 13:05:20,228300.0,100.0,299400.0
542,2021-10-06 13:05:11,228300.0,300.0,299300.0
543,2021-10-06 13:05:00,228200.0,500.0,299000.0
544,2021-10-06 13:04:56,228200.0,200.0,298500.0
545,2021-10-06 13:04:30,228200.0,200.0,298300.0
546,2021-10-06 13:04:11,228300.0,200.0,298100.0
547,2021-10-06 13:04:06,228200.0,300.0,297900.0
548,2021-10-06 13:03:54,228300.0,200.0,297600.0
549,2021-10-06 13:03:30,228200.0,300.0,297400.0
550,2021-10-06 13:03:26,228300.0,400.0,297100.0
551,2021-10-06 13:03:15,228200.0,300.0,296700.0
552,2021-10-06 13:03:05,228300.0,100.0,296400.0
553,2021-10-06 13:02:35,228200.0,200.0,296300.0
554,2021-10-06 13:02:31,228200.0,100.0,296100.0
555,2021-10-06 13:02:28,228200.0,200.0,296000.0
556,2021-10-06 13:02:19,228300.0,500.0,295800.0
557,2021-10-06 13:02:10,228200.0,100.0,295300.0
558,2021-10-06 13:02:07,228200.0,200.0,295200.0
559,2021-10-06 13:02:04,228200.0,500.0,295000.0
560,2021-10-06 13:01:50,228200.0,100.0,294500.0
561,2021-10-06 13:01:23,228200.0,500.0,294400.0
562,2021-10-06 13:01:12,228200.0,100.0,293900.0
563,2021-10-06 13:01:07,228300.0,400.0,293800.0
564,2021-10-06 13:00:54,228200.0,200.0,293400.0
565,2021-10-06 13:00:46,228200.0,500.0,293200.0
566,2021-10-06 13:00:43,228200.0,400.0,292700.0
567,2021-10-06 13:00:27,228200.0,200.0,292300.0
568,2021-10-06 13:00:19,228200.0,100.0,292100.0
569,2021-10-06 13:00:18,228300.0,300.0,292000.0
570,2021-10-06 13:00:16,228200.0,300.0,291700.0
571,2021-10-06 13:00:09,228200.0,100.0,291400.0
572,2021-10-06 13:00:01,228300.0,200.0,291300.0
573,2021-10-06 11:29:27,228200.0,1000.0,291100.0
574,2021-10-06 11:29:26,228300.0,400.0,290100.0
575,2021-10-06 11:29:06,228300.0,300.0,289700.0
576,2021-10-06 11:28:02,228300.0,200.0,289400.0
577,2021-10-06 11:27:44,228300.0,100.0,289200.0
578,2021-10-06 11:27:36,228200.0,300.0,289100.0
579,2021-10-06 11:27:03,228300.0,200.0,288800.0
580,2021-10-06 11:26:34,228300.0,200.0,288600.0
581,2021-10-06 11:26:16,228300.0,300.0,288400.0
582,2021-10-06 11:26:12,228200.0,100.0,288100.0
583,2021-10-06 11:26:08,228200.0,200.0,288000.0
584,2021-10-06 11:25:58,228300.0,100.0,287800.0
585,2021-10-06 11:25:51,228300.0,300.0,287700.0
586,2021-10-06 11:25:35,228300.0,200.0,287400.0
587,2021-10-06 11:25:08,228200.0,300.0,287200.0
588,2021-10-06 11:25:02,228300.0,200.0,286900.0
589,2021-10-06 11:24:55,228200.0,300.0,286700.0
590,2021-10-06 11:24:34,228300.0,400.0,286400.0
591,2021-10-06 11:24:28,228200.0,200.0,286000.0
592,2021-10-06 11:24:08,228200.0,500.0,285800.0
593,2021-10-06 11:24:00,228300.0,1000.0,285300.0
594,2021-10-06 11:23:55,228200.0,500.0,284300.0
595,2021-10-06 11:23:34,228200.0,200.0,283800.0
596,2021-10-06 11:23:32,228300.0,400.0,283600.0
597,2021-10-06 11:23:31,228200.0,300.0,283200.0
598,2021-10-06 11:23:24,228300.0,200.0,282900.0
599,2021-10-06 11:23:02,228200.0,200.0,282700.0
600,2021-10-06 11:22:48,228300.0,200.0,282500.0
601,2021-10-06 11:22:34,228200.0,200.0,282300.0
602,2021-10-06 11:22:31,228200.0,400.0,282100.0
603,2021-10-06 11:22:02,228300.0,500.0,281700.0
604,2021-10-06 11:21:59,228200.0,300.0,281200.0
605,2021-10-06 11:21:55,228200.0,500.0,280900.0
606,2021-10-06 11:21:40,228300.0,200.0,280400.0
607,2021-10-06 11:21:36,228200.0,200.0,280200.0
608,2021-10-06 11:21:31,228200.0,100.0,280000.0
609,2021-10-06 11:21:01,228200.0,300.0,279900.0
610,2021-10-06 11:20:58,228300.0,700.0,279600.0
611,2021-10-06 11:20:57,228200.0,200.0,278900.0
612,2021-10-06 11:20:47,228300.0,100.0,278700.0
613,2021-10-06 11:20:36,228200.0,400.0,278600.0
614,2021-10-06 11:20:31,228200.0,200.0,278200.0
615,2021-10-06 11:20:30,228200.0,300.0,278000.0
616,2021-10-06 11:20:28,228100.0,200.0,277700.0
617,2021-10-06 11:20:24,228200.0,500.0,277500.0
618,2021-10-06 11:20:19,228200.0,100.0,277000.0
619,2021-10-06 11:20:16,228200.0,200.0,276900.0
620,2021-10-06 11:20:14,228200.0,800.0,276700.0
621,2021-10-06 11:20:13,228200.0,1100.0,275900.0
622,2021-10-06 11:20:10,228200.0,300.0,274800.0
623,2021-10-06 11:19:57,228200.0,200.0,274500.0
624,2021-10-06 11:19:54,228100.0,200.0,274300.0
625,2021-10-06 11:19:52,228100.0,200.0,274100.0
626,2021-10-06 11:19:45,228100.0,500.0,273900.0
627,2021-10-06 11:19:43,228100.0,300.0,273400.0
628,2021-10-06 11:19:39,228100.0,1500.0,273100.0
629,2021-10-06 11:19:35,228100.0,600.0,271600.0
630,2021-10-06 11:19:32,228100.0,200.0,271000.0
631,2021-10-06 11:19:28,228100.0,1800.0,270800.0
632,2021-10-06 11:19:20,228100.0,200.0,269000.0
633,2021-10-06 11:19:14,228100.0,200.0,268800.0
634,2021-10-06 11:19:04,228100.0,600.0,268600.0
635,2021-10-06 11:18:59,228100.0,700.0,268000.0
636,2021-10-06 11:18:58,228200.0,800.0,267300.0
637,2021-10-06 11:18:53,228100.0,1500.0,266500.0
638,2021-10-06 11:18:45,228100.0,500.0,265000.0
639,2021-10-06 11:18:43,228200.0,200.0,264500.0
640,2021-10-06 11:18:39,228100.0,1000.0,264300.0
641,2021-10-06 11:18:34,228100.0,600.0,263300.0
642,2021-10-06 11:18:26,228100.0,300.0,262700.0
643,2021-10-06 11:18:21,228200.0,400.0,262400.0
644,2021-10-06 11:18:17,228100.0,100.0,262000.0
645,2021-10-06 11:18:13,228200.0,600.0,261900.0
646,2021-10-06 11:18:06,228200.0,600.0,261300.0
647,2021-10-06 11:18:05,228100.0,200.0,260700.0
648,2021-10-06 11:17:55,228200.0,100.0,260500.0
649,2021-10-06 11:17:48,228200.0,1000.0,260400.0
650,2021-10-06 11:17:46,228300.0,1200.0,259400.0
651,2021-10-06 11:17:43,228200.0,300.0,258200.0
652,2021-10-06 11:17:40,228200.0,100.0,257900.0
653,2021-10-06 11:17:33,228200.0,500.0,257800.0
654,2021-10-06 11:17:30,228300.0,500.0,257300.0
655,2021-10-06 11:17:26,228200.0,1200.0,256800.0
656,2021-10-06 11:17:07,228200.0,200.0,255600.0
657,2021-10-06 11:16:57,228200.0,200.0,255400.0
658,2021-10-06 11:16:55,228300.0,500.0,255200.0
659,2021-10-06 11:16:30,228300.0,300.0,254700.0
660,2021-10-06 11:16:27,228200.0,100.0,254400.0
661,2021-10-06 11:16:17,228200.0,300.0,254300.0
662,2021-10-06 11:16:06,228200.0,100.0,254000.0
663,2021-10-06 11:15:51,228300.0,200.0,253900.0
664,2021-10-06 11:15:46,228200.0,200.0,253700.0
665,2021-10-06 11:15:29,228200.0,300.0,253500.0
666,2021-10-06 11:15:28,228300.0,200.0,253200.0
667,2021-10-06 11:15:23,228300.0,2200.0,253000.0
668,2021-10-06 11:15:18,228200.0,100.0,250800.0
669,2021-10-06 11:14:49,228100.0,300.0,250700.0
670,2021-10-06 11:14:44,228200.0,300.0,250400.0
671,2021-10-06 11:14:41,228200.0,1000.0,250100.0
672,2021-10-06 11:14:37,228300.0,600.0,249100.0
673,2021-10-06 11:14:31,228200.0,500.0,248500.0
674,2021-10-06 11:14:24,228200.0,300.0,248000.0
675,2021-10-06 11:14:15,228300.0,300.0,247700.0
676,2021-10-06 11:14:11,228200.0,400.0,247400.0
677,2021-10-06 11:13:46,228300.0,400.0,247000.0
678,2021-10-06 11:13:30,228200.0,500.0,246600.0
679,2021-10-06 11:13:28,228300.0,100.0,246100.0
680,2021-10-06 11:13:08,228300.0,500.0,246000.0
681,2021-10-06 11:13:05,228200.0,100.0,245500.0
682,2021-10-06 11:12:29,228300.0,200.0,245400.0
683,2021-10-06 11:12:26,228200.0,300.0,245200.0
684,2021-10-06 11:12:09,228300.0,2000.0,244900.0
685,2021-10-06 11:11:52,228300.0,200.0,242900.0
686,2021-10-06 11:11:37,228200.0,500.0,242700.0
687,2021-10-06 11:11:21,228300.0,100.0,242200.0
688,2021-10-06 11:11:16,228200.0,1000.0,242100.0
689,2021-10-06 11:11:01,228200.0,300.0,241100.0
690,2021-10-06 11:10:59,228300.0,200.0,240800.0
691,2021-10-06 11:10:57,228200.0,300.0,240600.0
692,2021-10-06 11:10:54,228300.0,200.0,240300.0
693,2021-10-06 11:10:21,228200.0,400.0,240100.0
694,2021-10-06 11:10:20,228300.0,100.0,239700.0
695,2021-10-06 11:10:18,228200.0,100.0,239600.0
696,2021-10-06 11:09:59,228200.0,300.0,239500.0
697,2021-10-06 11:09:53,228200.0,300.0,239200.0
698,2021-10-06 11:09:44,228300.0,400.0,238900.0
699,2021-10-06 11:09:35,228200.0,1000.0,238500.0
700,2021-10-06 11:09:29,228300.0,2500.0,237500.0
701,2021-10-06 11:09:08,228200.0,800.0,235000.0
702,2021-10-06 11:09:04,228200.0,300.0,234200.0
703,2021-10-06 11:09:03,228100.0,200.0,233900.0
704,2021-10-06 11:09:02,228200.0,200.0,233700.0
705,2021-10-06 11:08:54,228200.0,300.0,233500.0
706,2021-10-06 11:08:34,228200.0,400.0,233200.0
707,2021-10-06 11:08:31,228100.0,300.0,232800.0
708,2021-10-06 11:08:27,228200.0,200.0,232500.0
709,2021-10-06 11:08:17,228200.0,100.0,232300.0
710,2021-10-06 11:08:12,228200.0,1200.0,232200.0
711,2021-10-06 11:08:07,228200.0,500.0,231000.0
712,2021-10-06 11:08:04,228100.0,300.0,230500.0
713,2021-10-06 11:08:00,228100.0,200.0,230200.0
714,2021-10-06 11:07:55,228200.0,200.0,230000.0
715,2021-10-06 11:07:47,228100.0,200.0,229800.0
716,2021-10-06 11:07:30,228100.0,100.0,229600.0
717,2021-10-06 11:07:02,228100.0,300.0,229500.0
718,2021-10-06 11:06:53,228100.0,300.0,229200.0
719,2021-10-06 11:06:51,228200.0,200.0,228900.0
720,2021-10-06 11:06:38,228200.0,700.0,228700.0
721,2021-10-06 11:06:26,228200.0,400.0,228000.0
722,2021-10-06 11:06:25,228100.0,300.0,227600.0
723,2021-10-06 11:06:02,228200.0,300.0,227300.0
724,2021-10-06 11:05:59,228100.0,200.0,227000.0
725,2021-10-06 11:05:40,228100.0,1000.0,226800.0
726,2021-10-06 11:05:38,228100.0,100.0,225800.0
727,2021-10-06 11:05:33,228100.0,300.0,225700.0
728,2021-10-06 11:05:06,228100.0,200.0,225400.0
729,2021-10-06 11:05:04,228200.0,200.0,225200.0
730,2021-10-06 11:04:46,228100.0,1000.0,225000.0
731,2021-10-06 11:04:41,228100.0,1600.0,224000.0
732,2021-10-06 11:04:40,228200.0,700.0,222400.0
733,2021-10-06 11:04:28,228100.0,1000.0,221700.0
734,2021-10-06 11:04:21,228200.0,200.0,220700.0
735,2021-10-06 11:04:17,228200.0,500.0,220500.0
736,2021-10-06 11:04:15,228200.0,200.0,220000.0
737,2021-10-06 11:04:02,228100.0,200.0,219800.0
738,2021-10-06 11:03:59,228200.0,200.0,219600.0
739,2021-10-06 11:03:52,228200.0,200.0,219400.0
740,2021-10-06 11:03:47,228200.0,1000.0,219200.0
741,2021-10-06 11:03:43,228200.0,100.0,218200.0
742,2021-10-06 11:03:40,228200.0,600.0,218100.0
743,2021-10-06 11:03:33,228200.0,300.0,217500.0
744,2021-10-06 11:03:29,228200.0,100.0,217200.0
745,2021-10-06 11:03:26,228300.0,100.0,217100.0
746,2021-10-06 11:03:20,228200.0,500.0,217000.0
747,2021-10-06 11:03:09,228200.0,400.0,216500.0
748,2021-10-06 11:03:06,228300.0,100.0,216100.0
749,2021-10-06 11:02:51,228200.0,200.0,216000.0
750,2021-10-06 11:02:50,228300.0,300.0,215800.0
751,2021-10-06 11:02:11,228200.0,400.0,215500.0
752,2021-10-06 11:02:10,228300.0,400.0,215100.0
753,2021-10-06 11:01:51,228200.0,200.0,214700.0
754,2021-10-06 11:01:39,228300.0,1800.0,214500.0
755,2021-10-06 11:01:15,228200.0,200.0,212700.0
756,2021-10-06 11:01:11,228200.0,200.0,212500.0
757,2021-10-06 11:00:57,228300.0,500.0,212300.0
758,2021-10-06 11:00:31,228200.0,1000.0,211800.0
759,2021-10-06 11:00:24,228200.0,200.0,210800.0
760,2021-10-06 11:00:17,228300.0,800.0,210600.0
761,2021-10-06 11:00:10,228300.0,300.0,209800.0
762,2021-10-06 10:59:57,228300.0,1000.0,209500.0
763,2021-10-06 10:59:46,228300.0,200.0,208500.0
764,2021-10-06 10:59:38,228300.0,500.0,208300.0
765,2021-10-06 10:59:33,228300.0,400.0,207800.0
766,2021-10-06 10:59:26,228300.0,1100.0,207400.0
767,2021-10-06 10:59:22,228300.0,300.0,206300.0
768,2021-10-06 10:59:20,228300.0,500.0,206000.0
769,2021-10-06 10:59:19,228400.0,500.0,205500.0
770,2021-10-06 10:59:08,228300.0,200.0,205000.0
771,2021-10-06 10:59:05,228400.0,400.0,204800.0
772,2021-10-06 10:58:58,228400.0,600.0,204400.0
773,2021-10-06 10:58:52,228400.0,1000.0,203800.0
774,2021-10-06 10:58:48,228400.0,500.0,202800.0
775,2021-10-06 10:58:38,228500.0,100.0,202300.0
776,2021-10-06 10:58:31,228500.0,300.0,202200.0
777,2021-10-06 10:58:27,228500.0,1500.0,201900.0
778,2021-10-06 10:58:20,228500.0,300.0,200400.0
779,2021-10-06 10:58:17,228500.0,200.0,200100.0
780,2021-10-06 10:58:15,228500.0,1200.0,199900.0
781,2021-10-06 10:58:10,228500.0,500.0,198700.0
782,2021-10-06 10:58:04,228500.0,200.0,198200.0
783,2021-10-06 10:58:03,228500.0,500.0,198000.0
784,2021-10-06 10:57:56,228500.0,200.0,197500.0
785,2021-10-06 10:57:54,228500.0,300.0,197300.0
786,2021-10-06 10:57:47,228500.0,1000.0,197000.0
787,2021-10-06 10:57:44,228600.0,300.0,196000.0
788,2021-10-06 10:57:34,228500.0,1000.0,195700.0
789,2021-10-06 10:57:13,228500.0,300.0,194700.0
790,2021-10-06 10:57:12,228500.0,1000.0,194400.0
791,2021-10-06 10:56:56,228600.0,600.0,193400.0
792,2021-10-06 10:56:42,228500.0,200.0,192800.0
793,2021-10-06 10:56:29,228600.0,1000.0,192600.0
794,2021-10-06 10:56:17,228500.0,200.0,191600.0
795,2021-10-06 10:55:37,228600.0,300.0,191400.0
796,2021-10-06 10:55:35,228500.0,200.0,191100.0
797,2021-10-06 10:55:26,228600.0,400.0,190900.0
798,2021-10-06 10:55:23,228500.0,100.0,190500.0
799,2021-10-06 10:54:58,228500.0,200.0,190400.0
800,2021-10-06 10:54:46,228500.0,300.0,190200.0
801,2021-10-06 10:54:31,228600.0,100.0,189900.0
802,2021-10-06 10:54:30,228500.0,300.0,189800.0
803,2021-10-06 10:54:16,228500.0,500.0,189500.0
804,2021-10-06 10:54:06,228600.0,400.0,189000.0
805,2021-10-06 10:53:52,228600.0,300.0,188600.0
806,2021-10-06 10:53:45,228500.0,300.0,188300.0
807,2021-10-06 10:53:42,228500.0,100.0,188000.0
808,2021-10-06 10:53:29,228600.0,400.0,187900.0
809,2021-10-06 10:53:26,228500.0,300.0,187500.0
810,2021-10-06 10:53:24,228600.0,100.0,187200.0
811,2021-10-06 10:53:16,228600.0,200.0,187100.0
812,2021-10-06 10:53:03,228500.0,300.0,186900.0
813,2021-10-06 10:52:57,228600.0,300.0,186600.0
814,2021-10-06 10:52:47,228600.0,100.0,186300.0
815,2021-10-06 10:52:44,228600.0,100.0,186200.0
816,2021-10-06 10:52:43,228500.0,200.0,186100.0
817,2021-10-06 10:52:37,228600.0,200.0,185900.0
818,2021-10-06 10:52:17,228500.0,200.0,185700.0
819,2021-10-06 10:52:09,228600.0,700.0,185500.0
820,2021-10-06 10:51:51,228600.0,400.0,184800.0
821,2021-10-06 10:51:38,228500.0,100.0,184400.0
822,2021-10-06 10:51:35,228500.0,100.0,184300.0
823,2021-10-06 10:51:34,228600.0,300.0,184200.0
824,2021-10-06 10:51:19,228600.0,500.0,183900.0
825,2021-10-06 10:51:14,228600.0,200.0,183400.0
826,2021-10-06 10:51:02,228500.0,100.0,183200.0
827,2021-10-06 10:50:58,228600.0,200.0,183100.0
828,2021-10-06 10:50:41,228500.0,300.0,182900.0
829,2021-10-06 10:50:21,228500.0,200.0,182600.0
830,2021-10-06 10:50:13,228500.0,200.0,182400.0
831,2021-10-06 10:50:10,228500.0,500.0,182200.0
832,2021-10-06 10:50:01,228500.0,200.0,181700.0
833,2021-10-06 10:49:46,228500.0,100.0,181500.0
834,2021-10-06 10:49:43,228400.0,100.0,181400.0
835,2021-10-06 10:49:37,228500.0,300.0,181300.0
836,2021-10-06 10:49:25,228500.0,600.0,181000.0
837,2021-10-06 10:49:22,228500.0,100.0,180400.0
838,2021-10-06 10:49:20,228400.0,200.0,180300.0
839,2021-10-06 10:49:07,228500.0,500.0,180100.0
840,2021-10-06 10:48:56,228500.0,200.0,179600.0
841,2021-10-06 10:48:49,228400.0,100.0,179400.0
842,2021-10-06 10:48:48,228500.0,200.0,179300.0
843,2021-10-06 10:48:33,228400.0,200.0,179100.0
844,2021-10-06 10:48:29,228300.0,100.0,178900.0
845,2021-10-06 10:48:23,228400.0,200.0,178800.0
846,2021-10-06 10:48:08,228300.0,300.0,178600.0
847,2021-10-06 10:47:59,228400.0,3100.0,178300.0
848,2021-10-06 10:47:40,228400.0,200.0,175200.0
849,2021-10-06 10:47:34,228400.0,200.0,175000.0
850,2021-10-06 10:47:30,228400.0,300.0,174800.0
851,2021-10-06 10:47:08,228400.0,500.0,174500.0
852,2021-10-06 10:46:54,228300.0,100.0,174000.0
853,2021-10-06 10:46:50,228300.0,200.0,173900.0
854,2021-10-06 10:46:26,228300.0,200.0,173700.0
855,2021-10-06 10:46:22,228300.0,500.0,173500.0
856,2021-10-06 10:46:05,228400.0,200.0,173000.0
857,2021-10-06 10:45:49,228400.0,1700.0,172800.0
858,2021-10-06 10:45:40,228400.0,100.0,171100.0
859,2021-10-06 10:45:34,228400.0,300.0,171000.0
860,2021-10-06 10:45:31,228300.0,100.0,170700.0
861,2021-10-06 10:45:15,228400.0,600.0,170600.0
862,2021-10-06 10:45:10,228300.0,200.0,170000.0
863,2021-10-06 10:45:06,228300.0,500.0,169800.0
864,2021-10-06 10:44:53,228400.0,200.0,169300.0
865,2021-10-06 10:44:39,228300.0,400.0,169100.0
866,2021-10-06 10:44:07,228300.0,200.0,168700.0
867,2021-10-06 10:44:01,228400.0,100.0,168500.0
868,2021-10-06 10:43:49,228400.0,200.0,168400.0
869,2021-10-06 10:43:47,228300.0,200.0,168200.0
870,2021-10-06 10:43:33,228300.0,700.0,168000.0
871,2021-10-06 10:43:12,228400.0,300.0,167300.0
872,2021-10-06 10:42:57,228400.0,200.0,167000.0
873,2021-10-06 10:42:37,228300.0,500.0,166800.0
874,2021-10-06 10:42:26,228300.0,200.0,166300.0
875,2021-10-06 10:42:15,228400.0,1100.0,166100.0
876,2021-10-06 10:41:47,228300.0,200.0,165000.0
877,2021-10-06 10:41:41,228300.0,100.0,164800.0
878,2021-10-06 10:41:38,228400.0,100.0,164700.0
879,2021-10-06 10:41:24,228300.0,300.0,164600.0
880,2021-10-06 10:41:20,228400.0,300.0,164300.0
881,2021-10-06 10:40:54,228400.0,300.0,164000.0
882,2021-10-06 10:40:31,228300.0,200.0,163700.0
883,2021-10-06 10:40:12,228300.0,100.0,163500.0
884,2021-10-06 10:40:08,228300.0,300.0,163400.0
885,2021-10-06 10:40:06,228400.0,100.0,163100.0
886,2021-10-06 10:39:42,228300.0,200.0,163000.0
887,2021-10-06 10:39:27,228400.0,100.0,162800.0
888,2021-10-06 10:39:03,228300.0,300.0,162700.0
889,2021-10-06 10:38:15,228300.0,200.0,162400.0
890,2021-10-06 10:38:11,228300.0,100.0,162200.0
891,2021-10-06 10:38:04,228400.0,800.0,162100.0
892,2021-10-06 10:37:57,228400.0,1200.0,161300.0
893,2021-10-06 10:37:45,228400.0,300.0,160100.0
894,2021-10-06 10:37:33,228400.0,300.0,159800.0
895,2021-10-06 10:37:30,228500.0,200.0,159500.0
896,2021-10-06 10:37:04,228300.0,100.0,159300.0
897,2021-10-06 10:36:51,228400.0,400.0,159200.0
898,2021-10-06 10:36:46,228400.0,200.0,158800.0
899,2021-10-06 10:36:40,228400.0,800.0,158600.0
900,2021-10-06 10:36:18,228400.0,300.0,157800.0
901,2021-10-06 10:36:14,228400.0,300.0,157500.0
902,2021-10-06 10:35:50,228500.0,100.0,157200.0
903,2021-10-06 10:35:30,228400.0,100.0,157100.0
904,2021-10-06 10:35:23,228500.0,100.0,157000.0
905,2021-10-06 10:35:09,228400.0,200.0,156900.0
906,2021-10-06 10:34:38,228400.0,200.0,156700.0
907,2021-10-06 10:34:37,228500.0,300.0,156500.0
908,2021-10-06 10:34:35,228400.0,100.0,156200.0
909,2021-10-06 10:34:04,228500.0,100.0,156100.0
910,2021-10-06 10:34:03,228400.0,300.0,156000.0
911,2021-10-06 10:33:19,228400.0,100.0,155700.0
912,2021-10-06 10:33:07,228500.0,200.0,155600.0
913,2021-10-06 10:32:59,228400.0,100.0,155400.0
914,2021-10-06 10:32:55,228400.0,200.0,155300.0
915,2021-10-06 10:32:29,228400.0,300.0,155100.0
916,2021-10-06 10:32:22,228500.0,200.0,154800.0
917,2021-10-06 10:31:58,228400.0,100.0,154600.0
918,2021-10-06 10:31:27,228400.0,400.0,154500.0
919,2021-10-06 10:31:03,228400.0,500.0,154100.0
920,2021-10-06 10:30:50,228400.0,100.0,153600.0
921,2021-10-06 10:30:32,228500.0,100.0,153500.0
922,2021-10-06 10:30:18,228400.0,100.0,153400.0
923,2021-10-06 10:30:15,228500.0,200.0,153300.0
924,2021-10-06 10:30:00,228400.0,300.0,153100.0
925,2021-10-06 10:29:32,228500.0,100.0,152800.0
926,2021-10-06 10:29:05,228400.0,100.0,152700.0
927,2021-10-06 10:28:46,228400.0,200.0,152600.0
928,2021-10-06 10:28:15,228500.0,200.0,152400.0
929,2021-10-06 10:27:56,228400.0,200.0,152200.0
930,2021-10-06 10:27:27,228400.0,100.0,152000.0
931,2021-10-06 10:27:22,228500.0,100.0,151900.0
932,2021-10-06 10:26:51,228400.0,200.0,151800.0
933,2021-10-06 10:26:41,228500.0,300.0,151600.0
934,2021-10-06 10:26:11,228400.0,100.0,151300.0
935,2021-10-06 10:26:08,228400.0,100.0,151200.0
936,2021-10-06 10:25:59,228400.0,300.0,151100.0
937,2021-10-06 10:25:17,228400.0,500.0,150800.0
938,2021-10-06 10:25:09,228500.0,100.0,150300.0
939,2021-10-06 10:24:45,228400.0,300.0,150200.0
940,2021-10-06 10:24:40,228500.0,200.0,149900.0
941,2021-10-06 10:24:27,228500.0,200.0,149700.0
942,2021-10-06 10:23:45,228500.0,100.0,149500.0
943,2021-10-06 10:23:26,228500.0,200.0,149400.0
944,2021-10-06 10:22:58,228500.0,200.0,149200.0
945,2021-10-06 10:22:40,228400.0,500.0,149000.0
946,2021-10-06 10:22:20,228500.0,100.0,148500.0
947,2021-10-06 10:22:12,228400.0,300.0,148400.0
948,2021-10-06 10:21:56,228400.0,300.0,148100.0
949,2021-10-06 10:21:37,228400.0,200.0,147800.0
950,2021-10-06 10:21:24,228400.0,300.0,147600.0
951,2021-10-06 10:21:23,228500.0,100.0,147300.0
952,2021-10-06 10:21:16,228500.0,200.0,147200.0
953,2021-10-06 10:21:01,228400.0,100.0,147000.0
954,2021-10-06 10:20:38,228400.0,300.0,146900.0
955,2021-10-06 10:20:36,228500.0,200.0,146600.0
956,2021-10-06 10:20:11,228400.0,100.0,146400.0
957,2021-10-06 10:20:01,228400.0,100.0,146300.0
958,2021-10-06 10:19:50,228500.0,400.0,146200.0
959,2021-10-06 10:19:16,228400.0,300.0,145800.0
960,2021-10-06 10:19:14,228500.0,200.0,145500.0
961,2021-10-06 10:18:46,228400.0,200.0,145300.0
962,2021-10-06 10:18:35,228400.0,300.0,145100.0
963,2021-10-06 10:18:30,228500.0,100.0,144800.0
964,2021-10-06 10:18:17,228400.0,100.0,144700.0
965,2021-10-06 10:18:04,228500.0,100.0,144600.0
966,2021-10-06 10:18:03,228400.0,500.0,144500.0
967,2021-10-06 10:18:01,228500.0,200.0,144000.0
968,2021-10-06 10:17:52,228400.0,200.0,143800.0
969,2021-10-06 10:17:42,228400.0,300.0,143600.0
970,2021-10-06 10:17:22,228400.0,200.0,143300.0
971,2021-10-06 10:17:19,228500.0,200.0,143100.0
972,2021-10-06 10:16:39,228500.0,100.0,142900.0
973,2021-10-06 10:16:29,228500.0,200.0,142800.0
974,2021-10-06 10:16:28,228400.0,100.0,142600.0
975,2021-10-06 10:16:23,228400.0,200.0,142500.0
976,2021-10-06 10:16:08,228500.0,100.0,142300.0
977,2021-10-06 10:15:56,228400.0,100.0,142200.0
978,2021-10-06 10:15:33,228400.0,200.0,142100.0
979,2021-10-06 10:15:18,228500.0,200.0,141900.0
980,2021-10-06 10:15:00,228400.0,300.0,141700.0
981,2021-10-06 10:14:43,228400.0,200.0,141400.0
982,2021-10-06 10:14:22,228400.0,300.0,141200.0
983,2021-10-06 10:14:00,228400.0,200.0,140900.0
984,2021-10-06 10:13:59,228500.0,200.0,140700.0
985,2021-10-06 10:13:24,228400.0,300.0,140500.0
986,2021-10-06 10:13:07,228500.0,300.0,140200.0
987,2021-10-06 10:13:01,228500.0,100.0,139900.0
988,2021-10-06 10:12:48,228500.0,100.0,139800.0
989,2021-10-06 10:12:42,228500.0,500.0,139700.0
990,2021-10-06 10:12:37,228500.0,200.0,139200.0
991,2021-10-06 10:12:35,228500.0,300.0,139000.0
992,2021-10-06 10:12:27,228500.0,600.0,138700.0
993,2021-10-06 10:12:17,228500.0,500.0,138100.0
994,2021-10-06 10:12:09,228500.0,300.0,137600.0
995,2021-10-06 10:12:01,228500.0,600.0,137300.0
996,2021-10-06 10:11:58,228600.0,200.0,136700.0
997,2021-10-06 10:11:55,228500.0,1200.0,136500.0
998,2021-10-06 10:11:54,228500.0,200.0,135300.0
999,2021-10-06 10:11:29,228600.0,200.0,135100.0
1000,2021-10-06 10:11:27,228600.0,400.0,134900.0
1001,2021-10-06 10:11:20,228600.0,1000.0,134500.0
1002,2021-10-06 10:11:16,228700.0,100.0,133500.0
1003,2021-10-06 10:11:04,228500.0,300.0,133400.0
1004,2021-10-06 10:11:02,228600.0,100.0,133100.0
1005,2021-10-06 10:11:01,228700.0,100.0,133000.0
1006,2021-10-06 10:10:53,228600.0,1000.0,132900.0
1007,2021-10-06 10:10:52,228700.0,100.0,131900.0
1008,2021-10-06 10:10:36,228600.0,100.0,131800.0
1009,2021-10-06 10:10:32,228600.0,100.0,131700.0
1010,2021-10-06 10:10:30,228600.0,100.0,131600.0
1011,2021-10-06 10:10:20,228600.0,300.0,131500.0
1012,2021-10-06 10:10:14,228600.0,1200.0,131200.0
1013,2021-10-06 10:10:12,228700.0,100.0,130000.0
1014,2021-10-06 10:10:05,228600.0,200.0,129900.0
1015,2021-10-06 10:10:01,228600.0,400.0,129700.0
1016,2021-10-06 10:09:52,228600.0,500.0,129300.0
1017,2021-10-06 10:09:44,228600.0,100.0,128800.0
1018,2021-10-06 10:09:38,228600.0,300.0,128700.0
1019,2021-10-06 10:09:37,228600.0,300.0,128400.0
1020,2021-10-06 10:09:19,228600.0,200.0,128100.0
1021,2021-10-06 10:09:11,228700.0,100.0,127900.0
1022,2021-10-06 10:09:08,228700.0,100.0,127800.0
1023,2021-10-06 10:09:04,228600.0,200.0,127700.0
1024,2021-10-06 10:08:54,228600.0,200.0,127500.0
1025,2021-10-06 10:08:43,228600.0,1000.0,127300.0
1026,2021-10-06 10:08:30,228600.0,400.0,126300.0
1027,2021-10-06 10:08:26,228700.0,200.0,125900.0
1028,2021-10-06 10:08:06,228700.0,100.0,125700.0
1029,2021-10-06 10:08:02,228600.0,200.0,125600.0
1030,2021-10-06 10:07:32,228600.0,400.0,125400.0
1031,2021-10-06 10:07:13,228700.0,700.0,125000.0
1032,2021-10-06 10:06:53,228600.0,200.0,124300.0
1033,2021-10-06 10:06:36,228600.0,100.0,124100.0
1034,2021-10-06 10:06:35,228700.0,100.0,124000.0
1035,2021-10-06 10:06:21,228600.0,300.0,123900.0
1036,2021-10-06 10:06:08,228600.0,500.0,123600.0
1037,2021-10-06 10:05:48,228600.0,400.0,123100.0
1038,2021-10-06 10:05:35,228600.0,200.0,122700.0
1039,2021-10-06 10:05:18,228600.0,200.0,122500.0
1040,2021-10-06 10:05:10,228600.0,300.0,122300.0
1041,2021-10-06 10:04:55,228600.0,400.0,122000.0
1042,2021-10-06 10:04:41,228600.0,500.0,121600.0
1043,2021-10-06 10:04:27,228700.0,100.0,121100.0
1044,2021-10-06 10:04:20,228600.0,100.0,121000.0
1045,2021-10-06 10:04:17,228600.0,300.0,120900.0
1046,2021-10-06 10:04:15,228500.0,400.0,120600.0
1047,2021-10-06 10:04:02,228500.0,100.0,120200.0
1048,2021-10-06 10:03:58,228500.0,100.0,120100.0
1049,2021-10-06 10:03:44,228500.0,200.0,120000.0
1050,2021-10-06 10:03:34,228600.0,400.0,119800.0
1051,2021-10-06 10:03:19,228600.0,100.0,119400.0
1052,2021-10-06 10:03:16,228500.0,300.0,119300.0
1053,2021-10-06 10:02:47,228500.0,200.0,119000.0
1054,2021-10-06 10:02:41,228500.0,200.0,118800.0
1055,2021-10-06 10:02:32,228600.0,200.0,118600.0
1056,2021-10-06 10:02:28,228600.0,100.0,118400.0
1057,2021-10-06 10:02:26,228600.0,400.0,118300.0
1058,2021-10-06 10:02:07,228600.0,100.0,117900.0
1059,2021-10-06 10:01:59,228500.0,200.0,117800.0
1060,2021-10-06 10:01:48,228500.0,300.0,117600.0
1061,2021-10-06 10:01:31,228600.0,200.0,117300.0
1062,2021-10-06 10:01:24,228600.0,400.0,117100.0
1063,2021-10-06 10:01:08,228500.0,300.0,116700.0
1064,2021-10-06 10:00:58,228500.0,2100.0,116400.0
1065,2021-10-06 10:00:40,228600.0,500.0,114300.0
1066,2021-10-06 10:00:38,228500.0,100.0,113800.0
1067,2021-10-06 10:00:27,228500.0,300.0,113700.0
1068,2021-10-06 10:00:02,228500.0,200.0,113400.0
1069,2021-10-06 09:59:52,228500.0,200.0,113200.0
1070,2021-10-06 09:59:39,228500.0,500.0,113000.0
1071,2021-10-06 09:59:25,228500.0,500.0,112500.0
1072,2021-10-06 09:59:04,228600.0,200.0,112000.0
1073,2021-10-06 09:58:58,228500.0,500.0,111800.0
1074,2021-10-06 09:58:11,228600.0,100.0,111300.0
1075,2021-10-06 09:58:08,228500.0,300.0,111200.0
1076,2021-10-06 09:57:51,228600.0,200.0,110900.0
1077,2021-10-06 09:57:33,228600.0,100.0,110700.0
1078,2021-10-06 09:57:15,228500.0,200.0,110600.0
1079,2021-10-06 09:56:40,228600.0,100.0,110400.0
1080,2021-10-06 09:56:30,228500.0,500.0,110300.0
1081,2021-10-06 09:56:22,228600.0,300.0,109800.0
1082,2021-10-06 09:56:05,228500.0,300.0,109500.0
1083,2021-10-06 09:55:47,228500.0,200.0,109200.0
1084,2021-10-06 09:55:30,228600.0,200.0,109000.0
1085,2021-10-06 09:55:22,228500.0,200.0,108800.0
1086,2021-10-06 09:55:04,228500.0,100.0,108600.0
1087,2021-10-06 09:54:39,228500.0,200.0,108500.0
1088,2021-10-06 09:54:36,228600.0,100.0,108300.0
1089,2021-10-06 09:54:24,228600.0,100.0,108200.0
1090,2021-10-06 09:54:10,228500.0,200.0,108100.0
1091,2021-10-06 09:53:54,228500.0,100.0,107900.0
1092,2021-10-06 09:53:49,228600.0,200.0,107800.0
1093,2021-10-06 09:53:45,228500.0,200.0,107600.0
1094,2021-10-06 09:53:28,228500.0,400.0,107400.0
1095,2021-10-06 09:53:09,228600.0,200.0,107000.0
1096,2021-10-06 09:52:42,228500.0,300.0,106800.0
1097,2021-10-06 09:52:23,228500.0,300.0,106500.0
1098,2021-10-06 09:52:20,228600.0,200.0,106200.0
1099,2021-10-06 09:51:42,228500.0,100.0,106000.0
1100,2021-10-06 09:51:39,228600.0,400.0,105900.0
1101,2021-10-06 09:51:16,228600.0,300.0,105500.0
1102,2021-10-06 09:50:53,228500.0,200.0,105200.0
1103,2021-10-06 09:50:23,228500.0,300.0,105000.0
1104,2021-10-06 09:50:20,228500.0,300.0,104700.0
1105,2021-10-06 09:50:17,228600.0,300.0,104400.0
1106,2021-10-06 09:50:16,228600.0,200.0,104100.0
1107,2021-10-06 09:49:38,228500.0,600.0,103900.0
1108,2021-10-06 09:49:32,228600.0,200.0,103300.0
1109,2021-10-06 09:49:16,228600.0,200.0,103100.0
1110,2021-10-06 09:48:52,228600.0,100.0,102900.0
1111,2021-10-06 09:48:44,228600.0,100.0,102800.0
1112,2021-10-06 09:48:32,228500.0,300.0,102700.0
1113,2021-10-06 09:48:31,228600.0,300.0,102400.0
1114,2021-10-06 09:48:17,228600.0,100.0,102100.0
1115,2021-10-06 09:48:03,228600.0,200.0,102000.0
1116,2021-10-06 09:47:54,228500.0,500.0,101800.0
1117,2021-10-06 09:47:50,228500.0,400.0,101300.0
1118,2021-10-06 09:47:45,228500.0,500.0,100900.0
1119,2021-10-06 09:47:38,228600.0,200.0,100400.0
1120,2021-10-06 09:47:25,228600.0,1200.0,100200.0
1121,2021-10-06 09:47:12,228600.0,100.0,99000.0
1122,2021-10-06 09:47:02,228500.0,200.0,98900.0
1123,2021-10-06 09:46:48,228600.0,300.0,98700.0
1124,2021-10-06 09:46:46,228600.0,200.0,98400.0
1125,2021-10-06 09:46:28,228500.0,500.0,98200.0
1126,2021-10-06 09:46:05,228500.0,300.0,97700.0
1127,2021-10-06 09:46:03,228600.0,300.0,97400.0
1128,2021-10-06 09:45:34,228600.0,100.0,97100.0
1129,2021-10-06 09:45:22,228600.0,100.0,97000.0
1130,2021-10-06 09:45:14,228500.0,300.0,96900.0
1131,2021-10-06 09:44:38,228500.0,500.0,96600.0
1132,2021-10-06 09:44:27,228600.0,200.0,96100.0
1133,2021-10-06 09:44:22,228600.0,200.0,95900.0
1134,2021-10-06 09:44:12,228500.0,200.0,95700.0
1135,2021-10-06 09:43:45,228600.0,100.0,95500.0
1136,2021-10-06 09:43:44,228500.0,500.0,95400.0
1137,2021-10-06 09:43:29,228500.0,500.0,94900.0
1138,2021-10-06 09:43:22,228500.0,300.0,94400.0
1139,2021-10-06 09:43:15,228500.0,300.0,94100.0
1140,2021-10-06 09:43:11,228500.0,200.0,93800.0
1141,2021-10-06 09:43:02,228400.0,200.0,93600.0
1142,2021-10-06 09:42:40,228400.0,500.0,93400.0
1143,2021-10-06 09:42:37,228500.0,100.0,92900.0
1144,2021-10-06 09:42:23,228500.0,1700.0,92800.0
1145,2021-10-06 09:42:15,228400.0,300.0,91100.0
1146,2021-10-06 09:42:13,228500.0,200.0,90800.0
1147,2021-10-06 09:41:36,228500.0,200.0,90600.0
1148,2021-10-06 09:41:30,228400.0,200.0,90400.0
1149,2021-10-06 09:41:19,228500.0,300.0,90200.0
1150,2021-10-06 09:41:07,228400.0,100.0,89900.0
1151,2021-10-06 09:40:48,228400.0,300.0,89800.0
1152,2021-10-06 09:40:31,228400.0,200.0,89500.0
1153,2021-10-06 09:40:24,228500.0,200.0,89300.0
1154,2021-10-06 09:40:13,228500.0,100.0,89100.0
1155,2021-10-06 09:40:07,228400.0,300.0,89000.0
1156,2021-10-06 09:39:43,228400.0,1000.0,88700.0
1157,2021-10-06 09:39:28,228400.0,200.0,87700.0
1158,2021-10-06 09:39:14,228500.0,100.0,87500.0
1159,2021-10-06 09:39:06,228400.0,200.0,87400.0
1160,2021-10-06 09:38:36,228500.0,600.0,87200.0
1161,2021-10-06 09:38:04,228400.0,400.0,86600.0
1162,2021-10-06 09:37:51,228500.0,100.0,86200.0
1163,2021-10-06 09:37:39,228500.0,1700.0,86100.0
1164,2021-10-06 09:37:33,228400.0,200.0,84400.0
1165,2021-10-06 09:37:30,228500.0,100.0,84200.0
1166,2021-10-06 09:37:28,228500.0,200.0,84100.0
1167,2021-10-06 09:37:19,228400.0,100.0,83900.0
1168,2021-10-06 09:37:16,228400.0,200.0,83800.0
1169,2021-10-06 09:37:11,228400.0,200.0,83600.0
1170,2021-10-06 09:37:03,228300.0,200.0,83400.0
1171,2021-10-06 09:36:59,228400.0,300.0,83200.0
1172,2021-10-06 09:36:43,228300.0,300.0,82900.0
1173,2021-10-06 09:36:39,228400.0,400.0,82600.0
1174,2021-10-06 09:36:36,228400.0,300.0,82200.0
1175,2021-10-06 09:35:55,228400.0,200.0,81900.0
1176,2021-10-06 09:35:53,228300.0,200.0,81700.0
1177,2021-10-06 09:35:34,228300.0,100.0,81500.0
1178,2021-10-06 09:35:23,228400.0,200.0,81400.0
1179,2021-10-06 09:35:22,228300.0,200.0,81200.0
1180,2021-10-06 09:35:00,228400.0,200.0,81000.0
1181,2021-10-06 09:34:49,228400.0,200.0,80800.0
1182,2021-10-06 09:34:38,228300.0,100.0,80600.0
1183,2021-10-06 09:34:35,228300.0,200.0,80500.0
1184,2021-10-06 09:34:13,228300.0,200.0,80300.0
1185,2021-10-06 09:33:58,228300.0,300.0,80100.0
1186,2021-10-06 09:33:54,228300.0,100.0,79800.0
1187,2021-10-06 09:33:48,228400.0,100.0,79700.0
1188,2021-10-06 09:33:20,228400.0,200.0,79600.0
1189,2021-10-06 09:33:00,228400.0,100.0,79400.0
1190,2021-10-06 09:32:59,228400.0,100.0,79300.0
1191,2021-10-06 09:32:51,228400.0,600.0,79200.0
1192,2021-10-06 09:32:49,228400.0,300.0,78600.0
1193,2021-10-06 09:32:43,228500.0,200.0,78300.0
1194,2021-10-06 09:32:42,228400.0,1500.0,78100.0
1195,2021-10-06 09:32:41,228500.0,200.0,76600.0
1196,2021-10-06 09:32:30,228400.0,300.0,76400.0
1197,2021-10-06 09:32:22,228400.0,1000.0,76100.0
1198,2021-10-06 09:32:05,228500.0,1500.0,75100.0
1199,2021-10-06 09:31:59,228400.0,400.0,73600.0
1200,2021-10-06 09:31:44,228500.0,300.0,73200.0
1201,2021-10-06 09:31:42,228400.0,1000.0,72900.0
1202,2021-10-06 09:31:37,228400.0,200.0,71900.0
1203,2021-10-06 09:31:17,228400.0,500.0,71700.0
1204,2021-10-06 09:31:13,228500.0,200.0,71200.0
1205,2021-10-06 09:31:10,228400.0,700.0,71000.0
1206,2021-10-06 09:30:59,228400.0,300.0,70300.0
1207,2021-10-06 09:30:58,228400.0,300.0,70000.0
1208,2021-10-06 09:30:52,228400.0,1200.0,69700.0
1209,2021-10-06 09:30:44,228400.0,100.0,68500.0
1210,2021-10-06 09:30:43,228400.0,100.0,68400.0
1211,2021-10-06 09:30:37,228400.0,300.0,68300.0
1212,2021-10-06 09:30:35,228400.0,800.0,68000.0
1213,2021-10-06 09:30:29,228500.0,100.0,67200.0
1214,2021-10-06 09:30:28,228400.0,200.0,67100.0
1215,2021-10-06 09:30:19,228500.0,200.0,66900.0
1216,2021-10-06 09:30:02,228400.0,500.0,66700.0
1217,2021-10-06 09:29:36,228500.0,200.0,66200.0
1218,2021-10-06 09:29:26,228400.0,200.0,66000.0
1219,2021-10-06 09:29:25,228500.0,600.0,65800.0
1220,2021-10-06 09:29:11,228400.0,300.0,65200.0
1221,2021-10-06 09:28:35,228400.0,200.0,64900.0
1222,2021-10-06 09:28:32,228500.0,100.0,64700.0
1223,2021-10-06 09:28:09,228400.0,200.0,64600.0
1224,2021-10-06 09:27:52,228500.0,100.0,64400.0
1225,2021-10-06 09:27:36,228400.0,300.0,64300.0
1226,2021-10-06 09:27:13,228400.0,200.0,64000.0
1227,2021-10-06 09:26:59,228500.0,200.0,63800.0
1228,2021-10-06 09:26:46,228500.0,300.0,63600.0
1229,2021-10-06 09:26:38,228400.0,100.0,63300.0
1230,2021-10-06 09:26:25,228500.0,300.0,63200.0
1231,2021-10-06 09:26:04,228400.0,200.0,62900.0
1232,2021-10-06 09:26:00,228400.0,100.0,62700.0
1233,2021-10-06 09:25:58,228500.0,100.0,62600.0
1234,2021-10-06 09:25:51,228500.0,1400.0,62500.0
1235,2021-10-06 09:25:38,228500.0,200.0,61100.0
1236,2021-10-06 09:25:04,228400.0,300.0,60900.0
1237,2021-10-06 09:25:00,228400.0,200.0,60600.0
1238,2021-10-06 09:24:50,228500.0,200.0,60400.0
1239,2021-10-06 09:24:39,228500.0,400.0,60200.0
1240,2021-10-06 09:24:27,228400.0,200.0,59800.0
1241,2021-10-06 09:24:22,228500.0,100.0,59600.0
1242,2021-10-06 09:24:06,228400.0,200.0,59500.0
1243,2021-10-06 09:24:03,228500.0,200.0,59300.0
1244,2021-10-06 09:23:49,228400.0,200.0,59100.0
1245,2021-10-06 09:23:44,228400.0,300.0,58900.0
1246,2021-10-06 09:23:43,228500.0,1200.0,58600.0
1247,2021-10-06 09:23:18,228500.0,600.0,57400.0
1248,2021-10-06 09:23:16,228500.0,100.0,56800.0
1249,2021-10-06 09:23:00,228400.0,900.0,56700.0
1250,2021-10-06 09:22:45,228300.0,100.0,55800.0
1251,2021-10-06 09:22:44,228400.0,300.0,55700.0
1252,2021-10-06 09:22:39,228300.0,200.0,55400.0
1253,2021-10-06 09:22:28,228400.0,100.0,55200.0
1254,2021-10-06 09:22:13,228300.0,200.0,55100.0
1255,2021-10-06 09:21:59,228400.0,100.0,54900.0
1256,2021-10-06 09:21:57,228400.0,300.0,54800.0
1257,2021-10-06 09:21:36,228300.0,200.0,54500.0
1258,2021-10-06 09:21:26,228400.0,100.0,54300.0
1259,2021-10-06 09:21:18,228400.0,400.0,54200.0
1260,2021-10-06 09:21:07,228400.0,100.0,53800.0
1261,2021-10-06 09:21:00,228400.0,200.0,53700.0
1262,2021-10-06 09:20:52,228400.0,100.0,53500.0
1263,2021-10-06 09:20:46,228400.0,500.0,53400.0
1264,2021-10-06 09:20:39,228400.0,200.0,52900.0
1265,2021-10-06 09:20:28,228300.0,200.0,52700.0
1266,2021-10-06 09:20:27,228400.0,100.0,52500.0
1267,2021-10-06 09:20:22,228400.0,300.0,52400.0
1268,2021-10-06 09:20:10,228400.0,100.0,52100.0
1269,2021-10-06 09:20:03,228400.0,200.0,52000.0
1270,2021-10-06 09:20:01,228400.0,100.0,51800.0
1271,2021-10-06 09:19:54,228400.0,1100.0,51700.0
1272,2021-10-06 09:19:48,228400.0,300.0,50600.0
1273,2021-10-06 09:19:45,228300.0,100.0,50300.0
1274,2021-10-06 09:19:44,228400.0,200.0,50200.0
1275,2021-10-06 09:19:26,228400.0,200.0,50000.0
1276,2021-10-06 09:19:25,228400.0,100.0,49800.0
1277,2021-10-06 09:19:21,228300.0,500.0,49700.0
1278,2021-10-06 09:19:17,228300.0,300.0,49200.0
1279,2021-10-06 09:19:12,228400.0,300.0,48900.0
1280,2021-10-06 09:19:02,228400.0,200.0,48600.0
1281,2021-10-06 09:18:54,228300.0,300.0,48400.0
1282,2021-10-06 09:18:51,228400.0,100.0,48100.0
1283,2021-10-06 09:18:44,228400.0,100.0,48000.0
1284,2021-10-06 09:18:13,228300.0,200.0,47900.0
1285,2021-10-06 09:18:08,228300.0,500.0,47700.0
1286,2021-10-06 09:18:05,228200.0,200.0,47200.0
1287,2021-10-06 09:18:03,228300.0,400.0,47000.0
1288,2021-10-06 09:17:53,228300.0,300.0,46600.0
1289,2021-10-06 09:17:45,228200.0,100.0,46300.0
1290,2021-10-06 09:17:41,228200.0,400.0,46200.0
1291,2021-10-06 09:17:36,228300.0,100.0,45800.0
1292,2021-10-06 09:17:29,228300.0,400.0,45700.0
1293,2021-10-06 09:17:27,228300.0,400.0,45300.0
1294,2021-10-06 09:17:25,228300.0,200.0,44900.0
1295,2021-10-06 09:17:20,228300.0,300.0,44700.0
1296,2021-10-06 09:17:12,228200.0,200.0,44400.0
1297,2021-10-06 09:17:08,228300.0,200.0,44200.0
1298,2021-10-06 09:17:06,228300.0,200.0,44000.0
1299,2021-10-06 09:17:03,228300.0,100.0,43800.0
1300,2021-10-06 09:16:47,228300.0,200.0,43700.0
1301,2021-10-06 09:16:46,228200.0,300.0,43500.0
1302,2021-10-06 09:16:42,228300.0,3100.0,43200.0
1303,2021-10-06 09:16:14,228200.0,100.0,40100.0
1304,2021-10-06 09:16:13,228300.0,300.0,40000.0
1305,2021-10-06 09:15:49,228300.0,300.0,39700.0
1306,2021-10-06 09:15:46,228300.0,100.0,39400.0
1307,2021-10-06 09:15:38,228200.0,100.0,39300.0
1308,2021-10-06 09:15:35,228300.0,200.0,39200.0
1309,2021-10-06 09:15:20,228300.0,500.0,39000.0
1310,2021-10-06 09:15:17,228200.0,300.0,38500.0
1311,2021-10-06 09:15:14,228300.0,100.0,38200.0
1312,2021-10-06 09:14:56,228200.0,300.0,38100.0
1313,2021-10-06 09:14:48,228300.0,200.0,37800.0
1314,2021-10-06 09:14:36,228300.0,300.0,37600.0
1315,2021-10-06 09:14:21,228200.0,200.0,37300.0
1316,2021-10-06 09:14:15,228300.0,100.0,37100.0
1317,2021-10-06 09:14:09,228300.0,100.0,37000.0
1318,2021-10-06 09:14:03,228300.0,300.0,36900.0
1319,2021-10-06 09:13:54,228300.0,100.0,36600.0
1320,2021-10-06 09:13:52,228200.0,100.0,36500.0
1321,2021-10-06 09:13:47,228300.0,400.0,36400.0
1322,2021-10-06 09:13:36,228200.0,100.0,36000.0
1323,2021-10-06 09:13:32,228300.0,100.0,35900.0
1324,2021-10-06 09:13:25,228300.0,200.0,35800.0
1325,2021-10-06 09:13:23,228200.0,300.0,35600.0
1326,2021-10-06 09:13:20,228300.0,200.0,35300.0
1327,2021-10-06 09:13:14,228300.0,100.0,35100.0
1328,2021-10-06 09:13:03,228200.0,100.0,35000.0
1329,2021-10-06 09:13:01,228300.0,300.0,34900.0
1330,2021-10-06 09:12:59,228200.0,100.0,34600.0
1331,2021-10-06 09:12:52,228300.0,100.0,34500.0
1332,2021-10-06 09:12:48,228200.0,300.0,34400.0
1333,2021-10-06 09:12:37,228300.0,200.0,34100.0
1334,2021-10-06 09:12:35,228200.0,300.0,33900.0
1335,2021-10-06 09:12:14,228200.0,500.0,33600.0
1336,2021-10-06 09:12:11,228200.0,200.0,33100.0
1337,2021-10-06 09:12:09,228300.0,300.0,32900.0
1338,2021-10-06 09:12:06,228300.0,600.0,32600.0
1339,2021-10-06 09:11:59,228300.0,100.0,32000.0
1340,2021-10-06 09:11:40,228300.0,300.0,31900.0
1341,2021-10-06 09:11:39,228300.0,200.0,31600.0
1342,2021-10-06 09:11:15,228200.0,100.0,31400.0
1343,2021-10-06 09:11:11,228200.0,300.0,31300.0
1344,2021-10-06 09:11:07,228300.0,1000.0,31000.0
1345,2021-10-06 09:11:03,228200.0,100.0,30000.0
1346,2021-10-06 09:10:58,228300.0,400.0,29900.0
1347,2021-10-06 09:10:43,228200.0,300.0,29500.0
1348,2021-10-06 09:10:37,228300.0,200.0,29200.0
1349,2021-10-06 09:10:29,228200.0,300.0,29000.0
1350,2021-10-06 09:10:22,228300.0,200.0,28700.0
1351,2021-10-06 09:10:03,228100.0,100.0,28500.0
1352,2021-10-06 09:09:46,228100.0,300.0,28400.0
1353,2021-10-06 09:09:35,228200.0,200.0,28100.0
1354,2021-10-06 09:09:29,228200.0,200.0,27900.0
1355,2021-10-06 09:09:16,228100.0,300.0,27700.0
1356,2021-10-06 09:08:56,228200.0,300.0,27400.0
1357,2021-10-06 09:08:51,228200.0,100.0,27100.0
1358,2021-10-06 09:08:46,228100.0,200.0,27000.0
1359,2021-10-06 09:08:32,228100.0,100.0,26800.0
1360,2021-10-06 09:08:09,228200.0,2300.0,26700.0
1361,2021-10-06 09:08:08,228100.0,300.0,24400.0
1362,2021-10-06 09:07:59,228100.0,100.0,24100.0
1363,2021-10-06 09:07:52,228200.0,200.0,24000.0
1364,2021-10-06 09:07:41,228200.0,100.0,23800.0
1365,2021-10-06 09:07:29,228100.0,200.0,23700.0
1366,2021-10-06 09:07:28,228200.0,200.0,23500.0
1367,2021-10-06 09:07:24,228100.0,300.0,23300.0
1368,2021-10-06 09:07:17,228200.0,500.0,23000.0
1369,2021-10-06 09:07:11,228200.0,100.0,22500.0
1370,2021-10-06 09:06:55,228100.0,400.0,22400.0
1371,2021-10-06 09:06:54,228000.0,100.0,22000.0
1372,2021-10-06 09:06:52,228100.0,200.0,21900.0
1373,2021-10-06 09:06:47,228100.0,100.0,21700.0
1374,2021-10-06 09:06:30,228100.0,200.0,21600.0
1375,2021-10-06 09:06:19,228000.0,300.0,21400.0
1376,2021-10-06 09:06:15,228000.0,500.0,21100.0
1377,2021-10-06 09:06:13,228100.0,200.0,20600.0
1378,2021-10-06 09:05:56,228100.0,100.0,20400.0
1379,2021-10-06 09:05:54,228000.0,100.0,20300.0
1380,2021-10-06 09:05:50,228000.0,200.0,20200.0
1381,2021-10-06 09:05:45,228100.0,400.0,20000.0
1382,2021-10-06 09:05:25,228100.0,200.0,19600.0
1383,2021-10-06 09:05:18,228000.0,300.0,19400.0
1384,2021-10-06 09:05:10,228100.0,100.0,19100.0
1385,2021-10-06 09:05:01,228000.0,100.0,19000.0
1386,2021-10-06 09:04:57,228000.0,100.0,18900.0
1387,2021-10-06 09:04:53,228100.0,200.0,18800.0
1388,2021-10-06 09:04:48,228100.0,300.0,18600.0
1389,2021-10-06 09:04:20,228100.0,800.0,18300.0
1390,2021-10-06 09:04:15,228100.0,200.0,17500.0
1391,2021-10-06 09:04:10,228000.0,100.0,17300.0
1392,2021-10-06 09:04:07,228000.0,200.0,17200.0
1393,2021-10-06 09:03:59,228100.0,200.0,17000.0
1394,2021-10-06 09:03:57,228100.0,100.0,16800.0
1395,2021-10-06 09:03:51,228100.0,400.0,16700.0
1396,2021-10-06 09:03:44,228100.0,200.0,16300.0
1397,2021-10-06 09:03:38,228100.0,100.0,16100.0
1398,2021-10-06 09:03:37,228000.0,100.0,16000.0
1399,2021-10-06 09:03:33,228000.0,300.0,15900.0
1400,2021-10-06 09:03:27,228100.0,200.0,15600.0
1401,2021-10-06 09:03:26,228100.0,100.0,15400.0
1402,2021-10-06 09:03:13,228100.0,300.0,15300.0
1403,2021-10-06 09:03:08,228100.0,200.0,15000.0
1404,2021-10-06 09:02:54,228000.0,200.0,14800.0
1405,2021-10-06 09:02:47,228000.0,1100.0,14600.0
1406,2021-10-06 09:02:33,228000.0,900.0,13500.0
1407,2021-10-06 09:02:25,227900.0,200.0,12600.0
1408,2021-10-06 09:02:21,228000.0,200.0,12400.0
1409,2021-10-06 09:02:20,228000.0,100.0,12200.0
1410,2021-10-06 09:02:15,227900.0,100.0,12100.0
1411,2021-10-06 09:02:12,228000.0,100.0,12000.0
1412,2021-10-06 09:02:07,228000.0,300.0,11900.0
1413,2021-10-06 09:01:59,227900.0,400.0,11600.0
1414,2021-10-06 09:01:52,228000.0,200.0,11200.0
1415,2021-10-06 09:01:46,227900.0,300.0,11000.0
1416,2021-10-06 09:01:36,228000.0,200.0,10700.0
1417,2021-10-06 09:01:33,228000.0,400.0,10500.0
1418,2021-10-06 09:01:23,228000.0,400.0,10100.0
1419,2021-10-06 09:01:15,227800.0,500.0,9700.0
1420,2021-10-06 09:01:10,227900.0,100.0,9200.0
1421,2021-10-06 09:01:09,227800.0,300.0,9100.0
1422,2021-10-06 09:01:00,227900.0,500.0,8800.0
1423,2021-10-06 09:00:55,227900.0,400.0,8300.0
1424,2021-10-06 09:00:52,227800.0,300.0,7900.0
1425,2021-10-06 09:00:49,227900.0,300.0,7600.0
1426,2021-10-06 09:00:44,227900.0,100.0,7300.0
1427,2021-10-06 09:00:40,227900.0,600.0,7200.0
1428,2021-10-06 09:00:39,227800.0,200.0,6600.0
1429,2021-10-06 09:00:32,227900.0,200.0,6400.0
1430,2021-10-06 09:00:30,227900.0,200.0,6200.0
1431,2021-10-06 09:00:22,227900.0,100.0,6000.0
1432,2021-10-06 09:00:15,227900.0,300.0,5900.0
1433,2021-10-06 09:00:04,227900.0,5600.0,5600.0
