,Time,Price,Volume_per_trade,Volume
0,2021-10-05 07:45:03,227800.0,5800.0,522500.0
1,2021-10-05 07:29:59,227700.0,300.0,516700.0
2,2021-10-05 07:29:56,227700.0,100.0,516400.0
3,2021-10-05 07:29:54,227700.0,200.0,516300.0
4,2021-10-05 07:29:52,227700.0,400.0,516100.0
5,2021-10-05 07:29:46,227700.0,500.0,515700.0
6,2021-10-05 07:29:43,227700.0,300.0,515200.0
7,2021-10-05 07:29:41,227700.0,200.0,514900.0
8,2021-10-05 07:29:38,227700.0,100.0,514700.0
9,2021-10-05 07:28:37,227700.0,100.0,514600.0
10,2021-10-05 07:27:18,227700.0,600.0,514500.0
11,2021-10-05 07:27:11,227700.0,1100.0,513900.0
12,2021-10-05 07:26:59,227700.0,1500.0,512800.0
13,2021-10-05 07:26:53,227700.0,300.0,511300.0
14,2021-10-05 07:26:38,227800.0,700.0,511000.0
15,2021-10-05 07:26:31,227800.0,1000.0,510300.0
16,2021-10-05 07:26:25,227800.0,1200.0,509300.0
17,2021-10-05 07:25:58,228000.0,100.0,508100.0
18,2021-10-05 07:25:57,227900.0,1500.0,508000.0
19,2021-10-05 07:25:55,227900.0,800.0,506500.0
20,2021-10-05 07:25:31,228000.0,600.0,505700.0
21,2021-10-05 07:25:21,228000.0,500.0,505100.0
22,2021-10-05 07:25:10,228000.0,100.0,504600.0
23,2021-10-05 07:25:02,228000.0,400.0,504500.0
24,2021-10-05 07:24:58,228100.0,200.0,504100.0
25,2021-10-05 07:24:56,228000.0,1200.0,503900.0
26,2021-10-05 07:24:50,228000.0,300.0,502700.0
27,2021-10-05 07:24:29,228100.0,100.0,502400.0
28,2021-10-05 07:24:19,228100.0,1200.0,502300.0
29,2021-10-05 07:23:59,228100.0,1000.0,501100.0
30,2021-10-05 07:23:51,228200.0,100.0,500100.0
31,2021-10-05 07:23:13,228200.0,200.0,500000.0
32,2021-10-05 07:23:10,228200.0,100.0,499800.0
33,2021-10-05 07:23:07,228200.0,200.0,499700.0
34,2021-10-05 07:23:04,228200.0,300.0,499500.0
35,2021-10-05 07:23:01,228200.0,200.0,499200.0
36,2021-10-05 07:22:59,228200.0,100.0,499000.0
37,2021-10-05 07:22:56,228200.0,200.0,498900.0
38,2021-10-05 07:22:53,228200.0,300.0,498700.0
39,2021-10-05 07:22:50,228200.0,200.0,498400.0
40,2021-10-05 07:22:47,228200.0,100.0,498200.0
41,2021-10-05 07:22:41,228200.0,300.0,498100.0
42,2021-10-05 07:22:37,228200.0,200.0,497800.0
43,2021-10-05 07:22:35,228200.0,100.0,497600.0
44,2021-10-05 07:22:33,228200.0,100.0,497500.0
45,2021-10-05 07:22:27,228200.0,300.0,497400.0
46,2021-10-05 07:22:23,228200.0,200.0,497100.0
47,2021-10-05 07:22:20,228200.0,100.0,496900.0
48,2021-10-05 07:22:16,228200.0,300.0,496800.0
49,2021-10-05 07:22:14,228200.0,200.0,496500.0
50,2021-10-05 07:22:11,228200.0,100.0,496300.0
51,2021-10-05 07:22:07,228200.0,300.0,496200.0
52,2021-10-05 07:22:02,228200.0,200.0,495900.0
53,2021-10-05 07:21:58,228200.0,100.0,495700.0
54,2021-10-05 07:21:55,228100.0,1400.0,495600.0
55,2021-10-05 07:21:51,228100.0,300.0,494200.0
56,2021-10-05 07:21:48,228100.0,200.0,493900.0
57,2021-10-05 07:21:43,228100.0,100.0,493700.0
58,2021-10-05 07:21:30,228100.0,100.0,493600.0
59,2021-10-05 07:21:28,228100.0,200.0,493500.0
60,2021-10-05 07:21:20,228100.0,200.0,493300.0
61,2021-10-05 07:21:19,228100.0,100.0,493100.0
62,2021-10-05 07:21:18,228100.0,100.0,493000.0
63,2021-10-05 07:21:16,228100.0,300.0,492900.0
64,2021-10-05 07:21:15,228100.0,200.0,492600.0
65,2021-10-05 07:21:13,228100.0,100.0,492400.0
66,2021-10-05 07:21:11,228100.0,100.0,492300.0
67,2021-10-05 07:21:05,228000.0,100.0,492200.0
68,2021-10-05 07:20:47,228000.0,1000.0,492100.0
69,2021-10-05 07:20:46,228000.0,100.0,491100.0
70,2021-10-05 07:20:42,228000.0,300.0,491000.0
71,2021-10-05 07:20:23,228000.0,500.0,490700.0
72,2021-10-05 07:20:01,228000.0,200.0,490200.0
73,2021-10-05 07:19:46,228000.0,100.0,490000.0
74,2021-10-05 07:19:45,228000.0,200.0,489900.0
75,2021-10-05 07:19:43,228000.0,100.0,489700.0
76,2021-10-05 07:19:41,228000.0,100.0,489600.0
77,2021-10-05 07:19:40,228000.0,100.0,489500.0
78,2021-10-05 07:19:36,228000.0,300.0,489400.0
79,2021-10-05 07:19:33,228000.0,200.0,489100.0
80,2021-10-05 07:19:31,228000.0,100.0,488900.0
81,2021-10-05 07:19:30,228000.0,100.0,488800.0
82,2021-10-05 07:19:28,228000.0,100.0,488700.0
83,2021-10-05 07:19:26,228000.0,300.0,488600.0
84,2021-10-05 07:19:24,228000.0,500.0,488300.0
85,2021-10-05 07:19:16,228000.0,300.0,487800.0
86,2021-10-05 07:19:12,228000.0,100.0,487500.0
87,2021-10-05 07:19:11,228000.0,200.0,487400.0
88,2021-10-05 07:19:09,228000.0,100.0,487200.0
89,2021-10-05 07:19:04,228000.0,100.0,487100.0
90,2021-10-05 07:19:02,228000.0,300.0,487000.0
91,2021-10-05 07:19:00,228000.0,200.0,486700.0
92,2021-10-05 07:18:59,228000.0,100.0,486500.0
93,2021-10-05 07:18:47,228000.0,600.0,486400.0
94,2021-10-05 07:18:07,228000.0,200.0,485800.0
95,2021-10-05 07:17:58,228000.0,100.0,485600.0
96,2021-10-05 07:17:57,228000.0,300.0,485500.0
97,2021-10-05 07:17:55,228000.0,200.0,485200.0
98,2021-10-05 07:17:54,228000.0,100.0,485000.0
99,2021-10-05 07:17:53,228000.0,100.0,484900.0
100,2021-10-05 07:17:51,228000.0,200.0,484800.0
101,2021-10-05 07:17:23,228000.0,500.0,484600.0
102,2021-10-05 07:17:19,227900.0,1000.0,484100.0
103,2021-10-05 07:15:55,228000.0,600.0,483100.0
104,2021-10-05 07:15:52,227900.0,400.0,482500.0
105,2021-10-05 07:15:34,227900.0,200.0,482100.0
106,2021-10-05 07:15:21,227900.0,300.0,481900.0
107,2021-10-05 07:15:14,227900.0,300.0,481600.0
108,2021-10-05 07:15:03,227900.0,400.0,481300.0
109,2021-10-05 07:14:54,228000.0,1300.0,480900.0
110,2021-10-05 07:14:46,227900.0,200.0,479600.0
111,2021-10-05 07:14:29,228000.0,400.0,479400.0
112,2021-10-05 07:14:24,228000.0,100.0,479000.0
113,2021-10-05 07:14:23,228000.0,100.0,478900.0
114,2021-10-05 07:14:21,228000.0,200.0,478800.0
115,2021-10-05 07:14:20,228000.0,100.0,478600.0
116,2021-10-05 07:14:19,228000.0,100.0,478500.0
117,2021-10-05 07:14:17,228000.0,300.0,478400.0
118,2021-10-05 07:14:10,228000.0,500.0,478100.0
119,2021-10-05 07:13:57,227900.0,300.0,477600.0
120,2021-10-05 07:13:28,228000.0,200.0,477300.0
121,2021-10-05 07:13:04,227900.0,100.0,477100.0
122,2021-10-05 07:12:35,227900.0,300.0,477000.0
123,2021-10-05 07:12:33,227900.0,200.0,476700.0
124,2021-10-05 07:12:31,227900.0,100.0,476500.0
125,2021-10-05 07:12:28,227900.0,300.0,476400.0
126,2021-10-05 07:12:26,227900.0,200.0,476100.0
127,2021-10-05 07:12:24,227900.0,100.0,475900.0
128,2021-10-05 07:12:23,227900.0,300.0,475800.0
129,2021-10-05 07:12:21,227900.0,200.0,475500.0
130,2021-10-05 07:12:20,227900.0,300.0,475300.0
131,2021-10-05 07:12:10,227900.0,100.0,475000.0
132,2021-10-05 07:12:09,227900.0,200.0,474900.0
133,2021-10-05 07:11:55,227800.0,300.0,474700.0
134,2021-10-05 07:11:48,227800.0,300.0,474400.0
135,2021-10-05 07:11:43,227800.0,400.0,474100.0
136,2021-10-05 07:11:19,227800.0,400.0,473700.0
137,2021-10-05 07:11:05,227800.0,300.0,473300.0
138,2021-10-05 07:10:57,227900.0,100.0,473000.0
139,2021-10-05 07:09:45,227900.0,100.0,472900.0
140,2021-10-05 07:09:43,227900.0,200.0,472800.0
141,2021-10-05 07:09:41,227900.0,100.0,472600.0
142,2021-10-05 07:09:33,227900.0,100.0,472500.0
143,2021-10-05 07:09:32,227900.0,300.0,472400.0
144,2021-10-05 07:08:34,227900.0,300.0,472100.0
145,2021-10-05 07:08:25,227800.0,900.0,471800.0
146,2021-10-05 07:08:19,227800.0,600.0,470900.0
147,2021-10-05 07:08:07,227800.0,900.0,470300.0
148,2021-10-05 07:08:01,227800.0,100.0,469400.0
149,2021-10-05 07:07:56,227800.0,800.0,469300.0
150,2021-10-05 07:07:50,227900.0,400.0,468500.0
151,2021-10-05 07:07:44,227800.0,300.0,468100.0
152,2021-10-05 07:07:38,227800.0,100.0,467800.0
153,2021-10-05 07:07:34,227800.0,400.0,467700.0
154,2021-10-05 07:07:33,227900.0,700.0,467300.0
155,2021-10-05 07:07:28,227800.0,200.0,466600.0
156,2021-10-05 07:07:20,227800.0,300.0,466400.0
157,2021-10-05 07:07:15,227800.0,100.0,466100.0
158,2021-10-05 07:07:07,227800.0,300.0,466000.0
159,2021-10-05 07:07:00,227800.0,400.0,465700.0
160,2021-10-05 07:06:57,227900.0,300.0,465300.0
161,2021-10-05 07:06:55,227900.0,200.0,465000.0
162,2021-10-05 07:06:54,227900.0,100.0,464800.0
163,2021-10-05 07:06:50,227800.0,200.0,464700.0
164,2021-10-05 07:06:45,227800.0,600.0,464500.0
165,2021-10-05 07:06:40,227800.0,400.0,463900.0
166,2021-10-05 07:06:34,227800.0,300.0,463500.0
167,2021-10-05 07:06:29,227900.0,900.0,463200.0
168,2021-10-05 07:06:26,227800.0,500.0,462300.0
169,2021-10-05 07:05:34,227800.0,500.0,461800.0
170,2021-10-05 07:05:29,227800.0,100.0,461300.0
171,2021-10-05 07:05:21,227800.0,200.0,461200.0
172,2021-10-05 07:05:16,227800.0,600.0,461000.0
173,2021-10-05 07:05:11,227800.0,600.0,460400.0
174,2021-10-05 07:05:07,227900.0,200.0,459800.0
175,2021-10-05 07:05:02,227800.0,500.0,459600.0
176,2021-10-05 07:04:57,227900.0,400.0,459100.0
177,2021-10-05 07:04:13,227800.0,500.0,458700.0
178,2021-10-05 07:04:12,227900.0,100.0,458200.0
179,2021-10-05 07:04:09,227900.0,300.0,458100.0
180,2021-10-05 07:04:08,227900.0,200.0,457800.0
181,2021-10-05 07:03:58,227800.0,500.0,457600.0
182,2021-10-05 07:03:52,227800.0,300.0,457100.0
183,2021-10-05 07:03:51,227900.0,200.0,456800.0
184,2021-10-05 07:03:44,227900.0,300.0,456600.0
185,2021-10-05 07:03:07,227900.0,500.0,456300.0
186,2021-10-05 07:02:48,227900.0,500.0,455800.0
187,2021-10-05 07:02:47,228000.0,400.0,455300.0
188,2021-10-05 07:02:42,227900.0,300.0,454900.0
189,2021-10-05 07:02:37,227900.0,1200.0,454600.0
190,2021-10-05 07:02:35,227900.0,500.0,453400.0
191,2021-10-05 07:02:21,228000.0,300.0,452900.0
192,2021-10-05 07:02:19,228000.0,200.0,452600.0
193,2021-10-05 07:02:18,228000.0,200.0,452400.0
194,2021-10-05 07:02:16,228000.0,100.0,452200.0
195,2021-10-05 07:02:14,228000.0,300.0,452100.0
196,2021-10-05 07:02:12,228000.0,900.0,451800.0
197,2021-10-05 07:02:09,228000.0,100.0,450900.0
198,2021-10-05 07:02:08,228000.0,300.0,450800.0
199,2021-10-05 07:02:06,228000.0,200.0,450500.0
200,2021-10-05 07:02:05,228000.0,100.0,450300.0
201,2021-10-05 07:02:03,228000.0,100.0,450200.0
202,2021-10-05 07:02:01,228000.0,200.0,450100.0
203,2021-10-05 07:01:59,228000.0,100.0,449900.0
204,2021-10-05 07:01:58,227900.0,600.0,449800.0
205,2021-10-05 07:01:57,228000.0,300.0,449200.0
206,2021-10-05 07:01:44,228000.0,1400.0,448900.0
207,2021-10-05 07:01:30,228000.0,300.0,447500.0
208,2021-10-05 07:01:20,228000.0,200.0,447200.0
209,2021-10-05 07:01:19,228000.0,100.0,447000.0
210,2021-10-05 07:01:17,228000.0,200.0,446900.0
211,2021-10-05 07:01:02,228000.0,1100.0,446700.0
212,2021-10-05 07:00:44,228000.0,2200.0,445600.0
213,2021-10-05 07:00:30,228000.0,1500.0,443400.0
214,2021-10-05 07:00:23,228100.0,600.0,441900.0
215,2021-10-05 07:00:15,228100.0,500.0,441300.0
216,2021-10-05 07:00:09,228100.0,1200.0,440800.0
217,2021-10-05 07:00:03,228200.0,700.0,439600.0
218,2021-10-05 07:00:02,228100.0,300.0,438900.0
219,2021-10-05 06:59:43,228100.0,200.0,438600.0
220,2021-10-05 06:59:34,228100.0,600.0,438400.0
221,2021-10-05 06:59:31,228200.0,500.0,437800.0
222,2021-10-05 06:59:28,228100.0,700.0,437300.0
223,2021-10-05 06:59:22,228100.0,500.0,436600.0
224,2021-10-05 06:59:17,228200.0,300.0,436100.0
225,2021-10-05 06:59:16,228100.0,600.0,435800.0
226,2021-10-05 06:58:40,228100.0,600.0,435200.0
227,2021-10-05 06:58:38,228100.0,200.0,434600.0
228,2021-10-05 06:58:27,228000.0,100.0,434400.0
229,2021-10-05 06:58:21,228000.0,300.0,434300.0
230,2021-10-05 06:58:18,228100.0,600.0,434000.0
231,2021-10-05 06:58:02,228000.0,300.0,433400.0
232,2021-10-05 06:57:58,228100.0,500.0,433100.0
233,2021-10-05 06:57:28,228100.0,300.0,432600.0
234,2021-10-05 06:57:00,228100.0,400.0,432300.0
235,2021-10-05 06:56:28,228100.0,100.0,431900.0
236,2021-10-05 06:56:18,228100.0,200.0,431800.0
237,2021-10-05 06:56:04,228100.0,500.0,431600.0
238,2021-10-05 06:55:51,228000.0,300.0,431100.0
239,2021-10-05 06:55:46,228000.0,400.0,430800.0
240,2021-10-05 06:55:41,228000.0,600.0,430400.0
241,2021-10-05 06:55:37,228000.0,300.0,429800.0
242,2021-10-05 06:55:10,228000.0,100.0,429500.0
243,2021-10-05 06:55:02,228000.0,200.0,429400.0
244,2021-10-05 06:55:01,228000.0,100.0,429200.0
245,2021-10-05 06:54:59,227900.0,600.0,429100.0
246,2021-10-05 06:54:54,227900.0,400.0,428500.0
247,2021-10-05 06:54:49,227900.0,1100.0,428100.0
248,2021-10-05 06:54:37,227800.0,600.0,427000.0
249,2021-10-05 06:54:27,227900.0,500.0,426400.0
250,2021-10-05 06:54:22,227900.0,600.0,425900.0
251,2021-10-05 06:54:18,227900.0,500.0,425300.0
252,2021-10-05 06:54:16,228000.0,700.0,424800.0
253,2021-10-05 06:54:08,228000.0,600.0,424100.0
254,2021-10-05 06:54:06,228000.0,200.0,423500.0
255,2021-10-05 06:54:05,228000.0,100.0,423300.0
256,2021-10-05 06:54:03,228000.0,800.0,423200.0
257,2021-10-05 06:53:54,228000.0,400.0,422400.0
258,2021-10-05 06:53:45,227900.0,500.0,422000.0
259,2021-10-05 06:53:11,228000.0,400.0,421500.0
260,2021-10-05 06:52:44,228000.0,200.0,421100.0
261,2021-10-05 06:52:34,228000.0,1200.0,420900.0
262,2021-10-05 06:52:22,228000.0,1000.0,419700.0
263,2021-10-05 06:52:19,228000.0,500.0,418700.0
264,2021-10-05 06:52:10,228000.0,100.0,418200.0
265,2021-10-05 06:52:03,228000.0,200.0,418100.0
266,2021-10-05 06:51:58,227900.0,100.0,417900.0
267,2021-10-05 06:51:36,228000.0,500.0,417800.0
268,2021-10-05 06:51:22,228000.0,100.0,417300.0
269,2021-10-05 06:51:20,228000.0,200.0,417200.0
270,2021-10-05 06:51:18,228000.0,100.0,417000.0
271,2021-10-05 06:51:04,227900.0,400.0,416900.0
272,2021-10-05 06:51:02,227900.0,200.0,416500.0
273,2021-10-05 06:50:44,228000.0,800.0,416300.0
274,2021-10-05 06:50:43,227900.0,100.0,415500.0
275,2021-10-05 06:50:26,228000.0,300.0,415400.0
276,2021-10-05 06:50:17,228000.0,100.0,415100.0
277,2021-10-05 06:50:15,228000.0,200.0,415000.0
278,2021-10-05 06:50:14,228000.0,100.0,414800.0
279,2021-10-05 06:50:04,228000.0,400.0,414700.0
280,2021-10-05 06:49:57,228000.0,300.0,414300.0
281,2021-10-05 06:49:55,228000.0,200.0,414000.0
282,2021-10-05 06:49:54,228000.0,100.0,413800.0
283,2021-10-05 06:49:52,228000.0,300.0,413700.0
284,2021-10-05 06:49:51,228000.0,200.0,413400.0
285,2021-10-05 06:49:49,228000.0,100.0,413200.0
286,2021-10-05 06:49:41,228000.0,300.0,413100.0
287,2021-10-05 06:49:19,228000.0,2300.0,412800.0
288,2021-10-05 06:49:16,228000.0,400.0,410500.0
289,2021-10-05 06:49:11,228000.0,300.0,410100.0
290,2021-10-05 06:49:08,228000.0,100.0,409800.0
291,2021-10-05 06:49:01,228000.0,200.0,409700.0
292,2021-10-05 06:48:47,228100.0,200.0,409500.0
293,2021-10-05 06:48:35,228100.0,300.0,409300.0
294,2021-10-05 06:48:10,228100.0,600.0,409000.0
295,2021-10-05 06:47:39,228100.0,500.0,408400.0
296,2021-10-05 06:46:39,228000.0,100.0,407900.0
297,2021-10-05 06:46:36,228000.0,100.0,407800.0
298,2021-10-05 06:46:34,228000.0,300.0,407700.0
299,2021-10-05 06:46:33,228000.0,1200.0,407400.0
300,2021-10-05 06:46:32,228000.0,200.0,406200.0
301,2021-10-05 06:46:31,228000.0,100.0,406000.0
302,2021-10-05 06:46:09,228000.0,600.0,405900.0
303,2021-10-05 06:45:41,227900.0,100.0,405300.0
304,2021-10-05 06:45:36,227900.0,900.0,405200.0
305,2021-10-05 06:45:31,227900.0,500.0,404300.0
306,2021-10-05 06:45:29,227900.0,200.0,403800.0
307,2021-10-05 06:45:26,227800.0,300.0,403600.0
308,2021-10-05 06:45:19,227800.0,200.0,403300.0
309,2021-10-05 06:45:14,227800.0,300.0,403100.0
310,2021-10-05 06:45:08,227800.0,100.0,402800.0
311,2021-10-05 06:45:02,227800.0,900.0,402700.0
312,2021-10-05 06:44:55,227800.0,600.0,401800.0
313,2021-10-05 06:44:50,227900.0,200.0,401200.0
314,2021-10-05 06:44:34,227900.0,100.0,401000.0
315,2021-10-05 06:44:28,227800.0,400.0,400900.0
316,2021-10-05 06:44:15,227900.0,900.0,400500.0
317,2021-10-05 06:44:09,227800.0,600.0,399600.0
318,2021-10-05 06:43:59,227800.0,600.0,399000.0
319,2021-10-05 06:43:54,227800.0,200.0,398400.0
320,2021-10-05 06:43:49,227900.0,1200.0,398200.0
321,2021-10-05 06:43:41,227800.0,500.0,397000.0
322,2021-10-05 06:43:36,227800.0,300.0,396500.0
323,2021-10-05 06:43:31,227800.0,500.0,396200.0
324,2021-10-05 06:43:26,227800.0,600.0,395700.0
325,2021-10-05 06:43:25,227900.0,300.0,395100.0
326,2021-10-05 06:43:00,227800.0,100.0,394800.0
327,2021-10-05 06:42:48,227800.0,1500.0,394700.0
328,2021-10-05 06:42:46,227800.0,100.0,393200.0
329,2021-10-05 06:42:41,227700.0,200.0,393100.0
330,2021-10-05 06:42:31,227800.0,600.0,392900.0
331,2021-10-05 06:42:29,227700.0,100.0,392300.0
332,2021-10-05 06:41:59,227800.0,300.0,392200.0
333,2021-10-05 06:41:22,227800.0,200.0,391900.0
334,2021-10-05 06:41:14,227800.0,1300.0,391700.0
335,2021-10-05 06:41:12,227800.0,200.0,390400.0
336,2021-10-05 06:41:10,227800.0,700.0,390200.0
337,2021-10-05 06:41:08,227900.0,600.0,389500.0
338,2021-10-05 06:41:05,227800.0,300.0,388900.0
339,2021-10-05 06:41:04,227800.0,500.0,388600.0
340,2021-10-05 06:40:40,227800.0,200.0,388100.0
341,2021-10-05 06:40:38,227900.0,200.0,387900.0
342,2021-10-05 06:40:17,227800.0,400.0,387700.0
343,2021-10-05 06:40:15,227900.0,400.0,387300.0
344,2021-10-05 06:40:09,227800.0,300.0,386900.0
345,2021-10-05 06:40:03,227800.0,400.0,386600.0
346,2021-10-05 06:39:56,227800.0,600.0,386200.0
347,2021-10-05 06:39:43,227800.0,500.0,385600.0
348,2021-10-05 06:39:42,227800.0,300.0,385100.0
349,2021-10-05 06:39:07,227800.0,100.0,384800.0
350,2021-10-05 06:39:05,227900.0,400.0,384700.0
351,2021-10-05 06:38:56,227900.0,800.0,384300.0
352,2021-10-05 06:38:53,227900.0,200.0,383500.0
353,2021-10-05 06:38:51,227900.0,100.0,383300.0
354,2021-10-05 06:38:49,227900.0,300.0,383200.0
355,2021-10-05 06:38:45,227900.0,500.0,382900.0
356,2021-10-05 06:38:23,227900.0,900.0,382400.0
357,2021-10-05 06:38:15,228000.0,100.0,381500.0
358,2021-10-05 06:38:11,228000.0,300.0,381400.0
359,2021-10-05 06:38:10,228100.0,300.0,381100.0
360,2021-10-05 06:38:08,228000.0,600.0,380800.0
361,2021-10-05 06:38:03,228000.0,600.0,380200.0
362,2021-10-05 06:38:02,228000.0,400.0,379600.0
363,2021-10-05 06:37:58,228000.0,500.0,379200.0
364,2021-10-05 06:37:52,228000.0,300.0,378700.0
365,2021-10-05 06:37:51,228000.0,300.0,378400.0
366,2021-10-05 06:37:47,228000.0,400.0,378100.0
367,2021-10-05 06:37:39,228000.0,300.0,377700.0
368,2021-10-05 06:37:38,228100.0,300.0,377400.0
369,2021-10-05 06:37:32,228000.0,300.0,377100.0
370,2021-10-05 06:37:23,228100.0,500.0,376800.0
371,2021-10-05 06:36:54,228000.0,800.0,376300.0
372,2021-10-05 06:36:31,228000.0,800.0,375500.0
373,2021-10-05 06:36:12,228000.0,300.0,374700.0
374,2021-10-05 06:35:52,228000.0,700.0,374400.0
375,2021-10-05 06:35:48,227900.0,200.0,373700.0
376,2021-10-05 06:35:46,227900.0,300.0,373500.0
377,2021-10-05 06:35:15,227900.0,600.0,373200.0
378,2021-10-05 06:34:50,228000.0,1000.0,372600.0
379,2021-10-05 06:34:39,228000.0,100.0,371600.0
380,2021-10-05 06:34:09,228000.0,200.0,371500.0
381,2021-10-05 06:33:48,228000.0,700.0,371300.0
382,2021-10-05 06:33:33,228000.0,300.0,370600.0
383,2021-10-05 06:33:13,228000.0,300.0,370300.0
384,2021-10-05 06:33:05,227900.0,300.0,370000.0
385,2021-10-05 06:32:58,228000.0,1100.0,369700.0
386,2021-10-05 06:32:46,228000.0,400.0,368600.0
387,2021-10-05 06:32:29,228000.0,200.0,368200.0
388,2021-10-05 06:32:07,228000.0,300.0,368000.0
389,2021-10-05 06:31:45,228000.0,200.0,367700.0
390,2021-10-05 06:31:42,228000.0,100.0,367500.0
391,2021-10-05 06:31:38,227900.0,300.0,367400.0
392,2021-10-05 06:31:09,227900.0,100.0,367100.0
393,2021-10-05 06:31:06,228000.0,400.0,367000.0
394,2021-10-05 06:30:55,228000.0,100.0,366600.0
395,2021-10-05 06:30:44,228000.0,200.0,366500.0
396,2021-10-05 06:30:42,228000.0,100.0,366300.0
397,2021-10-05 06:30:28,228000.0,300.0,366200.0
398,2021-10-05 06:30:12,227900.0,100.0,365900.0
399,2021-10-05 06:30:04,227900.0,100.0,365800.0
400,2021-10-05 06:29:54,227800.0,400.0,365700.0
401,2021-10-05 06:29:49,227900.0,600.0,365300.0
402,2021-10-05 06:29:38,227900.0,100.0,364700.0
403,2021-10-05 06:29:32,227900.0,500.0,364600.0
404,2021-10-05 06:29:24,227900.0,100.0,364100.0
405,2021-10-05 06:29:11,227800.0,100.0,364000.0
406,2021-10-05 06:28:53,227900.0,100.0,363900.0
407,2021-10-05 06:28:49,227900.0,100.0,363800.0
408,2021-10-05 06:28:47,227900.0,100.0,363700.0
409,2021-10-05 06:28:11,227900.0,400.0,363600.0
410,2021-10-05 06:27:55,227800.0,200.0,363200.0
411,2021-10-05 06:27:25,227900.0,300.0,363000.0
412,2021-10-05 06:27:00,227900.0,100.0,362700.0
413,2021-10-05 06:26:51,227900.0,200.0,362600.0
414,2021-10-05 06:26:49,227800.0,200.0,362400.0
415,2021-10-05 06:26:45,227900.0,100.0,362200.0
416,2021-10-05 06:26:43,227900.0,300.0,362100.0
417,2021-10-05 06:26:17,227900.0,100.0,361800.0
418,2021-10-05 06:26:15,227900.0,200.0,361700.0
419,2021-10-05 06:26:06,227900.0,1000.0,361500.0
420,2021-10-05 06:25:59,227800.0,200.0,360500.0
421,2021-10-05 06:25:50,227900.0,100.0,360300.0
422,2021-10-05 06:25:35,227900.0,300.0,360200.0
423,2021-10-05 06:25:16,227900.0,100.0,359900.0
424,2021-10-05 06:25:11,227900.0,700.0,359800.0
425,2021-10-05 06:25:10,227800.0,100.0,359100.0
426,2021-10-05 06:24:46,227900.0,200.0,359000.0
427,2021-10-05 06:24:37,227900.0,100.0,358800.0
428,2021-10-05 06:24:35,227900.0,200.0,358700.0
429,2021-10-05 06:24:25,227900.0,300.0,358500.0
430,2021-10-05 06:24:18,227900.0,200.0,358200.0
431,2021-10-05 06:24:04,227900.0,100.0,358000.0
432,2021-10-05 06:24:02,227900.0,400.0,357900.0
433,2021-10-05 06:23:58,227900.0,200.0,357500.0
434,2021-10-05 06:23:51,227900.0,100.0,357300.0
435,2021-10-05 06:23:50,227900.0,300.0,357200.0
436,2021-10-05 06:23:40,227900.0,100.0,356900.0
437,2021-10-05 06:23:11,228000.0,200.0,356800.0
438,2021-10-05 06:23:10,228000.0,100.0,356600.0
439,2021-10-05 06:23:08,227900.0,200.0,356500.0
440,2021-10-05 06:23:06,227900.0,100.0,356300.0
441,2021-10-05 06:23:04,227900.0,400.0,356200.0
442,2021-10-05 06:22:40,227900.0,200.0,355800.0
443,2021-10-05 06:22:38,227900.0,100.0,355600.0
444,2021-10-05 06:22:36,227900.0,300.0,355500.0
445,2021-10-05 06:22:34,227900.0,100.0,355200.0
446,2021-10-05 06:22:32,227900.0,100.0,355100.0
447,2021-10-05 06:22:26,227900.0,200.0,355000.0
448,2021-10-05 06:22:13,227900.0,900.0,354800.0
449,2021-10-05 06:22:11,227900.0,200.0,353900.0
450,2021-10-05 06:22:09,227900.0,400.0,353700.0
451,2021-10-05 06:22:07,227900.0,300.0,353300.0
452,2021-10-05 06:22:06,228000.0,300.0,353000.0
453,2021-10-05 06:22:04,227900.0,500.0,352700.0
454,2021-10-05 06:21:51,227900.0,200.0,352200.0
455,2021-10-05 06:21:40,228000.0,200.0,352000.0
456,2021-10-05 06:21:37,228000.0,300.0,351800.0
457,2021-10-05 06:21:12,228000.0,100.0,351500.0
458,2021-10-05 06:21:11,228000.0,100.0,351400.0
459,2021-10-05 06:21:10,228000.0,100.0,351300.0
460,2021-10-05 06:21:09,228000.0,200.0,351200.0
461,2021-10-05 06:21:07,227900.0,100.0,351000.0
462,2021-10-05 06:20:57,228000.0,100.0,350900.0
463,2021-10-05 06:20:55,228000.0,100.0,350800.0
464,2021-10-05 06:20:49,228000.0,100.0,350700.0
465,2021-10-05 06:20:47,228000.0,300.0,350600.0
466,2021-10-05 06:20:41,228000.0,400.0,350300.0
467,2021-10-05 06:20:32,227900.0,200.0,349900.0
468,2021-10-05 06:19:59,228000.0,200.0,349700.0
469,2021-10-05 06:19:44,228000.0,300.0,349500.0
470,2021-10-05 06:19:42,227900.0,100.0,349200.0
471,2021-10-05 06:19:32,228000.0,200.0,349100.0
472,2021-10-05 06:19:29,228000.0,300.0,348900.0
473,2021-10-05 06:19:18,228000.0,200.0,348600.0
474,2021-10-05 06:19:15,228000.0,100.0,348400.0
475,2021-10-05 06:19:13,228000.0,200.0,348300.0
476,2021-10-05 06:19:12,228000.0,100.0,348100.0
477,2021-10-05 06:19:10,228000.0,200.0,348000.0
478,2021-10-05 06:19:09,228000.0,100.0,347800.0
479,2021-10-05 06:19:06,228000.0,100.0,347700.0
480,2021-10-05 06:18:56,227900.0,400.0,347600.0
481,2021-10-05 06:18:40,228000.0,300.0,347200.0
482,2021-10-05 06:18:32,228000.0,100.0,346900.0
483,2021-10-05 06:18:30,228000.0,200.0,346800.0
484,2021-10-05 06:18:25,228000.0,200.0,346600.0
485,2021-10-05 06:17:47,227900.0,600.0,346400.0
486,2021-10-05 06:17:46,228000.0,100.0,345800.0
487,2021-10-05 06:17:44,227900.0,1200.0,345700.0
488,2021-10-05 06:17:42,228000.0,100.0,344500.0
489,2021-10-05 06:17:40,228000.0,200.0,344400.0
490,2021-10-05 06:17:38,228000.0,100.0,344200.0
491,2021-10-05 06:17:36,228000.0,200.0,344100.0
492,2021-10-05 06:17:33,227900.0,100.0,343900.0
493,2021-10-05 06:17:32,227900.0,200.0,343800.0
494,2021-10-05 06:17:29,227900.0,100.0,343600.0
495,2021-10-05 06:17:28,227900.0,200.0,343500.0
496,2021-10-05 06:17:27,227900.0,700.0,343300.0
497,2021-10-05 06:17:26,227900.0,100.0,342600.0
498,2021-10-05 06:17:21,227900.0,100.0,342500.0
499,2021-10-05 06:17:18,227900.0,200.0,342400.0
500,2021-10-05 06:17:16,227900.0,100.0,342200.0
501,2021-10-05 06:17:15,227900.0,700.0,342100.0
502,2021-10-05 06:17:13,227900.0,400.0,341400.0
503,2021-10-05 06:17:11,227900.0,300.0,341000.0
504,2021-10-05 06:17:05,227900.0,100.0,340700.0
505,2021-10-05 06:17:04,227900.0,300.0,340600.0
506,2021-10-05 06:17:02,227900.0,500.0,340300.0
507,2021-10-05 06:16:35,227900.0,400.0,339800.0
508,2021-10-05 06:16:34,228000.0,200.0,339400.0
509,2021-10-05 06:16:30,227900.0,300.0,339200.0
510,2021-10-05 06:16:26,227900.0,200.0,338900.0
511,2021-10-05 06:16:25,227900.0,300.0,338700.0
512,2021-10-05 06:16:00,228000.0,400.0,338400.0
513,2021-10-05 06:15:55,227900.0,100.0,338000.0
514,2021-10-05 06:15:47,228000.0,300.0,337900.0
515,2021-10-05 06:15:35,228000.0,200.0,337600.0
516,2021-10-05 06:15:32,228000.0,100.0,337400.0
517,2021-10-05 06:15:25,227900.0,500.0,337300.0
518,2021-10-05 06:15:03,228000.0,700.0,336800.0
519,2021-10-05 06:14:52,227900.0,300.0,336100.0
520,2021-10-05 06:14:36,227900.0,300.0,335800.0
521,2021-10-05 06:14:31,227900.0,100.0,335500.0
522,2021-10-05 06:14:27,227900.0,400.0,335400.0
523,2021-10-05 06:14:21,227900.0,300.0,335000.0
524,2021-10-05 06:14:16,228000.0,400.0,334700.0
525,2021-10-05 06:13:54,228000.0,300.0,334300.0
526,2021-10-05 06:13:53,228000.0,200.0,334000.0
527,2021-10-05 06:13:51,228000.0,100.0,333800.0
528,2021-10-05 06:13:49,228000.0,200.0,333700.0
529,2021-10-05 06:13:48,228000.0,200.0,333500.0
530,2021-10-05 06:13:25,228000.0,200.0,333300.0
531,2021-10-05 06:13:11,228000.0,600.0,333100.0
532,2021-10-05 06:12:58,227900.0,300.0,332500.0
533,2021-10-05 06:12:53,227900.0,500.0,332200.0
534,2021-10-05 06:12:48,228000.0,200.0,331700.0
535,2021-10-05 06:12:47,227900.0,300.0,331500.0
536,2021-10-05 06:12:44,228000.0,100.0,331200.0
537,2021-10-05 06:12:43,228000.0,100.0,331100.0
538,2021-10-05 06:12:41,228000.0,200.0,331000.0
539,2021-10-05 06:12:39,228000.0,100.0,330800.0
540,2021-10-05 06:12:37,228000.0,200.0,330700.0
541,2021-10-05 06:12:35,227900.0,400.0,330500.0
542,2021-10-05 06:12:34,228000.0,100.0,330100.0
543,2021-10-05 06:12:31,228000.0,500.0,330000.0
544,2021-10-05 06:12:29,227900.0,300.0,329500.0
545,2021-10-05 06:12:20,228000.0,400.0,329200.0
546,2021-10-05 06:12:18,228000.0,200.0,328800.0
547,2021-10-05 06:12:15,228000.0,600.0,328600.0
548,2021-10-05 06:12:10,228000.0,500.0,328000.0
549,2021-10-05 06:12:05,228100.0,100.0,327500.0
550,2021-10-05 06:12:03,228000.0,400.0,327400.0
551,2021-10-05 06:11:57,228000.0,200.0,327000.0
552,2021-10-05 06:11:50,228000.0,100.0,326800.0
553,2021-10-05 06:11:43,228100.0,300.0,326700.0
554,2021-10-05 06:11:42,228000.0,300.0,326400.0
555,2021-10-05 06:11:27,228000.0,400.0,326100.0
556,2021-10-05 06:11:21,228100.0,500.0,325700.0
557,2021-10-05 06:11:16,228000.0,400.0,325200.0
558,2021-10-05 06:11:08,228100.0,500.0,324800.0
559,2021-10-05 06:11:07,228200.0,400.0,324300.0
560,2021-10-05 06:11:05,228100.0,500.0,323900.0
561,2021-10-05 06:11:03,228100.0,600.0,323400.0
562,2021-10-05 06:10:57,228100.0,500.0,322800.0
563,2021-10-05 06:10:52,228100.0,300.0,322300.0
564,2021-10-05 06:10:46,228100.0,500.0,322000.0
565,2021-10-05 06:10:40,228100.0,600.0,321500.0
566,2021-10-05 06:10:35,228100.0,400.0,320900.0
567,2021-10-05 06:10:30,228100.0,300.0,320500.0
568,2021-10-05 06:10:24,228100.0,500.0,320200.0
569,2021-10-05 06:10:16,228200.0,300.0,319700.0
570,2021-10-05 06:09:38,228200.0,100.0,319400.0
571,2021-10-05 06:09:31,228100.0,100.0,319300.0
572,2021-10-05 06:09:15,228100.0,700.0,319200.0
573,2021-10-05 06:08:39,228100.0,500.0,318500.0
574,2021-10-05 06:08:04,228100.0,200.0,318000.0
575,2021-10-05 06:07:54,228000.0,300.0,317800.0
576,2021-10-05 06:07:34,228100.0,400.0,317500.0
577,2021-10-05 06:07:24,228000.0,100.0,317100.0
578,2021-10-05 06:07:23,228000.0,500.0,317000.0
579,2021-10-05 06:07:04,228000.0,200.0,316500.0
580,2021-10-05 06:07:02,228100.0,300.0,316300.0
581,2021-10-05 06:06:36,228100.0,200.0,316000.0
582,2021-10-05 06:06:19,228100.0,100.0,315800.0
583,2021-10-05 06:06:07,228000.0,900.0,315700.0
584,2021-10-05 06:06:04,228000.0,300.0,314800.0
585,2021-10-05 06:05:58,228100.0,500.0,314500.0
586,2021-10-05 06:05:51,228000.0,500.0,314000.0
587,2021-10-05 06:05:50,228000.0,200.0,313500.0
588,2021-10-05 06:05:45,228000.0,300.0,313300.0
589,2021-10-05 06:05:40,228000.0,400.0,313000.0
590,2021-10-05 06:05:36,228000.0,200.0,312600.0
591,2021-10-05 06:05:34,228000.0,300.0,312400.0
592,2021-10-05 06:05:28,228100.0,200.0,312100.0
593,2021-10-05 06:05:27,228000.0,300.0,311900.0
594,2021-10-05 06:05:16,228100.0,100.0,311600.0
595,2021-10-05 06:05:13,228100.0,100.0,311500.0
596,2021-10-05 06:05:12,228100.0,400.0,311400.0
597,2021-10-05 06:05:08,228200.0,600.0,311000.0
598,2021-10-05 06:05:03,228100.0,300.0,310400.0
599,2021-10-05 06:04:59,228100.0,1200.0,310100.0
600,2021-10-05 06:04:55,228100.0,300.0,308900.0
601,2021-10-05 06:04:47,228100.0,300.0,308600.0
602,2021-10-05 06:04:42,228100.0,400.0,308300.0
603,2021-10-05 06:04:38,228100.0,300.0,307900.0
604,2021-10-05 06:04:34,228100.0,200.0,307600.0
605,2021-10-05 06:04:26,228100.0,300.0,307400.0
606,2021-10-05 06:04:23,228100.0,100.0,307100.0
607,2021-10-05 06:04:19,228100.0,400.0,307000.0
608,2021-10-05 06:04:07,228200.0,500.0,306600.0
609,2021-10-05 06:03:57,228200.0,100.0,306100.0
610,2021-10-05 06:03:53,228200.0,300.0,306000.0
611,2021-10-05 06:03:46,228100.0,400.0,305700.0
612,2021-10-05 06:03:41,228100.0,300.0,305300.0
613,2021-10-05 06:03:36,228100.0,500.0,305000.0
614,2021-10-05 06:03:31,228100.0,300.0,304500.0
615,2021-10-05 06:03:19,228200.0,200.0,304200.0
616,2021-10-05 06:03:11,228100.0,100.0,304000.0
617,2021-10-05 06:03:10,228100.0,300.0,303900.0
618,2021-10-05 06:02:33,228100.0,100.0,303600.0
619,2021-10-05 06:02:28,228200.0,200.0,303500.0
620,2021-10-05 06:02:27,228200.0,100.0,303300.0
621,2021-10-05 06:02:24,228200.0,200.0,303200.0
622,2021-10-05 06:02:22,228200.0,100.0,303000.0
623,2021-10-05 06:02:20,228200.0,300.0,302900.0
624,2021-10-05 06:02:19,228100.0,500.0,302600.0
625,2021-10-05 06:01:51,228100.0,300.0,302100.0
626,2021-10-05 06:01:45,228200.0,100.0,301800.0
627,2021-10-05 06:01:38,228200.0,200.0,301700.0
628,2021-10-05 06:01:24,228100.0,200.0,301500.0
629,2021-10-05 04:28:49,228200.0,100.0,301300.0
630,2021-10-05 04:27:44,228100.0,100.0,301200.0
631,2021-10-05 04:27:19,228200.0,700.0,301100.0
632,2021-10-05 04:27:12,228200.0,200.0,300400.0
633,2021-10-05 04:27:11,228200.0,1500.0,300200.0
634,2021-10-05 04:27:07,228200.0,100.0,298700.0
635,2021-10-05 04:27:00,228200.0,200.0,298600.0
636,2021-10-05 04:26:25,228300.0,1800.0,298400.0
637,2021-10-05 04:26:21,228300.0,200.0,296600.0
638,2021-10-05 04:26:10,228300.0,200.0,296400.0
639,2021-10-05 04:25:56,228300.0,100.0,296200.0
640,2021-10-05 04:25:42,228300.0,300.0,296100.0
641,2021-10-05 04:25:40,228300.0,100.0,295800.0
642,2021-10-05 04:25:35,228300.0,200.0,295700.0
643,2021-10-05 04:25:32,228300.0,300.0,295500.0
644,2021-10-05 04:25:30,228300.0,500.0,295200.0
645,2021-10-05 04:25:24,228300.0,100.0,294700.0
646,2021-10-05 04:25:03,228400.0,1100.0,294600.0
647,2021-10-05 04:25:01,228400.0,300.0,293500.0
648,2021-10-05 04:24:59,228400.0,100.0,293200.0
649,2021-10-05 04:24:57,228400.0,2200.0,293100.0
650,2021-10-05 04:24:51,228400.0,400.0,290900.0
651,2021-10-05 04:24:41,228400.0,300.0,290500.0
652,2021-10-05 04:24:38,228500.0,400.0,290200.0
653,2021-10-05 04:24:36,228500.0,1200.0,289800.0
654,2021-10-05 04:24:34,228500.0,1400.0,288600.0
655,2021-10-05 04:24:31,228500.0,200.0,287200.0
656,2021-10-05 04:24:29,228500.0,400.0,287000.0
657,2021-10-05 04:24:26,228500.0,300.0,286600.0
658,2021-10-05 04:24:14,228600.0,2000.0,286300.0
659,2021-10-05 04:24:04,228600.0,900.0,284300.0
660,2021-10-05 04:24:00,228600.0,1500.0,283400.0
661,2021-10-05 04:23:57,228600.0,300.0,281900.0
662,2021-10-05 04:23:52,228600.0,100.0,281600.0
663,2021-10-05 04:23:43,228600.0,200.0,281500.0
664,2021-10-05 04:23:39,228600.0,300.0,281300.0
665,2021-10-05 04:23:38,228600.0,800.0,281000.0
666,2021-10-05 04:23:34,228700.0,1500.0,280200.0
667,2021-10-05 04:23:24,228700.0,900.0,278700.0
668,2021-10-05 04:23:22,228700.0,500.0,277800.0
669,2021-10-05 04:23:20,228700.0,300.0,277300.0
670,2021-10-05 04:23:13,228700.0,500.0,277000.0
671,2021-10-05 04:23:09,228700.0,1900.0,276500.0
672,2021-10-05 04:23:04,228700.0,300.0,274600.0
673,2021-10-05 04:23:03,228700.0,400.0,274300.0
674,2021-10-05 04:23:00,228700.0,200.0,273900.0
675,2021-10-05 04:22:56,228700.0,200.0,273700.0
676,2021-10-05 04:22:53,228800.0,600.0,273500.0
677,2021-10-05 04:22:27,228700.0,400.0,272900.0
678,2021-10-05 04:22:13,228700.0,1300.0,272500.0
679,2021-10-05 04:21:53,228700.0,600.0,271200.0
680,2021-10-05 04:21:40,228700.0,300.0,270600.0
681,2021-10-05 04:21:30,228700.0,500.0,270300.0
682,2021-10-05 04:21:07,228700.0,1500.0,269800.0
683,2021-10-05 04:21:01,228600.0,100.0,268300.0
684,2021-10-05 04:20:40,228600.0,600.0,268200.0
685,2021-10-05 04:20:26,228600.0,700.0,267600.0
686,2021-10-05 04:20:04,228600.0,300.0,266900.0
687,2021-10-05 04:19:59,228500.0,300.0,266600.0
688,2021-10-05 04:19:53,228600.0,900.0,266300.0
689,2021-10-05 04:19:33,228500.0,200.0,265400.0
690,2021-10-05 04:19:32,228600.0,800.0,265200.0
691,2021-10-05 04:19:15,228500.0,400.0,264400.0
692,2021-10-05 04:18:55,228500.0,500.0,264000.0
693,2021-10-05 04:18:50,228400.0,300.0,263500.0
694,2021-10-05 04:18:33,228400.0,300.0,263200.0
695,2021-10-05 04:18:26,228500.0,400.0,262900.0
696,2021-10-05 04:18:06,228500.0,100.0,262500.0
697,2021-10-05 04:18:01,228500.0,300.0,262400.0
698,2021-10-05 04:17:56,228400.0,100.0,262100.0
699,2021-10-05 04:17:36,228500.0,600.0,262000.0
700,2021-10-05 04:17:35,228400.0,400.0,261400.0
701,2021-10-05 04:17:32,228400.0,200.0,261000.0
702,2021-10-05 04:17:29,228400.0,300.0,260800.0
703,2021-10-05 04:17:21,228400.0,200.0,260500.0
704,2021-10-05 04:17:15,228400.0,300.0,260300.0
705,2021-10-05 04:17:10,228400.0,200.0,260000.0
706,2021-10-05 04:17:07,228400.0,300.0,259800.0
707,2021-10-05 04:17:05,228500.0,400.0,259500.0
708,2021-10-05 04:16:59,228400.0,500.0,259100.0
709,2021-10-05 04:16:52,228400.0,300.0,258600.0
710,2021-10-05 04:16:46,228400.0,300.0,258300.0
711,2021-10-05 04:16:44,228500.0,700.0,258000.0
712,2021-10-05 04:16:34,228500.0,200.0,257300.0
713,2021-10-05 04:16:24,228500.0,500.0,257100.0
714,2021-10-05 04:16:23,228400.0,200.0,256600.0
715,2021-10-05 04:15:59,228400.0,400.0,256400.0
716,2021-10-05 04:15:57,228500.0,300.0,256000.0
717,2021-10-05 04:15:55,228400.0,100.0,255700.0
718,2021-10-05 04:15:52,228400.0,200.0,255600.0
719,2021-10-05 04:15:46,228400.0,200.0,255400.0
720,2021-10-05 04:15:41,228500.0,400.0,255200.0
721,2021-10-05 04:15:39,228500.0,1400.0,254800.0
722,2021-10-05 04:15:36,228500.0,200.0,253400.0
723,2021-10-05 04:15:35,228500.0,100.0,253200.0
724,2021-10-05 04:15:32,228500.0,500.0,253100.0
725,2021-10-05 04:15:30,228500.0,300.0,252600.0
726,2021-10-05 04:15:26,228500.0,200.0,252300.0
727,2021-10-05 04:15:23,228600.0,700.0,252100.0
728,2021-10-05 04:15:21,228600.0,200.0,251400.0
729,2021-10-05 04:15:20,228600.0,400.0,251200.0
730,2021-10-05 04:15:18,228600.0,500.0,250800.0
731,2021-10-05 04:15:15,228600.0,300.0,250300.0
732,2021-10-05 04:14:59,228600.0,800.0,250000.0
733,2021-10-05 04:14:51,228500.0,200.0,249200.0
734,2021-10-05 04:14:50,228600.0,500.0,249000.0
735,2021-10-05 04:14:38,228600.0,100.0,248500.0
736,2021-10-05 04:14:31,228600.0,100.0,248400.0
737,2021-10-05 04:14:24,228600.0,300.0,248300.0
738,2021-10-05 04:14:18,228600.0,100.0,248000.0
739,2021-10-05 04:13:59,228600.0,100.0,247900.0
740,2021-10-05 04:13:57,228600.0,200.0,247800.0
741,2021-10-05 04:13:56,228600.0,100.0,247600.0
742,2021-10-05 04:13:50,228600.0,500.0,247500.0
743,2021-10-05 04:13:48,228700.0,200.0,247000.0
744,2021-10-05 04:13:39,228600.0,500.0,246800.0
745,2021-10-05 04:13:28,228500.0,200.0,246300.0
746,2021-10-05 04:13:05,228600.0,100.0,246100.0
747,2021-10-05 04:12:58,228600.0,300.0,246000.0
748,2021-10-05 04:12:47,228600.0,100.0,245700.0
749,2021-10-05 04:12:44,228600.0,200.0,245600.0
750,2021-10-05 04:12:42,228600.0,100.0,245400.0
751,2021-10-05 04:12:40,228600.0,200.0,245300.0
752,2021-10-05 04:12:30,228600.0,400.0,245100.0
753,2021-10-05 04:12:05,228500.0,100.0,244700.0
754,2021-10-05 04:11:54,228500.0,300.0,244600.0
755,2021-10-05 04:11:53,228600.0,700.0,244300.0
756,2021-10-05 04:11:42,228500.0,200.0,243600.0
757,2021-10-05 04:11:35,228600.0,400.0,243400.0
758,2021-10-05 04:11:11,228600.0,200.0,243000.0
759,2021-10-05 04:11:08,228500.0,200.0,242800.0
760,2021-10-05 04:11:06,228600.0,100.0,242600.0
761,2021-10-05 04:11:02,228600.0,100.0,242500.0
762,2021-10-05 04:10:45,228600.0,500.0,242400.0
763,2021-10-05 04:10:44,228600.0,100.0,241900.0
764,2021-10-05 04:10:42,228600.0,200.0,241800.0
765,2021-10-05 04:10:40,228600.0,200.0,241600.0
766,2021-10-05 04:10:24,228600.0,300.0,241400.0
767,2021-10-05 04:10:20,228500.0,300.0,241100.0
768,2021-10-05 04:10:14,228500.0,200.0,240800.0
769,2021-10-05 04:09:36,228500.0,200.0,240600.0
770,2021-10-05 04:09:34,228500.0,200.0,240400.0
771,2021-10-05 04:09:33,228500.0,100.0,240200.0
772,2021-10-05 04:09:31,228500.0,300.0,240100.0
773,2021-10-05 04:09:11,228500.0,800.0,239800.0
774,2021-10-05 04:08:57,228500.0,100.0,239000.0
775,2021-10-05 04:08:41,228500.0,400.0,238900.0
776,2021-10-05 04:08:30,228500.0,200.0,238500.0
777,2021-10-05 04:08:09,228500.0,200.0,238300.0
778,2021-10-05 04:08:08,228500.0,100.0,238100.0
779,2021-10-05 04:08:07,228500.0,200.0,238000.0
780,2021-10-05 04:07:48,228500.0,100.0,237800.0
781,2021-10-05 04:07:41,228500.0,600.0,237700.0
782,2021-10-05 04:07:31,228500.0,100.0,237100.0
783,2021-10-05 04:07:29,228500.0,200.0,237000.0
784,2021-10-05 04:07:18,228500.0,100.0,236800.0
785,2021-10-05 04:06:57,228500.0,100.0,236700.0
786,2021-10-05 04:06:56,228500.0,200.0,236600.0
787,2021-10-05 04:06:54,228500.0,100.0,236400.0
788,2021-10-05 04:06:52,228500.0,300.0,236300.0
789,2021-10-05 04:06:50,228500.0,100.0,236000.0
790,2021-10-05 04:06:48,228400.0,200.0,235900.0
791,2021-10-05 04:06:46,228400.0,100.0,235700.0
792,2021-10-05 04:06:45,228400.0,300.0,235600.0
793,2021-10-05 04:06:39,228400.0,300.0,235300.0
794,2021-10-05 04:06:21,228400.0,100.0,235000.0
795,2021-10-05 04:05:51,228400.0,500.0,234900.0
796,2021-10-05 04:05:41,228400.0,100.0,234400.0
797,2021-10-05 04:05:39,228400.0,200.0,234300.0
798,2021-10-05 04:05:16,228400.0,200.0,234100.0
799,2021-10-05 04:05:06,228300.0,300.0,233900.0
800,2021-10-05 04:04:49,228300.0,100.0,233600.0
801,2021-10-05 04:04:47,228400.0,400.0,233500.0
802,2021-10-05 04:04:31,228400.0,100.0,233100.0
803,2021-10-05 04:04:29,228300.0,300.0,233000.0
804,2021-10-05 04:04:06,228300.0,400.0,232700.0
805,2021-10-05 04:03:58,228300.0,500.0,232300.0
806,2021-10-05 04:03:57,228400.0,300.0,231800.0
807,2021-10-05 04:03:24,228400.0,100.0,231500.0
808,2021-10-05 04:02:54,228400.0,100.0,231400.0
809,2021-10-05 04:02:51,228300.0,200.0,231300.0
810,2021-10-05 04:02:44,228300.0,300.0,231100.0
811,2021-10-05 04:02:41,228400.0,300.0,230800.0
812,2021-10-05 04:02:31,228300.0,300.0,230500.0
813,2021-10-05 04:02:30,228200.0,300.0,230200.0
814,2021-10-05 04:01:56,228300.0,100.0,229900.0
815,2021-10-05 04:01:54,228300.0,100.0,229800.0
816,2021-10-05 04:01:52,228300.0,200.0,229700.0
817,2021-10-05 04:01:51,228300.0,100.0,229500.0
818,2021-10-05 04:01:49,228300.0,300.0,229400.0
819,2021-10-05 04:01:48,228300.0,200.0,229100.0
820,2021-10-05 04:01:46,228300.0,100.0,228900.0
821,2021-10-05 04:01:44,228300.0,200.0,228800.0
822,2021-10-05 04:01:43,228300.0,100.0,228600.0
823,2021-10-05 04:01:38,228200.0,100.0,228500.0
824,2021-10-05 04:01:36,228200.0,300.0,228400.0
825,2021-10-05 04:01:16,228200.0,300.0,228100.0
826,2021-10-05 04:00:52,228300.0,300.0,227800.0
827,2021-10-05 04:00:15,228300.0,200.0,227500.0
828,2021-10-05 03:59:52,228200.0,200.0,227300.0
829,2021-10-05 03:59:33,228300.0,400.0,227100.0
830,2021-10-05 03:59:30,228300.0,1100.0,226700.0
831,2021-10-05 03:59:29,228400.0,100.0,225600.0
832,2021-10-05 03:59:27,228400.0,300.0,225500.0
833,2021-10-05 03:59:26,228300.0,300.0,225200.0
834,2021-10-05 03:59:25,228400.0,100.0,224900.0
835,2021-10-05 03:59:24,228400.0,100.0,224800.0
836,2021-10-05 03:59:22,228300.0,400.0,224700.0
837,2021-10-05 03:59:21,228400.0,200.0,224300.0
838,2021-10-05 03:59:20,228300.0,500.0,224100.0
839,2021-10-05 03:59:18,228300.0,300.0,223600.0
840,2021-10-05 03:59:06,228300.0,100.0,223300.0
841,2021-10-05 03:58:47,228400.0,800.0,223200.0
842,2021-10-05 03:58:31,228400.0,200.0,222400.0
843,2021-10-05 03:58:21,228500.0,100.0,222200.0
844,2021-10-05 03:58:18,228500.0,300.0,222100.0
845,2021-10-05 03:58:16,228400.0,100.0,221800.0
846,2021-10-05 03:58:13,228300.0,300.0,221700.0
847,2021-10-05 03:58:07,228300.0,100.0,221400.0
848,2021-10-05 03:58:00,228300.0,100.0,221300.0
849,2021-10-05 03:57:54,228400.0,300.0,221200.0
850,2021-10-05 03:57:53,228400.0,100.0,220900.0
851,2021-10-05 03:57:52,228300.0,400.0,220800.0
852,2021-10-05 03:57:51,228400.0,200.0,220400.0
853,2021-10-05 03:57:49,228400.0,200.0,220200.0
854,2021-10-05 03:57:47,228300.0,300.0,220000.0
855,2021-10-05 03:57:42,228300.0,500.0,219700.0
856,2021-10-05 03:57:39,228300.0,300.0,219200.0
857,2021-10-05 03:57:35,228300.0,200.0,218900.0
858,2021-10-05 03:57:24,228300.0,300.0,218700.0
859,2021-10-05 03:57:14,228300.0,200.0,218400.0
860,2021-10-05 03:57:12,228400.0,200.0,218200.0
861,2021-10-05 03:56:31,228300.0,300.0,218000.0
862,2021-10-05 03:56:26,228400.0,100.0,217700.0
863,2021-10-05 03:56:10,228400.0,300.0,217600.0
864,2021-10-05 03:55:55,228400.0,100.0,217300.0
865,2021-10-05 03:55:53,228400.0,200.0,217200.0
866,2021-10-05 03:55:52,228400.0,100.0,217000.0
867,2021-10-05 03:55:50,228400.0,200.0,216900.0
868,2021-10-05 03:55:49,228400.0,100.0,216700.0
869,2021-10-05 03:55:47,228400.0,200.0,216600.0
870,2021-10-05 03:55:46,228400.0,100.0,216400.0
871,2021-10-05 03:55:44,228400.0,200.0,216300.0
872,2021-10-05 03:55:42,228400.0,100.0,216100.0
873,2021-10-05 03:55:26,228400.0,200.0,216000.0
874,2021-10-05 03:54:38,228300.0,300.0,215800.0
875,2021-10-05 03:54:15,228300.0,200.0,215500.0
876,2021-10-05 03:54:14,228300.0,100.0,215300.0
877,2021-10-05 03:54:13,228300.0,200.0,215200.0
878,2021-10-05 03:54:12,228300.0,200.0,215000.0
879,2021-10-05 03:53:59,228300.0,100.0,214800.0
880,2021-10-05 03:53:57,228300.0,100.0,214700.0
881,2021-10-05 03:53:51,228300.0,100.0,214600.0
882,2021-10-05 03:53:24,228200.0,200.0,214500.0
883,2021-10-05 03:53:17,228200.0,500.0,214300.0
884,2021-10-05 03:53:00,228200.0,100.0,213800.0
885,2021-10-05 03:52:55,228200.0,700.0,213700.0
886,2021-10-05 03:52:48,228200.0,100.0,213000.0
887,2021-10-05 03:52:40,228200.0,200.0,212900.0
888,2021-10-05 03:52:36,228200.0,300.0,212700.0
889,2021-10-05 03:52:30,228200.0,200.0,212400.0
890,2021-10-05 03:52:24,228200.0,100.0,212200.0
891,2021-10-05 03:52:23,228300.0,100.0,212100.0
892,2021-10-05 03:52:20,228300.0,200.0,212000.0
893,2021-10-05 03:52:15,228300.0,200.0,211800.0
894,2021-10-05 03:51:54,228200.0,200.0,211600.0
895,2021-10-05 03:51:46,228200.0,100.0,211400.0
896,2021-10-05 03:51:20,228200.0,200.0,211300.0
897,2021-10-05 03:51:16,228300.0,200.0,211100.0
898,2021-10-05 03:51:11,228200.0,100.0,210900.0
899,2021-10-05 03:51:09,228300.0,100.0,210800.0
900,2021-10-05 03:51:07,228300.0,300.0,210700.0
901,2021-10-05 03:51:06,228300.0,100.0,210400.0
902,2021-10-05 03:51:05,228300.0,100.0,210300.0
903,2021-10-05 03:51:02,228300.0,200.0,210200.0
904,2021-10-05 03:50:56,228200.0,300.0,210000.0
905,2021-10-05 03:50:32,228200.0,500.0,209700.0
906,2021-10-05 03:50:26,228300.0,300.0,209200.0
907,2021-10-05 03:50:19,228200.0,200.0,208900.0
908,2021-10-05 03:50:14,228200.0,100.0,208700.0
909,2021-10-05 03:49:48,228200.0,300.0,208600.0
910,2021-10-05 03:49:38,228200.0,100.0,208300.0
911,2021-10-05 03:49:35,228200.0,600.0,208200.0
912,2021-10-05 03:49:34,228100.0,100.0,207600.0
913,2021-10-05 03:49:24,228100.0,200.0,207500.0
914,2021-10-05 03:49:21,228200.0,300.0,207300.0
915,2021-10-05 03:48:56,228200.0,100.0,207000.0
916,2021-10-05 03:48:55,228200.0,100.0,206900.0
917,2021-10-05 03:48:53,228200.0,300.0,206800.0
918,2021-10-05 03:48:40,228100.0,100.0,206500.0
919,2021-10-05 03:48:31,228100.0,300.0,206400.0
920,2021-10-05 03:48:21,228100.0,200.0,206100.0
921,2021-10-05 03:48:14,228100.0,100.0,205900.0
922,2021-10-05 03:48:09,228100.0,200.0,205800.0
923,2021-10-05 03:48:05,228100.0,300.0,205600.0
924,2021-10-05 03:47:59,228100.0,200.0,205300.0
925,2021-10-05 03:47:55,228100.0,200.0,205100.0
926,2021-10-05 03:47:52,228200.0,200.0,204900.0
927,2021-10-05 03:47:47,228200.0,200.0,204700.0
928,2021-10-05 03:47:46,228200.0,100.0,204500.0
929,2021-10-05 03:47:44,228100.0,100.0,204400.0
930,2021-10-05 03:47:30,228100.0,300.0,204300.0
931,2021-10-05 03:47:09,228100.0,200.0,204000.0
932,2021-10-05 03:47:04,228100.0,100.0,203800.0
933,2021-10-05 03:46:58,228100.0,400.0,203700.0
934,2021-10-05 03:46:52,228100.0,200.0,203300.0
935,2021-10-05 03:46:46,228100.0,300.0,203100.0
936,2021-10-05 03:46:31,228200.0,1200.0,202800.0
937,2021-10-05 03:46:30,228100.0,200.0,201600.0
938,2021-10-05 03:46:21,228100.0,200.0,201400.0
939,2021-10-05 03:46:00,228100.0,300.0,201200.0
940,2021-10-05 03:45:49,228100.0,100.0,200900.0
941,2021-10-05 03:45:40,228100.0,200.0,200800.0
942,2021-10-05 03:45:23,228100.0,100.0,200600.0
943,2021-10-05 03:45:22,228200.0,300.0,200500.0
944,2021-10-05 03:45:02,228100.0,400.0,200200.0
945,2021-10-05 03:44:42,228000.0,100.0,199800.0
946,2021-10-05 03:44:37,228000.0,200.0,199700.0
947,2021-10-05 03:44:33,228000.0,100.0,199500.0
948,2021-10-05 03:44:31,228100.0,200.0,199400.0
949,2021-10-05 03:44:27,228000.0,300.0,199200.0
950,2021-10-05 03:44:18,228000.0,200.0,198900.0
951,2021-10-05 03:44:13,228000.0,100.0,198700.0
952,2021-10-05 03:44:08,228000.0,400.0,198600.0
953,2021-10-05 03:44:00,228000.0,200.0,198200.0
954,2021-10-05 03:43:51,228100.0,200.0,198000.0
955,2021-10-05 03:43:46,228000.0,300.0,197800.0
956,2021-10-05 03:43:38,228000.0,400.0,197500.0
957,2021-10-05 03:43:28,228000.0,100.0,197100.0
958,2021-10-05 03:43:22,228100.0,400.0,197000.0
959,2021-10-05 03:43:13,228000.0,500.0,196600.0
960,2021-10-05 03:43:04,228000.0,200.0,196100.0
961,2021-10-05 03:42:57,228000.0,100.0,195900.0
962,2021-10-05 03:42:55,228100.0,100.0,195800.0
963,2021-10-05 03:42:53,228100.0,200.0,195700.0
964,2021-10-05 03:42:52,228100.0,100.0,195500.0
965,2021-10-05 03:42:17,228100.0,400.0,195400.0
966,2021-10-05 03:42:11,228100.0,100.0,195000.0
967,2021-10-05 03:42:09,228100.0,200.0,194900.0
968,2021-10-05 03:42:08,228100.0,100.0,194700.0
969,2021-10-05 03:42:07,228100.0,600.0,194600.0
970,2021-10-05 03:42:06,228200.0,200.0,194000.0
971,2021-10-05 03:42:05,228100.0,300.0,193800.0
972,2021-10-05 03:42:04,228200.0,100.0,193500.0
973,2021-10-05 03:42:02,228200.0,300.0,193400.0
974,2021-10-05 03:42:01,228100.0,200.0,193100.0
975,2021-10-05 03:41:59,228100.0,600.0,192900.0
976,2021-10-05 03:41:57,228100.0,100.0,192300.0
977,2021-10-05 03:41:55,228100.0,200.0,192200.0
978,2021-10-05 03:41:52,228100.0,300.0,192000.0
979,2021-10-05 03:41:51,228100.0,200.0,191700.0
980,2021-10-05 03:41:46,228100.0,200.0,191500.0
981,2021-10-05 03:41:05,228200.0,400.0,191300.0
982,2021-10-05 03:40:38,228100.0,100.0,190900.0
983,2021-10-05 03:40:34,228200.0,100.0,190800.0
984,2021-10-05 03:40:33,228200.0,200.0,190700.0
985,2021-10-05 03:40:31,228200.0,100.0,190500.0
986,2021-10-05 03:40:20,228100.0,200.0,190400.0
987,2021-10-05 03:40:06,228200.0,200.0,190200.0
988,2021-10-05 03:40:05,228200.0,100.0,190000.0
989,2021-10-05 03:40:04,228200.0,200.0,189900.0
990,2021-10-05 03:40:02,228200.0,100.0,189700.0
991,2021-10-05 03:39:49,228200.0,100.0,189600.0
992,2021-10-05 03:39:47,228200.0,200.0,189500.0
993,2021-10-05 03:39:46,228200.0,100.0,189300.0
994,2021-10-05 03:39:35,228200.0,300.0,189200.0
995,2021-10-05 03:39:12,228100.0,200.0,188900.0
996,2021-10-05 03:38:48,228200.0,100.0,188700.0
997,2021-10-05 03:38:46,228200.0,200.0,188600.0
998,2021-10-05 03:38:44,228100.0,100.0,188400.0
999,2021-10-05 03:38:05,228200.0,200.0,188300.0
1000,2021-10-05 03:37:58,228100.0,200.0,188100.0
1001,2021-10-05 03:37:45,228200.0,100.0,187900.0
1002,2021-10-05 03:37:43,228200.0,100.0,187800.0
1003,2021-10-05 03:37:41,228200.0,300.0,187700.0
1004,2021-10-05 03:37:27,228100.0,300.0,187400.0
1005,2021-10-05 03:37:04,228200.0,1000.0,187100.0
1006,2021-10-05 03:36:44,228100.0,200.0,186100.0
1007,2021-10-05 03:36:11,228200.0,300.0,185900.0
1008,2021-10-05 03:35:54,228100.0,100.0,185600.0
1009,2021-10-05 03:35:37,228200.0,200.0,185500.0
1010,2021-10-05 03:35:09,228100.0,300.0,185300.0
1011,2021-10-05 03:35:05,228200.0,100.0,185000.0
1012,2021-10-05 03:34:59,228100.0,100.0,184900.0
1013,2021-10-05 03:34:11,228200.0,700.0,184800.0
1014,2021-10-05 03:34:10,228200.0,100.0,184100.0
1015,2021-10-05 03:33:55,228100.0,100.0,184000.0
1016,2021-10-05 03:33:35,228100.0,200.0,183900.0
1017,2021-10-05 03:33:17,228200.0,300.0,183700.0
1018,2021-10-05 03:32:53,228200.0,100.0,183400.0
1019,2021-10-05 03:32:52,228200.0,100.0,183300.0
1020,2021-10-05 03:32:51,228100.0,300.0,183200.0
1021,2021-10-05 03:32:50,228200.0,200.0,182900.0
1022,2021-10-05 03:32:46,228200.0,200.0,182700.0
1023,2021-10-05 03:32:27,228100.0,200.0,182500.0
1024,2021-10-05 03:32:09,228200.0,400.0,182300.0
1025,2021-10-05 03:31:54,228100.0,300.0,181900.0
1026,2021-10-05 03:31:43,228100.0,100.0,181600.0
1027,2021-10-05 03:31:31,228200.0,300.0,181500.0
1028,2021-10-05 03:31:19,228100.0,500.0,181200.0
1029,2021-10-05 03:31:02,228100.0,100.0,180700.0
1030,2021-10-05 03:30:51,228100.0,200.0,180600.0
1031,2021-10-05 03:30:48,228200.0,100.0,180400.0
1032,2021-10-05 03:30:22,228200.0,200.0,180300.0
1033,2021-10-05 03:30:20,228200.0,100.0,180100.0
1034,2021-10-05 03:30:19,228200.0,200.0,180000.0
1035,2021-10-05 03:30:16,228200.0,100.0,179800.0
1036,2021-10-05 03:30:03,228200.0,900.0,179700.0
1037,2021-10-05 03:30:01,228300.0,1400.0,178800.0
1038,2021-10-05 03:29:59,228200.0,300.0,177400.0
1039,2021-10-05 03:29:51,228200.0,300.0,177100.0
1040,2021-10-05 03:29:35,228300.0,700.0,176800.0
1041,2021-10-05 03:29:32,228300.0,300.0,176100.0
1042,2021-10-05 03:29:31,228300.0,500.0,175800.0
1043,2021-10-05 03:29:29,228300.0,100.0,175300.0
1044,2021-10-05 03:29:27,228300.0,200.0,175200.0
1045,2021-10-05 03:29:25,228300.0,600.0,175000.0
1046,2021-10-05 03:29:24,228300.0,300.0,174400.0
1047,2021-10-05 03:29:19,228400.0,200.0,174100.0
1048,2021-10-05 03:29:16,228300.0,100.0,173900.0
1049,2021-10-05 03:29:04,228300.0,200.0,173800.0
1050,2021-10-05 03:28:51,228400.0,1700.0,173600.0
1051,2021-10-05 03:28:48,228400.0,600.0,171900.0
1052,2021-10-05 03:28:45,228500.0,100.0,171300.0
1053,2021-10-05 03:28:43,228500.0,200.0,171200.0
1054,2021-10-05 03:28:42,228500.0,100.0,171000.0
1055,2021-10-05 03:28:39,228500.0,200.0,170900.0
1056,2021-10-05 03:28:38,228400.0,100.0,170700.0
1057,2021-10-05 03:28:29,228400.0,300.0,170600.0
1058,2021-10-05 03:28:24,228400.0,200.0,170300.0
1059,2021-10-05 03:28:16,228400.0,300.0,170100.0
1060,2021-10-05 03:28:10,228500.0,200.0,169800.0
1061,2021-10-05 03:28:08,228500.0,100.0,169600.0
1062,2021-10-05 03:28:06,228500.0,200.0,169500.0
1063,2021-10-05 03:28:05,228500.0,100.0,169300.0
1064,2021-10-05 03:28:03,228500.0,300.0,169200.0
1065,2021-10-05 03:27:51,228400.0,300.0,168900.0
1066,2021-10-05 03:27:23,228400.0,100.0,168600.0
1067,2021-10-05 03:27:22,228400.0,200.0,168500.0
1068,2021-10-05 03:27:21,228400.0,100.0,168300.0
1069,2021-10-05 03:27:11,228300.0,200.0,168200.0
1070,2021-10-05 03:27:10,228400.0,200.0,168000.0
1071,2021-10-05 03:27:08,228400.0,100.0,167800.0
1072,2021-10-05 03:27:07,228400.0,200.0,167700.0
1073,2021-10-05 03:27:05,228400.0,100.0,167500.0
1074,2021-10-05 03:26:48,228400.0,200.0,167400.0
1075,2021-10-05 03:26:42,228300.0,200.0,167200.0
1076,2021-10-05 03:26:40,228400.0,200.0,167000.0
1077,2021-10-05 03:26:37,228400.0,800.0,166800.0
1078,2021-10-05 03:26:35,228400.0,1000.0,166000.0
1079,2021-10-05 03:26:30,228400.0,500.0,165000.0
1080,2021-10-05 03:26:25,228400.0,200.0,164500.0
1081,2021-10-05 03:26:21,228400.0,300.0,164300.0
1082,2021-10-05 03:26:06,228400.0,900.0,164000.0
1083,2021-10-05 03:26:03,228300.0,200.0,163100.0
1084,2021-10-05 03:25:50,228300.0,200.0,162900.0
1085,2021-10-05 03:25:43,228300.0,100.0,162700.0
1086,2021-10-05 03:25:38,228400.0,200.0,162600.0
1087,2021-10-05 03:25:31,228300.0,300.0,162400.0
1088,2021-10-05 03:25:19,228400.0,100.0,162100.0
1089,2021-10-05 03:25:16,228400.0,200.0,162000.0
1090,2021-10-05 03:25:14,228400.0,100.0,161800.0
1091,2021-10-05 03:25:12,228400.0,600.0,161700.0
1092,2021-10-05 03:25:11,228400.0,100.0,161100.0
1093,2021-10-05 03:25:09,228400.0,200.0,161000.0
1094,2021-10-05 03:25:08,228400.0,100.0,160800.0
1095,2021-10-05 03:25:06,228400.0,200.0,160700.0
1096,2021-10-05 03:25:04,228400.0,100.0,160500.0
1097,2021-10-05 03:24:53,228300.0,100.0,160400.0
1098,2021-10-05 03:24:33,228400.0,300.0,160300.0
1099,2021-10-05 03:24:14,228400.0,300.0,160000.0
1100,2021-10-05 03:24:12,228300.0,100.0,159700.0
1101,2021-10-05 03:24:10,228300.0,200.0,159600.0
1102,2021-10-05 03:24:08,228300.0,100.0,159400.0
1103,2021-10-05 03:24:04,228300.0,400.0,159300.0
1104,2021-10-05 03:23:43,228300.0,200.0,158900.0
1105,2021-10-05 03:23:41,228300.0,100.0,158700.0
1106,2021-10-05 03:23:27,228300.0,200.0,158600.0
1107,2021-10-05 03:22:45,228300.0,100.0,158400.0
1108,2021-10-05 03:22:33,228300.0,100.0,158300.0
1109,2021-10-05 03:22:31,228300.0,500.0,158200.0
1110,2021-10-05 03:22:29,228300.0,100.0,157700.0
1111,2021-10-05 03:22:27,228300.0,200.0,157600.0
1112,2021-10-05 03:22:25,228300.0,100.0,157400.0
1113,2021-10-05 03:22:11,228300.0,200.0,157300.0
1114,2021-10-05 03:22:08,228300.0,300.0,157100.0
1115,2021-10-05 03:21:55,228200.0,300.0,156800.0
1116,2021-10-05 03:21:40,228300.0,1200.0,156500.0
1117,2021-10-05 03:21:38,228300.0,1100.0,155300.0
1118,2021-10-05 03:21:35,228300.0,600.0,154200.0
1119,2021-10-05 03:21:12,228400.0,300.0,153600.0
1120,2021-10-05 03:21:03,228300.0,200.0,153300.0
1121,2021-10-05 03:21:02,228300.0,400.0,153100.0
1122,2021-10-05 03:20:56,228300.0,300.0,152700.0
1123,2021-10-05 03:20:53,228300.0,100.0,152400.0
1124,2021-10-05 03:20:51,228300.0,500.0,152300.0
1125,2021-10-05 03:20:31,228300.0,300.0,151800.0
1126,2021-10-05 03:20:26,228400.0,200.0,151500.0
1127,2021-10-05 03:20:24,228400.0,500.0,151300.0
1128,2021-10-05 03:20:22,228400.0,100.0,150800.0
1129,2021-10-05 03:20:21,228400.0,200.0,150700.0
1130,2021-10-05 03:20:19,228400.0,100.0,150500.0
1131,2021-10-05 03:19:57,228300.0,200.0,150400.0
1132,2021-10-05 03:19:52,228400.0,400.0,150200.0
1133,2021-10-05 03:19:29,228400.0,100.0,149800.0
1134,2021-10-05 03:19:24,228400.0,100.0,149700.0
1135,2021-10-05 03:19:22,228400.0,200.0,149600.0
1136,2021-10-05 03:19:05,228300.0,200.0,149400.0
1137,2021-10-05 03:18:58,228400.0,300.0,149200.0
1138,2021-10-05 03:18:54,228300.0,300.0,148900.0
1139,2021-10-05 03:18:49,228300.0,100.0,148600.0
1140,2021-10-05 03:18:42,228300.0,200.0,148500.0
1141,2021-10-05 03:18:23,228400.0,100.0,148300.0
1142,2021-10-05 03:18:21,228400.0,200.0,148200.0
1143,2021-10-05 03:18:20,228400.0,100.0,148000.0
1144,2021-10-05 03:18:18,228400.0,200.0,147900.0
1145,2021-10-05 03:18:12,228200.0,300.0,147700.0
1146,2021-10-05 03:18:10,228300.0,100.0,147400.0
1147,2021-10-05 03:18:08,228300.0,200.0,147300.0
1148,2021-10-05 03:18:07,228300.0,100.0,147100.0
1149,2021-10-05 03:17:44,228300.0,1000.0,147000.0
1150,2021-10-05 03:17:07,228200.0,300.0,146000.0
1151,2021-10-05 03:16:55,228300.0,600.0,145700.0
1152,2021-10-05 03:16:24,228200.0,400.0,145100.0
1153,2021-10-05 03:16:19,228200.0,300.0,144700.0
1154,2021-10-05 03:16:15,228200.0,300.0,144400.0
1155,2021-10-05 03:16:12,228300.0,200.0,144100.0
1156,2021-10-05 03:16:10,228200.0,400.0,143900.0
1157,2021-10-05 03:16:05,228200.0,300.0,143500.0
1158,2021-10-05 03:15:59,228200.0,100.0,143200.0
1159,2021-10-05 03:15:51,228200.0,300.0,143100.0
1160,2021-10-05 03:15:32,228300.0,400.0,142800.0
1161,2021-10-05 03:15:28,228300.0,100.0,142400.0
1162,2021-10-05 03:14:58,228300.0,100.0,142300.0
1163,2021-10-05 03:14:53,228300.0,200.0,142200.0
1164,2021-10-05 03:14:51,228300.0,100.0,142000.0
1165,2021-10-05 03:14:45,228300.0,1400.0,141900.0
1166,2021-10-05 03:14:41,228300.0,1000.0,140500.0
1167,2021-10-05 03:14:35,228300.0,100.0,139500.0
1168,2021-10-05 03:14:31,228400.0,100.0,139400.0
1169,2021-10-05 03:14:29,228400.0,200.0,139300.0
1170,2021-10-05 03:14:16,228300.0,200.0,139100.0
1171,2021-10-05 03:14:02,228400.0,100.0,138900.0
1172,2021-10-05 03:13:54,228400.0,300.0,138800.0
1173,2021-10-05 03:13:23,228300.0,100.0,138500.0
1174,2021-10-05 03:13:11,228300.0,200.0,138400.0
1175,2021-10-05 03:13:10,228300.0,100.0,138200.0
1176,2021-10-05 03:12:53,228300.0,100.0,138100.0
1177,2021-10-05 03:12:17,228300.0,100.0,138000.0
1178,2021-10-05 03:12:16,228300.0,200.0,137900.0
1179,2021-10-05 03:12:14,228300.0,100.0,137700.0
1180,2021-10-05 03:11:47,228300.0,400.0,137600.0
1181,2021-10-05 03:11:08,228300.0,300.0,137200.0
1182,2021-10-05 03:10:50,228300.0,100.0,136900.0
1183,2021-10-05 03:10:48,228300.0,200.0,136800.0
1184,2021-10-05 03:10:34,228300.0,200.0,136600.0
1185,2021-10-05 03:10:08,228300.0,1900.0,136400.0
1186,2021-10-05 03:10:05,228300.0,200.0,134500.0
1187,2021-10-05 03:09:59,228300.0,400.0,134300.0
1188,2021-10-05 03:09:56,228300.0,200.0,133900.0
1189,2021-10-05 03:09:42,228300.0,300.0,133700.0
1190,2021-10-05 03:09:24,228400.0,300.0,133400.0
1191,2021-10-05 03:09:21,228400.0,500.0,133100.0
1192,2021-10-05 03:09:19,228400.0,300.0,132600.0
1193,2021-10-05 03:09:14,228500.0,100.0,132300.0
1194,2021-10-05 03:09:08,228400.0,1700.0,132200.0
1195,2021-10-05 03:08:53,228300.0,300.0,130500.0
1196,2021-10-05 03:08:24,228400.0,600.0,130200.0
1197,2021-10-05 03:07:57,228400.0,200.0,129600.0
1198,2021-10-05 03:07:52,228400.0,200.0,129400.0
1199,2021-10-05 03:07:51,228400.0,100.0,129200.0
1200,2021-10-05 03:07:33,228400.0,100.0,129100.0
1201,2021-10-05 03:07:14,228400.0,300.0,129000.0
1202,2021-10-05 03:07:00,228300.0,400.0,128700.0
1203,2021-10-05 03:06:53,228300.0,300.0,128300.0
1204,2021-10-05 03:06:47,228400.0,200.0,128000.0
1205,2021-10-05 03:06:45,228400.0,100.0,127800.0
1206,2021-10-05 03:06:39,228300.0,200.0,127700.0
1207,2021-10-05 03:06:20,228400.0,200.0,127500.0
1208,2021-10-05 03:06:11,228300.0,200.0,127300.0
1209,2021-10-05 03:06:01,228300.0,300.0,127100.0
1210,2021-10-05 03:05:52,228400.0,500.0,126800.0
1211,2021-10-05 03:05:29,228300.0,200.0,126300.0
1212,2021-10-05 03:05:20,228300.0,500.0,126100.0
1213,2021-10-05 03:05:10,228300.0,200.0,125600.0
1214,2021-10-05 03:04:59,228300.0,300.0,125400.0
1215,2021-10-05 03:04:57,228300.0,100.0,125100.0
1216,2021-10-05 03:04:50,228300.0,100.0,125000.0
1217,2021-10-05 03:04:48,228300.0,200.0,124900.0
1218,2021-10-05 03:04:42,228400.0,200.0,124700.0
1219,2021-10-05 03:04:41,228400.0,100.0,124500.0
1220,2021-10-05 03:04:40,228400.0,300.0,124400.0
1221,2021-10-05 03:04:15,228400.0,100.0,124100.0
1222,2021-10-05 03:04:13,228400.0,200.0,124000.0
1223,2021-10-05 03:03:59,228400.0,100.0,123800.0
1224,2021-10-05 03:03:56,228400.0,200.0,123700.0
1225,2021-10-05 03:03:32,228400.0,200.0,123500.0
1226,2021-10-05 03:03:19,228300.0,300.0,123300.0
1227,2021-10-05 03:03:14,228300.0,100.0,123000.0
1228,2021-10-05 03:03:08,228300.0,300.0,122900.0
1229,2021-10-05 03:03:06,228300.0,200.0,122600.0
1230,2021-10-05 03:03:05,228300.0,200.0,122400.0
1231,2021-10-05 03:02:51,228300.0,200.0,122200.0
1232,2021-10-05 03:02:21,228300.0,200.0,122000.0
1233,2021-10-05 03:02:19,228300.0,100.0,121800.0
1234,2021-10-05 03:02:17,228300.0,300.0,121700.0
1235,2021-10-05 03:02:05,228300.0,500.0,121400.0
1236,2021-10-05 03:01:19,228300.0,300.0,120900.0
1237,2021-10-05 03:00:43,228300.0,400.0,120600.0
1238,2021-10-05 03:00:38,228300.0,200.0,120200.0
1239,2021-10-05 03:00:36,228300.0,100.0,120000.0
1240,2021-10-05 03:00:02,228300.0,100.0,119900.0
1241,2021-10-05 03:00:00,228200.0,300.0,119800.0
1242,2021-10-05 02:59:51,228300.0,200.0,119500.0
1243,2021-10-05 02:59:29,228300.0,600.0,119300.0
1244,2021-10-05 02:59:28,228300.0,200.0,118700.0
1245,2021-10-05 02:59:23,228300.0,100.0,118500.0
1246,2021-10-05 02:59:05,228200.0,300.0,118400.0
1247,2021-10-05 02:58:57,228200.0,200.0,118100.0
1248,2021-10-05 02:58:55,228200.0,100.0,117900.0
1249,2021-10-05 02:58:54,228200.0,200.0,117800.0
1250,2021-10-05 02:58:47,228200.0,300.0,117600.0
1251,2021-10-05 02:58:33,228200.0,100.0,117300.0
1252,2021-10-05 02:58:21,228200.0,200.0,117200.0
1253,2021-10-05 02:58:19,228200.0,100.0,117000.0
1254,2021-10-05 02:57:20,228200.0,100.0,116900.0
1255,2021-10-05 02:57:17,228100.0,100.0,116800.0
1256,2021-10-05 02:57:04,228200.0,300.0,116700.0
1257,2021-10-05 02:56:03,228200.0,100.0,116400.0
1258,2021-10-05 02:56:02,228200.0,500.0,116300.0
1259,2021-10-05 02:55:49,228200.0,200.0,115800.0
1260,2021-10-05 02:55:47,228200.0,100.0,115600.0
1261,2021-10-05 02:55:05,228200.0,100.0,115500.0
1262,2021-10-05 02:54:40,228100.0,300.0,115400.0
1263,2021-10-05 02:54:37,228200.0,400.0,115100.0
1264,2021-10-05 02:54:32,228100.0,300.0,114700.0
1265,2021-10-05 02:53:29,228100.0,1400.0,114400.0
1266,2021-10-05 02:53:14,228100.0,100.0,113000.0
1267,2021-10-05 02:53:04,228100.0,200.0,112900.0
1268,2021-10-05 02:52:30,228100.0,200.0,112700.0
1269,2021-10-05 02:51:53,228000.0,500.0,112500.0
1270,2021-10-05 02:51:48,228000.0,300.0,112000.0
1271,2021-10-05 02:51:46,228100.0,100.0,111700.0
1272,2021-10-05 02:51:42,228000.0,100.0,111600.0
1273,2021-10-05 02:51:37,228000.0,300.0,111500.0
1274,2021-10-05 02:51:32,228000.0,100.0,111200.0
1275,2021-10-05 02:51:26,228000.0,300.0,111100.0
1276,2021-10-05 02:51:21,228100.0,100.0,110800.0
1277,2021-10-05 02:51:20,228000.0,100.0,110700.0
1278,2021-10-05 02:51:14,228000.0,300.0,110600.0
1279,2021-10-05 02:50:26,228100.0,300.0,110300.0
1280,2021-10-05 02:50:02,228000.0,400.0,110000.0
1281,2021-10-05 02:49:57,228000.0,300.0,109600.0
1282,2021-10-05 02:48:09,228100.0,100.0,109300.0
1283,2021-10-05 02:47:52,228000.0,100.0,109200.0
1284,2021-10-05 02:47:50,228100.0,200.0,109100.0
1285,2021-10-05 02:47:42,228000.0,500.0,108900.0
1286,2021-10-05 02:47:08,228000.0,300.0,108400.0
1287,2021-10-05 02:47:02,228100.0,100.0,108100.0
1288,2021-10-05 02:46:27,228100.0,1300.0,108000.0
1289,2021-10-05 02:46:25,228200.0,400.0,106700.0
1290,2021-10-05 02:46:24,228100.0,500.0,106300.0
1291,2021-10-05 02:46:11,228100.0,200.0,105800.0
1292,2021-10-05 02:46:05,228100.0,300.0,105600.0
1293,2021-10-05 02:45:41,228200.0,300.0,105300.0
1294,2021-10-05 02:45:30,228100.0,100.0,105000.0
1295,2021-10-05 02:45:17,228100.0,600.0,104900.0
1296,2021-10-05 02:45:11,228100.0,400.0,104300.0
1297,2021-10-05 02:44:55,228100.0,400.0,103900.0
1298,2021-10-05 02:44:33,228100.0,200.0,103500.0
1299,2021-10-05 02:44:09,228100.0,100.0,103300.0
1300,2021-10-05 02:43:48,228100.0,200.0,103200.0
1301,2021-10-05 02:43:18,228100.0,200.0,103000.0
1302,2021-10-05 02:42:59,228100.0,800.0,102800.0
1303,2021-10-05 02:42:06,228100.0,300.0,102000.0
1304,2021-10-05 02:41:47,228100.0,100.0,101700.0
1305,2021-10-05 02:41:05,228100.0,100.0,101600.0
1306,2021-10-05 02:40:19,228100.0,300.0,101500.0
1307,2021-10-05 02:39:41,228100.0,200.0,101200.0
1308,2021-10-05 02:39:28,228000.0,300.0,101000.0
1309,2021-10-05 02:39:23,228000.0,400.0,100700.0
1310,2021-10-05 02:39:19,228000.0,300.0,100300.0
1311,2021-10-05 02:39:08,228100.0,400.0,100000.0
1312,2021-10-05 02:38:24,228100.0,100.0,99600.0
1313,2021-10-05 02:38:02,228100.0,300.0,99500.0
1314,2021-10-05 02:37:33,228100.0,200.0,99200.0
1315,2021-10-05 02:36:48,228000.0,100.0,99000.0
1316,2021-10-05 02:36:46,228000.0,300.0,98900.0
1317,2021-10-05 02:36:45,228000.0,200.0,98600.0
1318,2021-10-05 02:36:43,228000.0,100.0,98400.0
1319,2021-10-05 02:36:36,227900.0,300.0,98300.0
1320,2021-10-05 02:36:07,228000.0,600.0,98000.0
1321,2021-10-05 02:36:05,228000.0,200.0,97400.0
1322,2021-10-05 02:36:03,228000.0,100.0,97200.0
1323,2021-10-05 02:36:02,227900.0,300.0,97100.0
1324,2021-10-05 02:35:46,228000.0,100.0,96800.0
1325,2021-10-05 02:35:43,228000.0,200.0,96700.0
1326,2021-10-05 02:35:41,228000.0,100.0,96500.0
1327,2021-10-05 02:35:33,227900.0,300.0,96400.0
1328,2021-10-05 02:35:20,228000.0,200.0,96100.0
1329,2021-10-05 02:34:43,228000.0,300.0,95900.0
1330,2021-10-05 02:34:32,227900.0,500.0,95600.0
1331,2021-10-05 02:34:30,228000.0,100.0,95100.0
1332,2021-10-05 02:34:28,228000.0,200.0,95000.0
1333,2021-10-05 02:34:17,228000.0,100.0,94800.0
1334,2021-10-05 02:34:16,228000.0,100.0,94700.0
1335,2021-10-05 02:34:15,228000.0,200.0,94600.0
1336,2021-10-05 02:34:13,228000.0,100.0,94400.0
1337,2021-10-05 02:34:11,228000.0,200.0,94300.0
1338,2021-10-05 02:34:10,228000.0,100.0,94100.0
1339,2021-10-05 02:34:08,228000.0,200.0,94000.0
1340,2021-10-05 02:34:07,228000.0,100.0,93800.0
1341,2021-10-05 02:33:45,228000.0,400.0,93700.0
1342,2021-10-05 02:33:43,228000.0,100.0,93300.0
1343,2021-10-05 02:33:41,228000.0,200.0,93200.0
1344,2021-10-05 02:33:39,228000.0,100.0,93000.0
1345,2021-10-05 02:33:10,227900.0,200.0,92900.0
1346,2021-10-05 02:32:56,228000.0,100.0,92700.0
1347,2021-10-05 02:32:54,228000.0,200.0,92600.0
1348,2021-10-05 02:32:52,228000.0,400.0,92400.0
1349,2021-10-05 02:32:51,228000.0,200.0,92000.0
1350,2021-10-05 02:32:49,228000.0,100.0,91800.0
1351,2021-10-05 02:32:47,228000.0,200.0,91700.0
1352,2021-10-05 02:32:34,227900.0,100.0,91500.0
1353,2021-10-05 02:32:23,227900.0,200.0,91400.0
1354,2021-10-05 02:32:21,227900.0,100.0,91200.0
1355,2021-10-05 02:32:19,227900.0,200.0,91100.0
1356,2021-10-05 02:32:18,227900.0,100.0,90900.0
1357,2021-10-05 02:32:16,227900.0,300.0,90800.0
1358,2021-10-05 02:32:14,227900.0,200.0,90500.0
1359,2021-10-05 02:32:13,227900.0,100.0,90300.0
1360,2021-10-05 02:32:11,227900.0,300.0,90200.0
1361,2021-10-05 02:32:10,227900.0,400.0,89900.0
1362,2021-10-05 02:32:08,227900.0,100.0,89500.0
1363,2021-10-05 02:31:38,227900.0,300.0,89400.0
1364,2021-10-05 02:30:47,227900.0,100.0,89100.0
1365,2021-10-05 02:30:45,227900.0,200.0,89000.0
1366,2021-10-05 02:30:44,227900.0,200.0,88800.0
1367,2021-10-05 02:30:32,227900.0,100.0,88600.0
1368,2021-10-05 02:30:30,227900.0,100.0,88500.0
1369,2021-10-05 02:30:28,227900.0,300.0,88400.0
1370,2021-10-05 02:30:25,227900.0,200.0,88100.0
1371,2021-10-05 02:30:24,227800.0,100.0,87900.0
1372,2021-10-05 02:30:22,227800.0,200.0,87800.0
1373,2021-10-05 02:30:20,227800.0,400.0,87600.0
1374,2021-10-05 02:30:18,227800.0,200.0,87200.0
1375,2021-10-05 02:30:15,227800.0,100.0,87000.0
1376,2021-10-05 02:29:53,227800.0,500.0,86900.0
1377,2021-10-05 02:29:19,227800.0,200.0,86400.0
1378,2021-10-05 02:29:14,227700.0,300.0,86200.0
1379,2021-10-05 02:29:04,227800.0,100.0,85900.0
1380,2021-10-05 02:28:49,227800.0,300.0,85800.0
1381,2021-10-05 02:27:57,227800.0,200.0,85500.0
1382,2021-10-05 02:27:45,227700.0,200.0,85300.0
1383,2021-10-05 02:27:36,227700.0,300.0,85100.0
1384,2021-10-05 02:27:19,227800.0,300.0,84800.0
1385,2021-10-05 02:26:34,227800.0,200.0,84500.0
1386,2021-10-05 02:25:18,227800.0,100.0,84300.0
1387,2021-10-05 02:24:27,227800.0,600.0,84200.0
1388,2021-10-05 02:24:19,227800.0,300.0,83600.0
1389,2021-10-05 02:24:09,227800.0,200.0,83300.0
1390,2021-10-05 02:23:35,227700.0,1600.0,83100.0
1391,2021-10-05 02:23:16,227700.0,500.0,81500.0
1392,2021-10-05 02:22:56,227700.0,200.0,81000.0
1393,2021-10-05 02:22:42,227700.0,300.0,80800.0
1394,2021-10-05 02:22:32,227700.0,300.0,80500.0
1395,2021-10-05 02:22:22,227700.0,2000.0,80200.0
1396,2021-10-05 02:22:14,227700.0,200.0,78200.0
1397,2021-10-05 02:22:12,227700.0,300.0,78000.0
1398,2021-10-05 02:22:10,227700.0,800.0,77700.0
1399,2021-10-05 02:22:06,227800.0,300.0,76900.0
1400,2021-10-05 02:22:05,227700.0,300.0,76600.0
1401,2021-10-05 02:21:51,227800.0,300.0,76300.0
1402,2021-10-05 02:21:49,227800.0,100.0,76000.0
1403,2021-10-05 02:21:47,227800.0,200.0,75900.0
1404,2021-10-05 02:21:46,227700.0,300.0,75700.0
1405,2021-10-05 02:21:43,227700.0,100.0,75400.0
1406,2021-10-05 02:21:35,227700.0,500.0,75300.0
1407,2021-10-05 02:21:32,227800.0,400.0,74800.0
1408,2021-10-05 02:21:20,227800.0,200.0,74400.0
1409,2021-10-05 02:21:04,227800.0,300.0,74200.0
1410,2021-10-05 02:20:46,227800.0,300.0,73900.0
1411,2021-10-05 02:20:29,227800.0,400.0,73600.0
1412,2021-10-05 02:20:20,227800.0,100.0,73200.0
1413,2021-10-05 02:20:04,227900.0,300.0,73100.0
1414,2021-10-05 02:20:02,227800.0,400.0,72800.0
1415,2021-10-05 02:19:55,227900.0,200.0,72400.0
1416,2021-10-05 02:19:54,227800.0,200.0,72200.0
1417,2021-10-05 02:19:52,227800.0,700.0,72000.0
1418,2021-10-05 02:19:50,227800.0,500.0,71300.0
1419,2021-10-05 02:19:47,227800.0,300.0,70800.0
1420,2021-10-05 02:19:39,227800.0,100.0,70500.0
1421,2021-10-05 02:19:37,227800.0,200.0,70400.0
1422,2021-10-05 02:19:35,227800.0,300.0,70200.0
1423,2021-10-05 02:19:28,227900.0,300.0,69900.0
1424,2021-10-05 02:19:27,227800.0,600.0,69600.0
1425,2021-10-05 02:19:20,227900.0,100.0,69000.0
1426,2021-10-05 02:19:11,227800.0,500.0,68900.0
1427,2021-10-05 02:19:09,227900.0,500.0,68400.0
1428,2021-10-05 02:19:06,227800.0,200.0,67900.0
1429,2021-10-05 02:19:01,227900.0,200.0,67700.0
1430,2021-10-05 02:18:55,227800.0,300.0,67500.0
1431,2021-10-05 02:18:45,227900.0,100.0,67200.0
1432,2021-10-05 02:18:35,227900.0,800.0,67100.0
1433,2021-10-05 02:18:29,227900.0,200.0,66300.0
1434,2021-10-05 02:18:28,228000.0,100.0,66100.0
1435,2021-10-05 02:18:27,227900.0,300.0,66000.0
1436,2021-10-05 02:18:26,228000.0,200.0,65700.0
1437,2021-10-05 02:18:24,228000.0,100.0,65500.0
1438,2021-10-05 02:18:21,228000.0,500.0,65400.0
1439,2021-10-05 02:18:20,227900.0,300.0,64900.0
1440,2021-10-05 02:18:16,227900.0,600.0,64600.0
1441,2021-10-05 02:18:13,227900.0,400.0,64000.0
1442,2021-10-05 02:18:08,227900.0,300.0,63600.0
1443,2021-10-05 02:18:01,227900.0,500.0,63300.0
1444,2021-10-05 02:17:43,227900.0,100.0,62800.0
1445,2021-10-05 02:17:28,228000.0,300.0,62700.0
1446,2021-10-05 02:17:05,228000.0,200.0,62400.0
1447,2021-10-05 02:16:54,228000.0,100.0,62200.0
1448,2021-10-05 02:16:20,228000.0,300.0,62100.0
1449,2021-10-05 02:16:07,228000.0,700.0,61800.0
1450,2021-10-05 02:15:59,228000.0,500.0,61100.0
1451,2021-10-05 02:15:57,228000.0,100.0,60600.0
1452,2021-10-05 02:15:52,228000.0,200.0,60500.0
1453,2021-10-05 02:15:05,228000.0,300.0,60300.0
1454,2021-10-05 02:14:47,228000.0,200.0,60000.0
1455,2021-10-05 02:14:44,228000.0,100.0,59800.0
1456,2021-10-05 02:14:41,228000.0,200.0,59700.0
1457,2021-10-05 02:14:39,228000.0,100.0,59500.0
1458,2021-10-05 02:14:36,228000.0,200.0,59400.0
1459,2021-10-05 02:14:32,228000.0,100.0,59200.0
1460,2021-10-05 02:14:30,228000.0,100.0,59100.0
1461,2021-10-05 02:14:28,228000.0,200.0,59000.0
1462,2021-10-05 02:14:18,228000.0,300.0,58800.0
1463,2021-10-05 02:14:12,228000.0,200.0,58500.0
1464,2021-10-05 02:13:40,228000.0,200.0,58300.0
1465,2021-10-05 02:13:25,228000.0,400.0,58100.0
1466,2021-10-05 02:13:13,228000.0,200.0,57700.0
1467,2021-10-05 02:13:08,228000.0,100.0,57500.0
1468,2021-10-05 02:13:05,228000.0,200.0,57400.0
1469,2021-10-05 02:13:03,228000.0,100.0,57200.0
1470,2021-10-05 02:13:00,228000.0,200.0,57100.0
1471,2021-10-05 02:12:52,228000.0,200.0,56900.0
1472,2021-10-05 02:12:50,228000.0,300.0,56700.0
1473,2021-10-05 02:12:45,228000.0,200.0,56400.0
1474,2021-10-05 02:12:38,228000.0,300.0,56200.0
1475,2021-10-05 02:12:29,228000.0,1500.0,55900.0
1476,2021-10-05 02:12:16,228000.0,100.0,54400.0
1477,2021-10-05 02:12:13,228000.0,200.0,54300.0
1478,2021-10-05 02:12:09,227900.0,500.0,54100.0
1479,2021-10-05 02:12:05,227900.0,300.0,53600.0
1480,2021-10-05 02:12:04,227900.0,500.0,53300.0
1481,2021-10-05 02:11:59,228000.0,200.0,52800.0
1482,2021-10-05 02:11:56,227900.0,600.0,52600.0
1483,2021-10-05 02:11:51,228000.0,100.0,52000.0
1484,2021-10-05 02:11:50,228000.0,1600.0,51900.0
1485,2021-10-05 02:11:48,228000.0,100.0,50300.0
1486,2021-10-05 02:11:46,228000.0,200.0,50200.0
1487,2021-10-05 02:11:44,228000.0,100.0,50000.0
1488,2021-10-05 02:11:42,228000.0,300.0,49900.0
1489,2021-10-05 02:11:38,227900.0,500.0,49600.0
1490,2021-10-05 02:11:33,227900.0,300.0,49100.0
1491,2021-10-05 02:11:29,227900.0,500.0,48800.0
1492,2021-10-05 02:11:24,227900.0,300.0,48300.0
1493,2021-10-05 02:11:23,228000.0,800.0,48000.0
1494,2021-10-05 02:11:14,228000.0,100.0,47200.0
1495,2021-10-05 02:11:09,228000.0,300.0,47100.0
1496,2021-10-05 02:10:57,228000.0,400.0,46800.0
1497,2021-10-05 02:10:46,228000.0,300.0,46400.0
1498,2021-10-05 02:10:37,228000.0,200.0,46100.0
1499,2021-10-05 02:10:29,228000.0,1000.0,45900.0
1500,2021-10-05 02:10:14,227900.0,500.0,44900.0
1501,2021-10-05 02:10:06,228000.0,500.0,44400.0
1502,2021-10-05 02:09:51,228000.0,100.0,43900.0
1503,2021-10-05 02:09:48,228000.0,200.0,43800.0
1504,2021-10-05 02:09:47,228000.0,100.0,43600.0
1505,2021-10-05 02:09:46,228000.0,100.0,43500.0
1506,2021-10-05 02:09:44,228000.0,500.0,43400.0
1507,2021-10-05 02:09:36,228000.0,500.0,42900.0
1508,2021-10-05 02:09:29,228000.0,200.0,42400.0
1509,2021-10-05 02:09:28,228000.0,100.0,42200.0
1510,2021-10-05 02:09:26,228000.0,200.0,42100.0
1511,2021-10-05 02:09:25,228000.0,300.0,41900.0
1512,2021-10-05 02:09:23,228000.0,100.0,41600.0
1513,2021-10-05 02:09:22,228000.0,200.0,41500.0
1514,2021-10-05 02:09:16,228000.0,300.0,41300.0
1515,2021-10-05 02:09:05,228000.0,100.0,41000.0
1516,2021-10-05 02:09:04,228000.0,500.0,40900.0
1517,2021-10-05 02:09:01,228000.0,300.0,40400.0
1518,2021-10-05 02:09:00,228000.0,200.0,40100.0
1519,2021-10-05 02:08:58,228000.0,200.0,39900.0
1520,2021-10-05 02:08:52,228000.0,600.0,39700.0
1521,2021-10-05 02:08:44,228000.0,200.0,39100.0
1522,2021-10-05 02:08:37,228000.0,700.0,38900.0
1523,2021-10-05 02:08:25,228000.0,100.0,38200.0
1524,2021-10-05 02:08:17,228000.0,500.0,38100.0
1525,2021-10-05 02:08:11,228000.0,200.0,37600.0
1526,2021-10-05 02:07:24,227800.0,300.0,37400.0
1527,2021-10-05 02:07:20,227900.0,200.0,37100.0
1528,2021-10-05 02:07:17,227900.0,300.0,36900.0
1529,2021-10-05 02:07:15,227900.0,200.0,36600.0
1530,2021-10-05 02:07:14,227900.0,100.0,36400.0
1531,2021-10-05 02:07:12,227900.0,200.0,36300.0
1532,2021-10-05 02:07:11,227900.0,100.0,36100.0
1533,2021-10-05 02:07:10,227900.0,100.0,36000.0
1534,2021-10-05 02:07:08,227900.0,300.0,35900.0
1535,2021-10-05 02:06:59,227800.0,300.0,35600.0
1536,2021-10-05 02:06:52,227900.0,500.0,35300.0
1537,2021-10-05 02:06:45,227900.0,200.0,34800.0
1538,2021-10-05 02:06:36,227900.0,200.0,34600.0
1539,2021-10-05 02:06:35,227900.0,100.0,34400.0
1540,2021-10-05 02:06:16,227900.0,400.0,34300.0
1541,2021-10-05 02:05:55,227900.0,500.0,33900.0
1542,2021-10-05 02:05:50,227900.0,100.0,33400.0
1543,2021-10-05 02:05:41,227900.0,300.0,33300.0
1544,2021-10-05 02:05:38,227800.0,200.0,33000.0
1545,2021-10-05 02:05:09,227800.0,2300.0,32800.0
1546,2021-10-05 02:04:58,227800.0,100.0,30500.0
1547,2021-10-05 02:04:57,227800.0,200.0,30400.0
1548,2021-10-05 02:04:55,227800.0,100.0,30200.0
1549,2021-10-05 02:04:53,227800.0,200.0,30100.0
1550,2021-10-05 02:04:51,227800.0,1000.0,29900.0
1551,2021-10-05 02:04:50,227800.0,200.0,28900.0
1552,2021-10-05 02:04:48,227800.0,100.0,28700.0
1553,2021-10-05 02:04:46,227800.0,300.0,28600.0
1554,2021-10-05 02:04:44,227800.0,100.0,28300.0
1555,2021-10-05 02:04:40,227800.0,200.0,28200.0
1556,2021-10-05 02:04:35,227600.0,300.0,28000.0
1557,2021-10-05 02:04:23,227800.0,100.0,27700.0
1558,2021-10-05 02:04:22,227800.0,200.0,27600.0
1559,2021-10-05 02:04:21,227800.0,100.0,27400.0
1560,2021-10-05 02:04:19,227800.0,100.0,27300.0
1561,2021-10-05 02:03:59,227900.0,300.0,27200.0
1562,2021-10-05 02:03:56,227700.0,200.0,26900.0
1563,2021-10-05 02:03:55,227700.0,600.0,26700.0
1564,2021-10-05 02:03:54,227700.0,1700.0,26100.0
1565,2021-10-05 02:03:47,227700.0,3200.0,24400.0
1566,2021-10-05 02:03:06,227900.0,300.0,21200.0
1567,2021-10-05 02:03:05,227700.0,200.0,20900.0
1568,2021-10-05 02:03:03,227700.0,100.0,20700.0
1569,2021-10-05 02:02:42,227700.0,900.0,20600.0
1570,2021-10-05 02:02:34,227700.0,2400.0,19700.0
1571,2021-10-05 02:02:32,227600.0,400.0,17300.0
1572,2021-10-05 02:02:25,227600.0,300.0,16900.0
1573,2021-10-05 02:02:22,227700.0,500.0,16600.0
1574,2021-10-05 02:02:12,227700.0,300.0,16100.0
1575,2021-10-05 02:01:59,227600.0,600.0,15800.0
1576,2021-10-05 02:01:51,227600.0,100.0,15200.0
1577,2021-10-05 02:01:48,227600.0,200.0,15100.0
1578,2021-10-05 02:01:47,227600.0,200.0,14900.0
1579,2021-10-05 02:01:45,227600.0,100.0,14700.0
1580,2021-10-05 02:01:27,227600.0,400.0,14600.0
1581,2021-10-05 02:01:21,227500.0,100.0,14200.0
1582,2021-10-05 02:01:18,227600.0,300.0,14100.0
1583,2021-10-05 02:00:43,227600.0,100.0,13800.0
1584,2021-10-05 02:00:29,227300.0,8900.0,13700.0
1585,2021-10-05 02:00:04,227600.0,4800.0,4800.0
