,Time,Price,Volume_per_trade,Volume
0,2021-10-18 14:45:03,229600.0,3900.0,466300.0
1,2021-10-18 14:29:36,229600.0,100.0,462400.0
2,2021-10-18 14:29:23,229500.0,200.0,462300.0
3,2021-10-18 14:29:02,229700.0,400.0,462100.0
4,2021-10-18 14:29:01,229600.0,3400.0,461700.0
5,2021-10-18 14:28:37,229600.0,200.0,458300.0
6,2021-10-18 14:28:17,229700.0,1400.0,458100.0
7,2021-10-18 14:28:15,229600.0,100.0,456700.0
8,2021-10-18 14:28:11,229700.0,200.0,456600.0
9,2021-10-18 14:27:58,229600.0,200.0,456400.0
10,2021-10-18 14:27:45,229700.0,600.0,456200.0
11,2021-10-18 14:27:34,229600.0,1200.0,455600.0
12,2021-10-18 14:27:27,229700.0,100.0,454400.0
13,2021-10-18 14:27:04,229700.0,200.0,454300.0
14,2021-10-18 14:26:57,229700.0,300.0,454100.0
15,2021-10-18 14:26:51,229600.0,200.0,453800.0
16,2021-10-18 14:26:31,229600.0,200.0,453600.0
17,2021-10-18 14:26:19,229700.0,400.0,453400.0
18,2021-10-18 14:26:02,229700.0,100.0,453000.0
19,2021-10-18 14:25:32,229700.0,200.0,452900.0
20,2021-10-18 14:25:25,229600.0,200.0,452700.0
21,2021-10-18 14:25:10,229700.0,100.0,452500.0
22,2021-10-18 14:25:04,229700.0,1000.0,452400.0
23,2021-10-18 14:24:47,229700.0,100.0,451400.0
24,2021-10-18 14:24:27,229700.0,100.0,451300.0
25,2021-10-18 14:24:24,229700.0,200.0,451200.0
26,2021-10-18 14:24:05,229600.0,100.0,451000.0
27,2021-10-18 14:23:47,229700.0,200.0,450900.0
28,2021-10-18 14:23:20,229700.0,200.0,450700.0
29,2021-10-18 14:23:18,229600.0,200.0,450500.0
30,2021-10-18 14:22:58,229700.0,100.0,450300.0
31,2021-10-18 14:22:55,229600.0,100.0,450200.0
32,2021-10-18 14:22:34,229700.0,2300.0,450100.0
33,2021-10-18 14:22:31,229800.0,500.0,447800.0
34,2021-10-18 14:22:26,229700.0,300.0,447300.0
35,2021-10-18 14:22:10,229800.0,300.0,447000.0
36,2021-10-18 14:21:38,229700.0,100.0,446700.0
37,2021-10-18 14:21:33,229800.0,200.0,446600.0
38,2021-10-18 14:21:18,229700.0,100.0,446400.0
39,2021-10-18 14:21:04,229700.0,300.0,446300.0
40,2021-10-18 14:20:52,229800.0,100.0,446000.0
41,2021-10-18 14:20:41,229900.0,200.0,445900.0
42,2021-10-18 14:20:36,229700.0,500.0,445700.0
43,2021-10-18 14:20:28,229800.0,1000.0,445200.0
44,2021-10-18 14:20:18,229800.0,400.0,444200.0
45,2021-10-18 14:20:12,229800.0,1000.0,443800.0
46,2021-10-18 14:20:11,229800.0,300.0,442800.0
47,2021-10-18 14:20:10,229900.0,300.0,442500.0
48,2021-10-18 14:19:52,229900.0,2000.0,442200.0
49,2021-10-18 14:19:47,229900.0,300.0,440200.0
50,2021-10-18 14:19:38,229900.0,1200.0,439900.0
51,2021-10-18 14:19:30,229900.0,200.0,438700.0
52,2021-10-18 14:19:28,229800.0,100.0,438500.0
53,2021-10-18 14:19:25,229900.0,100.0,438400.0
54,2021-10-18 14:19:19,229900.0,300.0,438300.0
55,2021-10-18 14:18:59,229900.0,200.0,438000.0
56,2021-10-18 14:18:52,229800.0,100.0,437800.0
57,2021-10-18 14:18:47,229900.0,300.0,437700.0
58,2021-10-18 14:18:35,229800.0,100.0,437400.0
59,2021-10-18 14:18:20,229900.0,300.0,437300.0
60,2021-10-18 14:17:59,229800.0,100.0,437000.0
61,2021-10-18 14:17:58,229900.0,300.0,436900.0
62,2021-10-18 14:17:43,229900.0,200.0,436600.0
63,2021-10-18 14:17:37,229800.0,300.0,436400.0
64,2021-10-18 14:17:34,229900.0,200.0,436100.0
65,2021-10-18 14:17:29,229900.0,1500.0,435900.0
66,2021-10-18 14:17:26,229800.0,100.0,434400.0
67,2021-10-18 14:17:19,229900.0,300.0,434300.0
68,2021-10-18 14:17:10,229800.0,100.0,434000.0
69,2021-10-18 14:17:01,229800.0,200.0,433900.0
70,2021-10-18 14:17:00,229700.0,100.0,433700.0
71,2021-10-18 14:16:52,229800.0,200.0,433600.0
72,2021-10-18 14:16:42,229800.0,500.0,433400.0
73,2021-10-18 14:16:34,229700.0,400.0,432900.0
74,2021-10-18 14:16:29,229800.0,200.0,432500.0
75,2021-10-18 14:16:20,229800.0,200.0,432300.0
76,2021-10-18 14:16:01,229700.0,200.0,432100.0
77,2021-10-18 14:15:59,229800.0,100.0,431900.0
78,2021-10-18 14:15:58,229700.0,100.0,431800.0
79,2021-10-18 14:15:28,229800.0,200.0,431700.0
80,2021-10-18 14:15:26,229700.0,100.0,431500.0
81,2021-10-18 14:15:22,229700.0,200.0,431400.0
82,2021-10-18 14:15:14,229800.0,300.0,431200.0
83,2021-10-18 14:15:13,229800.0,100.0,430900.0
84,2021-10-18 14:14:44,229700.0,200.0,430800.0
85,2021-10-18 14:14:30,229800.0,200.0,430600.0
86,2021-10-18 14:14:16,229700.0,200.0,430400.0
87,2021-10-18 14:14:13,229800.0,200.0,430200.0
88,2021-10-18 14:14:11,229700.0,1000.0,430000.0
89,2021-10-18 14:14:00,229800.0,200.0,429000.0
90,2021-10-18 14:13:37,229800.0,200.0,428800.0
91,2021-10-18 14:13:36,229700.0,100.0,428600.0
92,2021-10-18 14:13:23,229800.0,700.0,428500.0
93,2021-10-18 14:13:13,229800.0,400.0,427800.0
94,2021-10-18 14:12:59,229700.0,400.0,427400.0
95,2021-10-18 14:12:53,229800.0,200.0,427000.0
96,2021-10-18 14:12:37,229800.0,300.0,426800.0
97,2021-10-18 14:12:17,229700.0,500.0,426500.0
98,2021-10-18 14:12:04,229800.0,100.0,426000.0
99,2021-10-18 14:12:00,229800.0,300.0,425900.0
100,2021-10-18 14:11:33,229700.0,300.0,425600.0
101,2021-10-18 14:11:11,229800.0,300.0,425300.0
102,2021-10-18 14:11:07,229800.0,300.0,425000.0
103,2021-10-18 14:11:04,229700.0,200.0,424700.0
104,2021-10-18 14:10:54,229800.0,300.0,424500.0
105,2021-10-18 14:10:43,229700.0,300.0,424200.0
106,2021-10-18 14:10:16,229800.0,200.0,423900.0
107,2021-10-18 14:09:58,229800.0,200.0,423700.0
108,2021-10-18 14:09:55,229800.0,300.0,423500.0
109,2021-10-18 14:09:53,229700.0,500.0,423200.0
110,2021-10-18 14:09:31,229800.0,1600.0,422700.0
111,2021-10-18 14:09:25,229800.0,200.0,421100.0
112,2021-10-18 14:09:24,229800.0,1200.0,420900.0
113,2021-10-18 14:09:14,229900.0,200.0,419700.0
114,2021-10-18 14:09:08,229900.0,500.0,419500.0
115,2021-10-18 14:08:38,229800.0,200.0,419000.0
116,2021-10-18 14:08:33,229900.0,100.0,418800.0
117,2021-10-18 14:08:24,229900.0,200.0,418700.0
118,2021-10-18 14:08:13,229800.0,100.0,418500.0
119,2021-10-18 14:08:09,229800.0,100.0,418400.0
120,2021-10-18 14:08:00,229900.0,300.0,418300.0
121,2021-10-18 14:07:36,229900.0,200.0,418000.0
122,2021-10-18 14:07:33,229800.0,200.0,417800.0
123,2021-10-18 14:07:10,229800.0,100.0,417600.0
124,2021-10-18 14:07:00,229900.0,100.0,417500.0
125,2021-10-18 14:06:48,229900.0,100.0,417400.0
126,2021-10-18 14:06:41,229800.0,100.0,417300.0
127,2021-10-18 14:06:23,229800.0,200.0,417200.0
128,2021-10-18 14:06:02,229900.0,200.0,417000.0
129,2021-10-18 14:06:01,229900.0,300.0,416800.0
130,2021-10-18 14:05:48,229800.0,100.0,416500.0
131,2021-10-18 14:05:44,229800.0,300.0,416400.0
132,2021-10-18 14:05:20,229900.0,200.0,416100.0
133,2021-10-18 14:05:09,229900.0,200.0,415900.0
134,2021-10-18 14:05:05,229800.0,200.0,415700.0
135,2021-10-18 14:05:01,229800.0,100.0,415500.0
136,2021-10-18 14:04:58,229900.0,700.0,415400.0
137,2021-10-18 14:04:53,229900.0,200.0,414700.0
138,2021-10-18 14:04:45,229900.0,400.0,414500.0
139,2021-10-18 14:04:32,229800.0,500.0,414100.0
140,2021-10-18 14:04:27,229900.0,100.0,413600.0
141,2021-10-18 14:04:05,229900.0,200.0,413500.0
142,2021-10-18 14:03:51,229900.0,200.0,413300.0
143,2021-10-18 14:03:30,229800.0,100.0,413100.0
144,2021-10-18 14:03:27,229800.0,100.0,413000.0
145,2021-10-18 14:03:19,229900.0,200.0,412900.0
146,2021-10-18 14:03:12,229900.0,200.0,412700.0
147,2021-10-18 14:02:44,229800.0,200.0,412500.0
148,2021-10-18 14:02:41,229900.0,200.0,412300.0
149,2021-10-18 14:02:12,229900.0,200.0,412100.0
150,2021-10-18 14:02:08,229800.0,300.0,411900.0
151,2021-10-18 14:02:04,229900.0,400.0,411600.0
152,2021-10-18 14:02:01,229900.0,200.0,411200.0
153,2021-10-18 14:01:12,229800.0,200.0,411000.0
154,2021-10-18 14:01:08,229900.0,300.0,410800.0
155,2021-10-18 14:00:57,229900.0,300.0,410500.0
156,2021-10-18 14:00:24,229900.0,200.0,410200.0
157,2021-10-18 14:00:23,229800.0,200.0,410000.0
158,2021-10-18 14:00:18,229800.0,100.0,409800.0
159,2021-10-18 13:59:52,229900.0,100.0,409700.0
160,2021-10-18 13:59:44,229800.0,100.0,409600.0
161,2021-10-18 13:59:41,229800.0,200.0,409500.0
162,2021-10-18 13:59:19,229800.0,100.0,409300.0
163,2021-10-18 13:59:18,229900.0,200.0,409200.0
164,2021-10-18 13:59:17,229900.0,100.0,409000.0
165,2021-10-18 13:58:55,229900.0,100.0,408900.0
166,2021-10-18 13:58:53,229800.0,200.0,408800.0
167,2021-10-18 13:58:47,229900.0,200.0,408600.0
168,2021-10-18 13:58:20,229900.0,200.0,408400.0
169,2021-10-18 13:58:18,229800.0,300.0,408200.0
170,2021-10-18 13:57:53,229800.0,300.0,407900.0
171,2021-10-18 13:57:52,229800.0,500.0,407600.0
172,2021-10-18 13:57:44,229900.0,300.0,407100.0
173,2021-10-18 13:57:41,229900.0,200.0,406800.0
174,2021-10-18 13:57:38,229900.0,1500.0,406600.0
175,2021-10-18 13:57:34,229900.0,200.0,405100.0
176,2021-10-18 13:57:21,229900.0,1500.0,404900.0
177,2021-10-18 13:57:20,229900.0,200.0,403400.0
178,2021-10-18 13:57:19,230000.0,100.0,403200.0
179,2021-10-18 13:57:12,229900.0,2000.0,403100.0
180,2021-10-18 13:56:48,230000.0,200.0,401100.0
181,2021-10-18 13:56:35,229900.0,200.0,400900.0
182,2021-10-18 13:56:29,230000.0,2300.0,400700.0
183,2021-10-18 13:56:19,230000.0,500.0,398400.0
184,2021-10-18 13:56:06,230000.0,1500.0,397900.0
185,2021-10-18 13:56:04,230100.0,200.0,396400.0
186,2021-10-18 13:55:58,230100.0,2700.0,396200.0
187,2021-10-18 13:55:37,230100.0,300.0,393500.0
188,2021-10-18 13:55:30,230200.0,200.0,393200.0
189,2021-10-18 13:55:13,230100.0,300.0,393000.0
190,2021-10-18 13:55:04,230100.0,300.0,392700.0
191,2021-10-18 13:54:48,230000.0,200.0,392400.0
192,2021-10-18 13:54:43,230100.0,600.0,392200.0
193,2021-10-18 13:54:29,230100.0,1000.0,391600.0
194,2021-10-18 13:54:26,230100.0,500.0,390600.0
195,2021-10-18 13:54:13,230000.0,200.0,390100.0
196,2021-10-18 13:54:11,230100.0,2900.0,389900.0
197,2021-10-18 13:54:08,230200.0,300.0,387000.0
198,2021-10-18 13:53:50,230100.0,900.0,386700.0
199,2021-10-18 13:53:34,230100.0,500.0,385800.0
200,2021-10-18 13:53:26,230100.0,300.0,385300.0
201,2021-10-18 13:53:10,230000.0,300.0,385000.0
202,2021-10-18 13:53:03,230100.0,200.0,384700.0
203,2021-10-18 13:52:56,230100.0,100.0,384500.0
204,2021-10-18 13:52:38,230000.0,400.0,384400.0
205,2021-10-18 13:52:32,230100.0,400.0,384000.0
206,2021-10-18 13:52:10,230100.0,1600.0,383600.0
207,2021-10-18 13:52:09,230200.0,200.0,382000.0
208,2021-10-18 13:52:04,230100.0,1500.0,381800.0
209,2021-10-18 13:52:03,230200.0,900.0,380300.0
210,2021-10-18 13:51:39,230200.0,300.0,379400.0
211,2021-10-18 13:51:28,230200.0,200.0,379100.0
212,2021-10-18 13:51:04,230200.0,400.0,378900.0
213,2021-10-18 13:51:01,230100.0,200.0,378500.0
214,2021-10-18 13:50:55,230200.0,1300.0,378300.0
215,2021-10-18 13:50:53,230200.0,200.0,377000.0
216,2021-10-18 13:50:32,230200.0,200.0,376800.0
217,2021-10-18 13:50:25,230100.0,100.0,376600.0
218,2021-10-18 13:50:19,230200.0,600.0,376500.0
219,2021-10-18 13:50:05,230200.0,2000.0,375900.0
220,2021-10-18 13:50:02,230200.0,100.0,373900.0
221,2021-10-18 13:49:57,230300.0,200.0,373800.0
222,2021-10-18 13:49:44,230200.0,1000.0,373600.0
223,2021-10-18 13:49:21,230300.0,600.0,372600.0
224,2021-10-18 13:49:16,230200.0,500.0,372000.0
225,2021-10-18 13:49:13,230300.0,300.0,371500.0
226,2021-10-18 13:48:43,230300.0,300.0,371200.0
227,2021-10-18 13:48:33,230300.0,200.0,370900.0
228,2021-10-18 13:48:29,230200.0,200.0,370700.0
229,2021-10-18 13:48:08,230300.0,500.0,370500.0
230,2021-10-18 13:48:01,230300.0,500.0,370000.0
231,2021-10-18 13:47:38,230200.0,500.0,369500.0
232,2021-10-18 13:47:36,230200.0,1500.0,369000.0
233,2021-10-18 13:47:18,230200.0,300.0,367500.0
234,2021-10-18 13:47:09,230300.0,200.0,367200.0
235,2021-10-18 13:46:57,230300.0,400.0,367000.0
236,2021-10-18 13:46:20,230200.0,100.0,366600.0
237,2021-10-18 13:46:02,230300.0,200.0,366500.0
238,2021-10-18 13:45:55,230300.0,300.0,366300.0
239,2021-10-18 13:45:46,230200.0,100.0,366000.0
240,2021-10-18 13:45:41,230200.0,200.0,365900.0
241,2021-10-18 13:45:20,230300.0,200.0,365700.0
242,2021-10-18 13:45:18,230300.0,200.0,365500.0
243,2021-10-18 13:44:47,230200.0,100.0,365300.0
244,2021-10-18 13:44:33,230300.0,400.0,365200.0
245,2021-10-18 13:44:31,230200.0,100.0,364800.0
246,2021-10-18 13:44:09,230300.0,100.0,364700.0
247,2021-10-18 13:44:07,230200.0,200.0,364600.0
248,2021-10-18 13:44:01,230300.0,1400.0,364400.0
249,2021-10-18 13:44:00,230400.0,300.0,363000.0
250,2021-10-18 13:43:54,230300.0,600.0,362700.0
251,2021-10-18 13:43:53,230300.0,900.0,362100.0
252,2021-10-18 13:43:45,230300.0,2000.0,361200.0
253,2021-10-18 13:43:42,230300.0,100.0,359200.0
254,2021-10-18 13:43:32,230400.0,400.0,359100.0
255,2021-10-18 13:43:28,230400.0,300.0,358700.0
256,2021-10-18 13:43:16,230400.0,1000.0,358400.0
257,2021-10-18 13:42:47,230300.0,200.0,357400.0
258,2021-10-18 13:42:45,230400.0,300.0,357200.0
259,2021-10-18 13:42:33,230400.0,200.0,356900.0
260,2021-10-18 13:42:25,230300.0,200.0,356700.0
261,2021-10-18 13:42:18,230300.0,200.0,356500.0
262,2021-10-18 13:42:10,230300.0,1100.0,356300.0
263,2021-10-18 13:42:06,230200.0,200.0,355200.0
264,2021-10-18 13:41:50,230200.0,100.0,355000.0
265,2021-10-18 13:41:47,230300.0,400.0,354900.0
266,2021-10-18 13:41:36,230300.0,200.0,354500.0
267,2021-10-18 13:41:11,230200.0,200.0,354300.0
268,2021-10-18 13:41:10,230300.0,500.0,354100.0
269,2021-10-18 13:40:57,230300.0,200.0,353600.0
270,2021-10-18 13:40:53,230300.0,100.0,353400.0
271,2021-10-18 13:40:49,230200.0,300.0,353300.0
272,2021-10-18 13:40:36,230300.0,400.0,353000.0
273,2021-10-18 13:40:30,230300.0,100.0,352600.0
274,2021-10-18 13:40:23,230200.0,300.0,352500.0
275,2021-10-18 13:40:09,230300.0,200.0,352200.0
276,2021-10-18 13:40:00,230300.0,600.0,352000.0
277,2021-10-18 13:39:33,230300.0,300.0,351400.0
278,2021-10-18 13:39:29,230200.0,200.0,351100.0
279,2021-10-18 13:39:20,230300.0,200.0,350900.0
280,2021-10-18 13:39:11,230300.0,500.0,350700.0
281,2021-10-18 13:38:49,230300.0,300.0,350200.0
282,2021-10-18 13:38:39,230200.0,500.0,349900.0
283,2021-10-18 13:38:18,230200.0,100.0,349400.0
284,2021-10-18 13:38:08,230200.0,400.0,349300.0
285,2021-10-18 13:37:56,230200.0,200.0,348900.0
286,2021-10-18 13:37:53,230100.0,100.0,348700.0
287,2021-10-18 13:37:33,230200.0,100.0,348600.0
288,2021-10-18 13:37:31,230200.0,300.0,348500.0
289,2021-10-18 13:36:51,230200.0,100.0,348200.0
290,2021-10-18 13:36:48,230100.0,200.0,348100.0
291,2021-10-18 13:36:25,230100.0,300.0,347900.0
292,2021-10-18 13:36:24,230200.0,100.0,347600.0
293,2021-10-18 13:36:08,230200.0,200.0,347500.0
294,2021-10-18 13:35:46,230200.0,200.0,347300.0
295,2021-10-18 13:35:35,230200.0,100.0,347100.0
296,2021-10-18 13:35:30,230200.0,2100.0,347000.0
297,2021-10-18 13:35:20,230100.0,300.0,344900.0
298,2021-10-18 13:35:08,230200.0,800.0,344600.0
299,2021-10-18 13:34:48,230200.0,200.0,343800.0
300,2021-10-18 13:34:44,230100.0,1200.0,343600.0
301,2021-10-18 13:34:38,230100.0,300.0,342400.0
302,2021-10-18 13:34:07,230200.0,200.0,342100.0
303,2021-10-18 13:34:02,230100.0,100.0,341900.0
304,2021-10-18 13:33:58,230100.0,400.0,341800.0
305,2021-10-18 13:33:53,230200.0,600.0,341400.0
306,2021-10-18 13:33:24,230200.0,200.0,340800.0
307,2021-10-18 13:33:22,230200.0,1000.0,340600.0
308,2021-10-18 13:33:12,230200.0,100.0,339600.0
309,2021-10-18 13:33:08,230200.0,200.0,339500.0
310,2021-10-18 13:33:01,230100.0,300.0,339300.0
311,2021-10-18 13:32:57,230100.0,200.0,339000.0
312,2021-10-18 13:32:52,230200.0,100.0,338800.0
313,2021-10-18 13:32:31,230200.0,200.0,338700.0
314,2021-10-18 13:32:24,230100.0,100.0,338500.0
315,2021-10-18 13:32:20,230100.0,100.0,338400.0
316,2021-10-18 13:32:19,230200.0,500.0,338300.0
317,2021-10-18 13:32:11,230200.0,200.0,337800.0
318,2021-10-18 13:32:03,230200.0,200.0,337600.0
319,2021-10-18 13:31:34,230100.0,100.0,337400.0
320,2021-10-18 13:31:31,230100.0,200.0,337300.0
321,2021-10-18 13:31:29,230200.0,400.0,337100.0
322,2021-10-18 13:31:06,230200.0,200.0,336700.0
323,2021-10-18 13:30:45,230200.0,700.0,336500.0
324,2021-10-18 13:30:35,230100.0,200.0,335800.0
325,2021-10-18 13:30:32,230200.0,300.0,335600.0
326,2021-10-18 13:30:03,230200.0,300.0,335300.0
327,2021-10-18 13:30:00,230200.0,100.0,335000.0
328,2021-10-18 13:29:32,230100.0,200.0,334900.0
329,2021-10-18 13:29:29,230100.0,100.0,334700.0
330,2021-10-18 13:29:21,230200.0,200.0,334600.0
331,2021-10-18 13:29:02,230100.0,100.0,334400.0
332,2021-10-18 13:28:52,230000.0,200.0,334300.0
333,2021-10-18 13:28:50,230100.0,200.0,334100.0
334,2021-10-18 13:28:49,230000.0,100.0,333900.0
335,2021-10-18 13:28:48,230100.0,600.0,333800.0
336,2021-10-18 13:28:22,230100.0,300.0,333200.0
337,2021-10-18 13:28:17,230100.0,200.0,332900.0
338,2021-10-18 13:28:10,230000.0,200.0,332700.0
339,2021-10-18 13:27:57,230100.0,300.0,332500.0
340,2021-10-18 13:27:47,230100.0,200.0,332200.0
341,2021-10-18 13:27:32,230100.0,100.0,332000.0
342,2021-10-18 13:27:31,230000.0,300.0,331900.0
343,2021-10-18 13:27:28,230000.0,200.0,331600.0
344,2021-10-18 13:27:07,230100.0,1600.0,331400.0
345,2021-10-18 13:26:53,230000.0,300.0,329800.0
346,2021-10-18 13:26:50,230100.0,200.0,329500.0
347,2021-10-18 13:26:46,230100.0,200.0,329300.0
348,2021-10-18 13:26:30,230100.0,600.0,329100.0
349,2021-10-18 13:26:12,230100.0,200.0,328500.0
350,2021-10-18 13:26:08,230100.0,300.0,328300.0
351,2021-10-18 13:25:31,230100.0,700.0,328000.0
352,2021-10-18 13:25:30,230100.0,200.0,327300.0
353,2021-10-18 13:25:25,230000.0,300.0,327100.0
354,2021-10-18 13:25:22,230000.0,300.0,326800.0
355,2021-10-18 13:25:00,230100.0,500.0,326500.0
356,2021-10-18 13:24:58,230000.0,200.0,326000.0
357,2021-10-18 13:24:42,230100.0,100.0,325800.0
358,2021-10-18 13:24:21,230100.0,200.0,325700.0
359,2021-10-18 13:24:12,230000.0,700.0,325500.0
360,2021-10-18 13:23:42,230100.0,200.0,324800.0
361,2021-10-18 13:23:28,230100.0,300.0,324600.0
362,2021-10-18 13:23:24,230000.0,200.0,324300.0
363,2021-10-18 13:23:11,230100.0,200.0,324100.0
364,2021-10-18 13:22:55,230000.0,200.0,323900.0
365,2021-10-18 13:22:45,230100.0,100.0,323700.0
366,2021-10-18 13:22:42,230100.0,100.0,323600.0
367,2021-10-18 13:22:31,230100.0,1800.0,323500.0
368,2021-10-18 13:22:30,230200.0,1100.0,321700.0
369,2021-10-18 13:22:14,230100.0,500.0,320600.0
370,2021-10-18 13:22:11,230100.0,100.0,320100.0
371,2021-10-18 13:22:03,230200.0,1800.0,320000.0
372,2021-10-18 13:21:59,230100.0,1500.0,318200.0
373,2021-10-18 13:21:58,230200.0,200.0,316700.0
374,2021-10-18 13:21:55,230100.0,200.0,316500.0
375,2021-10-18 13:21:37,230100.0,400.0,316300.0
376,2021-10-18 13:21:25,230200.0,200.0,315900.0
377,2021-10-18 13:21:21,230100.0,300.0,315700.0
378,2021-10-18 13:21:17,230100.0,300.0,315400.0
379,2021-10-18 13:21:05,230200.0,300.0,315100.0
380,2021-10-18 13:20:53,230200.0,100.0,314800.0
381,2021-10-18 13:20:41,230200.0,600.0,314700.0
382,2021-10-18 13:20:22,230200.0,800.0,314100.0
383,2021-10-18 13:20:05,230200.0,200.0,313300.0
384,2021-10-18 13:19:54,230100.0,200.0,313100.0
385,2021-10-18 13:19:50,230100.0,300.0,312900.0
386,2021-10-18 13:19:39,230200.0,100.0,312600.0
387,2021-10-18 13:19:34,230200.0,100.0,312500.0
388,2021-10-18 13:19:16,230200.0,200.0,312400.0
389,2021-10-18 13:19:11,230200.0,200.0,312200.0
390,2021-10-18 13:18:59,230100.0,300.0,312000.0
391,2021-10-18 13:18:56,230100.0,300.0,311700.0
392,2021-10-18 13:18:36,230200.0,400.0,311400.0
393,2021-10-18 13:18:21,230200.0,200.0,311000.0
394,2021-10-18 13:17:58,230200.0,700.0,310800.0
395,2021-10-18 13:17:55,230200.0,200.0,310100.0
396,2021-10-18 13:17:52,230100.0,200.0,309900.0
397,2021-10-18 13:17:42,230100.0,300.0,309700.0
398,2021-10-18 13:17:32,230200.0,200.0,309400.0
399,2021-10-18 13:17:13,230200.0,200.0,309200.0
400,2021-10-18 13:17:10,230100.0,200.0,309000.0
401,2021-10-18 13:16:59,230200.0,400.0,308800.0
402,2021-10-18 13:16:53,230200.0,200.0,308400.0
403,2021-10-18 13:16:44,230100.0,300.0,308200.0
404,2021-10-18 13:16:31,230200.0,200.0,307900.0
405,2021-10-18 13:16:18,230200.0,600.0,307700.0
406,2021-10-18 13:15:43,230100.0,400.0,307100.0
407,2021-10-18 13:15:39,230100.0,200.0,306700.0
408,2021-10-18 13:15:23,230000.0,300.0,306500.0
409,2021-10-18 13:15:20,230000.0,300.0,306200.0
410,2021-10-18 13:15:14,230100.0,500.0,305900.0
411,2021-10-18 13:14:56,230100.0,300.0,305400.0
412,2021-10-18 13:14:51,230100.0,200.0,305100.0
413,2021-10-18 13:14:31,230000.0,300.0,304900.0
414,2021-10-18 13:14:30,230100.0,1200.0,304600.0
415,2021-10-18 13:14:28,230000.0,200.0,303400.0
416,2021-10-18 13:14:27,230100.0,200.0,303200.0
417,2021-10-18 13:14:17,230100.0,100.0,303000.0
418,2021-10-18 13:13:50,230100.0,300.0,302900.0
419,2021-10-18 13:13:44,230000.0,100.0,302600.0
420,2021-10-18 13:13:40,230000.0,300.0,302500.0
421,2021-10-18 13:13:29,230100.0,200.0,302200.0
422,2021-10-18 13:12:56,230000.0,300.0,302000.0
423,2021-10-18 13:12:49,230000.0,200.0,301700.0
424,2021-10-18 13:12:35,229900.0,300.0,301500.0
425,2021-10-18 13:12:17,230000.0,500.0,301200.0
426,2021-10-18 13:12:15,230000.0,200.0,300700.0
427,2021-10-18 13:11:52,230000.0,300.0,300500.0
428,2021-10-18 13:11:49,229900.0,200.0,300200.0
429,2021-10-18 13:11:46,229900.0,200.0,300000.0
430,2021-10-18 13:11:37,230000.0,200.0,299800.0
431,2021-10-18 13:11:03,230000.0,200.0,299600.0
432,2021-10-18 13:10:56,229900.0,100.0,299400.0
433,2021-10-18 13:10:53,229900.0,200.0,299300.0
434,2021-10-18 13:10:44,230000.0,200.0,299100.0
435,2021-10-18 13:10:30,230000.0,300.0,298900.0
436,2021-10-18 13:10:10,229900.0,400.0,298600.0
437,2021-10-18 13:10:08,229900.0,100.0,298200.0
438,2021-10-18 13:09:37,230000.0,200.0,298100.0
439,2021-10-18 13:09:05,230000.0,200.0,297900.0
440,2021-10-18 13:08:49,230000.0,200.0,297700.0
441,2021-10-18 13:08:38,229900.0,500.0,297500.0
442,2021-10-18 13:08:35,229900.0,300.0,297000.0
443,2021-10-18 13:08:17,230000.0,200.0,296700.0
444,2021-10-18 13:08:14,229900.0,600.0,296500.0
445,2021-10-18 13:07:58,229900.0,200.0,295900.0
446,2021-10-18 13:07:51,230000.0,200.0,295700.0
447,2021-10-18 13:07:43,230000.0,100.0,295500.0
448,2021-10-18 13:07:28,230000.0,200.0,295400.0
449,2021-10-18 13:07:25,230000.0,300.0,295200.0
450,2021-10-18 13:07:24,229900.0,100.0,294900.0
451,2021-10-18 13:07:19,229900.0,300.0,294800.0
452,2021-10-18 13:07:07,230000.0,300.0,294500.0
453,2021-10-18 13:06:53,229900.0,200.0,294200.0
454,2021-10-18 13:06:46,230000.0,200.0,294000.0
455,2021-10-18 13:06:27,230000.0,300.0,293800.0
456,2021-10-18 13:06:16,230000.0,300.0,293500.0
457,2021-10-18 13:06:04,229900.0,200.0,293200.0
458,2021-10-18 13:06:00,229900.0,300.0,293000.0
459,2021-10-18 13:05:57,230000.0,100.0,292700.0
460,2021-10-18 13:05:38,230000.0,400.0,292600.0
461,2021-10-18 13:05:31,230000.0,400.0,292200.0
462,2021-10-18 13:05:19,229900.0,500.0,291800.0
463,2021-10-18 13:05:15,229900.0,400.0,291300.0
464,2021-10-18 13:04:52,230000.0,500.0,290900.0
465,2021-10-18 13:04:49,230000.0,200.0,290400.0
466,2021-10-18 13:04:40,229900.0,200.0,290200.0
467,2021-10-18 13:04:36,229900.0,300.0,290000.0
468,2021-10-18 13:04:35,230000.0,200.0,289700.0
469,2021-10-18 13:04:16,229900.0,300.0,289500.0
470,2021-10-18 13:04:06,229900.0,200.0,289200.0
471,2021-10-18 13:03:56,229800.0,200.0,289000.0
472,2021-10-18 13:03:52,229900.0,300.0,288800.0
473,2021-10-18 13:03:44,229900.0,1000.0,288500.0
474,2021-10-18 13:03:32,229800.0,500.0,287500.0
475,2021-10-18 13:03:29,229900.0,300.0,287000.0
476,2021-10-18 13:03:10,229900.0,100.0,286700.0
477,2021-10-18 13:03:09,229800.0,200.0,286600.0
478,2021-10-18 13:03:08,229900.0,100.0,286400.0
479,2021-10-18 13:02:59,229900.0,200.0,286300.0
480,2021-10-18 13:02:44,229800.0,500.0,286100.0
481,2021-10-18 13:02:41,229800.0,100.0,285600.0
482,2021-10-18 13:02:39,229900.0,300.0,285500.0
483,2021-10-18 13:02:29,229900.0,200.0,285200.0
484,2021-10-18 13:02:20,229900.0,700.0,285000.0
485,2021-10-18 13:02:10,229800.0,100.0,284300.0
486,2021-10-18 13:02:07,229900.0,400.0,284200.0
487,2021-10-18 13:02:03,229800.0,200.0,283800.0
488,2021-10-18 13:01:48,229900.0,200.0,283600.0
489,2021-10-18 13:01:38,229900.0,100.0,283400.0
490,2021-10-18 13:01:33,229800.0,400.0,283300.0
491,2021-10-18 13:01:29,229800.0,300.0,282900.0
492,2021-10-18 13:01:25,229900.0,200.0,282600.0
493,2021-10-18 13:01:24,229900.0,300.0,282400.0
494,2021-10-18 13:01:14,229900.0,400.0,282100.0
495,2021-10-18 13:01:11,229800.0,200.0,281700.0
496,2021-10-18 13:01:08,229900.0,100.0,281500.0
497,2021-10-18 13:01:04,229800.0,200.0,281400.0
498,2021-10-18 13:00:58,229900.0,100.0,281200.0
499,2021-10-18 13:00:54,229900.0,200.0,281100.0
500,2021-10-18 13:00:47,229900.0,300.0,280900.0
501,2021-10-18 13:00:36,229900.0,300.0,280600.0
502,2021-10-18 13:00:26,229800.0,100.0,280300.0
503,2021-10-18 13:00:22,229900.0,100.0,280200.0
504,2021-10-18 13:00:07,229900.0,200.0,280100.0
505,2021-10-18 13:00:04,229800.0,200.0,279900.0
506,2021-10-18 11:29:54,229800.0,200.0,279700.0
507,2021-10-18 11:29:48,229900.0,200.0,279500.0
508,2021-10-18 11:28:47,229900.0,2800.0,279300.0
509,2021-10-18 11:28:40,229900.0,1500.0,276500.0
510,2021-10-18 11:28:32,230000.0,100.0,275000.0
511,2021-10-18 11:28:21,229900.0,200.0,274900.0
512,2021-10-18 11:28:17,229900.0,200.0,274700.0
513,2021-10-18 11:27:21,229900.0,400.0,274500.0
514,2021-10-18 11:27:17,229900.0,100.0,274100.0
515,2021-10-18 11:27:06,230000.0,2500.0,274000.0
516,2021-10-18 11:27:00,230000.0,2000.0,271500.0
517,2021-10-18 11:26:43,230100.0,2200.0,269500.0
518,2021-10-18 11:26:39,230200.0,100.0,267300.0
519,2021-10-18 11:26:34,230100.0,200.0,267200.0
520,2021-10-18 11:26:29,230200.0,200.0,267000.0
521,2021-10-18 11:26:24,230200.0,100.0,266800.0
522,2021-10-18 11:26:22,230100.0,600.0,266700.0
523,2021-10-18 11:26:19,230200.0,300.0,266100.0
524,2021-10-18 11:26:15,230200.0,500.0,265800.0
525,2021-10-18 11:26:14,230100.0,1700.0,265300.0
526,2021-10-18 11:26:12,230200.0,100.0,263600.0
527,2021-10-18 11:26:07,230200.0,200.0,263500.0
528,2021-10-18 11:25:58,230300.0,300.0,263300.0
529,2021-10-18 11:25:56,230200.0,200.0,263000.0
530,2021-10-18 11:25:52,230200.0,3100.0,262800.0
531,2021-10-18 11:25:23,230200.0,100.0,259700.0
532,2021-10-18 11:25:14,230200.0,400.0,259600.0
533,2021-10-18 11:24:51,230100.0,200.0,259200.0
534,2021-10-18 11:24:47,230100.0,200.0,259000.0
535,2021-10-18 11:24:30,230200.0,800.0,258800.0
536,2021-10-18 11:24:21,230200.0,100.0,258000.0
537,2021-10-18 11:24:20,230200.0,100.0,257900.0
538,2021-10-18 11:24:19,230200.0,200.0,257800.0
539,2021-10-18 11:24:17,230200.0,100.0,257600.0
540,2021-10-18 11:24:16,230200.0,700.0,257500.0
541,2021-10-18 11:24:12,230100.0,300.0,256800.0
542,2021-10-18 11:24:09,230100.0,200.0,256500.0
543,2021-10-18 11:24:08,230200.0,1600.0,256300.0
544,2021-10-18 11:24:06,230100.0,300.0,254700.0
545,2021-10-18 11:23:50,230100.0,1200.0,254400.0
546,2021-10-18 11:23:49,230200.0,100.0,253200.0
547,2021-10-18 11:23:48,230200.0,200.0,253100.0
548,2021-10-18 11:23:46,230200.0,100.0,252900.0
549,2021-10-18 11:23:45,230200.0,300.0,252800.0
550,2021-10-18 11:23:36,230100.0,500.0,252500.0
551,2021-10-18 11:23:35,230200.0,600.0,252000.0
552,2021-10-18 11:23:33,230100.0,100.0,251400.0
553,2021-10-18 11:23:30,230100.0,200.0,251300.0
554,2021-10-18 11:23:21,230200.0,2000.0,251100.0
555,2021-10-18 11:23:16,230100.0,400.0,249100.0
556,2021-10-18 11:23:14,230200.0,600.0,248700.0
557,2021-10-18 11:23:13,230100.0,200.0,248100.0
558,2021-10-18 11:23:10,230100.0,300.0,247900.0
559,2021-10-18 11:22:48,230200.0,100.0,247600.0
560,2021-10-18 11:22:47,230200.0,200.0,247500.0
561,2021-10-18 11:22:32,230100.0,500.0,247300.0
562,2021-10-18 11:22:29,230100.0,300.0,246800.0
563,2021-10-18 11:22:27,230200.0,800.0,246500.0
564,2021-10-18 11:21:51,230100.0,200.0,245700.0
565,2021-10-18 11:21:42,230200.0,100.0,245500.0
566,2021-10-18 11:21:31,230100.0,300.0,245400.0
567,2021-10-18 11:21:15,230200.0,2600.0,245100.0
568,2021-10-18 11:21:07,230200.0,500.0,242500.0
569,2021-10-18 11:21:03,230200.0,100.0,242000.0
570,2021-10-18 11:20:54,230200.0,200.0,241900.0
571,2021-10-18 11:20:45,230200.0,300.0,241700.0
572,2021-10-18 11:20:41,230200.0,200.0,241400.0
573,2021-10-18 11:20:39,230300.0,300.0,241200.0
574,2021-10-18 11:20:32,230300.0,200.0,240900.0
575,2021-10-18 11:20:31,230300.0,100.0,240700.0
576,2021-10-18 11:20:29,230300.0,100.0,240600.0
577,2021-10-18 11:20:22,230200.0,500.0,240500.0
578,2021-10-18 11:20:09,230200.0,300.0,240000.0
579,2021-10-18 11:20:00,230200.0,200.0,239700.0
580,2021-10-18 11:19:59,230100.0,300.0,239500.0
581,2021-10-18 11:19:55,230100.0,200.0,239200.0
582,2021-10-18 11:19:30,230100.0,200.0,239000.0
583,2021-10-18 11:19:27,230200.0,400.0,238800.0
584,2021-10-18 11:19:05,230200.0,300.0,238400.0
585,2021-10-18 11:18:58,230200.0,2800.0,238100.0
586,2021-10-18 11:18:46,230100.0,500.0,235300.0
587,2021-10-18 11:18:42,230100.0,200.0,234800.0
588,2021-10-18 11:18:13,230200.0,500.0,234600.0
589,2021-10-18 11:17:40,230200.0,2500.0,234100.0
590,2021-10-18 11:17:37,230100.0,300.0,231600.0
591,2021-10-18 11:17:34,230100.0,300.0,231300.0
592,2021-10-18 11:16:42,230100.0,200.0,231000.0
593,2021-10-18 11:16:38,230200.0,500.0,230800.0
594,2021-10-18 11:16:35,230200.0,200.0,230300.0
595,2021-10-18 11:16:34,230000.0,100.0,230100.0
596,2021-10-18 11:16:16,230200.0,2000.0,230000.0
597,2021-10-18 11:16:09,230000.0,200.0,228000.0
598,2021-10-18 11:16:06,230000.0,200.0,227800.0
599,2021-10-18 11:16:04,230100.0,2000.0,227600.0
600,2021-10-18 11:16:03,230000.0,200.0,225600.0
601,2021-10-18 11:15:45,230000.0,400.0,225400.0
602,2021-10-18 11:15:41,230000.0,600.0,225000.0
603,2021-10-18 11:15:39,230100.0,600.0,224400.0
604,2021-10-18 11:15:36,230100.0,100.0,223800.0
605,2021-10-18 11:15:34,230100.0,200.0,223700.0
606,2021-10-18 11:15:17,230100.0,200.0,223500.0
607,2021-10-18 11:15:05,230000.0,200.0,223300.0
608,2021-10-18 11:15:01,230000.0,200.0,223100.0
609,2021-10-18 11:14:57,230100.0,300.0,222900.0
610,2021-10-18 11:14:56,230100.0,200.0,222600.0
611,2021-10-18 11:14:53,230100.0,100.0,222400.0
612,2021-10-18 11:14:49,230000.0,300.0,222300.0
613,2021-10-18 11:14:40,230000.0,700.0,222000.0
614,2021-10-18 11:14:32,229900.0,100.0,221300.0
615,2021-10-18 11:14:29,229900.0,100.0,221200.0
616,2021-10-18 11:14:18,230000.0,1200.0,221100.0
617,2021-10-18 11:13:55,230000.0,300.0,219900.0
618,2021-10-18 11:13:46,229900.0,100.0,219600.0
619,2021-10-18 11:13:42,229900.0,500.0,219500.0
620,2021-10-18 11:13:37,229900.0,200.0,219000.0
621,2021-10-18 11:13:34,230000.0,200.0,218800.0
622,2021-10-18 11:13:32,230000.0,100.0,218600.0
623,2021-10-18 11:13:30,229900.0,300.0,218500.0
624,2021-10-18 11:13:03,229900.0,200.0,218200.0
625,2021-10-18 11:12:47,229900.0,300.0,218000.0
626,2021-10-18 11:12:40,230000.0,500.0,217700.0
627,2021-10-18 11:12:08,229900.0,100.0,217200.0
628,2021-10-18 11:11:54,229900.0,400.0,217100.0
629,2021-10-18 11:11:46,230000.0,200.0,216700.0
630,2021-10-18 11:11:44,230000.0,100.0,216500.0
631,2021-10-18 11:11:29,230000.0,400.0,216400.0
632,2021-10-18 11:11:24,229900.0,300.0,216000.0
633,2021-10-18 11:11:20,229900.0,200.0,215700.0
634,2021-10-18 11:10:41,230000.0,300.0,215500.0
635,2021-10-18 11:10:32,230000.0,400.0,215200.0
636,2021-10-18 11:10:29,229900.0,1000.0,214800.0
637,2021-10-18 11:10:28,230000.0,200.0,213800.0
638,2021-10-18 11:10:15,230000.0,100.0,213600.0
639,2021-10-18 11:10:13,230000.0,300.0,213500.0
640,2021-10-18 11:09:51,230000.0,100.0,213200.0
641,2021-10-18 11:09:37,229900.0,200.0,213100.0
642,2021-10-18 11:08:57,230000.0,200.0,212900.0
643,2021-10-18 11:08:48,229900.0,400.0,212700.0
644,2021-10-18 11:08:27,230000.0,200.0,212300.0
645,2021-10-18 11:08:25,230000.0,200.0,212100.0
646,2021-10-18 11:08:08,229900.0,200.0,211900.0
647,2021-10-18 11:07:52,229900.0,600.0,211700.0
648,2021-10-18 11:07:50,229900.0,100.0,211100.0
649,2021-10-18 11:07:31,229800.0,300.0,211000.0
650,2021-10-18 11:07:18,229900.0,100.0,210700.0
651,2021-10-18 11:07:17,229900.0,200.0,210600.0
652,2021-10-18 11:07:13,229900.0,300.0,210400.0
653,2021-10-18 11:06:49,229800.0,100.0,210100.0
654,2021-10-18 11:06:31,229900.0,100.0,210000.0
655,2021-10-18 11:06:29,229900.0,300.0,209900.0
656,2021-10-18 11:06:14,229800.0,200.0,209600.0
657,2021-10-18 11:06:05,229900.0,700.0,209400.0
658,2021-10-18 11:05:53,229900.0,200.0,208700.0
659,2021-10-18 11:05:45,229800.0,100.0,208500.0
660,2021-10-18 11:05:41,229800.0,300.0,208400.0
661,2021-10-18 11:05:40,229900.0,300.0,208100.0
662,2021-10-18 11:05:14,229800.0,200.0,207800.0
663,2021-10-18 11:04:55,229800.0,200.0,207600.0
664,2021-10-18 11:04:47,229900.0,200.0,207400.0
665,2021-10-18 11:04:45,229900.0,100.0,207200.0
666,2021-10-18 11:04:32,229900.0,1900.0,207100.0
667,2021-10-18 11:04:05,229800.0,200.0,205200.0
668,2021-10-18 11:03:35,229800.0,200.0,205000.0
669,2021-10-18 11:03:24,229900.0,1400.0,204800.0
670,2021-10-18 11:03:13,229800.0,200.0,203400.0
671,2021-10-18 11:03:02,229900.0,100.0,203200.0
672,2021-10-18 11:03:00,229900.0,200.0,203100.0
673,2021-10-18 11:02:47,229800.0,200.0,202900.0
674,2021-10-18 11:02:23,229900.0,300.0,202700.0
675,2021-10-18 11:02:21,229800.0,300.0,202400.0
676,2021-10-18 11:02:19,229900.0,100.0,202100.0
677,2021-10-18 11:02:18,229900.0,200.0,202000.0
678,2021-10-18 11:02:16,229900.0,100.0,201800.0
679,2021-10-18 11:02:14,229900.0,100.0,201700.0
680,2021-10-18 11:02:12,229900.0,200.0,201600.0
681,2021-10-18 11:01:38,229800.0,200.0,201400.0
682,2021-10-18 11:01:12,229800.0,300.0,201200.0
683,2021-10-18 11:01:07,229800.0,500.0,200900.0
684,2021-10-18 11:00:33,229900.0,100.0,200400.0
685,2021-10-18 11:00:07,229800.0,200.0,200300.0
686,2021-10-18 11:00:03,229800.0,200.0,200100.0
687,2021-10-18 10:59:30,229800.0,500.0,199900.0
688,2021-10-18 10:59:27,229800.0,300.0,199400.0
689,2021-10-18 10:59:14,229900.0,200.0,199100.0
690,2021-10-18 10:58:46,229800.0,200.0,198900.0
691,2021-10-18 10:58:42,229800.0,500.0,198700.0
692,2021-10-18 10:58:34,229900.0,100.0,198200.0
693,2021-10-18 10:57:48,229800.0,300.0,198100.0
694,2021-10-18 10:57:33,229900.0,400.0,197800.0
695,2021-10-18 10:57:27,229900.0,200.0,197400.0
696,2021-10-18 10:57:26,229900.0,100.0,197200.0
697,2021-10-18 10:57:25,229800.0,200.0,197100.0
698,2021-10-18 10:57:24,229900.0,300.0,196900.0
699,2021-10-18 10:56:57,229900.0,800.0,196600.0
700,2021-10-18 10:56:52,229800.0,300.0,195800.0
701,2021-10-18 10:56:13,229800.0,600.0,195500.0
702,2021-10-18 10:55:46,229800.0,1000.0,194900.0
703,2021-10-18 10:55:33,229800.0,200.0,193900.0
704,2021-10-18 10:55:31,229900.0,200.0,193700.0
705,2021-10-18 10:55:21,229900.0,200.0,193500.0
706,2021-10-18 10:55:18,229900.0,100.0,193300.0
707,2021-10-18 10:55:16,229900.0,200.0,193200.0
708,2021-10-18 10:55:08,229900.0,200.0,193000.0
709,2021-10-18 10:55:06,229900.0,100.0,192800.0
710,2021-10-18 10:55:02,229800.0,400.0,192700.0
711,2021-10-18 10:54:40,229900.0,100.0,192300.0
712,2021-10-18 10:54:38,229900.0,300.0,192200.0
713,2021-10-18 10:54:28,229800.0,200.0,191900.0
714,2021-10-18 10:54:07,229900.0,400.0,191700.0
715,2021-10-18 10:53:48,229800.0,200.0,191300.0
716,2021-10-18 10:53:31,229800.0,100.0,191100.0
717,2021-10-18 10:53:17,229800.0,300.0,191000.0
718,2021-10-18 10:53:15,229900.0,100.0,190700.0
719,2021-10-18 10:53:13,229900.0,200.0,190600.0
720,2021-10-18 10:53:11,229900.0,200.0,190400.0
721,2021-10-18 10:53:05,229800.0,200.0,190200.0
722,2021-10-18 10:52:32,229800.0,400.0,190000.0
723,2021-10-18 10:51:46,229900.0,300.0,189600.0
724,2021-10-18 10:51:39,229800.0,200.0,189300.0
725,2021-10-18 10:51:30,229900.0,100.0,189100.0
726,2021-10-18 10:51:28,229900.0,100.0,189000.0
727,2021-10-18 10:51:18,229900.0,100.0,188900.0
728,2021-10-18 10:51:16,229900.0,100.0,188800.0
729,2021-10-18 10:51:13,229900.0,100.0,188700.0
730,2021-10-18 10:51:11,229800.0,200.0,188600.0
731,2021-10-18 10:50:48,229900.0,100.0,188400.0
732,2021-10-18 10:50:47,229900.0,200.0,188300.0
733,2021-10-18 10:50:45,229900.0,100.0,188100.0
734,2021-10-18 10:50:43,229900.0,200.0,188000.0
735,2021-10-18 10:50:37,229900.0,300.0,187800.0
736,2021-10-18 10:50:32,229800.0,200.0,187500.0
737,2021-10-18 10:50:28,229900.0,100.0,187300.0
738,2021-10-18 10:50:26,229900.0,100.0,187200.0
739,2021-10-18 10:50:18,229800.0,100.0,187100.0
740,2021-10-18 10:50:12,229900.0,300.0,187000.0
741,2021-10-18 10:49:48,229900.0,100.0,186700.0
742,2021-10-18 10:49:36,229800.0,200.0,186600.0
743,2021-10-18 10:49:32,229800.0,300.0,186400.0
744,2021-10-18 10:49:02,229900.0,200.0,186100.0
745,2021-10-18 10:48:48,229800.0,500.0,185900.0
746,2021-10-18 10:48:45,229900.0,500.0,185400.0
747,2021-10-18 10:48:21,230000.0,100.0,184900.0
748,2021-10-18 10:48:19,230000.0,200.0,184800.0
749,2021-10-18 10:48:16,229800.0,200.0,184600.0
750,2021-10-18 10:48:14,229900.0,3400.0,184400.0
751,2021-10-18 10:48:03,229900.0,500.0,181000.0
752,2021-10-18 10:48:00,229900.0,300.0,180500.0
753,2021-10-18 10:47:55,230000.0,400.0,180200.0
754,2021-10-18 10:47:44,230000.0,2800.0,179800.0
755,2021-10-18 10:47:21,230000.0,500.0,177000.0
756,2021-10-18 10:47:05,230100.0,200.0,176500.0
757,2021-10-18 10:46:44,230000.0,200.0,176300.0
758,2021-10-18 10:46:41,230000.0,200.0,176100.0
759,2021-10-18 10:46:19,230000.0,1000.0,175900.0
760,2021-10-18 10:46:06,230100.0,100.0,174900.0
761,2021-10-18 10:46:02,230000.0,200.0,174800.0
762,2021-10-18 10:45:59,230000.0,100.0,174600.0
763,2021-10-18 10:45:37,230000.0,200.0,174500.0
764,2021-10-18 10:45:15,230100.0,3200.0,174300.0
765,2021-10-18 10:44:56,230100.0,200.0,171100.0
766,2021-10-18 10:44:37,230100.0,200.0,170900.0
767,2021-10-18 10:44:28,230000.0,300.0,170700.0
768,2021-10-18 10:44:24,230100.0,500.0,170400.0
769,2021-10-18 10:44:12,230000.0,200.0,169900.0
770,2021-10-18 10:43:48,230000.0,200.0,169700.0
771,2021-10-18 10:43:44,230100.0,100.0,169500.0
772,2021-10-18 10:43:43,230000.0,300.0,169400.0
773,2021-10-18 10:43:11,230000.0,200.0,169100.0
774,2021-10-18 10:42:52,230100.0,300.0,168900.0
775,2021-10-18 10:42:44,230000.0,100.0,168600.0
776,2021-10-18 10:42:40,230000.0,100.0,168500.0
777,2021-10-18 10:42:14,230000.0,200.0,168400.0
778,2021-10-18 10:41:56,230100.0,100.0,168200.0
779,2021-10-18 10:41:54,230100.0,100.0,168100.0
780,2021-10-18 10:41:42,230000.0,200.0,168000.0
781,2021-10-18 10:41:24,230100.0,100.0,167800.0
782,2021-10-18 10:41:10,230000.0,200.0,167700.0
783,2021-10-18 10:41:05,230000.0,100.0,167500.0
784,2021-10-18 10:40:42,230000.0,200.0,167400.0
785,2021-10-18 10:40:40,230100.0,1500.0,167200.0
786,2021-10-18 10:40:20,230000.0,100.0,165700.0
787,2021-10-18 10:39:58,230000.0,300.0,165600.0
788,2021-10-18 10:39:41,230100.0,100.0,165300.0
789,2021-10-18 10:39:39,230100.0,200.0,165200.0
790,2021-10-18 10:39:35,230000.0,200.0,165000.0
791,2021-10-18 10:39:23,230100.0,400.0,164800.0
792,2021-10-18 10:38:37,230000.0,100.0,164400.0
793,2021-10-18 10:38:23,230100.0,100.0,164300.0
794,2021-10-18 10:37:56,230100.0,100.0,164200.0
795,2021-10-18 10:37:49,230100.0,200.0,164100.0
796,2021-10-18 10:37:48,230000.0,200.0,163900.0
797,2021-10-18 10:37:20,230000.0,100.0,163700.0
798,2021-10-18 10:37:16,230000.0,100.0,163600.0
799,2021-10-18 10:37:14,230100.0,200.0,163500.0
800,2021-10-18 10:36:57,230000.0,200.0,163300.0
801,2021-10-18 10:36:42,230100.0,200.0,163100.0
802,2021-10-18 10:36:40,230100.0,100.0,162900.0
803,2021-10-18 10:36:38,230100.0,300.0,162800.0
804,2021-10-18 10:36:37,230000.0,200.0,162500.0
805,2021-10-18 10:36:13,230000.0,2700.0,162300.0
806,2021-10-18 10:35:59,229900.0,100.0,159600.0
807,2021-10-18 10:35:02,229900.0,100.0,159500.0
808,2021-10-18 10:34:59,230000.0,300.0,159400.0
809,2021-10-18 10:34:51,229900.0,100.0,159100.0
810,2021-10-18 10:34:34,230000.0,200.0,159000.0
811,2021-10-18 10:34:32,230000.0,100.0,158800.0
812,2021-10-18 10:34:31,229900.0,300.0,158700.0
813,2021-10-18 10:34:29,230000.0,100.0,158400.0
814,2021-10-18 10:34:27,229900.0,100.0,158300.0
815,2021-10-18 10:34:14,229900.0,300.0,158200.0
816,2021-10-18 10:33:53,229900.0,100.0,157900.0
817,2021-10-18 10:33:36,230000.0,600.0,157800.0
818,2021-10-18 10:33:14,229900.0,100.0,157200.0
819,2021-10-18 10:32:43,229900.0,200.0,157100.0
820,2021-10-18 10:32:36,230000.0,400.0,156900.0
821,2021-10-18 10:32:22,229900.0,100.0,156500.0
822,2021-10-18 10:32:19,229900.0,100.0,156400.0
823,2021-10-18 10:32:00,230000.0,300.0,156300.0
824,2021-10-18 10:31:28,229900.0,100.0,156000.0
825,2021-10-18 10:31:17,229900.0,200.0,155900.0
826,2021-10-18 10:31:10,230000.0,200.0,155700.0
827,2021-10-18 10:31:08,230000.0,100.0,155500.0
828,2021-10-18 10:31:06,230000.0,300.0,155400.0
829,2021-10-18 10:30:55,230000.0,200.0,155100.0
830,2021-10-18 10:30:36,229900.0,1000.0,154900.0
831,2021-10-18 10:30:31,229900.0,100.0,153900.0
832,2021-10-18 10:30:27,230000.0,200.0,153800.0
833,2021-10-18 10:30:26,230000.0,100.0,153600.0
834,2021-10-18 10:30:13,230000.0,3100.0,153500.0
835,2021-10-18 10:30:12,230000.0,300.0,150400.0
836,2021-10-18 10:30:09,229900.0,200.0,150100.0
837,2021-10-18 10:29:54,229900.0,400.0,149900.0
838,2021-10-18 10:29:35,230000.0,200.0,149500.0
839,2021-10-18 10:29:23,230000.0,100.0,149300.0
840,2021-10-18 10:29:17,229900.0,300.0,149200.0
841,2021-10-18 10:29:15,230000.0,700.0,148900.0
842,2021-10-18 10:29:01,230000.0,200.0,148200.0
843,2021-10-18 10:28:59,230000.0,100.0,148000.0
844,2021-10-18 10:28:58,230000.0,200.0,147900.0
845,2021-10-18 10:28:50,229900.0,500.0,147700.0
846,2021-10-18 10:28:18,230000.0,1600.0,147200.0
847,2021-10-18 10:28:12,229900.0,300.0,145600.0
848,2021-10-18 10:27:42,230000.0,100.0,145300.0
849,2021-10-18 10:27:40,230000.0,200.0,145200.0
850,2021-10-18 10:27:16,229900.0,100.0,145000.0
851,2021-10-18 10:27:00,230000.0,200.0,144900.0
852,2021-10-18 10:26:51,229900.0,100.0,144700.0
853,2021-10-18 10:26:10,229900.0,100.0,144600.0
854,2021-10-18 10:25:45,229900.0,300.0,144500.0
855,2021-10-18 10:25:39,230000.0,400.0,144200.0
856,2021-10-18 10:25:02,229900.0,100.0,143800.0
857,2021-10-18 10:24:22,230000.0,100.0,143700.0
858,2021-10-18 10:24:13,229900.0,200.0,143600.0
859,2021-10-18 10:23:45,230000.0,200.0,143400.0
860,2021-10-18 10:23:43,230000.0,100.0,143200.0
861,2021-10-18 10:23:40,229900.0,200.0,143100.0
862,2021-10-18 10:22:58,230000.0,200.0,142900.0
863,2021-10-18 10:22:56,229900.0,100.0,142700.0
864,2021-10-18 10:22:23,229900.0,100.0,142600.0
865,2021-10-18 10:21:46,229900.0,300.0,142500.0
866,2021-10-18 10:21:37,229900.0,200.0,142200.0
867,2021-10-18 10:21:19,229900.0,300.0,142000.0
868,2021-10-18 10:21:15,229900.0,200.0,141700.0
869,2021-10-18 10:20:49,229800.0,100.0,141500.0
870,2021-10-18 10:20:06,229900.0,2400.0,141400.0
871,2021-10-18 10:19:40,229800.0,200.0,139000.0
872,2021-10-18 10:19:39,229900.0,100.0,138800.0
873,2021-10-18 10:19:37,229900.0,200.0,138700.0
874,2021-10-18 10:19:35,229900.0,100.0,138500.0
875,2021-10-18 10:19:34,229900.0,200.0,138400.0
876,2021-10-18 10:19:32,229900.0,100.0,138200.0
877,2021-10-18 10:19:22,229900.0,200.0,138100.0
878,2021-10-18 10:19:20,229900.0,100.0,137900.0
879,2021-10-18 10:19:03,229800.0,100.0,137800.0
880,2021-10-18 10:18:28,229800.0,100.0,137700.0
881,2021-10-18 10:18:21,229900.0,400.0,137600.0
882,2021-10-18 10:17:43,229800.0,200.0,137200.0
883,2021-10-18 10:17:15,229800.0,600.0,137000.0
884,2021-10-18 10:17:09,229700.0,100.0,136400.0
885,2021-10-18 10:16:38,229800.0,500.0,136300.0
886,2021-10-18 10:16:11,229700.0,100.0,135800.0
887,2021-10-18 10:15:39,229800.0,200.0,135700.0
888,2021-10-18 10:15:34,229700.0,100.0,135500.0
889,2021-10-18 10:14:21,229700.0,100.0,135400.0
890,2021-10-18 10:14:15,229800.0,300.0,135300.0
891,2021-10-18 10:13:35,229700.0,100.0,135000.0
892,2021-10-18 10:13:27,229800.0,200.0,134900.0
893,2021-10-18 10:13:26,229800.0,100.0,134700.0
894,2021-10-18 10:13:03,229800.0,100.0,134600.0
895,2021-10-18 10:12:56,229800.0,400.0,134500.0
896,2021-10-18 10:12:50,229700.0,100.0,134100.0
897,2021-10-18 10:12:47,229800.0,200.0,134000.0
898,2021-10-18 10:12:27,229800.0,200.0,133800.0
899,2021-10-18 10:12:26,229800.0,100.0,133600.0
900,2021-10-18 10:12:24,229800.0,200.0,133500.0
901,2021-10-18 10:12:22,229800.0,100.0,133300.0
902,2021-10-18 10:11:53,229800.0,100.0,133200.0
903,2021-10-18 10:11:20,229700.0,100.0,133100.0
904,2021-10-18 10:11:00,229800.0,600.0,133000.0
905,2021-10-18 10:10:30,229700.0,100.0,132400.0
906,2021-10-18 10:10:03,229800.0,200.0,132300.0
907,2021-10-18 10:09:58,229700.0,100.0,132100.0
908,2021-10-18 10:09:53,229800.0,100.0,132000.0
909,2021-10-18 10:09:38,229800.0,200.0,131900.0
910,2021-10-18 10:09:29,229700.0,100.0,131700.0
911,2021-10-18 10:09:19,229700.0,500.0,131600.0
912,2021-10-18 10:09:09,229800.0,2700.0,131100.0
913,2021-10-18 10:08:55,229800.0,100.0,128400.0
914,2021-10-18 10:08:52,229800.0,600.0,128300.0
915,2021-10-18 10:08:37,229700.0,100.0,127700.0
916,2021-10-18 10:08:18,229800.0,700.0,127600.0
917,2021-10-18 10:07:53,229700.0,100.0,126900.0
918,2021-10-18 10:07:13,229800.0,200.0,126800.0
919,2021-10-18 10:06:30,229800.0,400.0,126600.0
920,2021-10-18 10:06:14,229700.0,100.0,126200.0
921,2021-10-18 10:05:34,229700.0,100.0,126100.0
922,2021-10-18 10:05:30,229800.0,500.0,126000.0
923,2021-10-18 10:04:59,229700.0,200.0,125500.0
924,2021-10-18 10:04:23,229700.0,100.0,125300.0
925,2021-10-18 10:04:15,229800.0,100.0,125200.0
926,2021-10-18 10:04:08,229800.0,100.0,125100.0
927,2021-10-18 10:03:32,229800.0,100.0,125000.0
928,2021-10-18 10:03:24,229800.0,300.0,124900.0
929,2021-10-18 10:02:43,229700.0,100.0,124600.0
930,2021-10-18 10:02:39,229800.0,100.0,124500.0
931,2021-10-18 10:02:38,229800.0,200.0,124400.0
932,2021-10-18 10:02:06,229800.0,200.0,124200.0
933,2021-10-18 10:01:33,229700.0,200.0,124000.0
934,2021-10-18 10:01:21,229800.0,200.0,123800.0
935,2021-10-18 10:00:47,229800.0,2800.0,123600.0
936,2021-10-18 10:00:39,229800.0,100.0,120800.0
937,2021-10-18 10:00:31,229800.0,600.0,120700.0
938,2021-10-18 10:00:23,229900.0,100.0,120100.0
939,2021-10-18 10:00:22,229900.0,100.0,120000.0
940,2021-10-18 10:00:19,229900.0,200.0,119900.0
941,2021-10-18 10:00:08,229900.0,600.0,119700.0
942,2021-10-18 10:00:00,229900.0,1000.0,119100.0
943,2021-10-18 09:59:59,229900.0,100.0,118100.0
944,2021-10-18 09:59:53,229900.0,500.0,118000.0
945,2021-10-18 09:59:23,229900.0,100.0,117500.0
946,2021-10-18 09:59:13,229900.0,300.0,117400.0
947,2021-10-18 09:59:08,230000.0,200.0,117100.0
948,2021-10-18 09:58:38,230000.0,400.0,116900.0
949,2021-10-18 09:58:11,229900.0,100.0,116500.0
950,2021-10-18 09:57:40,229900.0,100.0,116400.0
951,2021-10-18 09:57:25,230000.0,100.0,116300.0
952,2021-10-18 09:57:21,230000.0,100.0,116200.0
953,2021-10-18 09:56:08,230000.0,2100.0,116100.0
954,2021-10-18 09:55:04,230000.0,300.0,114000.0
955,2021-10-18 09:55:02,230000.0,200.0,113700.0
956,2021-10-18 09:55:01,230000.0,100.0,113500.0
957,2021-10-18 09:54:54,229900.0,200.0,113400.0
958,2021-10-18 09:54:27,230000.0,100.0,113200.0
959,2021-10-18 09:54:16,230000.0,300.0,113100.0
960,2021-10-18 09:54:00,229900.0,100.0,112800.0
961,2021-10-18 09:53:59,230000.0,200.0,112700.0
962,2021-10-18 09:53:29,230000.0,200.0,112500.0
963,2021-10-18 09:53:27,230000.0,100.0,112300.0
964,2021-10-18 09:53:26,229900.0,100.0,112200.0
965,2021-10-18 09:52:25,229900.0,200.0,112100.0
966,2021-10-18 09:52:24,230000.0,400.0,111900.0
967,2021-10-18 09:51:42,230000.0,100.0,111500.0
968,2021-10-18 09:51:40,230000.0,200.0,111400.0
969,2021-10-18 09:51:39,230000.0,100.0,111200.0
970,2021-10-18 09:51:12,229900.0,100.0,111100.0
971,2021-10-18 09:50:57,229900.0,100.0,111000.0
972,2021-10-18 09:50:37,229900.0,300.0,110900.0
973,2021-10-18 09:50:15,229900.0,100.0,110600.0
974,2021-10-18 09:50:13,229900.0,300.0,110500.0
975,2021-10-18 09:50:11,229900.0,200.0,110200.0
976,2021-10-18 09:50:10,229900.0,100.0,110000.0
977,2021-10-18 09:50:08,229900.0,300.0,109900.0
978,2021-10-18 09:49:36,229900.0,100.0,109600.0
979,2021-10-18 09:48:48,229800.0,100.0,109500.0
980,2021-10-18 09:48:24,229900.0,200.0,109400.0
981,2021-10-18 09:48:22,229900.0,100.0,109200.0
982,2021-10-18 09:48:20,229900.0,1400.0,109100.0
983,2021-10-18 09:48:19,229900.0,100.0,107700.0
984,2021-10-18 09:48:11,229800.0,200.0,107600.0
985,2021-10-18 09:47:50,229800.0,100.0,107400.0
986,2021-10-18 09:47:17,229800.0,100.0,107300.0
987,2021-10-18 09:47:12,229900.0,200.0,107200.0
988,2021-10-18 09:46:51,229900.0,100.0,107000.0
989,2021-10-18 09:46:22,229800.0,200.0,106900.0
990,2021-10-18 09:46:01,229900.0,100.0,106700.0
991,2021-10-18 09:45:59,229900.0,200.0,106600.0
992,2021-10-18 09:45:46,229900.0,300.0,106400.0
993,2021-10-18 09:45:21,229800.0,100.0,106100.0
994,2021-10-18 09:44:54,229900.0,100.0,106000.0
995,2021-10-18 09:44:52,229900.0,200.0,105900.0
996,2021-10-18 09:44:50,229900.0,100.0,105700.0
997,2021-10-18 09:44:40,229800.0,300.0,105600.0
998,2021-10-18 09:44:26,229900.0,200.0,105300.0
999,2021-10-18 09:44:11,229900.0,100.0,105100.0
1000,2021-10-18 09:44:00,229800.0,100.0,105000.0
1001,2021-10-18 09:43:11,229800.0,100.0,104900.0
1002,2021-10-18 09:42:53,229900.0,100.0,104800.0
1003,2021-10-18 09:42:47,229800.0,100.0,104700.0
1004,2021-10-18 09:42:34,229900.0,200.0,104600.0
1005,2021-10-18 09:42:32,229900.0,100.0,104400.0
1006,2021-10-18 09:42:31,229900.0,100.0,104300.0
1007,2021-10-18 09:42:30,229900.0,100.0,104200.0
1008,2021-10-18 09:42:13,229900.0,1200.0,104100.0
1009,2021-10-18 09:42:02,229800.0,200.0,102900.0
1010,2021-10-18 09:41:44,229900.0,300.0,102700.0
1011,2021-10-18 09:41:42,229900.0,200.0,102400.0
1012,2021-10-18 09:41:41,229900.0,100.0,102200.0
1013,2021-10-18 09:41:23,229800.0,100.0,102100.0
1014,2021-10-18 09:41:17,229900.0,100.0,102000.0
1015,2021-10-18 09:41:15,229900.0,200.0,101900.0
1016,2021-10-18 09:41:13,229900.0,100.0,101700.0
1017,2021-10-18 09:41:08,229900.0,200.0,101600.0
1018,2021-10-18 09:41:01,229800.0,100.0,101400.0
1019,2021-10-18 09:40:39,229800.0,200.0,101300.0
1020,2021-10-18 09:40:22,229900.0,100.0,101100.0
1021,2021-10-18 09:40:20,229900.0,300.0,101000.0
1022,2021-10-18 09:40:19,229900.0,200.0,100700.0
1023,2021-10-18 09:40:17,229900.0,100.0,100500.0
1024,2021-10-18 09:40:15,229900.0,300.0,100400.0
1025,2021-10-18 09:40:12,229900.0,100.0,100100.0
1026,2021-10-18 09:40:11,229900.0,200.0,100000.0
1027,2021-10-18 09:40:09,229900.0,100.0,99800.0
1028,2021-10-18 09:39:41,229800.0,100.0,99700.0
1029,2021-10-18 09:39:35,229900.0,100.0,99600.0
1030,2021-10-18 09:39:34,229900.0,200.0,99500.0
1031,2021-10-18 09:39:32,229900.0,100.0,99300.0
1032,2021-10-18 09:39:05,229900.0,400.0,99200.0
1033,2021-10-18 09:38:54,229800.0,500.0,98800.0
1034,2021-10-18 09:38:44,229800.0,200.0,98300.0
1035,2021-10-18 09:38:36,229900.0,300.0,98100.0
1036,2021-10-18 09:38:34,229900.0,200.0,97800.0
1037,2021-10-18 09:38:33,229900.0,100.0,97600.0
1038,2021-10-18 09:38:31,229900.0,200.0,97500.0
1039,2021-10-18 09:38:28,229900.0,100.0,97300.0
1040,2021-10-18 09:38:21,229900.0,200.0,97200.0
1041,2021-10-18 09:38:20,229900.0,100.0,97000.0
1042,2021-10-18 09:37:33,229800.0,100.0,96900.0
1043,2021-10-18 09:37:25,229900.0,100.0,96800.0
1044,2021-10-18 09:37:17,229900.0,100.0,96700.0
1045,2021-10-18 09:37:16,229900.0,200.0,96600.0
1046,2021-10-18 09:37:14,229900.0,100.0,96400.0
1047,2021-10-18 09:37:13,229900.0,100.0,96300.0
1048,2021-10-18 09:37:00,229800.0,100.0,96200.0
1049,2021-10-18 09:36:33,229900.0,200.0,96100.0
1050,2021-10-18 09:36:11,229800.0,200.0,95900.0
1051,2021-10-18 09:36:08,229800.0,200.0,95700.0
1052,2021-10-18 09:35:31,229800.0,300.0,95500.0
1053,2021-10-18 09:35:30,229800.0,200.0,95200.0
1054,2021-10-18 09:35:14,229800.0,100.0,95000.0
1055,2021-10-18 09:35:12,229800.0,200.0,94900.0
1056,2021-10-18 09:35:10,229700.0,100.0,94700.0
1057,2021-10-18 09:34:44,229700.0,200.0,94600.0
1058,2021-10-18 09:34:18,229700.0,100.0,94400.0
1059,2021-10-18 09:34:17,229800.0,100.0,94300.0
1060,2021-10-18 09:33:49,229700.0,200.0,94200.0
1061,2021-10-18 09:33:38,229700.0,100.0,94000.0
1062,2021-10-18 09:33:28,229800.0,100.0,93900.0
1063,2021-10-18 09:33:26,229800.0,200.0,93800.0
1064,2021-10-18 09:33:20,229700.0,300.0,93600.0
1065,2021-10-18 09:33:18,229800.0,300.0,93300.0
1066,2021-10-18 09:32:57,229800.0,100.0,93000.0
1067,2021-10-18 09:32:54,229800.0,300.0,92900.0
1068,2021-10-18 09:32:42,229700.0,400.0,92600.0
1069,2021-10-18 09:32:27,229800.0,200.0,92200.0
1070,2021-10-18 09:32:25,229800.0,200.0,92000.0
1071,2021-10-18 09:32:24,229800.0,100.0,91800.0
1072,2021-10-18 09:32:22,229800.0,100.0,91700.0
1073,2021-10-18 09:32:19,229800.0,200.0,91600.0
1074,2021-10-18 09:32:18,229800.0,100.0,91400.0
1075,2021-10-18 09:32:17,229800.0,100.0,91300.0
1076,2021-10-18 09:32:05,229800.0,200.0,91200.0
1077,2021-10-18 09:32:02,229700.0,400.0,91000.0
1078,2021-10-18 09:31:34,229700.0,300.0,90600.0
1079,2021-10-18 09:31:30,229700.0,200.0,90300.0
1080,2021-10-18 09:31:26,229800.0,200.0,90100.0
1081,2021-10-18 09:31:23,229800.0,100.0,89900.0
1082,2021-10-18 09:31:21,229800.0,200.0,89800.0
1083,2021-10-18 09:31:19,229800.0,100.0,89600.0
1084,2021-10-18 09:31:17,229800.0,600.0,89500.0
1085,2021-10-18 09:30:37,229800.0,200.0,88900.0
1086,2021-10-18 09:30:36,229700.0,500.0,88700.0
1087,2021-10-18 09:30:17,229700.0,100.0,88200.0
1088,2021-10-18 09:30:04,229800.0,2200.0,88100.0
1089,2021-10-18 09:29:57,229800.0,600.0,85900.0
1090,2021-10-18 09:29:53,229900.0,200.0,85300.0
1091,2021-10-18 09:29:51,229900.0,100.0,85100.0
1092,2021-10-18 09:29:45,229900.0,300.0,85000.0
1093,2021-10-18 09:29:39,229800.0,200.0,84700.0
1094,2021-10-18 09:29:37,229900.0,900.0,84500.0
1095,2021-10-18 09:29:36,229900.0,100.0,83600.0
1096,2021-10-18 09:29:29,229900.0,1200.0,83500.0
1097,2021-10-18 09:29:02,229900.0,500.0,82300.0
1098,2021-10-18 09:28:54,229900.0,400.0,81800.0
1099,2021-10-18 09:28:53,230000.0,200.0,81400.0
1100,2021-10-18 09:28:51,230000.0,100.0,81200.0
1101,2021-10-18 09:28:45,229900.0,300.0,81100.0
1102,2021-10-18 09:28:38,229900.0,1000.0,80800.0
1103,2021-10-18 09:28:31,230000.0,100.0,79800.0
1104,2021-10-18 09:28:29,229900.0,200.0,79700.0
1105,2021-10-18 09:28:26,230000.0,100.0,79500.0
1106,2021-10-18 09:28:24,230000.0,300.0,79400.0
1107,2021-10-18 09:28:21,230000.0,200.0,79100.0
1108,2021-10-18 09:28:19,230000.0,100.0,78900.0
1109,2021-10-18 09:28:02,230000.0,200.0,78800.0
1110,2021-10-18 09:28:00,230000.0,100.0,78600.0
1111,2021-10-18 09:27:58,229900.0,100.0,78500.0
1112,2021-10-18 09:27:52,229900.0,100.0,78400.0
1113,2021-10-18 09:27:50,230000.0,200.0,78300.0
1114,2021-10-18 09:27:28,229900.0,300.0,78100.0
1115,2021-10-18 09:27:25,229900.0,100.0,77800.0
1116,2021-10-18 09:27:17,230000.0,100.0,77700.0
1117,2021-10-18 09:27:13,230000.0,300.0,77600.0
1118,2021-10-18 09:26:54,230000.0,1600.0,77300.0
1119,2021-10-18 09:26:37,230000.0,200.0,75700.0
1120,2021-10-18 09:26:33,229900.0,200.0,75500.0
1121,2021-10-18 09:26:31,230000.0,200.0,75300.0
1122,2021-10-18 09:26:29,230000.0,200.0,75100.0
1123,2021-10-18 09:26:27,230000.0,100.0,74900.0
1124,2021-10-18 09:26:20,230000.0,300.0,74800.0
1125,2021-10-18 09:25:53,230000.0,200.0,74500.0
1126,2021-10-18 09:25:51,230000.0,200.0,74300.0
1127,2021-10-18 09:25:49,230000.0,100.0,74100.0
1128,2021-10-18 09:25:47,230000.0,300.0,74000.0
1129,2021-10-18 09:25:45,230000.0,200.0,73700.0
1130,2021-10-18 09:25:44,230000.0,100.0,73500.0
1131,2021-10-18 09:25:41,230000.0,100.0,73400.0
1132,2021-10-18 09:25:39,230000.0,300.0,73300.0
1133,2021-10-18 09:25:34,229900.0,100.0,73000.0
1134,2021-10-18 09:25:14,230000.0,200.0,72900.0
1135,2021-10-18 09:24:38,229900.0,100.0,72700.0
1136,2021-10-18 09:24:37,230000.0,400.0,72600.0
1137,2021-10-18 09:24:35,229900.0,100.0,72200.0
1138,2021-10-18 09:24:03,229900.0,100.0,72100.0
1139,2021-10-18 09:23:55,229900.0,1000.0,72000.0
1140,2021-10-18 09:23:52,230000.0,1100.0,71000.0
1141,2021-10-18 09:23:31,230000.0,200.0,69900.0
1142,2021-10-18 09:23:30,230000.0,1800.0,69700.0
1143,2021-10-18 09:23:19,230000.0,2500.0,67900.0
1144,2021-10-18 09:23:12,230000.0,2000.0,65400.0
1145,2021-10-18 09:23:06,230000.0,200.0,63400.0
1146,2021-10-18 09:22:53,230000.0,100.0,63200.0
1147,2021-10-18 09:22:50,230100.0,1000.0,63100.0
1148,2021-10-18 09:22:46,230100.0,100.0,62100.0
1149,2021-10-18 09:22:28,230100.0,200.0,62000.0
1150,2021-10-18 09:22:24,230100.0,300.0,61800.0
1151,2021-10-18 09:22:00,230200.0,300.0,61500.0
1152,2021-10-18 09:21:26,230100.0,200.0,61200.0
1153,2021-10-18 09:21:19,230200.0,500.0,61000.0
1154,2021-10-18 09:20:53,230100.0,100.0,60500.0
1155,2021-10-18 09:20:49,230100.0,100.0,60400.0
1156,2021-10-18 09:20:33,230200.0,200.0,60300.0
1157,2021-10-18 09:20:23,230100.0,200.0,60100.0
1158,2021-10-18 09:20:17,230100.0,200.0,59900.0
1159,2021-10-18 09:19:50,230200.0,400.0,59700.0
1160,2021-10-18 09:19:34,230100.0,300.0,59300.0
1161,2021-10-18 09:19:21,230100.0,100.0,59000.0
1162,2021-10-18 09:19:14,230200.0,100.0,58900.0
1163,2021-10-18 09:18:57,230100.0,200.0,58800.0
1164,2021-10-18 09:18:53,230100.0,100.0,58600.0
1165,2021-10-18 09:18:49,230200.0,1300.0,58500.0
1166,2021-10-18 09:18:24,230200.0,200.0,57200.0
1167,2021-10-18 09:18:11,230100.0,300.0,57000.0
1168,2021-10-18 09:17:57,230100.0,100.0,56700.0
1169,2021-10-18 09:17:43,230200.0,400.0,56600.0
1170,2021-10-18 09:17:26,230100.0,500.0,56200.0
1171,2021-10-18 09:17:07,230200.0,100.0,55700.0
1172,2021-10-18 09:16:58,230100.0,100.0,55600.0
1173,2021-10-18 09:16:45,230200.0,300.0,55500.0
1174,2021-10-18 09:16:33,230100.0,100.0,55200.0
1175,2021-10-18 09:16:18,230200.0,500.0,55100.0
1176,2021-10-18 09:16:08,230100.0,200.0,54600.0
1177,2021-10-18 09:16:04,230100.0,300.0,54400.0
1178,2021-10-18 09:15:52,230200.0,400.0,54100.0
1179,2021-10-18 09:15:46,230200.0,600.0,53700.0
1180,2021-10-18 09:15:38,230200.0,1100.0,53100.0
1181,2021-10-18 09:15:32,230300.0,300.0,52000.0
1182,2021-10-18 09:15:26,230200.0,300.0,51700.0
1183,2021-10-18 09:15:24,230200.0,100.0,51400.0
1184,2021-10-18 09:15:13,230300.0,100.0,51300.0
1185,2021-10-18 09:15:07,230300.0,1200.0,51200.0
1186,2021-10-18 09:15:04,230300.0,100.0,50000.0
1187,2021-10-18 09:14:57,230300.0,800.0,49900.0
1188,2021-10-18 09:14:55,230400.0,200.0,49100.0
1189,2021-10-18 09:14:50,230300.0,300.0,48900.0
1190,2021-10-18 09:14:43,230300.0,500.0,48600.0
1191,2021-10-18 09:14:39,230300.0,300.0,48100.0
1192,2021-10-18 09:14:30,230400.0,800.0,47800.0
1193,2021-10-18 09:14:29,230500.0,100.0,47000.0
1194,2021-10-18 09:14:23,230400.0,500.0,46900.0
1195,2021-10-18 09:14:05,230500.0,400.0,46400.0
1196,2021-10-18 09:14:00,230400.0,1000.0,46000.0
1197,2021-10-18 09:13:52,230400.0,100.0,45000.0
1198,2021-10-18 09:13:48,230400.0,100.0,44900.0
1199,2021-10-18 09:13:37,230500.0,200.0,44800.0
1200,2021-10-18 09:13:28,230400.0,100.0,44600.0
1201,2021-10-18 09:13:24,230400.0,200.0,44500.0
1202,2021-10-18 09:13:18,230400.0,800.0,44300.0
1203,2021-10-18 09:13:04,230400.0,700.0,43500.0
1204,2021-10-18 09:12:56,230400.0,400.0,42800.0
1205,2021-10-18 09:12:54,230300.0,100.0,42400.0
1206,2021-10-18 09:12:45,230300.0,400.0,42300.0
1207,2021-10-18 09:12:29,230300.0,900.0,41900.0
1208,2021-10-18 09:12:20,230300.0,1000.0,41000.0
1209,2021-10-18 09:12:11,230300.0,500.0,40000.0
1210,2021-10-18 09:12:07,230200.0,100.0,39500.0
1211,2021-10-18 09:12:04,230200.0,200.0,39400.0
1212,2021-10-18 09:11:52,230200.0,2100.0,39200.0
1213,2021-10-18 09:11:44,230200.0,800.0,37100.0
1214,2021-10-18 09:11:38,230100.0,100.0,36300.0
1215,2021-10-18 09:11:37,230200.0,700.0,36200.0
1216,2021-10-18 09:11:34,230100.0,300.0,35500.0
1217,2021-10-18 09:11:25,230100.0,500.0,35200.0
1218,2021-10-18 09:11:10,230100.0,1600.0,34700.0
1219,2021-10-18 09:11:03,230100.0,900.0,33100.0
1220,2021-10-18 09:10:59,230000.0,100.0,32200.0
1221,2021-10-18 09:10:58,230100.0,500.0,32100.0
1222,2021-10-18 09:10:55,230000.0,100.0,31600.0
1223,2021-10-18 09:10:49,230000.0,900.0,31500.0
1224,2021-10-18 09:10:32,229900.0,700.0,30600.0
1225,2021-10-18 09:10:28,229900.0,300.0,29900.0
1226,2021-10-18 09:10:05,230000.0,2400.0,29600.0
1227,2021-10-18 09:09:57,229900.0,200.0,27200.0
1228,2021-10-18 09:09:41,230000.0,400.0,27000.0
1229,2021-10-18 09:09:29,229900.0,100.0,26600.0
1230,2021-10-18 09:09:08,230000.0,200.0,26500.0
1231,2021-10-18 09:08:57,229900.0,200.0,26300.0
1232,2021-10-18 09:08:54,230000.0,100.0,26100.0
1233,2021-10-18 09:08:47,229900.0,600.0,26000.0
1234,2021-10-18 09:08:40,229900.0,100.0,25400.0
1235,2021-10-18 09:08:37,229900.0,200.0,25300.0
1236,2021-10-18 09:08:27,229800.0,300.0,25100.0
1237,2021-10-18 09:08:23,229800.0,300.0,24800.0
1238,2021-10-18 09:08:08,229900.0,400.0,24500.0
1239,2021-10-18 09:07:50,229800.0,300.0,24100.0
1240,2021-10-18 09:07:42,229900.0,300.0,23800.0
1241,2021-10-18 09:07:23,229800.0,100.0,23500.0
1242,2021-10-18 09:07:17,229900.0,1600.0,23400.0
1243,2021-10-18 09:07:05,229800.0,300.0,21800.0
1244,2021-10-18 09:07:03,229900.0,100.0,21500.0
1245,2021-10-18 09:07:01,229900.0,100.0,21400.0
1246,2021-10-18 09:07:00,229800.0,300.0,21300.0
1247,2021-10-18 09:06:55,229900.0,100.0,21000.0
1248,2021-10-18 09:06:38,229800.0,300.0,20900.0
1249,2021-10-18 09:06:28,229900.0,200.0,20600.0
1250,2021-10-18 09:06:15,229900.0,500.0,20400.0
1251,2021-10-18 09:06:09,229800.0,100.0,19900.0
1252,2021-10-18 09:06:01,229800.0,600.0,19800.0
1253,2021-10-18 09:05:56,229800.0,100.0,19200.0
1254,2021-10-18 09:05:53,229800.0,300.0,19100.0
1255,2021-10-18 09:05:52,229700.0,200.0,18800.0
1256,2021-10-18 09:05:39,229800.0,200.0,18600.0
1257,2021-10-18 09:05:18,229700.0,100.0,18400.0
1258,2021-10-18 09:05:13,229800.0,300.0,18300.0
1259,2021-10-18 09:04:57,229800.0,600.0,18000.0
1260,2021-10-18 09:04:42,229700.0,200.0,17400.0
1261,2021-10-18 09:04:41,229800.0,100.0,17200.0
1262,2021-10-18 09:04:32,229800.0,200.0,17100.0
1263,2021-10-18 09:04:31,229800.0,100.0,16900.0
1264,2021-10-18 09:04:28,229800.0,200.0,16800.0
1265,2021-10-18 09:04:13,229800.0,100.0,16600.0
1266,2021-10-18 09:04:10,229700.0,300.0,16500.0
1267,2021-10-18 09:04:06,229800.0,500.0,16200.0
1268,2021-10-18 09:04:05,229700.0,300.0,15700.0
1269,2021-10-18 09:04:04,229800.0,100.0,15400.0
1270,2021-10-18 09:03:53,229800.0,100.0,15300.0
1271,2021-10-18 09:03:49,229800.0,200.0,15200.0
1272,2021-10-18 09:03:37,229800.0,100.0,15000.0
1273,2021-10-18 09:03:36,229700.0,200.0,14900.0
1274,2021-10-18 09:03:33,229700.0,400.0,14700.0
1275,2021-10-18 09:03:32,229600.0,100.0,14300.0
1276,2021-10-18 09:03:29,229700.0,100.0,14200.0
1277,2021-10-18 09:03:25,229700.0,200.0,14100.0
1278,2021-10-18 09:03:16,229700.0,100.0,13900.0
1279,2021-10-18 09:03:14,229700.0,500.0,13800.0
1280,2021-10-18 09:03:02,229600.0,200.0,13300.0
1281,2021-10-18 09:02:57,229700.0,200.0,13100.0
1282,2021-10-18 09:02:55,229600.0,300.0,12900.0
1283,2021-10-18 09:02:54,229700.0,300.0,12600.0
1284,2021-10-18 09:02:51,229700.0,200.0,12300.0
1285,2021-10-18 09:02:50,229600.0,100.0,12100.0
1286,2021-10-18 09:02:49,229700.0,100.0,12000.0
1287,2021-10-18 09:02:42,229700.0,1300.0,11900.0
1288,2021-10-18 09:02:32,229700.0,100.0,10600.0
1289,2021-10-18 09:02:22,229700.0,400.0,10500.0
1290,2021-10-18 09:02:13,229600.0,100.0,10100.0
1291,2021-10-18 09:02:09,229600.0,300.0,10000.0
1292,2021-10-18 09:01:57,229700.0,200.0,9700.0
1293,2021-10-18 09:01:55,229600.0,100.0,9500.0
1294,2021-10-18 09:01:50,229600.0,100.0,9400.0
1295,2021-10-18 09:01:42,229600.0,700.0,9300.0
1296,2021-10-18 09:01:36,229500.0,300.0,8600.0
1297,2021-10-18 09:01:30,229600.0,600.0,8300.0
1298,2021-10-18 09:01:19,229600.0,400.0,7700.0
1299,2021-10-18 09:01:09,229600.0,100.0,7300.0
1300,2021-10-18 09:01:06,229500.0,200.0,7200.0
1301,2021-10-18 09:00:58,229600.0,200.0,7000.0
1302,2021-10-18 09:00:51,229500.0,100.0,6800.0
1303,2021-10-18 09:00:44,229600.0,500.0,6700.0
1304,2021-10-18 09:00:41,229500.0,100.0,6200.0
1305,2021-10-18 09:00:38,229500.0,200.0,6100.0
1306,2021-10-18 09:00:36,229600.0,200.0,5900.0
1307,2021-10-18 09:00:29,229600.0,300.0,5700.0
1308,2021-10-18 09:00:22,229500.0,500.0,5400.0
1309,2021-10-18 09:00:16,229500.0,200.0,4900.0
1310,2021-10-18 09:00:12,229500.0,100.0,4700.0
1311,2021-10-18 09:00:04,229600.0,4600.0,4600.0
