,Time,Price,Volume_per_trade,Volume
0,2021-10-01 14:45:02,226400.0,6900.0,547900.0
1,2021-10-01 14:29:35,226100.0,500.0,541000.0
2,2021-10-01 14:29:30,226100.0,400.0,540500.0
3,2021-10-01 14:29:24,226100.0,300.0,540100.0
4,2021-10-01 14:29:18,226100.0,100.0,539800.0
5,2021-10-01 14:29:17,226200.0,100.0,539700.0
6,2021-10-01 14:29:09,226100.0,200.0,539600.0
7,2021-10-01 14:28:46,226200.0,600.0,539400.0
8,2021-10-01 14:28:04,226200.0,300.0,538800.0
9,2021-10-01 14:27:45,226300.0,700.0,538500.0
10,2021-10-01 14:27:37,226100.0,300.0,537800.0
11,2021-10-01 14:27:35,226200.0,2100.0,537500.0
12,2021-10-01 14:27:33,226100.0,100.0,535400.0
13,2021-10-01 14:27:19,226200.0,900.0,535300.0
14,2021-10-01 14:27:16,226200.0,400.0,534400.0
15,2021-10-01 14:27:14,226200.0,100.0,534000.0
16,2021-10-01 14:27:11,226200.0,300.0,533900.0
17,2021-10-01 14:27:09,226200.0,500.0,533600.0
18,2021-10-01 14:26:54,226200.0,900.0,533100.0
19,2021-10-01 14:26:53,226300.0,600.0,532200.0
20,2021-10-01 14:26:47,226200.0,600.0,531600.0
21,2021-10-01 14:26:42,226300.0,200.0,531000.0
22,2021-10-01 14:26:41,226200.0,400.0,530800.0
23,2021-10-01 14:26:36,226200.0,400.0,530400.0
24,2021-10-01 14:26:28,226300.0,500.0,530000.0
25,2021-10-01 14:26:24,226300.0,800.0,529500.0
26,2021-10-01 14:26:16,226300.0,1000.0,528700.0
27,2021-10-01 14:26:11,226300.0,700.0,527700.0
28,2021-10-01 14:26:07,226400.0,300.0,527000.0
29,2021-10-01 14:26:05,226300.0,500.0,526700.0
30,2021-10-01 14:26:01,226400.0,100.0,526200.0
31,2021-10-01 14:25:53,226400.0,400.0,526100.0
32,2021-10-01 14:25:36,226300.0,600.0,525700.0
33,2021-10-01 14:25:24,226300.0,600.0,525100.0
34,2021-10-01 14:25:14,226300.0,500.0,524500.0
35,2021-10-01 14:25:03,226300.0,900.0,524000.0
36,2021-10-01 14:25:00,226200.0,100.0,523100.0
37,2021-10-01 14:24:49,226300.0,300.0,523000.0
38,2021-10-01 14:24:37,226300.0,400.0,522700.0
39,2021-10-01 14:24:31,226300.0,700.0,522300.0
40,2021-10-01 14:24:19,226300.0,100.0,521600.0
41,2021-10-01 14:24:17,226300.0,100.0,521500.0
42,2021-10-01 14:24:11,226300.0,500.0,521400.0
43,2021-10-01 14:24:06,226400.0,600.0,520900.0
44,2021-10-01 14:24:05,226300.0,1000.0,520300.0
45,2021-10-01 14:23:59,226300.0,500.0,519300.0
46,2021-10-01 14:23:45,226300.0,300.0,518800.0
47,2021-10-01 14:23:44,226300.0,600.0,518500.0
48,2021-10-01 14:23:34,226300.0,3200.0,517900.0
49,2021-10-01 14:23:30,226300.0,300.0,514700.0
50,2021-10-01 14:23:28,226300.0,1000.0,514400.0
51,2021-10-01 14:23:22,226300.0,500.0,513400.0
52,2021-10-01 14:23:00,226400.0,500.0,512900.0
53,2021-10-01 14:22:35,226400.0,400.0,512400.0
54,2021-10-01 14:22:23,226400.0,100.0,512000.0
55,2021-10-01 14:22:18,226400.0,300.0,511900.0
56,2021-10-01 14:22:13,226400.0,1100.0,511600.0
57,2021-10-01 14:22:06,226400.0,700.0,510500.0
58,2021-10-01 14:21:58,226400.0,300.0,509800.0
59,2021-10-01 14:21:56,226500.0,500.0,509500.0
60,2021-10-01 14:21:45,226400.0,300.0,509000.0
61,2021-10-01 14:21:42,226500.0,200.0,508700.0
62,2021-10-01 14:21:39,226400.0,1200.0,508500.0
63,2021-10-01 14:21:23,226500.0,800.0,507300.0
64,2021-10-01 14:21:13,226500.0,200.0,506500.0
65,2021-10-01 14:21:10,226500.0,200.0,506300.0
66,2021-10-01 14:21:03,226500.0,800.0,506100.0
67,2021-10-01 14:20:57,226500.0,500.0,505300.0
68,2021-10-01 14:20:50,226500.0,300.0,504800.0
69,2021-10-01 14:20:49,226600.0,600.0,504500.0
70,2021-10-01 14:20:44,226500.0,1200.0,503900.0
71,2021-10-01 14:19:32,226500.0,500.0,502700.0
72,2021-10-01 14:19:23,226500.0,100.0,502200.0
73,2021-10-01 14:19:18,226500.0,300.0,502100.0
74,2021-10-01 14:19:14,226500.0,100.0,501800.0
75,2021-10-01 14:19:09,226500.0,200.0,501700.0
76,2021-10-01 14:19:05,226500.0,100.0,501500.0
77,2021-10-01 14:19:03,226600.0,500.0,501400.0
78,2021-10-01 14:19:01,226500.0,300.0,500900.0
79,2021-10-01 14:18:57,226500.0,300.0,500600.0
80,2021-10-01 14:18:56,226500.0,100.0,500300.0
81,2021-10-01 14:18:49,226500.0,400.0,500200.0
82,2021-10-01 14:18:45,226600.0,800.0,499800.0
83,2021-10-01 14:18:42,226500.0,300.0,499000.0
84,2021-10-01 14:18:34,226600.0,200.0,498700.0
85,2021-10-01 14:18:30,226600.0,500.0,498500.0
86,2021-10-01 14:18:25,226600.0,200.0,498000.0
87,2021-10-01 14:18:18,226600.0,2400.0,497800.0
88,2021-10-01 14:17:59,226600.0,200.0,495400.0
89,2021-10-01 14:17:29,226600.0,100.0,495200.0
90,2021-10-01 14:17:19,226600.0,100.0,495100.0
91,2021-10-01 14:17:15,226600.0,100.0,495000.0
92,2021-10-01 14:17:10,226600.0,200.0,494900.0
93,2021-10-01 14:17:04,226600.0,100.0,494700.0
94,2021-10-01 14:17:00,226600.0,300.0,494600.0
95,2021-10-01 14:16:26,226600.0,400.0,494300.0
96,2021-10-01 14:16:11,226600.0,700.0,493900.0
97,2021-10-01 14:16:08,226600.0,400.0,493200.0
98,2021-10-01 14:15:45,226600.0,800.0,492800.0
99,2021-10-01 14:15:37,226500.0,400.0,492000.0
100,2021-10-01 14:15:30,226500.0,300.0,491600.0
101,2021-10-01 14:15:25,226500.0,400.0,491300.0
102,2021-10-01 14:15:18,226600.0,100.0,490900.0
103,2021-10-01 14:14:40,226600.0,300.0,490800.0
104,2021-10-01 14:14:37,226600.0,200.0,490500.0
105,2021-10-01 14:14:33,226600.0,100.0,490300.0
106,2021-10-01 14:14:25,226500.0,100.0,490200.0
107,2021-10-01 14:14:09,226500.0,200.0,490100.0
108,2021-10-01 14:13:01,226500.0,100.0,489900.0
109,2021-10-01 14:12:58,226500.0,200.0,489800.0
110,2021-10-01 14:12:55,226500.0,300.0,489600.0
111,2021-10-01 14:12:51,226500.0,300.0,489300.0
112,2021-10-01 14:12:49,226500.0,1300.0,489000.0
113,2021-10-01 14:11:36,226500.0,300.0,487700.0
114,2021-10-01 14:11:35,226500.0,200.0,487400.0
115,2021-10-01 14:11:31,226500.0,100.0,487200.0
116,2021-10-01 14:11:21,226500.0,200.0,487100.0
117,2021-10-01 14:11:05,226500.0,100.0,486900.0
118,2021-10-01 14:11:02,226500.0,200.0,486800.0
119,2021-10-01 14:10:58,226500.0,300.0,486600.0
120,2021-10-01 14:10:55,226500.0,200.0,486300.0
121,2021-10-01 14:10:37,226500.0,100.0,486100.0
122,2021-10-01 14:10:33,226500.0,200.0,486000.0
123,2021-10-01 14:10:25,226500.0,400.0,485800.0
124,2021-10-01 14:10:22,226500.0,300.0,485400.0
125,2021-10-01 14:09:14,226500.0,100.0,485100.0
126,2021-10-01 14:08:55,226500.0,300.0,485000.0
127,2021-10-01 14:08:52,226500.0,200.0,484700.0
128,2021-10-01 14:08:50,226500.0,100.0,484500.0
129,2021-10-01 14:08:10,226500.0,300.0,484400.0
130,2021-10-01 14:07:36,226500.0,300.0,484100.0
131,2021-10-01 14:07:34,226500.0,200.0,483800.0
132,2021-10-01 14:07:31,226500.0,100.0,483600.0
133,2021-10-01 14:07:24,226400.0,300.0,483500.0
134,2021-10-01 14:07:16,226500.0,600.0,483200.0
135,2021-10-01 14:07:15,226500.0,300.0,482600.0
136,2021-10-01 14:07:10,226500.0,300.0,482300.0
137,2021-10-01 14:07:08,226500.0,400.0,482000.0
138,2021-10-01 14:07:04,226500.0,1200.0,481600.0
139,2021-10-01 14:07:01,226500.0,200.0,480400.0
140,2021-10-01 14:06:57,226500.0,400.0,480200.0
141,2021-10-01 14:06:52,226500.0,600.0,479800.0
142,2021-10-01 14:06:47,226500.0,900.0,479200.0
143,2021-10-01 14:06:40,226500.0,1000.0,478300.0
144,2021-10-01 14:06:35,226600.0,200.0,477300.0
145,2021-10-01 14:06:34,226500.0,200.0,477100.0
146,2021-10-01 14:06:25,226500.0,800.0,476900.0
147,2021-10-01 14:06:19,226500.0,300.0,476100.0
148,2021-10-01 14:06:17,226600.0,300.0,475800.0
149,2021-10-01 14:06:14,226600.0,200.0,475500.0
150,2021-10-01 14:06:12,226500.0,1200.0,475300.0
151,2021-10-01 14:06:11,226600.0,100.0,474100.0
152,2021-10-01 14:05:49,226600.0,100.0,474000.0
153,2021-10-01 14:05:46,226600.0,300.0,473900.0
154,2021-10-01 14:05:43,226600.0,200.0,473600.0
155,2021-10-01 14:05:41,226600.0,100.0,473400.0
156,2021-10-01 14:05:14,226600.0,800.0,473300.0
157,2021-10-01 14:05:06,226600.0,300.0,472500.0
158,2021-10-01 14:04:58,226600.0,1000.0,472200.0
159,2021-10-01 14:04:33,226600.0,300.0,471200.0
160,2021-10-01 14:04:25,226600.0,400.0,470900.0
161,2021-10-01 14:04:24,226600.0,500.0,470500.0
162,2021-10-01 14:04:06,226600.0,300.0,470000.0
163,2021-10-01 14:04:02,226700.0,400.0,469700.0
164,2021-10-01 14:03:42,226600.0,300.0,469300.0
165,2021-10-01 14:03:36,226600.0,400.0,469000.0
166,2021-10-01 14:03:27,226600.0,400.0,468600.0
167,2021-10-01 14:03:22,226700.0,100.0,468200.0
168,2021-10-01 14:03:14,226700.0,200.0,468100.0
169,2021-10-01 14:03:05,226700.0,300.0,467900.0
170,2021-10-01 14:02:47,226700.0,1000.0,467600.0
171,2021-10-01 14:02:39,226700.0,300.0,466600.0
172,2021-10-01 14:02:35,226800.0,100.0,466300.0
173,2021-10-01 14:02:29,226700.0,500.0,466200.0
174,2021-10-01 14:02:26,226800.0,800.0,465700.0
175,2021-10-01 14:02:10,226800.0,500.0,464900.0
176,2021-10-01 14:02:08,226800.0,300.0,464400.0
177,2021-10-01 14:02:04,226700.0,300.0,464100.0
178,2021-10-01 14:02:01,226800.0,200.0,463800.0
179,2021-10-01 14:01:58,226800.0,100.0,463600.0
180,2021-10-01 14:01:55,226800.0,200.0,463500.0
181,2021-10-01 14:01:53,226800.0,100.0,463300.0
182,2021-10-01 14:01:46,226800.0,200.0,463200.0
183,2021-10-01 14:01:43,226800.0,100.0,463000.0
184,2021-10-01 14:01:39,226800.0,100.0,462900.0
185,2021-10-01 14:01:27,226800.0,200.0,462800.0
186,2021-10-01 14:01:25,226800.0,100.0,462600.0
187,2021-10-01 14:01:24,226800.0,300.0,462500.0
188,2021-10-01 14:01:23,226800.0,200.0,462200.0
189,2021-10-01 14:01:21,226800.0,100.0,462000.0
190,2021-10-01 14:00:57,226800.0,200.0,461900.0
191,2021-10-01 14:00:53,226700.0,100.0,461700.0
192,2021-10-01 14:00:44,226800.0,200.0,461600.0
193,2021-10-01 13:59:47,226800.0,1400.0,461400.0
194,2021-10-01 13:58:35,226800.0,100.0,460000.0
195,2021-10-01 13:57:40,226700.0,400.0,459900.0
196,2021-10-01 13:57:31,226700.0,400.0,459500.0
197,2021-10-01 13:57:26,226700.0,500.0,459100.0
198,2021-10-01 13:56:59,226800.0,200.0,458600.0
199,2021-10-01 13:56:50,226800.0,100.0,458400.0
200,2021-10-01 13:56:39,226800.0,700.0,458300.0
201,2021-10-01 13:56:38,226800.0,500.0,457600.0
202,2021-10-01 13:56:24,226800.0,600.0,457100.0
203,2021-10-01 13:56:08,226800.0,100.0,456500.0
204,2021-10-01 13:55:11,226900.0,200.0,456400.0
205,2021-10-01 13:55:09,226900.0,100.0,456200.0
206,2021-10-01 13:55:07,226900.0,200.0,456100.0
207,2021-10-01 13:54:26,226800.0,200.0,455900.0
208,2021-10-01 13:54:21,226800.0,400.0,455700.0
209,2021-10-01 13:54:17,226800.0,300.0,455300.0
210,2021-10-01 13:54:13,226800.0,500.0,455000.0
211,2021-10-01 13:54:08,226800.0,200.0,454500.0
212,2021-10-01 13:54:05,226900.0,100.0,454300.0
213,2021-10-01 13:53:45,226800.0,400.0,454200.0
214,2021-10-01 13:53:21,226800.0,500.0,453800.0
215,2021-10-01 13:52:51,226900.0,200.0,453300.0
216,2021-10-01 13:52:49,226900.0,100.0,453100.0
217,2021-10-01 13:52:46,226800.0,300.0,453000.0
218,2021-10-01 13:52:32,226900.0,300.0,452700.0
219,2021-10-01 13:52:25,226800.0,500.0,452400.0
220,2021-10-01 13:52:17,226800.0,300.0,451900.0
221,2021-10-01 13:52:13,226800.0,400.0,451600.0
222,2021-10-01 13:51:48,226900.0,100.0,451200.0
223,2021-10-01 13:51:45,226900.0,200.0,451100.0
224,2021-10-01 13:51:41,226900.0,600.0,450900.0
225,2021-10-01 13:51:30,226900.0,200.0,450300.0
226,2021-10-01 13:51:28,226900.0,100.0,450100.0
227,2021-10-01 13:51:26,226900.0,200.0,450000.0
228,2021-10-01 13:51:25,226900.0,100.0,449800.0
229,2021-10-01 13:51:23,226900.0,200.0,449700.0
230,2021-10-01 13:51:21,226900.0,100.0,449500.0
231,2021-10-01 13:51:10,226900.0,100.0,449400.0
232,2021-10-01 13:51:07,226900.0,200.0,449300.0
233,2021-10-01 13:51:06,226900.0,100.0,449100.0
234,2021-10-01 13:51:05,226900.0,400.0,449000.0
235,2021-10-01 13:51:04,226900.0,200.0,448600.0
236,2021-10-01 13:51:02,226900.0,100.0,448400.0
237,2021-10-01 13:51:01,226900.0,200.0,448300.0
238,2021-10-01 13:50:39,226800.0,300.0,448100.0
239,2021-10-01 13:50:20,226800.0,200.0,447800.0
240,2021-10-01 13:50:00,226800.0,500.0,447600.0
241,2021-10-01 13:49:58,226900.0,100.0,447100.0
242,2021-10-01 13:49:57,226900.0,200.0,447000.0
243,2021-10-01 13:49:55,226800.0,500.0,446800.0
244,2021-10-01 13:49:53,226900.0,200.0,446300.0
245,2021-10-01 13:49:52,226900.0,100.0,446100.0
246,2021-10-01 13:49:50,226900.0,200.0,446000.0
247,2021-10-01 13:49:34,226800.0,100.0,445800.0
248,2021-10-01 13:49:21,226800.0,100.0,445700.0
249,2021-10-01 13:49:11,226800.0,200.0,445600.0
250,2021-10-01 13:49:04,226800.0,100.0,445400.0
251,2021-10-01 13:49:02,226800.0,200.0,445300.0
252,2021-10-01 13:48:38,226700.0,300.0,445100.0
253,2021-10-01 13:48:33,226700.0,400.0,444800.0
254,2021-10-01 13:48:27,226700.0,500.0,444400.0
255,2021-10-01 13:48:14,226800.0,100.0,443900.0
256,2021-10-01 13:48:00,226700.0,300.0,443800.0
257,2021-10-01 13:47:55,226700.0,400.0,443500.0
258,2021-10-01 13:47:41,226800.0,100.0,443100.0
259,2021-10-01 13:47:39,226800.0,200.0,443000.0
260,2021-10-01 13:47:38,226800.0,100.0,442800.0
261,2021-10-01 13:47:36,226800.0,300.0,442700.0
262,2021-10-01 13:47:05,226800.0,100.0,442400.0
263,2021-10-01 13:46:57,226800.0,200.0,442300.0
264,2021-10-01 13:46:55,226800.0,100.0,442100.0
265,2021-10-01 13:46:34,226800.0,300.0,442000.0
266,2021-10-01 13:46:29,226800.0,600.0,441700.0
267,2021-10-01 13:45:53,226700.0,400.0,441100.0
268,2021-10-01 13:45:48,226700.0,100.0,440700.0
269,2021-10-01 13:45:43,226700.0,300.0,440600.0
270,2021-10-01 13:45:39,226700.0,400.0,440300.0
271,2021-10-01 13:45:35,226800.0,400.0,439900.0
272,2021-10-01 13:45:33,226700.0,300.0,439500.0
273,2021-10-01 13:45:27,226700.0,200.0,439200.0
274,2021-10-01 13:45:21,226700.0,100.0,439000.0
275,2021-10-01 13:45:16,226700.0,300.0,438900.0
276,2021-10-01 13:45:09,226700.0,400.0,438600.0
277,2021-10-01 13:44:37,226700.0,400.0,438200.0
278,2021-10-01 13:44:32,226800.0,200.0,437800.0
279,2021-10-01 13:44:29,226700.0,100.0,437600.0
280,2021-10-01 13:43:59,226800.0,400.0,437500.0
281,2021-10-01 13:43:25,226700.0,300.0,437100.0
282,2021-10-01 13:43:18,226800.0,100.0,436800.0
283,2021-10-01 13:43:00,226700.0,100.0,436700.0
284,2021-10-01 13:42:53,226700.0,400.0,436600.0
285,2021-10-01 13:42:40,226700.0,300.0,436200.0
286,2021-10-01 13:42:33,226700.0,400.0,435900.0
287,2021-10-01 13:42:29,226800.0,1000.0,435500.0
288,2021-10-01 13:42:07,226800.0,100.0,434500.0
289,2021-10-01 13:41:40,226800.0,200.0,434400.0
290,2021-10-01 13:41:32,226800.0,400.0,434200.0
291,2021-10-01 13:40:56,226800.0,300.0,433800.0
292,2021-10-01 13:40:50,226700.0,400.0,433500.0
293,2021-10-01 13:40:42,226700.0,200.0,433100.0
294,2021-10-01 13:40:32,226700.0,400.0,432900.0
295,2021-10-01 13:40:27,226700.0,500.0,432500.0
296,2021-10-01 13:39:50,226700.0,300.0,432000.0
297,2021-10-01 13:39:45,226700.0,400.0,431700.0
298,2021-10-01 13:39:37,226700.0,600.0,431300.0
299,2021-10-01 13:39:25,226700.0,200.0,430700.0
300,2021-10-01 13:39:05,226700.0,500.0,430500.0
301,2021-10-01 13:38:46,226700.0,700.0,430000.0
302,2021-10-01 13:38:05,226700.0,300.0,429300.0
303,2021-10-01 13:37:46,226600.0,400.0,429000.0
304,2021-10-01 13:37:26,226700.0,500.0,428600.0
305,2021-10-01 13:37:10,226700.0,100.0,428100.0
306,2021-10-01 13:36:41,226700.0,600.0,428000.0
307,2021-10-01 13:36:29,226600.0,500.0,427400.0
308,2021-10-01 13:36:19,226600.0,200.0,426900.0
309,2021-10-01 13:36:15,226600.0,100.0,426700.0
310,2021-10-01 13:36:09,226600.0,300.0,426600.0
311,2021-10-01 13:36:08,226700.0,100.0,426300.0
312,2021-10-01 13:36:01,226600.0,500.0,426200.0
313,2021-10-01 13:35:55,226600.0,300.0,425700.0
314,2021-10-01 13:34:46,226700.0,100.0,425400.0
315,2021-10-01 13:34:29,226600.0,300.0,425300.0
316,2021-10-01 13:34:25,226700.0,100.0,425000.0
317,2021-10-01 13:33:48,226600.0,1000.0,424900.0
318,2021-10-01 13:33:17,226700.0,500.0,423900.0
319,2021-10-01 13:33:11,226700.0,400.0,423400.0
320,2021-10-01 13:31:58,226600.0,200.0,423000.0
321,2021-10-01 13:31:38,226700.0,3600.0,422800.0
322,2021-10-01 13:31:34,226700.0,100.0,419200.0
323,2021-10-01 13:31:19,226700.0,100.0,419100.0
324,2021-10-01 13:31:15,226700.0,1100.0,419000.0
325,2021-10-01 13:30:52,226700.0,500.0,417900.0
326,2021-10-01 13:30:42,226700.0,100.0,417400.0
327,2021-10-01 13:30:38,226600.0,400.0,417300.0
328,2021-10-01 13:30:30,226600.0,300.0,416900.0
329,2021-10-01 13:30:24,226600.0,400.0,416600.0
330,2021-10-01 13:30:18,226600.0,300.0,416200.0
331,2021-10-01 13:30:04,226600.0,100.0,415900.0
332,2021-10-01 13:29:54,226600.0,200.0,415800.0
333,2021-10-01 13:29:48,226600.0,100.0,415600.0
334,2021-10-01 13:29:43,226700.0,100.0,415500.0
335,2021-10-01 13:29:39,226600.0,100.0,415400.0
336,2021-10-01 13:29:27,226600.0,300.0,415300.0
337,2021-10-01 13:29:22,226600.0,200.0,415000.0
338,2021-10-01 13:29:13,226600.0,2100.0,414800.0
339,2021-10-01 13:29:05,226600.0,100.0,412700.0
340,2021-10-01 13:28:41,226600.0,300.0,412600.0
341,2021-10-01 13:28:11,226600.0,100.0,412300.0
342,2021-10-01 13:28:05,226500.0,300.0,412200.0
343,2021-10-01 13:28:00,226500.0,300.0,411900.0
344,2021-10-01 13:27:56,226500.0,200.0,411600.0
345,2021-10-01 13:27:51,226500.0,400.0,411400.0
346,2021-10-01 13:27:47,226600.0,100.0,411000.0
347,2021-10-01 13:27:46,226500.0,300.0,410900.0
348,2021-10-01 13:27:40,226500.0,500.0,410600.0
349,2021-10-01 13:27:33,226600.0,100.0,410100.0
350,2021-10-01 13:27:23,226600.0,100.0,410000.0
351,2021-10-01 13:26:05,226500.0,3000.0,409900.0
352,2021-10-01 13:26:01,226500.0,3800.0,406900.0
353,2021-10-01 13:25:34,226500.0,300.0,403100.0
354,2021-10-01 13:25:30,226500.0,200.0,402800.0
355,2021-10-01 13:25:28,226500.0,100.0,402600.0
356,2021-10-01 13:25:24,226500.0,200.0,402500.0
357,2021-10-01 13:25:21,226500.0,300.0,402300.0
358,2021-10-01 13:25:18,226500.0,200.0,402000.0
359,2021-10-01 13:25:14,226500.0,100.0,401800.0
360,2021-10-01 13:25:10,226500.0,200.0,401700.0
361,2021-10-01 13:25:06,226500.0,300.0,401500.0
362,2021-10-01 13:25:03,226500.0,200.0,401200.0
363,2021-10-01 13:24:59,226500.0,100.0,401000.0
364,2021-10-01 13:24:56,226500.0,400.0,400900.0
365,2021-10-01 13:24:52,226500.0,300.0,400500.0
366,2021-10-01 13:24:48,226500.0,200.0,400200.0
367,2021-10-01 13:24:47,226400.0,100.0,400000.0
368,2021-10-01 13:24:45,226500.0,100.0,399900.0
369,2021-10-01 13:24:40,226500.0,300.0,399800.0
370,2021-10-01 13:24:39,226400.0,400.0,399500.0
371,2021-10-01 13:24:37,226500.0,200.0,399100.0
372,2021-10-01 13:24:35,226500.0,100.0,398900.0
373,2021-10-01 13:24:32,226500.0,200.0,398800.0
374,2021-10-01 13:24:25,226500.0,300.0,398600.0
375,2021-10-01 13:24:22,226500.0,200.0,398300.0
376,2021-10-01 13:24:14,226500.0,100.0,398100.0
377,2021-10-01 13:24:10,226400.0,200.0,398000.0
378,2021-10-01 13:24:07,226200.0,300.0,397800.0
379,2021-10-01 13:24:05,226400.0,1100.0,397500.0
380,2021-10-01 13:24:02,226400.0,200.0,396400.0
381,2021-10-01 13:23:59,226400.0,100.0,396200.0
382,2021-10-01 13:23:57,226400.0,2600.0,396100.0
383,2021-10-01 13:23:52,226400.0,500.0,393500.0
384,2021-10-01 13:23:48,226400.0,300.0,393000.0
385,2021-10-01 13:23:45,226400.0,200.0,392700.0
386,2021-10-01 13:23:42,226300.0,200.0,392500.0
387,2021-10-01 13:23:40,226400.0,100.0,392300.0
388,2021-10-01 13:23:36,226400.0,200.0,392200.0
389,2021-10-01 13:23:32,226400.0,300.0,392000.0
390,2021-10-01 13:23:28,226400.0,200.0,391700.0
391,2021-10-01 13:23:24,226400.0,100.0,391500.0
392,2021-10-01 13:23:20,226400.0,300.0,391400.0
393,2021-10-01 13:23:17,226400.0,200.0,391100.0
394,2021-10-01 13:23:15,226400.0,100.0,390900.0
395,2021-10-01 13:23:11,226400.0,300.0,390800.0
396,2021-10-01 13:23:08,226400.0,200.0,390500.0
397,2021-10-01 13:23:06,226400.0,100.0,390300.0
398,2021-10-01 13:23:02,226400.0,300.0,390200.0
399,2021-10-01 13:22:59,226400.0,200.0,389900.0
400,2021-10-01 13:22:56,226400.0,100.0,389700.0
401,2021-10-01 13:22:49,226400.0,300.0,389600.0
402,2021-10-01 13:22:45,226400.0,200.0,389300.0
403,2021-10-01 13:22:42,226400.0,100.0,389100.0
404,2021-10-01 13:22:21,226300.0,1300.0,389000.0
405,2021-10-01 13:22:08,226300.0,200.0,387700.0
406,2021-10-01 13:22:02,226300.0,100.0,387500.0
407,2021-10-01 13:21:54,226000.0,400.0,387400.0
408,2021-10-01 13:21:53,226300.0,100.0,387000.0
409,2021-10-01 13:21:49,226000.0,300.0,386900.0
410,2021-10-01 13:21:44,226000.0,200.0,386600.0
411,2021-10-01 13:21:38,226000.0,400.0,386400.0
412,2021-10-01 13:21:34,226000.0,300.0,386000.0
413,2021-10-01 13:20:54,226000.0,200.0,385700.0
414,2021-10-01 13:20:49,226000.0,400.0,385500.0
415,2021-10-01 13:20:46,226000.0,300.0,385100.0
416,2021-10-01 13:20:42,226000.0,500.0,384800.0
417,2021-10-01 13:20:36,226000.0,400.0,384300.0
418,2021-10-01 13:20:32,226000.0,200.0,383900.0
419,2021-10-01 13:20:28,226000.0,400.0,383700.0
420,2021-10-01 13:20:25,226000.0,300.0,383300.0
421,2021-10-01 13:20:17,226000.0,500.0,383000.0
422,2021-10-01 13:20:12,226200.0,100.0,382500.0
423,2021-10-01 13:20:08,226200.0,200.0,382400.0
424,2021-10-01 13:20:04,226200.0,300.0,382200.0
425,2021-10-01 13:20:01,226200.0,200.0,381900.0
426,2021-10-01 13:19:58,226200.0,100.0,381700.0
427,2021-10-01 13:19:55,226200.0,200.0,381600.0
428,2021-10-01 13:19:52,226200.0,300.0,381400.0
429,2021-10-01 13:19:49,226200.0,200.0,381100.0
430,2021-10-01 13:19:45,226200.0,100.0,380900.0
431,2021-10-01 13:19:43,226200.0,200.0,380800.0
432,2021-10-01 13:19:39,226200.0,300.0,380600.0
433,2021-10-01 13:19:20,226100.0,200.0,380300.0
434,2021-10-01 13:19:16,226100.0,100.0,380100.0
435,2021-10-01 13:19:11,226100.0,300.0,380000.0
436,2021-10-01 13:19:06,226100.0,200.0,379700.0
437,2021-10-01 13:18:59,226100.0,100.0,379500.0
438,2021-10-01 13:18:56,226100.0,200.0,379400.0
439,2021-10-01 13:18:51,226100.0,300.0,379200.0
440,2021-10-01 13:18:48,226100.0,200.0,378900.0
441,2021-10-01 13:18:38,226100.0,100.0,378700.0
442,2021-10-01 13:18:35,226100.0,200.0,378600.0
443,2021-10-01 13:18:32,226000.0,500.0,378400.0
444,2021-10-01 13:18:31,226100.0,300.0,377900.0
445,2021-10-01 13:18:28,226100.0,200.0,377600.0
446,2021-10-01 13:18:27,226000.0,400.0,377400.0
447,2021-10-01 13:18:22,226100.0,100.0,377000.0
448,2021-10-01 13:18:18,226100.0,200.0,376900.0
449,2021-10-01 13:18:15,226100.0,300.0,376700.0
450,2021-10-01 13:18:14,225900.0,600.0,376400.0
451,2021-10-01 13:18:12,226100.0,200.0,375800.0
452,2021-10-01 13:18:08,226100.0,100.0,375600.0
453,2021-10-01 13:18:07,225900.0,400.0,375500.0
454,2021-10-01 13:18:02,225900.0,500.0,375100.0
455,2021-10-01 13:17:57,226100.0,300.0,374600.0
456,2021-10-01 13:17:55,226000.0,200.0,374300.0
457,2021-10-01 13:17:54,226100.0,200.0,374100.0
458,2021-10-01 13:17:51,226000.0,300.0,373900.0
459,2021-10-01 13:17:50,226100.0,100.0,373600.0
460,2021-10-01 13:17:45,226000.0,500.0,373500.0
461,2021-10-01 13:17:42,226100.0,300.0,373000.0
462,2021-10-01 13:17:41,226000.0,1500.0,372700.0
463,2021-10-01 13:17:38,226100.0,2200.0,371200.0
464,2021-10-01 13:17:37,225900.0,600.0,369000.0
465,2021-10-01 13:17:36,226000.0,200.0,368400.0
466,2021-10-01 13:17:33,226000.0,100.0,368200.0
467,2021-10-01 13:17:28,226000.0,100.0,368100.0
468,2021-10-01 13:17:24,226000.0,200.0,368000.0
469,2021-10-01 13:17:20,226000.0,300.0,367800.0
470,2021-10-01 13:17:13,226000.0,1000.0,367500.0
471,2021-10-01 13:16:56,226000.0,300.0,366500.0
472,2021-10-01 13:16:53,226000.0,200.0,366200.0
473,2021-10-01 13:16:51,226000.0,200.0,366000.0
474,2021-10-01 13:16:50,226000.0,4100.0,365800.0
475,2021-10-01 13:16:48,226000.0,200.0,361700.0
476,2021-10-01 13:16:45,226000.0,300.0,361500.0
477,2021-10-01 13:16:37,226000.0,300.0,361200.0
478,2021-10-01 13:16:34,226000.0,200.0,360900.0
479,2021-10-01 13:16:27,226000.0,100.0,360700.0
480,2021-10-01 13:16:24,226000.0,500.0,360600.0
481,2021-10-01 13:16:21,226000.0,300.0,360100.0
482,2021-10-01 13:16:16,226000.0,200.0,359800.0
483,2021-10-01 13:16:12,226000.0,12200.0,359600.0
484,2021-10-01 13:16:09,226100.0,200.0,347400.0
485,2021-10-01 13:16:03,226100.0,100.0,347200.0
486,2021-10-01 13:16:00,226100.0,200.0,347100.0
487,2021-10-01 13:15:58,226100.0,300.0,346900.0
488,2021-10-01 13:15:54,226100.0,200.0,346600.0
489,2021-10-01 13:15:51,226100.0,7700.0,346400.0
490,2021-10-01 13:15:42,226200.0,200.0,338700.0
491,2021-10-01 13:15:36,226200.0,1500.0,338500.0
492,2021-10-01 13:15:34,226200.0,3200.0,337000.0
493,2021-10-01 13:15:32,226300.0,200.0,333800.0
494,2021-10-01 13:15:26,226300.0,100.0,333600.0
495,2021-10-01 13:15:06,226300.0,300.0,333500.0
496,2021-10-01 13:14:44,226300.0,200.0,333200.0
497,2021-10-01 13:14:31,226300.0,200.0,333000.0
498,2021-10-01 13:14:27,226300.0,100.0,332800.0
499,2021-10-01 13:14:24,226300.0,300.0,332700.0
500,2021-10-01 13:14:21,226300.0,200.0,332400.0
501,2021-10-01 13:14:17,226300.0,100.0,332200.0
502,2021-10-01 13:14:03,226300.0,300.0,332100.0
503,2021-10-01 13:12:52,226300.0,400.0,331800.0
504,2021-10-01 13:12:46,226300.0,500.0,331400.0
505,2021-10-01 13:12:20,226400.0,200.0,330900.0
506,2021-10-01 13:12:18,226400.0,100.0,330700.0
507,2021-10-01 13:12:16,226400.0,200.0,330600.0
508,2021-10-01 13:12:15,226400.0,100.0,330400.0
509,2021-10-01 13:12:13,226400.0,300.0,330300.0
510,2021-10-01 13:11:48,226300.0,100.0,330000.0
511,2021-10-01 13:11:40,226300.0,100.0,329900.0
512,2021-10-01 13:11:38,226300.0,200.0,329800.0
513,2021-10-01 13:11:37,226300.0,100.0,329600.0
514,2021-10-01 13:11:33,226300.0,200.0,329500.0
515,2021-10-01 13:11:32,226300.0,100.0,329300.0
516,2021-10-01 13:11:30,226300.0,300.0,329200.0
517,2021-10-01 13:11:29,226300.0,200.0,328900.0
518,2021-10-01 13:11:27,226300.0,100.0,328700.0
519,2021-10-01 13:11:25,226300.0,300.0,328600.0
520,2021-10-01 13:10:34,226400.0,100.0,328300.0
521,2021-10-01 13:10:32,226400.0,100.0,328200.0
522,2021-10-01 13:10:30,226400.0,100.0,328100.0
523,2021-10-01 13:10:29,226300.0,200.0,328000.0
524,2021-10-01 13:10:28,226300.0,200.0,327800.0
525,2021-10-01 13:10:27,226400.0,300.0,327600.0
526,2021-10-01 13:10:22,226300.0,100.0,327300.0
527,2021-10-01 13:10:17,226300.0,700.0,327200.0
528,2021-10-01 13:10:12,226300.0,1100.0,326500.0
529,2021-10-01 13:10:05,226300.0,800.0,325400.0
530,2021-10-01 13:10:01,226400.0,400.0,324600.0
531,2021-10-01 13:09:58,226300.0,200.0,324200.0
532,2021-10-01 13:09:46,226400.0,100.0,324000.0
533,2021-10-01 13:09:44,226500.0,200.0,323900.0
534,2021-10-01 13:09:42,226500.0,100.0,323700.0
535,2021-10-01 13:09:39,226400.0,500.0,323600.0
536,2021-10-01 13:09:34,226400.0,1000.0,323100.0
537,2021-10-01 13:09:28,226400.0,300.0,322100.0
538,2021-10-01 13:09:21,226400.0,1200.0,321800.0
539,2021-10-01 13:09:15,226400.0,700.0,320600.0
540,2021-10-01 13:09:06,226500.0,500.0,319900.0
541,2021-10-01 13:08:12,226400.0,400.0,319400.0
542,2021-10-01 13:08:09,226500.0,200.0,319000.0
543,2021-10-01 13:08:07,226400.0,300.0,318800.0
544,2021-10-01 13:08:03,226400.0,200.0,318500.0
545,2021-10-01 13:07:55,226500.0,100.0,318300.0
546,2021-10-01 13:07:53,226500.0,200.0,318200.0
547,2021-10-01 13:07:51,226500.0,100.0,318000.0
548,2021-10-01 13:07:42,226500.0,200.0,317900.0
549,2021-10-01 13:07:31,226500.0,100.0,317700.0
550,2021-10-01 13:07:29,226500.0,200.0,317600.0
551,2021-10-01 13:07:27,226500.0,100.0,317400.0
552,2021-10-01 13:07:23,226400.0,400.0,317300.0
553,2021-10-01 13:07:21,226500.0,100.0,316900.0
554,2021-10-01 13:07:04,226500.0,600.0,316800.0
555,2021-10-01 13:06:58,226500.0,800.0,316200.0
556,2021-10-01 13:06:53,226500.0,1200.0,315400.0
557,2021-10-01 13:06:48,226500.0,200.0,314200.0
558,2021-10-01 13:06:42,226500.0,1200.0,314000.0
559,2021-10-01 13:06:37,226500.0,600.0,312800.0
560,2021-10-01 13:06:30,226500.0,800.0,312200.0
561,2021-10-01 13:06:25,226600.0,600.0,311400.0
562,2021-10-01 13:06:23,226500.0,1000.0,310800.0
563,2021-10-01 13:06:19,226500.0,1500.0,309800.0
564,2021-10-01 13:06:12,226500.0,400.0,308300.0
565,2021-10-01 13:06:02,226500.0,100.0,307900.0
566,2021-10-01 13:05:45,226600.0,700.0,307800.0
567,2021-10-01 13:05:35,226700.0,100.0,307100.0
568,2021-10-01 13:05:33,226700.0,200.0,307000.0
569,2021-10-01 13:05:27,226600.0,200.0,306800.0
570,2021-10-01 13:05:25,226600.0,700.0,306600.0
571,2021-10-01 13:05:16,226600.0,100.0,305900.0
572,2021-10-01 13:05:10,226600.0,500.0,305800.0
573,2021-10-01 13:04:51,226700.0,300.0,305300.0
574,2021-10-01 13:04:44,226700.0,200.0,305000.0
575,2021-10-01 13:04:42,226700.0,100.0,304800.0
576,2021-10-01 13:04:23,226700.0,200.0,304700.0
577,2021-10-01 13:04:08,226700.0,100.0,304500.0
578,2021-10-01 13:04:06,226800.0,200.0,304400.0
579,2021-10-01 13:04:05,226700.0,100.0,304200.0
580,2021-10-01 13:04:03,226700.0,200.0,304100.0
581,2021-10-01 13:04:02,226700.0,100.0,303900.0
582,2021-10-01 13:04:00,226700.0,300.0,303800.0
583,2021-10-01 13:03:59,226700.0,700.0,303500.0
584,2021-10-01 13:03:57,226700.0,100.0,302800.0
585,2021-10-01 13:03:56,226700.0,100.0,302700.0
586,2021-10-01 13:03:28,226700.0,200.0,302600.0
587,2021-10-01 13:03:24,226700.0,300.0,302400.0
588,2021-10-01 13:03:23,226600.0,400.0,302100.0
589,2021-10-01 13:03:22,226700.0,200.0,301700.0
590,2021-10-01 13:03:21,226700.0,100.0,301500.0
591,2021-10-01 13:03:16,226600.0,200.0,301400.0
592,2021-10-01 13:03:09,226700.0,200.0,301200.0
593,2021-10-01 13:03:08,226600.0,300.0,301000.0
594,2021-10-01 13:02:44,226700.0,100.0,300700.0
595,2021-10-01 13:02:11,226600.0,300.0,300600.0
596,2021-10-01 13:01:59,226600.0,200.0,300300.0
597,2021-10-01 13:01:51,226600.0,100.0,300100.0
598,2021-10-01 11:29:39,226700.0,400.0,300000.0
599,2021-10-01 11:29:08,226700.0,200.0,299600.0
600,2021-10-01 11:28:35,226700.0,500.0,299400.0
601,2021-10-01 11:27:51,226600.0,200.0,298900.0
602,2021-10-01 11:27:31,226700.0,1300.0,298700.0
603,2021-10-01 11:26:54,226700.0,300.0,297400.0
604,2021-10-01 11:26:20,226700.0,700.0,297100.0
605,2021-10-01 11:26:14,226600.0,900.0,296400.0
606,2021-10-01 11:26:04,226700.0,100.0,295500.0
607,2021-10-01 11:25:57,226700.0,300.0,295400.0
608,2021-10-01 11:25:35,226700.0,100.0,295100.0
609,2021-10-01 11:25:08,226700.0,1500.0,295000.0
610,2021-10-01 11:24:47,226700.0,200.0,293500.0
611,2021-10-01 11:24:25,226700.0,300.0,293300.0
612,2021-10-01 11:23:46,226700.0,400.0,293000.0
613,2021-10-01 11:23:38,226600.0,500.0,292600.0
614,2021-10-01 11:23:14,226700.0,600.0,292100.0
615,2021-10-01 11:23:00,226700.0,100.0,291500.0
616,2021-10-01 11:22:35,226700.0,200.0,291400.0
617,2021-10-01 11:22:13,226600.0,1300.0,291200.0
618,2021-10-01 11:22:02,226600.0,300.0,289900.0
619,2021-10-01 11:21:45,226600.0,400.0,289600.0
620,2021-10-01 11:21:25,226600.0,100.0,289200.0
621,2021-10-01 11:21:18,226500.0,400.0,289100.0
622,2021-10-01 11:21:12,226500.0,200.0,288700.0
623,2021-10-01 11:21:08,226600.0,600.0,288500.0
624,2021-10-01 11:21:00,226500.0,100.0,287900.0
625,2021-10-01 11:20:51,226500.0,200.0,287800.0
626,2021-10-01 11:20:44,226500.0,400.0,287600.0
627,2021-10-01 11:20:37,226600.0,800.0,287200.0
628,2021-10-01 11:20:32,226500.0,300.0,286400.0
629,2021-10-01 11:20:26,226600.0,300.0,286100.0
630,2021-10-01 11:20:24,226500.0,300.0,285800.0
631,2021-10-01 11:20:09,226600.0,200.0,285500.0
632,2021-10-01 11:19:57,226600.0,400.0,285300.0
633,2021-10-01 11:19:34,226600.0,300.0,284900.0
634,2021-10-01 11:19:30,226700.0,100.0,284600.0
635,2021-10-01 11:19:27,226600.0,200.0,284500.0
636,2021-10-01 11:19:22,226600.0,800.0,284300.0
637,2021-10-01 11:19:16,226600.0,1000.0,283500.0
638,2021-10-01 11:19:08,226600.0,800.0,282500.0
639,2021-10-01 11:19:03,226700.0,1700.0,281700.0
640,2021-10-01 11:19:00,226600.0,500.0,280000.0
641,2021-10-01 11:18:53,226600.0,300.0,279500.0
642,2021-10-01 11:18:52,226700.0,100.0,279200.0
643,2021-10-01 11:18:37,226700.0,600.0,279100.0
644,2021-10-01 11:18:27,226700.0,300.0,278500.0
645,2021-10-01 11:18:22,226700.0,100.0,278200.0
646,2021-10-01 11:18:17,226700.0,100.0,278100.0
647,2021-10-01 11:18:15,226800.0,700.0,278000.0
648,2021-10-01 11:18:10,226700.0,300.0,277300.0
649,2021-10-01 11:18:04,226700.0,500.0,277000.0
650,2021-10-01 11:18:01,226800.0,600.0,276500.0
651,2021-10-01 11:17:59,226700.0,1200.0,275900.0
652,2021-10-01 11:17:50,226800.0,400.0,274700.0
653,2021-10-01 11:17:35,226800.0,200.0,274300.0
654,2021-10-01 11:17:33,226800.0,100.0,274100.0
655,2021-10-01 11:17:28,226800.0,900.0,274000.0
656,2021-10-01 11:17:21,226800.0,200.0,273100.0
657,2021-10-01 11:17:15,226800.0,300.0,272900.0
658,2021-10-01 11:17:11,226900.0,400.0,272600.0
659,2021-10-01 11:17:09,226800.0,800.0,272200.0
660,2021-10-01 11:17:02,226900.0,200.0,271400.0
661,2021-10-01 11:16:52,226800.0,100.0,271200.0
662,2021-10-01 11:16:46,226800.0,1200.0,271100.0
663,2021-10-01 11:16:22,226800.0,300.0,269900.0
664,2021-10-01 11:15:30,226800.0,400.0,269600.0
665,2021-10-01 11:14:07,226900.0,400.0,269200.0
666,2021-10-01 11:13:51,226900.0,200.0,268800.0
667,2021-10-01 11:13:24,226900.0,300.0,268600.0
668,2021-10-01 11:12:55,226900.0,100.0,268300.0
669,2021-10-01 11:11:52,226800.0,500.0,268200.0
670,2021-10-01 11:11:40,226900.0,500.0,267700.0
671,2021-10-01 11:10:38,226900.0,200.0,267200.0
672,2021-10-01 11:10:10,226900.0,100.0,267000.0
673,2021-10-01 11:09:10,226900.0,200.0,266900.0
674,2021-10-01 11:08:31,226900.0,1600.0,266700.0
675,2021-10-01 11:07:21,226800.0,500.0,265100.0
676,2021-10-01 11:06:22,226800.0,200.0,264600.0
677,2021-10-01 11:06:11,226800.0,100.0,264400.0
678,2021-10-01 11:05:56,226700.0,600.0,264300.0
679,2021-10-01 11:05:38,226800.0,100.0,263700.0
680,2021-10-01 11:04:56,226800.0,100.0,263600.0
681,2021-10-01 11:04:16,226700.0,100.0,263500.0
682,2021-10-01 11:04:08,226700.0,400.0,263400.0
683,2021-10-01 11:04:02,226700.0,300.0,263000.0
684,2021-10-01 11:03:39,226700.0,300.0,262700.0
685,2021-10-01 11:03:02,226800.0,200.0,262400.0
686,2021-10-01 11:03:00,226700.0,300.0,262200.0
687,2021-10-01 11:01:50,226800.0,800.0,261900.0
688,2021-10-01 11:01:45,226800.0,100.0,261100.0
689,2021-10-01 11:01:35,226800.0,100.0,261000.0
690,2021-10-01 11:01:25,226800.0,100.0,260900.0
691,2021-10-01 11:01:23,226800.0,200.0,260800.0
692,2021-10-01 11:01:22,226800.0,100.0,260600.0
693,2021-10-01 11:01:20,226800.0,300.0,260500.0
694,2021-10-01 11:01:19,226800.0,200.0,260200.0
695,2021-10-01 11:01:17,226800.0,100.0,260000.0
696,2021-10-01 11:01:01,226800.0,500.0,259900.0
697,2021-10-01 11:00:58,226700.0,600.0,259400.0
698,2021-10-01 10:59:54,226800.0,100.0,258800.0
699,2021-10-01 10:59:52,226800.0,200.0,258700.0
700,2021-10-01 10:58:58,226700.0,200.0,258500.0
701,2021-10-01 10:58:52,226700.0,600.0,258300.0
702,2021-10-01 10:58:46,226700.0,400.0,257700.0
703,2021-10-01 10:58:38,226700.0,500.0,257300.0
704,2021-10-01 10:58:34,226800.0,100.0,256800.0
705,2021-10-01 10:57:36,226800.0,200.0,256700.0
706,2021-10-01 10:57:32,226800.0,100.0,256500.0
707,2021-10-01 10:57:30,226800.0,200.0,256400.0
708,2021-10-01 10:57:04,226800.0,200.0,256200.0
709,2021-10-01 10:55:45,226800.0,200.0,256000.0
710,2021-10-01 10:55:43,226800.0,100.0,255800.0
711,2021-10-01 10:55:41,226700.0,300.0,255700.0
712,2021-10-01 10:55:32,226700.0,400.0,255400.0
713,2021-10-01 10:55:27,226800.0,400.0,255000.0
714,2021-10-01 10:54:34,226800.0,200.0,254600.0
715,2021-10-01 10:54:32,226800.0,100.0,254400.0
716,2021-10-01 10:54:30,226800.0,200.0,254300.0
717,2021-10-01 10:54:28,226800.0,100.0,254100.0
718,2021-10-01 10:54:25,226800.0,200.0,254000.0
719,2021-10-01 10:53:35,226700.0,800.0,253800.0
720,2021-10-01 10:53:22,226700.0,500.0,253000.0
721,2021-10-01 10:53:14,226700.0,900.0,252500.0
722,2021-10-01 10:53:02,226800.0,400.0,251600.0
723,2021-10-01 10:52:54,226800.0,400.0,251200.0
724,2021-10-01 10:52:41,226800.0,700.0,250800.0
725,2021-10-01 10:52:33,226800.0,1000.0,250100.0
726,2021-10-01 10:52:20,226800.0,500.0,249100.0
727,2021-10-01 10:52:12,226900.0,100.0,248600.0
728,2021-10-01 10:52:10,226900.0,300.0,248500.0
729,2021-10-01 10:52:09,226900.0,200.0,248200.0
730,2021-10-01 10:52:07,226900.0,100.0,248000.0
731,2021-10-01 10:52:06,226900.0,200.0,247900.0
732,2021-10-01 10:52:05,226800.0,2300.0,247700.0
733,2021-10-01 10:52:03,226800.0,200.0,245400.0
734,2021-10-01 10:52:01,226800.0,100.0,245200.0
735,2021-10-01 10:51:18,226700.0,300.0,245100.0
736,2021-10-01 10:50:33,226800.0,100.0,244800.0
737,2021-10-01 10:50:32,226900.0,100.0,244700.0
738,2021-10-01 10:50:29,226900.0,300.0,244600.0
739,2021-10-01 10:50:26,226800.0,700.0,244300.0
740,2021-10-01 10:50:25,226900.0,200.0,243600.0
741,2021-10-01 10:50:20,226800.0,300.0,243400.0
742,2021-10-01 10:50:19,226800.0,300.0,243100.0
743,2021-10-01 10:50:15,226800.0,200.0,242800.0
744,2021-10-01 10:50:08,226800.0,800.0,242600.0
745,2021-10-01 10:50:01,226800.0,1200.0,241800.0
746,2021-10-01 10:49:41,226900.0,1000.0,240600.0
747,2021-10-01 10:49:40,226900.0,600.0,239600.0
748,2021-10-01 10:49:30,226900.0,500.0,239000.0
749,2021-10-01 10:49:16,227000.0,200.0,238500.0
750,2021-10-01 10:49:14,227000.0,100.0,238300.0
751,2021-10-01 10:49:12,227000.0,300.0,238200.0
752,2021-10-01 10:49:10,226900.0,100.0,237900.0
753,2021-10-01 10:49:07,227000.0,300.0,237800.0
754,2021-10-01 10:48:24,227000.0,300.0,237500.0
755,2021-10-01 10:48:18,227100.0,200.0,237200.0
756,2021-10-01 10:48:16,227100.0,100.0,237000.0
757,2021-10-01 10:48:14,227000.0,500.0,236900.0
758,2021-10-01 10:48:13,227100.0,100.0,236400.0
759,2021-10-01 10:48:09,227000.0,600.0,236300.0
760,2021-10-01 10:48:02,227000.0,500.0,235700.0
761,2021-10-01 10:47:56,227000.0,400.0,235200.0
762,2021-10-01 10:47:47,227000.0,900.0,234800.0
763,2021-10-01 10:47:42,227000.0,400.0,233900.0
764,2021-10-01 10:47:38,227000.0,600.0,233500.0
765,2021-10-01 10:47:32,227000.0,500.0,232900.0
766,2021-10-01 10:47:23,227100.0,100.0,232400.0
767,2021-10-01 10:47:21,227100.0,800.0,232300.0
768,2021-10-01 10:47:19,227200.0,100.0,231500.0
769,2021-10-01 10:47:17,227200.0,200.0,231400.0
770,2021-10-01 10:47:16,227200.0,100.0,231200.0
771,2021-10-01 10:47:14,227200.0,200.0,231100.0
772,2021-10-01 10:47:05,227100.0,500.0,230900.0
773,2021-10-01 10:46:53,227200.0,200.0,230400.0
774,2021-10-01 10:46:50,227200.0,100.0,230200.0
775,2021-10-01 10:46:29,227100.0,600.0,230100.0
776,2021-10-01 10:46:24,227200.0,100.0,229500.0
777,2021-10-01 10:46:19,227100.0,500.0,229400.0
778,2021-10-01 10:46:13,227100.0,500.0,228900.0
779,2021-10-01 10:46:12,227200.0,100.0,228400.0
780,2021-10-01 10:46:04,227200.0,200.0,228300.0
781,2021-10-01 10:45:57,227100.0,200.0,228100.0
782,2021-10-01 10:45:51,227100.0,300.0,227900.0
783,2021-10-01 10:45:38,227100.0,300.0,227600.0
784,2021-10-01 10:45:10,227200.0,400.0,227300.0
785,2021-10-01 10:44:26,227200.0,200.0,226900.0
786,2021-10-01 10:44:15,227200.0,200.0,226700.0
787,2021-10-01 10:44:14,227200.0,100.0,226500.0
788,2021-10-01 10:44:12,227200.0,200.0,226400.0
789,2021-10-01 10:44:10,227200.0,100.0,226200.0
790,2021-10-01 10:44:07,227200.0,200.0,226100.0
791,2021-10-01 10:44:06,227200.0,100.0,225900.0
792,2021-10-01 10:43:40,227200.0,200.0,225800.0
793,2021-10-01 10:43:39,227200.0,100.0,225600.0
794,2021-10-01 10:43:20,227200.0,300.0,225500.0
795,2021-10-01 10:43:19,227200.0,200.0,225200.0
796,2021-10-01 10:43:18,227200.0,100.0,225000.0
797,2021-10-01 10:43:17,227200.0,100.0,224900.0
798,2021-10-01 10:43:15,227200.0,200.0,224800.0
799,2021-10-01 10:43:03,227000.0,300.0,224600.0
800,2021-10-01 10:42:42,227000.0,300.0,224300.0
801,2021-10-01 10:42:23,227200.0,100.0,224000.0
802,2021-10-01 10:42:21,227200.0,200.0,223900.0
803,2021-10-01 10:42:19,227200.0,100.0,223700.0
804,2021-10-01 10:42:17,227100.0,200.0,223600.0
805,2021-10-01 10:42:15,227100.0,100.0,223400.0
806,2021-10-01 10:42:14,227100.0,200.0,223300.0
807,2021-10-01 10:42:12,227100.0,100.0,223100.0
808,2021-10-01 10:42:11,227100.0,200.0,223000.0
809,2021-10-01 10:42:09,227100.0,100.0,222800.0
810,2021-10-01 10:42:08,227100.0,200.0,222700.0
811,2021-10-01 10:42:07,227100.0,100.0,222500.0
812,2021-10-01 10:42:03,227100.0,1100.0,222400.0
813,2021-10-01 10:41:16,227000.0,100.0,221300.0
814,2021-10-01 10:40:37,227000.0,600.0,221200.0
815,2021-10-01 10:40:30,227000.0,300.0,220600.0
816,2021-10-01 10:40:29,227100.0,200.0,220300.0
817,2021-10-01 10:40:20,227000.0,500.0,220100.0
818,2021-10-01 10:39:44,227000.0,100.0,219600.0
819,2021-10-01 10:39:25,227000.0,100.0,219500.0
820,2021-10-01 10:39:01,227000.0,100.0,219400.0
821,2021-10-01 10:38:59,227000.0,200.0,219300.0
822,2021-10-01 10:38:57,227000.0,100.0,219100.0
823,2021-10-01 10:38:55,227000.0,200.0,219000.0
824,2021-10-01 10:38:54,227000.0,100.0,218800.0
825,2021-10-01 10:38:52,227000.0,200.0,218700.0
826,2021-10-01 10:38:50,227000.0,100.0,218500.0
827,2021-10-01 10:38:06,227000.0,300.0,218400.0
828,2021-10-01 10:37:32,226900.0,300.0,218100.0
829,2021-10-01 10:37:23,226900.0,500.0,217800.0
830,2021-10-01 10:37:07,227000.0,300.0,217300.0
831,2021-10-01 10:37:05,227000.0,200.0,217000.0
832,2021-10-01 10:37:04,227000.0,100.0,216800.0
833,2021-10-01 10:37:02,227000.0,300.0,216700.0
834,2021-10-01 10:37:00,227000.0,200.0,216400.0
835,2021-10-01 10:35:49,227000.0,100.0,216200.0
836,2021-10-01 10:35:47,226900.0,300.0,216100.0
837,2021-10-01 10:35:40,227000.0,100.0,215800.0
838,2021-10-01 10:35:38,227000.0,200.0,215700.0
839,2021-10-01 10:35:36,227000.0,100.0,215500.0
840,2021-10-01 10:35:34,227000.0,200.0,215400.0
841,2021-10-01 10:35:32,227000.0,100.0,215200.0
842,2021-10-01 10:35:30,227000.0,200.0,215100.0
843,2021-10-01 10:35:03,227000.0,200.0,214900.0
844,2021-10-01 10:35:01,227000.0,100.0,214700.0
845,2021-10-01 10:34:59,227000.0,300.0,214600.0
846,2021-10-01 10:34:14,226900.0,400.0,214300.0
847,2021-10-01 10:34:09,226900.0,300.0,213900.0
848,2021-10-01 10:34:05,226900.0,200.0,213600.0
849,2021-10-01 10:34:04,227000.0,300.0,213400.0
850,2021-10-01 10:33:59,226900.0,400.0,213100.0
851,2021-10-01 10:33:55,226900.0,300.0,212700.0
852,2021-10-01 10:33:51,227000.0,100.0,212400.0
853,2021-10-01 10:33:49,227000.0,200.0,212300.0
854,2021-10-01 10:33:46,226900.0,500.0,212100.0
855,2021-10-01 10:33:35,226800.0,200.0,211600.0
856,2021-10-01 10:33:07,227000.0,1100.0,211400.0
857,2021-10-01 10:33:05,226800.0,500.0,210300.0
858,2021-10-01 10:32:52,227000.0,100.0,209800.0
859,2021-10-01 10:32:50,227000.0,200.0,209700.0
860,2021-10-01 10:32:46,226800.0,600.0,209500.0
861,2021-10-01 10:32:40,226800.0,500.0,208900.0
862,2021-10-01 10:32:33,226800.0,400.0,208400.0
863,2021-10-01 10:32:31,227000.0,100.0,208000.0
864,2021-10-01 10:32:29,227000.0,200.0,207900.0
865,2021-10-01 10:32:23,226800.0,200.0,207700.0
866,2021-10-01 10:32:20,226900.0,100.0,207500.0
867,2021-10-01 10:32:18,226900.0,300.0,207400.0
868,2021-10-01 10:32:16,226900.0,200.0,207100.0
869,2021-10-01 10:32:13,226800.0,400.0,206900.0
870,2021-10-01 10:32:12,226900.0,100.0,206500.0
871,2021-10-01 10:32:09,226900.0,200.0,206400.0
872,2021-10-01 10:32:06,226800.0,500.0,206200.0
873,2021-10-01 10:32:05,226900.0,100.0,205700.0
874,2021-10-01 10:32:04,226900.0,100.0,205600.0
875,2021-10-01 10:32:02,226900.0,200.0,205500.0
876,2021-10-01 10:32:00,226900.0,300.0,205300.0
877,2021-10-01 10:31:59,226900.0,200.0,205000.0
878,2021-10-01 10:31:33,226900.0,300.0,204800.0
879,2021-10-01 10:30:40,226900.0,100.0,204500.0
880,2021-10-01 10:30:39,226900.0,300.0,204400.0
881,2021-10-01 10:30:38,226900.0,200.0,204100.0
882,2021-10-01 10:30:36,226900.0,100.0,203900.0
883,2021-10-01 10:30:34,226900.0,200.0,203800.0
884,2021-10-01 10:30:32,226900.0,100.0,203600.0
885,2021-10-01 10:30:30,226900.0,200.0,203500.0
886,2021-10-01 10:30:29,226900.0,100.0,203300.0
887,2021-10-01 10:29:25,226900.0,100.0,203200.0
888,2021-10-01 10:29:23,226900.0,200.0,203100.0
889,2021-10-01 10:29:21,226900.0,100.0,202900.0
890,2021-10-01 10:29:20,226900.0,200.0,202800.0
891,2021-10-01 10:29:18,226900.0,100.0,202600.0
892,2021-10-01 10:29:17,226900.0,200.0,202500.0
893,2021-10-01 10:29:16,226900.0,100.0,202300.0
894,2021-10-01 10:29:14,226900.0,200.0,202200.0
895,2021-10-01 10:29:12,226900.0,200.0,202000.0
896,2021-10-01 10:29:05,226900.0,100.0,201800.0
897,2021-10-01 10:28:59,226900.0,1200.0,201700.0
898,2021-10-01 10:28:55,226900.0,500.0,200500.0
899,2021-10-01 10:28:47,226900.0,500.0,200000.0
900,2021-10-01 10:28:43,227000.0,100.0,199500.0
901,2021-10-01 10:28:40,227000.0,300.0,199400.0
902,2021-10-01 10:28:39,226900.0,300.0,199100.0
903,2021-10-01 10:28:35,226900.0,400.0,198800.0
904,2021-10-01 10:28:28,226900.0,300.0,198400.0
905,2021-10-01 10:28:27,226900.0,300.0,198100.0
906,2021-10-01 10:28:21,226900.0,500.0,197800.0
907,2021-10-01 10:27:57,227000.0,200.0,197300.0
908,2021-10-01 10:27:09,227000.0,600.0,197100.0
909,2021-10-01 10:27:01,227000.0,300.0,196500.0
910,2021-10-01 10:26:55,227000.0,500.0,196200.0
911,2021-10-01 10:26:50,227000.0,1000.0,195700.0
912,2021-10-01 10:26:33,227000.0,200.0,194700.0
913,2021-10-01 10:26:18,227100.0,200.0,194500.0
914,2021-10-01 10:26:17,227100.0,300.0,194300.0
915,2021-10-01 10:26:16,227100.0,200.0,194000.0
916,2021-10-01 10:26:15,227100.0,300.0,193800.0
917,2021-10-01 10:26:13,227100.0,200.0,193500.0
918,2021-10-01 10:26:11,227100.0,100.0,193300.0
919,2021-10-01 10:26:10,227000.0,1200.0,193200.0
920,2021-10-01 10:25:20,227100.0,200.0,192000.0
921,2021-10-01 10:24:47,227000.0,300.0,191800.0
922,2021-10-01 10:24:46,227100.0,100.0,191500.0
923,2021-10-01 10:24:45,227100.0,200.0,191400.0
924,2021-10-01 10:24:44,227100.0,100.0,191200.0
925,2021-10-01 10:24:41,227100.0,200.0,191100.0
926,2021-10-01 10:24:40,227100.0,100.0,190900.0
927,2021-10-01 10:24:16,227100.0,500.0,190800.0
928,2021-10-01 10:24:04,227000.0,100.0,190300.0
929,2021-10-01 10:24:01,227000.0,500.0,190200.0
930,2021-10-01 10:23:06,227100.0,300.0,189700.0
931,2021-10-01 10:22:59,227100.0,100.0,189400.0
932,2021-10-01 10:22:43,227100.0,100.0,189300.0
933,2021-10-01 10:22:41,227100.0,200.0,189200.0
934,2021-10-01 10:22:40,227100.0,100.0,189000.0
935,2021-10-01 10:22:38,227100.0,200.0,188900.0
936,2021-10-01 10:22:36,227100.0,100.0,188700.0
937,2021-10-01 10:22:34,227100.0,300.0,188600.0
938,2021-10-01 10:21:48,227100.0,400.0,188300.0
939,2021-10-01 10:21:25,227000.0,300.0,187900.0
940,2021-10-01 10:20:44,227100.0,300.0,187600.0
941,2021-10-01 10:19:46,227100.0,100.0,187300.0
942,2021-10-01 10:19:08,227000.0,300.0,187200.0
943,2021-10-01 10:19:07,227000.0,300.0,186900.0
944,2021-10-01 10:18:34,227100.0,300.0,186600.0
945,2021-10-01 10:18:17,227000.0,300.0,186300.0
946,2021-10-01 10:17:30,227100.0,1400.0,186000.0
947,2021-10-01 10:16:46,227100.0,300.0,184600.0
948,2021-10-01 10:15:51,227000.0,500.0,184300.0
949,2021-10-01 10:15:46,227000.0,300.0,183800.0
950,2021-10-01 10:15:24,227100.0,500.0,183500.0
951,2021-10-01 10:15:05,226900.0,100.0,183000.0
952,2021-10-01 10:15:02,227100.0,100.0,182900.0
953,2021-10-01 10:15:00,227100.0,200.0,182800.0
954,2021-10-01 10:14:59,226900.0,400.0,182600.0
955,2021-10-01 10:14:57,227000.0,200.0,182200.0
956,2021-10-01 10:14:55,227000.0,100.0,182000.0
957,2021-10-01 10:14:53,227000.0,200.0,181900.0
958,2021-10-01 10:14:51,227000.0,100.0,181700.0
959,2021-10-01 10:14:50,227000.0,200.0,181600.0
960,2021-10-01 10:14:23,226900.0,700.0,181400.0
961,2021-10-01 10:13:24,227000.0,300.0,180700.0
962,2021-10-01 10:13:13,226900.0,400.0,180400.0
963,2021-10-01 10:13:09,226900.0,300.0,180000.0
964,2021-10-01 10:13:07,227000.0,400.0,179700.0
965,2021-10-01 10:13:00,226900.0,200.0,179300.0
966,2021-10-01 10:12:36,227000.0,200.0,179100.0
967,2021-10-01 10:12:26,227000.0,400.0,178900.0
968,2021-10-01 10:12:05,227000.0,200.0,178500.0
969,2021-10-01 10:12:03,227000.0,100.0,178300.0
970,2021-10-01 10:12:01,227000.0,300.0,178200.0
971,2021-10-01 10:12:00,227000.0,200.0,177900.0
972,2021-10-01 10:11:06,227000.0,600.0,177700.0
973,2021-10-01 10:10:21,227000.0,100.0,177100.0
974,2021-10-01 10:09:57,226900.0,100.0,177000.0
975,2021-10-01 10:09:46,226900.0,200.0,176900.0
976,2021-10-01 10:09:04,226900.0,200.0,176700.0
977,2021-10-01 10:08:45,226900.0,100.0,176500.0
978,2021-10-01 10:08:43,226900.0,300.0,176400.0
979,2021-10-01 10:08:42,226900.0,200.0,176100.0
980,2021-10-01 10:08:40,226900.0,100.0,175900.0
981,2021-10-01 10:08:32,226800.0,200.0,175800.0
982,2021-10-01 10:08:08,226900.0,100.0,175600.0
983,2021-10-01 10:07:23,226900.0,400.0,175500.0
984,2021-10-01 10:07:10,226800.0,100.0,175100.0
985,2021-10-01 10:06:54,226800.0,500.0,175000.0
986,2021-10-01 10:06:11,226900.0,200.0,174500.0
987,2021-10-01 10:05:26,226900.0,400.0,174300.0
988,2021-10-01 10:05:19,226900.0,300.0,173900.0
989,2021-10-01 10:05:04,226800.0,100.0,173600.0
990,2021-10-01 10:04:59,226800.0,200.0,173500.0
991,2021-10-01 10:04:54,226800.0,400.0,173300.0
992,2021-10-01 10:04:34,226800.0,100.0,172900.0
993,2021-10-01 10:04:29,226900.0,100.0,172800.0
994,2021-10-01 10:04:28,226900.0,400.0,172700.0
995,2021-10-01 10:04:27,226900.0,200.0,172300.0
996,2021-10-01 10:04:25,226900.0,100.0,172100.0
997,2021-10-01 10:04:09,226900.0,300.0,172000.0
998,2021-10-01 10:04:07,226900.0,200.0,171700.0
999,2021-10-01 10:04:05,226900.0,100.0,171500.0
1000,2021-10-01 10:04:04,226900.0,100.0,171400.0
1001,2021-10-01 10:03:39,226800.0,300.0,171300.0
1002,2021-10-01 10:03:38,226900.0,200.0,171000.0
1003,2021-10-01 10:03:17,226900.0,1700.0,170800.0
1004,2021-10-01 10:02:52,226900.0,100.0,169100.0
1005,2021-10-01 10:02:44,226800.0,200.0,169000.0
1006,2021-10-01 10:02:25,226900.0,200.0,168800.0
1007,2021-10-01 10:02:24,226900.0,100.0,168600.0
1008,2021-10-01 10:02:22,226900.0,200.0,168500.0
1009,2021-10-01 10:02:21,226900.0,100.0,168300.0
1010,2021-10-01 10:02:18,226900.0,200.0,168200.0
1011,2021-10-01 10:02:07,226900.0,500.0,168000.0
1012,2021-10-01 10:02:01,226900.0,500.0,167500.0
1013,2021-10-01 10:01:55,226900.0,1200.0,167000.0
1014,2021-10-01 10:01:34,227000.0,400.0,165800.0
1015,2021-10-01 10:01:31,227100.0,200.0,165400.0
1016,2021-10-01 10:01:29,227000.0,1200.0,165200.0
1017,2021-10-01 10:01:26,227000.0,200.0,164000.0
1018,2021-10-01 10:01:23,227000.0,100.0,163800.0
1019,2021-10-01 10:01:18,227000.0,200.0,163700.0
1020,2021-10-01 10:01:00,227100.0,500.0,163500.0
1021,2021-10-01 10:00:54,227100.0,1100.0,163000.0
1022,2021-10-01 10:00:49,227100.0,300.0,161900.0
1023,2021-10-01 10:00:35,227200.0,300.0,161600.0
1024,2021-10-01 10:00:32,227200.0,300.0,161300.0
1025,2021-10-01 10:00:29,227200.0,500.0,161000.0
1026,2021-10-01 10:00:22,227200.0,1200.0,160500.0
1027,2021-10-01 10:00:16,227200.0,500.0,159300.0
1028,2021-10-01 09:59:55,227300.0,800.0,158800.0
1029,2021-10-01 09:59:53,227300.0,500.0,158000.0
1030,2021-10-01 09:59:49,227300.0,200.0,157500.0
1031,2021-10-01 09:59:42,227300.0,1000.0,157300.0
1032,2021-10-01 09:59:37,227300.0,800.0,156300.0
1033,2021-10-01 09:59:30,227300.0,700.0,155500.0
1034,2021-10-01 09:59:25,227300.0,1200.0,154800.0
1035,2021-10-01 09:59:17,227400.0,100.0,153600.0
1036,2021-10-01 09:59:11,227400.0,100.0,153500.0
1037,2021-10-01 09:58:58,227500.0,200.0,153400.0
1038,2021-10-01 09:58:56,227500.0,100.0,153200.0
1039,2021-10-01 09:58:55,227500.0,300.0,153100.0
1040,2021-10-01 09:58:53,227500.0,200.0,152800.0
1041,2021-10-01 09:58:51,227400.0,100.0,152600.0
1042,2021-10-01 09:58:50,227400.0,300.0,152500.0
1043,2021-10-01 09:58:48,227500.0,200.0,152200.0
1044,2021-10-01 09:58:42,227400.0,800.0,152000.0
1045,2021-10-01 09:58:37,227400.0,1500.0,151200.0
1046,2021-10-01 09:58:31,227400.0,300.0,149700.0
1047,2021-10-01 09:58:18,227500.0,300.0,149400.0
1048,2021-10-01 09:58:10,227500.0,400.0,149100.0
1049,2021-10-01 09:58:04,227500.0,300.0,148700.0
1050,2021-10-01 09:57:54,227500.0,1200.0,148400.0
1051,2021-10-01 09:57:50,227500.0,400.0,147200.0
1052,2021-10-01 09:57:43,227500.0,300.0,146800.0
1053,2021-10-01 09:57:35,227600.0,100.0,146500.0
1054,2021-10-01 09:57:29,227600.0,300.0,146400.0
1055,2021-10-01 09:57:22,227600.0,300.0,146100.0
1056,2021-10-01 09:57:14,227600.0,100.0,145800.0
1057,2021-10-01 09:57:08,227700.0,1000.0,145700.0
1058,2021-10-01 09:57:02,227600.0,1200.0,144700.0
1059,2021-10-01 09:57:00,227700.0,100.0,143500.0
1060,2021-10-01 09:56:58,227700.0,300.0,143400.0
1061,2021-10-01 09:56:56,227700.0,200.0,143100.0
1062,2021-10-01 09:56:55,227600.0,500.0,142900.0
1063,2021-10-01 09:56:38,227700.0,600.0,142400.0
1064,2021-10-01 09:56:28,227700.0,800.0,141800.0
1065,2021-10-01 09:56:22,227700.0,300.0,141000.0
1066,2021-10-01 09:56:21,227700.0,1200.0,140700.0
1067,2021-10-01 09:56:16,227800.0,100.0,139500.0
1068,2021-10-01 09:55:58,227800.0,100.0,139400.0
1069,2021-10-01 09:55:50,227800.0,300.0,139300.0
1070,2021-10-01 09:55:42,227800.0,400.0,139000.0
1071,2021-10-01 09:55:35,227800.0,500.0,138600.0
1072,2021-10-01 09:55:32,227800.0,100.0,138100.0
1073,2021-10-01 09:55:27,227800.0,300.0,138000.0
1074,2021-10-01 09:55:22,227800.0,500.0,137700.0
1075,2021-10-01 09:55:17,227800.0,300.0,137200.0
1076,2021-10-01 09:55:11,227900.0,100.0,136900.0
1077,2021-10-01 09:55:06,227900.0,100.0,136800.0
1078,2021-10-01 09:55:05,227900.0,300.0,136700.0
1079,2021-10-01 09:55:03,227900.0,100.0,136400.0
1080,2021-10-01 09:55:01,227900.0,200.0,136300.0
1081,2021-10-01 09:54:59,227800.0,300.0,136100.0
1082,2021-10-01 09:54:35,227900.0,200.0,135800.0
1083,2021-10-01 09:54:28,227900.0,500.0,135600.0
1084,2021-10-01 09:54:16,227900.0,200.0,135100.0
1085,2021-10-01 09:54:08,227900.0,1300.0,134900.0
1086,2021-10-01 09:54:07,228000.0,200.0,133600.0
1087,2021-10-01 09:54:05,228000.0,100.0,133400.0
1088,2021-10-01 09:54:03,228000.0,200.0,133300.0
1089,2021-10-01 09:54:00,227900.0,500.0,133100.0
1090,2021-10-01 09:53:54,228000.0,200.0,132600.0
1091,2021-10-01 09:53:46,227900.0,400.0,132400.0
1092,2021-10-01 09:53:09,228000.0,100.0,132000.0
1093,2021-10-01 09:53:06,228000.0,200.0,131900.0
1094,2021-10-01 09:53:04,228000.0,100.0,131700.0
1095,2021-10-01 09:52:47,227900.0,100.0,131600.0
1096,2021-10-01 09:52:34,227900.0,300.0,131500.0
1097,2021-10-01 09:52:29,227900.0,200.0,131200.0
1098,2021-10-01 09:52:27,227900.0,100.0,131000.0
1099,2021-10-01 09:52:26,227900.0,200.0,130900.0
1100,2021-10-01 09:52:24,227900.0,100.0,130700.0
1101,2021-10-01 09:51:30,227900.0,200.0,130600.0
1102,2021-10-01 09:51:08,227800.0,400.0,130400.0
1103,2021-10-01 09:50:47,227900.0,200.0,130000.0
1104,2021-10-01 09:50:37,227800.0,400.0,129800.0
1105,2021-10-01 09:50:32,227800.0,300.0,129400.0
1106,2021-10-01 09:50:28,227800.0,100.0,129100.0
1107,2021-10-01 09:50:12,227800.0,100.0,129000.0
1108,2021-10-01 09:50:02,227900.0,100.0,128900.0
1109,2021-10-01 09:49:12,227800.0,300.0,128800.0
1110,2021-10-01 09:49:04,227900.0,600.0,128500.0
1111,2021-10-01 09:49:02,227900.0,100.0,127900.0
1112,2021-10-01 09:49:00,227900.0,200.0,127800.0
1113,2021-10-01 09:48:14,227900.0,300.0,127600.0
1114,2021-10-01 09:47:36,227900.0,300.0,127300.0
1115,2021-10-01 09:47:34,227900.0,100.0,127000.0
1116,2021-10-01 09:47:33,227900.0,200.0,126900.0
1117,2021-10-01 09:47:23,227900.0,200.0,126700.0
1118,2021-10-01 09:47:21,227900.0,100.0,126500.0
1119,2021-10-01 09:47:19,227900.0,300.0,126400.0
1120,2021-10-01 09:47:17,227900.0,200.0,126100.0
1121,2021-10-01 09:47:15,227900.0,100.0,125900.0
1122,2021-10-01 09:47:13,227900.0,200.0,125800.0
1123,2021-10-01 09:47:12,227900.0,100.0,125600.0
1124,2021-10-01 09:47:03,227900.0,2300.0,125500.0
1125,2021-10-01 09:46:44,227900.0,100.0,123200.0
1126,2021-10-01 09:45:45,227900.0,500.0,123100.0
1127,2021-10-01 09:45:42,227900.0,100.0,122600.0
1128,2021-10-01 09:45:40,227900.0,200.0,122500.0
1129,2021-10-01 09:44:49,227800.0,500.0,122300.0
1130,2021-10-01 09:44:44,227800.0,300.0,121800.0
1131,2021-10-01 09:44:39,227800.0,400.0,121500.0
1132,2021-10-01 09:44:31,227800.0,300.0,121100.0
1133,2021-10-01 09:44:27,227900.0,300.0,120800.0
1134,2021-10-01 09:43:50,227900.0,400.0,120500.0
1135,2021-10-01 09:43:15,227900.0,200.0,120100.0
1136,2021-10-01 09:42:45,227900.0,200.0,119900.0
1137,2021-10-01 09:42:43,227900.0,100.0,119700.0
1138,2021-10-01 09:42:41,227900.0,100.0,119600.0
1139,2021-10-01 09:42:39,227900.0,200.0,119500.0
1140,2021-10-01 09:42:38,227900.0,100.0,119300.0
1141,2021-10-01 09:42:30,227800.0,600.0,119200.0
1142,2021-10-01 09:42:27,227900.0,100.0,118600.0
1143,2021-10-01 09:41:46,227900.0,500.0,118500.0
1144,2021-10-01 09:41:08,227900.0,300.0,118000.0
1145,2021-10-01 09:40:54,227900.0,100.0,117700.0
1146,2021-10-01 09:40:52,227800.0,200.0,117600.0
1147,2021-10-01 09:40:45,227800.0,100.0,117400.0
1148,2021-10-01 09:40:43,227800.0,300.0,117300.0
1149,2021-10-01 09:40:42,227800.0,200.0,117000.0
1150,2021-10-01 09:40:40,227800.0,100.0,116800.0
1151,2021-10-01 09:40:39,227800.0,200.0,116700.0
1152,2021-10-01 09:40:38,227700.0,100.0,116500.0
1153,2021-10-01 09:40:37,227800.0,100.0,116400.0
1154,2021-10-01 09:40:26,227800.0,200.0,116300.0
1155,2021-10-01 09:40:22,227700.0,500.0,116100.0
1156,2021-10-01 09:39:56,227700.0,300.0,115600.0
1157,2021-10-01 09:39:32,227800.0,200.0,115300.0
1158,2021-10-01 09:38:48,227700.0,500.0,115100.0
1159,2021-10-01 09:38:41,227800.0,1600.0,114600.0
1160,2021-10-01 09:38:15,227800.0,100.0,113000.0
1161,2021-10-01 09:38:13,227800.0,200.0,112900.0
1162,2021-10-01 09:38:12,227800.0,100.0,112700.0
1163,2021-10-01 09:38:10,227800.0,300.0,112600.0
1164,2021-10-01 09:37:55,227800.0,400.0,112300.0
1165,2021-10-01 09:36:41,227800.0,200.0,111900.0
1166,2021-10-01 09:36:39,227800.0,100.0,111700.0
1167,2021-10-01 09:36:36,227800.0,200.0,111600.0
1168,2021-10-01 09:36:35,227800.0,400.0,111400.0
1169,2021-10-01 09:36:33,227800.0,300.0,111000.0
1170,2021-10-01 09:36:32,227800.0,200.0,110700.0
1171,2021-10-01 09:36:30,227800.0,100.0,110500.0
1172,2021-10-01 09:35:53,227800.0,100.0,110400.0
1173,2021-10-01 09:35:37,227700.0,300.0,110300.0
1174,2021-10-01 09:35:32,227800.0,100.0,110000.0
1175,2021-10-01 09:35:30,227800.0,200.0,109900.0
1176,2021-10-01 09:35:28,227800.0,100.0,109700.0
1177,2021-10-01 09:35:27,227800.0,300.0,109600.0
1178,2021-10-01 09:35:25,227800.0,200.0,109300.0
1179,2021-10-01 09:34:53,227800.0,200.0,109100.0
1180,2021-10-01 09:34:42,227700.0,300.0,108900.0
1181,2021-10-01 09:34:08,227800.0,100.0,108600.0
1182,2021-10-01 09:33:42,227800.0,100.0,108500.0
1183,2021-10-01 09:33:40,227800.0,200.0,108400.0
1184,2021-10-01 09:33:23,227700.0,300.0,108200.0
1185,2021-10-01 09:33:16,227700.0,100.0,107900.0
1186,2021-10-01 09:33:09,227700.0,100.0,107800.0
1187,2021-10-01 09:33:00,227700.0,200.0,107700.0
1188,2021-10-01 09:32:57,227800.0,300.0,107500.0
1189,2021-10-01 09:32:40,227700.0,200.0,107200.0
1190,2021-10-01 09:32:23,227700.0,500.0,107000.0
1191,2021-10-01 09:32:19,227800.0,1400.0,106500.0
1192,2021-10-01 09:32:00,227700.0,100.0,105100.0
1193,2021-10-01 09:31:54,227800.0,400.0,105000.0
1194,2021-10-01 09:31:49,227700.0,100.0,104600.0
1195,2021-10-01 09:31:48,227800.0,200.0,104500.0
1196,2021-10-01 09:31:46,227800.0,100.0,104300.0
1197,2021-10-01 09:31:44,227800.0,100.0,104200.0
1198,2021-10-01 09:31:43,227700.0,300.0,104100.0
1199,2021-10-01 09:31:03,227800.0,200.0,103800.0
1200,2021-10-01 09:30:40,227800.0,100.0,103600.0
1201,2021-10-01 09:30:08,227800.0,200.0,103500.0
1202,2021-10-01 09:29:25,227600.0,900.0,103300.0
1203,2021-10-01 09:28:53,227600.0,100.0,102400.0
1204,2021-10-01 09:28:45,227600.0,400.0,102300.0
1205,2021-10-01 09:28:17,227800.0,200.0,101900.0
1206,2021-10-01 09:27:42,227800.0,400.0,101700.0
1207,2021-10-01 09:27:13,227800.0,200.0,101300.0
1208,2021-10-01 09:27:09,227800.0,200.0,101100.0
1209,2021-10-01 09:27:05,227800.0,100.0,100900.0
1210,2021-10-01 09:27:01,227800.0,300.0,100800.0
1211,2021-10-01 09:26:59,227800.0,200.0,100500.0
1212,2021-10-01 09:26:52,227800.0,100.0,100300.0
1213,2021-10-01 09:26:50,227800.0,1100.0,100200.0
1214,2021-10-01 09:26:45,227800.0,100.0,99100.0
1215,2021-10-01 09:26:40,227900.0,600.0,99000.0
1216,2021-10-01 09:26:39,227800.0,1200.0,98400.0
1217,2021-10-01 09:26:32,227800.0,200.0,97200.0
1218,2021-10-01 09:26:29,227900.0,200.0,97000.0
1219,2021-10-01 09:26:28,227900.0,100.0,96800.0
1220,2021-10-01 09:26:25,227900.0,300.0,96700.0
1221,2021-10-01 09:26:21,227800.0,200.0,96400.0
1222,2021-10-01 09:26:14,227900.0,200.0,96200.0
1223,2021-10-01 09:26:02,227900.0,600.0,96000.0
1224,2021-10-01 09:25:56,227900.0,1000.0,95400.0
1225,2021-10-01 09:25:50,227900.0,1500.0,94400.0
1226,2021-10-01 09:25:43,228000.0,200.0,92900.0
1227,2021-10-01 09:25:42,227900.0,2000.0,92700.0
1228,2021-10-01 09:25:38,228000.0,400.0,90700.0
1229,2021-10-01 09:25:25,228000.0,200.0,90300.0
1230,2021-10-01 09:25:21,228000.0,300.0,90100.0
1231,2021-10-01 09:25:18,228100.0,100.0,89800.0
1232,2021-10-01 09:25:10,228000.0,2000.0,89700.0
1233,2021-10-01 09:25:09,228100.0,200.0,87700.0
1234,2021-10-01 09:25:08,228100.0,100.0,87500.0
1235,2021-10-01 09:24:56,228100.0,2100.0,87400.0
1236,2021-10-01 09:24:39,228100.0,200.0,85300.0
1237,2021-10-01 09:24:32,228000.0,1500.0,85100.0
1238,2021-10-01 09:24:15,228100.0,100.0,83600.0
1239,2021-10-01 09:24:13,228100.0,600.0,83500.0
1240,2021-10-01 09:24:12,228100.0,100.0,82900.0
1241,2021-10-01 09:24:11,228100.0,200.0,82800.0
1242,2021-10-01 09:24:09,228100.0,100.0,82600.0
1243,2021-10-01 09:24:07,228100.0,200.0,82500.0
1244,2021-10-01 09:24:06,228100.0,100.0,82300.0
1245,2021-10-01 09:24:00,228100.0,200.0,82200.0
1246,2021-10-01 09:23:57,228100.0,100.0,82000.0
1247,2021-10-01 09:23:53,228000.0,200.0,81900.0
1248,2021-10-01 09:23:46,228100.0,300.0,81700.0
1249,2021-10-01 09:23:33,228100.0,100.0,81400.0
1250,2021-10-01 09:23:23,228100.0,500.0,81300.0
1251,2021-10-01 09:23:10,228100.0,1000.0,80800.0
1252,2021-10-01 09:23:08,228200.0,700.0,79800.0
1253,2021-10-01 09:23:04,228100.0,1200.0,79100.0
1254,2021-10-01 09:22:53,228200.0,200.0,77900.0
1255,2021-10-01 09:22:52,228100.0,100.0,77700.0
1256,2021-10-01 09:22:46,228100.0,300.0,77600.0
1257,2021-10-01 09:22:40,228100.0,500.0,77300.0
1258,2021-10-01 09:22:35,228100.0,200.0,76800.0
1259,2021-10-01 09:22:29,228200.0,100.0,76600.0
1260,2021-10-01 09:22:13,228200.0,500.0,76500.0
1261,2021-10-01 09:22:07,228200.0,500.0,76000.0
1262,2021-10-01 09:22:03,228300.0,300.0,75500.0
1263,2021-10-01 09:21:59,228200.0,100.0,75200.0
1264,2021-10-01 09:21:58,228300.0,100.0,75100.0
1265,2021-10-01 09:21:57,228300.0,200.0,75000.0
1266,2021-10-01 09:21:55,228300.0,100.0,74800.0
1267,2021-10-01 09:21:54,228200.0,1000.0,74700.0
1268,2021-10-01 09:21:38,228300.0,1100.0,73700.0
1269,2021-10-01 09:21:30,228200.0,1200.0,72600.0
1270,2021-10-01 09:21:24,228200.0,200.0,71400.0
1271,2021-10-01 09:21:12,228300.0,200.0,71200.0
1272,2021-10-01 09:21:11,228300.0,100.0,71000.0
1273,2021-10-01 09:21:10,228300.0,100.0,70900.0
1274,2021-10-01 09:21:09,228200.0,600.0,70800.0
1275,2021-10-01 09:21:03,228200.0,100.0,70200.0
1276,2021-10-01 09:20:59,228300.0,300.0,70100.0
1277,2021-10-01 09:20:44,228300.0,100.0,69800.0
1278,2021-10-01 09:20:39,228300.0,400.0,69700.0
1279,2021-10-01 09:20:33,228300.0,1200.0,69300.0
1280,2021-10-01 09:20:32,228400.0,200.0,68100.0
1281,2021-10-01 09:20:24,228300.0,100.0,67900.0
1282,2021-10-01 09:20:17,228300.0,500.0,67800.0
1283,2021-10-01 09:19:59,228400.0,1600.0,67300.0
1284,2021-10-01 09:19:56,228300.0,100.0,65700.0
1285,2021-10-01 09:19:50,228300.0,300.0,65600.0
1286,2021-10-01 09:19:48,228300.0,1000.0,65300.0
1287,2021-10-01 09:19:44,228300.0,200.0,64300.0
1288,2021-10-01 09:19:40,228400.0,300.0,64100.0
1289,2021-10-01 09:19:23,228400.0,1300.0,63800.0
1290,2021-10-01 09:19:12,228400.0,1600.0,62500.0
1291,2021-10-01 09:18:50,228500.0,200.0,60900.0
1292,2021-10-01 09:18:45,228500.0,200.0,60700.0
1293,2021-10-01 09:18:44,228500.0,100.0,60500.0
1294,2021-10-01 09:18:30,228400.0,1500.0,60400.0
1295,2021-10-01 09:18:21,228500.0,100.0,58900.0
1296,2021-10-01 09:18:19,228500.0,300.0,58800.0
1297,2021-10-01 09:18:06,228400.0,1200.0,58500.0
1298,2021-10-01 09:17:45,228500.0,100.0,57300.0
1299,2021-10-01 09:17:08,228500.0,400.0,57200.0
1300,2021-10-01 09:17:01,228400.0,200.0,56800.0
1301,2021-10-01 09:16:56,228500.0,300.0,56600.0
1302,2021-10-01 09:16:51,228400.0,100.0,56300.0
1303,2021-10-01 09:16:42,228400.0,300.0,56200.0
1304,2021-10-01 09:16:36,228400.0,600.0,55900.0
1305,2021-10-01 09:16:31,228400.0,200.0,55300.0
1306,2021-10-01 09:16:29,228400.0,100.0,55100.0
1307,2021-10-01 09:16:27,228400.0,300.0,55000.0
1308,2021-10-01 09:16:26,228400.0,200.0,54700.0
1309,2021-10-01 09:16:25,228400.0,200.0,54500.0
1310,2021-10-01 09:16:24,228400.0,100.0,54300.0
1311,2021-10-01 09:16:09,228400.0,300.0,54200.0
1312,2021-10-01 09:15:49,228400.0,500.0,53900.0
1313,2021-10-01 09:15:16,228300.0,200.0,53400.0
1314,2021-10-01 09:15:15,228400.0,200.0,53200.0
1315,2021-10-01 09:15:13,228400.0,200.0,53000.0
1316,2021-10-01 09:15:12,228400.0,100.0,52800.0
1317,2021-10-01 09:15:10,228400.0,400.0,52700.0
1318,2021-10-01 09:15:02,228300.0,400.0,52300.0
1319,2021-10-01 09:14:52,228400.0,300.0,51900.0
1320,2021-10-01 09:14:51,228400.0,200.0,51600.0
1321,2021-10-01 09:14:49,228400.0,100.0,51400.0
1322,2021-10-01 09:14:28,228400.0,100.0,51300.0
1323,2021-10-01 09:14:27,228400.0,200.0,51200.0
1324,2021-10-01 09:14:20,228300.0,700.0,51000.0
1325,2021-10-01 09:14:15,228400.0,400.0,50300.0
1326,2021-10-01 09:14:01,228400.0,300.0,49900.0
1327,2021-10-01 09:13:56,228400.0,100.0,49600.0
1328,2021-10-01 09:13:54,228400.0,300.0,49500.0
1329,2021-10-01 09:13:43,228400.0,200.0,49200.0
1330,2021-10-01 09:13:42,228400.0,100.0,49000.0
1331,2021-10-01 09:13:41,228400.0,100.0,48900.0
1332,2021-10-01 09:13:40,228400.0,200.0,48800.0
1333,2021-10-01 09:13:38,228400.0,100.0,48600.0
1334,2021-10-01 09:13:36,228400.0,1000.0,48500.0
1335,2021-10-01 09:13:35,228400.0,100.0,47500.0
1336,2021-10-01 09:13:33,228400.0,400.0,47400.0
1337,2021-10-01 09:13:30,228400.0,100.0,47000.0
1338,2021-10-01 09:13:25,228400.0,300.0,46900.0
1339,2021-10-01 09:13:03,228300.0,300.0,46600.0
1340,2021-10-01 09:13:01,228400.0,100.0,46300.0
1341,2021-10-01 09:12:58,228400.0,300.0,46200.0
1342,2021-10-01 09:12:57,228400.0,200.0,45900.0
1343,2021-10-01 09:12:55,228400.0,100.0,45700.0
1344,2021-10-01 09:12:54,228400.0,200.0,45600.0
1345,2021-10-01 09:12:52,228400.0,100.0,45400.0
1346,2021-10-01 09:12:51,228400.0,100.0,45300.0
1347,2021-10-01 09:12:48,228400.0,300.0,45200.0
1348,2021-10-01 09:12:46,228400.0,100.0,44900.0
1349,2021-10-01 09:12:41,228300.0,300.0,44800.0
1350,2021-10-01 09:12:35,228300.0,1200.0,44500.0
1351,2021-10-01 09:12:31,228300.0,100.0,43300.0
1352,2021-10-01 09:12:30,228400.0,300.0,43200.0
1353,2021-10-01 09:12:26,228300.0,900.0,42900.0
1354,2021-10-01 09:12:16,228400.0,600.0,42000.0
1355,2021-10-01 09:12:14,228400.0,100.0,41400.0
1356,2021-10-01 09:12:12,228400.0,200.0,41300.0
1357,2021-10-01 09:11:35,228400.0,100.0,41100.0
1358,2021-10-01 09:11:32,228400.0,300.0,41000.0
1359,2021-10-01 09:11:30,228400.0,200.0,40700.0
1360,2021-10-01 09:11:29,228400.0,100.0,40500.0
1361,2021-10-01 09:11:27,228400.0,200.0,40400.0
1362,2021-10-01 09:11:22,228400.0,100.0,40200.0
1363,2021-10-01 09:11:19,228400.0,300.0,40100.0
1364,2021-10-01 09:11:18,228400.0,200.0,39800.0
1365,2021-10-01 09:11:16,228400.0,300.0,39600.0
1366,2021-10-01 09:11:00,228300.0,200.0,39300.0
1367,2021-10-01 09:10:41,228400.0,1200.0,39100.0
1368,2021-10-01 09:10:28,228400.0,500.0,37900.0
1369,2021-10-01 09:10:18,228400.0,100.0,37400.0
1370,2021-10-01 09:09:47,228400.0,300.0,37300.0
1371,2021-10-01 09:09:34,228400.0,300.0,37000.0
1372,2021-10-01 09:09:33,228400.0,200.0,36700.0
1373,2021-10-01 09:09:32,228400.0,200.0,36500.0
1374,2021-10-01 09:09:30,228400.0,100.0,36300.0
1375,2021-10-01 09:09:21,228400.0,100.0,36200.0
1376,2021-10-01 09:09:11,228300.0,500.0,36100.0
1377,2021-10-01 09:09:08,228400.0,600.0,35600.0
1378,2021-10-01 09:08:59,228300.0,100.0,35000.0
1379,2021-10-01 09:08:44,228400.0,500.0,34900.0
1380,2021-10-01 09:08:42,228300.0,500.0,34400.0
1381,2021-10-01 09:08:33,228300.0,300.0,33900.0
1382,2021-10-01 09:08:28,228400.0,300.0,33600.0
1383,2021-10-01 09:08:15,228300.0,200.0,33300.0
1384,2021-10-01 09:08:13,228400.0,100.0,33100.0
1385,2021-10-01 09:07:57,228400.0,300.0,33000.0
1386,2021-10-01 09:07:47,228400.0,200.0,32700.0
1387,2021-10-01 09:07:45,228400.0,100.0,32500.0
1388,2021-10-01 09:07:43,228400.0,200.0,32400.0
1389,2021-10-01 09:07:41,228400.0,600.0,32200.0
1390,2021-10-01 09:07:35,228400.0,500.0,31600.0
1391,2021-10-01 09:07:23,228400.0,100.0,31100.0
1392,2021-10-01 09:07:20,228400.0,200.0,31000.0
1393,2021-10-01 09:07:18,228300.0,200.0,30800.0
1394,2021-10-01 09:07:17,228400.0,100.0,30600.0
1395,2021-10-01 09:07:15,228400.0,200.0,30500.0
1396,2021-10-01 09:07:07,228400.0,300.0,30300.0
1397,2021-10-01 09:06:57,228400.0,100.0,30000.0
1398,2021-10-01 09:06:48,228400.0,400.0,29900.0
1399,2021-10-01 09:06:34,228400.0,300.0,29500.0
1400,2021-10-01 09:06:27,228400.0,200.0,29200.0
1401,2021-10-01 09:06:19,228400.0,400.0,29000.0
1402,2021-10-01 09:06:12,228400.0,300.0,28600.0
1403,2021-10-01 09:06:00,228300.0,900.0,28300.0
1404,2021-10-01 09:05:55,228300.0,100.0,27400.0
1405,2021-10-01 09:05:53,228300.0,200.0,27300.0
1406,2021-10-01 09:05:52,228300.0,100.0,27100.0
1407,2021-10-01 09:05:50,228300.0,300.0,27000.0
1408,2021-10-01 09:05:45,228300.0,600.0,26700.0
1409,2021-10-01 09:05:30,228300.0,500.0,26100.0
1410,2021-10-01 09:05:16,228300.0,200.0,25600.0
1411,2021-10-01 09:05:02,228300.0,500.0,25400.0
1412,2021-10-01 09:04:54,228300.0,100.0,24900.0
1413,2021-10-01 09:04:48,228400.0,200.0,24800.0
1414,2021-10-01 09:04:46,228400.0,1100.0,24600.0
1415,2021-10-01 09:04:44,228400.0,300.0,23500.0
1416,2021-10-01 09:04:40,228300.0,200.0,23200.0
1417,2021-10-01 09:04:37,228400.0,200.0,23000.0
1418,2021-10-01 09:04:35,228400.0,200.0,22800.0
1419,2021-10-01 09:04:33,228300.0,100.0,22600.0
1420,2021-10-01 09:04:27,228300.0,1500.0,22500.0
1421,2021-10-01 09:04:19,228300.0,800.0,21000.0
1422,2021-10-01 09:04:18,228400.0,600.0,20200.0
1423,2021-10-01 09:04:13,228400.0,300.0,19600.0
1424,2021-10-01 09:04:11,228300.0,300.0,19300.0
1425,2021-10-01 09:03:59,228400.0,800.0,19000.0
1426,2021-10-01 09:03:56,228300.0,1000.0,18200.0
1427,2021-10-01 09:03:49,228300.0,500.0,17200.0
1428,2021-10-01 09:03:43,228400.0,200.0,16700.0
1429,2021-10-01 09:03:23,228400.0,300.0,16500.0
1430,2021-10-01 09:03:05,228400.0,100.0,16200.0
1431,2021-10-01 09:03:00,228400.0,400.0,16100.0
1432,2021-10-01 09:02:53,228400.0,500.0,15700.0
1433,2021-10-01 09:02:45,228300.0,800.0,15200.0
1434,2021-10-01 09:02:38,228300.0,100.0,14400.0
1435,2021-10-01 09:02:32,228300.0,300.0,14300.0
1436,2021-10-01 09:02:21,228300.0,400.0,14000.0
1437,2021-10-01 09:02:17,228300.0,200.0,13600.0
1438,2021-10-01 09:02:12,228300.0,700.0,13400.0
1439,2021-10-01 09:02:06,228300.0,500.0,12700.0
1440,2021-10-01 09:02:01,228300.0,100.0,12200.0
1441,2021-10-01 09:01:55,228300.0,200.0,12100.0
1442,2021-10-01 09:01:47,228200.0,400.0,11900.0
1443,2021-10-01 09:01:42,228200.0,500.0,11500.0
1444,2021-10-01 09:01:32,228200.0,400.0,11000.0
1445,2021-10-01 09:01:19,228200.0,1300.0,10600.0
1446,2021-10-01 09:01:01,228100.0,300.0,9300.0
1447,2021-10-01 09:00:58,228100.0,100.0,9000.0
1448,2021-10-01 09:00:54,228200.0,300.0,8900.0
1449,2021-10-01 09:00:48,228200.0,500.0,8600.0
1450,2021-10-01 09:00:37,228200.0,300.0,8100.0
1451,2021-10-01 09:00:36,228000.0,500.0,7800.0
1452,2021-10-01 09:00:33,228000.0,3000.0,7300.0
1453,2021-10-01 09:00:28,228200.0,100.0,4300.0
1454,2021-10-01 09:00:03,228100.0,4200.0,4200.0
