,Time,Price,Volume_per_trade,Volume
0,2021-10-05 07:45:01,3490.0,100.0,139200.0
1,2021-10-05 07:45:01,3490.0,100.0,139100.0
2,2021-10-05 07:45:01,3490.0,600.0,139000.0
3,2021-10-05 07:45:01,3490.0,9200.0,138400.0
4,2021-10-05 07:45:01,3490.0,200.0,129200.0
5,2021-10-05 07:28:58,3420.0,400.0,129000.0
6,2021-10-05 07:28:29,3410.0,100.0,128600.0
7,2021-10-05 07:11:31,3400.0,1100.0,128500.0
8,2021-10-05 07:11:31,3400.0,300.0,127400.0
9,2021-10-05 07:11:31,3400.0,100.0,127100.0
10,2021-10-05 07:11:31,3400.0,200.0,127000.0
11,2021-10-05 07:11:31,3400.0,100.0,126800.0
12,2021-10-05 07:11:31,3400.0,500.0,126700.0
13,2021-10-05 07:11:31,3400.0,100.0,126200.0
14,2021-10-05 07:11:31,3400.0,1000.0,126100.0
15,2021-10-05 07:11:04,3410.0,500.0,125100.0
16,2021-10-05 07:10:47,3420.0,1200.0,124600.0
17,2021-10-05 07:05:44,3420.0,100.0,123400.0
18,2021-10-05 07:02:46,3420.0,900.0,123300.0
19,2021-10-05 07:01:49,3410.0,100.0,122400.0
20,2021-10-05 06:40:44,3400.0,100.0,122300.0
21,2021-10-05 06:40:44,3400.0,400.0,122200.0
22,2021-10-05 06:40:44,3400.0,200.0,121800.0
23,2021-10-05 06:40:44,3400.0,1000.0,121600.0
24,2021-10-05 06:40:44,3400.0,300.0,120600.0
25,2021-10-05 06:40:44,3400.0,500.0,120300.0
26,2021-10-05 06:40:44,3400.0,100.0,119800.0
27,2021-10-05 06:40:44,3400.0,300.0,119700.0
28,2021-10-05 06:40:44,3400.0,100.0,119400.0
29,2021-10-05 06:40:44,3400.0,2000.0,119300.0
30,2021-10-05 06:40:44,3400.0,1000.0,117300.0
31,2021-10-05 06:40:44,3400.0,1000.0,116300.0
32,2021-10-05 06:40:44,3410.0,3400.0,115300.0
33,2021-10-05 06:40:44,3410.0,100.0,111900.0
34,2021-10-05 06:40:44,3410.0,100.0,111800.0
35,2021-10-05 06:40:44,3410.0,200.0,111700.0
36,2021-10-05 06:38:51,3420.0,1000.0,111500.0
37,2021-10-05 06:38:30,3420.0,100.0,110500.0
38,2021-10-05 06:36:48,3420.0,200.0,110400.0
39,2021-10-05 06:35:34,3420.0,1000.0,110200.0
40,2021-10-05 06:33:31,3420.0,2500.0,109200.0
41,2021-10-05 06:32:25,3420.0,100.0,106700.0
42,2021-10-05 06:32:21,3420.0,100.0,106600.0
43,2021-10-05 06:32:14,3420.0,1000.0,106500.0
44,2021-10-05 06:26:01,3450.0,3000.0,105500.0
45,2021-10-05 06:24:12,3450.0,3800.0,102500.0
46,2021-10-05 06:22:38,3450.0,200.0,98700.0
47,2021-10-05 06:22:12,3450.0,100.0,98500.0
48,2021-10-05 06:20:58,3450.0,100.0,98400.0
49,2021-10-05 06:16:58,3450.0,500.0,98300.0
50,2021-10-05 06:15:31,3450.0,100.0,97800.0
51,2021-10-05 06:15:31,3450.0,100.0,97700.0
52,2021-10-05 06:15:31,3450.0,1000.0,97600.0
53,2021-10-05 06:15:31,3450.0,1000.0,96600.0
54,2021-10-05 06:15:31,3450.0,100.0,95600.0
55,2021-10-05 06:14:34,3470.0,100.0,95500.0
56,2021-10-05 06:14:34,3470.0,100.0,95400.0
57,2021-10-05 06:14:34,3470.0,1000.0,95300.0
58,2021-10-05 06:14:34,3470.0,500.0,94300.0
59,2021-10-05 06:10:42,3470.0,900.0,93800.0
60,2021-10-05 06:05:35,3470.0,1300.0,92900.0
61,2021-10-05 06:00:01,3470.0,1000.0,91600.0
62,2021-10-05 06:00:01,3470.0,300.0,90600.0
63,2021-10-05 06:00:01,3470.0,800.0,90300.0
64,2021-10-05 06:00:01,3470.0,100.0,89500.0
65,2021-10-05 06:00:01,3470.0,100.0,89400.0
66,2021-10-05 04:28:11,3470.0,400.0,89300.0
67,2021-10-05 04:24:38,3470.0,1000.0,88900.0
68,2021-10-05 04:21:35,3470.0,700.0,87900.0
69,2021-10-05 04:21:04,3500.0,3100.0,87200.0
70,2021-10-05 04:21:04,3490.0,1000.0,84100.0
71,2021-10-05 04:12:23,3450.0,100.0,83100.0
72,2021-10-05 04:12:18,3450.0,100.0,83000.0
73,2021-10-05 04:12:18,3450.0,700.0,82900.0
74,2021-10-05 04:10:26,3450.0,100.0,82200.0
75,2021-10-05 04:00:41,3500.0,400.0,82100.0
76,2021-10-05 04:00:04,3500.0,100.0,81700.0
77,2021-10-05 03:59:25,3500.0,1300.0,81600.0
78,2021-10-05 03:56:46,3450.0,500.0,80300.0
79,2021-10-05 03:55:49,3450.0,200.0,79800.0
80,2021-10-05 03:55:16,3500.0,1000.0,79600.0
81,2021-10-05 03:54:40,3500.0,200.0,78600.0
82,2021-10-05 03:46:25,3500.0,500.0,78400.0
83,2021-10-05 03:43:21,3380.0,400.0,77900.0
84,2021-10-05 03:43:21,3380.0,300.0,77500.0
85,2021-10-05 03:42:52,3390.0,200.0,77200.0
86,2021-10-05 03:42:49,3390.0,200.0,77000.0
87,2021-10-05 03:42:49,3390.0,200.0,76800.0
88,2021-10-05 03:42:49,3390.0,3000.0,76600.0
89,2021-10-05 03:42:49,3390.0,100.0,73600.0
90,2021-10-05 03:42:49,3390.0,100.0,73500.0
91,2021-10-05 03:42:49,3390.0,400.0,73400.0
92,2021-10-05 03:42:49,3390.0,500.0,73000.0
93,2021-10-05 03:42:49,3390.0,100.0,72500.0
94,2021-10-05 03:42:49,3390.0,300.0,72400.0
95,2021-10-05 03:42:49,3390.0,500.0,72100.0
96,2021-10-05 03:42:49,3390.0,200.0,71600.0
97,2021-10-05 03:42:49,3390.0,200.0,71400.0
98,2021-10-05 03:42:49,3400.0,500.0,71200.0
99,2021-10-05 03:42:49,3400.0,500.0,70700.0
100,2021-10-05 03:42:49,3400.0,2000.0,70200.0
101,2021-10-05 03:42:49,3400.0,300.0,68200.0
102,2021-10-05 03:35:49,3400.0,4100.0,67900.0
103,2021-10-05 03:35:49,3400.0,1000.0,63800.0
104,2021-10-05 03:35:49,3400.0,100.0,62800.0
105,2021-10-05 03:35:49,3400.0,100.0,62700.0
106,2021-10-05 03:35:49,3400.0,100.0,62600.0
107,2021-10-05 03:35:49,3400.0,10000.0,62500.0
108,2021-10-05 03:35:49,3400.0,1500.0,52500.0
109,2021-10-05 03:35:49,3400.0,1000.0,51000.0
110,2021-10-05 03:35:49,3400.0,100.0,50000.0
111,2021-10-05 03:35:49,3400.0,100.0,49900.0
112,2021-10-05 03:35:49,3410.0,200.0,49800.0
113,2021-10-05 03:35:49,3410.0,100.0,49600.0
114,2021-10-05 03:35:49,3420.0,100.0,49500.0
115,2021-10-05 03:35:49,3450.0,100.0,49400.0
116,2021-10-05 03:35:49,3450.0,500.0,49300.0
117,2021-10-05 03:35:49,3450.0,300.0,48800.0
118,2021-10-05 03:35:49,3450.0,200.0,48500.0
119,2021-10-05 03:35:49,3450.0,300.0,48300.0
120,2021-10-05 03:35:49,3450.0,100.0,48000.0
121,2021-10-05 03:28:00,3450.0,100.0,47900.0
122,2021-10-05 03:28:00,3450.0,200.0,47800.0
123,2021-10-05 03:27:30,3450.0,100.0,47600.0
124,2021-10-05 03:26:36,3450.0,100.0,47500.0
125,2021-10-05 03:24:12,3450.0,100.0,47400.0
126,2021-10-05 03:24:12,3450.0,200.0,47300.0
127,2021-10-05 03:20:47,3500.0,200.0,47100.0
128,2021-10-05 03:19:46,3500.0,1000.0,46900.0
129,2021-10-05 03:14:16,3500.0,700.0,45900.0
130,2021-10-05 03:13:02,3500.0,300.0,45200.0
131,2021-10-05 03:07:55,3500.0,1000.0,44900.0
132,2021-10-05 03:06:45,3500.0,300.0,43900.0
133,2021-10-05 03:05:28,3500.0,2000.0,43600.0
134,2021-10-05 03:05:28,3500.0,600.0,41600.0
135,2021-10-05 03:05:28,3500.0,100.0,41000.0
136,2021-10-05 03:05:28,3500.0,400.0,40900.0
137,2021-10-05 03:05:04,3500.0,100.0,40500.0
138,2021-10-05 03:00:28,3500.0,1000.0,40400.0
139,2021-10-05 03:00:28,3500.0,500.0,39400.0
140,2021-10-05 02:56:22,3500.0,500.0,38900.0
141,2021-10-05 02:55:16,3500.0,1000.0,38400.0
142,2021-10-05 02:55:16,3500.0,100.0,37400.0
143,2021-10-05 02:55:16,3500.0,200.0,37300.0
144,2021-10-05 02:55:16,3500.0,4000.0,37100.0
145,2021-10-05 02:47:48,3540.0,200.0,33100.0
146,2021-10-05 02:45:54,3500.0,100.0,32900.0
147,2021-10-05 02:44:09,3500.0,900.0,32800.0
148,2021-10-05 02:44:09,3500.0,100.0,31900.0
149,2021-10-05 02:44:09,3500.0,600.0,31800.0
150,2021-10-05 02:44:09,3500.0,700.0,31200.0
151,2021-10-05 02:42:39,3540.0,300.0,30500.0
152,2021-10-05 02:42:39,3540.0,100.0,30200.0
153,2021-10-05 02:42:39,3540.0,1000.0,30100.0
154,2021-10-05 02:42:39,3540.0,500.0,29100.0
155,2021-10-05 02:41:15,3550.0,100.0,28600.0
156,2021-10-05 02:40:10,3550.0,100.0,28500.0
157,2021-10-05 02:39:51,3550.0,100.0,28400.0
158,2021-10-05 02:39:05,3540.0,100.0,28300.0
159,2021-10-05 02:37:47,3540.0,1400.0,28200.0
160,2021-10-05 02:37:32,3550.0,300.0,26800.0
161,2021-10-05 02:36:29,3550.0,100.0,26500.0
162,2021-10-05 02:34:27,3540.0,100.0,26400.0
163,2021-10-05 02:31:01,3500.0,4000.0,26300.0
164,2021-10-05 02:30:42,3500.0,2000.0,22300.0
165,2021-10-05 02:30:42,3500.0,1800.0,20300.0
166,2021-10-05 02:29:13,3500.0,500.0,18500.0
167,2021-10-05 02:26:40,3500.0,200.0,18000.0
168,2021-10-05 02:25:08,3500.0,700.0,17800.0
169,2021-10-05 02:24:00,3500.0,100.0,17100.0
170,2021-10-05 02:22:48,3500.0,1000.0,17000.0
171,2021-10-05 02:20:42,3500.0,100.0,16000.0
172,2021-10-05 02:19:49,3500.0,200.0,15900.0
173,2021-10-05 02:17:49,3500.0,300.0,15700.0
174,2021-10-05 02:16:54,3500.0,100.0,15400.0
175,2021-10-05 02:15:31,3500.0,1000.0,15300.0
176,2021-10-05 02:15:31,3500.0,100.0,14300.0
177,2021-10-05 02:15:31,3500.0,100.0,14200.0
178,2021-10-05 02:15:00,3550.0,3000.0,14100.0
179,2021-10-05 02:15:00,3550.0,1000.0,11100.0
180,2021-10-05 02:15:00,3550.0,100.0,10100.0
181,2021-10-05 02:15:00,3550.0,3100.0,10000.0
182,2021-10-05 02:15:00,3550.0,100.0,6900.0
183,2021-10-05 02:15:00,3550.0,100.0,6800.0
184,2021-10-05 02:15:00,3550.0,1700.0,6700.0
185,2021-10-05 02:15:00,3550.0,400.0,5000.0
186,2021-10-05 02:15:00,3550.0,100.0,4600.0
187,2021-10-05 02:15:00,3550.0,1500.0,4500.0
188,2021-10-05 02:15:00,3550.0,300.0,3000.0
189,2021-10-05 02:15:00,3550.0,500.0,2700.0
190,2021-10-05 02:15:00,3550.0,1100.0,2200.0
191,2021-10-05 02:15:00,3550.0,1000.0,1100.0
192,2021-10-05 02:15:00,3550.0,100.0,100.0
