,Time,Price,Volume_per_trade,Volume
0,2021-10-19 07:03:44,4090.0,900.0,1322700.0
1,2021-10-19 07:03:44,4090.0,1000.0,1321800.0
2,2021-10-19 07:03:44,4090.0,100.0,1320800.0
3,2021-10-19 06:52:35,4090.0,500.0,1320700.0
4,2021-10-19 06:52:02,4090.0,1000.0,1320200.0
5,2021-10-19 06:51:18,4090.0,400.0,1319200.0
6,2021-10-19 06:51:18,4090.0,2000.0,1318800.0
7,2021-10-19 06:51:18,4090.0,200.0,1316800.0
8,2021-10-19 06:51:18,4090.0,1400.0,1316600.0
9,2021-10-19 06:50:55,4090.0,5000.0,1315200.0
10,2021-10-19 06:50:20,4090.0,5000.0,1310200.0
11,2021-10-19 06:50:03,4090.0,5000.0,1305200.0
12,2021-10-19 06:49:40,4090.0,3600.0,1300200.0
13,2021-10-19 06:49:40,4090.0,200.0,1296600.0
14,2021-10-19 06:49:40,4090.0,500.0,1296400.0
15,2021-10-19 06:49:40,4090.0,2800.0,1295900.0
16,2021-10-19 06:49:40,4090.0,200.0,1293100.0
17,2021-10-19 06:49:40,4090.0,2700.0,1292900.0
18,2021-10-19 06:49:26,4090.0,5000.0,1290200.0
19,2021-10-19 06:49:13,4090.0,2000.0,1285200.0
20,2021-10-19 06:49:13,4090.0,100.0,1283200.0
21,2021-10-19 06:49:13,4090.0,100.0,1283100.0
22,2021-10-19 06:49:13,4090.0,1000.0,1283000.0
23,2021-10-19 06:49:13,4090.0,400.0,1282000.0
24,2021-10-19 06:49:13,4090.0,1400.0,1281600.0
25,2021-10-19 06:48:57,4090.0,600.0,1280200.0
26,2021-10-19 06:48:57,4090.0,1100.0,1279600.0
27,2021-10-19 06:48:57,4090.0,3300.0,1278500.0
28,2021-10-19 06:47:33,4090.0,5000.0,1275200.0
29,2021-10-19 06:45:57,4090.0,1700.0,1270200.0
30,2021-10-19 06:45:57,4090.0,3300.0,1268500.0
31,2021-10-19 06:45:43,4090.0,700.0,1265200.0
32,2021-10-19 06:45:43,4090.0,1000.0,1264500.0
33,2021-10-19 06:45:43,4090.0,1000.0,1263500.0
34,2021-10-19 06:45:43,4090.0,100.0,1262500.0
35,2021-10-19 06:45:43,4090.0,1000.0,1262400.0
36,2021-10-19 06:45:43,4090.0,200.0,1261400.0
37,2021-10-19 06:45:43,4090.0,900.0,1261200.0
38,2021-10-19 06:45:43,4090.0,100.0,1260300.0
39,2021-10-19 06:43:09,4090.0,5000.0,1260200.0
40,2021-10-19 06:42:54,4090.0,2000.0,1255200.0
41,2021-10-19 06:42:54,4090.0,1200.0,1253200.0
42,2021-10-19 06:42:54,4090.0,500.0,1252000.0
43,2021-10-19 06:42:54,4090.0,1000.0,1251500.0
44,2021-10-19 06:42:54,4090.0,200.0,1250500.0
45,2021-10-19 06:42:54,4090.0,100.0,1250300.0
46,2021-10-19 06:40:34,4090.0,900.0,1250200.0
47,2021-10-19 06:40:34,4090.0,1300.0,1249300.0
48,2021-10-19 06:40:34,4090.0,400.0,1248000.0
49,2021-10-19 06:40:34,4090.0,100.0,1247600.0
50,2021-10-19 06:40:34,4090.0,2300.0,1247500.0
51,2021-10-19 06:39:12,4090.0,5500.0,1245200.0
52,2021-10-19 06:39:12,4090.0,100.0,1239700.0
53,2021-10-19 06:39:12,4090.0,900.0,1239600.0
54,2021-10-19 06:39:02,4090.0,100.0,1238700.0
55,2021-10-19 06:38:02,4090.0,10000.0,1238600.0
56,2021-10-19 06:37:16,4090.0,2000.0,1228600.0
57,2021-10-19 06:37:16,4090.0,10000.0,1226600.0
58,2021-10-19 06:37:16,4090.0,1500.0,1216600.0
59,2021-10-19 06:37:16,4090.0,100.0,1215100.0
60,2021-10-19 06:37:16,4090.0,6400.0,1215000.0
61,2021-10-19 06:36:56,4090.0,3100.0,1208600.0
62,2021-10-19 06:36:56,4090.0,6900.0,1205500.0
63,2021-10-19 06:34:05,4090.0,13100.0,1198600.0
64,2021-10-19 06:33:12,4090.0,200.0,1185500.0
65,2021-10-19 06:32:52,4090.0,3900.0,1185300.0
66,2021-10-19 06:32:52,4090.0,2000.0,1181400.0
67,2021-10-19 06:32:52,4090.0,100.0,1179400.0
68,2021-10-19 06:32:52,4090.0,4000.0,1179300.0
69,2021-10-19 06:32:41,4090.0,1000.0,1175300.0
70,2021-10-19 06:32:23,4090.0,10000.0,1174300.0
71,2021-10-19 06:32:23,4090.0,400.0,1164300.0
72,2021-10-19 06:32:23,4090.0,100.0,1163900.0
73,2021-10-19 06:32:23,4090.0,700.0,1163800.0
74,2021-10-19 06:32:23,4090.0,300.0,1163100.0
75,2021-10-19 06:32:23,4090.0,2000.0,1162800.0
76,2021-10-19 06:32:23,4090.0,6500.0,1160800.0
77,2021-10-19 06:32:09,4090.0,10000.0,1154300.0
78,2021-10-19 06:31:48,4090.0,13500.0,1144300.0
79,2021-10-19 06:31:48,4090.0,2000.0,1130800.0
80,2021-10-19 06:31:48,4090.0,200.0,1128800.0
81,2021-10-19 06:31:48,4090.0,4300.0,1128600.0
82,2021-10-19 06:31:28,4090.0,20000.0,1124300.0
83,2021-10-19 06:31:08,4090.0,5700.0,1104300.0
84,2021-10-19 06:31:08,4090.0,100.0,1098600.0
85,2021-10-19 06:31:08,4090.0,4200.0,1098500.0
86,2021-10-19 06:27:38,4090.0,8600.0,1094300.0
87,2021-10-19 06:27:18,4090.0,100.0,1085700.0
88,2021-10-19 06:26:14,4090.0,500.0,1085600.0
89,2021-10-19 06:24:12,4090.0,6600.0,1085100.0
90,2021-10-19 06:23:57,4090.0,500.0,1078500.0
91,2021-10-19 06:23:46,4090.0,200.0,1078000.0
92,2021-10-19 06:23:45,4090.0,1000.0,1077800.0
93,2021-10-19 06:23:43,4090.0,500.0,1076800.0
94,2021-10-19 06:23:36,4090.0,500.0,1076300.0
95,2021-10-19 06:22:54,4090.0,100.0,1075800.0
96,2021-10-19 06:22:12,4090.0,100.0,1075700.0
97,2021-10-19 06:22:00,4090.0,500.0,1075600.0
98,2021-10-19 06:22:00,4090.0,500.0,1075100.0
99,2021-10-19 06:22:00,4090.0,1000.0,1074600.0
100,2021-10-19 06:22:00,4090.0,200.0,1073600.0
101,2021-10-19 06:22:00,4090.0,1500.0,1073400.0
102,2021-10-19 06:22:00,4090.0,200.0,1071900.0
103,2021-10-19 06:21:30,4090.0,1300.0,1071700.0
104,2021-10-19 06:21:30,4090.0,7000.0,1070400.0
105,2021-10-19 06:21:30,4090.0,1000.0,1063400.0
106,2021-10-19 06:21:30,4090.0,100.0,1062400.0
107,2021-10-19 06:21:30,4090.0,600.0,1062300.0
108,2021-10-19 06:19:13,4090.0,200.0,1061700.0
109,2021-10-19 06:19:13,4090.0,200.0,1061500.0
110,2021-10-19 06:19:13,4090.0,500.0,1061300.0
111,2021-10-19 06:15:47,4090.0,500.0,1060800.0
112,2021-10-19 06:14:20,4090.0,14000.0,1060300.0
113,2021-10-19 06:14:20,4090.0,1500.0,1046300.0
114,2021-10-19 06:14:20,4090.0,100.0,1044800.0
115,2021-10-19 06:14:20,4090.0,200.0,1044700.0
116,2021-10-19 06:14:20,4090.0,500.0,1044500.0
117,2021-10-19 06:14:20,4090.0,500.0,1044000.0
118,2021-10-19 06:14:20,4090.0,2000.0,1043500.0
119,2021-10-19 06:14:20,4090.0,100.0,1041500.0
120,2021-10-19 06:14:20,4090.0,200.0,1041400.0
121,2021-10-19 06:14:20,4090.0,800.0,1041200.0
122,2021-10-19 06:14:20,4090.0,100.0,1040400.0
123,2021-10-19 06:09:01,4090.0,100.0,1040300.0
124,2021-10-19 06:07:23,4090.0,100.0,1040200.0
125,2021-10-19 06:07:23,4090.0,400.0,1040100.0
126,2021-10-19 06:06:56,4090.0,100.0,1039700.0
127,2021-10-19 06:06:26,4090.0,100.0,1039600.0
128,2021-10-19 06:05:00,4090.0,1700.0,1039500.0
129,2021-10-19 06:04:52,4090.0,900.0,1037800.0
130,2021-10-19 06:04:18,4090.0,200.0,1036900.0
131,2021-10-19 06:03:38,4090.0,600.0,1036700.0
132,2021-10-19 06:03:38,4090.0,200.0,1036100.0
133,2021-10-19 06:03:38,4090.0,1000.0,1035900.0
134,2021-10-19 06:03:38,4090.0,400.0,1034900.0
135,2021-10-19 06:03:38,4090.0,1000.0,1034500.0
136,2021-10-19 06:03:38,4090.0,500.0,1033500.0
137,2021-10-19 06:03:38,4090.0,400.0,1033000.0
138,2021-10-19 06:03:38,4090.0,5000.0,1032600.0
139,2021-10-19 06:03:38,4090.0,100.0,1027600.0
140,2021-10-19 06:03:38,4090.0,100.0,1027500.0
141,2021-10-19 06:03:38,4090.0,700.0,1027400.0
142,2021-10-19 06:02:56,4090.0,300.0,1026700.0
143,2021-10-19 06:02:56,4090.0,6700.0,1026400.0
144,2021-10-19 06:02:56,4090.0,1000.0,1019700.0
145,2021-10-19 06:02:56,4090.0,2000.0,1018700.0
146,2021-10-19 06:02:29,4090.0,100.0,1016700.0
147,2021-10-19 06:02:29,4090.0,300.0,1016600.0
148,2021-10-19 06:02:29,4090.0,1000.0,1016300.0
149,2021-10-19 06:02:29,4090.0,700.0,1015300.0
150,2021-10-19 06:02:29,4090.0,300.0,1014600.0
151,2021-10-19 06:02:29,4090.0,200.0,1014300.0
152,2021-10-19 06:02:29,4090.0,100.0,1014100.0
153,2021-10-19 06:02:29,4090.0,600.0,1014000.0
154,2021-10-19 06:02:29,4090.0,1000.0,1013400.0
155,2021-10-19 06:02:29,4090.0,1000.0,1012400.0
156,2021-10-19 06:02:29,4090.0,3200.0,1011400.0
157,2021-10-19 06:02:29,4090.0,100.0,1008200.0
158,2021-10-19 06:02:29,4090.0,1400.0,1008100.0
159,2021-10-19 06:02:11,4090.0,100.0,1006700.0
160,2021-10-19 06:02:11,4090.0,300.0,1006600.0
161,2021-10-19 06:02:11,4090.0,500.0,1006300.0
162,2021-10-19 06:02:11,4090.0,200.0,1005800.0
163,2021-10-19 06:02:11,4090.0,300.0,1005600.0
164,2021-10-19 06:02:11,4090.0,500.0,1005300.0
165,2021-10-19 06:02:11,4090.0,5000.0,1004800.0
166,2021-10-19 06:02:11,4090.0,100.0,999800.0
167,2021-10-19 06:02:11,4090.0,400.0,999700.0
168,2021-10-19 06:02:11,4090.0,300.0,999300.0
169,2021-10-19 06:02:11,4090.0,100.0,999000.0
170,2021-10-19 06:02:11,4090.0,400.0,998900.0
171,2021-10-19 06:02:11,4090.0,1000.0,998500.0
172,2021-10-19 06:02:11,4090.0,100.0,997500.0
173,2021-10-19 06:02:11,4090.0,200.0,997400.0
174,2021-10-19 06:02:11,4090.0,100.0,997200.0
175,2021-10-19 06:02:11,4090.0,100.0,997100.0
176,2021-10-19 06:02:11,4090.0,500.0,997000.0
177,2021-10-19 06:02:11,4090.0,300.0,996500.0
178,2021-10-19 06:02:11,4090.0,200.0,996200.0
179,2021-10-19 06:02:11,4090.0,1000.0,996000.0
180,2021-10-19 06:02:11,4090.0,6000.0,995000.0
181,2021-10-19 06:02:11,4090.0,2300.0,989000.0
182,2021-10-19 06:00:24,4090.0,100.0,986700.0
183,2021-10-19 06:00:23,4090.0,200.0,986600.0
184,2021-10-19 06:00:23,4090.0,100.0,986400.0
185,2021-10-19 06:00:22,4090.0,100.0,986300.0
186,2021-10-19 06:00:11,4090.0,200.0,986200.0
187,2021-10-19 06:00:11,4090.0,900.0,986000.0
188,2021-10-19 06:00:06,4090.0,1000.0,985100.0
189,2021-10-19 06:00:01,4090.0,700.0,984100.0
190,2021-10-19 06:00:00,4090.0,2100.0,983400.0
191,2021-10-19 06:00:00,4090.0,100.0,981300.0
192,2021-10-19 06:00:00,4090.0,1600.0,981200.0
193,2021-10-19 06:00:00,4090.0,100.0,979600.0
194,2021-10-19 04:29:41,4090.0,100.0,979500.0
195,2021-10-19 04:28:52,4090.0,100.0,979400.0
196,2021-10-19 04:28:07,4090.0,100.0,979300.0
197,2021-10-19 04:23:31,4090.0,5200.0,979200.0
198,2021-10-19 04:23:31,4090.0,800.0,974000.0
199,2021-10-19 04:23:13,4090.0,100.0,973200.0
200,2021-10-19 04:18:42,4090.0,100.0,973100.0
201,2021-10-19 04:18:42,4090.0,400.0,973000.0
202,2021-10-19 04:05:10,4090.0,400.0,972600.0
203,2021-10-19 04:05:10,4090.0,400.0,972200.0
204,2021-10-19 04:05:10,4090.0,200.0,971800.0
205,2021-10-19 04:04:42,4090.0,2000.0,971600.0
206,2021-10-19 04:00:46,4090.0,100.0,969600.0
207,2021-10-19 03:58:51,4090.0,100.0,969500.0
208,2021-10-19 03:58:51,4090.0,7800.0,969400.0
209,2021-10-19 03:58:27,4090.0,100.0,961600.0
210,2021-10-19 03:57:24,4090.0,100.0,961500.0
211,2021-10-19 03:56:16,4090.0,10000.0,961400.0
212,2021-10-19 03:54:17,4090.0,100.0,951400.0
213,2021-10-19 03:54:17,4090.0,300.0,951300.0
214,2021-10-19 03:54:17,4090.0,200.0,951000.0
215,2021-10-19 03:54:17,4090.0,100.0,950800.0
216,2021-10-19 03:54:17,4090.0,1000.0,950700.0
217,2021-10-19 03:54:17,4090.0,200.0,949700.0
218,2021-10-19 03:54:17,4090.0,3100.0,949500.0
219,2021-10-19 03:50:31,4090.0,1000.0,946400.0
220,2021-10-19 03:48:17,4090.0,100.0,945400.0
221,2021-10-19 03:48:08,4090.0,100.0,945300.0
222,2021-10-19 03:48:02,4090.0,700.0,945200.0
223,2021-10-19 03:48:01,4090.0,100.0,944500.0
224,2021-10-19 03:48:01,4090.0,300.0,944400.0
225,2021-10-19 03:48:01,4090.0,200.0,944100.0
226,2021-10-19 03:48:01,4090.0,3700.0,943900.0
227,2021-10-19 03:47:44,4090.0,6700.0,940200.0
228,2021-10-19 03:47:44,4090.0,3300.0,933500.0
229,2021-10-19 03:46:58,4090.0,46700.0,930200.0
230,2021-10-19 03:46:58,4090.0,1000.0,883500.0
231,2021-10-19 03:46:58,4090.0,100.0,882500.0
232,2021-10-19 03:46:58,4090.0,1000.0,882400.0
233,2021-10-19 03:46:58,4090.0,1200.0,881400.0
234,2021-10-19 03:44:16,4090.0,3800.0,880200.0
235,2021-10-19 03:44:16,4090.0,200.0,876400.0
236,2021-10-19 03:44:16,4090.0,200.0,876200.0
237,2021-10-19 03:44:16,4090.0,100.0,876000.0
238,2021-10-19 03:44:16,4090.0,100.0,875900.0
239,2021-10-19 03:44:16,4090.0,8000.0,875800.0
240,2021-10-19 03:44:16,4090.0,100.0,867800.0
241,2021-10-19 03:44:16,4090.0,2500.0,867700.0
242,2021-10-19 03:34:19,4090.0,100.0,865200.0
243,2021-10-19 03:32:44,4090.0,6400.0,865100.0
244,2021-10-19 03:32:44,4090.0,600.0,858700.0
245,2021-10-19 03:32:44,4090.0,100.0,858100.0
246,2021-10-19 03:32:44,4090.0,6400.0,858000.0
247,2021-10-19 03:32:44,4090.0,200.0,851600.0
248,2021-10-19 03:32:44,4090.0,1000.0,851400.0
249,2021-10-19 03:32:44,4090.0,7000.0,850400.0
250,2021-10-19 03:32:44,4090.0,100.0,843400.0
251,2021-10-19 03:32:44,4090.0,200.0,843300.0
252,2021-10-19 03:32:44,4090.0,1000.0,843100.0
253,2021-10-19 03:32:44,4090.0,3400.0,842100.0
254,2021-10-19 03:32:44,4090.0,100.0,838700.0
255,2021-10-19 03:32:44,4090.0,100.0,838600.0
256,2021-10-19 03:32:44,4090.0,500.0,838500.0
257,2021-10-19 03:32:44,4090.0,300.0,838000.0
258,2021-10-19 03:32:44,4090.0,1300.0,837700.0
259,2021-10-19 03:32:44,4090.0,1300.0,836400.0
260,2021-10-19 03:26:49,4090.0,500.0,835100.0
261,2021-10-19 03:26:03,4090.0,100.0,834600.0
262,2021-10-19 03:24:39,4090.0,100.0,834500.0
263,2021-10-19 03:24:39,4090.0,100.0,834400.0
264,2021-10-19 03:24:21,4090.0,100.0,834300.0
265,2021-10-19 03:23:38,4090.0,100.0,834200.0
266,2021-10-19 03:23:14,4090.0,100.0,834100.0
267,2021-10-19 03:21:00,4090.0,200.0,834000.0
268,2021-10-19 03:20:15,4090.0,400.0,833800.0
269,2021-10-19 03:20:05,4090.0,500.0,833400.0
270,2021-10-19 03:19:02,4090.0,1000.0,832900.0
271,2021-10-19 03:18:46,4090.0,500.0,831900.0
272,2021-10-19 03:18:46,4090.0,500.0,831400.0
273,2021-10-19 03:18:30,4090.0,600.0,830900.0
274,2021-10-19 03:18:30,4090.0,1000.0,830300.0
275,2021-10-19 03:18:30,4090.0,900.0,829300.0
276,2021-10-19 03:17:39,4090.0,300.0,828400.0
277,2021-10-19 03:17:19,4090.0,2000.0,828100.0
278,2021-10-19 03:17:12,4090.0,3000.0,826100.0
279,2021-10-19 03:17:12,4090.0,500.0,823100.0
280,2021-10-19 03:17:12,4090.0,200.0,822600.0
281,2021-10-19 03:17:12,4090.0,6300.0,822400.0
282,2021-10-19 03:17:00,4090.0,3700.0,816100.0
283,2021-10-19 03:17:00,4090.0,3000.0,812400.0
284,2021-10-19 03:17:00,4090.0,3300.0,809400.0
285,2021-10-19 03:15:37,4090.0,2000.0,806100.0
286,2021-10-19 03:15:15,4090.0,300.0,804100.0
287,2021-10-19 03:14:02,4090.0,100.0,803800.0
288,2021-10-19 03:14:02,4090.0,1000.0,803700.0
289,2021-10-19 03:14:02,4090.0,1300.0,802700.0
290,2021-10-19 03:14:01,4090.0,100.0,801400.0
291,2021-10-19 03:13:51,4090.0,5600.0,801300.0
292,2021-10-19 03:13:51,4090.0,1800.0,795700.0
293,2021-10-19 03:13:50,4090.0,200.0,793900.0
294,2021-10-19 03:13:50,4090.0,2000.0,793700.0
295,2021-10-19 03:13:50,4090.0,2800.0,791700.0
296,2021-10-19 03:13:49,4090.0,1000.0,788900.0
297,2021-10-19 03:13:14,4090.0,100.0,787900.0
298,2021-10-19 03:12:44,4090.0,400.0,787800.0
299,2021-10-19 03:12:20,4080.0,400.0,787400.0
300,2021-10-19 03:12:20,4080.0,3000.0,787000.0
301,2021-10-19 03:12:20,4080.0,600.0,784000.0
302,2021-10-19 03:12:20,4090.0,100.0,783400.0
303,2021-10-19 03:11:47,4080.0,1300.0,783300.0
304,2021-10-19 03:11:04,4080.0,1000.0,782000.0
305,2021-10-19 03:10:55,4080.0,100.0,781000.0
306,2021-10-19 03:10:54,4080.0,2500.0,780900.0
307,2021-10-19 03:10:54,4080.0,200.0,778400.0
308,2021-10-19 03:10:52,4080.0,500.0,778200.0
309,2021-10-19 03:10:34,4080.0,100.0,777700.0
310,2021-10-19 03:10:22,4080.0,300.0,777600.0
311,2021-10-19 03:10:22,4080.0,1000.0,777300.0
312,2021-10-19 03:09:40,4090.0,600.0,776300.0
313,2021-10-19 03:09:17,4090.0,9400.0,775700.0
314,2021-10-19 03:09:17,4090.0,600.0,766300.0
315,2021-10-19 03:08:32,4090.0,200.0,765700.0
316,2021-10-19 03:08:32,4090.0,600.0,765500.0
317,2021-10-19 03:08:32,4090.0,10000.0,764900.0
318,2021-10-19 03:08:32,4090.0,100.0,754900.0
319,2021-10-19 03:08:32,4090.0,200.0,754800.0
320,2021-10-19 03:08:32,4090.0,100.0,754600.0
321,2021-10-19 03:08:32,4090.0,7000.0,754500.0
322,2021-10-19 03:08:32,4090.0,2600.0,747500.0
323,2021-10-19 03:08:32,4090.0,2000.0,744900.0
324,2021-10-19 03:08:32,4090.0,22200.0,742900.0
325,2021-10-19 03:08:02,4090.0,100.0,720700.0
326,2021-10-19 03:07:36,4090.0,7700.0,720600.0
327,2021-10-19 03:07:36,4090.0,1500.0,712900.0
328,2021-10-19 03:07:36,4090.0,4000.0,711400.0
329,2021-10-19 03:07:36,4090.0,400.0,707400.0
330,2021-10-19 03:07:36,4090.0,6400.0,707000.0
331,2021-10-19 03:07:06,4090.0,19600.0,700600.0
332,2021-10-19 03:07:06,4090.0,100.0,681000.0
333,2021-10-19 03:07:06,4090.0,300.0,680900.0
334,2021-10-19 03:07:06,4090.0,3000.0,680600.0
335,2021-10-19 03:07:06,4090.0,100.0,677600.0
336,2021-10-19 03:07:06,4090.0,1700.0,677500.0
337,2021-10-19 03:07:06,4090.0,100.0,675800.0
338,2021-10-19 03:07:06,4090.0,1000.0,675700.0
339,2021-10-19 03:07:06,4090.0,9500.0,674700.0
340,2021-10-19 03:07:06,4090.0,100.0,665200.0
341,2021-10-19 03:07:06,4090.0,100.0,665100.0
342,2021-10-19 03:07:06,4090.0,2000.0,665000.0
343,2021-10-19 03:07:06,4090.0,30000.0,663000.0
344,2021-10-19 03:07:06,4090.0,200.0,633000.0
345,2021-10-19 03:07:06,4090.0,19000.0,632800.0
346,2021-10-19 03:07:06,4090.0,13200.0,613800.0
347,2021-10-19 03:04:33,4090.0,100.0,600600.0
348,2021-10-19 03:04:22,4090.0,900.0,600500.0
349,2021-10-19 03:03:59,4090.0,600.0,599600.0
350,2021-10-19 03:03:59,4090.0,2000.0,599000.0
351,2021-10-19 03:03:59,4090.0,5000.0,597000.0
352,2021-10-19 03:03:59,4090.0,5000.0,592000.0
353,2021-10-19 03:03:59,4090.0,300.0,587000.0
354,2021-10-19 03:03:59,4090.0,100.0,586700.0
355,2021-10-19 03:03:59,4090.0,6000.0,586600.0
356,2021-10-19 03:03:59,4090.0,500.0,580600.0
357,2021-10-19 03:03:59,4090.0,1000.0,580100.0
358,2021-10-19 03:03:59,4090.0,2000.0,579100.0
359,2021-10-19 03:03:59,4090.0,100.0,577100.0
360,2021-10-19 03:03:59,4090.0,4300.0,577000.0
361,2021-10-19 03:03:59,4090.0,3000.0,572700.0
362,2021-10-19 03:03:59,4090.0,100.0,569700.0
363,2021-10-19 03:00:13,4090.0,100.0,569600.0
364,2021-10-19 02:59:54,4090.0,500.0,569500.0
365,2021-10-19 02:58:06,4090.0,100.0,569000.0
366,2021-10-19 02:57:53,4090.0,2000.0,568900.0
367,2021-10-19 02:53:50,4090.0,100.0,566900.0
368,2021-10-19 02:53:46,4090.0,2300.0,566800.0
369,2021-10-19 02:53:46,4090.0,100.0,564500.0
370,2021-10-19 02:53:46,4090.0,5500.0,564400.0
371,2021-10-19 02:52:24,4090.0,1700.0,558900.0
372,2021-10-19 02:52:24,4090.0,300.0,557200.0
373,2021-10-19 02:51:31,4090.0,1400.0,556900.0
374,2021-10-19 02:48:15,4090.0,300.0,555500.0
375,2021-10-19 02:48:15,4090.0,2600.0,555200.0
376,2021-10-19 02:48:15,4090.0,100.0,552600.0
377,2021-10-19 02:47:57,4090.0,300.0,552500.0
378,2021-10-19 02:44:22,4090.0,100.0,552200.0
379,2021-10-19 02:43:42,4090.0,100.0,552100.0
380,2021-10-19 02:41:11,4090.0,500.0,552000.0
381,2021-10-19 02:41:11,4090.0,200.0,551500.0
382,2021-10-19 02:41:11,4090.0,1200.0,551300.0
383,2021-10-19 02:39:43,4090.0,1200.0,550100.0
384,2021-10-19 02:39:43,4090.0,200.0,548900.0
385,2021-10-19 02:39:43,4090.0,3000.0,548700.0
386,2021-10-19 02:39:43,4090.0,600.0,545700.0
387,2021-10-19 02:39:11,4090.0,500.0,545100.0
388,2021-10-19 02:39:02,4090.0,100.0,544600.0
389,2021-10-19 02:38:51,4090.0,400.0,544500.0
390,2021-10-19 02:38:51,4090.0,400.0,544100.0
391,2021-10-19 02:38:19,4090.0,5000.0,543700.0
392,2021-10-19 02:37:48,4090.0,200.0,538700.0
393,2021-10-19 02:37:35,4090.0,5000.0,538500.0
394,2021-10-19 02:37:18,4090.0,3000.0,533500.0
395,2021-10-19 02:36:57,4090.0,1000.0,530500.0
396,2021-10-19 02:36:51,4090.0,1000.0,529500.0
397,2021-10-19 02:36:47,4090.0,100.0,528500.0
398,2021-10-19 02:36:28,4090.0,6300.0,528400.0
399,2021-10-19 02:36:28,4090.0,2300.0,522100.0
400,2021-10-19 02:36:06,4090.0,2000.0,519800.0
401,2021-10-19 02:36:06,4090.0,4000.0,517800.0
402,2021-10-19 02:35:43,4090.0,500.0,513800.0
403,2021-10-19 02:35:41,4090.0,500.0,513300.0
404,2021-10-19 02:35:23,4090.0,100.0,512800.0
405,2021-10-19 02:34:41,4090.0,400.0,512700.0
406,2021-10-19 02:34:12,4090.0,300.0,512300.0
407,2021-10-19 02:34:00,4090.0,600.0,512000.0
408,2021-10-19 02:34:00,4090.0,13500.0,511400.0
409,2021-10-19 02:34:00,4090.0,1000.0,497900.0
410,2021-10-19 02:34:00,4090.0,400.0,496900.0
411,2021-10-19 02:34:00,4090.0,5000.0,496500.0
412,2021-10-19 02:34:00,4090.0,2000.0,491500.0
413,2021-10-19 02:34:00,4090.0,300.0,489500.0
414,2021-10-19 02:34:00,4090.0,100.0,489200.0
415,2021-10-19 02:34:00,4090.0,20000.0,489100.0
416,2021-10-19 02:34:00,4090.0,100.0,469100.0
417,2021-10-19 02:34:00,4090.0,1200.0,469000.0
418,2021-10-19 02:33:32,4090.0,300.0,467800.0
419,2021-10-19 02:32:57,4060.0,400.0,467500.0
420,2021-10-19 02:32:38,4090.0,500.0,467100.0
421,2021-10-19 02:32:21,4060.0,100.0,466600.0
422,2021-10-19 02:32:10,4060.0,1000.0,466500.0
423,2021-10-19 02:32:10,4060.0,200.0,465500.0
424,2021-10-19 02:32:10,4060.0,700.0,465300.0
425,2021-10-19 02:32:02,4090.0,3000.0,464600.0
426,2021-10-19 02:31:39,4080.0,100.0,461600.0
427,2021-10-19 02:30:34,4090.0,500.0,461500.0
428,2021-10-19 02:30:34,4090.0,1000.0,461000.0
429,2021-10-19 02:30:23,4090.0,400.0,460000.0
430,2021-10-19 02:30:23,4090.0,2700.0,459600.0
431,2021-10-19 02:30:22,4090.0,500.0,456900.0
432,2021-10-19 02:30:22,4090.0,100.0,456400.0
433,2021-10-19 02:30:22,4090.0,3000.0,456300.0
434,2021-10-19 02:30:22,4090.0,100.0,453300.0
435,2021-10-19 02:30:22,4090.0,200.0,453200.0
436,2021-10-19 02:30:22,4090.0,1700.0,453000.0
437,2021-10-19 02:30:22,4090.0,4200.0,451300.0
438,2021-10-19 02:30:19,4090.0,2800.0,447100.0
439,2021-10-19 02:30:19,4090.0,200.0,444300.0
440,2021-10-19 02:30:19,4090.0,100.0,444100.0
441,2021-10-19 02:30:19,4090.0,1900.0,444000.0
442,2021-10-19 02:30:01,4090.0,300.0,442100.0
443,2021-10-19 02:29:39,4090.0,2800.0,441800.0
444,2021-10-19 02:29:39,4090.0,200.0,439000.0
445,2021-10-19 02:29:26,4090.0,600.0,438800.0
446,2021-10-19 02:29:26,4090.0,100.0,438200.0
447,2021-10-19 02:29:26,4090.0,2300.0,438100.0
448,2021-10-19 02:29:00,4090.0,2700.0,435800.0
449,2021-10-19 02:29:00,4090.0,800.0,433100.0
450,2021-10-19 02:28:59,4090.0,500.0,432300.0
451,2021-10-19 02:28:39,4090.0,2000.0,431800.0
452,2021-10-19 02:27:48,4090.0,100.0,429800.0
453,2021-10-19 02:27:06,4090.0,100.0,429700.0
454,2021-10-19 02:27:00,4090.0,2000.0,429600.0
455,2021-10-19 02:26:49,4090.0,100.0,427600.0
456,2021-10-19 02:26:22,4090.0,500.0,427500.0
457,2021-10-19 02:26:16,4090.0,1000.0,427000.0
458,2021-10-19 02:26:12,4090.0,5000.0,426000.0
459,2021-10-19 02:26:08,4090.0,100.0,421000.0
460,2021-10-19 02:26:05,4090.0,200.0,420900.0
461,2021-10-19 02:25:57,4090.0,200.0,420700.0
462,2021-10-19 02:25:57,4090.0,800.0,420500.0
463,2021-10-19 02:25:57,4090.0,3000.0,419700.0
464,2021-10-19 02:25:57,4090.0,500.0,416700.0
465,2021-10-19 02:25:57,4090.0,100.0,416200.0
466,2021-10-19 02:25:57,4090.0,200.0,416100.0
467,2021-10-19 02:25:57,4090.0,2800.0,415900.0
468,2021-10-19 02:25:36,4090.0,100.0,413100.0
469,2021-10-19 02:24:54,4090.0,400.0,413000.0
470,2021-10-19 02:24:54,4090.0,800.0,412600.0
471,2021-10-19 02:24:54,4090.0,200.0,411800.0
472,2021-10-19 02:24:54,4090.0,1900.0,411600.0
473,2021-10-19 02:24:54,4090.0,10000.0,409700.0
474,2021-10-19 02:24:54,4090.0,3800.0,399700.0
475,2021-10-19 02:24:53,4090.0,400.0,395900.0
476,2021-10-19 02:24:48,4090.0,800.0,395500.0
477,2021-10-19 02:24:43,4090.0,500.0,394700.0
478,2021-10-19 02:24:37,4090.0,100.0,394200.0
479,2021-10-19 02:24:31,4090.0,500.0,394100.0
480,2021-10-19 02:24:17,4090.0,2000.0,393600.0
481,2021-10-19 02:24:14,4090.0,8000.0,391600.0
482,2021-10-19 02:24:02,4090.0,1000.0,383600.0
483,2021-10-19 02:24:01,4090.0,1000.0,382600.0
484,2021-10-19 02:23:57,4090.0,300.0,381600.0
485,2021-10-19 02:23:43,4090.0,600.0,381300.0
486,2021-10-19 02:23:41,4090.0,100.0,380700.0
487,2021-10-19 02:23:33,4090.0,100.0,380600.0
488,2021-10-19 02:23:25,4090.0,300.0,380500.0
489,2021-10-19 02:23:24,4090.0,10000.0,380200.0
490,2021-10-19 02:23:18,4090.0,200.0,370200.0
491,2021-10-19 02:23:10,4090.0,300.0,370000.0
492,2021-10-19 02:23:10,4090.0,100.0,369700.0
493,2021-10-19 02:23:05,4090.0,300.0,369600.0
494,2021-10-19 02:22:53,4090.0,400.0,369300.0
495,2021-10-19 02:22:53,4090.0,100.0,368900.0
496,2021-10-19 02:22:53,4090.0,200.0,368800.0
497,2021-10-19 02:22:53,4090.0,1200.0,368600.0
498,2021-10-19 02:22:53,4090.0,10000.0,367400.0
499,2021-10-19 02:22:53,4090.0,30000.0,357400.0
500,2021-10-19 02:22:53,4090.0,2000.0,327400.0
501,2021-10-19 02:22:53,4090.0,100.0,325400.0
502,2021-10-19 02:22:53,4090.0,400.0,325300.0
503,2021-10-19 02:22:53,4090.0,4100.0,324900.0
504,2021-10-19 02:22:53,4090.0,3000.0,320800.0
505,2021-10-19 02:22:53,4090.0,14400.0,317800.0
506,2021-10-19 02:22:53,4090.0,300.0,303400.0
507,2021-10-19 02:22:53,4090.0,5000.0,303100.0
508,2021-10-19 02:22:53,4090.0,300.0,298100.0
509,2021-10-19 02:22:53,4090.0,11000.0,297800.0
510,2021-10-19 02:22:53,4090.0,500.0,286800.0
511,2021-10-19 02:22:53,4090.0,1700.0,286300.0
512,2021-10-19 02:22:53,4090.0,2300.0,284600.0
513,2021-10-19 02:22:53,4090.0,1400.0,282300.0
514,2021-10-19 02:22:53,4090.0,10000.0,280900.0
515,2021-10-19 02:22:53,4090.0,500.0,270900.0
516,2021-10-19 02:22:53,4090.0,1100.0,270400.0
517,2021-10-19 02:22:53,4090.0,1000.0,269300.0
518,2021-10-19 02:22:53,4090.0,2000.0,268300.0
519,2021-10-19 02:22:53,4090.0,3000.0,266300.0
520,2021-10-19 02:22:53,4090.0,700.0,263300.0
521,2021-10-19 02:22:53,4090.0,500.0,262600.0
522,2021-10-19 02:22:53,4090.0,100.0,262100.0
523,2021-10-19 02:22:53,4090.0,500.0,262000.0
524,2021-10-19 02:22:53,4090.0,2000.0,261500.0
525,2021-10-19 02:22:53,4090.0,10000.0,259500.0
526,2021-10-19 02:22:53,4090.0,500.0,249500.0
527,2021-10-19 02:22:53,4090.0,800.0,249000.0
528,2021-10-19 02:22:53,4090.0,5100.0,248200.0
529,2021-10-19 02:22:53,4080.0,100.0,243100.0
530,2021-10-19 02:22:53,4080.0,6000.0,243000.0
531,2021-10-19 02:22:53,4080.0,15000.0,237000.0
532,2021-10-19 02:22:53,4080.0,500.0,222000.0
533,2021-10-19 02:22:53,4080.0,9000.0,221500.0
534,2021-10-19 02:22:53,4080.0,10000.0,212500.0
535,2021-10-19 02:22:53,4080.0,5000.0,202500.0
536,2021-10-19 02:22:53,4080.0,200.0,197500.0
537,2021-10-19 02:22:53,4080.0,4000.0,197300.0
538,2021-10-19 02:22:53,4080.0,3300.0,193300.0
539,2021-10-19 02:22:53,4080.0,300.0,190000.0
540,2021-10-19 02:22:47,4050.0,100.0,189700.0
541,2021-10-19 02:22:38,4050.0,800.0,189600.0
542,2021-10-19 02:22:19,4050.0,200.0,188800.0
543,2021-10-19 02:22:19,4050.0,300.0,188600.0
544,2021-10-19 02:21:51,4080.0,200.0,188300.0
545,2021-10-19 02:21:51,4060.0,300.0,188100.0
546,2021-10-19 02:21:50,4040.0,1000.0,187800.0
547,2021-10-19 02:21:50,4040.0,400.0,186800.0
548,2021-10-19 02:21:50,4050.0,600.0,186400.0
549,2021-10-19 02:21:41,4050.0,300.0,185800.0
550,2021-10-19 02:21:13,4050.0,100.0,185500.0
551,2021-10-19 02:21:09,4080.0,1000.0,185400.0
552,2021-10-19 02:20:29,4090.0,300.0,184400.0
553,2021-10-19 02:20:22,4090.0,700.0,184100.0
554,2021-10-19 02:20:22,4080.0,300.0,183400.0
555,2021-10-19 02:20:13,4090.0,6000.0,183100.0
556,2021-10-19 02:20:13,4090.0,7000.0,177100.0
557,2021-10-19 02:20:13,4080.0,100.0,170100.0
558,2021-10-19 02:20:13,4080.0,900.0,170000.0
559,2021-10-19 02:20:07,4080.0,100.0,169100.0
560,2021-10-19 02:19:39,4090.0,2000.0,169000.0
561,2021-10-19 02:19:15,4040.0,1000.0,167000.0
562,2021-10-19 02:19:13,4040.0,600.0,166000.0
563,2021-10-19 02:19:13,4080.0,400.0,165400.0
564,2021-10-19 02:19:06,4080.0,100.0,165000.0
565,2021-10-19 02:18:46,4090.0,2000.0,164900.0
566,2021-10-19 02:18:24,4090.0,100.0,162900.0
567,2021-10-19 02:18:22,4090.0,1200.0,162800.0
568,2021-10-19 02:18:22,4080.0,100.0,161600.0
569,2021-10-19 02:18:21,4090.0,5600.0,161500.0
570,2021-10-19 02:18:21,4090.0,400.0,155900.0
571,2021-10-19 02:18:21,4090.0,1000.0,155500.0
572,2021-10-19 02:18:21,4090.0,1500.0,154500.0
573,2021-10-19 02:18:21,4090.0,100.0,153000.0
574,2021-10-19 02:18:21,4090.0,2400.0,152900.0
575,2021-10-19 02:18:19,4090.0,2700.0,150500.0
576,2021-10-19 02:18:19,4090.0,100.0,147800.0
577,2021-10-19 02:18:19,4090.0,100.0,147700.0
578,2021-10-19 02:18:19,4090.0,7100.0,147600.0
579,2021-10-19 02:18:04,4090.0,2000.0,140500.0
580,2021-10-19 02:17:55,4090.0,7600.0,138500.0
581,2021-10-19 02:17:55,4090.0,2400.0,130900.0
582,2021-10-19 02:17:52,4090.0,900.0,128500.0
583,2021-10-19 02:17:52,4090.0,100.0,127600.0
584,2021-10-19 02:17:42,4090.0,100.0,127500.0
585,2021-10-19 02:17:42,4090.0,200.0,127400.0
586,2021-10-19 02:17:42,4090.0,300.0,127200.0
587,2021-10-19 02:17:42,4090.0,1400.0,126900.0
588,2021-10-19 02:17:35,4090.0,2000.0,125500.0
589,2021-10-19 02:17:18,4090.0,1600.0,123500.0
590,2021-10-19 02:17:18,4090.0,300.0,121900.0
591,2021-10-19 02:17:18,4090.0,300.0,121600.0
592,2021-10-19 02:17:18,4090.0,300.0,121300.0
593,2021-10-19 02:17:18,4090.0,1000.0,121000.0
594,2021-10-19 02:17:18,4090.0,600.0,120000.0
595,2021-10-19 02:17:18,4090.0,200.0,119400.0
596,2021-10-19 02:17:18,4090.0,5000.0,119200.0
597,2021-10-19 02:17:18,4090.0,700.0,114200.0
598,2021-10-19 02:17:17,4090.0,300.0,113500.0
599,2021-10-19 02:17:17,4090.0,200.0,113200.0
600,2021-10-19 02:17:17,4090.0,2000.0,113000.0
601,2021-10-19 02:17:17,4090.0,100.0,111000.0
602,2021-10-19 02:17:17,4090.0,1400.0,110900.0
603,2021-10-19 02:17:02,4090.0,8100.0,109500.0
604,2021-10-19 02:17:02,4090.0,1500.0,101400.0
605,2021-10-19 02:17:02,4080.0,400.0,99900.0
606,2021-10-19 02:17:00,4080.0,4600.0,99500.0
607,2021-10-19 02:17:00,4080.0,400.0,94900.0
608,2021-10-19 02:16:42,4090.0,200.0,94500.0
609,2021-10-19 02:16:28,4030.0,5000.0,94300.0
610,2021-10-19 02:16:27,4090.0,4000.0,89300.0
611,2021-10-19 02:16:15,4090.0,100.0,85300.0
612,2021-10-19 02:15:59,4090.0,4200.0,85200.0
613,2021-10-19 02:15:59,4090.0,5800.0,81000.0
614,2021-10-19 02:15:58,4030.0,3000.0,75200.0
615,2021-10-19 02:15:55,4090.0,10000.0,72200.0
616,2021-10-19 02:15:01,4090.0,100.0,62200.0
617,2021-10-19 02:15:01,4090.0,100.0,62100.0
618,2021-10-19 02:15:01,4090.0,500.0,62000.0
619,2021-10-19 02:15:01,4090.0,400.0,61500.0
620,2021-10-19 02:15:01,4090.0,2800.0,61100.0
621,2021-10-19 02:15:01,4090.0,1200.0,58300.0
622,2021-10-19 02:15:01,4090.0,100.0,57100.0
623,2021-10-19 02:15:01,4090.0,100.0,57000.0
624,2021-10-19 02:15:01,4090.0,200.0,56900.0
625,2021-10-19 02:15:01,4090.0,1300.0,56700.0
626,2021-10-19 02:15:01,4090.0,700.0,55400.0
627,2021-10-19 02:15:01,4090.0,2400.0,54700.0
628,2021-10-19 02:15:01,4090.0,2000.0,52300.0
629,2021-10-19 02:15:01,4090.0,500.0,50300.0
630,2021-10-19 02:15:01,4090.0,5100.0,49800.0
631,2021-10-19 02:15:01,4090.0,3100.0,44700.0
632,2021-10-19 02:15:01,4090.0,900.0,41600.0
633,2021-10-19 02:15:01,4090.0,100.0,40700.0
634,2021-10-19 02:15:01,4090.0,900.0,40600.0
635,2021-10-19 02:15:01,4090.0,5600.0,39700.0
636,2021-10-19 02:15:01,4090.0,100.0,34100.0
637,2021-10-19 02:15:01,4090.0,100.0,34000.0
638,2021-10-19 02:15:01,4090.0,400.0,33900.0
639,2021-10-19 02:15:01,4090.0,200.0,33500.0
640,2021-10-19 02:15:01,4090.0,3600.0,33300.0
641,2021-10-19 02:15:01,4090.0,6400.0,29700.0
642,2021-10-19 02:15:01,4090.0,300.0,23300.0
643,2021-10-19 02:15:01,4090.0,3300.0,23000.0
644,2021-10-19 02:15:01,4090.0,100.0,19700.0
645,2021-10-19 02:15:01,4090.0,200.0,19600.0
646,2021-10-19 02:15:01,4090.0,200.0,19400.0
647,2021-10-19 02:15:01,4090.0,300.0,19200.0
648,2021-10-19 02:15:01,4090.0,100.0,18900.0
649,2021-10-19 02:15:01,4090.0,400.0,18800.0
650,2021-10-19 02:15:01,4090.0,200.0,18400.0
651,2021-10-19 02:15:01,4090.0,100.0,18200.0
652,2021-10-19 02:15:01,4090.0,100.0,18100.0
653,2021-10-19 02:15:01,4090.0,4000.0,18000.0
654,2021-10-19 02:15:01,4090.0,200.0,14000.0
655,2021-10-19 02:15:01,4090.0,300.0,13800.0
656,2021-10-19 02:15:01,4090.0,100.0,13500.0
657,2021-10-19 02:15:01,4090.0,200.0,13400.0
658,2021-10-19 02:15:01,4090.0,500.0,13200.0
659,2021-10-19 02:15:01,4090.0,100.0,12700.0
660,2021-10-19 02:15:01,4090.0,2900.0,12600.0
661,2021-10-19 02:15:01,4090.0,100.0,9700.0
662,2021-10-19 02:15:01,4090.0,500.0,9600.0
663,2021-10-19 02:15:01,4090.0,100.0,9100.0
664,2021-10-19 02:15:01,4090.0,5200.0,9000.0
665,2021-10-19 02:15:01,4090.0,1100.0,3800.0
666,2021-10-19 02:15:01,4090.0,100.0,2700.0
667,2021-10-19 02:15:01,4090.0,100.0,2600.0
668,2021-10-19 02:15:01,4090.0,800.0,2500.0
669,2021-10-19 02:15:01,4090.0,1000.0,1700.0
670,2021-10-19 02:15:01,4090.0,100.0,700.0
671,2021-10-19 02:15:01,4090.0,100.0,600.0
672,2021-10-19 02:15:01,4090.0,300.0,500.0
673,2021-10-19 02:15:01,4090.0,100.0,200.0
674,2021-10-19 02:15:01,4090.0,100.0,100.0
