,Time,Price,Volume_per_trade,Volume
0,2021-10-22 07:45:00,13550.0,500.0,2504600.0
1,2021-10-22 07:45:00,13550.0,200.0,2504100.0
2,2021-10-22 07:45:00,13550.0,200.0,2503900.0
3,2021-10-22 07:45:00,13550.0,200.0,2503700.0
4,2021-10-22 07:45:00,13550.0,200.0,2503500.0
5,2021-10-22 07:45:00,13550.0,100.0,2503300.0
6,2021-10-22 07:45:00,13550.0,200.0,2503200.0
7,2021-10-22 07:45:00,13550.0,800.0,2503000.0
8,2021-10-22 07:45:00,13550.0,1500.0,2502200.0
9,2021-10-22 07:45:00,13550.0,2500.0,2500700.0
10,2021-10-22 07:45:00,13550.0,2000.0,2498200.0
11,2021-10-22 07:45:00,13550.0,14000.0,2496200.0
12,2021-10-22 07:45:00,13550.0,5000.0,2482200.0
13,2021-10-22 07:45:00,13550.0,900.0,2477200.0
14,2021-10-22 07:45:00,13550.0,500.0,2476300.0
15,2021-10-22 07:45:00,13550.0,100.0,2475800.0
16,2021-10-22 07:45:00,13550.0,9000.0,2475700.0
17,2021-10-22 07:45:00,13550.0,2000.0,2466700.0
18,2021-10-22 07:45:00,13550.0,1300.0,2464700.0
19,2021-10-22 07:45:00,13550.0,300.0,2463400.0
20,2021-10-22 07:45:00,13550.0,800.0,2463100.0
21,2021-10-22 07:45:00,13550.0,1000.0,2462300.0
22,2021-10-22 07:45:00,13550.0,500.0,2461300.0
23,2021-10-22 07:45:00,13550.0,100.0,2460800.0
24,2021-10-22 07:45:00,13550.0,10000.0,2460700.0
25,2021-10-22 07:45:00,13550.0,100.0,2450700.0
26,2021-10-22 07:45:00,13550.0,9900.0,2450600.0
27,2021-10-22 07:45:00,13550.0,100.0,2440700.0
28,2021-10-22 07:45:00,13550.0,400.0,2440600.0
29,2021-10-22 07:29:38,13500.0,100.0,2440200.0
30,2021-10-22 07:29:37,13550.0,100.0,2440100.0
31,2021-10-22 07:29:08,13550.0,1000.0,2440000.0
32,2021-10-22 07:29:05,13550.0,3000.0,2439000.0
33,2021-10-22 07:28:39,13550.0,3400.0,2436000.0
34,2021-10-22 07:28:24,13550.0,1000.0,2432600.0
35,2021-10-22 07:27:01,13550.0,1500.0,2431600.0
36,2021-10-22 07:26:56,13550.0,200.0,2430100.0
37,2021-10-22 07:26:24,13550.0,100.0,2429900.0
38,2021-10-22 07:26:12,13550.0,300.0,2429800.0
39,2021-10-22 07:25:19,13550.0,100.0,2429500.0
40,2021-10-22 07:24:20,13550.0,200.0,2429400.0
41,2021-10-22 07:22:59,13500.0,400.0,2429200.0
42,2021-10-22 07:22:59,13500.0,2300.0,2428800.0
43,2021-10-22 07:22:52,13500.0,100.0,2426500.0
44,2021-10-22 07:22:02,13500.0,100.0,2426400.0
45,2021-10-22 07:22:00,13500.0,1500.0,2426300.0
46,2021-10-22 07:21:47,13500.0,1000.0,2424800.0
47,2021-10-22 07:21:35,13500.0,500.0,2423800.0
48,2021-10-22 07:21:28,13500.0,1100.0,2423300.0
49,2021-10-22 07:20:45,13500.0,1000.0,2422200.0
50,2021-10-22 07:20:45,13500.0,200.0,2421200.0
51,2021-10-22 07:20:45,13500.0,100.0,2421000.0
52,2021-10-22 07:20:45,13500.0,1000.0,2420900.0
53,2021-10-22 07:20:45,13500.0,1100.0,2419900.0
54,2021-10-22 07:20:08,13550.0,100.0,2418800.0
55,2021-10-22 07:18:49,13550.0,100.0,2418700.0
56,2021-10-22 07:18:44,13550.0,200.0,2418600.0
57,2021-10-22 07:18:34,13500.0,1900.0,2418400.0
58,2021-10-22 07:18:33,13500.0,800.0,2416500.0
59,2021-10-22 07:18:30,13500.0,300.0,2415700.0
60,2021-10-22 07:18:09,13500.0,2700.0,2415400.0
61,2021-10-22 07:17:57,13500.0,200.0,2412700.0
62,2021-10-22 07:17:08,13500.0,2000.0,2412500.0
63,2021-10-22 07:16:57,13500.0,100.0,2410500.0
64,2021-10-22 07:16:44,13550.0,100.0,2410400.0
65,2021-10-22 07:16:44,13450.0,3500.0,2410300.0
66,2021-10-22 07:16:44,13450.0,1100.0,2406800.0
67,2021-10-22 07:16:23,13450.0,3900.0,2405700.0
68,2021-10-22 07:16:23,13450.0,200.0,2401800.0
69,2021-10-22 07:16:23,13450.0,900.0,2401600.0
70,2021-10-22 07:16:09,13450.0,2100.0,2400700.0
71,2021-10-22 07:16:09,13450.0,100.0,2398600.0
72,2021-10-22 07:16:09,13450.0,300.0,2398500.0
73,2021-10-22 07:16:09,13450.0,100.0,2398200.0
74,2021-10-22 07:16:09,13450.0,200.0,2398100.0
75,2021-10-22 07:16:09,13450.0,400.0,2397900.0
76,2021-10-22 07:16:09,13450.0,3800.0,2397500.0
77,2021-10-22 07:16:09,13500.0,1000.0,2393700.0
78,2021-10-22 07:15:39,13550.0,200.0,2392700.0
79,2021-10-22 07:15:05,13500.0,200.0,2392500.0
80,2021-10-22 07:14:17,13450.0,100.0,2392300.0
81,2021-10-22 07:14:17,13500.0,500.0,2392200.0
82,2021-10-22 07:14:15,13550.0,500.0,2391700.0
83,2021-10-22 07:13:33,13450.0,16100.0,2391200.0
84,2021-10-22 07:13:33,13450.0,10000.0,2375100.0
85,2021-10-22 07:13:33,13450.0,1800.0,2365100.0
86,2021-10-22 07:13:33,13450.0,10000.0,2363300.0
87,2021-10-22 07:13:33,13450.0,2000.0,2353300.0
88,2021-10-22 07:13:33,13450.0,200.0,2351300.0
89,2021-10-22 07:13:33,13450.0,1500.0,2351100.0
90,2021-10-22 07:13:33,13450.0,2000.0,2349600.0
91,2021-10-22 07:13:33,13450.0,200.0,2347600.0
92,2021-10-22 07:13:33,13450.0,500.0,2347400.0
93,2021-10-22 07:13:33,13450.0,100.0,2346900.0
94,2021-10-22 07:13:33,13450.0,100.0,2346800.0
95,2021-10-22 07:13:33,13450.0,500.0,2346700.0
96,2021-10-22 07:13:33,13450.0,1000.0,2346200.0
97,2021-10-22 07:13:33,13450.0,200.0,2345200.0
98,2021-10-22 07:13:33,13450.0,100.0,2345000.0
99,2021-10-22 07:13:33,13450.0,1100.0,2344900.0
100,2021-10-22 07:13:33,13450.0,2000.0,2343800.0
101,2021-10-22 07:13:33,13450.0,500.0,2341800.0
102,2021-10-22 07:13:33,13500.0,100.0,2341300.0
103,2021-10-22 07:13:19,13550.0,1000.0,2341200.0
104,2021-10-22 07:12:51,13500.0,400.0,2340200.0
105,2021-10-22 07:12:48,13500.0,500.0,2339800.0
106,2021-10-22 07:12:47,13500.0,200.0,2339300.0
107,2021-10-22 07:12:20,13500.0,2000.0,2339100.0
108,2021-10-22 07:12:20,13500.0,700.0,2337100.0
109,2021-10-22 07:12:20,13500.0,1700.0,2336400.0
110,2021-10-22 07:12:20,13500.0,1000.0,2334700.0
111,2021-10-22 07:12:20,13500.0,1000.0,2333700.0
112,2021-10-22 07:12:20,13500.0,20000.0,2332700.0
113,2021-10-22 07:12:20,13500.0,500.0,2312700.0
114,2021-10-22 07:12:20,13500.0,100.0,2312200.0
115,2021-10-22 07:12:20,13500.0,5000.0,2312100.0
116,2021-10-22 07:12:20,13500.0,1000.0,2307100.0
117,2021-10-22 07:12:20,13500.0,5900.0,2306100.0
118,2021-10-22 07:11:37,13550.0,200.0,2300200.0
119,2021-10-22 07:11:03,13550.0,2000.0,2300000.0
120,2021-10-22 07:10:26,13550.0,2200.0,2298000.0
121,2021-10-22 07:10:16,13550.0,7800.0,2295800.0
122,2021-10-22 07:10:09,13550.0,5000.0,2288000.0
123,2021-10-22 07:10:04,13550.0,700.0,2283000.0
124,2021-10-22 07:10:02,13550.0,3000.0,2282300.0
125,2021-10-22 07:09:36,13550.0,300.0,2279300.0
126,2021-10-22 07:09:28,13550.0,1000.0,2279000.0
127,2021-10-22 07:09:20,13550.0,300.0,2278000.0
128,2021-10-22 07:08:38,13550.0,1900.0,2277700.0
129,2021-10-22 07:08:38,13550.0,100.0,2275800.0
130,2021-10-22 07:08:27,13550.0,200.0,2275700.0
131,2021-10-22 07:08:27,13550.0,300.0,2275500.0
132,2021-10-22 07:08:24,13550.0,100.0,2275200.0
133,2021-10-22 07:08:24,13550.0,300.0,2275100.0
134,2021-10-22 07:08:07,13550.0,100.0,2274800.0
135,2021-10-22 07:08:07,13550.0,400.0,2274700.0
136,2021-10-22 07:08:07,13550.0,2500.0,2274300.0
137,2021-10-22 07:08:01,13550.0,1500.0,2271800.0
138,2021-10-22 07:07:49,13550.0,300.0,2270300.0
139,2021-10-22 07:07:48,13550.0,2000.0,2270000.0
140,2021-10-22 07:07:29,13550.0,900.0,2268000.0
141,2021-10-22 07:07:10,13550.0,200.0,2267100.0
142,2021-10-22 07:06:12,13500.0,1000.0,2266900.0
143,2021-10-22 07:05:46,13550.0,10000.0,2265900.0
144,2021-10-22 07:05:22,13550.0,20000.0,2255900.0
145,2021-10-22 07:05:18,13550.0,2600.0,2235900.0
146,2021-10-22 07:05:18,13550.0,300.0,2233300.0
147,2021-10-22 07:05:18,13550.0,2500.0,2233000.0
148,2021-10-22 07:05:02,13550.0,500.0,2230500.0
149,2021-10-22 07:05:02,13550.0,200.0,2230000.0
150,2021-10-22 07:04:47,13500.0,3100.0,2229800.0
151,2021-10-22 07:04:47,13500.0,1300.0,2226700.0
152,2021-10-22 07:04:47,13500.0,200.0,2225400.0
153,2021-10-22 07:04:47,13500.0,400.0,2225200.0
154,2021-10-22 07:04:05,13550.0,100.0,2224800.0
155,2021-10-22 07:03:30,13550.0,27600.0,2224700.0
156,2021-10-22 07:03:30,13550.0,300.0,2197100.0
157,2021-10-22 07:03:30,13550.0,1500.0,2196800.0
158,2021-10-22 07:03:30,13550.0,1000.0,2195300.0
159,2021-10-22 07:03:30,13550.0,1000.0,2194300.0
160,2021-10-22 07:03:30,13550.0,1200.0,2193300.0
161,2021-10-22 07:02:41,13500.0,500.0,2192100.0
162,2021-10-22 07:02:41,13500.0,1000.0,2191600.0
163,2021-10-22 07:02:41,13500.0,100.0,2190600.0
164,2021-10-22 07:02:41,13500.0,500.0,2190500.0
165,2021-10-22 07:02:41,13500.0,100.0,2190000.0
166,2021-10-22 07:02:41,13500.0,2400.0,2189900.0
167,2021-10-22 07:02:41,13500.0,400.0,2187500.0
168,2021-10-22 07:02:32,13550.0,600.0,2187100.0
169,2021-10-22 07:01:51,13550.0,100.0,2186500.0
170,2021-10-22 07:01:11,13500.0,100.0,2186400.0
171,2021-10-22 07:01:11,13500.0,500.0,2186300.0
172,2021-10-22 07:01:00,13500.0,2000.0,2185800.0
173,2021-10-22 07:01:00,13500.0,1100.0,2183800.0
174,2021-10-22 07:00:51,13500.0,500.0,2182700.0
175,2021-10-22 07:00:43,13500.0,500.0,2182200.0
176,2021-10-22 07:00:36,13500.0,500.0,2181700.0
177,2021-10-22 07:00:01,13500.0,100.0,2181200.0
178,2021-10-22 07:00:01,13500.0,800.0,2181100.0
179,2021-10-22 07:00:01,13500.0,4000.0,2180300.0
180,2021-10-22 06:59:47,13500.0,1000.0,2176300.0
181,2021-10-22 06:59:29,13500.0,200.0,2175300.0
182,2021-10-22 06:59:20,13500.0,1000.0,2175100.0
183,2021-10-22 06:59:10,13500.0,1000.0,2174100.0
184,2021-10-22 06:59:09,13500.0,500.0,2173100.0
185,2021-10-22 06:59:06,13500.0,1500.0,2172600.0
186,2021-10-22 06:59:06,13500.0,100.0,2171100.0
187,2021-10-22 06:59:06,13500.0,1000.0,2171000.0
188,2021-10-22 06:59:06,13500.0,1500.0,2170000.0
189,2021-10-22 06:59:06,13500.0,700.0,2168500.0
190,2021-10-22 06:59:06,13500.0,5000.0,2167800.0
191,2021-10-22 06:59:06,13500.0,3800.0,2162800.0
192,2021-10-22 06:59:06,13500.0,2700.0,2159000.0
193,2021-10-22 06:59:05,13550.0,100.0,2156300.0
194,2021-10-22 06:59:05,13550.0,100.0,2156200.0
195,2021-10-22 06:58:53,13550.0,600.0,2156100.0
196,2021-10-22 06:58:45,13550.0,300.0,2155500.0
197,2021-10-22 06:58:44,13550.0,1000.0,2155200.0
198,2021-10-22 06:58:30,13550.0,5000.0,2154200.0
199,2021-10-22 06:57:32,13550.0,2000.0,2149200.0
200,2021-10-22 06:57:17,13550.0,300.0,2147200.0
201,2021-10-22 06:56:59,13550.0,600.0,2146900.0
202,2021-10-22 06:56:35,13550.0,1000.0,2146300.0
203,2021-10-22 06:56:32,13550.0,100.0,2145300.0
204,2021-10-22 06:56:32,13550.0,5000.0,2145200.0
205,2021-10-22 06:56:32,13550.0,10000.0,2140200.0
206,2021-10-22 06:56:32,13550.0,2900.0,2130200.0
207,2021-10-22 06:56:00,13500.0,2300.0,2127300.0
208,2021-10-22 06:55:52,13500.0,5000.0,2125000.0
209,2021-10-22 06:55:31,13500.0,100.0,2120000.0
210,2021-10-22 06:55:02,13500.0,100.0,2119900.0
211,2021-10-22 06:54:53,13500.0,100.0,2119800.0
212,2021-10-22 06:54:47,13500.0,1100.0,2119700.0
213,2021-10-22 06:54:33,13500.0,1000.0,2118600.0
214,2021-10-22 06:54:30,13500.0,100.0,2117600.0
215,2021-10-22 06:54:11,13500.0,2700.0,2117500.0
216,2021-10-22 06:54:11,13500.0,100.0,2114800.0
217,2021-10-22 06:54:11,13500.0,2600.0,2114700.0
218,2021-10-22 06:54:11,13500.0,100.0,2112100.0
219,2021-10-22 06:54:11,13500.0,400.0,2112000.0
220,2021-10-22 06:54:11,13500.0,1500.0,2111600.0
221,2021-10-22 06:54:11,13500.0,600.0,2110100.0
222,2021-10-22 06:54:11,13500.0,1000.0,2109500.0
223,2021-10-22 06:54:11,13500.0,300.0,2108500.0
224,2021-10-22 06:54:11,13500.0,100.0,2108200.0
225,2021-10-22 06:54:11,13500.0,800.0,2108100.0
226,2021-10-22 06:53:59,13550.0,2300.0,2107300.0
227,2021-10-22 06:53:58,13550.0,500.0,2105000.0
228,2021-10-22 06:53:55,13500.0,200.0,2104500.0
229,2021-10-22 06:53:55,13500.0,100.0,2104300.0
230,2021-10-22 06:53:38,13550.0,2900.0,2104200.0
231,2021-10-22 06:53:35,13550.0,1000.0,2101300.0
232,2021-10-22 06:53:35,13550.0,200.0,2100300.0
233,2021-10-22 06:53:35,13550.0,200.0,2100100.0
234,2021-10-22 06:53:18,13550.0,300.0,2099900.0
235,2021-10-22 06:53:18,13550.0,100.0,2099600.0
236,2021-10-22 06:53:17,13550.0,4900.0,2099500.0
237,2021-10-22 06:53:17,13550.0,100.0,2094600.0
238,2021-10-22 06:52:47,13550.0,3000.0,2094500.0
239,2021-10-22 06:52:42,13550.0,500.0,2091500.0
240,2021-10-22 06:51:40,13550.0,200.0,2091000.0
241,2021-10-22 06:51:30,13550.0,100.0,2090800.0
242,2021-10-22 06:51:27,13550.0,300.0,2090700.0
243,2021-10-22 06:51:25,13550.0,100.0,2090400.0
244,2021-10-22 06:51:12,13550.0,5000.0,2090300.0
245,2021-10-22 06:51:11,13550.0,500.0,2085300.0
246,2021-10-22 06:51:09,13550.0,200.0,2084800.0
247,2021-10-22 06:50:46,13550.0,300.0,2084600.0
248,2021-10-22 06:50:45,13550.0,2100.0,2084300.0
249,2021-10-22 06:50:39,13550.0,300.0,2082200.0
250,2021-10-22 06:50:32,13550.0,1000.0,2081900.0
251,2021-10-22 06:50:19,13550.0,300.0,2080900.0
252,2021-10-22 06:50:09,13550.0,1000.0,2080600.0
253,2021-10-22 06:50:06,13550.0,300.0,2079600.0
254,2021-10-22 06:49:11,13550.0,900.0,2079300.0
255,2021-10-22 06:48:57,13550.0,100.0,2078400.0
256,2021-10-22 06:48:57,13550.0,100.0,2078300.0
257,2021-10-22 06:48:57,13550.0,3000.0,2078200.0
258,2021-10-22 06:48:57,13550.0,900.0,2075200.0
259,2021-10-22 06:48:49,13550.0,100.0,2074300.0
260,2021-10-22 06:48:49,13550.0,200.0,2074200.0
261,2021-10-22 06:48:37,13550.0,100.0,2074000.0
262,2021-10-22 06:48:05,13550.0,200.0,2073900.0
263,2021-10-22 06:48:05,13550.0,900.0,2073700.0
264,2021-10-22 06:48:03,13550.0,100.0,2072800.0
265,2021-10-22 06:48:02,13550.0,1000.0,2072700.0
266,2021-10-22 06:47:36,13550.0,300.0,2071700.0
267,2021-10-22 06:46:52,13550.0,5000.0,2071400.0
268,2021-10-22 06:46:39,13550.0,5000.0,2066400.0
269,2021-10-22 06:46:30,13550.0,7700.0,2061400.0
270,2021-10-22 06:46:08,13550.0,1500.0,2053700.0
271,2021-10-22 06:45:23,13550.0,800.0,2052200.0
272,2021-10-22 06:45:00,13550.0,2300.0,2051400.0
273,2021-10-22 06:45:00,13500.0,3200.0,2049100.0
274,2021-10-22 06:44:59,13500.0,1000.0,2045900.0
275,2021-10-22 06:44:59,13500.0,500.0,2044900.0
276,2021-10-22 06:44:59,13500.0,1000.0,2044400.0
277,2021-10-22 06:44:59,13500.0,500.0,2043400.0
278,2021-10-22 06:44:59,13500.0,1000.0,2042900.0
279,2021-10-22 06:44:59,13500.0,1000.0,2041900.0
280,2021-10-22 06:44:59,13500.0,100.0,2040900.0
281,2021-10-22 06:44:59,13500.0,1700.0,2040800.0
282,2021-10-22 06:44:44,13550.0,2000.0,2039100.0
283,2021-10-22 06:44:44,13550.0,1000.0,2037100.0
284,2021-10-22 06:44:44,13550.0,2500.0,2036100.0
285,2021-10-22 06:43:49,13550.0,200.0,2033600.0
286,2021-10-22 06:43:46,13550.0,200.0,2033400.0
287,2021-10-22 06:43:22,13550.0,1200.0,2033200.0
288,2021-10-22 06:42:47,13500.0,5100.0,2032000.0
289,2021-10-22 06:42:47,13500.0,600.0,2026900.0
290,2021-10-22 06:42:46,13500.0,1100.0,2026300.0
291,2021-10-22 06:42:16,13500.0,2900.0,2025200.0
292,2021-10-22 06:42:16,13500.0,100.0,2022300.0
293,2021-10-22 06:42:16,13500.0,1000.0,2022200.0
294,2021-10-22 06:42:16,13500.0,400.0,2021200.0
295,2021-10-22 06:42:16,13500.0,100.0,2020800.0
296,2021-10-22 06:42:16,13500.0,900.0,2020700.0
297,2021-10-22 06:42:16,13500.0,500.0,2019800.0
298,2021-10-22 06:42:16,13500.0,1000.0,2019300.0
299,2021-10-22 06:42:16,13500.0,2000.0,2018300.0
300,2021-10-22 06:42:16,13500.0,1400.0,2016300.0
301,2021-10-22 06:42:16,13500.0,100.0,2014900.0
302,2021-10-22 06:42:16,13500.0,1000.0,2014800.0
303,2021-10-22 06:42:16,13500.0,1000.0,2013800.0
304,2021-10-22 06:42:16,13500.0,500.0,2012800.0
305,2021-10-22 06:42:16,13500.0,300.0,2012300.0
306,2021-10-22 06:42:03,13550.0,1400.0,2012000.0
307,2021-10-22 06:42:00,13550.0,900.0,2010600.0
308,2021-10-22 06:42:00,13550.0,300.0,2009700.0
309,2021-10-22 06:42:00,13550.0,6200.0,2009400.0
310,2021-10-22 06:41:30,13550.0,4100.0,2003200.0
311,2021-10-22 06:41:30,13550.0,1000.0,1999100.0
312,2021-10-22 06:41:30,13550.0,100.0,1998100.0
313,2021-10-22 06:41:30,13550.0,1000.0,1998000.0
314,2021-10-22 06:41:30,13550.0,1000.0,1997000.0
315,2021-10-22 06:41:30,13550.0,500.0,1996000.0
316,2021-10-22 06:41:30,13550.0,1000.0,1995500.0
317,2021-10-22 06:41:30,13550.0,1000.0,1994500.0
318,2021-10-22 06:41:30,13550.0,100.0,1993500.0
319,2021-10-22 06:41:30,13550.0,200.0,1993400.0
320,2021-10-22 06:41:08,13550.0,300.0,1993200.0
321,2021-10-22 06:41:08,13550.0,200.0,1992900.0
322,2021-10-22 06:38:39,13550.0,1000.0,1992700.0
323,2021-10-22 06:38:30,13550.0,500.0,1991700.0
324,2021-10-22 06:38:12,13550.0,1000.0,1991200.0
325,2021-10-22 06:37:02,13550.0,500.0,1990200.0
326,2021-10-22 06:36:55,13550.0,2000.0,1989700.0
327,2021-10-22 06:36:50,13550.0,300.0,1987700.0
328,2021-10-22 06:36:15,13550.0,1500.0,1987400.0
329,2021-10-22 06:35:55,13550.0,1000.0,1985900.0
330,2021-10-22 06:35:29,13550.0,2000.0,1984900.0
331,2021-10-22 06:35:11,13550.0,200.0,1982900.0
332,2021-10-22 06:35:11,13550.0,1100.0,1982700.0
333,2021-10-22 06:35:11,13550.0,2000.0,1981600.0
334,2021-10-22 06:35:11,13550.0,1000.0,1979600.0
335,2021-10-22 06:35:11,13550.0,200.0,1978600.0
336,2021-10-22 06:35:11,13550.0,300.0,1978400.0
337,2021-10-22 06:35:11,13550.0,400.0,1978100.0
338,2021-10-22 06:34:45,13550.0,1600.0,1977700.0
339,2021-10-22 06:34:45,13550.0,1000.0,1976100.0
340,2021-10-22 06:34:45,13550.0,6100.0,1975100.0
341,2021-10-22 06:34:45,13550.0,200.0,1969000.0
342,2021-10-22 06:34:45,13550.0,700.0,1968800.0
343,2021-10-22 06:34:45,13550.0,400.0,1968100.0
344,2021-10-22 06:29:26,13550.0,600.0,1967700.0
345,2021-10-22 06:29:26,13550.0,1500.0,1967100.0
346,2021-10-22 06:29:26,13550.0,300.0,1965600.0
347,2021-10-22 06:29:26,13550.0,200.0,1965300.0
348,2021-10-22 06:29:03,13550.0,800.0,1965100.0
349,2021-10-22 06:29:03,13550.0,200.0,1964300.0
350,2021-10-22 06:29:03,13550.0,2000.0,1964100.0
351,2021-10-22 06:25:27,13550.0,3000.0,1962100.0
352,2021-10-22 06:25:27,13550.0,1300.0,1959100.0
353,2021-10-22 06:25:27,13550.0,400.0,1957800.0
354,2021-10-22 06:25:27,13550.0,10000.0,1957400.0
355,2021-10-22 06:25:27,13550.0,300.0,1947400.0
356,2021-10-22 06:25:27,13550.0,700.0,1947100.0
357,2021-10-22 06:25:27,13550.0,1000.0,1946400.0
358,2021-10-22 06:25:27,13550.0,1000.0,1945400.0
359,2021-10-22 06:25:27,13550.0,1000.0,1944400.0
360,2021-10-22 06:25:27,13550.0,500.0,1943400.0
361,2021-10-22 06:25:27,13550.0,1000.0,1942900.0
362,2021-10-22 06:25:27,13550.0,5000.0,1941900.0
363,2021-10-22 06:25:27,13550.0,4800.0,1936900.0
364,2021-10-22 06:21:16,13550.0,700.0,1932100.0
365,2021-10-22 06:21:03,13550.0,2900.0,1931400.0
366,2021-10-22 06:21:03,13550.0,500.0,1928500.0
367,2021-10-22 06:21:03,13550.0,500.0,1928000.0
368,2021-10-22 06:21:03,13550.0,1000.0,1927500.0
369,2021-10-22 06:21:03,13550.0,100.0,1926500.0
370,2021-10-22 06:20:34,13550.0,100.0,1926400.0
371,2021-10-22 06:20:24,13550.0,2000.0,1926300.0
372,2021-10-22 06:20:14,13550.0,1000.0,1924300.0
373,2021-10-22 06:19:44,13550.0,300.0,1923300.0
374,2021-10-22 06:19:44,13550.0,200.0,1923000.0
375,2021-10-22 06:19:44,13550.0,1400.0,1922800.0
376,2021-10-22 06:19:22,13550.0,1800.0,1921400.0
377,2021-10-22 06:19:22,13550.0,1000.0,1919600.0
378,2021-10-22 06:19:22,13550.0,2200.0,1918600.0
379,2021-10-22 06:18:55,13550.0,2800.0,1916400.0
380,2021-10-22 06:18:53,13550.0,100.0,1913600.0
381,2021-10-22 06:18:32,13550.0,2100.0,1913500.0
382,2021-10-22 06:18:32,13550.0,900.0,1911400.0
383,2021-10-22 06:17:59,13550.0,100.0,1910500.0
384,2021-10-22 06:17:59,13550.0,100.0,1910400.0
385,2021-10-22 06:17:51,13550.0,100.0,1910300.0
386,2021-10-22 06:17:19,13550.0,200.0,1910200.0
387,2021-10-22 06:16:51,13550.0,500.0,1910000.0
388,2021-10-22 06:16:46,13550.0,800.0,1909500.0
389,2021-10-22 06:16:41,13550.0,400.0,1908700.0
390,2021-10-22 06:16:41,13550.0,5000.0,1908300.0
391,2021-10-22 06:16:41,13550.0,1000.0,1903300.0
392,2021-10-22 06:16:41,13550.0,1600.0,1902300.0
393,2021-10-22 06:16:30,13550.0,100.0,1900700.0
394,2021-10-22 06:16:28,13550.0,100.0,1900600.0
395,2021-10-22 06:16:23,13550.0,1900.0,1900500.0
396,2021-10-22 06:16:07,13550.0,800.0,1898600.0
397,2021-10-22 06:16:05,13550.0,5000.0,1897800.0
398,2021-10-22 06:15:46,13550.0,1000.0,1892800.0
399,2021-10-22 06:15:27,13550.0,1000.0,1891800.0
400,2021-10-22 06:15:22,13550.0,700.0,1890800.0
401,2021-10-22 06:15:01,13550.0,200.0,1890100.0
402,2021-10-22 06:14:51,13550.0,500.0,1889900.0
403,2021-10-22 06:14:33,13550.0,1000.0,1889400.0
404,2021-10-22 06:14:20,13550.0,200.0,1888400.0
405,2021-10-22 06:14:03,13550.0,100.0,1888200.0
406,2021-10-22 06:13:46,13550.0,100.0,1888100.0
407,2021-10-22 06:13:39,13550.0,600.0,1888000.0
408,2021-10-22 06:13:15,13550.0,100.0,1887400.0
409,2021-10-22 06:13:10,13550.0,900.0,1887300.0
410,2021-10-22 06:12:58,13550.0,1000.0,1886400.0
411,2021-10-22 06:12:58,13550.0,33100.0,1885400.0
412,2021-10-22 06:12:46,13550.0,600.0,1852300.0
413,2021-10-22 06:12:43,13550.0,3000.0,1851700.0
414,2021-10-22 06:12:43,13550.0,4500.0,1848700.0
415,2021-10-22 06:12:40,13550.0,500.0,1844200.0
416,2021-10-22 06:12:40,13550.0,500.0,1843700.0
417,2021-10-22 06:12:22,13550.0,600.0,1843200.0
418,2021-10-22 06:12:22,13550.0,1400.0,1842600.0
419,2021-10-22 06:11:45,13550.0,200.0,1841200.0
420,2021-10-22 06:11:11,13550.0,100.0,1841000.0
421,2021-10-22 06:10:39,13550.0,400.0,1840900.0
422,2021-10-22 06:10:35,13550.0,300.0,1840500.0
423,2021-10-22 06:10:18,13550.0,1500.0,1840200.0
424,2021-10-22 06:09:51,13550.0,700.0,1838700.0
425,2021-10-22 06:09:14,13550.0,200.0,1838000.0
426,2021-10-22 06:09:14,13550.0,300.0,1837800.0
427,2021-10-22 06:09:14,13550.0,500.0,1837500.0
428,2021-10-22 06:09:14,13550.0,100.0,1837000.0
429,2021-10-22 06:09:14,13550.0,1000.0,1836900.0
430,2021-10-22 06:09:14,13550.0,1000.0,1835900.0
431,2021-10-22 06:09:14,13550.0,300.0,1834900.0
432,2021-10-22 06:09:14,13550.0,300.0,1834600.0
433,2021-10-22 06:09:14,13550.0,5000.0,1834300.0
434,2021-10-22 06:09:14,13550.0,4000.0,1829300.0
435,2021-10-22 06:09:14,13550.0,400.0,1825300.0
436,2021-10-22 06:09:14,13550.0,100.0,1824900.0
437,2021-10-22 06:09:14,13550.0,200.0,1824800.0
438,2021-10-22 06:09:14,13550.0,2000.0,1824600.0
439,2021-10-22 06:08:30,13550.0,3000.0,1822600.0
440,2021-10-22 06:06:35,13550.0,1000.0,1819600.0
441,2021-10-22 06:06:35,13550.0,100.0,1818600.0
442,2021-10-22 06:06:35,13550.0,200.0,1818500.0
443,2021-10-22 06:06:35,13550.0,100.0,1818300.0
444,2021-10-22 06:06:35,13550.0,200.0,1818200.0
445,2021-10-22 06:06:35,13550.0,1000.0,1818000.0
446,2021-10-22 06:06:35,13550.0,300.0,1817000.0
447,2021-10-22 06:06:35,13550.0,4100.0,1816700.0
448,2021-10-22 06:05:38,13550.0,900.0,1812600.0
449,2021-10-22 06:05:38,13550.0,1000.0,1811700.0
450,2021-10-22 06:05:38,13550.0,200.0,1810700.0
451,2021-10-22 06:05:38,13550.0,1000.0,1810500.0
452,2021-10-22 06:05:38,13550.0,500.0,1809500.0
453,2021-10-22 06:05:38,13550.0,200.0,1809000.0
454,2021-10-22 06:05:38,13550.0,100.0,1808800.0
455,2021-10-22 06:05:38,13550.0,100.0,1808700.0
456,2021-10-22 06:05:38,13550.0,800.0,1808600.0
457,2021-10-22 06:05:38,13550.0,200.0,1807800.0
458,2021-10-22 06:05:35,13550.0,1800.0,1807600.0
459,2021-10-22 06:05:35,13550.0,1200.0,1805800.0
460,2021-10-22 06:05:30,13550.0,200.0,1804600.0
461,2021-10-22 06:05:09,13550.0,1600.0,1804400.0
462,2021-10-22 06:05:09,13550.0,1000.0,1802800.0
463,2021-10-22 06:05:09,13550.0,2400.0,1801800.0
464,2021-10-22 06:00:21,13550.0,600.0,1799400.0
465,2021-10-22 06:00:12,13550.0,1000.0,1798800.0
466,2021-10-22 06:00:11,13550.0,1000.0,1797800.0
467,2021-10-22 06:00:11,13550.0,400.0,1796800.0
468,2021-10-22 06:00:11,13550.0,2600.0,1796400.0
469,2021-10-22 06:00:11,13550.0,1000.0,1793800.0
470,2021-10-22 06:00:05,13550.0,4000.0,1792800.0
471,2021-10-22 06:00:02,13550.0,200.0,1788800.0
472,2021-10-22 06:00:02,13550.0,4800.0,1788600.0
473,2021-10-22 06:00:02,13550.0,2000.0,1783800.0
474,2021-10-22 06:00:02,13550.0,1300.0,1781800.0
475,2021-10-22 06:00:01,13550.0,500.0,1780500.0
476,2021-10-22 06:00:01,13550.0,500.0,1780000.0
477,2021-10-22 06:00:01,13550.0,900.0,1779500.0
478,2021-10-22 04:28:30,13550.0,100.0,1778600.0
479,2021-10-22 04:28:30,13550.0,300.0,1778500.0
480,2021-10-22 04:28:30,13550.0,100.0,1778200.0
481,2021-10-22 04:28:16,13550.0,400.0,1778100.0
482,2021-10-22 04:28:16,13550.0,600.0,1777700.0
483,2021-10-22 04:28:07,13550.0,100.0,1777100.0
484,2021-10-22 04:24:12,13550.0,300.0,1777000.0
485,2021-10-22 04:24:12,13550.0,1700.0,1776700.0
486,2021-10-22 04:23:38,13550.0,3300.0,1775000.0
487,2021-10-22 04:23:33,13550.0,200.0,1771700.0
488,2021-10-22 04:23:23,13550.0,5000.0,1771500.0
489,2021-10-22 04:22:40,13550.0,900.0,1766500.0
490,2021-10-22 04:22:37,13550.0,500.0,1765600.0
491,2021-10-22 04:22:16,13550.0,3000.0,1765100.0
492,2021-10-22 04:22:03,13550.0,500.0,1762100.0
493,2021-10-22 04:21:59,13550.0,1000.0,1761600.0
494,2021-10-22 04:21:57,13550.0,5000.0,1760600.0
495,2021-10-22 04:21:10,13550.0,3000.0,1755600.0
496,2021-10-22 04:21:10,13550.0,1000.0,1752600.0
497,2021-10-22 04:21:10,13550.0,100.0,1751600.0
498,2021-10-22 04:21:10,13550.0,500.0,1751500.0
499,2021-10-22 04:21:10,13550.0,300.0,1751000.0
500,2021-10-22 04:21:10,13550.0,200.0,1750700.0
501,2021-10-22 04:21:10,13550.0,10000.0,1750500.0
502,2021-10-22 04:21:10,13550.0,1000.0,1740500.0
503,2021-10-22 04:21:10,13550.0,3000.0,1739500.0
504,2021-10-22 04:21:10,13550.0,2000.0,1736500.0
505,2021-10-22 04:21:10,13550.0,1000.0,1734500.0
506,2021-10-22 04:21:10,13550.0,200.0,1733500.0
507,2021-10-22 04:21:10,13550.0,300.0,1733300.0
508,2021-10-22 04:21:10,13550.0,8000.0,1733000.0
509,2021-10-22 04:20:08,13550.0,25000.0,1725000.0
510,2021-10-22 04:18:46,13550.0,200.0,1700000.0
511,2021-10-22 04:15:53,13550.0,7000.0,1699800.0
512,2021-10-22 04:14:13,13550.0,1000.0,1692800.0
513,2021-10-22 04:11:49,13550.0,400.0,1691800.0
514,2021-10-22 04:11:17,13550.0,600.0,1691400.0
515,2021-10-22 04:10:33,13550.0,500.0,1690800.0
516,2021-10-22 04:10:33,13550.0,1000.0,1690300.0
517,2021-10-22 04:10:33,13550.0,100.0,1689300.0
518,2021-10-22 04:10:33,13550.0,300.0,1689200.0
519,2021-10-22 04:10:16,13550.0,300.0,1688900.0
520,2021-10-22 04:10:16,13550.0,4400.0,1688600.0
521,2021-10-22 04:10:10,13550.0,200.0,1684200.0
522,2021-10-22 04:09:10,13550.0,1000.0,1684000.0
523,2021-10-22 04:09:10,13550.0,400.0,1683000.0
524,2021-10-22 04:09:02,13550.0,300.0,1682600.0
525,2021-10-22 04:09:02,13550.0,1000.0,1682300.0
526,2021-10-22 04:09:02,13550.0,5000.0,1681300.0
527,2021-10-22 04:09:02,13550.0,1000.0,1676300.0
528,2021-10-22 04:09:02,13550.0,700.0,1675300.0
529,2021-10-22 04:09:02,13550.0,500.0,1674600.0
530,2021-10-22 04:09:02,13550.0,300.0,1674100.0
531,2021-10-22 04:09:02,13550.0,200.0,1673800.0
532,2021-10-22 04:09:02,13550.0,500.0,1673600.0
533,2021-10-22 04:09:02,13550.0,200.0,1673100.0
534,2021-10-22 04:09:02,13550.0,5000.0,1672900.0
535,2021-10-22 04:09:02,13550.0,200.0,1667900.0
536,2021-10-22 04:09:02,13550.0,6400.0,1667700.0
537,2021-10-22 04:08:53,13550.0,100.0,1661300.0
538,2021-10-22 04:07:41,13550.0,3100.0,1661200.0
539,2021-10-22 04:07:41,13550.0,900.0,1658100.0
540,2021-10-22 04:06:50,13550.0,100.0,1657200.0
541,2021-10-22 04:06:50,13550.0,1900.0,1657100.0
542,2021-10-22 04:06:50,13550.0,4200.0,1655200.0
543,2021-10-22 04:06:50,13550.0,800.0,1651000.0
544,2021-10-22 04:06:36,13550.0,200.0,1650200.0
545,2021-10-22 04:06:36,13550.0,300.0,1650000.0
546,2021-10-22 04:04:41,13550.0,100.0,1649700.0
547,2021-10-22 04:04:41,13550.0,100.0,1649600.0
548,2021-10-22 04:04:40,13550.0,100.0,1649500.0
549,2021-10-22 04:04:40,13550.0,1000.0,1649400.0
550,2021-10-22 04:04:40,13550.0,300.0,1648400.0
551,2021-10-22 04:04:34,13550.0,100.0,1648100.0
552,2021-10-22 04:04:29,13550.0,800.0,1648000.0
553,2021-10-22 04:04:29,13550.0,3000.0,1647200.0
554,2021-10-22 04:04:29,13550.0,300.0,1644200.0
555,2021-10-22 04:04:29,13550.0,900.0,1643900.0
556,2021-10-22 04:04:19,13550.0,200.0,1643000.0
557,2021-10-22 04:04:17,13550.0,1000.0,1642800.0
558,2021-10-22 04:04:13,13550.0,1000.0,1641800.0
559,2021-10-22 04:04:11,13550.0,500.0,1640800.0
560,2021-10-22 04:04:11,13550.0,3700.0,1640300.0
561,2021-10-22 04:02:57,13550.0,200.0,1636600.0
562,2021-10-22 04:02:57,13550.0,1000.0,1636400.0
563,2021-10-22 04:02:48,13550.0,1200.0,1635400.0
564,2021-10-22 04:02:35,13550.0,300.0,1634200.0
565,2021-10-22 04:02:35,13550.0,300.0,1633900.0
566,2021-10-22 04:02:35,13550.0,4400.0,1633600.0
567,2021-10-22 04:02:07,13550.0,1100.0,1629200.0
568,2021-10-22 04:01:31,13550.0,400.0,1628100.0
569,2021-10-22 04:01:19,13550.0,1000.0,1627700.0
570,2021-10-22 04:01:18,13550.0,2000.0,1626700.0
571,2021-10-22 04:01:16,13550.0,100.0,1624700.0
572,2021-10-22 04:01:16,13550.0,500.0,1624600.0
573,2021-10-22 04:00:43,13550.0,500.0,1624100.0
574,2021-10-22 04:00:43,13550.0,6800.0,1623600.0
575,2021-10-22 03:59:30,13550.0,4500.0,1616800.0
576,2021-10-22 03:59:27,13550.0,2000.0,1612300.0
577,2021-10-22 03:59:23,13550.0,200.0,1610300.0
578,2021-10-22 03:59:02,13550.0,10000.0,1610100.0
579,2021-10-22 03:58:52,13550.0,100.0,1600100.0
580,2021-10-22 03:58:04,13550.0,2000.0,1600000.0
581,2021-10-22 03:58:04,13550.0,1000.0,1598000.0
582,2021-10-22 03:58:04,13550.0,1000.0,1597000.0
583,2021-10-22 03:58:04,13550.0,100.0,1596000.0
584,2021-10-22 03:58:04,13550.0,100.0,1595900.0
585,2021-10-22 03:57:13,13550.0,400.0,1595800.0
586,2021-10-22 03:57:13,13550.0,200.0,1595400.0
587,2021-10-22 03:57:13,13550.0,400.0,1595200.0
588,2021-10-22 03:57:13,13550.0,700.0,1594800.0
589,2021-10-22 03:57:13,13550.0,200.0,1594100.0
590,2021-10-22 03:57:13,13550.0,200.0,1593900.0
591,2021-10-22 03:57:13,13550.0,100.0,1593700.0
592,2021-10-22 03:57:13,13550.0,2800.0,1593600.0
593,2021-10-22 03:56:32,13550.0,2000.0,1590800.0
594,2021-10-22 03:56:32,13550.0,900.0,1588800.0
595,2021-10-22 03:56:26,13550.0,20000.0,1587900.0
596,2021-10-22 03:55:44,13550.0,500.0,1567900.0
597,2021-10-22 03:55:17,13550.0,300.0,1567400.0
598,2021-10-22 03:55:03,13550.0,3500.0,1567100.0
599,2021-10-22 03:55:02,13550.0,1000.0,1563600.0
600,2021-10-22 03:55:02,13550.0,500.0,1562600.0
601,2021-10-22 03:55:02,13550.0,5000.0,1562100.0
602,2021-10-22 03:54:56,13550.0,1500.0,1557100.0
603,2021-10-22 03:54:55,13550.0,1900.0,1555600.0
604,2021-10-22 03:54:46,13550.0,9000.0,1553700.0
605,2021-10-22 03:54:08,13550.0,1000.0,1544700.0
606,2021-10-22 03:53:45,13550.0,4000.0,1543700.0
607,2021-10-22 03:53:45,13550.0,5000.0,1539700.0
608,2021-10-22 03:53:45,13550.0,100.0,1534700.0
609,2021-10-22 03:53:45,13550.0,400.0,1534600.0
610,2021-10-22 03:53:45,13550.0,1400.0,1534200.0
611,2021-10-22 03:53:45,13550.0,1200.0,1532800.0
612,2021-10-22 03:53:45,13550.0,2900.0,1531600.0
613,2021-10-22 03:53:22,13550.0,500.0,1528700.0
614,2021-10-22 03:52:26,13550.0,100.0,1528200.0
615,2021-10-22 03:51:31,13550.0,100.0,1528100.0
616,2021-10-22 03:51:05,13550.0,2000.0,1528000.0
617,2021-10-22 03:50:56,13550.0,8300.0,1526000.0
618,2021-10-22 03:50:56,13550.0,1400.0,1517700.0
619,2021-10-22 03:50:56,13550.0,5000.0,1516300.0
620,2021-10-22 03:50:56,13550.0,300.0,1511300.0
621,2021-10-22 03:50:48,13550.0,100.0,1511000.0
622,2021-10-22 03:49:24,13550.0,600.0,1510900.0
623,2021-10-22 03:49:24,13550.0,100.0,1510300.0
624,2021-10-22 03:49:24,13550.0,2200.0,1510200.0
625,2021-10-22 03:49:24,13550.0,5000.0,1508000.0
626,2021-10-22 03:49:24,13550.0,100.0,1503000.0
627,2021-10-22 03:48:53,13550.0,3000.0,1502900.0
628,2021-10-22 03:48:00,13550.0,500.0,1499900.0
629,2021-10-22 03:47:54,13550.0,100.0,1499400.0
630,2021-10-22 03:47:53,13550.0,1300.0,1499300.0
631,2021-10-22 03:47:53,13550.0,100.0,1498000.0
632,2021-10-22 03:47:53,13550.0,600.0,1497900.0
633,2021-10-22 03:47:21,13550.0,10000.0,1497300.0
634,2021-10-22 03:47:03,13550.0,300.0,1487300.0
635,2021-10-22 03:47:03,13550.0,3500.0,1487000.0
636,2021-10-22 03:46:57,13550.0,1500.0,1483500.0
637,2021-10-22 03:46:57,13550.0,3500.0,1482000.0
638,2021-10-22 03:46:47,13550.0,500.0,1478500.0
639,2021-10-22 03:46:47,13550.0,100.0,1478000.0
640,2021-10-22 03:46:47,13550.0,100.0,1477900.0
641,2021-10-22 03:46:47,13550.0,1900.0,1477800.0
642,2021-10-22 03:46:47,13500.0,400.0,1475900.0
643,2021-10-22 03:46:38,13500.0,2000.0,1475500.0
644,2021-10-22 03:46:34,13500.0,300.0,1473500.0
645,2021-10-22 03:46:31,13500.0,2700.0,1473200.0
646,2021-10-22 03:46:31,13500.0,100.0,1470500.0
647,2021-10-22 03:46:31,13500.0,2000.0,1470400.0
648,2021-10-22 03:46:31,13500.0,5000.0,1468400.0
649,2021-10-22 03:46:31,13500.0,300.0,1463400.0
650,2021-10-22 03:46:31,13500.0,2000.0,1463100.0
651,2021-10-22 03:46:31,13500.0,3100.0,1461100.0
652,2021-10-22 03:46:31,13500.0,2000.0,1458000.0
653,2021-10-22 03:46:31,13500.0,100.0,1456000.0
654,2021-10-22 03:46:28,13550.0,200.0,1455900.0
655,2021-10-22 03:46:17,13550.0,200.0,1455700.0
656,2021-10-22 03:46:12,13550.0,1300.0,1455500.0
657,2021-10-22 03:46:08,13550.0,200.0,1454200.0
658,2021-10-22 03:45:48,13550.0,300.0,1454000.0
659,2021-10-22 03:45:44,13550.0,400.0,1453700.0
660,2021-10-22 03:45:40,13550.0,5500.0,1453300.0
661,2021-10-22 03:45:40,13550.0,1000.0,1447800.0
662,2021-10-22 03:45:40,13550.0,500.0,1446800.0
663,2021-10-22 03:45:23,13550.0,4800.0,1446300.0
664,2021-10-22 03:45:23,13550.0,200.0,1441500.0
665,2021-10-22 03:45:06,13550.0,100.0,1441300.0
666,2021-10-22 03:44:57,13550.0,400.0,1441200.0
667,2021-10-22 03:44:57,13500.0,100.0,1440800.0
668,2021-10-22 03:44:57,13500.0,100.0,1440700.0
669,2021-10-22 03:44:56,13550.0,200.0,1440600.0
670,2021-10-22 03:44:41,13550.0,3100.0,1440400.0
671,2021-10-22 03:44:33,13550.0,500.0,1437300.0
672,2021-10-22 03:44:33,13550.0,1000.0,1436800.0
673,2021-10-22 03:44:33,13550.0,3000.0,1435800.0
674,2021-10-22 03:44:33,13550.0,200.0,1432800.0
675,2021-10-22 03:44:33,13550.0,10000.0,1432600.0
676,2021-10-22 03:44:33,13550.0,5900.0,1422600.0
677,2021-10-22 03:44:33,13550.0,5000.0,1416700.0
678,2021-10-22 03:44:33,13550.0,1100.0,1411700.0
679,2021-10-22 03:44:33,13500.0,8000.0,1410600.0
680,2021-10-22 03:44:33,13500.0,3400.0,1402600.0
681,2021-10-22 03:44:17,13500.0,600.0,1399200.0
682,2021-10-22 03:44:17,13500.0,2900.0,1398600.0
683,2021-10-22 03:44:01,13500.0,500.0,1395700.0
684,2021-10-22 03:43:48,13500.0,600.0,1395200.0
685,2021-10-22 03:43:40,13500.0,2000.0,1394600.0
686,2021-10-22 03:43:40,13500.0,1000.0,1392600.0
687,2021-10-22 03:43:40,13500.0,2000.0,1391600.0
688,2021-10-22 03:43:40,13500.0,1000.0,1389600.0
689,2021-10-22 03:43:33,13550.0,5000.0,1388600.0
690,2021-10-22 03:43:28,13550.0,100.0,1383600.0
691,2021-10-22 03:43:12,13550.0,5000.0,1383500.0
692,2021-10-22 03:42:04,13550.0,500.0,1378500.0
693,2021-10-22 03:42:04,13550.0,500.0,1378000.0
694,2021-10-22 03:42:04,13550.0,600.0,1377500.0
695,2021-10-22 03:42:04,13550.0,1000.0,1376900.0
696,2021-10-22 03:42:04,13550.0,1000.0,1375900.0
697,2021-10-22 03:42:04,13550.0,500.0,1374900.0
698,2021-10-22 03:42:04,13550.0,1000.0,1374400.0
699,2021-10-22 03:42:04,13550.0,500.0,1373400.0
700,2021-10-22 03:42:04,13550.0,1000.0,1372900.0
701,2021-10-22 03:42:04,13550.0,600.0,1371900.0
702,2021-10-22 03:42:04,13550.0,1900.0,1371300.0
703,2021-10-22 03:42:04,13550.0,1000.0,1369400.0
704,2021-10-22 03:42:04,13550.0,8400.0,1368400.0
705,2021-10-22 03:42:04,13550.0,10000.0,1360000.0
706,2021-10-22 03:42:04,13550.0,1200.0,1350000.0
707,2021-10-22 03:42:04,13550.0,100.0,1348800.0
708,2021-10-22 03:42:04,13550.0,400.0,1348700.0
709,2021-10-22 03:42:04,13550.0,10000.0,1348300.0
710,2021-10-22 03:42:04,13550.0,2600.0,1338300.0
711,2021-10-22 03:42:04,13550.0,500.0,1335700.0
712,2021-10-22 03:42:04,13550.0,100.0,1335200.0
713,2021-10-22 03:42:04,13550.0,500.0,1335100.0
714,2021-10-22 03:42:04,13550.0,15500.0,1334600.0
715,2021-10-22 03:42:04,13550.0,2000.0,1319100.0
716,2021-10-22 03:42:04,13550.0,100.0,1317100.0
717,2021-10-22 03:42:04,13550.0,5000.0,1317000.0
718,2021-10-22 03:42:04,13550.0,1000.0,1312000.0
719,2021-10-22 03:42:04,13550.0,4000.0,1311000.0
720,2021-10-22 03:42:04,13550.0,2500.0,1307000.0
721,2021-10-22 03:42:04,13550.0,300.0,1304500.0
722,2021-10-22 03:42:04,13550.0,200.0,1304200.0
723,2021-10-22 03:42:04,13550.0,100.0,1304000.0
724,2021-10-22 03:42:04,13550.0,4200.0,1303900.0
725,2021-10-22 03:41:55,13550.0,3700.0,1299700.0
726,2021-10-22 03:41:55,13550.0,3000.0,1296000.0
727,2021-10-22 03:41:55,13550.0,5000.0,1293000.0
728,2021-10-22 03:41:55,13550.0,9900.0,1288000.0
729,2021-10-22 03:40:58,13550.0,2300.0,1278100.0
730,2021-10-22 03:40:58,13550.0,8000.0,1275800.0
731,2021-10-22 03:40:58,13550.0,2000.0,1267800.0
732,2021-10-22 03:40:58,13550.0,500.0,1265800.0
733,2021-10-22 03:40:58,13550.0,200.0,1265300.0
734,2021-10-22 03:40:58,13550.0,1000.0,1265100.0
735,2021-10-22 03:40:58,13550.0,5000.0,1264100.0
736,2021-10-22 03:40:58,13550.0,100.0,1259100.0
737,2021-10-22 03:40:58,13550.0,200.0,1259000.0
738,2021-10-22 03:40:58,13550.0,2500.0,1258800.0
739,2021-10-22 03:40:58,13550.0,100.0,1256300.0
740,2021-10-22 03:40:58,13550.0,5000.0,1256200.0
741,2021-10-22 03:40:58,13550.0,23500.0,1251200.0
742,2021-10-22 03:40:52,13550.0,4000.0,1227700.0
743,2021-10-22 03:39:29,13550.0,500.0,1223700.0
744,2021-10-22 03:38:46,13550.0,400.0,1223200.0
745,2021-10-22 03:38:13,13550.0,100.0,1222800.0
746,2021-10-22 03:37:36,13550.0,200.0,1222700.0
747,2021-10-22 03:36:55,13550.0,1000.0,1222500.0
748,2021-10-22 03:36:14,13550.0,3200.0,1221500.0
749,2021-10-22 03:35:14,13550.0,1000.0,1218300.0
750,2021-10-22 03:35:07,13550.0,66100.0,1217300.0
751,2021-10-22 03:35:07,13550.0,3900.0,1151200.0
752,2021-10-22 03:35:03,13550.0,400.0,1147300.0
753,2021-10-22 03:34:00,13550.0,100.0,1146900.0
754,2021-10-22 03:33:39,13550.0,10000.0,1146800.0
755,2021-10-22 03:33:30,13550.0,100.0,1136800.0
756,2021-10-22 03:33:22,13550.0,500.0,1136700.0
757,2021-10-22 03:33:11,13550.0,3000.0,1136200.0
758,2021-10-22 03:32:50,13550.0,1000.0,1133200.0
759,2021-10-22 03:32:50,13550.0,10000.0,1132200.0
760,2021-10-22 03:32:50,13550.0,1000.0,1122200.0
761,2021-10-22 03:32:49,13550.0,100.0,1121200.0
762,2021-10-22 03:32:49,13550.0,800.0,1121100.0
763,2021-10-22 03:32:49,13550.0,200.0,1120300.0
764,2021-10-22 03:32:49,13550.0,1800.0,1120100.0
765,2021-10-22 03:32:49,13550.0,1000.0,1118300.0
766,2021-10-22 03:32:49,13550.0,100.0,1117300.0
767,2021-10-22 03:32:49,13550.0,1000.0,1117200.0
768,2021-10-22 03:32:49,13550.0,600.0,1116200.0
769,2021-10-22 03:32:49,13550.0,300.0,1115600.0
770,2021-10-22 03:32:49,13550.0,1000.0,1115300.0
771,2021-10-22 03:32:49,13550.0,6800.0,1114300.0
772,2021-10-22 03:32:46,13550.0,6000.0,1107500.0
773,2021-10-22 03:32:46,13550.0,3600.0,1101500.0
774,2021-10-22 03:32:44,13550.0,1100.0,1097900.0
775,2021-10-22 03:32:43,13550.0,82500.0,1096800.0
776,2021-10-22 03:32:43,13550.0,3000.0,1014300.0
777,2021-10-22 03:32:43,13550.0,400.0,1011300.0
778,2021-10-22 03:32:43,13550.0,100.0,1010900.0
779,2021-10-22 03:32:43,13550.0,1000.0,1010800.0
780,2021-10-22 03:32:43,13550.0,1500.0,1009800.0
781,2021-10-22 03:32:43,13550.0,1000.0,1008300.0
782,2021-10-22 03:32:43,13550.0,3000.0,1007300.0
783,2021-10-22 03:32:43,13550.0,100.0,1004300.0
784,2021-10-22 03:32:43,13550.0,5000.0,1004200.0
785,2021-10-22 03:32:43,13550.0,100.0,999200.0
786,2021-10-22 03:32:43,13550.0,500.0,999100.0
787,2021-10-22 03:32:43,13550.0,500.0,998600.0
788,2021-10-22 03:32:43,13550.0,500.0,998100.0
789,2021-10-22 03:32:43,13550.0,2500.0,997600.0
790,2021-10-22 03:32:43,13550.0,2000.0,995100.0
791,2021-10-22 03:32:43,13550.0,200.0,993100.0
792,2021-10-22 03:32:43,13550.0,4100.0,992900.0
793,2021-10-22 03:32:42,13550.0,1000.0,988800.0
794,2021-10-22 03:32:42,13550.0,10000.0,987800.0
795,2021-10-22 03:32:39,13550.0,58700.0,977800.0
796,2021-10-22 03:32:36,13550.0,500.0,919100.0
797,2021-10-22 03:32:34,13550.0,100.0,918600.0
798,2021-10-22 03:32:29,13550.0,17000.0,918500.0
799,2021-10-22 03:31:53,13550.0,1000.0,901500.0
800,2021-10-22 03:31:53,13550.0,7600.0,900500.0
801,2021-10-22 03:31:53,13550.0,2000.0,892900.0
802,2021-10-22 03:31:53,13550.0,300.0,890900.0
803,2021-10-22 03:31:33,13550.0,200.0,890600.0
804,2021-10-22 03:31:24,13500.0,500.0,890400.0
805,2021-10-22 03:31:24,13500.0,400.0,889900.0
806,2021-10-22 03:31:24,13500.0,1000.0,889500.0
807,2021-10-22 03:31:24,13500.0,1000.0,888500.0
808,2021-10-22 03:31:24,13500.0,4500.0,887500.0
809,2021-10-22 03:31:24,13500.0,10000.0,883000.0
810,2021-10-22 03:31:24,13500.0,300.0,873000.0
811,2021-10-22 03:31:24,13500.0,6300.0,872700.0
812,2021-10-22 03:31:24,13500.0,500.0,866400.0
813,2021-10-22 03:31:24,13500.0,5000.0,865900.0
814,2021-10-22 03:31:24,13500.0,3000.0,860900.0
815,2021-10-22 03:31:24,13500.0,100.0,857900.0
816,2021-10-22 03:31:24,13500.0,3000.0,857800.0
817,2021-10-22 03:31:24,13450.0,100.0,854800.0
818,2021-10-22 03:31:24,13450.0,800.0,854700.0
819,2021-10-22 03:31:24,13450.0,4800.0,853900.0
820,2021-10-22 03:31:17,13450.0,200.0,849100.0
821,2021-10-22 03:31:12,13400.0,100.0,848900.0
822,2021-10-22 03:31:12,13400.0,2300.0,848800.0
823,2021-10-22 03:31:06,13400.0,2700.0,846500.0
824,2021-10-22 03:31:06,13400.0,300.0,843800.0
825,2021-10-22 03:30:55,13400.0,200.0,843500.0
826,2021-10-22 03:30:50,13350.0,1000.0,843300.0
827,2021-10-22 03:30:50,13350.0,500.0,842300.0
828,2021-10-22 03:30:50,13350.0,3200.0,841800.0
829,2021-10-22 03:30:44,13350.0,2000.0,838600.0
830,2021-10-22 03:30:23,13350.0,600.0,836600.0
831,2021-10-22 03:30:14,13350.0,200.0,836000.0
832,2021-10-22 03:30:05,13300.0,800.0,835800.0
833,2021-10-22 03:30:00,13300.0,1200.0,835000.0
834,2021-10-22 03:30:00,13300.0,500.0,833800.0
835,2021-10-22 03:30:00,13300.0,2000.0,833300.0
836,2021-10-22 03:30:00,13300.0,1300.0,831300.0
837,2021-10-22 03:30:00,13300.0,7500.0,830000.0
838,2021-10-22 03:29:57,13300.0,1200.0,822500.0
839,2021-10-22 03:29:57,13300.0,100.0,821300.0
840,2021-10-22 03:29:57,13300.0,8700.0,821200.0
841,2021-10-22 03:29:55,13300.0,500.0,812500.0
842,2021-10-22 03:29:48,13300.0,1000.0,812000.0
843,2021-10-22 03:29:32,13300.0,1000.0,811000.0
844,2021-10-22 03:29:06,13300.0,100.0,810000.0
845,2021-10-22 03:29:05,13300.0,5000.0,809900.0
846,2021-10-22 03:28:49,13300.0,1800.0,804900.0
847,2021-10-22 03:28:48,13300.0,16000.0,803100.0
848,2021-10-22 03:28:42,13300.0,100.0,787100.0
849,2021-10-22 03:28:33,13300.0,2300.0,787000.0
850,2021-10-22 03:28:14,13300.0,3500.0,784700.0
851,2021-10-22 03:28:14,13300.0,6000.0,781200.0
852,2021-10-22 03:28:14,13300.0,5500.0,775200.0
853,2021-10-22 03:27:55,13300.0,300.0,769700.0
854,2021-10-22 03:27:07,13300.0,500.0,769400.0
855,2021-10-22 03:26:49,13300.0,3000.0,768900.0
856,2021-10-22 03:26:41,13300.0,1000.0,765900.0
857,2021-10-22 03:26:18,13250.0,200.0,764900.0
858,2021-10-22 03:26:18,13250.0,4000.0,764700.0
859,2021-10-22 03:26:18,13250.0,5000.0,760700.0
860,2021-10-22 03:26:18,13250.0,200.0,755700.0
861,2021-10-22 03:26:18,13250.0,3400.0,755500.0
862,2021-10-22 03:26:03,13250.0,1000.0,752100.0
863,2021-10-22 03:25:21,13250.0,600.0,751100.0
864,2021-10-22 03:25:02,13250.0,5000.0,750500.0
865,2021-10-22 03:24:54,13200.0,300.0,745500.0
866,2021-10-22 03:24:48,13200.0,400.0,745200.0
867,2021-10-22 03:24:48,13200.0,1000.0,744800.0
868,2021-10-22 03:24:48,13200.0,3600.0,743800.0
869,2021-10-22 03:24:33,13200.0,1400.0,740200.0
870,2021-10-22 03:24:33,13200.0,2000.0,738800.0
871,2021-10-22 03:24:33,13200.0,2000.0,736800.0
872,2021-10-22 03:24:33,13200.0,2000.0,734800.0
873,2021-10-22 03:24:33,13200.0,200.0,732800.0
874,2021-10-22 03:24:33,13200.0,1000.0,732600.0
875,2021-10-22 03:24:33,13200.0,1100.0,731600.0
876,2021-10-22 03:24:33,13200.0,300.0,730500.0
877,2021-10-22 03:24:01,13250.0,500.0,730200.0
878,2021-10-22 03:23:27,13250.0,200.0,729700.0
879,2021-10-22 03:22:52,13200.0,2000.0,729500.0
880,2021-10-22 03:22:38,13200.0,2700.0,727500.0
881,2021-10-22 03:22:35,13200.0,15000.0,724800.0
882,2021-10-22 03:22:35,13200.0,300.0,709800.0
883,2021-10-22 03:22:30,13250.0,100.0,709500.0
884,2021-10-22 03:22:30,13250.0,100.0,709400.0
885,2021-10-22 03:22:30,13250.0,1800.0,709300.0
886,2021-10-22 03:22:30,13250.0,100.0,707500.0
887,2021-10-22 03:22:03,13250.0,5100.0,707400.0
888,2021-10-22 03:21:57,13200.0,1000.0,702300.0
889,2021-10-22 03:21:36,13150.0,3300.0,701300.0
890,2021-10-22 03:21:36,13150.0,3000.0,698000.0
891,2021-10-22 03:21:36,13150.0,1000.0,695000.0
892,2021-10-22 03:21:36,13150.0,5100.0,694000.0
893,2021-10-22 03:21:36,13150.0,700.0,688900.0
894,2021-10-22 03:21:36,13200.0,500.0,688200.0
895,2021-10-22 03:21:36,13200.0,1400.0,687700.0
896,2021-10-22 03:21:33,13200.0,300.0,686300.0
897,2021-10-22 03:21:33,13200.0,2300.0,686000.0
898,2021-10-22 03:21:31,13200.0,3300.0,683700.0
899,2021-10-22 03:21:31,13200.0,500.0,680400.0
900,2021-10-22 03:21:31,13200.0,6200.0,679900.0
901,2021-10-22 03:21:26,13200.0,500.0,673700.0
902,2021-10-22 03:21:23,13200.0,1000.0,673200.0
903,2021-10-22 03:21:19,13200.0,600.0,672200.0
904,2021-10-22 03:21:18,13200.0,1700.0,671600.0
905,2021-10-22 03:21:18,13200.0,600.0,669900.0
906,2021-10-22 03:21:15,13200.0,400.0,669300.0
907,2021-10-22 03:21:15,13200.0,500.0,668900.0
908,2021-10-22 03:21:15,13200.0,1100.0,668400.0
909,2021-10-22 03:21:07,13200.0,3900.0,667300.0
910,2021-10-22 03:21:07,13200.0,1100.0,663400.0
911,2021-10-22 03:21:05,13200.0,900.0,662300.0
912,2021-10-22 03:21:05,13200.0,2900.0,661400.0
913,2021-10-22 03:21:04,13200.0,1100.0,658500.0
914,2021-10-22 03:21:01,13200.0,200.0,657400.0
915,2021-10-22 03:21:01,13200.0,1000.0,657200.0
916,2021-10-22 03:21:01,13200.0,2600.0,656200.0
917,2021-10-22 03:20:57,13200.0,500.0,653600.0
918,2021-10-22 03:20:49,13200.0,900.0,653100.0
919,2021-10-22 03:20:45,13200.0,500.0,652200.0
920,2021-10-22 03:20:39,13200.0,100.0,651700.0
921,2021-10-22 03:20:35,13200.0,200.0,651600.0
922,2021-10-22 03:19:58,13150.0,3300.0,651400.0
923,2021-10-22 03:19:55,13150.0,1500.0,648100.0
924,2021-10-22 03:19:52,13150.0,200.0,646600.0
925,2021-10-22 03:19:40,13150.0,1000.0,646400.0
926,2021-10-22 03:19:34,13150.0,400.0,645400.0
927,2021-10-22 03:19:33,13150.0,2000.0,645000.0
928,2021-10-22 03:19:33,13150.0,600.0,643000.0
929,2021-10-22 03:19:16,13150.0,400.0,642400.0
930,2021-10-22 03:19:09,13150.0,6000.0,642000.0
931,2021-10-22 03:19:03,13150.0,100.0,636000.0
932,2021-10-22 03:19:02,13150.0,8000.0,635900.0
933,2021-10-22 03:19:02,13150.0,500.0,627900.0
934,2021-10-22 03:18:49,13150.0,500.0,627400.0
935,2021-10-22 03:18:34,13150.0,4000.0,626900.0
936,2021-10-22 03:18:34,13150.0,1000.0,622900.0
937,2021-10-22 03:18:34,13150.0,1000.0,621900.0
938,2021-10-22 03:18:34,13150.0,3000.0,620900.0
939,2021-10-22 03:18:34,13150.0,300.0,617900.0
940,2021-10-22 03:18:34,13150.0,4000.0,617600.0
941,2021-10-22 03:18:34,13150.0,700.0,613600.0
942,2021-10-22 03:18:18,13150.0,300.0,612900.0
943,2021-10-22 03:18:18,13150.0,1000.0,612600.0
944,2021-10-22 03:18:02,13150.0,1000.0,611600.0
945,2021-10-22 03:17:45,13150.0,500.0,610600.0
946,2021-10-22 03:17:22,13150.0,100.0,610100.0
947,2021-10-22 03:17:18,13150.0,1000.0,610000.0
948,2021-10-22 03:17:09,13150.0,200.0,609000.0
949,2021-10-22 03:17:08,13150.0,100.0,608800.0
950,2021-10-22 03:16:35,13100.0,400.0,608700.0
951,2021-10-22 03:16:33,13100.0,1100.0,608300.0
952,2021-10-22 03:16:33,13100.0,700.0,607200.0
953,2021-10-22 03:16:33,13100.0,1000.0,606500.0
954,2021-10-22 03:16:33,13100.0,200.0,605500.0
955,2021-10-22 03:15:57,13100.0,800.0,605300.0
956,2021-10-22 03:15:57,13100.0,500.0,604500.0
957,2021-10-22 03:15:57,13100.0,1000.0,604000.0
958,2021-10-22 03:15:57,13100.0,500.0,603000.0
959,2021-10-22 03:15:57,13100.0,400.0,602500.0
960,2021-10-22 03:15:57,13100.0,1000.0,602100.0
961,2021-10-22 03:15:57,13100.0,800.0,601100.0
962,2021-10-22 03:15:49,13100.0,4000.0,600300.0
963,2021-10-22 03:15:19,13100.0,200.0,596300.0
964,2021-10-22 03:15:19,13100.0,8000.0,596100.0
965,2021-10-22 03:15:19,13100.0,400.0,588100.0
966,2021-10-22 03:15:19,13100.0,300.0,587700.0
967,2021-10-22 03:15:19,13100.0,500.0,587400.0
968,2021-10-22 03:15:19,13100.0,300.0,586900.0
969,2021-10-22 03:15:19,13100.0,100.0,586600.0
970,2021-10-22 03:15:19,13100.0,200.0,586500.0
971,2021-10-22 03:14:46,13100.0,200.0,586300.0
972,2021-10-22 03:14:37,13150.0,1500.0,586100.0
973,2021-10-22 03:12:37,13150.0,400.0,584600.0
974,2021-10-22 03:12:32,13150.0,1200.0,584200.0
975,2021-10-22 03:12:32,13150.0,600.0,583000.0
976,2021-10-22 03:12:14,13150.0,500.0,582400.0
977,2021-10-22 03:12:09,13150.0,800.0,581900.0
978,2021-10-22 03:11:51,13150.0,300.0,581100.0
979,2021-10-22 03:10:18,13150.0,1800.0,580800.0
980,2021-10-22 03:10:18,13150.0,200.0,579000.0
981,2021-10-22 03:10:11,13150.0,100.0,578800.0
982,2021-10-22 03:10:01,13100.0,9600.0,578700.0
983,2021-10-22 03:10:01,13100.0,1000.0,569100.0
984,2021-10-22 03:10:01,13100.0,1000.0,568100.0
985,2021-10-22 03:10:01,13100.0,1000.0,567100.0
986,2021-10-22 03:10:01,13100.0,500.0,566100.0
987,2021-10-22 03:10:01,13100.0,1800.0,565600.0
988,2021-10-22 03:10:01,13100.0,100.0,563800.0
989,2021-10-22 03:09:48,13150.0,500.0,563700.0
990,2021-10-22 03:09:20,13150.0,100.0,563200.0
991,2021-10-22 03:09:11,13150.0,800.0,563100.0
992,2021-10-22 03:09:10,13150.0,1500.0,562300.0
993,2021-10-22 03:09:09,13150.0,700.0,560800.0
994,2021-10-22 03:08:37,13150.0,100.0,560100.0
995,2021-10-22 03:08:27,13150.0,4000.0,560000.0
996,2021-10-22 03:08:27,13150.0,900.0,556000.0
997,2021-10-22 03:07:59,13150.0,100.0,555100.0
998,2021-10-22 03:07:59,13150.0,1900.0,555000.0
999,2021-10-22 03:07:42,13150.0,100.0,553100.0
1000,2021-10-22 03:07:41,13100.0,800.0,553000.0
1001,2021-10-22 03:07:41,13150.0,2200.0,552200.0
1002,2021-10-22 03:07:35,13150.0,800.0,550000.0
1003,2021-10-22 03:07:27,13150.0,2000.0,549200.0
1004,2021-10-22 03:07:27,13150.0,4000.0,547200.0
1005,2021-10-22 03:07:27,13150.0,2000.0,543200.0
1006,2021-10-22 03:07:27,13150.0,900.0,541200.0
1007,2021-10-22 03:07:07,13100.0,1100.0,540300.0
1008,2021-10-22 03:07:05,13100.0,200.0,539200.0
1009,2021-10-22 03:06:51,13100.0,700.0,539000.0
1010,2021-10-22 03:06:51,13100.0,1300.0,538300.0
1011,2021-10-22 03:06:30,13100.0,700.0,537000.0
1012,2021-10-22 03:06:30,13100.0,2300.0,536300.0
1013,2021-10-22 03:06:17,13100.0,100.0,534000.0
1014,2021-10-22 03:05:52,13100.0,1000.0,533900.0
1015,2021-10-22 03:05:31,13100.0,6600.0,532900.0
1016,2021-10-22 03:05:31,13100.0,4000.0,526300.0
1017,2021-10-22 03:05:31,13100.0,500.0,522300.0
1018,2021-10-22 03:05:31,13100.0,1000.0,521800.0
1019,2021-10-22 03:05:23,13100.0,300.0,520800.0
1020,2021-10-22 03:05:05,13050.0,800.0,520500.0
1021,2021-10-22 03:04:26,13100.0,200.0,519700.0
1022,2021-10-22 03:04:03,13050.0,4100.0,519500.0
1023,2021-10-22 03:04:03,13050.0,900.0,515400.0
1024,2021-10-22 03:03:49,13050.0,3000.0,514500.0
1025,2021-10-22 03:03:49,13050.0,1000.0,511500.0
1026,2021-10-22 03:03:49,13050.0,300.0,510500.0
1027,2021-10-22 03:03:48,13050.0,2000.0,510200.0
1028,2021-10-22 03:03:47,13050.0,1000.0,508200.0
1029,2021-10-22 03:03:46,13050.0,2000.0,507200.0
1030,2021-10-22 03:03:44,13050.0,2000.0,505200.0
1031,2021-10-22 03:03:32,13050.0,500.0,503200.0
1032,2021-10-22 03:03:19,13050.0,300.0,502700.0
1033,2021-10-22 03:03:18,13050.0,500.0,502400.0
1034,2021-10-22 03:03:18,13050.0,300.0,501900.0
1035,2021-10-22 03:03:18,13050.0,200.0,501600.0
1036,2021-10-22 03:03:18,13050.0,900.0,501400.0
1037,2021-10-22 03:02:50,13050.0,1000.0,500500.0
1038,2021-10-22 03:02:50,13050.0,1000.0,499500.0
1039,2021-10-22 03:02:50,13050.0,600.0,498500.0
1040,2021-10-22 03:02:44,13050.0,200.0,497900.0
1041,2021-10-22 03:02:38,13050.0,1000.0,497700.0
1042,2021-10-22 03:02:37,13050.0,100.0,496700.0
1043,2021-10-22 03:02:35,13050.0,1100.0,496600.0
1044,2021-10-22 03:02:35,13050.0,1500.0,495500.0
1045,2021-10-22 03:02:24,13050.0,600.0,494000.0
1046,2021-10-22 03:02:24,13000.0,200.0,493400.0
1047,2021-10-22 03:02:19,13050.0,800.0,493200.0
1048,2021-10-22 03:01:53,13050.0,2000.0,492400.0
1049,2021-10-22 03:01:53,13050.0,100.0,490400.0
1050,2021-10-22 03:01:38,13100.0,100.0,490300.0
1051,2021-10-22 03:01:30,13100.0,2900.0,490200.0
1052,2021-10-22 03:01:30,13100.0,100.0,487300.0
1053,2021-10-22 03:01:24,13050.0,9900.0,487200.0
1054,2021-10-22 03:01:24,13050.0,700.0,477300.0
1055,2021-10-22 03:01:24,13050.0,5600.0,476600.0
1056,2021-10-22 03:01:24,13050.0,1000.0,471000.0
1057,2021-10-22 03:01:24,13050.0,2000.0,470000.0
1058,2021-10-22 03:01:24,13050.0,100.0,468000.0
1059,2021-10-22 03:01:24,13050.0,500.0,467900.0
1060,2021-10-22 03:01:24,13050.0,200.0,467400.0
1061,2021-10-22 03:01:14,13100.0,1900.0,467200.0
1062,2021-10-22 03:01:14,13100.0,1100.0,465300.0
1063,2021-10-22 03:01:03,13100.0,3900.0,464200.0
1064,2021-10-22 03:01:03,13100.0,4000.0,460300.0
1065,2021-10-22 03:00:17,13050.0,4800.0,456300.0
1066,2021-10-22 03:00:17,13050.0,500.0,451500.0
1067,2021-10-22 03:00:17,13050.0,4700.0,451000.0
1068,2021-10-22 03:00:08,13100.0,200.0,446300.0
1069,2021-10-22 02:59:47,13100.0,500.0,446100.0
1070,2021-10-22 02:59:23,13050.0,300.0,445600.0
1071,2021-10-22 02:59:23,13050.0,700.0,445300.0
1072,2021-10-22 02:58:57,13100.0,100.0,444600.0
1073,2021-10-22 02:58:31,13100.0,3000.0,444500.0
1074,2021-10-22 02:58:23,13100.0,200.0,441500.0
1075,2021-10-22 02:58:13,13100.0,500.0,441300.0
1076,2021-10-22 02:58:12,13050.0,7800.0,440800.0
1077,2021-10-22 02:58:12,13050.0,900.0,433000.0
1078,2021-10-22 02:58:12,13050.0,500.0,432100.0
1079,2021-10-22 02:58:12,13050.0,100.0,431600.0
1080,2021-10-22 02:58:12,13050.0,300.0,431500.0
1081,2021-10-22 02:58:12,13050.0,100.0,431200.0
1082,2021-10-22 02:58:12,13050.0,200.0,431100.0
1083,2021-10-22 02:58:12,13050.0,100.0,430900.0
1084,2021-10-22 02:57:34,13100.0,1200.0,430800.0
1085,2021-10-22 02:57:10,13050.0,300.0,429600.0
1086,2021-10-22 02:57:07,13050.0,900.0,429300.0
1087,2021-10-22 02:57:07,13050.0,1000.0,428400.0
1088,2021-10-22 02:57:07,13050.0,100.0,427400.0
1089,2021-10-22 02:56:58,13050.0,900.0,427300.0
1090,2021-10-22 02:56:58,13050.0,100.0,426400.0
1091,2021-10-22 02:56:58,13050.0,200.0,426300.0
1092,2021-10-22 02:56:58,13050.0,100.0,426100.0
1093,2021-10-22 02:56:58,13050.0,700.0,426000.0
1094,2021-10-22 02:56:07,13050.0,3700.0,425300.0
1095,2021-10-22 02:56:07,13050.0,300.0,421600.0
1096,2021-10-22 02:55:56,13050.0,200.0,421300.0
1097,2021-10-22 02:55:56,13050.0,200.0,421100.0
1098,2021-10-22 02:55:56,13050.0,500.0,420900.0
1099,2021-10-22 02:55:56,13050.0,100.0,420400.0
1100,2021-10-22 02:55:45,13050.0,900.0,420300.0
1101,2021-10-22 02:55:45,13050.0,1000.0,419400.0
1102,2021-10-22 02:55:45,13050.0,100.0,418400.0
1103,2021-10-22 02:55:45,13050.0,3000.0,418300.0
1104,2021-10-22 02:55:33,13050.0,1000.0,415300.0
1105,2021-10-22 02:55:19,13100.0,200.0,414300.0
1106,2021-10-22 02:55:19,13100.0,100.0,414100.0
1107,2021-10-22 02:55:06,13100.0,1900.0,414000.0
1108,2021-10-22 02:55:06,13100.0,100.0,412100.0
1109,2021-10-22 02:54:42,13200.0,100.0,412000.0
1110,2021-10-22 02:54:39,13200.0,900.0,411900.0
1111,2021-10-22 02:54:39,13200.0,600.0,411000.0
1112,2021-10-22 02:54:00,13200.0,1000.0,410400.0
1113,2021-10-22 02:53:38,13200.0,300.0,409400.0
1114,2021-10-22 02:53:32,13200.0,100.0,409100.0
1115,2021-10-22 02:53:32,13200.0,600.0,409000.0
1116,2021-10-22 02:53:18,13200.0,2800.0,408400.0
1117,2021-10-22 02:53:18,13200.0,500.0,405600.0
1118,2021-10-22 02:53:18,13200.0,1700.0,405100.0
1119,2021-10-22 02:53:17,13200.0,200.0,403400.0
1120,2021-10-22 02:53:15,13200.0,200.0,403200.0
1121,2021-10-22 02:53:14,13200.0,800.0,403000.0
1122,2021-10-22 02:52:51,13200.0,100.0,402200.0
1123,2021-10-22 02:52:44,13050.0,1000.0,402100.0
1124,2021-10-22 02:52:41,13200.0,700.0,401100.0
1125,2021-10-22 02:52:33,13200.0,500.0,400400.0
1126,2021-10-22 02:52:33,13200.0,800.0,399900.0
1127,2021-10-22 02:52:33,13200.0,3000.0,399100.0
1128,2021-10-22 02:52:28,13200.0,2000.0,396100.0
1129,2021-10-22 02:52:28,13200.0,2000.0,394100.0
1130,2021-10-22 02:52:01,13200.0,3000.0,392100.0
1131,2021-10-22 02:51:58,13200.0,100.0,389100.0
1132,2021-10-22 02:51:53,13200.0,1000.0,389000.0
1133,2021-10-22 02:51:52,13200.0,1700.0,388000.0
1134,2021-10-22 02:51:48,13200.0,200.0,386300.0
1135,2021-10-22 02:51:47,13200.0,2000.0,386100.0
1136,2021-10-22 02:51:35,13300.0,9700.0,384100.0
1137,2021-10-22 02:51:35,13250.0,4000.0,374400.0
1138,2021-10-22 02:51:35,13250.0,2000.0,370400.0
1139,2021-10-22 02:51:35,13250.0,2000.0,368400.0
1140,2021-10-22 02:51:35,13200.0,2900.0,366400.0
1141,2021-10-22 02:51:29,13200.0,1000.0,363500.0
1142,2021-10-22 02:51:28,13200.0,100.0,362500.0
1143,2021-10-22 02:51:28,13200.0,200.0,362400.0
1144,2021-10-22 02:51:25,13200.0,1200.0,362200.0
1145,2021-10-22 02:51:23,13200.0,1000.0,361000.0
1146,2021-10-22 02:51:20,13200.0,1000.0,360000.0
1147,2021-10-22 02:51:12,13200.0,1600.0,359000.0
1148,2021-10-22 02:51:03,13200.0,100.0,357400.0
1149,2021-10-22 02:51:02,13200.0,4900.0,357300.0
1150,2021-10-22 02:51:02,13200.0,100.0,352400.0
1151,2021-10-22 02:51:02,13200.0,1000.0,352300.0
1152,2021-10-22 02:51:02,13200.0,700.0,351300.0
1153,2021-10-22 02:51:02,13100.0,3300.0,350600.0
1154,2021-10-22 02:51:01,13100.0,500.0,347300.0
1155,2021-10-22 02:51:01,13100.0,2000.0,346800.0
1156,2021-10-22 02:51:01,13100.0,300.0,344800.0
1157,2021-10-22 02:51:01,13100.0,400.0,344500.0
1158,2021-10-22 02:51:01,13100.0,3000.0,344100.0
1159,2021-10-22 02:51:01,13100.0,500.0,341100.0
1160,2021-10-22 02:51:01,13200.0,300.0,340600.0
1161,2021-10-22 02:51:01,13200.0,700.0,340300.0
1162,2021-10-22 02:50:59,13200.0,200.0,339600.0
1163,2021-10-22 02:50:51,13200.0,1200.0,339400.0
1164,2021-10-22 02:50:46,13200.0,1100.0,338200.0
1165,2021-10-22 02:50:43,13200.0,100.0,337100.0
1166,2021-10-22 02:50:41,13200.0,500.0,337000.0
1167,2021-10-22 02:50:37,13200.0,700.0,336500.0
1168,2021-10-22 02:50:37,13200.0,1500.0,335800.0
1169,2021-10-22 02:50:34,13200.0,5000.0,334300.0
1170,2021-10-22 02:50:32,13200.0,8000.0,329300.0
1171,2021-10-22 02:50:24,13200.0,500.0,321300.0
1172,2021-10-22 02:50:23,13200.0,500.0,320800.0
1173,2021-10-22 02:50:23,13200.0,1100.0,320300.0
1174,2021-10-22 02:50:18,13100.0,500.0,319200.0
1175,2021-10-22 02:50:18,13100.0,500.0,318700.0
1176,2021-10-22 02:50:13,13200.0,100.0,318200.0
1177,2021-10-22 02:50:12,13200.0,1800.0,318100.0
1178,2021-10-22 02:50:12,13200.0,800.0,316300.0
1179,2021-10-22 02:49:55,13200.0,200.0,315500.0
1180,2021-10-22 02:49:51,13100.0,500.0,315300.0
1181,2021-10-22 02:49:46,13100.0,1000.0,314800.0
1182,2021-10-22 02:49:43,13100.0,1000.0,313800.0
1183,2021-10-22 02:49:41,13100.0,600.0,312800.0
1184,2021-10-22 02:49:38,13100.0,1200.0,312200.0
1185,2021-10-22 02:49:37,13100.0,3000.0,311000.0
1186,2021-10-22 02:49:37,13100.0,1000.0,308000.0
1187,2021-10-22 02:49:32,13100.0,5000.0,307000.0
1188,2021-10-22 02:49:30,13100.0,18700.0,302000.0
1189,2021-10-22 02:49:30,13100.0,1300.0,283300.0
1190,2021-10-22 02:49:19,13100.0,700.0,282000.0
1191,2021-10-22 02:48:59,13000.0,100.0,281300.0
1192,2021-10-22 02:48:59,13000.0,500.0,281200.0
1193,2021-10-22 02:48:59,13000.0,3500.0,280700.0
1194,2021-10-22 02:48:59,13000.0,100.0,277200.0
1195,2021-10-22 02:48:59,13000.0,600.0,277100.0
1196,2021-10-22 02:48:59,13000.0,10000.0,276500.0
1197,2021-10-22 02:48:59,13000.0,500.0,266500.0
1198,2021-10-22 02:48:59,13000.0,700.0,266000.0
1199,2021-10-22 02:48:59,13000.0,10000.0,265300.0
1200,2021-10-22 02:48:59,13000.0,100.0,255300.0
1201,2021-10-22 02:48:59,13000.0,100.0,255200.0
1202,2021-10-22 02:48:59,13000.0,900.0,255100.0
1203,2021-10-22 02:48:59,13000.0,500.0,254200.0
1204,2021-10-22 02:48:59,13000.0,200.0,253700.0
1205,2021-10-22 02:48:59,13000.0,100.0,253500.0
1206,2021-10-22 02:48:59,13000.0,1000.0,253400.0
1207,2021-10-22 02:48:59,13000.0,7000.0,252400.0
1208,2021-10-22 02:48:59,13000.0,100.0,245400.0
1209,2021-10-22 02:48:59,13000.0,1000.0,245300.0
1210,2021-10-22 02:48:59,13000.0,4200.0,244300.0
1211,2021-10-22 02:48:55,13000.0,800.0,240100.0
1212,2021-10-22 02:48:55,13000.0,200.0,239300.0
1213,2021-10-22 02:48:50,13000.0,300.0,239100.0
1214,2021-10-22 02:48:50,13000.0,200.0,238800.0
1215,2021-10-22 02:48:46,12950.0,1000.0,238600.0
1216,2021-10-22 02:48:46,12950.0,5000.0,237600.0
1217,2021-10-22 02:48:27,13000.0,200.0,232600.0
1218,2021-10-22 02:48:13,13000.0,300.0,232400.0
1219,2021-10-22 02:48:12,13000.0,700.0,232100.0
1220,2021-10-22 02:48:05,13000.0,100.0,231400.0
1221,2021-10-22 02:47:55,13000.0,300.0,231300.0
1222,2021-10-22 02:47:24,13000.0,200.0,231000.0
1223,2021-10-22 02:47:20,12950.0,100.0,230800.0
1224,2021-10-22 02:47:20,12950.0,600.0,230700.0
1225,2021-10-22 02:47:20,12950.0,1000.0,230100.0
1226,2021-10-22 02:47:20,12950.0,1800.0,229100.0
1227,2021-10-22 02:47:07,12950.0,5000.0,227300.0
1228,2021-10-22 02:47:04,12950.0,200.0,222300.0
1229,2021-10-22 02:47:04,12950.0,200.0,222100.0
1230,2021-10-22 02:47:04,12950.0,3600.0,221900.0
1231,2021-10-22 02:46:45,12950.0,300.0,218300.0
1232,2021-10-22 02:46:42,12950.0,900.0,218000.0
1233,2021-10-22 02:46:33,12950.0,200.0,217100.0
1234,2021-10-22 02:46:33,12950.0,900.0,216900.0
1235,2021-10-22 02:46:33,12950.0,400.0,216000.0
1236,2021-10-22 02:46:33,12950.0,1000.0,215600.0
1237,2021-10-22 02:46:28,12950.0,100.0,214600.0
1238,2021-10-22 02:46:27,12950.0,200.0,214500.0
1239,2021-10-22 02:46:27,12950.0,1000.0,214300.0
1240,2021-10-22 02:46:22,12950.0,900.0,213300.0
1241,2021-10-22 02:46:22,12950.0,100.0,212400.0
1242,2021-10-22 02:45:56,12950.0,200.0,212300.0
1243,2021-10-22 02:45:41,12950.0,1000.0,212100.0
1244,2021-10-22 02:45:40,12900.0,900.0,211100.0
1245,2021-10-22 02:45:40,12900.0,100.0,210200.0
1246,2021-10-22 02:45:40,12950.0,500.0,210100.0
1247,2021-10-22 02:44:50,12950.0,200.0,209600.0
1248,2021-10-22 02:44:46,12900.0,1000.0,209400.0
1249,2021-10-22 02:44:46,12900.0,900.0,208400.0
1250,2021-10-22 02:44:41,12900.0,3000.0,207500.0
1251,2021-10-22 02:44:34,12900.0,100.0,204500.0
1252,2021-10-22 02:44:34,12900.0,100.0,204400.0
1253,2021-10-22 02:44:34,12900.0,900.0,204300.0
1254,2021-10-22 02:44:34,12900.0,1100.0,203400.0
1255,2021-10-22 02:44:30,12850.0,100.0,202300.0
1256,2021-10-22 02:44:27,12900.0,700.0,202200.0
1257,2021-10-22 02:44:18,12900.0,1000.0,201500.0
1258,2021-10-22 02:43:48,12900.0,100.0,200500.0
1259,2021-10-22 02:43:48,12900.0,2100.0,200400.0
1260,2021-10-22 02:43:47,12900.0,100.0,198300.0
1261,2021-10-22 02:43:36,12900.0,2900.0,198200.0
1262,2021-10-22 02:43:36,12900.0,4000.0,195300.0
1263,2021-10-22 02:43:36,12900.0,100.0,191300.0
1264,2021-10-22 02:43:26,12900.0,400.0,191200.0
1265,2021-10-22 02:43:17,12900.0,100.0,190800.0
1266,2021-10-22 02:43:02,12900.0,700.0,190700.0
1267,2021-10-22 02:43:02,12900.0,200.0,190000.0
1268,2021-10-22 02:42:53,12900.0,5000.0,189800.0
1269,2021-10-22 02:42:52,12900.0,200.0,184800.0
1270,2021-10-22 02:42:44,12900.0,500.0,184600.0
1271,2021-10-22 02:42:28,12900.0,700.0,184100.0
1272,2021-10-22 02:42:11,12900.0,200.0,183400.0
1273,2021-10-22 02:42:04,12900.0,100.0,183200.0
1274,2021-10-22 02:41:29,12900.0,100.0,183100.0
1275,2021-10-22 02:41:06,12850.0,100.0,183000.0
1276,2021-10-22 02:41:03,12850.0,300.0,182900.0
1277,2021-10-22 02:41:03,12850.0,7000.0,182600.0
1278,2021-10-22 02:41:01,12850.0,1000.0,175600.0
1279,2021-10-22 02:40:50,12850.0,300.0,174600.0
1280,2021-10-22 02:40:33,12850.0,100.0,174300.0
1281,2021-10-22 02:40:29,12850.0,4600.0,174200.0
1282,2021-10-22 02:40:29,12850.0,100.0,169600.0
1283,2021-10-22 02:40:29,12850.0,100.0,169500.0
1284,2021-10-22 02:40:29,12850.0,200.0,169400.0
1285,2021-10-22 02:40:13,12850.0,1200.0,169200.0
1286,2021-10-22 02:40:13,12850.0,100.0,168000.0
1287,2021-10-22 02:39:29,12850.0,3000.0,167900.0
1288,2021-10-22 02:39:22,12800.0,100.0,164900.0
1289,2021-10-22 02:39:22,12800.0,1000.0,164800.0
1290,2021-10-22 02:39:22,12800.0,1900.0,163800.0
1291,2021-10-22 02:38:55,12850.0,1000.0,161900.0
1292,2021-10-22 02:38:44,12850.0,200.0,160900.0
1293,2021-10-22 02:38:27,12850.0,200.0,160700.0
1294,2021-10-22 02:38:08,12850.0,100.0,160500.0
1295,2021-10-22 02:37:56,12850.0,300.0,160400.0
1296,2021-10-22 02:37:49,12850.0,200.0,160100.0
1297,2021-10-22 02:37:49,12850.0,1100.0,159900.0
1298,2021-10-22 02:36:38,12850.0,100.0,158800.0
1299,2021-10-22 02:36:07,12850.0,100.0,158700.0
1300,2021-10-22 02:35:50,12850.0,1300.0,158600.0
1301,2021-10-22 02:35:50,12800.0,1100.0,157300.0
1302,2021-10-22 02:35:50,12800.0,400.0,156200.0
1303,2021-10-22 02:34:55,12800.0,600.0,155800.0
1304,2021-10-22 02:34:53,12800.0,900.0,155200.0
1305,2021-10-22 02:34:53,12800.0,100.0,154300.0
1306,2021-10-22 02:34:32,12800.0,200.0,154200.0
1307,2021-10-22 02:34:29,12800.0,700.0,154000.0
1308,2021-10-22 02:34:05,12800.0,2000.0,153300.0
1309,2021-10-22 02:33:59,12800.0,1300.0,151300.0
1310,2021-10-22 02:33:52,12800.0,3000.0,150000.0
1311,2021-10-22 02:33:30,12800.0,200.0,147000.0
1312,2021-10-22 02:33:16,12800.0,1000.0,146800.0
1313,2021-10-22 02:32:57,12800.0,100.0,145800.0
1314,2021-10-22 02:32:51,12800.0,5000.0,145700.0
1315,2021-10-22 02:32:51,12800.0,5000.0,140700.0
1316,2021-10-22 02:32:47,12800.0,200.0,135700.0
1317,2021-10-22 02:32:38,12800.0,1000.0,135500.0
1318,2021-10-22 02:32:38,12800.0,2000.0,134500.0
1319,2021-10-22 02:32:31,12800.0,1500.0,132500.0
1320,2021-10-22 02:32:09,12850.0,400.0,131000.0
1321,2021-10-22 02:31:52,12850.0,300.0,130600.0
1322,2021-10-22 02:31:50,12850.0,100.0,130300.0
1323,2021-10-22 02:31:23,12850.0,200.0,130200.0
1324,2021-10-22 02:31:17,12850.0,900.0,130000.0
1325,2021-10-22 02:31:17,12850.0,100.0,129100.0
1326,2021-10-22 02:31:00,12850.0,1100.0,129000.0
1327,2021-10-22 02:31:00,12850.0,1900.0,127900.0
1328,2021-10-22 02:30:57,12850.0,5100.0,126000.0
1329,2021-10-22 02:30:40,12800.0,500.0,120900.0
1330,2021-10-22 02:30:40,12800.0,1000.0,120400.0
1331,2021-10-22 02:30:32,12800.0,300.0,119400.0
1332,2021-10-22 02:30:19,12800.0,600.0,119100.0
1333,2021-10-22 02:30:19,12800.0,400.0,118500.0
1334,2021-10-22 02:30:19,12800.0,1400.0,118100.0
1335,2021-10-22 02:30:09,12800.0,2300.0,116700.0
1336,2021-10-22 02:29:35,12800.0,3300.0,114400.0
1337,2021-10-22 02:29:35,12800.0,600.0,111100.0
1338,2021-10-22 02:29:18,12800.0,1400.0,110500.0
1339,2021-10-22 02:29:18,12800.0,600.0,109100.0
1340,2021-10-22 02:29:13,12800.0,100.0,108500.0
1341,2021-10-22 02:29:03,12800.0,400.0,108400.0
1342,2021-10-22 02:29:03,12800.0,100.0,108000.0
1343,2021-10-22 02:28:28,12750.0,100.0,107900.0
1344,2021-10-22 02:28:28,12750.0,1400.0,107800.0
1345,2021-10-22 02:28:18,12750.0,200.0,106400.0
1346,2021-10-22 02:28:14,12750.0,1400.0,106200.0
1347,2021-10-22 02:28:09,12750.0,100.0,104800.0
1348,2021-10-22 02:28:09,12750.0,100.0,104700.0
1349,2021-10-22 02:27:57,12750.0,200.0,104600.0
1350,2021-10-22 02:27:06,12750.0,500.0,104400.0
1351,2021-10-22 02:26:44,12750.0,3700.0,103900.0
1352,2021-10-22 02:26:44,12750.0,200.0,100200.0
1353,2021-10-22 02:26:44,12750.0,1100.0,100000.0
1354,2021-10-22 02:26:24,12750.0,7000.0,98900.0
1355,2021-10-22 02:26:13,12750.0,100.0,91900.0
1356,2021-10-22 02:26:04,12750.0,1000.0,91800.0
1357,2021-10-22 02:26:04,12750.0,100.0,90800.0
1358,2021-10-22 02:26:04,12750.0,400.0,90700.0
1359,2021-10-22 02:26:04,12750.0,300.0,90300.0
1360,2021-10-22 02:25:34,12750.0,1700.0,90000.0
1361,2021-10-22 02:25:34,12750.0,1000.0,88300.0
1362,2021-10-22 02:25:34,12750.0,300.0,87300.0
1363,2021-10-22 02:25:00,12750.0,100.0,87000.0
1364,2021-10-22 02:24:48,12750.0,1000.0,86900.0
1365,2021-10-22 02:24:40,12750.0,800.0,85900.0
1366,2021-10-22 02:24:40,12750.0,100.0,85100.0
1367,2021-10-22 02:24:40,12750.0,1500.0,85000.0
1368,2021-10-22 02:24:40,12750.0,600.0,83500.0
1369,2021-10-22 02:24:37,12750.0,100.0,82900.0
1370,2021-10-22 02:24:28,12750.0,100.0,82800.0
1371,2021-10-22 02:24:28,12750.0,100.0,82700.0
1372,2021-10-22 02:24:13,12750.0,2800.0,82600.0
1373,2021-10-22 02:24:02,12750.0,1000.0,79800.0
1374,2021-10-22 02:24:01,12750.0,1100.0,78800.0
1375,2021-10-22 02:23:22,12750.0,200.0,77700.0
1376,2021-10-22 02:22:59,12750.0,1000.0,77500.0
1377,2021-10-22 02:22:53,12700.0,600.0,76500.0
1378,2021-10-22 02:22:41,12700.0,500.0,75900.0
1379,2021-10-22 02:22:39,12700.0,100.0,75400.0
1380,2021-10-22 02:22:33,12700.0,2800.0,75300.0
1381,2021-10-22 02:22:33,12700.0,200.0,72500.0
1382,2021-10-22 02:22:32,12700.0,900.0,72300.0
1383,2021-10-22 02:22:32,12700.0,100.0,71400.0
1384,2021-10-22 02:22:32,12700.0,1000.0,71300.0
1385,2021-10-22 02:22:23,12700.0,700.0,70300.0
1386,2021-10-22 02:22:23,12700.0,800.0,69600.0
1387,2021-10-22 02:22:23,12700.0,500.0,68800.0
1388,2021-10-22 02:22:23,12700.0,1000.0,68300.0
1389,2021-10-22 02:22:07,12700.0,100.0,67300.0
1390,2021-10-22 02:22:01,12700.0,500.0,67200.0
1391,2021-10-22 02:20:51,12700.0,100.0,66700.0
1392,2021-10-22 02:20:42,12700.0,2000.0,66600.0
1393,2021-10-22 02:20:39,12700.0,300.0,64600.0
1394,2021-10-22 02:20:37,12700.0,300.0,64300.0
1395,2021-10-22 02:20:24,12700.0,3000.0,64000.0
1396,2021-10-22 02:20:24,12700.0,500.0,61000.0
1397,2021-10-22 02:20:24,12700.0,1200.0,60500.0
1398,2021-10-22 02:20:11,12700.0,2000.0,59300.0
1399,2021-10-22 02:20:02,12700.0,1000.0,57300.0
1400,2021-10-22 02:20:02,12700.0,1000.0,56300.0
1401,2021-10-22 02:19:25,12700.0,2000.0,55300.0
1402,2021-10-22 02:19:25,12700.0,2600.0,53300.0
1403,2021-10-22 02:19:20,12700.0,1400.0,50700.0
1404,2021-10-22 02:19:20,12700.0,100.0,49300.0
1405,2021-10-22 02:19:19,12700.0,1100.0,49200.0
1406,2021-10-22 02:18:51,12700.0,700.0,48100.0
1407,2021-10-22 02:18:47,12700.0,5000.0,47400.0
1408,2021-10-22 02:18:42,12700.0,900.0,42400.0
1409,2021-10-22 02:18:33,12700.0,200.0,41500.0
1410,2021-10-22 02:18:25,12700.0,400.0,41300.0
1411,2021-10-22 02:18:13,12700.0,500.0,40900.0
1412,2021-10-22 02:18:08,12700.0,2000.0,40400.0
1413,2021-10-22 02:17:59,12700.0,200.0,38400.0
1414,2021-10-22 02:17:41,12700.0,3000.0,38200.0
1415,2021-10-22 02:17:30,12700.0,5400.0,35200.0
1416,2021-10-22 02:17:14,12700.0,500.0,29800.0
1417,2021-10-22 02:16:50,12650.0,400.0,29300.0
1418,2021-10-22 02:16:35,12650.0,1400.0,28900.0
1419,2021-10-22 02:16:34,12650.0,400.0,27500.0
1420,2021-10-22 02:16:23,12650.0,2000.0,27100.0
1421,2021-10-22 02:16:23,12650.0,200.0,25100.0
1422,2021-10-22 02:16:13,12650.0,2000.0,24900.0
1423,2021-10-22 02:15:53,12650.0,300.0,22900.0
1424,2021-10-22 02:15:37,12650.0,300.0,22600.0
1425,2021-10-22 02:15:36,12500.0,600.0,22300.0
1426,2021-10-22 02:15:36,12500.0,100.0,21700.0
1427,2021-10-22 02:15:36,12500.0,500.0,21600.0
1428,2021-10-22 02:15:36,12500.0,1000.0,21100.0
1429,2021-10-22 02:15:36,12500.0,400.0,20100.0
1430,2021-10-22 02:15:34,12650.0,900.0,19700.0
1431,2021-10-22 02:15:34,12650.0,100.0,18800.0
1432,2021-10-22 02:15:20,12650.0,200.0,18700.0
1433,2021-10-22 02:15:00,12500.0,2100.0,18500.0
1434,2021-10-22 02:15:00,12500.0,100.0,16400.0
1435,2021-10-22 02:15:00,12500.0,1000.0,16300.0
1436,2021-10-22 02:15:00,12500.0,200.0,15300.0
1437,2021-10-22 02:15:00,12500.0,300.0,15100.0
1438,2021-10-22 02:15:00,12500.0,200.0,14800.0
1439,2021-10-22 02:15:00,12500.0,400.0,14600.0
1440,2021-10-22 02:15:00,12500.0,200.0,14200.0
1441,2021-10-22 02:15:00,12500.0,900.0,14000.0
1442,2021-10-22 02:15:00,12500.0,4000.0,13100.0
1443,2021-10-22 02:15:00,12500.0,1000.0,9100.0
1444,2021-10-22 02:15:00,12500.0,3000.0,8100.0
1445,2021-10-22 02:15:00,12500.0,1000.0,5100.0
1446,2021-10-22 02:15:00,12500.0,2000.0,4100.0
1447,2021-10-22 02:15:00,12500.0,100.0,2100.0
1448,2021-10-22 02:15:00,12500.0,800.0,2000.0
1449,2021-10-22 02:15:00,12500.0,100.0,1200.0
1450,2021-10-22 02:15:00,12500.0,300.0,1100.0
1451,2021-10-22 02:15:00,12500.0,300.0,800.0
1452,2021-10-22 02:15:00,12500.0,400.0,500.0
1453,2021-10-22 02:15:00,12500.0,100.0,100.0
