,Time,Price,Volume_per_trade,Volume
0,2021-10-18 07:45:01,38200.0,100.0,1749600.0
1,2021-10-18 07:45:01,38200.0,500.0,1749500.0
2,2021-10-18 07:45:01,38200.0,200.0,1749000.0
3,2021-10-18 07:45:01,38200.0,1000.0,1748800.0
4,2021-10-18 07:45:01,38200.0,200.0,1747800.0
5,2021-10-18 07:45:01,38200.0,100.0,1747600.0
6,2021-10-18 07:45:01,38200.0,1000.0,1747500.0
7,2021-10-18 07:45:01,38200.0,800.0,1746500.0
8,2021-10-18 07:45:01,38200.0,1000.0,1745700.0
9,2021-10-18 07:45:01,38200.0,200.0,1744700.0
10,2021-10-18 07:45:01,38200.0,100.0,1744500.0
11,2021-10-18 07:45:01,38200.0,200.0,1744400.0
12,2021-10-18 07:45:01,38200.0,800.0,1744200.0
13,2021-10-18 07:45:01,38200.0,100.0,1743400.0
14,2021-10-18 07:45:01,38200.0,200.0,1743300.0
15,2021-10-18 07:45:01,38200.0,1000.0,1743100.0
16,2021-10-18 07:45:01,38200.0,3000.0,1742100.0
17,2021-10-18 07:45:01,38200.0,3200.0,1739100.0
18,2021-10-18 07:45:01,38200.0,100.0,1735900.0
19,2021-10-18 07:45:01,38200.0,100.0,1735800.0
20,2021-10-18 07:45:01,38200.0,1500.0,1735700.0
21,2021-10-18 07:45:01,38200.0,100.0,1734200.0
22,2021-10-18 07:45:01,38200.0,300.0,1734100.0
23,2021-10-18 07:45:01,38200.0,100.0,1733800.0
24,2021-10-18 07:45:01,38200.0,200.0,1733700.0
25,2021-10-18 07:45:01,38200.0,10000.0,1733500.0
26,2021-10-18 07:45:01,38200.0,500.0,1723500.0
27,2021-10-18 07:45:01,38200.0,1000.0,1723000.0
28,2021-10-18 07:45:01,38200.0,200.0,1722000.0
29,2021-10-18 07:45:01,38200.0,400.0,1721800.0
30,2021-10-18 07:45:01,38200.0,100.0,1721400.0
31,2021-10-18 07:45:01,38200.0,300.0,1721300.0
32,2021-10-18 07:45:01,38200.0,200.0,1721000.0
33,2021-10-18 07:45:01,38200.0,200.0,1720800.0
34,2021-10-18 07:45:01,38200.0,200.0,1720600.0
35,2021-10-18 07:45:01,38200.0,300.0,1720400.0
36,2021-10-18 07:45:01,38200.0,100.0,1720100.0
37,2021-10-18 07:45:01,38200.0,400.0,1720000.0
38,2021-10-18 07:45:01,38200.0,1100.0,1719600.0
39,2021-10-18 07:45:01,38200.0,400.0,1718500.0
40,2021-10-18 07:45:01,38200.0,2000.0,1718100.0
41,2021-10-18 07:45:01,38200.0,1500.0,1716100.0
42,2021-10-18 07:45:01,38200.0,200.0,1714600.0
43,2021-10-18 07:45:01,38200.0,100.0,1714400.0
44,2021-10-18 07:45:01,38200.0,1000.0,1714300.0
45,2021-10-18 07:45:01,38200.0,100.0,1713300.0
46,2021-10-18 07:45:01,38200.0,1000.0,1713200.0
47,2021-10-18 07:29:46,38000.0,1600.0,1712200.0
48,2021-10-18 07:29:46,38000.0,500.0,1710600.0
49,2021-10-18 07:29:46,38000.0,200.0,1710100.0
50,2021-10-18 07:29:46,38000.0,100.0,1709900.0
51,2021-10-18 07:29:46,38000.0,1000.0,1709800.0
52,2021-10-18 07:29:46,38000.0,100.0,1708800.0
53,2021-10-18 07:29:46,38000.0,1000.0,1708700.0
54,2021-10-18 07:29:46,38000.0,500.0,1707700.0
55,2021-10-18 07:29:46,38000.0,1000.0,1707200.0
56,2021-10-18 07:29:46,38000.0,200.0,1706200.0
57,2021-10-18 07:29:46,38000.0,2000.0,1706000.0
58,2021-10-18 07:29:46,38000.0,500.0,1704000.0
59,2021-10-18 07:29:46,38000.0,500.0,1703500.0
60,2021-10-18 07:29:46,38000.0,10000.0,1703000.0
61,2021-10-18 07:29:46,38000.0,10000.0,1693000.0
62,2021-10-18 07:29:46,38100.0,500.0,1683000.0
63,2021-10-18 07:29:46,38100.0,500.0,1682500.0
64,2021-10-18 07:29:46,38100.0,200.0,1682000.0
65,2021-10-18 07:29:46,38150.0,200.0,1681800.0
66,2021-10-18 07:29:46,38150.0,2400.0,1681600.0
67,2021-10-18 07:29:31,38150.0,600.0,1679200.0
68,2021-10-18 07:29:31,38150.0,2000.0,1678600.0
69,2021-10-18 07:29:31,38150.0,100.0,1676600.0
70,2021-10-18 07:29:31,38200.0,500.0,1676500.0
71,2021-10-18 07:29:31,38200.0,1000.0,1676000.0
72,2021-10-18 07:29:31,38200.0,200.0,1675000.0
73,2021-10-18 07:29:31,38200.0,9200.0,1674800.0
74,2021-10-18 07:29:31,38200.0,300.0,1665600.0
75,2021-10-18 07:29:31,38200.0,1000.0,1665300.0
76,2021-10-18 07:29:31,38200.0,500.0,1664300.0
77,2021-10-18 07:29:31,38200.0,100.0,1663800.0
78,2021-10-18 07:29:31,38200.0,200.0,1663700.0
79,2021-10-18 07:29:31,38200.0,100.0,1663500.0
80,2021-10-18 07:29:31,38200.0,500.0,1663400.0
81,2021-10-18 07:29:31,38200.0,100.0,1662900.0
82,2021-10-18 07:29:31,38200.0,500.0,1662800.0
83,2021-10-18 07:29:31,38200.0,100.0,1662300.0
84,2021-10-18 07:29:31,38300.0,500.0,1662200.0
85,2021-10-18 07:29:31,38300.0,1000.0,1661700.0
86,2021-10-18 07:29:31,38300.0,300.0,1660700.0
87,2021-10-18 07:29:31,38300.0,500.0,1660400.0
88,2021-10-18 07:29:31,38300.0,700.0,1659900.0
89,2021-10-18 07:29:31,38300.0,500.0,1659200.0
90,2021-10-18 07:29:31,38300.0,100.0,1658700.0
91,2021-10-18 07:29:31,38300.0,100.0,1658600.0
92,2021-10-18 07:29:31,38300.0,500.0,1658500.0
93,2021-10-18 07:29:31,38300.0,200.0,1658000.0
94,2021-10-18 07:29:31,38300.0,500.0,1657800.0
95,2021-10-18 07:29:31,38300.0,200.0,1657300.0
96,2021-10-18 07:29:31,38300.0,500.0,1657100.0
97,2021-10-18 07:29:31,38300.0,500.0,1656600.0
98,2021-10-18 07:29:31,38300.0,3000.0,1656100.0
99,2021-10-18 07:29:31,38300.0,500.0,1653100.0
100,2021-10-18 07:29:31,38300.0,100.0,1652600.0
101,2021-10-18 07:29:31,38300.0,1000.0,1652500.0
102,2021-10-18 07:29:31,38300.0,200.0,1651500.0
103,2021-10-18 07:29:31,38300.0,200.0,1651300.0
104,2021-10-18 07:29:31,38300.0,5000.0,1651100.0
105,2021-10-18 07:29:31,38300.0,200.0,1646100.0
106,2021-10-18 07:29:31,38300.0,5600.0,1645900.0
107,2021-10-18 07:29:31,38300.0,5000.0,1640300.0
108,2021-10-18 07:29:31,38300.0,100.0,1635300.0
109,2021-10-18 07:29:31,38300.0,900.0,1635200.0
110,2021-10-18 07:29:31,38300.0,500.0,1634300.0
111,2021-10-18 07:29:31,38300.0,200.0,1633800.0
112,2021-10-18 07:29:31,38300.0,300.0,1633600.0
113,2021-10-18 07:29:31,38300.0,400.0,1633300.0
114,2021-10-18 07:29:31,38350.0,200.0,1632900.0
115,2021-10-18 07:29:31,38350.0,400.0,1632700.0
116,2021-10-18 07:29:31,38350.0,1400.0,1632300.0
117,2021-10-18 07:29:31,38350.0,1300.0,1630900.0
118,2021-10-18 07:29:31,38400.0,200.0,1629600.0
119,2021-10-18 07:29:31,38400.0,200.0,1629400.0
120,2021-10-18 07:29:26,38350.0,700.0,1629200.0
121,2021-10-18 07:29:26,38400.0,300.0,1628500.0
122,2021-10-18 07:29:25,38400.0,500.0,1628200.0
123,2021-10-18 07:29:25,38350.0,1000.0,1627700.0
124,2021-10-18 07:29:25,38350.0,200.0,1626700.0
125,2021-10-18 07:29:25,38350.0,800.0,1626500.0
126,2021-10-18 07:29:25,38350.0,100.0,1625700.0
127,2021-10-18 07:29:25,38350.0,100.0,1625600.0
128,2021-10-18 07:29:25,38350.0,200.0,1625500.0
129,2021-10-18 07:29:25,38350.0,100.0,1625300.0
130,2021-10-18 07:29:25,38350.0,400.0,1625200.0
131,2021-10-18 07:29:25,38350.0,300.0,1624800.0
132,2021-10-18 07:29:25,38350.0,200.0,1624500.0
133,2021-10-18 07:29:25,38350.0,1600.0,1624300.0
134,2021-10-18 07:29:15,38400.0,1000.0,1622700.0
135,2021-10-18 07:29:15,38400.0,1000.0,1621700.0
136,2021-10-18 07:29:11,38400.0,5000.0,1620700.0
137,2021-10-18 07:29:07,38400.0,100.0,1615700.0
138,2021-10-18 07:29:07,38400.0,100.0,1615600.0
139,2021-10-18 07:29:06,38400.0,500.0,1615500.0
140,2021-10-18 07:29:00,38400.0,1000.0,1615000.0
141,2021-10-18 07:28:37,38400.0,200.0,1614000.0
142,2021-10-18 07:28:35,38450.0,100.0,1613800.0
143,2021-10-18 07:28:26,38350.0,1000.0,1613700.0
144,2021-10-18 07:28:18,38350.0,1000.0,1612700.0
145,2021-10-18 07:28:16,38450.0,100.0,1611700.0
146,2021-10-18 07:28:05,38450.0,100.0,1611600.0
147,2021-10-18 07:28:01,38350.0,500.0,1611500.0
148,2021-10-18 07:27:51,38450.0,200.0,1611000.0
149,2021-10-18 07:27:51,38350.0,1000.0,1610800.0
150,2021-10-18 07:27:51,38350.0,300.0,1609800.0
151,2021-10-18 07:27:39,38350.0,200.0,1609500.0
152,2021-10-18 07:27:29,38350.0,100.0,1609300.0
153,2021-10-18 07:27:29,38350.0,1400.0,1609200.0
154,2021-10-18 07:27:17,38350.0,100.0,1607800.0
155,2021-10-18 07:27:17,38350.0,100.0,1607700.0
156,2021-10-18 07:27:13,38350.0,400.0,1607600.0
157,2021-10-18 07:27:13,38350.0,100.0,1607200.0
158,2021-10-18 07:27:13,38350.0,100.0,1607100.0
159,2021-10-18 07:27:13,38350.0,300.0,1607000.0
160,2021-10-18 07:27:13,38350.0,500.0,1606700.0
161,2021-10-18 07:27:13,38350.0,500.0,1606200.0
162,2021-10-18 07:27:13,38350.0,800.0,1605700.0
163,2021-10-18 07:27:13,38450.0,1000.0,1604900.0
164,2021-10-18 07:27:13,38450.0,500.0,1603900.0
165,2021-10-18 07:27:13,38450.0,200.0,1603400.0
166,2021-10-18 07:27:13,38450.0,400.0,1603200.0
167,2021-10-18 07:27:13,38450.0,200.0,1602800.0
168,2021-10-18 07:27:01,38450.0,100.0,1602600.0
169,2021-10-18 07:26:49,38450.0,3000.0,1602500.0
170,2021-10-18 07:26:37,38450.0,100.0,1599500.0
171,2021-10-18 07:26:09,38450.0,500.0,1599400.0
172,2021-10-18 07:26:08,38500.0,100.0,1598900.0
173,2021-10-18 07:25:45,38450.0,200.0,1598800.0
174,2021-10-18 07:25:36,38450.0,100.0,1598600.0
175,2021-10-18 07:25:29,38450.0,1000.0,1598500.0
176,2021-10-18 07:25:22,38450.0,100.0,1597500.0
177,2021-10-18 07:25:13,38450.0,1000.0,1597400.0
178,2021-10-18 07:25:03,38450.0,1000.0,1596400.0
179,2021-10-18 07:25:03,38450.0,1000.0,1595400.0
180,2021-10-18 07:25:03,38450.0,100.0,1594400.0
181,2021-10-18 07:25:03,38450.0,100.0,1594300.0
182,2021-10-18 07:25:03,38400.0,500.0,1594200.0
183,2021-10-18 07:25:03,38400.0,200.0,1593700.0
184,2021-10-18 07:25:03,38400.0,500.0,1593500.0
185,2021-10-18 07:25:03,38400.0,100.0,1593000.0
186,2021-10-18 07:25:03,38400.0,200.0,1592900.0
187,2021-10-18 07:25:00,38400.0,700.0,1592700.0
188,2021-10-18 07:24:58,38400.0,500.0,1592000.0
189,2021-10-18 07:24:56,38350.0,100.0,1591500.0
190,2021-10-18 07:24:56,38350.0,500.0,1591400.0
191,2021-10-18 07:24:51,38400.0,300.0,1590900.0
192,2021-10-18 07:24:46,38400.0,200.0,1590600.0
193,2021-10-18 07:24:40,38400.0,200.0,1590400.0
194,2021-10-18 07:24:40,38400.0,100.0,1590200.0
195,2021-10-18 07:24:40,38400.0,500.0,1590100.0
196,2021-10-18 07:24:40,38400.0,500.0,1589600.0
197,2021-10-18 07:24:40,38400.0,1800.0,1589100.0
198,2021-10-18 07:24:28,38400.0,300.0,1587300.0
199,2021-10-18 07:24:25,38400.0,100.0,1587000.0
200,2021-10-18 07:24:24,38400.0,400.0,1586900.0
201,2021-10-18 07:24:17,38400.0,500.0,1586500.0
202,2021-10-18 07:24:12,38400.0,900.0,1586000.0
203,2021-10-18 07:24:12,38400.0,400.0,1585100.0
204,2021-10-18 07:24:12,38400.0,200.0,1584700.0
205,2021-10-18 07:24:07,38400.0,1000.0,1584500.0
206,2021-10-18 07:24:01,38400.0,4500.0,1583500.0
207,2021-10-18 07:23:45,38450.0,100.0,1579000.0
208,2021-10-18 07:23:39,38400.0,1000.0,1578900.0
209,2021-10-18 07:23:34,38400.0,1800.0,1577900.0
210,2021-10-18 07:23:32,38450.0,100.0,1576100.0
211,2021-10-18 07:23:21,38400.0,1500.0,1576000.0
212,2021-10-18 07:23:21,38400.0,500.0,1574500.0
213,2021-10-18 07:23:17,38450.0,100.0,1574000.0
214,2021-10-18 07:22:53,38450.0,300.0,1573900.0
215,2021-10-18 07:22:50,38450.0,700.0,1573600.0
216,2021-10-18 07:22:50,38450.0,300.0,1572900.0
217,2021-10-18 07:22:42,38450.0,1000.0,1572600.0
218,2021-10-18 07:22:07,38450.0,500.0,1571600.0
219,2021-10-18 07:21:51,38450.0,1200.0,1571100.0
220,2021-10-18 07:21:44,38400.0,400.0,1569900.0
221,2021-10-18 07:21:34,38400.0,100.0,1569500.0
222,2021-10-18 07:21:34,38400.0,2400.0,1569400.0
223,2021-10-18 07:21:34,38400.0,500.0,1567000.0
224,2021-10-18 07:21:20,38500.0,100.0,1566500.0
225,2021-10-18 07:21:18,38400.0,600.0,1566400.0
226,2021-10-18 07:21:18,38400.0,400.0,1565800.0
227,2021-10-18 07:20:51,38400.0,100.0,1565400.0
228,2021-10-18 07:20:36,38400.0,1000.0,1565300.0
229,2021-10-18 07:20:36,38400.0,300.0,1564300.0
230,2021-10-18 07:20:36,38400.0,300.0,1564000.0
231,2021-10-18 07:20:36,38400.0,1000.0,1563700.0
232,2021-10-18 07:20:36,38400.0,100.0,1562700.0
233,2021-10-18 07:20:36,38400.0,100.0,1562600.0
234,2021-10-18 07:19:53,38500.0,200.0,1562500.0
235,2021-10-18 07:19:53,38500.0,200.0,1562300.0
236,2021-10-18 07:19:53,38500.0,600.0,1562100.0
237,2021-10-18 07:19:19,38500.0,100.0,1561500.0
238,2021-10-18 07:19:19,38500.0,100.0,1561400.0
239,2021-10-18 07:19:19,38500.0,300.0,1561300.0
240,2021-10-18 07:19:19,38500.0,100.0,1561000.0
241,2021-10-18 07:19:19,38500.0,100.0,1560900.0
242,2021-10-18 07:19:07,38500.0,100.0,1560800.0
243,2021-10-18 07:19:07,38500.0,100.0,1560700.0
244,2021-10-18 07:18:53,38500.0,400.0,1560600.0
245,2021-10-18 07:18:53,38500.0,200.0,1560200.0
246,2021-10-18 07:18:47,38550.0,1000.0,1560000.0
247,2021-10-18 07:18:47,38550.0,500.0,1559000.0
248,2021-10-18 07:18:36,38550.0,1000.0,1558500.0
249,2021-10-18 07:18:36,38550.0,100.0,1557500.0
250,2021-10-18 07:18:22,38600.0,100.0,1557400.0
251,2021-10-18 07:18:00,38600.0,100.0,1557300.0
252,2021-10-18 07:18:00,38600.0,100.0,1557200.0
253,2021-10-18 07:18:00,38600.0,100.0,1557100.0
254,2021-10-18 07:17:55,38600.0,4900.0,1557000.0
255,2021-10-18 07:17:55,38600.0,100.0,1552100.0
256,2021-10-18 07:17:48,38600.0,100.0,1552000.0
257,2021-10-18 07:17:48,38600.0,100.0,1551900.0
258,2021-10-18 07:17:33,38600.0,900.0,1551800.0
259,2021-10-18 07:17:33,38600.0,1800.0,1550900.0
260,2021-10-18 07:17:33,38600.0,100.0,1549100.0
261,2021-10-18 07:17:14,38600.0,3000.0,1549000.0
262,2021-10-18 07:17:07,38650.0,100.0,1546000.0
263,2021-10-18 07:17:05,38650.0,100.0,1545900.0
264,2021-10-18 07:17:03,38700.0,400.0,1545800.0
265,2021-10-18 07:15:47,38700.0,500.0,1545400.0
266,2021-10-18 07:15:47,38700.0,200.0,1544900.0
267,2021-10-18 07:15:47,38700.0,900.0,1544700.0
268,2021-10-18 07:15:35,38700.0,3000.0,1543800.0
269,2021-10-18 07:15:28,38700.0,500.0,1540800.0
270,2021-10-18 07:15:26,38700.0,300.0,1540300.0
271,2021-10-18 07:15:23,38700.0,100.0,1540000.0
272,2021-10-18 07:15:23,38700.0,400.0,1539900.0
273,2021-10-18 07:15:02,38700.0,300.0,1539500.0
274,2021-10-18 07:14:57,38600.0,100.0,1539200.0
275,2021-10-18 07:14:34,38700.0,200.0,1539100.0
276,2021-10-18 07:14:34,38700.0,200.0,1538900.0
277,2021-10-18 07:14:32,38600.0,1500.0,1538700.0
278,2021-10-18 07:14:10,38600.0,800.0,1537200.0
279,2021-10-18 07:13:59,38600.0,400.0,1536400.0
280,2021-10-18 07:13:59,38600.0,1300.0,1536000.0
281,2021-10-18 07:13:55,38500.0,300.0,1534700.0
282,2021-10-18 07:13:47,38600.0,300.0,1534400.0
283,2021-10-18 07:13:46,38400.0,100.0,1534100.0
284,2021-10-18 07:13:46,38500.0,200.0,1534000.0
285,2021-10-18 07:13:46,38500.0,500.0,1533800.0
286,2021-10-18 07:13:46,38500.0,100.0,1533300.0
287,2021-10-18 07:13:28,38600.0,1400.0,1533200.0
288,2021-10-18 07:13:28,38600.0,6500.0,1531800.0
289,2021-10-18 07:13:28,38500.0,2100.0,1525300.0
290,2021-10-18 07:13:27,38500.0,200.0,1523200.0
291,2021-10-18 07:13:18,38500.0,400.0,1523000.0
292,2021-10-18 07:13:12,38500.0,300.0,1522600.0
293,2021-10-18 07:13:10,38500.0,500.0,1522300.0
294,2021-10-18 07:12:54,38500.0,1000.0,1521800.0
295,2021-10-18 07:12:50,38500.0,300.0,1520800.0
296,2021-10-18 07:12:49,38500.0,200.0,1520500.0
297,2021-10-18 07:12:49,38500.0,100.0,1520300.0
298,2021-10-18 07:12:46,38600.0,300.0,1520200.0
299,2021-10-18 07:12:46,38600.0,200.0,1519900.0
300,2021-10-18 07:12:42,38500.0,100.0,1519700.0
301,2021-10-18 07:12:00,38300.0,1300.0,1519600.0
302,2021-10-18 07:11:51,38300.0,1300.0,1518300.0
303,2021-10-18 07:11:51,38300.0,100.0,1517000.0
304,2021-10-18 07:11:51,38300.0,300.0,1516900.0
305,2021-10-18 07:11:51,38300.0,500.0,1516600.0
306,2021-10-18 07:11:51,38300.0,500.0,1516100.0
307,2021-10-18 07:11:51,38300.0,100.0,1515600.0
308,2021-10-18 07:11:51,38300.0,1000.0,1515500.0
309,2021-10-18 07:11:51,38300.0,5000.0,1514500.0
310,2021-10-18 07:11:51,38300.0,200.0,1509500.0
311,2021-10-18 07:11:51,38400.0,1000.0,1509300.0
312,2021-10-18 07:11:51,38400.0,100.0,1508300.0
313,2021-10-18 07:11:51,38400.0,700.0,1508200.0
314,2021-10-18 07:11:51,38400.0,100.0,1507500.0
315,2021-10-18 07:11:51,38400.0,100.0,1507400.0
316,2021-10-18 07:11:51,38400.0,400.0,1507300.0
317,2021-10-18 07:11:51,38400.0,500.0,1506900.0
318,2021-10-18 07:11:51,38400.0,5000.0,1506400.0
319,2021-10-18 07:11:51,38400.0,500.0,1501400.0
320,2021-10-18 07:11:51,38450.0,100.0,1500900.0
321,2021-10-18 07:11:51,38450.0,100.0,1500800.0
322,2021-10-18 07:11:51,38450.0,2300.0,1500700.0
323,2021-10-18 07:11:51,38450.0,2000.0,1498400.0
324,2021-10-18 07:11:51,38450.0,7800.0,1496400.0
325,2021-10-18 07:11:51,38500.0,300.0,1488600.0
326,2021-10-18 07:11:45,38500.0,200.0,1488300.0
327,2021-10-18 07:11:42,38500.0,200.0,1488100.0
328,2021-10-18 07:11:39,38500.0,300.0,1487900.0
329,2021-10-18 07:11:35,38500.0,1500.0,1487600.0
330,2021-10-18 07:11:25,38500.0,900.0,1486100.0
331,2021-10-18 07:11:21,38500.0,700.0,1485200.0
332,2021-10-18 07:11:15,38500.0,1300.0,1484500.0
333,2021-10-18 07:11:15,38500.0,200.0,1483200.0
334,2021-10-18 07:11:15,38500.0,300.0,1483000.0
335,2021-10-18 07:11:15,38500.0,2500.0,1482700.0
336,2021-10-18 07:11:15,38500.0,200.0,1480200.0
337,2021-10-18 07:11:15,38500.0,100.0,1480000.0
338,2021-10-18 07:11:15,38500.0,300.0,1479900.0
339,2021-10-18 07:11:15,38500.0,100.0,1479600.0
340,2021-10-18 07:11:15,38500.0,300.0,1479500.0
341,2021-10-18 07:11:15,38500.0,200.0,1479200.0
342,2021-10-18 07:11:15,38500.0,200.0,1479000.0
343,2021-10-18 07:11:15,38500.0,300.0,1478800.0
344,2021-10-18 07:11:12,38500.0,100.0,1478500.0
345,2021-10-18 07:10:47,38500.0,600.0,1478400.0
346,2021-10-18 07:10:47,38500.0,400.0,1477800.0
347,2021-10-18 07:10:46,38500.0,1000.0,1477400.0
348,2021-10-18 07:10:46,38500.0,200.0,1476400.0
349,2021-10-18 07:10:46,38500.0,2000.0,1476200.0
350,2021-10-18 07:10:46,38500.0,3000.0,1474200.0
351,2021-10-18 07:10:46,38500.0,1000.0,1471200.0
352,2021-10-18 07:10:46,38500.0,300.0,1470200.0
353,2021-10-18 07:10:46,38500.0,100.0,1469900.0
354,2021-10-18 07:10:46,38500.0,1000.0,1469800.0
355,2021-10-18 07:10:46,38500.0,5000.0,1468800.0
356,2021-10-18 07:10:46,38500.0,100.0,1463800.0
357,2021-10-18 07:10:46,38500.0,200.0,1463700.0
358,2021-10-18 07:10:46,38550.0,100.0,1463500.0
359,2021-10-18 07:10:46,38550.0,1000.0,1463400.0
360,2021-10-18 07:10:25,38550.0,5000.0,1462400.0
361,2021-10-18 07:10:25,38550.0,5000.0,1457400.0
362,2021-10-18 07:10:15,38500.0,4800.0,1452400.0
363,2021-10-18 07:10:15,38550.0,200.0,1447600.0
364,2021-10-18 07:10:09,38550.0,1000.0,1447400.0
365,2021-10-18 07:10:08,38550.0,100.0,1446400.0
366,2021-10-18 07:10:07,38550.0,500.0,1446300.0
367,2021-10-18 07:10:02,38550.0,100.0,1445800.0
368,2021-10-18 07:09:48,38550.0,200.0,1445700.0
369,2021-10-18 07:09:46,38550.0,100.0,1445500.0
370,2021-10-18 07:09:38,38550.0,100.0,1445400.0
371,2021-10-18 07:09:34,38550.0,200.0,1445300.0
372,2021-10-18 07:09:27,38550.0,200.0,1445100.0
373,2021-10-18 07:09:02,38550.0,400.0,1444900.0
374,2021-10-18 07:09:02,38550.0,100.0,1444500.0
375,2021-10-18 07:09:02,38550.0,1900.0,1444400.0
376,2021-10-18 07:08:59,38550.0,100.0,1442500.0
377,2021-10-18 07:08:59,38600.0,300.0,1442400.0
378,2021-10-18 07:08:59,38600.0,800.0,1442100.0
379,2021-10-18 07:08:19,38600.0,100.0,1441300.0
380,2021-10-18 07:08:19,38600.0,300.0,1441200.0
381,2021-10-18 07:08:19,38600.0,100.0,1440900.0
382,2021-10-18 07:08:07,38600.0,100.0,1440800.0
383,2021-10-18 07:08:07,38600.0,5000.0,1440700.0
384,2021-10-18 07:08:07,38600.0,100.0,1435700.0
385,2021-10-18 07:08:07,38600.0,1000.0,1435600.0
386,2021-10-18 07:08:07,38600.0,400.0,1434600.0
387,2021-10-18 07:08:07,38600.0,1000.0,1434200.0
388,2021-10-18 07:08:07,38600.0,500.0,1433200.0
389,2021-10-18 07:08:07,38600.0,100.0,1432700.0
390,2021-10-18 07:08:07,38600.0,100.0,1432600.0
391,2021-10-18 07:08:07,38650.0,100.0,1432500.0
392,2021-10-18 07:08:07,38650.0,100.0,1432400.0
393,2021-10-18 07:08:07,38650.0,1000.0,1432300.0
394,2021-10-18 07:08:07,38650.0,100.0,1431300.0
395,2021-10-18 07:08:07,38650.0,1000.0,1431200.0
396,2021-10-18 07:08:07,38650.0,200.0,1430200.0
397,2021-10-18 07:08:06,38650.0,900.0,1430000.0
398,2021-10-18 07:07:48,38650.0,3600.0,1429100.0
399,2021-10-18 07:07:48,38650.0,100.0,1425500.0
400,2021-10-18 07:07:48,38700.0,200.0,1425400.0
401,2021-10-18 07:07:48,38700.0,200.0,1425200.0
402,2021-10-18 07:07:48,38700.0,4100.0,1425000.0
403,2021-10-18 07:07:48,38700.0,100.0,1420900.0
404,2021-10-18 07:07:48,38700.0,100.0,1420800.0
405,2021-10-18 07:07:48,38700.0,1200.0,1420700.0
406,2021-10-18 07:07:48,38700.0,400.0,1419500.0
407,2021-10-18 07:06:20,38800.0,100.0,1419100.0
408,2021-10-18 07:06:18,38800.0,100.0,1419000.0
409,2021-10-18 07:06:08,38800.0,100.0,1418900.0
410,2021-10-18 07:06:03,38700.0,2600.0,1418800.0
411,2021-10-18 07:06:03,38800.0,1300.0,1416200.0
412,2021-10-18 07:06:03,38800.0,300.0,1414900.0
413,2021-10-18 07:05:36,38800.0,500.0,1414600.0
414,2021-10-18 07:05:14,38800.0,200.0,1414100.0
415,2021-10-18 07:05:02,38700.0,2000.0,1413900.0
416,2021-10-18 07:05:02,38700.0,300.0,1411900.0
417,2021-10-18 07:05:02,38700.0,300.0,1411600.0
418,2021-10-18 07:05:02,38700.0,1900.0,1411300.0
419,2021-10-18 07:04:38,38800.0,1700.0,1409400.0
420,2021-10-18 07:04:36,38800.0,100.0,1407700.0
421,2021-10-18 07:04:35,38800.0,200.0,1407600.0
422,2021-10-18 07:02:55,38950.0,200.0,1407400.0
423,2021-10-18 07:02:55,38950.0,1000.0,1407200.0
424,2021-10-18 07:02:55,38950.0,2000.0,1406200.0
425,2021-10-18 07:02:55,38900.0,600.0,1404200.0
426,2021-10-18 07:02:55,38900.0,800.0,1403600.0
427,2021-10-18 07:02:55,38900.0,300.0,1402800.0
428,2021-10-18 07:02:55,38900.0,2000.0,1402500.0
429,2021-10-18 07:02:55,38850.0,200.0,1400500.0
430,2021-10-18 07:02:55,38800.0,200.0,1400300.0
431,2021-10-18 07:02:55,38800.0,100.0,1400100.0
432,2021-10-18 07:02:55,38800.0,100.0,1400000.0
433,2021-10-18 07:02:55,38800.0,500.0,1399900.0
434,2021-10-18 07:02:55,38800.0,2000.0,1399400.0
435,2021-10-18 07:02:26,38800.0,1000.0,1397400.0
436,2021-10-18 07:02:15,38800.0,2000.0,1396400.0
437,2021-10-18 07:02:15,38800.0,500.0,1394400.0
438,2021-10-18 07:02:15,38800.0,600.0,1393900.0
439,2021-10-18 07:02:15,38800.0,1900.0,1393300.0
440,2021-10-18 07:02:01,38700.0,100.0,1391400.0
441,2021-10-18 07:02:01,38700.0,1700.0,1391300.0
442,2021-10-18 07:02:01,38700.0,3300.0,1389600.0
443,2021-10-18 07:01:45,38800.0,1100.0,1386300.0
444,2021-10-18 07:01:45,38800.0,500.0,1385200.0
445,2021-10-18 07:01:45,38800.0,100.0,1384700.0
446,2021-10-18 07:01:45,38800.0,2500.0,1384600.0
447,2021-10-18 07:01:45,38800.0,200.0,1382100.0
448,2021-10-18 07:01:45,38800.0,300.0,1381900.0
449,2021-10-18 07:01:45,38800.0,300.0,1381600.0
450,2021-10-18 07:01:13,38800.0,100.0,1381300.0
451,2021-10-18 07:00:55,38800.0,600.0,1381200.0
452,2021-10-18 07:00:13,38800.0,300.0,1380600.0
453,2021-10-18 06:59:52,38750.0,100.0,1380300.0
454,2021-10-18 06:59:40,38700.0,400.0,1380200.0
455,2021-10-18 06:59:40,38750.0,1600.0,1379800.0
456,2021-10-18 06:59:20,38750.0,100.0,1378200.0
457,2021-10-18 06:59:16,38750.0,300.0,1378100.0
458,2021-10-18 06:59:16,38750.0,3000.0,1377800.0
459,2021-10-18 06:58:36,38700.0,300.0,1374800.0
460,2021-10-18 06:58:31,38700.0,200.0,1374500.0
461,2021-10-18 06:58:31,38700.0,100.0,1374300.0
462,2021-10-18 06:58:18,38700.0,100.0,1374200.0
463,2021-10-18 06:58:16,38700.0,400.0,1374100.0
464,2021-10-18 06:57:49,38700.0,100.0,1373700.0
465,2021-10-18 06:57:39,38700.0,1300.0,1373600.0
466,2021-10-18 06:57:12,38700.0,500.0,1372300.0
467,2021-10-18 06:57:01,38700.0,300.0,1371800.0
468,2021-10-18 06:57:01,38700.0,100.0,1371500.0
469,2021-10-18 06:57:01,38700.0,100.0,1371400.0
470,2021-10-18 06:57:01,38700.0,200.0,1371300.0
471,2021-10-18 06:57:01,38700.0,300.0,1371100.0
472,2021-10-18 06:57:01,38700.0,300.0,1370800.0
473,2021-10-18 06:57:01,38700.0,100.0,1370500.0
474,2021-10-18 06:57:01,38700.0,500.0,1370400.0
475,2021-10-18 06:57:01,38700.0,100.0,1369900.0
476,2021-10-18 06:57:01,38700.0,1000.0,1369800.0
477,2021-10-18 06:57:01,38700.0,200.0,1368800.0
478,2021-10-18 06:55:49,38700.0,800.0,1368600.0
479,2021-10-18 06:55:49,38700.0,300.0,1367800.0
480,2021-10-18 06:55:49,38700.0,100.0,1367500.0
481,2021-10-18 06:55:49,38700.0,200.0,1367400.0
482,2021-10-18 06:55:49,38700.0,100.0,1367200.0
483,2021-10-18 06:55:49,38700.0,1000.0,1367100.0
484,2021-10-18 06:55:49,38700.0,400.0,1366100.0
485,2021-10-18 06:55:49,38700.0,500.0,1365700.0
486,2021-10-18 06:55:49,38700.0,200.0,1365200.0
487,2021-10-18 06:55:49,38700.0,100.0,1365000.0
488,2021-10-18 06:54:25,38750.0,200.0,1364900.0
489,2021-10-18 06:54:22,38750.0,800.0,1364700.0
490,2021-10-18 06:54:02,38750.0,100.0,1363900.0
491,2021-10-18 06:54:02,38750.0,100.0,1363800.0
492,2021-10-18 06:53:36,38700.0,600.0,1363700.0
493,2021-10-18 06:53:36,38700.0,100.0,1363100.0
494,2021-10-18 06:53:36,38700.0,100.0,1363000.0
495,2021-10-18 06:53:36,38700.0,200.0,1362900.0
496,2021-10-18 06:53:12,38700.0,1000.0,1362700.0
497,2021-10-18 06:52:46,38750.0,100.0,1361700.0
498,2021-10-18 06:52:10,38750.0,700.0,1361600.0
499,2021-10-18 06:52:10,38750.0,300.0,1360900.0
500,2021-10-18 06:51:16,38800.0,1000.0,1360600.0
501,2021-10-18 06:50:25,38800.0,100.0,1359600.0
502,2021-10-18 06:50:25,38800.0,4700.0,1359500.0
503,2021-10-18 06:50:01,38800.0,200.0,1354800.0
504,2021-10-18 06:49:37,38800.0,100.0,1354600.0
505,2021-10-18 06:49:15,38800.0,1000.0,1354500.0
506,2021-10-18 06:48:44,38800.0,100.0,1353500.0
507,2021-10-18 06:47:01,38800.0,100.0,1353400.0
508,2021-10-18 06:46:50,38800.0,1000.0,1353300.0
509,2021-10-18 06:46:28,38800.0,100.0,1352300.0
510,2021-10-18 06:46:27,38800.0,100.0,1352200.0
511,2021-10-18 06:46:15,38700.0,400.0,1352100.0
512,2021-10-18 06:46:14,38700.0,300.0,1351700.0
513,2021-10-18 06:46:10,38700.0,1000.0,1351400.0
514,2021-10-18 06:46:00,38700.0,300.0,1350400.0
515,2021-10-18 06:45:46,38700.0,100.0,1350100.0
516,2021-10-18 06:45:09,38700.0,700.0,1350000.0
517,2021-10-18 06:44:13,38700.0,1000.0,1349300.0
518,2021-10-18 06:43:57,38700.0,100.0,1348300.0
519,2021-10-18 06:43:39,38700.0,2000.0,1348200.0
520,2021-10-18 06:43:33,38700.0,100.0,1346200.0
521,2021-10-18 06:43:04,38700.0,100.0,1346100.0
522,2021-10-18 06:43:04,38700.0,100.0,1346000.0
523,2021-10-18 06:43:04,38700.0,500.0,1345900.0
524,2021-10-18 06:43:04,38700.0,500.0,1345400.0
525,2021-10-18 06:43:04,38700.0,600.0,1344900.0
526,2021-10-18 06:43:03,38700.0,500.0,1344300.0
527,2021-10-18 06:43:00,38700.0,100.0,1343800.0
528,2021-10-18 06:43:00,38700.0,100.0,1343700.0
529,2021-10-18 06:43:00,38700.0,3800.0,1343600.0
530,2021-10-18 06:42:57,38700.0,1000.0,1339800.0
531,2021-10-18 06:42:48,38700.0,2500.0,1338800.0
532,2021-10-18 06:42:46,38700.0,300.0,1336300.0
533,2021-10-18 06:42:44,38700.0,2400.0,1336000.0
534,2021-10-18 06:42:44,38700.0,500.0,1333600.0
535,2021-10-18 06:42:44,38700.0,500.0,1333100.0
536,2021-10-18 06:42:44,38700.0,100.0,1332600.0
537,2021-10-18 06:42:13,38700.0,400.0,1332500.0
538,2021-10-18 06:42:13,38700.0,100.0,1332100.0
539,2021-10-18 06:42:13,38700.0,500.0,1332000.0
540,2021-10-18 06:42:13,38700.0,500.0,1331500.0
541,2021-10-18 06:42:13,38700.0,500.0,1331000.0
542,2021-10-18 06:42:07,38700.0,200.0,1330500.0
543,2021-10-18 06:41:21,38700.0,300.0,1330300.0
544,2021-10-18 06:41:21,38700.0,1000.0,1330000.0
545,2021-10-18 06:41:21,38700.0,100.0,1329000.0
546,2021-10-18 06:41:21,38700.0,300.0,1328900.0
547,2021-10-18 06:41:21,38700.0,500.0,1328600.0
548,2021-10-18 06:41:21,38700.0,6400.0,1328100.0
549,2021-10-18 06:41:21,38750.0,500.0,1321700.0
550,2021-10-18 06:41:21,38750.0,900.0,1321200.0
551,2021-10-18 06:40:50,38800.0,100.0,1320300.0
552,2021-10-18 06:40:37,38800.0,900.0,1320200.0
553,2021-10-18 06:40:28,38750.0,100.0,1319300.0
554,2021-10-18 06:40:26,38800.0,100.0,1319200.0
555,2021-10-18 06:40:16,38800.0,1000.0,1319100.0
556,2021-10-18 06:40:16,38800.0,300.0,1318100.0
557,2021-10-18 06:40:16,38800.0,500.0,1317800.0
558,2021-10-18 06:40:16,38800.0,1500.0,1317300.0
559,2021-10-18 06:40:16,38800.0,400.0,1315800.0
560,2021-10-18 06:40:16,38800.0,500.0,1315400.0
561,2021-10-18 06:40:16,38800.0,500.0,1314900.0
562,2021-10-18 06:40:16,38800.0,500.0,1314400.0
563,2021-10-18 06:40:16,38800.0,100.0,1313900.0
564,2021-10-18 06:40:14,38800.0,500.0,1313800.0
565,2021-10-18 06:40:02,38850.0,100.0,1313300.0
566,2021-10-18 06:39:53,38800.0,400.0,1313200.0
567,2021-10-18 06:39:53,38800.0,300.0,1312800.0
568,2021-10-18 06:39:53,38800.0,1000.0,1312500.0
569,2021-10-18 06:39:53,38800.0,300.0,1311500.0
570,2021-10-18 06:39:53,38800.0,500.0,1311200.0
571,2021-10-18 06:39:53,38800.0,200.0,1310700.0
572,2021-10-18 06:39:53,38800.0,500.0,1310500.0
573,2021-10-18 06:39:53,38800.0,1000.0,1310000.0
574,2021-10-18 06:39:53,38800.0,3000.0,1309000.0
575,2021-10-18 06:39:53,38800.0,100.0,1306000.0
576,2021-10-18 06:39:53,38800.0,2700.0,1305900.0
577,2021-10-18 06:39:50,38800.0,2300.0,1303200.0
578,2021-10-18 06:39:50,38800.0,200.0,1300900.0
579,2021-10-18 06:39:50,38800.0,500.0,1300700.0
580,2021-10-18 06:39:37,38850.0,100.0,1300200.0
581,2021-10-18 06:39:33,38800.0,200.0,1300100.0
582,2021-10-18 06:39:33,38800.0,500.0,1299900.0
583,2021-10-18 06:39:17,38800.0,500.0,1299400.0
584,2021-10-18 06:39:07,38850.0,1000.0,1298900.0
585,2021-10-18 06:39:02,38850.0,3000.0,1297900.0
586,2021-10-18 06:39:02,38850.0,100.0,1294900.0
587,2021-10-18 06:39:02,38850.0,900.0,1294800.0
588,2021-10-18 06:38:46,38850.0,100.0,1293900.0
589,2021-10-18 06:38:43,38850.0,500.0,1293800.0
590,2021-10-18 06:38:43,38850.0,100.0,1293300.0
591,2021-10-18 06:38:43,38850.0,500.0,1293200.0
592,2021-10-18 06:38:43,38850.0,800.0,1292700.0
593,2021-10-18 06:38:43,38850.0,5000.0,1291900.0
594,2021-10-18 06:38:43,38850.0,100.0,1286900.0
595,2021-10-18 06:38:39,38900.0,300.0,1286800.0
596,2021-10-18 06:38:25,38900.0,200.0,1286500.0
597,2021-10-18 06:38:25,38900.0,800.0,1286300.0
598,2021-10-18 06:38:25,38900.0,200.0,1285500.0
599,2021-10-18 06:38:25,38900.0,100.0,1285300.0
600,2021-10-18 06:37:43,38900.0,5000.0,1285200.0
601,2021-10-18 06:37:38,38900.0,100.0,1280200.0
602,2021-10-18 06:37:20,38900.0,500.0,1280100.0
603,2021-10-18 06:37:20,38900.0,1000.0,1279600.0
604,2021-10-18 06:37:20,38900.0,500.0,1278600.0
605,2021-10-18 06:37:20,38900.0,1000.0,1278100.0
606,2021-10-18 06:37:20,38900.0,100.0,1277100.0
607,2021-10-18 06:37:20,38900.0,500.0,1277000.0
608,2021-10-18 06:37:20,38900.0,200.0,1276500.0
609,2021-10-18 06:37:20,38900.0,1000.0,1276300.0
610,2021-10-18 06:36:27,38950.0,400.0,1275300.0
611,2021-10-18 06:36:27,38950.0,100.0,1274900.0
612,2021-10-18 06:36:27,38950.0,1000.0,1274800.0
613,2021-10-18 06:36:27,38950.0,2000.0,1273800.0
614,2021-10-18 06:36:27,38950.0,500.0,1271800.0
615,2021-10-18 06:36:27,38950.0,500.0,1271300.0
616,2021-10-18 06:36:27,38950.0,300.0,1270800.0
617,2021-10-18 06:36:27,38950.0,100.0,1270500.0
618,2021-10-18 06:35:51,39000.0,1500.0,1270400.0
619,2021-10-18 06:35:20,39000.0,500.0,1268900.0
620,2021-10-18 06:34:41,39000.0,1900.0,1268400.0
621,2021-10-18 06:34:40,39000.0,1000.0,1266500.0
622,2021-10-18 06:34:40,39000.0,100.0,1265500.0
623,2021-10-18 06:34:40,39000.0,500.0,1265400.0
624,2021-10-18 06:34:38,39000.0,500.0,1264900.0
625,2021-10-18 06:34:21,39000.0,500.0,1264400.0
626,2021-10-18 06:34:08,39000.0,300.0,1263900.0
627,2021-10-18 06:33:50,39000.0,100.0,1263600.0
628,2021-10-18 06:33:50,39000.0,1000.0,1263500.0
629,2021-10-18 06:33:50,39000.0,100.0,1262500.0
630,2021-10-18 06:33:50,39000.0,1000.0,1262400.0
631,2021-10-18 06:33:50,39000.0,100.0,1261400.0
632,2021-10-18 06:33:50,39000.0,100.0,1261300.0
633,2021-10-18 06:33:50,39000.0,1000.0,1261200.0
634,2021-10-18 06:33:50,39000.0,200.0,1260200.0
635,2021-10-18 06:33:47,39000.0,1300.0,1260000.0
636,2021-10-18 06:33:47,39000.0,3800.0,1258700.0
637,2021-10-18 06:33:47,39000.0,2000.0,1254900.0
638,2021-10-18 06:33:47,39000.0,100.0,1252900.0
639,2021-10-18 06:33:47,39000.0,12800.0,1252800.0
640,2021-10-18 06:33:46,39050.0,400.0,1240000.0
641,2021-10-18 06:33:46,39050.0,400.0,1239600.0
642,2021-10-18 06:33:46,39050.0,9200.0,1239200.0
643,2021-10-18 06:33:43,39000.0,3000.0,1230000.0
644,2021-10-18 06:33:41,39000.0,1000.0,1227000.0
645,2021-10-18 06:33:37,39000.0,3200.0,1226000.0
646,2021-10-18 06:33:37,39000.0,600.0,1222800.0
647,2021-10-18 06:33:32,39050.0,100.0,1222200.0
648,2021-10-18 06:33:26,39050.0,200.0,1222100.0
649,2021-10-18 06:33:25,39000.0,100.0,1221900.0
650,2021-10-18 06:33:20,39000.0,300.0,1221800.0
651,2021-10-18 06:33:20,39000.0,100.0,1221500.0
652,2021-10-18 06:33:20,39000.0,100.0,1221400.0
653,2021-10-18 06:33:20,39000.0,200.0,1221300.0
654,2021-10-18 06:33:20,39000.0,300.0,1221100.0
655,2021-10-18 06:33:15,39000.0,300.0,1220800.0
656,2021-10-18 06:33:15,39000.0,100.0,1220500.0
657,2021-10-18 06:33:15,39000.0,100.0,1220400.0
658,2021-10-18 06:33:15,39000.0,300.0,1220300.0
659,2021-10-18 06:33:15,39000.0,4200.0,1220000.0
660,2021-10-18 06:33:15,39000.0,5000.0,1215800.0
661,2021-10-18 06:32:54,39000.0,3800.0,1210800.0
662,2021-10-18 06:32:54,39000.0,200.0,1207000.0
663,2021-10-18 06:32:54,39000.0,5000.0,1206800.0
664,2021-10-18 06:32:17,39000.0,200.0,1201800.0
665,2021-10-18 06:32:03,39050.0,500.0,1201600.0
666,2021-10-18 06:31:45,39050.0,1300.0,1201100.0
667,2021-10-18 06:31:24,39050.0,2800.0,1199800.0
668,2021-10-18 06:31:24,39050.0,400.0,1197000.0
669,2021-10-18 06:31:14,39050.0,500.0,1196600.0
670,2021-10-18 06:31:14,39050.0,100.0,1196100.0
671,2021-10-18 06:30:02,39100.0,100.0,1196000.0
672,2021-10-18 06:27:38,39100.0,1100.0,1195900.0
673,2021-10-18 06:27:38,39100.0,1200.0,1194800.0
674,2021-10-18 06:27:38,39050.0,500.0,1193600.0
675,2021-10-18 06:27:27,39000.0,300.0,1193100.0
676,2021-10-18 06:27:25,39100.0,500.0,1192800.0
677,2021-10-18 06:26:36,39000.0,100.0,1192300.0
678,2021-10-18 06:26:36,39050.0,400.0,1192200.0
679,2021-10-18 06:25:52,39100.0,5000.0,1191800.0
680,2021-10-18 06:25:49,39000.0,100.0,1186800.0
681,2021-10-18 06:25:08,39100.0,1500.0,1186700.0
682,2021-10-18 06:24:46,39000.0,1000.0,1185200.0
683,2021-10-18 06:24:44,39000.0,1000.0,1184200.0
684,2021-10-18 06:24:22,39000.0,1000.0,1183200.0
685,2021-10-18 06:24:10,39000.0,3200.0,1182200.0
686,2021-10-18 06:24:10,39000.0,3600.0,1179000.0
687,2021-10-18 06:23:51,39000.0,1000.0,1175400.0
688,2021-10-18 06:22:53,39000.0,1000.0,1174400.0
689,2021-10-18 06:22:42,39000.0,4400.0,1173400.0
690,2021-10-18 06:22:42,39000.0,100.0,1169000.0
691,2021-10-18 06:22:42,39000.0,500.0,1168900.0
692,2021-10-18 06:22:30,39000.0,500.0,1168400.0
693,2021-10-18 06:21:06,39050.0,3500.0,1167900.0
694,2021-10-18 06:21:06,39050.0,100.0,1164400.0
695,2021-10-18 06:21:06,39050.0,3000.0,1164300.0
696,2021-10-18 06:21:04,39100.0,100.0,1161300.0
697,2021-10-18 06:20:08,39050.0,1400.0,1161200.0
698,2021-10-18 06:20:08,39050.0,1000.0,1159800.0
699,2021-10-18 06:20:08,39050.0,100.0,1158800.0
700,2021-10-18 06:19:45,39050.0,100.0,1158700.0
701,2021-10-18 06:19:31,39050.0,100.0,1158600.0
702,2021-10-18 06:17:35,39100.0,200.0,1158500.0
703,2021-10-18 06:17:10,39100.0,200.0,1158300.0
704,2021-10-18 06:17:08,39050.0,200.0,1158100.0
705,2021-10-18 06:17:08,39050.0,200.0,1157900.0
706,2021-10-18 06:17:08,39050.0,100.0,1157700.0
707,2021-10-18 06:16:29,39050.0,100.0,1157600.0
708,2021-10-18 06:15:25,39100.0,1000.0,1157500.0
709,2021-10-18 06:15:25,39100.0,2000.0,1156500.0
710,2021-10-18 06:15:25,39100.0,100.0,1154500.0
711,2021-10-18 06:15:25,39100.0,100.0,1154400.0
712,2021-10-18 06:15:25,39100.0,400.0,1154300.0
713,2021-10-18 06:15:25,39100.0,5700.0,1153900.0
714,2021-10-18 06:15:03,39100.0,5000.0,1148200.0
715,2021-10-18 06:14:58,39150.0,100.0,1143200.0
716,2021-10-18 06:14:36,39150.0,4000.0,1143100.0
717,2021-10-18 06:14:31,39150.0,1000.0,1139100.0
718,2021-10-18 06:14:27,39150.0,500.0,1138100.0
719,2021-10-18 06:14:27,39150.0,100.0,1137600.0
720,2021-10-18 06:14:27,39150.0,300.0,1137500.0
721,2021-10-18 06:14:27,39150.0,2100.0,1137200.0
722,2021-10-18 06:14:09,39100.0,500.0,1135100.0
723,2021-10-18 06:14:04,39100.0,8800.0,1134600.0
724,2021-10-18 06:14:04,39100.0,800.0,1125800.0
725,2021-10-18 06:14:04,39100.0,200.0,1125000.0
726,2021-10-18 06:14:04,39100.0,200.0,1124800.0
727,2021-10-18 06:13:44,39150.0,300.0,1124600.0
728,2021-10-18 06:13:25,39150.0,6000.0,1124300.0
729,2021-10-18 06:11:18,39150.0,1600.0,1118300.0
730,2021-10-18 06:11:01,39150.0,3000.0,1116700.0
731,2021-10-18 06:11:00,39150.0,300.0,1113700.0
732,2021-10-18 06:10:19,39150.0,100.0,1113400.0
733,2021-10-18 06:09:30,39100.0,300.0,1113300.0
734,2021-10-18 06:09:30,39100.0,700.0,1113000.0
735,2021-10-18 06:09:12,39100.0,1000.0,1112300.0
736,2021-10-18 06:09:02,39100.0,300.0,1111300.0
737,2021-10-18 06:08:15,39150.0,100.0,1111000.0
738,2021-10-18 06:07:58,39150.0,1000.0,1110900.0
739,2021-10-18 06:07:45,39150.0,1800.0,1109900.0
740,2021-10-18 06:07:07,39150.0,1000.0,1108100.0
741,2021-10-18 06:07:07,39150.0,300.0,1107100.0
742,2021-10-18 06:07:07,39150.0,600.0,1106800.0
743,2021-10-18 06:07:07,39150.0,100.0,1106200.0
744,2021-10-18 06:07:07,39150.0,100.0,1106100.0
745,2021-10-18 06:07:07,39150.0,100.0,1106000.0
746,2021-10-18 06:07:07,39150.0,200.0,1105900.0
747,2021-10-18 06:07:07,39150.0,500.0,1105700.0
748,2021-10-18 06:07:07,39150.0,300.0,1105200.0
749,2021-10-18 06:05:36,39150.0,2000.0,1104900.0
750,2021-10-18 06:04:17,39150.0,100.0,1102900.0
751,2021-10-18 06:04:10,39200.0,200.0,1102800.0
752,2021-10-18 06:04:09,39150.0,2700.0,1102600.0
753,2021-10-18 06:04:03,39200.0,100.0,1099900.0
754,2021-10-18 06:04:02,39200.0,100.0,1099800.0
755,2021-10-18 06:03:45,39200.0,300.0,1099700.0
756,2021-10-18 06:03:45,39200.0,200.0,1099400.0
757,2021-10-18 06:03:45,39200.0,500.0,1099200.0
758,2021-10-18 06:03:40,39150.0,2000.0,1098700.0
759,2021-10-18 06:03:29,39150.0,500.0,1096700.0
760,2021-10-18 06:02:20,39150.0,500.0,1096200.0
761,2021-10-18 06:02:05,39200.0,200.0,1095700.0
762,2021-10-18 06:02:00,39200.0,500.0,1095500.0
763,2021-10-18 06:01:43,39150.0,500.0,1095000.0
764,2021-10-18 06:00:46,39150.0,1200.0,1094500.0
765,2021-10-18 06:00:46,39150.0,200.0,1093300.0
766,2021-10-18 06:00:36,39150.0,100.0,1093100.0
767,2021-10-18 06:00:36,39150.0,100.0,1093000.0
768,2021-10-18 06:00:36,39150.0,300.0,1092900.0
769,2021-10-18 06:00:36,39150.0,4200.0,1092600.0
770,2021-10-18 06:00:33,39150.0,500.0,1088400.0
771,2021-10-18 06:00:32,39150.0,5000.0,1087900.0
772,2021-10-18 06:00:20,39150.0,500.0,1082900.0
773,2021-10-18 06:00:14,39150.0,300.0,1082400.0
774,2021-10-18 06:00:10,39150.0,200.0,1082100.0
775,2021-10-18 06:00:03,39150.0,2000.0,1081900.0
776,2021-10-18 06:00:03,39200.0,300.0,1079900.0
777,2021-10-18 06:00:03,39150.0,100.0,1079600.0
778,2021-10-18 06:00:02,39200.0,100.0,1079500.0
779,2021-10-18 06:00:02,39200.0,400.0,1079400.0
780,2021-10-18 06:00:01,39200.0,100.0,1079000.0
781,2021-10-18 06:00:00,39150.0,100.0,1078900.0
782,2021-10-18 06:00:00,39150.0,100.0,1078800.0
783,2021-10-18 04:29:58,39150.0,1000.0,1078700.0
784,2021-10-18 04:29:58,39150.0,1700.0,1077700.0
785,2021-10-18 04:29:30,39150.0,200.0,1076000.0
786,2021-10-18 04:29:30,39150.0,100.0,1075800.0
787,2021-10-18 04:29:29,39150.0,400.0,1075700.0
788,2021-10-18 04:29:29,39150.0,200.0,1075300.0
789,2021-10-18 04:29:24,39150.0,400.0,1075100.0
790,2021-10-18 04:29:24,39150.0,300.0,1074700.0
791,2021-10-18 04:29:24,39150.0,300.0,1074400.0
792,2021-10-18 04:29:19,39150.0,400.0,1074100.0
793,2021-10-18 04:28:35,39150.0,400.0,1073700.0
794,2021-10-18 04:28:03,39150.0,100.0,1073300.0
795,2021-10-18 04:28:01,39200.0,100.0,1073200.0
796,2021-10-18 04:27:21,39200.0,1600.0,1073100.0
797,2021-10-18 04:27:11,39200.0,400.0,1071500.0
798,2021-10-18 04:26:59,39150.0,100.0,1071100.0
799,2021-10-18 04:26:35,39150.0,2000.0,1071000.0
800,2021-10-18 04:26:35,39150.0,800.0,1069000.0
801,2021-10-18 04:26:35,39150.0,100.0,1068200.0
802,2021-10-18 04:26:35,39150.0,100.0,1068100.0
803,2021-10-18 04:26:19,39100.0,1000.0,1068000.0
804,2021-10-18 04:26:04,39100.0,100.0,1067000.0
805,2021-10-18 04:26:04,39100.0,100.0,1066900.0
806,2021-10-18 04:26:04,39100.0,100.0,1066800.0
807,2021-10-18 04:26:04,39100.0,100.0,1066700.0
808,2021-10-18 04:26:04,39100.0,100.0,1066600.0
809,2021-10-18 04:26:04,39100.0,700.0,1066500.0
810,2021-10-18 04:25:54,39100.0,100.0,1065800.0
811,2021-10-18 04:25:50,39100.0,200.0,1065700.0
812,2021-10-18 04:25:50,39100.0,300.0,1065500.0
813,2021-10-18 04:25:49,39100.0,200.0,1065200.0
814,2021-10-18 04:25:49,39100.0,100.0,1065000.0
815,2021-10-18 04:25:49,39100.0,1000.0,1064900.0
816,2021-10-18 04:25:49,39100.0,100.0,1063900.0
817,2021-10-18 04:25:49,39100.0,400.0,1063800.0
818,2021-10-18 04:25:49,39100.0,100.0,1063400.0
819,2021-10-18 04:25:49,39100.0,200.0,1063300.0
820,2021-10-18 04:25:49,39100.0,1600.0,1063100.0
821,2021-10-18 04:25:16,39100.0,900.0,1061500.0
822,2021-10-18 04:24:16,39100.0,300.0,1060600.0
823,2021-10-18 04:24:14,39000.0,100.0,1060300.0
824,2021-10-18 04:22:25,39000.0,700.0,1060200.0
825,2021-10-18 04:22:25,39000.0,200.0,1059500.0
826,2021-10-18 04:22:25,39000.0,1400.0,1059300.0
827,2021-10-18 04:21:53,39000.0,600.0,1057900.0
828,2021-10-18 04:21:53,39000.0,400.0,1057300.0
829,2021-10-18 04:21:30,39100.0,300.0,1056900.0
830,2021-10-18 04:21:25,39100.0,200.0,1056600.0
831,2021-10-18 04:21:12,39100.0,700.0,1056400.0
832,2021-10-18 04:21:09,39100.0,300.0,1055700.0
833,2021-10-18 04:20:46,39100.0,2400.0,1055400.0
834,2021-10-18 04:20:42,39100.0,800.0,1053000.0
835,2021-10-18 04:20:12,39100.0,200.0,1052200.0
836,2021-10-18 04:19:49,39100.0,300.0,1052000.0
837,2021-10-18 04:19:49,39100.0,200.0,1051700.0
838,2021-10-18 04:19:46,39100.0,500.0,1051500.0
839,2021-10-18 04:19:45,39100.0,100.0,1051000.0
840,2021-10-18 04:19:25,39100.0,200.0,1050900.0
841,2021-10-18 04:18:36,39000.0,100.0,1050700.0
842,2021-10-18 04:18:33,39000.0,400.0,1050600.0
843,2021-10-18 04:18:32,39000.0,100.0,1050200.0
844,2021-10-18 04:18:19,39000.0,300.0,1050100.0
845,2021-10-18 04:18:15,39000.0,200.0,1049800.0
846,2021-10-18 04:18:15,39000.0,1000.0,1049600.0
847,2021-10-18 04:18:15,39000.0,200.0,1048600.0
848,2021-10-18 04:18:15,39000.0,300.0,1048400.0
849,2021-10-18 04:18:15,39000.0,5000.0,1048100.0
850,2021-10-18 04:18:15,39000.0,200.0,1043100.0
851,2021-10-18 04:18:15,39000.0,100.0,1042900.0
852,2021-10-18 04:18:15,39000.0,3000.0,1042800.0
853,2021-10-18 04:18:13,39000.0,1000.0,1039800.0
854,2021-10-18 04:18:11,39000.0,100.0,1038800.0
855,2021-10-18 04:17:56,39000.0,300.0,1038700.0
856,2021-10-18 04:17:41,39000.0,100.0,1038400.0
857,2021-10-18 04:15:36,38950.0,1000.0,1038300.0
858,2021-10-18 04:15:36,38950.0,200.0,1037300.0
859,2021-10-18 04:15:36,38950.0,1600.0,1037100.0
860,2021-10-18 04:15:32,38950.0,200.0,1035500.0
861,2021-10-18 04:14:58,38950.0,2300.0,1035300.0
862,2021-10-18 04:14:58,38950.0,3900.0,1033000.0
863,2021-10-18 04:14:47,38950.0,500.0,1029100.0
864,2021-10-18 04:14:39,38950.0,1800.0,1028600.0
865,2021-10-18 04:14:28,38950.0,100.0,1026800.0
866,2021-10-18 04:13:53,38950.0,100.0,1026700.0
867,2021-10-18 04:11:24,38950.0,300.0,1026600.0
868,2021-10-18 04:10:01,38950.0,100.0,1026300.0
869,2021-10-18 04:08:36,38950.0,200.0,1026200.0
870,2021-10-18 04:08:31,38950.0,300.0,1026000.0
871,2021-10-18 04:08:31,38950.0,300.0,1025700.0
872,2021-10-18 04:08:31,38950.0,200.0,1025400.0
873,2021-10-18 04:08:31,38950.0,100.0,1025200.0
874,2021-10-18 04:08:31,38950.0,400.0,1025100.0
875,2021-10-18 04:07:42,38950.0,2000.0,1024700.0
876,2021-10-18 04:07:17,38950.0,100.0,1022700.0
877,2021-10-18 04:06:30,38900.0,100.0,1022600.0
878,2021-10-18 04:06:05,38900.0,1700.0,1022500.0
879,2021-10-18 04:05:47,38900.0,200.0,1020800.0
880,2021-10-18 04:05:31,38900.0,200.0,1020600.0
881,2021-10-18 04:05:08,38850.0,100.0,1020400.0
882,2021-10-18 04:05:08,38850.0,200.0,1020300.0
883,2021-10-18 04:04:23,38900.0,100.0,1020100.0
884,2021-10-18 04:03:30,38850.0,300.0,1020000.0
885,2021-10-18 04:03:30,38850.0,500.0,1019700.0
886,2021-10-18 04:03:30,38850.0,200.0,1019200.0
887,2021-10-18 04:03:20,38900.0,200.0,1019000.0
888,2021-10-18 04:02:57,38900.0,200.0,1018800.0
889,2021-10-18 04:02:57,38900.0,300.0,1018600.0
890,2021-10-18 04:02:30,38850.0,100.0,1018300.0
891,2021-10-18 04:02:21,38900.0,2000.0,1018200.0
892,2021-10-18 04:02:21,38900.0,900.0,1016200.0
893,2021-10-18 04:01:57,38900.0,2100.0,1015300.0
894,2021-10-18 04:01:54,38900.0,100.0,1013200.0
895,2021-10-18 04:01:54,38900.0,1500.0,1013100.0
896,2021-10-18 04:01:26,38900.0,100.0,1011600.0
897,2021-10-18 04:01:17,38900.0,1000.0,1011500.0
898,2021-10-18 04:01:08,38950.0,100.0,1010500.0
899,2021-10-18 04:01:04,38950.0,200.0,1010400.0
900,2021-10-18 04:00:48,38950.0,300.0,1010200.0
901,2021-10-18 04:00:15,38950.0,400.0,1009900.0
902,2021-10-18 04:00:07,38950.0,2000.0,1009500.0
903,2021-10-18 04:00:02,38950.0,100.0,1007500.0
904,2021-10-18 03:59:58,38950.0,100.0,1007400.0
905,2021-10-18 03:59:54,38950.0,100.0,1007300.0
906,2021-10-18 03:59:05,38950.0,500.0,1007200.0
907,2021-10-18 03:59:05,38950.0,17200.0,1006700.0
908,2021-10-18 03:59:03,38900.0,700.0,989500.0
909,2021-10-18 03:59:03,38900.0,1000.0,988800.0
910,2021-10-18 03:59:03,38900.0,100.0,987800.0
911,2021-10-18 03:59:03,38900.0,100.0,987700.0
912,2021-10-18 03:59:03,38900.0,100.0,987600.0
913,2021-10-18 03:58:42,38900.0,1100.0,987500.0
914,2021-10-18 03:58:42,38900.0,500.0,986400.0
915,2021-10-18 03:58:42,38900.0,400.0,985900.0
916,2021-10-18 03:58:17,38900.0,100.0,985500.0
917,2021-10-18 03:57:26,38950.0,2000.0,985400.0
918,2021-10-18 03:57:13,38950.0,1000.0,983400.0
919,2021-10-18 03:57:12,38950.0,500.0,982400.0
920,2021-10-18 03:57:00,38950.0,500.0,981900.0
921,2021-10-18 03:57:00,38950.0,1000.0,981400.0
922,2021-10-18 03:56:20,39000.0,900.0,980400.0
923,2021-10-18 03:56:20,39000.0,1000.0,979500.0
924,2021-10-18 03:56:20,39000.0,300.0,978500.0
925,2021-10-18 03:56:20,39000.0,200.0,978200.0
926,2021-10-18 03:56:20,39000.0,200.0,978000.0
927,2021-10-18 03:56:20,39000.0,800.0,977800.0
928,2021-10-18 03:56:09,39000.0,300.0,977000.0
929,2021-10-18 03:56:04,39000.0,500.0,976700.0
930,2021-10-18 03:56:04,39000.0,100.0,976200.0
931,2021-10-18 03:55:48,39050.0,100.0,976100.0
932,2021-10-18 03:55:36,39050.0,100.0,976000.0
933,2021-10-18 03:55:16,39050.0,2600.0,975900.0
934,2021-10-18 03:55:01,39050.0,1000.0,973300.0
935,2021-10-18 03:54:41,39050.0,400.0,972300.0
936,2021-10-18 03:54:22,39050.0,500.0,971900.0
937,2021-10-18 03:54:08,39050.0,100.0,971400.0
938,2021-10-18 03:54:03,39100.0,100.0,971300.0
939,2021-10-18 03:54:03,39100.0,200.0,971200.0
940,2021-10-18 03:54:03,39100.0,200.0,971000.0
941,2021-10-18 03:53:43,39050.0,500.0,970800.0
942,2021-10-18 03:53:25,39050.0,800.0,970300.0
943,2021-10-18 03:53:25,39050.0,300.0,969500.0
944,2021-10-18 03:53:06,39000.0,100.0,969200.0
945,2021-10-18 03:53:05,39000.0,200.0,969100.0
946,2021-10-18 03:53:05,39000.0,100.0,968900.0
947,2021-10-18 03:53:05,39000.0,200.0,968800.0
948,2021-10-18 03:52:19,39050.0,100.0,968600.0
949,2021-10-18 03:52:04,39000.0,800.0,968500.0
950,2021-10-18 03:52:04,39000.0,400.0,967700.0
951,2021-10-18 03:52:04,39000.0,1800.0,967300.0
952,2021-10-18 03:52:00,39000.0,1800.0,965500.0
953,2021-10-18 03:51:59,39000.0,3100.0,963700.0
954,2021-10-18 03:51:29,39000.0,100.0,960600.0
955,2021-10-18 03:50:38,39000.0,200.0,960500.0
956,2021-10-18 03:50:36,39050.0,100.0,960300.0
957,2021-10-18 03:48:54,39000.0,2800.0,960200.0
958,2021-10-18 03:47:58,39100.0,100.0,957400.0
959,2021-10-18 03:47:31,39050.0,100.0,957300.0
960,2021-10-18 03:47:14,39050.0,1000.0,957200.0
961,2021-10-18 03:47:02,39150.0,400.0,956200.0
962,2021-10-18 03:46:56,39100.0,1000.0,955800.0
963,2021-10-18 03:46:51,39050.0,300.0,954800.0
964,2021-10-18 03:46:28,39050.0,200.0,954500.0
965,2021-10-18 03:46:03,39050.0,500.0,954300.0
966,2021-10-18 03:44:10,39200.0,100.0,953800.0
967,2021-10-18 03:44:02,39000.0,1600.0,953700.0
968,2021-10-18 03:44:02,39000.0,2700.0,952100.0
969,2021-10-18 03:44:02,39000.0,200.0,949400.0
970,2021-10-18 03:44:02,39000.0,500.0,949200.0
971,2021-10-18 03:44:02,39000.0,3000.0,948700.0
972,2021-10-18 03:43:58,39200.0,1300.0,945700.0
973,2021-10-18 03:43:54,39200.0,100.0,944400.0
974,2021-10-18 03:43:46,39200.0,100.0,944300.0
975,2021-10-18 03:43:46,39200.0,500.0,944200.0
976,2021-10-18 03:43:46,39200.0,3000.0,943700.0
977,2021-10-18 03:43:41,39150.0,500.0,940700.0
978,2021-10-18 03:43:33,39200.0,100.0,940200.0
979,2021-10-18 03:43:27,39250.0,1000.0,940100.0
980,2021-10-18 03:43:27,39250.0,100.0,939100.0
981,2021-10-18 03:43:13,39250.0,100.0,939000.0
982,2021-10-18 03:43:13,39250.0,500.0,938900.0
983,2021-10-18 03:43:13,39250.0,100.0,938400.0
984,2021-10-18 03:43:13,39250.0,300.0,938300.0
985,2021-10-18 03:43:12,39200.0,700.0,938000.0
986,2021-10-18 03:43:12,39200.0,1300.0,937300.0
987,2021-10-18 03:43:07,39200.0,300.0,936000.0
988,2021-10-18 03:43:01,39250.0,100.0,935700.0
989,2021-10-18 03:43:00,39200.0,6000.0,935600.0
990,2021-10-18 03:42:37,39250.0,100.0,929600.0
991,2021-10-18 03:42:32,39200.0,1000.0,929500.0
992,2021-10-18 03:42:30,39200.0,1000.0,928500.0
993,2021-10-18 03:42:29,39200.0,100.0,927500.0
994,2021-10-18 03:42:29,39200.0,500.0,927400.0
995,2021-10-18 03:42:26,39200.0,800.0,926900.0
996,2021-10-18 03:42:17,39200.0,400.0,926100.0
997,2021-10-18 03:42:16,39200.0,1000.0,925700.0
998,2021-10-18 03:42:13,39200.0,1400.0,924700.0
999,2021-10-18 03:42:13,39200.0,8600.0,923300.0
1000,2021-10-18 03:42:00,39200.0,700.0,914700.0
1001,2021-10-18 03:41:59,39200.0,1000.0,914000.0
1002,2021-10-18 03:41:51,39200.0,500.0,913000.0
1003,2021-10-18 03:41:50,39200.0,500.0,912500.0
1004,2021-10-18 03:41:43,39200.0,100.0,912000.0
1005,2021-10-18 03:41:41,39200.0,1000.0,911900.0
1006,2021-10-18 03:41:33,39200.0,300.0,910900.0
1007,2021-10-18 03:41:26,39200.0,500.0,910600.0
1008,2021-10-18 03:41:26,39200.0,100.0,910100.0
1009,2021-10-18 03:41:26,39200.0,500.0,910000.0
1010,2021-10-18 03:41:26,39200.0,1000.0,909500.0
1011,2021-10-18 03:41:26,39200.0,1000.0,908500.0
1012,2021-10-18 03:41:26,39200.0,200.0,907500.0
1013,2021-10-18 03:41:26,39200.0,200.0,907300.0
1014,2021-10-18 03:41:26,39200.0,500.0,907100.0
1015,2021-10-18 03:41:26,39150.0,500.0,906600.0
1016,2021-10-18 03:41:26,39150.0,100.0,906100.0
1017,2021-10-18 03:41:26,39150.0,700.0,906000.0
1018,2021-10-18 03:41:26,39150.0,2000.0,905300.0
1019,2021-10-18 03:41:25,39150.0,100.0,903300.0
1020,2021-10-18 03:41:11,39100.0,1200.0,903200.0
1021,2021-10-18 03:40:41,39100.0,300.0,902000.0
1022,2021-10-18 03:40:41,39100.0,200.0,901700.0
1023,2021-10-18 03:40:04,39050.0,100.0,901500.0
1024,2021-10-18 03:39:21,39000.0,300.0,901400.0
1025,2021-10-18 03:39:10,39000.0,200.0,901100.0
1026,2021-10-18 03:39:04,39000.0,300.0,900900.0
1027,2021-10-18 03:38:53,39000.0,500.0,900600.0
1028,2021-10-18 03:38:35,39000.0,500.0,900100.0
1029,2021-10-18 03:38:31,39000.0,2500.0,899600.0
1030,2021-10-18 03:38:26,39000.0,100.0,897100.0
1031,2021-10-18 03:37:37,39000.0,500.0,897000.0
1032,2021-10-18 03:37:37,39000.0,400.0,896500.0
1033,2021-10-18 03:37:23,39000.0,1000.0,896100.0
1034,2021-10-18 03:37:19,39000.0,300.0,895100.0
1035,2021-10-18 03:37:09,39000.0,1300.0,894800.0
1036,2021-10-18 03:37:09,39000.0,300.0,893500.0
1037,2021-10-18 03:36:50,39000.0,600.0,893200.0
1038,2021-10-18 03:36:39,38900.0,100.0,892600.0
1039,2021-10-18 03:36:39,38950.0,3000.0,892500.0
1040,2021-10-18 03:35:27,38800.0,1000.0,889500.0
1041,2021-10-18 03:35:27,38800.0,500.0,888500.0
1042,2021-10-18 03:35:27,38800.0,4500.0,888000.0
1043,2021-10-18 03:35:27,38850.0,400.0,883500.0
1044,2021-10-18 03:35:27,38850.0,500.0,883100.0
1045,2021-10-18 03:35:27,38850.0,200.0,882600.0
1046,2021-10-18 03:35:27,38850.0,200.0,882400.0
1047,2021-10-18 03:35:27,38850.0,100.0,882200.0
1048,2021-10-18 03:35:27,38850.0,500.0,882100.0
1049,2021-10-18 03:35:27,38850.0,400.0,881600.0
1050,2021-10-18 03:35:27,38850.0,200.0,881200.0
1051,2021-10-18 03:35:27,38900.0,500.0,881000.0
1052,2021-10-18 03:35:27,38900.0,2300.0,880500.0
1053,2021-10-18 03:35:27,38900.0,500.0,878200.0
1054,2021-10-18 03:35:27,38900.0,500.0,877700.0
1055,2021-10-18 03:35:27,38900.0,500.0,877200.0
1056,2021-10-18 03:35:27,38900.0,3100.0,876700.0
1057,2021-10-18 03:35:27,39000.0,600.0,873600.0
1058,2021-10-18 03:35:27,39000.0,500.0,873000.0
1059,2021-10-18 03:35:27,39000.0,700.0,872500.0
1060,2021-10-18 03:35:27,39000.0,200.0,871800.0
1061,2021-10-18 03:35:27,39100.0,600.0,871600.0
1062,2021-10-18 03:35:02,39150.0,500.0,871000.0
1063,2021-10-18 03:34:58,39150.0,700.0,870500.0
1064,2021-10-18 03:34:49,39200.0,200.0,869800.0
1065,2021-10-18 03:34:49,39200.0,3600.0,869600.0
1066,2021-10-18 03:34:49,39200.0,900.0,866000.0
1067,2021-10-18 03:34:48,39200.0,300.0,865100.0
1068,2021-10-18 03:34:42,39200.0,800.0,864800.0
1069,2021-10-18 03:34:34,39200.0,1000.0,864000.0
1070,2021-10-18 03:34:33,39200.0,1800.0,863000.0
1071,2021-10-18 03:34:33,39200.0,1000.0,861200.0
1072,2021-10-18 03:34:13,39200.0,800.0,860200.0
1073,2021-10-18 03:34:06,39200.0,100.0,859400.0
1074,2021-10-18 03:34:06,39200.0,100.0,859300.0
1075,2021-10-18 03:34:06,39200.0,500.0,859200.0
1076,2021-10-18 03:34:06,39200.0,100.0,858700.0
1077,2021-10-18 03:34:06,39200.0,600.0,858600.0
1078,2021-10-18 03:34:06,39200.0,100.0,858000.0
1079,2021-10-18 03:34:06,39200.0,500.0,857900.0
1080,2021-10-18 03:34:06,39200.0,1000.0,857400.0
1081,2021-10-18 03:34:06,39200.0,200.0,856400.0
1082,2021-10-18 03:34:06,39200.0,1000.0,856200.0
1083,2021-10-18 03:34:06,39150.0,100.0,855200.0
1084,2021-10-18 03:34:06,39150.0,2000.0,855100.0
1085,2021-10-18 03:34:06,39100.0,500.0,853100.0
1086,2021-10-18 03:34:06,39100.0,300.0,852600.0
1087,2021-10-18 03:34:06,39100.0,2700.0,852300.0
1088,2021-10-18 03:34:01,39000.0,300.0,849600.0
1089,2021-10-18 03:34:01,39000.0,2900.0,849300.0
1090,2021-10-18 03:33:53,39000.0,100.0,846400.0
1091,2021-10-18 03:33:45,39100.0,1300.0,846300.0
1092,2021-10-18 03:33:36,39100.0,200.0,845000.0
1093,2021-10-18 03:33:23,39100.0,300.0,844800.0
1094,2021-10-18 03:33:09,39100.0,500.0,844500.0
1095,2021-10-18 03:33:09,39100.0,200.0,844000.0
1096,2021-10-18 03:33:09,39100.0,2200.0,843800.0
1097,2021-10-18 03:33:09,39100.0,500.0,841600.0
1098,2021-10-18 03:33:09,39100.0,200.0,841100.0
1099,2021-10-18 03:33:09,39100.0,1000.0,840900.0
1100,2021-10-18 03:33:09,39100.0,200.0,839900.0
1101,2021-10-18 03:33:09,39100.0,500.0,839700.0
1102,2021-10-18 03:33:09,39000.0,2000.0,839200.0
1103,2021-10-18 03:33:09,39000.0,200.0,837200.0
1104,2021-10-18 03:33:09,39000.0,100.0,837000.0
1105,2021-10-18 03:33:09,39000.0,1000.0,836900.0
1106,2021-10-18 03:33:09,39000.0,400.0,835900.0
1107,2021-10-18 03:33:09,39000.0,200.0,835500.0
1108,2021-10-18 03:33:09,39000.0,400.0,835300.0
1109,2021-10-18 03:33:09,39000.0,200.0,834900.0
1110,2021-10-18 03:33:09,39000.0,200.0,834700.0
1111,2021-10-18 03:32:47,39000.0,100.0,834500.0
1112,2021-10-18 03:32:47,39000.0,100.0,834400.0
1113,2021-10-18 03:32:37,38900.0,100.0,834300.0
1114,2021-10-18 03:32:14,38900.0,100.0,834200.0
1115,2021-10-18 03:32:09,38900.0,1700.0,834100.0
1116,2021-10-18 03:32:09,38900.0,100.0,832400.0
1117,2021-10-18 03:32:09,38900.0,200.0,832300.0
1118,2021-10-18 03:31:36,38900.0,100.0,832100.0
1119,2021-10-18 03:31:18,38900.0,100.0,832000.0
1120,2021-10-18 03:30:27,38850.0,200.0,831900.0
1121,2021-10-18 03:30:07,38850.0,200.0,831700.0
1122,2021-10-18 03:30:05,39000.0,19900.0,831500.0
1123,2021-10-18 03:30:05,39000.0,300.0,811600.0
1124,2021-10-18 03:30:05,39000.0,500.0,811300.0
1125,2021-10-18 03:30:05,39000.0,1000.0,810800.0
1126,2021-10-18 03:30:05,39000.0,200.0,809800.0
1127,2021-10-18 03:30:05,39000.0,200.0,809600.0
1128,2021-10-18 03:30:05,39000.0,300.0,809400.0
1129,2021-10-18 03:30:05,39000.0,500.0,809100.0
1130,2021-10-18 03:30:05,39000.0,700.0,808600.0
1131,2021-10-18 03:30:05,39000.0,1000.0,807900.0
1132,2021-10-18 03:30:05,39000.0,600.0,806900.0
1133,2021-10-18 03:30:05,39000.0,2000.0,806300.0
1134,2021-10-18 03:30:05,39000.0,500.0,804300.0
1135,2021-10-18 03:30:05,39000.0,1500.0,803800.0
1136,2021-10-18 03:30:05,39000.0,100.0,802300.0
1137,2021-10-18 03:30:05,38950.0,100.0,802200.0
1138,2021-10-18 03:30:05,38950.0,300.0,802100.0
1139,2021-10-18 03:30:05,38950.0,100.0,801800.0
1140,2021-10-18 03:30:05,38950.0,300.0,801700.0
1141,2021-10-18 03:30:05,38950.0,5000.0,801400.0
1142,2021-10-18 03:30:05,38900.0,1000.0,796400.0
1143,2021-10-18 03:30:05,38900.0,4700.0,795400.0
1144,2021-10-18 03:30:02,38850.0,100.0,790700.0
1145,2021-10-18 03:29:47,38850.0,100.0,790600.0
1146,2021-10-18 03:29:44,38850.0,800.0,790500.0
1147,2021-10-18 03:29:17,38850.0,200.0,789700.0
1148,2021-10-18 03:28:18,38850.0,200.0,789500.0
1149,2021-10-18 03:27:49,38850.0,200.0,789300.0
1150,2021-10-18 03:27:34,38850.0,900.0,789100.0
1151,2021-10-18 03:27:30,38900.0,100.0,788200.0
1152,2021-10-18 03:27:30,38900.0,900.0,788100.0
1153,2021-10-18 03:27:30,38900.0,200.0,787200.0
1154,2021-10-18 03:27:30,38900.0,100.0,787000.0
1155,2021-10-18 03:27:30,38900.0,100.0,786900.0
1156,2021-10-18 03:27:30,38900.0,2500.0,786800.0
1157,2021-10-18 03:27:30,38900.0,100.0,784300.0
1158,2021-10-18 03:27:30,38900.0,100.0,784200.0
1159,2021-10-18 03:27:30,38900.0,500.0,784100.0
1160,2021-10-18 03:27:30,38900.0,500.0,783600.0
1161,2021-10-18 03:27:30,38900.0,200.0,783100.0
1162,2021-10-18 03:27:17,38900.0,100.0,782900.0
1163,2021-10-18 03:27:17,38900.0,100.0,782800.0
1164,2021-10-18 03:27:17,38900.0,2000.0,782700.0
1165,2021-10-18 03:27:17,38900.0,400.0,780700.0
1166,2021-10-18 03:26:51,38950.0,500.0,780300.0
1167,2021-10-18 03:26:27,38950.0,1300.0,779800.0
1168,2021-10-18 03:26:25,38900.0,400.0,778500.0
1169,2021-10-18 03:26:07,38900.0,200.0,778100.0
1170,2021-10-18 03:26:05,38950.0,500.0,777900.0
1171,2021-10-18 03:25:33,38950.0,1000.0,777400.0
1172,2021-10-18 03:25:27,38950.0,100.0,776400.0
1173,2021-10-18 03:25:12,38950.0,500.0,776300.0
1174,2021-10-18 03:24:57,38950.0,100.0,775800.0
1175,2021-10-18 03:24:36,38950.0,300.0,775700.0
1176,2021-10-18 03:23:57,38950.0,100.0,775400.0
1177,2021-10-18 03:23:40,38950.0,500.0,775300.0
1178,2021-10-18 03:23:36,38950.0,100.0,774800.0
1179,2021-10-18 03:23:17,38900.0,100.0,774700.0
1180,2021-10-18 03:22:59,38900.0,200.0,774600.0
1181,2021-10-18 03:22:33,39000.0,100.0,774400.0
1182,2021-10-18 03:22:06,39000.0,2300.0,774300.0
1183,2021-10-18 03:22:06,38950.0,700.0,772000.0
1184,2021-10-18 03:21:52,38950.0,300.0,771300.0
1185,2021-10-18 03:21:52,38950.0,1000.0,771000.0
1186,2021-10-18 03:21:15,39000.0,5000.0,770000.0
1187,2021-10-18 03:21:12,39000.0,100.0,765000.0
1188,2021-10-18 03:21:12,39000.0,900.0,764900.0
1189,2021-10-18 03:20:58,39000.0,100.0,764000.0
1190,2021-10-18 03:20:58,39000.0,300.0,763900.0
1191,2021-10-18 03:20:58,39000.0,100.0,763600.0
1192,2021-10-18 03:20:52,39000.0,200.0,763500.0
1193,2021-10-18 03:20:38,39000.0,400.0,763300.0
1194,2021-10-18 03:20:38,39000.0,200.0,762900.0
1195,2021-10-18 03:20:38,39000.0,2000.0,762700.0
1196,2021-10-18 03:20:38,39000.0,100.0,760700.0
1197,2021-10-18 03:20:38,39000.0,200.0,760600.0
1198,2021-10-18 03:20:38,39000.0,200.0,760400.0
1199,2021-10-18 03:20:38,39000.0,1000.0,760200.0
1200,2021-10-18 03:20:38,39000.0,100.0,759200.0
1201,2021-10-18 03:20:38,39000.0,100.0,759100.0
1202,2021-10-18 03:20:38,39000.0,100.0,759000.0
1203,2021-10-18 03:20:38,39000.0,800.0,758900.0
1204,2021-10-18 03:20:38,39000.0,600.0,758100.0
1205,2021-10-18 03:20:38,39000.0,600.0,757500.0
1206,2021-10-18 03:20:38,39000.0,300.0,756900.0
1207,2021-10-18 03:20:38,39000.0,2500.0,756600.0
1208,2021-10-18 03:20:38,39000.0,500.0,754100.0
1209,2021-10-18 03:20:16,39000.0,100.0,753600.0
1210,2021-10-18 03:19:56,39000.0,100.0,753500.0
1211,2021-10-18 03:19:55,39000.0,100.0,753400.0
1212,2021-10-18 03:19:24,39000.0,2500.0,753300.0
1213,2021-10-18 03:19:03,39000.0,200.0,750800.0
1214,2021-10-18 03:18:52,39000.0,900.0,750600.0
1215,2021-10-18 03:18:52,39000.0,100.0,749700.0
1216,2021-10-18 03:18:52,39000.0,2000.0,749600.0
1217,2021-10-18 03:18:52,39000.0,100.0,747600.0
1218,2021-10-18 03:18:52,39000.0,2300.0,747500.0
1219,2021-10-18 03:18:46,39000.0,1300.0,745200.0
1220,2021-10-18 03:18:42,39000.0,2000.0,743900.0
1221,2021-10-18 03:18:38,39000.0,100.0,741900.0
1222,2021-10-18 03:18:38,39000.0,500.0,741800.0
1223,2021-10-18 03:18:34,39000.0,900.0,741300.0
1224,2021-10-18 03:18:34,39000.0,500.0,740400.0
1225,2021-10-18 03:18:34,39000.0,1600.0,739900.0
1226,2021-10-18 03:18:34,39000.0,1400.0,738300.0
1227,2021-10-18 03:18:30,39000.0,400.0,736900.0
1228,2021-10-18 03:18:30,39000.0,100.0,736500.0
1229,2021-10-18 03:18:29,39050.0,100.0,736400.0
1230,2021-10-18 03:18:16,39000.0,100.0,736300.0
1231,2021-10-18 03:18:16,39000.0,200.0,736200.0
1232,2021-10-18 03:18:16,39050.0,100.0,736000.0
1233,2021-10-18 03:18:08,39050.0,2000.0,735900.0
1234,2021-10-18 03:18:06,39050.0,200.0,733900.0
1235,2021-10-18 03:18:01,39050.0,2700.0,733700.0
1236,2021-10-18 03:18:01,39050.0,200.0,731000.0
1237,2021-10-18 03:17:59,39100.0,100.0,730800.0
1238,2021-10-18 03:17:44,39100.0,300.0,730700.0
1239,2021-10-18 03:17:41,39100.0,100.0,730400.0
1240,2021-10-18 03:17:41,39100.0,100.0,730300.0
1241,2021-10-18 03:17:41,39100.0,300.0,730200.0
1242,2021-10-18 03:17:39,39100.0,1000.0,729900.0
1243,2021-10-18 03:17:34,39100.0,100.0,728900.0
1244,2021-10-18 03:17:32,39100.0,3000.0,728800.0
1245,2021-10-18 03:17:26,39100.0,2000.0,725800.0
1246,2021-10-18 03:17:15,39150.0,100.0,723800.0
1247,2021-10-18 03:17:13,39200.0,600.0,723700.0
1248,2021-10-18 03:17:09,39150.0,500.0,723100.0
1249,2021-10-18 03:16:57,39200.0,300.0,722600.0
1250,2021-10-18 03:16:57,39200.0,1000.0,722300.0
1251,2021-10-18 03:16:57,39200.0,100.0,721300.0
1252,2021-10-18 03:16:57,39200.0,2000.0,721200.0
1253,2021-10-18 03:16:46,39250.0,100.0,719200.0
1254,2021-10-18 03:16:42,39250.0,600.0,719100.0
1255,2021-10-18 03:16:34,39250.0,1000.0,718500.0
1256,2021-10-18 03:16:34,39250.0,1400.0,717500.0
1257,2021-10-18 03:16:29,39300.0,100.0,716100.0
1258,2021-10-18 03:16:28,39250.0,1000.0,716000.0
1259,2021-10-18 03:15:56,39300.0,1000.0,715000.0
1260,2021-10-18 03:15:48,39300.0,1000.0,714000.0
1261,2021-10-18 03:15:40,39300.0,200.0,713000.0
1262,2021-10-18 03:15:40,39300.0,500.0,712800.0
1263,2021-10-18 03:15:39,39300.0,100.0,712300.0
1264,2021-10-18 03:15:39,39300.0,1000.0,712200.0
1265,2021-10-18 03:15:33,39300.0,100.0,711200.0
1266,2021-10-18 03:15:29,39300.0,100.0,711100.0
1267,2021-10-18 03:15:17,39350.0,300.0,711000.0
1268,2021-10-18 03:15:14,39300.0,100.0,710700.0
1269,2021-10-18 03:15:07,39350.0,1200.0,710600.0
1270,2021-10-18 03:15:05,39300.0,100.0,709400.0
1271,2021-10-18 03:15:01,39350.0,200.0,709300.0
1272,2021-10-18 03:15:01,39350.0,1400.0,709100.0
1273,2021-10-18 03:14:53,39350.0,500.0,707700.0
1274,2021-10-18 03:14:53,39350.0,100.0,707200.0
1275,2021-10-18 03:14:51,39350.0,100.0,707100.0
1276,2021-10-18 03:14:46,39350.0,200.0,707000.0
1277,2021-10-18 03:14:45,39350.0,1300.0,706800.0
1278,2021-10-18 03:14:29,39350.0,200.0,705500.0
1279,2021-10-18 03:14:29,39350.0,200.0,705300.0
1280,2021-10-18 03:14:28,39350.0,500.0,705100.0
1281,2021-10-18 03:14:28,39350.0,100.0,704600.0
1282,2021-10-18 03:14:28,39350.0,100.0,704500.0
1283,2021-10-18 03:14:23,39350.0,100.0,704400.0
1284,2021-10-18 03:14:23,39350.0,1900.0,704300.0
1285,2021-10-18 03:14:21,39300.0,100.0,702400.0
1286,2021-10-18 03:14:20,39300.0,100.0,702300.0
1287,2021-10-18 03:14:10,39350.0,2000.0,702200.0
1288,2021-10-18 03:14:10,39350.0,2000.0,700200.0
1289,2021-10-18 03:14:10,39350.0,1300.0,698200.0
1290,2021-10-18 03:14:10,39350.0,2800.0,696900.0
1291,2021-10-18 03:14:01,39350.0,100.0,694100.0
1292,2021-10-18 03:13:58,39350.0,2300.0,694000.0
1293,2021-10-18 03:13:33,39350.0,100.0,691700.0
1294,2021-10-18 03:13:27,39500.0,2900.0,691600.0
1295,2021-10-18 03:13:27,39500.0,100.0,688700.0
1296,2021-10-18 03:13:27,39450.0,100.0,688600.0
1297,2021-10-18 03:13:27,39400.0,400.0,688500.0
1298,2021-10-18 03:13:27,39400.0,1000.0,688100.0
1299,2021-10-18 03:13:27,39400.0,200.0,687100.0
1300,2021-10-18 03:13:27,39400.0,100.0,686900.0
1301,2021-10-18 03:13:27,39400.0,10000.0,686800.0
1302,2021-10-18 03:13:27,39400.0,300.0,676800.0
1303,2021-10-18 03:13:27,39350.0,1000.0,676500.0
1304,2021-10-18 03:13:27,39350.0,3900.0,675500.0
1305,2021-10-18 03:13:17,39350.0,2000.0,671600.0
1306,2021-10-18 03:13:16,39350.0,100.0,669600.0
1307,2021-10-18 03:13:14,39350.0,4000.0,669500.0
1308,2021-10-18 03:13:13,39400.0,200.0,665500.0
1309,2021-10-18 03:13:13,39400.0,300.0,665300.0
1310,2021-10-18 03:13:11,39400.0,700.0,665000.0
1311,2021-10-18 03:13:11,39400.0,1000.0,664300.0
1312,2021-10-18 03:13:00,39350.0,100.0,663300.0
1313,2021-10-18 03:12:59,39200.0,1000.0,663200.0
1314,2021-10-18 03:12:52,39400.0,100.0,662200.0
1315,2021-10-18 03:12:52,39400.0,1100.0,662100.0
1316,2021-10-18 03:12:52,39400.0,3000.0,661000.0
1317,2021-10-18 03:12:52,39400.0,200.0,658000.0
1318,2021-10-18 03:12:52,39400.0,4000.0,657800.0
1319,2021-10-18 03:12:52,39400.0,100.0,653800.0
1320,2021-10-18 03:12:52,39400.0,100.0,653700.0
1321,2021-10-18 03:12:52,39400.0,1000.0,653600.0
1322,2021-10-18 03:12:52,39400.0,100.0,652600.0
1323,2021-10-18 03:12:52,39300.0,2000.0,652500.0
1324,2021-10-18 03:12:52,39300.0,100.0,650500.0
1325,2021-10-18 03:12:52,39300.0,500.0,650400.0
1326,2021-10-18 03:12:52,39300.0,100.0,649900.0
1327,2021-10-18 03:12:52,39300.0,200.0,649800.0
1328,2021-10-18 03:12:52,39300.0,1500.0,649600.0
1329,2021-10-18 03:12:52,39300.0,200.0,648100.0
1330,2021-10-18 03:12:52,39300.0,100.0,647900.0
1331,2021-10-18 03:12:52,39300.0,500.0,647800.0
1332,2021-10-18 03:12:52,39300.0,1000.0,647300.0
1333,2021-10-18 03:12:52,39300.0,300.0,646300.0
1334,2021-10-18 03:12:52,39300.0,2000.0,646000.0
1335,2021-10-18 03:12:52,39300.0,100.0,644000.0
1336,2021-10-18 03:12:52,39300.0,1000.0,643900.0
1337,2021-10-18 03:12:52,39300.0,200.0,642900.0
1338,2021-10-18 03:12:52,39300.0,500.0,642700.0
1339,2021-10-18 03:12:52,39300.0,100.0,642200.0
1340,2021-10-18 03:12:50,39200.0,100.0,642100.0
1341,2021-10-18 03:12:50,39200.0,300.0,642000.0
1342,2021-10-18 03:12:50,39200.0,900.0,641700.0
1343,2021-10-18 03:12:44,39150.0,100.0,640800.0
1344,2021-10-18 03:12:42,39200.0,100.0,640700.0
1345,2021-10-18 03:12:42,39200.0,2000.0,640600.0
1346,2021-10-18 03:12:42,39200.0,200.0,638600.0
1347,2021-10-18 03:12:42,39200.0,700.0,638400.0
1348,2021-10-18 03:12:38,39200.0,300.0,637700.0
1349,2021-10-18 03:12:38,39200.0,300.0,637400.0
1350,2021-10-18 03:12:38,39200.0,400.0,637100.0
1351,2021-10-18 03:12:30,39200.0,1600.0,636700.0
1352,2021-10-18 03:12:30,39200.0,2000.0,635100.0
1353,2021-10-18 03:12:30,39200.0,100.0,633100.0
1354,2021-10-18 03:12:30,39200.0,2000.0,633000.0
1355,2021-10-18 03:12:30,39200.0,500.0,631000.0
1356,2021-10-18 03:12:30,39200.0,100.0,630500.0
1357,2021-10-18 03:12:30,39200.0,400.0,630400.0
1358,2021-10-18 03:12:30,39200.0,500.0,630000.0
1359,2021-10-18 03:12:30,39200.0,200.0,629500.0
1360,2021-10-18 03:12:30,39200.0,100.0,629300.0
1361,2021-10-18 03:12:30,39150.0,2500.0,629200.0
1362,2021-10-18 03:12:27,39100.0,100.0,626700.0
1363,2021-10-18 03:12:27,39100.0,700.0,626600.0
1364,2021-10-18 03:12:23,39100.0,100.0,625900.0
1365,2021-10-18 03:12:18,39100.0,100.0,625800.0
1366,2021-10-18 03:12:18,39100.0,100.0,625700.0
1367,2021-10-18 03:12:18,39100.0,200.0,625600.0
1368,2021-10-18 03:12:18,39100.0,800.0,625400.0
1369,2021-10-18 03:12:18,39100.0,1000.0,624600.0
1370,2021-10-18 03:12:10,39100.0,500.0,623600.0
1371,2021-10-18 03:12:09,39100.0,2700.0,623100.0
1372,2021-10-18 03:12:09,39100.0,100.0,620400.0
1373,2021-10-18 03:12:09,39100.0,100.0,620300.0
1374,2021-10-18 03:12:09,39100.0,1000.0,620200.0
1375,2021-10-18 03:12:09,39100.0,100.0,619200.0
1376,2021-10-18 03:11:46,39100.0,100.0,619100.0
1377,2021-10-18 03:11:45,39100.0,100.0,619000.0
1378,2021-10-18 03:11:42,39100.0,500.0,618900.0
1379,2021-10-18 03:11:41,39100.0,400.0,618400.0
1380,2021-10-18 03:11:41,39100.0,100.0,618000.0
1381,2021-10-18 03:11:41,39100.0,5000.0,617900.0
1382,2021-10-18 03:11:41,39100.0,400.0,612900.0
1383,2021-10-18 03:11:41,39100.0,3300.0,612500.0
1384,2021-10-18 03:11:41,39100.0,100.0,609200.0
1385,2021-10-18 03:11:34,39100.0,100.0,609100.0
1386,2021-10-18 03:11:31,39100.0,400.0,609000.0
1387,2021-10-18 03:11:31,39100.0,400.0,608600.0
1388,2021-10-18 03:11:29,39000.0,200.0,608200.0
1389,2021-10-18 03:11:27,39000.0,600.0,608000.0
1390,2021-10-18 03:11:27,39000.0,300.0,607400.0
1391,2021-10-18 03:11:27,39000.0,9100.0,607100.0
1392,2021-10-18 03:11:18,39000.0,500.0,598000.0
1393,2021-10-18 03:11:18,39000.0,100.0,597500.0
1394,2021-10-18 03:11:18,39000.0,1000.0,597400.0
1395,2021-10-18 03:11:18,39000.0,200.0,596400.0
1396,2021-10-18 03:11:18,39000.0,200.0,596200.0
1397,2021-10-18 03:11:18,39000.0,200.0,596000.0
1398,2021-10-18 03:11:18,39000.0,100.0,595800.0
1399,2021-10-18 03:11:18,39000.0,100.0,595700.0
1400,2021-10-18 03:11:18,39000.0,100.0,595600.0
1401,2021-10-18 03:11:18,39000.0,100.0,595500.0
1402,2021-10-18 03:11:18,39000.0,100.0,595400.0
1403,2021-10-18 03:11:18,39000.0,100.0,595300.0
1404,2021-10-18 03:11:18,39000.0,500.0,595200.0
1405,2021-10-18 03:11:18,39000.0,100.0,594700.0
1406,2021-10-18 03:11:18,39000.0,100.0,594600.0
1407,2021-10-18 03:11:17,39000.0,500.0,594500.0
1408,2021-10-18 03:11:17,39000.0,2800.0,594000.0
1409,2021-10-18 03:11:17,39000.0,2200.0,591200.0
1410,2021-10-18 03:11:17,39000.0,100.0,589000.0
1411,2021-10-18 03:11:17,39000.0,500.0,588900.0
1412,2021-10-18 03:11:17,39000.0,200.0,588400.0
1413,2021-10-18 03:11:16,39000.0,1800.0,588200.0
1414,2021-10-18 03:11:16,39000.0,1000.0,586400.0
1415,2021-10-18 03:11:16,39000.0,200.0,585400.0
1416,2021-10-18 03:11:16,39000.0,100.0,585200.0
1417,2021-10-18 03:11:16,39000.0,700.0,585100.0
1418,2021-10-18 03:11:16,39000.0,100.0,584400.0
1419,2021-10-18 03:11:16,39000.0,100.0,584300.0
1420,2021-10-18 03:11:16,39000.0,100.0,584200.0
1421,2021-10-18 03:11:16,39000.0,1000.0,584100.0
1422,2021-10-18 03:11:15,39000.0,100.0,583100.0
1423,2021-10-18 03:11:15,39000.0,500.0,583000.0
1424,2021-10-18 03:11:15,39000.0,100.0,582500.0
1425,2021-10-18 03:11:15,39000.0,300.0,582400.0
1426,2021-10-18 03:11:15,39000.0,100.0,582100.0
1427,2021-10-18 03:11:15,39000.0,200.0,582000.0
1428,2021-10-18 03:11:15,39000.0,800.0,581800.0
1429,2021-10-18 03:11:15,39000.0,2000.0,581000.0
1430,2021-10-18 03:11:15,39000.0,300.0,579000.0
1431,2021-10-18 03:11:15,39000.0,500.0,578700.0
1432,2021-10-18 03:11:15,39000.0,100.0,578200.0
1433,2021-10-18 03:11:14,39000.0,900.0,578100.0
1434,2021-10-18 03:11:14,39000.0,1000.0,577200.0
1435,2021-10-18 03:11:14,39000.0,200.0,576200.0
1436,2021-10-18 03:11:14,39000.0,3000.0,576000.0
1437,2021-10-18 03:11:14,39000.0,100.0,573000.0
1438,2021-10-18 03:11:14,39000.0,200.0,572900.0
1439,2021-10-18 03:11:14,39000.0,100.0,572700.0
1440,2021-10-18 03:11:14,39000.0,1000.0,572600.0
1441,2021-10-18 03:11:14,39000.0,2000.0,571600.0
1442,2021-10-18 03:11:14,39000.0,100.0,569600.0
1443,2021-10-18 03:11:14,39000.0,1400.0,569500.0
1444,2021-10-18 03:11:12,39000.0,2000.0,568100.0
1445,2021-10-18 03:11:12,39000.0,5000.0,566100.0
1446,2021-10-18 03:11:11,39000.0,100.0,561100.0
1447,2021-10-18 03:11:11,39000.0,400.0,561000.0
1448,2021-10-18 03:11:09,39000.0,1100.0,560600.0
1449,2021-10-18 03:11:09,39000.0,500.0,559500.0
1450,2021-10-18 03:11:09,39000.0,400.0,559000.0
1451,2021-10-18 03:11:09,39000.0,500.0,558600.0
1452,2021-10-18 03:11:09,39000.0,4100.0,558100.0
1453,2021-10-18 03:11:09,39000.0,500.0,554000.0
1454,2021-10-18 03:11:09,39000.0,300.0,553500.0
1455,2021-10-18 03:11:09,39000.0,500.0,553200.0
1456,2021-10-18 03:11:09,39000.0,1000.0,552700.0
1457,2021-10-18 03:11:09,39000.0,3600.0,551700.0
1458,2021-10-18 03:11:02,39000.0,2000.0,548100.0
1459,2021-10-18 03:11:01,39000.0,4400.0,546100.0
1460,2021-10-18 03:11:01,39000.0,600.0,541700.0
1461,2021-10-18 03:10:54,39000.0,1000.0,541100.0
1462,2021-10-18 03:10:51,39000.0,3400.0,540100.0
1463,2021-10-18 03:10:44,38950.0,600.0,536700.0
1464,2021-10-18 03:10:44,38950.0,2400.0,536100.0
1465,2021-10-18 03:10:32,38950.0,200.0,533700.0
1466,2021-10-18 03:10:32,38950.0,200.0,533500.0
1467,2021-10-18 03:10:32,38950.0,100.0,533300.0
1468,2021-10-18 03:10:32,38950.0,100.0,533200.0
1469,2021-10-18 03:10:15,38900.0,500.0,533100.0
1470,2021-10-18 03:10:15,38900.0,1000.0,532600.0
1471,2021-10-18 03:10:15,38900.0,500.0,531600.0
1472,2021-10-18 03:10:15,38900.0,500.0,531100.0
1473,2021-10-18 03:10:15,38900.0,300.0,530600.0
1474,2021-10-18 03:10:15,38900.0,500.0,530300.0
1475,2021-10-18 03:10:15,38900.0,100.0,529800.0
1476,2021-10-18 03:10:15,38900.0,3300.0,529700.0
1477,2021-10-18 03:10:09,38900.0,16000.0,526400.0
1478,2021-10-18 03:10:02,38800.0,200.0,510400.0
1479,2021-10-18 03:09:37,38800.0,100.0,510200.0
1480,2021-10-18 03:09:25,38800.0,500.0,510100.0
1481,2021-10-18 03:09:25,38800.0,900.0,509600.0
1482,2021-10-18 03:09:20,38700.0,1700.0,508700.0
1483,2021-10-18 03:09:19,38800.0,1200.0,507000.0
1484,2021-10-18 03:09:18,38800.0,5000.0,505800.0
1485,2021-10-18 03:09:08,38800.0,2000.0,500800.0
1486,2021-10-18 03:09:05,38800.0,900.0,498800.0
1487,2021-10-18 03:09:04,38900.0,2000.0,497900.0
1488,2021-10-18 03:08:58,38800.0,100.0,495900.0
1489,2021-10-18 03:08:58,38800.0,1000.0,495800.0
1490,2021-10-18 03:08:58,38800.0,300.0,494800.0
1491,2021-10-18 03:08:47,38700.0,100.0,494500.0
1492,2021-10-18 03:08:39,38800.0,200.0,494400.0
1493,2021-10-18 03:08:26,38800.0,500.0,494200.0
1494,2021-10-18 03:08:20,38800.0,9000.0,493700.0
1495,2021-10-18 03:08:00,38800.0,1000.0,484700.0
1496,2021-10-18 03:08:00,38800.0,500.0,483700.0
1497,2021-10-18 03:07:59,38700.0,300.0,483200.0
1498,2021-10-18 03:07:57,38800.0,200.0,482900.0
1499,2021-10-18 03:07:53,38800.0,200.0,482700.0
1500,2021-10-18 03:07:48,38800.0,100.0,482500.0
1501,2021-10-18 03:07:47,38800.0,100.0,482400.0
1502,2021-10-18 03:07:45,38800.0,2900.0,482300.0
1503,2021-10-18 03:07:44,38800.0,500.0,479400.0
1504,2021-10-18 03:07:44,38800.0,500.0,478900.0
1505,2021-10-18 03:07:31,38700.0,500.0,478400.0
1506,2021-10-18 03:07:28,38800.0,400.0,477900.0
1507,2021-10-18 03:07:28,38800.0,200.0,477500.0
1508,2021-10-18 03:07:28,38800.0,100.0,477300.0
1509,2021-10-18 03:07:28,38800.0,1000.0,477200.0
1510,2021-10-18 03:07:28,38800.0,5000.0,476200.0
1511,2021-10-18 03:07:28,38800.0,100.0,471200.0
1512,2021-10-18 03:07:28,38800.0,1000.0,471100.0
1513,2021-10-18 03:07:28,38800.0,1000.0,470100.0
1514,2021-10-18 03:07:28,38800.0,1000.0,469100.0
1515,2021-10-18 03:07:28,38800.0,200.0,468100.0
1516,2021-10-18 03:06:57,38700.0,400.0,467900.0
1517,2021-10-18 03:06:57,38700.0,600.0,467500.0
1518,2021-10-18 03:06:50,38650.0,100.0,466900.0
1519,2021-10-18 03:06:40,38700.0,1400.0,466800.0
1520,2021-10-18 03:06:40,38700.0,200.0,465400.0
1521,2021-10-18 03:06:40,38700.0,100.0,465200.0
1522,2021-10-18 03:06:40,38700.0,1000.0,465100.0
1523,2021-10-18 03:06:40,38700.0,100.0,464100.0
1524,2021-10-18 03:06:40,38700.0,100.0,464000.0
1525,2021-10-18 03:06:40,38700.0,600.0,463900.0
1526,2021-10-18 03:06:32,38700.0,2000.0,463300.0
1527,2021-10-18 03:06:25,38700.0,300.0,461300.0
1528,2021-10-18 03:06:07,38700.0,700.0,461000.0
1529,2021-10-18 03:06:07,38700.0,100.0,460300.0
1530,2021-10-18 03:06:07,38700.0,200.0,460200.0
1531,2021-10-18 03:06:01,38700.0,300.0,460000.0
1532,2021-10-18 03:05:55,38650.0,1200.0,459700.0
1533,2021-10-18 03:05:32,38650.0,100.0,458500.0
1534,2021-10-18 03:05:27,38650.0,400.0,458400.0
1535,2021-10-18 03:05:27,38650.0,200.0,458000.0
1536,2021-10-18 03:05:27,38650.0,100.0,457800.0
1537,2021-10-18 03:05:27,38650.0,1000.0,457700.0
1538,2021-10-18 03:05:20,38650.0,1000.0,456700.0
1539,2021-10-18 03:05:20,38650.0,400.0,455700.0
1540,2021-10-18 03:05:18,38650.0,1000.0,455300.0
1541,2021-10-18 03:05:06,38650.0,500.0,454300.0
1542,2021-10-18 03:05:02,38650.0,100.0,453800.0
1543,2021-10-18 03:05:02,38650.0,1500.0,453700.0
1544,2021-10-18 03:05:02,38600.0,100.0,452200.0
1545,2021-10-18 03:04:49,38600.0,500.0,452100.0
1546,2021-10-18 03:04:26,38600.0,100.0,451600.0
1547,2021-10-18 03:04:16,38600.0,200.0,451500.0
1548,2021-10-18 03:04:15,38600.0,600.0,451300.0
1549,2021-10-18 03:04:09,38600.0,600.0,450700.0
1550,2021-10-18 03:04:08,38600.0,800.0,450100.0
1551,2021-10-18 03:04:08,38600.0,200.0,449300.0
1552,2021-10-18 03:04:08,38600.0,200.0,449100.0
1553,2021-10-18 03:04:08,38600.0,100.0,448900.0
1554,2021-10-18 03:04:08,38600.0,500.0,448800.0
1555,2021-10-18 03:04:08,38600.0,100.0,448300.0
1556,2021-10-18 03:04:08,38600.0,400.0,448200.0
1557,2021-10-18 03:04:08,38600.0,1000.0,447800.0
1558,2021-10-18 03:04:08,38600.0,500.0,446800.0
1559,2021-10-18 03:04:08,38600.0,700.0,446300.0
1560,2021-10-18 03:04:04,38600.0,300.0,445600.0
1561,2021-10-18 03:04:04,38600.0,200.0,445300.0
1562,2021-10-18 03:03:56,38600.0,300.0,445100.0
1563,2021-10-18 03:03:47,38600.0,100.0,444800.0
1564,2021-10-18 03:03:17,38600.0,2400.0,444700.0
1565,2021-10-18 03:03:17,38600.0,200.0,442300.0
1566,2021-10-18 03:03:17,38600.0,100.0,442100.0
1567,2021-10-18 03:03:17,38600.0,100.0,442000.0
1568,2021-10-18 03:03:17,38600.0,600.0,441900.0
1569,2021-10-18 03:03:17,38600.0,1600.0,441300.0
1570,2021-10-18 03:03:02,38600.0,6600.0,439700.0
1571,2021-10-18 03:02:57,38600.0,500.0,433100.0
1572,2021-10-18 03:02:36,38600.0,200.0,432600.0
1573,2021-10-18 03:02:24,38600.0,300.0,432400.0
1574,2021-10-18 03:02:09,38600.0,100.0,432100.0
1575,2021-10-18 03:01:51,38550.0,500.0,432000.0
1576,2021-10-18 03:01:42,38550.0,2000.0,431500.0
1577,2021-10-18 03:01:41,38600.0,700.0,429500.0
1578,2021-10-18 03:01:41,38600.0,300.0,428800.0
1579,2021-10-18 03:01:25,38550.0,2000.0,428500.0
1580,2021-10-18 02:59:49,38550.0,400.0,426500.0
1581,2021-10-18 02:59:46,38550.0,600.0,426100.0
1582,2021-10-18 02:59:43,38550.0,200.0,425500.0
1583,2021-10-18 02:59:43,38550.0,200.0,425300.0
1584,2021-10-18 02:59:38,38550.0,1000.0,425100.0
1585,2021-10-18 02:59:35,38550.0,3000.0,424100.0
1586,2021-10-18 02:59:30,38550.0,200.0,421100.0
1587,2021-10-18 02:59:29,38550.0,200.0,420900.0
1588,2021-10-18 02:59:15,38550.0,1000.0,420700.0
1589,2021-10-18 02:59:09,38500.0,100.0,419700.0
1590,2021-10-18 02:59:09,38550.0,100.0,419600.0
1591,2021-10-18 02:59:07,38500.0,900.0,419500.0
1592,2021-10-18 02:59:04,38550.0,3000.0,418600.0
1593,2021-10-18 02:58:51,38550.0,1000.0,415600.0
1594,2021-10-18 02:58:45,38550.0,2900.0,414600.0
1595,2021-10-18 02:58:35,38550.0,1400.0,411700.0
1596,2021-10-18 02:58:34,38550.0,600.0,410300.0
1597,2021-10-18 02:58:29,38550.0,100.0,409700.0
1598,2021-10-18 02:58:22,38550.0,100.0,409600.0
1599,2021-10-18 02:57:50,38550.0,300.0,409500.0
1600,2021-10-18 02:57:50,38550.0,200.0,409200.0
1601,2021-10-18 02:56:56,38500.0,600.0,409000.0
1602,2021-10-18 02:56:56,38500.0,1000.0,408400.0
1603,2021-10-18 02:56:56,38500.0,1000.0,407400.0
1604,2021-10-18 02:56:47,38500.0,500.0,406400.0
1605,2021-10-18 02:56:47,38500.0,1000.0,405900.0
1606,2021-10-18 02:56:47,38500.0,1000.0,404900.0
1607,2021-10-18 02:56:47,38500.0,600.0,403900.0
1608,2021-10-18 02:56:47,38500.0,100.0,403300.0
1609,2021-10-18 02:56:47,38500.0,300.0,403200.0
1610,2021-10-18 02:56:47,38500.0,1000.0,402900.0
1611,2021-10-18 02:56:47,38500.0,200.0,401900.0
1612,2021-10-18 02:56:47,38500.0,200.0,401700.0
1613,2021-10-18 02:56:47,38500.0,500.0,401500.0
1614,2021-10-18 02:56:47,38500.0,200.0,401000.0
1615,2021-10-18 02:56:47,38500.0,13400.0,400800.0
1616,2021-10-18 02:56:36,38500.0,10000.0,387400.0
1617,2021-10-18 02:56:28,38450.0,300.0,377400.0
1618,2021-10-18 02:56:28,38450.0,1900.0,377100.0
1619,2021-10-18 02:56:22,38450.0,200.0,375200.0
1620,2021-10-18 02:55:51,38400.0,5000.0,375000.0
1621,2021-10-18 02:55:51,38400.0,500.0,370000.0
1622,2021-10-18 02:55:51,38400.0,100.0,369500.0
1623,2021-10-18 02:55:51,38400.0,1000.0,369400.0
1624,2021-10-18 02:55:51,38400.0,1000.0,368400.0
1625,2021-10-18 02:55:51,38400.0,1000.0,367400.0
1626,2021-10-18 02:55:51,38400.0,100.0,366400.0
1627,2021-10-18 02:55:51,38400.0,200.0,366300.0
1628,2021-10-18 02:55:51,38400.0,100.0,366100.0
1629,2021-10-18 02:55:40,38450.0,900.0,366000.0
1630,2021-10-18 02:54:57,38450.0,1000.0,365100.0
1631,2021-10-18 02:54:57,38450.0,100.0,364100.0
1632,2021-10-18 02:54:50,38450.0,1800.0,364000.0
1633,2021-10-18 02:54:34,38450.0,1000.0,362200.0
1634,2021-10-18 02:54:20,38400.0,200.0,361200.0
1635,2021-10-18 02:54:12,38450.0,100.0,361000.0
1636,2021-10-18 02:54:12,38450.0,400.0,360900.0
1637,2021-10-18 02:54:08,38450.0,200.0,360500.0
1638,2021-10-18 02:53:59,38450.0,1000.0,360300.0
1639,2021-10-18 02:53:07,38450.0,100.0,359300.0
1640,2021-10-18 02:52:57,38450.0,500.0,359200.0
1641,2021-10-18 02:52:57,38450.0,1300.0,358700.0
1642,2021-10-18 02:52:57,38450.0,500.0,357400.0
1643,2021-10-18 02:52:57,38450.0,1000.0,356900.0
1644,2021-10-18 02:52:44,38500.0,100.0,355900.0
1645,2021-10-18 02:52:44,38500.0,200.0,355800.0
1646,2021-10-18 02:52:44,38500.0,800.0,355600.0
1647,2021-10-18 02:52:36,38500.0,100.0,354800.0
1648,2021-10-18 02:52:20,38500.0,100.0,354700.0
1649,2021-10-18 02:51:55,38500.0,500.0,354600.0
1650,2021-10-18 02:51:55,38500.0,200.0,354100.0
1651,2021-10-18 02:51:55,38500.0,500.0,353900.0
1652,2021-10-18 02:51:55,38500.0,300.0,353400.0
1653,2021-10-18 02:51:51,38500.0,100.0,353100.0
1654,2021-10-18 02:51:34,38500.0,500.0,353000.0
1655,2021-10-18 02:51:34,38500.0,500.0,352500.0
1656,2021-10-18 02:51:30,38500.0,400.0,352000.0
1657,2021-10-18 02:51:18,38500.0,2000.0,351600.0
1658,2021-10-18 02:51:03,38500.0,200.0,349600.0
1659,2021-10-18 02:50:55,38500.0,500.0,349400.0
1660,2021-10-18 02:50:48,38500.0,100.0,348900.0
1661,2021-10-18 02:50:48,38500.0,1300.0,348800.0
1662,2021-10-18 02:50:48,38500.0,200.0,347500.0
1663,2021-10-18 02:50:36,38500.0,500.0,347300.0
1664,2021-10-18 02:50:36,38500.0,1200.0,346800.0
1665,2021-10-18 02:50:36,38500.0,700.0,345600.0
1666,2021-10-18 02:50:36,38500.0,200.0,344900.0
1667,2021-10-18 02:50:36,38500.0,200.0,344700.0
1668,2021-10-18 02:50:36,38500.0,700.0,344500.0
1669,2021-10-18 02:50:23,38500.0,1300.0,343800.0
1670,2021-10-18 02:50:23,38500.0,200.0,342500.0
1671,2021-10-18 02:50:23,38500.0,400.0,342300.0
1672,2021-10-18 02:49:54,38500.0,600.0,341900.0
1673,2021-10-18 02:49:54,38500.0,100.0,341300.0
1674,2021-10-18 02:49:54,38500.0,400.0,341200.0
1675,2021-10-18 02:49:54,38500.0,100.0,340800.0
1676,2021-10-18 02:49:47,38500.0,400.0,340700.0
1677,2021-10-18 02:49:47,38500.0,100.0,340300.0
1678,2021-10-18 02:49:47,38500.0,500.0,340200.0
1679,2021-10-18 02:49:47,38500.0,600.0,339700.0
1680,2021-10-18 02:49:47,38500.0,900.0,339100.0
1681,2021-10-18 02:49:47,38500.0,100.0,338200.0
1682,2021-10-18 02:49:47,38500.0,400.0,338100.0
1683,2021-10-18 02:49:47,38500.0,200.0,337700.0
1684,2021-10-18 02:49:47,38500.0,600.0,337500.0
1685,2021-10-18 02:49:47,38500.0,500.0,336900.0
1686,2021-10-18 02:49:47,38500.0,700.0,336400.0
1687,2021-10-18 02:49:44,38500.0,200.0,335700.0
1688,2021-10-18 02:49:43,38600.0,3100.0,335500.0
1689,2021-10-18 02:49:43,38600.0,100.0,332400.0
1690,2021-10-18 02:49:43,38600.0,400.0,332300.0
1691,2021-10-18 02:49:43,38600.0,300.0,331900.0
1692,2021-10-18 02:49:43,38600.0,400.0,331600.0
1693,2021-10-18 02:49:37,38600.0,300.0,331200.0
1694,2021-10-18 02:49:37,38600.0,500.0,330900.0
1695,2021-10-18 02:49:37,38600.0,600.0,330400.0
1696,2021-10-18 02:49:33,38500.0,100.0,329800.0
1697,2021-10-18 02:49:33,38500.0,500.0,329700.0
1698,2021-10-18 02:49:33,38500.0,100.0,329200.0
1699,2021-10-18 02:49:33,38500.0,4000.0,329100.0
1700,2021-10-18 02:49:33,38500.0,200.0,325100.0
1701,2021-10-18 02:49:33,38500.0,100.0,324900.0
1702,2021-10-18 02:49:32,38600.0,200.0,324800.0
1703,2021-10-18 02:49:32,38600.0,500.0,324600.0
1704,2021-10-18 02:49:32,38600.0,500.0,324100.0
1705,2021-10-18 02:49:32,38600.0,1800.0,323600.0
1706,2021-10-18 02:49:04,38500.0,900.0,321800.0
1707,2021-10-18 02:49:04,38500.0,100.0,320900.0
1708,2021-10-18 02:48:57,38600.0,1000.0,320800.0
1709,2021-10-18 02:48:35,38600.0,5000.0,319800.0
1710,2021-10-18 02:48:33,38600.0,500.0,314800.0
1711,2021-10-18 02:48:17,38600.0,1000.0,314300.0
1712,2021-10-18 02:48:15,38500.0,900.0,313300.0
1713,2021-10-18 02:48:09,38600.0,100.0,312400.0
1714,2021-10-18 02:48:09,38600.0,100.0,312300.0
1715,2021-10-18 02:48:04,38500.0,1700.0,312200.0
1716,2021-10-18 02:47:44,38600.0,100.0,310500.0
1717,2021-10-18 02:46:58,38600.0,400.0,310400.0
1718,2021-10-18 02:46:58,38600.0,200.0,310000.0
1719,2021-10-18 02:46:29,38500.0,100.0,309800.0
1720,2021-10-18 02:46:20,38500.0,3200.0,309700.0
1721,2021-10-18 02:46:20,38500.0,100.0,306500.0
1722,2021-10-18 02:46:20,38500.0,1000.0,306400.0
1723,2021-10-18 02:46:20,38500.0,300.0,305400.0
1724,2021-10-18 02:46:20,38500.0,100.0,305100.0
1725,2021-10-18 02:46:20,38500.0,100.0,305000.0
1726,2021-10-18 02:46:20,38500.0,200.0,304900.0
1727,2021-10-18 02:45:51,38500.0,100.0,304700.0
1728,2021-10-18 02:45:12,38500.0,200.0,304600.0
1729,2021-10-18 02:45:10,38500.0,100.0,304400.0
1730,2021-10-18 02:44:35,38500.0,100.0,304300.0
1731,2021-10-18 02:44:23,38500.0,400.0,304200.0
1732,2021-10-18 02:44:23,38500.0,1000.0,303800.0
1733,2021-10-18 02:44:23,38500.0,100.0,302800.0
1734,2021-10-18 02:44:23,38500.0,500.0,302700.0
1735,2021-10-18 02:44:02,38500.0,2000.0,302200.0
1736,2021-10-18 02:43:47,38500.0,3900.0,300200.0
1737,2021-10-18 02:43:45,38500.0,200.0,296300.0
1738,2021-10-18 02:43:45,38500.0,100.0,296100.0
1739,2021-10-18 02:43:45,38500.0,300.0,296000.0
1740,2021-10-18 02:43:45,38500.0,200.0,295700.0
1741,2021-10-18 02:43:45,38500.0,5200.0,295500.0
1742,2021-10-18 02:43:44,38500.0,300.0,290300.0
1743,2021-10-18 02:43:39,38500.0,2000.0,290000.0
1744,2021-10-18 02:43:39,38500.0,2500.0,288000.0
1745,2021-10-18 02:43:39,38500.0,2500.0,285500.0
1746,2021-10-18 02:43:35,38500.0,500.0,283000.0
1747,2021-10-18 02:43:08,38500.0,1000.0,282500.0
1748,2021-10-18 02:43:08,38500.0,3600.0,281500.0
1749,2021-10-18 02:43:01,38500.0,500.0,277900.0
1750,2021-10-18 02:42:58,38500.0,1000.0,277400.0
1751,2021-10-18 02:42:57,38500.0,500.0,276400.0
1752,2021-10-18 02:42:53,38500.0,400.0,275900.0
1753,2021-10-18 02:42:53,38500.0,2000.0,275500.0
1754,2021-10-18 02:42:53,38500.0,300.0,273500.0
1755,2021-10-18 02:42:53,38500.0,100.0,273200.0
1756,2021-10-18 02:42:53,38500.0,3700.0,273100.0
1757,2021-10-18 02:42:20,38500.0,300.0,269400.0
1758,2021-10-18 02:42:20,38500.0,500.0,269100.0
1759,2021-10-18 02:42:20,38500.0,500.0,268600.0
1760,2021-10-18 02:42:20,38500.0,500.0,268100.0
1761,2021-10-18 02:42:20,38500.0,200.0,267600.0
1762,2021-10-18 02:42:08,38500.0,200.0,267400.0
1763,2021-10-18 02:41:54,38500.0,2000.0,267200.0
1764,2021-10-18 02:40:36,38450.0,100.0,265200.0
1765,2021-10-18 02:40:28,38450.0,900.0,265100.0
1766,2021-10-18 02:40:28,38450.0,100.0,264200.0
1767,2021-10-18 02:39:47,38450.0,100.0,264100.0
1768,2021-10-18 02:39:33,38450.0,100.0,264000.0
1769,2021-10-18 02:39:27,38450.0,500.0,263900.0
1770,2021-10-18 02:39:25,38450.0,200.0,263400.0
1771,2021-10-18 02:39:19,38500.0,300.0,263200.0
1772,2021-10-18 02:39:16,38500.0,100.0,262900.0
1773,2021-10-18 02:39:14,38500.0,300.0,262800.0
1774,2021-10-18 02:39:04,38500.0,5000.0,262500.0
1775,2021-10-18 02:38:58,38500.0,1900.0,257500.0
1776,2021-10-18 02:38:58,38500.0,200.0,255600.0
1777,2021-10-18 02:38:58,38500.0,4200.0,255400.0
1778,2021-10-18 02:38:53,38500.0,200.0,251200.0
1779,2021-10-18 02:38:47,38500.0,600.0,251000.0
1780,2021-10-18 02:38:47,38500.0,100.0,250400.0
1781,2021-10-18 02:38:47,38500.0,500.0,250300.0
1782,2021-10-18 02:38:47,38500.0,100.0,249800.0
1783,2021-10-18 02:38:40,38500.0,100.0,249700.0
1784,2021-10-18 02:38:40,38500.0,100.0,249600.0
1785,2021-10-18 02:38:40,38500.0,200.0,249500.0
1786,2021-10-18 02:38:40,38500.0,700.0,249300.0
1787,2021-10-18 02:38:40,38500.0,200.0,248600.0
1788,2021-10-18 02:38:40,38500.0,100.0,248400.0
1789,2021-10-18 02:38:40,38500.0,100.0,248300.0
1790,2021-10-18 02:38:40,38500.0,200.0,248200.0
1791,2021-10-18 02:38:40,38500.0,100.0,248000.0
1792,2021-10-18 02:38:40,38500.0,100.0,247900.0
1793,2021-10-18 02:38:40,38500.0,100.0,247800.0
1794,2021-10-18 02:38:40,38500.0,1000.0,247700.0
1795,2021-10-18 02:38:28,38500.0,300.0,246700.0
1796,2021-10-18 02:38:27,38500.0,1000.0,246400.0
1797,2021-10-18 02:38:22,38500.0,1000.0,245400.0
1798,2021-10-18 02:38:12,38500.0,2000.0,244400.0
1799,2021-10-18 02:38:11,38500.0,500.0,242400.0
1800,2021-10-18 02:37:38,38500.0,900.0,241900.0
1801,2021-10-18 02:37:38,38450.0,1200.0,241000.0
1802,2021-10-18 02:37:09,38450.0,300.0,239800.0
1803,2021-10-18 02:37:02,38450.0,300.0,239500.0
1804,2021-10-18 02:37:02,38450.0,1400.0,239200.0
1805,2021-10-18 02:37:02,38450.0,300.0,237800.0
1806,2021-10-18 02:36:23,38400.0,100.0,237500.0
1807,2021-10-18 02:36:10,38400.0,100.0,237400.0
1808,2021-10-18 02:36:10,38400.0,900.0,237300.0
1809,2021-10-18 02:36:10,38400.0,100.0,236400.0
1810,2021-10-18 02:36:10,38400.0,4900.0,236300.0
1811,2021-10-18 02:35:52,38400.0,1100.0,231400.0
1812,2021-10-18 02:35:52,38400.0,400.0,230300.0
1813,2021-10-18 02:35:52,38400.0,100.0,229900.0
1814,2021-10-18 02:35:52,38400.0,1400.0,229800.0
1815,2021-10-18 02:35:13,38400.0,100.0,228400.0
1816,2021-10-18 02:35:07,38400.0,100.0,228300.0
1817,2021-10-18 02:35:03,38400.0,100.0,228200.0
1818,2021-10-18 02:34:49,38400.0,900.0,228100.0
1819,2021-10-18 02:34:49,38400.0,200.0,227200.0
1820,2021-10-18 02:34:49,38400.0,200.0,227000.0
1821,2021-10-18 02:34:43,38400.0,100.0,226800.0
1822,2021-10-18 02:34:36,38400.0,100.0,226700.0
1823,2021-10-18 02:34:25,38300.0,3700.0,226600.0
1824,2021-10-18 02:34:25,38300.0,200.0,222900.0
1825,2021-10-18 02:34:25,38300.0,600.0,222700.0
1826,2021-10-18 02:34:25,38300.0,200.0,222100.0
1827,2021-10-18 02:34:25,38300.0,300.0,221900.0
1828,2021-10-18 02:34:21,38300.0,100.0,221600.0
1829,2021-10-18 02:33:34,38300.0,300.0,221500.0
1830,2021-10-18 02:33:34,38300.0,100.0,221200.0
1831,2021-10-18 02:33:34,38300.0,100.0,221100.0
1832,2021-10-18 02:33:24,38300.0,300.0,221000.0
1833,2021-10-18 02:32:29,38300.0,500.0,220700.0
1834,2021-10-18 02:32:19,38300.0,100.0,220200.0
1835,2021-10-18 02:32:15,38300.0,100.0,220100.0
1836,2021-10-18 02:32:15,38300.0,200.0,220000.0
1837,2021-10-18 02:32:15,38300.0,1700.0,219800.0
1838,2021-10-18 02:31:41,38300.0,100.0,218100.0
1839,2021-10-18 02:31:38,38300.0,200.0,218000.0
1840,2021-10-18 02:31:17,38300.0,100.0,217800.0
1841,2021-10-18 02:30:52,38450.0,5000.0,217700.0
1842,2021-10-18 02:30:47,38450.0,500.0,212700.0
1843,2021-10-18 02:30:39,38500.0,1500.0,212200.0
1844,2021-10-18 02:30:39,38000.0,700.0,210700.0
1845,2021-10-18 02:30:38,38000.0,700.0,210000.0
1846,2021-10-18 02:30:38,38000.0,500.0,209300.0
1847,2021-10-18 02:30:38,38000.0,200.0,208800.0
1848,2021-10-18 02:30:38,38000.0,1800.0,208600.0
1849,2021-10-18 02:30:38,38000.0,200.0,206800.0
1850,2021-10-18 02:30:38,38000.0,700.0,206600.0
1851,2021-10-18 02:30:38,38000.0,200.0,205900.0
1852,2021-10-18 02:30:38,38000.0,1000.0,205700.0
1853,2021-10-18 02:30:38,38000.0,300.0,204700.0
1854,2021-10-18 02:30:38,38000.0,500.0,204400.0
1855,2021-10-18 02:30:38,38000.0,200.0,203900.0
1856,2021-10-18 02:30:38,38000.0,4900.0,203700.0
1857,2021-10-18 02:30:38,38000.0,100.0,198800.0
1858,2021-10-18 02:30:38,38000.0,500.0,198700.0
1859,2021-10-18 02:30:38,38000.0,2500.0,198200.0
1860,2021-10-18 02:30:38,38200.0,100.0,195700.0
1861,2021-10-18 02:30:38,38200.0,100.0,195600.0
1862,2021-10-18 02:30:38,38200.0,10000.0,195500.0
1863,2021-10-18 02:30:38,38200.0,200.0,185500.0
1864,2021-10-18 02:30:38,38200.0,100.0,185300.0
1865,2021-10-18 02:30:38,38200.0,4000.0,185200.0
1866,2021-10-18 02:30:38,38300.0,200.0,181200.0
1867,2021-10-18 02:30:38,38300.0,100.0,181000.0
1868,2021-10-18 02:30:38,38300.0,100.0,180900.0
1869,2021-10-18 02:30:38,38300.0,200.0,180800.0
1870,2021-10-18 02:30:38,38300.0,100.0,180600.0
1871,2021-10-18 02:30:38,38300.0,100.0,180500.0
1872,2021-10-18 02:30:38,38400.0,3000.0,180400.0
1873,2021-10-18 02:30:38,38400.0,4800.0,177400.0
1874,2021-10-18 02:30:38,38450.0,2000.0,172600.0
1875,2021-10-18 02:30:31,38500.0,200.0,170600.0
1876,2021-10-18 02:30:30,38500.0,100.0,170400.0
1877,2021-10-18 02:30:15,38500.0,1500.0,170300.0
1878,2021-10-18 02:30:15,38500.0,100.0,168800.0
1879,2021-10-18 02:30:15,38500.0,800.0,168700.0
1880,2021-10-18 02:30:15,38500.0,200.0,167900.0
1881,2021-10-18 02:30:11,38500.0,300.0,167700.0
1882,2021-10-18 02:30:05,38450.0,400.0,167400.0
1883,2021-10-18 02:30:05,38450.0,100.0,167000.0
1884,2021-10-18 02:30:00,38450.0,100.0,166900.0
1885,2021-10-18 02:29:48,38450.0,300.0,166800.0
1886,2021-10-18 02:29:38,38400.0,100.0,166500.0
1887,2021-10-18 02:29:37,38450.0,200.0,166400.0
1888,2021-10-18 02:29:31,38400.0,100.0,166200.0
1889,2021-10-18 02:28:42,38400.0,500.0,166100.0
1890,2021-10-18 02:28:42,38400.0,100.0,165600.0
1891,2021-10-18 02:28:42,38400.0,2000.0,165500.0
1892,2021-10-18 02:28:42,38400.0,4800.0,163500.0
1893,2021-10-18 02:28:34,38400.0,5200.0,158700.0
1894,2021-10-18 02:28:34,38350.0,200.0,153500.0
1895,2021-10-18 02:28:34,38350.0,100.0,153300.0
1896,2021-10-18 02:28:34,38350.0,500.0,153200.0
1897,2021-10-18 02:28:30,38350.0,200.0,152700.0
1898,2021-10-18 02:28:25,38350.0,1000.0,152500.0
1899,2021-10-18 02:28:17,38350.0,500.0,151500.0
1900,2021-10-18 02:28:11,38350.0,500.0,151000.0
1901,2021-10-18 02:28:02,38350.0,100.0,150500.0
1902,2021-10-18 02:27:57,38300.0,100.0,150400.0
1903,2021-10-18 02:27:44,38350.0,200.0,150300.0
1904,2021-10-18 02:27:41,38300.0,200.0,150100.0
1905,2021-10-18 02:27:41,38300.0,200.0,149900.0
1906,2021-10-18 02:27:41,38300.0,400.0,149700.0
1907,2021-10-18 02:27:34,38300.0,100.0,149300.0
1908,2021-10-18 02:27:34,38300.0,400.0,149200.0
1909,2021-10-18 02:27:34,38300.0,2600.0,148800.0
1910,2021-10-18 02:27:34,38300.0,2400.0,146200.0
1911,2021-10-18 02:27:31,38300.0,1000.0,143800.0
1912,2021-10-18 02:27:29,38300.0,300.0,142800.0
1913,2021-10-18 02:27:27,38300.0,100.0,142500.0
1914,2021-10-18 02:27:11,38300.0,1200.0,142400.0
1915,2021-10-18 02:27:11,38300.0,100.0,141200.0
1916,2021-10-18 02:27:11,38300.0,3700.0,141100.0
1917,2021-10-18 02:26:41,38300.0,1000.0,137400.0
1918,2021-10-18 02:26:41,38300.0,1500.0,136400.0
1919,2021-10-18 02:26:32,38200.0,200.0,134900.0
1920,2021-10-18 02:26:28,38200.0,1000.0,134700.0
1921,2021-10-18 02:26:06,38200.0,500.0,133700.0
1922,2021-10-18 02:25:57,38200.0,300.0,133200.0
1923,2021-10-18 02:25:49,38200.0,700.0,132900.0
1924,2021-10-18 02:25:49,38200.0,800.0,132200.0
1925,2021-10-18 02:25:49,38200.0,2500.0,131400.0
1926,2021-10-18 02:25:39,38000.0,500.0,128900.0
1927,2021-10-18 02:25:39,38000.0,500.0,128400.0
1928,2021-10-18 02:25:39,38000.0,2000.0,127900.0
1929,2021-10-18 02:25:39,38000.0,100.0,125900.0
1930,2021-10-18 02:25:39,38000.0,100.0,125800.0
1931,2021-10-18 02:25:39,38000.0,500.0,125700.0
1932,2021-10-18 02:25:39,38000.0,500.0,125200.0
1933,2021-10-18 02:25:39,38000.0,500.0,124700.0
1934,2021-10-18 02:25:39,38000.0,500.0,124200.0
1935,2021-10-18 02:25:39,38000.0,3000.0,123700.0
1936,2021-10-18 02:25:39,38000.0,100.0,120700.0
1937,2021-10-18 02:25:39,38000.0,1000.0,120600.0
1938,2021-10-18 02:25:39,38000.0,2000.0,119600.0
1939,2021-10-18 02:25:39,38000.0,100.0,117600.0
1940,2021-10-18 02:25:39,38000.0,1000.0,117500.0
1941,2021-10-18 02:25:39,38000.0,3200.0,116500.0
1942,2021-10-18 02:25:39,38100.0,2000.0,113300.0
1943,2021-10-18 02:25:39,38100.0,500.0,111300.0
1944,2021-10-18 02:25:32,38200.0,500.0,110800.0
1945,2021-10-18 02:25:05,38200.0,200.0,110300.0
1946,2021-10-18 02:25:05,38200.0,200.0,110100.0
1947,2021-10-18 02:25:05,38200.0,100.0,109900.0
1948,2021-10-18 02:25:05,38200.0,500.0,109800.0
1949,2021-10-18 02:25:05,38200.0,200.0,109300.0
1950,2021-10-18 02:25:05,38200.0,100.0,109100.0
1951,2021-10-18 02:25:05,38200.0,700.0,109000.0
1952,2021-10-18 02:24:48,38200.0,300.0,108300.0
1953,2021-10-18 02:24:48,38200.0,300.0,108000.0
1954,2021-10-18 02:24:40,38200.0,100.0,107700.0
1955,2021-10-18 02:24:36,38200.0,200.0,107600.0
1956,2021-10-18 02:24:32,38200.0,100.0,107400.0
1957,2021-10-18 02:24:32,38200.0,100.0,107300.0
1958,2021-10-18 02:24:04,38200.0,200.0,107200.0
1959,2021-10-18 02:23:36,38200.0,100.0,107000.0
1960,2021-10-18 02:23:18,38200.0,500.0,106900.0
1961,2021-10-18 02:23:13,38200.0,300.0,106400.0
1962,2021-10-18 02:23:11,38200.0,300.0,106100.0
1963,2021-10-18 02:23:00,38200.0,200.0,105800.0
1964,2021-10-18 02:22:44,38200.0,100.0,105600.0
1965,2021-10-18 02:22:30,38200.0,600.0,105500.0
1966,2021-10-18 02:22:30,38200.0,400.0,104900.0
1967,2021-10-18 02:22:21,38200.0,100.0,104500.0
1968,2021-10-18 02:22:19,38200.0,2000.0,104400.0
1969,2021-10-18 02:22:10,38200.0,1000.0,102400.0
1970,2021-10-18 02:22:06,38200.0,1900.0,101400.0
1971,2021-10-18 02:22:06,38200.0,100.0,99500.0
1972,2021-10-18 02:21:54,38200.0,100.0,99400.0
1973,2021-10-18 02:21:39,38000.0,300.0,99300.0
1974,2021-10-18 02:21:39,38250.0,200.0,99000.0
1975,2021-10-18 02:21:27,38000.0,100.0,98800.0
1976,2021-10-18 02:21:23,38000.0,200.0,98700.0
1977,2021-10-18 02:21:16,38000.0,200.0,98500.0
1978,2021-10-18 02:21:14,37900.0,100.0,98300.0
1979,2021-10-18 02:21:09,37900.0,100.0,98200.0
1980,2021-10-18 02:21:05,38000.0,4000.0,98100.0
1981,2021-10-18 02:20:52,38000.0,100.0,94100.0
1982,2021-10-18 02:20:43,38000.0,500.0,94000.0
1983,2021-10-18 02:20:42,38000.0,200.0,93500.0
1984,2021-10-18 02:20:42,38000.0,200.0,93300.0
1985,2021-10-18 02:20:42,38000.0,1000.0,93100.0
1986,2021-10-18 02:20:42,38000.0,500.0,92100.0
1987,2021-10-18 02:20:42,38000.0,500.0,91600.0
1988,2021-10-18 02:20:42,38000.0,100.0,91100.0
1989,2021-10-18 02:20:42,38000.0,2000.0,91000.0
1990,2021-10-18 02:20:42,38000.0,100.0,89000.0
1991,2021-10-18 02:20:42,38000.0,2000.0,88900.0
1992,2021-10-18 02:20:42,38000.0,100.0,86900.0
1993,2021-10-18 02:20:42,38000.0,5000.0,86800.0
1994,2021-10-18 02:20:42,38000.0,500.0,81800.0
1995,2021-10-18 02:20:42,38100.0,200.0,81300.0
1996,2021-10-18 02:20:42,38100.0,100.0,81100.0
1997,2021-10-18 02:20:42,38100.0,1000.0,81000.0
1998,2021-10-18 02:20:42,38100.0,2000.0,80000.0
1999,2021-10-18 02:20:42,38100.0,100.0,78000.0
2000,2021-10-18 02:20:42,38100.0,100.0,77900.0
2001,2021-10-18 02:20:42,38100.0,200.0,77800.0
2002,2021-10-18 02:20:42,38200.0,100.0,77600.0
2003,2021-10-18 02:20:42,38200.0,19300.0,77500.0
2004,2021-10-18 02:20:40,38300.0,500.0,58200.0
2005,2021-10-18 02:20:40,38300.0,200.0,57700.0
2006,2021-10-18 02:20:40,38300.0,1200.0,57500.0
2007,2021-10-18 02:20:40,38300.0,100.0,56300.0
2008,2021-10-18 02:20:40,38300.0,200.0,56200.0
2009,2021-10-18 02:20:40,38300.0,400.0,56000.0
2010,2021-10-18 02:20:40,38300.0,300.0,55600.0
2011,2021-10-18 02:20:40,38300.0,200.0,55300.0
2012,2021-10-18 02:20:40,38300.0,2400.0,55100.0
2013,2021-10-18 02:20:37,38300.0,400.0,52700.0
2014,2021-10-18 02:20:27,38300.0,200.0,52300.0
2015,2021-10-18 02:20:27,38300.0,1300.0,52100.0
2016,2021-10-18 02:20:01,38300.0,800.0,50800.0
2017,2021-10-18 02:19:56,38200.0,3700.0,50000.0
2018,2021-10-18 02:19:54,38200.0,100.0,46300.0
2019,2021-10-18 02:19:54,38200.0,100.0,46200.0
2020,2021-10-18 02:19:54,38200.0,100.0,46100.0
2021,2021-10-18 02:19:45,38300.0,400.0,46000.0
2022,2021-10-18 02:19:44,38200.0,100.0,45600.0
2023,2021-10-18 02:19:16,38100.0,100.0,45500.0
2024,2021-10-18 02:19:16,38100.0,500.0,45400.0
2025,2021-10-18 02:19:16,38100.0,1200.0,44900.0
2026,2021-10-18 02:19:16,38100.0,300.0,43700.0
2027,2021-10-18 02:19:16,38200.0,300.0,43400.0
2028,2021-10-18 02:19:16,38200.0,100.0,43100.0
2029,2021-10-18 02:19:13,38300.0,1000.0,43000.0
2030,2021-10-18 02:18:59,38300.0,100.0,42000.0
2031,2021-10-18 02:18:46,38300.0,1400.0,41900.0
2032,2021-10-18 02:18:46,38300.0,200.0,40500.0
2033,2021-10-18 02:18:23,38300.0,200.0,40300.0
2034,2021-10-18 02:18:20,38300.0,100.0,40100.0
2035,2021-10-18 02:18:01,38300.0,100.0,40000.0
2036,2021-10-18 02:17:55,38200.0,100.0,39900.0
2037,2021-10-18 02:17:55,38200.0,100.0,39800.0
2038,2021-10-18 02:17:25,38300.0,1100.0,39700.0
2039,2021-10-18 02:17:16,38200.0,100.0,38600.0
2040,2021-10-18 02:17:16,38200.0,800.0,38500.0
2041,2021-10-18 02:17:15,38300.0,500.0,37700.0
2042,2021-10-18 02:16:20,38300.0,300.0,37200.0
2043,2021-10-18 02:16:20,38300.0,100.0,36900.0
2044,2021-10-18 02:16:20,38300.0,300.0,36800.0
2045,2021-10-18 02:16:20,38300.0,900.0,36500.0
2046,2021-10-18 02:16:20,38300.0,100.0,35600.0
2047,2021-10-18 02:16:20,38300.0,500.0,35500.0
2048,2021-10-18 02:16:20,38300.0,2500.0,35000.0
2049,2021-10-18 02:16:20,38300.0,100.0,32500.0
2050,2021-10-18 02:16:20,38300.0,300.0,32400.0
2051,2021-10-18 02:16:20,38300.0,100.0,32100.0
2052,2021-10-18 02:16:00,38300.0,5000.0,32000.0
2053,2021-10-18 02:15:30,38300.0,2200.0,27000.0
2054,2021-10-18 02:15:01,38300.0,3300.0,24800.0
2055,2021-10-18 02:15:01,38300.0,1700.0,21500.0
2056,2021-10-18 02:15:01,38300.0,600.0,19800.0
2057,2021-10-18 02:15:01,38300.0,1000.0,19200.0
2058,2021-10-18 02:15:01,38300.0,100.0,18200.0
2059,2021-10-18 02:15:01,38300.0,100.0,18100.0
2060,2021-10-18 02:15:01,38300.0,200.0,18000.0
2061,2021-10-18 02:15:01,38300.0,800.0,17800.0
2062,2021-10-18 02:15:01,38300.0,9100.0,17000.0
2063,2021-10-18 02:15:01,38300.0,200.0,7900.0
2064,2021-10-18 02:15:01,38300.0,500.0,7700.0
2065,2021-10-18 02:15:01,38300.0,200.0,7200.0
2066,2021-10-18 02:15:01,38300.0,100.0,7000.0
2067,2021-10-18 02:15:01,38300.0,100.0,6900.0
2068,2021-10-18 02:15:01,38300.0,600.0,6800.0
2069,2021-10-18 02:15:01,38300.0,200.0,6200.0
2070,2021-10-18 02:15:01,38300.0,200.0,6000.0
2071,2021-10-18 02:15:01,38300.0,1500.0,5800.0
2072,2021-10-18 02:15:01,38300.0,1000.0,4300.0
2073,2021-10-18 02:15:01,38300.0,1000.0,3300.0
2074,2021-10-18 02:15:01,38300.0,100.0,2300.0
2075,2021-10-18 02:15:01,38300.0,200.0,2200.0
2076,2021-10-18 02:15:01,38300.0,500.0,2000.0
