,Time,Price,Volume_per_trade,Volume
0,2021-10-20 07:45:01,39650.0,500.0,2962900.0
1,2021-10-20 07:45:01,39650.0,1000.0,2962400.0
2,2021-10-20 07:45:01,39650.0,500.0,2961400.0
3,2021-10-20 07:45:01,39650.0,200.0,2960900.0
4,2021-10-20 07:45:01,39650.0,500.0,2960700.0
5,2021-10-20 07:45:01,39650.0,400.0,2960200.0
6,2021-10-20 07:45:01,39650.0,100.0,2959800.0
7,2021-10-20 07:45:01,39650.0,300.0,2959700.0
8,2021-10-20 07:45:01,39650.0,300.0,2959400.0
9,2021-10-20 07:45:01,39650.0,1000.0,2959100.0
10,2021-10-20 07:45:01,39650.0,300.0,2958100.0
11,2021-10-20 07:45:01,39650.0,200.0,2957800.0
12,2021-10-20 07:45:01,39650.0,2000.0,2957600.0
13,2021-10-20 07:45:01,39650.0,700.0,2955600.0
14,2021-10-20 07:45:01,39650.0,800.0,2954900.0
15,2021-10-20 07:45:01,39650.0,200.0,2954100.0
16,2021-10-20 07:45:01,39650.0,1000.0,2953900.0
17,2021-10-20 07:45:01,39650.0,100.0,2952900.0
18,2021-10-20 07:45:01,39650.0,700.0,2952800.0
19,2021-10-20 07:45:01,39650.0,100.0,2952100.0
20,2021-10-20 07:45:01,39650.0,100.0,2952000.0
21,2021-10-20 07:45:01,39650.0,100.0,2951900.0
22,2021-10-20 07:45:01,39650.0,100.0,2951800.0
23,2021-10-20 07:45:01,39650.0,300.0,2951700.0
24,2021-10-20 07:45:01,39650.0,500.0,2951400.0
25,2021-10-20 07:45:01,39650.0,300.0,2950900.0
26,2021-10-20 07:45:01,39650.0,500.0,2950600.0
27,2021-10-20 07:45:01,39650.0,500.0,2950100.0
28,2021-10-20 07:45:01,39650.0,1700.0,2949600.0
29,2021-10-20 07:45:01,39650.0,300.0,2947900.0
30,2021-10-20 07:45:01,39650.0,400.0,2947600.0
31,2021-10-20 07:45:01,39650.0,100.0,2947200.0
32,2021-10-20 07:45:01,39650.0,500.0,2947100.0
33,2021-10-20 07:45:01,39650.0,500.0,2946600.0
34,2021-10-20 07:45:01,39650.0,100.0,2946100.0
35,2021-10-20 07:45:01,39650.0,700.0,2946000.0
36,2021-10-20 07:45:01,39650.0,700.0,2945300.0
37,2021-10-20 07:45:01,39650.0,300.0,2944600.0
38,2021-10-20 07:45:01,39650.0,100.0,2944300.0
39,2021-10-20 07:45:01,39650.0,3500.0,2944200.0
40,2021-10-20 07:45:01,39650.0,600.0,2940700.0
41,2021-10-20 07:45:01,39650.0,300.0,2940100.0
42,2021-10-20 07:45:01,39650.0,1500.0,2939800.0
43,2021-10-20 07:45:01,39650.0,600.0,2938300.0
44,2021-10-20 07:45:01,39650.0,200.0,2937700.0
45,2021-10-20 07:45:01,39650.0,100.0,2937500.0
46,2021-10-20 07:45:01,39650.0,300.0,2937400.0
47,2021-10-20 07:45:01,39650.0,200.0,2937100.0
48,2021-10-20 07:45:01,39650.0,1000.0,2936900.0
49,2021-10-20 07:45:01,39650.0,1300.0,2935900.0
50,2021-10-20 07:45:01,39650.0,300.0,2934600.0
51,2021-10-20 07:45:01,39650.0,100.0,2934300.0
52,2021-10-20 07:45:01,39650.0,1200.0,2934200.0
53,2021-10-20 07:45:01,39650.0,500.0,2933000.0
54,2021-10-20 07:45:01,39650.0,1000.0,2932500.0
55,2021-10-20 07:45:01,39650.0,600.0,2931500.0
56,2021-10-20 07:45:01,39650.0,500.0,2930900.0
57,2021-10-20 07:45:01,39650.0,100.0,2930400.0
58,2021-10-20 07:45:01,39650.0,500.0,2930300.0
59,2021-10-20 07:45:01,39650.0,100.0,2929800.0
60,2021-10-20 07:45:01,39650.0,1200.0,2929700.0
61,2021-10-20 07:45:01,39650.0,200.0,2928500.0
62,2021-10-20 07:45:01,39650.0,500.0,2928300.0
63,2021-10-20 07:45:01,39650.0,500.0,2927800.0
64,2021-10-20 07:45:01,39650.0,900.0,2927300.0
65,2021-10-20 07:45:01,39650.0,100.0,2926400.0
66,2021-10-20 07:45:01,39650.0,300.0,2926300.0
67,2021-10-20 07:45:01,39650.0,200.0,2926000.0
68,2021-10-20 07:45:01,39650.0,200.0,2925800.0
69,2021-10-20 07:45:01,39650.0,100.0,2925600.0
70,2021-10-20 07:29:57,39500.0,600.0,2925500.0
71,2021-10-20 07:29:56,39500.0,100.0,2924900.0
72,2021-10-20 07:29:51,39500.0,1500.0,2924800.0
73,2021-10-20 07:29:37,39500.0,200.0,2923300.0
74,2021-10-20 07:29:34,39500.0,100.0,2923100.0
75,2021-10-20 07:29:33,39500.0,1200.0,2923000.0
76,2021-10-20 07:29:20,39500.0,200.0,2921800.0
77,2021-10-20 07:29:20,39500.0,400.0,2921600.0
78,2021-10-20 07:29:09,39500.0,100.0,2921200.0
79,2021-10-20 07:29:09,39500.0,3000.0,2921100.0
80,2021-10-20 07:29:09,39500.0,700.0,2918100.0
81,2021-10-20 07:29:09,39500.0,200.0,2917400.0
82,2021-10-20 07:28:56,39500.0,600.0,2917200.0
83,2021-10-20 07:28:56,39500.0,200.0,2916600.0
84,2021-10-20 07:28:56,39500.0,200.0,2916400.0
85,2021-10-20 07:28:44,39300.0,1000.0,2916200.0
86,2021-10-20 07:28:00,39300.0,1000.0,2915200.0
87,2021-10-20 07:27:49,39300.0,400.0,2914200.0
88,2021-10-20 07:27:09,39250.0,1000.0,2913800.0
89,2021-10-20 07:27:09,39250.0,2000.0,2912800.0
90,2021-10-20 07:26:54,39250.0,100.0,2910800.0
91,2021-10-20 07:26:39,39250.0,1000.0,2910700.0
92,2021-10-20 07:26:39,39300.0,1000.0,2909700.0
93,2021-10-20 07:26:39,39300.0,100.0,2908700.0
94,2021-10-20 07:26:39,39300.0,100.0,2908600.0
95,2021-10-20 07:26:39,39300.0,700.0,2908500.0
96,2021-10-20 07:26:39,39400.0,1000.0,2907800.0
97,2021-10-20 07:26:39,39400.0,1000.0,2906800.0
98,2021-10-20 07:26:39,39400.0,400.0,2905800.0
99,2021-10-20 07:26:39,39450.0,1200.0,2905400.0
100,2021-10-20 07:26:39,39450.0,200.0,2904200.0
101,2021-10-20 07:26:39,39500.0,1200.0,2904000.0
102,2021-10-20 07:26:35,39500.0,100.0,2902800.0
103,2021-10-20 07:26:33,39500.0,100.0,2902700.0
104,2021-10-20 07:26:33,39500.0,500.0,2902600.0
105,2021-10-20 07:26:32,39500.0,500.0,2902100.0
106,2021-10-20 07:26:32,39500.0,200.0,2901600.0
107,2021-10-20 07:26:25,39500.0,400.0,2901400.0
108,2021-10-20 07:26:22,39500.0,100.0,2901000.0
109,2021-10-20 07:26:22,39500.0,300.0,2900900.0
110,2021-10-20 07:26:22,39500.0,100.0,2900600.0
111,2021-10-20 07:26:22,39500.0,200.0,2900500.0
112,2021-10-20 07:26:22,39500.0,200.0,2900300.0
113,2021-10-20 07:26:15,39500.0,300.0,2900100.0
114,2021-10-20 07:26:15,39500.0,500.0,2899800.0
115,2021-10-20 07:26:15,39500.0,300.0,2899300.0
116,2021-10-20 07:26:10,39500.0,200.0,2899000.0
117,2021-10-20 07:26:10,39500.0,4100.0,2898800.0
118,2021-10-20 07:26:10,39500.0,100.0,2894700.0
119,2021-10-20 07:26:10,39500.0,300.0,2894600.0
120,2021-10-20 07:26:10,39500.0,300.0,2894300.0
121,2021-10-20 07:26:02,39450.0,1700.0,2894000.0
122,2021-10-20 07:25:55,39450.0,400.0,2892300.0
123,2021-10-20 07:25:55,39450.0,500.0,2891900.0
124,2021-10-20 07:25:55,39450.0,300.0,2891400.0
125,2021-10-20 07:25:44,39400.0,500.0,2891100.0
126,2021-10-20 07:25:15,39300.0,100.0,2890600.0
127,2021-10-20 07:25:14,39250.0,100.0,2890500.0
128,2021-10-20 07:25:13,39250.0,300.0,2890400.0
129,2021-10-20 07:24:46,39200.0,700.0,2890100.0
130,2021-10-20 07:24:44,39200.0,500.0,2889400.0
131,2021-10-20 07:24:39,39200.0,500.0,2888900.0
132,2021-10-20 07:24:35,39200.0,1300.0,2888400.0
133,2021-10-20 07:24:33,39150.0,500.0,2887100.0
134,2021-10-20 07:24:17,39100.0,300.0,2886600.0
135,2021-10-20 07:24:14,39100.0,100.0,2886300.0
136,2021-10-20 07:24:13,39450.0,1200.0,2886200.0
137,2021-10-20 07:24:13,39450.0,1100.0,2885000.0
138,2021-10-20 07:24:13,39400.0,1200.0,2883900.0
139,2021-10-20 07:24:13,39300.0,200.0,2882700.0
140,2021-10-20 07:24:13,39300.0,1000.0,2882500.0
141,2021-10-20 07:24:13,39300.0,500.0,2881500.0
142,2021-10-20 07:24:13,39300.0,1000.0,2881000.0
143,2021-10-20 07:24:13,39300.0,100.0,2880000.0
144,2021-10-20 07:24:13,39300.0,500.0,2879900.0
145,2021-10-20 07:24:13,39300.0,1000.0,2879400.0
146,2021-10-20 07:24:13,39300.0,200.0,2878400.0
147,2021-10-20 07:24:13,39250.0,200.0,2878200.0
148,2021-10-20 07:24:13,39200.0,400.0,2878000.0
149,2021-10-20 07:24:13,39100.0,400.0,2877600.0
150,2021-10-20 07:24:10,39100.0,400.0,2877200.0
151,2021-10-20 07:24:10,39100.0,100.0,2876800.0
152,2021-10-20 07:24:08,39100.0,100.0,2876700.0
153,2021-10-20 07:24:07,39100.0,100.0,2876600.0
154,2021-10-20 07:24:07,39100.0,1400.0,2876500.0
155,2021-10-20 07:24:05,39100.0,500.0,2875100.0
156,2021-10-20 07:24:05,39100.0,100.0,2874600.0
157,2021-10-20 07:24:05,39100.0,200.0,2874500.0
158,2021-10-20 07:24:05,39100.0,700.0,2874300.0
159,2021-10-20 07:24:04,39100.0,300.0,2873600.0
160,2021-10-20 07:24:04,39100.0,200.0,2873300.0
161,2021-10-20 07:23:59,39100.0,200.0,2873100.0
162,2021-10-20 07:23:59,39100.0,1000.0,2872900.0
163,2021-10-20 07:23:59,39100.0,300.0,2871900.0
164,2021-10-20 07:23:57,39100.0,1000.0,2871600.0
165,2021-10-20 07:23:53,39100.0,100.0,2870600.0
166,2021-10-20 07:23:51,39100.0,800.0,2870500.0
167,2021-10-20 07:23:45,39100.0,300.0,2869700.0
168,2021-10-20 07:23:41,39050.0,300.0,2869400.0
169,2021-10-20 07:23:39,39050.0,1000.0,2869100.0
170,2021-10-20 07:23:26,39000.0,200.0,2868100.0
171,2021-10-20 07:23:23,39000.0,1000.0,2867900.0
172,2021-10-20 07:23:23,39000.0,300.0,2866900.0
173,2021-10-20 07:23:23,39000.0,100.0,2866600.0
174,2021-10-20 07:23:23,39000.0,500.0,2866500.0
175,2021-10-20 07:23:23,39000.0,2000.0,2866000.0
176,2021-10-20 07:23:23,39000.0,1000.0,2864000.0
177,2021-10-20 07:23:23,39000.0,3000.0,2863000.0
178,2021-10-20 07:23:23,39000.0,500.0,2860000.0
179,2021-10-20 07:23:23,39000.0,2000.0,2859500.0
180,2021-10-20 07:23:23,38900.0,2000.0,2857500.0
181,2021-10-20 07:23:23,38900.0,100.0,2855500.0
182,2021-10-20 07:23:23,38900.0,200.0,2855400.0
183,2021-10-20 07:23:23,38900.0,100.0,2855200.0
184,2021-10-20 07:23:15,38800.0,100.0,2855100.0
185,2021-10-20 07:23:15,38800.0,300.0,2855000.0
186,2021-10-20 07:23:07,38800.0,1300.0,2854700.0
187,2021-10-20 07:23:07,38800.0,500.0,2853400.0
188,2021-10-20 07:23:05,38700.0,600.0,2852900.0
189,2021-10-20 07:23:05,38700.0,2000.0,2852300.0
190,2021-10-20 07:23:03,38700.0,300.0,2850300.0
191,2021-10-20 07:23:01,38700.0,2200.0,2850000.0
192,2021-10-20 07:22:58,38700.0,500.0,2847800.0
193,2021-10-20 07:22:58,38700.0,1500.0,2847300.0
194,2021-10-20 07:22:56,38700.0,500.0,2845800.0
195,2021-10-20 07:22:55,38700.0,400.0,2845300.0
196,2021-10-20 07:22:52,38700.0,200.0,2844900.0
197,2021-10-20 07:22:49,38700.0,2400.0,2844700.0
198,2021-10-20 07:22:48,38700.0,300.0,2842300.0
199,2021-10-20 07:22:45,38700.0,100.0,2842000.0
200,2021-10-20 07:22:37,38700.0,1000.0,2841900.0
201,2021-10-20 07:22:37,38700.0,100.0,2840900.0
202,2021-10-20 07:22:37,38700.0,100.0,2840800.0
203,2021-10-20 07:22:37,38700.0,1000.0,2840700.0
204,2021-10-20 07:22:37,38700.0,100.0,2839700.0
205,2021-10-20 07:22:32,38700.0,500.0,2839600.0
206,2021-10-20 07:22:29,38700.0,600.0,2839100.0
207,2021-10-20 07:22:26,38650.0,300.0,2838500.0
208,2021-10-20 07:22:20,38700.0,400.0,2838200.0
209,2021-10-20 07:22:18,38700.0,200.0,2837800.0
210,2021-10-20 07:22:18,38700.0,1000.0,2837600.0
211,2021-10-20 07:22:13,38700.0,200.0,2836600.0
212,2021-10-20 07:22:11,38700.0,1000.0,2836400.0
213,2021-10-20 07:22:10,38600.0,100.0,2835400.0
214,2021-10-20 07:21:54,38600.0,5500.0,2835300.0
215,2021-10-20 07:21:54,38600.0,500.0,2829800.0
216,2021-10-20 07:21:54,38600.0,2000.0,2829300.0
217,2021-10-20 07:21:54,38600.0,500.0,2827300.0
218,2021-10-20 07:21:54,38600.0,200.0,2826800.0
219,2021-10-20 07:21:54,38600.0,100.0,2826600.0
220,2021-10-20 07:21:54,38600.0,2000.0,2826500.0
221,2021-10-20 07:21:54,38650.0,9000.0,2824500.0
222,2021-10-20 07:21:54,38650.0,500.0,2815500.0
223,2021-10-20 07:21:54,38650.0,10000.0,2815000.0
224,2021-10-20 07:21:54,38650.0,500.0,2805000.0
225,2021-10-20 07:21:54,38650.0,100.0,2804500.0
226,2021-10-20 07:21:54,38650.0,200.0,2804400.0
227,2021-10-20 07:21:54,38700.0,100.0,2804200.0
228,2021-10-20 07:21:54,38700.0,100.0,2804100.0
229,2021-10-20 07:21:54,38700.0,1000.0,2804000.0
230,2021-10-20 07:21:54,38700.0,100.0,2803000.0
231,2021-10-20 07:21:54,38700.0,200.0,2802900.0
232,2021-10-20 07:21:54,38700.0,2100.0,2802700.0
233,2021-10-20 07:21:54,38800.0,300.0,2800600.0
234,2021-10-20 07:21:54,38800.0,2000.0,2800300.0
235,2021-10-20 07:21:54,38800.0,2000.0,2798300.0
236,2021-10-20 07:21:54,38800.0,5200.0,2796300.0
237,2021-10-20 07:21:54,38850.0,800.0,2791100.0
238,2021-10-20 07:21:52,38850.0,900.0,2790300.0
239,2021-10-20 07:21:44,38850.0,1700.0,2789400.0
240,2021-10-20 07:21:44,38850.0,300.0,2787700.0
241,2021-10-20 07:21:39,38800.0,700.0,2787400.0
242,2021-10-20 07:21:33,38800.0,700.0,2786700.0
243,2021-10-20 07:21:33,38800.0,900.0,2786000.0
244,2021-10-20 07:21:28,38800.0,100.0,2785100.0
245,2021-10-20 07:21:25,38800.0,1000.0,2785000.0
246,2021-10-20 07:21:24,38800.0,2000.0,2784000.0
247,2021-10-20 07:21:23,38800.0,300.0,2782000.0
248,2021-10-20 07:21:20,38800.0,500.0,2781700.0
249,2021-10-20 07:21:18,38800.0,1000.0,2781200.0
250,2021-10-20 07:21:15,38800.0,100.0,2780200.0
251,2021-10-20 07:21:15,38800.0,6800.0,2780100.0
252,2021-10-20 07:21:15,38800.0,3000.0,2773300.0
253,2021-10-20 07:21:15,38800.0,14700.0,2770300.0
254,2021-10-20 07:21:15,38700.0,900.0,2755600.0
255,2021-10-20 07:21:15,38700.0,500.0,2754700.0
256,2021-10-20 07:21:15,38700.0,800.0,2754200.0
257,2021-10-20 07:21:15,38700.0,100.0,2753400.0
258,2021-10-20 07:21:15,38700.0,7700.0,2753300.0
259,2021-10-20 07:21:14,38700.0,1000.0,2745600.0
260,2021-10-20 07:21:11,38800.0,200.0,2744600.0
261,2021-10-20 07:21:10,38700.0,300.0,2744400.0
262,2021-10-20 07:21:10,38700.0,500.0,2744100.0
263,2021-10-20 07:21:10,38700.0,100.0,2743600.0
264,2021-10-20 07:21:10,38700.0,100.0,2743500.0
265,2021-10-20 07:21:10,38700.0,1000.0,2743400.0
266,2021-10-20 07:21:10,38700.0,500.0,2742400.0
267,2021-10-20 07:21:10,38700.0,100.0,2741900.0
268,2021-10-20 07:21:10,38700.0,300.0,2741800.0
269,2021-10-20 07:21:10,38700.0,1100.0,2741500.0
270,2021-10-20 07:21:06,38700.0,3000.0,2740400.0
271,2021-10-20 07:21:02,38700.0,1000.0,2737400.0
272,2021-10-20 07:21:02,38700.0,500.0,2736400.0
273,2021-10-20 07:20:53,38700.0,500.0,2735900.0
274,2021-10-20 07:20:52,38700.0,800.0,2735400.0
275,2021-10-20 07:20:52,38800.0,100.0,2734600.0
276,2021-10-20 07:20:52,38750.0,100.0,2734500.0
277,2021-10-20 07:20:51,38700.0,1300.0,2734400.0
278,2021-10-20 07:20:48,38700.0,200.0,2733100.0
279,2021-10-20 07:20:47,38700.0,100.0,2732900.0
280,2021-10-20 07:20:35,38700.0,800.0,2732800.0
281,2021-10-20 07:20:34,38800.0,1000.0,2732000.0
282,2021-10-20 07:20:33,38700.0,700.0,2731000.0
283,2021-10-20 07:20:33,38700.0,2200.0,2730300.0
284,2021-10-20 07:20:33,38700.0,3000.0,2728100.0
285,2021-10-20 07:20:32,38700.0,300.0,2725100.0
286,2021-10-20 07:20:32,38700.0,500.0,2724800.0
287,2021-10-20 07:20:31,38700.0,100.0,2724300.0
288,2021-10-20 07:20:27,38700.0,100.0,2724200.0
289,2021-10-20 07:20:26,38700.0,800.0,2724100.0
290,2021-10-20 07:20:23,38700.0,100.0,2723300.0
291,2021-10-20 07:20:23,38800.0,200.0,2723200.0
292,2021-10-20 07:20:23,38800.0,1200.0,2723000.0
293,2021-10-20 07:20:21,38700.0,500.0,2721800.0
294,2021-10-20 07:20:20,38700.0,300.0,2721300.0
295,2021-10-20 07:20:16,38700.0,1000.0,2721000.0
296,2021-10-20 07:20:08,38700.0,300.0,2720000.0
297,2021-10-20 07:20:06,38800.0,1000.0,2719700.0
298,2021-10-20 07:19:59,38800.0,800.0,2718700.0
299,2021-10-20 07:19:57,38850.0,500.0,2717900.0
300,2021-10-20 07:19:57,38700.0,200.0,2717400.0
301,2021-10-20 07:19:56,38700.0,20600.0,2717200.0
302,2021-10-20 07:19:56,38700.0,2000.0,2696600.0
303,2021-10-20 07:19:56,38750.0,10000.0,2694600.0
304,2021-10-20 07:19:56,38800.0,200.0,2684600.0
305,2021-10-20 07:19:56,38800.0,500.0,2684400.0
306,2021-10-20 07:19:56,38800.0,3000.0,2683900.0
307,2021-10-20 07:19:56,38800.0,200.0,2680900.0
308,2021-10-20 07:19:56,38800.0,200.0,2680700.0
309,2021-10-20 07:19:56,38800.0,100.0,2680500.0
310,2021-10-20 07:19:56,38800.0,500.0,2680400.0
311,2021-10-20 07:19:56,38800.0,2700.0,2679900.0
312,2021-10-20 07:19:53,38800.0,2300.0,2677200.0
313,2021-10-20 07:19:53,38800.0,500.0,2674900.0
314,2021-10-20 07:19:53,38800.0,10000.0,2674400.0
315,2021-10-20 07:19:53,38800.0,100.0,2664400.0
316,2021-10-20 07:19:53,38800.0,100.0,2664300.0
317,2021-10-20 07:19:52,38850.0,1000.0,2664200.0
318,2021-10-20 07:19:49,38800.0,500.0,2663200.0
319,2021-10-20 07:19:46,38850.0,1200.0,2662700.0
320,2021-10-20 07:19:42,38850.0,600.0,2661500.0
321,2021-10-20 07:19:41,38850.0,200.0,2660900.0
322,2021-10-20 07:19:41,38850.0,300.0,2660700.0
323,2021-10-20 07:19:41,38900.0,500.0,2660400.0
324,2021-10-20 07:19:41,38850.0,700.0,2659900.0
325,2021-10-20 07:19:34,38850.0,500.0,2659200.0
326,2021-10-20 07:19:34,38850.0,1000.0,2658700.0
327,2021-10-20 07:19:32,38900.0,500.0,2657700.0
328,2021-10-20 07:19:28,38850.0,800.0,2657200.0
329,2021-10-20 07:19:22,38900.0,3000.0,2656400.0
330,2021-10-20 07:19:22,38850.0,800.0,2653400.0
331,2021-10-20 07:19:22,38850.0,2000.0,2652600.0
332,2021-10-20 07:19:21,38850.0,2000.0,2650600.0
333,2021-10-20 07:19:20,38850.0,200.0,2648600.0
334,2021-10-20 07:19:18,38850.0,100.0,2648400.0
335,2021-10-20 07:19:16,38900.0,300.0,2648300.0
336,2021-10-20 07:19:15,38850.0,15000.0,2648000.0
337,2021-10-20 07:19:08,38850.0,8100.0,2633000.0
338,2021-10-20 07:19:04,38850.0,200.0,2624900.0
339,2021-10-20 07:19:04,38850.0,500.0,2624700.0
340,2021-10-20 07:19:04,38850.0,1200.0,2624200.0
341,2021-10-20 07:19:01,38900.0,2000.0,2623000.0
342,2021-10-20 07:18:57,38900.0,1200.0,2621000.0
343,2021-10-20 07:18:52,38900.0,100.0,2619800.0
344,2021-10-20 07:18:41,38850.0,200.0,2619700.0
345,2021-10-20 07:18:40,38900.0,200.0,2619500.0
346,2021-10-20 07:18:39,38850.0,100.0,2619300.0
347,2021-10-20 07:18:36,38850.0,500.0,2619200.0
348,2021-10-20 07:18:29,39000.0,2000.0,2618700.0
349,2021-10-20 07:18:29,38850.0,2800.0,2616700.0
350,2021-10-20 07:18:29,38900.0,100.0,2613900.0
351,2021-10-20 07:18:29,38900.0,100.0,2613800.0
352,2021-10-20 07:18:21,38850.0,5000.0,2613700.0
353,2021-10-20 07:18:20,38850.0,200.0,2608700.0
354,2021-10-20 07:18:20,38900.0,200.0,2608500.0
355,2021-10-20 07:18:11,38900.0,800.0,2608300.0
356,2021-10-20 07:18:11,38900.0,100.0,2607500.0
357,2021-10-20 07:18:11,38900.0,3000.0,2607400.0
358,2021-10-20 07:18:11,38900.0,100.0,2604400.0
359,2021-10-20 07:18:11,38900.0,200.0,2604300.0
360,2021-10-20 07:18:11,38900.0,100.0,2604100.0
361,2021-10-20 07:18:11,38900.0,200.0,2604000.0
362,2021-10-20 07:18:11,38950.0,100.0,2603800.0
363,2021-10-20 07:18:11,39000.0,500.0,2603700.0
364,2021-10-20 07:18:11,39000.0,2000.0,2603200.0
365,2021-10-20 07:18:11,39000.0,100.0,2601200.0
366,2021-10-20 07:18:11,39000.0,300.0,2601100.0
367,2021-10-20 07:18:11,39000.0,1800.0,2600800.0
368,2021-10-20 07:18:11,39000.0,1500.0,2599000.0
369,2021-10-20 07:18:11,39000.0,300.0,2597500.0
370,2021-10-20 07:18:11,39000.0,500.0,2597200.0
371,2021-10-20 07:18:11,39000.0,5000.0,2596700.0
372,2021-10-20 07:18:11,39000.0,1000.0,2591700.0
373,2021-10-20 07:18:11,39000.0,500.0,2590700.0
374,2021-10-20 07:18:11,39000.0,200.0,2590200.0
375,2021-10-20 07:18:11,39000.0,1000.0,2590000.0
376,2021-10-20 07:18:11,39000.0,5000.0,2589000.0
377,2021-10-20 07:18:11,39000.0,500.0,2584000.0
378,2021-10-20 07:18:11,39000.0,500.0,2583500.0
379,2021-10-20 07:18:11,39000.0,4700.0,2583000.0
380,2021-10-20 07:18:09,39000.0,300.0,2578300.0
381,2021-10-20 07:18:09,39000.0,500.0,2578000.0
382,2021-10-20 07:18:09,39000.0,500.0,2577500.0
383,2021-10-20 07:18:09,39000.0,200.0,2577000.0
384,2021-10-20 07:18:09,39000.0,500.0,2576800.0
385,2021-10-20 07:18:07,39000.0,400.0,2576300.0
386,2021-10-20 07:18:06,39000.0,400.0,2575900.0
387,2021-10-20 07:18:05,39000.0,700.0,2575500.0
388,2021-10-20 07:18:05,39000.0,200.0,2574800.0
389,2021-10-20 07:18:05,39000.0,200.0,2574600.0
390,2021-10-20 07:18:05,39000.0,200.0,2574400.0
391,2021-10-20 07:17:50,39000.0,100.0,2574200.0
392,2021-10-20 07:17:50,39000.0,100.0,2574100.0
393,2021-10-20 07:17:49,39000.0,400.0,2574000.0
394,2021-10-20 07:17:49,39000.0,500.0,2573600.0
395,2021-10-20 07:17:43,39000.0,400.0,2573100.0
396,2021-10-20 07:17:42,39100.0,500.0,2572700.0
397,2021-10-20 07:17:42,39100.0,100.0,2572200.0
398,2021-10-20 07:17:41,39000.0,100.0,2572100.0
399,2021-10-20 07:17:41,39000.0,1000.0,2572000.0
400,2021-10-20 07:17:41,39000.0,2000.0,2571000.0
401,2021-10-20 07:17:41,39000.0,300.0,2569000.0
402,2021-10-20 07:17:41,39000.0,100.0,2568700.0
403,2021-10-20 07:17:41,39000.0,5000.0,2568600.0
404,2021-10-20 07:17:41,39000.0,100.0,2563600.0
405,2021-10-20 07:17:41,39000.0,1400.0,2563500.0
406,2021-10-20 07:17:29,39000.0,400.0,2562100.0
407,2021-10-20 07:17:28,39100.0,900.0,2561700.0
408,2021-10-20 07:17:28,39100.0,1000.0,2560800.0
409,2021-10-20 07:17:28,39100.0,1000.0,2559800.0
410,2021-10-20 07:17:28,39100.0,500.0,2558800.0
411,2021-10-20 07:17:28,39100.0,1600.0,2558300.0
412,2021-10-20 07:17:26,39100.0,400.0,2556700.0
413,2021-10-20 07:17:26,39100.0,100.0,2556300.0
414,2021-10-20 07:17:23,39100.0,1000.0,2556200.0
415,2021-10-20 07:17:21,39000.0,200.0,2555200.0
416,2021-10-20 07:17:21,39000.0,100.0,2555000.0
417,2021-10-20 07:17:08,39000.0,500.0,2554900.0
418,2021-10-20 07:17:08,39000.0,1500.0,2554400.0
419,2021-10-20 07:17:04,39100.0,400.0,2552900.0
420,2021-10-20 07:17:04,39050.0,600.0,2552500.0
421,2021-10-20 07:17:04,39000.0,500.0,2551900.0
422,2021-10-20 07:17:01,39050.0,1000.0,2551400.0
423,2021-10-20 07:17:01,39050.0,200.0,2550400.0
424,2021-10-20 07:17:01,39050.0,100.0,2550200.0
425,2021-10-20 07:17:01,39050.0,100.0,2550100.0
426,2021-10-20 07:16:55,39100.0,100.0,2550000.0
427,2021-10-20 07:16:55,39100.0,1200.0,2549900.0
428,2021-10-20 07:16:55,39100.0,100.0,2548700.0
429,2021-10-20 07:16:55,39100.0,200.0,2548600.0
430,2021-10-20 07:16:55,39100.0,1000.0,2548400.0
431,2021-10-20 07:16:55,39100.0,100.0,2547400.0
432,2021-10-20 07:16:55,39100.0,200.0,2547300.0
433,2021-10-20 07:16:55,39100.0,800.0,2547100.0
434,2021-10-20 07:16:55,39100.0,200.0,2546300.0
435,2021-10-20 07:16:55,39100.0,2000.0,2546100.0
436,2021-10-20 07:16:55,39100.0,300.0,2544100.0
437,2021-10-20 07:16:55,39100.0,2300.0,2543800.0
438,2021-10-20 07:16:52,39100.0,2200.0,2541500.0
439,2021-10-20 07:16:52,39150.0,3000.0,2539300.0
440,2021-10-20 07:16:50,39100.0,200.0,2536300.0
441,2021-10-20 07:16:50,39100.0,5000.0,2536100.0
442,2021-10-20 07:16:48,39100.0,1500.0,2531100.0
443,2021-10-20 07:16:48,39150.0,200.0,2529600.0
444,2021-10-20 07:16:48,39150.0,2300.0,2529400.0
445,2021-10-20 07:16:46,39150.0,500.0,2527100.0
446,2021-10-20 07:16:46,39150.0,500.0,2526600.0
447,2021-10-20 07:16:46,39150.0,400.0,2526100.0
448,2021-10-20 07:16:38,39100.0,1000.0,2525700.0
449,2021-10-20 07:16:26,39150.0,2600.0,2524700.0
450,2021-10-20 07:16:26,39150.0,400.0,2522100.0
451,2021-10-20 07:16:18,39150.0,600.0,2521700.0
452,2021-10-20 07:16:16,39200.0,100.0,2521100.0
453,2021-10-20 07:16:13,39200.0,200.0,2521000.0
454,2021-10-20 07:16:12,39200.0,1800.0,2520800.0
455,2021-10-20 07:16:01,39200.0,500.0,2519000.0
456,2021-10-20 07:16:00,39200.0,800.0,2518500.0
457,2021-10-20 07:16:00,39200.0,500.0,2517700.0
458,2021-10-20 07:15:56,39100.0,800.0,2517200.0
459,2021-10-20 07:15:54,39200.0,100.0,2516400.0
460,2021-10-20 07:15:54,39200.0,500.0,2516300.0
461,2021-10-20 07:15:54,39200.0,200.0,2515800.0
462,2021-10-20 07:15:54,39150.0,200.0,2515600.0
463,2021-10-20 07:15:44,39200.0,800.0,2515400.0
464,2021-10-20 07:15:44,39200.0,1000.0,2514600.0
465,2021-10-20 07:15:44,39200.0,500.0,2513600.0
466,2021-10-20 07:15:44,39200.0,1000.0,2513100.0
467,2021-10-20 07:15:44,39200.0,1000.0,2512100.0
468,2021-10-20 07:15:44,39200.0,600.0,2511100.0
469,2021-10-20 07:15:44,39150.0,100.0,2510500.0
470,2021-10-20 07:15:34,39150.0,500.0,2510400.0
471,2021-10-20 07:15:32,39150.0,1000.0,2509900.0
472,2021-10-20 07:15:32,39150.0,100.0,2508900.0
473,2021-10-20 07:15:32,39150.0,400.0,2508800.0
474,2021-10-20 07:15:24,39150.0,100.0,2508400.0
475,2021-10-20 07:15:14,39200.0,200.0,2508300.0
476,2021-10-20 07:15:14,39200.0,100.0,2508100.0
477,2021-10-20 07:15:14,39200.0,500.0,2508000.0
478,2021-10-20 07:15:14,39200.0,100.0,2507500.0
479,2021-10-20 07:15:14,39200.0,200.0,2507400.0
480,2021-10-20 07:15:14,39200.0,300.0,2507200.0
481,2021-10-20 07:15:01,39200.0,100.0,2506900.0
482,2021-10-20 07:14:53,39250.0,1000.0,2506800.0
483,2021-10-20 07:14:53,39250.0,800.0,2505800.0
484,2021-10-20 07:14:49,39250.0,3600.0,2505000.0
485,2021-10-20 07:14:38,39250.0,3000.0,2501400.0
486,2021-10-20 07:14:33,39250.0,2000.0,2498400.0
487,2021-10-20 07:14:27,39300.0,1600.0,2496400.0
488,2021-10-20 07:14:27,39300.0,1000.0,2494800.0
489,2021-10-20 07:14:27,39300.0,200.0,2493800.0
490,2021-10-20 07:14:27,39300.0,1400.0,2493600.0
491,2021-10-20 07:14:27,39300.0,800.0,2492200.0
492,2021-10-20 07:14:24,39250.0,1000.0,2491400.0
493,2021-10-20 07:14:23,39250.0,800.0,2490400.0
494,2021-10-20 07:14:21,39250.0,4300.0,2489600.0
495,2021-10-20 07:14:14,39250.0,2000.0,2485300.0
496,2021-10-20 07:14:12,39250.0,1000.0,2483300.0
497,2021-10-20 07:14:10,39250.0,1000.0,2482300.0
498,2021-10-20 07:14:09,39250.0,500.0,2481300.0
499,2021-10-20 07:14:06,39300.0,3000.0,2480800.0
500,2021-10-20 07:13:46,39200.0,100.0,2477800.0
501,2021-10-20 07:13:46,39250.0,400.0,2477700.0
502,2021-10-20 07:13:14,39300.0,200.0,2477300.0
503,2021-10-20 07:13:14,39300.0,500.0,2477100.0
504,2021-10-20 07:13:14,39300.0,10000.0,2476600.0
505,2021-10-20 07:13:14,39300.0,10000.0,2466600.0
506,2021-10-20 07:13:14,39300.0,500.0,2456600.0
507,2021-10-20 07:13:11,39450.0,100.0,2456100.0
508,2021-10-20 07:13:03,39450.0,500.0,2456000.0
509,2021-10-20 07:12:38,39450.0,300.0,2455500.0
510,2021-10-20 07:12:37,39450.0,500.0,2455200.0
511,2021-10-20 07:12:36,39450.0,500.0,2454700.0
512,2021-10-20 07:12:35,39450.0,1000.0,2454200.0
513,2021-10-20 07:12:33,39450.0,500.0,2453200.0
514,2021-10-20 07:12:31,39450.0,5000.0,2452700.0
515,2021-10-20 07:12:29,39450.0,1000.0,2447700.0
516,2021-10-20 07:12:23,39450.0,800.0,2446700.0
517,2021-10-20 07:12:23,39400.0,5300.0,2445900.0
518,2021-10-20 07:12:23,39400.0,2800.0,2440600.0
519,2021-10-20 07:12:23,39400.0,100.0,2437800.0
520,2021-10-20 07:12:23,39400.0,100.0,2437700.0
521,2021-10-20 07:12:23,39400.0,200.0,2437600.0
522,2021-10-20 07:12:23,39400.0,1000.0,2437400.0
523,2021-10-20 07:12:23,39400.0,100.0,2436400.0
524,2021-10-20 07:12:23,39400.0,5000.0,2436300.0
525,2021-10-20 07:12:23,39400.0,400.0,2431300.0
526,2021-10-20 07:12:15,39450.0,100.0,2430900.0
527,2021-10-20 07:12:15,39450.0,100.0,2430800.0
528,2021-10-20 07:12:12,39450.0,1000.0,2430700.0
529,2021-10-20 07:12:09,39450.0,1000.0,2429700.0
530,2021-10-20 07:12:07,39450.0,1000.0,2428700.0
531,2021-10-20 07:12:06,39450.0,2500.0,2427700.0
532,2021-10-20 07:11:59,39450.0,700.0,2425200.0
533,2021-10-20 07:11:58,39450.0,3800.0,2424500.0
534,2021-10-20 07:11:58,39450.0,200.0,2420700.0
535,2021-10-20 07:11:56,39450.0,500.0,2420500.0
536,2021-10-20 07:11:48,39450.0,200.0,2420000.0
537,2021-10-20 07:11:47,39450.0,2000.0,2419800.0
538,2021-10-20 07:11:37,39450.0,500.0,2417800.0
539,2021-10-20 07:11:21,39450.0,2000.0,2417300.0
540,2021-10-20 07:10:34,39450.0,100.0,2415300.0
541,2021-10-20 07:10:33,39500.0,1400.0,2415200.0
542,2021-10-20 07:10:14,39450.0,4500.0,2413800.0
543,2021-10-20 07:10:14,39450.0,2000.0,2409300.0
544,2021-10-20 07:10:13,39450.0,200.0,2407300.0
545,2021-10-20 07:10:10,39500.0,1900.0,2407100.0
546,2021-10-20 07:10:05,39450.0,500.0,2405200.0
547,2021-10-20 07:09:50,39450.0,300.0,2404700.0
548,2021-10-20 07:09:34,39500.0,800.0,2404400.0
549,2021-10-20 07:09:13,39500.0,500.0,2403600.0
550,2021-10-20 07:09:13,39500.0,500.0,2403100.0
551,2021-10-20 07:09:13,39500.0,1000.0,2402600.0
552,2021-10-20 07:09:13,39500.0,500.0,2401600.0
553,2021-10-20 07:09:13,39500.0,300.0,2401100.0
554,2021-10-20 07:09:13,39500.0,100.0,2400800.0
555,2021-10-20 07:09:13,39500.0,100.0,2400700.0
556,2021-10-20 07:09:13,39500.0,100.0,2400600.0
557,2021-10-20 07:09:10,39500.0,2000.0,2400500.0
558,2021-10-20 07:09:07,39500.0,2900.0,2398500.0
559,2021-10-20 07:09:07,39500.0,100.0,2395600.0
560,2021-10-20 07:09:07,39500.0,3000.0,2395500.0
561,2021-10-20 07:08:53,39500.0,1500.0,2392500.0
562,2021-10-20 07:08:53,39500.0,1500.0,2391000.0
563,2021-10-20 07:08:53,39500.0,500.0,2389500.0
564,2021-10-20 07:08:53,39500.0,1500.0,2389000.0
565,2021-10-20 07:08:27,39500.0,100.0,2387500.0
566,2021-10-20 07:08:22,39500.0,1000.0,2387400.0
567,2021-10-20 07:07:55,39500.0,400.0,2386400.0
568,2021-10-20 07:07:55,39500.0,400.0,2386000.0
569,2021-10-20 07:07:49,39500.0,500.0,2385600.0
570,2021-10-20 07:07:22,39500.0,100.0,2385100.0
571,2021-10-20 07:07:04,39550.0,100.0,2385000.0
572,2021-10-20 07:07:04,39550.0,100.0,2384900.0
573,2021-10-20 07:07:04,39550.0,1000.0,2384800.0
574,2021-10-20 07:07:04,39550.0,1000.0,2383800.0
575,2021-10-20 07:07:04,39550.0,300.0,2382800.0
576,2021-10-20 07:06:47,39550.0,700.0,2382500.0
577,2021-10-20 07:06:47,39550.0,200.0,2381800.0
578,2021-10-20 07:06:47,39550.0,100.0,2381600.0
579,2021-10-20 07:06:25,39550.0,100.0,2381500.0
580,2021-10-20 07:05:44,39600.0,500.0,2381400.0
581,2021-10-20 07:05:35,39600.0,600.0,2380900.0
582,2021-10-20 07:04:44,39600.0,1000.0,2380300.0
583,2021-10-20 07:04:30,39600.0,100.0,2379300.0
584,2021-10-20 07:04:19,39550.0,300.0,2379200.0
585,2021-10-20 07:04:05,39600.0,1000.0,2378900.0
586,2021-10-20 07:04:04,39600.0,400.0,2377900.0
587,2021-10-20 07:03:52,39600.0,4100.0,2377500.0
588,2021-10-20 07:03:52,39600.0,900.0,2373400.0
589,2021-10-20 07:03:22,39600.0,100.0,2372500.0
590,2021-10-20 07:03:00,39600.0,200.0,2372400.0
591,2021-10-20 07:03:00,39600.0,2000.0,2372200.0
592,2021-10-20 07:03:00,39600.0,400.0,2370200.0
593,2021-10-20 07:03:00,39600.0,200.0,2369800.0
594,2021-10-20 07:03:00,39600.0,1000.0,2369600.0
595,2021-10-20 07:03:00,39600.0,800.0,2368600.0
596,2021-10-20 07:03:00,39550.0,1400.0,2367800.0
597,2021-10-20 07:02:49,39550.0,1000.0,2366400.0
598,2021-10-20 07:02:49,39550.0,17600.0,2365400.0
599,2021-10-20 07:02:33,39600.0,2100.0,2347800.0
600,2021-10-20 07:02:33,39600.0,400.0,2345700.0
601,2021-10-20 07:02:27,39600.0,500.0,2345300.0
602,2021-10-20 07:02:26,39600.0,1300.0,2344800.0
603,2021-10-20 07:02:24,39550.0,1000.0,2343500.0
604,2021-10-20 07:02:17,39600.0,1000.0,2342500.0
605,2021-10-20 07:02:15,39600.0,100.0,2341500.0
606,2021-10-20 07:02:09,39600.0,4000.0,2341400.0
607,2021-10-20 07:01:47,39600.0,1100.0,2337400.0
608,2021-10-20 07:01:20,39600.0,100.0,2336300.0
609,2021-10-20 07:00:53,39600.0,4500.0,2336200.0
610,2021-10-20 07:00:51,39600.0,7000.0,2331700.0
611,2021-10-20 07:00:41,39550.0,100.0,2324700.0
612,2021-10-20 07:00:33,39550.0,1300.0,2324600.0
613,2021-10-20 07:00:33,39550.0,1000.0,2323300.0
614,2021-10-20 07:00:33,39550.0,300.0,2322300.0
615,2021-10-20 07:00:33,39550.0,100.0,2322000.0
616,2021-10-20 07:00:33,39550.0,26900.0,2321900.0
617,2021-10-20 07:00:29,39600.0,100.0,2295000.0
618,2021-10-20 07:00:18,39600.0,1000.0,2294900.0
619,2021-10-20 07:00:02,39600.0,800.0,2293900.0
620,2021-10-20 07:00:02,39600.0,700.0,2293100.0
621,2021-10-20 06:59:40,39600.0,600.0,2292400.0
622,2021-10-20 06:59:35,39600.0,200.0,2291800.0
623,2021-10-20 06:59:07,39600.0,1800.0,2291600.0
624,2021-10-20 06:59:07,39600.0,3500.0,2289800.0
625,2021-10-20 06:59:07,39600.0,10000.0,2286300.0
626,2021-10-20 06:59:07,39600.0,1000.0,2276300.0
627,2021-10-20 06:59:07,39600.0,2200.0,2275300.0
628,2021-10-20 06:59:03,39600.0,100.0,2273100.0
629,2021-10-20 06:58:47,39600.0,100.0,2273000.0
630,2021-10-20 06:58:28,39600.0,300.0,2272900.0
631,2021-10-20 06:58:21,39600.0,300.0,2272600.0
632,2021-10-20 06:58:19,39600.0,700.0,2272300.0
633,2021-10-20 06:58:12,39600.0,300.0,2271600.0
634,2021-10-20 06:58:01,39550.0,500.0,2271300.0
635,2021-10-20 06:57:21,39550.0,12600.0,2270800.0
636,2021-10-20 06:57:21,39550.0,5000.0,2258200.0
637,2021-10-20 06:57:21,39550.0,2000.0,2253200.0
638,2021-10-20 06:57:21,39600.0,3300.0,2251200.0
639,2021-10-20 06:57:21,39600.0,400.0,2247900.0
640,2021-10-20 06:57:21,39600.0,500.0,2247500.0
641,2021-10-20 06:57:21,39600.0,6200.0,2247000.0
642,2021-10-20 06:57:19,39600.0,100.0,2240800.0
643,2021-10-20 06:57:15,39600.0,3000.0,2240700.0
644,2021-10-20 06:57:09,39650.0,400.0,2237700.0
645,2021-10-20 06:57:05,39600.0,700.0,2237300.0
646,2021-10-20 06:56:39,39600.0,3600.0,2236600.0
647,2021-10-20 06:56:38,39600.0,1000.0,2233000.0
648,2021-10-20 06:56:34,39600.0,5400.0,2232000.0
649,2021-10-20 06:56:22,39600.0,500.0,2226600.0
650,2021-10-20 06:56:20,39600.0,500.0,2226100.0
651,2021-10-20 06:56:19,39650.0,400.0,2225600.0
652,2021-10-20 06:56:16,39600.0,200.0,2225200.0
653,2021-10-20 06:56:09,39600.0,500.0,2225000.0
654,2021-10-20 06:56:02,39600.0,2900.0,2224500.0
655,2021-10-20 06:56:02,39600.0,1500.0,2221600.0
656,2021-10-20 06:56:02,39600.0,5600.0,2220100.0
657,2021-10-20 06:55:53,39600.0,1000.0,2214500.0
658,2021-10-20 06:55:39,39600.0,500.0,2213500.0
659,2021-10-20 06:55:34,39600.0,2900.0,2213000.0
660,2021-10-20 06:55:34,39600.0,100.0,2210100.0
661,2021-10-20 06:55:34,39600.0,10000.0,2210000.0
662,2021-10-20 06:55:30,39600.0,1000.0,2200000.0
663,2021-10-20 06:55:24,39600.0,200.0,2199000.0
664,2021-10-20 06:55:01,39600.0,1000.0,2198800.0
665,2021-10-20 06:54:24,39600.0,1500.0,2197800.0
666,2021-10-20 06:54:14,39600.0,100.0,2196300.0
667,2021-10-20 06:53:57,39600.0,200.0,2196200.0
668,2021-10-20 06:53:57,39650.0,800.0,2196000.0
669,2021-10-20 06:53:25,39650.0,200.0,2195200.0
670,2021-10-20 06:53:10,39600.0,1000.0,2195000.0
671,2021-10-20 06:52:50,39700.0,300.0,2194000.0
672,2021-10-20 06:52:50,39700.0,100.0,2193700.0
673,2021-10-20 06:52:50,39650.0,100.0,2193600.0
674,2021-10-20 06:52:23,39650.0,100.0,2193500.0
675,2021-10-20 06:52:23,39650.0,600.0,2193400.0
676,2021-10-20 06:52:11,39650.0,100.0,2192800.0
677,2021-10-20 06:51:33,39650.0,500.0,2192700.0
678,2021-10-20 06:51:33,39650.0,400.0,2192200.0
679,2021-10-20 06:51:33,39650.0,1000.0,2191800.0
680,2021-10-20 06:51:33,39650.0,700.0,2190800.0
681,2021-10-20 06:51:33,39650.0,5000.0,2190100.0
682,2021-10-20 06:51:33,39650.0,100.0,2185100.0
683,2021-10-20 06:51:33,39650.0,400.0,2185000.0
684,2021-10-20 06:51:33,39700.0,200.0,2184600.0
685,2021-10-20 06:51:33,39700.0,100.0,2184400.0
686,2021-10-20 06:51:33,39700.0,1000.0,2184300.0
687,2021-10-20 06:51:33,39700.0,600.0,2183300.0
688,2021-10-20 06:51:31,39700.0,500.0,2182700.0
689,2021-10-20 06:51:30,39700.0,400.0,2182200.0
690,2021-10-20 06:51:30,39700.0,4600.0,2181800.0
691,2021-10-20 06:51:17,39700.0,200.0,2177200.0
692,2021-10-20 06:51:11,39750.0,1000.0,2177000.0
693,2021-10-20 06:51:05,39700.0,200.0,2176000.0
694,2021-10-20 06:51:05,39700.0,100.0,2175800.0
695,2021-10-20 06:51:05,39700.0,200.0,2175700.0
696,2021-10-20 06:51:05,39700.0,100.0,2175500.0
697,2021-10-20 06:51:05,39700.0,100.0,2175400.0
698,2021-10-20 06:51:04,39700.0,1000.0,2175300.0
699,2021-10-20 06:50:31,39700.0,200.0,2174300.0
700,2021-10-20 06:50:26,39700.0,400.0,2174100.0
701,2021-10-20 06:50:14,39700.0,100.0,2173700.0
702,2021-10-20 06:50:01,39750.0,300.0,2173600.0
703,2021-10-20 06:49:52,39700.0,200.0,2173300.0
704,2021-10-20 06:49:33,39700.0,500.0,2173100.0
705,2021-10-20 06:49:33,39700.0,200.0,2172600.0
706,2021-10-20 06:48:51,39700.0,100.0,2172400.0
707,2021-10-20 06:48:41,39700.0,100.0,2172300.0
708,2021-10-20 06:48:39,39700.0,500.0,2172200.0
709,2021-10-20 06:48:14,39700.0,100.0,2171700.0
710,2021-10-20 06:48:10,39700.0,300.0,2171600.0
711,2021-10-20 06:48:07,39700.0,200.0,2171300.0
712,2021-10-20 06:48:00,39700.0,1300.0,2171100.0
713,2021-10-20 06:47:59,39700.0,300.0,2169800.0
714,2021-10-20 06:47:55,39750.0,200.0,2169500.0
715,2021-10-20 06:47:55,39750.0,100.0,2169300.0
716,2021-10-20 06:47:41,39700.0,2000.0,2169200.0
717,2021-10-20 06:47:03,39750.0,100.0,2167200.0
718,2021-10-20 06:47:00,39700.0,500.0,2167100.0
719,2021-10-20 06:46:51,39700.0,1000.0,2166600.0
720,2021-10-20 06:46:32,39700.0,300.0,2165600.0
721,2021-10-20 06:46:15,39700.0,100.0,2165300.0
722,2021-10-20 06:46:12,39700.0,100.0,2165200.0
723,2021-10-20 06:45:49,39700.0,200.0,2165100.0
724,2021-10-20 06:45:42,39700.0,100.0,2164900.0
725,2021-10-20 06:45:42,39700.0,900.0,2164800.0
726,2021-10-20 06:45:39,39700.0,100.0,2163900.0
727,2021-10-20 06:45:06,39650.0,1000.0,2163800.0
728,2021-10-20 06:44:49,39650.0,1000.0,2162800.0
729,2021-10-20 06:44:43,39650.0,5600.0,2161800.0
730,2021-10-20 06:44:43,39750.0,5400.0,2156200.0
731,2021-10-20 06:44:07,39750.0,700.0,2150800.0
732,2021-10-20 06:44:05,39750.0,500.0,2150100.0
733,2021-10-20 06:44:05,39750.0,300.0,2149600.0
734,2021-10-20 06:44:05,39750.0,100.0,2149300.0
735,2021-10-20 06:44:05,39750.0,3000.0,2149200.0
736,2021-10-20 06:43:54,39700.0,500.0,2146200.0
737,2021-10-20 06:43:54,39700.0,200.0,2145700.0
738,2021-10-20 06:43:53,39650.0,200.0,2145500.0
739,2021-10-20 06:43:52,39700.0,100.0,2145300.0
740,2021-10-20 06:43:49,39700.0,100.0,2145200.0
741,2021-10-20 06:43:49,39700.0,300.0,2145100.0
742,2021-10-20 06:43:49,39700.0,100.0,2144800.0
743,2021-10-20 06:43:49,39700.0,100.0,2144700.0
744,2021-10-20 06:43:49,39700.0,1000.0,2144600.0
745,2021-10-20 06:43:49,39700.0,3100.0,2143600.0
746,2021-10-20 06:43:49,39700.0,100.0,2140500.0
747,2021-10-20 06:43:49,39700.0,300.0,2140400.0
748,2021-10-20 06:43:49,39700.0,1400.0,2140100.0
749,2021-10-20 06:43:37,39650.0,700.0,2138700.0
750,2021-10-20 06:43:27,39650.0,300.0,2138000.0
751,2021-10-20 06:43:23,39650.0,300.0,2137700.0
752,2021-10-20 06:43:17,39700.0,100.0,2137400.0
753,2021-10-20 06:43:14,39650.0,600.0,2137300.0
754,2021-10-20 06:43:14,39650.0,500.0,2136700.0
755,2021-10-20 06:43:14,39650.0,200.0,2136200.0
756,2021-10-20 06:43:14,39650.0,1000.0,2136000.0
757,2021-10-20 06:43:14,39650.0,200.0,2135000.0
758,2021-10-20 06:43:14,39650.0,300.0,2134800.0
759,2021-10-20 06:43:14,39650.0,6800.0,2134500.0
760,2021-10-20 06:43:11,39650.0,100.0,2127700.0
761,2021-10-20 06:42:54,39650.0,1000.0,2127600.0
762,2021-10-20 06:42:53,39650.0,100.0,2126600.0
763,2021-10-20 06:42:36,39650.0,1000.0,2126500.0
764,2021-10-20 06:42:31,39600.0,2000.0,2125500.0
765,2021-10-20 06:42:31,39600.0,200.0,2123500.0
766,2021-10-20 06:42:31,39600.0,1000.0,2123300.0
767,2021-10-20 06:42:31,39600.0,1000.0,2122300.0
768,2021-10-20 06:42:31,39600.0,800.0,2121300.0
769,2021-10-20 06:42:13,39650.0,1000.0,2120500.0
770,2021-10-20 06:42:13,39650.0,400.0,2119500.0
771,2021-10-20 06:42:00,39600.0,100.0,2119100.0
772,2021-10-20 06:41:51,39600.0,1000.0,2119000.0
773,2021-10-20 06:41:51,39600.0,300.0,2118000.0
774,2021-10-20 06:41:45,39600.0,500.0,2117700.0
775,2021-10-20 06:41:17,39600.0,100.0,2117200.0
776,2021-10-20 06:41:17,39600.0,1000.0,2117100.0
777,2021-10-20 06:41:12,39600.0,500.0,2116100.0
778,2021-10-20 06:41:08,39600.0,200.0,2115600.0
779,2021-10-20 06:41:01,39600.0,500.0,2115400.0
780,2021-10-20 06:40:49,39650.0,600.0,2114900.0
781,2021-10-20 06:40:47,39650.0,200.0,2114300.0
782,2021-10-20 06:40:44,39700.0,500.0,2114100.0
783,2021-10-20 06:40:44,39700.0,200.0,2113600.0
784,2021-10-20 06:40:44,39700.0,500.0,2113400.0
785,2021-10-20 06:40:44,39700.0,800.0,2112900.0
786,2021-10-20 06:40:44,39650.0,500.0,2112100.0
787,2021-10-20 06:40:41,39650.0,2000.0,2111600.0
788,2021-10-20 06:40:37,39650.0,700.0,2109600.0
789,2021-10-20 06:40:37,39650.0,1000.0,2108900.0
790,2021-10-20 06:40:37,39650.0,1300.0,2107900.0
791,2021-10-20 06:40:28,39650.0,500.0,2106600.0
792,2021-10-20 06:40:28,39650.0,300.0,2106100.0
793,2021-10-20 06:40:28,39650.0,200.0,2105800.0
794,2021-10-20 06:40:17,39650.0,900.0,2105600.0
795,2021-10-20 06:40:17,39650.0,500.0,2104700.0
796,2021-10-20 06:40:17,39650.0,500.0,2104200.0
797,2021-10-20 06:40:17,39650.0,1100.0,2103700.0
798,2021-10-20 06:40:07,39700.0,200.0,2102600.0
799,2021-10-20 06:40:02,39700.0,500.0,2102400.0
800,2021-10-20 06:39:51,39700.0,800.0,2101900.0
801,2021-10-20 06:39:47,39650.0,700.0,2101100.0
802,2021-10-20 06:39:44,39700.0,2000.0,2100400.0
803,2021-10-20 06:39:44,39700.0,700.0,2098400.0
804,2021-10-20 06:39:37,39700.0,2000.0,2097700.0
805,2021-10-20 06:39:31,39700.0,400.0,2095700.0
806,2021-10-20 06:39:31,39700.0,200.0,2095300.0
807,2021-10-20 06:39:27,39700.0,500.0,2095100.0
808,2021-10-20 06:39:24,39700.0,100.0,2094600.0
809,2021-10-20 06:39:07,39650.0,3200.0,2094500.0
810,2021-10-20 06:39:07,39650.0,100.0,2091300.0
811,2021-10-20 06:39:07,39700.0,1700.0,2091200.0
812,2021-10-20 06:39:06,39700.0,1000.0,2089500.0
813,2021-10-20 06:39:01,39700.0,2000.0,2088500.0
814,2021-10-20 06:39:01,39700.0,1000.0,2086500.0
815,2021-10-20 06:39:01,39700.0,1000.0,2085500.0
816,2021-10-20 06:39:01,39700.0,100.0,2084500.0
817,2021-10-20 06:39:01,39700.0,500.0,2084400.0
818,2021-10-20 06:39:01,39700.0,200.0,2083900.0
819,2021-10-20 06:39:01,39700.0,300.0,2083700.0
820,2021-10-20 06:39:01,39700.0,500.0,2083400.0
821,2021-10-20 06:39:01,39700.0,200.0,2082900.0
822,2021-10-20 06:39:01,39700.0,2500.0,2082700.0
823,2021-10-20 06:38:35,39700.0,300.0,2080200.0
824,2021-10-20 06:37:45,39700.0,200.0,2079900.0
825,2021-10-20 06:37:45,39700.0,2500.0,2079700.0
826,2021-10-20 06:37:35,39700.0,2000.0,2077200.0
827,2021-10-20 06:37:08,39700.0,1000.0,2075200.0
828,2021-10-20 06:37:08,39700.0,100.0,2074200.0
829,2021-10-20 06:37:02,39700.0,2000.0,2074100.0
830,2021-10-20 06:36:56,39800.0,1800.0,2072100.0
831,2021-10-20 06:36:56,39800.0,200.0,2070300.0
832,2021-10-20 06:36:56,39800.0,3000.0,2070100.0
833,2021-10-20 06:36:43,39700.0,10400.0,2067100.0
834,2021-10-20 06:36:43,39750.0,1400.0,2056700.0
835,2021-10-20 06:36:43,39750.0,1200.0,2055300.0
836,2021-10-20 06:36:43,39800.0,300.0,2054100.0
837,2021-10-20 06:36:43,39800.0,1000.0,2053800.0
838,2021-10-20 06:36:43,39800.0,3000.0,2052800.0
839,2021-10-20 06:36:43,39800.0,700.0,2049800.0
840,2021-10-20 06:36:43,39800.0,2000.0,2049100.0
841,2021-10-20 06:36:42,39800.0,100.0,2047100.0
842,2021-10-20 06:36:41,39800.0,3400.0,2047000.0
843,2021-10-20 06:36:38,39800.0,500.0,2043600.0
844,2021-10-20 06:36:35,39800.0,1600.0,2043100.0
845,2021-10-20 06:36:28,39800.0,100.0,2041500.0
846,2021-10-20 06:36:28,39800.0,1200.0,2041400.0
847,2021-10-20 06:36:22,39800.0,1000.0,2040200.0
848,2021-10-20 06:36:07,39800.0,1000.0,2039200.0
849,2021-10-20 06:35:55,39850.0,500.0,2038200.0
850,2021-10-20 06:35:22,39850.0,100.0,2037700.0
851,2021-10-20 06:35:22,39850.0,100.0,2037600.0
852,2021-10-20 06:35:22,39850.0,800.0,2037500.0
853,2021-10-20 06:35:08,39800.0,500.0,2036700.0
854,2021-10-20 06:35:06,39800.0,500.0,2036200.0
855,2021-10-20 06:35:06,39800.0,500.0,2035700.0
856,2021-10-20 06:35:01,39800.0,1000.0,2035200.0
857,2021-10-20 06:34:54,39850.0,500.0,2034200.0
858,2021-10-20 06:34:54,39850.0,500.0,2033700.0
859,2021-10-20 06:34:36,39800.0,200.0,2033200.0
860,2021-10-20 06:34:04,39800.0,800.0,2033000.0
861,2021-10-20 06:33:56,39800.0,100.0,2032200.0
862,2021-10-20 06:33:56,39800.0,300.0,2032100.0
863,2021-10-20 06:33:56,39800.0,500.0,2031800.0
864,2021-10-20 06:33:56,39800.0,100.0,2031300.0
865,2021-10-20 06:33:56,39800.0,300.0,2031200.0
866,2021-10-20 06:33:56,39800.0,1000.0,2030900.0
867,2021-10-20 06:33:56,39800.0,300.0,2029900.0
868,2021-10-20 06:33:56,39800.0,200.0,2029600.0
869,2021-10-20 06:33:56,39800.0,2000.0,2029400.0
870,2021-10-20 06:33:56,39800.0,500.0,2027400.0
871,2021-10-20 06:33:56,39800.0,2000.0,2026900.0
872,2021-10-20 06:33:56,39800.0,500.0,2024900.0
873,2021-10-20 06:33:56,39800.0,100.0,2024400.0
874,2021-10-20 06:33:56,39800.0,300.0,2024300.0
875,2021-10-20 06:33:56,39800.0,100.0,2024000.0
876,2021-10-20 06:33:56,39800.0,400.0,2023900.0
877,2021-10-20 06:33:56,39800.0,300.0,2023500.0
878,2021-10-20 06:33:56,39800.0,20000.0,2023200.0
879,2021-10-20 06:33:56,39750.0,200.0,2003200.0
880,2021-10-20 06:33:56,39750.0,200.0,2003000.0
881,2021-10-20 06:33:56,39750.0,4000.0,2002800.0
882,2021-10-20 06:33:56,39750.0,200.0,1998800.0
883,2021-10-20 06:33:56,39750.0,1300.0,1998600.0
884,2021-10-20 06:33:56,39750.0,2100.0,1997300.0
885,2021-10-20 06:33:56,39750.0,1600.0,1995200.0
886,2021-10-20 06:33:25,39700.0,200.0,1993600.0
887,2021-10-20 06:33:25,39700.0,100.0,1993400.0
888,2021-10-20 06:33:25,39700.0,1700.0,1993300.0
889,2021-10-20 06:32:52,39700.0,500.0,1991600.0
890,2021-10-20 06:32:52,39700.0,300.0,1991100.0
891,2021-10-20 06:32:52,39700.0,10000.0,1990800.0
892,2021-10-20 06:32:52,39700.0,5000.0,1980800.0
893,2021-10-20 06:32:52,39700.0,2500.0,1975800.0
894,2021-10-20 06:32:41,39700.0,100.0,1973300.0
895,2021-10-20 06:32:40,39700.0,300.0,1973200.0
896,2021-10-20 06:32:28,39700.0,2000.0,1972900.0
897,2021-10-20 06:31:22,39750.0,300.0,1970900.0
898,2021-10-20 06:31:18,39750.0,1000.0,1970600.0
899,2021-10-20 06:31:18,39750.0,100.0,1969600.0
900,2021-10-20 06:31:15,39750.0,200.0,1969500.0
901,2021-10-20 06:31:14,39750.0,300.0,1969300.0
902,2021-10-20 06:31:14,39750.0,200.0,1969000.0
903,2021-10-20 06:31:14,39750.0,2400.0,1968800.0
904,2021-10-20 06:31:13,39750.0,100.0,1966400.0
905,2021-10-20 06:31:04,39750.0,100.0,1966300.0
906,2021-10-20 06:31:00,39750.0,5000.0,1966200.0
907,2021-10-20 06:30:53,39750.0,400.0,1961200.0
908,2021-10-20 06:30:48,39750.0,2000.0,1960800.0
909,2021-10-20 06:30:48,39750.0,1500.0,1958800.0
910,2021-10-20 06:30:48,39750.0,100.0,1957300.0
911,2021-10-20 06:30:48,39750.0,2000.0,1957200.0
912,2021-10-20 06:30:10,39800.0,700.0,1955200.0
913,2021-10-20 06:30:10,39800.0,100.0,1954500.0
914,2021-10-20 06:30:10,39800.0,100.0,1954400.0
915,2021-10-20 06:30:10,39800.0,2100.0,1954300.0
916,2021-10-20 06:29:59,39800.0,3000.0,1952200.0
917,2021-10-20 06:29:58,39800.0,3500.0,1949200.0
918,2021-10-20 06:29:47,39800.0,1100.0,1945700.0
919,2021-10-20 06:29:47,39800.0,300.0,1944600.0
920,2021-10-20 06:29:47,39800.0,1100.0,1944300.0
921,2021-10-20 06:29:47,39850.0,8900.0,1943200.0
922,2021-10-20 06:29:46,39850.0,100.0,1934300.0
923,2021-10-20 06:29:36,39850.0,1000.0,1934200.0
924,2021-10-20 06:29:29,39900.0,1700.0,1933200.0
925,2021-10-20 06:29:29,39900.0,200.0,1931500.0
926,2021-10-20 06:29:29,39900.0,300.0,1931300.0
927,2021-10-20 06:29:29,39800.0,700.0,1931000.0
928,2021-10-20 06:29:27,39800.0,1200.0,1930300.0
929,2021-10-20 06:29:27,39800.0,300.0,1929100.0
930,2021-10-20 06:29:16,39800.0,5000.0,1928800.0
931,2021-10-20 06:29:16,39800.0,200.0,1923800.0
932,2021-10-20 06:29:16,39800.0,4800.0,1923600.0
933,2021-10-20 06:29:11,39800.0,200.0,1918800.0
934,2021-10-20 06:29:11,39800.0,100.0,1918600.0
935,2021-10-20 06:29:11,39800.0,700.0,1918500.0
936,2021-10-20 06:29:09,39800.0,600.0,1917800.0
937,2021-10-20 06:29:06,39900.0,200.0,1917200.0
938,2021-10-20 06:29:06,39900.0,1000.0,1917000.0
939,2021-10-20 06:29:06,39900.0,100.0,1916000.0
940,2021-10-20 06:29:06,39900.0,8700.0,1915900.0
941,2021-10-20 06:28:55,39800.0,500.0,1907200.0
942,2021-10-20 06:28:51,39800.0,1000.0,1906700.0
943,2021-10-20 06:28:35,39800.0,100.0,1905700.0
944,2021-10-20 06:28:26,39800.0,100.0,1905600.0
945,2021-10-20 06:28:26,39800.0,400.0,1905500.0
946,2021-10-20 06:28:22,39800.0,9000.0,1905100.0
947,2021-10-20 06:28:12,39900.0,1300.0,1896100.0
948,2021-10-20 06:28:12,39900.0,100.0,1894800.0
949,2021-10-20 06:28:12,39900.0,100.0,1894700.0
950,2021-10-20 06:28:12,39900.0,500.0,1894600.0
951,2021-10-20 06:28:12,39900.0,4000.0,1894100.0
952,2021-10-20 06:28:12,39900.0,500.0,1890100.0
953,2021-10-20 06:28:12,39900.0,1000.0,1889600.0
954,2021-10-20 06:28:12,39900.0,200.0,1888600.0
955,2021-10-20 06:28:12,39900.0,1500.0,1888400.0
956,2021-10-20 06:28:12,39900.0,500.0,1886900.0
957,2021-10-20 06:28:12,39900.0,300.0,1886400.0
958,2021-10-20 06:28:07,39900.0,1700.0,1886100.0
959,2021-10-20 06:28:07,39900.0,1000.0,1884400.0
960,2021-10-20 06:28:07,39900.0,2300.0,1883400.0
961,2021-10-20 06:28:04,39900.0,300.0,1881100.0
962,2021-10-20 06:28:03,39800.0,600.0,1880800.0
963,2021-10-20 06:28:03,39800.0,100.0,1880200.0
964,2021-10-20 06:28:03,39800.0,300.0,1880100.0
965,2021-10-20 06:28:01,39800.0,500.0,1879800.0
966,2021-10-20 06:27:56,39800.0,100.0,1879300.0
967,2021-10-20 06:27:24,39900.0,400.0,1879200.0
968,2021-10-20 06:27:24,39900.0,300.0,1878800.0
969,2021-10-20 06:27:24,39900.0,300.0,1878500.0
970,2021-10-20 06:27:24,39900.0,500.0,1878200.0
971,2021-10-20 06:27:24,39900.0,500.0,1877700.0
972,2021-10-20 06:27:24,39900.0,100.0,1877200.0
973,2021-10-20 06:27:24,39900.0,100.0,1877100.0
974,2021-10-20 06:27:24,39900.0,800.0,1877000.0
975,2021-10-20 06:27:24,39900.0,100.0,1876200.0
976,2021-10-20 06:27:24,39900.0,500.0,1876100.0
977,2021-10-20 06:27:24,39900.0,600.0,1875600.0
978,2021-10-20 06:27:24,39900.0,100.0,1875000.0
979,2021-10-20 06:27:24,39900.0,300.0,1874900.0
980,2021-10-20 06:27:24,39900.0,200.0,1874600.0
981,2021-10-20 06:27:24,39900.0,100.0,1874400.0
982,2021-10-20 06:27:24,39900.0,100.0,1874300.0
983,2021-10-20 06:27:19,39800.0,1600.0,1874200.0
984,2021-10-20 06:27:12,39900.0,100.0,1872600.0
985,2021-10-20 06:27:09,39800.0,100.0,1872500.0
986,2021-10-20 06:26:59,39800.0,500.0,1872400.0
987,2021-10-20 06:26:58,39800.0,100.0,1871900.0
988,2021-10-20 06:26:54,39800.0,1000.0,1871800.0
989,2021-10-20 06:26:50,39800.0,500.0,1870800.0
990,2021-10-20 06:26:20,39800.0,200.0,1870300.0
991,2021-10-20 06:26:20,39900.0,300.0,1870100.0
992,2021-10-20 06:26:20,39900.0,100.0,1869800.0
993,2021-10-20 06:26:20,39900.0,1400.0,1869700.0
994,2021-10-20 06:26:15,39900.0,500.0,1868300.0
995,2021-10-20 06:26:13,39900.0,800.0,1867800.0
996,2021-10-20 06:26:11,39900.0,100.0,1867000.0
997,2021-10-20 06:26:09,39900.0,200.0,1866900.0
998,2021-10-20 06:26:09,39900.0,300.0,1866700.0
999,2021-10-20 06:26:01,39900.0,300.0,1866400.0
1000,2021-10-20 06:25:59,39900.0,100.0,1866100.0
1001,2021-10-20 06:25:57,39900.0,100.0,1866000.0
1002,2021-10-20 06:25:56,39900.0,300.0,1865900.0
1003,2021-10-20 06:25:54,39900.0,500.0,1865600.0
1004,2021-10-20 06:25:53,39900.0,500.0,1865100.0
1005,2021-10-20 06:25:51,39900.0,2000.0,1864600.0
1006,2021-10-20 06:25:48,39900.0,100.0,1862600.0
1007,2021-10-20 06:25:40,39900.0,500.0,1862500.0
1008,2021-10-20 06:25:40,39900.0,1500.0,1862000.0
1009,2021-10-20 06:25:39,39900.0,200.0,1860500.0
1010,2021-10-20 06:25:35,39900.0,500.0,1860300.0
1011,2021-10-20 06:25:34,39900.0,200.0,1859800.0
1012,2021-10-20 06:25:33,39900.0,1000.0,1859600.0
1013,2021-10-20 06:25:32,39900.0,300.0,1858600.0
1014,2021-10-20 06:25:32,39900.0,100.0,1858300.0
1015,2021-10-20 06:25:32,39900.0,2000.0,1858200.0
1016,2021-10-20 06:25:32,39900.0,100.0,1856200.0
1017,2021-10-20 06:25:32,39900.0,1000.0,1856100.0
1018,2021-10-20 06:25:32,39900.0,400.0,1855100.0
1019,2021-10-20 06:25:26,39900.0,600.0,1854700.0
1020,2021-10-20 06:25:26,39900.0,200.0,1854100.0
1021,2021-10-20 06:25:26,39900.0,1600.0,1853900.0
1022,2021-10-20 06:25:26,39900.0,500.0,1852300.0
1023,2021-10-20 06:25:26,39900.0,200.0,1851800.0
1024,2021-10-20 06:25:26,39900.0,5000.0,1851600.0
1025,2021-10-20 06:25:26,39900.0,200.0,1846600.0
1026,2021-10-20 06:25:26,39900.0,100.0,1846400.0
1027,2021-10-20 06:25:26,39900.0,100.0,1846300.0
1028,2021-10-20 06:25:26,39900.0,1200.0,1846200.0
1029,2021-10-20 06:25:26,39900.0,100.0,1845000.0
1030,2021-10-20 06:25:26,39900.0,100.0,1844900.0
1031,2021-10-20 06:25:26,39900.0,100.0,1844800.0
1032,2021-10-20 06:25:25,39900.0,400.0,1844700.0
1033,2021-10-20 06:25:22,39800.0,1000.0,1844300.0
1034,2021-10-20 06:25:21,39900.0,200.0,1843300.0
1035,2021-10-20 06:25:21,39900.0,1500.0,1843100.0
1036,2021-10-20 06:25:20,39900.0,600.0,1841600.0
1037,2021-10-20 06:25:15,39900.0,300.0,1841000.0
1038,2021-10-20 06:25:15,39850.0,200.0,1840700.0
1039,2021-10-20 06:25:08,39900.0,300.0,1840500.0
1040,2021-10-20 06:25:00,39900.0,300.0,1840200.0
1041,2021-10-20 06:24:53,39900.0,2000.0,1839900.0
1042,2021-10-20 06:24:51,39900.0,1000.0,1837900.0
1043,2021-10-20 06:24:41,39900.0,1000.0,1836900.0
1044,2021-10-20 06:24:40,39900.0,500.0,1835900.0
1045,2021-10-20 06:24:40,39900.0,500.0,1835400.0
1046,2021-10-20 06:24:40,39900.0,100.0,1834900.0
1047,2021-10-20 06:24:40,39900.0,500.0,1834800.0
1048,2021-10-20 06:24:32,39900.0,200.0,1834300.0
1049,2021-10-20 06:24:27,39900.0,500.0,1834100.0
1050,2021-10-20 06:24:26,39950.0,1200.0,1833600.0
1051,2021-10-20 06:24:26,39950.0,100.0,1832400.0
1052,2021-10-20 06:24:26,39950.0,200.0,1832300.0
1053,2021-10-20 06:24:24,39950.0,500.0,1832100.0
1054,2021-10-20 06:24:22,39900.0,500.0,1831600.0
1055,2021-10-20 06:24:22,39900.0,300.0,1831100.0
1056,2021-10-20 06:24:22,39900.0,200.0,1830800.0
1057,2021-10-20 06:24:21,39900.0,1500.0,1830600.0
1058,2021-10-20 06:24:17,39900.0,500.0,1829100.0
1059,2021-10-20 06:24:15,39900.0,2800.0,1828600.0
1060,2021-10-20 06:24:15,39900.0,1000.0,1825800.0
1061,2021-10-20 06:24:15,39900.0,500.0,1824800.0
1062,2021-10-20 06:24:15,39900.0,700.0,1824300.0
1063,2021-10-20 06:24:14,39900.0,1000.0,1823600.0
1064,2021-10-20 06:24:09,39900.0,200.0,1822600.0
1065,2021-10-20 06:24:03,39900.0,500.0,1822400.0
1066,2021-10-20 06:23:59,39900.0,100.0,1821900.0
1067,2021-10-20 06:23:57,39900.0,100.0,1821800.0
1068,2021-10-20 06:23:49,39900.0,500.0,1821700.0
1069,2021-10-20 06:23:43,39900.0,100.0,1821200.0
1070,2021-10-20 06:23:39,39900.0,100.0,1821100.0
1071,2021-10-20 06:23:38,39900.0,100.0,1821000.0
1072,2021-10-20 06:23:26,39900.0,100.0,1820900.0
1073,2021-10-20 06:23:25,39900.0,100.0,1820800.0
1074,2021-10-20 06:23:19,39900.0,1300.0,1820700.0
1075,2021-10-20 06:23:19,39900.0,100.0,1819400.0
1076,2021-10-20 06:23:19,39900.0,1000.0,1819300.0
1077,2021-10-20 06:23:19,39900.0,2600.0,1818300.0
1078,2021-10-20 06:23:17,39900.0,200.0,1815700.0
1079,2021-10-20 06:23:12,39950.0,6700.0,1815500.0
1080,2021-10-20 06:23:10,39950.0,800.0,1808800.0
1081,2021-10-20 06:23:10,39950.0,200.0,1808000.0
1082,2021-10-20 06:23:10,39950.0,1000.0,1807800.0
1083,2021-10-20 06:23:04,39950.0,1000.0,1806800.0
1084,2021-10-20 06:23:04,39900.0,500.0,1805800.0
1085,2021-10-20 06:22:49,39900.0,100.0,1805300.0
1086,2021-10-20 06:22:48,39900.0,200.0,1805200.0
1087,2021-10-20 06:22:44,39900.0,100.0,1805000.0
1088,2021-10-20 06:22:44,39900.0,500.0,1804900.0
1089,2021-10-20 06:22:44,39900.0,1000.0,1804400.0
1090,2021-10-20 06:22:44,39900.0,1500.0,1803400.0
1091,2021-10-20 06:22:44,39900.0,200.0,1801900.0
1092,2021-10-20 06:22:44,39900.0,3100.0,1801700.0
1093,2021-10-20 06:22:37,39900.0,400.0,1798600.0
1094,2021-10-20 06:22:33,39900.0,100.0,1798200.0
1095,2021-10-20 06:22:29,39900.0,300.0,1798100.0
1096,2021-10-20 06:22:27,39900.0,500.0,1797800.0
1097,2021-10-20 06:22:25,39900.0,100.0,1797300.0
1098,2021-10-20 06:22:25,39900.0,5500.0,1797200.0
1099,2021-10-20 06:22:18,39900.0,500.0,1791700.0
1100,2021-10-20 06:22:18,39900.0,1000.0,1791200.0
1101,2021-10-20 06:22:15,39900.0,2000.0,1790200.0
1102,2021-10-20 06:22:15,39900.0,600.0,1788200.0
1103,2021-10-20 06:22:15,39900.0,200.0,1787600.0
1104,2021-10-20 06:22:15,39900.0,2000.0,1787400.0
1105,2021-10-20 06:22:15,39900.0,200.0,1785400.0
1106,2021-10-20 06:22:15,39900.0,100.0,1785200.0
1107,2021-10-20 06:22:15,39900.0,2000.0,1785100.0
1108,2021-10-20 06:22:15,39900.0,100.0,1783100.0
1109,2021-10-20 06:22:15,39900.0,1800.0,1783000.0
1110,2021-10-20 06:22:15,39900.0,100.0,1781200.0
1111,2021-10-20 06:22:04,39900.0,100.0,1781100.0
1112,2021-10-20 06:22:04,39900.0,900.0,1781000.0
1113,2021-10-20 06:21:59,39900.0,100.0,1780100.0
1114,2021-10-20 06:21:59,39900.0,300.0,1780000.0
1115,2021-10-20 06:21:59,39900.0,500.0,1779700.0
1116,2021-10-20 06:21:59,39900.0,3000.0,1779200.0
1117,2021-10-20 06:21:59,39900.0,500.0,1776200.0
1118,2021-10-20 06:21:59,39900.0,300.0,1775700.0
1119,2021-10-20 06:21:59,39900.0,300.0,1775400.0
1120,2021-10-20 06:21:59,39900.0,500.0,1775100.0
1121,2021-10-20 06:21:59,39900.0,300.0,1774600.0
1122,2021-10-20 06:21:59,39900.0,200.0,1774300.0
1123,2021-10-20 06:21:59,39900.0,100.0,1774100.0
1124,2021-10-20 06:21:59,39900.0,500.0,1774000.0
1125,2021-10-20 06:21:59,39900.0,1000.0,1773500.0
1126,2021-10-20 06:21:58,39800.0,100.0,1772500.0
1127,2021-10-20 06:21:50,39850.0,100.0,1772400.0
1128,2021-10-20 06:21:50,39850.0,100.0,1772300.0
1129,2021-10-20 06:21:46,39800.0,1000.0,1772200.0
1130,2021-10-20 06:21:38,39800.0,100.0,1771200.0
1131,2021-10-20 06:21:38,39800.0,100.0,1771100.0
1132,2021-10-20 06:21:38,39800.0,500.0,1771000.0
1133,2021-10-20 06:21:38,39800.0,500.0,1770500.0
1134,2021-10-20 06:21:38,39800.0,500.0,1770000.0
1135,2021-10-20 06:21:38,39800.0,100.0,1769500.0
1136,2021-10-20 06:21:38,39800.0,100.0,1769400.0
1137,2021-10-20 06:21:38,39800.0,200.0,1769300.0
1138,2021-10-20 06:21:38,39800.0,200.0,1769100.0
1139,2021-10-20 06:21:38,39800.0,100.0,1768900.0
1140,2021-10-20 06:21:38,39800.0,500.0,1768800.0
1141,2021-10-20 06:21:38,39800.0,400.0,1768300.0
1142,2021-10-20 06:21:38,39800.0,100.0,1767900.0
1143,2021-10-20 06:21:38,39800.0,300.0,1767800.0
1144,2021-10-20 06:21:38,39800.0,300.0,1767500.0
1145,2021-10-20 06:21:38,39800.0,500.0,1767200.0
1146,2021-10-20 06:21:38,39800.0,800.0,1766700.0
1147,2021-10-20 06:21:38,39800.0,400.0,1765900.0
1148,2021-10-20 06:21:38,39800.0,1500.0,1765500.0
1149,2021-10-20 06:21:38,39800.0,100.0,1764000.0
1150,2021-10-20 06:21:38,39800.0,100.0,1763900.0
1151,2021-10-20 06:21:38,39800.0,100.0,1763800.0
1152,2021-10-20 06:21:38,39800.0,100.0,1763700.0
1153,2021-10-20 06:21:38,39800.0,800.0,1763600.0
1154,2021-10-20 06:21:38,39800.0,100.0,1762800.0
1155,2021-10-20 06:21:38,39800.0,1000.0,1762700.0
1156,2021-10-20 06:21:38,39800.0,100.0,1761700.0
1157,2021-10-20 06:21:26,39750.0,900.0,1761600.0
1158,2021-10-20 06:21:26,39750.0,1300.0,1760700.0
1159,2021-10-20 06:21:26,39750.0,100.0,1759400.0
1160,2021-10-20 06:21:26,39700.0,5000.0,1759300.0
1161,2021-10-20 06:21:25,39700.0,100.0,1754300.0
1162,2021-10-20 06:21:25,39700.0,100.0,1754200.0
1163,2021-10-20 06:21:14,39750.0,900.0,1754100.0
1164,2021-10-20 06:21:14,39750.0,1000.0,1753200.0
1165,2021-10-20 06:21:14,39700.0,1000.0,1752200.0
1166,2021-10-20 06:21:11,39700.0,900.0,1751200.0
1167,2021-10-20 06:21:11,39700.0,800.0,1750300.0
1168,2021-10-20 06:21:11,39700.0,100.0,1749500.0
1169,2021-10-20 06:21:11,39700.0,500.0,1749400.0
1170,2021-10-20 06:21:11,39700.0,500.0,1748900.0
1171,2021-10-20 06:21:11,39700.0,100.0,1748400.0
1172,2021-10-20 06:21:11,39700.0,100.0,1748300.0
1173,2021-10-20 06:21:11,39700.0,100.0,1748200.0
1174,2021-10-20 06:21:11,39700.0,1000.0,1748100.0
1175,2021-10-20 06:21:11,39700.0,500.0,1747100.0
1176,2021-10-20 06:21:11,39700.0,300.0,1746600.0
1177,2021-10-20 06:21:07,39700.0,100.0,1746300.0
1178,2021-10-20 06:21:07,39700.0,100.0,1746200.0
1179,2021-10-20 06:21:07,39700.0,100.0,1746100.0
1180,2021-10-20 06:21:07,39700.0,200.0,1746000.0
1181,2021-10-20 06:21:07,39700.0,500.0,1745800.0
1182,2021-10-20 06:21:07,39700.0,500.0,1745300.0
1183,2021-10-20 06:21:07,39700.0,100.0,1744800.0
1184,2021-10-20 06:21:07,39700.0,18400.0,1744700.0
1185,2021-10-20 06:21:04,39700.0,300.0,1726300.0
1186,2021-10-20 06:21:04,39700.0,2100.0,1726000.0
1187,2021-10-20 06:21:04,39700.0,1000.0,1723900.0
1188,2021-10-20 06:21:04,39700.0,1600.0,1722900.0
1189,2021-10-20 06:21:01,39700.0,500.0,1721300.0
1190,2021-10-20 06:20:54,39700.0,2900.0,1720800.0
1191,2021-10-20 06:20:54,39700.0,100.0,1717900.0
1192,2021-10-20 06:20:54,39700.0,2000.0,1717800.0
1193,2021-10-20 06:20:53,39650.0,100.0,1715800.0
1194,2021-10-20 06:20:39,39650.0,2500.0,1715700.0
1195,2021-10-20 06:20:39,39650.0,800.0,1713200.0
1196,2021-10-20 06:20:39,39650.0,100.0,1712400.0
1197,2021-10-20 06:20:39,39650.0,100.0,1712300.0
1198,2021-10-20 06:20:39,39650.0,800.0,1712200.0
1199,2021-10-20 06:20:38,39600.0,1200.0,1711400.0
1200,2021-10-20 06:20:35,39600.0,1000.0,1710200.0
1201,2021-10-20 06:20:33,39550.0,100.0,1709200.0
1202,2021-10-20 06:20:31,39600.0,300.0,1709100.0
1203,2021-10-20 06:20:31,39600.0,500.0,1708800.0
1204,2021-10-20 06:20:26,39650.0,200.0,1708300.0
1205,2021-10-20 06:20:21,39600.0,1000.0,1708100.0
1206,2021-10-20 06:20:21,39600.0,100.0,1707100.0
1207,2021-10-20 06:20:21,39600.0,200.0,1707000.0
1208,2021-10-20 06:20:21,39600.0,500.0,1706800.0
1209,2021-10-20 06:20:21,39600.0,100.0,1706300.0
1210,2021-10-20 06:20:21,39600.0,200.0,1706200.0
1211,2021-10-20 06:20:21,39600.0,500.0,1706000.0
1212,2021-10-20 06:20:21,39600.0,200.0,1705500.0
1213,2021-10-20 06:20:21,39600.0,200.0,1705300.0
1214,2021-10-20 06:20:21,39600.0,1000.0,1705100.0
1215,2021-10-20 06:20:21,39600.0,2000.0,1704100.0
1216,2021-10-20 06:20:21,39600.0,200.0,1702100.0
1217,2021-10-20 06:20:21,39600.0,500.0,1701900.0
1218,2021-10-20 06:20:21,39600.0,2000.0,1701400.0
1219,2021-10-20 06:20:21,39600.0,100.0,1699400.0
1220,2021-10-20 06:20:21,39600.0,100.0,1699300.0
1221,2021-10-20 06:20:21,39600.0,200.0,1699200.0
1222,2021-10-20 06:20:21,39600.0,2000.0,1699000.0
1223,2021-10-20 06:20:21,39600.0,1000.0,1697000.0
1224,2021-10-20 06:20:21,39600.0,200.0,1696000.0
1225,2021-10-20 06:20:21,39600.0,200.0,1695800.0
1226,2021-10-20 06:20:21,39600.0,7000.0,1695600.0
1227,2021-10-20 06:20:21,39550.0,300.0,1688600.0
1228,2021-10-20 06:20:17,39550.0,400.0,1688300.0
1229,2021-10-20 06:20:16,39600.0,500.0,1687900.0
1230,2021-10-20 06:20:16,39600.0,200.0,1687400.0
1231,2021-10-20 06:20:16,39600.0,100.0,1687200.0
1232,2021-10-20 06:20:16,39600.0,200.0,1687100.0
1233,2021-10-20 06:20:16,39600.0,100.0,1686900.0
1234,2021-10-20 06:20:16,39600.0,100.0,1686800.0
1235,2021-10-20 06:20:16,39600.0,100.0,1686700.0
1236,2021-10-20 06:20:16,39600.0,500.0,1686600.0
1237,2021-10-20 06:20:16,39600.0,100.0,1686100.0
1238,2021-10-20 06:20:16,39600.0,1000.0,1686000.0
1239,2021-10-20 06:20:16,39600.0,200.0,1685000.0
1240,2021-10-20 06:20:16,39600.0,500.0,1684800.0
1241,2021-10-20 06:20:16,39600.0,100.0,1684300.0
1242,2021-10-20 06:20:16,39600.0,500.0,1684200.0
1243,2021-10-20 06:20:16,39600.0,15000.0,1683700.0
1244,2021-10-20 06:20:16,39600.0,100.0,1668700.0
1245,2021-10-20 06:20:16,39600.0,500.0,1668600.0
1246,2021-10-20 06:20:16,39600.0,1000.0,1668100.0
1247,2021-10-20 06:20:16,39600.0,100.0,1667100.0
1248,2021-10-20 06:20:16,39600.0,1000.0,1667000.0
1249,2021-10-20 06:20:16,39600.0,100.0,1666000.0
1250,2021-10-20 06:20:16,39600.0,800.0,1665900.0
1251,2021-10-20 06:20:16,39600.0,200.0,1665100.0
1252,2021-10-20 06:20:16,39600.0,100.0,1664900.0
1253,2021-10-20 06:20:16,39600.0,100.0,1664800.0
1254,2021-10-20 06:20:16,39600.0,200.0,1664700.0
1255,2021-10-20 06:20:16,39600.0,100.0,1664500.0
1256,2021-10-20 06:20:16,39600.0,100.0,1664400.0
1257,2021-10-20 06:20:16,39600.0,100.0,1664300.0
1258,2021-10-20 06:20:16,39600.0,100.0,1664200.0
1259,2021-10-20 06:20:16,39600.0,1000.0,1664100.0
1260,2021-10-20 06:20:16,39600.0,100.0,1663100.0
1261,2021-10-20 06:20:16,39600.0,300.0,1663000.0
1262,2021-10-20 06:20:16,39600.0,100.0,1662700.0
1263,2021-10-20 06:20:16,39600.0,100.0,1662600.0
1264,2021-10-20 06:20:16,39600.0,500.0,1662500.0
1265,2021-10-20 06:20:16,39600.0,1000.0,1662000.0
1266,2021-10-20 06:20:16,39600.0,100.0,1661000.0
1267,2021-10-20 06:20:16,39600.0,100.0,1660900.0
1268,2021-10-20 06:20:16,39600.0,100.0,1660800.0
1269,2021-10-20 06:20:16,39600.0,300.0,1660700.0
1270,2021-10-20 06:20:16,39600.0,100.0,1660400.0
1271,2021-10-20 06:20:16,39600.0,1000.0,1660300.0
1272,2021-10-20 06:20:16,39600.0,100.0,1659300.0
1273,2021-10-20 06:20:16,39600.0,100.0,1659200.0
1274,2021-10-20 06:20:16,39600.0,100.0,1659100.0
1275,2021-10-20 06:20:16,39600.0,1000.0,1659000.0
1276,2021-10-20 06:20:16,39600.0,100.0,1658000.0
1277,2021-10-20 06:20:09,39550.0,100.0,1657900.0
1278,2021-10-20 06:20:09,39550.0,100.0,1657800.0
1279,2021-10-20 06:20:09,39550.0,200.0,1657700.0
1280,2021-10-20 06:20:09,39550.0,200.0,1657500.0
1281,2021-10-20 06:20:09,39550.0,100.0,1657300.0
1282,2021-10-20 06:20:09,39550.0,200.0,1657200.0
1283,2021-10-20 06:20:09,39550.0,200.0,1657000.0
1284,2021-10-20 06:20:09,39550.0,100.0,1656800.0
1285,2021-10-20 06:20:09,39550.0,100.0,1656700.0
1286,2021-10-20 06:20:09,39550.0,200.0,1656600.0
1287,2021-10-20 06:20:09,39550.0,500.0,1656400.0
1288,2021-10-20 06:20:09,39550.0,200.0,1655900.0
1289,2021-10-20 06:20:09,39550.0,100.0,1655700.0
1290,2021-10-20 06:20:09,39550.0,1000.0,1655600.0
1291,2021-10-20 06:20:01,39550.0,4000.0,1654600.0
1292,2021-10-20 06:19:40,39500.0,2000.0,1650600.0
1293,2021-10-20 06:19:36,39500.0,1000.0,1648600.0
1294,2021-10-20 06:19:36,39500.0,100.0,1647600.0
1295,2021-10-20 06:19:36,39500.0,500.0,1647500.0
1296,2021-10-20 06:19:36,39500.0,200.0,1647000.0
1297,2021-10-20 06:19:36,39500.0,500.0,1646800.0
1298,2021-10-20 06:19:36,39500.0,2000.0,1646300.0
1299,2021-10-20 06:19:36,39500.0,700.0,1644300.0
1300,2021-10-20 06:19:35,39500.0,1300.0,1643600.0
1301,2021-10-20 06:19:35,39500.0,700.0,1642300.0
1302,2021-10-20 06:19:33,39500.0,100.0,1641600.0
1303,2021-10-20 06:19:29,39500.0,1200.0,1641500.0
1304,2021-10-20 06:19:28,39500.0,200.0,1640300.0
1305,2021-10-20 06:19:28,39500.0,100.0,1640100.0
1306,2021-10-20 06:19:23,39500.0,100.0,1640000.0
1307,2021-10-20 06:19:20,39500.0,100.0,1639900.0
1308,2021-10-20 06:19:16,39500.0,500.0,1639800.0
1309,2021-10-20 06:19:16,39500.0,1000.0,1639300.0
1310,2021-10-20 06:19:16,39500.0,1000.0,1638300.0
1311,2021-10-20 06:19:16,39500.0,1000.0,1637300.0
1312,2021-10-20 06:19:16,39500.0,1500.0,1636300.0
1313,2021-10-20 06:19:16,39500.0,500.0,1634800.0
1314,2021-10-20 06:19:16,39500.0,200.0,1634300.0
1315,2021-10-20 06:19:16,39500.0,500.0,1634100.0
1316,2021-10-20 06:19:16,39500.0,1000.0,1633600.0
1317,2021-10-20 06:19:16,39500.0,5000.0,1632600.0
1318,2021-10-20 06:19:16,39500.0,200.0,1627600.0
1319,2021-10-20 06:19:16,39500.0,700.0,1627400.0
1320,2021-10-20 06:19:16,39500.0,1000.0,1626700.0
1321,2021-10-20 06:19:16,39500.0,500.0,1625700.0
1322,2021-10-20 06:19:16,39500.0,100.0,1625200.0
1323,2021-10-20 06:19:16,39500.0,200.0,1625100.0
1324,2021-10-20 06:19:16,39500.0,1000.0,1624900.0
1325,2021-10-20 06:19:16,39500.0,200.0,1623900.0
1326,2021-10-20 06:19:16,39500.0,100.0,1623700.0
1327,2021-10-20 06:19:16,39500.0,100.0,1623600.0
1328,2021-10-20 06:19:16,39500.0,100.0,1623500.0
1329,2021-10-20 06:19:16,39500.0,100.0,1623400.0
1330,2021-10-20 06:19:16,39500.0,300.0,1623300.0
1331,2021-10-20 06:19:16,39500.0,100.0,1623000.0
1332,2021-10-20 06:19:16,39500.0,300.0,1622900.0
1333,2021-10-20 06:19:16,39500.0,200.0,1622600.0
1334,2021-10-20 06:19:16,39500.0,100.0,1622400.0
1335,2021-10-20 06:19:16,39500.0,100.0,1622300.0
1336,2021-10-20 06:19:16,39500.0,200.0,1622200.0
1337,2021-10-20 06:19:16,39500.0,300.0,1622000.0
1338,2021-10-20 06:19:16,39500.0,300.0,1621700.0
1339,2021-10-20 06:19:16,39500.0,300.0,1621400.0
1340,2021-10-20 06:19:16,39500.0,100.0,1621100.0
1341,2021-10-20 06:19:16,39500.0,3000.0,1621000.0
1342,2021-10-20 06:19:16,39500.0,500.0,1618000.0
1343,2021-10-20 06:19:16,39500.0,2000.0,1617500.0
1344,2021-10-20 06:19:16,39500.0,1000.0,1615500.0
1345,2021-10-20 06:19:16,39500.0,500.0,1614500.0
1346,2021-10-20 06:19:16,39500.0,200.0,1614000.0
1347,2021-10-20 06:19:16,39500.0,1000.0,1613800.0
1348,2021-10-20 06:19:16,39500.0,500.0,1612800.0
1349,2021-10-20 06:19:16,39500.0,500.0,1612300.0
1350,2021-10-20 06:19:16,39500.0,1000.0,1611800.0
1351,2021-10-20 06:19:16,39500.0,700.0,1610800.0
1352,2021-10-20 06:19:16,39500.0,300.0,1610100.0
1353,2021-10-20 06:19:16,39500.0,200.0,1609800.0
1354,2021-10-20 06:19:16,39500.0,500.0,1609600.0
1355,2021-10-20 06:19:16,39500.0,1000.0,1609100.0
1356,2021-10-20 06:19:16,39500.0,300.0,1608100.0
1357,2021-10-20 06:19:16,39500.0,400.0,1607800.0
1358,2021-10-20 06:19:16,39500.0,500.0,1607400.0
1359,2021-10-20 06:19:16,39500.0,30000.0,1606900.0
1360,2021-10-20 06:19:16,39500.0,500.0,1576900.0
1361,2021-10-20 06:19:16,39500.0,1000.0,1576400.0
1362,2021-10-20 06:19:16,39500.0,500.0,1575400.0
1363,2021-10-20 06:19:16,39500.0,100.0,1574900.0
1364,2021-10-20 06:19:16,39500.0,1500.0,1574800.0
1365,2021-10-20 06:19:16,39500.0,100.0,1573300.0
1366,2021-10-20 06:19:16,39500.0,100.0,1573200.0
1367,2021-10-20 06:19:16,39500.0,100.0,1573100.0
1368,2021-10-20 06:19:16,39500.0,100.0,1573000.0
1369,2021-10-20 06:19:16,39500.0,100.0,1572900.0
1370,2021-10-20 06:19:16,39500.0,2300.0,1572800.0
1371,2021-10-20 06:19:16,39500.0,100.0,1570500.0
1372,2021-10-20 06:19:16,39500.0,300.0,1570400.0
1373,2021-10-20 06:19:16,39500.0,200.0,1570100.0
1374,2021-10-20 06:19:16,39500.0,800.0,1569900.0
1375,2021-10-20 06:19:16,39500.0,500.0,1569100.0
1376,2021-10-20 06:19:16,39500.0,100.0,1568600.0
1377,2021-10-20 06:19:16,39500.0,100.0,1568500.0
1378,2021-10-20 06:19:16,39500.0,100.0,1568400.0
1379,2021-10-20 06:19:16,39500.0,100.0,1568300.0
1380,2021-10-20 06:19:16,39500.0,100.0,1568200.0
1381,2021-10-20 06:19:16,39500.0,500.0,1568100.0
1382,2021-10-20 06:19:16,39500.0,100.0,1567600.0
1383,2021-10-20 06:19:16,39500.0,3000.0,1567500.0
1384,2021-10-20 06:19:16,39500.0,500.0,1564500.0
1385,2021-10-20 06:19:16,39500.0,100.0,1564000.0
1386,2021-10-20 06:19:16,39500.0,1000.0,1563900.0
1387,2021-10-20 06:19:16,39500.0,2000.0,1562900.0
1388,2021-10-20 06:19:16,39500.0,200.0,1560900.0
1389,2021-10-20 06:19:16,39500.0,500.0,1560700.0
1390,2021-10-20 06:19:16,39500.0,2000.0,1560200.0
1391,2021-10-20 06:19:16,39500.0,2000.0,1558200.0
1392,2021-10-20 06:19:16,39500.0,100.0,1556200.0
1393,2021-10-20 06:19:16,39500.0,2000.0,1556100.0
1394,2021-10-20 06:19:16,39500.0,400.0,1554100.0
1395,2021-10-20 06:19:16,39500.0,3000.0,1553700.0
1396,2021-10-20 06:19:16,39500.0,700.0,1550700.0
1397,2021-10-20 06:19:16,39500.0,200.0,1550000.0
1398,2021-10-20 06:19:16,39500.0,200.0,1549800.0
1399,2021-10-20 06:19:16,39500.0,1000.0,1549600.0
1400,2021-10-20 06:19:16,39500.0,1000.0,1548600.0
1401,2021-10-20 06:19:16,39500.0,100.0,1547600.0
1402,2021-10-20 06:19:16,39500.0,7700.0,1547500.0
1403,2021-10-20 06:19:14,39500.0,2300.0,1539800.0
1404,2021-10-20 06:19:14,39500.0,100.0,1537500.0
1405,2021-10-20 06:19:14,39500.0,1000.0,1537400.0
1406,2021-10-20 06:19:14,39500.0,100.0,1536400.0
1407,2021-10-20 06:19:14,39500.0,1200.0,1536300.0
1408,2021-10-20 06:19:09,39500.0,800.0,1535100.0
1409,2021-10-20 06:19:09,39500.0,100.0,1534300.0
1410,2021-10-20 06:19:09,39500.0,100.0,1534200.0
1411,2021-10-20 06:19:09,39500.0,300.0,1534100.0
1412,2021-10-20 06:19:09,39500.0,100.0,1533800.0
1413,2021-10-20 06:19:09,39500.0,500.0,1533700.0
1414,2021-10-20 06:19:09,39500.0,5000.0,1533200.0
1415,2021-10-20 06:19:09,39500.0,100.0,1528200.0
1416,2021-10-20 06:19:09,39500.0,100.0,1528100.0
1417,2021-10-20 06:19:09,39500.0,100.0,1528000.0
1418,2021-10-20 06:19:09,39500.0,200.0,1527900.0
1419,2021-10-20 06:19:09,39500.0,200.0,1527700.0
1420,2021-10-20 06:19:09,39500.0,300.0,1527500.0
1421,2021-10-20 06:19:09,39500.0,100.0,1527200.0
1422,2021-10-20 06:19:09,39500.0,100.0,1527100.0
1423,2021-10-20 06:19:09,39500.0,100.0,1527000.0
1424,2021-10-20 06:19:09,39500.0,200.0,1526900.0
1425,2021-10-20 06:19:09,39500.0,1000.0,1526700.0
1426,2021-10-20 06:19:09,39500.0,6000.0,1525700.0
1427,2021-10-20 06:19:09,39500.0,100.0,1519700.0
1428,2021-10-20 06:19:09,39500.0,100.0,1519600.0
1429,2021-10-20 06:19:09,39500.0,2000.0,1519500.0
1430,2021-10-20 06:19:09,39500.0,400.0,1517500.0
1431,2021-10-20 06:19:09,39500.0,200.0,1517100.0
1432,2021-10-20 06:19:09,39500.0,200.0,1516900.0
1433,2021-10-20 06:19:09,39500.0,1000.0,1516700.0
1434,2021-10-20 06:19:09,39500.0,600.0,1515700.0
1435,2021-10-20 06:19:09,39450.0,200.0,1515100.0
1436,2021-10-20 06:18:47,39500.0,1000.0,1514900.0
1437,2021-10-20 06:18:28,39450.0,1000.0,1513900.0
1438,2021-10-20 06:18:27,39450.0,500.0,1512900.0
1439,2021-10-20 06:18:24,39450.0,100.0,1512400.0
1440,2021-10-20 06:18:24,39450.0,1000.0,1512300.0
1441,2021-10-20 06:18:24,39450.0,2000.0,1511300.0
1442,2021-10-20 06:18:20,39400.0,200.0,1509300.0
1443,2021-10-20 06:18:16,39450.0,100.0,1509100.0
1444,2021-10-20 06:18:16,39450.0,300.0,1509000.0
1445,2021-10-20 06:17:47,39450.0,700.0,1508700.0
1446,2021-10-20 06:17:44,39450.0,2400.0,1508000.0
1447,2021-10-20 06:17:31,39450.0,200.0,1505600.0
1448,2021-10-20 06:17:24,39450.0,100.0,1505400.0
1449,2021-10-20 06:17:11,39450.0,500.0,1505300.0
1450,2021-10-20 06:17:11,39450.0,800.0,1504800.0
1451,2021-10-20 06:17:11,39450.0,100.0,1504000.0
1452,2021-10-20 06:17:11,39450.0,500.0,1503900.0
1453,2021-10-20 06:17:11,39450.0,100.0,1503400.0
1454,2021-10-20 06:17:11,39450.0,100.0,1503300.0
1455,2021-10-20 06:17:11,39450.0,3000.0,1503200.0
1456,2021-10-20 06:17:11,39450.0,100.0,1500200.0
1457,2021-10-20 06:17:11,39450.0,100.0,1500100.0
1458,2021-10-20 06:17:11,39450.0,200.0,1500000.0
1459,2021-10-20 06:17:11,39450.0,1000.0,1499800.0
1460,2021-10-20 06:17:11,39450.0,100.0,1498800.0
1461,2021-10-20 06:17:00,39400.0,1000.0,1498700.0
1462,2021-10-20 06:16:53,39400.0,1300.0,1497700.0
1463,2021-10-20 06:16:51,39400.0,100.0,1496400.0
1464,2021-10-20 06:16:41,39400.0,100.0,1496300.0
1465,2021-10-20 06:16:16,39400.0,500.0,1496200.0
1466,2021-10-20 06:16:13,39400.0,500.0,1495700.0
1467,2021-10-20 06:15:55,39400.0,200.0,1495200.0
1468,2021-10-20 06:15:50,39400.0,700.0,1495000.0
1469,2021-10-20 06:15:45,39400.0,300.0,1494300.0
1470,2021-10-20 06:15:43,39400.0,500.0,1494000.0
1471,2021-10-20 06:15:39,39400.0,100.0,1493500.0
1472,2021-10-20 06:15:30,39400.0,300.0,1493400.0
1473,2021-10-20 06:14:47,39400.0,2000.0,1493100.0
1474,2021-10-20 06:14:25,39500.0,300.0,1491100.0
1475,2021-10-20 06:14:25,39450.0,200.0,1490800.0
1476,2021-10-20 06:14:24,39450.0,300.0,1490600.0
1477,2021-10-20 06:14:11,39450.0,100.0,1490300.0
1478,2021-10-20 06:13:57,39450.0,1000.0,1490200.0
1479,2021-10-20 06:13:57,39450.0,200.0,1489200.0
1480,2021-10-20 06:13:57,39450.0,400.0,1489000.0
1481,2021-10-20 06:13:48,39450.0,1000.0,1488600.0
1482,2021-10-20 06:13:42,39450.0,500.0,1487600.0
1483,2021-10-20 06:13:41,39450.0,1100.0,1487100.0
1484,2021-10-20 06:13:41,39450.0,700.0,1486000.0
1485,2021-10-20 06:13:41,39450.0,2200.0,1485300.0
1486,2021-10-20 06:13:33,39450.0,1500.0,1483100.0
1487,2021-10-20 06:13:33,39450.0,200.0,1481600.0
1488,2021-10-20 06:13:33,39450.0,300.0,1481400.0
1489,2021-10-20 06:13:33,39450.0,500.0,1481100.0
1490,2021-10-20 06:13:33,39450.0,100.0,1480600.0
1491,2021-10-20 06:13:33,39450.0,200.0,1480500.0
1492,2021-10-20 06:13:33,39450.0,100.0,1480300.0
1493,2021-10-20 06:13:33,39450.0,100.0,1480200.0
1494,2021-10-20 06:13:33,39450.0,1000.0,1480100.0
1495,2021-10-20 06:13:33,39450.0,1000.0,1479100.0
1496,2021-10-20 06:13:33,39450.0,100.0,1478100.0
1497,2021-10-20 06:13:33,39450.0,3000.0,1478000.0
1498,2021-10-20 06:13:33,39450.0,1900.0,1475000.0
1499,2021-10-20 06:13:29,39450.0,100.0,1473100.0
1500,2021-10-20 06:13:29,39450.0,200.0,1473000.0
1501,2021-10-20 06:13:26,39450.0,100.0,1472800.0
1502,2021-10-20 06:13:05,39450.0,700.0,1472700.0
1503,2021-10-20 06:13:05,39450.0,1000.0,1472000.0
1504,2021-10-20 06:13:05,39450.0,5000.0,1471000.0
1505,2021-10-20 06:13:05,39450.0,5000.0,1466000.0
1506,2021-10-20 06:13:05,39450.0,300.0,1461000.0
1507,2021-10-20 06:13:05,39450.0,1000.0,1460700.0
1508,2021-10-20 06:13:05,39450.0,200.0,1459700.0
1509,2021-10-20 06:13:05,39450.0,2400.0,1459500.0
1510,2021-10-20 06:13:05,39450.0,4400.0,1457100.0
1511,2021-10-20 06:12:57,39400.0,300.0,1452700.0
1512,2021-10-20 06:12:57,39400.0,200.0,1452400.0
1513,2021-10-20 06:12:57,39400.0,1000.0,1452200.0
1514,2021-10-20 06:12:57,39400.0,200.0,1451200.0
1515,2021-10-20 06:12:57,39400.0,200.0,1451000.0
1516,2021-10-20 06:12:27,39400.0,100.0,1450800.0
1517,2021-10-20 06:12:27,39400.0,100.0,1450700.0
1518,2021-10-20 06:12:27,39400.0,100.0,1450600.0
1519,2021-10-20 06:12:27,39400.0,400.0,1450500.0
1520,2021-10-20 06:12:27,39400.0,400.0,1450100.0
1521,2021-10-20 06:12:16,39400.0,100.0,1449700.0
1522,2021-10-20 06:12:16,39400.0,200.0,1449600.0
1523,2021-10-20 06:11:37,39400.0,19800.0,1449400.0
1524,2021-10-20 06:11:37,39400.0,300.0,1429600.0
1525,2021-10-20 06:11:37,39400.0,1000.0,1429300.0
1526,2021-10-20 06:11:37,39400.0,100.0,1428300.0
1527,2021-10-20 06:11:37,39400.0,100.0,1428200.0
1528,2021-10-20 06:11:37,39400.0,100.0,1428100.0
1529,2021-10-20 06:11:37,39400.0,1000.0,1428000.0
1530,2021-10-20 06:11:37,39400.0,100.0,1427000.0
1531,2021-10-20 06:11:37,39400.0,100.0,1426900.0
1532,2021-10-20 06:11:37,39400.0,500.0,1426800.0
1533,2021-10-20 06:11:37,39400.0,1000.0,1426300.0
1534,2021-10-20 06:11:37,39400.0,1000.0,1425300.0
1535,2021-10-20 06:11:37,39400.0,1200.0,1424300.0
1536,2021-10-20 06:11:37,39400.0,300.0,1423100.0
1537,2021-10-20 06:11:37,39400.0,100.0,1422800.0
1538,2021-10-20 06:11:37,39400.0,3300.0,1422700.0
1539,2021-10-20 06:11:32,39400.0,100.0,1419400.0
1540,2021-10-20 06:11:32,39400.0,2000.0,1419300.0
1541,2021-10-20 06:11:32,39400.0,100.0,1417300.0
1542,2021-10-20 06:11:32,39400.0,300.0,1417200.0
1543,2021-10-20 06:11:32,39400.0,300.0,1416900.0
1544,2021-10-20 06:11:32,39400.0,5000.0,1416600.0
1545,2021-10-20 06:11:32,39400.0,500.0,1411600.0
1546,2021-10-20 06:11:32,39400.0,500.0,1411100.0
1547,2021-10-20 06:11:32,39400.0,1000.0,1410600.0
1548,2021-10-20 06:11:32,39400.0,100.0,1409600.0
1549,2021-10-20 06:11:32,39400.0,1000.0,1409500.0
1550,2021-10-20 06:11:32,39400.0,500.0,1408500.0
1551,2021-10-20 06:11:32,39400.0,500.0,1408000.0
1552,2021-10-20 06:11:32,39400.0,1000.0,1407500.0
1553,2021-10-20 06:11:32,39400.0,5000.0,1406500.0
1554,2021-10-20 06:11:32,39400.0,800.0,1401500.0
1555,2021-10-20 06:11:32,39400.0,1300.0,1400700.0
1556,2021-10-20 06:11:25,39350.0,1800.0,1399400.0
1557,2021-10-20 06:11:25,39350.0,500.0,1397600.0
1558,2021-10-20 06:11:25,39350.0,200.0,1397100.0
1559,2021-10-20 06:11:25,39350.0,500.0,1396900.0
1560,2021-10-20 06:11:25,39350.0,1000.0,1396400.0
1561,2021-10-20 06:11:25,39350.0,3000.0,1395400.0
1562,2021-10-20 06:11:01,39350.0,1000.0,1392400.0
1563,2021-10-20 06:10:39,39300.0,100.0,1391400.0
1564,2021-10-20 06:10:39,39300.0,100.0,1391300.0
1565,2021-10-20 06:10:32,39350.0,1000.0,1391200.0
1566,2021-10-20 06:09:32,39300.0,200.0,1390200.0
1567,2021-10-20 06:09:11,39350.0,1500.0,1390000.0
1568,2021-10-20 06:09:11,39350.0,100.0,1388500.0
1569,2021-10-20 06:09:11,39350.0,200.0,1388400.0
1570,2021-10-20 06:09:11,39350.0,200.0,1388200.0
1571,2021-10-20 06:09:11,39350.0,100.0,1388000.0
1572,2021-10-20 06:09:11,39350.0,300.0,1387900.0
1573,2021-10-20 06:09:11,39350.0,1000.0,1387600.0
1574,2021-10-20 06:09:11,39350.0,2000.0,1386600.0
1575,2021-10-20 06:09:11,39350.0,500.0,1384600.0
1576,2021-10-20 06:09:11,39350.0,4100.0,1384100.0
1577,2021-10-20 06:09:08,39300.0,200.0,1380000.0
1578,2021-10-20 06:09:08,39300.0,300.0,1379800.0
1579,2021-10-20 06:08:57,39300.0,300.0,1379500.0
1580,2021-10-20 06:08:57,39300.0,300.0,1379200.0
1581,2021-10-20 06:08:34,39300.0,1600.0,1378900.0
1582,2021-10-20 06:07:46,39350.0,500.0,1377300.0
1583,2021-10-20 06:07:06,39300.0,100.0,1376800.0
1584,2021-10-20 06:06:59,39300.0,400.0,1376700.0
1585,2021-10-20 06:06:55,39300.0,1000.0,1376300.0
1586,2021-10-20 06:05:46,39300.0,1000.0,1375300.0
1587,2021-10-20 06:05:15,39300.0,600.0,1374300.0
1588,2021-10-20 06:05:15,39300.0,400.0,1373700.0
1589,2021-10-20 06:04:34,39300.0,2000.0,1373300.0
1590,2021-10-20 06:04:33,39300.0,1200.0,1371300.0
1591,2021-10-20 06:04:33,39300.0,1400.0,1370100.0
1592,2021-10-20 06:04:25,39300.0,600.0,1368700.0
1593,2021-10-20 06:04:25,39300.0,300.0,1368100.0
1594,2021-10-20 06:04:25,39300.0,500.0,1367800.0
1595,2021-10-20 06:04:25,39300.0,100.0,1367300.0
1596,2021-10-20 06:04:25,39300.0,300.0,1367200.0
1597,2021-10-20 06:04:25,39300.0,100.0,1366900.0
1598,2021-10-20 06:04:25,39300.0,100.0,1366800.0
1599,2021-10-20 06:04:25,39300.0,400.0,1366700.0
1600,2021-10-20 06:04:25,39300.0,1000.0,1366300.0
1601,2021-10-20 06:04:25,39300.0,600.0,1365300.0
1602,2021-10-20 06:04:17,39300.0,400.0,1364700.0
1603,2021-10-20 06:04:17,39300.0,500.0,1364300.0
1604,2021-10-20 06:04:17,39300.0,400.0,1363800.0
1605,2021-10-20 06:04:17,39300.0,2000.0,1363400.0
1606,2021-10-20 06:04:17,39300.0,300.0,1361400.0
1607,2021-10-20 06:04:17,39300.0,1400.0,1361100.0
1608,2021-10-20 06:04:12,39300.0,100.0,1359700.0
1609,2021-10-20 06:04:02,39300.0,500.0,1359600.0
1610,2021-10-20 06:04:02,39300.0,100.0,1359100.0
1611,2021-10-20 06:04:02,39300.0,100.0,1359000.0
1612,2021-10-20 06:04:02,39300.0,1000.0,1358900.0
1613,2021-10-20 06:04:02,39300.0,1500.0,1357900.0
1614,2021-10-20 06:04:02,39300.0,200.0,1356400.0
1615,2021-10-20 06:04:02,39300.0,100.0,1356200.0
1616,2021-10-20 06:04:02,39300.0,600.0,1356100.0
1617,2021-10-20 06:04:02,39300.0,100.0,1355500.0
1618,2021-10-20 06:04:02,39300.0,200.0,1355400.0
1619,2021-10-20 06:04:02,39300.0,200.0,1355200.0
1620,2021-10-20 06:04:02,39300.0,200.0,1355000.0
1621,2021-10-20 06:04:02,39300.0,1000.0,1354800.0
1622,2021-10-20 06:04:02,39300.0,200.0,1353800.0
1623,2021-10-20 06:03:53,39300.0,500.0,1353600.0
1624,2021-10-20 06:03:53,39300.0,100.0,1353100.0
1625,2021-10-20 06:03:53,39300.0,300.0,1353000.0
1626,2021-10-20 06:03:53,39300.0,100.0,1352700.0
1627,2021-10-20 06:03:53,39300.0,1000.0,1352600.0
1628,2021-10-20 06:03:53,39300.0,100.0,1351600.0
1629,2021-10-20 06:03:53,39300.0,100.0,1351500.0
1630,2021-10-20 06:03:16,39300.0,100.0,1351400.0
1631,2021-10-20 06:02:58,39300.0,100.0,1351300.0
1632,2021-10-20 06:02:58,39300.0,100.0,1351200.0
1633,2021-10-20 06:02:54,39300.0,1500.0,1351100.0
1634,2021-10-20 06:02:00,39300.0,1400.0,1349600.0
1635,2021-10-20 06:02:00,39300.0,200.0,1348200.0
1636,2021-10-20 06:02:00,39300.0,500.0,1348000.0
1637,2021-10-20 06:02:00,39300.0,100.0,1347500.0
1638,2021-10-20 06:01:30,39200.0,1000.0,1347400.0
1639,2021-10-20 06:01:30,39200.0,500.0,1346400.0
1640,2021-10-20 06:01:06,39200.0,300.0,1345900.0
1641,2021-10-20 06:00:13,39200.0,500.0,1345600.0
1642,2021-10-20 06:00:13,39200.0,500.0,1345100.0
1643,2021-10-20 06:00:13,39200.0,100.0,1344600.0
1644,2021-10-20 06:00:13,39250.0,100.0,1344500.0
1645,2021-10-20 06:00:05,39300.0,400.0,1344400.0
1646,2021-10-20 06:00:05,39300.0,100.0,1344000.0
1647,2021-10-20 06:00:05,39300.0,100.0,1343900.0
1648,2021-10-20 06:00:02,39250.0,100.0,1343800.0
1649,2021-10-20 06:00:01,39250.0,100.0,1343700.0
1650,2021-10-20 06:00:01,39200.0,300.0,1343600.0
1651,2021-10-20 04:29:31,39300.0,400.0,1343300.0
1652,2021-10-20 04:29:31,39250.0,100.0,1342900.0
1653,2021-10-20 04:28:01,39300.0,200.0,1342800.0
1654,2021-10-20 04:28:01,39300.0,1000.0,1342600.0
1655,2021-10-20 04:28:01,39300.0,300.0,1341600.0
1656,2021-10-20 04:28:01,39250.0,1000.0,1341300.0
1657,2021-10-20 04:27:33,39200.0,100.0,1340300.0
1658,2021-10-20 04:26:31,39200.0,200.0,1340200.0
1659,2021-10-20 04:26:31,39200.0,100.0,1340000.0
1660,2021-10-20 04:26:31,39200.0,200.0,1339900.0
1661,2021-10-20 04:26:31,39200.0,400.0,1339700.0
1662,2021-10-20 04:26:28,39200.0,1000.0,1339300.0
1663,2021-10-20 04:25:23,39200.0,100.0,1338300.0
1664,2021-10-20 04:25:01,39200.0,200.0,1338200.0
1665,2021-10-20 04:24:46,39200.0,2300.0,1338000.0
1666,2021-10-20 04:24:46,39200.0,700.0,1335700.0
1667,2021-10-20 04:23:37,39200.0,400.0,1335000.0
1668,2021-10-20 04:23:26,39200.0,1500.0,1334600.0
1669,2021-10-20 04:23:26,39250.0,1000.0,1333100.0
1670,2021-10-20 04:23:21,39250.0,100.0,1332100.0
1671,2021-10-20 04:23:21,39250.0,400.0,1332000.0
1672,2021-10-20 04:23:12,39250.0,100.0,1331600.0
1673,2021-10-20 04:23:12,39250.0,100.0,1331500.0
1674,2021-10-20 04:23:12,39250.0,200.0,1331400.0
1675,2021-10-20 04:23:12,39250.0,1100.0,1331200.0
1676,2021-10-20 04:22:59,39250.0,900.0,1330100.0
1677,2021-10-20 04:22:59,39250.0,1000.0,1329200.0
1678,2021-10-20 04:22:59,39250.0,100.0,1328200.0
1679,2021-10-20 04:22:59,39250.0,200.0,1328100.0
1680,2021-10-20 04:22:59,39250.0,100.0,1327900.0
1681,2021-10-20 04:22:59,39250.0,400.0,1327800.0
1682,2021-10-20 04:22:59,39250.0,1100.0,1327400.0
1683,2021-10-20 04:22:59,39250.0,2200.0,1326300.0
1684,2021-10-20 04:22:52,39250.0,2800.0,1324100.0
1685,2021-10-20 04:22:52,39250.0,200.0,1321300.0
1686,2021-10-20 04:22:52,39250.0,200.0,1321100.0
1687,2021-10-20 04:22:52,39250.0,400.0,1320900.0
1688,2021-10-20 04:22:52,39250.0,300.0,1320500.0
1689,2021-10-20 04:22:52,39250.0,1100.0,1320200.0
1690,2021-10-20 04:22:37,39250.0,200.0,1319100.0
1691,2021-10-20 04:22:03,39250.0,200.0,1318900.0
1692,2021-10-20 04:22:03,39250.0,800.0,1318700.0
1693,2021-10-20 04:20:59,39250.0,200.0,1317900.0
1694,2021-10-20 04:20:59,39250.0,500.0,1317700.0
1695,2021-10-20 04:20:22,39200.0,1100.0,1317200.0
1696,2021-10-20 04:19:44,39200.0,1300.0,1316100.0
1697,2021-10-20 04:19:44,39200.0,5000.0,1314800.0
1698,2021-10-20 04:19:44,39200.0,2000.0,1309800.0
1699,2021-10-20 04:19:44,39200.0,1700.0,1307800.0
1700,2021-10-20 04:19:41,39200.0,100.0,1306100.0
1701,2021-10-20 04:19:40,39200.0,800.0,1306000.0
1702,2021-10-20 04:18:20,39200.0,100.0,1305200.0
1703,2021-10-20 04:18:20,39200.0,100.0,1305100.0
1704,2021-10-20 04:18:20,39200.0,1000.0,1305000.0
1705,2021-10-20 04:18:20,39200.0,2000.0,1304000.0
1706,2021-10-20 04:18:20,39200.0,200.0,1302000.0
1707,2021-10-20 04:18:15,39200.0,8000.0,1301800.0
1708,2021-10-20 04:18:13,39150.0,100.0,1293800.0
1709,2021-10-20 04:18:08,39200.0,6800.0,1293700.0
1710,2021-10-20 04:18:08,39200.0,3200.0,1286900.0
1711,2021-10-20 04:17:58,39200.0,2800.0,1283700.0
1712,2021-10-20 04:17:58,39200.0,200.0,1280900.0
1713,2021-10-20 04:17:58,39200.0,100.0,1280700.0
1714,2021-10-20 04:17:58,39200.0,1900.0,1280600.0
1715,2021-10-20 04:17:37,39150.0,100.0,1278700.0
1716,2021-10-20 04:17:34,39150.0,400.0,1278600.0
1717,2021-10-20 04:17:04,39150.0,200.0,1278200.0
1718,2021-10-20 04:16:27,39150.0,100.0,1278000.0
1719,2021-10-20 04:16:27,39150.0,200.0,1277900.0
1720,2021-10-20 04:15:38,39150.0,2000.0,1277700.0
1721,2021-10-20 04:15:00,39200.0,500.0,1275700.0
1722,2021-10-20 04:14:48,39200.0,300.0,1275200.0
1723,2021-10-20 04:14:47,39150.0,700.0,1274900.0
1724,2021-10-20 04:14:18,39200.0,1100.0,1274200.0
1725,2021-10-20 04:14:18,39200.0,1500.0,1273100.0
1726,2021-10-20 04:14:18,39200.0,900.0,1271600.0
1727,2021-10-20 04:13:58,39200.0,500.0,1270700.0
1728,2021-10-20 04:13:19,39200.0,100.0,1270200.0
1729,2021-10-20 04:13:01,39200.0,200.0,1270100.0
1730,2021-10-20 04:12:09,39200.0,200.0,1269900.0
1731,2021-10-20 04:11:59,39150.0,700.0,1269700.0
1732,2021-10-20 04:11:22,39150.0,700.0,1269000.0
1733,2021-10-20 04:11:12,39150.0,700.0,1268300.0
1734,2021-10-20 04:11:12,39150.0,900.0,1267600.0
1735,2021-10-20 04:09:42,39150.0,100.0,1266700.0
1736,2021-10-20 04:09:13,39150.0,200.0,1266600.0
1737,2021-10-20 04:09:12,39150.0,100.0,1266400.0
1738,2021-10-20 04:09:12,39150.0,1400.0,1266300.0
1739,2021-10-20 04:09:12,39150.0,100.0,1264900.0
1740,2021-10-20 04:08:23,39150.0,300.0,1264800.0
1741,2021-10-20 04:07:57,39150.0,100.0,1264500.0
1742,2021-10-20 04:07:50,39150.0,100.0,1264400.0
1743,2021-10-20 04:07:50,39150.0,1000.0,1264300.0
1744,2021-10-20 04:07:50,39150.0,1000.0,1263300.0
1745,2021-10-20 04:07:50,39150.0,1000.0,1262300.0
1746,2021-10-20 04:07:39,39150.0,1000.0,1261300.0
1747,2021-10-20 04:07:39,39150.0,100.0,1260300.0
1748,2021-10-20 04:07:39,39150.0,100.0,1260200.0
1749,2021-10-20 04:07:39,39150.0,300.0,1260100.0
1750,2021-10-20 04:07:39,39150.0,200.0,1259800.0
1751,2021-10-20 04:07:39,39150.0,200.0,1259600.0
1752,2021-10-20 04:07:24,39150.0,100.0,1259400.0
1753,2021-10-20 04:07:21,39200.0,500.0,1259300.0
1754,2021-10-20 04:07:21,39150.0,700.0,1258800.0
1755,2021-10-20 04:07:21,39150.0,500.0,1258100.0
1756,2021-10-20 04:07:21,39150.0,100.0,1257600.0
1757,2021-10-20 04:07:21,39150.0,200.0,1257500.0
1758,2021-10-20 04:05:49,39200.0,500.0,1257300.0
1759,2021-10-20 04:05:49,39200.0,500.0,1256800.0
1760,2021-10-20 04:05:49,39200.0,100.0,1256300.0
1761,2021-10-20 04:05:49,39200.0,100.0,1256200.0
1762,2021-10-20 04:05:49,39200.0,300.0,1256100.0
1763,2021-10-20 04:05:49,39200.0,100.0,1255800.0
1764,2021-10-20 04:05:04,39250.0,100.0,1255700.0
1765,2021-10-20 04:05:03,39250.0,100.0,1255600.0
1766,2021-10-20 04:04:36,39250.0,200.0,1255500.0
1767,2021-10-20 04:02:47,39250.0,500.0,1255300.0
1768,2021-10-20 04:01:42,39200.0,1000.0,1254800.0
1769,2021-10-20 04:01:37,39250.0,500.0,1253800.0
1770,2021-10-20 04:01:29,39200.0,1500.0,1253300.0
1771,2021-10-20 04:00:30,39200.0,400.0,1251800.0
1772,2021-10-20 04:00:30,39200.0,300.0,1251400.0
1773,2021-10-20 04:00:30,39200.0,700.0,1251100.0
1774,2021-10-20 04:00:04,39200.0,800.0,1250400.0
1775,2021-10-20 04:00:04,39200.0,1200.0,1249600.0
1776,2021-10-20 03:59:05,39200.0,500.0,1248400.0
1777,2021-10-20 03:58:50,39200.0,100.0,1247900.0
1778,2021-10-20 03:58:11,39200.0,100.0,1247800.0
1779,2021-10-20 03:58:11,39200.0,100.0,1247700.0
1780,2021-10-20 03:57:41,39200.0,100.0,1247600.0
1781,2021-10-20 03:57:37,39200.0,200.0,1247500.0
1782,2021-10-20 03:57:37,39200.0,100.0,1247300.0
1783,2021-10-20 03:57:37,39200.0,700.0,1247200.0
1784,2021-10-20 03:57:18,39200.0,200.0,1246500.0
1785,2021-10-20 03:56:44,39250.0,100.0,1246300.0
1786,2021-10-20 03:56:43,39250.0,100.0,1246200.0
1787,2021-10-20 03:56:38,39200.0,500.0,1246100.0
1788,2021-10-20 03:56:38,39200.0,600.0,1245600.0
1789,2021-10-20 03:56:26,39150.0,2800.0,1245000.0
1790,2021-10-20 03:56:26,39150.0,200.0,1242200.0
1791,2021-10-20 03:55:58,39200.0,200.0,1242000.0
1792,2021-10-20 03:55:57,39200.0,200.0,1241800.0
1793,2021-10-20 03:55:45,39200.0,100.0,1241600.0
1794,2021-10-20 03:55:45,39200.0,5000.0,1241500.0
1795,2021-10-20 03:55:45,39200.0,100.0,1236500.0
1796,2021-10-20 03:55:45,39200.0,500.0,1236400.0
1797,2021-10-20 03:55:45,39200.0,5000.0,1235900.0
1798,2021-10-20 03:55:45,39200.0,800.0,1230900.0
1799,2021-10-20 03:55:37,39250.0,100.0,1230100.0
1800,2021-10-20 03:55:30,39200.0,1000.0,1230000.0
1801,2021-10-20 03:55:29,39250.0,100.0,1229000.0
1802,2021-10-20 03:54:43,39250.0,300.0,1228900.0
1803,2021-10-20 03:54:40,39250.0,300.0,1228600.0
1804,2021-10-20 03:54:39,39250.0,1000.0,1228300.0
1805,2021-10-20 03:54:14,39250.0,100.0,1227300.0
1806,2021-10-20 03:54:10,39250.0,600.0,1227200.0
1807,2021-10-20 03:54:07,39250.0,1000.0,1226600.0
1808,2021-10-20 03:54:02,39250.0,300.0,1225600.0
1809,2021-10-20 03:53:33,39250.0,600.0,1225300.0
1810,2021-10-20 03:53:33,39250.0,900.0,1224700.0
1811,2021-10-20 03:52:52,39250.0,1600.0,1223800.0
1812,2021-10-20 03:52:40,39200.0,200.0,1222200.0
1813,2021-10-20 03:50:28,39300.0,100.0,1222000.0
1814,2021-10-20 03:49:44,39300.0,200.0,1221900.0
1815,2021-10-20 03:47:48,39300.0,1200.0,1221700.0
1816,2021-10-20 03:47:48,39200.0,100.0,1220500.0
1817,2021-10-20 03:47:48,39200.0,100.0,1220400.0
1818,2021-10-20 03:47:38,39200.0,100.0,1220300.0
1819,2021-10-20 03:46:38,39200.0,200.0,1220200.0
1820,2021-10-20 03:46:38,39200.0,100.0,1220000.0
1821,2021-10-20 03:46:38,39200.0,200.0,1219900.0
1822,2021-10-20 03:46:23,39200.0,300.0,1219700.0
1823,2021-10-20 03:46:23,39200.0,100.0,1219400.0
1824,2021-10-20 03:46:23,39200.0,500.0,1219300.0
1825,2021-10-20 03:46:23,39200.0,300.0,1218800.0
1826,2021-10-20 03:45:03,39200.0,100.0,1218500.0
1827,2021-10-20 03:44:59,39200.0,100.0,1218400.0
1828,2021-10-20 03:44:29,39200.0,500.0,1218300.0
1829,2021-10-20 03:44:29,39200.0,100.0,1217800.0
1830,2021-10-20 03:44:29,39200.0,100.0,1217700.0
1831,2021-10-20 03:44:24,39200.0,100.0,1217600.0
1832,2021-10-20 03:44:24,39200.0,100.0,1217500.0
1833,2021-10-20 03:44:24,39200.0,300.0,1217400.0
1834,2021-10-20 03:43:54,39200.0,700.0,1217100.0
1835,2021-10-20 03:43:54,39200.0,100.0,1216400.0
1836,2021-10-20 03:43:54,39200.0,100.0,1216300.0
1837,2021-10-20 03:43:54,39200.0,100.0,1216200.0
1838,2021-10-20 03:43:44,39200.0,100.0,1216100.0
1839,2021-10-20 03:43:11,39200.0,100.0,1216000.0
1840,2021-10-20 03:43:05,39200.0,100.0,1215900.0
1841,2021-10-20 03:41:42,39200.0,2000.0,1215800.0
1842,2021-10-20 03:41:36,39200.0,2100.0,1213800.0
1843,2021-10-20 03:41:11,39200.0,500.0,1211700.0
1844,2021-10-20 03:41:11,39200.0,500.0,1211200.0
1845,2021-10-20 03:40:52,39200.0,400.0,1210700.0
1846,2021-10-20 03:40:49,39200.0,200.0,1210300.0
1847,2021-10-20 03:40:33,39200.0,500.0,1210100.0
1848,2021-10-20 03:40:12,39200.0,1900.0,1209600.0
1849,2021-10-20 03:40:12,39200.0,100.0,1207700.0
1850,2021-10-20 03:40:12,39200.0,200.0,1207600.0
1851,2021-10-20 03:40:12,39200.0,500.0,1207400.0
1852,2021-10-20 03:40:12,39200.0,100.0,1206900.0
1853,2021-10-20 03:40:12,39200.0,100.0,1206800.0
1854,2021-10-20 03:40:12,39200.0,100.0,1206700.0
1855,2021-10-20 03:40:04,39250.0,100.0,1206600.0
1856,2021-10-20 03:39:55,39300.0,100.0,1206500.0
1857,2021-10-20 03:39:20,39200.0,900.0,1206400.0
1858,2021-10-20 03:39:20,39200.0,100.0,1205500.0
1859,2021-10-20 03:38:49,39200.0,1900.0,1205400.0
1860,2021-10-20 03:38:49,39200.0,100.0,1203500.0
1861,2021-10-20 03:38:49,39200.0,100.0,1203400.0
1862,2021-10-20 03:38:49,39200.0,100.0,1203300.0
1863,2021-10-20 03:38:49,39200.0,1000.0,1203200.0
1864,2021-10-20 03:38:49,39200.0,100.0,1202200.0
1865,2021-10-20 03:38:49,39200.0,200.0,1202100.0
1866,2021-10-20 03:38:49,39200.0,1000.0,1201900.0
1867,2021-10-20 03:38:49,39200.0,300.0,1200900.0
1868,2021-10-20 03:38:49,39250.0,200.0,1200600.0
1869,2021-10-20 03:37:41,39200.0,200.0,1200400.0
1870,2021-10-20 03:37:41,39200.0,500.0,1200200.0
1871,2021-10-20 03:37:41,39250.0,300.0,1199700.0
1872,2021-10-20 03:37:41,39250.0,200.0,1199400.0
1873,2021-10-20 03:37:41,39250.0,100.0,1199200.0
1874,2021-10-20 03:37:41,39250.0,200.0,1199100.0
1875,2021-10-20 03:37:41,39250.0,500.0,1198900.0
1876,2021-10-20 03:37:01,39300.0,100.0,1198400.0
1877,2021-10-20 03:37:01,39300.0,4000.0,1198300.0
1878,2021-10-20 03:36:47,39300.0,2000.0,1194300.0
1879,2021-10-20 03:36:08,39300.0,1500.0,1192300.0
1880,2021-10-20 03:36:00,39300.0,100.0,1190800.0
1881,2021-10-20 03:35:33,39300.0,300.0,1190700.0
1882,2021-10-20 03:35:33,39300.0,900.0,1190400.0
1883,2021-10-20 03:35:33,39300.0,100.0,1189500.0
1884,2021-10-20 03:35:33,39300.0,1000.0,1189400.0
1885,2021-10-20 03:35:33,39300.0,100.0,1188400.0
1886,2021-10-20 03:35:29,39300.0,900.0,1188300.0
1887,2021-10-20 03:35:29,39300.0,1400.0,1187400.0
1888,2021-10-20 03:35:29,39300.0,100.0,1186000.0
1889,2021-10-20 03:35:29,39300.0,300.0,1185900.0
1890,2021-10-20 03:35:29,39300.0,500.0,1185600.0
1891,2021-10-20 03:35:29,39300.0,800.0,1185100.0
1892,2021-10-20 03:35:17,39300.0,300.0,1184300.0
1893,2021-10-20 03:35:13,39250.0,1500.0,1184000.0
1894,2021-10-20 03:35:13,39250.0,300.0,1182500.0
1895,2021-10-20 03:35:13,39250.0,200.0,1182200.0
1896,2021-10-20 03:35:13,39250.0,100.0,1182000.0
1897,2021-10-20 03:35:03,39300.0,100.0,1181900.0
1898,2021-10-20 03:34:22,39300.0,100.0,1181800.0
1899,2021-10-20 03:34:22,39300.0,200.0,1181700.0
1900,2021-10-20 03:34:22,39300.0,100.0,1181500.0
1901,2021-10-20 03:34:22,39300.0,100.0,1181400.0
1902,2021-10-20 03:34:19,39300.0,100.0,1181300.0
1903,2021-10-20 03:33:35,39300.0,1000.0,1181200.0
1904,2021-10-20 03:33:35,39300.0,200.0,1180200.0
1905,2021-10-20 03:33:25,39300.0,1000.0,1180000.0
1906,2021-10-20 03:31:29,39300.0,1000.0,1179000.0
1907,2021-10-20 03:31:29,39300.0,300.0,1178000.0
1908,2021-10-20 03:31:29,39300.0,300.0,1177700.0
1909,2021-10-20 03:31:29,39300.0,300.0,1177400.0
1910,2021-10-20 03:31:29,39300.0,100.0,1177100.0
1911,2021-10-20 03:31:29,39300.0,100.0,1177000.0
1912,2021-10-20 03:31:29,39300.0,400.0,1176900.0
1913,2021-10-20 03:31:29,39300.0,200.0,1176500.0
1914,2021-10-20 03:31:29,39300.0,200.0,1176300.0
1915,2021-10-20 03:31:29,39300.0,200.0,1176100.0
1916,2021-10-20 03:31:29,39300.0,100.0,1175900.0
1917,2021-10-20 03:31:29,39300.0,1000.0,1175800.0
1918,2021-10-20 03:31:29,39300.0,100.0,1174800.0
1919,2021-10-20 03:31:29,39300.0,1000.0,1174700.0
1920,2021-10-20 03:31:29,39300.0,200.0,1173700.0
1921,2021-10-20 03:31:29,39300.0,300.0,1173500.0
1922,2021-10-20 03:31:29,39300.0,3000.0,1173200.0
1923,2021-10-20 03:30:38,39350.0,1000.0,1170200.0
1924,2021-10-20 03:30:31,39350.0,3400.0,1169200.0
1925,2021-10-20 03:30:22,39350.0,100.0,1165800.0
1926,2021-10-20 03:30:22,39350.0,1000.0,1165700.0
1927,2021-10-20 03:30:22,39350.0,4000.0,1164700.0
1928,2021-10-20 03:30:22,39350.0,400.0,1160700.0
1929,2021-10-20 03:30:22,39350.0,1000.0,1160300.0
1930,2021-10-20 03:30:22,39350.0,1000.0,1159300.0
1931,2021-10-20 03:30:22,39350.0,600.0,1158300.0
1932,2021-10-20 03:29:05,39350.0,300.0,1157700.0
1933,2021-10-20 03:28:48,39300.0,100.0,1157400.0
1934,2021-10-20 03:28:48,39300.0,400.0,1157300.0
1935,2021-10-20 03:28:46,39300.0,600.0,1156900.0
1936,2021-10-20 03:28:46,39300.0,500.0,1156300.0
1937,2021-10-20 03:28:46,39300.0,100.0,1155800.0
1938,2021-10-20 03:28:46,39300.0,800.0,1155700.0
1939,2021-10-20 03:28:09,39300.0,200.0,1154900.0
1940,2021-10-20 03:28:09,39300.0,300.0,1154700.0
1941,2021-10-20 03:27:55,39350.0,100.0,1154400.0
1942,2021-10-20 03:27:55,39350.0,300.0,1154300.0
1943,2021-10-20 03:27:55,39350.0,600.0,1154000.0
1944,2021-10-20 03:27:49,39350.0,400.0,1153400.0
1945,2021-10-20 03:27:31,39300.0,1000.0,1153000.0
1946,2021-10-20 03:27:13,39300.0,700.0,1152000.0
1947,2021-10-20 03:27:13,39300.0,2600.0,1151300.0
1948,2021-10-20 03:26:44,39300.0,1000.0,1148700.0
1949,2021-10-20 03:26:43,39400.0,300.0,1147700.0
1950,2021-10-20 03:26:38,39400.0,200.0,1147400.0
1951,2021-10-20 03:26:38,39400.0,600.0,1147200.0
1952,2021-10-20 03:26:38,39400.0,100.0,1146600.0
1953,2021-10-20 03:26:38,39400.0,100.0,1146500.0
1954,2021-10-20 03:26:38,39400.0,200.0,1146400.0
1955,2021-10-20 03:26:38,39400.0,300.0,1146200.0
1956,2021-10-20 03:26:38,39400.0,400.0,1145900.0
1957,2021-10-20 03:26:38,39400.0,100.0,1145500.0
1958,2021-10-20 03:26:36,39400.0,900.0,1145400.0
1959,2021-10-20 03:26:36,39400.0,100.0,1144500.0
1960,2021-10-20 03:26:28,39350.0,300.0,1144400.0
1961,2021-10-20 03:26:28,39350.0,1000.0,1144100.0
1962,2021-10-20 03:26:21,39350.0,300.0,1143100.0
1963,2021-10-20 03:26:21,39350.0,400.0,1142800.0
1964,2021-10-20 03:26:21,39400.0,100.0,1142400.0
1965,2021-10-20 03:26:21,39400.0,100.0,1142300.0
1966,2021-10-20 03:26:21,39400.0,500.0,1142200.0
1967,2021-10-20 03:26:21,39400.0,300.0,1141700.0
1968,2021-10-20 03:26:19,39400.0,300.0,1141400.0
1969,2021-10-20 03:26:18,39350.0,400.0,1141100.0
1970,2021-10-20 03:26:10,39400.0,300.0,1140700.0
1971,2021-10-20 03:26:04,39400.0,100.0,1140400.0
1972,2021-10-20 03:26:04,39400.0,200.0,1140300.0
1973,2021-10-20 03:25:58,39400.0,300.0,1140100.0
1974,2021-10-20 03:25:48,39400.0,300.0,1139800.0
1975,2021-10-20 03:25:42,39400.0,300.0,1139500.0
1976,2021-10-20 03:25:35,39400.0,400.0,1139200.0
1977,2021-10-20 03:25:34,39350.0,200.0,1138800.0
1978,2021-10-20 03:25:31,39400.0,200.0,1138600.0
1979,2021-10-20 03:25:31,39350.0,100.0,1138400.0
1980,2021-10-20 03:25:27,39350.0,100.0,1138300.0
1981,2021-10-20 03:25:25,39400.0,100.0,1138200.0
1982,2021-10-20 03:25:25,39350.0,200.0,1138100.0
1983,2021-10-20 03:25:25,39350.0,100.0,1137900.0
1984,2021-10-20 03:25:25,39350.0,100.0,1137800.0
1985,2021-10-20 03:25:25,39350.0,100.0,1137700.0
1986,2021-10-20 03:25:25,39350.0,100.0,1137600.0
1987,2021-10-20 03:25:25,39350.0,600.0,1137500.0
1988,2021-10-20 03:25:24,39350.0,400.0,1136900.0
1989,2021-10-20 03:25:24,39350.0,2000.0,1136500.0
1990,2021-10-20 03:25:24,39350.0,100.0,1134500.0
1991,2021-10-20 03:25:24,39350.0,100.0,1134400.0
1992,2021-10-20 03:25:24,39350.0,300.0,1134300.0
1993,2021-10-20 03:25:24,39350.0,100.0,1134000.0
1994,2021-10-20 03:25:17,39400.0,2000.0,1133900.0
1995,2021-10-20 03:25:08,39350.0,1500.0,1131900.0
1996,2021-10-20 03:25:02,39350.0,300.0,1130400.0
1997,2021-10-20 03:25:02,39350.0,600.0,1130100.0
1998,2021-10-20 03:24:59,39350.0,100.0,1129500.0
1999,2021-10-20 03:24:55,39350.0,400.0,1129400.0
2000,2021-10-20 03:24:55,39350.0,500.0,1129000.0
2001,2021-10-20 03:24:55,39350.0,100.0,1128500.0
2002,2021-10-20 03:24:55,39350.0,5000.0,1128400.0
2003,2021-10-20 03:24:55,39350.0,1100.0,1123400.0
2004,2021-10-20 03:24:55,39350.0,1200.0,1122300.0
2005,2021-10-20 03:24:55,39350.0,1300.0,1121100.0
2006,2021-10-20 03:24:55,39350.0,500.0,1119800.0
2007,2021-10-20 03:24:55,39350.0,100.0,1119300.0
2008,2021-10-20 03:24:55,39350.0,200.0,1119200.0
2009,2021-10-20 03:24:55,39350.0,500.0,1119000.0
2010,2021-10-20 03:24:55,39350.0,100.0,1118500.0
2011,2021-10-20 03:24:55,39350.0,300.0,1118400.0
2012,2021-10-20 03:24:55,39350.0,1000.0,1118100.0
2013,2021-10-20 03:24:49,39350.0,200.0,1117100.0
2014,2021-10-20 03:24:49,39350.0,500.0,1116900.0
2015,2021-10-20 03:24:49,39350.0,4300.0,1116400.0
2016,2021-10-20 03:24:44,39350.0,5000.0,1112100.0
2017,2021-10-20 03:24:36,39400.0,100.0,1107100.0
2018,2021-10-20 03:24:32,39350.0,700.0,1107000.0
2019,2021-10-20 03:24:32,39350.0,1800.0,1106300.0
2020,2021-10-20 03:24:11,39400.0,100.0,1104500.0
2021,2021-10-20 03:24:11,39400.0,200.0,1104400.0
2022,2021-10-20 03:24:09,39350.0,2000.0,1104200.0
2023,2021-10-20 03:24:04,39400.0,1000.0,1102200.0
2024,2021-10-20 03:24:01,39400.0,100.0,1101200.0
2025,2021-10-20 03:23:54,39350.0,3200.0,1101100.0
2026,2021-10-20 03:23:50,39400.0,400.0,1097900.0
2027,2021-10-20 03:23:46,39400.0,100.0,1097500.0
2028,2021-10-20 03:23:46,39400.0,200.0,1097400.0
2029,2021-10-20 03:23:38,39400.0,300.0,1097200.0
2030,2021-10-20 03:23:38,39400.0,1000.0,1096900.0
2031,2021-10-20 03:23:38,39400.0,700.0,1095900.0
2032,2021-10-20 03:23:32,39400.0,300.0,1095200.0
2033,2021-10-20 03:23:16,39350.0,500.0,1094900.0
2034,2021-10-20 03:22:59,39350.0,2000.0,1094400.0
2035,2021-10-20 03:22:45,39400.0,100.0,1092400.0
2036,2021-10-20 03:22:42,39350.0,1500.0,1092300.0
2037,2021-10-20 03:22:34,39400.0,100.0,1090800.0
2038,2021-10-20 03:22:34,39400.0,300.0,1090700.0
2039,2021-10-20 03:22:34,39400.0,300.0,1090400.0
2040,2021-10-20 03:22:25,39400.0,300.0,1090100.0
2041,2021-10-20 03:22:12,39400.0,300.0,1089800.0
2042,2021-10-20 03:22:03,39400.0,300.0,1089500.0
2043,2021-10-20 03:21:51,39400.0,100.0,1089200.0
2044,2021-10-20 03:21:49,39400.0,100.0,1089100.0
2045,2021-10-20 03:21:44,39400.0,100.0,1089000.0
2046,2021-10-20 03:21:44,39400.0,2000.0,1088900.0
2047,2021-10-20 03:21:44,39400.0,100.0,1086900.0
2048,2021-10-20 03:21:44,39400.0,500.0,1086800.0
2049,2021-10-20 03:21:44,39400.0,1000.0,1086300.0
