,Time,Price,Volume_per_trade,Volume
0,2021-10-21 07:45:02,7530.0,2000.0,3082800.0
1,2021-10-21 07:45:02,7530.0,2700.0,3080800.0
2,2021-10-21 07:45:02,7530.0,500.0,3078100.0
3,2021-10-21 07:45:02,7530.0,4000.0,3077600.0
4,2021-10-21 07:45:02,7530.0,3300.0,3073600.0
5,2021-10-21 07:45:02,7530.0,400.0,3070300.0
6,2021-10-21 07:45:02,7530.0,2000.0,3069900.0
7,2021-10-21 07:45:02,7530.0,1000.0,3067900.0
8,2021-10-21 07:45:02,7530.0,300.0,3066900.0
9,2021-10-21 07:45:02,7530.0,500.0,3066600.0
10,2021-10-21 07:45:02,7530.0,300.0,3066100.0
11,2021-10-21 07:45:02,7530.0,200.0,3065800.0
12,2021-10-21 07:45:02,7530.0,200.0,3065600.0
13,2021-10-21 07:45:02,7530.0,1000.0,3065400.0
14,2021-10-21 07:45:02,7530.0,500.0,3064400.0
15,2021-10-21 07:45:02,7530.0,300.0,3063900.0
16,2021-10-21 07:45:02,7530.0,700.0,3063600.0
17,2021-10-21 07:45:02,7530.0,2000.0,3062900.0
18,2021-10-21 07:45:02,7530.0,1300.0,3060900.0
19,2021-10-21 07:45:02,7530.0,1600.0,3059600.0
20,2021-10-21 07:45:02,7530.0,1400.0,3058000.0
21,2021-10-21 07:45:02,7530.0,4800.0,3056600.0
22,2021-10-21 07:45:02,7530.0,300.0,3051800.0
23,2021-10-21 07:45:02,7530.0,2600.0,3051500.0
24,2021-10-21 07:45:02,7530.0,900.0,3048900.0
25,2021-10-21 07:45:02,7530.0,1000.0,3048000.0
26,2021-10-21 07:45:02,7530.0,400.0,3047000.0
27,2021-10-21 07:45:02,7530.0,700.0,3046600.0
28,2021-10-21 07:45:02,7530.0,3000.0,3045900.0
29,2021-10-21 07:45:02,7530.0,200.0,3042900.0
30,2021-10-21 07:45:02,7530.0,300.0,3042700.0
31,2021-10-21 07:45:02,7530.0,200.0,3042400.0
32,2021-10-21 07:45:02,7530.0,10000.0,3042200.0
33,2021-10-21 07:45:02,7530.0,600.0,3032200.0
34,2021-10-21 07:45:02,7530.0,1500.0,3031600.0
35,2021-10-21 07:45:02,7530.0,100.0,3030100.0
36,2021-10-21 07:45:02,7530.0,200.0,3030000.0
37,2021-10-21 07:45:02,7530.0,2700.0,3029800.0
38,2021-10-21 07:45:02,7530.0,6300.0,3027100.0
39,2021-10-21 07:45:02,7530.0,2000.0,3020800.0
40,2021-10-21 07:45:02,7530.0,100.0,3018800.0
41,2021-10-21 07:45:02,7530.0,4200.0,3018700.0
42,2021-10-21 07:45:02,7530.0,500.0,3014500.0
43,2021-10-21 07:45:02,7530.0,100.0,3014000.0
44,2021-10-21 07:45:02,7530.0,300.0,3013900.0
45,2021-10-21 07:45:02,7530.0,500.0,3013600.0
46,2021-10-21 07:45:02,7530.0,100.0,3013100.0
47,2021-10-21 07:45:02,7530.0,5000.0,3013000.0
48,2021-10-21 07:45:02,7530.0,20000.0,3008000.0
49,2021-10-21 07:45:02,7530.0,900.0,2988000.0
50,2021-10-21 07:45:02,7530.0,9100.0,2987100.0
51,2021-10-21 07:45:02,7530.0,500.0,2978000.0
52,2021-10-21 07:45:02,7530.0,100.0,2977500.0
53,2021-10-21 07:45:02,7530.0,100.0,2977400.0
54,2021-10-21 07:45:02,7530.0,10000.0,2977300.0
55,2021-10-21 07:45:02,7530.0,200.0,2967300.0
56,2021-10-21 07:45:02,7530.0,400.0,2967100.0
57,2021-10-21 07:45:02,7530.0,100.0,2966700.0
58,2021-10-21 07:45:02,7530.0,100.0,2966600.0
59,2021-10-21 07:45:02,7530.0,200.0,2966500.0
60,2021-10-21 07:45:02,7530.0,200.0,2966300.0
61,2021-10-21 07:45:02,7530.0,2000.0,2966100.0
62,2021-10-21 07:45:02,7530.0,5000.0,2964100.0
63,2021-10-21 07:45:02,7530.0,5000.0,2959100.0
64,2021-10-21 07:45:02,7530.0,4000.0,2954100.0
65,2021-10-21 07:45:02,7530.0,500.0,2950100.0
66,2021-10-21 07:45:02,7530.0,100.0,2949600.0
67,2021-10-21 07:45:02,7530.0,400.0,2949500.0
68,2021-10-21 07:45:02,7530.0,100.0,2949100.0
69,2021-10-21 07:29:51,7510.0,300.0,2949000.0
70,2021-10-21 07:29:31,7510.0,4700.0,2948700.0
71,2021-10-21 07:29:29,7510.0,100.0,2944000.0
72,2021-10-21 07:29:13,7510.0,1000.0,2943900.0
73,2021-10-21 07:28:57,7510.0,700.0,2942900.0
74,2021-10-21 07:28:57,7510.0,400.0,2942200.0
75,2021-10-21 07:28:57,7510.0,5000.0,2941800.0
76,2021-10-21 07:28:57,7510.0,3000.0,2936800.0
77,2021-10-21 07:28:57,7510.0,900.0,2933800.0
78,2021-10-21 07:28:57,7510.0,400.0,2932900.0
79,2021-10-21 07:28:39,7520.0,800.0,2932500.0
80,2021-10-21 07:28:39,7520.0,4200.0,2931700.0
81,2021-10-21 07:28:33,7520.0,200.0,2927500.0
82,2021-10-21 07:28:31,7520.0,600.0,2927300.0
83,2021-10-21 07:28:31,7520.0,200.0,2926700.0
84,2021-10-21 07:28:27,7520.0,200.0,2926500.0
85,2021-10-21 07:28:06,7520.0,100.0,2926300.0
86,2021-10-21 07:28:06,7520.0,400.0,2926200.0
87,2021-10-21 07:27:33,7530.0,600.0,2925800.0
88,2021-10-21 07:27:25,7530.0,2200.0,2925200.0
89,2021-10-21 07:27:25,7520.0,800.0,2923000.0
90,2021-10-21 07:27:24,7520.0,200.0,2922200.0
91,2021-10-21 07:27:17,7520.0,200.0,2922000.0
92,2021-10-21 07:26:55,7530.0,1000.0,2921800.0
93,2021-10-21 07:26:40,7530.0,400.0,2920800.0
94,2021-10-21 07:26:40,7530.0,2000.0,2920400.0
95,2021-10-21 07:26:40,7530.0,1500.0,2918400.0
96,2021-10-21 07:26:09,7530.0,2000.0,2916900.0
97,2021-10-21 07:26:00,7530.0,6500.0,2914900.0
98,2021-10-21 07:25:56,7530.0,500.0,2908400.0
99,2021-10-21 07:25:54,7530.0,100.0,2907900.0
100,2021-10-21 07:25:52,7530.0,1500.0,2907800.0
101,2021-10-21 07:25:49,7530.0,300.0,2906300.0
102,2021-10-21 07:25:48,7530.0,100.0,2906000.0
103,2021-10-21 07:25:48,7530.0,1000.0,2905900.0
104,2021-10-21 07:25:48,7530.0,900.0,2904900.0
105,2021-10-21 07:25:47,7530.0,800.0,2904000.0
106,2021-10-21 07:25:47,7530.0,5000.0,2903200.0
107,2021-10-21 07:25:47,7530.0,1400.0,2898200.0
108,2021-10-21 07:25:47,7530.0,100.0,2896800.0
109,2021-10-21 07:25:47,7530.0,1000.0,2896700.0
110,2021-10-21 07:25:47,7530.0,500.0,2895700.0
111,2021-10-21 07:25:47,7530.0,300.0,2895200.0
112,2021-10-21 07:25:47,7530.0,500.0,2894900.0
113,2021-10-21 07:25:47,7530.0,100.0,2894400.0
114,2021-10-21 07:25:47,7530.0,300.0,2894300.0
115,2021-10-21 07:25:47,7530.0,2400.0,2894000.0
116,2021-10-21 07:25:47,7530.0,800.0,2891600.0
117,2021-10-21 07:25:47,7530.0,300.0,2890800.0
118,2021-10-21 07:25:47,7530.0,500.0,2890500.0
119,2021-10-21 07:25:47,7530.0,100.0,2890000.0
120,2021-10-21 07:25:47,7530.0,1600.0,2889900.0
121,2021-10-21 07:25:47,7530.0,900.0,2888300.0
122,2021-10-21 07:25:47,7530.0,100.0,2887400.0
123,2021-10-21 07:25:47,7530.0,1600.0,2887300.0
124,2021-10-21 07:25:47,7530.0,100.0,2885700.0
125,2021-10-21 07:25:47,7530.0,700.0,2885600.0
126,2021-10-21 07:25:47,7530.0,100.0,2884900.0
127,2021-10-21 07:25:47,7530.0,400.0,2884800.0
128,2021-10-21 07:25:47,7530.0,200.0,2884400.0
129,2021-10-21 07:25:47,7530.0,200.0,2884200.0
130,2021-10-21 07:25:45,7530.0,100.0,2884000.0
131,2021-10-21 07:25:31,7530.0,17600.0,2883900.0
132,2021-10-21 07:25:31,7530.0,400.0,2866300.0
133,2021-10-21 07:25:31,7530.0,1700.0,2865900.0
134,2021-10-21 07:25:31,7530.0,800.0,2864200.0
135,2021-10-21 07:25:31,7530.0,400.0,2863400.0
136,2021-10-21 07:25:31,7530.0,400.0,2863000.0
137,2021-10-21 07:25:31,7530.0,100.0,2862600.0
138,2021-10-21 07:25:31,7530.0,100.0,2862500.0
139,2021-10-21 07:25:31,7530.0,200.0,2862400.0
140,2021-10-21 07:25:31,7530.0,100.0,2862200.0
141,2021-10-21 07:25:31,7530.0,300.0,2862100.0
142,2021-10-21 07:25:31,7530.0,1800.0,2861800.0
143,2021-10-21 07:25:31,7530.0,100.0,2860000.0
144,2021-10-21 07:25:31,7530.0,100.0,2859900.0
145,2021-10-21 07:25:31,7530.0,100.0,2859800.0
146,2021-10-21 07:25:31,7530.0,200.0,2859700.0
147,2021-10-21 07:25:31,7530.0,100.0,2859500.0
148,2021-10-21 07:25:31,7530.0,100.0,2859400.0
149,2021-10-21 07:25:31,7530.0,300.0,2859300.0
150,2021-10-21 07:25:31,7530.0,300.0,2859000.0
151,2021-10-21 07:25:31,7530.0,800.0,2858700.0
152,2021-10-21 07:25:31,7530.0,300.0,2857900.0
153,2021-10-21 07:25:31,7530.0,1200.0,2857600.0
154,2021-10-21 07:25:31,7530.0,1800.0,2856400.0
155,2021-10-21 07:25:31,7530.0,100.0,2854600.0
156,2021-10-21 07:25:31,7530.0,700.0,2854500.0
157,2021-10-21 07:25:31,7530.0,100.0,2853800.0
158,2021-10-21 07:25:31,7530.0,800.0,2853700.0
159,2021-10-21 07:25:31,7530.0,100.0,2852900.0
160,2021-10-21 07:25:31,7530.0,1400.0,2852800.0
161,2021-10-21 07:25:31,7530.0,600.0,2851400.0
162,2021-10-21 07:25:31,7530.0,300.0,2850800.0
163,2021-10-21 07:25:31,7530.0,100.0,2850500.0
164,2021-10-21 07:25:31,7530.0,100.0,2850400.0
165,2021-10-21 07:25:31,7530.0,800.0,2850300.0
166,2021-10-21 07:25:31,7530.0,4300.0,2849500.0
167,2021-10-21 07:25:31,7530.0,100.0,2845200.0
168,2021-10-21 07:25:31,7530.0,400.0,2845100.0
169,2021-10-21 07:25:31,7530.0,1700.0,2844700.0
170,2021-10-21 07:25:31,7530.0,800.0,2843000.0
171,2021-10-21 07:25:31,7530.0,200.0,2842200.0
172,2021-10-21 07:25:31,7530.0,600.0,2842000.0
173,2021-10-21 07:25:31,7530.0,1400.0,2841400.0
174,2021-10-21 07:25:31,7530.0,100.0,2840000.0
175,2021-10-21 07:25:31,7530.0,100.0,2839900.0
176,2021-10-21 07:25:31,7530.0,100.0,2839800.0
177,2021-10-21 07:25:31,7530.0,100.0,2839700.0
178,2021-10-21 07:25:31,7530.0,100.0,2839600.0
179,2021-10-21 07:25:31,7530.0,300.0,2839500.0
180,2021-10-21 07:25:31,7530.0,800.0,2839200.0
181,2021-10-21 07:25:31,7530.0,100.0,2838400.0
182,2021-10-21 07:25:31,7530.0,100.0,2838300.0
183,2021-10-21 07:25:31,7530.0,100.0,2838200.0
184,2021-10-21 07:25:31,7530.0,300.0,2838100.0
185,2021-10-21 07:25:31,7530.0,600.0,2837800.0
186,2021-10-21 07:25:31,7530.0,100.0,2837200.0
187,2021-10-21 07:25:31,7530.0,3200.0,2837100.0
188,2021-10-21 07:25:26,7540.0,400.0,2833900.0
189,2021-10-21 07:25:22,7540.0,100.0,2833500.0
190,2021-10-21 07:25:21,7530.0,100.0,2833400.0
191,2021-10-21 07:25:21,7530.0,100.0,2833300.0
192,2021-10-21 07:25:21,7530.0,900.0,2833200.0
193,2021-10-21 07:25:21,7530.0,100.0,2832300.0
194,2021-10-21 07:25:21,7530.0,500.0,2832200.0
195,2021-10-21 07:25:21,7530.0,1000.0,2831700.0
196,2021-10-21 07:25:21,7530.0,100.0,2830700.0
197,2021-10-21 07:25:21,7530.0,500.0,2830600.0
198,2021-10-21 07:25:21,7530.0,200.0,2830100.0
199,2021-10-21 07:25:21,7530.0,100.0,2829900.0
200,2021-10-21 07:25:21,7530.0,400.0,2829800.0
201,2021-10-21 07:25:21,7530.0,100.0,2829400.0
202,2021-10-21 07:25:21,7530.0,100.0,2829300.0
203,2021-10-21 07:25:21,7530.0,100.0,2829200.0
204,2021-10-21 07:25:21,7530.0,400.0,2829100.0
205,2021-10-21 07:25:21,7530.0,800.0,2828700.0
206,2021-10-21 07:25:21,7530.0,600.0,2827900.0
207,2021-10-21 07:25:21,7530.0,1400.0,2827300.0
208,2021-10-21 07:25:21,7530.0,100.0,2825900.0
209,2021-10-21 07:25:21,7530.0,800.0,2825800.0
210,2021-10-21 07:25:21,7530.0,100.0,2825000.0
211,2021-10-21 07:25:21,7530.0,100.0,2824900.0
212,2021-10-21 07:25:21,7530.0,200.0,2824800.0
213,2021-10-21 07:25:21,7530.0,200.0,2824600.0
214,2021-10-21 07:25:19,7540.0,300.0,2824400.0
215,2021-10-21 07:25:19,7540.0,1000.0,2824100.0
216,2021-10-21 07:25:19,7540.0,2700.0,2823100.0
217,2021-10-21 07:25:12,7530.0,500.0,2820400.0
218,2021-10-21 07:25:12,7530.0,500.0,2819900.0
219,2021-10-21 07:25:07,7540.0,100.0,2819400.0
220,2021-10-21 07:24:55,7540.0,200.0,2819300.0
221,2021-10-21 07:24:55,7540.0,300.0,2819100.0
222,2021-10-21 07:24:36,7540.0,1000.0,2818800.0
223,2021-10-21 07:24:29,7540.0,700.0,2817800.0
224,2021-10-21 07:24:29,7540.0,1300.0,2817100.0
225,2021-10-21 07:24:22,7540.0,700.0,2815800.0
226,2021-10-21 07:24:22,7540.0,100.0,2815100.0
227,2021-10-21 07:24:22,7540.0,1000.0,2815000.0
228,2021-10-21 07:24:22,7540.0,200.0,2814000.0
229,2021-10-21 07:24:21,7540.0,800.0,2813800.0
230,2021-10-21 07:24:21,7540.0,14200.0,2813000.0
231,2021-10-21 07:24:16,7540.0,5000.0,2798800.0
232,2021-10-21 07:24:13,7540.0,500.0,2793800.0
233,2021-10-21 07:24:04,7540.0,300.0,2793300.0
234,2021-10-21 07:24:00,7540.0,700.0,2793000.0
235,2021-10-21 07:23:57,7530.0,300.0,2792300.0
236,2021-10-21 07:23:57,7530.0,100.0,2792000.0
237,2021-10-21 07:23:57,7530.0,100.0,2791900.0
238,2021-10-21 07:23:57,7530.0,100.0,2791800.0
239,2021-10-21 07:23:57,7530.0,200.0,2791700.0
240,2021-10-21 07:23:57,7530.0,100.0,2791500.0
241,2021-10-21 07:23:57,7530.0,100.0,2791400.0
242,2021-10-21 07:23:54,7540.0,300.0,2791300.0
243,2021-10-21 07:23:53,7540.0,200.0,2791000.0
244,2021-10-21 07:23:37,7540.0,10000.0,2790800.0
245,2021-10-21 07:23:37,7540.0,10000.0,2780800.0
246,2021-10-21 07:23:35,7540.0,10000.0,2770800.0
247,2021-10-21 07:23:27,7540.0,1500.0,2760800.0
248,2021-10-21 07:23:27,7540.0,100.0,2759300.0
249,2021-10-21 07:23:27,7540.0,100.0,2759200.0
250,2021-10-21 07:23:27,7540.0,100.0,2759100.0
251,2021-10-21 07:23:27,7540.0,500.0,2759000.0
252,2021-10-21 07:23:27,7540.0,100.0,2758500.0
253,2021-10-21 07:23:27,7540.0,1000.0,2758400.0
254,2021-10-21 07:23:27,7540.0,6600.0,2757400.0
255,2021-10-21 07:23:11,7530.0,300.0,2750800.0
256,2021-10-21 07:23:11,7530.0,2500.0,2750500.0
257,2021-10-21 07:23:11,7530.0,100.0,2748000.0
258,2021-10-21 07:23:11,7530.0,100.0,2747900.0
259,2021-10-21 07:23:11,7530.0,300.0,2747800.0
260,2021-10-21 07:23:11,7530.0,200.0,2747500.0
261,2021-10-21 07:23:11,7530.0,1400.0,2747300.0
262,2021-10-21 07:23:11,7530.0,100.0,2745900.0
263,2021-10-21 07:23:09,7540.0,3400.0,2745800.0
264,2021-10-21 07:23:09,7540.0,200.0,2742400.0
265,2021-10-21 07:23:09,7540.0,1000.0,2742200.0
266,2021-10-21 07:23:09,7540.0,500.0,2741200.0
267,2021-10-21 07:23:09,7540.0,1000.0,2740700.0
268,2021-10-21 07:23:09,7540.0,13900.0,2739700.0
269,2021-10-21 07:23:04,7530.0,300.0,2725800.0
270,2021-10-21 07:23:04,7530.0,100.0,2725500.0
271,2021-10-21 07:23:04,7530.0,100.0,2725400.0
272,2021-10-21 07:23:04,7530.0,100.0,2725300.0
273,2021-10-21 07:23:04,7530.0,400.0,2725200.0
274,2021-10-21 07:22:50,7530.0,200.0,2724800.0
275,2021-10-21 07:22:48,7530.0,400.0,2724600.0
276,2021-10-21 07:22:48,7530.0,1400.0,2724200.0
277,2021-10-21 07:22:48,7530.0,700.0,2722800.0
278,2021-10-21 07:22:48,7530.0,500.0,2722100.0
279,2021-10-21 07:22:48,7530.0,100.0,2721600.0
280,2021-10-21 07:22:48,7530.0,100.0,2721500.0
281,2021-10-21 07:22:48,7530.0,2400.0,2721400.0
282,2021-10-21 07:22:48,7530.0,900.0,2719000.0
283,2021-10-21 07:22:47,7530.0,800.0,2718100.0
284,2021-10-21 07:22:47,7530.0,100.0,2717300.0
285,2021-10-21 07:22:47,7530.0,1200.0,2717200.0
286,2021-10-21 07:22:47,7530.0,300.0,2716000.0
287,2021-10-21 07:22:47,7530.0,300.0,2715700.0
288,2021-10-21 07:22:47,7530.0,900.0,2715400.0
289,2021-10-21 07:22:47,7530.0,2000.0,2714500.0
290,2021-10-21 07:22:47,7530.0,10000.0,2712500.0
291,2021-10-21 07:22:47,7530.0,500.0,2702500.0
292,2021-10-21 07:22:47,7530.0,4100.0,2702000.0
293,2021-10-21 07:22:47,7530.0,1200.0,2697900.0
294,2021-10-21 07:22:47,7530.0,300.0,2696700.0
295,2021-10-21 07:22:47,7530.0,400.0,2696400.0
296,2021-10-21 07:22:47,7530.0,100.0,2696000.0
297,2021-10-21 07:22:47,7530.0,1900.0,2695900.0
298,2021-10-21 07:22:47,7530.0,1500.0,2694000.0
299,2021-10-21 07:22:44,7500.0,8800.0,2692500.0
300,2021-10-21 07:22:44,7510.0,100.0,2683700.0
301,2021-10-21 07:22:44,7510.0,900.0,2683600.0
302,2021-10-21 07:22:44,7520.0,200.0,2682700.0
303,2021-10-21 07:22:40,7530.0,500.0,2682500.0
304,2021-10-21 07:22:28,7530.0,300.0,2682000.0
305,2021-10-21 07:22:27,7530.0,100.0,2681700.0
306,2021-10-21 07:22:27,7530.0,100.0,2681600.0
307,2021-10-21 07:22:27,7530.0,900.0,2681500.0
308,2021-10-21 07:22:26,7530.0,100.0,2680600.0
309,2021-10-21 07:22:24,7530.0,10000.0,2680500.0
310,2021-10-21 07:22:23,7530.0,1600.0,2670500.0
311,2021-10-21 07:22:23,7530.0,200.0,2668900.0
312,2021-10-21 07:22:23,7530.0,100.0,2668700.0
313,2021-10-21 07:22:23,7530.0,1400.0,2668600.0
314,2021-10-21 07:22:20,7530.0,1700.0,2667200.0
315,2021-10-21 07:22:20,7530.0,1000.0,2665500.0
316,2021-10-21 07:22:20,7530.0,300.0,2664500.0
317,2021-10-21 07:22:20,7530.0,600.0,2664200.0
318,2021-10-21 07:22:20,7530.0,100.0,2663600.0
319,2021-10-21 07:22:20,7530.0,1300.0,2663500.0
320,2021-10-21 07:22:19,7530.0,600.0,2662200.0
321,2021-10-21 07:22:19,7530.0,1200.0,2661600.0
322,2021-10-21 07:22:19,7530.0,1000.0,2660400.0
323,2021-10-21 07:22:19,7530.0,100.0,2659400.0
324,2021-10-21 07:22:19,7530.0,1900.0,2659300.0
325,2021-10-21 07:22:19,7530.0,100.0,2657400.0
326,2021-10-21 07:22:19,7530.0,900.0,2657300.0
327,2021-10-21 07:22:19,7530.0,100.0,2656400.0
328,2021-10-21 07:22:19,7530.0,600.0,2656300.0
329,2021-10-21 07:22:19,7530.0,300.0,2655700.0
330,2021-10-21 07:22:19,7530.0,600.0,2655400.0
331,2021-10-21 07:22:19,7530.0,100.0,2654800.0
332,2021-10-21 07:22:19,7530.0,100.0,2654700.0
333,2021-10-21 07:22:19,7530.0,500.0,2654600.0
334,2021-10-21 07:22:19,7530.0,100.0,2654100.0
335,2021-10-21 07:22:19,7530.0,200.0,2654000.0
336,2021-10-21 07:22:19,7530.0,400.0,2653800.0
337,2021-10-21 07:22:19,7530.0,1200.0,2653400.0
338,2021-10-21 07:22:18,7530.0,100.0,2652200.0
339,2021-10-21 07:22:05,7530.0,19300.0,2652100.0
340,2021-10-21 07:22:05,7530.0,700.0,2632800.0
341,2021-10-21 07:22:05,7530.0,300.0,2632100.0
342,2021-10-21 07:22:05,7530.0,400.0,2631800.0
343,2021-10-21 07:22:05,7530.0,300.0,2631400.0
344,2021-10-21 07:21:54,7530.0,400.0,2631100.0
345,2021-10-21 07:21:54,7530.0,300.0,2630700.0
346,2021-10-21 07:21:54,7530.0,1900.0,2630400.0
347,2021-10-21 07:21:54,7530.0,100.0,2628500.0
348,2021-10-21 07:21:54,7530.0,1000.0,2628400.0
349,2021-10-21 07:21:54,7530.0,100.0,2627400.0
350,2021-10-21 07:21:54,7530.0,400.0,2627300.0
351,2021-10-21 07:21:54,7530.0,500.0,2626900.0
352,2021-10-21 07:21:54,7530.0,100.0,2626400.0
353,2021-10-21 07:21:54,7530.0,300.0,2626300.0
354,2021-10-21 07:21:54,7530.0,2100.0,2626000.0
355,2021-10-21 07:21:54,7530.0,100.0,2623900.0
356,2021-10-21 07:21:54,7530.0,100.0,2623800.0
357,2021-10-21 07:21:54,7530.0,200.0,2623700.0
358,2021-10-21 07:21:54,7530.0,300.0,2623500.0
359,2021-10-21 07:21:54,7530.0,1000.0,2623200.0
360,2021-10-21 07:21:54,7530.0,200.0,2622200.0
361,2021-10-21 07:21:54,7530.0,100.0,2622000.0
362,2021-10-21 07:21:54,7530.0,300.0,2621900.0
363,2021-10-21 07:21:54,7530.0,400.0,2621600.0
364,2021-10-21 07:21:54,7530.0,2000.0,2621200.0
365,2021-10-21 07:21:54,7530.0,200.0,2619200.0
366,2021-10-21 07:21:54,7530.0,900.0,2619000.0
367,2021-10-21 07:21:54,7530.0,200.0,2618100.0
368,2021-10-21 07:21:54,7530.0,700.0,2617900.0
369,2021-10-21 07:21:54,7530.0,1600.0,2617200.0
370,2021-10-21 07:21:54,7530.0,3700.0,2615600.0
371,2021-10-21 07:21:54,7530.0,300.0,2611900.0
372,2021-10-21 07:21:54,7530.0,200.0,2611600.0
373,2021-10-21 07:21:54,7530.0,100.0,2611400.0
374,2021-10-21 07:21:54,7530.0,100.0,2611300.0
375,2021-10-21 07:21:54,7530.0,300.0,2611200.0
376,2021-10-21 07:21:54,7530.0,4900.0,2610900.0
377,2021-10-21 07:21:54,7530.0,1900.0,2606000.0
378,2021-10-21 07:21:54,7530.0,900.0,2604100.0
379,2021-10-21 07:21:54,7530.0,300.0,2603200.0
380,2021-10-21 07:21:54,7530.0,200.0,2602900.0
381,2021-10-21 07:21:54,7530.0,1400.0,2602700.0
382,2021-10-21 07:21:54,7530.0,200.0,2601300.0
383,2021-10-21 07:21:50,7540.0,1000.0,2601100.0
384,2021-10-21 07:21:31,7530.0,200.0,2600100.0
385,2021-10-21 07:21:17,7530.0,1200.0,2599900.0
386,2021-10-21 07:21:17,7530.0,100.0,2598700.0
387,2021-10-21 07:21:17,7530.0,100.0,2598600.0
388,2021-10-21 07:21:17,7530.0,100.0,2598500.0
389,2021-10-21 07:21:17,7530.0,1200.0,2598400.0
390,2021-10-21 07:21:17,7530.0,600.0,2597200.0
391,2021-10-21 07:21:17,7530.0,100.0,2596600.0
392,2021-10-21 07:21:17,7530.0,100.0,2596500.0
393,2021-10-21 07:21:17,7530.0,200.0,2596400.0
394,2021-10-21 07:21:17,7530.0,100.0,2596200.0
395,2021-10-21 07:21:17,7530.0,100.0,2596100.0
396,2021-10-21 07:21:17,7530.0,100.0,2596000.0
397,2021-10-21 07:21:17,7530.0,600.0,2595900.0
398,2021-10-21 07:21:17,7530.0,100.0,2595300.0
399,2021-10-21 07:21:17,7530.0,300.0,2595200.0
400,2021-10-21 07:21:15,7530.0,700.0,2594900.0
401,2021-10-21 07:21:15,7530.0,300.0,2594200.0
402,2021-10-21 07:21:10,7530.0,600.0,2593900.0
403,2021-10-21 07:21:10,7530.0,100.0,2593300.0
404,2021-10-21 07:21:10,7530.0,900.0,2593200.0
405,2021-10-21 07:21:10,7530.0,500.0,2592300.0
406,2021-10-21 07:21:10,7530.0,600.0,2591800.0
407,2021-10-21 07:21:09,7530.0,300.0,2591200.0
408,2021-10-21 07:21:09,7530.0,400.0,2590900.0
409,2021-10-21 07:21:09,7530.0,100.0,2590500.0
410,2021-10-21 07:21:09,7530.0,1600.0,2590400.0
411,2021-10-21 07:21:09,7530.0,200.0,2588800.0
412,2021-10-21 07:21:09,7530.0,200.0,2588600.0
413,2021-10-21 07:21:09,7530.0,900.0,2588400.0
414,2021-10-21 07:21:09,7530.0,400.0,2587500.0
415,2021-10-21 07:21:09,7530.0,200.0,2587100.0
416,2021-10-21 07:21:09,7530.0,100.0,2586900.0
417,2021-10-21 07:21:09,7530.0,300.0,2586800.0
418,2021-10-21 07:21:09,7530.0,900.0,2586500.0
419,2021-10-21 07:21:09,7530.0,600.0,2585600.0
420,2021-10-21 07:21:09,7530.0,100.0,2585000.0
421,2021-10-21 07:21:09,7530.0,100.0,2584900.0
422,2021-10-21 07:21:08,7530.0,100.0,2584800.0
423,2021-10-21 07:21:08,7530.0,100.0,2584700.0
424,2021-10-21 07:21:08,7530.0,1600.0,2584600.0
425,2021-10-21 07:21:08,7530.0,200.0,2583000.0
426,2021-10-21 07:21:08,7530.0,300.0,2582800.0
427,2021-10-21 07:21:08,7530.0,400.0,2582500.0
428,2021-10-21 07:21:08,7530.0,1000.0,2582100.0
429,2021-10-21 07:21:08,7530.0,200.0,2581100.0
430,2021-10-21 07:21:08,7530.0,200.0,2580900.0
431,2021-10-21 07:21:08,7530.0,100.0,2580700.0
432,2021-10-21 07:21:08,7530.0,100.0,2580600.0
433,2021-10-21 07:21:08,7530.0,100.0,2580500.0
434,2021-10-21 07:21:08,7530.0,100.0,2580400.0
435,2021-10-21 07:21:08,7530.0,300.0,2580300.0
436,2021-10-21 07:21:08,7530.0,200.0,2580000.0
437,2021-10-21 07:21:08,7530.0,2900.0,2579800.0
438,2021-10-21 07:21:07,7530.0,100.0,2576900.0
439,2021-10-21 07:21:07,7530.0,100.0,2576800.0
440,2021-10-21 07:21:07,7530.0,300.0,2576700.0
441,2021-10-21 07:21:07,7530.0,400.0,2576400.0
442,2021-10-21 07:21:07,7530.0,200.0,2576000.0
443,2021-10-21 07:21:07,7530.0,900.0,2575800.0
444,2021-10-21 07:21:07,7530.0,100.0,2574900.0
445,2021-10-21 07:21:07,7530.0,500.0,2574800.0
446,2021-10-21 07:21:07,7530.0,200.0,2574300.0
447,2021-10-21 07:21:07,7530.0,1000.0,2574100.0
448,2021-10-21 07:21:07,7530.0,2300.0,2573100.0
449,2021-10-21 07:21:07,7530.0,2700.0,2570800.0
450,2021-10-21 07:21:06,7530.0,200.0,2568100.0
451,2021-10-21 07:21:06,7530.0,7000.0,2567900.0
452,2021-10-21 07:21:06,7530.0,10000.0,2560900.0
453,2021-10-21 07:21:06,7530.0,100.0,2550900.0
454,2021-10-21 07:21:06,7530.0,800.0,2550800.0
455,2021-10-21 07:21:06,7530.0,500.0,2550000.0
456,2021-10-21 07:21:06,7530.0,200.0,2549500.0
457,2021-10-21 07:21:06,7520.0,1000.0,2549300.0
458,2021-10-21 07:21:06,7520.0,500.0,2548300.0
459,2021-10-21 07:21:06,7520.0,400.0,2547800.0
460,2021-10-21 07:21:06,7520.0,1400.0,2547400.0
461,2021-10-21 07:21:06,7520.0,1000.0,2546000.0
462,2021-10-21 07:21:06,7520.0,400.0,2545000.0
463,2021-10-21 07:21:06,7520.0,200.0,2544600.0
464,2021-10-21 07:21:06,7520.0,1300.0,2544400.0
465,2021-10-21 07:21:06,7520.0,400.0,2543100.0
466,2021-10-21 07:21:06,7520.0,500.0,2542700.0
467,2021-10-21 07:21:06,7520.0,2200.0,2542200.0
468,2021-10-21 07:21:06,7520.0,1700.0,2540000.0
469,2021-10-21 07:21:03,7500.0,10000.0,2538300.0
470,2021-10-21 07:21:03,7500.0,100.0,2528300.0
471,2021-10-21 07:21:00,7500.0,1000.0,2528200.0
472,2021-10-21 07:20:35,7500.0,2000.0,2527200.0
473,2021-10-21 07:20:35,7500.0,4900.0,2525200.0
474,2021-10-21 07:20:27,7500.0,19900.0,2520300.0
475,2021-10-21 07:20:19,7500.0,25200.0,2500400.0
476,2021-10-21 07:20:19,7500.0,1000.0,2475200.0
477,2021-10-21 07:20:19,7500.0,10000.0,2474200.0
478,2021-10-21 07:20:19,7500.0,2000.0,2464200.0
479,2021-10-21 07:20:19,7500.0,900.0,2462200.0
480,2021-10-21 07:20:19,7500.0,2000.0,2461300.0
481,2021-10-21 07:20:19,7500.0,800.0,2459300.0
482,2021-10-21 07:20:19,7500.0,8100.0,2458500.0
483,2021-10-21 07:20:12,7500.0,4900.0,2450400.0
484,2021-10-21 07:20:12,7510.0,100.0,2445500.0
485,2021-10-21 07:19:59,7500.0,37000.0,2445400.0
486,2021-10-21 07:19:59,7500.0,5000.0,2408400.0
487,2021-10-21 07:19:59,7500.0,1000.0,2403400.0
488,2021-10-21 07:19:59,7510.0,5000.0,2402400.0
489,2021-10-21 07:19:59,7510.0,200.0,2397400.0
490,2021-10-21 07:19:59,7520.0,1000.0,2397200.0
491,2021-10-21 07:19:59,7520.0,800.0,2396200.0
492,2021-10-21 07:19:42,7520.0,900.0,2395400.0
493,2021-10-21 07:19:37,7530.0,500.0,2394500.0
494,2021-10-21 07:19:22,7530.0,300.0,2394000.0
495,2021-10-21 07:19:21,7540.0,1500.0,2393700.0
496,2021-10-21 07:19:17,7530.0,100.0,2392200.0
497,2021-10-21 07:19:12,7530.0,400.0,2392100.0
498,2021-10-21 07:19:09,7530.0,100.0,2391700.0
499,2021-10-21 07:19:04,7530.0,500.0,2391600.0
500,2021-10-21 07:18:49,7540.0,100.0,2391100.0
501,2021-10-21 07:18:49,7530.0,900.0,2391000.0
502,2021-10-21 07:18:41,7530.0,100.0,2390100.0
503,2021-10-21 07:18:25,7540.0,700.0,2390000.0
504,2021-10-21 07:18:25,7540.0,1500.0,2389300.0
505,2021-10-21 07:18:25,7540.0,200.0,2387800.0
506,2021-10-21 07:18:25,7540.0,4500.0,2387600.0
507,2021-10-21 07:18:22,7530.0,100.0,2383100.0
508,2021-10-21 07:18:22,7530.0,100.0,2383000.0
509,2021-10-21 07:18:22,7530.0,200.0,2382900.0
510,2021-10-21 07:18:19,7520.0,100.0,2382700.0
511,2021-10-21 07:18:17,7520.0,1000.0,2382600.0
512,2021-10-21 07:18:13,7520.0,500.0,2381600.0
513,2021-10-21 07:18:13,7520.0,100.0,2381100.0
514,2021-10-21 07:18:13,7520.0,800.0,2381000.0
515,2021-10-21 07:18:13,7520.0,500.0,2380200.0
516,2021-10-21 07:18:13,7520.0,300.0,2379700.0
517,2021-10-21 07:18:10,7510.0,500.0,2379400.0
518,2021-10-21 07:18:08,7520.0,200.0,2378900.0
519,2021-10-21 07:18:08,7520.0,100.0,2378700.0
520,2021-10-21 07:17:58,7510.0,100.0,2378600.0
521,2021-10-21 07:17:58,7510.0,100.0,2378500.0
522,2021-10-21 07:17:58,7510.0,100.0,2378400.0
523,2021-10-21 07:17:58,7510.0,100.0,2378300.0
524,2021-10-21 07:17:50,7510.0,100.0,2378200.0
525,2021-10-21 07:17:44,7500.0,1200.0,2378100.0
526,2021-10-21 07:17:43,7500.0,2600.0,2376900.0
527,2021-10-21 07:17:42,7500.0,400.0,2374300.0
528,2021-10-21 07:17:42,7500.0,100.0,2373900.0
529,2021-10-21 07:17:42,7500.0,500.0,2373800.0
530,2021-10-21 07:17:42,7500.0,1000.0,2373300.0
531,2021-10-21 07:17:42,7500.0,1000.0,2372300.0
532,2021-10-21 07:17:42,7500.0,5000.0,2371300.0
533,2021-10-21 07:17:42,7500.0,500.0,2366300.0
534,2021-10-21 07:17:42,7500.0,2000.0,2365800.0
535,2021-10-21 07:17:42,7500.0,1000.0,2363800.0
536,2021-10-21 07:17:42,7500.0,100.0,2362800.0
537,2021-10-21 07:17:42,7500.0,2000.0,2362700.0
538,2021-10-21 07:17:42,7500.0,2000.0,2360700.0
539,2021-10-21 07:17:42,7500.0,200.0,2358700.0
540,2021-10-21 07:17:42,7500.0,100.0,2358500.0
541,2021-10-21 07:17:42,7500.0,2000.0,2358400.0
542,2021-10-21 07:17:42,7500.0,1000.0,2356400.0
543,2021-10-21 07:17:42,7500.0,400.0,2355400.0
544,2021-10-21 07:17:42,7500.0,1000.0,2355000.0
545,2021-10-21 07:17:42,7500.0,500.0,2354000.0
546,2021-10-21 07:17:42,7500.0,1000.0,2353500.0
547,2021-10-21 07:17:42,7500.0,500.0,2352500.0
548,2021-10-21 07:17:42,7500.0,3000.0,2352000.0
549,2021-10-21 07:17:42,7500.0,500.0,2349000.0
550,2021-10-21 07:17:42,7500.0,200.0,2348500.0
551,2021-10-21 07:17:42,7500.0,1500.0,2348300.0
552,2021-10-21 07:17:42,7500.0,10000.0,2346800.0
553,2021-10-21 07:17:42,7500.0,400.0,2336800.0
554,2021-10-21 07:17:42,7500.0,800.0,2336400.0
555,2021-10-21 07:17:42,7500.0,100.0,2335600.0
556,2021-10-21 07:17:42,7500.0,1200.0,2335500.0
557,2021-10-21 07:17:42,7500.0,10000.0,2334300.0
558,2021-10-21 07:17:37,7500.0,2000.0,2324300.0
559,2021-10-21 07:17:37,7500.0,2000.0,2322300.0
560,2021-10-21 07:17:37,7500.0,6000.0,2320300.0
561,2021-10-21 07:17:35,7500.0,4000.0,2314300.0
562,2021-10-21 07:17:35,7500.0,2600.0,2310300.0
563,2021-10-21 07:17:35,7500.0,2400.0,2307700.0
564,2021-10-21 07:17:31,7500.0,11900.0,2305300.0
565,2021-10-21 07:17:31,7500.0,200.0,2293400.0
566,2021-10-21 07:17:30,7500.0,500.0,2293200.0
567,2021-10-21 07:17:30,7500.0,3000.0,2292700.0
568,2021-10-21 07:17:30,7500.0,100.0,2289700.0
569,2021-10-21 07:17:30,7500.0,400.0,2289600.0
570,2021-10-21 07:17:28,7500.0,2000.0,2289200.0
571,2021-10-21 07:17:24,7500.0,5500.0,2287200.0
572,2021-10-21 07:17:24,7500.0,1000.0,2281700.0
573,2021-10-21 07:17:24,7500.0,700.0,2280700.0
574,2021-10-21 07:17:24,7500.0,500.0,2280000.0
575,2021-10-21 07:17:24,7500.0,2300.0,2279500.0
576,2021-10-21 07:17:24,7500.0,700.0,2277200.0
577,2021-10-21 07:17:24,7500.0,300.0,2276500.0
578,2021-10-21 07:17:14,7500.0,300.0,2276200.0
579,2021-10-21 07:17:14,7500.0,1000.0,2275900.0
580,2021-10-21 07:17:14,7500.0,300.0,2274900.0
581,2021-10-21 07:17:14,7500.0,500.0,2274600.0
582,2021-10-21 07:17:14,7500.0,500.0,2274100.0
583,2021-10-21 07:17:14,7500.0,100.0,2273600.0
584,2021-10-21 07:17:14,7500.0,200.0,2273500.0
585,2021-10-21 07:17:14,7500.0,100.0,2273300.0
586,2021-10-21 07:17:10,7500.0,300.0,2273200.0
587,2021-10-21 07:17:10,7500.0,4700.0,2272900.0
588,2021-10-21 07:17:09,7500.0,1000.0,2268200.0
589,2021-10-21 07:17:09,7500.0,100.0,2267200.0
590,2021-10-21 07:17:09,7500.0,2500.0,2267100.0
591,2021-10-21 07:17:09,7500.0,500.0,2264600.0
592,2021-10-21 07:17:09,7500.0,2300.0,2264100.0
593,2021-10-21 07:17:09,7500.0,1600.0,2261800.0
594,2021-10-21 07:17:00,7500.0,400.0,2260200.0
595,2021-10-21 07:17:00,7500.0,2500.0,2259800.0
596,2021-10-21 07:17:00,7500.0,1700.0,2257300.0
597,2021-10-21 07:17:00,7500.0,200.0,2255600.0
598,2021-10-21 07:17:00,7500.0,10200.0,2255400.0
599,2021-10-21 07:16:17,7490.0,4400.0,2245200.0
600,2021-10-21 07:16:17,7490.0,500.0,2240800.0
601,2021-10-21 07:16:17,7490.0,2000.0,2240300.0
602,2021-10-21 07:16:17,7490.0,1900.0,2238300.0
603,2021-10-21 07:15:47,7490.0,2600.0,2236400.0
604,2021-10-21 07:15:47,7490.0,100.0,2233800.0
605,2021-10-21 07:15:46,7490.0,700.0,2233700.0
606,2021-10-21 07:15:46,7490.0,300.0,2233000.0
607,2021-10-21 07:15:39,7490.0,200.0,2232700.0
608,2021-10-21 07:15:39,7490.0,300.0,2232500.0
609,2021-10-21 07:15:39,7490.0,4500.0,2232200.0
610,2021-10-21 07:15:36,7490.0,500.0,2227700.0
611,2021-10-21 07:15:33,7480.0,1000.0,2227200.0
612,2021-10-21 07:15:32,7480.0,600.0,2226200.0
613,2021-10-21 07:15:32,7480.0,1100.0,2225600.0
614,2021-10-21 07:15:32,7480.0,1400.0,2224500.0
615,2021-10-21 07:15:32,7480.0,600.0,2223100.0
616,2021-10-21 07:15:30,7480.0,4000.0,2222500.0
617,2021-10-21 07:15:30,7480.0,1000.0,2218500.0
618,2021-10-21 07:15:26,7480.0,1000.0,2217500.0
619,2021-10-21 07:15:14,7470.0,1000.0,2216500.0
620,2021-10-21 07:15:14,7470.0,300.0,2215500.0
621,2021-10-21 07:15:14,7470.0,1000.0,2215200.0
622,2021-10-21 07:15:14,7470.0,3900.0,2214200.0
623,2021-10-21 07:15:14,7460.0,200.0,2210300.0
624,2021-10-21 07:15:14,7460.0,4300.0,2210100.0
625,2021-10-21 07:15:14,7460.0,900.0,2205800.0
626,2021-10-21 07:15:14,7460.0,1000.0,2204900.0
627,2021-10-21 07:15:14,7460.0,1100.0,2203900.0
628,2021-10-21 07:15:13,7460.0,1000.0,2202800.0
629,2021-10-21 07:15:10,7460.0,20000.0,2201800.0
630,2021-10-21 07:15:06,7460.0,20000.0,2181800.0
631,2021-10-21 07:15:02,7460.0,20000.0,2161800.0
632,2021-10-21 07:14:38,7460.0,1400.0,2141800.0
633,2021-10-21 07:14:35,7460.0,10000.0,2140400.0
634,2021-10-21 07:14:12,7460.0,3000.0,2130400.0
635,2021-10-21 07:14:01,7460.0,1000.0,2127400.0
636,2021-10-21 07:13:52,7460.0,2000.0,2126400.0
637,2021-10-21 07:13:47,7460.0,1000.0,2124400.0
638,2021-10-21 07:13:44,7460.0,1000.0,2123400.0
639,2021-10-21 07:13:19,7460.0,300.0,2122400.0
640,2021-10-21 07:13:04,7460.0,3000.0,2122100.0
641,2021-10-21 07:13:01,7460.0,200.0,2119100.0
642,2021-10-21 07:12:48,7460.0,2000.0,2118900.0
643,2021-10-21 07:12:16,7450.0,300.0,2116900.0
644,2021-10-21 07:12:13,7450.0,500.0,2116600.0
645,2021-10-21 07:12:13,7450.0,500.0,2116100.0
646,2021-10-21 07:12:13,7450.0,5000.0,2115600.0
647,2021-10-21 07:12:13,7450.0,200.0,2110600.0
648,2021-10-21 07:12:13,7450.0,2000.0,2110400.0
649,2021-10-21 07:12:13,7450.0,100.0,2108400.0
650,2021-10-21 07:12:13,7450.0,300.0,2108300.0
651,2021-10-21 07:12:13,7450.0,5000.0,2108000.0
652,2021-10-21 07:12:13,7450.0,500.0,2103000.0
653,2021-10-21 07:12:13,7450.0,300.0,2102500.0
654,2021-10-21 07:12:13,7450.0,1500.0,2102200.0
655,2021-10-21 07:12:13,7450.0,500.0,2100700.0
656,2021-10-21 07:12:13,7450.0,1000.0,2100200.0
657,2021-10-21 07:12:13,7450.0,500.0,2099200.0
658,2021-10-21 07:12:13,7450.0,1000.0,2098700.0
659,2021-10-21 07:12:13,7450.0,800.0,2097700.0
660,2021-10-21 07:11:50,7440.0,1300.0,2096900.0
661,2021-10-21 07:11:29,7440.0,400.0,2095600.0
662,2021-10-21 07:11:29,7440.0,2500.0,2095200.0
663,2021-10-21 07:11:19,7440.0,200.0,2092700.0
664,2021-10-21 07:10:48,7440.0,100.0,2092500.0
665,2021-10-21 07:10:23,7440.0,500.0,2092400.0
666,2021-10-21 07:10:23,7440.0,2000.0,2091900.0
667,2021-10-21 07:10:23,7440.0,1500.0,2089900.0
668,2021-10-21 07:10:20,7440.0,500.0,2088400.0
669,2021-10-21 07:10:20,7440.0,1000.0,2087900.0
670,2021-10-21 07:10:20,7440.0,3500.0,2086900.0
671,2021-10-21 07:09:53,7440.0,1500.0,2083400.0
672,2021-10-21 07:09:53,7440.0,200.0,2081900.0
673,2021-10-21 07:09:53,7440.0,300.0,2081700.0
674,2021-10-21 07:08:33,7440.0,1000.0,2081400.0
675,2021-10-21 07:08:28,7440.0,3700.0,2080400.0
676,2021-10-21 07:08:28,7440.0,100.0,2076700.0
677,2021-10-21 07:08:28,7440.0,100.0,2076600.0
678,2021-10-21 07:08:28,7440.0,400.0,2076500.0
679,2021-10-21 07:08:28,7440.0,5700.0,2076100.0
680,2021-10-21 07:07:59,7440.0,1000.0,2070400.0
681,2021-10-21 07:07:49,7440.0,3300.0,2069400.0
682,2021-10-21 07:07:49,7440.0,100.0,2066100.0
683,2021-10-21 07:07:49,7440.0,900.0,2066000.0
684,2021-10-21 07:07:49,7440.0,45700.0,2065100.0
685,2021-10-21 07:07:15,7430.0,200.0,2019400.0
686,2021-10-21 07:07:10,7440.0,2000.0,2019200.0
687,2021-10-21 07:06:51,7430.0,1000.0,2017200.0
688,2021-10-21 07:06:51,7430.0,300.0,2016200.0
689,2021-10-21 07:05:19,7430.0,800.0,2015900.0
690,2021-10-21 07:04:47,7430.0,300.0,2015100.0
691,2021-10-21 07:03:50,7430.0,600.0,2014800.0
692,2021-10-21 07:03:50,7430.0,2000.0,2014200.0
693,2021-10-21 07:03:50,7430.0,2000.0,2012200.0
694,2021-10-21 07:03:50,7430.0,400.0,2010200.0
695,2021-10-21 07:01:53,7430.0,200.0,2009800.0
696,2021-10-21 07:01:39,7440.0,10000.0,2009600.0
697,2021-10-21 07:00:44,7430.0,1400.0,1999600.0
698,2021-10-21 07:00:33,7440.0,200.0,1998200.0
699,2021-10-21 07:00:01,7440.0,4000.0,1998000.0
700,2021-10-21 06:59:25,7430.0,100.0,1994000.0
701,2021-10-21 06:59:15,7430.0,1000.0,1993900.0
702,2021-10-21 06:59:00,7430.0,1000.0,1992900.0
703,2021-10-21 06:59:00,7430.0,900.0,1991900.0
704,2021-10-21 06:58:41,7430.0,100.0,1991000.0
705,2021-10-21 06:58:34,7420.0,400.0,1990900.0
706,2021-10-21 06:57:12,7420.0,200.0,1990500.0
707,2021-10-21 06:56:33,7420.0,2200.0,1990300.0
708,2021-10-21 06:55:04,7430.0,200.0,1988100.0
709,2021-10-21 06:54:15,7430.0,300.0,1987900.0
710,2021-10-21 06:54:09,7420.0,100.0,1987600.0
711,2021-10-21 06:53:45,7430.0,1000.0,1987500.0
712,2021-10-21 06:53:33,7430.0,100.0,1986500.0
713,2021-10-21 06:53:33,7430.0,600.0,1986400.0
714,2021-10-21 06:53:08,7430.0,400.0,1985800.0
715,2021-10-21 06:53:08,7430.0,100.0,1985400.0
716,2021-10-21 06:52:44,7430.0,100.0,1985300.0
717,2021-10-21 06:52:41,7430.0,100.0,1985200.0
718,2021-10-21 06:52:29,7430.0,2000.0,1985100.0
719,2021-10-21 06:52:27,7420.0,5000.0,1983100.0
720,2021-10-21 06:52:19,7430.0,1400.0,1978100.0
721,2021-10-21 06:52:19,7430.0,5000.0,1976700.0
722,2021-10-21 06:52:19,7430.0,1000.0,1971700.0
723,2021-10-21 06:52:19,7430.0,500.0,1970700.0
724,2021-10-21 06:52:19,7430.0,12100.0,1970200.0
725,2021-10-21 06:51:45,7420.0,2000.0,1958100.0
726,2021-10-21 06:51:08,7420.0,400.0,1956100.0
727,2021-10-21 06:51:06,7430.0,500.0,1955700.0
728,2021-10-21 06:51:04,7430.0,5000.0,1955200.0
729,2021-10-21 06:50:24,7430.0,1000.0,1950200.0
730,2021-10-21 06:49:40,7430.0,4000.0,1949200.0
731,2021-10-21 06:49:25,7430.0,1000.0,1945200.0
732,2021-10-21 06:49:25,7430.0,5000.0,1944200.0
733,2021-10-21 06:49:00,7430.0,2000.0,1939200.0
734,2021-10-21 06:48:59,7430.0,3400.0,1937200.0
735,2021-10-21 06:48:39,7430.0,2400.0,1933800.0
736,2021-10-21 06:47:37,7430.0,13600.0,1931400.0
737,2021-10-21 06:47:37,7430.0,400.0,1917800.0
738,2021-10-21 06:47:37,7430.0,800.0,1917400.0
739,2021-10-21 06:47:06,7420.0,800.0,1916600.0
740,2021-10-21 06:46:03,7430.0,200.0,1915800.0
741,2021-10-21 06:46:03,7430.0,1500.0,1915600.0
742,2021-10-21 06:45:46,7430.0,500.0,1914100.0
743,2021-10-21 06:45:37,7430.0,600.0,1913600.0
744,2021-10-21 06:45:37,7430.0,1000.0,1913000.0
745,2021-10-21 06:45:37,7430.0,800.0,1912000.0
746,2021-10-21 06:45:29,7430.0,25000.0,1911200.0
747,2021-10-21 06:45:18,7420.0,500.0,1886200.0
748,2021-10-21 06:45:05,7430.0,20000.0,1885700.0
749,2021-10-21 06:44:47,7420.0,100.0,1865700.0
750,2021-10-21 06:44:35,7420.0,100.0,1865600.0
751,2021-10-21 06:43:44,7420.0,600.0,1865500.0
752,2021-10-21 06:42:32,7420.0,1000.0,1864900.0
753,2021-10-21 06:42:31,7420.0,5000.0,1863900.0
754,2021-10-21 06:42:31,7420.0,4000.0,1858900.0
755,2021-10-21 06:42:31,7420.0,900.0,1854900.0
756,2021-10-21 06:42:29,7420.0,100.0,1854000.0
757,2021-10-21 06:42:29,7420.0,1300.0,1853900.0
758,2021-10-21 06:41:03,7420.0,300.0,1852600.0
759,2021-10-21 06:40:45,7430.0,200.0,1852300.0
760,2021-10-21 06:40:14,7420.0,7100.0,1852100.0
761,2021-10-21 06:40:14,7420.0,2900.0,1845000.0
762,2021-10-21 06:39:56,7430.0,100.0,1842100.0
763,2021-10-21 06:39:44,7430.0,1000.0,1842000.0
764,2021-10-21 06:39:37,7420.0,100.0,1841000.0
765,2021-10-21 06:39:37,7420.0,500.0,1840900.0
766,2021-10-21 06:39:37,7420.0,600.0,1840400.0
767,2021-10-21 06:39:37,7420.0,2000.0,1839800.0
768,2021-10-21 06:39:37,7420.0,700.0,1837800.0
769,2021-10-21 06:39:22,7430.0,2900.0,1837100.0
770,2021-10-21 06:38:43,7430.0,100.0,1834200.0
771,2021-10-21 06:38:25,7430.0,2000.0,1834100.0
772,2021-10-21 06:34:49,7440.0,100.0,1832100.0
773,2021-10-21 06:34:49,7440.0,3300.0,1832000.0
774,2021-10-21 06:34:49,7430.0,1200.0,1828700.0
775,2021-10-21 06:34:49,7430.0,100.0,1827500.0
776,2021-10-21 06:34:49,7430.0,500.0,1827400.0
777,2021-10-21 06:34:49,7430.0,1000.0,1826900.0
778,2021-10-21 06:34:49,7430.0,13800.0,1825900.0
779,2021-10-21 06:32:32,7420.0,300.0,1812100.0
780,2021-10-21 06:32:32,7420.0,400.0,1811800.0
781,2021-10-21 06:31:53,7430.0,1000.0,1811400.0
782,2021-10-21 06:31:13,7430.0,300.0,1810400.0
783,2021-10-21 06:30:55,7430.0,300.0,1810100.0
784,2021-10-21 06:29:17,7420.0,500.0,1809800.0
785,2021-10-21 06:28:46,7430.0,2000.0,1809300.0
786,2021-10-21 06:28:45,7420.0,200.0,1807300.0
787,2021-10-21 06:28:28,7420.0,200.0,1807100.0
788,2021-10-21 06:27:48,7430.0,1000.0,1806900.0
789,2021-10-21 06:27:48,7430.0,1500.0,1805900.0
790,2021-10-21 06:27:46,7440.0,400.0,1804400.0
791,2021-10-21 06:26:20,7430.0,100.0,1804000.0
792,2021-10-21 06:26:20,7430.0,1000.0,1803900.0
793,2021-10-21 06:26:20,7430.0,2400.0,1802900.0
794,2021-10-21 06:26:10,7430.0,1000.0,1800500.0
795,2021-10-21 06:26:01,7430.0,8000.0,1799500.0
796,2021-10-21 06:25:29,7430.0,500.0,1791500.0
797,2021-10-21 06:25:22,7430.0,1000.0,1791000.0
798,2021-10-21 06:24:34,7430.0,1000.0,1790000.0
799,2021-10-21 06:24:31,7430.0,1200.0,1789000.0
800,2021-10-21 06:24:29,7430.0,3500.0,1787800.0
801,2021-10-21 06:24:26,7430.0,400.0,1784300.0
802,2021-10-21 06:24:21,7430.0,10000.0,1783900.0
803,2021-10-21 06:24:10,7430.0,1000.0,1773900.0
804,2021-10-21 06:23:54,7440.0,1300.0,1772900.0
805,2021-10-21 06:23:54,7440.0,700.0,1771600.0
806,2021-10-21 06:23:43,7440.0,300.0,1770900.0
807,2021-10-21 06:23:43,7440.0,200.0,1770600.0
808,2021-10-21 06:23:43,7440.0,100.0,1770400.0
809,2021-10-21 06:23:43,7440.0,400.0,1770300.0
810,2021-10-21 06:23:39,7440.0,5000.0,1769900.0
811,2021-10-21 06:23:29,7440.0,300.0,1764900.0
812,2021-10-21 06:22:40,7440.0,10600.0,1764600.0
813,2021-10-21 06:22:40,7430.0,700.0,1754000.0
814,2021-10-21 06:22:40,7430.0,200.0,1753300.0
815,2021-10-21 06:22:40,7430.0,1000.0,1753100.0
816,2021-10-21 06:21:37,7420.0,200.0,1752100.0
817,2021-10-21 06:21:37,7420.0,500.0,1751900.0
818,2021-10-21 06:21:07,7410.0,900.0,1751400.0
819,2021-10-21 06:21:07,7410.0,100.0,1750500.0
820,2021-10-21 06:20:13,7410.0,200.0,1750400.0
821,2021-10-21 06:19:37,7410.0,100.0,1750200.0
822,2021-10-21 06:19:37,7410.0,200.0,1750100.0
823,2021-10-21 06:19:05,7410.0,500.0,1749900.0
824,2021-10-21 06:18:58,7410.0,500.0,1749400.0
825,2021-10-21 06:18:29,7410.0,700.0,1748900.0
826,2021-10-21 06:18:29,7410.0,100.0,1748200.0
827,2021-10-21 06:18:19,7410.0,500.0,1748100.0
828,2021-10-21 06:17:43,7410.0,100.0,1747600.0
829,2021-10-21 06:17:43,7410.0,300.0,1747500.0
830,2021-10-21 06:17:43,7410.0,1900.0,1747200.0
831,2021-10-21 06:16:28,7420.0,300.0,1745300.0
832,2021-10-21 06:16:28,7420.0,1000.0,1745000.0
833,2021-10-21 06:16:28,7420.0,700.0,1744000.0
834,2021-10-21 06:14:25,7420.0,300.0,1743300.0
835,2021-10-21 06:13:27,7410.0,1300.0,1743000.0
836,2021-10-21 06:12:51,7410.0,900.0,1741700.0
837,2021-10-21 06:12:47,7410.0,100.0,1740800.0
838,2021-10-21 06:12:13,7410.0,600.0,1740700.0
839,2021-10-21 06:11:36,7410.0,1000.0,1740100.0
840,2021-10-21 06:11:36,7400.0,200.0,1739100.0
841,2021-10-21 06:11:36,7400.0,800.0,1738900.0
842,2021-10-21 06:11:36,7400.0,100.0,1738100.0
843,2021-10-21 06:11:36,7400.0,100.0,1738000.0
844,2021-10-21 06:11:36,7400.0,200.0,1737900.0
845,2021-10-21 06:11:36,7400.0,300.0,1737700.0
846,2021-10-21 06:11:36,7400.0,2300.0,1737400.0
847,2021-10-21 06:11:06,7410.0,2000.0,1735100.0
848,2021-10-21 06:11:06,7410.0,400.0,1733100.0
849,2021-10-21 06:10:37,7410.0,100.0,1732700.0
850,2021-10-21 06:10:37,7410.0,500.0,1732600.0
851,2021-10-21 06:10:30,7410.0,100.0,1732100.0
852,2021-10-21 06:10:24,7410.0,300.0,1732000.0
853,2021-10-21 06:10:20,7410.0,100.0,1731700.0
854,2021-10-21 06:09:48,7410.0,200.0,1731600.0
855,2021-10-21 06:09:48,7410.0,100.0,1731400.0
856,2021-10-21 06:09:48,7410.0,500.0,1731300.0
857,2021-10-21 06:07:54,7430.0,800.0,1730800.0
858,2021-10-21 06:07:25,7430.0,2900.0,1730000.0
859,2021-10-21 06:07:07,7430.0,10000.0,1727100.0
860,2021-10-21 06:07:07,7430.0,100.0,1717100.0
861,2021-10-21 06:07:07,7430.0,100.0,1717000.0
862,2021-10-21 06:04:45,7410.0,100.0,1716900.0
863,2021-10-21 06:04:31,7400.0,300.0,1716800.0
864,2021-10-21 06:03:36,7400.0,2400.0,1716500.0
865,2021-10-21 06:03:36,7400.0,100.0,1714100.0
866,2021-10-21 06:03:25,7400.0,200.0,1714000.0
867,2021-10-21 06:03:25,7400.0,500.0,1713800.0
868,2021-10-21 06:02:05,7400.0,1000.0,1713300.0
869,2021-10-21 06:02:05,7400.0,1000.0,1712300.0
870,2021-10-21 06:00:23,7400.0,1500.0,1711300.0
871,2021-10-21 06:00:19,7400.0,500.0,1709800.0
872,2021-10-21 06:00:19,7400.0,1000.0,1709300.0
873,2021-10-21 06:00:19,7400.0,400.0,1708300.0
874,2021-10-21 06:00:06,7400.0,100.0,1707900.0
875,2021-10-21 06:00:03,7400.0,1000.0,1707800.0
876,2021-10-21 06:00:03,7400.0,500.0,1706800.0
877,2021-10-21 06:00:02,7400.0,200.0,1706300.0
878,2021-10-21 06:00:01,7400.0,300.0,1706100.0
879,2021-10-21 06:00:01,7400.0,1000.0,1705800.0
880,2021-10-21 04:29:27,7400.0,1000.0,1704800.0
881,2021-10-21 04:28:22,7380.0,1600.0,1703800.0
882,2021-10-21 04:28:22,7380.0,3000.0,1702200.0
883,2021-10-21 04:28:22,7380.0,100.0,1699200.0
884,2021-10-21 04:28:22,7380.0,2000.0,1699100.0
885,2021-10-21 04:28:22,7380.0,100.0,1697100.0
886,2021-10-21 04:28:22,7380.0,5000.0,1697000.0
887,2021-10-21 04:28:22,7380.0,100.0,1692000.0
888,2021-10-21 04:28:22,7380.0,5100.0,1691900.0
889,2021-10-21 04:28:09,7390.0,1000.0,1686800.0
890,2021-10-21 04:28:09,7390.0,1000.0,1685800.0
891,2021-10-21 04:28:09,7390.0,10000.0,1684800.0
892,2021-10-21 04:28:09,7390.0,1000.0,1674800.0
893,2021-10-21 04:28:09,7390.0,5000.0,1673800.0
894,2021-10-21 04:28:09,7390.0,500.0,1668800.0
895,2021-10-21 04:28:09,7390.0,5000.0,1668300.0
896,2021-10-21 04:28:09,7390.0,500.0,1663300.0
897,2021-10-21 04:28:09,7390.0,1000.0,1662800.0
898,2021-10-21 04:27:57,7400.0,1000.0,1661800.0
899,2021-10-21 04:27:57,7400.0,17000.0,1660800.0
900,2021-10-21 04:26:04,7400.0,3000.0,1643800.0
901,2021-10-21 04:26:04,7400.0,1500.0,1640800.0
902,2021-10-21 04:26:04,7400.0,3500.0,1639300.0
903,2021-10-21 04:25:34,7400.0,300.0,1635800.0
904,2021-10-21 04:22:58,7400.0,100.0,1635500.0
905,2021-10-21 04:21:47,7400.0,1100.0,1635400.0
906,2021-10-21 04:21:47,7400.0,3900.0,1634300.0
907,2021-10-21 04:21:47,7400.0,1000.0,1630400.0
908,2021-10-21 04:21:47,7400.0,4000.0,1629400.0
909,2021-10-21 04:21:14,7400.0,500.0,1625400.0
910,2021-10-21 04:19:50,7400.0,5500.0,1624900.0
911,2021-10-21 04:18:54,7400.0,1500.0,1619400.0
912,2021-10-21 04:18:54,7400.0,200.0,1617900.0
913,2021-10-21 04:18:54,7400.0,5000.0,1617700.0
914,2021-10-21 04:18:54,7400.0,100.0,1612700.0
915,2021-10-21 04:18:54,7400.0,2000.0,1612600.0
916,2021-10-21 04:18:54,7400.0,500.0,1610600.0
917,2021-10-21 04:18:54,7400.0,200.0,1610100.0
918,2021-10-21 04:18:54,7400.0,1000.0,1609900.0
919,2021-10-21 04:18:54,7400.0,1000.0,1608900.0
920,2021-10-21 04:17:21,7400.0,500.0,1607900.0
921,2021-10-21 04:16:33,7400.0,4500.0,1607400.0
922,2021-10-21 04:16:11,7400.0,1000.0,1602900.0
923,2021-10-21 04:16:11,7400.0,5000.0,1601900.0
924,2021-10-21 04:16:11,7400.0,100.0,1596900.0
925,2021-10-21 04:16:11,7400.0,100.0,1596800.0
926,2021-10-21 04:16:11,7400.0,100.0,1596700.0
927,2021-10-21 04:16:11,7400.0,200.0,1596600.0
928,2021-10-21 04:16:11,7400.0,300.0,1596400.0
929,2021-10-21 04:16:11,7400.0,500.0,1596100.0
930,2021-10-21 04:16:11,7400.0,1000.0,1595600.0
931,2021-10-21 04:16:11,7400.0,2000.0,1594600.0
932,2021-10-21 04:16:11,7400.0,100.0,1592600.0
933,2021-10-21 04:16:11,7400.0,1500.0,1592500.0
934,2021-10-21 04:16:11,7400.0,2000.0,1591000.0
935,2021-10-21 04:16:11,7400.0,100.0,1589000.0
936,2021-10-21 04:16:11,7400.0,100.0,1588900.0
937,2021-10-21 04:16:11,7400.0,100.0,1588800.0
938,2021-10-21 04:16:11,7400.0,200.0,1588700.0
939,2021-10-21 04:16:11,7400.0,100.0,1588500.0
940,2021-10-21 04:16:11,7400.0,1000.0,1588400.0
941,2021-10-21 04:16:11,7400.0,500.0,1587400.0
942,2021-10-21 04:16:11,7400.0,2000.0,1586900.0
943,2021-10-21 04:16:11,7400.0,1000.0,1584900.0
944,2021-10-21 04:16:11,7400.0,200.0,1583900.0
945,2021-10-21 04:16:11,7400.0,2000.0,1583700.0
946,2021-10-21 04:16:11,7400.0,2000.0,1581700.0
947,2021-10-21 04:16:11,7400.0,20000.0,1579700.0
948,2021-10-21 04:16:11,7400.0,1000.0,1559700.0
949,2021-10-21 04:16:11,7400.0,3000.0,1558700.0
950,2021-10-21 04:16:11,7400.0,5600.0,1555700.0
951,2021-10-21 04:16:11,7410.0,2700.0,1550100.0
952,2021-10-21 04:16:04,7410.0,600.0,1547400.0
953,2021-10-21 04:16:04,7410.0,2200.0,1546800.0
954,2021-10-21 04:15:58,7410.0,2000.0,1544600.0
955,2021-10-21 04:13:50,7400.0,100.0,1542600.0
956,2021-10-21 04:13:17,7400.0,5800.0,1542500.0
957,2021-10-21 04:13:17,7410.0,6000.0,1536700.0
958,2021-10-21 04:13:17,7410.0,2000.0,1530700.0
959,2021-10-21 04:13:17,7410.0,7400.0,1528700.0
960,2021-10-21 04:13:17,7410.0,1000.0,1521300.0
961,2021-10-21 04:13:17,7410.0,4200.0,1520300.0
962,2021-10-21 04:13:17,7410.0,4500.0,1516100.0
963,2021-10-21 04:13:17,7410.0,2000.0,1511600.0
964,2021-10-21 04:13:17,7420.0,100.0,1509600.0
965,2021-10-21 04:13:17,7420.0,2500.0,1509500.0
966,2021-10-21 04:13:17,7420.0,100.0,1507000.0
967,2021-10-21 04:13:17,7420.0,500.0,1506900.0
968,2021-10-21 04:13:17,7420.0,55000.0,1506400.0
969,2021-10-21 04:13:17,7420.0,1300.0,1451400.0
970,2021-10-21 04:13:17,7420.0,700.0,1450100.0
971,2021-10-21 04:13:17,7420.0,1000.0,1449400.0
972,2021-10-21 04:13:17,7420.0,3000.0,1448400.0
973,2021-10-21 04:13:17,7420.0,100.0,1445400.0
974,2021-10-21 04:13:17,7420.0,100.0,1445300.0
975,2021-10-21 04:13:17,7420.0,100.0,1445200.0
976,2021-10-21 04:13:17,7420.0,1000.0,1445100.0
977,2021-10-21 04:13:17,7420.0,2600.0,1444100.0
978,2021-10-21 04:10:55,7420.0,400.0,1441500.0
979,2021-10-21 04:10:55,7420.0,600.0,1441100.0
980,2021-10-21 04:07:32,7420.0,100.0,1440500.0
981,2021-10-21 04:06:54,7420.0,1100.0,1440400.0
982,2021-10-21 04:06:28,7420.0,200.0,1439300.0
983,2021-10-21 04:05:16,7420.0,400.0,1439100.0
984,2021-10-21 04:05:16,7430.0,300.0,1438700.0
985,2021-10-21 04:05:15,7450.0,800.0,1438400.0
986,2021-10-21 04:04:56,7420.0,200.0,1437600.0
987,2021-10-21 04:04:56,7420.0,8700.0,1437400.0
988,2021-10-21 04:04:56,7430.0,1000.0,1428700.0
989,2021-10-21 04:04:56,7430.0,900.0,1427700.0
990,2021-10-21 04:04:56,7430.0,2000.0,1426800.0
991,2021-10-21 04:04:56,7430.0,1000.0,1424800.0
992,2021-10-21 04:04:56,7440.0,200.0,1423800.0
993,2021-10-21 04:04:56,7450.0,5000.0,1423600.0
994,2021-10-21 04:04:56,7450.0,400.0,1418600.0
995,2021-10-21 04:04:56,7450.0,600.0,1418200.0
996,2021-10-21 04:04:24,7460.0,100.0,1417600.0
997,2021-10-21 04:03:38,7460.0,10000.0,1417500.0
998,2021-10-21 04:03:12,7450.0,100.0,1407500.0
999,2021-10-21 04:03:12,7450.0,300.0,1407400.0
1000,2021-10-21 04:03:11,7450.0,1700.0,1407100.0
1001,2021-10-21 04:03:11,7450.0,200.0,1405400.0
1002,2021-10-21 04:03:11,7450.0,100.0,1405200.0
1003,2021-10-21 04:02:09,7450.0,100.0,1405100.0
1004,2021-10-21 04:01:55,7440.0,1800.0,1405000.0
1005,2021-10-21 04:01:55,7440.0,200.0,1403200.0
1006,2021-10-21 04:01:25,7450.0,1000.0,1403000.0
1007,2021-10-21 04:01:25,7450.0,100.0,1402000.0
1008,2021-10-21 04:01:25,7450.0,1100.0,1401900.0
1009,2021-10-21 04:01:25,7450.0,5000.0,1400800.0
1010,2021-10-21 04:01:25,7450.0,54800.0,1395800.0
1011,2021-10-21 04:01:00,7450.0,1000.0,1341000.0
1012,2021-10-21 04:00:42,7450.0,9200.0,1340000.0
1013,2021-10-21 04:00:42,7450.0,800.0,1330800.0
1014,2021-10-21 04:00:20,7460.0,9300.0,1330000.0
1015,2021-10-21 04:00:01,7460.0,4000.0,1320700.0
1016,2021-10-21 03:59:57,7460.0,800.0,1316700.0
1017,2021-10-21 03:59:51,7460.0,300.0,1315900.0
1018,2021-10-21 03:59:03,7460.0,600.0,1315600.0
1019,2021-10-21 03:58:31,7470.0,100.0,1315000.0
1020,2021-10-21 03:57:20,7460.0,1300.0,1314900.0
1021,2021-10-21 03:56:46,7460.0,100.0,1313600.0
1022,2021-10-21 03:56:45,7470.0,1000.0,1313500.0
1023,2021-10-21 03:56:36,7460.0,600.0,1312500.0
1024,2021-10-21 03:56:36,7460.0,300.0,1311900.0
1025,2021-10-21 03:56:36,7460.0,1200.0,1311600.0
1026,2021-10-21 03:56:36,7460.0,2000.0,1310400.0
1027,2021-10-21 03:56:36,7460.0,2900.0,1308400.0
1028,2021-10-21 03:56:20,7460.0,500.0,1305500.0
1029,2021-10-21 03:55:54,7460.0,2000.0,1305000.0
1030,2021-10-21 03:55:34,7460.0,2000.0,1303000.0
1031,2021-10-21 03:55:18,7460.0,400.0,1301000.0
1032,2021-10-21 03:54:34,7460.0,1000.0,1300600.0
1033,2021-10-21 03:52:39,7460.0,1000.0,1299600.0
1034,2021-10-21 03:52:29,7460.0,200.0,1298600.0
1035,2021-10-21 03:52:29,7460.0,1000.0,1298400.0
1036,2021-10-21 03:52:29,7460.0,200.0,1297400.0
1037,2021-10-21 03:51:29,7480.0,4400.0,1297200.0
1038,2021-10-21 03:50:39,7480.0,100.0,1292800.0
1039,2021-10-21 03:50:24,7480.0,5000.0,1292700.0
1040,2021-10-21 03:50:24,7480.0,500.0,1287700.0
1041,2021-10-21 03:50:19,7460.0,5000.0,1287200.0
1042,2021-10-21 03:50:19,7460.0,5000.0,1282200.0
1043,2021-10-21 03:50:19,7460.0,1000.0,1277200.0
1044,2021-10-21 03:50:19,7460.0,600.0,1276200.0
1045,2021-10-21 03:50:19,7460.0,400.0,1275600.0
1046,2021-10-21 03:49:30,7480.0,500.0,1275200.0
1047,2021-10-21 03:49:16,7480.0,1500.0,1274700.0
1048,2021-10-21 03:49:00,7480.0,2000.0,1273200.0
1049,2021-10-21 03:48:51,7460.0,2000.0,1271200.0
1050,2021-10-21 03:48:15,7480.0,1500.0,1269200.0
1051,2021-10-21 03:47:49,7460.0,600.0,1267700.0
1052,2021-10-21 03:47:49,7460.0,30000.0,1267100.0
1053,2021-10-21 03:47:49,7460.0,700.0,1237100.0
1054,2021-10-21 03:47:49,7470.0,10000.0,1236400.0
1055,2021-10-21 03:47:49,7470.0,2000.0,1226400.0
1056,2021-10-21 03:47:49,7470.0,1000.0,1224400.0
1057,2021-10-21 03:47:49,7470.0,2000.0,1223400.0
1058,2021-10-21 03:47:49,7480.0,2000.0,1221400.0
1059,2021-10-21 03:47:49,7480.0,1500.0,1219400.0
1060,2021-10-21 03:47:49,7480.0,200.0,1217900.0
1061,2021-10-21 03:47:01,7500.0,1000.0,1217700.0
1062,2021-10-21 03:47:01,7490.0,5000.0,1216700.0
1063,2021-10-21 03:46:36,7500.0,100.0,1211700.0
1064,2021-10-21 03:46:20,7480.0,4800.0,1211600.0
1065,2021-10-21 03:46:16,7480.0,300.0,1206800.0
1066,2021-10-21 03:46:09,7480.0,1900.0,1206500.0
1067,2021-10-21 03:46:03,7480.0,1000.0,1204600.0
1068,2021-10-21 03:46:03,7490.0,2000.0,1203600.0
1069,2021-10-21 03:45:56,7490.0,2000.0,1201600.0
1070,2021-10-21 03:45:31,7500.0,1000.0,1199600.0
1071,2021-10-21 03:45:30,7500.0,400.0,1198600.0
1072,2021-10-21 03:45:30,7500.0,200.0,1198200.0
1073,2021-10-21 03:45:30,7500.0,400.0,1198000.0
1074,2021-10-21 03:44:47,7500.0,5600.0,1197600.0
1075,2021-10-21 03:44:47,7500.0,500.0,1192000.0
1076,2021-10-21 03:44:47,7500.0,500.0,1191500.0
1077,2021-10-21 03:44:47,7500.0,300.0,1191000.0
1078,2021-10-21 03:44:47,7500.0,100.0,1190700.0
1079,2021-10-21 03:44:47,7500.0,100.0,1190600.0
1080,2021-10-21 03:44:47,7500.0,100.0,1190500.0
1081,2021-10-21 03:44:47,7500.0,300.0,1190400.0
1082,2021-10-21 03:44:47,7490.0,2000.0,1190100.0
1083,2021-10-21 03:44:47,7490.0,300.0,1188100.0
1084,2021-10-21 03:44:47,7490.0,200.0,1187800.0
1085,2021-10-21 03:43:24,7460.0,1000.0,1187600.0
1086,2021-10-21 03:43:00,7450.0,100.0,1186600.0
1087,2021-10-21 03:42:15,7450.0,2000.0,1186500.0
1088,2021-10-21 03:42:09,7450.0,2100.0,1184500.0
1089,2021-10-21 03:42:03,7450.0,200.0,1182400.0
1090,2021-10-21 03:42:02,7450.0,100.0,1182200.0
1091,2021-10-21 03:42:02,7450.0,200.0,1182100.0
1092,2021-10-21 03:42:02,7450.0,2000.0,1181900.0
1093,2021-10-21 03:42:02,7450.0,100.0,1179900.0
1094,2021-10-21 03:42:02,7450.0,300.0,1179800.0
1095,2021-10-21 03:42:00,7500.0,200.0,1179500.0
1096,2021-10-21 03:42:00,7500.0,100.0,1179300.0
1097,2021-10-21 03:42:00,7500.0,1000.0,1179200.0
1098,2021-10-21 03:42:00,7500.0,300.0,1178200.0
1099,2021-10-21 03:42:00,7500.0,3600.0,1177900.0
1100,2021-10-21 03:42:00,7490.0,1200.0,1174300.0
1101,2021-10-21 03:42:00,7490.0,1000.0,1173100.0
1102,2021-10-21 03:42:00,7490.0,100.0,1172100.0
1103,2021-10-21 03:42:00,7490.0,2200.0,1172000.0
1104,2021-10-21 03:42:00,7480.0,600.0,1169800.0
1105,2021-10-21 03:42:00,7470.0,700.0,1169200.0
1106,2021-10-21 03:41:31,7450.0,2000.0,1168500.0
1107,2021-10-21 03:41:14,7470.0,4000.0,1166500.0
1108,2021-10-21 03:41:14,7470.0,1300.0,1162500.0
1109,2021-10-21 03:41:10,7480.0,300.0,1161200.0
1110,2021-10-21 03:41:04,7480.0,1000.0,1160900.0
1111,2021-10-21 03:41:04,7480.0,100.0,1159900.0
1112,2021-10-21 03:40:48,7480.0,100.0,1159800.0
1113,2021-10-21 03:40:35,7480.0,9800.0,1159700.0
1114,2021-10-21 03:40:35,7480.0,200.0,1149900.0
1115,2021-10-21 03:40:28,7490.0,1800.0,1149700.0
1116,2021-10-21 03:40:05,7490.0,6000.0,1147900.0
1117,2021-10-21 03:39:16,7500.0,1700.0,1141900.0
1118,2021-10-21 03:39:16,7500.0,3900.0,1140200.0
1119,2021-10-21 03:39:16,7500.0,200.0,1136300.0
1120,2021-10-21 03:39:16,7500.0,500.0,1136100.0
1121,2021-10-21 03:39:16,7500.0,100.0,1135600.0
1122,2021-10-21 03:39:02,7500.0,500.0,1135500.0
1123,2021-10-21 03:39:02,7500.0,2400.0,1135000.0
1124,2021-10-21 03:39:02,7500.0,5000.0,1132600.0
1125,2021-10-21 03:38:57,7500.0,200.0,1127600.0
1126,2021-10-21 03:38:53,7500.0,2400.0,1127400.0
1127,2021-10-21 03:38:53,7500.0,2600.0,1125000.0
1128,2021-10-21 03:38:48,7500.0,2400.0,1122400.0
1129,2021-10-21 03:38:48,7500.0,2000.0,1120000.0
1130,2021-10-21 03:38:48,7500.0,200.0,1118000.0
1131,2021-10-21 03:38:48,7500.0,5400.0,1117800.0
1132,2021-10-21 03:38:48,7500.0,1000.0,1112400.0
1133,2021-10-21 03:38:37,7500.0,5000.0,1111400.0
1134,2021-10-21 03:38:31,7500.0,8000.0,1106400.0
1135,2021-10-21 03:38:29,7500.0,2000.0,1098400.0
1136,2021-10-21 03:38:26,7500.0,5000.0,1096400.0
1137,2021-10-21 03:38:25,7500.0,2400.0,1091400.0
1138,2021-10-21 03:38:24,7500.0,10000.0,1089000.0
1139,2021-10-21 03:38:16,7500.0,1200.0,1079000.0
1140,2021-10-21 03:38:16,7500.0,10000.0,1077800.0
1141,2021-10-21 03:38:16,7500.0,2000.0,1067800.0
1142,2021-10-21 03:38:16,7500.0,1000.0,1065800.0
1143,2021-10-21 03:38:16,7500.0,1000.0,1064800.0
1144,2021-10-21 03:38:16,7500.0,1000.0,1063800.0
1145,2021-10-21 03:38:16,7500.0,500.0,1062800.0
1146,2021-10-21 03:38:16,7500.0,300.0,1062300.0
1147,2021-10-21 03:38:16,7500.0,500.0,1062000.0
1148,2021-10-21 03:38:16,7500.0,100.0,1061500.0
1149,2021-10-21 03:38:16,7500.0,1000.0,1061400.0
1150,2021-10-21 03:38:16,7500.0,200.0,1060400.0
1151,2021-10-21 03:38:16,7500.0,200.0,1060200.0
1152,2021-10-21 03:38:16,7500.0,500.0,1060000.0
1153,2021-10-21 03:38:16,7490.0,500.0,1059500.0
1154,2021-10-21 03:38:15,7490.0,2500.0,1059000.0
1155,2021-10-21 03:38:15,7490.0,8000.0,1056500.0
1156,2021-10-21 03:38:15,7490.0,4000.0,1048500.0
1157,2021-10-21 03:38:12,7500.0,1800.0,1044500.0
1158,2021-10-21 03:38:12,7500.0,300.0,1042700.0
1159,2021-10-21 03:38:10,7500.0,1400.0,1042400.0
1160,2021-10-21 03:38:03,7500.0,3000.0,1041000.0
1161,2021-10-21 03:38:01,7500.0,5300.0,1038000.0
1162,2021-10-21 03:38:01,7500.0,2000.0,1032700.0
1163,2021-10-21 03:38:01,7500.0,1000.0,1030700.0
1164,2021-10-21 03:38:01,7500.0,100.0,1029700.0
1165,2021-10-21 03:38:01,7500.0,1600.0,1029600.0
1166,2021-10-21 03:37:52,7500.0,700.0,1028000.0
1167,2021-10-21 03:37:51,7500.0,5000.0,1027300.0
1168,2021-10-21 03:37:46,7500.0,2700.0,1022300.0
1169,2021-10-21 03:37:46,7500.0,10000.0,1019600.0
1170,2021-10-21 03:37:46,7500.0,100.0,1009600.0
1171,2021-10-21 03:37:46,7500.0,500.0,1009500.0
1172,2021-10-21 03:37:46,7500.0,4300.0,1009000.0
1173,2021-10-21 03:37:42,7500.0,5000.0,1004700.0
1174,2021-10-21 03:37:42,7500.0,3000.0,999700.0
1175,2021-10-21 03:37:41,7490.0,1000.0,996700.0
1176,2021-10-21 03:37:41,7500.0,9800.0,995700.0
1177,2021-10-21 03:37:41,7500.0,6700.0,985900.0
1178,2021-10-21 03:37:41,7500.0,23300.0,979200.0
1179,2021-10-21 03:37:32,7500.0,6700.0,955900.0
1180,2021-10-21 03:37:32,7500.0,3300.0,949200.0
1181,2021-10-21 03:37:28,7500.0,4000.0,945900.0
1182,2021-10-21 03:37:22,7500.0,200.0,941900.0
1183,2021-10-21 03:37:16,7500.0,1100.0,941700.0
1184,2021-10-21 03:37:05,7500.0,1400.0,940600.0
1185,2021-10-21 03:37:02,7500.0,100.0,939200.0
1186,2021-10-21 03:36:56,7500.0,300.0,939100.0
1187,2021-10-21 03:36:49,7500.0,200.0,938800.0
1188,2021-10-21 03:36:39,7500.0,2400.0,938600.0
1189,2021-10-21 03:36:39,7500.0,1000.0,936200.0
1190,2021-10-21 03:36:39,7500.0,100.0,935200.0
1191,2021-10-21 03:36:39,7500.0,200.0,935100.0
1192,2021-10-21 03:36:39,7500.0,100.0,934900.0
1193,2021-10-21 03:36:39,7500.0,5000.0,934800.0
1194,2021-10-21 03:36:39,7500.0,1000.0,929800.0
1195,2021-10-21 03:36:39,7500.0,2000.0,928800.0
1196,2021-10-21 03:36:39,7500.0,500.0,926800.0
1197,2021-10-21 03:36:39,7500.0,300.0,926300.0
1198,2021-10-21 03:36:39,7500.0,300.0,926000.0
1199,2021-10-21 03:36:39,7500.0,200.0,925700.0
1200,2021-10-21 03:36:39,7490.0,300.0,925500.0
1201,2021-10-21 03:36:39,7490.0,1000.0,925200.0
1202,2021-10-21 03:36:39,7490.0,10000.0,924200.0
1203,2021-10-21 03:36:39,7490.0,1000.0,914200.0
1204,2021-10-21 03:36:39,7490.0,1200.0,913200.0
1205,2021-10-21 03:36:39,7490.0,100.0,912000.0
1206,2021-10-21 03:36:39,7490.0,100.0,911900.0
1207,2021-10-21 03:36:39,7490.0,200.0,911800.0
1208,2021-10-21 03:36:34,7480.0,3000.0,911600.0
1209,2021-10-21 03:36:18,7480.0,6100.0,908600.0
1210,2021-10-21 03:36:18,7480.0,100.0,902500.0
1211,2021-10-21 03:36:18,7480.0,1000.0,902400.0
1212,2021-10-21 03:36:18,7480.0,100.0,901400.0
1213,2021-10-21 03:36:18,7480.0,1000.0,901300.0
1214,2021-10-21 03:36:18,7480.0,200.0,900300.0
1215,2021-10-21 03:36:18,7480.0,300.0,900100.0
1216,2021-10-21 03:36:18,7480.0,200.0,899800.0
1217,2021-10-21 03:36:12,7470.0,100.0,899600.0
1218,2021-10-21 03:36:05,7470.0,1000.0,899500.0
1219,2021-10-21 03:35:58,7470.0,2400.0,898500.0
1220,2021-10-21 03:35:58,7470.0,600.0,896100.0
1221,2021-10-21 03:35:00,7470.0,500.0,895500.0
1222,2021-10-21 03:35:00,7470.0,200.0,895000.0
1223,2021-10-21 03:34:42,7460.0,100.0,894800.0
1224,2021-10-21 03:34:40,7460.0,100.0,894700.0
1225,2021-10-21 03:34:40,7450.0,400.0,894600.0
1226,2021-10-21 03:34:11,7460.0,100.0,894200.0
1227,2021-10-21 03:34:09,7450.0,200.0,894100.0
1228,2021-10-21 03:34:09,7450.0,2000.0,893900.0
1229,2021-10-21 03:34:09,7450.0,1000.0,891900.0
1230,2021-10-21 03:34:09,7450.0,100.0,890900.0
1231,2021-10-21 03:34:09,7450.0,2000.0,890800.0
1232,2021-10-21 03:34:09,7450.0,2000.0,888800.0
1233,2021-10-21 03:34:07,7450.0,6000.0,886800.0
1234,2021-10-21 03:34:06,7450.0,500.0,880800.0
1235,2021-10-21 03:33:55,7450.0,200.0,880300.0
1236,2021-10-21 03:33:53,7450.0,11000.0,880100.0
1237,2021-10-21 03:33:38,7450.0,10000.0,869100.0
1238,2021-10-21 03:33:36,7450.0,500.0,859100.0
1239,2021-10-21 03:33:35,7450.0,1800.0,858600.0
1240,2021-10-21 03:33:35,7450.0,1500.0,856800.0
1241,2021-10-21 03:33:35,7450.0,1000.0,855300.0
1242,2021-10-21 03:33:35,7450.0,2000.0,854300.0
1243,2021-10-21 03:33:35,7450.0,800.0,852300.0
1244,2021-10-21 03:33:35,7450.0,500.0,851500.0
1245,2021-10-21 03:33:35,7450.0,1000.0,851000.0
1246,2021-10-21 03:33:35,7450.0,1400.0,850000.0
1247,2021-10-21 03:33:25,7450.0,600.0,848600.0
1248,2021-10-21 03:33:25,7450.0,800.0,848000.0
1249,2021-10-21 03:33:25,7450.0,200.0,847200.0
1250,2021-10-21 03:33:25,7440.0,1000.0,847000.0
1251,2021-10-21 03:33:25,7440.0,1000.0,846000.0
1252,2021-10-21 03:33:25,7430.0,200.0,845000.0
1253,2021-10-21 03:33:25,7430.0,1000.0,844800.0
1254,2021-10-21 03:33:25,7430.0,200.0,843800.0
1255,2021-10-21 03:33:23,7430.0,300.0,843600.0
1256,2021-10-21 03:33:16,7430.0,500.0,843300.0
1257,2021-10-21 03:33:07,7420.0,500.0,842800.0
1258,2021-10-21 03:33:07,7420.0,500.0,842300.0
1259,2021-10-21 03:33:07,7420.0,300.0,841800.0
1260,2021-10-21 03:33:06,7420.0,300.0,841500.0
1261,2021-10-21 03:33:06,7420.0,200.0,841200.0
1262,2021-10-21 03:33:06,7420.0,2500.0,841000.0
1263,2021-10-21 03:33:06,7420.0,700.0,838500.0
1264,2021-10-21 03:33:03,7420.0,300.0,837800.0
1265,2021-10-21 03:33:03,7420.0,1700.0,837500.0
1266,2021-10-21 03:33:00,7420.0,300.0,835800.0
1267,2021-10-21 03:33:00,7420.0,200.0,835500.0
1268,2021-10-21 03:32:51,7420.0,800.0,835300.0
1269,2021-10-21 03:32:26,7410.0,1300.0,834500.0
1270,2021-10-21 03:32:26,7410.0,500.0,833200.0
1271,2021-10-21 03:32:26,7410.0,1300.0,832700.0
1272,2021-10-21 03:32:26,7410.0,200.0,831400.0
1273,2021-10-21 03:32:26,7410.0,500.0,831200.0
1274,2021-10-21 03:32:26,7410.0,800.0,830700.0
1275,2021-10-21 03:32:26,7410.0,35400.0,829900.0
1276,2021-10-21 03:32:23,7400.0,300.0,794500.0
1277,2021-10-21 03:32:17,7410.0,200.0,794200.0
1278,2021-10-21 03:32:14,7410.0,100.0,794000.0
1279,2021-10-21 03:31:59,7400.0,700.0,793900.0
1280,2021-10-21 03:31:59,7400.0,7500.0,793200.0
1281,2021-10-21 03:31:51,7400.0,1200.0,785700.0
1282,2021-10-21 03:31:48,7400.0,1100.0,784500.0
1283,2021-10-21 03:31:44,7400.0,100.0,783400.0
1284,2021-10-21 03:31:44,7400.0,500.0,783300.0
1285,2021-10-21 03:31:31,7400.0,300.0,782800.0
1286,2021-10-21 03:31:27,7400.0,100.0,782500.0
1287,2021-10-21 03:31:25,7400.0,1000.0,782400.0
1288,2021-10-21 03:31:17,7400.0,5000.0,781400.0
1289,2021-10-21 03:31:17,7400.0,2000.0,776400.0
1290,2021-10-21 03:31:17,7400.0,17300.0,774400.0
1291,2021-10-21 03:31:17,7400.0,500.0,757100.0
1292,2021-10-21 03:31:16,7400.0,1000.0,756600.0
1293,2021-10-21 03:31:07,7400.0,200.0,755600.0
1294,2021-10-21 03:31:07,7400.0,200.0,755400.0
1295,2021-10-21 03:31:07,7400.0,800.0,755200.0
1296,2021-10-21 03:31:04,7400.0,200.0,754400.0
1297,2021-10-21 03:31:04,7400.0,1300.0,754200.0
1298,2021-10-21 03:31:03,7400.0,500.0,752900.0
1299,2021-10-21 03:31:03,7400.0,1000.0,752400.0
1300,2021-10-21 03:31:03,7400.0,100.0,751400.0
1301,2021-10-21 03:31:03,7400.0,1000.0,751300.0
1302,2021-10-21 03:31:03,7400.0,200.0,750300.0
1303,2021-10-21 03:31:03,7400.0,500.0,750100.0
1304,2021-10-21 03:31:03,7400.0,1000.0,749600.0
1305,2021-10-21 03:31:03,7400.0,300.0,748600.0
1306,2021-10-21 03:31:03,7400.0,1000.0,748300.0
1307,2021-10-21 03:31:03,7400.0,200.0,747300.0
1308,2021-10-21 03:31:03,7400.0,200.0,747100.0
1309,2021-10-21 03:30:59,7400.0,1000.0,746900.0
1310,2021-10-21 03:30:56,7400.0,10000.0,745900.0
1311,2021-10-21 03:30:55,7400.0,2600.0,735900.0
1312,2021-10-21 03:30:55,7400.0,2000.0,733300.0
1313,2021-10-21 03:30:52,7400.0,1300.0,731300.0
1314,2021-10-21 03:30:49,7400.0,1500.0,730000.0
1315,2021-10-21 03:30:47,7400.0,1400.0,728500.0
1316,2021-10-21 03:30:47,7400.0,200.0,727100.0
1317,2021-10-21 03:30:47,7400.0,200.0,726900.0
1318,2021-10-21 03:30:47,7400.0,10000.0,726700.0
1319,2021-10-21 03:30:47,7400.0,200.0,716700.0
1320,2021-10-21 03:30:47,7400.0,200.0,716500.0
1321,2021-10-21 03:30:47,7400.0,3000.0,716300.0
1322,2021-10-21 03:30:47,7400.0,1000.0,713300.0
1323,2021-10-21 03:30:47,7400.0,5000.0,712300.0
1324,2021-10-21 03:30:47,7400.0,26000.0,707300.0
1325,2021-10-21 03:30:47,7400.0,10000.0,681300.0
1326,2021-10-21 03:30:47,7400.0,200.0,671300.0
1327,2021-10-21 03:30:47,7400.0,1800.0,671100.0
1328,2021-10-21 03:30:47,7400.0,500.0,669300.0
1329,2021-10-21 03:30:47,7400.0,3900.0,668800.0
1330,2021-10-21 03:30:47,7400.0,1000.0,664900.0
1331,2021-10-21 03:30:47,7400.0,500.0,663900.0
1332,2021-10-21 03:30:47,7400.0,5000.0,663400.0
1333,2021-10-21 03:30:47,7400.0,9900.0,658400.0
1334,2021-10-21 03:30:33,7400.0,5000.0,648500.0
1335,2021-10-21 03:30:28,7400.0,5000.0,643500.0
1336,2021-10-21 03:30:25,7400.0,4000.0,638500.0
1337,2021-10-21 03:30:15,7400.0,22000.0,634500.0
1338,2021-10-21 03:29:35,7400.0,100.0,612500.0
1339,2021-10-21 03:29:24,7390.0,100.0,612400.0
1340,2021-10-21 03:29:22,7390.0,5000.0,612300.0
1341,2021-10-21 03:29:22,7390.0,2000.0,607300.0
1342,2021-10-21 03:29:22,7390.0,200.0,605300.0
1343,2021-10-21 03:29:22,7390.0,2000.0,605100.0
1344,2021-10-21 03:29:22,7390.0,17000.0,603100.0
1345,2021-10-21 03:29:22,7390.0,24700.0,586100.0
1346,2021-10-21 03:29:17,7390.0,3000.0,561400.0
1347,2021-10-21 03:29:08,7390.0,300.0,558400.0
1348,2021-10-21 03:29:00,7380.0,4900.0,558100.0
1349,2021-10-21 03:29:00,7380.0,100.0,553200.0
1350,2021-10-21 03:29:00,7380.0,5000.0,553100.0
1351,2021-10-21 03:28:49,7390.0,1000.0,548100.0
1352,2021-10-21 03:28:44,7380.0,5000.0,547100.0
1353,2021-10-21 03:28:44,7380.0,1400.0,542100.0
1354,2021-10-21 03:28:41,7390.0,1100.0,540700.0
1355,2021-10-21 03:27:31,7380.0,1000.0,539600.0
1356,2021-10-21 03:27:17,7380.0,3700.0,538600.0
1357,2021-10-21 03:27:12,7370.0,100.0,534900.0
1358,2021-10-21 03:27:09,7380.0,100.0,534800.0
1359,2021-10-21 03:27:09,7380.0,200.0,534700.0
1360,2021-10-21 03:26:49,7380.0,1200.0,534500.0
1361,2021-10-21 03:26:49,7380.0,400.0,533300.0
1362,2021-10-21 03:26:49,7380.0,5000.0,532900.0
1363,2021-10-21 03:26:49,7380.0,5000.0,527900.0
1364,2021-10-21 03:26:49,7380.0,5000.0,522900.0
1365,2021-10-21 03:26:49,7380.0,100.0,517900.0
1366,2021-10-21 03:26:49,7380.0,2000.0,517800.0
1367,2021-10-21 03:26:49,7380.0,2000.0,515800.0
1368,2021-10-21 03:26:49,7380.0,1000.0,513800.0
1369,2021-10-21 03:26:49,7380.0,5000.0,512800.0
1370,2021-10-21 03:26:49,7380.0,700.0,507800.0
1371,2021-10-21 03:26:49,7380.0,500.0,507100.0
1372,2021-10-21 03:26:49,7380.0,1000.0,506600.0
1373,2021-10-21 03:26:49,7380.0,100.0,505600.0
1374,2021-10-21 03:26:49,7380.0,2000.0,505500.0
1375,2021-10-21 03:26:49,7380.0,1000.0,503500.0
1376,2021-10-21 03:26:49,7380.0,200.0,502500.0
1377,2021-10-21 03:26:49,7380.0,1000.0,502300.0
1378,2021-10-21 03:26:49,7380.0,2000.0,501300.0
1379,2021-10-21 03:26:49,7380.0,100.0,499300.0
1380,2021-10-21 03:26:49,7380.0,1000.0,499200.0
1381,2021-10-21 03:26:49,7380.0,5600.0,498200.0
1382,2021-10-21 03:26:48,7390.0,700.0,492600.0
1383,2021-10-21 03:26:37,7390.0,700.0,491900.0
1384,2021-10-21 03:25:56,7390.0,100.0,491200.0
1385,2021-10-21 03:25:56,7390.0,200.0,491100.0
1386,2021-10-21 03:25:24,7390.0,2000.0,490900.0
1387,2021-10-21 03:25:20,7390.0,2000.0,488900.0
1388,2021-10-21 03:24:53,7390.0,400.0,486900.0
1389,2021-10-21 03:24:42,7390.0,1000.0,486500.0
1390,2021-10-21 03:24:00,7390.0,1000.0,485500.0
1391,2021-10-21 03:23:34,7390.0,1000.0,484500.0
1392,2021-10-21 03:23:33,7380.0,4400.0,483500.0
1393,2021-10-21 03:23:33,7380.0,600.0,479100.0
1394,2021-10-21 03:23:03,7390.0,2400.0,478500.0
1395,2021-10-21 03:23:03,7390.0,400.0,476100.0
1396,2021-10-21 03:23:03,7390.0,100.0,475700.0
1397,2021-10-21 03:23:03,7390.0,5100.0,475600.0
1398,2021-10-21 03:22:29,7390.0,900.0,470500.0
1399,2021-10-21 03:22:29,7390.0,100.0,469600.0
1400,2021-10-21 03:22:08,7390.0,1400.0,469500.0
1401,2021-10-21 03:22:08,7390.0,2000.0,468100.0
1402,2021-10-21 03:22:08,7390.0,1600.0,466100.0
1403,2021-10-21 03:22:03,7380.0,1700.0,464500.0
1404,2021-10-21 03:21:13,7390.0,400.0,462800.0
1405,2021-10-21 03:21:13,7390.0,2000.0,462400.0
1406,2021-10-21 03:21:13,7390.0,3600.0,460400.0
1407,2021-10-21 03:20:16,7390.0,300.0,456800.0
1408,2021-10-21 03:19:21,7390.0,100.0,456500.0
1409,2021-10-21 03:19:13,7390.0,100.0,456400.0
1410,2021-10-21 03:18:43,7380.0,100.0,456300.0
1411,2021-10-21 03:18:20,7390.0,100.0,456200.0
1412,2021-10-21 03:18:15,7380.0,2600.0,456100.0
1413,2021-10-21 03:18:15,7380.0,200.0,453500.0
1414,2021-10-21 03:18:15,7380.0,1000.0,453300.0
1415,2021-10-21 03:18:15,7380.0,1000.0,452300.0
1416,2021-10-21 03:18:15,7380.0,100.0,451300.0
1417,2021-10-21 03:17:55,7380.0,1000.0,451200.0
1418,2021-10-21 03:17:41,7380.0,1000.0,450200.0
1419,2021-10-21 03:17:07,7390.0,2000.0,449200.0
1420,2021-10-21 03:17:07,7390.0,100.0,447200.0
1421,2021-10-21 03:17:07,7390.0,500.0,447100.0
1422,2021-10-21 03:17:07,7390.0,400.0,446600.0
1423,2021-10-21 03:16:44,7390.0,100.0,446200.0
1424,2021-10-21 03:16:43,7390.0,100.0,446100.0
1425,2021-10-21 03:16:17,7390.0,5100.0,446000.0
1426,2021-10-21 03:15:16,7390.0,300.0,440900.0
1427,2021-10-21 03:15:15,7390.0,1000.0,440600.0
1428,2021-10-21 03:15:04,7390.0,3000.0,439600.0
1429,2021-10-21 03:14:55,7380.0,1000.0,436600.0
1430,2021-10-21 03:14:24,7390.0,100.0,435600.0
1431,2021-10-21 03:14:10,7390.0,100.0,435500.0
1432,2021-10-21 03:14:04,7390.0,100.0,435400.0
1433,2021-10-21 03:14:03,7380.0,100.0,435300.0
1434,2021-10-21 03:14:01,7390.0,400.0,435200.0
1435,2021-10-21 03:14:01,7390.0,200.0,434800.0
1436,2021-10-21 03:13:43,7390.0,1000.0,434600.0
1437,2021-10-21 03:13:33,7400.0,1400.0,433600.0
1438,2021-10-21 03:13:33,7390.0,3000.0,432200.0
1439,2021-10-21 03:13:33,7390.0,300.0,429200.0
1440,2021-10-21 03:13:33,7390.0,1200.0,428900.0
1441,2021-10-21 03:13:33,7390.0,1800.0,427700.0
1442,2021-10-21 03:13:33,7390.0,700.0,425900.0
1443,2021-10-21 03:13:33,7390.0,1500.0,425200.0
1444,2021-10-21 03:13:28,7390.0,500.0,423700.0
1445,2021-10-21 03:13:28,7390.0,500.0,423200.0
1446,2021-10-21 03:12:46,7390.0,500.0,422700.0
1447,2021-10-21 03:12:46,7390.0,1200.0,422200.0
1448,2021-10-21 03:12:46,7390.0,3300.0,421000.0
1449,2021-10-21 03:11:48,7390.0,100.0,417700.0
1450,2021-10-21 03:11:15,7380.0,1800.0,417600.0
1451,2021-10-21 03:11:15,7380.0,3200.0,415800.0
1452,2021-10-21 03:11:09,7390.0,100.0,412600.0
1453,2021-10-21 03:10:48,7390.0,1400.0,412500.0
1454,2021-10-21 03:10:39,7390.0,100.0,411100.0
1455,2021-10-21 03:10:11,7390.0,100.0,411000.0
1456,2021-10-21 03:10:10,7380.0,1000.0,410900.0
1457,2021-10-21 03:08:17,7390.0,500.0,409900.0
1458,2021-10-21 03:08:17,7390.0,1000.0,409400.0
1459,2021-10-21 03:07:02,7380.0,100.0,408400.0
1460,2021-10-21 03:06:35,7390.0,600.0,408300.0
1461,2021-10-21 03:06:24,7390.0,2000.0,407700.0
1462,2021-10-21 03:04:24,7390.0,700.0,405700.0
1463,2021-10-21 03:04:18,7380.0,200.0,405000.0
1464,2021-10-21 03:03:58,7390.0,100.0,404800.0
1465,2021-10-21 03:03:04,7380.0,300.0,404700.0
1466,2021-10-21 03:02:08,7390.0,1000.0,404400.0
1467,2021-10-21 03:02:08,7390.0,9000.0,403400.0
1468,2021-10-21 03:01:50,7390.0,200.0,394400.0
1469,2021-10-21 03:01:50,7390.0,800.0,394200.0
1470,2021-10-21 03:01:46,7390.0,100.0,393400.0
1471,2021-10-21 03:01:15,7380.0,200.0,393300.0
1472,2021-10-21 03:01:15,7380.0,100.0,393100.0
1473,2021-10-21 03:01:15,7380.0,700.0,393000.0
1474,2021-10-21 03:00:54,7390.0,100.0,392300.0
1475,2021-10-21 03:00:33,7380.0,100.0,392200.0
1476,2021-10-21 02:59:57,7390.0,1000.0,392100.0
1477,2021-10-21 02:59:51,7380.0,200.0,391100.0
1478,2021-10-21 02:59:49,7380.0,100.0,390900.0
1479,2021-10-21 02:59:49,7380.0,100.0,390800.0
1480,2021-10-21 02:59:49,7390.0,500.0,390700.0
1481,2021-10-21 02:59:49,7390.0,1000.0,390200.0
1482,2021-10-21 02:59:31,7380.0,200.0,389200.0
1483,2021-10-21 02:59:31,7380.0,500.0,389000.0
1484,2021-10-21 02:59:31,7380.0,1300.0,388500.0
1485,2021-10-21 02:59:31,7380.0,500.0,387200.0
1486,2021-10-21 02:59:02,7380.0,200.0,386700.0
1487,2021-10-21 02:59:02,7380.0,1000.0,386500.0
1488,2021-10-21 02:59:02,7380.0,3800.0,385500.0
1489,2021-10-21 02:58:48,7380.0,1200.0,381700.0
1490,2021-10-21 02:58:48,7380.0,1000.0,380500.0
1491,2021-10-21 02:58:48,7380.0,1500.0,379500.0
1492,2021-10-21 02:58:48,7380.0,3300.0,378000.0
1493,2021-10-21 02:58:47,7380.0,800.0,374700.0
1494,2021-10-21 02:58:47,7380.0,1200.0,373900.0
1495,2021-10-21 02:58:30,7380.0,2000.0,372700.0
1496,2021-10-21 02:58:17,7380.0,1800.0,370700.0
1497,2021-10-21 02:58:17,7380.0,100.0,368900.0
1498,2021-10-21 02:58:17,7380.0,1600.0,368800.0
1499,2021-10-21 02:57:42,7380.0,100.0,367200.0
1500,2021-10-21 02:57:42,7390.0,2000.0,367100.0
1501,2021-10-21 02:57:32,7380.0,600.0,365100.0
1502,2021-10-21 02:57:31,7390.0,2100.0,364500.0
1503,2021-10-21 02:57:31,7390.0,600.0,362400.0
1504,2021-10-21 02:57:31,7390.0,300.0,361800.0
1505,2021-10-21 02:56:29,7380.0,700.0,361500.0
1506,2021-10-21 02:56:29,7380.0,300.0,360800.0
1507,2021-10-21 02:56:09,7380.0,100.0,360500.0
1508,2021-10-21 02:55:29,7390.0,700.0,360400.0
1509,2021-10-21 02:55:29,7390.0,300.0,359700.0
1510,2021-10-21 02:55:17,7380.0,600.0,359400.0
1511,2021-10-21 02:55:17,7380.0,200.0,358800.0
1512,2021-10-21 02:55:17,7380.0,500.0,358600.0
1513,2021-10-21 02:55:17,7380.0,1200.0,358100.0
1514,2021-10-21 02:55:17,7380.0,10000.0,356900.0
1515,2021-10-21 02:55:17,7380.0,100.0,346900.0
1516,2021-10-21 02:55:17,7380.0,2000.0,346800.0
1517,2021-10-21 02:55:17,7380.0,1000.0,344800.0
1518,2021-10-21 02:55:17,7380.0,1000.0,343800.0
1519,2021-10-21 02:55:17,7380.0,500.0,342800.0
1520,2021-10-21 02:55:17,7380.0,200.0,342300.0
1521,2021-10-21 02:55:17,7380.0,100.0,342100.0
1522,2021-10-21 02:55:17,7380.0,2600.0,342000.0
1523,2021-10-21 02:55:00,7390.0,1000.0,339400.0
1524,2021-10-21 02:54:53,7390.0,100.0,338400.0
1525,2021-10-21 02:54:47,7390.0,5000.0,338300.0
1526,2021-10-21 02:54:37,7390.0,200.0,333300.0
1527,2021-10-21 02:54:29,7390.0,400.0,333100.0
1528,2021-10-21 02:54:02,7390.0,100.0,332700.0
1529,2021-10-21 02:54:02,7390.0,1000.0,332600.0
1530,2021-10-21 02:54:02,7390.0,300.0,331600.0
1531,2021-10-21 02:54:02,7390.0,1600.0,331300.0
1532,2021-10-21 02:53:51,7390.0,1500.0,329700.0
1533,2021-10-21 02:53:21,7390.0,5800.0,328200.0
1534,2021-10-21 02:52:50,7390.0,1000.0,322400.0
1535,2021-10-21 02:52:09,7390.0,100.0,321400.0
1536,2021-10-21 02:52:09,7390.0,300.0,321300.0
1537,2021-10-21 02:52:09,7390.0,500.0,321000.0
1538,2021-10-21 02:51:34,7390.0,500.0,320500.0
1539,2021-10-21 02:51:16,7390.0,1000.0,320000.0
1540,2021-10-21 02:51:11,7390.0,100.0,319000.0
1541,2021-10-21 02:51:00,7390.0,300.0,318900.0
1542,2021-10-21 02:51:00,7390.0,200.0,318600.0
1543,2021-10-21 02:50:41,7390.0,300.0,318400.0
1544,2021-10-21 02:50:32,7390.0,1000.0,318100.0
1545,2021-10-21 02:50:22,7390.0,500.0,317100.0
1546,2021-10-21 02:50:11,7390.0,400.0,316600.0
1547,2021-10-21 02:50:06,7380.0,300.0,316200.0
1548,2021-10-21 02:49:55,7390.0,2800.0,315900.0
1549,2021-10-21 02:49:52,7390.0,5000.0,313100.0
1550,2021-10-21 02:48:44,7380.0,3000.0,308100.0
1551,2021-10-21 02:48:13,7400.0,2600.0,305100.0
1552,2021-10-21 02:48:13,7400.0,200.0,302500.0
1553,2021-10-21 02:48:13,7400.0,500.0,302300.0
1554,2021-10-21 02:48:13,7390.0,4000.0,301800.0
1555,2021-10-21 02:48:13,7390.0,5700.0,297800.0
1556,2021-10-21 02:48:06,7390.0,100.0,292100.0
1557,2021-10-21 02:48:06,7390.0,2200.0,292000.0
1558,2021-10-21 02:48:00,7390.0,1000.0,289800.0
1559,2021-10-21 02:48:00,7390.0,1800.0,288800.0
1560,2021-10-21 02:47:48,7390.0,2000.0,287000.0
1561,2021-10-21 02:47:46,7390.0,100.0,285000.0
1562,2021-10-21 02:47:40,7390.0,1000.0,284900.0
1563,2021-10-21 02:47:40,7390.0,100.0,283900.0
1564,2021-10-21 02:47:27,7390.0,100.0,283800.0
1565,2021-10-21 02:47:20,7390.0,500.0,283700.0
1566,2021-10-21 02:47:08,7390.0,300.0,283200.0
1567,2021-10-21 02:46:56,7390.0,1200.0,282900.0
1568,2021-10-21 02:46:56,7390.0,600.0,281700.0
1569,2021-10-21 02:46:56,7390.0,200.0,281100.0
1570,2021-10-21 02:46:56,7390.0,500.0,280900.0
1571,2021-10-21 02:46:56,7390.0,2500.0,280400.0
1572,2021-10-21 02:46:51,7390.0,800.0,277900.0
1573,2021-10-21 02:46:48,7390.0,300.0,277100.0
1574,2021-10-21 02:46:44,7380.0,100.0,276800.0
1575,2021-10-21 02:46:44,7380.0,500.0,276700.0
1576,2021-10-21 02:46:44,7380.0,200.0,276200.0
1577,2021-10-21 02:46:42,7390.0,5000.0,276000.0
1578,2021-10-21 02:46:41,7390.0,1000.0,271000.0
1579,2021-10-21 02:46:37,7390.0,10000.0,270000.0
1580,2021-10-21 02:46:35,7380.0,300.0,260000.0
1581,2021-10-21 02:46:15,7390.0,1000.0,259700.0
1582,2021-10-21 02:45:51,7390.0,1000.0,258700.0
1583,2021-10-21 02:45:14,7390.0,200.0,257700.0
1584,2021-10-21 02:44:38,7390.0,2000.0,257500.0
1585,2021-10-21 02:44:30,7390.0,3000.0,255500.0
1586,2021-10-21 02:44:30,7390.0,3000.0,252500.0
1587,2021-10-21 02:44:30,7390.0,3000.0,249500.0
1588,2021-10-21 02:44:30,7390.0,600.0,246500.0
1589,2021-10-21 02:44:30,7390.0,1000.0,245900.0
1590,2021-10-21 02:44:30,7390.0,300.0,244900.0
1591,2021-10-21 02:44:30,7390.0,800.0,244600.0
1592,2021-10-21 02:44:30,7390.0,1100.0,243800.0
1593,2021-10-21 02:44:30,7390.0,500.0,242700.0
1594,2021-10-21 02:44:30,7390.0,100.0,242200.0
1595,2021-10-21 02:44:30,7390.0,300.0,242100.0
1596,2021-10-21 02:44:30,7390.0,10000.0,241800.0
1597,2021-10-21 02:44:30,7390.0,500.0,231800.0
1598,2021-10-21 02:44:30,7390.0,500.0,231300.0
1599,2021-10-21 02:44:30,7390.0,100.0,230800.0
1600,2021-10-21 02:44:30,7390.0,1000.0,230700.0
1601,2021-10-21 02:44:30,7390.0,500.0,229700.0
1602,2021-10-21 02:43:55,7400.0,100.0,229200.0
1603,2021-10-21 02:42:02,7400.0,3000.0,229100.0
1604,2021-10-21 02:41:37,7400.0,100.0,226100.0
1605,2021-10-21 02:41:30,7400.0,100.0,226000.0
1606,2021-10-21 02:41:21,7400.0,1000.0,225900.0
1607,2021-10-21 02:40:24,7400.0,5200.0,224900.0
1608,2021-10-21 02:40:24,7400.0,3800.0,219700.0
1609,2021-10-21 02:39:50,7400.0,1100.0,215900.0
1610,2021-10-21 02:38:45,7400.0,100.0,214800.0
1611,2021-10-21 02:38:45,7400.0,100.0,214700.0
1612,2021-10-21 02:38:26,7400.0,100.0,214600.0
1613,2021-10-21 02:38:09,7400.0,400.0,214500.0
1614,2021-10-21 02:38:02,7400.0,100.0,214100.0
1615,2021-10-21 02:37:19,7400.0,200.0,214000.0
1616,2021-10-21 02:37:06,7390.0,200.0,213800.0
1617,2021-10-21 02:37:06,7390.0,800.0,213600.0
1618,2021-10-21 02:36:53,7390.0,200.0,212800.0
1619,2021-10-21 02:36:53,7390.0,1000.0,212600.0
1620,2021-10-21 02:36:53,7390.0,3000.0,211600.0
1621,2021-10-21 02:36:53,7390.0,1300.0,208600.0
1622,2021-10-21 02:36:51,7390.0,300.0,207300.0
1623,2021-10-21 02:36:46,7400.0,100.0,207000.0
1624,2021-10-21 02:36:46,7400.0,200.0,206900.0
1625,2021-10-21 02:36:46,7400.0,200.0,206700.0
1626,2021-10-21 02:35:38,7400.0,10000.0,206500.0
1627,2021-10-21 02:34:16,7400.0,100.0,196500.0
1628,2021-10-21 02:34:12,7390.0,200.0,196400.0
1629,2021-10-21 02:33:45,7390.0,100.0,196200.0
1630,2021-10-21 02:33:45,7390.0,8900.0,196100.0
1631,2021-10-21 02:33:39,7400.0,100.0,187200.0
1632,2021-10-21 02:33:24,7400.0,1300.0,187100.0
1633,2021-10-21 02:33:24,7400.0,1700.0,185800.0
1634,2021-10-21 02:33:20,7400.0,200.0,184100.0
1635,2021-10-21 02:33:03,7400.0,300.0,183900.0
1636,2021-10-21 02:33:03,7400.0,1000.0,183600.0
1637,2021-10-21 02:33:03,7400.0,3700.0,182600.0
1638,2021-10-21 02:32:52,7390.0,1000.0,178900.0
1639,2021-10-21 02:31:50,7400.0,1300.0,177900.0
1640,2021-10-21 02:31:46,7400.0,600.0,176600.0
1641,2021-10-21 02:31:46,7400.0,1800.0,176000.0
1642,2021-10-21 02:31:26,7400.0,500.0,174200.0
1643,2021-10-21 02:31:26,7400.0,300.0,173700.0
1644,2021-10-21 02:31:26,7400.0,1100.0,173400.0
1645,2021-10-21 02:31:26,7400.0,1000.0,172300.0
1646,2021-10-21 02:31:26,7400.0,2000.0,171300.0
1647,2021-10-21 02:31:26,7400.0,500.0,169300.0
1648,2021-10-21 02:31:26,7400.0,1000.0,168800.0
1649,2021-10-21 02:31:26,7400.0,100.0,167800.0
1650,2021-10-21 02:31:26,7400.0,1000.0,167700.0
1651,2021-10-21 02:31:10,7400.0,100.0,166700.0
1652,2021-10-21 02:30:28,7400.0,1200.0,166600.0
1653,2021-10-21 02:29:43,7400.0,200.0,165400.0
1654,2021-10-21 02:29:29,7400.0,1000.0,165200.0
1655,2021-10-21 02:29:15,7400.0,400.0,164200.0
1656,2021-10-21 02:29:12,7400.0,500.0,163800.0
1657,2021-10-21 02:29:11,7400.0,200.0,163300.0
1658,2021-10-21 02:29:11,7400.0,1400.0,163100.0
1659,2021-10-21 02:29:05,7400.0,100.0,161700.0
1660,2021-10-21 02:28:54,7400.0,3500.0,161600.0
1661,2021-10-21 02:28:51,7400.0,500.0,158100.0
1662,2021-10-21 02:28:51,7400.0,200.0,157600.0
1663,2021-10-21 02:28:51,7400.0,300.0,157400.0
1664,2021-10-21 02:28:45,7400.0,3200.0,157100.0
1665,2021-10-21 02:28:45,7400.0,300.0,153900.0
1666,2021-10-21 02:28:45,7400.0,1500.0,153600.0
1667,2021-10-21 02:28:39,7400.0,300.0,152100.0
1668,2021-10-21 02:28:14,7400.0,100.0,151800.0
1669,2021-10-21 02:27:53,7400.0,2000.0,151700.0
1670,2021-10-21 02:27:45,7400.0,100.0,149700.0
1671,2021-10-21 02:27:45,7400.0,200.0,149600.0
1672,2021-10-21 02:27:45,7400.0,800.0,149400.0
1673,2021-10-21 02:27:45,7400.0,4900.0,148600.0
1674,2021-10-21 02:27:13,7400.0,2300.0,143700.0
1675,2021-10-21 02:27:13,7400.0,200.0,141400.0
1676,2021-10-21 02:27:13,7400.0,100.0,141200.0
1677,2021-10-21 02:27:13,7400.0,1000.0,141100.0
1678,2021-10-21 02:27:13,7400.0,400.0,140100.0
1679,2021-10-21 02:25:55,7400.0,2000.0,139700.0
1680,2021-10-21 02:25:54,7390.0,100.0,137700.0
1681,2021-10-21 02:25:54,7390.0,100.0,137600.0
1682,2021-10-21 02:25:54,7390.0,2000.0,137500.0
1683,2021-10-21 02:25:54,7390.0,900.0,135500.0
1684,2021-10-21 02:25:40,7390.0,100.0,134600.0
1685,2021-10-21 02:25:23,7400.0,700.0,134500.0
1686,2021-10-21 02:25:23,7400.0,1300.0,133800.0
1687,2021-10-21 02:25:15,7400.0,600.0,132500.0
1688,2021-10-21 02:25:15,7400.0,300.0,131900.0
1689,2021-10-21 02:25:15,7400.0,500.0,131600.0
1690,2021-10-21 02:25:02,7390.0,200.0,131100.0
1691,2021-10-21 02:25:02,7400.0,200.0,130900.0
1692,2021-10-21 02:25:02,7400.0,400.0,130700.0
1693,2021-10-21 02:24:50,7400.0,800.0,130300.0
1694,2021-10-21 02:24:49,7400.0,2000.0,129500.0
1695,2021-10-21 02:24:40,7400.0,4000.0,127500.0
1696,2021-10-21 02:24:39,7400.0,200.0,123500.0
1697,2021-10-21 02:24:22,7400.0,100.0,123300.0
1698,2021-10-21 02:24:18,7400.0,1000.0,123200.0
1699,2021-10-21 02:24:17,7400.0,700.0,122200.0
1700,2021-10-21 02:24:07,7400.0,600.0,121500.0
1701,2021-10-21 02:24:07,7400.0,2400.0,120900.0
1702,2021-10-21 02:23:18,7400.0,300.0,118500.0
1703,2021-10-21 02:22:56,7390.0,200.0,118200.0
1704,2021-10-21 02:22:44,7390.0,100.0,118000.0
1705,2021-10-21 02:22:44,7400.0,200.0,117900.0
1706,2021-10-21 02:22:13,7400.0,1000.0,117700.0
1707,2021-10-21 02:22:12,7400.0,200.0,116700.0
1708,2021-10-21 02:22:12,7400.0,7000.0,116500.0
1709,2021-10-21 02:22:12,7400.0,10000.0,109500.0
1710,2021-10-21 02:22:12,7400.0,1000.0,99500.0
1711,2021-10-21 02:22:12,7400.0,100.0,98500.0
1712,2021-10-21 02:22:12,7400.0,7000.0,98400.0
1713,2021-10-21 02:22:12,7400.0,5000.0,91400.0
1714,2021-10-21 02:22:12,7400.0,5000.0,86400.0
1715,2021-10-21 02:22:12,7400.0,400.0,81400.0
1716,2021-10-21 02:22:12,7400.0,400.0,81000.0
1717,2021-10-21 02:22:12,7400.0,1000.0,80600.0
1718,2021-10-21 02:22:12,7400.0,3000.0,79600.0
1719,2021-10-21 02:22:12,7400.0,1000.0,76600.0
1720,2021-10-21 02:22:12,7400.0,2000.0,75600.0
1721,2021-10-21 02:22:12,7400.0,100.0,73600.0
1722,2021-10-21 02:22:12,7400.0,1000.0,73500.0
1723,2021-10-21 02:22:12,7400.0,1000.0,72500.0
1724,2021-10-21 02:22:12,7400.0,900.0,71500.0
1725,2021-10-21 02:21:50,7410.0,5000.0,70600.0
1726,2021-10-21 02:21:40,7410.0,200.0,65600.0
1727,2021-10-21 02:21:39,7410.0,1000.0,65400.0
1728,2021-10-21 02:21:39,7410.0,2500.0,64400.0
1729,2021-10-21 02:20:53,7410.0,1000.0,61900.0
1730,2021-10-21 02:20:51,7410.0,1500.0,60900.0
1731,2021-10-21 02:20:33,7410.0,10000.0,59400.0
1732,2021-10-21 02:20:21,7410.0,1700.0,49400.0
1733,2021-10-21 02:19:45,7400.0,100.0,47700.0
1734,2021-10-21 02:19:21,7410.0,4000.0,47600.0
1735,2021-10-21 02:19:06,7410.0,500.0,43600.0
1736,2021-10-21 02:18:58,7410.0,500.0,43100.0
1737,2021-10-21 02:18:58,7410.0,600.0,42600.0
1738,2021-10-21 02:18:58,7410.0,100.0,42000.0
1739,2021-10-21 02:18:58,7410.0,1600.0,41900.0
1740,2021-10-21 02:18:52,7410.0,300.0,40300.0
1741,2021-10-21 02:18:36,7410.0,100.0,40000.0
1742,2021-10-21 02:18:36,7410.0,400.0,39900.0
1743,2021-10-21 02:18:28,7410.0,600.0,39500.0
1744,2021-10-21 02:17:55,7410.0,1000.0,38900.0
1745,2021-10-21 02:16:41,7400.0,8200.0,37900.0
1746,2021-10-21 02:16:41,7400.0,300.0,29700.0
1747,2021-10-21 02:16:41,7400.0,1000.0,29400.0
1748,2021-10-21 02:16:41,7400.0,500.0,28400.0
1749,2021-10-21 02:16:41,7400.0,100.0,27900.0
1750,2021-10-21 02:16:41,7400.0,100.0,27800.0
1751,2021-10-21 02:16:41,7400.0,100.0,27700.0
1752,2021-10-21 02:16:41,7410.0,400.0,27600.0
1753,2021-10-21 02:16:41,7410.0,1000.0,27200.0
1754,2021-10-21 02:16:41,7410.0,2000.0,26200.0
1755,2021-10-21 02:16:41,7410.0,8000.0,24200.0
1756,2021-10-21 02:16:41,7410.0,400.0,16200.0
1757,2021-10-21 02:16:41,7410.0,700.0,15800.0
1758,2021-10-21 02:16:41,7410.0,2700.0,15100.0
1759,2021-10-21 02:16:41,7410.0,3000.0,12400.0
1760,2021-10-21 02:16:41,7410.0,700.0,9400.0
1761,2021-10-21 02:16:41,7420.0,100.0,8700.0
1762,2021-10-21 02:16:25,7410.0,300.0,8600.0
1763,2021-10-21 02:15:34,7420.0,1500.0,8300.0
1764,2021-10-21 02:15:00,7420.0,900.0,6800.0
1765,2021-10-21 02:15:00,7420.0,1000.0,5900.0
1766,2021-10-21 02:15:00,7420.0,800.0,4900.0
1767,2021-10-21 02:15:00,7420.0,800.0,4100.0
1768,2021-10-21 02:15:00,7420.0,2000.0,3300.0
1769,2021-10-21 02:15:00,7420.0,100.0,1300.0
1770,2021-10-21 02:15:00,7420.0,100.0,1200.0
1771,2021-10-21 02:15:00,7420.0,300.0,1100.0
1772,2021-10-21 02:15:00,7420.0,300.0,800.0
1773,2021-10-21 02:15:00,7420.0,200.0,500.0
1774,2021-10-21 02:15:00,7420.0,200.0,300.0
1775,2021-10-21 02:15:00,7420.0,100.0,100.0
