,Time,Price,Volume_per_trade,Volume
0,2021-10-12 07:45:01,7110.0,3700.0,329000.0
1,2021-10-12 07:45:01,7110.0,100.0,325300.0
2,2021-10-12 07:45:01,7110.0,100.0,325200.0
3,2021-10-12 07:45:01,7110.0,100.0,325100.0
4,2021-10-12 07:45:01,7110.0,200.0,325000.0
5,2021-10-12 07:26:51,7110.0,2000.0,324800.0
6,2021-10-12 07:24:55,7120.0,200.0,322800.0
7,2021-10-12 07:24:36,7120.0,500.0,322600.0
8,2021-10-12 07:24:36,7120.0,100.0,322100.0
9,2021-10-12 07:24:36,7120.0,200.0,322000.0
10,2021-10-12 07:24:36,7120.0,600.0,321800.0
11,2021-10-12 07:23:40,7120.0,1400.0,321200.0
12,2021-10-12 07:23:40,7120.0,1400.0,319800.0
13,2021-10-12 07:20:19,7130.0,2000.0,318400.0
14,2021-10-12 07:20:16,7130.0,200.0,316400.0
15,2021-10-12 07:19:21,7130.0,2600.0,316200.0
16,2021-10-12 07:12:38,7150.0,100.0,313600.0
17,2021-10-12 07:12:30,7150.0,300.0,313500.0
18,2021-10-12 07:12:20,7130.0,2000.0,313200.0
19,2021-10-12 07:12:10,7130.0,1000.0,311200.0
20,2021-10-12 07:11:10,7130.0,200.0,310200.0
21,2021-10-12 07:08:32,7130.0,1000.0,310000.0
22,2021-10-12 07:08:32,7130.0,100.0,309000.0
23,2021-10-12 07:08:32,7130.0,100.0,308900.0
24,2021-10-12 07:08:32,7130.0,3800.0,308800.0
25,2021-10-12 07:00:57,7130.0,1000.0,305000.0
26,2021-10-12 07:00:37,7130.0,100.0,304000.0
27,2021-10-12 06:58:37,7130.0,12100.0,303900.0
28,2021-10-12 06:58:37,7130.0,300.0,291800.0
29,2021-10-12 06:58:37,7130.0,1100.0,291500.0
30,2021-10-12 06:58:37,7130.0,1000.0,290400.0
31,2021-10-12 06:58:37,7130.0,200.0,289400.0
32,2021-10-12 06:58:37,7130.0,1400.0,289200.0
33,2021-10-12 06:58:37,7130.0,200.0,287800.0
34,2021-10-12 06:58:37,7130.0,6100.0,287600.0
35,2021-10-12 06:58:28,7130.0,500.0,281500.0
36,2021-10-12 06:58:21,7130.0,1000.0,281000.0
37,2021-10-12 06:34:27,7130.0,2400.0,280000.0
38,2021-10-12 06:34:27,7150.0,300.0,277600.0
39,2021-10-12 06:34:27,7150.0,300.0,277300.0
40,2021-10-12 06:22:53,7170.0,2000.0,277000.0
41,2021-10-12 06:22:53,7170.0,500.0,275000.0
42,2021-10-12 06:22:53,7170.0,1700.0,274500.0
43,2021-10-12 06:14:05,7170.0,14400.0,272800.0
44,2021-10-12 06:09:30,7180.0,5600.0,258400.0
45,2021-10-12 06:06:57,7190.0,100.0,252800.0
46,2021-10-12 06:06:37,7180.0,100.0,252700.0
47,2021-10-12 06:06:37,7180.0,5000.0,252600.0
48,2021-10-12 06:06:37,7180.0,400.0,247600.0
49,2021-10-12 06:05:50,7170.0,1000.0,247200.0
50,2021-10-12 06:00:16,7170.0,500.0,246200.0
51,2021-10-12 06:00:16,7170.0,2400.0,245700.0
52,2021-10-12 06:00:01,7170.0,100.0,243300.0
53,2021-10-12 04:25:59,7170.0,2000.0,243200.0
54,2021-10-12 04:25:59,7170.0,1000.0,241200.0
55,2021-10-12 04:14:21,7170.0,1000.0,240200.0
56,2021-10-12 04:06:50,7170.0,3000.0,239200.0
57,2021-10-12 04:01:46,7170.0,3400.0,236200.0
58,2021-10-12 04:00:36,7170.0,1000.0,232800.0
59,2021-10-12 04:00:15,7170.0,400.0,231800.0
60,2021-10-12 04:00:15,7170.0,1000.0,231400.0
61,2021-10-12 04:00:11,7170.0,2800.0,230400.0
62,2021-10-12 03:59:29,7170.0,1000.0,227600.0
63,2021-10-12 03:59:13,7170.0,2800.0,226600.0
64,2021-10-12 03:58:15,7170.0,2000.0,223800.0
65,2021-10-12 03:57:21,7170.0,600.0,221800.0
66,2021-10-12 03:56:49,7170.0,2000.0,221200.0
67,2021-10-12 03:54:39,7170.0,100.0,219200.0
68,2021-10-12 03:52:32,7170.0,1000.0,219100.0
69,2021-10-12 03:50:21,7160.0,200.0,218100.0
70,2021-10-12 03:45:31,7160.0,2800.0,217900.0
71,2021-10-12 03:44:45,7160.0,200.0,215100.0
72,2021-10-12 03:44:27,7170.0,5000.0,214900.0
73,2021-10-12 03:44:27,7170.0,300.0,209900.0
74,2021-10-12 03:42:46,7180.0,600.0,209600.0
75,2021-10-12 03:42:46,7180.0,1200.0,209000.0
76,2021-10-12 03:42:46,7180.0,1200.0,207800.0
77,2021-10-12 03:42:24,7180.0,800.0,206600.0
78,2021-10-12 03:42:24,7180.0,2200.0,205800.0
79,2021-10-12 03:42:04,7170.0,200.0,203600.0
80,2021-10-12 03:38:02,7170.0,1000.0,203400.0
81,2021-10-12 03:37:35,7170.0,1300.0,202400.0
82,2021-10-12 03:37:22,7170.0,700.0,201100.0
83,2021-10-12 03:36:13,7170.0,1000.0,200400.0
84,2021-10-12 03:35:18,7170.0,1000.0,199400.0
85,2021-10-12 03:35:18,7170.0,100.0,198400.0
86,2021-10-12 03:29:09,7170.0,2400.0,198300.0
87,2021-10-12 03:28:51,7170.0,100.0,195900.0
88,2021-10-12 03:28:27,7170.0,500.0,195800.0
89,2021-10-12 03:27:07,7170.0,100.0,195300.0
90,2021-10-12 03:27:07,7170.0,900.0,195200.0
91,2021-10-12 03:26:07,7170.0,2100.0,194300.0
92,2021-10-12 03:25:55,7170.0,100.0,192200.0
93,2021-10-12 03:25:55,7170.0,2800.0,192100.0
94,2021-10-12 03:25:36,7170.0,300.0,189300.0
95,2021-10-12 03:22:34,7170.0,3700.0,189000.0
96,2021-10-12 03:22:32,7170.0,1000.0,185300.0
97,2021-10-12 03:22:21,7170.0,300.0,184300.0
98,2021-10-12 03:22:21,7170.0,500.0,184000.0
99,2021-10-12 03:22:21,7170.0,200.0,183500.0
100,2021-10-12 03:21:24,7170.0,100.0,183300.0
101,2021-10-12 03:20:44,7160.0,1900.0,183200.0
102,2021-10-12 03:19:48,7100.0,1000.0,181300.0
103,2021-10-12 03:19:46,7160.0,100.0,180300.0
104,2021-10-12 03:16:43,7100.0,2800.0,180200.0
105,2021-10-12 03:16:43,7100.0,100.0,177400.0
106,2021-10-12 03:16:43,7100.0,11800.0,177300.0
107,2021-10-12 03:16:43,7140.0,200.0,165500.0
108,2021-10-12 03:16:27,7150.0,1000.0,165300.0
109,2021-10-12 03:16:27,7150.0,200.0,164300.0
110,2021-10-12 03:16:27,7150.0,100.0,164100.0
111,2021-10-12 03:15:25,7150.0,400.0,164000.0
112,2021-10-12 03:15:25,7150.0,100.0,163600.0
113,2021-10-12 03:14:34,7150.0,200.0,163500.0
114,2021-10-12 03:14:34,7150.0,1800.0,163300.0
115,2021-10-12 03:12:27,7150.0,100.0,161500.0
116,2021-10-12 03:10:59,7150.0,100.0,161400.0
117,2021-10-12 03:10:59,7150.0,900.0,161300.0
118,2021-10-12 03:08:19,7150.0,100.0,160400.0
119,2021-10-12 03:04:38,7160.0,1000.0,160300.0
120,2021-10-12 03:04:38,7170.0,700.0,159300.0
121,2021-10-12 03:04:38,7170.0,100.0,158600.0
122,2021-10-12 03:04:16,7170.0,500.0,158500.0
123,2021-10-12 03:04:16,7170.0,1500.0,158000.0
124,2021-10-12 03:04:00,7170.0,1400.0,156500.0
125,2021-10-12 03:03:25,7180.0,1600.0,155100.0
126,2021-10-12 03:03:04,7170.0,100.0,153500.0
127,2021-10-12 03:02:56,7160.0,800.0,153400.0
128,2021-10-12 03:02:51,7160.0,200.0,152600.0
129,2021-10-12 03:01:03,7160.0,1000.0,152400.0
130,2021-10-12 02:58:37,7160.0,500.0,151400.0
131,2021-10-12 02:58:16,7150.0,1000.0,150900.0
132,2021-10-12 02:57:59,7150.0,5000.0,149900.0
133,2021-10-12 02:57:51,7100.0,3200.0,144900.0
134,2021-10-12 02:54:04,7000.0,18600.0,141700.0
135,2021-10-12 02:54:03,7000.0,700.0,123100.0
136,2021-10-12 02:54:03,7000.0,1000.0,122400.0
137,2021-10-12 02:54:03,7000.0,1000.0,121400.0
138,2021-10-12 02:54:03,7000.0,1000.0,120400.0
139,2021-10-12 02:54:03,7050.0,1500.0,119400.0
140,2021-10-12 02:54:03,7050.0,500.0,117900.0
141,2021-10-12 02:54:03,7070.0,5000.0,117400.0
142,2021-10-12 02:54:03,7080.0,1000.0,112400.0
143,2021-10-12 02:54:03,7090.0,1100.0,111400.0
144,2021-10-12 02:54:03,7100.0,500.0,110300.0
145,2021-10-12 02:54:03,7100.0,300.0,109800.0
146,2021-10-12 02:54:03,7100.0,200.0,109500.0
147,2021-10-12 02:54:03,7100.0,1000.0,109300.0
148,2021-10-12 02:54:03,7110.0,900.0,108300.0
149,2021-10-12 02:54:03,7120.0,800.0,107400.0
150,2021-10-12 02:54:03,7130.0,500.0,106600.0
151,2021-10-12 02:54:03,7130.0,700.0,106100.0
152,2021-10-12 02:54:03,7140.0,100.0,105400.0
153,2021-10-12 02:54:03,7140.0,600.0,105300.0
154,2021-10-12 02:54:03,7150.0,3000.0,104700.0
155,2021-10-12 02:53:28,7150.0,1000.0,101700.0
156,2021-10-12 02:53:28,7150.0,5000.0,100700.0
157,2021-10-12 02:53:28,7150.0,2100.0,95700.0
158,2021-10-12 02:53:03,7150.0,100.0,93600.0
159,2021-10-12 02:52:49,7150.0,3000.0,93500.0
160,2021-10-12 02:48:16,7180.0,200.0,90500.0
161,2021-10-12 02:44:45,7190.0,100.0,90300.0
162,2021-10-12 02:44:24,7150.0,500.0,90200.0
163,2021-10-12 02:41:54,7150.0,5200.0,89700.0
164,2021-10-12 02:41:42,7150.0,1900.0,84500.0
165,2021-10-12 02:41:01,7160.0,3800.0,82600.0
166,2021-10-12 02:41:01,7160.0,1200.0,78800.0
167,2021-10-12 02:40:33,7150.0,300.0,77600.0
168,2021-10-12 02:40:15,7150.0,1900.0,77300.0
169,2021-10-12 02:39:56,7150.0,5000.0,75400.0
170,2021-10-12 02:39:56,7150.0,100.0,70400.0
171,2021-10-12 02:39:56,7150.0,1500.0,70300.0
172,2021-10-12 02:39:56,7150.0,2900.0,68800.0
173,2021-10-12 02:39:56,7150.0,2400.0,65900.0
174,2021-10-12 02:38:57,7150.0,500.0,63500.0
175,2021-10-12 02:38:57,7150.0,500.0,63000.0
176,2021-10-12 02:38:50,7160.0,200.0,62500.0
177,2021-10-12 02:38:23,7160.0,100.0,62300.0
178,2021-10-12 02:35:20,7160.0,1500.0,62200.0
179,2021-10-12 02:35:12,7160.0,500.0,60700.0
180,2021-10-12 02:33:07,7160.0,2800.0,60200.0
181,2021-10-12 02:32:55,7160.0,5200.0,57400.0
182,2021-10-12 02:32:55,7160.0,4800.0,52200.0
183,2021-10-12 02:32:09,7170.0,5800.0,47400.0
184,2021-10-12 02:31:49,7170.0,1500.0,41600.0
185,2021-10-12 02:31:02,7170.0,500.0,40100.0
186,2021-10-12 02:30:13,7170.0,2000.0,39600.0
187,2021-10-12 02:30:13,7170.0,200.0,37600.0
188,2021-10-12 02:29:39,7160.0,600.0,37400.0
189,2021-10-12 02:29:39,7160.0,400.0,36800.0
190,2021-10-12 02:26:57,7170.0,500.0,36400.0
191,2021-10-12 02:26:30,7170.0,600.0,35900.0
192,2021-10-12 02:26:30,7170.0,2700.0,35300.0
193,2021-10-12 02:24:19,7170.0,200.0,32600.0
194,2021-10-12 02:23:19,7170.0,100.0,32400.0
195,2021-10-12 02:23:19,7170.0,100.0,32300.0
196,2021-10-12 02:23:19,7170.0,300.0,32200.0
197,2021-10-12 02:22:37,7180.0,500.0,31900.0
198,2021-10-12 02:22:11,7180.0,300.0,31400.0
199,2021-10-12 02:22:11,7180.0,2600.0,31100.0
200,2021-10-12 02:22:07,7180.0,10100.0,28500.0
201,2021-10-12 02:21:36,7180.0,500.0,18400.0
202,2021-10-12 02:20:48,7180.0,5000.0,17900.0
203,2021-10-12 02:20:38,7180.0,5000.0,12900.0
204,2021-10-12 02:18:43,7180.0,5800.0,7900.0
205,2021-10-12 02:18:43,7180.0,1000.0,2100.0
206,2021-10-12 02:17:25,7180.0,200.0,1100.0
207,2021-10-12 02:17:25,7180.0,500.0,900.0
208,2021-10-12 02:16:43,7190.0,100.0,400.0
209,2021-10-12 02:15:00,7200.0,100.0,300.0
210,2021-10-12 02:15:00,7200.0,100.0,200.0
211,2021-10-12 02:15:00,7200.0,100.0,100.0
