,Time,Price,Volume_per_trade,Volume
0,2021-10-19 07:45:01,7950.0,5000.0,1054100.0
1,2021-10-19 07:45:01,7950.0,1600.0,1049100.0
2,2021-10-19 07:45:01,7950.0,300.0,1047500.0
3,2021-10-19 07:45:01,7950.0,1100.0,1047200.0
4,2021-10-19 07:45:01,7950.0,200.0,1046100.0
5,2021-10-19 07:45:01,7950.0,800.0,1045900.0
6,2021-10-19 07:29:41,7900.0,200.0,1045100.0
7,2021-10-19 07:29:25,7900.0,100.0,1044900.0
8,2021-10-19 07:27:06,7900.0,100.0,1044800.0
9,2021-10-19 07:27:00,7900.0,100.0,1044700.0
10,2021-10-19 07:26:51,7900.0,1000.0,1044600.0
11,2021-10-19 07:26:34,7900.0,100.0,1043600.0
12,2021-10-19 07:26:26,7900.0,1500.0,1043500.0
13,2021-10-19 07:26:26,7900.0,100.0,1042000.0
14,2021-10-19 07:26:26,7900.0,200.0,1041900.0
15,2021-10-19 07:26:26,7900.0,200.0,1041700.0
16,2021-10-19 07:26:26,7900.0,5400.0,1041500.0
17,2021-10-19 07:25:59,7900.0,7900.0,1036100.0
18,2021-10-19 07:25:59,7910.0,2100.0,1028200.0
19,2021-10-19 07:25:47,7910.0,100.0,1026100.0
20,2021-10-19 07:25:06,7940.0,100.0,1026000.0
21,2021-10-19 07:24:40,7940.0,100.0,1025900.0
22,2021-10-19 07:23:54,7940.0,100.0,1025800.0
23,2021-10-19 07:22:11,7910.0,800.0,1025700.0
24,2021-10-19 07:21:58,7910.0,100.0,1024900.0
25,2021-10-19 07:21:58,7910.0,100.0,1024800.0
26,2021-10-19 07:21:12,7930.0,400.0,1024700.0
27,2021-10-19 07:20:39,7930.0,100.0,1024300.0
28,2021-10-19 07:20:28,7930.0,4600.0,1024200.0
29,2021-10-19 07:18:05,7930.0,100.0,1019600.0
30,2021-10-19 07:17:10,7930.0,100.0,1019500.0
31,2021-10-19 07:16:38,7930.0,100.0,1019400.0
32,2021-10-19 07:16:26,7930.0,100.0,1019300.0
33,2021-10-19 07:15:07,7900.0,1000.0,1019200.0
34,2021-10-19 07:14:38,7900.0,700.0,1018200.0
35,2021-10-19 07:14:38,7900.0,500.0,1017500.0
36,2021-10-19 07:14:38,7900.0,500.0,1017000.0
37,2021-10-19 07:14:38,7900.0,1000.0,1016500.0
38,2021-10-19 07:14:38,7910.0,1000.0,1015500.0
39,2021-10-19 07:14:38,7910.0,5000.0,1014500.0
40,2021-10-19 07:14:38,7910.0,2000.0,1009500.0
41,2021-10-19 07:14:38,7920.0,500.0,1007500.0
42,2021-10-19 07:14:38,7920.0,2000.0,1007000.0
43,2021-10-19 07:14:38,7920.0,500.0,1005000.0
44,2021-10-19 07:14:38,7920.0,100.0,1004500.0
45,2021-10-19 07:14:38,7930.0,300.0,1004400.0
46,2021-10-19 07:14:38,7930.0,500.0,1004100.0
47,2021-10-19 07:14:38,7930.0,300.0,1003600.0
48,2021-10-19 07:14:38,7940.0,100.0,1003300.0
49,2021-10-19 07:13:41,7950.0,100.0,1003200.0
50,2021-10-19 07:13:41,7950.0,300.0,1003100.0
51,2021-10-19 07:12:59,7950.0,100.0,1002800.0
52,2021-10-19 07:12:02,7950.0,400.0,1002700.0
53,2021-10-19 07:10:26,7950.0,2300.0,1002300.0
54,2021-10-19 07:09:45,7950.0,1500.0,1000000.0
55,2021-10-19 07:09:07,7950.0,800.0,998500.0
56,2021-10-19 07:09:02,7950.0,1000.0,997700.0
57,2021-10-19 07:08:32,7950.0,200.0,996700.0
58,2021-10-19 07:08:32,7950.0,5800.0,996500.0
59,2021-10-19 07:07:45,7950.0,4200.0,990700.0
60,2021-10-19 07:07:33,7980.0,900.0,986500.0
61,2021-10-19 07:07:32,7980.0,5000.0,985600.0
62,2021-10-19 07:07:03,7950.0,100.0,980600.0
63,2021-10-19 07:07:03,7950.0,200.0,980500.0
64,2021-10-19 07:07:03,7950.0,300.0,980300.0
65,2021-10-19 07:07:03,7950.0,200.0,980000.0
66,2021-10-19 07:06:51,7950.0,900.0,979800.0
67,2021-10-19 07:06:17,7950.0,100.0,978900.0
68,2021-10-19 07:05:39,7950.0,1800.0,978800.0
69,2021-10-19 07:05:39,7950.0,700.0,977000.0
70,2021-10-19 07:05:24,7950.0,1800.0,976300.0
71,2021-10-19 07:05:09,7950.0,1000.0,974500.0
72,2021-10-19 07:04:47,7950.0,100.0,973500.0
73,2021-10-19 07:04:13,7950.0,1000.0,973400.0
74,2021-10-19 07:01:56,7950.0,500.0,972400.0
75,2021-10-19 07:01:39,7950.0,100.0,971900.0
76,2021-10-19 07:01:21,7950.0,500.0,971800.0
77,2021-10-19 07:00:18,7940.0,100.0,971300.0
78,2021-10-19 07:00:09,7950.0,100.0,971200.0
79,2021-10-19 06:59:48,7950.0,100.0,971100.0
80,2021-10-19 06:59:47,7910.0,200.0,971000.0
81,2021-10-19 06:59:47,7930.0,100.0,970800.0
82,2021-10-19 06:59:47,7930.0,200.0,970700.0
83,2021-10-19 06:59:45,7950.0,100.0,970500.0
84,2021-10-19 06:59:45,7950.0,3000.0,970400.0
85,2021-10-19 06:59:45,7950.0,1000.0,967400.0
86,2021-10-19 06:59:28,7960.0,100.0,966400.0
87,2021-10-19 06:59:18,7960.0,200.0,966300.0
88,2021-10-19 06:59:18,7960.0,600.0,966100.0
89,2021-10-19 06:59:18,7960.0,1000.0,965500.0
90,2021-10-19 06:59:18,7960.0,100.0,964500.0
91,2021-10-19 06:59:15,7980.0,1300.0,964400.0
92,2021-10-19 06:59:15,7980.0,600.0,963100.0
93,2021-10-19 06:58:47,7960.0,100.0,962500.0
94,2021-10-19 06:56:08,7980.0,500.0,962400.0
95,2021-10-19 06:55:40,7980.0,100.0,961900.0
96,2021-10-19 06:55:11,7980.0,200.0,961800.0
97,2021-10-19 06:54:55,7980.0,100.0,961600.0
98,2021-10-19 06:54:33,7980.0,100.0,961500.0
99,2021-10-19 06:54:12,7980.0,100.0,961400.0
100,2021-10-19 06:53:55,7980.0,100.0,961300.0
101,2021-10-19 06:53:55,7980.0,200.0,961200.0
102,2021-10-19 06:53:20,7980.0,500.0,961000.0
103,2021-10-19 06:53:20,7980.0,2300.0,960500.0
104,2021-10-19 06:52:58,7980.0,200.0,958200.0
105,2021-10-19 06:40:13,8000.0,300.0,958000.0
106,2021-10-19 06:39:52,8000.0,1000.0,957700.0
107,2021-10-19 06:39:33,8000.0,3000.0,956700.0
108,2021-10-19 06:38:22,8000.0,100.0,953700.0
109,2021-10-19 06:37:55,8000.0,200.0,953600.0
110,2021-10-19 06:37:31,8000.0,800.0,953400.0
111,2021-10-19 06:37:13,8000.0,700.0,952600.0
112,2021-10-19 06:37:00,8000.0,1000.0,951900.0
113,2021-10-19 06:37:00,8000.0,500.0,950900.0
114,2021-10-19 06:37:00,8000.0,1000.0,950400.0
115,2021-10-19 06:37:00,8000.0,4200.0,949400.0
116,2021-10-19 06:37:00,8100.0,1800.0,945200.0
117,2021-10-19 06:36:55,8100.0,200.0,943400.0
118,2021-10-19 06:36:55,8090.0,200.0,943200.0
119,2021-10-19 06:36:55,8080.0,600.0,943000.0
120,2021-10-19 06:34:26,8000.0,800.0,942400.0
121,2021-10-19 06:34:26,8000.0,100.0,941600.0
122,2021-10-19 06:34:26,8000.0,500.0,941500.0
123,2021-10-19 06:34:26,8000.0,2000.0,941000.0
124,2021-10-19 06:34:26,8000.0,500.0,939000.0
125,2021-10-19 06:34:26,8000.0,200.0,938500.0
126,2021-10-19 06:34:26,8000.0,1100.0,938300.0
127,2021-10-19 06:34:26,8010.0,1000.0,937200.0
128,2021-10-19 06:34:26,8010.0,100.0,936200.0
129,2021-10-19 06:34:26,8010.0,1000.0,936100.0
130,2021-10-19 06:34:26,8020.0,100.0,935100.0
131,2021-10-19 06:34:26,8020.0,4600.0,935000.0
132,2021-10-19 06:34:26,8020.0,3000.0,930400.0
133,2021-10-19 06:34:26,8050.0,1000.0,927400.0
134,2021-10-19 06:32:25,8080.0,700.0,926400.0
135,2021-10-19 06:32:25,8070.0,1000.0,925700.0
136,2021-10-19 06:31:35,8080.0,300.0,924700.0
137,2021-10-19 06:27:24,8080.0,100.0,924400.0
138,2021-10-19 06:27:24,8080.0,100.0,924300.0
139,2021-10-19 06:27:24,8080.0,1600.0,924200.0
140,2021-10-19 06:27:07,8080.0,1000.0,922600.0
141,2021-10-19 06:25:58,8080.0,4100.0,921600.0
142,2021-10-19 06:25:56,8080.0,100.0,917500.0
143,2021-10-19 06:25:39,8080.0,3200.0,917400.0
144,2021-10-19 06:25:39,8080.0,100.0,914200.0
145,2021-10-19 06:25:29,8090.0,100.0,914100.0
146,2021-10-19 06:24:17,8100.0,100.0,914000.0
147,2021-10-19 06:24:17,8100.0,100.0,913900.0
148,2021-10-19 06:24:17,8100.0,1000.0,913800.0
149,2021-10-19 06:24:17,8100.0,500.0,912800.0
150,2021-10-19 06:22:55,8110.0,1000.0,912300.0
151,2021-10-19 06:22:55,8110.0,2700.0,911300.0
152,2021-10-19 06:22:32,8110.0,17000.0,908600.0
153,2021-10-19 06:22:18,8110.0,7900.0,891600.0
154,2021-10-19 06:22:18,8110.0,100.0,883700.0
155,2021-10-19 06:20:43,8120.0,100.0,883600.0
156,2021-10-19 06:20:43,8120.0,1900.0,883500.0
157,2021-10-19 06:19:58,8120.0,100.0,881600.0
158,2021-10-19 06:19:58,8120.0,2500.0,881500.0
159,2021-10-19 06:19:58,8120.0,2400.0,879000.0
160,2021-10-19 06:19:51,8120.0,2600.0,876600.0
161,2021-10-19 06:19:51,8120.0,400.0,874000.0
162,2021-10-19 06:19:46,8120.0,600.0,873600.0
163,2021-10-19 06:19:46,8120.0,900.0,873000.0
164,2021-10-19 06:19:46,8120.0,100.0,872100.0
165,2021-10-19 06:19:46,8120.0,2000.0,872000.0
166,2021-10-19 06:19:11,8120.0,8000.0,870000.0
167,2021-10-19 06:19:11,8120.0,1800.0,862000.0
168,2021-10-19 06:19:11,8120.0,100.0,860200.0
169,2021-10-19 06:19:11,8120.0,100.0,860100.0
170,2021-10-19 06:18:58,8120.0,22000.0,860000.0
171,2021-10-19 06:18:04,8120.0,3000.0,838000.0
172,2021-10-19 06:16:25,8130.0,100.0,835000.0
173,2021-10-19 06:16:25,8130.0,1500.0,834900.0
174,2021-10-19 06:16:25,8130.0,1400.0,833400.0
175,2021-10-19 06:15:43,8130.0,600.0,832000.0
176,2021-10-19 06:15:43,8130.0,400.0,831400.0
177,2021-10-19 06:15:01,8130.0,100.0,831000.0
178,2021-10-19 06:12:34,8140.0,100.0,830900.0
179,2021-10-19 06:10:30,8150.0,100.0,830800.0
180,2021-10-19 06:09:11,8150.0,1000.0,830700.0
181,2021-10-19 06:09:11,8150.0,1000.0,829700.0
182,2021-10-19 06:09:11,8150.0,3000.0,828700.0
183,2021-10-19 06:09:11,8150.0,200.0,825700.0
184,2021-10-19 06:09:11,8150.0,500.0,825500.0
185,2021-10-19 06:09:11,8150.0,300.0,825000.0
186,2021-10-19 06:08:30,8150.0,200.0,824700.0
187,2021-10-19 06:08:15,8150.0,100.0,824500.0
188,2021-10-19 06:07:52,8160.0,100.0,824400.0
189,2021-10-19 06:06:50,8150.0,4400.0,824300.0
190,2021-10-19 06:06:50,8150.0,600.0,819900.0
191,2021-10-19 06:06:43,8150.0,1000.0,819300.0
192,2021-10-19 06:06:05,8150.0,2000.0,818300.0
193,2021-10-19 06:05:58,8160.0,1000.0,816300.0
194,2021-10-19 06:05:58,8160.0,400.0,815300.0
195,2021-10-19 06:05:58,8160.0,300.0,814900.0
196,2021-10-19 06:05:58,8160.0,100.0,814600.0
197,2021-10-19 06:05:58,8160.0,200.0,814500.0
198,2021-10-19 06:05:58,8160.0,5800.0,814300.0
199,2021-10-19 06:04:40,8150.0,1400.0,808500.0
200,2021-10-19 06:04:40,8150.0,600.0,807100.0
201,2021-10-19 06:04:09,8150.0,3400.0,806500.0
202,2021-10-19 06:04:09,8150.0,1600.0,803100.0
203,2021-10-19 06:03:59,8150.0,1000.0,801500.0
204,2021-10-19 06:03:51,8150.0,200.0,800500.0
205,2021-10-19 06:02:49,8160.0,500.0,800300.0
206,2021-10-19 06:00:09,8150.0,200.0,799800.0
207,2021-10-19 06:00:07,8160.0,100.0,799600.0
208,2021-10-19 06:00:07,8160.0,100.0,799500.0
209,2021-10-19 06:00:07,8160.0,3500.0,799400.0
210,2021-10-19 06:00:06,8160.0,500.0,795900.0
211,2021-10-19 06:00:00,8160.0,200.0,795400.0
212,2021-10-19 06:00:00,8180.0,100.0,795200.0
213,2021-10-19 06:00:00,8160.0,100.0,795100.0
214,2021-10-19 06:00:00,8160.0,100.0,795000.0
215,2021-10-19 06:00:00,8160.0,200.0,794900.0
216,2021-10-19 04:29:32,8160.0,3000.0,794700.0
217,2021-10-19 04:28:57,8180.0,100.0,791700.0
218,2021-10-19 04:28:57,8180.0,500.0,791600.0
219,2021-10-19 04:28:57,8180.0,200.0,791100.0
220,2021-10-19 04:28:19,8180.0,100.0,790900.0
221,2021-10-19 04:27:30,8180.0,200.0,790800.0
222,2021-10-19 04:27:22,8180.0,2800.0,790600.0
223,2021-10-19 04:27:22,8180.0,200.0,787800.0
224,2021-10-19 04:25:10,8180.0,300.0,787600.0
225,2021-10-19 04:24:47,8180.0,100.0,787300.0
226,2021-10-19 04:24:47,8180.0,3000.0,787200.0
227,2021-10-19 04:24:47,8180.0,500.0,784200.0
228,2021-10-19 04:24:47,8180.0,500.0,783700.0
229,2021-10-19 04:24:47,8180.0,1800.0,783200.0
230,2021-10-19 04:24:47,8180.0,500.0,781400.0
231,2021-10-19 04:24:47,8180.0,400.0,780900.0
232,2021-10-19 04:24:47,8180.0,400.0,780500.0
233,2021-10-19 04:24:47,8180.0,500.0,780100.0
234,2021-10-19 04:24:47,8180.0,200.0,779600.0
235,2021-10-19 04:24:47,8180.0,500.0,779400.0
236,2021-10-19 04:24:47,8180.0,1300.0,778900.0
237,2021-10-19 04:24:12,8180.0,100.0,777600.0
238,2021-10-19 04:23:19,8180.0,100.0,777500.0
239,2021-10-19 04:21:55,8150.0,900.0,777400.0
240,2021-10-19 04:16:14,8180.0,300.0,776500.0
241,2021-10-19 04:14:21,8180.0,100.0,776200.0
242,2021-10-19 04:14:12,8150.0,300.0,776100.0
243,2021-10-19 04:13:56,8150.0,500.0,775800.0
244,2021-10-19 04:13:56,8150.0,5300.0,775300.0
245,2021-10-19 04:12:40,8150.0,100.0,770000.0
246,2021-10-19 04:10:28,8120.0,100.0,769900.0
247,2021-10-19 04:10:00,8150.0,100.0,769800.0
248,2021-10-19 04:09:53,8150.0,100.0,769700.0
249,2021-10-19 04:09:48,8150.0,100.0,769600.0
250,2021-10-19 04:09:43,8140.0,100.0,769500.0
251,2021-10-19 04:09:39,8140.0,100.0,769400.0
252,2021-10-19 04:09:34,8140.0,100.0,769300.0
253,2021-10-19 04:07:37,8140.0,600.0,769200.0
254,2021-10-19 04:05:43,8150.0,500.0,768600.0
255,2021-10-19 04:04:34,8150.0,100.0,768100.0
256,2021-10-19 04:04:26,8150.0,100.0,768000.0
257,2021-10-19 04:04:19,8150.0,100.0,767900.0
258,2021-10-19 04:04:15,8150.0,100.0,767800.0
259,2021-10-19 04:04:07,8150.0,1400.0,767700.0
260,2021-10-19 04:03:15,8150.0,100.0,766300.0
261,2021-10-19 04:02:59,8160.0,100.0,766200.0
262,2021-10-19 04:02:56,8150.0,3500.0,766100.0
263,2021-10-19 04:02:51,8150.0,100.0,762600.0
264,2021-10-19 04:02:16,8150.0,100.0,762500.0
265,2021-10-19 04:01:55,8150.0,5000.0,762400.0
266,2021-10-19 04:01:48,8160.0,100.0,757400.0
267,2021-10-19 04:00:54,8160.0,2000.0,757300.0
268,2021-10-19 03:56:43,8180.0,100.0,755300.0
269,2021-10-19 03:56:12,8190.0,100.0,755200.0
270,2021-10-19 03:56:08,8190.0,100.0,755100.0
271,2021-10-19 03:56:05,8180.0,500.0,755000.0
272,2021-10-19 03:56:05,8180.0,200.0,754500.0
273,2021-10-19 03:56:03,8180.0,100.0,754300.0
274,2021-10-19 03:55:57,8170.0,100.0,754200.0
275,2021-10-19 03:55:52,8170.0,100.0,754100.0
276,2021-10-19 03:55:48,8170.0,100.0,754000.0
277,2021-10-19 03:55:43,8170.0,100.0,753900.0
278,2021-10-19 03:55:38,8170.0,100.0,753800.0
279,2021-10-19 03:55:33,8170.0,100.0,753700.0
280,2021-10-19 03:55:29,8170.0,100.0,753600.0
281,2021-10-19 03:55:24,8170.0,100.0,753500.0
282,2021-10-19 03:55:23,8170.0,200.0,753400.0
283,2021-10-19 03:55:19,8170.0,1000.0,753200.0
284,2021-10-19 03:55:05,8180.0,200.0,752200.0
285,2021-10-19 03:55:05,8180.0,500.0,752000.0
286,2021-10-19 03:55:05,8180.0,300.0,751500.0
287,2021-10-19 03:55:01,8180.0,300.0,751200.0
288,2021-10-19 03:55:01,8180.0,2000.0,750900.0
289,2021-10-19 03:55:01,8180.0,200.0,748900.0
290,2021-10-19 03:54:47,8180.0,800.0,748700.0
291,2021-10-19 03:54:47,8180.0,1000.0,747900.0
292,2021-10-19 03:54:47,8180.0,400.0,746900.0
293,2021-10-19 03:54:47,8180.0,100.0,746500.0
294,2021-10-19 03:54:47,8180.0,700.0,746400.0
295,2021-10-19 03:54:18,8180.0,100.0,745700.0
296,2021-10-19 03:54:13,8180.0,100.0,745600.0
297,2021-10-19 03:54:07,8180.0,100.0,745500.0
298,2021-10-19 03:54:02,8180.0,100.0,745400.0
299,2021-10-19 03:54:00,8170.0,300.0,745300.0
300,2021-10-19 03:53:57,8170.0,300.0,745000.0
301,2021-10-19 03:53:19,8170.0,2000.0,744700.0
302,2021-10-19 03:52:50,8170.0,600.0,742700.0
303,2021-10-19 03:52:38,8170.0,100.0,742100.0
304,2021-10-19 03:51:47,8180.0,100.0,742000.0
305,2021-10-19 03:51:43,8170.0,100.0,741900.0
306,2021-10-19 03:51:43,8170.0,400.0,741800.0
307,2021-10-19 03:51:43,8170.0,200.0,741400.0
308,2021-10-19 03:51:43,8170.0,100.0,741200.0
309,2021-10-19 03:51:40,8170.0,100.0,741100.0
310,2021-10-19 03:51:33,8150.0,500.0,741000.0
311,2021-10-19 03:51:18,8150.0,500.0,740500.0
312,2021-10-19 03:50:16,8150.0,500.0,740000.0
313,2021-10-19 03:49:46,8150.0,1000.0,739500.0
314,2021-10-19 03:49:46,8150.0,1000.0,738500.0
315,2021-10-19 03:49:46,8150.0,200.0,737500.0
316,2021-10-19 03:49:46,8150.0,100.0,737300.0
317,2021-10-19 03:49:46,8150.0,200.0,737200.0
318,2021-10-19 03:49:46,8150.0,7000.0,737000.0
319,2021-10-19 03:48:23,8120.0,10000.0,730000.0
320,2021-10-19 03:48:15,8150.0,200.0,720000.0
321,2021-10-19 03:47:16,8150.0,100.0,719800.0
322,2021-10-19 03:47:05,8150.0,100.0,719700.0
323,2021-10-19 03:46:54,8150.0,100.0,719600.0
324,2021-10-19 03:46:52,8150.0,2500.0,719500.0
325,2021-10-19 03:46:52,8150.0,200.0,717000.0
326,2021-10-19 03:46:52,8150.0,4300.0,716800.0
327,2021-10-19 03:46:43,8120.0,200.0,712500.0
328,2021-10-19 03:45:58,8120.0,9800.0,712300.0
329,2021-10-19 03:44:41,8150.0,100.0,702500.0
330,2021-10-19 03:44:03,8150.0,100.0,702400.0
331,2021-10-19 03:43:56,8150.0,100.0,702300.0
332,2021-10-19 03:43:07,8120.0,3000.0,702200.0
333,2021-10-19 03:42:41,8150.0,100.0,699200.0
334,2021-10-19 03:42:37,8150.0,100.0,699100.0
335,2021-10-19 03:42:06,8150.0,1000.0,699000.0
336,2021-10-19 03:41:51,8150.0,100.0,698000.0
337,2021-10-19 03:41:47,8150.0,100.0,697900.0
338,2021-10-19 03:41:37,8130.0,100.0,697800.0
339,2021-10-19 03:41:32,8170.0,100.0,697700.0
340,2021-10-19 03:41:01,8120.0,1800.0,697600.0
341,2021-10-19 03:41:01,8130.0,1000.0,695800.0
342,2021-10-19 03:41:01,8130.0,100.0,694800.0
343,2021-10-19 03:41:01,8140.0,1000.0,694700.0
344,2021-10-19 03:41:01,8140.0,100.0,693700.0
345,2021-10-19 03:40:31,8170.0,1500.0,693600.0
346,2021-10-19 03:40:21,8170.0,100.0,692100.0
347,2021-10-19 03:40:14,8170.0,100.0,692000.0
348,2021-10-19 03:40:10,8150.0,100.0,691900.0
349,2021-10-19 03:40:04,8150.0,100.0,691800.0
350,2021-10-19 03:39:58,8150.0,100.0,691700.0
351,2021-10-19 03:39:53,8150.0,100.0,691600.0
352,2021-10-19 03:39:25,8150.0,100.0,691500.0
353,2021-10-19 03:39:23,8150.0,500.0,691400.0
354,2021-10-19 03:39:11,8150.0,1000.0,690900.0
355,2021-10-19 03:38:45,8150.0,1000.0,689900.0
356,2021-10-19 03:38:44,8150.0,2000.0,688900.0
357,2021-10-19 03:38:44,8150.0,100.0,686900.0
358,2021-10-19 03:38:36,8150.0,2000.0,686800.0
359,2021-10-19 03:38:30,8150.0,5000.0,684800.0
360,2021-10-19 03:38:14,8150.0,100.0,679800.0
361,2021-10-19 03:38:10,8150.0,100.0,679700.0
362,2021-10-19 03:38:03,8150.0,100.0,679600.0
363,2021-10-19 03:37:57,8150.0,5000.0,679500.0
364,2021-10-19 03:37:55,8140.0,500.0,674500.0
365,2021-10-19 03:37:47,8150.0,600.0,674000.0
366,2021-10-19 03:37:42,8150.0,1300.0,673400.0
367,2021-10-19 03:37:42,8150.0,200.0,672100.0
368,2021-10-19 03:37:42,8150.0,500.0,671900.0
369,2021-10-19 03:37:21,8150.0,1000.0,671400.0
370,2021-10-19 03:37:18,8170.0,1000.0,670400.0
371,2021-10-19 03:37:05,8150.0,500.0,669400.0
372,2021-10-19 03:36:02,8180.0,500.0,668900.0
373,2021-10-19 03:33:52,8190.0,500.0,668400.0
374,2021-10-19 03:33:45,8190.0,600.0,667900.0
375,2021-10-19 03:33:45,8190.0,400.0,667300.0
376,2021-10-19 03:33:08,8190.0,100.0,666900.0
377,2021-10-19 03:32:29,8200.0,2500.0,666800.0
378,2021-10-19 03:32:29,8200.0,2000.0,664300.0
379,2021-10-19 03:32:29,8200.0,3500.0,662300.0
380,2021-10-19 03:32:29,8190.0,200.0,658800.0
381,2021-10-19 03:32:29,8190.0,300.0,658600.0
382,2021-10-19 03:32:29,8190.0,2000.0,658300.0
383,2021-10-19 03:32:29,8190.0,1000.0,656300.0
384,2021-10-19 03:32:29,8190.0,2500.0,655300.0
385,2021-10-19 03:32:02,8190.0,100.0,652800.0
386,2021-10-19 03:31:53,8190.0,100.0,652700.0
387,2021-10-19 03:31:47,8190.0,100.0,652600.0
388,2021-10-19 03:31:44,8190.0,200.0,652500.0
389,2021-10-19 03:31:44,8190.0,800.0,652300.0
390,2021-10-19 03:31:42,8190.0,100.0,651500.0
391,2021-10-19 03:31:35,8190.0,100.0,651400.0
392,2021-10-19 03:31:31,8200.0,1500.0,651300.0
393,2021-10-19 03:31:31,8200.0,500.0,649800.0
394,2021-10-19 03:31:31,8200.0,1000.0,649300.0
395,2021-10-19 03:31:31,8200.0,700.0,648300.0
396,2021-10-19 03:31:22,8200.0,3000.0,647600.0
397,2021-10-19 03:31:17,8200.0,100.0,644600.0
398,2021-10-19 03:30:54,8200.0,700.0,644500.0
399,2021-10-19 03:30:54,8200.0,2300.0,643800.0
400,2021-10-19 03:30:49,8200.0,2700.0,641500.0
401,2021-10-19 03:30:49,8200.0,200.0,638800.0
402,2021-10-19 03:30:49,8200.0,1000.0,638600.0
403,2021-10-19 03:30:49,8200.0,100.0,637600.0
404,2021-10-19 03:30:49,8200.0,1500.0,637500.0
405,2021-10-19 03:30:49,8190.0,700.0,636000.0
406,2021-10-19 03:30:41,8190.0,9300.0,635300.0
407,2021-10-19 03:30:41,8190.0,1000.0,626000.0
408,2021-10-19 03:30:41,8190.0,500.0,625000.0
409,2021-10-19 03:30:41,8190.0,200.0,624500.0
410,2021-10-19 03:30:41,8190.0,9000.0,624300.0
411,2021-10-19 03:30:23,8190.0,1000.0,615300.0
412,2021-10-19 03:30:23,8190.0,1000.0,614300.0
413,2021-10-19 03:30:23,8190.0,500.0,613300.0
414,2021-10-19 03:30:23,8190.0,200.0,612800.0
415,2021-10-19 03:30:23,8190.0,100.0,612600.0
416,2021-10-19 03:30:23,8190.0,200.0,612500.0
417,2021-10-19 03:30:23,8190.0,200.0,612300.0
418,2021-10-19 03:30:23,8150.0,800.0,612100.0
419,2021-10-19 03:30:22,8150.0,2200.0,611300.0
420,2021-10-19 03:29:58,8190.0,2800.0,609100.0
421,2021-10-19 03:29:58,8190.0,100.0,606300.0
422,2021-10-19 03:29:58,8190.0,1000.0,606200.0
423,2021-10-19 03:29:58,8190.0,2000.0,605200.0
424,2021-10-19 03:29:58,8190.0,4100.0,603200.0
425,2021-10-19 03:29:38,8190.0,500.0,599100.0
426,2021-10-19 03:29:08,8190.0,100.0,598600.0
427,2021-10-19 03:29:04,8190.0,100.0,598500.0
428,2021-10-19 03:29:00,8190.0,100.0,598400.0
429,2021-10-19 03:28:55,8190.0,100.0,598300.0
430,2021-10-19 03:28:55,8190.0,2100.0,598200.0
431,2021-10-19 03:28:55,8190.0,100.0,596100.0
432,2021-10-19 03:28:51,8190.0,100.0,596000.0
433,2021-10-19 03:28:46,8190.0,100.0,595900.0
434,2021-10-19 03:28:20,8190.0,100.0,595800.0
435,2021-10-19 03:28:16,8190.0,100.0,595700.0
436,2021-10-19 03:28:13,8150.0,100.0,595600.0
437,2021-10-19 03:28:08,8150.0,100.0,595500.0
438,2021-10-19 03:28:03,8140.0,100.0,595400.0
439,2021-10-19 03:27:58,8140.0,100.0,595300.0
440,2021-10-19 03:27:52,8140.0,100.0,595200.0
441,2021-10-19 03:27:47,8140.0,100.0,595100.0
442,2021-10-19 03:27:43,8140.0,100.0,595000.0
443,2021-10-19 03:27:37,8140.0,100.0,594900.0
444,2021-10-19 03:27:26,8190.0,100.0,594800.0
445,2021-10-19 03:26:45,8120.0,1000.0,594700.0
446,2021-10-19 03:26:44,8190.0,300.0,593700.0
447,2021-10-19 03:26:33,8120.0,100.0,593400.0
448,2021-10-19 03:26:29,8190.0,17000.0,593300.0
449,2021-10-19 03:26:29,8190.0,2900.0,576300.0
450,2021-10-19 03:26:29,8170.0,2000.0,573400.0
451,2021-10-19 03:26:29,8170.0,1000.0,571400.0
452,2021-10-19 03:26:29,8150.0,2500.0,570400.0
453,2021-10-19 03:26:29,8150.0,2000.0,567900.0
454,2021-10-19 03:26:29,8150.0,1000.0,565900.0
455,2021-10-19 03:26:29,8150.0,1200.0,564900.0
456,2021-10-19 03:26:29,8150.0,1000.0,563700.0
457,2021-10-19 03:26:29,8150.0,500.0,562700.0
458,2021-10-19 03:26:29,8150.0,1000.0,562200.0
459,2021-10-19 03:26:29,8140.0,200.0,561200.0
460,2021-10-19 03:26:29,8140.0,1000.0,561000.0
461,2021-10-19 03:26:29,8140.0,2000.0,560000.0
462,2021-10-19 03:26:29,8140.0,1600.0,558000.0
463,2021-10-19 03:26:29,8140.0,400.0,556400.0
464,2021-10-19 03:26:29,8130.0,100.0,556000.0
465,2021-10-19 03:26:28,8120.0,300.0,555900.0
466,2021-10-19 03:26:28,8120.0,200.0,555600.0
467,2021-10-19 03:26:28,8120.0,2000.0,555400.0
468,2021-10-19 03:26:28,8120.0,4200.0,553400.0
469,2021-10-19 03:26:02,8120.0,800.0,549200.0
470,2021-10-19 03:26:02,8120.0,1000.0,548400.0
471,2021-10-19 03:26:02,8120.0,2000.0,547400.0
472,2021-10-19 03:26:02,8120.0,100.0,545400.0
473,2021-10-19 03:26:02,8120.0,500.0,545300.0
474,2021-10-19 03:26:02,8120.0,100.0,544800.0
475,2021-10-19 03:25:48,8120.0,100.0,544700.0
476,2021-10-19 03:25:23,8120.0,800.0,544600.0
477,2021-10-19 03:25:23,8120.0,500.0,543800.0
478,2021-10-19 03:25:23,8120.0,100.0,543300.0
479,2021-10-19 03:25:23,8120.0,600.0,543200.0
480,2021-10-19 03:25:19,8120.0,100.0,542600.0
481,2021-10-19 03:25:15,8120.0,100.0,542500.0
482,2021-10-19 03:25:14,8120.0,100.0,542400.0
483,2021-10-19 03:25:06,8110.0,100.0,542300.0
484,2021-10-19 03:24:58,8120.0,100.0,542200.0
485,2021-10-19 03:24:57,8110.0,100.0,542100.0
486,2021-10-19 03:24:57,8110.0,500.0,542000.0
487,2021-10-19 03:24:57,8110.0,200.0,541500.0
488,2021-10-19 03:24:50,8110.0,1800.0,541300.0
489,2021-10-19 03:24:50,8110.0,200.0,539500.0
490,2021-10-19 03:24:45,8110.0,100.0,539300.0
491,2021-10-19 03:24:41,8110.0,100.0,539200.0
492,2021-10-19 03:24:36,8110.0,100.0,539100.0
493,2021-10-19 03:24:30,8110.0,100.0,539000.0
494,2021-10-19 03:24:25,8110.0,100.0,538900.0
495,2021-10-19 03:24:22,8100.0,1000.0,538800.0
496,2021-10-19 03:24:21,8110.0,100.0,537800.0
497,2021-10-19 03:24:18,8100.0,200.0,537700.0
498,2021-10-19 03:24:16,8110.0,100.0,537500.0
499,2021-10-19 03:24:11,8110.0,100.0,537400.0
500,2021-10-19 03:23:35,8100.0,3000.0,537300.0
501,2021-10-19 03:23:35,8100.0,1800.0,534300.0
502,2021-10-19 03:23:16,8100.0,2000.0,532500.0
503,2021-10-19 03:23:08,8100.0,5000.0,530500.0
504,2021-10-19 03:22:43,8100.0,11200.0,525500.0
505,2021-10-19 03:22:43,8100.0,900.0,514300.0
506,2021-10-19 03:22:43,8100.0,4800.0,513400.0
507,2021-10-19 03:22:43,8100.0,2000.0,508600.0
508,2021-10-19 03:22:43,8100.0,5000.0,506600.0
509,2021-10-19 03:22:43,8100.0,200.0,501600.0
510,2021-10-19 03:22:43,8100.0,500.0,501400.0
511,2021-10-19 03:22:43,8100.0,1000.0,500900.0
512,2021-10-19 03:22:43,8100.0,3000.0,499900.0
513,2021-10-19 03:22:43,8100.0,1000.0,496900.0
514,2021-10-19 03:22:43,8100.0,100.0,495900.0
515,2021-10-19 03:22:43,8100.0,300.0,495800.0
516,2021-10-19 03:22:25,8100.0,100.0,495500.0
517,2021-10-19 03:22:21,8080.0,400.0,495400.0
518,2021-10-19 03:22:17,8100.0,200.0,495000.0
519,2021-10-19 03:22:05,8100.0,100.0,494800.0
520,2021-10-19 03:21:59,8100.0,100.0,494700.0
521,2021-10-19 03:21:54,8090.0,100.0,494600.0
522,2021-10-19 03:21:49,8100.0,100.0,494500.0
523,2021-10-19 03:21:42,8100.0,100.0,494400.0
524,2021-10-19 03:21:37,8080.0,100.0,494300.0
525,2021-10-19 03:21:31,8080.0,100.0,494200.0
526,2021-10-19 03:21:25,8080.0,100.0,494100.0
527,2021-10-19 03:20:53,8080.0,300.0,494000.0
528,2021-10-19 03:18:41,8080.0,100.0,493700.0
529,2021-10-19 03:18:00,8100.0,500.0,493600.0
530,2021-10-19 03:17:41,8100.0,300.0,493100.0
531,2021-10-19 03:17:41,8100.0,900.0,492800.0
532,2021-10-19 03:17:41,8100.0,1300.0,491900.0
533,2021-10-19 03:16:55,8100.0,200.0,490600.0
534,2021-10-19 03:16:48,8100.0,100.0,490400.0
535,2021-10-19 03:16:36,8100.0,100.0,490300.0
536,2021-10-19 03:16:36,8100.0,700.0,490200.0
537,2021-10-19 03:16:36,8100.0,2000.0,489500.0
538,2021-10-19 03:16:36,8100.0,1000.0,487500.0
539,2021-10-19 03:16:36,8100.0,900.0,486500.0
540,2021-10-19 03:16:22,8100.0,500.0,485600.0
541,2021-10-19 03:16:20,8100.0,300.0,485100.0
542,2021-10-19 03:16:05,8100.0,300.0,484800.0
543,2021-10-19 03:16:05,8100.0,400.0,484500.0
544,2021-10-19 03:16:05,8100.0,2000.0,484100.0
545,2021-10-19 03:16:05,8100.0,2300.0,482100.0
546,2021-10-19 03:14:49,8100.0,2700.0,479800.0
547,2021-10-19 03:14:25,8100.0,500.0,477100.0
548,2021-10-19 03:14:09,8100.0,100.0,476600.0
549,2021-10-19 03:14:05,8100.0,1000.0,476500.0
550,2021-10-19 03:13:48,8100.0,2000.0,475500.0
551,2021-10-19 03:13:48,8100.0,500.0,473500.0
552,2021-10-19 03:13:48,8100.0,500.0,473000.0
553,2021-10-19 03:13:29,8100.0,500.0,472500.0
554,2021-10-19 03:13:29,8100.0,100.0,472000.0
555,2021-10-19 03:13:29,8100.0,800.0,471900.0
556,2021-10-19 03:13:14,8100.0,1700.0,471100.0
557,2021-10-19 03:13:11,8100.0,1000.0,469400.0
558,2021-10-19 03:13:06,8100.0,1000.0,468400.0
559,2021-10-19 03:12:33,8100.0,1000.0,467400.0
560,2021-10-19 03:12:33,8100.0,2000.0,466400.0
561,2021-10-19 03:12:33,8100.0,1000.0,464400.0
562,2021-10-19 03:12:33,8100.0,1000.0,463400.0
563,2021-10-19 03:12:33,8100.0,1000.0,462400.0
564,2021-10-19 03:12:33,8100.0,300.0,461400.0
565,2021-10-19 03:11:34,8100.0,700.0,461100.0
566,2021-10-19 03:11:34,8100.0,800.0,460400.0
567,2021-10-19 03:11:09,8100.0,100.0,459600.0
568,2021-10-19 03:10:35,8120.0,100.0,459500.0
569,2021-10-19 03:10:24,8140.0,100.0,459400.0
570,2021-10-19 03:10:15,8100.0,1000.0,459300.0
571,2021-10-19 03:10:04,8100.0,9000.0,458300.0
572,2021-10-19 03:10:02,8100.0,100.0,449300.0
573,2021-10-19 03:10:01,8100.0,900.0,449200.0
574,2021-10-19 03:10:01,8100.0,1000.0,448300.0
575,2021-10-19 03:10:01,8100.0,100.0,447300.0
576,2021-10-19 03:09:40,8100.0,300.0,447200.0
577,2021-10-19 03:09:24,8100.0,200.0,446900.0
578,2021-10-19 03:09:24,8100.0,1000.0,446700.0
579,2021-10-19 03:09:24,8100.0,1000.0,445700.0
580,2021-10-19 03:09:24,8100.0,1000.0,444700.0
581,2021-10-19 03:09:24,8100.0,100.0,443700.0
582,2021-10-19 03:09:24,8100.0,100.0,443600.0
583,2021-10-19 03:09:24,8100.0,10000.0,443500.0
584,2021-10-19 03:09:24,8100.0,2000.0,433500.0
585,2021-10-19 03:09:24,8100.0,500.0,431500.0
586,2021-10-19 03:09:24,8100.0,2000.0,431000.0
587,2021-10-19 03:09:24,8100.0,2100.0,429000.0
588,2021-10-19 03:09:08,8100.0,2000.0,426900.0
589,2021-10-19 03:08:48,8100.0,400.0,424900.0
590,2021-10-19 03:08:48,8090.0,100.0,424500.0
591,2021-10-19 03:08:48,8090.0,500.0,424400.0
592,2021-10-19 03:08:42,8100.0,100.0,423900.0
593,2021-10-19 03:08:23,8100.0,3000.0,423800.0
594,2021-10-19 03:08:23,8090.0,100.0,420800.0
595,2021-10-19 03:08:23,8090.0,400.0,420700.0
596,2021-10-19 03:08:23,8090.0,2700.0,420300.0
597,2021-10-19 03:08:23,8090.0,500.0,417600.0
598,2021-10-19 03:08:23,8080.0,1000.0,417100.0
599,2021-10-19 03:08:23,8080.0,500.0,416100.0
600,2021-10-19 03:08:23,8060.0,1800.0,415600.0
601,2021-10-19 03:08:22,8060.0,100.0,413800.0
602,2021-10-19 03:08:15,8060.0,100.0,413700.0
603,2021-10-19 03:08:08,8050.0,100.0,413600.0
604,2021-10-19 03:08:06,8000.0,3900.0,413500.0
605,2021-10-19 03:08:06,8010.0,1000.0,409600.0
606,2021-10-19 03:08:06,8010.0,100.0,408600.0
607,2021-10-19 03:07:36,8050.0,1000.0,408500.0
608,2021-10-19 03:07:23,8050.0,1000.0,407500.0
609,2021-10-19 03:07:01,8020.0,2000.0,406500.0
610,2021-10-19 03:06:33,8010.0,1900.0,404500.0
611,2021-10-19 03:06:26,8010.0,300.0,402600.0
612,2021-10-19 03:06:26,8010.0,1800.0,402300.0
613,2021-10-19 03:05:47,8010.0,100.0,400500.0
614,2021-10-19 03:05:34,8100.0,11900.0,400400.0
615,2021-10-19 03:05:34,8100.0,100.0,388500.0
616,2021-10-19 03:05:34,8100.0,500.0,388400.0
617,2021-10-19 03:05:34,8050.0,500.0,387900.0
618,2021-10-19 03:05:22,8050.0,1000.0,387400.0
619,2021-10-19 03:05:17,8000.0,1400.0,386400.0
620,2021-10-19 03:05:03,8050.0,200.0,385000.0
621,2021-10-19 03:04:53,8050.0,500.0,384800.0
622,2021-10-19 03:04:53,8050.0,100.0,384300.0
623,2021-10-19 03:04:53,8050.0,1200.0,384200.0
624,2021-10-19 03:04:43,8050.0,800.0,383000.0
625,2021-10-19 03:04:43,8050.0,200.0,382200.0
626,2021-10-19 03:04:25,8050.0,300.0,382000.0
627,2021-10-19 03:04:17,8050.0,200.0,381700.0
628,2021-10-19 03:03:53,8100.0,5000.0,381500.0
629,2021-10-19 03:03:53,8100.0,100.0,376500.0
630,2021-10-19 03:03:53,8100.0,100.0,376400.0
631,2021-10-19 03:03:53,8100.0,100.0,376300.0
632,2021-10-19 03:03:53,8100.0,100.0,376200.0
633,2021-10-19 03:03:53,8100.0,1000.0,376100.0
634,2021-10-19 03:03:53,8100.0,3600.0,375100.0
635,2021-10-19 03:03:53,8100.0,1400.0,371500.0
636,2021-10-19 03:03:53,8050.0,8100.0,370100.0
637,2021-10-19 03:03:53,8050.0,500.0,362000.0
638,2021-10-19 03:03:45,8000.0,5000.0,361500.0
639,2021-10-19 03:03:45,8000.0,100.0,356500.0
640,2021-10-19 03:03:45,8000.0,100.0,356400.0
641,2021-10-19 03:03:45,8000.0,3400.0,356300.0
642,2021-10-19 03:03:44,8000.0,600.0,352900.0
643,2021-10-19 03:03:44,8000.0,400.0,352300.0
644,2021-10-19 03:03:36,8000.0,600.0,351900.0
645,2021-10-19 03:03:36,8000.0,3000.0,351300.0
646,2021-10-19 03:03:36,8000.0,1400.0,348300.0
647,2021-10-19 03:03:34,8000.0,5000.0,346900.0
648,2021-10-19 03:03:27,8000.0,100.0,341900.0
649,2021-10-19 03:03:22,8000.0,100.0,341800.0
650,2021-10-19 03:03:19,8000.0,3400.0,341700.0
651,2021-10-19 03:03:19,8000.0,100.0,338300.0
652,2021-10-19 03:03:19,8000.0,1500.0,338200.0
653,2021-10-19 03:03:19,7900.0,400.0,336700.0
654,2021-10-19 03:03:19,7900.0,300.0,336300.0
655,2021-10-19 03:03:19,7900.0,2100.0,336000.0
656,2021-10-19 03:03:19,7910.0,200.0,333900.0
657,2021-10-19 03:03:18,8000.0,100.0,333700.0
658,2021-10-19 03:03:16,8000.0,2000.0,333600.0
659,2021-10-19 03:03:12,8000.0,100.0,331600.0
660,2021-10-19 03:03:07,8000.0,100.0,331500.0
661,2021-10-19 03:03:03,8000.0,200.0,331400.0
662,2021-10-19 03:03:03,8000.0,600.0,331200.0
663,2021-10-19 03:03:03,8000.0,4000.0,330600.0
664,2021-10-19 03:03:03,8000.0,100.0,326600.0
665,2021-10-19 03:03:03,8000.0,100.0,326500.0
666,2021-10-19 03:03:03,8000.0,100.0,326400.0
667,2021-10-19 03:03:03,8000.0,2000.0,326300.0
668,2021-10-19 03:03:03,8000.0,7000.0,324300.0
669,2021-10-19 03:03:03,7950.0,900.0,317300.0
670,2021-10-19 03:02:59,7950.0,100.0,316400.0
671,2021-10-19 03:02:53,8000.0,100.0,316300.0
672,2021-10-19 03:02:47,8000.0,100.0,316200.0
673,2021-10-19 03:02:39,8000.0,100.0,316100.0
674,2021-10-19 03:02:36,8000.0,2700.0,316000.0
675,2021-10-19 03:02:36,8000.0,500.0,313300.0
676,2021-10-19 03:02:36,8000.0,2000.0,312800.0
677,2021-10-19 03:02:36,8000.0,4000.0,310800.0
678,2021-10-19 03:02:36,8000.0,100.0,306800.0
679,2021-10-19 03:02:36,8000.0,1000.0,306700.0
680,2021-10-19 03:02:36,8000.0,2500.0,305700.0
681,2021-10-19 03:02:36,8000.0,200.0,303200.0
682,2021-10-19 03:02:36,8000.0,200.0,303000.0
683,2021-10-19 03:02:36,8000.0,8000.0,302800.0
684,2021-10-19 03:02:36,8000.0,100.0,294800.0
685,2021-10-19 03:02:36,8000.0,500.0,294700.0
686,2021-10-19 03:02:36,8000.0,1000.0,294200.0
687,2021-10-19 03:02:36,7990.0,4500.0,293200.0
688,2021-10-19 03:02:36,7980.0,400.0,288700.0
689,2021-10-19 03:02:36,7950.0,100.0,288300.0
690,2021-10-19 03:02:36,7950.0,400.0,288200.0
691,2021-10-19 03:02:36,7950.0,100.0,287800.0
692,2021-10-19 03:02:36,7950.0,1700.0,287700.0
693,2021-10-19 03:02:30,7950.0,100.0,286000.0
694,2021-10-19 03:02:24,7900.0,100.0,285900.0
695,2021-10-19 03:02:19,7950.0,3000.0,285800.0
696,2021-10-19 03:02:17,7950.0,100.0,282800.0
697,2021-10-19 03:02:09,7950.0,100.0,282700.0
698,2021-10-19 03:01:45,7900.0,1000.0,282600.0
699,2021-10-19 03:01:45,7900.0,3800.0,281600.0
700,2021-10-19 03:01:42,7900.0,1200.0,277800.0
701,2021-10-19 03:01:42,7900.0,500.0,276600.0
702,2021-10-19 03:01:42,7900.0,3300.0,276100.0
703,2021-10-19 03:01:34,7900.0,3800.0,272800.0
704,2021-10-19 03:01:33,7900.0,15700.0,269000.0
705,2021-10-19 03:01:33,7900.0,1000.0,253300.0
706,2021-10-19 03:01:33,7900.0,2500.0,252300.0
707,2021-10-19 03:01:33,7900.0,100.0,249800.0
708,2021-10-19 03:01:33,7900.0,300.0,249700.0
709,2021-10-19 03:01:33,7900.0,1000.0,249400.0
710,2021-10-19 03:01:33,7900.0,500.0,248400.0
711,2021-10-19 03:01:33,7900.0,1000.0,247900.0
712,2021-10-19 03:01:33,7900.0,2400.0,246900.0
713,2021-10-19 03:01:33,7900.0,100.0,244500.0
714,2021-10-19 03:01:33,7890.0,100.0,244400.0
715,2021-10-19 03:01:33,7890.0,200.0,244300.0
716,2021-10-19 03:01:33,7890.0,100.0,244100.0
717,2021-10-19 03:00:51,7890.0,9900.0,244000.0
718,2021-10-19 03:00:51,7880.0,5000.0,234100.0
719,2021-10-19 03:00:51,7860.0,100.0,229100.0
720,2021-10-19 03:00:42,7850.0,1000.0,229000.0
721,2021-10-19 03:00:25,7850.0,100.0,228000.0
722,2021-10-19 03:00:25,7850.0,7000.0,227900.0
723,2021-10-19 03:00:25,7850.0,100.0,220900.0
724,2021-10-19 03:00:25,7850.0,1000.0,220800.0
725,2021-10-19 03:00:25,7850.0,500.0,219800.0
726,2021-10-19 03:00:25,7850.0,800.0,219300.0
727,2021-10-19 03:00:25,7850.0,1000.0,218500.0
728,2021-10-19 03:00:25,7850.0,2000.0,217500.0
729,2021-10-19 03:00:25,7850.0,4300.0,215500.0
730,2021-10-19 03:00:25,7840.0,2000.0,211200.0
731,2021-10-19 03:00:12,7830.0,5000.0,209200.0
732,2021-10-19 02:59:45,7820.0,5000.0,204200.0
733,2021-10-19 02:59:45,7820.0,300.0,199200.0
734,2021-10-19 02:59:45,7820.0,100.0,198900.0
735,2021-10-19 02:59:45,7820.0,100.0,198800.0
736,2021-10-19 02:59:45,7820.0,400.0,198700.0
737,2021-10-19 02:59:45,7820.0,200.0,198300.0
738,2021-10-19 02:59:45,7820.0,1800.0,198100.0
739,2021-10-19 02:59:45,7810.0,300.0,196300.0
740,2021-10-19 02:59:45,7810.0,5000.0,196000.0
741,2021-10-19 02:59:45,7810.0,700.0,191000.0
742,2021-10-19 02:59:45,7800.0,100.0,190300.0
743,2021-10-19 02:59:45,7800.0,1200.0,190200.0
744,2021-10-19 02:59:45,7800.0,300.0,189000.0
745,2021-10-19 02:59:45,7800.0,300.0,188700.0
746,2021-10-19 02:59:45,7800.0,700.0,188400.0
747,2021-10-19 02:59:45,7800.0,200.0,187700.0
748,2021-10-19 02:56:07,7800.0,300.0,187500.0
749,2021-10-19 02:56:07,7800.0,5000.0,187200.0
750,2021-10-19 02:56:07,7800.0,1400.0,182200.0
751,2021-10-19 02:56:07,7800.0,900.0,180800.0
752,2021-10-19 02:56:07,7800.0,2400.0,179900.0
753,2021-10-19 02:55:55,7800.0,500.0,177500.0
754,2021-10-19 02:55:23,7800.0,2100.0,177000.0
755,2021-10-19 02:55:23,7800.0,700.0,174900.0
756,2021-10-19 02:55:23,7800.0,5000.0,174200.0
757,2021-10-19 02:55:23,7800.0,1700.0,169200.0
758,2021-10-19 02:55:23,7800.0,1000.0,167500.0
759,2021-10-19 02:55:23,7800.0,200.0,166500.0
760,2021-10-19 02:55:23,7800.0,5000.0,166300.0
761,2021-10-19 02:55:23,7800.0,5000.0,161300.0
762,2021-10-19 02:55:23,7800.0,5000.0,156300.0
763,2021-10-19 02:55:23,7800.0,3600.0,151300.0
764,2021-10-19 02:55:23,7790.0,300.0,147700.0
765,2021-10-19 02:55:23,7790.0,2600.0,147400.0
766,2021-10-19 02:55:23,7790.0,300.0,144800.0
767,2021-10-19 02:55:23,7790.0,200.0,144500.0
768,2021-10-19 02:55:23,7790.0,300.0,144300.0
769,2021-10-19 02:54:09,7790.0,200.0,144000.0
770,2021-10-19 02:51:34,7790.0,100.0,143800.0
771,2021-10-19 02:51:30,7790.0,100.0,143700.0
772,2021-10-19 02:51:23,7790.0,100.0,143600.0
773,2021-10-19 02:51:18,7790.0,100.0,143500.0
774,2021-10-19 02:51:10,7790.0,100.0,143400.0
775,2021-10-19 02:51:01,7700.0,900.0,143300.0
776,2021-10-19 02:51:01,7700.0,400.0,142400.0
777,2021-10-19 02:50:56,7700.0,100.0,142000.0
778,2021-10-19 02:50:53,7670.0,2000.0,141900.0
779,2021-10-19 02:49:59,7700.0,3000.0,139900.0
780,2021-10-19 02:48:58,7700.0,2000.0,136900.0
781,2021-10-19 02:48:58,7700.0,1000.0,134900.0
782,2021-10-19 02:48:58,7700.0,1000.0,133900.0
783,2021-10-19 02:48:58,7700.0,2500.0,132900.0
784,2021-10-19 02:46:58,7700.0,2500.0,130400.0
785,2021-10-19 02:46:58,7700.0,900.0,127900.0
786,2021-10-19 02:46:58,7700.0,600.0,127000.0
787,2021-10-19 02:45:24,7700.0,200.0,126400.0
788,2021-10-19 02:44:53,7700.0,2000.0,126200.0
789,2021-10-19 02:44:48,7700.0,700.0,124200.0
790,2021-10-19 02:44:48,7700.0,5000.0,123500.0
791,2021-10-19 02:44:48,7700.0,300.0,118500.0
792,2021-10-19 02:44:48,7700.0,1800.0,118200.0
793,2021-10-19 02:43:34,7700.0,5000.0,116400.0
794,2021-10-19 02:43:29,7700.0,500.0,111400.0
795,2021-10-19 02:41:37,7700.0,1700.0,110900.0
796,2021-10-19 02:41:37,7700.0,400.0,109200.0
797,2021-10-19 02:41:37,7700.0,300.0,108800.0
798,2021-10-19 02:41:37,7700.0,300.0,108500.0
799,2021-10-19 02:40:19,7800.0,1300.0,108200.0
800,2021-10-19 02:40:19,7800.0,100.0,106900.0
801,2021-10-19 02:39:45,7800.0,100.0,106800.0
802,2021-10-19 02:38:58,7800.0,1200.0,106700.0
803,2021-10-19 02:38:58,7800.0,1100.0,105500.0
804,2021-10-19 02:38:50,7800.0,1000.0,104400.0
805,2021-10-19 02:37:59,7800.0,200.0,103400.0
806,2021-10-19 02:37:59,7800.0,5000.0,103200.0
807,2021-10-19 02:37:59,7800.0,1000.0,98200.0
808,2021-10-19 02:37:59,7800.0,200.0,97200.0
809,2021-10-19 02:37:59,7800.0,700.0,97000.0
810,2021-10-19 02:37:59,7800.0,800.0,96300.0
811,2021-10-19 02:35:43,7800.0,4300.0,95500.0
812,2021-10-19 02:35:43,7790.0,700.0,91200.0
813,2021-10-19 02:35:33,7800.0,4900.0,90500.0
814,2021-10-19 02:35:02,7800.0,100.0,85600.0
815,2021-10-19 02:35:02,7800.0,900.0,85500.0
816,2021-10-19 02:34:16,7810.0,9700.0,84600.0
817,2021-10-19 02:34:16,7810.0,300.0,74900.0
818,2021-10-19 02:34:06,7800.0,200.0,74600.0
819,2021-10-19 02:32:59,7800.0,1000.0,74400.0
820,2021-10-19 02:32:54,7800.0,100.0,73400.0
821,2021-10-19 02:32:49,7800.0,1300.0,73300.0
822,2021-10-19 02:32:49,7800.0,6500.0,72000.0
823,2021-10-19 02:32:31,7800.0,500.0,65500.0
824,2021-10-19 02:32:24,7800.0,100.0,65000.0
825,2021-10-19 02:32:24,7800.0,2900.0,64900.0
826,2021-10-19 02:31:53,7800.0,100.0,62000.0
827,2021-10-19 02:31:32,7800.0,1000.0,61900.0
828,2021-10-19 02:31:03,7800.0,500.0,60900.0
829,2021-10-19 02:31:00,7800.0,500.0,60400.0
830,2021-10-19 02:30:58,7820.0,200.0,59900.0
831,2021-10-19 02:30:58,7820.0,1000.0,59700.0
832,2021-10-19 02:30:58,7820.0,800.0,58700.0
833,2021-10-19 02:30:58,7810.0,1000.0,57900.0
834,2021-10-19 02:30:17,7800.0,100.0,56900.0
835,2021-10-19 02:30:17,7800.0,1000.0,56800.0
836,2021-10-19 02:30:17,7800.0,500.0,55800.0
837,2021-10-19 02:29:33,7800.0,200.0,55300.0
838,2021-10-19 02:28:45,7800.0,100.0,55100.0
839,2021-10-19 02:28:25,7820.0,100.0,55000.0
840,2021-10-19 02:28:15,7800.0,1000.0,54900.0
841,2021-10-19 02:28:14,7800.0,2000.0,53900.0
842,2021-10-19 02:28:10,7820.0,100.0,51900.0
843,2021-10-19 02:28:02,7800.0,1000.0,51800.0
844,2021-10-19 02:28:02,7800.0,200.0,50800.0
845,2021-10-19 02:27:53,7800.0,100.0,50600.0
846,2021-10-19 02:27:25,7800.0,100.0,50500.0
847,2021-10-19 02:27:20,7800.0,1000.0,50400.0
848,2021-10-19 02:26:59,7800.0,1000.0,49400.0
849,2021-10-19 02:26:59,7800.0,100.0,48400.0
850,2021-10-19 02:26:59,7800.0,3000.0,48300.0
851,2021-10-19 02:26:59,7800.0,800.0,45300.0
852,2021-10-19 02:26:59,7800.0,1100.0,44500.0
853,2021-10-19 02:26:59,7800.0,500.0,43400.0
854,2021-10-19 02:26:59,7800.0,400.0,42900.0
855,2021-10-19 02:26:59,7790.0,100.0,42500.0
856,2021-10-19 02:26:59,7790.0,100.0,42400.0
857,2021-10-19 02:26:59,7780.0,1700.0,42300.0
858,2021-10-19 02:26:59,7770.0,300.0,40600.0
859,2021-10-19 02:26:59,7770.0,8700.0,40300.0
860,2021-10-19 02:26:59,7770.0,200.0,31600.0
861,2021-10-19 02:26:59,7770.0,200.0,31400.0
862,2021-10-19 02:26:59,7770.0,100.0,31200.0
863,2021-10-19 02:26:59,7760.0,600.0,31100.0
864,2021-10-19 02:26:20,7760.0,400.0,30500.0
865,2021-10-19 02:26:20,7760.0,600.0,30100.0
866,2021-10-19 02:25:43,7760.0,100.0,29500.0
867,2021-10-19 02:24:59,7750.0,100.0,29400.0
868,2021-10-19 02:24:49,7700.0,100.0,29300.0
869,2021-10-19 02:24:49,7700.0,3000.0,29200.0
870,2021-10-19 02:24:49,7700.0,5000.0,26200.0
871,2021-10-19 02:24:49,7700.0,2000.0,21200.0
872,2021-10-19 02:24:49,7700.0,300.0,19200.0
873,2021-10-19 02:24:49,7700.0,5000.0,18900.0
874,2021-10-19 02:24:49,7690.0,1000.0,13900.0
875,2021-10-19 02:24:42,7620.0,100.0,12900.0
876,2021-10-19 02:23:12,7610.0,700.0,12800.0
877,2021-10-19 02:23:12,7610.0,600.0,12100.0
878,2021-10-19 02:22:57,7610.0,200.0,11500.0
879,2021-10-19 02:22:35,7610.0,200.0,11300.0
880,2021-10-19 02:17:27,7700.0,100.0,11100.0
881,2021-10-19 02:17:27,7700.0,6600.0,11000.0
882,2021-10-19 02:15:00,7700.0,500.0,4400.0
883,2021-10-19 02:15:00,7700.0,600.0,3900.0
884,2021-10-19 02:15:00,7700.0,2300.0,3300.0
885,2021-10-19 02:15:00,7700.0,700.0,1000.0
886,2021-10-19 02:15:00,7700.0,200.0,300.0
887,2021-10-19 02:15:00,7700.0,100.0,100.0
