,Time,Price,Volume_per_trade,Volume
0,2021-10-20 07:45:00,8390.0,100.0,1069800.0
1,2021-10-20 07:45:00,8390.0,1000.0,1069700.0
2,2021-10-20 07:45:00,8390.0,5000.0,1068700.0
3,2021-10-20 07:45:00,8390.0,200.0,1063700.0
4,2021-10-20 07:45:00,8390.0,100.0,1063500.0
5,2021-10-20 07:45:00,8390.0,400.0,1063400.0
6,2021-10-20 07:45:00,8390.0,3600.0,1063000.0
7,2021-10-20 07:45:00,8390.0,500.0,1059400.0
8,2021-10-20 07:45:00,8390.0,900.0,1058900.0
9,2021-10-20 07:45:00,8390.0,1100.0,1058000.0
10,2021-10-20 07:45:00,8390.0,2000.0,1056900.0
11,2021-10-20 07:45:00,8390.0,600.0,1054900.0
12,2021-10-20 07:45:00,8390.0,1000.0,1054300.0
13,2021-10-20 07:45:00,8390.0,200.0,1053300.0
14,2021-10-20 07:45:00,8390.0,500.0,1053100.0
15,2021-10-20 07:45:00,8390.0,100.0,1052600.0
16,2021-10-20 07:45:00,8390.0,600.0,1052500.0
17,2021-10-20 07:45:00,8390.0,500.0,1051900.0
18,2021-10-20 07:45:00,8390.0,1000.0,1051400.0
19,2021-10-20 07:45:00,8390.0,1000.0,1050400.0
20,2021-10-20 07:45:00,8390.0,500.0,1049400.0
21,2021-10-20 07:45:00,8390.0,2000.0,1048900.0
22,2021-10-20 07:45:00,8390.0,1000.0,1046900.0
23,2021-10-20 07:45:00,8390.0,100.0,1045900.0
24,2021-10-20 07:45:00,8390.0,100.0,1045800.0
25,2021-10-20 07:45:00,8390.0,800.0,1045700.0
26,2021-10-20 07:45:00,8390.0,1400.0,1044900.0
27,2021-10-20 07:45:00,8390.0,500.0,1043500.0
28,2021-10-20 07:28:43,8230.0,300.0,1043000.0
29,2021-10-20 07:27:59,8230.0,600.0,1042700.0
30,2021-10-20 07:27:59,8230.0,2700.0,1042100.0
31,2021-10-20 07:26:20,8200.0,500.0,1039400.0
32,2021-10-20 07:26:16,8200.0,5000.0,1038900.0
33,2021-10-20 07:25:47,8190.0,300.0,1033900.0
34,2021-10-20 07:25:47,8190.0,7900.0,1033600.0
35,2021-10-20 07:25:35,8120.0,1300.0,1025700.0
36,2021-10-20 07:25:35,8120.0,200.0,1024400.0
37,2021-10-20 07:24:42,8120.0,200.0,1024200.0
38,2021-10-20 07:24:18,8120.0,100.0,1024000.0
39,2021-10-20 07:23:50,8100.0,700.0,1023900.0
40,2021-10-20 07:23:50,8120.0,200.0,1023200.0
41,2021-10-20 07:23:50,8120.0,2900.0,1023000.0
42,2021-10-20 07:23:50,8130.0,200.0,1020100.0
43,2021-10-20 07:23:46,8190.0,100.0,1019900.0
44,2021-10-20 07:23:37,8120.0,200.0,1019800.0
45,2021-10-20 07:23:32,8120.0,100.0,1019600.0
46,2021-10-20 07:23:29,8120.0,100.0,1019500.0
47,2021-10-20 07:23:27,8100.0,1000.0,1019400.0
48,2021-10-20 07:23:15,8120.0,100.0,1018400.0
49,2021-10-20 07:23:05,8100.0,3400.0,1018300.0
50,2021-10-20 07:22:48,8100.0,1000.0,1014900.0
51,2021-10-20 07:22:45,8100.0,300.0,1013900.0
52,2021-10-20 07:22:43,8100.0,2900.0,1013600.0
53,2021-10-20 07:22:11,8100.0,400.0,1010700.0
54,2021-10-20 07:22:04,8100.0,100.0,1010300.0
55,2021-10-20 07:21:47,8100.0,1000.0,1010200.0
56,2021-10-20 07:21:21,8100.0,4000.0,1009200.0
57,2021-10-20 07:21:16,8100.0,1000.0,1005200.0
58,2021-10-20 07:21:02,8100.0,600.0,1004200.0
59,2021-10-20 07:21:02,8100.0,400.0,1003600.0
60,2021-10-20 07:20:15,8120.0,100.0,1003200.0
61,2021-10-20 07:19:59,8100.0,1600.0,1003100.0
62,2021-10-20 07:19:59,8100.0,3100.0,1001500.0
63,2021-10-20 07:19:48,8100.0,1700.0,998400.0
64,2021-10-20 07:19:30,8100.0,5000.0,996700.0
65,2021-10-20 07:19:12,8100.0,200.0,991700.0
66,2021-10-20 07:19:12,8100.0,200.0,991500.0
67,2021-10-20 07:19:12,8100.0,200.0,991300.0
68,2021-10-20 07:19:12,8100.0,500.0,991100.0
69,2021-10-20 07:19:12,8100.0,200.0,990600.0
70,2021-10-20 07:19:12,8110.0,8700.0,990400.0
71,2021-10-20 07:19:10,8110.0,1300.0,981700.0
72,2021-10-20 07:19:10,8120.0,1700.0,980400.0
73,2021-10-20 07:18:56,8120.0,4000.0,978700.0
74,2021-10-20 07:18:54,8120.0,4300.0,974700.0
75,2021-10-20 07:18:36,8120.0,700.0,970400.0
76,2021-10-20 07:18:18,8120.0,2000.0,969700.0
77,2021-10-20 07:18:18,8120.0,1900.0,967700.0
78,2021-10-20 07:18:11,8120.0,400.0,965800.0
79,2021-10-20 07:18:08,8120.0,300.0,965400.0
80,2021-10-20 07:18:04,8120.0,200.0,965100.0
81,2021-10-20 07:18:04,8130.0,100.0,964900.0
82,2021-10-20 07:17:57,8120.0,2000.0,964800.0
83,2021-10-20 07:17:31,8120.0,2800.0,962800.0
84,2021-10-20 07:17:24,8120.0,200.0,960000.0
85,2021-10-20 07:17:24,8120.0,800.0,959800.0
86,2021-10-20 07:17:19,8120.0,2200.0,959000.0
87,2021-10-20 07:17:15,8120.0,1000.0,956800.0
88,2021-10-20 07:16:55,8110.0,1800.0,955800.0
89,2021-10-20 07:16:53,8110.0,1200.0,954000.0
90,2021-10-20 07:16:45,8120.0,2000.0,952800.0
91,2021-10-20 07:16:39,8130.0,1100.0,950800.0
92,2021-10-20 07:16:28,8130.0,100.0,949700.0
93,2021-10-20 07:16:27,8130.0,100.0,949600.0
94,2021-10-20 07:16:27,8130.0,100.0,949500.0
95,2021-10-20 07:16:27,8130.0,700.0,949400.0
96,2021-10-20 07:15:53,8150.0,500.0,948700.0
97,2021-10-20 07:15:53,8150.0,100.0,948200.0
98,2021-10-20 07:15:22,8190.0,500.0,948100.0
99,2021-10-20 07:15:22,8190.0,1300.0,947600.0
100,2021-10-20 07:15:01,8190.0,1500.0,946300.0
101,2021-10-20 07:14:59,8190.0,7200.0,944800.0
102,2021-10-20 07:14:59,8190.0,2800.0,937600.0
103,2021-10-20 07:14:33,8200.0,8000.0,934800.0
104,2021-10-20 07:14:33,8200.0,100.0,926800.0
105,2021-10-20 07:14:33,8200.0,100.0,926700.0
106,2021-10-20 07:14:33,8200.0,1000.0,926600.0
107,2021-10-20 07:14:33,8200.0,500.0,925600.0
108,2021-10-20 07:14:33,8200.0,300.0,925100.0
109,2021-10-20 07:14:33,8200.0,3000.0,924800.0
110,2021-10-20 07:14:33,8200.0,1000.0,921800.0
111,2021-10-20 07:14:33,8200.0,1000.0,920800.0
112,2021-10-20 07:14:33,8200.0,300.0,919800.0
113,2021-10-20 07:14:30,8200.0,1700.0,919500.0
114,2021-10-20 07:14:30,8200.0,7300.0,917800.0
115,2021-10-20 07:14:27,8200.0,1900.0,910500.0
116,2021-10-20 07:14:27,8210.0,100.0,908600.0
117,2021-10-20 07:12:56,8230.0,200.0,908500.0
118,2021-10-20 07:10:26,8230.0,100.0,908300.0
119,2021-10-20 07:10:17,8210.0,200.0,908200.0
120,2021-10-20 07:10:14,8210.0,200.0,908000.0
121,2021-10-20 07:09:00,8210.0,7900.0,907800.0
122,2021-10-20 07:09:00,8210.0,100.0,899900.0
123,2021-10-20 07:09:00,8210.0,300.0,899800.0
124,2021-10-20 07:09:00,8220.0,200.0,899500.0
125,2021-10-20 07:09:00,8220.0,2000.0,899300.0
126,2021-10-20 07:09:00,8230.0,100.0,897300.0
127,2021-10-20 07:09:00,8230.0,1000.0,897200.0
128,2021-10-20 07:09:00,8230.0,2000.0,896200.0
129,2021-10-20 07:09:00,8230.0,500.0,894200.0
130,2021-10-20 07:09:00,8230.0,2000.0,893700.0
131,2021-10-20 07:09:00,8230.0,3900.0,891700.0
132,2021-10-20 07:07:32,8230.0,1000.0,887800.0
133,2021-10-20 07:06:41,8230.0,100.0,886800.0
134,2021-10-20 07:05:36,8230.0,4200.0,886700.0
135,2021-10-20 07:05:36,8250.0,200.0,882500.0
136,2021-10-20 07:05:36,8250.0,100.0,882300.0
137,2021-10-20 07:05:36,8250.0,4000.0,882200.0
138,2021-10-20 07:05:36,8300.0,100.0,878200.0
139,2021-10-20 07:01:41,8330.0,100.0,878100.0
140,2021-10-20 07:01:10,8330.0,100.0,878000.0
141,2021-10-20 07:00:56,8330.0,1000.0,877900.0
142,2021-10-20 06:59:51,8330.0,1000.0,876900.0
143,2021-10-20 06:59:31,8330.0,400.0,875900.0
144,2021-10-20 06:59:23,8330.0,1400.0,875500.0
145,2021-10-20 06:59:23,8330.0,500.0,874100.0
146,2021-10-20 06:59:15,8330.0,600.0,873600.0
147,2021-10-20 06:59:15,8320.0,1000.0,873000.0
148,2021-10-20 06:59:15,8320.0,1000.0,872000.0
149,2021-10-20 06:59:15,8320.0,2000.0,871000.0
150,2021-10-20 06:59:15,8320.0,100.0,869000.0
151,2021-10-20 06:58:49,8300.0,800.0,868900.0
152,2021-10-20 06:57:47,8310.0,200.0,868100.0
153,2021-10-20 06:57:38,8310.0,200.0,867900.0
154,2021-10-20 06:55:55,8250.0,3000.0,867700.0
155,2021-10-20 06:55:39,8230.0,800.0,864700.0
156,2021-10-20 06:53:00,8220.0,200.0,863900.0
157,2021-10-20 06:49:35,8210.0,200.0,863700.0
158,2021-10-20 06:49:35,8210.0,300.0,863500.0
159,2021-10-20 06:45:49,8210.0,500.0,863200.0
160,2021-10-20 06:41:37,8200.0,100.0,862700.0
161,2021-10-20 06:41:37,8200.0,700.0,862600.0
162,2021-10-20 06:41:04,8190.0,300.0,861900.0
163,2021-10-20 06:40:17,8190.0,100.0,861600.0
164,2021-10-20 06:40:17,8190.0,600.0,861500.0
165,2021-10-20 06:40:10,8190.0,1300.0,860900.0
166,2021-10-20 06:39:43,8200.0,800.0,859600.0
167,2021-10-20 06:39:43,8200.0,200.0,858800.0
168,2021-10-20 06:39:42,8190.0,100.0,858600.0
169,2021-10-20 06:39:42,8190.0,3900.0,858500.0
170,2021-10-20 06:39:36,8200.0,1000.0,854600.0
171,2021-10-20 06:39:34,8200.0,5000.0,853600.0
172,2021-10-20 06:38:43,8200.0,2000.0,848600.0
173,2021-10-20 06:38:30,8200.0,500.0,846600.0
174,2021-10-20 06:38:30,8200.0,500.0,846100.0
175,2021-10-20 06:38:30,8200.0,500.0,845600.0
176,2021-10-20 06:38:30,8200.0,300.0,845100.0
177,2021-10-20 06:37:30,8200.0,4700.0,844800.0
178,2021-10-20 06:37:30,8200.0,1000.0,840100.0
179,2021-10-20 06:37:30,8250.0,2000.0,839100.0
180,2021-10-20 06:37:30,8250.0,2300.0,837100.0
181,2021-10-20 06:37:21,8250.0,1000.0,834800.0
182,2021-10-20 06:35:44,8250.0,1000.0,833800.0
183,2021-10-20 06:35:44,8250.0,700.0,832800.0
184,2021-10-20 06:34:58,8250.0,1000.0,832100.0
185,2021-10-20 06:34:58,8250.0,100.0,831100.0
186,2021-10-20 06:34:25,8250.0,200.0,831000.0
187,2021-10-20 06:34:25,8250.0,2000.0,830800.0
188,2021-10-20 06:34:25,8250.0,5000.0,828800.0
189,2021-10-20 06:34:25,8250.0,500.0,823800.0
190,2021-10-20 06:34:25,8250.0,1600.0,823300.0
191,2021-10-20 06:34:25,8270.0,2100.0,821700.0
192,2021-10-20 06:34:25,8300.0,1200.0,819600.0
193,2021-10-20 06:34:25,8300.0,900.0,818400.0
194,2021-10-20 06:34:25,8300.0,1500.0,817500.0
195,2021-10-20 06:33:27,8300.0,2000.0,816000.0
196,2021-10-20 06:33:14,8300.0,1900.0,814000.0
197,2021-10-20 06:33:14,8300.0,500.0,812100.0
198,2021-10-20 06:33:14,8300.0,500.0,811600.0
199,2021-10-20 06:33:14,8300.0,100.0,811100.0
200,2021-10-20 06:33:14,8300.0,200.0,811000.0
201,2021-10-20 06:33:14,8300.0,200.0,810800.0
202,2021-10-20 06:33:14,8300.0,4600.0,810600.0
203,2021-10-20 06:33:11,8300.0,400.0,806000.0
204,2021-10-20 06:33:11,8300.0,100.0,805600.0
205,2021-10-20 06:32:26,8320.0,200.0,805500.0
206,2021-10-20 06:32:06,8320.0,1000.0,805300.0
207,2021-10-20 06:32:06,8320.0,3800.0,804300.0
208,2021-10-20 06:29:22,8330.0,400.0,800500.0
209,2021-10-20 06:28:21,8330.0,1000.0,800100.0
210,2021-10-20 06:28:09,8330.0,600.0,799100.0
211,2021-10-20 06:28:09,8330.0,100.0,798500.0
212,2021-10-20 06:28:09,8330.0,2300.0,798400.0
213,2021-10-20 06:25:05,8330.0,2700.0,796100.0
214,2021-10-20 06:25:05,8330.0,300.0,793400.0
215,2021-10-20 06:23:05,8350.0,100.0,793100.0
216,2021-10-20 06:22:10,8350.0,5000.0,793000.0
217,2021-10-20 06:22:10,8350.0,100.0,788000.0
218,2021-10-20 06:22:10,8350.0,3000.0,787900.0
219,2021-10-20 06:21:24,8370.0,5000.0,784900.0
220,2021-10-20 06:20:51,8370.0,1000.0,779900.0
221,2021-10-20 06:20:51,8370.0,3000.0,778900.0
222,2021-10-20 06:20:51,8370.0,1000.0,775900.0
223,2021-10-20 06:19:08,8350.0,2000.0,774900.0
224,2021-10-20 06:15:45,8350.0,12200.0,772900.0
225,2021-10-20 06:15:45,8350.0,17000.0,760700.0
226,2021-10-20 06:15:45,8360.0,300.0,743700.0
227,2021-10-20 06:15:45,8360.0,500.0,743400.0
228,2021-10-20 06:13:26,8370.0,700.0,742900.0
229,2021-10-20 06:13:26,8370.0,1700.0,742200.0
230,2021-10-20 06:13:23,8370.0,2000.0,740500.0
231,2021-10-20 06:12:50,8370.0,200.0,738500.0
232,2021-10-20 06:12:12,8370.0,1000.0,738300.0
233,2021-10-20 06:12:03,8370.0,100.0,737300.0
234,2021-10-20 06:12:03,8370.0,15000.0,737200.0
235,2021-10-20 06:11:22,8360.0,1000.0,722200.0
236,2021-10-20 06:11:03,8360.0,1000.0,721200.0
237,2021-10-20 06:11:03,8360.0,3000.0,720200.0
238,2021-10-20 06:10:55,8350.0,3000.0,717200.0
239,2021-10-20 06:10:48,8360.0,12000.0,714200.0
240,2021-10-20 06:10:48,8360.0,1000.0,702200.0
241,2021-10-20 06:09:24,8350.0,200.0,701200.0
242,2021-10-20 06:09:24,8350.0,2000.0,701000.0
243,2021-10-20 06:09:24,8350.0,5000.0,699000.0
244,2021-10-20 06:09:24,8350.0,200.0,694000.0
245,2021-10-20 06:09:24,8350.0,100.0,693800.0
246,2021-10-20 06:09:24,8350.0,500.0,693700.0
247,2021-10-20 06:09:24,8350.0,2000.0,693200.0
248,2021-10-20 06:09:19,8360.0,1000.0,691200.0
249,2021-10-20 06:09:19,8360.0,300.0,690200.0
250,2021-10-20 06:09:04,8360.0,500.0,689900.0
251,2021-10-20 06:09:04,8360.0,100.0,689400.0
252,2021-10-20 06:09:04,8360.0,100.0,689300.0
253,2021-10-20 06:08:53,8360.0,1900.0,689200.0
254,2021-10-20 06:08:53,8360.0,100.0,687300.0
255,2021-10-20 06:07:39,8370.0,2500.0,687200.0
256,2021-10-20 06:07:39,8370.0,500.0,684700.0
257,2021-10-20 06:07:39,8370.0,2000.0,684200.0
258,2021-10-20 06:07:12,8370.0,500.0,682200.0
259,2021-10-20 06:07:08,8370.0,1000.0,681700.0
260,2021-10-20 06:05:40,8370.0,1000.0,680700.0
261,2021-10-20 06:05:40,8370.0,300.0,679700.0
262,2021-10-20 06:05:40,8370.0,500.0,679400.0
263,2021-10-20 06:05:40,8370.0,100.0,678900.0
264,2021-10-20 06:05:40,8370.0,2000.0,678800.0
265,2021-10-20 06:05:40,8370.0,2600.0,676800.0
266,2021-10-20 06:05:25,8380.0,1000.0,674200.0
267,2021-10-20 06:05:17,8380.0,500.0,673200.0
268,2021-10-20 06:05:15,8380.0,400.0,672700.0
269,2021-10-20 06:05:02,8380.0,100.0,672300.0
270,2021-10-20 06:04:59,8380.0,100.0,672200.0
271,2021-10-20 06:02:20,8380.0,2000.0,672100.0
272,2021-10-20 06:01:24,8380.0,100.0,670100.0
273,2021-10-20 06:00:20,8380.0,600.0,670000.0
274,2021-10-20 06:00:19,8380.0,400.0,669400.0
275,2021-10-20 06:00:15,8380.0,1000.0,669000.0
276,2021-10-20 06:00:03,8370.0,7400.0,668000.0
277,2021-10-20 06:00:03,8370.0,600.0,660600.0
278,2021-10-20 06:00:03,8380.0,2000.0,660000.0
279,2021-10-20 06:00:02,8380.0,1000.0,658000.0
280,2021-10-20 06:00:01,8380.0,600.0,657000.0
281,2021-10-20 06:00:00,8380.0,200.0,656400.0
282,2021-10-20 06:00:00,8380.0,3000.0,656200.0
283,2021-10-20 06:00:00,8380.0,200.0,653200.0
284,2021-10-20 06:00:00,8380.0,500.0,653000.0
285,2021-10-20 06:00:00,8380.0,1000.0,652500.0
286,2021-10-20 06:00:00,8380.0,500.0,651500.0
287,2021-10-20 06:00:00,8370.0,200.0,651000.0
288,2021-10-20 04:29:37,8370.0,100.0,650800.0
289,2021-10-20 04:28:17,8370.0,100.0,650700.0
290,2021-10-20 04:28:17,8370.0,4900.0,650600.0
291,2021-10-20 04:28:04,8370.0,5000.0,645700.0
292,2021-10-20 04:27:56,8370.0,100.0,640700.0
293,2021-10-20 04:26:28,8370.0,3000.0,640600.0
294,2021-10-20 04:26:03,8370.0,100.0,637600.0
295,2021-10-20 04:26:03,8370.0,900.0,637500.0
296,2021-10-20 04:25:01,8390.0,2500.0,636600.0
297,2021-10-20 04:15:52,8370.0,100.0,634100.0
298,2021-10-20 04:15:52,8380.0,800.0,634000.0
299,2021-10-20 04:15:46,8380.0,1000.0,633200.0
300,2021-10-20 04:15:46,8380.0,2900.0,632200.0
301,2021-10-20 04:15:27,8370.0,4000.0,629300.0
302,2021-10-20 04:15:06,8370.0,100.0,625300.0
303,2021-10-20 04:15:06,8370.0,400.0,625200.0
304,2021-10-20 04:15:06,8370.0,500.0,624800.0
305,2021-10-20 04:14:41,8370.0,200.0,624300.0
306,2021-10-20 04:14:06,8380.0,100.0,624100.0
307,2021-10-20 04:14:06,8380.0,2000.0,624000.0
308,2021-10-20 04:12:22,8390.0,200.0,622000.0
309,2021-10-20 04:12:22,8390.0,1000.0,621800.0
310,2021-10-20 04:12:22,8390.0,3600.0,620800.0
311,2021-10-20 04:11:04,8390.0,5000.0,617200.0
312,2021-10-20 04:09:55,8390.0,500.0,612200.0
313,2021-10-20 04:09:41,8390.0,300.0,611700.0
314,2021-10-20 04:09:36,8390.0,300.0,611400.0
315,2021-10-20 04:09:16,8390.0,1400.0,611100.0
316,2021-10-20 04:09:16,8390.0,100.0,609700.0
317,2021-10-20 04:08:24,8390.0,2000.0,609600.0
318,2021-10-20 04:07:08,8400.0,2800.0,607600.0
319,2021-10-20 04:06:50,8400.0,1200.0,604800.0
320,2021-10-20 04:06:32,8400.0,200.0,603600.0
321,2021-10-20 04:06:14,8400.0,3000.0,603400.0
322,2021-10-20 04:06:14,8400.0,100.0,600400.0
323,2021-10-20 04:06:14,8400.0,2000.0,600300.0
324,2021-10-20 04:06:14,8400.0,1000.0,598300.0
325,2021-10-20 04:06:14,8400.0,2500.0,597300.0
326,2021-10-20 04:05:41,8400.0,100.0,594800.0
327,2021-10-20 04:05:41,8410.0,200.0,594700.0
328,2021-10-20 04:04:19,8400.0,1300.0,594500.0
329,2021-10-20 04:03:47,8400.0,1000.0,593200.0
330,2021-10-20 04:03:33,8400.0,2700.0,592200.0
331,2021-10-20 04:03:33,8400.0,1000.0,589500.0
332,2021-10-20 04:03:33,8400.0,200.0,588500.0
333,2021-10-20 04:03:33,8400.0,900.0,588300.0
334,2021-10-20 04:03:33,8400.0,500.0,587400.0
335,2021-10-20 04:03:33,8400.0,200.0,586900.0
336,2021-10-20 04:03:33,8400.0,100.0,586700.0
337,2021-10-20 04:03:33,8400.0,500.0,586600.0
338,2021-10-20 04:03:33,8400.0,200.0,586100.0
339,2021-10-20 04:03:33,8400.0,3700.0,585900.0
340,2021-10-20 04:02:57,8380.0,4700.0,582200.0
341,2021-10-20 04:01:55,8380.0,300.0,577500.0
342,2021-10-20 04:01:48,8400.0,400.0,577200.0
343,2021-10-20 04:01:48,8400.0,500.0,576800.0
344,2021-10-20 04:01:48,8400.0,300.0,576300.0
345,2021-10-20 04:01:48,8400.0,300.0,576000.0
346,2021-10-20 04:01:48,8400.0,5100.0,575700.0
347,2021-10-20 04:01:48,8390.0,3400.0,570600.0
348,2021-10-20 04:00:46,8380.0,200.0,567200.0
349,2021-10-20 04:00:46,8380.0,500.0,567000.0
350,2021-10-20 04:00:46,8380.0,1800.0,566500.0
351,2021-10-20 04:00:32,8390.0,1000.0,564700.0
352,2021-10-20 04:00:28,8390.0,600.0,563700.0
353,2021-10-20 04:00:28,8390.0,4700.0,563100.0
354,2021-10-20 03:58:21,8390.0,100.0,558400.0
355,2021-10-20 03:58:03,8400.0,600.0,558300.0
356,2021-10-20 03:58:02,8400.0,1900.0,557700.0
357,2021-10-20 03:58:02,8400.0,100.0,555800.0
358,2021-10-20 03:58:02,8400.0,1000.0,555700.0
359,2021-10-20 03:58:02,8400.0,500.0,554700.0
360,2021-10-20 03:58:02,8400.0,500.0,554200.0
361,2021-10-20 03:57:39,8400.0,1500.0,553700.0
362,2021-10-20 03:57:39,8400.0,3500.0,552200.0
363,2021-10-20 03:57:33,8400.0,2600.0,548700.0
364,2021-10-20 03:57:29,8400.0,3000.0,546100.0
365,2021-10-20 03:57:27,8400.0,1700.0,543100.0
366,2021-10-20 03:57:03,8400.0,9200.0,541400.0
367,2021-10-20 03:57:03,8400.0,100.0,532200.0
368,2021-10-20 03:57:03,8400.0,5000.0,532100.0
369,2021-10-20 03:56:45,8390.0,100.0,527100.0
370,2021-10-20 03:56:45,8390.0,1000.0,527000.0
371,2021-10-20 03:56:45,8390.0,200.0,526000.0
372,2021-10-20 03:56:45,8390.0,800.0,525800.0
373,2021-10-20 03:56:45,8390.0,1000.0,525000.0
374,2021-10-20 03:56:45,8390.0,100.0,524000.0
375,2021-10-20 03:56:45,8390.0,2000.0,523900.0
376,2021-10-20 03:55:24,8380.0,200.0,521900.0
377,2021-10-20 03:55:24,8380.0,400.0,521700.0
378,2021-10-20 03:54:27,8380.0,100.0,521300.0
379,2021-10-20 03:54:14,8380.0,1500.0,521200.0
380,2021-10-20 03:54:14,8380.0,1500.0,519700.0
381,2021-10-20 03:53:45,8380.0,500.0,518200.0
382,2021-10-20 03:53:45,8380.0,500.0,517700.0
383,2021-10-20 03:53:26,8380.0,100.0,517200.0
384,2021-10-20 03:53:26,8380.0,100.0,517100.0
385,2021-10-20 03:53:26,8380.0,300.0,517000.0
386,2021-10-20 03:53:05,8380.0,1000.0,516700.0
387,2021-10-20 03:52:40,8380.0,1000.0,515700.0
388,2021-10-20 03:52:22,8380.0,700.0,514700.0
389,2021-10-20 03:52:22,8380.0,100.0,514000.0
390,2021-10-20 03:52:22,8380.0,100.0,513900.0
391,2021-10-20 03:52:22,8380.0,100.0,513800.0
392,2021-10-20 03:52:12,8370.0,200.0,513700.0
393,2021-10-20 03:51:59,8370.0,400.0,513500.0
394,2021-10-20 03:51:59,8370.0,100.0,513100.0
395,2021-10-20 03:51:56,8370.0,200.0,513000.0
396,2021-10-20 03:51:54,8370.0,900.0,512800.0
397,2021-10-20 03:51:38,8370.0,800.0,511900.0
398,2021-10-20 03:51:23,8370.0,100.0,511100.0
399,2021-10-20 03:51:04,8380.0,1000.0,511000.0
400,2021-10-20 03:50:42,8370.0,400.0,510000.0
401,2021-10-20 03:50:31,8380.0,3000.0,509600.0
402,2021-10-20 03:49:53,8370.0,700.0,506600.0
403,2021-10-20 03:49:53,8370.0,500.0,505900.0
404,2021-10-20 03:49:53,8370.0,1300.0,505400.0
405,2021-10-20 03:49:48,8350.0,3000.0,504100.0
406,2021-10-20 03:49:20,8350.0,2000.0,501100.0
407,2021-10-20 03:48:01,8370.0,100.0,499100.0
408,2021-10-20 03:46:16,8390.0,500.0,499000.0
409,2021-10-20 03:45:50,8390.0,2000.0,498500.0
410,2021-10-20 03:45:50,8390.0,2000.0,496500.0
411,2021-10-20 03:45:50,8390.0,300.0,494500.0
412,2021-10-20 03:45:41,8390.0,5000.0,494200.0
413,2021-10-20 03:45:19,8390.0,1000.0,489200.0
414,2021-10-20 03:45:18,8390.0,200.0,488200.0
415,2021-10-20 03:45:10,8390.0,500.0,488000.0
416,2021-10-20 03:44:38,8390.0,1000.0,487500.0
417,2021-10-20 03:44:30,8390.0,1000.0,486500.0
418,2021-10-20 03:44:28,8390.0,1000.0,485500.0
419,2021-10-20 03:44:08,8390.0,2000.0,484500.0
420,2021-10-20 03:44:08,8390.0,2000.0,482500.0
421,2021-10-20 03:44:08,8390.0,200.0,480500.0
422,2021-10-20 03:44:08,8390.0,200.0,480300.0
423,2021-10-20 03:44:08,8390.0,700.0,480100.0
424,2021-10-20 03:44:08,8390.0,2600.0,479400.0
425,2021-10-20 03:44:05,8390.0,1000.0,476800.0
426,2021-10-20 03:43:31,8390.0,1000.0,475800.0
427,2021-10-20 03:43:20,8390.0,5400.0,474800.0
428,2021-10-20 03:42:34,8350.0,5000.0,469400.0
429,2021-10-20 03:42:34,8350.0,1000.0,464400.0
430,2021-10-20 03:42:34,8350.0,2500.0,463400.0
431,2021-10-20 03:42:34,8350.0,2000.0,460900.0
432,2021-10-20 03:42:34,8350.0,500.0,458900.0
433,2021-10-20 03:42:34,8350.0,1000.0,458400.0
434,2021-10-20 03:42:25,8340.0,100.0,457400.0
435,2021-10-20 03:42:07,8340.0,1500.0,457300.0
436,2021-10-20 03:42:07,8320.0,1100.0,455800.0
437,2021-10-20 03:42:07,8330.0,3900.0,454700.0
438,2021-10-20 03:41:56,8330.0,100.0,450800.0
439,2021-10-20 03:41:44,8320.0,100.0,450700.0
440,2021-10-20 03:41:44,8330.0,3300.0,450600.0
441,2021-10-20 03:41:28,8320.0,100.0,447300.0
442,2021-10-20 03:40:55,8320.0,1000.0,447200.0
443,2021-10-20 03:40:55,8320.0,200.0,446200.0
444,2021-10-20 03:40:55,8320.0,100.0,446000.0
445,2021-10-20 03:40:55,8320.0,3600.0,445900.0
446,2021-10-20 03:40:55,8320.0,1000.0,442300.0
447,2021-10-20 03:40:50,8320.0,400.0,441300.0
448,2021-10-20 03:40:50,8320.0,600.0,440900.0
449,2021-10-20 03:40:40,8320.0,4200.0,440300.0
450,2021-10-20 03:39:58,8320.0,5000.0,436100.0
451,2021-10-20 03:39:53,8320.0,200.0,431100.0
452,2021-10-20 03:39:45,8300.0,100.0,430900.0
453,2021-10-20 03:39:25,8300.0,500.0,430800.0
454,2021-10-20 03:39:25,8300.0,1000.0,430300.0
455,2021-10-20 03:39:25,8300.0,5000.0,429300.0
456,2021-10-20 03:39:25,8300.0,5500.0,424300.0
457,2021-10-20 03:39:25,8300.0,5000.0,418800.0
458,2021-10-20 03:39:25,8300.0,1000.0,413800.0
459,2021-10-20 03:39:25,8300.0,1000.0,412800.0
460,2021-10-20 03:39:25,8300.0,1000.0,411800.0
461,2021-10-20 03:39:25,8300.0,100.0,410800.0
462,2021-10-20 03:39:25,8300.0,200.0,410700.0
463,2021-10-20 03:39:25,8300.0,3000.0,410500.0
464,2021-10-20 03:39:25,8300.0,200.0,407500.0
465,2021-10-20 03:39:25,8300.0,5000.0,407300.0
466,2021-10-20 03:39:25,8300.0,5000.0,402300.0
467,2021-10-20 03:39:25,8300.0,3000.0,397300.0
468,2021-10-20 03:39:25,8300.0,100.0,394300.0
469,2021-10-20 03:39:25,8300.0,100.0,394200.0
470,2021-10-20 03:39:25,8300.0,500.0,394100.0
471,2021-10-20 03:39:25,8300.0,100.0,393600.0
472,2021-10-20 03:39:25,8300.0,500.0,393500.0
473,2021-10-20 03:39:25,8290.0,1600.0,393000.0
474,2021-10-20 03:39:06,8290.0,5900.0,391400.0
475,2021-10-20 03:39:06,8290.0,1000.0,385500.0
476,2021-10-20 03:39:06,8290.0,5000.0,384500.0
477,2021-10-20 03:39:06,8280.0,100.0,379500.0
478,2021-10-20 03:39:06,8280.0,1000.0,379400.0
479,2021-10-20 03:38:39,8280.0,1000.0,378400.0
480,2021-10-20 03:38:28,8270.0,100.0,377400.0
481,2021-10-20 03:38:19,8270.0,300.0,377300.0
482,2021-10-20 03:38:19,8270.0,10000.0,377000.0
483,2021-10-20 03:38:19,8270.0,1000.0,367000.0
484,2021-10-20 03:38:19,8270.0,100.0,366000.0
485,2021-10-20 03:38:19,8270.0,500.0,365900.0
486,2021-10-20 03:38:19,8270.0,6000.0,365400.0
487,2021-10-20 03:38:19,8270.0,3500.0,359400.0
488,2021-10-20 03:38:19,8270.0,9900.0,355900.0
489,2021-10-20 03:38:19,8270.0,1000.0,346000.0
490,2021-10-20 03:38:19,8270.0,200.0,345000.0
491,2021-10-20 03:38:19,8270.0,6000.0,344800.0
492,2021-10-20 03:38:19,8260.0,3000.0,338800.0
493,2021-10-20 03:38:19,8260.0,4700.0,335800.0
494,2021-10-20 03:38:19,8260.0,1600.0,331100.0
495,2021-10-20 03:38:10,8250.0,100.0,329500.0
496,2021-10-20 03:37:16,8250.0,2000.0,329400.0
497,2021-10-20 03:37:15,8250.0,1000.0,327400.0
498,2021-10-20 03:37:15,8250.0,300.0,326400.0
499,2021-10-20 03:37:14,8250.0,200.0,326100.0
500,2021-10-20 03:36:54,8250.0,1000.0,325900.0
501,2021-10-20 03:36:38,8250.0,2200.0,324900.0
502,2021-10-20 03:36:38,8250.0,1000.0,322700.0
503,2021-10-20 03:36:38,8250.0,1000.0,321700.0
504,2021-10-20 03:36:38,8250.0,2000.0,320700.0
505,2021-10-20 03:36:38,8250.0,500.0,318700.0
506,2021-10-20 03:36:38,8250.0,2300.0,318200.0
507,2021-10-20 03:36:38,8250.0,1400.0,315900.0
508,2021-10-20 03:36:38,8250.0,600.0,314500.0
509,2021-10-20 03:36:38,8250.0,200.0,313900.0
510,2021-10-20 03:36:38,8250.0,800.0,313700.0
511,2021-10-20 03:36:02,8240.0,100.0,312900.0
512,2021-10-20 03:35:59,8240.0,400.0,312800.0
513,2021-10-20 03:35:57,8240.0,1000.0,312400.0
514,2021-10-20 03:35:21,8240.0,2600.0,311400.0
515,2021-10-20 03:35:04,8240.0,400.0,308800.0
516,2021-10-20 03:35:04,8240.0,1000.0,308400.0
517,2021-10-20 03:34:09,8240.0,1500.0,307400.0
518,2021-10-20 03:34:09,8240.0,1000.0,305900.0
519,2021-10-20 03:34:09,8240.0,200.0,304900.0
520,2021-10-20 03:34:09,8240.0,2000.0,304700.0
521,2021-10-20 03:34:09,8240.0,100.0,302700.0
522,2021-10-20 03:34:09,8230.0,200.0,302600.0
523,2021-10-20 03:33:19,8200.0,500.0,302400.0
524,2021-10-20 03:33:19,8200.0,1000.0,301900.0
525,2021-10-20 03:33:19,8200.0,500.0,300900.0
526,2021-10-20 03:32:31,8200.0,2000.0,300400.0
527,2021-10-20 03:32:28,8200.0,2000.0,298400.0
528,2021-10-20 03:30:56,8200.0,5000.0,296400.0
529,2021-10-20 03:30:35,8190.0,500.0,291400.0
530,2021-10-20 03:30:33,8190.0,100.0,290900.0
531,2021-10-20 03:30:33,8190.0,2000.0,290800.0
532,2021-10-20 03:28:35,8190.0,1000.0,288800.0
533,2021-10-20 03:26:45,8190.0,2500.0,287800.0
534,2021-10-20 03:25:42,8190.0,500.0,285300.0
535,2021-10-20 03:25:42,8160.0,500.0,284800.0
536,2021-10-20 03:24:50,8150.0,200.0,284300.0
537,2021-10-20 03:23:13,8150.0,300.0,284100.0
538,2021-10-20 03:21:04,8130.0,300.0,283800.0
539,2021-10-20 03:21:04,8130.0,200.0,283500.0
540,2021-10-20 03:21:04,8130.0,700.0,283300.0
541,2021-10-20 03:20:07,8130.0,1300.0,282600.0
542,2021-10-20 03:20:07,8130.0,100.0,281300.0
543,2021-10-20 03:19:29,8190.0,100.0,281200.0
544,2021-10-20 03:18:00,8200.0,100.0,281100.0
545,2021-10-20 03:18:00,8200.0,300.0,281000.0
546,2021-10-20 03:18:00,8200.0,1000.0,280700.0
547,2021-10-20 03:18:00,8200.0,1000.0,279700.0
548,2021-10-20 03:18:00,8200.0,500.0,278700.0
549,2021-10-20 03:18:00,8200.0,300.0,278200.0
550,2021-10-20 03:18:00,8200.0,7200.0,277900.0
551,2021-10-20 03:18:00,8210.0,100.0,270700.0
552,2021-10-20 03:17:14,8200.0,300.0,270600.0
553,2021-10-20 03:16:27,8200.0,1000.0,270300.0
554,2021-10-20 03:15:56,8200.0,400.0,269300.0
555,2021-10-20 03:15:56,8210.0,9500.0,268900.0
556,2021-10-20 03:15:56,8220.0,100.0,259400.0
557,2021-10-20 03:15:51,8220.0,100.0,259300.0
558,2021-10-20 03:15:01,8200.0,1100.0,259200.0
559,2021-10-20 03:15:01,8200.0,200.0,258100.0
560,2021-10-20 03:15:01,8200.0,200.0,257900.0
561,2021-10-20 03:15:01,8200.0,500.0,257700.0
562,2021-10-20 03:14:09,8240.0,100.0,257200.0
563,2021-10-20 03:14:00,8250.0,100.0,257100.0
564,2021-10-20 03:13:20,8250.0,800.0,257000.0
565,2021-10-20 03:13:20,8240.0,200.0,256200.0
566,2021-10-20 03:13:09,8250.0,1300.0,256000.0
567,2021-10-20 03:13:09,8250.0,800.0,254700.0
568,2021-10-20 03:13:09,8240.0,500.0,253900.0
569,2021-10-20 03:13:09,8240.0,400.0,253400.0
570,2021-10-20 03:12:35,8250.0,200.0,253000.0
571,2021-10-20 03:11:50,8250.0,1000.0,252800.0
572,2021-10-20 03:11:37,8250.0,4800.0,251800.0
573,2021-10-20 03:11:37,8240.0,200.0,247000.0
574,2021-10-20 03:11:15,8250.0,7100.0,246800.0
575,2021-10-20 03:11:15,8240.0,2000.0,239700.0
576,2021-10-20 03:11:15,8240.0,900.0,237700.0
577,2021-10-20 03:10:26,8250.0,11100.0,236800.0
578,2021-10-20 03:10:26,8240.0,2000.0,225700.0
579,2021-10-20 03:10:26,8240.0,200.0,223700.0
580,2021-10-20 03:10:26,8240.0,200.0,223500.0
581,2021-10-20 03:10:26,8240.0,100.0,223300.0
582,2021-10-20 03:10:26,8210.0,100.0,223200.0
583,2021-10-20 03:10:21,8210.0,100.0,223100.0
584,2021-10-20 03:10:08,8200.0,100.0,223000.0
585,2021-10-20 03:10:08,8200.0,4900.0,222900.0
586,2021-10-20 03:09:13,8200.0,5000.0,218000.0
587,2021-10-20 03:09:00,8200.0,5000.0,213000.0
588,2021-10-20 03:08:40,8210.0,1000.0,208000.0
589,2021-10-20 03:08:26,8210.0,500.0,207000.0
590,2021-10-20 03:08:26,8210.0,400.0,206500.0
591,2021-10-20 03:08:08,8210.0,200.0,206100.0
592,2021-10-20 03:08:08,8210.0,100.0,205900.0
593,2021-10-20 03:08:08,8210.0,400.0,205800.0
594,2021-10-20 03:08:08,8210.0,1200.0,205400.0
595,2021-10-20 03:08:08,8220.0,100.0,204200.0
596,2021-10-20 03:04:38,8250.0,100.0,204100.0
597,2021-10-20 03:03:42,8250.0,100.0,204000.0
598,2021-10-20 03:02:50,8260.0,400.0,203900.0
599,2021-10-20 03:02:50,8260.0,400.0,203500.0
600,2021-10-20 03:02:50,8250.0,500.0,203100.0
601,2021-10-20 03:02:50,8250.0,200.0,202600.0
602,2021-10-20 03:02:50,8250.0,100.0,202400.0
603,2021-10-20 03:02:50,8250.0,200.0,202300.0
604,2021-10-20 03:01:40,8210.0,100.0,202100.0
605,2021-10-20 02:59:53,8260.0,500.0,202000.0
606,2021-10-20 02:59:31,8210.0,500.0,201500.0
607,2021-10-20 02:59:01,8270.0,4000.0,201000.0
608,2021-10-20 02:59:01,8270.0,900.0,197000.0
609,2021-10-20 02:59:01,8260.0,100.0,196100.0
610,2021-10-20 02:58:47,8270.0,100.0,196000.0
611,2021-10-20 02:58:47,8270.0,400.0,195900.0
612,2021-10-20 02:58:33,8270.0,100.0,195500.0
613,2021-10-20 02:58:33,8270.0,200.0,195400.0
614,2021-10-20 02:58:11,8210.0,600.0,195200.0
615,2021-10-20 02:58:01,8210.0,100.0,194600.0
616,2021-10-20 02:57:12,8210.0,100.0,194500.0
617,2021-10-20 02:56:54,8210.0,100.0,194400.0
618,2021-10-20 02:56:41,8210.0,400.0,194300.0
619,2021-10-20 02:56:14,8200.0,300.0,193900.0
620,2021-10-20 02:56:01,8200.0,1500.0,193600.0
621,2021-10-20 02:55:52,8210.0,500.0,192100.0
622,2021-10-20 02:55:38,8210.0,2000.0,191600.0
623,2021-10-20 02:55:09,8210.0,100.0,189600.0
624,2021-10-20 02:55:08,8210.0,900.0,189500.0
625,2021-10-20 02:55:08,8210.0,1100.0,188600.0
626,2021-10-20 02:54:12,8210.0,1000.0,187500.0
627,2021-10-20 02:54:10,8210.0,500.0,186500.0
628,2021-10-20 02:54:07,8210.0,400.0,186000.0
629,2021-10-20 02:54:07,8210.0,100.0,185600.0
630,2021-10-20 02:53:48,8210.0,200.0,185500.0
631,2021-10-20 02:53:36,8210.0,100.0,185300.0
632,2021-10-20 02:52:57,8210.0,100.0,185200.0
633,2021-10-20 02:52:26,8270.0,100.0,185100.0
634,2021-10-20 02:52:13,8270.0,300.0,185000.0
635,2021-10-20 02:52:02,8270.0,100.0,184700.0
636,2021-10-20 02:52:02,8230.0,1100.0,184600.0
637,2021-10-20 02:52:02,8220.0,100.0,183500.0
638,2021-10-20 02:51:40,8230.0,3900.0,183400.0
639,2021-10-20 02:51:40,8220.0,100.0,179500.0
640,2021-10-20 02:51:40,8220.0,1500.0,179400.0
641,2021-10-20 02:51:30,8210.0,100.0,177900.0
642,2021-10-20 02:51:21,8200.0,100.0,177800.0
643,2021-10-20 02:51:12,8200.0,10000.0,177700.0
644,2021-10-20 02:50:59,8200.0,13200.0,167700.0
645,2021-10-20 02:50:53,8200.0,500.0,154500.0
646,2021-10-20 02:50:53,8190.0,500.0,154000.0
647,2021-10-20 02:50:41,8110.0,1800.0,153500.0
648,2021-10-20 02:50:34,8200.0,300.0,151700.0
649,2021-10-20 02:50:34,8200.0,1700.0,151400.0
650,2021-10-20 02:50:34,8200.0,1000.0,149700.0
651,2021-10-20 02:50:24,8200.0,2500.0,148700.0
652,2021-10-20 02:50:24,8200.0,50000.0,146200.0
653,2021-10-20 02:50:24,8200.0,500.0,96200.0
654,2021-10-20 02:50:24,8200.0,1000.0,95700.0
655,2021-10-20 02:50:24,8200.0,500.0,94700.0
656,2021-10-20 02:50:24,8200.0,500.0,94200.0
657,2021-10-20 02:50:24,8200.0,100.0,93700.0
658,2021-10-20 02:50:24,8200.0,1000.0,93600.0
659,2021-10-20 02:50:24,8200.0,100.0,92600.0
660,2021-10-20 02:50:24,8200.0,500.0,92500.0
661,2021-10-20 02:50:24,8200.0,1000.0,92000.0
662,2021-10-20 02:50:24,8200.0,1900.0,91000.0
663,2021-10-20 02:50:24,8190.0,400.0,89100.0
664,2021-10-20 02:49:29,8200.0,1100.0,88700.0
665,2021-10-20 02:49:29,8170.0,500.0,87600.0
666,2021-10-20 02:49:29,8160.0,200.0,87100.0
667,2021-10-20 02:49:22,8100.0,400.0,86900.0
668,2021-10-20 02:49:22,8130.0,600.0,86500.0
669,2021-10-20 02:49:14,8130.0,400.0,85900.0
670,2021-10-20 02:49:04,8100.0,100.0,85500.0
671,2021-10-20 02:48:23,8090.0,300.0,85400.0
672,2021-10-20 02:48:23,8080.0,1000.0,85100.0
673,2021-10-20 02:48:23,8070.0,600.0,84100.0
674,2021-10-20 02:48:15,8070.0,100.0,83500.0
675,2021-10-20 02:47:10,8060.0,100.0,83400.0
676,2021-10-20 02:45:09,8050.0,800.0,83300.0
677,2021-10-20 02:44:10,8050.0,3200.0,82500.0
678,2021-10-20 02:43:58,8050.0,1800.0,79300.0
679,2021-10-20 02:43:11,8050.0,5000.0,77500.0
680,2021-10-20 02:43:07,8050.0,5000.0,72500.0
681,2021-10-20 02:42:51,8050.0,2500.0,67500.0
682,2021-10-20 02:42:51,8050.0,500.0,65000.0
683,2021-10-20 02:42:51,8050.0,1600.0,64500.0
684,2021-10-20 02:40:31,8050.0,700.0,62900.0
685,2021-10-20 02:39:47,8050.0,400.0,62200.0
686,2021-10-20 02:39:29,8050.0,500.0,61800.0
687,2021-10-20 02:39:05,8050.0,100.0,61300.0
688,2021-10-20 02:39:03,8000.0,6000.0,61200.0
689,2021-10-20 02:36:17,8050.0,100.0,55200.0
690,2021-10-20 02:36:00,7950.0,400.0,55100.0
691,2021-10-20 02:36:00,7950.0,600.0,54700.0
692,2021-10-20 02:33:31,7950.0,400.0,54100.0
693,2021-10-20 02:33:31,7950.0,100.0,53700.0
694,2021-10-20 02:32:01,7950.0,1900.0,53600.0
695,2021-10-20 02:32:01,7950.0,500.0,51700.0
696,2021-10-20 02:32:01,7960.0,2000.0,51200.0
697,2021-10-20 02:32:01,7960.0,2200.0,49200.0
698,2021-10-20 02:31:25,7950.0,3100.0,47000.0
699,2021-10-20 02:31:25,7960.0,900.0,43900.0
700,2021-10-20 02:30:47,8000.0,200.0,43000.0
701,2021-10-20 02:30:26,8000.0,500.0,42800.0
702,2021-10-20 02:30:08,8000.0,500.0,42300.0
703,2021-10-20 02:30:08,8000.0,500.0,41800.0
704,2021-10-20 02:29:12,8000.0,800.0,41300.0
705,2021-10-20 02:27:58,8000.0,2700.0,40500.0
706,2021-10-20 02:27:58,8000.0,300.0,37800.0
707,2021-10-20 02:27:51,7970.0,200.0,37500.0
708,2021-10-20 02:27:51,7970.0,200.0,37300.0
709,2021-10-20 02:27:23,7970.0,4800.0,37100.0
710,2021-10-20 02:27:23,7970.0,200.0,32300.0
711,2021-10-20 02:26:35,7970.0,2000.0,32100.0
712,2021-10-20 02:26:10,7970.0,8000.0,30100.0
713,2021-10-20 02:24:39,7950.0,1000.0,22100.0
714,2021-10-20 02:24:39,7950.0,400.0,21100.0
715,2021-10-20 02:24:38,7950.0,100.0,20700.0
716,2021-10-20 02:23:43,7940.0,1300.0,20600.0
717,2021-10-20 02:23:36,7940.0,100.0,19300.0
718,2021-10-20 02:23:36,7940.0,1600.0,19200.0
719,2021-10-20 02:23:25,7940.0,3400.0,17600.0
720,2021-10-20 02:22:49,7940.0,2000.0,14200.0
721,2021-10-20 02:22:38,7940.0,1000.0,12200.0
722,2021-10-20 02:22:30,7940.0,300.0,11200.0
723,2021-10-20 02:21:50,7940.0,500.0,10900.0
724,2021-10-20 02:21:38,7940.0,500.0,10400.0
725,2021-10-20 02:21:08,7940.0,300.0,9900.0
726,2021-10-20 02:18:23,7940.0,100.0,9600.0
727,2021-10-20 02:17:23,7940.0,500.0,9500.0
728,2021-10-20 02:17:20,7940.0,2700.0,9000.0
729,2021-10-20 02:16:58,7950.0,500.0,6300.0
730,2021-10-20 02:16:48,7950.0,400.0,5800.0
731,2021-10-20 02:16:40,7950.0,500.0,5400.0
732,2021-10-20 02:16:20,7950.0,600.0,4900.0
733,2021-10-20 02:16:20,7950.0,100.0,4300.0
734,2021-10-20 02:16:12,7950.0,500.0,4200.0
735,2021-10-20 02:16:04,7950.0,200.0,3700.0
736,2021-10-20 02:16:04,7950.0,200.0,3500.0
737,2021-10-20 02:15:59,7970.0,1000.0,3300.0
738,2021-10-20 02:15:59,7970.0,1000.0,2300.0
739,2021-10-20 02:15:01,7970.0,100.0,1300.0
740,2021-10-20 02:15:01,7970.0,100.0,1200.0
741,2021-10-20 02:15:01,7970.0,400.0,1100.0
742,2021-10-20 02:15:01,7970.0,100.0,700.0
743,2021-10-20 02:15:01,7970.0,100.0,600.0
744,2021-10-20 02:15:01,7970.0,200.0,500.0
745,2021-10-20 02:15:01,7970.0,100.0,300.0
746,2021-10-20 02:15:01,7970.0,200.0,200.0
