,Time,Price,Volume_per_trade,Volume
0,2021-10-13 07:45:00,7400.0,3000.0,757800.0
1,2021-10-13 07:45:00,7400.0,1000.0,754800.0
2,2021-10-13 07:45:00,7400.0,900.0,753800.0
3,2021-10-13 07:45:00,7400.0,1000.0,752900.0
4,2021-10-13 07:45:00,7400.0,100.0,751900.0
5,2021-10-13 07:45:00,7400.0,100.0,751800.0
6,2021-10-13 07:45:00,7400.0,2000.0,751700.0
7,2021-10-13 07:45:00,7400.0,1300.0,749700.0
8,2021-10-13 07:45:00,7400.0,400.0,748400.0
9,2021-10-13 07:45:00,7400.0,300.0,748000.0
10,2021-10-13 07:45:00,7400.0,20000.0,747700.0
11,2021-10-13 07:45:00,7400.0,200.0,727700.0
12,2021-10-13 07:45:00,7400.0,300.0,727500.0
13,2021-10-13 07:45:00,7400.0,200.0,727200.0
14,2021-10-13 07:45:00,7400.0,1300.0,727000.0
15,2021-10-13 07:45:00,7400.0,6000.0,725700.0
16,2021-10-13 07:29:56,7390.0,300.0,719700.0
17,2021-10-13 07:29:28,7390.0,100.0,719400.0
18,2021-10-13 07:29:28,7390.0,400.0,719300.0
19,2021-10-13 07:29:10,7390.0,500.0,718900.0
20,2021-10-13 07:27:56,7390.0,1000.0,718400.0
21,2021-10-13 07:27:38,7390.0,100.0,717400.0
22,2021-10-13 07:25:42,7400.0,1500.0,717300.0
23,2021-10-13 07:24:50,7400.0,300.0,715800.0
24,2021-10-13 07:24:50,7400.0,200.0,715500.0
25,2021-10-13 07:24:50,7400.0,500.0,715300.0
26,2021-10-13 07:22:24,7400.0,500.0,714800.0
27,2021-10-13 07:22:24,7400.0,400.0,714300.0
28,2021-10-13 07:21:13,7400.0,400.0,713900.0
29,2021-10-13 07:19:53,7400.0,2200.0,713500.0
30,2021-10-13 07:19:53,7400.0,100.0,711300.0
31,2021-10-13 07:19:53,7400.0,700.0,711200.0
32,2021-10-13 07:19:04,7400.0,100.0,710500.0
33,2021-10-13 07:17:36,7390.0,900.0,710400.0
34,2021-10-13 07:17:00,7390.0,100.0,709500.0
35,2021-10-13 07:16:05,7400.0,200.0,709400.0
36,2021-10-13 07:15:01,7400.0,100.0,709200.0
37,2021-10-13 07:14:57,7400.0,300.0,709100.0
38,2021-10-13 07:14:41,7400.0,200.0,708800.0
39,2021-10-13 07:14:05,7400.0,400.0,708600.0
40,2021-10-13 07:13:59,7400.0,100.0,708200.0
41,2021-10-13 07:13:59,7400.0,100.0,708100.0
42,2021-10-13 07:13:59,7400.0,400.0,708000.0
43,2021-10-13 07:09:32,7400.0,100.0,707600.0
44,2021-10-13 07:09:32,7400.0,1100.0,707500.0
45,2021-10-13 07:09:32,7400.0,300.0,706400.0
46,2021-10-13 07:09:32,7400.0,500.0,706100.0
47,2021-10-13 07:09:12,7400.0,3000.0,705600.0
48,2021-10-13 07:08:24,7400.0,1000.0,702600.0
49,2021-10-13 07:07:20,7400.0,500.0,701600.0
50,2021-10-13 07:07:10,7400.0,1000.0,701100.0
51,2021-10-13 07:07:10,7400.0,1000.0,700100.0
52,2021-10-13 07:07:10,7400.0,800.0,699100.0
53,2021-10-13 07:07:10,7400.0,100.0,698300.0
54,2021-10-13 07:07:10,7400.0,400.0,698200.0
55,2021-10-13 07:07:10,7400.0,1000.0,697800.0
56,2021-10-13 07:07:10,7400.0,200.0,696800.0
57,2021-10-13 07:07:08,7400.0,300.0,696600.0
58,2021-10-13 07:07:08,7400.0,700.0,696300.0
59,2021-10-13 07:06:13,7400.0,300.0,695600.0
60,2021-10-13 07:03:42,7400.0,400.0,695300.0
61,2021-10-13 07:01:11,7400.0,600.0,694900.0
62,2021-10-13 07:01:11,7400.0,3200.0,694300.0
63,2021-10-13 07:01:11,7370.0,10000.0,691100.0
64,2021-10-13 07:01:11,7370.0,300.0,681100.0
65,2021-10-13 07:01:11,7360.0,5000.0,680800.0
66,2021-10-13 07:01:11,7360.0,900.0,675800.0
67,2021-10-13 07:01:08,7360.0,100.0,674900.0
68,2021-10-13 06:56:52,7350.0,300.0,674800.0
69,2021-10-13 06:52:11,7350.0,900.0,674500.0
70,2021-10-13 06:51:46,7350.0,100.0,673600.0
71,2021-10-13 06:51:46,7350.0,500.0,673500.0
72,2021-10-13 06:51:46,7350.0,1800.0,673000.0
73,2021-10-13 06:45:34,7350.0,200.0,671200.0
74,2021-10-13 06:41:40,7300.0,3500.0,671000.0
75,2021-10-13 06:41:40,7300.0,800.0,667500.0
76,2021-10-13 06:41:31,7300.0,300.0,666700.0
77,2021-10-13 06:37:39,7300.0,900.0,666400.0
78,2021-10-13 06:36:32,7300.0,600.0,665500.0
79,2021-10-13 06:33:23,7300.0,400.0,664900.0
80,2021-10-13 06:33:23,7300.0,600.0,664500.0
81,2021-10-13 06:32:03,7300.0,400.0,663900.0
82,2021-10-13 06:31:56,7250.0,1300.0,663500.0
83,2021-10-13 06:31:56,7260.0,100.0,662200.0
84,2021-10-13 06:31:56,7270.0,1000.0,662100.0
85,2021-10-13 06:31:56,7270.0,200.0,661100.0
86,2021-10-13 06:31:56,7280.0,500.0,660900.0
87,2021-10-13 06:31:56,7280.0,100.0,660400.0
88,2021-10-13 06:28:51,7300.0,2500.0,660300.0
89,2021-10-13 06:28:51,7300.0,500.0,657800.0
90,2021-10-13 06:28:51,7300.0,100.0,657300.0
91,2021-10-13 06:28:51,7300.0,2200.0,657200.0
92,2021-10-13 06:28:51,7310.0,1000.0,655000.0
93,2021-10-13 06:28:51,7310.0,500.0,654000.0
94,2021-10-13 06:26:14,7310.0,2000.0,653500.0
95,2021-10-13 06:25:55,7310.0,500.0,651500.0
96,2021-10-13 06:23:32,7310.0,100.0,651000.0
97,2021-10-13 06:22:38,7300.0,7800.0,650900.0
98,2021-10-13 06:22:38,7300.0,300.0,643100.0
99,2021-10-13 06:22:38,7300.0,1000.0,642800.0
100,2021-10-13 06:22:38,7300.0,700.0,641800.0
101,2021-10-13 06:22:38,7300.0,1000.0,641100.0
102,2021-10-13 06:22:38,7300.0,300.0,640100.0
103,2021-10-13 06:22:38,7300.0,4000.0,639800.0
104,2021-10-13 06:22:38,7300.0,200.0,635800.0
105,2021-10-13 06:20:50,7300.0,1800.0,635600.0
106,2021-10-13 06:20:50,7300.0,5000.0,633800.0
107,2021-10-13 06:20:50,7310.0,1400.0,628800.0
108,2021-10-13 06:20:50,7310.0,2500.0,627400.0
109,2021-10-13 06:20:50,7310.0,1000.0,624900.0
110,2021-10-13 06:20:49,7320.0,4000.0,623900.0
111,2021-10-13 06:19:26,7320.0,300.0,619900.0
112,2021-10-13 06:19:26,7320.0,500.0,619600.0
113,2021-10-13 06:18:39,7330.0,1000.0,619100.0
114,2021-10-13 06:18:39,7330.0,5000.0,618100.0
115,2021-10-13 06:18:37,7330.0,300.0,613100.0
116,2021-10-13 06:17:57,7340.0,5000.0,612800.0
117,2021-10-13 06:17:25,7350.0,300.0,607800.0
118,2021-10-13 06:15:36,7360.0,9800.0,607500.0
119,2021-10-13 06:13:41,7350.0,200.0,597700.0
120,2021-10-13 06:13:41,7350.0,5000.0,597500.0
121,2021-10-13 06:13:13,7360.0,100.0,592500.0
122,2021-10-13 06:06:16,7360.0,1900.0,592400.0
123,2021-10-13 06:04:41,7360.0,400.0,590500.0
124,2021-10-13 06:04:26,7370.0,4700.0,590100.0
125,2021-10-13 06:03:15,7370.0,300.0,585400.0
126,2021-10-13 06:00:02,7400.0,100.0,585100.0
127,2021-10-13 06:00:02,7400.0,300.0,585000.0
128,2021-10-13 06:00:01,7400.0,400.0,584700.0
129,2021-10-13 06:00:00,7400.0,300.0,584300.0
130,2021-10-13 04:29:39,7400.0,8000.0,584000.0
131,2021-10-13 04:27:59,7360.0,1600.0,576000.0
132,2021-10-13 04:27:16,7360.0,1100.0,574400.0
133,2021-10-13 04:27:16,7360.0,300.0,573300.0
134,2021-10-13 04:24:22,7410.0,2800.0,573000.0
135,2021-10-13 04:24:13,7410.0,2000.0,570200.0
136,2021-10-13 04:24:00,7400.0,200.0,568200.0
137,2021-10-13 04:24:00,7400.0,1800.0,568000.0
138,2021-10-13 04:24:00,7400.0,3200.0,566200.0
139,2021-10-13 04:23:35,7400.0,1800.0,563000.0
140,2021-10-13 04:23:35,7400.0,500.0,561200.0
141,2021-10-13 04:23:35,7400.0,3000.0,560700.0
142,2021-10-13 04:23:35,7400.0,200.0,557700.0
143,2021-10-13 04:23:07,7400.0,800.0,557500.0
144,2021-10-13 04:20:00,7400.0,1500.0,556700.0
145,2021-10-13 04:20:00,7400.0,1200.0,555200.0
146,2021-10-13 04:20:00,7400.0,300.0,554000.0
147,2021-10-13 04:20:00,7400.0,200.0,553700.0
148,2021-10-13 04:20:00,7400.0,200.0,553500.0
149,2021-10-13 04:20:00,7400.0,8200.0,553300.0
150,2021-10-13 04:19:16,7420.0,1000.0,545100.0
151,2021-10-13 04:18:42,7420.0,600.0,544100.0
152,2021-10-13 04:18:42,7420.0,10000.0,543500.0
153,2021-10-13 04:16:46,7440.0,800.0,533500.0
154,2021-10-13 04:16:34,7440.0,1000.0,532700.0
155,2021-10-13 04:16:20,7440.0,100.0,531700.0
156,2021-10-13 04:15:59,7440.0,300.0,531600.0
157,2021-10-13 04:15:36,7440.0,1000.0,531300.0
158,2021-10-13 04:15:27,7440.0,100.0,530300.0
159,2021-10-13 04:14:55,7450.0,100.0,530200.0
160,2021-10-13 04:12:50,7450.0,200.0,530100.0
161,2021-10-13 04:12:35,7440.0,100.0,529900.0
162,2021-10-13 04:12:18,7440.0,100.0,529800.0
163,2021-10-13 04:11:20,7440.0,300.0,529700.0
164,2021-10-13 04:11:20,7440.0,500.0,529400.0
165,2021-10-13 04:11:20,7440.0,700.0,528900.0
166,2021-10-13 04:11:13,7440.0,300.0,528200.0
167,2021-10-13 04:11:13,7440.0,300.0,527900.0
168,2021-10-13 04:11:13,7440.0,2000.0,527600.0
169,2021-10-13 04:11:13,7440.0,2000.0,525600.0
170,2021-10-13 04:11:13,7440.0,400.0,523600.0
171,2021-10-13 04:06:51,7440.0,3800.0,523200.0
172,2021-10-13 04:06:51,7430.0,1200.0,519400.0
173,2021-10-13 04:06:30,7430.0,100.0,518200.0
174,2021-10-13 04:06:26,7430.0,100.0,518100.0
175,2021-10-13 04:06:24,7430.0,600.0,518000.0
176,2021-10-13 04:04:48,7440.0,100.0,517400.0
177,2021-10-13 04:03:49,7400.0,1800.0,517300.0
178,2021-10-13 04:03:49,7400.0,6700.0,515500.0
179,2021-10-13 04:03:49,7400.0,300.0,508800.0
180,2021-10-13 04:03:49,7400.0,300.0,508500.0
181,2021-10-13 04:03:49,7410.0,2600.0,508200.0
182,2021-10-13 04:03:49,7410.0,900.0,505600.0
183,2021-10-13 04:03:49,7410.0,300.0,504700.0
184,2021-10-13 04:03:49,7410.0,8700.0,504400.0
185,2021-10-13 04:03:49,7420.0,3300.0,495700.0
186,2021-10-13 04:03:49,7430.0,1400.0,492400.0
187,2021-10-13 04:03:22,7440.0,5000.0,491000.0
188,2021-10-13 04:02:26,7430.0,100.0,486000.0
189,2021-10-13 04:02:05,7440.0,700.0,485900.0
190,2021-10-13 04:02:05,7440.0,1000.0,485200.0
191,2021-10-13 04:02:05,7440.0,1000.0,484200.0
192,2021-10-13 04:02:05,7440.0,100.0,483200.0
193,2021-10-13 04:02:05,7440.0,100.0,483100.0
194,2021-10-13 04:02:05,7440.0,700.0,483000.0
195,2021-10-13 04:02:05,7430.0,3000.0,482300.0
196,2021-10-13 04:02:05,7430.0,3000.0,479300.0
197,2021-10-13 04:02:05,7430.0,400.0,476300.0
198,2021-10-13 04:01:27,7420.0,1700.0,475900.0
199,2021-10-13 04:01:27,7420.0,3300.0,474200.0
200,2021-10-13 04:00:50,7420.0,100.0,470900.0
201,2021-10-13 03:59:17,7420.0,5000.0,470800.0
202,2021-10-13 03:59:16,7430.0,300.0,465800.0
203,2021-10-13 03:59:08,7430.0,500.0,465500.0
204,2021-10-13 03:58:59,7430.0,200.0,465000.0
205,2021-10-13 03:58:42,7430.0,100.0,464800.0
206,2021-10-13 03:57:51,7430.0,100.0,464700.0
207,2021-10-13 03:57:28,7430.0,100.0,464600.0
208,2021-10-13 03:56:44,7420.0,1000.0,464500.0
209,2021-10-13 03:56:19,7420.0,600.0,463500.0
210,2021-10-13 03:55:49,7420.0,400.0,462900.0
211,2021-10-13 03:55:31,7420.0,500.0,462500.0
212,2021-10-13 03:55:18,7420.0,100.0,462000.0
213,2021-10-13 03:55:18,7420.0,3000.0,461900.0
214,2021-10-13 03:55:18,7420.0,1900.0,458900.0
215,2021-10-13 03:55:10,7420.0,100.0,457000.0
216,2021-10-13 03:54:53,7420.0,100.0,456900.0
217,2021-10-13 03:53:56,7420.0,300.0,456800.0
218,2021-10-13 03:53:17,7420.0,2000.0,456500.0
219,2021-10-13 03:53:14,7420.0,4000.0,454500.0
220,2021-10-13 03:53:02,7420.0,100.0,450500.0
221,2021-10-13 03:52:59,7420.0,400.0,450400.0
222,2021-10-13 03:52:36,7440.0,100.0,450000.0
223,2021-10-13 03:52:02,7440.0,5200.0,449900.0
224,2021-10-13 03:52:02,7440.0,800.0,444700.0
225,2021-10-13 03:52:01,7420.0,300.0,443900.0
226,2021-10-13 03:51:12,7440.0,700.0,443600.0
227,2021-10-13 03:50:56,7440.0,200.0,442900.0
228,2021-10-13 03:50:24,7440.0,100.0,442700.0
229,2021-10-13 03:49:32,7450.0,7600.0,442600.0
230,2021-10-13 03:49:32,7450.0,100.0,435000.0
231,2021-10-13 03:49:32,7450.0,1000.0,434900.0
232,2021-10-13 03:49:32,7450.0,100.0,433900.0
233,2021-10-13 03:49:32,7440.0,100.0,433800.0
234,2021-10-13 03:49:32,7440.0,1100.0,433700.0
235,2021-10-13 03:49:17,7440.0,1000.0,432600.0
236,2021-10-13 03:49:17,7440.0,2900.0,431600.0
237,2021-10-13 03:47:31,7440.0,900.0,428700.0
238,2021-10-13 03:47:28,7440.0,100.0,427800.0
239,2021-10-13 03:47:26,7440.0,2000.0,427700.0
240,2021-10-13 03:47:23,7440.0,100.0,425700.0
241,2021-10-13 03:47:19,7440.0,900.0,425600.0
242,2021-10-13 03:46:59,7440.0,100.0,424700.0
243,2021-10-13 03:46:46,7440.0,1000.0,424600.0
244,2021-10-13 03:46:46,7430.0,1000.0,423600.0
245,2021-10-13 03:46:46,7430.0,2000.0,422600.0
246,2021-10-13 03:46:11,7420.0,500.0,420600.0
247,2021-10-13 03:45:40,7420.0,200.0,420100.0
248,2021-10-13 03:45:34,7420.0,100.0,419900.0
249,2021-10-13 03:45:23,7420.0,3000.0,419800.0
250,2021-10-13 03:45:23,7420.0,300.0,416800.0
251,2021-10-13 03:45:23,7420.0,600.0,416500.0
252,2021-10-13 03:45:09,7420.0,200.0,415900.0
253,2021-10-13 03:44:18,7420.0,5500.0,415700.0
254,2021-10-13 03:43:47,7420.0,1000.0,410200.0
255,2021-10-13 03:43:30,7420.0,1000.0,409200.0
256,2021-10-13 03:43:01,7420.0,1400.0,408200.0
257,2021-10-13 03:42:59,7420.0,100.0,406800.0
258,2021-10-13 03:42:45,7420.0,200.0,406700.0
259,2021-10-13 03:41:09,7430.0,1000.0,406500.0
260,2021-10-13 03:41:09,7430.0,1000.0,405500.0
261,2021-10-13 03:41:09,7430.0,1000.0,404500.0
262,2021-10-13 03:41:09,7430.0,1200.0,403500.0
263,2021-10-13 03:41:09,7430.0,1700.0,402300.0
264,2021-10-13 03:40:27,7430.0,100.0,400600.0
265,2021-10-13 03:40:27,7430.0,600.0,400500.0
266,2021-10-13 03:39:28,7430.0,100.0,399900.0
267,2021-10-13 03:37:11,7450.0,300.0,399800.0
268,2021-10-13 03:36:24,7450.0,1200.0,399500.0
269,2021-10-13 03:36:24,7450.0,1000.0,398300.0
270,2021-10-13 03:36:24,7450.0,500.0,397300.0
271,2021-10-13 03:36:24,7450.0,500.0,396800.0
272,2021-10-13 03:36:24,7450.0,800.0,396300.0
273,2021-10-13 03:35:58,7430.0,2800.0,395500.0
274,2021-10-13 03:35:58,7430.0,1800.0,392700.0
275,2021-10-13 03:35:49,7430.0,100.0,390900.0
276,2021-10-13 03:33:30,7430.0,100.0,390800.0
277,2021-10-13 03:33:21,7450.0,200.0,390700.0
278,2021-10-13 03:33:04,7430.0,200.0,390500.0
279,2021-10-13 03:33:04,7430.0,200.0,390300.0
280,2021-10-13 03:32:19,7430.0,100.0,390100.0
281,2021-10-13 03:32:13,7450.0,100.0,390000.0
282,2021-10-13 03:32:13,7440.0,100.0,389900.0
283,2021-10-13 03:31:08,7430.0,3600.0,389800.0
284,2021-10-13 03:30:51,7430.0,6000.0,386200.0
285,2021-10-13 03:30:26,7430.0,300.0,380200.0
286,2021-10-13 03:30:26,7430.0,100.0,379900.0
287,2021-10-13 03:30:09,7450.0,1000.0,379800.0
288,2021-10-13 03:29:49,7440.0,1000.0,378800.0
289,2021-10-13 03:29:23,7440.0,1000.0,377800.0
290,2021-10-13 03:28:17,7430.0,2000.0,376800.0
291,2021-10-13 03:28:17,7430.0,400.0,374800.0
292,2021-10-13 03:28:02,7420.0,1000.0,374400.0
293,2021-10-13 03:27:51,7420.0,1500.0,373400.0
294,2021-10-13 03:27:30,7420.0,500.0,371900.0
295,2021-10-13 03:27:30,7420.0,500.0,371400.0
296,2021-10-13 03:27:11,7430.0,100.0,370900.0
297,2021-10-13 03:26:29,7430.0,500.0,370800.0
298,2021-10-13 03:25:53,7430.0,500.0,370300.0
299,2021-10-13 03:25:42,7420.0,1000.0,369800.0
300,2021-10-13 03:25:35,7420.0,500.0,368800.0
301,2021-10-13 03:25:30,7420.0,100.0,368300.0
302,2021-10-13 03:24:36,7420.0,200.0,368200.0
303,2021-10-13 03:24:36,7450.0,3800.0,368000.0
304,2021-10-13 03:24:33,7450.0,100.0,364200.0
305,2021-10-13 03:24:33,7450.0,100.0,364100.0
306,2021-10-13 03:24:33,7450.0,1000.0,364000.0
307,2021-10-13 03:24:15,7450.0,3000.0,363000.0
308,2021-10-13 03:24:15,7450.0,500.0,360000.0
309,2021-10-13 03:24:15,7450.0,500.0,359500.0
310,2021-10-13 03:22:43,7500.0,100.0,359000.0
311,2021-10-13 03:22:34,7500.0,3300.0,358900.0
312,2021-10-13 03:22:32,7500.0,100.0,355600.0
313,2021-10-13 03:22:31,7500.0,100.0,355500.0
314,2021-10-13 03:22:27,7500.0,200.0,355400.0
315,2021-10-13 03:22:14,7500.0,1300.0,355200.0
316,2021-10-13 03:22:14,7500.0,1100.0,353900.0
317,2021-10-13 03:22:03,7500.0,100.0,352800.0
318,2021-10-13 03:22:02,7500.0,500.0,352700.0
319,2021-10-13 03:21:38,7500.0,100.0,352200.0
320,2021-10-13 03:21:38,7500.0,300.0,352100.0
321,2021-10-13 03:21:38,7500.0,600.0,351800.0
322,2021-10-13 03:21:34,7420.0,700.0,351200.0
323,2021-10-13 03:21:34,7450.0,300.0,350500.0
324,2021-10-13 03:21:32,7500.0,100.0,350200.0
325,2021-10-13 03:21:28,7500.0,800.0,350100.0
326,2021-10-13 03:21:27,7500.0,1200.0,349300.0
327,2021-10-13 03:21:27,7500.0,2000.0,348100.0
328,2021-10-13 03:21:27,7500.0,5000.0,346100.0
329,2021-10-13 03:21:27,7500.0,900.0,341100.0
330,2021-10-13 03:21:27,7490.0,100.0,340200.0
331,2021-10-13 03:21:18,7500.0,4100.0,340100.0
332,2021-10-13 03:21:18,7500.0,900.0,336000.0
333,2021-10-13 03:21:15,7500.0,3400.0,335100.0
334,2021-10-13 03:21:15,7500.0,2600.0,331700.0
335,2021-10-13 03:21:05,7500.0,2400.0,329100.0
336,2021-10-13 03:21:05,7500.0,500.0,326700.0
337,2021-10-13 03:21:05,7500.0,2000.0,326200.0
338,2021-10-13 03:21:05,7490.0,5100.0,324200.0
339,2021-10-13 03:20:54,7410.0,100.0,319100.0
340,2021-10-13 03:20:53,7490.0,4900.0,319000.0
341,2021-10-13 03:20:53,7460.0,1000.0,314100.0
342,2021-10-13 03:20:53,7450.0,100.0,313100.0
343,2021-10-13 03:20:53,7450.0,200.0,313000.0
344,2021-10-13 03:20:53,7450.0,3800.0,312800.0
345,2021-10-13 03:20:52,7450.0,1200.0,309000.0
346,2021-10-13 03:20:28,7400.0,1000.0,307800.0
347,2021-10-13 03:20:28,7400.0,5000.0,306800.0
348,2021-10-13 03:20:28,7400.0,2800.0,301800.0
349,2021-10-13 03:20:17,7400.0,3200.0,299000.0
350,2021-10-13 03:20:17,7400.0,300.0,295800.0
351,2021-10-13 03:20:17,7400.0,2500.0,295500.0
352,2021-10-13 03:20:17,7400.0,5000.0,293000.0
353,2021-10-13 03:20:17,7400.0,2000.0,288000.0
354,2021-10-13 03:20:17,7400.0,1000.0,286000.0
355,2021-10-13 03:20:11,7380.0,100.0,285000.0
356,2021-10-13 03:20:06,7380.0,100.0,284900.0
357,2021-10-13 03:19:57,7350.0,200.0,284800.0
358,2021-10-13 03:19:52,7350.0,1000.0,284600.0
359,2021-10-13 03:19:51,7350.0,100.0,283600.0
360,2021-10-13 03:19:48,7350.0,100.0,283500.0
361,2021-10-13 03:19:44,7350.0,100.0,283400.0
362,2021-10-13 03:19:38,7350.0,3500.0,283300.0
363,2021-10-13 03:19:23,7320.0,500.0,279800.0
364,2021-10-13 03:19:11,7300.0,100.0,279300.0
365,2021-10-13 03:18:42,7310.0,100.0,279200.0
366,2021-10-13 03:18:35,7320.0,500.0,279100.0
367,2021-10-13 03:17:31,7300.0,100.0,278600.0
368,2021-10-13 03:17:18,7300.0,100.0,278500.0
369,2021-10-13 03:16:57,7300.0,2800.0,278400.0
370,2021-10-13 03:16:05,7300.0,200.0,275600.0
371,2021-10-13 03:15:47,7300.0,300.0,275400.0
372,2021-10-13 03:15:47,7300.0,5000.0,275100.0
373,2021-10-13 03:15:47,7300.0,2300.0,270100.0
374,2021-10-13 03:15:47,7300.0,3000.0,267800.0
375,2021-10-13 03:15:47,7300.0,5100.0,264800.0
376,2021-10-13 03:15:47,7300.0,1300.0,259700.0
377,2021-10-13 03:14:48,7300.0,3700.0,258400.0
378,2021-10-13 03:14:48,7270.0,1000.0,254700.0
379,2021-10-13 03:14:48,7270.0,1300.0,253700.0
380,2021-10-13 03:14:48,7270.0,600.0,252400.0
381,2021-10-13 03:14:48,7270.0,1000.0,251800.0
382,2021-10-13 03:14:48,7260.0,2000.0,250800.0
383,2021-10-13 03:14:48,7260.0,100.0,248800.0
384,2021-10-13 03:14:48,7250.0,300.0,248700.0
385,2021-10-13 03:14:22,7250.0,300.0,248400.0
386,2021-10-13 03:13:11,7250.0,200.0,248100.0
387,2021-10-13 03:12:51,7250.0,200.0,247900.0
388,2021-10-13 03:12:51,7250.0,1000.0,247700.0
389,2021-10-13 03:12:51,7250.0,300.0,246700.0
390,2021-10-13 03:12:38,7210.0,500.0,246400.0
391,2021-10-13 03:12:38,7210.0,200.0,245900.0
392,2021-10-13 03:12:38,7210.0,1000.0,245700.0
393,2021-10-13 03:12:38,7210.0,200.0,244700.0
394,2021-10-13 03:12:38,7210.0,200.0,244500.0
395,2021-10-13 03:07:24,7250.0,1700.0,244300.0
396,2021-10-13 03:07:24,7250.0,1500.0,242600.0
397,2021-10-13 03:07:24,7250.0,2500.0,241100.0
398,2021-10-13 03:07:24,7250.0,300.0,238600.0
399,2021-10-13 03:07:24,7250.0,100.0,238300.0
400,2021-10-13 03:07:24,7250.0,100.0,238200.0
401,2021-10-13 03:07:24,7240.0,300.0,238100.0
402,2021-10-13 03:02:23,7250.0,2900.0,237800.0
403,2021-10-13 03:02:23,7230.0,100.0,234900.0
404,2021-10-13 03:02:23,7230.0,10000.0,234800.0
405,2021-10-13 03:02:16,7220.0,2000.0,224800.0
406,2021-10-13 03:00:12,7180.0,1600.0,222800.0
407,2021-10-13 03:00:12,7180.0,2000.0,221200.0
408,2021-10-13 03:00:12,7190.0,1000.0,219200.0
409,2021-10-13 03:00:12,7190.0,3000.0,218200.0
410,2021-10-13 03:00:12,7210.0,100.0,215200.0
411,2021-10-13 03:00:12,7220.0,300.0,215100.0
412,2021-10-13 02:59:48,7220.0,200.0,214800.0
413,2021-10-13 02:59:14,7220.0,100.0,214600.0
414,2021-10-13 02:59:04,7210.0,5600.0,214500.0
415,2021-10-13 02:59:00,7220.0,500.0,208900.0
416,2021-10-13 02:58:05,7220.0,10000.0,208400.0
417,2021-10-13 02:57:51,7210.0,200.0,198400.0
418,2021-10-13 02:57:51,7210.0,3800.0,198200.0
419,2021-10-13 02:57:51,7200.0,300.0,194400.0
420,2021-10-13 02:57:10,7190.0,1000.0,194100.0
421,2021-10-13 02:57:10,7200.0,400.0,193100.0
422,2021-10-13 02:57:10,7200.0,100.0,192700.0
423,2021-10-13 02:57:10,7200.0,900.0,192600.0
424,2021-10-13 02:57:10,7200.0,100.0,191700.0
425,2021-10-13 02:57:10,7200.0,2000.0,191600.0
426,2021-10-13 02:57:10,7200.0,500.0,189600.0
427,2021-10-13 02:54:57,7190.0,900.0,189100.0
428,2021-10-13 02:53:29,7190.0,1000.0,188200.0
429,2021-10-13 02:50:45,7150.0,3100.0,187200.0
430,2021-10-13 02:50:45,7160.0,3400.0,184100.0
431,2021-10-13 02:50:45,7160.0,3000.0,180700.0
432,2021-10-13 02:50:45,7180.0,500.0,177700.0
433,2021-10-13 02:50:34,7190.0,100.0,177200.0
434,2021-10-13 02:50:23,7200.0,1000.0,177100.0
435,2021-10-13 02:50:21,7200.0,22000.0,176100.0
436,2021-10-13 02:47:10,7200.0,500.0,154100.0
437,2021-10-13 02:46:39,7200.0,1000.0,153600.0
438,2021-10-13 02:42:11,7210.0,1200.0,152600.0
439,2021-10-13 02:42:11,7210.0,8500.0,151400.0
440,2021-10-13 02:42:11,7200.0,5000.0,142900.0
441,2021-10-13 02:42:11,7200.0,200.0,137900.0
442,2021-10-13 02:42:11,7200.0,100.0,137700.0
443,2021-10-13 02:39:33,7190.0,5000.0,137600.0
444,2021-10-13 02:39:33,7190.0,500.0,132600.0
445,2021-10-13 02:37:16,7200.0,5000.0,132100.0
446,2021-10-13 02:36:40,7200.0,1000.0,127100.0
447,2021-10-13 02:36:40,7200.0,3700.0,126100.0
448,2021-10-13 02:36:40,7200.0,200.0,122400.0
449,2021-10-13 02:35:13,7200.0,800.0,122200.0
450,2021-10-13 02:35:13,7200.0,100.0,121400.0
451,2021-10-13 02:35:13,7200.0,100.0,121300.0
452,2021-10-13 02:34:10,7210.0,1500.0,121200.0
453,2021-10-13 02:34:03,7220.0,500.0,119700.0
454,2021-10-13 02:33:51,7220.0,1000.0,119200.0
455,2021-10-13 02:33:34,7220.0,1500.0,118200.0
456,2021-10-13 02:33:23,7220.0,500.0,116700.0
457,2021-10-13 02:32:57,7220.0,200.0,116200.0
458,2021-10-13 02:32:31,7220.0,1500.0,116000.0
459,2021-10-13 02:31:47,7220.0,4000.0,114500.0
460,2021-10-13 02:31:47,7220.0,1000.0,110500.0
461,2021-10-13 02:31:01,7200.0,200.0,109500.0
462,2021-10-13 02:30:34,7200.0,500.0,109300.0
463,2021-10-13 02:30:34,7200.0,200.0,108800.0
464,2021-10-13 02:30:01,7200.0,2800.0,108600.0
465,2021-10-13 02:30:01,7200.0,25000.0,105800.0
466,2021-10-13 02:30:01,7200.0,2800.0,80800.0
467,2021-10-13 02:30:01,7200.0,300.0,78000.0
468,2021-10-13 02:30:01,7200.0,10000.0,77700.0
469,2021-10-13 02:30:01,7190.0,4100.0,67700.0
470,2021-10-13 02:30:01,7190.0,1000.0,63600.0
471,2021-10-13 02:30:01,7180.0,1000.0,62600.0
472,2021-10-13 02:30:01,7180.0,3000.0,61600.0
473,2021-10-13 02:27:48,7160.0,1000.0,58600.0
474,2021-10-13 02:27:48,7160.0,5000.0,57600.0
475,2021-10-13 02:26:39,7170.0,900.0,52600.0
476,2021-10-13 02:26:18,7160.0,5000.0,51700.0
477,2021-10-13 02:24:54,7150.0,100.0,46700.0
478,2021-10-13 02:24:54,7150.0,500.0,46600.0
479,2021-10-13 02:24:54,7150.0,2800.0,46100.0
480,2021-10-13 02:24:54,7140.0,3500.0,43300.0
481,2021-10-13 02:23:33,7120.0,1500.0,39800.0
482,2021-10-13 02:23:33,7120.0,1000.0,38300.0
483,2021-10-13 02:22:52,7150.0,300.0,37300.0
484,2021-10-13 02:20:35,7150.0,6900.0,37000.0
485,2021-10-13 02:20:35,7130.0,1100.0,30100.0
486,2021-10-13 02:20:31,7130.0,200.0,29000.0
487,2021-10-13 02:20:31,7130.0,300.0,28800.0
488,2021-10-13 02:20:06,7100.0,200.0,28500.0
489,2021-10-13 02:20:06,7100.0,2000.0,28300.0
490,2021-10-13 02:20:06,7110.0,1000.0,26300.0
491,2021-10-13 02:19:15,7130.0,100.0,25300.0
492,2021-10-13 02:15:01,7110.0,100.0,25200.0
493,2021-10-13 02:15:01,7110.0,2000.0,25100.0
494,2021-10-13 02:15:01,7110.0,200.0,23100.0
495,2021-10-13 02:15:01,7110.0,100.0,22900.0
496,2021-10-13 02:15:01,7110.0,500.0,22800.0
497,2021-10-13 02:15:01,7110.0,2500.0,22300.0
498,2021-10-13 02:15:01,7110.0,2000.0,19800.0
499,2021-10-13 02:15:01,7110.0,2600.0,17800.0
500,2021-10-13 02:15:01,7110.0,100.0,15200.0
501,2021-10-13 02:15:01,7110.0,100.0,15100.0
502,2021-10-13 02:15:01,7110.0,14800.0,15000.0
503,2021-10-13 02:15:01,7110.0,200.0,200.0
