,Time,Price,Volume_per_trade,Volume
0,2021-10-06 14:45:03,35300.0,37000.0,1079210.0
1,2021-10-06 14:29:45,35400.0,100.0,1042210.0
2,2021-10-06 14:29:34,35400.0,100.0,1042110.0
3,2021-10-06 14:29:16,35300.0,5000.0,1042010.0
4,2021-10-06 14:28:48,35300.0,500.0,1037010.0
5,2021-10-06 14:28:38,35400.0,100.0,1036510.0
6,2021-10-06 14:28:25,35400.0,400.0,1036410.0
7,2021-10-06 14:28:23,35400.0,500.0,1036010.0
8,2021-10-06 14:28:00,35300.0,1000.0,1035510.0
9,2021-10-06 14:27:52,35400.0,1000.0,1034510.0
10,2021-10-06 14:27:28,35300.0,300.0,1033510.0
11,2021-10-06 14:26:40,35300.0,2000.0,1033210.0
12,2021-10-06 14:26:36,35400.0,1000.0,1031210.0
13,2021-10-06 14:26:20,35400.0,1000.0,1030210.0
14,2021-10-06 14:26:13,35400.0,600.0,1029210.0
15,2021-10-06 14:25:45,35400.0,5000.0,1028610.0
16,2021-10-06 14:23:37,35300.0,1200.0,1023610.0
17,2021-10-06 14:23:07,35300.0,200.0,1022410.0
18,2021-10-06 14:22:45,35300.0,200.0,1022210.0
19,2021-10-06 14:22:29,35300.0,2100.0,1022010.0
20,2021-10-06 14:21:46,35300.0,500.0,1019910.0
21,2021-10-06 14:21:26,35300.0,1000.0,1019410.0
22,2021-10-06 14:20:35,35300.0,3000.0,1018410.0
23,2021-10-06 14:20:29,35300.0,1000.0,1015410.0
24,2021-10-06 14:20:25,35300.0,55.0,1014410.0
25,2021-10-06 14:20:12,35300.0,5000.0,1014355.0
26,2021-10-06 14:20:11,35300.0,1000.0,1009355.0
27,2021-10-06 14:20:05,35300.0,2000.0,1008355.0
28,2021-10-06 14:19:50,35300.0,2500.0,1006355.0
29,2021-10-06 14:19:29,35300.0,1000.0,1003855.0
30,2021-10-06 14:17:35,35300.0,400.0,1002855.0
31,2021-10-06 14:16:55,35300.0,71.0,1002455.0
32,2021-10-06 14:16:48,35300.0,400.0,1002384.0
33,2021-10-06 14:16:26,35200.0,200.0,1001984.0
34,2021-10-06 14:15:54,35200.0,200.0,1001784.0
35,2021-10-06 14:14:37,35200.0,500.0,1001584.0
36,2021-10-06 14:13:41,35300.0,10.0,1001084.0
37,2021-10-06 14:12:24,35300.0,1000.0,1001074.0
38,2021-10-06 14:11:33,35300.0,1000.0,1000074.0
39,2021-10-06 14:11:07,35200.0,300.0,999074.0
40,2021-10-06 14:10:49,35300.0,100.0,998774.0
41,2021-10-06 14:10:47,35200.0,200.0,998674.0
42,2021-10-06 14:09:04,35300.0,300.0,998474.0
43,2021-10-06 14:08:31,35200.0,20000.0,998174.0
44,2021-10-06 14:08:20,35200.0,100.0,978174.0
45,2021-10-06 14:07:34,35300.0,200.0,978074.0
46,2021-10-06 14:07:24,35300.0,300.0,977874.0
47,2021-10-06 14:07:18,35300.0,10600.0,977574.0
48,2021-10-06 14:07:06,35300.0,200.0,966974.0
49,2021-10-06 14:06:57,35300.0,4600.0,966774.0
50,2021-10-06 14:06:50,35300.0,500.0,962174.0
51,2021-10-06 14:04:19,35300.0,100.0,961674.0
52,2021-10-06 14:04:09,35300.0,100.0,961574.0
53,2021-10-06 14:04:00,35300.0,20000.0,961474.0
54,2021-10-06 14:03:56,35300.0,2000.0,941474.0
55,2021-10-06 14:03:40,35300.0,2300.0,939474.0
56,2021-10-06 14:02:13,35300.0,30.0,937174.0
57,2021-10-06 14:02:11,35300.0,300.0,937144.0
58,2021-10-06 14:02:01,35300.0,100.0,936844.0
59,2021-10-06 14:01:30,35300.0,100.0,936744.0
60,2021-10-06 14:01:05,35400.0,100.0,936644.0
61,2021-10-06 14:00:48,35400.0,500.0,936544.0
62,2021-10-06 14:00:36,35400.0,7200.0,936044.0
63,2021-10-06 14:00:32,35500.0,10000.0,928844.0
64,2021-10-06 14:00:26,35500.0,200.0,918844.0
65,2021-10-06 13:59:59,35500.0,100.0,918644.0
66,2021-10-06 13:59:32,35400.0,900.0,918544.0
67,2021-10-06 13:59:28,35400.0,3200.0,917644.0
68,2021-10-06 13:59:20,35400.0,5000.0,914444.0
69,2021-10-06 13:59:16,35400.0,2100.0,909444.0
70,2021-10-06 13:59:07,35400.0,5000.0,907344.0
71,2021-10-06 13:59:05,35400.0,100.0,902344.0
72,2021-10-06 13:58:49,35400.0,10000.0,902244.0
73,2021-10-06 13:58:31,35400.0,300.0,892244.0
74,2021-10-06 13:58:14,35300.0,7600.0,891944.0
75,2021-10-06 13:57:56,35300.0,1000.0,884344.0
76,2021-10-06 13:57:53,35300.0,2000.0,883344.0
77,2021-10-06 13:57:52,35300.0,1900.0,881344.0
78,2021-10-06 13:57:39,35300.0,600.0,879444.0
79,2021-10-06 13:57:37,35300.0,100.0,878844.0
80,2021-10-06 13:57:36,35300.0,200.0,878744.0
81,2021-10-06 13:57:31,35300.0,200.0,878544.0
82,2021-10-06 13:57:28,35300.0,800.0,878344.0
83,2021-10-06 13:56:55,35300.0,3000.0,877544.0
84,2021-10-06 13:56:49,35300.0,2000.0,874544.0
85,2021-10-06 13:56:16,35200.0,100.0,872544.0
86,2021-10-06 13:55:16,35200.0,200.0,872444.0
87,2021-10-06 13:54:44,35200.0,1800.0,872244.0
88,2021-10-06 13:54:35,35200.0,1800.0,870444.0
89,2021-10-06 13:54:33,35100.0,500.0,868644.0
90,2021-10-06 13:54:22,35200.0,100.0,868144.0
91,2021-10-06 13:54:12,35200.0,500.0,868044.0
92,2021-10-06 13:54:10,35200.0,500.0,867544.0
93,2021-10-06 13:54:05,35200.0,2000.0,867044.0
94,2021-10-06 13:53:56,35200.0,300.0,865044.0
95,2021-10-06 13:53:20,35100.0,100.0,864744.0
96,2021-10-06 13:53:12,35100.0,100.0,864644.0
97,2021-10-06 13:53:11,35100.0,8000.0,864544.0
98,2021-10-06 13:53:05,35100.0,5100.0,856544.0
99,2021-10-06 13:52:50,35100.0,400.0,851444.0
100,2021-10-06 13:52:40,35100.0,8700.0,851044.0
101,2021-10-06 13:52:31,35100.0,300.0,842344.0
102,2021-10-06 13:52:05,35100.0,1000.0,842044.0
103,2021-10-06 13:51:46,35200.0,25000.0,841044.0
104,2021-10-06 13:51:44,35100.0,100.0,816044.0
105,2021-10-06 13:51:39,35100.0,6200.0,815944.0
106,2021-10-06 13:50:12,35000.0,2000.0,809744.0
107,2021-10-06 13:50:10,35100.0,1100.0,807744.0
108,2021-10-06 13:50:03,35100.0,3000.0,806644.0
109,2021-10-06 13:50:00,35100.0,21400.0,803644.0
110,2021-10-06 13:49:13,35000.0,10000.0,782244.0
111,2021-10-06 13:49:12,35000.0,3000.0,772244.0
112,2021-10-06 13:49:08,35000.0,5000.0,769244.0
113,2021-10-06 13:49:04,35000.0,8300.0,764244.0
114,2021-10-06 13:48:51,35000.0,1000.0,755944.0
115,2021-10-06 13:48:32,35000.0,3000.0,754944.0
116,2021-10-06 13:48:26,35000.0,3000.0,751944.0
117,2021-10-06 13:48:22,35000.0,500.0,748944.0
118,2021-10-06 13:47:56,35000.0,10000.0,748444.0
119,2021-10-06 13:47:42,35000.0,300.0,738444.0
120,2021-10-06 13:47:26,35000.0,2400.0,738144.0
121,2021-10-06 13:47:04,34900.0,100.0,735744.0
122,2021-10-06 13:46:43,34900.0,100.0,735644.0
123,2021-10-06 13:46:19,34900.0,1000.0,735544.0
124,2021-10-06 13:46:13,34900.0,500.0,734544.0
125,2021-10-06 13:46:08,34900.0,500.0,734044.0
126,2021-10-06 13:45:52,34900.0,15000.0,733544.0
127,2021-10-06 13:45:47,34900.0,10000.0,718544.0
128,2021-10-06 13:45:37,34900.0,5000.0,708544.0
129,2021-10-06 13:45:31,34900.0,3000.0,703544.0
130,2021-10-06 13:45:14,34800.0,1000.0,700544.0
131,2021-10-06 13:45:10,34900.0,1000.0,699544.0
132,2021-10-06 13:44:37,34800.0,1500.0,698544.0
133,2021-10-06 13:43:57,34800.0,2000.0,697044.0
134,2021-10-06 13:43:27,34800.0,200.0,695044.0
135,2021-10-06 13:42:18,34800.0,100.0,694844.0
136,2021-10-06 13:42:10,34800.0,2000.0,694744.0
137,2021-10-06 13:42:03,34800.0,800.0,692744.0
138,2021-10-06 13:41:19,34800.0,200.0,691944.0
139,2021-10-06 13:41:09,34800.0,600.0,691744.0
140,2021-10-06 13:40:37,34800.0,800.0,691144.0
141,2021-10-06 13:39:51,34700.0,200.0,690344.0
142,2021-10-06 13:39:21,34700.0,200.0,690144.0
143,2021-10-06 13:38:44,34700.0,300.0,689944.0
144,2021-10-06 13:38:42,34700.0,100.0,689644.0
145,2021-10-06 13:38:26,34700.0,100.0,689544.0
146,2021-10-06 13:38:05,34600.0,1000.0,689444.0
147,2021-10-06 13:38:03,34700.0,200.0,688444.0
148,2021-10-06 13:37:49,34600.0,3600.0,688244.0
149,2021-10-06 13:37:33,34700.0,200.0,684644.0
150,2021-10-06 13:37:14,34700.0,100.0,684444.0
151,2021-10-06 13:36:50,34700.0,100.0,684344.0
152,2021-10-06 13:36:26,34700.0,2400.0,684244.0
153,2021-10-06 13:35:50,34700.0,600.0,681844.0
154,2021-10-06 13:35:36,34800.0,300.0,681244.0
155,2021-10-06 13:35:29,34800.0,300.0,680944.0
156,2021-10-06 13:35:25,34600.0,400.0,680644.0
157,2021-10-06 13:35:21,34800.0,500.0,680244.0
158,2021-10-06 13:34:12,34800.0,2400.0,679744.0
159,2021-10-06 13:33:53,34800.0,300.0,677344.0
160,2021-10-06 13:32:12,34800.0,500.0,677044.0
161,2021-10-06 13:32:09,34600.0,20000.0,676544.0
162,2021-10-06 13:32:07,34600.0,500.0,656544.0
163,2021-10-06 13:31:50,34600.0,3700.0,656044.0
164,2021-10-06 13:31:06,34600.0,600.0,652344.0
165,2021-10-06 13:29:40,34600.0,30000.0,651744.0
166,2021-10-06 13:28:46,34800.0,500.0,621744.0
167,2021-10-06 13:28:31,34800.0,1000.0,621244.0
168,2021-10-06 13:28:20,34700.0,13000.0,620244.0
169,2021-10-06 13:27:56,34800.0,1000.0,607244.0
170,2021-10-06 13:27:41,34800.0,200.0,606244.0
171,2021-10-06 13:27:13,34800.0,500.0,606044.0
172,2021-10-06 13:26:30,34800.0,4100.0,605544.0
173,2021-10-06 13:26:07,34800.0,10.0,601444.0
174,2021-10-06 13:25:48,34800.0,100.0,601434.0
175,2021-10-06 13:25:41,34800.0,100.0,601334.0
176,2021-10-06 13:25:06,34800.0,5800.0,601234.0
177,2021-10-06 13:24:03,34800.0,100.0,595434.0
178,2021-10-06 13:22:40,34800.0,1500.0,595334.0
179,2021-10-06 13:21:26,34800.0,100.0,593834.0
180,2021-10-06 13:21:15,34800.0,100.0,593734.0
181,2021-10-06 13:21:12,34800.0,500.0,593634.0
182,2021-10-06 13:21:04,34800.0,100.0,593134.0
183,2021-10-06 13:20:34,34700.0,500.0,593034.0
184,2021-10-06 13:20:15,34700.0,900.0,592534.0
185,2021-10-06 13:20:12,34700.0,5000.0,591634.0
186,2021-10-06 13:20:03,34700.0,500.0,586634.0
187,2021-10-06 13:20:00,34700.0,100.0,586134.0
188,2021-10-06 13:19:47,34700.0,1000.0,586034.0
189,2021-10-06 13:19:46,34700.0,1000.0,585034.0
190,2021-10-06 13:19:18,34700.0,12500.0,584034.0
191,2021-10-06 13:19:10,34800.0,400.0,571534.0
192,2021-10-06 13:19:03,34800.0,1000.0,571134.0
193,2021-10-06 13:19:00,34800.0,3000.0,570134.0
194,2021-10-06 13:18:59,34800.0,100.0,567134.0
195,2021-10-06 13:18:28,34800.0,2200.0,567034.0
196,2021-10-06 13:18:19,34800.0,100.0,564834.0
197,2021-10-06 13:17:34,34800.0,1800.0,564734.0
198,2021-10-06 13:17:27,34800.0,1400.0,562934.0
199,2021-10-06 13:16:58,34800.0,1000.0,561534.0
200,2021-10-06 13:16:28,34800.0,3900.0,560534.0
201,2021-10-06 13:14:44,34800.0,300.0,556634.0
202,2021-10-06 13:14:16,34800.0,1900.0,556334.0
203,2021-10-06 13:13:52,34700.0,700.0,554434.0
204,2021-10-06 13:13:42,34800.0,500.0,553734.0
205,2021-10-06 13:13:13,34700.0,2000.0,553234.0
206,2021-10-06 13:12:15,34700.0,1900.0,551234.0
207,2021-10-06 13:12:07,34700.0,500.0,549334.0
208,2021-10-06 13:12:01,34700.0,2000.0,548834.0
209,2021-10-06 13:11:50,34700.0,300.0,546834.0
210,2021-10-06 13:11:39,34700.0,5000.0,546534.0
211,2021-10-06 13:11:19,34800.0,100.0,541534.0
212,2021-10-06 13:11:06,34700.0,4.0,541434.0
213,2021-10-06 13:10:46,34700.0,8000.0,541430.0
214,2021-10-06 13:10:16,34800.0,200.0,533430.0
215,2021-10-06 13:10:07,34800.0,200.0,533230.0
216,2021-10-06 13:09:47,34800.0,100.0,533030.0
217,2021-10-06 13:09:45,34800.0,500.0,532930.0
218,2021-10-06 13:09:31,34800.0,500.0,532430.0
219,2021-10-06 13:09:09,34800.0,3100.0,531930.0
220,2021-10-06 13:08:55,34800.0,1700.0,528830.0
221,2021-10-06 13:08:28,34800.0,400.0,527130.0
222,2021-10-06 13:08:27,34800.0,100.0,526730.0
223,2021-10-06 13:08:22,34800.0,100.0,526630.0
224,2021-10-06 13:08:05,34700.0,1000.0,526530.0
225,2021-10-06 13:06:42,34700.0,10.0,525530.0
226,2021-10-06 13:04:43,34700.0,1000.0,525520.0
227,2021-10-06 13:03:41,34700.0,1000.0,524520.0
228,2021-10-06 13:03:40,34700.0,600.0,523520.0
229,2021-10-06 13:03:02,34700.0,4100.0,522920.0
230,2021-10-06 13:02:39,34700.0,10000.0,518820.0
231,2021-10-06 13:02:16,34700.0,100.0,508820.0
232,2021-10-06 13:02:00,34600.0,500.0,508720.0
233,2021-10-06 13:01:59,34700.0,100.0,508220.0
234,2021-10-06 13:01:57,34700.0,500.0,508120.0
235,2021-10-06 13:01:32,34700.0,100.0,507620.0
236,2021-10-06 13:00:10,34700.0,200.0,507520.0
237,2021-10-06 13:00:09,34700.0,100.0,507320.0
238,2021-10-06 13:00:08,34700.0,400.0,507220.0
239,2021-10-06 13:00:04,34700.0,500.0,506820.0
240,2021-10-06 13:00:02,34700.0,100.0,506320.0
241,2021-10-06 13:00:01,34700.0,304.0,506220.0
242,2021-10-06 11:29:31,34700.0,3000.0,505916.0
243,2021-10-06 11:29:07,34700.0,1000.0,502916.0
244,2021-10-06 11:29:04,34600.0,200.0,501916.0
245,2021-10-06 11:29:03,34700.0,1000.0,501716.0
246,2021-10-06 11:28:43,34700.0,300.0,500716.0
247,2021-10-06 11:28:11,34700.0,500.0,500416.0
248,2021-10-06 11:28:05,34700.0,100.0,499916.0
249,2021-10-06 11:27:44,34700.0,7600.0,499816.0
250,2021-10-06 11:27:37,34700.0,7800.0,492216.0
251,2021-10-06 11:27:28,34700.0,30000.0,484416.0
252,2021-10-06 11:25:38,34800.0,500.0,454416.0
253,2021-10-06 11:23:49,34800.0,1000.0,453916.0
254,2021-10-06 11:21:37,34800.0,100.0,452916.0
255,2021-10-06 11:20:44,34800.0,1800.0,452816.0
256,2021-10-06 11:20:16,34700.0,200.0,451016.0
257,2021-10-06 11:19:51,34700.0,700.0,450816.0
258,2021-10-06 11:19:47,34800.0,100.0,450116.0
259,2021-10-06 11:19:45,34800.0,100.0,450016.0
260,2021-10-06 11:19:08,34800.0,10000.0,449916.0
261,2021-10-06 11:18:57,34800.0,300.0,439916.0
262,2021-10-06 11:18:24,34700.0,300.0,439616.0
263,2021-10-06 11:17:28,34700.0,300.0,439316.0
264,2021-10-06 11:17:25,34800.0,500.0,439016.0
265,2021-10-06 11:16:08,34700.0,1000.0,438516.0
266,2021-10-06 11:15:27,34700.0,2000.0,437516.0
267,2021-10-06 11:14:54,34700.0,500.0,435516.0
268,2021-10-06 11:14:15,34700.0,500.0,435016.0
269,2021-10-06 11:13:52,34700.0,78.0,434516.0
270,2021-10-06 11:12:34,34700.0,500.0,434438.0
271,2021-10-06 11:11:49,34700.0,300.0,433938.0
272,2021-10-06 11:11:38,34800.0,1000.0,433638.0
273,2021-10-06 11:11:24,34800.0,10000.0,432638.0
274,2021-10-06 11:10:56,34800.0,500.0,422638.0
275,2021-10-06 11:08:52,34800.0,1000.0,422138.0
276,2021-10-06 11:08:23,34700.0,100.0,421138.0
277,2021-10-06 11:05:11,34700.0,2000.0,421038.0
278,2021-10-06 11:04:44,34800.0,1200.0,419038.0
279,2021-10-06 11:03:22,34800.0,200.0,417838.0
280,2021-10-06 11:02:59,34800.0,300.0,417638.0
281,2021-10-06 11:02:53,34800.0,2500.0,417338.0
282,2021-10-06 11:02:08,34700.0,100.0,414838.0
283,2021-10-06 10:57:49,34700.0,29.0,414738.0
284,2021-10-06 10:57:21,34700.0,500.0,414709.0
285,2021-10-06 10:56:15,34700.0,100.0,414209.0
286,2021-10-06 10:56:04,34700.0,75.0,414109.0
287,2021-10-06 10:54:26,34700.0,100.0,414034.0
288,2021-10-06 10:54:24,34700.0,1000.0,413934.0
289,2021-10-06 10:53:28,34800.0,1100.0,412934.0
290,2021-10-06 10:52:56,34800.0,1000.0,411834.0
291,2021-10-06 10:52:18,34800.0,1500.0,410834.0
292,2021-10-06 10:52:16,34800.0,1000.0,409334.0
293,2021-10-06 10:49:08,34800.0,1000.0,408334.0
294,2021-10-06 10:48:36,34800.0,200.0,407334.0
295,2021-10-06 10:44:36,34800.0,100.0,407134.0
296,2021-10-06 10:42:46,34800.0,5200.0,407034.0
297,2021-10-06 10:42:10,34800.0,600.0,401834.0
298,2021-10-06 10:41:37,34800.0,1000.0,401234.0
299,2021-10-06 10:40:40,34800.0,100.0,400234.0
300,2021-10-06 10:40:02,34800.0,100.0,400134.0
301,2021-10-06 10:39:32,34800.0,100.0,400034.0
302,2021-10-06 10:38:25,34800.0,1000.0,399934.0
303,2021-10-06 10:38:08,34800.0,100.0,398934.0
304,2021-10-06 10:37:51,34800.0,300.0,398834.0
305,2021-10-06 10:36:02,34800.0,100.0,398534.0
306,2021-10-06 10:35:50,34800.0,300.0,398434.0
307,2021-10-06 10:35:47,34800.0,5000.0,398134.0
308,2021-10-06 10:35:23,34800.0,500.0,393134.0
309,2021-10-06 10:35:19,34800.0,500.0,392634.0
310,2021-10-06 10:35:05,34800.0,1000.0,392134.0
311,2021-10-06 10:35:03,34800.0,100.0,391134.0
312,2021-10-06 10:34:43,34800.0,500.0,391034.0
313,2021-10-06 10:34:32,34800.0,500.0,390534.0
314,2021-10-06 10:34:29,34800.0,200.0,390034.0
315,2021-10-06 10:33:25,34800.0,1000.0,389834.0
316,2021-10-06 10:33:21,34800.0,500.0,388834.0
317,2021-10-06 10:32:41,34800.0,1000.0,388334.0
318,2021-10-06 10:32:11,34700.0,1000.0,387334.0
319,2021-10-06 10:31:46,34800.0,100.0,386334.0
320,2021-10-06 10:31:42,34700.0,300.0,386234.0
321,2021-10-06 10:31:35,34800.0,100.0,385934.0
322,2021-10-06 10:31:05,34800.0,300.0,385834.0
323,2021-10-06 10:30:52,34800.0,100.0,385534.0
324,2021-10-06 10:30:34,34800.0,1000.0,385434.0
325,2021-10-06 10:30:23,34800.0,200.0,384434.0
326,2021-10-06 10:30:00,34800.0,500.0,384234.0
327,2021-10-06 10:29:54,34700.0,1000.0,383734.0
328,2021-10-06 10:28:51,34700.0,3000.0,382734.0
329,2021-10-06 10:27:54,34700.0,2000.0,379734.0
330,2021-10-06 10:27:18,34700.0,1500.0,377734.0
331,2021-10-06 10:26:55,34800.0,600.0,376234.0
332,2021-10-06 10:26:23,34800.0,100.0,375634.0
333,2021-10-06 10:25:59,34800.0,100.0,375534.0
334,2021-10-06 10:25:47,34800.0,3300.0,375434.0
335,2021-10-06 10:24:47,34700.0,500.0,372134.0
336,2021-10-06 10:24:31,34700.0,500.0,371634.0
337,2021-10-06 10:23:35,34800.0,200.0,371134.0
338,2021-10-06 10:23:12,34800.0,300.0,370934.0
339,2021-10-06 10:23:05,34700.0,1600.0,370634.0
340,2021-10-06 10:22:43,34800.0,15200.0,369034.0
341,2021-10-06 10:22:02,34800.0,28000.0,353834.0
342,2021-10-06 10:21:30,34900.0,500.0,325834.0
343,2021-10-06 10:21:13,34900.0,100.0,325334.0
344,2021-10-06 10:21:07,34800.0,2000.0,325234.0
345,2021-10-06 10:20:34,34900.0,900.0,323234.0
346,2021-10-06 10:20:27,34800.0,6000.0,322334.0
347,2021-10-06 10:20:26,34800.0,1000.0,316334.0
348,2021-10-06 10:20:13,34900.0,1400.0,315334.0
349,2021-10-06 10:20:07,34900.0,100.0,313934.0
350,2021-10-06 10:20:06,34900.0,200.0,313834.0
351,2021-10-06 10:19:38,34900.0,1600.0,313634.0
352,2021-10-06 10:18:09,34900.0,500.0,312034.0
353,2021-10-06 10:17:50,34800.0,100.0,311534.0
354,2021-10-06 10:17:46,34800.0,400.0,311434.0
355,2021-10-06 10:16:27,34800.0,200.0,311034.0
356,2021-10-06 10:15:31,34900.0,100.0,310834.0
357,2021-10-06 10:13:35,34900.0,500.0,310734.0
358,2021-10-06 10:12:45,34800.0,3000.0,310234.0
359,2021-10-06 10:12:39,34900.0,100.0,307234.0
360,2021-10-06 10:12:28,34900.0,1000.0,307134.0
361,2021-10-06 10:11:51,34900.0,1700.0,306134.0
362,2021-10-06 10:11:49,34800.0,100.0,304434.0
363,2021-10-06 10:10:53,34800.0,2000.0,304334.0
364,2021-10-06 10:10:42,34900.0,1000.0,302334.0
365,2021-10-06 10:10:03,34900.0,600.0,301334.0
366,2021-10-06 10:09:18,34800.0,300.0,300734.0
367,2021-10-06 10:09:07,34900.0,1000.0,300434.0
368,2021-10-06 10:08:46,34800.0,200.0,299434.0
369,2021-10-06 10:08:09,34800.0,4000.0,299234.0
370,2021-10-06 10:07:05,34800.0,100.0,295234.0
371,2021-10-06 10:06:57,34900.0,100.0,295134.0
372,2021-10-06 10:06:56,34800.0,500.0,295034.0
373,2021-10-06 10:06:52,34900.0,100.0,294534.0
374,2021-10-06 10:06:24,34900.0,100.0,294434.0
375,2021-10-06 10:06:05,34900.0,1400.0,294334.0
376,2021-10-06 10:05:23,34900.0,1000.0,292934.0
377,2021-10-06 10:05:12,34900.0,5800.0,291934.0
378,2021-10-06 10:05:11,35000.0,1000.0,286134.0
379,2021-10-06 10:04:47,34900.0,1000.0,285134.0
380,2021-10-06 10:04:42,34900.0,3500.0,284134.0
381,2021-10-06 10:04:24,34900.0,500.0,280634.0
382,2021-10-06 10:04:13,34900.0,200.0,280134.0
383,2021-10-06 10:04:07,34900.0,100.0,279934.0
384,2021-10-06 10:03:49,34800.0,1000.0,279834.0
385,2021-10-06 10:03:44,34900.0,100.0,278834.0
386,2021-10-06 10:03:29,34900.0,200.0,278734.0
387,2021-10-06 10:03:21,34800.0,1500.0,278534.0
388,2021-10-06 10:03:19,34800.0,2000.0,277034.0
389,2021-10-06 10:02:51,34800.0,1000.0,275034.0
390,2021-10-06 10:02:48,34900.0,200.0,274034.0
391,2021-10-06 10:02:15,34900.0,18.0,273834.0
392,2021-10-06 10:02:04,34900.0,800.0,273816.0
393,2021-10-06 10:02:03,34900.0,100.0,273016.0
394,2021-10-06 09:59:57,34900.0,1000.0,272916.0
395,2021-10-06 09:59:49,34800.0,2000.0,271916.0
396,2021-10-06 09:59:07,34800.0,3600.0,269916.0
397,2021-10-06 09:59:02,34900.0,1000.0,266316.0
398,2021-10-06 09:58:48,34800.0,1000.0,265316.0
399,2021-10-06 09:58:45,34800.0,800.0,264316.0
400,2021-10-06 09:57:41,34800.0,300.0,263516.0
401,2021-10-06 09:57:16,34800.0,600.0,263216.0
402,2021-10-06 09:57:03,34900.0,300.0,262616.0
403,2021-10-06 09:56:49,34800.0,300.0,262316.0
404,2021-10-06 09:56:33,34800.0,300.0,262016.0
405,2021-10-06 09:56:16,34900.0,100.0,261716.0
406,2021-10-06 09:54:50,34800.0,500.0,261616.0
407,2021-10-06 09:54:46,34900.0,500.0,261116.0
408,2021-10-06 09:54:13,34800.0,600.0,260616.0
409,2021-10-06 09:53:59,34900.0,1000.0,260016.0
410,2021-10-06 09:53:57,34900.0,1000.0,259016.0
411,2021-10-06 09:53:45,34900.0,300.0,258016.0
412,2021-10-06 09:53:44,34900.0,100.0,257716.0
413,2021-10-06 09:53:27,34900.0,1000.0,257616.0
414,2021-10-06 09:53:18,34900.0,1900.0,256616.0
415,2021-10-06 09:52:41,34900.0,1300.0,254716.0
416,2021-10-06 09:52:29,34900.0,100.0,253416.0
417,2021-10-06 09:52:22,34900.0,500.0,253316.0
418,2021-10-06 09:51:09,34900.0,1600.0,252816.0
419,2021-10-06 09:50:41,34900.0,600.0,251216.0
420,2021-10-06 09:50:36,34800.0,100.0,250616.0
421,2021-10-06 09:50:27,34800.0,400.0,250516.0
422,2021-10-06 09:48:37,34900.0,500.0,250116.0
423,2021-10-06 09:48:28,34900.0,100.0,249616.0
424,2021-10-06 09:47:52,34900.0,1500.0,249516.0
425,2021-10-06 09:46:41,34900.0,200.0,248016.0
426,2021-10-06 09:46:28,34900.0,20.0,247816.0
427,2021-10-06 09:45:15,34900.0,1000.0,247796.0
428,2021-10-06 09:45:08,34800.0,100.0,246796.0
429,2021-10-06 09:44:27,34800.0,1000.0,246696.0
430,2021-10-06 09:43:47,34800.0,4600.0,245696.0
431,2021-10-06 09:43:21,34800.0,6200.0,241096.0
432,2021-10-06 09:42:35,34800.0,6000.0,234896.0
433,2021-10-06 09:42:21,34900.0,600.0,228896.0
434,2021-10-06 09:41:49,34900.0,100.0,228296.0
435,2021-10-06 09:41:31,34900.0,300.0,228196.0
436,2021-10-06 09:41:26,34900.0,10900.0,227896.0
437,2021-10-06 09:39:47,34900.0,1000.0,216996.0
438,2021-10-06 09:39:34,34900.0,100.0,215996.0
439,2021-10-06 09:39:33,35000.0,1800.0,215896.0
440,2021-10-06 09:39:07,34900.0,100.0,214096.0
441,2021-10-06 09:39:03,35000.0,100.0,213996.0
442,2021-10-06 09:38:30,35000.0,69.0,213896.0
443,2021-10-06 09:35:02,35000.0,700.0,213827.0
444,2021-10-06 09:34:50,35100.0,300.0,213127.0
445,2021-10-06 09:34:32,35000.0,400.0,212827.0
446,2021-10-06 09:33:54,35000.0,1000.0,212427.0
447,2021-10-06 09:33:11,35000.0,1400.0,211427.0
448,2021-10-06 09:32:58,35000.0,2400.0,210027.0
449,2021-10-06 09:32:47,35000.0,500.0,207627.0
450,2021-10-06 09:32:31,35000.0,2000.0,207127.0
451,2021-10-06 09:32:23,35000.0,500.0,205127.0
452,2021-10-06 09:31:12,35000.0,500.0,204627.0
453,2021-10-06 09:29:57,35000.0,300.0,204127.0
454,2021-10-06 09:29:56,35000.0,300.0,203827.0
455,2021-10-06 09:28:26,35000.0,200.0,203527.0
456,2021-10-06 09:28:19,35000.0,300.0,203327.0
457,2021-10-06 09:28:15,35000.0,500.0,203027.0
458,2021-10-06 09:27:57,35000.0,15000.0,202527.0
459,2021-10-06 09:27:03,35000.0,1900.0,187527.0
460,2021-10-06 09:26:41,35000.0,3000.0,185627.0
461,2021-10-06 09:26:11,35100.0,200.0,182627.0
462,2021-10-06 09:25:39,35100.0,800.0,182427.0
463,2021-10-06 09:25:11,35200.0,6.0,181627.0
464,2021-10-06 09:25:10,35200.0,1000.0,181621.0
465,2021-10-06 09:25:08,35200.0,50.0,180621.0
466,2021-10-06 09:24:09,35200.0,100.0,180571.0
467,2021-10-06 09:24:03,35200.0,1200.0,180471.0
468,2021-10-06 09:23:31,35200.0,200.0,179271.0
469,2021-10-06 09:23:19,35200.0,100.0,179071.0
470,2021-10-06 09:23:02,35200.0,1000.0,178971.0
471,2021-10-06 09:22:42,35200.0,300.0,177971.0
472,2021-10-06 09:22:28,35200.0,2500.0,177671.0
473,2021-10-06 09:22:23,35000.0,700.0,175171.0
474,2021-10-06 09:22:05,35200.0,100.0,174471.0
475,2021-10-06 09:21:29,35000.0,1000.0,174371.0
476,2021-10-06 09:20:53,35200.0,700.0,173371.0
477,2021-10-06 09:20:10,35200.0,500.0,172671.0
478,2021-10-06 09:19:54,35200.0,100.0,172171.0
479,2021-10-06 09:19:46,35000.0,26900.0,172071.0
480,2021-10-06 09:19:29,35100.0,900.0,145171.0
481,2021-10-06 09:19:13,35100.0,100.0,144271.0
482,2021-10-06 09:19:05,35000.0,2000.0,144171.0
483,2021-10-06 09:18:59,35100.0,1500.0,142171.0
484,2021-10-06 09:18:55,35100.0,200.0,140671.0
485,2021-10-06 09:18:52,35100.0,1300.0,140471.0
486,2021-10-06 09:18:45,35100.0,400.0,139171.0
487,2021-10-06 09:18:44,35100.0,100.0,138771.0
488,2021-10-06 09:18:32,35100.0,5000.0,138671.0
489,2021-10-06 09:18:21,35200.0,5800.0,133671.0
490,2021-10-06 09:18:18,35200.0,1000.0,127871.0
491,2021-10-06 09:17:52,35300.0,500.0,126871.0
492,2021-10-06 09:17:51,35300.0,300.0,126371.0
493,2021-10-06 09:17:43,35300.0,9000.0,126071.0
494,2021-10-06 09:17:28,35400.0,2700.0,117071.0
495,2021-10-06 09:17:26,35400.0,400.0,114371.0
496,2021-10-06 09:16:48,35400.0,600.0,113971.0
497,2021-10-06 09:16:17,35400.0,100.0,113371.0
498,2021-10-06 09:16:15,35500.0,2400.0,113271.0
499,2021-10-06 09:16:06,35500.0,3.0,110871.0
500,2021-10-06 09:16:04,35500.0,3100.0,110868.0
501,2021-10-06 09:15:59,35400.0,9000.0,107768.0
502,2021-10-06 09:15:45,35500.0,200.0,98768.0
503,2021-10-06 09:15:37,35500.0,5400.0,98568.0
504,2021-10-06 09:15:35,35500.0,1000.0,93168.0
505,2021-10-06 09:15:23,35500.0,100.0,92168.0
506,2021-10-06 09:15:16,35500.0,1000.0,92068.0
507,2021-10-06 09:15:15,35500.0,3.0,91068.0
508,2021-10-06 09:14:00,35500.0,2500.0,91065.0
509,2021-10-06 09:13:57,35400.0,5200.0,88565.0
510,2021-10-06 09:13:55,35500.0,1000.0,83365.0
511,2021-10-06 09:13:54,35500.0,5000.0,82365.0
512,2021-10-06 09:13:36,35400.0,200.0,77365.0
513,2021-10-06 09:13:28,35400.0,2500.0,77165.0
514,2021-10-06 09:13:24,35400.0,500.0,74665.0
515,2021-10-06 09:12:43,35300.0,3000.0,74165.0
516,2021-10-06 09:12:38,35300.0,2000.0,71165.0
517,2021-10-06 09:12:34,35300.0,5000.0,69165.0
518,2021-10-06 09:12:24,35200.0,500.0,64165.0
519,2021-10-06 09:12:05,35200.0,500.0,63665.0
520,2021-10-06 09:12:02,35200.0,700.0,63165.0
521,2021-10-06 09:11:58,35200.0,1000.0,62465.0
522,2021-10-06 09:11:54,35200.0,2000.0,61465.0
523,2021-10-06 09:11:21,35100.0,100.0,59465.0
524,2021-10-06 09:11:20,35200.0,200.0,59365.0
525,2021-10-06 09:11:17,35100.0,5000.0,59165.0
526,2021-10-06 09:11:11,35100.0,15.0,54165.0
527,2021-10-06 09:11:08,35100.0,300.0,54150.0
528,2021-10-06 09:11:04,35000.0,1100.0,53850.0
529,2021-10-06 09:11:02,35000.0,2200.0,52750.0
530,2021-10-06 09:10:57,35100.0,4900.0,50550.0
531,2021-10-06 09:10:33,35100.0,1000.0,45650.0
532,2021-10-06 09:10:24,35100.0,300.0,44650.0
533,2021-10-06 09:10:11,35000.0,2000.0,44350.0
534,2021-10-06 09:10:04,35000.0,500.0,42350.0
535,2021-10-06 09:09:29,35000.0,1000.0,41850.0
536,2021-10-06 09:09:09,35000.0,800.0,40850.0
537,2021-10-06 09:09:07,35000.0,1000.0,40050.0
538,2021-10-06 09:09:02,35000.0,6000.0,39050.0
539,2021-10-06 09:08:33,35000.0,4800.0,33050.0
540,2021-10-06 09:08:12,34900.0,3000.0,28250.0
541,2021-10-06 09:07:51,34900.0,2800.0,25250.0
542,2021-10-06 09:07:42,34900.0,4000.0,22450.0
543,2021-10-06 09:07:15,34900.0,1000.0,18450.0
544,2021-10-06 09:07:11,34900.0,500.0,17450.0
545,2021-10-06 09:07:05,34900.0,2000.0,16950.0
546,2021-10-06 09:06:58,34900.0,300.0,14950.0
547,2021-10-06 09:06:47,34900.0,50.0,14650.0
548,2021-10-06 09:06:39,34900.0,1000.0,14600.0
549,2021-10-06 09:06:17,34900.0,2000.0,13600.0
550,2021-10-06 09:05:54,34900.0,1500.0,11600.0
551,2021-10-06 09:05:17,34700.0,1000.0,10100.0
552,2021-10-06 09:05:10,34800.0,1400.0,9100.0
553,2021-10-06 09:04:48,34800.0,500.0,7700.0
554,2021-10-06 09:04:30,34800.0,100.0,7200.0
555,2021-10-06 09:04:07,34900.0,100.0,7100.0
556,2021-10-06 09:02:51,34600.0,100.0,7000.0
557,2021-10-06 09:02:50,35000.0,100.0,6900.0
558,2021-10-06 09:02:24,34600.0,1000.0,6800.0
559,2021-10-06 09:00:17,34600.0,5000.0,5800.0
560,2021-10-06 09:00:13,34700.0,100.0,800.0
561,2021-10-06 09:00:04,34600.0,700.0,700.0
