,Time,Price,Volume_per_trade,Volume
0,2021-10-11 14:45:03,34900.0,12500.0,917070.0
1,2021-10-11 14:29:35,34900.0,1800.0,904570.0
2,2021-10-11 14:29:04,34900.0,3600.0,902770.0
3,2021-10-11 14:28:52,34900.0,3300.0,899170.0
4,2021-10-11 14:28:37,34900.0,1000.0,895870.0
5,2021-10-11 14:28:29,35000.0,5000.0,894870.0
6,2021-10-11 14:28:15,35000.0,100.0,889870.0
7,2021-10-11 14:27:47,34900.0,2400.0,889770.0
8,2021-10-11 14:27:13,34900.0,4800.0,887370.0
9,2021-10-11 14:27:01,34900.0,200.0,882570.0
10,2021-10-11 14:26:57,34900.0,2000.0,882370.0
11,2021-10-11 14:25:43,34900.0,200.0,880370.0
12,2021-10-11 14:25:22,35000.0,300.0,880170.0
13,2021-10-11 14:24:21,35000.0,100.0,879870.0
14,2021-10-11 14:23:33,35000.0,4500.0,879770.0
15,2021-10-11 14:23:00,34900.0,500.0,875270.0
16,2021-10-11 14:22:44,34900.0,3000.0,874770.0
17,2021-10-11 14:21:34,35000.0,800.0,871770.0
18,2021-10-11 14:21:26,35000.0,100.0,870970.0
19,2021-10-11 14:21:12,35000.0,6500.0,870870.0
20,2021-10-11 14:21:09,34900.0,100.0,864370.0
21,2021-10-11 14:21:04,34900.0,1000.0,864270.0
22,2021-10-11 14:20:52,34900.0,10000.0,863270.0
23,2021-10-11 14:19:02,34800.0,3000.0,853270.0
24,2021-10-11 14:18:41,34700.0,1700.0,850270.0
25,2021-10-11 14:18:39,34800.0,30000.0,848570.0
26,2021-10-11 14:17:28,34700.0,500.0,818570.0
27,2021-10-11 14:17:14,34700.0,300.0,818070.0
28,2021-10-11 14:16:39,34700.0,8.0,817770.0
29,2021-10-11 14:16:11,34700.0,1400.0,817762.0
30,2021-10-11 14:14:53,34800.0,5000.0,816362.0
31,2021-10-11 14:14:45,34700.0,2000.0,811362.0
32,2021-10-11 14:13:23,34700.0,700.0,809362.0
33,2021-10-11 14:12:37,34700.0,1000.0,808662.0
34,2021-10-11 14:12:08,34700.0,400.0,807662.0
35,2021-10-11 14:12:03,34700.0,2000.0,807262.0
36,2021-10-11 14:11:43,34700.0,100.0,805262.0
37,2021-10-11 14:11:34,34700.0,600.0,805162.0
38,2021-10-11 14:10:53,34700.0,1000.0,804562.0
39,2021-10-11 14:10:07,34700.0,500.0,803562.0
40,2021-10-11 14:09:43,34700.0,100.0,803062.0
41,2021-10-11 14:09:39,34700.0,3900.0,802962.0
42,2021-10-11 14:09:12,34700.0,10000.0,799062.0
43,2021-10-11 14:08:49,34800.0,100.0,789062.0
44,2021-10-11 14:08:41,34800.0,100.0,788962.0
45,2021-10-11 14:08:26,34800.0,2500.0,788862.0
46,2021-10-11 14:07:49,34700.0,200.0,786362.0
47,2021-10-11 14:07:31,34700.0,200.0,786162.0
48,2021-10-11 14:06:24,34700.0,200.0,785962.0
49,2021-10-11 14:04:53,34700.0,800.0,785762.0
50,2021-10-11 14:04:06,34700.0,300.0,784962.0
51,2021-10-11 14:02:13,34700.0,500.0,784662.0
52,2021-10-11 14:02:06,34700.0,300.0,784162.0
53,2021-10-11 14:01:06,34700.0,8300.0,783862.0
54,2021-10-11 14:00:50,34800.0,200.0,775562.0
55,2021-10-11 14:00:08,34800.0,1800.0,775362.0
56,2021-10-11 13:59:14,34800.0,2000.0,773562.0
57,2021-10-11 13:59:00,34700.0,50.0,771562.0
58,2021-10-11 13:58:52,34700.0,500.0,771512.0
59,2021-10-11 13:58:48,34700.0,4000.0,771012.0
60,2021-10-11 13:57:12,34700.0,500.0,767012.0
61,2021-10-11 13:56:13,34700.0,700.0,766512.0
62,2021-10-11 13:55:40,34700.0,100.0,765812.0
63,2021-10-11 13:54:39,34700.0,200.0,765712.0
64,2021-10-11 13:54:20,34800.0,500.0,765512.0
65,2021-10-11 13:53:01,34800.0,500.0,765012.0
66,2021-10-11 13:52:04,34700.0,100.0,764512.0
67,2021-10-11 13:51:59,34700.0,100.0,764412.0
68,2021-10-11 13:51:03,34700.0,1200.0,764312.0
69,2021-10-11 13:50:45,34700.0,3000.0,763112.0
70,2021-10-11 13:50:39,34700.0,1000.0,760112.0
71,2021-10-11 13:50:26,34700.0,100.0,759112.0
72,2021-10-11 13:50:23,34700.0,200.0,759012.0
73,2021-10-11 13:50:17,34700.0,400.0,758812.0
74,2021-10-11 13:50:12,34700.0,100.0,758412.0
75,2021-10-11 13:49:10,34700.0,100.0,758312.0
76,2021-10-11 13:49:00,34700.0,1000.0,758212.0
77,2021-10-11 13:48:49,34700.0,1000.0,757212.0
78,2021-10-11 13:48:22,34700.0,1000.0,756212.0
79,2021-10-11 13:47:51,34700.0,1200.0,755212.0
80,2021-10-11 13:46:08,34700.0,2000.0,754012.0
81,2021-10-11 13:45:48,34700.0,700.0,752012.0
82,2021-10-11 13:45:44,34700.0,100.0,751312.0
83,2021-10-11 13:45:38,34700.0,500.0,751212.0
84,2021-10-11 13:45:29,34700.0,6100.0,750712.0
85,2021-10-11 13:45:13,34600.0,6000.0,744612.0
86,2021-10-11 13:44:58,34600.0,1000.0,738612.0
87,2021-10-11 13:44:48,34700.0,1000.0,737612.0
88,2021-10-11 13:44:19,34700.0,2000.0,736612.0
89,2021-10-11 13:43:55,34700.0,1000.0,734612.0
90,2021-10-11 13:43:41,34700.0,500.0,733612.0
91,2021-10-11 13:43:04,34700.0,6000.0,733112.0
92,2021-10-11 13:42:53,34700.0,1700.0,727112.0
93,2021-10-11 13:42:43,34700.0,2000.0,725412.0
94,2021-10-11 13:42:24,34700.0,8300.0,723412.0
95,2021-10-11 13:41:05,34800.0,500.0,715112.0
96,2021-10-11 13:40:43,34700.0,5000.0,714612.0
97,2021-10-11 13:40:42,34700.0,400.0,709612.0
98,2021-10-11 13:40:38,34700.0,7000.0,709212.0
99,2021-10-11 13:40:07,34700.0,100.0,702212.0
100,2021-10-11 13:38:42,34700.0,90.0,702112.0
101,2021-10-11 13:37:13,34700.0,300.0,702022.0
102,2021-10-11 13:37:07,34700.0,300.0,701722.0
103,2021-10-11 13:37:06,34700.0,300.0,701422.0
104,2021-10-11 13:35:51,34800.0,400.0,701122.0
105,2021-10-11 13:35:28,34800.0,1000.0,700722.0
106,2021-10-11 13:34:25,34700.0,1000.0,699722.0
107,2021-10-11 13:33:31,34700.0,1000.0,698722.0
108,2021-10-11 13:32:19,34800.0,10.0,697722.0
109,2021-10-11 13:31:56,34800.0,100.0,697712.0
110,2021-10-11 13:31:36,34800.0,900.0,697612.0
111,2021-10-11 13:31:26,34700.0,9100.0,696712.0
112,2021-10-11 13:31:15,34800.0,3100.0,687612.0
113,2021-10-11 13:31:04,34800.0,600.0,684512.0
114,2021-10-11 13:30:54,34800.0,400.0,683912.0
115,2021-10-11 13:30:27,34800.0,5000.0,683512.0
116,2021-10-11 13:29:05,34800.0,1900.0,678512.0
117,2021-10-11 13:28:18,34800.0,100.0,676612.0
118,2021-10-11 13:27:53,34800.0,1000.0,676512.0
119,2021-10-11 13:27:12,34800.0,100.0,675512.0
120,2021-10-11 13:26:18,34900.0,100.0,675412.0
121,2021-10-11 13:26:08,34800.0,200.0,675312.0
122,2021-10-11 13:24:19,34800.0,1000.0,675112.0
123,2021-10-11 13:24:08,34800.0,3000.0,674112.0
124,2021-10-11 13:20:42,34900.0,5.0,671112.0
125,2021-10-11 13:19:55,34900.0,50.0,671107.0
126,2021-10-11 13:18:34,34900.0,100.0,671057.0
127,2021-10-11 13:16:49,34900.0,100.0,670957.0
128,2021-10-11 13:16:28,34800.0,2800.0,670857.0
129,2021-10-11 13:16:13,34800.0,5000.0,668057.0
130,2021-10-11 13:15:53,34800.0,200.0,663057.0
131,2021-10-11 13:15:37,34800.0,500.0,662857.0
132,2021-10-11 13:15:23,34800.0,500.0,662357.0
133,2021-10-11 13:15:02,34800.0,10000.0,661857.0
134,2021-10-11 13:15:00,34800.0,100.0,651857.0
135,2021-10-11 13:14:52,34800.0,400.0,651757.0
136,2021-10-11 13:12:19,34800.0,500.0,651357.0
137,2021-10-11 13:12:14,34800.0,1000.0,650857.0
138,2021-10-11 13:12:01,34800.0,300.0,649857.0
139,2021-10-11 13:11:50,34800.0,5000.0,649557.0
140,2021-10-11 13:09:08,34800.0,500.0,644557.0
141,2021-10-11 13:09:00,34900.0,2000.0,644057.0
142,2021-10-11 13:07:16,34800.0,100.0,642057.0
143,2021-10-11 13:07:15,34800.0,3000.0,641957.0
144,2021-10-11 13:06:54,34800.0,100.0,638957.0
145,2021-10-11 13:06:08,34800.0,100.0,638857.0
146,2021-10-11 13:05:43,34800.0,1500.0,638757.0
147,2021-10-11 13:05:38,34800.0,5000.0,637257.0
148,2021-10-11 13:05:28,34800.0,2300.0,632257.0
149,2021-10-11 13:05:17,34800.0,3500.0,629957.0
150,2021-10-11 13:04:37,34800.0,100.0,626457.0
151,2021-10-11 13:03:52,34800.0,2000.0,626357.0
152,2021-10-11 13:02:26,34800.0,2100.0,624357.0
153,2021-10-11 13:00:11,34800.0,5500.0,622257.0
154,2021-10-11 13:00:10,34800.0,3400.0,616757.0
155,2021-10-11 13:00:07,34800.0,1500.0,613357.0
156,2021-10-11 13:00:03,34800.0,4500.0,611857.0
157,2021-10-11 13:00:02,34800.0,6000.0,607357.0
158,2021-10-11 13:00:01,34800.0,2700.0,601357.0
159,2021-10-11 11:28:47,34800.0,1000.0,598657.0
160,2021-10-11 11:28:37,34800.0,5500.0,597657.0
161,2021-10-11 11:27:53,34700.0,2800.0,592157.0
162,2021-10-11 11:27:44,34700.0,5500.0,589357.0
163,2021-10-11 11:25:30,34700.0,1100.0,583857.0
164,2021-10-11 11:25:23,34700.0,1000.0,582757.0
165,2021-10-11 11:25:12,34700.0,2900.0,581757.0
166,2021-10-11 11:24:28,34700.0,1300.0,578857.0
167,2021-10-11 11:24:22,34700.0,2000.0,577557.0
168,2021-10-11 11:24:09,34700.0,500.0,575557.0
169,2021-10-11 11:23:59,34700.0,500.0,575057.0
170,2021-10-11 11:23:35,34700.0,200.0,574557.0
171,2021-10-11 11:23:16,34700.0,2000.0,574357.0
172,2021-10-11 11:23:01,34700.0,100.0,572357.0
173,2021-10-11 11:22:48,34700.0,500.0,572257.0
174,2021-10-11 11:22:43,34700.0,100.0,571757.0
175,2021-10-11 11:22:42,34700.0,100.0,571657.0
176,2021-10-11 11:22:40,34700.0,500.0,571557.0
177,2021-10-11 11:22:14,34700.0,500.0,571057.0
178,2021-10-11 11:21:59,34700.0,400.0,570557.0
179,2021-10-11 11:21:53,34700.0,200.0,570157.0
180,2021-10-11 11:21:49,34700.0,10.0,569957.0
181,2021-10-11 11:20:29,34700.0,100.0,569947.0
182,2021-10-11 11:19:37,34700.0,1000.0,569847.0
183,2021-10-11 11:18:49,34700.0,200.0,568847.0
184,2021-10-11 11:18:19,34600.0,500.0,568647.0
185,2021-10-11 11:16:42,34600.0,5000.0,568147.0
186,2021-10-11 11:16:13,34700.0,2300.0,563147.0
187,2021-10-11 11:15:46,34700.0,100.0,560847.0
188,2021-10-11 11:15:34,34600.0,10300.0,560747.0
189,2021-10-11 11:15:32,34700.0,500.0,550447.0
190,2021-10-11 11:14:34,34700.0,13900.0,549947.0
191,2021-10-11 11:13:49,34700.0,2500.0,536047.0
192,2021-10-11 11:13:38,34800.0,700.0,533547.0
193,2021-10-11 11:13:01,34700.0,5000.0,532847.0
194,2021-10-11 11:11:49,34700.0,100.0,527847.0
195,2021-10-11 11:08:28,34700.0,200.0,527747.0
196,2021-10-11 11:08:18,34700.0,3000.0,527547.0
197,2021-10-11 11:07:48,34700.0,4000.0,524547.0
198,2021-10-11 11:07:38,34800.0,500.0,520547.0
199,2021-10-11 11:07:06,34800.0,1300.0,520047.0
200,2021-10-11 11:07:03,34800.0,100.0,518747.0
201,2021-10-11 11:06:55,34800.0,3000.0,518647.0
202,2021-10-11 11:05:42,34800.0,100.0,515647.0
203,2021-10-11 11:05:41,34800.0,100.0,515547.0
204,2021-10-11 11:03:19,34800.0,100.0,515447.0
205,2021-10-11 11:02:50,34800.0,100.0,515347.0
206,2021-10-11 11:02:39,34600.0,400.0,515247.0
207,2021-10-11 10:58:37,34600.0,3.0,514847.0
208,2021-10-11 10:58:13,34600.0,17.0,514844.0
209,2021-10-11 10:57:22,34600.0,10200.0,514827.0
210,2021-10-11 10:57:21,34600.0,37300.0,504627.0
211,2021-10-11 10:56:43,34700.0,100.0,467327.0
212,2021-10-11 10:56:17,34800.0,300.0,467227.0
213,2021-10-11 10:55:30,34800.0,100.0,466927.0
214,2021-10-11 10:55:18,34800.0,100.0,466827.0
215,2021-10-11 10:54:46,34800.0,500.0,466727.0
216,2021-10-11 10:54:33,34800.0,1800.0,466227.0
217,2021-10-11 10:54:17,34800.0,33.0,464427.0
218,2021-10-11 10:54:00,34800.0,300.0,464394.0
219,2021-10-11 10:53:05,34800.0,300.0,464094.0
220,2021-10-11 10:53:00,34800.0,800.0,463794.0
221,2021-10-11 10:52:39,34800.0,100.0,462994.0
222,2021-10-11 10:51:53,34800.0,1000.0,462894.0
223,2021-10-11 10:51:43,34700.0,3000.0,461894.0
224,2021-10-11 10:51:01,34800.0,500.0,458894.0
225,2021-10-11 10:50:59,34800.0,500.0,458394.0
226,2021-10-11 10:50:31,34800.0,400.0,457894.0
227,2021-10-11 10:50:18,34700.0,7000.0,457494.0
228,2021-10-11 10:48:03,34800.0,6900.0,450494.0
229,2021-10-11 10:47:45,34700.0,500.0,443594.0
230,2021-10-11 10:47:28,34800.0,1000.0,443094.0
231,2021-10-11 10:47:07,34700.0,100.0,442094.0
232,2021-10-11 10:46:41,34700.0,1600.0,441994.0
233,2021-10-11 10:44:39,34700.0,1900.0,440394.0
234,2021-10-11 10:44:22,34700.0,100.0,438494.0
235,2021-10-11 10:43:46,34700.0,200.0,438394.0
236,2021-10-11 10:42:46,34700.0,5200.0,438194.0
237,2021-10-11 10:42:13,34700.0,200.0,432994.0
238,2021-10-11 10:41:37,34700.0,300.0,432794.0
239,2021-10-11 10:40:36,34700.0,500.0,432494.0
240,2021-10-11 10:40:27,34700.0,300.0,431994.0
241,2021-10-11 10:39:59,34700.0,200.0,431694.0
242,2021-10-11 10:39:39,34700.0,1700.0,431494.0
243,2021-10-11 10:39:33,34800.0,7000.0,429794.0
244,2021-10-11 10:39:23,34700.0,1800.0,422794.0
245,2021-10-11 10:38:31,34700.0,800.0,420994.0
246,2021-10-11 10:38:14,34700.0,1000.0,420194.0
247,2021-10-11 10:37:45,34700.0,2000.0,419194.0
248,2021-10-11 10:37:38,34700.0,300.0,417194.0
249,2021-10-11 10:37:27,34700.0,600.0,416894.0
250,2021-10-11 10:37:19,34700.0,80.0,416294.0
251,2021-10-11 10:37:16,34700.0,300.0,416214.0
252,2021-10-11 10:36:39,34700.0,300.0,415914.0
253,2021-10-11 10:36:36,34700.0,1000.0,415614.0
254,2021-10-11 10:34:49,34700.0,500.0,414614.0
255,2021-10-11 10:34:48,34700.0,300.0,414114.0
256,2021-10-11 10:33:59,34700.0,500.0,413814.0
257,2021-10-11 10:32:53,34700.0,2000.0,413314.0
258,2021-10-11 10:32:43,34700.0,10000.0,411314.0
259,2021-10-11 10:32:02,34700.0,200.0,401314.0
260,2021-10-11 10:32:00,34700.0,3000.0,401114.0
261,2021-10-11 10:31:32,34700.0,2500.0,398114.0
262,2021-10-11 10:29:37,34700.0,400.0,395614.0
263,2021-10-11 10:29:12,34700.0,7600.0,395214.0
264,2021-10-11 10:28:06,34700.0,5000.0,387614.0
265,2021-10-11 10:28:04,34700.0,10000.0,382614.0
266,2021-10-11 10:28:02,34800.0,200.0,372614.0
267,2021-10-11 10:27:36,34700.0,100.0,372414.0
268,2021-10-11 10:27:35,34700.0,2000.0,372314.0
269,2021-10-11 10:27:11,34700.0,200.0,370314.0
270,2021-10-11 10:26:45,34700.0,20000.0,370114.0
271,2021-10-11 10:26:38,34800.0,100.0,350114.0
272,2021-10-11 10:26:26,34800.0,1000.0,350014.0
273,2021-10-11 10:26:07,34800.0,100.0,349014.0
274,2021-10-11 10:25:58,34800.0,600.0,348914.0
275,2021-10-11 10:25:52,34800.0,20.0,348314.0
276,2021-10-11 10:25:43,34800.0,16.0,348294.0
277,2021-10-11 10:25:42,34800.0,100.0,348278.0
278,2021-10-11 10:25:41,34800.0,700.0,348178.0
279,2021-10-11 10:25:26,34800.0,3000.0,347478.0
280,2021-10-11 10:24:35,34800.0,200.0,344478.0
281,2021-10-11 10:24:27,34800.0,4000.0,344278.0
282,2021-10-11 10:23:56,34800.0,2000.0,340278.0
283,2021-10-11 10:23:35,34900.0,1000.0,338278.0
284,2021-10-11 10:23:29,34800.0,700.0,337278.0
285,2021-10-11 10:22:54,34800.0,5900.0,336578.0
286,2021-10-11 10:22:40,34800.0,100.0,330678.0
287,2021-10-11 10:22:36,34700.0,1600.0,330578.0
288,2021-10-11 10:22:35,34800.0,200.0,328978.0
289,2021-10-11 10:21:51,34800.0,500.0,328778.0
290,2021-10-11 10:21:38,34800.0,200.0,328278.0
291,2021-10-11 10:21:34,34800.0,100.0,328078.0
292,2021-10-11 10:19:19,34800.0,300.0,327978.0
293,2021-10-11 10:18:55,34800.0,500.0,327678.0
294,2021-10-11 10:18:44,34800.0,3500.0,327178.0
295,2021-10-11 10:18:43,34800.0,1000.0,323678.0
296,2021-10-11 10:18:25,34800.0,5000.0,322678.0
297,2021-10-11 10:18:22,34800.0,11.0,317678.0
298,2021-10-11 10:18:02,34800.0,500.0,317667.0
299,2021-10-11 10:17:51,34800.0,100.0,317167.0
300,2021-10-11 10:17:48,34800.0,3000.0,317067.0
301,2021-10-11 10:17:10,34800.0,3200.0,314067.0
302,2021-10-11 10:17:06,34900.0,29.0,310867.0
303,2021-10-11 10:16:55,34900.0,200.0,310838.0
304,2021-10-11 10:16:25,34900.0,41.0,310638.0
305,2021-10-11 10:15:59,34900.0,2000.0,310597.0
306,2021-10-11 10:15:41,34900.0,100.0,308597.0
307,2021-10-11 10:15:24,34800.0,2000.0,308497.0
308,2021-10-11 10:15:06,34800.0,400.0,306497.0
309,2021-10-11 10:14:05,34800.0,1000.0,306097.0
310,2021-10-11 10:14:03,34800.0,19.0,305097.0
311,2021-10-11 10:13:51,34800.0,600.0,305078.0
312,2021-10-11 10:13:31,34900.0,100.0,304478.0
313,2021-10-11 10:12:06,34900.0,1400.0,304378.0
314,2021-10-11 10:11:43,34900.0,10000.0,302978.0
315,2021-10-11 10:11:27,34900.0,100.0,292978.0
316,2021-10-11 10:10:46,34900.0,10600.0,292878.0
317,2021-10-11 10:10:06,34900.0,1000.0,282278.0
318,2021-10-11 10:10:00,34800.0,4700.0,281278.0
319,2021-10-11 10:09:37,34800.0,500.0,276578.0
320,2021-10-11 10:08:57,34800.0,1000.0,276078.0
321,2021-10-11 10:07:58,34800.0,1400.0,275078.0
322,2021-10-11 10:07:35,34800.0,200.0,273678.0
323,2021-10-11 10:06:56,34800.0,3300.0,273478.0
324,2021-10-11 10:06:09,34800.0,3000.0,270178.0
325,2021-10-11 10:05:35,34800.0,5400.0,267178.0
326,2021-10-11 10:04:34,34800.0,1600.0,261778.0
327,2021-10-11 10:04:16,34800.0,300.0,260178.0
328,2021-10-11 10:03:55,34800.0,800.0,259878.0
329,2021-10-11 10:03:50,34800.0,700.0,259078.0
330,2021-10-11 10:03:45,34800.0,1200.0,258378.0
331,2021-10-11 10:03:31,34800.0,2300.0,257178.0
332,2021-10-11 10:03:15,34800.0,1000.0,254878.0
333,2021-10-11 10:02:55,34800.0,700.0,253878.0
334,2021-10-11 10:02:38,34800.0,600.0,253178.0
335,2021-10-11 10:02:27,34800.0,400.0,252578.0
336,2021-10-11 10:01:48,34800.0,600.0,252178.0
337,2021-10-11 10:00:58,34800.0,2000.0,251578.0
338,2021-10-11 10:00:39,34800.0,400.0,249578.0
339,2021-10-11 09:59:52,34800.0,300.0,249178.0
340,2021-10-11 09:59:44,34800.0,600.0,248878.0
341,2021-10-11 09:59:13,34800.0,300.0,248278.0
342,2021-10-11 09:58:00,34800.0,21.0,247978.0
343,2021-10-11 09:57:49,34800.0,1000.0,247957.0
344,2021-10-11 09:57:11,34800.0,1300.0,246957.0
345,2021-10-11 09:57:02,34800.0,10.0,245657.0
346,2021-10-11 09:56:47,34800.0,1000.0,245647.0
347,2021-10-11 09:56:15,34800.0,500.0,244647.0
348,2021-10-11 09:55:43,34800.0,3300.0,244147.0
349,2021-10-11 09:54:57,34800.0,200.0,240847.0
350,2021-10-11 09:54:53,34900.0,1000.0,240647.0
351,2021-10-11 09:54:37,34900.0,1000.0,239647.0
352,2021-10-11 09:54:05,34900.0,2000.0,238647.0
353,2021-10-11 09:54:02,34800.0,1000.0,236647.0
354,2021-10-11 09:53:19,34800.0,2000.0,235647.0
355,2021-10-11 09:52:39,34800.0,1000.0,233647.0
356,2021-10-11 09:52:29,34700.0,100.0,232647.0
357,2021-10-11 09:52:13,34800.0,100.0,232547.0
358,2021-10-11 09:52:07,34800.0,2000.0,232447.0
359,2021-10-11 09:51:55,34800.0,2000.0,230447.0
360,2021-10-11 09:51:41,34800.0,1800.0,228447.0
361,2021-10-11 09:50:48,34700.0,100.0,226647.0
362,2021-10-11 09:50:41,34700.0,500.0,226547.0
363,2021-10-11 09:50:37,34700.0,200.0,226047.0
364,2021-10-11 09:50:36,34600.0,1000.0,225847.0
365,2021-10-11 09:50:22,34700.0,1000.0,224847.0
366,2021-10-11 09:50:10,34700.0,100.0,223847.0
367,2021-10-11 09:50:05,34600.0,100.0,223747.0
368,2021-10-11 09:49:49,34700.0,1000.0,223647.0
369,2021-10-11 09:49:20,34600.0,100.0,222647.0
370,2021-10-11 09:48:52,34600.0,200.0,222547.0
371,2021-10-11 09:48:16,34700.0,1800.0,222347.0
372,2021-10-11 09:47:19,34700.0,2400.0,220547.0
373,2021-10-11 09:47:17,34700.0,300.0,218147.0
374,2021-10-11 09:47:11,34700.0,200.0,217847.0
375,2021-10-11 09:46:51,34700.0,2100.0,217647.0
376,2021-10-11 09:46:46,34700.0,2600.0,215547.0
377,2021-10-11 09:46:38,34700.0,3500.0,212947.0
378,2021-10-11 09:46:15,34800.0,100.0,209447.0
379,2021-10-11 09:45:52,34800.0,6000.0,209347.0
380,2021-10-11 09:45:36,34800.0,500.0,203347.0
381,2021-10-11 09:45:23,34800.0,3000.0,202847.0
382,2021-10-11 09:44:46,34800.0,1000.0,199847.0
383,2021-10-11 09:44:10,34800.0,1200.0,198847.0
384,2021-10-11 09:43:53,34800.0,300.0,197647.0
385,2021-10-11 09:42:58,34800.0,600.0,197347.0
386,2021-10-11 09:42:52,34800.0,200.0,196747.0
387,2021-10-11 09:42:31,34900.0,800.0,196547.0
388,2021-10-11 09:42:26,34800.0,7000.0,195747.0
389,2021-10-11 09:42:08,34800.0,2800.0,188747.0
390,2021-10-11 09:41:59,34800.0,7300.0,185947.0
391,2021-10-11 09:41:45,34900.0,200.0,178647.0
392,2021-10-11 09:41:12,34900.0,100.0,178447.0
393,2021-10-11 09:40:17,34900.0,100.0,178347.0
394,2021-10-11 09:39:19,34900.0,300.0,178247.0
395,2021-10-11 09:38:56,34900.0,300.0,177947.0
396,2021-10-11 09:38:36,34900.0,1500.0,177647.0
397,2021-10-11 09:38:00,34900.0,200.0,176147.0
398,2021-10-11 09:36:57,34800.0,1500.0,175947.0
399,2021-10-11 09:36:53,34900.0,700.0,174447.0
400,2021-10-11 09:36:14,34900.0,1100.0,173747.0
401,2021-10-11 09:35:56,34900.0,200.0,172647.0
402,2021-10-11 09:35:51,34900.0,700.0,172447.0
403,2021-10-11 09:35:38,34900.0,1000.0,171747.0
404,2021-10-11 09:35:04,34800.0,300.0,170747.0
405,2021-10-11 09:34:43,34800.0,3000.0,170447.0
406,2021-10-11 09:34:36,34900.0,12.0,167447.0
407,2021-10-11 09:34:35,34900.0,2000.0,167435.0
408,2021-10-11 09:34:19,34900.0,3800.0,165435.0
409,2021-10-11 09:34:01,34900.0,2000.0,161635.0
410,2021-10-11 09:33:50,34900.0,1000.0,159635.0
411,2021-10-11 09:33:07,35000.0,400.0,158635.0
412,2021-10-11 09:32:50,35000.0,100.0,158235.0
413,2021-10-11 09:32:28,35000.0,900.0,158135.0
414,2021-10-11 09:32:10,35000.0,4700.0,157235.0
415,2021-10-11 09:31:44,35000.0,20.0,152535.0
416,2021-10-11 09:31:23,35000.0,200.0,152515.0
417,2021-10-11 09:31:08,35000.0,3000.0,152315.0
418,2021-10-11 09:30:16,35000.0,1000.0,149315.0
419,2021-10-11 09:29:28,35000.0,500.0,148315.0
420,2021-10-11 09:29:14,35000.0,200.0,147815.0
421,2021-10-11 09:29:03,34900.0,300.0,147615.0
422,2021-10-11 09:28:57,35000.0,600.0,147315.0
423,2021-10-11 09:28:42,35000.0,1000.0,146715.0
424,2021-10-11 09:28:33,35000.0,12500.0,145715.0
425,2021-10-11 09:28:02,35100.0,2200.0,133215.0
426,2021-10-11 09:27:57,35100.0,3000.0,131015.0
427,2021-10-11 09:27:37,35100.0,800.0,128015.0
428,2021-10-11 09:27:31,35200.0,300.0,127215.0
429,2021-10-11 09:25:11,35200.0,100.0,126915.0
430,2021-10-11 09:25:08,35200.0,3500.0,126815.0
431,2021-10-11 09:24:47,35200.0,500.0,123315.0
432,2021-10-11 09:24:43,35100.0,1000.0,122815.0
433,2021-10-11 09:23:29,35200.0,20.0,121815.0
434,2021-10-11 09:22:42,35200.0,13.0,121795.0
435,2021-10-11 09:22:23,35200.0,100.0,121782.0
436,2021-10-11 09:22:15,35200.0,2000.0,121682.0
437,2021-10-11 09:22:11,35200.0,3000.0,119682.0
438,2021-10-11 09:22:10,35200.0,500.0,116682.0
439,2021-10-11 09:22:07,35300.0,12.0,116182.0
440,2021-10-11 09:22:06,35300.0,59.0,116170.0
441,2021-10-11 09:21:57,35300.0,600.0,116111.0
442,2021-10-11 09:21:49,35300.0,100.0,115511.0
443,2021-10-11 09:21:33,35300.0,400.0,115411.0
444,2021-10-11 09:21:21,35200.0,100.0,115011.0
445,2021-10-11 09:20:37,35300.0,100.0,114911.0
446,2021-10-11 09:19:41,35300.0,1400.0,114811.0
447,2021-10-11 09:19:37,35300.0,900.0,113411.0
448,2021-10-11 09:19:34,35300.0,600.0,112511.0
449,2021-10-11 09:19:32,35300.0,2000.0,111911.0
450,2021-10-11 09:19:22,35300.0,100.0,109911.0
451,2021-10-11 09:19:04,35300.0,1200.0,109811.0
452,2021-10-11 09:18:53,35400.0,1000.0,108611.0
453,2021-10-11 09:18:51,35300.0,1000.0,107611.0
454,2021-10-11 09:18:30,35300.0,500.0,106611.0
455,2021-10-11 09:18:29,35400.0,300.0,106111.0
456,2021-10-11 09:18:17,35400.0,2000.0,105811.0
457,2021-10-11 09:18:15,35300.0,2000.0,103811.0
458,2021-10-11 09:18:11,35400.0,300.0,101811.0
459,2021-10-11 09:18:07,35400.0,100.0,101511.0
460,2021-10-11 09:17:45,35400.0,100.0,101411.0
461,2021-10-11 09:17:38,35400.0,900.0,101311.0
462,2021-10-11 09:17:08,35400.0,500.0,100411.0
463,2021-10-11 09:17:02,35400.0,4000.0,99911.0
464,2021-10-11 09:16:47,35400.0,2300.0,95911.0
465,2021-10-11 09:16:46,35400.0,100.0,93611.0
466,2021-10-11 09:16:42,35300.0,1000.0,93511.0
467,2021-10-11 09:16:22,35400.0,400.0,92511.0
468,2021-10-11 09:16:13,35400.0,1600.0,92111.0
469,2021-10-11 09:15:42,35300.0,600.0,90511.0
470,2021-10-11 09:15:39,35400.0,400.0,89911.0
471,2021-10-11 09:15:17,35300.0,1000.0,89511.0
472,2021-10-11 09:15:05,35300.0,3000.0,88511.0
473,2021-10-11 09:14:48,35300.0,2100.0,85511.0
474,2021-10-11 09:14:34,35300.0,3000.0,83411.0
475,2021-10-11 09:14:17,35200.0,100.0,80411.0
476,2021-10-11 09:14:14,35200.0,1500.0,80311.0
477,2021-10-11 09:13:53,35100.0,3900.0,78811.0
478,2021-10-11 09:13:25,35100.0,1100.0,74911.0
479,2021-10-11 09:12:14,35000.0,800.0,73811.0
480,2021-10-11 09:12:13,35000.0,1000.0,73011.0
481,2021-10-11 09:11:49,35000.0,5000.0,72011.0
482,2021-10-11 09:11:47,35000.0,100.0,67011.0
483,2021-10-11 09:11:24,35000.0,1000.0,66911.0
484,2021-10-11 09:11:11,35000.0,1000.0,65911.0
485,2021-10-11 09:11:09,35000.0,900.0,64911.0
486,2021-10-11 09:10:59,35000.0,2000.0,64011.0
487,2021-10-11 09:10:58,35000.0,1000.0,62011.0
488,2021-10-11 09:10:42,35000.0,200.0,61011.0
489,2021-10-11 09:10:19,35000.0,300.0,60811.0
490,2021-10-11 09:09:55,34900.0,3000.0,60511.0
491,2021-10-11 09:09:49,35000.0,600.0,57511.0
492,2021-10-11 09:09:28,34900.0,2900.0,56911.0
493,2021-10-11 09:09:13,34800.0,2000.0,54011.0
494,2021-10-11 09:09:11,34900.0,500.0,52011.0
495,2021-10-11 09:09:04,34900.0,100.0,51511.0
496,2021-10-11 09:09:03,34900.0,100.0,51411.0
497,2021-10-11 09:08:41,34900.0,700.0,51311.0
498,2021-10-11 09:08:21,35000.0,100.0,50611.0
499,2021-10-11 09:08:08,35000.0,400.0,50511.0
500,2021-10-11 09:07:58,35000.0,500.0,50111.0
501,2021-10-11 09:07:53,35000.0,3000.0,49611.0
502,2021-10-11 09:07:19,35000.0,7000.0,46611.0
503,2021-10-11 09:06:37,35000.0,100.0,39611.0
504,2021-10-11 09:06:27,35000.0,600.0,39511.0
505,2021-10-11 09:06:07,35000.0,100.0,38911.0
506,2021-10-11 09:06:01,35000.0,200.0,38811.0
507,2021-10-11 09:05:52,35100.0,400.0,38611.0
508,2021-10-11 09:05:50,35000.0,1200.0,38211.0
509,2021-10-11 09:05:27,35100.0,500.0,37011.0
510,2021-10-11 09:05:23,35100.0,3000.0,36511.0
511,2021-10-11 09:05:15,35100.0,11.0,33511.0
512,2021-10-11 09:05:03,35100.0,1500.0,33500.0
513,2021-10-11 09:04:51,35200.0,200.0,32000.0
514,2021-10-11 09:04:50,35200.0,800.0,31800.0
515,2021-10-11 09:04:34,35200.0,400.0,31000.0
516,2021-10-11 09:04:23,35300.0,500.0,30600.0
517,2021-10-11 09:04:22,35300.0,400.0,30100.0
518,2021-10-11 09:03:51,35300.0,2500.0,29700.0
519,2021-10-11 09:03:34,35300.0,3000.0,27200.0
520,2021-10-11 09:03:32,35300.0,100.0,24200.0
521,2021-10-11 09:03:14,35300.0,7200.0,24100.0
522,2021-10-11 09:03:02,35300.0,100.0,16900.0
523,2021-10-11 09:02:56,35300.0,2700.0,16800.0
524,2021-10-11 09:02:48,35300.0,300.0,14100.0
525,2021-10-11 09:02:47,35300.0,3000.0,13800.0
526,2021-10-11 09:02:38,35300.0,100.0,10800.0
527,2021-10-11 09:02:15,35300.0,1000.0,10700.0
528,2021-10-11 09:02:06,35300.0,300.0,9700.0
529,2021-10-11 09:01:54,35300.0,500.0,9400.0
530,2021-10-11 09:01:38,35300.0,2200.0,8900.0
531,2021-10-11 09:01:13,35300.0,800.0,6700.0
532,2021-10-11 09:01:09,35300.0,2500.0,5900.0
533,2021-10-11 09:00:36,35000.0,800.0,3400.0
534,2021-10-11 09:00:31,35000.0,100.0,2600.0
535,2021-10-11 09:00:27,35000.0,500.0,2500.0
536,2021-10-11 09:00:14,35000.0,1100.0,2000.0
537,2021-10-11 09:00:13,34800.0,500.0,900.0
538,2021-10-11 09:00:11,34800.0,200.0,400.0
539,2021-10-11 09:00:09,35000.0,200.0,200.0
