,Time,Price,Volume_per_trade,Volume
0,2021-10-18 07:45:01,15550.0,100.0,3179300.0
1,2021-10-18 07:45:01,15550.0,1000.0,3179200.0
2,2021-10-18 07:29:17,15550.0,1000.0,3178200.0
3,2021-10-18 07:27:16,15550.0,400.0,3177200.0
4,2021-10-18 07:23:13,15550.0,1400.0,3176800.0
5,2021-10-18 07:23:13,15550.0,500.0,3175400.0
6,2021-10-18 07:22:52,15550.0,500.0,3174900.0
7,2021-10-18 07:20:27,15550.0,2000.0,3174400.0
8,2021-10-18 07:01:53,15550.0,1000.0,3172400.0
9,2021-10-18 07:01:25,15550.0,4600.0,3171400.0
10,2021-10-18 06:56:38,15550.0,1000.0,3166800.0
11,2021-10-18 06:54:04,15550.0,5800.0,3165800.0
12,2021-10-18 06:48:12,15550.0,500.0,3160000.0
13,2021-10-18 06:47:13,15550.0,500.0,3159500.0
14,2021-10-18 06:46:21,15550.0,300.0,3159000.0
15,2021-10-18 06:45:16,15550.0,100.0,3158700.0
16,2021-10-18 06:41:50,15550.0,2000.0,3158600.0
17,2021-10-18 06:41:40,15550.0,300.0,3156600.0
18,2021-10-18 06:37:37,15550.0,200.0,3156300.0
19,2021-10-18 06:32:43,15550.0,1000.0,3156100.0
20,2021-10-18 06:31:29,15550.0,200.0,3155100.0
21,2021-10-18 06:30:45,15550.0,200.0,3154900.0
22,2021-10-18 06:28:42,15550.0,300.0,3154700.0
23,2021-10-18 06:28:18,15550.0,500.0,3154400.0
24,2021-10-18 06:25:59,15550.0,300.0,3153900.0
25,2021-10-18 06:24:29,15550.0,100.0,3153600.0
26,2021-10-18 06:22:44,15550.0,5000.0,3153500.0
27,2021-10-18 06:22:30,15550.0,100.0,3148500.0
28,2021-10-18 06:21:11,15550.0,1900.0,3148400.0
29,2021-10-18 06:21:03,15550.0,51100.0,3146500.0
30,2021-10-18 06:21:03,15550.0,1800.0,3095400.0
31,2021-10-18 06:21:03,15550.0,15000.0,3093600.0
32,2021-10-18 06:21:03,15550.0,2700.0,3078600.0
33,2021-10-18 06:21:03,15550.0,1000.0,3075900.0
34,2021-10-18 06:21:03,15550.0,400.0,3074900.0
35,2021-10-18 06:21:03,15550.0,300.0,3074500.0
36,2021-10-18 06:21:03,15550.0,500.0,3074200.0
37,2021-10-18 06:21:03,15550.0,2000.0,3073700.0
38,2021-10-18 06:21:03,15550.0,300.0,3071700.0
39,2021-10-18 06:21:03,15550.0,1000.0,3071400.0
40,2021-10-18 06:21:03,15550.0,3000.0,3070400.0
41,2021-10-18 06:21:03,15550.0,2000.0,3067400.0
42,2021-10-18 06:21:03,15550.0,100.0,3065400.0
43,2021-10-18 06:21:03,15550.0,20000.0,3065300.0
44,2021-10-18 06:21:03,15550.0,1000.0,3045300.0
45,2021-10-18 06:21:03,15550.0,70000.0,3044300.0
46,2021-10-18 06:21:03,15550.0,5000.0,2974300.0
47,2021-10-18 06:21:03,15550.0,1000.0,2969300.0
48,2021-10-18 06:21:03,15550.0,10000.0,2968300.0
49,2021-10-18 06:21:03,15550.0,11000.0,2958300.0
50,2021-10-18 06:21:03,15550.0,1700.0,2947300.0
51,2021-10-18 06:21:03,15550.0,2000.0,2945600.0
52,2021-10-18 06:21:03,15550.0,300.0,2943600.0
53,2021-10-18 06:21:03,15550.0,2000.0,2943300.0
54,2021-10-18 06:21:03,15550.0,1000.0,2941300.0
55,2021-10-18 06:21:03,15550.0,50000.0,2940300.0
56,2021-10-18 06:21:03,15550.0,100.0,2890300.0
57,2021-10-18 06:21:03,15550.0,15000.0,2890200.0
58,2021-10-18 06:21:03,15550.0,100.0,2875200.0
59,2021-10-18 06:21:03,15550.0,6400.0,2875100.0
60,2021-10-18 06:21:03,15550.0,6500.0,2868700.0
61,2021-10-18 06:21:03,15550.0,1000.0,2862200.0
62,2021-10-18 06:21:03,15550.0,7000.0,2861200.0
63,2021-10-18 06:21:03,15550.0,100.0,2854200.0
64,2021-10-18 06:21:03,15550.0,500.0,2854100.0
65,2021-10-18 06:21:03,15550.0,7100.0,2853600.0
66,2021-10-18 06:21:01,15550.0,1000.0,2846500.0
67,2021-10-18 06:20:35,15550.0,1000.0,2845500.0
68,2021-10-18 06:20:21,15550.0,900.0,2844500.0
69,2021-10-18 06:20:21,15550.0,100.0,2843600.0
70,2021-10-18 06:15:56,15550.0,100.0,2843500.0
71,2021-10-18 06:15:19,15550.0,100.0,2843400.0
72,2021-10-18 06:15:14,15550.0,100.0,2843300.0
73,2021-10-18 06:12:29,15550.0,200.0,2843200.0
74,2021-10-18 06:10:43,15550.0,500.0,2843000.0
75,2021-10-18 06:09:49,15550.0,200.0,2842500.0
76,2021-10-18 06:09:10,15550.0,200.0,2842300.0
77,2021-10-18 06:08:50,15550.0,1000.0,2842100.0
78,2021-10-18 06:08:43,15550.0,500.0,2841100.0
79,2021-10-18 06:08:43,15550.0,900.0,2840600.0
80,2021-10-18 06:08:43,15550.0,24100.0,2839700.0
81,2021-10-18 06:08:41,15550.0,600.0,2815600.0
82,2021-10-18 06:08:37,15550.0,13400.0,2815000.0
83,2021-10-18 06:08:37,15550.0,400.0,2801600.0
84,2021-10-18 06:08:35,15550.0,1000.0,2801200.0
85,2021-10-18 06:08:35,15550.0,1000.0,2800200.0
86,2021-10-18 06:08:31,15550.0,300.0,2799200.0
87,2021-10-18 06:08:29,15550.0,3100.0,2798900.0
88,2021-10-18 06:08:21,15550.0,300.0,2795800.0
89,2021-10-18 06:08:20,15550.0,1000.0,2795500.0
90,2021-10-18 06:08:17,15550.0,1000.0,2794500.0
91,2021-10-18 06:08:16,15550.0,2000.0,2793500.0
92,2021-10-18 06:07:56,15550.0,900.0,2791500.0
93,2021-10-18 06:07:56,15550.0,100.0,2790600.0
94,2021-10-18 06:07:47,15550.0,600.0,2790500.0
95,2021-10-18 06:07:47,15550.0,400.0,2789900.0
96,2021-10-18 06:07:47,15550.0,200.0,2789500.0
97,2021-10-18 06:07:45,15550.0,1900.0,2789300.0
98,2021-10-18 06:07:42,15550.0,4700.0,2787400.0
99,2021-10-18 06:07:36,15550.0,1000.0,2782700.0
100,2021-10-18 06:07:25,15550.0,1000.0,2781700.0
101,2021-10-18 06:07:11,15500.0,300.0,2780700.0
102,2021-10-18 06:07:09,15550.0,1000.0,2780400.0
103,2021-10-18 06:07:01,15550.0,2000.0,2779400.0
104,2021-10-18 06:06:50,15550.0,1000.0,2777400.0
105,2021-10-18 06:06:33,15550.0,1000.0,2776400.0
106,2021-10-18 06:06:30,15550.0,800.0,2775400.0
107,2021-10-18 06:06:17,15550.0,200.0,2774600.0
108,2021-10-18 06:06:16,15550.0,5000.0,2774400.0
109,2021-10-18 06:06:02,15550.0,500.0,2769400.0
110,2021-10-18 06:05:53,15550.0,400.0,2768900.0
111,2021-10-18 06:05:50,15550.0,1000.0,2768500.0
112,2021-10-18 06:05:48,15550.0,4000.0,2767500.0
113,2021-10-18 06:05:47,15550.0,1600.0,2763500.0
114,2021-10-18 06:05:45,15550.0,5000.0,2761900.0
115,2021-10-18 06:05:31,15550.0,1000.0,2756900.0
116,2021-10-18 06:05:24,15550.0,300.0,2755900.0
117,2021-10-18 06:05:24,15550.0,2000.0,2755600.0
118,2021-10-18 06:05:23,15550.0,300.0,2753600.0
119,2021-10-18 06:05:20,15550.0,300.0,2753300.0
120,2021-10-18 06:05:20,15550.0,1000.0,2753000.0
121,2021-10-18 06:05:20,15550.0,1000.0,2752000.0
122,2021-10-18 06:05:20,15550.0,100.0,2751000.0
123,2021-10-18 06:05:20,15550.0,10000.0,2750900.0
124,2021-10-18 06:05:20,15550.0,300.0,2740900.0
125,2021-10-18 06:05:20,15550.0,1000.0,2740600.0
126,2021-10-18 06:05:09,15550.0,1000.0,2739600.0
127,2021-10-18 06:05:09,15550.0,800.0,2738600.0
128,2021-10-18 06:05:09,15550.0,12000.0,2737800.0
129,2021-10-18 06:05:09,15550.0,10000.0,2725800.0
130,2021-10-18 06:05:09,15550.0,10000.0,2715800.0
131,2021-10-18 06:05:09,15550.0,15000.0,2705800.0
132,2021-10-18 06:05:09,15550.0,100.0,2690800.0
133,2021-10-18 06:05:09,15550.0,1100.0,2690700.0
134,2021-10-18 06:05:06,15550.0,200.0,2689600.0
135,2021-10-18 06:04:59,15550.0,1900.0,2689400.0
136,2021-10-18 06:04:34,15550.0,400.0,2687500.0
137,2021-10-18 06:04:33,15550.0,100.0,2687100.0
138,2021-10-18 06:04:30,15550.0,100.0,2687000.0
139,2021-10-18 06:04:30,15550.0,900.0,2686900.0
140,2021-10-18 06:04:27,15550.0,7000.0,2686000.0
141,2021-10-18 06:04:22,15550.0,5600.0,2679000.0
142,2021-10-18 06:04:14,15550.0,100.0,2673400.0
143,2021-10-18 06:04:05,15550.0,500.0,2673300.0
144,2021-10-18 06:03:52,15550.0,1000.0,2672800.0
145,2021-10-18 06:03:52,15550.0,1000.0,2671800.0
146,2021-10-18 06:03:52,15550.0,100.0,2670800.0
147,2021-10-18 06:03:52,15550.0,1000.0,2670700.0
148,2021-10-18 06:03:52,15550.0,18000.0,2669700.0
149,2021-10-18 06:03:52,15550.0,2000.0,2651700.0
150,2021-10-18 06:03:52,15550.0,10000.0,2649700.0
151,2021-10-18 06:03:52,15550.0,10000.0,2639700.0
152,2021-10-18 06:03:52,15550.0,1200.0,2629700.0
153,2021-10-18 06:03:52,15550.0,35000.0,2628500.0
154,2021-10-18 06:03:52,15550.0,10000.0,2593500.0
155,2021-10-18 06:03:52,15550.0,5000.0,2583500.0
156,2021-10-18 06:03:52,15550.0,2000.0,2578500.0
157,2021-10-18 06:03:52,15550.0,1000.0,2576500.0
158,2021-10-18 06:03:52,15550.0,2200.0,2575500.0
159,2021-10-18 06:03:52,15550.0,20000.0,2573300.0
160,2021-10-18 06:03:52,15550.0,3700.0,2553300.0
161,2021-10-18 06:03:52,15550.0,10000.0,2549600.0
162,2021-10-18 06:03:52,15550.0,5000.0,2539600.0
163,2021-10-18 06:03:52,15550.0,10000.0,2534600.0
164,2021-10-18 06:03:52,15550.0,1500.0,2524600.0
165,2021-10-18 06:03:52,15550.0,36200.0,2523100.0
166,2021-10-18 06:02:08,15550.0,2000.0,2486900.0
167,2021-10-18 06:02:08,15550.0,6800.0,2484900.0
168,2021-10-18 06:02:07,15550.0,500.0,2478100.0
169,2021-10-18 06:02:06,15550.0,2700.0,2477600.0
170,2021-10-18 06:02:06,15550.0,500.0,2474900.0
171,2021-10-18 06:02:06,15550.0,500.0,2474400.0
172,2021-10-18 06:02:06,15550.0,1000.0,2473900.0
173,2021-10-18 06:02:06,15550.0,1000.0,2472900.0
174,2021-10-18 06:02:06,15550.0,300.0,2471900.0
175,2021-10-18 06:02:06,15550.0,5000.0,2471600.0
176,2021-10-18 06:02:06,15550.0,1500.0,2466600.0
177,2021-10-18 06:02:06,15550.0,1000.0,2465100.0
178,2021-10-18 06:02:06,15550.0,100.0,2464100.0
179,2021-10-18 06:02:06,15550.0,100.0,2464000.0
180,2021-10-18 06:02:06,15550.0,200.0,2463900.0
181,2021-10-18 06:02:06,15550.0,500.0,2463700.0
182,2021-10-18 06:02:06,15550.0,700.0,2463200.0
183,2021-10-18 06:02:06,15550.0,22600.0,2462500.0
184,2021-10-18 06:02:06,15550.0,100.0,2439900.0
185,2021-10-18 06:02:06,15550.0,1000.0,2439800.0
186,2021-10-18 06:02:06,15550.0,1000.0,2438800.0
187,2021-10-18 06:02:06,15550.0,100.0,2437800.0
188,2021-10-18 06:02:06,15550.0,200.0,2437700.0
189,2021-10-18 06:02:06,15550.0,100.0,2437500.0
190,2021-10-18 06:02:06,15550.0,300.0,2437400.0
191,2021-10-18 06:02:06,15550.0,500.0,2437100.0
192,2021-10-18 06:02:06,15550.0,600.0,2436600.0
193,2021-10-18 06:02:06,15550.0,5000.0,2436000.0
194,2021-10-18 06:02:06,15550.0,5000.0,2431000.0
195,2021-10-18 06:02:06,15550.0,100.0,2426000.0
196,2021-10-18 06:02:06,15550.0,5500.0,2425900.0
197,2021-10-18 06:02:06,15550.0,200.0,2420400.0
198,2021-10-18 06:02:06,15550.0,100.0,2420200.0
199,2021-10-18 06:02:06,15550.0,200.0,2420100.0
200,2021-10-18 06:02:06,15550.0,5300.0,2419900.0
201,2021-10-18 06:02:06,15550.0,500.0,2414600.0
202,2021-10-18 06:02:06,15550.0,100.0,2414100.0
203,2021-10-18 06:02:06,15550.0,200.0,2414000.0
204,2021-10-18 06:02:06,15550.0,200.0,2413800.0
205,2021-10-18 06:02:06,15550.0,200.0,2413600.0
206,2021-10-18 06:02:06,15550.0,500.0,2413400.0
207,2021-10-18 06:02:06,15550.0,200.0,2412900.0
208,2021-10-18 06:02:06,15550.0,1000.0,2412700.0
209,2021-10-18 06:02:06,15550.0,200.0,2411700.0
210,2021-10-18 06:02:06,15550.0,800.0,2411500.0
211,2021-10-18 06:02:06,15550.0,2500.0,2410700.0
212,2021-10-18 06:02:06,15550.0,500.0,2408200.0
213,2021-10-18 06:02:06,15550.0,300.0,2407700.0
214,2021-10-18 06:02:06,15550.0,500.0,2407400.0
215,2021-10-18 06:02:06,15550.0,200.0,2406900.0
216,2021-10-18 06:02:06,15550.0,600.0,2406700.0
217,2021-10-18 06:02:06,15550.0,1000.0,2406100.0
218,2021-10-18 06:02:06,15550.0,3500.0,2405100.0
219,2021-10-18 06:02:06,15550.0,100.0,2401600.0
220,2021-10-18 06:02:06,15550.0,200.0,2401500.0
221,2021-10-18 06:02:06,15550.0,300.0,2401300.0
222,2021-10-18 06:02:06,15550.0,500.0,2401000.0
223,2021-10-18 06:02:06,15550.0,2000.0,2400500.0
224,2021-10-18 06:02:06,15550.0,3900.0,2398500.0
225,2021-10-18 06:02:05,15550.0,1100.0,2394600.0
226,2021-10-18 06:02:05,15550.0,200.0,2393500.0
227,2021-10-18 06:02:05,15550.0,1100.0,2393300.0
228,2021-10-18 06:02:05,15550.0,200.0,2392200.0
229,2021-10-18 06:02:05,15550.0,500.0,2392000.0
230,2021-10-18 06:02:05,15550.0,300.0,2391500.0
231,2021-10-18 06:02:05,15550.0,500.0,2391200.0
232,2021-10-18 06:02:05,15550.0,200.0,2390700.0
233,2021-10-18 06:02:05,15550.0,1000.0,2390500.0
234,2021-10-18 06:02:05,15550.0,300.0,2389500.0
235,2021-10-18 06:02:05,15550.0,1000.0,2389200.0
236,2021-10-18 06:02:05,15550.0,3600.0,2388200.0
237,2021-10-18 06:02:02,15550.0,5000.0,2384600.0
238,2021-10-18 06:02:01,15550.0,3500.0,2379600.0
239,2021-10-18 06:02:00,15550.0,1000.0,2376100.0
240,2021-10-18 06:02:00,15550.0,6900.0,2375100.0
241,2021-10-18 06:02:00,15550.0,800.0,2368200.0
242,2021-10-18 06:02:00,15550.0,500.0,2367400.0
243,2021-10-18 06:02:00,15550.0,5200.0,2366900.0
244,2021-10-18 06:01:57,15550.0,100.0,2361700.0
245,2021-10-18 06:01:56,15550.0,14000.0,2361600.0
246,2021-10-18 06:01:53,15550.0,1000.0,2347600.0
247,2021-10-18 06:01:52,15550.0,10000.0,2346600.0
248,2021-10-18 06:01:50,15550.0,500.0,2336600.0
249,2021-10-18 06:01:47,15550.0,28000.0,2336100.0
250,2021-10-18 06:01:44,15550.0,2000.0,2308100.0
251,2021-10-18 06:01:42,15500.0,3600.0,2306100.0
252,2021-10-18 06:01:36,15550.0,8000.0,2302500.0
253,2021-10-18 06:01:35,15550.0,2000.0,2294500.0
254,2021-10-18 06:01:21,15550.0,2500.0,2292500.0
255,2021-10-18 06:01:08,15550.0,10000.0,2290000.0
256,2021-10-18 06:01:03,15550.0,1000.0,2280000.0
257,2021-10-18 06:00:15,15500.0,200.0,2279000.0
258,2021-10-18 06:00:15,15500.0,100.0,2278800.0
259,2021-10-18 06:00:15,15500.0,500.0,2278700.0
260,2021-10-18 06:00:15,15500.0,3500.0,2278200.0
261,2021-10-18 06:00:15,15500.0,200.0,2274700.0
262,2021-10-18 06:00:15,15500.0,500.0,2274500.0
263,2021-10-18 06:00:15,15500.0,300.0,2274000.0
264,2021-10-18 06:00:15,15500.0,100.0,2273700.0
265,2021-10-18 06:00:15,15500.0,100.0,2273600.0
266,2021-10-18 06:00:15,15500.0,100.0,2273500.0
267,2021-10-18 06:00:15,15500.0,500.0,2273400.0
268,2021-10-18 06:00:15,15500.0,100.0,2272900.0
269,2021-10-18 06:00:15,15500.0,2000.0,2272800.0
270,2021-10-18 06:00:15,15500.0,500.0,2270800.0
271,2021-10-18 06:00:15,15500.0,900.0,2270300.0
272,2021-10-18 06:00:15,15500.0,1000.0,2269400.0
273,2021-10-18 06:00:15,15500.0,300.0,2268400.0
274,2021-10-18 06:00:15,15500.0,3400.0,2268100.0
275,2021-10-18 06:00:15,15500.0,5000.0,2264700.0
276,2021-10-18 06:00:05,15500.0,600.0,2259700.0
277,2021-10-18 06:00:05,15500.0,200.0,2259100.0
278,2021-10-18 06:00:05,15500.0,2200.0,2258900.0
279,2021-10-18 06:00:05,15500.0,100.0,2256700.0
280,2021-10-18 06:00:02,15500.0,100.0,2256600.0
281,2021-10-18 06:00:01,15450.0,1000.0,2256500.0
282,2021-10-18 06:00:01,15450.0,20000.0,2255500.0
283,2021-10-18 06:00:01,15450.0,300.0,2235500.0
284,2021-10-18 06:00:01,15450.0,200.0,2235200.0
285,2021-10-18 06:00:01,15450.0,5000.0,2235000.0
286,2021-10-18 06:00:01,15450.0,400.0,2230000.0
287,2021-10-18 06:00:01,15450.0,5000.0,2229600.0
288,2021-10-18 06:00:01,15450.0,100.0,2224600.0
289,2021-10-18 06:00:01,15450.0,100.0,2224500.0
290,2021-10-18 06:00:01,15450.0,100.0,2224400.0
291,2021-10-18 06:00:01,15450.0,200.0,2224300.0
292,2021-10-18 06:00:01,15450.0,600.0,2224100.0
293,2021-10-18 06:00:01,15500.0,200.0,2223500.0
294,2021-10-18 06:00:00,15500.0,500.0,2223300.0
295,2021-10-18 06:00:00,15500.0,500.0,2222800.0
296,2021-10-18 06:00:00,15500.0,1000.0,2222300.0
297,2021-10-18 06:00:00,15500.0,7000.0,2221300.0
298,2021-10-18 04:28:49,15450.0,1300.0,2214300.0
299,2021-10-18 04:28:35,15450.0,200.0,2213000.0
300,2021-10-18 04:28:35,15450.0,500.0,2212800.0
301,2021-10-18 04:28:35,15450.0,9300.0,2212300.0
302,2021-10-18 04:28:08,15450.0,1000.0,2203000.0
303,2021-10-18 04:27:47,15450.0,200.0,2202000.0
304,2021-10-18 04:27:09,15450.0,1000.0,2201800.0
305,2021-10-18 04:25:50,15450.0,1000.0,2200800.0
306,2021-10-18 04:25:07,15450.0,500.0,2199800.0
307,2021-10-18 04:24:01,15450.0,5000.0,2199300.0
308,2021-10-18 04:23:15,15450.0,400.0,2194300.0
309,2021-10-18 04:22:16,15450.0,400.0,2193900.0
310,2021-10-18 04:20:32,15400.0,9600.0,2193500.0
311,2021-10-18 04:19:19,15400.0,200.0,2183900.0
312,2021-10-18 04:19:19,15400.0,5000.0,2183700.0
313,2021-10-18 04:19:19,15400.0,2000.0,2178700.0
314,2021-10-18 04:19:19,15400.0,1000.0,2176700.0
315,2021-10-18 04:19:19,15400.0,10000.0,2175700.0
316,2021-10-18 04:19:19,15400.0,200.0,2165700.0
317,2021-10-18 04:16:48,15400.0,800.0,2165500.0
318,2021-10-18 04:16:28,15400.0,100.0,2164700.0
319,2021-10-18 04:16:28,15400.0,300.0,2164600.0
320,2021-10-18 04:16:28,15400.0,300.0,2164300.0
321,2021-10-18 04:16:28,15400.0,1100.0,2164000.0
322,2021-10-18 04:16:28,15400.0,3000.0,2162900.0
323,2021-10-18 04:16:28,15400.0,11000.0,2159900.0
324,2021-10-18 04:16:28,15400.0,500.0,2148900.0
325,2021-10-18 04:16:28,15400.0,500.0,2148400.0
326,2021-10-18 04:16:28,15400.0,100.0,2147900.0
327,2021-10-18 04:16:28,15400.0,100.0,2147800.0
328,2021-10-18 04:16:28,15400.0,100.0,2147700.0
329,2021-10-18 04:16:28,15400.0,10000.0,2147600.0
330,2021-10-18 04:16:28,15400.0,100.0,2137600.0
331,2021-10-18 04:16:27,15450.0,100.0,2137500.0
332,2021-10-18 04:15:59,15450.0,1000.0,2137400.0
333,2021-10-18 04:15:01,15450.0,1000.0,2136400.0
334,2021-10-18 04:14:49,15450.0,900.0,2135400.0
335,2021-10-18 04:14:13,15450.0,1000.0,2134500.0
336,2021-10-18 04:14:13,15450.0,200.0,2133500.0
337,2021-10-18 04:14:13,15450.0,200.0,2133300.0
338,2021-10-18 04:14:13,15450.0,100.0,2133100.0
339,2021-10-18 04:14:13,15450.0,9700.0,2133000.0
340,2021-10-18 04:13:38,15500.0,100.0,2123300.0
341,2021-10-18 04:13:28,15500.0,300.0,2123200.0
342,2021-10-18 04:12:36,15450.0,300.0,2122900.0
343,2021-10-18 04:12:15,15450.0,200.0,2122600.0
344,2021-10-18 04:12:09,15450.0,100.0,2122400.0
345,2021-10-18 04:12:01,15450.0,8000.0,2122300.0
346,2021-10-18 04:11:41,15450.0,6000.0,2114300.0
347,2021-10-18 04:10:48,15450.0,200.0,2108300.0
348,2021-10-18 04:10:48,15450.0,3000.0,2108100.0
349,2021-10-18 04:10:48,15450.0,3000.0,2105100.0
350,2021-10-18 04:10:48,15450.0,5000.0,2102100.0
351,2021-10-18 04:10:48,15450.0,2000.0,2097100.0
352,2021-10-18 04:10:48,15450.0,5200.0,2095100.0
353,2021-10-18 04:10:43,15500.0,1200.0,2089900.0
354,2021-10-18 04:09:56,15500.0,100.0,2088700.0
355,2021-10-18 04:09:48,15500.0,100.0,2088600.0
356,2021-10-18 04:09:44,15450.0,100.0,2088500.0
357,2021-10-18 04:09:38,15450.0,200.0,2088400.0
358,2021-10-18 04:09:36,15450.0,1000.0,2088200.0
359,2021-10-18 04:08:56,15450.0,100.0,2087200.0
360,2021-10-18 04:08:56,15500.0,10000.0,2087100.0
361,2021-10-18 04:08:43,15500.0,28000.0,2077100.0
362,2021-10-18 04:08:05,15450.0,500.0,2049100.0
363,2021-10-18 04:08:05,15450.0,1000.0,2048600.0
364,2021-10-18 04:08:05,15450.0,1000.0,2047600.0
365,2021-10-18 04:08:05,15450.0,100.0,2046600.0
366,2021-10-18 04:07:56,15450.0,100.0,2046500.0
367,2021-10-18 04:07:56,15450.0,14900.0,2046400.0
368,2021-10-18 04:07:10,15450.0,1000.0,2031500.0
369,2021-10-18 04:06:53,15400.0,200.0,2030500.0
370,2021-10-18 04:06:53,15400.0,600.0,2030300.0
371,2021-10-18 04:06:32,15400.0,5000.0,2029700.0
372,2021-10-18 04:05:50,15400.0,100.0,2024700.0
373,2021-10-18 04:05:40,15400.0,500.0,2024600.0
374,2021-10-18 04:05:39,15400.0,20000.0,2024100.0
375,2021-10-18 04:05:25,15400.0,400.0,2004100.0
376,2021-10-18 04:03:46,15400.0,2000.0,2003700.0
377,2021-10-18 04:03:46,15400.0,300.0,2001700.0
378,2021-10-18 04:03:46,15400.0,2000.0,2001400.0
379,2021-10-18 04:03:46,15400.0,7700.0,1999400.0
380,2021-10-18 04:03:38,15450.0,1000.0,1991700.0
381,2021-10-18 04:03:19,15450.0,1000.0,1990700.0
382,2021-10-18 04:03:02,15450.0,4000.0,1989700.0
383,2021-10-18 04:02:58,15400.0,200.0,1985700.0
384,2021-10-18 04:02:23,15400.0,400.0,1985500.0
385,2021-10-18 04:02:01,15400.0,1600.0,1985100.0
386,2021-10-18 04:01:02,15400.0,100.0,1983500.0
387,2021-10-18 04:00:48,15400.0,200.0,1983400.0
388,2021-10-18 03:59:40,15400.0,300.0,1983200.0
389,2021-10-18 03:58:36,15400.0,200.0,1982900.0
390,2021-10-18 03:58:01,15400.0,4300.0,1982700.0
391,2021-10-18 03:58:01,15400.0,5000.0,1978400.0
392,2021-10-18 03:58:01,15400.0,200.0,1973400.0
393,2021-10-18 03:58:01,15400.0,5000.0,1973200.0
394,2021-10-18 03:58:01,15400.0,6000.0,1968200.0
395,2021-10-18 03:58:01,15400.0,300.0,1962200.0
396,2021-10-18 03:58:01,15400.0,1000.0,1961900.0
397,2021-10-18 03:58:01,15400.0,3200.0,1960900.0
398,2021-10-18 03:58:01,15400.0,8000.0,1957700.0
399,2021-10-18 03:57:58,15400.0,600.0,1949700.0
400,2021-10-18 03:57:15,15400.0,200.0,1949100.0
401,2021-10-18 03:56:46,15400.0,400.0,1948900.0
402,2021-10-18 03:56:13,15450.0,100.0,1948500.0
403,2021-10-18 03:55:57,15450.0,600.0,1948400.0
404,2021-10-18 03:55:51,15400.0,800.0,1947800.0
405,2021-10-18 03:55:09,15450.0,300.0,1947000.0
406,2021-10-18 03:55:08,15400.0,200.0,1946700.0
407,2021-10-18 03:55:08,15400.0,200.0,1946500.0
408,2021-10-18 03:55:00,15400.0,900.0,1946300.0
409,2021-10-18 03:54:57,15450.0,1600.0,1945400.0
410,2021-10-18 03:54:40,15450.0,200.0,1943800.0
411,2021-10-18 03:54:25,15450.0,600.0,1943600.0
412,2021-10-18 03:54:25,15450.0,7600.0,1943000.0
413,2021-10-18 03:54:13,15450.0,5000.0,1935400.0
414,2021-10-18 03:53:40,15400.0,200.0,1930400.0
415,2021-10-18 03:52:38,15400.0,300.0,1930200.0
416,2021-10-18 03:52:09,15400.0,300.0,1929900.0
417,2021-10-18 03:51:55,15400.0,200.0,1929600.0
418,2021-10-18 03:51:55,15400.0,100.0,1929400.0
419,2021-10-18 03:51:46,15400.0,300.0,1929300.0
420,2021-10-18 03:51:33,15400.0,100.0,1929000.0
421,2021-10-18 03:51:33,15400.0,1000.0,1928900.0
422,2021-10-18 03:51:33,15400.0,200.0,1927900.0
423,2021-10-18 03:51:33,15400.0,700.0,1927700.0
424,2021-10-18 03:51:07,15400.0,500.0,1927000.0
425,2021-10-18 03:50:55,15400.0,400.0,1926500.0
426,2021-10-18 03:50:55,15400.0,500.0,1926100.0
427,2021-10-18 03:50:55,15400.0,4100.0,1925600.0
428,2021-10-18 03:49:56,15400.0,1000.0,1921500.0
429,2021-10-18 03:49:34,15400.0,20000.0,1920500.0
430,2021-10-18 03:49:00,15400.0,100.0,1900500.0
431,2021-10-18 03:48:55,15400.0,300.0,1900400.0
432,2021-10-18 03:48:33,15400.0,700.0,1900100.0
433,2021-10-18 03:48:31,15400.0,3800.0,1899400.0
434,2021-10-18 03:48:11,15400.0,2000.0,1895600.0
435,2021-10-18 03:48:11,15400.0,300.0,1893600.0
436,2021-10-18 03:48:11,15400.0,3900.0,1893300.0
437,2021-10-18 03:48:06,15400.0,100.0,1889400.0
438,2021-10-18 03:47:32,15400.0,100.0,1889300.0
439,2021-10-18 03:47:02,15400.0,10000.0,1889200.0
440,2021-10-18 03:46:52,15400.0,5900.0,1879200.0
441,2021-10-18 03:46:51,15450.0,8000.0,1873300.0
442,2021-10-18 03:46:45,15450.0,29400.0,1865300.0
443,2021-10-18 03:46:45,15450.0,600.0,1835900.0
444,2021-10-18 03:46:31,15400.0,4100.0,1835300.0
445,2021-10-18 03:46:28,15400.0,10000.0,1831200.0
446,2021-10-18 03:46:23,15400.0,5900.0,1821200.0
447,2021-10-18 03:46:09,15400.0,4100.0,1815300.0
448,2021-10-18 03:46:02,15400.0,1000.0,1811200.0
449,2021-10-18 03:46:02,15400.0,10000.0,1810200.0
450,2021-10-18 03:46:02,15400.0,1900.0,1800200.0
451,2021-10-18 03:45:50,15450.0,100.0,1798300.0
452,2021-10-18 03:45:48,15400.0,100.0,1798200.0
453,2021-10-18 03:45:48,15400.0,2900.0,1798100.0
454,2021-10-18 03:44:51,15400.0,7100.0,1795200.0
455,2021-10-18 03:44:16,15400.0,500.0,1788100.0
456,2021-10-18 03:43:49,15400.0,1000.0,1787600.0
457,2021-10-18 03:43:44,15400.0,100.0,1786600.0
458,2021-10-18 03:43:35,15400.0,100.0,1786500.0
459,2021-10-18 03:43:35,15400.0,1100.0,1786400.0
460,2021-10-18 03:43:32,15400.0,100.0,1785300.0
461,2021-10-18 03:40:58,15300.0,400.0,1785200.0
462,2021-10-18 03:40:58,15300.0,1000.0,1784800.0
463,2021-10-18 03:40:58,15300.0,400.0,1783800.0
464,2021-10-18 03:40:58,15300.0,900.0,1783400.0
465,2021-10-18 03:40:58,15300.0,1000.0,1782500.0
466,2021-10-18 03:40:58,15300.0,2000.0,1781500.0
467,2021-10-18 03:40:58,15300.0,200.0,1779500.0
468,2021-10-18 03:40:58,15300.0,300.0,1779300.0
469,2021-10-18 03:40:58,15300.0,1000.0,1779000.0
470,2021-10-18 03:40:58,15300.0,200.0,1778000.0
471,2021-10-18 03:40:58,15300.0,200.0,1777800.0
472,2021-10-18 03:40:58,15300.0,2000.0,1777600.0
473,2021-10-18 03:40:58,15300.0,1600.0,1775600.0
474,2021-10-18 03:40:58,15350.0,5000.0,1774000.0
475,2021-10-18 03:40:58,15350.0,100.0,1769000.0
476,2021-10-18 03:40:58,15350.0,5000.0,1768900.0
477,2021-10-18 03:40:58,15350.0,1000.0,1763900.0
478,2021-10-18 03:40:58,15350.0,100.0,1762900.0
479,2021-10-18 03:40:58,15350.0,4000.0,1762800.0
480,2021-10-18 03:40:58,15350.0,1500.0,1758800.0
481,2021-10-18 03:40:58,15350.0,600.0,1757300.0
482,2021-10-18 03:40:58,15350.0,1000.0,1756700.0
483,2021-10-18 03:40:58,15350.0,500.0,1755700.0
484,2021-10-18 03:39:50,15450.0,300.0,1755200.0
485,2021-10-18 03:39:25,15400.0,1000.0,1754900.0
486,2021-10-18 03:39:25,15400.0,2000.0,1753900.0
487,2021-10-18 03:39:13,15400.0,24000.0,1751900.0
488,2021-10-18 03:39:13,15400.0,3000.0,1727900.0
489,2021-10-18 03:39:00,15400.0,500.0,1724900.0
490,2021-10-18 03:38:57,15500.0,800.0,1724400.0
491,2021-10-18 03:38:57,15500.0,1200.0,1723600.0
492,2021-10-18 03:38:54,15400.0,6500.0,1722400.0
493,2021-10-18 03:38:18,15400.0,13300.0,1715900.0
494,2021-10-18 03:38:18,15400.0,200.0,1702600.0
495,2021-10-18 03:37:50,15400.0,2200.0,1702400.0
496,2021-10-18 03:37:25,15400.0,2300.0,1700200.0
497,2021-10-18 03:37:25,15400.0,1000.0,1697900.0
498,2021-10-18 03:37:25,15400.0,1000.0,1696900.0
499,2021-10-18 03:37:25,15400.0,100.0,1695900.0
500,2021-10-18 03:37:25,15400.0,3400.0,1695800.0
501,2021-10-18 03:36:30,15500.0,500.0,1692400.0
502,2021-10-18 03:36:03,15400.0,6600.0,1691900.0
503,2021-10-18 03:35:51,15400.0,500.0,1685300.0
504,2021-10-18 03:35:46,15400.0,500.0,1684800.0
505,2021-10-18 03:35:46,15400.0,100.0,1684300.0
506,2021-10-18 03:35:46,15400.0,100.0,1684200.0
507,2021-10-18 03:35:46,15400.0,100.0,1684100.0
508,2021-10-18 03:35:46,15400.0,100.0,1684000.0
509,2021-10-18 03:35:46,15400.0,500.0,1683900.0
510,2021-10-18 03:35:46,15400.0,500.0,1683400.0
511,2021-10-18 03:35:46,15400.0,200.0,1682900.0
512,2021-10-18 03:35:46,15400.0,500.0,1682700.0
513,2021-10-18 03:35:46,15400.0,300.0,1682200.0
514,2021-10-18 03:35:15,15500.0,100.0,1681900.0
515,2021-10-18 03:35:09,15500.0,500.0,1681800.0
516,2021-10-18 03:35:06,15500.0,1200.0,1681300.0
517,2021-10-18 03:35:06,15500.0,600.0,1680100.0
518,2021-10-18 03:35:06,15500.0,100.0,1679500.0
519,2021-10-18 03:35:05,15500.0,400.0,1679400.0
520,2021-10-18 03:35:05,15500.0,600.0,1679000.0
521,2021-10-18 03:34:09,15500.0,700.0,1678400.0
522,2021-10-18 03:33:41,15500.0,300.0,1677700.0
523,2021-10-18 03:33:33,15400.0,300.0,1677400.0
524,2021-10-18 03:33:18,15400.0,9400.0,1677100.0
525,2021-10-18 03:33:18,15400.0,200.0,1667700.0
526,2021-10-18 03:33:18,15400.0,400.0,1667500.0
527,2021-10-18 03:32:08,15400.0,100.0,1667100.0
528,2021-10-18 03:32:07,15400.0,2500.0,1667000.0
529,2021-10-18 03:32:07,15400.0,20000.0,1664500.0
530,2021-10-18 03:32:07,15400.0,100.0,1644500.0
531,2021-10-18 03:32:07,15400.0,800.0,1644400.0
532,2021-10-18 03:32:07,15400.0,4800.0,1643600.0
533,2021-10-18 03:32:07,15450.0,1700.0,1638800.0
534,2021-10-18 03:31:56,15450.0,1000.0,1637100.0
535,2021-10-18 03:31:45,15450.0,2300.0,1636100.0
536,2021-10-18 03:31:40,15450.0,100.0,1633800.0
537,2021-10-18 03:31:23,15400.0,200.0,1633700.0
538,2021-10-18 03:31:23,15400.0,1000.0,1633500.0
539,2021-10-18 03:31:23,15400.0,800.0,1632500.0
540,2021-10-18 03:31:23,15400.0,3000.0,1631700.0
541,2021-10-18 03:31:17,15450.0,5000.0,1628700.0
542,2021-10-18 03:31:08,15450.0,2600.0,1623700.0
543,2021-10-18 03:30:48,15450.0,100.0,1621100.0
544,2021-10-18 03:30:48,15450.0,7300.0,1621000.0
545,2021-10-18 03:30:42,15450.0,200.0,1613700.0
546,2021-10-18 03:30:42,15450.0,2500.0,1613500.0
547,2021-10-18 03:30:21,15450.0,7500.0,1611000.0
548,2021-10-18 03:30:17,15450.0,10000.0,1603500.0
549,2021-10-18 03:30:11,15450.0,300.0,1593500.0
550,2021-10-18 03:29:20,15450.0,100.0,1593200.0
551,2021-10-18 03:28:59,15450.0,20000.0,1593100.0
552,2021-10-18 03:27:58,15450.0,100.0,1573100.0
553,2021-10-18 03:27:58,15400.0,900.0,1573000.0
554,2021-10-18 03:27:56,15400.0,300.0,1572100.0
555,2021-10-18 03:27:56,15400.0,1700.0,1571800.0
556,2021-10-18 03:27:56,15400.0,1000.0,1570100.0
557,2021-10-18 03:27:56,15400.0,2000.0,1569100.0
558,2021-10-18 03:27:56,15400.0,500.0,1567100.0
559,2021-10-18 03:27:56,15400.0,1000.0,1566600.0
560,2021-10-18 03:27:56,15400.0,100.0,1565600.0
561,2021-10-18 03:27:56,15400.0,600.0,1565500.0
562,2021-10-18 03:27:56,15400.0,1900.0,1564900.0
563,2021-10-18 03:27:51,15450.0,9000.0,1563000.0
564,2021-10-18 03:27:51,15450.0,500.0,1554000.0
565,2021-10-18 03:27:51,15450.0,1000.0,1553500.0
566,2021-10-18 03:27:51,15450.0,1500.0,1552500.0
567,2021-10-18 03:27:32,15500.0,5000.0,1551000.0
568,2021-10-18 03:26:43,15450.0,500.0,1546000.0
569,2021-10-18 03:26:43,15450.0,1000.0,1545500.0
570,2021-10-18 03:26:43,15450.0,5000.0,1544500.0
571,2021-10-18 03:26:43,15450.0,2000.0,1539500.0
572,2021-10-18 03:26:12,15400.0,100.0,1537500.0
573,2021-10-18 03:24:34,15400.0,1000.0,1537400.0
574,2021-10-18 03:24:34,15400.0,3000.0,1536400.0
575,2021-10-18 03:24:34,15400.0,6000.0,1533400.0
576,2021-10-18 03:24:09,15400.0,1300.0,1527400.0
577,2021-10-18 03:23:56,15400.0,1000.0,1526100.0
578,2021-10-18 03:23:36,15400.0,100.0,1525100.0
579,2021-10-18 03:23:33,15400.0,5400.0,1525000.0
580,2021-10-18 03:22:08,15400.0,400.0,1519600.0
581,2021-10-18 03:21:56,15400.0,200.0,1519200.0
582,2021-10-18 03:21:56,15400.0,500.0,1519000.0
583,2021-10-18 03:20:03,15400.0,4000.0,1518500.0
584,2021-10-18 03:20:03,15400.0,900.0,1514500.0
585,2021-10-18 03:19:41,15400.0,500.0,1513600.0
586,2021-10-18 03:19:17,15400.0,2000.0,1513100.0
587,2021-10-18 03:19:17,15400.0,700.0,1511100.0
588,2021-10-18 03:19:07,15400.0,1400.0,1510400.0
589,2021-10-18 03:18:55,15300.0,2900.0,1509000.0
590,2021-10-18 03:18:55,15300.0,1000.0,1506100.0
591,2021-10-18 03:18:55,15300.0,100.0,1505100.0
592,2021-10-18 03:18:55,15300.0,1000.0,1505000.0
593,2021-10-18 03:18:52,15400.0,100.0,1504000.0
594,2021-10-18 03:18:39,15400.0,300.0,1503900.0
595,2021-10-18 03:17:38,15300.0,100.0,1503600.0
596,2021-10-18 03:17:38,15300.0,200.0,1503500.0
597,2021-10-18 03:17:38,15300.0,100.0,1503300.0
598,2021-10-18 03:17:38,15300.0,1500.0,1503200.0
599,2021-10-18 03:17:38,15300.0,100.0,1501700.0
600,2021-10-18 03:17:38,15300.0,500.0,1501600.0
601,2021-10-18 03:17:38,15300.0,100.0,1501100.0
602,2021-10-18 03:17:38,15300.0,300.0,1501000.0
603,2021-10-18 03:17:38,15300.0,100.0,1500700.0
604,2021-10-18 03:17:38,15350.0,1000.0,1500600.0
605,2021-10-18 03:17:38,15350.0,5000.0,1499600.0
606,2021-10-18 03:17:38,15350.0,1000.0,1494600.0
607,2021-10-18 03:16:50,15400.0,1000.0,1493600.0
608,2021-10-18 03:16:31,15400.0,400.0,1492600.0
609,2021-10-18 03:16:16,15400.0,5000.0,1492200.0
610,2021-10-18 03:16:16,15400.0,1100.0,1487200.0
611,2021-10-18 03:16:05,15400.0,100.0,1486100.0
612,2021-10-18 03:15:57,15400.0,3800.0,1486000.0
613,2021-10-18 03:15:51,15400.0,100.0,1482200.0
614,2021-10-18 03:15:50,15400.0,4000.0,1482100.0
615,2021-10-18 03:15:46,15400.0,2100.0,1478100.0
616,2021-10-18 03:15:36,15400.0,2200.0,1476000.0
617,2021-10-18 03:15:32,15400.0,300.0,1473800.0
618,2021-10-18 03:15:23,15400.0,5000.0,1473500.0
619,2021-10-18 03:15:21,15400.0,100.0,1468500.0
620,2021-10-18 03:15:06,15400.0,1500.0,1468400.0
621,2021-10-18 03:15:04,15300.0,900.0,1466900.0
622,2021-10-18 03:15:04,15300.0,1900.0,1466000.0
623,2021-10-18 03:15:04,15300.0,300.0,1464100.0
624,2021-10-18 03:15:04,15300.0,5000.0,1463800.0
625,2021-10-18 03:15:04,15300.0,500.0,1458800.0
626,2021-10-18 03:15:04,15350.0,100.0,1458300.0
627,2021-10-18 03:15:04,15350.0,1000.0,1458200.0
628,2021-10-18 03:15:04,15350.0,300.0,1457200.0
629,2021-10-18 03:14:48,15400.0,2000.0,1456900.0
630,2021-10-18 03:14:33,15400.0,500.0,1454900.0
631,2021-10-18 03:14:11,15400.0,100.0,1454400.0
632,2021-10-18 03:13:48,15400.0,500.0,1454300.0
633,2021-10-18 03:13:27,15400.0,500.0,1453800.0
634,2021-10-18 03:13:27,15400.0,500.0,1453300.0
635,2021-10-18 03:13:27,15400.0,300.0,1452800.0
636,2021-10-18 03:13:27,15400.0,1000.0,1452500.0
637,2021-10-18 03:13:27,15400.0,100.0,1451500.0
638,2021-10-18 03:13:27,15400.0,2000.0,1451400.0
639,2021-10-18 03:13:27,15400.0,400.0,1449400.0
640,2021-10-18 03:13:27,15450.0,3000.0,1449000.0
641,2021-10-18 03:13:16,15450.0,2000.0,1446000.0
642,2021-10-18 03:12:28,15400.0,400.0,1444000.0
643,2021-10-18 03:12:28,15450.0,500.0,1443600.0
644,2021-10-18 03:11:59,15400.0,1200.0,1443100.0
645,2021-10-18 03:11:59,15400.0,100.0,1441900.0
646,2021-10-18 03:11:59,15400.0,100.0,1441800.0
647,2021-10-18 03:11:59,15400.0,100.0,1441700.0
648,2021-10-18 03:11:59,15400.0,300.0,1441600.0
649,2021-10-18 03:11:59,15400.0,400.0,1441300.0
650,2021-10-18 03:11:59,15400.0,2000.0,1440900.0
651,2021-10-18 03:11:59,15400.0,2000.0,1438900.0
652,2021-10-18 03:11:59,15400.0,2000.0,1436900.0
653,2021-10-18 03:11:59,15400.0,1000.0,1434900.0
654,2021-10-18 03:11:59,15400.0,3000.0,1433900.0
655,2021-10-18 03:11:59,15400.0,100.0,1430900.0
656,2021-10-18 03:11:59,15400.0,400.0,1430800.0
657,2021-10-18 03:11:59,15400.0,1000.0,1430400.0
658,2021-10-18 03:11:59,15400.0,300.0,1429400.0
659,2021-10-18 03:11:59,15400.0,10000.0,1429100.0
660,2021-10-18 03:11:59,15400.0,100.0,1419100.0
661,2021-10-18 03:11:59,15400.0,1000.0,1419000.0
662,2021-10-18 03:11:59,15400.0,1000.0,1418000.0
663,2021-10-18 03:11:59,15400.0,200.0,1417000.0
664,2021-10-18 03:11:59,15450.0,200.0,1416800.0
665,2021-10-18 03:11:59,15450.0,300.0,1416600.0
666,2021-10-18 03:11:59,15450.0,1000.0,1416300.0
667,2021-10-18 03:11:59,15450.0,200.0,1415300.0
668,2021-10-18 03:11:59,15450.0,100.0,1415100.0
669,2021-10-18 03:11:59,15450.0,1000.0,1415000.0
670,2021-10-18 03:11:59,15450.0,100.0,1414000.0
671,2021-10-18 03:11:59,15450.0,800.0,1413900.0
672,2021-10-18 03:10:36,15450.0,1200.0,1413100.0
673,2021-10-18 03:10:34,15450.0,2000.0,1411900.0
674,2021-10-18 03:10:11,15450.0,600.0,1409900.0
675,2021-10-18 03:10:11,15450.0,2900.0,1409300.0
676,2021-10-18 03:09:50,15450.0,3000.0,1406400.0
677,2021-10-18 03:09:16,15400.0,200.0,1403400.0
678,2021-10-18 03:08:57,15450.0,4100.0,1403200.0
679,2021-10-18 03:08:42,15450.0,2700.0,1399100.0
680,2021-10-18 03:08:36,15450.0,300.0,1396400.0
681,2021-10-18 03:08:36,15450.0,1000.0,1396100.0
682,2021-10-18 03:08:36,15450.0,6500.0,1395100.0
683,2021-10-18 03:08:36,15450.0,4500.0,1388600.0
684,2021-10-18 03:07:33,15500.0,500.0,1384100.0
685,2021-10-18 03:07:10,15500.0,400.0,1383600.0
686,2021-10-18 03:06:37,15450.0,3500.0,1383200.0
687,2021-10-18 03:06:34,15450.0,2000.0,1379700.0
688,2021-10-18 03:06:33,15450.0,300.0,1377700.0
689,2021-10-18 03:06:29,15450.0,2000.0,1377400.0
690,2021-10-18 03:06:29,15450.0,500.0,1375400.0
691,2021-10-18 03:06:29,15450.0,1000.0,1374900.0
692,2021-10-18 03:06:29,15450.0,100.0,1373900.0
693,2021-10-18 03:06:29,15450.0,600.0,1373800.0
694,2021-10-18 03:05:19,15450.0,3400.0,1373200.0
695,2021-10-18 03:04:52,15500.0,100.0,1369800.0
696,2021-10-18 03:04:49,15450.0,2100.0,1369700.0
697,2021-10-18 03:03:51,15450.0,600.0,1367600.0
698,2021-10-18 03:03:51,15450.0,5000.0,1367000.0
699,2021-10-18 03:03:51,15450.0,1000.0,1362000.0
700,2021-10-18 03:03:51,15450.0,100.0,1361000.0
701,2021-10-18 03:03:51,15450.0,1300.0,1360900.0
702,2021-10-18 03:03:51,15450.0,2000.0,1359600.0
703,2021-10-18 03:03:51,15450.0,4000.0,1357600.0
704,2021-10-18 03:03:51,15450.0,300.0,1353600.0
705,2021-10-18 03:03:51,15450.0,1000.0,1353300.0
706,2021-10-18 03:03:51,15450.0,1000.0,1352300.0
707,2021-10-18 03:03:51,15450.0,200.0,1351300.0
708,2021-10-18 03:03:51,15450.0,700.0,1351100.0
709,2021-10-18 03:03:51,15450.0,1000.0,1350400.0
710,2021-10-18 03:03:51,15450.0,200.0,1349400.0
711,2021-10-18 03:03:51,15450.0,1000.0,1349200.0
712,2021-10-18 03:03:51,15450.0,2000.0,1348200.0
713,2021-10-18 03:03:51,15450.0,1500.0,1346200.0
714,2021-10-18 03:03:34,15500.0,10000.0,1344700.0
715,2021-10-18 03:03:28,15450.0,100.0,1334700.0
716,2021-10-18 03:03:25,15450.0,100.0,1334600.0
717,2021-10-18 03:02:38,15450.0,800.0,1334500.0
718,2021-10-18 03:02:38,15450.0,1000.0,1333700.0
719,2021-10-18 03:02:38,15450.0,100.0,1332700.0
720,2021-10-18 03:02:38,15450.0,100.0,1332600.0
721,2021-10-18 03:02:38,15450.0,4300.0,1332500.0
722,2021-10-18 03:02:30,15500.0,500.0,1328200.0
723,2021-10-18 03:02:10,15450.0,200.0,1327700.0
724,2021-10-18 03:02:03,15450.0,200.0,1327500.0
725,2021-10-18 03:01:33,15500.0,300.0,1327300.0
726,2021-10-18 03:01:24,15500.0,100.0,1327000.0
727,2021-10-18 03:01:19,15500.0,5000.0,1326900.0
728,2021-10-18 03:01:12,15450.0,3000.0,1321900.0
729,2021-10-18 03:01:05,15500.0,2000.0,1318900.0
730,2021-10-18 03:00:32,15500.0,2300.0,1316900.0
731,2021-10-18 03:00:01,15500.0,300.0,1314600.0
732,2021-10-18 02:59:17,15500.0,3000.0,1314300.0
733,2021-10-18 02:59:08,15500.0,200.0,1311300.0
734,2021-10-18 02:59:01,15500.0,200.0,1311100.0
735,2021-10-18 02:58:41,15500.0,300.0,1310900.0
736,2021-10-18 02:58:39,15500.0,18200.0,1310600.0
737,2021-10-18 02:58:39,15500.0,500.0,1292400.0
738,2021-10-18 02:58:39,15500.0,1300.0,1291900.0
739,2021-10-18 02:58:14,15500.0,100.0,1290600.0
740,2021-10-18 02:58:08,15500.0,200.0,1290500.0
741,2021-10-18 02:57:34,15500.0,500.0,1290300.0
742,2021-10-18 02:57:28,15500.0,1000.0,1289800.0
743,2021-10-18 02:57:07,15500.0,1000.0,1288800.0
744,2021-10-18 02:57:02,15500.0,900.0,1287800.0
745,2021-10-18 02:57:02,15500.0,400.0,1286900.0
746,2021-10-18 02:57:02,15500.0,700.0,1286500.0
747,2021-10-18 02:56:50,15500.0,100.0,1285800.0
748,2021-10-18 02:56:26,15500.0,100.0,1285700.0
749,2021-10-18 02:56:05,15500.0,100.0,1285600.0
750,2021-10-18 02:55:37,15500.0,1000.0,1285500.0
751,2021-10-18 02:55:36,15500.0,100.0,1284500.0
752,2021-10-18 02:55:34,15500.0,1000.0,1284400.0
753,2021-10-18 02:55:34,15500.0,2600.0,1283400.0
754,2021-10-18 02:55:34,15500.0,4400.0,1280800.0
755,2021-10-18 02:54:32,15500.0,600.0,1276400.0
756,2021-10-18 02:54:32,15500.0,100.0,1275800.0
757,2021-10-18 02:54:32,15500.0,500.0,1275700.0
758,2021-10-18 02:54:32,15500.0,1800.0,1275200.0
759,2021-10-18 02:54:21,15500.0,200.0,1273400.0
760,2021-10-18 02:54:21,15500.0,500.0,1273200.0
761,2021-10-18 02:53:29,15500.0,200.0,1272700.0
762,2021-10-18 02:53:17,15500.0,300.0,1272500.0
763,2021-10-18 02:53:17,15500.0,4700.0,1272200.0
764,2021-10-18 02:53:07,15500.0,300.0,1267500.0
765,2021-10-18 02:52:50,15500.0,100.0,1267200.0
766,2021-10-18 02:52:39,15500.0,100.0,1267100.0
767,2021-10-18 02:52:25,15500.0,800.0,1267000.0
768,2021-10-18 02:52:15,15500.0,8000.0,1266200.0
769,2021-10-18 02:52:00,15500.0,100.0,1258200.0
770,2021-10-18 02:51:56,15450.0,2100.0,1258100.0
771,2021-10-18 02:51:54,15500.0,1000.0,1256000.0
772,2021-10-18 02:51:44,15500.0,5300.0,1255000.0
773,2021-10-18 02:51:32,15500.0,1000.0,1249700.0
774,2021-10-18 02:51:29,15500.0,100.0,1248700.0
775,2021-10-18 02:51:23,15500.0,1100.0,1248600.0
776,2021-10-18 02:51:08,15500.0,1000.0,1247500.0
777,2021-10-18 02:50:56,15500.0,300.0,1246500.0
778,2021-10-18 02:50:52,15500.0,1100.0,1246200.0
779,2021-10-18 02:50:51,15500.0,700.0,1245100.0
780,2021-10-18 02:50:49,15500.0,10000.0,1244400.0
781,2021-10-18 02:50:36,15500.0,2400.0,1234400.0
782,2021-10-18 02:50:30,15500.0,1000.0,1232000.0
783,2021-10-18 02:50:27,15500.0,4000.0,1231000.0
784,2021-10-18 02:50:08,15500.0,5000.0,1227000.0
785,2021-10-18 02:50:07,15500.0,900.0,1222000.0
786,2021-10-18 02:50:02,15500.0,1000.0,1221100.0
787,2021-10-18 02:49:19,15500.0,1000.0,1220100.0
788,2021-10-18 02:49:19,15500.0,500.0,1219100.0
789,2021-10-18 02:49:19,15500.0,600.0,1218600.0
790,2021-10-18 02:49:19,15500.0,1000.0,1218000.0
791,2021-10-18 02:49:19,15500.0,200.0,1217000.0
792,2021-10-18 02:49:19,15500.0,2000.0,1216800.0
793,2021-10-18 02:49:19,15500.0,4700.0,1214800.0
794,2021-10-18 02:49:12,15500.0,1200.0,1210100.0
795,2021-10-18 02:48:58,15500.0,1000.0,1208900.0
796,2021-10-18 02:48:50,15500.0,1000.0,1207900.0
797,2021-10-18 02:48:44,15450.0,200.0,1206900.0
798,2021-10-18 02:48:44,15450.0,100.0,1206700.0
799,2021-10-18 02:48:43,15500.0,500.0,1206600.0
800,2021-10-18 02:48:42,15500.0,15000.0,1206100.0
801,2021-10-18 02:48:13,15500.0,200.0,1191100.0
802,2021-10-18 02:48:02,15500.0,2800.0,1190900.0
803,2021-10-18 02:47:59,15500.0,100.0,1188100.0
804,2021-10-18 02:47:55,15500.0,2000.0,1188000.0
805,2021-10-18 02:47:28,15500.0,100.0,1186000.0
806,2021-10-18 02:47:24,15500.0,400.0,1185900.0
807,2021-10-18 02:46:47,15500.0,2000.0,1185500.0
808,2021-10-18 02:46:24,15500.0,800.0,1183500.0
809,2021-10-18 02:46:11,15500.0,300.0,1182700.0
810,2021-10-18 02:46:11,15500.0,10000.0,1182400.0
811,2021-10-18 02:46:11,15500.0,7900.0,1172400.0
812,2021-10-18 02:45:59,15550.0,15700.0,1164500.0
813,2021-10-18 02:45:59,15550.0,4300.0,1148800.0
814,2021-10-18 02:45:30,15500.0,200.0,1144500.0
815,2021-10-18 02:45:29,15550.0,3800.0,1144300.0
816,2021-10-18 02:44:55,15550.0,1000.0,1140500.0
817,2021-10-18 02:44:42,15500.0,1900.0,1139500.0
818,2021-10-18 02:44:42,15500.0,10000.0,1137600.0
819,2021-10-18 02:44:42,15500.0,100.0,1127600.0
820,2021-10-18 02:44:37,15500.0,5000.0,1127500.0
821,2021-10-18 02:44:31,15500.0,100.0,1122500.0
822,2021-10-18 02:44:23,15500.0,100.0,1122400.0
823,2021-10-18 02:44:23,15500.0,1000.0,1122300.0
824,2021-10-18 02:44:23,15500.0,100.0,1121300.0
825,2021-10-18 02:44:23,15500.0,2000.0,1121200.0
826,2021-10-18 02:44:23,15500.0,3000.0,1119200.0
827,2021-10-18 02:44:23,15500.0,500.0,1116200.0
828,2021-10-18 02:44:23,15500.0,1000.0,1115700.0
829,2021-10-18 02:44:23,15500.0,3000.0,1114700.0
830,2021-10-18 02:44:23,15500.0,10000.0,1111700.0
831,2021-10-18 02:44:23,15500.0,3500.0,1101700.0
832,2021-10-18 02:44:23,15500.0,8700.0,1098200.0
833,2021-10-18 02:44:18,15500.0,1000.0,1089500.0
834,2021-10-18 02:43:28,15500.0,300.0,1088500.0
835,2021-10-18 02:42:26,15500.0,1000.0,1088200.0
836,2021-10-18 02:42:26,15500.0,1000.0,1087200.0
837,2021-10-18 02:42:26,15500.0,400.0,1086200.0
838,2021-10-18 02:42:26,15500.0,100.0,1085800.0
839,2021-10-18 02:42:26,15500.0,5900.0,1085700.0
840,2021-10-18 02:42:25,15500.0,10000.0,1079800.0
841,2021-10-18 02:42:24,15500.0,10000.0,1069800.0
842,2021-10-18 02:42:22,15500.0,10000.0,1059800.0
843,2021-10-18 02:42:20,15500.0,10000.0,1049800.0
844,2021-10-18 02:42:19,15500.0,10000.0,1039800.0
845,2021-10-18 02:42:16,15500.0,10000.0,1029800.0
846,2021-10-18 02:42:15,15500.0,10000.0,1019800.0
847,2021-10-18 02:42:11,15450.0,7000.0,1009800.0
848,2021-10-18 02:41:58,15450.0,3000.0,1002800.0
849,2021-10-18 02:41:56,15500.0,500.0,999800.0
850,2021-10-18 02:41:55,15500.0,4800.0,999300.0
851,2021-10-18 02:41:38,15500.0,1200.0,994500.0
852,2021-10-18 02:41:28,15500.0,200.0,993300.0
853,2021-10-18 02:41:19,15500.0,700.0,993100.0
854,2021-10-18 02:40:42,15500.0,3300.0,992400.0
855,2021-10-18 02:40:41,15500.0,2300.0,989100.0
856,2021-10-18 02:40:41,15500.0,300.0,986800.0
857,2021-10-18 02:40:40,15500.0,3600.0,986500.0
858,2021-10-18 02:40:37,15500.0,1000.0,982900.0
859,2021-10-18 02:40:37,15500.0,100.0,981900.0
860,2021-10-18 02:40:37,15500.0,100.0,981800.0
861,2021-10-18 02:40:37,15500.0,400.0,981700.0
862,2021-10-18 02:40:37,15500.0,1000.0,981300.0
863,2021-10-18 02:40:37,15500.0,2000.0,980300.0
864,2021-10-18 02:40:37,15500.0,1200.0,978300.0
865,2021-10-18 02:40:37,15500.0,1400.0,977100.0
866,2021-10-18 02:40:32,15500.0,1000.0,975700.0
867,2021-10-18 02:39:52,15550.0,900.0,974700.0
868,2021-10-18 02:39:49,15500.0,100.0,973800.0
869,2021-10-18 02:39:26,15550.0,1300.0,973700.0
870,2021-10-18 02:39:11,15500.0,100.0,972400.0
871,2021-10-18 02:39:10,15550.0,600.0,972300.0
872,2021-10-18 02:38:46,15550.0,100.0,971700.0
873,2021-10-18 02:38:46,15500.0,1400.0,971600.0
874,2021-10-18 02:38:46,15500.0,5000.0,970200.0
875,2021-10-18 02:38:46,15500.0,800.0,965200.0
876,2021-10-18 02:38:46,15500.0,500.0,964400.0
877,2021-10-18 02:38:46,15500.0,1000.0,963900.0
878,2021-10-18 02:38:46,15500.0,5000.0,962900.0
879,2021-10-18 02:38:46,15500.0,1000.0,957900.0
880,2021-10-18 02:38:46,15500.0,35300.0,956900.0
881,2021-10-18 02:38:41,15500.0,100.0,921600.0
882,2021-10-18 02:38:28,15550.0,300.0,921500.0
883,2021-10-18 02:38:27,15550.0,300.0,921200.0
884,2021-10-18 02:38:13,15550.0,200.0,920900.0
885,2021-10-18 02:38:03,15550.0,1000.0,920700.0
886,2021-10-18 02:37:57,15550.0,1500.0,919700.0
887,2021-10-18 02:37:55,15550.0,3600.0,918200.0
888,2021-10-18 02:37:48,15550.0,900.0,914600.0
889,2021-10-18 02:37:40,15500.0,600.0,913700.0
890,2021-10-18 02:37:40,15500.0,100.0,913100.0
891,2021-10-18 02:37:37,15550.0,200.0,913000.0
892,2021-10-18 02:37:37,15550.0,200.0,912800.0
893,2021-10-18 02:37:37,15550.0,600.0,912600.0
894,2021-10-18 02:36:46,15550.0,9500.0,912000.0
895,2021-10-18 02:36:46,15500.0,800.0,902500.0
896,2021-10-18 02:36:46,15500.0,200.0,901700.0
897,2021-10-18 02:36:46,15500.0,9500.0,901500.0
898,2021-10-18 02:36:32,15500.0,500.0,892000.0
899,2021-10-18 02:36:28,15500.0,1000.0,891500.0
900,2021-10-18 02:36:21,15500.0,500.0,890500.0
901,2021-10-18 02:36:19,15500.0,1000.0,890000.0
902,2021-10-18 02:36:19,15500.0,100.0,889000.0
903,2021-10-18 02:36:19,15500.0,10000.0,888900.0
904,2021-10-18 02:36:19,15500.0,200.0,878900.0
905,2021-10-18 02:36:19,15500.0,10000.0,878700.0
906,2021-10-18 02:36:19,15500.0,10000.0,868700.0
907,2021-10-18 02:36:19,15500.0,200.0,858700.0
908,2021-10-18 02:36:19,15500.0,7000.0,858500.0
909,2021-10-18 02:36:10,15550.0,100.0,851500.0
910,2021-10-18 02:35:40,15550.0,200.0,851400.0
911,2021-10-18 02:35:30,15550.0,900.0,851200.0
912,2021-10-18 02:35:27,15550.0,2500.0,850300.0
913,2021-10-18 02:35:25,15550.0,100.0,847800.0
914,2021-10-18 02:35:23,15550.0,2000.0,847700.0
915,2021-10-18 02:35:19,15550.0,4700.0,845700.0
916,2021-10-18 02:35:18,15550.0,1000.0,841000.0
917,2021-10-18 02:35:14,15550.0,3000.0,840000.0
918,2021-10-18 02:35:12,15550.0,3600.0,837000.0
919,2021-10-18 02:35:12,15550.0,2000.0,833400.0
920,2021-10-18 02:35:12,15550.0,3000.0,831400.0
921,2021-10-18 02:35:12,15550.0,10000.0,828400.0
922,2021-10-18 02:35:12,15550.0,200.0,818400.0
923,2021-10-18 02:35:12,15550.0,6600.0,818200.0
924,2021-10-18 02:35:00,15550.0,500.0,811600.0
925,2021-10-18 02:35:00,15550.0,2500.0,811100.0
926,2021-10-18 02:34:53,15550.0,300.0,808600.0
927,2021-10-18 02:34:52,15550.0,10100.0,808300.0
928,2021-10-18 02:34:52,15550.0,100.0,798200.0
929,2021-10-18 02:34:52,15550.0,9800.0,798100.0
930,2021-10-18 02:34:48,15550.0,200.0,788300.0
931,2021-10-18 02:34:45,15550.0,2000.0,788100.0
932,2021-10-18 02:34:41,15550.0,500.0,786100.0
933,2021-10-18 02:34:41,15550.0,500.0,785600.0
934,2021-10-18 02:34:41,15550.0,100.0,785100.0
935,2021-10-18 02:34:33,15550.0,1000.0,785000.0
936,2021-10-18 02:34:33,15550.0,2000.0,784000.0
937,2021-10-18 02:34:32,15500.0,3000.0,782000.0
938,2021-10-18 02:34:31,15550.0,100.0,779000.0
939,2021-10-18 02:34:29,15550.0,4000.0,778900.0
940,2021-10-18 02:34:29,15550.0,1800.0,774900.0
941,2021-10-18 02:34:29,15550.0,1000.0,773100.0
942,2021-10-18 02:34:29,15550.0,300.0,772100.0
943,2021-10-18 02:34:29,15550.0,500.0,771800.0
944,2021-10-18 02:34:29,15550.0,6400.0,771300.0
945,2021-10-18 02:34:27,15500.0,100.0,764900.0
946,2021-10-18 02:34:22,15550.0,3000.0,764800.0
947,2021-10-18 02:34:22,15550.0,100.0,761800.0
948,2021-10-18 02:34:20,15550.0,2000.0,761700.0
949,2021-10-18 02:34:19,15550.0,2500.0,759700.0
950,2021-10-18 02:34:17,15550.0,1000.0,757200.0
951,2021-10-18 02:34:16,15550.0,10000.0,756200.0
952,2021-10-18 02:34:15,15550.0,25000.0,746200.0
953,2021-10-18 02:34:15,15550.0,300.0,721200.0
954,2021-10-18 02:34:15,15550.0,1000.0,720900.0
955,2021-10-18 02:34:15,15550.0,500.0,719900.0
956,2021-10-18 02:34:15,15550.0,100.0,719400.0
957,2021-10-18 02:34:15,15550.0,1000.0,719300.0
958,2021-10-18 02:34:15,15550.0,900.0,718300.0
959,2021-10-18 02:34:15,15550.0,100.0,717400.0
960,2021-10-18 02:34:15,15550.0,1000.0,717300.0
961,2021-10-18 02:34:15,15550.0,100.0,716300.0
962,2021-10-18 02:34:12,15550.0,100.0,716200.0
963,2021-10-18 02:34:11,15500.0,2600.0,716100.0
964,2021-10-18 02:34:11,15500.0,200.0,713500.0
965,2021-10-18 02:34:11,15500.0,2200.0,713300.0
966,2021-10-18 02:34:11,15550.0,800.0,711100.0
967,2021-10-18 02:34:11,15550.0,100.0,710300.0
968,2021-10-18 02:34:11,15550.0,100.0,710200.0
969,2021-10-18 02:34:11,15550.0,1000.0,710100.0
970,2021-10-18 02:34:09,15550.0,400.0,709100.0
971,2021-10-18 02:34:07,15550.0,1600.0,708700.0
972,2021-10-18 02:34:07,15550.0,6400.0,707100.0
973,2021-10-18 02:34:05,15500.0,1600.0,700700.0
974,2021-10-18 02:34:05,15500.0,1000.0,699100.0
975,2021-10-18 02:34:05,15500.0,100.0,698100.0
976,2021-10-18 02:34:05,15500.0,1000.0,698000.0
977,2021-10-18 02:34:05,15500.0,300.0,697000.0
978,2021-10-18 02:34:05,15500.0,1000.0,696700.0
979,2021-10-18 02:34:02,15550.0,7900.0,695700.0
980,2021-10-18 02:34:00,15550.0,5000.0,687800.0
981,2021-10-18 02:33:41,15550.0,100.0,682800.0
982,2021-10-18 02:33:34,15500.0,5000.0,682700.0
983,2021-10-18 02:33:33,15550.0,1000.0,677700.0
984,2021-10-18 02:33:33,15550.0,9600.0,676700.0
985,2021-10-18 02:33:33,15550.0,100.0,667100.0
986,2021-10-18 02:33:33,15550.0,300.0,667000.0
987,2021-10-18 02:33:33,15550.0,500.0,666700.0
988,2021-10-18 02:33:33,15550.0,5600.0,666200.0
989,2021-10-18 02:33:33,15550.0,1000.0,660600.0
990,2021-10-18 02:33:33,15550.0,500.0,659600.0
991,2021-10-18 02:33:33,15550.0,500.0,659100.0
992,2021-10-18 02:33:33,15550.0,500.0,658600.0
993,2021-10-18 02:33:33,15550.0,300.0,658100.0
994,2021-10-18 02:33:33,15550.0,3200.0,657800.0
995,2021-10-18 02:33:33,15550.0,100.0,654600.0
996,2021-10-18 02:33:33,15550.0,100.0,654500.0
997,2021-10-18 02:33:33,15550.0,1000.0,654400.0
998,2021-10-18 02:33:33,15550.0,700.0,653400.0
999,2021-10-18 02:33:33,15550.0,2000.0,652700.0
1000,2021-10-18 02:33:33,15550.0,1000.0,650700.0
1001,2021-10-18 02:33:32,15550.0,100.0,649700.0
1002,2021-10-18 02:33:31,15550.0,1000.0,649600.0
1003,2021-10-18 02:33:31,15550.0,2900.0,648600.0
1004,2021-10-18 02:33:31,15550.0,200.0,645700.0
1005,2021-10-18 02:33:31,15550.0,100.0,645500.0
1006,2021-10-18 02:33:31,15550.0,4700.0,645400.0
1007,2021-10-18 02:33:31,15550.0,100.0,640700.0
1008,2021-10-18 02:33:31,15550.0,3000.0,640600.0
1009,2021-10-18 02:33:31,15550.0,39000.0,637600.0
1010,2021-10-18 02:33:27,15550.0,4000.0,598600.0
1011,2021-10-18 02:33:24,15550.0,500.0,594600.0
1012,2021-10-18 02:33:21,15550.0,500.0,594100.0
1013,2021-10-18 02:33:20,15550.0,100.0,593600.0
1014,2021-10-18 02:33:16,15550.0,10000.0,593500.0
1015,2021-10-18 02:33:09,15550.0,3000.0,583500.0
1016,2021-10-18 02:33:07,15550.0,2000.0,580500.0
1017,2021-10-18 02:33:06,15550.0,1000.0,578500.0
1018,2021-10-18 02:33:03,15500.0,200.0,577500.0
1019,2021-10-18 02:33:01,15550.0,16000.0,577300.0
1020,2021-10-18 02:32:49,15550.0,100.0,561300.0
1021,2021-10-18 02:32:29,15500.0,100.0,561200.0
1022,2021-10-18 02:32:26,15500.0,1800.0,561100.0
1023,2021-10-18 02:32:22,15500.0,1000.0,559300.0
1024,2021-10-18 02:32:22,15500.0,2000.0,558300.0
1025,2021-10-18 02:32:20,15500.0,15000.0,556300.0
1026,2021-10-18 02:32:15,15500.0,100.0,541300.0
1027,2021-10-18 02:32:13,15500.0,2500.0,541200.0
1028,2021-10-18 02:32:12,15500.0,2000.0,538700.0
1029,2021-10-18 02:32:11,15500.0,7500.0,536700.0
1030,2021-10-18 02:32:11,15500.0,3000.0,529200.0
1031,2021-10-18 02:32:11,15500.0,1500.0,526200.0
1032,2021-10-18 02:32:11,15500.0,10000.0,524700.0
1033,2021-10-18 02:32:11,15500.0,3600.0,514700.0
1034,2021-10-18 02:32:10,15550.0,1000.0,511100.0
1035,2021-10-18 02:32:07,15550.0,1000.0,510100.0
1036,2021-10-18 02:32:03,15550.0,100.0,509100.0
1037,2021-10-18 02:32:02,15550.0,5000.0,509000.0
1038,2021-10-18 02:32:01,15550.0,2600.0,504000.0
1039,2021-10-18 02:32:00,15550.0,1000.0,501400.0
1040,2021-10-18 02:31:59,15550.0,10700.0,500400.0
1041,2021-10-18 02:31:59,15550.0,1900.0,489700.0
1042,2021-10-18 02:31:59,15550.0,200.0,487800.0
1043,2021-10-18 02:31:59,15550.0,3000.0,487600.0
1044,2021-10-18 02:31:59,15550.0,5000.0,484600.0
1045,2021-10-18 02:31:59,15550.0,500.0,479600.0
1046,2021-10-18 02:31:59,15550.0,1000.0,479100.0
1047,2021-10-18 02:31:59,15550.0,500.0,478100.0
1048,2021-10-18 02:31:59,15550.0,2000.0,477600.0
1049,2021-10-18 02:31:59,15550.0,10000.0,475600.0
1050,2021-10-18 02:31:59,15550.0,1000.0,465600.0
1051,2021-10-18 02:31:59,15550.0,300.0,464600.0
1052,2021-10-18 02:31:59,15550.0,200.0,464300.0
1053,2021-10-18 02:31:59,15550.0,200.0,464100.0
1054,2021-10-18 02:31:59,15550.0,300.0,463900.0
1055,2021-10-18 02:31:59,15550.0,5000.0,463600.0
1056,2021-10-18 02:31:59,15550.0,10000.0,458600.0
1057,2021-10-18 02:31:59,15550.0,200.0,448600.0
1058,2021-10-18 02:31:59,15550.0,3000.0,448400.0
1059,2021-10-18 02:31:31,15550.0,10000.0,445400.0
1060,2021-10-18 02:31:29,15500.0,100.0,435400.0
1061,2021-10-18 02:31:29,15500.0,100.0,435300.0
1062,2021-10-18 02:31:29,15500.0,100.0,435200.0
1063,2021-10-18 02:31:29,15500.0,900.0,435100.0
1064,2021-10-18 02:31:29,15500.0,100.0,434200.0
1065,2021-10-18 02:31:29,15500.0,500.0,434100.0
1066,2021-10-18 02:31:29,15500.0,4600.0,433600.0
1067,2021-10-18 02:31:26,15500.0,3700.0,429000.0
1068,2021-10-18 02:31:25,15500.0,500.0,425300.0
1069,2021-10-18 02:31:14,15500.0,3200.0,424800.0
1070,2021-10-18 02:31:14,15500.0,100.0,421600.0
1071,2021-10-18 02:31:14,15500.0,26700.0,421500.0
1072,2021-10-18 02:31:13,15500.0,2000.0,394800.0
1073,2021-10-18 02:31:10,15500.0,1000.0,392800.0
1074,2021-10-18 02:31:06,15450.0,2100.0,391800.0
1075,2021-10-18 02:31:06,15450.0,1000.0,389700.0
1076,2021-10-18 02:31:06,15450.0,900.0,388700.0
1077,2021-10-18 02:31:06,15500.0,300.0,387800.0
1078,2021-10-18 02:30:54,15500.0,1000.0,387500.0
1079,2021-10-18 02:30:45,15500.0,100.0,386500.0
1080,2021-10-18 02:30:39,15500.0,5000.0,386400.0
1081,2021-10-18 02:30:38,15500.0,100.0,381400.0
1082,2021-10-18 02:30:35,15500.0,100.0,381300.0
1083,2021-10-18 02:30:33,15500.0,3000.0,381200.0
1084,2021-10-18 02:30:30,15500.0,8600.0,378200.0
1085,2021-10-18 02:30:27,15500.0,100.0,369600.0
1086,2021-10-18 02:30:26,15500.0,100.0,369500.0
1087,2021-10-18 02:30:25,15500.0,1000.0,369400.0
1088,2021-10-18 02:30:22,15500.0,900.0,368400.0
1089,2021-10-18 02:30:20,15500.0,1000.0,367500.0
1090,2021-10-18 02:30:08,15500.0,100.0,366500.0
1091,2021-10-18 02:29:45,15450.0,100.0,366400.0
1092,2021-10-18 02:29:43,15450.0,500.0,366300.0
1093,2021-10-18 02:29:38,15450.0,400.0,365800.0
1094,2021-10-18 02:29:33,15400.0,100.0,365400.0
1095,2021-10-18 02:29:33,15400.0,100.0,365300.0
1096,2021-10-18 02:29:33,15400.0,9600.0,365200.0
1097,2021-10-18 02:29:33,15450.0,1500.0,355600.0
1098,2021-10-18 02:29:33,15450.0,15000.0,354100.0
1099,2021-10-18 02:29:33,15450.0,300.0,339100.0
1100,2021-10-18 02:29:33,15450.0,100.0,338800.0
1101,2021-10-18 02:29:33,15450.0,300.0,338700.0
1102,2021-10-18 02:29:33,15450.0,2000.0,338400.0
1103,2021-10-18 02:29:33,15450.0,2000.0,336400.0
1104,2021-10-18 02:29:33,15450.0,1000.0,334400.0
1105,2021-10-18 02:29:33,15450.0,1500.0,333400.0
1106,2021-10-18 02:29:33,15500.0,16000.0,331900.0
1107,2021-10-18 02:29:33,15500.0,500.0,315900.0
1108,2021-10-18 02:29:33,15550.0,2000.0,315400.0
1109,2021-10-18 02:29:30,15550.0,5000.0,313400.0
1110,2021-10-18 02:29:25,15550.0,1000.0,308400.0
1111,2021-10-18 02:29:25,15550.0,500.0,307400.0
1112,2021-10-18 02:29:25,15550.0,1300.0,306900.0
1113,2021-10-18 02:29:25,15550.0,100.0,305600.0
1114,2021-10-18 02:29:25,15550.0,2100.0,305500.0
1115,2021-10-18 02:29:24,15550.0,1900.0,303400.0
1116,2021-10-18 02:29:24,15550.0,1000.0,301500.0
1117,2021-10-18 02:29:24,15550.0,1000.0,300500.0
1118,2021-10-18 02:29:24,15550.0,1000.0,299500.0
1119,2021-10-18 02:29:24,15550.0,1000.0,298500.0
1120,2021-10-18 02:29:24,15550.0,4100.0,297500.0
1121,2021-10-18 02:29:19,15550.0,900.0,293400.0
1122,2021-10-18 02:29:19,15550.0,100.0,292500.0
1123,2021-10-18 02:29:09,15550.0,200.0,292400.0
1124,2021-10-18 02:29:09,15550.0,200.0,292200.0
1125,2021-10-18 02:29:07,15450.0,100.0,292000.0
1126,2021-10-18 02:29:06,15550.0,100.0,291900.0
1127,2021-10-18 02:29:06,15550.0,300.0,291800.0
1128,2021-10-18 02:29:06,15550.0,100.0,291500.0
1129,2021-10-18 02:29:03,15500.0,1000.0,291400.0
1130,2021-10-18 02:29:03,15500.0,200.0,290400.0
1131,2021-10-18 02:29:02,15500.0,100.0,290200.0
1132,2021-10-18 02:29:00,15500.0,700.0,290100.0
1133,2021-10-18 02:28:56,15500.0,300.0,289400.0
1134,2021-10-18 02:28:56,15500.0,100.0,289100.0
1135,2021-10-18 02:28:56,15500.0,200.0,289000.0
1136,2021-10-18 02:28:56,15500.0,500.0,288800.0
1137,2021-10-18 02:28:56,15500.0,39000.0,288300.0
1138,2021-10-18 02:28:56,15500.0,200.0,249300.0
1139,2021-10-18 02:28:56,15500.0,100.0,249100.0
1140,2021-10-18 02:28:56,15500.0,100.0,249000.0
1141,2021-10-18 02:28:56,15500.0,100.0,248900.0
1142,2021-10-18 02:28:56,15500.0,5000.0,248800.0
1143,2021-10-18 02:28:56,15500.0,2000.0,243800.0
1144,2021-10-18 02:28:56,15500.0,10000.0,241800.0
1145,2021-10-18 02:28:56,15500.0,9000.0,231800.0
1146,2021-10-18 02:28:56,15500.0,200.0,222800.0
1147,2021-10-18 02:28:56,15500.0,8600.0,222600.0
1148,2021-10-18 02:28:56,15500.0,500.0,214000.0
1149,2021-10-18 02:28:56,15500.0,17800.0,213500.0
1150,2021-10-18 02:28:56,15500.0,100.0,195700.0
1151,2021-10-18 02:28:56,15500.0,5000.0,195600.0
1152,2021-10-18 02:28:56,15500.0,1000.0,190600.0
1153,2021-10-18 02:28:56,15500.0,200.0,189600.0
1154,2021-10-18 02:28:53,15500.0,200.0,189400.0
1155,2021-10-18 02:28:53,15500.0,300.0,189200.0
1156,2021-10-18 02:28:53,15500.0,200.0,188900.0
1157,2021-10-18 02:28:53,15500.0,300.0,188700.0
1158,2021-10-18 02:28:36,15450.0,300.0,188400.0
1159,2021-10-18 02:28:23,15450.0,1600.0,188100.0
1160,2021-10-18 02:28:22,15400.0,200.0,186500.0
1161,2021-10-18 02:28:15,15400.0,200.0,186300.0
1162,2021-10-18 02:28:14,15450.0,100.0,186100.0
1163,2021-10-18 02:28:10,15400.0,1000.0,186000.0
1164,2021-10-18 02:28:09,15450.0,300.0,185000.0
1165,2021-10-18 02:28:09,15450.0,100.0,184700.0
1166,2021-10-18 02:27:55,15400.0,100.0,184600.0
1167,2021-10-18 02:27:55,15400.0,1000.0,184500.0
1168,2021-10-18 02:27:52,15400.0,1400.0,183500.0
1169,2021-10-18 02:27:51,15400.0,100.0,182100.0
1170,2021-10-18 02:27:42,15400.0,100.0,182000.0
1171,2021-10-18 02:27:42,15400.0,100.0,181900.0
1172,2021-10-18 02:27:28,15350.0,200.0,181800.0
1173,2021-10-18 02:27:27,15400.0,2000.0,181600.0
1174,2021-10-18 02:27:27,15400.0,500.0,179600.0
1175,2021-10-18 02:27:12,15400.0,100.0,179100.0
1176,2021-10-18 02:27:12,15400.0,100.0,179000.0
1177,2021-10-18 02:27:04,15350.0,100.0,178900.0
1178,2021-10-18 02:26:57,15350.0,1000.0,178800.0
1179,2021-10-18 02:26:45,15350.0,300.0,177800.0
1180,2021-10-18 02:26:45,15350.0,500.0,177500.0
1181,2021-10-18 02:26:45,15350.0,4100.0,177000.0
1182,2021-10-18 02:26:44,15350.0,10000.0,172900.0
1183,2021-10-18 02:26:42,15350.0,10000.0,162900.0
1184,2021-10-18 02:26:40,15350.0,700.0,152900.0
1185,2021-10-18 02:26:34,15350.0,200.0,152200.0
1186,2021-10-18 02:26:33,15350.0,10000.0,152000.0
1187,2021-10-18 02:26:32,15350.0,2000.0,142000.0
1188,2021-10-18 02:26:08,15350.0,1000.0,140000.0
1189,2021-10-18 02:25:45,15350.0,800.0,139000.0
1190,2021-10-18 02:25:45,15300.0,100.0,138200.0
1191,2021-10-18 02:25:38,15300.0,900.0,138100.0
1192,2021-10-18 02:25:38,15300.0,100.0,137200.0
1193,2021-10-18 02:25:20,15300.0,100.0,137100.0
1194,2021-10-18 02:25:05,15350.0,200.0,137000.0
1195,2021-10-18 02:25:05,15300.0,1600.0,136800.0
1196,2021-10-18 02:24:52,15300.0,400.0,135200.0
1197,2021-10-18 02:24:47,15300.0,1000.0,134800.0
1198,2021-10-18 02:24:45,15300.0,100.0,133800.0
1199,2021-10-18 02:24:41,15300.0,500.0,133700.0
1200,2021-10-18 02:24:38,15300.0,500.0,133200.0
1201,2021-10-18 02:24:37,15350.0,200.0,132700.0
1202,2021-10-18 02:24:36,15350.0,100.0,132500.0
1203,2021-10-18 02:24:18,15300.0,100.0,132400.0
1204,2021-10-18 02:24:01,15200.0,7300.0,132300.0
1205,2021-10-18 02:24:01,15200.0,100.0,125000.0
1206,2021-10-18 02:24:01,15200.0,100.0,124900.0
1207,2021-10-18 02:24:01,15250.0,500.0,124800.0
1208,2021-10-18 02:24:01,15300.0,300.0,124300.0
1209,2021-10-18 02:24:01,15300.0,700.0,124000.0
1210,2021-10-18 02:24:01,15300.0,1000.0,123300.0
1211,2021-10-18 02:23:51,15300.0,100.0,122300.0
1212,2021-10-18 02:23:48,15350.0,4900.0,122200.0
1213,2021-10-18 02:23:48,15350.0,100.0,117300.0
1214,2021-10-18 02:23:38,15300.0,600.0,117200.0
1215,2021-10-18 02:23:38,15300.0,800.0,116600.0
1216,2021-10-18 02:23:38,15300.0,100.0,115800.0
1217,2021-10-18 02:23:38,15300.0,100.0,115700.0
1218,2021-10-18 02:23:38,15300.0,100.0,115600.0
1219,2021-10-18 02:23:38,15300.0,600.0,115500.0
1220,2021-10-18 02:22:55,15200.0,9900.0,114900.0
1221,2021-10-18 02:22:55,15200.0,100.0,105000.0
1222,2021-10-18 02:22:38,15250.0,300.0,104900.0
1223,2021-10-18 02:22:00,15200.0,9800.0,104600.0
1224,2021-10-18 02:22:00,15200.0,200.0,94800.0
1225,2021-10-18 02:21:55,15200.0,100.0,94600.0
1226,2021-10-18 02:21:39,15200.0,2600.0,94500.0
1227,2021-10-18 02:21:39,15200.0,400.0,91900.0
1228,2021-10-18 02:21:09,15200.0,200.0,91500.0
1229,2021-10-18 02:21:09,15200.0,500.0,91300.0
1230,2021-10-18 02:21:09,15200.0,300.0,90800.0
1231,2021-10-18 02:21:09,15200.0,200.0,90500.0
1232,2021-10-18 02:21:09,15200.0,200.0,90300.0
1233,2021-10-18 02:21:09,15200.0,200.0,90100.0
1234,2021-10-18 02:21:09,15200.0,8000.0,89900.0
1235,2021-10-18 02:20:59,15200.0,20000.0,81900.0
1236,2021-10-18 02:20:59,15200.0,5000.0,61900.0
1237,2021-10-18 02:20:54,15200.0,5000.0,56900.0
1238,2021-10-18 02:20:39,15200.0,1000.0,51900.0
1239,2021-10-18 02:20:35,15200.0,100.0,50900.0
1240,2021-10-18 02:20:35,15200.0,500.0,50800.0
1241,2021-10-18 02:20:35,15200.0,400.0,50300.0
1242,2021-10-18 02:20:33,15200.0,800.0,49900.0
1243,2021-10-18 02:20:33,15200.0,200.0,49100.0
1244,2021-10-18 02:20:30,15200.0,1000.0,48900.0
1245,2021-10-18 02:20:26,15200.0,400.0,47900.0
1246,2021-10-18 02:20:26,15200.0,1000.0,47500.0
1247,2021-10-18 02:20:03,15100.0,100.0,46500.0
1248,2021-10-18 02:19:58,15200.0,400.0,46400.0
1249,2021-10-18 02:19:58,15150.0,100.0,46000.0
1250,2021-10-18 02:19:52,15100.0,100.0,45900.0
1251,2021-10-18 02:19:24,15100.0,900.0,45800.0
1252,2021-10-18 02:19:24,15100.0,100.0,44900.0
1253,2021-10-18 02:19:00,15050.0,300.0,44800.0
1254,2021-10-18 02:18:18,15050.0,1100.0,44500.0
1255,2021-10-18 02:18:18,15100.0,900.0,43400.0
1256,2021-10-18 02:18:10,15100.0,100.0,42500.0
1257,2021-10-18 02:18:03,15050.0,400.0,42400.0
1258,2021-10-18 02:17:45,15050.0,1500.0,42000.0
1259,2021-10-18 02:17:40,15050.0,100.0,40500.0
1260,2021-10-18 02:17:40,15050.0,100.0,40400.0
1261,2021-10-18 02:17:25,15000.0,4100.0,40300.0
1262,2021-10-18 02:17:22,15000.0,2000.0,36200.0
1263,2021-10-18 02:16:56,15000.0,100.0,34200.0
1264,2021-10-18 02:16:43,15000.0,300.0,34100.0
1265,2021-10-18 02:16:38,15000.0,200.0,33800.0
1266,2021-10-18 02:16:38,15000.0,300.0,33600.0
1267,2021-10-18 02:16:38,15000.0,100.0,33300.0
1268,2021-10-18 02:16:38,15000.0,1000.0,33200.0
1269,2021-10-18 02:16:38,15000.0,9900.0,32200.0
1270,2021-10-18 02:16:33,15000.0,500.0,22300.0
1271,2021-10-18 02:16:10,15000.0,9600.0,21800.0
1272,2021-10-18 02:16:10,15000.0,200.0,12200.0
1273,2021-10-18 02:16:10,14950.0,200.0,12000.0
1274,2021-10-18 02:15:42,15000.0,200.0,11800.0
1275,2021-10-18 02:15:42,15000.0,100.0,11600.0
1276,2021-10-18 02:15:42,15000.0,100.0,11500.0
1277,2021-10-18 02:15:42,15000.0,200.0,11400.0
1278,2021-10-18 02:15:35,15000.0,100.0,11200.0
1279,2021-10-18 02:15:01,15000.0,500.0,11100.0
1280,2021-10-18 02:15:01,15000.0,2000.0,10600.0
1281,2021-10-18 02:15:01,15000.0,200.0,8600.0
1282,2021-10-18 02:15:01,15000.0,200.0,8400.0
1283,2021-10-18 02:15:01,15000.0,200.0,8200.0
1284,2021-10-18 02:15:01,15000.0,400.0,8000.0
1285,2021-10-18 02:15:01,15000.0,1000.0,7600.0
1286,2021-10-18 02:15:01,15000.0,100.0,6600.0
1287,2021-10-18 02:15:01,15000.0,500.0,6500.0
1288,2021-10-18 02:15:01,15000.0,400.0,6000.0
1289,2021-10-18 02:15:01,15000.0,100.0,5600.0
1290,2021-10-18 02:15:01,15000.0,300.0,5500.0
1291,2021-10-18 02:15:01,15000.0,200.0,5200.0
1292,2021-10-18 02:15:01,15000.0,1000.0,5000.0
1293,2021-10-18 02:15:01,15000.0,700.0,4000.0
1294,2021-10-18 02:15:01,15000.0,1000.0,3300.0
1295,2021-10-18 02:15:01,15000.0,500.0,2300.0
1296,2021-10-18 02:15:01,15000.0,400.0,1800.0
1297,2021-10-18 02:15:01,15000.0,400.0,1400.0
1298,2021-10-18 02:15:01,15000.0,600.0,1000.0
1299,2021-10-18 02:15:01,15000.0,100.0,400.0
1300,2021-10-18 02:15:01,15000.0,300.0,300.0
