,Time,Price,Volume_per_trade,Volume
0,2021-10-08 07:45:00,5090.0,1000.0,4815200.0
1,2021-10-08 07:45:00,5090.0,1000.0,4814200.0
2,2021-10-08 07:45:00,5090.0,5600.0,4813200.0
3,2021-10-08 07:45:00,5090.0,200.0,4807600.0
4,2021-10-08 07:45:00,5090.0,100.0,4807400.0
5,2021-10-08 07:45:00,5090.0,200.0,4807300.0
6,2021-10-08 07:45:00,5090.0,100.0,4807100.0
7,2021-10-08 07:45:00,5090.0,1000.0,4807000.0
8,2021-10-08 07:45:00,5090.0,1900.0,4806000.0
9,2021-10-08 07:45:00,5090.0,2000.0,4804100.0
10,2021-10-08 07:45:00,5090.0,1100.0,4802100.0
11,2021-10-08 07:45:00,5090.0,200.0,4801000.0
12,2021-10-08 07:45:00,5090.0,1000.0,4800800.0
13,2021-10-08 07:45:00,5090.0,100.0,4799800.0
14,2021-10-08 07:45:00,5090.0,300.0,4799700.0
15,2021-10-08 07:45:00,5090.0,12300.0,4799400.0
16,2021-10-08 07:45:00,5090.0,10000.0,4787100.0
17,2021-10-08 07:45:00,5090.0,1000.0,4777100.0
18,2021-10-08 07:45:00,5090.0,1300.0,4776100.0
19,2021-10-08 07:45:00,5090.0,1700.0,4774800.0
20,2021-10-08 07:45:00,5090.0,100.0,4773100.0
21,2021-10-08 07:45:00,5090.0,100.0,4773000.0
22,2021-10-08 07:45:00,5090.0,500.0,4772900.0
23,2021-10-08 07:45:00,5090.0,100.0,4772400.0
24,2021-10-08 07:45:00,5090.0,100.0,4772300.0
25,2021-10-08 07:45:00,5090.0,600.0,4772200.0
26,2021-10-08 07:45:00,5090.0,500.0,4771600.0
27,2021-10-08 07:45:00,5090.0,8900.0,4771100.0
28,2021-10-08 07:45:00,5090.0,100.0,4762200.0
29,2021-10-08 07:45:00,5090.0,1000.0,4762100.0
30,2021-10-08 07:29:42,5100.0,5400.0,4761100.0
31,2021-10-08 07:29:29,5100.0,200.0,4755700.0
32,2021-10-08 07:29:27,5100.0,300.0,4755500.0
33,2021-10-08 07:29:24,5100.0,200.0,4755200.0
34,2021-10-08 07:29:16,5100.0,100.0,4755000.0
35,2021-10-08 07:29:14,5100.0,200.0,4754900.0
36,2021-10-08 07:29:12,5100.0,100.0,4754700.0
37,2021-10-08 07:28:58,5100.0,700.0,4754600.0
38,2021-10-08 07:28:50,5090.0,500.0,4753900.0
39,2021-10-08 07:28:10,5090.0,2000.0,4753400.0
40,2021-10-08 07:27:54,5100.0,200.0,4751400.0
41,2021-10-08 07:27:44,5100.0,2000.0,4751200.0
42,2021-10-08 07:27:44,5100.0,7100.0,4749200.0
43,2021-10-08 07:27:44,5100.0,1000.0,4742100.0
44,2021-10-08 07:27:44,5100.0,1700.0,4741100.0
45,2021-10-08 07:27:44,5100.0,200.0,4739400.0
46,2021-10-08 07:27:08,5100.0,100.0,4739200.0
47,2021-10-08 07:27:02,5100.0,300.0,4739100.0
48,2021-10-08 07:26:52,5100.0,400.0,4738800.0
49,2021-10-08 07:26:50,5100.0,1000.0,4738400.0
50,2021-10-08 07:26:33,5100.0,100.0,4737400.0
51,2021-10-08 07:26:19,5100.0,3000.0,4737300.0
52,2021-10-08 07:26:19,5110.0,100.0,4734300.0
53,2021-10-08 07:26:04,5100.0,100.0,4734200.0
54,2021-10-08 07:26:04,5100.0,3000.0,4734100.0
55,2021-10-08 07:26:04,5100.0,2400.0,4731100.0
56,2021-10-08 07:25:19,5090.0,2000.0,4728700.0
57,2021-10-08 07:25:19,5100.0,200.0,4726700.0
58,2021-10-08 07:24:59,5090.0,6100.0,4726500.0
59,2021-10-08 07:24:59,5090.0,100.0,4720400.0
60,2021-10-08 07:24:59,5090.0,500.0,4720300.0
61,2021-10-08 07:24:59,5090.0,5000.0,4719800.0
62,2021-10-08 07:24:59,5090.0,500.0,4714800.0
63,2021-10-08 07:24:59,5090.0,7800.0,4714300.0
64,2021-10-08 07:24:56,5100.0,1400.0,4706500.0
65,2021-10-08 07:24:56,5100.0,600.0,4705100.0
66,2021-10-08 07:24:11,5100.0,1000.0,4704500.0
67,2021-10-08 07:24:11,5100.0,500.0,4703500.0
68,2021-10-08 07:24:11,5100.0,7900.0,4703000.0
69,2021-10-08 07:23:44,5100.0,3000.0,4695100.0
70,2021-10-08 07:23:30,5100.0,600.0,4692100.0
71,2021-10-08 07:23:30,5100.0,500.0,4691500.0
72,2021-10-08 07:23:30,5100.0,3000.0,4691000.0
73,2021-10-08 07:23:30,5100.0,1000.0,4688000.0
74,2021-10-08 07:23:30,5100.0,4000.0,4687000.0
75,2021-10-08 07:23:12,5100.0,10000.0,4683000.0
76,2021-10-08 07:23:04,5100.0,200.0,4673000.0
77,2021-10-08 07:22:53,5100.0,2000.0,4672800.0
78,2021-10-08 07:22:50,5100.0,100.0,4670800.0
79,2021-10-08 07:22:35,5100.0,5000.0,4670700.0
80,2021-10-08 07:22:35,5100.0,4000.0,4665700.0
81,2021-10-08 07:22:35,5100.0,500.0,4661700.0
82,2021-10-08 07:22:35,5100.0,1000.0,4661200.0
83,2021-10-08 07:22:35,5100.0,100.0,4660200.0
84,2021-10-08 07:22:35,5100.0,5000.0,4660100.0
85,2021-10-08 07:22:35,5100.0,18100.0,4655100.0
86,2021-10-08 07:21:05,5100.0,1000.0,4637000.0
87,2021-10-08 07:20:37,5100.0,900.0,4636000.0
88,2021-10-08 07:20:32,5100.0,4100.0,4635100.0
89,2021-10-08 07:20:32,5100.0,2600.0,4631000.0
90,2021-10-08 07:20:32,5100.0,300.0,4628400.0
91,2021-10-08 07:20:32,5100.0,6000.0,4628100.0
92,2021-10-08 07:18:25,5090.0,2400.0,4622100.0
93,2021-10-08 07:17:55,5090.0,9000.0,4619700.0
94,2021-10-08 07:17:46,5100.0,100.0,4610700.0
95,2021-10-08 07:17:30,5100.0,1000.0,4610600.0
96,2021-10-08 07:17:26,5100.0,10000.0,4609600.0
97,2021-10-08 07:17:10,5100.0,1100.0,4599600.0
98,2021-10-08 07:17:09,5100.0,100.0,4598500.0
99,2021-10-08 07:16:54,5090.0,800.0,4598400.0
100,2021-10-08 07:16:54,5090.0,200.0,4597600.0
101,2021-10-08 07:16:54,5090.0,100.0,4597400.0
102,2021-10-08 07:16:54,5090.0,200.0,4597300.0
103,2021-10-08 07:16:54,5090.0,200.0,4597100.0
104,2021-10-08 07:16:54,5090.0,100.0,4596900.0
105,2021-10-08 07:16:54,5090.0,200.0,4596800.0
106,2021-10-08 07:16:54,5090.0,1000.0,4596600.0
107,2021-10-08 07:16:54,5090.0,100.0,4595600.0
108,2021-10-08 07:16:54,5090.0,2100.0,4595500.0
109,2021-10-08 07:16:44,5100.0,100.0,4593400.0
110,2021-10-08 07:15:52,5090.0,1900.0,4593300.0
111,2021-10-08 07:15:15,5090.0,700.0,4591400.0
112,2021-10-08 07:15:15,5090.0,1900.0,4590700.0
113,2021-10-08 07:15:15,5090.0,300.0,4588800.0
114,2021-10-08 07:15:15,5090.0,2000.0,4588500.0
115,2021-10-08 07:15:15,5090.0,1000.0,4586500.0
116,2021-10-08 07:15:15,5090.0,10400.0,4585500.0
117,2021-10-08 07:15:15,5090.0,2600.0,4575100.0
118,2021-10-08 07:15:15,5090.0,1000.0,4572500.0
119,2021-10-08 07:15:15,5090.0,100.0,4571500.0
120,2021-10-08 07:15:15,5090.0,100.0,4571400.0
121,2021-10-08 07:15:15,5090.0,20000.0,4571300.0
122,2021-10-08 07:15:15,5090.0,900.0,4551300.0
123,2021-10-08 07:15:04,5100.0,500.0,4550400.0
124,2021-10-08 07:14:55,5100.0,1000.0,4549900.0
125,2021-10-08 07:14:39,5100.0,200.0,4548900.0
126,2021-10-08 07:14:13,5100.0,200.0,4548700.0
127,2021-10-08 07:14:12,5100.0,10000.0,4548500.0
128,2021-10-08 07:14:12,5100.0,11000.0,4538500.0
129,2021-10-08 07:14:12,5100.0,8700.0,4527500.0
130,2021-10-08 07:13:47,5100.0,1300.0,4518800.0
131,2021-10-08 07:13:47,5100.0,500.0,4517500.0
132,2021-10-08 07:13:47,5100.0,100.0,4517000.0
133,2021-10-08 07:13:47,5100.0,1100.0,4516900.0
134,2021-10-08 07:12:19,5100.0,100.0,4515800.0
135,2021-10-08 07:11:03,5100.0,200.0,4515700.0
136,2021-10-08 07:11:03,5100.0,500.0,4515500.0
137,2021-10-08 07:11:03,5100.0,200.0,4515000.0
138,2021-10-08 07:11:03,5100.0,800.0,4514800.0
139,2021-10-08 07:11:03,5100.0,100.0,4514000.0
140,2021-10-08 07:11:03,5100.0,1200.0,4513900.0
141,2021-10-08 07:11:03,5100.0,800.0,4512700.0
142,2021-10-08 07:10:22,5090.0,1000.0,4511900.0
143,2021-10-08 07:10:02,5100.0,5000.0,4510900.0
144,2021-10-08 07:10:01,5100.0,1000.0,4505900.0
145,2021-10-08 07:09:49,5090.0,900.0,4504900.0
146,2021-10-08 07:09:49,5090.0,200.0,4504000.0
147,2021-10-08 07:09:49,5090.0,300.0,4503800.0
148,2021-10-08 07:09:49,5090.0,300.0,4503500.0
149,2021-10-08 07:09:49,5090.0,100.0,4503200.0
150,2021-10-08 07:09:49,5090.0,2000.0,4503100.0
151,2021-10-08 07:09:49,5090.0,3000.0,4501100.0
152,2021-10-08 07:09:49,5090.0,14700.0,4498100.0
153,2021-10-08 07:09:31,5100.0,10000.0,4483400.0
154,2021-10-08 07:07:35,5100.0,1700.0,4473400.0
155,2021-10-08 07:07:29,5100.0,100.0,4471700.0
156,2021-10-08 07:06:45,5100.0,2000.0,4471600.0
157,2021-10-08 07:05:43,5090.0,5300.0,4469600.0
158,2021-10-08 07:05:43,5090.0,100.0,4464300.0
159,2021-10-08 07:05:43,5090.0,200.0,4464200.0
160,2021-10-08 07:05:43,5090.0,100.0,4464000.0
161,2021-10-08 07:05:43,5090.0,100.0,4463900.0
162,2021-10-08 07:05:43,5090.0,800.0,4463800.0
163,2021-10-08 07:05:43,5090.0,200.0,4463000.0
164,2021-10-08 07:05:43,5090.0,500.0,4462800.0
165,2021-10-08 07:05:43,5090.0,200.0,4462300.0
166,2021-10-08 07:05:43,5090.0,2500.0,4462100.0
167,2021-10-08 07:05:33,5090.0,1900.0,4459600.0
168,2021-10-08 07:03:37,5090.0,1000.0,4457700.0
169,2021-10-08 07:03:18,5100.0,500.0,4456700.0
170,2021-10-08 07:03:08,5090.0,1000.0,4456200.0
171,2021-10-08 07:02:47,5090.0,10100.0,4455200.0
172,2021-10-08 07:02:30,5100.0,100.0,4445100.0
173,2021-10-08 07:02:18,5100.0,1500.0,4445000.0
174,2021-10-08 07:02:07,5100.0,200.0,4443500.0
175,2021-10-08 07:01:23,5100.0,200.0,4443300.0
176,2021-10-08 07:01:23,5100.0,9000.0,4443100.0
177,2021-10-08 07:01:23,5100.0,400.0,4434100.0
178,2021-10-08 07:01:23,5100.0,10000.0,4433700.0
179,2021-10-08 07:01:23,5100.0,3000.0,4423700.0
180,2021-10-08 07:01:23,5100.0,800.0,4420700.0
181,2021-10-08 07:01:23,5100.0,1600.0,4419900.0
182,2021-10-08 07:01:23,5100.0,2100.0,4418300.0
183,2021-10-08 07:01:14,5100.0,300.0,4416200.0
184,2021-10-08 07:01:14,5100.0,200.0,4415900.0
185,2021-10-08 07:01:14,5100.0,5000.0,4415700.0
186,2021-10-08 07:01:14,5100.0,200.0,4410700.0
187,2021-10-08 07:01:14,5100.0,2000.0,4410500.0
188,2021-10-08 07:01:14,5100.0,200.0,4408500.0
189,2021-10-08 07:01:14,5100.0,10000.0,4408300.0
190,2021-10-08 07:01:14,5100.0,500.0,4398300.0
191,2021-10-08 07:01:14,5100.0,700.0,4397800.0
192,2021-10-08 07:01:14,5100.0,2900.0,4397100.0
193,2021-10-08 07:01:14,5100.0,300.0,4394200.0
194,2021-10-08 07:01:14,5100.0,2000.0,4393900.0
195,2021-10-08 07:01:14,5100.0,10000.0,4391900.0
196,2021-10-08 07:01:14,5100.0,1000.0,4381900.0
197,2021-10-08 07:01:14,5100.0,1900.0,4380900.0
198,2021-10-08 07:01:14,5100.0,400.0,4379000.0
199,2021-10-08 07:01:14,5100.0,100.0,4378600.0
200,2021-10-08 07:01:14,5100.0,200.0,4378500.0
201,2021-10-08 07:01:14,5100.0,100.0,4378300.0
202,2021-10-08 07:01:14,5100.0,20000.0,4378200.0
203,2021-10-08 07:01:14,5100.0,100.0,4358200.0
204,2021-10-08 07:01:14,5100.0,20000.0,4358100.0
205,2021-10-08 07:01:14,5100.0,800.0,4338100.0
206,2021-10-08 07:01:14,5100.0,15300.0,4337300.0
207,2021-10-08 07:01:14,5100.0,10000.0,4322000.0
208,2021-10-08 07:01:14,5100.0,900.0,4312000.0
209,2021-10-08 07:01:14,5100.0,4600.0,4311100.0
210,2021-10-08 07:01:14,5100.0,200.0,4306500.0
211,2021-10-08 07:01:14,5100.0,200.0,4306300.0
212,2021-10-08 07:01:14,5100.0,200.0,4306100.0
213,2021-10-08 07:01:14,5100.0,1000.0,4305900.0
214,2021-10-08 07:01:14,5100.0,1500.0,4304900.0
215,2021-10-08 07:01:14,5100.0,1000.0,4303400.0
216,2021-10-08 07:01:14,5100.0,900.0,4302400.0
217,2021-10-08 07:01:14,5100.0,1400.0,4301500.0
218,2021-10-08 07:01:14,5100.0,100.0,4300100.0
219,2021-10-08 07:01:14,5100.0,300.0,4300000.0
220,2021-10-08 07:01:14,5110.0,300.0,4299700.0
221,2021-10-08 07:01:14,5110.0,200.0,4299400.0
222,2021-10-08 07:01:14,5110.0,10000.0,4299200.0
223,2021-10-08 07:01:14,5110.0,200.0,4289200.0
224,2021-10-08 07:01:14,5110.0,100.0,4289000.0
225,2021-10-08 07:01:14,5110.0,1000.0,4288900.0
226,2021-10-08 07:01:14,5110.0,3000.0,4287900.0
227,2021-10-08 07:01:14,5110.0,5000.0,4284900.0
228,2021-10-08 07:01:14,5110.0,13700.0,4279900.0
229,2021-10-08 07:01:08,5120.0,200.0,4266200.0
230,2021-10-08 07:00:56,5120.0,500.0,4266000.0
231,2021-10-08 06:59:31,5120.0,400.0,4265500.0
232,2021-10-08 06:59:31,5120.0,1000.0,4265100.0
233,2021-10-08 06:59:31,5120.0,600.0,4264100.0
234,2021-10-08 06:58:42,5110.0,3000.0,4263500.0
235,2021-10-08 06:58:41,5120.0,100.0,4260500.0
236,2021-10-08 06:58:21,5110.0,2000.0,4260400.0
237,2021-10-08 06:56:20,5110.0,1000.0,4258400.0
238,2021-10-08 06:56:20,5110.0,300.0,4257400.0
239,2021-10-08 06:56:16,5110.0,700.0,4257100.0
240,2021-10-08 06:56:16,5110.0,7300.0,4256400.0
241,2021-10-08 06:56:06,5110.0,200.0,4249100.0
242,2021-10-08 06:55:22,5110.0,2300.0,4248900.0
243,2021-10-08 06:55:22,5110.0,7700.0,4246600.0
244,2021-10-08 06:55:14,5110.0,100.0,4238900.0
245,2021-10-08 06:53:59,5110.0,200.0,4238800.0
246,2021-10-08 06:53:34,5110.0,100.0,4238600.0
247,2021-10-08 06:53:34,5110.0,900.0,4238500.0
248,2021-10-08 06:52:43,5110.0,1100.0,4237600.0
249,2021-10-08 06:52:43,5110.0,100.0,4236500.0
250,2021-10-08 06:52:43,5110.0,600.0,4236400.0
251,2021-10-08 06:51:53,5110.0,10000.0,4235800.0
252,2021-10-08 06:51:07,5110.0,2000.0,4225800.0
253,2021-10-08 06:51:02,5110.0,4000.0,4223800.0
254,2021-10-08 06:50:49,5110.0,100.0,4219800.0
255,2021-10-08 06:50:27,5110.0,2800.0,4219700.0
256,2021-10-08 06:50:18,5110.0,5000.0,4216900.0
257,2021-10-08 06:50:18,5110.0,500.0,4211900.0
258,2021-10-08 06:49:59,5110.0,4800.0,4211400.0
259,2021-10-08 06:49:59,5110.0,200.0,4206600.0
260,2021-10-08 06:49:41,5100.0,100.0,4206400.0
261,2021-10-08 06:49:41,5100.0,1500.0,4206300.0
262,2021-10-08 06:49:41,5100.0,1000.0,4204800.0
263,2021-10-08 06:48:32,5100.0,400.0,4203800.0
264,2021-10-08 06:48:10,5120.0,2100.0,4203400.0
265,2021-10-08 06:48:10,5110.0,100.0,4201300.0
266,2021-10-08 06:48:09,5110.0,1400.0,4201200.0
267,2021-10-08 06:48:09,5110.0,600.0,4199800.0
268,2021-10-08 06:48:03,5110.0,400.0,4199200.0
269,2021-10-08 06:47:49,5110.0,2600.0,4198800.0
270,2021-10-08 06:47:42,5110.0,500.0,4196200.0
271,2021-10-08 06:47:23,5110.0,100.0,4195700.0
272,2021-10-08 06:47:14,5110.0,100.0,4195600.0
273,2021-10-08 06:47:11,5110.0,1700.0,4195500.0
274,2021-10-08 06:47:11,5110.0,3300.0,4193800.0
275,2021-10-08 06:47:01,5110.0,100.0,4190500.0
276,2021-10-08 06:47:01,5110.0,300.0,4190400.0
277,2021-10-08 06:47:01,5110.0,1400.0,4190100.0
278,2021-10-08 06:46:12,5110.0,2000.0,4188700.0
279,2021-10-08 06:45:50,5110.0,1000.0,4186700.0
280,2021-10-08 06:45:50,5110.0,500.0,4185700.0
281,2021-10-08 06:45:50,5110.0,1000.0,4185200.0
282,2021-10-08 06:45:50,5110.0,1000.0,4184200.0
283,2021-10-08 06:45:50,5110.0,500.0,4183200.0
284,2021-10-08 06:45:50,5110.0,20000.0,4182700.0
285,2021-10-08 06:45:50,5110.0,600.0,4162700.0
286,2021-10-08 06:45:50,5110.0,10000.0,4162100.0
287,2021-10-08 06:45:19,5120.0,100.0,4152100.0
288,2021-10-08 06:45:19,5120.0,100.0,4152000.0
289,2021-10-08 06:45:19,5120.0,1500.0,4151900.0
290,2021-10-08 06:45:19,5120.0,1000.0,4150400.0
291,2021-10-08 06:45:19,5120.0,1000.0,4149400.0
292,2021-10-08 06:45:19,5120.0,200.0,4148400.0
293,2021-10-08 06:45:19,5120.0,100.0,4148200.0
294,2021-10-08 06:45:19,5120.0,300.0,4148100.0
295,2021-10-08 06:45:19,5120.0,400.0,4147800.0
296,2021-10-08 06:45:19,5120.0,500.0,4147400.0
297,2021-10-08 06:45:19,5120.0,1000.0,4146900.0
298,2021-10-08 06:45:19,5120.0,100.0,4145900.0
299,2021-10-08 06:45:19,5120.0,400.0,4145800.0
300,2021-10-08 06:45:19,5120.0,1000.0,4145400.0
301,2021-10-08 06:45:19,5120.0,1000.0,4144400.0
302,2021-10-08 06:45:19,5120.0,200.0,4143400.0
303,2021-10-08 06:45:19,5120.0,10000.0,4143200.0
304,2021-10-08 06:45:19,5120.0,1000.0,4133200.0
305,2021-10-08 06:45:19,5120.0,10000.0,4132200.0
306,2021-10-08 06:45:19,5120.0,7300.0,4122200.0
307,2021-10-08 06:45:09,5120.0,3000.0,4114900.0
308,2021-10-08 06:45:02,5120.0,400.0,4111900.0
309,2021-10-08 06:44:57,5120.0,10000.0,4111500.0
310,2021-10-08 06:44:50,5120.0,400.0,4101500.0
311,2021-10-08 06:44:03,5120.0,400.0,4101100.0
312,2021-10-08 06:43:57,5120.0,8500.0,4100700.0
313,2021-10-08 06:43:57,5120.0,400.0,4092200.0
314,2021-10-08 06:43:57,5120.0,1100.0,4091800.0
315,2021-10-08 06:43:37,5120.0,800.0,4090700.0
316,2021-10-08 06:43:37,5120.0,1000.0,4089900.0
317,2021-10-08 06:43:37,5120.0,2000.0,4088900.0
318,2021-10-08 06:43:37,5120.0,1200.0,4086900.0
319,2021-10-08 06:43:20,5120.0,2000.0,4085700.0
320,2021-10-08 06:41:48,5120.0,400.0,4083700.0
321,2021-10-08 06:41:21,5120.0,100.0,4083300.0
322,2021-10-08 06:41:05,5130.0,8500.0,4083200.0
323,2021-10-08 06:41:05,5130.0,800.0,4074700.0
324,2021-10-08 06:41:05,5130.0,700.0,4073900.0
325,2021-10-08 06:40:58,5130.0,300.0,4073200.0
326,2021-10-08 06:40:58,5130.0,1000.0,4072900.0
327,2021-10-08 06:40:58,5130.0,2500.0,4071900.0
328,2021-10-08 06:40:58,5130.0,1200.0,4069400.0
329,2021-10-08 06:38:26,5130.0,200.0,4068200.0
330,2021-10-08 06:37:52,5130.0,600.0,4068000.0
331,2021-10-08 06:37:42,5130.0,700.0,4067400.0
332,2021-10-08 06:37:38,5130.0,500.0,4066700.0
333,2021-10-08 06:37:34,5130.0,10000.0,4066200.0
334,2021-10-08 06:36:27,5130.0,400.0,4056200.0
335,2021-10-08 06:36:27,5130.0,10000.0,4055800.0
336,2021-10-08 06:36:27,5130.0,5000.0,4045800.0
337,2021-10-08 06:36:27,5130.0,1900.0,4040800.0
338,2021-10-08 06:35:49,5130.0,1000.0,4038900.0
339,2021-10-08 06:35:13,5120.0,1200.0,4037900.0
340,2021-10-08 06:35:00,5130.0,2100.0,4036700.0
341,2021-10-08 06:35:00,5130.0,1000.0,4034600.0
342,2021-10-08 06:35:00,5130.0,3900.0,4033600.0
343,2021-10-08 06:34:32,5130.0,1600.0,4029700.0
344,2021-10-08 06:34:32,5130.0,100.0,4028100.0
345,2021-10-08 06:34:32,5130.0,1000.0,4028000.0
346,2021-10-08 06:34:32,5130.0,2500.0,4027000.0
347,2021-10-08 06:34:32,5130.0,4500.0,4024500.0
348,2021-10-08 06:34:32,5130.0,300.0,4020000.0
349,2021-10-08 06:34:14,5130.0,100.0,4019700.0
350,2021-10-08 06:34:06,5130.0,100.0,4019600.0
351,2021-10-08 06:33:59,5130.0,2000.0,4019500.0
352,2021-10-08 06:33:08,5130.0,100.0,4017500.0
353,2021-10-08 06:32:54,5130.0,200.0,4017400.0
354,2021-10-08 06:32:38,5130.0,1000.0,4017200.0
355,2021-10-08 06:32:14,5130.0,100.0,4016200.0
356,2021-10-08 06:31:05,5130.0,1000.0,4016100.0
357,2021-10-08 06:31:05,5120.0,100.0,4015100.0
358,2021-10-08 06:30:51,5130.0,100.0,4015000.0
359,2021-10-08 06:30:51,5130.0,5000.0,4014900.0
360,2021-10-08 06:30:51,5130.0,300.0,4009900.0
361,2021-10-08 06:30:33,5140.0,100.0,4009600.0
362,2021-10-08 06:30:31,5130.0,5000.0,4009500.0
363,2021-10-08 06:29:43,5130.0,200.0,4004500.0
364,2021-10-08 06:29:27,5130.0,5700.0,4004300.0
365,2021-10-08 06:29:17,5130.0,1300.0,3998600.0
366,2021-10-08 06:29:15,5130.0,300.0,3997300.0
367,2021-10-08 06:29:15,5130.0,900.0,3997000.0
368,2021-10-08 06:29:15,5130.0,500.0,3996100.0
369,2021-10-08 06:29:11,5130.0,1800.0,3995600.0
370,2021-10-08 06:29:11,5130.0,200.0,3993800.0
371,2021-10-08 06:29:02,5130.0,1000.0,3993600.0
372,2021-10-08 06:28:56,5130.0,20000.0,3992600.0
373,2021-10-08 06:28:42,5120.0,100.0,3972600.0
374,2021-10-08 06:28:38,5130.0,800.0,3972500.0
375,2021-10-08 06:28:37,5130.0,10000.0,3971700.0
376,2021-10-08 06:28:16,5130.0,18000.0,3961700.0
377,2021-10-08 06:28:16,5130.0,2000.0,3943700.0
378,2021-10-08 06:28:10,5130.0,1000.0,3941700.0
379,2021-10-08 06:28:07,5130.0,200.0,3940700.0
380,2021-10-08 06:26:44,5130.0,500.0,3940500.0
381,2021-10-08 06:26:39,5120.0,300.0,3940000.0
382,2021-10-08 06:26:11,5120.0,1800.0,3939700.0
383,2021-10-08 06:25:26,5120.0,1000.0,3937900.0
384,2021-10-08 06:25:07,5120.0,1800.0,3936900.0
385,2021-10-08 06:25:07,5120.0,100.0,3935100.0
386,2021-10-08 06:25:07,5120.0,300.0,3935000.0
387,2021-10-08 06:25:07,5120.0,1800.0,3934700.0
388,2021-10-08 06:23:52,5120.0,2000.0,3932900.0
389,2021-10-08 06:23:49,5120.0,500.0,3930900.0
390,2021-10-08 06:23:29,5120.0,1000.0,3930400.0
391,2021-10-08 06:22:57,5120.0,100.0,3929400.0
392,2021-10-08 06:22:49,5120.0,4600.0,3929300.0
393,2021-10-08 06:22:49,5120.0,300.0,3924700.0
394,2021-10-08 06:22:49,5120.0,100.0,3924400.0
395,2021-10-08 06:22:32,5120.0,100.0,3924300.0
396,2021-10-08 06:21:54,5120.0,800.0,3924200.0
397,2021-10-08 06:21:54,5120.0,1000.0,3923400.0
398,2021-10-08 06:21:54,5120.0,10000.0,3922400.0
399,2021-10-08 06:21:54,5120.0,300.0,3912400.0
400,2021-10-08 06:20:17,5120.0,5000.0,3912100.0
401,2021-10-08 06:20:17,5120.0,4700.0,3907100.0
402,2021-10-08 06:19:22,5120.0,1300.0,3902400.0
403,2021-10-08 06:19:22,5120.0,200.0,3901100.0
404,2021-10-08 06:19:09,5120.0,1000.0,3900900.0
405,2021-10-08 06:18:39,5120.0,300.0,3899900.0
406,2021-10-08 06:18:34,5110.0,2000.0,3899600.0
407,2021-10-08 06:18:11,5110.0,3000.0,3897600.0
408,2021-10-08 06:17:54,5110.0,800.0,3894600.0
409,2021-10-08 06:17:54,5110.0,4000.0,3893800.0
410,2021-10-08 06:17:54,5110.0,17300.0,3889800.0
411,2021-10-08 06:17:54,5110.0,300.0,3872500.0
412,2021-10-08 06:17:43,5110.0,100.0,3872200.0
413,2021-10-08 06:17:42,5110.0,100.0,3872100.0
414,2021-10-08 06:17:41,5110.0,100.0,3872000.0
415,2021-10-08 06:17:31,5110.0,600.0,3871900.0
416,2021-10-08 06:17:29,5110.0,1500.0,3871300.0
417,2021-10-08 06:17:16,5110.0,1000.0,3869800.0
418,2021-10-08 06:17:14,5110.0,1300.0,3868800.0
419,2021-10-08 06:17:06,5110.0,700.0,3867500.0
420,2021-10-08 06:17:06,5110.0,200.0,3866800.0
421,2021-10-08 06:17:06,5110.0,1000.0,3866600.0
422,2021-10-08 06:17:06,5110.0,1000.0,3865600.0
423,2021-10-08 06:17:06,5110.0,600.0,3864600.0
424,2021-10-08 06:17:06,5110.0,1500.0,3864000.0
425,2021-10-08 06:16:53,5110.0,500.0,3862500.0
426,2021-10-08 06:16:53,5110.0,100.0,3862000.0
427,2021-10-08 06:16:53,5110.0,400.0,3861900.0
428,2021-10-08 06:15:51,5110.0,1000.0,3861500.0
429,2021-10-08 06:15:37,5120.0,100.0,3860500.0
430,2021-10-08 06:15:23,5120.0,400.0,3860400.0
431,2021-10-08 06:15:23,5120.0,1600.0,3860000.0
432,2021-10-08 06:14:26,5120.0,900.0,3858400.0
433,2021-10-08 06:14:26,5120.0,100.0,3857500.0
434,2021-10-08 06:14:15,5130.0,300.0,3857400.0
435,2021-10-08 06:14:08,5130.0,2000.0,3857100.0
436,2021-10-08 06:13:15,5130.0,5000.0,3855100.0
437,2021-10-08 06:13:15,5130.0,7100.0,3850100.0
438,2021-10-08 06:13:15,5130.0,2000.0,3843000.0
439,2021-10-08 06:13:15,5130.0,100.0,3841000.0
440,2021-10-08 06:13:15,5130.0,500.0,3840900.0
441,2021-10-08 06:13:15,5130.0,1600.0,3840400.0
442,2021-10-08 06:13:15,5130.0,20000.0,3838800.0
443,2021-10-08 06:13:15,5130.0,5000.0,3818800.0
444,2021-10-08 06:13:15,5130.0,800.0,3813800.0
445,2021-10-08 06:13:15,5130.0,500.0,3813000.0
446,2021-10-08 06:13:15,5130.0,100.0,3812500.0
447,2021-10-08 06:13:15,5130.0,5000.0,3812400.0
448,2021-10-08 06:12:51,5120.0,100.0,3807400.0
449,2021-10-08 06:12:48,5120.0,3000.0,3807300.0
450,2021-10-08 06:12:48,5120.0,1100.0,3804300.0
451,2021-10-08 06:12:48,5120.0,200.0,3803200.0
452,2021-10-08 06:12:48,5120.0,700.0,3803000.0
453,2021-10-08 06:12:39,5120.0,300.0,3802300.0
454,2021-10-08 06:12:39,5120.0,500.0,3802000.0
455,2021-10-08 06:12:39,5120.0,200.0,3801500.0
456,2021-10-08 06:12:33,5120.0,100.0,3801300.0
457,2021-10-08 06:11:22,5120.0,800.0,3801200.0
458,2021-10-08 06:11:22,5120.0,100.0,3800400.0
459,2021-10-08 06:11:22,5120.0,100.0,3800300.0
460,2021-10-08 06:11:21,5120.0,200.0,3800200.0
461,2021-10-08 06:11:21,5120.0,100.0,3800000.0
462,2021-10-08 06:10:23,5120.0,100.0,3799900.0
463,2021-10-08 06:08:58,5110.0,100.0,3799800.0
464,2021-10-08 06:08:31,5110.0,100.0,3799700.0
465,2021-10-08 06:08:25,5120.0,1900.0,3799600.0
466,2021-10-08 06:08:25,5120.0,100.0,3797700.0
467,2021-10-08 06:08:25,5120.0,100.0,3797600.0
468,2021-10-08 06:08:25,5120.0,1900.0,3797500.0
469,2021-10-08 06:08:22,5120.0,3100.0,3795600.0
470,2021-10-08 06:08:22,5120.0,6900.0,3792500.0
471,2021-10-08 06:07:54,5110.0,400.0,3785600.0
472,2021-10-08 06:07:54,5110.0,600.0,3785200.0
473,2021-10-08 06:07:10,5110.0,1400.0,3784600.0
474,2021-10-08 06:07:02,5110.0,100.0,3783200.0
475,2021-10-08 06:06:37,5110.0,2000.0,3783100.0
476,2021-10-08 06:06:33,5110.0,1500.0,3781100.0
477,2021-10-08 06:06:33,5110.0,3500.0,3779600.0
478,2021-10-08 06:06:31,5110.0,1000.0,3776100.0
479,2021-10-08 06:06:23,5110.0,600.0,3775100.0
480,2021-10-08 06:05:43,5110.0,2000.0,3774500.0
481,2021-10-08 06:05:26,5100.0,300.0,3772500.0
482,2021-10-08 06:05:25,5110.0,1000.0,3772200.0
483,2021-10-08 06:04:42,5110.0,1000.0,3771200.0
484,2021-10-08 06:04:30,5110.0,3000.0,3770200.0
485,2021-10-08 06:03:40,5110.0,1500.0,3767200.0
486,2021-10-08 06:00:40,5100.0,400.0,3765700.0
487,2021-10-08 06:00:40,5100.0,2000.0,3765300.0
488,2021-10-08 06:00:40,5100.0,100.0,3763300.0
489,2021-10-08 06:00:40,5100.0,2000.0,3763200.0
490,2021-10-08 06:00:40,5100.0,400.0,3761200.0
491,2021-10-08 06:00:40,5100.0,1000.0,3760800.0
492,2021-10-08 06:00:40,5100.0,100.0,3759800.0
493,2021-10-08 06:00:40,5100.0,400.0,3759700.0
494,2021-10-08 06:00:39,5100.0,600.0,3759300.0
495,2021-10-08 06:00:39,5100.0,200.0,3758700.0
496,2021-10-08 06:00:39,5100.0,1200.0,3758500.0
497,2021-10-08 06:00:16,5110.0,100.0,3757300.0
498,2021-10-08 06:00:16,5110.0,1000.0,3757200.0
499,2021-10-08 06:00:08,5110.0,300.0,3756200.0
500,2021-10-08 06:00:06,5100.0,500.0,3755900.0
501,2021-10-08 06:00:04,5110.0,300.0,3755400.0
502,2021-10-08 06:00:00,5100.0,200.0,3755100.0
503,2021-10-08 06:00:00,5110.0,3000.0,3754900.0
504,2021-10-08 06:00:00,5110.0,1700.0,3751900.0
505,2021-10-08 06:00:00,5110.0,1100.0,3750200.0
506,2021-10-08 06:00:00,5110.0,200.0,3749100.0
507,2021-10-08 06:00:00,5110.0,400.0,3748900.0
508,2021-10-08 06:00:00,5110.0,900.0,3748500.0
509,2021-10-08 06:00:00,5110.0,100.0,3747600.0
510,2021-10-08 04:29:37,5100.0,300.0,3747500.0
511,2021-10-08 04:29:31,5090.0,300.0,3747200.0
512,2021-10-08 04:29:00,5100.0,1000.0,3746900.0
513,2021-10-08 04:28:58,5100.0,100.0,3745900.0
514,2021-10-08 04:28:35,5100.0,8000.0,3745800.0
515,2021-10-08 04:27:51,5100.0,300.0,3737800.0
516,2021-10-08 04:27:21,5100.0,2000.0,3737500.0
517,2021-10-08 04:27:21,5100.0,800.0,3735500.0
518,2021-10-08 04:26:59,5100.0,2000.0,3734700.0
519,2021-10-08 04:26:55,5100.0,3000.0,3732700.0
520,2021-10-08 04:26:00,5100.0,2300.0,3729700.0
521,2021-10-08 04:26:00,5100.0,500.0,3727400.0
522,2021-10-08 04:26:00,5100.0,1400.0,3726900.0
523,2021-10-08 04:25:58,5100.0,100.0,3725500.0
524,2021-10-08 04:25:56,5100.0,1000.0,3725400.0
525,2021-10-08 04:25:16,5100.0,10000.0,3724400.0
526,2021-10-08 04:25:15,5100.0,1000.0,3714400.0
527,2021-10-08 04:24:41,5100.0,100.0,3713400.0
528,2021-10-08 04:24:40,5100.0,10000.0,3713300.0
529,2021-10-08 04:23:19,5100.0,500.0,3703300.0
530,2021-10-08 04:23:19,5100.0,100.0,3702800.0
531,2021-10-08 04:23:19,5100.0,800.0,3702700.0
532,2021-10-08 04:23:15,5110.0,10000.0,3701900.0
533,2021-10-08 04:22:01,5100.0,4200.0,3691900.0
534,2021-10-08 04:22:01,5100.0,2000.0,3687700.0
535,2021-10-08 04:22:01,5100.0,1000.0,3685700.0
536,2021-10-08 04:22:01,5100.0,100.0,3684700.0
537,2021-10-08 04:22:01,5100.0,12700.0,3684600.0
538,2021-10-08 04:21:20,5100.0,5000.0,3671900.0
539,2021-10-08 04:21:02,5100.0,2300.0,3666900.0
540,2021-10-08 04:21:02,5100.0,1000.0,3664600.0
541,2021-10-08 04:21:02,5100.0,200.0,3663600.0
542,2021-10-08 04:21:02,5100.0,100.0,3663400.0
543,2021-10-08 04:21:02,5100.0,1400.0,3663300.0
544,2021-10-08 04:19:21,5110.0,1000.0,3661900.0
545,2021-10-08 04:19:20,5100.0,400.0,3660900.0
546,2021-10-08 04:19:20,5100.0,5000.0,3660500.0
547,2021-10-08 04:19:20,5100.0,100.0,3655500.0
548,2021-10-08 04:19:20,5100.0,40000.0,3655400.0
549,2021-10-08 04:19:20,5100.0,1000.0,3615400.0
550,2021-10-08 04:19:20,5100.0,200.0,3614400.0
551,2021-10-08 04:19:20,5100.0,900.0,3614200.0
552,2021-10-08 04:19:20,5100.0,2100.0,3613300.0
553,2021-10-08 04:19:20,5100.0,18000.0,3611200.0
554,2021-10-08 04:19:20,5100.0,500.0,3593200.0
555,2021-10-08 04:19:20,5100.0,100.0,3592700.0
556,2021-10-08 04:19:20,5100.0,200.0,3592600.0
557,2021-10-08 04:19:20,5100.0,1000.0,3592400.0
558,2021-10-08 04:19:20,5100.0,1000.0,3591400.0
559,2021-10-08 04:19:20,5100.0,200.0,3590400.0
560,2021-10-08 04:19:20,5100.0,1000.0,3590200.0
561,2021-10-08 04:19:20,5100.0,200.0,3589200.0
562,2021-10-08 04:19:20,5100.0,300.0,3589000.0
563,2021-10-08 04:19:20,5100.0,2000.0,3588700.0
564,2021-10-08 04:19:20,5100.0,100.0,3586700.0
565,2021-10-08 04:19:20,5100.0,600.0,3586600.0
566,2021-10-08 04:19:20,5100.0,1000.0,3586000.0
567,2021-10-08 04:19:20,5100.0,2000.0,3585000.0
568,2021-10-08 04:19:20,5100.0,200.0,3583000.0
569,2021-10-08 04:19:20,5100.0,200.0,3582800.0
570,2021-10-08 04:19:20,5100.0,100.0,3582600.0
571,2021-10-08 04:19:20,5100.0,400.0,3582500.0
572,2021-10-08 04:19:04,5110.0,200.0,3582100.0
573,2021-10-08 04:18:19,5100.0,100.0,3581900.0
574,2021-10-08 04:18:18,5110.0,1000.0,3581800.0
575,2021-10-08 04:17:52,5110.0,1300.0,3580800.0
576,2021-10-08 04:17:52,5110.0,5500.0,3579500.0
577,2021-10-08 04:17:45,5110.0,4500.0,3574000.0
578,2021-10-08 04:17:45,5110.0,100.0,3569500.0
579,2021-10-08 04:17:45,5110.0,200.0,3569400.0
580,2021-10-08 04:17:45,5110.0,2000.0,3569200.0
581,2021-10-08 04:17:45,5110.0,100.0,3567200.0
582,2021-10-08 04:17:45,5110.0,200.0,3567100.0
583,2021-10-08 04:17:45,5110.0,100.0,3566900.0
584,2021-10-08 04:17:45,5110.0,900.0,3566800.0
585,2021-10-08 04:17:45,5110.0,100.0,3565900.0
586,2021-10-08 04:17:45,5110.0,700.0,3565800.0
587,2021-10-08 04:17:45,5110.0,1000.0,3565100.0
588,2021-10-08 04:17:45,5110.0,100.0,3564100.0
589,2021-10-08 04:16:14,5120.0,200.0,3564000.0
590,2021-10-08 04:15:17,5120.0,100.0,3563800.0
591,2021-10-08 04:15:15,5120.0,200.0,3563700.0
592,2021-10-08 04:15:05,5120.0,1100.0,3563500.0
593,2021-10-08 04:14:59,5110.0,15500.0,3562400.0
594,2021-10-08 04:14:59,5110.0,1000.0,3546900.0
595,2021-10-08 04:14:59,5110.0,1000.0,3545900.0
596,2021-10-08 04:14:59,5110.0,200.0,3544900.0
597,2021-10-08 04:14:59,5110.0,200.0,3544700.0
598,2021-10-08 04:14:59,5110.0,1000.0,3544500.0
599,2021-10-08 04:14:59,5110.0,100.0,3543500.0
600,2021-10-08 04:14:59,5110.0,1000.0,3543400.0
601,2021-10-08 04:14:59,5110.0,28000.0,3542400.0
602,2021-10-08 04:13:44,5120.0,100.0,3514400.0
603,2021-10-08 04:10:26,5120.0,10000.0,3514300.0
604,2021-10-08 04:10:18,5120.0,500.0,3504300.0
605,2021-10-08 04:09:27,5120.0,100.0,3503800.0
606,2021-10-08 04:09:27,5120.0,10800.0,3503700.0
607,2021-10-08 04:09:01,5130.0,1000.0,3492900.0
608,2021-10-08 04:08:24,5120.0,300.0,3491900.0
609,2021-10-08 04:08:24,5120.0,100.0,3491600.0
610,2021-10-08 04:08:24,5120.0,1000.0,3491500.0
611,2021-10-08 04:08:24,5120.0,200.0,3490500.0
612,2021-10-08 04:08:24,5120.0,7100.0,3490300.0
613,2021-10-08 04:08:24,5120.0,500.0,3483200.0
614,2021-10-08 04:08:04,5120.0,1600.0,3482700.0
615,2021-10-08 04:07:12,5110.0,1500.0,3481100.0
616,2021-10-08 04:07:02,5110.0,2000.0,3479600.0
617,2021-10-08 04:06:30,5110.0,100.0,3477600.0
618,2021-10-08 04:06:30,5110.0,1000.0,3477500.0
619,2021-10-08 04:06:30,5110.0,1000.0,3476500.0
620,2021-10-08 04:06:30,5110.0,200.0,3475500.0
621,2021-10-08 04:06:30,5110.0,500.0,3475300.0
622,2021-10-08 04:06:30,5110.0,5600.0,3474800.0
623,2021-10-08 04:06:30,5110.0,1600.0,3469200.0
624,2021-10-08 04:05:13,5120.0,100.0,3467600.0
625,2021-10-08 04:04:33,5120.0,1000.0,3467500.0
626,2021-10-08 04:04:23,5120.0,500.0,3466500.0
627,2021-10-08 04:04:23,5120.0,500.0,3466000.0
628,2021-10-08 04:03:21,5120.0,500.0,3465500.0
629,2021-10-08 04:03:21,5120.0,1500.0,3465000.0
630,2021-10-08 04:03:15,5120.0,500.0,3463500.0
631,2021-10-08 04:03:15,5120.0,1100.0,3463000.0
632,2021-10-08 04:02:48,5120.0,100.0,3461900.0
633,2021-10-08 04:02:40,5120.0,100.0,3461800.0
634,2021-10-08 04:02:18,5120.0,900.0,3461700.0
635,2021-10-08 04:00:17,5110.0,300.0,3460800.0
636,2021-10-08 04:00:17,5110.0,100.0,3460500.0
637,2021-10-08 04:00:17,5110.0,800.0,3460400.0
638,2021-10-08 04:00:17,5110.0,2000.0,3459600.0
639,2021-10-08 04:00:17,5110.0,500.0,3457600.0
640,2021-10-08 04:00:17,5110.0,16300.0,3457100.0
641,2021-10-08 03:59:54,5110.0,100.0,3440800.0
642,2021-10-08 03:59:30,5120.0,100.0,3440700.0
643,2021-10-08 03:59:27,5120.0,1000.0,3440600.0
644,2021-10-08 03:59:17,5120.0,2000.0,3439600.0
645,2021-10-08 03:58:54,5120.0,10000.0,3437600.0
646,2021-10-08 03:58:37,5120.0,100.0,3427600.0
647,2021-10-08 03:58:37,5120.0,500.0,3427500.0
648,2021-10-08 03:58:37,5120.0,100.0,3427000.0
649,2021-10-08 03:58:37,5120.0,2000.0,3426900.0
650,2021-10-08 03:58:37,5120.0,10000.0,3424900.0
651,2021-10-08 03:58:37,5120.0,100.0,3414900.0
652,2021-10-08 03:58:37,5120.0,100.0,3414800.0
653,2021-10-08 03:58:37,5120.0,100.0,3414700.0
654,2021-10-08 03:58:37,5120.0,1000.0,3414600.0
655,2021-10-08 03:58:37,5120.0,500.0,3413600.0
656,2021-10-08 03:58:37,5120.0,1200.0,3413100.0
657,2021-10-08 03:58:37,5120.0,200.0,3411900.0
658,2021-10-08 03:58:37,5120.0,3900.0,3411700.0
659,2021-10-08 03:58:37,5120.0,500.0,3407800.0
660,2021-10-08 03:58:37,5120.0,100.0,3407300.0
661,2021-10-08 03:58:37,5120.0,14300.0,3407200.0
662,2021-10-08 03:58:34,5130.0,100.0,3392900.0
663,2021-10-08 03:58:30,5120.0,200.0,3392800.0
664,2021-10-08 03:58:05,5120.0,1500.0,3392600.0
665,2021-10-08 03:58:02,5130.0,900.0,3391100.0
666,2021-10-08 03:57:45,5120.0,200.0,3390200.0
667,2021-10-08 03:57:28,5120.0,3800.0,3390000.0
668,2021-10-08 03:57:28,5120.0,100.0,3386200.0
669,2021-10-08 03:57:28,5120.0,200.0,3386100.0
670,2021-10-08 03:57:28,5120.0,2000.0,3385900.0
671,2021-10-08 03:57:28,5120.0,5000.0,3383900.0
672,2021-10-08 03:57:28,5120.0,3000.0,3378900.0
673,2021-10-08 03:57:28,5120.0,1000.0,3375900.0
674,2021-10-08 03:57:28,5120.0,200.0,3374900.0
675,2021-10-08 03:57:28,5120.0,2000.0,3374700.0
676,2021-10-08 03:57:28,5120.0,100.0,3372700.0
677,2021-10-08 03:57:28,5120.0,100.0,3372600.0
678,2021-10-08 03:57:28,5120.0,100.0,3372500.0
679,2021-10-08 03:57:28,5120.0,1400.0,3372400.0
680,2021-10-08 03:57:28,5120.0,1000.0,3371000.0
681,2021-10-08 03:57:28,5130.0,10000.0,3370000.0
682,2021-10-08 03:57:06,5130.0,6000.0,3360000.0
683,2021-10-08 03:57:06,5130.0,400.0,3354000.0
684,2021-10-08 03:57:06,5130.0,3600.0,3353600.0
685,2021-10-08 03:56:50,5130.0,100.0,3350000.0
686,2021-10-08 03:56:45,5130.0,1000.0,3349900.0
687,2021-10-08 03:56:42,5130.0,200.0,3348900.0
688,2021-10-08 03:56:35,5130.0,100.0,3348700.0
689,2021-10-08 03:56:28,5120.0,1000.0,3348600.0
690,2021-10-08 03:56:19,5130.0,100.0,3347600.0
691,2021-10-08 03:55:48,5120.0,500.0,3347500.0
692,2021-10-08 03:55:48,5120.0,3500.0,3347000.0
693,2021-10-08 03:55:15,5120.0,100.0,3343500.0
694,2021-10-08 03:54:34,5130.0,2000.0,3343400.0
695,2021-10-08 03:52:23,5130.0,1000.0,3341400.0
696,2021-10-08 03:51:32,5120.0,5000.0,3340400.0
697,2021-10-08 03:50:40,5120.0,400.0,3335400.0
698,2021-10-08 03:49:51,5130.0,1000.0,3335000.0
699,2021-10-08 03:48:51,5130.0,1000.0,3334000.0
700,2021-10-08 03:48:47,5130.0,200.0,3333000.0
701,2021-10-08 03:47:37,5130.0,400.0,3332800.0
702,2021-10-08 03:47:37,5130.0,2900.0,3332400.0
703,2021-10-08 03:47:24,5130.0,20000.0,3329500.0
704,2021-10-08 03:47:11,5140.0,300.0,3309500.0
705,2021-10-08 03:47:09,5130.0,200.0,3309200.0
706,2021-10-08 03:47:06,5130.0,100.0,3309000.0
707,2021-10-08 03:46:41,5130.0,20000.0,3308900.0
708,2021-10-08 03:46:34,5130.0,800.0,3288900.0
709,2021-10-08 03:46:34,5130.0,400.0,3288100.0
710,2021-10-08 03:46:34,5130.0,5600.0,3287700.0
711,2021-10-08 03:46:34,5120.0,100.0,3282100.0
712,2021-10-08 03:46:19,5120.0,100.0,3282000.0
713,2021-10-08 03:45:06,5130.0,9000.0,3281900.0
714,2021-10-08 03:44:50,5130.0,1000.0,3272900.0
715,2021-10-08 03:44:31,5130.0,200.0,3271900.0
716,2021-10-08 03:44:09,5130.0,100.0,3271700.0
717,2021-10-08 03:43:26,5130.0,4100.0,3271600.0
718,2021-10-08 03:43:19,5130.0,1000.0,3267500.0
719,2021-10-08 03:42:13,5130.0,900.0,3266500.0
720,2021-10-08 03:42:13,5130.0,300.0,3265600.0
721,2021-10-08 03:42:13,5130.0,100.0,3265300.0
722,2021-10-08 03:42:13,5130.0,100.0,3265200.0
723,2021-10-08 03:42:13,5130.0,400.0,3265100.0
724,2021-10-08 03:42:13,5130.0,8000.0,3264700.0
725,2021-10-08 03:42:13,5130.0,200.0,3256700.0
726,2021-10-08 03:41:22,5140.0,200.0,3256500.0
727,2021-10-08 03:41:03,5140.0,2000.0,3256300.0
728,2021-10-08 03:40:13,5140.0,100.0,3254300.0
729,2021-10-08 03:38:01,5140.0,500.0,3254200.0
730,2021-10-08 03:36:44,5130.0,800.0,3253700.0
731,2021-10-08 03:36:34,5130.0,200.0,3252900.0
732,2021-10-08 03:36:26,5130.0,100.0,3252700.0
733,2021-10-08 03:36:12,5130.0,700.0,3252600.0
734,2021-10-08 03:36:10,5120.0,100.0,3251900.0
735,2021-10-08 03:35:55,5120.0,1000.0,3251800.0
736,2021-10-08 03:35:33,5130.0,300.0,3250800.0
737,2021-10-08 03:35:33,5130.0,900.0,3250500.0
738,2021-10-08 03:34:27,5130.0,1000.0,3249600.0
739,2021-10-08 03:34:27,5130.0,100.0,3248600.0
740,2021-10-08 03:33:46,5140.0,500.0,3248500.0
741,2021-10-08 03:33:34,5140.0,300.0,3248000.0
742,2021-10-08 03:33:17,5140.0,100.0,3247700.0
743,2021-10-08 03:33:01,5130.0,100.0,3247600.0
744,2021-10-08 03:32:31,5130.0,2000.0,3247500.0
745,2021-10-08 03:32:00,5130.0,1000.0,3245500.0
746,2021-10-08 03:32:00,5130.0,200.0,3244500.0
747,2021-10-08 03:31:37,5130.0,1000.0,3244300.0
748,2021-10-08 03:31:37,5130.0,300.0,3243300.0
749,2021-10-08 03:31:37,5130.0,800.0,3243000.0
750,2021-10-08 03:31:37,5130.0,300.0,3242200.0
751,2021-10-08 03:31:37,5130.0,400.0,3241900.0
752,2021-10-08 03:31:37,5130.0,400.0,3241500.0
753,2021-10-08 03:31:37,5130.0,1600.0,3241100.0
754,2021-10-08 03:31:13,5130.0,5000.0,3239500.0
755,2021-10-08 03:31:08,5140.0,200.0,3234500.0
756,2021-10-08 03:31:08,5140.0,100.0,3234300.0
757,2021-10-08 03:31:08,5140.0,2000.0,3234200.0
758,2021-10-08 03:31:08,5140.0,1500.0,3232200.0
759,2021-10-08 03:30:56,5130.0,1000.0,3230700.0
760,2021-10-08 03:30:56,5140.0,1000.0,3229700.0
761,2021-10-08 03:29:40,5140.0,500.0,3228700.0
762,2021-10-08 03:29:02,5140.0,200.0,3228200.0
763,2021-10-08 03:28:59,5140.0,800.0,3228000.0
764,2021-10-08 03:28:59,5140.0,200.0,3227200.0
765,2021-10-08 03:28:57,5130.0,2400.0,3227000.0
766,2021-10-08 03:28:57,5130.0,900.0,3224600.0
767,2021-10-08 03:28:57,5130.0,2000.0,3223700.0
768,2021-10-08 03:28:57,5130.0,100.0,3221700.0
769,2021-10-08 03:28:57,5130.0,500.0,3221600.0
770,2021-10-08 03:28:57,5130.0,100.0,3221100.0
771,2021-10-08 03:28:57,5130.0,1000.0,3221000.0
772,2021-10-08 03:28:57,5130.0,2600.0,3220000.0
773,2021-10-08 03:28:45,5140.0,200.0,3217400.0
774,2021-10-08 03:27:53,5130.0,10000.0,3217200.0
775,2021-10-08 03:27:29,5130.0,100.0,3207200.0
776,2021-10-08 03:27:25,5140.0,100.0,3207100.0
777,2021-10-08 03:27:22,5130.0,7300.0,3207000.0
778,2021-10-08 03:27:22,5130.0,4000.0,3199700.0
779,2021-10-08 03:27:22,5130.0,27000.0,3195700.0
780,2021-10-08 03:27:05,5130.0,2000.0,3168700.0
781,2021-10-08 03:27:00,5140.0,300.0,3166700.0
782,2021-10-08 03:26:57,5140.0,2000.0,3166400.0
783,2021-10-08 03:26:51,5140.0,9400.0,3164400.0
784,2021-10-08 03:26:51,5140.0,200.0,3155000.0
785,2021-10-08 03:26:51,5140.0,300.0,3154800.0
786,2021-10-08 03:26:21,5130.0,1000.0,3154500.0
787,2021-10-08 03:26:21,5130.0,49000.0,3153500.0
788,2021-10-08 03:26:12,5130.0,1000.0,3104500.0
789,2021-10-08 03:26:12,5130.0,100.0,3103500.0
790,2021-10-08 03:26:12,5130.0,100.0,3103400.0
791,2021-10-08 03:26:12,5140.0,5000.0,3103300.0
792,2021-10-08 03:25:52,5140.0,2000.0,3098300.0
793,2021-10-08 03:24:34,5140.0,200.0,3096300.0
794,2021-10-08 03:24:30,5140.0,200.0,3096100.0
795,2021-10-08 03:24:14,5140.0,200.0,3095900.0
796,2021-10-08 03:24:10,5140.0,2100.0,3095700.0
797,2021-10-08 03:24:05,5140.0,4000.0,3093600.0
798,2021-10-08 03:23:46,5140.0,500.0,3089600.0
799,2021-10-08 03:23:27,5140.0,100.0,3089100.0
800,2021-10-08 03:23:27,5140.0,200.0,3089000.0
801,2021-10-08 03:23:27,5140.0,2500.0,3088800.0
802,2021-10-08 03:23:27,5140.0,24200.0,3086300.0
803,2021-10-08 03:23:27,5150.0,10000.0,3062100.0
804,2021-10-08 03:23:27,5150.0,200.0,3052100.0
805,2021-10-08 03:23:27,5150.0,200.0,3051900.0
806,2021-10-08 03:23:27,5150.0,1000.0,3051700.0
807,2021-10-08 03:23:27,5150.0,100.0,3050700.0
808,2021-10-08 03:23:27,5150.0,7000.0,3050600.0
809,2021-10-08 03:23:12,5150.0,3000.0,3043600.0
810,2021-10-08 03:22:55,5160.0,1000.0,3040600.0
811,2021-10-08 03:22:34,5160.0,6100.0,3039600.0
812,2021-10-08 03:22:34,5160.0,2900.0,3033500.0
813,2021-10-08 03:22:32,5160.0,5000.0,3030600.0
814,2021-10-08 03:22:19,5160.0,100.0,3025600.0
815,2021-10-08 03:22:18,5150.0,2100.0,3025500.0
816,2021-10-08 03:22:02,5150.0,2900.0,3023400.0
817,2021-10-08 03:22:01,5160.0,12000.0,3020500.0
818,2021-10-08 03:22:01,5160.0,3000.0,3008500.0
819,2021-10-08 03:22:01,5160.0,4000.0,3005500.0
820,2021-10-08 03:22:01,5160.0,1000.0,3001500.0
821,2021-10-08 03:21:49,5150.0,100.0,3000500.0
822,2021-10-08 03:21:44,5150.0,2000.0,3000400.0
823,2021-10-08 03:21:41,5150.0,400.0,2998400.0
824,2021-10-08 03:21:36,5150.0,4600.0,2998000.0
825,2021-10-08 03:21:36,5150.0,400.0,2993400.0
826,2021-10-08 03:21:10,5150.0,1100.0,2993000.0
827,2021-10-08 03:21:10,5150.0,1500.0,2991900.0
828,2021-10-08 03:20:58,5160.0,1000.0,2990400.0
829,2021-10-08 03:20:58,5160.0,1000.0,2989400.0
830,2021-10-08 03:20:56,5150.0,200.0,2988400.0
831,2021-10-08 03:20:40,5160.0,500.0,2988200.0
832,2021-10-08 03:20:30,5160.0,3000.0,2987700.0
833,2021-10-08 03:20:30,5160.0,10000.0,2984700.0
834,2021-10-08 03:20:19,5160.0,300.0,2974700.0
835,2021-10-08 03:20:19,5160.0,1200.0,2974400.0
836,2021-10-08 03:20:13,5150.0,100.0,2973200.0
837,2021-10-08 03:20:07,5150.0,200.0,2973100.0
838,2021-10-08 03:19:58,5150.0,500.0,2972900.0
839,2021-10-08 03:19:55,5160.0,100.0,2972400.0
840,2021-10-08 03:19:48,5160.0,1000.0,2972300.0
841,2021-10-08 03:19:48,5160.0,1000.0,2971300.0
842,2021-10-08 03:19:37,5160.0,900.0,2970300.0
843,2021-10-08 03:19:37,5160.0,2000.0,2969400.0
844,2021-10-08 03:19:37,5160.0,3800.0,2967400.0
845,2021-10-08 03:19:19,5170.0,1200.0,2963600.0
846,2021-10-08 03:19:16,5160.0,100.0,2962400.0
847,2021-10-08 03:19:12,5160.0,1300.0,2962300.0
848,2021-10-08 03:19:01,5170.0,200.0,2961000.0
849,2021-10-08 03:19:01,5170.0,100.0,2960800.0
850,2021-10-08 03:19:01,5170.0,100.0,2960700.0
851,2021-10-08 03:19:01,5170.0,100.0,2960600.0
852,2021-10-08 03:19:01,5170.0,500.0,2960500.0
853,2021-10-08 03:19:01,5170.0,100.0,2960000.0
854,2021-10-08 03:19:01,5170.0,100.0,2959900.0
855,2021-10-08 03:19:01,5170.0,100.0,2959800.0
856,2021-10-08 03:19:01,5170.0,200.0,2959700.0
857,2021-10-08 03:19:01,5170.0,100.0,2959500.0
858,2021-10-08 03:19:01,5170.0,500.0,2959400.0
859,2021-10-08 03:19:01,5170.0,500.0,2958900.0
860,2021-10-08 03:19:01,5170.0,100.0,2958400.0
861,2021-10-08 03:19:01,5170.0,100.0,2958300.0
862,2021-10-08 03:19:01,5170.0,100.0,2958200.0
863,2021-10-08 03:19:01,5170.0,100.0,2958100.0
864,2021-10-08 03:18:59,5160.0,200.0,2958000.0
865,2021-10-08 03:18:55,5160.0,3000.0,2957800.0
866,2021-10-08 03:18:41,5160.0,300.0,2954800.0
867,2021-10-08 03:18:41,5160.0,100.0,2954500.0
868,2021-10-08 03:18:41,5160.0,200.0,2954400.0
869,2021-10-08 03:18:41,5160.0,100.0,2954200.0
870,2021-10-08 03:18:41,5160.0,100.0,2954100.0
871,2021-10-08 03:18:41,5160.0,600.0,2954000.0
872,2021-10-08 03:18:41,5160.0,800.0,2953400.0
873,2021-10-08 03:18:41,5160.0,500.0,2952600.0
874,2021-10-08 03:18:41,5160.0,15600.0,2952100.0
875,2021-10-08 03:18:39,5160.0,2000.0,2936500.0
876,2021-10-08 03:18:34,5160.0,500.0,2934500.0
877,2021-10-08 03:18:19,5150.0,200.0,2934000.0
878,2021-10-08 03:18:19,5150.0,100.0,2933800.0
879,2021-10-08 03:18:19,5150.0,500.0,2933700.0
880,2021-10-08 03:18:19,5150.0,100.0,2933200.0
881,2021-10-08 03:18:19,5150.0,400.0,2933100.0
882,2021-10-08 03:18:19,5150.0,8000.0,2932700.0
883,2021-10-08 03:18:19,5150.0,100.0,2924700.0
884,2021-10-08 03:18:19,5150.0,10000.0,2924600.0
885,2021-10-08 03:18:19,5150.0,2200.0,2914600.0
886,2021-10-08 03:18:19,5150.0,100.0,2912400.0
887,2021-10-08 03:18:19,5150.0,1500.0,2912300.0
888,2021-10-08 03:18:19,5150.0,100.0,2910800.0
889,2021-10-08 03:18:13,5140.0,800.0,2910700.0
890,2021-10-08 03:18:13,5140.0,500.0,2909900.0
891,2021-10-08 03:18:13,5140.0,2000.0,2909400.0
892,2021-10-08 03:18:13,5140.0,2500.0,2907400.0
893,2021-10-08 03:17:49,5130.0,200.0,2904900.0
894,2021-10-08 03:17:39,5140.0,34400.0,2904700.0
895,2021-10-08 03:17:18,5130.0,300.0,2870300.0
896,2021-10-08 03:16:28,5130.0,100.0,2870000.0
897,2021-10-08 03:16:28,5130.0,2000.0,2869900.0
898,2021-10-08 03:16:28,5130.0,200.0,2867900.0
899,2021-10-08 03:16:28,5130.0,500.0,2867700.0
900,2021-10-08 03:16:28,5130.0,1100.0,2867200.0
901,2021-10-08 03:16:28,5130.0,1600.0,2866100.0
902,2021-10-08 03:16:28,5130.0,1000.0,2864500.0
903,2021-10-08 03:16:28,5130.0,100.0,2863500.0
904,2021-10-08 03:16:28,5130.0,2000.0,2863400.0
905,2021-10-08 03:16:28,5130.0,5000.0,2861400.0
906,2021-10-08 03:16:28,5130.0,1700.0,2856400.0
907,2021-10-08 03:16:13,5130.0,500.0,2854700.0
908,2021-10-08 03:16:00,5130.0,200.0,2854200.0
909,2021-10-08 03:15:35,5130.0,200.0,2854000.0
910,2021-10-08 03:15:35,5130.0,100.0,2853800.0
911,2021-10-08 03:15:05,5120.0,1400.0,2853700.0
912,2021-10-08 03:14:58,5130.0,400.0,2852300.0
913,2021-10-08 03:13:58,5120.0,2000.0,2851900.0
914,2021-10-08 03:13:04,5120.0,2000.0,2849900.0
915,2021-10-08 03:13:04,5120.0,14300.0,2847900.0
916,2021-10-08 03:12:57,5120.0,1000.0,2833600.0
917,2021-10-08 03:12:57,5120.0,4700.0,2832600.0
918,2021-10-08 03:12:36,5120.0,800.0,2827900.0
919,2021-10-08 03:12:36,5120.0,1300.0,2827100.0
920,2021-10-08 03:12:36,5120.0,1000.0,2825800.0
921,2021-10-08 03:12:36,5120.0,500.0,2824800.0
922,2021-10-08 03:12:36,5120.0,1400.0,2824300.0
923,2021-10-08 03:12:26,5120.0,100.0,2822900.0
924,2021-10-08 03:12:24,5130.0,200.0,2822800.0
925,2021-10-08 03:12:19,5130.0,100.0,2822600.0
926,2021-10-08 03:11:53,5120.0,1800.0,2822500.0
927,2021-10-08 03:11:41,5120.0,300.0,2820700.0
928,2021-10-08 03:11:41,5120.0,10000.0,2820400.0
929,2021-10-08 03:11:41,5120.0,7900.0,2810400.0
930,2021-10-08 03:11:16,5120.0,2000.0,2802500.0
931,2021-10-08 03:10:58,5130.0,1000.0,2800500.0
932,2021-10-08 03:10:19,5130.0,200.0,2799500.0
933,2021-10-08 03:10:12,5130.0,1000.0,2799300.0
934,2021-10-08 03:09:47,5120.0,100.0,2798300.0
935,2021-10-08 03:09:19,5120.0,100.0,2798200.0
936,2021-10-08 03:08:26,5130.0,1000.0,2798100.0
937,2021-10-08 03:08:20,5110.0,13600.0,2797100.0
938,2021-10-08 03:08:19,5110.0,1000.0,2783500.0
939,2021-10-08 03:08:16,5110.0,200.0,2782500.0
940,2021-10-08 03:08:12,5110.0,200.0,2782300.0
941,2021-10-08 03:08:12,5110.0,1100.0,2782100.0
942,2021-10-08 03:07:56,5110.0,2900.0,2781000.0
943,2021-10-08 03:07:56,5110.0,1000.0,2778100.0
944,2021-10-08 03:07:56,5110.0,100.0,2777100.0
945,2021-10-08 03:07:56,5110.0,100.0,2777000.0
946,2021-10-08 03:07:56,5110.0,1800.0,2776900.0
947,2021-10-08 03:07:56,5110.0,500.0,2775100.0
948,2021-10-08 03:07:56,5110.0,500.0,2774600.0
949,2021-10-08 03:07:56,5110.0,8400.0,2774100.0
950,2021-10-08 03:07:56,5120.0,200.0,2765700.0
951,2021-10-08 03:07:56,5120.0,400.0,2765500.0
952,2021-10-08 03:07:56,5120.0,500.0,2765100.0
953,2021-10-08 03:07:56,5120.0,2000.0,2764600.0
954,2021-10-08 03:07:56,5120.0,20000.0,2762600.0
955,2021-10-08 03:07:56,5130.0,2000.0,2742600.0
956,2021-10-08 03:07:56,5130.0,9600.0,2740600.0
957,2021-10-08 03:07:40,5130.0,400.0,2731000.0
958,2021-10-08 03:07:40,5130.0,600.0,2730600.0
959,2021-10-08 03:07:40,5130.0,9000.0,2730000.0
960,2021-10-08 03:07:21,5140.0,500.0,2721000.0
961,2021-10-08 03:06:43,5140.0,500.0,2720500.0
962,2021-10-08 03:06:18,5140.0,1000.0,2720000.0
963,2021-10-08 03:06:15,5140.0,700.0,2719000.0
964,2021-10-08 03:06:15,5150.0,10000.0,2718300.0
965,2021-10-08 03:06:15,5150.0,400.0,2708300.0
966,2021-10-08 03:05:51,5160.0,11900.0,2707900.0
967,2021-10-08 03:05:51,5160.0,1000.0,2696000.0
968,2021-10-08 03:05:51,5160.0,5000.0,2695000.0
969,2021-10-08 03:05:51,5150.0,800.0,2690000.0
970,2021-10-08 03:05:51,5150.0,1000.0,2689200.0
971,2021-10-08 03:05:51,5150.0,2000.0,2688200.0
972,2021-10-08 03:05:51,5150.0,700.0,2686200.0
973,2021-10-08 03:05:51,5150.0,500.0,2685500.0
974,2021-10-08 03:05:51,5150.0,100.0,2685000.0
975,2021-10-08 03:05:51,5150.0,100.0,2684900.0
976,2021-10-08 03:05:51,5150.0,2900.0,2684800.0
977,2021-10-08 03:05:43,5150.0,2100.0,2681900.0
978,2021-10-08 03:05:43,5150.0,400.0,2679800.0
979,2021-10-08 03:05:43,5150.0,500.0,2679400.0
980,2021-10-08 03:05:43,5150.0,1000.0,2678900.0
981,2021-10-08 03:05:43,5150.0,1000.0,2677900.0
982,2021-10-08 03:05:43,5150.0,100.0,2676900.0
983,2021-10-08 03:05:43,5150.0,18900.0,2676800.0
984,2021-10-08 03:05:24,5140.0,700.0,2657900.0
985,2021-10-08 03:05:24,5140.0,4300.0,2657200.0
986,2021-10-08 03:05:07,5150.0,5000.0,2652900.0
987,2021-10-08 03:04:36,5140.0,4200.0,2647900.0
988,2021-10-08 03:04:34,5140.0,100.0,2643700.0
989,2021-10-08 03:04:09,5140.0,500.0,2643600.0
990,2021-10-08 03:04:07,5140.0,100.0,2643100.0
991,2021-10-08 03:04:02,5140.0,300.0,2643000.0
992,2021-10-08 03:03:59,5140.0,200.0,2642700.0
993,2021-10-08 03:03:59,5140.0,500.0,2642500.0
994,2021-10-08 03:03:59,5140.0,1000.0,2642000.0
995,2021-10-08 03:03:59,5140.0,400.0,2641000.0
996,2021-10-08 03:03:59,5140.0,30000.0,2640600.0
997,2021-10-08 03:03:59,5140.0,1000.0,2610600.0
998,2021-10-08 03:03:59,5140.0,100.0,2609600.0
999,2021-10-08 03:03:59,5140.0,7300.0,2609500.0
1000,2021-10-08 03:03:58,5140.0,100.0,2602200.0
1001,2021-10-08 03:03:57,5140.0,200.0,2602100.0
1002,2021-10-08 03:03:44,5140.0,2400.0,2601900.0
1003,2021-10-08 03:03:44,5140.0,1000.0,2599500.0
1004,2021-10-08 03:03:44,5140.0,100.0,2598500.0
1005,2021-10-08 03:03:44,5140.0,200.0,2598400.0
1006,2021-10-08 03:03:44,5140.0,1300.0,2598200.0
1007,2021-10-08 03:03:32,5140.0,1900.0,2596900.0
1008,2021-10-08 03:03:27,5130.0,2000.0,2595000.0
1009,2021-10-08 03:03:10,5140.0,1000.0,2593000.0
1010,2021-10-08 03:03:07,5140.0,2000.0,2592000.0
1011,2021-10-08 03:02:57,5130.0,600.0,2590000.0
1012,2021-10-08 03:02:42,5140.0,300.0,2589400.0
1013,2021-10-08 03:02:32,5130.0,1000.0,2589100.0
1014,2021-10-08 03:02:31,5130.0,100.0,2588100.0
1015,2021-10-08 03:02:29,5130.0,1000.0,2588000.0
1016,2021-10-08 03:02:24,5130.0,10000.0,2587000.0
1017,2021-10-08 03:02:24,5130.0,500.0,2577000.0
1018,2021-10-08 03:02:24,5130.0,500.0,2576500.0
1019,2021-10-08 03:02:24,5130.0,300.0,2576000.0
1020,2021-10-08 03:02:24,5130.0,4000.0,2575700.0
1021,2021-10-08 03:02:24,5130.0,500.0,2571700.0
1022,2021-10-08 03:02:24,5130.0,100.0,2571200.0
1023,2021-10-08 03:02:24,5130.0,400.0,2571100.0
1024,2021-10-08 03:02:22,5130.0,500.0,2570700.0
1025,2021-10-08 03:02:22,5130.0,300.0,2570200.0
1026,2021-10-08 03:02:14,5130.0,200.0,2569900.0
1027,2021-10-08 03:02:10,5120.0,300.0,2569700.0
1028,2021-10-08 03:01:59,5120.0,500.0,2569400.0
1029,2021-10-08 03:01:59,5120.0,400.0,2568900.0
1030,2021-10-08 03:01:29,5120.0,300.0,2568500.0
1031,2021-10-08 03:01:24,5110.0,17300.0,2568200.0
1032,2021-10-08 03:01:21,5110.0,400.0,2550900.0
1033,2021-10-08 03:01:11,5110.0,1000.0,2550500.0
1034,2021-10-08 03:01:08,5110.0,2900.0,2549500.0
1035,2021-10-08 03:00:56,5110.0,1000.0,2546600.0
1036,2021-10-08 03:00:56,5110.0,1100.0,2545600.0
1037,2021-10-08 03:00:56,5110.0,1000.0,2544500.0
1038,2021-10-08 03:00:54,5120.0,200.0,2543500.0
1039,2021-10-08 03:00:54,5120.0,100.0,2543300.0
1040,2021-10-08 03:00:44,5120.0,400.0,2543200.0
1041,2021-10-08 03:00:44,5120.0,100.0,2542800.0
1042,2021-10-08 03:00:28,5120.0,100.0,2542700.0
1043,2021-10-08 03:00:28,5120.0,2000.0,2542600.0
1044,2021-10-08 03:00:28,5120.0,200.0,2540600.0
1045,2021-10-08 03:00:28,5120.0,300.0,2540400.0
1046,2021-10-08 03:00:28,5120.0,400.0,2540100.0
1047,2021-10-08 03:00:22,5130.0,1000.0,2539700.0
1048,2021-10-08 03:00:08,5130.0,1000.0,2538700.0
1049,2021-10-08 02:59:55,5130.0,2000.0,2537700.0
1050,2021-10-08 02:59:53,5130.0,500.0,2535700.0
1051,2021-10-08 02:59:50,5130.0,500.0,2535200.0
1052,2021-10-08 02:59:40,5130.0,1000.0,2534700.0
1053,2021-10-08 02:59:37,5130.0,1000.0,2533700.0
1054,2021-10-08 02:59:37,5130.0,100.0,2532700.0
1055,2021-10-08 02:59:37,5130.0,500.0,2532600.0
1056,2021-10-08 02:59:37,5130.0,300.0,2532100.0
1057,2021-10-08 02:59:37,5130.0,300.0,2531800.0
1058,2021-10-08 02:59:37,5130.0,400.0,2531500.0
1059,2021-10-08 02:59:37,5130.0,900.0,2531100.0
1060,2021-10-08 02:59:37,5140.0,100.0,2530200.0
1061,2021-10-08 02:59:29,5140.0,900.0,2530100.0
1062,2021-10-08 02:58:50,5140.0,100.0,2529200.0
1063,2021-10-08 02:58:46,5140.0,1000.0,2529100.0
1064,2021-10-08 02:58:44,5140.0,300.0,2528100.0
1065,2021-10-08 02:58:34,5140.0,1100.0,2527800.0
1066,2021-10-08 02:58:29,5140.0,500.0,2526700.0
1067,2021-10-08 02:58:29,5140.0,400.0,2526200.0
1068,2021-10-08 02:58:27,5130.0,100.0,2525800.0
1069,2021-10-08 02:58:20,5140.0,200.0,2525700.0
1070,2021-10-08 02:58:20,5140.0,200.0,2525500.0
1071,2021-10-08 02:58:20,5140.0,100.0,2525300.0
1072,2021-10-08 02:58:06,5130.0,9000.0,2525200.0
1073,2021-10-08 02:58:06,5130.0,1000.0,2516200.0
1074,2021-10-08 02:57:56,5140.0,9900.0,2515200.0
1075,2021-10-08 02:57:47,5140.0,100.0,2505300.0
1076,2021-10-08 02:57:47,5150.0,200.0,2505200.0
1077,2021-10-08 02:57:34,5150.0,13600.0,2505000.0
1078,2021-10-08 02:57:34,5150.0,300.0,2491400.0
1079,2021-10-08 02:57:34,5150.0,300.0,2491100.0
1080,2021-10-08 02:57:34,5150.0,300.0,2490800.0
1081,2021-10-08 02:57:34,5150.0,300.0,2490500.0
1082,2021-10-08 02:57:34,5150.0,4000.0,2490200.0
1083,2021-10-08 02:57:34,5150.0,2000.0,2486200.0
1084,2021-10-08 02:57:34,5150.0,3000.0,2484200.0
1085,2021-10-08 02:57:34,5150.0,1000.0,2481200.0
1086,2021-10-08 02:57:34,5150.0,300.0,2480200.0
1087,2021-10-08 02:57:34,5150.0,200.0,2479900.0
1088,2021-10-08 02:57:34,5150.0,100.0,2479700.0
1089,2021-10-08 02:57:34,5150.0,500.0,2479600.0
1090,2021-10-08 02:57:06,5170.0,200.0,2479100.0
1091,2021-10-08 02:57:06,5160.0,300.0,2478900.0
1092,2021-10-08 02:57:00,5160.0,300.0,2478600.0
1093,2021-10-08 02:56:41,5160.0,300.0,2478300.0
1094,2021-10-08 02:56:41,5160.0,700.0,2478000.0
1095,2021-10-08 02:56:39,5160.0,1000.0,2477300.0
1096,2021-10-08 02:56:39,5170.0,500.0,2476300.0
1097,2021-10-08 02:56:39,5170.0,700.0,2475800.0
1098,2021-10-08 02:56:39,5160.0,300.0,2475100.0
1099,2021-10-08 02:56:19,5170.0,100.0,2474800.0
1100,2021-10-08 02:56:17,5170.0,500.0,2474700.0
1101,2021-10-08 02:56:16,5150.0,300.0,2474200.0
1102,2021-10-08 02:56:12,5150.0,200.0,2473900.0
1103,2021-10-08 02:56:12,5150.0,400.0,2473700.0
1104,2021-10-08 02:56:07,5170.0,700.0,2473300.0
1105,2021-10-08 02:55:50,5170.0,2000.0,2472600.0
1106,2021-10-08 02:55:15,5170.0,800.0,2470600.0
1107,2021-10-08 02:55:11,5150.0,300.0,2469800.0
1108,2021-10-08 02:55:07,5170.0,800.0,2469500.0
1109,2021-10-08 02:55:07,5160.0,200.0,2468700.0
1110,2021-10-08 02:55:04,5150.0,300.0,2468500.0
1111,2021-10-08 02:55:04,5150.0,700.0,2468200.0
1112,2021-10-08 02:54:50,5170.0,100.0,2467500.0
1113,2021-10-08 02:54:41,5170.0,3000.0,2467400.0
1114,2021-10-08 02:54:35,5170.0,300.0,2464400.0
1115,2021-10-08 02:54:34,5170.0,100.0,2464100.0
1116,2021-10-08 02:54:14,5170.0,900.0,2464000.0
1117,2021-10-08 02:54:13,5180.0,4400.0,2463100.0
1118,2021-10-08 02:54:13,5180.0,500.0,2458700.0
1119,2021-10-08 02:54:13,5180.0,100.0,2458200.0
1120,2021-10-08 02:54:00,5180.0,6600.0,2458100.0
1121,2021-10-08 02:54:00,5180.0,13400.0,2451500.0
1122,2021-10-08 02:53:55,5150.0,6800.0,2438100.0
1123,2021-10-08 02:53:53,5150.0,10000.0,2431300.0
1124,2021-10-08 02:53:50,5150.0,300.0,2421300.0
1125,2021-10-08 02:53:48,5150.0,1000.0,2421000.0
1126,2021-10-08 02:53:48,5150.0,200.0,2420000.0
1127,2021-10-08 02:53:48,5150.0,15000.0,2419800.0
1128,2021-10-08 02:53:48,5150.0,1000.0,2404800.0
1129,2021-10-08 02:53:48,5150.0,197900.0,2403800.0
1130,2021-10-08 02:53:48,5170.0,17800.0,2205900.0
1131,2021-10-08 02:53:46,5180.0,5000.0,2188100.0
1132,2021-10-08 02:53:46,5180.0,600.0,2183100.0
1133,2021-10-08 02:53:38,5180.0,1000.0,2182500.0
1134,2021-10-08 02:53:38,5180.0,1000.0,2181500.0
1135,2021-10-08 02:53:37,5170.0,2000.0,2180500.0
1136,2021-10-08 02:53:32,5170.0,39200.0,2178500.0
1137,2021-10-08 02:53:32,5170.0,5000.0,2139300.0
1138,2021-10-08 02:53:32,5180.0,5800.0,2134300.0
1139,2021-10-08 02:53:32,5180.0,1000.0,2128500.0
1140,2021-10-08 02:53:31,5180.0,500.0,2127500.0
1141,2021-10-08 02:53:27,5180.0,5000.0,2127000.0
1142,2021-10-08 02:53:27,5180.0,100.0,2122000.0
1143,2021-10-08 02:53:27,5180.0,2800.0,2121900.0
1144,2021-10-08 02:53:25,5180.0,1300.0,2119100.0
1145,2021-10-08 02:53:23,5160.0,24800.0,2117800.0
1146,2021-10-08 02:53:23,5160.0,9000.0,2093000.0
1147,2021-10-08 02:53:23,5170.0,200.0,2084000.0
1148,2021-10-08 02:53:23,5170.0,2000.0,2083800.0
1149,2021-10-08 02:53:23,5170.0,14000.0,2081800.0
1150,2021-10-08 02:53:21,5170.0,1000.0,2067800.0
1151,2021-10-08 02:53:16,5180.0,12000.0,2066800.0
1152,2021-10-08 02:53:15,5170.0,5000.0,2054800.0
1153,2021-10-08 02:53:14,5180.0,10400.0,2049800.0
1154,2021-10-08 02:53:08,5180.0,2000.0,2039400.0
1155,2021-10-08 02:53:06,5180.0,19300.0,2037400.0
1156,2021-10-08 02:53:04,5190.0,3700.0,2018100.0
1157,2021-10-08 02:53:04,5190.0,3500.0,2014400.0
1158,2021-10-08 02:53:02,5190.0,200.0,2010900.0
1159,2021-10-08 02:53:01,5190.0,500.0,2010700.0
1160,2021-10-08 02:52:59,5200.0,100.0,2010200.0
1161,2021-10-08 02:52:58,5190.0,5000.0,2010100.0
1162,2021-10-08 02:52:58,5190.0,1000.0,2005100.0
1163,2021-10-08 02:52:58,5190.0,1000.0,2004100.0
1164,2021-10-08 02:52:58,5190.0,1600.0,2003100.0
1165,2021-10-08 02:52:57,5190.0,3400.0,2001500.0
1166,2021-10-08 02:52:57,5190.0,2000.0,1998100.0
1167,2021-10-08 02:52:57,5190.0,1400.0,1996100.0
1168,2021-10-08 02:52:57,5190.0,1000.0,1994700.0
1169,2021-10-08 02:52:57,5190.0,2200.0,1993700.0
1170,2021-10-08 02:52:54,5190.0,5000.0,1991500.0
1171,2021-10-08 02:52:53,5180.0,20000.0,1986500.0
1172,2021-10-08 02:52:52,5160.0,1000.0,1966500.0
1173,2021-10-08 02:52:52,5190.0,1000.0,1965500.0
1174,2021-10-08 02:52:51,5190.0,7000.0,1964500.0
1175,2021-10-08 02:52:48,5190.0,6800.0,1957500.0
1176,2021-10-08 02:52:48,5180.0,100.0,1950700.0
1177,2021-10-08 02:52:39,5190.0,8000.0,1950600.0
1178,2021-10-08 02:52:39,5190.0,1600.0,1942600.0
1179,2021-10-08 02:52:39,5190.0,3000.0,1941000.0
1180,2021-10-08 02:52:39,5190.0,2000.0,1938000.0
1181,2021-10-08 02:52:39,5190.0,400.0,1936000.0
1182,2021-10-08 02:52:39,5190.0,100.0,1935600.0
1183,2021-10-08 02:52:39,5190.0,400.0,1935500.0
1184,2021-10-08 02:52:39,5180.0,800.0,1935100.0
1185,2021-10-08 02:52:39,5180.0,800.0,1934300.0
1186,2021-10-08 02:52:39,5180.0,200.0,1933500.0
1187,2021-10-08 02:52:36,5180.0,1000.0,1933300.0
1188,2021-10-08 02:52:35,5180.0,100.0,1932300.0
1189,2021-10-08 02:52:34,5180.0,1700.0,1932200.0
1190,2021-10-08 02:52:34,5180.0,300.0,1930500.0
1191,2021-10-08 02:52:33,5180.0,700.0,1930200.0
1192,2021-10-08 02:52:33,5180.0,1000.0,1929500.0
1193,2021-10-08 02:52:33,5180.0,10500.0,1928500.0
1194,2021-10-08 02:52:32,5180.0,400.0,1918000.0
1195,2021-10-08 02:52:29,5180.0,500.0,1917600.0
1196,2021-10-08 02:52:29,5160.0,100.0,1917100.0
1197,2021-10-08 02:52:29,5180.0,1000.0,1917000.0
1198,2021-10-08 02:52:23,5180.0,2600.0,1916000.0
1199,2021-10-08 02:52:23,5170.0,100.0,1913400.0
1200,2021-10-08 02:52:23,5170.0,100.0,1913300.0
1201,2021-10-08 02:52:23,5170.0,2000.0,1913200.0
1202,2021-10-08 02:52:23,5170.0,200.0,1911200.0
1203,2021-10-08 02:52:21,5160.0,100.0,1911000.0
1204,2021-10-08 02:52:18,5150.0,1000.0,1910900.0
1205,2021-10-08 02:52:17,5160.0,300.0,1909900.0
1206,2021-10-08 02:52:17,5160.0,400.0,1909600.0
1207,2021-10-08 02:52:17,5160.0,300.0,1909200.0
1208,2021-10-08 02:52:16,5150.0,100.0,1908900.0
1209,2021-10-08 02:52:13,5150.0,5000.0,1908800.0
1210,2021-10-08 02:52:13,5150.0,100.0,1903800.0
1211,2021-10-08 02:52:13,5150.0,10000.0,1903700.0
1212,2021-10-08 02:52:13,5150.0,1000.0,1893700.0
1213,2021-10-08 02:52:13,5150.0,50000.0,1892700.0
1214,2021-10-08 02:52:13,5150.0,1000.0,1842700.0
1215,2021-10-08 02:52:13,5150.0,500.0,1841700.0
1216,2021-10-08 02:52:13,5150.0,100.0,1841200.0
1217,2021-10-08 02:52:13,5150.0,1000.0,1841100.0
1218,2021-10-08 02:52:13,5150.0,600.0,1840100.0
1219,2021-10-08 02:52:13,5150.0,1000.0,1839500.0
1220,2021-10-08 02:52:13,5150.0,5000.0,1838500.0
1221,2021-10-08 02:52:13,5150.0,1200.0,1833500.0
1222,2021-10-08 02:52:13,5150.0,100.0,1832300.0
1223,2021-10-08 02:52:13,5150.0,10000.0,1832200.0
1224,2021-10-08 02:52:13,5150.0,2000.0,1822200.0
1225,2021-10-08 02:52:13,5150.0,20000.0,1820200.0
1226,2021-10-08 02:52:13,5150.0,97100.0,1800200.0
1227,2021-10-08 02:52:13,5150.0,50000.0,1703100.0
1228,2021-10-08 02:52:13,5150.0,26000.0,1653100.0
1229,2021-10-08 02:52:13,5150.0,3000.0,1627100.0
1230,2021-10-08 02:52:13,5150.0,5000.0,1624100.0
1231,2021-10-08 02:52:13,5150.0,100.0,1619100.0
1232,2021-10-08 02:52:13,5150.0,1000.0,1619000.0
1233,2021-10-08 02:52:13,5150.0,2600.0,1618000.0
1234,2021-10-08 02:52:10,5140.0,20000.0,1615400.0
1235,2021-10-08 02:52:10,5140.0,6000.0,1595400.0
1236,2021-10-08 02:52:10,5140.0,600.0,1589400.0
1237,2021-10-08 02:52:10,5140.0,100.0,1588800.0
1238,2021-10-08 02:52:10,5140.0,1600.0,1588700.0
1239,2021-10-08 02:52:10,5140.0,1000.0,1587100.0
1240,2021-10-08 02:52:10,5140.0,200.0,1586100.0
1241,2021-10-08 02:52:10,5140.0,500.0,1585900.0
1242,2021-10-08 02:52:10,5140.0,1000.0,1585400.0
1243,2021-10-08 02:52:10,5140.0,100.0,1584400.0
1244,2021-10-08 02:52:10,5140.0,800.0,1584300.0
1245,2021-10-08 02:52:10,5130.0,1000.0,1583500.0
1246,2021-10-08 02:52:10,5130.0,3600.0,1582500.0
1247,2021-10-08 02:52:04,5130.0,5400.0,1578900.0
1248,2021-10-08 02:52:04,5130.0,100.0,1573500.0
1249,2021-10-08 02:52:04,5130.0,600.0,1573400.0
1250,2021-10-08 02:52:03,5130.0,400.0,1572800.0
1251,2021-10-08 02:52:03,5130.0,600.0,1572400.0
1252,2021-10-08 02:51:44,5120.0,300.0,1571800.0
1253,2021-10-08 02:51:44,5120.0,6000.0,1571500.0
1254,2021-10-08 02:51:44,5120.0,10000.0,1565500.0
1255,2021-10-08 02:51:44,5120.0,200.0,1555500.0
1256,2021-10-08 02:51:44,5120.0,3200.0,1555300.0
1257,2021-10-08 02:51:44,5120.0,200.0,1552100.0
1258,2021-10-08 02:51:40,5120.0,800.0,1551900.0
1259,2021-10-08 02:51:40,5120.0,8000.0,1551100.0
1260,2021-10-08 02:51:40,5120.0,200.0,1543100.0
1261,2021-10-08 02:51:40,5120.0,1000.0,1542900.0
1262,2021-10-08 02:51:40,5120.0,40000.0,1541900.0
1263,2021-10-08 02:51:36,5110.0,100.0,1501900.0
1264,2021-10-08 02:51:36,5110.0,200.0,1501800.0
1265,2021-10-08 02:51:36,5110.0,600.0,1501600.0
1266,2021-10-08 02:51:35,5110.0,200.0,1501000.0
1267,2021-10-08 02:51:29,5110.0,200.0,1500800.0
1268,2021-10-08 02:51:23,5100.0,500.0,1500600.0
1269,2021-10-08 02:51:23,5100.0,1000.0,1500100.0
1270,2021-10-08 02:51:23,5100.0,2000.0,1499100.0
1271,2021-10-08 02:51:23,5100.0,100.0,1497100.0
1272,2021-10-08 02:51:23,5100.0,2000.0,1497000.0
1273,2021-10-08 02:51:23,5100.0,500.0,1495000.0
1274,2021-10-08 02:51:23,5100.0,1500.0,1494500.0
1275,2021-10-08 02:51:20,5100.0,3300.0,1493000.0
1276,2021-10-08 02:51:20,5100.0,500.0,1489700.0
1277,2021-10-08 02:51:20,5100.0,1000.0,1489200.0
1278,2021-10-08 02:51:20,5100.0,100.0,1488200.0
1279,2021-10-08 02:51:20,5100.0,5100.0,1488100.0
1280,2021-10-08 02:51:16,5090.0,33200.0,1483000.0
1281,2021-10-08 02:51:16,5090.0,1900.0,1449800.0
1282,2021-10-08 02:51:15,5100.0,4900.0,1447900.0
1283,2021-10-08 02:51:15,5100.0,2000.0,1443000.0
1284,2021-10-08 02:51:15,5100.0,1000.0,1441000.0
1285,2021-10-08 02:51:15,5100.0,42100.0,1440000.0
1286,2021-10-08 02:51:13,5100.0,100000.0,1397900.0
1287,2021-10-08 02:51:09,5100.0,157900.0,1297900.0
1288,2021-10-08 02:51:09,5100.0,1000.0,1140000.0
1289,2021-10-08 02:51:09,5100.0,500.0,1139000.0
1290,2021-10-08 02:51:09,5100.0,1000.0,1138500.0
1291,2021-10-08 02:51:09,5100.0,5000.0,1137500.0
1292,2021-10-08 02:51:09,5100.0,900.0,1132500.0
1293,2021-10-08 02:51:09,5100.0,5000.0,1131600.0
1294,2021-10-08 02:51:09,5100.0,5200.0,1126600.0
1295,2021-10-08 02:51:09,5100.0,1000.0,1121400.0
1296,2021-10-08 02:51:09,5100.0,3000.0,1120400.0
1297,2021-10-08 02:51:09,5100.0,3000.0,1117400.0
1298,2021-10-08 02:51:09,5100.0,5000.0,1114400.0
1299,2021-10-08 02:51:09,5100.0,8500.0,1109400.0
1300,2021-10-08 02:51:05,5100.0,1000.0,1100900.0
1301,2021-10-08 02:50:59,5090.0,100.0,1099900.0
1302,2021-10-08 02:50:59,5090.0,400.0,1099800.0
1303,2021-10-08 02:50:53,5100.0,300.0,1099400.0
1304,2021-10-08 02:50:40,5090.0,400.0,1099100.0
1305,2021-10-08 02:50:39,5090.0,1000.0,1098700.0
1306,2021-10-08 02:50:35,5090.0,400.0,1097700.0
1307,2021-10-08 02:50:27,5090.0,15200.0,1097300.0
1308,2021-10-08 02:50:27,5090.0,1500.0,1082100.0
1309,2021-10-08 02:50:24,5090.0,3200.0,1080600.0
1310,2021-10-08 02:50:23,5090.0,1000.0,1077400.0
1311,2021-10-08 02:50:20,5090.0,200.0,1076400.0
1312,2021-10-08 02:50:17,5090.0,5000.0,1076200.0
1313,2021-10-08 02:50:06,5090.0,500.0,1071200.0
1314,2021-10-08 02:50:05,5090.0,700.0,1070700.0
1315,2021-10-08 02:50:04,5090.0,7900.0,1070000.0
1316,2021-10-08 02:50:04,5090.0,2000.0,1062100.0
1317,2021-10-08 02:50:04,5090.0,1000.0,1060100.0
1318,2021-10-08 02:50:04,5090.0,1800.0,1059100.0
1319,2021-10-08 02:50:01,5100.0,200.0,1057300.0
1320,2021-10-08 02:50:01,5100.0,100.0,1057100.0
1321,2021-10-08 02:49:56,5100.0,200.0,1057000.0
1322,2021-10-08 02:49:56,5100.0,1800.0,1056800.0
1323,2021-10-08 02:49:50,5100.0,1200.0,1055000.0
1324,2021-10-08 02:49:50,5100.0,1000.0,1053800.0
1325,2021-10-08 02:49:50,5100.0,200.0,1052800.0
1326,2021-10-08 02:49:50,5100.0,1000.0,1052600.0
1327,2021-10-08 02:49:50,5100.0,200.0,1051600.0
1328,2021-10-08 02:49:50,5100.0,10000.0,1051400.0
1329,2021-10-08 02:49:50,5100.0,3000.0,1041400.0
1330,2021-10-08 02:49:50,5100.0,12000.0,1038400.0
1331,2021-10-08 02:49:50,5100.0,800.0,1026400.0
1332,2021-10-08 02:49:50,5100.0,600.0,1025600.0
1333,2021-10-08 02:49:49,5090.0,1000.0,1025000.0
1334,2021-10-08 02:49:44,5090.0,500.0,1024000.0
1335,2021-10-08 02:49:44,5090.0,1000.0,1023500.0
1336,2021-10-08 02:49:44,5090.0,3000.0,1022500.0
1337,2021-10-08 02:49:44,5090.0,100.0,1019500.0
1338,2021-10-08 02:49:44,5090.0,100.0,1019400.0
1339,2021-10-08 02:49:44,5090.0,100.0,1019300.0
1340,2021-10-08 02:49:44,5090.0,1000.0,1019200.0
1341,2021-10-08 02:49:44,5090.0,1400.0,1018200.0
1342,2021-10-08 02:49:43,5090.0,1100.0,1016800.0
1343,2021-10-08 02:49:43,5090.0,900.0,1015700.0
1344,2021-10-08 02:49:40,5090.0,200.0,1014800.0
1345,2021-10-08 02:49:38,5090.0,600.0,1014600.0
1346,2021-10-08 02:49:37,5090.0,20000.0,1014000.0
1347,2021-10-08 02:49:32,5090.0,500.0,994000.0
1348,2021-10-08 02:49:32,5090.0,200.0,993500.0
1349,2021-10-08 02:49:26,5090.0,500.0,993300.0
1350,2021-10-08 02:49:25,5090.0,100.0,992800.0
1351,2021-10-08 02:49:23,5090.0,12000.0,992700.0
1352,2021-10-08 02:49:23,5090.0,2500.0,980700.0
1353,2021-10-08 02:49:23,5090.0,300.0,978200.0
1354,2021-10-08 02:49:23,5090.0,5200.0,977900.0
1355,2021-10-08 02:49:20,5090.0,500.0,972700.0
1356,2021-10-08 02:49:08,5090.0,10000.0,972200.0
1357,2021-10-08 02:49:02,5090.0,1000.0,962200.0
1358,2021-10-08 02:49:00,5090.0,2000.0,961200.0
1359,2021-10-08 02:48:59,5090.0,10000.0,959200.0
1360,2021-10-08 02:48:52,5090.0,3000.0,949200.0
1361,2021-10-08 02:48:49,5090.0,200.0,946200.0
1362,2021-10-08 02:48:49,5090.0,10000.0,946000.0
1363,2021-10-08 02:48:43,5090.0,5000.0,936000.0
1364,2021-10-08 02:48:39,5090.0,200.0,931000.0
1365,2021-10-08 02:48:38,5090.0,100.0,930800.0
1366,2021-10-08 02:48:35,5090.0,500.0,930700.0
1367,2021-10-08 02:48:34,5090.0,1200.0,930200.0
1368,2021-10-08 02:48:23,5090.0,100.0,929000.0
1369,2021-10-08 02:48:19,5090.0,1000.0,928900.0
1370,2021-10-08 02:48:16,5090.0,1000.0,927900.0
1371,2021-10-08 02:48:15,5090.0,300.0,926900.0
1372,2021-10-08 02:48:08,5090.0,9700.0,926600.0
1373,2021-10-08 02:48:07,5090.0,300.0,916900.0
1374,2021-10-08 02:47:59,5090.0,200.0,916600.0
1375,2021-10-08 02:47:59,5090.0,500.0,916400.0
1376,2021-10-08 02:47:59,5090.0,4000.0,915900.0
1377,2021-10-08 02:47:58,5090.0,1000.0,911900.0
1378,2021-10-08 02:47:58,5090.0,9000.0,910900.0
1379,2021-10-08 02:47:58,5080.0,400.0,901900.0
1380,2021-10-08 02:47:54,5090.0,5600.0,901500.0
1381,2021-10-08 02:47:53,5090.0,500.0,895900.0
1382,2021-10-08 02:47:48,5090.0,5000.0,895400.0
1383,2021-10-08 02:47:47,5090.0,2000.0,890400.0
1384,2021-10-08 02:47:44,5090.0,4000.0,888400.0
1385,2021-10-08 02:47:43,5090.0,5000.0,884400.0
1386,2021-10-08 02:47:43,5090.0,3200.0,879400.0
1387,2021-10-08 02:47:43,5090.0,500.0,876200.0
1388,2021-10-08 02:47:43,5090.0,1300.0,875700.0
1389,2021-10-08 02:47:41,5090.0,100.0,874400.0
1390,2021-10-08 02:47:40,5090.0,1000.0,874300.0
1391,2021-10-08 02:47:37,5090.0,100.0,873300.0
1392,2021-10-08 02:47:37,5090.0,5000.0,873200.0
1393,2021-10-08 02:47:35,5090.0,200.0,868200.0
1394,2021-10-08 02:47:30,5090.0,500.0,868000.0
1395,2021-10-08 02:47:30,5090.0,7100.0,867500.0
1396,2021-10-08 02:47:28,5090.0,2000.0,860400.0
1397,2021-10-08 02:47:26,5090.0,100.0,858400.0
1398,2021-10-08 02:47:22,5090.0,1600.0,858300.0
1399,2021-10-08 02:47:05,5090.0,11000.0,856700.0
1400,2021-10-08 02:47:05,5090.0,5000.0,845700.0
1401,2021-10-08 02:47:05,5090.0,3900.0,840700.0
1402,2021-10-08 02:47:05,5090.0,6200.0,836800.0
1403,2021-10-08 02:47:05,5090.0,1000.0,830600.0
1404,2021-10-08 02:47:05,5090.0,500.0,829600.0
1405,2021-10-08 02:47:05,5090.0,100.0,829100.0
1406,2021-10-08 02:47:05,5090.0,10000.0,829000.0
1407,2021-10-08 02:47:05,5090.0,1600.0,819000.0
1408,2021-10-08 02:47:05,5090.0,300.0,817400.0
1409,2021-10-08 02:47:05,5090.0,10000.0,817100.0
1410,2021-10-08 02:47:05,5080.0,400.0,807100.0
1411,2021-10-08 02:47:02,5080.0,100.0,806700.0
1412,2021-10-08 02:47:02,5080.0,100.0,806600.0
1413,2021-10-08 02:47:02,5080.0,300.0,806500.0
1414,2021-10-08 02:47:02,5080.0,1500.0,806200.0
1415,2021-10-08 02:47:00,5080.0,3500.0,804700.0
1416,2021-10-08 02:47:00,5080.0,100.0,801200.0
1417,2021-10-08 02:47:00,5080.0,400.0,801100.0
1418,2021-10-08 02:47:00,5080.0,2000.0,800700.0
1419,2021-10-08 02:47:00,5080.0,500.0,798700.0
1420,2021-10-08 02:47:00,5080.0,500.0,798200.0
1421,2021-10-08 02:47:00,5080.0,1000.0,797700.0
1422,2021-10-08 02:47:00,5080.0,22000.0,796700.0
1423,2021-10-08 02:46:58,5080.0,4000.0,774700.0
1424,2021-10-08 02:46:55,5070.0,3000.0,770700.0
1425,2021-10-08 02:46:55,5080.0,4000.0,767700.0
1426,2021-10-08 02:46:55,5080.0,1000.0,763700.0
1427,2021-10-08 02:46:48,5070.0,500.0,762700.0
1428,2021-10-08 02:46:36,5070.0,100.0,762200.0
1429,2021-10-08 02:46:36,5070.0,1000.0,762100.0
1430,2021-10-08 02:46:36,5070.0,1800.0,761100.0
1431,2021-10-08 02:46:36,5070.0,200.0,759300.0
1432,2021-10-08 02:46:36,5070.0,1500.0,759100.0
1433,2021-10-08 02:46:36,5070.0,10000.0,757600.0
1434,2021-10-08 02:46:35,5070.0,20000.0,747600.0
1435,2021-10-08 02:46:34,5070.0,10600.0,727600.0
1436,2021-10-08 02:46:33,5070.0,2000.0,717000.0
1437,2021-10-08 02:46:30,5070.0,10000.0,715000.0
1438,2021-10-08 02:46:30,5070.0,2000.0,705000.0
1439,2021-10-08 02:46:28,5070.0,9700.0,703000.0
1440,2021-10-08 02:46:26,5070.0,15000.0,693300.0
1441,2021-10-08 02:46:24,5070.0,1000.0,678300.0
1442,2021-10-08 02:46:21,5070.0,500.0,677300.0
1443,2021-10-08 02:46:20,5060.0,1000.0,676800.0
1444,2021-10-08 02:46:18,5070.0,12500.0,675800.0
1445,2021-10-08 02:46:18,5070.0,2000.0,663300.0
1446,2021-10-08 02:46:12,5070.0,3900.0,661300.0
1447,2021-10-08 02:46:04,5070.0,5300.0,657400.0
1448,2021-10-08 02:46:04,5070.0,5000.0,652100.0
1449,2021-10-08 02:46:04,5070.0,1000.0,647100.0
1450,2021-10-08 02:46:04,5070.0,1000.0,646100.0
1451,2021-10-08 02:46:04,5070.0,100.0,645100.0
1452,2021-10-08 02:46:04,5070.0,2000.0,645000.0
1453,2021-10-08 02:46:04,5070.0,5600.0,643000.0
1454,2021-10-08 02:45:58,5060.0,300.0,637400.0
1455,2021-10-08 02:45:51,5070.0,1400.0,637100.0
1456,2021-10-08 02:45:51,5070.0,100.0,635700.0
1457,2021-10-08 02:45:35,5060.0,9000.0,635600.0
1458,2021-10-08 02:45:35,5060.0,14100.0,626600.0
1459,2021-10-08 02:45:31,5060.0,200.0,612500.0
1460,2021-10-08 02:45:09,5060.0,1600.0,612300.0
1461,2021-10-08 02:45:09,5060.0,100.0,610700.0
1462,2021-10-08 02:45:01,5050.0,45600.0,610600.0
1463,2021-10-08 02:45:01,5060.0,4400.0,565000.0
1464,2021-10-08 02:45:01,5060.0,400.0,560600.0
1465,2021-10-08 02:45:01,5060.0,600.0,560200.0
1466,2021-10-08 02:44:54,5060.0,300.0,559600.0
1467,2021-10-08 02:44:51,5060.0,100.0,559300.0
1468,2021-10-08 02:44:49,5050.0,2900.0,559200.0
1469,2021-10-08 02:44:48,5050.0,100.0,556300.0
1470,2021-10-08 02:44:42,5050.0,1000.0,556200.0
1471,2021-10-08 02:44:36,5050.0,100.0,555200.0
1472,2021-10-08 02:44:36,5050.0,100.0,555100.0
1473,2021-10-08 02:44:36,5050.0,400.0,555000.0
1474,2021-10-08 02:44:36,5050.0,400.0,554600.0
1475,2021-10-08 02:44:36,5050.0,400.0,554200.0
1476,2021-10-08 02:44:36,5050.0,400.0,553800.0
1477,2021-10-08 02:44:36,5050.0,2000.0,553400.0
1478,2021-10-08 02:44:36,5050.0,300.0,551400.0
1479,2021-10-08 02:44:36,5050.0,200.0,551100.0
1480,2021-10-08 02:44:36,5050.0,10000.0,550900.0
1481,2021-10-08 02:44:36,5050.0,100.0,540900.0
1482,2021-10-08 02:44:36,5050.0,200.0,540800.0
1483,2021-10-08 02:44:36,5050.0,100.0,540600.0
1484,2021-10-08 02:44:36,5050.0,2000.0,540500.0
1485,2021-10-08 02:44:36,5050.0,100.0,538500.0
1486,2021-10-08 02:44:36,5050.0,400.0,538400.0
1487,2021-10-08 02:44:36,5050.0,300.0,538000.0
1488,2021-10-08 02:44:36,5050.0,400.0,537700.0
1489,2021-10-08 02:44:36,5050.0,2200.0,537300.0
1490,2021-10-08 02:44:36,5050.0,5000.0,535100.0
1491,2021-10-08 02:44:36,5050.0,4000.0,530100.0
1492,2021-10-08 02:44:36,5050.0,4500.0,526100.0
1493,2021-10-08 02:44:36,5050.0,100.0,521600.0
1494,2021-10-08 02:44:36,5050.0,300.0,521500.0
1495,2021-10-08 02:44:36,5050.0,1200.0,521200.0
1496,2021-10-08 02:44:36,5050.0,400.0,520000.0
1497,2021-10-08 02:44:36,5050.0,1000.0,519600.0
1498,2021-10-08 02:44:36,5050.0,6000.0,518600.0
1499,2021-10-08 02:44:36,5050.0,2000.0,512600.0
1500,2021-10-08 02:44:36,5050.0,1400.0,510600.0
1501,2021-10-08 02:43:15,5050.0,100.0,509200.0
1502,2021-10-08 02:43:13,5060.0,100.0,509100.0
1503,2021-10-08 02:43:13,5060.0,5000.0,509000.0
1504,2021-10-08 02:43:05,5060.0,2000.0,504000.0
1505,2021-10-08 02:42:55,5060.0,100.0,502000.0
1506,2021-10-08 02:42:49,5060.0,500.0,501900.0
1507,2021-10-08 02:42:10,5060.0,1000.0,501400.0
1508,2021-10-08 02:42:05,5060.0,1000.0,500400.0
1509,2021-10-08 02:42:04,5060.0,100.0,499400.0
1510,2021-10-08 02:42:04,5060.0,1800.0,499300.0
1511,2021-10-08 02:42:04,5060.0,1100.0,497500.0
1512,2021-10-08 02:42:04,5060.0,900.0,496400.0
1513,2021-10-08 02:41:45,5060.0,500.0,495500.0
1514,2021-10-08 02:41:34,5060.0,500.0,495000.0
1515,2021-10-08 02:41:34,5060.0,500.0,494500.0
1516,2021-10-08 02:41:34,5060.0,100.0,494000.0
1517,2021-10-08 02:41:34,5060.0,1000.0,493900.0
1518,2021-10-08 02:41:34,5060.0,200.0,492900.0
1519,2021-10-08 02:41:34,5060.0,800.0,492700.0
1520,2021-10-08 02:40:52,5060.0,200.0,491900.0
1521,2021-10-08 02:40:52,5060.0,100.0,491700.0
1522,2021-10-08 02:40:52,5060.0,700.0,491600.0
1523,2021-10-08 02:40:49,5060.0,300.0,490900.0
1524,2021-10-08 02:40:49,5060.0,200.0,490600.0
1525,2021-10-08 02:40:30,5060.0,100.0,490400.0
1526,2021-10-08 02:40:19,5060.0,500.0,490300.0
1527,2021-10-08 02:40:05,5060.0,1200.0,489800.0
1528,2021-10-08 02:40:05,5060.0,4100.0,488600.0
1529,2021-10-08 02:39:48,5060.0,900.0,484500.0
1530,2021-10-08 02:39:48,5060.0,100.0,483600.0
1531,2021-10-08 02:39:48,5060.0,3000.0,483500.0
1532,2021-10-08 02:39:01,5060.0,500.0,480500.0
1533,2021-10-08 02:39:00,5060.0,1000.0,480000.0
1534,2021-10-08 02:38:44,5060.0,400.0,479000.0
1535,2021-10-08 02:38:44,5060.0,600.0,478600.0
1536,2021-10-08 02:38:32,5060.0,100.0,478000.0
1537,2021-10-08 02:37:48,5060.0,300.0,477900.0
1538,2021-10-08 02:37:46,5060.0,1200.0,477600.0
1539,2021-10-08 02:37:21,5060.0,500.0,476400.0
1540,2021-10-08 02:35:52,5060.0,100.0,475900.0
1541,2021-10-08 02:35:52,5060.0,500.0,475800.0
1542,2021-10-08 02:35:52,5060.0,5000.0,475300.0
1543,2021-10-08 02:35:47,5060.0,400.0,470300.0
1544,2021-10-08 02:35:42,5060.0,1400.0,469900.0
1545,2021-10-08 02:35:42,5060.0,1900.0,468500.0
1546,2021-10-08 02:35:29,5050.0,3500.0,466600.0
1547,2021-10-08 02:35:29,5050.0,8500.0,463100.0
1548,2021-10-08 02:35:29,5050.0,500.0,454600.0
1549,2021-10-08 02:35:29,5050.0,1300.0,454100.0
1550,2021-10-08 02:35:29,5050.0,400.0,452800.0
1551,2021-10-08 02:35:29,5050.0,2700.0,452400.0
1552,2021-10-08 02:35:27,5060.0,500.0,449700.0
1553,2021-10-08 02:35:21,5060.0,1900.0,449200.0
1554,2021-10-08 02:34:59,5060.0,6700.0,447300.0
1555,2021-10-08 02:34:59,5060.0,4000.0,440600.0
1556,2021-10-08 02:34:59,5060.0,7600.0,436600.0
1557,2021-10-08 02:34:51,5050.0,600.0,429000.0
1558,2021-10-08 02:34:23,5050.0,7400.0,428400.0
1559,2021-10-08 02:34:23,5050.0,400.0,421000.0
1560,2021-10-08 02:33:30,5050.0,600.0,420600.0
1561,2021-10-08 02:33:20,5050.0,200.0,420000.0
1562,2021-10-08 02:32:52,5050.0,200.0,419800.0
1563,2021-10-08 02:32:52,5050.0,5000.0,419600.0
1564,2021-10-08 02:32:52,5050.0,1000.0,414600.0
1565,2021-10-08 02:32:52,5050.0,800.0,413600.0
1566,2021-10-08 02:32:52,5050.0,2000.0,412800.0
1567,2021-10-08 02:32:35,5050.0,2100.0,410800.0
1568,2021-10-08 02:32:24,5050.0,200.0,408700.0
1569,2021-10-08 02:32:15,5050.0,1000.0,408500.0
1570,2021-10-08 02:30:30,5040.0,100.0,407500.0
1571,2021-10-08 02:30:30,5040.0,1000.0,407400.0
1572,2021-10-08 02:30:19,5040.0,100.0,406400.0
1573,2021-10-08 02:30:13,5040.0,5500.0,406300.0
1574,2021-10-08 02:30:01,5040.0,3000.0,400800.0
1575,2021-10-08 02:30:01,5040.0,3000.0,397800.0
1576,2021-10-08 02:30:01,5040.0,5000.0,394800.0
1577,2021-10-08 02:30:01,5040.0,400.0,389800.0
1578,2021-10-08 02:30:01,5040.0,2000.0,389400.0
1579,2021-10-08 02:30:01,5040.0,100.0,387400.0
1580,2021-10-08 02:30:01,5040.0,100.0,387300.0
1581,2021-10-08 02:30:01,5040.0,1000.0,387200.0
1582,2021-10-08 02:30:01,5040.0,100.0,386200.0
1583,2021-10-08 02:30:01,5040.0,1000.0,386100.0
1584,2021-10-08 02:30:01,5040.0,500.0,385100.0
1585,2021-10-08 02:30:01,5040.0,100.0,384600.0
1586,2021-10-08 02:30:01,5040.0,5000.0,384500.0
1587,2021-10-08 02:30:01,5040.0,300.0,379500.0
1588,2021-10-08 02:30:01,5040.0,1000.0,379200.0
1589,2021-10-08 02:30:01,5040.0,900.0,378200.0
1590,2021-10-08 02:30:01,5040.0,3900.0,377300.0
1591,2021-10-08 02:30:01,5040.0,15000.0,373400.0
1592,2021-10-08 02:30:01,5040.0,900.0,358400.0
1593,2021-10-08 02:30:01,5050.0,100.0,357500.0
1594,2021-10-08 02:29:56,5050.0,500.0,357400.0
1595,2021-10-08 02:29:52,5050.0,200.0,356900.0
1596,2021-10-08 02:29:52,5050.0,40000.0,356700.0
1597,2021-10-08 02:29:52,5050.0,2000.0,316700.0
1598,2021-10-08 02:29:52,5050.0,600.0,314700.0
1599,2021-10-08 02:29:52,5050.0,1300.0,314100.0
1600,2021-10-08 02:29:50,5060.0,100.0,312800.0
1601,2021-10-08 02:28:54,5050.0,2000.0,312700.0
1602,2021-10-08 02:28:54,5050.0,3400.0,310700.0
1603,2021-10-08 02:28:53,5050.0,200.0,307300.0
1604,2021-10-08 02:28:51,5050.0,700.0,307100.0
1605,2021-10-08 02:28:28,5050.0,100.0,306400.0
1606,2021-10-08 02:27:52,5050.0,1000.0,306300.0
1607,2021-10-08 02:27:19,5050.0,500.0,305300.0
1608,2021-10-08 02:27:11,5050.0,6500.0,304800.0
1609,2021-10-08 02:27:11,5050.0,1800.0,298300.0
1610,2021-10-08 02:27:11,5050.0,6300.0,296500.0
1611,2021-10-08 02:27:11,5050.0,10000.0,290200.0
1612,2021-10-08 02:27:11,5050.0,4000.0,280200.0
1613,2021-10-08 02:27:11,5050.0,5000.0,276200.0
1614,2021-10-08 02:27:11,5050.0,200.0,271200.0
1615,2021-10-08 02:27:11,5050.0,8000.0,271000.0
1616,2021-10-08 02:27:11,5050.0,2300.0,263000.0
1617,2021-10-08 02:25:35,5050.0,1000.0,260700.0
1618,2021-10-08 02:25:29,5050.0,100.0,259700.0
1619,2021-10-08 02:25:24,5050.0,1600.0,259600.0
1620,2021-10-08 02:25:21,5050.0,400.0,258000.0
1621,2021-10-08 02:25:21,5050.0,2000.0,257600.0
1622,2021-10-08 02:25:21,5050.0,2600.0,255600.0
1623,2021-10-08 02:25:06,5050.0,200.0,253000.0
1624,2021-10-08 02:25:04,5050.0,700.0,252800.0
1625,2021-10-08 02:25:04,5050.0,200.0,252100.0
1626,2021-10-08 02:25:02,5040.0,1100.0,251900.0
1627,2021-10-08 02:25:02,5040.0,900.0,250800.0
1628,2021-10-08 02:25:00,5050.0,100.0,249900.0
1629,2021-10-08 02:24:52,5050.0,500.0,249800.0
1630,2021-10-08 02:24:24,5050.0,200.0,249300.0
1631,2021-10-08 02:24:03,5040.0,500.0,249100.0
1632,2021-10-08 02:23:56,5060.0,6200.0,248600.0
1633,2021-10-08 02:23:56,5060.0,1000.0,242400.0
1634,2021-10-08 02:23:56,5060.0,900.0,241400.0
1635,2021-10-08 02:23:56,5060.0,1800.0,240500.0
1636,2021-10-08 02:23:56,5050.0,100.0,238700.0
1637,2021-10-08 02:23:40,5040.0,100.0,238600.0
1638,2021-10-08 02:23:17,5060.0,500.0,238500.0
1639,2021-10-08 02:23:07,5040.0,100.0,238000.0
1640,2021-10-08 02:23:07,5040.0,5000.0,237900.0
1641,2021-10-08 02:23:07,5040.0,10000.0,232900.0
1642,2021-10-08 02:23:07,5040.0,10000.0,222900.0
1643,2021-10-08 02:23:07,5040.0,100.0,212900.0
1644,2021-10-08 02:23:07,5040.0,9900.0,212800.0
1645,2021-10-08 02:23:07,5040.0,100.0,202900.0
1646,2021-10-08 02:23:07,5040.0,3000.0,202800.0
1647,2021-10-08 02:23:07,5040.0,100.0,199800.0
1648,2021-10-08 02:23:07,5040.0,100.0,199700.0
1649,2021-10-08 02:23:07,5040.0,100.0,199600.0
1650,2021-10-08 02:23:07,5040.0,100.0,199500.0
1651,2021-10-08 02:23:07,5050.0,2000.0,199400.0
1652,2021-10-08 02:23:07,5050.0,500.0,197400.0
1653,2021-10-08 02:23:07,5050.0,8900.0,196900.0
1654,2021-10-08 02:22:58,5060.0,200.0,188000.0
1655,2021-10-08 02:22:57,5050.0,11100.0,187800.0
1656,2021-10-08 02:22:57,5050.0,2000.0,176700.0
1657,2021-10-08 02:22:57,5050.0,200.0,174700.0
1658,2021-10-08 02:22:57,5050.0,10000.0,174500.0
1659,2021-10-08 02:22:57,5050.0,1000.0,164500.0
1660,2021-10-08 02:22:57,5050.0,200.0,163500.0
1661,2021-10-08 02:22:57,5050.0,4600.0,163300.0
1662,2021-10-08 02:22:57,5050.0,10000.0,158700.0
1663,2021-10-08 02:22:57,5050.0,2000.0,148700.0
1664,2021-10-08 02:22:57,5050.0,500.0,146700.0
1665,2021-10-08 02:22:57,5050.0,2000.0,146200.0
1666,2021-10-08 02:22:57,5050.0,2300.0,144200.0
1667,2021-10-08 02:22:57,5050.0,2000.0,141900.0
1668,2021-10-08 02:22:57,5050.0,500.0,139900.0
1669,2021-10-08 02:22:57,5050.0,1600.0,139400.0
1670,2021-10-08 02:22:32,5060.0,2500.0,137800.0
1671,2021-10-08 02:22:32,5060.0,800.0,135300.0
1672,2021-10-08 02:22:32,5060.0,1700.0,134500.0
1673,2021-10-08 02:22:21,5050.0,200.0,132800.0
1674,2021-10-08 02:22:21,5050.0,500.0,132600.0
1675,2021-10-08 02:22:21,5050.0,300.0,132100.0
1676,2021-10-08 02:22:21,5050.0,100.0,131800.0
1677,2021-10-08 02:22:21,5050.0,700.0,131700.0
1678,2021-10-08 02:22:21,5050.0,8200.0,131000.0
1679,2021-10-08 02:22:15,5050.0,4000.0,122800.0
1680,2021-10-08 02:22:09,5060.0,2000.0,118800.0
1681,2021-10-08 02:22:02,5050.0,5000.0,116800.0
1682,2021-10-08 02:21:40,5060.0,2000.0,111800.0
1683,2021-10-08 02:21:40,5060.0,2000.0,109800.0
1684,2021-10-08 02:21:40,5060.0,1300.0,107800.0
1685,2021-10-08 02:21:40,5060.0,1000.0,106500.0
1686,2021-10-08 02:20:58,5070.0,200.0,105500.0
1687,2021-10-08 02:20:58,5070.0,200.0,105300.0
1688,2021-10-08 02:20:49,5070.0,200.0,105100.0
1689,2021-10-08 02:20:49,5070.0,600.0,104900.0
1690,2021-10-08 02:20:40,5060.0,1900.0,104300.0
1691,2021-10-08 02:20:40,5060.0,100.0,102400.0
1692,2021-10-08 02:20:40,5070.0,400.0,102300.0
1693,2021-10-08 02:20:40,5070.0,2100.0,101900.0
1694,2021-10-08 02:20:40,5070.0,300.0,99800.0
1695,2021-10-08 02:20:40,5070.0,100.0,99500.0
1696,2021-10-08 02:20:40,5070.0,7000.0,99400.0
1697,2021-10-08 02:20:40,5070.0,100.0,92400.0
1698,2021-10-08 02:20:37,5070.0,700.0,92300.0
1699,2021-10-08 02:20:37,5070.0,100.0,91600.0
1700,2021-10-08 02:20:19,5070.0,100.0,91500.0
1701,2021-10-08 02:20:19,5070.0,500.0,91400.0
1702,2021-10-08 02:20:19,5070.0,400.0,90900.0
1703,2021-10-08 02:19:14,5070.0,600.0,90500.0
1704,2021-10-08 02:19:02,5070.0,400.0,89900.0
1705,2021-10-08 02:18:43,5050.0,2800.0,89500.0
1706,2021-10-08 02:18:43,5050.0,200.0,86700.0
1707,2021-10-08 02:18:31,5060.0,200.0,86500.0
1708,2021-10-08 02:18:23,5060.0,100.0,86300.0
1709,2021-10-08 02:18:23,5060.0,100.0,86200.0
1710,2021-10-08 02:18:23,5060.0,6000.0,86100.0
1711,2021-10-08 02:18:23,5060.0,500.0,80100.0
1712,2021-10-08 02:18:23,5060.0,2000.0,79600.0
1713,2021-10-08 02:18:23,5060.0,11100.0,77600.0
1714,2021-10-08 02:18:23,5050.0,100.0,66500.0
1715,2021-10-08 02:18:10,5050.0,200.0,66400.0
1716,2021-10-08 02:18:07,5050.0,300.0,66200.0
1717,2021-10-08 02:18:07,5050.0,500.0,65900.0
1718,2021-10-08 02:18:07,5050.0,100.0,65400.0
1719,2021-10-08 02:18:05,5060.0,2000.0,65300.0
1720,2021-10-08 02:18:04,5060.0,500.0,63300.0
1721,2021-10-08 02:17:55,5050.0,200.0,62800.0
1722,2021-10-08 02:17:32,5050.0,700.0,62600.0
1723,2021-10-08 02:17:32,5050.0,300.0,61900.0
1724,2021-10-08 02:17:30,5060.0,1600.0,61600.0
1725,2021-10-08 02:17:23,5060.0,500.0,60000.0
1726,2021-10-08 02:16:55,5060.0,300.0,59500.0
1727,2021-10-08 02:16:52,5050.0,200.0,59200.0
1728,2021-10-08 02:16:42,5050.0,2000.0,59000.0
1729,2021-10-08 02:16:42,5050.0,100.0,57000.0
1730,2021-10-08 02:16:42,5050.0,2900.0,56900.0
1731,2021-10-08 02:16:38,5050.0,600.0,54000.0
1732,2021-10-08 02:15:54,5050.0,1000.0,53400.0
1733,2021-10-08 02:15:00,5050.0,400.0,52400.0
1734,2021-10-08 02:15:00,5050.0,100.0,52000.0
1735,2021-10-08 02:15:00,5050.0,2800.0,51900.0
1736,2021-10-08 02:15:00,5050.0,200.0,49100.0
1737,2021-10-08 02:15:00,5050.0,100.0,48900.0
1738,2021-10-08 02:15:00,5050.0,5000.0,48800.0
1739,2021-10-08 02:15:00,5050.0,10000.0,43800.0
1740,2021-10-08 02:15:00,5050.0,5000.0,33800.0
1741,2021-10-08 02:15:00,5050.0,600.0,28800.0
1742,2021-10-08 02:15:00,5050.0,2500.0,28200.0
1743,2021-10-08 02:15:00,5050.0,2000.0,25700.0
1744,2021-10-08 02:15:00,5050.0,500.0,23700.0
1745,2021-10-08 02:15:00,5050.0,3000.0,23200.0
1746,2021-10-08 02:15:00,5050.0,1000.0,20200.0
1747,2021-10-08 02:15:00,5050.0,500.0,19200.0
1748,2021-10-08 02:15:00,5050.0,1500.0,18700.0
1749,2021-10-08 02:15:00,5050.0,500.0,17200.0
1750,2021-10-08 02:15:00,5050.0,500.0,16700.0
1751,2021-10-08 02:15:00,5050.0,100.0,16200.0
1752,2021-10-08 02:15:00,5050.0,10000.0,16100.0
1753,2021-10-08 02:15:00,5050.0,100.0,6100.0
1754,2021-10-08 02:15:00,5050.0,1000.0,6000.0
1755,2021-10-08 02:15:00,5050.0,1000.0,5000.0
1756,2021-10-08 02:15:00,5050.0,400.0,4000.0
1757,2021-10-08 02:15:00,5050.0,100.0,3600.0
1758,2021-10-08 02:15:00,5050.0,100.0,3500.0
1759,2021-10-08 02:15:00,5050.0,2000.0,3400.0
1760,2021-10-08 02:15:00,5050.0,900.0,1400.0
1761,2021-10-08 02:15:00,5050.0,100.0,500.0
1762,2021-10-08 02:15:00,5050.0,100.0,400.0
1763,2021-10-08 02:15:00,5050.0,100.0,300.0
1764,2021-10-08 02:15:00,5050.0,100.0,200.0
1765,2021-10-08 02:15:00,5050.0,100.0,100.0
