,Time,Price,Volume_per_trade,Volume
0,2021-10-01 14:45:01,155000.0,2000.0,47900.0
1,2021-10-01 14:45:01,155000.0,300.0,45900.0
2,2021-10-01 14:45:01,155000.0,300.0,45600.0
3,2021-10-01 14:45:01,155000.0,100.0,45300.0
4,2021-10-01 14:45:01,155000.0,200.0,45200.0
5,2021-10-01 14:45:01,155000.0,100.0,45000.0
6,2021-10-01 14:45:01,155000.0,100.0,44900.0
7,2021-10-01 14:45:01,155000.0,100.0,44800.0
8,2021-10-01 14:45:01,155000.0,1000.0,44700.0
9,2021-10-01 14:45:01,155000.0,100.0,43700.0
10,2021-10-01 14:45:01,155000.0,100.0,43600.0
11,2021-10-01 14:45:01,155000.0,200.0,43500.0
12,2021-10-01 14:45:01,155000.0,100.0,43300.0
13,2021-10-01 14:45:01,155000.0,100.0,43200.0
14,2021-10-01 14:45:01,155000.0,100.0,43100.0
15,2021-10-01 14:45:01,155000.0,200.0,43000.0
16,2021-10-01 14:45:01,155000.0,100.0,42800.0
17,2021-10-01 14:45:01,155000.0,100.0,42700.0
18,2021-10-01 14:45:01,155000.0,100.0,42600.0
19,2021-10-01 14:45:01,155000.0,600.0,42500.0
20,2021-10-01 14:45:01,155000.0,400.0,41900.0
21,2021-10-01 14:45:01,155000.0,100.0,41500.0
22,2021-10-01 14:45:01,155000.0,300.0,41400.0
23,2021-10-01 14:29:39,157500.0,100.0,41100.0
24,2021-10-01 14:29:03,157000.0,100.0,41000.0
25,2021-10-01 14:28:42,157800.0,300.0,40900.0
26,2021-10-01 14:28:25,157000.0,100.0,40600.0
27,2021-10-01 14:27:57,157000.0,100.0,40500.0
28,2021-10-01 14:24:57,157500.0,100.0,40400.0
29,2021-10-01 14:24:14,157500.0,100.0,40300.0
30,2021-10-01 14:19:18,157500.0,100.0,40200.0
31,2021-10-01 14:19:18,157500.0,100.0,40100.0
32,2021-10-01 14:19:18,157500.0,200.0,40000.0
33,2021-10-01 14:19:18,157500.0,100.0,39800.0
34,2021-10-01 14:19:18,157500.0,300.0,39700.0
35,2021-10-01 14:09:20,157500.0,100.0,39400.0
36,2021-10-01 14:09:20,157600.0,100.0,39300.0
37,2021-10-01 14:08:10,157600.0,200.0,39200.0
38,2021-10-01 14:08:10,157600.0,100.0,39000.0
39,2021-10-01 14:08:10,157600.0,100.0,38900.0
40,2021-10-01 14:08:10,157600.0,100.0,38800.0
41,2021-10-01 14:07:06,157600.0,100.0,38700.0
42,2021-10-01 14:07:06,158000.0,100.0,38600.0
43,2021-10-01 13:56:33,158000.0,200.0,38500.0
44,2021-10-01 13:56:33,158000.0,100.0,38300.0
45,2021-10-01 13:56:33,158000.0,100.0,38200.0
46,2021-10-01 13:52:08,158000.0,800.0,38100.0
47,2021-10-01 13:52:08,158000.0,200.0,37300.0
48,2021-10-01 13:50:23,158000.0,100.0,37100.0
49,2021-10-01 13:38:36,158000.0,300.0,37000.0
50,2021-10-01 13:36:01,158200.0,300.0,36700.0
51,2021-10-01 13:36:01,158200.0,100.0,36400.0
52,2021-10-01 13:20:58,158500.0,200.0,36300.0
53,2021-10-01 13:20:58,158500.0,300.0,36100.0
54,2021-10-01 13:19:49,158000.0,1000.0,35800.0
55,2021-10-01 13:17:18,158000.0,500.0,34800.0
56,2021-10-01 13:16:53,158000.0,200.0,34300.0
57,2021-10-01 13:14:22,158000.0,600.0,34100.0
58,2021-10-01 13:12:10,157600.0,200.0,33500.0
59,2021-10-01 13:10:16,158000.0,100.0,33300.0
60,2021-10-01 13:10:16,158000.0,600.0,33200.0
61,2021-10-01 13:10:01,158000.0,200.0,32600.0
62,2021-10-01 13:09:30,158000.0,200.0,32400.0
63,2021-10-01 13:09:09,158000.0,200.0,32200.0
64,2021-10-01 13:08:38,158000.0,200.0,32000.0
65,2021-10-01 13:06:31,158000.0,100.0,31800.0
66,2021-10-01 13:06:31,158000.0,100.0,31700.0
67,2021-10-01 13:06:06,158500.0,100.0,31600.0
68,2021-10-01 13:00:24,158000.0,100.0,31500.0
69,2021-10-01 13:00:05,158500.0,100.0,31400.0
70,2021-10-01 13:00:01,158500.0,100.0,31300.0
71,2021-10-01 11:23:55,158500.0,200.0,31200.0
72,2021-10-01 11:23:55,158500.0,200.0,31000.0
73,2021-10-01 11:23:23,159000.0,100.0,30800.0
74,2021-10-01 11:18:55,159000.0,900.0,30700.0
75,2021-10-01 11:18:55,159000.0,100.0,29800.0
76,2021-10-01 11:16:44,159000.0,500.0,29700.0
77,2021-10-01 11:16:44,159000.0,100.0,29200.0
78,2021-10-01 11:16:44,159000.0,100.0,29100.0
79,2021-10-01 11:16:44,159000.0,100.0,29000.0
80,2021-10-01 11:16:44,159000.0,100.0,28900.0
81,2021-10-01 11:13:20,159000.0,100.0,28800.0
82,2021-10-01 11:11:54,158900.0,100.0,28700.0
83,2021-10-01 11:11:54,158900.0,100.0,28600.0
84,2021-10-01 11:09:09,158900.0,200.0,28500.0
85,2021-10-01 11:09:09,158900.0,200.0,28300.0
86,2021-10-01 11:08:14,158900.0,400.0,28100.0
87,2021-10-01 11:07:50,158900.0,100.0,27700.0
88,2021-10-01 11:07:50,158900.0,100.0,27600.0
89,2021-10-01 11:07:50,158800.0,200.0,27500.0
90,2021-10-01 11:07:10,158800.0,100.0,27300.0
91,2021-10-01 11:07:10,158800.0,300.0,27200.0
92,2021-10-01 11:06:14,158800.0,300.0,26900.0
93,2021-10-01 11:06:14,158700.0,100.0,26600.0
94,2021-10-01 11:05:41,158500.0,100.0,26500.0
95,2021-10-01 11:05:41,158500.0,100.0,26400.0
96,2021-10-01 11:05:14,158500.0,100.0,26300.0
97,2021-10-01 11:05:14,158500.0,100.0,26200.0
98,2021-10-01 11:05:14,158400.0,200.0,26100.0
99,2021-10-01 11:05:13,158400.0,100.0,25900.0
100,2021-10-01 11:04:53,158400.0,100.0,25800.0
101,2021-10-01 11:04:27,158400.0,100.0,25700.0
102,2021-10-01 11:04:24,158400.0,200.0,25600.0
103,2021-10-01 11:04:24,158300.0,100.0,25400.0
104,2021-10-01 11:04:24,158300.0,100.0,25300.0
105,2021-10-01 11:04:11,158300.0,100.0,25200.0
106,2021-10-01 11:03:40,158200.0,100.0,25100.0
107,2021-10-01 11:03:28,158200.0,100.0,25000.0
108,2021-10-01 11:03:01,158200.0,100.0,24900.0
109,2021-10-01 11:02:47,158200.0,100.0,24800.0
110,2021-10-01 11:02:17,158200.0,100.0,24700.0
111,2021-10-01 11:02:02,158200.0,100.0,24600.0
112,2021-10-01 11:01:44,158200.0,200.0,24500.0
113,2021-10-01 11:01:34,158200.0,100.0,24300.0
114,2021-10-01 11:01:23,158200.0,100.0,24200.0
115,2021-10-01 10:59:56,158200.0,100.0,24100.0
116,2021-10-01 10:59:56,158200.0,100.0,24000.0
117,2021-10-01 10:58:41,158200.0,100.0,23900.0
118,2021-10-01 10:58:06,158100.0,100.0,23800.0
119,2021-10-01 10:58:03,158100.0,100.0,23700.0
120,2021-10-01 10:57:44,158100.0,100.0,23600.0
121,2021-10-01 10:55:44,158100.0,100.0,23500.0
122,2021-10-01 10:55:26,158100.0,100.0,23400.0
123,2021-10-01 10:50:35,158200.0,100.0,23300.0
124,2021-10-01 10:50:24,158200.0,100.0,23200.0
125,2021-10-01 10:49:48,158200.0,100.0,23100.0
126,2021-10-01 10:45:29,158200.0,200.0,23000.0
127,2021-10-01 10:44:14,158200.0,100.0,22800.0
128,2021-10-01 10:43:42,158200.0,100.0,22700.0
129,2021-10-01 10:43:15,158000.0,100.0,22600.0
130,2021-10-01 10:43:00,158000.0,100.0,22500.0
131,2021-10-01 10:42:49,158000.0,100.0,22400.0
132,2021-10-01 10:42:03,158000.0,100.0,22300.0
133,2021-10-01 10:42:03,158000.0,100.0,22200.0
134,2021-10-01 10:41:53,158000.0,100.0,22100.0
135,2021-10-01 10:40:47,157600.0,1300.0,22000.0
136,2021-10-01 10:39:57,158000.0,200.0,20700.0
137,2021-10-01 10:39:19,158000.0,100.0,20500.0
138,2021-10-01 10:39:19,158000.0,200.0,20400.0
139,2021-10-01 10:38:42,158000.0,100.0,20200.0
140,2021-10-01 10:38:04,158000.0,100.0,20100.0
141,2021-10-01 10:36:17,158000.0,100.0,20000.0
142,2021-10-01 10:36:17,158000.0,200.0,19900.0
143,2021-10-01 10:29:28,158300.0,100.0,19700.0
144,2021-10-01 10:29:28,158300.0,100.0,19600.0
145,2021-10-01 10:29:20,158000.0,200.0,19500.0
146,2021-10-01 10:25:37,158000.0,300.0,19300.0
147,2021-10-01 10:25:21,158000.0,300.0,19000.0
148,2021-10-01 10:24:55,158000.0,300.0,18700.0
149,2021-10-01 10:24:55,158000.0,100.0,18400.0
150,2021-10-01 10:24:55,158000.0,100.0,18300.0
151,2021-10-01 10:22:33,158000.0,300.0,18200.0
152,2021-10-01 10:19:19,158000.0,200.0,17900.0
153,2021-10-01 10:19:19,158000.0,600.0,17700.0
154,2021-10-01 10:18:57,158000.0,300.0,17100.0
155,2021-10-01 10:08:52,158400.0,200.0,16800.0
156,2021-10-01 10:06:36,158500.0,100.0,16600.0
157,2021-10-01 10:05:35,158600.0,100.0,16500.0
158,2021-10-01 10:00:47,158900.0,100.0,16400.0
159,2021-10-01 10:00:47,158900.0,200.0,16300.0
160,2021-10-01 10:00:36,158900.0,100.0,16100.0
161,2021-10-01 09:57:55,158900.0,100.0,16000.0
162,2021-10-01 09:57:37,158900.0,100.0,15900.0
163,2021-10-01 09:57:22,158900.0,100.0,15800.0
164,2021-10-01 09:57:09,158900.0,100.0,15700.0
165,2021-10-01 09:56:42,158900.0,100.0,15600.0
166,2021-10-01 09:56:41,158900.0,200.0,15500.0
167,2021-10-01 09:56:41,158700.0,300.0,15300.0
168,2021-10-01 09:56:34,158700.0,100.0,15000.0
169,2021-10-01 09:56:22,158800.0,100.0,14900.0
170,2021-10-01 09:56:22,158500.0,100.0,14800.0
171,2021-10-01 09:56:14,158500.0,100.0,14700.0
172,2021-10-01 09:55:53,158400.0,100.0,14600.0
173,2021-10-01 09:55:40,158400.0,100.0,14500.0
174,2021-10-01 09:55:32,158400.0,100.0,14400.0
175,2021-10-01 09:55:27,158400.0,100.0,14300.0
176,2021-10-01 09:55:09,158400.0,100.0,14200.0
177,2021-10-01 09:54:49,158300.0,100.0,14100.0
178,2021-10-01 09:51:21,158400.0,100.0,14000.0
179,2021-10-01 09:50:21,158400.0,100.0,13900.0
180,2021-10-01 09:48:31,158400.0,1600.0,13800.0
181,2021-10-01 09:47:31,158400.0,300.0,12200.0
182,2021-10-01 09:47:01,158400.0,100.0,11900.0
183,2021-10-01 09:46:06,158400.0,100.0,11800.0
184,2021-10-01 09:45:40,158400.0,100.0,11700.0
185,2021-10-01 09:45:24,158400.0,100.0,11600.0
186,2021-10-01 09:45:14,158400.0,600.0,11500.0
187,2021-10-01 09:44:36,159000.0,100.0,10900.0
188,2021-10-01 09:44:36,158900.0,200.0,10800.0
189,2021-10-01 09:41:21,159000.0,800.0,10600.0
190,2021-10-01 09:41:14,159000.0,100.0,9800.0
191,2021-10-01 09:41:14,159000.0,100.0,9700.0
192,2021-10-01 09:41:14,158900.0,400.0,9600.0
193,2021-10-01 09:40:13,158400.0,100.0,9200.0
194,2021-10-01 09:39:49,158900.0,100.0,9100.0
195,2021-10-01 09:39:44,158300.0,100.0,9000.0
196,2021-10-01 09:39:19,158300.0,100.0,8900.0
197,2021-10-01 09:39:00,158300.0,100.0,8800.0
198,2021-10-01 09:38:30,158300.0,100.0,8700.0
199,2021-10-01 09:37:42,158000.0,100.0,8600.0
200,2021-10-01 09:37:14,157700.0,100.0,8500.0
201,2021-10-01 09:37:02,157500.0,100.0,8400.0
202,2021-10-01 09:36:57,157500.0,500.0,8300.0
203,2021-10-01 09:36:45,157500.0,100.0,7800.0
204,2021-10-01 09:36:32,157500.0,100.0,7700.0
205,2021-10-01 09:36:28,157000.0,200.0,7600.0
206,2021-10-01 09:36:28,157000.0,100.0,7400.0
207,2021-10-01 09:36:16,157000.0,100.0,7300.0
208,2021-10-01 09:36:00,156900.0,100.0,7200.0
209,2021-10-01 09:35:57,156900.0,200.0,7100.0
210,2021-10-01 09:35:23,156900.0,100.0,6900.0
211,2021-10-01 09:34:51,156900.0,100.0,6800.0
212,2021-10-01 09:34:21,156900.0,100.0,6700.0
213,2021-10-01 09:34:17,156900.0,200.0,6600.0
214,2021-10-01 09:34:00,156900.0,100.0,6400.0
215,2021-10-01 09:33:57,156900.0,200.0,6300.0
216,2021-10-01 09:33:44,156900.0,100.0,6100.0
217,2021-10-01 09:33:26,157000.0,100.0,6000.0
218,2021-10-01 09:33:23,157000.0,200.0,5900.0
219,2021-10-01 09:33:09,157000.0,100.0,5700.0
220,2021-10-01 09:33:06,157000.0,100.0,5600.0
221,2021-10-01 09:33:06,156900.0,100.0,5500.0
222,2021-10-01 09:32:55,157000.0,100.0,5400.0
223,2021-10-01 09:32:52,156500.0,100.0,5300.0
224,2021-10-01 09:32:51,156500.0,500.0,5200.0
225,2021-10-01 09:32:36,156500.0,200.0,4700.0
226,2021-10-01 09:32:36,156500.0,100.0,4500.0
227,2021-10-01 09:32:25,156500.0,100.0,4400.0
228,2021-10-01 09:32:25,156300.0,100.0,4300.0
229,2021-10-01 09:31:45,156500.0,100.0,4200.0
230,2021-10-01 09:31:43,156500.0,100.0,4100.0
231,2021-10-01 09:31:26,156000.0,200.0,4000.0
232,2021-10-01 09:31:21,156000.0,100.0,3800.0
233,2021-10-01 09:31:14,156500.0,100.0,3700.0
234,2021-10-01 09:30:51,156500.0,100.0,3600.0
235,2021-10-01 09:30:48,156500.0,100.0,3500.0
236,2021-10-01 09:30:37,156500.0,100.0,3400.0
237,2021-10-01 09:30:07,156500.0,100.0,3300.0
238,2021-10-01 09:29:59,156000.0,200.0,3200.0
239,2021-10-01 09:29:30,156000.0,100.0,3000.0
240,2021-10-01 09:29:26,156000.0,100.0,2900.0
241,2021-10-01 09:29:26,155800.0,100.0,2800.0
242,2021-10-01 09:29:19,155700.0,200.0,2700.0
243,2021-10-01 09:28:35,155700.0,100.0,2500.0
244,2021-10-01 09:28:04,155700.0,100.0,2400.0
245,2021-10-01 09:28:04,155500.0,100.0,2300.0
246,2021-10-01 09:21:21,155700.0,200.0,2200.0
247,2021-10-01 09:20:13,154300.0,100.0,2000.0
248,2021-10-01 09:20:07,155700.0,1000.0,1900.0
249,2021-10-01 09:19:29,155700.0,100.0,900.0
250,2021-10-01 09:16:18,154200.0,500.0,800.0
251,2021-10-01 09:16:18,154300.0,100.0,300.0
252,2021-10-01 09:15:00,154300.0,200.0,200.0
