,Time,Price,Volume_per_trade,Volume
0,2021-10-07 07:45:01,158600.0,100.0,44000.0
1,2021-10-07 07:45:01,158600.0,600.0,43900.0
2,2021-10-07 07:45:01,158600.0,3000.0,43300.0
3,2021-10-07 07:45:01,158600.0,4000.0,40300.0
4,2021-10-07 07:29:11,158400.0,400.0,36300.0
5,2021-10-07 07:28:56,158400.0,100.0,35900.0
6,2021-10-07 07:28:44,158400.0,100.0,35800.0
7,2021-10-07 07:28:22,158400.0,200.0,35700.0
8,2021-10-07 07:28:15,158400.0,100.0,35500.0
9,2021-10-07 07:28:08,159200.0,300.0,35400.0
10,2021-10-07 07:28:08,159100.0,100.0,35100.0
11,2021-10-07 07:27:51,158400.0,100.0,35000.0
12,2021-10-07 07:27:34,158400.0,100.0,34900.0
13,2021-10-07 07:27:28,158400.0,200.0,34800.0
14,2021-10-07 07:27:12,158400.0,100.0,34600.0
15,2021-10-07 07:27:05,158400.0,100.0,34500.0
16,2021-10-07 07:27:05,158400.0,300.0,34400.0
17,2021-10-07 07:27:05,158900.0,100.0,34100.0
18,2021-10-07 07:26:51,158900.0,200.0,34000.0
19,2021-10-07 07:26:43,159000.0,100.0,33800.0
20,2021-10-07 07:26:33,159000.0,100.0,33700.0
21,2021-10-07 07:26:07,159000.0,100.0,33600.0
22,2021-10-07 07:25:52,159000.0,100.0,33500.0
23,2021-10-07 07:25:14,159000.0,100.0,33400.0
24,2021-10-07 07:24:48,159000.0,100.0,33300.0
25,2021-10-07 07:23:54,159100.0,100.0,33200.0
26,2021-10-07 07:23:49,159100.0,100.0,33100.0
27,2021-10-07 07:23:32,159100.0,100.0,33000.0
28,2021-10-07 07:21:37,159100.0,200.0,32900.0
29,2021-10-07 07:21:37,159100.0,100.0,32700.0
30,2021-10-07 07:21:17,159100.0,100.0,32600.0
31,2021-10-07 07:21:17,159100.0,300.0,32500.0
32,2021-10-07 07:20:11,159100.0,100.0,32200.0
33,2021-10-07 07:18:51,159100.0,100.0,32100.0
34,2021-10-07 07:18:38,159100.0,200.0,32000.0
35,2021-10-07 07:18:31,159100.0,100.0,31800.0
36,2021-10-07 07:17:30,159100.0,100.0,31700.0
37,2021-10-07 07:17:20,159100.0,400.0,31600.0
38,2021-10-07 07:17:20,159200.0,100.0,31200.0
39,2021-10-07 07:16:56,159200.0,100.0,31100.0
40,2021-10-07 07:16:56,159200.0,100.0,31000.0
41,2021-10-07 07:16:27,159200.0,100.0,30900.0
42,2021-10-07 07:15:50,159200.0,100.0,30800.0
43,2021-10-07 07:15:32,159200.0,200.0,30700.0
44,2021-10-07 07:15:32,159200.0,200.0,30500.0
45,2021-10-07 07:15:32,159200.0,100.0,30300.0
46,2021-10-07 07:15:25,159200.0,100.0,30200.0
47,2021-10-07 07:13:54,159200.0,100.0,30100.0
48,2021-10-07 07:11:59,159200.0,200.0,30000.0
49,2021-10-07 07:11:59,159200.0,200.0,29800.0
50,2021-10-07 07:11:59,159200.0,300.0,29600.0
51,2021-10-07 07:11:59,159200.0,200.0,29300.0
52,2021-10-07 07:11:59,159200.0,100.0,29100.0
53,2021-10-07 07:08:26,159200.0,100.0,29000.0
54,2021-10-07 07:08:26,159200.0,200.0,28900.0
55,2021-10-07 07:08:26,159200.0,200.0,28700.0
56,2021-10-07 07:00:02,159200.0,100.0,28500.0
57,2021-10-07 06:59:11,159500.0,200.0,28400.0
58,2021-10-07 06:57:20,159500.0,200.0,28200.0
59,2021-10-07 06:57:20,159400.0,100.0,28000.0
60,2021-10-07 06:56:41,159500.0,100.0,27900.0
61,2021-10-07 06:56:05,159200.0,100.0,27800.0
62,2021-10-07 06:55:19,159200.0,200.0,27700.0
63,2021-10-07 06:52:31,159200.0,100.0,27500.0
64,2021-10-07 06:52:08,159100.0,100.0,27400.0
65,2021-10-07 06:50:05,159100.0,100.0,27300.0
66,2021-10-07 06:49:41,159000.0,500.0,27200.0
67,2021-10-07 06:49:41,159000.0,100.0,26700.0
68,2021-10-07 06:49:28,159000.0,100.0,26600.0
69,2021-10-07 06:49:28,159000.0,500.0,26500.0
70,2021-10-07 06:49:28,159000.0,100.0,26000.0
71,2021-10-07 06:48:12,158900.0,100.0,25900.0
72,2021-10-07 06:47:12,158900.0,100.0,25800.0
73,2021-10-07 06:46:16,158900.0,100.0,25700.0
74,2021-10-07 06:46:08,158900.0,100.0,25600.0
75,2021-10-07 06:46:08,158900.0,100.0,25500.0
76,2021-10-07 06:44:16,158200.0,100.0,25400.0
77,2021-10-07 06:42:34,158900.0,300.0,25300.0
78,2021-10-07 06:40:47,158900.0,100.0,25000.0
79,2021-10-07 06:40:47,158900.0,100.0,24900.0
80,2021-10-07 06:40:21,158200.0,100.0,24800.0
81,2021-10-07 06:38:54,158500.0,100.0,24700.0
82,2021-10-07 06:38:54,158500.0,200.0,24600.0
83,2021-10-07 06:38:04,158500.0,200.0,24400.0
84,2021-10-07 06:36:25,158100.0,100.0,24200.0
85,2021-10-07 06:36:09,158100.0,100.0,24100.0
86,2021-10-07 06:36:09,158100.0,200.0,24000.0
87,2021-10-07 06:32:29,158100.0,100.0,23800.0
88,2021-10-07 06:28:32,158100.0,100.0,23700.0
89,2021-10-07 06:27:48,158500.0,300.0,23600.0
90,2021-10-07 06:25:58,158500.0,200.0,23300.0
91,2021-10-07 06:25:17,158500.0,100.0,23100.0
92,2021-10-07 06:24:36,158100.0,100.0,23000.0
93,2021-10-07 06:24:07,158500.0,200.0,22900.0
94,2021-10-07 06:23:17,158500.0,100.0,22700.0
95,2021-10-07 06:20:41,158100.0,100.0,22600.0
96,2021-10-07 06:18:09,158100.0,100.0,22500.0
97,2021-10-07 06:18:09,158100.0,100.0,22400.0
98,2021-10-07 06:16:45,158100.0,100.0,22300.0
99,2021-10-07 06:15:00,158100.0,100.0,22200.0
100,2021-10-07 06:15:00,158100.0,100.0,22100.0
101,2021-10-07 06:12:49,158100.0,100.0,22000.0
102,2021-10-07 06:11:12,158400.0,200.0,21900.0
103,2021-10-07 06:09:24,158400.0,200.0,21700.0
104,2021-10-07 06:08:53,158100.0,100.0,21500.0
105,2021-10-07 06:08:06,158400.0,200.0,21400.0
106,2021-10-07 06:04:57,158100.0,100.0,21200.0
107,2021-10-07 06:01:02,158100.0,100.0,21100.0
108,2021-10-07 06:00:09,158400.0,100.0,21000.0
109,2021-10-07 06:00:08,158400.0,100.0,20900.0
110,2021-10-07 06:00:01,158400.0,100.0,20800.0
111,2021-10-07 06:00:01,158200.0,400.0,20700.0
112,2021-10-07 06:00:01,158200.0,300.0,20300.0
113,2021-10-07 06:00:01,158200.0,200.0,20000.0
114,2021-10-07 06:00:01,158200.0,200.0,19800.0
115,2021-10-07 04:28:02,158200.0,200.0,19600.0
116,2021-10-07 04:22:44,158200.0,100.0,19400.0
117,2021-10-07 04:17:28,158100.0,100.0,19300.0
118,2021-10-07 04:12:13,158100.0,100.0,19200.0
119,2021-10-07 04:08:35,158100.0,100.0,19100.0
120,2021-10-07 04:08:35,158100.0,200.0,19000.0
121,2021-10-07 04:06:55,158100.0,100.0,18800.0
122,2021-10-07 04:06:07,158400.0,200.0,18700.0
123,2021-10-07 04:04:17,158400.0,200.0,18500.0
124,2021-10-07 04:03:31,158400.0,200.0,18300.0
125,2021-10-07 04:01:39,158100.0,100.0,18100.0
126,2021-10-07 04:00:42,158000.0,100.0,18000.0
127,2021-10-07 04:00:02,157900.0,100.0,17900.0
128,2021-10-07 03:56:23,157800.0,100.0,17800.0
129,2021-10-07 03:51:39,157800.0,100.0,17700.0
130,2021-10-07 03:51:39,157800.0,100.0,17600.0
131,2021-10-07 03:51:07,157800.0,100.0,17500.0
132,2021-10-07 03:50:20,157900.0,1200.0,17400.0
133,2021-10-07 03:48:51,157800.0,100.0,16200.0
134,2021-10-07 03:48:51,157800.0,100.0,16100.0
135,2021-10-07 03:48:51,157800.0,200.0,16000.0
136,2021-10-07 03:45:51,157800.0,100.0,15800.0
137,2021-10-07 03:45:50,157900.0,200.0,15700.0
138,2021-10-07 03:43:59,157900.0,200.0,15500.0
139,2021-10-07 03:42:57,157900.0,300.0,15300.0
140,2021-10-07 03:42:57,157900.0,200.0,15000.0
141,2021-10-07 03:42:57,157900.0,300.0,14800.0
142,2021-10-07 03:42:57,157900.0,400.0,14500.0
143,2021-10-07 03:40:35,157900.0,100.0,14100.0
144,2021-10-07 03:38:01,157900.0,200.0,14000.0
145,2021-10-07 03:35:19,157800.0,100.0,13800.0
146,2021-10-07 03:34:46,157900.0,200.0,13700.0
147,2021-10-07 03:34:29,157900.0,100.0,13500.0
148,2021-10-07 03:32:56,157800.0,100.0,13400.0
149,2021-10-07 03:32:23,157800.0,100.0,13300.0
150,2021-10-07 03:32:14,157500.0,200.0,13200.0
151,2021-10-07 03:30:03,157500.0,100.0,13000.0
152,2021-10-07 03:28:52,157500.0,100.0,12900.0
153,2021-10-07 03:24:46,157500.0,100.0,12800.0
154,2021-10-07 03:22:08,157500.0,200.0,12700.0
155,2021-10-07 03:20:59,157500.0,200.0,12500.0
156,2021-10-07 03:20:59,157500.0,100.0,12300.0
157,2021-10-07 03:20:59,157500.0,100.0,12200.0
158,2021-10-07 03:20:01,157500.0,100.0,12100.0
159,2021-10-07 03:20:01,157500.0,300.0,12000.0
160,2021-10-07 03:19:30,157500.0,100.0,11700.0
161,2021-10-07 03:17:44,157500.0,400.0,11600.0
162,2021-10-07 03:15:30,157500.0,400.0,11200.0
163,2021-10-07 03:14:31,157500.0,300.0,10800.0
164,2021-10-07 03:14:14,157500.0,100.0,10500.0
165,2021-10-07 03:09:44,157500.0,200.0,10400.0
166,2021-10-07 03:09:38,157500.0,100.0,10200.0
167,2021-10-07 03:09:38,157600.0,300.0,10100.0
168,2021-10-07 03:08:58,157600.0,100.0,9800.0
169,2021-10-07 03:03:42,157500.0,100.0,9700.0
170,2021-10-07 03:01:47,157600.0,100.0,9600.0
171,2021-10-07 03:00:41,157600.0,200.0,9500.0
172,2021-10-07 02:59:14,157500.0,400.0,9300.0
173,2021-10-07 02:53:10,157500.0,100.0,8900.0
174,2021-10-07 02:47:53,157300.0,100.0,8800.0
175,2021-10-07 02:47:16,157400.0,100.0,8700.0
176,2021-10-07 02:47:16,157400.0,100.0,8600.0
177,2021-10-07 02:47:16,157400.0,200.0,8500.0
178,2021-10-07 02:46:00,157500.0,300.0,8300.0
179,2021-10-07 02:46:00,157600.0,100.0,8000.0
180,2021-10-07 02:42:37,157600.0,100.0,7900.0
181,2021-10-07 02:42:04,157600.0,100.0,7800.0
182,2021-10-07 02:40:55,157400.0,100.0,7700.0
183,2021-10-07 02:39:09,157400.0,100.0,7600.0
184,2021-10-07 02:38:57,157400.0,100.0,7500.0
185,2021-10-07 02:38:35,157500.0,100.0,7400.0
186,2021-10-07 02:38:24,157500.0,100.0,7300.0
187,2021-10-07 02:38:05,157500.0,100.0,7200.0
188,2021-10-07 02:37:33,157500.0,100.0,7100.0
189,2021-10-07 02:37:24,157500.0,100.0,7000.0
190,2021-10-07 02:37:24,157500.0,300.0,6900.0
191,2021-10-07 02:37:21,157500.0,100.0,6600.0
192,2021-10-07 02:36:26,157500.0,100.0,6500.0
193,2021-10-07 02:36:24,157500.0,100.0,6400.0
194,2021-10-07 02:36:24,157500.0,100.0,6300.0
195,2021-10-07 02:36:24,157500.0,200.0,6200.0
196,2021-10-07 02:35:42,157500.0,100.0,6000.0
197,2021-10-07 02:35:42,157600.0,100.0,5900.0
198,2021-10-07 02:35:15,157500.0,200.0,5800.0
199,2021-10-07 02:34:09,157500.0,200.0,5600.0
200,2021-10-07 02:34:09,157600.0,200.0,5400.0
201,2021-10-07 02:32:05,157500.0,100.0,5200.0
202,2021-10-07 02:29:10,157500.0,100.0,5100.0
203,2021-10-07 02:24:01,157500.0,400.0,5000.0
204,2021-10-07 02:23:24,157500.0,400.0,4600.0
205,2021-10-07 02:22:56,157500.0,300.0,4200.0
206,2021-10-07 02:22:56,158000.0,100.0,3900.0
207,2021-10-07 02:22:19,157400.0,300.0,3800.0
208,2021-10-07 02:22:19,158000.0,100.0,3500.0
209,2021-10-07 02:21:26,158000.0,400.0,3400.0
210,2021-10-07 02:20:48,158000.0,400.0,3000.0
211,2021-10-07 02:20:44,158000.0,100.0,2600.0
212,2021-10-07 02:20:26,158000.0,100.0,2500.0
213,2021-10-07 02:20:17,158000.0,100.0,2400.0
214,2021-10-07 02:20:16,158000.0,100.0,2300.0
215,2021-10-07 02:19:38,158700.0,100.0,2200.0
216,2021-10-07 02:19:19,158700.0,100.0,2100.0
217,2021-10-07 02:18:27,159000.0,100.0,2000.0
218,2021-10-07 02:17:01,159000.0,800.0,1900.0
219,2021-10-07 02:16:57,159000.0,200.0,1100.0
220,2021-10-07 02:16:37,159000.0,200.0,900.0
221,2021-10-07 02:15:50,159000.0,200.0,700.0
222,2021-10-07 02:15:00,159000.0,100.0,500.0
223,2021-10-07 02:15:00,159000.0,100.0,400.0
224,2021-10-07 02:15:00,159000.0,300.0,300.0
