,Time,Price,Volume_per_trade,Volume
0,2021-10-18 07:45:00,10300.0,100.0,614300.0
1,2021-10-18 07:45:00,10300.0,500.0,614200.0
2,2021-10-18 07:45:00,10300.0,400.0,613700.0
3,2021-10-18 07:45:00,10300.0,100.0,613300.0
4,2021-10-18 07:45:00,10300.0,500.0,613200.0
5,2021-10-18 07:45:00,10300.0,1500.0,612700.0
6,2021-10-18 07:45:00,10300.0,200.0,611200.0
7,2021-10-18 07:45:00,10300.0,200.0,611000.0
8,2021-10-18 07:45:00,10300.0,300.0,610800.0
9,2021-10-18 07:45:00,10300.0,500.0,610500.0
10,2021-10-18 07:45:00,10300.0,900.0,610000.0
11,2021-10-18 07:45:00,10300.0,3000.0,609100.0
12,2021-10-18 07:45:00,10300.0,100.0,606100.0
13,2021-10-18 07:45:00,10300.0,1000.0,606000.0
14,2021-10-18 07:45:00,10300.0,600.0,605000.0
15,2021-10-18 07:45:00,10300.0,1000.0,604400.0
16,2021-10-18 07:45:00,10300.0,200.0,603400.0
17,2021-10-18 07:45:00,10300.0,1800.0,603200.0
18,2021-10-18 07:45:00,10300.0,4500.0,601400.0
19,2021-10-18 07:45:00,10300.0,4000.0,596900.0
20,2021-10-18 07:45:00,10300.0,1000.0,592900.0
21,2021-10-18 07:45:00,10300.0,1000.0,591900.0
22,2021-10-18 07:45:00,10300.0,100.0,590900.0
23,2021-10-18 07:45:00,10300.0,1000.0,590800.0
24,2021-10-18 07:45:00,10300.0,100.0,589800.0
25,2021-10-18 07:45:00,10300.0,200.0,589700.0
26,2021-10-18 07:45:00,10300.0,100.0,589500.0
27,2021-10-18 07:29:14,10300.0,500.0,589400.0
28,2021-10-18 07:29:14,10300.0,200.0,588900.0
29,2021-10-18 07:29:14,10300.0,300.0,588700.0
30,2021-10-18 07:28:21,10300.0,200.0,588400.0
31,2021-10-18 07:28:21,10300.0,2900.0,588200.0
32,2021-10-18 07:28:21,10350.0,200.0,585300.0
33,2021-10-18 07:28:21,10350.0,300.0,585100.0
34,2021-10-18 07:28:20,10350.0,200.0,584800.0
35,2021-10-18 07:28:20,10350.0,1000.0,584600.0
36,2021-10-18 07:28:20,10350.0,300.0,583600.0
37,2021-10-18 07:28:17,10350.0,200.0,583300.0
38,2021-10-18 07:28:17,10350.0,500.0,583100.0
39,2021-10-18 07:27:08,10350.0,200.0,582600.0
40,2021-10-18 07:25:40,10350.0,200.0,582400.0
41,2021-10-18 07:25:11,10300.0,400.0,582200.0
42,2021-10-18 07:23:47,10350.0,3000.0,581800.0
43,2021-10-18 07:23:31,10350.0,200.0,578800.0
44,2021-10-18 07:23:31,10350.0,1000.0,578600.0
45,2021-10-18 07:23:31,10350.0,1000.0,577600.0
46,2021-10-18 07:23:31,10350.0,600.0,576600.0
47,2021-10-18 07:23:07,10400.0,200.0,576000.0
48,2021-10-18 07:22:36,10400.0,100.0,575800.0
49,2021-10-18 07:22:36,10400.0,900.0,575700.0
50,2021-10-18 07:20:55,10400.0,100.0,574800.0
51,2021-10-18 07:20:55,10400.0,1900.0,574700.0
52,2021-10-18 07:20:36,10400.0,100.0,572800.0
53,2021-10-18 07:20:36,10400.0,2900.0,572700.0
54,2021-10-18 07:20:21,10400.0,2100.0,569800.0
55,2021-10-18 07:20:21,10400.0,1000.0,567700.0
56,2021-10-18 07:20:21,10400.0,2000.0,566700.0
57,2021-10-18 07:20:21,10400.0,1000.0,564700.0
58,2021-10-18 07:20:21,10400.0,100.0,563700.0
59,2021-10-18 07:20:21,10400.0,200.0,563600.0
60,2021-10-18 07:20:21,10400.0,200.0,563400.0
61,2021-10-18 07:20:21,10400.0,300.0,563200.0
62,2021-10-18 07:20:21,10400.0,2000.0,562900.0
63,2021-10-18 07:20:21,10400.0,4100.0,560900.0
64,2021-10-18 07:18:23,10400.0,2200.0,556800.0
65,2021-10-18 07:18:23,10400.0,100.0,554600.0
66,2021-10-18 07:18:23,10400.0,300.0,554500.0
67,2021-10-18 07:18:23,10400.0,1200.0,554200.0
68,2021-10-18 07:18:23,10400.0,200.0,553000.0
69,2021-10-18 07:17:48,10300.0,1700.0,552800.0
70,2021-10-18 07:17:48,10300.0,300.0,551100.0
71,2021-10-18 07:17:48,10300.0,5000.0,550800.0
72,2021-10-18 07:17:48,10300.0,500.0,545800.0
73,2021-10-18 07:17:48,10300.0,1000.0,545300.0
74,2021-10-18 07:17:48,10300.0,300.0,544300.0
75,2021-10-18 07:17:48,10300.0,500.0,544000.0
76,2021-10-18 07:17:48,10300.0,400.0,543500.0
77,2021-10-18 07:17:48,10350.0,300.0,543100.0
78,2021-10-18 07:17:36,10350.0,100.0,542800.0
79,2021-10-18 07:17:06,10350.0,100.0,542700.0
80,2021-10-18 07:17:06,10350.0,900.0,542600.0
81,2021-10-18 07:17:02,10350.0,100.0,541700.0
82,2021-10-18 07:17:02,10350.0,100.0,541600.0
83,2021-10-18 07:17:02,10350.0,100.0,541500.0
84,2021-10-18 07:17:02,10350.0,100.0,541400.0
85,2021-10-18 07:17:02,10350.0,100.0,541300.0
86,2021-10-18 07:16:07,10350.0,200.0,541200.0
87,2021-10-18 07:16:07,10350.0,100.0,541000.0
88,2021-10-18 07:16:07,10350.0,100.0,540900.0
89,2021-10-18 07:16:07,10350.0,600.0,540800.0
90,2021-10-18 07:15:32,10350.0,400.0,540200.0
91,2021-10-18 07:15:32,10350.0,200.0,539800.0
92,2021-10-18 07:15:32,10350.0,600.0,539600.0
93,2021-10-18 07:15:30,10350.0,1000.0,539000.0
94,2021-10-18 07:15:17,10350.0,1400.0,538000.0
95,2021-10-18 07:14:23,10350.0,1000.0,536600.0
96,2021-10-18 07:13:55,10350.0,3000.0,535600.0
97,2021-10-18 07:13:55,10350.0,200.0,532600.0
98,2021-10-18 07:13:55,10350.0,2000.0,532400.0
99,2021-10-18 07:13:55,10350.0,100.0,530400.0
100,2021-10-18 07:13:55,10350.0,500.0,530300.0
101,2021-10-18 07:13:55,10350.0,4200.0,529800.0
102,2021-10-18 07:13:31,10350.0,1000.0,525600.0
103,2021-10-18 07:12:29,10350.0,5000.0,524600.0
104,2021-10-18 07:12:24,10350.0,4500.0,519600.0
105,2021-10-18 07:11:24,10350.0,2200.0,515100.0
106,2021-10-18 07:11:13,10350.0,1000.0,512900.0
107,2021-10-18 07:10:43,10350.0,2100.0,511900.0
108,2021-10-18 07:10:43,10350.0,100.0,509800.0
109,2021-10-18 07:10:43,10350.0,300.0,509700.0
110,2021-10-18 07:10:43,10350.0,5000.0,509400.0
111,2021-10-18 07:10:43,10350.0,900.0,504400.0
112,2021-10-18 07:10:43,10350.0,300.0,503500.0
113,2021-10-18 07:10:43,10350.0,1000.0,503200.0
114,2021-10-18 07:10:43,10350.0,200.0,502200.0
115,2021-10-18 07:10:43,10350.0,1000.0,502000.0
116,2021-10-18 07:10:43,10350.0,200.0,501000.0
117,2021-10-18 07:10:43,10350.0,3900.0,500800.0
118,2021-10-18 07:09:37,10350.0,500.0,496900.0
119,2021-10-18 07:09:30,10350.0,1000.0,496400.0
120,2021-10-18 07:08:02,10350.0,500.0,495400.0
121,2021-10-18 07:05:38,10400.0,800.0,494900.0
122,2021-10-18 07:05:38,10400.0,100.0,494100.0
123,2021-10-18 07:05:38,10400.0,300.0,494000.0
124,2021-10-18 07:05:38,10400.0,1600.0,493700.0
125,2021-10-18 07:05:38,10400.0,200.0,492100.0
126,2021-10-18 07:05:38,10400.0,500.0,491900.0
127,2021-10-18 07:05:38,10400.0,200.0,491400.0
128,2021-10-18 07:05:38,10400.0,1000.0,491200.0
129,2021-10-18 07:05:38,10400.0,400.0,490200.0
130,2021-10-18 07:05:38,10400.0,1000.0,489800.0
131,2021-10-18 07:05:38,10400.0,800.0,488800.0
132,2021-10-18 07:05:38,10400.0,1000.0,488000.0
133,2021-10-18 07:05:38,10400.0,2000.0,487000.0
134,2021-10-18 07:05:38,10400.0,1000.0,485000.0
135,2021-10-18 07:05:38,10400.0,1000.0,484000.0
136,2021-10-18 07:05:38,10400.0,7000.0,483000.0
137,2021-10-18 07:05:38,10400.0,1000.0,476000.0
138,2021-10-18 07:05:38,10400.0,100.0,475000.0
139,2021-10-18 07:05:04,10350.0,1000.0,474900.0
140,2021-10-18 07:02:06,10350.0,2000.0,473900.0
141,2021-10-18 07:01:47,10350.0,500.0,471900.0
142,2021-10-18 07:01:42,10350.0,100.0,471400.0
143,2021-10-18 07:01:42,10350.0,100.0,471300.0
144,2021-10-18 07:01:42,10350.0,800.0,471200.0
145,2021-10-18 07:00:30,10350.0,500.0,470400.0
146,2021-10-18 07:00:30,10350.0,100.0,469900.0
147,2021-10-18 07:00:30,10350.0,100.0,469800.0
148,2021-10-18 07:00:30,10350.0,400.0,469700.0
149,2021-10-18 07:00:01,10350.0,2600.0,469300.0
150,2021-10-18 07:00:01,10350.0,400.0,466700.0
151,2021-10-18 06:59:33,10350.0,100.0,466300.0
152,2021-10-18 06:58:41,10350.0,100.0,466200.0
153,2021-10-18 06:58:01,10350.0,1800.0,466100.0
154,2021-10-18 06:56:36,10350.0,100.0,464300.0
155,2021-10-18 06:56:31,10350.0,100.0,464200.0
156,2021-10-18 06:55:10,10350.0,300.0,464100.0
157,2021-10-18 06:54:55,10350.0,200.0,463800.0
158,2021-10-18 06:54:55,10350.0,300.0,463600.0
159,2021-10-18 06:54:44,10350.0,400.0,463300.0
160,2021-10-18 06:54:44,10350.0,100.0,462900.0
161,2021-10-18 06:54:44,10350.0,300.0,462800.0
162,2021-10-18 06:54:11,10350.0,100.0,462500.0
163,2021-10-18 06:53:41,10350.0,500.0,462400.0
164,2021-10-18 06:53:28,10350.0,1900.0,461900.0
165,2021-10-18 06:53:28,10350.0,100.0,460000.0
166,2021-10-18 06:53:28,10350.0,1000.0,459900.0
167,2021-10-18 06:53:28,10350.0,100.0,458900.0
168,2021-10-18 06:53:28,10350.0,300.0,458800.0
169,2021-10-18 06:53:28,10350.0,100.0,458500.0
170,2021-10-18 06:53:28,10350.0,100.0,458400.0
171,2021-10-18 06:53:28,10350.0,100.0,458300.0
172,2021-10-18 06:53:28,10350.0,700.0,458200.0
173,2021-10-18 06:51:26,10350.0,300.0,457500.0
174,2021-10-18 06:51:26,10350.0,100.0,457200.0
175,2021-10-18 06:51:26,10350.0,100.0,457100.0
176,2021-10-18 06:51:26,10350.0,1500.0,457000.0
177,2021-10-18 06:50:44,10350.0,1000.0,455500.0
178,2021-10-18 06:50:44,10350.0,100.0,454500.0
179,2021-10-18 06:50:44,10350.0,100.0,454400.0
180,2021-10-18 06:50:44,10350.0,300.0,454300.0
181,2021-10-18 06:50:29,10350.0,100.0,454000.0
182,2021-10-18 06:50:22,10300.0,100.0,453900.0
183,2021-10-18 06:50:22,10300.0,100.0,453800.0
184,2021-10-18 06:48:39,10350.0,100.0,453700.0
185,2021-10-18 06:48:39,10350.0,200.0,453600.0
186,2021-10-18 06:48:39,10350.0,1700.0,453400.0
187,2021-10-18 06:48:25,10350.0,300.0,451700.0
188,2021-10-18 06:48:25,10350.0,100.0,451400.0
189,2021-10-18 06:45:40,10350.0,100.0,451300.0
190,2021-10-18 06:45:40,10350.0,100.0,451200.0
191,2021-10-18 06:45:40,10350.0,100.0,451100.0
192,2021-10-18 06:45:40,10350.0,100.0,451000.0
193,2021-10-18 06:45:40,10350.0,100.0,450900.0
194,2021-10-18 06:45:40,10350.0,100.0,450800.0
195,2021-10-18 06:45:40,10350.0,300.0,450700.0
196,2021-10-18 06:45:14,10350.0,200.0,450400.0
197,2021-10-18 06:45:01,10350.0,3000.0,450200.0
198,2021-10-18 06:43:58,10350.0,2000.0,447200.0
199,2021-10-18 06:43:29,10350.0,1000.0,445200.0
200,2021-10-18 06:43:22,10350.0,100.0,444200.0
201,2021-10-18 06:43:13,10350.0,900.0,444100.0
202,2021-10-18 06:43:13,10350.0,100.0,443200.0
203,2021-10-18 06:43:13,10350.0,100.0,443100.0
204,2021-10-18 06:43:13,10350.0,900.0,443000.0
205,2021-10-18 06:41:50,10350.0,100.0,442100.0
206,2021-10-18 06:41:50,10350.0,200.0,442000.0
207,2021-10-18 06:41:50,10350.0,100.0,441800.0
208,2021-10-18 06:41:50,10350.0,100.0,441700.0
209,2021-10-18 06:41:50,10350.0,100.0,441600.0
210,2021-10-18 06:41:50,10350.0,100.0,441500.0
211,2021-10-18 06:41:50,10350.0,100.0,441400.0
212,2021-10-18 06:41:50,10350.0,100.0,441300.0
213,2021-10-18 06:41:50,10350.0,100.0,441200.0
214,2021-10-18 06:41:46,10350.0,1000.0,441100.0
215,2021-10-18 06:40:51,10350.0,1000.0,440100.0
216,2021-10-18 06:40:39,10350.0,2000.0,439100.0
217,2021-10-18 06:40:07,10350.0,100.0,437100.0
218,2021-10-18 06:39:58,10350.0,3000.0,437000.0
219,2021-10-18 06:39:58,10350.0,600.0,434000.0
220,2021-10-18 06:39:58,10350.0,2300.0,433400.0
221,2021-10-18 06:39:54,10350.0,1000.0,431100.0
222,2021-10-18 06:39:39,10350.0,100.0,430100.0
223,2021-10-18 06:39:13,10350.0,1000.0,430000.0
224,2021-10-18 06:38:35,10350.0,100.0,429000.0
225,2021-10-18 06:38:09,10300.0,1000.0,428900.0
226,2021-10-18 06:38:06,10350.0,100.0,427900.0
227,2021-10-18 06:38:01,10350.0,500.0,427800.0
228,2021-10-18 06:37:58,10350.0,700.0,427300.0
229,2021-10-18 06:37:44,10350.0,100.0,426600.0
230,2021-10-18 06:36:44,10350.0,200.0,426500.0
231,2021-10-18 06:36:18,10350.0,5000.0,426300.0
232,2021-10-18 06:36:10,10350.0,500.0,421300.0
233,2021-10-18 06:36:10,10350.0,300.0,420800.0
234,2021-10-18 06:36:10,10350.0,100.0,420500.0
235,2021-10-18 06:36:10,10350.0,300.0,420400.0
236,2021-10-18 06:36:10,10350.0,900.0,420100.0
237,2021-10-18 06:35:31,10350.0,100.0,419200.0
238,2021-10-18 06:35:27,10350.0,200.0,419100.0
239,2021-10-18 06:35:27,10350.0,4800.0,418900.0
240,2021-10-18 06:35:20,10350.0,2000.0,414100.0
241,2021-10-18 06:35:06,10350.0,500.0,412100.0
242,2021-10-18 06:35:06,10350.0,2200.0,411600.0
243,2021-10-18 06:33:29,10300.0,1000.0,409400.0
244,2021-10-18 06:33:18,10350.0,100.0,408400.0
245,2021-10-18 06:32:30,10350.0,100.0,408300.0
246,2021-10-18 06:31:39,10350.0,300.0,408200.0
247,2021-10-18 06:31:20,10350.0,100.0,407900.0
248,2021-10-18 06:31:15,10350.0,200.0,407800.0
249,2021-10-18 06:31:11,10350.0,2000.0,407600.0
250,2021-10-18 06:30:46,10350.0,1000.0,405600.0
251,2021-10-18 06:30:18,10350.0,100.0,404600.0
252,2021-10-18 06:30:09,10350.0,300.0,404500.0
253,2021-10-18 06:28:05,10300.0,500.0,404200.0
254,2021-10-18 06:28:05,10300.0,500.0,403700.0
255,2021-10-18 06:28:05,10300.0,100.0,403200.0
256,2021-10-18 06:28:05,10300.0,200.0,403100.0
257,2021-10-18 06:28:05,10300.0,1000.0,402900.0
258,2021-10-18 06:28:05,10300.0,100.0,401900.0
259,2021-10-18 06:28:05,10300.0,200.0,401800.0
260,2021-10-18 06:28:05,10300.0,200.0,401600.0
261,2021-10-18 06:28:05,10300.0,100.0,401400.0
262,2021-10-18 06:28:05,10300.0,500.0,401300.0
263,2021-10-18 06:28:05,10300.0,2000.0,400800.0
264,2021-10-18 06:28:05,10300.0,1000.0,398800.0
265,2021-10-18 06:28:05,10300.0,2000.0,397800.0
266,2021-10-18 06:28:05,10300.0,300.0,395800.0
267,2021-10-18 06:28:05,10300.0,1000.0,395500.0
268,2021-10-18 06:28:05,10300.0,500.0,394500.0
269,2021-10-18 06:28:05,10300.0,1000.0,394000.0
270,2021-10-18 06:28:05,10300.0,200.0,393000.0
271,2021-10-18 06:28:05,10300.0,100.0,392800.0
272,2021-10-18 06:28:05,10300.0,100.0,392700.0
273,2021-10-18 06:28:05,10300.0,100.0,392600.0
274,2021-10-18 06:28:05,10300.0,1200.0,392500.0
275,2021-10-18 06:28:05,10300.0,100.0,391300.0
276,2021-10-18 06:28:05,10300.0,1000.0,391200.0
277,2021-10-18 06:28:05,10300.0,400.0,390200.0
278,2021-10-18 06:28:03,10350.0,200.0,389800.0
279,2021-10-18 06:26:16,10350.0,1400.0,389600.0
280,2021-10-18 06:25:29,10350.0,1600.0,388200.0
281,2021-10-18 06:25:13,10350.0,400.0,386600.0
282,2021-10-18 06:25:12,10350.0,100.0,386200.0
283,2021-10-18 06:25:09,10350.0,400.0,386100.0
284,2021-10-18 06:25:09,10350.0,2600.0,385700.0
285,2021-10-18 06:24:21,10350.0,4000.0,383100.0
286,2021-10-18 06:24:07,10350.0,100.0,379100.0
287,2021-10-18 06:23:41,10350.0,2000.0,379000.0
288,2021-10-18 06:23:41,10350.0,1300.0,377000.0
289,2021-10-18 06:23:17,10350.0,200.0,375700.0
290,2021-10-18 06:23:17,10350.0,300.0,375500.0
291,2021-10-18 06:21:29,10350.0,200.0,375200.0
292,2021-10-18 06:20:32,10350.0,100.0,375000.0
293,2021-10-18 06:20:16,10350.0,2900.0,374900.0
294,2021-10-18 06:19:36,10350.0,100.0,372000.0
295,2021-10-18 06:19:34,10350.0,700.0,371900.0
296,2021-10-18 06:19:12,10350.0,200.0,371200.0
297,2021-10-18 06:19:12,10350.0,100.0,371000.0
298,2021-10-18 06:18:56,10350.0,100.0,370900.0
299,2021-10-18 06:18:55,10350.0,700.0,370800.0
300,2021-10-18 06:17:21,10350.0,100.0,370100.0
301,2021-10-18 06:16:53,10350.0,100.0,370000.0
302,2021-10-18 06:16:28,10350.0,100.0,369900.0
303,2021-10-18 06:16:28,10350.0,3300.0,369800.0
304,2021-10-18 06:15:54,10350.0,1700.0,366500.0
305,2021-10-18 06:15:54,10350.0,300.0,364800.0
306,2021-10-18 06:13:43,10350.0,1000.0,364500.0
307,2021-10-18 06:13:43,10350.0,200.0,363500.0
308,2021-10-18 06:13:43,10350.0,3300.0,363300.0
309,2021-10-18 06:13:05,10350.0,1700.0,360000.0
310,2021-10-18 06:13:05,10350.0,1000.0,358300.0
311,2021-10-18 06:13:05,10350.0,500.0,357300.0
312,2021-10-18 06:13:05,10350.0,1800.0,356800.0
313,2021-10-18 06:12:23,10350.0,600.0,355000.0
314,2021-10-18 06:11:25,10350.0,1100.0,354400.0
315,2021-10-18 06:11:14,10350.0,100.0,353300.0
316,2021-10-18 06:11:02,10350.0,400.0,353200.0
317,2021-10-18 06:11:02,10350.0,1000.0,352800.0
318,2021-10-18 06:09:58,10350.0,2000.0,351800.0
319,2021-10-18 06:09:52,10350.0,500.0,349800.0
320,2021-10-18 06:09:43,10350.0,100.0,349300.0
321,2021-10-18 06:09:42,10350.0,100.0,349200.0
322,2021-10-18 06:09:42,10350.0,1000.0,349100.0
323,2021-10-18 06:09:25,10350.0,5200.0,348100.0
324,2021-10-18 06:09:23,10350.0,500.0,342900.0
325,2021-10-18 06:09:10,10350.0,500.0,342400.0
326,2021-10-18 06:09:10,10350.0,500.0,341900.0
327,2021-10-18 06:09:10,10350.0,2500.0,341400.0
328,2021-10-18 06:09:05,10350.0,1000.0,338900.0
329,2021-10-18 06:08:53,10350.0,1100.0,337900.0
330,2021-10-18 06:08:13,10350.0,400.0,336800.0
331,2021-10-18 06:07:32,10300.0,2600.0,336400.0
332,2021-10-18 06:07:32,10300.0,100.0,333800.0
333,2021-10-18 06:07:32,10300.0,100.0,333700.0
334,2021-10-18 06:07:32,10300.0,300.0,333600.0
335,2021-10-18 06:07:32,10300.0,2000.0,333300.0
336,2021-10-18 06:07:32,10300.0,100.0,331300.0
337,2021-10-18 06:07:32,10300.0,500.0,331200.0
338,2021-10-18 06:07:32,10300.0,2000.0,330700.0
339,2021-10-18 06:07:32,10300.0,200.0,328700.0
340,2021-10-18 06:07:05,10350.0,1500.0,328500.0
341,2021-10-18 06:07:05,10350.0,2000.0,327000.0
342,2021-10-18 06:07:05,10350.0,1000.0,325000.0
343,2021-10-18 06:07:05,10350.0,2000.0,324000.0
344,2021-10-18 06:07:05,10350.0,500.0,322000.0
345,2021-10-18 06:07:01,10350.0,5000.0,321500.0
346,2021-10-18 06:06:57,10350.0,1000.0,316500.0
347,2021-10-18 06:06:45,10350.0,1000.0,315500.0
348,2021-10-18 06:06:21,10350.0,100.0,314500.0
349,2021-10-18 06:05:47,10350.0,2400.0,314400.0
350,2021-10-18 06:05:47,10350.0,1000.0,312000.0
351,2021-10-18 06:05:47,10350.0,400.0,311000.0
352,2021-10-18 06:05:26,10350.0,100.0,310600.0
353,2021-10-18 06:05:13,10350.0,1000.0,310500.0
354,2021-10-18 06:01:32,10350.0,100.0,309500.0
355,2021-10-18 06:00:24,10350.0,100.0,309400.0
356,2021-10-18 06:00:19,10350.0,400.0,309300.0
357,2021-10-18 06:00:08,10350.0,400.0,308900.0
358,2021-10-18 06:00:08,10350.0,600.0,308500.0
359,2021-10-18 06:00:08,10350.0,100.0,307900.0
360,2021-10-18 06:00:08,10350.0,1000.0,307800.0
361,2021-10-18 06:00:08,10350.0,400.0,306800.0
362,2021-10-18 04:28:47,10350.0,3400.0,306400.0
363,2021-10-18 04:28:47,10350.0,200.0,303000.0
364,2021-10-18 04:28:47,10350.0,400.0,302800.0
365,2021-10-18 04:25:47,10350.0,200.0,302400.0
366,2021-10-18 04:25:47,10350.0,300.0,302200.0
367,2021-10-18 04:25:25,10350.0,200.0,301900.0
368,2021-10-18 04:25:25,10350.0,300.0,301700.0
369,2021-10-18 04:25:00,10350.0,400.0,301400.0
370,2021-10-18 04:25:00,10350.0,500.0,301000.0
371,2021-10-18 04:25:00,10350.0,100.0,300500.0
372,2021-10-18 04:24:38,10350.0,1900.0,300400.0
373,2021-10-18 04:24:38,10350.0,1100.0,298500.0
374,2021-10-18 04:24:25,10350.0,900.0,297400.0
375,2021-10-18 04:24:25,10350.0,500.0,296500.0
376,2021-10-18 04:24:25,10350.0,1600.0,296000.0
377,2021-10-18 04:24:09,10350.0,500.0,294400.0
378,2021-10-18 04:24:07,10350.0,400.0,293900.0
379,2021-10-18 04:24:07,10350.0,600.0,293500.0
380,2021-10-18 04:23:55,10350.0,1400.0,292900.0
381,2021-10-18 04:23:55,10350.0,600.0,291500.0
382,2021-10-18 04:22:14,10350.0,400.0,290900.0
383,2021-10-18 04:22:14,10350.0,300.0,290500.0
384,2021-10-18 04:18:03,10400.0,100.0,290200.0
385,2021-10-18 04:18:03,10400.0,100.0,290100.0
386,2021-10-18 04:18:03,10400.0,100.0,290000.0
387,2021-10-18 04:13:26,10400.0,200.0,289900.0
388,2021-10-18 04:13:05,10400.0,100.0,289700.0
389,2021-10-18 04:12:33,10350.0,100.0,289600.0
390,2021-10-18 04:12:26,10350.0,400.0,289500.0
391,2021-10-18 04:12:26,10350.0,600.0,289100.0
392,2021-10-18 04:12:19,10350.0,400.0,288500.0
393,2021-10-18 04:12:19,10350.0,300.0,288100.0
394,2021-10-18 04:12:19,10350.0,100.0,287800.0
395,2021-10-18 04:12:19,10350.0,700.0,287700.0
396,2021-10-18 04:11:49,10350.0,2500.0,287000.0
397,2021-10-18 04:11:21,10350.0,2800.0,284500.0
398,2021-10-18 04:11:21,10350.0,1000.0,281700.0
399,2021-10-18 04:11:21,10350.0,1000.0,280700.0
400,2021-10-18 04:11:21,10350.0,200.0,279700.0
401,2021-10-18 04:11:21,10350.0,1000.0,279500.0
402,2021-10-18 04:10:54,10350.0,1500.0,278500.0
403,2021-10-18 04:09:31,10350.0,500.0,277000.0
404,2021-10-18 04:07:27,10350.0,500.0,276500.0
405,2021-10-18 04:06:54,10350.0,200.0,276000.0
406,2021-10-18 04:06:49,10350.0,1200.0,275800.0
407,2021-10-18 04:06:49,10350.0,2800.0,274600.0
408,2021-10-18 04:06:43,10350.0,1000.0,271800.0
409,2021-10-18 04:05:57,10350.0,200.0,270800.0
410,2021-10-18 04:05:57,10350.0,2100.0,270600.0
411,2021-10-18 04:05:57,10350.0,500.0,268500.0
412,2021-10-18 04:05:57,10350.0,500.0,268000.0
413,2021-10-18 04:05:57,10350.0,600.0,267500.0
414,2021-10-18 04:05:57,10350.0,500.0,266900.0
415,2021-10-18 04:05:57,10350.0,500.0,266400.0
416,2021-10-18 04:05:57,10350.0,100.0,265900.0
417,2021-10-18 04:04:28,10300.0,200.0,265800.0
418,2021-10-18 04:02:59,10300.0,2500.0,265600.0
419,2021-10-18 04:00:22,10300.0,800.0,263100.0
420,2021-10-18 04:00:12,10300.0,2000.0,262300.0
421,2021-10-18 03:59:55,10350.0,400.0,260300.0
422,2021-10-18 03:59:55,10350.0,1000.0,259900.0
423,2021-10-18 03:59:55,10350.0,100.0,258900.0
424,2021-10-18 03:59:55,10350.0,500.0,258800.0
425,2021-10-18 03:59:45,10350.0,1500.0,258300.0
426,2021-10-18 03:59:45,10350.0,1000.0,256800.0
427,2021-10-18 03:59:45,10350.0,100.0,255800.0
428,2021-10-18 03:59:45,10350.0,2400.0,255700.0
429,2021-10-18 03:56:30,10300.0,1500.0,253300.0
430,2021-10-18 03:55:48,10300.0,1000.0,251800.0
431,2021-10-18 03:55:32,10300.0,100.0,250800.0
432,2021-10-18 03:54:53,10300.0,1200.0,250700.0
433,2021-10-18 03:54:53,10300.0,500.0,249500.0
434,2021-10-18 03:54:53,10300.0,100.0,249000.0
435,2021-10-18 03:52:40,10350.0,100.0,248900.0
436,2021-10-18 03:50:36,10350.0,100.0,248800.0
437,2021-10-18 03:50:13,10350.0,100.0,248700.0
438,2021-10-18 03:50:13,10350.0,300.0,248600.0
439,2021-10-18 03:50:13,10350.0,400.0,248300.0
440,2021-10-18 03:49:42,10350.0,100.0,247900.0
441,2021-10-18 03:48:45,10350.0,100.0,247800.0
442,2021-10-18 03:48:07,10350.0,1000.0,247700.0
443,2021-10-18 03:47:18,10300.0,600.0,246700.0
444,2021-10-18 03:47:17,10350.0,1000.0,246100.0
445,2021-10-18 03:46:50,10350.0,500.0,245100.0
446,2021-10-18 03:46:18,10350.0,200.0,244600.0
447,2021-10-18 03:45:03,10350.0,200.0,244400.0
448,2021-10-18 03:44:37,10350.0,7000.0,244200.0
449,2021-10-18 03:44:03,10350.0,3000.0,237200.0
450,2021-10-18 03:44:03,10350.0,200.0,234200.0
451,2021-10-18 03:44:03,10350.0,200.0,234000.0
452,2021-10-18 03:44:03,10350.0,1000.0,233800.0
453,2021-10-18 03:44:03,10350.0,600.0,232800.0
454,2021-10-18 03:44:03,10350.0,1000.0,232200.0
455,2021-10-18 03:44:03,10350.0,4000.0,231200.0
456,2021-10-18 03:43:58,10350.0,1000.0,227200.0
457,2021-10-18 03:43:58,10350.0,100.0,226200.0
458,2021-10-18 03:43:58,10350.0,100.0,226100.0
459,2021-10-18 03:43:58,10350.0,900.0,226000.0
460,2021-10-18 03:43:58,10350.0,100.0,225100.0
461,2021-10-18 03:43:58,10350.0,700.0,225000.0
462,2021-10-18 03:43:23,10350.0,100.0,224300.0
463,2021-10-18 03:42:53,10350.0,200.0,224200.0
464,2021-10-18 03:42:53,10350.0,800.0,224000.0
465,2021-10-18 03:41:34,10350.0,1000.0,223200.0
466,2021-10-18 03:41:10,10350.0,1000.0,222200.0
467,2021-10-18 03:39:48,10350.0,1400.0,221200.0
468,2021-10-18 03:39:38,10350.0,1000.0,219800.0
469,2021-10-18 03:37:48,10350.0,1000.0,218800.0
470,2021-10-18 03:37:48,10350.0,200.0,217800.0
471,2021-10-18 03:36:57,10350.0,700.0,217600.0
472,2021-10-18 03:36:57,10350.0,200.0,216900.0
473,2021-10-18 03:36:57,10350.0,3000.0,216700.0
474,2021-10-18 03:36:57,10350.0,100.0,213700.0
475,2021-10-18 03:36:57,10350.0,500.0,213600.0
476,2021-10-18 03:36:57,10350.0,200.0,213100.0
477,2021-10-18 03:36:57,10350.0,300.0,212900.0
478,2021-10-18 03:36:42,10350.0,100.0,212600.0
479,2021-10-18 03:36:42,10350.0,100.0,212500.0
480,2021-10-18 03:36:42,10350.0,100.0,212400.0
481,2021-10-18 03:35:51,10350.0,1000.0,212300.0
482,2021-10-18 03:35:51,10350.0,500.0,211300.0
483,2021-10-18 03:35:51,10350.0,2000.0,210800.0
484,2021-10-18 03:35:51,10350.0,500.0,208800.0
485,2021-10-18 03:35:51,10350.0,1000.0,208300.0
486,2021-10-18 03:35:41,10350.0,400.0,207300.0
487,2021-10-18 03:35:41,10350.0,100.0,206900.0
488,2021-10-18 03:34:10,10350.0,900.0,206800.0
489,2021-10-18 03:34:10,10350.0,1000.0,205900.0
490,2021-10-18 03:34:10,10350.0,500.0,204900.0
491,2021-10-18 03:34:10,10350.0,2000.0,204400.0
492,2021-10-18 03:34:10,10350.0,100.0,202400.0
493,2021-10-18 03:34:10,10350.0,1600.0,202300.0
494,2021-10-18 03:34:10,10350.0,1000.0,200700.0
495,2021-10-18 03:34:10,10350.0,100.0,199700.0
496,2021-10-18 03:34:10,10350.0,900.0,199600.0
497,2021-10-18 03:33:45,10400.0,100.0,198700.0
498,2021-10-18 03:33:35,10400.0,300.0,198600.0
499,2021-10-18 03:33:35,10400.0,700.0,198300.0
500,2021-10-18 03:33:31,10400.0,700.0,197600.0
501,2021-10-18 03:33:29,10350.0,100.0,196900.0
502,2021-10-18 03:31:58,10400.0,100.0,196800.0
503,2021-10-18 03:30:23,10400.0,100.0,196700.0
504,2021-10-18 03:28:57,10400.0,200.0,196600.0
505,2021-10-18 03:28:29,10400.0,800.0,196400.0
506,2021-10-18 03:28:29,10400.0,200.0,195600.0
507,2021-10-18 03:27:35,10400.0,100.0,195400.0
508,2021-10-18 03:27:16,10350.0,500.0,195300.0
509,2021-10-18 03:25:59,10350.0,100.0,194800.0
510,2021-10-18 03:25:31,10350.0,300.0,194700.0
511,2021-10-18 03:23:48,10350.0,1500.0,194400.0
512,2021-10-18 03:20:29,10350.0,1600.0,192900.0
513,2021-10-18 03:20:29,10350.0,100.0,191300.0
514,2021-10-18 03:20:29,10350.0,100.0,191200.0
515,2021-10-18 03:20:29,10350.0,700.0,191100.0
516,2021-10-18 03:19:51,10350.0,900.0,190400.0
517,2021-10-18 03:19:41,10350.0,400.0,189500.0
518,2021-10-18 03:18:39,10350.0,300.0,189100.0
519,2021-10-18 03:18:39,10350.0,1700.0,188800.0
520,2021-10-18 03:18:39,10350.0,200.0,187100.0
521,2021-10-18 03:18:39,10350.0,100.0,186900.0
522,2021-10-18 03:18:39,10350.0,5000.0,186800.0
523,2021-10-18 03:18:39,10350.0,700.0,181800.0
524,2021-10-18 03:17:58,10300.0,300.0,181100.0
525,2021-10-18 03:17:58,10300.0,100.0,180800.0
526,2021-10-18 03:17:58,10300.0,100.0,180700.0
527,2021-10-18 03:17:58,10300.0,500.0,180600.0
528,2021-10-18 03:17:58,10300.0,600.0,180100.0
529,2021-10-18 03:17:10,10300.0,400.0,179500.0
530,2021-10-18 03:17:10,10300.0,100.0,179100.0
531,2021-10-18 03:16:58,10350.0,1300.0,179000.0
532,2021-10-18 03:16:58,10350.0,1900.0,177700.0
533,2021-10-18 03:16:58,10350.0,1800.0,175800.0
534,2021-10-18 03:16:40,10300.0,13300.0,174000.0
535,2021-10-18 03:14:30,10400.0,200.0,160700.0
536,2021-10-18 03:13:39,10350.0,400.0,160500.0
537,2021-10-18 03:13:27,10350.0,1100.0,160100.0
538,2021-10-18 03:13:27,10350.0,500.0,159000.0
539,2021-10-18 03:13:27,10350.0,3700.0,158500.0
540,2021-10-18 03:12:04,10350.0,1800.0,154800.0
541,2021-10-18 03:12:04,10350.0,500.0,153000.0
542,2021-10-18 03:12:04,10350.0,300.0,152500.0
543,2021-10-18 03:12:04,10350.0,100.0,152200.0
544,2021-10-18 03:12:04,10350.0,100.0,152100.0
545,2021-10-18 03:12:04,10350.0,200.0,152000.0
546,2021-10-18 03:11:25,10350.0,1000.0,151800.0
547,2021-10-18 03:11:19,10350.0,2000.0,150800.0
548,2021-10-18 03:11:03,10350.0,600.0,148800.0
549,2021-10-18 03:10:23,10350.0,500.0,148200.0
550,2021-10-18 03:08:09,10400.0,100.0,147700.0
551,2021-10-18 03:08:08,10350.0,500.0,147600.0
552,2021-10-18 03:07:05,10350.0,100.0,147100.0
553,2021-10-18 03:06:53,10350.0,100.0,147000.0
554,2021-10-18 03:06:40,10350.0,5000.0,146900.0
555,2021-10-18 03:06:38,10350.0,200.0,141900.0
556,2021-10-18 03:06:07,10350.0,200.0,141700.0
557,2021-10-18 03:04:31,10350.0,100.0,141500.0
558,2021-10-18 03:03:39,10400.0,100.0,141400.0
559,2021-10-18 03:03:10,10350.0,100.0,141300.0
560,2021-10-18 03:03:10,10350.0,100.0,141200.0
561,2021-10-18 03:03:10,10350.0,1000.0,141100.0
562,2021-10-18 03:03:10,10350.0,100.0,140100.0
563,2021-10-18 03:03:10,10350.0,200.0,140000.0
564,2021-10-18 03:03:10,10350.0,1000.0,139800.0
565,2021-10-18 03:03:10,10350.0,500.0,138800.0
566,2021-10-18 03:02:41,10400.0,100.0,138300.0
567,2021-10-18 03:02:33,10400.0,1000.0,138200.0
568,2021-10-18 03:01:08,10400.0,100.0,137200.0
569,2021-10-18 03:00:15,10400.0,1000.0,137100.0
570,2021-10-18 02:59:27,10400.0,300.0,136100.0
571,2021-10-18 02:59:27,10400.0,300.0,135800.0
572,2021-10-18 02:59:27,10400.0,300.0,135500.0
573,2021-10-18 02:59:00,10400.0,1000.0,135200.0
574,2021-10-18 02:58:15,10400.0,1100.0,134200.0
575,2021-10-18 02:58:15,10400.0,300.0,133100.0
576,2021-10-18 02:53:57,10400.0,100.0,132800.0
577,2021-10-18 02:53:18,10400.0,300.0,132700.0
578,2021-10-18 02:53:18,10400.0,200.0,132400.0
579,2021-10-18 02:53:18,10400.0,800.0,132200.0
580,2021-10-18 02:52:51,10350.0,100.0,131400.0
581,2021-10-18 02:52:42,10350.0,200.0,131300.0
582,2021-10-18 02:52:42,10350.0,600.0,131100.0
583,2021-10-18 02:52:42,10350.0,200.0,130500.0
584,2021-10-18 02:52:35,10400.0,100.0,130300.0
585,2021-10-18 02:52:23,10350.0,200.0,130200.0
586,2021-10-18 02:52:23,10350.0,1200.0,130000.0
587,2021-10-18 02:50:48,10350.0,1800.0,128800.0
588,2021-10-18 02:50:48,10350.0,200.0,127000.0
589,2021-10-18 02:49:55,10350.0,1300.0,126800.0
590,2021-10-18 02:49:55,10350.0,500.0,125500.0
591,2021-10-18 02:49:55,10350.0,200.0,125000.0
592,2021-10-18 02:49:29,10350.0,800.0,124800.0
593,2021-10-18 02:49:29,10350.0,300.0,124000.0
594,2021-10-18 02:49:29,10350.0,1000.0,123700.0
595,2021-10-18 02:49:05,10350.0,500.0,122700.0
596,2021-10-18 02:49:05,10350.0,100.0,122200.0
597,2021-10-18 02:49:05,10350.0,200.0,122100.0
598,2021-10-18 02:48:05,10350.0,500.0,121900.0
599,2021-10-18 02:47:57,10400.0,100.0,121400.0
600,2021-10-18 02:47:28,10400.0,1000.0,121300.0
601,2021-10-18 02:46:30,10400.0,1000.0,120300.0
602,2021-10-18 02:45:55,10400.0,100.0,119300.0
603,2021-10-18 02:44:49,10400.0,100.0,119200.0
604,2021-10-18 02:44:43,10400.0,1000.0,119100.0
605,2021-10-18 02:44:10,10400.0,100.0,118100.0
606,2021-10-18 02:44:10,10400.0,2000.0,118000.0
607,2021-10-18 02:44:10,10400.0,300.0,116000.0
608,2021-10-18 02:44:10,10400.0,500.0,115700.0
609,2021-10-18 02:44:10,10400.0,500.0,115200.0
610,2021-10-18 02:44:10,10400.0,800.0,114700.0
611,2021-10-18 02:43:54,10400.0,400.0,113900.0
612,2021-10-18 02:43:54,10400.0,400.0,113500.0
613,2021-10-18 02:43:54,10400.0,100.0,113100.0
614,2021-10-18 02:43:54,10400.0,100.0,113000.0
615,2021-10-18 02:43:54,10400.0,2100.0,112900.0
616,2021-10-18 02:43:54,10400.0,1200.0,110800.0
617,2021-10-18 02:43:54,10400.0,9600.0,109600.0
618,2021-10-18 02:43:43,10400.0,200.0,100000.0
619,2021-10-18 02:43:30,10400.0,100.0,99800.0
620,2021-10-18 02:43:24,10400.0,100.0,99700.0
621,2021-10-18 02:43:24,10400.0,600.0,99600.0
622,2021-10-18 02:42:32,10400.0,200.0,99000.0
623,2021-10-18 02:41:53,10400.0,200.0,98800.0
624,2021-10-18 02:41:53,10400.0,1000.0,98600.0
625,2021-10-18 02:41:53,10400.0,1000.0,97600.0
626,2021-10-18 02:41:53,10400.0,100.0,96600.0
627,2021-10-18 02:41:53,10400.0,500.0,96500.0
628,2021-10-18 02:41:53,10400.0,200.0,96000.0
629,2021-10-18 02:41:39,10400.0,1000.0,95800.0
630,2021-10-18 02:41:37,10400.0,1800.0,94800.0
631,2021-10-18 02:41:37,10400.0,200.0,93000.0
632,2021-10-18 02:39:46,10400.0,200.0,92800.0
633,2021-10-18 02:38:45,10400.0,100.0,92600.0
634,2021-10-18 02:38:45,10400.0,900.0,92500.0
635,2021-10-18 02:37:59,10400.0,1100.0,91600.0
636,2021-10-18 02:37:59,10400.0,200.0,90500.0
637,2021-10-18 02:37:59,10400.0,100.0,90300.0
638,2021-10-18 02:37:59,10400.0,100.0,90200.0
639,2021-10-18 02:37:59,10400.0,200.0,90100.0
640,2021-10-18 02:37:59,10400.0,100.0,89900.0
641,2021-10-18 02:37:59,10400.0,100.0,89800.0
642,2021-10-18 02:37:59,10400.0,100.0,89700.0
643,2021-10-18 02:37:59,10400.0,500.0,89600.0
644,2021-10-18 02:37:08,10450.0,100.0,89100.0
645,2021-10-18 02:36:53,10450.0,100.0,89000.0
646,2021-10-18 02:36:09,10450.0,1000.0,88900.0
647,2021-10-18 02:36:05,10450.0,100.0,87900.0
648,2021-10-18 02:36:05,10450.0,100.0,87800.0
649,2021-10-18 02:36:05,10450.0,300.0,87700.0
650,2021-10-18 02:36:05,10450.0,400.0,87400.0
651,2021-10-18 02:35:57,10450.0,100.0,87000.0
652,2021-10-18 02:35:57,10450.0,100.0,86900.0
653,2021-10-18 02:35:51,10450.0,3100.0,86800.0
654,2021-10-18 02:35:38,10450.0,1000.0,83700.0
655,2021-10-18 02:35:26,10450.0,1000.0,82700.0
656,2021-10-18 02:35:22,10450.0,100.0,81700.0
657,2021-10-18 02:35:22,10450.0,2600.0,81600.0
658,2021-10-18 02:34:48,10450.0,100.0,79000.0
659,2021-10-18 02:34:34,10450.0,2000.0,78900.0
660,2021-10-18 02:34:16,10450.0,900.0,76900.0
661,2021-10-18 02:34:14,10450.0,1000.0,76000.0
662,2021-10-18 02:34:06,10450.0,200.0,75000.0
663,2021-10-18 02:34:05,10450.0,1800.0,74800.0
664,2021-10-18 02:34:05,10450.0,1000.0,73000.0
665,2021-10-18 02:34:05,10450.0,2200.0,72000.0
666,2021-10-18 02:33:34,10450.0,1300.0,69800.0
667,2021-10-18 02:33:34,10450.0,300.0,68500.0
668,2021-10-18 02:33:34,10450.0,200.0,68200.0
669,2021-10-18 02:33:34,10450.0,100.0,68000.0
670,2021-10-18 02:33:34,10450.0,300.0,67900.0
671,2021-10-18 02:33:34,10450.0,100.0,67600.0
672,2021-10-18 02:33:34,10450.0,2000.0,67500.0
673,2021-10-18 02:33:34,10450.0,8800.0,65500.0
674,2021-10-18 02:33:34,10450.0,1000.0,56700.0
675,2021-10-18 02:33:34,10450.0,100.0,55700.0
676,2021-10-18 02:33:31,10450.0,500.0,55600.0
677,2021-10-18 02:33:31,10450.0,500.0,55100.0
678,2021-10-18 02:32:33,10450.0,300.0,54600.0
679,2021-10-18 02:31:32,10500.0,100.0,54300.0
680,2021-10-18 02:29:37,10500.0,1500.0,54200.0
681,2021-10-18 02:29:35,10500.0,100.0,52700.0
682,2021-10-18 02:29:20,10500.0,500.0,52600.0
683,2021-10-18 02:29:20,10500.0,400.0,52100.0
684,2021-10-18 02:29:09,10500.0,400.0,51700.0
685,2021-10-18 02:29:04,10500.0,500.0,51300.0
686,2021-10-18 02:28:53,10500.0,500.0,50800.0
687,2021-10-18 02:28:53,10500.0,100.0,50300.0
688,2021-10-18 02:28:41,10500.0,600.0,50200.0
689,2021-10-18 02:28:36,10500.0,400.0,49600.0
690,2021-10-18 02:28:33,10500.0,600.0,49200.0
691,2021-10-18 02:28:33,10500.0,300.0,48600.0
692,2021-10-18 02:28:22,10500.0,100.0,48300.0
693,2021-10-18 02:28:15,10500.0,100.0,48200.0
694,2021-10-18 02:28:15,10500.0,300.0,48100.0
695,2021-10-18 02:28:15,10500.0,1100.0,47800.0
696,2021-10-18 02:28:00,10500.0,2000.0,46700.0
697,2021-10-18 02:27:55,10500.0,1900.0,44700.0
698,2021-10-18 02:27:55,10500.0,800.0,42800.0
699,2021-10-18 02:27:43,10500.0,2200.0,42000.0
700,2021-10-18 02:27:42,10500.0,1300.0,39800.0
701,2021-10-18 02:27:42,10500.0,900.0,38500.0
702,2021-10-18 02:27:05,10500.0,1800.0,37600.0
703,2021-10-18 02:26:56,10500.0,200.0,35800.0
704,2021-10-18 02:26:54,10500.0,200.0,35600.0
705,2021-10-18 02:26:52,10500.0,200.0,35400.0
706,2021-10-18 02:26:48,10500.0,200.0,35200.0
707,2021-10-18 02:26:48,10500.0,1000.0,35000.0
708,2021-10-18 02:26:48,10500.0,200.0,34000.0
709,2021-10-18 02:26:48,10500.0,200.0,33800.0
710,2021-10-18 02:26:48,10500.0,400.0,33600.0
711,2021-10-18 02:26:47,10500.0,400.0,33200.0
712,2021-10-18 02:26:47,10500.0,3200.0,32800.0
713,2021-10-18 02:25:36,10500.0,900.0,29600.0
714,2021-10-18 02:25:36,10500.0,100.0,28700.0
715,2021-10-18 02:24:35,10450.0,1700.0,28600.0
716,2021-10-18 02:24:35,10450.0,500.0,26900.0
717,2021-10-18 02:24:35,10500.0,200.0,26400.0
718,2021-10-18 02:24:34,10500.0,100.0,26200.0
719,2021-10-18 02:23:55,10500.0,100.0,26100.0
720,2021-10-18 02:23:55,10500.0,100.0,26000.0
721,2021-10-18 02:23:50,10500.0,100.0,25900.0
722,2021-10-18 02:23:39,10500.0,200.0,25800.0
723,2021-10-18 02:23:39,10500.0,200.0,25600.0
724,2021-10-18 02:23:39,10500.0,300.0,25400.0
725,2021-10-18 02:23:35,10500.0,1000.0,25100.0
726,2021-10-18 02:23:35,10500.0,1200.0,24100.0
727,2021-10-18 02:23:35,10500.0,300.0,22900.0
728,2021-10-18 02:23:35,10500.0,500.0,22600.0
729,2021-10-18 02:23:17,10500.0,300.0,22100.0
730,2021-10-18 02:23:17,10500.0,500.0,21800.0
731,2021-10-18 02:23:17,10500.0,1000.0,21300.0
732,2021-10-18 02:23:17,10500.0,100.0,20300.0
733,2021-10-18 02:22:40,10450.0,1000.0,20200.0
734,2021-10-18 02:22:37,10450.0,1600.0,19200.0
735,2021-10-18 02:22:16,10450.0,200.0,17600.0
736,2021-10-18 02:22:06,10450.0,1000.0,17400.0
737,2021-10-18 02:21:54,10450.0,200.0,16400.0
738,2021-10-18 02:21:48,10450.0,1000.0,16200.0
739,2021-10-18 02:21:48,10450.0,100.0,15200.0
740,2021-10-18 02:21:38,10450.0,200.0,15100.0
741,2021-10-18 02:21:38,10450.0,200.0,14900.0
742,2021-10-18 02:21:38,10450.0,2100.0,14700.0
743,2021-10-18 02:18:25,10450.0,300.0,12600.0
744,2021-10-18 02:18:12,10450.0,300.0,12300.0
745,2021-10-18 02:17:38,10450.0,3700.0,12000.0
746,2021-10-18 02:17:38,10450.0,500.0,8300.0
747,2021-10-18 02:16:57,10450.0,1000.0,7800.0
748,2021-10-18 02:16:48,10450.0,1000.0,6800.0
749,2021-10-18 02:15:01,10450.0,500.0,5800.0
750,2021-10-18 02:15:01,10450.0,200.0,5300.0
751,2021-10-18 02:15:01,10450.0,600.0,5100.0
752,2021-10-18 02:15:01,10450.0,1100.0,4500.0
753,2021-10-18 02:15:01,10450.0,200.0,3400.0
754,2021-10-18 02:15:01,10450.0,500.0,3200.0
755,2021-10-18 02:15:01,10450.0,500.0,2700.0
756,2021-10-18 02:15:01,10450.0,100.0,2200.0
757,2021-10-18 02:15:01,10450.0,100.0,2100.0
758,2021-10-18 02:15:01,10450.0,300.0,2000.0
759,2021-10-18 02:15:01,10450.0,700.0,1700.0
760,2021-10-18 02:15:01,10450.0,400.0,1000.0
761,2021-10-18 02:15:01,10450.0,100.0,600.0
762,2021-10-18 02:15:01,10450.0,500.0,500.0
