,Time,Price,Volume_per_trade,Volume
0,2021-10-07 07:45:01,10500.0,700.0,1320100.0
1,2021-10-07 07:45:01,10500.0,200.0,1319400.0
2,2021-10-07 07:45:01,10500.0,800.0,1319200.0
3,2021-10-07 07:45:01,10500.0,300.0,1318400.0
4,2021-10-07 07:45:01,10500.0,200.0,1318100.0
5,2021-10-07 07:45:01,10500.0,500.0,1317900.0
6,2021-10-07 07:45:01,10500.0,300.0,1317400.0
7,2021-10-07 07:45:01,10500.0,4000.0,1317100.0
8,2021-10-07 07:45:01,10500.0,1000.0,1313100.0
9,2021-10-07 07:45:01,10500.0,500.0,1312100.0
10,2021-10-07 07:45:01,10500.0,1500.0,1311600.0
11,2021-10-07 07:45:01,10500.0,400.0,1310100.0
12,2021-10-07 07:45:01,10500.0,500.0,1309700.0
13,2021-10-07 07:45:01,10500.0,1500.0,1309200.0
14,2021-10-07 07:45:01,10500.0,500.0,1307700.0
15,2021-10-07 07:45:01,10500.0,300.0,1307200.0
16,2021-10-07 07:45:01,10500.0,5000.0,1306900.0
17,2021-10-07 07:45:01,10500.0,1000.0,1301900.0
18,2021-10-07 07:45:01,10500.0,100.0,1300900.0
19,2021-10-07 07:45:01,10500.0,100.0,1300800.0
20,2021-10-07 07:45:01,10500.0,100.0,1300700.0
21,2021-10-07 07:45:01,10500.0,100.0,1300600.0
22,2021-10-07 07:45:01,10500.0,5000.0,1300500.0
23,2021-10-07 07:45:01,10500.0,1000.0,1295500.0
24,2021-10-07 07:45:01,10500.0,3500.0,1294500.0
25,2021-10-07 07:45:01,10500.0,1000.0,1291000.0
26,2021-10-07 07:45:01,10500.0,200.0,1290000.0
27,2021-10-07 07:45:01,10500.0,600.0,1289800.0
28,2021-10-07 07:45:01,10500.0,200.0,1289200.0
29,2021-10-07 07:45:01,10500.0,1000.0,1289000.0
30,2021-10-07 07:45:01,10500.0,400.0,1288000.0
31,2021-10-07 07:45:01,10500.0,1800.0,1287600.0
32,2021-10-07 07:45:01,10500.0,1000.0,1285800.0
33,2021-10-07 07:45:01,10500.0,500.0,1284800.0
34,2021-10-07 07:45:01,10500.0,200.0,1284300.0
35,2021-10-07 07:45:01,10500.0,300.0,1284100.0
36,2021-10-07 07:45:01,10500.0,200.0,1283800.0
37,2021-10-07 07:29:23,10450.0,2000.0,1283600.0
38,2021-10-07 07:29:23,10450.0,100.0,1281600.0
39,2021-10-07 07:29:23,10450.0,1000.0,1281500.0
40,2021-10-07 07:29:23,10450.0,1000.0,1280500.0
41,2021-10-07 07:29:23,10450.0,2100.0,1279500.0
42,2021-10-07 07:29:23,10450.0,1000.0,1277400.0
43,2021-10-07 07:29:23,10450.0,4300.0,1276400.0
44,2021-10-07 07:29:16,10450.0,4000.0,1272100.0
45,2021-10-07 07:29:16,10450.0,1000.0,1268100.0
46,2021-10-07 07:29:16,10450.0,1000.0,1267100.0
47,2021-10-07 07:28:50,10450.0,1000.0,1266100.0
48,2021-10-07 07:28:37,10500.0,100.0,1265100.0
49,2021-10-07 07:28:35,10450.0,2000.0,1265000.0
50,2021-10-07 07:28:29,10500.0,500.0,1263000.0
51,2021-10-07 07:28:29,10500.0,500.0,1262500.0
52,2021-10-07 07:27:32,10450.0,200.0,1262000.0
53,2021-10-07 07:27:15,10450.0,5000.0,1261800.0
54,2021-10-07 07:26:31,10450.0,800.0,1256800.0
55,2021-10-07 07:26:31,10450.0,200.0,1256000.0
56,2021-10-07 07:26:25,10450.0,100.0,1255800.0
57,2021-10-07 07:25:54,10450.0,200.0,1255700.0
58,2021-10-07 07:25:54,10450.0,100.0,1255500.0
59,2021-10-07 07:25:54,10450.0,200.0,1255400.0
60,2021-10-07 07:25:54,10450.0,500.0,1255200.0
61,2021-10-07 07:25:51,10450.0,1000.0,1254700.0
62,2021-10-07 07:25:39,10450.0,500.0,1253700.0
63,2021-10-07 07:25:38,10450.0,300.0,1253200.0
64,2021-10-07 07:25:31,10450.0,200.0,1252900.0
65,2021-10-07 07:25:31,10450.0,100.0,1252700.0
66,2021-10-07 07:25:20,10450.0,2000.0,1252600.0
67,2021-10-07 07:25:02,10450.0,1500.0,1250600.0
68,2021-10-07 07:24:41,10450.0,1500.0,1249100.0
69,2021-10-07 07:24:41,10450.0,15000.0,1247600.0
70,2021-10-07 07:24:41,10450.0,100.0,1232600.0
71,2021-10-07 07:24:41,10450.0,2000.0,1232500.0
72,2021-10-07 07:24:41,10450.0,1400.0,1230500.0
73,2021-10-07 07:24:32,10450.0,600.0,1229100.0
74,2021-10-07 07:24:32,10450.0,400.0,1228500.0
75,2021-10-07 07:24:32,10450.0,400.0,1228100.0
76,2021-10-07 07:24:32,10450.0,900.0,1227700.0
77,2021-10-07 07:24:32,10450.0,300.0,1226800.0
78,2021-10-07 07:24:32,10450.0,400.0,1226500.0
79,2021-10-07 07:24:22,10450.0,300.0,1226100.0
80,2021-10-07 07:24:22,10450.0,100.0,1225800.0
81,2021-10-07 07:24:22,10450.0,100.0,1225700.0
82,2021-10-07 07:23:58,10450.0,5000.0,1225600.0
83,2021-10-07 07:23:47,10450.0,1500.0,1220600.0
84,2021-10-07 07:23:46,10500.0,300.0,1219100.0
85,2021-10-07 07:23:44,10450.0,500.0,1218800.0
86,2021-10-07 07:23:00,10500.0,100.0,1218300.0
87,2021-10-07 07:22:40,10500.0,200.0,1218200.0
88,2021-10-07 07:22:32,10450.0,2000.0,1218000.0
89,2021-10-07 07:22:30,10500.0,900.0,1216000.0
90,2021-10-07 07:22:30,10500.0,100.0,1215100.0
91,2021-10-07 07:21:49,10450.0,300.0,1215000.0
92,2021-10-07 07:21:44,10450.0,600.0,1214700.0
93,2021-10-07 07:21:35,10400.0,600.0,1214100.0
94,2021-10-07 07:21:35,10400.0,400.0,1213500.0
95,2021-10-07 07:21:16,10450.0,100.0,1213100.0
96,2021-10-07 07:21:14,10450.0,1500.0,1213000.0
97,2021-10-07 07:21:14,10450.0,1000.0,1211500.0
98,2021-10-07 07:21:14,10450.0,2000.0,1210500.0
99,2021-10-07 07:21:14,10450.0,1800.0,1208500.0
100,2021-10-07 07:21:12,10450.0,400.0,1206700.0
101,2021-10-07 07:21:07,10450.0,500.0,1206300.0
102,2021-10-07 07:21:05,10450.0,800.0,1205800.0
103,2021-10-07 07:20:51,10450.0,1000.0,1205000.0
104,2021-10-07 07:20:51,10450.0,200.0,1204000.0
105,2021-10-07 07:20:51,10450.0,200.0,1203800.0
106,2021-10-07 07:20:51,10450.0,900.0,1203600.0
107,2021-10-07 07:20:35,10450.0,100.0,1202700.0
108,2021-10-07 07:20:32,10450.0,700.0,1202600.0
109,2021-10-07 07:20:31,10450.0,100.0,1201900.0
110,2021-10-07 07:20:24,10450.0,500.0,1201800.0
111,2021-10-07 07:19:47,10450.0,100.0,1201300.0
112,2021-10-07 07:19:05,10450.0,1000.0,1201200.0
113,2021-10-07 07:18:44,10450.0,100.0,1200200.0
114,2021-10-07 07:18:41,10450.0,1000.0,1200100.0
115,2021-10-07 07:18:39,10450.0,100.0,1199100.0
116,2021-10-07 07:18:36,10450.0,600.0,1199000.0
117,2021-10-07 07:18:36,10450.0,300.0,1198400.0
118,2021-10-07 07:18:36,10450.0,500.0,1198100.0
119,2021-10-07 07:18:31,10450.0,200.0,1197600.0
120,2021-10-07 07:18:25,10450.0,100.0,1197400.0
121,2021-10-07 07:18:18,10450.0,500.0,1197300.0
122,2021-10-07 07:18:10,10450.0,2600.0,1196800.0
123,2021-10-07 07:18:10,10450.0,1200.0,1194200.0
124,2021-10-07 07:17:46,10450.0,100.0,1193000.0
125,2021-10-07 07:17:46,10450.0,100.0,1192900.0
126,2021-10-07 07:17:46,10450.0,300.0,1192800.0
127,2021-10-07 07:17:39,10450.0,400.0,1192500.0
128,2021-10-07 07:17:39,10450.0,100.0,1192100.0
129,2021-10-07 07:17:32,10450.0,800.0,1192000.0
130,2021-10-07 07:17:32,10450.0,200.0,1191200.0
131,2021-10-07 07:17:15,10450.0,200.0,1191000.0
132,2021-10-07 07:17:15,10450.0,600.0,1190800.0
133,2021-10-07 07:16:57,10450.0,200.0,1190200.0
134,2021-10-07 07:16:40,10450.0,2300.0,1190000.0
135,2021-10-07 07:16:25,10450.0,100.0,1187700.0
136,2021-10-07 07:16:25,10450.0,1000.0,1187600.0
137,2021-10-07 07:16:25,10450.0,800.0,1186600.0
138,2021-10-07 07:16:15,10450.0,200.0,1185800.0
139,2021-10-07 07:16:11,10450.0,1800.0,1185600.0
140,2021-10-07 07:16:11,10450.0,500.0,1183800.0
141,2021-10-07 07:16:11,10450.0,200.0,1183300.0
142,2021-10-07 07:16:10,10450.0,500.0,1183100.0
143,2021-10-07 07:16:10,10450.0,400.0,1182600.0
144,2021-10-07 07:16:10,10450.0,100.0,1182200.0
145,2021-10-07 07:15:57,10450.0,100.0,1182100.0
146,2021-10-07 07:15:24,10450.0,100.0,1182000.0
147,2021-10-07 07:14:53,10450.0,100.0,1181900.0
148,2021-10-07 07:14:48,10450.0,900.0,1181800.0
149,2021-10-07 07:14:39,10400.0,100.0,1180900.0
150,2021-10-07 07:14:27,10450.0,500.0,1180800.0
151,2021-10-07 07:14:22,10450.0,1000.0,1180300.0
152,2021-10-07 07:14:22,10450.0,500.0,1179300.0
153,2021-10-07 07:14:22,10450.0,300.0,1178800.0
154,2021-10-07 07:14:22,10450.0,100.0,1178500.0
155,2021-10-07 07:14:22,10450.0,1900.0,1178400.0
156,2021-10-07 07:14:13,10450.0,100.0,1176500.0
157,2021-10-07 07:14:10,10450.0,200.0,1176400.0
158,2021-10-07 07:14:06,10450.0,1000.0,1176200.0
159,2021-10-07 07:13:59,10450.0,200.0,1175200.0
160,2021-10-07 07:13:59,10450.0,800.0,1175000.0
161,2021-10-07 07:13:54,10400.0,100.0,1174200.0
162,2021-10-07 07:13:35,10450.0,900.0,1174100.0
163,2021-10-07 07:13:02,10450.0,1000.0,1173200.0
164,2021-10-07 07:13:02,10450.0,1700.0,1172200.0
165,2021-10-07 07:13:02,10450.0,600.0,1170500.0
166,2021-10-07 07:12:51,10450.0,200.0,1169900.0
167,2021-10-07 07:12:51,10450.0,300.0,1169700.0
168,2021-10-07 07:12:31,10450.0,1700.0,1169400.0
169,2021-10-07 07:12:31,10450.0,500.0,1167700.0
170,2021-10-07 07:12:31,10450.0,600.0,1167200.0
171,2021-10-07 07:12:31,10450.0,100.0,1166600.0
172,2021-10-07 07:12:31,10450.0,200.0,1166500.0
173,2021-10-07 07:12:31,10450.0,100.0,1166300.0
174,2021-10-07 07:12:31,10450.0,900.0,1166200.0
175,2021-10-07 07:12:31,10450.0,1000.0,1165300.0
176,2021-10-07 07:12:31,10450.0,3900.0,1164300.0
177,2021-10-07 07:12:31,10450.0,700.0,1160400.0
178,2021-10-07 07:12:31,10450.0,5300.0,1159700.0
179,2021-10-07 07:11:20,10450.0,100.0,1154400.0
180,2021-10-07 07:10:25,10450.0,1400.0,1154300.0
181,2021-10-07 07:09:58,10450.0,100.0,1152900.0
182,2021-10-07 07:09:37,10450.0,1000.0,1152800.0
183,2021-10-07 07:09:37,10450.0,1000.0,1151800.0
184,2021-10-07 07:09:37,10450.0,500.0,1150800.0
185,2021-10-07 07:09:37,10450.0,200.0,1150300.0
186,2021-10-07 07:09:37,10450.0,1500.0,1150100.0
187,2021-10-07 07:09:37,10450.0,100.0,1148600.0
188,2021-10-07 07:09:37,10450.0,4100.0,1148500.0
189,2021-10-07 07:09:37,10450.0,700.0,1144400.0
190,2021-10-07 07:09:35,10450.0,100.0,1143700.0
191,2021-10-07 07:09:31,10450.0,500.0,1143600.0
192,2021-10-07 07:09:31,10450.0,500.0,1143100.0
193,2021-10-07 07:09:19,10450.0,200.0,1142600.0
194,2021-10-07 07:09:19,10450.0,2000.0,1142400.0
195,2021-10-07 07:09:14,10450.0,500.0,1140400.0
196,2021-10-07 07:09:14,10450.0,4500.0,1139900.0
197,2021-10-07 07:09:14,10450.0,500.0,1135400.0
198,2021-10-07 07:09:14,10450.0,1000.0,1134900.0
199,2021-10-07 07:09:14,10450.0,3000.0,1133900.0
200,2021-10-07 07:09:14,10450.0,5000.0,1130900.0
201,2021-10-07 07:09:14,10450.0,1000.0,1125900.0
202,2021-10-07 07:09:14,10450.0,1000.0,1124900.0
203,2021-10-07 07:09:14,10450.0,5400.0,1123900.0
204,2021-10-07 07:09:14,10450.0,1000.0,1118500.0
205,2021-10-07 07:09:14,10450.0,100.0,1117500.0
206,2021-10-07 07:09:14,10450.0,3900.0,1117400.0
207,2021-10-07 07:08:10,10450.0,500.0,1113500.0
208,2021-10-07 07:08:06,10450.0,100.0,1113000.0
209,2021-10-07 07:07:26,10450.0,500.0,1112900.0
210,2021-10-07 07:07:19,10400.0,200.0,1112400.0
211,2021-10-07 07:07:03,10400.0,1000.0,1112200.0
212,2021-10-07 07:06:51,10450.0,200.0,1111200.0
213,2021-10-07 07:06:48,10400.0,100.0,1111000.0
214,2021-10-07 07:06:35,10400.0,500.0,1110900.0
215,2021-10-07 07:06:13,10400.0,100.0,1110400.0
216,2021-10-07 07:05:54,10400.0,500.0,1110300.0
217,2021-10-07 07:05:54,10400.0,100.0,1109800.0
218,2021-10-07 07:05:54,10400.0,1000.0,1109700.0
219,2021-10-07 07:05:54,10400.0,400.0,1108700.0
220,2021-10-07 07:05:17,10400.0,500.0,1108300.0
221,2021-10-07 07:05:12,10400.0,1000.0,1107800.0
222,2021-10-07 07:04:54,10400.0,3100.0,1106800.0
223,2021-10-07 07:04:54,10400.0,1400.0,1103700.0
224,2021-10-07 07:04:38,10400.0,400.0,1102300.0
225,2021-10-07 07:04:38,10400.0,600.0,1101900.0
226,2021-10-07 07:04:18,10400.0,1000.0,1101300.0
227,2021-10-07 07:04:08,10400.0,400.0,1100300.0
228,2021-10-07 07:04:08,10400.0,100.0,1099900.0
229,2021-10-07 07:03:37,10400.0,1000.0,1099800.0
230,2021-10-07 07:02:47,10400.0,1000.0,1098800.0
231,2021-10-07 07:02:47,10400.0,1300.0,1097800.0
232,2021-10-07 07:02:46,10400.0,500.0,1096500.0
233,2021-10-07 07:02:22,10400.0,1300.0,1096000.0
234,2021-10-07 07:02:22,10400.0,500.0,1094700.0
235,2021-10-07 07:02:22,10400.0,200.0,1094200.0
236,2021-10-07 07:01:47,10450.0,1800.0,1094000.0
237,2021-10-07 07:01:47,10450.0,200.0,1092200.0
238,2021-10-07 07:01:21,10450.0,300.0,1092000.0
239,2021-10-07 07:00:57,10450.0,500.0,1091700.0
240,2021-10-07 07:00:56,10450.0,500.0,1091200.0
241,2021-10-07 07:00:56,10450.0,700.0,1090700.0
242,2021-10-07 07:00:56,10450.0,400.0,1090000.0
243,2021-10-07 07:00:17,10450.0,600.0,1089600.0
244,2021-10-07 07:00:17,10450.0,200.0,1089000.0
245,2021-10-07 07:00:17,10450.0,100.0,1088800.0
246,2021-10-07 07:00:17,10450.0,100.0,1088700.0
247,2021-10-07 07:00:00,10450.0,200.0,1088600.0
248,2021-10-07 07:00:00,10450.0,100.0,1088400.0
249,2021-10-07 07:00:00,10450.0,100.0,1088300.0
250,2021-10-07 07:00:00,10450.0,1000.0,1088200.0
251,2021-10-07 07:00:00,10450.0,500.0,1087200.0
252,2021-10-07 07:00:00,10450.0,400.0,1086700.0
253,2021-10-07 07:00:00,10450.0,1000.0,1086300.0
254,2021-10-07 07:00:00,10450.0,300.0,1085300.0
255,2021-10-07 07:00:00,10450.0,300.0,1085000.0
256,2021-10-07 07:00:00,10450.0,100.0,1084700.0
257,2021-10-07 06:59:38,10450.0,400.0,1084600.0
258,2021-10-07 06:59:38,10450.0,1400.0,1084200.0
259,2021-10-07 06:59:38,10450.0,500.0,1082800.0
260,2021-10-07 06:59:38,10450.0,500.0,1082300.0
261,2021-10-07 06:59:38,10450.0,100.0,1081800.0
262,2021-10-07 06:59:38,10450.0,100.0,1081700.0
263,2021-10-07 06:59:38,10450.0,1000.0,1081600.0
264,2021-10-07 06:59:38,10450.0,100.0,1080600.0
265,2021-10-07 06:59:38,10450.0,900.0,1080500.0
266,2021-10-07 06:59:20,10450.0,1000.0,1079600.0
267,2021-10-07 06:58:44,10450.0,100.0,1078600.0
268,2021-10-07 06:58:19,10450.0,500.0,1078500.0
269,2021-10-07 06:58:09,10450.0,100.0,1078000.0
270,2021-10-07 06:58:09,10450.0,700.0,1077900.0
271,2021-10-07 06:57:44,10450.0,1300.0,1077200.0
272,2021-10-07 06:57:44,10450.0,100.0,1075900.0
273,2021-10-07 06:57:44,10450.0,500.0,1075800.0
274,2021-10-07 06:57:44,10450.0,100.0,1075300.0
275,2021-10-07 06:56:15,10400.0,800.0,1075200.0
276,2021-10-07 06:56:15,10400.0,200.0,1074400.0
277,2021-10-07 06:56:12,10450.0,300.0,1074200.0
278,2021-10-07 06:56:12,10450.0,300.0,1073900.0
279,2021-10-07 06:56:12,10450.0,1000.0,1073600.0
280,2021-10-07 06:56:12,10450.0,200.0,1072600.0
281,2021-10-07 06:56:12,10450.0,200.0,1072400.0
282,2021-10-07 06:56:12,10450.0,100.0,1072200.0
283,2021-10-07 06:56:12,10450.0,2000.0,1072100.0
284,2021-10-07 06:56:12,10400.0,1000.0,1070100.0
285,2021-10-07 06:56:12,10400.0,100.0,1069100.0
286,2021-10-07 06:56:12,10400.0,2000.0,1069000.0
287,2021-10-07 06:56:12,10400.0,200.0,1067000.0
288,2021-10-07 06:56:12,10400.0,100.0,1066800.0
289,2021-10-07 06:56:12,10400.0,500.0,1066700.0
290,2021-10-07 06:56:12,10400.0,1000.0,1066200.0
291,2021-10-07 06:56:12,10400.0,200.0,1065200.0
292,2021-10-07 06:56:12,10400.0,800.0,1065000.0
293,2021-10-07 06:56:10,10400.0,100.0,1064200.0
294,2021-10-07 06:56:09,10400.0,3000.0,1064100.0
295,2021-10-07 06:56:06,10400.0,1100.0,1061100.0
296,2021-10-07 06:56:06,10400.0,100.0,1060000.0
297,2021-10-07 06:56:06,10400.0,100.0,1059900.0
298,2021-10-07 06:56:06,10400.0,100.0,1059800.0
299,2021-10-07 06:56:02,10400.0,200.0,1059700.0
300,2021-10-07 06:55:57,10400.0,2000.0,1059500.0
301,2021-10-07 06:55:54,10400.0,700.0,1057500.0
302,2021-10-07 06:55:54,10400.0,100.0,1056800.0
303,2021-10-07 06:55:54,10400.0,2000.0,1056700.0
304,2021-10-07 06:55:54,10400.0,100.0,1054700.0
305,2021-10-07 06:55:54,10400.0,3100.0,1054600.0
306,2021-10-07 06:55:51,10400.0,1900.0,1051500.0
307,2021-10-07 06:55:48,10400.0,1000.0,1049600.0
308,2021-10-07 06:55:43,10400.0,6000.0,1048600.0
309,2021-10-07 06:55:43,10400.0,5600.0,1042600.0
310,2021-10-07 06:55:43,10400.0,4000.0,1037000.0
311,2021-10-07 06:55:43,10400.0,1000.0,1033000.0
312,2021-10-07 06:55:43,10400.0,100.0,1032000.0
313,2021-10-07 06:55:43,10400.0,2000.0,1031900.0
314,2021-10-07 06:55:43,10400.0,100.0,1029900.0
315,2021-10-07 06:55:43,10400.0,200.0,1029800.0
316,2021-10-07 06:55:43,10400.0,200.0,1029600.0
317,2021-10-07 06:55:43,10400.0,5000.0,1029400.0
318,2021-10-07 06:55:43,10400.0,100.0,1024400.0
319,2021-10-07 06:55:43,10400.0,5700.0,1024300.0
320,2021-10-07 06:55:42,10400.0,1100.0,1018600.0
321,2021-10-07 06:55:42,10400.0,900.0,1017500.0
322,2021-10-07 06:55:32,10400.0,600.0,1016600.0
323,2021-10-07 06:55:12,10400.0,500.0,1016000.0
324,2021-10-07 06:55:12,10400.0,200.0,1015500.0
325,2021-10-07 06:55:12,10400.0,200.0,1015300.0
326,2021-10-07 06:55:12,10400.0,100.0,1015100.0
327,2021-10-07 06:54:48,10400.0,100.0,1015000.0
328,2021-10-07 06:54:48,10400.0,900.0,1014900.0
329,2021-10-07 06:54:43,10400.0,1100.0,1014000.0
330,2021-10-07 06:54:43,10400.0,100.0,1012900.0
331,2021-10-07 06:54:43,10400.0,200.0,1012800.0
332,2021-10-07 06:54:43,10400.0,1000.0,1012600.0
333,2021-10-07 06:54:43,10400.0,500.0,1011600.0
334,2021-10-07 06:54:43,10400.0,2100.0,1011100.0
335,2021-10-07 06:54:21,10400.0,900.0,1009000.0
336,2021-10-07 06:54:21,10400.0,100.0,1008100.0
337,2021-10-07 06:54:18,10400.0,100.0,1008000.0
338,2021-10-07 06:54:18,10400.0,100.0,1007900.0
339,2021-10-07 06:53:59,10400.0,100.0,1007800.0
340,2021-10-07 06:53:59,10400.0,100.0,1007700.0
341,2021-10-07 06:53:59,10400.0,500.0,1007600.0
342,2021-10-07 06:53:59,10400.0,100.0,1007100.0
343,2021-10-07 06:53:59,10400.0,2000.0,1007000.0
344,2021-10-07 06:53:59,10400.0,500.0,1005000.0
345,2021-10-07 06:53:59,10400.0,100.0,1004500.0
346,2021-10-07 06:53:59,10400.0,100.0,1004400.0
347,2021-10-07 06:53:59,10400.0,100.0,1004300.0
348,2021-10-07 06:53:59,10400.0,100.0,1004200.0
349,2021-10-07 06:53:40,10400.0,900.0,1004100.0
350,2021-10-07 06:53:40,10400.0,400.0,1003200.0
351,2021-10-07 06:53:40,10400.0,100.0,1002800.0
352,2021-10-07 06:53:40,10400.0,8500.0,1002700.0
353,2021-10-07 06:53:14,10400.0,1500.0,994200.0
354,2021-10-07 06:53:14,10400.0,400.0,992700.0
355,2021-10-07 06:53:08,10350.0,300.0,992300.0
356,2021-10-07 06:53:08,10350.0,200.0,992000.0
357,2021-10-07 06:52:12,10400.0,200.0,991800.0
358,2021-10-07 06:52:06,10350.0,200.0,991600.0
359,2021-10-07 06:51:03,10350.0,300.0,991400.0
360,2021-10-07 06:50:35,10350.0,100.0,991100.0
361,2021-10-07 06:50:22,10350.0,200.0,991000.0
362,2021-10-07 06:50:02,10400.0,3000.0,990800.0
363,2021-10-07 06:49:47,10400.0,700.0,987800.0
364,2021-10-07 06:49:42,10400.0,700.0,987100.0
365,2021-10-07 06:49:42,10400.0,200.0,986400.0
366,2021-10-07 06:49:42,10400.0,700.0,986200.0
367,2021-10-07 06:49:42,10400.0,500.0,985500.0
368,2021-10-07 06:49:42,10400.0,200.0,985000.0
369,2021-10-07 06:49:42,10400.0,300.0,984800.0
370,2021-10-07 06:49:42,10400.0,1000.0,984500.0
371,2021-10-07 06:49:42,10400.0,100.0,983500.0
372,2021-10-07 06:49:42,10400.0,1000.0,983400.0
373,2021-10-07 06:49:42,10400.0,2000.0,982400.0
374,2021-10-07 06:49:42,10400.0,300.0,980400.0
375,2021-10-07 06:49:33,10400.0,3000.0,980100.0
376,2021-10-07 06:49:26,10350.0,500.0,977100.0
377,2021-10-07 06:49:26,10350.0,400.0,976600.0
378,2021-10-07 06:49:20,10350.0,300.0,976200.0
379,2021-10-07 06:49:04,10350.0,200.0,975900.0
380,2021-10-07 06:49:04,10350.0,100.0,975700.0
381,2021-10-07 06:47:55,10350.0,200.0,975600.0
382,2021-10-07 06:47:36,10350.0,200.0,975400.0
383,2021-10-07 06:47:17,10350.0,1000.0,975200.0
384,2021-10-07 06:46:56,10350.0,200.0,974200.0
385,2021-10-07 06:46:36,10350.0,400.0,974000.0
386,2021-10-07 06:46:36,10350.0,600.0,973600.0
387,2021-10-07 06:46:15,10350.0,100.0,973000.0
388,2021-10-07 06:46:15,10350.0,100.0,972900.0
389,2021-10-07 06:46:04,10350.0,2000.0,972800.0
390,2021-10-07 06:45:54,10400.0,2000.0,970800.0
391,2021-10-07 06:45:16,10400.0,1500.0,968800.0
392,2021-10-07 06:45:11,10350.0,900.0,967300.0
393,2021-10-07 06:45:11,10350.0,100.0,966400.0
394,2021-10-07 06:45:06,10350.0,600.0,966300.0
395,2021-10-07 06:45:06,10350.0,400.0,965700.0
396,2021-10-07 06:44:42,10350.0,600.0,965300.0
397,2021-10-07 06:44:42,10350.0,1000.0,964700.0
398,2021-10-07 06:44:42,10350.0,400.0,963700.0
399,2021-10-07 06:44:39,10350.0,100.0,963300.0
400,2021-10-07 06:44:26,10350.0,800.0,963200.0
401,2021-10-07 06:44:26,10350.0,200.0,962400.0
402,2021-10-07 06:44:08,10350.0,100.0,962200.0
403,2021-10-07 06:44:08,10350.0,900.0,962100.0
404,2021-10-07 06:44:04,10350.0,1000.0,961200.0
405,2021-10-07 06:44:04,10350.0,500.0,960200.0
406,2021-10-07 06:44:04,10350.0,2000.0,959700.0
407,2021-10-07 06:44:04,10350.0,1500.0,957700.0
408,2021-10-07 06:43:25,10350.0,100.0,956200.0
409,2021-10-07 06:43:11,10400.0,200.0,956100.0
410,2021-10-07 06:42:24,10350.0,400.0,955900.0
411,2021-10-07 06:42:24,10350.0,1000.0,955500.0
412,2021-10-07 06:42:24,10350.0,1100.0,954500.0
413,2021-10-07 06:42:24,10350.0,300.0,953400.0
414,2021-10-07 06:42:24,10350.0,200.0,953100.0
415,2021-10-07 06:42:15,10350.0,100.0,952900.0
416,2021-10-07 06:42:10,10350.0,100.0,952800.0
417,2021-10-07 06:42:10,10350.0,900.0,952700.0
418,2021-10-07 06:42:03,10350.0,2000.0,951800.0
419,2021-10-07 06:41:40,10350.0,100.0,949800.0
420,2021-10-07 06:41:40,10350.0,1900.0,949700.0
421,2021-10-07 06:41:35,10350.0,3100.0,947800.0
422,2021-10-07 06:41:35,10350.0,400.0,944700.0
423,2021-10-07 06:41:35,10350.0,1000.0,944300.0
424,2021-10-07 06:41:35,10350.0,500.0,943300.0
425,2021-10-07 06:41:34,10350.0,100.0,942800.0
426,2021-10-07 06:41:29,10350.0,4400.0,942700.0
427,2021-10-07 06:41:29,10350.0,200.0,938300.0
428,2021-10-07 06:41:29,10350.0,300.0,938100.0
429,2021-10-07 06:41:29,10350.0,200.0,937800.0
430,2021-10-07 06:41:29,10350.0,100.0,937600.0
431,2021-10-07 06:41:29,10350.0,1000.0,937500.0
432,2021-10-07 06:41:29,10350.0,1000.0,936500.0
433,2021-10-07 06:41:29,10350.0,100.0,935500.0
434,2021-10-07 06:41:29,10350.0,2000.0,935400.0
435,2021-10-07 06:41:29,10350.0,200.0,933400.0
436,2021-10-07 06:41:29,10350.0,100.0,933200.0
437,2021-10-07 06:41:29,10350.0,400.0,933100.0
438,2021-10-07 06:41:26,10400.0,1000.0,932700.0
439,2021-10-07 06:41:15,10400.0,1100.0,931700.0
440,2021-10-07 06:41:04,10400.0,600.0,930600.0
441,2021-10-07 06:41:04,10400.0,100.0,930000.0
442,2021-10-07 06:40:43,10400.0,200.0,929900.0
443,2021-10-07 06:40:43,10400.0,400.0,929700.0
444,2021-10-07 06:40:43,10400.0,100.0,929300.0
445,2021-10-07 06:40:43,10400.0,400.0,929200.0
446,2021-10-07 06:40:43,10400.0,200.0,928800.0
447,2021-10-07 06:40:43,10400.0,700.0,928600.0
448,2021-10-07 06:40:09,10400.0,10000.0,927900.0
449,2021-10-07 06:39:43,10400.0,800.0,917900.0
450,2021-10-07 06:39:41,10400.0,100.0,917100.0
451,2021-10-07 06:39:40,10400.0,200.0,917000.0
452,2021-10-07 06:39:35,10400.0,2000.0,916800.0
453,2021-10-07 06:39:13,10400.0,100.0,914800.0
454,2021-10-07 06:39:12,10400.0,400.0,914700.0
455,2021-10-07 06:38:47,10400.0,9000.0,914300.0
456,2021-10-07 06:38:44,10400.0,500.0,905300.0
457,2021-10-07 06:38:26,10400.0,100.0,904800.0
458,2021-10-07 06:37:57,10400.0,400.0,904700.0
459,2021-10-07 06:37:48,10400.0,500.0,904300.0
460,2021-10-07 06:37:45,10400.0,300.0,903800.0
461,2021-10-07 06:37:38,10400.0,300.0,903500.0
462,2021-10-07 06:37:35,10350.0,100.0,903200.0
463,2021-10-07 06:37:16,10400.0,6800.0,903100.0
464,2021-10-07 06:37:16,10400.0,100.0,896300.0
465,2021-10-07 06:37:16,10400.0,100.0,896200.0
466,2021-10-07 06:37:16,10400.0,1000.0,896100.0
467,2021-10-07 06:37:16,10400.0,1000.0,895100.0
468,2021-10-07 06:37:16,10400.0,500.0,894100.0
469,2021-10-07 06:37:04,10400.0,500.0,893600.0
470,2021-10-07 06:36:48,10350.0,100.0,893100.0
471,2021-10-07 06:36:46,10350.0,400.0,893000.0
472,2021-10-07 06:36:46,10350.0,1600.0,892600.0
473,2021-10-07 06:36:40,10350.0,1500.0,891000.0
474,2021-10-07 06:36:40,10350.0,800.0,889500.0
475,2021-10-07 06:36:32,10350.0,1000.0,888700.0
476,2021-10-07 06:36:21,10350.0,1000.0,887700.0
477,2021-10-07 06:36:17,10350.0,100.0,886700.0
478,2021-10-07 06:36:15,10350.0,300.0,886600.0
479,2021-10-07 06:36:14,10350.0,1500.0,886300.0
480,2021-10-07 06:36:07,10350.0,2200.0,884800.0
481,2021-10-07 06:36:07,10350.0,1300.0,882600.0
482,2021-10-07 06:36:07,10350.0,700.0,881300.0
483,2021-10-07 06:36:07,10350.0,300.0,880600.0
484,2021-10-07 06:35:57,10350.0,1100.0,880300.0
485,2021-10-07 06:35:57,10350.0,300.0,879200.0
486,2021-10-07 06:35:57,10350.0,1000.0,878900.0
487,2021-10-07 06:35:57,10350.0,200.0,877900.0
488,2021-10-07 06:35:57,10350.0,900.0,877700.0
489,2021-10-07 06:35:57,10350.0,500.0,876800.0
490,2021-10-07 06:35:57,10350.0,500.0,876300.0
491,2021-10-07 06:35:57,10350.0,2000.0,875800.0
492,2021-10-07 06:35:57,10350.0,100.0,873800.0
493,2021-10-07 06:35:57,10350.0,100.0,873700.0
494,2021-10-07 06:35:57,10350.0,700.0,873600.0
495,2021-10-07 06:35:57,10350.0,600.0,872900.0
496,2021-10-07 06:35:54,10350.0,400.0,872300.0
497,2021-10-07 06:35:54,10350.0,600.0,871900.0
498,2021-10-07 06:35:40,10350.0,600.0,871300.0
499,2021-10-07 06:35:39,10350.0,800.0,870700.0
500,2021-10-07 06:35:39,10350.0,100.0,869900.0
501,2021-10-07 06:35:39,10350.0,100.0,869800.0
502,2021-10-07 06:35:39,10350.0,100.0,869700.0
503,2021-10-07 06:35:39,10350.0,200.0,869600.0
504,2021-10-07 06:35:39,10350.0,3000.0,869400.0
505,2021-10-07 06:35:39,10350.0,100.0,866400.0
506,2021-10-07 06:35:39,10350.0,2000.0,866300.0
507,2021-10-07 06:35:39,10350.0,100.0,864300.0
508,2021-10-07 06:35:39,10350.0,1000.0,864200.0
509,2021-10-07 06:35:39,10350.0,500.0,863200.0
510,2021-10-07 06:35:39,10350.0,3000.0,862700.0
511,2021-10-07 06:35:39,10350.0,4000.0,859700.0
512,2021-10-07 06:35:27,10350.0,400.0,855700.0
513,2021-10-07 06:35:27,10350.0,200.0,855300.0
514,2021-10-07 06:35:27,10350.0,2500.0,855100.0
515,2021-10-07 06:35:27,10350.0,2000.0,852600.0
516,2021-10-07 06:35:27,10350.0,500.0,850600.0
517,2021-10-07 06:35:27,10350.0,100.0,850100.0
518,2021-10-07 06:35:27,10350.0,500.0,850000.0
519,2021-10-07 06:35:27,10350.0,4800.0,849500.0
520,2021-10-07 06:35:20,10350.0,200.0,844700.0
521,2021-10-07 06:35:20,10350.0,400.0,844500.0
522,2021-10-07 06:35:20,10350.0,400.0,844100.0
523,2021-10-07 06:34:21,10350.0,2000.0,843700.0
524,2021-10-07 06:34:21,10350.0,300.0,841700.0
525,2021-10-07 06:34:21,10350.0,200.0,841400.0
526,2021-10-07 06:34:21,10350.0,300.0,841200.0
527,2021-10-07 06:34:21,10350.0,200.0,840900.0
528,2021-10-07 06:33:38,10350.0,100.0,840700.0
529,2021-10-07 06:33:38,10350.0,700.0,840600.0
530,2021-10-07 06:33:35,10350.0,200.0,839900.0
531,2021-10-07 06:32:41,10350.0,100.0,839700.0
532,2021-10-07 06:32:41,10350.0,1900.0,839600.0
533,2021-10-07 06:32:18,10350.0,500.0,837700.0
534,2021-10-07 06:31:17,10350.0,1500.0,837200.0
535,2021-10-07 06:31:09,10350.0,1500.0,835700.0
536,2021-10-07 06:30:56,10350.0,200.0,834200.0
537,2021-10-07 06:30:35,10300.0,200.0,834000.0
538,2021-10-07 06:30:03,10300.0,700.0,833800.0
539,2021-10-07 06:30:03,10300.0,100.0,833100.0
540,2021-10-07 06:30:03,10300.0,200.0,833000.0
541,2021-10-07 06:29:26,10350.0,100.0,832800.0
542,2021-10-07 06:27:29,10300.0,500.0,832700.0
543,2021-10-07 06:27:06,10350.0,1000.0,832200.0
544,2021-10-07 06:26:56,10350.0,1000.0,831200.0
545,2021-10-07 06:26:26,10350.0,1300.0,830200.0
546,2021-10-07 06:26:15,10350.0,1000.0,828900.0
547,2021-10-07 06:26:14,10350.0,3000.0,827900.0
548,2021-10-07 06:26:14,10350.0,400.0,824900.0
549,2021-10-07 06:26:14,10350.0,500.0,824500.0
550,2021-10-07 06:26:14,10350.0,300.0,824000.0
551,2021-10-07 06:26:14,10350.0,800.0,823700.0
552,2021-10-07 06:25:44,10300.0,400.0,822900.0
553,2021-10-07 06:25:37,10350.0,1200.0,822500.0
554,2021-10-07 06:25:37,10350.0,700.0,821300.0
555,2021-10-07 06:25:37,10350.0,100.0,820600.0
556,2021-10-07 06:25:30,10350.0,100.0,820500.0
557,2021-10-07 06:25:00,10350.0,200.0,820400.0
558,2021-10-07 06:25:00,10350.0,100.0,820200.0
559,2021-10-07 06:25:00,10350.0,200.0,820100.0
560,2021-10-07 06:24:21,10300.0,200.0,819900.0
561,2021-10-07 06:23:55,10350.0,300.0,819700.0
562,2021-10-07 06:23:55,10350.0,100.0,819400.0
563,2021-10-07 06:23:55,10350.0,200.0,819300.0
564,2021-10-07 06:23:28,10300.0,700.0,819100.0
565,2021-10-07 06:23:28,10300.0,800.0,818400.0
566,2021-10-07 06:23:05,10300.0,1100.0,817600.0
567,2021-10-07 06:23:05,10300.0,3400.0,816500.0
568,2021-10-07 06:23:05,10300.0,500.0,813100.0
569,2021-10-07 06:22:37,10350.0,100.0,812600.0
570,2021-10-07 06:22:21,10300.0,200.0,812500.0
571,2021-10-07 06:22:21,10350.0,700.0,812300.0
572,2021-10-07 06:22:02,10300.0,4300.0,811600.0
573,2021-10-07 06:22:02,10300.0,700.0,807300.0
574,2021-10-07 06:21:04,10300.0,300.0,806600.0
575,2021-10-07 06:20:53,10300.0,200.0,806300.0
576,2021-10-07 06:20:43,10300.0,100.0,806100.0
577,2021-10-07 06:20:43,10300.0,200.0,806000.0
578,2021-10-07 06:20:43,10300.0,500.0,805800.0
579,2021-10-07 06:20:43,10300.0,300.0,805300.0
580,2021-10-07 06:20:38,10300.0,200.0,805000.0
581,2021-10-07 06:20:38,10300.0,400.0,804800.0
582,2021-10-07 06:20:31,10300.0,100.0,804400.0
583,2021-10-07 06:20:31,10300.0,2000.0,804300.0
584,2021-10-07 06:20:31,10300.0,500.0,802300.0
585,2021-10-07 06:20:31,10300.0,400.0,801800.0
586,2021-10-07 06:20:27,10300.0,1100.0,801400.0
587,2021-10-07 06:20:27,10300.0,500.0,800300.0
588,2021-10-07 06:20:27,10300.0,100.0,799800.0
589,2021-10-07 06:20:27,10300.0,200.0,799700.0
590,2021-10-07 06:20:27,10300.0,100.0,799500.0
591,2021-10-07 06:20:27,10300.0,500.0,799400.0
592,2021-10-07 06:20:27,10300.0,500.0,798900.0
593,2021-10-07 06:20:23,10300.0,200.0,798400.0
594,2021-10-07 06:20:23,10300.0,200.0,798200.0
595,2021-10-07 06:20:23,10300.0,100.0,798000.0
596,2021-10-07 06:20:23,10300.0,1000.0,797900.0
597,2021-10-07 06:20:23,10300.0,100.0,796900.0
598,2021-10-07 06:20:23,10300.0,1000.0,796800.0
599,2021-10-07 06:20:23,10300.0,300.0,795800.0
600,2021-10-07 06:20:23,10300.0,100.0,795500.0
601,2021-10-07 06:20:23,10300.0,600.0,795400.0
602,2021-10-07 06:20:23,10300.0,100.0,794800.0
603,2021-10-07 06:20:23,10300.0,100.0,794700.0
604,2021-10-07 06:20:23,10300.0,500.0,794600.0
605,2021-10-07 06:20:23,10300.0,200.0,794100.0
606,2021-10-07 06:20:23,10300.0,100.0,793900.0
607,2021-10-07 06:20:23,10300.0,100.0,793800.0
608,2021-10-07 06:20:23,10300.0,200.0,793700.0
609,2021-10-07 06:20:23,10300.0,1000.0,793500.0
610,2021-10-07 06:20:23,10300.0,100.0,792500.0
611,2021-10-07 06:20:20,10300.0,100.0,792400.0
612,2021-10-07 06:20:12,10300.0,300.0,792300.0
613,2021-10-07 06:20:12,10300.0,1900.0,792000.0
614,2021-10-07 06:20:08,10300.0,100.0,790100.0
615,2021-10-07 06:20:08,10300.0,100.0,790000.0
616,2021-10-07 06:20:08,10300.0,100.0,789900.0
617,2021-10-07 06:20:08,10300.0,100.0,789800.0
618,2021-10-07 06:20:08,10300.0,300.0,789700.0
619,2021-10-07 06:20:08,10300.0,3300.0,789400.0
620,2021-10-07 06:19:58,10300.0,2000.0,786100.0
621,2021-10-07 06:19:04,10300.0,3000.0,784100.0
622,2021-10-07 06:18:53,10300.0,2000.0,781100.0
623,2021-10-07 06:18:48,10250.0,100.0,779100.0
624,2021-10-07 06:18:06,10300.0,900.0,779000.0
625,2021-10-07 06:17:45,10250.0,400.0,778100.0
626,2021-10-07 06:17:45,10250.0,4600.0,777700.0
627,2021-10-07 06:17:42,10300.0,1200.0,773100.0
628,2021-10-07 06:17:41,10300.0,600.0,771900.0
629,2021-10-07 06:17:20,10300.0,200.0,771300.0
630,2021-10-07 06:17:09,10250.0,2000.0,771100.0
631,2021-10-07 06:16:55,10300.0,100.0,769100.0
632,2021-10-07 06:16:48,10300.0,100.0,769000.0
633,2021-10-07 06:16:48,10300.0,100.0,768900.0
634,2021-10-07 06:16:36,10300.0,500.0,768800.0
635,2021-10-07 06:16:36,10300.0,100.0,768300.0
636,2021-10-07 06:16:14,10300.0,500.0,768200.0
637,2021-10-07 06:16:10,10300.0,1000.0,767700.0
638,2021-10-07 06:15:56,10300.0,100.0,766700.0
639,2021-10-07 06:15:39,10300.0,300.0,766600.0
640,2021-10-07 06:15:39,10300.0,700.0,766300.0
641,2021-10-07 06:15:27,10300.0,1000.0,765600.0
642,2021-10-07 06:15:23,10300.0,2000.0,764600.0
643,2021-10-07 06:15:20,10300.0,1500.0,762600.0
644,2021-10-07 06:15:05,10300.0,500.0,761100.0
645,2021-10-07 06:14:29,10300.0,3000.0,760600.0
646,2021-10-07 06:14:23,10250.0,2000.0,757600.0
647,2021-10-07 06:13:47,10300.0,100.0,755600.0
648,2021-10-07 06:13:25,10300.0,200.0,755500.0
649,2021-10-07 06:13:19,10300.0,1000.0,755300.0
650,2021-10-07 06:13:19,10300.0,100.0,754300.0
651,2021-10-07 06:13:11,10300.0,900.0,754200.0
652,2021-10-07 06:13:11,10300.0,100.0,753300.0
653,2021-10-07 06:12:48,10300.0,100.0,753200.0
654,2021-10-07 06:12:48,10300.0,5000.0,753100.0
655,2021-10-07 06:12:48,10300.0,400.0,748100.0
656,2021-10-07 06:12:48,10300.0,1000.0,747700.0
657,2021-10-07 06:12:48,10300.0,300.0,746700.0
658,2021-10-07 06:12:48,10300.0,700.0,746400.0
659,2021-10-07 06:12:48,10300.0,100.0,745700.0
660,2021-10-07 06:12:48,10300.0,1000.0,745600.0
661,2021-10-07 06:12:48,10300.0,1800.0,744600.0
662,2021-10-07 06:12:48,10300.0,1000.0,742800.0
663,2021-10-07 06:12:48,10300.0,300.0,741800.0
664,2021-10-07 06:12:48,10300.0,200.0,741500.0
665,2021-10-07 06:12:48,10300.0,100.0,741300.0
666,2021-10-07 06:12:48,10300.0,200.0,741200.0
667,2021-10-07 06:12:48,10300.0,2800.0,741000.0
668,2021-10-07 06:12:47,10300.0,100.0,738200.0
669,2021-10-07 06:12:35,10300.0,100.0,738100.0
670,2021-10-07 06:11:47,10250.0,1400.0,738000.0
671,2021-10-07 06:11:47,10250.0,8600.0,736600.0
672,2021-10-07 06:11:34,10250.0,200.0,728000.0
673,2021-10-07 06:11:26,10300.0,400.0,727800.0
674,2021-10-07 06:10:44,10300.0,500.0,727400.0
675,2021-10-07 06:10:44,10300.0,500.0,726900.0
676,2021-10-07 06:10:40,10250.0,600.0,726400.0
677,2021-10-07 06:10:34,10250.0,100.0,725800.0
678,2021-10-07 06:10:26,10300.0,1400.0,725700.0
679,2021-10-07 06:10:23,10250.0,400.0,724300.0
680,2021-10-07 06:09:48,10250.0,1000.0,723900.0
681,2021-10-07 06:08:58,10250.0,100.0,722900.0
682,2021-10-07 06:08:39,10250.0,300.0,722800.0
683,2021-10-07 06:07:43,10250.0,700.0,722500.0
684,2021-10-07 06:07:10,10250.0,800.0,721800.0
685,2021-10-07 06:07:10,10300.0,100.0,721000.0
686,2021-10-07 06:07:10,10300.0,300.0,720900.0
687,2021-10-07 06:07:08,10300.0,300.0,720600.0
688,2021-10-07 06:07:04,10300.0,1200.0,720300.0
689,2021-10-07 06:07:03,10300.0,100.0,719100.0
690,2021-10-07 06:06:05,10300.0,300.0,719000.0
691,2021-10-07 06:05:59,10300.0,200.0,718700.0
692,2021-10-07 06:05:59,10300.0,700.0,718500.0
693,2021-10-07 06:05:15,10300.0,300.0,717800.0
694,2021-10-07 06:05:15,10300.0,500.0,717500.0
695,2021-10-07 06:04:13,10250.0,1000.0,717000.0
696,2021-10-07 06:04:05,10250.0,2700.0,716000.0
697,2021-10-07 06:03:59,10300.0,1500.0,713300.0
698,2021-10-07 06:03:25,10250.0,1200.0,711800.0
699,2021-10-07 06:03:25,10250.0,100.0,710600.0
700,2021-10-07 06:03:25,10250.0,100.0,710500.0
701,2021-10-07 06:03:21,10250.0,200.0,710400.0
702,2021-10-07 06:03:21,10250.0,1200.0,710200.0
703,2021-10-07 06:03:17,10250.0,1800.0,709000.0
704,2021-10-07 06:03:17,10250.0,1000.0,707200.0
705,2021-10-07 06:03:17,10250.0,1100.0,706200.0
706,2021-10-07 06:03:10,10250.0,1100.0,705100.0
707,2021-10-07 06:02:55,10250.0,200.0,704000.0
708,2021-10-07 06:02:53,10250.0,500.0,703800.0
709,2021-10-07 06:02:50,10250.0,100.0,703300.0
710,2021-10-07 06:02:38,10250.0,200.0,703200.0
711,2021-10-07 06:02:38,10250.0,1000.0,703000.0
712,2021-10-07 06:02:38,10250.0,500.0,702000.0
713,2021-10-07 06:02:38,10250.0,500.0,701500.0
714,2021-10-07 06:02:38,10250.0,100.0,701000.0
715,2021-10-07 06:02:38,10250.0,600.0,700900.0
716,2021-10-07 06:02:38,10250.0,400.0,700300.0
717,2021-10-07 06:02:38,10250.0,200.0,699900.0
718,2021-10-07 06:02:38,10250.0,1500.0,699700.0
719,2021-10-07 06:02:35,10250.0,500.0,698200.0
720,2021-10-07 06:02:35,10250.0,200.0,697700.0
721,2021-10-07 06:02:35,10250.0,100.0,697500.0
722,2021-10-07 06:02:35,10250.0,300.0,697400.0
723,2021-10-07 06:02:30,10250.0,200.0,697100.0
724,2021-10-07 06:02:30,10250.0,300.0,696900.0
725,2021-10-07 06:02:26,10250.0,600.0,696600.0
726,2021-10-07 06:02:20,10250.0,200.0,696000.0
727,2021-10-07 06:02:10,10250.0,900.0,695800.0
728,2021-10-07 06:02:10,10250.0,100.0,694900.0
729,2021-10-07 06:02:10,10250.0,100.0,694800.0
730,2021-10-07 06:01:43,10250.0,300.0,694700.0
731,2021-10-07 06:01:43,10250.0,200.0,694400.0
732,2021-10-07 06:01:43,10250.0,100.0,694200.0
733,2021-10-07 06:01:43,10250.0,500.0,694100.0
734,2021-10-07 06:01:43,10250.0,200.0,693600.0
735,2021-10-07 06:01:43,10250.0,700.0,693400.0
736,2021-10-07 06:01:24,10250.0,100.0,692700.0
737,2021-10-07 06:01:22,10250.0,400.0,692600.0
738,2021-10-07 06:01:22,10250.0,200.0,692200.0
739,2021-10-07 06:01:22,10250.0,400.0,692000.0
740,2021-10-07 06:01:22,10250.0,1000.0,691600.0
741,2021-10-07 06:01:22,10250.0,100.0,690600.0
742,2021-10-07 06:01:22,10250.0,100.0,690500.0
743,2021-10-07 06:01:22,10250.0,1900.0,690400.0
744,2021-10-07 06:00:28,10250.0,100.0,688500.0
745,2021-10-07 06:00:21,10250.0,300.0,688400.0
746,2021-10-07 06:00:15,10250.0,700.0,688100.0
747,2021-10-07 06:00:15,10250.0,100.0,687400.0
748,2021-10-07 06:00:15,10250.0,200.0,687300.0
749,2021-10-07 06:00:15,10250.0,1000.0,687100.0
750,2021-10-07 06:00:08,10250.0,400.0,686100.0
751,2021-10-07 06:00:01,10250.0,100.0,685700.0
752,2021-10-07 06:00:01,10250.0,300.0,685600.0
753,2021-10-07 06:00:01,10250.0,400.0,685300.0
754,2021-10-07 04:29:44,10250.0,1600.0,684900.0
755,2021-10-07 04:29:44,10250.0,400.0,683300.0
756,2021-10-07 04:28:57,10200.0,1000.0,682900.0
757,2021-10-07 04:28:44,10200.0,100.0,681900.0
758,2021-10-07 04:28:26,10250.0,400.0,681800.0
759,2021-10-07 04:27:32,10250.0,200.0,681400.0
760,2021-10-07 04:25:32,10250.0,100.0,681200.0
761,2021-10-07 04:25:32,10250.0,100.0,681100.0
762,2021-10-07 04:25:23,10250.0,400.0,681000.0
763,2021-10-07 04:23:47,10250.0,500.0,680600.0
764,2021-10-07 04:23:47,10250.0,500.0,680100.0
765,2021-10-07 04:23:31,10250.0,100.0,679600.0
766,2021-10-07 04:22:00,10200.0,200.0,679500.0
767,2021-10-07 04:21:39,10200.0,100.0,679300.0
768,2021-10-07 04:21:01,10250.0,4000.0,679200.0
769,2021-10-07 04:20:04,10250.0,900.0,675200.0
770,2021-10-07 04:20:04,10250.0,500.0,674300.0
771,2021-10-07 04:19:52,10250.0,1500.0,673800.0
772,2021-10-07 04:19:52,10250.0,1500.0,672300.0
773,2021-10-07 04:19:26,10250.0,200.0,670800.0
774,2021-10-07 04:19:26,10250.0,100.0,670600.0
775,2021-10-07 04:19:26,10250.0,1200.0,670500.0
776,2021-10-07 04:19:26,10250.0,500.0,669300.0
777,2021-10-07 04:18:26,10250.0,500.0,668800.0
778,2021-10-07 04:18:26,10250.0,100.0,668300.0
779,2021-10-07 04:18:26,10250.0,400.0,668200.0
780,2021-10-07 04:18:19,10200.0,500.0,667800.0
781,2021-10-07 04:18:10,10200.0,300.0,667300.0
782,2021-10-07 04:18:05,10200.0,300.0,667000.0
783,2021-10-07 04:18:05,10200.0,1000.0,666700.0
784,2021-10-07 04:17:56,10200.0,200.0,665700.0
785,2021-10-07 04:17:55,10200.0,1000.0,665500.0
786,2021-10-07 04:17:52,10200.0,3000.0,664500.0
787,2021-10-07 04:17:52,10200.0,2000.0,661500.0
788,2021-10-07 04:17:32,10200.0,500.0,659500.0
789,2021-10-07 04:17:32,10200.0,500.0,659000.0
790,2021-10-07 04:17:32,10200.0,500.0,658500.0
791,2021-10-07 04:17:32,10200.0,100.0,658000.0
792,2021-10-07 04:17:32,10200.0,400.0,657900.0
793,2021-10-07 04:17:04,10200.0,2000.0,657500.0
794,2021-10-07 04:16:53,10200.0,200.0,655500.0
795,2021-10-07 04:16:48,10200.0,200.0,655300.0
796,2021-10-07 04:16:35,10200.0,200.0,655100.0
797,2021-10-07 04:16:19,10200.0,200.0,654900.0
798,2021-10-07 04:15:51,10200.0,100.0,654700.0
799,2021-10-07 04:15:48,10200.0,1700.0,654600.0
800,2021-10-07 04:15:48,10200.0,400.0,652900.0
801,2021-10-07 04:15:48,10200.0,200.0,652500.0
802,2021-10-07 04:15:48,10200.0,1000.0,652300.0
803,2021-10-07 04:15:48,10200.0,600.0,651300.0
804,2021-10-07 04:15:48,10200.0,1100.0,650700.0
805,2021-10-07 04:15:34,10200.0,500.0,649600.0
806,2021-10-07 04:15:34,10200.0,100.0,649100.0
807,2021-10-07 04:15:34,10200.0,500.0,649000.0
808,2021-10-07 04:15:34,10200.0,2000.0,648500.0
809,2021-10-07 04:15:34,10200.0,500.0,646500.0
810,2021-10-07 04:15:34,10200.0,300.0,646000.0
811,2021-10-07 04:15:34,10200.0,100.0,645700.0
812,2021-10-07 04:15:28,10200.0,2300.0,645600.0
813,2021-10-07 04:14:20,10200.0,1000.0,643300.0
814,2021-10-07 04:14:14,10200.0,400.0,642300.0
815,2021-10-07 04:13:58,10200.0,3700.0,641900.0
816,2021-10-07 04:13:58,10200.0,2200.0,638200.0
817,2021-10-07 04:13:42,10200.0,3000.0,636000.0
818,2021-10-07 04:13:41,10200.0,100.0,633000.0
819,2021-10-07 04:13:26,10200.0,100.0,632900.0
820,2021-10-07 04:13:00,10200.0,600.0,632800.0
821,2021-10-07 04:13:00,10200.0,100.0,632200.0
822,2021-10-07 04:13:00,10200.0,900.0,632100.0
823,2021-10-07 04:13:00,10200.0,200.0,631200.0
824,2021-10-07 04:12:40,10200.0,200.0,631000.0
825,2021-10-07 04:12:40,10200.0,200.0,630800.0
826,2021-10-07 04:12:40,10200.0,500.0,630600.0
827,2021-10-07 04:12:40,10200.0,3000.0,630100.0
828,2021-10-07 04:12:40,10200.0,100.0,627100.0
829,2021-10-07 04:12:38,10200.0,1500.0,627000.0
830,2021-10-07 04:12:38,10200.0,200.0,625500.0
831,2021-10-07 04:12:38,10200.0,300.0,625300.0
832,2021-10-07 04:12:38,10200.0,100.0,625000.0
833,2021-10-07 04:12:38,10200.0,300.0,624900.0
834,2021-10-07 04:12:38,10200.0,300.0,624600.0
835,2021-10-07 04:12:23,10150.0,300.0,624300.0
836,2021-10-07 04:12:23,10150.0,300.0,624000.0
837,2021-10-07 04:12:23,10150.0,100.0,623700.0
838,2021-10-07 04:12:20,10200.0,200.0,623600.0
839,2021-10-07 04:12:20,10200.0,4800.0,623400.0
840,2021-10-07 04:12:08,10200.0,100.0,618600.0
841,2021-10-07 04:11:53,10200.0,100.0,618500.0
842,2021-10-07 04:10:49,10200.0,3200.0,618400.0
843,2021-10-07 04:09:21,10200.0,100.0,615200.0
844,2021-10-07 04:09:11,10200.0,100.0,615100.0
845,2021-10-07 04:08:52,10200.0,6600.0,615000.0
846,2021-10-07 04:08:52,10200.0,300.0,608400.0
847,2021-10-07 04:08:52,10200.0,400.0,608100.0
848,2021-10-07 04:08:52,10200.0,700.0,607700.0
849,2021-10-07 04:08:39,10200.0,900.0,607000.0
850,2021-10-07 04:08:05,10200.0,500.0,606100.0
851,2021-10-07 04:07:41,10200.0,100.0,605600.0
852,2021-10-07 04:06:49,10200.0,800.0,605500.0
853,2021-10-07 04:06:49,10200.0,500.0,604700.0
854,2021-10-07 04:06:49,10200.0,500.0,604200.0
855,2021-10-07 04:06:49,10200.0,100.0,603700.0
856,2021-10-07 04:06:27,10200.0,400.0,603600.0
857,2021-10-07 04:06:27,10200.0,200.0,603200.0
858,2021-10-07 04:06:27,10200.0,500.0,603000.0
859,2021-10-07 04:06:27,10200.0,200.0,602500.0
860,2021-10-07 04:06:27,10200.0,200.0,602300.0
861,2021-10-07 04:05:59,10200.0,100.0,602100.0
862,2021-10-07 04:04:46,10200.0,1000.0,602000.0
863,2021-10-07 04:03:59,10200.0,100.0,601000.0
864,2021-10-07 04:03:06,10200.0,1600.0,600900.0
865,2021-10-07 04:03:06,10200.0,300.0,599300.0
866,2021-10-07 04:03:06,10200.0,1000.0,599000.0
867,2021-10-07 04:03:06,10200.0,500.0,598000.0
868,2021-10-07 04:03:06,10200.0,1000.0,597500.0
869,2021-10-07 04:03:06,10200.0,800.0,596500.0
870,2021-10-07 04:03:06,10200.0,300.0,595700.0
871,2021-10-07 04:03:06,10200.0,100.0,595400.0
872,2021-10-07 04:03:06,10200.0,2200.0,595300.0
873,2021-10-07 04:03:06,10200.0,2200.0,593100.0
874,2021-10-07 04:02:14,10200.0,400.0,590900.0
875,2021-10-07 04:00:13,10150.0,1000.0,590500.0
876,2021-10-07 03:59:38,10150.0,500.0,589500.0
877,2021-10-07 03:59:25,10150.0,100.0,589000.0
878,2021-10-07 03:58:30,10150.0,200.0,588900.0
879,2021-10-07 03:58:30,10150.0,500.0,588700.0
880,2021-10-07 03:58:30,10150.0,100.0,588200.0
881,2021-10-07 03:57:27,10150.0,100.0,588100.0
882,2021-10-07 03:57:27,10150.0,500.0,588000.0
883,2021-10-07 03:57:16,10150.0,100.0,587500.0
884,2021-10-07 03:55:42,10150.0,300.0,587400.0
885,2021-10-07 03:55:38,10200.0,100.0,587100.0
886,2021-10-07 03:55:04,10200.0,1000.0,587000.0
887,2021-10-07 03:54:50,10200.0,1300.0,586000.0
888,2021-10-07 03:54:50,10200.0,200.0,584700.0
889,2021-10-07 03:54:50,10200.0,500.0,584500.0
890,2021-10-07 03:54:18,10200.0,100.0,584000.0
891,2021-10-07 03:53:58,10200.0,1000.0,583900.0
892,2021-10-07 03:53:26,10200.0,1400.0,582900.0
893,2021-10-07 03:53:26,10200.0,600.0,581500.0
894,2021-10-07 03:52:40,10150.0,700.0,580900.0
895,2021-10-07 03:52:40,10150.0,200.0,580200.0
896,2021-10-07 03:52:40,10150.0,400.0,580000.0
897,2021-10-07 03:52:40,10150.0,500.0,579600.0
898,2021-10-07 03:52:40,10150.0,1000.0,579100.0
899,2021-10-07 03:52:40,10150.0,500.0,578100.0
900,2021-10-07 03:52:40,10150.0,500.0,577600.0
901,2021-10-07 03:52:40,10150.0,1200.0,577100.0
902,2021-10-07 03:51:10,10150.0,100.0,575900.0
903,2021-10-07 03:49:46,10150.0,200.0,575800.0
904,2021-10-07 03:49:39,10150.0,300.0,575600.0
905,2021-10-07 03:49:21,10150.0,200.0,575300.0
906,2021-10-07 03:49:12,10150.0,300.0,575100.0
907,2021-10-07 03:49:01,10150.0,200.0,574800.0
908,2021-10-07 03:48:59,10100.0,900.0,574600.0
909,2021-10-07 03:48:59,10100.0,1000.0,573700.0
910,2021-10-07 03:48:59,10100.0,1600.0,572700.0
911,2021-10-07 03:48:17,10150.0,1000.0,571100.0
912,2021-10-07 03:48:17,10150.0,1000.0,570100.0
913,2021-10-07 03:48:11,10150.0,100.0,569100.0
914,2021-10-07 03:47:25,10150.0,400.0,569000.0
915,2021-10-07 03:46:54,10150.0,100.0,568600.0
916,2021-10-07 03:46:47,10150.0,500.0,568500.0
917,2021-10-07 03:46:42,10150.0,400.0,568000.0
918,2021-10-07 03:46:26,10150.0,100.0,567600.0
919,2021-10-07 03:46:26,10150.0,100.0,567500.0
920,2021-10-07 03:46:26,10150.0,100.0,567400.0
921,2021-10-07 03:46:26,10150.0,300.0,567300.0
922,2021-10-07 03:46:26,10150.0,100.0,567000.0
923,2021-10-07 03:46:26,10150.0,800.0,566900.0
924,2021-10-07 03:46:05,10150.0,200.0,566100.0
925,2021-10-07 03:46:05,10150.0,200.0,565900.0
926,2021-10-07 03:46:05,10150.0,1100.0,565700.0
927,2021-10-07 03:45:46,10150.0,500.0,564600.0
928,2021-10-07 03:45:17,10150.0,400.0,564100.0
929,2021-10-07 03:45:17,10150.0,700.0,563700.0
930,2021-10-07 03:44:40,10150.0,500.0,563000.0
931,2021-10-07 03:44:06,10150.0,1000.0,562500.0
932,2021-10-07 03:43:20,10150.0,100.0,561500.0
933,2021-10-07 03:43:20,10150.0,500.0,561400.0
934,2021-10-07 03:43:18,10150.0,500.0,560900.0
935,2021-10-07 03:43:18,10150.0,1500.0,560400.0
936,2021-10-07 03:42:45,10150.0,1000.0,558900.0
937,2021-10-07 03:42:04,10150.0,2000.0,557900.0
938,2021-10-07 03:41:45,10150.0,500.0,555900.0
939,2021-10-07 03:41:43,10150.0,1000.0,555400.0
940,2021-10-07 03:41:43,10150.0,2000.0,554400.0
941,2021-10-07 03:41:43,10150.0,2000.0,552400.0
942,2021-10-07 03:41:31,10150.0,1000.0,550400.0
943,2021-10-07 03:41:08,10150.0,500.0,549400.0
944,2021-10-07 03:40:43,10150.0,2000.0,548900.0
945,2021-10-07 03:40:39,10150.0,1000.0,546900.0
946,2021-10-07 03:40:33,10150.0,500.0,545900.0
947,2021-10-07 03:40:11,10150.0,100.0,545400.0
948,2021-10-07 03:40:10,10150.0,100.0,545300.0
949,2021-10-07 03:39:30,10100.0,400.0,545200.0
950,2021-10-07 03:39:30,10100.0,1600.0,544800.0
951,2021-10-07 03:39:30,10100.0,100.0,543200.0
952,2021-10-07 03:39:30,10100.0,500.0,543100.0
953,2021-10-07 03:39:29,10150.0,800.0,542600.0
954,2021-10-07 03:39:29,10150.0,4200.0,541800.0
955,2021-10-07 03:39:12,10150.0,500.0,537600.0
956,2021-10-07 03:39:10,10150.0,400.0,537100.0
957,2021-10-07 03:39:01,10150.0,500.0,536700.0
958,2021-10-07 03:37:59,10150.0,2400.0,536200.0
959,2021-10-07 03:37:59,10150.0,6000.0,533800.0
960,2021-10-07 03:37:59,10150.0,3900.0,527800.0
961,2021-10-07 03:37:33,10150.0,100.0,523900.0
962,2021-10-07 03:36:42,10100.0,100.0,523800.0
963,2021-10-07 03:36:42,10100.0,400.0,523700.0
964,2021-10-07 03:36:42,10100.0,500.0,523300.0
965,2021-10-07 03:36:42,10100.0,100.0,522800.0
966,2021-10-07 03:36:42,10100.0,200.0,522700.0
967,2021-10-07 03:36:42,10100.0,100.0,522500.0
968,2021-10-07 03:36:42,10100.0,1000.0,522400.0
969,2021-10-07 03:36:42,10100.0,600.0,521400.0
970,2021-10-07 03:36:42,10100.0,1000.0,520800.0
971,2021-10-07 03:36:42,10100.0,200.0,519800.0
972,2021-10-07 03:36:42,10100.0,2000.0,519600.0
973,2021-10-07 03:36:42,10100.0,500.0,517600.0
974,2021-10-07 03:36:42,10100.0,100.0,517100.0
975,2021-10-07 03:36:42,10100.0,700.0,517000.0
976,2021-10-07 03:36:42,10100.0,300.0,516300.0
977,2021-10-07 03:36:42,10100.0,1000.0,516000.0
978,2021-10-07 03:36:42,10100.0,900.0,515000.0
979,2021-10-07 03:36:42,10100.0,500.0,514100.0
980,2021-10-07 03:36:42,10100.0,200.0,513600.0
981,2021-10-07 03:36:42,10100.0,2000.0,513400.0
982,2021-10-07 03:36:42,10100.0,5000.0,511400.0
983,2021-10-07 03:36:42,10100.0,500.0,506400.0
984,2021-10-07 03:36:42,10100.0,200.0,505900.0
985,2021-10-07 03:36:42,10100.0,1000.0,505700.0
986,2021-10-07 03:36:42,10100.0,900.0,504700.0
987,2021-10-07 03:36:26,10150.0,800.0,503800.0
988,2021-10-07 03:36:20,10150.0,200.0,503000.0
989,2021-10-07 03:35:57,10150.0,500.0,502800.0
990,2021-10-07 03:35:41,10150.0,100.0,502300.0
991,2021-10-07 03:35:27,10150.0,200.0,502200.0
992,2021-10-07 03:34:59,10150.0,1300.0,502000.0
993,2021-10-07 03:34:52,10150.0,500.0,500700.0
994,2021-10-07 03:34:49,10150.0,100.0,500200.0
995,2021-10-07 03:34:44,10150.0,100.0,500100.0
996,2021-10-07 03:34:30,10150.0,3000.0,500000.0
997,2021-10-07 03:34:07,10150.0,3000.0,497000.0
998,2021-10-07 03:33:54,10150.0,1000.0,494000.0
999,2021-10-07 03:33:54,10150.0,1800.0,493000.0
1000,2021-10-07 03:33:54,10150.0,100.0,491200.0
1001,2021-10-07 03:33:54,10150.0,500.0,491100.0
1002,2021-10-07 03:33:54,10150.0,100.0,490600.0
1003,2021-10-07 03:33:54,10150.0,100.0,490500.0
1004,2021-10-07 03:33:54,10150.0,400.0,490400.0
1005,2021-10-07 03:33:54,10150.0,1800.0,490000.0
1006,2021-10-07 03:33:54,10150.0,200.0,488200.0
1007,2021-10-07 03:33:54,10150.0,1000.0,488000.0
1008,2021-10-07 03:33:54,10150.0,100.0,487000.0
1009,2021-10-07 03:33:54,10150.0,300.0,486900.0
1010,2021-10-07 03:33:54,10150.0,100.0,486600.0
1011,2021-10-07 03:33:54,10150.0,5000.0,486500.0
1012,2021-10-07 03:33:54,10150.0,1000.0,481500.0
1013,2021-10-07 03:33:54,10150.0,500.0,480500.0
1014,2021-10-07 03:33:54,10150.0,500.0,480000.0
1015,2021-10-07 03:33:54,10150.0,100.0,479500.0
1016,2021-10-07 03:33:54,10150.0,500.0,479400.0
1017,2021-10-07 03:33:54,10150.0,300.0,478900.0
1018,2021-10-07 03:33:54,10150.0,2900.0,478600.0
1019,2021-10-07 03:33:54,10150.0,500.0,475700.0
1020,2021-10-07 03:33:54,10150.0,2000.0,475200.0
1021,2021-10-07 03:33:54,10150.0,500.0,473200.0
1022,2021-10-07 03:33:54,10150.0,500.0,472700.0
1023,2021-10-07 03:33:54,10150.0,34400.0,472200.0
1024,2021-10-07 03:33:18,10200.0,1000.0,437800.0
1025,2021-10-07 03:33:06,10150.0,10000.0,436800.0
1026,2021-10-07 03:32:46,10200.0,1400.0,426800.0
1027,2021-10-07 03:30:55,10200.0,1000.0,425400.0
1028,2021-10-07 03:29:53,10200.0,1000.0,424400.0
1029,2021-10-07 03:29:53,10200.0,2300.0,423400.0
1030,2021-10-07 03:29:51,10200.0,200.0,421100.0
1031,2021-10-07 03:29:37,10200.0,1800.0,420900.0
1032,2021-10-07 03:29:22,10200.0,700.0,419100.0
1033,2021-10-07 03:29:22,10200.0,1300.0,418400.0
1034,2021-10-07 03:29:07,10200.0,500.0,417100.0
1035,2021-10-07 03:28:34,10200.0,100.0,416600.0
1036,2021-10-07 03:28:26,10150.0,100.0,416500.0
1037,2021-10-07 03:28:21,10200.0,3100.0,416400.0
1038,2021-10-07 03:28:21,10200.0,900.0,413300.0
1039,2021-10-07 03:27:25,10200.0,100.0,412400.0
1040,2021-10-07 03:27:10,10150.0,200.0,412300.0
1041,2021-10-07 03:27:01,10200.0,100.0,412100.0
1042,2021-10-07 03:25:48,10150.0,300.0,412000.0
1043,2021-10-07 03:25:48,10150.0,500.0,411700.0
1044,2021-10-07 03:25:48,10150.0,100.0,411200.0
1045,2021-10-07 03:25:48,10150.0,300.0,411100.0
1046,2021-10-07 03:25:16,10150.0,200.0,410800.0
1047,2021-10-07 03:25:16,10150.0,500.0,410600.0
1048,2021-10-07 03:25:16,10150.0,300.0,410100.0
1049,2021-10-07 03:25:12,10150.0,300.0,409800.0
1050,2021-10-07 03:24:20,10150.0,200.0,409500.0
1051,2021-10-07 03:23:26,10150.0,100.0,409300.0
1052,2021-10-07 03:23:19,10150.0,200.0,409200.0
1053,2021-10-07 03:22:57,10200.0,400.0,409000.0
1054,2021-10-07 03:22:57,10200.0,100.0,408600.0
1055,2021-10-07 03:22:57,10200.0,500.0,408500.0
1056,2021-10-07 03:22:17,10200.0,800.0,408000.0
1057,2021-10-07 03:21:55,10200.0,700.0,407200.0
1058,2021-10-07 03:21:55,10200.0,200.0,406500.0
1059,2021-10-07 03:21:46,10200.0,300.0,406300.0
1060,2021-10-07 03:21:46,10200.0,2700.0,406000.0
1061,2021-10-07 03:21:45,10200.0,2300.0,403300.0
1062,2021-10-07 03:21:45,10200.0,700.0,401000.0
1063,2021-10-07 03:21:45,10200.0,100.0,400300.0
1064,2021-10-07 03:21:16,10200.0,200.0,400200.0
1065,2021-10-07 03:20:23,10200.0,500.0,400000.0
1066,2021-10-07 03:20:17,10200.0,100.0,399500.0
1067,2021-10-07 03:19:16,10200.0,400.0,399400.0
1068,2021-10-07 03:19:16,10200.0,1600.0,399000.0
1069,2021-10-07 03:18:33,10200.0,400.0,397400.0
1070,2021-10-07 03:18:33,10200.0,500.0,397000.0
1071,2021-10-07 03:18:33,10200.0,500.0,396500.0
1072,2021-10-07 03:18:22,10150.0,900.0,396000.0
1073,2021-10-07 03:17:52,10150.0,200.0,395100.0
1074,2021-10-07 03:17:44,10150.0,100.0,394900.0
1075,2021-10-07 03:17:29,10150.0,300.0,394800.0
1076,2021-10-07 03:17:29,10150.0,200.0,394500.0
1077,2021-10-07 03:17:21,10150.0,300.0,394300.0
1078,2021-10-07 03:17:08,10150.0,1000.0,394000.0
1079,2021-10-07 03:17:08,10150.0,300.0,393000.0
1080,2021-10-07 03:17:08,10150.0,200.0,392700.0
1081,2021-10-07 03:17:08,10150.0,700.0,392500.0
1082,2021-10-07 03:16:34,10150.0,300.0,391800.0
1083,2021-10-07 03:16:34,10150.0,200.0,391500.0
1084,2021-10-07 03:16:33,10150.0,1000.0,391300.0
1085,2021-10-07 03:16:32,10150.0,200.0,390300.0
1086,2021-10-07 03:16:17,10150.0,400.0,390100.0
1087,2021-10-07 03:15:39,10150.0,300.0,389700.0
1088,2021-10-07 03:15:30,10150.0,1000.0,389400.0
1089,2021-10-07 03:15:21,10150.0,500.0,388400.0
1090,2021-10-07 03:15:21,10150.0,1500.0,387900.0
1091,2021-10-07 03:15:18,10150.0,400.0,386400.0
1092,2021-10-07 03:14:13,10150.0,100.0,386000.0
1093,2021-10-07 03:14:13,10150.0,1900.0,385900.0
1094,2021-10-07 03:14:05,10150.0,100.0,384000.0
1095,2021-10-07 03:14:05,10150.0,1900.0,383900.0
1096,2021-10-07 03:13:33,10150.0,100.0,382000.0
1097,2021-10-07 03:13:33,10150.0,400.0,381900.0
1098,2021-10-07 03:13:21,10150.0,1600.0,381500.0
1099,2021-10-07 03:13:21,10150.0,3400.0,379900.0
1100,2021-10-07 03:13:18,10150.0,100.0,376500.0
1101,2021-10-07 03:13:18,10150.0,300.0,376400.0
1102,2021-10-07 03:13:02,10150.0,5000.0,376100.0
1103,2021-10-07 03:12:59,10150.0,5000.0,371100.0
1104,2021-10-07 03:12:52,10150.0,300.0,366100.0
1105,2021-10-07 03:12:40,10150.0,200.0,365800.0
1106,2021-10-07 03:12:27,10150.0,1000.0,365600.0
1107,2021-10-07 03:12:15,10150.0,6000.0,364600.0
1108,2021-10-07 03:11:49,10150.0,200.0,358600.0
1109,2021-10-07 03:11:36,10150.0,300.0,358400.0
1110,2021-10-07 03:10:37,10150.0,500.0,358100.0
1111,2021-10-07 03:10:37,10150.0,4500.0,357600.0
1112,2021-10-07 03:10:37,10150.0,5000.0,353100.0
1113,2021-10-07 03:10:37,10150.0,10000.0,348100.0
1114,2021-10-07 03:10:37,10150.0,3000.0,338100.0
1115,2021-10-07 03:10:37,10150.0,2000.0,335100.0
1116,2021-10-07 03:10:37,10150.0,100.0,333100.0
1117,2021-10-07 03:10:37,10150.0,1000.0,333000.0
1118,2021-10-07 03:10:37,10150.0,800.0,332000.0
1119,2021-10-07 03:10:37,10150.0,200.0,331200.0
1120,2021-10-07 03:10:37,10150.0,800.0,331000.0
1121,2021-10-07 03:10:37,10150.0,300.0,330200.0
1122,2021-10-07 03:08:36,10150.0,100.0,329900.0
1123,2021-10-07 03:08:08,10150.0,600.0,329800.0
1124,2021-10-07 03:08:08,10150.0,100.0,329200.0
1125,2021-10-07 03:08:08,10150.0,100.0,329100.0
1126,2021-10-07 03:07:14,10150.0,200.0,329000.0
1127,2021-10-07 03:06:10,10100.0,1100.0,328800.0
1128,2021-10-07 03:06:10,10100.0,100.0,327700.0
1129,2021-10-07 03:06:10,10100.0,1500.0,327600.0
1130,2021-10-07 03:06:10,10100.0,300.0,326100.0
1131,2021-10-07 03:05:43,10150.0,300.0,325800.0
1132,2021-10-07 03:05:31,10150.0,500.0,325500.0
1133,2021-10-07 03:05:19,10150.0,1200.0,325000.0
1134,2021-10-07 03:05:19,10150.0,300.0,323800.0
1135,2021-10-07 03:04:35,10150.0,500.0,323500.0
1136,2021-10-07 03:04:24,10150.0,200.0,323000.0
1137,2021-10-07 03:04:09,10150.0,100.0,322800.0
1138,2021-10-07 03:03:45,10150.0,400.0,322700.0
1139,2021-10-07 03:03:00,10150.0,500.0,322300.0
1140,2021-10-07 03:02:56,10150.0,500.0,321800.0
1141,2021-10-07 03:02:36,10150.0,200.0,321300.0
1142,2021-10-07 03:02:09,10150.0,5000.0,321100.0
1143,2021-10-07 03:02:09,10150.0,3000.0,316100.0
1144,2021-10-07 03:01:57,10150.0,500.0,313100.0
1145,2021-10-07 03:01:44,10150.0,500.0,312600.0
1146,2021-10-07 03:01:23,10150.0,500.0,312100.0
1147,2021-10-07 03:01:22,10150.0,200.0,311600.0
1148,2021-10-07 03:00:56,10150.0,500.0,311400.0
1149,2021-10-07 03:00:34,10150.0,300.0,310900.0
1150,2021-10-07 02:59:52,10150.0,1000.0,310600.0
1151,2021-10-07 02:59:22,10150.0,6500.0,309600.0
1152,2021-10-07 02:59:22,10150.0,400.0,303100.0
1153,2021-10-07 02:59:22,10150.0,100.0,302700.0
1154,2021-10-07 02:59:22,10150.0,600.0,302600.0
1155,2021-10-07 02:59:22,10150.0,8200.0,302000.0
1156,2021-10-07 02:58:58,10150.0,600.0,293800.0
1157,2021-10-07 02:58:58,10150.0,100.0,293200.0
1158,2021-10-07 02:58:58,10150.0,500.0,293100.0
1159,2021-10-07 02:58:58,10150.0,500.0,292600.0
1160,2021-10-07 02:58:37,10150.0,600.0,292100.0
1161,2021-10-07 02:58:36,10150.0,1000.0,291500.0
1162,2021-10-07 02:58:31,10150.0,7500.0,290500.0
1163,2021-10-07 02:58:20,10150.0,200.0,283000.0
1164,2021-10-07 02:58:20,10150.0,1300.0,282800.0
1165,2021-10-07 02:58:00,10150.0,300.0,281500.0
1166,2021-10-07 02:57:59,10150.0,300.0,281200.0
1167,2021-10-07 02:57:59,10150.0,200.0,280900.0
1168,2021-10-07 02:57:47,10150.0,100.0,280700.0
1169,2021-10-07 02:57:43,10150.0,200.0,280600.0
1170,2021-10-07 02:57:31,10150.0,2200.0,280400.0
1171,2021-10-07 02:57:31,10150.0,1000.0,278200.0
1172,2021-10-07 02:57:31,10150.0,800.0,277200.0
1173,2021-10-07 02:57:21,10150.0,500.0,276400.0
1174,2021-10-07 02:57:13,10150.0,3700.0,275900.0
1175,2021-10-07 02:57:13,10150.0,300.0,272200.0
1176,2021-10-07 02:57:00,10150.0,700.0,271900.0
1177,2021-10-07 02:57:00,10150.0,1300.0,271200.0
1178,2021-10-07 02:57:00,10150.0,1000.0,269900.0
1179,2021-10-07 02:56:52,10150.0,300.0,268900.0
1180,2021-10-07 02:56:48,10150.0,200.0,268600.0
1181,2021-10-07 02:56:47,10150.0,100.0,268400.0
1182,2021-10-07 02:56:47,10150.0,100.0,268300.0
1183,2021-10-07 02:56:46,10150.0,200.0,268200.0
1184,2021-10-07 02:56:26,10150.0,200.0,268000.0
1185,2021-10-07 02:56:12,10150.0,1000.0,267800.0
1186,2021-10-07 02:56:05,10150.0,100.0,266800.0
1187,2021-10-07 02:55:58,10150.0,100.0,266700.0
1188,2021-10-07 02:55:58,10150.0,200.0,266600.0
1189,2021-10-07 02:55:58,10150.0,14700.0,266400.0
1190,2021-10-07 02:55:37,10150.0,100.0,251700.0
1191,2021-10-07 02:54:53,10150.0,1100.0,251600.0
1192,2021-10-07 02:54:22,10150.0,100.0,250500.0
1193,2021-10-07 02:53:11,10100.0,200.0,250400.0
1194,2021-10-07 02:53:07,10150.0,200.0,250200.0
1195,2021-10-07 02:52:07,10150.0,200.0,250000.0
1196,2021-10-07 02:51:49,10100.0,300.0,249800.0
1197,2021-10-07 02:51:49,10100.0,200.0,249500.0
1198,2021-10-07 02:51:49,10100.0,200.0,249300.0
1199,2021-10-07 02:51:49,10100.0,300.0,249100.0
1200,2021-10-07 02:51:13,10150.0,500.0,248800.0
1201,2021-10-07 02:51:10,10150.0,1800.0,248300.0
1202,2021-10-07 02:50:27,10150.0,500.0,246500.0
1203,2021-10-07 02:49:34,10150.0,200.0,246000.0
1204,2021-10-07 02:48:45,10150.0,100.0,245800.0
1205,2021-10-07 02:48:25,10150.0,300.0,245700.0
1206,2021-10-07 02:48:25,10150.0,200.0,245400.0
1207,2021-10-07 02:47:38,10150.0,100.0,245200.0
1208,2021-10-07 02:47:08,10150.0,100.0,245100.0
1209,2021-10-07 02:47:01,10150.0,4000.0,245000.0
1210,2021-10-07 02:46:55,10150.0,500.0,241000.0
1211,2021-10-07 02:46:11,10150.0,100.0,240500.0
1212,2021-10-07 02:45:42,10100.0,200.0,240400.0
1213,2021-10-07 02:45:42,10100.0,100.0,240200.0
1214,2021-10-07 02:45:42,10100.0,200.0,240100.0
1215,2021-10-07 02:45:42,10100.0,500.0,239900.0
1216,2021-10-07 02:45:42,10100.0,100.0,239400.0
1217,2021-10-07 02:45:31,10150.0,400.0,239300.0
1218,2021-10-07 02:45:31,10150.0,500.0,238900.0
1219,2021-10-07 02:44:28,10150.0,1000.0,238400.0
1220,2021-10-07 02:44:25,10150.0,1000.0,237400.0
1221,2021-10-07 02:44:02,10150.0,500.0,236400.0
1222,2021-10-07 02:43:53,10150.0,100.0,235900.0
1223,2021-10-07 02:43:34,10150.0,100.0,235800.0
1224,2021-10-07 02:43:19,10150.0,1000.0,235700.0
1225,2021-10-07 02:43:14,10150.0,300.0,234700.0
1226,2021-10-07 02:43:14,10150.0,100.0,234400.0
1227,2021-10-07 02:43:08,10200.0,1000.0,234300.0
1228,2021-10-07 02:42:37,10150.0,1000.0,233300.0
1229,2021-10-07 02:41:20,10150.0,300.0,232300.0
1230,2021-10-07 02:41:20,10150.0,200.0,232000.0
1231,2021-10-07 02:41:20,10150.0,100.0,231800.0
1232,2021-10-07 02:41:07,10150.0,900.0,231700.0
1233,2021-10-07 02:41:07,10150.0,100.0,230800.0
1234,2021-10-07 02:41:06,10100.0,3000.0,230700.0
1235,2021-10-07 02:40:29,10150.0,900.0,227700.0
1236,2021-10-07 02:40:29,10150.0,8000.0,226800.0
1237,2021-10-07 02:40:29,10150.0,1100.0,218800.0
1238,2021-10-07 02:40:29,10150.0,300.0,217700.0
1239,2021-10-07 02:40:29,10150.0,100.0,217400.0
1240,2021-10-07 02:40:29,10150.0,4400.0,217300.0
1241,2021-10-07 02:39:28,10150.0,700.0,212900.0
1242,2021-10-07 02:39:28,10150.0,300.0,212200.0
1243,2021-10-07 02:39:17,10150.0,1000.0,211900.0
1244,2021-10-07 02:39:17,10150.0,8800.0,210900.0
1245,2021-10-07 02:38:12,10150.0,100.0,202100.0
1246,2021-10-07 02:37:50,10150.0,100.0,202000.0
1247,2021-10-07 02:37:22,10100.0,1900.0,201900.0
1248,2021-10-07 02:37:22,10100.0,300.0,200000.0
1249,2021-10-07 02:37:22,10100.0,200.0,199700.0
1250,2021-10-07 02:37:22,10100.0,300.0,199500.0
1251,2021-10-07 02:37:22,10100.0,2000.0,199200.0
1252,2021-10-07 02:37:22,10100.0,400.0,197200.0
1253,2021-10-07 02:37:22,10100.0,1000.0,196800.0
1254,2021-10-07 02:37:22,10100.0,300.0,195800.0
1255,2021-10-07 02:37:22,10100.0,100.0,195500.0
1256,2021-10-07 02:37:03,10150.0,500.0,195400.0
1257,2021-10-07 02:36:54,10150.0,500.0,194900.0
1258,2021-10-07 02:36:54,10150.0,500.0,194400.0
1259,2021-10-07 02:36:44,10150.0,500.0,193900.0
1260,2021-10-07 02:36:44,10150.0,500.0,193400.0
1261,2021-10-07 02:36:27,10150.0,1000.0,192900.0
1262,2021-10-07 02:36:24,10150.0,2000.0,191900.0
1263,2021-10-07 02:36:17,10150.0,1000.0,189900.0
1264,2021-10-07 02:36:06,10150.0,1000.0,188900.0
1265,2021-10-07 02:36:02,10150.0,2200.0,187900.0
1266,2021-10-07 02:35:17,10150.0,600.0,185700.0
1267,2021-10-07 02:35:02,10150.0,600.0,185100.0
1268,2021-10-07 02:34:39,10150.0,6600.0,184500.0
1269,2021-10-07 02:34:24,10150.0,400.0,177900.0
1270,2021-10-07 02:34:24,10150.0,4100.0,177500.0
1271,2021-10-07 02:34:18,10150.0,500.0,173400.0
1272,2021-10-07 02:34:11,10150.0,400.0,172900.0
1273,2021-10-07 02:34:00,10150.0,100.0,172500.0
1274,2021-10-07 02:34:00,10150.0,1000.0,172400.0
1275,2021-10-07 02:34:00,10150.0,1000.0,171400.0
1276,2021-10-07 02:34:00,10150.0,2800.0,170400.0
1277,2021-10-07 02:33:45,10150.0,200.0,167600.0
1278,2021-10-07 02:32:34,10150.0,200.0,167400.0
1279,2021-10-07 02:32:34,10150.0,800.0,167200.0
1280,2021-10-07 02:32:32,10100.0,100.0,166400.0
1281,2021-10-07 02:32:32,10100.0,500.0,166300.0
1282,2021-10-07 02:32:32,10100.0,100.0,165800.0
1283,2021-10-07 02:32:32,10100.0,2000.0,165700.0
1284,2021-10-07 02:32:32,10100.0,100.0,163700.0
1285,2021-10-07 02:32:32,10100.0,300.0,163600.0
1286,2021-10-07 02:32:32,10100.0,1000.0,163300.0
1287,2021-10-07 02:32:32,10100.0,1000.0,162300.0
1288,2021-10-07 02:32:32,10100.0,100.0,161300.0
1289,2021-10-07 02:32:32,10100.0,300.0,161200.0
1290,2021-10-07 02:32:32,10100.0,400.0,160900.0
1291,2021-10-07 02:32:32,10100.0,100.0,160500.0
1292,2021-10-07 02:32:32,10100.0,500.0,160400.0
1293,2021-10-07 02:32:32,10100.0,100.0,159900.0
1294,2021-10-07 02:32:32,10100.0,100.0,159800.0
1295,2021-10-07 02:32:32,10100.0,2000.0,159700.0
1296,2021-10-07 02:32:32,10100.0,300.0,157700.0
1297,2021-10-07 02:32:17,10150.0,200.0,157400.0
1298,2021-10-07 02:32:17,10150.0,300.0,157200.0
1299,2021-10-07 02:32:07,10150.0,1200.0,156900.0
1300,2021-10-07 02:31:06,10150.0,300.0,155700.0
1301,2021-10-07 02:30:59,10150.0,500.0,155400.0
1302,2021-10-07 02:30:43,10150.0,1000.0,154900.0
1303,2021-10-07 02:30:39,10150.0,200.0,153900.0
1304,2021-10-07 02:30:26,10150.0,200.0,153700.0
1305,2021-10-07 02:30:24,10150.0,1000.0,153500.0
1306,2021-10-07 02:29:35,10150.0,100.0,152500.0
1307,2021-10-07 02:29:16,10150.0,200.0,152400.0
1308,2021-10-07 02:29:07,10100.0,700.0,152200.0
1309,2021-10-07 02:29:07,10100.0,500.0,151500.0
1310,2021-10-07 02:29:07,10100.0,100.0,151000.0
1311,2021-10-07 02:29:01,10150.0,300.0,150900.0
1312,2021-10-07 02:28:51,10150.0,800.0,150600.0
1313,2021-10-07 02:28:46,10150.0,9900.0,149800.0
1314,2021-10-07 02:28:18,10150.0,500.0,139900.0
1315,2021-10-07 02:27:29,10150.0,7900.0,139400.0
1316,2021-10-07 02:26:55,10150.0,200.0,131500.0
1317,2021-10-07 02:26:55,10150.0,200.0,131300.0
1318,2021-10-07 02:26:55,10150.0,1500.0,131100.0
1319,2021-10-07 02:26:49,10150.0,1000.0,129600.0
1320,2021-10-07 02:26:04,10150.0,1000.0,128600.0
1321,2021-10-07 02:26:02,10150.0,600.0,127600.0
1322,2021-10-07 02:26:02,10150.0,900.0,127000.0
1323,2021-10-07 02:26:00,10150.0,5000.0,126100.0
1324,2021-10-07 02:25:20,10150.0,100.0,121100.0
1325,2021-10-07 02:25:18,10150.0,300.0,121000.0
1326,2021-10-07 02:25:14,10150.0,1700.0,120700.0
1327,2021-10-07 02:25:14,10150.0,300.0,119000.0
1328,2021-10-07 02:25:11,10150.0,100.0,118700.0
1329,2021-10-07 02:25:08,10150.0,100.0,118600.0
1330,2021-10-07 02:25:02,10150.0,100.0,118500.0
1331,2021-10-07 02:25:02,10150.0,400.0,118400.0
1332,2021-10-07 02:24:56,10150.0,400.0,118000.0
1333,2021-10-07 02:24:53,10150.0,200.0,117600.0
1334,2021-10-07 02:24:49,10200.0,3900.0,117400.0
1335,2021-10-07 02:24:49,10200.0,1100.0,113500.0
1336,2021-10-07 02:24:49,10150.0,700.0,112400.0
1337,2021-10-07 02:24:49,10150.0,18000.0,111700.0
1338,2021-10-07 02:24:07,10150.0,2000.0,93700.0
1339,2021-10-07 02:23:16,10150.0,300.0,91700.0
1340,2021-10-07 02:23:16,10150.0,300.0,91400.0
1341,2021-10-07 02:23:16,10150.0,200.0,91100.0
1342,2021-10-07 02:22:37,10150.0,800.0,90900.0
1343,2021-10-07 02:22:37,10150.0,700.0,90100.0
1344,2021-10-07 02:22:37,10150.0,200.0,89400.0
1345,2021-10-07 02:22:37,10150.0,800.0,89200.0
1346,2021-10-07 02:22:26,10150.0,200.0,88400.0
1347,2021-10-07 02:22:20,10150.0,100.0,88200.0
1348,2021-10-07 02:22:09,10150.0,600.0,88100.0
1349,2021-10-07 02:22:03,10150.0,300.0,87500.0
1350,2021-10-07 02:21:45,10150.0,2000.0,87200.0
1351,2021-10-07 02:21:40,10100.0,400.0,85200.0
1352,2021-10-07 02:21:26,10150.0,200.0,84800.0
1353,2021-10-07 02:21:26,10150.0,500.0,84600.0
1354,2021-10-07 02:21:26,10150.0,500.0,84100.0
1355,2021-10-07 02:21:18,10150.0,200.0,83600.0
1356,2021-10-07 02:21:18,10150.0,1000.0,83400.0
1357,2021-10-07 02:21:16,10150.0,500.0,82400.0
1358,2021-10-07 02:21:14,10150.0,200.0,81900.0
1359,2021-10-07 02:21:14,10150.0,800.0,81700.0
1360,2021-10-07 02:20:56,10150.0,500.0,80900.0
1361,2021-10-07 02:20:54,10150.0,200.0,80400.0
1362,2021-10-07 02:20:53,10150.0,500.0,80200.0
1363,2021-10-07 02:20:53,10150.0,300.0,79700.0
1364,2021-10-07 02:20:17,10150.0,100.0,79400.0
1365,2021-10-07 02:20:02,10150.0,100.0,79300.0
1366,2021-10-07 02:20:02,10150.0,100.0,79200.0
1367,2021-10-07 02:20:02,10150.0,600.0,79100.0
1368,2021-10-07 02:20:02,10150.0,900.0,78500.0
1369,2021-10-07 02:20:02,10150.0,200.0,77600.0
1370,2021-10-07 02:20:02,10150.0,1500.0,77400.0
1371,2021-10-07 02:20:02,10150.0,500.0,75900.0
1372,2021-10-07 02:20:02,10150.0,700.0,75400.0
1373,2021-10-07 02:19:57,10150.0,300.0,74700.0
1374,2021-10-07 02:19:57,10150.0,100.0,74400.0
1375,2021-10-07 02:19:57,10150.0,600.0,74300.0
1376,2021-10-07 02:19:53,10150.0,300.0,73700.0
1377,2021-10-07 02:19:49,10150.0,100.0,73400.0
1378,2021-10-07 02:19:04,10150.0,500.0,73300.0
1379,2021-10-07 02:18:57,10150.0,500.0,72800.0
1380,2021-10-07 02:18:57,10150.0,1000.0,72300.0
1381,2021-10-07 02:18:54,10150.0,300.0,71300.0
1382,2021-10-07 02:18:51,10200.0,1400.0,71000.0
1383,2021-10-07 02:18:51,10200.0,500.0,69600.0
1384,2021-10-07 02:18:51,10200.0,2100.0,69100.0
1385,2021-10-07 02:18:45,10150.0,6000.0,67000.0
1386,2021-10-07 02:18:36,10150.0,10000.0,61000.0
1387,2021-10-07 02:18:21,10150.0,400.0,51000.0
1388,2021-10-07 02:17:56,10150.0,3000.0,50600.0
1389,2021-10-07 02:17:56,10150.0,2000.0,47600.0
1390,2021-10-07 02:17:55,10150.0,200.0,45600.0
1391,2021-10-07 02:17:53,10150.0,300.0,45400.0
1392,2021-10-07 02:17:49,10150.0,100.0,45100.0
1393,2021-10-07 02:17:49,10150.0,300.0,45000.0
1394,2021-10-07 02:17:33,10150.0,100.0,44700.0
1395,2021-10-07 02:17:33,10150.0,400.0,44600.0
1396,2021-10-07 02:17:28,10150.0,600.0,44200.0
1397,2021-10-07 02:17:28,10150.0,2000.0,43600.0
1398,2021-10-07 02:17:28,10150.0,1500.0,41600.0
1399,2021-10-07 02:17:28,10150.0,5000.0,40100.0
1400,2021-10-07 02:17:28,10150.0,500.0,35100.0
1401,2021-10-07 02:17:28,10150.0,400.0,34600.0
1402,2021-10-07 02:17:28,10150.0,100.0,34200.0
1403,2021-10-07 02:17:27,10150.0,100.0,34100.0
1404,2021-10-07 02:17:14,10150.0,1000.0,34000.0
1405,2021-10-07 02:17:09,10150.0,500.0,33000.0
1406,2021-10-07 02:17:07,10150.0,600.0,32500.0
1407,2021-10-07 02:16:46,10150.0,300.0,31900.0
1408,2021-10-07 02:16:46,10150.0,100.0,31600.0
1409,2021-10-07 02:16:43,10150.0,900.0,31500.0
1410,2021-10-07 02:16:43,10150.0,1000.0,30600.0
1411,2021-10-07 02:16:43,10150.0,500.0,29600.0
1412,2021-10-07 02:16:43,10150.0,600.0,29100.0
1413,2021-10-07 02:16:17,10150.0,8400.0,28500.0
1414,2021-10-07 02:16:17,10150.0,9900.0,20100.0
1415,2021-10-07 02:16:17,10150.0,200.0,10200.0
1416,2021-10-07 02:16:17,10150.0,300.0,10000.0
1417,2021-10-07 02:16:17,10150.0,1200.0,9700.0
1418,2021-10-07 02:16:05,10200.0,1700.0,8500.0
1419,2021-10-07 02:15:55,10150.0,800.0,6800.0
1420,2021-10-07 02:15:55,10150.0,200.0,6000.0
1421,2021-10-07 02:15:45,10150.0,500.0,5800.0
1422,2021-10-07 02:15:45,10150.0,300.0,5300.0
1423,2021-10-07 02:15:45,10150.0,400.0,5000.0
1424,2021-10-07 02:15:41,10200.0,200.0,4600.0
1425,2021-10-07 02:15:41,10200.0,100.0,4400.0
1426,2021-10-07 02:15:41,10200.0,200.0,4300.0
1427,2021-10-07 02:15:41,10200.0,500.0,4100.0
1428,2021-10-07 02:15:20,10200.0,1000.0,3600.0
1429,2021-10-07 02:15:00,10200.0,300.0,2600.0
1430,2021-10-07 02:15:00,10200.0,100.0,2300.0
1431,2021-10-07 02:15:00,10200.0,100.0,2200.0
1432,2021-10-07 02:15:00,10200.0,900.0,2100.0
1433,2021-10-07 02:15:00,10200.0,100.0,1200.0
1434,2021-10-07 02:15:00,10200.0,200.0,1100.0
1435,2021-10-07 02:15:00,10200.0,100.0,900.0
1436,2021-10-07 02:15:00,10200.0,100.0,800.0
1437,2021-10-07 02:15:00,10200.0,400.0,700.0
1438,2021-10-07 02:15:00,10200.0,100.0,300.0
1439,2021-10-07 02:15:00,10200.0,200.0,200.0
