,Time,Price,Volume_per_trade,Volume
0,2021-10-20 07:45:00,10450.0,200.0,1093500.0
1,2021-10-20 07:45:00,10450.0,100.0,1093300.0
2,2021-10-20 07:45:00,10450.0,2000.0,1093200.0
3,2021-10-20 07:45:00,10450.0,200.0,1091200.0
4,2021-10-20 07:45:00,10450.0,2700.0,1091000.0
5,2021-10-20 07:45:00,10450.0,1000.0,1088300.0
6,2021-10-20 07:45:00,10450.0,10000.0,1087300.0
7,2021-10-20 07:45:00,10450.0,500.0,1077300.0
8,2021-10-20 07:45:00,10450.0,500.0,1076800.0
9,2021-10-20 07:45:00,10450.0,1200.0,1076300.0
10,2021-10-20 07:45:00,10450.0,500.0,1075100.0
11,2021-10-20 07:45:00,10450.0,11300.0,1074600.0
12,2021-10-20 07:45:00,10450.0,400.0,1063300.0
13,2021-10-20 07:45:00,10450.0,1000.0,1062900.0
14,2021-10-20 07:45:00,10450.0,100.0,1061900.0
15,2021-10-20 07:45:00,10450.0,8300.0,1061800.0
16,2021-10-20 07:45:00,10450.0,1000.0,1053500.0
17,2021-10-20 07:45:00,10450.0,200.0,1052500.0
18,2021-10-20 07:45:00,10450.0,500.0,1052300.0
19,2021-10-20 07:45:00,10450.0,300.0,1051800.0
20,2021-10-20 07:45:00,10450.0,200.0,1051500.0
21,2021-10-20 07:45:00,10450.0,200.0,1051300.0
22,2021-10-20 07:45:00,10450.0,300.0,1051100.0
23,2021-10-20 07:45:00,10450.0,500.0,1050800.0
24,2021-10-20 07:45:00,10450.0,1500.0,1050300.0
25,2021-10-20 07:45:00,10450.0,1000.0,1048800.0
26,2021-10-20 07:45:00,10450.0,500.0,1047800.0
27,2021-10-20 07:29:22,10450.0,400.0,1047300.0
28,2021-10-20 07:29:22,10450.0,600.0,1046900.0
29,2021-10-20 07:29:18,10450.0,1000.0,1046300.0
30,2021-10-20 07:29:18,10450.0,100.0,1045300.0
31,2021-10-20 07:28:23,10450.0,500.0,1045200.0
32,2021-10-20 07:27:46,10400.0,100.0,1044700.0
33,2021-10-20 07:27:46,10400.0,500.0,1044600.0
34,2021-10-20 07:27:46,10400.0,1400.0,1044100.0
35,2021-10-20 07:26:31,10350.0,2000.0,1042700.0
36,2021-10-20 07:26:22,10350.0,5300.0,1040700.0
37,2021-10-20 07:26:22,10350.0,1500.0,1035400.0
38,2021-10-20 07:26:22,10350.0,200.0,1033900.0
39,2021-10-20 07:26:03,10350.0,200.0,1033700.0
40,2021-10-20 07:26:03,10350.0,1400.0,1033500.0
41,2021-10-20 07:26:03,10350.0,3200.0,1032100.0
42,2021-10-20 07:26:00,10350.0,300.0,1028900.0
43,2021-10-20 07:25:54,10350.0,100.0,1028600.0
44,2021-10-20 07:25:53,10350.0,1400.0,1028500.0
45,2021-10-20 07:24:27,10300.0,100.0,1027100.0
46,2021-10-20 07:24:23,10300.0,500.0,1027000.0
47,2021-10-20 07:24:08,10300.0,100.0,1026500.0
48,2021-10-20 07:24:08,10300.0,100.0,1026400.0
49,2021-10-20 07:24:08,10300.0,800.0,1026300.0
50,2021-10-20 07:24:08,10250.0,600.0,1025500.0
51,2021-10-20 07:24:08,10250.0,100.0,1024900.0
52,2021-10-20 07:24:08,10250.0,800.0,1024800.0
53,2021-10-20 07:24:05,10300.0,100.0,1024000.0
54,2021-10-20 07:23:55,10300.0,400.0,1023900.0
55,2021-10-20 07:23:31,10250.0,1000.0,1023500.0
56,2021-10-20 07:23:21,10250.0,200.0,1022500.0
57,2021-10-20 07:23:18,10250.0,1000.0,1022300.0
58,2021-10-20 07:23:07,10250.0,500.0,1021300.0
59,2021-10-20 07:23:07,10250.0,300.0,1020800.0
60,2021-10-20 07:23:02,10250.0,700.0,1020500.0
61,2021-10-20 07:23:02,10250.0,500.0,1019800.0
62,2021-10-20 07:23:02,10250.0,100.0,1019300.0
63,2021-10-20 07:23:02,10250.0,1700.0,1019200.0
64,2021-10-20 07:22:52,10300.0,100.0,1017500.0
65,2021-10-20 07:22:50,10250.0,400.0,1017400.0
66,2021-10-20 07:22:28,10250.0,1000.0,1017000.0
67,2021-10-20 07:22:28,10250.0,3000.0,1016000.0
68,2021-10-20 07:22:28,10250.0,1000.0,1013000.0
69,2021-10-20 07:22:28,10250.0,100.0,1012000.0
70,2021-10-20 07:22:26,10300.0,100.0,1011900.0
71,2021-10-20 07:22:15,10250.0,1900.0,1011800.0
72,2021-10-20 07:22:15,10250.0,300.0,1009900.0
73,2021-10-20 07:22:15,10250.0,8600.0,1009600.0
74,2021-10-20 07:22:15,10250.0,200.0,1001000.0
75,2021-10-20 07:22:15,10250.0,2000.0,1000800.0
76,2021-10-20 07:22:15,10250.0,1000.0,998800.0
77,2021-10-20 07:22:15,10250.0,700.0,997800.0
78,2021-10-20 07:22:15,10250.0,5300.0,997100.0
79,2021-10-20 07:22:11,10300.0,100.0,991800.0
80,2021-10-20 07:21:47,10250.0,500.0,991700.0
81,2021-10-20 07:21:39,10250.0,2000.0,991200.0
82,2021-10-20 07:21:31,10250.0,200.0,989200.0
83,2021-10-20 07:21:31,10250.0,200.0,989000.0
84,2021-10-20 07:21:31,10250.0,100.0,988800.0
85,2021-10-20 07:21:19,10250.0,100.0,988700.0
86,2021-10-20 07:21:19,10250.0,1000.0,988600.0
87,2021-10-20 07:21:19,10250.0,900.0,987600.0
88,2021-10-20 07:21:13,10250.0,900.0,986700.0
89,2021-10-20 07:21:09,10250.0,2200.0,985800.0
90,2021-10-20 07:21:09,10250.0,1000.0,983600.0
91,2021-10-20 07:21:09,10250.0,100.0,982600.0
92,2021-10-20 07:21:09,10250.0,300.0,982500.0
93,2021-10-20 07:21:09,10250.0,200.0,982200.0
94,2021-10-20 07:21:09,10250.0,1200.0,982000.0
95,2021-10-20 07:21:00,10250.0,800.0,980800.0
96,2021-10-20 07:21:00,10250.0,200.0,980000.0
97,2021-10-20 07:20:58,10250.0,300.0,979800.0
98,2021-10-20 07:20:09,10300.0,200.0,979500.0
99,2021-10-20 07:20:09,10300.0,100.0,979300.0
100,2021-10-20 07:20:09,10300.0,100.0,979200.0
101,2021-10-20 07:20:09,10300.0,200.0,979100.0
102,2021-10-20 07:20:09,10300.0,800.0,978900.0
103,2021-10-20 07:20:03,10300.0,700.0,978100.0
104,2021-10-20 07:20:03,10300.0,1000.0,977400.0
105,2021-10-20 07:20:03,10300.0,600.0,976400.0
106,2021-10-20 07:20:03,10300.0,200.0,975800.0
107,2021-10-20 07:20:03,10300.0,500.0,975600.0
108,2021-10-20 07:19:58,10300.0,800.0,975100.0
109,2021-10-20 07:19:58,10300.0,300.0,974300.0
110,2021-10-20 07:19:58,10300.0,100.0,974000.0
111,2021-10-20 07:19:58,10300.0,1000.0,973900.0
112,2021-10-20 07:19:58,10300.0,5000.0,972900.0
113,2021-10-20 07:19:58,10300.0,2400.0,967900.0
114,2021-10-20 07:19:58,10300.0,200.0,965500.0
115,2021-10-20 07:19:58,10300.0,2000.0,965300.0
116,2021-10-20 07:19:58,10300.0,3700.0,963300.0
117,2021-10-20 07:19:51,10300.0,300.0,959600.0
118,2021-10-20 07:19:51,10300.0,100.0,959300.0
119,2021-10-20 07:19:51,10300.0,200.0,959200.0
120,2021-10-20 07:19:51,10300.0,1000.0,959000.0
121,2021-10-20 07:19:51,10300.0,400.0,958000.0
122,2021-10-20 07:19:28,10350.0,500.0,957600.0
123,2021-10-20 07:19:19,10350.0,2000.0,957100.0
124,2021-10-20 07:19:15,10300.0,1600.0,955100.0
125,2021-10-20 07:19:15,10300.0,600.0,953500.0
126,2021-10-20 07:19:15,10300.0,600.0,952900.0
127,2021-10-20 07:19:15,10300.0,200.0,952300.0
128,2021-10-20 07:19:15,10300.0,1000.0,952100.0
129,2021-10-20 07:19:15,10300.0,200.0,951100.0
130,2021-10-20 07:19:15,10300.0,500.0,950900.0
131,2021-10-20 07:19:15,10300.0,1000.0,950400.0
132,2021-10-20 07:19:15,10300.0,100.0,949400.0
133,2021-10-20 07:19:15,10300.0,1000.0,949300.0
134,2021-10-20 07:19:15,10300.0,100.0,948300.0
135,2021-10-20 07:19:15,10300.0,1000.0,948200.0
136,2021-10-20 07:19:15,10300.0,200.0,947200.0
137,2021-10-20 07:19:15,10300.0,500.0,947000.0
138,2021-10-20 07:19:15,10300.0,500.0,946500.0
139,2021-10-20 07:19:15,10300.0,10000.0,946000.0
140,2021-10-20 07:19:15,10300.0,1000.0,936000.0
141,2021-10-20 07:19:15,10300.0,200.0,935000.0
142,2021-10-20 07:19:15,10300.0,10000.0,934800.0
143,2021-10-20 07:19:15,10300.0,100.0,924800.0
144,2021-10-20 07:19:15,10300.0,500.0,924700.0
145,2021-10-20 07:19:15,10300.0,100.0,924200.0
146,2021-10-20 07:19:15,10300.0,2000.0,924100.0
147,2021-10-20 07:19:14,10350.0,500.0,922100.0
148,2021-10-20 07:19:14,10350.0,200.0,921600.0
149,2021-10-20 07:19:14,10350.0,100.0,921400.0
150,2021-10-20 07:19:14,10350.0,200.0,921300.0
151,2021-10-20 07:19:14,10350.0,100.0,921100.0
152,2021-10-20 07:19:08,10350.0,100.0,921000.0
153,2021-10-20 07:19:08,10350.0,500.0,920900.0
154,2021-10-20 07:19:08,10350.0,1000.0,920400.0
155,2021-10-20 07:19:08,10350.0,300.0,919400.0
156,2021-10-20 07:19:08,10350.0,100.0,919100.0
157,2021-10-20 07:18:56,10350.0,300.0,919000.0
158,2021-10-20 07:18:53,10350.0,500.0,918700.0
159,2021-10-20 07:18:41,10400.0,100.0,918200.0
160,2021-10-20 07:18:30,10350.0,300.0,918100.0
161,2021-10-20 07:18:30,10350.0,500.0,917800.0
162,2021-10-20 07:18:30,10350.0,2000.0,917300.0
163,2021-10-20 07:18:30,10350.0,300.0,915300.0
164,2021-10-20 07:18:30,10350.0,200.0,915000.0
165,2021-10-20 07:18:30,10350.0,300.0,914800.0
166,2021-10-20 07:18:30,10350.0,200.0,914500.0
167,2021-10-20 07:18:04,10350.0,500.0,914300.0
168,2021-10-20 07:17:59,10350.0,100.0,913800.0
169,2021-10-20 07:17:59,10350.0,100.0,913700.0
170,2021-10-20 07:17:59,10350.0,500.0,913600.0
171,2021-10-20 07:17:24,10400.0,500.0,913100.0
172,2021-10-20 07:17:00,10350.0,1000.0,912600.0
173,2021-10-20 07:17:00,10350.0,100.0,911600.0
174,2021-10-20 07:16:20,10350.0,100.0,911500.0
175,2021-10-20 07:16:20,10350.0,100.0,911400.0
176,2021-10-20 07:16:07,10350.0,200.0,911300.0
177,2021-10-20 07:16:06,10350.0,200.0,911100.0
178,2021-10-20 07:16:06,10350.0,500.0,910900.0
179,2021-10-20 07:16:06,10350.0,500.0,910400.0
180,2021-10-20 07:16:06,10350.0,300.0,909900.0
181,2021-10-20 07:16:06,10350.0,2000.0,909600.0
182,2021-10-20 07:16:06,10350.0,200.0,907600.0
183,2021-10-20 07:15:46,10350.0,500.0,907400.0
184,2021-10-20 07:15:46,10350.0,100.0,906900.0
185,2021-10-20 07:15:46,10350.0,100.0,906800.0
186,2021-10-20 07:15:46,10350.0,400.0,906700.0
187,2021-10-20 07:15:46,10350.0,200.0,906300.0
188,2021-10-20 07:15:40,10400.0,100.0,906100.0
189,2021-10-20 07:14:24,10400.0,7700.0,906000.0
190,2021-10-20 07:13:49,10400.0,800.0,898300.0
191,2021-10-20 07:13:34,10400.0,100.0,897500.0
192,2021-10-20 07:13:34,10400.0,1000.0,897400.0
193,2021-10-20 07:13:34,10400.0,2900.0,896400.0
194,2021-10-20 07:13:32,10400.0,2100.0,893500.0
195,2021-10-20 07:13:32,10400.0,1000.0,891400.0
196,2021-10-20 07:13:32,10400.0,100.0,890400.0
197,2021-10-20 07:13:32,10400.0,100.0,890300.0
198,2021-10-20 07:13:32,10400.0,100.0,890200.0
199,2021-10-20 07:13:32,10400.0,500.0,890100.0
200,2021-10-20 07:13:32,10400.0,1000.0,889600.0
201,2021-10-20 07:13:32,10400.0,1000.0,888600.0
202,2021-10-20 07:13:32,10400.0,200.0,887600.0
203,2021-10-20 07:13:32,10400.0,2000.0,887400.0
204,2021-10-20 07:13:32,10400.0,200.0,885400.0
205,2021-10-20 07:13:32,10400.0,100.0,885200.0
206,2021-10-20 07:13:32,10400.0,2000.0,885100.0
207,2021-10-20 07:13:32,10400.0,300.0,883100.0
208,2021-10-20 07:13:32,10400.0,2000.0,882800.0
209,2021-10-20 07:13:32,10400.0,2000.0,880800.0
210,2021-10-20 07:13:32,10400.0,6000.0,878800.0
211,2021-10-20 07:13:32,10400.0,100.0,872800.0
212,2021-10-20 07:13:32,10400.0,300.0,872700.0
213,2021-10-20 07:13:32,10400.0,200.0,872400.0
214,2021-10-20 07:13:32,10400.0,200.0,872200.0
215,2021-10-20 07:13:32,10400.0,200.0,872000.0
216,2021-10-20 07:13:32,10400.0,1000.0,871800.0
217,2021-10-20 07:13:32,10400.0,1800.0,870800.0
218,2021-10-20 07:13:32,10400.0,100.0,869000.0
219,2021-10-20 07:13:32,10400.0,400.0,868900.0
220,2021-10-20 07:13:32,10400.0,200.0,868500.0
221,2021-10-20 07:13:32,10400.0,300.0,868300.0
222,2021-10-20 07:13:32,10400.0,500.0,868000.0
223,2021-10-20 07:13:32,10400.0,200.0,867500.0
224,2021-10-20 07:13:32,10400.0,200.0,867300.0
225,2021-10-20 07:13:32,10400.0,200.0,867100.0
226,2021-10-20 07:13:32,10400.0,13400.0,866900.0
227,2021-10-20 07:13:30,10400.0,500.0,853500.0
228,2021-10-20 07:13:10,10400.0,2000.0,853000.0
229,2021-10-20 07:12:09,10400.0,3000.0,851000.0
230,2021-10-20 07:10:23,10450.0,400.0,848000.0
231,2021-10-20 07:10:23,10450.0,700.0,847600.0
232,2021-10-20 07:10:23,10450.0,900.0,846900.0
233,2021-10-20 07:07:58,10450.0,100.0,846000.0
234,2021-10-20 07:07:58,10450.0,900.0,845900.0
235,2021-10-20 07:07:58,10450.0,1000.0,845000.0
236,2021-10-20 07:07:58,10450.0,200.0,844000.0
237,2021-10-20 07:07:58,10450.0,100.0,843800.0
238,2021-10-20 07:07:58,10450.0,100.0,843700.0
239,2021-10-20 07:07:58,10450.0,500.0,843600.0
240,2021-10-20 07:07:58,10450.0,1500.0,843100.0
241,2021-10-20 07:07:58,10450.0,3000.0,841600.0
242,2021-10-20 07:07:58,10450.0,100.0,838600.0
243,2021-10-20 07:07:58,10450.0,100.0,838500.0
244,2021-10-20 07:07:58,10450.0,300.0,838400.0
245,2021-10-20 07:07:58,10450.0,100.0,838100.0
246,2021-10-20 07:06:27,10450.0,100.0,838000.0
247,2021-10-20 07:06:20,10400.0,1100.0,837900.0
248,2021-10-20 07:06:20,10400.0,1000.0,836800.0
249,2021-10-20 07:06:20,10400.0,1000.0,835800.0
250,2021-10-20 07:06:20,10400.0,2000.0,834800.0
251,2021-10-20 07:06:20,10400.0,4900.0,832800.0
252,2021-10-20 07:05:11,10400.0,3700.0,827900.0
253,2021-10-20 07:05:08,10450.0,100.0,824200.0
254,2021-10-20 07:03:55,10450.0,500.0,824100.0
255,2021-10-20 07:02:46,10450.0,600.0,823600.0
256,2021-10-20 07:02:40,10450.0,300.0,823000.0
257,2021-10-20 07:02:09,10450.0,500.0,822700.0
258,2021-10-20 07:02:09,10450.0,100.0,822200.0
259,2021-10-20 07:02:09,10450.0,100.0,822100.0
260,2021-10-20 07:02:09,10450.0,100.0,822000.0
261,2021-10-20 07:02:09,10450.0,200.0,821900.0
262,2021-10-20 07:02:09,10450.0,100.0,821700.0
263,2021-10-20 07:02:09,10450.0,900.0,821600.0
264,2021-10-20 06:59:31,10450.0,100.0,820700.0
265,2021-10-20 06:59:31,10450.0,4900.0,820600.0
266,2021-10-20 06:58:47,10450.0,400.0,815700.0
267,2021-10-20 06:57:59,10450.0,4200.0,815300.0
268,2021-10-20 06:57:59,10450.0,1000.0,811100.0
269,2021-10-20 06:57:59,10450.0,1800.0,810100.0
270,2021-10-20 06:56:08,10450.0,1000.0,808300.0
271,2021-10-20 06:56:08,10450.0,700.0,807300.0
272,2021-10-20 06:56:08,10450.0,200.0,806600.0
273,2021-10-20 06:56:08,10450.0,100.0,806400.0
274,2021-10-20 06:53:10,10450.0,100.0,806300.0
275,2021-10-20 06:53:10,10450.0,200.0,806200.0
276,2021-10-20 06:53:10,10450.0,200.0,806000.0
277,2021-10-20 06:53:10,10450.0,500.0,805800.0
278,2021-10-20 06:52:48,10450.0,500.0,805300.0
279,2021-10-20 06:52:43,10450.0,300.0,804800.0
280,2021-10-20 06:52:26,10450.0,600.0,804500.0
281,2021-10-20 06:51:32,10450.0,1000.0,803900.0
282,2021-10-20 06:51:20,10500.0,5000.0,802900.0
283,2021-10-20 06:50:39,10450.0,1000.0,797900.0
284,2021-10-20 06:49:19,10450.0,2600.0,796900.0
285,2021-10-20 06:49:19,10450.0,7400.0,794300.0
286,2021-10-20 06:46:41,10450.0,1000.0,786900.0
287,2021-10-20 06:46:31,10450.0,4000.0,785900.0
288,2021-10-20 06:46:31,10450.0,1000.0,781900.0
289,2021-10-20 06:45:25,10450.0,11000.0,780900.0
290,2021-10-20 06:45:12,10450.0,2000.0,769900.0
291,2021-10-20 06:43:31,10450.0,2000.0,767900.0
292,2021-10-20 06:42:41,10450.0,100.0,765900.0
293,2021-10-20 06:42:29,10400.0,1400.0,765800.0
294,2021-10-20 06:42:29,10400.0,100.0,764400.0
295,2021-10-20 06:42:29,10400.0,1000.0,764300.0
296,2021-10-20 06:42:29,10400.0,700.0,763300.0
297,2021-10-20 06:42:00,10400.0,300.0,762600.0
298,2021-10-20 06:39:39,10400.0,200.0,762300.0
299,2021-10-20 06:39:39,10400.0,100.0,762100.0
300,2021-10-20 06:39:39,10400.0,100.0,762000.0
301,2021-10-20 06:39:39,10400.0,100.0,761900.0
302,2021-10-20 06:39:39,10400.0,300.0,761800.0
303,2021-10-20 06:39:18,10400.0,200.0,761500.0
304,2021-10-20 06:38:50,10400.0,400.0,761300.0
305,2021-10-20 06:38:50,10400.0,100.0,760900.0
306,2021-10-20 06:38:50,10400.0,100.0,760800.0
307,2021-10-20 06:38:50,10400.0,500.0,760700.0
308,2021-10-20 06:38:50,10400.0,100.0,760200.0
309,2021-10-20 06:38:50,10400.0,100.0,760100.0
310,2021-10-20 06:38:50,10400.0,100.0,760000.0
311,2021-10-20 06:38:50,10400.0,400.0,759900.0
312,2021-10-20 06:38:50,10400.0,200.0,759500.0
313,2021-10-20 06:38:50,10400.0,1000.0,759300.0
314,2021-10-20 06:38:50,10400.0,200.0,758300.0
315,2021-10-20 06:38:50,10400.0,200.0,758100.0
316,2021-10-20 06:38:50,10400.0,1000.0,757900.0
317,2021-10-20 06:38:50,10400.0,200.0,756900.0
318,2021-10-20 06:38:50,10400.0,3000.0,756700.0
319,2021-10-20 06:38:50,10400.0,100.0,753700.0
320,2021-10-20 06:38:50,10400.0,1000.0,753600.0
321,2021-10-20 06:38:50,10400.0,1000.0,752600.0
322,2021-10-20 06:38:50,10400.0,300.0,751600.0
323,2021-10-20 06:38:50,10400.0,7300.0,751300.0
324,2021-10-20 06:38:26,10400.0,2300.0,744000.0
325,2021-10-20 06:37:54,10400.0,1700.0,741700.0
326,2021-10-20 06:37:26,10400.0,500.0,740000.0
327,2021-10-20 06:37:26,10400.0,500.0,739500.0
328,2021-10-20 06:35:44,10450.0,100.0,739000.0
329,2021-10-20 06:34:16,10450.0,1000.0,738900.0
330,2021-10-20 06:33:47,10450.0,1000.0,737900.0
331,2021-10-20 06:33:39,10450.0,100.0,736900.0
332,2021-10-20 06:33:14,10450.0,100.0,736800.0
333,2021-10-20 06:33:14,10450.0,2500.0,736700.0
334,2021-10-20 06:33:14,10450.0,1000.0,734200.0
335,2021-10-20 06:33:14,10450.0,1600.0,733200.0
336,2021-10-20 06:33:14,10450.0,4000.0,731600.0
337,2021-10-20 06:33:14,10450.0,300.0,727600.0
338,2021-10-20 06:33:14,10450.0,100.0,727300.0
339,2021-10-20 06:33:14,10450.0,900.0,727200.0
340,2021-10-20 06:31:24,10450.0,100.0,726300.0
341,2021-10-20 06:31:24,10450.0,200.0,726200.0
342,2021-10-20 06:31:24,10450.0,400.0,726000.0
343,2021-10-20 06:31:24,10450.0,100.0,725600.0
344,2021-10-20 06:31:24,10450.0,200.0,725500.0
345,2021-10-20 06:31:24,10450.0,500.0,725300.0
346,2021-10-20 06:31:24,10450.0,1000.0,724800.0
347,2021-10-20 06:31:24,10450.0,100.0,723800.0
348,2021-10-20 06:31:24,10450.0,200.0,723700.0
349,2021-10-20 06:31:24,10450.0,500.0,723500.0
350,2021-10-20 06:31:24,10450.0,300.0,723000.0
351,2021-10-20 06:31:24,10450.0,500.0,722700.0
352,2021-10-20 06:31:24,10450.0,300.0,722200.0
353,2021-10-20 06:31:24,10450.0,100.0,721900.0
354,2021-10-20 06:31:24,10450.0,500.0,721800.0
355,2021-10-20 06:31:24,10450.0,300.0,721300.0
356,2021-10-20 06:31:24,10450.0,5000.0,721000.0
357,2021-10-20 06:31:24,10450.0,500.0,716000.0
358,2021-10-20 06:31:24,10450.0,1500.0,715500.0
359,2021-10-20 06:31:24,10450.0,1000.0,714000.0
360,2021-10-20 06:31:24,10450.0,400.0,713000.0
361,2021-10-20 06:31:24,10450.0,100.0,712600.0
362,2021-10-20 06:31:24,10450.0,200.0,712500.0
363,2021-10-20 06:31:24,10450.0,100.0,712300.0
364,2021-10-20 06:31:24,10450.0,1000.0,712200.0
365,2021-10-20 06:31:24,10450.0,500.0,711200.0
366,2021-10-20 06:31:24,10450.0,1200.0,710700.0
367,2021-10-20 06:31:24,10450.0,1000.0,709500.0
368,2021-10-20 06:31:24,10450.0,2000.0,708500.0
369,2021-10-20 06:31:24,10450.0,500.0,706500.0
370,2021-10-20 06:31:24,10450.0,1000.0,706000.0
371,2021-10-20 06:31:24,10450.0,1500.0,705000.0
372,2021-10-20 06:31:24,10450.0,500.0,703500.0
373,2021-10-20 06:31:24,10450.0,500.0,703000.0
374,2021-10-20 06:31:24,10450.0,100.0,702500.0
375,2021-10-20 06:31:24,10450.0,300.0,702400.0
376,2021-10-20 06:31:24,10450.0,200.0,702100.0
377,2021-10-20 06:31:24,10450.0,200.0,701900.0
378,2021-10-20 06:31:24,10450.0,100.0,701700.0
379,2021-10-20 06:31:24,10450.0,400.0,701600.0
380,2021-10-20 06:31:24,10450.0,2000.0,701200.0
381,2021-10-20 06:31:24,10450.0,300.0,699200.0
382,2021-10-20 06:31:24,10450.0,300.0,698900.0
383,2021-10-20 06:31:24,10450.0,1200.0,698600.0
384,2021-10-20 06:30:52,10450.0,2800.0,697400.0
385,2021-10-20 06:30:52,10450.0,4200.0,694600.0
386,2021-10-20 06:28:30,10450.0,1000.0,690400.0
387,2021-10-20 06:26:25,10450.0,5000.0,689400.0
388,2021-10-20 06:26:25,10450.0,2000.0,684400.0
389,2021-10-20 06:26:21,10450.0,100.0,682400.0
390,2021-10-20 06:25:33,10450.0,700.0,682300.0
391,2021-10-20 06:24:45,10450.0,2000.0,681600.0
392,2021-10-20 06:24:09,10500.0,200.0,679600.0
393,2021-10-20 06:23:53,10500.0,15000.0,679400.0
394,2021-10-20 06:23:33,10500.0,1000.0,664400.0
395,2021-10-20 06:23:22,10500.0,500.0,663400.0
396,2021-10-20 06:22:58,10500.0,6500.0,662900.0
397,2021-10-20 06:22:58,10500.0,2000.0,656400.0
398,2021-10-20 06:22:58,10500.0,1500.0,654400.0
399,2021-10-20 06:22:45,10500.0,700.0,652900.0
400,2021-10-20 06:22:33,10500.0,200.0,652200.0
401,2021-10-20 06:22:17,10500.0,200.0,652000.0
402,2021-10-20 06:21:20,10500.0,400.0,651800.0
403,2021-10-20 06:20:56,10500.0,100.0,651400.0
404,2021-10-20 06:20:56,10500.0,400.0,651300.0
405,2021-10-20 06:20:56,10500.0,100.0,650900.0
406,2021-10-20 06:20:56,10500.0,300.0,650800.0
407,2021-10-20 06:20:56,10500.0,500.0,650500.0
408,2021-10-20 06:20:56,10500.0,100.0,650000.0
409,2021-10-20 06:20:19,10500.0,200.0,649900.0
410,2021-10-20 06:20:01,10500.0,200.0,649700.0
411,2021-10-20 06:20:01,10500.0,300.0,649500.0
412,2021-10-20 06:19:40,10500.0,1700.0,649200.0
413,2021-10-20 06:19:40,10500.0,100.0,647500.0
414,2021-10-20 06:19:40,10500.0,200.0,647400.0
415,2021-10-20 06:19:27,10500.0,600.0,647200.0
416,2021-10-20 06:19:27,10500.0,200.0,646600.0
417,2021-10-20 06:19:27,10500.0,200.0,646400.0
418,2021-10-20 06:19:17,10500.0,100.0,646200.0
419,2021-10-20 06:17:47,10500.0,700.0,646100.0
420,2021-10-20 06:17:47,10500.0,800.0,645400.0
421,2021-10-20 06:17:47,10500.0,500.0,644600.0
422,2021-10-20 06:17:27,10500.0,200.0,644100.0
423,2021-10-20 06:17:12,10500.0,500.0,643900.0
424,2021-10-20 06:17:12,10500.0,500.0,643400.0
425,2021-10-20 06:16:47,10500.0,100.0,642900.0
426,2021-10-20 06:16:47,10500.0,900.0,642800.0
427,2021-10-20 06:16:07,10500.0,100.0,641900.0
428,2021-10-20 06:16:07,10500.0,400.0,641800.0
429,2021-10-20 06:15:59,10500.0,300.0,641400.0
430,2021-10-20 06:15:46,10550.0,300.0,641100.0
431,2021-10-20 06:15:31,10550.0,1000.0,640800.0
432,2021-10-20 06:15:21,10550.0,3300.0,639800.0
433,2021-10-20 06:14:43,10550.0,1500.0,636500.0
434,2021-10-20 06:13:53,10500.0,300.0,635000.0
435,2021-10-20 06:13:53,10500.0,200.0,634700.0
436,2021-10-20 06:12:58,10500.0,800.0,634500.0
437,2021-10-20 06:12:36,10500.0,100.0,633700.0
438,2021-10-20 06:11:48,10500.0,300.0,633600.0
439,2021-10-20 06:11:12,10500.0,100.0,633300.0
440,2021-10-20 06:10:27,10500.0,500.0,633200.0
441,2021-10-20 06:10:27,10500.0,1000.0,632700.0
442,2021-10-20 06:10:27,10500.0,500.0,631700.0
443,2021-10-20 06:10:27,10500.0,500.0,631200.0
444,2021-10-20 06:10:27,10500.0,1000.0,630700.0
445,2021-10-20 06:10:27,10500.0,300.0,629700.0
446,2021-10-20 06:10:27,10500.0,1000.0,629400.0
447,2021-10-20 06:10:27,10500.0,300.0,628400.0
448,2021-10-20 06:10:27,10500.0,500.0,628100.0
449,2021-10-20 06:10:27,10500.0,5400.0,627600.0
450,2021-10-20 06:09:34,10550.0,100.0,622200.0
451,2021-10-20 06:09:33,10500.0,1000.0,622100.0
452,2021-10-20 06:09:04,10500.0,100.0,621100.0
453,2021-10-20 06:08:21,10500.0,500.0,621000.0
454,2021-10-20 06:04:48,10500.0,300.0,620500.0
455,2021-10-20 06:02:51,10500.0,100.0,620200.0
456,2021-10-20 06:02:51,10500.0,300.0,620100.0
457,2021-10-20 06:02:51,10500.0,200.0,619800.0
458,2021-10-20 06:02:51,10500.0,100.0,619600.0
459,2021-10-20 06:02:51,10500.0,500.0,619500.0
460,2021-10-20 06:02:51,10500.0,3000.0,619000.0
461,2021-10-20 06:02:51,10500.0,8500.0,616000.0
462,2021-10-20 06:01:00,10500.0,400.0,607500.0
463,2021-10-20 06:00:33,10500.0,1000.0,607100.0
464,2021-10-20 06:00:25,10500.0,100.0,606100.0
465,2021-10-20 06:00:25,10500.0,1000.0,606000.0
466,2021-10-20 06:00:22,10500.0,100.0,605000.0
467,2021-10-20 06:00:19,10500.0,400.0,604900.0
468,2021-10-20 06:00:19,10500.0,500.0,604500.0
469,2021-10-20 06:00:17,10500.0,100.0,604000.0
470,2021-10-20 06:00:16,10500.0,100.0,603900.0
471,2021-10-20 06:00:15,10500.0,7800.0,603800.0
472,2021-10-20 06:00:15,10500.0,3000.0,596000.0
473,2021-10-20 06:00:15,10500.0,100.0,593000.0
474,2021-10-20 06:00:15,10500.0,400.0,592900.0
475,2021-10-20 06:00:07,10500.0,100.0,592500.0
476,2021-10-20 06:00:06,10500.0,300.0,592400.0
477,2021-10-20 06:00:04,10500.0,100.0,592100.0
478,2021-10-20 06:00:02,10500.0,200.0,592000.0
479,2021-10-20 06:00:01,10500.0,300.0,591800.0
480,2021-10-20 06:00:01,10500.0,200.0,591500.0
481,2021-10-20 06:00:00,10500.0,500.0,591300.0
482,2021-10-20 06:00:00,10500.0,5000.0,590800.0
483,2021-10-20 04:29:53,10500.0,100.0,585800.0
484,2021-10-20 04:29:44,10500.0,100.0,585700.0
485,2021-10-20 04:29:15,10500.0,100.0,585600.0
486,2021-10-20 04:28:22,10500.0,100.0,585500.0
487,2021-10-20 04:27:39,10500.0,300.0,585400.0
488,2021-10-20 04:27:16,10500.0,1600.0,585100.0
489,2021-10-20 04:26:22,10500.0,1000.0,583500.0
490,2021-10-20 04:26:11,10500.0,900.0,582500.0
491,2021-10-20 04:26:11,10500.0,100.0,581600.0
492,2021-10-20 04:24:42,10500.0,900.0,581500.0
493,2021-10-20 04:24:42,10500.0,100.0,580600.0
494,2021-10-20 04:24:14,10500.0,5000.0,580500.0
495,2021-10-20 04:23:41,10500.0,1000.0,575500.0
496,2021-10-20 04:22:35,10500.0,100.0,574500.0
497,2021-10-20 04:21:52,10500.0,100.0,574400.0
498,2021-10-20 04:21:38,10500.0,500.0,574300.0
499,2021-10-20 04:21:09,10450.0,800.0,573800.0
500,2021-10-20 04:21:00,10500.0,300.0,573000.0
501,2021-10-20 04:20:13,10500.0,100.0,572700.0
502,2021-10-20 04:18:09,10500.0,1000.0,572600.0
503,2021-10-20 04:15:58,10500.0,700.0,571600.0
504,2021-10-20 04:15:58,10500.0,100.0,570900.0
505,2021-10-20 04:15:58,10500.0,1000.0,570800.0
506,2021-10-20 04:15:58,10500.0,500.0,569800.0
507,2021-10-20 04:15:58,10500.0,2000.0,569300.0
508,2021-10-20 04:15:58,10500.0,5700.0,567300.0
509,2021-10-20 04:13:37,10450.0,5000.0,561600.0
510,2021-10-20 04:12:52,10450.0,9000.0,556600.0
511,2021-10-20 04:12:23,10500.0,200.0,547600.0
512,2021-10-20 04:09:33,10500.0,100.0,547400.0
513,2021-10-20 04:08:18,10500.0,100.0,547300.0
514,2021-10-20 04:07:16,10500.0,400.0,547200.0
515,2021-10-20 04:07:16,10500.0,100.0,546800.0
516,2021-10-20 04:07:16,10500.0,1000.0,546700.0
517,2021-10-20 04:07:16,10500.0,300.0,545700.0
518,2021-10-20 04:07:16,10500.0,200.0,545400.0
519,2021-10-20 04:07:16,10500.0,3200.0,545200.0
520,2021-10-20 04:07:04,10500.0,100.0,542000.0
521,2021-10-20 04:05:10,10550.0,100.0,541900.0
522,2021-10-20 04:04:16,10550.0,100.0,541800.0
523,2021-10-20 04:04:09,10500.0,1000.0,541700.0
524,2021-10-20 04:03:32,10500.0,500.0,540700.0
525,2021-10-20 04:03:32,10500.0,100.0,540200.0
526,2021-10-20 04:03:18,10550.0,4700.0,540100.0
527,2021-10-20 04:03:03,10500.0,1100.0,535400.0
528,2021-10-20 04:01:44,10500.0,500.0,534300.0
529,2021-10-20 04:01:23,10500.0,100.0,533800.0
530,2021-10-20 04:01:03,10500.0,1000.0,533700.0
531,2021-10-20 04:01:03,10500.0,500.0,532700.0
532,2021-10-20 04:01:02,10500.0,1000.0,532200.0
533,2021-10-20 03:59:49,10500.0,200.0,531200.0
534,2021-10-20 03:57:57,10500.0,500.0,531000.0
535,2021-10-20 03:57:20,10500.0,100.0,530500.0
536,2021-10-20 03:57:08,10500.0,900.0,530400.0
537,2021-10-20 03:57:08,10500.0,100.0,529500.0
538,2021-10-20 03:56:49,10550.0,800.0,529400.0
539,2021-10-20 03:56:49,10550.0,1000.0,528600.0
540,2021-10-20 03:56:49,10550.0,4200.0,527600.0
541,2021-10-20 03:56:14,10500.0,1000.0,523400.0
542,2021-10-20 03:55:54,10500.0,100.0,522400.0
543,2021-10-20 03:55:40,10500.0,500.0,522300.0
544,2021-10-20 03:55:40,10500.0,300.0,521800.0
545,2021-10-20 03:54:18,10450.0,3500.0,521500.0
546,2021-10-20 03:54:08,10500.0,700.0,518000.0
547,2021-10-20 03:53:59,10500.0,200.0,517300.0
548,2021-10-20 03:53:59,10500.0,100.0,517100.0
549,2021-10-20 03:51:50,10500.0,1000.0,517000.0
550,2021-10-20 03:51:50,10500.0,500.0,516000.0
551,2021-10-20 03:51:50,10500.0,200.0,515500.0
552,2021-10-20 03:51:41,10500.0,2800.0,515300.0
553,2021-10-20 03:51:41,10500.0,100.0,512500.0
554,2021-10-20 03:51:41,10500.0,1000.0,512400.0
555,2021-10-20 03:51:41,10500.0,3500.0,511400.0
556,2021-10-20 03:51:41,10500.0,1000.0,507900.0
557,2021-10-20 03:51:41,10500.0,100.0,506900.0
558,2021-10-20 03:51:41,10500.0,500.0,506800.0
559,2021-10-20 03:51:41,10500.0,500.0,506300.0
560,2021-10-20 03:51:41,10500.0,1000.0,505800.0
561,2021-10-20 03:51:41,10500.0,6900.0,504800.0
562,2021-10-20 03:51:41,10500.0,1000.0,497900.0
563,2021-10-20 03:51:41,10500.0,1600.0,496900.0
564,2021-10-20 03:51:40,10550.0,800.0,495300.0
565,2021-10-20 03:51:40,10550.0,200.0,494500.0
566,2021-10-20 03:51:09,10500.0,300.0,494300.0
567,2021-10-20 03:51:04,10500.0,100.0,494000.0
568,2021-10-20 03:51:04,10500.0,900.0,493900.0
569,2021-10-20 03:50:52,10500.0,500.0,493000.0
570,2021-10-20 03:49:28,10500.0,300.0,492500.0
571,2021-10-20 03:48:55,10550.0,200.0,492200.0
572,2021-10-20 03:48:03,10550.0,200.0,492000.0
573,2021-10-20 03:47:22,10550.0,1400.0,491800.0
574,2021-10-20 03:47:22,10550.0,600.0,490400.0
575,2021-10-20 03:46:11,10550.0,100.0,489800.0
576,2021-10-20 03:45:42,10500.0,100.0,489700.0
577,2021-10-20 03:45:00,10500.0,1000.0,489600.0
578,2021-10-20 03:44:20,10500.0,100.0,488600.0
579,2021-10-20 03:42:17,10500.0,100.0,488500.0
580,2021-10-20 03:42:17,10500.0,300.0,488400.0
581,2021-10-20 03:41:58,10500.0,4700.0,488100.0
582,2021-10-20 03:41:58,10500.0,1000.0,483400.0
583,2021-10-20 03:41:58,10500.0,300.0,482400.0
584,2021-10-20 03:41:58,10500.0,1000.0,482100.0
585,2021-10-20 03:41:58,10500.0,100.0,481100.0
586,2021-10-20 03:41:58,10500.0,100.0,481000.0
587,2021-10-20 03:41:58,10500.0,100.0,480900.0
588,2021-10-20 03:41:58,10500.0,5000.0,480800.0
589,2021-10-20 03:41:58,10500.0,200.0,475800.0
590,2021-10-20 03:41:58,10500.0,100.0,475600.0
591,2021-10-20 03:41:58,10500.0,5000.0,475500.0
592,2021-10-20 03:41:58,10500.0,1500.0,470500.0
593,2021-10-20 03:41:58,10500.0,5000.0,469000.0
594,2021-10-20 03:41:58,10500.0,1000.0,464000.0
595,2021-10-20 03:41:58,10500.0,200.0,463000.0
596,2021-10-20 03:41:58,10500.0,4700.0,462800.0
597,2021-10-20 03:41:58,10500.0,500.0,458100.0
598,2021-10-20 03:41:58,10500.0,4500.0,457600.0
599,2021-10-20 03:41:58,10500.0,200.0,453100.0
600,2021-10-20 03:41:58,10500.0,200.0,452900.0
601,2021-10-20 03:41:58,10500.0,700.0,452700.0
602,2021-10-20 03:41:58,10500.0,300.0,452000.0
603,2021-10-20 03:41:58,10500.0,4500.0,451700.0
604,2021-10-20 03:41:51,10500.0,5500.0,447200.0
605,2021-10-20 03:41:51,10500.0,2000.0,441700.0
606,2021-10-20 03:41:51,10500.0,1400.0,439700.0
607,2021-10-20 03:41:51,10500.0,200.0,438300.0
608,2021-10-20 03:41:51,10500.0,100.0,438100.0
609,2021-10-20 03:41:51,10500.0,800.0,438000.0
610,2021-10-20 03:41:35,10550.0,3500.0,437200.0
611,2021-10-20 03:40:39,10550.0,200.0,433700.0
612,2021-10-20 03:40:02,10550.0,300.0,433500.0
613,2021-10-20 03:39:53,10550.0,500.0,433200.0
614,2021-10-20 03:39:53,10550.0,200.0,432700.0
615,2021-10-20 03:39:53,10550.0,400.0,432500.0
616,2021-10-20 03:39:53,10550.0,100.0,432100.0
617,2021-10-20 03:39:53,10550.0,500.0,432000.0
618,2021-10-20 03:39:53,10550.0,100.0,431500.0
619,2021-10-20 03:39:53,10550.0,5000.0,431400.0
620,2021-10-20 03:39:53,10550.0,100.0,426400.0
621,2021-10-20 03:39:53,10550.0,8400.0,426300.0
622,2021-10-20 03:39:40,10550.0,1600.0,417900.0
623,2021-10-20 03:39:40,10550.0,3400.0,416300.0
624,2021-10-20 03:39:38,10550.0,400.0,412900.0
625,2021-10-20 03:39:38,10550.0,200.0,412500.0
626,2021-10-20 03:39:38,10550.0,500.0,412300.0
627,2021-10-20 03:39:38,10550.0,700.0,411800.0
628,2021-10-20 03:39:38,10550.0,1000.0,411100.0
629,2021-10-20 03:39:38,10550.0,2200.0,410100.0
630,2021-10-20 03:39:33,10550.0,100.0,407900.0
631,2021-10-20 03:39:30,10550.0,1400.0,407800.0
632,2021-10-20 03:39:30,10550.0,100.0,406400.0
633,2021-10-20 03:38:42,10550.0,300.0,406300.0
634,2021-10-20 03:38:14,10550.0,2000.0,406000.0
635,2021-10-20 03:38:13,10600.0,400.0,404000.0
636,2021-10-20 03:38:13,10600.0,600.0,403600.0
637,2021-10-20 03:38:09,10600.0,500.0,403000.0
638,2021-10-20 03:38:09,10600.0,200.0,402500.0
639,2021-10-20 03:38:03,10600.0,200.0,402300.0
640,2021-10-20 03:38:03,10600.0,100.0,402100.0
641,2021-10-20 03:37:58,10600.0,100.0,402000.0
642,2021-10-20 03:37:51,10600.0,2800.0,401900.0
643,2021-10-20 03:37:51,10600.0,200.0,399100.0
644,2021-10-20 03:37:12,10600.0,200.0,398900.0
645,2021-10-20 03:36:14,10600.0,600.0,398700.0
646,2021-10-20 03:36:14,10600.0,500.0,398100.0
647,2021-10-20 03:36:14,10600.0,200.0,397600.0
648,2021-10-20 03:36:14,10600.0,1000.0,397400.0
649,2021-10-20 03:36:14,10600.0,400.0,396400.0
650,2021-10-20 03:36:14,10600.0,400.0,396000.0
651,2021-10-20 03:36:14,10600.0,1000.0,395600.0
652,2021-10-20 03:36:14,10600.0,100.0,394600.0
653,2021-10-20 03:36:14,10600.0,200.0,394500.0
654,2021-10-20 03:36:14,10600.0,100.0,394300.0
655,2021-10-20 03:36:14,10600.0,100.0,394200.0
656,2021-10-20 03:36:14,10600.0,100.0,394100.0
657,2021-10-20 03:36:14,10600.0,300.0,394000.0
658,2021-10-20 03:35:54,10600.0,700.0,393700.0
659,2021-10-20 03:35:54,10600.0,300.0,393000.0
660,2021-10-20 03:35:53,10550.0,2000.0,392700.0
661,2021-10-20 03:35:27,10550.0,5000.0,390700.0
662,2021-10-20 03:34:13,10550.0,600.0,385700.0
663,2021-10-20 03:34:13,10550.0,400.0,385100.0
664,2021-10-20 03:34:02,10600.0,700.0,384700.0
665,2021-10-20 03:34:02,10600.0,100.0,384000.0
666,2021-10-20 03:33:59,10550.0,1000.0,383900.0
667,2021-10-20 03:32:43,10600.0,100.0,382900.0
668,2021-10-20 03:32:33,10600.0,900.0,382800.0
669,2021-10-20 03:32:33,10600.0,200.0,381900.0
670,2021-10-20 03:32:26,10600.0,1000.0,381700.0
671,2021-10-20 03:32:15,10600.0,700.0,380700.0
672,2021-10-20 03:32:15,10600.0,200.0,380000.0
673,2021-10-20 03:32:15,10600.0,1000.0,379800.0
674,2021-10-20 03:32:15,10600.0,1100.0,378800.0
675,2021-10-20 03:32:14,10600.0,900.0,377700.0
676,2021-10-20 03:32:14,10600.0,400.0,376800.0
677,2021-10-20 03:32:14,10600.0,1000.0,376400.0
678,2021-10-20 03:32:14,10600.0,1000.0,375400.0
679,2021-10-20 03:32:14,10600.0,500.0,374400.0
680,2021-10-20 03:32:14,10600.0,1200.0,373900.0
681,2021-10-20 03:32:08,10600.0,500.0,372700.0
682,2021-10-20 03:31:51,10600.0,4000.0,372200.0
683,2021-10-20 03:31:33,10600.0,200.0,368200.0
684,2021-10-20 03:31:06,10600.0,200.0,368000.0
685,2021-10-20 03:30:54,10600.0,200.0,367800.0
686,2021-10-20 03:30:50,10600.0,100.0,367600.0
687,2021-10-20 03:30:24,10600.0,15000.0,367500.0
688,2021-10-20 03:30:23,10600.0,2000.0,352500.0
689,2021-10-20 03:30:23,10600.0,200.0,350500.0
690,2021-10-20 03:30:23,10600.0,400.0,350300.0
691,2021-10-20 03:30:23,10600.0,1000.0,349900.0
692,2021-10-20 03:30:23,10600.0,2000.0,348900.0
693,2021-10-20 03:30:23,10600.0,100.0,346900.0
694,2021-10-20 03:30:23,10600.0,100.0,346800.0
695,2021-10-20 03:30:23,10600.0,100.0,346700.0
696,2021-10-20 03:30:23,10600.0,500.0,346600.0
697,2021-10-20 03:30:23,10600.0,200.0,346100.0
698,2021-10-20 03:30:23,10600.0,400.0,345900.0
699,2021-10-20 03:30:19,10600.0,4500.0,345500.0
700,2021-10-20 03:30:15,10600.0,200.0,341000.0
701,2021-10-20 03:30:14,10600.0,1000.0,340800.0
702,2021-10-20 03:30:14,10600.0,100.0,339800.0
703,2021-10-20 03:30:05,10600.0,300.0,339700.0
704,2021-10-20 03:29:51,10600.0,2300.0,339400.0
705,2021-10-20 03:29:51,10600.0,100.0,337100.0
706,2021-10-20 03:29:51,10600.0,100.0,337000.0
707,2021-10-20 03:29:51,10600.0,500.0,336900.0
708,2021-10-20 03:29:37,10550.0,1400.0,336400.0
709,2021-10-20 03:29:37,10550.0,600.0,335000.0
710,2021-10-20 03:28:59,10550.0,1000.0,334400.0
711,2021-10-20 03:28:53,10550.0,200.0,333400.0
712,2021-10-20 03:27:39,10550.0,400.0,333200.0
713,2021-10-20 03:27:33,10600.0,500.0,332800.0
714,2021-10-20 03:27:33,10600.0,1000.0,332300.0
715,2021-10-20 03:27:33,10600.0,2000.0,331300.0
716,2021-10-20 03:27:33,10600.0,1500.0,329300.0
717,2021-10-20 03:27:25,10550.0,500.0,327800.0
718,2021-10-20 03:27:18,10550.0,100.0,327300.0
719,2021-10-20 03:27:18,10550.0,1000.0,327200.0
720,2021-10-20 03:27:18,10550.0,5000.0,326200.0
721,2021-10-20 03:27:18,10550.0,400.0,321200.0
722,2021-10-20 03:27:18,10550.0,5000.0,320800.0
723,2021-10-20 03:27:18,10550.0,300.0,315800.0
724,2021-10-20 03:27:18,10550.0,1000.0,315500.0
725,2021-10-20 03:27:18,10550.0,600.0,314500.0
726,2021-10-20 03:27:18,10550.0,200.0,313900.0
727,2021-10-20 03:27:18,10550.0,2700.0,313700.0
728,2021-10-20 03:27:18,10550.0,100.0,311000.0
729,2021-10-20 03:27:18,10550.0,2000.0,310900.0
730,2021-10-20 03:27:18,10550.0,300.0,308900.0
731,2021-10-20 03:27:18,10550.0,4000.0,308600.0
732,2021-10-20 03:27:18,10550.0,100.0,304600.0
733,2021-10-20 03:27:18,10550.0,100.0,304500.0
734,2021-10-20 03:27:18,10550.0,100.0,304400.0
735,2021-10-20 03:27:18,10550.0,3000.0,304300.0
736,2021-10-20 03:27:18,10550.0,100.0,301300.0
737,2021-10-20 03:27:18,10550.0,1000.0,301200.0
738,2021-10-20 03:27:18,10550.0,200.0,300200.0
739,2021-10-20 03:26:39,10500.0,500.0,300000.0
740,2021-10-20 03:25:47,10500.0,700.0,299500.0
741,2021-10-20 03:25:47,10500.0,100.0,298800.0
742,2021-10-20 03:25:47,10500.0,200.0,298700.0
743,2021-10-20 03:25:47,10500.0,200.0,298500.0
744,2021-10-20 03:25:40,10500.0,800.0,298300.0
745,2021-10-20 03:25:40,10500.0,600.0,297500.0
746,2021-10-20 03:25:40,10500.0,500.0,296900.0
747,2021-10-20 03:25:40,10500.0,500.0,296400.0
748,2021-10-20 03:25:40,10500.0,500.0,295900.0
749,2021-10-20 03:25:40,10500.0,100.0,295400.0
750,2021-10-20 03:25:40,10500.0,500.0,295300.0
751,2021-10-20 03:25:40,10500.0,500.0,294800.0
752,2021-10-20 03:25:26,10500.0,2000.0,294300.0
753,2021-10-20 03:24:21,10500.0,100.0,292300.0
754,2021-10-20 03:24:21,10500.0,1900.0,292200.0
755,2021-10-20 03:23:51,10500.0,100.0,290300.0
756,2021-10-20 03:23:51,10500.0,200.0,290200.0
757,2021-10-20 03:23:51,10500.0,100.0,290000.0
758,2021-10-20 03:23:51,10500.0,600.0,289900.0
759,2021-10-20 03:21:57,10500.0,100.0,289300.0
760,2021-10-20 03:21:14,10500.0,100.0,289200.0
761,2021-10-20 03:19:59,10500.0,1200.0,289100.0
762,2021-10-20 03:19:59,10500.0,800.0,287900.0
763,2021-10-20 03:19:22,10500.0,300.0,287100.0
764,2021-10-20 03:19:10,10550.0,200.0,286800.0
765,2021-10-20 03:19:10,10550.0,1000.0,286600.0
766,2021-10-20 03:19:10,10550.0,1000.0,285600.0
767,2021-10-20 03:19:10,10550.0,500.0,284600.0
768,2021-10-20 03:19:10,10550.0,2000.0,284100.0
769,2021-10-20 03:19:10,10550.0,300.0,282100.0
770,2021-10-20 03:18:42,10500.0,200.0,281800.0
771,2021-10-20 03:18:42,10500.0,100.0,281600.0
772,2021-10-20 03:18:42,10500.0,300.0,281500.0
773,2021-10-20 03:18:41,10550.0,700.0,281200.0
774,2021-10-20 03:18:41,10550.0,500.0,280500.0
775,2021-10-20 03:18:41,10550.0,500.0,280000.0
776,2021-10-20 03:18:41,10550.0,300.0,279500.0
777,2021-10-20 03:18:16,10500.0,200.0,279200.0
778,2021-10-20 03:18:16,10500.0,200.0,279000.0
779,2021-10-20 03:18:16,10500.0,100.0,278800.0
780,2021-10-20 03:16:44,10550.0,700.0,278700.0
781,2021-10-20 03:16:44,10550.0,300.0,278000.0
782,2021-10-20 03:16:44,10550.0,500.0,277700.0
783,2021-10-20 03:16:44,10550.0,400.0,277200.0
784,2021-10-20 03:16:44,10550.0,1100.0,276800.0
785,2021-10-20 03:16:44,10550.0,500.0,275700.0
786,2021-10-20 03:16:44,10550.0,100.0,275200.0
787,2021-10-20 03:16:44,10550.0,200.0,275100.0
788,2021-10-20 03:16:44,10550.0,300.0,274900.0
789,2021-10-20 03:16:44,10550.0,900.0,274600.0
790,2021-10-20 03:16:16,10500.0,400.0,273700.0
791,2021-10-20 03:16:16,10500.0,100.0,273300.0
792,2021-10-20 03:16:00,10500.0,100.0,273200.0
793,2021-10-20 03:16:00,10500.0,900.0,273100.0
794,2021-10-20 03:15:49,10550.0,100.0,272200.0
795,2021-10-20 03:15:44,10550.0,300.0,272100.0
796,2021-10-20 03:15:43,10550.0,700.0,271800.0
797,2021-10-20 03:15:43,10550.0,200.0,271100.0
798,2021-10-20 03:15:43,10550.0,600.0,270900.0
799,2021-10-20 03:15:36,10550.0,300.0,270300.0
800,2021-10-20 03:15:36,10550.0,700.0,270000.0
801,2021-10-20 03:15:36,10550.0,5500.0,269300.0
802,2021-10-20 03:15:36,10550.0,3800.0,263800.0
803,2021-10-20 03:15:36,10550.0,500.0,260000.0
804,2021-10-20 03:15:27,10550.0,700.0,259500.0
805,2021-10-20 03:15:27,10550.0,100.0,258800.0
806,2021-10-20 03:15:27,10550.0,100.0,258700.0
807,2021-10-20 03:15:27,10550.0,300.0,258600.0
808,2021-10-20 03:15:27,10550.0,200.0,258300.0
809,2021-10-20 03:15:27,10550.0,100.0,258100.0
810,2021-10-20 03:15:27,10550.0,500.0,258000.0
811,2021-10-20 03:15:17,10550.0,100.0,257500.0
812,2021-10-20 03:15:17,10550.0,100.0,257400.0
813,2021-10-20 03:14:52,10550.0,1000.0,257300.0
814,2021-10-20 03:14:52,10550.0,200.0,256300.0
815,2021-10-20 03:14:52,10550.0,500.0,256100.0
816,2021-10-20 03:14:52,10550.0,100.0,255600.0
817,2021-10-20 03:14:52,10550.0,1900.0,255500.0
818,2021-10-20 03:14:52,10550.0,500.0,253600.0
819,2021-10-20 03:14:52,10550.0,800.0,253100.0
820,2021-10-20 03:14:35,10550.0,1200.0,252300.0
821,2021-10-20 03:14:35,10550.0,800.0,251100.0
822,2021-10-20 03:14:30,10550.0,200.0,250300.0
823,2021-10-20 03:14:30,10550.0,100.0,250100.0
824,2021-10-20 03:14:30,10550.0,700.0,250000.0
825,2021-10-20 03:14:16,10550.0,100.0,249300.0
826,2021-10-20 03:14:13,10550.0,1000.0,249200.0
827,2021-10-20 03:13:52,10500.0,2000.0,248200.0
828,2021-10-20 03:13:45,10550.0,300.0,246200.0
829,2021-10-20 03:13:36,10550.0,2900.0,245900.0
830,2021-10-20 03:13:36,10550.0,1300.0,243000.0
831,2021-10-20 03:13:36,10550.0,500.0,241700.0
832,2021-10-20 03:13:36,10550.0,200.0,241200.0
833,2021-10-20 03:13:36,10550.0,100.0,241000.0
834,2021-10-20 03:13:36,10550.0,200.0,240900.0
835,2021-10-20 03:13:36,10550.0,1800.0,240700.0
836,2021-10-20 03:13:29,10550.0,1200.0,238900.0
837,2021-10-20 03:13:29,10550.0,600.0,237700.0
838,2021-10-20 03:13:29,10550.0,200.0,237100.0
839,2021-10-20 03:12:37,10550.0,400.0,236900.0
840,2021-10-20 03:12:37,10550.0,200.0,236500.0
841,2021-10-20 03:12:18,10550.0,500.0,236300.0
842,2021-10-20 03:12:16,10550.0,300.0,235800.0
843,2021-10-20 03:12:16,10550.0,600.0,235500.0
844,2021-10-20 03:11:54,10550.0,400.0,234900.0
845,2021-10-20 03:11:23,10500.0,2000.0,234500.0
846,2021-10-20 03:11:10,10500.0,2000.0,232500.0
847,2021-10-20 03:10:40,10550.0,100.0,230500.0
848,2021-10-20 03:10:11,10500.0,100.0,230400.0
849,2021-10-20 03:09:31,10500.0,100.0,230300.0
850,2021-10-20 03:09:27,10500.0,1000.0,230200.0
851,2021-10-20 03:08:22,10500.0,100.0,229200.0
852,2021-10-20 03:06:31,10500.0,500.0,229100.0
853,2021-10-20 03:05:38,10500.0,100.0,228600.0
854,2021-10-20 03:02:52,10500.0,200.0,228500.0
855,2021-10-20 03:01:40,10500.0,2000.0,228300.0
856,2021-10-20 03:00:21,10550.0,1500.0,226300.0
857,2021-10-20 03:00:01,10500.0,800.0,224800.0
858,2021-10-20 02:59:57,10500.0,200.0,224000.0
859,2021-10-20 02:59:49,10500.0,500.0,223800.0
860,2021-10-20 02:59:23,10500.0,500.0,223300.0
861,2021-10-20 02:59:23,10500.0,100.0,222800.0
862,2021-10-20 02:59:23,10500.0,500.0,222700.0
863,2021-10-20 02:59:23,10500.0,100.0,222200.0
864,2021-10-20 02:59:23,10500.0,3300.0,222100.0
865,2021-10-20 02:59:14,10500.0,500.0,218800.0
866,2021-10-20 02:59:00,10500.0,200.0,218300.0
867,2021-10-20 02:58:27,10500.0,800.0,218100.0
868,2021-10-20 02:58:03,10500.0,200.0,217300.0
869,2021-10-20 02:58:03,10500.0,2000.0,217100.0
870,2021-10-20 02:58:03,10500.0,800.0,215100.0
871,2021-10-20 02:58:03,10500.0,1000.0,214300.0
872,2021-10-20 02:56:46,10500.0,600.0,213300.0
873,2021-10-20 02:56:17,10500.0,400.0,212700.0
874,2021-10-20 02:56:10,10500.0,100.0,212300.0
875,2021-10-20 02:55:56,10500.0,700.0,212200.0
876,2021-10-20 02:55:56,10500.0,100.0,211500.0
877,2021-10-20 02:55:56,10500.0,1000.0,211400.0
878,2021-10-20 02:55:56,10500.0,1000.0,210400.0
879,2021-10-20 02:55:56,10500.0,1600.0,209400.0
880,2021-10-20 02:55:45,10500.0,400.0,207800.0
881,2021-10-20 02:55:45,10500.0,300.0,207400.0
882,2021-10-20 02:55:45,10500.0,1300.0,207100.0
883,2021-10-20 02:55:40,10500.0,700.0,205800.0
884,2021-10-20 02:55:40,10500.0,200.0,205100.0
885,2021-10-20 02:55:38,10500.0,100.0,204900.0
886,2021-10-20 02:55:31,10500.0,100.0,204800.0
887,2021-10-20 02:55:30,10500.0,600.0,204700.0
888,2021-10-20 02:55:30,10500.0,100.0,204100.0
889,2021-10-20 02:55:30,10500.0,1300.0,204000.0
890,2021-10-20 02:55:28,10500.0,2700.0,202700.0
891,2021-10-20 02:55:28,10500.0,100.0,200000.0
892,2021-10-20 02:55:28,10500.0,200.0,199900.0
893,2021-10-20 02:55:23,10500.0,200.0,199700.0
894,2021-10-20 02:55:23,10500.0,200.0,199500.0
895,2021-10-20 02:55:23,10500.0,500.0,199300.0
896,2021-10-20 02:55:23,10500.0,100.0,198800.0
897,2021-10-20 02:55:22,10500.0,2400.0,198700.0
898,2021-10-20 02:55:22,10500.0,2000.0,196300.0
899,2021-10-20 02:55:22,10500.0,500.0,194300.0
900,2021-10-20 02:55:22,10500.0,100.0,193800.0
901,2021-10-20 02:55:21,10500.0,100.0,193700.0
902,2021-10-20 02:55:15,10500.0,100.0,193600.0
903,2021-10-20 02:55:06,10500.0,100.0,193500.0
904,2021-10-20 02:55:06,10500.0,100.0,193400.0
905,2021-10-20 02:55:06,10500.0,400.0,193300.0
906,2021-10-20 02:55:06,10500.0,500.0,192900.0
907,2021-10-20 02:55:06,10500.0,600.0,192400.0
908,2021-10-20 02:55:06,10500.0,3000.0,191800.0
909,2021-10-20 02:55:06,10500.0,1000.0,188800.0
910,2021-10-20 02:55:06,10500.0,300.0,187800.0
911,2021-10-20 02:55:06,10500.0,1000.0,187500.0
912,2021-10-20 02:55:06,10500.0,200.0,186500.0
913,2021-10-20 02:55:06,10500.0,100.0,186300.0
914,2021-10-20 02:55:06,10500.0,2000.0,186200.0
915,2021-10-20 02:55:06,10500.0,700.0,184200.0
916,2021-10-20 02:55:06,10500.0,200.0,183500.0
917,2021-10-20 02:55:00,10500.0,100.0,183300.0
918,2021-10-20 02:55:00,10500.0,1000.0,183200.0
919,2021-10-20 02:55:00,10500.0,100.0,182200.0
920,2021-10-20 02:55:00,10500.0,200.0,182100.0
921,2021-10-20 02:55:00,10500.0,400.0,181900.0
922,2021-10-20 02:55:00,10500.0,200.0,181500.0
923,2021-10-20 02:55:00,10500.0,100.0,181300.0
924,2021-10-20 02:55:00,10500.0,1000.0,181200.0
925,2021-10-20 02:55:00,10500.0,300.0,180200.0
926,2021-10-20 02:55:00,10500.0,1600.0,179900.0
927,2021-10-20 02:54:58,10500.0,2100.0,178300.0
928,2021-10-20 02:54:58,10500.0,1000.0,176200.0
929,2021-10-20 02:54:58,10500.0,1000.0,175200.0
930,2021-10-20 02:54:58,10500.0,600.0,174200.0
931,2021-10-20 02:54:58,10500.0,1100.0,173600.0
932,2021-10-20 02:54:58,10500.0,2200.0,172500.0
933,2021-10-20 02:54:44,10500.0,2300.0,170300.0
934,2021-10-20 02:54:44,10500.0,600.0,168000.0
935,2021-10-20 02:54:44,10500.0,1400.0,167400.0
936,2021-10-20 02:54:44,10500.0,200.0,166000.0
937,2021-10-20 02:54:44,10500.0,100.0,165800.0
938,2021-10-20 02:54:44,10500.0,100.0,165700.0
939,2021-10-20 02:54:44,10500.0,1000.0,165600.0
940,2021-10-20 02:54:44,10500.0,200.0,164600.0
941,2021-10-20 02:54:44,10500.0,1000.0,164400.0
942,2021-10-20 02:54:44,10500.0,2000.0,163400.0
943,2021-10-20 02:54:44,10500.0,500.0,161400.0
944,2021-10-20 02:54:44,10500.0,100.0,160900.0
945,2021-10-20 02:54:44,10500.0,100.0,160800.0
946,2021-10-20 02:54:44,10500.0,200.0,160700.0
947,2021-10-20 02:54:44,10500.0,1000.0,160500.0
948,2021-10-20 02:54:44,10500.0,500.0,159500.0
949,2021-10-20 02:54:44,10500.0,400.0,159000.0
950,2021-10-20 02:54:44,10500.0,1600.0,158600.0
951,2021-10-20 02:54:44,10500.0,100.0,157000.0
952,2021-10-20 02:54:44,10500.0,200.0,156900.0
953,2021-10-20 02:54:44,10500.0,100.0,156700.0
954,2021-10-20 02:54:44,10500.0,5000.0,156600.0
955,2021-10-20 02:54:44,10500.0,1000.0,151600.0
956,2021-10-20 02:54:44,10500.0,200.0,150600.0
957,2021-10-20 02:54:44,10500.0,100.0,150400.0
958,2021-10-20 02:54:25,10500.0,100.0,150300.0
959,2021-10-20 02:54:25,10500.0,700.0,150200.0
960,2021-10-20 02:54:25,10500.0,500.0,149500.0
961,2021-10-20 02:54:25,10500.0,300.0,149000.0
962,2021-10-20 02:54:25,10500.0,100.0,148700.0
963,2021-10-20 02:54:25,10500.0,200.0,148600.0
964,2021-10-20 02:54:25,10500.0,1000.0,148400.0
965,2021-10-20 02:54:25,10500.0,2000.0,147400.0
966,2021-10-20 02:54:25,10500.0,100.0,145400.0
967,2021-10-20 02:54:25,10500.0,100.0,145300.0
968,2021-10-20 02:54:25,10500.0,100.0,145200.0
969,2021-10-20 02:54:25,10500.0,300.0,145100.0
970,2021-10-20 02:54:25,10500.0,900.0,144800.0
971,2021-10-20 02:54:25,10500.0,200.0,143900.0
972,2021-10-20 02:54:25,10500.0,1000.0,143700.0
973,2021-10-20 02:54:25,10500.0,2000.0,142700.0
974,2021-10-20 02:54:25,10500.0,400.0,140700.0
975,2021-10-20 02:52:26,10450.0,900.0,140300.0
976,2021-10-20 02:52:25,10450.0,10000.0,139400.0
977,2021-10-20 02:51:50,10450.0,1600.0,129400.0
978,2021-10-20 02:50:53,10450.0,100.0,127800.0
979,2021-10-20 02:50:19,10450.0,1000.0,127700.0
980,2021-10-20 02:50:19,10450.0,1000.0,126700.0
981,2021-10-20 02:50:19,10450.0,100.0,125700.0
982,2021-10-20 02:50:19,10450.0,1000.0,125600.0
983,2021-10-20 02:50:19,10450.0,200.0,124600.0
984,2021-10-20 02:50:19,10450.0,1100.0,124400.0
985,2021-10-20 02:50:19,10450.0,2400.0,123300.0
986,2021-10-20 02:49:38,10450.0,200.0,120900.0
987,2021-10-20 02:48:31,10400.0,500.0,120700.0
988,2021-10-20 02:48:02,10400.0,1000.0,120200.0
989,2021-10-20 02:47:43,10450.0,800.0,119200.0
990,2021-10-20 02:47:43,10450.0,300.0,118400.0
991,2021-10-20 02:47:43,10450.0,100.0,118100.0
992,2021-10-20 02:47:43,10450.0,3800.0,118000.0
993,2021-10-20 02:47:00,10400.0,1000.0,114200.0
994,2021-10-20 02:46:02,10400.0,1000.0,113200.0
995,2021-10-20 02:45:28,10400.0,100.0,112200.0
996,2021-10-20 02:45:28,10450.0,400.0,112100.0
997,2021-10-20 02:45:06,10450.0,200.0,111700.0
998,2021-10-20 02:44:49,10450.0,1000.0,111500.0
999,2021-10-20 02:44:49,10450.0,1000.0,110500.0
1000,2021-10-20 02:44:49,10450.0,5000.0,109500.0
1001,2021-10-20 02:44:49,10450.0,100.0,104500.0
1002,2021-10-20 02:44:49,10450.0,1000.0,104400.0
1003,2021-10-20 02:44:49,10450.0,1000.0,103400.0
1004,2021-10-20 02:44:49,10450.0,700.0,102400.0
1005,2021-10-20 02:42:58,10450.0,300.0,101700.0
1006,2021-10-20 02:42:58,10450.0,100.0,101400.0
1007,2021-10-20 02:40:59,10450.0,100.0,101300.0
1008,2021-10-20 02:40:59,10450.0,500.0,101200.0
1009,2021-10-20 02:40:59,10450.0,100.0,100700.0
1010,2021-10-20 02:40:59,10450.0,1000.0,100600.0
1011,2021-10-20 02:40:59,10450.0,500.0,99600.0
1012,2021-10-20 02:40:59,10450.0,200.0,99100.0
1013,2021-10-20 02:40:59,10450.0,1200.0,98900.0
1014,2021-10-20 02:40:59,10450.0,400.0,97700.0
1015,2021-10-20 02:40:31,10450.0,600.0,97300.0
1016,2021-10-20 02:40:31,10450.0,100.0,96700.0
1017,2021-10-20 02:40:31,10450.0,300.0,96600.0
1018,2021-10-20 02:39:04,10450.0,900.0,96300.0
1019,2021-10-20 02:39:04,10450.0,100.0,95400.0
1020,2021-10-20 02:38:06,10450.0,400.0,95300.0
1021,2021-10-20 02:38:06,10450.0,100.0,94900.0
1022,2021-10-20 02:37:19,10450.0,1000.0,94800.0
1023,2021-10-20 02:36:12,10450.0,100.0,93800.0
1024,2021-10-20 02:35:48,10450.0,2000.0,93700.0
1025,2021-10-20 02:35:28,10450.0,100.0,91700.0
1026,2021-10-20 02:35:26,10450.0,1000.0,91600.0
1027,2021-10-20 02:35:10,10450.0,100.0,90600.0
1028,2021-10-20 02:34:29,10450.0,100.0,90500.0
1029,2021-10-20 02:33:43,10450.0,500.0,90400.0
1030,2021-10-20 02:33:43,10450.0,500.0,89900.0
1031,2021-10-20 02:33:43,10450.0,200.0,89400.0
1032,2021-10-20 02:33:43,10450.0,400.0,89200.0
1033,2021-10-20 02:33:43,10450.0,400.0,88800.0
1034,2021-10-20 02:32:43,10450.0,200.0,88400.0
1035,2021-10-20 02:31:43,10450.0,300.0,88200.0
1036,2021-10-20 02:31:43,10450.0,100.0,87900.0
1037,2021-10-20 02:31:43,10450.0,4600.0,87800.0
1038,2021-10-20 02:31:42,10400.0,300.0,83200.0
1039,2021-10-20 02:31:42,10400.0,200.0,82900.0
1040,2021-10-20 02:30:41,10450.0,100.0,82700.0
1041,2021-10-20 02:30:40,10400.0,1800.0,82600.0
1042,2021-10-20 02:30:40,10400.0,300.0,80800.0
1043,2021-10-20 02:30:40,10400.0,1000.0,80500.0
1044,2021-10-20 02:30:40,10400.0,300.0,79500.0
1045,2021-10-20 02:30:40,10400.0,100.0,79200.0
1046,2021-10-20 02:30:40,10400.0,300.0,79100.0
1047,2021-10-20 02:30:40,10400.0,100.0,78800.0
1048,2021-10-20 02:30:40,10400.0,100.0,78700.0
1049,2021-10-20 02:30:40,10400.0,1000.0,78600.0
1050,2021-10-20 02:30:40,10400.0,500.0,77600.0
1051,2021-10-20 02:30:40,10400.0,2000.0,77100.0
1052,2021-10-20 02:30:40,10400.0,100.0,75100.0
1053,2021-10-20 02:30:40,10400.0,100.0,75000.0
1054,2021-10-20 02:30:40,10400.0,300.0,74900.0
1055,2021-10-20 02:30:15,10450.0,100.0,74600.0
1056,2021-10-20 02:30:12,10400.0,1700.0,74500.0
1057,2021-10-20 02:30:12,10400.0,100.0,72800.0
1058,2021-10-20 02:30:12,10400.0,200.0,72700.0
1059,2021-10-20 02:28:55,10450.0,100.0,72500.0
1060,2021-10-20 02:28:51,10450.0,100.0,72400.0
1061,2021-10-20 02:28:51,10450.0,400.0,72300.0
1062,2021-10-20 02:28:51,10450.0,600.0,71900.0
1063,2021-10-20 02:28:51,10450.0,1200.0,71300.0
1064,2021-10-20 02:28:51,10450.0,300.0,70100.0
1065,2021-10-20 02:28:51,10450.0,1000.0,69800.0
1066,2021-10-20 02:28:51,10450.0,3400.0,68800.0
1067,2021-10-20 02:27:50,10450.0,300.0,65400.0
1068,2021-10-20 02:27:50,10450.0,100.0,65100.0
1069,2021-10-20 02:27:50,10450.0,500.0,65000.0
1070,2021-10-20 02:27:50,10450.0,5000.0,64500.0
1071,2021-10-20 02:27:50,10450.0,100.0,59500.0
1072,2021-10-20 02:27:50,10450.0,2100.0,59400.0
1073,2021-10-20 02:27:50,10450.0,200.0,57300.0
1074,2021-10-20 02:27:50,10450.0,200.0,57100.0
1075,2021-10-20 02:27:50,10450.0,200.0,56900.0
1076,2021-10-20 02:27:35,10450.0,200.0,56700.0
1077,2021-10-20 02:27:34,10450.0,4000.0,56500.0
1078,2021-10-20 02:27:33,10450.0,600.0,52500.0
1079,2021-10-20 02:27:33,10450.0,1900.0,51900.0
1080,2021-10-20 02:26:16,10450.0,200.0,50000.0
1081,2021-10-20 02:26:14,10450.0,100.0,49800.0
1082,2021-10-20 02:26:14,10450.0,800.0,49700.0
1083,2021-10-20 02:25:57,10450.0,2000.0,48900.0
1084,2021-10-20 02:25:08,10450.0,1000.0,46900.0
1085,2021-10-20 02:24:58,10450.0,1000.0,45900.0
1086,2021-10-20 02:23:53,10450.0,2200.0,44900.0
1087,2021-10-20 02:23:53,10450.0,900.0,42700.0
1088,2021-10-20 02:23:53,10450.0,1700.0,41800.0
1089,2021-10-20 02:23:53,10450.0,8300.0,40100.0
1090,2021-10-20 02:23:47,10450.0,200.0,31800.0
1091,2021-10-20 02:22:49,10450.0,1000.0,31600.0
1092,2021-10-20 02:22:37,10450.0,100.0,30600.0
1093,2021-10-20 02:22:32,10450.0,300.0,30500.0
1094,2021-10-20 02:21:33,10450.0,100.0,30200.0
1095,2021-10-20 02:21:33,10450.0,1000.0,30100.0
1096,2021-10-20 02:21:33,10450.0,900.0,29100.0
1097,2021-10-20 02:20:00,10450.0,3000.0,28200.0
1098,2021-10-20 02:19:51,10450.0,1000.0,25200.0
1099,2021-10-20 02:19:34,10450.0,200.0,24200.0
1100,2021-10-20 02:19:34,10450.0,500.0,24000.0
1101,2021-10-20 02:19:34,10450.0,100.0,23500.0
1102,2021-10-20 02:19:34,10450.0,1200.0,23400.0
1103,2021-10-20 02:19:34,10450.0,5100.0,22200.0
1104,2021-10-20 02:18:00,10450.0,300.0,17100.0
1105,2021-10-20 02:17:52,10450.0,1600.0,16800.0
1106,2021-10-20 02:17:52,10450.0,3400.0,15200.0
1107,2021-10-20 02:17:38,10450.0,1000.0,11800.0
1108,2021-10-20 02:17:38,10450.0,100.0,10800.0
1109,2021-10-20 02:17:38,10450.0,100.0,10700.0
1110,2021-10-20 02:17:38,10450.0,100.0,10600.0
1111,2021-10-20 02:17:38,10450.0,100.0,10500.0
1112,2021-10-20 02:17:38,10450.0,1200.0,10400.0
1113,2021-10-20 02:17:34,10450.0,500.0,9200.0
1114,2021-10-20 02:16:56,10450.0,200.0,8700.0
1115,2021-10-20 02:16:47,10500.0,200.0,8500.0
1116,2021-10-20 02:16:04,10500.0,300.0,8300.0
1117,2021-10-20 02:15:01,10500.0,100.0,8000.0
1118,2021-10-20 02:15:00,10450.0,100.0,7900.0
1119,2021-10-20 02:15:00,10450.0,400.0,7800.0
1120,2021-10-20 02:15:00,10450.0,100.0,7400.0
1121,2021-10-20 02:15:00,10450.0,1900.0,7300.0
1122,2021-10-20 02:15:00,10450.0,500.0,5400.0
1123,2021-10-20 02:15:00,10450.0,300.0,4900.0
1124,2021-10-20 02:15:00,10450.0,500.0,4600.0
1125,2021-10-20 02:15:00,10450.0,700.0,4100.0
1126,2021-10-20 02:15:00,10450.0,100.0,3400.0
1127,2021-10-20 02:15:00,10450.0,1000.0,3300.0
1128,2021-10-20 02:15:00,10450.0,900.0,2300.0
1129,2021-10-20 02:15:00,10450.0,1000.0,1400.0
1130,2021-10-20 02:15:00,10450.0,100.0,400.0
1131,2021-10-20 02:15:00,10450.0,200.0,300.0
1132,2021-10-20 02:15:00,10450.0,100.0,100.0
