,Time,Price,Volume_per_trade,Volume
0,2021-10-06 07:45:00,10150.0,200.0,580400.0
1,2021-10-06 07:45:00,10150.0,500.0,580200.0
2,2021-10-06 07:45:00,10150.0,1000.0,579700.0
3,2021-10-06 07:45:00,10150.0,500.0,578700.0
4,2021-10-06 07:45:00,10150.0,500.0,578200.0
5,2021-10-06 07:45:00,10150.0,100.0,577700.0
6,2021-10-06 07:45:00,10150.0,1000.0,577600.0
7,2021-10-06 07:45:00,10150.0,200.0,576600.0
8,2021-10-06 07:45:00,10150.0,1000.0,576400.0
9,2021-10-06 07:45:00,10150.0,1000.0,575400.0
10,2021-10-06 07:45:00,10150.0,300.0,574400.0
11,2021-10-06 07:45:00,10150.0,4300.0,574100.0
12,2021-10-06 07:45:00,10150.0,300.0,569800.0
13,2021-10-06 07:45:00,10150.0,700.0,569500.0
14,2021-10-06 07:45:00,10150.0,300.0,568800.0
15,2021-10-06 07:45:00,10150.0,1300.0,568500.0
16,2021-10-06 07:45:00,10150.0,100.0,567200.0
17,2021-10-06 07:45:00,10150.0,3000.0,567100.0
18,2021-10-06 07:29:54,10150.0,1000.0,564100.0
19,2021-10-06 07:29:45,10150.0,1000.0,563100.0
20,2021-10-06 07:29:44,10150.0,200.0,562100.0
21,2021-10-06 07:29:40,10150.0,1000.0,561900.0
22,2021-10-06 07:29:34,10150.0,100.0,560900.0
23,2021-10-06 07:29:06,10150.0,100.0,560800.0
24,2021-10-06 07:28:43,10100.0,2100.0,560700.0
25,2021-10-06 07:28:43,10100.0,800.0,558600.0
26,2021-10-06 07:28:43,10100.0,500.0,557800.0
27,2021-10-06 07:28:43,10100.0,100.0,557300.0
28,2021-10-06 07:28:43,10100.0,100.0,557200.0
29,2021-10-06 07:28:43,10100.0,600.0,557100.0
30,2021-10-06 07:28:43,10100.0,100.0,556500.0
31,2021-10-06 07:28:43,10100.0,400.0,556400.0
32,2021-10-06 07:28:43,10100.0,1000.0,556000.0
33,2021-10-06 07:28:43,10100.0,300.0,555000.0
34,2021-10-06 07:28:36,10100.0,200.0,554700.0
35,2021-10-06 07:28:36,10100.0,500.0,554500.0
36,2021-10-06 07:28:36,10100.0,300.0,554000.0
37,2021-10-06 07:28:25,10150.0,700.0,553700.0
38,2021-10-06 07:28:22,10150.0,100.0,553000.0
39,2021-10-06 07:27:34,10100.0,100.0,552900.0
40,2021-10-06 07:27:34,10100.0,200.0,552800.0
41,2021-10-06 07:27:34,10100.0,100.0,552600.0
42,2021-10-06 07:27:34,10100.0,500.0,552500.0
43,2021-10-06 07:27:34,10100.0,1100.0,552000.0
44,2021-10-06 07:27:05,10100.0,2000.0,550900.0
45,2021-10-06 07:26:47,10100.0,500.0,548900.0
46,2021-10-06 07:26:29,10150.0,200.0,548400.0
47,2021-10-06 07:25:11,10150.0,100.0,548200.0
48,2021-10-06 07:25:06,10150.0,100.0,548100.0
49,2021-10-06 07:24:44,10150.0,100.0,548000.0
50,2021-10-06 07:23:40,10100.0,1100.0,547900.0
51,2021-10-06 07:23:38,10150.0,2000.0,546800.0
52,2021-10-06 07:23:16,10100.0,100.0,544800.0
53,2021-10-06 07:23:13,10150.0,100.0,544700.0
54,2021-10-06 07:23:13,10150.0,500.0,544600.0
55,2021-10-06 07:23:13,10100.0,200.0,544100.0
56,2021-10-06 07:22:13,10150.0,1000.0,543900.0
57,2021-10-06 07:21:04,10150.0,100.0,542900.0
58,2021-10-06 07:20:24,10150.0,200.0,542800.0
59,2021-10-06 07:20:07,10150.0,100.0,542600.0
60,2021-10-06 07:19:10,10150.0,100.0,542500.0
61,2021-10-06 07:19:10,10150.0,300.0,542400.0
62,2021-10-06 07:18:43,10150.0,100.0,542100.0
63,2021-10-06 07:18:31,10150.0,100.0,542000.0
64,2021-10-06 07:17:41,10150.0,100.0,541900.0
65,2021-10-06 07:17:37,10150.0,100.0,541800.0
66,2021-10-06 07:17:37,10150.0,500.0,541700.0
67,2021-10-06 07:17:25,10150.0,100.0,541200.0
68,2021-10-06 07:17:17,10150.0,600.0,541100.0
69,2021-10-06 07:17:06,10150.0,800.0,540500.0
70,2021-10-06 07:17:00,10150.0,100.0,539700.0
71,2021-10-06 07:16:40,10150.0,100.0,539600.0
72,2021-10-06 07:16:36,10150.0,100.0,539500.0
73,2021-10-06 07:15:10,10150.0,7000.0,539400.0
74,2021-10-06 07:14:11,10150.0,500.0,532400.0
75,2021-10-06 07:13:58,10150.0,500.0,531900.0
76,2021-10-06 07:13:58,10150.0,2000.0,531400.0
77,2021-10-06 07:13:58,10150.0,500.0,529400.0
78,2021-10-06 07:12:30,10150.0,500.0,528900.0
79,2021-10-06 07:12:30,10150.0,1000.0,528400.0
80,2021-10-06 07:12:30,10150.0,100.0,527400.0
81,2021-10-06 07:12:30,10150.0,100.0,527300.0
82,2021-10-06 07:12:30,10150.0,1000.0,527200.0
83,2021-10-06 07:12:30,10150.0,200.0,526200.0
84,2021-10-06 07:11:47,10150.0,200.0,526000.0
85,2021-10-06 07:11:07,10150.0,9600.0,525800.0
86,2021-10-06 07:11:07,10150.0,100.0,516200.0
87,2021-10-06 07:11:07,10150.0,100.0,516100.0
88,2021-10-06 07:11:07,10150.0,200.0,516000.0
89,2021-10-06 07:09:52,10150.0,2500.0,515800.0
90,2021-10-06 07:08:54,10150.0,1900.0,513300.0
91,2021-10-06 07:08:51,10150.0,100.0,511400.0
92,2021-10-06 07:08:46,10150.0,1000.0,511300.0
93,2021-10-06 07:08:32,10150.0,200.0,510300.0
94,2021-10-06 07:08:29,10150.0,200.0,510100.0
95,2021-10-06 07:08:12,10150.0,300.0,509900.0
96,2021-10-06 07:08:06,10150.0,200.0,509600.0
97,2021-10-06 07:07:37,10150.0,100.0,509400.0
98,2021-10-06 07:07:37,10150.0,100.0,509300.0
99,2021-10-06 07:07:37,10150.0,200.0,509200.0
100,2021-10-06 07:07:37,10150.0,1000.0,509000.0
101,2021-10-06 07:07:37,10150.0,100.0,508000.0
102,2021-10-06 07:07:37,10150.0,300.0,507900.0
103,2021-10-06 07:07:37,10150.0,500.0,507600.0
104,2021-10-06 07:07:37,10150.0,1800.0,507100.0
105,2021-10-06 07:07:37,10150.0,1000.0,505300.0
106,2021-10-06 07:05:03,10200.0,200.0,504300.0
107,2021-10-06 07:04:17,10150.0,500.0,504100.0
108,2021-10-06 07:04:17,10150.0,2000.0,503600.0
109,2021-10-06 07:04:17,10150.0,1000.0,501600.0
110,2021-10-06 07:04:17,10150.0,5000.0,500600.0
111,2021-10-06 07:04:17,10150.0,1500.0,495600.0
112,2021-10-06 07:01:32,10150.0,100.0,494100.0
113,2021-10-06 07:01:32,10150.0,400.0,494000.0
114,2021-10-06 07:01:02,10150.0,500.0,493600.0
115,2021-10-06 07:00:49,10150.0,2000.0,493100.0
116,2021-10-06 07:00:49,10150.0,2000.0,491100.0
117,2021-10-06 07:00:49,10150.0,500.0,489100.0
118,2021-10-06 07:00:49,10150.0,2000.0,488600.0
119,2021-10-06 07:00:49,10150.0,1000.0,486600.0
120,2021-10-06 07:00:49,10150.0,1600.0,485600.0
121,2021-10-06 07:00:24,10150.0,5300.0,484000.0
122,2021-10-06 07:00:14,10150.0,2000.0,478700.0
123,2021-10-06 06:59:11,10150.0,100.0,476700.0
124,2021-10-06 06:58:11,10150.0,1000.0,476600.0
125,2021-10-06 06:57:16,10150.0,400.0,475600.0
126,2021-10-06 06:57:16,10150.0,100.0,475200.0
127,2021-10-06 06:57:16,10150.0,200.0,475100.0
128,2021-10-06 06:57:16,10150.0,1300.0,474900.0
129,2021-10-06 06:57:09,10200.0,2000.0,473600.0
130,2021-10-06 06:57:09,10200.0,200.0,471600.0
131,2021-10-06 06:57:09,10200.0,400.0,471400.0
132,2021-10-06 06:57:09,10200.0,100.0,471000.0
133,2021-10-06 06:57:09,10200.0,600.0,470900.0
134,2021-10-06 06:57:09,10200.0,2000.0,470300.0
135,2021-10-06 06:57:09,10200.0,1100.0,468300.0
136,2021-10-06 06:57:09,10200.0,200.0,467200.0
137,2021-10-06 06:57:09,10200.0,500.0,467000.0
138,2021-10-06 06:57:09,10200.0,200.0,466500.0
139,2021-10-06 06:57:09,10200.0,1000.0,466300.0
140,2021-10-06 06:57:09,10200.0,100.0,465300.0
141,2021-10-06 06:57:09,10200.0,200.0,465200.0
142,2021-10-06 06:57:09,10200.0,2000.0,465000.0
143,2021-10-06 06:57:09,10200.0,100.0,463000.0
144,2021-10-06 06:57:09,10200.0,300.0,462900.0
145,2021-10-06 06:57:09,10200.0,1200.0,462600.0
146,2021-10-06 06:57:09,10200.0,1000.0,461400.0
147,2021-10-06 06:57:09,10200.0,1000.0,460400.0
148,2021-10-06 06:57:09,10200.0,2400.0,459400.0
149,2021-10-06 06:57:09,10200.0,100.0,457000.0
150,2021-10-06 06:57:09,10200.0,500.0,456900.0
151,2021-10-06 06:57:09,10200.0,500.0,456400.0
152,2021-10-06 06:57:09,10200.0,1000.0,455900.0
153,2021-10-06 06:57:09,10200.0,400.0,454900.0
154,2021-10-06 06:57:09,10200.0,200.0,454500.0
155,2021-10-06 06:57:09,10200.0,2000.0,454300.0
156,2021-10-06 06:57:09,10200.0,100.0,452300.0
157,2021-10-06 06:57:09,10200.0,100.0,452200.0
158,2021-10-06 06:57:09,10200.0,700.0,452100.0
159,2021-10-06 06:57:09,10200.0,2000.0,451400.0
160,2021-10-06 06:57:09,10200.0,100.0,449400.0
161,2021-10-06 06:57:09,10200.0,300.0,449300.0
162,2021-10-06 06:57:09,10200.0,200.0,449000.0
163,2021-10-06 06:57:09,10200.0,200.0,448800.0
164,2021-10-06 06:57:09,10200.0,4000.0,448600.0
165,2021-10-06 06:57:09,10200.0,1000.0,444600.0
166,2021-10-06 06:57:09,10200.0,1600.0,443600.0
167,2021-10-06 06:56:49,10150.0,300.0,442000.0
168,2021-10-06 06:56:49,10150.0,100.0,441700.0
169,2021-10-06 06:56:49,10150.0,500.0,441600.0
170,2021-10-06 06:56:49,10150.0,1000.0,441100.0
171,2021-10-06 06:55:47,10200.0,400.0,440100.0
172,2021-10-06 06:55:47,10200.0,100.0,439700.0
173,2021-10-06 06:55:00,10150.0,5000.0,439600.0
174,2021-10-06 06:54:52,10150.0,200.0,434600.0
175,2021-10-06 06:54:52,10150.0,1000.0,434400.0
176,2021-10-06 06:54:52,10150.0,500.0,433400.0
177,2021-10-06 06:54:52,10150.0,300.0,432900.0
178,2021-10-06 06:54:24,10150.0,100.0,432600.0
179,2021-10-06 06:54:24,10150.0,1500.0,432500.0
180,2021-10-06 06:54:24,10150.0,100.0,431000.0
181,2021-10-06 06:54:24,10150.0,300.0,430900.0
182,2021-10-06 06:54:24,10150.0,1000.0,430600.0
183,2021-10-06 06:54:24,10150.0,3800.0,429600.0
184,2021-10-06 06:54:24,10150.0,100.0,425800.0
185,2021-10-06 06:54:24,10150.0,1000.0,425700.0
186,2021-10-06 06:54:24,10150.0,200.0,424700.0
187,2021-10-06 06:54:24,10150.0,700.0,424500.0
188,2021-10-06 06:54:15,10200.0,200.0,423800.0
189,2021-10-06 06:52:56,10200.0,200.0,423600.0
190,2021-10-06 06:52:46,10150.0,100.0,423400.0
191,2021-10-06 06:52:46,10150.0,600.0,423300.0
192,2021-10-06 06:52:46,10150.0,400.0,422700.0
193,2021-10-06 06:52:46,10150.0,1000.0,422300.0
194,2021-10-06 06:52:46,10150.0,200.0,421300.0
195,2021-10-06 06:52:46,10150.0,700.0,421100.0
196,2021-10-06 06:52:44,10150.0,300.0,420400.0
197,2021-10-06 06:52:44,10150.0,600.0,420100.0
198,2021-10-06 06:51:09,10150.0,1400.0,419500.0
199,2021-10-06 06:51:09,10150.0,200.0,418100.0
200,2021-10-06 06:51:09,10150.0,500.0,417900.0
201,2021-10-06 06:51:09,10150.0,100.0,417400.0
202,2021-10-06 06:51:09,10150.0,200.0,417300.0
203,2021-10-06 06:51:09,10150.0,400.0,417100.0
204,2021-10-06 06:51:09,10150.0,300.0,416700.0
205,2021-10-06 06:51:09,10150.0,100.0,416400.0
206,2021-10-06 06:51:09,10150.0,300.0,416300.0
207,2021-10-06 06:51:09,10150.0,500.0,416000.0
208,2021-10-06 06:49:28,10150.0,100.0,415500.0
209,2021-10-06 06:49:04,10200.0,2000.0,415400.0
210,2021-10-06 06:46:55,10200.0,200.0,413400.0
211,2021-10-06 06:45:16,10200.0,2300.0,413200.0
212,2021-10-06 06:45:16,10200.0,900.0,410900.0
213,2021-10-06 06:45:16,10200.0,10000.0,410000.0
214,2021-10-06 06:45:16,10200.0,5000.0,400000.0
215,2021-10-06 06:45:16,10200.0,1600.0,395000.0
216,2021-10-06 06:45:16,10200.0,200.0,393400.0
217,2021-10-06 06:45:06,10150.0,100.0,393200.0
218,2021-10-06 06:40:40,10150.0,100.0,393100.0
219,2021-10-06 06:39:19,10150.0,200.0,393000.0
220,2021-10-06 06:36:34,10150.0,1000.0,392800.0
221,2021-10-06 06:35:34,10150.0,200.0,391800.0
222,2021-10-06 06:34:58,10150.0,800.0,391600.0
223,2021-10-06 06:34:58,10150.0,200.0,390800.0
224,2021-10-06 06:31:15,10150.0,1000.0,390600.0
225,2021-10-06 06:31:13,10150.0,200.0,389600.0
226,2021-10-06 06:29:57,10150.0,100.0,389400.0
227,2021-10-06 06:29:54,10150.0,200.0,389300.0
228,2021-10-06 06:29:54,10150.0,200.0,389100.0
229,2021-10-06 06:29:54,10150.0,100.0,388900.0
230,2021-10-06 06:29:54,10150.0,500.0,388800.0
231,2021-10-06 06:29:54,10150.0,100.0,388300.0
232,2021-10-06 06:29:51,10200.0,500.0,388200.0
233,2021-10-06 06:29:51,10200.0,400.0,387700.0
234,2021-10-06 06:29:51,10200.0,500.0,387300.0
235,2021-10-06 06:29:51,10200.0,500.0,386800.0
236,2021-10-06 06:29:51,10200.0,5000.0,386300.0
237,2021-10-06 06:29:51,10200.0,100.0,381300.0
238,2021-10-06 06:29:51,10200.0,3000.0,381200.0
239,2021-10-06 06:29:39,10150.0,900.0,378200.0
240,2021-10-06 06:29:39,10150.0,100.0,377300.0
241,2021-10-06 06:29:08,10150.0,900.0,377200.0
242,2021-10-06 06:29:08,10150.0,400.0,376300.0
243,2021-10-06 06:29:08,10150.0,200.0,375900.0
244,2021-10-06 06:29:08,10150.0,100.0,375700.0
245,2021-10-06 06:29:08,10150.0,200.0,375600.0
246,2021-10-06 06:29:08,10150.0,300.0,375400.0
247,2021-10-06 06:29:08,10150.0,300.0,375100.0
248,2021-10-06 06:29:08,10150.0,500.0,374800.0
249,2021-10-06 06:29:08,10150.0,100.0,374300.0
250,2021-10-06 06:28:15,10150.0,2000.0,374200.0
251,2021-10-06 06:28:15,10150.0,1000.0,372200.0
252,2021-10-06 06:27:21,10200.0,300.0,371200.0
253,2021-10-06 06:25:48,10150.0,1000.0,370900.0
254,2021-10-06 06:25:34,10150.0,100.0,369900.0
255,2021-10-06 06:24:53,10150.0,100.0,369800.0
256,2021-10-06 06:24:53,10150.0,400.0,369700.0
257,2021-10-06 06:24:12,10150.0,100.0,369300.0
258,2021-10-06 06:23:57,10150.0,1500.0,369200.0
259,2021-10-06 06:23:57,10150.0,800.0,367700.0
260,2021-10-06 06:23:57,10150.0,1000.0,366900.0
261,2021-10-06 06:23:57,10150.0,2000.0,365900.0
262,2021-10-06 06:23:57,10150.0,300.0,363900.0
263,2021-10-06 06:23:57,10150.0,700.0,363600.0
264,2021-10-06 06:23:57,10150.0,100.0,362900.0
265,2021-10-06 06:23:57,10150.0,100.0,362800.0
266,2021-10-06 06:23:57,10150.0,1000.0,362700.0
267,2021-10-06 06:23:57,10150.0,1000.0,361700.0
268,2021-10-06 06:23:57,10150.0,500.0,360700.0
269,2021-10-06 06:23:57,10150.0,400.0,360200.0
270,2021-10-06 06:23:57,10150.0,600.0,359800.0
271,2021-10-06 06:23:51,10150.0,1000.0,359200.0
272,2021-10-06 06:23:10,10150.0,2100.0,358200.0
273,2021-10-06 06:22:03,10200.0,500.0,356100.0
274,2021-10-06 06:21:37,10200.0,100.0,355600.0
275,2021-10-06 06:21:28,10150.0,400.0,355500.0
276,2021-10-06 06:20:07,10150.0,100.0,355100.0
277,2021-10-06 06:20:05,10150.0,400.0,355000.0
278,2021-10-06 06:18:57,10200.0,300.0,354600.0
279,2021-10-06 06:18:56,10200.0,800.0,354300.0
280,2021-10-06 06:18:56,10200.0,2200.0,353500.0
281,2021-10-06 06:17:47,10150.0,1000.0,351300.0
282,2021-10-06 06:11:21,10150.0,1000.0,350300.0
283,2021-10-06 06:09:11,10200.0,100.0,349300.0
284,2021-10-06 06:08:48,10150.0,3300.0,349200.0
285,2021-10-06 06:07:55,10200.0,500.0,345900.0
286,2021-10-06 06:07:25,10200.0,1000.0,345400.0
287,2021-10-06 06:07:21,10200.0,500.0,344400.0
288,2021-10-06 06:06:15,10200.0,1200.0,343900.0
289,2021-10-06 06:06:06,10200.0,1000.0,342700.0
290,2021-10-06 06:06:05,10200.0,100.0,341700.0
291,2021-10-06 06:05:03,10200.0,300.0,341600.0
292,2021-10-06 06:00:26,10200.0,200.0,341300.0
293,2021-10-06 06:00:14,10200.0,1000.0,341100.0
294,2021-10-06 06:00:13,10200.0,100.0,340100.0
295,2021-10-06 06:00:08,10200.0,100.0,340000.0
296,2021-10-06 06:00:03,10150.0,100.0,339900.0
297,2021-10-06 06:00:03,10150.0,900.0,339800.0
298,2021-10-06 06:00:01,10200.0,3000.0,338900.0
299,2021-10-06 06:00:00,10200.0,100.0,335900.0
300,2021-10-06 06:00:00,10200.0,200.0,335800.0
301,2021-10-06 06:00:00,10200.0,400.0,335600.0
302,2021-10-06 06:00:00,10200.0,1000.0,335200.0
303,2021-10-06 06:00:00,10200.0,2000.0,334200.0
304,2021-10-06 06:00:00,10150.0,100.0,332200.0
305,2021-10-06 06:00:00,10150.0,100.0,332100.0
306,2021-10-06 06:00:00,10200.0,1000.0,332000.0
307,2021-10-06 04:29:54,10200.0,400.0,331000.0
308,2021-10-06 04:29:28,10200.0,200.0,330600.0
309,2021-10-06 04:28:09,10200.0,100.0,330400.0
310,2021-10-06 04:24:15,10150.0,2000.0,330300.0
311,2021-10-06 04:22:13,10150.0,100.0,328300.0
312,2021-10-06 04:22:10,10150.0,100.0,328200.0
313,2021-10-06 04:22:03,10150.0,300.0,328100.0
314,2021-10-06 04:21:14,10150.0,200.0,327800.0
315,2021-10-06 04:21:14,10150.0,100.0,327600.0
316,2021-10-06 04:19:09,10100.0,900.0,327500.0
317,2021-10-06 04:18:56,10150.0,1000.0,326600.0
318,2021-10-06 04:18:22,10150.0,3000.0,325600.0
319,2021-10-06 04:17:03,10150.0,100.0,322600.0
320,2021-10-06 04:15:38,10150.0,600.0,322500.0
321,2021-10-06 04:15:31,10150.0,300.0,321900.0
322,2021-10-06 04:15:31,10150.0,200.0,321600.0
323,2021-10-06 04:14:36,10150.0,200.0,321400.0
324,2021-10-06 04:14:36,10150.0,100.0,321200.0
325,2021-10-06 04:08:02,10150.0,900.0,321100.0
326,2021-10-06 04:08:02,10150.0,100.0,320200.0
327,2021-10-06 04:07:57,10150.0,200.0,320100.0
328,2021-10-06 04:07:57,10150.0,800.0,319900.0
329,2021-10-06 04:07:32,10150.0,100.0,319100.0
330,2021-10-06 04:07:32,10150.0,400.0,319000.0
331,2021-10-06 04:07:02,10150.0,1000.0,318600.0
332,2021-10-06 04:05:43,10150.0,500.0,317600.0
333,2021-10-06 04:04:53,10150.0,3000.0,317100.0
334,2021-10-06 04:03:52,10150.0,100.0,314100.0
335,2021-10-06 04:02:59,10150.0,1500.0,314000.0
336,2021-10-06 04:02:56,10150.0,5000.0,312500.0
337,2021-10-06 04:02:14,10150.0,3000.0,307500.0
338,2021-10-06 04:02:14,10150.0,300.0,304500.0
339,2021-10-06 04:02:14,10150.0,100.0,304200.0
340,2021-10-06 04:02:14,10150.0,300.0,304100.0
341,2021-10-06 04:02:14,10150.0,2200.0,303800.0
342,2021-10-06 04:01:02,10150.0,800.0,301600.0
343,2021-10-06 04:01:02,10150.0,100.0,300800.0
344,2021-10-06 04:01:02,10150.0,100.0,300700.0
345,2021-10-06 03:59:53,10150.0,200.0,300600.0
346,2021-10-06 03:59:49,10150.0,1200.0,300400.0
347,2021-10-06 03:59:42,10150.0,2000.0,299200.0
348,2021-10-06 03:59:36,10150.0,1500.0,297200.0
349,2021-10-06 03:59:36,10150.0,500.0,295700.0
350,2021-10-06 03:58:18,10200.0,1100.0,295200.0
351,2021-10-06 03:58:18,10150.0,900.0,294100.0
352,2021-10-06 03:57:46,10150.0,100.0,293200.0
353,2021-10-06 03:57:46,10150.0,1000.0,293100.0
354,2021-10-06 03:57:46,10150.0,3000.0,292100.0
355,2021-10-06 03:55:52,10150.0,1000.0,289100.0
356,2021-10-06 03:54:06,10150.0,1000.0,288100.0
357,2021-10-06 03:54:06,10150.0,500.0,287100.0
358,2021-10-06 03:53:20,10150.0,100.0,286600.0
359,2021-10-06 03:53:20,10150.0,200.0,286500.0
360,2021-10-06 03:51:55,10150.0,1800.0,286300.0
361,2021-10-06 03:51:44,10150.0,100.0,284500.0
362,2021-10-06 03:50:39,10150.0,100.0,284400.0
363,2021-10-06 03:50:39,10150.0,400.0,284300.0
364,2021-10-06 03:49:59,10150.0,500.0,283900.0
365,2021-10-06 03:49:52,10150.0,100.0,283400.0
366,2021-10-06 03:49:52,10150.0,1000.0,283300.0
367,2021-10-06 03:49:52,10150.0,200.0,282300.0
368,2021-10-06 03:49:52,10150.0,100.0,282100.0
369,2021-10-06 03:49:52,10150.0,100.0,282000.0
370,2021-10-06 03:49:52,10150.0,500.0,281900.0
371,2021-10-06 03:49:47,10200.0,100.0,281400.0
372,2021-10-06 03:49:05,10150.0,1500.0,281300.0
373,2021-10-06 03:49:05,10150.0,500.0,279800.0
374,2021-10-06 03:49:03,10150.0,4000.0,279300.0
375,2021-10-06 03:48:30,10150.0,500.0,275300.0
376,2021-10-06 03:48:20,10150.0,200.0,274800.0
377,2021-10-06 03:48:20,10150.0,100.0,274600.0
378,2021-10-06 03:48:20,10150.0,100.0,274500.0
379,2021-10-06 03:48:20,10150.0,100.0,274400.0
380,2021-10-06 03:48:20,10150.0,3000.0,274300.0
381,2021-10-06 03:48:20,10150.0,1400.0,271300.0
382,2021-10-06 03:48:10,10150.0,300.0,269900.0
383,2021-10-06 03:47:51,10150.0,300.0,269600.0
384,2021-10-06 03:47:51,10150.0,200.0,269300.0
385,2021-10-06 03:47:51,10150.0,2000.0,269100.0
386,2021-10-06 03:47:51,10150.0,100.0,267100.0
387,2021-10-06 03:47:51,10150.0,600.0,267000.0
388,2021-10-06 03:47:51,10150.0,1800.0,266400.0
389,2021-10-06 03:46:37,10150.0,100.0,264600.0
390,2021-10-06 03:46:31,10150.0,2000.0,264500.0
391,2021-10-06 03:43:31,10150.0,1000.0,262500.0
392,2021-10-06 03:43:31,10150.0,500.0,261500.0
393,2021-10-06 03:43:26,10150.0,1900.0,261000.0
394,2021-10-06 03:42:03,10150.0,2000.0,259100.0
395,2021-10-06 03:41:40,10150.0,700.0,257100.0
396,2021-10-06 03:41:40,10150.0,300.0,256400.0
397,2021-10-06 03:40:28,10150.0,100.0,256100.0
398,2021-10-06 03:39:19,10150.0,600.0,256000.0
399,2021-10-06 03:39:19,10150.0,100.0,255400.0
400,2021-10-06 03:39:19,10150.0,100.0,255300.0
401,2021-10-06 03:39:19,10150.0,100.0,255200.0
402,2021-10-06 03:39:19,10150.0,300.0,255100.0
403,2021-10-06 03:39:19,10150.0,100.0,254800.0
404,2021-10-06 03:39:19,10150.0,100.0,254700.0
405,2021-10-06 03:39:19,10150.0,100.0,254600.0
406,2021-10-06 03:39:19,10150.0,100.0,254500.0
407,2021-10-06 03:39:19,10150.0,100.0,254400.0
408,2021-10-06 03:39:19,10150.0,300.0,254300.0
409,2021-10-06 03:36:44,10150.0,200.0,254000.0
410,2021-10-06 03:35:39,10150.0,500.0,253800.0
411,2021-10-06 03:35:39,10150.0,1000.0,253300.0
412,2021-10-06 03:35:39,10150.0,500.0,252300.0
413,2021-10-06 03:34:31,10150.0,1500.0,251800.0
414,2021-10-06 03:34:27,10150.0,1000.0,250300.0
415,2021-10-06 03:34:12,10150.0,2100.0,249300.0
416,2021-10-06 03:34:09,10150.0,500.0,247200.0
417,2021-10-06 03:34:03,10150.0,1000.0,246700.0
418,2021-10-06 03:33:49,10150.0,300.0,245700.0
419,2021-10-06 03:33:49,10150.0,1000.0,245400.0
420,2021-10-06 03:33:49,10150.0,1000.0,244400.0
421,2021-10-06 03:33:49,10150.0,400.0,243400.0
422,2021-10-06 03:33:49,10150.0,1200.0,243000.0
423,2021-10-06 03:32:49,10150.0,100.0,241800.0
424,2021-10-06 03:31:59,10150.0,500.0,241700.0
425,2021-10-06 03:31:59,10150.0,200.0,241200.0
426,2021-10-06 03:31:57,10150.0,400.0,241000.0
427,2021-10-06 03:31:15,10150.0,400.0,240600.0
428,2021-10-06 03:31:15,10150.0,4000.0,240200.0
429,2021-10-06 03:31:15,10150.0,5000.0,236200.0
430,2021-10-06 03:31:15,10150.0,500.0,231200.0
431,2021-10-06 03:31:15,10150.0,5000.0,230700.0
432,2021-10-06 03:31:15,10150.0,300.0,225700.0
433,2021-10-06 03:31:15,10150.0,4800.0,225400.0
434,2021-10-06 03:31:02,10150.0,100.0,220600.0
435,2021-10-06 03:30:50,10150.0,100.0,220500.0
436,2021-10-06 03:30:44,10150.0,100.0,220400.0
437,2021-10-06 03:30:38,10150.0,100.0,220300.0
438,2021-10-06 03:30:16,10150.0,1000.0,220200.0
439,2021-10-06 03:29:51,10100.0,100.0,219200.0
440,2021-10-06 03:29:51,10100.0,500.0,219100.0
441,2021-10-06 03:29:51,10100.0,600.0,218600.0
442,2021-10-06 03:29:19,10150.0,100.0,218000.0
443,2021-10-06 03:28:07,10150.0,500.0,217900.0
444,2021-10-06 03:27:29,10150.0,100.0,217400.0
445,2021-10-06 03:26:32,10100.0,500.0,217300.0
446,2021-10-06 03:26:16,10150.0,200.0,216800.0
447,2021-10-06 03:26:01,10150.0,800.0,216600.0
448,2021-10-06 03:25:58,10150.0,200.0,215800.0
449,2021-10-06 03:25:44,10150.0,1300.0,215600.0
450,2021-10-06 03:25:43,10150.0,500.0,214300.0
451,2021-10-06 03:25:42,10150.0,1000.0,213800.0
452,2021-10-06 03:25:30,10150.0,200.0,212800.0
453,2021-10-06 03:25:18,10150.0,3000.0,212600.0
454,2021-10-06 03:21:33,10150.0,100.0,209600.0
455,2021-10-06 03:18:28,10100.0,1900.0,209500.0
456,2021-10-06 03:18:28,10100.0,200.0,207600.0
457,2021-10-06 03:18:28,10100.0,1000.0,207400.0
458,2021-10-06 03:18:28,10100.0,500.0,206400.0
459,2021-10-06 03:18:28,10100.0,500.0,205900.0
460,2021-10-06 03:18:28,10100.0,900.0,205400.0
461,2021-10-06 03:17:18,10100.0,100.0,204500.0
462,2021-10-06 03:17:18,10100.0,500.0,204400.0
463,2021-10-06 03:17:18,10100.0,300.0,203900.0
464,2021-10-06 03:17:18,10100.0,100.0,203600.0
465,2021-10-06 03:16:45,10100.0,300.0,203500.0
466,2021-10-06 03:14:57,10100.0,2600.0,203200.0
467,2021-10-06 03:14:57,10100.0,500.0,200600.0
468,2021-10-06 03:14:57,10100.0,100.0,200100.0
469,2021-10-06 03:14:20,10150.0,100.0,200000.0
470,2021-10-06 03:13:42,10150.0,100.0,199900.0
471,2021-10-06 03:13:27,10100.0,900.0,199800.0
472,2021-10-06 03:13:27,10100.0,100.0,198900.0
473,2021-10-06 03:13:24,10150.0,1000.0,198800.0
474,2021-10-06 03:13:24,10150.0,200.0,197800.0
475,2021-10-06 03:13:09,10150.0,500.0,197600.0
476,2021-10-06 03:12:42,10150.0,100.0,197100.0
477,2021-10-06 03:12:25,10150.0,100.0,197000.0
478,2021-10-06 03:12:06,10150.0,100.0,196900.0
479,2021-10-06 03:11:55,10150.0,1100.0,196800.0
480,2021-10-06 03:11:45,10150.0,100.0,195700.0
481,2021-10-06 03:11:27,10150.0,200.0,195600.0
482,2021-10-06 03:11:27,10150.0,100.0,195400.0
483,2021-10-06 03:11:27,10150.0,200.0,195300.0
484,2021-10-06 03:11:27,10150.0,300.0,195100.0
485,2021-10-06 03:11:27,10150.0,800.0,194800.0
486,2021-10-06 03:11:00,10150.0,1200.0,194000.0
487,2021-10-06 03:11:00,10150.0,100.0,192800.0
488,2021-10-06 03:11:00,10150.0,100.0,192700.0
489,2021-10-06 03:11:00,10150.0,200.0,192600.0
490,2021-10-06 03:11:00,10150.0,100.0,192400.0
491,2021-10-06 03:09:38,10150.0,100.0,192300.0
492,2021-10-06 03:09:34,10150.0,500.0,192200.0
493,2021-10-06 03:07:56,10150.0,2200.0,191700.0
494,2021-10-06 03:07:56,10150.0,1000.0,189500.0
495,2021-10-06 03:07:56,10150.0,500.0,188500.0
496,2021-10-06 03:07:56,10150.0,500.0,188000.0
497,2021-10-06 03:07:56,10150.0,800.0,187500.0
498,2021-10-06 03:07:00,10200.0,100.0,186700.0
499,2021-10-06 03:07:00,10200.0,100.0,186600.0
500,2021-10-06 03:05:54,10150.0,100.0,186500.0
501,2021-10-06 03:05:47,10150.0,1000.0,186400.0
502,2021-10-06 03:05:47,10150.0,100.0,185400.0
503,2021-10-06 03:05:27,10150.0,200.0,185300.0
504,2021-10-06 03:05:22,10150.0,200.0,185100.0
505,2021-10-06 03:05:22,10150.0,500.0,184900.0
506,2021-10-06 03:05:12,10150.0,1500.0,184400.0
507,2021-10-06 03:04:48,10150.0,1200.0,182900.0
508,2021-10-06 03:04:44,10150.0,300.0,181700.0
509,2021-10-06 03:04:11,10150.0,6000.0,181400.0
510,2021-10-06 03:04:11,10150.0,1000.0,175400.0
511,2021-10-06 03:04:11,10150.0,2000.0,174400.0
512,2021-10-06 03:03:22,10150.0,3000.0,172400.0
513,2021-10-06 03:03:22,10150.0,3600.0,169400.0
514,2021-10-06 03:03:14,10150.0,200.0,165800.0
515,2021-10-06 03:03:14,10150.0,100.0,165600.0
516,2021-10-06 03:02:59,10150.0,1000.0,165500.0
517,2021-10-06 03:01:53,10150.0,1000.0,164500.0
518,2021-10-06 03:01:48,10150.0,300.0,163500.0
519,2021-10-06 03:01:48,10150.0,900.0,163200.0
520,2021-10-06 03:01:32,10200.0,1000.0,162300.0
521,2021-10-06 03:01:25,10150.0,1100.0,161300.0
522,2021-10-06 03:01:24,10150.0,500.0,160200.0
523,2021-10-06 03:01:24,10150.0,500.0,159700.0
524,2021-10-06 03:01:24,10150.0,400.0,159200.0
525,2021-10-06 03:01:24,10150.0,400.0,158800.0
526,2021-10-06 03:01:24,10150.0,100.0,158400.0
527,2021-10-06 03:01:24,10150.0,1500.0,158300.0
528,2021-10-06 03:01:24,10150.0,5000.0,156800.0
529,2021-10-06 03:01:24,10150.0,1000.0,151800.0
530,2021-10-06 03:01:24,10150.0,100.0,150800.0
531,2021-10-06 03:01:24,10150.0,100.0,150700.0
532,2021-10-06 03:01:24,10150.0,500.0,150600.0
533,2021-10-06 03:01:24,10150.0,200.0,150100.0
534,2021-10-06 03:01:24,10150.0,100.0,149900.0
535,2021-10-06 03:01:24,10150.0,500.0,149800.0
536,2021-10-06 03:01:24,10150.0,1000.0,149300.0
537,2021-10-06 03:01:24,10150.0,100.0,148300.0
538,2021-10-06 03:01:24,10150.0,100.0,148200.0
539,2021-10-06 03:01:24,10150.0,100.0,148100.0
540,2021-10-06 03:01:24,10150.0,300.0,148000.0
541,2021-10-06 03:01:24,10150.0,100.0,147700.0
542,2021-10-06 03:01:24,10150.0,100.0,147600.0
543,2021-10-06 03:01:24,10150.0,500.0,147500.0
544,2021-10-06 03:01:24,10150.0,300.0,147000.0
545,2021-10-06 03:01:24,10150.0,3200.0,146700.0
546,2021-10-06 03:01:24,10150.0,500.0,143500.0
547,2021-10-06 03:01:24,10150.0,300.0,143000.0
548,2021-10-06 03:01:24,10150.0,900.0,142700.0
549,2021-10-06 03:01:24,10150.0,500.0,141800.0
550,2021-10-06 03:01:09,10150.0,400.0,141300.0
551,2021-10-06 03:01:09,10150.0,2500.0,140900.0
552,2021-10-06 03:01:09,10150.0,200.0,138400.0
553,2021-10-06 03:01:09,10150.0,100.0,138200.0
554,2021-10-06 03:01:09,10150.0,100.0,138100.0
555,2021-10-06 03:01:09,10150.0,200.0,138000.0
556,2021-10-06 03:01:09,10150.0,300.0,137800.0
557,2021-10-06 03:01:09,10150.0,100.0,137500.0
558,2021-10-06 03:01:09,10150.0,1000.0,137400.0
559,2021-10-06 03:01:09,10150.0,500.0,136400.0
560,2021-10-06 03:01:09,10150.0,1000.0,135900.0
561,2021-10-06 03:01:09,10150.0,300.0,134900.0
562,2021-10-06 03:01:09,10150.0,1000.0,134600.0
563,2021-10-06 03:01:09,10150.0,200.0,133600.0
564,2021-10-06 03:01:09,10150.0,1600.0,133400.0
565,2021-10-06 03:00:43,10150.0,400.0,131800.0
566,2021-10-06 03:00:43,10150.0,100.0,131400.0
567,2021-10-06 03:00:29,10200.0,100.0,131300.0
568,2021-10-06 02:56:12,10200.0,200.0,131200.0
569,2021-10-06 02:54:37,10200.0,500.0,131000.0
570,2021-10-06 02:54:01,10200.0,100.0,130500.0
571,2021-10-06 02:53:37,10200.0,600.0,130400.0
572,2021-10-06 02:52:11,10200.0,2000.0,129800.0
573,2021-10-06 02:52:11,10200.0,400.0,127800.0
574,2021-10-06 02:51:45,10200.0,1000.0,127400.0
575,2021-10-06 02:51:45,10200.0,600.0,126400.0
576,2021-10-06 02:51:34,10200.0,200.0,125800.0
577,2021-10-06 02:51:34,10200.0,500.0,125600.0
578,2021-10-06 02:51:34,10200.0,300.0,125100.0
579,2021-10-06 02:50:45,10200.0,500.0,124800.0
580,2021-10-06 02:50:31,10200.0,200.0,124300.0
581,2021-10-06 02:50:01,10250.0,200.0,124100.0
582,2021-10-06 02:49:43,10200.0,500.0,123900.0
583,2021-10-06 02:49:43,10200.0,400.0,123400.0
584,2021-10-06 02:49:43,10200.0,100.0,123000.0
585,2021-10-06 02:49:32,10200.0,900.0,122900.0
586,2021-10-06 02:49:32,10200.0,1000.0,122000.0
587,2021-10-06 02:49:32,10200.0,1000.0,121000.0
588,2021-10-06 02:49:32,10200.0,500.0,120000.0
589,2021-10-06 02:49:32,10200.0,5000.0,119500.0
590,2021-10-06 02:49:32,10200.0,200.0,114500.0
591,2021-10-06 02:49:32,10200.0,1000.0,114300.0
592,2021-10-06 02:49:32,10200.0,5000.0,113300.0
593,2021-10-06 02:49:32,10200.0,1000.0,108300.0
594,2021-10-06 02:49:32,10200.0,100.0,107300.0
595,2021-10-06 02:49:32,10200.0,200.0,107200.0
596,2021-10-06 02:49:32,10200.0,1000.0,107000.0
597,2021-10-06 02:49:32,10200.0,100.0,106000.0
598,2021-10-06 02:49:32,10200.0,200.0,105900.0
599,2021-10-06 02:49:32,10200.0,2000.0,105700.0
600,2021-10-06 02:49:32,10200.0,1000.0,103700.0
601,2021-10-06 02:49:32,10200.0,100.0,102700.0
602,2021-10-06 02:49:32,10200.0,200.0,102600.0
603,2021-10-06 02:49:32,10200.0,100.0,102400.0
604,2021-10-06 02:49:32,10200.0,500.0,102300.0
605,2021-10-06 02:49:32,10200.0,500.0,101800.0
606,2021-10-06 02:49:32,10200.0,600.0,101300.0
607,2021-10-06 02:49:32,10200.0,4700.0,100700.0
608,2021-10-06 02:49:05,10200.0,300.0,96000.0
609,2021-10-06 02:49:05,10200.0,200.0,95700.0
610,2021-10-06 02:49:01,10200.0,400.0,95500.0
611,2021-10-06 02:49:01,10200.0,500.0,95100.0
612,2021-10-06 02:49:01,10200.0,200.0,94600.0
613,2021-10-06 02:49:01,10200.0,400.0,94400.0
614,2021-10-06 02:48:22,10200.0,200.0,94000.0
615,2021-10-06 02:48:22,10200.0,100.0,93800.0
616,2021-10-06 02:48:22,10200.0,100.0,93700.0
617,2021-10-06 02:48:22,10200.0,100.0,93600.0
618,2021-10-06 02:48:09,10200.0,100.0,93500.0
619,2021-10-06 02:48:09,10200.0,1500.0,93400.0
620,2021-10-06 02:48:03,10200.0,200.0,91900.0
621,2021-10-06 02:47:51,10200.0,900.0,91700.0
622,2021-10-06 02:47:12,10200.0,100.0,90800.0
623,2021-10-06 02:46:57,10200.0,1000.0,90700.0
624,2021-10-06 02:46:32,10200.0,2000.0,89700.0
625,2021-10-06 02:46:07,10200.0,200.0,87700.0
626,2021-10-06 02:44:54,10200.0,100.0,87500.0
627,2021-10-06 02:43:51,10200.0,100.0,87400.0
628,2021-10-06 02:42:17,10250.0,200.0,87300.0
629,2021-10-06 02:40:48,10200.0,1000.0,87100.0
630,2021-10-06 02:40:24,10250.0,4000.0,86100.0
631,2021-10-06 02:40:18,10200.0,100.0,82100.0
632,2021-10-06 02:39:59,10250.0,200.0,82000.0
633,2021-10-06 02:36:56,10200.0,1000.0,81800.0
634,2021-10-06 02:35:40,10200.0,1000.0,80800.0
635,2021-10-06 02:35:23,10200.0,500.0,79800.0
636,2021-10-06 02:35:07,10200.0,200.0,79300.0
637,2021-10-06 02:34:31,10250.0,1500.0,79100.0
638,2021-10-06 02:33:23,10250.0,700.0,77600.0
639,2021-10-06 02:33:15,10200.0,100.0,76900.0
640,2021-10-06 02:33:15,10200.0,500.0,76800.0
641,2021-10-06 02:33:15,10200.0,1900.0,76300.0
642,2021-10-06 02:32:15,10200.0,3000.0,74400.0
643,2021-10-06 02:32:12,10200.0,100.0,71400.0
644,2021-10-06 02:32:12,10200.0,100.0,71300.0
645,2021-10-06 02:32:12,10200.0,300.0,71200.0
646,2021-10-06 02:31:06,10200.0,1000.0,70900.0
647,2021-10-06 02:30:16,10200.0,1000.0,69900.0
648,2021-10-06 02:30:16,10200.0,1000.0,68900.0
649,2021-10-06 02:30:16,10200.0,1000.0,67900.0
650,2021-10-06 02:27:51,10250.0,100.0,66900.0
651,2021-10-06 02:27:39,10250.0,200.0,66800.0
652,2021-10-06 02:26:28,10250.0,100.0,66600.0
653,2021-10-06 02:26:26,10250.0,1100.0,66500.0
654,2021-10-06 02:26:26,10250.0,400.0,65400.0
655,2021-10-06 02:26:21,10250.0,500.0,65000.0
656,2021-10-06 02:26:16,10250.0,500.0,64500.0
657,2021-10-06 02:25:14,10250.0,500.0,64000.0
658,2021-10-06 02:25:14,10250.0,100.0,63500.0
659,2021-10-06 02:25:14,10250.0,500.0,63400.0
660,2021-10-06 02:25:14,10250.0,100.0,62900.0
661,2021-10-06 02:25:14,10250.0,2400.0,62800.0
662,2021-10-06 02:24:54,10250.0,500.0,60400.0
663,2021-10-06 02:24:51,10300.0,400.0,59900.0
664,2021-10-06 02:24:51,10300.0,100.0,59500.0
665,2021-10-06 02:23:52,10250.0,1000.0,59400.0
666,2021-10-06 02:23:52,10250.0,100.0,58400.0
667,2021-10-06 02:23:52,10250.0,1000.0,58300.0
668,2021-10-06 02:23:42,10250.0,4000.0,57300.0
669,2021-10-06 02:23:42,10250.0,500.0,53300.0
670,2021-10-06 02:23:42,10250.0,300.0,52800.0
671,2021-10-06 02:23:42,10250.0,200.0,52500.0
672,2021-10-06 02:23:32,10250.0,100.0,52300.0
673,2021-10-06 02:23:31,10250.0,1500.0,52200.0
674,2021-10-06 02:23:12,10250.0,200.0,50700.0
675,2021-10-06 02:23:12,10250.0,100.0,50500.0
676,2021-10-06 02:23:12,10250.0,300.0,50400.0
677,2021-10-06 02:23:12,10250.0,100.0,50100.0
678,2021-10-06 02:23:12,10250.0,300.0,50000.0
679,2021-10-06 02:22:15,10250.0,100.0,49700.0
680,2021-10-06 02:22:15,10250.0,100.0,49600.0
681,2021-10-06 02:22:15,10250.0,300.0,49500.0
682,2021-10-06 02:22:15,10250.0,300.0,49200.0
683,2021-10-06 02:22:15,10250.0,1000.0,48900.0
684,2021-10-06 02:22:15,10250.0,200.0,47900.0
685,2021-10-06 02:21:40,10250.0,800.0,47700.0
686,2021-10-06 02:21:40,10250.0,2200.0,46900.0
687,2021-10-06 02:21:23,10250.0,100.0,44700.0
688,2021-10-06 02:21:23,10250.0,100.0,44600.0
689,2021-10-06 02:21:12,10250.0,600.0,44500.0
690,2021-10-06 02:21:12,10250.0,3000.0,43900.0
691,2021-10-06 02:21:04,10200.0,100.0,40900.0
692,2021-10-06 02:21:04,10200.0,400.0,40800.0
693,2021-10-06 02:19:31,10200.0,100.0,40400.0
694,2021-10-06 02:19:31,10200.0,700.0,40300.0
695,2021-10-06 02:19:06,10200.0,300.0,39600.0
696,2021-10-06 02:19:01,10200.0,200.0,39300.0
697,2021-10-06 02:18:53,10200.0,1500.0,39100.0
698,2021-10-06 02:18:39,10200.0,2000.0,37600.0
699,2021-10-06 02:18:35,10200.0,500.0,35600.0
700,2021-10-06 02:18:26,10200.0,1300.0,35100.0
701,2021-10-06 02:18:26,10200.0,500.0,33800.0
702,2021-10-06 02:18:26,10200.0,500.0,33300.0
703,2021-10-06 02:18:26,10200.0,100.0,32800.0
704,2021-10-06 02:18:26,10200.0,200.0,32700.0
705,2021-10-06 02:18:26,10200.0,4900.0,32500.0
706,2021-10-06 02:18:10,10250.0,1000.0,27600.0
707,2021-10-06 02:18:03,10250.0,100.0,26600.0
708,2021-10-06 02:17:41,10200.0,100.0,26500.0
709,2021-10-06 02:17:41,10200.0,200.0,26400.0
710,2021-10-06 02:17:38,10200.0,500.0,26200.0
711,2021-10-06 02:17:38,10200.0,100.0,25700.0
712,2021-10-06 02:17:26,10200.0,100.0,25600.0
713,2021-10-06 02:17:26,10200.0,500.0,25500.0
714,2021-10-06 02:17:26,10200.0,300.0,25000.0
715,2021-10-06 02:17:26,10200.0,600.0,24700.0
716,2021-10-06 02:17:16,10250.0,200.0,24100.0
717,2021-10-06 02:16:45,10250.0,700.0,23900.0
718,2021-10-06 02:16:45,10250.0,100.0,23200.0
719,2021-10-06 02:16:45,10250.0,100.0,23100.0
720,2021-10-06 02:15:41,10250.0,100.0,23000.0
721,2021-10-06 02:15:00,10300.0,500.0,22900.0
722,2021-10-06 02:15:00,10300.0,1500.0,22400.0
723,2021-10-06 02:15:00,10300.0,100.0,20900.0
724,2021-10-06 02:15:00,10300.0,100.0,20800.0
725,2021-10-06 02:15:00,10300.0,100.0,20700.0
726,2021-10-06 02:15:00,10300.0,400.0,20600.0
727,2021-10-06 02:15:00,10300.0,100.0,20200.0
728,2021-10-06 02:15:00,10300.0,400.0,20100.0
729,2021-10-06 02:15:00,10300.0,500.0,19700.0
730,2021-10-06 02:15:00,10300.0,4500.0,19200.0
731,2021-10-06 02:15:00,10300.0,500.0,14700.0
732,2021-10-06 02:15:00,10300.0,1000.0,14200.0
733,2021-10-06 02:15:00,10300.0,200.0,13200.0
734,2021-10-06 02:15:00,10300.0,100.0,13000.0
735,2021-10-06 02:15:00,10300.0,100.0,12900.0
736,2021-10-06 02:15:00,10300.0,300.0,12800.0
737,2021-10-06 02:15:00,10300.0,300.0,12500.0
738,2021-10-06 02:15:00,10300.0,200.0,12200.0
739,2021-10-06 02:15:00,10300.0,500.0,12000.0
740,2021-10-06 02:15:00,10300.0,200.0,11500.0
741,2021-10-06 02:15:00,10300.0,100.0,11300.0
742,2021-10-06 02:15:00,10300.0,300.0,11200.0
743,2021-10-06 02:15:00,10300.0,700.0,10900.0
744,2021-10-06 02:15:00,10300.0,1000.0,10200.0
745,2021-10-06 02:15:00,10300.0,300.0,9200.0
746,2021-10-06 02:15:00,10300.0,3700.0,8900.0
747,2021-10-06 02:15:00,10300.0,1000.0,5200.0
748,2021-10-06 02:15:00,10300.0,300.0,4200.0
749,2021-10-06 02:15:00,10300.0,100.0,3900.0
750,2021-10-06 02:15:00,10300.0,1500.0,3800.0
751,2021-10-06 02:15:00,10300.0,100.0,2300.0
752,2021-10-06 02:15:00,10300.0,100.0,2200.0
753,2021-10-06 02:15:00,10300.0,1100.0,2100.0
754,2021-10-06 02:15:00,10300.0,500.0,1000.0
755,2021-10-06 02:15:00,10300.0,300.0,500.0
756,2021-10-06 02:15:00,10300.0,100.0,200.0
757,2021-10-06 02:15:00,10300.0,100.0,100.0
