,Time,Price,Volume_per_trade,Volume
0,2021-10-22 07:45:01,33500.0,100.0,1056500.0
1,2021-10-22 07:45:01,33500.0,100.0,1056400.0
2,2021-10-22 07:45:01,33500.0,100.0,1056300.0
3,2021-10-22 07:45:01,33500.0,1600.0,1056200.0
4,2021-10-22 07:45:01,33500.0,100.0,1054600.0
5,2021-10-22 07:45:01,33500.0,1000.0,1054500.0
6,2021-10-22 07:45:01,33500.0,300.0,1053500.0
7,2021-10-22 07:45:01,33500.0,100.0,1053200.0
8,2021-10-22 07:45:01,33500.0,2000.0,1053100.0
9,2021-10-22 07:45:01,33500.0,500.0,1051100.0
10,2021-10-22 07:45:01,33500.0,200.0,1050600.0
11,2021-10-22 07:45:01,33500.0,500.0,1050400.0
12,2021-10-22 07:45:01,33500.0,200.0,1049900.0
13,2021-10-22 07:45:01,33500.0,100.0,1049700.0
14,2021-10-22 07:45:01,33500.0,200.0,1049600.0
15,2021-10-22 07:45:01,33500.0,200.0,1049400.0
16,2021-10-22 07:45:01,33500.0,2000.0,1049200.0
17,2021-10-22 07:45:01,33500.0,1000.0,1047200.0
18,2021-10-22 07:45:01,33500.0,500.0,1046200.0
19,2021-10-22 07:45:01,33500.0,500.0,1045700.0
20,2021-10-22 07:45:01,33500.0,500.0,1045200.0
21,2021-10-22 07:45:01,33500.0,100.0,1044700.0
22,2021-10-22 07:45:01,33500.0,200.0,1044600.0
23,2021-10-22 07:45:01,33500.0,200.0,1044400.0
24,2021-10-22 07:45:01,33500.0,200.0,1044200.0
25,2021-10-22 07:45:01,33500.0,100.0,1044000.0
26,2021-10-22 07:45:01,33500.0,100.0,1043900.0
27,2021-10-22 07:45:01,33500.0,200.0,1043800.0
28,2021-10-22 07:45:01,33500.0,2000.0,1043600.0
29,2021-10-22 07:45:01,33500.0,500.0,1041600.0
30,2021-10-22 07:45:01,33500.0,300.0,1041100.0
31,2021-10-22 07:45:01,33500.0,100.0,1040800.0
32,2021-10-22 07:45:01,33500.0,100.0,1040700.0
33,2021-10-22 07:45:01,33500.0,100.0,1040600.0
34,2021-10-22 07:45:01,33500.0,300.0,1040500.0
35,2021-10-22 07:45:01,33500.0,100.0,1040200.0
36,2021-10-22 07:45:01,33500.0,500.0,1040100.0
37,2021-10-22 07:45:01,33500.0,100.0,1039600.0
38,2021-10-22 07:45:01,33500.0,500.0,1039500.0
39,2021-10-22 07:45:01,33500.0,100.0,1039000.0
40,2021-10-22 07:45:01,33500.0,300.0,1038900.0
41,2021-10-22 07:45:01,33500.0,500.0,1038600.0
42,2021-10-22 07:45:01,33500.0,100.0,1038100.0
43,2021-10-22 07:45:01,33500.0,2000.0,1038000.0
44,2021-10-22 07:45:01,33500.0,100.0,1036000.0
45,2021-10-22 07:45:01,33500.0,100.0,1035900.0
46,2021-10-22 07:45:01,33500.0,1000.0,1035800.0
47,2021-10-22 07:45:01,33500.0,100.0,1034800.0
48,2021-10-22 07:45:01,33500.0,1500.0,1034700.0
49,2021-10-22 07:45:01,33500.0,100.0,1033200.0
50,2021-10-22 07:45:01,33500.0,300.0,1033100.0
51,2021-10-22 07:45:01,33500.0,100.0,1032800.0
52,2021-10-22 07:45:01,33500.0,100.0,1032700.0
53,2021-10-22 07:45:01,33500.0,200.0,1032600.0
54,2021-10-22 07:45:01,33500.0,500.0,1032400.0
55,2021-10-22 07:45:01,33500.0,100.0,1031900.0
56,2021-10-22 07:45:01,33500.0,100.0,1031800.0
57,2021-10-22 07:45:01,33500.0,500.0,1031700.0
58,2021-10-22 07:45:01,33500.0,500.0,1031200.0
59,2021-10-22 07:45:01,33500.0,200.0,1030700.0
60,2021-10-22 07:45:01,33500.0,500.0,1030500.0
61,2021-10-22 07:45:01,33500.0,100.0,1030000.0
62,2021-10-22 07:45:01,33500.0,5000.0,1029900.0
63,2021-10-22 07:45:01,33500.0,1500.0,1024900.0
64,2021-10-22 07:45:01,33500.0,500.0,1023400.0
65,2021-10-22 07:45:01,33500.0,100.0,1022900.0
66,2021-10-22 07:45:01,33500.0,100.0,1022800.0
67,2021-10-22 07:45:01,33500.0,100.0,1022700.0
68,2021-10-22 07:45:01,33500.0,5000.0,1022600.0
69,2021-10-22 07:45:01,33500.0,100.0,1017600.0
70,2021-10-22 07:45:01,33500.0,200.0,1017500.0
71,2021-10-22 07:45:01,33500.0,500.0,1017300.0
72,2021-10-22 07:45:01,33500.0,100.0,1016800.0
73,2021-10-22 07:45:01,33500.0,100.0,1016700.0
74,2021-10-22 07:45:01,33500.0,100.0,1016600.0
75,2021-10-22 07:45:01,33500.0,500.0,1016500.0
76,2021-10-22 07:45:01,33500.0,100.0,1016000.0
77,2021-10-22 07:45:01,33500.0,100.0,1015900.0
78,2021-10-22 07:45:01,33500.0,100.0,1015800.0
79,2021-10-22 07:45:01,33500.0,500.0,1015700.0
80,2021-10-22 07:45:01,33500.0,200.0,1015200.0
81,2021-10-22 07:45:01,33500.0,1000.0,1015000.0
82,2021-10-22 07:45:01,33500.0,100.0,1014000.0
83,2021-10-22 07:45:01,33500.0,200.0,1013900.0
84,2021-10-22 07:45:01,33500.0,1000.0,1013700.0
85,2021-10-22 07:45:01,33500.0,100.0,1012700.0
86,2021-10-22 07:45:01,33500.0,500.0,1012600.0
87,2021-10-22 07:45:01,33500.0,1000.0,1012100.0
88,2021-10-22 07:45:01,33500.0,100.0,1011100.0
89,2021-10-22 07:45:01,33500.0,100.0,1011000.0
90,2021-10-22 07:45:01,33500.0,300.0,1010900.0
91,2021-10-22 07:45:01,33500.0,200.0,1010600.0
92,2021-10-22 07:45:01,33500.0,200.0,1010400.0
93,2021-10-22 07:45:01,33500.0,500.0,1010200.0
94,2021-10-22 07:45:01,33500.0,300.0,1009700.0
95,2021-10-22 07:45:01,33500.0,300.0,1009400.0
96,2021-10-22 07:45:01,33500.0,300.0,1009100.0
97,2021-10-22 07:45:01,33500.0,100.0,1008800.0
98,2021-10-22 07:45:01,33500.0,1500.0,1008700.0
99,2021-10-22 07:45:01,33500.0,1000.0,1007200.0
100,2021-10-22 07:45:01,33500.0,200.0,1006200.0
101,2021-10-22 07:45:01,33500.0,200.0,1006000.0
102,2021-10-22 07:45:01,33500.0,100.0,1005800.0
103,2021-10-22 07:45:01,33500.0,500.0,1005700.0
104,2021-10-22 07:45:01,33500.0,500.0,1005200.0
105,2021-10-22 07:45:01,33500.0,100.0,1004700.0
106,2021-10-22 07:45:01,33500.0,100.0,1004600.0
107,2021-10-22 07:45:01,33500.0,100.0,1004500.0
108,2021-10-22 07:45:01,33500.0,500.0,1004400.0
109,2021-10-22 07:45:01,33500.0,900.0,1003900.0
110,2021-10-22 07:45:01,33500.0,3500.0,1003000.0
111,2021-10-22 07:45:01,33500.0,500.0,999500.0
112,2021-10-22 07:45:01,33500.0,100.0,999000.0
113,2021-10-22 07:45:01,33500.0,500.0,998900.0
114,2021-10-22 07:45:01,33500.0,100.0,998400.0
115,2021-10-22 07:45:01,33500.0,100.0,998300.0
116,2021-10-22 07:45:01,33500.0,300.0,998200.0
117,2021-10-22 07:45:01,33500.0,1000.0,997900.0
118,2021-10-22 07:45:01,33500.0,2600.0,996900.0
119,2021-10-22 07:45:01,33500.0,200.0,994300.0
120,2021-10-22 07:45:01,33500.0,100.0,994100.0
121,2021-10-22 07:45:01,33500.0,100.0,994000.0
122,2021-10-22 07:45:01,33500.0,100.0,993900.0
123,2021-10-22 07:45:01,33500.0,100.0,993800.0
124,2021-10-22 07:45:01,33500.0,500.0,993700.0
125,2021-10-22 07:45:01,33500.0,100.0,993200.0
126,2021-10-22 07:45:01,33500.0,1000.0,993100.0
127,2021-10-22 07:45:01,33500.0,100.0,992100.0
128,2021-10-22 07:45:01,33500.0,800.0,992000.0
129,2021-10-22 07:45:01,33500.0,1000.0,991200.0
130,2021-10-22 07:45:01,33500.0,500.0,990200.0
131,2021-10-22 07:45:01,33500.0,200.0,989700.0
132,2021-10-22 07:45:01,33500.0,100.0,989500.0
133,2021-10-22 07:45:01,33500.0,500.0,989400.0
134,2021-10-22 07:45:01,33500.0,100.0,988900.0
135,2021-10-22 07:45:01,33500.0,500.0,988800.0
136,2021-10-22 07:45:01,33500.0,500.0,988300.0
137,2021-10-22 07:45:01,33500.0,100.0,987800.0
138,2021-10-22 07:45:01,33500.0,700.0,987700.0
139,2021-10-22 07:45:01,33500.0,100.0,987000.0
140,2021-10-22 07:45:01,33500.0,100.0,986900.0
141,2021-10-22 07:45:01,33500.0,1500.0,986800.0
142,2021-10-22 07:45:01,33500.0,1000.0,985300.0
143,2021-10-22 07:45:01,33500.0,3000.0,984300.0
144,2021-10-22 07:45:01,33500.0,300.0,981300.0
145,2021-10-22 07:45:01,33500.0,100.0,981000.0
146,2021-10-22 07:45:01,33500.0,500.0,980900.0
147,2021-10-22 07:45:01,33500.0,500.0,980400.0
148,2021-10-22 07:45:01,33500.0,100.0,979900.0
149,2021-10-22 07:45:01,33500.0,200.0,979800.0
150,2021-10-22 07:45:01,33500.0,200.0,979600.0
151,2021-10-22 07:45:01,33500.0,200.0,979400.0
152,2021-10-22 07:45:01,33500.0,1000.0,979200.0
153,2021-10-22 07:45:01,33500.0,2000.0,978200.0
154,2021-10-22 07:45:01,33500.0,500.0,976200.0
155,2021-10-22 07:45:01,33500.0,100.0,975700.0
156,2021-10-22 07:45:01,33500.0,100.0,975600.0
157,2021-10-22 07:45:01,33500.0,100.0,975500.0
158,2021-10-22 07:45:01,33500.0,100.0,975400.0
159,2021-10-22 07:45:01,33500.0,200.0,975300.0
160,2021-10-22 07:45:01,33500.0,100.0,975100.0
161,2021-10-22 07:45:01,33500.0,100.0,975000.0
162,2021-10-22 07:45:01,33500.0,500.0,974900.0
163,2021-10-22 07:45:01,33500.0,300.0,974400.0
164,2021-10-22 07:45:01,33500.0,100.0,974100.0
165,2021-10-22 07:45:01,33500.0,500.0,974000.0
166,2021-10-22 07:45:01,33500.0,300.0,973500.0
167,2021-10-22 07:45:01,33500.0,200.0,973200.0
168,2021-10-22 07:45:01,33500.0,1000.0,973000.0
169,2021-10-22 07:45:01,33500.0,100.0,972000.0
170,2021-10-22 07:45:01,33500.0,1200.0,971900.0
171,2021-10-22 07:45:01,33500.0,300.0,970700.0
172,2021-10-22 07:45:01,33500.0,200.0,970400.0
173,2021-10-22 07:45:01,33500.0,800.0,970200.0
174,2021-10-22 07:45:01,33500.0,200.0,969400.0
175,2021-10-22 07:45:01,33500.0,1800.0,969200.0
176,2021-10-22 07:45:01,33500.0,500.0,967400.0
177,2021-10-22 07:45:01,33500.0,400.0,966900.0
178,2021-10-22 07:45:01,33500.0,600.0,966500.0
179,2021-10-22 07:45:01,33500.0,100.0,965900.0
180,2021-10-22 07:45:01,33500.0,500.0,965800.0
181,2021-10-22 07:45:01,33500.0,100.0,965300.0
182,2021-10-22 07:45:01,33500.0,200.0,965200.0
183,2021-10-22 07:45:01,33500.0,100.0,965000.0
184,2021-10-22 07:45:01,33500.0,900.0,964900.0
185,2021-10-22 07:45:01,33500.0,100.0,964000.0
186,2021-10-22 07:45:01,33500.0,100.0,963900.0
187,2021-10-22 07:29:53,33750.0,500.0,963800.0
188,2021-10-22 07:29:53,33750.0,100.0,963300.0
189,2021-10-22 07:29:53,33750.0,5000.0,963200.0
190,2021-10-22 07:29:53,33750.0,5000.0,958200.0
191,2021-10-22 07:29:53,33750.0,5000.0,953200.0
192,2021-10-22 07:29:53,33750.0,4300.0,948200.0
193,2021-10-22 07:29:24,33750.0,200.0,943900.0
194,2021-10-22 07:29:17,33750.0,500.0,943700.0
195,2021-10-22 07:28:47,33800.0,200.0,943200.0
196,2021-10-22 07:28:40,33800.0,6600.0,943000.0
197,2021-10-22 07:28:23,33900.0,1000.0,936400.0
198,2021-10-22 07:28:21,33800.0,1000.0,935400.0
199,2021-10-22 07:28:09,33900.0,200.0,934400.0
200,2021-10-22 07:27:51,33800.0,2400.0,934200.0
201,2021-10-22 07:27:51,33800.0,1000.0,931800.0
202,2021-10-22 07:27:51,33800.0,1900.0,930800.0
203,2021-10-22 07:27:51,33800.0,500.0,928900.0
204,2021-10-22 07:27:51,33800.0,200.0,928400.0
205,2021-10-22 07:27:20,33900.0,100.0,928200.0
206,2021-10-22 07:26:16,33800.0,300.0,928100.0
207,2021-10-22 07:25:59,33800.0,1000.0,927800.0
208,2021-10-22 07:25:59,33800.0,1300.0,926800.0
209,2021-10-22 07:25:34,33800.0,3700.0,925500.0
210,2021-10-22 07:25:20,33800.0,100.0,921800.0
211,2021-10-22 07:25:20,33800.0,100.0,921700.0
212,2021-10-22 07:25:20,33800.0,400.0,921600.0
213,2021-10-22 07:25:20,33800.0,100.0,921200.0
214,2021-10-22 07:25:20,33800.0,2000.0,921100.0
215,2021-10-22 07:25:20,33800.0,300.0,919100.0
216,2021-10-22 07:25:20,33800.0,3000.0,918800.0
217,2021-10-22 07:25:20,33800.0,300.0,915800.0
218,2021-10-22 07:24:57,33800.0,500.0,915500.0
219,2021-10-22 07:24:08,33800.0,1100.0,915000.0
220,2021-10-22 07:24:08,33800.0,1000.0,913900.0
221,2021-10-22 07:24:08,33800.0,300.0,912900.0
222,2021-10-22 07:24:08,33800.0,500.0,912600.0
223,2021-10-22 07:24:08,33800.0,1000.0,912100.0
224,2021-10-22 07:24:08,33800.0,100.0,911100.0
225,2021-10-22 07:24:08,33800.0,200.0,911000.0
226,2021-10-22 07:24:08,33800.0,5800.0,910800.0
227,2021-10-22 07:23:49,33800.0,2000.0,905000.0
228,2021-10-22 07:23:48,33750.0,100.0,903000.0
229,2021-10-22 07:23:48,33750.0,900.0,902900.0
230,2021-10-22 07:23:47,33800.0,1000.0,902000.0
231,2021-10-22 07:23:27,33800.0,1000.0,901000.0
232,2021-10-22 07:23:07,33800.0,200.0,900000.0
233,2021-10-22 07:23:07,33800.0,500.0,899800.0
234,2021-10-22 07:23:07,33800.0,300.0,899300.0
235,2021-10-22 07:22:34,33800.0,200.0,899000.0
236,2021-10-22 07:22:19,33800.0,100.0,898800.0
237,2021-10-22 07:22:15,33750.0,100.0,898700.0
238,2021-10-22 07:21:46,33750.0,900.0,898600.0
239,2021-10-22 07:21:38,33750.0,100.0,897700.0
240,2021-10-22 07:20:37,33700.0,300.0,897600.0
241,2021-10-22 07:20:37,33700.0,100.0,897300.0
242,2021-10-22 07:20:12,33700.0,400.0,897200.0
243,2021-10-22 07:20:12,33700.0,300.0,896800.0
244,2021-10-22 07:20:12,33700.0,200.0,896500.0
245,2021-10-22 07:20:12,33700.0,100.0,896300.0
246,2021-10-22 07:20:06,33700.0,100.0,896200.0
247,2021-10-22 07:20:04,33700.0,300.0,896100.0
248,2021-10-22 07:19:57,33800.0,1000.0,895800.0
249,2021-10-22 07:19:47,33700.0,1000.0,894800.0
250,2021-10-22 07:18:38,33700.0,1600.0,893800.0
251,2021-10-22 07:18:38,33700.0,100.0,892200.0
252,2021-10-22 07:18:38,33700.0,800.0,892100.0
253,2021-10-22 07:18:17,33700.0,2000.0,891300.0
254,2021-10-22 07:18:16,33700.0,300.0,889300.0
255,2021-10-22 07:17:58,33700.0,200.0,889000.0
256,2021-10-22 07:17:50,33700.0,500.0,888800.0
257,2021-10-22 07:17:49,33700.0,800.0,888300.0
258,2021-10-22 07:17:11,33700.0,100.0,887500.0
259,2021-10-22 07:17:06,33700.0,100.0,887400.0
260,2021-10-22 07:16:08,33800.0,8400.0,887300.0
261,2021-10-22 07:15:47,33800.0,2000.0,878900.0
262,2021-10-22 07:15:47,33800.0,600.0,876900.0
263,2021-10-22 07:15:47,33800.0,3000.0,876300.0
264,2021-10-22 07:15:47,33800.0,1000.0,873300.0
265,2021-10-22 07:15:37,33700.0,200.0,872300.0
266,2021-10-22 07:15:37,33700.0,200.0,872100.0
267,2021-10-22 07:15:37,33700.0,200.0,871900.0
268,2021-10-22 07:15:13,33700.0,200.0,871700.0
269,2021-10-22 07:15:02,33700.0,100.0,871500.0
270,2021-10-22 07:14:41,33700.0,300.0,871400.0
271,2021-10-22 07:14:40,33700.0,500.0,871100.0
272,2021-10-22 07:14:31,33700.0,500.0,870600.0
273,2021-10-22 07:14:31,33700.0,3000.0,870100.0
274,2021-10-22 07:14:31,33700.0,3600.0,867100.0
275,2021-10-22 07:13:45,33700.0,1500.0,863500.0
276,2021-10-22 07:13:45,33700.0,500.0,862000.0
277,2021-10-22 07:13:35,33650.0,900.0,861500.0
278,2021-10-22 07:13:35,33650.0,200.0,860600.0
279,2021-10-22 07:13:35,33650.0,300.0,860400.0
280,2021-10-22 07:13:29,33650.0,400.0,860100.0
281,2021-10-22 07:13:17,33700.0,500.0,859700.0
282,2021-10-22 07:13:10,33700.0,400.0,859200.0
283,2021-10-22 07:13:10,33700.0,700.0,858800.0
284,2021-10-22 07:13:10,33700.0,200.0,858100.0
285,2021-10-22 07:13:10,33700.0,200.0,857900.0
286,2021-10-22 07:13:10,33700.0,200.0,857700.0
287,2021-10-22 07:13:10,33700.0,100.0,857500.0
288,2021-10-22 07:13:10,33700.0,100.0,857400.0
289,2021-10-22 07:13:10,33700.0,100.0,857300.0
290,2021-10-22 07:13:10,33700.0,100.0,857200.0
291,2021-10-22 07:13:10,33700.0,100.0,857100.0
292,2021-10-22 07:13:10,33700.0,200.0,857000.0
293,2021-10-22 07:13:10,33700.0,100.0,856800.0
294,2021-10-22 07:13:10,33700.0,1000.0,856700.0
295,2021-10-22 07:13:10,33700.0,200.0,855700.0
296,2021-10-22 07:13:10,33700.0,300.0,855500.0
297,2021-10-22 07:13:01,33700.0,700.0,855200.0
298,2021-10-22 07:12:53,33700.0,100.0,854500.0
299,2021-10-22 07:12:53,33700.0,200.0,854400.0
300,2021-10-22 07:12:53,33700.0,1200.0,854200.0
301,2021-10-22 07:12:40,33700.0,300.0,853000.0
302,2021-10-22 07:12:40,33700.0,200.0,852700.0
303,2021-10-22 07:12:33,33700.0,4800.0,852500.0
304,2021-10-22 07:12:33,33700.0,100.0,847700.0
305,2021-10-22 07:12:33,33700.0,100.0,847600.0
306,2021-10-22 07:11:56,33750.0,600.0,847500.0
307,2021-10-22 07:11:35,33700.0,400.0,846900.0
308,2021-10-22 07:09:34,33700.0,1900.0,846500.0
309,2021-10-22 07:09:34,33700.0,100.0,844600.0
310,2021-10-22 07:09:34,33700.0,100.0,844500.0
311,2021-10-22 07:09:34,33700.0,500.0,844400.0
312,2021-10-22 07:09:34,33700.0,500.0,843900.0
313,2021-10-22 07:09:34,33700.0,300.0,843400.0
314,2021-10-22 07:09:34,33700.0,500.0,843100.0
315,2021-10-22 07:09:34,33700.0,500.0,842600.0
316,2021-10-22 07:09:34,33700.0,600.0,842100.0
317,2021-10-22 07:09:26,33700.0,100.0,841500.0
318,2021-10-22 07:08:22,33700.0,300.0,841400.0
319,2021-10-22 07:08:22,33700.0,300.0,841100.0
320,2021-10-22 07:08:22,33700.0,200.0,840800.0
321,2021-10-22 07:08:22,33700.0,100.0,840600.0
322,2021-10-22 07:08:22,33700.0,100.0,840500.0
323,2021-10-22 07:08:22,33700.0,400.0,840400.0
324,2021-10-22 07:08:22,33700.0,2000.0,840000.0
325,2021-10-22 07:08:22,33700.0,500.0,838000.0
326,2021-10-22 07:08:22,33700.0,500.0,837500.0
327,2021-10-22 07:08:22,33700.0,500.0,837000.0
328,2021-10-22 07:08:22,33700.0,100.0,836500.0
329,2021-10-22 07:08:07,33700.0,300.0,836400.0
330,2021-10-22 07:08:07,33750.0,1100.0,836100.0
331,2021-10-22 07:08:07,33750.0,1600.0,835000.0
332,2021-10-22 07:05:25,33700.0,200.0,833400.0
333,2021-10-22 07:05:25,33700.0,100.0,833200.0
334,2021-10-22 07:05:25,33700.0,500.0,833100.0
335,2021-10-22 07:05:25,33700.0,1500.0,832600.0
336,2021-10-22 07:05:25,33750.0,100.0,831100.0
337,2021-10-22 07:05:25,33750.0,200.0,831000.0
338,2021-10-22 07:05:25,33750.0,2000.0,830800.0
339,2021-10-22 07:05:25,33750.0,5000.0,828800.0
340,2021-10-22 07:05:25,33750.0,1100.0,823800.0
341,2021-10-22 07:05:25,33750.0,100.0,822700.0
342,2021-10-22 07:05:25,33750.0,10000.0,822600.0
343,2021-10-22 07:05:25,33750.0,500.0,812600.0
344,2021-10-22 07:05:25,33750.0,500.0,812100.0
345,2021-10-22 07:05:25,33750.0,1000.0,811600.0
346,2021-10-22 07:05:25,33750.0,100.0,810600.0
347,2021-10-22 07:05:25,33750.0,7200.0,810500.0
348,2021-10-22 07:05:25,33800.0,400.0,803300.0
349,2021-10-22 07:05:25,33800.0,1000.0,802900.0
350,2021-10-22 07:05:25,33800.0,300.0,801900.0
351,2021-10-22 07:05:25,33800.0,1000.0,801600.0
352,2021-10-22 07:05:25,33800.0,500.0,800600.0
353,2021-10-22 07:05:25,33800.0,5000.0,800100.0
354,2021-10-22 07:05:25,33800.0,100.0,795100.0
355,2021-10-22 07:05:25,33800.0,5000.0,795000.0
356,2021-10-22 07:05:25,33800.0,100.0,790000.0
357,2021-10-22 07:05:25,33850.0,100.0,789900.0
358,2021-10-22 07:04:38,33850.0,800.0,789800.0
359,2021-10-22 07:04:38,33850.0,500.0,789000.0
360,2021-10-22 07:04:13,33850.0,500.0,788500.0
361,2021-10-22 07:03:29,33800.0,100.0,788000.0
362,2021-10-22 07:03:01,33800.0,100.0,787900.0
363,2021-10-22 07:03:01,33800.0,500.0,787800.0
364,2021-10-22 07:03:01,33800.0,1200.0,787300.0
365,2021-10-22 07:03:01,33800.0,1000.0,786100.0
366,2021-10-22 07:03:01,33800.0,100.0,785100.0
367,2021-10-22 07:03:01,33800.0,100.0,785000.0
368,2021-10-22 07:01:53,33800.0,1000.0,784900.0
369,2021-10-22 07:01:48,33850.0,200.0,783900.0
370,2021-10-22 07:01:48,33850.0,800.0,783700.0
371,2021-10-22 07:01:12,33800.0,1000.0,782900.0
372,2021-10-22 07:00:49,33800.0,400.0,781900.0
373,2021-10-22 06:59:45,33800.0,500.0,781500.0
374,2021-10-22 06:59:39,33800.0,100.0,781000.0
375,2021-10-22 06:59:39,33800.0,1000.0,780900.0
376,2021-10-22 06:59:39,33800.0,200.0,779900.0
377,2021-10-22 06:59:39,33800.0,1600.0,779700.0
378,2021-10-22 06:57:57,33800.0,1100.0,778100.0
379,2021-10-22 06:57:57,33800.0,200.0,777000.0
380,2021-10-22 06:57:57,33800.0,100.0,776800.0
381,2021-10-22 06:57:57,33800.0,200.0,776700.0
382,2021-10-22 06:56:46,33750.0,2000.0,776500.0
383,2021-10-22 06:56:38,33800.0,200.0,774500.0
384,2021-10-22 06:56:29,33750.0,800.0,774300.0
385,2021-10-22 06:56:29,33750.0,200.0,773500.0
386,2021-10-22 06:56:09,33750.0,200.0,773300.0
387,2021-10-22 06:55:28,33750.0,100.0,773100.0
388,2021-10-22 06:55:28,33750.0,100.0,773000.0
389,2021-10-22 06:55:28,33750.0,100.0,772900.0
390,2021-10-22 06:55:26,33800.0,100.0,772800.0
391,2021-10-22 06:54:56,33800.0,100.0,772700.0
392,2021-10-22 06:54:33,33800.0,100.0,772600.0
393,2021-10-22 06:54:33,33800.0,400.0,772500.0
394,2021-10-22 06:53:15,33800.0,200.0,772100.0
395,2021-10-22 06:53:15,33800.0,100.0,771900.0
396,2021-10-22 06:53:04,33800.0,100.0,771800.0
397,2021-10-22 06:52:51,33800.0,200.0,771700.0
398,2021-10-22 06:52:51,33800.0,100.0,771500.0
399,2021-10-22 06:52:51,33800.0,100.0,771400.0
400,2021-10-22 06:52:39,33800.0,300.0,771300.0
401,2021-10-22 06:52:37,33800.0,100.0,771000.0
402,2021-10-22 06:52:34,33800.0,500.0,770900.0
403,2021-10-22 06:51:18,33800.0,300.0,770400.0
404,2021-10-22 06:51:14,33850.0,100.0,770100.0
405,2021-10-22 06:50:59,33850.0,100.0,770000.0
406,2021-10-22 06:50:44,33800.0,2000.0,769900.0
407,2021-10-22 06:50:39,33800.0,1700.0,767900.0
408,2021-10-22 06:50:39,33800.0,700.0,766200.0
409,2021-10-22 06:50:01,33800.0,1300.0,765500.0
410,2021-10-22 06:50:01,33800.0,300.0,764200.0
411,2021-10-22 06:49:00,33800.0,100.0,763900.0
412,2021-10-22 06:48:21,33800.0,200.0,763800.0
413,2021-10-22 06:48:16,33800.0,200.0,763600.0
414,2021-10-22 06:47:39,33900.0,200.0,763400.0
415,2021-10-22 06:47:39,33900.0,100.0,763200.0
416,2021-10-22 06:47:39,33900.0,100.0,763100.0
417,2021-10-22 06:47:08,33900.0,1000.0,763000.0
418,2021-10-22 06:46:41,33900.0,2500.0,762000.0
419,2021-10-22 06:46:41,33900.0,500.0,759500.0
420,2021-10-22 06:46:41,33900.0,1000.0,759000.0
421,2021-10-22 06:46:19,33800.0,1900.0,758000.0
422,2021-10-22 06:46:05,33700.0,1800.0,756100.0
423,2021-10-22 06:46:03,33800.0,100.0,754300.0
424,2021-10-22 06:45:38,33700.0,300.0,754200.0
425,2021-10-22 06:45:38,33700.0,1800.0,753900.0
426,2021-10-22 06:45:36,33700.0,200.0,752100.0
427,2021-10-22 06:45:35,33700.0,200.0,751900.0
428,2021-10-22 06:45:34,33700.0,100.0,751700.0
429,2021-10-22 06:45:34,33700.0,100.0,751600.0
430,2021-10-22 06:45:33,33700.0,100.0,751500.0
431,2021-10-22 06:45:31,33700.0,100.0,751400.0
432,2021-10-22 06:45:29,33700.0,700.0,751300.0
433,2021-10-22 06:45:29,33700.0,300.0,750600.0
434,2021-10-22 06:45:26,33700.0,200.0,750300.0
435,2021-10-22 06:45:26,33700.0,5000.0,750100.0
436,2021-10-22 06:45:23,33700.0,500.0,745100.0
437,2021-10-22 06:45:23,33700.0,200.0,744600.0
438,2021-10-22 06:45:18,33700.0,500.0,744400.0
439,2021-10-22 06:45:13,33700.0,500.0,743900.0
440,2021-10-22 06:45:09,33700.0,1000.0,743400.0
441,2021-10-22 06:45:03,33700.0,200.0,742400.0
442,2021-10-22 06:45:01,33700.0,500.0,742200.0
443,2021-10-22 06:44:55,33700.0,200.0,741700.0
444,2021-10-22 06:44:54,33650.0,1300.0,741500.0
445,2021-10-22 06:44:54,33650.0,500.0,740200.0
446,2021-10-22 06:44:54,33650.0,100.0,739700.0
447,2021-10-22 06:44:54,33650.0,100.0,739600.0
448,2021-10-22 06:44:49,33700.0,100.0,739500.0
449,2021-10-22 06:44:49,33700.0,100.0,739400.0
450,2021-10-22 06:44:49,33700.0,100.0,739300.0
451,2021-10-22 06:44:49,33700.0,300.0,739200.0
452,2021-10-22 06:44:49,33700.0,5000.0,738900.0
453,2021-10-22 06:44:49,33700.0,100.0,733900.0
454,2021-10-22 06:44:49,33700.0,200.0,733800.0
455,2021-10-22 06:44:49,33700.0,500.0,733600.0
456,2021-10-22 06:44:49,33700.0,100.0,733100.0
457,2021-10-22 06:44:49,33700.0,100.0,733000.0
458,2021-10-22 06:44:49,33700.0,300.0,732900.0
459,2021-10-22 06:44:49,33700.0,100.0,732600.0
460,2021-10-22 06:44:49,33700.0,500.0,732500.0
461,2021-10-22 06:44:49,33700.0,100.0,732000.0
462,2021-10-22 06:44:49,33700.0,500.0,731900.0
463,2021-10-22 06:44:49,33700.0,100.0,731400.0
464,2021-10-22 06:44:49,33700.0,4000.0,731300.0
465,2021-10-22 06:44:49,33700.0,300.0,727300.0
466,2021-10-22 06:44:49,33700.0,500.0,727000.0
467,2021-10-22 06:44:49,33700.0,500.0,726500.0
468,2021-10-22 06:44:49,33700.0,5000.0,726000.0
469,2021-10-22 06:44:49,33700.0,300.0,721000.0
470,2021-10-22 06:44:49,33700.0,100.0,720700.0
471,2021-10-22 06:44:49,33700.0,200.0,720600.0
472,2021-10-22 06:44:49,33700.0,1000.0,720400.0
473,2021-10-22 06:44:49,33700.0,500.0,719400.0
474,2021-10-22 06:44:49,33700.0,200.0,718900.0
475,2021-10-22 06:44:49,33700.0,300.0,718700.0
476,2021-10-22 06:44:49,33700.0,19600.0,718400.0
477,2021-10-22 06:44:49,33800.0,200.0,698800.0
478,2021-10-22 06:44:49,33800.0,100.0,698600.0
479,2021-10-22 06:44:41,33800.0,200.0,698500.0
480,2021-10-22 06:44:29,33800.0,100.0,698300.0
481,2021-10-22 06:44:29,33800.0,300.0,698200.0
482,2021-10-22 06:44:23,33700.0,8000.0,697900.0
483,2021-10-22 06:44:12,33700.0,22400.0,689900.0
484,2021-10-22 06:44:12,33700.0,1000.0,667500.0
485,2021-10-22 06:44:12,33700.0,200.0,666500.0
486,2021-10-22 06:44:12,33700.0,100.0,666300.0
487,2021-10-22 06:44:12,33700.0,500.0,666200.0
488,2021-10-22 06:44:12,33700.0,500.0,665700.0
489,2021-10-22 06:44:12,33700.0,100.0,665200.0
490,2021-10-22 06:44:12,33700.0,100.0,665100.0
491,2021-10-22 06:44:12,33700.0,200.0,665000.0
492,2021-10-22 06:44:12,33700.0,400.0,664800.0
493,2021-10-22 06:44:12,33700.0,100.0,664400.0
494,2021-10-22 06:44:12,33700.0,100.0,664300.0
495,2021-10-22 06:44:12,33700.0,200.0,664200.0
496,2021-10-22 06:44:12,33700.0,200.0,664000.0
497,2021-10-22 06:44:12,33700.0,100.0,663800.0
498,2021-10-22 06:44:12,33700.0,200.0,663700.0
499,2021-10-22 06:44:12,33700.0,100.0,663500.0
500,2021-10-22 06:44:12,33700.0,300.0,663400.0
501,2021-10-22 06:44:12,33700.0,500.0,663100.0
502,2021-10-22 06:44:12,33700.0,1000.0,662600.0
503,2021-10-22 06:44:12,33700.0,1000.0,661600.0
504,2021-10-22 06:44:12,33700.0,200.0,660600.0
505,2021-10-22 06:44:12,33700.0,100.0,660400.0
506,2021-10-22 06:44:12,33700.0,300.0,660300.0
507,2021-10-22 06:44:12,33700.0,1500.0,660000.0
508,2021-10-22 06:44:12,33700.0,500.0,658500.0
509,2021-10-22 06:44:12,33700.0,3100.0,658000.0
510,2021-10-22 06:44:12,33750.0,5000.0,654900.0
511,2021-10-22 06:44:00,33700.0,1400.0,649900.0
512,2021-10-22 06:43:47,33700.0,500.0,648500.0
513,2021-10-22 06:43:47,33700.0,100.0,648000.0
514,2021-10-22 06:43:47,33700.0,100.0,647900.0
515,2021-10-22 06:43:47,33700.0,200.0,647800.0
516,2021-10-22 06:43:47,33700.0,200.0,647600.0
517,2021-10-22 06:43:47,33700.0,100.0,647400.0
518,2021-10-22 06:43:47,33700.0,100.0,647300.0
519,2021-10-22 06:43:47,33700.0,200.0,647200.0
520,2021-10-22 06:43:47,33700.0,200.0,647000.0
521,2021-10-22 06:43:47,33750.0,100.0,646800.0
522,2021-10-22 06:43:47,33750.0,100.0,646700.0
523,2021-10-22 06:43:47,33750.0,400.0,646600.0
524,2021-10-22 06:43:47,33750.0,3000.0,646200.0
525,2021-10-22 06:43:47,33750.0,200.0,643200.0
526,2021-10-22 06:43:47,33750.0,200.0,643000.0
527,2021-10-22 06:43:47,33750.0,2000.0,642800.0
528,2021-10-22 06:43:47,33750.0,200.0,640800.0
529,2021-10-22 06:43:47,33750.0,200.0,640600.0
530,2021-10-22 06:43:47,33750.0,100.0,640400.0
531,2021-10-22 06:43:47,33750.0,100.0,640300.0
532,2021-10-22 06:43:47,33750.0,100.0,640200.0
533,2021-10-22 06:43:47,33750.0,1000.0,640100.0
534,2021-10-22 06:43:47,33750.0,1500.0,639100.0
535,2021-10-22 06:43:47,33750.0,1000.0,637600.0
536,2021-10-22 06:43:47,33800.0,100.0,636600.0
537,2021-10-22 06:43:47,33800.0,500.0,636500.0
538,2021-10-22 06:43:47,33800.0,500.0,636000.0
539,2021-10-22 06:43:47,33800.0,1000.0,635500.0
540,2021-10-22 06:43:47,33800.0,100.0,634500.0
541,2021-10-22 06:43:47,33800.0,300.0,634400.0
542,2021-10-22 06:43:47,33800.0,100.0,634100.0
543,2021-10-22 06:43:47,33800.0,500.0,634000.0
544,2021-10-22 06:43:47,33800.0,300.0,633500.0
545,2021-10-22 06:43:47,33800.0,200.0,633200.0
546,2021-10-22 06:43:47,33800.0,100.0,633000.0
547,2021-10-22 06:43:47,33800.0,1000.0,632900.0
548,2021-10-22 06:43:47,33800.0,100.0,631900.0
549,2021-10-22 06:43:47,33800.0,500.0,631800.0
550,2021-10-22 06:43:47,33800.0,800.0,631300.0
551,2021-10-22 06:43:31,33800.0,1200.0,630500.0
552,2021-10-22 06:43:31,33800.0,100.0,629300.0
553,2021-10-22 06:43:31,33800.0,200.0,629200.0
554,2021-10-22 06:43:31,33800.0,1000.0,629000.0
555,2021-10-22 06:43:31,33800.0,1000.0,628000.0
556,2021-10-22 06:43:31,33800.0,100.0,627000.0
557,2021-10-22 06:43:31,33800.0,300.0,626900.0
558,2021-10-22 06:43:31,33800.0,100.0,626600.0
559,2021-10-22 06:43:31,33800.0,100.0,626500.0
560,2021-10-22 06:43:31,33800.0,1000.0,626400.0
561,2021-10-22 06:43:31,33800.0,100.0,625400.0
562,2021-10-22 06:43:31,33800.0,100.0,625300.0
563,2021-10-22 06:43:31,33800.0,500.0,625200.0
564,2021-10-22 06:43:31,33800.0,500.0,624700.0
565,2021-10-22 06:43:31,33800.0,3000.0,624200.0
566,2021-10-22 06:43:31,33800.0,3000.0,621200.0
567,2021-10-22 06:43:31,33800.0,5000.0,618200.0
568,2021-10-22 06:43:31,33800.0,500.0,613200.0
569,2021-10-22 06:43:31,33800.0,100.0,612700.0
570,2021-10-22 06:43:31,33800.0,5300.0,612600.0
571,2021-10-22 06:43:31,33850.0,1400.0,607300.0
572,2021-10-22 06:43:31,33850.0,200.0,605900.0
573,2021-10-22 06:43:31,33850.0,100.0,605700.0
574,2021-10-22 06:43:31,33850.0,500.0,605600.0
575,2021-10-22 06:43:31,33850.0,200.0,605100.0
576,2021-10-22 06:43:31,33850.0,100.0,604900.0
577,2021-10-22 06:43:31,33850.0,100.0,604800.0
578,2021-10-22 06:43:31,33850.0,3000.0,604700.0
579,2021-10-22 06:43:31,33850.0,500.0,601700.0
580,2021-10-22 06:43:31,33850.0,200.0,601200.0
581,2021-10-22 06:43:31,33850.0,1000.0,601000.0
582,2021-10-22 06:43:31,33850.0,4500.0,600000.0
583,2021-10-22 06:43:31,33900.0,700.0,595500.0
584,2021-10-22 06:43:31,33900.0,200.0,594800.0
585,2021-10-22 06:43:31,33900.0,1000.0,594600.0
586,2021-10-22 06:43:31,33900.0,200.0,593600.0
587,2021-10-22 06:43:31,33900.0,1000.0,593400.0
588,2021-10-22 06:43:31,33900.0,100.0,592400.0
589,2021-10-22 06:43:31,33900.0,1800.0,592300.0
590,2021-10-22 06:43:16,33950.0,100.0,590500.0
591,2021-10-22 06:43:12,33950.0,1000.0,590400.0
592,2021-10-22 06:43:12,33950.0,100.0,589400.0
593,2021-10-22 06:43:12,33950.0,5000.0,589300.0
594,2021-10-22 06:43:12,33950.0,200.0,584300.0
595,2021-10-22 06:43:12,33950.0,100.0,584100.0
596,2021-10-22 06:42:47,33950.0,400.0,584000.0
597,2021-10-22 06:42:47,33950.0,100.0,583600.0
598,2021-10-22 06:42:41,33950.0,200.0,583500.0
599,2021-10-22 06:42:05,33950.0,300.0,583300.0
600,2021-10-22 06:41:10,33950.0,200.0,583000.0
601,2021-10-22 06:41:10,33950.0,300.0,582800.0
602,2021-10-22 06:39:29,33950.0,100.0,582500.0
603,2021-10-22 06:39:08,33950.0,400.0,582400.0
604,2021-10-22 06:39:08,33950.0,100.0,582000.0
605,2021-10-22 06:39:04,33950.0,100.0,581900.0
606,2021-10-22 06:39:04,33950.0,100.0,581800.0
607,2021-10-22 06:39:04,33950.0,200.0,581700.0
608,2021-10-22 06:39:04,33950.0,100.0,581500.0
609,2021-10-22 06:38:28,33950.0,100.0,581400.0
610,2021-10-22 06:37:55,33950.0,1200.0,581300.0
611,2021-10-22 06:37:55,33950.0,1100.0,580100.0
612,2021-10-22 06:37:29,33950.0,400.0,579000.0
613,2021-10-22 06:37:01,33950.0,100.0,578600.0
614,2021-10-22 06:36:18,33950.0,500.0,578500.0
615,2021-10-22 06:36:09,34000.0,3200.0,578000.0
616,2021-10-22 06:36:09,34000.0,500.0,574800.0
617,2021-10-22 06:36:09,34000.0,200.0,574300.0
618,2021-10-22 06:36:09,34000.0,300.0,574100.0
619,2021-10-22 06:36:09,34000.0,100.0,573800.0
620,2021-10-22 06:36:09,34000.0,100.0,573700.0
621,2021-10-22 06:36:09,34000.0,600.0,573600.0
622,2021-10-22 06:36:04,33950.0,2900.0,573000.0
623,2021-10-22 06:36:04,33950.0,600.0,570100.0
624,2021-10-22 06:35:47,33950.0,300.0,569500.0
625,2021-10-22 06:34:56,33950.0,100.0,569200.0
626,2021-10-22 06:34:56,33950.0,2000.0,569100.0
627,2021-10-22 06:34:56,33950.0,100.0,567100.0
628,2021-10-22 06:34:29,33950.0,900.0,567000.0
629,2021-10-22 06:34:29,33950.0,200.0,566100.0
630,2021-10-22 06:34:29,33950.0,500.0,565900.0
631,2021-10-22 06:34:29,33950.0,400.0,565400.0
632,2021-10-22 06:34:11,33950.0,100.0,565000.0
633,2021-10-22 06:34:11,33950.0,100.0,564900.0
634,2021-10-22 06:33:03,33950.0,100.0,564800.0
635,2021-10-22 06:33:03,33950.0,200.0,564700.0
636,2021-10-22 06:32:24,34000.0,400.0,564500.0
637,2021-10-22 06:32:24,34000.0,2000.0,564100.0
638,2021-10-22 06:32:24,34000.0,100.0,562100.0
639,2021-10-22 06:32:24,34000.0,200.0,562000.0
640,2021-10-22 06:32:24,34000.0,1000.0,561800.0
641,2021-10-22 06:32:24,34000.0,200.0,560800.0
642,2021-10-22 06:32:24,34000.0,200.0,560600.0
643,2021-10-22 06:32:24,34000.0,100.0,560400.0
644,2021-10-22 06:32:24,34000.0,200.0,560300.0
645,2021-10-22 06:32:24,34000.0,1500.0,560100.0
646,2021-10-22 06:32:24,34000.0,1000.0,558600.0
647,2021-10-22 06:32:03,34000.0,400.0,557600.0
648,2021-10-22 06:31:50,34000.0,1000.0,557200.0
649,2021-10-22 06:31:07,34000.0,100.0,556200.0
650,2021-10-22 06:31:07,34000.0,300.0,556100.0
651,2021-10-22 06:31:07,34000.0,100.0,555800.0
652,2021-10-22 06:30:15,33950.0,200.0,555700.0
653,2021-10-22 06:30:00,33950.0,600.0,555500.0
654,2021-10-22 06:29:51,33950.0,2000.0,554900.0
655,2021-10-22 06:29:51,33950.0,100.0,552900.0
656,2021-10-22 06:29:51,33950.0,2000.0,552800.0
657,2021-10-22 06:29:51,33950.0,1900.0,550800.0
658,2021-10-22 06:29:41,33950.0,500.0,548900.0
659,2021-10-22 06:29:37,33950.0,300.0,548400.0
660,2021-10-22 06:29:26,33950.0,200.0,548100.0
661,2021-10-22 06:29:19,33950.0,100.0,547900.0
662,2021-10-22 06:29:19,33950.0,100.0,547800.0
663,2021-10-22 06:29:19,33950.0,800.0,547700.0
664,2021-10-22 06:29:16,33950.0,2500.0,546900.0
665,2021-10-22 06:28:57,33950.0,2000.0,544400.0
666,2021-10-22 06:28:45,33950.0,100.0,542400.0
667,2021-10-22 06:28:29,33950.0,1500.0,542300.0
668,2021-10-22 06:28:28,33950.0,100.0,540800.0
669,2021-10-22 06:27:58,33950.0,2000.0,540700.0
670,2021-10-22 06:27:41,33950.0,100.0,538700.0
671,2021-10-22 06:27:16,33900.0,3000.0,538600.0
672,2021-10-22 06:26:29,33900.0,200.0,535600.0
673,2021-10-22 06:26:29,33900.0,600.0,535400.0
674,2021-10-22 06:26:29,33900.0,300.0,534800.0
675,2021-10-22 06:24:45,33900.0,400.0,534500.0
676,2021-10-22 06:24:38,33900.0,200.0,534100.0
677,2021-10-22 06:24:23,33900.0,500.0,533900.0
678,2021-10-22 06:24:23,33900.0,1000.0,533400.0
679,2021-10-22 06:24:23,33900.0,2000.0,532400.0
680,2021-10-22 06:24:23,33900.0,1300.0,530400.0
681,2021-10-22 06:24:08,33850.0,1000.0,529100.0
682,2021-10-22 06:24:08,33850.0,1000.0,528100.0
683,2021-10-22 06:24:08,33850.0,400.0,527100.0
684,2021-10-22 06:24:08,33850.0,2300.0,526700.0
685,2021-10-22 06:24:08,33850.0,600.0,524400.0
686,2021-10-22 06:24:08,33850.0,200.0,523800.0
687,2021-10-22 06:24:03,33800.0,100.0,523600.0
688,2021-10-22 06:23:17,33800.0,500.0,523500.0
689,2021-10-22 06:23:15,33850.0,200.0,523000.0
690,2021-10-22 06:23:15,33850.0,800.0,522800.0
691,2021-10-22 06:23:06,33850.0,100.0,522000.0
692,2021-10-22 06:23:03,33800.0,800.0,521900.0
693,2021-10-22 06:22:50,33800.0,200.0,521100.0
694,2021-10-22 06:22:22,33800.0,1500.0,520900.0
695,2021-10-22 06:21:19,33850.0,400.0,519400.0
696,2021-10-22 06:21:14,33850.0,300.0,519000.0
697,2021-10-22 06:20:31,33800.0,500.0,518700.0
698,2021-10-22 06:19:24,33850.0,1800.0,518200.0
699,2021-10-22 06:19:13,33850.0,1600.0,516400.0
700,2021-10-22 06:19:13,33850.0,300.0,514800.0
701,2021-10-22 06:19:13,33850.0,100.0,514500.0
702,2021-10-22 06:19:13,33850.0,1000.0,514400.0
703,2021-10-22 06:19:13,33850.0,1000.0,513400.0
704,2021-10-22 06:19:13,33850.0,1000.0,512400.0
705,2021-10-22 06:18:32,33850.0,300.0,511400.0
706,2021-10-22 06:18:29,33800.0,1100.0,511100.0
707,2021-10-22 06:18:29,33800.0,100.0,510000.0
708,2021-10-22 06:18:25,33800.0,200.0,509900.0
709,2021-10-22 06:18:03,33850.0,700.0,509700.0
710,2021-10-22 06:17:16,33850.0,300.0,509000.0
711,2021-10-22 06:17:12,33850.0,300.0,508700.0
712,2021-10-22 06:16:41,33850.0,200.0,508400.0
713,2021-10-22 06:16:36,33850.0,2000.0,508200.0
714,2021-10-22 06:16:05,33850.0,200.0,506200.0
715,2021-10-22 06:16:03,33850.0,100.0,506000.0
716,2021-10-22 06:14:53,33850.0,200.0,505900.0
717,2021-10-22 06:13:56,33850.0,200.0,505700.0
718,2021-10-22 06:13:03,33850.0,100.0,505500.0
719,2021-10-22 06:13:03,33850.0,200.0,505400.0
720,2021-10-22 06:12:55,33800.0,200.0,505200.0
721,2021-10-22 06:12:55,33800.0,100.0,505000.0
722,2021-10-22 06:12:55,33800.0,200.0,504900.0
723,2021-10-22 06:12:55,33800.0,500.0,504700.0
724,2021-10-22 06:12:25,33800.0,200.0,504200.0
725,2021-10-22 06:12:09,33800.0,800.0,504000.0
726,2021-10-22 06:11:23,33800.0,3200.0,503200.0
727,2021-10-22 06:11:23,33800.0,100.0,500000.0
728,2021-10-22 06:11:23,33800.0,500.0,499900.0
729,2021-10-22 06:11:23,33800.0,5000.0,499400.0
730,2021-10-22 06:11:23,33800.0,400.0,494400.0
731,2021-10-22 06:11:23,33800.0,600.0,494000.0
732,2021-10-22 06:11:23,33800.0,5000.0,493400.0
733,2021-10-22 06:11:23,33800.0,1000.0,488400.0
734,2021-10-22 06:11:23,33800.0,100.0,487400.0
735,2021-10-22 06:11:23,33800.0,300.0,487300.0
736,2021-10-22 06:11:23,33800.0,200.0,487000.0
737,2021-10-22 06:11:23,33800.0,200.0,486800.0
738,2021-10-22 06:11:23,33800.0,100.0,486600.0
739,2021-10-22 06:11:23,33800.0,300.0,486500.0
740,2021-10-22 06:11:23,33800.0,200.0,486200.0
741,2021-10-22 06:11:23,33800.0,100.0,486000.0
742,2021-10-22 06:11:23,33800.0,100.0,485900.0
743,2021-10-22 06:11:23,33800.0,1000.0,485800.0
744,2021-10-22 06:11:23,33800.0,500.0,484800.0
745,2021-10-22 06:11:23,33800.0,500.0,484300.0
746,2021-10-22 06:11:23,33800.0,100.0,483800.0
747,2021-10-22 06:11:23,33800.0,100.0,483700.0
748,2021-10-22 06:11:23,33800.0,100.0,483600.0
749,2021-10-22 06:11:23,33800.0,300.0,483500.0
750,2021-10-22 06:10:49,33850.0,100.0,483200.0
751,2021-10-22 06:10:20,33850.0,600.0,483100.0
752,2021-10-22 06:10:15,33850.0,100.0,482500.0
753,2021-10-22 06:10:15,33850.0,100.0,482400.0
754,2021-10-22 06:10:06,33850.0,400.0,482300.0
755,2021-10-22 06:10:06,33850.0,800.0,481900.0
756,2021-10-22 06:09:48,33850.0,200.0,481100.0
757,2021-10-22 06:09:39,33850.0,1000.0,480900.0
758,2021-10-22 06:09:01,33800.0,300.0,479900.0
759,2021-10-22 06:08:54,33800.0,200.0,479600.0
760,2021-10-22 06:08:54,33800.0,500.0,479400.0
761,2021-10-22 06:08:54,33800.0,300.0,478900.0
762,2021-10-22 06:08:54,33800.0,100.0,478600.0
763,2021-10-22 06:08:54,33800.0,100.0,478500.0
764,2021-10-22 06:08:54,33800.0,200.0,478400.0
765,2021-10-22 06:08:54,33800.0,400.0,478200.0
766,2021-10-22 06:08:54,33800.0,100.0,477800.0
767,2021-10-22 06:08:54,33800.0,100.0,477700.0
768,2021-10-22 06:08:36,33850.0,1000.0,477600.0
769,2021-10-22 06:08:33,33800.0,100.0,476600.0
770,2021-10-22 06:08:33,33800.0,500.0,476500.0
771,2021-10-22 06:08:33,33800.0,400.0,476000.0
772,2021-10-22 06:08:33,33800.0,100.0,475600.0
773,2021-10-22 06:08:33,33800.0,500.0,475500.0
774,2021-10-22 06:08:33,33800.0,200.0,475000.0
775,2021-10-22 06:08:33,33800.0,1900.0,474800.0
776,2021-10-22 06:08:33,33850.0,200.0,472900.0
777,2021-10-22 06:08:33,33850.0,100.0,472700.0
778,2021-10-22 06:08:03,33850.0,200.0,472600.0
779,2021-10-22 06:07:38,33850.0,100.0,472400.0
780,2021-10-22 06:06:11,33800.0,500.0,472300.0
781,2021-10-22 06:05:40,33800.0,200.0,471800.0
782,2021-10-22 06:05:40,33800.0,500.0,471600.0
783,2021-10-22 06:04:37,33800.0,900.0,471100.0
784,2021-10-22 06:04:22,33800.0,1200.0,470200.0
785,2021-10-22 06:04:13,33800.0,500.0,469000.0
786,2021-10-22 06:04:06,33800.0,1100.0,468500.0
787,2021-10-22 06:03:59,33800.0,600.0,467400.0
788,2021-10-22 06:03:48,33800.0,2000.0,466800.0
789,2021-10-22 06:03:35,33850.0,100.0,464800.0
790,2021-10-22 06:03:35,33850.0,500.0,464700.0
791,2021-10-22 06:03:35,33850.0,1500.0,464200.0
792,2021-10-22 06:03:35,33850.0,1000.0,462700.0
793,2021-10-22 06:03:35,33850.0,200.0,461700.0
794,2021-10-22 06:03:35,33850.0,100.0,461500.0
795,2021-10-22 06:03:35,33850.0,1000.0,461400.0
796,2021-10-22 06:02:40,33900.0,200.0,460400.0
797,2021-10-22 06:02:34,33900.0,100.0,460200.0
798,2021-10-22 06:01:54,33900.0,400.0,460100.0
799,2021-10-22 06:01:35,33850.0,300.0,459700.0
800,2021-10-22 06:01:35,33900.0,100.0,459400.0
801,2021-10-22 06:01:17,33900.0,500.0,459300.0
802,2021-10-22 06:00:17,33900.0,1000.0,458800.0
803,2021-10-22 06:00:17,33900.0,200.0,457800.0
804,2021-10-22 06:00:17,33900.0,200.0,457600.0
805,2021-10-22 06:00:11,33950.0,800.0,457400.0
806,2021-10-22 06:00:03,33950.0,100.0,456600.0
807,2021-10-22 06:00:02,33900.0,100.0,456500.0
808,2021-10-22 06:00:02,33900.0,100.0,456400.0
809,2021-10-22 06:00:02,33900.0,100.0,456300.0
810,2021-10-22 06:00:02,33900.0,200.0,456200.0
811,2021-10-22 06:00:02,33900.0,100.0,456000.0
812,2021-10-22 06:00:02,33900.0,1400.0,455900.0
813,2021-10-22 06:00:01,33900.0,100.0,454500.0
814,2021-10-22 04:28:13,33900.0,1500.0,454400.0
815,2021-10-22 04:28:13,33900.0,3500.0,452900.0
816,2021-10-22 04:27:35,33900.0,1000.0,449400.0
817,2021-10-22 04:27:05,33900.0,200.0,448400.0
818,2021-10-22 04:27:05,33900.0,3000.0,448200.0
819,2021-10-22 04:27:05,33900.0,500.0,445200.0
820,2021-10-22 04:27:05,33900.0,600.0,444700.0
821,2021-10-22 04:26:43,33900.0,400.0,444100.0
822,2021-10-22 04:26:43,33900.0,600.0,443700.0
823,2021-10-22 04:26:35,33900.0,400.0,443100.0
824,2021-10-22 04:26:35,33900.0,100.0,442700.0
825,2021-10-22 04:25:00,33900.0,100.0,442600.0
826,2021-10-22 04:24:16,33850.0,1000.0,442500.0
827,2021-10-22 04:23:14,33850.0,1500.0,441500.0
828,2021-10-22 04:22:19,33850.0,200.0,440000.0
829,2021-10-22 04:22:19,33850.0,1000.0,439800.0
830,2021-10-22 04:22:19,33850.0,300.0,438800.0
831,2021-10-22 04:21:42,33850.0,300.0,438500.0
832,2021-10-22 04:21:42,33850.0,100.0,438200.0
833,2021-10-22 04:21:42,33850.0,400.0,438100.0
834,2021-10-22 04:21:42,33850.0,1200.0,437700.0
835,2021-10-22 04:20:43,33850.0,300.0,436500.0
836,2021-10-22 04:20:15,33850.0,300.0,436200.0
837,2021-10-22 04:20:15,33850.0,1100.0,435900.0
838,2021-10-22 04:18:46,33850.0,400.0,434800.0
839,2021-10-22 04:18:20,33850.0,200.0,434400.0
840,2021-10-22 04:18:06,33850.0,100.0,434200.0
841,2021-10-22 04:17:31,33850.0,300.0,434100.0
842,2021-10-22 04:15:36,33850.0,700.0,433800.0
843,2021-10-22 04:15:25,33850.0,500.0,433100.0
844,2021-10-22 04:14:33,33900.0,700.0,432600.0
845,2021-10-22 04:13:39,33900.0,2000.0,431900.0
846,2021-10-22 04:13:34,33900.0,100.0,429900.0
847,2021-10-22 04:13:08,33900.0,100.0,429800.0
848,2021-10-22 04:13:06,33850.0,100.0,429700.0
849,2021-10-22 04:12:27,33900.0,3000.0,429600.0
850,2021-10-22 04:11:51,33900.0,700.0,426600.0
851,2021-10-22 04:10:26,33900.0,2000.0,425900.0
852,2021-10-22 04:10:14,33850.0,3100.0,423900.0
853,2021-10-22 04:09:21,33850.0,1200.0,420800.0
854,2021-10-22 04:09:21,33850.0,5000.0,419600.0
855,2021-10-22 04:09:21,33850.0,500.0,414600.0
856,2021-10-22 04:09:21,33850.0,200.0,414100.0
857,2021-10-22 04:09:10,33850.0,200.0,413900.0
858,2021-10-22 04:09:10,33850.0,600.0,413700.0
859,2021-10-22 04:09:10,33850.0,100.0,413100.0
860,2021-10-22 04:09:10,33850.0,200.0,413000.0
861,2021-10-22 04:09:10,33850.0,100.0,412800.0
862,2021-10-22 04:09:10,33850.0,800.0,412700.0
863,2021-10-22 04:07:54,33850.0,1000.0,411900.0
864,2021-10-22 04:07:46,33900.0,500.0,410900.0
865,2021-10-22 04:07:45,33850.0,100.0,410400.0
866,2021-10-22 04:07:40,33850.0,3100.0,410300.0
867,2021-10-22 04:07:40,33850.0,100.0,407200.0
868,2021-10-22 04:07:40,33850.0,200.0,407100.0
869,2021-10-22 04:07:40,33850.0,1700.0,406900.0
870,2021-10-22 04:06:55,33850.0,5000.0,405200.0
871,2021-10-22 04:05:53,33850.0,200.0,400200.0
872,2021-10-22 04:05:01,33850.0,1500.0,400000.0
873,2021-10-22 04:05:01,33850.0,1500.0,398500.0
874,2021-10-22 04:05:01,33850.0,100.0,397000.0
875,2021-10-22 04:03:37,33850.0,200.0,396900.0
876,2021-10-22 04:03:37,33850.0,300.0,396700.0
877,2021-10-22 04:03:14,33850.0,600.0,396400.0
878,2021-10-22 04:03:14,33850.0,1000.0,395800.0
879,2021-10-22 04:03:14,33850.0,400.0,394800.0
880,2021-10-22 04:03:06,33850.0,100.0,394400.0
881,2021-10-22 04:02:16,33800.0,300.0,394300.0
882,2021-10-22 04:02:01,33850.0,1000.0,394000.0
883,2021-10-22 04:01:35,33850.0,400.0,393000.0
884,2021-10-22 04:00:48,33850.0,800.0,392600.0
885,2021-10-22 04:00:14,33850.0,100.0,391800.0
886,2021-10-22 03:59:30,33850.0,2200.0,391700.0
887,2021-10-22 03:59:30,33850.0,900.0,389500.0
888,2021-10-22 03:59:30,33850.0,1900.0,388600.0
889,2021-10-22 03:59:16,33850.0,100.0,386700.0
890,2021-10-22 03:59:16,33850.0,100.0,386600.0
891,2021-10-22 03:59:16,33800.0,800.0,386500.0
892,2021-10-22 03:59:15,33850.0,100.0,385700.0
893,2021-10-22 03:57:46,33850.0,100.0,385600.0
894,2021-10-22 03:57:40,33850.0,700.0,385500.0
895,2021-10-22 03:56:13,33850.0,200.0,384800.0
896,2021-10-22 03:56:06,33850.0,200.0,384600.0
897,2021-10-22 03:56:06,33850.0,500.0,384400.0
898,2021-10-22 03:56:06,33850.0,300.0,383900.0
899,2021-10-22 03:55:53,33850.0,700.0,383600.0
900,2021-10-22 03:55:53,33850.0,700.0,382900.0
901,2021-10-22 03:55:53,33850.0,200.0,382200.0
902,2021-10-22 03:55:08,33800.0,1000.0,382000.0
903,2021-10-22 03:53:20,33800.0,700.0,381000.0
904,2021-10-22 03:52:15,33850.0,500.0,380300.0
905,2021-10-22 03:51:56,33850.0,100.0,379800.0
906,2021-10-22 03:51:56,33850.0,3000.0,379700.0
907,2021-10-22 03:51:56,33850.0,200.0,376700.0
908,2021-10-22 03:51:56,33850.0,900.0,376500.0
909,2021-10-22 03:51:56,33850.0,300.0,375600.0
910,2021-10-22 03:51:48,33850.0,1000.0,375300.0
911,2021-10-22 03:51:31,33850.0,200.0,374300.0
912,2021-10-22 03:50:41,33850.0,600.0,374100.0
913,2021-10-22 03:50:23,33850.0,400.0,373500.0
914,2021-10-22 03:50:23,33850.0,500.0,373100.0
915,2021-10-22 03:49:30,33850.0,100.0,372600.0
916,2021-10-22 03:49:30,33850.0,3000.0,372500.0
917,2021-10-22 03:49:30,33850.0,1400.0,369500.0
918,2021-10-22 03:49:19,33900.0,700.0,368100.0
919,2021-10-22 03:49:05,33850.0,3600.0,367400.0
920,2021-10-22 03:49:05,33850.0,100.0,363800.0
921,2021-10-22 03:49:05,33850.0,8900.0,363700.0
922,2021-10-22 03:46:56,33850.0,1000.0,354800.0
923,2021-10-22 03:46:56,33850.0,100.0,353800.0
924,2021-10-22 03:46:41,33800.0,100.0,353700.0
925,2021-10-22 03:46:34,33850.0,100.0,353600.0
926,2021-10-22 03:45:34,33850.0,500.0,353500.0
927,2021-10-22 03:45:30,33850.0,100.0,353000.0
928,2021-10-22 03:44:44,33850.0,200.0,352900.0
929,2021-10-22 03:44:44,33850.0,300.0,352700.0
930,2021-10-22 03:44:32,33850.0,200.0,352400.0
931,2021-10-22 03:44:25,33850.0,1000.0,352200.0
932,2021-10-22 03:44:25,33850.0,100.0,351200.0
933,2021-10-22 03:43:55,33850.0,200.0,351100.0
934,2021-10-22 03:43:48,33850.0,700.0,350900.0
935,2021-10-22 03:43:48,33850.0,300.0,350200.0
936,2021-10-22 03:43:23,33850.0,100.0,349900.0
937,2021-10-22 03:43:02,33850.0,1100.0,349800.0
938,2021-10-22 03:42:53,33900.0,200.0,348700.0
939,2021-10-22 03:42:46,33850.0,1900.0,348500.0
940,2021-10-22 03:42:15,33850.0,100.0,346600.0
941,2021-10-22 03:41:02,33850.0,1000.0,346500.0
942,2021-10-22 03:41:02,33850.0,100.0,345500.0
943,2021-10-22 03:41:02,33850.0,400.0,345400.0
944,2021-10-22 03:39:45,33850.0,100.0,345000.0
945,2021-10-22 03:39:45,33850.0,400.0,344900.0
946,2021-10-22 03:39:43,33850.0,200.0,344500.0
947,2021-10-22 03:39:40,33850.0,200.0,344300.0
948,2021-10-22 03:39:27,33850.0,100.0,344100.0
949,2021-10-22 03:38:37,33850.0,100.0,344000.0
950,2021-10-22 03:37:56,33850.0,200.0,343900.0
951,2021-10-22 03:37:56,33850.0,100.0,343700.0
952,2021-10-22 03:37:56,33850.0,700.0,343600.0
953,2021-10-22 03:37:20,33850.0,1000.0,342900.0
954,2021-10-22 03:37:11,33850.0,700.0,341900.0
955,2021-10-22 03:36:53,33850.0,2000.0,341200.0
956,2021-10-22 03:36:37,33850.0,500.0,339200.0
957,2021-10-22 03:36:21,33850.0,5100.0,338700.0
958,2021-10-22 03:36:21,33850.0,300.0,333600.0
959,2021-10-22 03:36:21,33850.0,2500.0,333300.0
960,2021-10-22 03:36:21,33850.0,7100.0,330800.0
961,2021-10-22 03:35:21,33850.0,1000.0,323700.0
962,2021-10-22 03:34:07,33850.0,300.0,322700.0
963,2021-10-22 03:33:57,33850.0,1600.0,322400.0
964,2021-10-22 03:33:37,33850.0,100.0,320800.0
965,2021-10-22 03:33:25,33850.0,2000.0,320700.0
966,2021-10-22 03:33:14,33850.0,300.0,318700.0
967,2021-10-22 03:33:14,33850.0,100.0,318400.0
968,2021-10-22 03:32:57,33850.0,1400.0,318300.0
969,2021-10-22 03:32:57,33850.0,600.0,316900.0
970,2021-10-22 03:32:18,33850.0,2200.0,316300.0
971,2021-10-22 03:31:57,33850.0,200.0,314100.0
972,2021-10-22 03:31:57,33850.0,100.0,313900.0
973,2021-10-22 03:31:29,33800.0,500.0,313800.0
974,2021-10-22 03:31:29,33800.0,900.0,313300.0
975,2021-10-22 03:31:29,33800.0,400.0,312400.0
976,2021-10-22 03:31:29,33800.0,200.0,312000.0
977,2021-10-22 03:31:29,33800.0,3800.0,311800.0
978,2021-10-22 03:31:15,33800.0,500.0,308000.0
979,2021-10-22 03:31:00,33800.0,1000.0,307500.0
980,2021-10-22 03:30:56,33800.0,1500.0,306500.0
981,2021-10-22 03:30:47,33800.0,500.0,305000.0
982,2021-10-22 03:29:59,33800.0,100.0,304500.0
983,2021-10-22 03:29:35,33800.0,1000.0,304400.0
984,2021-10-22 03:29:34,33800.0,1000.0,303400.0
985,2021-10-22 03:28:43,33800.0,100.0,302400.0
986,2021-10-22 03:28:28,33800.0,400.0,302300.0
987,2021-10-22 03:28:14,33800.0,100.0,301900.0
988,2021-10-22 03:28:14,33800.0,900.0,301800.0
989,2021-10-22 03:27:36,33750.0,7400.0,300900.0
990,2021-10-22 03:27:19,33750.0,1300.0,293500.0
991,2021-10-22 03:27:19,33750.0,200.0,292200.0
992,2021-10-22 03:27:19,33750.0,500.0,292000.0
993,2021-10-22 03:26:42,33750.0,1000.0,291500.0
994,2021-10-22 03:26:04,33750.0,100.0,290500.0
995,2021-10-22 03:25:43,33750.0,100.0,290400.0
996,2021-10-22 03:25:41,33750.0,500.0,290300.0
997,2021-10-22 03:25:20,33750.0,200.0,289800.0
998,2021-10-22 03:24:51,33750.0,1900.0,289600.0
999,2021-10-22 03:24:35,33750.0,200.0,287700.0
1000,2021-10-22 03:24:03,33750.0,200.0,287500.0
1001,2021-10-22 03:23:51,33750.0,3000.0,287300.0
1002,2021-10-22 03:23:04,33700.0,100.0,284300.0
1003,2021-10-22 03:22:52,33700.0,100.0,284200.0
1004,2021-10-22 03:22:52,33700.0,1300.0,284100.0
1005,2021-10-22 03:22:51,33750.0,700.0,282800.0
1006,2021-10-22 03:22:46,33700.0,200.0,282100.0
1007,2021-10-22 03:22:36,33700.0,200.0,281900.0
1008,2021-10-22 03:22:36,33700.0,300.0,281700.0
1009,2021-10-22 03:22:36,33700.0,3000.0,281400.0
1010,2021-10-22 03:22:32,33700.0,200.0,278400.0
1011,2021-10-22 03:22:08,33700.0,600.0,278200.0
1012,2021-10-22 03:22:01,33700.0,100.0,277600.0
1013,2021-10-22 03:21:51,33700.0,3200.0,277500.0
1014,2021-10-22 03:21:51,33700.0,1100.0,274300.0
1015,2021-10-22 03:21:42,33700.0,100.0,273200.0
1016,2021-10-22 03:21:42,33700.0,100.0,273100.0
1017,2021-10-22 03:21:42,33700.0,3300.0,273000.0
1018,2021-10-22 03:21:42,33700.0,300.0,269700.0
1019,2021-10-22 03:21:42,33700.0,500.0,269400.0
1020,2021-10-22 03:21:42,33700.0,100.0,268900.0
1021,2021-10-22 03:21:42,33700.0,500.0,268800.0
1022,2021-10-22 03:21:42,33700.0,200.0,268300.0
1023,2021-10-22 03:21:42,33700.0,100.0,268100.0
1024,2021-10-22 03:21:42,33700.0,100.0,268000.0
1025,2021-10-22 03:21:42,33700.0,100.0,267900.0
1026,2021-10-22 03:21:42,33700.0,1000.0,267800.0
1027,2021-10-22 03:21:42,33700.0,100.0,266800.0
1028,2021-10-22 03:21:42,33700.0,2000.0,266700.0
1029,2021-10-22 03:21:42,33700.0,100.0,264700.0
1030,2021-10-22 03:21:42,33700.0,100.0,264600.0
1031,2021-10-22 03:21:42,33700.0,600.0,264500.0
1032,2021-10-22 03:21:42,33700.0,100.0,263900.0
1033,2021-10-22 03:21:42,33700.0,300.0,263800.0
1034,2021-10-22 03:21:42,33700.0,500.0,263500.0
1035,2021-10-22 03:21:42,33700.0,100.0,263000.0
1036,2021-10-22 03:21:42,33700.0,100.0,262900.0
1037,2021-10-22 03:21:42,33700.0,100.0,262800.0
1038,2021-10-22 03:21:42,33700.0,2000.0,262700.0
1039,2021-10-22 03:21:42,33700.0,300.0,260700.0
1040,2021-10-22 03:21:42,33700.0,100.0,260400.0
1041,2021-10-22 03:21:42,33700.0,100.0,260300.0
1042,2021-10-22 03:21:42,33700.0,100.0,260200.0
1043,2021-10-22 03:21:42,33700.0,300.0,260100.0
1044,2021-10-22 03:21:42,33700.0,100.0,259800.0
1045,2021-10-22 03:21:42,33700.0,100.0,259700.0
1046,2021-10-22 03:21:42,33700.0,100.0,259600.0
1047,2021-10-22 03:21:42,33700.0,1000.0,259500.0
1048,2021-10-22 03:21:42,33700.0,200.0,258500.0
1049,2021-10-22 03:21:42,33700.0,100.0,258300.0
1050,2021-10-22 03:21:42,33700.0,100.0,258200.0
1051,2021-10-22 03:21:34,33750.0,600.0,258100.0
1052,2021-10-22 03:21:34,33750.0,800.0,257500.0
1053,2021-10-22 03:21:34,33750.0,200.0,256700.0
1054,2021-10-22 03:21:13,33750.0,100.0,256500.0
1055,2021-10-22 03:21:05,33750.0,100.0,256400.0
1056,2021-10-22 03:20:45,33750.0,1100.0,256300.0
1057,2021-10-22 03:20:31,33700.0,400.0,255200.0
1058,2021-10-22 03:20:31,33700.0,100.0,254800.0
1059,2021-10-22 03:20:31,33700.0,100.0,254700.0
1060,2021-10-22 03:20:31,33700.0,1000.0,254600.0
1061,2021-10-22 03:20:31,33700.0,100.0,253600.0
1062,2021-10-22 03:20:30,33800.0,100.0,253500.0
1063,2021-10-22 03:20:30,33800.0,1000.0,253400.0
1064,2021-10-22 03:20:30,33800.0,1700.0,252400.0
1065,2021-10-22 03:20:25,33750.0,1000.0,250700.0
1066,2021-10-22 03:20:07,33750.0,100.0,249700.0
1067,2021-10-22 03:20:07,33750.0,200.0,249600.0
1068,2021-10-22 03:20:07,33750.0,500.0,249400.0
1069,2021-10-22 03:20:07,33750.0,300.0,248900.0
1070,2021-10-22 03:20:07,33750.0,100.0,248600.0
1071,2021-10-22 03:20:07,33750.0,200.0,248500.0
1072,2021-10-22 03:20:07,33750.0,1200.0,248300.0
1073,2021-10-22 03:19:40,33800.0,100.0,247100.0
1074,2021-10-22 03:18:55,33800.0,400.0,247000.0
1075,2021-10-22 03:18:43,33800.0,500.0,246600.0
1076,2021-10-22 03:18:37,33750.0,500.0,246100.0
1077,2021-10-22 03:18:35,33800.0,500.0,245600.0
1078,2021-10-22 03:18:24,33750.0,200.0,245100.0
1079,2021-10-22 03:18:24,33750.0,100.0,244900.0
1080,2021-10-22 03:18:24,33750.0,100.0,244800.0
1081,2021-10-22 03:18:24,33750.0,100.0,244700.0
1082,2021-10-22 03:18:24,33750.0,100.0,244600.0
1083,2021-10-22 03:18:24,33750.0,100.0,244500.0
1084,2021-10-22 03:18:24,33750.0,300.0,244400.0
1085,2021-10-22 03:18:05,33750.0,200.0,244100.0
1086,2021-10-22 03:18:05,33750.0,100.0,243900.0
1087,2021-10-22 03:18:05,33750.0,500.0,243800.0
1088,2021-10-22 03:18:05,33750.0,500.0,243300.0
1089,2021-10-22 03:18:05,33750.0,700.0,242800.0
1090,2021-10-22 03:18:01,33800.0,200.0,242100.0
1091,2021-10-22 03:17:38,33800.0,100.0,241900.0
1092,2021-10-22 03:17:28,33800.0,900.0,241800.0
1093,2021-10-22 03:17:28,33800.0,1200.0,240900.0
1094,2021-10-22 03:17:20,33800.0,100.0,239700.0
1095,2021-10-22 03:16:11,33750.0,100.0,239600.0
1096,2021-10-22 03:16:11,33750.0,700.0,239500.0
1097,2021-10-22 03:15:53,33750.0,100.0,238800.0
1098,2021-10-22 03:15:48,33750.0,200.0,238700.0
1099,2021-10-22 03:15:48,33750.0,100.0,238500.0
1100,2021-10-22 03:15:24,33750.0,100.0,238400.0
1101,2021-10-22 03:14:35,33750.0,300.0,238300.0
1102,2021-10-22 03:14:10,33750.0,1300.0,238000.0
1103,2021-10-22 03:13:59,33750.0,200.0,236700.0
1104,2021-10-22 03:13:46,33750.0,1000.0,236500.0
1105,2021-10-22 03:13:29,33750.0,1000.0,235500.0
1106,2021-10-22 03:12:49,33750.0,100.0,234500.0
1107,2021-10-22 03:12:32,33700.0,100.0,234400.0
1108,2021-10-22 03:12:32,33700.0,300.0,234300.0
1109,2021-10-22 03:12:24,33700.0,700.0,234000.0
1110,2021-10-22 03:12:24,33700.0,300.0,233300.0
1111,2021-10-22 03:12:24,33750.0,100.0,233000.0
1112,2021-10-22 03:12:16,33700.0,200.0,232900.0
1113,2021-10-22 03:12:16,33700.0,300.0,232700.0
1114,2021-10-22 03:12:03,33700.0,200.0,232400.0
1115,2021-10-22 03:12:03,33700.0,800.0,232200.0
1116,2021-10-22 03:11:52,33700.0,200.0,231400.0
1117,2021-10-22 03:11:30,33700.0,1000.0,231200.0
1118,2021-10-22 03:11:24,33700.0,100.0,230200.0
1119,2021-10-22 03:10:34,33700.0,200.0,230100.0
1120,2021-10-22 03:10:34,33700.0,900.0,229900.0
1121,2021-10-22 03:10:17,33700.0,100.0,229000.0
1122,2021-10-22 03:10:17,33700.0,100.0,228900.0
1123,2021-10-22 03:09:53,33700.0,500.0,228800.0
1124,2021-10-22 03:09:41,33750.0,1000.0,228300.0
1125,2021-10-22 03:09:39,33750.0,300.0,227300.0
1126,2021-10-22 03:09:10,33750.0,100.0,227000.0
1127,2021-10-22 03:09:05,33750.0,400.0,226900.0
1128,2021-10-22 03:09:05,33750.0,1100.0,226500.0
1129,2021-10-22 03:08:51,33750.0,200.0,225400.0
1130,2021-10-22 03:08:50,33750.0,1500.0,225200.0
1131,2021-10-22 03:08:50,33750.0,100.0,223700.0
1132,2021-10-22 03:08:33,33750.0,2000.0,223600.0
1133,2021-10-22 03:08:20,33750.0,200.0,221600.0
1134,2021-10-22 03:08:02,33750.0,100.0,221400.0
1135,2021-10-22 03:08:02,33750.0,400.0,221300.0
1136,2021-10-22 03:07:51,33750.0,1000.0,220900.0
1137,2021-10-22 03:07:29,33700.0,400.0,219900.0
1138,2021-10-22 03:07:29,33700.0,600.0,219500.0
1139,2021-10-22 03:07:01,33700.0,1000.0,218900.0
1140,2021-10-22 03:06:08,33750.0,300.0,217900.0
1141,2021-10-22 03:05:54,33750.0,100.0,217600.0
1142,2021-10-22 03:05:54,33750.0,100.0,217500.0
1143,2021-10-22 03:05:37,33750.0,100.0,217400.0
1144,2021-10-22 03:05:37,33750.0,200.0,217300.0
1145,2021-10-22 03:05:37,33750.0,100.0,217100.0
1146,2021-10-22 03:05:37,33750.0,300.0,217000.0
1147,2021-10-22 03:05:35,33750.0,200.0,216700.0
1148,2021-10-22 03:05:35,33750.0,200.0,216500.0
1149,2021-10-22 03:05:28,33750.0,100.0,216300.0
1150,2021-10-22 03:05:08,33750.0,100.0,216200.0
1151,2021-10-22 03:05:03,33750.0,200.0,216100.0
1152,2021-10-22 03:04:48,33750.0,1400.0,215900.0
1153,2021-10-22 03:04:48,33750.0,100.0,214500.0
1154,2021-10-22 03:04:21,33750.0,500.0,214400.0
1155,2021-10-22 03:04:21,33750.0,200.0,213900.0
1156,2021-10-22 03:04:21,33750.0,500.0,213700.0
1157,2021-10-22 03:03:49,33750.0,1000.0,213200.0
1158,2021-10-22 03:03:49,33750.0,1000.0,212200.0
1159,2021-10-22 03:03:49,33750.0,500.0,211200.0
1160,2021-10-22 03:03:37,33750.0,300.0,210700.0
1161,2021-10-22 03:03:37,33750.0,700.0,210400.0
1162,2021-10-22 03:03:30,33750.0,100.0,209700.0
1163,2021-10-22 03:03:17,33750.0,200.0,209600.0
1164,2021-10-22 03:02:55,33750.0,100.0,209400.0
1165,2021-10-22 03:02:51,33750.0,600.0,209300.0
1166,2021-10-22 03:02:48,33750.0,100.0,208700.0
1167,2021-10-22 03:02:41,33750.0,100.0,208600.0
1168,2021-10-22 03:02:06,33750.0,100.0,208500.0
1169,2021-10-22 03:01:59,33700.0,400.0,208400.0
1170,2021-10-22 03:01:59,33700.0,1600.0,208000.0
1171,2021-10-22 03:01:39,33750.0,500.0,206400.0
1172,2021-10-22 03:01:39,33700.0,1400.0,205900.0
1173,2021-10-22 03:01:39,33700.0,900.0,204500.0
1174,2021-10-22 03:01:39,33700.0,600.0,203600.0
1175,2021-10-22 03:01:39,33700.0,100.0,203000.0
1176,2021-10-22 03:01:39,33700.0,100.0,202900.0
1177,2021-10-22 03:01:39,33700.0,200.0,202800.0
1178,2021-10-22 03:01:39,33700.0,500.0,202600.0
1179,2021-10-22 03:01:39,33700.0,100.0,202100.0
1180,2021-10-22 03:01:39,33700.0,200.0,202000.0
1181,2021-10-22 03:01:39,33700.0,200.0,201800.0
1182,2021-10-22 03:01:39,33700.0,200.0,201600.0
1183,2021-10-22 03:01:39,33700.0,100.0,201400.0
1184,2021-10-22 03:01:39,33700.0,200.0,201300.0
1185,2021-10-22 03:01:39,33700.0,5200.0,201100.0
1186,2021-10-22 03:01:32,33750.0,200.0,195900.0
1187,2021-10-22 03:01:28,33750.0,100.0,195700.0
1188,2021-10-22 03:01:27,33750.0,300.0,195600.0
1189,2021-10-22 03:01:22,33750.0,100.0,195300.0
1190,2021-10-22 03:01:18,33700.0,800.0,195200.0
1191,2021-10-22 03:01:18,33700.0,200.0,194400.0
1192,2021-10-22 03:01:18,33700.0,300.0,194200.0
1193,2021-10-22 03:01:18,33700.0,3000.0,193900.0
1194,2021-10-22 03:01:18,33700.0,100.0,190900.0
1195,2021-10-22 03:01:18,33700.0,300.0,190800.0
1196,2021-10-22 03:01:18,33700.0,100.0,190500.0
1197,2021-10-22 03:01:18,33700.0,100.0,190400.0
1198,2021-10-22 03:01:18,33700.0,200.0,190300.0
1199,2021-10-22 03:01:18,33700.0,1000.0,190100.0
1200,2021-10-22 03:01:18,33700.0,1000.0,189100.0
1201,2021-10-22 03:01:18,33700.0,100.0,188100.0
1202,2021-10-22 03:01:18,33700.0,500.0,188000.0
1203,2021-10-22 03:01:18,33700.0,100.0,187500.0
1204,2021-10-22 03:01:18,33700.0,100.0,187400.0
1205,2021-10-22 03:01:18,33700.0,100.0,187300.0
1206,2021-10-22 03:01:18,33700.0,100.0,187200.0
1207,2021-10-22 03:01:18,33700.0,100.0,187100.0
1208,2021-10-22 03:01:18,33700.0,200.0,187000.0
1209,2021-10-22 03:01:18,33700.0,100.0,186800.0
1210,2021-10-22 03:01:18,33700.0,100.0,186700.0
1211,2021-10-22 03:01:18,33700.0,100.0,186600.0
1212,2021-10-22 03:01:18,33700.0,100.0,186500.0
1213,2021-10-22 03:01:18,33700.0,200.0,186400.0
1214,2021-10-22 03:01:18,33700.0,100.0,186200.0
1215,2021-10-22 03:01:18,33700.0,100.0,186100.0
1216,2021-10-22 03:01:18,33700.0,100.0,186000.0
1217,2021-10-22 03:01:18,33700.0,1000.0,185900.0
1218,2021-10-22 03:01:18,33700.0,100.0,184900.0
1219,2021-10-22 03:01:18,33700.0,500.0,184800.0
1220,2021-10-22 03:01:18,33700.0,100.0,184300.0
1221,2021-10-22 03:01:18,33700.0,100.0,184200.0
1222,2021-10-22 03:01:18,33700.0,200.0,184100.0
1223,2021-10-22 03:01:18,33700.0,3000.0,183900.0
1224,2021-10-22 03:01:18,33700.0,3000.0,180900.0
1225,2021-10-22 03:01:18,33700.0,200.0,177900.0
1226,2021-10-22 03:01:18,33700.0,500.0,177700.0
1227,2021-10-22 03:01:17,33750.0,500.0,177200.0
1228,2021-10-22 03:01:05,33750.0,300.0,176700.0
1229,2021-10-22 03:00:46,33750.0,2000.0,176400.0
1230,2021-10-22 03:00:46,33750.0,500.0,174400.0
1231,2021-10-22 03:00:46,33750.0,200.0,173900.0
1232,2021-10-22 03:00:42,33750.0,1200.0,173700.0
1233,2021-10-22 03:00:42,33750.0,200.0,172500.0
1234,2021-10-22 03:00:42,33750.0,100.0,172300.0
1235,2021-10-22 03:00:42,33750.0,100.0,172200.0
1236,2021-10-22 03:00:42,33750.0,300.0,172100.0
1237,2021-10-22 03:00:42,33750.0,1000.0,171800.0
1238,2021-10-22 03:00:42,33750.0,100.0,170800.0
1239,2021-10-22 03:00:42,33750.0,300.0,170700.0
1240,2021-10-22 03:00:42,33750.0,200.0,170400.0
1241,2021-10-22 03:00:42,33750.0,300.0,170200.0
1242,2021-10-22 03:00:42,33750.0,100.0,169900.0
1243,2021-10-22 03:00:42,33750.0,500.0,169800.0
1244,2021-10-22 03:00:42,33750.0,600.0,169300.0
1245,2021-10-22 03:00:26,33800.0,100.0,168700.0
1246,2021-10-22 03:00:11,33750.0,1000.0,168600.0
1247,2021-10-22 03:00:02,33750.0,100.0,167600.0
1248,2021-10-22 02:59:56,33750.0,300.0,167500.0
1249,2021-10-22 02:59:56,33750.0,100.0,167200.0
1250,2021-10-22 02:59:38,33800.0,100.0,167100.0
1251,2021-10-22 02:59:16,33800.0,200.0,167000.0
1252,2021-10-22 02:59:12,33800.0,100.0,166800.0
1253,2021-10-22 02:58:41,33800.0,1000.0,166700.0
1254,2021-10-22 02:58:00,33800.0,100.0,165700.0
1255,2021-10-22 02:58:00,33800.0,100.0,165600.0
1256,2021-10-22 02:58:00,33800.0,500.0,165500.0
1257,2021-10-22 02:57:51,33800.0,500.0,165000.0
1258,2021-10-22 02:57:51,33800.0,500.0,164500.0
1259,2021-10-22 02:57:51,33800.0,200.0,164000.0
1260,2021-10-22 02:57:51,33800.0,200.0,163800.0
1261,2021-10-22 02:57:41,33900.0,300.0,163600.0
1262,2021-10-22 02:57:32,33900.0,100.0,163300.0
1263,2021-10-22 02:57:04,33900.0,1300.0,163200.0
1264,2021-10-22 02:56:25,33900.0,100.0,161900.0
1265,2021-10-22 02:56:25,33900.0,500.0,161800.0
1266,2021-10-22 02:55:53,33900.0,100.0,161300.0
1267,2021-10-22 02:55:42,33900.0,100.0,161200.0
1268,2021-10-22 02:55:41,33900.0,500.0,161100.0
1269,2021-10-22 02:54:48,33900.0,100.0,160600.0
1270,2021-10-22 02:54:35,33900.0,3000.0,160500.0
1271,2021-10-22 02:54:31,33900.0,100.0,157500.0
1272,2021-10-22 02:53:20,33900.0,200.0,157400.0
1273,2021-10-22 02:53:20,33850.0,200.0,157200.0
1274,2021-10-22 02:53:16,33800.0,100.0,157000.0
1275,2021-10-22 02:53:16,33800.0,100.0,156900.0
1276,2021-10-22 02:53:16,33800.0,100.0,156800.0
1277,2021-10-22 02:53:16,33800.0,100.0,156700.0
1278,2021-10-22 02:53:16,33800.0,200.0,156600.0
1279,2021-10-22 02:53:16,33800.0,500.0,156400.0
1280,2021-10-22 02:53:16,33800.0,200.0,155900.0
1281,2021-10-22 02:53:16,33800.0,400.0,155700.0
1282,2021-10-22 02:53:16,33800.0,1000.0,155300.0
1283,2021-10-22 02:53:16,33800.0,100.0,154300.0
1284,2021-10-22 02:53:16,33800.0,100.0,154200.0
1285,2021-10-22 02:53:16,33800.0,100.0,154100.0
1286,2021-10-22 02:53:16,33800.0,500.0,154000.0
1287,2021-10-22 02:53:16,33800.0,1000.0,153500.0
1288,2021-10-22 02:53:16,33800.0,2400.0,152500.0
1289,2021-10-22 02:53:16,33800.0,100.0,150100.0
1290,2021-10-22 02:53:16,33800.0,100.0,150000.0
1291,2021-10-22 02:53:16,33800.0,500.0,149900.0
1292,2021-10-22 02:53:16,33800.0,200.0,149400.0
1293,2021-10-22 02:53:16,33800.0,100.0,149200.0
1294,2021-10-22 02:53:16,33800.0,200.0,149100.0
1295,2021-10-22 02:53:16,33800.0,100.0,148900.0
1296,2021-10-22 02:53:16,33800.0,2000.0,148800.0
1297,2021-10-22 02:53:16,33800.0,100.0,146800.0
1298,2021-10-22 02:53:16,33800.0,100.0,146700.0
1299,2021-10-22 02:53:16,33800.0,1000.0,146600.0
1300,2021-10-22 02:53:16,33800.0,500.0,145600.0
1301,2021-10-22 02:53:16,33800.0,100.0,145100.0
1302,2021-10-22 02:53:16,33800.0,1000.0,145000.0
1303,2021-10-22 02:53:16,33800.0,500.0,144000.0
1304,2021-10-22 02:53:16,33800.0,400.0,143500.0
1305,2021-10-22 02:53:16,33800.0,700.0,143100.0
1306,2021-10-22 02:53:16,33800.0,100.0,142400.0
1307,2021-10-22 02:53:16,33800.0,100.0,142300.0
1308,2021-10-22 02:53:16,33800.0,100.0,142200.0
1309,2021-10-22 02:53:16,33800.0,700.0,142100.0
1310,2021-10-22 02:53:16,33800.0,100.0,141400.0
1311,2021-10-22 02:53:16,33800.0,100.0,141300.0
1312,2021-10-22 02:53:16,33800.0,2000.0,141200.0
1313,2021-10-22 02:53:16,33800.0,500.0,139200.0
1314,2021-10-22 02:53:16,33800.0,500.0,138700.0
1315,2021-10-22 02:53:16,33800.0,1000.0,138200.0
1316,2021-10-22 02:53:16,33800.0,100.0,137200.0
1317,2021-10-22 02:53:16,33800.0,200.0,137100.0
1318,2021-10-22 02:53:16,33800.0,100.0,136900.0
1319,2021-10-22 02:53:16,33800.0,500.0,136800.0
1320,2021-10-22 02:53:16,33800.0,100.0,136300.0
1321,2021-10-22 02:53:16,33800.0,400.0,136200.0
1322,2021-10-22 02:53:16,33800.0,700.0,135800.0
1323,2021-10-22 02:53:16,33800.0,100.0,135100.0
1324,2021-10-22 02:52:53,33800.0,500.0,135000.0
1325,2021-10-22 02:52:53,33800.0,100.0,134500.0
1326,2021-10-22 02:52:53,33800.0,100.0,134400.0
1327,2021-10-22 02:52:53,33800.0,100.0,134300.0
1328,2021-10-22 02:52:53,33800.0,100.0,134200.0
1329,2021-10-22 02:52:53,33800.0,500.0,134100.0
1330,2021-10-22 02:52:53,33800.0,1800.0,133600.0
1331,2021-10-22 02:52:53,33850.0,200.0,131800.0
1332,2021-10-22 02:52:53,33850.0,400.0,131600.0
1333,2021-10-22 02:52:45,33850.0,100.0,131200.0
1334,2021-10-22 02:52:15,33850.0,200.0,131100.0
1335,2021-10-22 02:52:15,33850.0,200.0,130900.0
1336,2021-10-22 02:52:15,33850.0,100.0,130700.0
1337,2021-10-22 02:52:15,33850.0,2000.0,130600.0
1338,2021-10-22 02:52:15,33850.0,800.0,128600.0
1339,2021-10-22 02:52:15,33850.0,500.0,127800.0
1340,2021-10-22 02:52:15,33850.0,1300.0,127300.0
1341,2021-10-22 02:51:18,33850.0,700.0,126000.0
1342,2021-10-22 02:51:18,33850.0,100.0,125300.0
1343,2021-10-22 02:51:18,33850.0,100.0,125200.0
1344,2021-10-22 02:51:18,33850.0,100.0,125100.0
1345,2021-10-22 02:51:18,33850.0,1000.0,125000.0
1346,2021-10-22 02:51:18,33850.0,100.0,124000.0
1347,2021-10-22 02:51:18,33850.0,900.0,123900.0
1348,2021-10-22 02:51:18,33850.0,1100.0,123000.0
1349,2021-10-22 02:51:18,33850.0,300.0,121900.0
1350,2021-10-22 02:51:18,33850.0,1000.0,121600.0
1351,2021-10-22 02:51:18,33850.0,300.0,120600.0
1352,2021-10-22 02:50:41,33850.0,1200.0,120300.0
1353,2021-10-22 02:50:35,33850.0,100.0,119100.0
1354,2021-10-22 02:50:32,33900.0,100.0,119000.0
1355,2021-10-22 02:50:18,33900.0,1000.0,118900.0
1356,2021-10-22 02:49:43,33900.0,200.0,117900.0
1357,2021-10-22 02:49:41,33900.0,100.0,117700.0
1358,2021-10-22 02:49:41,33900.0,100.0,117600.0
1359,2021-10-22 02:49:41,33900.0,600.0,117500.0
1360,2021-10-22 02:49:41,33900.0,1000.0,116900.0
1361,2021-10-22 02:49:41,33900.0,100.0,115900.0
1362,2021-10-22 02:49:28,33900.0,100.0,115800.0
1363,2021-10-22 02:49:28,33900.0,100.0,115700.0
1364,2021-10-22 02:48:16,33900.0,700.0,115600.0
1365,2021-10-22 02:47:35,33900.0,1100.0,114900.0
1366,2021-10-22 02:47:35,33900.0,100.0,113800.0
1367,2021-10-22 02:47:29,33900.0,200.0,113700.0
1368,2021-10-22 02:47:06,33900.0,100.0,113500.0
1369,2021-10-22 02:47:01,33900.0,100.0,113400.0
1370,2021-10-22 02:47:01,33900.0,400.0,113300.0
1371,2021-10-22 02:46:56,33900.0,400.0,112900.0
1372,2021-10-22 02:46:56,33900.0,500.0,112500.0
1373,2021-10-22 02:46:51,33900.0,200.0,112000.0
1374,2021-10-22 02:46:51,33900.0,500.0,111800.0
1375,2021-10-22 02:46:51,33900.0,1000.0,111300.0
1376,2021-10-22 02:46:49,34000.0,800.0,110300.0
1377,2021-10-22 02:46:01,33900.0,300.0,109500.0
1378,2021-10-22 02:46:01,33900.0,200.0,109200.0
1379,2021-10-22 02:45:51,33900.0,500.0,109000.0
1380,2021-10-22 02:45:21,33900.0,500.0,108500.0
1381,2021-10-22 02:45:08,33900.0,200.0,108000.0
1382,2021-10-22 02:45:07,33900.0,100.0,107800.0
1383,2021-10-22 02:45:02,33900.0,200.0,107700.0
1384,2021-10-22 02:45:02,33900.0,1000.0,107500.0
1385,2021-10-22 02:45:00,33900.0,100.0,106500.0
1386,2021-10-22 02:44:50,33900.0,300.0,106400.0
1387,2021-10-22 02:44:50,33900.0,600.0,106100.0
1388,2021-10-22 02:44:26,33900.0,400.0,105500.0
1389,2021-10-22 02:44:26,33900.0,100.0,105100.0
1390,2021-10-22 02:44:26,33900.0,200.0,105000.0
1391,2021-10-22 02:43:57,33900.0,100.0,104800.0
1392,2021-10-22 02:43:48,33900.0,400.0,104700.0
1393,2021-10-22 02:43:46,33900.0,100.0,104300.0
1394,2021-10-22 02:43:45,33900.0,200.0,104200.0
1395,2021-10-22 02:43:37,33900.0,300.0,104000.0
1396,2021-10-22 02:43:37,33900.0,100.0,103700.0
1397,2021-10-22 02:43:26,33900.0,100.0,103600.0
1398,2021-10-22 02:43:25,33900.0,1900.0,103500.0
1399,2021-10-22 02:43:06,33900.0,100.0,101600.0
1400,2021-10-22 02:43:05,33850.0,200.0,101500.0
1401,2021-10-22 02:42:43,33850.0,500.0,101300.0
1402,2021-10-22 02:42:27,33850.0,500.0,100800.0
1403,2021-10-22 02:42:14,33850.0,100.0,100300.0
1404,2021-10-22 02:41:45,33850.0,100.0,100200.0
1405,2021-10-22 02:41:14,33800.0,500.0,100100.0
1406,2021-10-22 02:41:05,33900.0,100.0,99600.0
1407,2021-10-22 02:40:50,33800.0,1000.0,99500.0
1408,2021-10-22 02:40:50,33850.0,100.0,98500.0
1409,2021-10-22 02:40:50,33850.0,500.0,98400.0
1410,2021-10-22 02:40:50,33850.0,100.0,97900.0
1411,2021-10-22 02:40:50,33850.0,100.0,97800.0
1412,2021-10-22 02:40:50,33900.0,100.0,97700.0
1413,2021-10-22 02:40:50,33900.0,700.0,97600.0
1414,2021-10-22 02:40:43,33900.0,300.0,96900.0
1415,2021-10-22 02:40:41,33900.0,1000.0,96600.0
1416,2021-10-22 02:40:41,33900.0,200.0,95600.0
1417,2021-10-22 02:40:30,33900.0,200.0,95400.0
1418,2021-10-22 02:40:27,34000.0,100.0,95200.0
1419,2021-10-22 02:40:02,33900.0,300.0,95100.0
1420,2021-10-22 02:40:02,33900.0,300.0,94800.0
1421,2021-10-22 02:39:48,33900.0,200.0,94500.0
1422,2021-10-22 02:39:47,33900.0,700.0,94300.0
1423,2021-10-22 02:39:45,33900.0,100.0,93600.0
1424,2021-10-22 02:39:45,33900.0,1000.0,93500.0
1425,2021-10-22 02:39:14,33900.0,100.0,92500.0
1426,2021-10-22 02:39:14,33900.0,100.0,92400.0
1427,2021-10-22 02:39:03,33850.0,200.0,92300.0
1428,2021-10-22 02:39:02,33850.0,100.0,92100.0
1429,2021-10-22 02:38:53,33850.0,200.0,92000.0
1430,2021-10-22 02:38:37,33850.0,200.0,91800.0
1431,2021-10-22 02:38:09,33850.0,100.0,91600.0
1432,2021-10-22 02:38:09,33850.0,100.0,91500.0
1433,2021-10-22 02:38:07,33850.0,100.0,91400.0
1434,2021-10-22 02:37:59,33850.0,500.0,91300.0
1435,2021-10-22 02:37:55,33850.0,500.0,90800.0
1436,2021-10-22 02:37:53,33850.0,400.0,90300.0
1437,2021-10-22 02:37:48,33850.0,400.0,89900.0
1438,2021-10-22 02:37:25,33900.0,300.0,89500.0
1439,2021-10-22 02:37:25,33900.0,500.0,89200.0
1440,2021-10-22 02:37:25,33900.0,200.0,88700.0
1441,2021-10-22 02:37:20,33800.0,300.0,88500.0
1442,2021-10-22 02:37:17,33800.0,1400.0,88200.0
1443,2021-10-22 02:37:17,33800.0,100.0,86800.0
1444,2021-10-22 02:37:17,33800.0,300.0,86700.0
1445,2021-10-22 02:37:17,33800.0,100.0,86400.0
1446,2021-10-22 02:37:17,33800.0,300.0,86300.0
1447,2021-10-22 02:37:17,33800.0,100.0,86000.0
1448,2021-10-22 02:37:17,33800.0,100.0,85900.0
1449,2021-10-22 02:37:17,33800.0,900.0,85800.0
1450,2021-10-22 02:37:17,33800.0,200.0,84900.0
1451,2021-10-22 02:37:17,33850.0,200.0,84700.0
1452,2021-10-22 02:37:17,33850.0,100.0,84500.0
1453,2021-10-22 02:37:17,33850.0,200.0,84400.0
1454,2021-10-22 02:37:14,33900.0,100.0,84200.0
1455,2021-10-22 02:37:08,33850.0,100.0,84100.0
1456,2021-10-22 02:37:03,33900.0,200.0,84000.0
1457,2021-10-22 02:36:54,33900.0,100.0,83800.0
1458,2021-10-22 02:36:36,33900.0,200.0,83700.0
1459,2021-10-22 02:36:26,33900.0,100.0,83500.0
1460,2021-10-22 02:36:21,33900.0,900.0,83400.0
1461,2021-10-22 02:36:15,33900.0,2000.0,82500.0
1462,2021-10-22 02:36:05,33850.0,100.0,80500.0
1463,2021-10-22 02:35:58,33900.0,500.0,80400.0
1464,2021-10-22 02:35:47,33900.0,200.0,79900.0
1465,2021-10-22 02:35:47,33900.0,200.0,79700.0
1466,2021-10-22 02:35:47,33900.0,200.0,79500.0
1467,2021-10-22 02:35:47,33900.0,100.0,79300.0
1468,2021-10-22 02:35:47,33900.0,500.0,79200.0
1469,2021-10-22 02:35:47,33900.0,300.0,78700.0
1470,2021-10-22 02:35:38,34000.0,5000.0,78400.0
1471,2021-10-22 02:35:31,34000.0,100.0,73400.0
1472,2021-10-22 02:35:11,34000.0,100.0,73300.0
1473,2021-10-22 02:35:11,34000.0,100.0,73200.0
1474,2021-10-22 02:35:11,34000.0,300.0,73100.0
1475,2021-10-22 02:35:11,34000.0,1000.0,72800.0
1476,2021-10-22 02:35:11,34000.0,100.0,71800.0
1477,2021-10-22 02:35:11,34000.0,100.0,71700.0
1478,2021-10-22 02:35:11,34000.0,200.0,71600.0
1479,2021-10-22 02:35:11,34000.0,300.0,71400.0
1480,2021-10-22 02:35:11,34000.0,100.0,71100.0
1481,2021-10-22 02:35:11,34000.0,300.0,71000.0
1482,2021-10-22 02:35:11,34000.0,100.0,70700.0
1483,2021-10-22 02:35:11,34000.0,2000.0,70600.0
1484,2021-10-22 02:35:11,34000.0,2000.0,68600.0
1485,2021-10-22 02:35:11,34000.0,100.0,66600.0
1486,2021-10-22 02:35:11,34000.0,100.0,66500.0
1487,2021-10-22 02:35:11,34000.0,100.0,66400.0
1488,2021-10-22 02:35:11,34000.0,200.0,66300.0
1489,2021-10-22 02:35:11,34000.0,200.0,66100.0
1490,2021-10-22 02:35:11,34000.0,2000.0,65900.0
1491,2021-10-22 02:35:11,34000.0,100.0,63900.0
1492,2021-10-22 02:35:11,34000.0,500.0,63800.0
1493,2021-10-22 02:35:11,34000.0,400.0,63300.0
1494,2021-10-22 02:35:11,34000.0,1600.0,62900.0
1495,2021-10-22 02:35:11,34000.0,200.0,61300.0
1496,2021-10-22 02:35:11,34000.0,800.0,61100.0
1497,2021-10-22 02:35:11,34050.0,100.0,60300.0
1498,2021-10-22 02:35:11,34050.0,1000.0,60200.0
1499,2021-10-22 02:35:11,34050.0,200.0,59200.0
1500,2021-10-22 02:35:11,34050.0,1000.0,59000.0
1501,2021-10-22 02:34:33,34100.0,500.0,58000.0
1502,2021-10-22 02:34:24,34100.0,100.0,57500.0
1503,2021-10-22 02:34:04,34100.0,100.0,57400.0
1504,2021-10-22 02:33:51,34100.0,1000.0,57300.0
1505,2021-10-22 02:33:14,34100.0,500.0,56300.0
1506,2021-10-22 02:33:14,34100.0,100.0,55800.0
1507,2021-10-22 02:32:38,34100.0,200.0,55700.0
1508,2021-10-22 02:32:11,34100.0,100.0,55500.0
1509,2021-10-22 02:32:01,34150.0,500.0,55400.0
1510,2021-10-22 02:31:58,34100.0,100.0,54900.0
1511,2021-10-22 02:31:40,34100.0,100.0,54800.0
1512,2021-10-22 02:31:40,34100.0,500.0,54700.0
1513,2021-10-22 02:31:40,34100.0,200.0,54200.0
1514,2021-10-22 02:31:40,34100.0,2000.0,54000.0
1515,2021-10-22 02:31:40,34100.0,100.0,52000.0
1516,2021-10-22 02:31:30,34100.0,500.0,51900.0
1517,2021-10-22 02:31:16,34100.0,400.0,51400.0
1518,2021-10-22 02:30:50,34100.0,400.0,51000.0
1519,2021-10-22 02:30:38,34100.0,1200.0,50600.0
1520,2021-10-22 02:30:38,34100.0,300.0,49400.0
1521,2021-10-22 02:29:49,34100.0,200.0,49100.0
1522,2021-10-22 02:28:47,34200.0,100.0,48900.0
1523,2021-10-22 02:28:34,34200.0,200.0,48800.0
1524,2021-10-22 02:28:14,34200.0,400.0,48600.0
1525,2021-10-22 02:27:56,34200.0,100.0,48200.0
1526,2021-10-22 02:27:56,34200.0,200.0,48100.0
1527,2021-10-22 02:26:33,34250.0,400.0,47900.0
1528,2021-10-22 02:26:30,34250.0,900.0,47500.0
1529,2021-10-22 02:26:30,34250.0,100.0,46600.0
1530,2021-10-22 02:26:29,34000.0,200.0,46500.0
1531,2021-10-22 02:26:29,34000.0,200.0,46300.0
1532,2021-10-22 02:26:29,34100.0,500.0,46100.0
1533,2021-10-22 02:26:29,34200.0,1000.0,45600.0
1534,2021-10-22 02:26:29,34200.0,1100.0,44600.0
1535,2021-10-22 02:25:48,34200.0,900.0,43500.0
1536,2021-10-22 02:25:31,34100.0,500.0,42600.0
1537,2021-10-22 02:25:31,34100.0,100.0,42100.0
1538,2021-10-22 02:25:31,34200.0,100.0,42000.0
1539,2021-10-22 02:25:31,34200.0,400.0,41900.0
1540,2021-10-22 02:25:31,34200.0,100.0,41500.0
1541,2021-10-22 02:25:31,34200.0,100.0,41400.0
1542,2021-10-22 02:25:24,34200.0,100.0,41300.0
1543,2021-10-22 02:25:24,34200.0,100.0,41200.0
1544,2021-10-22 02:25:24,34250.0,200.0,41100.0
1545,2021-10-22 02:25:24,34250.0,1000.0,40900.0
1546,2021-10-22 02:25:19,34250.0,200.0,39900.0
1547,2021-10-22 02:25:16,34250.0,100.0,39700.0
1548,2021-10-22 02:25:12,34250.0,500.0,39600.0
1549,2021-10-22 02:25:03,34200.0,100.0,39100.0
1550,2021-10-22 02:25:03,34250.0,900.0,39000.0
1551,2021-10-22 02:24:55,34250.0,100.0,38100.0
1552,2021-10-22 02:24:55,34250.0,100.0,38000.0
1553,2021-10-22 02:24:27,34250.0,100.0,37900.0
1554,2021-10-22 02:24:27,34250.0,200.0,37800.0
1555,2021-10-22 02:24:27,34250.0,500.0,37600.0
1556,2021-10-22 02:24:27,34250.0,100.0,37100.0
1557,2021-10-22 02:24:27,34250.0,100.0,37000.0
1558,2021-10-22 02:24:06,34250.0,100.0,36900.0
1559,2021-10-22 02:23:43,34250.0,500.0,36800.0
1560,2021-10-22 02:23:41,34250.0,1500.0,36300.0
1561,2021-10-22 02:23:12,34250.0,2800.0,34800.0
1562,2021-10-22 02:23:10,34300.0,100.0,32000.0
1563,2021-10-22 02:23:10,34300.0,100.0,31900.0
1564,2021-10-22 02:23:10,34300.0,200.0,31800.0
1565,2021-10-22 02:23:10,34300.0,100.0,31600.0
1566,2021-10-22 02:22:41,34300.0,100.0,31500.0
1567,2021-10-22 02:22:38,34300.0,700.0,31400.0
1568,2021-10-22 02:22:38,34300.0,200.0,30700.0
1569,2021-10-22 02:22:26,34300.0,200.0,30500.0
1570,2021-10-22 02:22:26,34300.0,100.0,30300.0
1571,2021-10-22 02:22:05,34300.0,400.0,30200.0
1572,2021-10-22 02:22:05,34300.0,100.0,29800.0
1573,2021-10-22 02:21:24,34300.0,100.0,29700.0
1574,2021-10-22 02:20:41,34300.0,100.0,29600.0
1575,2021-10-22 02:20:37,34450.0,100.0,29500.0
1576,2021-10-22 02:20:34,34450.0,300.0,29400.0
1577,2021-10-22 02:20:20,34450.0,500.0,29100.0
1578,2021-10-22 02:20:06,34500.0,1200.0,28600.0
1579,2021-10-22 02:20:06,34500.0,800.0,27400.0
1580,2021-10-22 02:19:53,34500.0,200.0,26600.0
1581,2021-10-22 02:19:53,34500.0,2000.0,26400.0
1582,2021-10-22 02:19:53,34500.0,500.0,24400.0
1583,2021-10-22 02:19:53,34500.0,300.0,23900.0
1584,2021-10-22 02:19:33,34450.0,2800.0,23600.0
1585,2021-10-22 02:19:27,34450.0,1300.0,20800.0
1586,2021-10-22 02:19:24,34450.0,300.0,19500.0
1587,2021-10-22 02:19:06,34450.0,200.0,19200.0
1588,2021-10-22 02:19:02,34500.0,100.0,19000.0
1589,2021-10-22 02:19:02,34500.0,100.0,18900.0
1590,2021-10-22 02:18:54,34500.0,2100.0,18800.0
1591,2021-10-22 02:18:43,34500.0,400.0,16700.0
1592,2021-10-22 02:18:31,34500.0,300.0,16300.0
1593,2021-10-22 02:18:30,34500.0,200.0,16000.0
1594,2021-10-22 02:17:40,34500.0,100.0,15800.0
1595,2021-10-22 02:17:21,34500.0,1000.0,15700.0
1596,2021-10-22 02:17:06,34500.0,1300.0,14700.0
1597,2021-10-22 02:16:47,34700.0,100.0,13400.0
1598,2021-10-22 02:16:46,34500.0,700.0,13300.0
1599,2021-10-22 02:16:46,34500.0,300.0,12600.0
1600,2021-10-22 02:16:05,34500.0,200.0,12300.0
1601,2021-10-22 02:16:05,34500.0,900.0,12100.0
1602,2021-10-22 02:15:38,34500.0,100.0,11200.0
1603,2021-10-22 02:15:17,34500.0,500.0,11100.0
1604,2021-10-22 02:15:17,34500.0,100.0,10600.0
1605,2021-10-22 02:15:00,34500.0,200.0,10500.0
1606,2021-10-22 02:15:00,34500.0,100.0,10300.0
1607,2021-10-22 02:15:00,34500.0,200.0,10200.0
1608,2021-10-22 02:15:00,34500.0,300.0,10000.0
1609,2021-10-22 02:15:00,34500.0,2200.0,9700.0
1610,2021-10-22 02:15:00,34500.0,100.0,7500.0
1611,2021-10-22 02:15:00,34500.0,2000.0,7400.0
1612,2021-10-22 02:15:00,34500.0,2500.0,5400.0
1613,2021-10-22 02:15:00,34500.0,1000.0,2900.0
1614,2021-10-22 02:15:00,34500.0,100.0,1900.0
1615,2021-10-22 02:15:00,34500.0,100.0,1800.0
1616,2021-10-22 02:15:00,34500.0,300.0,1700.0
1617,2021-10-22 02:15:00,34500.0,1000.0,1400.0
1618,2021-10-22 02:15:00,34500.0,100.0,400.0
1619,2021-10-22 02:15:00,34500.0,200.0,300.0
1620,2021-10-22 02:15:00,34500.0,100.0,100.0
