,Time,Price,Volume_per_trade,Volume
0,2021-10-06 07:45:00,43350.0,100.0,841100.0
1,2021-10-06 07:27:55,43350.0,1200.0,841000.0
2,2021-10-06 07:17:46,43350.0,100.0,839800.0
3,2021-10-06 07:13:29,43350.0,1100.0,839700.0
4,2021-10-06 07:13:29,43350.0,1900.0,838600.0
5,2021-10-06 07:06:46,43350.0,100.0,836700.0
6,2021-10-06 07:06:46,43350.0,100.0,836600.0
7,2021-10-06 07:03:51,43350.0,500.0,836500.0
8,2021-10-06 06:59:47,43350.0,900.0,836000.0
9,2021-10-06 06:59:47,43350.0,100.0,835100.0
10,2021-10-06 06:59:47,43350.0,600.0,835000.0
11,2021-10-06 06:57:58,43350.0,5000.0,834400.0
12,2021-10-06 06:55:56,43350.0,100.0,829400.0
13,2021-10-06 06:55:01,43350.0,100.0,829300.0
14,2021-10-06 06:53:18,43350.0,200.0,829200.0
15,2021-10-06 06:49:58,43350.0,100.0,829000.0
16,2021-10-06 06:42:56,43350.0,3900.0,828900.0
17,2021-10-06 06:42:56,43350.0,500.0,825000.0
18,2021-10-06 06:42:56,43350.0,600.0,824500.0
19,2021-10-06 06:39:51,43350.0,100.0,823900.0
20,2021-10-06 06:39:24,43350.0,1000.0,823800.0
21,2021-10-06 06:37:06,43350.0,200.0,822800.0
22,2021-10-06 06:29:53,43350.0,1900.0,822600.0
23,2021-10-06 06:26:54,43350.0,100.0,820700.0
24,2021-10-06 06:26:48,43350.0,400.0,820600.0
25,2021-10-06 06:25:25,43350.0,100.0,820200.0
26,2021-10-06 06:23:55,43350.0,200.0,820100.0
27,2021-10-06 06:22:14,43350.0,100.0,819900.0
28,2021-10-06 06:19:47,43350.0,300.0,819800.0
29,2021-10-06 06:19:47,43350.0,1200.0,819500.0
30,2021-10-06 06:19:47,43350.0,300.0,818300.0
31,2021-10-06 06:19:11,43350.0,500.0,818000.0
32,2021-10-06 06:15:11,43350.0,400.0,817500.0
33,2021-10-06 06:09:09,43350.0,500.0,817100.0
34,2021-10-06 06:09:09,43350.0,500.0,816600.0
35,2021-10-06 06:08:42,43350.0,100.0,816100.0
36,2021-10-06 06:08:42,43350.0,100.0,816000.0
37,2021-10-06 06:08:10,43350.0,100.0,815900.0
38,2021-10-06 06:08:10,43350.0,300.0,815800.0
39,2021-10-06 06:07:24,43350.0,100.0,815500.0
40,2021-10-06 06:00:47,43350.0,200.0,815400.0
41,2021-10-06 06:00:47,43350.0,700.0,815200.0
42,2021-10-06 06:00:47,43350.0,1000.0,814500.0
43,2021-10-06 06:00:47,43350.0,1100.0,813500.0
44,2021-10-06 06:00:24,43350.0,1400.0,812400.0
45,2021-10-06 06:00:16,43350.0,200.0,811000.0
46,2021-10-06 06:00:10,43350.0,500.0,810800.0
47,2021-10-06 06:00:08,43350.0,200.0,810300.0
48,2021-10-06 06:00:00,43350.0,400.0,810100.0
49,2021-10-06 06:00:00,43350.0,200.0,809700.0
50,2021-10-06 04:28:34,43350.0,200.0,809500.0
51,2021-10-06 04:27:10,43350.0,800.0,809300.0
52,2021-10-06 04:27:10,43350.0,200.0,808500.0
53,2021-10-06 04:25:25,43350.0,800.0,808300.0
54,2021-10-06 04:25:25,43350.0,400.0,807500.0
55,2021-10-06 04:23:37,43350.0,100.0,807100.0
56,2021-10-06 04:22:44,43350.0,200.0,807000.0
57,2021-10-06 04:20:58,43350.0,100.0,806800.0
58,2021-10-06 04:20:19,43350.0,1000.0,806700.0
59,2021-10-06 04:19:07,43350.0,100.0,805700.0
60,2021-10-06 04:18:58,43350.0,100.0,805600.0
61,2021-10-06 04:18:58,43350.0,200.0,805500.0
62,2021-10-06 04:18:58,43350.0,500.0,805300.0
63,2021-10-06 04:18:58,43350.0,200.0,804800.0
64,2021-10-06 04:15:59,43350.0,200.0,804600.0
65,2021-10-06 04:15:44,43350.0,500.0,804400.0
66,2021-10-06 04:14:29,43350.0,200.0,803900.0
67,2021-10-06 04:12:40,43350.0,300.0,803700.0
68,2021-10-06 04:11:43,43350.0,100.0,803400.0
69,2021-10-06 04:10:15,43350.0,100.0,803300.0
70,2021-10-06 04:07:51,43350.0,100.0,803200.0
71,2021-10-06 04:07:33,43350.0,200.0,803100.0
72,2021-10-06 04:05:59,43350.0,100.0,802900.0
73,2021-10-06 04:05:59,43350.0,200.0,802800.0
74,2021-10-06 04:05:54,43350.0,100.0,802600.0
75,2021-10-06 04:05:54,43350.0,100.0,802500.0
76,2021-10-06 04:05:54,43350.0,300.0,802400.0
77,2021-10-06 04:05:44,43350.0,200.0,802100.0
78,2021-10-06 04:05:39,43350.0,200.0,801900.0
79,2021-10-06 04:00:53,43350.0,500.0,801700.0
80,2021-10-06 03:59:24,43350.0,2000.0,801200.0
81,2021-10-06 03:59:12,43350.0,100.0,799200.0
82,2021-10-06 03:59:12,43350.0,200.0,799100.0
83,2021-10-06 03:56:35,43350.0,100.0,798900.0
84,2021-10-06 03:54:57,43350.0,500.0,798800.0
85,2021-10-06 03:51:55,43350.0,100.0,798300.0
86,2021-10-06 03:51:44,43350.0,200.0,798200.0
87,2021-10-06 03:47:29,43350.0,200.0,798000.0
88,2021-10-06 03:46:15,43350.0,200.0,797800.0
89,2021-10-06 03:45:12,43350.0,500.0,797600.0
90,2021-10-06 03:44:53,43350.0,300.0,797100.0
91,2021-10-06 03:44:27,43350.0,500.0,796800.0
92,2021-10-06 03:43:53,43350.0,100.0,796300.0
93,2021-10-06 03:40:22,43350.0,200.0,796200.0
94,2021-10-06 03:39:35,43350.0,100.0,796000.0
95,2021-10-06 03:39:30,43350.0,300.0,795900.0
96,2021-10-06 03:38:03,43350.0,300.0,795600.0
97,2021-10-06 03:37:04,43350.0,1000.0,795300.0
98,2021-10-06 03:36:26,43350.0,100.0,794300.0
99,2021-10-06 03:36:22,43350.0,100.0,794200.0
100,2021-10-06 03:36:08,43350.0,100.0,794100.0
101,2021-10-06 03:35:48,43350.0,900.0,794000.0
102,2021-10-06 03:35:48,43350.0,500.0,793100.0
103,2021-10-06 03:35:48,43350.0,100.0,792600.0
104,2021-10-06 03:35:33,43350.0,100.0,792500.0
105,2021-10-06 03:34:55,43350.0,500.0,792400.0
106,2021-10-06 03:34:45,43350.0,1000.0,791900.0
107,2021-10-06 03:34:23,43350.0,1000.0,790900.0
108,2021-10-06 03:33:03,43350.0,200.0,789900.0
109,2021-10-06 03:32:39,43350.0,3000.0,789700.0
110,2021-10-06 03:32:29,43350.0,100.0,786700.0
111,2021-10-06 03:32:05,43350.0,1700.0,786600.0
112,2021-10-06 03:31:32,43350.0,1000.0,784900.0
113,2021-10-06 03:31:04,43350.0,500.0,783900.0
114,2021-10-06 03:30:52,43350.0,400.0,783400.0
115,2021-10-06 03:30:16,43350.0,1000.0,783000.0
116,2021-10-06 03:30:05,43350.0,600.0,782000.0
117,2021-10-06 03:29:27,43350.0,100.0,781400.0
118,2021-10-06 03:28:26,43350.0,500.0,781300.0
119,2021-10-06 03:26:47,43350.0,5000.0,780800.0
120,2021-10-06 03:25:34,43350.0,100.0,775800.0
121,2021-10-06 03:23:27,43350.0,100.0,775700.0
122,2021-10-06 03:23:19,43350.0,100.0,775600.0
123,2021-10-06 03:23:12,43350.0,900.0,775500.0
124,2021-10-06 03:22:17,43350.0,1000.0,774600.0
125,2021-10-06 03:22:01,43350.0,200.0,773600.0
126,2021-10-06 03:20:24,43350.0,400.0,773400.0
127,2021-10-06 03:20:15,43350.0,100.0,773000.0
128,2021-10-06 03:20:14,43350.0,1000.0,772900.0
129,2021-10-06 03:19:17,43350.0,300.0,771900.0
130,2021-10-06 03:19:02,43350.0,100.0,771600.0
131,2021-10-06 03:18:26,43350.0,700.0,771500.0
132,2021-10-06 03:17:43,43350.0,500.0,770800.0
133,2021-10-06 03:17:42,43350.0,1000.0,770300.0
134,2021-10-06 03:17:25,43350.0,1000.0,769300.0
135,2021-10-06 03:17:13,43350.0,300.0,768300.0
136,2021-10-06 03:17:00,43350.0,1000.0,768000.0
137,2021-10-06 03:16:55,43350.0,1400.0,767000.0
138,2021-10-06 03:16:09,43350.0,500.0,765600.0
139,2021-10-06 03:15:58,43350.0,100.0,765100.0
140,2021-10-06 03:15:37,43350.0,100.0,765000.0
141,2021-10-06 03:15:05,43350.0,100.0,764900.0
142,2021-10-06 03:14:45,43350.0,300.0,764800.0
143,2021-10-06 03:14:34,43350.0,500.0,764500.0
144,2021-10-06 03:13:19,43350.0,600.0,764000.0
145,2021-10-06 03:13:13,43350.0,1000.0,763400.0
146,2021-10-06 03:12:54,43350.0,900.0,762400.0
147,2021-10-06 03:12:51,43350.0,400.0,761500.0
148,2021-10-06 03:12:49,43350.0,500.0,761100.0
149,2021-10-06 03:12:49,43350.0,500.0,760600.0
150,2021-10-06 03:12:49,43350.0,1000.0,760100.0
151,2021-10-06 03:12:47,43350.0,1000.0,759100.0
152,2021-10-06 03:12:47,43350.0,200.0,758100.0
153,2021-10-06 03:12:24,43350.0,400.0,757900.0
154,2021-10-06 03:12:24,43350.0,600.0,757500.0
155,2021-10-06 03:12:24,43350.0,600.0,756900.0
156,2021-10-06 03:12:24,43350.0,1000.0,756300.0
157,2021-10-06 03:12:24,43350.0,800.0,755300.0
158,2021-10-06 03:12:22,43350.0,200.0,754500.0
159,2021-10-06 03:12:22,43350.0,100.0,754300.0
160,2021-10-06 03:11:37,43350.0,200.0,754200.0
161,2021-10-06 03:10:55,43350.0,300.0,754000.0
162,2021-10-06 03:10:25,43350.0,600.0,753700.0
163,2021-10-06 03:10:25,43350.0,400.0,753100.0
164,2021-10-06 03:10:22,43350.0,100.0,752700.0
165,2021-10-06 03:10:19,43350.0,200.0,752600.0
166,2021-10-06 03:10:06,43350.0,3000.0,752400.0
167,2021-10-06 03:10:06,43350.0,2000.0,749400.0
168,2021-10-06 03:10:00,43350.0,100.0,747400.0
169,2021-10-06 03:09:52,43350.0,100.0,747300.0
170,2021-10-06 03:09:49,43350.0,1000.0,747200.0
171,2021-10-06 03:09:48,43350.0,200.0,746200.0
172,2021-10-06 03:09:18,43350.0,1000.0,746000.0
173,2021-10-06 03:09:12,43350.0,300.0,745000.0
174,2021-10-06 03:09:03,43350.0,200.0,744700.0
175,2021-10-06 03:08:41,43350.0,100.0,744500.0
176,2021-10-06 03:08:39,43350.0,1300.0,744400.0
177,2021-10-06 03:08:39,43350.0,1700.0,743100.0
178,2021-10-06 03:08:33,43350.0,100.0,741400.0
179,2021-10-06 03:08:28,43350.0,300.0,741300.0
180,2021-10-06 03:08:27,43350.0,2000.0,741000.0
181,2021-10-06 03:07:58,43350.0,100.0,739000.0
182,2021-10-06 03:07:56,43350.0,100.0,738900.0
183,2021-10-06 03:07:30,43350.0,300.0,738800.0
184,2021-10-06 03:07:22,43350.0,100.0,738500.0
185,2021-10-06 03:07:17,43350.0,100.0,738400.0
186,2021-10-06 03:07:11,43350.0,1000.0,738300.0
187,2021-10-06 03:06:57,43350.0,200.0,737300.0
188,2021-10-06 03:06:34,43350.0,400.0,737100.0
189,2021-10-06 03:06:34,43350.0,500.0,736700.0
190,2021-10-06 03:06:34,43350.0,1800.0,736200.0
191,2021-10-06 03:06:34,43350.0,200.0,734400.0
192,2021-10-06 03:06:34,43350.0,100.0,734200.0
193,2021-10-06 03:06:34,43350.0,100.0,734100.0
194,2021-10-06 03:06:34,43350.0,500.0,734000.0
195,2021-10-06 03:06:34,43350.0,200.0,733500.0
196,2021-10-06 03:06:34,43350.0,100.0,733300.0
197,2021-10-06 03:06:34,43350.0,100.0,733200.0
198,2021-10-06 03:06:32,43350.0,200.0,733100.0
199,2021-10-06 03:06:32,43350.0,100.0,732900.0
200,2021-10-06 03:06:32,43350.0,500.0,732800.0
201,2021-10-06 03:06:32,43350.0,1200.0,732300.0
202,2021-10-06 03:06:31,43350.0,2300.0,731100.0
203,2021-10-06 03:06:31,43350.0,500.0,728800.0
204,2021-10-06 03:06:31,43350.0,200.0,728300.0
205,2021-10-06 03:06:30,43350.0,800.0,728100.0
206,2021-10-06 03:06:30,43350.0,1000.0,727300.0
207,2021-10-06 03:06:30,43350.0,200.0,726300.0
208,2021-10-06 03:06:30,43350.0,500.0,726100.0
209,2021-10-06 03:06:30,43350.0,500.0,725600.0
210,2021-10-06 03:06:30,43350.0,100.0,725100.0
211,2021-10-06 03:06:30,43350.0,100.0,725000.0
212,2021-10-06 03:06:27,43350.0,100.0,724900.0
213,2021-10-06 03:06:27,43350.0,100.0,724800.0
214,2021-10-06 03:06:27,43350.0,900.0,724700.0
215,2021-10-06 03:06:27,43350.0,2000.0,723800.0
216,2021-10-06 03:06:27,43350.0,100.0,721800.0
217,2021-10-06 03:06:27,43350.0,5000.0,721700.0
218,2021-10-06 03:06:27,43350.0,1000.0,716700.0
219,2021-10-06 03:06:27,43350.0,100.0,715700.0
220,2021-10-06 03:06:27,43350.0,400.0,715600.0
221,2021-10-06 03:06:27,43350.0,1000.0,715200.0
222,2021-10-06 03:06:27,43350.0,100.0,714200.0
223,2021-10-06 03:06:27,43350.0,2500.0,714100.0
224,2021-10-06 03:06:26,43350.0,100.0,711600.0
225,2021-10-06 03:06:26,43350.0,1100.0,711500.0
226,2021-10-06 03:06:26,43350.0,5000.0,710400.0
227,2021-10-06 03:06:25,43350.0,500.0,705400.0
228,2021-10-06 03:06:25,43300.0,1900.0,704900.0
229,2021-10-06 03:06:25,43300.0,100.0,703000.0
230,2021-10-06 03:06:25,43300.0,300.0,702900.0
231,2021-10-06 03:06:25,43300.0,100.0,702600.0
232,2021-10-06 03:06:25,43300.0,200.0,702500.0
233,2021-10-06 03:06:25,43300.0,1100.0,702300.0
234,2021-10-06 03:06:23,43350.0,100.0,701200.0
235,2021-10-06 03:06:23,43350.0,100.0,701100.0
236,2021-10-06 03:06:21,43350.0,2200.0,701000.0
237,2021-10-06 03:06:20,43350.0,2100.0,698800.0
238,2021-10-06 03:06:20,43350.0,200.0,696700.0
239,2021-10-06 03:06:19,43350.0,2000.0,696500.0
240,2021-10-06 03:06:17,43350.0,1000.0,694500.0
241,2021-10-06 03:06:13,43350.0,3700.0,693500.0
242,2021-10-06 03:06:10,43350.0,1000.0,689800.0
243,2021-10-06 03:06:10,43350.0,600.0,688800.0
244,2021-10-06 03:06:10,43350.0,100.0,688200.0
245,2021-10-06 03:06:08,43350.0,5000.0,688100.0
246,2021-10-06 03:06:06,43350.0,700.0,683100.0
247,2021-10-06 03:06:04,43350.0,1000.0,682400.0
248,2021-10-06 03:06:04,43350.0,18000.0,681400.0
249,2021-10-06 03:06:03,43350.0,500.0,663400.0
250,2021-10-06 03:05:57,43350.0,1000.0,662900.0
251,2021-10-06 03:05:56,43350.0,1500.0,661900.0
252,2021-10-06 03:05:56,43350.0,400.0,660400.0
253,2021-10-06 03:05:56,43350.0,100.0,660000.0
254,2021-10-06 03:05:56,43350.0,100.0,659900.0
255,2021-10-06 03:05:56,43350.0,500.0,659800.0
256,2021-10-06 03:05:56,43350.0,300.0,659300.0
257,2021-10-06 03:05:56,43350.0,100.0,659000.0
258,2021-10-06 03:05:56,43350.0,1000.0,658900.0
259,2021-10-06 03:05:56,43350.0,200.0,657900.0
260,2021-10-06 03:05:56,43350.0,800.0,657700.0
261,2021-10-06 03:05:51,43350.0,100.0,656900.0
262,2021-10-06 03:05:50,43350.0,100.0,656800.0
263,2021-10-06 03:05:50,43350.0,300.0,656700.0
264,2021-10-06 03:05:50,43350.0,100.0,656400.0
265,2021-10-06 03:05:50,43350.0,200.0,656300.0
266,2021-10-06 03:05:50,43350.0,100.0,656100.0
267,2021-10-06 03:05:50,43350.0,100.0,656000.0
268,2021-10-06 03:05:50,43350.0,500.0,655900.0
269,2021-10-06 03:05:50,43350.0,500.0,655400.0
270,2021-10-06 03:05:50,43350.0,400.0,654900.0
271,2021-10-06 03:05:50,43350.0,100.0,654500.0
272,2021-10-06 03:05:50,43350.0,700.0,654400.0
273,2021-10-06 03:05:50,43350.0,500.0,653700.0
274,2021-10-06 03:05:50,43350.0,600.0,653200.0
275,2021-10-06 03:05:50,43350.0,200.0,652600.0
276,2021-10-06 03:05:50,43350.0,200.0,652400.0
277,2021-10-06 03:05:50,43350.0,100.0,652200.0
278,2021-10-06 03:05:50,43350.0,500.0,652100.0
279,2021-10-06 03:05:50,43350.0,200.0,651600.0
280,2021-10-06 03:05:50,43350.0,100.0,651400.0
281,2021-10-06 03:05:50,43350.0,400.0,651300.0
282,2021-10-06 03:05:50,43350.0,100.0,650900.0
283,2021-10-06 03:05:50,43350.0,100.0,650800.0
284,2021-10-06 03:05:50,43350.0,100.0,650700.0
285,2021-10-06 03:05:50,43350.0,500.0,650600.0
286,2021-10-06 03:05:50,43350.0,200.0,650100.0
287,2021-10-06 03:05:50,43350.0,500.0,649900.0
288,2021-10-06 03:05:50,43350.0,100.0,649400.0
289,2021-10-06 03:05:50,43350.0,400.0,649300.0
290,2021-10-06 03:05:50,43350.0,200.0,648900.0
291,2021-10-06 03:05:50,43350.0,100.0,648700.0
292,2021-10-06 03:05:50,43350.0,100.0,648600.0
293,2021-10-06 03:05:50,43350.0,6000.0,648500.0
294,2021-10-06 03:05:50,43350.0,400.0,642500.0
295,2021-10-06 03:05:50,43350.0,1000.0,642100.0
296,2021-10-06 03:05:50,43350.0,2000.0,641100.0
297,2021-10-06 03:05:50,43350.0,200.0,639100.0
298,2021-10-06 03:05:50,43350.0,900.0,638900.0
299,2021-10-06 03:05:50,43350.0,1100.0,638000.0
300,2021-10-06 03:05:50,43350.0,500.0,636900.0
301,2021-10-06 03:05:50,43350.0,900.0,636400.0
302,2021-10-06 03:05:50,43350.0,3000.0,635500.0
303,2021-10-06 03:05:50,43350.0,500.0,632500.0
304,2021-10-06 03:05:50,43350.0,500.0,632000.0
305,2021-10-06 03:05:50,43350.0,100.0,631500.0
306,2021-10-06 03:05:50,43350.0,100.0,631400.0
307,2021-10-06 03:05:50,43350.0,14500.0,631300.0
308,2021-10-06 03:05:44,43350.0,300.0,616800.0
309,2021-10-06 03:05:28,43350.0,500.0,616500.0
310,2021-10-06 03:05:27,43350.0,700.0,616000.0
311,2021-10-06 03:05:20,43350.0,2000.0,615300.0
312,2021-10-06 03:05:12,43350.0,1000.0,613300.0
313,2021-10-06 03:05:11,43350.0,1000.0,612300.0
314,2021-10-06 03:05:06,43300.0,5000.0,611300.0
315,2021-10-06 03:05:06,43350.0,100.0,606300.0
316,2021-10-06 03:05:04,43350.0,1000.0,606200.0
317,2021-10-06 03:04:39,43350.0,900.0,605200.0
318,2021-10-06 03:04:39,43350.0,100.0,604300.0
319,2021-10-06 03:04:34,43300.0,3900.0,604200.0
320,2021-10-06 03:04:34,43300.0,200.0,600300.0
321,2021-10-06 03:04:34,43300.0,100.0,600100.0
322,2021-10-06 03:04:34,43300.0,700.0,600000.0
323,2021-10-06 03:04:34,43300.0,100.0,599300.0
324,2021-10-06 03:04:28,43350.0,100.0,599200.0
325,2021-10-06 03:04:28,43350.0,500.0,599100.0
326,2021-10-06 03:04:28,43350.0,100.0,598600.0
327,2021-10-06 03:04:28,43350.0,200.0,598500.0
328,2021-10-06 03:04:28,43350.0,100.0,598300.0
329,2021-10-06 03:04:20,43350.0,200.0,598200.0
330,2021-10-06 03:04:20,43350.0,800.0,598000.0
331,2021-10-06 03:04:04,43350.0,4200.0,597200.0
332,2021-10-06 03:04:04,43350.0,100.0,593000.0
333,2021-10-06 03:04:04,43350.0,100.0,592900.0
334,2021-10-06 03:04:04,43350.0,500.0,592800.0
335,2021-10-06 03:04:04,43350.0,200.0,592300.0
336,2021-10-06 03:04:04,43350.0,100.0,592100.0
337,2021-10-06 03:04:04,43350.0,400.0,592000.0
338,2021-10-06 03:04:04,43350.0,500.0,591600.0
339,2021-10-06 03:04:04,43350.0,100.0,591100.0
340,2021-10-06 03:04:04,43350.0,600.0,591000.0
341,2021-10-06 03:04:04,43350.0,100.0,590400.0
342,2021-10-06 03:04:04,43350.0,2300.0,590300.0
343,2021-10-06 03:04:04,43350.0,100.0,588000.0
344,2021-10-06 03:04:04,43350.0,700.0,587900.0
345,2021-10-06 03:03:58,43350.0,1300.0,587200.0
346,2021-10-06 03:03:58,43350.0,400.0,585900.0
347,2021-10-06 03:03:57,43300.0,800.0,585500.0
348,2021-10-06 03:03:53,43300.0,100.0,584700.0
349,2021-10-06 03:03:40,43300.0,400.0,584600.0
350,2021-10-06 03:03:14,43300.0,1000.0,584200.0
351,2021-10-06 03:03:12,43300.0,200.0,583200.0
352,2021-10-06 03:03:10,43350.0,300.0,583000.0
353,2021-10-06 03:02:59,43350.0,300.0,582700.0
354,2021-10-06 03:02:59,43350.0,4700.0,582400.0
355,2021-10-06 03:02:49,43300.0,400.0,577700.0
356,2021-10-06 03:02:49,43300.0,100.0,577300.0
357,2021-10-06 03:02:44,43350.0,300.0,577200.0
358,2021-10-06 03:02:37,43350.0,3000.0,576900.0
359,2021-10-06 03:02:37,43350.0,100.0,573900.0
360,2021-10-06 03:02:37,43350.0,100.0,573800.0
361,2021-10-06 03:02:37,43350.0,400.0,573700.0
362,2021-10-06 03:02:37,43350.0,100.0,573300.0
363,2021-10-06 03:02:37,43350.0,200.0,573200.0
364,2021-10-06 03:02:37,43350.0,1000.0,573000.0
365,2021-10-06 03:02:37,43350.0,1000.0,572000.0
366,2021-10-06 03:02:37,43350.0,800.0,571000.0
367,2021-10-06 03:02:32,43350.0,600.0,570200.0
368,2021-10-06 03:02:29,43350.0,100.0,569600.0
369,2021-10-06 03:02:28,43350.0,200.0,569500.0
370,2021-10-06 03:02:23,43350.0,800.0,569300.0
371,2021-10-06 03:02:23,43350.0,500.0,568500.0
372,2021-10-06 03:02:23,43350.0,200.0,568000.0
373,2021-10-06 03:02:23,43350.0,200.0,567800.0
374,2021-10-06 03:02:23,43350.0,1400.0,567600.0
375,2021-10-06 03:02:22,43350.0,1000.0,566200.0
376,2021-10-06 03:02:18,43350.0,1000.0,565200.0
377,2021-10-06 03:02:13,43350.0,100.0,564200.0
378,2021-10-06 03:02:08,43350.0,3600.0,564100.0
379,2021-10-06 03:01:59,43350.0,400.0,560500.0
380,2021-10-06 03:01:56,43350.0,500.0,560100.0
381,2021-10-06 03:01:47,43350.0,1300.0,559600.0
382,2021-10-06 03:01:39,43350.0,700.0,558300.0
383,2021-10-06 03:01:39,43350.0,1000.0,557600.0
384,2021-10-06 03:01:39,43350.0,100.0,556600.0
385,2021-10-06 03:01:39,43350.0,200.0,556500.0
386,2021-10-06 03:01:36,43350.0,5000.0,556300.0
387,2021-10-06 03:01:29,43350.0,1000.0,551300.0
388,2021-10-06 03:01:22,43350.0,300.0,550300.0
389,2021-10-06 03:01:05,43350.0,1000.0,550000.0
390,2021-10-06 03:01:03,43350.0,200.0,549000.0
391,2021-10-06 03:01:01,43350.0,200.0,548800.0
392,2021-10-06 03:01:01,43350.0,300.0,548600.0
393,2021-10-06 03:01:01,43350.0,500.0,548300.0
394,2021-10-06 03:00:56,43350.0,5000.0,547800.0
395,2021-10-06 03:00:56,43350.0,500.0,542800.0
396,2021-10-06 03:00:56,43350.0,500.0,542300.0
397,2021-10-06 03:00:56,43350.0,500.0,541800.0
398,2021-10-06 03:00:56,43350.0,100.0,541300.0
399,2021-10-06 03:00:56,43350.0,3400.0,541200.0
400,2021-10-06 03:00:51,43350.0,800.0,537800.0
401,2021-10-06 03:00:50,43300.0,400.0,537000.0
402,2021-10-06 03:00:50,43300.0,600.0,536600.0
403,2021-10-06 03:00:38,43350.0,800.0,536000.0
404,2021-10-06 03:00:38,43350.0,100.0,535200.0
405,2021-10-06 03:00:38,43350.0,100.0,535100.0
406,2021-10-06 03:00:35,43350.0,300.0,535000.0
407,2021-10-06 03:00:23,43300.0,500.0,534700.0
408,2021-10-06 03:00:23,43300.0,400.0,534200.0
409,2021-10-06 03:00:23,43300.0,600.0,533800.0
410,2021-10-06 03:00:17,43300.0,1000.0,533200.0
411,2021-10-06 03:00:14,43300.0,400.0,532200.0
412,2021-10-06 03:00:14,43300.0,200.0,531800.0
413,2021-10-06 02:59:57,43300.0,300.0,531600.0
414,2021-10-06 02:59:47,43300.0,1000.0,531300.0
415,2021-10-06 02:59:47,43300.0,100.0,530300.0
416,2021-10-06 02:59:47,43300.0,500.0,530200.0
417,2021-10-06 02:59:47,43300.0,100.0,529700.0
418,2021-10-06 02:59:47,43300.0,300.0,529600.0
419,2021-10-06 02:59:43,43300.0,500.0,529300.0
420,2021-10-06 02:59:43,43300.0,500.0,528800.0
421,2021-10-06 02:59:40,43300.0,1500.0,528300.0
422,2021-10-06 02:59:40,43300.0,500.0,526800.0
423,2021-10-06 02:59:17,43300.0,100.0,526300.0
424,2021-10-06 02:59:01,43300.0,100.0,526200.0
425,2021-10-06 02:59:01,43300.0,200.0,526100.0
426,2021-10-06 02:59:01,43350.0,100.0,525900.0
427,2021-10-06 02:58:59,43300.0,100.0,525800.0
428,2021-10-06 02:58:59,43300.0,900.0,525700.0
429,2021-10-06 02:58:56,43300.0,100.0,524800.0
430,2021-10-06 02:58:52,43300.0,1400.0,524700.0
431,2021-10-06 02:58:49,43350.0,1000.0,523300.0
432,2021-10-06 02:58:49,43350.0,1000.0,522300.0
433,2021-10-06 02:58:27,43300.0,500.0,521300.0
434,2021-10-06 02:58:27,43350.0,100.0,520800.0
435,2021-10-06 02:58:22,43350.0,500.0,520700.0
436,2021-10-06 02:58:21,43350.0,100.0,520200.0
437,2021-10-06 02:58:20,43350.0,1800.0,520100.0
438,2021-10-06 02:58:20,43350.0,3200.0,518300.0
439,2021-10-06 02:58:16,43300.0,100.0,515100.0
440,2021-10-06 02:58:07,43350.0,500.0,515000.0
441,2021-10-06 02:57:59,43350.0,3000.0,514500.0
442,2021-10-06 02:57:43,43350.0,500.0,511500.0
443,2021-10-06 02:57:40,43350.0,2000.0,511000.0
444,2021-10-06 02:57:37,43300.0,200.0,509000.0
445,2021-10-06 02:57:25,43350.0,800.0,508800.0
446,2021-10-06 02:57:25,43350.0,3000.0,508000.0
447,2021-10-06 02:57:25,43350.0,100.0,505000.0
448,2021-10-06 02:57:25,43350.0,3000.0,504900.0
449,2021-10-06 02:57:25,43350.0,500.0,501900.0
450,2021-10-06 02:57:25,43350.0,100.0,501400.0
451,2021-10-06 02:57:25,43350.0,100.0,501300.0
452,2021-10-06 02:57:25,43350.0,100.0,501200.0
453,2021-10-06 02:57:25,43350.0,100.0,501100.0
454,2021-10-06 02:57:25,43350.0,1000.0,501000.0
455,2021-10-06 02:57:25,43300.0,100.0,500000.0
456,2021-10-06 02:57:25,43300.0,200.0,499900.0
457,2021-10-06 02:57:25,43300.0,900.0,499700.0
458,2021-10-06 02:57:24,43300.0,200.0,498800.0
459,2021-10-06 02:57:21,43300.0,900.0,498600.0
460,2021-10-06 02:57:21,43300.0,500.0,497700.0
461,2021-10-06 02:57:21,43300.0,100.0,497200.0
462,2021-10-06 02:57:21,43300.0,100.0,497100.0
463,2021-10-06 02:57:21,43300.0,100.0,497000.0
464,2021-10-06 02:57:21,43300.0,500.0,496900.0
465,2021-10-06 02:57:21,43300.0,100.0,496400.0
466,2021-10-06 02:57:21,43300.0,2000.0,496300.0
467,2021-10-06 02:57:21,43300.0,200.0,494300.0
468,2021-10-06 02:57:21,43300.0,100.0,494100.0
469,2021-10-06 02:57:21,43300.0,100.0,494000.0
470,2021-10-06 02:57:21,43300.0,200.0,493900.0
471,2021-10-06 02:57:21,43300.0,100.0,493700.0
472,2021-10-06 02:57:11,43200.0,1000.0,493600.0
473,2021-10-06 02:57:10,43300.0,500.0,492600.0
474,2021-10-06 02:57:10,43300.0,500.0,492100.0
475,2021-10-06 02:57:08,43300.0,500.0,491600.0
476,2021-10-06 02:57:07,43300.0,4000.0,491100.0
477,2021-10-06 02:57:07,43300.0,1000.0,487100.0
478,2021-10-06 02:57:06,43300.0,200.0,486100.0
479,2021-10-06 02:57:02,43300.0,1400.0,485900.0
480,2021-10-06 02:57:02,43300.0,300.0,484500.0
481,2021-10-06 02:57:02,43300.0,2000.0,484200.0
482,2021-10-06 02:57:02,43300.0,100.0,482200.0
483,2021-10-06 02:57:02,43300.0,2100.0,482100.0
484,2021-10-06 02:56:56,43300.0,2800.0,480000.0
485,2021-10-06 02:56:56,43300.0,100.0,477200.0
486,2021-10-06 02:56:56,43300.0,100.0,477100.0
487,2021-10-06 02:56:55,43250.0,100.0,477000.0
488,2021-10-06 02:56:44,43200.0,100.0,476900.0
489,2021-10-06 02:56:27,43200.0,400.0,476800.0
490,2021-10-06 02:56:27,43200.0,200.0,476400.0
491,2021-10-06 02:56:27,43200.0,500.0,476200.0
492,2021-10-06 02:56:27,43200.0,200.0,475700.0
493,2021-10-06 02:56:27,43200.0,200.0,475500.0
494,2021-10-06 02:56:27,43200.0,200.0,475300.0
495,2021-10-06 02:56:27,43200.0,300.0,475100.0
496,2021-10-06 02:56:17,43100.0,100.0,474800.0
497,2021-10-06 02:55:58,43100.0,500.0,474700.0
498,2021-10-06 02:55:42,43000.0,7400.0,474200.0
499,2021-10-06 02:55:42,43100.0,2000.0,466800.0
500,2021-10-06 02:55:42,43100.0,600.0,464800.0
501,2021-10-06 02:55:41,43100.0,200.0,464200.0
502,2021-10-06 02:55:39,43100.0,100.0,464000.0
503,2021-10-06 02:55:36,43100.0,200.0,463900.0
504,2021-10-06 02:55:36,43100.0,200.0,463700.0
505,2021-10-06 02:55:36,43100.0,200.0,463500.0
506,2021-10-06 02:55:36,43100.0,800.0,463300.0
507,2021-10-06 02:55:36,43100.0,100.0,462500.0
508,2021-10-06 02:55:36,43100.0,1100.0,462400.0
509,2021-10-06 02:55:36,43100.0,200.0,461300.0
510,2021-10-06 02:55:33,43000.0,4000.0,461100.0
511,2021-10-06 02:55:31,43100.0,2700.0,457100.0
512,2021-10-06 02:55:21,43000.0,500.0,454400.0
513,2021-10-06 02:55:21,43000.0,200.0,453900.0
514,2021-10-06 02:55:21,43000.0,1700.0,453700.0
515,2021-10-06 02:55:21,43000.0,300.0,452000.0
516,2021-10-06 02:55:21,43000.0,200.0,451700.0
517,2021-10-06 02:55:21,43000.0,1900.0,451500.0
518,2021-10-06 02:55:21,43000.0,200.0,449600.0
519,2021-10-06 02:55:21,43000.0,300.0,449400.0
520,2021-10-06 02:55:21,43000.0,100.0,449100.0
521,2021-10-06 02:55:21,43000.0,600.0,449000.0
522,2021-10-06 02:55:21,43000.0,100.0,448400.0
523,2021-10-06 02:55:21,43000.0,500.0,448300.0
524,2021-10-06 02:55:21,43000.0,300.0,447800.0
525,2021-10-06 02:55:21,43000.0,100.0,447500.0
526,2021-10-06 02:55:21,43000.0,300.0,447400.0
527,2021-10-06 02:55:21,43000.0,200.0,447100.0
528,2021-10-06 02:55:21,43000.0,1000.0,446900.0
529,2021-10-06 02:55:21,43000.0,300.0,445900.0
530,2021-10-06 02:55:21,43000.0,200.0,445600.0
531,2021-10-06 02:55:21,43000.0,2000.0,445400.0
532,2021-10-06 02:55:21,43000.0,200.0,443400.0
533,2021-10-06 02:55:21,43000.0,300.0,443200.0
534,2021-10-06 02:55:21,43000.0,1000.0,442900.0
535,2021-10-06 02:55:21,43000.0,100.0,441900.0
536,2021-10-06 02:55:21,43000.0,100.0,441800.0
537,2021-10-06 02:55:21,43000.0,500.0,441700.0
538,2021-10-06 02:55:21,43000.0,100.0,441200.0
539,2021-10-06 02:55:21,43000.0,1000.0,441100.0
540,2021-10-06 02:55:21,43000.0,100.0,440100.0
541,2021-10-06 02:55:21,43000.0,100.0,440000.0
542,2021-10-06 02:55:21,43000.0,100.0,439900.0
543,2021-10-06 02:55:21,43000.0,500.0,439800.0
544,2021-10-06 02:55:21,43000.0,200.0,439300.0
545,2021-10-06 02:55:21,43000.0,100.0,439100.0
546,2021-10-06 02:55:21,43000.0,300.0,439000.0
547,2021-10-06 02:55:21,43000.0,100.0,438700.0
548,2021-10-06 02:55:21,43000.0,1000.0,438600.0
549,2021-10-06 02:55:21,43000.0,100.0,437600.0
550,2021-10-06 02:55:21,43000.0,500.0,437500.0
551,2021-10-06 02:55:21,43000.0,1000.0,437000.0
552,2021-10-06 02:55:21,43000.0,100.0,436000.0
553,2021-10-06 02:55:21,43000.0,200.0,435900.0
554,2021-10-06 02:55:21,43000.0,100.0,435700.0
555,2021-10-06 02:55:21,43000.0,200.0,435600.0
556,2021-10-06 02:55:21,43000.0,500.0,435400.0
557,2021-10-06 02:55:21,43000.0,500.0,434900.0
558,2021-10-06 02:55:21,43000.0,800.0,434400.0
559,2021-10-06 02:55:21,43000.0,100.0,433600.0
560,2021-10-06 02:55:21,43000.0,2000.0,433500.0
561,2021-10-06 02:55:21,43000.0,1000.0,431500.0
562,2021-10-06 02:55:21,43000.0,200.0,430500.0
563,2021-10-06 02:55:21,43000.0,2000.0,430300.0
564,2021-10-06 02:55:21,43000.0,1000.0,428300.0
565,2021-10-06 02:55:21,43000.0,500.0,427300.0
566,2021-10-06 02:55:21,43000.0,300.0,426800.0
567,2021-10-06 02:55:21,43000.0,500.0,426500.0
568,2021-10-06 02:55:21,43000.0,100.0,426000.0
569,2021-10-06 02:55:21,43000.0,500.0,425900.0
570,2021-10-06 02:55:21,43000.0,3000.0,425400.0
571,2021-10-06 02:55:21,43000.0,900.0,422400.0
572,2021-10-06 02:55:21,43000.0,15000.0,421500.0
573,2021-10-06 02:55:21,43000.0,45000.0,406500.0
574,2021-10-06 02:55:21,43000.0,14500.0,361500.0
575,2021-10-06 02:55:21,42950.0,200.0,347000.0
576,2021-10-06 02:55:21,42950.0,5000.0,346800.0
577,2021-10-06 02:55:21,42950.0,100.0,341800.0
578,2021-10-06 02:55:21,42950.0,500.0,341700.0
579,2021-10-06 02:55:21,42950.0,100.0,341200.0
580,2021-10-06 02:55:21,42950.0,200.0,341100.0
581,2021-10-06 02:55:21,42950.0,200.0,340900.0
582,2021-10-06 02:55:21,42950.0,3000.0,340700.0
583,2021-10-06 02:55:21,42950.0,100.0,337700.0
584,2021-10-06 02:55:21,42950.0,1000.0,337600.0
585,2021-10-06 02:55:21,42950.0,4200.0,336600.0
586,2021-10-06 02:55:21,42950.0,400.0,332400.0
587,2021-10-06 02:55:21,42900.0,200.0,332000.0
588,2021-10-06 02:55:20,42900.0,300.0,331800.0
589,2021-10-06 02:55:15,42900.0,200.0,331500.0
590,2021-10-06 02:55:14,42900.0,200.0,331300.0
591,2021-10-06 02:55:14,42900.0,100.0,331100.0
592,2021-10-06 02:55:14,42900.0,800.0,331000.0
593,2021-10-06 02:55:05,42900.0,200.0,330200.0
594,2021-10-06 02:55:05,42900.0,1000.0,330000.0
595,2021-10-06 02:55:05,42900.0,400.0,329000.0
596,2021-10-06 02:55:05,42900.0,100.0,328600.0
597,2021-10-06 02:55:05,42900.0,100.0,328500.0
598,2021-10-06 02:55:05,42900.0,200.0,328400.0
599,2021-10-06 02:55:05,42900.0,1000.0,328200.0
600,2021-10-06 02:55:05,42900.0,1000.0,327200.0
601,2021-10-06 02:55:05,42900.0,100.0,326200.0
602,2021-10-06 02:55:05,42900.0,1000.0,326100.0
603,2021-10-06 02:55:05,42900.0,1000.0,325100.0
604,2021-10-06 02:55:05,42900.0,5000.0,324100.0
605,2021-10-06 02:55:05,42900.0,500.0,319100.0
606,2021-10-06 02:55:05,42900.0,300.0,318600.0
607,2021-10-06 02:55:05,42900.0,100.0,318300.0
608,2021-10-06 02:55:05,42900.0,300.0,318200.0
609,2021-10-06 02:55:05,42900.0,500.0,317900.0
610,2021-10-06 02:55:05,42850.0,100.0,317400.0
611,2021-10-06 02:55:05,42850.0,1000.0,317300.0
612,2021-10-06 02:55:05,42850.0,1000.0,316300.0
613,2021-10-06 02:55:05,42850.0,100.0,315300.0
614,2021-10-06 02:55:01,42800.0,100.0,315200.0
615,2021-10-06 02:54:50,42800.0,100.0,315100.0
616,2021-10-06 02:54:50,42800.0,200.0,315000.0
617,2021-10-06 02:54:50,42800.0,100.0,314800.0
618,2021-10-06 02:54:50,42800.0,300.0,314700.0
619,2021-10-06 02:54:50,42800.0,2000.0,314400.0
620,2021-10-06 02:54:50,42800.0,500.0,312400.0
621,2021-10-06 02:54:50,42800.0,500.0,311900.0
622,2021-10-06 02:54:50,42800.0,200.0,311400.0
623,2021-10-06 02:54:50,42800.0,200.0,311200.0
624,2021-10-06 02:54:50,42800.0,1000.0,311000.0
625,2021-10-06 02:54:50,42800.0,1100.0,310000.0
626,2021-10-06 02:54:31,42600.0,700.0,308900.0
627,2021-10-06 02:54:31,42700.0,700.0,308200.0
628,2021-10-06 02:54:28,42700.0,100.0,307500.0
629,2021-10-06 02:54:28,42700.0,200.0,307400.0
630,2021-10-06 02:54:28,42700.0,500.0,307200.0
631,2021-10-06 02:54:28,42700.0,200.0,306700.0
632,2021-10-06 02:54:28,42700.0,1000.0,306500.0
633,2021-10-06 02:54:28,42700.0,500.0,305500.0
634,2021-10-06 02:54:28,42700.0,300.0,305000.0
635,2021-10-06 02:54:28,42700.0,100.0,304700.0
636,2021-10-06 02:54:28,42700.0,500.0,304600.0
637,2021-10-06 02:54:28,42700.0,2000.0,304100.0
638,2021-10-06 02:54:28,42650.0,2000.0,302100.0
639,2021-10-06 02:54:28,42650.0,100.0,300100.0
640,2021-10-06 02:54:28,42650.0,300.0,300000.0
641,2021-10-06 02:54:28,42650.0,100.0,299700.0
642,2021-10-06 02:54:28,42650.0,900.0,299600.0
643,2021-10-06 02:54:28,42650.0,500.0,298700.0
644,2021-10-06 02:54:08,42600.0,300.0,298200.0
645,2021-10-06 02:54:07,42600.0,2000.0,297900.0
646,2021-10-06 02:54:07,42600.0,1000.0,295900.0
647,2021-10-06 02:54:07,42600.0,100.0,294900.0
648,2021-10-06 02:54:04,42600.0,300.0,294800.0
649,2021-10-06 02:53:56,42600.0,100.0,294500.0
650,2021-10-06 02:53:52,42650.0,500.0,294400.0
651,2021-10-06 02:53:28,42600.0,500.0,293900.0
652,2021-10-06 02:53:23,42550.0,100.0,293400.0
653,2021-10-06 02:52:52,42500.0,1100.0,293300.0
654,2021-10-06 02:52:52,42550.0,2700.0,292200.0
655,2021-10-06 02:52:52,42600.0,1000.0,289500.0
656,2021-10-06 02:52:52,42600.0,200.0,288500.0
657,2021-10-06 02:52:44,42600.0,100.0,288300.0
658,2021-10-06 02:52:40,42550.0,2300.0,288200.0
659,2021-10-06 02:52:40,42550.0,500.0,285900.0
660,2021-10-06 02:52:40,42550.0,2100.0,285400.0
661,2021-10-06 02:52:40,42550.0,100.0,283300.0
662,2021-10-06 02:52:40,42550.0,3000.0,283200.0
663,2021-10-06 02:52:20,42550.0,2000.0,280200.0
664,2021-10-06 02:52:06,42500.0,600.0,278200.0
665,2021-10-06 02:52:06,42500.0,500.0,277600.0
666,2021-10-06 02:52:06,42500.0,600.0,277100.0
667,2021-10-06 02:52:06,42500.0,300.0,276500.0
668,2021-10-06 02:52:06,42550.0,1900.0,276200.0
669,2021-10-06 02:52:06,42600.0,1100.0,274300.0
670,2021-10-06 02:51:47,42650.0,100.0,273200.0
671,2021-10-06 02:51:47,42600.0,1000.0,273100.0
672,2021-10-06 02:51:46,42600.0,200.0,272100.0
673,2021-10-06 02:51:46,42600.0,500.0,271900.0
674,2021-10-06 02:51:46,42600.0,1000.0,271400.0
675,2021-10-06 02:51:46,42600.0,1000.0,270400.0
676,2021-10-06 02:51:46,42600.0,200.0,269400.0
677,2021-10-06 02:51:39,42550.0,100.0,269200.0
678,2021-10-06 02:51:39,42550.0,100.0,269100.0
679,2021-10-06 02:51:36,42550.0,300.0,269000.0
680,2021-10-06 02:51:32,42600.0,200.0,268700.0
681,2021-10-06 02:51:18,42550.0,100.0,268500.0
682,2021-10-06 02:51:02,42550.0,500.0,268400.0
683,2021-10-06 02:50:39,42600.0,100.0,267900.0
684,2021-10-06 02:50:29,42600.0,100.0,267800.0
685,2021-10-06 02:50:29,42600.0,100.0,267700.0
686,2021-10-06 02:50:28,42700.0,700.0,267600.0
687,2021-10-06 02:50:25,42600.0,500.0,266900.0
688,2021-10-06 02:50:21,42600.0,400.0,266400.0
689,2021-10-06 02:50:20,42600.0,1500.0,266000.0
690,2021-10-06 02:50:15,42600.0,1000.0,264500.0
691,2021-10-06 02:50:14,42600.0,1400.0,263500.0
692,2021-10-06 02:50:14,42600.0,600.0,262100.0
693,2021-10-06 02:50:03,42600.0,1300.0,261500.0
694,2021-10-06 02:50:03,42600.0,500.0,260200.0
695,2021-10-06 02:50:03,42600.0,500.0,259700.0
696,2021-10-06 02:49:37,42700.0,4000.0,259200.0
697,2021-10-06 02:49:37,42700.0,4300.0,255200.0
698,2021-10-06 02:49:35,42700.0,700.0,250900.0
699,2021-10-06 02:49:35,42700.0,100.0,250200.0
700,2021-10-06 02:49:21,42800.0,400.0,250100.0
701,2021-10-06 02:49:21,42800.0,100.0,249700.0
702,2021-10-06 02:49:14,42800.0,100.0,249600.0
703,2021-10-06 02:49:11,42800.0,300.0,249500.0
704,2021-10-06 02:49:11,42800.0,700.0,249200.0
705,2021-10-06 02:49:03,42800.0,100.0,248500.0
706,2021-10-06 02:49:03,42800.0,400.0,248400.0
707,2021-10-06 02:49:01,42800.0,100.0,248000.0
708,2021-10-06 02:49:00,42800.0,2000.0,247900.0
709,2021-10-06 02:48:48,42800.0,100.0,245900.0
710,2021-10-06 02:48:29,42800.0,200.0,245800.0
711,2021-10-06 02:48:11,42800.0,1400.0,245600.0
712,2021-10-06 02:47:48,42900.0,600.0,244200.0
713,2021-10-06 02:47:45,42900.0,500.0,243600.0
714,2021-10-06 02:47:44,42900.0,1000.0,243100.0
715,2021-10-06 02:47:44,42900.0,1300.0,242100.0
716,2021-10-06 02:47:44,42900.0,200.0,240800.0
717,2021-10-06 02:47:34,42900.0,1400.0,240600.0
718,2021-10-06 02:47:28,42900.0,1700.0,239200.0
719,2021-10-06 02:47:25,42900.0,1000.0,237500.0
720,2021-10-06 02:47:18,42900.0,500.0,236500.0
721,2021-10-06 02:47:15,42900.0,1200.0,236000.0
722,2021-10-06 02:47:15,42900.0,1000.0,234800.0
723,2021-10-06 02:47:15,42900.0,1300.0,233800.0
724,2021-10-06 02:47:12,42900.0,300.0,232500.0
725,2021-10-06 02:47:09,42950.0,100.0,232200.0
726,2021-10-06 02:47:09,42950.0,700.0,232100.0
727,2021-10-06 02:47:09,42950.0,200.0,231400.0
728,2021-10-06 02:47:09,42900.0,100.0,231200.0
729,2021-10-06 02:47:08,42900.0,700.0,231100.0
730,2021-10-06 02:47:06,42950.0,100.0,230400.0
731,2021-10-06 02:47:02,42900.0,1500.0,230300.0
732,2021-10-06 02:46:54,42900.0,200.0,228800.0
733,2021-10-06 02:46:49,42900.0,2000.0,228600.0
734,2021-10-06 02:46:49,42900.0,100.0,226600.0
735,2021-10-06 02:46:49,42900.0,200.0,226500.0
736,2021-10-06 02:46:49,42900.0,1600.0,226300.0
737,2021-10-06 02:46:36,42900.0,1000.0,224700.0
738,2021-10-06 02:46:33,42900.0,3000.0,223700.0
739,2021-10-06 02:46:33,42900.0,200.0,220700.0
740,2021-10-06 02:46:33,42900.0,600.0,220500.0
741,2021-10-06 02:46:32,42950.0,100.0,219900.0
742,2021-10-06 02:46:31,42950.0,600.0,219800.0
743,2021-10-06 02:46:31,42950.0,200.0,219200.0
744,2021-10-06 02:46:20,42900.0,200.0,219000.0
745,2021-10-06 02:46:05,43000.0,500.0,218800.0
746,2021-10-06 02:46:05,42950.0,1500.0,218300.0
747,2021-10-06 02:46:04,42900.0,200.0,216800.0
748,2021-10-06 02:46:04,42900.0,500.0,216600.0
749,2021-10-06 02:46:04,42900.0,300.0,216100.0
750,2021-10-06 02:46:00,42950.0,500.0,215800.0
751,2021-10-06 02:45:56,42900.0,100.0,215300.0
752,2021-10-06 02:45:55,42900.0,200.0,215200.0
753,2021-10-06 02:45:51,42900.0,1000.0,215000.0
754,2021-10-06 02:45:47,42900.0,1000.0,214000.0
755,2021-10-06 02:45:47,42900.0,400.0,213000.0
756,2021-10-06 02:45:43,42900.0,100.0,212600.0
757,2021-10-06 02:45:41,42900.0,500.0,212500.0
758,2021-10-06 02:45:41,42900.0,100.0,212000.0
759,2021-10-06 02:45:41,42900.0,100.0,211900.0
760,2021-10-06 02:45:41,42900.0,300.0,211800.0
761,2021-10-06 02:45:40,42900.0,100.0,211500.0
762,2021-10-06 02:45:37,42900.0,100.0,211400.0
763,2021-10-06 02:45:37,42900.0,500.0,211300.0
764,2021-10-06 02:45:37,42900.0,500.0,210800.0
765,2021-10-06 02:45:37,42900.0,900.0,210300.0
766,2021-10-06 02:45:30,42900.0,100.0,209400.0
767,2021-10-06 02:45:30,42900.0,4900.0,209300.0
768,2021-10-06 02:45:27,42700.0,300.0,204400.0
769,2021-10-06 02:45:25,42900.0,100.0,204100.0
770,2021-10-06 02:45:25,42800.0,1000.0,204000.0
771,2021-10-06 02:45:25,42800.0,700.0,203000.0
772,2021-10-06 02:45:25,42800.0,200.0,202300.0
773,2021-10-06 02:45:25,42800.0,1000.0,202100.0
774,2021-10-06 02:45:18,42700.0,500.0,201100.0
775,2021-10-06 02:45:12,42700.0,100.0,200600.0
776,2021-10-06 02:45:08,42700.0,100.0,200500.0
777,2021-10-06 02:45:08,42700.0,900.0,200400.0
778,2021-10-06 02:45:04,42700.0,100.0,199500.0
779,2021-10-06 02:45:04,42700.0,100.0,199400.0
780,2021-10-06 02:45:04,42700.0,100.0,199300.0
781,2021-10-06 02:44:57,42600.0,100.0,199200.0
782,2021-10-06 02:44:50,42600.0,500.0,199100.0
783,2021-10-06 02:44:50,42600.0,200.0,198600.0
784,2021-10-06 02:44:50,42600.0,100.0,198400.0
785,2021-10-06 02:44:45,42700.0,200.0,198300.0
786,2021-10-06 02:44:45,42700.0,500.0,198100.0
787,2021-10-06 02:44:41,42700.0,100.0,197600.0
788,2021-10-06 02:44:24,42600.0,400.0,197500.0
789,2021-10-06 02:44:13,42600.0,500.0,197100.0
790,2021-10-06 02:44:11,42600.0,100.0,196600.0
791,2021-10-06 02:44:11,42600.0,100.0,196500.0
792,2021-10-06 02:44:11,42600.0,300.0,196400.0
793,2021-10-06 02:44:11,42600.0,500.0,196100.0
794,2021-10-06 02:44:09,42550.0,100.0,195600.0
795,2021-10-06 02:44:03,42550.0,500.0,195500.0
796,2021-10-06 02:44:00,42550.0,1400.0,195000.0
797,2021-10-06 02:43:55,42550.0,1000.0,193600.0
798,2021-10-06 02:43:50,42500.0,100.0,192600.0
799,2021-10-06 02:43:47,42550.0,100.0,192500.0
800,2021-10-06 02:43:38,42500.0,1500.0,192400.0
801,2021-10-06 02:43:33,42500.0,500.0,190900.0
802,2021-10-06 02:43:33,42500.0,100.0,190400.0
803,2021-10-06 02:43:33,42500.0,100.0,190300.0
804,2021-10-06 02:43:33,42500.0,200.0,190200.0
805,2021-10-06 02:43:33,42500.0,500.0,190000.0
806,2021-10-06 02:43:33,42500.0,100.0,189500.0
807,2021-10-06 02:43:33,42500.0,400.0,189400.0
808,2021-10-06 02:43:33,42500.0,200.0,189000.0
809,2021-10-06 02:43:33,42500.0,100.0,188800.0
810,2021-10-06 02:43:33,42500.0,1000.0,188700.0
811,2021-10-06 02:43:33,42500.0,100.0,187700.0
812,2021-10-06 02:43:33,42500.0,1400.0,187600.0
813,2021-10-06 02:43:33,42500.0,100.0,186200.0
814,2021-10-06 02:43:26,42500.0,500.0,186100.0
815,2021-10-06 02:43:26,42500.0,100.0,185600.0
816,2021-10-06 02:43:26,42500.0,200.0,185500.0
817,2021-10-06 02:43:26,42500.0,1000.0,185300.0
818,2021-10-06 02:43:26,42500.0,200.0,184300.0
819,2021-10-06 02:43:26,42500.0,500.0,184100.0
820,2021-10-06 02:43:23,42500.0,2000.0,183600.0
821,2021-10-06 02:43:21,42500.0,300.0,181600.0
822,2021-10-06 02:43:21,42500.0,1700.0,181300.0
823,2021-10-06 02:43:14,42500.0,300.0,179600.0
824,2021-10-06 02:43:14,42500.0,700.0,179300.0
825,2021-10-06 02:43:13,42500.0,300.0,178600.0
826,2021-10-06 02:43:13,42500.0,5200.0,178300.0
827,2021-10-06 02:43:13,42500.0,100.0,173100.0
828,2021-10-06 02:43:13,42500.0,4400.0,173000.0
829,2021-10-06 02:43:12,42450.0,1000.0,168600.0
830,2021-10-06 02:43:12,42400.0,100.0,167600.0
831,2021-10-06 02:43:06,42400.0,100.0,167500.0
832,2021-10-06 02:43:04,42450.0,600.0,167400.0
833,2021-10-06 02:43:02,42450.0,1000.0,166800.0
834,2021-10-06 02:42:49,42450.0,1000.0,165800.0
835,2021-10-06 02:42:46,42400.0,100.0,164800.0
836,2021-10-06 02:42:32,42400.0,900.0,164700.0
837,2021-10-06 02:42:29,42500.0,600.0,163800.0
838,2021-10-06 02:42:29,42500.0,500.0,163200.0
839,2021-10-06 02:42:27,42400.0,500.0,162700.0
840,2021-10-06 02:42:20,42400.0,5000.0,162200.0
841,2021-10-06 02:42:10,42400.0,200.0,157200.0
842,2021-10-06 02:42:10,42400.0,300.0,157000.0
843,2021-10-06 02:42:10,42400.0,100.0,156700.0
844,2021-10-06 02:42:06,42400.0,800.0,156600.0
845,2021-10-06 02:42:05,42400.0,1000.0,155800.0
846,2021-10-06 02:42:05,42300.0,100.0,154800.0
847,2021-10-06 02:41:59,42300.0,100.0,154700.0
848,2021-10-06 02:41:40,42400.0,1100.0,154600.0
849,2021-10-06 02:41:40,42400.0,100.0,153500.0
850,2021-10-06 02:41:40,42400.0,6000.0,153400.0
851,2021-10-06 02:41:40,42350.0,200.0,147400.0
852,2021-10-06 02:41:40,42300.0,1000.0,147200.0
853,2021-10-06 02:41:40,42300.0,100.0,146200.0
854,2021-10-06 02:41:40,42300.0,1000.0,146100.0
855,2021-10-06 02:41:40,42200.0,300.0,145100.0
856,2021-10-06 02:41:40,42200.0,100.0,144800.0
857,2021-10-06 02:41:40,42200.0,100.0,144700.0
858,2021-10-06 02:41:40,42100.0,200.0,144600.0
859,2021-10-06 02:41:34,42100.0,300.0,144400.0
860,2021-10-06 02:41:30,42200.0,1900.0,144100.0
861,2021-10-06 02:41:30,42200.0,500.0,142200.0
862,2021-10-06 02:41:30,42200.0,500.0,141700.0
863,2021-10-06 02:41:30,42200.0,100.0,141200.0
864,2021-10-06 02:41:30,42200.0,500.0,141100.0
865,2021-10-06 02:41:27,42100.0,100.0,140600.0
866,2021-10-06 02:41:27,42100.0,200.0,140500.0
867,2021-10-06 02:41:17,42100.0,300.0,140300.0
868,2021-10-06 02:41:17,42100.0,100.0,140000.0
869,2021-10-06 02:41:17,42100.0,300.0,139900.0
870,2021-10-06 02:41:12,42000.0,100.0,139600.0
871,2021-10-06 02:41:12,42000.0,100.0,139500.0
872,2021-10-06 02:41:12,42000.0,300.0,139400.0
873,2021-10-06 02:41:12,42000.0,100.0,139100.0
874,2021-10-06 02:41:12,42000.0,500.0,139000.0
875,2021-10-06 02:41:12,42000.0,1000.0,138500.0
876,2021-10-06 02:41:12,42000.0,200.0,137500.0
877,2021-10-06 02:41:09,42000.0,100.0,137300.0
878,2021-10-06 02:41:09,42000.0,100.0,137200.0
879,2021-10-06 02:41:09,42000.0,100.0,137100.0
880,2021-10-06 02:41:08,42000.0,100.0,137000.0
881,2021-10-06 02:41:00,42000.0,100.0,136900.0
882,2021-10-06 02:41:00,42000.0,500.0,136800.0
883,2021-10-06 02:41:00,41950.0,200.0,136300.0
884,2021-10-06 02:40:56,42000.0,100.0,136100.0
885,2021-10-06 02:40:56,42000.0,100.0,136000.0
886,2021-10-06 02:40:54,42000.0,400.0,135900.0
887,2021-10-06 02:40:54,42000.0,1000.0,135500.0
888,2021-10-06 02:40:54,42000.0,100.0,134500.0
889,2021-10-06 02:40:54,42000.0,500.0,134400.0
890,2021-10-06 02:40:54,42000.0,200.0,133900.0
891,2021-10-06 02:40:54,42000.0,200.0,133700.0
892,2021-10-06 02:40:54,42000.0,1000.0,133500.0
893,2021-10-06 02:40:54,42000.0,1000.0,132500.0
894,2021-10-06 02:40:54,42000.0,200.0,131500.0
895,2021-10-06 02:40:54,42000.0,500.0,131300.0
896,2021-10-06 02:40:54,42000.0,200.0,130800.0
897,2021-10-06 02:40:54,42000.0,800.0,130600.0
898,2021-10-06 02:40:54,42000.0,200.0,129800.0
899,2021-10-06 02:40:54,42000.0,100.0,129600.0
900,2021-10-06 02:40:54,42000.0,100.0,129500.0
901,2021-10-06 02:40:54,42000.0,800.0,129400.0
902,2021-10-06 02:40:54,42000.0,600.0,128600.0
903,2021-10-06 02:40:54,42000.0,500.0,128000.0
904,2021-10-06 02:40:54,42000.0,100.0,127500.0
905,2021-10-06 02:40:54,42000.0,2200.0,127400.0
906,2021-10-06 02:40:54,42000.0,900.0,125200.0
907,2021-10-06 02:40:54,42000.0,500.0,124300.0
908,2021-10-06 02:40:54,42000.0,100.0,123800.0
909,2021-10-06 02:40:54,42000.0,500.0,123700.0
910,2021-10-06 02:40:54,42000.0,500.0,123200.0
911,2021-10-06 02:40:54,42000.0,100.0,122700.0
912,2021-10-06 02:40:54,42000.0,100.0,122600.0
913,2021-10-06 02:40:54,42000.0,1000.0,122500.0
914,2021-10-06 02:40:54,42000.0,800.0,121500.0
915,2021-10-06 02:40:54,42000.0,500.0,120700.0
916,2021-10-06 02:40:54,42000.0,1000.0,120200.0
917,2021-10-06 02:40:54,42000.0,100.0,119200.0
918,2021-10-06 02:40:54,42000.0,100.0,119100.0
919,2021-10-06 02:40:54,42000.0,100.0,119000.0
920,2021-10-06 02:40:49,41950.0,1000.0,118900.0
921,2021-10-06 02:40:45,42000.0,100.0,117900.0
922,2021-10-06 02:40:45,42000.0,200.0,117800.0
923,2021-10-06 02:40:43,42000.0,500.0,117600.0
924,2021-10-06 02:40:38,42000.0,300.0,117100.0
925,2021-10-06 02:40:38,42000.0,500.0,116800.0
926,2021-10-06 02:40:32,41950.0,1100.0,116300.0
927,2021-10-06 02:40:32,41950.0,100.0,115200.0
928,2021-10-06 02:40:32,41950.0,100.0,115100.0
929,2021-10-06 02:40:32,41950.0,100.0,115000.0
930,2021-10-06 02:40:32,41950.0,500.0,114900.0
931,2021-10-06 02:40:31,41950.0,500.0,114400.0
932,2021-10-06 02:40:24,41950.0,1000.0,113900.0
933,2021-10-06 02:40:19,41900.0,100.0,112900.0
934,2021-10-06 02:40:11,41900.0,100.0,112800.0
935,2021-10-06 02:40:10,41900.0,100.0,112700.0
936,2021-10-06 02:40:10,41900.0,200.0,112600.0
937,2021-10-06 02:40:09,41900.0,100.0,112400.0
938,2021-10-06 02:40:09,41900.0,100.0,112300.0
939,2021-10-06 02:40:09,41900.0,100.0,112200.0
940,2021-10-06 02:40:07,41900.0,200.0,112100.0
941,2021-10-06 02:40:07,41900.0,200.0,111900.0
942,2021-10-06 02:40:07,41900.0,100.0,111700.0
943,2021-10-06 02:40:07,41900.0,500.0,111600.0
944,2021-10-06 02:40:06,41900.0,100.0,111100.0
945,2021-10-06 02:40:00,41900.0,200.0,111000.0
946,2021-10-06 02:39:59,41850.0,500.0,110800.0
947,2021-10-06 02:39:58,41900.0,3000.0,110300.0
948,2021-10-06 02:39:55,41900.0,1200.0,107300.0
949,2021-10-06 02:39:55,41900.0,1400.0,106100.0
950,2021-10-06 02:39:55,41900.0,300.0,104700.0
951,2021-10-06 02:39:55,41900.0,200.0,104400.0
952,2021-10-06 02:39:55,41900.0,100.0,104200.0
953,2021-10-06 02:39:55,41900.0,500.0,104100.0
954,2021-10-06 02:39:55,41900.0,1300.0,103600.0
955,2021-10-06 02:39:49,41850.0,1000.0,102300.0
956,2021-10-06 02:39:49,41850.0,900.0,101300.0
957,2021-10-06 02:39:49,41800.0,500.0,100400.0
958,2021-10-06 02:39:42,41800.0,500.0,99900.0
959,2021-10-06 02:39:26,41800.0,100.0,99400.0
960,2021-10-06 02:39:15,41800.0,100.0,99300.0
961,2021-10-06 02:38:58,41800.0,900.0,99200.0
962,2021-10-06 02:38:53,41900.0,200.0,98300.0
963,2021-10-06 02:38:53,41900.0,300.0,98100.0
964,2021-10-06 02:38:49,41800.0,100.0,97800.0
965,2021-10-06 02:38:44,41900.0,200.0,97700.0
966,2021-10-06 02:38:44,41800.0,100.0,97500.0
967,2021-10-06 02:38:26,41800.0,100.0,97400.0
968,2021-10-06 02:38:25,41800.0,100.0,97300.0
969,2021-10-06 02:38:14,41800.0,100.0,97200.0
970,2021-10-06 02:38:09,41800.0,100.0,97100.0
971,2021-10-06 02:38:09,41800.0,1900.0,97000.0
972,2021-10-06 02:38:08,41800.0,200.0,95100.0
973,2021-10-06 02:38:05,41700.0,100.0,94900.0
974,2021-10-06 02:38:03,41700.0,500.0,94800.0
975,2021-10-06 02:37:55,41800.0,2900.0,94300.0
976,2021-10-06 02:37:55,41800.0,100.0,91400.0
977,2021-10-06 02:37:55,41800.0,500.0,91300.0
978,2021-10-06 02:37:55,41800.0,200.0,90800.0
979,2021-10-06 02:37:55,41800.0,600.0,90600.0
980,2021-10-06 02:37:55,41800.0,200.0,90000.0
981,2021-10-06 02:37:55,41800.0,2000.0,89800.0
982,2021-10-06 02:37:55,41800.0,300.0,87800.0
983,2021-10-06 02:37:55,41800.0,100.0,87500.0
984,2021-10-06 02:37:55,41800.0,100.0,87400.0
985,2021-10-06 02:37:53,41700.0,300.0,87300.0
986,2021-10-06 02:37:49,41700.0,100.0,87000.0
987,2021-10-06 02:37:47,41700.0,100.0,86900.0
988,2021-10-06 02:37:47,41700.0,1500.0,86800.0
989,2021-10-06 02:37:47,41700.0,200.0,85300.0
990,2021-10-06 02:37:46,41650.0,1500.0,85100.0
991,2021-10-06 02:37:39,41650.0,200.0,83600.0
992,2021-10-06 02:37:35,41650.0,200.0,83400.0
993,2021-10-06 02:37:35,41650.0,100.0,83200.0
994,2021-10-06 02:37:35,41650.0,100.0,83100.0
995,2021-10-06 02:37:35,41600.0,100.0,83000.0
996,2021-10-06 02:37:25,41600.0,1000.0,82900.0
997,2021-10-06 02:37:25,41600.0,3800.0,81900.0
998,2021-10-06 02:37:23,41650.0,100.0,78100.0
999,2021-10-06 02:37:12,41600.0,300.0,78000.0
1000,2021-10-06 02:37:12,41600.0,100.0,77700.0
1001,2021-10-06 02:37:12,41600.0,5800.0,77600.0
1002,2021-10-06 02:37:12,41600.0,200.0,71800.0
1003,2021-10-06 02:37:12,41600.0,200.0,71600.0
1004,2021-10-06 02:37:12,41600.0,300.0,71400.0
1005,2021-10-06 02:37:12,41600.0,300.0,71100.0
1006,2021-10-06 02:37:07,41600.0,100.0,70800.0
1007,2021-10-06 02:37:05,41600.0,600.0,70700.0
1008,2021-10-06 02:37:05,41600.0,100.0,70100.0
1009,2021-10-06 02:37:05,41600.0,100.0,70000.0
1010,2021-10-06 02:37:05,41600.0,1200.0,69900.0
1011,2021-10-06 02:37:03,41600.0,100.0,68700.0
1012,2021-10-06 02:36:59,41600.0,200.0,68600.0
1013,2021-10-06 02:36:59,41600.0,1000.0,68400.0
1014,2021-10-06 02:36:51,41600.0,100.0,67400.0
1015,2021-10-06 02:36:51,41600.0,100.0,67300.0
1016,2021-10-06 02:36:51,41600.0,200.0,67200.0
1017,2021-10-06 02:36:51,41600.0,2600.0,67000.0
1018,2021-10-06 02:36:41,41600.0,1000.0,64400.0
1019,2021-10-06 02:36:41,41600.0,3000.0,63400.0
1020,2021-10-06 02:36:41,41550.0,100.0,60400.0
1021,2021-10-06 02:36:41,41550.0,300.0,60300.0
1022,2021-10-06 02:36:41,41550.0,100.0,60000.0
1023,2021-10-06 02:36:41,41550.0,500.0,59900.0
1024,2021-10-06 02:36:29,41550.0,100.0,59400.0
1025,2021-10-06 02:36:29,41550.0,200.0,59300.0
1026,2021-10-06 02:36:15,41550.0,100.0,59100.0
1027,2021-10-06 02:36:11,41550.0,200.0,59000.0
1028,2021-10-06 02:36:11,41550.0,100.0,58800.0
1029,2021-10-06 02:36:10,41500.0,2000.0,58700.0
1030,2021-10-06 02:36:02,41500.0,200.0,56700.0
1031,2021-10-06 02:36:02,41500.0,300.0,56500.0
1032,2021-10-06 02:36:02,41500.0,100.0,56200.0
1033,2021-10-06 02:36:02,41500.0,200.0,56100.0
1034,2021-10-06 02:36:02,41500.0,10000.0,55900.0
1035,2021-10-06 02:36:02,41500.0,1000.0,45900.0
1036,2021-10-06 02:36:02,41500.0,200.0,44900.0
1037,2021-10-06 02:35:43,41500.0,600.0,44700.0
1038,2021-10-06 02:35:43,41500.0,1000.0,44100.0
1039,2021-10-06 02:35:43,41500.0,400.0,43100.0
1040,2021-10-06 02:35:08,41500.0,600.0,42700.0
1041,2021-10-06 02:35:08,41500.0,100.0,42100.0
1042,2021-10-06 02:35:08,41500.0,400.0,42000.0
1043,2021-10-06 02:35:08,41500.0,100.0,41600.0
1044,2021-10-06 02:35:08,41500.0,1000.0,41500.0
1045,2021-10-06 02:35:08,41450.0,200.0,40500.0
1046,2021-10-06 02:35:08,41450.0,1000.0,40300.0
1047,2021-10-06 02:35:08,41400.0,400.0,39300.0
1048,2021-10-06 02:35:08,41400.0,1000.0,38900.0
1049,2021-10-06 02:35:08,41400.0,200.0,37900.0
1050,2021-10-06 02:33:57,41300.0,100.0,37700.0
1051,2021-10-06 02:33:57,41250.0,300.0,37600.0
1052,2021-10-06 02:33:55,41300.0,100.0,37300.0
1053,2021-10-06 02:33:51,41300.0,200.0,37200.0
1054,2021-10-06 02:33:41,41300.0,800.0,37000.0
1055,2021-10-06 02:33:38,41400.0,100.0,36200.0
1056,2021-10-06 02:33:12,41400.0,1000.0,36100.0
1057,2021-10-06 02:31:12,41500.0,1000.0,35100.0
1058,2021-10-06 02:31:00,41500.0,200.0,34100.0
1059,2021-10-06 02:31:00,41500.0,400.0,33900.0
1060,2021-10-06 02:31:00,41400.0,1500.0,33500.0
1061,2021-10-06 02:30:58,41400.0,500.0,32000.0
1062,2021-10-06 02:30:58,41400.0,500.0,31500.0
1063,2021-10-06 02:30:51,41500.0,500.0,31000.0
1064,2021-10-06 02:30:51,41500.0,400.0,30500.0
1065,2021-10-06 02:30:16,41500.0,100.0,30100.0
1066,2021-10-06 02:30:13,41500.0,100.0,30000.0
1067,2021-10-06 02:30:12,41500.0,100.0,29900.0
1068,2021-10-06 02:30:12,41500.0,200.0,29800.0
1069,2021-10-06 02:30:06,41500.0,100.0,29600.0
1070,2021-10-06 02:30:06,41500.0,300.0,29500.0
1071,2021-10-06 02:30:06,41500.0,500.0,29200.0
1072,2021-10-06 02:29:56,41500.0,100.0,28700.0
1073,2021-10-06 02:29:22,41500.0,300.0,28600.0
1074,2021-10-06 02:29:22,41500.0,400.0,28300.0
1075,2021-10-06 02:29:20,41500.0,300.0,27900.0
1076,2021-10-06 02:29:18,41500.0,300.0,27600.0
1077,2021-10-06 02:29:18,41500.0,1700.0,27300.0
1078,2021-10-06 02:29:15,41500.0,300.0,25600.0
1079,2021-10-06 02:29:15,41500.0,200.0,25300.0
1080,2021-10-06 02:29:10,41500.0,200.0,25100.0
1081,2021-10-06 02:28:57,41500.0,600.0,24900.0
1082,2021-10-06 02:28:57,41500.0,200.0,24300.0
1083,2021-10-06 02:28:54,41500.0,100.0,24100.0
1084,2021-10-06 02:28:36,41500.0,200.0,24000.0
1085,2021-10-06 02:28:22,41500.0,500.0,23800.0
1086,2021-10-06 02:28:08,41600.0,300.0,23300.0
1087,2021-10-06 02:28:01,41600.0,100.0,23000.0
1088,2021-10-06 02:27:55,41600.0,100.0,22900.0
1089,2021-10-06 02:27:52,41600.0,100.0,22800.0
1090,2021-10-06 02:27:52,41600.0,200.0,22700.0
1091,2021-10-06 02:27:52,41600.0,200.0,22500.0
1092,2021-10-06 02:27:46,41600.0,200.0,22300.0
1093,2021-10-06 02:27:46,41600.0,1800.0,22100.0
1094,2021-10-06 02:27:06,41600.0,200.0,20300.0
1095,2021-10-06 02:27:04,41500.0,100.0,20100.0
1096,2021-10-06 02:26:25,41600.0,2000.0,20000.0
1097,2021-10-06 02:26:23,41500.0,300.0,18000.0
1098,2021-10-06 02:26:06,41500.0,200.0,17700.0
1099,2021-10-06 02:25:51,41500.0,1500.0,17500.0
1100,2021-10-06 02:25:50,41500.0,300.0,16000.0
1101,2021-10-06 02:25:47,41500.0,1000.0,15700.0
1102,2021-10-06 02:25:47,41500.0,100.0,14700.0
1103,2021-10-06 02:25:47,41500.0,200.0,14600.0
1104,2021-10-06 02:25:47,41500.0,800.0,14400.0
1105,2021-10-06 02:25:47,41500.0,1000.0,13600.0
1106,2021-10-06 02:25:47,41500.0,500.0,12600.0
1107,2021-10-06 02:25:47,41500.0,500.0,12100.0
1108,2021-10-06 02:25:47,41500.0,100.0,11600.0
1109,2021-10-06 02:25:47,41500.0,1000.0,11500.0
1110,2021-10-06 02:25:47,41500.0,900.0,10500.0
1111,2021-10-06 02:25:47,41500.0,500.0,9600.0
1112,2021-10-06 02:25:31,41000.0,200.0,9100.0
1113,2021-10-06 02:25:31,41100.0,100.0,8900.0
1114,2021-10-06 02:25:22,41500.0,100.0,8800.0
1115,2021-10-06 02:25:22,41400.0,100.0,8700.0
1116,2021-10-06 02:25:22,41300.0,100.0,8600.0
1117,2021-10-06 02:25:14,41300.0,100.0,8500.0
1118,2021-10-06 02:25:14,41300.0,100.0,8400.0
1119,2021-10-06 02:25:14,41200.0,300.0,8300.0
1120,2021-10-06 02:25:14,41200.0,100.0,8000.0
1121,2021-10-06 02:25:14,41100.0,100.0,7900.0
1122,2021-10-06 02:25:14,41100.0,100.0,7800.0
1123,2021-10-06 02:24:39,41000.0,100.0,7700.0
1124,2021-10-06 02:24:39,41000.0,100.0,7600.0
1125,2021-10-06 02:24:28,41000.0,100.0,7500.0
1126,2021-10-06 02:24:24,41000.0,100.0,7400.0
1127,2021-10-06 02:24:09,41000.0,100.0,7300.0
1128,2021-10-06 02:24:09,41000.0,200.0,7200.0
1129,2021-10-06 02:24:09,41000.0,100.0,7000.0
1130,2021-10-06 02:24:09,41000.0,500.0,6900.0
1131,2021-10-06 02:24:09,41000.0,100.0,6400.0
1132,2021-10-06 02:24:06,41000.0,100.0,6300.0
1133,2021-10-06 02:23:56,40900.0,100.0,6200.0
1134,2021-10-06 02:23:25,40900.0,1600.0,6100.0
1135,2021-10-06 02:23:17,40900.0,100.0,4500.0
1136,2021-10-06 02:22:57,40900.0,100.0,4400.0
1137,2021-10-06 02:22:16,40900.0,200.0,4300.0
1138,2021-10-06 02:22:16,40900.0,100.0,4100.0
1139,2021-10-06 02:21:55,40900.0,400.0,4000.0
1140,2021-10-06 02:18:09,40600.0,100.0,3600.0
1141,2021-10-06 02:18:09,40600.0,100.0,3500.0
1142,2021-10-06 02:15:25,40550.0,300.0,3400.0
1143,2021-10-06 02:15:25,40600.0,400.0,3100.0
1144,2021-10-06 02:15:25,40600.0,1000.0,2700.0
1145,2021-10-06 02:15:25,40600.0,100.0,1700.0
1146,2021-10-06 02:15:25,40600.0,500.0,1600.0
1147,2021-10-06 02:15:25,40600.0,100.0,1100.0
1148,2021-10-06 02:15:25,40600.0,100.0,1000.0
1149,2021-10-06 02:15:25,40600.0,300.0,900.0
1150,2021-10-06 02:15:00,40600.0,200.0,600.0
1151,2021-10-06 02:15:00,40600.0,100.0,400.0
1152,2021-10-06 02:15:00,40600.0,200.0,300.0
1153,2021-10-06 02:15:00,40600.0,100.0,100.0
