,Time,Price,Volume_per_trade,Volume
0,2021-10-20 14:51:21,8500.0,100.0,657285.0
1,2021-10-20 14:45:04,8500.0,3600.0,657185.0
2,2021-10-20 14:29:28,8400.0,100.0,653585.0
3,2021-10-20 14:29:22,8400.0,600.0,653485.0
4,2021-10-20 14:27:55,8400.0,5500.0,652885.0
5,2021-10-20 14:25:33,8300.0,200.0,647385.0
6,2021-10-20 14:24:58,8300.0,3000.0,647185.0
7,2021-10-20 14:24:56,8300.0,5000.0,644185.0
8,2021-10-20 14:24:42,8300.0,900.0,639185.0
9,2021-10-20 14:22:15,8300.0,200.0,638285.0
10,2021-10-20 14:22:01,8300.0,200.0,638085.0
11,2021-10-20 14:21:33,8300.0,100.0,637885.0
12,2021-10-20 14:21:20,8200.0,500.0,637785.0
13,2021-10-20 14:19:10,8300.0,600.0,637285.0
14,2021-10-20 14:19:04,8300.0,1000.0,636685.0
15,2021-10-20 14:18:59,8300.0,1000.0,635685.0
16,2021-10-20 14:18:53,8300.0,1300.0,634685.0
17,2021-10-20 14:18:52,8300.0,100.0,633385.0
18,2021-10-20 14:18:44,8300.0,1200.0,633285.0
19,2021-10-20 14:18:43,8300.0,600.0,632085.0
20,2021-10-20 14:18:32,8300.0,5500.0,631485.0
21,2021-10-20 14:18:26,8300.0,500.0,625985.0
22,2021-10-20 14:18:12,8300.0,1000.0,625485.0
23,2021-10-20 14:16:42,8400.0,300.0,624485.0
24,2021-10-20 14:16:30,8300.0,15000.0,624185.0
25,2021-10-20 14:14:19,8400.0,100.0,609185.0
26,2021-10-20 14:13:20,8400.0,1000.0,609085.0
27,2021-10-20 14:13:10,8400.0,300.0,608085.0
28,2021-10-20 14:12:24,8400.0,1300.0,607785.0
29,2021-10-20 14:12:10,8500.0,200.0,606485.0
30,2021-10-20 14:08:24,8500.0,200.0,606285.0
31,2021-10-20 14:07:47,8500.0,10000.0,606085.0
32,2021-10-20 14:07:46,8400.0,5000.0,596085.0
33,2021-10-20 14:06:18,8400.0,200.0,591085.0
34,2021-10-20 14:06:17,8400.0,200.0,590885.0
35,2021-10-20 14:06:06,8400.0,200.0,590685.0
36,2021-10-20 14:05:56,8400.0,200.0,590485.0
37,2021-10-20 14:04:45,8400.0,100.0,590285.0
38,2021-10-20 14:04:42,8400.0,300.0,590185.0
39,2021-10-20 14:04:32,8400.0,200.0,589885.0
40,2021-10-20 14:04:20,8400.0,900.0,589685.0
41,2021-10-20 14:04:14,8400.0,1000.0,588785.0
42,2021-10-20 14:03:59,8400.0,200.0,587785.0
43,2021-10-20 14:03:57,8400.0,300.0,587585.0
44,2021-10-20 14:03:33,8400.0,100.0,587285.0
45,2021-10-20 14:03:28,8400.0,400.0,587185.0
46,2021-10-20 14:03:13,8400.0,1000.0,586785.0
47,2021-10-20 14:02:53,8400.0,100.0,585785.0
48,2021-10-20 14:02:44,8400.0,300.0,585685.0
49,2021-10-20 14:02:30,8400.0,1500.0,585385.0
50,2021-10-20 14:02:16,8400.0,3700.0,583885.0
51,2021-10-20 14:01:40,8400.0,1700.0,580185.0
52,2021-10-20 14:01:35,8400.0,200.0,578485.0
53,2021-10-20 14:01:31,8400.0,1000.0,578285.0
54,2021-10-20 14:01:28,8400.0,3000.0,577285.0
55,2021-10-20 14:01:20,8400.0,800.0,574285.0
56,2021-10-20 14:00:29,8400.0,1400.0,573485.0
57,2021-10-20 14:00:20,8400.0,1000.0,572085.0
58,2021-10-20 14:00:15,8400.0,2000.0,571085.0
59,2021-10-20 14:00:11,8400.0,100.0,569085.0
60,2021-10-20 14:00:09,8400.0,1500.0,568985.0
61,2021-10-20 14:00:06,8400.0,100.0,567485.0
62,2021-10-20 13:59:34,8400.0,1500.0,567385.0
63,2021-10-20 13:59:10,8400.0,100.0,565885.0
64,2021-10-20 13:59:03,8400.0,1100.0,565785.0
65,2021-10-20 13:58:38,8400.0,1200.0,564685.0
66,2021-10-20 13:58:35,8300.0,100.0,563485.0
67,2021-10-20 13:58:30,8400.0,200.0,563385.0
68,2021-10-20 13:57:37,8400.0,2000.0,563185.0
69,2021-10-20 13:56:43,8400.0,1000.0,561185.0
70,2021-10-20 13:56:33,8400.0,100.0,560185.0
71,2021-10-20 13:56:26,8400.0,200.0,560085.0
72,2021-10-20 13:55:55,8400.0,100.0,559885.0
73,2021-10-20 13:55:32,8400.0,800.0,559785.0
74,2021-10-20 13:54:42,8400.0,200.0,558985.0
75,2021-10-20 13:53:56,8400.0,2000.0,558785.0
76,2021-10-20 13:53:22,8400.0,100.0,556785.0
77,2021-10-20 13:50:56,8400.0,500.0,556685.0
78,2021-10-20 13:50:52,8400.0,100.0,556185.0
79,2021-10-20 13:50:25,8400.0,500.0,556085.0
80,2021-10-20 13:49:50,8400.0,8100.0,555585.0
81,2021-10-20 13:49:36,8400.0,500.0,547485.0
82,2021-10-20 13:49:06,8400.0,4700.0,546985.0
83,2021-10-20 13:48:49,8400.0,7700.0,542285.0
84,2021-10-20 13:48:36,8400.0,500.0,534585.0
85,2021-10-20 13:48:16,8400.0,11000.0,534085.0
86,2021-10-20 13:47:42,8400.0,5000.0,523085.0
87,2021-10-20 13:46:21,8400.0,400.0,518085.0
88,2021-10-20 13:45:56,8400.0,1000.0,517685.0
89,2021-10-20 13:45:34,8400.0,300.0,516685.0
90,2021-10-20 13:44:21,8400.0,500.0,516385.0
91,2021-10-20 13:43:19,8400.0,500.0,515885.0
92,2021-10-20 13:40:54,8400.0,500.0,515385.0
93,2021-10-20 13:40:42,8500.0,800.0,514885.0
94,2021-10-20 13:38:56,8500.0,100.0,514085.0
95,2021-10-20 13:38:23,8400.0,600.0,513985.0
96,2021-10-20 13:38:10,8400.0,2000.0,513385.0
97,2021-10-20 13:38:05,8400.0,1700.0,511385.0
98,2021-10-20 13:36:32,8400.0,2000.0,509685.0
99,2021-10-20 13:34:20,8400.0,2900.0,507685.0
100,2021-10-20 13:34:06,8500.0,1000.0,504785.0
101,2021-10-20 13:34:04,8500.0,200.0,503785.0
102,2021-10-20 13:33:59,8500.0,300.0,503585.0
103,2021-10-20 13:33:47,8500.0,500.0,503285.0
104,2021-10-20 13:33:24,8400.0,700.0,502785.0
105,2021-10-20 13:32:54,8400.0,200.0,502085.0
106,2021-10-20 13:32:43,8400.0,3000.0,501885.0
107,2021-10-20 13:31:45,8400.0,500.0,498885.0
108,2021-10-20 13:31:30,8400.0,100.0,498385.0
109,2021-10-20 13:31:28,8500.0,700.0,498285.0
110,2021-10-20 13:30:51,8500.0,64300.0,497585.0
111,2021-10-20 13:30:48,8500.0,500.0,433285.0
112,2021-10-20 13:30:11,8500.0,500.0,432785.0
113,2021-10-20 13:30:00,8500.0,100.0,432285.0
114,2021-10-20 13:29:35,8500.0,100.0,432185.0
115,2021-10-20 13:29:29,8500.0,500.0,432085.0
116,2021-10-20 13:29:14,8500.0,400.0,431585.0
117,2021-10-20 13:28:30,8500.0,1500.0,431185.0
118,2021-10-20 13:28:25,8500.0,1000.0,429685.0
119,2021-10-20 13:28:24,8500.0,1000.0,428685.0
120,2021-10-20 13:28:21,8500.0,500.0,427685.0
121,2021-10-20 13:27:22,8500.0,400.0,427185.0
122,2021-10-20 13:27:05,8500.0,200.0,426785.0
123,2021-10-20 13:26:55,8600.0,600.0,426585.0
124,2021-10-20 13:26:20,8500.0,200.0,425985.0
125,2021-10-20 13:26:09,8600.0,1000.0,425785.0
126,2021-10-20 13:25:39,8600.0,300.0,424785.0
127,2021-10-20 13:25:36,8600.0,1000.0,424485.0
128,2021-10-20 13:25:17,8600.0,1000.0,423485.0
129,2021-10-20 13:24:57,8600.0,1500.0,422485.0
130,2021-10-20 13:24:39,8600.0,200.0,420985.0
131,2021-10-20 13:24:06,8600.0,300.0,420785.0
132,2021-10-20 13:23:38,8600.0,5000.0,420485.0
133,2021-10-20 13:23:23,8600.0,2000.0,415485.0
134,2021-10-20 13:23:11,8600.0,100.0,413485.0
135,2021-10-20 13:22:05,8600.0,300.0,413385.0
136,2021-10-20 13:21:46,8600.0,300.0,413085.0
137,2021-10-20 13:21:21,8600.0,1000.0,412785.0
138,2021-10-20 13:21:03,8600.0,5000.0,411785.0
139,2021-10-20 13:20:55,8600.0,100.0,406785.0
140,2021-10-20 13:20:31,8600.0,2000.0,406685.0
141,2021-10-20 13:20:26,8600.0,3000.0,404685.0
142,2021-10-20 13:20:24,8600.0,200.0,401685.0
143,2021-10-20 13:20:20,8600.0,100.0,401485.0
144,2021-10-20 13:20:13,8600.0,100.0,401385.0
145,2021-10-20 13:19:40,8600.0,100.0,401285.0
146,2021-10-20 13:19:08,8600.0,100.0,401185.0
147,2021-10-20 13:18:53,8500.0,300.0,401085.0
148,2021-10-20 13:18:50,8500.0,1000.0,400785.0
149,2021-10-20 13:18:14,8500.0,200.0,399785.0
150,2021-10-20 13:17:40,8500.0,1000.0,399585.0
151,2021-10-20 13:17:39,8600.0,100.0,398585.0
152,2021-10-20 13:17:27,8600.0,900.0,398485.0
153,2021-10-20 13:16:50,8500.0,500.0,397585.0
154,2021-10-20 13:16:28,8500.0,500.0,397085.0
155,2021-10-20 13:16:21,8500.0,300.0,396585.0
156,2021-10-20 13:15:32,8500.0,10000.0,396285.0
157,2021-10-20 13:15:14,8500.0,3400.0,386285.0
158,2021-10-20 13:15:13,8500.0,20000.0,382885.0
159,2021-10-20 13:15:09,8500.0,2000.0,362885.0
160,2021-10-20 13:15:08,8500.0,27000.0,360885.0
161,2021-10-20 13:15:01,8500.0,2500.0,333885.0
162,2021-10-20 13:14:38,8500.0,4000.0,331385.0
163,2021-10-20 13:14:34,8500.0,5100.0,327385.0
164,2021-10-20 13:14:25,8500.0,2200.0,322285.0
165,2021-10-20 13:14:19,8500.0,200.0,320085.0
166,2021-10-20 13:14:10,8500.0,2000.0,319885.0
167,2021-10-20 13:14:06,8400.0,1000.0,317885.0
168,2021-10-20 13:14:05,8500.0,3500.0,316885.0
169,2021-10-20 13:13:39,8500.0,500.0,313385.0
170,2021-10-20 13:13:20,8500.0,100.0,312885.0
171,2021-10-20 13:13:15,8400.0,200.0,312785.0
172,2021-10-20 13:13:01,8500.0,2000.0,312585.0
173,2021-10-20 13:12:39,8400.0,400.0,310585.0
174,2021-10-20 13:12:30,8400.0,1100.0,310185.0
175,2021-10-20 13:12:23,8400.0,10000.0,309085.0
176,2021-10-20 13:12:18,8400.0,200.0,299085.0
177,2021-10-20 13:12:13,8400.0,100.0,298885.0
178,2021-10-20 13:12:11,8400.0,5000.0,298785.0
179,2021-10-20 13:12:08,8400.0,2000.0,293785.0
180,2021-10-20 13:12:07,8400.0,200.0,291785.0
181,2021-10-20 13:11:48,8400.0,200.0,291585.0
182,2021-10-20 13:11:41,8400.0,600.0,291385.0
183,2021-10-20 13:11:40,8300.0,1000.0,290785.0
184,2021-10-20 13:10:51,8300.0,600.0,289785.0
185,2021-10-20 13:10:32,8300.0,2400.0,289185.0
186,2021-10-20 13:10:31,8400.0,500.0,286785.0
187,2021-10-20 13:10:09,8300.0,1300.0,286285.0
188,2021-10-20 13:09:58,8300.0,300.0,284985.0
189,2021-10-20 13:09:45,8300.0,100.0,284685.0
190,2021-10-20 13:09:26,8300.0,200.0,284585.0
191,2021-10-20 13:09:14,8300.0,3100.0,284385.0
192,2021-10-20 13:09:10,8400.0,10000.0,281285.0
193,2021-10-20 13:09:08,8300.0,2000.0,271285.0
194,2021-10-20 13:08:51,8300.0,2000.0,269285.0
195,2021-10-20 13:07:46,8300.0,100.0,267285.0
196,2021-10-20 13:07:45,8300.0,6400.0,267185.0
197,2021-10-20 13:07:37,8300.0,500.0,260785.0
198,2021-10-20 13:07:36,8300.0,1000.0,260285.0
199,2021-10-20 13:07:27,8300.0,1000.0,259285.0
200,2021-10-20 13:07:19,8300.0,100.0,258285.0
201,2021-10-20 13:07:18,8300.0,10000.0,258185.0
202,2021-10-20 13:07:03,8300.0,10000.0,248185.0
203,2021-10-20 13:06:58,8300.0,2000.0,238185.0
204,2021-10-20 13:06:49,8300.0,4900.0,236185.0
205,2021-10-20 13:06:40,8300.0,6000.0,231285.0
206,2021-10-20 13:06:30,8300.0,5000.0,225285.0
207,2021-10-20 13:06:08,8300.0,1000.0,220285.0
208,2021-10-20 13:05:56,8300.0,1000.0,219285.0
209,2021-10-20 13:05:38,8300.0,300.0,218285.0
210,2021-10-20 13:05:08,8300.0,1000.0,217985.0
211,2021-10-20 13:05:04,8300.0,4000.0,216985.0
212,2021-10-20 13:05:03,8300.0,1000.0,212985.0
213,2021-10-20 13:03:19,8300.0,1000.0,211985.0
214,2021-10-20 13:03:07,8300.0,700.0,210985.0
215,2021-10-20 13:00:05,8200.0,1000.0,210285.0
216,2021-10-20 11:29:08,8200.0,500.0,209285.0
217,2021-10-20 11:27:39,8200.0,2000.0,208785.0
218,2021-10-20 11:27:22,8300.0,200.0,206785.0
219,2021-10-20 11:25:01,8200.0,10000.0,206585.0
220,2021-10-20 11:22:41,8200.0,500.0,196585.0
221,2021-10-20 11:20:16,8200.0,7400.0,196085.0
222,2021-10-20 11:16:34,8200.0,10.0,188685.0
223,2021-10-20 11:15:27,8200.0,500.0,188675.0
224,2021-10-20 11:14:19,8200.0,100.0,188175.0
225,2021-10-20 11:12:20,8200.0,6500.0,188075.0
226,2021-10-20 11:08:08,8200.0,3000.0,181575.0
227,2021-10-20 11:07:38,8200.0,100.0,178575.0
228,2021-10-20 11:05:49,8200.0,3400.0,178475.0
229,2021-10-20 11:04:53,8200.0,1100.0,175075.0
230,2021-10-20 11:04:02,8200.0,3500.0,173975.0
231,2021-10-20 11:02:10,8200.0,1500.0,170475.0
232,2021-10-20 11:02:09,8200.0,1500.0,168975.0
233,2021-10-20 11:01:46,8200.0,300.0,167475.0
234,2021-10-20 11:01:19,8200.0,10000.0,167175.0
235,2021-10-20 11:00:41,8200.0,1000.0,157175.0
236,2021-10-20 11:00:13,8200.0,1400.0,156175.0
237,2021-10-20 10:58:12,8200.0,600.0,154775.0
238,2021-10-20 10:58:01,8200.0,100.0,154175.0
239,2021-10-20 10:57:32,8200.0,300.0,154075.0
240,2021-10-20 10:57:29,8200.0,400.0,153775.0
241,2021-10-20 10:56:17,8200.0,1300.0,153375.0
242,2021-10-20 10:56:01,8200.0,1500.0,152075.0
243,2021-10-20 10:55:33,8200.0,2000.0,150575.0
244,2021-10-20 10:52:50,8200.0,300.0,148575.0
245,2021-10-20 10:52:48,8200.0,1700.0,148275.0
246,2021-10-20 10:50:12,8200.0,100.0,146575.0
247,2021-10-20 10:48:20,8200.0,1500.0,146475.0
248,2021-10-20 10:47:36,8200.0,10.0,144975.0
249,2021-10-20 10:46:43,8200.0,500.0,144965.0
250,2021-10-20 10:46:19,8200.0,2000.0,144465.0
251,2021-10-20 10:46:16,8200.0,500.0,142465.0
252,2021-10-20 10:45:43,8200.0,200.0,141965.0
253,2021-10-20 10:44:23,8200.0,1300.0,141765.0
254,2021-10-20 10:44:08,8200.0,30.0,140465.0
255,2021-10-20 10:44:06,8200.0,1200.0,140435.0
256,2021-10-20 10:43:51,8200.0,100.0,139235.0
257,2021-10-20 10:43:35,8200.0,700.0,139135.0
258,2021-10-20 10:42:55,8200.0,400.0,138435.0
259,2021-10-20 10:42:52,8200.0,28.0,138035.0
260,2021-10-20 10:42:44,8200.0,2100.0,138007.0
261,2021-10-20 10:41:58,8200.0,800.0,135907.0
262,2021-10-20 10:41:56,8200.0,6200.0,135107.0
263,2021-10-20 10:41:48,8200.0,800.0,128907.0
264,2021-10-20 10:41:40,8200.0,1000.0,128107.0
265,2021-10-20 10:40:19,8200.0,100.0,127107.0
266,2021-10-20 10:39:55,8200.0,1000.0,127007.0
267,2021-10-20 10:39:19,8200.0,11500.0,126007.0
268,2021-10-20 10:38:48,8200.0,4700.0,114507.0
269,2021-10-20 10:36:05,8200.0,300.0,109807.0
270,2021-10-20 10:35:49,8200.0,5000.0,109507.0
271,2021-10-20 10:34:51,8200.0,2700.0,104507.0
272,2021-10-20 10:34:32,8200.0,2300.0,101807.0
273,2021-10-20 10:34:27,8200.0,500.0,99507.0
274,2021-10-20 10:34:15,8200.0,500.0,99007.0
275,2021-10-20 10:34:09,8200.0,500.0,98507.0
276,2021-10-20 10:34:04,8200.0,1000.0,98007.0
277,2021-10-20 10:32:37,8200.0,1000.0,97007.0
278,2021-10-20 10:31:41,8200.0,500.0,96007.0
279,2021-10-20 10:30:49,8300.0,2200.0,95507.0
280,2021-10-20 10:29:48,8200.0,1000.0,93307.0
281,2021-10-20 10:28:41,8200.0,300.0,92307.0
282,2021-10-20 10:27:33,8200.0,100.0,92007.0
283,2021-10-20 10:27:13,8200.0,700.0,91907.0
284,2021-10-20 10:27:07,8200.0,50000.0,91207.0
285,2021-10-20 10:24:50,8200.0,200.0,41207.0
286,2021-10-20 10:24:30,8200.0,1000.0,41007.0
287,2021-10-20 10:23:14,8200.0,100.0,40007.0
288,2021-10-20 10:20:24,8200.0,3800.0,39907.0
289,2021-10-20 10:19:51,8200.0,4000.0,36107.0
290,2021-10-20 10:16:52,8200.0,100.0,32107.0
291,2021-10-20 10:13:29,8100.0,600.0,32007.0
292,2021-10-20 10:09:07,8100.0,5000.0,31407.0
293,2021-10-20 10:08:12,8100.0,400.0,26407.0
294,2021-10-20 10:06:37,8100.0,100.0,26007.0
295,2021-10-20 10:06:09,8100.0,500.0,25907.0
296,2021-10-20 10:05:25,8100.0,2000.0,25407.0
297,2021-10-20 10:02:14,8100.0,600.0,23407.0
298,2021-10-20 09:59:06,8100.0,2000.0,22807.0
299,2021-10-20 09:52:18,8100.0,500.0,20807.0
300,2021-10-20 09:51:54,8100.0,100.0,20307.0
301,2021-10-20 09:51:50,8100.0,7.0,20207.0
302,2021-10-20 09:45:33,8100.0,100.0,20200.0
303,2021-10-20 09:43:47,8100.0,3300.0,20100.0
304,2021-10-20 09:40:57,8200.0,1000.0,16800.0
305,2021-10-20 09:28:31,8200.0,800.0,15800.0
306,2021-10-20 09:26:52,8200.0,100.0,15000.0
307,2021-10-20 09:23:59,8200.0,100.0,14900.0
308,2021-10-20 09:23:43,8100.0,100.0,14800.0
309,2021-10-20 09:23:30,8100.0,2800.0,14700.0
310,2021-10-20 09:15:50,8100.0,1800.0,11900.0
311,2021-10-20 09:12:51,8000.0,5000.0,10100.0
312,2021-10-20 09:12:13,8000.0,4900.0,5100.0
313,2021-10-20 09:09:19,8100.0,100.0,200.0
314,2021-10-20 09:06:08,8100.0,100.0,100.0
