,Time,Price,Volume_per_trade,Volume
0,2021-10-18 07:45:00,5100.0,100.0,79900.0
1,2021-10-18 07:45:00,5100.0,500.0,79800.0
2,2021-10-18 07:45:00,5100.0,500.0,79300.0
3,2021-10-18 07:19:57,5180.0,200.0,78800.0
4,2021-10-18 07:19:57,5180.0,400.0,78600.0
5,2021-10-18 07:19:57,5180.0,1300.0,78200.0
6,2021-10-18 07:18:05,5180.0,100.0,76900.0
7,2021-10-18 07:17:02,5100.0,200.0,76800.0
8,2021-10-18 07:14:27,5180.0,200.0,76600.0
9,2021-10-18 07:09:32,5180.0,200.0,76400.0
10,2021-10-18 07:09:21,5100.0,3200.0,76200.0
11,2021-10-18 07:09:21,5100.0,1000.0,73000.0
12,2021-10-18 07:09:21,5100.0,2600.0,72000.0
13,2021-10-18 07:09:21,5100.0,1000.0,69400.0
14,2021-10-18 07:09:21,5100.0,1700.0,68400.0
15,2021-10-18 07:07:34,5180.0,100.0,66700.0
16,2021-10-18 07:02:08,5180.0,100.0,66600.0
17,2021-10-18 06:55:22,5200.0,2600.0,66500.0
18,2021-10-18 06:55:22,5200.0,100.0,63900.0
19,2021-10-18 06:55:22,5190.0,1000.0,63800.0
20,2021-10-18 06:55:22,5180.0,1000.0,62800.0
21,2021-10-18 06:55:22,5180.0,100.0,61800.0
22,2021-10-18 06:55:22,5150.0,200.0,61700.0
23,2021-10-18 06:48:32,5150.0,2000.0,61500.0
24,2021-10-18 06:43:25,5150.0,2000.0,59500.0
25,2021-10-18 06:43:25,5150.0,800.0,57500.0
26,2021-10-18 06:43:16,5150.0,100.0,56700.0
27,2021-10-18 06:39:34,5150.0,100.0,56600.0
28,2021-10-18 06:39:34,5150.0,600.0,56500.0
29,2021-10-18 06:35:24,5150.0,300.0,55900.0
30,2021-10-18 06:35:24,5150.0,2000.0,55600.0
31,2021-10-18 06:35:24,5160.0,1000.0,53600.0
32,2021-10-18 06:30:41,5150.0,100.0,52600.0
33,2021-10-18 06:30:41,5150.0,600.0,52500.0
34,2021-10-18 06:29:26,5150.0,2000.0,51900.0
35,2021-10-18 06:29:20,5150.0,500.0,49900.0
36,2021-10-18 06:29:07,5150.0,4900.0,49400.0
37,2021-10-18 06:29:07,5150.0,100.0,44500.0
38,2021-10-18 06:29:07,5140.0,1000.0,44400.0
39,2021-10-18 06:28:44,5100.0,200.0,43400.0
40,2021-10-18 06:28:44,5100.0,100.0,43200.0
41,2021-10-18 06:27:15,5100.0,200.0,43100.0
42,2021-10-18 06:27:12,5100.0,100.0,42900.0
43,2021-10-18 06:27:12,5100.0,1500.0,42800.0
44,2021-10-18 06:27:12,5100.0,200.0,41300.0
45,2021-10-18 06:27:12,5100.0,200.0,41100.0
46,2021-10-18 06:27:12,5100.0,2000.0,40900.0
47,2021-10-18 06:27:12,5090.0,1000.0,38900.0
48,2021-10-18 06:26:10,5100.0,1000.0,37900.0
49,2021-10-18 06:25:05,5050.0,100.0,36900.0
50,2021-10-18 06:18:58,5000.0,1100.0,36800.0
51,2021-10-18 06:18:58,5000.0,1000.0,35700.0
52,2021-10-18 06:18:58,5000.0,500.0,34700.0
53,2021-10-18 06:11:02,5000.0,200.0,34200.0
54,2021-10-18 06:11:02,5000.0,300.0,34000.0
55,2021-10-18 06:09:43,5000.0,100.0,33700.0
56,2021-10-18 06:05:42,5000.0,200.0,33600.0
57,2021-10-18 06:05:42,5000.0,200.0,33400.0
58,2021-10-18 06:05:42,5000.0,4900.0,33200.0
59,2021-10-18 06:04:19,5000.0,200.0,28300.0
60,2021-10-18 06:03:08,5000.0,200.0,28100.0
61,2021-10-18 06:00:09,5000.0,100.0,27900.0
62,2021-10-18 06:00:03,5000.0,200.0,27800.0
63,2021-10-18 06:00:00,5050.0,900.0,27600.0
64,2021-10-18 04:24:43,5000.0,1200.0,26700.0
65,2021-10-18 04:07:40,4950.0,400.0,25500.0
66,2021-10-18 04:04:10,5000.0,300.0,25100.0
67,2021-10-18 04:02:08,5000.0,200.0,24800.0
68,2021-10-18 04:02:08,5000.0,1000.0,24600.0
69,2021-10-18 04:02:08,5000.0,2300.0,23600.0
70,2021-10-18 03:55:26,5000.0,1300.0,21300.0
71,2021-10-18 03:53:06,5000.0,200.0,20000.0
72,2021-10-18 03:49:54,5000.0,400.0,19800.0
73,2021-10-18 03:44:18,5000.0,1000.0,19400.0
74,2021-10-18 03:40:31,5000.0,500.0,18400.0
75,2021-10-18 03:40:08,5000.0,700.0,17900.0
76,2021-10-18 03:39:38,5000.0,500.0,17200.0
77,2021-10-18 03:39:38,5000.0,1000.0,16700.0
78,2021-10-18 03:39:38,5000.0,4800.0,15700.0
79,2021-10-18 03:34:27,5000.0,1500.0,10900.0
80,2021-10-18 03:34:07,5000.0,100.0,9400.0
81,2021-10-18 03:33:02,5000.0,500.0,9300.0
82,2021-10-18 03:31:54,5000.0,200.0,8800.0
83,2021-10-18 03:31:54,5000.0,900.0,8600.0
84,2021-10-18 03:31:16,5000.0,900.0,7700.0
85,2021-10-18 03:30:59,5000.0,900.0,6800.0
86,2021-10-18 03:30:59,5000.0,100.0,5900.0
87,2021-10-18 03:30:59,5000.0,100.0,5800.0
88,2021-10-18 03:30:09,5000.0,100.0,5700.0
89,2021-10-18 03:26:36,4900.0,400.0,5600.0
90,2021-10-18 03:14:30,4900.0,200.0,5200.0
91,2021-10-18 03:12:36,4900.0,100.0,5000.0
92,2021-10-18 03:10:23,4900.0,100.0,4900.0
93,2021-10-18 03:06:36,4900.0,100.0,4800.0
94,2021-10-18 03:06:36,4900.0,500.0,4700.0
95,2021-10-18 02:54:24,4900.0,1000.0,4200.0
96,2021-10-18 02:36:36,4900.0,100.0,3200.0
97,2021-10-18 02:27:08,4900.0,200.0,3100.0
98,2021-10-18 02:26:29,4900.0,100.0,2900.0
99,2021-10-18 02:24:25,4900.0,100.0,2800.0
100,2021-10-18 02:20:54,4900.0,300.0,2700.0
101,2021-10-18 02:19:25,4900.0,200.0,2400.0
102,2021-10-18 02:19:21,4900.0,200.0,2200.0
103,2021-10-18 02:19:21,4900.0,100.0,2000.0
104,2021-10-18 02:19:21,4900.0,700.0,1900.0
105,2021-10-18 02:15:00,4900.0,300.0,1200.0
106,2021-10-18 02:15:00,4900.0,100.0,900.0
107,2021-10-18 02:15:00,4900.0,400.0,800.0
108,2021-10-18 02:15:00,4900.0,200.0,400.0
109,2021-10-18 02:15:00,4900.0,100.0,200.0
110,2021-10-18 02:15:00,4900.0,100.0,100.0
