,Time,Price,Volume_per_trade,Volume
0,2021-10-18 07:45:01,57900.0,1000.0,20737100.0
1,2021-10-18 07:45:01,57900.0,100.0,20736100.0
2,2021-10-18 07:45:01,57900.0,100.0,20736000.0
3,2021-10-18 07:45:01,57900.0,100.0,20735900.0
4,2021-10-18 07:45:01,57900.0,3000.0,20735800.0
5,2021-10-18 07:45:01,57900.0,25000.0,20732800.0
6,2021-10-18 07:45:01,57900.0,200.0,20707800.0
7,2021-10-18 07:45:01,57900.0,100.0,20707600.0
8,2021-10-18 07:45:01,57900.0,1000.0,20707500.0
9,2021-10-18 07:45:01,57900.0,400.0,20706500.0
10,2021-10-18 07:45:01,57900.0,500.0,20706100.0
11,2021-10-18 07:45:01,57900.0,300.0,20705600.0
12,2021-10-18 07:45:01,57900.0,200.0,20705300.0
13,2021-10-18 07:45:01,57900.0,4800.0,20705100.0
14,2021-10-18 07:45:01,57900.0,200.0,20700300.0
15,2021-10-18 07:45:01,57900.0,200.0,20700100.0
16,2021-10-18 07:45:01,57900.0,100.0,20699900.0
17,2021-10-18 07:45:01,57900.0,300.0,20699800.0
18,2021-10-18 07:45:01,57900.0,200.0,20699500.0
19,2021-10-18 07:45:01,57900.0,200.0,20699300.0
20,2021-10-18 07:45:01,57900.0,300.0,20699100.0
21,2021-10-18 07:45:01,57900.0,1000.0,20698800.0
22,2021-10-18 07:45:01,57900.0,1000.0,20697800.0
23,2021-10-18 07:45:01,57900.0,100.0,20696800.0
24,2021-10-18 07:45:01,57900.0,200.0,20696700.0
25,2021-10-18 07:45:01,57900.0,600.0,20696500.0
26,2021-10-18 07:45:01,57900.0,300.0,20695900.0
27,2021-10-18 07:45:01,57900.0,1500.0,20695600.0
28,2021-10-18 07:45:01,57900.0,100.0,20694100.0
29,2021-10-18 07:45:01,57900.0,300.0,20694000.0
30,2021-10-18 07:45:01,57900.0,10000.0,20693700.0
31,2021-10-18 07:45:01,57900.0,200.0,20683700.0
32,2021-10-18 07:45:01,57900.0,700.0,20683500.0
33,2021-10-18 07:45:01,57900.0,100.0,20682800.0
34,2021-10-18 07:45:01,57900.0,10000.0,20682700.0
35,2021-10-18 07:45:01,57900.0,600.0,20672700.0
36,2021-10-18 07:45:01,57900.0,5000.0,20672100.0
37,2021-10-18 07:45:01,57900.0,100.0,20667100.0
38,2021-10-18 07:45:01,57900.0,300.0,20667000.0
39,2021-10-18 07:45:01,57900.0,14100.0,20666700.0
40,2021-10-18 07:45:01,57900.0,1400.0,20652600.0
41,2021-10-18 07:45:01,57900.0,2100.0,20651200.0
42,2021-10-18 07:45:01,57900.0,2000.0,20649100.0
43,2021-10-18 07:45:01,57900.0,1000.0,20647100.0
44,2021-10-18 07:45:01,57900.0,1000.0,20646100.0
45,2021-10-18 07:45:01,57900.0,400.0,20645100.0
46,2021-10-18 07:45:01,57900.0,500.0,20644700.0
47,2021-10-18 07:45:01,57900.0,500.0,20644200.0
48,2021-10-18 07:45:01,57900.0,100.0,20643700.0
49,2021-10-18 07:45:01,57900.0,6900.0,20643600.0
50,2021-10-18 07:45:01,57900.0,700.0,20636700.0
51,2021-10-18 07:45:01,57900.0,300.0,20636000.0
52,2021-10-18 07:45:01,57900.0,700.0,20635700.0
53,2021-10-18 07:45:01,57900.0,300.0,20635000.0
54,2021-10-18 07:45:01,57900.0,500.0,20634700.0
55,2021-10-18 07:45:01,57900.0,700.0,20634200.0
56,2021-10-18 07:45:01,57900.0,200.0,20633500.0
57,2021-10-18 07:45:01,57900.0,500.0,20633300.0
58,2021-10-18 07:45:01,57900.0,1000.0,20632800.0
59,2021-10-18 07:45:01,57900.0,200.0,20631800.0
60,2021-10-18 07:45:01,57900.0,200.0,20631600.0
61,2021-10-18 07:45:01,57900.0,1100.0,20631400.0
62,2021-10-18 07:45:01,57900.0,100.0,20630300.0
63,2021-10-18 07:45:01,57900.0,400.0,20630200.0
64,2021-10-18 07:45:01,57900.0,1000.0,20629800.0
65,2021-10-18 07:45:01,57900.0,100.0,20628800.0
66,2021-10-18 07:45:01,57900.0,2000.0,20628700.0
67,2021-10-18 07:45:01,57900.0,1100.0,20626700.0
68,2021-10-18 07:45:01,57900.0,100.0,20625600.0
69,2021-10-18 07:45:01,57900.0,100.0,20625500.0
70,2021-10-18 07:45:01,57900.0,800.0,20625400.0
71,2021-10-18 07:45:01,57900.0,400.0,20624600.0
72,2021-10-18 07:45:01,57900.0,100.0,20624200.0
73,2021-10-18 07:45:01,57900.0,200.0,20624100.0
74,2021-10-18 07:45:01,57900.0,1300.0,20623900.0
75,2021-10-18 07:45:01,57900.0,500.0,20622600.0
76,2021-10-18 07:45:01,57900.0,7900.0,20622100.0
77,2021-10-18 07:45:01,57900.0,100.0,20614200.0
78,2021-10-18 07:45:01,57900.0,7000.0,20614100.0
79,2021-10-18 07:45:01,57900.0,1000.0,20607100.0
80,2021-10-18 07:45:01,57900.0,400.0,20606100.0
81,2021-10-18 07:45:01,57900.0,500.0,20605700.0
82,2021-10-18 07:45:01,57900.0,1000.0,20605200.0
83,2021-10-18 07:45:01,57900.0,200.0,20604200.0
84,2021-10-18 07:45:01,57900.0,200.0,20604000.0
85,2021-10-18 07:45:01,57900.0,2500.0,20603800.0
86,2021-10-18 07:45:01,57900.0,400.0,20601300.0
87,2021-10-18 07:45:01,57900.0,900.0,20600900.0
88,2021-10-18 07:45:01,57900.0,45900.0,20600000.0
89,2021-10-18 07:45:01,57900.0,3700.0,20554100.0
90,2021-10-18 07:45:01,57900.0,50400.0,20550400.0
91,2021-10-18 07:45:01,57900.0,500.0,20500000.0
92,2021-10-18 07:45:01,57900.0,100.0,20499500.0
93,2021-10-18 07:45:01,57900.0,3000.0,20499400.0
94,2021-10-18 07:45:01,57900.0,1000.0,20496400.0
95,2021-10-18 07:45:01,57900.0,1500.0,20495400.0
96,2021-10-18 07:45:01,57900.0,200.0,20493900.0
97,2021-10-18 07:45:01,57900.0,2000.0,20493700.0
98,2021-10-18 07:45:01,57900.0,1000.0,20491700.0
99,2021-10-18 07:45:01,57900.0,300.0,20490700.0
100,2021-10-18 07:45:01,57900.0,700.0,20490400.0
101,2021-10-18 07:45:01,57900.0,1000.0,20489700.0
102,2021-10-18 07:45:01,57900.0,6300.0,20488700.0
103,2021-10-18 07:45:01,57900.0,3100.0,20482400.0
104,2021-10-18 07:45:01,57900.0,200.0,20479300.0
105,2021-10-18 07:45:01,57900.0,100.0,20479100.0
106,2021-10-18 07:45:01,57900.0,100.0,20479000.0
107,2021-10-18 07:45:01,57900.0,2200.0,20478900.0
108,2021-10-18 07:45:01,57900.0,300.0,20476700.0
109,2021-10-18 07:45:01,57900.0,400.0,20476400.0
110,2021-10-18 07:45:01,57900.0,13000.0,20476000.0
111,2021-10-18 07:45:01,57900.0,2000.0,20463000.0
112,2021-10-18 07:45:01,57900.0,100.0,20461000.0
113,2021-10-18 07:45:01,57900.0,2300.0,20460900.0
114,2021-10-18 07:45:01,57900.0,600.0,20458600.0
115,2021-10-18 07:45:01,57900.0,19100.0,20458000.0
116,2021-10-18 07:45:01,57900.0,9000.0,20438900.0
117,2021-10-18 07:45:01,57900.0,500.0,20429900.0
118,2021-10-18 07:45:01,57900.0,200.0,20429400.0
119,2021-10-18 07:45:01,57900.0,200.0,20429200.0
120,2021-10-18 07:45:01,57900.0,5000.0,20429000.0
121,2021-10-18 07:45:01,57900.0,100.0,20424000.0
122,2021-10-18 07:45:01,57900.0,1000.0,20423900.0
123,2021-10-18 07:45:01,57900.0,500.0,20422900.0
124,2021-10-18 07:45:01,57900.0,2000.0,20422400.0
125,2021-10-18 07:45:01,57900.0,700.0,20420400.0
126,2021-10-18 07:45:01,57900.0,100.0,20419700.0
127,2021-10-18 07:45:01,57900.0,300.0,20419600.0
128,2021-10-18 07:45:01,57900.0,2000.0,20419300.0
129,2021-10-18 07:45:01,57900.0,3800.0,20417300.0
130,2021-10-18 07:45:01,57900.0,100.0,20413500.0
131,2021-10-18 07:45:01,57900.0,500.0,20413400.0
132,2021-10-18 07:45:01,57900.0,4900.0,20412900.0
133,2021-10-18 07:45:01,57900.0,2000.0,20408000.0
134,2021-10-18 07:45:01,57900.0,200.0,20406000.0
135,2021-10-18 07:45:01,57900.0,100.0,20405800.0
136,2021-10-18 07:45:01,57900.0,2500.0,20405700.0
137,2021-10-18 07:45:01,57900.0,100.0,20403200.0
138,2021-10-18 07:45:01,57900.0,100.0,20403100.0
139,2021-10-18 07:45:01,57900.0,100.0,20403000.0
140,2021-10-18 07:45:01,57900.0,900.0,20402900.0
141,2021-10-18 07:45:01,57900.0,100.0,20402000.0
142,2021-10-18 07:45:01,57900.0,100.0,20401900.0
143,2021-10-18 07:45:01,57900.0,800.0,20401800.0
144,2021-10-18 07:45:01,57900.0,100.0,20401000.0
145,2021-10-18 07:45:01,57900.0,2000.0,20400900.0
146,2021-10-18 07:45:01,57900.0,200.0,20398900.0
147,2021-10-18 07:45:01,57900.0,200.0,20398700.0
148,2021-10-18 07:45:01,57900.0,3200.0,20398500.0
149,2021-10-18 07:45:01,57900.0,300.0,20395300.0
150,2021-10-18 07:45:01,57900.0,300.0,20395000.0
151,2021-10-18 07:45:01,57900.0,900.0,20394700.0
152,2021-10-18 07:45:01,57900.0,100.0,20393800.0
153,2021-10-18 07:45:01,57900.0,5000.0,20393700.0
154,2021-10-18 07:45:01,57900.0,2000.0,20388700.0
155,2021-10-18 07:45:01,57900.0,1000.0,20386700.0
156,2021-10-18 07:45:01,57900.0,100.0,20385700.0
157,2021-10-18 07:45:01,57900.0,900.0,20385600.0
158,2021-10-18 07:45:01,57900.0,2000.0,20384700.0
159,2021-10-18 07:45:01,57900.0,20000.0,20382700.0
160,2021-10-18 07:45:01,57900.0,200.0,20362700.0
161,2021-10-18 07:45:01,57900.0,100.0,20362500.0
162,2021-10-18 07:45:01,57900.0,6800.0,20362400.0
163,2021-10-18 07:45:01,57900.0,300.0,20355600.0
164,2021-10-18 07:45:01,57900.0,500.0,20355300.0
165,2021-10-18 07:45:01,57900.0,300.0,20354800.0
166,2021-10-18 07:45:01,57900.0,100.0,20354500.0
167,2021-10-18 07:45:01,57900.0,2000.0,20354400.0
168,2021-10-18 07:45:01,57900.0,100.0,20352400.0
169,2021-10-18 07:45:01,57900.0,100.0,20352300.0
170,2021-10-18 07:45:01,57900.0,200.0,20352200.0
171,2021-10-18 07:45:01,57900.0,1000.0,20352000.0
172,2021-10-18 07:45:01,57900.0,100.0,20351000.0
173,2021-10-18 07:45:01,57900.0,200.0,20350900.0
174,2021-10-18 07:45:01,57900.0,300.0,20350700.0
175,2021-10-18 07:45:01,57900.0,400.0,20350400.0
176,2021-10-18 07:45:01,57900.0,100.0,20350000.0
177,2021-10-18 07:45:01,57900.0,900.0,20349900.0
178,2021-10-18 07:45:01,57900.0,2600.0,20349000.0
179,2021-10-18 07:45:01,57900.0,100.0,20346400.0
180,2021-10-18 07:45:01,57900.0,300.0,20346300.0
181,2021-10-18 07:45:01,57900.0,6800.0,20346000.0
182,2021-10-18 07:45:01,57900.0,500.0,20339200.0
183,2021-10-18 07:45:01,57900.0,400.0,20338700.0
184,2021-10-18 07:45:01,57900.0,100.0,20338300.0
185,2021-10-18 07:45:01,57900.0,2000.0,20338200.0
186,2021-10-18 07:45:01,57900.0,200.0,20336200.0
187,2021-10-18 07:45:01,57900.0,3000.0,20336000.0
188,2021-10-18 07:45:01,57900.0,400.0,20333000.0
189,2021-10-18 07:45:01,57900.0,100.0,20332600.0
190,2021-10-18 07:45:01,57900.0,2000.0,20332500.0
191,2021-10-18 07:45:01,57900.0,1000.0,20330500.0
192,2021-10-18 07:45:01,57900.0,2000.0,20329500.0
193,2021-10-18 07:45:01,57900.0,300.0,20327500.0
194,2021-10-18 07:45:01,57900.0,300.0,20327200.0
195,2021-10-18 07:45:01,57900.0,100.0,20326900.0
196,2021-10-18 07:45:01,57900.0,600.0,20326800.0
197,2021-10-18 07:45:01,57900.0,2000.0,20326200.0
198,2021-10-18 07:45:01,57900.0,100.0,20324200.0
199,2021-10-18 07:45:01,57900.0,1000.0,20324100.0
200,2021-10-18 07:45:01,57900.0,2000.0,20323100.0
201,2021-10-18 07:45:01,57900.0,100.0,20321100.0
202,2021-10-18 07:45:01,57900.0,100.0,20321000.0
203,2021-10-18 07:45:01,57900.0,500.0,20320900.0
204,2021-10-18 07:45:01,57900.0,400.0,20320400.0
205,2021-10-18 07:45:01,57900.0,200.0,20320000.0
206,2021-10-18 07:45:01,57900.0,100.0,20319800.0
207,2021-10-18 07:45:01,57900.0,200.0,20319700.0
208,2021-10-18 07:45:01,57900.0,1000.0,20319500.0
209,2021-10-18 07:45:01,57900.0,100.0,20318500.0
210,2021-10-18 07:45:01,57900.0,400.0,20318400.0
211,2021-10-18 07:45:01,57900.0,20000.0,20318000.0
212,2021-10-18 07:45:01,57900.0,200.0,20298000.0
213,2021-10-18 07:45:01,57900.0,30000.0,20297800.0
214,2021-10-18 07:45:01,57900.0,1000.0,20267800.0
215,2021-10-18 07:45:01,57900.0,12400.0,20266800.0
216,2021-10-18 07:45:01,57900.0,200.0,20254400.0
217,2021-10-18 07:45:01,57900.0,25400.0,20254200.0
218,2021-10-18 07:45:01,57900.0,2000.0,20228800.0
219,2021-10-18 07:45:01,57900.0,50000.0,20226800.0
220,2021-10-18 07:45:01,57900.0,200.0,20176800.0
221,2021-10-18 07:45:01,57900.0,200.0,20176600.0
222,2021-10-18 07:45:01,57900.0,2000.0,20176400.0
223,2021-10-18 07:45:01,57900.0,100.0,20174400.0
224,2021-10-18 07:45:01,57900.0,1000.0,20174300.0
225,2021-10-18 07:45:01,57900.0,600.0,20173300.0
226,2021-10-18 07:45:01,57900.0,10000.0,20172700.0
227,2021-10-18 07:45:01,57900.0,20100.0,20162700.0
228,2021-10-18 07:45:01,57900.0,8400.0,20142600.0
229,2021-10-18 07:45:01,57900.0,100.0,20134200.0
230,2021-10-18 07:45:01,57900.0,500.0,20134100.0
231,2021-10-18 07:45:01,57900.0,100.0,20133600.0
232,2021-10-18 07:45:01,57900.0,300.0,20133500.0
233,2021-10-18 07:45:01,57900.0,4500.0,20133200.0
234,2021-10-18 07:45:01,57900.0,5000.0,20128700.0
235,2021-10-18 07:45:01,57900.0,10000.0,20123700.0
236,2021-10-18 07:45:01,57900.0,2000.0,20113700.0
237,2021-10-18 07:45:01,57900.0,20000.0,20111700.0
238,2021-10-18 07:45:01,57900.0,100.0,20091700.0
239,2021-10-18 07:45:01,57900.0,100.0,20091600.0
240,2021-10-18 07:45:01,57900.0,500.0,20091500.0
241,2021-10-18 07:45:01,57900.0,500.0,20091000.0
242,2021-10-18 07:45:01,57900.0,3000.0,20090500.0
243,2021-10-18 07:45:01,57900.0,10000.0,20087500.0
244,2021-10-18 07:45:01,57900.0,200.0,20077500.0
245,2021-10-18 07:45:01,57900.0,100.0,20077300.0
246,2021-10-18 07:45:01,57900.0,10000.0,20077200.0
247,2021-10-18 07:45:01,57900.0,100.0,20067200.0
248,2021-10-18 07:45:01,57900.0,100.0,20067100.0
249,2021-10-18 07:45:01,57900.0,200.0,20067000.0
250,2021-10-18 07:45:01,57900.0,200.0,20066800.0
251,2021-10-18 07:45:01,57900.0,200.0,20066600.0
252,2021-10-18 07:45:01,57900.0,100.0,20066400.0
253,2021-10-18 07:45:01,57900.0,500.0,20066300.0
254,2021-10-18 07:45:01,57900.0,1300.0,20065800.0
255,2021-10-18 07:45:01,57900.0,2000.0,20064500.0
256,2021-10-18 07:45:01,57900.0,100.0,20062500.0
257,2021-10-18 07:45:01,57900.0,500.0,20062400.0
258,2021-10-18 07:45:01,57900.0,500.0,20061900.0
259,2021-10-18 07:45:01,57900.0,1000.0,20061400.0
260,2021-10-18 07:45:01,57900.0,1000.0,20060400.0
261,2021-10-18 07:45:01,57900.0,100.0,20059400.0
262,2021-10-18 07:45:01,57900.0,300.0,20059300.0
263,2021-10-18 07:45:01,57900.0,100.0,20059000.0
264,2021-10-18 07:45:01,57900.0,6300.0,20058900.0
265,2021-10-18 07:45:01,57900.0,100.0,20052600.0
266,2021-10-18 07:45:01,57900.0,500.0,20052500.0
267,2021-10-18 07:45:01,57900.0,100.0,20052000.0
268,2021-10-18 07:45:01,57900.0,200.0,20051900.0
269,2021-10-18 07:45:01,57900.0,100.0,20051700.0
270,2021-10-18 07:45:01,57900.0,3000.0,20051600.0
271,2021-10-18 07:45:01,57900.0,1500.0,20048600.0
272,2021-10-18 07:45:01,57900.0,100.0,20047100.0
273,2021-10-18 07:45:01,57900.0,100.0,20047000.0
274,2021-10-18 07:45:01,57900.0,400.0,20046900.0
275,2021-10-18 07:45:01,57900.0,3000.0,20046500.0
276,2021-10-18 07:45:01,57900.0,4600.0,20043500.0
277,2021-10-18 07:45:01,57900.0,300.0,20038900.0
278,2021-10-18 07:45:01,57900.0,100.0,20038600.0
279,2021-10-18 07:45:01,57900.0,100.0,20038500.0
280,2021-10-18 07:45:01,57900.0,3000.0,20038400.0
281,2021-10-18 07:45:01,57900.0,100.0,20035400.0
282,2021-10-18 07:45:01,57900.0,200.0,20035300.0
283,2021-10-18 07:45:01,57900.0,500.0,20035100.0
284,2021-10-18 07:45:01,57900.0,100.0,20034600.0
285,2021-10-18 07:45:01,57900.0,300.0,20034500.0
286,2021-10-18 07:45:01,57900.0,200.0,20034200.0
287,2021-10-18 07:45:01,57900.0,900.0,20034000.0
288,2021-10-18 07:45:01,57900.0,1600.0,20033100.0
289,2021-10-18 07:45:01,57900.0,200.0,20031500.0
290,2021-10-18 07:45:01,57900.0,1000.0,20031300.0
291,2021-10-18 07:45:01,57900.0,500.0,20030300.0
292,2021-10-18 07:45:01,57900.0,5300.0,20029800.0
293,2021-10-18 07:45:01,57900.0,15000.0,20024500.0
294,2021-10-18 07:45:01,57900.0,500.0,20009500.0
295,2021-10-18 07:45:01,57900.0,500.0,20009000.0
296,2021-10-18 07:45:01,57900.0,100.0,20008500.0
297,2021-10-18 07:45:01,57900.0,1000.0,20008400.0
298,2021-10-18 07:45:01,57900.0,20000.0,20007400.0
299,2021-10-18 07:45:01,57900.0,100.0,19987400.0
300,2021-10-18 07:45:01,57900.0,100.0,19987300.0
301,2021-10-18 07:45:01,57900.0,100.0,19987200.0
302,2021-10-18 07:45:01,57900.0,500.0,19987100.0
303,2021-10-18 07:45:01,57900.0,100.0,19986600.0
304,2021-10-18 07:45:01,57900.0,200.0,19986500.0
305,2021-10-18 07:45:01,57900.0,100.0,19986300.0
306,2021-10-18 07:45:01,57900.0,1000.0,19986200.0
307,2021-10-18 07:45:01,57900.0,2000.0,19985200.0
308,2021-10-18 07:45:01,57900.0,1000.0,19983200.0
309,2021-10-18 07:45:01,57900.0,2000.0,19982200.0
310,2021-10-18 07:45:01,57900.0,33500.0,19980200.0
311,2021-10-18 07:45:01,57900.0,6300.0,19946700.0
312,2021-10-18 07:45:01,57900.0,200.0,19940400.0
313,2021-10-18 07:45:01,57900.0,100.0,19940200.0
314,2021-10-18 07:45:01,57900.0,900.0,19940100.0
315,2021-10-18 07:45:01,57900.0,500.0,19939200.0
316,2021-10-18 07:45:01,57900.0,200.0,19938700.0
317,2021-10-18 07:45:01,57900.0,4000.0,19938500.0
318,2021-10-18 07:45:01,57900.0,700.0,19934500.0
319,2021-10-18 07:45:01,57900.0,200.0,19933800.0
320,2021-10-18 07:45:01,57900.0,100.0,19933600.0
321,2021-10-18 07:45:01,57900.0,100.0,19933500.0
322,2021-10-18 07:45:01,57900.0,100.0,19933400.0
323,2021-10-18 07:45:01,57900.0,200.0,19933300.0
324,2021-10-18 07:45:01,57900.0,100.0,19933100.0
325,2021-10-18 07:45:01,57900.0,200.0,19933000.0
326,2021-10-18 07:29:59,57800.0,100.0,19932800.0
327,2021-10-18 07:29:59,57800.0,2800.0,19932700.0
328,2021-10-18 07:29:59,57800.0,1300.0,19929900.0
329,2021-10-18 07:29:59,57800.0,5900.0,19928600.0
330,2021-10-18 07:29:59,57800.0,300.0,19922700.0
331,2021-10-18 07:29:57,57800.0,200.0,19922400.0
332,2021-10-18 07:29:56,57700.0,4500.0,19922200.0
333,2021-10-18 07:29:56,57700.0,500.0,19917700.0
334,2021-10-18 07:29:56,57800.0,2300.0,19917200.0
335,2021-10-18 07:29:56,57800.0,200.0,19914900.0
336,2021-10-18 07:29:56,57800.0,2000.0,19914700.0
337,2021-10-18 07:29:56,57800.0,1000.0,19912700.0
338,2021-10-18 07:29:56,57800.0,1000.0,19911700.0
339,2021-10-18 07:29:56,57800.0,100.0,19910700.0
340,2021-10-18 07:29:56,57800.0,1300.0,19910600.0
341,2021-10-18 07:29:56,57800.0,200.0,19909300.0
342,2021-10-18 07:29:56,57800.0,100.0,19909100.0
343,2021-10-18 07:29:56,57800.0,1000.0,19909000.0
344,2021-10-18 07:29:56,57800.0,100.0,19908000.0
345,2021-10-18 07:29:56,57800.0,100.0,19907900.0
346,2021-10-18 07:29:56,57800.0,300.0,19907800.0
347,2021-10-18 07:29:56,57800.0,1300.0,19907500.0
348,2021-10-18 07:29:56,57800.0,1200.0,19906200.0
349,2021-10-18 07:29:56,57800.0,1100.0,19905000.0
350,2021-10-18 07:29:56,57800.0,1900.0,19903900.0
351,2021-10-18 07:29:56,57800.0,34800.0,19902000.0
352,2021-10-18 07:29:55,57800.0,2000.0,19867200.0
353,2021-10-18 07:29:54,57800.0,400.0,19865200.0
354,2021-10-18 07:29:53,57700.0,500.0,19864800.0
355,2021-10-18 07:29:53,57700.0,200.0,19864300.0
356,2021-10-18 07:29:53,57700.0,500.0,19864100.0
357,2021-10-18 07:29:53,57700.0,1000.0,19863600.0
358,2021-10-18 07:29:53,57700.0,200.0,19862600.0
359,2021-10-18 07:29:53,57700.0,5000.0,19862400.0
360,2021-10-18 07:29:53,57700.0,100.0,19857400.0
361,2021-10-18 07:29:53,57700.0,100.0,19857300.0
362,2021-10-18 07:29:53,57700.0,100.0,19857200.0
363,2021-10-18 07:29:53,57700.0,100.0,19857100.0
364,2021-10-18 07:29:53,57700.0,100.0,19857000.0
365,2021-10-18 07:29:53,57700.0,1000.0,19856900.0
366,2021-10-18 07:29:53,57700.0,100.0,19855900.0
367,2021-10-18 07:29:52,57800.0,800.0,19855800.0
368,2021-10-18 07:29:51,57700.0,100.0,19855000.0
369,2021-10-18 07:29:51,57700.0,900.0,19854900.0
370,2021-10-18 07:29:51,57700.0,900.0,19854000.0
371,2021-10-18 07:29:50,57800.0,4000.0,19853100.0
372,2021-10-18 07:29:47,57700.0,1500.0,19849100.0
373,2021-10-18 07:29:45,57700.0,1000.0,19847600.0
374,2021-10-18 07:29:44,57700.0,200.0,19846600.0
375,2021-10-18 07:29:43,57700.0,100.0,19846400.0
376,2021-10-18 07:29:42,57700.0,800.0,19846300.0
377,2021-10-18 07:29:42,57800.0,10000.0,19845500.0
378,2021-10-18 07:29:41,57800.0,1900.0,19835500.0
379,2021-10-18 07:29:40,57800.0,200.0,19833600.0
380,2021-10-18 07:29:38,57800.0,100.0,19833400.0
381,2021-10-18 07:29:37,57700.0,400.0,19833300.0
382,2021-10-18 07:29:35,57800.0,500.0,19832900.0
383,2021-10-18 07:29:34,57800.0,1800.0,19832400.0
384,2021-10-18 07:29:33,57800.0,300.0,19830600.0
385,2021-10-18 07:29:33,57700.0,300.0,19830300.0
386,2021-10-18 07:29:29,57800.0,500.0,19830000.0
387,2021-10-18 07:29:28,57800.0,300.0,19829500.0
388,2021-10-18 07:29:27,57700.0,200.0,19829200.0
389,2021-10-18 07:29:27,57800.0,100.0,19829000.0
390,2021-10-18 07:29:25,57800.0,500.0,19828900.0
391,2021-10-18 07:29:25,57800.0,1000.0,19828400.0
392,2021-10-18 07:29:24,57800.0,1200.0,19827400.0
393,2021-10-18 07:29:24,57700.0,600.0,19826200.0
394,2021-10-18 07:29:21,57800.0,100.0,19825600.0
395,2021-10-18 07:29:16,57800.0,300.0,19825500.0
396,2021-10-18 07:29:16,57700.0,100.0,19825200.0
397,2021-10-18 07:29:15,57800.0,3000.0,19825100.0
398,2021-10-18 07:29:14,57700.0,1500.0,19822100.0
399,2021-10-18 07:29:12,57800.0,400.0,19820600.0
400,2021-10-18 07:29:12,57800.0,700.0,19820200.0
401,2021-10-18 07:29:11,57800.0,1700.0,19819500.0
402,2021-10-18 07:29:10,57700.0,100.0,19817800.0
403,2021-10-18 07:29:09,57800.0,6000.0,19817700.0
404,2021-10-18 07:29:06,57700.0,1000.0,19811700.0
405,2021-10-18 07:29:04,57700.0,200.0,19810700.0
406,2021-10-18 07:29:02,57800.0,100.0,19810500.0
407,2021-10-18 07:28:59,57700.0,20000.0,19810400.0
408,2021-10-18 07:28:59,57700.0,500.0,19790400.0
409,2021-10-18 07:28:59,57800.0,1500.0,19789900.0
410,2021-10-18 07:28:57,57700.0,500.0,19788400.0
411,2021-10-18 07:28:56,57700.0,200.0,19787900.0
412,2021-10-18 07:28:55,57800.0,400.0,19787700.0
413,2021-10-18 07:28:54,57700.0,100.0,19787300.0
414,2021-10-18 07:28:50,57800.0,1400.0,19787200.0
415,2021-10-18 07:28:49,57700.0,400.0,19785800.0
416,2021-10-18 07:28:47,57800.0,5000.0,19785400.0
417,2021-10-18 07:28:47,57700.0,100.0,19780400.0
418,2021-10-18 07:28:45,57700.0,1000.0,19780300.0
419,2021-10-18 07:28:44,57800.0,100.0,19779300.0
420,2021-10-18 07:28:42,57800.0,100.0,19779200.0
421,2021-10-18 07:28:42,57700.0,600.0,19779100.0
422,2021-10-18 07:28:38,57700.0,1000.0,19778500.0
423,2021-10-18 07:28:38,57700.0,2000.0,19777500.0
424,2021-10-18 07:28:38,57800.0,400.0,19775500.0
425,2021-10-18 07:28:37,57800.0,2000.0,19775100.0
426,2021-10-18 07:28:36,57800.0,600.0,19773100.0
427,2021-10-18 07:28:36,57700.0,1000.0,19772500.0
428,2021-10-18 07:28:34,57800.0,1000.0,19771500.0
429,2021-10-18 07:28:32,57700.0,100.0,19770500.0
430,2021-10-18 07:28:31,57800.0,100.0,19770400.0
431,2021-10-18 07:28:28,57800.0,500.0,19770300.0
432,2021-10-18 07:28:27,57700.0,1000.0,19769800.0
433,2021-10-18 07:28:27,57800.0,500.0,19768800.0
434,2021-10-18 07:28:26,57700.0,1500.0,19768300.0
435,2021-10-18 07:28:25,57700.0,1000.0,19766800.0
436,2021-10-18 07:28:24,57800.0,1000.0,19765800.0
437,2021-10-18 07:28:23,57800.0,200.0,19764800.0
438,2021-10-18 07:28:22,57800.0,200.0,19764600.0
439,2021-10-18 07:28:20,57800.0,200.0,19764400.0
440,2021-10-18 07:28:17,57800.0,100.0,19764200.0
441,2021-10-18 07:28:16,57800.0,400.0,19764100.0
442,2021-10-18 07:28:16,57800.0,600.0,19763700.0
443,2021-10-18 07:28:15,57800.0,700.0,19763100.0
444,2021-10-18 07:28:15,57800.0,300.0,19762400.0
445,2021-10-18 07:28:10,57800.0,500.0,19762100.0
446,2021-10-18 07:28:10,57800.0,200.0,19761600.0
447,2021-10-18 07:28:10,57800.0,1300.0,19761400.0
448,2021-10-18 07:28:10,57800.0,100.0,19760100.0
449,2021-10-18 07:28:07,57700.0,300.0,19760000.0
450,2021-10-18 07:28:04,57700.0,1000.0,19759700.0
451,2021-10-18 07:28:03,57700.0,2000.0,19758700.0
452,2021-10-18 07:28:01,57700.0,1000.0,19756700.0
453,2021-10-18 07:28:01,57800.0,1500.0,19755700.0
454,2021-10-18 07:27:56,57800.0,1900.0,19754200.0
455,2021-10-18 07:27:56,57700.0,2000.0,19752300.0
456,2021-10-18 07:27:51,57800.0,400.0,19750300.0
457,2021-10-18 07:27:51,57800.0,700.0,19749900.0
458,2021-10-18 07:27:51,57800.0,100.0,19749200.0
459,2021-10-18 07:27:51,57800.0,400.0,19749100.0
460,2021-10-18 07:27:51,57800.0,2900.0,19748700.0
461,2021-10-18 07:27:51,57800.0,400.0,19745800.0
462,2021-10-18 07:27:51,57800.0,400.0,19745400.0
463,2021-10-18 07:27:48,57700.0,200.0,19745000.0
464,2021-10-18 07:27:48,57800.0,100.0,19744800.0
465,2021-10-18 07:27:46,57700.0,600.0,19744700.0
466,2021-10-18 07:27:42,57800.0,200.0,19744100.0
467,2021-10-18 07:27:42,57700.0,500.0,19743900.0
468,2021-10-18 07:27:39,57800.0,1000.0,19743400.0
469,2021-10-18 07:27:38,57700.0,100.0,19742400.0
470,2021-10-18 07:27:36,57700.0,10000.0,19742300.0
471,2021-10-18 07:27:35,57700.0,500.0,19732300.0
472,2021-10-18 07:27:35,57700.0,3000.0,19731800.0
473,2021-10-18 07:27:34,57700.0,10000.0,19728800.0
474,2021-10-18 07:27:34,57800.0,300.0,19718800.0
475,2021-10-18 07:27:34,57700.0,200.0,19718500.0
476,2021-10-18 07:27:32,57700.0,400.0,19718300.0
477,2021-10-18 07:27:30,57700.0,10000.0,19717900.0
478,2021-10-18 07:27:27,57700.0,100.0,19707900.0
479,2021-10-18 07:27:20,57700.0,300.0,19707800.0
480,2021-10-18 07:27:19,57700.0,5500.0,19707500.0
481,2021-10-18 07:27:19,57700.0,100.0,19702000.0
482,2021-10-18 07:27:18,57800.0,1000.0,19701900.0
483,2021-10-18 07:27:17,57700.0,100.0,19700900.0
484,2021-10-18 07:27:16,57700.0,500.0,19700800.0
485,2021-10-18 07:27:09,57700.0,900.0,19700300.0
486,2021-10-18 07:27:09,57800.0,2000.0,19699400.0
487,2021-10-18 07:27:08,57700.0,100.0,19697400.0
488,2021-10-18 07:27:06,57800.0,400.0,19697300.0
489,2021-10-18 07:27:06,57800.0,3000.0,19696900.0
490,2021-10-18 07:27:06,57800.0,1600.0,19693900.0
491,2021-10-18 07:27:05,57700.0,2000.0,19692300.0
492,2021-10-18 07:27:04,57800.0,100.0,19690300.0
493,2021-10-18 07:27:03,57700.0,1000.0,19690200.0
494,2021-10-18 07:27:01,57700.0,20000.0,19689200.0
495,2021-10-18 07:26:58,57800.0,1800.0,19669200.0
496,2021-10-18 07:26:58,57800.0,1000.0,19667400.0
497,2021-10-18 07:26:58,57800.0,100.0,19666400.0
498,2021-10-18 07:26:58,57800.0,1000.0,19666300.0
499,2021-10-18 07:26:58,57800.0,1100.0,19665300.0
500,2021-10-18 07:26:57,57700.0,100.0,19664200.0
501,2021-10-18 07:26:57,57800.0,200.0,19664100.0
502,2021-10-18 07:26:56,57700.0,1000.0,19663900.0
503,2021-10-18 07:26:56,57800.0,1100.0,19662900.0
504,2021-10-18 07:26:54,57800.0,1000.0,19661800.0
505,2021-10-18 07:26:51,57800.0,100.0,19660800.0
506,2021-10-18 07:26:48,57700.0,200.0,19660700.0
507,2021-10-18 07:26:47,57700.0,5000.0,19660500.0
508,2021-10-18 07:26:45,57700.0,200.0,19655500.0
509,2021-10-18 07:26:43,57800.0,2700.0,19655300.0
510,2021-10-18 07:26:42,57800.0,3800.0,19652600.0
511,2021-10-18 07:26:42,57800.0,2200.0,19648800.0
512,2021-10-18 07:26:41,57800.0,100.0,19646600.0
513,2021-10-18 07:26:41,57700.0,300.0,19646500.0
514,2021-10-18 07:26:41,57800.0,100.0,19646200.0
515,2021-10-18 07:26:40,57700.0,6100.0,19646100.0
516,2021-10-18 07:26:39,57800.0,300.0,19640000.0
517,2021-10-18 07:26:39,57700.0,600.0,19639700.0
518,2021-10-18 07:26:38,57800.0,300.0,19639100.0
519,2021-10-18 07:26:38,57800.0,13700.0,19638800.0
520,2021-10-18 07:26:38,57800.0,7300.0,19625100.0
521,2021-10-18 07:26:38,57800.0,4700.0,19617800.0
522,2021-10-18 07:26:31,57700.0,200.0,19613100.0
523,2021-10-18 07:26:30,57800.0,1000.0,19612900.0
524,2021-10-18 07:26:29,57700.0,1000.0,19611900.0
525,2021-10-18 07:26:26,57700.0,1000.0,19610900.0
526,2021-10-18 07:26:25,57700.0,20000.0,19609900.0
527,2021-10-18 07:26:21,57700.0,200.0,19589900.0
528,2021-10-18 07:26:20,57700.0,900.0,19589700.0
529,2021-10-18 07:26:20,57700.0,100.0,19588800.0
530,2021-10-18 07:26:20,57700.0,500.0,19588700.0
531,2021-10-18 07:26:20,57700.0,1000.0,19588200.0
532,2021-10-18 07:26:20,57700.0,100.0,19587200.0
533,2021-10-18 07:26:20,57700.0,1900.0,19587100.0
534,2021-10-18 07:26:18,57700.0,100.0,19585200.0
535,2021-10-18 07:26:18,57700.0,1500.0,19585100.0
536,2021-10-18 07:26:17,57800.0,1000.0,19583600.0
537,2021-10-18 07:26:16,57800.0,100.0,19582600.0
538,2021-10-18 07:26:12,57800.0,400.0,19582500.0
539,2021-10-18 07:26:10,57800.0,200.0,19582100.0
540,2021-10-18 07:26:09,57800.0,300.0,19581900.0
541,2021-10-18 07:26:04,57800.0,900.0,19581600.0
542,2021-10-18 07:26:04,57800.0,1400.0,19580700.0
543,2021-10-18 07:26:04,57800.0,1200.0,19579300.0
544,2021-10-18 07:26:01,57800.0,1000.0,19578100.0
545,2021-10-18 07:26:01,57700.0,200.0,19577100.0
546,2021-10-18 07:26:01,57700.0,100.0,19576900.0
547,2021-10-18 07:26:01,57700.0,1000.0,19576800.0
548,2021-10-18 07:26:01,57700.0,3000.0,19575800.0
549,2021-10-18 07:26:01,57700.0,500.0,19572800.0
550,2021-10-18 07:26:01,57700.0,100.0,19572300.0
551,2021-10-18 07:26:01,57700.0,2100.0,19572200.0
552,2021-10-18 07:26:00,57700.0,100.0,19570100.0
553,2021-10-18 07:25:59,57800.0,500.0,19570000.0
554,2021-10-18 07:25:58,57700.0,800.0,19569500.0
555,2021-10-18 07:25:58,57700.0,200.0,19568700.0
556,2021-10-18 07:25:58,57700.0,200.0,19568500.0
557,2021-10-18 07:25:55,57800.0,100.0,19568300.0
558,2021-10-18 07:25:54,57800.0,800.0,19568200.0
559,2021-10-18 07:25:54,57700.0,100.0,19567400.0
560,2021-10-18 07:25:48,57800.0,100.0,19567300.0
561,2021-10-18 07:25:43,57800.0,900.0,19567200.0
562,2021-10-18 07:25:41,57800.0,800.0,19566300.0
563,2021-10-18 07:25:37,57700.0,200.0,19565500.0
564,2021-10-18 07:25:36,57700.0,100.0,19565300.0
565,2021-10-18 07:25:36,57800.0,200.0,19565200.0
566,2021-10-18 07:25:36,57800.0,100.0,19565000.0
567,2021-10-18 07:25:36,57800.0,200.0,19564900.0
568,2021-10-18 07:25:36,57800.0,100.0,19564700.0
569,2021-10-18 07:25:36,57800.0,500.0,19564600.0
570,2021-10-18 07:25:36,57800.0,100.0,19564100.0
571,2021-10-18 07:25:36,57800.0,2700.0,19564000.0
572,2021-10-18 07:25:36,57800.0,700.0,19561300.0
573,2021-10-18 07:25:35,57800.0,200.0,19560600.0
574,2021-10-18 07:25:34,57800.0,200.0,19560400.0
575,2021-10-18 07:25:33,57800.0,600.0,19560200.0
576,2021-10-18 07:25:33,57800.0,5000.0,19559600.0
577,2021-10-18 07:25:32,57800.0,2000.0,19554600.0
578,2021-10-18 07:25:32,57800.0,11100.0,19552600.0
579,2021-10-18 07:25:31,57800.0,200.0,19541500.0
580,2021-10-18 07:25:31,57800.0,100.0,19541300.0
581,2021-10-18 07:25:29,57800.0,200.0,19541200.0
582,2021-10-18 07:25:29,57800.0,100.0,19541000.0
583,2021-10-18 07:25:29,57800.0,100.0,19540900.0
584,2021-10-18 07:25:27,57800.0,200.0,19540800.0
585,2021-10-18 07:25:27,57800.0,300.0,19540600.0
586,2021-10-18 07:25:27,57800.0,200.0,19540300.0
587,2021-10-18 07:25:27,57800.0,100.0,19540100.0
588,2021-10-18 07:25:26,57800.0,100.0,19540000.0
589,2021-10-18 07:25:26,57800.0,800.0,19539900.0
590,2021-10-18 07:25:26,57800.0,100.0,19539100.0
591,2021-10-18 07:25:26,57800.0,2000.0,19539000.0
592,2021-10-18 07:25:26,57800.0,100.0,19537000.0
593,2021-10-18 07:25:26,57800.0,200.0,19536900.0
594,2021-10-18 07:25:26,57800.0,6800.0,19536700.0
595,2021-10-18 07:25:24,57800.0,200.0,19529900.0
596,2021-10-18 07:25:23,57800.0,3000.0,19529700.0
597,2021-10-18 07:25:23,57800.0,500.0,19526700.0
598,2021-10-18 07:25:23,57800.0,500.0,19526200.0
599,2021-10-18 07:25:23,57900.0,100.0,19525700.0
600,2021-10-18 07:25:22,57800.0,100.0,19525600.0
601,2021-10-18 07:25:22,57800.0,1000.0,19525500.0
602,2021-10-18 07:25:21,57800.0,600.0,19524500.0
603,2021-10-18 07:25:20,57800.0,300.0,19523900.0
604,2021-10-18 07:25:18,57800.0,6800.0,19523600.0
605,2021-10-18 07:25:17,57800.0,700.0,19516800.0
606,2021-10-18 07:25:17,57800.0,200.0,19516100.0
607,2021-10-18 07:25:17,57800.0,500.0,19515900.0
608,2021-10-18 07:25:17,57800.0,100.0,19515400.0
609,2021-10-18 07:25:16,57800.0,500.0,19515300.0
610,2021-10-18 07:25:16,57900.0,500.0,19514800.0
611,2021-10-18 07:25:16,57900.0,20000.0,19514300.0
612,2021-10-18 07:25:16,57900.0,500.0,19494300.0
613,2021-10-18 07:25:16,57900.0,200.0,19493800.0
614,2021-10-18 07:25:16,57900.0,1400.0,19493600.0
615,2021-10-18 07:25:16,57900.0,100.0,19492200.0
616,2021-10-18 07:25:16,57900.0,500.0,19492100.0
617,2021-10-18 07:25:16,57900.0,100.0,19491600.0
618,2021-10-18 07:25:16,57900.0,100.0,19491500.0
619,2021-10-18 07:25:16,57900.0,200.0,19491400.0
620,2021-10-18 07:25:16,57900.0,500.0,19491200.0
621,2021-10-18 07:25:16,57900.0,5900.0,19490700.0
622,2021-10-18 07:25:15,57800.0,10000.0,19484800.0
623,2021-10-18 07:25:15,57800.0,800.0,19474800.0
624,2021-10-18 07:25:14,57800.0,3700.0,19474000.0
625,2021-10-18 07:25:14,57800.0,2400.0,19470300.0
626,2021-10-18 07:25:14,57800.0,600.0,19467900.0
627,2021-10-18 07:25:14,57800.0,2700.0,19467300.0
628,2021-10-18 07:25:14,57800.0,900.0,19464600.0
629,2021-10-18 07:25:14,57800.0,5000.0,19463700.0
630,2021-10-18 07:25:14,57800.0,100.0,19458700.0
631,2021-10-18 07:25:14,57800.0,600.0,19458600.0
632,2021-10-18 07:25:13,57800.0,100.0,19458000.0
633,2021-10-18 07:25:12,57800.0,200.0,19457900.0
634,2021-10-18 07:25:11,57800.0,600.0,19457700.0
635,2021-10-18 07:25:11,57800.0,200.0,19457100.0
636,2021-10-18 07:25:11,57800.0,600.0,19456900.0
637,2021-10-18 07:25:11,57800.0,500.0,19456300.0
638,2021-10-18 07:25:11,57800.0,100.0,19455800.0
639,2021-10-18 07:25:11,57800.0,200.0,19455700.0
640,2021-10-18 07:25:11,57800.0,2800.0,19455500.0
641,2021-10-18 07:25:10,57800.0,1500.0,19452700.0
642,2021-10-18 07:25:09,57800.0,200.0,19451200.0
643,2021-10-18 07:25:09,57800.0,3400.0,19451000.0
644,2021-10-18 07:25:09,57800.0,500.0,19447600.0
645,2021-10-18 07:25:09,57800.0,300.0,19447100.0
646,2021-10-18 07:25:09,57800.0,100.0,19446800.0
647,2021-10-18 07:25:09,57800.0,500.0,19446700.0
648,2021-10-18 07:25:09,57800.0,100.0,19446200.0
649,2021-10-18 07:25:09,57800.0,100.0,19446100.0
650,2021-10-18 07:25:09,57800.0,3000.0,19446000.0
651,2021-10-18 07:25:09,57800.0,100.0,19443000.0
652,2021-10-18 07:25:09,57800.0,2000.0,19442900.0
653,2021-10-18 07:25:09,57800.0,5000.0,19440900.0
654,2021-10-18 07:25:09,57800.0,200.0,19435900.0
655,2021-10-18 07:25:09,57800.0,100.0,19435700.0
656,2021-10-18 07:25:09,57800.0,100.0,19435600.0
657,2021-10-18 07:25:09,57800.0,100.0,19435500.0
658,2021-10-18 07:25:09,57800.0,5000.0,19435400.0
659,2021-10-18 07:25:09,57800.0,5000.0,19430400.0
660,2021-10-18 07:25:09,57800.0,100.0,19425400.0
661,2021-10-18 07:25:09,57800.0,900.0,19425300.0
662,2021-10-18 07:25:09,57800.0,200.0,19424400.0
663,2021-10-18 07:25:09,57800.0,3000.0,19424200.0
664,2021-10-18 07:25:08,57800.0,500.0,19421200.0
665,2021-10-18 07:25:05,57800.0,1200.0,19420700.0
666,2021-10-18 07:25:04,57800.0,300.0,19419500.0
667,2021-10-18 07:25:04,57800.0,20000.0,19419200.0
668,2021-10-18 07:25:04,57800.0,100.0,19399200.0
669,2021-10-18 07:25:04,57800.0,100.0,19399100.0
670,2021-10-18 07:25:04,57800.0,1000.0,19399000.0
671,2021-10-18 07:25:04,57800.0,2500.0,19398000.0
672,2021-10-18 07:25:04,57800.0,1100.0,19395500.0
673,2021-10-18 07:25:02,57800.0,100.0,19394400.0
674,2021-10-18 07:25:01,57800.0,200.0,19394300.0
675,2021-10-18 07:25:01,57800.0,2300.0,19394100.0
676,2021-10-18 07:25:00,57800.0,500.0,19391800.0
677,2021-10-18 07:25:00,57800.0,7200.0,19391300.0
678,2021-10-18 07:25:00,57800.0,800.0,19384100.0
679,2021-10-18 07:25:00,57800.0,2000.0,19383300.0
680,2021-10-18 07:25:00,57800.0,200.0,19381300.0
681,2021-10-18 07:25:00,57800.0,1000.0,19381100.0
682,2021-10-18 07:25:00,57800.0,100.0,19380100.0
683,2021-10-18 07:25:00,57800.0,2000.0,19380000.0
684,2021-10-18 07:25:00,57800.0,1000.0,19378000.0
685,2021-10-18 07:25:00,57800.0,500.0,19377000.0
686,2021-10-18 07:25:00,57800.0,100.0,19376500.0
687,2021-10-18 07:25:00,57800.0,2000.0,19376400.0
688,2021-10-18 07:25:00,57800.0,100.0,19374400.0
689,2021-10-18 07:25:00,57800.0,5000.0,19374300.0
690,2021-10-18 07:25:00,57800.0,1000.0,19369300.0
691,2021-10-18 07:25:00,57800.0,100.0,19368300.0
692,2021-10-18 07:25:00,57800.0,3000.0,19368200.0
693,2021-10-18 07:25:00,57800.0,200.0,19365200.0
694,2021-10-18 07:25:00,57800.0,100.0,19365000.0
695,2021-10-18 07:25:00,57800.0,400.0,19364900.0
696,2021-10-18 07:25:00,57800.0,500.0,19364500.0
697,2021-10-18 07:25:00,57800.0,500.0,19364000.0
698,2021-10-18 07:25:00,57800.0,800.0,19363500.0
699,2021-10-18 07:25:00,57800.0,200.0,19362700.0
700,2021-10-18 07:25:00,57800.0,5000.0,19362500.0
701,2021-10-18 07:25:00,57800.0,10000.0,19357500.0
702,2021-10-18 07:25:00,57800.0,700.0,19347500.0
703,2021-10-18 07:25:00,57800.0,200.0,19346800.0
704,2021-10-18 07:25:00,57800.0,200.0,19346600.0
705,2021-10-18 07:25:00,57800.0,400.0,19346400.0
706,2021-10-18 07:25:00,57800.0,600.0,19346000.0
707,2021-10-18 07:25:00,57800.0,4100.0,19345400.0
708,2021-10-18 07:24:59,57800.0,10000.0,19341300.0
709,2021-10-18 07:24:59,57900.0,1000.0,19331300.0
710,2021-10-18 07:24:58,57800.0,500.0,19330300.0
711,2021-10-18 07:24:55,57800.0,100.0,19329800.0
712,2021-10-18 07:24:54,57800.0,2000.0,19329700.0
713,2021-10-18 07:24:52,57800.0,500.0,19327700.0
714,2021-10-18 07:24:51,57800.0,10000.0,19327200.0
715,2021-10-18 07:24:50,57800.0,100.0,19317200.0
716,2021-10-18 07:24:46,57900.0,3000.0,19317100.0
717,2021-10-18 07:24:46,57800.0,400.0,19314100.0
718,2021-10-18 07:24:45,57800.0,2300.0,19313700.0
719,2021-10-18 07:24:45,57800.0,200.0,19311400.0
720,2021-10-18 07:24:45,57800.0,200.0,19311200.0
721,2021-10-18 07:24:45,57800.0,6300.0,19311000.0
722,2021-10-18 07:24:42,57800.0,100.0,19304700.0
723,2021-10-18 07:24:39,57900.0,100.0,19304600.0
724,2021-10-18 07:24:39,57900.0,1000.0,19304500.0
725,2021-10-18 07:24:39,57900.0,2000.0,19303500.0
726,2021-10-18 07:24:39,57900.0,100.0,19301500.0
727,2021-10-18 07:24:39,57900.0,200.0,19301400.0
728,2021-10-18 07:24:39,57900.0,8200.0,19301200.0
729,2021-10-18 07:24:37,57800.0,100.0,19293000.0
730,2021-10-18 07:24:36,57800.0,2700.0,19292900.0
731,2021-10-18 07:24:35,57800.0,10400.0,19290200.0
732,2021-10-18 07:24:35,57800.0,100.0,19279800.0
733,2021-10-18 07:24:35,57800.0,1000.0,19279700.0
734,2021-10-18 07:24:35,57800.0,7000.0,19278700.0
735,2021-10-18 07:24:35,57800.0,5000.0,19271700.0
736,2021-10-18 07:24:35,57800.0,1000.0,19266700.0
737,2021-10-18 07:24:35,57800.0,6000.0,19265700.0
738,2021-10-18 07:24:35,57800.0,1000.0,19259700.0
739,2021-10-18 07:24:35,57800.0,200.0,19258700.0
740,2021-10-18 07:24:35,57800.0,100.0,19258500.0
741,2021-10-18 07:24:35,57800.0,500.0,19258400.0
742,2021-10-18 07:24:35,57800.0,2000.0,19257900.0
743,2021-10-18 07:24:35,57800.0,200.0,19255900.0
744,2021-10-18 07:24:35,57800.0,2000.0,19255700.0
745,2021-10-18 07:24:35,57800.0,200.0,19253700.0
746,2021-10-18 07:24:35,57800.0,500.0,19253500.0
747,2021-10-18 07:24:35,57800.0,100.0,19253000.0
748,2021-10-18 07:24:35,57800.0,5000.0,19252900.0
749,2021-10-18 07:24:35,57800.0,500.0,19247900.0
750,2021-10-18 07:24:35,57800.0,2000.0,19247400.0
751,2021-10-18 07:24:35,57800.0,3000.0,19245400.0
752,2021-10-18 07:24:35,57800.0,1700.0,19242400.0
753,2021-10-18 07:24:35,57800.0,500.0,19240700.0
754,2021-10-18 07:24:35,57800.0,300.0,19240200.0
755,2021-10-18 07:24:35,57800.0,100.0,19239900.0
756,2021-10-18 07:24:35,57800.0,200.0,19239800.0
757,2021-10-18 07:24:35,57800.0,2000.0,19239600.0
758,2021-10-18 07:24:35,57800.0,1000.0,19237600.0
759,2021-10-18 07:24:35,57800.0,200.0,19236600.0
760,2021-10-18 07:24:35,57800.0,100.0,19236400.0
761,2021-10-18 07:24:35,57800.0,1800.0,19236300.0
762,2021-10-18 07:24:35,57800.0,200.0,19234500.0
763,2021-10-18 07:24:34,57800.0,5000.0,19234300.0
764,2021-10-18 07:24:32,57800.0,100.0,19229300.0
765,2021-10-18 07:24:24,57900.0,100.0,19229200.0
766,2021-10-18 07:24:23,57900.0,1700.0,19229100.0
767,2021-10-18 07:24:23,57900.0,500.0,19227400.0
768,2021-10-18 07:24:23,57900.0,1000.0,19226900.0
769,2021-10-18 07:24:23,57900.0,10300.0,19225900.0
770,2021-10-18 07:24:23,57900.0,200.0,19215600.0
771,2021-10-18 07:24:21,57800.0,400.0,19215400.0
772,2021-10-18 07:24:18,57900.0,700.0,19215000.0
773,2021-10-18 07:24:18,57900.0,7000.0,19214300.0
774,2021-10-18 07:24:14,57900.0,600.0,19207300.0
775,2021-10-18 07:24:11,57900.0,500.0,19206700.0
776,2021-10-18 07:24:10,57900.0,100.0,19206200.0
777,2021-10-18 07:24:06,57900.0,600.0,19206100.0
778,2021-10-18 07:24:06,57900.0,1000.0,19205500.0
779,2021-10-18 07:24:06,57900.0,1000.0,19204500.0
780,2021-10-18 07:24:03,57900.0,1000.0,19203500.0
781,2021-10-18 07:24:01,57800.0,1300.0,19202500.0
782,2021-10-18 07:24:00,57800.0,6200.0,19201200.0
783,2021-10-18 07:24:00,57800.0,5000.0,19195000.0
784,2021-10-18 07:24:00,57800.0,8800.0,19190000.0
785,2021-10-18 07:24:00,57900.0,6000.0,19181200.0
786,2021-10-18 07:23:54,57900.0,500.0,19175200.0
787,2021-10-18 07:23:54,57900.0,100.0,19174700.0
788,2021-10-18 07:23:52,57900.0,100.0,19174600.0
789,2021-10-18 07:23:49,57900.0,4000.0,19174500.0
790,2021-10-18 07:23:49,57900.0,1100.0,19170500.0
791,2021-10-18 07:23:47,57900.0,500.0,19169400.0
792,2021-10-18 07:23:45,57900.0,700.0,19168900.0
793,2021-10-18 07:23:45,57900.0,400.0,19168200.0
794,2021-10-18 07:23:45,57900.0,500.0,19167800.0
795,2021-10-18 07:23:43,57900.0,300.0,19167300.0
796,2021-10-18 07:23:39,57800.0,300.0,19167000.0
797,2021-10-18 07:23:39,57800.0,400.0,19166700.0
798,2021-10-18 07:23:38,57800.0,500.0,19166300.0
799,2021-10-18 07:23:38,57900.0,1000.0,19165800.0
800,2021-10-18 07:23:38,57900.0,100.0,19164800.0
801,2021-10-18 07:23:38,57900.0,8100.0,19164700.0
802,2021-10-18 07:23:36,58000.0,100.0,19156600.0
803,2021-10-18 07:23:36,57900.0,900.0,19156500.0
804,2021-10-18 07:23:36,57900.0,1500.0,19155600.0
805,2021-10-18 07:23:35,57900.0,100.0,19154100.0
806,2021-10-18 07:23:35,57900.0,1000.0,19154000.0
807,2021-10-18 07:23:35,57900.0,10000.0,19153000.0
808,2021-10-18 07:23:35,57900.0,1000.0,19143000.0
809,2021-10-18 07:23:35,57900.0,1000.0,19142000.0
810,2021-10-18 07:23:35,57900.0,4000.0,19141000.0
811,2021-10-18 07:23:35,57900.0,100.0,19137000.0
812,2021-10-18 07:23:35,57900.0,100.0,19136900.0
813,2021-10-18 07:23:35,57900.0,100.0,19136800.0
814,2021-10-18 07:23:35,57900.0,200.0,19136700.0
815,2021-10-18 07:23:35,57900.0,300.0,19136500.0
816,2021-10-18 07:23:35,57900.0,100.0,19136200.0
817,2021-10-18 07:23:35,57900.0,800.0,19136100.0
818,2021-10-18 07:23:34,57900.0,200.0,19135300.0
819,2021-10-18 07:23:34,57900.0,400.0,19135100.0
820,2021-10-18 07:23:28,57900.0,100.0,19134700.0
821,2021-10-18 07:23:28,57900.0,1900.0,19134600.0
822,2021-10-18 07:23:27,57900.0,100.0,19132700.0
823,2021-10-18 07:23:27,57900.0,2700.0,19132600.0
824,2021-10-18 07:23:26,57900.0,6900.0,19129900.0
825,2021-10-18 07:23:22,57900.0,2100.0,19123000.0
826,2021-10-18 07:23:20,57900.0,200.0,19120900.0
827,2021-10-18 07:23:19,57900.0,1000.0,19120700.0
828,2021-10-18 07:23:19,57900.0,5000.0,19119700.0
829,2021-10-18 07:23:19,57900.0,100.0,19114700.0
830,2021-10-18 07:23:19,57900.0,100.0,19114600.0
831,2021-10-18 07:23:19,57900.0,4900.0,19114500.0
832,2021-10-18 07:23:17,57900.0,500.0,19109600.0
833,2021-10-18 07:23:16,57900.0,100.0,19109100.0
834,2021-10-18 07:23:16,57900.0,500.0,19109000.0
835,2021-10-18 07:23:16,57900.0,9500.0,19108500.0
836,2021-10-18 07:23:15,57900.0,500.0,19099000.0
837,2021-10-18 07:23:15,57900.0,100.0,19098500.0
838,2021-10-18 07:23:15,57900.0,1000.0,19098400.0
839,2021-10-18 07:23:15,57900.0,300.0,19097400.0
840,2021-10-18 07:23:15,57900.0,100.0,19097100.0
841,2021-10-18 07:23:11,58000.0,500.0,19097000.0
842,2021-10-18 07:23:11,57900.0,100.0,19096500.0
843,2021-10-18 07:23:11,57900.0,2100.0,19096400.0
844,2021-10-18 07:23:10,57900.0,200.0,19094300.0
845,2021-10-18 07:23:10,57900.0,2700.0,19094100.0
846,2021-10-18 07:23:10,57900.0,7300.0,19091400.0
847,2021-10-18 07:23:10,57900.0,35000.0,19084100.0
848,2021-10-18 07:23:09,57900.0,100.0,19049100.0
849,2021-10-18 07:23:09,57900.0,200.0,19049000.0
850,2021-10-18 07:23:08,57900.0,1700.0,19048800.0
851,2021-10-18 07:23:08,57900.0,100.0,19047100.0
852,2021-10-18 07:23:07,57900.0,200.0,19047000.0
853,2021-10-18 07:23:07,57900.0,100.0,19046800.0
854,2021-10-18 07:23:07,57900.0,2000.0,19046700.0
855,2021-10-18 07:23:06,57900.0,100.0,19044700.0
856,2021-10-18 07:23:06,57900.0,2900.0,19044600.0
857,2021-10-18 07:23:06,58000.0,200.0,19041700.0
858,2021-10-18 07:23:05,57900.0,300.0,19041500.0
859,2021-10-18 07:23:05,57900.0,2700.0,19041200.0
860,2021-10-18 07:23:04,57900.0,500.0,19038500.0
861,2021-10-18 07:23:02,58000.0,1800.0,19038000.0
862,2021-10-18 07:23:02,57900.0,700.0,19036200.0
863,2021-10-18 07:23:01,57900.0,10000.0,19035500.0
864,2021-10-18 07:23:01,57900.0,100.0,19025500.0
865,2021-10-18 07:23:01,57900.0,5000.0,19025400.0
866,2021-10-18 07:23:00,57900.0,3000.0,19020400.0
867,2021-10-18 07:22:53,57900.0,800.0,19017400.0
868,2021-10-18 07:22:52,58000.0,2200.0,19016600.0
869,2021-10-18 07:22:52,57900.0,200.0,19014400.0
870,2021-10-18 07:22:52,57900.0,3000.0,19014200.0
871,2021-10-18 07:22:52,57900.0,900.0,19011200.0
872,2021-10-18 07:22:52,57900.0,100.0,19010300.0
873,2021-10-18 07:22:52,57900.0,300.0,19010200.0
874,2021-10-18 07:22:52,57900.0,100.0,19009900.0
875,2021-10-18 07:22:52,57900.0,300.0,19009800.0
876,2021-10-18 07:22:52,57900.0,200.0,19009500.0
877,2021-10-18 07:22:52,57900.0,2100.0,19009300.0
878,2021-10-18 07:22:51,57900.0,1000.0,19007200.0
879,2021-10-18 07:22:50,57900.0,1000.0,19006200.0
880,2021-10-18 07:22:48,57900.0,1000.0,19005200.0
881,2021-10-18 07:22:48,57900.0,2700.0,19004200.0
882,2021-10-18 07:22:47,57900.0,1000.0,19001500.0
883,2021-10-18 07:22:47,57900.0,1000.0,19000500.0
884,2021-10-18 07:22:44,57900.0,300.0,18999500.0
885,2021-10-18 07:22:40,57900.0,200.0,18999200.0
886,2021-10-18 07:22:39,57900.0,500.0,18999000.0
887,2021-10-18 07:22:39,57900.0,100.0,18998500.0
888,2021-10-18 07:22:39,57900.0,5000.0,18998400.0
889,2021-10-18 07:22:39,57900.0,600.0,18993400.0
890,2021-10-18 07:22:39,57900.0,1000.0,18992800.0
891,2021-10-18 07:22:39,57900.0,200.0,18991800.0
892,2021-10-18 07:22:39,57900.0,1100.0,18991600.0
893,2021-10-18 07:22:38,57900.0,2500.0,18990500.0
894,2021-10-18 07:22:38,57900.0,500.0,18988000.0
895,2021-10-18 07:22:36,57900.0,200.0,18987500.0
896,2021-10-18 07:22:35,57900.0,500.0,18987300.0
897,2021-10-18 07:22:35,57900.0,200.0,18986800.0
898,2021-10-18 07:22:35,57900.0,100.0,18986600.0
899,2021-10-18 07:22:35,57900.0,100.0,18986500.0
900,2021-10-18 07:22:35,57900.0,500.0,18986400.0
901,2021-10-18 07:22:35,57900.0,2100.0,18985900.0
902,2021-10-18 07:22:35,57900.0,900.0,18983800.0
903,2021-10-18 07:22:34,57900.0,100.0,18982900.0
904,2021-10-18 07:22:34,57900.0,500.0,18982800.0
905,2021-10-18 07:22:34,57900.0,500.0,18982300.0
906,2021-10-18 07:22:33,57900.0,500.0,18981800.0
907,2021-10-18 07:22:33,57900.0,1000.0,18981300.0
908,2021-10-18 07:22:33,57900.0,700.0,18980300.0
909,2021-10-18 07:22:33,57900.0,5000.0,18979600.0
910,2021-10-18 07:22:33,57900.0,1000.0,18974600.0
911,2021-10-18 07:22:33,57900.0,2700.0,18973600.0
912,2021-10-18 07:22:33,57900.0,1000.0,18970900.0
913,2021-10-18 07:22:33,57900.0,8100.0,18969900.0
914,2021-10-18 07:22:33,57900.0,1000.0,18961800.0
915,2021-10-18 07:22:33,57900.0,1000.0,18960800.0
916,2021-10-18 07:22:29,57900.0,100.0,18959800.0
917,2021-10-18 07:22:28,57900.0,1000.0,18959700.0
918,2021-10-18 07:22:28,57900.0,1000.0,18958700.0
919,2021-10-18 07:22:27,57900.0,7800.0,18957700.0
920,2021-10-18 07:22:27,57900.0,1000.0,18949900.0
921,2021-10-18 07:22:27,57900.0,200.0,18948900.0
922,2021-10-18 07:22:27,57900.0,100.0,18948700.0
923,2021-10-18 07:22:27,57900.0,10900.0,18948600.0
924,2021-10-18 07:22:26,57900.0,500.0,18937700.0
925,2021-10-18 07:22:25,57900.0,100.0,18937200.0
926,2021-10-18 07:22:25,57900.0,600.0,18937100.0
927,2021-10-18 07:22:24,57900.0,1500.0,18936500.0
928,2021-10-18 07:22:24,58000.0,1000.0,18935000.0
929,2021-10-18 07:22:24,57900.0,400.0,18934000.0
930,2021-10-18 07:22:23,57900.0,300.0,18933600.0
931,2021-10-18 07:22:23,57900.0,15700.0,18933300.0
932,2021-10-18 07:22:23,57900.0,100.0,18917600.0
933,2021-10-18 07:22:23,57900.0,100.0,18917500.0
934,2021-10-18 07:22:23,57900.0,2400.0,18917400.0
935,2021-10-18 07:22:23,57900.0,200.0,18915000.0
936,2021-10-18 07:22:23,57900.0,11500.0,18914800.0
937,2021-10-18 07:22:16,57900.0,200.0,18903300.0
938,2021-10-18 07:22:16,57900.0,500.0,18903100.0
939,2021-10-18 07:22:15,57900.0,5000.0,18902600.0
940,2021-10-18 07:22:10,57900.0,300.0,18897600.0
941,2021-10-18 07:22:03,57900.0,100.0,18897300.0
942,2021-10-18 07:22:03,57900.0,100.0,18897200.0
943,2021-10-18 07:22:02,57900.0,2000.0,18897100.0
944,2021-10-18 07:22:02,57900.0,100.0,18895100.0
945,2021-10-18 07:22:01,57900.0,1100.0,18895000.0
946,2021-10-18 07:22:00,57900.0,500.0,18893900.0
947,2021-10-18 07:21:58,58000.0,100.0,18893400.0
948,2021-10-18 07:21:57,57900.0,500.0,18893300.0
949,2021-10-18 07:21:54,57900.0,100.0,18892800.0
950,2021-10-18 07:21:53,57900.0,100.0,18892700.0
951,2021-10-18 07:21:52,57900.0,2000.0,18892600.0
952,2021-10-18 07:21:50,57900.0,100.0,18890600.0
953,2021-10-18 07:21:48,57900.0,400.0,18890500.0
954,2021-10-18 07:21:46,57900.0,100.0,18890100.0
955,2021-10-18 07:21:45,57900.0,800.0,18890000.0
956,2021-10-18 07:21:45,57900.0,2000.0,18889200.0
957,2021-10-18 07:21:44,57900.0,100.0,18887200.0
958,2021-10-18 07:21:44,57900.0,200.0,18887100.0
959,2021-10-18 07:21:41,57900.0,1000.0,18886900.0
960,2021-10-18 07:21:36,57900.0,1000.0,18885900.0
961,2021-10-18 07:21:36,57900.0,500.0,18884900.0
962,2021-10-18 07:21:35,57900.0,200.0,18884400.0
963,2021-10-18 07:21:34,57900.0,5000.0,18884200.0
964,2021-10-18 07:21:32,57900.0,500.0,18879200.0
965,2021-10-18 07:21:31,57900.0,10000.0,18878700.0
966,2021-10-18 07:21:31,57900.0,200.0,18868700.0
967,2021-10-18 07:21:31,57900.0,200.0,18868500.0
968,2021-10-18 07:21:30,57900.0,200.0,18868300.0
969,2021-10-18 07:21:29,57900.0,3400.0,18868100.0
970,2021-10-18 07:21:29,57900.0,100.0,18864700.0
971,2021-10-18 07:21:29,57900.0,500.0,18864600.0
972,2021-10-18 07:21:29,57900.0,100.0,18864100.0
973,2021-10-18 07:21:28,57900.0,2000.0,18864000.0
974,2021-10-18 07:21:27,57900.0,100.0,18862000.0
975,2021-10-18 07:21:27,57900.0,400.0,18861900.0
976,2021-10-18 07:21:27,57900.0,9500.0,18861500.0
977,2021-10-18 07:21:26,58000.0,4000.0,18852000.0
978,2021-10-18 07:21:26,58000.0,400.0,18848000.0
979,2021-10-18 07:21:26,58000.0,25800.0,18847600.0
980,2021-10-18 07:21:20,57900.0,100.0,18821800.0
981,2021-10-18 07:21:16,57900.0,500.0,18821700.0
982,2021-10-18 07:21:09,57900.0,100.0,18821200.0
983,2021-10-18 07:21:07,57900.0,200.0,18821100.0
984,2021-10-18 07:21:07,57900.0,400.0,18820900.0
985,2021-10-18 07:21:05,57900.0,200.0,18820500.0
986,2021-10-18 07:21:03,57900.0,500.0,18820300.0
987,2021-10-18 07:20:59,57900.0,1000.0,18819800.0
988,2021-10-18 07:20:59,57900.0,20000.0,18818800.0
989,2021-10-18 07:20:50,57900.0,100.0,18798800.0
990,2021-10-18 07:20:50,57900.0,100.0,18798700.0
991,2021-10-18 07:20:49,57900.0,3200.0,18798600.0
992,2021-10-18 07:20:48,57900.0,3000.0,18795400.0
993,2021-10-18 07:20:48,57900.0,300.0,18792400.0
994,2021-10-18 07:20:48,57900.0,10000.0,18792100.0
995,2021-10-18 07:20:48,57900.0,100.0,18782100.0
996,2021-10-18 07:20:48,57900.0,200.0,18782000.0
997,2021-10-18 07:20:48,57900.0,800.0,18781800.0
998,2021-10-18 07:20:48,57900.0,2000.0,18781000.0
999,2021-10-18 07:20:48,57900.0,100.0,18779000.0
1000,2021-10-18 07:20:48,57900.0,2000.0,18778900.0
1001,2021-10-18 07:20:48,57900.0,400.0,18776900.0
1002,2021-10-18 07:20:48,57900.0,600.0,18776500.0
1003,2021-10-18 07:20:48,57900.0,1000.0,18775900.0
1004,2021-10-18 07:20:48,57900.0,400.0,18774900.0
1005,2021-10-18 07:20:48,57900.0,10000.0,18774500.0
1006,2021-10-18 07:20:48,57900.0,100.0,18764500.0
1007,2021-10-18 07:20:48,57900.0,10000.0,18764400.0
1008,2021-10-18 07:20:48,57900.0,500.0,18754400.0
1009,2021-10-18 07:20:48,57900.0,100.0,18753900.0
1010,2021-10-18 07:20:48,57900.0,400.0,18753800.0
1011,2021-10-18 07:20:48,57900.0,200.0,18753400.0
1012,2021-10-18 07:20:48,57900.0,1000.0,18753200.0
1013,2021-10-18 07:20:48,57900.0,300.0,18752200.0
1014,2021-10-18 07:20:48,57900.0,500.0,18751900.0
1015,2021-10-18 07:20:48,57900.0,100.0,18751400.0
1016,2021-10-18 07:20:48,57900.0,10000.0,18751300.0
1017,2021-10-18 07:20:48,57900.0,2000.0,18741300.0
1018,2021-10-18 07:20:48,57900.0,100.0,18739300.0
1019,2021-10-18 07:20:48,57900.0,3000.0,18739200.0
1020,2021-10-18 07:20:48,57900.0,200.0,18736200.0
1021,2021-10-18 07:20:48,57900.0,200.0,18736000.0
1022,2021-10-18 07:20:48,57900.0,200.0,18735800.0
1023,2021-10-18 07:20:48,57900.0,400.0,18735600.0
1024,2021-10-18 07:20:48,57900.0,300.0,18735200.0
1025,2021-10-18 07:20:48,57900.0,100.0,18734900.0
1026,2021-10-18 07:20:48,57900.0,100.0,18734800.0
1027,2021-10-18 07:20:48,57900.0,200.0,18734700.0
1028,2021-10-18 07:20:48,57900.0,400.0,18734500.0
1029,2021-10-18 07:20:48,57900.0,200.0,18734100.0
1030,2021-10-18 07:20:48,57900.0,2600.0,18733900.0
1031,2021-10-18 07:20:43,57900.0,1800.0,18731300.0
1032,2021-10-18 07:20:43,57900.0,600.0,18729500.0
1033,2021-10-18 07:20:43,57900.0,100.0,18728900.0
1034,2021-10-18 07:20:43,57900.0,500.0,18728800.0
1035,2021-10-18 07:20:43,57900.0,100.0,18728300.0
1036,2021-10-18 07:20:43,57900.0,100.0,18728200.0
1037,2021-10-18 07:20:43,57900.0,3600.0,18728100.0
1038,2021-10-18 07:20:40,57900.0,5000.0,18724500.0
1039,2021-10-18 07:20:36,57900.0,1400.0,18719500.0
1040,2021-10-18 07:20:36,57900.0,1600.0,18718100.0
1041,2021-10-18 07:20:36,57900.0,300.0,18716500.0
1042,2021-10-18 07:20:36,57900.0,400.0,18716200.0
1043,2021-10-18 07:20:36,57900.0,100.0,18715800.0
1044,2021-10-18 07:20:36,57900.0,1000.0,18715700.0
1045,2021-10-18 07:20:36,57900.0,100.0,18714700.0
1046,2021-10-18 07:20:36,57900.0,500.0,18714600.0
1047,2021-10-18 07:20:36,57900.0,1600.0,18714100.0
1048,2021-10-18 07:20:36,57900.0,900.0,18712500.0
1049,2021-10-18 07:20:36,57900.0,100.0,18711600.0
1050,2021-10-18 07:20:34,57900.0,500.0,18711500.0
1051,2021-10-18 07:20:33,57900.0,400.0,18711000.0
1052,2021-10-18 07:20:33,57900.0,200.0,18710600.0
1053,2021-10-18 07:20:33,57900.0,400.0,18710400.0
1054,2021-10-18 07:20:30,57900.0,2600.0,18710000.0
1055,2021-10-18 07:20:30,57900.0,1400.0,18707400.0
1056,2021-10-18 07:20:30,57900.0,4500.0,18706000.0
1057,2021-10-18 07:20:28,57900.0,500.0,18701500.0
1058,2021-10-18 07:20:25,57900.0,10000.0,18701000.0
1059,2021-10-18 07:20:24,57900.0,200.0,18691000.0
1060,2021-10-18 07:20:17,57900.0,700.0,18690800.0
1061,2021-10-18 07:20:11,57900.0,500.0,18690100.0
1062,2021-10-18 07:20:11,57900.0,2200.0,18689600.0
1063,2021-10-18 07:20:11,57900.0,400.0,18687400.0
1064,2021-10-18 07:20:10,57900.0,600.0,18687000.0
1065,2021-10-18 07:20:10,57900.0,100.0,18686400.0
1066,2021-10-18 07:20:10,57900.0,100.0,18686300.0
1067,2021-10-18 07:20:10,57900.0,600.0,18686200.0
1068,2021-10-18 07:20:06,57900.0,1000.0,18685600.0
1069,2021-10-18 07:20:04,57900.0,100.0,18684600.0
1070,2021-10-18 07:20:04,57900.0,2800.0,18684500.0
1071,2021-10-18 07:20:03,57900.0,100.0,18681700.0
1072,2021-10-18 07:20:02,57900.0,400.0,18681600.0
1073,2021-10-18 07:19:51,57900.0,200.0,18681200.0
1074,2021-10-18 07:19:51,57900.0,800.0,18681000.0
1075,2021-10-18 07:19:48,57900.0,1000.0,18680200.0
1076,2021-10-18 07:19:40,57900.0,500.0,18679200.0
1077,2021-10-18 07:19:40,57800.0,200.0,18678700.0
1078,2021-10-18 07:19:39,57800.0,1500.0,18678500.0
1079,2021-10-18 07:19:36,57900.0,100.0,18677000.0
1080,2021-10-18 07:19:34,57900.0,100.0,18676900.0
1081,2021-10-18 07:19:32,57900.0,2700.0,18676800.0
1082,2021-10-18 07:19:23,57900.0,500.0,18674100.0
1083,2021-10-18 07:19:23,57900.0,100.0,18673600.0
1084,2021-10-18 07:19:23,57900.0,200.0,18673500.0
1085,2021-10-18 07:19:23,57900.0,100.0,18673300.0
1086,2021-10-18 07:19:23,57900.0,100.0,18673200.0
1087,2021-10-18 07:19:17,57900.0,100.0,18673100.0
1088,2021-10-18 07:19:13,57900.0,800.0,18673000.0
1089,2021-10-18 07:19:13,57900.0,500.0,18672200.0
1090,2021-10-18 07:19:13,57900.0,200.0,18671700.0
1091,2021-10-18 07:19:13,57900.0,5000.0,18671500.0
1092,2021-10-18 07:19:13,57900.0,600.0,18666500.0
1093,2021-10-18 07:19:13,57900.0,300.0,18665900.0
1094,2021-10-18 07:19:13,57900.0,3500.0,18665600.0
1095,2021-10-18 07:19:13,57900.0,200.0,18662100.0
1096,2021-10-18 07:19:13,57900.0,8900.0,18661900.0
1097,2021-10-18 07:19:05,57800.0,100.0,18653000.0
1098,2021-10-18 07:19:04,57800.0,700.0,18652900.0
1099,2021-10-18 07:19:04,57800.0,200.0,18652200.0
1100,2021-10-18 07:19:04,57800.0,300.0,18652000.0
1101,2021-10-18 07:19:04,57800.0,300.0,18651700.0
1102,2021-10-18 07:19:04,57800.0,500.0,18651400.0
1103,2021-10-18 07:19:04,57900.0,200.0,18650900.0
1104,2021-10-18 07:19:02,57800.0,1000.0,18650700.0
1105,2021-10-18 07:19:01,57800.0,500.0,18649700.0
1106,2021-10-18 07:19:01,57800.0,300.0,18649200.0
1107,2021-10-18 07:19:01,57800.0,10000.0,18648900.0
1108,2021-10-18 07:19:01,57800.0,1000.0,18638900.0
1109,2021-10-18 07:19:01,57800.0,4000.0,18637900.0
1110,2021-10-18 07:19:01,57800.0,400.0,18633900.0
1111,2021-10-18 07:19:01,57800.0,200.0,18633500.0
1112,2021-10-18 07:19:01,57800.0,1000.0,18633300.0
1113,2021-10-18 07:19:01,57800.0,100.0,18632300.0
1114,2021-10-18 07:19:01,57800.0,2500.0,18632200.0
1115,2021-10-18 07:19:01,57800.0,100.0,18629700.0
1116,2021-10-18 07:18:55,57800.0,200.0,18629600.0
1117,2021-10-18 07:18:54,57800.0,2200.0,18629400.0
1118,2021-10-18 07:18:54,57800.0,1500.0,18627200.0
1119,2021-10-18 07:18:54,57800.0,100.0,18625700.0
1120,2021-10-18 07:18:54,57800.0,500.0,18625600.0
1121,2021-10-18 07:18:54,57800.0,100.0,18625100.0
1122,2021-10-18 07:18:54,57800.0,600.0,18625000.0
1123,2021-10-18 07:18:53,57900.0,900.0,18624400.0
1124,2021-10-18 07:18:53,57900.0,1800.0,18623500.0
1125,2021-10-18 07:18:51,57900.0,200.0,18621700.0
1126,2021-10-18 07:18:51,57900.0,100.0,18621500.0
1127,2021-10-18 07:18:51,57900.0,1000.0,18621400.0
1128,2021-10-18 07:18:47,57800.0,100.0,18620400.0
1129,2021-10-18 07:18:46,57900.0,800.0,18620300.0
1130,2021-10-18 07:18:44,57800.0,300.0,18619500.0
1131,2021-10-18 07:18:42,57900.0,200.0,18619200.0
1132,2021-10-18 07:18:42,57900.0,800.0,18619000.0
1133,2021-10-18 07:18:39,57900.0,4200.0,18618200.0
1134,2021-10-18 07:18:39,57900.0,300.0,18614000.0
1135,2021-10-18 07:18:39,57900.0,100.0,18613700.0
1136,2021-10-18 07:18:39,57900.0,200.0,18613600.0
1137,2021-10-18 07:18:39,57900.0,200.0,18613400.0
1138,2021-10-18 07:18:38,57800.0,100.0,18613200.0
1139,2021-10-18 07:18:37,57800.0,900.0,18613100.0
1140,2021-10-18 07:18:37,57800.0,100.0,18612200.0
1141,2021-10-18 07:18:37,57800.0,500.0,18612100.0
1142,2021-10-18 07:18:37,57800.0,500.0,18611600.0
1143,2021-10-18 07:18:35,57900.0,200.0,18611100.0
1144,2021-10-18 07:18:25,57900.0,200.0,18610900.0
1145,2021-10-18 07:18:22,57800.0,500.0,18610700.0
1146,2021-10-18 07:18:21,57800.0,100.0,18610200.0
1147,2021-10-18 07:18:21,57800.0,500.0,18610100.0
1148,2021-10-18 07:18:21,57800.0,5000.0,18609600.0
1149,2021-10-18 07:18:21,57800.0,1000.0,18604600.0
1150,2021-10-18 07:18:21,57800.0,200.0,18603600.0
1151,2021-10-18 07:18:21,57800.0,3200.0,18603400.0
1152,2021-10-18 07:18:16,57900.0,3800.0,18600200.0
1153,2021-10-18 07:18:16,57900.0,200.0,18596400.0
1154,2021-10-18 07:18:16,57900.0,400.0,18596200.0
1155,2021-10-18 07:18:15,57900.0,100.0,18595800.0
1156,2021-10-18 07:18:14,57900.0,2000.0,18595700.0
1157,2021-10-18 07:18:14,57900.0,100.0,18593700.0
1158,2021-10-18 07:18:12,57900.0,100.0,18593600.0
1159,2021-10-18 07:18:11,57900.0,100.0,18593500.0
1160,2021-10-18 07:18:11,57900.0,100.0,18593400.0
1161,2021-10-18 07:18:09,57900.0,3000.0,18593300.0
1162,2021-10-18 07:18:07,57900.0,500.0,18590300.0
1163,2021-10-18 07:18:07,57900.0,1000.0,18589800.0
1164,2021-10-18 07:18:06,57900.0,1000.0,18588800.0
1165,2021-10-18 07:18:06,57900.0,10000.0,18587800.0
1166,2021-10-18 07:18:06,57900.0,500.0,18577800.0
1167,2021-10-18 07:18:05,57900.0,20000.0,18577300.0
1168,2021-10-18 07:18:04,57900.0,600.0,18557300.0
1169,2021-10-18 07:18:03,57900.0,200.0,18556700.0
1170,2021-10-18 07:18:03,57900.0,10000.0,18556500.0
1171,2021-10-18 07:18:03,57900.0,200.0,18546500.0
1172,2021-10-18 07:18:03,57900.0,1000.0,18546300.0
1173,2021-10-18 07:18:03,57900.0,1000.0,18545300.0
1174,2021-10-18 07:18:03,57900.0,500.0,18544300.0
1175,2021-10-18 07:18:03,57900.0,200.0,18543800.0
1176,2021-10-18 07:18:03,57900.0,300.0,18543600.0
1177,2021-10-18 07:18:02,57900.0,100.0,18543300.0
1178,2021-10-18 07:18:02,57900.0,100.0,18543200.0
1179,2021-10-18 07:18:02,57900.0,400.0,18543100.0
1180,2021-10-18 07:17:59,57800.0,200.0,18542700.0
1181,2021-10-18 07:17:56,57900.0,100.0,18542500.0
1182,2021-10-18 07:17:56,57900.0,300.0,18542400.0
1183,2021-10-18 07:17:53,57900.0,100.0,18542100.0
1184,2021-10-18 07:17:53,57800.0,200.0,18542000.0
1185,2021-10-18 07:17:52,57900.0,5000.0,18541800.0
1186,2021-10-18 07:17:52,57900.0,4800.0,18536800.0
1187,2021-10-18 07:17:51,57900.0,100.0,18532000.0
1188,2021-10-18 07:17:51,57900.0,600.0,18531900.0
1189,2021-10-18 07:17:50,57900.0,1600.0,18531300.0
1190,2021-10-18 07:17:50,57900.0,400.0,18529700.0
1191,2021-10-18 07:17:49,57900.0,100.0,18529300.0
1192,2021-10-18 07:17:49,57900.0,100.0,18529200.0
1193,2021-10-18 07:17:49,57900.0,33200.0,18529100.0
1194,2021-10-18 07:17:48,57900.0,2800.0,18495900.0
1195,2021-10-18 07:17:47,57900.0,400.0,18493100.0
1196,2021-10-18 07:17:46,57900.0,500.0,18492700.0
1197,2021-10-18 07:17:45,57900.0,400.0,18492200.0
1198,2021-10-18 07:17:43,57900.0,300.0,18491800.0
1199,2021-10-18 07:17:43,57900.0,400.0,18491500.0
1200,2021-10-18 07:17:43,57900.0,3000.0,18491100.0
1201,2021-10-18 07:17:42,57900.0,400.0,18488100.0
1202,2021-10-18 07:17:42,57900.0,900.0,18487700.0
1203,2021-10-18 07:17:42,57900.0,2100.0,18486800.0
1204,2021-10-18 07:17:40,57900.0,400.0,18484700.0
1205,2021-10-18 07:17:37,57900.0,200.0,18484300.0
1206,2021-10-18 07:17:37,57900.0,200.0,18484100.0
1207,2021-10-18 07:17:37,57900.0,200.0,18483900.0
1208,2021-10-18 07:17:36,57900.0,200.0,18483700.0
1209,2021-10-18 07:17:36,57900.0,300.0,18483500.0
1210,2021-10-18 07:17:36,57900.0,5000.0,18483200.0
1211,2021-10-18 07:17:35,57900.0,500.0,18478200.0
1212,2021-10-18 07:17:34,57900.0,10000.0,18477700.0
1213,2021-10-18 07:17:34,57900.0,1600.0,18467700.0
1214,2021-10-18 07:17:33,57900.0,1000.0,18466100.0
1215,2021-10-18 07:17:33,57900.0,400.0,18465100.0
1216,2021-10-18 07:17:33,57900.0,20000.0,18464700.0
1217,2021-10-18 07:17:33,57900.0,1500.0,18444700.0
1218,2021-10-18 07:17:33,57900.0,2500.0,18443200.0
1219,2021-10-18 07:17:33,57900.0,2500.0,18440700.0
1220,2021-10-18 07:17:33,57900.0,1300.0,18438200.0
1221,2021-10-18 07:17:33,57900.0,500.0,18436900.0
1222,2021-10-18 07:17:33,57900.0,100.0,18436400.0
1223,2021-10-18 07:17:33,57900.0,1600.0,18436300.0
1224,2021-10-18 07:17:33,57900.0,600.0,18434700.0
1225,2021-10-18 07:17:33,57800.0,500.0,18434100.0
1226,2021-10-18 07:17:32,57800.0,200.0,18433600.0
1227,2021-10-18 07:17:31,57900.0,300.0,18433400.0
1228,2021-10-18 07:17:31,57800.0,1000.0,18433100.0
1229,2021-10-18 07:17:30,57800.0,700.0,18432100.0
1230,2021-10-18 07:17:30,57800.0,500.0,18431400.0
1231,2021-10-18 07:17:30,57800.0,19500.0,18430900.0
1232,2021-10-18 07:17:30,57800.0,400.0,18411400.0
1233,2021-10-18 07:17:29,57800.0,10000.0,18411000.0
1234,2021-10-18 07:17:29,57800.0,100.0,18401000.0
1235,2021-10-18 07:17:29,57800.0,1000.0,18400900.0
1236,2021-10-18 07:17:29,57800.0,100.0,18399900.0
1237,2021-10-18 07:17:29,57800.0,100.0,18399800.0
1238,2021-10-18 07:17:29,57800.0,1000.0,18399700.0
1239,2021-10-18 07:17:29,57800.0,1000.0,18398700.0
1240,2021-10-18 07:17:29,57800.0,500.0,18397700.0
1241,2021-10-18 07:17:29,57800.0,200.0,18397200.0
1242,2021-10-18 07:17:27,57900.0,100.0,18397000.0
1243,2021-10-18 07:17:27,57900.0,4200.0,18396900.0
1244,2021-10-18 07:17:27,57900.0,500.0,18392700.0
1245,2021-10-18 07:17:27,57900.0,1900.0,18392200.0
1246,2021-10-18 07:17:27,57900.0,100.0,18390300.0
1247,2021-10-18 07:17:27,57900.0,500.0,18390200.0
1248,2021-10-18 07:17:27,57900.0,20000.0,18389700.0
1249,2021-10-18 07:17:27,57900.0,700.0,18369700.0
1250,2021-10-18 07:17:27,57900.0,10000.0,18369000.0
1251,2021-10-18 07:17:27,57900.0,100.0,18359000.0
1252,2021-10-18 07:17:27,57900.0,11900.0,18358900.0
1253,2021-10-18 07:17:27,57800.0,800.0,18347000.0
1254,2021-10-18 07:17:26,57800.0,100.0,18346200.0
1255,2021-10-18 07:17:25,57800.0,400.0,18346100.0
1256,2021-10-18 07:17:25,57800.0,500.0,18345700.0
1257,2021-10-18 07:17:25,57800.0,100.0,18345200.0
1258,2021-10-18 07:17:25,57800.0,1000.0,18345100.0
1259,2021-10-18 07:17:25,57800.0,500.0,18344100.0
1260,2021-10-18 07:17:25,57800.0,100.0,18343600.0
1261,2021-10-18 07:17:25,57800.0,300.0,18343500.0
1262,2021-10-18 07:17:24,57800.0,400.0,18343200.0
1263,2021-10-18 07:17:24,57800.0,1000.0,18342800.0
1264,2021-10-18 07:17:24,57800.0,100.0,18341800.0
1265,2021-10-18 07:17:23,57800.0,100.0,18341700.0
1266,2021-10-18 07:17:23,57800.0,300.0,18341600.0
1267,2021-10-18 07:17:23,57800.0,600.0,18341300.0
1268,2021-10-18 07:17:23,57800.0,400.0,18340700.0
1269,2021-10-18 07:17:23,57800.0,6000.0,18340300.0
1270,2021-10-18 07:17:23,57800.0,800.0,18334300.0
1271,2021-10-18 07:17:23,57800.0,500.0,18333500.0
1272,2021-10-18 07:17:23,57800.0,100.0,18333000.0
1273,2021-10-18 07:17:23,57800.0,1000.0,18332900.0
1274,2021-10-18 07:17:23,57800.0,500.0,18331900.0
1275,2021-10-18 07:17:23,57800.0,21100.0,18331400.0
1276,2021-10-18 07:17:23,57800.0,8900.0,18310300.0
1277,2021-10-18 07:17:23,57800.0,9700.0,18301400.0
1278,2021-10-18 07:17:23,57800.0,1200.0,18291700.0
1279,2021-10-18 07:17:23,57800.0,200.0,18290500.0
1280,2021-10-18 07:17:21,57900.0,8100.0,18290300.0
1281,2021-10-18 07:17:21,57900.0,3000.0,18282200.0
1282,2021-10-18 07:17:21,57900.0,500.0,18279200.0
1283,2021-10-18 07:17:21,57900.0,100.0,18278700.0
1284,2021-10-18 07:17:21,57900.0,100.0,18278600.0
1285,2021-10-18 07:17:21,57900.0,900.0,18278500.0
1286,2021-10-18 07:17:21,57900.0,100.0,18277600.0
1287,2021-10-18 07:17:21,57900.0,100.0,18277500.0
1288,2021-10-18 07:17:21,57900.0,500.0,18277400.0
1289,2021-10-18 07:17:21,57900.0,100.0,18276900.0
1290,2021-10-18 07:17:21,57900.0,20000.0,18276800.0
1291,2021-10-18 07:17:21,57900.0,1500.0,18256800.0
1292,2021-10-18 07:17:21,57900.0,100.0,18255300.0
1293,2021-10-18 07:17:21,57900.0,900.0,18255200.0
1294,2021-10-18 07:17:21,57900.0,1000.0,18254300.0
1295,2021-10-18 07:17:21,57900.0,2000.0,18253300.0
1296,2021-10-18 07:17:21,57900.0,600.0,18251300.0
1297,2021-10-18 07:17:21,57900.0,600.0,18250700.0
1298,2021-10-18 07:17:21,57900.0,500.0,18250100.0
1299,2021-10-18 07:17:21,57900.0,200.0,18249600.0
1300,2021-10-18 07:17:21,57900.0,9100.0,18249400.0
1301,2021-10-18 07:17:19,57800.0,400.0,18240300.0
1302,2021-10-18 07:17:19,57800.0,300.0,18239900.0
1303,2021-10-18 07:17:19,57800.0,100.0,18239600.0
1304,2021-10-18 07:17:19,57800.0,200.0,18239500.0
1305,2021-10-18 07:17:19,57800.0,400.0,18239300.0
1306,2021-10-18 07:17:18,57800.0,1400.0,18238900.0
1307,2021-10-18 07:17:18,57800.0,100.0,18237500.0
1308,2021-10-18 07:17:18,57800.0,100.0,18237400.0
1309,2021-10-18 07:17:18,57800.0,2000.0,18237300.0
1310,2021-10-18 07:17:18,57800.0,200.0,18235300.0
1311,2021-10-18 07:17:18,57800.0,200.0,18235100.0
1312,2021-10-18 07:17:18,57800.0,16000.0,18234900.0
1313,2021-10-18 07:17:17,57800.0,500.0,18218900.0
1314,2021-10-18 07:17:16,57800.0,400.0,18218400.0
1315,2021-10-18 07:17:13,57900.0,900.0,18218000.0
1316,2021-10-18 07:17:13,57900.0,100.0,18217100.0
1317,2021-10-18 07:17:13,57800.0,400.0,18217000.0
1318,2021-10-18 07:17:08,57800.0,400.0,18216600.0
1319,2021-10-18 07:17:08,57800.0,500.0,18216200.0
1320,2021-10-18 07:17:07,57800.0,600.0,18215700.0
1321,2021-10-18 07:17:07,57800.0,100.0,18215100.0
1322,2021-10-18 07:17:07,57800.0,100.0,18215000.0
1323,2021-10-18 07:17:07,57800.0,500.0,18214900.0
1324,2021-10-18 07:17:07,57800.0,100.0,18214400.0
1325,2021-10-18 07:17:07,57800.0,1300.0,18214300.0
1326,2021-10-18 07:17:07,57800.0,400.0,18213000.0
1327,2021-10-18 07:17:07,57800.0,200.0,18212600.0
1328,2021-10-18 07:17:07,57800.0,500.0,18212400.0
1329,2021-10-18 07:17:07,57800.0,300.0,18211900.0
1330,2021-10-18 07:17:07,57800.0,200.0,18211600.0
1331,2021-10-18 07:17:07,57800.0,1000.0,18211400.0
1332,2021-10-18 07:17:07,57800.0,500.0,18210400.0
1333,2021-10-18 07:17:07,57800.0,200.0,18209900.0
1334,2021-10-18 07:17:07,57800.0,500.0,18209700.0
1335,2021-10-18 07:17:07,57800.0,1000.0,18209200.0
1336,2021-10-18 07:17:07,57800.0,500.0,18208200.0
1337,2021-10-18 07:17:07,57900.0,100.0,18207700.0
1338,2021-10-18 07:17:07,57800.0,500.0,18207600.0
1339,2021-10-18 07:17:07,57800.0,2500.0,18207100.0
1340,2021-10-18 07:17:05,57800.0,200.0,18204600.0
1341,2021-10-18 07:17:05,57800.0,400.0,18204400.0
1342,2021-10-18 07:17:04,57800.0,500.0,18204000.0
1343,2021-10-18 07:17:04,57800.0,1400.0,18203500.0
1344,2021-10-18 07:17:04,57800.0,3000.0,18202100.0
1345,2021-10-18 07:17:04,57800.0,200.0,18199100.0
1346,2021-10-18 07:17:04,57800.0,100.0,18198900.0
1347,2021-10-18 07:17:04,57800.0,300.0,18198800.0
1348,2021-10-18 07:17:03,57800.0,100.0,18198500.0
1349,2021-10-18 07:17:03,57800.0,500.0,18198400.0
1350,2021-10-18 07:17:02,57800.0,100.0,18197900.0
1351,2021-10-18 07:17:02,57800.0,200.0,18197800.0
1352,2021-10-18 07:17:02,57800.0,500.0,18197600.0
1353,2021-10-18 07:17:02,57800.0,100.0,18197100.0
1354,2021-10-18 07:17:02,57800.0,500.0,18197000.0
1355,2021-10-18 07:17:02,57800.0,1000.0,18196500.0
1356,2021-10-18 07:17:02,57800.0,300.0,18195500.0
1357,2021-10-18 07:17:01,57800.0,700.0,18195200.0
1358,2021-10-18 07:17:01,57800.0,5000.0,18194500.0
1359,2021-10-18 07:17:01,57800.0,100.0,18189500.0
1360,2021-10-18 07:17:01,57800.0,100.0,18189400.0
1361,2021-10-18 07:17:01,57800.0,44100.0,18189300.0
1362,2021-10-18 07:17:01,57900.0,400.0,18145200.0
1363,2021-10-18 07:17:01,57900.0,100.0,18144800.0
1364,2021-10-18 07:17:01,57900.0,1400.0,18144700.0
1365,2021-10-18 07:17:01,57900.0,3100.0,18143300.0
1366,2021-10-18 07:17:00,57800.0,400.0,18140200.0
1367,2021-10-18 07:17:00,57900.0,300.0,18139800.0
1368,2021-10-18 07:17:00,57800.0,300.0,18139500.0
1369,2021-10-18 07:16:59,57900.0,300.0,18139200.0
1370,2021-10-18 07:16:56,57900.0,2700.0,18138900.0
1371,2021-10-18 07:16:56,57800.0,400.0,18136200.0
1372,2021-10-18 07:16:56,57800.0,4800.0,18135800.0
1373,2021-10-18 07:16:56,57800.0,200.0,18131000.0
1374,2021-10-18 07:16:56,57800.0,4000.0,18130800.0
1375,2021-10-18 07:16:56,57800.0,10000.0,18126800.0
1376,2021-10-18 07:16:56,57800.0,100.0,18116800.0
1377,2021-10-18 07:16:56,57800.0,200.0,18116700.0
1378,2021-10-18 07:16:56,57800.0,5000.0,18116500.0
1379,2021-10-18 07:16:56,57800.0,2500.0,18111500.0
1380,2021-10-18 07:16:56,57800.0,3000.0,18109000.0
1381,2021-10-18 07:16:56,57800.0,100.0,18106000.0
1382,2021-10-18 07:16:56,57800.0,500.0,18105900.0
1383,2021-10-18 07:16:56,57800.0,500.0,18105400.0
1384,2021-10-18 07:16:56,57800.0,100.0,18104900.0
1385,2021-10-18 07:16:56,57800.0,100.0,18104800.0
1386,2021-10-18 07:16:56,57800.0,2000.0,18104700.0
1387,2021-10-18 07:16:56,57800.0,1000.0,18102700.0
1388,2021-10-18 07:16:56,57800.0,1000.0,18101700.0
1389,2021-10-18 07:16:56,57800.0,1000.0,18100700.0
1390,2021-10-18 07:16:55,57900.0,100.0,18099700.0
1391,2021-10-18 07:16:53,57800.0,400.0,18099600.0
1392,2021-10-18 07:16:53,57800.0,1300.0,18099200.0
1393,2021-10-18 07:16:53,57800.0,200.0,18097900.0
1394,2021-10-18 07:16:53,57800.0,100.0,18097700.0
1395,2021-10-18 07:16:51,57900.0,900.0,18097600.0
1396,2021-10-18 07:16:49,57800.0,400.0,18096700.0
1397,2021-10-18 07:16:48,57800.0,3800.0,18096300.0
1398,2021-10-18 07:16:48,57800.0,100.0,18092500.0
1399,2021-10-18 07:16:48,57800.0,100.0,18092400.0
1400,2021-10-18 07:16:48,57800.0,200.0,18092300.0
1401,2021-10-18 07:16:48,57800.0,1000.0,18092100.0
1402,2021-10-18 07:16:48,57800.0,200.0,18091100.0
1403,2021-10-18 07:16:48,57800.0,100.0,18090900.0
1404,2021-10-18 07:16:48,57800.0,500.0,18090800.0
1405,2021-10-18 07:16:48,57800.0,1000.0,18090300.0
1406,2021-10-18 07:16:48,57800.0,500.0,18089300.0
1407,2021-10-18 07:16:48,57800.0,100.0,18088800.0
1408,2021-10-18 07:16:48,57800.0,1000.0,18088700.0
1409,2021-10-18 07:16:48,57800.0,1000.0,18087700.0
1410,2021-10-18 07:16:48,57800.0,500.0,18086700.0
1411,2021-10-18 07:16:48,57800.0,100.0,18086200.0
1412,2021-10-18 07:16:48,57800.0,500.0,18086100.0
1413,2021-10-18 07:16:48,57800.0,500.0,18085600.0
1414,2021-10-18 07:16:48,57800.0,300.0,18085100.0
1415,2021-10-18 07:16:48,57800.0,100.0,18084800.0
1416,2021-10-18 07:16:48,57800.0,500.0,18084700.0
1417,2021-10-18 07:16:48,57800.0,5000.0,18084200.0
1418,2021-10-18 07:16:48,57800.0,500.0,18079200.0
1419,2021-10-18 07:16:48,57800.0,100.0,18078700.0
1420,2021-10-18 07:16:48,57800.0,500.0,18078600.0
1421,2021-10-18 07:16:48,57800.0,100.0,18078100.0
1422,2021-10-18 07:16:48,57800.0,500.0,18078000.0
1423,2021-10-18 07:16:48,57800.0,100.0,18077500.0
1424,2021-10-18 07:16:48,57800.0,1000.0,18077400.0
1425,2021-10-18 07:16:48,57800.0,3500.0,18076400.0
1426,2021-10-18 07:16:48,57800.0,5000.0,18072900.0
1427,2021-10-18 07:16:48,57800.0,100.0,18067900.0
1428,2021-10-18 07:16:48,57800.0,1500.0,18067800.0
1429,2021-10-18 07:16:48,57900.0,200.0,18066300.0
1430,2021-10-18 07:16:46,57800.0,100.0,18066100.0
1431,2021-10-18 07:16:46,57800.0,900.0,18066000.0
1432,2021-10-18 07:16:45,57800.0,100.0,18065100.0
1433,2021-10-18 07:16:45,57800.0,100.0,18065000.0
1434,2021-10-18 07:16:45,57800.0,1800.0,18064900.0
1435,2021-10-18 07:16:44,57800.0,100.0,18063100.0
1436,2021-10-18 07:16:41,57800.0,400.0,18063000.0
1437,2021-10-18 07:16:41,57900.0,1000.0,18062600.0
1438,2021-10-18 07:16:37,57800.0,400.0,18061600.0
1439,2021-10-18 07:16:37,57800.0,1500.0,18061200.0
1440,2021-10-18 07:16:36,57800.0,800.0,18059700.0
1441,2021-10-18 07:16:36,57800.0,200.0,18058900.0
1442,2021-10-18 07:16:36,57800.0,300.0,18058700.0
1443,2021-10-18 07:16:35,57800.0,20000.0,18058400.0
1444,2021-10-18 07:16:35,57900.0,1400.0,18038400.0
1445,2021-10-18 07:16:35,57900.0,4600.0,18037000.0
1446,2021-10-18 07:16:34,57900.0,100.0,18032400.0
1447,2021-10-18 07:16:34,57800.0,400.0,18032300.0
1448,2021-10-18 07:16:27,57900.0,600.0,18031900.0
1449,2021-10-18 07:16:21,57900.0,300.0,18031300.0
1450,2021-10-18 07:16:20,57900.0,800.0,18031000.0
1451,2021-10-18 07:16:20,57900.0,500.0,18030200.0
1452,2021-10-18 07:16:20,57900.0,1200.0,18029700.0
1453,2021-10-18 07:16:20,57900.0,100.0,18028500.0
1454,2021-10-18 07:16:20,57900.0,400.0,18028400.0
1455,2021-10-18 07:16:20,57900.0,2500.0,18028000.0
1456,2021-10-18 07:16:20,57900.0,14100.0,18025500.0
1457,2021-10-18 07:16:18,57900.0,100.0,18011400.0
1458,2021-10-18 07:16:09,57900.0,15800.0,18011300.0
1459,2021-10-18 07:16:09,57900.0,100.0,17995500.0
1460,2021-10-18 07:16:09,57900.0,4000.0,17995400.0
1461,2021-10-18 07:16:09,57900.0,100.0,17991400.0
1462,2021-10-18 07:16:08,57900.0,1000.0,17991300.0
1463,2021-10-18 07:16:06,57900.0,200.0,17990300.0
1464,2021-10-18 07:16:05,57900.0,200.0,17990100.0
1465,2021-10-18 07:16:05,57800.0,500.0,17989900.0
1466,2021-10-18 07:16:05,57900.0,5000.0,17989400.0
1467,2021-10-18 07:16:04,57800.0,100.0,17984400.0
1468,2021-10-18 07:16:04,57900.0,3500.0,17984300.0
1469,2021-10-18 07:16:04,57900.0,400.0,17980800.0
1470,2021-10-18 07:16:04,57900.0,2000.0,17980400.0
1471,2021-10-18 07:16:04,57900.0,4100.0,17978400.0
1472,2021-10-18 07:16:03,57800.0,1700.0,17974300.0
1473,2021-10-18 07:16:03,57800.0,1000.0,17972600.0
1474,2021-10-18 07:16:03,57800.0,200.0,17971600.0
1475,2021-10-18 07:16:03,57800.0,100.0,17971400.0
1476,2021-10-18 07:16:03,57800.0,100.0,17971300.0
1477,2021-10-18 07:16:03,57800.0,500.0,17971200.0
1478,2021-10-18 07:16:02,57800.0,300.0,17970700.0
1479,2021-10-18 07:16:02,57800.0,400.0,17970400.0
1480,2021-10-18 07:16:02,57800.0,1000.0,17970000.0
1481,2021-10-18 07:16:02,57800.0,600.0,17969000.0
1482,2021-10-18 07:16:02,57800.0,1000.0,17968400.0
1483,2021-10-18 07:16:02,57800.0,100.0,17967400.0
1484,2021-10-18 07:16:02,57800.0,100.0,17967300.0
1485,2021-10-18 07:16:02,57800.0,46500.0,17967200.0
1486,2021-10-18 07:16:02,57800.0,3000.0,17920700.0
1487,2021-10-18 07:16:02,57900.0,20000.0,17917700.0
1488,2021-10-18 07:16:00,57900.0,100.0,17897700.0
1489,2021-10-18 07:15:56,57900.0,3000.0,17897600.0
1490,2021-10-18 07:15:54,57900.0,10000.0,17894600.0
1491,2021-10-18 07:15:54,57900.0,300.0,17884600.0
1492,2021-10-18 07:15:52,57900.0,600.0,17884300.0
1493,2021-10-18 07:15:51,57900.0,1000.0,17883700.0
1494,2021-10-18 07:15:51,57900.0,1000.0,17882700.0
1495,2021-10-18 07:15:45,57900.0,100.0,17881700.0
1496,2021-10-18 07:15:43,57900.0,7300.0,17881600.0
1497,2021-10-18 07:15:43,57900.0,300.0,17874300.0
1498,2021-10-18 07:15:43,57900.0,2200.0,17874000.0
1499,2021-10-18 07:15:41,57900.0,100.0,17871800.0
1500,2021-10-18 07:15:40,57900.0,2000.0,17871700.0
1501,2021-10-18 07:15:40,57900.0,1000.0,17869700.0
1502,2021-10-18 07:15:38,57900.0,100.0,17868700.0
1503,2021-10-18 07:15:37,57900.0,500.0,17868600.0
1504,2021-10-18 07:15:37,57900.0,300.0,17868100.0
1505,2021-10-18 07:15:37,57900.0,800.0,17867800.0
1506,2021-10-18 07:15:37,57900.0,200.0,17867000.0
1507,2021-10-18 07:15:37,57900.0,1000.0,17866800.0
1508,2021-10-18 07:15:37,57900.0,200.0,17865800.0
1509,2021-10-18 07:15:37,57900.0,700.0,17865600.0
1510,2021-10-18 07:15:37,57900.0,700.0,17864900.0
1511,2021-10-18 07:15:37,57900.0,100.0,17864200.0
1512,2021-10-18 07:15:37,57900.0,100.0,17864100.0
1513,2021-10-18 07:15:37,57900.0,500.0,17864000.0
1514,2021-10-18 07:15:37,57900.0,1500.0,17863500.0
1515,2021-10-18 07:15:36,57800.0,100.0,17862000.0
1516,2021-10-18 07:15:36,57900.0,500.0,17861900.0
1517,2021-10-18 07:15:36,57900.0,500.0,17861400.0
1518,2021-10-18 07:15:36,57900.0,400.0,17860900.0
1519,2021-10-18 07:15:36,57900.0,800.0,17860500.0
1520,2021-10-18 07:15:36,57900.0,400.0,17859700.0
1521,2021-10-18 07:15:36,57900.0,200.0,17859300.0
1522,2021-10-18 07:15:36,57900.0,200.0,17859100.0
1523,2021-10-18 07:15:36,57900.0,200.0,17858900.0
1524,2021-10-18 07:15:36,57900.0,1000.0,17858700.0
1525,2021-10-18 07:15:36,57900.0,700.0,17857700.0
1526,2021-10-18 07:15:36,57900.0,100.0,17857000.0
1527,2021-10-18 07:15:35,57800.0,400.0,17856900.0
1528,2021-10-18 07:15:35,57800.0,1000.0,17856500.0
1529,2021-10-18 07:15:35,57800.0,200.0,17855500.0
1530,2021-10-18 07:15:35,57800.0,1000.0,17855300.0
1531,2021-10-18 07:15:30,57900.0,100.0,17854300.0
1532,2021-10-18 07:15:30,57900.0,200.0,17854200.0
1533,2021-10-18 07:15:30,57900.0,4700.0,17854000.0
1534,2021-10-18 07:15:28,57900.0,2000.0,17849300.0
1535,2021-10-18 07:15:26,57900.0,3300.0,17847300.0
1536,2021-10-18 07:15:26,57900.0,100.0,17844000.0
1537,2021-10-18 07:15:26,57900.0,100.0,17843900.0
1538,2021-10-18 07:15:25,57900.0,9900.0,17843800.0
1539,2021-10-18 07:15:25,57900.0,100.0,17833900.0
1540,2021-10-18 07:15:23,57900.0,1000.0,17833800.0
1541,2021-10-18 07:15:23,57800.0,5000.0,17832800.0
1542,2021-10-18 07:15:23,57800.0,200.0,17827800.0
1543,2021-10-18 07:15:23,57800.0,1000.0,17827600.0
1544,2021-10-18 07:15:23,57800.0,200.0,17826600.0
1545,2021-10-18 07:15:23,57800.0,3600.0,17826400.0
1546,2021-10-18 07:15:22,57900.0,300.0,17822800.0
1547,2021-10-18 07:15:22,57800.0,100.0,17822500.0
1548,2021-10-18 07:15:21,57800.0,2000.0,17822400.0
1549,2021-10-18 07:15:21,57900.0,700.0,17820400.0
1550,2021-10-18 07:15:21,57900.0,500.0,17819700.0
1551,2021-10-18 07:15:21,57900.0,300.0,17819200.0
1552,2021-10-18 07:15:19,57900.0,300.0,17818900.0
1553,2021-10-18 07:15:19,57900.0,400.0,17818600.0
1554,2021-10-18 07:15:19,57900.0,7300.0,17818200.0
1555,2021-10-18 07:15:18,57900.0,100.0,17810900.0
1556,2021-10-18 07:15:15,57900.0,1000.0,17810800.0
1557,2021-10-18 07:15:13,57900.0,800.0,17809800.0
1558,2021-10-18 07:15:13,57900.0,800.0,17809000.0
1559,2021-10-18 07:15:13,57900.0,200.0,17808200.0
1560,2021-10-18 07:15:13,57900.0,100.0,17808000.0
1561,2021-10-18 07:15:13,57900.0,3200.0,17807900.0
1562,2021-10-18 07:15:12,57900.0,800.0,17804700.0
1563,2021-10-18 07:15:12,57900.0,200.0,17803900.0
1564,2021-10-18 07:15:11,57900.0,200.0,17803700.0
1565,2021-10-18 07:15:11,57900.0,2600.0,17803500.0
1566,2021-10-18 07:15:11,57900.0,500.0,17800900.0
1567,2021-10-18 07:15:11,57900.0,1900.0,17800400.0
1568,2021-10-18 07:15:11,57900.0,100.0,17798500.0
1569,2021-10-18 07:15:10,57900.0,1700.0,17798400.0
1570,2021-10-18 07:15:09,57900.0,6300.0,17796700.0
1571,2021-10-18 07:15:09,57900.0,500.0,17790400.0
1572,2021-10-18 07:15:09,57900.0,300.0,17789900.0
1573,2021-10-18 07:15:09,57900.0,100.0,17789600.0
1574,2021-10-18 07:15:09,57900.0,7800.0,17789500.0
1575,2021-10-18 07:15:05,57900.0,5000.0,17781700.0
1576,2021-10-18 07:15:01,57900.0,3000.0,17776700.0
1577,2021-10-18 07:14:59,57900.0,200.0,17773700.0
1578,2021-10-18 07:14:59,57800.0,200.0,17773500.0
1579,2021-10-18 07:14:58,57900.0,2700.0,17773300.0
1580,2021-10-18 07:14:52,57900.0,10000.0,17770600.0
1581,2021-10-18 07:14:51,57900.0,100.0,17760600.0
1582,2021-10-18 07:14:51,57900.0,200.0,17760500.0
1583,2021-10-18 07:14:50,57800.0,700.0,17760300.0
1584,2021-10-18 07:14:49,57900.0,5000.0,17759600.0
1585,2021-10-18 07:14:49,57900.0,1000.0,17754600.0
1586,2021-10-18 07:14:44,57800.0,400.0,17753600.0
1587,2021-10-18 07:14:44,57800.0,6000.0,17753200.0
1588,2021-10-18 07:14:43,57900.0,2000.0,17747200.0
1589,2021-10-18 07:14:42,57900.0,1900.0,17745200.0
1590,2021-10-18 07:14:41,57900.0,1000.0,17743300.0
1591,2021-10-18 07:14:38,57900.0,100.0,17742300.0
1592,2021-10-18 07:14:37,57900.0,1000.0,17742200.0
1593,2021-10-18 07:14:35,57900.0,9000.0,17741200.0
1594,2021-10-18 07:14:35,57900.0,100.0,17732200.0
1595,2021-10-18 07:14:35,57900.0,200.0,17732100.0
1596,2021-10-18 07:14:35,57900.0,700.0,17731900.0
1597,2021-10-18 07:14:34,57900.0,100.0,17731200.0
1598,2021-10-18 07:14:32,57900.0,200.0,17731100.0
1599,2021-10-18 07:14:32,57900.0,100.0,17730900.0
1600,2021-10-18 07:14:29,57900.0,200.0,17730800.0
1601,2021-10-18 07:14:29,57900.0,500.0,17730600.0
1602,2021-10-18 07:14:28,57800.0,200.0,17730100.0
1603,2021-10-18 07:14:28,57900.0,200.0,17729900.0
1604,2021-10-18 07:14:27,57900.0,3000.0,17729700.0
1605,2021-10-18 07:14:27,57900.0,1000.0,17726700.0
1606,2021-10-18 07:14:27,57900.0,100.0,17725700.0
1607,2021-10-18 07:14:27,57900.0,200.0,17725600.0
1608,2021-10-18 07:14:27,57900.0,700.0,17725400.0
1609,2021-10-18 07:14:26,57900.0,100.0,17724700.0
1610,2021-10-18 07:14:26,57900.0,200.0,17724600.0
1611,2021-10-18 07:14:26,57900.0,300.0,17724400.0
1612,2021-10-18 07:14:24,57900.0,300.0,17724100.0
1613,2021-10-18 07:14:22,57900.0,1000.0,17723800.0
1614,2021-10-18 07:14:21,57900.0,100.0,17722800.0
1615,2021-10-18 07:14:19,57900.0,300.0,17722700.0
1616,2021-10-18 07:14:19,57900.0,100.0,17722400.0
1617,2021-10-18 07:14:19,57900.0,500.0,17722300.0
1618,2021-10-18 07:14:19,57900.0,300.0,17721800.0
1619,2021-10-18 07:14:19,57900.0,500.0,17721500.0
1620,2021-10-18 07:14:19,57900.0,900.0,17721000.0
1621,2021-10-18 07:14:19,57900.0,1900.0,17720100.0
1622,2021-10-18 07:14:18,57900.0,100.0,17718200.0
1623,2021-10-18 07:14:17,57900.0,2000.0,17718100.0
1624,2021-10-18 07:14:16,57900.0,100.0,17716100.0
1625,2021-10-18 07:14:15,57800.0,200.0,17716000.0
1626,2021-10-18 07:14:14,57800.0,4200.0,17715800.0
1627,2021-10-18 07:14:12,57900.0,5000.0,17711600.0
1628,2021-10-18 07:14:12,57800.0,2400.0,17706600.0
1629,2021-10-18 07:14:12,57800.0,100.0,17704200.0
1630,2021-10-18 07:14:12,57800.0,100.0,17704100.0
1631,2021-10-18 07:14:12,57800.0,100.0,17704000.0
1632,2021-10-18 07:14:12,57800.0,300.0,17703900.0
1633,2021-10-18 07:14:12,57800.0,500.0,17703600.0
1634,2021-10-18 07:14:12,57800.0,300.0,17703100.0
1635,2021-10-18 07:14:12,57800.0,2000.0,17702800.0
1636,2021-10-18 07:14:12,57800.0,100.0,17700800.0
1637,2021-10-18 07:14:12,57800.0,200.0,17700700.0
1638,2021-10-18 07:14:12,57800.0,100.0,17700500.0
1639,2021-10-18 07:14:11,57800.0,400.0,17700400.0
1640,2021-10-18 07:14:11,57800.0,100.0,17700000.0
1641,2021-10-18 07:14:11,57800.0,300.0,17699900.0
1642,2021-10-18 07:14:11,58000.0,24500.0,17699600.0
1643,2021-10-18 07:14:11,57900.0,200.0,17675100.0
1644,2021-10-18 07:14:11,57900.0,100.0,17674900.0
1645,2021-10-18 07:14:11,57900.0,200.0,17674800.0
1646,2021-10-18 07:14:11,57900.0,500.0,17674600.0
1647,2021-10-18 07:14:11,57900.0,300.0,17674100.0
1648,2021-10-18 07:14:11,57900.0,6000.0,17673800.0
1649,2021-10-18 07:14:11,57900.0,5000.0,17667800.0
1650,2021-10-18 07:14:11,57900.0,1000.0,17662800.0
1651,2021-10-18 07:14:11,57900.0,2200.0,17661800.0
1652,2021-10-18 07:14:11,57800.0,200.0,17659600.0
1653,2021-10-18 07:14:11,57800.0,100.0,17659400.0
1654,2021-10-18 07:14:11,57800.0,900.0,17659300.0
1655,2021-10-18 07:14:11,57800.0,3000.0,17658400.0
1656,2021-10-18 07:14:11,57800.0,300.0,17655400.0
1657,2021-10-18 07:14:11,57800.0,100.0,17655100.0
1658,2021-10-18 07:14:11,57800.0,100.0,17655000.0
1659,2021-10-18 07:14:11,57800.0,100.0,17654900.0
1660,2021-10-18 07:14:11,57800.0,400.0,17654800.0
1661,2021-10-18 07:14:11,57800.0,2000.0,17654400.0
1662,2021-10-18 07:14:11,57800.0,5000.0,17652400.0
1663,2021-10-18 07:14:11,57800.0,100.0,17647400.0
1664,2021-10-18 07:14:11,57800.0,100.0,17647300.0
1665,2021-10-18 07:14:11,57800.0,1000.0,17647200.0
1666,2021-10-18 07:14:11,57800.0,200.0,17646200.0
1667,2021-10-18 07:14:11,57800.0,5000.0,17646000.0
1668,2021-10-18 07:14:11,57800.0,300.0,17641000.0
1669,2021-10-18 07:14:11,57800.0,100.0,17640700.0
1670,2021-10-18 07:14:11,57800.0,500.0,17640600.0
1671,2021-10-18 07:14:11,57800.0,500.0,17640100.0
1672,2021-10-18 07:14:11,57800.0,100.0,17639600.0
1673,2021-10-18 07:14:11,57800.0,400.0,17639500.0
1674,2021-10-18 07:14:11,57800.0,100.0,17639100.0
1675,2021-10-18 07:14:11,57800.0,100.0,17639000.0
1676,2021-10-18 07:14:11,57800.0,500.0,17638900.0
1677,2021-10-18 07:14:11,57800.0,300.0,17638400.0
1678,2021-10-18 07:14:11,57800.0,100.0,17638100.0
1679,2021-10-18 07:14:11,57800.0,100.0,17638000.0
1680,2021-10-18 07:14:11,57800.0,100.0,17637900.0
1681,2021-10-18 07:14:11,57800.0,2000.0,17637800.0
1682,2021-10-18 07:14:11,57800.0,200.0,17635800.0
1683,2021-10-18 07:14:11,57800.0,1000.0,17635600.0
1684,2021-10-18 07:14:11,57800.0,3000.0,17634600.0
1685,2021-10-18 07:14:11,57800.0,5000.0,17631600.0
1686,2021-10-18 07:14:11,57800.0,100.0,17626600.0
1687,2021-10-18 07:14:11,57800.0,400.0,17626500.0
1688,2021-10-18 07:14:11,57800.0,300.0,17626100.0
1689,2021-10-18 07:14:11,57800.0,200.0,17625800.0
1690,2021-10-18 07:14:11,57800.0,1000.0,17625600.0
1691,2021-10-18 07:14:11,57800.0,1000.0,17624600.0
1692,2021-10-18 07:14:11,57800.0,1000.0,17623600.0
1693,2021-10-18 07:14:11,57800.0,100.0,17622600.0
1694,2021-10-18 07:14:11,57800.0,100.0,17622500.0
1695,2021-10-18 07:14:11,57800.0,100.0,17622400.0
1696,2021-10-18 07:14:11,57800.0,200.0,17622300.0
1697,2021-10-18 07:14:11,57800.0,100.0,17622100.0
1698,2021-10-18 07:14:11,57800.0,100.0,17622000.0
1699,2021-10-18 07:14:11,57800.0,1000.0,17621900.0
1700,2021-10-18 07:14:11,57800.0,100.0,17620900.0
1701,2021-10-18 07:14:11,57800.0,300.0,17620800.0
1702,2021-10-18 07:14:11,57800.0,2800.0,17620500.0
1703,2021-10-18 07:14:11,57800.0,200.0,17617700.0
1704,2021-10-18 07:14:11,57800.0,100.0,17617500.0
1705,2021-10-18 07:14:11,57800.0,2000.0,17617400.0
1706,2021-10-18 07:14:11,57800.0,500.0,17615400.0
1707,2021-10-18 07:14:11,57800.0,300.0,17614900.0
1708,2021-10-18 07:14:11,57800.0,1300.0,17614600.0
1709,2021-10-18 07:14:11,57800.0,100.0,17613300.0
1710,2021-10-18 07:14:11,57800.0,900.0,17613200.0
1711,2021-10-18 07:14:11,57800.0,100.0,17612300.0
1712,2021-10-18 07:14:11,57800.0,100.0,17612200.0
1713,2021-10-18 07:14:11,57800.0,1000.0,17612100.0
1714,2021-10-18 07:14:11,57800.0,200.0,17611100.0
1715,2021-10-18 07:14:11,57800.0,5000.0,17610900.0
1716,2021-10-18 07:14:11,57800.0,30000.0,17605900.0
1717,2021-10-18 07:14:11,57800.0,500.0,17575900.0
1718,2021-10-18 07:14:11,57800.0,100.0,17575400.0
1719,2021-10-18 07:14:11,57800.0,2000.0,17575300.0
1720,2021-10-18 07:14:11,57800.0,200.0,17573300.0
1721,2021-10-18 07:14:11,57800.0,100.0,17573100.0
1722,2021-10-18 07:14:11,57800.0,5000.0,17573000.0
1723,2021-10-18 07:14:11,57800.0,100.0,17568000.0
1724,2021-10-18 07:14:11,57800.0,200.0,17567900.0
1725,2021-10-18 07:14:11,57800.0,8100.0,17567700.0
1726,2021-10-18 07:14:10,57900.0,300.0,17559600.0
1727,2021-10-18 07:14:10,57900.0,100.0,17559300.0
1728,2021-10-18 07:14:09,57900.0,300.0,17559200.0
1729,2021-10-18 07:14:09,57900.0,100.0,17558900.0
1730,2021-10-18 07:14:09,57900.0,4800.0,17558800.0
1731,2021-10-18 07:14:08,57900.0,100.0,17554000.0
1732,2021-10-18 07:14:07,57900.0,100.0,17553900.0
1733,2021-10-18 07:14:07,57900.0,1000.0,17553800.0
1734,2021-10-18 07:14:07,57900.0,100.0,17552800.0
1735,2021-10-18 07:14:07,57900.0,800.0,17552700.0
1736,2021-10-18 07:14:07,57900.0,100.0,17551900.0
1737,2021-10-18 07:14:07,57900.0,200.0,17551800.0
1738,2021-10-18 07:14:07,57900.0,200.0,17551600.0
1739,2021-10-18 07:14:07,57900.0,1000.0,17551400.0
1740,2021-10-18 07:14:07,57900.0,2000.0,17550400.0
1741,2021-10-18 07:14:07,57900.0,1200.0,17548400.0
1742,2021-10-18 07:14:07,57900.0,300.0,17547200.0
1743,2021-10-18 07:14:06,57800.0,5100.0,17546900.0
1744,2021-10-18 07:14:06,57800.0,1600.0,17541800.0
1745,2021-10-18 07:14:05,57900.0,200.0,17540200.0
1746,2021-10-18 07:14:05,57900.0,100.0,17540000.0
1747,2021-10-18 07:14:05,57900.0,400.0,17539900.0
1748,2021-10-18 07:14:05,57900.0,100.0,17539500.0
1749,2021-10-18 07:14:05,57900.0,1200.0,17539400.0
1750,2021-10-18 07:14:05,57800.0,5200.0,17538200.0
1751,2021-10-18 07:14:05,57800.0,2000.0,17533000.0
1752,2021-10-18 07:14:05,57800.0,200.0,17531000.0
1753,2021-10-18 07:14:05,57800.0,100.0,17530800.0
1754,2021-10-18 07:14:05,57800.0,500.0,17530700.0
1755,2021-10-18 07:14:05,57800.0,3000.0,17530200.0
1756,2021-10-18 07:14:05,57800.0,100.0,17527200.0
1757,2021-10-18 07:14:05,57800.0,100.0,17527100.0
1758,2021-10-18 07:14:05,57800.0,100.0,17527000.0
1759,2021-10-18 07:14:05,57800.0,100.0,17526900.0
1760,2021-10-18 07:14:05,57800.0,10000.0,17526800.0
1761,2021-10-18 07:14:05,57800.0,500.0,17516800.0
1762,2021-10-18 07:14:05,57800.0,100.0,17516300.0
1763,2021-10-18 07:14:05,57800.0,100.0,17516200.0
1764,2021-10-18 07:14:05,57800.0,3000.0,17516100.0
1765,2021-10-18 07:14:05,57800.0,100.0,17513100.0
1766,2021-10-18 07:14:05,57800.0,1000.0,17513000.0
1767,2021-10-18 07:14:05,57800.0,500.0,17512000.0
1768,2021-10-18 07:14:05,57800.0,100.0,17511500.0
1769,2021-10-18 07:14:05,57800.0,73200.0,17511400.0
1770,2021-10-18 07:14:04,57900.0,200.0,17438200.0
1771,2021-10-18 07:14:04,57900.0,1000.0,17438000.0
1772,2021-10-18 07:14:04,57900.0,100.0,17437000.0
1773,2021-10-18 07:14:03,57900.0,600.0,17436900.0
1774,2021-10-18 07:14:03,57800.0,100.0,17436300.0
1775,2021-10-18 07:14:02,57800.0,2100.0,17436200.0
1776,2021-10-18 07:13:58,57900.0,400.0,17434100.0
1777,2021-10-18 07:13:58,57900.0,600.0,17433700.0
1778,2021-10-18 07:13:58,57800.0,74600.0,17433100.0
1779,2021-10-18 07:13:58,57800.0,1000.0,17358500.0
1780,2021-10-18 07:13:58,57800.0,10000.0,17357500.0
1781,2021-10-18 07:13:58,57800.0,300.0,17347500.0
1782,2021-10-18 07:13:58,57800.0,300.0,17347200.0
1783,2021-10-18 07:13:58,57800.0,100.0,17346900.0
1784,2021-10-18 07:13:58,57800.0,1000.0,17346800.0
1785,2021-10-18 07:13:58,57800.0,100.0,17345800.0
1786,2021-10-18 07:13:58,57800.0,100.0,17345700.0
1787,2021-10-18 07:13:58,57800.0,200.0,17345600.0
1788,2021-10-18 07:13:58,57800.0,100.0,17345400.0
1789,2021-10-18 07:13:58,57800.0,3000.0,17345300.0
1790,2021-10-18 07:13:58,57800.0,100.0,17342300.0
1791,2021-10-18 07:13:58,57800.0,5000.0,17342200.0
1792,2021-10-18 07:13:58,57800.0,200.0,17337200.0
1793,2021-10-18 07:13:58,57800.0,100.0,17337000.0
1794,2021-10-18 07:13:58,57800.0,100.0,17336900.0
1795,2021-10-18 07:13:58,57800.0,2400.0,17336800.0
1796,2021-10-18 07:13:58,57800.0,100.0,17334400.0
1797,2021-10-18 07:13:58,57800.0,100.0,17334300.0
1798,2021-10-18 07:13:58,57800.0,200.0,17334200.0
1799,2021-10-18 07:13:58,57800.0,500.0,17334000.0
1800,2021-10-18 07:13:58,57800.0,400.0,17333500.0
1801,2021-10-18 07:13:57,57900.0,100.0,17333100.0
1802,2021-10-18 07:13:56,57900.0,1100.0,17333000.0
1803,2021-10-18 07:13:56,57900.0,100.0,17331900.0
1804,2021-10-18 07:13:56,57900.0,10000.0,17331800.0
1805,2021-10-18 07:13:56,57900.0,8800.0,17321800.0
1806,2021-10-18 07:13:55,57800.0,200.0,17313000.0
1807,2021-10-18 07:13:55,57800.0,200.0,17312800.0
1808,2021-10-18 07:13:55,57800.0,200.0,17312600.0
1809,2021-10-18 07:13:54,57900.0,2000.0,17312400.0
1810,2021-10-18 07:13:53,57900.0,3000.0,17310400.0
1811,2021-10-18 07:13:51,57900.0,5000.0,17307400.0
1812,2021-10-18 07:13:47,57800.0,500.0,17302400.0
1813,2021-10-18 07:13:45,57800.0,100.0,17301900.0
1814,2021-10-18 07:13:44,57800.0,400.0,17301800.0
1815,2021-10-18 07:13:44,57800.0,600.0,17301400.0
1816,2021-10-18 07:13:44,57800.0,1000.0,17300800.0
1817,2021-10-18 07:13:43,57900.0,200.0,17299800.0
1818,2021-10-18 07:13:40,57900.0,1000.0,17299600.0
1819,2021-10-18 07:13:39,57800.0,1000.0,17298600.0
1820,2021-10-18 07:13:37,57900.0,5000.0,17297600.0
1821,2021-10-18 07:13:37,57900.0,400.0,17292600.0
1822,2021-10-18 07:13:37,57900.0,300.0,17292200.0
1823,2021-10-18 07:13:37,57900.0,1000.0,17291900.0
1824,2021-10-18 07:13:37,57900.0,1000.0,17290900.0
1825,2021-10-18 07:13:37,57900.0,700.0,17289900.0
1826,2021-10-18 07:13:37,57900.0,100.0,17289200.0
1827,2021-10-18 07:13:37,57900.0,100.0,17289100.0
1828,2021-10-18 07:13:37,57900.0,100.0,17289000.0
1829,2021-10-18 07:13:37,57900.0,1000.0,17288900.0
1830,2021-10-18 07:13:37,57900.0,500.0,17287900.0
1831,2021-10-18 07:13:37,57900.0,300.0,17287400.0
1832,2021-10-18 07:13:37,57900.0,100.0,17287100.0
1833,2021-10-18 07:13:37,57900.0,800.0,17287000.0
1834,2021-10-18 07:13:37,57900.0,300.0,17286200.0
1835,2021-10-18 07:13:37,57900.0,1000.0,17285900.0
1836,2021-10-18 07:13:37,57900.0,100.0,17284900.0
1837,2021-10-18 07:13:37,57900.0,57200.0,17284800.0
1838,2021-10-18 07:13:35,57900.0,2400.0,17227600.0
1839,2021-10-18 07:13:35,57900.0,400.0,17225200.0
1840,2021-10-18 07:13:35,57900.0,30000.0,17224800.0
1841,2021-10-18 07:13:35,57900.0,100.0,17194800.0
1842,2021-10-18 07:13:35,57900.0,100.0,17194700.0
1843,2021-10-18 07:13:35,57900.0,4400.0,17194600.0
1844,2021-10-18 07:13:31,57800.0,200.0,17190200.0
1845,2021-10-18 07:13:31,57800.0,200.0,17190000.0
1846,2021-10-18 07:13:31,57800.0,200.0,17189800.0
1847,2021-10-18 07:13:31,57800.0,4600.0,17189600.0
1848,2021-10-18 07:13:26,57900.0,6000.0,17185000.0
1849,2021-10-18 07:13:25,57800.0,100.0,17179000.0
1850,2021-10-18 07:13:25,57800.0,100.0,17178900.0
1851,2021-10-18 07:13:24,57800.0,200.0,17178800.0
1852,2021-10-18 07:13:24,57800.0,1800.0,17178600.0
1853,2021-10-18 07:13:24,57900.0,100.0,17176800.0
1854,2021-10-18 07:13:24,57800.0,200.0,17176700.0
1855,2021-10-18 07:13:24,57800.0,800.0,17176500.0
1856,2021-10-18 07:13:23,57900.0,8500.0,17175700.0
1857,2021-10-18 07:13:23,57900.0,24900.0,17167200.0
1858,2021-10-18 07:13:23,57900.0,200.0,17142300.0
1859,2021-10-18 07:13:23,57900.0,500.0,17142100.0
1860,2021-10-18 07:13:23,57900.0,100.0,17141600.0
1861,2021-10-18 07:13:23,57900.0,100.0,17141500.0
1862,2021-10-18 07:13:23,57900.0,2500.0,17141400.0
1863,2021-10-18 07:13:23,57900.0,1000.0,17138900.0
1864,2021-10-18 07:13:23,57900.0,100.0,17137900.0
1865,2021-10-18 07:13:23,57900.0,1000.0,17137800.0
1866,2021-10-18 07:13:23,57900.0,500.0,17136800.0
1867,2021-10-18 07:13:23,57900.0,400.0,17136300.0
1868,2021-10-18 07:13:23,57900.0,200.0,17135900.0
1869,2021-10-18 07:13:22,57800.0,100.0,17135700.0
1870,2021-10-18 07:13:20,57900.0,2000.0,17135600.0
1871,2021-10-18 07:13:19,57800.0,1000.0,17133600.0
1872,2021-10-18 07:13:14,57900.0,1700.0,17132600.0
1873,2021-10-18 07:13:13,57900.0,1000.0,17130900.0
1874,2021-10-18 07:13:11,57800.0,500.0,17129900.0
1875,2021-10-18 07:13:07,57800.0,1000.0,17129400.0
1876,2021-10-18 07:13:07,57800.0,200.0,17128400.0
1877,2021-10-18 07:13:06,57900.0,500.0,17128200.0
1878,2021-10-18 07:13:06,57800.0,500.0,17127700.0
1879,2021-10-18 07:13:04,57900.0,2000.0,17127200.0
1880,2021-10-18 07:13:03,57800.0,1900.0,17125200.0
1881,2021-10-18 07:13:02,57900.0,2700.0,17123300.0
1882,2021-10-18 07:13:00,57900.0,100.0,17120600.0
1883,2021-10-18 07:13:00,57900.0,400.0,17120500.0
1884,2021-10-18 07:13:00,57900.0,500.0,17120100.0
1885,2021-10-18 07:13:00,57900.0,100.0,17119600.0
1886,2021-10-18 07:13:00,57900.0,800.0,17119500.0
1887,2021-10-18 07:12:59,57800.0,200.0,17118700.0
1888,2021-10-18 07:12:59,57800.0,300.0,17118500.0
1889,2021-10-18 07:12:58,57800.0,1000.0,17118200.0
1890,2021-10-18 07:12:57,57800.0,200.0,17117200.0
1891,2021-10-18 07:12:57,57800.0,500.0,17117000.0
1892,2021-10-18 07:12:56,57800.0,100.0,17116500.0
1893,2021-10-18 07:12:54,57800.0,500.0,17116400.0
1894,2021-10-18 07:12:53,57800.0,10000.0,17115900.0
1895,2021-10-18 07:12:52,57900.0,500.0,17105900.0
1896,2021-10-18 07:12:52,57900.0,3700.0,17105400.0
1897,2021-10-18 07:12:52,57900.0,3000.0,17101700.0
1898,2021-10-18 07:12:52,57900.0,3300.0,17098700.0
1899,2021-10-18 07:12:52,57900.0,500.0,17095400.0
1900,2021-10-18 07:12:51,57800.0,100.0,17094900.0
1901,2021-10-18 07:12:50,57900.0,1200.0,17094800.0
1902,2021-10-18 07:12:50,57900.0,200.0,17093600.0
1903,2021-10-18 07:12:50,57900.0,1300.0,17093400.0
1904,2021-10-18 07:12:47,57900.0,11200.0,17092100.0
1905,2021-10-18 07:12:47,57900.0,1400.0,17080900.0
1906,2021-10-18 07:12:47,57900.0,500.0,17079500.0
1907,2021-10-18 07:12:47,57900.0,200.0,17079000.0
1908,2021-10-18 07:12:47,57900.0,100.0,17078800.0
1909,2021-10-18 07:12:47,57900.0,700.0,17078700.0
1910,2021-10-18 07:12:47,57900.0,2000.0,17078000.0
1911,2021-10-18 07:12:47,57900.0,1000.0,17076000.0
1912,2021-10-18 07:12:47,57900.0,500.0,17075000.0
1913,2021-10-18 07:12:47,57900.0,100.0,17074500.0
1914,2021-10-18 07:12:47,57900.0,500.0,17074400.0
1915,2021-10-18 07:12:47,57900.0,1800.0,17073900.0
1916,2021-10-18 07:12:46,57900.0,10000.0,17072100.0
1917,2021-10-18 07:12:43,57900.0,2000.0,17062100.0
1918,2021-10-18 07:12:43,57800.0,1000.0,17060100.0
1919,2021-10-18 07:12:43,57900.0,2700.0,17059100.0
1920,2021-10-18 07:12:42,57800.0,1000.0,17056400.0
1921,2021-10-18 07:12:41,57800.0,400.0,17055400.0
1922,2021-10-18 07:12:36,57900.0,300.0,17055000.0
1923,2021-10-18 07:12:36,57900.0,100.0,17054700.0
1924,2021-10-18 07:12:36,57900.0,200.0,17054600.0
1925,2021-10-18 07:12:36,57900.0,100.0,17054400.0
1926,2021-10-18 07:12:35,57900.0,2000.0,17054300.0
1927,2021-10-18 07:12:34,57900.0,700.0,17052300.0
1928,2021-10-18 07:12:30,57900.0,200.0,17051600.0
1929,2021-10-18 07:12:29,57900.0,1900.0,17051400.0
1930,2021-10-18 07:12:26,57800.0,100.0,17049500.0
1931,2021-10-18 07:12:22,57900.0,500.0,17049400.0
1932,2021-10-18 07:12:21,57800.0,200.0,17048900.0
1933,2021-10-18 07:12:20,57900.0,200.0,17048700.0
1934,2021-10-18 07:12:20,57900.0,1600.0,17048500.0
1935,2021-10-18 07:12:18,57900.0,5000.0,17046900.0
1936,2021-10-18 07:12:17,57900.0,500.0,17041900.0
1937,2021-10-18 07:12:14,57900.0,200.0,17041400.0
1938,2021-10-18 07:12:14,57800.0,800.0,17041200.0
1939,2021-10-18 07:12:14,57800.0,700.0,17040400.0
1940,2021-10-18 07:12:13,57800.0,200.0,17039700.0
1941,2021-10-18 07:12:13,57900.0,100.0,17039500.0
1942,2021-10-18 07:12:12,57800.0,4000.0,17039400.0
1943,2021-10-18 07:12:11,57900.0,100.0,17035400.0
1944,2021-10-18 07:12:10,57900.0,5000.0,17035300.0
1945,2021-10-18 07:12:10,57900.0,100.0,17030300.0
1946,2021-10-18 07:12:10,57900.0,400.0,17030200.0
1947,2021-10-18 07:12:10,57900.0,1000.0,17029800.0
1948,2021-10-18 07:12:10,57900.0,2700.0,17028800.0
1949,2021-10-18 07:12:10,57900.0,200.0,17026100.0
1950,2021-10-18 07:12:10,57900.0,400.0,17025900.0
1951,2021-10-18 07:12:10,57900.0,200.0,17025500.0
1952,2021-10-18 07:12:09,57900.0,1400.0,17025300.0
1953,2021-10-18 07:12:09,57900.0,500.0,17023900.0
1954,2021-10-18 07:12:09,57900.0,100.0,17023400.0
1955,2021-10-18 07:12:09,57900.0,200.0,17023300.0
1956,2021-10-18 07:12:09,57900.0,2700.0,17023100.0
1957,2021-10-18 07:12:09,57900.0,300.0,17020400.0
1958,2021-10-18 07:12:08,57900.0,700.0,17020100.0
1959,2021-10-18 07:12:08,57900.0,4300.0,17019400.0
1960,2021-10-18 07:12:08,57900.0,500.0,17015100.0
1961,2021-10-18 07:12:07,57900.0,200.0,17014600.0
1962,2021-10-18 07:12:07,57900.0,100.0,17014400.0
1963,2021-10-18 07:12:07,57900.0,200.0,17014300.0
1964,2021-10-18 07:12:07,57900.0,200.0,17014100.0
1965,2021-10-18 07:12:07,57900.0,200.0,17013900.0
1966,2021-10-18 07:12:06,57900.0,1000.0,17013700.0
1967,2021-10-18 07:12:06,57900.0,100.0,17012700.0
1968,2021-10-18 07:12:06,57900.0,100.0,17012600.0
1969,2021-10-18 07:12:06,57900.0,1800.0,17012500.0
1970,2021-10-18 07:12:05,57900.0,10200.0,17010700.0
1971,2021-10-18 07:12:05,57900.0,1000.0,17000500.0
1972,2021-10-18 07:12:05,57900.0,200.0,16999500.0
1973,2021-10-18 07:12:05,57900.0,500.0,16999300.0
1974,2021-10-18 07:12:05,57900.0,200.0,16998800.0
1975,2021-10-18 07:12:05,57900.0,100.0,16998600.0
1976,2021-10-18 07:12:05,57900.0,5000.0,16998500.0
1977,2021-10-18 07:12:05,57900.0,1000.0,16993500.0
1978,2021-10-18 07:12:05,57900.0,3000.0,16992500.0
1979,2021-10-18 07:12:05,57900.0,10000.0,16989500.0
1980,2021-10-18 07:12:05,57900.0,1000.0,16979500.0
1981,2021-10-18 07:12:05,57900.0,100.0,16978500.0
1982,2021-10-18 07:12:05,57900.0,1000.0,16978400.0
1983,2021-10-18 07:12:05,57900.0,300.0,16977400.0
1984,2021-10-18 07:12:05,57900.0,500.0,16977100.0
1985,2021-10-18 07:12:05,57900.0,500.0,16976600.0
1986,2021-10-18 07:12:05,57900.0,100.0,16976100.0
1987,2021-10-18 07:12:05,57900.0,200.0,16976000.0
1988,2021-10-18 07:12:05,57900.0,100.0,16975800.0
1989,2021-10-18 07:12:05,57900.0,200.0,16975700.0
1990,2021-10-18 07:12:05,57900.0,200.0,16975500.0
1991,2021-10-18 07:12:05,57900.0,200.0,16975300.0
1992,2021-10-18 07:12:05,57900.0,300.0,16975100.0
1993,2021-10-18 07:12:05,57900.0,100.0,16974800.0
1994,2021-10-18 07:12:05,57900.0,1000.0,16974700.0
1995,2021-10-18 07:12:05,57900.0,1000.0,16973700.0
1996,2021-10-18 07:12:05,57900.0,400.0,16972700.0
1997,2021-10-18 07:12:05,57900.0,100.0,16972300.0
1998,2021-10-18 07:12:05,57900.0,11500.0,16972200.0
1999,2021-10-18 07:12:05,57900.0,3000.0,16960700.0
2000,2021-10-18 07:12:05,58000.0,1700.0,16957700.0
2001,2021-10-18 07:12:04,57900.0,300.0,16956000.0
2002,2021-10-18 07:12:04,57900.0,500.0,16955700.0
2003,2021-10-18 07:12:03,57900.0,5000.0,16955200.0
2004,2021-10-18 07:12:03,57900.0,500.0,16950200.0
