,Time,Price,Volume_per_trade,Volume
0,2021-10-07 07:45:01,97000.0,200.0,414300.0
1,2021-10-07 07:45:01,97000.0,800.0,414100.0
2,2021-10-07 07:45:01,97000.0,400.0,413300.0
3,2021-10-07 07:45:01,97000.0,100.0,412900.0
4,2021-10-07 07:45:01,97000.0,100.0,412800.0
5,2021-10-07 07:45:01,97000.0,500.0,412700.0
6,2021-10-07 07:45:01,97000.0,200.0,412200.0
7,2021-10-07 07:45:01,97000.0,300.0,412000.0
8,2021-10-07 07:45:01,97000.0,100.0,411700.0
9,2021-10-07 07:45:01,97000.0,100.0,411600.0
10,2021-10-07 07:45:01,97000.0,100.0,411500.0
11,2021-10-07 07:45:01,97000.0,1000.0,411400.0
12,2021-10-07 07:45:01,97000.0,100.0,410400.0
13,2021-10-07 07:45:01,97000.0,900.0,410300.0
14,2021-10-07 07:45:01,97000.0,400.0,409400.0
15,2021-10-07 07:45:01,97000.0,200.0,409000.0
16,2021-10-07 07:45:01,97000.0,300.0,408800.0
17,2021-10-07 07:45:01,97000.0,200.0,408500.0
18,2021-10-07 07:45:01,97000.0,300.0,408300.0
19,2021-10-07 07:45:01,97000.0,200.0,408000.0
20,2021-10-07 07:45:01,97000.0,100.0,407800.0
21,2021-10-07 07:45:01,97000.0,100.0,407700.0
22,2021-10-07 07:45:01,97000.0,100.0,407600.0
23,2021-10-07 07:45:01,97000.0,200.0,407500.0
24,2021-10-07 07:45:01,97000.0,200.0,407300.0
25,2021-10-07 07:45:01,97000.0,500.0,407100.0
26,2021-10-07 07:45:01,97000.0,100.0,406600.0
27,2021-10-07 07:29:44,97100.0,200.0,406500.0
28,2021-10-07 07:29:44,97100.0,100.0,406300.0
29,2021-10-07 07:29:44,97100.0,100.0,406200.0
30,2021-10-07 07:29:44,97100.0,100.0,406100.0
31,2021-10-07 07:29:24,97100.0,200.0,406000.0
32,2021-10-07 07:29:24,97100.0,200.0,405800.0
33,2021-10-07 07:29:24,97100.0,100.0,405600.0
34,2021-10-07 07:29:24,97100.0,100.0,405500.0
35,2021-10-07 07:29:10,97100.0,900.0,405400.0
36,2021-10-07 07:29:10,97100.0,300.0,404500.0
37,2021-10-07 07:29:07,97100.0,600.0,404200.0
38,2021-10-07 07:28:57,97100.0,100.0,403600.0
39,2021-10-07 07:28:57,97100.0,100.0,403500.0
40,2021-10-07 07:28:43,97100.0,100.0,403400.0
41,2021-10-07 07:28:43,97100.0,100.0,403300.0
42,2021-10-07 07:28:35,97100.0,100.0,403200.0
43,2021-10-07 07:28:25,97100.0,600.0,403100.0
44,2021-10-07 07:28:23,97100.0,100.0,402500.0
45,2021-10-07 07:28:22,97100.0,600.0,402400.0
46,2021-10-07 07:28:18,97100.0,100.0,401800.0
47,2021-10-07 07:28:09,97100.0,600.0,401700.0
48,2021-10-07 07:28:07,97100.0,200.0,401100.0
49,2021-10-07 07:27:53,97100.0,600.0,400900.0
50,2021-10-07 07:27:51,97100.0,200.0,400300.0
51,2021-10-07 07:27:36,97100.0,100.0,400100.0
52,2021-10-07 07:27:28,97100.0,600.0,400000.0
53,2021-10-07 07:27:24,97100.0,100.0,399400.0
54,2021-10-07 07:27:15,97100.0,400.0,399300.0
55,2021-10-07 07:27:15,97100.0,100.0,398900.0
56,2021-10-07 07:27:15,97100.0,100.0,398800.0
57,2021-10-07 07:27:14,97100.0,200.0,398700.0
58,2021-10-07 07:27:05,97100.0,300.0,398500.0
59,2021-10-07 07:27:05,97100.0,100.0,398200.0
60,2021-10-07 07:27:05,97100.0,100.0,398100.0
61,2021-10-07 07:27:05,97100.0,100.0,398000.0
62,2021-10-07 07:27:05,97100.0,600.0,397900.0
63,2021-10-07 07:27:04,97100.0,200.0,397300.0
64,2021-10-07 07:27:03,97100.0,200.0,397100.0
65,2021-10-07 07:26:57,97100.0,100.0,396900.0
66,2021-10-07 07:26:54,97100.0,200.0,396800.0
67,2021-10-07 07:26:54,97100.0,100.0,396600.0
68,2021-10-07 07:26:52,97100.0,100.0,396500.0
69,2021-10-07 07:26:52,97100.0,200.0,396400.0
70,2021-10-07 07:26:52,97100.0,200.0,396200.0
71,2021-10-07 07:26:52,97100.0,100.0,396000.0
72,2021-10-07 07:26:45,97100.0,200.0,395900.0
73,2021-10-07 07:26:43,97500.0,100.0,395700.0
74,2021-10-07 07:26:35,97100.0,100.0,395600.0
75,2021-10-07 07:26:35,97100.0,100.0,395500.0
76,2021-10-07 07:26:30,97100.0,100.0,395400.0
77,2021-10-07 07:26:28,97100.0,100.0,395300.0
78,2021-10-07 07:26:21,97100.0,100.0,395200.0
79,2021-10-07 07:26:19,97100.0,100.0,395100.0
80,2021-10-07 07:26:18,97100.0,100.0,395000.0
81,2021-10-07 07:26:06,97100.0,200.0,394900.0
82,2021-10-07 07:25:49,97100.0,200.0,394700.0
83,2021-10-07 07:25:37,97100.0,100.0,394500.0
84,2021-10-07 07:25:29,97100.0,100.0,394400.0
85,2021-10-07 07:25:27,97100.0,100.0,394300.0
86,2021-10-07 07:25:27,97100.0,100.0,394200.0
87,2021-10-07 07:25:27,97100.0,100.0,394100.0
88,2021-10-07 07:25:27,97100.0,100.0,394000.0
89,2021-10-07 07:25:27,97100.0,200.0,393900.0
90,2021-10-07 07:25:27,97100.0,100.0,393700.0
91,2021-10-07 07:25:27,97100.0,200.0,393600.0
92,2021-10-07 07:25:27,97200.0,1100.0,393400.0
93,2021-10-07 07:25:27,97200.0,100.0,392300.0
94,2021-10-07 07:25:27,97200.0,100.0,392200.0
95,2021-10-07 07:25:27,97200.0,100.0,392100.0
96,2021-10-07 07:25:27,97200.0,100.0,392000.0
97,2021-10-07 07:25:27,97200.0,100.0,391900.0
98,2021-10-07 07:25:27,97200.0,100.0,391800.0
99,2021-10-07 07:25:27,97200.0,200.0,391700.0
100,2021-10-07 07:25:26,97200.0,300.0,391500.0
101,2021-10-07 07:25:26,97200.0,400.0,391200.0
102,2021-10-07 07:25:26,97200.0,100.0,390800.0
103,2021-10-07 07:25:26,97200.0,100.0,390700.0
104,2021-10-07 07:25:26,97200.0,100.0,390600.0
105,2021-10-07 07:25:26,97300.0,700.0,390500.0
106,2021-10-07 07:25:26,97300.0,100.0,389800.0
107,2021-10-07 07:25:26,97300.0,100.0,389700.0
108,2021-10-07 07:25:26,97300.0,100.0,389600.0
109,2021-10-07 07:25:26,97300.0,2000.0,389500.0
110,2021-10-07 07:25:26,97300.0,100.0,387500.0
111,2021-10-07 07:25:26,97400.0,100.0,387400.0
112,2021-10-07 07:25:26,97400.0,600.0,387300.0
113,2021-10-07 07:25:26,97400.0,1000.0,386700.0
114,2021-10-07 07:25:26,97400.0,1000.0,385700.0
115,2021-10-07 07:25:26,97400.0,300.0,384700.0
116,2021-10-07 07:25:25,97400.0,100.0,384400.0
117,2021-10-07 07:25:21,97400.0,100.0,384300.0
118,2021-10-07 07:25:19,97400.0,100.0,384200.0
119,2021-10-07 07:25:13,97400.0,200.0,384100.0
120,2021-10-07 07:25:06,97600.0,200.0,383900.0
121,2021-10-07 07:25:06,97500.0,300.0,383700.0
122,2021-10-07 07:25:04,97600.0,100.0,383400.0
123,2021-10-07 07:25:03,97400.0,100.0,383300.0
124,2021-10-07 07:25:01,97400.0,100.0,383200.0
125,2021-10-07 07:24:58,97400.0,100.0,383100.0
126,2021-10-07 07:24:55,97400.0,100.0,383000.0
127,2021-10-07 07:24:51,97400.0,100.0,382900.0
128,2021-10-07 07:24:50,97400.0,200.0,382800.0
129,2021-10-07 07:24:47,97500.0,100.0,382600.0
130,2021-10-07 07:24:26,97400.0,200.0,382500.0
131,2021-10-07 07:24:07,97400.0,100.0,382300.0
132,2021-10-07 07:24:05,97400.0,100.0,382200.0
133,2021-10-07 07:24:02,97400.0,100.0,382100.0
134,2021-10-07 07:23:59,97400.0,100.0,382000.0
135,2021-10-07 07:23:56,97400.0,100.0,381900.0
136,2021-10-07 07:23:54,97400.0,100.0,381800.0
137,2021-10-07 07:23:54,97400.0,100.0,381700.0
138,2021-10-07 07:23:45,97400.0,1500.0,381600.0
139,2021-10-07 07:23:31,97400.0,100.0,380100.0
140,2021-10-07 07:23:31,97500.0,100.0,380000.0
141,2021-10-07 07:23:31,97500.0,900.0,379900.0
142,2021-10-07 07:23:31,97500.0,2000.0,379000.0
143,2021-10-07 07:23:31,97500.0,1100.0,377000.0
144,2021-10-07 07:23:31,97600.0,100.0,375900.0
145,2021-10-07 07:23:21,97700.0,100.0,375800.0
146,2021-10-07 07:23:07,97500.0,100.0,375700.0
147,2021-10-07 07:23:07,97600.0,100.0,375600.0
148,2021-10-07 07:21:48,97700.0,100.0,375500.0
149,2021-10-07 07:21:33,97600.0,200.0,375400.0
150,2021-10-07 07:21:29,97700.0,100.0,375200.0
151,2021-10-07 07:21:26,97600.0,200.0,375100.0
152,2021-10-07 07:21:25,97600.0,300.0,374900.0
153,2021-10-07 07:20:59,97600.0,200.0,374600.0
154,2021-10-07 07:20:47,97600.0,100.0,374400.0
155,2021-10-07 07:20:47,97600.0,100.0,374300.0
156,2021-10-07 07:20:15,97700.0,100.0,374200.0
157,2021-10-07 07:19:49,97600.0,100.0,374100.0
158,2021-10-07 07:19:49,97600.0,100.0,374000.0
159,2021-10-07 07:18:11,97700.0,2400.0,373900.0
160,2021-10-07 07:18:11,97700.0,2000.0,371500.0
161,2021-10-07 07:18:11,97700.0,100.0,369500.0
162,2021-10-07 07:18:11,97700.0,2500.0,369400.0
163,2021-10-07 07:17:58,97600.0,100.0,366900.0
164,2021-10-07 07:17:41,97600.0,4900.0,366800.0
165,2021-10-07 07:17:41,97600.0,100.0,361900.0
166,2021-10-07 07:17:29,97500.0,100.0,361800.0
167,2021-10-07 07:17:08,97600.0,100.0,361700.0
168,2021-10-07 07:17:07,97500.0,200.0,361600.0
169,2021-10-07 07:17:02,97500.0,200.0,361400.0
170,2021-10-07 07:16:30,97500.0,300.0,361200.0
171,2021-10-07 07:16:30,97500.0,200.0,360900.0
172,2021-10-07 07:16:30,97500.0,200.0,360700.0
173,2021-10-07 07:16:30,97500.0,700.0,360500.0
174,2021-10-07 07:16:24,97500.0,200.0,359800.0
175,2021-10-07 07:15:49,97500.0,200.0,359600.0
176,2021-10-07 07:15:35,97600.0,100.0,359400.0
177,2021-10-07 07:15:25,97500.0,100.0,359300.0
178,2021-10-07 07:15:18,97600.0,200.0,359200.0
179,2021-10-07 07:14:53,97600.0,100.0,359000.0
180,2021-10-07 07:14:29,97700.0,200.0,358900.0
181,2021-10-07 07:14:02,97700.0,100.0,358700.0
182,2021-10-07 07:13:22,97600.0,300.0,358600.0
183,2021-10-07 07:11:45,97500.0,800.0,358300.0
184,2021-10-07 07:11:45,97500.0,100.0,357500.0
185,2021-10-07 07:11:45,97500.0,2000.0,357400.0
186,2021-10-07 07:11:45,97500.0,100.0,355400.0
187,2021-10-07 07:11:10,97600.0,4800.0,355300.0
188,2021-10-07 07:11:08,97600.0,100.0,350500.0
189,2021-10-07 07:10:56,97600.0,100.0,350400.0
190,2021-10-07 07:10:03,97600.0,3000.0,350300.0
191,2021-10-07 07:09:24,97700.0,100.0,347300.0
192,2021-10-07 07:08:33,97600.0,2800.0,347200.0
193,2021-10-07 07:08:26,97600.0,100.0,344400.0
194,2021-10-07 07:07:50,97600.0,100.0,344300.0
195,2021-10-07 07:07:34,97700.0,100.0,344200.0
196,2021-10-07 07:07:06,97600.0,400.0,344100.0
197,2021-10-07 07:06:16,97600.0,100.0,343700.0
198,2021-10-07 07:05:49,97600.0,1000.0,343600.0
199,2021-10-07 07:04:54,97600.0,400.0,342600.0
200,2021-10-07 07:04:54,97600.0,300.0,342200.0
201,2021-10-07 07:04:54,97600.0,200.0,341900.0
202,2021-10-07 07:04:54,97600.0,100.0,341700.0
203,2021-10-07 07:04:54,97600.0,500.0,341600.0
204,2021-10-07 07:04:54,97600.0,500.0,341100.0
205,2021-10-07 07:04:54,97600.0,100.0,340600.0
206,2021-10-07 07:04:54,97600.0,400.0,340500.0
207,2021-10-07 07:04:48,97600.0,1500.0,340100.0
208,2021-10-07 07:04:43,97600.0,100.0,338600.0
209,2021-10-07 07:04:07,97500.0,200.0,338500.0
210,2021-10-07 07:03:55,97600.0,200.0,338300.0
211,2021-10-07 07:01:37,97600.0,100.0,338100.0
212,2021-10-07 07:00:31,97400.0,100.0,338000.0
213,2021-10-07 07:00:31,97400.0,1800.0,337900.0
214,2021-10-07 07:00:31,97500.0,200.0,336100.0
215,2021-10-07 07:00:28,97600.0,100.0,335900.0
216,2021-10-07 07:00:04,97600.0,100.0,335800.0
217,2021-10-07 06:58:31,97600.0,100.0,335700.0
218,2021-10-07 06:58:10,97400.0,200.0,335600.0
219,2021-10-07 06:56:58,97600.0,100.0,335400.0
220,2021-10-07 06:56:58,97600.0,200.0,335300.0
221,2021-10-07 06:55:25,97600.0,100.0,335100.0
222,2021-10-07 06:53:52,97700.0,100.0,335000.0
223,2021-10-07 06:53:24,97700.0,100.0,334900.0
224,2021-10-07 06:52:27,97600.0,100.0,334800.0
225,2021-10-07 06:52:18,97700.0,100.0,334700.0
226,2021-10-07 06:50:53,97700.0,100.0,334600.0
227,2021-10-07 06:50:46,97700.0,100.0,334500.0
228,2021-10-07 06:50:06,97700.0,2300.0,334400.0
229,2021-10-07 06:50:06,97700.0,2000.0,332100.0
230,2021-10-07 06:50:06,97700.0,700.0,330100.0
231,2021-10-07 06:49:48,97700.0,200.0,329400.0
232,2021-10-07 06:49:13,97700.0,100.0,329200.0
233,2021-10-07 06:49:13,97700.0,100.0,329100.0
234,2021-10-07 06:48:19,97700.0,300.0,329000.0
235,2021-10-07 06:47:56,97400.0,1900.0,328700.0
236,2021-10-07 06:47:48,97400.0,200.0,326800.0
237,2021-10-07 06:47:40,97400.0,200.0,326600.0
238,2021-10-07 06:46:27,97200.0,200.0,326400.0
239,2021-10-07 06:46:27,97200.0,500.0,326200.0
240,2021-10-07 06:46:27,97300.0,100.0,325700.0
241,2021-10-07 06:46:27,97300.0,200.0,325600.0
242,2021-10-07 06:46:09,97400.0,600.0,325400.0
243,2021-10-07 06:46:08,97400.0,200.0,324800.0
244,2021-10-07 06:45:57,97400.0,100.0,324600.0
245,2021-10-07 06:45:57,97400.0,200.0,324500.0
246,2021-10-07 06:45:57,97400.0,100.0,324300.0
247,2021-10-07 06:45:57,97400.0,100.0,324200.0
248,2021-10-07 06:45:57,97500.0,100.0,324100.0
249,2021-10-07 06:45:57,97500.0,100.0,324000.0
250,2021-10-07 06:45:57,97500.0,1000.0,323900.0
251,2021-10-07 06:45:57,97500.0,1000.0,322900.0
252,2021-10-07 06:45:57,97500.0,500.0,321900.0
253,2021-10-07 06:45:57,97500.0,1000.0,321400.0
254,2021-10-07 06:45:57,97500.0,100.0,320400.0
255,2021-10-07 06:45:57,97500.0,1000.0,320300.0
256,2021-10-07 06:44:56,97600.0,100.0,319300.0
257,2021-10-07 06:44:23,97600.0,1900.0,319200.0
258,2021-10-07 06:44:21,97500.0,200.0,317300.0
259,2021-10-07 06:42:57,97500.0,100.0,317100.0
260,2021-10-07 06:42:57,97600.0,700.0,317000.0
261,2021-10-07 06:42:38,97700.0,200.0,316300.0
262,2021-10-07 06:42:28,97600.0,1200.0,316100.0
263,2021-10-07 06:42:26,97600.0,300.0,314900.0
264,2021-10-07 06:42:17,97600.0,400.0,314600.0
265,2021-10-07 06:42:12,97600.0,100.0,314200.0
266,2021-10-07 06:41:58,97700.0,400.0,314100.0
267,2021-10-07 06:41:23,97600.0,2000.0,313700.0
268,2021-10-07 06:40:48,97500.0,400.0,311700.0
269,2021-10-07 06:40:48,97600.0,100.0,311300.0
270,2021-10-07 06:40:47,97700.0,600.0,311200.0
271,2021-10-07 06:40:42,97700.0,400.0,310600.0
272,2021-10-07 06:40:19,97700.0,100.0,310200.0
273,2021-10-07 06:40:07,97700.0,100.0,310100.0
274,2021-10-07 06:40:07,97700.0,800.0,310000.0
275,2021-10-07 06:39:31,97800.0,400.0,309200.0
276,2021-10-07 06:39:17,97800.0,100.0,308800.0
277,2021-10-07 06:38:47,97800.0,100.0,308700.0
278,2021-10-07 06:38:04,97800.0,300.0,308600.0
279,2021-10-07 06:38:04,97800.0,300.0,308300.0
280,2021-10-07 06:38:03,97700.0,100.0,308000.0
281,2021-10-07 06:37:13,97500.0,500.0,307900.0
282,2021-10-07 06:36:58,97800.0,200.0,307400.0
283,2021-10-07 06:36:58,97800.0,200.0,307200.0
284,2021-10-07 06:36:12,97800.0,200.0,307000.0
285,2021-10-07 06:35:56,97800.0,100.0,306800.0
286,2021-10-07 06:35:42,97800.0,100.0,306700.0
287,2021-10-07 06:35:42,97800.0,300.0,306600.0
288,2021-10-07 06:35:31,97800.0,100.0,306300.0
289,2021-10-07 06:35:31,97700.0,300.0,306200.0
290,2021-10-07 06:34:35,97700.0,100.0,305900.0
291,2021-10-07 06:34:19,97500.0,100.0,305800.0
292,2021-10-07 06:34:19,97500.0,200.0,305700.0
293,2021-10-07 06:34:19,97500.0,100.0,305500.0
294,2021-10-07 06:34:19,97500.0,100.0,305400.0
295,2021-10-07 06:34:19,97500.0,500.0,305300.0
296,2021-10-07 06:34:19,97500.0,200.0,304800.0
297,2021-10-07 06:34:19,97500.0,400.0,304600.0
298,2021-10-07 06:34:19,97600.0,100.0,304200.0
299,2021-10-07 06:34:19,97600.0,100.0,304100.0
300,2021-10-07 06:34:10,97700.0,200.0,304000.0
301,2021-10-07 06:33:47,97700.0,400.0,303800.0
302,2021-10-07 06:32:25,97600.0,1800.0,303400.0
303,2021-10-07 06:32:21,97600.0,200.0,301600.0
304,2021-10-07 06:31:33,97600.0,600.0,301400.0
305,2021-10-07 06:31:19,97600.0,400.0,300800.0
306,2021-10-07 06:30:52,97500.0,100.0,300400.0
307,2021-10-07 06:30:52,97600.0,100.0,300300.0
308,2021-10-07 06:30:51,97600.0,100.0,300200.0
309,2021-10-07 06:30:51,97600.0,1900.0,300100.0
310,2021-10-07 06:30:13,97600.0,100.0,298200.0
311,2021-10-07 06:29:33,97700.0,900.0,298100.0
312,2021-10-07 06:29:33,97700.0,100.0,297200.0
313,2021-10-07 06:29:28,97700.0,400.0,297100.0
314,2021-10-07 06:28:55,97700.0,100.0,296700.0
315,2021-10-07 06:28:00,97700.0,100.0,296600.0
316,2021-10-07 06:27:54,97700.0,400.0,296500.0
317,2021-10-07 06:27:48,97600.0,1000.0,296100.0
318,2021-10-07 06:27:12,97600.0,500.0,295100.0
319,2021-10-07 06:27:12,97600.0,100.0,294600.0
320,2021-10-07 06:27:12,97600.0,400.0,294500.0
321,2021-10-07 06:26:55,97600.0,1000.0,294100.0
322,2021-10-07 06:26:28,98100.0,100.0,293100.0
323,2021-10-07 06:26:12,98100.0,400.0,293000.0
324,2021-10-07 06:25:54,98100.0,100.0,292600.0
325,2021-10-07 06:25:38,98100.0,100.0,292500.0
326,2021-10-07 06:25:24,98200.0,100.0,292400.0
327,2021-10-07 06:25:24,97600.0,1300.0,292300.0
328,2021-10-07 06:25:24,98000.0,200.0,291000.0
329,2021-10-07 06:25:24,98000.0,400.0,290800.0
330,2021-10-07 06:25:24,98000.0,100.0,290400.0
331,2021-10-07 06:25:24,98000.0,100.0,290300.0
332,2021-10-07 06:25:24,98000.0,100.0,290200.0
333,2021-10-07 06:25:24,98000.0,300.0,290100.0
334,2021-10-07 06:25:24,98100.0,100.0,289800.0
335,2021-10-07 06:25:24,98100.0,100.0,289700.0
336,2021-10-07 06:24:55,98100.0,500.0,289600.0
337,2021-10-07 06:24:34,98100.0,100.0,289100.0
338,2021-10-07 06:24:26,98100.0,1500.0,289000.0
339,2021-10-07 06:23:54,98200.0,100.0,287500.0
340,2021-10-07 06:23:23,98200.0,100.0,287400.0
341,2021-10-07 06:23:22,98200.0,200.0,287300.0
342,2021-10-07 06:21:51,98200.0,100.0,287100.0
343,2021-10-07 06:21:51,98200.0,100.0,287000.0
344,2021-10-07 06:21:49,98200.0,100.0,286900.0
345,2021-10-07 06:19:13,98000.0,200.0,286800.0
346,2021-10-07 06:18:50,98100.0,100.0,286600.0
347,2021-10-07 06:18:46,98100.0,100.0,286500.0
348,2021-10-07 06:18:11,98100.0,100.0,286400.0
349,2021-10-07 06:18:11,98100.0,100.0,286300.0
350,2021-10-07 06:18:10,98000.0,300.0,286200.0
351,2021-10-07 06:17:13,98000.0,1000.0,285900.0
352,2021-10-07 06:16:53,98000.0,500.0,284900.0
353,2021-10-07 06:16:51,98000.0,200.0,284400.0
354,2021-10-07 06:16:51,98000.0,200.0,284200.0
355,2021-10-07 06:16:51,98000.0,2900.0,284000.0
356,2021-10-07 06:16:42,98000.0,200.0,281100.0
357,2021-10-07 06:16:32,98000.0,600.0,280900.0
358,2021-10-07 06:16:26,98000.0,1500.0,280300.0
359,2021-10-07 06:16:19,98000.0,1100.0,278800.0
360,2021-10-07 06:16:10,98000.0,700.0,277700.0
361,2021-10-07 06:16:10,98000.0,600.0,277000.0
362,2021-10-07 06:16:10,98000.0,2200.0,276400.0
363,2021-10-07 06:16:01,98000.0,400.0,274200.0
364,2021-10-07 06:15:47,98000.0,100.0,273800.0
365,2021-10-07 06:15:42,98000.0,100.0,273700.0
366,2021-10-07 06:15:32,98000.0,2200.0,273600.0
367,2021-10-07 06:15:32,98000.0,100.0,271400.0
368,2021-10-07 06:15:19,98000.0,100.0,271300.0
369,2021-10-07 06:14:33,98000.0,100.0,271200.0
370,2021-10-07 06:14:33,98000.0,100.0,271100.0
371,2021-10-07 06:14:05,97600.0,200.0,271000.0
372,2021-10-07 06:14:00,98000.0,100.0,270800.0
373,2021-10-07 06:14:00,98000.0,100.0,270700.0
374,2021-10-07 06:14:00,98000.0,500.0,270600.0
375,2021-10-07 06:14:00,98000.0,300.0,270100.0
376,2021-10-07 06:13:48,97600.0,100.0,269800.0
377,2021-10-07 06:12:37,98000.0,100.0,269700.0
378,2021-10-07 06:11:05,98000.0,100.0,269600.0
379,2021-10-07 06:11:02,98000.0,200.0,269500.0
380,2021-10-07 06:10:33,97300.0,400.0,269300.0
381,2021-10-07 06:10:19,98000.0,300.0,268900.0
382,2021-10-07 06:10:19,98000.0,300.0,268600.0
383,2021-10-07 06:10:19,97900.0,500.0,268300.0
384,2021-10-07 06:10:19,97900.0,300.0,267800.0
385,2021-10-07 06:10:19,97900.0,500.0,267500.0
386,2021-10-07 06:10:19,97800.0,1000.0,267000.0
387,2021-10-07 06:10:19,97800.0,500.0,266000.0
388,2021-10-07 06:10:19,97800.0,800.0,265500.0
389,2021-10-07 06:10:19,97700.0,1000.0,264700.0
390,2021-10-07 06:10:19,97700.0,500.0,263700.0
391,2021-10-07 06:10:19,97700.0,200.0,263200.0
392,2021-10-07 06:10:19,97600.0,500.0,263000.0
393,2021-10-07 06:10:19,97600.0,500.0,262500.0
394,2021-10-07 06:10:19,97600.0,400.0,262000.0
395,2021-10-07 06:10:19,97500.0,1000.0,261600.0
396,2021-10-07 06:10:19,97500.0,100.0,260600.0
397,2021-10-07 06:10:19,97500.0,1000.0,260500.0
398,2021-10-07 06:10:19,97500.0,300.0,259500.0
399,2021-10-07 06:10:19,97400.0,1000.0,259200.0
400,2021-10-07 06:10:19,97300.0,1000.0,258200.0
401,2021-10-07 06:10:19,97300.0,2000.0,257200.0
402,2021-10-07 06:10:19,97300.0,7600.0,255200.0
403,2021-10-07 06:10:19,97200.0,100.0,247600.0
404,2021-10-07 06:10:19,97200.0,500.0,247500.0
405,2021-10-07 06:10:03,97200.0,200.0,247000.0
406,2021-10-07 06:09:33,97200.0,100.0,246800.0
407,2021-10-07 06:09:25,97300.0,400.0,246700.0
408,2021-10-07 06:09:25,97200.0,200.0,246300.0
409,2021-10-07 06:09:06,97200.0,1000.0,246100.0
410,2021-10-07 06:08:45,97200.0,800.0,245100.0
411,2021-10-07 06:08:27,97300.0,500.0,244300.0
412,2021-10-07 06:08:05,97300.0,500.0,243800.0
413,2021-10-07 06:08:05,97200.0,100.0,243300.0
414,2021-10-07 06:08:02,97200.0,200.0,243200.0
415,2021-10-07 06:08:00,97200.0,200.0,243000.0
416,2021-10-07 06:07:55,97200.0,100.0,242800.0
417,2021-10-07 06:07:55,97200.0,3000.0,242700.0
418,2021-10-07 06:07:55,97200.0,2000.0,239700.0
419,2021-10-07 06:07:55,97200.0,400.0,237700.0
420,2021-10-07 06:07:42,97300.0,100.0,237300.0
421,2021-10-07 06:07:33,97300.0,100.0,237200.0
422,2021-10-07 06:07:31,97200.0,1000.0,237100.0
423,2021-10-07 06:07:20,97200.0,600.0,236100.0
424,2021-10-07 06:07:20,97200.0,400.0,235500.0
425,2021-10-07 06:07:15,97200.0,1000.0,235100.0
426,2021-10-07 06:06:28,97300.0,100.0,234100.0
427,2021-10-07 06:06:25,97300.0,900.0,234000.0
428,2021-10-07 06:05:55,97200.0,500.0,233100.0
429,2021-10-07 06:05:51,97300.0,700.0,232600.0
430,2021-10-07 06:05:45,97300.0,900.0,231900.0
431,2021-10-07 06:05:41,97300.0,2000.0,231000.0
432,2021-10-07 06:05:37,97200.0,100.0,229000.0
433,2021-10-07 06:05:37,97200.0,100.0,228900.0
434,2021-10-07 06:05:37,97200.0,500.0,228800.0
435,2021-10-07 06:05:37,97200.0,1500.0,228300.0
436,2021-10-07 06:05:05,97300.0,100.0,226800.0
437,2021-10-07 06:05:05,97300.0,1000.0,226700.0
438,2021-10-07 06:05:05,97300.0,100.0,225700.0
439,2021-10-07 06:04:56,97400.0,100.0,225600.0
440,2021-10-07 06:04:23,97400.0,600.0,225500.0
441,2021-10-07 06:04:10,97400.0,100.0,224900.0
442,2021-10-07 06:04:06,97400.0,100.0,224800.0
443,2021-10-07 06:03:31,97400.0,1100.0,224700.0
444,2021-10-07 06:03:10,97300.0,200.0,223600.0
445,2021-10-07 06:03:10,97300.0,100.0,223400.0
446,2021-10-07 06:03:10,97300.0,200.0,223300.0
447,2021-10-07 06:03:05,97300.0,500.0,223100.0
448,2021-10-07 06:02:42,97400.0,400.0,222600.0
449,2021-10-07 06:02:42,97400.0,700.0,222200.0
450,2021-10-07 06:02:07,97400.0,200.0,221500.0
451,2021-10-07 06:01:48,97300.0,300.0,221300.0
452,2021-10-07 06:01:48,97300.0,100.0,221000.0
453,2021-10-07 06:00:48,97400.0,100.0,220900.0
454,2021-10-07 06:00:19,97300.0,100.0,220800.0
455,2021-10-07 06:00:10,97300.0,100.0,220700.0
456,2021-10-07 06:00:07,97300.0,100.0,220600.0
457,2021-10-07 06:00:01,97200.0,500.0,220500.0
458,2021-10-07 06:00:01,97200.0,300.0,220000.0
459,2021-10-07 06:00:01,97200.0,100.0,219700.0
460,2021-10-07 06:00:01,97200.0,100.0,219600.0
461,2021-10-07 06:00:01,97200.0,100.0,219500.0
462,2021-10-07 06:00:01,97200.0,300.0,219400.0
463,2021-10-07 06:00:01,97300.0,100.0,219100.0
464,2021-10-07 04:29:53,97200.0,700.0,219000.0
465,2021-10-07 04:29:53,97200.0,100.0,218300.0
466,2021-10-07 04:29:53,97200.0,200.0,218200.0
467,2021-10-07 04:29:23,97200.0,500.0,218000.0
468,2021-10-07 04:28:51,97200.0,1300.0,217500.0
469,2021-10-07 04:28:51,97200.0,700.0,216200.0
470,2021-10-07 04:28:46,97300.0,100.0,215500.0
471,2021-10-07 04:28:25,97300.0,300.0,215400.0
472,2021-10-07 04:28:16,97300.0,300.0,215100.0
473,2021-10-07 04:28:12,97300.0,100.0,214800.0
474,2021-10-07 04:27:14,97300.0,100.0,214700.0
475,2021-10-07 04:26:20,97300.0,100.0,214600.0
476,2021-10-07 04:26:20,97300.0,500.0,214500.0
477,2021-10-07 04:26:20,97300.0,100.0,214000.0
478,2021-10-07 04:26:20,97300.0,200.0,213900.0
479,2021-10-07 04:26:02,97300.0,100.0,213700.0
480,2021-10-07 04:26:02,97300.0,200.0,213600.0
481,2021-10-07 04:26:02,97300.0,200.0,213400.0
482,2021-10-07 04:25:36,97300.0,1000.0,213200.0
483,2021-10-07 04:25:02,97500.0,200.0,212200.0
484,2021-10-07 04:24:40,97300.0,400.0,212000.0
485,2021-10-07 04:24:40,97400.0,100.0,211600.0
486,2021-10-07 04:24:22,97400.0,400.0,211500.0
487,2021-10-07 04:23:31,97300.0,1900.0,211100.0
488,2021-10-07 04:23:31,97300.0,100.0,209200.0
489,2021-10-07 04:23:31,97300.0,500.0,209100.0
490,2021-10-07 04:23:31,97300.0,500.0,208600.0
491,2021-10-07 04:23:12,97400.0,100.0,208100.0
492,2021-10-07 04:23:12,97400.0,400.0,208000.0
493,2021-10-07 04:22:49,97400.0,100.0,207600.0
494,2021-10-07 04:22:49,97400.0,2000.0,207500.0
495,2021-10-07 04:22:49,97400.0,2800.0,205500.0
496,2021-10-07 04:22:41,97400.0,500.0,202700.0
497,2021-10-07 04:22:04,97400.0,1000.0,202200.0
498,2021-10-07 04:21:32,97600.0,100.0,201200.0
499,2021-10-07 04:21:12,97500.0,100.0,201100.0
500,2021-10-07 04:21:01,97500.0,100.0,201000.0
501,2021-10-07 04:21:01,97500.0,200.0,200900.0
502,2021-10-07 04:21:01,97500.0,100.0,200700.0
503,2021-10-07 04:20:10,97500.0,100.0,200600.0
504,2021-10-07 04:20:10,97500.0,1000.0,200500.0
505,2021-10-07 04:20:10,97500.0,7300.0,199500.0
506,2021-10-07 04:19:55,97500.0,1500.0,192200.0
507,2021-10-07 04:19:32,97700.0,100.0,190700.0
508,2021-10-07 04:18:00,97700.0,100.0,190600.0
509,2021-10-07 04:17:59,97700.0,100.0,190500.0
510,2021-10-07 04:14:57,97500.0,200.0,190400.0
511,2021-10-07 04:14:55,97700.0,100.0,190200.0
512,2021-10-07 04:14:21,97700.0,100.0,190100.0
513,2021-10-07 04:14:19,97800.0,200.0,190000.0
514,2021-10-07 04:11:51,97700.0,200.0,189800.0
515,2021-10-07 04:10:57,97700.0,100.0,189600.0
516,2021-10-07 04:10:20,97400.0,700.0,189500.0
517,2021-10-07 04:10:20,97500.0,100.0,188800.0
518,2021-10-07 04:10:20,97500.0,100.0,188700.0
519,2021-10-07 04:10:20,97500.0,100.0,188600.0
520,2021-10-07 04:08:29,97500.0,100.0,188500.0
521,2021-10-07 04:07:20,97500.0,100.0,188400.0
522,2021-10-07 04:07:14,97500.0,100.0,188300.0
523,2021-10-07 04:05:41,97500.0,100.0,188200.0
524,2021-10-07 04:04:08,97500.0,100.0,188100.0
525,2021-10-07 04:03:51,97500.0,400.0,188000.0
526,2021-10-07 04:03:51,97500.0,300.0,187600.0
527,2021-10-07 04:03:41,97800.0,200.0,187300.0
528,2021-10-07 04:02:37,97800.0,100.0,187100.0
529,2021-10-07 04:01:04,97800.0,100.0,187000.0
530,2021-10-07 04:00:08,97800.0,100.0,186900.0
531,2021-10-07 03:59:31,97800.0,100.0,186800.0
532,2021-10-07 03:58:00,97800.0,200.0,186700.0
533,2021-10-07 03:56:48,97800.0,100.0,186500.0
534,2021-10-07 03:56:32,97800.0,200.0,186400.0
535,2021-10-07 03:56:27,97800.0,200.0,186200.0
536,2021-10-07 03:56:11,97800.0,100.0,186000.0
537,2021-10-07 03:56:11,97800.0,100.0,185900.0
538,2021-10-07 03:56:02,97800.0,100.0,185800.0
539,2021-10-07 03:54:49,97800.0,900.0,185700.0
540,2021-10-07 03:53:32,97800.0,100.0,184800.0
541,2021-10-07 03:53:32,97600.0,100.0,184700.0
542,2021-10-07 03:53:32,97500.0,300.0,184600.0
543,2021-10-07 03:53:17,97300.0,300.0,184300.0
544,2021-10-07 03:53:01,97400.0,400.0,184000.0
545,2021-10-07 03:53:01,97400.0,600.0,183600.0
546,2021-10-07 03:53:01,97400.0,500.0,183000.0
547,2021-10-07 03:52:53,97400.0,200.0,182500.0
548,2021-10-07 03:52:18,97300.0,1000.0,182300.0
549,2021-10-07 03:51:50,97400.0,100.0,181300.0
550,2021-10-07 03:51:42,97400.0,1000.0,181200.0
551,2021-10-07 03:51:26,97400.0,100.0,180200.0
552,2021-10-07 03:51:19,97300.0,100.0,180100.0
553,2021-10-07 03:50:51,97300.0,400.0,180000.0
554,2021-10-07 03:50:49,97300.0,100.0,179600.0
555,2021-10-07 03:50:18,97400.0,100.0,179500.0
556,2021-10-07 03:49:48,97400.0,200.0,179400.0
557,2021-10-07 03:49:23,97400.0,500.0,179200.0
558,2021-10-07 03:49:20,97400.0,200.0,178700.0
559,2021-10-07 03:48:50,97300.0,100.0,178500.0
560,2021-10-07 03:48:50,97300.0,100.0,178400.0
561,2021-10-07 03:48:50,97300.0,1000.0,178300.0
562,2021-10-07 03:48:45,97400.0,200.0,177300.0
563,2021-10-07 03:47:14,97400.0,100.0,177100.0
564,2021-10-07 03:45:42,97400.0,200.0,177000.0
565,2021-10-07 03:44:58,97300.0,1500.0,176800.0
566,2021-10-07 03:44:58,97300.0,100.0,175300.0
567,2021-10-07 03:44:51,97300.0,400.0,175200.0
568,2021-10-07 03:44:27,97300.0,100.0,174800.0
569,2021-10-07 03:44:15,97300.0,500.0,174700.0
570,2021-10-07 03:44:09,97300.0,100.0,174200.0
571,2021-10-07 03:44:03,97300.0,900.0,174100.0
572,2021-10-07 03:42:56,97300.0,200.0,173200.0
573,2021-10-07 03:42:37,97300.0,100.0,173000.0
574,2021-10-07 03:42:19,97300.0,100.0,172900.0
575,2021-10-07 03:41:50,97200.0,1300.0,172800.0
576,2021-10-07 03:41:50,97200.0,100.0,171500.0
577,2021-10-07 03:41:50,97200.0,100.0,171400.0
578,2021-10-07 03:41:50,97200.0,100.0,171300.0
579,2021-10-07 03:41:50,97200.0,400.0,171200.0
580,2021-10-07 03:41:17,97300.0,100.0,170800.0
581,2021-10-07 03:41:04,97300.0,100.0,170700.0
582,2021-10-07 03:41:03,97300.0,100.0,170600.0
583,2021-10-07 03:40:42,97200.0,100.0,170500.0
584,2021-10-07 03:39:05,97200.0,500.0,170400.0
585,2021-10-07 03:38:52,97300.0,100.0,169900.0
586,2021-10-07 03:38:39,97300.0,300.0,169800.0
587,2021-10-07 03:38:27,97300.0,200.0,169500.0
588,2021-10-07 03:38:20,97300.0,1800.0,169300.0
589,2021-10-07 03:38:20,97300.0,2000.0,167500.0
590,2021-10-07 03:38:20,97300.0,1200.0,165500.0
591,2021-10-07 03:36:52,97200.0,100.0,164300.0
592,2021-10-07 03:36:52,97200.0,500.0,164200.0
593,2021-10-07 03:36:52,97200.0,200.0,163700.0
594,2021-10-07 03:36:52,97200.0,2000.0,163500.0
595,2021-10-07 03:36:52,97200.0,200.0,161500.0
596,2021-10-07 03:36:27,97300.0,200.0,161300.0
597,2021-10-07 03:36:06,97300.0,100.0,161100.0
598,2021-10-07 03:36:06,97300.0,100.0,161000.0
599,2021-10-07 03:36:06,97300.0,100.0,160900.0
600,2021-10-07 03:35:48,97300.0,800.0,160800.0
601,2021-10-07 03:35:14,97400.0,200.0,160000.0
602,2021-10-07 03:34:31,97300.0,200.0,159800.0
603,2021-10-07 03:33:23,97400.0,100.0,159600.0
604,2021-10-07 03:33:11,97400.0,100.0,159500.0
605,2021-10-07 03:32:19,97400.0,200.0,159400.0
606,2021-10-07 03:32:10,97400.0,300.0,159200.0
607,2021-10-07 03:31:50,97400.0,100.0,158900.0
608,2021-10-07 03:31:41,97400.0,200.0,158800.0
609,2021-10-07 03:31:02,97400.0,2400.0,158600.0
610,2021-10-07 03:31:02,97400.0,100.0,156200.0
611,2021-10-07 03:31:00,97300.0,1800.0,156100.0
612,2021-10-07 03:30:41,97300.0,1000.0,154300.0
613,2021-10-07 03:30:34,97200.0,1200.0,153300.0
614,2021-10-07 03:30:34,97200.0,2000.0,152100.0
615,2021-10-07 03:30:34,97200.0,200.0,150100.0
616,2021-10-07 03:30:34,97200.0,300.0,149900.0
617,2021-10-07 03:30:34,97200.0,100.0,149600.0
618,2021-10-07 03:30:34,97200.0,1200.0,149500.0
619,2021-10-07 03:30:03,97200.0,800.0,148300.0
620,2021-10-07 03:30:03,97200.0,100.0,147500.0
621,2021-10-07 03:30:03,97200.0,100.0,147400.0
622,2021-10-07 03:30:02,97200.0,100.0,147300.0
623,2021-10-07 03:30:02,97200.0,600.0,147200.0
624,2021-10-07 03:29:27,97200.0,100.0,146600.0
625,2021-10-07 03:29:27,97200.0,100.0,146500.0
626,2021-10-07 03:29:22,97400.0,500.0,146400.0
627,2021-10-07 03:29:01,97400.0,100.0,145900.0
628,2021-10-07 03:28:51,97400.0,200.0,145800.0
629,2021-10-07 03:28:46,97400.0,100.0,145600.0
630,2021-10-07 03:28:04,97500.0,200.0,145500.0
631,2021-10-07 03:28:01,97200.0,300.0,145300.0
632,2021-10-07 03:28:01,97200.0,1600.0,145000.0
633,2021-10-07 03:28:01,97200.0,100.0,143400.0
634,2021-10-07 03:27:39,97500.0,900.0,143300.0
635,2021-10-07 03:27:39,97500.0,800.0,142400.0
636,2021-10-07 03:27:39,97400.0,300.0,141600.0
637,2021-10-07 03:26:39,97000.0,300.0,141300.0
638,2021-10-07 03:26:39,97000.0,100.0,141000.0
639,2021-10-07 03:26:39,97000.0,100.0,140900.0
640,2021-10-07 03:26:39,97100.0,500.0,140800.0
641,2021-10-07 03:26:39,97100.0,100.0,140300.0
642,2021-10-07 03:26:39,97100.0,100.0,140200.0
643,2021-10-07 03:26:39,97100.0,200.0,140100.0
644,2021-10-07 03:26:39,97200.0,100.0,139900.0
645,2021-10-07 03:26:39,97200.0,300.0,139800.0
646,2021-10-07 03:26:39,97400.0,200.0,139500.0
647,2021-10-07 03:26:38,97400.0,100.0,139300.0
648,2021-10-07 03:26:38,97400.0,1700.0,139200.0
649,2021-10-07 03:26:38,97400.0,500.0,137500.0
650,2021-10-07 03:25:54,97400.0,500.0,137000.0
651,2021-10-07 03:25:28,97500.0,100.0,136500.0
652,2021-10-07 03:24:39,97500.0,100.0,136400.0
653,2021-10-07 03:24:20,97000.0,300.0,136300.0
654,2021-10-07 03:24:20,97000.0,100.0,136000.0
655,2021-10-07 03:24:20,97000.0,1100.0,135900.0
656,2021-10-07 03:24:20,97100.0,500.0,134800.0
657,2021-10-07 03:24:20,97100.0,4300.0,134300.0
658,2021-10-07 03:23:47,97100.0,3700.0,130000.0
659,2021-10-07 03:23:37,97100.0,500.0,126300.0
660,2021-10-07 03:23:37,97100.0,500.0,125800.0
661,2021-10-07 03:23:22,97100.0,1500.0,125300.0
662,2021-10-07 03:22:46,97100.0,100.0,123800.0
663,2021-10-07 03:22:46,97300.0,200.0,123700.0
664,2021-10-07 03:22:46,97300.0,300.0,123500.0
665,2021-10-07 03:22:39,97300.0,100.0,123200.0
666,2021-10-07 03:22:39,97300.0,100.0,123100.0
667,2021-10-07 03:22:39,97300.0,100.0,123000.0
668,2021-10-07 03:21:09,97700.0,200.0,122900.0
669,2021-10-07 03:21:06,97500.0,100.0,122700.0
670,2021-10-07 03:21:06,97500.0,100.0,122600.0
671,2021-10-07 03:21:06,97500.0,200.0,122500.0
672,2021-10-07 03:21:06,97500.0,600.0,122300.0
673,2021-10-07 03:20:59,97500.0,1100.0,121700.0
674,2021-10-07 03:20:59,97500.0,100.0,120600.0
675,2021-10-07 03:20:45,97700.0,500.0,120500.0
676,2021-10-07 03:20:00,97500.0,100.0,120000.0
677,2021-10-07 03:20:00,97500.0,300.0,119900.0
678,2021-10-07 03:20:00,97600.0,500.0,119600.0
679,2021-10-07 03:20:00,97600.0,200.0,119100.0
680,2021-10-07 03:20:00,97600.0,100.0,118900.0
681,2021-10-07 03:17:52,97800.0,500.0,118800.0
682,2021-10-07 03:17:52,97800.0,400.0,118300.0
683,2021-10-07 03:17:44,97800.0,600.0,117900.0
684,2021-10-07 03:17:44,97800.0,100.0,117300.0
685,2021-10-07 03:17:44,97800.0,100.0,117200.0
686,2021-10-07 03:17:44,97900.0,400.0,117100.0
687,2021-10-07 03:17:31,98100.0,200.0,116700.0
688,2021-10-07 03:17:23,97900.0,100.0,116500.0
689,2021-10-07 03:17:06,97900.0,2000.0,116400.0
690,2021-10-07 03:15:47,97900.0,7000.0,114400.0
691,2021-10-07 03:15:44,97900.0,400.0,107400.0
692,2021-10-07 03:15:44,97900.0,100.0,107000.0
693,2021-10-07 03:15:44,97900.0,900.0,106900.0
694,2021-10-07 03:15:29,97900.0,100.0,106000.0
695,2021-10-07 03:15:29,97900.0,100.0,105900.0
696,2021-10-07 03:15:29,97900.0,300.0,105800.0
697,2021-10-07 03:15:29,98000.0,500.0,105500.0
698,2021-10-07 03:15:29,98000.0,200.0,105000.0
699,2021-10-07 03:14:42,98000.0,600.0,104800.0
700,2021-10-07 03:14:34,98000.0,200.0,104200.0
701,2021-10-07 03:14:34,98000.0,100.0,104000.0
702,2021-10-07 03:14:34,98000.0,300.0,103900.0
703,2021-10-07 03:14:31,98000.0,100.0,103600.0
704,2021-10-07 03:14:31,98000.0,100.0,103500.0
705,2021-10-07 03:14:31,98000.0,100.0,103400.0
706,2021-10-07 03:14:23,98000.0,500.0,103300.0
707,2021-10-07 03:14:23,98000.0,100.0,102800.0
708,2021-10-07 03:14:10,98100.0,100.0,102700.0
709,2021-10-07 03:14:10,98000.0,100.0,102600.0
710,2021-10-07 03:14:10,98000.0,100.0,102500.0
711,2021-10-07 03:14:10,98000.0,400.0,102400.0
712,2021-10-07 03:13:58,98000.0,100.0,102000.0
713,2021-10-07 03:13:58,98000.0,200.0,101900.0
714,2021-10-07 03:13:58,98000.0,100.0,101700.0
715,2021-10-07 03:13:58,98000.0,300.0,101600.0
716,2021-10-07 03:13:13,98000.0,100.0,101300.0
717,2021-10-07 03:13:13,98000.0,100.0,101200.0
718,2021-10-07 03:13:08,98100.0,100.0,101100.0
719,2021-10-07 03:13:08,98100.0,200.0,101000.0
720,2021-10-07 03:12:04,98100.0,300.0,100800.0
721,2021-10-07 03:11:48,98100.0,500.0,100500.0
722,2021-10-07 03:10:59,98100.0,200.0,100000.0
723,2021-10-07 03:10:59,98100.0,100.0,99800.0
724,2021-10-07 03:10:43,98200.0,200.0,99700.0
725,2021-10-07 03:10:18,98200.0,500.0,99500.0
726,2021-10-07 03:09:37,98100.0,1200.0,99000.0
727,2021-10-07 03:09:36,98100.0,300.0,97800.0
728,2021-10-07 03:09:36,98100.0,100.0,97500.0
729,2021-10-07 03:08:06,98100.0,500.0,97400.0
730,2021-10-07 03:08:06,98100.0,1000.0,96900.0
731,2021-10-07 03:08:04,98100.0,600.0,95900.0
732,2021-10-07 03:07:19,98200.0,100.0,95300.0
733,2021-10-07 03:07:12,98100.0,400.0,95200.0
734,2021-10-07 03:07:12,98100.0,100.0,94800.0
735,2021-10-07 03:07:12,98100.0,100.0,94700.0
736,2021-10-07 03:07:12,98100.0,4400.0,94600.0
737,2021-10-07 03:03:55,98200.0,100.0,90200.0
738,2021-10-07 03:03:40,98100.0,500.0,90100.0
739,2021-10-07 03:01:44,98200.0,100.0,89600.0
740,2021-10-07 03:01:44,98200.0,400.0,89500.0
741,2021-10-07 03:01:01,98200.0,100.0,89100.0
742,2021-10-07 03:00:30,98200.0,100.0,89000.0
743,2021-10-07 03:00:27,98100.0,1600.0,88900.0
744,2021-10-07 02:59:17,98100.0,100.0,87300.0
745,2021-10-07 02:59:04,98100.0,100.0,87200.0
746,2021-10-07 02:58:20,98100.0,200.0,87100.0
747,2021-10-07 02:58:20,98100.0,600.0,86900.0
748,2021-10-07 02:57:55,98100.0,500.0,86300.0
749,2021-10-07 02:57:55,98100.0,100.0,85800.0
750,2021-10-07 02:57:55,98100.0,400.0,85700.0
751,2021-10-07 02:57:21,98100.0,100.0,85300.0
752,2021-10-07 02:57:19,98100.0,1300.0,85200.0
753,2021-10-07 02:57:17,98100.0,3200.0,83900.0
754,2021-10-07 02:57:03,98100.0,100.0,80700.0
755,2021-10-07 02:56:33,98100.0,200.0,80600.0
756,2021-10-07 02:56:33,98100.0,1100.0,80400.0
757,2021-10-07 02:56:33,98100.0,4400.0,79300.0
758,2021-10-07 02:56:19,98200.0,4000.0,74900.0
759,2021-10-07 02:55:08,98200.0,100.0,70900.0
760,2021-10-07 02:54:22,98200.0,100.0,70800.0
761,2021-10-07 02:53:31,98200.0,100.0,70700.0
762,2021-10-07 02:52:55,98100.0,300.0,70600.0
763,2021-10-07 02:52:52,98100.0,100.0,70300.0
764,2021-10-07 02:52:49,98100.0,200.0,70200.0
765,2021-10-07 02:52:49,98100.0,100.0,70000.0
766,2021-10-07 02:52:49,98100.0,100.0,69900.0
767,2021-10-07 02:52:49,98100.0,1300.0,69800.0
768,2021-10-07 02:52:26,98100.0,100.0,68500.0
769,2021-10-07 02:51:54,98100.0,600.0,68400.0
770,2021-10-07 02:51:54,98100.0,1400.0,67800.0
771,2021-10-07 02:50:05,98200.0,100.0,66400.0
772,2021-10-07 02:47:58,98100.0,600.0,66300.0
773,2021-10-07 02:47:58,98100.0,300.0,65700.0
774,2021-10-07 02:47:58,98100.0,100.0,65400.0
775,2021-10-07 02:47:44,98100.0,200.0,65300.0
776,2021-10-07 02:47:44,98100.0,1400.0,65100.0
777,2021-10-07 02:47:16,98100.0,200.0,63700.0
778,2021-10-07 02:47:16,98200.0,1000.0,63500.0
779,2021-10-07 02:47:02,98200.0,500.0,62500.0
780,2021-10-07 02:46:58,98200.0,100.0,62000.0
781,2021-10-07 02:46:34,98200.0,400.0,61900.0
782,2021-10-07 02:46:34,98200.0,100.0,61500.0
783,2021-10-07 02:46:34,98200.0,700.0,61400.0
784,2021-10-07 02:46:29,98300.0,200.0,60700.0
785,2021-10-07 02:46:00,98200.0,300.0,60500.0
786,2021-10-07 02:46:00,98200.0,900.0,60200.0
787,2021-10-07 02:45:11,98200.0,1600.0,59300.0
788,2021-10-07 02:44:49,98200.0,300.0,57700.0
789,2021-10-07 02:44:49,98200.0,100.0,57400.0
790,2021-10-07 02:44:25,98200.0,200.0,57300.0
791,2021-10-07 02:44:25,98200.0,300.0,57100.0
792,2021-10-07 02:43:06,98200.0,200.0,56800.0
793,2021-10-07 02:43:05,98300.0,300.0,56600.0
794,2021-10-07 02:42:39,98200.0,1500.0,56300.0
795,2021-10-07 02:42:38,98200.0,1600.0,54800.0
796,2021-10-07 02:42:06,98200.0,200.0,53200.0
797,2021-10-07 02:41:58,98300.0,100.0,53000.0
798,2021-10-07 02:41:58,98300.0,400.0,52900.0
799,2021-10-07 02:41:29,98300.0,100.0,52500.0
800,2021-10-07 02:40:58,98300.0,100.0,52400.0
801,2021-10-07 02:40:27,98300.0,200.0,52300.0
802,2021-10-07 02:40:15,98300.0,300.0,52100.0
803,2021-10-07 02:39:54,98500.0,100.0,51800.0
804,2021-10-07 02:39:54,98500.0,1900.0,51700.0
805,2021-10-07 02:39:34,98300.0,100.0,49800.0
806,2021-10-07 02:39:30,98500.0,100.0,49700.0
807,2021-10-07 02:39:30,98500.0,100.0,49600.0
808,2021-10-07 02:39:07,98300.0,100.0,49500.0
809,2021-10-07 02:39:00,98300.0,100.0,49400.0
810,2021-10-07 02:38:50,98300.0,200.0,49300.0
811,2021-10-07 02:38:35,98300.0,200.0,49100.0
812,2021-10-07 02:38:27,98300.0,100.0,48900.0
813,2021-10-07 02:38:27,98300.0,100.0,48800.0
814,2021-10-07 02:38:14,98300.0,200.0,48700.0
815,2021-10-07 02:38:07,98300.0,100.0,48500.0
816,2021-10-07 02:37:55,98300.0,100.0,48400.0
817,2021-10-07 02:37:35,98300.0,200.0,48300.0
818,2021-10-07 02:37:33,98300.0,1700.0,48100.0
819,2021-10-07 02:37:24,98300.0,1200.0,46400.0
820,2021-10-07 02:36:47,98300.0,200.0,45200.0
821,2021-10-07 02:36:26,98400.0,1800.0,45000.0
822,2021-10-07 02:36:26,98400.0,1900.0,43200.0
823,2021-10-07 02:36:24,98300.0,300.0,41300.0
824,2021-10-07 02:36:24,98300.0,900.0,41000.0
825,2021-10-07 02:36:02,98400.0,100.0,40100.0
826,2021-10-07 02:35:52,98400.0,200.0,40000.0
827,2021-10-07 02:35:49,98300.0,200.0,39800.0
828,2021-10-07 02:35:43,98300.0,600.0,39600.0
829,2021-10-07 02:35:24,98300.0,100.0,39000.0
830,2021-10-07 02:35:16,98300.0,600.0,38900.0
831,2021-10-07 02:35:03,98300.0,1700.0,38300.0
832,2021-10-07 02:35:03,98300.0,1000.0,36600.0
833,2021-10-07 02:35:00,98200.0,1000.0,35600.0
834,2021-10-07 02:35:00,98200.0,200.0,34600.0
835,2021-10-07 02:35:00,98200.0,500.0,34400.0
836,2021-10-07 02:34:47,98200.0,1000.0,33900.0
837,2021-10-07 02:34:09,98200.0,1200.0,32900.0
838,2021-10-07 02:33:49,98300.0,200.0,31700.0
839,2021-10-07 02:33:47,98300.0,100.0,31500.0
840,2021-10-07 02:33:45,98300.0,500.0,31400.0
841,2021-10-07 02:33:42,98300.0,200.0,30900.0
842,2021-10-07 02:32:14,98300.0,200.0,30700.0
843,2021-10-07 02:31:36,98200.0,2000.0,30500.0
844,2021-10-07 02:31:16,98200.0,300.0,28500.0
845,2021-10-07 02:31:16,98200.0,100.0,28200.0
846,2021-10-07 02:31:16,98200.0,100.0,28100.0
847,2021-10-07 02:31:09,98300.0,500.0,28000.0
848,2021-10-07 02:31:05,98200.0,1000.0,27500.0
849,2021-10-07 02:30:12,98300.0,100.0,26500.0
850,2021-10-07 02:30:12,98300.0,200.0,26400.0
851,2021-10-07 02:30:04,98300.0,100.0,26200.0
852,2021-10-07 02:29:15,98400.0,100.0,26100.0
853,2021-10-07 02:28:45,98400.0,100.0,26000.0
854,2021-10-07 02:28:36,98300.0,500.0,25900.0
855,2021-10-07 02:27:56,98300.0,1000.0,25400.0
856,2021-10-07 02:27:22,98300.0,1800.0,24400.0
857,2021-10-07 02:26:33,98300.0,2400.0,22600.0
858,2021-10-07 02:26:32,98300.0,400.0,20200.0
859,2021-10-07 02:25:59,98200.0,500.0,19800.0
860,2021-10-07 02:25:45,98300.0,300.0,19300.0
861,2021-10-07 02:25:45,98300.0,100.0,19000.0
862,2021-10-07 02:25:45,98300.0,1800.0,18900.0
863,2021-10-07 02:25:29,98400.0,500.0,17100.0
864,2021-10-07 02:25:14,98400.0,200.0,16600.0
865,2021-10-07 02:25:05,98400.0,500.0,16400.0
866,2021-10-07 02:24:49,98400.0,600.0,15900.0
867,2021-10-07 02:24:36,98400.0,2400.0,15300.0
868,2021-10-07 02:24:14,98400.0,2000.0,12900.0
869,2021-10-07 02:24:00,98300.0,1000.0,10900.0
870,2021-10-07 02:24:00,98500.0,200.0,9900.0
871,2021-10-07 02:23:24,98500.0,100.0,9700.0
872,2021-10-07 02:23:24,98500.0,100.0,9600.0
873,2021-10-07 02:23:24,98500.0,700.0,9500.0
874,2021-10-07 02:23:24,98500.0,300.0,8800.0
875,2021-10-07 02:22:56,98500.0,700.0,8500.0
876,2021-10-07 02:22:56,98500.0,500.0,7800.0
877,2021-10-07 02:22:19,98500.0,200.0,7300.0
878,2021-10-07 02:22:19,98500.0,1000.0,7100.0
879,2021-10-07 02:21:47,98900.0,100.0,6100.0
880,2021-10-07 02:21:37,98900.0,100.0,6000.0
881,2021-10-07 02:21:26,98500.0,1200.0,5900.0
882,2021-10-07 02:20:47,98500.0,1200.0,4700.0
883,2021-10-07 02:20:45,98500.0,200.0,3500.0
884,2021-10-07 02:20:35,98500.0,100.0,3300.0
885,2021-10-07 02:20:25,98500.0,200.0,3200.0
886,2021-10-07 02:20:19,98500.0,200.0,3000.0
887,2021-10-07 02:19:59,98500.0,100.0,2800.0
888,2021-10-07 02:19:38,98500.0,200.0,2700.0
889,2021-10-07 02:19:25,98500.0,100.0,2500.0
890,2021-10-07 02:19:20,99000.0,200.0,2400.0
891,2021-10-07 02:18:38,99000.0,100.0,2200.0
892,2021-10-07 02:18:38,99000.0,200.0,2100.0
893,2021-10-07 02:17:54,98500.0,100.0,1900.0
894,2021-10-07 02:17:43,98500.0,500.0,1800.0
895,2021-10-07 02:17:29,98500.0,100.0,1300.0
896,2021-10-07 02:17:29,98500.0,100.0,1200.0
897,2021-10-07 02:16:08,98200.0,500.0,1100.0
898,2021-10-07 02:15:00,98100.0,100.0,600.0
899,2021-10-07 02:15:00,98100.0,300.0,500.0
900,2021-10-07 02:15:00,98100.0,100.0,200.0
901,2021-10-07 02:15:00,98100.0,100.0,100.0
