,Time,Price,Volume_per_trade,Volume
0,2021-10-01 14:45:00,57700.0,100.0,65500.0
1,2021-10-01 14:45:00,57700.0,100.0,65400.0
2,2021-10-01 14:45:00,57700.0,1700.0,65300.0
3,2021-10-01 14:45:00,57700.0,200.0,63600.0
4,2021-10-01 14:45:00,57700.0,100.0,63400.0
5,2021-10-01 14:45:00,57700.0,500.0,63300.0
6,2021-10-01 14:45:00,57700.0,500.0,62800.0
7,2021-10-01 14:29:53,57600.0,100.0,62300.0
8,2021-10-01 14:20:56,57600.0,100.0,62200.0
9,2021-10-01 14:20:44,57600.0,900.0,62100.0
10,2021-10-01 14:20:44,57600.0,100.0,61200.0
11,2021-10-01 14:20:07,57400.0,1000.0,61100.0
12,2021-10-01 14:20:07,57400.0,1000.0,60100.0
13,2021-10-01 14:20:07,57500.0,100.0,59100.0
14,2021-10-01 14:13:08,57500.0,100.0,59000.0
15,2021-10-01 14:10:17,57500.0,100.0,58900.0
16,2021-10-01 14:08:13,57400.0,600.0,58800.0
17,2021-10-01 14:08:13,57400.0,400.0,58200.0
18,2021-10-01 14:05:01,57400.0,100.0,57800.0
19,2021-10-01 13:59:57,57000.0,2000.0,57700.0
20,2021-10-01 13:58:55,57000.0,2000.0,55700.0
21,2021-10-01 13:58:10,57000.0,1000.0,53700.0
22,2021-10-01 13:58:01,56800.0,100.0,52700.0
23,2021-10-01 13:58:01,56800.0,100.0,52600.0
24,2021-10-01 13:58:01,56800.0,100.0,52500.0
25,2021-10-01 13:58:01,56800.0,4000.0,52400.0
26,2021-10-01 13:58:01,56800.0,100.0,48400.0
27,2021-10-01 13:58:01,56800.0,300.0,48300.0
28,2021-10-01 13:58:01,56800.0,1500.0,48000.0
29,2021-10-01 13:58:01,56900.0,200.0,46500.0
30,2021-10-01 13:58:01,56900.0,100.0,46300.0
31,2021-10-01 13:58:01,56900.0,200.0,46200.0
32,2021-10-01 13:58:01,56900.0,500.0,46000.0
33,2021-10-01 13:58:01,56900.0,100.0,45500.0
34,2021-10-01 13:58:01,56900.0,500.0,45400.0
35,2021-10-01 13:58:01,56900.0,100.0,44900.0
36,2021-10-01 13:54:43,57000.0,200.0,44800.0
37,2021-10-01 13:54:43,57000.0,200.0,44600.0
38,2021-10-01 13:54:10,57000.0,300.0,44400.0
39,2021-10-01 13:53:07,57000.0,300.0,44100.0
40,2021-10-01 13:53:03,57000.0,100.0,43800.0
41,2021-10-01 13:52:04,57000.0,100.0,43700.0
42,2021-10-01 13:39:22,57000.0,300.0,43600.0
43,2021-10-01 13:39:22,57000.0,100.0,43300.0
44,2021-10-01 13:39:22,57000.0,100.0,43200.0
45,2021-10-01 13:39:22,57000.0,100.0,43100.0
46,2021-10-01 13:39:22,57000.0,1700.0,43000.0
47,2021-10-01 13:39:22,57000.0,500.0,41300.0
48,2021-10-01 13:39:22,57000.0,200.0,40800.0
49,2021-10-01 13:39:22,57000.0,1000.0,40600.0
50,2021-10-01 13:39:22,57000.0,700.0,39600.0
51,2021-10-01 13:39:22,57100.0,100.0,38900.0
52,2021-10-01 13:39:22,57100.0,100.0,38800.0
53,2021-10-01 13:39:22,57100.0,100.0,38700.0
54,2021-10-01 13:37:41,57100.0,100.0,38600.0
55,2021-10-01 13:28:22,57000.0,100.0,38500.0
56,2021-10-01 13:27:19,57100.0,100.0,38400.0
57,2021-10-01 13:27:05,57100.0,100.0,38300.0
58,2021-10-01 13:26:54,57100.0,500.0,38200.0
59,2021-10-01 13:26:00,57100.0,100.0,37700.0
60,2021-10-01 13:26:00,57100.0,100.0,37600.0
61,2021-10-01 13:26:00,57100.0,100.0,37500.0
62,2021-10-01 13:26:00,57100.0,300.0,37400.0
63,2021-10-01 13:23:33,57200.0,100.0,37100.0
64,2021-10-01 13:23:25,57200.0,300.0,37000.0
65,2021-10-01 13:23:25,57200.0,100.0,36700.0
66,2021-10-01 13:23:18,57300.0,100.0,36600.0
67,2021-10-01 13:23:18,57300.0,100.0,36500.0
68,2021-10-01 13:06:45,57100.0,200.0,36400.0
69,2021-10-01 13:06:45,57100.0,100.0,36200.0
70,2021-10-01 13:06:45,57100.0,700.0,36100.0
71,2021-10-01 13:04:18,57100.0,200.0,35400.0
72,2021-10-01 13:02:40,57700.0,100.0,35200.0
73,2021-10-01 13:02:40,57700.0,100.0,35100.0
74,2021-10-01 13:02:40,57500.0,1000.0,35000.0
75,2021-10-01 13:02:40,57400.0,1000.0,34000.0
76,2021-10-01 13:02:40,57300.0,300.0,33000.0
77,2021-10-01 13:02:40,57300.0,100.0,32700.0
78,2021-10-01 13:02:40,57300.0,900.0,32600.0
79,2021-10-01 13:00:22,57100.0,100.0,31700.0
80,2021-10-01 13:00:14,57300.0,100.0,31600.0
81,2021-10-01 13:00:08,57300.0,100.0,31500.0
82,2021-10-01 11:21:12,57300.0,100.0,31400.0
83,2021-10-01 11:15:52,57300.0,200.0,31300.0
84,2021-10-01 11:13:37,57300.0,100.0,31100.0
85,2021-10-01 11:05:06,57300.0,600.0,31000.0
86,2021-10-01 11:04:04,57300.0,100.0,30400.0
87,2021-10-01 10:59:55,57300.0,100.0,30300.0
88,2021-10-01 10:59:55,57300.0,100.0,30200.0
89,2021-10-01 10:57:45,57000.0,100.0,30100.0
90,2021-10-01 10:55:31,57000.0,100.0,30000.0
91,2021-10-01 10:55:31,57100.0,100.0,29900.0
92,2021-10-01 10:55:26,57200.0,300.0,29800.0
93,2021-10-01 10:49:35,57200.0,300.0,29500.0
94,2021-10-01 10:48:50,57200.0,100.0,29200.0
95,2021-10-01 10:45:27,57200.0,100.0,29100.0
96,2021-10-01 10:45:27,57200.0,700.0,29000.0
97,2021-10-01 10:43:07,57200.0,500.0,28300.0
98,2021-10-01 10:42:00,57200.0,100.0,27800.0
99,2021-10-01 10:40:13,57200.0,1000.0,27700.0
100,2021-10-01 10:28:59,57700.0,100.0,26700.0
101,2021-10-01 10:25:50,57200.0,200.0,26600.0
102,2021-10-01 10:23:31,57300.0,100.0,26400.0
103,2021-10-01 10:22:12,57300.0,500.0,26300.0
104,2021-10-01 10:21:33,57300.0,400.0,25800.0
105,2021-10-01 10:20:07,57300.0,100.0,25400.0
106,2021-10-01 10:18:45,57200.0,2000.0,25300.0
107,2021-10-01 10:18:45,57200.0,500.0,23300.0
108,2021-10-01 10:16:05,56800.0,300.0,22800.0
109,2021-10-01 10:16:02,56800.0,3200.0,22500.0
110,2021-10-01 10:15:46,56900.0,900.0,19300.0
111,2021-10-01 10:15:46,56900.0,2000.0,18400.0
112,2021-10-01 10:15:46,56900.0,100.0,16400.0
113,2021-10-01 10:15:46,56900.0,200.0,16300.0
114,2021-10-01 10:15:46,56900.0,100.0,16100.0
115,2021-10-01 10:15:30,57000.0,1000.0,16000.0
116,2021-10-01 10:15:30,57000.0,100.0,15000.0
117,2021-10-01 10:15:30,57000.0,100.0,14900.0
118,2021-10-01 10:15:30,57000.0,200.0,14800.0
119,2021-10-01 10:14:56,57200.0,100.0,14600.0
120,2021-10-01 10:14:56,57200.0,400.0,14500.0
121,2021-10-01 10:14:23,57200.0,100.0,14100.0
122,2021-10-01 10:14:23,57200.0,100.0,14000.0
123,2021-10-01 10:14:23,57200.0,100.0,13900.0
124,2021-10-01 10:14:23,57200.0,100.0,13800.0
125,2021-10-01 10:14:23,57200.0,100.0,13700.0
126,2021-10-01 10:14:23,57200.0,200.0,13600.0
127,2021-10-01 10:14:23,57200.0,300.0,13400.0
128,2021-10-01 10:14:23,57200.0,200.0,13100.0
129,2021-10-01 10:08:35,57200.0,200.0,12900.0
130,2021-10-01 10:04:04,57200.0,100.0,12700.0
131,2021-10-01 10:03:22,57200.0,500.0,12600.0
132,2021-10-01 09:52:10,58200.0,200.0,12100.0
133,2021-10-01 09:52:10,58200.0,200.0,11900.0
134,2021-10-01 09:52:10,58200.0,200.0,11700.0
135,2021-10-01 09:46:27,58300.0,100.0,11500.0
136,2021-10-01 09:46:24,58300.0,100.0,11400.0
137,2021-10-01 09:46:06,58200.0,700.0,11300.0
138,2021-10-01 09:46:06,58200.0,1000.0,10600.0
139,2021-10-01 09:46:06,58000.0,600.0,9600.0
140,2021-10-01 09:46:06,57900.0,1000.0,9000.0
141,2021-10-01 09:46:06,57900.0,300.0,8000.0
142,2021-10-01 09:46:06,57800.0,100.0,7700.0
143,2021-10-01 09:46:06,57500.0,100.0,7600.0
144,2021-10-01 09:43:12,57500.0,100.0,7500.0
145,2021-10-01 09:43:12,57500.0,100.0,7400.0
146,2021-10-01 09:39:44,57500.0,500.0,7300.0
147,2021-10-01 09:39:44,57500.0,200.0,6800.0
148,2021-10-01 09:30:49,57900.0,200.0,6600.0
149,2021-10-01 09:30:49,58000.0,100.0,6400.0
150,2021-10-01 09:30:49,58000.0,200.0,6300.0
151,2021-10-01 09:30:49,58000.0,100.0,6100.0
152,2021-10-01 09:30:49,58000.0,100.0,6000.0
153,2021-10-01 09:30:32,58000.0,100.0,5900.0
154,2021-10-01 09:30:32,58000.0,500.0,5800.0
155,2021-10-01 09:30:32,58000.0,100.0,5300.0
156,2021-10-01 09:30:01,58000.0,400.0,5200.0
157,2021-10-01 09:28:59,57900.0,100.0,4800.0
158,2021-10-01 09:28:50,57900.0,100.0,4700.0
159,2021-10-01 09:28:43,57900.0,100.0,4600.0
160,2021-10-01 09:28:43,57900.0,100.0,4500.0
161,2021-10-01 09:28:43,57900.0,100.0,4400.0
162,2021-10-01 09:27:22,57900.0,100.0,4300.0
163,2021-10-01 09:24:23,57900.0,100.0,4200.0
164,2021-10-01 09:24:23,57900.0,200.0,4100.0
165,2021-10-01 09:24:23,57900.0,100.0,3900.0
166,2021-10-01 09:24:23,57900.0,100.0,3800.0
167,2021-10-01 09:23:20,57900.0,100.0,3700.0
168,2021-10-01 09:23:19,57900.0,100.0,3600.0
169,2021-10-01 09:23:19,57900.0,100.0,3500.0
170,2021-10-01 09:20:24,57900.0,100.0,3400.0
171,2021-10-01 09:20:21,57900.0,100.0,3300.0
172,2021-10-01 09:20:21,57900.0,100.0,3200.0
173,2021-10-01 09:20:19,57900.0,100.0,3100.0
174,2021-10-01 09:20:19,57900.0,100.0,3000.0
175,2021-10-01 09:20:19,57900.0,100.0,2900.0
176,2021-10-01 09:20:19,57900.0,400.0,2800.0
177,2021-10-01 09:15:00,57900.0,100.0,2400.0
178,2021-10-01 09:15:00,57900.0,1000.0,2300.0
179,2021-10-01 09:15:00,57900.0,1000.0,1300.0
180,2021-10-01 09:15:00,57900.0,100.0,300.0
181,2021-10-01 09:15:00,57900.0,200.0,200.0
