,Time,Price,Volume_per_trade,Volume
0,2021-10-11 07:45:01,132500.0,100.0,1098600.0
1,2021-10-11 07:45:01,132500.0,800.0,1098500.0
2,2021-10-11 07:45:01,132500.0,3000.0,1097700.0
3,2021-10-11 07:45:01,132500.0,2500.0,1094700.0
4,2021-10-11 07:45:01,132500.0,1400.0,1092200.0
5,2021-10-11 07:45:01,132500.0,2000.0,1090800.0
6,2021-10-11 07:45:01,132500.0,200.0,1088800.0
7,2021-10-11 07:45:01,132500.0,100.0,1088600.0
8,2021-10-11 07:45:01,132500.0,3900.0,1088500.0
9,2021-10-11 07:45:01,132500.0,100.0,1084600.0
10,2021-10-11 07:45:01,132500.0,3200.0,1084500.0
11,2021-10-11 07:45:01,132500.0,800.0,1081300.0
12,2021-10-11 07:45:01,132500.0,3200.0,1080500.0
13,2021-10-11 07:45:01,132500.0,1000.0,1077300.0
14,2021-10-11 07:45:01,132500.0,100.0,1076300.0
15,2021-10-11 07:45:01,132500.0,5700.0,1076200.0
16,2021-10-11 07:45:01,132500.0,1000.0,1070500.0
17,2021-10-11 07:45:01,132500.0,3000.0,1069500.0
18,2021-10-11 07:45:01,132500.0,100.0,1066500.0
19,2021-10-11 07:45:01,132500.0,5200.0,1066400.0
20,2021-10-11 07:45:01,132500.0,1800.0,1061200.0
21,2021-10-11 07:45:01,132500.0,100.0,1059400.0
22,2021-10-11 07:45:01,132500.0,100.0,1059300.0
23,2021-10-11 07:45:01,132500.0,300.0,1059200.0
24,2021-10-11 07:45:01,132500.0,100.0,1058900.0
25,2021-10-11 07:45:01,132500.0,600.0,1058800.0
26,2021-10-11 07:45:01,132500.0,6000.0,1058200.0
27,2021-10-11 07:45:01,132500.0,300.0,1052200.0
28,2021-10-11 07:45:01,132500.0,5700.0,1051900.0
29,2021-10-11 07:45:01,132500.0,2300.0,1046200.0
30,2021-10-11 07:45:01,132500.0,7700.0,1043900.0
31,2021-10-11 07:45:01,132500.0,500.0,1036200.0
32,2021-10-11 07:45:01,132500.0,1800.0,1035700.0
33,2021-10-11 07:45:01,132500.0,10000.0,1033900.0
34,2021-10-11 07:45:01,132500.0,700.0,1023900.0
35,2021-10-11 07:45:01,132500.0,1000.0,1023200.0
36,2021-10-11 07:45:01,132500.0,100.0,1022200.0
37,2021-10-11 07:45:01,132500.0,4200.0,1022100.0
38,2021-10-11 07:45:01,132500.0,800.0,1017900.0
39,2021-10-11 07:45:01,132500.0,200.0,1017100.0
40,2021-10-11 07:29:48,131700.0,300.0,1016900.0
41,2021-10-11 07:29:45,132500.0,100.0,1016600.0
42,2021-10-11 07:29:43,132500.0,1900.0,1016500.0
43,2021-10-11 07:29:42,132500.0,800.0,1014600.0
44,2021-10-11 07:29:35,132500.0,100.0,1013800.0
45,2021-10-11 07:29:33,132500.0,600.0,1013700.0
46,2021-10-11 07:29:28,132500.0,2000.0,1013100.0
47,2021-10-11 07:29:26,132500.0,300.0,1011100.0
48,2021-10-11 07:29:17,132500.0,900.0,1010800.0
49,2021-10-11 07:29:10,132500.0,500.0,1009900.0
50,2021-10-11 07:29:10,132400.0,500.0,1009400.0
51,2021-10-11 07:29:10,132400.0,500.0,1008900.0
52,2021-10-11 07:29:08,132400.0,1000.0,1008400.0
53,2021-10-11 07:29:05,132500.0,1000.0,1007400.0
54,2021-10-11 07:29:05,132400.0,1000.0,1006400.0
55,2021-10-11 07:29:02,132400.0,700.0,1005400.0
56,2021-10-11 07:28:53,132400.0,1000.0,1004700.0
57,2021-10-11 07:28:46,132500.0,100.0,1003700.0
58,2021-10-11 07:28:46,132400.0,500.0,1003600.0
59,2021-10-11 07:28:44,132300.0,2000.0,1003100.0
60,2021-10-11 07:28:38,132400.0,1000.0,1001100.0
61,2021-10-11 07:28:24,132500.0,300.0,1000100.0
62,2021-10-11 07:28:24,132500.0,100.0,999800.0
63,2021-10-11 07:28:24,132500.0,100.0,999700.0
64,2021-10-11 07:28:24,132500.0,500.0,999600.0
65,2021-10-11 07:28:24,132500.0,100.0,999100.0
66,2021-10-11 07:28:24,132500.0,300.0,999000.0
67,2021-10-11 07:28:24,132500.0,1300.0,998700.0
68,2021-10-11 07:28:24,132400.0,300.0,997400.0
69,2021-10-11 07:28:18,132400.0,600.0,997100.0
70,2021-10-11 07:28:15,132400.0,100.0,996500.0
71,2021-10-11 07:28:03,132500.0,900.0,996400.0
72,2021-10-11 07:27:54,132500.0,300.0,995500.0
73,2021-10-11 07:27:54,132400.0,100.0,995200.0
74,2021-10-11 07:27:54,132400.0,100.0,995100.0
75,2021-10-11 07:27:47,132400.0,500.0,995000.0
76,2021-10-11 07:27:47,132400.0,100.0,994500.0
77,2021-10-11 07:27:44,132400.0,1300.0,994400.0
78,2021-10-11 07:27:44,132400.0,100.0,993100.0
79,2021-10-11 07:27:44,132400.0,600.0,993000.0
80,2021-10-11 07:27:21,132400.0,800.0,992400.0
81,2021-10-11 07:27:21,132300.0,100.0,991600.0
82,2021-10-11 07:27:21,132300.0,600.0,991500.0
83,2021-10-11 07:27:21,132300.0,500.0,990900.0
84,2021-10-11 07:27:03,132300.0,500.0,990400.0
85,2021-10-11 07:27:03,132300.0,300.0,989900.0
86,2021-10-11 07:27:03,132200.0,1200.0,989600.0
87,2021-10-11 07:26:44,132200.0,600.0,988400.0
88,2021-10-11 07:26:44,132200.0,100.0,987800.0
89,2021-10-11 07:26:44,132200.0,1300.0,987700.0
90,2021-10-11 07:26:26,132200.0,500.0,986400.0
91,2021-10-11 07:26:26,132100.0,1500.0,985900.0
92,2021-10-11 07:26:23,132100.0,700.0,984400.0
93,2021-10-11 07:26:11,132000.0,200.0,983700.0
94,2021-10-11 07:26:04,131500.0,100.0,983500.0
95,2021-10-11 07:26:02,132100.0,600.0,983400.0
96,2021-10-11 07:25:58,132200.0,700.0,982800.0
97,2021-10-11 07:25:58,132000.0,1300.0,982100.0
98,2021-10-11 07:25:58,132000.0,100.0,980800.0
99,2021-10-11 07:25:58,132000.0,100.0,980700.0
100,2021-10-11 07:25:58,132000.0,500.0,980600.0
101,2021-10-11 07:25:44,132000.0,700.0,980100.0
102,2021-10-11 07:25:38,132000.0,600.0,979400.0
103,2021-10-11 07:25:38,131900.0,300.0,978800.0
104,2021-10-11 07:25:33,131900.0,700.0,978500.0
105,2021-10-11 07:25:26,132000.0,200.0,977800.0
106,2021-10-11 07:25:26,132000.0,100.0,977600.0
107,2021-10-11 07:25:26,132000.0,500.0,977500.0
108,2021-10-11 07:25:26,132000.0,100.0,977000.0
109,2021-10-11 07:25:26,132000.0,100.0,976900.0
110,2021-10-11 07:25:24,132000.0,100.0,976800.0
111,2021-10-11 07:25:24,132000.0,600.0,976700.0
112,2021-10-11 07:25:15,132000.0,200.0,976100.0
113,2021-10-11 07:25:15,132000.0,200.0,975900.0
114,2021-10-11 07:25:15,132000.0,200.0,975700.0
115,2021-10-11 07:25:06,132000.0,100.0,975500.0
116,2021-10-11 07:25:06,132000.0,500.0,975400.0
117,2021-10-11 07:25:06,132000.0,300.0,974900.0
118,2021-10-11 07:25:06,131900.0,100.0,974600.0
119,2021-10-11 07:24:56,132000.0,100.0,974500.0
120,2021-10-11 07:24:56,132000.0,700.0,974400.0
121,2021-10-11 07:24:48,132000.0,1000.0,973700.0
122,2021-10-11 07:24:46,132000.0,200.0,972700.0
123,2021-10-11 07:24:46,131900.0,400.0,972500.0
124,2021-10-11 07:24:44,131900.0,600.0,972100.0
125,2021-10-11 07:24:41,131900.0,100.0,971500.0
126,2021-10-11 07:24:36,132000.0,100.0,971400.0
127,2021-10-11 07:24:36,132000.0,300.0,971300.0
128,2021-10-11 07:24:36,132000.0,100.0,971000.0
129,2021-10-11 07:24:36,131800.0,100.0,970900.0
130,2021-10-11 07:24:34,131800.0,900.0,970800.0
131,2021-10-11 07:24:34,131900.0,100.0,969900.0
132,2021-10-11 07:24:34,131900.0,900.0,969800.0
133,2021-10-11 07:24:34,131900.0,2000.0,968900.0
134,2021-10-11 07:24:29,131900.0,700.0,966900.0
135,2021-10-11 07:24:21,131900.0,800.0,966200.0
136,2021-10-11 07:24:21,131800.0,200.0,965400.0
137,2021-10-11 07:24:20,131800.0,700.0,965200.0
138,2021-10-11 07:24:11,131800.0,1000.0,964500.0
139,2021-10-11 07:24:11,131800.0,200.0,963500.0
140,2021-10-11 07:24:10,131800.0,100.0,963300.0
141,2021-10-11 07:24:10,131700.0,100.0,963200.0
142,2021-10-11 07:24:10,131700.0,200.0,963100.0
143,2021-10-11 07:24:10,131700.0,100.0,962900.0
144,2021-10-11 07:24:10,131700.0,200.0,962800.0
145,2021-10-11 07:24:09,131700.0,700.0,962600.0
146,2021-10-11 07:24:06,131700.0,800.0,961900.0
147,2021-10-11 07:24:06,131600.0,100.0,961100.0
148,2021-10-11 07:24:06,131600.0,100.0,961000.0
149,2021-10-11 07:24:00,131500.0,1000.0,960900.0
150,2021-10-11 07:23:59,131400.0,100.0,959900.0
151,2021-10-11 07:23:51,131500.0,200.0,959800.0
152,2021-10-11 07:23:50,131500.0,500.0,959600.0
153,2021-10-11 07:23:47,131500.0,200.0,959100.0
154,2021-10-11 07:23:47,131500.0,100.0,958900.0
155,2021-10-11 07:23:45,131600.0,500.0,958800.0
156,2021-10-11 07:23:42,131600.0,1000.0,958300.0
157,2021-10-11 07:23:35,131500.0,200.0,957300.0
158,2021-10-11 07:23:35,131500.0,100.0,957100.0
159,2021-10-11 07:23:35,131500.0,800.0,957000.0
160,2021-10-11 07:23:35,131500.0,100.0,956200.0
161,2021-10-11 07:23:30,131500.0,300.0,956100.0
162,2021-10-11 07:23:28,131500.0,500.0,955800.0
163,2021-10-11 07:23:28,131500.0,100.0,955300.0
164,2021-10-11 07:23:26,131500.0,300.0,955200.0
165,2021-10-11 07:23:22,131500.0,100.0,954900.0
166,2021-10-11 07:23:22,131500.0,200.0,954800.0
167,2021-10-11 07:23:20,131500.0,100.0,954600.0
168,2021-10-11 07:23:08,131500.0,900.0,954500.0
169,2021-10-11 07:23:08,131500.0,100.0,953600.0
170,2021-10-11 07:23:03,131500.0,200.0,953500.0
171,2021-10-11 07:22:58,131500.0,200.0,953300.0
172,2021-10-11 07:22:54,131500.0,200.0,953100.0
173,2021-10-11 07:22:50,131500.0,200.0,952900.0
174,2021-10-11 07:22:50,131500.0,500.0,952700.0
175,2021-10-11 07:22:47,131500.0,100.0,952200.0
176,2021-10-11 07:22:43,131500.0,200.0,952100.0
177,2021-10-11 07:22:34,131500.0,200.0,951900.0
178,2021-10-11 07:22:24,131400.0,500.0,951700.0
179,2021-10-11 07:22:20,131500.0,200.0,951200.0
180,2021-10-11 07:22:03,131500.0,300.0,951000.0
181,2021-10-11 07:21:52,131500.0,300.0,950700.0
182,2021-10-11 07:21:39,131400.0,200.0,950400.0
183,2021-10-11 07:21:33,131500.0,200.0,950200.0
184,2021-10-11 07:21:20,131500.0,300.0,950000.0
185,2021-10-11 07:21:04,131500.0,200.0,949700.0
186,2021-10-11 07:21:03,131500.0,200.0,949500.0
187,2021-10-11 07:20:52,131500.0,300.0,949300.0
188,2021-10-11 07:20:35,131500.0,100.0,949000.0
189,2021-10-11 07:20:35,131500.0,100.0,948900.0
190,2021-10-11 07:20:35,131500.0,100.0,948800.0
191,2021-10-11 07:20:19,131500.0,200.0,948700.0
192,2021-10-11 07:20:09,131500.0,200.0,948500.0
193,2021-10-11 07:19:51,131500.0,200.0,948300.0
194,2021-10-11 07:19:48,131500.0,400.0,948100.0
195,2021-10-11 07:19:48,131500.0,100.0,947700.0
196,2021-10-11 07:19:48,131500.0,500.0,947600.0
197,2021-10-11 07:19:40,131500.0,100.0,947100.0
198,2021-10-11 07:19:25,131400.0,100.0,947000.0
199,2021-10-11 07:19:24,131500.0,300.0,946900.0
200,2021-10-11 07:19:10,131500.0,200.0,946600.0
201,2021-10-11 07:19:07,131400.0,100.0,946400.0
202,2021-10-11 07:19:07,131400.0,100.0,946300.0
203,2021-10-11 07:18:56,131400.0,300.0,946200.0
204,2021-10-11 07:18:45,131400.0,100.0,945900.0
205,2021-10-11 07:18:31,131400.0,1000.0,945800.0
206,2021-10-11 07:18:15,131400.0,300.0,944800.0
207,2021-10-11 07:18:15,131400.0,100.0,944500.0
208,2021-10-11 07:17:49,131400.0,300.0,944400.0
209,2021-10-11 07:17:40,131400.0,300.0,944100.0
210,2021-10-11 07:17:21,131400.0,200.0,943800.0
211,2021-10-11 07:17:10,131400.0,300.0,943600.0
212,2021-10-11 07:17:06,131500.0,300.0,943300.0
213,2021-10-11 07:16:38,131500.0,100.0,943000.0
214,2021-10-11 07:16:35,131500.0,300.0,942900.0
215,2021-10-11 07:16:34,131500.0,200.0,942600.0
216,2021-10-11 07:16:34,131400.0,1800.0,942400.0
217,2021-10-11 07:16:32,131400.0,200.0,940600.0
218,2021-10-11 07:16:32,131400.0,100.0,940400.0
219,2021-10-11 07:16:30,131400.0,600.0,940300.0
220,2021-10-11 07:16:28,131400.0,300.0,939700.0
221,2021-10-11 07:16:15,131400.0,600.0,939400.0
222,2021-10-11 07:16:13,131400.0,100.0,938800.0
223,2021-10-11 07:16:11,131400.0,700.0,938700.0
224,2021-10-11 07:16:11,131300.0,1300.0,938000.0
225,2021-10-11 07:16:09,131300.0,300.0,936700.0
226,2021-10-11 07:16:08,131300.0,300.0,936400.0
227,2021-10-11 07:16:03,131300.0,100.0,936100.0
228,2021-10-11 07:16:03,131300.0,200.0,936000.0
229,2021-10-11 07:15:50,131300.0,100.0,935800.0
230,2021-10-11 07:15:48,131300.0,300.0,935700.0
231,2021-10-11 07:15:43,131300.0,300.0,935400.0
232,2021-10-11 07:15:40,131300.0,800.0,935100.0
233,2021-10-11 07:15:40,131300.0,300.0,934300.0
234,2021-10-11 07:15:35,131300.0,1000.0,934000.0
235,2021-10-11 07:15:35,131200.0,500.0,933000.0
236,2021-10-11 07:15:35,131200.0,500.0,932500.0
237,2021-10-11 07:15:26,131200.0,100.0,932000.0
238,2021-10-11 07:15:22,131200.0,300.0,931900.0
239,2021-10-11 07:15:20,131200.0,800.0,931600.0
240,2021-10-11 07:15:17,131200.0,300.0,930800.0
241,2021-10-11 07:15:15,131200.0,200.0,930500.0
242,2021-10-11 07:15:15,131000.0,1800.0,930300.0
243,2021-10-11 07:15:13,131000.0,300.0,928500.0
244,2021-10-11 07:15:13,131000.0,100.0,928200.0
245,2021-10-11 07:14:58,131000.0,800.0,928100.0
246,2021-10-11 07:14:53,131200.0,100.0,927300.0
247,2021-10-11 07:14:53,131100.0,200.0,927200.0
248,2021-10-11 07:14:53,131100.0,700.0,927000.0
249,2021-10-11 07:14:51,131100.0,700.0,926300.0
250,2021-10-11 07:14:46,131100.0,600.0,925600.0
251,2021-10-11 07:14:46,131000.0,100.0,925000.0
252,2021-10-11 07:14:46,131000.0,100.0,924900.0
253,2021-10-11 07:14:46,131000.0,100.0,924800.0
254,2021-10-11 07:14:46,131000.0,1100.0,924700.0
255,2021-10-11 07:14:41,131000.0,900.0,923600.0
256,2021-10-11 07:14:41,131000.0,100.0,922700.0
257,2021-10-11 07:14:38,131000.0,100.0,922600.0
258,2021-10-11 07:14:38,131000.0,600.0,922500.0
259,2021-10-11 07:14:29,131000.0,400.0,921900.0
260,2021-10-11 07:14:29,131000.0,300.0,921500.0
261,2021-10-11 07:14:27,131000.0,200.0,921200.0
262,2021-10-11 07:14:27,131000.0,100.0,921000.0
263,2021-10-11 07:14:27,131000.0,700.0,920900.0
264,2021-10-11 07:14:24,131000.0,300.0,920200.0
265,2021-10-11 07:14:24,131000.0,1700.0,919900.0
266,2021-10-11 07:14:19,131000.0,800.0,918200.0
267,2021-10-11 07:14:14,131000.0,100.0,917400.0
268,2021-10-11 07:14:09,131000.0,200.0,917300.0
269,2021-10-11 07:14:07,131000.0,200.0,917100.0
270,2021-10-11 07:14:06,131000.0,300.0,916900.0
271,2021-10-11 07:14:03,131000.0,100.0,916600.0
272,2021-10-11 07:14:03,130900.0,100.0,916500.0
273,2021-10-11 07:13:59,130900.0,1100.0,916400.0
274,2021-10-11 07:13:59,130800.0,100.0,915300.0
275,2021-10-11 07:13:59,130800.0,800.0,915200.0
276,2021-10-11 07:13:59,130800.0,200.0,914400.0
277,2021-10-11 07:13:57,130800.0,300.0,914200.0
278,2021-10-11 07:13:54,130800.0,100.0,913900.0
279,2021-10-11 07:13:49,130800.0,300.0,913800.0
280,2021-10-11 07:13:48,130800.0,300.0,913500.0
281,2021-10-11 07:13:48,130800.0,100.0,913200.0
282,2021-10-11 07:13:48,130800.0,600.0,913100.0
283,2021-10-11 07:13:44,130800.0,900.0,912500.0
284,2021-10-11 07:13:44,130700.0,100.0,911600.0
285,2021-10-11 07:13:44,130500.0,1000.0,911500.0
286,2021-10-11 07:13:38,130500.0,100.0,910500.0
287,2021-10-11 07:13:37,130500.0,300.0,910400.0
288,2021-10-11 07:13:34,130500.0,200.0,910100.0
289,2021-10-11 07:13:30,130500.0,200.0,909900.0
290,2021-10-11 07:13:26,130500.0,200.0,909700.0
291,2021-10-11 07:13:26,130500.0,100.0,909500.0
292,2021-10-11 07:13:26,130300.0,100.0,909400.0
293,2021-10-11 07:13:21,130300.0,200.0,909300.0
294,2021-10-11 07:13:20,130300.0,300.0,909100.0
295,2021-10-11 07:13:18,130300.0,2000.0,908800.0
296,2021-10-11 07:13:15,130300.0,100.0,906800.0
297,2021-10-11 07:13:08,130300.0,300.0,906700.0
298,2021-10-11 07:13:03,130500.0,100.0,906400.0
299,2021-10-11 07:12:58,130300.0,300.0,906300.0
300,2021-10-11 07:12:56,130300.0,300.0,906000.0
301,2021-10-11 07:12:56,130200.0,1700.0,905700.0
302,2021-10-11 07:12:54,130200.0,300.0,904000.0
303,2021-10-11 07:12:53,130200.0,200.0,903700.0
304,2021-10-11 07:12:49,130200.0,300.0,903500.0
305,2021-10-11 07:12:48,130200.0,1000.0,903200.0
306,2021-10-11 07:12:40,130300.0,1400.0,902200.0
307,2021-10-11 07:12:40,130200.0,600.0,900800.0
308,2021-10-11 07:12:39,130200.0,200.0,900200.0
309,2021-10-11 07:12:26,130200.0,200.0,900000.0
310,2021-10-11 07:12:24,130200.0,100.0,899800.0
311,2021-10-11 07:12:24,130100.0,1900.0,899700.0
312,2021-10-11 07:12:15,130100.0,100.0,897800.0
313,2021-10-11 07:12:15,130100.0,200.0,897700.0
314,2021-10-11 07:11:38,130100.0,2000.0,897500.0
315,2021-10-11 07:09:51,130200.0,1700.0,895500.0
316,2021-10-11 07:09:51,130200.0,100.0,893800.0
317,2021-10-11 07:09:51,130200.0,100.0,893700.0
318,2021-10-11 07:09:21,130200.0,100.0,893600.0
319,2021-10-11 07:09:21,130200.0,100.0,893500.0
320,2021-10-11 07:09:21,130200.0,1800.0,893400.0
321,2021-10-11 07:07:26,130200.0,2000.0,891600.0
322,2021-10-11 07:06:10,130200.0,600.0,889600.0
323,2021-10-11 07:04:39,130200.0,2000.0,889000.0
324,2021-10-11 07:03:51,130200.0,600.0,887000.0
325,2021-10-11 07:03:24,130200.0,2100.0,886400.0
326,2021-10-11 07:03:13,130200.0,1500.0,884300.0
327,2021-10-11 07:03:04,130100.0,500.0,882800.0
328,2021-10-11 07:03:04,130100.0,500.0,882300.0
329,2021-10-11 07:02:54,130200.0,200.0,881800.0
330,2021-10-11 07:02:44,130200.0,200.0,881600.0
331,2021-10-11 07:02:42,130200.0,400.0,881400.0
332,2021-10-11 07:02:34,130800.0,300.0,881000.0
333,2021-10-11 07:02:25,130800.0,200.0,880700.0
334,2021-10-11 07:02:25,130800.0,1800.0,880500.0
335,2021-10-11 07:02:25,130800.0,200.0,878700.0
336,2021-10-11 07:02:17,130700.0,200.0,878500.0
337,2021-10-11 07:02:06,130700.0,200.0,878300.0
338,2021-10-11 07:01:56,130700.0,1100.0,878100.0
339,2021-10-11 07:01:56,130700.0,200.0,877000.0
340,2021-10-11 07:01:56,130700.0,100.0,876800.0
341,2021-10-11 07:01:56,130700.0,100.0,876700.0
342,2021-10-11 07:01:56,130700.0,500.0,876600.0
343,2021-10-11 07:01:55,130700.0,200.0,876100.0
344,2021-10-11 07:01:43,130700.0,300.0,875900.0
345,2021-10-11 07:01:34,130700.0,200.0,875600.0
346,2021-10-11 07:01:32,130700.0,100.0,875400.0
347,2021-10-11 07:01:32,130600.0,100.0,875300.0
348,2021-10-11 07:01:32,130600.0,100.0,875200.0
349,2021-10-11 07:01:32,130600.0,100.0,875100.0
350,2021-10-11 07:01:32,130600.0,1600.0,875000.0
351,2021-10-11 07:01:24,130600.0,300.0,873400.0
352,2021-10-11 07:01:14,130600.0,100.0,873100.0
353,2021-10-11 07:01:14,130600.0,1800.0,873000.0
354,2021-10-11 07:01:14,130500.0,100.0,871200.0
355,2021-10-11 06:59:42,130600.0,100.0,871100.0
356,2021-10-11 06:59:42,130500.0,1900.0,871000.0
357,2021-10-11 06:59:16,130500.0,700.0,869100.0
358,2021-10-11 06:59:11,130500.0,600.0,868400.0
359,2021-10-11 06:59:04,130500.0,800.0,867800.0
360,2021-10-11 06:59:04,130400.0,1200.0,867000.0
361,2021-10-11 06:58:58,130400.0,800.0,865800.0
362,2021-10-11 06:58:58,130400.0,100.0,865000.0
363,2021-10-11 06:58:44,130400.0,1900.0,864900.0
364,2021-10-11 06:58:44,130400.0,100.0,863000.0
365,2021-10-11 06:54:07,129800.0,800.0,862900.0
366,2021-10-11 06:54:07,129800.0,1200.0,862100.0
367,2021-10-11 06:52:59,130600.0,300.0,860900.0
368,2021-10-11 06:52:59,130500.0,100.0,860600.0
369,2021-10-11 06:52:59,130500.0,1600.0,860500.0
370,2021-10-11 06:51:19,129300.0,3800.0,858900.0
371,2021-10-11 06:51:19,129300.0,500.0,855100.0
372,2021-10-11 06:51:19,129300.0,1200.0,854600.0
373,2021-10-11 06:51:19,129300.0,200.0,853400.0
374,2021-10-11 06:51:19,129400.0,2700.0,853200.0
375,2021-10-11 06:51:19,129400.0,800.0,850500.0
376,2021-10-11 06:51:19,129400.0,300.0,849700.0
377,2021-10-11 06:51:19,129500.0,500.0,849400.0
378,2021-10-11 06:51:19,129500.0,100.0,848900.0
379,2021-10-11 06:51:19,129500.0,1000.0,848800.0
380,2021-10-11 06:51:19,129500.0,1000.0,847800.0
381,2021-10-11 06:51:19,129500.0,100.0,846800.0
382,2021-10-11 06:51:19,129500.0,2200.0,846700.0
383,2021-10-11 06:51:19,129600.0,1000.0,844500.0
384,2021-10-11 06:51:19,129600.0,500.0,843500.0
385,2021-10-11 06:51:19,129700.0,500.0,843000.0
386,2021-10-11 06:51:19,129800.0,300.0,842500.0
387,2021-10-11 06:51:19,129800.0,100.0,842200.0
388,2021-10-11 06:51:19,129800.0,500.0,842100.0
389,2021-10-11 06:51:19,129800.0,200.0,841600.0
390,2021-10-11 06:51:19,130200.0,200.0,841400.0
391,2021-10-11 06:51:19,130400.0,2300.0,841200.0
392,2021-10-11 06:50:45,130500.0,400.0,838900.0
393,2021-10-11 06:50:45,130500.0,400.0,838500.0
394,2021-10-11 06:50:45,130500.0,100.0,838100.0
395,2021-10-11 06:50:45,130500.0,100.0,838000.0
396,2021-10-11 06:50:45,130500.0,1000.0,837900.0
397,2021-10-11 06:50:38,130400.0,1700.0,836900.0
398,2021-10-11 06:50:38,130400.0,100.0,835200.0
399,2021-10-11 06:50:38,130400.0,200.0,835100.0
400,2021-10-11 06:49:56,130500.0,700.0,834900.0
401,2021-10-11 06:49:56,130400.0,600.0,834200.0
402,2021-10-11 06:49:52,130400.0,100.0,833600.0
403,2021-10-11 06:49:49,130400.0,300.0,833500.0
404,2021-10-11 06:49:45,130400.0,300.0,833200.0
405,2021-10-11 06:49:43,130400.0,300.0,832900.0
406,2021-10-11 06:49:36,130400.0,400.0,832600.0
407,2021-10-11 06:49:36,130300.0,400.0,832200.0
408,2021-10-11 06:49:30,130300.0,800.0,831800.0
409,2021-10-11 06:49:29,130300.0,100.0,831000.0
410,2021-10-11 06:49:26,130300.0,300.0,830900.0
411,2021-10-11 06:49:23,130300.0,300.0,830600.0
412,2021-10-11 06:49:21,130300.0,100.0,830300.0
413,2021-10-11 06:49:21,130300.0,200.0,830200.0
414,2021-10-11 06:49:17,130300.0,600.0,830000.0
415,2021-10-11 06:49:10,130300.0,800.0,829400.0
416,2021-10-11 06:49:06,130300.0,100.0,828600.0
417,2021-10-11 06:49:01,130300.0,300.0,828500.0
418,2021-10-11 06:48:59,130300.0,500.0,828200.0
419,2021-10-11 06:48:59,130200.0,100.0,827700.0
420,2021-10-11 06:48:58,130200.0,300.0,827600.0
421,2021-10-11 06:48:54,130200.0,300.0,827300.0
422,2021-10-11 06:48:54,130200.0,500.0,827000.0
423,2021-10-11 06:48:47,130200.0,700.0,826500.0
424,2021-10-11 06:48:42,130200.0,100.0,825800.0
425,2021-10-11 06:48:39,130200.0,300.0,825700.0
426,2021-10-11 06:48:39,130200.0,200.0,825400.0
427,2021-10-11 06:48:36,130200.0,600.0,825200.0
428,2021-10-11 06:48:36,130200.0,300.0,824600.0
429,2021-10-11 06:48:33,130200.0,1000.0,824300.0
430,2021-10-11 06:48:32,130200.0,300.0,823300.0
431,2021-10-11 06:48:24,130200.0,200.0,823000.0
432,2021-10-11 06:48:24,130100.0,100.0,822800.0
433,2021-10-11 06:48:24,130100.0,100.0,822700.0
434,2021-10-11 06:48:24,130100.0,500.0,822600.0
435,2021-10-11 06:48:22,130100.0,2000.0,822100.0
436,2021-10-11 06:48:15,130000.0,4000.0,820100.0
437,2021-10-11 06:48:15,130000.0,100.0,816100.0
438,2021-10-11 06:48:15,130000.0,1200.0,816000.0
439,2021-10-11 06:48:15,130000.0,200.0,814800.0
440,2021-10-11 06:48:15,130000.0,100.0,814600.0
441,2021-10-11 06:48:15,130000.0,5000.0,814500.0
442,2021-10-11 06:48:15,130000.0,200.0,809500.0
443,2021-10-11 06:48:15,130000.0,2200.0,809300.0
444,2021-10-11 06:48:12,130000.0,100.0,807100.0
445,2021-10-11 06:48:11,130000.0,300.0,807000.0
446,2021-10-11 06:48:06,130000.0,300.0,806700.0
447,2021-10-11 06:48:05,130000.0,1000.0,806400.0
448,2021-10-11 06:48:05,130000.0,200.0,805400.0
449,2021-10-11 06:48:04,130000.0,200.0,805200.0
450,2021-10-11 06:48:02,130000.0,300.0,805000.0
451,2021-10-11 06:47:52,130000.0,200.0,804700.0
452,2021-10-11 06:47:52,130000.0,100.0,804500.0
453,2021-10-11 06:47:52,130000.0,100.0,804400.0
454,2021-10-11 06:47:52,130000.0,100.0,804300.0
455,2021-10-11 06:47:52,130000.0,200.0,804200.0
456,2021-10-11 06:47:49,130000.0,200.0,804000.0
457,2021-10-11 06:47:43,130000.0,200.0,803800.0
458,2021-10-11 06:47:39,130000.0,200.0,803600.0
459,2021-10-11 06:47:36,130000.0,200.0,803400.0
460,2021-10-11 06:47:35,130000.0,200.0,803200.0
461,2021-10-11 06:47:35,130000.0,200.0,803000.0
462,2021-10-11 06:47:29,130000.0,100.0,802800.0
463,2021-10-11 06:47:29,129900.0,100.0,802700.0
464,2021-10-11 06:47:28,129900.0,1000.0,802600.0
465,2021-10-11 06:47:21,129900.0,200.0,801600.0
466,2021-10-11 06:47:18,129900.0,300.0,801400.0
467,2021-10-11 06:47:06,129900.0,200.0,801100.0
468,2021-10-11 06:46:53,129900.0,500.0,800900.0
469,2021-10-11 06:46:50,129900.0,100.0,800400.0
470,2021-10-11 06:46:50,129800.0,100.0,800300.0
471,2021-10-11 06:46:45,129800.0,600.0,800200.0
472,2021-10-11 06:46:45,129800.0,1000.0,799600.0
473,2021-10-11 06:46:39,129800.0,200.0,798600.0
474,2021-10-11 06:46:36,129800.0,200.0,798400.0
475,2021-10-11 06:46:29,129800.0,1000.0,798200.0
476,2021-10-11 06:46:22,129800.0,500.0,797200.0
477,2021-10-11 06:46:22,129800.0,300.0,796700.0
478,2021-10-11 06:45:18,129800.0,1000.0,796400.0
479,2021-10-11 06:44:25,129800.0,100.0,795400.0
480,2021-10-11 06:44:21,129900.0,1600.0,795300.0
481,2021-10-11 06:44:21,129900.0,100.0,793700.0
482,2021-10-11 06:44:21,129900.0,1300.0,793600.0
483,2021-10-11 06:44:09,129900.0,900.0,792300.0
484,2021-10-11 06:44:09,129800.0,1400.0,791400.0
485,2021-10-11 06:43:56,129800.0,2300.0,790000.0
486,2021-10-11 06:43:56,129800.0,100.0,787700.0
487,2021-10-11 06:43:44,129800.0,2900.0,787600.0
488,2021-10-11 06:42:54,129800.0,200.0,784700.0
489,2021-10-11 06:42:51,129800.0,100.0,784500.0
490,2021-10-11 06:42:48,129800.0,100.0,784400.0
491,2021-10-11 06:42:44,129900.0,100.0,784300.0
492,2021-10-11 06:42:41,129900.0,100.0,784200.0
493,2021-10-11 06:42:38,129900.0,100.0,784100.0
494,2021-10-11 06:42:34,129900.0,100.0,784000.0
495,2021-10-11 06:42:32,129900.0,2400.0,783900.0
496,2021-10-11 06:42:32,129900.0,100.0,781500.0
497,2021-10-11 06:42:32,129800.0,500.0,781400.0
498,2021-10-11 06:42:31,129800.0,100.0,780900.0
499,2021-10-11 06:42:27,129800.0,100.0,780800.0
500,2021-10-11 06:42:21,129800.0,2600.0,780700.0
501,2021-10-11 06:42:11,129800.0,1700.0,778100.0
502,2021-10-11 06:42:11,129800.0,1500.0,776400.0
503,2021-10-11 06:42:10,129800.0,200.0,774900.0
504,2021-10-11 06:42:07,129800.0,200.0,774700.0
505,2021-10-11 06:42:02,129800.0,200.0,774500.0
506,2021-10-11 06:41:58,129800.0,200.0,774300.0
507,2021-10-11 06:41:53,129800.0,100.0,774100.0
508,2021-10-11 06:41:49,129800.0,100.0,774000.0
509,2021-10-11 06:41:33,129900.0,200.0,773900.0
510,2021-10-11 06:41:33,129900.0,600.0,773700.0
511,2021-10-11 06:41:33,129800.0,2400.0,773100.0
512,2021-10-11 06:41:30,129800.0,200.0,770700.0
513,2021-10-11 06:41:27,129800.0,100.0,770500.0
514,2021-10-11 06:41:26,129800.0,200.0,770400.0
515,2021-10-11 06:41:22,129800.0,200.0,770200.0
516,2021-10-11 06:41:19,129800.0,100.0,770000.0
517,2021-10-11 06:41:15,129800.0,100.0,769900.0
518,2021-10-11 06:41:12,129800.0,100.0,769800.0
519,2021-10-11 06:41:11,129800.0,1800.0,769700.0
520,2021-10-11 06:40:57,129800.0,300.0,767900.0
521,2021-10-11 06:40:38,129900.0,1000.0,767600.0
522,2021-10-11 06:40:27,129900.0,2100.0,766600.0
523,2021-10-11 06:40:16,129900.0,300.0,764500.0
524,2021-10-11 06:40:16,129800.0,2700.0,764200.0
525,2021-10-11 06:40:09,129800.0,100.0,761500.0
526,2021-10-11 06:39:56,129800.0,200.0,761400.0
527,2021-10-11 06:39:56,129800.0,100.0,761200.0
528,2021-10-11 06:39:56,129800.0,100.0,761100.0
529,2021-10-11 06:39:21,129800.0,2800.0,761000.0
530,2021-10-11 06:39:21,129800.0,900.0,758200.0
531,2021-10-11 06:39:17,129800.0,300.0,757300.0
532,2021-10-11 06:39:11,129800.0,2100.0,757000.0
533,2021-10-11 06:39:11,129800.0,2900.0,754900.0
534,2021-10-11 06:38:17,129800.0,100.0,752000.0
535,2021-10-11 06:38:07,129800.0,1900.0,751900.0
536,2021-10-11 06:37:56,129800.0,100.0,750000.0
537,2021-10-11 06:37:37,129900.0,500.0,749900.0
538,2021-10-11 06:37:37,129800.0,2500.0,749400.0
539,2021-10-11 06:37:11,129800.0,500.0,746900.0
540,2021-10-11 06:37:11,129800.0,1500.0,746400.0
541,2021-10-11 06:36:40,129800.0,100.0,744900.0
542,2021-10-11 06:36:18,129800.0,1500.0,744800.0
543,2021-10-11 06:36:04,129800.0,100.0,743300.0
544,2021-10-11 06:35:06,129800.0,300.0,743200.0
545,2021-10-11 06:35:06,129800.0,1700.0,742900.0
546,2021-10-11 06:33:59,129800.0,100.0,741200.0
547,2021-10-11 06:33:19,129800.0,200.0,741100.0
548,2021-10-11 06:33:19,129800.0,1300.0,740900.0
549,2021-10-11 06:32:46,129800.0,1200.0,739600.0
550,2021-10-11 06:32:21,129700.0,2000.0,738400.0
551,2021-10-11 06:31:44,129800.0,200.0,736400.0
552,2021-10-11 06:31:35,129800.0,1400.0,736200.0
553,2021-10-11 06:31:04,129800.0,900.0,734800.0
554,2021-10-11 06:31:04,129800.0,2100.0,733900.0
555,2021-10-11 06:30:46,129800.0,100.0,731800.0
556,2021-10-11 06:30:34,129900.0,200.0,731700.0
557,2021-10-11 06:30:34,129800.0,4800.0,731500.0
558,2021-10-11 06:30:08,129800.0,200.0,726700.0
559,2021-10-11 06:30:08,129800.0,3200.0,726500.0
560,2021-10-11 06:29:42,129900.0,1500.0,723300.0
561,2021-10-11 06:29:15,129900.0,1000.0,721800.0
562,2021-10-11 06:29:15,129800.0,3000.0,720800.0
563,2021-10-11 06:29:01,129900.0,2000.0,717800.0
564,2021-10-11 06:28:55,129900.0,500.0,715800.0
565,2021-10-11 06:28:55,129900.0,1800.0,715300.0
566,2021-10-11 06:28:48,129800.0,300.0,713500.0
567,2021-10-11 06:28:43,129700.0,100.0,713200.0
568,2021-10-11 06:28:41,129700.0,400.0,713100.0
569,2021-10-11 06:28:41,129700.0,300.0,712700.0
570,2021-10-11 06:28:41,129700.0,100.0,712400.0
571,2021-10-11 06:28:41,129700.0,100.0,712300.0
572,2021-10-11 06:28:29,129800.0,3000.0,712200.0
573,2021-10-11 06:28:07,129800.0,300.0,709200.0
574,2021-10-11 06:28:01,129800.0,800.0,708900.0
575,2021-10-11 06:28:01,129800.0,600.0,708100.0
576,2021-10-11 06:27:54,129900.0,200.0,707500.0
577,2021-10-11 06:27:54,129900.0,3500.0,707300.0
578,2021-10-11 06:27:54,129900.0,300.0,703800.0
579,2021-10-11 06:27:46,129900.0,500.0,703500.0
580,2021-10-11 06:27:44,129900.0,500.0,703000.0
581,2021-10-11 06:27:42,129900.0,500.0,702500.0
582,2021-10-11 06:27:24,129900.0,200.0,702000.0
583,2021-10-11 06:27:10,130000.0,200.0,701800.0
584,2021-10-11 06:27:10,129900.0,100.0,701600.0
585,2021-10-11 06:27:10,129900.0,100.0,701500.0
586,2021-10-11 06:26:43,129900.0,300.0,701400.0
587,2021-10-11 06:26:33,129900.0,1600.0,701100.0
588,2021-10-11 06:26:33,129900.0,400.0,699500.0
589,2021-10-11 06:26:14,129900.0,1100.0,699100.0
590,2021-10-11 06:26:14,129800.0,1900.0,698000.0
591,2021-10-11 06:26:11,129800.0,800.0,696100.0
592,2021-10-11 06:25:29,129800.0,100.0,695300.0
593,2021-10-11 06:25:21,129800.0,700.0,695200.0
594,2021-10-11 06:25:20,129800.0,100.0,694500.0
595,2021-10-11 06:25:13,129800.0,400.0,694400.0
596,2021-10-11 06:25:05,129900.0,400.0,694000.0
597,2021-10-11 06:24:53,129900.0,100.0,693600.0
598,2021-10-11 06:24:44,129900.0,300.0,693500.0
599,2021-10-11 06:24:44,129900.0,200.0,693200.0
600,2021-10-11 06:24:39,129900.0,100.0,693000.0
601,2021-10-11 06:24:19,129900.0,1400.0,692900.0
602,2021-10-11 06:24:19,129900.0,200.0,691500.0
603,2021-10-11 06:24:11,129900.0,200.0,691300.0
604,2021-10-11 06:23:46,129800.0,100.0,691100.0
605,2021-10-11 06:23:46,129800.0,100.0,691000.0
606,2021-10-11 06:22:30,129800.0,100.0,690900.0
607,2021-10-11 06:21:43,129800.0,3800.0,690800.0
608,2021-10-11 06:21:01,129800.0,1100.0,687000.0
609,2021-10-11 06:21:01,129800.0,1900.0,685900.0
610,2021-10-11 06:20:19,129800.0,100.0,684000.0
611,2021-10-11 06:19:50,129800.0,3000.0,683900.0
612,2021-10-11 06:19:50,129800.0,2000.0,680900.0
613,2021-10-11 06:19:09,129900.0,2600.0,678900.0
614,2021-10-11 06:19:09,129900.0,400.0,676300.0
615,2021-10-11 06:18:32,129900.0,2100.0,675900.0
616,2021-10-11 06:18:32,129900.0,400.0,673800.0
617,2021-10-11 06:17:56,129900.0,1500.0,673400.0
618,2021-10-11 06:17:21,129900.0,2500.0,671900.0
619,2021-10-11 06:17:21,129900.0,500.0,669400.0
620,2021-10-11 06:16:31,129900.0,1000.0,668900.0
621,2021-10-11 06:15:21,129900.0,200.0,667900.0
622,2021-10-11 06:15:21,129900.0,1300.0,667700.0
623,2021-10-11 06:11:47,129900.0,100.0,666400.0
624,2021-10-11 06:11:47,129900.0,100.0,666300.0
625,2021-10-11 06:11:47,129900.0,1500.0,666200.0
626,2021-10-11 06:11:38,129900.0,2200.0,664700.0
627,2021-10-11 06:10:01,129900.0,300.0,662500.0
628,2021-10-11 06:09:44,129900.0,1900.0,662200.0
629,2021-10-11 06:09:30,129900.0,300.0,660300.0
630,2021-10-11 06:09:30,129900.0,800.0,660000.0
631,2021-10-11 06:09:04,129900.0,1900.0,659200.0
632,2021-10-11 06:09:04,129900.0,2300.0,657300.0
633,2021-10-11 06:08:45,129900.0,200.0,655000.0
634,2021-10-11 06:08:45,129900.0,1300.0,654800.0
635,2021-10-11 06:08:45,129900.0,2000.0,653500.0
636,2021-10-11 06:08:25,129900.0,100.0,651500.0
637,2021-10-11 06:08:17,129900.0,100.0,651400.0
638,2021-10-11 06:08:13,129900.0,100.0,651300.0
639,2021-10-11 06:08:07,129900.0,100.0,651200.0
640,2021-10-11 06:08:03,129900.0,100.0,651100.0
641,2021-10-11 06:07:57,129900.0,100.0,651000.0
642,2021-10-11 06:07:49,129900.0,100.0,650900.0
643,2021-10-11 06:07:44,129900.0,100.0,650800.0
644,2021-10-11 06:07:39,129900.0,100.0,650700.0
645,2021-10-11 06:07:35,129900.0,100.0,650600.0
646,2021-10-11 06:06:23,130000.0,300.0,650500.0
647,2021-10-11 06:06:23,130000.0,200.0,650200.0
648,2021-10-11 06:06:23,129900.0,500.0,650000.0
649,2021-10-11 06:06:20,129900.0,500.0,649500.0
650,2021-10-11 06:06:20,129900.0,200.0,649000.0
651,2021-10-11 06:06:16,129900.0,300.0,648800.0
652,2021-10-11 06:06:10,129900.0,2000.0,648500.0
653,2021-10-11 06:06:10,129900.0,600.0,646500.0
654,2021-10-11 06:06:02,129900.0,1800.0,645900.0
655,2021-10-11 06:05:44,129900.0,600.0,644100.0
656,2021-10-11 06:05:14,129900.0,1700.0,643500.0
657,2021-10-11 06:05:05,129900.0,1300.0,641800.0
658,2021-10-11 06:05:05,129900.0,1200.0,640500.0
659,2021-10-11 06:05:05,129900.0,600.0,639300.0
660,2021-10-11 06:04:58,129900.0,500.0,638700.0
661,2021-10-11 06:03:54,129900.0,400.0,638200.0
662,2021-10-11 06:03:32,129900.0,1000.0,637800.0
663,2021-10-11 06:03:32,129900.0,1400.0,636800.0
664,2021-10-11 06:03:10,129900.0,200.0,635400.0
665,2021-10-11 06:03:10,129900.0,3000.0,635200.0
666,2021-10-11 06:02:57,129700.0,100.0,632200.0
667,2021-10-11 06:02:00,130000.0,1000.0,632100.0
668,2021-10-11 06:00:47,129900.0,100.0,631100.0
669,2021-10-11 06:00:47,129900.0,400.0,631000.0
670,2021-10-11 06:00:19,129900.0,300.0,630600.0
671,2021-10-11 06:00:05,129900.0,100.0,630300.0
672,2021-10-11 06:00:02,129900.0,200.0,630200.0
673,2021-10-11 06:00:02,129800.0,100.0,630000.0
674,2021-10-11 06:00:00,129900.0,100.0,629900.0
675,2021-10-11 04:29:54,129900.0,900.0,629800.0
676,2021-10-11 04:29:34,129900.0,700.0,628900.0
677,2021-10-11 04:29:34,129900.0,1400.0,628200.0
678,2021-10-11 04:29:22,129900.0,1300.0,626800.0
679,2021-10-11 04:29:22,129900.0,1300.0,625500.0
680,2021-10-11 04:28:50,129900.0,200.0,624200.0
681,2021-10-11 04:28:50,129900.0,1500.0,624000.0
682,2021-10-11 04:26:27,129900.0,100.0,622500.0
683,2021-10-11 04:25:28,129900.0,1400.0,622400.0
684,2021-10-11 04:25:16,129900.0,2600.0,621000.0
685,2021-10-11 04:24:44,130000.0,700.0,618400.0
686,2021-10-11 04:24:44,129900.0,300.0,617700.0
687,2021-10-11 04:23:51,129900.0,1000.0,617400.0
688,2021-10-11 04:23:37,129900.0,700.0,616400.0
689,2021-10-11 04:23:23,129900.0,2000.0,615700.0
690,2021-10-11 04:23:23,129900.0,1000.0,613700.0
691,2021-10-11 04:22:45,129900.0,1000.0,612700.0
692,2021-10-11 04:22:45,129900.0,800.0,611700.0
693,2021-10-11 04:21:58,129900.0,2400.0,610900.0
694,2021-10-11 04:21:58,129800.0,700.0,608500.0
695,2021-10-11 04:21:48,129800.0,2300.0,607800.0
696,2021-10-11 04:21:48,129800.0,100.0,605500.0
697,2021-10-11 04:19:20,129800.0,2400.0,605400.0
698,2021-10-11 04:19:05,129900.0,300.0,603000.0
699,2021-10-11 04:19:01,129800.0,2700.0,602700.0
700,2021-10-11 04:18:52,129900.0,300.0,600000.0
701,2021-10-11 04:18:43,129900.0,2900.0,599700.0
702,2021-10-11 04:18:35,129900.0,1100.0,596800.0
703,2021-10-11 04:18:35,129900.0,1300.0,595700.0
704,2021-10-11 04:18:28,129900.0,3400.0,594400.0
705,2021-10-11 04:18:28,129800.0,200.0,591000.0
706,2021-10-11 04:18:21,129800.0,2900.0,590800.0
707,2021-10-11 04:17:21,129900.0,300.0,587900.0
708,2021-10-11 04:17:02,129900.0,1900.0,587600.0
709,2021-10-11 04:16:37,129900.0,1800.0,585700.0
710,2021-10-11 04:16:24,129900.0,800.0,583900.0
711,2021-10-11 04:16:24,129800.0,1900.0,583100.0
712,2021-10-11 04:16:14,129800.0,1100.0,581200.0
713,2021-10-11 04:16:14,129800.0,1900.0,580100.0
714,2021-10-11 04:15:22,129900.0,1100.0,578200.0
715,2021-10-11 04:15:20,129900.0,1900.0,577100.0
716,2021-10-11 04:15:11,129900.0,100.0,575200.0
717,2021-10-11 04:15:11,129900.0,1500.0,575100.0
718,2021-10-11 04:15:11,129800.0,1100.0,573600.0
719,2021-10-11 04:14:57,129800.0,1600.0,572500.0
720,2021-10-11 04:14:46,129900.0,1400.0,570900.0
721,2021-10-11 04:14:46,129800.0,1500.0,569500.0
722,2021-10-11 04:14:46,129800.0,500.0,568000.0
723,2021-10-11 04:14:37,129800.0,2500.0,567500.0
724,2021-10-11 04:14:10,129900.0,100.0,565000.0
725,2021-10-11 04:14:10,129800.0,2700.0,564900.0
726,2021-10-11 04:13:44,129900.0,400.0,562200.0
727,2021-10-11 04:13:44,129800.0,2700.0,561800.0
728,2021-10-11 04:13:43,129800.0,900.0,559100.0
729,2021-10-11 04:12:38,129900.0,1500.0,558200.0
730,2021-10-11 04:12:25,129900.0,1000.0,556700.0
731,2021-10-11 04:12:25,129900.0,600.0,555700.0
732,2021-10-11 04:12:25,129800.0,1000.0,555100.0
733,2021-10-11 04:12:04,129800.0,1700.0,554100.0
734,2021-10-11 04:12:04,129800.0,100.0,552400.0
735,2021-10-11 04:12:04,129800.0,1300.0,552300.0
736,2021-10-11 04:12:04,129800.0,200.0,551000.0
737,2021-10-11 04:11:34,129800.0,2800.0,550800.0
738,2021-10-11 04:10:37,129900.0,300.0,548000.0
739,2021-10-11 04:10:37,129800.0,3100.0,547700.0
740,2021-10-11 04:10:16,129900.0,2600.0,544600.0
741,2021-10-11 04:10:00,129900.0,500.0,542000.0
742,2021-10-11 04:10:00,129900.0,2800.0,541500.0
743,2021-10-11 04:09:31,129900.0,100.0,538700.0
744,2021-10-11 04:09:31,129800.0,2400.0,538600.0
745,2021-10-11 04:08:54,129900.0,100.0,536200.0
746,2021-10-11 04:08:45,129900.0,300.0,536100.0
747,2021-10-11 04:08:38,130000.0,300.0,535800.0
748,2021-10-11 04:05:47,129900.0,2400.0,535500.0
749,2021-10-11 04:05:39,129900.0,3600.0,533100.0
750,2021-10-11 04:05:30,129900.0,300.0,529500.0
751,2021-10-11 04:05:30,129800.0,2500.0,529200.0
752,2021-10-11 04:05:19,129800.0,500.0,526700.0
753,2021-10-11 04:05:19,129800.0,2600.0,526200.0
754,2021-10-11 04:04:42,129800.0,100.0,523600.0
755,2021-10-11 04:04:38,129900.0,200.0,523500.0
756,2021-10-11 04:04:26,129900.0,400.0,523300.0
757,2021-10-11 04:04:26,129900.0,2000.0,522900.0
758,2021-10-11 04:04:26,129900.0,300.0,520900.0
759,2021-10-11 04:04:22,129900.0,2700.0,520600.0
760,2021-10-11 04:04:22,129900.0,300.0,517900.0
761,2021-10-11 04:03:49,129900.0,2200.0,517600.0
762,2021-10-11 04:03:49,129900.0,400.0,515400.0
763,2021-10-11 04:03:45,129800.0,100.0,515000.0
764,2021-10-11 04:03:37,129800.0,2400.0,514900.0
765,2021-10-11 04:03:27,129900.0,1700.0,512500.0
766,2021-10-11 04:03:18,129900.0,700.0,510800.0
767,2021-10-11 04:03:18,129800.0,2500.0,510100.0
768,2021-10-11 04:03:15,129800.0,600.0,507600.0
769,2021-10-11 04:03:07,129800.0,2000.0,507000.0
770,2021-10-11 04:02:58,129900.0,100.0,505000.0
771,2021-10-11 04:02:58,129800.0,1900.0,504900.0
772,2021-10-11 04:02:36,129800.0,100.0,503000.0
773,2021-10-11 04:02:25,129900.0,100.0,502900.0
774,2021-10-11 03:57:21,129900.0,4000.0,502800.0
775,2021-10-11 03:56:41,129800.0,2200.0,498800.0
776,2021-10-11 03:54:25,129900.0,600.0,496600.0
777,2021-10-11 03:54:25,129900.0,500.0,496000.0
778,2021-10-11 03:54:25,129900.0,800.0,495500.0
779,2021-10-11 03:53:52,129900.0,1300.0,494700.0
780,2021-10-11 03:53:52,129800.0,2200.0,493400.0
781,2021-10-11 03:53:24,129800.0,2200.0,491200.0
782,2021-10-11 03:53:24,129800.0,2800.0,489000.0
783,2021-10-11 03:53:01,129800.0,2600.0,486200.0
784,2021-10-11 03:52:36,129900.0,2200.0,483600.0
785,2021-10-11 03:51:46,129900.0,1200.0,481400.0
786,2021-10-11 03:51:46,129900.0,500.0,480200.0
787,2021-10-11 03:51:46,129800.0,1300.0,479700.0
788,2021-10-11 03:51:24,129800.0,2000.0,478400.0
789,2021-10-11 03:49:41,129900.0,2500.0,476400.0
790,2021-10-11 03:49:41,129900.0,500.0,473900.0
791,2021-10-11 03:49:36,129900.0,300.0,473400.0
792,2021-10-11 03:49:12,129900.0,1900.0,473100.0
793,2021-10-11 03:49:12,129800.0,3100.0,471200.0
794,2021-10-11 03:48:50,129800.0,300.0,468100.0
795,2021-10-11 03:48:45,129800.0,1000.0,467800.0
796,2021-10-11 03:48:45,129800.0,900.0,466800.0
797,2021-10-11 03:48:18,129800.0,2400.0,465900.0
798,2021-10-11 03:47:54,129900.0,2300.0,463500.0
799,2021-10-11 03:47:54,129800.0,1300.0,461200.0
800,2021-10-11 03:47:31,129800.0,2700.0,459900.0
801,2021-10-11 03:47:31,129800.0,200.0,457200.0
802,2021-10-11 03:46:43,129800.0,2700.0,457000.0
803,2021-10-11 03:46:43,129800.0,1300.0,454300.0
804,2021-10-11 03:45:55,129800.0,2100.0,453000.0
805,2021-10-11 03:45:55,129800.0,600.0,450900.0
806,2021-10-11 03:45:25,129800.0,3800.0,450300.0
807,2021-10-11 03:45:25,129800.0,200.0,446500.0
808,2021-10-11 03:44:56,129800.0,2300.0,446300.0
809,2021-10-11 03:44:54,129800.0,500.0,444000.0
810,2021-10-11 03:44:14,129800.0,2700.0,443500.0
811,2021-10-11 03:44:14,129800.0,700.0,440800.0
812,2021-10-11 03:43:50,129800.0,4300.0,440100.0
813,2021-10-11 03:43:50,129800.0,700.0,435800.0
814,2021-10-11 03:43:25,129800.0,2500.0,435100.0
815,2021-10-11 03:43:25,129800.0,700.0,432600.0
816,2021-10-11 03:42:41,129600.0,2000.0,431900.0
817,2021-10-11 03:42:13,129600.0,3000.0,429900.0
818,2021-10-11 03:42:03,129500.0,500.0,426900.0
819,2021-10-11 03:41:23,129500.0,100.0,426400.0
820,2021-10-11 03:41:23,129500.0,600.0,426300.0
821,2021-10-11 03:41:23,129400.0,200.0,425700.0
822,2021-10-11 03:41:12,129400.0,1000.0,425500.0
823,2021-10-11 03:40:58,129300.0,300.0,424500.0
824,2021-10-11 03:40:58,129300.0,200.0,424200.0
825,2021-10-11 03:40:48,129400.0,2900.0,424000.0
826,2021-10-11 03:40:44,129400.0,500.0,421100.0
827,2021-10-11 03:40:10,129400.0,900.0,420600.0
828,2021-10-11 03:40:10,129400.0,300.0,419700.0
829,2021-10-11 03:39:05,129400.0,200.0,419400.0
830,2021-10-11 03:38:31,129400.0,2000.0,419200.0
831,2021-10-11 03:38:31,129400.0,3000.0,417200.0
832,2021-10-11 03:38:09,129500.0,1700.0,414200.0
833,2021-10-11 03:38:09,129400.0,100.0,412500.0
834,2021-10-11 03:38:09,129400.0,200.0,412400.0
835,2021-10-11 03:37:39,129400.0,5000.0,412200.0
836,2021-10-11 03:36:53,129400.0,300.0,407200.0
837,2021-10-11 03:36:53,129400.0,1900.0,406900.0
838,2021-10-11 03:36:49,129400.0,100.0,405000.0
839,2021-10-11 03:36:39,129400.0,200.0,404900.0
840,2021-10-11 03:36:12,129500.0,1100.0,404700.0
841,2021-10-11 03:36:12,129400.0,1800.0,403600.0
842,2021-10-11 03:36:09,129400.0,3200.0,401800.0
843,2021-10-11 03:35:33,129400.0,5000.0,398600.0
844,2021-10-11 03:35:12,129400.0,2000.0,393600.0
845,2021-10-11 03:35:11,129400.0,200.0,391600.0
846,2021-10-11 03:34:56,129400.0,500.0,391400.0
847,2021-10-11 03:34:49,129400.0,800.0,390900.0
848,2021-10-11 03:34:45,129400.0,2700.0,390100.0
849,2021-10-11 03:34:28,129400.0,300.0,387400.0
850,2021-10-11 03:33:33,129500.0,500.0,387100.0
851,2021-10-11 03:28:44,129400.0,3000.0,386600.0
852,2021-10-11 03:28:20,129400.0,400.0,383600.0
853,2021-10-11 03:28:20,129400.0,1900.0,383200.0
854,2021-10-11 03:27:59,129400.0,100.0,381300.0
855,2021-10-11 03:27:59,129400.0,2900.0,381200.0
856,2021-10-11 03:27:48,129400.0,200.0,378300.0
857,2021-10-11 03:27:48,129400.0,300.0,378100.0
858,2021-10-11 03:27:37,129400.0,1400.0,377800.0
859,2021-10-11 03:27:26,129400.0,800.0,376400.0
860,2021-10-11 03:27:26,129400.0,1100.0,375600.0
861,2021-10-11 03:27:17,129400.0,1900.0,374500.0
862,2021-10-11 03:27:17,129400.0,100.0,372600.0
863,2021-10-11 03:27:06,129400.0,2600.0,372500.0
864,2021-10-11 03:27:06,129400.0,400.0,369900.0
865,2021-10-11 03:26:43,129400.0,500.0,369500.0
866,2021-10-11 03:26:43,129400.0,100.0,369000.0
867,2021-10-11 03:26:43,129400.0,100.0,368900.0
868,2021-10-11 03:26:43,129400.0,900.0,368800.0
869,2021-10-11 03:26:07,129400.0,100.0,367900.0
870,2021-10-11 03:24:44,129500.0,100.0,367800.0
871,2021-10-11 03:23:33,129500.0,500.0,367700.0
872,2021-10-11 03:23:13,129500.0,100.0,367200.0
873,2021-10-11 03:19:36,129500.0,100.0,367100.0
874,2021-10-11 03:19:36,129500.0,100.0,367000.0
875,2021-10-11 03:19:36,129500.0,1000.0,366900.0
876,2021-10-11 03:19:36,129500.0,500.0,365900.0
877,2021-10-11 03:19:36,129500.0,100.0,365400.0
878,2021-10-11 03:19:36,129500.0,1000.0,365300.0
879,2021-10-11 03:19:36,129600.0,200.0,364300.0
880,2021-10-11 03:19:22,129800.0,100.0,364100.0
881,2021-10-11 03:19:22,129800.0,400.0,364000.0
882,2021-10-11 03:17:28,129800.0,1000.0,363600.0
883,2021-10-11 03:16:23,129800.0,1100.0,362600.0
884,2021-10-11 03:16:23,129800.0,1100.0,361500.0
885,2021-10-11 03:16:05,129800.0,500.0,360400.0
886,2021-10-11 03:16:02,129800.0,2400.0,359900.0
887,2021-10-11 03:16:02,129800.0,600.0,357500.0
888,2021-10-11 03:15:35,129800.0,400.0,356900.0
889,2021-10-11 03:15:35,129700.0,2300.0,356500.0
890,2021-10-11 03:15:21,129700.0,700.0,354200.0
891,2021-10-11 03:15:21,129700.0,2500.0,353500.0
892,2021-10-11 03:14:20,129600.0,2500.0,351000.0
893,2021-10-11 03:14:08,129700.0,100.0,348500.0
894,2021-10-11 03:14:08,129700.0,500.0,348400.0
895,2021-10-11 03:14:08,129700.0,2000.0,347900.0
896,2021-10-11 03:13:49,129700.0,1500.0,345900.0
897,2021-10-11 03:13:34,129800.0,800.0,344400.0
898,2021-10-11 03:13:34,129700.0,1800.0,343600.0
899,2021-10-11 03:13:32,129600.0,500.0,341800.0
900,2021-10-11 03:13:07,129700.0,1700.0,341300.0
901,2021-10-11 03:13:07,129700.0,500.0,339600.0
902,2021-10-11 03:11:34,129700.0,3000.0,339100.0
903,2021-10-11 03:11:07,129800.0,600.0,336100.0
904,2021-10-11 03:11:07,129800.0,1500.0,335500.0
905,2021-10-11 03:10:18,129800.0,1200.0,334000.0
906,2021-10-11 03:10:18,129800.0,1400.0,332800.0
907,2021-10-11 03:09:17,129800.0,1300.0,331400.0
908,2021-10-11 03:09:17,129800.0,900.0,330100.0
909,2021-10-11 03:09:17,129700.0,400.0,329200.0
910,2021-10-11 03:09:02,129700.0,100.0,328800.0
911,2021-10-11 03:08:57,129800.0,2100.0,328700.0
912,2021-10-11 03:08:57,129800.0,300.0,326600.0
913,2021-10-11 03:08:05,129800.0,2700.0,326300.0
914,2021-10-11 03:07:46,129900.0,100.0,323600.0
915,2021-10-11 03:07:46,129800.0,2500.0,323500.0
916,2021-10-11 03:07:30,129900.0,1100.0,321000.0
917,2021-10-11 03:07:30,129900.0,1400.0,319900.0
918,2021-10-11 03:06:48,129900.0,2000.0,318500.0
919,2021-10-11 03:06:48,129800.0,1300.0,316500.0
920,2021-10-11 03:06:34,129800.0,1200.0,315200.0
921,2021-10-11 03:06:34,129800.0,1000.0,314000.0
922,2021-10-11 03:05:52,129900.0,1000.0,313000.0
923,2021-10-11 03:05:42,130000.0,800.0,312000.0
924,2021-10-11 03:05:30,129900.0,500.0,311200.0
925,2021-10-11 03:05:30,129900.0,500.0,310700.0
926,2021-10-11 03:05:13,129900.0,2200.0,310200.0
927,2021-10-11 03:05:13,129900.0,1000.0,308000.0
928,2021-10-11 03:04:32,129900.0,200.0,307000.0
929,2021-10-11 03:03:56,129900.0,2000.0,306800.0
930,2021-10-11 03:03:56,129800.0,700.0,304800.0
931,2021-10-11 03:03:40,129800.0,1300.0,304100.0
932,2021-10-11 03:03:40,129800.0,1300.0,302800.0
933,2021-10-11 03:01:33,129800.0,200.0,301500.0
934,2021-10-11 03:00:42,129900.0,300.0,301300.0
935,2021-10-11 03:00:42,129900.0,900.0,301000.0
936,2021-10-11 03:00:42,129800.0,1200.0,300100.0
937,2021-10-11 03:00:22,129800.0,300.0,298900.0
938,2021-10-11 03:00:22,129800.0,2800.0,298600.0
939,2021-10-11 02:59:25,129900.0,1100.0,295800.0
940,2021-10-11 02:59:25,129900.0,1400.0,294700.0
941,2021-10-11 02:59:25,129900.0,100.0,293300.0
942,2021-10-11 02:58:55,129900.0,2200.0,293200.0
943,2021-10-11 02:58:55,129800.0,900.0,291000.0
944,2021-10-11 02:58:44,129800.0,2800.0,290100.0
945,2021-10-11 02:57:58,129900.0,1000.0,287300.0
946,2021-10-11 02:57:58,129900.0,200.0,286300.0
947,2021-10-11 02:57:40,129900.0,800.0,286100.0
948,2021-10-11 02:57:23,129900.0,1700.0,285300.0
949,2021-10-11 02:57:23,129900.0,100.0,283600.0
950,2021-10-11 02:57:23,129900.0,500.0,283500.0
951,2021-10-11 02:56:43,129900.0,500.0,283000.0
952,2021-10-11 02:56:18,129900.0,600.0,282500.0
953,2021-10-11 02:55:46,129900.0,200.0,281900.0
954,2021-10-11 02:55:46,129800.0,1200.0,281700.0
955,2021-10-11 02:55:46,129800.0,600.0,280500.0
956,2021-10-11 02:55:31,129800.0,2300.0,279900.0
957,2021-10-11 02:54:26,129800.0,100.0,277600.0
958,2021-10-11 02:53:59,129900.0,200.0,277500.0
959,2021-10-11 02:53:59,129900.0,800.0,277300.0
960,2021-10-11 02:53:40,129900.0,400.0,276500.0
961,2021-10-11 02:53:19,129800.0,300.0,276100.0
962,2021-10-11 02:53:18,129900.0,300.0,275800.0
963,2021-10-11 02:52:43,129800.0,1900.0,275500.0
964,2021-10-11 02:52:24,129800.0,1100.0,273600.0
965,2021-10-11 02:51:56,129800.0,300.0,272500.0
966,2021-10-11 02:51:43,129800.0,1600.0,272200.0
967,2021-10-11 02:51:43,129800.0,1100.0,270600.0
968,2021-10-11 02:51:21,129800.0,1000.0,269500.0
969,2021-10-11 02:50:40,129800.0,400.0,268500.0
970,2021-10-11 02:50:40,129700.0,1600.0,268100.0
971,2021-10-11 02:50:23,129700.0,1400.0,266500.0
972,2021-10-11 02:50:23,129700.0,1200.0,265100.0
973,2021-10-11 02:50:07,129700.0,800.0,263900.0
974,2021-10-11 02:50:07,129700.0,200.0,263100.0
975,2021-10-11 02:49:50,129700.0,2800.0,262900.0
976,2021-10-11 02:49:50,129700.0,400.0,260100.0
977,2021-10-11 02:49:20,129800.0,500.0,259700.0
978,2021-10-11 02:49:12,129800.0,100.0,259200.0
979,2021-10-11 02:49:12,129800.0,1300.0,259100.0
980,2021-10-11 02:49:12,129700.0,1200.0,257800.0
981,2021-10-11 02:48:55,129700.0,300.0,256600.0
982,2021-10-11 02:48:55,129700.0,2000.0,256300.0
983,2021-10-11 02:47:26,129800.0,1100.0,254300.0
984,2021-10-11 02:47:26,129800.0,900.0,253200.0
985,2021-10-11 02:46:40,129800.0,1300.0,252300.0
986,2021-10-11 02:46:40,129700.0,900.0,251000.0
987,2021-10-11 02:46:34,129200.0,100.0,250100.0
988,2021-10-11 02:46:34,129300.0,500.0,250000.0
989,2021-10-11 02:46:34,129300.0,300.0,249500.0
990,2021-10-11 02:46:34,129300.0,100.0,249200.0
991,2021-10-11 02:46:30,129700.0,1100.0,249100.0
992,2021-10-11 02:46:30,129700.0,1700.0,248000.0
993,2021-10-11 02:45:27,129400.0,100.0,246300.0
994,2021-10-11 02:45:13,129400.0,200.0,246200.0
995,2021-10-11 02:45:13,129400.0,100.0,246000.0
996,2021-10-11 02:45:13,129400.0,100.0,245900.0
997,2021-10-11 02:45:13,129600.0,500.0,245800.0
998,2021-10-11 02:45:10,129700.0,1100.0,245300.0
999,2021-10-11 02:45:10,129700.0,1500.0,244200.0
1000,2021-10-11 02:44:14,129700.0,500.0,242700.0
1001,2021-10-11 02:44:08,129700.0,1700.0,242200.0
1002,2021-10-11 02:43:45,129700.0,300.0,240500.0
1003,2021-10-11 02:43:45,129700.0,500.0,240200.0
1004,2021-10-11 02:43:45,129700.0,100.0,239700.0
1005,2021-10-11 02:43:45,129700.0,2100.0,239600.0
1006,2021-10-11 02:43:31,129700.0,200.0,237500.0
1007,2021-10-11 02:43:31,129600.0,1100.0,237300.0
1008,2021-10-11 02:43:08,129600.0,400.0,236200.0
1009,2021-10-11 02:43:08,129600.0,600.0,235800.0
1010,2021-10-11 02:43:08,129600.0,1200.0,235200.0
1011,2021-10-11 02:42:52,129600.0,800.0,234000.0
1012,2021-10-11 02:42:52,129500.0,1500.0,233200.0
1013,2021-10-11 02:41:46,129500.0,600.0,231700.0
1014,2021-10-11 02:41:46,129500.0,1400.0,231100.0
1015,2021-10-11 02:41:12,129500.0,1400.0,229700.0
1016,2021-10-11 02:41:12,129500.0,1800.0,228300.0
1017,2021-10-11 02:40:58,129500.0,700.0,226500.0
1018,2021-10-11 02:40:58,129400.0,400.0,225800.0
1019,2021-10-11 02:40:58,129400.0,1600.0,225400.0
1020,2021-10-11 02:40:58,129400.0,1000.0,223800.0
1021,2021-10-11 02:40:37,129400.0,1400.0,222800.0
1022,2021-10-11 02:40:37,129400.0,1400.0,221400.0
1023,2021-10-11 02:40:10,129400.0,1700.0,220000.0
1024,2021-10-11 02:40:10,129400.0,1400.0,218300.0
1025,2021-10-11 02:39:44,129400.0,600.0,216900.0
1026,2021-10-11 02:39:44,129400.0,1800.0,216300.0
1027,2021-10-11 02:39:24,129500.0,1300.0,214500.0
1028,2021-10-11 02:39:20,129500.0,1700.0,213200.0
1029,2021-10-11 02:39:02,129500.0,900.0,211500.0
1030,2021-10-11 02:39:02,129500.0,1600.0,210600.0
1031,2021-10-11 02:38:54,129300.0,100.0,209000.0
1032,2021-10-11 02:38:42,129500.0,400.0,208900.0
1033,2021-10-11 02:38:42,129500.0,1600.0,208500.0
1034,2021-10-11 02:38:42,129500.0,900.0,206900.0
1035,2021-10-11 02:38:42,129400.0,600.0,206000.0
1036,2021-10-11 02:38:10,129400.0,2200.0,205400.0
1037,2021-10-11 02:37:53,129400.0,300.0,203200.0
1038,2021-10-11 02:37:53,129400.0,2300.0,202900.0
1039,2021-10-11 02:37:31,129400.0,300.0,200600.0
1040,2021-10-11 02:36:55,129500.0,700.0,200300.0
1041,2021-10-11 02:36:55,129500.0,1400.0,199600.0
1042,2021-10-11 02:36:55,129500.0,500.0,198200.0
1043,2021-10-11 02:36:40,129500.0,1500.0,197700.0
1044,2021-10-11 02:36:40,129400.0,1500.0,196200.0
1045,2021-10-11 02:36:23,129400.0,100.0,194700.0
1046,2021-10-11 02:36:23,129400.0,100.0,194600.0
1047,2021-10-11 02:36:23,129400.0,2600.0,194500.0
1048,2021-10-11 02:35:34,129400.0,100.0,191900.0
1049,2021-10-11 02:34:06,129400.0,100.0,191800.0
1050,2021-10-11 02:33:39,129400.0,100.0,191700.0
1051,2021-10-11 02:33:33,129400.0,200.0,191600.0
1052,2021-10-11 02:33:33,129400.0,100.0,191400.0
1053,2021-10-11 02:32:39,129400.0,100.0,191300.0
1054,2021-10-11 02:30:58,129500.0,600.0,191200.0
1055,2021-10-11 02:30:58,129500.0,500.0,190600.0
1056,2021-10-11 02:30:15,129600.0,600.0,190100.0
1057,2021-10-11 02:29:58,129600.0,100.0,189500.0
1058,2021-10-11 02:29:55,129600.0,300.0,189400.0
1059,2021-10-11 02:29:22,129700.0,3900.0,189100.0
1060,2021-10-11 02:29:12,129700.0,1600.0,185200.0
1061,2021-10-11 02:29:12,129700.0,500.0,183600.0
1062,2021-10-11 02:29:03,129700.0,1500.0,183100.0
1063,2021-10-11 02:28:45,129700.0,3000.0,181600.0
1064,2021-10-11 02:28:25,129700.0,1700.0,178600.0
1065,2021-10-11 02:28:16,129700.0,1300.0,176900.0
1066,2021-10-11 02:28:16,129700.0,100.0,175600.0
1067,2021-10-11 02:28:16,129700.0,900.0,175500.0
1068,2021-10-11 02:28:09,129600.0,1000.0,174600.0
1069,2021-10-11 02:27:49,129600.0,900.0,173600.0
1070,2021-10-11 02:26:53,129600.0,100.0,172700.0
1071,2021-10-11 02:26:53,129600.0,2000.0,172600.0
1072,2021-10-11 02:26:43,129600.0,2500.0,170600.0
1073,2021-10-11 02:26:43,129600.0,400.0,168100.0
1074,2021-10-11 02:26:02,129600.0,100.0,167700.0
1075,2021-10-11 02:26:02,129600.0,900.0,167600.0
1076,2021-10-11 02:25:50,129600.0,3000.0,166700.0
1077,2021-10-11 02:25:32,129600.0,100.0,163700.0
1078,2021-10-11 02:25:32,129600.0,200.0,163600.0
1079,2021-10-11 02:25:19,129600.0,1000.0,163400.0
1080,2021-10-11 02:25:09,129600.0,500.0,162400.0
1081,2021-10-11 02:24:48,129600.0,1800.0,161900.0
1082,2021-10-11 02:24:48,129600.0,1000.0,160100.0
1083,2021-10-11 02:24:48,129600.0,200.0,159100.0
1084,2021-10-11 02:24:32,129600.0,2000.0,158900.0
1085,2021-10-11 02:24:14,129600.0,100.0,156900.0
1086,2021-10-11 02:23:46,129600.0,1000.0,156800.0
1087,2021-10-11 02:23:44,129600.0,1000.0,155800.0
1088,2021-10-11 02:23:06,129600.0,2000.0,154800.0
1089,2021-10-11 02:22:26,129700.0,900.0,152800.0
1090,2021-10-11 02:21:21,129700.0,100.0,151900.0
1091,2021-10-11 02:21:04,129700.0,100.0,151800.0
1092,2021-10-11 02:20:52,129700.0,100.0,151700.0
1093,2021-10-11 02:20:25,129700.0,900.0,151600.0
1094,2021-10-11 02:20:25,129700.0,100.0,150700.0
1095,2021-10-11 02:20:18,129200.0,1200.0,150600.0
1096,2021-10-11 02:20:18,129200.0,100.0,149400.0
1097,2021-10-11 02:20:18,129400.0,900.0,149300.0
1098,2021-10-11 02:20:15,129400.0,100.0,148400.0
1099,2021-10-11 02:19:26,129400.0,200.0,148300.0
1100,2021-10-11 02:18:30,129400.0,100.0,148100.0
1101,2021-10-11 02:18:30,129400.0,100.0,148000.0
1102,2021-10-11 02:17:23,129400.0,100.0,147900.0
1103,2021-10-11 02:17:12,129400.0,500.0,147800.0
1104,2021-10-11 02:16:49,129400.0,500.0,147300.0
1105,2021-10-11 02:16:46,129400.0,500.0,146800.0
1106,2021-10-11 02:15:43,129000.0,2100.0,146300.0
1107,2021-10-11 02:15:37,129000.0,100.0,144200.0
1108,2021-10-11 02:15:37,129000.0,200.0,144100.0
1109,2021-10-11 02:15:37,129000.0,200.0,143900.0
1110,2021-10-11 02:15:37,129000.0,100.0,143700.0
1111,2021-10-11 02:15:37,129100.0,300.0,143600.0
1112,2021-10-11 02:15:00,129700.0,1900.0,143300.0
1113,2021-10-11 02:15:00,129700.0,1000.0,141400.0
1114,2021-10-11 02:15:00,129700.0,1400.0,140400.0
1115,2021-10-11 02:15:00,129700.0,1900.0,139000.0
1116,2021-10-11 02:15:00,129700.0,2600.0,137100.0
1117,2021-10-11 02:15:00,129700.0,1200.0,134500.0
1118,2021-10-11 02:15:00,129700.0,1300.0,133300.0
1119,2021-10-11 02:15:00,129700.0,1700.0,132000.0
1120,2021-10-11 02:15:00,129700.0,2300.0,130300.0
1121,2021-10-11 02:15:00,129700.0,2000.0,128000.0
1122,2021-10-11 02:15:00,129700.0,500.0,126000.0
1123,2021-10-11 02:15:00,129700.0,500.0,125500.0
1124,2021-10-11 02:15:00,129700.0,1500.0,125000.0
1125,2021-10-11 02:15:00,129700.0,200.0,123500.0
1126,2021-10-11 02:15:00,129700.0,2000.0,123300.0
1127,2021-10-11 02:15:00,129700.0,100.0,121300.0
1128,2021-10-11 02:15:00,129700.0,7900.0,121200.0
1129,2021-10-11 02:15:00,129700.0,10000.0,113300.0
1130,2021-10-11 02:15:00,129700.0,10000.0,103300.0
1131,2021-10-11 02:15:00,129700.0,10000.0,93300.0
1132,2021-10-11 02:15:00,129700.0,2100.0,83300.0
1133,2021-10-11 02:15:00,129700.0,7900.0,81200.0
1134,2021-10-11 02:15:00,129700.0,10000.0,73300.0
1135,2021-10-11 02:15:00,129700.0,10000.0,63300.0
1136,2021-10-11 02:15:00,129700.0,2100.0,53300.0
1137,2021-10-11 02:15:00,129700.0,7900.0,51200.0
1138,2021-10-11 02:15:00,129700.0,2100.0,43300.0
1139,2021-10-11 02:15:00,129700.0,1100.0,41200.0
1140,2021-10-11 02:15:00,129700.0,300.0,40100.0
1141,2021-10-11 02:15:00,129700.0,6500.0,39800.0
1142,2021-10-11 02:15:00,129700.0,3000.0,33300.0
1143,2021-10-11 02:15:00,129700.0,100.0,30300.0
1144,2021-10-11 02:15:00,129700.0,100.0,30200.0
1145,2021-10-11 02:15:00,129700.0,300.0,30100.0
1146,2021-10-11 02:15:00,129700.0,1700.0,29800.0
1147,2021-10-11 02:15:00,129700.0,5000.0,28100.0
1148,2021-10-11 02:15:00,129700.0,3000.0,23100.0
1149,2021-10-11 02:15:00,129700.0,300.0,20100.0
1150,2021-10-11 02:15:00,129700.0,100.0,19800.0
1151,2021-10-11 02:15:00,129700.0,500.0,19700.0
1152,2021-10-11 02:15:00,129700.0,9400.0,19200.0
1153,2021-10-11 02:15:00,129700.0,600.0,9800.0
1154,2021-10-11 02:15:00,129700.0,2200.0,9200.0
1155,2021-10-11 02:15:00,129700.0,4800.0,7000.0
1156,2021-10-11 02:15:00,129700.0,200.0,2200.0
1157,2021-10-11 02:15:00,129700.0,100.0,2000.0
1158,2021-10-11 02:15:00,129700.0,400.0,1900.0
1159,2021-10-11 02:15:00,129700.0,1100.0,1500.0
1160,2021-10-11 02:15:00,129700.0,300.0,400.0
1161,2021-10-11 02:15:00,129700.0,100.0,100.0
