,Time,Price,Volume_per_trade,Volume
0,2021-10-18 14:45:05,37000.0,18100.0,748694.0
1,2021-10-18 14:29:15,37000.0,300.0,730594.0
2,2021-10-18 14:29:13,37000.0,400.0,730294.0
3,2021-10-18 14:28:53,37000.0,700.0,729894.0
4,2021-10-18 14:28:25,37000.0,500.0,729194.0
5,2021-10-18 14:28:03,37000.0,2000.0,728694.0
6,2021-10-18 14:25:46,37000.0,1000.0,726694.0
7,2021-10-18 14:24:59,37000.0,500.0,725694.0
8,2021-10-18 14:23:47,37000.0,300.0,725194.0
9,2021-10-18 14:23:15,37000.0,1000.0,724894.0
10,2021-10-18 14:22:35,37200.0,500.0,723894.0
11,2021-10-18 14:21:06,37000.0,200.0,723394.0
12,2021-10-18 14:20:45,37000.0,200.0,723194.0
13,2021-10-18 14:19:05,37000.0,2800.0,722994.0
14,2021-10-18 14:17:29,36900.0,1700.0,720194.0
15,2021-10-18 14:16:11,36900.0,400.0,718494.0
16,2021-10-18 14:15:10,36900.0,500.0,718094.0
17,2021-10-18 14:14:36,36900.0,1700.0,717594.0
18,2021-10-18 14:14:02,37000.0,7400.0,715894.0
19,2021-10-18 14:13:51,37000.0,1000.0,708494.0
20,2021-10-18 14:13:39,37000.0,4700.0,707494.0
21,2021-10-18 14:13:18,37000.0,3300.0,702794.0
22,2021-10-18 14:12:50,37200.0,2000.0,699494.0
23,2021-10-18 14:11:13,37200.0,100.0,697494.0
24,2021-10-18 14:07:59,37200.0,2100.0,697394.0
25,2021-10-18 14:07:11,37100.0,1200.0,695294.0
26,2021-10-18 14:06:04,37100.0,300.0,694094.0
27,2021-10-18 14:05:28,37100.0,3.0,693794.0
28,2021-10-18 14:04:38,37100.0,700.0,693791.0
29,2021-10-18 14:04:03,37100.0,2000.0,693091.0
30,2021-10-18 14:03:57,37100.0,500.0,691091.0
31,2021-10-18 14:03:52,37000.0,200.0,690591.0
32,2021-10-18 14:03:51,37100.0,2800.0,690391.0
33,2021-10-18 14:03:19,37100.0,500.0,687591.0
34,2021-10-18 14:02:28,37000.0,800.0,687091.0
35,2021-10-18 13:59:42,37000.0,1000.0,686291.0
36,2021-10-18 13:59:23,37000.0,300.0,685291.0
37,2021-10-18 13:57:15,37000.0,100.0,684991.0
38,2021-10-18 13:53:55,37200.0,500.0,684891.0
39,2021-10-18 13:53:16,37200.0,500.0,684391.0
40,2021-10-18 13:52:53,37000.0,100.0,683891.0
41,2021-10-18 13:52:46,37000.0,300.0,683791.0
42,2021-10-18 13:52:13,37000.0,21200.0,683491.0
43,2021-10-18 13:51:52,37200.0,1400.0,662291.0
44,2021-10-18 13:51:48,37300.0,600.0,660891.0
45,2021-10-18 13:51:26,37300.0,14100.0,660291.0
46,2021-10-18 13:49:12,37200.0,100.0,646191.0
47,2021-10-18 13:47:51,37100.0,100.0,646091.0
48,2021-10-18 13:47:50,37100.0,200.0,645991.0
49,2021-10-18 13:47:43,37100.0,100.0,645791.0
50,2021-10-18 13:47:41,37100.0,300.0,645691.0
51,2021-10-18 13:47:39,37100.0,400.0,645391.0
52,2021-10-18 13:47:03,37100.0,13900.0,644991.0
53,2021-10-18 13:46:06,37300.0,100.0,631091.0
54,2021-10-18 13:45:53,37300.0,3000.0,630991.0
55,2021-10-18 13:43:29,37200.0,20000.0,627991.0
56,2021-10-18 13:42:41,37500.0,100.0,607991.0
57,2021-10-18 13:41:43,37400.0,100.0,607891.0
58,2021-10-18 13:37:45,37400.0,300.0,607791.0
59,2021-10-18 13:37:11,37400.0,200.0,607491.0
60,2021-10-18 13:37:10,37400.0,400.0,607291.0
61,2021-10-18 13:37:03,37400.0,2500.0,606891.0
62,2021-10-18 13:36:59,37400.0,300.0,604391.0
63,2021-10-18 13:35:28,37400.0,100.0,604091.0
64,2021-10-18 13:33:02,37400.0,200.0,603991.0
65,2021-10-18 13:32:44,37400.0,2000.0,603791.0
66,2021-10-18 13:31:37,37400.0,400.0,601791.0
67,2021-10-18 13:30:44,37400.0,1000.0,601391.0
68,2021-10-18 13:29:50,37400.0,1900.0,600391.0
69,2021-10-18 13:28:30,37400.0,5000.0,598491.0
70,2021-10-18 13:25:34,37400.0,100.0,593491.0
71,2021-10-18 13:23:41,37500.0,100.0,593391.0
72,2021-10-18 13:19:16,37500.0,100.0,593291.0
73,2021-10-18 13:18:53,37500.0,300.0,593191.0
74,2021-10-18 13:18:30,37500.0,1000.0,592891.0
75,2021-10-18 13:18:28,37600.0,2000.0,591891.0
76,2021-10-18 13:18:04,37500.0,200.0,589891.0
77,2021-10-18 13:18:01,37600.0,400.0,589691.0
78,2021-10-18 13:17:49,37500.0,400.0,589291.0
79,2021-10-18 13:17:16,37500.0,100.0,588891.0
80,2021-10-18 13:16:43,37500.0,300.0,588791.0
81,2021-10-18 13:16:19,37500.0,1500.0,588491.0
82,2021-10-18 13:16:13,37500.0,5000.0,586991.0
83,2021-10-18 13:15:22,37600.0,4200.0,581991.0
84,2021-10-18 13:14:57,37600.0,200.0,577791.0
85,2021-10-18 13:14:30,37600.0,5000.0,577591.0
86,2021-10-18 13:14:07,37700.0,200.0,572591.0
87,2021-10-18 13:11:53,37700.0,200.0,572391.0
88,2021-10-18 13:10:40,37700.0,1400.0,572191.0
89,2021-10-18 13:09:43,37700.0,200.0,570791.0
90,2021-10-18 13:07:30,37700.0,3000.0,570591.0
91,2021-10-18 13:06:36,37700.0,200.0,567591.0
92,2021-10-18 13:06:09,37700.0,100.0,567391.0
93,2021-10-18 13:05:57,37700.0,200.0,567291.0
94,2021-10-18 13:05:38,37700.0,500.0,567091.0
95,2021-10-18 13:05:14,37700.0,500.0,566591.0
96,2021-10-18 13:04:22,37700.0,500.0,566091.0
97,2021-10-18 13:04:17,37700.0,800.0,565591.0
98,2021-10-18 13:03:29,37700.0,100.0,564791.0
99,2021-10-18 13:02:44,37700.0,1000.0,564691.0
100,2021-10-18 13:01:30,37600.0,100.0,563691.0
101,2021-10-18 13:00:10,37700.0,5600.0,563591.0
102,2021-10-18 13:00:09,37600.0,800.0,557991.0
103,2021-10-18 13:00:04,37600.0,200.0,557191.0
104,2021-10-18 11:29:36,37600.0,300.0,556991.0
105,2021-10-18 11:29:31,37500.0,100.0,556691.0
106,2021-10-18 11:26:42,37500.0,100.0,556591.0
107,2021-10-18 11:26:29,37500.0,100.0,556491.0
108,2021-10-18 11:21:46,37500.0,4800.0,556391.0
109,2021-10-18 11:19:46,37500.0,100.0,551591.0
110,2021-10-18 11:19:27,37500.0,100.0,551491.0
111,2021-10-18 11:18:42,37500.0,3500.0,551391.0
112,2021-10-18 11:13:57,37400.0,300.0,547891.0
113,2021-10-18 11:11:32,37400.0,200.0,547591.0
114,2021-10-18 11:10:57,37400.0,200.0,547391.0
115,2021-10-18 11:10:42,37400.0,400.0,547191.0
116,2021-10-18 11:09:51,37400.0,200.0,546791.0
117,2021-10-18 11:06:52,37400.0,3000.0,546591.0
118,2021-10-18 11:06:48,37400.0,1000.0,543591.0
119,2021-10-18 11:05:54,37400.0,100.0,542591.0
120,2021-10-18 11:04:52,37400.0,1000.0,542491.0
121,2021-10-18 11:04:42,37400.0,300.0,541491.0
122,2021-10-18 11:04:14,37300.0,200.0,541191.0
123,2021-10-18 11:03:29,37400.0,9100.0,540991.0
124,2021-10-18 11:02:37,37500.0,1000.0,531891.0
125,2021-10-18 11:00:54,37500.0,6100.0,530891.0
126,2021-10-18 11:00:49,37400.0,8600.0,524791.0
127,2021-10-18 11:00:42,37400.0,100.0,516191.0
128,2021-10-18 10:59:32,37500.0,200.0,516091.0
129,2021-10-18 10:57:38,37500.0,200.0,515891.0
130,2021-10-18 10:53:21,37500.0,500.0,515691.0
131,2021-10-18 10:53:07,37500.0,4000.0,515191.0
132,2021-10-18 10:53:01,37500.0,200.0,511191.0
133,2021-10-18 10:52:57,37500.0,3100.0,510991.0
134,2021-10-18 10:52:13,37500.0,200.0,507891.0
135,2021-10-18 10:49:51,37500.0,9100.0,507691.0
136,2021-10-18 10:49:06,37500.0,500.0,498591.0
137,2021-10-18 10:45:21,37500.0,600.0,498091.0
138,2021-10-18 10:43:12,37600.0,600.0,497491.0
139,2021-10-18 10:42:45,37600.0,300.0,496891.0
140,2021-10-18 10:42:23,37600.0,300.0,496591.0
141,2021-10-18 10:42:20,37600.0,500.0,496291.0
142,2021-10-18 10:42:19,37600.0,500.0,495791.0
143,2021-10-18 10:42:13,37600.0,1000.0,495291.0
144,2021-10-18 10:42:05,37600.0,1000.0,494291.0
145,2021-10-18 10:42:02,37600.0,700.0,493291.0
146,2021-10-18 10:41:56,37600.0,300.0,492591.0
147,2021-10-18 10:41:07,37600.0,2800.0,492291.0
148,2021-10-18 10:39:34,37600.0,500.0,489491.0
149,2021-10-18 10:38:35,37600.0,5000.0,488991.0
150,2021-10-18 10:38:15,37600.0,2200.0,483991.0
151,2021-10-18 10:38:00,37600.0,1000.0,481791.0
152,2021-10-18 10:37:15,37600.0,500.0,480791.0
153,2021-10-18 10:35:09,37700.0,4500.0,480291.0
154,2021-10-18 10:34:27,37800.0,500.0,475791.0
155,2021-10-18 10:33:21,37800.0,100.0,475291.0
156,2021-10-18 10:33:09,37800.0,1800.0,475191.0
157,2021-10-18 10:32:55,37900.0,800.0,473391.0
158,2021-10-18 10:31:57,37900.0,600.0,472591.0
159,2021-10-18 10:30:54,37700.0,1000.0,471991.0
160,2021-10-18 10:30:00,37700.0,200.0,470991.0
161,2021-10-18 10:28:29,37900.0,400.0,470791.0
162,2021-10-18 10:27:10,38000.0,100.0,470391.0
163,2021-10-18 10:27:09,38000.0,400.0,470291.0
164,2021-10-18 10:26:52,38000.0,100.0,469891.0
165,2021-10-18 10:26:46,37900.0,6600.0,469791.0
166,2021-10-18 10:25:47,37900.0,900.0,463191.0
167,2021-10-18 10:25:34,37900.0,200.0,462291.0
168,2021-10-18 10:24:59,37900.0,100.0,462091.0
169,2021-10-18 10:24:19,38000.0,5000.0,461991.0
170,2021-10-18 10:23:48,38000.0,7000.0,456991.0
171,2021-10-18 10:23:30,37900.0,1600.0,449991.0
172,2021-10-18 10:23:16,37900.0,5000.0,448391.0
173,2021-10-18 10:22:45,37800.0,14300.0,443391.0
174,2021-10-18 10:22:38,37800.0,100.0,429091.0
175,2021-10-18 10:22:35,37800.0,600.0,428991.0
176,2021-10-18 10:22:32,37800.0,400.0,428391.0
177,2021-10-18 10:22:31,37800.0,7000.0,427991.0
178,2021-10-18 10:22:24,37800.0,100.0,420991.0
179,2021-10-18 10:22:08,37800.0,9100.0,420891.0
180,2021-10-18 10:20:53,37700.0,300.0,411791.0
181,2021-10-18 10:20:32,37600.0,3900.0,411491.0
182,2021-10-18 10:20:02,37600.0,100.0,407591.0
183,2021-10-18 10:18:53,37600.0,300.0,407491.0
184,2021-10-18 10:18:32,37600.0,2000.0,407191.0
185,2021-10-18 10:18:00,37600.0,300.0,405191.0
186,2021-10-18 10:17:50,37600.0,8600.0,404891.0
187,2021-10-18 10:16:51,37500.0,1700.0,396291.0
188,2021-10-18 10:14:37,37500.0,100.0,394591.0
189,2021-10-18 10:14:36,37500.0,100.0,394491.0
190,2021-10-18 10:14:05,37500.0,200.0,394391.0
191,2021-10-18 10:13:35,37500.0,200.0,394191.0
192,2021-10-18 10:12:44,37500.0,2400.0,393991.0
193,2021-10-18 10:11:37,37500.0,100.0,391591.0
194,2021-10-18 10:11:20,37500.0,5000.0,391491.0
195,2021-10-18 10:10:48,37500.0,7000.0,386491.0
196,2021-10-18 10:09:01,37400.0,1000.0,379491.0
197,2021-10-18 10:07:58,37400.0,300.0,378491.0
198,2021-10-18 10:06:55,37400.0,100.0,378191.0
199,2021-10-18 10:06:15,37400.0,400.0,378091.0
200,2021-10-18 10:05:13,37400.0,500.0,377691.0
201,2021-10-18 10:05:08,37400.0,15.0,377191.0
202,2021-10-18 10:04:09,37400.0,500.0,377176.0
203,2021-10-18 10:04:00,37400.0,1000.0,376676.0
204,2021-10-18 10:03:31,37400.0,300.0,375676.0
205,2021-10-18 10:03:25,37400.0,500.0,375376.0
206,2021-10-18 10:03:21,37200.0,5000.0,374876.0
207,2021-10-18 10:03:18,37400.0,500.0,369876.0
208,2021-10-18 10:00:52,37400.0,800.0,369376.0
209,2021-10-18 10:00:42,37300.0,2400.0,368576.0
210,2021-10-18 10:00:31,37400.0,2000.0,366176.0
211,2021-10-18 09:58:37,37500.0,600.0,364176.0
212,2021-10-18 09:58:16,37400.0,500.0,363576.0
213,2021-10-18 09:58:05,37400.0,600.0,363076.0
214,2021-10-18 09:57:55,37400.0,200.0,362476.0
215,2021-10-18 09:57:51,37400.0,2000.0,362276.0
216,2021-10-18 09:57:22,37400.0,200.0,360276.0
217,2021-10-18 09:57:05,37400.0,900.0,360076.0
218,2021-10-18 09:55:50,37300.0,500.0,359176.0
219,2021-10-18 09:55:28,37300.0,100.0,358676.0
220,2021-10-18 09:55:14,37400.0,200.0,358576.0
221,2021-10-18 09:55:06,37400.0,700.0,358376.0
222,2021-10-18 09:54:49,37400.0,200.0,357676.0
223,2021-10-18 09:54:37,37400.0,500.0,357476.0
224,2021-10-18 09:53:47,37400.0,100.0,356976.0
225,2021-10-18 09:53:37,37400.0,100.0,356876.0
226,2021-10-18 09:53:31,37400.0,2000.0,356776.0
227,2021-10-18 09:52:48,37400.0,500.0,354776.0
228,2021-10-18 09:51:31,37400.0,15.0,354276.0
229,2021-10-18 09:51:29,37400.0,200.0,354261.0
230,2021-10-18 09:50:37,37400.0,100.0,354061.0
231,2021-10-18 09:49:14,37400.0,300.0,353961.0
232,2021-10-18 09:49:04,37400.0,3000.0,353661.0
233,2021-10-18 09:48:41,37400.0,200.0,350661.0
234,2021-10-18 09:48:09,37400.0,1000.0,350461.0
235,2021-10-18 09:48:05,37400.0,100.0,349461.0
236,2021-10-18 09:47:52,37400.0,5000.0,349361.0
237,2021-10-18 09:46:40,37300.0,100.0,344361.0
238,2021-10-18 09:46:06,37300.0,300.0,344261.0
239,2021-10-18 09:46:04,37400.0,200.0,343961.0
240,2021-10-18 09:45:44,37400.0,100.0,343761.0
241,2021-10-18 09:45:38,37400.0,3000.0,343661.0
242,2021-10-18 09:45:19,37300.0,400.0,340661.0
243,2021-10-18 09:44:50,37300.0,100.0,340261.0
244,2021-10-18 09:44:43,37300.0,100.0,340161.0
245,2021-10-18 09:44:34,37300.0,2900.0,340061.0
246,2021-10-18 09:44:30,37400.0,100.0,337161.0
247,2021-10-18 09:44:19,37400.0,800.0,337061.0
248,2021-10-18 09:44:12,37400.0,300.0,336261.0
249,2021-10-18 09:43:54,37400.0,100.0,335961.0
250,2021-10-18 09:43:40,37400.0,100.0,335861.0
251,2021-10-18 09:43:39,37400.0,4900.0,335761.0
252,2021-10-18 09:43:19,37400.0,1500.0,330861.0
253,2021-10-18 09:43:10,37400.0,100.0,329361.0
254,2021-10-18 09:42:55,37500.0,400.0,329261.0
255,2021-10-18 09:42:51,37500.0,100.0,328861.0
256,2021-10-18 09:42:50,37500.0,500.0,328761.0
257,2021-10-18 09:42:22,37500.0,9500.0,328261.0
258,2021-10-18 09:42:12,37600.0,200.0,318761.0
259,2021-10-18 09:42:08,37600.0,600.0,318561.0
260,2021-10-18 09:42:00,37700.0,900.0,317961.0
261,2021-10-18 09:41:43,37700.0,10000.0,317061.0
262,2021-10-18 09:41:03,38000.0,30.0,307061.0
263,2021-10-18 09:40:56,38000.0,100.0,307031.0
264,2021-10-18 09:40:48,37800.0,700.0,306931.0
265,2021-10-18 09:40:45,37800.0,1000.0,306231.0
266,2021-10-18 09:40:36,37800.0,200.0,305231.0
267,2021-10-18 09:40:28,38000.0,600.0,305031.0
268,2021-10-18 09:40:15,38000.0,1100.0,304431.0
269,2021-10-18 09:39:15,38000.0,600.0,303331.0
270,2021-10-18 09:39:07,38000.0,200.0,302731.0
271,2021-10-18 09:38:56,38000.0,100.0,302531.0
272,2021-10-18 09:38:00,38000.0,2000.0,302431.0
273,2021-10-18 09:37:51,38000.0,500.0,300431.0
274,2021-10-18 09:37:38,38100.0,1000.0,299931.0
275,2021-10-18 09:37:28,38000.0,100.0,298931.0
276,2021-10-18 09:37:16,38000.0,600.0,298831.0
277,2021-10-18 09:37:08,38000.0,700.0,298231.0
278,2021-10-18 09:37:05,38000.0,3000.0,297531.0
279,2021-10-18 09:36:16,38000.0,2100.0,294531.0
280,2021-10-18 09:36:11,38000.0,500.0,292431.0
281,2021-10-18 09:36:05,38000.0,600.0,291931.0
282,2021-10-18 09:35:58,38000.0,2000.0,291331.0
283,2021-10-18 09:35:51,38000.0,5000.0,289331.0
284,2021-10-18 09:35:14,38000.0,100.0,284331.0
285,2021-10-18 09:34:57,38200.0,200.0,284231.0
286,2021-10-18 09:34:48,38200.0,2000.0,284031.0
287,2021-10-18 09:34:40,38300.0,700.0,282031.0
288,2021-10-18 09:34:23,38300.0,200.0,281331.0
289,2021-10-18 09:33:56,38300.0,3000.0,281131.0
290,2021-10-18 09:33:54,38600.0,100.0,278131.0
291,2021-10-18 09:33:44,38500.0,26.0,278031.0
292,2021-10-18 09:33:28,38500.0,100.0,278005.0
293,2021-10-18 09:33:14,38500.0,2000.0,277905.0
294,2021-10-18 09:32:51,38500.0,7800.0,275905.0
295,2021-10-18 09:32:45,38200.0,1000.0,268105.0
296,2021-10-18 09:32:42,38400.0,200.0,267105.0
297,2021-10-18 09:32:38,38400.0,1000.0,266905.0
298,2021-10-18 09:32:32,38200.0,500.0,265905.0
299,2021-10-18 09:32:26,38300.0,3000.0,265405.0
300,2021-10-18 09:32:22,38300.0,1000.0,262405.0
301,2021-10-18 09:32:21,38200.0,1000.0,261405.0
302,2021-10-18 09:32:12,38200.0,500.0,260405.0
303,2021-10-18 09:32:05,38200.0,1200.0,259905.0
304,2021-10-18 09:32:03,38000.0,500.0,258705.0
305,2021-10-18 09:31:59,38000.0,2000.0,258205.0
306,2021-10-18 09:31:54,38000.0,1000.0,256205.0
307,2021-10-18 09:31:53,38000.0,4600.0,255205.0
308,2021-10-18 09:31:50,38000.0,1000.0,250605.0
309,2021-10-18 09:31:34,38000.0,20000.0,249605.0
310,2021-10-18 09:31:33,37900.0,200.0,229605.0
311,2021-10-18 09:31:19,37900.0,200.0,229405.0
312,2021-10-18 09:31:04,37900.0,4900.0,229205.0
313,2021-10-18 09:30:43,37800.0,400.0,224305.0
314,2021-10-18 09:30:42,37800.0,3600.0,223905.0
315,2021-10-18 09:30:32,37800.0,400.0,220305.0
316,2021-10-18 09:30:13,37800.0,500.0,219905.0
317,2021-10-18 09:30:07,37800.0,1300.0,219405.0
318,2021-10-18 09:29:51,37800.0,6000.0,218105.0
319,2021-10-18 09:29:48,37800.0,800.0,212105.0
320,2021-10-18 09:29:40,37800.0,1200.0,211305.0
321,2021-10-18 09:29:33,37800.0,900.0,210105.0
322,2021-10-18 09:29:26,37700.0,2235.0,209205.0
323,2021-10-18 09:29:14,37700.0,500.0,206970.0
324,2021-10-18 09:29:06,37600.0,700.0,206470.0
325,2021-10-18 09:29:05,37700.0,2000.0,205770.0
326,2021-10-18 09:29:01,37700.0,15.0,203770.0
327,2021-10-18 09:29:00,37700.0,8300.0,203755.0
328,2021-10-18 09:28:55,37700.0,500.0,195455.0
329,2021-10-18 09:28:54,37700.0,300.0,194955.0
330,2021-10-18 09:28:50,37600.0,1000.0,194655.0
331,2021-10-18 09:28:46,37700.0,700.0,193655.0
332,2021-10-18 09:28:37,37700.0,2300.0,192955.0
333,2021-10-18 09:28:12,37700.0,500.0,190655.0
334,2021-10-18 09:27:55,37700.0,900.0,190155.0
335,2021-10-18 09:27:43,37600.0,2200.0,189255.0
336,2021-10-18 09:27:40,37600.0,300.0,187055.0
337,2021-10-18 09:27:34,37600.0,300.0,186755.0
338,2021-10-18 09:27:33,37600.0,200.0,186455.0
339,2021-10-18 09:27:31,37600.0,300.0,186255.0
340,2021-10-18 09:27:25,37600.0,2000.0,185955.0
341,2021-10-18 09:27:04,37500.0,10500.0,183955.0
342,2021-10-18 09:26:49,37400.0,200.0,173455.0
343,2021-10-18 09:26:44,37500.0,3500.0,173255.0
344,2021-10-18 09:26:34,37400.0,500.0,169755.0
345,2021-10-18 09:26:30,37400.0,2000.0,169255.0
346,2021-10-18 09:26:23,37400.0,200.0,167255.0
347,2021-10-18 09:26:19,37400.0,1000.0,167055.0
348,2021-10-18 09:26:11,37400.0,2600.0,166055.0
349,2021-10-18 09:25:54,37400.0,1900.0,163455.0
350,2021-10-18 09:25:41,37300.0,1000.0,161555.0
351,2021-10-18 09:25:28,37300.0,500.0,160555.0
352,2021-10-18 09:25:08,37300.0,400.0,160055.0
353,2021-10-18 09:24:59,37200.0,3800.0,159655.0
354,2021-10-18 09:24:38,37300.0,100.0,155855.0
355,2021-10-18 09:24:34,37200.0,100.0,155755.0
356,2021-10-18 09:24:33,37300.0,800.0,155655.0
357,2021-10-18 09:24:31,37300.0,100.0,154855.0
358,2021-10-18 09:24:21,37300.0,500.0,154755.0
359,2021-10-18 09:23:39,37300.0,5000.0,154255.0
360,2021-10-18 09:23:26,37300.0,4100.0,149255.0
361,2021-10-18 09:23:25,37200.0,400.0,145155.0
362,2021-10-18 09:23:23,37200.0,100.0,144755.0
363,2021-10-18 09:22:58,37200.0,500.0,144655.0
364,2021-10-18 09:22:34,37200.0,200.0,144155.0
365,2021-10-18 09:22:20,37200.0,500.0,143955.0
366,2021-10-18 09:21:39,37200.0,300.0,143455.0
367,2021-10-18 09:21:37,37200.0,100.0,143155.0
368,2021-10-18 09:21:19,37200.0,2200.0,143055.0
369,2021-10-18 09:21:18,37200.0,2800.0,140855.0
370,2021-10-18 09:21:08,37200.0,5000.0,138055.0
371,2021-10-18 09:20:58,37100.0,10700.0,133055.0
372,2021-10-18 09:20:42,37100.0,500.0,122355.0
373,2021-10-18 09:20:37,37100.0,100.0,121855.0
374,2021-10-18 09:19:27,37100.0,500.0,121755.0
375,2021-10-18 09:19:10,37100.0,25.0,121255.0
376,2021-10-18 09:19:04,37100.0,400.0,121230.0
377,2021-10-18 09:18:55,37100.0,100.0,120830.0
378,2021-10-18 09:18:38,37100.0,1800.0,120730.0
379,2021-10-18 09:18:19,37100.0,500.0,118930.0
380,2021-10-18 09:18:07,37000.0,300.0,118430.0
381,2021-10-18 09:18:06,37100.0,500.0,118130.0
382,2021-10-18 09:17:50,37100.0,700.0,117630.0
383,2021-10-18 09:17:26,37000.0,300.0,116930.0
384,2021-10-18 09:17:20,37100.0,1000.0,116630.0
385,2021-10-18 09:16:42,37100.0,30.0,115630.0
386,2021-10-18 09:16:39,37100.0,100.0,115600.0
387,2021-10-18 09:16:36,37100.0,2000.0,115500.0
388,2021-10-18 09:16:32,37100.0,2500.0,113500.0
389,2021-10-18 09:15:56,37100.0,2500.0,111000.0
390,2021-10-18 09:15:47,37100.0,700.0,108500.0
391,2021-10-18 09:15:43,37000.0,900.0,107800.0
392,2021-10-18 09:15:15,37000.0,9100.0,106900.0
393,2021-10-18 09:15:13,37000.0,500.0,97800.0
394,2021-10-18 09:15:08,37000.0,4000.0,97300.0
395,2021-10-18 09:14:48,37000.0,500.0,93300.0
396,2021-10-18 09:14:40,37000.0,2000.0,92800.0
397,2021-10-18 09:14:36,37000.0,2700.0,90800.0
398,2021-10-18 09:14:15,36900.0,1700.0,88100.0
399,2021-10-18 09:14:10,36900.0,100.0,86400.0
400,2021-10-18 09:13:25,36900.0,100.0,86300.0
401,2021-10-18 09:12:44,37000.0,1000.0,86200.0
402,2021-10-18 09:12:29,36700.0,2600.0,85200.0
403,2021-10-18 09:12:09,36900.0,9400.0,82600.0
404,2021-10-18 09:12:05,36700.0,100.0,73200.0
405,2021-10-18 09:11:34,36700.0,1000.0,73100.0
406,2021-10-18 09:10:59,36700.0,2000.0,72100.0
407,2021-10-18 09:10:58,36800.0,1000.0,70100.0
408,2021-10-18 09:10:48,36700.0,2500.0,69100.0
409,2021-10-18 09:10:34,36800.0,2200.0,66600.0
410,2021-10-18 09:10:33,36800.0,3500.0,64400.0
411,2021-10-18 09:10:07,36900.0,900.0,60900.0
412,2021-10-18 09:09:13,36900.0,2800.0,60000.0
413,2021-10-18 09:08:46,36900.0,500.0,57200.0
414,2021-10-18 09:08:08,36900.0,1000.0,56700.0
415,2021-10-18 09:08:07,37000.0,1000.0,55700.0
416,2021-10-18 09:07:27,36900.0,300.0,54700.0
417,2021-10-18 09:07:21,36900.0,2000.0,54400.0
418,2021-10-18 09:07:13,36900.0,200.0,52400.0
419,2021-10-18 09:06:51,36900.0,1000.0,52200.0
420,2021-10-18 09:06:37,36900.0,2900.0,51200.0
421,2021-10-18 09:05:55,36900.0,400.0,48300.0
422,2021-10-18 09:05:47,37000.0,4800.0,47900.0
423,2021-10-18 09:05:42,37100.0,100.0,43100.0
424,2021-10-18 09:05:41,37000.0,200.0,43000.0
425,2021-10-18 09:05:16,37100.0,100.0,42800.0
426,2021-10-18 09:05:11,37100.0,2000.0,42700.0
427,2021-10-18 09:05:10,37000.0,2400.0,40700.0
428,2021-10-18 09:05:08,37000.0,500.0,38300.0
429,2021-10-18 09:04:51,37000.0,200.0,37800.0
430,2021-10-18 09:04:39,37000.0,1000.0,37600.0
431,2021-10-18 09:04:36,37000.0,400.0,36600.0
432,2021-10-18 09:04:24,37000.0,1300.0,36200.0
433,2021-10-18 09:04:18,37100.0,600.0,34900.0
434,2021-10-18 09:04:15,37100.0,600.0,34300.0
435,2021-10-18 09:04:14,37100.0,100.0,33700.0
436,2021-10-18 09:04:05,37100.0,500.0,33600.0
437,2021-10-18 09:03:56,37000.0,700.0,33100.0
438,2021-10-18 09:03:51,37000.0,300.0,32400.0
439,2021-10-18 09:03:49,37000.0,3200.0,32100.0
440,2021-10-18 09:03:48,36900.0,3800.0,28900.0
441,2021-10-18 09:03:35,37000.0,1000.0,25100.0
442,2021-10-18 09:03:21,37000.0,500.0,24100.0
443,2021-10-18 09:03:19,37000.0,900.0,23600.0
444,2021-10-18 09:03:06,37000.0,300.0,22700.0
445,2021-10-18 09:02:55,36900.0,8000.0,22400.0
446,2021-10-18 09:02:54,36800.0,500.0,14400.0
447,2021-10-18 09:02:48,36800.0,2000.0,13900.0
448,2021-10-18 09:02:37,36700.0,200.0,11900.0
449,2021-10-18 09:02:32,36700.0,3000.0,11700.0
450,2021-10-18 09:02:25,36700.0,500.0,8700.0
451,2021-10-18 09:02:15,36600.0,500.0,8200.0
452,2021-10-18 09:02:13,36600.0,1000.0,7700.0
453,2021-10-18 09:01:28,36500.0,2600.0,6700.0
454,2021-10-18 09:01:15,36500.0,400.0,4100.0
455,2021-10-18 09:01:13,36500.0,2600.0,3700.0
456,2021-10-18 09:00:14,36100.0,1000.0,1100.0
457,2021-10-18 09:00:05,36400.0,100.0,100.0
