,Time,Price,Volume_per_trade,Volume
0,2021-10-18 07:45:01,10700.0,3000.0,19054600.0
1,2021-10-18 07:45:01,10700.0,300.0,19051600.0
2,2021-10-18 07:45:01,10700.0,900.0,19051300.0
3,2021-10-18 07:45:01,10700.0,10000.0,19050400.0
4,2021-10-18 07:45:01,10700.0,16000.0,19040400.0
5,2021-10-18 07:45:01,10700.0,1000.0,19024400.0
6,2021-10-18 07:45:01,10700.0,4000.0,19023400.0
7,2021-10-18 07:45:01,10700.0,6400.0,19019400.0
8,2021-10-18 07:45:01,10700.0,500.0,19013000.0
9,2021-10-18 07:45:01,10700.0,3000.0,19012500.0
10,2021-10-18 07:45:01,10700.0,500.0,19009500.0
11,2021-10-18 07:45:01,10700.0,100.0,19009000.0
12,2021-10-18 07:45:01,10700.0,1000.0,19008900.0
13,2021-10-18 07:45:01,10700.0,7000.0,19007900.0
14,2021-10-18 07:45:01,10700.0,300.0,19000900.0
15,2021-10-18 07:45:01,10700.0,1000.0,19000600.0
16,2021-10-18 07:45:01,10700.0,100.0,18999600.0
17,2021-10-18 07:45:01,10700.0,6000.0,18999500.0
18,2021-10-18 07:45:01,10700.0,2000.0,18993500.0
19,2021-10-18 07:45:01,10700.0,500.0,18991500.0
20,2021-10-18 07:45:01,10700.0,2700.0,18991000.0
21,2021-10-18 07:45:01,10700.0,1000.0,18988300.0
22,2021-10-18 07:45:01,10700.0,600.0,18987300.0
23,2021-10-18 07:45:01,10700.0,500.0,18986700.0
24,2021-10-18 07:45:01,10700.0,500.0,18986200.0
25,2021-10-18 07:45:01,10700.0,5000.0,18985700.0
26,2021-10-18 07:45:01,10700.0,2200.0,18980700.0
27,2021-10-18 07:45:01,10700.0,1000.0,18978500.0
28,2021-10-18 07:45:01,10700.0,300.0,18977500.0
29,2021-10-18 07:45:01,10700.0,1400.0,18977200.0
30,2021-10-18 07:45:01,10700.0,1500.0,18975800.0
31,2021-10-18 07:45:01,10700.0,1800.0,18974300.0
32,2021-10-18 07:45:01,10700.0,500.0,18972500.0
33,2021-10-18 07:45:01,10700.0,3800.0,18972000.0
34,2021-10-18 07:45:01,10700.0,13800.0,18968200.0
35,2021-10-18 07:45:01,10700.0,700.0,18954400.0
36,2021-10-18 07:45:01,10700.0,30000.0,18953700.0
37,2021-10-18 07:45:01,10700.0,35500.0,18923700.0
38,2021-10-18 07:45:01,10700.0,100.0,18888200.0
39,2021-10-18 07:45:01,10700.0,1000.0,18888100.0
40,2021-10-18 07:45:01,10700.0,1500.0,18887100.0
41,2021-10-18 07:45:01,10700.0,1000.0,18885600.0
42,2021-10-18 07:45:01,10700.0,800.0,18884600.0
43,2021-10-18 07:45:01,10700.0,2000.0,18883800.0
44,2021-10-18 07:45:01,10700.0,1000.0,18881800.0
45,2021-10-18 07:45:01,10700.0,400.0,18880800.0
46,2021-10-18 07:45:01,10700.0,3000.0,18880400.0
47,2021-10-18 07:45:01,10700.0,500.0,18877400.0
48,2021-10-18 07:45:01,10700.0,500.0,18876900.0
49,2021-10-18 07:45:01,10700.0,1000.0,18876400.0
50,2021-10-18 07:45:01,10700.0,1000.0,18875400.0
51,2021-10-18 07:45:01,10700.0,1000.0,18874400.0
52,2021-10-18 07:45:01,10700.0,200000.0,18873400.0
53,2021-10-18 07:45:01,10700.0,149700.0,18673400.0
54,2021-10-18 07:45:01,10700.0,50300.0,18523700.0
55,2021-10-18 07:45:01,10700.0,200000.0,18473400.0
56,2021-10-18 07:45:01,10700.0,200000.0,18273400.0
57,2021-10-18 07:45:01,10700.0,49700.0,18073400.0
58,2021-10-18 07:45:01,10700.0,19700.0,18023700.0
59,2021-10-18 07:45:01,10700.0,25400.0,18004000.0
60,2021-10-18 07:45:01,10700.0,5000.0,17978600.0
61,2021-10-18 07:45:01,10700.0,1000.0,17973600.0
62,2021-10-18 07:45:01,10700.0,700.0,17972600.0
63,2021-10-18 07:45:01,10700.0,4700.0,17971900.0
64,2021-10-18 07:45:01,10700.0,5300.0,17967200.0
65,2021-10-18 07:45:01,10700.0,1200.0,17961900.0
66,2021-10-18 07:45:01,10700.0,3000.0,17960700.0
67,2021-10-18 07:45:01,10700.0,1000.0,17957700.0
68,2021-10-18 07:45:01,10700.0,2900.0,17956700.0
69,2021-10-18 07:45:01,10700.0,200.0,17953800.0
70,2021-10-18 07:45:01,10700.0,13500.0,17953600.0
71,2021-10-18 07:45:01,10700.0,300.0,17940100.0
72,2021-10-18 07:45:01,10700.0,200.0,17939800.0
73,2021-10-18 07:45:01,10700.0,5000.0,17939600.0
74,2021-10-18 07:45:01,10700.0,100.0,17934600.0
75,2021-10-18 07:45:01,10700.0,8300.0,17934500.0
76,2021-10-18 07:45:01,10700.0,100.0,17926200.0
77,2021-10-18 07:45:01,10700.0,100.0,17926100.0
78,2021-10-18 07:45:01,10700.0,500.0,17926000.0
79,2021-10-18 07:45:01,10700.0,100.0,17925500.0
80,2021-10-18 07:45:01,10700.0,500.0,17925400.0
81,2021-10-18 07:45:01,10700.0,700.0,17924900.0
82,2021-10-18 07:45:01,10700.0,500.0,17924200.0
83,2021-10-18 07:45:01,10700.0,100.0,17923700.0
84,2021-10-18 07:45:01,10700.0,1000.0,17923600.0
85,2021-10-18 07:45:01,10700.0,5000.0,17922600.0
86,2021-10-18 07:45:01,10700.0,400.0,17917600.0
87,2021-10-18 07:45:01,10700.0,100.0,17917200.0
88,2021-10-18 07:45:01,10700.0,100.0,17917100.0
89,2021-10-18 07:45:01,10700.0,100.0,17917000.0
90,2021-10-18 07:45:01,10700.0,200.0,17916900.0
91,2021-10-18 07:45:01,10700.0,500.0,17916700.0
92,2021-10-18 07:29:55,11000.0,47800.0,17916200.0
93,2021-10-18 07:29:55,11000.0,100.0,17868400.0
94,2021-10-18 07:29:55,11000.0,1000.0,17868300.0
95,2021-10-18 07:29:55,11000.0,1100.0,17867300.0
96,2021-10-18 07:29:45,11000.0,600.0,17866200.0
97,2021-10-18 07:29:38,11000.0,48300.0,17865600.0
98,2021-10-18 07:29:38,11000.0,1700.0,17817300.0
99,2021-10-18 07:29:33,11000.0,2200.0,17815600.0
100,2021-10-18 07:29:33,11000.0,200.0,17813400.0
101,2021-10-18 07:29:33,11000.0,1600.0,17813200.0
102,2021-10-18 07:29:29,11000.0,700.0,17811600.0
103,2021-10-18 07:29:23,11000.0,47700.0,17810900.0
104,2021-10-18 07:29:23,11000.0,1400.0,17763200.0
105,2021-10-18 07:29:23,11000.0,1000.0,17761800.0
106,2021-10-18 07:29:23,11000.0,100.0,17760800.0
107,2021-10-18 07:29:23,11000.0,5000.0,17760700.0
108,2021-10-18 07:29:23,11000.0,100.0,17755700.0
109,2021-10-18 07:29:23,11000.0,4700.0,17755600.0
110,2021-10-18 07:29:00,11000.0,1100.0,17750900.0
111,2021-10-18 07:29:00,11000.0,400.0,17749800.0
112,2021-10-18 07:29:00,11000.0,20000.0,17749400.0
113,2021-10-18 07:29:00,11000.0,1200.0,17729400.0
114,2021-10-18 07:29:00,11000.0,3000.0,17728200.0
115,2021-10-18 07:29:00,11000.0,15000.0,17725200.0
116,2021-10-18 07:29:00,11000.0,5000.0,17710200.0
117,2021-10-18 07:29:00,11000.0,15000.0,17705200.0
118,2021-10-18 07:29:00,11000.0,200.0,17690200.0
119,2021-10-18 07:29:00,11000.0,3000.0,17690000.0
120,2021-10-18 07:29:00,11000.0,100.0,17687000.0
121,2021-10-18 07:29:00,11000.0,6000.0,17686900.0
122,2021-10-18 07:28:37,11000.0,100.0,17680900.0
123,2021-10-18 07:28:37,10900.0,100.0,17680800.0
124,2021-10-18 07:27:40,11000.0,6800.0,17680700.0
125,2021-10-18 07:27:40,11000.0,200.0,17673900.0
126,2021-10-18 07:27:40,11000.0,2000.0,17673700.0
127,2021-10-18 07:27:40,11000.0,1000.0,17671700.0
128,2021-10-18 07:27:40,11000.0,500.0,17670700.0
129,2021-10-18 07:27:40,11000.0,1000.0,17670200.0
130,2021-10-18 07:27:40,11000.0,6000.0,17669200.0
131,2021-10-18 07:27:40,11000.0,400.0,17663200.0
132,2021-10-18 07:27:40,11000.0,1500.0,17662800.0
133,2021-10-18 07:27:40,11000.0,12800.0,17661300.0
134,2021-10-18 07:27:40,11000.0,1500.0,17648500.0
135,2021-10-18 07:27:40,11000.0,10000.0,17647000.0
136,2021-10-18 07:27:40,11000.0,12600.0,17637000.0
137,2021-10-18 07:27:40,11000.0,300.0,17624400.0
138,2021-10-18 07:27:40,11000.0,1000.0,17624100.0
139,2021-10-18 07:27:40,11000.0,1700.0,17623100.0
140,2021-10-18 07:27:40,11000.0,15000.0,17621400.0
141,2021-10-18 07:27:40,11000.0,10000.0,17606400.0
142,2021-10-18 07:27:40,11000.0,12600.0,17596400.0
143,2021-10-18 07:27:40,11000.0,1000.0,17583800.0
144,2021-10-18 07:27:40,11000.0,400.0,17582800.0
145,2021-10-18 07:27:40,11000.0,10000.0,17582400.0
146,2021-10-18 07:27:40,11000.0,1600.0,17572400.0
147,2021-10-18 07:27:40,11000.0,1000.0,17570800.0
148,2021-10-18 07:27:40,11000.0,1000.0,17569800.0
149,2021-10-18 07:27:40,11000.0,7300.0,17568800.0
150,2021-10-18 07:27:40,11000.0,100.0,17561500.0
151,2021-10-18 07:27:40,11000.0,200.0,17561400.0
152,2021-10-18 07:27:40,10950.0,15000.0,17561200.0
153,2021-10-18 07:27:40,10950.0,10000.0,17546200.0
154,2021-10-18 07:27:40,10950.0,200.0,17536200.0
155,2021-10-18 07:27:40,10900.0,4000.0,17536000.0
156,2021-10-18 07:27:40,10900.0,1300.0,17532000.0
157,2021-10-18 07:27:29,10850.0,400.0,17530700.0
158,2021-10-18 07:26:58,10850.0,6000.0,17530300.0
159,2021-10-18 07:26:30,10850.0,100.0,17524300.0
160,2021-10-18 07:26:28,11000.0,300.0,17524200.0
161,2021-10-18 07:26:21,10950.0,100.0,17523900.0
162,2021-10-18 07:26:13,10950.0,10000.0,17523800.0
163,2021-10-18 07:26:13,10950.0,100.0,17513800.0
164,2021-10-18 07:26:13,10950.0,2000.0,17513700.0
165,2021-10-18 07:26:13,10950.0,1000.0,17511700.0
166,2021-10-18 07:26:13,10950.0,200.0,17510700.0
167,2021-10-18 07:26:13,10950.0,3900.0,17510500.0
168,2021-10-18 07:26:13,10950.0,1500.0,17506600.0
169,2021-10-18 07:26:13,10950.0,1000.0,17505100.0
170,2021-10-18 07:26:13,10900.0,100.0,17504100.0
171,2021-10-18 07:26:13,10900.0,1100.0,17504000.0
172,2021-10-18 07:26:13,10900.0,10000.0,17502900.0
173,2021-10-18 07:26:13,10900.0,10000.0,17492900.0
174,2021-10-18 07:26:13,10900.0,1400.0,17482900.0
175,2021-10-18 07:26:13,10900.0,2500.0,17481500.0
176,2021-10-18 07:26:13,10900.0,100.0,17479000.0
177,2021-10-18 07:26:13,10900.0,300.0,17478900.0
178,2021-10-18 07:26:13,10900.0,500.0,17478600.0
179,2021-10-18 07:26:13,10850.0,200.0,17478100.0
180,2021-10-18 07:26:13,10850.0,100.0,17477900.0
181,2021-10-18 07:26:13,10850.0,3900.0,17477800.0
182,2021-10-18 07:25:58,10850.0,2400.0,17473900.0
183,2021-10-18 07:25:58,10850.0,600.0,17471500.0
184,2021-10-18 07:25:34,10800.0,100.0,17470900.0
185,2021-10-18 07:25:34,10800.0,900.0,17470800.0
186,2021-10-18 07:25:01,10800.0,5100.0,17469900.0
187,2021-10-18 07:25:01,10800.0,500.0,17464800.0
188,2021-10-18 07:25:01,10800.0,1600.0,17464300.0
189,2021-10-18 07:25:01,10800.0,2000.0,17462700.0
190,2021-10-18 07:25:01,10800.0,200.0,17460700.0
191,2021-10-18 07:25:01,10800.0,600.0,17460500.0
192,2021-10-18 07:24:44,10800.0,400.0,17459900.0
193,2021-10-18 07:24:41,10750.0,300.0,17459500.0
194,2021-10-18 07:24:41,10750.0,4700.0,17459200.0
195,2021-10-18 07:24:28,10750.0,3000.0,17454500.0
196,2021-10-18 07:24:13,10750.0,100.0,17451500.0
197,2021-10-18 07:24:05,10800.0,3000.0,17451400.0
198,2021-10-18 07:23:49,10750.0,3000.0,17448400.0
199,2021-10-18 07:23:01,10750.0,1600.0,17445400.0
200,2021-10-18 07:23:01,10750.0,2600.0,17443800.0
201,2021-10-18 07:22:49,10750.0,200.0,17441200.0
202,2021-10-18 07:22:41,10750.0,500.0,17441000.0
203,2021-10-18 07:22:34,10750.0,6000.0,17440500.0
204,2021-10-18 07:22:14,10750.0,500.0,17434500.0
205,2021-10-18 07:22:01,10750.0,200.0,17434000.0
206,2021-10-18 07:20:38,10700.0,200.0,17433800.0
207,2021-10-18 07:20:38,10700.0,200.0,17433600.0
208,2021-10-18 07:20:38,10700.0,100.0,17433400.0
209,2021-10-18 07:20:07,10700.0,100.0,17433300.0
210,2021-10-18 07:19:46,10700.0,100.0,17433200.0
211,2021-10-18 07:19:01,10700.0,100.0,17433100.0
212,2021-10-18 07:18:52,10700.0,1000.0,17433000.0
213,2021-10-18 07:18:47,10700.0,1000.0,17432000.0
214,2021-10-18 07:18:43,10650.0,84300.0,17431000.0
215,2021-10-18 07:18:43,10650.0,500.0,17346700.0
216,2021-10-18 07:18:43,10650.0,100.0,17346200.0
217,2021-10-18 07:18:43,10650.0,1000.0,17346100.0
218,2021-10-18 07:18:43,10650.0,10000.0,17345100.0
219,2021-10-18 07:18:43,10650.0,1000.0,17335100.0
220,2021-10-18 07:18:43,10700.0,700.0,17334100.0
221,2021-10-18 07:18:42,10700.0,1800.0,17333400.0
222,2021-10-18 07:18:34,10700.0,5000.0,17331600.0
223,2021-10-18 07:18:28,10700.0,2000.0,17326600.0
224,2021-10-18 07:18:12,10700.0,100.0,17324600.0
225,2021-10-18 07:17:54,10700.0,100.0,17324500.0
226,2021-10-18 07:17:48,10700.0,2000.0,17324400.0
227,2021-10-18 07:17:48,10700.0,100.0,17322400.0
228,2021-10-18 07:17:48,10700.0,500.0,17322300.0
229,2021-10-18 07:17:48,10700.0,5000.0,17321800.0
230,2021-10-18 07:17:48,10700.0,1000.0,17316800.0
231,2021-10-18 07:17:48,10700.0,500.0,17315800.0
232,2021-10-18 07:17:48,10700.0,2000.0,17315300.0
233,2021-10-18 07:17:48,10700.0,200.0,17313300.0
234,2021-10-18 07:17:48,10700.0,29700.0,17313100.0
235,2021-10-18 07:17:23,10700.0,100.0,17283400.0
236,2021-10-18 07:17:23,10700.0,100.0,17283300.0
237,2021-10-18 07:17:23,10700.0,300.0,17283200.0
238,2021-10-18 07:17:23,10700.0,500.0,17282900.0
239,2021-10-18 07:17:23,10700.0,4500.0,17282400.0
240,2021-10-18 07:17:12,10700.0,500.0,17277900.0
241,2021-10-18 07:17:12,10700.0,1400.0,17277400.0
242,2021-10-18 07:17:12,10750.0,100.0,17276000.0
243,2021-10-18 07:16:25,10750.0,1000.0,17275900.0
244,2021-10-18 07:16:18,10750.0,4000.0,17274900.0
245,2021-10-18 07:15:45,10750.0,2200.0,17270900.0
246,2021-10-18 07:15:45,10750.0,27700.0,17268700.0
247,2021-10-18 07:15:41,10700.0,500.0,17241000.0
248,2021-10-18 07:15:09,10700.0,8100.0,17240500.0
249,2021-10-18 07:15:09,10700.0,4900.0,17232400.0
250,2021-10-18 07:14:17,10750.0,300.0,17227500.0
251,2021-10-18 07:14:15,10700.0,5000.0,17227200.0
252,2021-10-18 07:13:55,10700.0,100.0,17222200.0
253,2021-10-18 07:13:55,10700.0,200.0,17222100.0
254,2021-10-18 07:13:55,10700.0,1200.0,17221900.0
255,2021-10-18 07:13:55,10700.0,1300.0,17220700.0
256,2021-10-18 07:13:38,10700.0,7000.0,17219400.0
257,2021-10-18 07:13:30,10700.0,100.0,17212400.0
258,2021-10-18 07:13:19,10750.0,1000.0,17212300.0
259,2021-10-18 07:13:17,10700.0,2000.0,17211300.0
260,2021-10-18 07:13:03,10700.0,4000.0,17209300.0
261,2021-10-18 07:12:34,10700.0,2400.0,17205300.0
262,2021-10-18 07:12:28,10700.0,1600.0,17202900.0
263,2021-10-18 07:12:23,10700.0,500.0,17201300.0
264,2021-10-18 07:12:14,10700.0,100.0,17200800.0
265,2021-10-18 07:12:09,10700.0,3000.0,17200700.0
266,2021-10-18 07:12:09,10700.0,2000.0,17197700.0
267,2021-10-18 07:12:09,10700.0,200.0,17195700.0
268,2021-10-18 07:12:09,10700.0,1000.0,17195500.0
269,2021-10-18 07:12:09,10700.0,400.0,17194500.0
270,2021-10-18 07:12:08,10800.0,2400.0,17194100.0
271,2021-10-18 07:12:08,10800.0,1000.0,17191700.0
272,2021-10-18 07:12:08,10800.0,100.0,17190700.0
273,2021-10-18 07:12:08,10800.0,300.0,17190600.0
274,2021-10-18 07:12:04,10700.0,100.0,17190300.0
275,2021-10-18 07:12:04,10800.0,1500.0,17190200.0
276,2021-10-18 07:12:04,10800.0,3000.0,17188700.0
277,2021-10-18 07:12:04,10800.0,500.0,17185700.0
278,2021-10-18 07:11:50,10700.0,400.0,17185200.0
279,2021-10-18 07:11:50,10700.0,1500.0,17184800.0
280,2021-10-18 07:11:50,10700.0,600.0,17183300.0
281,2021-10-18 07:11:50,10700.0,500.0,17182700.0
282,2021-10-18 07:11:28,10700.0,12000.0,17182200.0
283,2021-10-18 07:11:13,10700.0,100.0,17170200.0
284,2021-10-18 07:11:06,10700.0,15800.0,17170100.0
285,2021-10-18 07:11:06,10700.0,28000.0,17154300.0
286,2021-10-18 07:10:48,10700.0,300.0,17126300.0
287,2021-10-18 07:10:30,10700.0,500.0,17126000.0
288,2021-10-18 07:10:30,10700.0,100.0,17125500.0
289,2021-10-18 07:10:30,10700.0,100.0,17125400.0
290,2021-10-18 07:10:30,10700.0,100.0,17125300.0
291,2021-10-18 07:10:30,10700.0,1000.0,17125200.0
292,2021-10-18 07:10:30,10700.0,15900.0,17124200.0
293,2021-10-18 07:10:30,10700.0,4000.0,17108300.0
294,2021-10-18 07:10:06,10650.0,86600.0,17104300.0
295,2021-10-18 07:10:06,10650.0,100.0,17017700.0
296,2021-10-18 07:10:06,10650.0,5000.0,17017600.0
297,2021-10-18 07:10:06,10650.0,500.0,17012600.0
298,2021-10-18 07:10:06,10650.0,69500.0,17012100.0
299,2021-10-18 07:10:06,10650.0,3500.0,16942600.0
300,2021-10-18 07:10:06,10650.0,100.0,16939100.0
301,2021-10-18 07:10:06,10650.0,500.0,16939000.0
302,2021-10-18 07:10:06,10650.0,200.0,16938500.0
303,2021-10-18 07:10:06,10650.0,1000.0,16938300.0
304,2021-10-18 07:10:06,10650.0,27400.0,16937300.0
305,2021-10-18 07:10:06,10650.0,400.0,16909900.0
306,2021-10-18 07:10:06,10650.0,200.0,16909500.0
307,2021-10-18 07:10:06,10650.0,200.0,16909300.0
308,2021-10-18 07:10:06,10650.0,50000.0,16909100.0
309,2021-10-18 07:10:06,10650.0,68400.0,16859100.0
310,2021-10-18 07:10:06,10650.0,100.0,16790700.0
311,2021-10-18 07:10:06,10650.0,400.0,16790600.0
312,2021-10-18 07:10:06,10650.0,500.0,16790200.0
313,2021-10-18 07:10:06,10650.0,5000.0,16789700.0
314,2021-10-18 07:10:06,10650.0,10000.0,16784700.0
315,2021-10-18 07:10:06,10650.0,100.0,16774700.0
316,2021-10-18 07:10:06,10650.0,500.0,16774600.0
317,2021-10-18 07:10:06,10650.0,102500.0,16774100.0
318,2021-10-18 07:10:06,10650.0,5000.0,16671600.0
319,2021-10-18 07:10:06,10650.0,100.0,16666600.0
320,2021-10-18 07:10:06,10650.0,200.0,16666500.0
321,2021-10-18 07:10:06,10650.0,2000.0,16666300.0
322,2021-10-18 07:10:06,10650.0,1000.0,16664300.0
323,2021-10-18 07:10:06,10650.0,1000.0,16663300.0
324,2021-10-18 07:10:06,10650.0,800.0,16662300.0
325,2021-10-18 07:10:06,10650.0,100.0,16661500.0
326,2021-10-18 07:10:06,10650.0,100.0,16661400.0
327,2021-10-18 07:10:06,10650.0,200.0,16661300.0
328,2021-10-18 07:10:06,10650.0,36400.0,16661100.0
329,2021-10-18 07:10:06,10650.0,400.0,16624700.0
330,2021-10-18 07:10:06,10650.0,6000.0,16624300.0
331,2021-10-18 07:10:06,10650.0,100.0,16618300.0
332,2021-10-18 07:10:06,10650.0,100.0,16618200.0
333,2021-10-18 07:10:06,10650.0,4500.0,16618100.0
334,2021-10-18 07:10:06,10700.0,500.0,16613600.0
335,2021-10-18 07:10:06,10700.0,1000.0,16613100.0
336,2021-10-18 07:10:06,10700.0,7800.0,16612100.0
337,2021-10-18 07:10:04,10700.0,4400.0,16604300.0
338,2021-10-18 07:09:48,10700.0,200.0,16599900.0
339,2021-10-18 07:09:48,10700.0,5000.0,16599700.0
340,2021-10-18 07:09:48,10700.0,200.0,16594700.0
341,2021-10-18 07:09:48,10700.0,38800.0,16594500.0
342,2021-10-18 07:09:40,10700.0,1800.0,16555700.0
343,2021-10-18 07:09:40,10650.0,5500.0,16553900.0
344,2021-10-18 07:09:40,10650.0,1500.0,16548400.0
345,2021-10-18 07:09:40,10650.0,1000.0,16546900.0
346,2021-10-18 07:09:40,10650.0,2000.0,16545900.0
347,2021-10-18 07:09:35,10700.0,5000.0,16543900.0
348,2021-10-18 07:09:34,10650.0,100.0,16538900.0
349,2021-10-18 07:09:13,10700.0,2000.0,16538800.0
350,2021-10-18 07:09:12,10700.0,2400.0,16536800.0
351,2021-10-18 07:09:12,10700.0,4000.0,16534400.0
352,2021-10-18 07:09:12,10700.0,200.0,16530400.0
353,2021-10-18 07:09:12,10700.0,400.0,16530200.0
354,2021-10-18 07:09:08,10700.0,5600.0,16529800.0
355,2021-10-18 07:08:52,10700.0,1000.0,16524200.0
356,2021-10-18 07:08:35,10700.0,100.0,16523200.0
357,2021-10-18 07:08:35,10700.0,400.0,16523100.0
358,2021-10-18 07:08:24,10700.0,200.0,16522700.0
359,2021-10-18 07:08:03,10700.0,500.0,16522500.0
360,2021-10-18 07:07:57,10650.0,10000.0,16522000.0
361,2021-10-18 07:07:52,10700.0,100.0,16512000.0
362,2021-10-18 07:07:41,10700.0,500.0,16511900.0
363,2021-10-18 07:07:38,10700.0,500.0,16511400.0
364,2021-10-18 07:07:29,10700.0,100.0,16510900.0
365,2021-10-18 07:07:23,10700.0,100.0,16510800.0
366,2021-10-18 07:07:21,10700.0,100.0,16510700.0
367,2021-10-18 07:07:01,10700.0,100.0,16510600.0
368,2021-10-18 07:06:50,10700.0,500.0,16510500.0
369,2021-10-18 07:06:37,10700.0,500.0,16510000.0
370,2021-10-18 07:06:23,10700.0,100.0,16509500.0
371,2021-10-18 07:06:22,10700.0,500.0,16509400.0
372,2021-10-18 07:06:22,10700.0,200.0,16508900.0
373,2021-10-18 07:06:22,10700.0,1000.0,16508700.0
374,2021-10-18 07:06:22,10700.0,2000.0,16507700.0
375,2021-10-18 07:06:22,10700.0,400.0,16505700.0
376,2021-10-18 07:06:22,10700.0,300.0,16505300.0
377,2021-10-18 07:06:22,10700.0,100.0,16505000.0
378,2021-10-18 07:06:22,10700.0,10000.0,16504900.0
379,2021-10-18 07:06:22,10700.0,200.0,16494900.0
380,2021-10-18 07:06:22,10700.0,500.0,16494700.0
381,2021-10-18 07:06:22,10700.0,5000.0,16494200.0
382,2021-10-18 07:06:22,10700.0,3000.0,16489200.0
383,2021-10-18 07:06:22,10700.0,100.0,16486200.0
384,2021-10-18 07:06:22,10700.0,100.0,16486100.0
385,2021-10-18 07:06:22,10700.0,100.0,16486000.0
386,2021-10-18 07:06:22,10700.0,3000.0,16485900.0
387,2021-10-18 07:06:22,10700.0,1000.0,16482900.0
388,2021-10-18 07:06:22,10700.0,500.0,16481900.0
389,2021-10-18 07:06:22,10700.0,6000.0,16481400.0
390,2021-10-18 07:06:22,10700.0,800.0,16475400.0
391,2021-10-18 07:06:22,10700.0,500.0,16474600.0
392,2021-10-18 07:06:22,10700.0,1000.0,16474100.0
393,2021-10-18 07:06:22,10700.0,200.0,16473100.0
394,2021-10-18 07:06:22,10700.0,5000.0,16472900.0
395,2021-10-18 07:06:22,10700.0,4800.0,16467900.0
396,2021-10-18 07:06:03,10850.0,4500.0,16463100.0
397,2021-10-18 07:06:03,10850.0,600.0,16458600.0
398,2021-10-18 07:06:03,10850.0,1900.0,16458000.0
399,2021-10-18 07:06:03,10800.0,300.0,16456100.0
400,2021-10-18 07:05:53,10700.0,15500.0,16455800.0
401,2021-10-18 07:05:53,10750.0,500.0,16440300.0
402,2021-10-18 07:05:53,10750.0,400.0,16439800.0
403,2021-10-18 07:05:53,10750.0,1000.0,16439400.0
404,2021-10-18 07:05:53,10750.0,1000.0,16438400.0
405,2021-10-18 07:05:53,10750.0,3500.0,16437400.0
406,2021-10-18 07:05:53,10750.0,200.0,16433900.0
407,2021-10-18 07:05:53,10750.0,1500.0,16433700.0
408,2021-10-18 07:05:53,10750.0,200.0,16432200.0
409,2021-10-18 07:05:53,10750.0,2400.0,16432000.0
410,2021-10-18 07:05:53,10750.0,1000.0,16429600.0
411,2021-10-18 07:05:53,10750.0,1500.0,16428600.0
412,2021-10-18 07:05:53,10800.0,100.0,16427100.0
413,2021-10-18 07:05:53,10800.0,700.0,16427000.0
414,2021-10-18 07:05:53,10800.0,300.0,16426300.0
415,2021-10-18 07:05:53,10800.0,200.0,16426000.0
416,2021-10-18 07:05:14,10850.0,1000.0,16425800.0
417,2021-10-18 07:05:05,10850.0,1200.0,16424800.0
418,2021-10-18 07:05:01,10850.0,2100.0,16423600.0
419,2021-10-18 07:04:18,10850.0,800.0,16421500.0
420,2021-10-18 07:04:18,10850.0,200.0,16420700.0
421,2021-10-18 07:04:11,10800.0,300.0,16420500.0
422,2021-10-18 07:04:11,10800.0,200.0,16420200.0
423,2021-10-18 07:03:53,10800.0,100.0,16420000.0
424,2021-10-18 07:03:41,10800.0,100.0,16419900.0
425,2021-10-18 07:03:26,10850.0,800.0,16419800.0
426,2021-10-18 07:03:26,10850.0,400.0,16419000.0
427,2021-10-18 07:03:24,10850.0,100.0,16418600.0
428,2021-10-18 07:03:10,10850.0,100.0,16418500.0
429,2021-10-18 07:02:37,10850.0,100.0,16418400.0
430,2021-10-18 07:01:54,10850.0,1000.0,16418300.0
431,2021-10-18 07:01:07,10800.0,1500.0,16417300.0
432,2021-10-18 07:01:04,10800.0,1400.0,16415800.0
433,2021-10-18 07:00:53,10800.0,500.0,16414400.0
434,2021-10-18 07:00:53,10800.0,1200.0,16413900.0
435,2021-10-18 07:00:13,10800.0,100.0,16412700.0
436,2021-10-18 06:59:46,10800.0,500.0,16412600.0
437,2021-10-18 06:59:22,10750.0,1000.0,16412100.0
438,2021-10-18 06:58:51,10800.0,200.0,16411100.0
439,2021-10-18 06:58:41,10800.0,1000.0,16410900.0
440,2021-10-18 06:58:41,10800.0,100.0,16409900.0
441,2021-10-18 06:58:41,10800.0,1700.0,16409800.0
442,2021-10-18 06:58:31,10800.0,300.0,16408100.0
443,2021-10-18 06:57:52,10800.0,5000.0,16407800.0
444,2021-10-18 06:57:33,10800.0,2000.0,16402800.0
445,2021-10-18 06:57:29,10800.0,100.0,16400800.0
446,2021-10-18 06:57:26,10800.0,1000.0,16400700.0
447,2021-10-18 06:57:14,10800.0,200.0,16399700.0
448,2021-10-18 06:57:09,10800.0,400.0,16399500.0
449,2021-10-18 06:57:05,10800.0,2000.0,16399100.0
450,2021-10-18 06:57:05,10800.0,200.0,16397100.0
451,2021-10-18 06:57:04,10800.0,5000.0,16396900.0
452,2021-10-18 06:56:50,10800.0,200.0,16391900.0
453,2021-10-18 06:56:50,10800.0,1500.0,16391700.0
454,2021-10-18 06:56:50,10800.0,4000.0,16390200.0
455,2021-10-18 06:56:50,10800.0,26400.0,16386200.0
456,2021-10-18 06:56:18,10850.0,1000.0,16359800.0
457,2021-10-18 06:55:44,10800.0,200.0,16358800.0
458,2021-10-18 06:55:40,10800.0,100.0,16358600.0
459,2021-10-18 06:55:40,10800.0,37300.0,16358500.0
460,2021-10-18 06:55:21,10750.0,1400.0,16321200.0
461,2021-10-18 06:55:21,10750.0,100.0,16319800.0
462,2021-10-18 06:55:18,10750.0,900.0,16319700.0
463,2021-10-18 06:55:18,10750.0,100.0,16318800.0
464,2021-10-18 06:54:48,10750.0,500.0,16318700.0
465,2021-10-18 06:54:34,10750.0,700.0,16318200.0
466,2021-10-18 06:54:34,10750.0,4300.0,16317500.0
467,2021-10-18 06:54:13,10750.0,400.0,16313200.0
468,2021-10-18 06:54:02,10800.0,1000.0,16312800.0
469,2021-10-18 06:54:02,10800.0,500.0,16311800.0
470,2021-10-18 06:54:02,10800.0,2000.0,16311300.0
471,2021-10-18 06:54:02,10800.0,500.0,16309300.0
472,2021-10-18 06:54:02,10800.0,900.0,16308800.0
473,2021-10-18 06:54:02,10800.0,4000.0,16307900.0
474,2021-10-18 06:54:02,10800.0,600.0,16303900.0
475,2021-10-18 06:54:02,10800.0,1000.0,16303300.0
476,2021-10-18 06:54:02,10800.0,100.0,16302300.0
477,2021-10-18 06:54:02,10800.0,100.0,16302200.0
478,2021-10-18 06:54:02,10800.0,2000.0,16302100.0
479,2021-10-18 06:54:00,10800.0,1000.0,16300100.0
480,2021-10-18 06:54:00,10800.0,1000.0,16299100.0
481,2021-10-18 06:53:13,10800.0,5000.0,16298100.0
482,2021-10-18 06:52:51,10800.0,300.0,16293100.0
483,2021-10-18 06:52:37,10850.0,100.0,16292800.0
484,2021-10-18 06:51:47,10850.0,4800.0,16292700.0
485,2021-10-18 06:51:04,10850.0,100.0,16287900.0
486,2021-10-18 06:50:22,10850.0,100.0,16287800.0
487,2021-10-18 06:50:22,10850.0,4900.0,16287700.0
488,2021-10-18 06:49:43,10850.0,100.0,16282800.0
489,2021-10-18 06:49:41,10850.0,5000.0,16282700.0
490,2021-10-18 06:49:01,10900.0,500.0,16277700.0
491,2021-10-18 06:48:41,10900.0,100.0,16277200.0
492,2021-10-18 06:48:41,10900.0,1000.0,16277100.0
493,2021-10-18 06:48:41,10900.0,1000.0,16276100.0
494,2021-10-18 06:48:41,10900.0,6900.0,16275100.0
495,2021-10-18 06:48:24,10900.0,200.0,16268200.0
496,2021-10-18 06:48:09,10900.0,1000.0,16268000.0
497,2021-10-18 06:47:14,10900.0,5000.0,16267000.0
498,2021-10-18 06:47:01,10900.0,2000.0,16262000.0
499,2021-10-18 06:45:54,10800.0,500.0,16260000.0
500,2021-10-18 06:45:51,10800.0,45700.0,16259500.0
501,2021-10-18 06:45:51,10800.0,100.0,16213800.0
502,2021-10-18 06:45:51,10800.0,4200.0,16213700.0
503,2021-10-18 06:45:25,10800.0,3200.0,16209500.0
504,2021-10-18 06:45:16,11000.0,2700.0,16206300.0
505,2021-10-18 06:45:16,11000.0,5000.0,16203600.0
506,2021-10-18 06:45:16,11000.0,1000.0,16198600.0
507,2021-10-18 06:45:16,11000.0,200.0,16197600.0
508,2021-10-18 06:45:16,11000.0,2000.0,16197400.0
509,2021-10-18 06:45:16,11000.0,100.0,16195400.0
510,2021-10-18 06:45:16,11000.0,1300.0,16195300.0
511,2021-10-18 06:45:16,11000.0,1400.0,16194000.0
512,2021-10-18 06:45:16,11000.0,5000.0,16192600.0
513,2021-10-18 06:45:16,11000.0,100.0,16187600.0
514,2021-10-18 06:45:16,11000.0,3000.0,16187500.0
515,2021-10-18 06:45:16,11000.0,200.0,16184500.0
516,2021-10-18 06:45:16,11000.0,4000.0,16184300.0
517,2021-10-18 06:45:16,11000.0,5000.0,16180300.0
518,2021-10-18 06:45:16,11000.0,5200.0,16175300.0
519,2021-10-18 06:45:16,11000.0,3000.0,16170100.0
520,2021-10-18 06:45:16,11000.0,2800.0,16167100.0
521,2021-10-18 06:45:16,11000.0,5000.0,16164300.0
522,2021-10-18 06:45:16,11000.0,1000.0,16159300.0
523,2021-10-18 06:45:16,11000.0,10000.0,16158300.0
524,2021-10-18 06:45:16,11000.0,3000.0,16148300.0
525,2021-10-18 06:45:16,11000.0,5000.0,16145300.0
526,2021-10-18 06:45:16,11000.0,500.0,16140300.0
527,2021-10-18 06:45:16,10950.0,1000.0,16139800.0
528,2021-10-18 06:45:16,10950.0,100.0,16138800.0
529,2021-10-18 06:45:16,10950.0,10000.0,16138700.0
530,2021-10-18 06:45:16,10950.0,500.0,16128700.0
531,2021-10-18 06:45:16,10950.0,300.0,16128200.0
532,2021-10-18 06:45:16,10900.0,300.0,16127900.0
533,2021-10-18 06:45:16,10900.0,500.0,16127600.0
534,2021-10-18 06:45:16,10900.0,800.0,16127100.0
535,2021-10-18 06:44:43,10800.0,100.0,16126300.0
536,2021-10-18 06:44:19,10800.0,300.0,16126200.0
537,2021-10-18 06:44:17,10800.0,500.0,16125900.0
538,2021-10-18 06:44:02,10800.0,100.0,16125400.0
539,2021-10-18 06:43:37,10800.0,200.0,16125300.0
540,2021-10-18 06:43:28,10800.0,1000.0,16125100.0
541,2021-10-18 06:43:17,10800.0,8700.0,16124100.0
542,2021-10-18 06:43:16,10800.0,1000.0,16115400.0
543,2021-10-18 06:43:15,10800.0,800.0,16114400.0
544,2021-10-18 06:42:57,10950.0,5700.0,16113600.0
545,2021-10-18 06:42:57,10950.0,100.0,16107900.0
546,2021-10-18 06:42:57,10950.0,30000.0,16107800.0
547,2021-10-18 06:42:57,10950.0,5000.0,16077800.0
548,2021-10-18 06:42:57,10950.0,1000.0,16072800.0
549,2021-10-18 06:42:57,10950.0,300.0,16071800.0
550,2021-10-18 06:42:57,10900.0,1000.0,16071500.0
551,2021-10-18 06:42:57,10900.0,300.0,16070500.0
552,2021-10-18 06:42:57,10900.0,4000.0,16070200.0
553,2021-10-18 06:42:57,10900.0,10000.0,16066200.0
554,2021-10-18 06:42:57,10900.0,500.0,16056200.0
555,2021-10-18 06:42:57,10900.0,800.0,16055700.0
556,2021-10-18 06:42:57,10900.0,5000.0,16054900.0
557,2021-10-18 06:42:57,10900.0,26300.0,16049900.0
558,2021-10-18 06:42:57,10850.0,10000.0,16023600.0
559,2021-10-18 06:42:36,10800.0,2000.0,16013600.0
560,2021-10-18 06:42:36,10800.0,3000.0,16011600.0
561,2021-10-18 06:42:36,10800.0,5000.0,16008600.0
562,2021-10-18 06:42:36,10800.0,17900.0,16003600.0
563,2021-10-18 06:42:30,10800.0,300.0,15985700.0
564,2021-10-18 06:42:24,10750.0,1000.0,15985400.0
565,2021-10-18 06:42:22,10800.0,800.0,15984400.0
566,2021-10-18 06:42:19,10750.0,23500.0,15983600.0
567,2021-10-18 06:42:07,10750.0,10300.0,15960100.0
568,2021-10-18 06:42:05,10750.0,3500.0,15949800.0
569,2021-10-18 06:41:47,10750.0,200.0,15946300.0
570,2021-10-18 06:41:09,10700.0,100.0,15946100.0
571,2021-10-18 06:41:00,10700.0,12100.0,15946000.0
572,2021-10-18 06:40:55,10700.0,100.0,15933900.0
573,2021-10-18 06:40:51,10700.0,2000.0,15933800.0
574,2021-10-18 06:40:50,10700.0,1000.0,15931800.0
575,2021-10-18 06:40:48,10700.0,2700.0,15930800.0
576,2021-10-18 06:40:45,10700.0,100.0,15928100.0
577,2021-10-18 06:40:41,10700.0,1000.0,15928000.0
578,2021-10-18 06:40:41,10700.0,900.0,15927000.0
579,2021-10-18 06:40:41,10700.0,10000.0,15926100.0
580,2021-10-18 06:40:41,10700.0,4300.0,15916100.0
581,2021-10-18 06:40:41,10700.0,500.0,15911800.0
582,2021-10-18 06:40:41,10700.0,15300.0,15911300.0
583,2021-10-18 06:40:24,10700.0,1000.0,15896000.0
584,2021-10-18 06:40:02,10700.0,6600.0,15895000.0
585,2021-10-18 06:39:36,10750.0,1000.0,15888400.0
586,2021-10-18 06:39:28,10700.0,46500.0,15887400.0
587,2021-10-18 06:39:28,10700.0,3500.0,15840900.0
588,2021-10-18 06:39:27,10800.0,200.0,15837400.0
589,2021-10-18 06:39:18,10700.0,800.0,15837200.0
590,2021-10-18 06:39:06,10700.0,700.0,15836400.0
591,2021-10-18 06:38:58,10700.0,100.0,15835700.0
592,2021-10-18 06:38:44,10700.0,200.0,15835600.0
593,2021-10-18 06:38:44,10700.0,300.0,15835400.0
594,2021-10-18 06:38:42,10650.0,900.0,15835100.0
595,2021-10-18 06:38:36,10700.0,100.0,15834200.0
596,2021-10-18 06:38:18,10650.0,187000.0,15834100.0
597,2021-10-18 06:38:14,10650.0,300.0,15647100.0
598,2021-10-18 06:38:14,10650.0,1300.0,15646800.0
599,2021-10-18 06:38:10,10650.0,1000.0,15645500.0
600,2021-10-18 06:38:03,10650.0,1700.0,15644500.0
601,2021-10-18 06:38:03,10650.0,100.0,15642800.0
602,2021-10-18 06:38:03,10650.0,100.0,15642700.0
603,2021-10-18 06:38:03,10650.0,1000.0,15642600.0
604,2021-10-18 06:38:03,10650.0,10000.0,15641600.0
605,2021-10-18 06:38:03,10650.0,100.0,15631600.0
606,2021-10-18 06:38:03,10650.0,1000.0,15631500.0
607,2021-10-18 06:38:03,10650.0,100.0,15630500.0
608,2021-10-18 06:38:03,10650.0,500.0,15630400.0
609,2021-10-18 06:38:03,10650.0,300.0,15629900.0
610,2021-10-18 06:38:03,10650.0,100.0,15629600.0
611,2021-10-18 06:38:03,10650.0,500.0,15629500.0
612,2021-10-18 06:38:03,10650.0,200.0,15629000.0
613,2021-10-18 06:38:03,10650.0,1000.0,15628800.0
614,2021-10-18 06:38:03,10650.0,400.0,15627800.0
615,2021-10-18 06:38:03,10650.0,500.0,15627400.0
616,2021-10-18 06:38:03,10650.0,1000.0,15626900.0
617,2021-10-18 06:38:03,10650.0,300.0,15625900.0
618,2021-10-18 06:38:03,10650.0,2000.0,15625600.0
619,2021-10-18 06:38:03,10650.0,400.0,15623600.0
620,2021-10-18 06:38:03,10650.0,3000.0,15623200.0
621,2021-10-18 06:38:03,10650.0,69500.0,15620200.0
622,2021-10-18 06:38:03,10650.0,1000.0,15550700.0
623,2021-10-18 06:38:03,10650.0,1900.0,15549700.0
624,2021-10-18 06:38:03,10650.0,100.0,15547800.0
625,2021-10-18 06:38:03,10650.0,100.0,15547700.0
626,2021-10-18 06:38:03,10650.0,5000.0,15547600.0
627,2021-10-18 06:38:03,10650.0,5000.0,15542600.0
628,2021-10-18 06:38:03,10650.0,6400.0,15537600.0
629,2021-10-18 06:38:03,10650.0,100.0,15531200.0
630,2021-10-18 06:38:03,10650.0,200.0,15531100.0
631,2021-10-18 06:38:03,10650.0,2000.0,15530900.0
632,2021-10-18 06:38:03,10650.0,9400.0,15528900.0
633,2021-10-18 06:38:03,10650.0,200.0,15519500.0
634,2021-10-18 06:38:03,10650.0,500.0,15519300.0
635,2021-10-18 06:38:03,10650.0,1600.0,15518800.0
636,2021-10-18 06:38:03,10650.0,1000.0,15517200.0
637,2021-10-18 06:38:03,10650.0,400.0,15516200.0
638,2021-10-18 06:38:03,10650.0,100.0,15515800.0
639,2021-10-18 06:38:03,10650.0,500.0,15515700.0
640,2021-10-18 06:38:03,10650.0,1000.0,15515200.0
641,2021-10-18 06:38:03,10650.0,5000.0,15514200.0
642,2021-10-18 06:38:03,10650.0,200.0,15509200.0
643,2021-10-18 06:38:03,10650.0,10000.0,15509000.0
644,2021-10-18 06:38:03,10650.0,4600.0,15499000.0
645,2021-10-18 06:38:03,10650.0,200.0,15494400.0
646,2021-10-18 06:38:03,10650.0,200.0,15494200.0
647,2021-10-18 06:38:03,10650.0,200.0,15494000.0
648,2021-10-18 06:38:03,10650.0,600.0,15493800.0
649,2021-10-18 06:38:03,10650.0,500.0,15493200.0
650,2021-10-18 06:38:03,10650.0,500.0,15492700.0
651,2021-10-18 06:38:03,10650.0,500.0,15492200.0
652,2021-10-18 06:38:03,10650.0,100.0,15491700.0
653,2021-10-18 06:38:03,10650.0,1000.0,15491600.0
654,2021-10-18 06:38:03,10650.0,200.0,15490600.0
655,2021-10-18 06:38:03,10650.0,1000.0,15490400.0
656,2021-10-18 06:38:03,10650.0,200.0,15489400.0
657,2021-10-18 06:38:03,10650.0,1000.0,15489200.0
658,2021-10-18 06:38:03,10650.0,1000.0,15488200.0
659,2021-10-18 06:38:03,10650.0,3000.0,15487200.0
660,2021-10-18 06:38:03,10650.0,900.0,15484200.0
661,2021-10-18 06:38:03,10650.0,3000.0,15483300.0
662,2021-10-18 06:38:03,10650.0,500.0,15480300.0
663,2021-10-18 06:38:03,10650.0,100.0,15479800.0
664,2021-10-18 06:38:03,10650.0,1000.0,15479700.0
665,2021-10-18 06:38:03,10650.0,9000.0,15478700.0
666,2021-10-18 06:38:03,10650.0,1200.0,15469700.0
667,2021-10-18 06:38:03,10650.0,300.0,15468500.0
668,2021-10-18 06:38:03,10650.0,500.0,15468200.0
669,2021-10-18 06:38:03,10650.0,3000.0,15467700.0
670,2021-10-18 06:38:03,10650.0,600.0,15464700.0
671,2021-10-18 06:38:03,10650.0,200.0,15464100.0
672,2021-10-18 06:38:03,10650.0,500.0,15463900.0
673,2021-10-18 06:38:03,10650.0,7000.0,15463400.0
674,2021-10-18 06:38:03,10650.0,2000.0,15456400.0
675,2021-10-18 06:38:03,10650.0,2000.0,15454400.0
676,2021-10-18 06:38:03,10650.0,2000.0,15452400.0
677,2021-10-18 06:38:03,10650.0,4000.0,15450400.0
678,2021-10-18 06:38:03,10650.0,1000.0,15446400.0
679,2021-10-18 06:38:03,10650.0,600.0,15445400.0
680,2021-10-18 06:38:03,10650.0,1000.0,15444800.0
681,2021-10-18 06:38:03,10650.0,400.0,15443800.0
682,2021-10-18 06:38:03,10650.0,500.0,15443400.0
683,2021-10-18 06:38:03,10650.0,500.0,15442900.0
684,2021-10-18 06:38:03,10650.0,85400.0,15442400.0
685,2021-10-18 06:38:03,10650.0,200.0,15357000.0
686,2021-10-18 06:38:03,10650.0,2000.0,15356800.0
687,2021-10-18 06:38:03,10650.0,200.0,15354800.0
688,2021-10-18 06:38:03,10650.0,1000.0,15354600.0
689,2021-10-18 06:38:03,10650.0,100.0,15353600.0
690,2021-10-18 06:38:03,10650.0,1000.0,15353500.0
691,2021-10-18 06:38:03,10650.0,18400.0,15352500.0
692,2021-10-18 06:38:03,10650.0,51000.0,15334100.0
693,2021-10-18 06:38:03,10650.0,3000.0,15283100.0
694,2021-10-18 06:38:03,10650.0,200.0,15280100.0
695,2021-10-18 06:38:03,10650.0,1000.0,15279900.0
696,2021-10-18 06:38:03,10650.0,1000.0,15278900.0
697,2021-10-18 06:38:03,10650.0,10000.0,15277900.0
698,2021-10-18 06:38:03,10650.0,300.0,15267900.0
699,2021-10-18 06:38:03,10650.0,69500.0,15267600.0
700,2021-10-18 06:38:03,10650.0,25800.0,15198100.0
701,2021-10-18 06:38:03,10650.0,10000.0,15172300.0
702,2021-10-18 06:38:03,10650.0,100.0,15162300.0
703,2021-10-18 06:38:03,10650.0,500.0,15162200.0
704,2021-10-18 06:38:03,10650.0,300.0,15161700.0
705,2021-10-18 06:38:03,10650.0,200.0,15161400.0
706,2021-10-18 06:38:03,10650.0,1000.0,15161200.0
707,2021-10-18 06:38:03,10650.0,28400.0,15160200.0
708,2021-10-18 06:38:03,10650.0,100.0,15131800.0
709,2021-10-18 06:38:03,10650.0,1000.0,15131700.0
710,2021-10-18 06:38:03,10650.0,1000.0,15130700.0
711,2021-10-18 06:38:03,10650.0,200.0,15129700.0
712,2021-10-18 06:38:03,10650.0,30000.0,15129500.0
713,2021-10-18 06:38:03,10650.0,100.0,15099500.0
714,2021-10-18 06:38:03,10650.0,18400.0,15099400.0
715,2021-10-18 06:38:03,10650.0,100.0,15081000.0
716,2021-10-18 06:38:03,10650.0,5000.0,15080900.0
717,2021-10-18 06:38:03,10650.0,300.0,15075900.0
718,2021-10-18 06:38:03,10650.0,100.0,15075600.0
719,2021-10-18 06:38:03,10650.0,100.0,15075500.0
720,2021-10-18 06:38:03,10650.0,500.0,15075400.0
721,2021-10-18 06:38:03,10650.0,200.0,15074900.0
722,2021-10-18 06:38:03,10650.0,1000.0,15074700.0
723,2021-10-18 06:38:03,10650.0,200.0,15073700.0
724,2021-10-18 06:38:03,10650.0,151500.0,15073500.0
725,2021-10-18 06:38:03,10700.0,100.0,14922000.0
726,2021-10-18 06:38:03,10700.0,100.0,14921900.0
727,2021-10-18 06:38:03,10700.0,100.0,14921800.0
728,2021-10-18 06:38:03,10700.0,100.0,14921700.0
729,2021-10-18 06:38:03,10700.0,500.0,14921600.0
730,2021-10-18 06:38:03,10700.0,2000.0,14921100.0
731,2021-10-18 06:38:03,10700.0,41600.0,14919100.0
732,2021-10-18 06:38:03,10700.0,100.0,14877500.0
733,2021-10-18 06:38:03,10700.0,500.0,14877400.0
734,2021-10-18 06:38:03,10700.0,100.0,14876900.0
735,2021-10-18 06:38:03,10700.0,100.0,14876800.0
736,2021-10-18 06:38:03,10700.0,25400.0,14876700.0
737,2021-10-18 06:38:03,10700.0,10000.0,14851300.0
738,2021-10-18 06:38:03,10700.0,1000.0,14841300.0
739,2021-10-18 06:38:03,10700.0,1000.0,14840300.0
740,2021-10-18 06:38:03,10700.0,300.0,14839300.0
741,2021-10-18 06:38:03,10700.0,1000.0,14839000.0
742,2021-10-18 06:38:03,10700.0,500.0,14838000.0
743,2021-10-18 06:38:03,10700.0,2000.0,14837500.0
744,2021-10-18 06:38:03,10700.0,1000.0,14835500.0
745,2021-10-18 06:38:03,10700.0,400.0,14834500.0
746,2021-10-18 06:37:57,10700.0,1000.0,14834100.0
747,2021-10-18 06:37:34,10700.0,500.0,14833100.0
748,2021-10-18 06:37:34,10700.0,500.0,14832600.0
749,2021-10-18 06:37:34,10700.0,1000.0,14832100.0
750,2021-10-18 06:37:16,10700.0,500.0,14831100.0
751,2021-10-18 06:37:16,10700.0,5000.0,14830600.0
752,2021-10-18 06:37:16,10700.0,1000.0,14825600.0
753,2021-10-18 06:37:16,10700.0,100.0,14824600.0
754,2021-10-18 06:37:16,10700.0,600.0,14824500.0
755,2021-10-18 06:37:16,10700.0,5400.0,14823900.0
756,2021-10-18 06:37:10,10800.0,1300.0,14818500.0
757,2021-10-18 06:37:07,10700.0,2800.0,14817200.0
758,2021-10-18 06:37:04,10800.0,200.0,14814400.0
759,2021-10-18 06:36:57,10800.0,1000.0,14814200.0
760,2021-10-18 06:36:49,10700.0,1800.0,14813200.0
761,2021-10-18 06:36:49,10700.0,1800.0,14811400.0
762,2021-10-18 06:36:49,10700.0,1200.0,14809600.0
763,2021-10-18 06:36:49,10700.0,2000.0,14808400.0
764,2021-10-18 06:36:49,10700.0,1200.0,14806400.0
765,2021-10-18 06:36:49,10700.0,100.0,14805200.0
766,2021-10-18 06:36:49,10700.0,100.0,14805100.0
767,2021-10-18 06:36:49,10700.0,2000.0,14805000.0
768,2021-10-18 06:36:49,10700.0,100.0,14803000.0
769,2021-10-18 06:36:49,10700.0,25400.0,14802900.0
770,2021-10-18 06:36:49,10700.0,500.0,14777500.0
771,2021-10-18 06:36:49,10700.0,3500.0,14777000.0
772,2021-10-18 06:36:49,10700.0,500.0,14773500.0
773,2021-10-18 06:36:49,10700.0,300.0,14773000.0
774,2021-10-18 06:36:49,10700.0,1000.0,14772700.0
775,2021-10-18 06:36:49,10700.0,100.0,14771700.0
776,2021-10-18 06:36:49,10700.0,18400.0,14771600.0
777,2021-10-18 06:36:49,10750.0,2100.0,14753200.0
778,2021-10-18 06:36:49,10750.0,32500.0,14751100.0
779,2021-10-18 06:36:49,10750.0,5000.0,14718600.0
780,2021-10-18 06:36:49,10750.0,200.0,14713600.0
781,2021-10-18 06:36:49,10750.0,100.0,14713400.0
782,2021-10-18 06:36:49,10750.0,100.0,14713300.0
783,2021-10-18 06:36:48,10800.0,200.0,14713200.0
784,2021-10-18 06:36:46,10800.0,1000.0,14713000.0
785,2021-10-18 06:36:36,10800.0,100.0,14712000.0
786,2021-10-18 06:36:01,10800.0,50000.0,14711900.0
787,2021-10-18 06:36:01,10800.0,100.0,14661900.0
788,2021-10-18 06:36:01,10800.0,300.0,14661800.0
789,2021-10-18 06:36:01,10800.0,500.0,14661500.0
790,2021-10-18 06:36:01,10800.0,900.0,14661000.0
791,2021-10-18 06:36:01,10800.0,400.0,14660100.0
792,2021-10-18 06:36:01,10800.0,3000.0,14659700.0
793,2021-10-18 06:36:01,10800.0,1900.0,14656700.0
794,2021-10-18 06:36:01,10800.0,100.0,14654800.0
795,2021-10-18 06:36:01,10800.0,200.0,14654700.0
796,2021-10-18 06:36:01,10800.0,4700.0,14654500.0
797,2021-10-18 06:36:01,10850.0,1000.0,14649800.0
798,2021-10-18 06:36:01,10850.0,1000.0,14648800.0
799,2021-10-18 06:36:01,10850.0,500.0,14647800.0
800,2021-10-18 06:36:01,10850.0,5000.0,14647300.0
801,2021-10-18 06:36:01,10850.0,7400.0,14642300.0
802,2021-10-18 06:35:44,10850.0,600.0,14634900.0
803,2021-10-18 06:35:41,10850.0,400.0,14634300.0
804,2021-10-18 06:35:41,10850.0,100.0,14633900.0
805,2021-10-18 06:35:25,10850.0,1600.0,14633800.0
806,2021-10-18 06:35:23,10850.0,200.0,14632200.0
807,2021-10-18 06:34:46,10850.0,200.0,14632000.0
808,2021-10-18 06:34:44,10900.0,1000.0,14631800.0
809,2021-10-18 06:34:20,10850.0,900.0,14630800.0
810,2021-10-18 06:34:20,10850.0,100.0,14629900.0
811,2021-10-18 06:33:55,10900.0,100.0,14629800.0
812,2021-10-18 06:33:03,10900.0,200.0,14629700.0
813,2021-10-18 06:32:21,10900.0,100.0,14629500.0
814,2021-10-18 06:32:21,10900.0,10000.0,14629400.0
815,2021-10-18 06:32:21,10900.0,1000.0,14619400.0
816,2021-10-18 06:32:21,10900.0,1000.0,14618400.0
817,2021-10-18 06:32:21,10900.0,100.0,14617400.0
818,2021-10-18 06:32:21,10900.0,800.0,14617300.0
819,2021-10-18 06:32:21,10900.0,1000.0,14616500.0
820,2021-10-18 06:32:21,10900.0,100.0,14615500.0
821,2021-10-18 06:32:21,10900.0,1500.0,14615400.0
822,2021-10-18 06:32:21,10900.0,500.0,14613900.0
823,2021-10-18 06:32:21,10900.0,6300.0,14613400.0
824,2021-10-18 06:32:18,10900.0,1000.0,14607100.0
825,2021-10-18 06:31:36,10900.0,1300.0,14606100.0
826,2021-10-18 06:31:02,10950.0,500.0,14604800.0
827,2021-10-18 06:30:53,10900.0,1000.0,14604300.0
828,2021-10-18 06:30:44,10950.0,100.0,14603300.0
829,2021-10-18 06:30:19,10950.0,200.0,14603200.0
830,2021-10-18 06:29:44,10950.0,800.0,14603000.0
831,2021-10-18 06:29:38,10950.0,1100.0,14602200.0
832,2021-10-18 06:29:35,10950.0,1000.0,14601100.0
833,2021-10-18 06:29:27,10950.0,700.0,14600100.0
834,2021-10-18 06:29:25,10950.0,700.0,14599400.0
835,2021-10-18 06:29:07,10900.0,5000.0,14598700.0
836,2021-10-18 06:29:02,10950.0,4000.0,14593700.0
837,2021-10-18 06:28:50,10950.0,15600.0,14589700.0
838,2021-10-18 06:28:38,11000.0,19500.0,14574100.0
839,2021-10-18 06:28:38,11000.0,500.0,14554600.0
840,2021-10-18 06:28:38,11000.0,2800.0,14554100.0
841,2021-10-18 06:28:38,10950.0,300.0,14551300.0
842,2021-10-18 06:28:38,10950.0,300.0,14551000.0
843,2021-10-18 06:28:38,10950.0,100.0,14550700.0
844,2021-10-18 06:28:38,10950.0,20000.0,14550600.0
845,2021-10-18 06:28:38,10950.0,3000.0,14530600.0
846,2021-10-18 06:28:33,10900.0,200.0,14527600.0
847,2021-10-18 06:28:33,10900.0,2100.0,14527400.0
848,2021-10-18 06:28:33,10900.0,200.0,14525300.0
849,2021-10-18 06:27:08,10950.0,10000.0,14525100.0
850,2021-10-18 06:27:08,10950.0,5000.0,14515100.0
851,2021-10-18 06:27:08,10950.0,1000.0,14510100.0
852,2021-10-18 06:27:08,10950.0,500.0,14509100.0
853,2021-10-18 06:27:08,10950.0,500.0,14508600.0
854,2021-10-18 06:26:54,10950.0,100.0,14508100.0
855,2021-10-18 06:24:32,10950.0,200.0,14508000.0
856,2021-10-18 06:24:32,10950.0,100.0,14507800.0
857,2021-10-18 06:24:13,10950.0,500.0,14507700.0
858,2021-10-18 06:24:08,11000.0,600.0,14507200.0
859,2021-10-18 06:23:41,11000.0,2000.0,14506600.0
860,2021-10-18 06:23:22,11000.0,4600.0,14504600.0
861,2021-10-18 06:23:22,11000.0,10000.0,14500000.0
862,2021-10-18 06:23:22,11000.0,4100.0,14490000.0
863,2021-10-18 06:23:22,11000.0,5000.0,14485900.0
864,2021-10-18 06:23:22,11000.0,800.0,14480900.0
865,2021-10-18 06:23:22,11000.0,500.0,14480100.0
866,2021-10-18 06:23:22,11000.0,25500.0,14479600.0
867,2021-10-18 06:23:22,11000.0,5000.0,14454100.0
868,2021-10-18 06:23:22,11000.0,2400.0,14449100.0
869,2021-10-18 06:23:22,11000.0,6000.0,14446700.0
870,2021-10-18 06:23:22,11000.0,2000.0,14440700.0
871,2021-10-18 06:23:22,11000.0,700.0,14438700.0
872,2021-10-18 06:23:22,11000.0,15000.0,14438000.0
873,2021-10-18 06:23:22,11000.0,1400.0,14423000.0
874,2021-10-18 06:23:22,10950.0,100.0,14421600.0
875,2021-10-18 06:23:22,10950.0,16900.0,14421500.0
876,2021-10-18 06:22:59,10950.0,3100.0,14404600.0
877,2021-10-18 06:22:57,10950.0,2000.0,14401500.0
878,2021-10-18 06:22:50,10950.0,1000.0,14399500.0
879,2021-10-18 06:22:43,10950.0,200.0,14398500.0
880,2021-10-18 06:22:11,10950.0,100.0,14398300.0
881,2021-10-18 06:22:08,10950.0,10000.0,14398200.0
882,2021-10-18 06:22:08,10900.0,3500.0,14388200.0
883,2021-10-18 06:22:08,10850.0,300.0,14384700.0
884,2021-10-18 06:21:51,10900.0,1000.0,14384400.0
885,2021-10-18 06:20:59,10850.0,1600.0,14383400.0
886,2021-10-18 06:20:59,10850.0,300.0,14381800.0
887,2021-10-18 06:20:58,10900.0,1000.0,14381500.0
888,2021-10-18 06:20:20,10900.0,300.0,14380500.0
889,2021-10-18 06:20:10,10900.0,400.0,14380200.0
890,2021-10-18 06:20:03,10900.0,3800.0,14379800.0
891,2021-10-18 06:20:01,10900.0,1000.0,14376000.0
892,2021-10-18 06:19:26,10900.0,200.0,14375000.0
893,2021-10-18 06:19:26,10900.0,100.0,14374800.0
894,2021-10-18 06:19:26,10900.0,1700.0,14374700.0
895,2021-10-18 06:19:00,11000.0,100.0,14373000.0
896,2021-10-18 06:18:59,11000.0,500.0,14372900.0
897,2021-10-18 06:18:59,11000.0,1000.0,14372400.0
898,2021-10-18 06:18:59,11000.0,300.0,14371400.0
899,2021-10-18 06:18:59,11000.0,4000.0,14371100.0
900,2021-10-18 06:18:59,11000.0,500.0,14367100.0
901,2021-10-18 06:18:59,11000.0,3700.0,14366600.0
902,2021-10-18 06:18:37,11000.0,500.0,14362900.0
903,2021-10-18 06:17:44,11000.0,1000.0,14362400.0
904,2021-10-18 06:17:26,10950.0,1000.0,14361400.0
905,2021-10-18 06:16:51,11000.0,200.0,14360400.0
906,2021-10-18 06:16:42,11000.0,4600.0,14360200.0
907,2021-10-18 06:16:42,11000.0,10000.0,14355600.0
908,2021-10-18 06:16:42,11000.0,200.0,14345600.0
909,2021-10-18 06:16:42,11000.0,100.0,14345400.0
910,2021-10-18 06:16:42,11000.0,6000.0,14345300.0
911,2021-10-18 06:16:42,11000.0,1000.0,14339300.0
912,2021-10-18 06:16:42,11000.0,5000.0,14338300.0
913,2021-10-18 06:16:42,11000.0,2100.0,14333300.0
914,2021-10-18 06:16:19,11000.0,100.0,14331200.0
915,2021-10-18 06:16:19,10950.0,500.0,14331100.0
916,2021-10-18 06:16:19,10950.0,400.0,14330600.0
917,2021-10-18 06:16:05,10900.0,500.0,14330200.0
918,2021-10-18 06:16:05,10900.0,500.0,14329700.0
919,2021-10-18 06:16:05,10900.0,400.0,14329200.0
920,2021-10-18 06:16:05,10900.0,900.0,14328800.0
921,2021-10-18 06:15:40,10900.0,100.0,14327900.0
922,2021-10-18 06:15:33,10900.0,100.0,14327800.0
923,2021-10-18 06:15:20,10900.0,500.0,14327700.0
924,2021-10-18 06:15:10,10900.0,100.0,14327200.0
925,2021-10-18 06:15:10,10900.0,400.0,14327100.0
926,2021-10-18 06:15:08,10900.0,1000.0,14326700.0
927,2021-10-18 06:15:07,10900.0,500.0,14325700.0
928,2021-10-18 06:14:47,10900.0,2000.0,14325200.0
929,2021-10-18 06:14:42,10900.0,100.0,14323200.0
930,2021-10-18 06:14:10,11000.0,6900.0,14323100.0
931,2021-10-18 06:14:10,11000.0,1400.0,14316200.0
932,2021-10-18 06:14:10,11000.0,10000.0,14314800.0
933,2021-10-18 06:14:10,11000.0,10000.0,14304800.0
934,2021-10-18 06:14:10,11000.0,5000.0,14294800.0
935,2021-10-18 06:14:10,11000.0,1000.0,14289800.0
936,2021-10-18 06:14:10,11000.0,2000.0,14288800.0
937,2021-10-18 06:14:10,11000.0,500.0,14286800.0
938,2021-10-18 06:14:10,11000.0,10000.0,14286300.0
939,2021-10-18 06:14:10,11000.0,2000.0,14276300.0
940,2021-10-18 06:14:10,11000.0,1400.0,14274300.0
941,2021-10-18 06:14:10,10950.0,10000.0,14272900.0
942,2021-10-18 06:14:10,10950.0,300.0,14262900.0
943,2021-10-18 06:14:10,10950.0,500.0,14262600.0
944,2021-10-18 06:14:10,10950.0,100.0,14262100.0
945,2021-10-18 06:14:10,10950.0,10000.0,14262000.0
946,2021-10-18 06:14:10,10950.0,200.0,14252000.0
947,2021-10-18 06:14:10,10950.0,2000.0,14251800.0
948,2021-10-18 06:14:10,10900.0,5000.0,14249800.0
949,2021-10-18 06:14:10,10900.0,1000.0,14244800.0
950,2021-10-18 06:14:10,10900.0,500.0,14243800.0
951,2021-10-18 06:14:10,10900.0,200.0,14243300.0
952,2021-10-18 06:14:01,10800.0,500.0,14243100.0
953,2021-10-18 06:14:01,10800.0,500.0,14242600.0
954,2021-10-18 06:13:52,10800.0,1000.0,14242100.0
955,2021-10-18 06:13:51,10800.0,1000.0,14241100.0
956,2021-10-18 06:13:51,10800.0,100.0,14240100.0
957,2021-10-18 06:13:51,10800.0,400.0,14240000.0
958,2021-10-18 06:13:37,10800.0,200.0,14239600.0
959,2021-10-18 06:13:26,10800.0,200.0,14239400.0
960,2021-10-18 06:13:26,10800.0,100.0,14239200.0
961,2021-10-18 06:13:19,10800.0,400.0,14239100.0
962,2021-10-18 06:13:16,10800.0,100.0,14238700.0
963,2021-10-18 06:12:44,10800.0,300.0,14238600.0
964,2021-10-18 06:12:04,10800.0,5000.0,14238300.0
965,2021-10-18 06:12:04,10800.0,1500.0,14233300.0
966,2021-10-18 06:12:04,10800.0,500.0,14231800.0
967,2021-10-18 06:12:04,10800.0,500.0,14231300.0
968,2021-10-18 06:12:04,10800.0,1000.0,14230800.0
969,2021-10-18 06:11:56,10950.0,200.0,14229800.0
970,2021-10-18 06:11:37,10950.0,100.0,14229600.0
971,2021-10-18 06:11:27,10950.0,300.0,14229500.0
972,2021-10-18 06:11:27,10950.0,200.0,14229200.0
973,2021-10-18 06:10:53,10950.0,200.0,14229000.0
974,2021-10-18 06:10:28,11000.0,200.0,14228800.0
975,2021-10-18 06:10:10,10800.0,300.0,14228600.0
976,2021-10-18 06:10:10,10800.0,200.0,14228300.0
977,2021-10-18 06:09:53,10800.0,4800.0,14228100.0
978,2021-10-18 06:09:53,10800.0,20200.0,14223300.0
979,2021-10-18 06:08:57,11000.0,400.0,14203100.0
980,2021-10-18 06:08:57,10900.0,100.0,14202700.0
981,2021-10-18 06:08:47,11000.0,3000.0,14202600.0
982,2021-10-18 06:08:47,11000.0,500.0,14199600.0
983,2021-10-18 06:08:47,11000.0,2000.0,14199100.0
984,2021-10-18 06:08:47,11000.0,5000.0,14197100.0
985,2021-10-18 06:08:47,11000.0,10000.0,14192100.0
986,2021-10-18 06:08:47,11000.0,3000.0,14182100.0
987,2021-10-18 06:08:47,11000.0,1000.0,14179100.0
988,2021-10-18 06:08:47,11000.0,500.0,14178100.0
989,2021-10-18 06:08:47,11000.0,1000.0,14177600.0
990,2021-10-18 06:08:47,11000.0,200.0,14176600.0
991,2021-10-18 06:08:47,11000.0,1500.0,14176400.0
992,2021-10-18 06:08:47,11000.0,400.0,14174900.0
993,2021-10-18 06:08:47,11000.0,7000.0,14174500.0
994,2021-10-18 06:08:47,11000.0,500.0,14167500.0
995,2021-10-18 06:08:47,11000.0,600.0,14167000.0
996,2021-10-18 06:08:47,11000.0,100.0,14166400.0
997,2021-10-18 06:08:47,11000.0,100.0,14166300.0
998,2021-10-18 06:08:47,11000.0,100.0,14166200.0
999,2021-10-18 06:08:47,11000.0,10000.0,14166100.0
1000,2021-10-18 06:08:47,11000.0,200.0,14156100.0
1001,2021-10-18 06:08:47,11000.0,200.0,14155900.0
1002,2021-10-18 06:08:47,11000.0,200.0,14155700.0
1003,2021-10-18 06:08:47,11000.0,5000.0,14155500.0
1004,2021-10-18 06:08:47,11000.0,1000.0,14150500.0
1005,2021-10-18 06:08:47,11000.0,1500.0,14149500.0
1006,2021-10-18 06:08:47,11000.0,500.0,14148000.0
1007,2021-10-18 06:08:47,11000.0,5000.0,14147500.0
1008,2021-10-18 06:08:47,11000.0,1000.0,14142500.0
1009,2021-10-18 06:08:47,10950.0,10000.0,14141500.0
1010,2021-10-18 06:08:47,10950.0,200.0,14131500.0
1011,2021-10-18 06:08:47,10950.0,5000.0,14131300.0
1012,2021-10-18 06:08:47,10950.0,3700.0,14126300.0
1013,2021-10-18 06:08:32,10900.0,500.0,14122600.0
1014,2021-10-18 06:08:31,10900.0,100.0,14122100.0
1015,2021-10-18 06:08:31,10850.0,3000.0,14122000.0
1016,2021-10-18 06:08:04,10800.0,1000.0,14119000.0
1017,2021-10-18 06:07:59,10950.0,6300.0,14118000.0
1018,2021-10-18 06:07:59,10950.0,2000.0,14111700.0
1019,2021-10-18 06:07:59,10950.0,100.0,14109700.0
1020,2021-10-18 06:07:59,10950.0,100.0,14109600.0
1021,2021-10-18 06:07:59,10950.0,5400.0,14109500.0
1022,2021-10-18 06:07:59,10950.0,5000.0,14104100.0
1023,2021-10-18 06:07:59,10950.0,10000.0,14099100.0
1024,2021-10-18 06:07:59,10950.0,500.0,14089100.0
1025,2021-10-18 06:07:59,10950.0,8400.0,14088600.0
1026,2021-10-18 06:07:59,10900.0,1000.0,14080200.0
1027,2021-10-18 06:07:59,10900.0,5000.0,14079200.0
1028,2021-10-18 06:07:59,10900.0,5000.0,14074200.0
1029,2021-10-18 06:07:59,10900.0,10000.0,14069200.0
1030,2021-10-18 06:07:59,10900.0,100.0,14059200.0
1031,2021-10-18 06:07:59,10900.0,1500.0,14059100.0
1032,2021-10-18 06:07:59,10900.0,600.0,14057600.0
1033,2021-10-18 06:07:59,10900.0,5000.0,14057000.0
1034,2021-10-18 06:07:59,10900.0,2000.0,14052000.0
1035,2021-10-18 06:07:59,10900.0,500.0,14050000.0
1036,2021-10-18 06:07:59,10900.0,100.0,14049500.0
1037,2021-10-18 06:07:59,10900.0,1400.0,14049400.0
1038,2021-10-18 06:07:41,10900.0,1600.0,14048000.0
1039,2021-10-18 06:07:41,10900.0,1000.0,14046400.0
1040,2021-10-18 06:07:41,10900.0,200.0,14045400.0
1041,2021-10-18 06:07:24,10900.0,19800.0,14045200.0
1042,2021-10-18 06:07:24,10900.0,10000.0,14025400.0
1043,2021-10-18 06:07:24,10900.0,2100.0,14015400.0
1044,2021-10-18 06:07:24,10900.0,1000.0,14013300.0
1045,2021-10-18 06:07:24,10900.0,500.0,14012300.0
1046,2021-10-18 06:07:24,10850.0,10000.0,14011800.0
1047,2021-10-18 06:07:24,10850.0,500.0,14001800.0
1048,2021-10-18 06:07:24,10850.0,4400.0,14001300.0
1049,2021-10-18 06:07:01,10850.0,5600.0,13996900.0
1050,2021-10-18 06:07:01,10850.0,400.0,13991300.0
1051,2021-10-18 06:06:49,10800.0,500.0,13990900.0
1052,2021-10-18 06:06:49,10800.0,500.0,13990400.0
1053,2021-10-18 06:06:49,10800.0,1000.0,13989900.0
1054,2021-10-18 06:06:49,10800.0,1000.0,13988900.0
1055,2021-10-18 06:06:49,10800.0,1200.0,13987900.0
1056,2021-10-18 06:05:36,10700.0,200.0,13986700.0
1057,2021-10-18 06:05:35,10800.0,100.0,13986500.0
1058,2021-10-18 06:05:20,10700.0,800.0,13986400.0
1059,2021-10-18 06:05:20,10700.0,700.0,13985600.0
1060,2021-10-18 06:05:10,10650.0,54600.0,13984900.0
1061,2021-10-18 06:05:09,10700.0,300.0,13930300.0
1062,2021-10-18 06:04:59,10700.0,200.0,13930000.0
1063,2021-10-18 06:04:28,10650.0,600.0,13929800.0
1064,2021-10-18 06:04:28,10700.0,200.0,13929200.0
1065,2021-10-18 06:04:27,10700.0,100.0,13929000.0
1066,2021-10-18 06:04:15,10700.0,700.0,13928900.0
1067,2021-10-18 06:03:58,10650.0,93300.0,13928200.0
1068,2021-10-18 06:03:58,10650.0,100.0,13834900.0
1069,2021-10-18 06:03:58,10650.0,1000.0,13834800.0
1070,2021-10-18 06:03:58,10650.0,100.0,13833800.0
1071,2021-10-18 06:03:58,10650.0,500.0,13833700.0
1072,2021-10-18 06:03:58,10650.0,200.0,13833200.0
1073,2021-10-18 06:03:58,10650.0,100.0,13833000.0
1074,2021-10-18 06:03:58,10650.0,1100.0,13832900.0
1075,2021-10-18 06:03:58,10650.0,26400.0,13831800.0
1076,2021-10-18 06:03:58,10650.0,10000.0,13805400.0
1077,2021-10-18 06:03:58,10650.0,1000.0,13795400.0
1078,2021-10-18 06:03:58,10650.0,200.0,13794400.0
1079,2021-10-18 06:03:58,10650.0,500.0,13794200.0
1080,2021-10-18 06:03:58,10650.0,41800.0,13793700.0
1081,2021-10-18 06:03:58,10650.0,100.0,13751900.0
1082,2021-10-18 06:03:58,10650.0,1000.0,13751800.0
1083,2021-10-18 06:03:58,10650.0,300.0,13750800.0
1084,2021-10-18 06:03:58,10650.0,300.0,13750500.0
1085,2021-10-18 06:03:58,10650.0,500.0,13750200.0
1086,2021-10-18 06:03:58,10650.0,100.0,13749700.0
1087,2021-10-18 06:03:58,10650.0,7500.0,13749600.0
1088,2021-10-18 06:03:58,10700.0,2000.0,13742100.0
1089,2021-10-18 06:03:58,10700.0,6900.0,13740100.0
1090,2021-10-18 06:03:58,10700.0,5000.0,13733200.0
1091,2021-10-18 06:03:32,10650.0,9000.0,13728200.0
1092,2021-10-18 06:03:32,10650.0,700.0,13719200.0
1093,2021-10-18 06:03:32,10650.0,200.0,13718500.0
1094,2021-10-18 06:03:32,10650.0,41500.0,13718300.0
1095,2021-10-18 06:03:32,10700.0,800.0,13676800.0
1096,2021-10-18 06:03:32,10700.0,25400.0,13676000.0
1097,2021-10-18 06:03:01,10700.0,1000.0,13650600.0
1098,2021-10-18 06:02:31,10650.0,1100.0,13649600.0
1099,2021-10-18 06:02:31,10650.0,307400.0,13648500.0
1100,2021-10-18 06:02:30,10650.0,200.0,13341100.0
1101,2021-10-18 06:02:26,10650.0,300.0,13340900.0
1102,2021-10-18 06:02:24,10650.0,500.0,13340600.0
1103,2021-10-18 06:02:21,10650.0,68400.0,13340100.0
1104,2021-10-18 06:02:21,10650.0,2000.0,13271700.0
1105,2021-10-18 06:02:21,10650.0,500.0,13269700.0
1106,2021-10-18 06:02:21,10650.0,3000.0,13269200.0
1107,2021-10-18 06:02:21,10650.0,1000.0,13266200.0
1108,2021-10-18 06:02:21,10650.0,200.0,13265200.0
1109,2021-10-18 06:02:21,10650.0,38400.0,13265000.0
1110,2021-10-18 06:02:21,10650.0,100.0,13226600.0
1111,2021-10-18 06:02:21,10650.0,100.0,13226500.0
1112,2021-10-18 06:02:21,10650.0,10000.0,13226400.0
1113,2021-10-18 06:02:21,10650.0,1000.0,13216400.0
1114,2021-10-18 06:02:21,10650.0,300.0,13215400.0
1115,2021-10-18 06:02:21,10650.0,1500.0,13215100.0
1116,2021-10-18 06:02:21,10650.0,5800.0,13213600.0
1117,2021-10-18 06:02:21,10650.0,1000.0,13207800.0
1118,2021-10-18 06:02:21,10650.0,200.0,13206800.0
1119,2021-10-18 06:02:21,10650.0,4000.0,13206600.0
1120,2021-10-18 06:02:21,10650.0,500.0,13202600.0
1121,2021-10-18 06:02:21,10650.0,500.0,13202100.0
1122,2021-10-18 06:02:21,10650.0,100.0,13201600.0
1123,2021-10-18 06:02:21,10650.0,100.0,13201500.0
1124,2021-10-18 06:02:21,10650.0,2900.0,13201400.0
1125,2021-10-18 06:02:21,10650.0,200.0,13198500.0
1126,2021-10-18 06:02:21,10650.0,1000.0,13198300.0
1127,2021-10-18 06:02:21,10650.0,100.0,13197300.0
1128,2021-10-18 06:02:21,10650.0,200.0,13197200.0
1129,2021-10-18 06:02:21,10650.0,1000.0,13197000.0
1130,2021-10-18 06:02:21,10650.0,500.0,13196000.0
1131,2021-10-18 06:02:21,10650.0,1000.0,13195500.0
1132,2021-10-18 06:02:21,10650.0,300.0,13194500.0
1133,2021-10-18 06:02:21,10650.0,5000.0,13194200.0
1134,2021-10-18 06:02:21,10650.0,40700.0,13189200.0
1135,2021-10-18 06:01:51,10650.0,12300.0,13148500.0
1136,2021-10-18 06:01:51,10650.0,45000.0,13136200.0
1137,2021-10-18 06:01:51,10650.0,400.0,13091200.0
1138,2021-10-18 06:01:51,10650.0,100.0,13090800.0
1139,2021-10-18 06:01:51,10650.0,3000.0,13090700.0
1140,2021-10-18 06:01:51,10650.0,2800.0,13087700.0
1141,2021-10-18 06:01:51,10650.0,500.0,13084900.0
1142,2021-10-18 06:01:51,10650.0,1000.0,13084400.0
1143,2021-10-18 06:01:51,10650.0,10000.0,13083400.0
1144,2021-10-18 06:01:51,10650.0,2000.0,13073400.0
1145,2021-10-18 06:01:51,10650.0,100.0,13071400.0
1146,2021-10-18 06:01:51,10650.0,100.0,13071300.0
1147,2021-10-18 06:01:51,10650.0,200.0,13071200.0
1148,2021-10-18 06:01:51,10650.0,100.0,13071000.0
1149,2021-10-18 06:01:51,10650.0,100.0,13070900.0
1150,2021-10-18 06:01:51,10650.0,200.0,13070800.0
1151,2021-10-18 06:01:51,10650.0,600.0,13070600.0
1152,2021-10-18 06:01:51,10650.0,200.0,13070000.0
1153,2021-10-18 06:01:51,10650.0,400.0,13069800.0
1154,2021-10-18 06:01:51,10650.0,600.0,13069400.0
1155,2021-10-18 06:01:51,10650.0,1000.0,13068800.0
1156,2021-10-18 06:01:51,10650.0,2000.0,13067800.0
1157,2021-10-18 06:01:51,10650.0,200.0,13065800.0
1158,2021-10-18 06:01:51,10650.0,9000.0,13065600.0
1159,2021-10-18 06:01:51,10650.0,2000.0,13056600.0
1160,2021-10-18 06:01:51,10650.0,500.0,13054600.0
1161,2021-10-18 06:01:51,10650.0,9000.0,13054100.0
1162,2021-10-18 06:01:51,10650.0,3000.0,13045100.0
1163,2021-10-18 06:01:51,10650.0,1000.0,13042100.0
1164,2021-10-18 06:01:51,10650.0,1000.0,13041100.0
1165,2021-10-18 06:01:51,10650.0,100.0,13040100.0
1166,2021-10-18 06:01:51,10650.0,5000.0,13040000.0
1167,2021-10-18 06:01:51,10650.0,500.0,13035000.0
1168,2021-10-18 06:01:51,10650.0,1000.0,13034500.0
1169,2021-10-18 06:01:51,10650.0,600.0,13033500.0
1170,2021-10-18 06:01:51,10650.0,1000.0,13032900.0
1171,2021-10-18 06:01:51,10650.0,5000.0,13031900.0
1172,2021-10-18 06:01:51,10650.0,14000.0,13026900.0
1173,2021-10-18 06:01:51,10650.0,200.0,13012900.0
1174,2021-10-18 06:01:51,10650.0,2000.0,13012700.0
1175,2021-10-18 06:01:51,10650.0,1000.0,13010700.0
1176,2021-10-18 06:01:51,10650.0,1000.0,13009700.0
1177,2021-10-18 06:01:51,10650.0,8000.0,13008700.0
1178,2021-10-18 06:01:51,10650.0,300.0,13000700.0
1179,2021-10-18 06:01:51,10650.0,500.0,13000400.0
1180,2021-10-18 06:01:51,10650.0,50400.0,12999900.0
1181,2021-10-18 06:01:51,10750.0,1000.0,12949500.0
1182,2021-10-18 06:01:37,10650.0,76000.0,12948500.0
1183,2021-10-18 06:01:37,10650.0,4000.0,12872500.0
1184,2021-10-18 06:01:37,10650.0,100.0,12868500.0
1185,2021-10-18 06:01:37,10650.0,500.0,12868400.0
1186,2021-10-18 06:01:37,10650.0,1100.0,12867900.0
1187,2021-10-18 06:01:37,10650.0,3000.0,12866800.0
1188,2021-10-18 06:01:37,10650.0,1400.0,12863800.0
1189,2021-10-18 06:01:37,10650.0,100.0,12862400.0
1190,2021-10-18 06:01:37,10650.0,500.0,12862300.0
1191,2021-10-18 06:01:37,10650.0,1800.0,12861800.0
1192,2021-10-18 06:01:37,10650.0,500.0,12860000.0
1193,2021-10-18 06:01:37,10650.0,700.0,12859500.0
1194,2021-10-18 06:01:37,10650.0,800.0,12858800.0
1195,2021-10-18 06:01:37,10650.0,2400.0,12858000.0
1196,2021-10-18 06:01:37,10650.0,300.0,12855600.0
1197,2021-10-18 06:01:37,10650.0,300.0,12855300.0
1198,2021-10-18 06:01:37,10650.0,3000.0,12855000.0
1199,2021-10-18 06:01:37,10650.0,5000.0,12852000.0
1200,2021-10-18 06:01:37,10650.0,1000.0,12847000.0
1201,2021-10-18 06:01:37,10650.0,500.0,12846000.0
1202,2021-10-18 06:01:37,10650.0,18000.0,12845500.0
1203,2021-10-18 06:01:37,10650.0,10000.0,12827500.0
1204,2021-10-18 06:01:37,10650.0,300.0,12817500.0
1205,2021-10-18 06:01:37,10650.0,1000.0,12817200.0
1206,2021-10-18 06:01:37,10650.0,200.0,12816200.0
1207,2021-10-18 06:01:37,10650.0,500.0,12816000.0
1208,2021-10-18 06:01:37,10650.0,500.0,12815500.0
1209,2021-10-18 06:01:37,10650.0,300.0,12815000.0
1210,2021-10-18 06:01:37,10650.0,500.0,12814700.0
1211,2021-10-18 06:01:37,10650.0,200.0,12814200.0
1212,2021-10-18 06:01:37,10650.0,500.0,12814000.0
1213,2021-10-18 06:01:37,10650.0,27500.0,12813500.0
1214,2021-10-18 06:01:37,10650.0,300.0,12786000.0
1215,2021-10-18 06:01:37,10650.0,10000.0,12785700.0
1216,2021-10-18 06:01:37,10650.0,500.0,12775700.0
1217,2021-10-18 06:01:37,10650.0,200.0,12775200.0
1218,2021-10-18 06:01:37,10650.0,1000.0,12775000.0
1219,2021-10-18 06:01:37,10650.0,1700.0,12774000.0
1220,2021-10-18 06:01:37,10650.0,500.0,12772300.0
1221,2021-10-18 06:01:37,10650.0,200.0,12771800.0
1222,2021-10-18 06:01:37,10650.0,1000.0,12771600.0
1223,2021-10-18 06:01:37,10650.0,200.0,12770600.0
1224,2021-10-18 06:01:37,10650.0,100.0,12770400.0
1225,2021-10-18 06:01:37,10650.0,500.0,12770300.0
1226,2021-10-18 06:01:37,10650.0,3000.0,12769800.0
1227,2021-10-18 06:01:37,10650.0,11100.0,12766800.0
1228,2021-10-18 06:01:37,10650.0,200.0,12755700.0
1229,2021-10-18 06:01:37,10650.0,69400.0,12755500.0
1230,2021-10-18 06:01:37,10650.0,1000.0,12686100.0
1231,2021-10-18 06:01:37,10650.0,500.0,12685100.0
1232,2021-10-18 06:01:37,10650.0,2000.0,12684600.0
1233,2021-10-18 06:01:37,10650.0,300.0,12682600.0
1234,2021-10-18 06:01:37,10650.0,10000.0,12682300.0
1235,2021-10-18 06:01:37,10650.0,1800.0,12672300.0
1236,2021-10-18 06:01:37,10650.0,100.0,12670500.0
1237,2021-10-18 06:01:37,10650.0,11000.0,12670400.0
1238,2021-10-18 06:01:37,10650.0,400.0,12659400.0
1239,2021-10-18 06:01:37,10650.0,100.0,12659000.0
1240,2021-10-18 06:01:37,10650.0,300.0,12658900.0
1241,2021-10-18 06:01:37,10650.0,2000.0,12658600.0
1242,2021-10-18 06:01:37,10650.0,2000.0,12656600.0
1243,2021-10-18 06:01:37,10650.0,10000.0,12654600.0
1244,2021-10-18 06:01:37,10650.0,100.0,12644600.0
1245,2021-10-18 06:01:37,10650.0,800.0,12644500.0
1246,2021-10-18 06:01:37,10650.0,100.0,12643700.0
1247,2021-10-18 06:01:37,10650.0,100.0,12643600.0
1248,2021-10-18 06:01:37,10650.0,1000.0,12643500.0
1249,2021-10-18 06:01:37,10650.0,500.0,12642500.0
1250,2021-10-18 06:01:37,10650.0,2300.0,12642000.0
1251,2021-10-18 06:01:37,10650.0,2000.0,12639700.0
1252,2021-10-18 06:01:37,10650.0,100.0,12637700.0
1253,2021-10-18 06:01:37,10650.0,3000.0,12637600.0
1254,2021-10-18 06:01:37,10650.0,500.0,12634600.0
1255,2021-10-18 06:01:37,10650.0,100.0,12634100.0
1256,2021-10-18 06:01:37,10700.0,1000.0,12634000.0
1257,2021-10-18 06:01:37,10700.0,10000.0,12633000.0
1258,2021-10-18 06:01:37,10700.0,100.0,12623000.0
1259,2021-10-18 06:01:37,10700.0,7000.0,12622900.0
1260,2021-10-18 06:01:37,10700.0,10000.0,12615900.0
1261,2021-10-18 06:01:37,10700.0,500.0,12605900.0
1262,2021-10-18 06:01:37,10700.0,46800.0,12605400.0
1263,2021-10-18 06:01:37,10700.0,500.0,12558600.0
1264,2021-10-18 06:01:37,10700.0,2900.0,12558100.0
1265,2021-10-18 06:01:37,10700.0,100.0,12555200.0
1266,2021-10-18 06:01:37,10700.0,3000.0,12555100.0
1267,2021-10-18 06:01:37,10700.0,100.0,12552100.0
1268,2021-10-18 06:01:37,10700.0,500.0,12552000.0
1269,2021-10-18 06:01:37,10700.0,100.0,12551500.0
1270,2021-10-18 06:01:37,10700.0,2000.0,12551400.0
1271,2021-10-18 06:01:37,10700.0,100.0,12549400.0
1272,2021-10-18 06:01:37,10700.0,300.0,12549300.0
1273,2021-10-18 06:01:37,10700.0,2000.0,12549000.0
1274,2021-10-18 06:01:37,10700.0,50000.0,12547000.0
1275,2021-10-18 06:01:37,10700.0,500.0,12497000.0
1276,2021-10-18 06:01:37,10700.0,2000.0,12496500.0
1277,2021-10-18 06:01:37,10700.0,5000.0,12494500.0
1278,2021-10-18 06:01:37,10700.0,30000.0,12489500.0
1279,2021-10-18 06:01:37,10750.0,500.0,12459500.0
1280,2021-10-18 06:01:37,10750.0,300.0,12459000.0
1281,2021-10-18 06:01:37,10750.0,2300.0,12458700.0
1282,2021-10-18 06:01:37,10750.0,1900.0,12456400.0
1283,2021-10-18 06:01:37,10750.0,1000.0,12454500.0
1284,2021-10-18 06:01:37,10750.0,5000.0,12453500.0
1285,2021-10-18 06:01:30,10750.0,400.0,12448500.0
1286,2021-10-18 06:01:12,10800.0,500.0,12448100.0
1287,2021-10-18 06:01:06,10750.0,4600.0,12447600.0
1288,2021-10-18 06:01:06,10750.0,100.0,12443000.0
1289,2021-10-18 06:01:06,10750.0,100.0,12442900.0
1290,2021-10-18 06:01:06,10750.0,100.0,12442800.0
1291,2021-10-18 06:01:06,10750.0,100.0,12442700.0
1292,2021-10-18 06:00:26,10750.0,400.0,12442600.0
1293,2021-10-18 06:00:26,10750.0,100.0,12442200.0
1294,2021-10-18 06:00:22,10750.0,600.0,12442100.0
1295,2021-10-18 06:00:22,10750.0,400.0,12441500.0
1296,2021-10-18 06:00:22,10750.0,1900.0,12441100.0
1297,2021-10-18 06:00:21,10800.0,1000.0,12439200.0
1298,2021-10-18 06:00:20,10800.0,2000.0,12438200.0
1299,2021-10-18 06:00:19,10750.0,8100.0,12436200.0
1300,2021-10-18 06:00:19,10750.0,500.0,12428100.0
1301,2021-10-18 06:00:19,10750.0,1400.0,12427600.0
1302,2021-10-18 06:00:19,10800.0,100.0,12426200.0
1303,2021-10-18 06:00:15,10800.0,100.0,12426100.0
1304,2021-10-18 06:00:14,10800.0,200.0,12426000.0
1305,2021-10-18 06:00:14,10800.0,100.0,12425800.0
1306,2021-10-18 06:00:14,10800.0,2700.0,12425700.0
1307,2021-10-18 06:00:09,10800.0,200.0,12423000.0
1308,2021-10-18 06:00:09,10850.0,200.0,12422800.0
1309,2021-10-18 06:00:05,10850.0,500.0,12422600.0
1310,2021-10-18 06:00:05,10850.0,10000.0,12422100.0
1311,2021-10-18 06:00:05,10850.0,7000.0,12412100.0
1312,2021-10-18 06:00:05,10850.0,500.0,12405100.0
1313,2021-10-18 06:00:05,10850.0,100.0,12404600.0
1314,2021-10-18 06:00:05,10850.0,5000.0,12404500.0
1315,2021-10-18 06:00:05,10850.0,5000.0,12399500.0
1316,2021-10-18 06:00:05,10850.0,500.0,12394500.0
1317,2021-10-18 06:00:05,10850.0,100.0,12394000.0
1318,2021-10-18 06:00:05,10800.0,100.0,12393900.0
1319,2021-10-18 06:00:05,10800.0,400.0,12393800.0
1320,2021-10-18 06:00:05,10800.0,100.0,12393400.0
1321,2021-10-18 06:00:05,10800.0,500.0,12393300.0
1322,2021-10-18 06:00:05,10800.0,100.0,12392800.0
1323,2021-10-18 06:00:05,10800.0,2000.0,12392700.0
1324,2021-10-18 06:00:05,10800.0,500.0,12390700.0
1325,2021-10-18 06:00:05,10800.0,1000.0,12390200.0
1326,2021-10-18 06:00:05,10800.0,2400.0,12389200.0
1327,2021-10-18 06:00:04,10750.0,3600.0,12386800.0
1328,2021-10-18 06:00:04,10750.0,5000.0,12383200.0
1329,2021-10-18 06:00:04,10750.0,1400.0,12378200.0
1330,2021-10-18 06:00:03,10800.0,100.0,12376800.0
1331,2021-10-18 06:00:02,10800.0,100.0,12376700.0
1332,2021-10-18 06:00:02,10800.0,2400.0,12376600.0
1333,2021-10-18 06:00:02,10800.0,2600.0,12374200.0
1334,2021-10-18 06:00:02,10800.0,1000.0,12371600.0
1335,2021-10-18 06:00:02,10800.0,400.0,12370600.0
1336,2021-10-18 06:00:02,10800.0,100.0,12370200.0
1337,2021-10-18 06:00:01,10800.0,100.0,12370100.0
1338,2021-10-18 06:00:01,10800.0,100.0,12370000.0
1339,2021-10-18 06:00:01,10800.0,800.0,12369900.0
1340,2021-10-18 06:00:01,10800.0,2200.0,12369100.0
1341,2021-10-18 06:00:01,10750.0,600.0,12366900.0
1342,2021-10-18 06:00:00,10800.0,300.0,12366300.0
1343,2021-10-18 06:00:00,10800.0,200.0,12366000.0
1344,2021-10-18 04:29:51,10800.0,100.0,12365800.0
1345,2021-10-18 04:29:31,10750.0,100.0,12365700.0
1346,2021-10-18 04:29:31,10750.0,2900.0,12365600.0
1347,2021-10-18 04:29:19,10750.0,1700.0,12362700.0
1348,2021-10-18 04:29:17,10750.0,300.0,12361000.0
1349,2021-10-18 04:29:13,10750.0,100.0,12360700.0
1350,2021-10-18 04:29:13,10750.0,20000.0,12360600.0
1351,2021-10-18 04:29:13,10750.0,10000.0,12340600.0
1352,2021-10-18 04:29:13,10750.0,8900.0,12330600.0
1353,2021-10-18 04:28:44,10750.0,2000.0,12321700.0
1354,2021-10-18 04:28:32,10750.0,9100.0,12319700.0
1355,2021-10-18 04:28:32,10750.0,900.0,12310600.0
1356,2021-10-18 04:28:13,10700.0,1000.0,12309700.0
1357,2021-10-18 04:28:10,10750.0,100.0,12308700.0
1358,2021-10-18 04:28:05,10700.0,9500.0,12308600.0
1359,2021-10-18 04:27:53,10700.0,700.0,12299100.0
1360,2021-10-18 04:27:53,10750.0,3000.0,12298400.0
1361,2021-10-18 04:27:53,10750.0,10000.0,12295400.0
1362,2021-10-18 04:27:53,10750.0,30000.0,12285400.0
1363,2021-10-18 04:27:53,10750.0,1000.0,12255400.0
1364,2021-10-18 04:27:53,10750.0,300.0,12254400.0
1365,2021-10-18 04:27:53,10750.0,1000.0,12254100.0
1366,2021-10-18 04:27:53,10750.0,4700.0,12253100.0
1367,2021-10-18 04:27:19,10750.0,100.0,12248400.0
1368,2021-10-18 04:27:11,10750.0,7000.0,12248300.0
1369,2021-10-18 04:26:41,10750.0,1100.0,12241300.0
1370,2021-10-18 04:26:41,10750.0,17100.0,12240200.0
1371,2021-10-18 04:26:30,10750.0,500.0,12223100.0
1372,2021-10-18 04:26:25,10750.0,2000.0,12222600.0
1373,2021-10-18 04:26:25,10750.0,10000.0,12220600.0
1374,2021-10-18 04:26:25,10750.0,20000.0,12210600.0
1375,2021-10-18 04:26:25,10750.0,400.0,12190600.0
1376,2021-10-18 04:26:14,10700.0,400.0,12190200.0
1377,2021-10-18 04:26:08,10700.0,200.0,12189800.0
1378,2021-10-18 04:26:05,10700.0,1400.0,12189600.0
1379,2021-10-18 04:26:01,10700.0,200.0,12188200.0
1380,2021-10-18 04:26:01,10700.0,4800.0,12188000.0
1381,2021-10-18 04:25:58,10700.0,10000.0,12183200.0
1382,2021-10-18 04:25:31,10750.0,100.0,12173200.0
1383,2021-10-18 04:25:18,10750.0,1000.0,12173100.0
1384,2021-10-18 04:25:15,10750.0,1000.0,12172100.0
1385,2021-10-18 04:25:15,10750.0,1200.0,12171100.0
1386,2021-10-18 04:25:15,10750.0,3300.0,12169900.0
1387,2021-10-18 04:25:13,10800.0,300.0,12166600.0
1388,2021-10-18 04:25:03,10750.0,49700.0,12166300.0
1389,2021-10-18 04:24:57,10750.0,1000.0,12116600.0
1390,2021-10-18 04:24:57,10750.0,2000.0,12115600.0
1391,2021-10-18 04:24:52,10800.0,2000.0,12113600.0
1392,2021-10-18 04:24:33,10750.0,1000.0,12111600.0
1393,2021-10-18 04:24:30,10750.0,500.0,12110600.0
1394,2021-10-18 04:24:10,10750.0,15000.0,12110100.0
1395,2021-10-18 04:24:10,10750.0,900.0,12095100.0
1396,2021-10-18 04:24:10,10650.0,147200.0,12094200.0
1397,2021-10-18 04:24:08,10650.0,100.0,11947000.0
1398,2021-10-18 04:24:08,10650.0,1000.0,11946900.0
1399,2021-10-18 04:24:08,10650.0,100.0,11945900.0
1400,2021-10-18 04:24:05,10650.0,300.0,11945800.0
1401,2021-10-18 04:24:01,10650.0,2000.0,11945500.0
1402,2021-10-18 04:23:59,10650.0,2000.0,11943500.0
1403,2021-10-18 04:23:59,10650.0,1000.0,11941500.0
1404,2021-10-18 04:23:59,10650.0,10000.0,11940500.0
1405,2021-10-18 04:23:58,10650.0,4700.0,11930500.0
1406,2021-10-18 04:23:52,10650.0,500.0,11925800.0
1407,2021-10-18 04:23:50,10650.0,3000.0,11925300.0
1408,2021-10-18 04:23:48,10650.0,4000.0,11922300.0
1409,2021-10-18 04:23:46,10650.0,1500.0,11918300.0
1410,2021-10-18 04:23:37,10650.0,10000.0,11916800.0
1411,2021-10-18 04:23:35,10650.0,3000.0,11906800.0
1412,2021-10-18 04:23:35,10650.0,1000.0,11903800.0
1413,2021-10-18 04:23:35,10650.0,500.0,11902800.0
1414,2021-10-18 04:23:35,10650.0,11600.0,11902300.0
1415,2021-10-18 04:23:35,10650.0,10000.0,11890700.0
1416,2021-10-18 04:23:35,10650.0,1000.0,11880700.0
1417,2021-10-18 04:23:35,10650.0,200.0,11879700.0
1418,2021-10-18 04:23:35,10650.0,10000.0,11879500.0
1419,2021-10-18 04:23:35,10650.0,300.0,11869500.0
1420,2021-10-18 04:23:35,10650.0,500.0,11869200.0
1421,2021-10-18 04:23:35,10650.0,200.0,11868700.0
1422,2021-10-18 04:23:35,10650.0,500.0,11868500.0
1423,2021-10-18 04:23:35,10650.0,900.0,11868000.0
1424,2021-10-18 04:23:35,10650.0,100000.0,11867100.0
1425,2021-10-18 04:23:35,10650.0,1000.0,11767100.0
1426,2021-10-18 04:23:35,10650.0,2600.0,11766100.0
1427,2021-10-18 04:23:35,10650.0,2000.0,11763500.0
1428,2021-10-18 04:23:35,10650.0,100.0,11761500.0
1429,2021-10-18 04:23:35,10650.0,5000.0,11761400.0
1430,2021-10-18 04:23:35,10650.0,300.0,11756400.0
1431,2021-10-18 04:23:35,10650.0,500.0,11756100.0
1432,2021-10-18 04:23:35,10650.0,200.0,11755600.0
1433,2021-10-18 04:23:35,10650.0,100.0,11755400.0
1434,2021-10-18 04:23:35,10650.0,2000.0,11755300.0
1435,2021-10-18 04:23:35,10650.0,500.0,11753300.0
1436,2021-10-18 04:23:35,10650.0,10000.0,11752800.0
1437,2021-10-18 04:23:35,10650.0,2000.0,11742800.0
1438,2021-10-18 04:23:35,10650.0,1500.0,11740800.0
1439,2021-10-18 04:23:35,10650.0,1000.0,11739300.0
1440,2021-10-18 04:23:35,10650.0,100.0,11738300.0
1441,2021-10-18 04:23:35,10650.0,600.0,11738200.0
1442,2021-10-18 04:23:35,10650.0,5000.0,11737600.0
1443,2021-10-18 04:23:35,10650.0,2000.0,11732600.0
1444,2021-10-18 04:23:35,10650.0,300.0,11730600.0
1445,2021-10-18 04:23:35,10650.0,1000.0,11730300.0
1446,2021-10-18 04:23:35,10650.0,3000.0,11729300.0
1447,2021-10-18 04:23:35,10650.0,10000.0,11726300.0
1448,2021-10-18 04:23:35,10650.0,2000.0,11716300.0
1449,2021-10-18 04:23:35,10650.0,100.0,11714300.0
1450,2021-10-18 04:23:35,10650.0,1000.0,11714200.0
1451,2021-10-18 04:23:35,10650.0,1000.0,11713200.0
1452,2021-10-18 04:23:35,10650.0,100.0,11712200.0
1453,2021-10-18 04:23:35,10650.0,20000.0,11712100.0
1454,2021-10-18 04:23:35,10650.0,20000.0,11692100.0
1455,2021-10-18 04:23:35,10650.0,200.0,11672100.0
1456,2021-10-18 04:23:35,10650.0,3000.0,11671900.0
1457,2021-10-18 04:23:35,10650.0,400.0,11668900.0
1458,2021-10-18 04:23:35,10650.0,3000.0,11668500.0
1459,2021-10-18 04:23:35,10650.0,200.0,11665500.0
1460,2021-10-18 04:23:35,10650.0,100.0,11665300.0
1461,2021-10-18 04:23:35,10650.0,2000.0,11665200.0
1462,2021-10-18 04:23:35,10650.0,200.0,11663200.0
1463,2021-10-18 04:23:35,10650.0,500.0,11663000.0
1464,2021-10-18 04:23:35,10650.0,700.0,11662500.0
1465,2021-10-18 04:23:35,10650.0,5000.0,11661800.0
1466,2021-10-18 04:23:35,10650.0,1000.0,11656800.0
1467,2021-10-18 04:23:35,10650.0,100.0,11655800.0
1468,2021-10-18 04:23:35,10650.0,2400.0,11655700.0
1469,2021-10-18 04:23:35,10650.0,2000.0,11653300.0
1470,2021-10-18 04:23:35,10650.0,2000.0,11651300.0
1471,2021-10-18 04:23:35,10650.0,100.0,11649300.0
1472,2021-10-18 04:23:35,10650.0,1900.0,11649200.0
1473,2021-10-18 04:23:35,10650.0,100.0,11647300.0
1474,2021-10-18 04:23:35,10650.0,1000.0,11647200.0
1475,2021-10-18 04:23:35,10650.0,1800.0,11646200.0
1476,2021-10-18 04:23:35,10650.0,400.0,11644400.0
1477,2021-10-18 04:23:35,10650.0,5000.0,11644000.0
1478,2021-10-18 04:23:35,10650.0,5000.0,11639000.0
1479,2021-10-18 04:23:35,10650.0,900.0,11634000.0
1480,2021-10-18 04:23:35,10650.0,400.0,11633100.0
1481,2021-10-18 04:23:35,10650.0,100.0,11632700.0
1482,2021-10-18 04:23:35,10650.0,1000.0,11632600.0
1483,2021-10-18 04:23:35,10650.0,1900.0,11631600.0
1484,2021-10-18 04:23:35,10650.0,2000.0,11629700.0
1485,2021-10-18 04:23:35,10650.0,200.0,11627700.0
1486,2021-10-18 04:23:35,10650.0,100.0,11627500.0
1487,2021-10-18 04:23:35,10650.0,200.0,11627400.0
1488,2021-10-18 04:23:35,10650.0,200.0,11627200.0
1489,2021-10-18 04:23:35,10650.0,500.0,11627000.0
1490,2021-10-18 04:23:35,10650.0,3000.0,11626500.0
1491,2021-10-18 04:23:35,10650.0,500.0,11623500.0
1492,2021-10-18 04:23:35,10650.0,100.0,11623000.0
1493,2021-10-18 04:23:35,10650.0,4000.0,11622900.0
1494,2021-10-18 04:23:35,10650.0,2000.0,11618900.0
1495,2021-10-18 04:23:35,10650.0,10000.0,11616900.0
1496,2021-10-18 04:23:35,10650.0,1000.0,11606900.0
1497,2021-10-18 04:23:35,10650.0,2000.0,11605900.0
1498,2021-10-18 04:23:35,10650.0,300.0,11603900.0
1499,2021-10-18 04:23:35,10650.0,100.0,11603600.0
1500,2021-10-18 04:23:35,10650.0,400.0,11603500.0
1501,2021-10-18 04:23:35,10650.0,5000.0,11603100.0
1502,2021-10-18 04:23:35,10650.0,800.0,11598100.0
1503,2021-10-18 04:23:35,10650.0,2000.0,11597300.0
1504,2021-10-18 04:23:35,10650.0,300.0,11595300.0
1505,2021-10-18 04:23:35,10650.0,100.0,11595000.0
1506,2021-10-18 04:23:35,10650.0,700.0,11594900.0
1507,2021-10-18 04:23:35,10650.0,300.0,11594200.0
1508,2021-10-18 04:23:35,10650.0,1000.0,11593900.0
1509,2021-10-18 04:23:35,10650.0,100.0,11592900.0
1510,2021-10-18 04:23:35,10650.0,300.0,11592800.0
1511,2021-10-18 04:23:35,10650.0,1000.0,11592500.0
1512,2021-10-18 04:23:35,10650.0,30000.0,11591500.0
1513,2021-10-18 04:23:35,10650.0,1200.0,11561500.0
1514,2021-10-18 04:23:35,10650.0,1000.0,11560300.0
1515,2021-10-18 04:23:35,10650.0,500.0,11559300.0
1516,2021-10-18 04:23:35,10650.0,1000.0,11558800.0
1517,2021-10-18 04:23:35,10650.0,100.0,11557800.0
1518,2021-10-18 04:23:35,10650.0,100.0,11557700.0
1519,2021-10-18 04:23:35,10650.0,1000.0,11557600.0
1520,2021-10-18 04:23:35,10650.0,100.0,11556600.0
1521,2021-10-18 04:23:35,10650.0,2000.0,11556500.0
1522,2021-10-18 04:23:35,10650.0,10000.0,11554500.0
1523,2021-10-18 04:23:35,10650.0,100.0,11544500.0
1524,2021-10-18 04:23:35,10650.0,5000.0,11544400.0
1525,2021-10-18 04:23:35,10650.0,1000.0,11539400.0
1526,2021-10-18 04:23:35,10650.0,100.0,11538400.0
1527,2021-10-18 04:23:35,10650.0,1000.0,11538300.0
1528,2021-10-18 04:23:35,10650.0,200.0,11537300.0
1529,2021-10-18 04:23:35,10650.0,1000.0,11537100.0
1530,2021-10-18 04:23:35,10650.0,2000.0,11536100.0
1531,2021-10-18 04:23:35,10650.0,3000.0,11534100.0
1532,2021-10-18 04:23:35,10650.0,5000.0,11531100.0
1533,2021-10-18 04:23:35,10650.0,10000.0,11526100.0
1534,2021-10-18 04:23:35,10650.0,200.0,11516100.0
1535,2021-10-18 04:23:35,10650.0,2000.0,11515900.0
1536,2021-10-18 04:23:35,10650.0,2400.0,11513900.0
1537,2021-10-18 04:23:35,10650.0,200.0,11511500.0
1538,2021-10-18 04:23:35,10650.0,100.0,11511300.0
1539,2021-10-18 04:23:35,10650.0,600.0,11511200.0
1540,2021-10-18 04:23:35,10650.0,1000.0,11510600.0
1541,2021-10-18 04:23:35,10650.0,700.0,11509600.0
1542,2021-10-18 04:23:35,10650.0,27700.0,11508900.0
1543,2021-10-18 04:23:35,10650.0,500.0,11481200.0
1544,2021-10-18 04:23:35,10650.0,500.0,11480700.0
1545,2021-10-18 04:23:35,10650.0,1000.0,11480200.0
1546,2021-10-18 04:23:35,10650.0,1000.0,11479200.0
1547,2021-10-18 04:23:35,10650.0,200.0,11478200.0
1548,2021-10-18 04:23:35,10650.0,100.0,11478000.0
1549,2021-10-18 04:23:35,10650.0,100.0,11477900.0
1550,2021-10-18 04:23:35,10650.0,5000.0,11477800.0
1551,2021-10-18 04:23:35,10650.0,300.0,11472800.0
1552,2021-10-18 04:23:35,10650.0,100.0,11472500.0
1553,2021-10-18 04:23:35,10650.0,100.0,11472400.0
1554,2021-10-18 04:23:35,10650.0,500.0,11472300.0
1555,2021-10-18 04:23:35,10650.0,100.0,11471800.0
1556,2021-10-18 04:23:35,10650.0,100.0,11471700.0
1557,2021-10-18 04:23:35,10650.0,100.0,11471600.0
1558,2021-10-18 04:23:35,10650.0,10000.0,11471500.0
1559,2021-10-18 04:23:35,10650.0,100.0,11461500.0
1560,2021-10-18 04:23:35,10650.0,200.0,11461400.0
1561,2021-10-18 04:23:35,10650.0,10000.0,11461200.0
1562,2021-10-18 04:23:35,10650.0,50000.0,11451200.0
1563,2021-10-18 04:23:35,10650.0,1000.0,11401200.0
1564,2021-10-18 04:23:35,10650.0,100.0,11400200.0
1565,2021-10-18 04:23:35,10650.0,100.0,11400100.0
1566,2021-10-18 04:23:35,10650.0,2000.0,11400000.0
1567,2021-10-18 04:23:35,10650.0,100.0,11398000.0
1568,2021-10-18 04:23:35,10650.0,1200.0,11397900.0
1569,2021-10-18 04:23:35,10650.0,1000.0,11396700.0
1570,2021-10-18 04:23:35,10650.0,1000.0,11395700.0
1571,2021-10-18 04:23:35,10650.0,300.0,11394700.0
1572,2021-10-18 04:23:35,10650.0,200.0,11394400.0
1573,2021-10-18 04:23:35,10650.0,5000.0,11394200.0
1574,2021-10-18 04:23:35,10650.0,1000.0,11389200.0
1575,2021-10-18 04:23:35,10650.0,200.0,11388200.0
1576,2021-10-18 04:23:35,10650.0,2000.0,11388000.0
1577,2021-10-18 04:23:35,10650.0,2000.0,11386000.0
1578,2021-10-18 04:23:35,10650.0,2000.0,11384000.0
1579,2021-10-18 04:23:35,10650.0,5000.0,11382000.0
1580,2021-10-18 04:23:35,10650.0,300.0,11377000.0
1581,2021-10-18 04:23:35,10650.0,300.0,11376700.0
1582,2021-10-18 04:23:35,10650.0,14600.0,11376400.0
1583,2021-10-18 04:23:35,10650.0,100.0,11361800.0
1584,2021-10-18 04:23:35,10650.0,200.0,11361700.0
1585,2021-10-18 04:23:35,10650.0,2000.0,11361500.0
1586,2021-10-18 04:23:35,10650.0,1000.0,11359500.0
1587,2021-10-18 04:23:35,10650.0,3000.0,11358500.0
1588,2021-10-18 04:23:35,10650.0,1000.0,11355500.0
1589,2021-10-18 04:23:35,10650.0,10000.0,11354500.0
1590,2021-10-18 04:23:35,10650.0,300.0,11344500.0
1591,2021-10-18 04:23:35,10650.0,200.0,11344200.0
1592,2021-10-18 04:23:35,10650.0,500.0,11344000.0
1593,2021-10-18 04:23:35,10650.0,500.0,11343500.0
1594,2021-10-18 04:23:35,10650.0,500.0,11343000.0
1595,2021-10-18 04:23:35,10650.0,10000.0,11342500.0
1596,2021-10-18 04:23:35,10650.0,1000.0,11332500.0
1597,2021-10-18 04:23:35,10650.0,10000.0,11331500.0
1598,2021-10-18 04:23:35,10650.0,10000.0,11321500.0
1599,2021-10-18 04:23:35,10650.0,2000.0,11311500.0
1600,2021-10-18 04:23:35,10650.0,48700.0,11309500.0
1601,2021-10-18 04:23:35,10700.0,2000.0,11260800.0
1602,2021-10-18 04:23:35,10700.0,1000.0,11258800.0
1603,2021-10-18 04:23:35,10700.0,5500.0,11257800.0
1604,2021-10-18 04:23:35,10700.0,100.0,11252300.0
1605,2021-10-18 04:23:35,10700.0,1500.0,11252200.0
1606,2021-10-18 04:23:35,10700.0,3000.0,11250700.0
1607,2021-10-18 04:23:35,10700.0,100.0,11247700.0
1608,2021-10-18 04:23:35,10700.0,700.0,11247600.0
1609,2021-10-18 04:23:35,10700.0,1000.0,11246900.0
1610,2021-10-18 04:23:35,10700.0,200.0,11245900.0
1611,2021-10-18 04:23:35,10700.0,2000.0,11245700.0
1612,2021-10-18 04:23:35,10700.0,500.0,11243700.0
1613,2021-10-18 04:23:35,10700.0,1000.0,11243200.0
1614,2021-10-18 04:23:35,10700.0,700.0,11242200.0
1615,2021-10-18 04:23:35,10700.0,3800.0,11241500.0
1616,2021-10-18 04:23:35,10700.0,300.0,11237700.0
1617,2021-10-18 04:23:35,10700.0,121000.0,11237400.0
1618,2021-10-18 04:23:35,10700.0,100.0,11116400.0
1619,2021-10-18 04:23:35,10700.0,1000.0,11116300.0
1620,2021-10-18 04:23:35,10700.0,200.0,11115300.0
1621,2021-10-18 04:23:35,10700.0,200.0,11115100.0
1622,2021-10-18 04:23:35,10700.0,1000.0,11114900.0
1623,2021-10-18 04:23:35,10700.0,1000.0,11113900.0
1624,2021-10-18 04:23:35,10700.0,500.0,11112900.0
1625,2021-10-18 04:23:35,10700.0,1000.0,11112400.0
1626,2021-10-18 04:23:35,10700.0,10000.0,11111400.0
1627,2021-10-18 04:23:35,10750.0,1100.0,11101400.0
1628,2021-10-18 04:23:35,10750.0,500.0,11100300.0
1629,2021-10-18 04:23:35,10750.0,500.0,11099800.0
1630,2021-10-18 04:23:35,10750.0,400.0,11099300.0
1631,2021-10-18 04:23:35,10750.0,1000.0,11098900.0
1632,2021-10-18 04:23:35,10750.0,1000.0,11097900.0
1633,2021-10-18 04:23:35,10750.0,1000.0,11096900.0
1634,2021-10-18 04:23:35,10750.0,100.0,11095900.0
1635,2021-10-18 04:23:35,10750.0,1000.0,11095800.0
1636,2021-10-18 04:23:35,10750.0,500.0,11094800.0
1637,2021-10-18 04:23:35,10750.0,100.0,11094300.0
1638,2021-10-18 04:23:33,10750.0,300.0,11094200.0
1639,2021-10-18 04:23:10,10750.0,2100.0,11093900.0
1640,2021-10-18 04:23:08,10750.0,400.0,11091800.0
1641,2021-10-18 04:23:08,10750.0,600.0,11091400.0
1642,2021-10-18 04:22:49,10750.0,1400.0,11090800.0
1643,2021-10-18 04:22:49,10750.0,100.0,11089400.0
1644,2021-10-18 04:22:49,10750.0,1000.0,11089300.0
1645,2021-10-18 04:22:49,10750.0,2500.0,11088300.0
1646,2021-10-18 04:22:33,10750.0,300.0,11085800.0
1647,2021-10-18 04:22:30,10800.0,300.0,11085500.0
1648,2021-10-18 04:22:20,10800.0,2000.0,11085200.0
1649,2021-10-18 04:22:19,10750.0,2200.0,11083200.0
1650,2021-10-18 04:22:19,10750.0,5000.0,11081000.0
1651,2021-10-18 04:22:19,10750.0,500.0,11076000.0
1652,2021-10-18 04:22:19,10750.0,6600.0,11075500.0
1653,2021-10-18 04:21:48,10800.0,900.0,11068900.0
1654,2021-10-18 04:21:45,10750.0,400.0,11068000.0
1655,2021-10-18 04:20:48,10800.0,500.0,11067600.0
1656,2021-10-18 04:20:48,10800.0,1600.0,11067100.0
1657,2021-10-18 04:20:48,10800.0,19600.0,11065500.0
1658,2021-10-18 04:20:24,10800.0,1000.0,11045900.0
1659,2021-10-18 04:20:22,10800.0,500.0,11044900.0
1660,2021-10-18 04:20:22,10800.0,2000.0,11044400.0
1661,2021-10-18 04:20:22,10800.0,2000.0,11042400.0
1662,2021-10-18 04:20:22,10800.0,14300.0,11040400.0
1663,2021-10-18 04:20:17,10750.0,3000.0,11026100.0
1664,2021-10-18 04:20:17,10750.0,5000.0,11023100.0
1665,2021-10-18 04:20:17,10750.0,2000.0,11018100.0
1666,2021-10-18 04:20:12,10800.0,1300.0,11016100.0
1667,2021-10-18 04:20:11,10800.0,200.0,11014800.0
1668,2021-10-18 04:19:18,10800.0,500.0,11014600.0
1669,2021-10-18 04:19:18,10800.0,800.0,11014100.0
1670,2021-10-18 04:19:18,10800.0,500.0,11013300.0
1671,2021-10-18 04:19:18,10800.0,800.0,11012800.0
1672,2021-10-18 04:19:18,10800.0,4000.0,11012000.0
1673,2021-10-18 04:19:18,10800.0,900.0,11008000.0
1674,2021-10-18 04:19:18,10800.0,500.0,11007100.0
1675,2021-10-18 04:19:18,10800.0,100.0,11006600.0
1676,2021-10-18 04:19:18,10800.0,16100.0,11006500.0
1677,2021-10-18 04:18:36,10800.0,500.0,10990400.0
1678,2021-10-18 04:18:01,10800.0,500.0,10989900.0
1679,2021-10-18 04:17:43,10800.0,1000.0,10989400.0
1680,2021-10-18 04:17:14,10800.0,8900.0,10988400.0
1681,2021-10-18 04:17:14,10800.0,1000.0,10979500.0
1682,2021-10-18 04:17:14,10800.0,300.0,10978500.0
1683,2021-10-18 04:17:14,10800.0,100.0,10978200.0
1684,2021-10-18 04:17:14,10800.0,500.0,10978100.0
1685,2021-10-18 04:17:14,10800.0,1000.0,10977600.0
1686,2021-10-18 04:17:14,10800.0,1000.0,10976600.0
1687,2021-10-18 04:17:14,10800.0,1500.0,10975600.0
1688,2021-10-18 04:17:14,10800.0,2000.0,10974100.0
1689,2021-10-18 04:17:14,10800.0,100.0,10972100.0
1690,2021-10-18 04:17:14,10800.0,3600.0,10972000.0
1691,2021-10-18 04:16:44,10850.0,300.0,10968400.0
1692,2021-10-18 04:16:36,10850.0,600.0,10968100.0
1693,2021-10-18 04:16:36,10850.0,500.0,10967500.0
1694,2021-10-18 04:16:36,10850.0,1100.0,10967000.0
1695,2021-10-18 04:14:58,10800.0,1400.0,10965900.0
1696,2021-10-18 04:14:58,10800.0,18600.0,10964500.0
1697,2021-10-18 04:14:36,10800.0,500.0,10945900.0
1698,2021-10-18 04:14:32,10800.0,5700.0,10945400.0
1699,2021-10-18 04:13:24,10800.0,100.0,10939700.0
1700,2021-10-18 04:13:23,10850.0,900.0,10939600.0
1701,2021-10-18 04:13:23,10850.0,300.0,10938700.0
1702,2021-10-18 04:13:16,10850.0,700.0,10938400.0
1703,2021-10-18 04:13:16,10850.0,300.0,10937700.0
1704,2021-10-18 04:12:48,10850.0,900.0,10937400.0
1705,2021-10-18 04:12:36,10800.0,1700.0,10936500.0
1706,2021-10-18 04:12:36,10800.0,1000.0,10934800.0
1707,2021-10-18 04:12:36,10800.0,300.0,10933800.0
1708,2021-10-18 04:12:27,10850.0,2100.0,10933500.0
1709,2021-10-18 04:11:49,10850.0,400.0,10931400.0
1710,2021-10-18 04:11:40,10850.0,200.0,10931000.0
1711,2021-10-18 04:11:23,10800.0,500.0,10930800.0
1712,2021-10-18 04:11:23,10800.0,300.0,10930300.0
1713,2021-10-18 04:11:23,10800.0,1000.0,10930000.0
1714,2021-10-18 04:11:23,10800.0,200.0,10929000.0
1715,2021-10-18 04:11:20,10850.0,200.0,10928800.0
1716,2021-10-18 04:11:15,10850.0,600.0,10928600.0
1717,2021-10-18 04:10:32,10850.0,1000.0,10928000.0
1718,2021-10-18 04:09:53,10800.0,500.0,10927000.0
1719,2021-10-18 04:09:40,10800.0,300.0,10926500.0
1720,2021-10-18 04:09:40,10800.0,100.0,10926200.0
1721,2021-10-18 04:09:40,10800.0,300.0,10926100.0
1722,2021-10-18 04:09:20,10800.0,100.0,10925800.0
1723,2021-10-18 04:09:20,10850.0,4300.0,10925700.0
1724,2021-10-18 04:09:20,10850.0,700.0,10921400.0
1725,2021-10-18 04:09:13,10800.0,400.0,10920700.0
1726,2021-10-18 04:09:13,10850.0,6000.0,10920300.0
1727,2021-10-18 04:08:28,10800.0,200.0,10914300.0
1728,2021-10-18 04:08:28,10800.0,600.0,10914100.0
1729,2021-10-18 04:08:25,10800.0,400.0,10913500.0
1730,2021-10-18 04:07:40,10800.0,500.0,10913100.0
1731,2021-10-18 04:07:38,10800.0,500.0,10912600.0
1732,2021-10-18 04:07:38,10800.0,500.0,10912100.0
1733,2021-10-18 04:07:31,10850.0,100.0,10911600.0
1734,2021-10-18 04:07:19,10800.0,5000.0,10911500.0
1735,2021-10-18 04:07:16,10850.0,3000.0,10906500.0
1736,2021-10-18 04:07:15,10850.0,100.0,10903500.0
1737,2021-10-18 04:07:07,10850.0,100.0,10903400.0
1738,2021-10-18 04:07:07,10850.0,5900.0,10903300.0
1739,2021-10-18 04:06:57,10800.0,1000.0,10897400.0
1740,2021-10-18 04:06:57,10800.0,2000.0,10896400.0
1741,2021-10-18 04:06:57,10800.0,2000.0,10894400.0
1742,2021-10-18 04:06:57,10850.0,2000.0,10892400.0
1743,2021-10-18 04:06:54,10850.0,700.0,10890400.0
1744,2021-10-18 04:06:54,10850.0,100.0,10889700.0
1745,2021-10-18 04:06:50,10850.0,300.0,10889600.0
1746,2021-10-18 04:06:50,10850.0,700.0,10889300.0
1747,2021-10-18 04:06:44,10850.0,3900.0,10888600.0
1748,2021-10-18 04:06:44,10850.0,400.0,10884700.0
1749,2021-10-18 04:06:20,10850.0,100.0,10884300.0
1750,2021-10-18 04:06:12,10800.0,200.0,10884200.0
1751,2021-10-18 04:05:58,10800.0,700.0,10884000.0
1752,2021-10-18 04:05:58,10800.0,100.0,10883300.0
1753,2021-10-18 04:05:46,10800.0,200.0,10883200.0
1754,2021-10-18 04:05:46,10800.0,500.0,10883000.0
1755,2021-10-18 04:05:46,10800.0,300.0,10882500.0
1756,2021-10-18 04:05:44,10750.0,500.0,10882200.0
1757,2021-10-18 04:05:44,10800.0,5000.0,10881700.0
1758,2021-10-18 04:05:39,10750.0,1300.0,10876700.0
1759,2021-10-18 04:05:39,10750.0,800.0,10875400.0
1760,2021-10-18 04:05:39,10750.0,900.0,10874600.0
1761,2021-10-18 04:05:31,10750.0,100.0,10873700.0
1762,2021-10-18 04:05:31,10750.0,200.0,10873600.0
1763,2021-10-18 04:05:31,10750.0,1000.0,10873400.0
1764,2021-10-18 04:05:31,10750.0,400.0,10872400.0
1765,2021-10-18 04:05:31,10750.0,200.0,10872000.0
1766,2021-10-18 04:05:26,10800.0,2000.0,10871800.0
1767,2021-10-18 04:05:24,10800.0,100.0,10869800.0
1768,2021-10-18 04:05:22,10800.0,500.0,10869700.0
1769,2021-10-18 04:05:22,10750.0,700.0,10869200.0
1770,2021-10-18 04:05:22,10750.0,3000.0,10868500.0
1771,2021-10-18 04:05:22,10750.0,200.0,10865500.0
1772,2021-10-18 04:05:22,10750.0,10000.0,10865300.0
1773,2021-10-18 04:05:22,10750.0,100.0,10855300.0
1774,2021-10-18 04:05:13,10800.0,4000.0,10855200.0
1775,2021-10-18 04:05:13,10800.0,100.0,10851200.0
1776,2021-10-18 04:05:01,10800.0,6000.0,10851100.0
1777,2021-10-18 04:04:17,10750.0,300.0,10845100.0
1778,2021-10-18 04:03:52,10750.0,500.0,10844800.0
1779,2021-10-18 04:03:51,10800.0,1000.0,10844300.0
1780,2021-10-18 04:03:38,10750.0,100.0,10843300.0
1781,2021-10-18 04:03:37,10800.0,1000.0,10843200.0
1782,2021-10-18 04:03:14,10750.0,2000.0,10842200.0
1783,2021-10-18 04:03:12,10750.0,500.0,10840200.0
1784,2021-10-18 04:03:12,10750.0,500.0,10839700.0
1785,2021-10-18 04:03:09,10750.0,100.0,10839200.0
1786,2021-10-18 04:03:07,10750.0,700.0,10839100.0
1787,2021-10-18 04:03:07,10750.0,1300.0,10838400.0
1788,2021-10-18 04:03:00,10750.0,2000.0,10837100.0
1789,2021-10-18 04:02:59,10700.0,1000.0,10835100.0
1790,2021-10-18 04:02:55,10700.0,500.0,10834100.0
1791,2021-10-18 04:02:55,10700.0,800.0,10833600.0
1792,2021-10-18 04:02:55,10700.0,1000.0,10832800.0
1793,2021-10-18 04:02:55,10700.0,500.0,10831800.0
1794,2021-10-18 04:02:55,10700.0,20000.0,10831300.0
1795,2021-10-18 04:02:55,10700.0,5200.0,10811300.0
1796,2021-10-18 04:02:38,10650.0,100.0,10806100.0
1797,2021-10-18 04:02:32,10650.0,1000.0,10806000.0
1798,2021-10-18 04:02:26,10650.0,2000.0,10805000.0
1799,2021-10-18 04:02:23,10650.0,7500.0,10803000.0
1800,2021-10-18 04:02:23,10650.0,9100.0,10795500.0
1801,2021-10-18 04:02:22,10650.0,300.0,10786400.0
1802,2021-10-18 04:02:22,10650.0,500.0,10786100.0
1803,2021-10-18 04:02:21,10650.0,100.0,10785600.0
1804,2021-10-18 04:02:21,10650.0,200.0,10785500.0
1805,2021-10-18 04:02:21,10650.0,1300.0,10785300.0
1806,2021-10-18 04:02:21,10650.0,4000.0,10784000.0
1807,2021-10-18 04:02:21,10650.0,800.0,10780000.0
1808,2021-10-18 04:02:21,10650.0,3900.0,10779200.0
1809,2021-10-18 04:02:21,10650.0,200.0,10775300.0
1810,2021-10-18 04:02:21,10650.0,1000.0,10775100.0
1811,2021-10-18 04:02:20,10650.0,500.0,10774100.0
1812,2021-10-18 04:02:20,10650.0,10000.0,10773600.0
1813,2021-10-18 04:02:20,10650.0,1000.0,10763600.0
1814,2021-10-18 04:02:18,10650.0,20000.0,10762600.0
1815,2021-10-18 04:02:18,10650.0,2700.0,10742600.0
1816,2021-10-18 04:02:17,10650.0,2000.0,10739900.0
1817,2021-10-18 04:02:16,10650.0,7000.0,10737900.0
1818,2021-10-18 04:02:16,10650.0,200.0,10730900.0
1819,2021-10-18 04:02:15,10650.0,100.0,10730700.0
1820,2021-10-18 04:02:14,10650.0,200.0,10730600.0
1821,2021-10-18 04:02:14,10650.0,1000.0,10730400.0
1822,2021-10-18 04:02:12,10650.0,200.0,10729400.0
1823,2021-10-18 04:02:12,10650.0,1700.0,10729200.0
1824,2021-10-18 04:02:12,10650.0,18300.0,10727500.0
1825,2021-10-18 04:02:12,10650.0,10000.0,10709200.0
1826,2021-10-18 04:02:12,10650.0,500.0,10699200.0
1827,2021-10-18 04:02:12,10650.0,371200.0,10698700.0
1828,2021-10-18 04:02:12,10650.0,128800.0,10327500.0
1829,2021-10-18 04:02:12,10650.0,371200.0,10198700.0
1830,2021-10-18 04:02:12,10650.0,500.0,9827500.0
1831,2021-10-18 04:02:10,10650.0,5000.0,9827000.0
1832,2021-10-18 04:02:08,10650.0,100.0,9822000.0
1833,2021-10-18 04:02:07,10650.0,1000.0,9821900.0
1834,2021-10-18 04:02:05,10650.0,200.0,9820900.0
1835,2021-10-18 04:02:04,10650.0,1000.0,9820700.0
1836,2021-10-18 04:02:02,10650.0,2000.0,9819700.0
1837,2021-10-18 04:02:01,10650.0,1000.0,9817700.0
1838,2021-10-18 04:01:59,10650.0,100.0,9816700.0
1839,2021-10-18 04:01:59,10650.0,200.0,9816600.0
1840,2021-10-18 04:01:59,10650.0,1000.0,9816400.0
1841,2021-10-18 04:01:57,10650.0,5000.0,9815400.0
1842,2021-10-18 04:01:57,10650.0,1000.0,9810400.0
1843,2021-10-18 04:01:56,10650.0,1000.0,9809400.0
1844,2021-10-18 04:01:56,10650.0,1000.0,9808400.0
1845,2021-10-18 04:01:52,10650.0,1100.0,9807400.0
1846,2021-10-18 04:01:44,10650.0,300.0,9806300.0
1847,2021-10-18 04:01:42,10650.0,200.0,9806000.0
1848,2021-10-18 04:01:42,10650.0,500.0,9805800.0
1849,2021-10-18 04:01:40,10650.0,100.0,9805300.0
1850,2021-10-18 04:01:39,10650.0,10000.0,9805200.0
1851,2021-10-18 04:01:39,10650.0,1000.0,9795200.0
1852,2021-10-18 04:01:38,10650.0,5000.0,9794200.0
1853,2021-10-18 04:01:38,10650.0,200.0,9789200.0
1854,2021-10-18 04:01:36,10650.0,5000.0,9789000.0
1855,2021-10-18 04:01:36,10650.0,500.0,9784000.0
1856,2021-10-18 04:01:33,10650.0,500.0,9783500.0
1857,2021-10-18 04:01:33,10650.0,100.0,9783000.0
1858,2021-10-18 04:01:32,10650.0,300.0,9782900.0
1859,2021-10-18 04:01:31,10650.0,2000.0,9782600.0
1860,2021-10-18 04:01:30,10650.0,1000.0,9780600.0
1861,2021-10-18 04:01:30,10650.0,100.0,9779600.0
1862,2021-10-18 04:01:28,10650.0,1000.0,9779500.0
1863,2021-10-18 04:01:28,10650.0,1000.0,9778500.0
1864,2021-10-18 04:01:26,10650.0,1000.0,9777500.0
1865,2021-10-18 04:01:26,10650.0,100.0,9776500.0
1866,2021-10-18 04:01:24,10650.0,30000.0,9776400.0
1867,2021-10-18 04:01:23,10650.0,1000.0,9746400.0
1868,2021-10-18 04:01:22,10650.0,200.0,9745400.0
1869,2021-10-18 04:01:19,10650.0,5000.0,9745200.0
1870,2021-10-18 04:01:18,10650.0,2000.0,9740200.0
1871,2021-10-18 04:01:17,10650.0,1000.0,9738200.0
1872,2021-10-18 04:01:17,10650.0,200.0,9737200.0
1873,2021-10-18 04:01:13,10650.0,600.0,9737000.0
1874,2021-10-18 04:01:13,10650.0,200.0,9736400.0
1875,2021-10-18 04:01:12,10650.0,1000.0,9736200.0
1876,2021-10-18 04:01:11,10650.0,1000.0,9735200.0
1877,2021-10-18 04:01:10,10650.0,11000.0,9734200.0
1878,2021-10-18 04:01:10,10650.0,1000.0,9723200.0
1879,2021-10-18 04:01:08,10650.0,100.0,9722200.0
1880,2021-10-18 04:01:08,10650.0,200.0,9722100.0
1881,2021-10-18 04:01:08,10650.0,500.0,9721900.0
1882,2021-10-18 04:01:08,10650.0,1000.0,9721400.0
1883,2021-10-18 04:01:08,10650.0,300.0,9720400.0
1884,2021-10-18 04:01:08,10650.0,200.0,9720100.0
1885,2021-10-18 04:01:08,10650.0,14200.0,9719900.0
1886,2021-10-18 04:01:08,10650.0,1000.0,9705700.0
1887,2021-10-18 04:01:08,10650.0,1000.0,9704700.0
1888,2021-10-18 04:01:08,10650.0,100.0,9703700.0
1889,2021-10-18 04:01:08,10650.0,500.0,9703600.0
1890,2021-10-18 04:01:08,10650.0,2000.0,9703100.0
1891,2021-10-18 04:01:08,10650.0,300.0,9701100.0
1892,2021-10-18 04:01:08,10650.0,100.0,9700800.0
1893,2021-10-18 04:01:08,10650.0,2000.0,9700700.0
1894,2021-10-18 04:01:08,10650.0,3000.0,9698700.0
1895,2021-10-18 04:01:08,10650.0,2000.0,9695700.0
1896,2021-10-18 04:01:08,10650.0,100.0,9693700.0
1897,2021-10-18 04:01:08,10650.0,25400.0,9693600.0
1898,2021-10-18 04:01:08,10650.0,500.0,9668200.0
1899,2021-10-18 04:01:08,10650.0,1500.0,9667700.0
1900,2021-10-18 04:01:08,10650.0,300.0,9666200.0
1901,2021-10-18 04:01:08,10650.0,1200.0,9665900.0
1902,2021-10-18 04:01:08,10650.0,1000.0,9664700.0
1903,2021-10-18 04:01:08,10650.0,3700.0,9663700.0
1904,2021-10-18 04:01:08,10650.0,10000.0,9660000.0
1905,2021-10-18 04:01:08,10650.0,2000.0,9650000.0
1906,2021-10-18 04:01:08,10650.0,1000.0,9648000.0
1907,2021-10-18 04:01:08,10650.0,14600.0,9647000.0
1908,2021-10-18 04:01:08,10650.0,1000.0,9632400.0
1909,2021-10-18 04:01:08,10650.0,400.0,9631400.0
1910,2021-10-18 04:01:03,10700.0,1000.0,9631000.0
1911,2021-10-18 04:01:00,10650.0,4600.0,9630000.0
1912,2021-10-18 04:01:00,10650.0,500.0,9625400.0
1913,2021-10-18 04:01:00,10650.0,100.0,9624900.0
1914,2021-10-18 04:01:00,10650.0,1000.0,9624800.0
1915,2021-10-18 04:01:00,10650.0,10000.0,9623800.0
1916,2021-10-18 04:01:00,10650.0,5000.0,9613800.0
1917,2021-10-18 04:01:00,10650.0,1900.0,9608800.0
1918,2021-10-18 04:01:00,10650.0,100.0,9606900.0
1919,2021-10-18 04:01:00,10650.0,300.0,9606800.0
1920,2021-10-18 04:01:00,10650.0,900.0,9606500.0
1921,2021-10-18 04:01:00,10650.0,10000.0,9605600.0
1922,2021-10-18 04:01:00,10650.0,200.0,9595600.0
1923,2021-10-18 04:01:00,10650.0,1500.0,9595400.0
1924,2021-10-18 04:01:00,10650.0,2000.0,9593900.0
1925,2021-10-18 04:01:00,10650.0,5000.0,9591900.0
1926,2021-10-18 04:01:00,10650.0,5000.0,9586900.0
1927,2021-10-18 04:01:00,10650.0,500.0,9581900.0
1928,2021-10-18 04:01:00,10650.0,1000.0,9581400.0
1929,2021-10-18 04:01:00,10650.0,400.0,9580400.0
1930,2021-10-18 04:00:59,10650.0,1000.0,9580000.0
1931,2021-10-18 04:00:58,10650.0,500.0,9579000.0
1932,2021-10-18 04:00:52,10650.0,3100.0,9578500.0
1933,2021-10-18 04:00:52,10650.0,500.0,9575400.0
1934,2021-10-18 04:00:52,10650.0,300.0,9574900.0
1935,2021-10-18 04:00:52,10650.0,100.0,9574600.0
1936,2021-10-18 04:00:52,10650.0,1000.0,9574500.0
1937,2021-10-18 04:00:52,10650.0,3700.0,9573500.0
1938,2021-10-18 04:00:52,10650.0,5000.0,9569800.0
1939,2021-10-18 04:00:52,10650.0,3000.0,9564800.0
1940,2021-10-18 04:00:52,10650.0,300.0,9561800.0
1941,2021-10-18 04:00:52,10650.0,1700.0,9561500.0
1942,2021-10-18 04:00:52,10650.0,200.0,9559800.0
1943,2021-10-18 04:00:52,10650.0,100.0,9559600.0
1944,2021-10-18 04:00:52,10650.0,1200.0,9559500.0
1945,2021-10-18 04:00:52,10650.0,400.0,9558300.0
1946,2021-10-18 04:00:52,10650.0,100.0,9557900.0
1947,2021-10-18 04:00:52,10650.0,1400.0,9557800.0
1948,2021-10-18 04:00:52,10650.0,100.0,9556400.0
1949,2021-10-18 04:00:52,10650.0,2000.0,9556300.0
1950,2021-10-18 04:00:52,10650.0,200.0,9554300.0
1951,2021-10-18 04:00:52,10650.0,100.0,9554100.0
1952,2021-10-18 04:00:52,10650.0,100.0,9554000.0
1953,2021-10-18 04:00:52,10650.0,500.0,9553900.0
1954,2021-10-18 04:00:52,10650.0,300.0,9553400.0
1955,2021-10-18 04:00:52,10650.0,200.0,9553100.0
1956,2021-10-18 04:00:52,10650.0,100.0,9552900.0
1957,2021-10-18 04:00:52,10650.0,100.0,9552800.0
1958,2021-10-18 04:00:52,10650.0,200.0,9552700.0
1959,2021-10-18 04:00:52,10650.0,500.0,9552500.0
1960,2021-10-18 04:00:52,10650.0,500.0,9552000.0
1961,2021-10-18 04:00:51,10650.0,800.0,9551500.0
1962,2021-10-18 04:00:51,10650.0,4000.0,9550700.0
1963,2021-10-18 04:00:51,10650.0,200.0,9546700.0
1964,2021-10-18 04:00:51,10650.0,200.0,9546500.0
1965,2021-10-18 04:00:51,10650.0,500.0,9546300.0
1966,2021-10-18 04:00:51,10650.0,400.0,9545800.0
1967,2021-10-18 04:00:51,10650.0,1000.0,9545400.0
1968,2021-10-18 04:00:51,10650.0,1000.0,9544400.0
1969,2021-10-18 04:00:51,10650.0,1000.0,9543400.0
1970,2021-10-18 04:00:51,10650.0,900.0,9542400.0
1971,2021-10-18 04:00:47,10650.0,100.0,9541500.0
1972,2021-10-18 04:00:47,10650.0,1400.0,9541400.0
1973,2021-10-18 04:00:47,10650.0,700.0,9540000.0
1974,2021-10-18 04:00:47,10650.0,100.0,9539300.0
1975,2021-10-18 04:00:47,10650.0,200.0,9539200.0
1976,2021-10-18 04:00:46,10650.0,10100.0,9539000.0
1977,2021-10-18 04:00:46,10650.0,20000.0,9528900.0
1978,2021-10-18 04:00:46,10650.0,1000.0,9508900.0
1979,2021-10-18 04:00:46,10650.0,300.0,9507900.0
1980,2021-10-18 04:00:46,10650.0,1000.0,9507600.0
1981,2021-10-18 04:00:46,10650.0,1400.0,9506600.0
1982,2021-10-18 04:00:46,10650.0,500.0,9505200.0
1983,2021-10-18 04:00:46,10650.0,15700.0,9504700.0
1984,2021-10-18 04:00:45,10700.0,3800.0,9489000.0
1985,2021-10-18 04:00:45,10700.0,200.0,9485200.0
1986,2021-10-18 04:00:42,10650.0,14000.0,9485000.0
1987,2021-10-18 04:00:41,10650.0,57700.0,9471000.0
1988,2021-10-18 04:00:41,10650.0,5100.0,9413300.0
1989,2021-10-18 04:00:39,10650.0,2000.0,9408200.0
1990,2021-10-18 04:00:37,10650.0,5500.0,9406200.0
1991,2021-10-18 04:00:37,10650.0,500.0,9400700.0
1992,2021-10-18 04:00:37,10650.0,600.0,9400200.0
1993,2021-10-18 04:00:28,10700.0,100.0,9399600.0
1994,2021-10-18 04:00:24,10700.0,4300.0,9399500.0
1995,2021-10-18 04:00:24,10700.0,700.0,9395200.0
1996,2021-10-18 04:00:21,10700.0,100.0,9394500.0
1997,2021-10-18 04:00:21,10700.0,2000.0,9394400.0
1998,2021-10-18 04:00:20,10700.0,200.0,9392400.0
