,Time,Price,Volume_per_trade,Volume
0,2021-10-11 07:45:01,10600.0,200.0,1427500.0
1,2021-10-11 07:45:01,10600.0,100.0,1427300.0
2,2021-10-11 07:45:01,10600.0,200.0,1427200.0
3,2021-10-11 07:45:01,10600.0,500.0,1427000.0
4,2021-10-11 07:45:01,10600.0,700.0,1426500.0
5,2021-10-11 07:45:01,10600.0,500.0,1425800.0
6,2021-10-11 07:45:01,10600.0,700.0,1425300.0
7,2021-10-11 07:45:01,10600.0,5100.0,1424600.0
8,2021-10-11 07:45:01,10600.0,200.0,1419500.0
9,2021-10-11 07:45:01,10600.0,500.0,1419300.0
10,2021-10-11 07:45:01,10600.0,200.0,1418800.0
11,2021-10-11 07:45:01,10600.0,100.0,1418600.0
12,2021-10-11 07:45:01,10600.0,500.0,1418500.0
13,2021-10-11 07:45:01,10600.0,400.0,1418000.0
14,2021-10-11 07:45:01,10600.0,5000.0,1417600.0
15,2021-10-11 07:45:01,10600.0,2000.0,1412600.0
16,2021-10-11 07:45:01,10600.0,1000.0,1410600.0
17,2021-10-11 07:45:01,10600.0,1000.0,1409600.0
18,2021-10-11 07:45:01,10600.0,2400.0,1408600.0
19,2021-10-11 07:45:01,10600.0,1000.0,1406200.0
20,2021-10-11 07:45:01,10600.0,1600.0,1405200.0
21,2021-10-11 07:45:01,10600.0,500.0,1403600.0
22,2021-10-11 07:45:01,10600.0,200.0,1403100.0
23,2021-10-11 07:45:01,10600.0,100.0,1402900.0
24,2021-10-11 07:45:01,10600.0,100.0,1402800.0
25,2021-10-11 07:45:01,10600.0,1000.0,1402700.0
26,2021-10-11 07:29:57,10650.0,100.0,1401700.0
27,2021-10-11 07:29:53,10600.0,29900.0,1401600.0
28,2021-10-11 07:29:53,10600.0,5000.0,1371700.0
29,2021-10-11 07:29:53,10600.0,4800.0,1366700.0
30,2021-10-11 07:29:29,10600.0,100.0,1361900.0
31,2021-10-11 07:29:25,10600.0,100.0,1361800.0
32,2021-10-11 07:29:25,10600.0,400.0,1361700.0
33,2021-10-11 07:29:24,10650.0,500.0,1361300.0
34,2021-10-11 07:28:50,10600.0,100.0,1360800.0
35,2021-10-11 07:28:40,10650.0,100.0,1360700.0
36,2021-10-11 07:28:28,10650.0,500.0,1360600.0
37,2021-10-11 07:28:17,10650.0,100.0,1360100.0
38,2021-10-11 07:28:13,10650.0,500.0,1360000.0
39,2021-10-11 07:28:05,10650.0,200.0,1359500.0
40,2021-10-11 07:27:48,10650.0,1900.0,1359300.0
41,2021-10-11 07:27:48,10650.0,8100.0,1357400.0
42,2021-10-11 07:27:20,10650.0,1900.0,1349300.0
43,2021-10-11 07:27:20,10650.0,2800.0,1347400.0
44,2021-10-11 07:27:11,10650.0,100.0,1344600.0
45,2021-10-11 07:26:30,10650.0,100.0,1344500.0
46,2021-10-11 07:26:16,10600.0,1000.0,1344400.0
47,2021-10-11 07:26:16,10600.0,700.0,1343400.0
48,2021-10-11 07:25:29,10650.0,100.0,1342700.0
49,2021-10-11 07:24:51,10650.0,5500.0,1342600.0
50,2021-10-11 07:24:51,10650.0,2500.0,1337100.0
51,2021-10-11 07:24:28,10650.0,200.0,1334600.0
52,2021-10-11 07:24:11,10650.0,1000.0,1334400.0
53,2021-10-11 07:23:57,10600.0,200.0,1333400.0
54,2021-10-11 07:22:56,10650.0,1000.0,1333200.0
55,2021-10-11 07:22:51,10650.0,300.0,1332200.0
56,2021-10-11 07:22:37,10650.0,200.0,1331900.0
57,2021-10-11 07:22:31,10650.0,200.0,1331700.0
58,2021-10-11 07:22:31,10650.0,500.0,1331500.0
59,2021-10-11 07:22:31,10650.0,600.0,1331000.0
60,2021-10-11 07:22:22,10650.0,500.0,1330400.0
61,2021-10-11 07:22:22,10650.0,10000.0,1329900.0
62,2021-10-11 07:22:22,10650.0,3500.0,1319900.0
63,2021-10-11 07:22:22,10650.0,3000.0,1316400.0
64,2021-10-11 07:22:22,10650.0,300.0,1313400.0
65,2021-10-11 07:22:22,10650.0,1200.0,1313100.0
66,2021-10-11 07:22:22,10650.0,200.0,1311900.0
67,2021-10-11 07:22:22,10650.0,1000.0,1311700.0
68,2021-10-11 07:22:22,10650.0,300.0,1310700.0
69,2021-10-11 07:22:19,10650.0,100.0,1310400.0
70,2021-10-11 07:21:22,10650.0,200.0,1310300.0
71,2021-10-11 07:21:22,10650.0,800.0,1310100.0
72,2021-10-11 07:21:00,10650.0,100.0,1309300.0
73,2021-10-11 07:20:43,10650.0,200.0,1309200.0
74,2021-10-11 07:20:24,10650.0,200.0,1309000.0
75,2021-10-11 07:20:20,10650.0,600.0,1308800.0
76,2021-10-11 07:20:20,10650.0,100.0,1308200.0
77,2021-10-11 07:20:20,10650.0,100.0,1308100.0
78,2021-10-11 07:20:20,10650.0,2000.0,1308000.0
79,2021-10-11 07:20:20,10650.0,200.0,1306000.0
80,2021-10-11 07:20:06,10700.0,300.0,1305800.0
81,2021-10-11 07:19:38,10650.0,400.0,1305500.0
82,2021-10-11 07:19:17,10650.0,4400.0,1305100.0
83,2021-10-11 07:19:17,10650.0,1100.0,1300700.0
84,2021-10-11 07:19:17,10650.0,5000.0,1299600.0
85,2021-10-11 07:19:17,10650.0,5000.0,1294600.0
86,2021-10-11 07:19:17,10650.0,4500.0,1289600.0
87,2021-10-11 07:19:15,10650.0,2000.0,1285100.0
88,2021-10-11 07:18:56,10650.0,3800.0,1283100.0
89,2021-10-11 07:18:56,10650.0,2500.0,1279300.0
90,2021-10-11 07:18:56,10650.0,10000.0,1276800.0
91,2021-10-11 07:18:56,10650.0,3700.0,1266800.0
92,2021-10-11 07:16:27,10650.0,200.0,1263100.0
93,2021-10-11 07:16:02,10650.0,1100.0,1262900.0
94,2021-10-11 07:16:02,10650.0,500.0,1261800.0
95,2021-10-11 07:15:36,10650.0,400.0,1261300.0
96,2021-10-11 07:14:50,10650.0,100.0,1260900.0
97,2021-10-11 07:14:50,10650.0,100.0,1260800.0
98,2021-10-11 07:13:26,10650.0,100.0,1260700.0
99,2021-10-11 07:12:48,10650.0,100.0,1260600.0
100,2021-10-11 07:12:45,10650.0,500.0,1260500.0
101,2021-10-11 07:11:05,10650.0,1200.0,1260000.0
102,2021-10-11 07:11:05,10650.0,1000.0,1258800.0
103,2021-10-11 07:11:05,10650.0,200.0,1257800.0
104,2021-10-11 07:08:42,10650.0,300.0,1257600.0
105,2021-10-11 07:08:37,10650.0,200.0,1257300.0
106,2021-10-11 07:08:35,10650.0,100.0,1257100.0
107,2021-10-11 07:08:29,10650.0,200.0,1257000.0
108,2021-10-11 07:08:29,10650.0,1800.0,1256800.0
109,2021-10-11 07:08:24,10650.0,500.0,1255000.0
110,2021-10-11 07:08:22,10650.0,500.0,1254500.0
111,2021-10-11 07:08:09,10650.0,200.0,1254000.0
112,2021-10-11 07:08:09,10650.0,1000.0,1253800.0
113,2021-10-11 07:08:09,10650.0,10000.0,1252800.0
114,2021-10-11 07:08:09,10650.0,3500.0,1242800.0
115,2021-10-11 07:08:09,10650.0,300.0,1239300.0
116,2021-10-11 07:07:57,10650.0,100.0,1239000.0
117,2021-10-11 07:07:31,10650.0,100.0,1238900.0
118,2021-10-11 07:07:09,10650.0,600.0,1238800.0
119,2021-10-11 07:06:45,10650.0,2000.0,1238200.0
120,2021-10-11 07:06:31,10650.0,3000.0,1236200.0
121,2021-10-11 07:06:29,10650.0,200.0,1233200.0
122,2021-10-11 07:06:29,10650.0,600.0,1233000.0
123,2021-10-11 07:05:43,10650.0,200.0,1232400.0
124,2021-10-11 07:04:53,10650.0,200.0,1232200.0
125,2021-10-11 07:04:53,10650.0,300.0,1232000.0
126,2021-10-11 07:04:53,10650.0,200.0,1231700.0
127,2021-10-11 07:04:28,10650.0,800.0,1231500.0
128,2021-10-11 07:04:28,10650.0,200.0,1230700.0
129,2021-10-11 07:03:23,10650.0,800.0,1230500.0
130,2021-10-11 07:03:23,10650.0,100.0,1229700.0
131,2021-10-11 07:03:23,10650.0,100.0,1229600.0
132,2021-10-11 07:03:00,10700.0,100.0,1229500.0
133,2021-10-11 07:02:25,10700.0,700.0,1229400.0
134,2021-10-11 07:02:25,10700.0,300.0,1228700.0
135,2021-10-11 06:58:53,10650.0,100.0,1228400.0
136,2021-10-11 06:58:07,10650.0,800.0,1228300.0
137,2021-10-11 06:58:07,10650.0,500.0,1227500.0
138,2021-10-11 06:58:07,10650.0,5000.0,1227000.0
139,2021-10-11 06:58:07,10650.0,100.0,1222000.0
140,2021-10-11 06:58:07,10650.0,1000.0,1221900.0
141,2021-10-11 06:58:07,10650.0,4600.0,1220900.0
142,2021-10-11 06:58:06,10650.0,100.0,1216300.0
143,2021-10-11 06:57:44,10650.0,1800.0,1216200.0
144,2021-10-11 06:57:08,10700.0,100.0,1214400.0
145,2021-10-11 06:56:49,10650.0,200.0,1214300.0
146,2021-10-11 06:56:32,10650.0,200.0,1214100.0
147,2021-10-11 06:56:32,10650.0,2000.0,1213900.0
148,2021-10-11 06:56:32,10650.0,500.0,1211900.0
149,2021-10-11 06:56:32,10650.0,500.0,1211400.0
150,2021-10-11 06:56:32,10650.0,200.0,1210900.0
151,2021-10-11 06:56:32,10650.0,1100.0,1210700.0
152,2021-10-11 06:56:20,10650.0,400.0,1209600.0
153,2021-10-11 06:54:02,10700.0,700.0,1209200.0
154,2021-10-11 06:52:49,10650.0,500.0,1208500.0
155,2021-10-11 06:52:05,10650.0,1000.0,1208000.0
156,2021-10-11 06:52:02,10650.0,1000.0,1207000.0
157,2021-10-11 06:51:07,10650.0,4000.0,1206000.0
158,2021-10-11 06:50:46,10650.0,100.0,1202000.0
159,2021-10-11 06:50:46,10650.0,300.0,1201900.0
160,2021-10-11 06:50:46,10650.0,200.0,1201600.0
161,2021-10-11 06:50:46,10650.0,2000.0,1201400.0
162,2021-10-11 06:50:46,10650.0,2000.0,1199400.0
163,2021-10-11 06:50:46,10650.0,1500.0,1197400.0
164,2021-10-11 06:50:46,10650.0,700.0,1195900.0
165,2021-10-11 06:50:46,10650.0,3000.0,1195200.0
166,2021-10-11 06:50:46,10650.0,2000.0,1192200.0
167,2021-10-11 06:50:46,10650.0,1000.0,1190200.0
168,2021-10-11 06:50:46,10650.0,700.0,1189200.0
169,2021-10-11 06:49:22,10650.0,1000.0,1188500.0
170,2021-10-11 06:48:23,10650.0,400.0,1187500.0
171,2021-10-11 06:47:43,10650.0,1500.0,1187100.0
172,2021-10-11 06:47:40,10650.0,900.0,1185600.0
173,2021-10-11 06:47:25,10650.0,500.0,1184700.0
174,2021-10-11 06:47:25,10650.0,2000.0,1184200.0
175,2021-10-11 06:47:25,10650.0,500.0,1182200.0
176,2021-10-11 06:47:25,10650.0,2100.0,1181700.0
177,2021-10-11 06:47:25,10650.0,1000.0,1179600.0
178,2021-10-11 06:47:25,10650.0,900.0,1178600.0
179,2021-10-11 06:47:25,10650.0,3000.0,1177700.0
180,2021-10-11 06:47:05,10650.0,1000.0,1174700.0
181,2021-10-11 06:46:19,10650.0,4000.0,1173700.0
182,2021-10-11 06:46:19,10650.0,2000.0,1169700.0
183,2021-10-11 06:46:19,10650.0,1800.0,1167700.0
184,2021-10-11 06:46:19,10650.0,2000.0,1165900.0
185,2021-10-11 06:46:19,10650.0,200.0,1163900.0
186,2021-10-11 06:46:14,10700.0,1000.0,1163700.0
187,2021-10-11 06:45:56,10700.0,100.0,1162700.0
188,2021-10-11 06:45:37,10700.0,100.0,1162600.0
189,2021-10-11 06:45:26,10650.0,1000.0,1162500.0
190,2021-10-11 06:45:15,10700.0,1000.0,1161500.0
191,2021-10-11 06:44:33,10700.0,900.0,1160500.0
192,2021-10-11 06:44:33,10700.0,1100.0,1159600.0
193,2021-10-11 06:41:20,10700.0,5000.0,1158500.0
194,2021-10-11 06:41:10,10650.0,500.0,1153500.0
195,2021-10-11 06:40:54,10650.0,3000.0,1153000.0
196,2021-10-11 06:40:43,10700.0,500.0,1150000.0
197,2021-10-11 06:40:28,10650.0,300.0,1149500.0
198,2021-10-11 06:40:28,10650.0,100.0,1149200.0
199,2021-10-11 06:40:28,10650.0,100.0,1149100.0
200,2021-10-11 06:40:28,10650.0,100.0,1149000.0
201,2021-10-11 06:40:28,10650.0,2000.0,1148900.0
202,2021-10-11 06:40:28,10650.0,100.0,1146900.0
203,2021-10-11 06:40:28,10650.0,100.0,1146800.0
204,2021-10-11 06:40:28,10650.0,200.0,1146700.0
205,2021-10-11 06:39:39,10700.0,400.0,1146500.0
206,2021-10-11 06:38:58,10700.0,1000.0,1146100.0
207,2021-10-11 06:38:44,10700.0,1000.0,1145100.0
208,2021-10-11 06:38:44,10700.0,2000.0,1144100.0
209,2021-10-11 06:37:37,10750.0,2000.0,1142100.0
210,2021-10-11 06:37:20,10750.0,100.0,1140100.0
211,2021-10-11 06:37:20,10750.0,100.0,1140000.0
212,2021-10-11 06:37:20,10750.0,900.0,1139900.0
213,2021-10-11 06:37:20,10700.0,4900.0,1139000.0
214,2021-10-11 06:37:18,10700.0,200.0,1134100.0
215,2021-10-11 06:37:18,10700.0,1900.0,1133900.0
216,2021-10-11 06:36:27,10750.0,4800.0,1132000.0
217,2021-10-11 06:36:27,10750.0,200.0,1127200.0
218,2021-10-11 06:36:02,10650.0,100.0,1127000.0
219,2021-10-11 06:35:51,10750.0,800.0,1126900.0
220,2021-10-11 06:35:51,10750.0,1200.0,1126100.0
221,2021-10-11 06:35:46,10750.0,100.0,1124900.0
222,2021-10-11 06:35:23,10750.0,2000.0,1124800.0
223,2021-10-11 06:35:22,10750.0,100.0,1122800.0
224,2021-10-11 06:35:15,10750.0,1600.0,1122700.0
225,2021-10-11 06:35:15,10750.0,1000.0,1121100.0
226,2021-10-11 06:35:15,10750.0,400.0,1120100.0
227,2021-10-11 06:35:15,10750.0,800.0,1119700.0
228,2021-10-11 06:35:15,10750.0,800.0,1118900.0
229,2021-10-11 06:35:15,10750.0,7000.0,1118100.0
230,2021-10-11 06:35:15,10750.0,4600.0,1111100.0
231,2021-10-11 06:35:15,10700.0,3800.0,1106500.0
232,2021-10-11 06:35:12,10700.0,200.0,1102700.0
233,2021-10-11 06:35:03,10700.0,6000.0,1102500.0
234,2021-10-11 06:35:03,10700.0,1000.0,1096500.0
235,2021-10-11 06:35:03,10700.0,1000.0,1095500.0
236,2021-10-11 06:35:03,10700.0,10000.0,1094500.0
237,2021-10-11 06:35:03,10700.0,2000.0,1084500.0
238,2021-10-11 06:35:03,10600.0,1100.0,1082500.0
239,2021-10-11 06:35:03,10600.0,600.0,1081400.0
240,2021-10-11 06:35:03,10650.0,200.0,1080800.0
241,2021-10-11 06:35:03,10650.0,100.0,1080600.0
242,2021-10-11 06:34:56,10700.0,2300.0,1080500.0
243,2021-10-11 06:34:56,10650.0,700.0,1078200.0
244,2021-10-11 06:34:55,10650.0,100.0,1077500.0
245,2021-10-11 06:34:51,10650.0,100.0,1077400.0
246,2021-10-11 06:34:51,10650.0,1100.0,1077300.0
247,2021-10-11 06:34:51,10650.0,900.0,1076200.0
248,2021-10-11 06:34:48,10650.0,100.0,1075300.0
249,2021-10-11 06:34:39,10650.0,100.0,1075200.0
250,2021-10-11 06:34:37,10650.0,400.0,1075100.0
251,2021-10-11 06:34:37,10650.0,100.0,1074700.0
252,2021-10-11 06:34:35,10650.0,100.0,1074600.0
253,2021-10-11 06:34:16,10600.0,1800.0,1074500.0
254,2021-10-11 06:34:16,10650.0,2300.0,1072700.0
255,2021-10-11 06:34:16,10650.0,900.0,1070400.0
256,2021-10-11 06:34:16,10650.0,1800.0,1069500.0
257,2021-10-11 06:34:15,10650.0,3000.0,1067700.0
258,2021-10-11 06:34:12,10650.0,500.0,1064700.0
259,2021-10-11 06:33:38,10650.0,5000.0,1064200.0
260,2021-10-11 06:33:30,10650.0,1000.0,1059200.0
261,2021-10-11 06:33:13,10650.0,100.0,1058200.0
262,2021-10-11 06:33:09,10650.0,100.0,1058100.0
263,2021-10-11 06:33:05,10650.0,100.0,1058000.0
264,2021-10-11 06:32:54,10650.0,100.0,1057900.0
265,2021-10-11 06:32:42,10650.0,500.0,1057800.0
266,2021-10-11 06:32:42,10650.0,500.0,1057300.0
267,2021-10-11 06:32:26,10600.0,3600.0,1056800.0
268,2021-10-11 06:32:26,10600.0,1000.0,1053200.0
269,2021-10-11 06:32:26,10600.0,5000.0,1052200.0
270,2021-10-11 06:32:26,10600.0,4000.0,1047200.0
271,2021-10-11 06:32:26,10600.0,500.0,1043200.0
272,2021-10-11 06:32:26,10600.0,500.0,1042700.0
273,2021-10-11 06:32:26,10600.0,100.0,1042200.0
274,2021-10-11 06:32:26,10600.0,10000.0,1042100.0
275,2021-10-11 06:32:26,10600.0,100.0,1032100.0
276,2021-10-11 06:32:26,10600.0,200.0,1032000.0
277,2021-10-11 06:32:26,10600.0,500.0,1031800.0
278,2021-10-11 06:32:26,10600.0,900.0,1031300.0
279,2021-10-11 06:32:24,10600.0,100.0,1030400.0
280,2021-10-11 06:32:13,10600.0,600.0,1030300.0
281,2021-10-11 06:32:06,10650.0,500.0,1029700.0
282,2021-10-11 06:32:06,10650.0,500.0,1029200.0
283,2021-10-11 06:31:51,10600.0,1900.0,1028700.0
284,2021-10-11 06:31:51,10600.0,800.0,1026800.0
285,2021-10-11 06:31:45,10600.0,10000.0,1026000.0
286,2021-10-11 06:31:28,10650.0,500.0,1016000.0
287,2021-10-11 06:31:23,10650.0,4000.0,1015500.0
288,2021-10-11 06:31:23,10650.0,1000.0,1011500.0
289,2021-10-11 06:30:59,10650.0,200.0,1010500.0
290,2021-10-11 06:30:59,10650.0,100.0,1010300.0
291,2021-10-11 06:30:59,10650.0,200.0,1010200.0
292,2021-10-11 06:30:59,10650.0,100.0,1010000.0
293,2021-10-11 06:30:59,10650.0,200.0,1009900.0
294,2021-10-11 06:30:59,10650.0,4000.0,1009700.0
295,2021-10-11 06:30:59,10650.0,1000.0,1005700.0
296,2021-10-11 06:30:59,10650.0,300.0,1004700.0
297,2021-10-11 06:30:59,10650.0,1000.0,1004400.0
298,2021-10-11 06:30:59,10650.0,1000.0,1003400.0
299,2021-10-11 06:30:59,10650.0,100.0,1002400.0
300,2021-10-11 06:30:59,10650.0,500.0,1002300.0
301,2021-10-11 06:30:59,10650.0,300.0,1001800.0
302,2021-10-11 06:30:09,10650.0,1000.0,1001500.0
303,2021-10-11 06:29:58,10650.0,1300.0,1000500.0
304,2021-10-11 06:29:58,10650.0,500.0,999200.0
305,2021-10-11 06:29:58,10650.0,1000.0,998700.0
306,2021-10-11 06:29:58,10650.0,1000.0,997700.0
307,2021-10-11 06:29:58,10650.0,200.0,996700.0
308,2021-10-11 06:29:54,10650.0,1000.0,996500.0
309,2021-10-11 06:29:19,10650.0,800.0,995500.0
310,2021-10-11 06:29:19,10650.0,200.0,994700.0
311,2021-10-11 06:28:33,10650.0,800.0,994500.0
312,2021-10-11 06:28:33,10650.0,1500.0,993700.0
313,2021-10-11 06:28:33,10650.0,1700.0,992200.0
314,2021-10-11 06:27:52,10650.0,2000.0,990500.0
315,2021-10-11 06:27:17,10650.0,400.0,988500.0
316,2021-10-11 06:26:52,10700.0,1000.0,988100.0
317,2021-10-11 06:26:35,10650.0,5900.0,987100.0
318,2021-10-11 06:26:35,10650.0,600.0,981200.0
319,2021-10-11 06:26:35,10650.0,2100.0,980600.0
320,2021-10-11 06:26:35,10650.0,1000.0,978500.0
321,2021-10-11 06:26:35,10650.0,100.0,977500.0
322,2021-10-11 06:26:35,10650.0,300.0,977400.0
323,2021-10-11 06:25:39,10700.0,400.0,977100.0
324,2021-10-11 06:25:03,10700.0,2700.0,976700.0
325,2021-10-11 06:25:03,10700.0,3300.0,974000.0
326,2021-10-11 06:25:03,10700.0,4000.0,970700.0
327,2021-10-11 06:24:41,10700.0,200.0,966700.0
328,2021-10-11 06:23:22,10700.0,600.0,966500.0
329,2021-10-11 06:23:13,10700.0,1000.0,965900.0
330,2021-10-11 06:22:50,10700.0,500.0,964900.0
331,2021-10-11 06:22:44,10700.0,1200.0,964400.0
332,2021-10-11 06:22:44,10700.0,500.0,963200.0
333,2021-10-11 06:22:44,10700.0,600.0,962700.0
334,2021-10-11 06:22:44,10700.0,300.0,962100.0
335,2021-10-11 06:22:44,10700.0,100.0,961800.0
336,2021-10-11 06:22:17,10750.0,500.0,961700.0
337,2021-10-11 06:22:10,10700.0,1900.0,961200.0
338,2021-10-11 06:22:10,10700.0,200.0,959300.0
339,2021-10-11 06:22:10,10700.0,6900.0,959100.0
340,2021-10-11 06:21:41,10700.0,200.0,952200.0
341,2021-10-11 06:20:48,10700.0,900.0,952000.0
342,2021-10-11 06:20:48,10700.0,100.0,951100.0
343,2021-10-11 06:17:34,10750.0,100.0,951000.0
344,2021-10-11 06:17:06,10750.0,200.0,950900.0
345,2021-10-11 06:16:59,10750.0,100.0,950700.0
346,2021-10-11 06:16:35,10750.0,100.0,950600.0
347,2021-10-11 06:16:17,10750.0,5000.0,950500.0
348,2021-10-11 06:15:35,10800.0,100.0,945500.0
349,2021-10-11 06:15:29,10750.0,10000.0,945400.0
350,2021-10-11 06:15:29,10750.0,3600.0,935400.0
351,2021-10-11 06:15:27,10800.0,1500.0,931800.0
352,2021-10-11 06:15:20,10750.0,1000.0,930300.0
353,2021-10-11 06:14:43,10750.0,200.0,929300.0
354,2021-10-11 06:14:43,10750.0,1500.0,929100.0
355,2021-10-11 06:14:43,10750.0,100.0,927600.0
356,2021-10-11 06:14:43,10750.0,1000.0,927500.0
357,2021-10-11 06:14:43,10750.0,1000.0,926500.0
358,2021-10-11 06:14:43,10750.0,600.0,925500.0
359,2021-10-11 06:14:43,10750.0,1000.0,924900.0
360,2021-10-11 06:14:40,10750.0,200.0,923900.0
361,2021-10-11 06:14:30,10750.0,1000.0,923700.0
362,2021-10-11 06:14:28,10750.0,1000.0,922700.0
363,2021-10-11 06:14:11,10750.0,400.0,921700.0
364,2021-10-11 06:14:11,10750.0,4600.0,921300.0
365,2021-10-11 06:14:04,10750.0,400.0,916700.0
366,2021-10-11 06:14:04,10750.0,1000.0,916300.0
367,2021-10-11 06:14:04,10750.0,800.0,915300.0
368,2021-10-11 06:14:04,10750.0,100.0,914500.0
369,2021-10-11 06:14:04,10750.0,700.0,914400.0
370,2021-10-11 06:13:51,10700.0,2000.0,913700.0
371,2021-10-11 06:13:51,10700.0,2000.0,911700.0
372,2021-10-11 06:13:51,10700.0,200.0,909700.0
373,2021-10-11 06:13:51,10700.0,100.0,909500.0
374,2021-10-11 06:13:51,10700.0,5000.0,909400.0
375,2021-10-11 06:13:51,10700.0,700.0,904400.0
376,2021-10-11 06:13:48,10750.0,1000.0,903700.0
377,2021-10-11 06:13:10,10700.0,5000.0,902700.0
378,2021-10-11 06:13:10,10700.0,4000.0,897700.0
379,2021-10-11 06:13:10,10700.0,300.0,893700.0
380,2021-10-11 06:13:03,10700.0,100.0,893400.0
381,2021-10-11 06:13:02,10700.0,300.0,893300.0
382,2021-10-11 06:12:49,10700.0,100.0,893000.0
383,2021-10-11 06:12:41,10700.0,100.0,892900.0
384,2021-10-11 06:12:28,10700.0,100.0,892800.0
385,2021-10-11 06:11:38,10700.0,400.0,892700.0
386,2021-10-11 06:11:16,10700.0,300.0,892300.0
387,2021-10-11 06:09:27,10650.0,1700.0,892000.0
388,2021-10-11 06:09:27,10650.0,5000.0,890300.0
389,2021-10-11 06:09:27,10650.0,800.0,885300.0
390,2021-10-11 06:09:01,10700.0,1700.0,884500.0
391,2021-10-11 06:09:01,10700.0,200.0,882800.0
392,2021-10-11 06:09:01,10700.0,100.0,882600.0
393,2021-10-11 06:07:49,10650.0,4200.0,882500.0
394,2021-10-11 06:07:49,10650.0,500.0,878300.0
395,2021-10-11 06:07:49,10650.0,100.0,877800.0
396,2021-10-11 06:07:49,10650.0,400.0,877700.0
397,2021-10-11 06:07:48,10650.0,100.0,877300.0
398,2021-10-11 06:07:48,10650.0,100.0,877200.0
399,2021-10-11 06:07:48,10650.0,800.0,877100.0
400,2021-10-11 06:06:30,10650.0,2000.0,876300.0
401,2021-10-11 06:06:30,10650.0,2000.0,874300.0
402,2021-10-11 06:06:15,10650.0,200.0,872300.0
403,2021-10-11 06:06:10,10600.0,5700.0,872100.0
404,2021-10-11 06:06:10,10600.0,100.0,866400.0
405,2021-10-11 06:06:10,10600.0,1600.0,866300.0
406,2021-10-11 06:06:10,10600.0,2400.0,864700.0
407,2021-10-11 06:05:53,10650.0,100.0,862300.0
408,2021-10-11 06:05:53,10650.0,100.0,862200.0
409,2021-10-11 06:05:13,10650.0,300.0,862100.0
410,2021-10-11 06:05:05,10650.0,100.0,861800.0
411,2021-10-11 06:05:05,10650.0,1000.0,861700.0
412,2021-10-11 06:05:05,10650.0,1500.0,860700.0
413,2021-10-11 06:05:05,10650.0,900.0,859200.0
414,2021-10-11 06:05:05,10650.0,200.0,858300.0
415,2021-10-11 06:05:05,10650.0,1000.0,858100.0
416,2021-10-11 06:05:05,10650.0,300.0,857100.0
417,2021-10-11 06:04:12,10700.0,5000.0,856800.0
418,2021-10-11 06:03:35,10650.0,400.0,851800.0
419,2021-10-11 06:00:58,10700.0,500.0,851400.0
420,2021-10-11 06:00:44,10650.0,300.0,850900.0
421,2021-10-11 06:00:43,10700.0,200.0,850600.0
422,2021-10-11 06:00:34,10700.0,100.0,850400.0
423,2021-10-11 06:00:33,10700.0,200.0,850300.0
424,2021-10-11 06:00:19,10650.0,4000.0,850100.0
425,2021-10-11 06:00:13,10700.0,10000.0,846100.0
426,2021-10-11 06:00:13,10700.0,2700.0,836100.0
427,2021-10-11 06:00:03,10700.0,2100.0,833400.0
428,2021-10-11 06:00:03,10700.0,200.0,831300.0
429,2021-10-11 06:00:03,10700.0,2800.0,831100.0
430,2021-10-11 06:00:02,10700.0,100.0,828300.0
431,2021-10-11 06:00:02,10700.0,1000.0,828200.0
432,2021-10-11 06:00:02,10700.0,1100.0,827200.0
433,2021-10-11 06:00:01,10700.0,3900.0,826100.0
434,2021-10-11 06:00:01,10700.0,1100.0,822200.0
435,2021-10-11 06:00:01,10700.0,2000.0,821100.0
436,2021-10-11 06:00:01,10700.0,100.0,819100.0
437,2021-10-11 06:00:01,10700.0,100.0,819000.0
438,2021-10-11 04:29:17,10700.0,6300.0,818900.0
439,2021-10-11 04:28:53,10700.0,500.0,812600.0
440,2021-10-11 04:28:10,10700.0,2200.0,812100.0
441,2021-10-11 04:28:10,10700.0,400.0,809900.0
442,2021-10-11 04:28:10,10700.0,600.0,809500.0
443,2021-10-11 04:27:03,10700.0,300.0,808900.0
444,2021-10-11 04:27:03,10700.0,200.0,808600.0
445,2021-10-11 04:26:36,10700.0,100.0,808400.0
446,2021-10-11 04:25:00,10600.0,1000.0,808300.0
447,2021-10-11 04:24:26,10600.0,1000.0,807300.0
448,2021-10-11 04:23:42,10600.0,600.0,806300.0
449,2021-10-11 04:23:42,10600.0,2300.0,805700.0
450,2021-10-11 04:23:02,10600.0,17700.0,803400.0
451,2021-10-11 04:23:02,10600.0,1000.0,785700.0
452,2021-10-11 04:23:02,10600.0,1000.0,784700.0
453,2021-10-11 04:23:02,10600.0,600.0,783700.0
454,2021-10-11 04:23:02,10600.0,5000.0,783100.0
455,2021-10-11 04:23:02,10600.0,300.0,778100.0
456,2021-10-11 04:23:02,10600.0,100.0,777800.0
457,2021-10-11 04:23:02,10600.0,2000.0,777700.0
458,2021-10-11 04:23:02,10600.0,4000.0,775700.0
459,2021-10-11 04:23:02,10600.0,800.0,771700.0
460,2021-10-11 04:23:02,10600.0,300.0,770900.0
461,2021-10-11 04:23:02,10600.0,1000.0,770600.0
462,2021-10-11 04:23:02,10600.0,100.0,769600.0
463,2021-10-11 04:23:02,10600.0,500.0,769500.0
464,2021-10-11 04:23:02,10600.0,600.0,769000.0
465,2021-10-11 04:23:02,10650.0,5000.0,768400.0
466,2021-10-11 04:22:18,10600.0,100.0,763400.0
467,2021-10-11 04:22:18,10600.0,500.0,763300.0
468,2021-10-11 04:22:18,10600.0,4900.0,762800.0
469,2021-10-11 04:21:58,10600.0,3200.0,757900.0
470,2021-10-11 04:21:58,10650.0,1800.0,754700.0
471,2021-10-11 04:21:15,10600.0,400.0,752900.0
472,2021-10-11 04:21:15,10650.0,1500.0,752500.0
473,2021-10-11 04:21:15,10700.0,500.0,751000.0
474,2021-10-11 04:20:42,10650.0,5000.0,750500.0
475,2021-10-11 04:18:49,10600.0,1500.0,745500.0
476,2021-10-11 04:18:49,10600.0,1200.0,744000.0
477,2021-10-11 04:18:49,10600.0,500.0,742800.0
478,2021-10-11 04:18:49,10600.0,1800.0,742300.0
479,2021-10-11 04:18:49,10650.0,5000.0,740500.0
480,2021-10-11 04:17:25,10600.0,300.0,735500.0
481,2021-10-11 04:17:25,10600.0,200.0,735200.0
482,2021-10-11 04:17:25,10600.0,100.0,735000.0
483,2021-10-11 04:17:25,10600.0,200.0,734900.0
484,2021-10-11 04:17:25,10600.0,200.0,734700.0
485,2021-10-11 04:17:06,10700.0,600.0,734500.0
486,2021-10-11 04:16:50,10700.0,2000.0,733900.0
487,2021-10-11 04:16:50,10700.0,400.0,731900.0
488,2021-10-11 04:16:12,10700.0,100.0,731500.0
489,2021-10-11 04:15:49,10700.0,14500.0,731400.0
490,2021-10-11 04:15:49,10700.0,500.0,716900.0
491,2021-10-11 04:15:39,10700.0,4500.0,716400.0
492,2021-10-11 04:15:36,10700.0,5000.0,711900.0
493,2021-10-11 04:15:05,10750.0,200.0,706900.0
494,2021-10-11 04:15:05,10750.0,100.0,706700.0
495,2021-10-11 04:15:05,10750.0,100.0,706600.0
496,2021-10-11 04:15:05,10750.0,100.0,706500.0
497,2021-10-11 04:13:41,10700.0,10500.0,706400.0
498,2021-10-11 04:13:40,10600.0,300.0,695900.0
499,2021-10-11 04:13:40,10600.0,3600.0,695600.0
500,2021-10-11 04:13:40,10650.0,100.0,692000.0
501,2021-10-11 04:12:31,10600.0,1400.0,691900.0
502,2021-10-11 04:12:31,10600.0,500.0,690500.0
503,2021-10-11 04:12:31,10600.0,200.0,690000.0
504,2021-10-11 04:12:31,10600.0,200.0,689800.0
505,2021-10-11 04:12:31,10600.0,600.0,689600.0
506,2021-10-11 04:12:31,10600.0,5000.0,689000.0
507,2021-10-11 04:12:31,10600.0,100.0,684000.0
508,2021-10-11 04:12:31,10600.0,2000.0,683900.0
509,2021-10-11 04:11:25,10600.0,100.0,681900.0
510,2021-10-11 04:11:25,10600.0,1000.0,681800.0
511,2021-10-11 04:11:25,10600.0,1000.0,680800.0
512,2021-10-11 04:11:25,10600.0,1000.0,679800.0
513,2021-10-11 04:11:25,10600.0,200.0,678800.0
514,2021-10-11 04:11:25,10600.0,700.0,678600.0
515,2021-10-11 04:08:21,10600.0,200.0,677900.0
516,2021-10-11 04:08:09,10600.0,5600.0,677700.0
517,2021-10-11 04:08:09,10600.0,100.0,672100.0
518,2021-10-11 04:08:09,10600.0,4300.0,672000.0
519,2021-10-11 04:06:53,10600.0,600.0,667700.0
520,2021-10-11 04:06:50,10600.0,2900.0,667100.0
521,2021-10-11 04:06:29,10600.0,500.0,664200.0
522,2021-10-11 04:05:38,10700.0,1200.0,663700.0
523,2021-10-11 04:05:07,10700.0,100.0,662500.0
524,2021-10-11 04:04:52,10700.0,100.0,662400.0
525,2021-10-11 04:04:51,10700.0,100.0,662300.0
526,2021-10-11 04:04:51,10700.0,6000.0,662200.0
527,2021-10-11 04:04:51,10700.0,11300.0,656200.0
528,2021-10-11 04:04:51,10700.0,7000.0,644900.0
529,2021-10-11 04:04:51,10700.0,100.0,637900.0
530,2021-10-11 04:04:51,10700.0,4100.0,637800.0
531,2021-10-11 04:04:11,10600.0,7500.0,633700.0
532,2021-10-11 04:01:51,10600.0,2000.0,626200.0
533,2021-10-11 03:59:16,10600.0,7200.0,624200.0
534,2021-10-11 03:59:16,10600.0,500.0,617000.0
535,2021-10-11 03:59:16,10600.0,200.0,616500.0
536,2021-10-11 03:59:16,10600.0,1000.0,616300.0
537,2021-10-11 03:59:16,10600.0,200.0,615300.0
538,2021-10-11 03:59:16,10600.0,5000.0,615100.0
539,2021-10-11 03:59:16,10600.0,400.0,610100.0
540,2021-10-11 03:58:54,10600.0,300.0,609700.0
541,2021-10-11 03:58:30,10600.0,200.0,609400.0
542,2021-10-11 03:58:22,10600.0,1100.0,609200.0
543,2021-10-11 03:58:22,10600.0,300.0,608100.0
544,2021-10-11 03:58:02,10600.0,1800.0,607800.0
545,2021-10-11 03:57:05,10600.0,2900.0,606000.0
546,2021-10-11 03:57:05,10600.0,100.0,603100.0
547,2021-10-11 03:57:05,10600.0,1000.0,603000.0
548,2021-10-11 03:57:05,10600.0,100.0,602000.0
549,2021-10-11 03:57:05,10600.0,100.0,601900.0
550,2021-10-11 03:57:05,10600.0,400.0,601800.0
551,2021-10-11 03:57:05,10600.0,700.0,601400.0
552,2021-10-11 03:57:05,10600.0,1000.0,600700.0
553,2021-10-11 03:57:05,10600.0,300.0,599700.0
554,2021-10-11 03:57:05,10600.0,1000.0,599400.0
555,2021-10-11 03:57:05,10600.0,2000.0,598400.0
556,2021-10-11 03:57:05,10600.0,200.0,596400.0
557,2021-10-11 03:57:05,10600.0,300.0,596200.0
558,2021-10-11 03:57:05,10600.0,1000.0,595900.0
559,2021-10-11 03:57:05,10600.0,100.0,594900.0
560,2021-10-11 03:57:05,10600.0,100.0,594800.0
561,2021-10-11 03:57:05,10600.0,100.0,594700.0
562,2021-10-11 03:57:05,10600.0,3400.0,594600.0
563,2021-10-11 03:57:05,10650.0,4800.0,591200.0
564,2021-10-11 03:55:28,10600.0,1600.0,586400.0
565,2021-10-11 03:55:28,10600.0,400.0,584800.0
566,2021-10-11 03:55:14,10650.0,500.0,584400.0
567,2021-10-11 03:55:14,10650.0,200.0,583900.0
568,2021-10-11 03:55:14,10650.0,500.0,583700.0
569,2021-10-11 03:54:44,10650.0,900.0,583200.0
570,2021-10-11 03:54:44,10650.0,300.0,582300.0
571,2021-10-11 03:53:41,10650.0,200.0,582000.0
572,2021-10-11 03:53:41,10650.0,300.0,581800.0
573,2021-10-11 03:53:41,10650.0,2000.0,581500.0
574,2021-10-11 03:53:41,10650.0,1200.0,579500.0
575,2021-10-11 03:53:05,10650.0,2000.0,578300.0
576,2021-10-11 03:52:56,10650.0,1400.0,576300.0
577,2021-10-11 03:52:52,10650.0,3400.0,574900.0
578,2021-10-11 03:52:52,10650.0,400.0,571500.0
579,2021-10-11 03:51:33,10700.0,500.0,571100.0
580,2021-10-11 03:51:20,10650.0,1500.0,570600.0
581,2021-10-11 03:51:20,10650.0,3100.0,569100.0
582,2021-10-11 03:51:15,10650.0,5000.0,566000.0
583,2021-10-11 03:50:51,10650.0,800.0,561000.0
584,2021-10-11 03:50:51,10650.0,2100.0,560200.0
585,2021-10-11 03:50:51,10650.0,5000.0,558100.0
586,2021-10-11 03:50:51,10650.0,4000.0,553100.0
587,2021-10-11 03:50:14,10650.0,1000.0,549100.0
588,2021-10-11 03:50:14,10650.0,1500.0,548100.0
589,2021-10-11 03:50:14,10650.0,5000.0,546600.0
590,2021-10-11 03:50:14,10650.0,1000.0,541600.0
591,2021-10-11 03:50:14,10650.0,1000.0,540600.0
592,2021-10-11 03:50:14,10650.0,500.0,539600.0
593,2021-10-11 03:50:13,10700.0,1000.0,539100.0
594,2021-10-11 03:50:13,10700.0,100.0,538100.0
595,2021-10-11 03:50:13,10700.0,4300.0,538000.0
596,2021-10-11 03:49:26,10700.0,700.0,533700.0
597,2021-10-11 03:49:26,10700.0,300.0,533000.0
598,2021-10-11 03:47:34,10750.0,4900.0,532700.0
599,2021-10-11 03:47:34,10750.0,100.0,527800.0
600,2021-10-11 03:46:47,10700.0,200.0,527700.0
601,2021-10-11 03:46:47,10700.0,1500.0,527500.0
602,2021-10-11 03:46:35,10700.0,1500.0,526000.0
603,2021-10-11 03:46:35,10700.0,500.0,524500.0
604,2021-10-11 03:46:03,10650.0,4500.0,524000.0
605,2021-10-11 03:46:03,10650.0,1000.0,519500.0
606,2021-10-11 03:46:03,10650.0,600.0,518500.0
607,2021-10-11 03:46:03,10650.0,1000.0,517900.0
608,2021-10-11 03:46:03,10650.0,100.0,516900.0
609,2021-10-11 03:46:03,10650.0,100.0,516800.0
610,2021-10-11 03:46:03,10650.0,300.0,516700.0
611,2021-10-11 03:46:03,10650.0,200.0,516400.0
612,2021-10-11 03:46:03,10650.0,2000.0,516200.0
613,2021-10-11 03:46:03,10650.0,10200.0,514200.0
614,2021-10-11 03:46:02,10700.0,1600.0,504000.0
615,2021-10-11 03:46:02,10700.0,400.0,502400.0
616,2021-10-11 03:45:50,10650.0,2000.0,502000.0
617,2021-10-11 03:45:40,10650.0,200.0,500000.0
618,2021-10-11 03:45:18,10700.0,4600.0,499800.0
619,2021-10-11 03:45:18,10700.0,100.0,495200.0
620,2021-10-11 03:45:18,10700.0,300.0,495100.0
621,2021-10-11 03:44:46,10650.0,200.0,494800.0
622,2021-10-11 03:43:49,10700.0,1000.0,494600.0
623,2021-10-11 03:41:21,10650.0,100.0,493600.0
624,2021-10-11 03:39:09,10700.0,3700.0,493500.0
625,2021-10-11 03:39:09,10700.0,200.0,489800.0
626,2021-10-11 03:39:09,10700.0,100.0,489600.0
627,2021-10-11 03:39:09,10700.0,300.0,489500.0
628,2021-10-11 03:39:09,10700.0,700.0,489200.0
629,2021-10-11 03:38:38,10650.0,300.0,488500.0
630,2021-10-11 03:38:38,10650.0,500.0,488200.0
631,2021-10-11 03:38:38,10650.0,1200.0,487700.0
632,2021-10-11 03:36:15,10650.0,1800.0,486500.0
633,2021-10-11 03:36:15,10650.0,100.0,484700.0
634,2021-10-11 03:36:15,10650.0,1000.0,484600.0
635,2021-10-11 03:36:15,10650.0,100.0,483600.0
636,2021-10-11 03:36:15,10650.0,100.0,483500.0
637,2021-10-11 03:35:38,10700.0,1000.0,483400.0
638,2021-10-11 03:34:46,10700.0,300.0,482400.0
639,2021-10-11 03:32:34,10700.0,400.0,482100.0
640,2021-10-11 03:31:58,10700.0,100.0,481700.0
641,2021-10-11 03:31:58,10700.0,400.0,481600.0
642,2021-10-11 03:29:49,10700.0,100.0,481200.0
643,2021-10-11 03:29:49,10700.0,100.0,481100.0
644,2021-10-11 03:29:49,10700.0,400.0,481000.0
645,2021-10-11 03:29:48,10700.0,100.0,480600.0
646,2021-10-11 03:29:45,10700.0,500.0,480500.0
647,2021-10-11 03:29:43,10700.0,100.0,480000.0
648,2021-10-11 03:29:43,10700.0,500.0,479900.0
649,2021-10-11 03:29:43,10700.0,1000.0,479400.0
650,2021-10-11 03:29:43,10700.0,1000.0,478400.0
651,2021-10-11 03:29:43,10700.0,500.0,477400.0
652,2021-10-11 03:29:43,10700.0,2000.0,476900.0
653,2021-10-11 03:29:43,10700.0,1000.0,474900.0
654,2021-10-11 03:29:43,10700.0,400.0,473900.0
655,2021-10-11 03:29:43,10700.0,3500.0,473500.0
656,2021-10-11 03:29:02,10700.0,2100.0,470000.0
657,2021-10-11 03:28:20,10700.0,500.0,467900.0
658,2021-10-11 03:28:16,10700.0,400.0,467400.0
659,2021-10-11 03:28:12,10700.0,900.0,467000.0
660,2021-10-11 03:27:59,10700.0,9600.0,466100.0
661,2021-10-11 03:27:05,10700.0,2000.0,456500.0
662,2021-10-11 03:26:25,10750.0,100.0,454500.0
663,2021-10-11 03:26:10,10750.0,1200.0,454400.0
664,2021-10-11 03:24:20,10750.0,2900.0,453200.0
665,2021-10-11 03:24:08,10750.0,700.0,450300.0
666,2021-10-11 03:23:53,10750.0,100.0,449600.0
667,2021-10-11 03:22:56,10750.0,10000.0,449500.0
668,2021-10-11 03:22:56,10750.0,300.0,439500.0
669,2021-10-11 03:21:54,10750.0,1500.0,439200.0
670,2021-10-11 03:18:40,10800.0,1000.0,437700.0
671,2021-10-11 03:17:34,10750.0,100.0,436700.0
672,2021-10-11 03:17:34,10750.0,300.0,436600.0
673,2021-10-11 03:17:34,10750.0,200.0,436300.0
674,2021-10-11 03:17:34,10750.0,100.0,436100.0
675,2021-10-11 03:15:53,10750.0,500.0,436000.0
676,2021-10-11 03:13:13,10750.0,2900.0,435500.0
677,2021-10-11 03:13:13,10750.0,500.0,432600.0
678,2021-10-11 03:13:13,10750.0,2000.0,432100.0
679,2021-10-11 03:09:55,10800.0,200.0,430100.0
680,2021-10-11 03:09:55,10800.0,800.0,429900.0
681,2021-10-11 03:09:07,10750.0,4600.0,429100.0
682,2021-10-11 03:07:49,10750.0,400.0,424500.0
683,2021-10-11 03:06:37,10750.0,10000.0,424100.0
684,2021-10-11 03:05:41,10750.0,2000.0,414100.0
685,2021-10-11 03:04:52,10750.0,1000.0,412100.0
686,2021-10-11 03:04:52,10750.0,1000.0,411100.0
687,2021-10-11 03:04:52,10750.0,1400.0,410100.0
688,2021-10-11 03:02:40,10750.0,200.0,408700.0
689,2021-10-11 03:01:58,10700.0,200.0,408500.0
690,2021-10-11 03:01:54,10700.0,500.0,408300.0
691,2021-10-11 03:01:24,10700.0,300.0,407800.0
692,2021-10-11 03:00:44,10750.0,1000.0,407500.0
693,2021-10-11 03:00:30,10750.0,200.0,406500.0
694,2021-10-11 03:00:30,10750.0,200.0,406300.0
695,2021-10-11 03:00:07,10750.0,500.0,406100.0
696,2021-10-11 02:59:46,10750.0,2000.0,405600.0
697,2021-10-11 02:59:08,10750.0,5000.0,403600.0
698,2021-10-11 02:57:53,10750.0,300.0,398600.0
699,2021-10-11 02:57:18,10750.0,1000.0,398300.0
700,2021-10-11 02:56:31,10750.0,100.0,397300.0
701,2021-10-11 02:56:30,10800.0,200.0,397200.0
702,2021-10-11 02:56:30,10800.0,100.0,397000.0
703,2021-10-11 02:56:30,10800.0,100.0,396900.0
704,2021-10-11 02:56:30,10800.0,100.0,396800.0
705,2021-10-11 02:56:06,10750.0,400.0,396700.0
706,2021-10-11 02:55:41,10800.0,900.0,396300.0
707,2021-10-11 02:55:41,10800.0,100.0,395400.0
708,2021-10-11 02:55:41,10800.0,1000.0,395300.0
709,2021-10-11 02:55:04,10750.0,500.0,394300.0
710,2021-10-11 02:54:57,10750.0,9500.0,393800.0
711,2021-10-11 02:54:57,10750.0,500.0,384300.0
712,2021-10-11 02:54:46,10700.0,100.0,383800.0
713,2021-10-11 02:54:05,10700.0,400.0,383700.0
714,2021-10-11 02:53:46,10700.0,600.0,383300.0
715,2021-10-11 02:53:46,10700.0,500.0,382700.0
716,2021-10-11 02:53:46,10700.0,8900.0,382200.0
717,2021-10-11 02:53:43,10600.0,500.0,373300.0
718,2021-10-11 02:52:14,10600.0,100.0,372800.0
719,2021-10-11 02:52:10,10600.0,200.0,372700.0
720,2021-10-11 02:51:56,10600.0,800.0,372500.0
721,2021-10-11 02:51:54,10600.0,100.0,371700.0
722,2021-10-11 02:51:54,10600.0,100.0,371600.0
723,2021-10-11 02:51:45,10650.0,5000.0,371500.0
724,2021-10-11 02:51:45,10650.0,1000.0,366500.0
725,2021-10-11 02:51:04,10600.0,900.0,365500.0
726,2021-10-11 02:51:00,10600.0,400.0,364600.0
727,2021-10-11 02:50:40,10600.0,2000.0,364200.0
728,2021-10-11 02:50:39,10600.0,500.0,362200.0
729,2021-10-11 02:50:39,10600.0,1200.0,361700.0
730,2021-10-11 02:50:29,10600.0,800.0,360500.0
731,2021-10-11 02:49:51,10600.0,400.0,359700.0
732,2021-10-11 02:49:51,10600.0,200.0,359300.0
733,2021-10-11 02:49:51,10600.0,2000.0,359100.0
734,2021-10-11 02:49:51,10600.0,2000.0,357100.0
735,2021-10-11 02:49:51,10600.0,500.0,355100.0
736,2021-10-11 02:49:51,10600.0,4000.0,354600.0
737,2021-10-11 02:49:16,10600.0,10000.0,350600.0
738,2021-10-11 02:48:19,10600.0,6000.0,340600.0
739,2021-10-11 02:48:19,10600.0,100.0,334600.0
740,2021-10-11 02:48:19,10600.0,300.0,334500.0
741,2021-10-11 02:48:19,10600.0,7500.0,334200.0
742,2021-10-11 02:48:19,10600.0,100.0,326700.0
743,2021-10-11 02:48:19,10600.0,300.0,326600.0
744,2021-10-11 02:48:19,10600.0,500.0,326300.0
745,2021-10-11 02:48:19,10600.0,200.0,325800.0
746,2021-10-11 02:47:42,10600.0,800.0,325600.0
747,2021-10-11 02:47:42,10600.0,3000.0,324800.0
748,2021-10-11 02:47:42,10600.0,2000.0,321800.0
749,2021-10-11 02:47:42,10600.0,200.0,319800.0
750,2021-10-11 02:47:25,10600.0,2000.0,319600.0
751,2021-10-11 02:46:46,10600.0,500.0,317600.0
752,2021-10-11 02:46:28,10600.0,13300.0,317100.0
753,2021-10-11 02:45:14,10650.0,1000.0,303800.0
754,2021-10-11 02:45:13,10650.0,10000.0,302800.0
755,2021-10-11 02:43:40,10650.0,3800.0,292800.0
756,2021-10-11 02:43:22,10650.0,100.0,289000.0
757,2021-10-11 02:43:22,10650.0,400.0,288900.0
758,2021-10-11 02:43:03,10650.0,100.0,288500.0
759,2021-10-11 02:42:25,10650.0,9500.0,288400.0
760,2021-10-11 02:42:25,10650.0,500.0,278900.0
761,2021-10-11 02:41:58,10600.0,1000.0,278400.0
762,2021-10-11 02:41:16,10600.0,100.0,277400.0
763,2021-10-11 02:41:16,10600.0,200.0,277300.0
764,2021-10-11 02:41:16,10600.0,8000.0,277100.0
765,2021-10-11 02:41:12,10600.0,1800.0,269100.0
766,2021-10-11 02:40:53,10600.0,5000.0,267300.0
767,2021-10-11 02:40:46,10600.0,2000.0,262300.0
768,2021-10-11 02:40:39,10550.0,500.0,260300.0
769,2021-10-11 02:40:31,10550.0,1000.0,259800.0
770,2021-10-11 02:40:22,10550.0,400.0,258800.0
771,2021-10-11 02:40:19,10550.0,9400.0,258400.0
772,2021-10-11 02:40:19,10550.0,2000.0,249000.0
773,2021-10-11 02:40:19,10550.0,1000.0,247000.0
774,2021-10-11 02:40:19,10550.0,200.0,246000.0
775,2021-10-11 02:40:19,10550.0,100.0,245800.0
776,2021-10-11 02:40:19,10550.0,300.0,245700.0
777,2021-10-11 02:39:55,10550.0,1000.0,245400.0
778,2021-10-11 02:39:47,10550.0,900.0,244400.0
779,2021-10-11 02:39:47,10550.0,100.0,243500.0
780,2021-10-11 02:39:37,10600.0,4900.0,243400.0
781,2021-10-11 02:39:37,10600.0,100.0,238500.0
782,2021-10-11 02:39:16,10600.0,100.0,238400.0
783,2021-10-11 02:39:02,10600.0,100.0,238300.0
784,2021-10-11 02:38:05,10600.0,1000.0,238200.0
785,2021-10-11 02:38:05,10600.0,500.0,237200.0
786,2021-10-11 02:38:05,10600.0,1000.0,236700.0
787,2021-10-11 02:38:05,10600.0,200.0,235700.0
788,2021-10-11 02:38:05,10600.0,100.0,235500.0
789,2021-10-11 02:37:10,10600.0,700.0,235400.0
790,2021-10-11 02:37:10,10600.0,3600.0,234700.0
791,2021-10-11 02:37:09,10600.0,200.0,231100.0
792,2021-10-11 02:37:08,10650.0,100.0,230900.0
793,2021-10-11 02:36:52,10600.0,100.0,230800.0
794,2021-10-11 02:36:34,10600.0,100.0,230700.0
795,2021-10-11 02:36:34,10600.0,200.0,230600.0
796,2021-10-11 02:36:34,10600.0,1000.0,230400.0
797,2021-10-11 02:36:34,10600.0,3700.0,229400.0
798,2021-10-11 02:36:20,10600.0,1000.0,225700.0
799,2021-10-11 02:36:18,10600.0,5300.0,224700.0
800,2021-10-11 02:36:18,10600.0,1000.0,219400.0
801,2021-10-11 02:36:18,10600.0,300.0,218400.0
802,2021-10-11 02:36:18,10600.0,500.0,218100.0
803,2021-10-11 02:36:18,10600.0,1000.0,217600.0
804,2021-10-11 02:36:18,10600.0,1900.0,216600.0
805,2021-10-11 02:36:15,10650.0,100.0,214700.0
806,2021-10-11 02:36:15,10650.0,4200.0,214600.0
807,2021-10-11 02:36:13,10600.0,300.0,210400.0
808,2021-10-11 02:36:06,10650.0,200.0,210100.0
809,2021-10-11 02:34:51,10600.0,100.0,209900.0
810,2021-10-11 02:34:33,10600.0,500.0,209800.0
811,2021-10-11 02:34:15,10600.0,10000.0,209300.0
812,2021-10-11 02:34:11,10600.0,1000.0,199300.0
813,2021-10-11 02:33:57,10600.0,3000.0,198300.0
814,2021-10-11 02:33:38,10600.0,100.0,195300.0
815,2021-10-11 02:33:16,10600.0,1100.0,195200.0
816,2021-10-11 02:33:04,10600.0,2000.0,194100.0
817,2021-10-11 02:33:04,10600.0,3000.0,192100.0
818,2021-10-11 02:33:00,10650.0,600.0,189100.0
819,2021-10-11 02:33:00,10650.0,100.0,188500.0
820,2021-10-11 02:32:32,10650.0,100.0,188400.0
821,2021-10-11 02:32:32,10650.0,500.0,188300.0
822,2021-10-11 02:32:32,10650.0,200.0,187800.0
823,2021-10-11 02:32:32,10650.0,100.0,187600.0
824,2021-10-11 02:32:18,10650.0,100.0,187500.0
825,2021-10-11 02:32:00,10700.0,1000.0,187400.0
826,2021-10-11 02:32:00,10700.0,100.0,186400.0
827,2021-10-11 02:31:47,10700.0,1200.0,186300.0
828,2021-10-11 02:31:45,10700.0,6000.0,185100.0
829,2021-10-11 02:31:37,10700.0,25000.0,179100.0
830,2021-10-11 02:31:30,10700.0,6000.0,154100.0
831,2021-10-11 02:31:24,10700.0,10000.0,148100.0
832,2021-10-11 02:31:05,10750.0,800.0,138100.0
833,2021-10-11 02:31:05,10750.0,200.0,137300.0
834,2021-10-11 02:30:51,10700.0,600.0,137100.0
835,2021-10-11 02:30:50,10700.0,1200.0,136500.0
836,2021-10-11 02:30:50,10700.0,1800.0,135300.0
837,2021-10-11 02:30:50,10700.0,2000.0,133500.0
838,2021-10-11 02:30:50,10700.0,100.0,131500.0
839,2021-10-11 02:30:50,10700.0,6000.0,131400.0
840,2021-10-11 02:30:50,10700.0,500.0,125400.0
841,2021-10-11 02:30:50,10700.0,1400.0,124900.0
842,2021-10-11 02:30:38,10750.0,200.0,123500.0
843,2021-10-11 02:30:35,10700.0,4000.0,123300.0
844,2021-10-11 02:30:06,10700.0,4600.0,119300.0
845,2021-10-11 02:30:06,10700.0,100.0,114700.0
846,2021-10-11 02:30:06,10700.0,9900.0,114600.0
847,2021-10-11 02:29:20,10700.0,100.0,104700.0
848,2021-10-11 02:29:09,10750.0,100.0,104600.0
849,2021-10-11 02:28:59,10750.0,1000.0,104500.0
850,2021-10-11 02:28:53,10750.0,200.0,103500.0
851,2021-10-11 02:28:34,10750.0,400.0,103300.0
852,2021-10-11 02:28:34,10750.0,100.0,102900.0
853,2021-10-11 02:28:34,10750.0,200.0,102800.0
854,2021-10-11 02:28:34,10750.0,600.0,102600.0
855,2021-10-11 02:27:48,10750.0,400.0,102000.0
856,2021-10-11 02:27:48,10750.0,600.0,101600.0
857,2021-10-11 02:27:35,10750.0,500.0,101000.0
858,2021-10-11 02:27:00,10750.0,500.0,100500.0
859,2021-10-11 02:26:36,10750.0,100.0,100000.0
860,2021-10-11 02:26:36,10750.0,500.0,99900.0
861,2021-10-11 02:26:36,10750.0,400.0,99400.0
862,2021-10-11 02:25:49,10750.0,700.0,99000.0
863,2021-10-11 02:25:31,10750.0,1900.0,98300.0
864,2021-10-11 02:25:31,10750.0,1100.0,96400.0
865,2021-10-11 02:24:53,10750.0,100.0,95300.0
866,2021-10-11 02:24:53,10750.0,700.0,95200.0
867,2021-10-11 02:24:31,10750.0,100.0,94500.0
868,2021-10-11 02:24:31,10750.0,100.0,94400.0
869,2021-10-11 02:24:31,10750.0,100.0,94300.0
870,2021-10-11 02:24:31,10750.0,600.0,94200.0
871,2021-10-11 02:24:18,10750.0,5500.0,93600.0
872,2021-10-11 02:24:18,10750.0,9500.0,88100.0
873,2021-10-11 02:24:09,10750.0,500.0,78600.0
874,2021-10-11 02:22:40,10800.0,500.0,78100.0
875,2021-10-11 02:22:39,10800.0,1000.0,77600.0
876,2021-10-11 02:22:24,10800.0,8000.0,76600.0
877,2021-10-11 02:22:24,10800.0,1400.0,68600.0
878,2021-10-11 02:22:24,10800.0,100.0,67200.0
879,2021-10-11 02:22:24,10800.0,500.0,67100.0
880,2021-10-11 02:22:24,10750.0,200.0,66600.0
881,2021-10-11 02:22:23,10750.0,200.0,66400.0
882,2021-10-11 02:22:06,10800.0,2500.0,66200.0
883,2021-10-11 02:22:06,10800.0,100.0,63700.0
884,2021-10-11 02:22:06,10800.0,2400.0,63600.0
885,2021-10-11 02:22:00,10750.0,600.0,61200.0
886,2021-10-11 02:21:22,10800.0,1000.0,60600.0
887,2021-10-11 02:20:42,10800.0,100.0,59600.0
888,2021-10-11 02:20:42,10800.0,2000.0,59500.0
889,2021-10-11 02:20:42,10800.0,100.0,57500.0
890,2021-10-11 02:20:42,10800.0,1000.0,57400.0
891,2021-10-11 02:20:42,10800.0,10000.0,56400.0
892,2021-10-11 02:20:42,10800.0,15000.0,46400.0
893,2021-10-11 02:20:42,10800.0,1000.0,31400.0
894,2021-10-11 02:20:42,10800.0,2000.0,30400.0
895,2021-10-11 02:20:42,10800.0,200.0,28400.0
896,2021-10-11 02:20:42,10800.0,200.0,28200.0
897,2021-10-11 02:19:43,10850.0,1000.0,28000.0
898,2021-10-11 02:19:43,10850.0,100.0,27000.0
899,2021-10-11 02:19:43,10850.0,1400.0,26900.0
900,2021-10-11 02:19:43,10850.0,200.0,25500.0
901,2021-10-11 02:19:43,10850.0,300.0,25300.0
902,2021-10-11 02:19:36,10850.0,100.0,25000.0
903,2021-10-11 02:19:31,10850.0,500.0,24900.0
904,2021-10-11 02:19:12,10850.0,700.0,24400.0
905,2021-10-11 02:19:12,10900.0,200.0,23700.0
906,2021-10-11 02:19:06,10900.0,300.0,23500.0
907,2021-10-11 02:19:06,10900.0,200.0,23200.0
908,2021-10-11 02:19:06,10900.0,1500.0,23000.0
909,2021-10-11 02:19:03,10900.0,200.0,21500.0
910,2021-10-11 02:18:50,10900.0,2000.0,21300.0
911,2021-10-11 02:18:36,10950.0,200.0,19300.0
912,2021-10-11 02:18:28,10900.0,800.0,19100.0
913,2021-10-11 02:18:28,10900.0,200.0,18300.0
914,2021-10-11 02:16:48,10950.0,4600.0,18100.0
915,2021-10-11 02:16:48,10950.0,200.0,13500.0
916,2021-10-11 02:16:33,10900.0,200.0,13300.0
917,2021-10-11 02:16:32,10900.0,100.0,13100.0
918,2021-10-11 02:16:06,10850.0,1000.0,13000.0
919,2021-10-11 02:16:06,10850.0,400.0,12000.0
920,2021-10-11 02:16:01,10850.0,1000.0,11600.0
921,2021-10-11 02:15:47,10850.0,100.0,10600.0
922,2021-10-11 02:15:47,10850.0,400.0,10500.0
923,2021-10-11 02:15:28,10850.0,100.0,10100.0
924,2021-10-11 02:15:00,10850.0,200.0,10000.0
925,2021-10-11 02:15:00,10850.0,100.0,9800.0
926,2021-10-11 02:15:00,10850.0,100.0,9700.0
927,2021-10-11 02:15:00,10850.0,100.0,9600.0
928,2021-10-11 02:15:00,10850.0,200.0,9500.0
929,2021-10-11 02:15:00,10850.0,500.0,9300.0
930,2021-10-11 02:15:00,10850.0,100.0,8800.0
931,2021-10-11 02:15:00,10850.0,100.0,8700.0
932,2021-10-11 02:15:00,10850.0,1100.0,8600.0
933,2021-10-11 02:15:00,10850.0,200.0,7500.0
934,2021-10-11 02:15:00,10850.0,500.0,7300.0
935,2021-10-11 02:15:00,10850.0,100.0,6800.0
936,2021-10-11 02:15:00,10850.0,1100.0,6700.0
937,2021-10-11 02:15:00,10850.0,3100.0,5600.0
938,2021-10-11 02:15:00,10850.0,800.0,2500.0
939,2021-10-11 02:15:00,10850.0,200.0,1700.0
940,2021-10-11 02:15:00,10850.0,800.0,1500.0
941,2021-10-11 02:15:00,10850.0,200.0,700.0
942,2021-10-11 02:15:00,10850.0,100.0,500.0
943,2021-10-11 02:15:00,10850.0,300.0,400.0
944,2021-10-11 02:15:00,10850.0,100.0,100.0
