,Time,Price,Volume_per_trade,Volume
0,2021-10-20 07:45:01,6010.0,8000.0,1814800.0
1,2021-10-20 07:45:01,6010.0,52100.0,1806800.0
2,2021-10-20 07:45:01,6010.0,200.0,1754700.0
3,2021-10-20 07:45:01,6010.0,20000.0,1754500.0
4,2021-10-20 07:45:01,6010.0,2000.0,1734500.0
5,2021-10-20 07:45:01,6010.0,700.0,1732500.0
6,2021-10-20 07:45:01,6010.0,15000.0,1731800.0
7,2021-10-20 07:45:01,6010.0,10000.0,1716800.0
8,2021-10-20 07:27:22,6010.0,800.0,1706800.0
9,2021-10-20 07:27:16,6010.0,200.0,1706000.0
10,2021-10-20 07:26:52,6010.0,500.0,1705800.0
11,2021-10-20 07:26:52,6010.0,1500.0,1705300.0
12,2021-10-20 07:26:48,6010.0,500.0,1703800.0
13,2021-10-20 07:26:48,6010.0,100.0,1703300.0
14,2021-10-20 07:26:39,6010.0,400.0,1703200.0
15,2021-10-20 07:26:39,6010.0,20000.0,1702800.0
16,2021-10-20 07:26:39,6010.0,1000.0,1682800.0
17,2021-10-20 07:26:39,6010.0,2600.0,1681800.0
18,2021-10-20 07:24:57,6010.0,2000.0,1679200.0
19,2021-10-20 07:24:41,6010.0,1000.0,1677200.0
20,2021-10-20 07:24:18,6010.0,4400.0,1676200.0
21,2021-10-20 07:24:18,6010.0,1500.0,1671800.0
22,2021-10-20 07:23:56,6010.0,12100.0,1670300.0
23,2021-10-20 07:23:48,6010.0,100.0,1658200.0
24,2021-10-20 07:23:14,6010.0,2000.0,1658100.0
25,2021-10-20 07:22:41,6010.0,500.0,1656100.0
26,2021-10-20 07:22:36,5950.0,100.0,1655600.0
27,2021-10-20 07:21:37,6010.0,300.0,1655500.0
28,2021-10-20 07:20:49,6010.0,100.0,1655200.0
29,2021-10-20 07:20:16,5950.0,400.0,1655100.0
30,2021-10-20 07:20:16,5950.0,300.0,1654700.0
31,2021-10-20 07:20:09,6000.0,100.0,1654400.0
32,2021-10-20 07:19:55,6000.0,900.0,1654300.0
33,2021-10-20 07:19:55,6000.0,100.0,1653400.0
34,2021-10-20 07:19:35,6010.0,300.0,1653300.0
35,2021-10-20 07:19:32,6010.0,100.0,1653000.0
36,2021-10-20 07:19:16,6010.0,1000.0,1652900.0
37,2021-10-20 07:19:15,6010.0,1000.0,1651900.0
38,2021-10-20 07:18:54,6010.0,3000.0,1650900.0
39,2021-10-20 07:18:36,6010.0,500.0,1647900.0
40,2021-10-20 07:18:32,6010.0,1100.0,1647400.0
41,2021-10-20 07:18:32,6010.0,900.0,1646300.0
42,2021-10-20 07:18:13,6010.0,1100.0,1645400.0
43,2021-10-20 07:18:13,6010.0,3900.0,1644300.0
44,2021-10-20 07:17:19,6010.0,10000.0,1640400.0
45,2021-10-20 07:16:42,6010.0,2700.0,1630400.0
46,2021-10-20 07:16:26,6010.0,100.0,1627700.0
47,2021-10-20 07:16:26,6010.0,1000.0,1627600.0
48,2021-10-20 07:16:26,6010.0,1000.0,1626600.0
49,2021-10-20 07:16:26,6010.0,200.0,1625600.0
50,2021-10-20 07:16:16,6010.0,1600.0,1625400.0
51,2021-10-20 07:16:13,6010.0,200.0,1623800.0
52,2021-10-20 07:16:13,6010.0,5500.0,1623600.0
53,2021-10-20 07:16:07,6010.0,10000.0,1618100.0
54,2021-10-20 07:15:49,6010.0,1500.0,1608100.0
55,2021-10-20 07:15:33,6010.0,2200.0,1606600.0
56,2021-10-20 07:15:21,6010.0,5000.0,1604400.0
57,2021-10-20 07:15:11,6010.0,5000.0,1599400.0
58,2021-10-20 07:14:56,6010.0,5600.0,1594400.0
59,2021-10-20 07:14:56,6010.0,200.0,1588800.0
60,2021-10-20 07:14:56,6010.0,3000.0,1588600.0
61,2021-10-20 07:14:56,6010.0,1000.0,1585600.0
62,2021-10-20 07:14:56,6010.0,5000.0,1584600.0
63,2021-10-20 07:14:56,6010.0,5200.0,1579600.0
64,2021-10-20 07:14:22,6010.0,5000.0,1574400.0
65,2021-10-20 07:13:07,6010.0,300.0,1569400.0
66,2021-10-20 07:13:07,6010.0,500.0,1569100.0
67,2021-10-20 07:13:07,6010.0,4000.0,1568600.0
68,2021-10-20 07:13:07,6010.0,1000.0,1564600.0
69,2021-10-20 07:13:07,6010.0,1000.0,1563600.0
70,2021-10-20 07:13:07,6010.0,1000.0,1562600.0
71,2021-10-20 07:13:07,6010.0,100.0,1561600.0
72,2021-10-20 07:13:07,6010.0,1000.0,1561500.0
73,2021-10-20 07:13:07,6010.0,1100.0,1560500.0
74,2021-10-20 07:10:55,6010.0,2400.0,1559400.0
75,2021-10-20 07:10:55,6010.0,2600.0,1557000.0
76,2021-10-20 07:10:21,6010.0,5000.0,1554400.0
77,2021-10-20 07:09:49,6010.0,100.0,1549400.0
78,2021-10-20 07:09:02,6010.0,4300.0,1549300.0
79,2021-10-20 07:09:02,6010.0,700.0,1545000.0
80,2021-10-20 07:08:39,6010.0,300.0,1544300.0
81,2021-10-20 07:08:39,6010.0,1300.0,1544000.0
82,2021-10-20 07:08:39,6010.0,1700.0,1542700.0
83,2021-10-20 07:08:39,6010.0,8700.0,1541000.0
84,2021-10-20 07:08:29,6010.0,400.0,1532300.0
85,2021-10-20 07:06:58,6010.0,10000.0,1531900.0
86,2021-10-20 07:05:45,6010.0,5000.0,1521900.0
87,2021-10-20 07:05:13,6010.0,5000.0,1516900.0
88,2021-10-20 07:04:41,6010.0,1000.0,1511900.0
89,2021-10-20 07:02:38,6010.0,5000.0,1510900.0
90,2021-10-20 07:01:29,6010.0,5000.0,1505900.0
91,2021-10-20 06:59:42,6010.0,5600.0,1500900.0
92,2021-10-20 06:59:42,6010.0,4400.0,1495300.0
93,2021-10-20 06:58:46,6010.0,100.0,1490900.0
94,2021-10-20 06:58:23,6010.0,5000.0,1490800.0
95,2021-10-20 06:56:03,6010.0,5500.0,1485800.0
96,2021-10-20 06:56:03,6010.0,4500.0,1480300.0
97,2021-10-20 06:55:26,6010.0,300.0,1475800.0
98,2021-10-20 06:53:34,6010.0,10000.0,1475500.0
99,2021-10-20 06:52:25,6010.0,3200.0,1465500.0
100,2021-10-20 06:52:25,6010.0,400.0,1462300.0
101,2021-10-20 06:52:25,6010.0,6400.0,1461900.0
102,2021-10-20 06:49:04,6010.0,2000.0,1455500.0
103,2021-10-20 06:49:04,6010.0,200.0,1453500.0
104,2021-10-20 06:48:56,6010.0,300.0,1453300.0
105,2021-10-20 06:48:55,6010.0,500.0,1453000.0
106,2021-10-20 06:48:47,6010.0,5000.0,1452500.0
107,2021-10-20 06:48:38,6010.0,4500.0,1447500.0
108,2021-10-20 06:48:38,6010.0,4300.0,1443000.0
109,2021-10-20 06:48:27,6010.0,700.0,1438700.0
110,2021-10-20 06:48:27,6010.0,2300.0,1438000.0
111,2021-10-20 06:48:25,6010.0,1000.0,1435700.0
112,2021-10-20 06:48:08,6010.0,6700.0,1434700.0
113,2021-10-20 06:48:08,6010.0,3300.0,1428000.0
114,2021-10-20 06:48:05,6010.0,1700.0,1424700.0
115,2021-10-20 06:48:05,6010.0,2000.0,1423000.0
116,2021-10-20 06:47:34,6000.0,1500.0,1421000.0
117,2021-10-20 06:47:34,6000.0,3700.0,1419500.0
118,2021-10-20 06:47:15,5960.0,1400.0,1415800.0
119,2021-10-20 06:47:09,5960.0,100.0,1414400.0
120,2021-10-20 06:47:05,5960.0,2700.0,1414300.0
121,2021-10-20 06:46:58,5960.0,500.0,1411600.0
122,2021-10-20 06:46:38,5950.0,100.0,1411100.0
123,2021-10-20 06:46:35,5950.0,100.0,1411000.0
124,2021-10-20 06:46:20,5950.0,300.0,1410900.0
125,2021-10-20 06:46:11,5950.0,5000.0,1410600.0
126,2021-10-20 06:46:04,5950.0,2000.0,1405600.0
127,2021-10-20 06:45:59,5900.0,200.0,1403600.0
128,2021-10-20 06:45:59,5900.0,200.0,1403400.0
129,2021-10-20 06:45:59,5900.0,2000.0,1403200.0
130,2021-10-20 06:45:58,5900.0,500.0,1401200.0
131,2021-10-20 06:45:53,5900.0,200.0,1400700.0
132,2021-10-20 06:45:47,5900.0,400.0,1400500.0
133,2021-10-20 06:45:47,5900.0,1500.0,1400100.0
134,2021-10-20 06:45:42,5950.0,300.0,1398600.0
135,2021-10-20 06:45:40,5900.0,500.0,1398300.0
136,2021-10-20 06:45:40,5900.0,500.0,1397800.0
137,2021-10-20 06:45:40,5900.0,100.0,1397300.0
138,2021-10-20 06:45:40,5900.0,200.0,1397200.0
139,2021-10-20 06:45:40,5900.0,200.0,1397000.0
140,2021-10-20 06:45:40,5900.0,200.0,1396800.0
141,2021-10-20 06:45:37,5950.0,500.0,1396600.0
142,2021-10-20 06:45:26,5950.0,200.0,1396100.0
143,2021-10-20 06:45:20,5950.0,1500.0,1395900.0
144,2021-10-20 06:45:20,5950.0,500.0,1394400.0
145,2021-10-20 06:45:20,5950.0,100.0,1393900.0
146,2021-10-20 06:45:20,5950.0,600.0,1393800.0
147,2021-10-20 06:45:11,5950.0,400.0,1393200.0
148,2021-10-20 06:45:09,5960.0,100.0,1392800.0
149,2021-10-20 06:45:06,5960.0,100.0,1392700.0
150,2021-10-20 06:44:49,5960.0,100.0,1392600.0
151,2021-10-20 06:44:21,6000.0,200.0,1392500.0
152,2021-10-20 06:44:09,6000.0,500.0,1392300.0
153,2021-10-20 06:43:15,6000.0,1000.0,1391800.0
154,2021-10-20 06:43:15,6000.0,5000.0,1390800.0
155,2021-10-20 06:43:15,6000.0,400.0,1385800.0
156,2021-10-20 06:43:15,6000.0,2000.0,1385400.0
157,2021-10-20 06:43:15,6000.0,600.0,1383400.0
158,2021-10-20 06:43:15,6000.0,500.0,1382800.0
159,2021-10-20 06:43:15,6000.0,300.0,1382300.0
160,2021-10-20 06:43:15,6000.0,2000.0,1382000.0
161,2021-10-20 06:43:15,6000.0,25800.0,1380000.0
162,2021-10-20 06:42:09,6010.0,100.0,1354200.0
163,2021-10-20 06:42:09,6010.0,5000.0,1354100.0
164,2021-10-20 06:42:09,6010.0,700.0,1349100.0
165,2021-10-20 06:42:09,6010.0,100.0,1348400.0
166,2021-10-20 06:42:09,6010.0,300.0,1348300.0
167,2021-10-20 06:42:09,6010.0,300.0,1348000.0
168,2021-10-20 06:42:09,6010.0,500.0,1347700.0
169,2021-10-20 06:40:37,6010.0,1500.0,1347200.0
170,2021-10-20 06:40:02,6010.0,1000.0,1345700.0
171,2021-10-20 06:40:02,6010.0,4000.0,1344700.0
172,2021-10-20 06:39:57,6010.0,10000.0,1340700.0
173,2021-10-20 06:39:44,6010.0,1500.0,1330700.0
174,2021-10-20 06:39:34,6010.0,5000.0,1329200.0
175,2021-10-20 06:39:08,6010.0,1500.0,1324200.0
176,2021-10-20 06:39:02,6010.0,200.0,1322700.0
177,2021-10-20 06:38:50,6010.0,5000.0,1322500.0
178,2021-10-20 06:37:47,6010.0,5000.0,1317500.0
179,2021-10-20 06:36:49,6010.0,2300.0,1312500.0
180,2021-10-20 06:36:49,6010.0,300.0,1310200.0
181,2021-10-20 06:36:49,6010.0,100.0,1309900.0
182,2021-10-20 06:36:49,6010.0,2300.0,1309800.0
183,2021-10-20 06:36:13,6010.0,1000.0,1307500.0
184,2021-10-20 06:35:51,6010.0,5000.0,1306500.0
185,2021-10-20 06:35:40,6010.0,5000.0,1301500.0
186,2021-10-20 06:35:40,6010.0,2700.0,1296500.0
187,2021-10-20 06:35:22,6010.0,500.0,1293800.0
188,2021-10-20 06:35:21,6010.0,7000.0,1293300.0
189,2021-10-20 06:35:13,6010.0,9800.0,1286300.0
190,2021-10-20 06:35:13,6010.0,10000.0,1276500.0
191,2021-10-20 06:35:13,6010.0,1400.0,1266500.0
192,2021-10-20 06:35:01,6010.0,500.0,1265100.0
193,2021-10-20 06:34:18,6010.0,4000.0,1264600.0
194,2021-10-20 06:34:13,6010.0,2000.0,1260600.0
195,2021-10-20 06:33:50,6010.0,500.0,1258600.0
196,2021-10-20 06:33:50,6010.0,2000.0,1258100.0
197,2021-10-20 06:33:50,6010.0,13500.0,1256100.0
198,2021-10-20 06:33:50,6010.0,100.0,1242600.0
199,2021-10-20 06:33:50,6010.0,5000.0,1242500.0
200,2021-10-20 06:33:50,6010.0,21000.0,1237500.0
201,2021-10-20 06:33:46,6010.0,5000.0,1216500.0
202,2021-10-20 06:33:43,6010.0,400.0,1211500.0
203,2021-10-20 06:33:17,6010.0,1000.0,1211100.0
204,2021-10-20 06:32:30,6010.0,1000.0,1210100.0
205,2021-10-20 06:32:07,6010.0,5000.0,1209100.0
206,2021-10-20 06:31:07,6010.0,1000.0,1204100.0
207,2021-10-20 06:30:36,6010.0,2500.0,1203100.0
208,2021-10-20 06:30:05,6010.0,500.0,1200600.0
209,2021-10-20 06:29:30,6000.0,1000.0,1200100.0
210,2021-10-20 06:28:53,6000.0,8400.0,1199100.0
211,2021-10-20 06:28:53,6000.0,300.0,1190700.0
212,2021-10-20 06:28:53,6000.0,500.0,1190400.0
213,2021-10-20 06:28:53,6000.0,200.0,1189900.0
214,2021-10-20 06:28:53,6000.0,300.0,1189700.0
215,2021-10-20 06:28:53,6010.0,10000.0,1189400.0
216,2021-10-20 06:28:53,6010.0,300.0,1179400.0
217,2021-10-20 06:28:37,6010.0,200.0,1179100.0
218,2021-10-20 06:28:12,6010.0,3000.0,1178900.0
219,2021-10-20 06:27:43,6000.0,3300.0,1175900.0
220,2021-10-20 06:27:34,6000.0,6400.0,1172600.0
221,2021-10-20 06:27:34,6000.0,500.0,1166200.0
222,2021-10-20 06:27:34,6000.0,100.0,1165700.0
223,2021-10-20 06:27:34,6000.0,800.0,1165600.0
224,2021-10-20 06:27:34,6000.0,2200.0,1164800.0
225,2021-10-20 06:27:22,6000.0,2800.0,1162600.0
226,2021-10-20 06:27:22,6000.0,3000.0,1159800.0
227,2021-10-20 06:27:22,6000.0,200.0,1156800.0
228,2021-10-20 06:27:22,6000.0,2000.0,1156600.0
229,2021-10-20 06:27:22,6000.0,2000.0,1154600.0
230,2021-10-20 06:27:06,6010.0,1000.0,1152600.0
231,2021-10-20 06:27:06,6010.0,5000.0,1151600.0
232,2021-10-20 06:27:06,6010.0,500.0,1146600.0
233,2021-10-20 06:27:06,6010.0,100.0,1146100.0
234,2021-10-20 06:27:06,6010.0,2800.0,1146000.0
235,2021-10-20 06:27:06,6010.0,100.0,1143200.0
236,2021-10-20 06:27:06,6010.0,1000.0,1143100.0
237,2021-10-20 06:27:06,6010.0,1800.0,1142100.0
238,2021-10-20 06:27:06,6010.0,100.0,1140300.0
239,2021-10-20 06:27:06,6010.0,500.0,1140200.0
240,2021-10-20 06:27:06,6010.0,300.0,1139700.0
241,2021-10-20 06:27:06,6010.0,400.0,1139400.0
242,2021-10-20 06:27:06,6010.0,10000.0,1139000.0
243,2021-10-20 06:27:06,6010.0,1000.0,1129000.0
244,2021-10-20 06:27:06,6010.0,1000.0,1128000.0
245,2021-10-20 06:27:06,6010.0,1100.0,1127000.0
246,2021-10-20 06:27:06,6010.0,13000.0,1125900.0
247,2021-10-20 06:27:06,6010.0,100.0,1112900.0
248,2021-10-20 06:27:06,6010.0,10000.0,1112800.0
249,2021-10-20 06:27:06,6010.0,1000.0,1102800.0
250,2021-10-20 06:27:06,6010.0,100.0,1101800.0
251,2021-10-20 06:27:06,6010.0,100.0,1101700.0
252,2021-10-20 06:27:06,6010.0,500.0,1101600.0
253,2021-10-20 06:27:06,6010.0,2500.0,1101100.0
254,2021-10-20 06:27:06,6010.0,18000.0,1098600.0
255,2021-10-20 06:27:06,6010.0,500.0,1080600.0
256,2021-10-20 06:27:06,6010.0,100.0,1080100.0
257,2021-10-20 06:27:06,6010.0,200.0,1080000.0
258,2021-10-20 06:27:06,6010.0,100.0,1079800.0
259,2021-10-20 06:27:06,6010.0,1500.0,1079700.0
260,2021-10-20 06:27:06,6010.0,5000.0,1078200.0
261,2021-10-20 06:27:06,6010.0,65000.0,1073200.0
262,2021-10-20 06:27:06,6010.0,1000.0,1008200.0
263,2021-10-20 06:27:06,6010.0,300.0,1007200.0
264,2021-10-20 06:27:06,6010.0,300.0,1006900.0
265,2021-10-20 06:27:06,6010.0,20000.0,1006600.0
266,2021-10-20 06:27:06,6010.0,100.0,986600.0
267,2021-10-20 06:27:06,6010.0,3000.0,986500.0
268,2021-10-20 06:27:06,6010.0,300.0,983500.0
269,2021-10-20 06:27:06,6010.0,500.0,983200.0
270,2021-10-20 06:27:06,6010.0,6000.0,982700.0
271,2021-10-20 06:27:06,6010.0,1000.0,976700.0
272,2021-10-20 06:27:06,6010.0,100.0,975700.0
273,2021-10-20 06:27:06,6010.0,2000.0,975600.0
274,2021-10-20 06:27:06,6010.0,5000.0,973600.0
275,2021-10-20 06:27:06,6010.0,4000.0,968600.0
276,2021-10-20 06:27:06,6010.0,9000.0,964600.0
277,2021-10-20 06:23:54,6010.0,1000.0,955600.0
278,2021-10-20 06:23:54,6010.0,500.0,954600.0
279,2021-10-20 06:23:54,6010.0,8500.0,954100.0
280,2021-10-20 06:22:27,6010.0,1500.0,945600.0
281,2021-10-20 06:22:27,6010.0,1000.0,944100.0
282,2021-10-20 06:22:27,6010.0,1400.0,943100.0
283,2021-10-20 06:22:27,6010.0,100.0,941700.0
284,2021-10-20 06:22:27,6010.0,6000.0,941600.0
285,2021-10-20 06:21:48,6010.0,4000.0,935600.0
286,2021-10-20 06:21:48,6010.0,1000.0,931600.0
287,2021-10-20 06:20:39,6010.0,1100.0,930600.0
288,2021-10-20 06:20:39,6010.0,1900.0,929500.0
289,2021-10-20 06:20:39,6010.0,500.0,927600.0
290,2021-10-20 06:20:39,6010.0,1500.0,927100.0
291,2021-10-20 06:19:58,6010.0,500.0,925600.0
292,2021-10-20 06:19:58,6010.0,1000.0,925100.0
293,2021-10-20 06:12:26,6010.0,10000.0,924100.0
294,2021-10-20 06:08:11,6010.0,5000.0,914100.0
295,2021-10-20 06:06:20,6010.0,100.0,909100.0
296,2021-10-20 06:06:13,6010.0,5000.0,909000.0
297,2021-10-20 06:00:01,6010.0,2000.0,904000.0
298,2021-10-20 06:00:00,6010.0,1000.0,902000.0
299,2021-10-20 04:27:40,6010.0,700.0,901000.0
300,2021-10-20 04:24:28,6010.0,10000.0,900300.0
301,2021-10-20 04:23:49,6010.0,5000.0,890300.0
302,2021-10-20 04:22:58,6010.0,5000.0,885300.0
303,2021-10-20 04:20:50,6010.0,3200.0,880300.0
304,2021-10-20 04:20:50,6010.0,100.0,877100.0
305,2021-10-20 04:20:50,6010.0,500.0,877000.0
306,2021-10-20 04:20:50,6010.0,100.0,876500.0
307,2021-10-20 04:20:50,6010.0,300.0,876400.0
308,2021-10-20 04:20:50,6010.0,100.0,876100.0
309,2021-10-20 04:20:50,6010.0,200.0,876000.0
310,2021-10-20 04:20:50,6010.0,500.0,875800.0
311,2021-10-20 04:20:06,6010.0,3300.0,875300.0
312,2021-10-20 04:20:06,6010.0,1700.0,872000.0
313,2021-10-20 04:19:04,6010.0,2300.0,870300.0
314,2021-10-20 04:19:04,6010.0,2700.0,868000.0
315,2021-10-20 04:18:28,6010.0,200.0,865300.0
316,2021-10-20 04:18:28,6010.0,100.0,865100.0
317,2021-10-20 04:18:28,6010.0,4700.0,865000.0
318,2021-10-20 04:16:22,6010.0,300.0,860300.0
319,2021-10-20 04:16:22,6010.0,300.0,860000.0
320,2021-10-20 04:16:22,6010.0,500.0,859700.0
321,2021-10-20 04:16:22,6010.0,100.0,859200.0
322,2021-10-20 04:16:22,6010.0,8100.0,859100.0
323,2021-10-20 04:16:22,6010.0,100.0,851000.0
324,2021-10-20 04:16:22,6010.0,600.0,850900.0
325,2021-10-20 04:10:12,6010.0,4100.0,850300.0
326,2021-10-20 04:10:12,6010.0,5000.0,846200.0
327,2021-10-20 04:10:12,6010.0,300.0,841200.0
328,2021-10-20 04:10:12,6010.0,600.0,840900.0
329,2021-10-20 04:09:32,6010.0,4200.0,840300.0
330,2021-10-20 04:09:32,6010.0,100.0,836100.0
331,2021-10-20 04:09:32,6010.0,2000.0,836000.0
332,2021-10-20 04:09:32,6010.0,300.0,834000.0
333,2021-10-20 04:09:32,6010.0,2500.0,833700.0
334,2021-10-20 04:09:32,6010.0,600.0,831200.0
335,2021-10-20 04:09:32,6010.0,300.0,830600.0
336,2021-10-20 04:09:11,6010.0,1700.0,830300.0
337,2021-10-20 04:09:11,6010.0,100.0,828600.0
338,2021-10-20 04:09:11,6010.0,1500.0,828500.0
339,2021-10-20 04:09:11,6010.0,1000.0,827000.0
340,2021-10-20 04:09:11,6010.0,500.0,826000.0
341,2021-10-20 04:09:11,6010.0,700.0,825500.0
342,2021-10-20 04:09:11,6010.0,4000.0,824800.0
343,2021-10-20 04:09:11,6010.0,500.0,820800.0
344,2021-10-20 04:04:39,6010.0,3200.0,820300.0
345,2021-10-20 04:04:39,6010.0,200.0,817100.0
346,2021-10-20 04:04:39,6010.0,3000.0,816900.0
347,2021-10-20 04:04:39,6010.0,1300.0,813900.0
348,2021-10-20 04:04:39,6010.0,2300.0,812600.0
349,2021-10-20 04:02:43,6010.0,2700.0,810300.0
350,2021-10-20 04:02:43,6010.0,100.0,807600.0
351,2021-10-20 04:02:43,6010.0,1000.0,807500.0
352,2021-10-20 04:02:43,6010.0,6200.0,806500.0
353,2021-10-20 04:01:36,6010.0,1800.0,800300.0
354,2021-10-20 04:01:36,6010.0,500.0,798500.0
355,2021-10-20 04:01:36,6010.0,400.0,798000.0
356,2021-10-20 04:01:36,6010.0,5000.0,797600.0
357,2021-10-20 04:01:36,6010.0,2000.0,792600.0
358,2021-10-20 04:01:36,6010.0,300.0,790600.0
359,2021-10-20 04:00:03,6010.0,3700.0,790300.0
360,2021-10-20 04:00:03,6010.0,1500.0,786600.0
361,2021-10-20 04:00:03,6010.0,100.0,785100.0
362,2021-10-20 04:00:03,6010.0,4700.0,785000.0
363,2021-10-20 03:57:52,6010.0,1300.0,780300.0
364,2021-10-20 03:57:52,6010.0,3000.0,779000.0
365,2021-10-20 03:57:52,6010.0,2000.0,776000.0
366,2021-10-20 03:57:52,6010.0,500.0,774000.0
367,2021-10-20 03:57:52,6010.0,100.0,773500.0
368,2021-10-20 03:57:52,6010.0,1000.0,773400.0
369,2021-10-20 03:57:52,6010.0,200.0,772400.0
370,2021-10-20 03:57:52,6010.0,100.0,772200.0
371,2021-10-20 03:57:52,6010.0,1000.0,772100.0
372,2021-10-20 03:57:52,6010.0,800.0,771100.0
373,2021-10-20 03:46:26,6010.0,9200.0,770300.0
374,2021-10-20 03:46:26,6010.0,100.0,761100.0
375,2021-10-20 03:46:26,6010.0,700.0,761000.0
376,2021-10-20 03:45:33,6010.0,1300.0,760300.0
377,2021-10-20 03:45:33,6010.0,600.0,759000.0
378,2021-10-20 03:45:33,6010.0,100.0,758400.0
379,2021-10-20 03:45:33,6010.0,6000.0,758300.0
380,2021-10-20 03:45:10,6010.0,1200.0,752300.0
381,2021-10-20 03:44:55,6010.0,800.0,751100.0
382,2021-10-20 03:44:00,6010.0,7000.0,750300.0
383,2021-10-20 03:44:00,6010.0,3000.0,743300.0
384,2021-10-20 03:42:51,6010.0,2000.0,740300.0
385,2021-10-20 03:42:51,6010.0,3000.0,738300.0
386,2021-10-20 03:42:07,6010.0,2000.0,735300.0
387,2021-10-20 03:42:07,6010.0,4000.0,733300.0
388,2021-10-20 03:40:18,6010.0,2000.0,729300.0
389,2021-10-20 03:39:53,6010.0,500.0,727300.0
390,2021-10-20 03:39:13,6010.0,1500.0,726800.0
391,2021-10-20 03:38:30,6010.0,5000.0,725300.0
392,2021-10-20 03:38:14,6010.0,300.0,720300.0
393,2021-10-20 03:37:35,6010.0,100.0,720000.0
394,2021-10-20 03:34:42,6010.0,3800.0,719900.0
395,2021-10-20 03:23:49,6010.0,5000.0,716100.0
396,2021-10-20 03:23:15,6010.0,7800.0,711100.0
397,2021-10-20 03:23:15,6010.0,2200.0,703300.0
398,2021-10-20 03:22:48,6010.0,1800.0,701100.0
399,2021-10-20 03:22:48,6010.0,3200.0,699300.0
400,2021-10-20 03:22:00,6010.0,1800.0,696100.0
401,2021-10-20 03:22:00,6010.0,2000.0,694300.0
402,2021-10-20 03:22:00,6010.0,4400.0,692300.0
403,2021-10-20 03:22:00,6010.0,1800.0,687900.0
404,2021-10-20 03:21:26,6010.0,2900.0,686100.0
405,2021-10-20 03:21:26,6010.0,200.0,683200.0
406,2021-10-20 03:21:26,6010.0,1900.0,683000.0
407,2021-10-20 03:20:58,6010.0,100.0,681100.0
408,2021-10-20 03:20:58,6010.0,100.0,681000.0
409,2021-10-20 03:20:58,6010.0,1800.0,680900.0
410,2021-10-20 03:20:29,6010.0,200.0,679100.0
411,2021-10-20 03:20:29,6010.0,4800.0,678900.0
412,2021-10-20 03:20:07,6010.0,3000.0,674100.0
413,2021-10-20 03:19:28,6010.0,5000.0,671100.0
414,2021-10-20 03:18:37,6010.0,100.0,666100.0
415,2021-10-20 03:06:45,6010.0,200.0,666000.0
416,2021-10-20 03:06:18,6010.0,20000.0,665800.0
417,2021-10-20 03:05:28,6010.0,20000.0,645800.0
418,2021-10-20 03:05:12,6010.0,46900.0,625800.0
419,2021-10-20 03:05:12,6010.0,3100.0,578900.0
420,2021-10-20 03:04:53,6010.0,1900.0,575800.0
421,2021-10-20 03:04:53,6010.0,100.0,573900.0
422,2021-10-20 03:04:53,6010.0,1300.0,573800.0
423,2021-10-20 03:04:53,6010.0,300.0,572500.0
424,2021-10-20 03:04:53,6010.0,1400.0,572200.0
425,2021-10-20 03:04:51,6010.0,500.0,570800.0
426,2021-10-20 03:04:30,6010.0,3100.0,570300.0
427,2021-10-20 03:04:30,6010.0,5000.0,567200.0
428,2021-10-20 03:04:30,6010.0,1900.0,562200.0
429,2021-10-20 03:03:52,6010.0,100.0,560300.0
430,2021-10-20 03:03:52,6010.0,100.0,560200.0
431,2021-10-20 03:03:52,6010.0,2000.0,560100.0
432,2021-10-20 03:03:52,6010.0,2800.0,558100.0
433,2021-10-20 03:03:10,6010.0,15000.0,555300.0
434,2021-10-20 03:02:19,6010.0,10000.0,540300.0
435,2021-10-20 03:01:37,6010.0,4200.0,530300.0
436,2021-10-20 03:01:37,6010.0,3000.0,526100.0
437,2021-10-20 03:01:37,6010.0,2800.0,523100.0
438,2021-10-20 03:01:10,6010.0,10000.0,520300.0
439,2021-10-20 03:00:32,6010.0,17200.0,510300.0
440,2021-10-20 03:00:32,6010.0,100.0,493100.0
441,2021-10-20 03:00:32,6010.0,100.0,493000.0
442,2021-10-20 03:00:32,6010.0,300.0,492900.0
443,2021-10-20 03:00:32,6010.0,2000.0,492600.0
444,2021-10-20 03:00:32,6010.0,300.0,490600.0
445,2021-10-20 02:58:49,6010.0,1300.0,490300.0
446,2021-10-20 02:58:49,6010.0,19200.0,489000.0
447,2021-10-20 02:55:57,6010.0,700.0,469800.0
448,2021-10-20 02:55:57,6010.0,1000.0,469100.0
449,2021-10-20 02:55:57,6010.0,100.0,468100.0
450,2021-10-20 02:55:57,6010.0,1000.0,468000.0
451,2021-10-20 02:55:57,6010.0,400.0,467000.0
452,2021-10-20 02:55:57,6010.0,1000.0,466600.0
453,2021-10-20 02:55:57,6010.0,1000.0,465600.0
454,2021-10-20 02:55:57,6010.0,1000.0,464600.0
455,2021-10-20 02:55:57,6010.0,1000.0,463600.0
456,2021-10-20 02:55:57,6010.0,1000.0,462600.0
457,2021-10-20 02:55:57,6010.0,1000.0,461600.0
458,2021-10-20 02:55:57,6010.0,1000.0,460600.0
459,2021-10-20 02:55:57,6010.0,5000.0,459600.0
460,2021-10-20 02:55:57,6010.0,800.0,454600.0
461,2021-10-20 02:55:57,6010.0,100.0,453800.0
462,2021-10-20 02:55:57,6010.0,400.0,453700.0
463,2021-10-20 02:55:57,6010.0,3500.0,453300.0
464,2021-10-20 02:55:43,6010.0,1100.0,449800.0
465,2021-10-20 02:55:43,6010.0,300.0,448700.0
466,2021-10-20 02:55:43,6010.0,3800.0,448400.0
467,2021-10-20 02:55:43,6010.0,1700.0,444600.0
468,2021-10-20 02:55:43,6010.0,2000.0,442900.0
469,2021-10-20 02:55:43,6010.0,2600.0,440900.0
470,2021-10-20 02:55:43,6010.0,100.0,438300.0
471,2021-10-20 02:55:43,6010.0,500.0,438200.0
472,2021-10-20 02:55:43,6010.0,5900.0,437700.0
473,2021-10-20 02:55:43,6010.0,100.0,431800.0
474,2021-10-20 02:55:43,6010.0,5000.0,431700.0
475,2021-10-20 02:55:43,6010.0,3300.0,426700.0
476,2021-10-20 02:55:43,6010.0,100.0,423400.0
477,2021-10-20 02:55:43,6010.0,2000.0,423300.0
478,2021-10-20 02:55:43,6010.0,3000.0,421300.0
479,2021-10-20 02:55:43,6010.0,2000.0,418300.0
480,2021-10-20 02:55:43,6010.0,1000.0,416300.0
481,2021-10-20 02:55:43,6010.0,5500.0,415300.0
482,2021-10-20 02:52:03,6010.0,100.0,409800.0
483,2021-10-20 02:51:52,6010.0,400.0,409700.0
484,2021-10-20 02:50:41,6010.0,100.0,409300.0
485,2021-10-20 02:48:25,6010.0,800.0,409200.0
486,2021-10-20 02:45:40,6010.0,1200.0,408400.0
487,2021-10-20 02:38:12,6010.0,200.0,407200.0
488,2021-10-20 02:33:17,6010.0,100.0,407000.0
489,2021-10-20 02:29:58,6010.0,100000.0,406900.0
490,2021-10-20 02:26:02,6010.0,200.0,306900.0
491,2021-10-20 02:25:03,6010.0,2500.0,306700.0
492,2021-10-20 02:24:27,6010.0,2600.0,304200.0
493,2021-10-20 02:23:20,6010.0,500.0,301600.0
494,2021-10-20 02:19:59,6010.0,200.0,301100.0
495,2021-10-20 02:19:52,6010.0,30000.0,300900.0
496,2021-10-20 02:19:06,6010.0,5600.0,270900.0
497,2021-10-20 02:19:06,6010.0,22200.0,265300.0
498,2021-10-20 02:19:06,6010.0,7000.0,243100.0
499,2021-10-20 02:19:06,6010.0,100.0,236100.0
500,2021-10-20 02:19:06,6010.0,200.0,236000.0
501,2021-10-20 02:19:06,6010.0,4900.0,235800.0
502,2021-10-20 02:18:20,6010.0,6100.0,230900.0
503,2021-10-20 02:18:20,6010.0,900.0,224800.0
504,2021-10-20 02:17:56,6010.0,1100.0,223900.0
505,2021-10-20 02:17:56,6010.0,3900.0,222800.0
506,2021-10-20 02:17:41,6010.0,2000.0,218900.0
507,2021-10-20 02:17:41,6010.0,10000.0,216900.0
508,2021-10-20 02:17:41,6010.0,1000.0,206900.0
509,2021-10-20 02:17:41,6010.0,2000.0,205900.0
510,2021-10-20 02:17:41,6010.0,3000.0,203900.0
511,2021-10-20 02:17:41,6010.0,2000.0,200900.0
512,2021-10-20 02:17:41,6010.0,1100.0,198900.0
513,2021-10-20 02:17:40,6010.0,51000.0,197800.0
514,2021-10-20 02:17:40,6010.0,3000.0,146800.0
515,2021-10-20 02:17:27,6010.0,2000.0,143800.0
516,2021-10-20 02:17:24,6010.0,2000.0,141800.0
517,2021-10-20 02:17:03,6000.0,3000.0,139800.0
518,2021-10-20 02:17:01,6010.0,20000.0,136800.0
519,2021-10-20 02:16:53,6010.0,20900.0,116800.0
520,2021-10-20 02:16:53,6010.0,1000.0,95900.0
521,2021-10-20 02:16:53,6010.0,100.0,94900.0
522,2021-10-20 02:16:16,6000.0,2200.0,94800.0
523,2021-10-20 02:16:16,6000.0,3000.0,92600.0
524,2021-10-20 02:16:16,6000.0,1000.0,89600.0
525,2021-10-20 02:16:11,6000.0,3000.0,88600.0
526,2021-10-20 02:15:59,6000.0,6000.0,85600.0
527,2021-10-20 02:15:59,6000.0,500.0,79600.0
528,2021-10-20 02:15:59,5990.0,5000.0,79100.0
529,2021-10-20 02:15:59,5950.0,8500.0,74100.0
530,2021-10-20 02:15:59,5950.0,1500.0,65600.0
531,2021-10-20 02:15:57,5950.0,500.0,64100.0
532,2021-10-20 02:15:48,5950.0,4500.0,63600.0
533,2021-10-20 02:15:48,5950.0,500.0,59100.0
534,2021-10-20 02:15:40,5900.0,5000.0,58600.0
535,2021-10-20 02:15:40,5900.0,1000.0,53600.0
536,2021-10-20 02:15:01,5900.0,1000.0,52600.0
537,2021-10-20 02:15:01,5900.0,500.0,51600.0
538,2021-10-20 02:15:01,5900.0,600.0,51100.0
539,2021-10-20 02:15:01,5900.0,1900.0,50500.0
540,2021-10-20 02:15:01,5900.0,100.0,48600.0
541,2021-10-20 02:15:01,5900.0,1000.0,48500.0
542,2021-10-20 02:15:01,5900.0,100.0,47500.0
543,2021-10-20 02:15:01,5900.0,100.0,47400.0
544,2021-10-20 02:15:01,5900.0,500.0,47300.0
545,2021-10-20 02:15:01,5900.0,300.0,46800.0
546,2021-10-20 02:15:01,5900.0,500.0,46500.0
547,2021-10-20 02:15:01,5900.0,2000.0,46000.0
548,2021-10-20 02:15:01,5900.0,400.0,44000.0
549,2021-10-20 02:15:01,5900.0,100.0,43600.0
550,2021-10-20 02:15:01,5900.0,100.0,43500.0
551,2021-10-20 02:15:01,5900.0,500.0,43400.0
552,2021-10-20 02:15:01,5900.0,400.0,42900.0
553,2021-10-20 02:15:01,5900.0,100.0,42500.0
554,2021-10-20 02:15:01,5900.0,900.0,42400.0
555,2021-10-20 02:15:01,5900.0,100.0,41500.0
556,2021-10-20 02:15:01,5900.0,1000.0,41400.0
557,2021-10-20 02:15:01,5900.0,1100.0,40400.0
558,2021-10-20 02:15:01,5900.0,2200.0,39300.0
559,2021-10-20 02:15:01,5900.0,2800.0,37100.0
560,2021-10-20 02:15:01,5900.0,2200.0,34300.0
561,2021-10-20 02:15:01,5900.0,2000.0,32100.0
562,2021-10-20 02:15:01,5900.0,2000.0,30100.0
563,2021-10-20 02:15:01,5900.0,100.0,28100.0
564,2021-10-20 02:15:01,5900.0,1000.0,28000.0
565,2021-10-20 02:15:01,5900.0,100.0,27000.0
566,2021-10-20 02:15:01,5900.0,2600.0,26900.0
567,2021-10-20 02:15:01,5900.0,200.0,24300.0
568,2021-10-20 02:15:01,5900.0,200.0,24100.0
569,2021-10-20 02:15:01,5900.0,200.0,23900.0
570,2021-10-20 02:15:01,5900.0,10000.0,23700.0
571,2021-10-20 02:15:01,5900.0,9600.0,13700.0
572,2021-10-20 02:15:01,5900.0,400.0,4100.0
573,2021-10-20 02:15:01,5900.0,200.0,3700.0
574,2021-10-20 02:15:01,5900.0,1500.0,3500.0
575,2021-10-20 02:15:01,5900.0,1000.0,2000.0
576,2021-10-20 02:15:01,5900.0,900.0,1000.0
577,2021-10-20 02:15:01,5900.0,100.0,100.0
