,Time,Price,Volume_per_trade,Volume
0,2021-10-07 07:45:01,4390.0,1300.0,189400.0
1,2021-10-07 07:45:01,4390.0,100.0,188100.0
2,2021-10-07 07:29:53,4430.0,100.0,188000.0
3,2021-10-07 07:28:12,4390.0,1700.0,187900.0
4,2021-10-07 07:28:12,4390.0,200.0,186200.0
5,2021-10-07 07:28:12,4420.0,300.0,186000.0
6,2021-10-07 07:28:12,4420.0,600.0,185700.0
7,2021-10-07 07:24:51,4420.0,100.0,185100.0
8,2021-10-07 07:24:51,4420.0,300.0,185000.0
9,2021-10-07 07:22:56,4420.0,100.0,184700.0
10,2021-10-07 07:20:26,4420.0,700.0,184600.0
11,2021-10-07 07:17:34,4420.0,500.0,183900.0
12,2021-10-07 07:16:34,4410.0,800.0,183400.0
13,2021-10-07 07:14:02,4410.0,200.0,182600.0
14,2021-10-07 06:59:14,4390.0,100.0,182400.0
15,2021-10-07 06:59:14,4390.0,100.0,182300.0
16,2021-10-07 06:57:57,4390.0,900.0,182200.0
17,2021-10-07 06:57:35,4390.0,300.0,181300.0
18,2021-10-07 06:57:29,4390.0,800.0,181000.0
19,2021-10-07 06:39:37,4450.0,1000.0,180200.0
20,2021-10-07 06:38:58,4450.0,500.0,179200.0
21,2021-10-07 06:38:58,4450.0,1600.0,178700.0
22,2021-10-07 06:38:58,4450.0,10000.0,177100.0
23,2021-10-07 06:38:58,4450.0,100.0,167100.0
24,2021-10-07 06:38:58,4450.0,300.0,167000.0
25,2021-10-07 06:38:58,4450.0,1900.0,166700.0
26,2021-10-07 06:38:58,4390.0,6600.0,164800.0
27,2021-10-07 06:38:55,4390.0,1500.0,158200.0
28,2021-10-07 06:38:55,4390.0,1000.0,156700.0
29,2021-10-07 06:38:55,4390.0,900.0,155700.0
30,2021-10-07 06:21:46,4450.0,100.0,154800.0
31,2021-10-07 06:18:37,4450.0,700.0,154700.0
32,2021-10-07 06:17:16,4390.0,100.0,154000.0
33,2021-10-07 06:17:16,4390.0,1100.0,153900.0
34,2021-10-07 06:17:16,4400.0,400.0,152800.0
35,2021-10-07 06:17:16,4400.0,1000.0,152400.0
36,2021-10-07 06:17:16,4400.0,100.0,151400.0
37,2021-10-07 06:17:16,4410.0,2400.0,151300.0
38,2021-10-07 06:17:16,4410.0,1000.0,148900.0
39,2021-10-07 06:17:16,4410.0,1000.0,147900.0
40,2021-10-07 06:17:16,4410.0,300.0,146900.0
41,2021-10-07 06:17:16,4410.0,700.0,146600.0
42,2021-10-07 06:09:38,4450.0,3000.0,145900.0
43,2021-10-07 06:02:13,4460.0,100.0,142900.0
44,2021-10-07 06:02:13,4460.0,400.0,142800.0
45,2021-10-07 04:27:16,4460.0,100.0,142400.0
46,2021-10-07 04:24:55,4470.0,400.0,142300.0
47,2021-10-07 04:21:39,4470.0,1000.0,141900.0
48,2021-10-07 04:19:37,4460.0,200.0,140900.0
49,2021-10-07 04:18:28,4460.0,500.0,140700.0
50,2021-10-07 04:16:15,4410.0,500.0,140200.0
51,2021-10-07 04:12:35,4410.0,100.0,139700.0
52,2021-10-07 04:12:14,4450.0,1000.0,139600.0
53,2021-10-07 03:55:16,4490.0,500.0,138600.0
54,2021-10-07 03:54:29,4470.0,100.0,138100.0
55,2021-10-07 03:54:29,4470.0,100.0,138000.0
56,2021-10-07 03:54:01,4500.0,500.0,137900.0
57,2021-10-07 03:54:01,4500.0,1300.0,137400.0
58,2021-10-07 03:54:01,4490.0,200.0,136100.0
59,2021-10-07 03:54:01,4480.0,100.0,135900.0
60,2021-10-07 03:52:52,4480.0,200.0,135800.0
61,2021-10-07 03:48:34,4480.0,600.0,135600.0
62,2021-10-07 03:48:34,4480.0,300.0,135000.0
63,2021-10-07 03:48:21,4470.0,14500.0,134700.0
64,2021-10-07 03:46:59,4470.0,2300.0,120200.0
65,2021-10-07 03:46:59,4470.0,200.0,117900.0
66,2021-10-07 03:46:59,4470.0,900.0,117700.0
67,2021-10-07 03:46:11,4410.0,3600.0,116800.0
68,2021-10-07 03:46:11,4410.0,1000.0,113200.0
69,2021-10-07 03:46:11,4410.0,100.0,112200.0
70,2021-10-07 03:46:11,4410.0,300.0,112100.0
71,2021-10-07 03:45:09,4470.0,100.0,111800.0
72,2021-10-07 03:44:22,4470.0,3000.0,111700.0
73,2021-10-07 03:42:26,4470.0,2000.0,108700.0
74,2021-10-07 03:41:42,4470.0,400.0,106700.0
75,2021-10-07 03:35:54,4410.0,500.0,106300.0
76,2021-10-07 03:33:30,4410.0,100.0,105800.0
77,2021-10-07 03:31:39,4410.0,1100.0,105700.0
78,2021-10-07 03:29:45,4480.0,2000.0,104600.0
79,2021-10-07 03:26:55,4480.0,900.0,102600.0
80,2021-10-07 03:26:55,4470.0,100.0,101700.0
81,2021-10-07 03:25:42,4480.0,300.0,101600.0
82,2021-10-07 03:24:21,4480.0,7800.0,101300.0
83,2021-10-07 03:22:21,4480.0,500.0,93500.0
84,2021-10-07 03:22:21,4480.0,100.0,93000.0
85,2021-10-07 03:19:31,4500.0,400.0,92900.0
86,2021-10-07 03:18:47,4480.0,900.0,92500.0
87,2021-10-07 03:18:47,4480.0,900.0,91600.0
88,2021-10-07 03:18:47,4490.0,400.0,90700.0
89,2021-10-07 03:18:01,4490.0,1000.0,90300.0
90,2021-10-07 03:17:29,4480.0,100.0,89300.0
91,2021-10-07 03:16:28,4490.0,500.0,89200.0
92,2021-10-07 03:14:40,4500.0,200.0,88700.0
93,2021-10-07 03:12:51,4500.0,2100.0,88500.0
94,2021-10-07 03:12:28,4500.0,300.0,86400.0
95,2021-10-07 03:12:19,4500.0,5000.0,86100.0
96,2021-10-07 03:12:06,4500.0,1100.0,81100.0
97,2021-10-07 03:11:54,4500.0,600.0,80000.0
98,2021-10-07 03:11:53,4500.0,7500.0,79400.0
99,2021-10-07 03:11:30,4490.0,800.0,71900.0
100,2021-10-07 03:11:21,4490.0,1200.0,71100.0
101,2021-10-07 03:11:21,4490.0,500.0,69900.0
102,2021-10-07 03:11:21,4490.0,1600.0,69400.0
103,2021-10-07 03:10:58,4490.0,1000.0,67800.0
104,2021-10-07 03:10:34,4480.0,1000.0,66800.0
105,2021-10-07 03:10:14,4490.0,1400.0,65800.0
106,2021-10-07 03:10:09,4480.0,3000.0,64400.0
107,2021-10-07 02:59:49,4500.0,400.0,61400.0
108,2021-10-07 02:57:01,4400.0,100.0,61000.0
109,2021-10-07 02:56:41,4500.0,500.0,60900.0
110,2021-10-07 02:55:40,4500.0,600.0,60400.0
111,2021-10-07 02:55:40,4500.0,300.0,59800.0
112,2021-10-07 02:55:40,4500.0,1500.0,59500.0
113,2021-10-07 02:55:40,4500.0,100.0,58000.0
114,2021-10-07 02:55:19,4450.0,7600.0,57900.0
115,2021-10-07 02:53:29,4400.0,100.0,50300.0
116,2021-10-07 02:52:40,4400.0,8200.0,50200.0
117,2021-10-07 02:52:29,4400.0,2000.0,42000.0
118,2021-10-07 02:52:21,4450.0,200.0,40000.0
119,2021-10-07 02:52:21,4450.0,100.0,39800.0
120,2021-10-07 02:52:21,4400.0,1700.0,39700.0
121,2021-10-07 02:52:11,4400.0,1300.0,38000.0
122,2021-10-07 02:52:11,4400.0,2000.0,36700.0
123,2021-10-07 02:52:11,4400.0,100.0,34700.0
124,2021-10-07 02:52:11,4400.0,100.0,34600.0
125,2021-10-07 02:52:11,4400.0,500.0,34500.0
126,2021-10-07 02:52:00,4400.0,100.0,34000.0
127,2021-10-07 02:51:27,4400.0,100.0,33900.0
128,2021-10-07 02:51:15,4400.0,2000.0,33800.0
129,2021-10-07 02:50:50,4400.0,800.0,31800.0
130,2021-10-07 02:50:50,4400.0,200.0,31000.0
131,2021-10-07 02:50:50,4400.0,700.0,30800.0
132,2021-10-07 02:50:50,4400.0,100.0,30100.0
133,2021-10-07 02:50:19,4390.0,400.0,30000.0
134,2021-10-07 02:50:19,4390.0,200.0,29600.0
135,2021-10-07 02:50:19,4390.0,100.0,29400.0
136,2021-10-07 02:50:19,4390.0,200.0,29300.0
137,2021-10-07 02:49:50,4390.0,200.0,29100.0
138,2021-10-07 02:48:29,4350.0,200.0,28900.0
139,2021-10-07 02:45:43,4350.0,3100.0,28700.0
140,2021-10-07 02:44:34,4350.0,500.0,25600.0
141,2021-10-07 02:44:34,4350.0,1000.0,25100.0
142,2021-10-07 02:44:34,4350.0,4900.0,24100.0
143,2021-10-07 02:44:34,4350.0,100.0,19200.0
144,2021-10-07 02:44:34,4350.0,400.0,19100.0
145,2021-10-07 02:41:31,4350.0,3200.0,18700.0
146,2021-10-07 02:40:53,4390.0,4600.0,15500.0
147,2021-10-07 02:40:53,4380.0,300.0,10900.0
148,2021-10-07 02:40:53,4380.0,100.0,10600.0
149,2021-10-07 02:40:15,4350.0,1000.0,10500.0
150,2021-10-07 02:39:49,4350.0,300.0,9500.0
151,2021-10-07 02:39:49,4350.0,1000.0,9200.0
152,2021-10-07 02:37:47,4320.0,100.0,8200.0
153,2021-10-07 02:32:55,4310.0,2000.0,8100.0
154,2021-10-07 02:29:19,4400.0,100.0,6100.0
155,2021-10-07 02:29:19,4380.0,100.0,6000.0
156,2021-10-07 02:29:19,4350.0,200.0,5900.0
157,2021-10-07 02:23:17,4300.0,200.0,5700.0
158,2021-10-07 02:23:01,4300.0,300.0,5500.0
159,2021-10-07 02:23:01,4300.0,100.0,5200.0
160,2021-10-07 02:23:01,4300.0,100.0,5100.0
161,2021-10-07 02:23:01,4300.0,100.0,5000.0
162,2021-10-07 02:22:14,4280.0,2000.0,4900.0
163,2021-10-07 02:21:16,4280.0,100.0,2900.0
164,2021-10-07 02:21:16,4280.0,100.0,2800.0
165,2021-10-07 02:21:16,4280.0,2400.0,2700.0
166,2021-10-07 02:15:00,4280.0,100.0,300.0
167,2021-10-07 02:15:00,4280.0,100.0,200.0
168,2021-10-07 02:15:00,4280.0,100.0,100.0
