,Time,Price,Volume_per_trade,Volume
0,2021-10-19 07:45:01,5620.0,100.0,1064900.0
1,2021-10-19 07:45:01,5620.0,200.0,1064800.0
2,2021-10-19 07:45:01,5620.0,200.0,1064600.0
3,2021-10-19 07:20:19,5620.0,100.0,1064400.0
4,2021-10-19 07:03:50,5620.0,31200.0,1064300.0
5,2021-10-19 06:48:34,5620.0,100.0,1033100.0
6,2021-10-19 06:34:52,5620.0,100.0,1033000.0
7,2021-10-19 06:34:16,5620.0,300.0,1032900.0
8,2021-10-19 06:00:23,5620.0,300.0,1032600.0
9,2021-10-19 06:00:07,5620.0,1900.0,1032300.0
10,2021-10-19 06:00:00,5620.0,100.0,1030400.0
11,2021-10-19 04:11:09,5620.0,500.0,1030300.0
12,2021-10-19 04:06:44,5620.0,500.0,1029800.0
13,2021-10-19 04:04:51,5620.0,1000.0,1029300.0
14,2021-10-19 04:04:32,5620.0,29000.0,1028300.0
15,2021-10-19 03:52:58,5620.0,100.0,999300.0
16,2021-10-19 03:46:46,5620.0,5000.0,999200.0
17,2021-10-19 03:46:23,5620.0,9100.0,994200.0
18,2021-10-19 03:46:23,5620.0,500.0,985100.0
19,2021-10-19 03:46:23,5620.0,500.0,984600.0
20,2021-10-19 03:46:23,5620.0,400.0,984100.0
21,2021-10-19 03:46:23,5620.0,4500.0,983700.0
22,2021-10-19 03:45:56,5620.0,25500.0,979200.0
23,2021-10-19 03:45:56,5620.0,1000.0,953700.0
24,2021-10-19 03:45:56,5620.0,100.0,952700.0
25,2021-10-19 03:45:56,5620.0,500.0,952600.0
26,2021-10-19 03:45:56,5620.0,12900.0,952100.0
27,2021-10-19 03:45:39,5620.0,10000.0,939200.0
28,2021-10-19 03:44:25,5620.0,200.0,929200.0
29,2021-10-19 03:43:19,5620.0,700.0,929000.0
30,2021-10-19 03:42:42,5620.0,200.0,928300.0
31,2021-10-19 03:42:26,5620.0,1000.0,928100.0
32,2021-10-19 03:41:54,5620.0,20000.0,927100.0
33,2021-10-19 03:41:45,5620.0,1000.0,907100.0
34,2021-10-19 03:40:53,5620.0,5400.0,906100.0
35,2021-10-19 03:40:53,5620.0,500.0,900700.0
36,2021-10-19 03:40:53,5620.0,500.0,900200.0
37,2021-10-19 03:40:53,5620.0,2600.0,899700.0
38,2021-10-19 03:40:46,5620.0,400.0,897100.0
39,2021-10-19 03:40:16,5620.0,2300.0,896700.0
40,2021-10-19 03:39:50,5620.0,4000.0,894400.0
41,2021-10-19 03:39:33,5610.0,100.0,890400.0
42,2021-10-19 03:38:55,5620.0,200.0,890300.0
43,2021-10-19 03:38:19,5620.0,200.0,890100.0
44,2021-10-19 03:38:09,5620.0,1600.0,889900.0
45,2021-10-19 03:38:07,5620.0,200.0,888300.0
46,2021-10-19 03:37:08,5620.0,500.0,888100.0
47,2021-10-19 03:37:06,5620.0,1000.0,887600.0
48,2021-10-19 03:36:54,5620.0,200.0,886600.0
49,2021-10-19 03:36:32,5620.0,400.0,886400.0
50,2021-10-19 03:36:04,5620.0,500.0,886000.0
51,2021-10-19 03:34:44,5620.0,5000.0,885500.0
52,2021-10-19 03:34:37,5620.0,3500.0,880500.0
53,2021-10-19 03:34:09,5620.0,100.0,877000.0
54,2021-10-19 03:34:07,5620.0,100.0,876900.0
55,2021-10-19 03:33:21,5620.0,6000.0,876800.0
56,2021-10-19 03:32:51,5620.0,100.0,870800.0
57,2021-10-19 03:31:44,5620.0,500.0,870700.0
58,2021-10-19 03:31:30,5620.0,200.0,870200.0
59,2021-10-19 03:31:30,5620.0,1000.0,870000.0
60,2021-10-19 03:31:30,5620.0,600.0,869000.0
61,2021-10-19 03:31:30,5620.0,2100.0,868400.0
62,2021-10-19 03:31:30,5620.0,2300.0,866300.0
63,2021-10-19 03:31:30,5620.0,21200.0,864000.0
64,2021-10-19 03:31:30,5620.0,100.0,842800.0
65,2021-10-19 03:31:30,5620.0,400.0,842700.0
66,2021-10-19 03:31:30,5620.0,100.0,842300.0
67,2021-10-19 03:31:30,5620.0,2500.0,842200.0
68,2021-10-19 03:31:30,5620.0,300.0,839700.0
69,2021-10-19 03:31:30,5620.0,2000.0,839400.0
70,2021-10-19 03:31:30,5620.0,100.0,837400.0
71,2021-10-19 03:31:30,5620.0,5000.0,837300.0
72,2021-10-19 03:31:30,5620.0,10000.0,832300.0
73,2021-10-19 03:31:30,5620.0,900.0,822300.0
74,2021-10-19 03:31:30,5620.0,18000.0,821400.0
75,2021-10-19 03:31:30,5620.0,2000.0,803400.0
76,2021-10-19 03:31:30,5620.0,1800.0,801400.0
77,2021-10-19 03:29:33,5620.0,100.0,799600.0
78,2021-10-19 03:29:33,5620.0,300.0,799500.0
79,2021-10-19 03:24:13,5620.0,5000.0,799200.0
80,2021-10-19 03:24:13,5620.0,500.0,794200.0
81,2021-10-19 03:24:13,5620.0,1000.0,793700.0
82,2021-10-19 03:24:13,5620.0,3000.0,792700.0
83,2021-10-19 03:24:13,5620.0,400.0,789700.0
84,2021-10-19 03:24:13,5620.0,2000.0,789300.0
85,2021-10-19 03:24:13,5620.0,100.0,787300.0
86,2021-10-19 03:24:13,5620.0,1500.0,787200.0
87,2021-10-19 03:24:13,5620.0,1900.0,785700.0
88,2021-10-19 03:24:03,5620.0,100.0,783800.0
89,2021-10-19 03:24:03,5620.0,900.0,783700.0
90,2021-10-19 03:24:01,5620.0,600.0,782800.0
91,2021-10-19 03:23:40,5620.0,100.0,782200.0
92,2021-10-19 03:23:40,5620.0,500.0,782100.0
93,2021-10-19 03:23:32,5620.0,7000.0,781600.0
94,2021-10-19 03:23:32,5620.0,300.0,774600.0
95,2021-10-19 03:23:04,5620.0,700.0,774300.0
96,2021-10-19 03:23:04,5620.0,300.0,773600.0
97,2021-10-19 03:23:00,5620.0,200.0,773300.0
98,2021-10-19 03:23:00,5620.0,100.0,773100.0
99,2021-10-19 03:23:00,5620.0,200.0,773000.0
100,2021-10-19 03:23:00,5620.0,300.0,772800.0
101,2021-10-19 03:22:38,5620.0,100.0,772500.0
102,2021-10-19 03:22:26,5620.0,100.0,772400.0
103,2021-10-19 03:22:07,5620.0,500.0,772300.0
104,2021-10-19 03:22:07,5620.0,4500.0,771800.0
105,2021-10-19 03:22:05,5620.0,1800.0,767300.0
106,2021-10-19 03:21:52,5610.0,400.0,765500.0
107,2021-10-19 03:21:44,5620.0,13000.0,765100.0
108,2021-10-19 03:21:34,5620.0,200.0,752100.0
109,2021-10-19 03:21:24,5620.0,11500.0,751900.0
110,2021-10-19 03:21:24,5620.0,300.0,740400.0
111,2021-10-19 03:21:24,5620.0,100.0,740100.0
112,2021-10-19 03:21:24,5620.0,100.0,740000.0
113,2021-10-19 03:21:24,5620.0,5300.0,739900.0
114,2021-10-19 03:21:24,5620.0,400.0,734600.0
115,2021-10-19 03:21:24,5620.0,3000.0,734200.0
116,2021-10-19 03:21:24,5620.0,100.0,731200.0
117,2021-10-19 03:21:24,5620.0,100.0,731100.0
118,2021-10-19 03:21:24,5620.0,2000.0,731000.0
119,2021-10-19 03:21:24,5620.0,1000.0,729000.0
120,2021-10-19 03:21:24,5620.0,100.0,728000.0
121,2021-10-19 03:21:24,5620.0,16000.0,727900.0
122,2021-10-19 03:21:16,5610.0,800.0,711900.0
123,2021-10-19 03:21:16,5610.0,4200.0,711100.0
124,2021-10-19 03:21:06,5620.0,500.0,706900.0
125,2021-10-19 03:21:00,5620.0,3500.0,706400.0
126,2021-10-19 03:21:00,5620.0,500.0,702900.0
127,2021-10-19 03:20:16,5620.0,1000.0,702400.0
128,2021-10-19 03:20:16,5620.0,100.0,701400.0
129,2021-10-19 03:20:16,5620.0,5000.0,701300.0
130,2021-10-19 03:20:16,5620.0,500.0,696300.0
131,2021-10-19 03:20:16,5620.0,100.0,695800.0
132,2021-10-19 03:20:16,5620.0,900.0,695700.0
133,2021-10-19 03:20:08,5620.0,100.0,694800.0
134,2021-10-19 03:20:08,5620.0,5900.0,694700.0
135,2021-10-19 03:19:42,5620.0,100.0,688800.0
136,2021-10-19 03:19:25,5620.0,100.0,688700.0
137,2021-10-19 03:19:20,5620.0,20000.0,688600.0
138,2021-10-19 03:19:10,5610.0,800.0,668600.0
139,2021-10-19 03:19:10,5610.0,100.0,667800.0
140,2021-10-19 03:19:10,5610.0,400.0,667700.0
141,2021-10-19 03:19:10,5610.0,1000.0,667300.0
142,2021-10-19 03:19:10,5610.0,700.0,666300.0
143,2021-10-19 03:19:03,5620.0,100.0,665600.0
144,2021-10-19 03:18:55,5620.0,7000.0,665500.0
145,2021-10-19 03:18:31,5620.0,400.0,658500.0
146,2021-10-19 03:17:57,5620.0,18000.0,658100.0
147,2021-10-19 03:17:53,5620.0,7000.0,640100.0
148,2021-10-19 03:17:38,5620.0,4000.0,633100.0
149,2021-10-19 03:17:31,5620.0,10000.0,629100.0
150,2021-10-19 03:17:03,5620.0,5000.0,619100.0
151,2021-10-19 03:15:54,5620.0,200.0,614100.0
152,2021-10-19 03:15:35,5620.0,600.0,613900.0
153,2021-10-19 03:14:58,5620.0,3800.0,613300.0
154,2021-10-19 03:14:43,5620.0,100.0,609500.0
155,2021-10-19 03:14:22,5620.0,700.0,609400.0
156,2021-10-19 03:14:15,5620.0,10000.0,608700.0
157,2021-10-19 03:13:37,5620.0,100.0,598700.0
158,2021-10-19 03:13:31,5620.0,300.0,598600.0
159,2021-10-19 03:13:05,5620.0,200.0,598300.0
160,2021-10-19 03:12:53,5620.0,8000.0,598100.0
161,2021-10-19 03:12:49,5620.0,100.0,590100.0
162,2021-10-19 03:11:47,5620.0,800.0,590000.0
163,2021-10-19 03:11:32,5620.0,2500.0,589200.0
164,2021-10-19 03:11:28,5620.0,8500.0,586700.0
165,2021-10-19 03:11:23,5620.0,300.0,578200.0
166,2021-10-19 03:10:54,5620.0,3000.0,577900.0
167,2021-10-19 03:10:49,5620.0,1000.0,574900.0
168,2021-10-19 03:10:40,5620.0,1000.0,573900.0
169,2021-10-19 03:10:14,5620.0,4600.0,572900.0
170,2021-10-19 03:10:01,5620.0,10000.0,568300.0
171,2021-10-19 03:09:58,5620.0,3000.0,558300.0
172,2021-10-19 03:09:40,5620.0,100.0,555300.0
173,2021-10-19 03:09:03,5620.0,900.0,555200.0
174,2021-10-19 03:09:02,5620.0,2000.0,554300.0
175,2021-10-19 03:08:49,5620.0,100.0,552300.0
176,2021-10-19 03:08:49,5620.0,6400.0,552200.0
177,2021-10-19 03:07:38,5620.0,2600.0,545800.0
178,2021-10-19 03:07:18,5610.0,100.0,543200.0
179,2021-10-19 03:07:18,5610.0,22500.0,543100.0
180,2021-10-19 03:07:14,5610.0,2000.0,520600.0
181,2021-10-19 03:06:10,5610.0,5000.0,518600.0
182,2021-10-19 03:05:39,5600.0,600.0,513600.0
183,2021-10-19 03:05:19,5610.0,100.0,513000.0
184,2021-10-19 03:05:18,5610.0,200.0,512900.0
185,2021-10-19 03:04:55,5610.0,500.0,512700.0
186,2021-10-19 03:04:37,5610.0,200.0,512200.0
187,2021-10-19 03:04:07,5600.0,500.0,512000.0
188,2021-10-19 03:04:07,5600.0,800.0,511500.0
189,2021-10-19 03:03:46,5600.0,200.0,510700.0
190,2021-10-19 03:03:16,5600.0,100.0,510500.0
191,2021-10-19 03:03:02,5600.0,2000.0,510400.0
192,2021-10-19 03:03:02,5600.0,5000.0,508400.0
193,2021-10-19 03:03:02,5600.0,1000.0,503400.0
194,2021-10-19 03:03:02,5600.0,1500.0,502400.0
195,2021-10-19 03:03:02,5600.0,200.0,500900.0
196,2021-10-19 03:03:02,5600.0,9100.0,500700.0
197,2021-10-19 03:03:02,5600.0,100.0,491600.0
198,2021-10-19 03:02:06,5600.0,100.0,491500.0
199,2021-10-19 03:02:06,5600.0,1000.0,491400.0
200,2021-10-19 03:01:48,5610.0,3000.0,490400.0
201,2021-10-19 03:01:48,5610.0,2500.0,487400.0
202,2021-10-19 03:01:46,5610.0,100.0,484900.0
203,2021-10-19 03:01:30,5610.0,13300.0,484800.0
204,2021-10-19 03:01:17,5610.0,100.0,471500.0
205,2021-10-19 03:01:06,5610.0,100.0,471400.0
206,2021-10-19 03:00:53,5600.0,100.0,471300.0
207,2021-10-19 03:00:44,5600.0,1600.0,471200.0
208,2021-10-19 03:00:32,5600.0,1400.0,469600.0
209,2021-10-19 03:00:32,5600.0,600.0,468200.0
210,2021-10-19 03:00:26,5600.0,100.0,467600.0
211,2021-10-19 02:59:45,5600.0,500.0,467500.0
212,2021-10-19 02:59:33,5600.0,600.0,467000.0
213,2021-10-19 02:59:28,5600.0,100.0,466400.0
214,2021-10-19 02:59:18,5600.0,100.0,466300.0
215,2021-10-19 02:59:18,5600.0,400.0,466200.0
216,2021-10-19 02:59:06,5600.0,100.0,465800.0
217,2021-10-19 02:58:12,5600.0,200.0,465700.0
218,2021-10-19 02:58:12,5580.0,6600.0,465500.0
219,2021-10-19 02:58:10,5580.0,1000.0,458900.0
220,2021-10-19 02:58:10,5580.0,100.0,457900.0
221,2021-10-19 02:58:10,5580.0,2300.0,457800.0
222,2021-10-19 02:57:54,5600.0,800.0,455500.0
223,2021-10-19 02:57:54,5600.0,100.0,454700.0
224,2021-10-19 02:57:54,5600.0,500.0,454600.0
225,2021-10-19 02:57:54,5600.0,1000.0,454100.0
226,2021-10-19 02:57:54,5600.0,2200.0,453100.0
227,2021-10-19 02:57:54,5600.0,1000.0,450900.0
228,2021-10-19 02:57:54,5600.0,200.0,449900.0
229,2021-10-19 02:57:54,5600.0,400.0,449700.0
230,2021-10-19 02:56:46,5580.0,900.0,449300.0
231,2021-10-19 02:56:37,5580.0,1000.0,448400.0
232,2021-10-19 02:56:37,5580.0,800.0,447400.0
233,2021-10-19 02:56:33,5580.0,200.0,446600.0
234,2021-10-19 02:56:33,5580.0,300.0,446400.0
235,2021-10-19 02:56:27,5580.0,700.0,446100.0
236,2021-10-19 02:56:27,5580.0,200.0,445400.0
237,2021-10-19 02:55:50,5580.0,200.0,445200.0
238,2021-10-19 02:55:50,5580.0,100.0,445000.0
239,2021-10-19 02:55:50,5580.0,100.0,444900.0
240,2021-10-19 02:55:47,5570.0,400.0,444800.0
241,2021-10-19 02:55:24,5580.0,900.0,444400.0
242,2021-10-19 02:54:49,5570.0,100.0,443500.0
243,2021-10-19 02:54:09,5560.0,100.0,443400.0
244,2021-10-19 02:53:56,5560.0,200.0,443300.0
245,2021-10-19 02:52:39,5560.0,300.0,443100.0
246,2021-10-19 02:51:59,5560.0,3000.0,442800.0
247,2021-10-19 02:51:51,5550.0,400.0,439800.0
248,2021-10-19 02:51:01,5560.0,1500.0,439400.0
249,2021-10-19 02:50:56,5560.0,200.0,437900.0
250,2021-10-19 02:50:55,5560.0,1000.0,437700.0
251,2021-10-19 02:50:46,5570.0,100.0,436700.0
252,2021-10-19 02:50:35,5570.0,1000.0,436600.0
253,2021-10-19 02:50:00,5570.0,400.0,435600.0
254,2021-10-19 02:49:33,5570.0,1000.0,435200.0
255,2021-10-19 02:49:30,5570.0,500.0,434200.0
256,2021-10-19 02:49:07,5570.0,1600.0,433700.0
257,2021-10-19 02:49:03,5570.0,1500.0,432100.0
258,2021-10-19 02:47:54,5570.0,500.0,430600.0
259,2021-10-19 02:47:29,5550.0,100.0,430100.0
260,2021-10-19 02:47:29,5570.0,2000.0,430000.0
261,2021-10-19 02:47:29,5570.0,1700.0,428000.0
262,2021-10-19 02:47:18,5570.0,600.0,426300.0
263,2021-10-19 02:47:18,5570.0,1000.0,425700.0
264,2021-10-19 02:47:18,5570.0,500.0,424700.0
265,2021-10-19 02:47:18,5570.0,1200.0,424200.0
266,2021-10-19 02:45:34,5550.0,5000.0,423000.0
267,2021-10-19 02:45:34,5560.0,1000.0,418000.0
268,2021-10-19 02:45:14,5570.0,200.0,417000.0
269,2021-10-19 02:43:59,5550.0,600.0,416800.0
270,2021-10-19 02:43:10,5570.0,2000.0,416200.0
271,2021-10-19 02:42:16,5550.0,100.0,414200.0
272,2021-10-19 02:42:16,5550.0,400.0,414100.0
273,2021-10-19 02:41:31,5550.0,500.0,413700.0
274,2021-10-19 02:40:53,5550.0,600.0,413200.0
275,2021-10-19 02:40:53,5560.0,1200.0,412600.0
276,2021-10-19 02:40:51,5560.0,800.0,411400.0
277,2021-10-19 02:40:23,5560.0,200.0,410600.0
278,2021-10-19 02:39:23,5560.0,1000.0,410400.0
279,2021-10-19 02:39:23,5560.0,800.0,409400.0
280,2021-10-19 02:39:13,5560.0,2000.0,408600.0
281,2021-10-19 02:39:01,5560.0,100.0,406600.0
282,2021-10-19 02:38:59,5560.0,100.0,406500.0
283,2021-10-19 02:38:50,5560.0,4700.0,406400.0
284,2021-10-19 02:38:50,5560.0,600.0,401700.0
285,2021-10-19 02:38:50,5560.0,4000.0,401100.0
286,2021-10-19 02:38:50,5560.0,200.0,397100.0
287,2021-10-19 02:38:50,5560.0,500.0,396900.0
288,2021-10-19 02:38:03,5560.0,500.0,396400.0
289,2021-10-19 02:38:03,5560.0,200.0,395900.0
290,2021-10-19 02:38:03,5560.0,500.0,395700.0
291,2021-10-19 02:38:00,5570.0,3000.0,395200.0
292,2021-10-19 02:37:56,5570.0,2000.0,392200.0
293,2021-10-19 02:37:53,5570.0,1000.0,390200.0
294,2021-10-19 02:37:53,5570.0,100.0,389200.0
295,2021-10-19 02:37:53,5570.0,500.0,389100.0
296,2021-10-19 02:37:20,5570.0,100.0,388600.0
297,2021-10-19 02:37:20,5570.0,500.0,388500.0
298,2021-10-19 02:37:20,5570.0,5400.0,388000.0
299,2021-10-19 02:36:37,5570.0,2000.0,382600.0
300,2021-10-19 02:36:12,5570.0,1600.0,380600.0
301,2021-10-19 02:36:12,5570.0,100.0,379000.0
302,2021-10-19 02:36:12,5570.0,300.0,378900.0
303,2021-10-19 02:36:09,5580.0,400.0,378600.0
304,2021-10-19 02:35:58,5580.0,300.0,378200.0
305,2021-10-19 02:35:58,5580.0,100.0,377900.0
306,2021-10-19 02:35:52,5600.0,4600.0,377800.0
307,2021-10-19 02:35:52,5600.0,2400.0,373200.0
308,2021-10-19 02:35:52,5590.0,500.0,370800.0
309,2021-10-19 02:35:31,5580.0,200.0,370300.0
310,2021-10-19 02:35:17,5580.0,700.0,370100.0
311,2021-10-19 02:35:09,5580.0,1000.0,369400.0
312,2021-10-19 02:35:00,5580.0,100.0,368400.0
313,2021-10-19 02:34:34,5580.0,300.0,368300.0
314,2021-10-19 02:34:34,5580.0,2700.0,368000.0
315,2021-10-19 02:34:31,5580.0,3600.0,365300.0
316,2021-10-19 02:33:38,5570.0,300.0,361700.0
317,2021-10-19 02:33:33,5570.0,100.0,361400.0
318,2021-10-19 02:33:33,5570.0,2300.0,361300.0
319,2021-10-19 02:33:23,5570.0,1000.0,359000.0
320,2021-10-19 02:33:12,5570.0,500.0,358000.0
321,2021-10-19 02:32:58,5570.0,1000.0,357500.0
322,2021-10-19 02:32:53,5560.0,1000.0,356500.0
323,2021-10-19 02:32:27,5570.0,18800.0,355500.0
324,2021-10-19 02:31:46,5570.0,100.0,336700.0
325,2021-10-19 02:31:04,5570.0,6300.0,336600.0
326,2021-10-19 02:31:04,5570.0,3700.0,330300.0
327,2021-10-19 02:30:56,5560.0,300.0,326600.0
328,2021-10-19 02:30:40,5570.0,500.0,326300.0
329,2021-10-19 02:30:31,5570.0,400.0,325800.0
330,2021-10-19 02:30:06,5570.0,100.0,325400.0
331,2021-10-19 02:30:06,5570.0,200.0,325300.0
332,2021-10-19 02:30:06,5570.0,200.0,325100.0
333,2021-10-19 02:30:06,5570.0,2900.0,324900.0
334,2021-10-19 02:30:03,5570.0,2100.0,322000.0
335,2021-10-19 02:30:03,5570.0,27900.0,319900.0
336,2021-10-19 02:29:06,5570.0,5000.0,292000.0
337,2021-10-19 02:28:55,5580.0,100.0,287000.0
338,2021-10-19 02:28:47,5580.0,500.0,286900.0
339,2021-10-19 02:28:47,5570.0,100.0,286400.0
340,2021-10-19 02:28:17,5580.0,1100.0,286300.0
341,2021-10-19 02:28:17,5580.0,600.0,285200.0
342,2021-10-19 02:28:14,5560.0,5100.0,284600.0
343,2021-10-19 02:28:10,5580.0,200.0,279500.0
344,2021-10-19 02:28:06,5560.0,1000.0,279300.0
345,2021-10-19 02:27:43,5550.0,500.0,278300.0
346,2021-10-19 02:27:18,5550.0,300.0,277800.0
347,2021-10-19 02:27:11,5550.0,300.0,277500.0
348,2021-10-19 02:27:10,5550.0,100.0,277200.0
349,2021-10-19 02:27:03,5550.0,100.0,277100.0
350,2021-10-19 02:26:47,5550.0,700.0,277000.0
351,2021-10-19 02:26:13,5550.0,100.0,276300.0
352,2021-10-19 02:26:08,5550.0,100.0,276200.0
353,2021-10-19 02:26:08,5570.0,200.0,276100.0
354,2021-10-19 02:26:08,5570.0,200.0,275900.0
355,2021-10-19 02:26:08,5570.0,200.0,275700.0
356,2021-10-19 02:26:08,5570.0,300.0,275500.0
357,2021-10-19 02:26:04,5580.0,500.0,275200.0
358,2021-10-19 02:25:54,5580.0,100.0,274700.0
359,2021-10-19 02:25:47,5580.0,300.0,274600.0
360,2021-10-19 02:25:47,5580.0,500.0,274300.0
361,2021-10-19 02:25:47,5580.0,300.0,273800.0
362,2021-10-19 02:25:47,5580.0,300.0,273500.0
363,2021-10-19 02:25:47,5580.0,1000.0,273200.0
364,2021-10-19 02:25:47,5580.0,6200.0,272200.0
365,2021-10-19 02:25:24,5580.0,6000.0,266000.0
366,2021-10-19 02:24:57,5590.0,4000.0,260000.0
367,2021-10-19 02:24:55,5600.0,400.0,256000.0
368,2021-10-19 02:24:53,5600.0,1800.0,255600.0
369,2021-10-19 02:24:53,5590.0,200.0,253800.0
370,2021-10-19 02:24:48,5590.0,200.0,253600.0
371,2021-10-19 02:24:47,5590.0,1000.0,253400.0
372,2021-10-19 02:24:45,5590.0,1000.0,252400.0
373,2021-10-19 02:24:45,5590.0,1600.0,251400.0
374,2021-10-19 02:24:12,5590.0,100.0,249800.0
375,2021-10-19 02:23:58,5590.0,100.0,249700.0
376,2021-10-19 02:23:54,5600.0,400.0,249600.0
377,2021-10-19 02:23:54,5600.0,200.0,249200.0
378,2021-10-19 02:23:23,5600.0,600.0,249000.0
379,2021-10-19 02:23:09,5590.0,100.0,248400.0
380,2021-10-19 02:23:09,5590.0,200.0,248300.0
381,2021-10-19 02:23:09,5590.0,500.0,248100.0
382,2021-10-19 02:23:08,5590.0,100.0,247600.0
383,2021-10-19 02:22:56,5590.0,1200.0,247500.0
384,2021-10-19 02:22:50,5580.0,5000.0,246300.0
385,2021-10-19 02:22:40,5590.0,200.0,241300.0
386,2021-10-19 02:22:29,5580.0,1000.0,241100.0
387,2021-10-19 02:22:24,5580.0,100.0,240100.0
388,2021-10-19 02:22:24,5580.0,300.0,240000.0
389,2021-10-19 02:22:24,5580.0,500.0,239700.0
390,2021-10-19 02:22:17,5580.0,700.0,239200.0
391,2021-10-19 02:22:17,5580.0,4000.0,238500.0
392,2021-10-19 02:22:17,5580.0,300.0,234500.0
393,2021-10-19 02:22:11,5580.0,200.0,234200.0
394,2021-10-19 02:21:48,5580.0,4500.0,234000.0
395,2021-10-19 02:21:39,5580.0,200.0,229500.0
396,2021-10-19 02:21:24,5590.0,2000.0,229300.0
397,2021-10-19 02:21:24,5580.0,2000.0,227300.0
398,2021-10-19 02:21:21,5550.0,100.0,225300.0
399,2021-10-19 02:20:58,5550.0,1000.0,225200.0
400,2021-10-19 02:20:09,5590.0,1000.0,224200.0
401,2021-10-19 02:19:40,5590.0,500.0,223200.0
402,2021-10-19 02:19:38,5590.0,1500.0,222700.0
403,2021-10-19 02:19:23,5600.0,200.0,221200.0
404,2021-10-19 02:19:23,5600.0,200.0,221000.0
405,2021-10-19 02:19:23,5600.0,500.0,220800.0
406,2021-10-19 02:19:23,5590.0,100.0,220300.0
407,2021-10-19 02:19:16,5590.0,800.0,220200.0
408,2021-10-19 02:18:39,5590.0,200.0,219400.0
409,2021-10-19 02:18:32,5600.0,2800.0,219200.0
410,2021-10-19 02:18:32,5590.0,4100.0,216400.0
411,2021-10-19 02:18:32,5410.0,100.0,212300.0
412,2021-10-19 02:17:43,5400.0,500.0,212200.0
413,2021-10-19 02:17:43,5400.0,300.0,211700.0
414,2021-10-19 02:17:41,5400.0,100.0,211400.0
415,2021-10-19 02:17:31,5400.0,300.0,211300.0
416,2021-10-19 02:17:13,5400.0,2000.0,211000.0
417,2021-10-19 02:17:13,5400.0,1000.0,209000.0
418,2021-10-19 02:17:13,5500.0,300.0,208000.0
419,2021-10-19 02:17:13,5600.0,600.0,207700.0
420,2021-10-19 02:17:10,5600.0,500.0,207100.0
421,2021-10-19 02:16:45,5600.0,200.0,206600.0
422,2021-10-19 02:16:44,5500.0,1000.0,206400.0
423,2021-10-19 02:16:42,5600.0,1000.0,205400.0
424,2021-10-19 02:16:40,5600.0,1000.0,204400.0
425,2021-10-19 02:16:26,5600.0,1000.0,203400.0
426,2021-10-19 02:16:24,5600.0,400.0,202400.0
427,2021-10-19 02:16:24,5600.0,200.0,202000.0
428,2021-10-19 02:16:24,5600.0,10000.0,201800.0
429,2021-10-19 02:16:24,5600.0,800.0,191800.0
430,2021-10-19 02:16:24,5610.0,1000.0,191000.0
431,2021-10-19 02:16:14,5600.0,1000.0,190000.0
432,2021-10-19 02:16:01,5600.0,1000.0,189000.0
433,2021-10-19 02:15:55,5600.0,500.0,188000.0
434,2021-10-19 02:15:38,5600.0,100.0,187500.0
435,2021-10-19 02:15:35,5600.0,1600.0,187400.0
436,2021-10-19 02:15:30,5600.0,100.0,185800.0
437,2021-10-19 02:15:16,5600.0,900.0,185700.0
438,2021-10-19 02:15:16,5600.0,100.0,184800.0
439,2021-10-19 02:15:16,5600.0,1000.0,184700.0
440,2021-10-19 02:15:16,5600.0,1000.0,183700.0
441,2021-10-19 02:15:15,5620.0,9200.0,182700.0
442,2021-10-19 02:15:01,5620.0,1000.0,173500.0
443,2021-10-19 02:15:01,5620.0,100.0,172500.0
444,2021-10-19 02:15:01,5620.0,500.0,172400.0
445,2021-10-19 02:15:01,5620.0,1000.0,171900.0
446,2021-10-19 02:15:01,5620.0,4000.0,170900.0
447,2021-10-19 02:15:01,5620.0,500.0,166900.0
448,2021-10-19 02:15:01,5620.0,1000.0,166400.0
449,2021-10-19 02:15:01,5620.0,4000.0,165400.0
450,2021-10-19 02:15:01,5620.0,100.0,161400.0
451,2021-10-19 02:15:01,5620.0,1000.0,161300.0
452,2021-10-19 02:15:01,5620.0,500.0,160300.0
453,2021-10-19 02:15:01,5620.0,1000.0,159800.0
454,2021-10-19 02:15:01,5620.0,2000.0,158800.0
455,2021-10-19 02:15:01,5620.0,100.0,156800.0
456,2021-10-19 02:15:01,5620.0,4000.0,156700.0
457,2021-10-19 02:15:01,5620.0,2500.0,152700.0
458,2021-10-19 02:15:01,5620.0,15000.0,150200.0
459,2021-10-19 02:15:01,5620.0,4000.0,135200.0
460,2021-10-19 02:15:01,5620.0,300.0,131200.0
461,2021-10-19 02:15:01,5620.0,2000.0,130900.0
462,2021-10-19 02:15:01,5620.0,5000.0,128900.0
463,2021-10-19 02:15:01,5620.0,5000.0,123900.0
464,2021-10-19 02:15:01,5620.0,3700.0,118900.0
465,2021-10-19 02:15:01,5620.0,11500.0,115200.0
466,2021-10-19 02:15:01,5620.0,1000.0,103700.0
467,2021-10-19 02:15:01,5620.0,500.0,102700.0
468,2021-10-19 02:15:01,5620.0,1000.0,102200.0
469,2021-10-19 02:15:01,5620.0,300.0,101200.0
470,2021-10-19 02:15:01,5620.0,10800.0,100900.0
471,2021-10-19 02:15:01,5620.0,3000.0,90100.0
472,2021-10-19 02:15:01,5620.0,3000.0,87100.0
473,2021-10-19 02:15:01,5620.0,100.0,84100.0
474,2021-10-19 02:15:01,5620.0,300.0,84000.0
475,2021-10-19 02:15:01,5620.0,500.0,83700.0
476,2021-10-19 02:15:01,5620.0,1000.0,83200.0
477,2021-10-19 02:15:01,5620.0,5000.0,82200.0
478,2021-10-19 02:15:01,5620.0,3000.0,77200.0
479,2021-10-19 02:15:01,5620.0,800.0,74200.0
480,2021-10-19 02:15:01,5620.0,500.0,73400.0
481,2021-10-19 02:15:01,5620.0,1000.0,72900.0
482,2021-10-19 02:15:01,5620.0,2100.0,71900.0
483,2021-10-19 02:15:01,5620.0,500.0,69800.0
484,2021-10-19 02:15:01,5620.0,25000.0,69300.0
485,2021-10-19 02:15:01,5620.0,22400.0,44300.0
486,2021-10-19 02:15:01,5620.0,500.0,21900.0
487,2021-10-19 02:15:01,5620.0,1300.0,21400.0
488,2021-10-19 02:15:01,5620.0,5000.0,20100.0
489,2021-10-19 02:15:01,5620.0,1000.0,15100.0
490,2021-10-19 02:15:01,5620.0,2000.0,14100.0
491,2021-10-19 02:15:01,5620.0,3000.0,12100.0
492,2021-10-19 02:15:01,5620.0,3000.0,9100.0
493,2021-10-19 02:15:01,5620.0,1000.0,6100.0
494,2021-10-19 02:15:01,5620.0,600.0,5100.0
495,2021-10-19 02:15:01,5620.0,400.0,4500.0
496,2021-10-19 02:15:01,5620.0,400.0,4100.0
497,2021-10-19 02:15:01,5620.0,1600.0,3700.0
498,2021-10-19 02:15:01,5620.0,2000.0,2100.0
499,2021-10-19 02:15:01,5620.0,100.0,100.0
