,Time,Price,Volume_per_trade,Volume
0,2021-10-08 07:45:01,3250.0,400.0,100000.0
1,2021-10-08 07:45:01,3250.0,100.0,99600.0
2,2021-10-08 07:45:01,3250.0,100.0,99500.0
3,2021-10-08 07:45:01,3250.0,1600.0,99400.0
4,2021-10-08 07:45:01,3250.0,3500.0,97800.0
5,2021-10-08 07:45:01,3250.0,200.0,94300.0
6,2021-10-08 07:45:01,3250.0,2000.0,94100.0
7,2021-10-08 07:45:01,3250.0,3000.0,92100.0
8,2021-10-08 07:45:01,3250.0,1500.0,89100.0
9,2021-10-08 07:29:33,3210.0,2100.0,87600.0
10,2021-10-08 07:29:31,3210.0,100.0,85500.0
11,2021-10-08 07:29:31,3210.0,700.0,85400.0
12,2021-10-08 07:29:14,3210.0,1000.0,84700.0
13,2021-10-08 07:28:32,3210.0,6300.0,83700.0
14,2021-10-08 07:28:32,3230.0,100.0,77400.0
15,2021-10-08 07:28:29,3230.0,300.0,77300.0
16,2021-10-08 07:27:41,3230.0,500.0,77000.0
17,2021-10-08 07:26:36,3230.0,200.0,76500.0
18,2021-10-08 07:26:04,3230.0,5000.0,76300.0
19,2021-10-08 07:24:17,3200.0,500.0,71300.0
20,2021-10-08 07:23:59,3200.0,3000.0,70800.0
21,2021-10-08 07:23:12,3200.0,1000.0,67800.0
22,2021-10-08 07:23:12,3200.0,300.0,66800.0
23,2021-10-08 07:22:44,3210.0,300.0,66500.0
24,2021-10-08 07:22:10,3200.0,900.0,66200.0
25,2021-10-08 07:21:46,3200.0,300.0,65300.0
26,2021-10-08 07:21:32,3200.0,300.0,65000.0
27,2021-10-08 07:21:29,3200.0,100.0,64700.0
28,2021-10-08 07:21:29,3200.0,700.0,64600.0
29,2021-10-08 07:21:29,3200.0,500.0,63900.0
30,2021-10-08 07:20:09,3210.0,1700.0,63400.0
31,2021-10-08 07:18:22,3250.0,100.0,61700.0
32,2021-10-08 07:16:12,3250.0,300.0,61600.0
33,2021-10-08 07:14:19,3250.0,2300.0,61300.0
34,2021-10-08 07:13:50,3250.0,1500.0,59000.0
35,2021-10-08 07:13:45,3260.0,100.0,57500.0
36,2021-10-08 07:12:31,3260.0,100.0,57400.0
37,2021-10-08 07:11:40,3210.0,6300.0,57300.0
38,2021-10-08 07:11:40,3220.0,900.0,51000.0
39,2021-10-08 07:11:40,3220.0,2000.0,50100.0
40,2021-10-08 07:11:40,3220.0,100.0,48100.0
41,2021-10-08 07:11:40,3220.0,200.0,48000.0
42,2021-10-08 07:11:40,3220.0,500.0,47800.0
43,2021-10-08 07:11:40,3220.0,100.0,47300.0
44,2021-10-08 07:11:40,3220.0,200.0,47200.0
45,2021-10-08 07:07:49,3220.0,100.0,47000.0
46,2021-10-08 07:07:49,3220.0,100.0,46900.0
47,2021-10-08 07:07:49,3220.0,400.0,46800.0
48,2021-10-08 07:07:49,3220.0,300.0,46400.0
49,2021-10-08 07:07:49,3230.0,100.0,46100.0
50,2021-10-08 07:06:51,3270.0,100.0,46000.0
51,2021-10-08 07:03:03,3280.0,500.0,45900.0
52,2021-10-08 07:00:00,3280.0,200.0,45400.0
53,2021-10-08 06:58:22,3290.0,100.0,45200.0
54,2021-10-08 06:56:47,3290.0,1900.0,45100.0
55,2021-10-08 06:56:33,3290.0,100.0,43200.0
56,2021-10-08 06:55:00,3290.0,100.0,43100.0
57,2021-10-08 06:54:19,3220.0,200.0,43000.0
58,2021-10-08 06:54:19,3250.0,3000.0,42800.0
59,2021-10-08 06:51:45,3220.0,500.0,39800.0
60,2021-10-08 06:49:07,3300.0,300.0,39300.0
61,2021-10-08 06:48:59,3300.0,100.0,39000.0
62,2021-10-08 06:48:25,3300.0,1100.0,38900.0
63,2021-10-08 06:46:56,3300.0,4000.0,37800.0
64,2021-10-08 06:46:28,3300.0,500.0,33800.0
65,2021-10-08 06:44:32,3310.0,1000.0,33300.0
66,2021-10-08 06:44:32,3310.0,1000.0,32300.0
67,2021-10-08 06:44:32,3310.0,2000.0,31300.0
68,2021-10-08 06:42:19,3310.0,100.0,29300.0
69,2021-10-08 06:42:19,3310.0,300.0,29200.0
70,2021-10-08 06:42:19,3310.0,100.0,28900.0
71,2021-10-08 06:40:12,3310.0,100.0,28800.0
72,2021-10-08 06:37:51,3320.0,1200.0,28700.0
73,2021-10-08 06:37:18,3320.0,500.0,27500.0
74,2021-10-08 06:36:33,3320.0,200.0,27000.0
75,2021-10-08 06:36:33,3320.0,400.0,26800.0
76,2021-10-08 06:36:33,3320.0,100.0,26400.0
77,2021-10-08 06:33:19,3350.0,200.0,26300.0
78,2021-10-08 06:28:50,3360.0,300.0,26100.0
79,2021-10-08 06:26:18,3360.0,100.0,25800.0
80,2021-10-08 06:26:18,3360.0,600.0,25700.0
81,2021-10-08 06:26:18,3350.0,1000.0,25100.0
82,2021-10-08 06:26:18,3350.0,1000.0,24100.0
83,2021-10-08 06:26:18,3350.0,100.0,23100.0
84,2021-10-08 06:26:18,3340.0,500.0,23000.0
85,2021-10-08 06:26:18,3330.0,200.0,22500.0
86,2021-10-08 06:26:18,3330.0,1500.0,22300.0
87,2021-10-08 06:24:26,3320.0,500.0,20800.0
88,2021-10-08 06:24:01,3320.0,1000.0,20300.0
89,2021-10-08 06:24:01,3330.0,1500.0,19300.0
90,2021-10-08 06:23:45,3330.0,100.0,17800.0
91,2021-10-08 06:23:45,3330.0,100.0,17700.0
92,2021-10-08 06:23:45,3330.0,200.0,17600.0
93,2021-10-08 06:22:28,3330.0,100.0,17400.0
94,2021-10-08 06:22:19,3320.0,100.0,17300.0
95,2021-10-08 06:21:19,3330.0,100.0,17200.0
96,2021-10-08 06:21:19,3330.0,600.0,17100.0
97,2021-10-08 06:20:00,3330.0,1000.0,16500.0
98,2021-10-08 06:18:28,3330.0,1400.0,15500.0
99,2021-10-08 06:17:51,3330.0,100.0,14100.0
100,2021-10-08 06:16:45,3330.0,2900.0,14000.0
101,2021-10-08 06:16:12,3330.0,100.0,11100.0
102,2021-10-08 06:15:27,3350.0,100.0,11000.0
103,2021-10-08 06:15:19,3350.0,100.0,10900.0
104,2021-10-08 06:14:20,3350.0,1000.0,10800.0
105,2021-10-08 06:14:20,3350.0,800.0,9800.0
106,2021-10-08 06:11:06,3350.0,200.0,9000.0
107,2021-10-08 06:10:35,3350.0,100.0,8800.0
108,2021-10-08 06:10:35,3350.0,600.0,8700.0
109,2021-10-08 06:07:56,3320.0,400.0,8100.0
110,2021-10-08 06:07:16,3220.0,100.0,7700.0
111,2021-10-08 06:02:03,3150.0,200.0,7600.0
112,2021-10-08 06:02:03,3150.0,300.0,7400.0
113,2021-10-08 06:02:03,3150.0,100.0,7100.0
114,2021-10-08 06:00:49,3320.0,2900.0,7000.0
115,2021-10-08 06:00:49,3300.0,100.0,4100.0
116,2021-10-08 06:00:42,3320.0,2000.0,4000.0
117,2021-10-08 06:00:26,3320.0,1000.0,2000.0
118,2021-10-08 06:00:02,3320.0,1000.0,1000.0
