,Time,Price,Volume_per_trade,Volume
0,2021-10-21 07:45:02,14500.0,1000.0,169300.0
1,2021-10-21 07:45:02,14500.0,1100.0,168300.0
2,2021-10-21 07:45:02,14500.0,2700.0,167200.0
3,2021-10-21 07:45:02,14500.0,1300.0,164500.0
4,2021-10-21 07:29:49,14400.0,1100.0,163200.0
5,2021-10-21 07:29:49,14400.0,400.0,162100.0
6,2021-10-21 07:29:49,14400.0,100.0,161700.0
7,2021-10-21 07:29:49,14400.0,100.0,161600.0
8,2021-10-21 07:29:49,14400.0,100.0,161500.0
9,2021-10-21 07:29:49,14400.0,100.0,161400.0
10,2021-10-21 07:29:49,14400.0,200.0,161300.0
11,2021-10-21 07:29:49,14400.0,1000.0,161100.0
12,2021-10-21 07:29:49,14400.0,100.0,160100.0
13,2021-10-21 07:29:49,14400.0,1800.0,160000.0
14,2021-10-21 07:29:16,14500.0,100.0,158200.0
15,2021-10-21 07:27:01,14500.0,100.0,158100.0
16,2021-10-21 07:10:07,14400.0,18200.0,158000.0
17,2021-10-21 07:10:07,14400.0,1000.0,139800.0
18,2021-10-21 07:10:07,14450.0,100.0,138800.0
19,2021-10-21 07:10:07,14450.0,300.0,138700.0
20,2021-10-21 07:10:07,14450.0,100.0,138400.0
21,2021-10-21 07:10:07,14450.0,100.0,138300.0
22,2021-10-21 07:10:07,14450.0,200.0,138200.0
23,2021-10-21 06:57:24,14500.0,200.0,138000.0
24,2021-10-21 06:57:24,14500.0,100.0,137800.0
25,2021-10-21 06:57:24,14500.0,200.0,137700.0
26,2021-10-21 06:57:24,14500.0,100.0,137500.0
27,2021-10-21 06:57:24,14500.0,100.0,137400.0
28,2021-10-21 06:57:24,14500.0,1000.0,137300.0
29,2021-10-21 06:57:24,14500.0,300.0,136300.0
30,2021-10-21 06:44:01,14500.0,700.0,136000.0
31,2021-10-21 06:43:40,14500.0,100.0,135300.0
32,2021-10-21 06:42:53,14500.0,200.0,135200.0
33,2021-10-21 06:35:57,14500.0,300.0,135000.0
34,2021-10-21 06:35:07,14500.0,200.0,134700.0
35,2021-10-21 06:35:07,14500.0,1500.0,134500.0
36,2021-10-21 06:35:07,14500.0,500.0,133000.0
37,2021-10-21 06:35:07,14500.0,100.0,132500.0
38,2021-10-21 06:35:07,14500.0,400.0,132400.0
39,2021-10-21 06:27:49,14500.0,4600.0,132000.0
40,2021-10-21 06:27:49,14500.0,100.0,127400.0
41,2021-10-21 06:27:49,14500.0,100.0,127300.0
42,2021-10-21 06:27:49,14500.0,200.0,127200.0
43,2021-10-21 06:26:02,14500.0,100.0,127000.0
44,2021-10-21 06:15:57,14500.0,700.0,126900.0
45,2021-10-21 06:15:57,14550.0,2300.0,126200.0
46,2021-10-21 06:14:16,14550.0,10000.0,123900.0
47,2021-10-21 04:29:42,14800.0,500.0,113900.0
48,2021-10-21 04:29:03,14800.0,100.0,113400.0
49,2021-10-21 04:28:50,14800.0,1700.0,113300.0
50,2021-10-21 04:28:50,14800.0,400.0,111600.0
51,2021-10-21 04:28:50,14800.0,400.0,111200.0
52,2021-10-21 04:28:00,14800.0,200.0,110800.0
53,2021-10-21 04:28:00,14800.0,1000.0,110600.0
54,2021-10-21 04:27:21,14800.0,1000.0,109600.0
55,2021-10-21 04:25:10,14850.0,1100.0,108600.0
56,2021-10-21 04:24:49,14800.0,300.0,107500.0
57,2021-10-21 04:24:17,14800.0,2200.0,107200.0
58,2021-10-21 04:24:17,14800.0,400.0,105000.0
59,2021-10-21 04:23:41,14800.0,100.0,104600.0
60,2021-10-21 04:23:25,14800.0,2600.0,104500.0
61,2021-10-21 04:23:22,14800.0,100.0,101900.0
62,2021-10-21 04:23:22,14800.0,300.0,101800.0
63,2021-10-21 04:22:24,14850.0,400.0,101500.0
64,2021-10-21 04:22:24,14850.0,100.0,101100.0
65,2021-10-21 04:22:07,14800.0,700.0,101000.0
66,2021-10-21 04:21:56,14800.0,300.0,100300.0
67,2021-10-21 04:21:56,14800.0,200.0,100000.0
68,2021-10-21 04:21:43,14800.0,2200.0,99800.0
69,2021-10-21 04:21:29,14800.0,100.0,97600.0
70,2021-10-21 04:21:29,14800.0,500.0,97500.0
71,2021-10-21 04:21:15,14800.0,800.0,97000.0
72,2021-10-21 04:20:59,14800.0,200.0,96200.0
73,2021-10-21 04:20:47,14800.0,500.0,96000.0
74,2021-10-21 04:20:34,14800.0,500.0,95500.0
75,2021-10-21 04:20:34,14800.0,2000.0,95000.0
76,2021-10-21 04:15:30,14850.0,200.0,93000.0
77,2021-10-21 03:53:20,14850.0,200.0,92800.0
78,2021-10-21 03:53:20,14850.0,1300.0,92600.0
79,2021-10-21 03:52:05,14850.0,700.0,91300.0
80,2021-10-21 03:52:05,14850.0,400.0,90600.0
81,2021-10-21 03:51:50,14850.0,500.0,90200.0
82,2021-10-21 03:51:27,14850.0,300.0,89700.0
83,2021-10-21 03:51:27,14850.0,1700.0,89400.0
84,2021-10-21 03:50:38,14850.0,700.0,87700.0
85,2021-10-21 03:50:22,14850.0,600.0,87000.0
86,2021-10-21 03:50:22,14850.0,300.0,86400.0
87,2021-10-21 03:50:22,14850.0,200.0,86100.0
88,2021-10-21 03:50:22,14850.0,100.0,85900.0
89,2021-10-21 03:50:07,14850.0,1000.0,85800.0
90,2021-10-21 03:49:37,14850.0,400.0,84800.0
91,2021-10-21 03:49:37,14800.0,100.0,84400.0
92,2021-10-21 03:49:03,14800.0,100.0,84300.0
93,2021-10-21 03:47:55,14850.0,300.0,84200.0
94,2021-10-21 03:47:55,14850.0,300.0,83900.0
95,2021-10-21 03:46:17,14850.0,100.0,83600.0
96,2021-10-21 03:45:50,14850.0,1100.0,83500.0
97,2021-10-21 03:45:26,14850.0,700.0,82400.0
98,2021-10-21 03:45:14,14850.0,100.0,81700.0
99,2021-10-21 03:45:14,14850.0,700.0,81600.0
100,2021-10-21 03:45:14,14850.0,800.0,80900.0
101,2021-10-21 03:44:25,14850.0,1000.0,80100.0
102,2021-10-21 03:44:25,14850.0,400.0,79100.0
103,2021-10-21 03:44:13,14850.0,1000.0,78700.0
104,2021-10-21 03:43:34,14850.0,600.0,77700.0
105,2021-10-21 03:43:34,14850.0,700.0,77100.0
106,2021-10-21 03:43:04,14850.0,1000.0,76400.0
107,2021-10-21 03:42:53,14850.0,300.0,75400.0
108,2021-10-21 03:42:53,14850.0,2000.0,75100.0
109,2021-10-21 03:42:53,14850.0,700.0,73100.0
110,2021-10-21 03:42:16,14850.0,1000.0,72400.0
111,2021-10-21 03:37:40,14850.0,500.0,71400.0
112,2021-10-21 03:37:25,14850.0,1000.0,70900.0
113,2021-10-21 03:33:50,14850.0,1500.0,69900.0
114,2021-10-21 03:33:34,14850.0,500.0,68400.0
115,2021-10-21 03:33:02,14850.0,1000.0,67900.0
116,2021-10-21 03:32:37,14850.0,2000.0,66900.0
117,2021-10-21 03:32:21,14800.0,400.0,64900.0
118,2021-10-21 03:20:34,14800.0,1000.0,64500.0
119,2021-10-21 03:20:07,14800.0,2000.0,63500.0
120,2021-10-21 03:19:16,14850.0,500.0,61500.0
121,2021-10-21 03:18:42,14850.0,500.0,61000.0
122,2021-10-21 03:18:42,14850.0,100.0,60500.0
123,2021-10-21 03:18:42,14850.0,400.0,60400.0
124,2021-10-21 03:08:46,14850.0,500.0,60000.0
125,2021-10-21 03:06:38,14850.0,100.0,59500.0
126,2021-10-21 03:06:38,14850.0,900.0,59400.0
127,2021-10-21 03:05:47,14850.0,100.0,58500.0
128,2021-10-21 03:05:31,14850.0,200.0,58400.0
129,2021-10-21 03:05:31,14850.0,600.0,58200.0
130,2021-10-21 03:04:41,14800.0,100.0,57600.0
131,2021-10-21 03:04:41,14750.0,300.0,57500.0
132,2021-10-21 03:04:22,14750.0,400.0,57200.0
133,2021-10-21 03:04:22,14750.0,100.0,56800.0
134,2021-10-21 03:03:23,14850.0,100.0,56700.0
135,2021-10-21 03:03:23,14400.0,100.0,56600.0
136,2021-10-21 03:02:34,14400.0,100.0,56500.0
137,2021-10-21 03:02:24,14400.0,100.0,56400.0
138,2021-10-21 03:02:06,14400.0,1000.0,56300.0
139,2021-10-21 03:02:04,14200.0,900.0,55300.0
140,2021-10-21 03:01:50,14200.0,1000.0,54400.0
141,2021-10-21 03:01:50,14200.0,500.0,53400.0
142,2021-10-21 03:01:50,14200.0,100.0,52900.0
143,2021-10-21 03:01:50,14300.0,1000.0,52800.0
144,2021-10-21 03:01:50,14300.0,100.0,51800.0
145,2021-10-21 03:01:47,14400.0,1000.0,51700.0
146,2021-10-21 03:01:47,14400.0,500.0,50700.0
147,2021-10-21 03:01:47,14400.0,100.0,50200.0
148,2021-10-21 03:00:34,14500.0,400.0,50100.0
149,2021-10-21 03:00:34,14500.0,100.0,49700.0
150,2021-10-21 03:00:34,14600.0,300.0,49600.0
151,2021-10-21 02:58:30,14650.0,400.0,49300.0
152,2021-10-21 02:58:30,14650.0,200.0,48900.0
153,2021-10-21 02:56:15,14800.0,600.0,48700.0
154,2021-10-21 02:56:15,14850.0,1000.0,48100.0
155,2021-10-21 02:56:06,14850.0,400.0,47100.0
156,2021-10-21 02:55:38,14850.0,1600.0,46700.0
157,2021-10-21 02:55:28,14850.0,400.0,45100.0
158,2021-10-21 02:55:17,14850.0,100.0,44700.0
159,2021-10-21 02:55:07,14850.0,700.0,44600.0
160,2021-10-21 02:55:07,14850.0,900.0,43900.0
161,2021-10-21 02:55:07,14850.0,200.0,43000.0
162,2021-10-21 02:55:07,14850.0,200.0,42800.0
163,2021-10-21 02:54:40,14850.0,800.0,42600.0
164,2021-10-21 02:54:40,14850.0,500.0,41800.0
165,2021-10-21 02:54:40,14850.0,700.0,41300.0
166,2021-10-21 02:54:35,14900.0,1100.0,40600.0
167,2021-10-21 02:53:53,14850.0,300.0,39500.0
168,2021-10-21 02:53:53,14850.0,1200.0,39200.0
169,2021-10-21 02:53:28,14850.0,800.0,38000.0
170,2021-10-21 02:53:28,14850.0,200.0,37200.0
171,2021-10-21 02:52:19,14850.0,800.0,37000.0
172,2021-10-21 02:52:08,14850.0,200.0,36200.0
173,2021-10-21 02:52:08,14850.0,2200.0,36000.0
174,2021-10-21 02:52:08,14850.0,600.0,33800.0
175,2021-10-21 02:51:13,14850.0,400.0,33200.0
176,2021-10-21 02:51:13,14850.0,600.0,32800.0
177,2021-10-21 02:50:37,14850.0,200.0,32200.0
178,2021-10-21 02:50:23,14850.0,1000.0,32000.0
179,2021-10-21 02:49:46,14900.0,1000.0,31000.0
180,2021-10-21 02:47:35,14850.0,100.0,30000.0
181,2021-10-21 02:47:22,14850.0,500.0,29900.0
182,2021-10-21 02:47:11,14850.0,1100.0,29400.0
183,2021-10-21 02:47:11,14850.0,1400.0,28300.0
184,2021-10-21 02:46:59,14850.0,600.0,26900.0
185,2021-10-21 02:46:59,14850.0,400.0,26300.0
186,2021-10-21 02:45:09,14850.0,1100.0,25900.0
187,2021-10-21 02:44:29,14850.0,1900.0,24800.0
188,2021-10-21 02:44:13,14850.0,200.0,22900.0
189,2021-10-21 02:43:56,14850.0,800.0,22700.0
190,2021-10-21 02:43:56,14850.0,100.0,21900.0
191,2021-10-21 02:43:29,14850.0,400.0,21800.0
192,2021-10-21 02:43:26,14850.0,900.0,21400.0
193,2021-10-21 02:43:26,14850.0,1000.0,20500.0
194,2021-10-21 02:42:58,14850.0,700.0,19500.0
195,2021-10-21 02:42:52,14850.0,300.0,18800.0
196,2021-10-21 02:42:52,14850.0,300.0,18500.0
197,2021-10-21 02:42:26,14850.0,1000.0,18200.0
198,2021-10-21 02:42:26,14850.0,500.0,17200.0
199,2021-10-21 02:42:26,14850.0,200.0,16700.0
200,2021-10-21 02:41:47,14850.0,2500.0,16500.0
201,2021-10-21 02:41:47,14850.0,300.0,14000.0
202,2021-10-21 02:41:32,14850.0,500.0,13700.0
203,2021-10-21 02:41:09,14850.0,1000.0,13200.0
204,2021-10-21 02:41:00,14850.0,200.0,12200.0
205,2021-10-21 02:41:00,14850.0,300.0,12000.0
206,2021-10-21 02:40:34,14850.0,1000.0,11700.0
207,2021-10-21 02:40:20,14850.0,700.0,10700.0
208,2021-10-21 02:40:20,14850.0,300.0,10000.0
209,2021-10-21 02:40:09,14850.0,500.0,9700.0
210,2021-10-21 02:40:00,14850.0,200.0,9200.0
211,2021-10-21 02:40:00,14850.0,800.0,9000.0
212,2021-10-21 02:39:29,14850.0,200.0,8200.0
213,2021-10-21 02:39:29,14850.0,1500.0,8000.0
214,2021-10-21 02:39:23,14850.0,500.0,6500.0
215,2021-10-21 02:39:23,14850.0,1000.0,6000.0
216,2021-10-21 02:39:23,14850.0,500.0,5000.0
217,2021-10-21 02:38:44,14850.0,500.0,4500.0
218,2021-10-21 02:38:27,14850.0,3000.0,4000.0
219,2021-10-21 02:38:12,14850.0,1000.0,1000.0
