,Time,Price,Volume_per_trade,Volume
0,2021-10-19 14:45:03,11500.0,4800.0,2682917.0
1,2021-10-19 14:29:59,11500.0,50.0,2678117.0
2,2021-10-19 14:29:04,11500.0,50.0,2678067.0
3,2021-10-19 14:25:34,11500.0,500.0,2678017.0
4,2021-10-19 14:19:50,11500.0,700.0,2677517.0
5,2021-10-19 14:19:48,11500.0,200.0,2676817.0
6,2021-10-19 14:18:29,11500.0,200.0,2676617.0
7,2021-10-19 14:17:47,11500.0,1500.0,2676417.0
8,2021-10-19 14:16:43,11500.0,100.0,2674917.0
9,2021-10-19 14:16:17,11500.0,100.0,2674817.0
10,2021-10-19 14:15:46,11500.0,60.0,2674717.0
11,2021-10-19 14:15:01,11500.0,100.0,2674657.0
12,2021-10-19 14:13:34,11500.0,500.0,2674557.0
13,2021-10-19 14:11:03,11500.0,1500.0,2674057.0
14,2021-10-19 14:10:19,11500.0,2000.0,2672557.0
15,2021-10-19 14:06:30,11500.0,300.0,2670557.0
16,2021-10-19 14:05:53,11500.0,200.0,2670257.0
17,2021-10-19 14:04:44,11500.0,30.0,2670057.0
18,2021-10-19 14:03:00,11500.0,2000.0,2670027.0
19,2021-10-19 14:01:50,11500.0,100.0,2668027.0
20,2021-10-19 14:00:28,11500.0,100.0,2667927.0
21,2021-10-19 13:59:44,11500.0,100.0,2667827.0
22,2021-10-19 13:58:53,11500.0,100.0,2667727.0
23,2021-10-19 13:58:08,11500.0,1000.0,2667627.0
24,2021-10-19 13:54:26,11500.0,400.0,2666627.0
25,2021-10-19 13:53:28,11500.0,50.0,2666227.0
26,2021-10-19 13:50:50,11500.0,200.0,2666177.0
27,2021-10-19 13:50:10,11500.0,48000.0,2665977.0
28,2021-10-19 13:49:14,11500.0,50.0,2617977.0
29,2021-10-19 13:49:06,11500.0,100.0,2617927.0
30,2021-10-19 13:47:18,11500.0,2500.0,2617827.0
31,2021-10-19 13:46:53,11500.0,70.0,2615327.0
32,2021-10-19 13:46:10,11500.0,80.0,2615257.0
33,2021-10-19 13:44:38,11500.0,50.0,2615177.0
34,2021-10-19 13:44:26,11500.0,300.0,2615127.0
35,2021-10-19 13:44:19,11500.0,200.0,2614827.0
36,2021-10-19 13:43:34,11500.0,68.0,2614627.0
37,2021-10-19 13:42:01,11500.0,200.0,2614559.0
38,2021-10-19 13:38:55,11500.0,200.0,2614359.0
39,2021-10-19 13:37:14,11500.0,200.0,2614159.0
40,2021-10-19 13:36:56,11500.0,600.0,2613959.0
41,2021-10-19 13:36:30,11500.0,61.0,2613359.0
42,2021-10-19 13:31:17,11500.0,500.0,2613298.0
43,2021-10-19 13:31:08,11500.0,1200.0,2612798.0
44,2021-10-19 13:30:20,11500.0,19.0,2611598.0
45,2021-10-19 13:29:39,11500.0,100.0,2611579.0
46,2021-10-19 13:29:06,11500.0,100.0,2611479.0
47,2021-10-19 13:29:03,11500.0,1100.0,2611379.0
48,2021-10-19 13:28:36,11500.0,100.0,2610279.0
49,2021-10-19 13:27:48,11500.0,5000.0,2610179.0
50,2021-10-19 13:27:32,11500.0,100.0,2605179.0
51,2021-10-19 13:25:53,11500.0,80.0,2605079.0
52,2021-10-19 13:25:24,11500.0,100.0,2604999.0
53,2021-10-19 13:24:15,11500.0,100.0,2604899.0
54,2021-10-19 13:23:17,11500.0,1000.0,2604799.0
55,2021-10-19 13:22:27,11500.0,1300.0,2603799.0
56,2021-10-19 13:21:28,11500.0,100.0,2602499.0
57,2021-10-19 13:21:16,11500.0,100.0,2602399.0
58,2021-10-19 13:20:38,11500.0,90.0,2602299.0
59,2021-10-19 13:20:12,11500.0,500.0,2602209.0
60,2021-10-19 13:17:43,11500.0,66.0,2601709.0
61,2021-10-19 13:16:50,11500.0,400.0,2601643.0
62,2021-10-19 13:16:38,11500.0,1000.0,2601243.0
63,2021-10-19 13:13:17,11500.0,5000.0,2600243.0
64,2021-10-19 13:10:51,11500.0,98.0,2595243.0
65,2021-10-19 13:07:33,11500.0,100.0,2595145.0
66,2021-10-19 13:07:26,11500.0,300.0,2595045.0
67,2021-10-19 13:05:03,11500.0,100.0,2594745.0
68,2021-10-19 13:03:59,11500.0,1000.0,2594645.0
69,2021-10-19 13:01:47,11500.0,2000.0,2593645.0
70,2021-10-19 13:00:11,11500.0,100.0,2591645.0
71,2021-10-19 13:00:10,11500.0,500.0,2591545.0
72,2021-10-19 13:00:09,11500.0,500.0,2591045.0
73,2021-10-19 13:00:06,11500.0,30.0,2590545.0
74,2021-10-19 13:00:05,11500.0,20.0,2590515.0
75,2021-10-19 13:00:03,11500.0,1600.0,2590495.0
76,2021-10-19 13:00:02,11500.0,1300.0,2588895.0
77,2021-10-19 13:00:01,11500.0,200.0,2587595.0
78,2021-10-19 11:25:59,11500.0,90.0,2587395.0
79,2021-10-19 11:25:09,11500.0,18200.0,2587305.0
80,2021-10-19 11:25:08,11500.0,100.0,2569105.0
81,2021-10-19 11:24:44,11500.0,100.0,2569005.0
82,2021-10-19 11:24:20,11500.0,400.0,2568905.0
83,2021-10-19 11:21:24,11500.0,200.0,2568505.0
84,2021-10-19 11:20:24,11500.0,2000.0,2568305.0
85,2021-10-19 11:19:26,11500.0,400.0,2566305.0
86,2021-10-19 11:18:58,11500.0,100.0,2565905.0
87,2021-10-19 11:18:04,11500.0,100.0,2565805.0
88,2021-10-19 11:18:01,11500.0,100.0,2565705.0
89,2021-10-19 11:16:54,11500.0,400.0,2565605.0
90,2021-10-19 11:16:22,11500.0,5000.0,2565205.0
91,2021-10-19 11:15:40,11500.0,200.0,2560205.0
92,2021-10-19 11:15:34,11500.0,100.0,2560005.0
93,2021-10-19 11:15:01,11500.0,1100.0,2559905.0
94,2021-10-19 11:12:14,11500.0,100.0,2558805.0
95,2021-10-19 11:11:45,11500.0,100.0,2558705.0
96,2021-10-19 11:11:08,11500.0,200.0,2558605.0
97,2021-10-19 11:07:30,11500.0,100.0,2558405.0
98,2021-10-19 11:03:44,11500.0,600.0,2558305.0
99,2021-10-19 11:03:17,11500.0,1000.0,2557705.0
100,2021-10-19 11:03:14,11500.0,300.0,2556705.0
101,2021-10-19 11:03:04,11500.0,100.0,2556405.0
102,2021-10-19 11:02:19,11500.0,500.0,2556305.0
103,2021-10-19 11:01:08,11500.0,25.0,2555805.0
104,2021-10-19 11:00:50,11500.0,200.0,2555780.0
105,2021-10-19 10:57:39,11500.0,300.0,2555580.0
106,2021-10-19 10:56:56,11500.0,100.0,2555280.0
107,2021-10-19 10:55:56,11500.0,300.0,2555180.0
108,2021-10-19 10:54:39,11500.0,20000.0,2554880.0
109,2021-10-19 10:53:53,11500.0,15.0,2534880.0
110,2021-10-19 10:53:51,11500.0,100.0,2534865.0
111,2021-10-19 10:53:47,11500.0,40.0,2534765.0
112,2021-10-19 10:52:53,11500.0,500.0,2534725.0
113,2021-10-19 10:52:15,11500.0,900.0,2534225.0
114,2021-10-19 10:50:25,11500.0,500.0,2533325.0
115,2021-10-19 10:49:52,11500.0,200.0,2532825.0
116,2021-10-19 10:47:50,11500.0,100.0,2532625.0
117,2021-10-19 10:47:36,11500.0,300.0,2532525.0
118,2021-10-19 10:45:59,11500.0,2400.0,2532225.0
119,2021-10-19 10:45:42,11500.0,300.0,2529825.0
120,2021-10-19 10:43:22,11500.0,1000.0,2529525.0
121,2021-10-19 10:42:57,11500.0,100.0,2528525.0
122,2021-10-19 10:42:48,11500.0,100.0,2528425.0
123,2021-10-19 10:42:35,11500.0,200.0,2528325.0
124,2021-10-19 10:42:25,11500.0,200.0,2528125.0
125,2021-10-19 10:42:07,11500.0,100.0,2527925.0
126,2021-10-19 10:40:09,11500.0,200.0,2527825.0
127,2021-10-19 10:39:29,11500.0,200.0,2527625.0
128,2021-10-19 10:39:20,11500.0,700.0,2527425.0
129,2021-10-19 10:38:44,11500.0,200.0,2526725.0
130,2021-10-19 10:38:35,11500.0,100.0,2526525.0
131,2021-10-19 10:38:13,11500.0,50.0,2526425.0
132,2021-10-19 10:37:55,11500.0,600.0,2526375.0
133,2021-10-19 10:37:43,11500.0,1500.0,2525775.0
134,2021-10-19 10:37:30,11500.0,700.0,2524275.0
135,2021-10-19 10:36:39,11500.0,3600.0,2523575.0
136,2021-10-19 10:36:04,11500.0,300.0,2519975.0
137,2021-10-19 10:35:47,11500.0,100.0,2519675.0
138,2021-10-19 10:35:29,11500.0,200.0,2519575.0
139,2021-10-19 10:35:20,11500.0,300.0,2519375.0
140,2021-10-19 10:35:09,11500.0,100.0,2519075.0
141,2021-10-19 10:34:45,11500.0,3000.0,2518975.0
142,2021-10-19 10:34:14,11500.0,100.0,2515975.0
143,2021-10-19 10:34:05,11500.0,1000.0,2515875.0
144,2021-10-19 10:34:03,11500.0,400.0,2514875.0
145,2021-10-19 10:32:43,11500.0,500.0,2514475.0
146,2021-10-19 10:31:35,11500.0,200.0,2513975.0
147,2021-10-19 10:31:09,11500.0,100.0,2513775.0
148,2021-10-19 10:29:53,11500.0,600.0,2513675.0
149,2021-10-19 10:29:45,11500.0,300.0,2513075.0
150,2021-10-19 10:29:08,11500.0,200.0,2512775.0
151,2021-10-19 10:28:44,11500.0,40.0,2512575.0
152,2021-10-19 10:28:21,11500.0,100.0,2512535.0
153,2021-10-19 10:27:49,11500.0,9800.0,2512435.0
154,2021-10-19 10:26:25,11500.0,100.0,2502635.0
155,2021-10-19 10:26:10,11500.0,100.0,2502535.0
156,2021-10-19 10:25:57,11500.0,70.0,2502435.0
157,2021-10-19 10:25:46,11500.0,800.0,2502365.0
158,2021-10-19 10:25:45,11500.0,300.0,2501565.0
159,2021-10-19 10:25:23,11500.0,400.0,2501265.0
160,2021-10-19 10:24:48,11500.0,35.0,2500865.0
161,2021-10-19 10:24:43,11500.0,300.0,2500830.0
162,2021-10-19 10:24:39,11500.0,525.0,2500530.0
163,2021-10-19 10:24:17,11500.0,100.0,2500005.0
164,2021-10-19 10:23:39,11500.0,7.0,2499905.0
165,2021-10-19 10:23:31,11500.0,65.0,2499898.0
166,2021-10-19 10:23:10,11500.0,100.0,2499833.0
167,2021-10-19 10:22:51,11500.0,500.0,2499733.0
168,2021-10-19 10:22:07,11500.0,1600.0,2499233.0
169,2021-10-19 10:21:14,11500.0,500.0,2497633.0
170,2021-10-19 10:21:05,11500.0,900.0,2497133.0
171,2021-10-19 10:20:31,11500.0,2000.0,2496233.0
172,2021-10-19 10:19:45,11500.0,50.0,2494233.0
173,2021-10-19 10:19:42,11500.0,100.0,2494183.0
174,2021-10-19 10:19:24,11500.0,1500.0,2494083.0
175,2021-10-19 10:18:41,11500.0,2100.0,2492583.0
176,2021-10-19 10:18:12,11500.0,1500.0,2490483.0
177,2021-10-19 10:18:08,11500.0,100.0,2488983.0
178,2021-10-19 10:17:48,11500.0,85.0,2488883.0
179,2021-10-19 10:17:32,11500.0,2000.0,2488798.0
180,2021-10-19 10:17:20,11500.0,100.0,2486798.0
181,2021-10-19 10:17:14,11500.0,5.0,2486698.0
182,2021-10-19 10:16:54,11500.0,100.0,2486693.0
183,2021-10-19 10:16:44,11500.0,30.0,2486593.0
184,2021-10-19 10:16:34,11500.0,1000.0,2486563.0
185,2021-10-19 10:16:20,11500.0,2000.0,2485563.0
186,2021-10-19 10:16:18,11500.0,10000.0,2483563.0
187,2021-10-19 10:16:17,11500.0,200.0,2473563.0
188,2021-10-19 10:15:18,11500.0,100.0,2473363.0
189,2021-10-19 10:14:51,11500.0,14000.0,2473263.0
190,2021-10-19 10:14:32,11500.0,500.0,2459263.0
191,2021-10-19 10:14:25,11500.0,50.0,2458763.0
192,2021-10-19 10:13:48,11500.0,100.0,2458713.0
193,2021-10-19 10:13:45,11500.0,500.0,2458613.0
194,2021-10-19 10:13:34,11500.0,200.0,2458113.0
195,2021-10-19 10:13:01,11500.0,100.0,2457913.0
196,2021-10-19 10:12:57,11500.0,100.0,2457813.0
197,2021-10-19 10:12:37,11500.0,100.0,2457713.0
198,2021-10-19 10:12:28,11500.0,3.0,2457613.0
199,2021-10-19 10:12:25,11500.0,1000.0,2457610.0
200,2021-10-19 10:12:21,11500.0,100.0,2456610.0
201,2021-10-19 10:12:20,11500.0,21000.0,2456510.0
202,2021-10-19 10:12:14,11500.0,1000.0,2435510.0
203,2021-10-19 10:11:58,11500.0,1000.0,2434510.0
204,2021-10-19 10:11:46,11500.0,600.0,2433510.0
205,2021-10-19 10:11:45,11500.0,1000.0,2432910.0
206,2021-10-19 10:11:11,11500.0,100.0,2431910.0
207,2021-10-19 10:10:55,11500.0,20000.0,2431810.0
208,2021-10-19 10:10:54,11500.0,1000.0,2411810.0
209,2021-10-19 10:10:52,11500.0,100.0,2410810.0
210,2021-10-19 10:10:32,11500.0,300.0,2410710.0
211,2021-10-19 10:10:23,11500.0,200.0,2410410.0
212,2021-10-19 10:09:50,11500.0,400.0,2410210.0
213,2021-10-19 10:09:45,11500.0,100.0,2409810.0
214,2021-10-19 10:09:36,11500.0,4500.0,2409710.0
215,2021-10-19 10:09:13,11500.0,1000.0,2405210.0
216,2021-10-19 10:09:03,11500.0,500.0,2404210.0
217,2021-10-19 10:08:56,11500.0,100.0,2403710.0
218,2021-10-19 10:08:41,11500.0,100.0,2403610.0
219,2021-10-19 10:07:45,11500.0,2000.0,2403510.0
220,2021-10-19 10:07:44,11500.0,500.0,2401510.0
221,2021-10-19 10:07:21,11500.0,1300.0,2401010.0
222,2021-10-19 10:07:16,11500.0,200.0,2399710.0
223,2021-10-19 10:07:04,11500.0,100.0,2399510.0
224,2021-10-19 10:06:48,11500.0,2.0,2399410.0
225,2021-10-19 10:06:38,11500.0,1400.0,2399408.0
226,2021-10-19 10:06:34,11500.0,99.0,2398008.0
227,2021-10-19 10:06:18,11500.0,99.0,2397909.0
228,2021-10-19 10:05:55,11500.0,1.0,2397810.0
229,2021-10-19 10:05:43,11500.0,500.0,2397809.0
230,2021-10-19 10:05:41,11500.0,300.0,2397309.0
231,2021-10-19 10:05:40,11500.0,99.0,2397009.0
232,2021-10-19 10:05:25,11500.0,1000.0,2396910.0
233,2021-10-19 10:05:23,11500.0,3000.0,2395910.0
234,2021-10-19 10:05:04,11500.0,300.0,2392910.0
235,2021-10-19 10:04:21,11500.0,200.0,2392610.0
236,2021-10-19 10:04:17,11500.0,200.0,2392410.0
237,2021-10-19 10:04:13,11500.0,400.0,2392210.0
238,2021-10-19 10:04:06,11500.0,300.0,2391810.0
239,2021-10-19 10:03:39,11500.0,50.0,2391510.0
240,2021-10-19 10:03:34,11500.0,300.0,2391460.0
241,2021-10-19 10:03:16,11500.0,20.0,2391160.0
242,2021-10-19 10:03:04,11500.0,500.0,2391140.0
243,2021-10-19 10:03:03,11500.0,200.0,2390640.0
244,2021-10-19 10:02:27,11500.0,700.0,2390440.0
245,2021-10-19 10:02:20,11500.0,1600.0,2389740.0
246,2021-10-19 10:02:13,11500.0,200.0,2388140.0
247,2021-10-19 10:01:47,11500.0,100.0,2387940.0
248,2021-10-19 10:01:42,11500.0,1000.0,2387840.0
249,2021-10-19 10:01:21,11500.0,100.0,2386840.0
250,2021-10-19 10:01:18,11500.0,200.0,2386740.0
251,2021-10-19 10:00:47,11500.0,200.0,2386540.0
252,2021-10-19 10:00:46,11500.0,100.0,2386340.0
253,2021-10-19 10:00:42,11500.0,200.0,2386240.0
254,2021-10-19 10:00:14,11500.0,2000.0,2386040.0
255,2021-10-19 10:00:00,11500.0,100.0,2384040.0
256,2021-10-19 09:59:59,11500.0,1000.0,2383940.0
257,2021-10-19 09:59:58,11500.0,500.0,2382940.0
258,2021-10-19 09:59:57,11500.0,100.0,2382440.0
259,2021-10-19 09:59:39,11500.0,100.0,2382340.0
260,2021-10-19 09:59:25,11500.0,4200.0,2382240.0
261,2021-10-19 09:59:09,11500.0,4400.0,2378040.0
262,2021-10-19 09:59:08,11500.0,70.0,2373640.0
263,2021-10-19 09:58:53,11500.0,5500.0,2373570.0
264,2021-10-19 09:58:51,11500.0,2000.0,2368070.0
265,2021-10-19 09:58:43,11500.0,200.0,2366070.0
266,2021-10-19 09:58:33,11500.0,100.0,2365870.0
267,2021-10-19 09:58:25,11500.0,1000.0,2365770.0
268,2021-10-19 09:58:21,11500.0,100.0,2364770.0
269,2021-10-19 09:58:18,11500.0,100.0,2364670.0
270,2021-10-19 09:58:12,11500.0,100.0,2364570.0
271,2021-10-19 09:57:57,11500.0,500.0,2364470.0
272,2021-10-19 09:57:32,11500.0,400.0,2363970.0
273,2021-10-19 09:57:28,11500.0,500.0,2363570.0
274,2021-10-19 09:57:26,11500.0,100.0,2363070.0
275,2021-10-19 09:57:09,11500.0,100.0,2362970.0
276,2021-10-19 09:57:05,11500.0,85.0,2362870.0
277,2021-10-19 09:57:00,11500.0,70.0,2362785.0
278,2021-10-19 09:56:49,11500.0,100000.0,2362715.0
279,2021-10-19 09:56:44,11500.0,100.0,2262715.0
280,2021-10-19 09:56:37,11500.0,400.0,2262615.0
281,2021-10-19 09:56:31,11500.0,200.0,2262215.0
282,2021-10-19 09:56:17,11500.0,1100.0,2262015.0
283,2021-10-19 09:56:03,11500.0,700.0,2260915.0
284,2021-10-19 09:55:54,11500.0,1200.0,2260215.0
285,2021-10-19 09:55:46,11500.0,300.0,2259015.0
286,2021-10-19 09:55:36,11500.0,400.0,2258715.0
287,2021-10-19 09:55:32,11500.0,1500.0,2258315.0
288,2021-10-19 09:55:24,11500.0,200.0,2256815.0
289,2021-10-19 09:54:43,11500.0,2100.0,2256615.0
290,2021-10-19 09:54:24,11500.0,300.0,2254515.0
291,2021-10-19 09:54:08,11500.0,9000.0,2254215.0
292,2021-10-19 09:54:04,11500.0,1500.0,2245215.0
293,2021-10-19 09:53:59,11500.0,1000.0,2243715.0
294,2021-10-19 09:53:55,11500.0,2000.0,2242715.0
295,2021-10-19 09:53:54,11500.0,15000.0,2240715.0
296,2021-10-19 09:53:37,11500.0,500.0,2225715.0
297,2021-10-19 09:53:23,11500.0,3000.0,2225215.0
298,2021-10-19 09:53:13,11500.0,100.0,2222215.0
299,2021-10-19 09:53:05,11500.0,400.0,2222115.0
300,2021-10-19 09:52:55,11500.0,100.0,2221715.0
301,2021-10-19 09:52:53,11500.0,25.0,2221615.0
302,2021-10-19 09:52:48,11500.0,100.0,2221590.0
303,2021-10-19 09:52:41,11500.0,700.0,2221490.0
304,2021-10-19 09:52:28,11500.0,100.0,2220790.0
305,2021-10-19 09:52:10,11500.0,3000.0,2220690.0
306,2021-10-19 09:52:03,11500.0,2000.0,2217690.0
307,2021-10-19 09:52:01,11500.0,1000.0,2215690.0
308,2021-10-19 09:51:57,11500.0,900.0,2214690.0
309,2021-10-19 09:51:53,11500.0,600.0,2213790.0
310,2021-10-19 09:51:50,11500.0,100.0,2213190.0
311,2021-10-19 09:51:35,11500.0,200.0,2213090.0
312,2021-10-19 09:51:27,11500.0,110.0,2212890.0
313,2021-10-19 09:51:26,11500.0,10000.0,2212780.0
314,2021-10-19 09:51:25,11500.0,400.0,2202780.0
315,2021-10-19 09:51:24,11500.0,100.0,2202380.0
316,2021-10-19 09:51:10,11500.0,500.0,2202280.0
317,2021-10-19 09:51:00,11500.0,100.0,2201780.0
318,2021-10-19 09:50:55,11500.0,100.0,2201680.0
319,2021-10-19 09:50:36,11500.0,1000.0,2201580.0
320,2021-10-19 09:50:33,11500.0,3000.0,2200580.0
321,2021-10-19 09:50:26,11500.0,32.0,2197580.0
322,2021-10-19 09:50:21,11500.0,100.0,2197548.0
323,2021-10-19 09:50:01,11500.0,4500.0,2197448.0
324,2021-10-19 09:49:54,11500.0,200.0,2192948.0
325,2021-10-19 09:49:53,11500.0,200.0,2192748.0
326,2021-10-19 09:49:42,11500.0,100.0,2192548.0
327,2021-10-19 09:49:38,11500.0,3600.0,2192448.0
328,2021-10-19 09:49:32,11500.0,1200.0,2188848.0
329,2021-10-19 09:49:29,11500.0,200.0,2187648.0
330,2021-10-19 09:49:17,11500.0,200.0,2187448.0
331,2021-10-19 09:49:02,11500.0,10000.0,2187248.0
332,2021-10-19 09:49:00,11500.0,500.0,2177248.0
333,2021-10-19 09:48:55,11500.0,1500.0,2176748.0
334,2021-10-19 09:48:52,11500.0,1500.0,2175248.0
335,2021-10-19 09:48:51,11500.0,1000.0,2173748.0
336,2021-10-19 09:48:41,11500.0,100.0,2172748.0
337,2021-10-19 09:48:40,11500.0,200.0,2172648.0
338,2021-10-19 09:48:37,11500.0,1400.0,2172448.0
339,2021-10-19 09:48:34,11500.0,100.0,2171048.0
340,2021-10-19 09:48:29,11500.0,200.0,2170948.0
341,2021-10-19 09:48:28,11500.0,2500.0,2170748.0
342,2021-10-19 09:48:24,11500.0,19200.0,2168248.0
343,2021-10-19 09:48:23,11500.0,12000.0,2149048.0
344,2021-10-19 09:48:22,11500.0,131000.0,2137048.0
345,2021-10-19 09:48:21,11500.0,2000.0,2006048.0
346,2021-10-19 09:48:20,11500.0,10500.0,2004048.0
347,2021-10-19 09:48:19,11500.0,4000.0,1993548.0
348,2021-10-19 09:48:18,11500.0,1700.0,1989548.0
349,2021-10-19 09:48:17,11500.0,8000.0,1987848.0
350,2021-10-19 09:48:15,11500.0,11000.0,1979848.0
351,2021-10-19 09:48:12,11500.0,23.0,1968848.0
352,2021-10-19 09:48:11,11500.0,8600.0,1968825.0
353,2021-10-19 09:48:10,11500.0,56600.0,1960225.0
354,2021-10-19 09:48:09,11500.0,1000.0,1903625.0
355,2021-10-19 09:48:07,11500.0,4000.0,1902625.0
356,2021-10-19 09:48:06,11500.0,3100.0,1898625.0
357,2021-10-19 09:48:05,11500.0,1500.0,1895525.0
358,2021-10-19 09:48:04,11500.0,200.0,1894025.0
359,2021-10-19 09:48:03,11500.0,3000.0,1893825.0
360,2021-10-19 09:48:02,11500.0,10200.0,1890825.0
361,2021-10-19 09:48:01,11500.0,10000.0,1880625.0
362,2021-10-19 09:47:58,11500.0,100.0,1870625.0
363,2021-10-19 09:47:57,11500.0,2000.0,1870525.0
364,2021-10-19 09:47:56,11500.0,1500.0,1868525.0
365,2021-10-19 09:47:54,11500.0,1000.0,1867025.0
366,2021-10-19 09:47:53,11500.0,300.0,1866025.0
367,2021-10-19 09:47:50,11500.0,27000.0,1865725.0
368,2021-10-19 09:47:48,11500.0,2000.0,1838725.0
369,2021-10-19 09:47:47,11500.0,1200.0,1836725.0
370,2021-10-19 09:47:45,11500.0,8500.0,1835525.0
371,2021-10-19 09:47:43,11500.0,10000.0,1827025.0
372,2021-10-19 09:47:42,11500.0,500.0,1817025.0
373,2021-10-19 09:47:41,11500.0,9300.0,1816525.0
374,2021-10-19 09:47:39,11500.0,400.0,1807225.0
375,2021-10-19 09:47:37,11500.0,2800.0,1806825.0
376,2021-10-19 09:47:35,11500.0,1000.0,1804025.0
377,2021-10-19 09:47:32,11500.0,5000.0,1803025.0
378,2021-10-19 09:47:30,11500.0,10000.0,1798025.0
379,2021-10-19 09:47:29,11500.0,5000.0,1788025.0
380,2021-10-19 09:47:27,11400.0,600.0,1783025.0
381,2021-10-19 09:47:23,11500.0,5000.0,1782425.0
382,2021-10-19 09:47:18,11500.0,100000.0,1777425.0
383,2021-10-19 09:47:13,11400.0,7200.0,1677425.0
384,2021-10-19 09:47:10,11500.0,1000.0,1670225.0
385,2021-10-19 09:47:09,11500.0,500.0,1669225.0
386,2021-10-19 09:47:04,11500.0,2500.0,1668725.0
387,2021-10-19 09:47:03,11500.0,10500.0,1666225.0
388,2021-10-19 09:46:55,11500.0,1000.0,1655725.0
389,2021-10-19 09:46:50,11500.0,49.0,1654725.0
390,2021-10-19 09:46:48,11500.0,61000.0,1654676.0
391,2021-10-19 09:46:44,11500.0,100.0,1593676.0
392,2021-10-19 09:46:41,11500.0,1000.0,1593576.0
393,2021-10-19 09:46:36,11500.0,7600.0,1592576.0
394,2021-10-19 09:46:35,11500.0,1000.0,1584976.0
395,2021-10-19 09:46:25,11500.0,800.0,1583976.0
396,2021-10-19 09:46:24,11500.0,500.0,1583176.0
397,2021-10-19 09:46:20,11500.0,51800.0,1582676.0
398,2021-10-19 09:46:19,11400.0,100.0,1530876.0
399,2021-10-19 09:46:14,11400.0,1200.0,1530776.0
400,2021-10-19 09:46:07,11500.0,1500.0,1529576.0
401,2021-10-19 09:46:03,11400.0,1700.0,1528076.0
402,2021-10-19 09:46:02,11400.0,10000.0,1526376.0
403,2021-10-19 09:45:59,11400.0,200.0,1516376.0
404,2021-10-19 09:45:56,11400.0,74.0,1516176.0
405,2021-10-19 09:45:51,11400.0,100.0,1516102.0
406,2021-10-19 09:45:44,11500.0,12800.0,1516002.0
407,2021-10-19 09:45:41,11400.0,100.0,1503202.0
408,2021-10-19 09:45:33,11400.0,800.0,1503102.0
409,2021-10-19 09:45:27,11400.0,1800.0,1502302.0
410,2021-10-19 09:45:26,11400.0,200.0,1500502.0
411,2021-10-19 09:45:20,11500.0,8000.0,1500302.0
412,2021-10-19 09:45:16,11400.0,500.0,1492302.0
413,2021-10-19 09:45:15,11400.0,8250.0,1491802.0
414,2021-10-19 09:45:08,11400.0,200.0,1483552.0
415,2021-10-19 09:44:59,11400.0,500.0,1483352.0
416,2021-10-19 09:44:49,11400.0,500.0,1482852.0
417,2021-10-19 09:44:47,11500.0,1000.0,1482352.0
418,2021-10-19 09:44:44,11500.0,1000.0,1481352.0
419,2021-10-19 09:44:42,11500.0,1000.0,1480352.0
420,2021-10-19 09:44:40,11400.0,800.0,1479352.0
421,2021-10-19 09:44:30,11400.0,100.0,1478552.0
422,2021-10-19 09:44:25,11400.0,1035.0,1478452.0
423,2021-10-19 09:44:23,11400.0,1000.0,1477417.0
424,2021-10-19 09:44:19,11500.0,3000.0,1476417.0
425,2021-10-19 09:44:10,11400.0,200.0,1473417.0
426,2021-10-19 09:44:05,11500.0,1500.0,1473217.0
427,2021-10-19 09:44:01,11400.0,200.0,1471717.0
428,2021-10-19 09:43:56,11500.0,2200.0,1471517.0
429,2021-10-19 09:43:52,11500.0,1500.0,1469317.0
430,2021-10-19 09:43:51,11500.0,1000.0,1467817.0
431,2021-10-19 09:43:40,11400.0,200.0,1466817.0
432,2021-10-19 09:43:38,11400.0,400.0,1466617.0
433,2021-10-19 09:43:32,11400.0,41.0,1466217.0
434,2021-10-19 09:43:31,11400.0,400.0,1466176.0
435,2021-10-19 09:43:26,11400.0,10.0,1465776.0
436,2021-10-19 09:43:23,11400.0,2100.0,1465766.0
437,2021-10-19 09:43:21,11400.0,700.0,1463666.0
438,2021-10-19 09:43:20,11500.0,99.0,1462966.0
439,2021-10-19 09:43:18,11500.0,1000.0,1462867.0
440,2021-10-19 09:43:16,11400.0,99.0,1461867.0
441,2021-10-19 09:43:12,11400.0,99.0,1461768.0
442,2021-10-19 09:43:11,11400.0,3000.0,1461669.0
443,2021-10-19 09:43:04,11500.0,3600.0,1458669.0
444,2021-10-19 09:43:00,11500.0,1.0,1455069.0
445,2021-10-19 09:42:58,11500.0,8000.0,1455068.0
446,2021-10-19 09:42:56,11400.0,99.0,1447068.0
447,2021-10-19 09:42:51,11400.0,100.0,1446969.0
448,2021-10-19 09:42:44,11400.0,600.0,1446869.0
449,2021-10-19 09:42:42,11500.0,100.0,1446269.0
450,2021-10-19 09:42:40,11400.0,400.0,1446169.0
451,2021-10-19 09:42:35,11400.0,13000.0,1445769.0
452,2021-10-19 09:42:32,11400.0,100.0,1432769.0
453,2021-10-19 09:42:30,11400.0,400.0,1432669.0
454,2021-10-19 09:42:29,11500.0,772.0,1432269.0
455,2021-10-19 09:42:28,11400.0,200.0,1431497.0
456,2021-10-19 09:42:26,11400.0,1700.0,1431297.0
457,2021-10-19 09:42:25,11500.0,5000.0,1429597.0
458,2021-10-19 09:42:23,11400.0,99.0,1424597.0
459,2021-10-19 09:42:16,11400.0,46.0,1424498.0
460,2021-10-19 09:42:15,11400.0,10000.0,1424452.0
461,2021-10-19 09:42:14,11400.0,100.0,1414452.0
462,2021-10-19 09:42:09,11500.0,1099.0,1414352.0
463,2021-10-19 09:42:07,11400.0,2000.0,1413253.0
464,2021-10-19 09:42:04,11500.0,5000.0,1411253.0
465,2021-10-19 09:42:03,11400.0,99.0,1406253.0
466,2021-10-19 09:42:01,11400.0,2000.0,1406154.0
467,2021-10-19 09:41:59,11400.0,99.0,1404154.0
468,2021-10-19 09:41:52,11400.0,300.0,1404055.0
469,2021-10-19 09:41:51,11400.0,3900.0,1403755.0
470,2021-10-19 09:41:45,11400.0,100.0,1399855.0
471,2021-10-19 09:41:44,11400.0,200.0,1399755.0
472,2021-10-19 09:41:43,11400.0,1200.0,1399555.0
473,2021-10-19 09:41:40,11400.0,8000.0,1398355.0
474,2021-10-19 09:41:39,11400.0,1000.0,1390355.0
475,2021-10-19 09:41:38,11400.0,3080.0,1389355.0
476,2021-10-19 09:41:31,11400.0,300.0,1386275.0
477,2021-10-19 09:41:30,11400.0,13000.0,1385975.0
478,2021-10-19 09:41:28,11300.0,5000.0,1372975.0
479,2021-10-19 09:41:22,11400.0,4548.0,1367975.0
480,2021-10-19 09:41:19,11400.0,44900.0,1363427.0
481,2021-10-19 09:41:15,11400.0,99.0,1318527.0
482,2021-10-19 09:41:14,11400.0,2900.0,1318428.0
483,2021-10-19 09:41:12,11400.0,1000.0,1315528.0
484,2021-10-19 09:41:11,11300.0,700.0,1314528.0
485,2021-10-19 09:41:10,11400.0,99.0,1313828.0
486,2021-10-19 09:41:09,11400.0,2000.0,1313729.0
487,2021-10-19 09:41:08,11400.0,1500.0,1311729.0
488,2021-10-19 09:41:06,11400.0,99.0,1310229.0
489,2021-10-19 09:41:05,11400.0,3500.0,1310130.0
490,2021-10-19 09:41:02,11300.0,3099.0,1306630.0
491,2021-10-19 09:41:01,11400.0,1000.0,1303531.0
492,2021-10-19 09:40:57,11300.0,99.0,1302531.0
493,2021-10-19 09:40:53,11300.0,99.0,1302432.0
494,2021-10-19 09:40:49,11300.0,299.0,1302333.0
495,2021-10-19 09:40:44,11300.0,599.0,1302034.0
496,2021-10-19 09:40:41,11300.0,500.0,1301435.0
497,2021-10-19 09:40:40,11300.0,1600.0,1300935.0
498,2021-10-19 09:40:38,11300.0,1500.0,1299335.0
499,2021-10-19 09:40:36,11300.0,2000.0,1297835.0
500,2021-10-19 09:40:35,11300.0,30.0,1295835.0
501,2021-10-19 09:40:33,11300.0,1000.0,1295805.0
502,2021-10-19 09:40:30,11300.0,3400.0,1294805.0
503,2021-10-19 09:40:29,11300.0,300.0,1291405.0
504,2021-10-19 09:40:26,11300.0,5000.0,1291105.0
505,2021-10-19 09:40:25,11300.0,8000.0,1286105.0
506,2021-10-19 09:40:24,11300.0,5000.0,1278105.0
507,2021-10-19 09:40:20,11200.0,500.0,1273105.0
508,2021-10-19 09:40:13,11300.0,5500.0,1272605.0
509,2021-10-19 09:40:09,11300.0,1000.0,1267105.0
510,2021-10-19 09:40:05,11200.0,600.0,1266105.0
511,2021-10-19 09:40:01,11300.0,5600.0,1265505.0
512,2021-10-19 09:39:55,11200.0,300.0,1259905.0
513,2021-10-19 09:39:53,11300.0,700.0,1259605.0
514,2021-10-19 09:39:46,11200.0,100.0,1258905.0
515,2021-10-19 09:39:43,11200.0,300.0,1258805.0
516,2021-10-19 09:39:40,11300.0,1000.0,1258505.0
517,2021-10-19 09:39:36,11300.0,800.0,1257505.0
518,2021-10-19 09:39:29,11200.0,900.0,1256705.0
519,2021-10-19 09:39:28,11200.0,10000.0,1255805.0
520,2021-10-19 09:39:27,11300.0,100.0,1245805.0
521,2021-10-19 09:39:26,11300.0,4600.0,1245705.0
522,2021-10-19 09:39:18,11300.0,4800.0,1241105.0
523,2021-10-19 09:39:16,11300.0,5000.0,1236305.0
524,2021-10-19 09:39:15,11300.0,100.0,1231305.0
525,2021-10-19 09:39:13,11300.0,4000.0,1231205.0
526,2021-10-19 09:39:11,11200.0,4800.0,1227205.0
527,2021-10-19 09:39:10,11300.0,1000.0,1222405.0
528,2021-10-19 09:39:07,11300.0,69.0,1221405.0
529,2021-10-19 09:39:06,11300.0,100.0,1221336.0
530,2021-10-19 09:39:01,11300.0,1000.0,1221236.0
531,2021-10-19 09:38:58,11200.0,30.0,1220236.0
532,2021-10-19 09:38:57,11200.0,1800.0,1220206.0
533,2021-10-19 09:38:52,11200.0,31000.0,1218406.0
534,2021-10-19 09:38:45,11300.0,1000.0,1187406.0
535,2021-10-19 09:38:34,11400.0,500.0,1186406.0
536,2021-10-19 09:38:32,11400.0,5100.0,1185906.0
537,2021-10-19 09:38:31,11400.0,1500.0,1180806.0
538,2021-10-19 09:38:29,11400.0,9090.0,1179306.0
539,2021-10-19 09:38:28,11400.0,5300.0,1170216.0
540,2021-10-19 09:38:27,11400.0,500.0,1164916.0
541,2021-10-19 09:38:26,11400.0,5100.0,1164416.0
542,2021-10-19 09:38:25,11400.0,500.0,1159316.0
543,2021-10-19 09:38:24,11400.0,3100.0,1158816.0
544,2021-10-19 09:38:23,11400.0,3000.0,1155716.0
545,2021-10-19 09:38:21,11400.0,3000.0,1152716.0
546,2021-10-19 09:38:19,11400.0,16700.0,1149716.0
547,2021-10-19 09:38:18,11400.0,5090.0,1133016.0
548,2021-10-19 09:38:17,11400.0,5000.0,1127926.0
549,2021-10-19 09:38:16,11400.0,5000.0,1122926.0
550,2021-10-19 09:38:15,11400.0,100.0,1117926.0
551,2021-10-19 09:38:14,11400.0,1000.0,1117826.0
552,2021-10-19 09:38:13,11400.0,40000.0,1116826.0
553,2021-10-19 09:38:03,11400.0,2200.0,1076826.0
554,2021-10-19 09:37:59,11400.0,10200.0,1074626.0
555,2021-10-19 09:37:58,11500.0,90.0,1064426.0
556,2021-10-19 09:37:54,11500.0,300.0,1064336.0
557,2021-10-19 09:37:51,11400.0,500.0,1064036.0
558,2021-10-19 09:37:50,11400.0,200.0,1063536.0
559,2021-10-19 09:37:47,11400.0,1500.0,1063336.0
560,2021-10-19 09:37:45,11400.0,1000.0,1061836.0
561,2021-10-19 09:37:41,11400.0,100.0,1060836.0
562,2021-10-19 09:37:39,11400.0,500.0,1060736.0
563,2021-10-19 09:37:38,11500.0,12500.0,1060236.0
564,2021-10-19 09:37:37,11400.0,200.0,1047736.0
565,2021-10-19 09:37:36,11400.0,100.0,1047536.0
566,2021-10-19 09:37:32,11400.0,2000.0,1047436.0
567,2021-10-19 09:37:30,11400.0,1000.0,1045436.0
568,2021-10-19 09:37:23,11400.0,5100.0,1044436.0
569,2021-10-19 09:37:17,11400.0,26.0,1039336.0
570,2021-10-19 09:37:13,11400.0,500.0,1039310.0
571,2021-10-19 09:37:10,11500.0,2500.0,1038810.0
572,2021-10-19 09:36:52,11400.0,21400.0,1036310.0
573,2021-10-19 09:36:47,11500.0,500.0,1014910.0
574,2021-10-19 09:36:41,11500.0,6200.0,1014410.0
575,2021-10-19 09:36:40,11400.0,100.0,1008210.0
576,2021-10-19 09:36:35,11500.0,300.0,1008110.0
577,2021-10-19 09:36:30,11400.0,32600.0,1007810.0
578,2021-10-19 09:36:28,11400.0,4700.0,975210.0
579,2021-10-19 09:36:25,11400.0,2999.0,970510.0
580,2021-10-19 09:36:24,11400.0,2000.0,967511.0
581,2021-10-19 09:36:23,11400.0,200.0,965511.0
582,2021-10-19 09:36:22,11400.0,1000.0,965311.0
583,2021-10-19 09:36:20,11400.0,2.0,964311.0
584,2021-10-19 09:36:19,11400.0,200.0,964309.0
585,2021-10-19 09:36:17,11400.0,11700.0,964109.0
586,2021-10-19 09:36:16,11400.0,6100.0,952409.0
587,2021-10-19 09:36:14,11400.0,24000.0,946309.0
588,2021-10-19 09:36:13,11400.0,500.0,922309.0
589,2021-10-19 09:36:11,11400.0,10000.0,921809.0
590,2021-10-19 09:36:10,11400.0,9000.0,911809.0
591,2021-10-19 09:36:09,11400.0,200.0,902809.0
592,2021-10-19 09:36:07,11400.0,1900.0,902609.0
593,2021-10-19 09:36:05,11400.0,13900.0,900709.0
594,2021-10-19 09:36:01,11400.0,3000.0,886809.0
595,2021-10-19 09:35:54,11400.0,100.0,883809.0
596,2021-10-19 09:35:52,11400.0,8000.0,883709.0
597,2021-10-19 09:35:50,11400.0,2000.0,875709.0
598,2021-10-19 09:35:48,11400.0,500.0,873709.0
599,2021-10-19 09:35:38,11300.0,100.0,873209.0
600,2021-10-19 09:35:35,11300.0,500.0,873109.0
601,2021-10-19 09:35:28,11300.0,26000.0,872609.0
602,2021-10-19 09:35:25,11400.0,16200.0,846609.0
603,2021-10-19 09:35:21,11300.0,100.0,830409.0
604,2021-10-19 09:35:09,11300.0,75.0,830309.0
605,2021-10-19 09:35:02,11300.0,200.0,830234.0
606,2021-10-19 09:35:01,11400.0,2000.0,830034.0
607,2021-10-19 09:34:56,11400.0,6600.0,828034.0
608,2021-10-19 09:34:55,11400.0,12400.0,821434.0
609,2021-10-19 09:34:52,11300.0,400.0,809034.0
610,2021-10-19 09:34:44,11300.0,500.0,808634.0
611,2021-10-19 09:34:40,11300.0,400.0,808134.0
612,2021-10-19 09:34:38,11300.0,200.0,807734.0
613,2021-10-19 09:34:30,11300.0,500.0,807534.0
614,2021-10-19 09:34:22,11300.0,12500.0,807034.0
615,2021-10-19 09:34:21,11300.0,6500.0,794534.0
616,2021-10-19 09:34:20,11300.0,500.0,788034.0
617,2021-10-19 09:34:19,11300.0,1400.0,787534.0
618,2021-10-19 09:34:18,11300.0,4600.0,786134.0
619,2021-10-19 09:34:17,11300.0,100.0,781534.0
620,2021-10-19 09:34:16,11300.0,24500.0,781434.0
621,2021-10-19 09:34:14,11300.0,1600.0,756934.0
622,2021-10-19 09:34:12,11300.0,500.0,755334.0
623,2021-10-19 09:34:11,11300.0,10000.0,754834.0
624,2021-10-19 09:34:10,11300.0,10000.0,744834.0
625,2021-10-19 09:34:09,11300.0,1000.0,734834.0
626,2021-10-19 09:34:06,11300.0,1000.0,733834.0
627,2021-10-19 09:34:03,11300.0,5100.0,732834.0
628,2021-10-19 09:34:02,11200.0,1000.0,727734.0
629,2021-10-19 09:34:00,11300.0,7000.0,726734.0
630,2021-10-19 09:33:59,11300.0,2000.0,719734.0
631,2021-10-19 09:33:58,11300.0,11000.0,717734.0
632,2021-10-19 09:33:57,11300.0,500.0,706734.0
633,2021-10-19 09:33:55,11300.0,2000.0,706234.0
634,2021-10-19 09:33:54,11300.0,10000.0,704234.0
635,2021-10-19 09:33:51,11200.0,2000.0,694234.0
636,2021-10-19 09:33:49,11300.0,4300.0,692234.0
637,2021-10-19 09:33:48,11300.0,700.0,687934.0
638,2021-10-19 09:33:36,11200.0,1000.0,687234.0
639,2021-10-19 09:33:35,11200.0,23900.0,686234.0
640,2021-10-19 09:33:34,11200.0,40000.0,662334.0
641,2021-10-19 09:33:31,11200.0,50100.0,622334.0
642,2021-10-19 09:33:26,11200.0,11200.0,572234.0
643,2021-10-19 09:33:21,11200.0,400.0,561034.0
644,2021-10-19 09:33:19,11200.0,1700.0,560634.0
645,2021-10-19 09:33:18,11100.0,1600.0,558934.0
646,2021-10-19 09:33:15,11200.0,100.0,557334.0
647,2021-10-19 09:33:00,11100.0,800.0,557234.0
648,2021-10-19 09:32:55,11100.0,800.0,556434.0
649,2021-10-19 09:32:54,11100.0,400.0,555634.0
650,2021-10-19 09:32:53,11100.0,2700.0,555234.0
651,2021-10-19 09:32:52,11200.0,7700.0,552534.0
652,2021-10-19 09:32:51,11200.0,200.0,544834.0
653,2021-10-19 09:32:46,11100.0,1000.0,544634.0
654,2021-10-19 09:32:39,11100.0,800.0,543634.0
655,2021-10-19 09:32:38,11100.0,100.0,542834.0
656,2021-10-19 09:32:37,11200.0,3300.0,542734.0
657,2021-10-19 09:32:31,11100.0,1000.0,539434.0
658,2021-10-19 09:32:25,11000.0,5000.0,538434.0
659,2021-10-19 09:32:22,11100.0,1000.0,533434.0
660,2021-10-19 09:32:16,11100.0,10000.0,532434.0
661,2021-10-19 09:32:02,11000.0,13100.0,522434.0
662,2021-10-19 09:32:00,11000.0,4100.0,509334.0
663,2021-10-19 09:31:58,11000.0,61200.0,505234.0
664,2021-10-19 09:31:52,10900.0,4700.0,444034.0
665,2021-10-19 09:31:47,10900.0,200.0,439334.0
666,2021-10-19 09:31:40,10900.0,100.0,439134.0
667,2021-10-19 09:31:38,10900.0,3300.0,439034.0
668,2021-10-19 09:31:31,10900.0,3000.0,435734.0
669,2021-10-19 09:31:25,10900.0,3000.0,432734.0
670,2021-10-19 09:31:24,10900.0,12000.0,429734.0
671,2021-10-19 09:31:22,10900.0,100.0,417734.0
672,2021-10-19 09:31:21,10900.0,2600.0,417634.0
673,2021-10-19 09:31:17,10900.0,5200.0,415034.0
674,2021-10-19 09:31:10,10900.0,15.0,409834.0
675,2021-10-19 09:31:06,10900.0,4200.0,409819.0
676,2021-10-19 09:31:03,10800.0,100.0,405619.0
677,2021-10-19 09:31:00,10800.0,100.0,405519.0
678,2021-10-19 09:30:50,10800.0,500.0,405419.0
679,2021-10-19 09:30:38,10800.0,5300.0,404919.0
680,2021-10-19 09:30:23,10800.0,100.0,399619.0
681,2021-10-19 09:30:15,10800.0,10000.0,399519.0
682,2021-10-19 09:30:14,10800.0,100.0,389519.0
683,2021-10-19 09:29:47,10800.0,2700.0,389419.0
684,2021-10-19 09:29:39,10800.0,5000.0,386719.0
685,2021-10-19 09:29:37,10800.0,300.0,381719.0
686,2021-10-19 09:29:29,10800.0,1000.0,381419.0
687,2021-10-19 09:29:25,10800.0,300.0,380419.0
688,2021-10-19 09:29:24,10800.0,8000.0,380119.0
689,2021-10-19 09:29:18,10800.0,8800.0,372119.0
690,2021-10-19 09:29:17,10800.0,10100.0,363319.0
691,2021-10-19 09:29:14,10800.0,10000.0,353219.0
692,2021-10-19 09:29:12,10700.0,5000.0,343219.0
693,2021-10-19 09:29:00,10800.0,200.0,338219.0
694,2021-10-19 09:28:59,10800.0,5300.0,338019.0
695,2021-10-19 09:28:42,10800.0,1800.0,332719.0
696,2021-10-19 09:28:39,10800.0,2000.0,330919.0
697,2021-10-19 09:28:34,10800.0,6000.0,328919.0
698,2021-10-19 09:28:23,10700.0,100.0,322919.0
699,2021-10-19 09:28:17,10700.0,1000.0,322819.0
700,2021-10-19 09:28:10,10700.0,50.0,321819.0
701,2021-10-19 09:27:55,10700.0,49600.0,321769.0
702,2021-10-19 09:27:47,10600.0,300.0,272169.0
703,2021-10-19 09:27:33,10600.0,100.0,271869.0
704,2021-10-19 09:27:26,10600.0,1000.0,271769.0
705,2021-10-19 09:27:23,10600.0,45200.0,270769.0
706,2021-10-19 09:27:19,10600.0,3100.0,225569.0
707,2021-10-19 09:27:05,10600.0,4000.0,222469.0
708,2021-10-19 09:26:58,10600.0,7700.0,218469.0
709,2021-10-19 09:26:49,10500.0,100.0,210769.0
710,2021-10-19 09:26:22,10500.0,10000.0,210669.0
711,2021-10-19 09:25:51,10500.0,100.0,200669.0
712,2021-10-19 09:24:59,10600.0,50000.0,200569.0
713,2021-10-19 09:24:38,10500.0,3100.0,150569.0
714,2021-10-19 09:24:34,10500.0,2000.0,147469.0
715,2021-10-19 09:24:22,10500.0,50.0,145469.0
716,2021-10-19 09:23:59,10500.0,49.0,145419.0
717,2021-10-19 09:23:56,10500.0,200.0,145370.0
718,2021-10-19 09:23:52,10500.0,2000.0,145170.0
719,2021-10-19 09:23:41,10500.0,300.0,143170.0
720,2021-10-19 09:23:31,10500.0,100.0,142870.0
721,2021-10-19 09:23:17,10500.0,1500.0,142770.0
722,2021-10-19 09:23:02,10500.0,6000.0,141270.0
723,2021-10-19 09:22:49,10600.0,500.0,135270.0
724,2021-10-19 09:22:48,10600.0,10.0,134770.0
725,2021-10-19 09:22:34,10600.0,100.0,134760.0
726,2021-10-19 09:22:00,10500.0,5200.0,134660.0
727,2021-10-19 09:21:52,10500.0,10000.0,129460.0
728,2021-10-19 09:21:51,10600.0,1000.0,119460.0
729,2021-10-19 09:21:43,10600.0,200.0,118460.0
730,2021-10-19 09:21:05,10600.0,3000.0,118260.0
731,2021-10-19 09:21:00,10600.0,100.0,115260.0
732,2021-10-19 09:20:46,10600.0,2300.0,115160.0
733,2021-10-19 09:20:04,10600.0,100.0,112860.0
734,2021-10-19 09:19:59,10600.0,4200.0,112760.0
735,2021-10-19 09:19:51,10600.0,100.0,108560.0
736,2021-10-19 09:19:29,10600.0,2000.0,108460.0
737,2021-10-19 09:18:38,10700.0,50000.0,106460.0
738,2021-10-19 09:18:13,10700.0,6100.0,56460.0
739,2021-10-19 09:18:02,10600.0,3000.0,50360.0
740,2021-10-19 09:16:36,10700.0,10.0,47360.0
741,2021-10-19 09:16:26,10700.0,200.0,47350.0
742,2021-10-19 09:16:19,10600.0,1000.0,47150.0
743,2021-10-19 09:16:18,10600.0,200.0,46150.0
744,2021-10-19 09:15:59,10600.0,4000.0,45950.0
745,2021-10-19 09:15:50,10600.0,100.0,41950.0
746,2021-10-19 09:15:36,10600.0,100.0,41850.0
747,2021-10-19 09:14:29,10600.0,1000.0,41750.0
748,2021-10-19 09:13:53,10600.0,500.0,40750.0
749,2021-10-19 09:13:41,10600.0,200.0,40250.0
750,2021-10-19 09:13:26,10700.0,20.0,40050.0
751,2021-10-19 09:13:15,10700.0,5000.0,40030.0
752,2021-10-19 09:12:49,10600.0,1700.0,35030.0
753,2021-10-19 09:12:40,10600.0,2000.0,33330.0
754,2021-10-19 09:12:22,10600.0,10.0,31330.0
755,2021-10-19 09:12:16,10600.0,200.0,31320.0
756,2021-10-19 09:11:49,10600.0,50.0,31120.0
757,2021-10-19 09:11:39,10600.0,10000.0,31070.0
758,2021-10-19 09:11:17,10700.0,600.0,21070.0
759,2021-10-19 09:10:47,10700.0,100.0,20470.0
760,2021-10-19 09:10:39,10700.0,3300.0,20370.0
761,2021-10-19 09:10:09,10700.0,1000.0,17070.0
762,2021-10-19 09:09:49,10600.0,3000.0,16070.0
763,2021-10-19 09:09:42,10600.0,1000.0,13070.0
764,2021-10-19 09:09:36,10600.0,5000.0,12070.0
765,2021-10-19 09:09:27,10600.0,300.0,7070.0
766,2021-10-19 09:08:48,10600.0,600.0,6770.0
767,2021-10-19 09:08:13,10600.0,200.0,6170.0
768,2021-10-19 09:07:55,10600.0,2900.0,5970.0
769,2021-10-19 09:07:43,10600.0,1000.0,3070.0
770,2021-10-19 09:07:25,10600.0,200.0,2070.0
771,2021-10-19 09:05:38,10500.0,100.0,1870.0
772,2021-10-19 09:03:33,10500.0,1000.0,1770.0
773,2021-10-19 09:00:34,10500.0,70.0,770.0
774,2021-10-19 09:00:13,10500.0,700.0,700.0
