,Time,Price,Volume_per_trade,Volume
0,2021-10-01 14:45:03,11100.0,43200.0,2536566.0
1,2021-10-01 14:29:34,11200.0,300.0,2493366.0
2,2021-10-01 14:29:01,11100.0,500.0,2493066.0
3,2021-10-01 14:28:36,11100.0,700.0,2492566.0
4,2021-10-01 14:28:14,11100.0,700.0,2491866.0
5,2021-10-01 14:28:08,11100.0,39.0,2491166.0
6,2021-10-01 14:27:45,11100.0,400.0,2491127.0
7,2021-10-01 14:27:37,11100.0,500.0,2490727.0
8,2021-10-01 14:25:57,11100.0,1200.0,2490227.0
9,2021-10-01 14:25:21,11000.0,1100.0,2489027.0
10,2021-10-01 14:25:19,11000.0,3000.0,2487927.0
11,2021-10-01 14:25:14,11000.0,2900.0,2484927.0
12,2021-10-01 14:25:11,11000.0,700.0,2482027.0
13,2021-10-01 14:25:00,11000.0,1000.0,2481327.0
14,2021-10-01 14:24:56,11000.0,10000.0,2480327.0
15,2021-10-01 14:24:52,11000.0,100.0,2470327.0
16,2021-10-01 14:24:41,11000.0,1500.0,2470227.0
17,2021-10-01 14:24:13,11000.0,500.0,2468727.0
18,2021-10-01 14:23:42,11000.0,400.0,2468227.0
19,2021-10-01 14:23:41,10900.0,4000.0,2467827.0
20,2021-10-01 14:23:39,10900.0,2100.0,2463827.0
21,2021-10-01 14:23:28,10900.0,5100.0,2461727.0
22,2021-10-01 14:23:19,10900.0,500.0,2456627.0
23,2021-10-01 14:23:08,10900.0,50.0,2456127.0
24,2021-10-01 14:22:56,10900.0,500.0,2456077.0
25,2021-10-01 14:22:47,10900.0,3000.0,2455577.0
26,2021-10-01 14:22:27,11000.0,1200.0,2452577.0
27,2021-10-01 14:21:59,11000.0,1000.0,2451377.0
28,2021-10-01 14:21:34,11000.0,400.0,2450377.0
29,2021-10-01 14:21:21,11000.0,300.0,2449977.0
30,2021-10-01 14:20:58,11100.0,100.0,2449677.0
31,2021-10-01 14:20:56,11100.0,3900.0,2449577.0
32,2021-10-01 14:20:28,11000.0,400.0,2445677.0
33,2021-10-01 14:20:13,11000.0,3700.0,2445277.0
34,2021-10-01 14:20:08,11000.0,1000.0,2441577.0
35,2021-10-01 14:20:04,11000.0,20000.0,2440577.0
36,2021-10-01 14:19:59,11000.0,23800.0,2420577.0
37,2021-10-01 14:19:34,11100.0,11400.0,2396777.0
38,2021-10-01 14:19:06,11100.0,100.0,2385377.0
39,2021-10-01 14:18:26,11100.0,300.0,2385277.0
40,2021-10-01 14:18:06,11100.0,1550.0,2384977.0
41,2021-10-01 14:17:48,11100.0,200.0,2383427.0
42,2021-10-01 14:17:00,11100.0,1000.0,2383227.0
43,2021-10-01 14:16:28,11100.0,800.0,2382227.0
44,2021-10-01 14:15:28,11100.0,100.0,2381427.0
45,2021-10-01 14:15:23,11000.0,11000.0,2381327.0
46,2021-10-01 14:14:58,11100.0,1300.0,2370327.0
47,2021-10-01 14:14:49,11000.0,1000.0,2369027.0
48,2021-10-01 14:14:34,11100.0,2000.0,2368027.0
49,2021-10-01 14:14:11,11000.0,11.0,2366027.0
50,2021-10-01 14:12:48,11000.0,500.0,2366016.0
51,2021-10-01 14:11:58,11000.0,5000.0,2365516.0
52,2021-10-01 14:11:22,11000.0,3000.0,2360516.0
53,2021-10-01 14:08:46,11000.0,400.0,2357516.0
54,2021-10-01 14:08:25,11100.0,14100.0,2357116.0
55,2021-10-01 14:08:23,11100.0,800.0,2343016.0
56,2021-10-01 14:07:53,11100.0,1500.0,2342216.0
57,2021-10-01 14:07:31,11100.0,10000.0,2340716.0
58,2021-10-01 14:06:47,11200.0,1500.0,2330716.0
59,2021-10-01 14:05:08,11200.0,1500.0,2329216.0
60,2021-10-01 14:04:12,11100.0,3000.0,2327716.0
61,2021-10-01 14:04:11,11200.0,200.0,2324716.0
62,2021-10-01 14:02:03,11200.0,600.0,2324516.0
63,2021-10-01 14:01:58,11200.0,200.0,2323916.0
64,2021-10-01 14:01:50,11200.0,700.0,2323716.0
65,2021-10-01 14:01:17,11200.0,400.0,2323016.0
66,2021-10-01 14:01:02,11200.0,900.0,2322616.0
67,2021-10-01 14:01:01,11200.0,300.0,2321716.0
68,2021-10-01 14:00:05,11200.0,800.0,2321416.0
69,2021-10-01 13:59:52,11200.0,200.0,2320616.0
70,2021-10-01 13:59:12,11200.0,700.0,2320416.0
71,2021-10-01 13:56:48,11200.0,1000.0,2319716.0
72,2021-10-01 13:55:48,11200.0,800.0,2318716.0
73,2021-10-01 13:55:36,11200.0,100.0,2317916.0
74,2021-10-01 13:55:16,11200.0,100.0,2317816.0
75,2021-10-01 13:54:54,11200.0,100.0,2317716.0
76,2021-10-01 13:54:02,11200.0,100.0,2317616.0
77,2021-10-01 13:53:28,11200.0,600.0,2317516.0
78,2021-10-01 13:52:57,11200.0,100.0,2316916.0
79,2021-10-01 13:52:48,11200.0,600.0,2316816.0
80,2021-10-01 13:51:17,11200.0,500.0,2316216.0
81,2021-10-01 13:50:59,11200.0,300.0,2315716.0
82,2021-10-01 13:50:15,11100.0,7200.0,2315416.0
83,2021-10-01 13:50:00,11200.0,800.0,2308216.0
84,2021-10-01 13:48:18,11200.0,1600.0,2307416.0
85,2021-10-01 13:48:09,11200.0,3000.0,2305816.0
86,2021-10-01 13:48:02,11200.0,6900.0,2302816.0
87,2021-10-01 13:48:01,11300.0,12000.0,2295916.0
88,2021-10-01 13:47:56,11300.0,10000.0,2283916.0
89,2021-10-01 13:47:51,11300.0,17500.0,2273916.0
90,2021-10-01 13:47:48,11300.0,1000.0,2256416.0
91,2021-10-01 13:47:35,11300.0,1000.0,2255416.0
92,2021-10-01 13:47:32,11300.0,1000.0,2254416.0
93,2021-10-01 13:47:12,11300.0,300.0,2253416.0
94,2021-10-01 13:45:47,11400.0,1000.0,2253116.0
95,2021-10-01 13:45:01,11400.0,1000.0,2252116.0
96,2021-10-01 13:44:49,11300.0,200.0,2251116.0
97,2021-10-01 13:44:45,11300.0,1000.0,2250916.0
98,2021-10-01 13:44:39,11300.0,1000.0,2249916.0
99,2021-10-01 13:43:51,11300.0,2000.0,2248916.0
100,2021-10-01 13:43:43,11400.0,1000.0,2246916.0
101,2021-10-01 13:43:42,11300.0,2500.0,2245916.0
102,2021-10-01 13:43:31,11400.0,200.0,2243416.0
103,2021-10-01 13:42:58,11400.0,300.0,2243216.0
104,2021-10-01 13:42:46,11400.0,400.0,2242916.0
105,2021-10-01 13:42:39,11400.0,5700.0,2242516.0
106,2021-10-01 13:41:19,11400.0,7000.0,2236816.0
107,2021-10-01 13:41:11,11400.0,100.0,2229816.0
108,2021-10-01 13:40:38,11300.0,1500.0,2229716.0
109,2021-10-01 13:39:51,11300.0,13100.0,2228216.0
110,2021-10-01 13:39:48,11300.0,3000.0,2215116.0
111,2021-10-01 13:39:36,11300.0,800.0,2212116.0
112,2021-10-01 13:39:20,11300.0,1000.0,2211316.0
113,2021-10-01 13:39:12,11300.0,3000.0,2210316.0
114,2021-10-01 13:38:14,11300.0,19000.0,2207316.0
115,2021-10-01 13:37:01,11300.0,3500.0,2188316.0
116,2021-10-01 13:35:59,11200.0,15900.0,2184816.0
117,2021-10-01 13:35:51,11100.0,1700.0,2168916.0
118,2021-10-01 13:35:31,11100.0,2000.0,2167216.0
119,2021-10-01 13:35:28,11100.0,1800.0,2165216.0
120,2021-10-01 13:35:26,11100.0,300.0,2163416.0
121,2021-10-01 13:34:48,11100.0,100.0,2163116.0
122,2021-10-01 13:34:16,11100.0,1000.0,2163016.0
123,2021-10-01 13:34:08,11000.0,4000.0,2162016.0
124,2021-10-01 13:34:03,11100.0,10000.0,2158016.0
125,2021-10-01 13:32:57,11000.0,30000.0,2148016.0
126,2021-10-01 13:32:27,11100.0,600.0,2118016.0
127,2021-10-01 13:32:14,11100.0,2500.0,2117416.0
128,2021-10-01 13:31:42,11100.0,1800.0,2114916.0
129,2021-10-01 13:31:39,11100.0,800.0,2113116.0
130,2021-10-01 13:30:54,11100.0,1000.0,2112316.0
131,2021-10-01 13:30:02,11100.0,500.0,2111316.0
132,2021-10-01 13:29:35,11100.0,1500.0,2110816.0
133,2021-10-01 13:28:15,11100.0,3400.0,2109316.0
134,2021-10-01 13:25:55,11100.0,200.0,2105916.0
135,2021-10-01 13:25:52,11000.0,10000.0,2105716.0
136,2021-10-01 13:25:46,11100.0,100.0,2095716.0
137,2021-10-01 13:25:38,11100.0,100.0,2095616.0
138,2021-10-01 13:25:37,11100.0,400.0,2095516.0
139,2021-10-01 13:25:30,11100.0,2000.0,2095116.0
140,2021-10-01 13:25:19,11100.0,6500.0,2093116.0
141,2021-10-01 13:24:34,11100.0,3200.0,2086616.0
142,2021-10-01 13:24:29,11100.0,100.0,2083416.0
143,2021-10-01 13:24:17,11100.0,100.0,2083316.0
144,2021-10-01 13:24:15,11100.0,600.0,2083216.0
145,2021-10-01 13:24:04,11100.0,5000.0,2082616.0
146,2021-10-01 13:24:01,11100.0,2800.0,2077616.0
147,2021-10-01 13:23:49,11100.0,2600.0,2074816.0
148,2021-10-01 13:23:45,11100.0,3000.0,2072216.0
149,2021-10-01 13:23:04,11100.0,8000.0,2069216.0
150,2021-10-01 13:21:07,11100.0,1000.0,2061216.0
151,2021-10-01 13:20:53,11000.0,10000.0,2060216.0
152,2021-10-01 13:20:06,11000.0,10100.0,2050216.0
153,2021-10-01 13:19:40,11000.0,10000.0,2040116.0
154,2021-10-01 13:19:35,11100.0,400.0,2030116.0
155,2021-10-01 13:19:20,11000.0,100.0,2029716.0
156,2021-10-01 13:18:39,11100.0,7500.0,2029616.0
157,2021-10-01 13:18:13,11100.0,300.0,2022116.0
158,2021-10-01 13:18:09,11100.0,500.0,2021816.0
159,2021-10-01 13:18:07,11100.0,300.0,2021316.0
160,2021-10-01 13:17:58,11100.0,1200.0,2021016.0
161,2021-10-01 13:17:52,11000.0,100.0,2019816.0
162,2021-10-01 13:17:38,11000.0,20000.0,2019716.0
163,2021-10-01 13:17:15,11000.0,800.0,1999716.0
164,2021-10-01 13:16:41,11000.0,2900.0,1998916.0
165,2021-10-01 13:16:38,11100.0,5300.0,1996016.0
166,2021-10-01 13:16:34,11100.0,900.0,1990716.0
167,2021-10-01 13:16:33,11100.0,10000.0,1989816.0
168,2021-10-01 13:16:04,11100.0,3200.0,1979816.0
169,2021-10-01 13:12:53,11100.0,400.0,1976616.0
170,2021-10-01 13:12:46,11100.0,1000.0,1976216.0
171,2021-10-01 13:12:43,11100.0,2400.0,1975216.0
172,2021-10-01 13:12:31,11100.0,100.0,1972816.0
173,2021-10-01 13:09:04,11200.0,100.0,1972716.0
174,2021-10-01 13:08:53,11100.0,9.0,1972616.0
175,2021-10-01 13:08:25,11100.0,300.0,1972607.0
176,2021-10-01 13:06:36,11100.0,700.0,1972307.0
177,2021-10-01 13:05:00,11100.0,500.0,1971607.0
178,2021-10-01 13:03:33,11200.0,200.0,1971107.0
179,2021-10-01 13:03:09,11100.0,100.0,1970907.0
180,2021-10-01 13:02:54,11100.0,900.0,1970807.0
181,2021-10-01 13:01:55,11100.0,500.0,1969907.0
182,2021-10-01 13:00:21,11200.0,900.0,1969407.0
183,2021-10-01 13:00:08,11200.0,300.0,1968507.0
184,2021-10-01 13:00:04,11100.0,20000.0,1968207.0
185,2021-10-01 13:00:03,11100.0,1100.0,1948207.0
186,2021-10-01 13:00:02,11200.0,1000.0,1947107.0
187,2021-10-01 13:00:01,11200.0,100.0,1946107.0
188,2021-10-01 11:29:26,11200.0,400.0,1946007.0
189,2021-10-01 11:28:09,11100.0,1000.0,1945607.0
190,2021-10-01 11:27:32,11100.0,200.0,1944607.0
191,2021-10-01 11:27:17,11100.0,1500.0,1944407.0
192,2021-10-01 11:27:10,11100.0,4500.0,1942907.0
193,2021-10-01 11:26:55,11100.0,1000.0,1938407.0
194,2021-10-01 11:25:19,11100.0,10000.0,1937407.0
195,2021-10-01 11:24:23,11100.0,6000.0,1927407.0
196,2021-10-01 11:23:59,11100.0,900.0,1921407.0
197,2021-10-01 11:23:34,11100.0,1100.0,1920507.0
198,2021-10-01 11:23:29,11100.0,300.0,1919407.0
199,2021-10-01 11:23:18,11100.0,4600.0,1919107.0
200,2021-10-01 11:22:59,11100.0,5100.0,1914507.0
201,2021-10-01 11:22:29,11100.0,100.0,1909407.0
202,2021-10-01 11:21:52,11100.0,300.0,1909307.0
203,2021-10-01 11:20:40,11000.0,13800.0,1909007.0
204,2021-10-01 11:20:37,11000.0,600.0,1895207.0
205,2021-10-01 11:20:32,11000.0,7700.0,1894607.0
206,2021-10-01 11:19:28,11000.0,500.0,1886907.0
207,2021-10-01 11:19:05,11000.0,500.0,1886407.0
208,2021-10-01 11:18:54,11000.0,23500.0,1885907.0
209,2021-10-01 11:18:42,11000.0,6000.0,1862407.0
210,2021-10-01 11:18:22,11100.0,1000.0,1856407.0
211,2021-10-01 11:18:03,11100.0,7200.0,1855407.0
212,2021-10-01 11:17:23,11100.0,3600.0,1848207.0
213,2021-10-01 11:17:14,11000.0,24800.0,1844607.0
214,2021-10-01 11:17:04,11000.0,5100.0,1819807.0
215,2021-10-01 11:16:28,11100.0,400.0,1814707.0
216,2021-10-01 11:16:10,11100.0,100.0,1814307.0
217,2021-10-01 11:16:08,11100.0,200.0,1814207.0
218,2021-10-01 11:16:00,11100.0,100.0,1814007.0
219,2021-10-01 11:15:55,11100.0,25600.0,1813907.0
220,2021-10-01 11:15:51,11100.0,1000.0,1788307.0
221,2021-10-01 11:15:29,11100.0,200.0,1787307.0
222,2021-10-01 11:15:27,11100.0,1000.0,1787107.0
223,2021-10-01 11:15:21,11200.0,200.0,1786107.0
224,2021-10-01 11:15:03,11200.0,4700.0,1785907.0
225,2021-10-01 11:15:00,11200.0,500.0,1781207.0
226,2021-10-01 11:14:46,11300.0,1000.0,1780707.0
227,2021-10-01 11:14:38,11200.0,6100.0,1779707.0
228,2021-10-01 11:14:13,11300.0,1000.0,1773607.0
229,2021-10-01 11:13:23,11300.0,800.0,1772607.0
230,2021-10-01 11:13:06,11300.0,100.0,1771807.0
231,2021-10-01 11:12:48,11300.0,44000.0,1771707.0
232,2021-10-01 11:12:24,11300.0,3000.0,1727707.0
233,2021-10-01 11:11:42,11300.0,2000.0,1724707.0
234,2021-10-01 11:11:20,11400.0,200.0,1722707.0
235,2021-10-01 11:10:50,11400.0,100.0,1722507.0
236,2021-10-01 11:10:39,11400.0,1000.0,1722407.0
237,2021-10-01 11:10:01,11400.0,2.0,1721407.0
238,2021-10-01 11:09:34,11400.0,1100.0,1721405.0
239,2021-10-01 11:09:33,11300.0,1000.0,1720305.0
240,2021-10-01 11:07:36,11400.0,100.0,1719305.0
241,2021-10-01 11:07:27,11300.0,100.0,1719205.0
242,2021-10-01 11:07:17,11300.0,1200.0,1719105.0
243,2021-10-01 11:06:54,11300.0,100.0,1717905.0
244,2021-10-01 11:06:12,11300.0,7900.0,1717805.0
245,2021-10-01 11:05:57,11300.0,3000.0,1709905.0
246,2021-10-01 11:05:14,11300.0,1000.0,1706905.0
247,2021-10-01 11:05:11,11400.0,100.0,1705905.0
248,2021-10-01 11:03:39,11300.0,500.0,1705805.0
249,2021-10-01 11:03:27,11300.0,200.0,1705305.0
250,2021-10-01 11:01:59,11300.0,5000.0,1705105.0
251,2021-10-01 11:01:55,11400.0,200.0,1700105.0
252,2021-10-01 11:01:11,11300.0,1900.0,1699905.0
253,2021-10-01 11:00:56,11300.0,2000.0,1698005.0
254,2021-10-01 11:00:28,11300.0,68.0,1696005.0
255,2021-10-01 11:00:20,11300.0,500.0,1695937.0
256,2021-10-01 11:00:14,11400.0,200.0,1695437.0
257,2021-10-01 10:58:35,11400.0,1100.0,1695237.0
258,2021-10-01 10:58:28,11400.0,200.0,1694137.0
259,2021-10-01 10:57:32,11400.0,1000.0,1693937.0
260,2021-10-01 10:57:27,11400.0,18800.0,1692937.0
261,2021-10-01 10:57:24,11400.0,1500.0,1674137.0
262,2021-10-01 10:57:17,11400.0,900.0,1672637.0
263,2021-10-01 10:56:44,11400.0,12600.0,1671737.0
264,2021-10-01 10:56:43,11400.0,2000.0,1659137.0
265,2021-10-01 10:56:40,11400.0,3000.0,1657137.0
266,2021-10-01 10:56:23,11400.0,900.0,1654137.0
267,2021-10-01 10:56:20,11400.0,15000.0,1653237.0
268,2021-10-01 10:56:12,11400.0,1900.0,1638237.0
269,2021-10-01 10:56:02,11400.0,1300.0,1636337.0
270,2021-10-01 10:55:52,11400.0,10000.0,1635037.0
271,2021-10-01 10:55:35,11300.0,400.0,1625037.0
272,2021-10-01 10:54:57,11300.0,16500.0,1624637.0
273,2021-10-01 10:54:56,11200.0,1500.0,1608137.0
274,2021-10-01 10:52:57,11200.0,1000.0,1606637.0
275,2021-10-01 10:52:50,11300.0,1000.0,1605637.0
276,2021-10-01 10:52:27,11300.0,300.0,1604637.0
277,2021-10-01 10:52:04,11300.0,300.0,1604337.0
278,2021-10-01 10:51:42,11300.0,500.0,1604037.0
279,2021-10-01 10:51:27,11300.0,300.0,1603537.0
280,2021-10-01 10:51:22,11300.0,100.0,1603237.0
281,2021-10-01 10:51:07,11300.0,20.0,1603137.0
282,2021-10-01 10:51:03,11300.0,200.0,1603117.0
283,2021-10-01 10:50:51,11300.0,1800.0,1602917.0
284,2021-10-01 10:50:39,11300.0,28800.0,1601117.0
285,2021-10-01 10:50:37,11400.0,55000.0,1572317.0
286,2021-10-01 10:50:32,11400.0,1000.0,1517317.0
287,2021-10-01 10:50:22,11400.0,100.0,1516317.0
288,2021-10-01 10:49:54,11400.0,800.0,1516217.0
289,2021-10-01 10:49:53,11500.0,300.0,1515417.0
290,2021-10-01 10:49:36,11400.0,200.0,1515117.0
291,2021-10-01 10:49:11,11500.0,700.0,1514917.0
292,2021-10-01 10:48:57,11500.0,300.0,1514217.0
293,2021-10-01 10:48:56,11500.0,1000.0,1513917.0
294,2021-10-01 10:48:52,11400.0,900.0,1512917.0
295,2021-10-01 10:48:49,11400.0,200.0,1512017.0
296,2021-10-01 10:48:41,11400.0,2000.0,1511817.0
297,2021-10-01 10:48:31,11500.0,1000.0,1509817.0
298,2021-10-01 10:48:28,11400.0,200.0,1508817.0
299,2021-10-01 10:48:20,11500.0,500.0,1508617.0
300,2021-10-01 10:48:17,11500.0,6800.0,1508117.0
301,2021-10-01 10:48:12,11400.0,1400.0,1501317.0
302,2021-10-01 10:47:59,11500.0,5000.0,1499917.0
303,2021-10-01 10:47:53,11400.0,1500.0,1494917.0
304,2021-10-01 10:47:52,11500.0,1000.0,1493417.0
305,2021-10-01 10:47:44,11400.0,1000.0,1492417.0
306,2021-10-01 10:47:39,11400.0,1000.0,1491417.0
307,2021-10-01 10:47:38,11400.0,1000.0,1490417.0
308,2021-10-01 10:47:15,11400.0,1000.0,1489417.0
309,2021-10-01 10:47:03,11500.0,800.0,1488417.0
310,2021-10-01 10:47:01,11400.0,300.0,1487617.0
311,2021-10-01 10:46:46,11400.0,6000.0,1487317.0
312,2021-10-01 10:46:30,11500.0,1300.0,1481317.0
313,2021-10-01 10:46:08,11500.0,100.0,1480017.0
314,2021-10-01 10:46:01,11400.0,2000.0,1479917.0
315,2021-10-01 10:45:56,11500.0,2400.0,1477917.0
316,2021-10-01 10:45:35,11400.0,1000.0,1475517.0
317,2021-10-01 10:45:32,11500.0,100.0,1474517.0
318,2021-10-01 10:45:29,11500.0,300.0,1474417.0
319,2021-10-01 10:45:22,11500.0,300.0,1474117.0
320,2021-10-01 10:45:02,11500.0,2000.0,1473817.0
321,2021-10-01 10:45:00,11500.0,100.0,1471817.0
322,2021-10-01 10:44:48,11500.0,400.0,1471717.0
323,2021-10-01 10:44:45,11500.0,2000.0,1471317.0
324,2021-10-01 10:44:39,11500.0,400.0,1469317.0
325,2021-10-01 10:44:29,11500.0,600.0,1468917.0
326,2021-10-01 10:44:19,11400.0,2500.0,1468317.0
327,2021-10-01 10:44:18,11400.0,600.0,1465817.0
328,2021-10-01 10:44:01,11400.0,1000.0,1465217.0
329,2021-10-01 10:43:25,11400.0,1000.0,1464217.0
330,2021-10-01 10:43:20,11500.0,1000.0,1463217.0
331,2021-10-01 10:43:06,11400.0,300.0,1462217.0
332,2021-10-01 10:43:02,11500.0,1500.0,1461917.0
333,2021-10-01 10:42:56,11500.0,1300.0,1460417.0
334,2021-10-01 10:42:54,11400.0,1000.0,1459117.0
335,2021-10-01 10:42:52,11400.0,2300.0,1458117.0
336,2021-10-01 10:42:47,11500.0,50700.0,1455817.0
337,2021-10-01 10:42:44,11500.0,1900.0,1405117.0
338,2021-10-01 10:42:42,11500.0,1500.0,1403217.0
339,2021-10-01 10:42:19,11400.0,5000.0,1401717.0
340,2021-10-01 10:42:12,11500.0,900.0,1396717.0
341,2021-10-01 10:42:06,11500.0,3000.0,1395817.0
342,2021-10-01 10:41:32,11500.0,100.0,1392817.0
343,2021-10-01 10:41:30,11500.0,1000.0,1392717.0
344,2021-10-01 10:41:18,11500.0,100.0,1391717.0
345,2021-10-01 10:40:52,11500.0,100.0,1391617.0
346,2021-10-01 10:40:51,11500.0,100.0,1391517.0
347,2021-10-01 10:40:32,11500.0,1000.0,1391417.0
348,2021-10-01 10:40:28,11500.0,11000.0,1390417.0
349,2021-10-01 10:40:17,11400.0,1000.0,1379417.0
350,2021-10-01 10:40:15,11500.0,49.0,1378417.0
351,2021-10-01 10:40:06,11500.0,400.0,1378368.0
352,2021-10-01 10:39:57,11500.0,2000.0,1377968.0
353,2021-10-01 10:39:56,11400.0,2000.0,1375968.0
354,2021-10-01 10:39:31,11400.0,6000.0,1373968.0
355,2021-10-01 10:39:21,11400.0,1000.0,1367968.0
356,2021-10-01 10:39:17,11400.0,2000.0,1366968.0
357,2021-10-01 10:39:00,11400.0,200.0,1364968.0
358,2021-10-01 10:38:56,11500.0,90.0,1364768.0
359,2021-10-01 10:38:55,11500.0,500.0,1364678.0
360,2021-10-01 10:38:11,11400.0,200.0,1364178.0
361,2021-10-01 10:38:10,11500.0,700.0,1363978.0
362,2021-10-01 10:37:57,11500.0,1200.0,1363278.0
363,2021-10-01 10:37:52,11400.0,300.0,1362078.0
364,2021-10-01 10:37:42,11400.0,100.0,1361778.0
365,2021-10-01 10:37:37,11400.0,4900.0,1361678.0
366,2021-10-01 10:37:32,11500.0,1000.0,1356778.0
367,2021-10-01 10:37:30,11500.0,500.0,1355778.0
368,2021-10-01 10:37:18,11400.0,300.0,1355278.0
369,2021-10-01 10:37:10,11400.0,20.0,1354978.0
370,2021-10-01 10:37:07,11400.0,400.0,1354958.0
371,2021-10-01 10:36:56,11400.0,1000.0,1354558.0
372,2021-10-01 10:36:38,11400.0,200.0,1353558.0
373,2021-10-01 10:36:36,11400.0,23900.0,1353358.0
374,2021-10-01 10:36:34,11400.0,1000.0,1329458.0
375,2021-10-01 10:36:33,11400.0,700.0,1328458.0
376,2021-10-01 10:36:28,11400.0,500.0,1327758.0
377,2021-10-01 10:36:23,11400.0,900.0,1327258.0
378,2021-10-01 10:36:18,11400.0,3000.0,1326358.0
379,2021-10-01 10:36:05,11400.0,500.0,1323358.0
380,2021-10-01 10:35:56,11300.0,200.0,1322858.0
381,2021-10-01 10:35:40,11300.0,100.0,1322658.0
382,2021-10-01 10:35:30,11300.0,500.0,1322558.0
383,2021-10-01 10:35:20,11300.0,300.0,1322058.0
384,2021-10-01 10:33:55,11300.0,8200.0,1321758.0
385,2021-10-01 10:33:53,11300.0,700.0,1313558.0
386,2021-10-01 10:33:41,11300.0,2000.0,1312858.0
387,2021-10-01 10:33:22,11300.0,5000.0,1310858.0
388,2021-10-01 10:32:23,11300.0,5000.0,1305858.0
389,2021-10-01 10:31:54,11300.0,900.0,1300858.0
390,2021-10-01 10:31:51,11200.0,1000.0,1299958.0
391,2021-10-01 10:30:50,11300.0,400.0,1298958.0
392,2021-10-01 10:30:32,11300.0,1000.0,1298558.0
393,2021-10-01 10:30:31,11300.0,400.0,1297558.0
394,2021-10-01 10:30:28,11300.0,100.0,1297158.0
395,2021-10-01 10:30:05,11300.0,1000.0,1297058.0
396,2021-10-01 10:30:03,11300.0,200.0,1296058.0
397,2021-10-01 10:29:52,11300.0,17000.0,1295858.0
398,2021-10-01 10:29:50,11300.0,1000.0,1278858.0
399,2021-10-01 10:29:37,11300.0,1700.0,1277858.0
400,2021-10-01 10:29:31,11300.0,1600.0,1276158.0
401,2021-10-01 10:29:10,11300.0,2000.0,1274558.0
402,2021-10-01 10:28:40,11200.0,2400.0,1272558.0
403,2021-10-01 10:28:37,11200.0,100.0,1270158.0
404,2021-10-01 10:28:30,11200.0,100.0,1270058.0
405,2021-10-01 10:28:27,11200.0,2900.0,1269958.0
406,2021-10-01 10:28:26,11200.0,4000.0,1267058.0
407,2021-10-01 10:28:17,11200.0,5000.0,1263058.0
408,2021-10-01 10:28:02,11200.0,100.0,1258058.0
409,2021-10-01 10:28:01,11200.0,2500.0,1257958.0
410,2021-10-01 10:27:40,11200.0,10000.0,1255458.0
411,2021-10-01 10:27:37,11100.0,100.0,1245458.0
412,2021-10-01 10:27:28,11100.0,500.0,1245358.0
413,2021-10-01 10:27:26,11100.0,500.0,1244858.0
414,2021-10-01 10:27:08,11100.0,100.0,1244358.0
415,2021-10-01 10:27:01,11100.0,10000.0,1244258.0
416,2021-10-01 10:26:56,11100.0,1000.0,1234258.0
417,2021-10-01 10:26:39,11100.0,500.0,1233258.0
418,2021-10-01 10:25:59,11100.0,2000.0,1232758.0
419,2021-10-01 10:25:55,11000.0,1400.0,1230758.0
420,2021-10-01 10:25:50,11000.0,100.0,1229358.0
421,2021-10-01 10:25:45,11000.0,19000.0,1229258.0
422,2021-10-01 10:25:16,11000.0,100.0,1210258.0
423,2021-10-01 10:24:33,11000.0,11.0,1210158.0
424,2021-10-01 10:24:18,11000.0,300.0,1210147.0
425,2021-10-01 10:20:57,11000.0,14.0,1209847.0
426,2021-10-01 10:20:38,11000.0,100.0,1209833.0
427,2021-10-01 10:20:22,11000.0,5000.0,1209733.0
428,2021-10-01 10:20:00,10900.0,900.0,1204733.0
429,2021-10-01 10:19:08,10900.0,5300.0,1203833.0
430,2021-10-01 10:18:15,10900.0,1000.0,1198533.0
431,2021-10-01 10:17:08,10900.0,400.0,1197533.0
432,2021-10-01 10:17:05,10900.0,100.0,1197133.0
433,2021-10-01 10:15:38,10900.0,1000.0,1197033.0
434,2021-10-01 10:15:33,10900.0,1200.0,1196033.0
435,2021-10-01 10:14:53,10900.0,500.0,1194833.0
436,2021-10-01 10:14:49,10900.0,82.0,1194333.0
437,2021-10-01 10:14:38,10900.0,5800.0,1194251.0
438,2021-10-01 10:14:08,10900.0,4000.0,1188451.0
439,2021-10-01 10:14:03,10900.0,5000.0,1184451.0
440,2021-10-01 10:13:36,10900.0,2000.0,1179451.0
441,2021-10-01 10:13:24,10900.0,100.0,1177451.0
442,2021-10-01 10:12:55,10900.0,200.0,1177351.0
443,2021-10-01 10:12:52,10800.0,100.0,1177151.0
444,2021-10-01 10:12:40,10800.0,100.0,1177051.0
445,2021-10-01 10:11:43,10800.0,1100.0,1176951.0
446,2021-10-01 10:11:33,10900.0,1000.0,1175851.0
447,2021-10-01 10:10:51,10900.0,3000.0,1174851.0
448,2021-10-01 10:10:47,10900.0,5400.0,1171851.0
449,2021-10-01 10:10:41,10900.0,1000.0,1166451.0
450,2021-10-01 10:10:14,10900.0,6500.0,1165451.0
451,2021-10-01 10:10:12,10800.0,5000.0,1158951.0
452,2021-10-01 10:09:55,10900.0,100.0,1153951.0
453,2021-10-01 10:09:18,10900.0,1000.0,1153851.0
454,2021-10-01 10:09:15,10900.0,2500.0,1152851.0
455,2021-10-01 10:09:11,10900.0,400.0,1150351.0
456,2021-10-01 10:08:55,10900.0,800.0,1149951.0
457,2021-10-01 10:08:36,10900.0,800.0,1149151.0
458,2021-10-01 10:08:26,10900.0,5000.0,1148351.0
459,2021-10-01 10:08:18,10900.0,100.0,1143351.0
460,2021-10-01 10:08:05,10900.0,200.0,1143251.0
461,2021-10-01 10:08:04,10900.0,800.0,1143051.0
462,2021-10-01 10:07:49,10900.0,5000.0,1142251.0
463,2021-10-01 10:07:41,10900.0,1000.0,1137251.0
464,2021-10-01 10:07:28,10900.0,2000.0,1136251.0
465,2021-10-01 10:07:15,10900.0,1000.0,1134251.0
466,2021-10-01 10:07:11,10900.0,600.0,1133251.0
467,2021-10-01 10:07:10,11000.0,2000.0,1132651.0
468,2021-10-01 10:07:04,10900.0,2000.0,1130651.0
469,2021-10-01 10:06:38,10900.0,200.0,1128651.0
470,2021-10-01 10:06:33,10900.0,200.0,1128451.0
471,2021-10-01 10:06:29,10900.0,1000.0,1128251.0
472,2021-10-01 10:06:09,10900.0,8800.0,1127251.0
473,2021-10-01 10:05:45,11000.0,700.0,1118451.0
474,2021-10-01 10:05:00,11000.0,300.0,1117751.0
475,2021-10-01 10:04:46,11000.0,100.0,1117451.0
476,2021-10-01 10:04:18,11000.0,1.0,1117351.0
477,2021-10-01 10:04:10,11000.0,2000.0,1117350.0
478,2021-10-01 10:04:09,11000.0,1000.0,1115350.0
479,2021-10-01 10:03:58,11000.0,500.0,1114350.0
480,2021-10-01 10:03:39,11000.0,500.0,1113850.0
481,2021-10-01 10:03:08,11000.0,100.0,1113350.0
482,2021-10-01 10:02:51,11000.0,100.0,1113250.0
483,2021-10-01 10:02:50,11000.0,200.0,1113150.0
484,2021-10-01 10:02:34,11000.0,300.0,1112950.0
485,2021-10-01 10:02:08,11000.0,1000.0,1112650.0
486,2021-10-01 10:01:24,11000.0,1200.0,1111650.0
487,2021-10-01 10:01:11,10900.0,500.0,1110450.0
488,2021-10-01 10:00:55,11000.0,1000.0,1109950.0
489,2021-10-01 10:00:49,11000.0,100.0,1108950.0
490,2021-10-01 10:00:33,11000.0,2000.0,1108850.0
491,2021-10-01 09:59:53,11000.0,100.0,1106850.0
492,2021-10-01 09:59:37,11000.0,500.0,1106750.0
493,2021-10-01 09:59:17,11000.0,2700.0,1106250.0
494,2021-10-01 09:59:07,10900.0,3000.0,1103550.0
495,2021-10-01 09:59:04,10900.0,200.0,1100550.0
496,2021-10-01 09:59:03,11000.0,1000.0,1100350.0
497,2021-10-01 09:59:01,11000.0,1000.0,1099350.0
498,2021-10-01 09:58:54,11000.0,10000.0,1098350.0
499,2021-10-01 09:58:52,11000.0,3000.0,1088350.0
500,2021-10-01 09:58:34,11000.0,400.0,1085350.0
501,2021-10-01 09:58:26,11000.0,7000.0,1084950.0
502,2021-10-01 09:58:17,10900.0,1000.0,1077950.0
503,2021-10-01 09:58:11,10900.0,500.0,1076950.0
504,2021-10-01 09:57:50,11000.0,500.0,1076450.0
505,2021-10-01 09:57:40,11000.0,3000.0,1075950.0
506,2021-10-01 09:57:26,11000.0,1000.0,1072950.0
507,2021-10-01 09:57:09,11000.0,3000.0,1071950.0
508,2021-10-01 09:56:34,11000.0,200.0,1068950.0
509,2021-10-01 09:56:23,11000.0,300.0,1068750.0
510,2021-10-01 09:56:14,11000.0,800.0,1068450.0
511,2021-10-01 09:56:05,11000.0,500.0,1067650.0
512,2021-10-01 09:55:47,11000.0,15000.0,1067150.0
513,2021-10-01 09:55:41,11100.0,6000.0,1052150.0
514,2021-10-01 09:55:22,11000.0,2000.0,1046150.0
515,2021-10-01 09:55:18,11000.0,5000.0,1044150.0
516,2021-10-01 09:55:15,11000.0,500.0,1039150.0
517,2021-10-01 09:55:12,11000.0,5000.0,1038650.0
518,2021-10-01 09:55:09,11000.0,500.0,1033650.0
519,2021-10-01 09:55:00,11000.0,200.0,1033150.0
520,2021-10-01 09:54:51,11000.0,100.0,1032950.0
521,2021-10-01 09:54:42,11000.0,5000.0,1032850.0
522,2021-10-01 09:54:36,11100.0,1200.0,1027850.0
523,2021-10-01 09:54:08,11000.0,1000.0,1026650.0
524,2021-10-01 09:53:41,11100.0,100.0,1025650.0
525,2021-10-01 09:53:17,11000.0,500.0,1025550.0
526,2021-10-01 09:53:14,11100.0,1000.0,1025050.0
527,2021-10-01 09:52:23,11100.0,100.0,1024050.0
528,2021-10-01 09:52:18,11100.0,1400.0,1023950.0
529,2021-10-01 09:51:54,11100.0,200.0,1022550.0
530,2021-10-01 09:51:50,11100.0,1000.0,1022350.0
531,2021-10-01 09:51:27,11100.0,3000.0,1021350.0
532,2021-10-01 09:50:12,11100.0,300.0,1018350.0
533,2021-10-01 09:50:06,11100.0,600.0,1018050.0
534,2021-10-01 09:49:48,11100.0,10000.0,1017450.0
535,2021-10-01 09:49:29,11100.0,400.0,1007450.0
536,2021-10-01 09:49:27,11100.0,6000.0,1007050.0
537,2021-10-01 09:49:15,11100.0,6300.0,1001050.0
538,2021-10-01 09:49:11,11100.0,200.0,994750.0
539,2021-10-01 09:48:49,11100.0,1000.0,994550.0
540,2021-10-01 09:48:46,11100.0,1000.0,993550.0
541,2021-10-01 09:48:42,11100.0,100.0,992550.0
542,2021-10-01 09:48:14,11100.0,1600.0,992450.0
543,2021-10-01 09:48:02,11100.0,1000.0,990850.0
544,2021-10-01 09:47:45,11100.0,100.0,989850.0
545,2021-10-01 09:47:42,11100.0,300.0,989750.0
546,2021-10-01 09:47:40,11100.0,2800.0,989450.0
547,2021-10-01 09:47:39,11100.0,3300.0,986650.0
548,2021-10-01 09:47:29,11200.0,6100.0,983350.0
549,2021-10-01 09:47:12,11100.0,8700.0,977250.0
550,2021-10-01 09:47:06,11100.0,100.0,968550.0
551,2021-10-01 09:47:03,11100.0,4000.0,968450.0
552,2021-10-01 09:46:54,11100.0,3000.0,964450.0
553,2021-10-01 09:46:41,11100.0,1000.0,961450.0
554,2021-10-01 09:45:26,11100.0,500.0,960450.0
555,2021-10-01 09:45:24,11100.0,400.0,959950.0
556,2021-10-01 09:45:23,11100.0,200.0,959550.0
557,2021-10-01 09:45:21,11100.0,500.0,959350.0
558,2021-10-01 09:45:20,11100.0,6300.0,958850.0
559,2021-10-01 09:44:58,11100.0,5700.0,952550.0
560,2021-10-01 09:44:53,11100.0,3900.0,946850.0
561,2021-10-01 09:44:51,11100.0,3000.0,942950.0
562,2021-10-01 09:44:47,11100.0,300.0,939950.0
563,2021-10-01 09:44:42,11100.0,1000.0,939650.0
564,2021-10-01 09:44:37,11100.0,100.0,938650.0
565,2021-10-01 09:44:34,11100.0,100.0,938550.0
566,2021-10-01 09:44:31,11100.0,100.0,938450.0
567,2021-10-01 09:44:18,11100.0,1000.0,938350.0
568,2021-10-01 09:44:17,11100.0,500.0,937350.0
569,2021-10-01 09:44:14,11100.0,100.0,936850.0
570,2021-10-01 09:44:03,11100.0,100.0,936750.0
571,2021-10-01 09:43:53,11100.0,1500.0,936650.0
572,2021-10-01 09:43:52,11100.0,100.0,935150.0
573,2021-10-01 09:43:49,11100.0,5000.0,935050.0
574,2021-10-01 09:43:46,11200.0,600.0,930050.0
575,2021-10-01 09:43:43,11200.0,4200.0,929450.0
576,2021-10-01 09:43:40,11200.0,300.0,925250.0
577,2021-10-01 09:43:39,11200.0,100.0,924950.0
578,2021-10-01 09:43:37,11200.0,2700.0,924850.0
579,2021-10-01 09:43:36,11200.0,1000.0,922150.0
580,2021-10-01 09:43:33,11200.0,500.0,921150.0
581,2021-10-01 09:43:24,11200.0,12000.0,920650.0
582,2021-10-01 09:43:21,11100.0,10000.0,908650.0
583,2021-10-01 09:43:13,11200.0,100.0,898650.0
584,2021-10-01 09:43:11,11200.0,1000.0,898550.0
585,2021-10-01 09:43:08,11200.0,1500.0,897550.0
586,2021-10-01 09:43:07,11200.0,500.0,896050.0
587,2021-10-01 09:43:00,11200.0,300.0,895550.0
588,2021-10-01 09:42:58,11200.0,1200.0,895250.0
589,2021-10-01 09:42:54,11200.0,2100.0,894050.0
590,2021-10-01 09:42:53,11200.0,500.0,891950.0
591,2021-10-01 09:42:51,11200.0,100.0,891450.0
592,2021-10-01 09:42:48,11200.0,2000.0,891350.0
593,2021-10-01 09:42:43,11200.0,1000.0,889350.0
594,2021-10-01 09:42:41,11200.0,3200.0,888350.0
595,2021-10-01 09:42:40,11300.0,300.0,885150.0
596,2021-10-01 09:42:28,11200.0,2800.0,884850.0
597,2021-10-01 09:42:27,11200.0,500.0,882050.0
598,2021-10-01 09:42:24,11200.0,200.0,881550.0
599,2021-10-01 09:42:18,11200.0,10000.0,881350.0
600,2021-10-01 09:42:12,11200.0,1000.0,871350.0
601,2021-10-01 09:42:06,11100.0,100.0,870350.0
602,2021-10-01 09:42:05,11200.0,100.0,870250.0
603,2021-10-01 09:41:59,11200.0,3500.0,870150.0
604,2021-10-01 09:41:43,11100.0,10700.0,866650.0
605,2021-10-01 09:41:40,11100.0,2000.0,855950.0
606,2021-10-01 09:41:21,11100.0,100.0,853950.0
607,2021-10-01 09:41:13,11000.0,100.0,853850.0
608,2021-10-01 09:41:01,11000.0,3500.0,853750.0
609,2021-10-01 09:40:59,11000.0,1000.0,850250.0
610,2021-10-01 09:40:58,11000.0,5000.0,849250.0
611,2021-10-01 09:40:45,11000.0,5000.0,844250.0
612,2021-10-01 09:40:43,10900.0,400.0,839250.0
613,2021-10-01 09:40:36,10900.0,500.0,838850.0
614,2021-10-01 09:40:12,10900.0,1000.0,838350.0
615,2021-10-01 09:39:31,10900.0,2200.0,837350.0
616,2021-10-01 09:39:23,10900.0,2000.0,835150.0
617,2021-10-01 09:38:53,10800.0,2600.0,833150.0
618,2021-10-01 09:38:51,10800.0,300.0,830550.0
619,2021-10-01 09:38:50,10800.0,400.0,830250.0
620,2021-10-01 09:38:49,10800.0,4500.0,829850.0
621,2021-10-01 09:38:48,10800.0,1400.0,825350.0
622,2021-10-01 09:38:33,10800.0,2500.0,823950.0
623,2021-10-01 09:38:32,10800.0,200.0,821450.0
624,2021-10-01 09:38:23,10700.0,100.0,821250.0
625,2021-10-01 09:38:12,10800.0,1900.0,821150.0
626,2021-10-01 09:38:11,10800.0,5000.0,819250.0
627,2021-10-01 09:37:45,10800.0,900.0,814250.0
628,2021-10-01 09:37:41,10700.0,900.0,813350.0
629,2021-10-01 09:37:33,10800.0,1000.0,812450.0
630,2021-10-01 09:37:26,10800.0,2200.0,811450.0
631,2021-10-01 09:36:54,10800.0,2000.0,809250.0
632,2021-10-01 09:36:12,10800.0,500.0,807250.0
633,2021-10-01 09:34:53,10700.0,500.0,806750.0
634,2021-10-01 09:33:35,10700.0,500.0,806250.0
635,2021-10-01 09:33:28,10800.0,500.0,805750.0
636,2021-10-01 09:33:24,10700.0,3500.0,805250.0
637,2021-10-01 09:33:23,10700.0,2000.0,801750.0
638,2021-10-01 09:33:16,10700.0,1000.0,799750.0
639,2021-10-01 09:33:08,10700.0,5000.0,798750.0
640,2021-10-01 09:33:07,10700.0,5000.0,793750.0
641,2021-10-01 09:33:01,10700.0,5500.0,788750.0
642,2021-10-01 09:32:46,10700.0,100.0,783250.0
643,2021-10-01 09:32:34,10700.0,100.0,783150.0
644,2021-10-01 09:32:26,10700.0,1400.0,783050.0
645,2021-10-01 09:32:23,10700.0,200.0,781650.0
646,2021-10-01 09:32:22,10700.0,500.0,781450.0
647,2021-10-01 09:32:16,10700.0,100.0,780950.0
648,2021-10-01 09:32:04,10700.0,3000.0,780850.0
649,2021-10-01 09:32:00,10700.0,1000.0,777850.0
650,2021-10-01 09:31:55,10700.0,200.0,776850.0
651,2021-10-01 09:31:54,10700.0,400.0,776650.0
652,2021-10-01 09:31:43,10700.0,300.0,776250.0
653,2021-10-01 09:31:34,10700.0,500.0,775950.0
654,2021-10-01 09:31:33,10700.0,1000.0,775450.0
655,2021-10-01 09:31:26,10700.0,12700.0,774450.0
656,2021-10-01 09:31:23,10700.0,100.0,761750.0
657,2021-10-01 09:31:22,10700.0,500.0,761650.0
658,2021-10-01 09:31:13,10700.0,5600.0,761150.0
659,2021-10-01 09:31:12,10700.0,900.0,755550.0
660,2021-10-01 09:31:09,10700.0,2500.0,754650.0
661,2021-10-01 09:31:02,10700.0,500.0,752150.0
662,2021-10-01 09:30:56,10700.0,29000.0,751650.0
663,2021-10-01 09:30:36,10700.0,1000.0,722650.0
664,2021-10-01 09:30:34,10700.0,1000.0,721650.0
665,2021-10-01 09:30:18,10700.0,300.0,720650.0
666,2021-10-01 09:30:10,10700.0,2400.0,720350.0
667,2021-10-01 09:29:49,10700.0,1000.0,717950.0
668,2021-10-01 09:29:39,10700.0,1000.0,716950.0
669,2021-10-01 09:29:24,10700.0,100.0,715950.0
670,2021-10-01 09:29:20,10700.0,1900.0,715850.0
671,2021-10-01 09:29:08,10700.0,1000.0,713950.0
672,2021-10-01 09:28:47,10700.0,2100.0,712950.0
673,2021-10-01 09:28:43,10700.0,3000.0,710850.0
674,2021-10-01 09:28:33,10700.0,100.0,707850.0
675,2021-10-01 09:28:27,10700.0,400.0,707750.0
676,2021-10-01 09:28:13,10700.0,2000.0,707350.0
677,2021-10-01 09:28:11,10700.0,2000.0,705350.0
678,2021-10-01 09:28:07,10700.0,14000.0,703350.0
679,2021-10-01 09:27:26,10600.0,2000.0,689350.0
680,2021-10-01 09:27:24,10700.0,400.0,687350.0
681,2021-10-01 09:27:23,10700.0,700.0,686950.0
682,2021-10-01 09:27:04,10700.0,5000.0,686250.0
683,2021-10-01 09:26:48,10700.0,700.0,681250.0
684,2021-10-01 09:26:41,10700.0,10000.0,680550.0
685,2021-10-01 09:26:18,10700.0,800.0,670550.0
686,2021-10-01 09:26:05,10700.0,1500.0,669750.0
687,2021-10-01 09:26:04,10700.0,100.0,668250.0
688,2021-10-01 09:25:59,10700.0,10000.0,668150.0
689,2021-10-01 09:25:56,10700.0,100.0,658150.0
690,2021-10-01 09:25:51,10700.0,2800.0,658050.0
691,2021-10-01 09:25:37,10700.0,600.0,655250.0
692,2021-10-01 09:24:52,10600.0,200.0,654650.0
693,2021-10-01 09:24:41,10600.0,6000.0,654450.0
694,2021-10-01 09:24:39,10600.0,100.0,648450.0
695,2021-10-01 09:24:38,10600.0,200.0,648350.0
696,2021-10-01 09:24:36,10600.0,4100.0,648150.0
697,2021-10-01 09:24:35,10600.0,11000.0,644050.0
698,2021-10-01 09:24:33,10600.0,1000.0,633050.0
699,2021-10-01 09:24:27,10600.0,3000.0,632050.0
700,2021-10-01 09:24:25,10600.0,3400.0,629050.0
701,2021-10-01 09:24:19,10600.0,19000.0,625650.0
702,2021-10-01 09:24:17,10600.0,200.0,606650.0
703,2021-10-01 09:24:09,10600.0,700.0,606450.0
704,2021-10-01 09:24:04,10600.0,600.0,605750.0
705,2021-10-01 09:24:02,10600.0,1000.0,605150.0
706,2021-10-01 09:23:53,10600.0,2500.0,604150.0
707,2021-10-01 09:23:45,10600.0,2000.0,601650.0
708,2021-10-01 09:23:31,10500.0,1000.0,599650.0
709,2021-10-01 09:23:17,10500.0,4500.0,598650.0
710,2021-10-01 09:22:16,10500.0,100.0,594150.0
711,2021-10-01 09:21:56,10500.0,300.0,594050.0
712,2021-10-01 09:21:09,10500.0,100.0,593750.0
713,2021-10-01 09:21:02,10600.0,100.0,593650.0
714,2021-10-01 09:20:56,10600.0,800.0,593550.0
715,2021-10-01 09:20:37,10600.0,23600.0,592750.0
716,2021-10-01 09:20:11,10600.0,1200.0,569150.0
717,2021-10-01 09:20:10,10600.0,400.0,567950.0
718,2021-10-01 09:20:05,10600.0,2100.0,567550.0
719,2021-10-01 09:20:02,10600.0,16100.0,565450.0
720,2021-10-01 09:19:52,10600.0,5300.0,549350.0
721,2021-10-01 09:19:49,10600.0,10500.0,544050.0
722,2021-10-01 09:19:43,10600.0,2000.0,533550.0
723,2021-10-01 09:19:27,10500.0,5000.0,531550.0
724,2021-10-01 09:19:25,10600.0,50.0,526550.0
725,2021-10-01 09:19:22,10600.0,4300.0,526500.0
726,2021-10-01 09:19:19,10600.0,5000.0,522200.0
727,2021-10-01 09:19:13,10600.0,1000.0,517200.0
728,2021-10-01 09:18:50,10600.0,10700.0,516200.0
729,2021-10-01 09:18:45,10700.0,2000.0,505500.0
730,2021-10-01 09:18:42,10700.0,1000.0,503500.0
731,2021-10-01 09:18:32,10700.0,1000.0,502500.0
732,2021-10-01 09:18:21,10600.0,3500.0,501500.0
733,2021-10-01 09:18:13,10500.0,4500.0,498000.0
734,2021-10-01 09:17:49,10500.0,3000.0,493500.0
735,2021-10-01 09:17:46,10500.0,10500.0,490500.0
736,2021-10-01 09:17:44,10500.0,3000.0,480000.0
737,2021-10-01 09:17:41,10500.0,5000.0,477000.0
738,2021-10-01 09:17:39,10500.0,11500.0,472000.0
739,2021-10-01 09:17:25,10500.0,100.0,460500.0
740,2021-10-01 09:17:22,10500.0,11900.0,460400.0
741,2021-10-01 09:17:20,10500.0,10000.0,448500.0
742,2021-10-01 09:17:19,10500.0,1200.0,438500.0
743,2021-10-01 09:17:17,10500.0,5000.0,437300.0
744,2021-10-01 09:17:16,10500.0,1000.0,432300.0
745,2021-10-01 09:16:51,10500.0,3000.0,431300.0
746,2021-10-01 09:16:11,10400.0,12000.0,428300.0
747,2021-10-01 09:16:10,10400.0,5000.0,416300.0
748,2021-10-01 09:15:56,10400.0,3000.0,411300.0
749,2021-10-01 09:15:32,10400.0,1000.0,408300.0
750,2021-10-01 09:15:24,10400.0,500.0,407300.0
751,2021-10-01 09:15:22,10400.0,37100.0,406800.0
752,2021-10-01 09:15:16,10400.0,1000.0,369700.0
753,2021-10-01 09:15:06,10400.0,1000.0,368700.0
754,2021-10-01 09:15:00,10400.0,100.0,367700.0
755,2021-10-01 09:14:20,10400.0,500.0,367600.0
756,2021-10-01 09:13:51,10400.0,200.0,367100.0
757,2021-10-01 09:13:11,10400.0,1000.0,366900.0
758,2021-10-01 09:13:02,10400.0,1100.0,365900.0
759,2021-10-01 09:12:44,10300.0,5000.0,364800.0
760,2021-10-01 09:12:19,10300.0,4500.0,359800.0
761,2021-10-01 09:12:14,10300.0,10000.0,355300.0
762,2021-10-01 09:12:12,10400.0,600.0,345300.0
763,2021-10-01 09:11:46,10400.0,900.0,344700.0
764,2021-10-01 09:11:25,10400.0,1000.0,343800.0
765,2021-10-01 09:11:21,10300.0,200.0,342800.0
766,2021-10-01 09:11:08,10300.0,500.0,342600.0
767,2021-10-01 09:10:44,10300.0,500.0,342100.0
768,2021-10-01 09:10:39,10400.0,200.0,341600.0
769,2021-10-01 09:10:34,10400.0,1200.0,341400.0
770,2021-10-01 09:10:29,10400.0,1000.0,340200.0
771,2021-10-01 09:09:38,10400.0,200.0,339200.0
772,2021-10-01 09:09:36,10400.0,900.0,339000.0
773,2021-10-01 09:08:56,10400.0,900.0,338100.0
774,2021-10-01 09:08:55,10400.0,400.0,337200.0
775,2021-10-01 09:08:44,10400.0,7200.0,336800.0
776,2021-10-01 09:08:41,10400.0,100.0,329600.0
777,2021-10-01 09:08:39,10300.0,11600.0,329500.0
778,2021-10-01 09:08:36,10400.0,5000.0,317900.0
779,2021-10-01 09:08:34,10400.0,100.0,312900.0
780,2021-10-01 09:08:29,10400.0,1800.0,312800.0
781,2021-10-01 09:08:19,10400.0,200.0,311000.0
782,2021-10-01 09:08:09,10400.0,400.0,310800.0
783,2021-10-01 09:08:00,10400.0,5200.0,310400.0
784,2021-10-01 09:07:50,10400.0,300.0,305200.0
785,2021-10-01 09:07:41,10400.0,11000.0,304900.0
786,2021-10-01 09:07:14,10400.0,200.0,293900.0
787,2021-10-01 09:06:51,10300.0,30000.0,293700.0
788,2021-10-01 09:06:39,10400.0,1900.0,263700.0
789,2021-10-01 09:06:24,10300.0,21400.0,261800.0
790,2021-10-01 09:06:19,10300.0,500.0,240400.0
791,2021-10-01 09:06:11,10300.0,900.0,239900.0
792,2021-10-01 09:06:06,10300.0,200.0,239000.0
793,2021-10-01 09:05:57,10300.0,800.0,238800.0
794,2021-10-01 09:05:55,10200.0,500.0,238000.0
795,2021-10-01 09:05:48,10200.0,200.0,237500.0
796,2021-10-01 09:05:44,10300.0,4000.0,237300.0
797,2021-10-01 09:05:28,10300.0,3000.0,233300.0
798,2021-10-01 09:05:27,10300.0,5000.0,230300.0
799,2021-10-01 09:05:25,10300.0,5300.0,225300.0
800,2021-10-01 09:05:09,10300.0,1000.0,220000.0
801,2021-10-01 09:04:55,10300.0,5000.0,219000.0
802,2021-10-01 09:04:52,10200.0,4800.0,214000.0
803,2021-10-01 09:04:44,10200.0,1200.0,209200.0
804,2021-10-01 09:04:34,10200.0,25300.0,208000.0
805,2021-10-01 09:04:29,10100.0,3000.0,182700.0
806,2021-10-01 09:04:25,10100.0,600.0,179700.0
807,2021-10-01 09:04:22,10100.0,100.0,179100.0
808,2021-10-01 09:04:18,10100.0,100.0,179000.0
809,2021-10-01 09:04:12,10100.0,200.0,178900.0
810,2021-10-01 09:04:11,10100.0,2000.0,178700.0
811,2021-10-01 09:04:10,10100.0,700.0,176700.0
812,2021-10-01 09:03:51,10100.0,700.0,176000.0
813,2021-10-01 09:03:46,10200.0,100.0,175300.0
814,2021-10-01 09:03:40,10100.0,20000.0,175200.0
815,2021-10-01 09:03:34,10100.0,2000.0,155200.0
816,2021-10-01 09:03:31,10200.0,200.0,153200.0
817,2021-10-01 09:03:25,10200.0,500.0,153000.0
818,2021-10-01 09:03:17,10200.0,200.0,152500.0
819,2021-10-01 09:03:13,10200.0,13800.0,152300.0
820,2021-10-01 09:03:10,10200.0,500.0,138500.0
821,2021-10-01 09:02:59,10200.0,40000.0,138000.0
822,2021-10-01 09:02:57,10300.0,400.0,98000.0
823,2021-10-01 09:02:46,10300.0,1000.0,97600.0
824,2021-10-01 09:02:43,10300.0,24200.0,96600.0
825,2021-10-01 09:02:36,10400.0,1000.0,72400.0
826,2021-10-01 09:02:35,10300.0,800.0,71400.0
827,2021-10-01 09:02:25,10300.0,1000.0,70600.0
828,2021-10-01 09:02:24,10300.0,3000.0,69600.0
829,2021-10-01 09:02:08,10400.0,3000.0,66600.0
830,2021-10-01 09:01:54,10400.0,700.0,63600.0
831,2021-10-01 09:01:28,10200.0,5000.0,62900.0
832,2021-10-01 09:00:49,10400.0,900.0,57900.0
833,2021-10-01 09:00:47,10400.0,1000.0,57000.0
834,2021-10-01 09:00:46,10500.0,1600.0,56000.0
835,2021-10-01 09:00:45,10400.0,1000.0,54400.0
836,2021-10-01 09:00:38,10400.0,100.0,53400.0
837,2021-10-01 09:00:37,10200.0,2300.0,53300.0
838,2021-10-01 09:00:36,10300.0,10500.0,51000.0
839,2021-10-01 09:00:34,10400.0,4400.0,40500.0
840,2021-10-01 09:00:26,10500.0,1000.0,36100.0
841,2021-10-01 09:00:21,10500.0,1000.0,35100.0
842,2021-10-01 09:00:14,10400.0,30700.0,34100.0
843,2021-10-01 09:00:11,10400.0,200.0,3400.0
844,2021-10-01 09:00:06,10500.0,1100.0,3200.0
845,2021-10-01 09:00:04,10400.0,100.0,2100.0
846,2021-10-01 09:00:03,10500.0,2000.0,2000.0
