,Time,Price,Volume_per_trade,Volume
0,2021-10-20 14:45:03,12600.0,19400.0,2754458.0
1,2021-10-20 14:29:58,12600.0,1000.0,2735058.0
2,2021-10-20 14:29:32,12600.0,100.0,2734058.0
3,2021-10-20 14:29:26,12600.0,200.0,2733958.0
4,2021-10-20 14:29:15,12600.0,1000.0,2733758.0
5,2021-10-20 14:29:13,12600.0,200.0,2732758.0
6,2021-10-20 14:29:07,12600.0,200.0,2732558.0
7,2021-10-20 14:28:48,12600.0,2100.0,2732358.0
8,2021-10-20 14:28:27,12600.0,600.0,2730258.0
9,2021-10-20 14:28:24,12600.0,2000.0,2729658.0
10,2021-10-20 14:28:23,12600.0,10000.0,2727658.0
11,2021-10-20 14:28:22,12600.0,500.0,2717658.0
12,2021-10-20 14:28:13,12600.0,400.0,2717158.0
13,2021-10-20 14:28:05,12600.0,200.0,2716758.0
14,2021-10-20 14:27:56,12600.0,700.0,2716558.0
15,2021-10-20 14:27:05,12600.0,1500.0,2715858.0
16,2021-10-20 14:26:37,12600.0,1000.0,2714358.0
17,2021-10-20 14:26:28,12600.0,200.0,2713358.0
18,2021-10-20 14:26:23,12600.0,100.0,2713158.0
19,2021-10-20 14:26:21,12600.0,1000.0,2713058.0
20,2021-10-20 14:26:01,12600.0,100.0,2712058.0
21,2021-10-20 14:25:56,12600.0,1500.0,2711958.0
22,2021-10-20 14:25:54,12600.0,200.0,2710458.0
23,2021-10-20 14:25:36,12600.0,500.0,2710258.0
24,2021-10-20 14:25:29,12600.0,300.0,2709758.0
25,2021-10-20 14:25:17,12600.0,2000.0,2709458.0
26,2021-10-20 14:25:14,12600.0,1000.0,2707458.0
27,2021-10-20 14:25:12,12600.0,500.0,2706458.0
28,2021-10-20 14:25:04,12600.0,800.0,2705958.0
29,2021-10-20 14:24:50,12600.0,400.0,2705158.0
30,2021-10-20 14:24:23,12600.0,50.0,2704758.0
31,2021-10-20 14:24:19,12600.0,300.0,2704708.0
32,2021-10-20 14:24:01,12600.0,10000.0,2704408.0
33,2021-10-20 14:23:58,12600.0,3000.0,2694408.0
34,2021-10-20 14:23:51,12600.0,300.0,2691408.0
35,2021-10-20 14:23:49,12600.0,600.0,2691108.0
36,2021-10-20 14:23:44,12600.0,4400.0,2690508.0
37,2021-10-20 14:23:43,12600.0,1300.0,2686108.0
38,2021-10-20 14:23:42,12600.0,1500.0,2684808.0
39,2021-10-20 14:23:29,12600.0,15000.0,2683308.0
40,2021-10-20 14:23:28,12600.0,1000.0,2668308.0
41,2021-10-20 14:23:23,12600.0,900.0,2667308.0
42,2021-10-20 14:23:13,12600.0,100.0,2666408.0
43,2021-10-20 14:23:09,12600.0,2000.0,2666308.0
44,2021-10-20 14:23:06,12600.0,100.0,2664308.0
45,2021-10-20 14:23:05,12600.0,3900.0,2664208.0
46,2021-10-20 14:23:04,12600.0,5600.0,2660308.0
47,2021-10-20 14:23:03,12600.0,200.0,2654708.0
48,2021-10-20 14:23:01,12600.0,200.0,2654508.0
49,2021-10-20 14:23:00,12600.0,800.0,2654308.0
50,2021-10-20 14:22:59,12600.0,3500.0,2653508.0
51,2021-10-20 14:22:58,12600.0,11000.0,2650008.0
52,2021-10-20 14:22:56,12600.0,200.0,2639008.0
53,2021-10-20 14:22:48,12600.0,600.0,2638808.0
54,2021-10-20 14:22:45,12600.0,100.0,2638208.0
55,2021-10-20 14:22:43,12600.0,10000.0,2638108.0
56,2021-10-20 14:22:42,12600.0,1000.0,2628108.0
57,2021-10-20 14:22:37,12600.0,100.0,2627108.0
58,2021-10-20 14:22:33,12600.0,100.0,2627008.0
59,2021-10-20 14:22:32,12600.0,1000.0,2626908.0
60,2021-10-20 14:22:28,12600.0,300.0,2625908.0
61,2021-10-20 14:22:27,12600.0,69400.0,2625608.0
62,2021-10-20 14:22:26,12600.0,3000.0,2556208.0
63,2021-10-20 14:22:25,12500.0,1000.0,2553208.0
64,2021-10-20 14:22:19,12600.0,1000.0,2552208.0
65,2021-10-20 14:22:18,12500.0,500.0,2551208.0
66,2021-10-20 14:22:03,12500.0,5000.0,2550708.0
67,2021-10-20 14:22:01,12500.0,3700.0,2545708.0
68,2021-10-20 14:22:00,12500.0,1000.0,2542008.0
69,2021-10-20 14:21:58,12500.0,2000.0,2541008.0
70,2021-10-20 14:21:57,12500.0,1000.0,2539008.0
71,2021-10-20 14:21:56,12400.0,7100.0,2538008.0
72,2021-10-20 14:21:53,12500.0,1000.0,2530908.0
73,2021-10-20 14:21:48,12500.0,1000.0,2529908.0
74,2021-10-20 14:21:43,12500.0,1000.0,2528908.0
75,2021-10-20 14:21:40,12400.0,500.0,2527908.0
76,2021-10-20 14:21:38,12400.0,10000.0,2527408.0
77,2021-10-20 14:21:34,12300.0,8300.0,2517408.0
78,2021-10-20 14:21:30,12300.0,8200.0,2509108.0
79,2021-10-20 14:21:28,12300.0,3000.0,2500908.0
80,2021-10-20 14:21:23,12200.0,6100.0,2497908.0
81,2021-10-20 14:21:20,12200.0,1100.0,2491808.0
82,2021-10-20 14:21:19,12200.0,1200.0,2490708.0
83,2021-10-20 14:21:17,12200.0,2800.0,2489508.0
84,2021-10-20 14:21:15,12100.0,1700.0,2486708.0
85,2021-10-20 14:21:09,12100.0,300.0,2485008.0
86,2021-10-20 14:21:07,12000.0,100.0,2484708.0
87,2021-10-20 14:21:06,12000.0,330.0,2484608.0
88,2021-10-20 14:21:05,12000.0,5700.0,2484278.0
89,2021-10-20 14:21:04,12000.0,6200.0,2478578.0
90,2021-10-20 14:21:02,12000.0,1000.0,2472378.0
91,2021-10-20 14:21:00,12000.0,25000.0,2471378.0
92,2021-10-20 14:20:59,12000.0,8500.0,2446378.0
93,2021-10-20 14:20:58,12000.0,500.0,2437878.0
94,2021-10-20 14:20:57,12000.0,8300.0,2437378.0
95,2021-10-20 14:20:55,12000.0,10000.0,2429078.0
96,2021-10-20 14:20:51,12000.0,2900.0,2419078.0
97,2021-10-20 14:20:50,12000.0,6000.0,2416178.0
98,2021-10-20 14:20:48,12000.0,8700.0,2410178.0
99,2021-10-20 14:20:44,12000.0,2200.0,2401478.0
100,2021-10-20 14:20:43,11900.0,500.0,2399278.0
101,2021-10-20 14:20:42,12000.0,300.0,2398778.0
102,2021-10-20 14:20:40,12000.0,300.0,2398478.0
103,2021-10-20 14:20:35,12000.0,13300.0,2398178.0
104,2021-10-20 14:20:31,12000.0,1400.0,2384878.0
105,2021-10-20 14:20:24,11900.0,5000.0,2383478.0
106,2021-10-20 14:20:20,11900.0,3700.0,2378478.0
107,2021-10-20 14:20:11,11900.0,1000.0,2374778.0
108,2021-10-20 14:20:08,11900.0,1500.0,2373778.0
109,2021-10-20 14:20:04,11900.0,2000.0,2372278.0
110,2021-10-20 14:19:58,11800.0,19000.0,2370278.0
111,2021-10-20 14:19:57,11900.0,1500.0,2351278.0
112,2021-10-20 14:19:56,11900.0,5000.0,2349778.0
113,2021-10-20 14:19:54,11900.0,8500.0,2344778.0
114,2021-10-20 14:19:52,11900.0,6500.0,2336278.0
115,2021-10-20 14:19:49,11900.0,100.0,2329778.0
116,2021-10-20 14:19:47,11800.0,1000.0,2329678.0
117,2021-10-20 14:19:40,11900.0,2000.0,2328678.0
118,2021-10-20 14:19:33,11800.0,700.0,2326678.0
119,2021-10-20 14:19:31,11800.0,1000.0,2325978.0
120,2021-10-20 14:19:30,11800.0,1000.0,2324978.0
121,2021-10-20 14:19:28,11800.0,500.0,2323978.0
122,2021-10-20 14:19:27,11800.0,40.0,2323478.0
123,2021-10-20 14:19:26,11800.0,6100.0,2323438.0
124,2021-10-20 14:19:22,11800.0,700.0,2317338.0
125,2021-10-20 14:19:20,11900.0,1000.0,2316638.0
126,2021-10-20 14:19:14,11800.0,1000.0,2315638.0
127,2021-10-20 14:19:12,11900.0,7900.0,2314638.0
128,2021-10-20 14:19:09,11900.0,4600.0,2306738.0
129,2021-10-20 14:19:03,11800.0,10500.0,2302138.0
130,2021-10-20 14:19:02,11900.0,50.0,2291638.0
131,2021-10-20 14:19:01,11900.0,4900.0,2291588.0
132,2021-10-20 14:18:54,11900.0,2000.0,2286688.0
133,2021-10-20 14:18:53,12000.0,200.0,2284688.0
134,2021-10-20 14:18:44,12000.0,5100.0,2284488.0
135,2021-10-20 14:18:42,11800.0,1700.0,2279388.0
136,2021-10-20 14:18:40,11800.0,500.0,2277688.0
137,2021-10-20 14:18:38,12000.0,10000.0,2277188.0
138,2021-10-20 14:18:37,11800.0,600.0,2267188.0
139,2021-10-20 14:18:36,11800.0,100.0,2266588.0
140,2021-10-20 14:18:35,11800.0,500.0,2266488.0
141,2021-10-20 14:18:31,11800.0,1000.0,2265988.0
142,2021-10-20 14:18:28,11800.0,2000.0,2264988.0
143,2021-10-20 14:18:27,11800.0,1100.0,2262988.0
144,2021-10-20 14:18:25,11800.0,100.0,2261888.0
145,2021-10-20 14:18:21,11800.0,3000.0,2261788.0
146,2021-10-20 14:18:20,12000.0,100.0,2258788.0
147,2021-10-20 14:18:15,11800.0,9000.0,2258688.0
148,2021-10-20 14:18:13,12000.0,1400.0,2249688.0
149,2021-10-20 14:18:12,12000.0,14600.0,2248288.0
150,2021-10-20 14:18:10,12200.0,3005.0,2233688.0
151,2021-10-20 14:18:09,12000.0,300.0,2230683.0
152,2021-10-20 14:18:06,12000.0,11000.0,2230383.0
153,2021-10-20 14:18:05,12000.0,10000.0,2219383.0
154,2021-10-20 14:18:03,12000.0,10000.0,2209383.0
155,2021-10-20 14:18:01,12200.0,5.0,2199383.0
156,2021-10-20 14:17:59,12200.0,100.0,2199378.0
157,2021-10-20 14:17:58,12200.0,900.0,2199278.0
158,2021-10-20 14:17:57,12300.0,500.0,2198378.0
159,2021-10-20 14:17:54,12200.0,1000.0,2197878.0
160,2021-10-20 14:17:53,12300.0,1000.0,2196878.0
161,2021-10-20 14:17:52,12200.0,34000.0,2195878.0
162,2021-10-20 14:17:51,12300.0,1400.0,2161878.0
163,2021-10-20 14:17:46,12400.0,200.0,2160478.0
164,2021-10-20 14:17:44,12400.0,10500.0,2160278.0
165,2021-10-20 14:17:43,12400.0,5900.0,2149778.0
166,2021-10-20 14:17:41,12400.0,7000.0,2143878.0
167,2021-10-20 14:17:40,12400.0,8500.0,2136878.0
168,2021-10-20 14:17:36,12400.0,5000.0,2128378.0
169,2021-10-20 14:17:35,12400.0,2000.0,2123378.0
170,2021-10-20 14:17:33,12400.0,8600.0,2121378.0
171,2021-10-20 14:17:30,12400.0,300.0,2112778.0
172,2021-10-20 14:17:28,12400.0,3000.0,2112478.0
173,2021-10-20 14:17:19,12500.0,4500.0,2109478.0
174,2021-10-20 14:17:16,12500.0,2400.0,2104978.0
175,2021-10-20 14:17:14,12500.0,5000.0,2102578.0
176,2021-10-20 14:17:13,12500.0,4400.0,2097578.0
177,2021-10-20 14:17:09,12500.0,2000.0,2093178.0
178,2021-10-20 14:17:08,12500.0,4000.0,2091178.0
179,2021-10-20 14:17:05,12500.0,5000.0,2087178.0
180,2021-10-20 14:16:51,12600.0,35100.0,2082178.0
181,2021-10-20 14:16:50,12600.0,15800.0,2047078.0
182,2021-10-20 14:16:49,12600.0,5300.0,2031278.0
183,2021-10-20 14:16:48,12600.0,3000.0,2025978.0
184,2021-10-20 14:16:47,12600.0,11000.0,2022978.0
185,2021-10-20 14:16:46,12600.0,186000.0,2011978.0
186,2021-10-20 14:16:43,12600.0,20000.0,1825978.0
187,2021-10-20 14:16:42,12600.0,10400.0,1805978.0
188,2021-10-20 14:16:41,12600.0,21500.0,1795578.0
189,2021-10-20 14:16:40,12600.0,1000.0,1774078.0
190,2021-10-20 14:16:39,12600.0,19800.0,1773078.0
191,2021-10-20 14:16:38,12600.0,30000.0,1753278.0
192,2021-10-20 14:16:36,12600.0,1000.0,1723278.0
193,2021-10-20 14:16:35,12600.0,20000.0,1722278.0
194,2021-10-20 14:16:34,12600.0,100.0,1702278.0
195,2021-10-20 14:16:32,12600.0,1000.0,1702178.0
196,2021-10-20 14:16:31,12600.0,1000.0,1701178.0
197,2021-10-20 14:16:27,12600.0,5000.0,1700178.0
198,2021-10-20 14:16:25,12600.0,9300.0,1695178.0
199,2021-10-20 14:16:21,12600.0,10000.0,1685878.0
200,2021-10-20 14:16:18,12600.0,21300.0,1675878.0
201,2021-10-20 14:16:14,12600.0,400.0,1654578.0
202,2021-10-20 14:16:09,12600.0,20000.0,1654178.0
203,2021-10-20 14:16:06,12600.0,1000.0,1634178.0
204,2021-10-20 14:15:44,12600.0,27000.0,1633178.0
205,2021-10-20 14:15:36,12600.0,15000.0,1606178.0
206,2021-10-20 14:15:20,12600.0,4800.0,1591178.0
207,2021-10-20 14:15:11,12600.0,1100.0,1586378.0
208,2021-10-20 14:15:05,12600.0,100.0,1585278.0
209,2021-10-20 14:15:02,12600.0,1000.0,1585178.0
210,2021-10-20 14:14:43,12600.0,1000.0,1584178.0
211,2021-10-20 14:14:21,12600.0,3000.0,1583178.0
212,2021-10-20 14:14:09,12600.0,2800.0,1580178.0
213,2021-10-20 14:13:50,12600.0,300.0,1577378.0
214,2021-10-20 14:13:34,12600.0,500.0,1577078.0
215,2021-10-20 14:13:27,12600.0,200.0,1576578.0
216,2021-10-20 14:12:50,12600.0,3100.0,1576378.0
217,2021-10-20 14:12:23,12600.0,28.0,1573278.0
218,2021-10-20 14:11:49,12600.0,2000.0,1573250.0
219,2021-10-20 14:10:02,12600.0,500.0,1571250.0
220,2021-10-20 14:09:58,12600.0,400.0,1570750.0
221,2021-10-20 14:09:48,12600.0,5000.0,1570350.0
222,2021-10-20 14:09:14,12600.0,2000.0,1565350.0
223,2021-10-20 14:08:59,12600.0,200.0,1563350.0
224,2021-10-20 14:08:49,12600.0,95.0,1563150.0
225,2021-10-20 14:08:48,12600.0,1000.0,1563055.0
226,2021-10-20 14:08:16,12600.0,20000.0,1562055.0
227,2021-10-20 14:03:49,12600.0,1000.0,1542055.0
228,2021-10-20 14:03:13,12600.0,500.0,1541055.0
229,2021-10-20 14:03:03,12600.0,2000.0,1540555.0
230,2021-10-20 14:02:02,12600.0,17000.0,1538555.0
231,2021-10-20 14:00:07,12600.0,1000.0,1521555.0
232,2021-10-20 13:59:42,12600.0,200.0,1520555.0
233,2021-10-20 13:58:47,12600.0,80.0,1520355.0
234,2021-10-20 13:58:26,12600.0,100.0,1520275.0
235,2021-10-20 13:58:06,12600.0,200.0,1520175.0
236,2021-10-20 13:57:41,12600.0,100.0,1519975.0
237,2021-10-20 13:57:36,12600.0,100.0,1519875.0
238,2021-10-20 13:57:29,12600.0,700.0,1519775.0
239,2021-10-20 13:53:58,12600.0,100.0,1519075.0
240,2021-10-20 13:53:20,12600.0,1000.0,1518975.0
241,2021-10-20 13:52:40,12600.0,2000.0,1517975.0
242,2021-10-20 13:50:23,12600.0,20.0,1515975.0
243,2021-10-20 13:49:55,12600.0,10.0,1515955.0
244,2021-10-20 13:49:02,12600.0,20.0,1515945.0
245,2021-10-20 13:47:00,12600.0,20.0,1515925.0
246,2021-10-20 13:46:51,12600.0,200.0,1515905.0
247,2021-10-20 13:46:19,12600.0,2500.0,1515705.0
248,2021-10-20 13:45:07,12600.0,5.0,1513205.0
249,2021-10-20 13:44:46,12600.0,5000.0,1513200.0
250,2021-10-20 13:43:54,12600.0,400.0,1508200.0
251,2021-10-20 13:43:44,12600.0,3000.0,1507800.0
252,2021-10-20 13:43:26,12600.0,500.0,1504800.0
253,2021-10-20 13:42:56,12600.0,1000.0,1504300.0
254,2021-10-20 13:42:46,12600.0,1000.0,1503300.0
255,2021-10-20 13:42:33,12600.0,100.0,1502300.0
256,2021-10-20 13:42:23,12600.0,1000.0,1502200.0
257,2021-10-20 13:41:53,12600.0,4.0,1501200.0
258,2021-10-20 13:41:20,12600.0,2000.0,1501196.0
259,2021-10-20 13:39:03,12600.0,80.0,1499196.0
260,2021-10-20 13:38:37,12600.0,2000.0,1499116.0
261,2021-10-20 13:37:37,12600.0,1000.0,1497116.0
262,2021-10-20 13:37:28,12600.0,9700.0,1496116.0
263,2021-10-20 13:35:55,12600.0,200.0,1486416.0
264,2021-10-20 13:34:21,12600.0,25.0,1486216.0
265,2021-10-20 13:34:01,12600.0,300.0,1486191.0
266,2021-10-20 13:33:26,12600.0,600.0,1485891.0
267,2021-10-20 13:31:57,12600.0,600.0,1485291.0
268,2021-10-20 13:29:36,12600.0,100.0,1484691.0
269,2021-10-20 13:28:09,12600.0,300.0,1484591.0
270,2021-10-20 13:26:55,12600.0,100.0,1484291.0
271,2021-10-20 13:26:33,12600.0,100.0,1484191.0
272,2021-10-20 13:26:05,12600.0,40.0,1484091.0
273,2021-10-20 13:25:47,12600.0,100.0,1484051.0
274,2021-10-20 13:25:41,12600.0,35.0,1483951.0
275,2021-10-20 13:25:13,12600.0,300.0,1483916.0
276,2021-10-20 13:23:56,12600.0,1000.0,1483616.0
277,2021-10-20 13:23:41,12600.0,500.0,1482616.0
278,2021-10-20 13:21:25,12600.0,4000.0,1482116.0
279,2021-10-20 13:19:50,12600.0,100.0,1478116.0
280,2021-10-20 13:17:26,12600.0,200.0,1478016.0
281,2021-10-20 13:15:24,12600.0,1000.0,1477816.0
282,2021-10-20 13:15:10,12600.0,1000.0,1476816.0
283,2021-10-20 13:14:32,12600.0,100.0,1475816.0
284,2021-10-20 13:13:11,12600.0,2000.0,1475716.0
285,2021-10-20 13:12:43,12600.0,300.0,1473716.0
286,2021-10-20 13:10:13,12600.0,500.0,1473416.0
287,2021-10-20 13:07:42,12600.0,1000.0,1472916.0
288,2021-10-20 13:03:29,12600.0,100.0,1471916.0
289,2021-10-20 13:02:07,12600.0,2500.0,1471816.0
290,2021-10-20 13:01:26,12600.0,1600.0,1469316.0
291,2021-10-20 13:01:06,12600.0,4500.0,1467716.0
292,2021-10-20 13:00:19,12600.0,500.0,1463216.0
293,2021-10-20 13:00:14,12600.0,500.0,1462716.0
294,2021-10-20 13:00:10,12600.0,100.0,1462216.0
295,2021-10-20 13:00:09,12600.0,310.0,1462116.0
296,2021-10-20 13:00:07,12600.0,5100.0,1461806.0
297,2021-10-20 13:00:06,12600.0,3100.0,1456706.0
298,2021-10-20 13:00:05,12600.0,100.0,1453606.0
299,2021-10-20 13:00:04,12600.0,700.0,1453506.0
300,2021-10-20 13:00:03,12600.0,2000.0,1452806.0
301,2021-10-20 11:26:39,12600.0,200.0,1450806.0
302,2021-10-20 11:25:40,12600.0,7000.0,1450606.0
303,2021-10-20 11:24:54,12600.0,100.0,1443606.0
304,2021-10-20 11:24:48,12600.0,10.0,1443506.0
305,2021-10-20 11:22:20,12600.0,200.0,1443496.0
306,2021-10-20 11:21:09,12600.0,1000.0,1443296.0
307,2021-10-20 11:20:16,12600.0,300.0,1442296.0
308,2021-10-20 11:20:08,12600.0,200.0,1441996.0
309,2021-10-20 11:19:22,12600.0,1100.0,1441796.0
310,2021-10-20 11:18:53,12600.0,900.0,1440696.0
311,2021-10-20 11:17:50,12600.0,1000.0,1439796.0
312,2021-10-20 11:16:12,12600.0,500.0,1438796.0
313,2021-10-20 11:16:00,12600.0,500.0,1438296.0
314,2021-10-20 11:15:57,12600.0,100.0,1437796.0
315,2021-10-20 11:15:48,12600.0,83.0,1437696.0
316,2021-10-20 11:15:28,12600.0,20.0,1437613.0
317,2021-10-20 11:12:34,12600.0,40.0,1437593.0
318,2021-10-20 11:11:22,12600.0,2300.0,1437553.0
319,2021-10-20 11:10:35,12600.0,83.0,1435253.0
320,2021-10-20 11:10:29,12600.0,900.0,1435170.0
321,2021-10-20 11:10:16,12600.0,1000.0,1434270.0
322,2021-10-20 11:09:21,12600.0,1300.0,1433270.0
323,2021-10-20 11:08:41,12600.0,25.0,1431970.0
324,2021-10-20 11:05:47,12600.0,300.0,1431945.0
325,2021-10-20 11:03:04,12600.0,2300.0,1431645.0
326,2021-10-20 11:01:44,12600.0,100.0,1429345.0
327,2021-10-20 10:57:02,12600.0,100.0,1429245.0
328,2021-10-20 10:56:50,12600.0,600.0,1429145.0
329,2021-10-20 10:55:02,12600.0,100.0,1428545.0
330,2021-10-20 10:53:53,12600.0,100.0,1428445.0
331,2021-10-20 10:52:51,12600.0,100.0,1428345.0
332,2021-10-20 10:52:30,12600.0,500.0,1428245.0
333,2021-10-20 10:52:23,12600.0,200.0,1427745.0
334,2021-10-20 10:52:00,12600.0,100.0,1427545.0
335,2021-10-20 10:50:50,12600.0,100.0,1427445.0
336,2021-10-20 10:50:32,12600.0,500.0,1427345.0
337,2021-10-20 10:50:16,12600.0,200.0,1426845.0
338,2021-10-20 10:49:52,12600.0,100.0,1426645.0
339,2021-10-20 10:45:53,12600.0,200.0,1426545.0
340,2021-10-20 10:45:33,12600.0,400.0,1426345.0
341,2021-10-20 10:45:31,12600.0,200.0,1425945.0
342,2021-10-20 10:44:49,12600.0,100.0,1425745.0
343,2021-10-20 10:44:27,12600.0,4000.0,1425645.0
344,2021-10-20 10:44:19,12600.0,2000.0,1421645.0
345,2021-10-20 10:43:56,12600.0,1000.0,1419645.0
346,2021-10-20 10:43:53,12600.0,200.0,1418645.0
347,2021-10-20 10:43:22,12600.0,1000.0,1418445.0
348,2021-10-20 10:42:04,12600.0,500.0,1417445.0
349,2021-10-20 10:42:01,12600.0,50.0,1416945.0
350,2021-10-20 10:41:45,12600.0,50.0,1416895.0
351,2021-10-20 10:40:14,12600.0,200.0,1416845.0
352,2021-10-20 10:39:05,12600.0,600.0,1416645.0
353,2021-10-20 10:37:32,12600.0,100.0,1416045.0
354,2021-10-20 10:36:09,12600.0,300.0,1415945.0
355,2021-10-20 10:35:37,12600.0,200.0,1415645.0
356,2021-10-20 10:34:36,12600.0,400.0,1415445.0
357,2021-10-20 10:33:21,12600.0,1000.0,1415045.0
358,2021-10-20 10:33:00,12600.0,1300.0,1414045.0
359,2021-10-20 10:30:08,12600.0,20.0,1412745.0
360,2021-10-20 10:30:02,12600.0,200.0,1412725.0
361,2021-10-20 10:28:14,12600.0,500.0,1412525.0
362,2021-10-20 10:28:13,12600.0,100.0,1412025.0
363,2021-10-20 10:28:06,12600.0,600.0,1411925.0
364,2021-10-20 10:28:00,12600.0,50.0,1411325.0
365,2021-10-20 10:27:56,12600.0,1100.0,1411275.0
366,2021-10-20 10:27:55,12600.0,50.0,1410175.0
367,2021-10-20 10:27:53,12600.0,50.0,1410125.0
368,2021-10-20 10:27:39,12600.0,800.0,1410075.0
369,2021-10-20 10:27:36,12600.0,50.0,1409275.0
370,2021-10-20 10:27:33,12600.0,2500.0,1409225.0
371,2021-10-20 10:27:28,12600.0,50.0,1406725.0
372,2021-10-20 10:27:21,12600.0,50.0,1406675.0
373,2021-10-20 10:27:05,12600.0,50.0,1406625.0
374,2021-10-20 10:27:01,12600.0,96.0,1406575.0
375,2021-10-20 10:27:00,12600.0,80.0,1406479.0
376,2021-10-20 10:26:45,12600.0,50.0,1406399.0
377,2021-10-20 10:26:35,12600.0,300.0,1406349.0
378,2021-10-20 10:26:24,12600.0,150.0,1406049.0
379,2021-10-20 10:26:04,12600.0,50.0,1405899.0
380,2021-10-20 10:26:01,12600.0,100.0,1405849.0
381,2021-10-20 10:25:58,12600.0,50.0,1405749.0
382,2021-10-20 10:25:55,12600.0,50.0,1405699.0
383,2021-10-20 10:25:50,12600.0,56.0,1405649.0
384,2021-10-20 10:25:41,12600.0,50.0,1405593.0
385,2021-10-20 10:25:37,12600.0,50.0,1405543.0
386,2021-10-20 10:25:35,12600.0,50.0,1405493.0
387,2021-10-20 10:25:33,12600.0,100.0,1405443.0
388,2021-10-20 10:25:28,12600.0,50.0,1405343.0
389,2021-10-20 10:25:25,12600.0,50.0,1405293.0
390,2021-10-20 10:24:31,12600.0,50.0,1405243.0
391,2021-10-20 10:24:01,12600.0,50.0,1405193.0
392,2021-10-20 10:23:41,12600.0,100.0,1405143.0
393,2021-10-20 10:23:34,12600.0,5.0,1405043.0
394,2021-10-20 10:23:25,12600.0,100.0,1405038.0
395,2021-10-20 10:23:21,12600.0,1000.0,1404938.0
396,2021-10-20 10:23:07,12600.0,1000.0,1403938.0
397,2021-10-20 10:23:06,12600.0,300.0,1402938.0
398,2021-10-20 10:21:21,12600.0,200.0,1402638.0
399,2021-10-20 10:20:57,12600.0,500.0,1402438.0
400,2021-10-20 10:20:51,12600.0,50.0,1401938.0
401,2021-10-20 10:20:42,12600.0,50.0,1401888.0
402,2021-10-20 10:20:36,12600.0,400.0,1401838.0
403,2021-10-20 10:20:30,12600.0,100.0,1401438.0
404,2021-10-20 10:20:24,12600.0,50.0,1401338.0
405,2021-10-20 10:20:15,12600.0,50.0,1401288.0
406,2021-10-20 10:20:04,12600.0,50.0,1401238.0
407,2021-10-20 10:19:48,12600.0,50.0,1401188.0
408,2021-10-20 10:19:29,12600.0,2000.0,1401138.0
409,2021-10-20 10:19:27,12600.0,200.0,1399138.0
410,2021-10-20 10:19:02,12600.0,500.0,1398938.0
411,2021-10-20 10:18:05,12600.0,4000.0,1398438.0
412,2021-10-20 10:18:04,12600.0,97.0,1394438.0
413,2021-10-20 10:16:53,12600.0,200.0,1394341.0
414,2021-10-20 10:16:34,12600.0,50.0,1394141.0
415,2021-10-20 10:14:17,12600.0,300.0,1394091.0
416,2021-10-20 10:13:12,12600.0,1000.0,1393791.0
417,2021-10-20 10:12:20,12600.0,1000.0,1392791.0
418,2021-10-20 10:11:15,12600.0,200.0,1391791.0
419,2021-10-20 10:11:10,12600.0,300.0,1391591.0
420,2021-10-20 10:09:50,12600.0,100.0,1391291.0
421,2021-10-20 10:09:35,12600.0,46.0,1391191.0
422,2021-10-20 10:09:23,12600.0,1000.0,1391145.0
423,2021-10-20 10:08:53,12600.0,300.0,1390145.0
424,2021-10-20 10:08:42,12600.0,1000.0,1389845.0
425,2021-10-20 10:08:24,12600.0,200.0,1388845.0
426,2021-10-20 10:06:15,12600.0,100.0,1388645.0
427,2021-10-20 10:05:43,12600.0,7.0,1388545.0
428,2021-10-20 10:05:31,12600.0,500.0,1388538.0
429,2021-10-20 10:05:05,12600.0,500.0,1388038.0
430,2021-10-20 10:04:54,12600.0,300.0,1387538.0
431,2021-10-20 10:04:46,12600.0,200.0,1387238.0
432,2021-10-20 10:03:51,12600.0,200.0,1387038.0
433,2021-10-20 10:01:28,12600.0,2000.0,1386838.0
434,2021-10-20 10:00:57,12600.0,400.0,1384838.0
435,2021-10-20 10:00:45,12600.0,55.0,1384438.0
436,2021-10-20 10:00:22,12600.0,2000.0,1384383.0
437,2021-10-20 09:59:17,12600.0,9.0,1382383.0
438,2021-10-20 09:59:11,12600.0,1000.0,1382374.0
439,2021-10-20 09:59:07,12600.0,200.0,1381374.0
440,2021-10-20 09:58:49,12600.0,1100.0,1381174.0
441,2021-10-20 09:58:29,12600.0,1000.0,1380074.0
442,2021-10-20 09:58:21,12600.0,300.0,1379074.0
443,2021-10-20 09:57:35,12600.0,10.0,1378774.0
444,2021-10-20 09:57:25,12600.0,500.0,1378764.0
445,2021-10-20 09:57:17,12600.0,3000.0,1378264.0
446,2021-10-20 09:56:43,12600.0,5000.0,1375264.0
447,2021-10-20 09:56:14,12600.0,800.0,1370264.0
448,2021-10-20 09:55:16,12600.0,2000.0,1369464.0
449,2021-10-20 09:54:13,12600.0,1000.0,1367464.0
450,2021-10-20 09:54:10,12600.0,3000.0,1366464.0
451,2021-10-20 09:53:17,12600.0,500.0,1363464.0
452,2021-10-20 09:53:00,12600.0,100.0,1362964.0
453,2021-10-20 09:52:58,12600.0,300.0,1362864.0
454,2021-10-20 09:52:37,12600.0,500.0,1362564.0
455,2021-10-20 09:52:29,12600.0,200.0,1362064.0
456,2021-10-20 09:51:47,12600.0,100.0,1361864.0
457,2021-10-20 09:50:39,12600.0,10.0,1361764.0
458,2021-10-20 09:50:24,12600.0,300.0,1361754.0
459,2021-10-20 09:50:16,12600.0,100.0,1361454.0
460,2021-10-20 09:49:35,12600.0,1000.0,1361354.0
461,2021-10-20 09:49:17,12600.0,2500.0,1360354.0
462,2021-10-20 09:49:12,12600.0,500.0,1357854.0
463,2021-10-20 09:48:48,12600.0,500.0,1357354.0
464,2021-10-20 09:48:30,12600.0,200.0,1356854.0
465,2021-10-20 09:47:57,12600.0,37.0,1356654.0
466,2021-10-20 09:47:41,12600.0,200.0,1356617.0
467,2021-10-20 09:47:39,12600.0,100.0,1356417.0
468,2021-10-20 09:47:12,12600.0,1000.0,1356317.0
469,2021-10-20 09:46:55,12600.0,200.0,1355317.0
470,2021-10-20 09:46:54,12600.0,2000.0,1355117.0
471,2021-10-20 09:46:36,12600.0,500.0,1353117.0
472,2021-10-20 09:46:27,12600.0,1100.0,1352617.0
473,2021-10-20 09:45:22,12600.0,400.0,1351517.0
474,2021-10-20 09:44:29,12600.0,1000.0,1351117.0
475,2021-10-20 09:44:27,12600.0,900.0,1350117.0
476,2021-10-20 09:44:01,12600.0,45.0,1349217.0
477,2021-10-20 09:43:49,12600.0,2500.0,1349172.0
478,2021-10-20 09:43:35,12600.0,200.0,1346672.0
479,2021-10-20 09:42:52,12600.0,500.0,1346472.0
480,2021-10-20 09:42:50,12600.0,200.0,1345972.0
481,2021-10-20 09:42:22,12600.0,1000.0,1345772.0
482,2021-10-20 09:42:01,12600.0,100.0,1344772.0
483,2021-10-20 09:41:54,12600.0,100.0,1344672.0
484,2021-10-20 09:41:45,12600.0,400.0,1344572.0
485,2021-10-20 09:41:39,12600.0,200.0,1344172.0
486,2021-10-20 09:41:28,12600.0,500.0,1343972.0
487,2021-10-20 09:40:52,12600.0,10.0,1343472.0
488,2021-10-20 09:40:47,12600.0,60.0,1343462.0
489,2021-10-20 09:40:05,12600.0,200.0,1343402.0
490,2021-10-20 09:39:37,12600.0,1200.0,1343202.0
491,2021-10-20 09:39:32,12600.0,10000.0,1342002.0
492,2021-10-20 09:38:49,12600.0,100.0,1332002.0
493,2021-10-20 09:38:36,12600.0,500.0,1331902.0
494,2021-10-20 09:38:02,12600.0,300.0,1331402.0
495,2021-10-20 09:37:38,12600.0,100.0,1331102.0
496,2021-10-20 09:37:35,12600.0,25.0,1331002.0
497,2021-10-20 09:37:02,12600.0,1600.0,1330977.0
498,2021-10-20 09:36:51,12600.0,1400.0,1329377.0
499,2021-10-20 09:35:55,12600.0,2000.0,1327977.0
500,2021-10-20 09:35:40,12600.0,100.0,1325977.0
501,2021-10-20 09:35:33,12600.0,500.0,1325877.0
502,2021-10-20 09:35:27,12600.0,300.0,1325377.0
503,2021-10-20 09:35:23,12600.0,100.0,1325077.0
504,2021-10-20 09:35:00,12600.0,1000.0,1324977.0
505,2021-10-20 09:34:51,12600.0,500.0,1323977.0
506,2021-10-20 09:34:36,12600.0,600.0,1323477.0
507,2021-10-20 09:34:24,12600.0,100.0,1322877.0
508,2021-10-20 09:34:15,12600.0,800.0,1322777.0
509,2021-10-20 09:34:08,12600.0,4900.0,1321977.0
510,2021-10-20 09:34:00,12600.0,2000.0,1317077.0
511,2021-10-20 09:32:24,12600.0,200.0,1315077.0
512,2021-10-20 09:32:06,12600.0,2000.0,1314877.0
513,2021-10-20 09:32:03,12600.0,700.0,1312877.0
514,2021-10-20 09:31:59,12600.0,2000.0,1312177.0
515,2021-10-20 09:31:21,12600.0,4000.0,1310177.0
516,2021-10-20 09:31:16,12600.0,300.0,1306177.0
517,2021-10-20 09:31:07,12600.0,10000.0,1305877.0
518,2021-10-20 09:30:41,12600.0,900.0,1295877.0
519,2021-10-20 09:30:38,12600.0,100.0,1294977.0
520,2021-10-20 09:29:56,12600.0,100.0,1294877.0
521,2021-10-20 09:29:24,12600.0,1000.0,1294777.0
522,2021-10-20 09:29:23,12600.0,5200.0,1293777.0
523,2021-10-20 09:29:06,12600.0,1000.0,1288577.0
524,2021-10-20 09:28:58,12600.0,35.0,1287577.0
525,2021-10-20 09:28:51,12600.0,1600.0,1287542.0
526,2021-10-20 09:28:48,12600.0,200.0,1285942.0
527,2021-10-20 09:28:44,12600.0,1000.0,1285742.0
528,2021-10-20 09:28:43,12600.0,200.0,1284742.0
529,2021-10-20 09:28:37,12600.0,1000.0,1284542.0
530,2021-10-20 09:28:21,12600.0,200.0,1283542.0
531,2021-10-20 09:28:16,12600.0,1000.0,1283342.0
532,2021-10-20 09:28:14,12600.0,1000.0,1282342.0
533,2021-10-20 09:27:53,12600.0,1000.0,1281342.0
534,2021-10-20 09:27:52,12600.0,5500.0,1280342.0
535,2021-10-20 09:27:37,12600.0,1400.0,1274842.0
536,2021-10-20 09:27:32,12600.0,200.0,1273442.0
537,2021-10-20 09:27:29,12600.0,200.0,1273242.0
538,2021-10-20 09:27:00,12600.0,500.0,1273042.0
539,2021-10-20 09:26:39,12600.0,500.0,1272542.0
540,2021-10-20 09:26:31,12600.0,10.0,1272042.0
541,2021-10-20 09:26:28,12600.0,100.0,1272032.0
542,2021-10-20 09:26:18,12600.0,100.0,1271932.0
543,2021-10-20 09:26:09,12600.0,900.0,1271832.0
544,2021-10-20 09:25:56,12600.0,200.0,1270932.0
545,2021-10-20 09:25:54,12600.0,100.0,1270732.0
546,2021-10-20 09:25:39,12600.0,3000.0,1270632.0
547,2021-10-20 09:25:37,12600.0,5000.0,1267632.0
548,2021-10-20 09:25:36,12600.0,6000.0,1262632.0
549,2021-10-20 09:25:35,12600.0,100.0,1256632.0
550,2021-10-20 09:24:52,12600.0,1500.0,1256532.0
551,2021-10-20 09:24:47,12600.0,60.0,1255032.0
552,2021-10-20 09:24:39,12600.0,1000.0,1254972.0
553,2021-10-20 09:24:29,12600.0,100.0,1253972.0
554,2021-10-20 09:24:24,12600.0,2.0,1253872.0
555,2021-10-20 09:24:06,12600.0,500.0,1253870.0
556,2021-10-20 09:23:48,12600.0,1000.0,1253370.0
557,2021-10-20 09:23:40,12600.0,21.0,1252370.0
558,2021-10-20 09:23:36,12600.0,100.0,1252349.0
559,2021-10-20 09:23:33,12600.0,1000.0,1252249.0
560,2021-10-20 09:23:28,12600.0,100.0,1251249.0
561,2021-10-20 09:23:26,12600.0,100.0,1251149.0
562,2021-10-20 09:23:15,12600.0,1500.0,1251049.0
563,2021-10-20 09:23:05,12600.0,100.0,1249549.0
564,2021-10-20 09:23:00,12600.0,50.0,1249449.0
565,2021-10-20 09:22:45,12600.0,500.0,1249399.0
566,2021-10-20 09:22:38,12600.0,10.0,1248899.0
567,2021-10-20 09:22:34,12600.0,500.0,1248889.0
568,2021-10-20 09:22:31,12600.0,400.0,1248389.0
569,2021-10-20 09:22:19,12600.0,2000.0,1247989.0
570,2021-10-20 09:22:14,12600.0,1300.0,1245989.0
571,2021-10-20 09:22:09,12600.0,200.0,1244689.0
572,2021-10-20 09:21:56,12600.0,600.0,1244489.0
573,2021-10-20 09:21:53,12600.0,500.0,1243889.0
574,2021-10-20 09:21:49,12600.0,803.0,1243389.0
575,2021-10-20 09:21:48,12600.0,500.0,1242586.0
576,2021-10-20 09:21:40,12600.0,1000.0,1242086.0
577,2021-10-20 09:21:03,12600.0,500.0,1241086.0
578,2021-10-20 09:21:00,12600.0,900.0,1240586.0
579,2021-10-20 09:20:55,12600.0,5000.0,1239686.0
580,2021-10-20 09:20:51,12600.0,100.0,1234686.0
581,2021-10-20 09:20:49,12600.0,200.0,1234586.0
582,2021-10-20 09:20:45,12600.0,500.0,1234386.0
583,2021-10-20 09:20:37,12600.0,5000.0,1233886.0
584,2021-10-20 09:20:36,12600.0,500.0,1228886.0
585,2021-10-20 09:20:29,12600.0,1000.0,1228386.0
586,2021-10-20 09:20:24,12600.0,10000.0,1227386.0
587,2021-10-20 09:20:22,12600.0,500.0,1217386.0
588,2021-10-20 09:20:09,12600.0,200.0,1216886.0
589,2021-10-20 09:20:07,12600.0,1000.0,1216686.0
590,2021-10-20 09:20:06,12600.0,800.0,1215686.0
591,2021-10-20 09:20:05,12600.0,3000.0,1214886.0
592,2021-10-20 09:19:59,12600.0,196.0,1211886.0
593,2021-10-20 09:19:58,12600.0,1500.0,1211690.0
594,2021-10-20 09:19:48,12600.0,400.0,1210190.0
595,2021-10-20 09:19:41,12600.0,100.0,1209790.0
596,2021-10-20 09:19:37,12600.0,100.0,1209690.0
597,2021-10-20 09:19:31,12600.0,500.0,1209590.0
598,2021-10-20 09:19:29,12600.0,4000.0,1209090.0
599,2021-10-20 09:19:18,12600.0,100.0,1205090.0
600,2021-10-20 09:19:17,12600.0,1000.0,1204990.0
601,2021-10-20 09:19:16,12600.0,200.0,1203990.0
602,2021-10-20 09:19:07,12600.0,10000.0,1203790.0
603,2021-10-20 09:19:04,12600.0,400.0,1193790.0
604,2021-10-20 09:18:57,12600.0,400.0,1193390.0
605,2021-10-20 09:18:50,12600.0,100.0,1192990.0
606,2021-10-20 09:18:49,12600.0,500.0,1192890.0
607,2021-10-20 09:18:47,12600.0,1000.0,1192390.0
608,2021-10-20 09:18:43,12600.0,1500.0,1191390.0
609,2021-10-20 09:18:39,12600.0,2000.0,1189890.0
610,2021-10-20 09:18:30,12600.0,12000.0,1187890.0
611,2021-10-20 09:18:29,12600.0,2000.0,1175890.0
612,2021-10-20 09:18:28,12600.0,2000.0,1173890.0
613,2021-10-20 09:18:27,12600.0,900.0,1171890.0
614,2021-10-20 09:18:25,12600.0,1000.0,1170990.0
615,2021-10-20 09:18:18,12600.0,1100.0,1169990.0
616,2021-10-20 09:18:14,12600.0,4400.0,1168890.0
617,2021-10-20 09:18:10,12600.0,100.0,1164490.0
618,2021-10-20 09:18:06,12600.0,74.0,1164390.0
619,2021-10-20 09:18:03,12600.0,3000.0,1164316.0
620,2021-10-20 09:18:01,12600.0,800.0,1161316.0
621,2021-10-20 09:18:00,12600.0,5000.0,1160516.0
622,2021-10-20 09:17:55,12600.0,1000.0,1155516.0
623,2021-10-20 09:17:52,12600.0,100.0,1154516.0
624,2021-10-20 09:17:50,12600.0,2000.0,1154416.0
625,2021-10-20 09:17:49,12600.0,1000.0,1152416.0
626,2021-10-20 09:17:41,12600.0,4500.0,1151416.0
627,2021-10-20 09:17:40,12600.0,5700.0,1146916.0
628,2021-10-20 09:17:34,12600.0,3000.0,1141216.0
629,2021-10-20 09:17:32,12600.0,200.0,1138216.0
630,2021-10-20 09:17:31,12600.0,500.0,1138016.0
631,2021-10-20 09:17:30,12600.0,3000.0,1137516.0
632,2021-10-20 09:17:22,12600.0,100.0,1134516.0
633,2021-10-20 09:17:17,12600.0,100.0,1134416.0
634,2021-10-20 09:17:16,12600.0,1000.0,1134316.0
635,2021-10-20 09:17:13,12600.0,200.0,1133316.0
636,2021-10-20 09:17:12,12600.0,1700.0,1133116.0
637,2021-10-20 09:17:07,12600.0,5000.0,1131416.0
638,2021-10-20 09:17:03,12600.0,300.0,1126416.0
639,2021-10-20 09:16:59,12600.0,100.0,1126116.0
640,2021-10-20 09:16:56,12600.0,2500.0,1126016.0
641,2021-10-20 09:16:55,12600.0,3000.0,1123516.0
642,2021-10-20 09:16:54,12600.0,25000.0,1120516.0
643,2021-10-20 09:16:53,12600.0,5.0,1095516.0
644,2021-10-20 09:16:46,12600.0,3700.0,1095511.0
645,2021-10-20 09:16:35,12600.0,10000.0,1091811.0
646,2021-10-20 09:16:33,12600.0,200.0,1081811.0
647,2021-10-20 09:16:32,12600.0,1000.0,1081611.0
648,2021-10-20 09:16:28,12600.0,4000.0,1080611.0
649,2021-10-20 09:16:22,12600.0,1000.0,1076611.0
650,2021-10-20 09:16:19,12600.0,7100.0,1075611.0
651,2021-10-20 09:16:13,12600.0,200.0,1068511.0
652,2021-10-20 09:16:10,12600.0,1000.0,1068311.0
653,2021-10-20 09:16:06,12600.0,800.0,1067311.0
654,2021-10-20 09:16:03,12600.0,500.0,1066511.0
655,2021-10-20 09:16:01,12600.0,90.0,1066011.0
656,2021-10-20 09:16:00,12600.0,300.0,1065921.0
657,2021-10-20 09:15:57,12600.0,1000.0,1065621.0
658,2021-10-20 09:15:49,12600.0,500.0,1064621.0
659,2021-10-20 09:15:45,12600.0,2000.0,1064121.0
660,2021-10-20 09:15:41,12600.0,20000.0,1062121.0
661,2021-10-20 09:15:33,12600.0,200.0,1042121.0
662,2021-10-20 09:15:23,12600.0,1000.0,1041921.0
663,2021-10-20 09:15:20,12600.0,5000.0,1040921.0
664,2021-10-20 09:15:18,12600.0,20.0,1035921.0
665,2021-10-20 09:15:07,12600.0,500.0,1035901.0
666,2021-10-20 09:14:58,12600.0,1500.0,1035401.0
667,2021-10-20 09:14:52,12600.0,1000.0,1033901.0
668,2021-10-20 09:14:50,12600.0,300.0,1032901.0
669,2021-10-20 09:14:49,12600.0,1500.0,1032601.0
670,2021-10-20 09:14:36,12600.0,100.0,1031101.0
671,2021-10-20 09:14:29,12600.0,100.0,1031001.0
672,2021-10-20 09:14:27,12600.0,100.0,1030901.0
673,2021-10-20 09:14:18,12600.0,2000.0,1030801.0
674,2021-10-20 09:14:15,12600.0,100.0,1028801.0
675,2021-10-20 09:14:13,12600.0,1500.0,1028701.0
676,2021-10-20 09:14:06,12600.0,15000.0,1027201.0
677,2021-10-20 09:14:05,12600.0,500.0,1012201.0
678,2021-10-20 09:14:00,12600.0,200.0,1011701.0
679,2021-10-20 09:13:45,12600.0,3300.0,1011501.0
680,2021-10-20 09:13:44,12600.0,200.0,1008201.0
681,2021-10-20 09:13:39,12600.0,1546.0,1008001.0
682,2021-10-20 09:13:36,12600.0,100.0,1006455.0
683,2021-10-20 09:13:31,12600.0,200.0,1006355.0
684,2021-10-20 09:13:29,12600.0,500.0,1006155.0
685,2021-10-20 09:13:24,12600.0,1000.0,1005655.0
686,2021-10-20 09:13:22,12600.0,1000.0,1004655.0
687,2021-10-20 09:13:21,12600.0,1000.0,1003655.0
688,2021-10-20 09:13:18,12600.0,1000.0,1002655.0
689,2021-10-20 09:13:17,12600.0,500.0,1001655.0
690,2021-10-20 09:13:15,12600.0,100.0,1001155.0
691,2021-10-20 09:13:14,12600.0,6700.0,1001055.0
692,2021-10-20 09:13:13,12600.0,1500.0,994355.0
693,2021-10-20 09:13:03,12600.0,3000.0,992855.0
694,2021-10-20 09:13:00,12600.0,11500.0,989855.0
695,2021-10-20 09:12:49,12600.0,2000.0,978355.0
696,2021-10-20 09:12:46,12600.0,3000.0,976355.0
697,2021-10-20 09:12:43,12600.0,200.0,973355.0
698,2021-10-20 09:12:40,12600.0,100.0,973155.0
699,2021-10-20 09:12:39,12600.0,2900.0,973055.0
700,2021-10-20 09:12:38,12600.0,200.0,970155.0
701,2021-10-20 09:12:37,12600.0,10000.0,969955.0
702,2021-10-20 09:12:29,12600.0,200.0,959955.0
703,2021-10-20 09:12:21,12600.0,100.0,959755.0
704,2021-10-20 09:12:20,12600.0,200.0,959655.0
705,2021-10-20 09:12:19,12600.0,100.0,959455.0
706,2021-10-20 09:12:17,12600.0,100.0,959355.0
707,2021-10-20 09:12:09,12600.0,2000.0,959255.0
708,2021-10-20 09:12:07,12600.0,500.0,957255.0
709,2021-10-20 09:12:04,12600.0,100.0,956755.0
710,2021-10-20 09:12:02,12600.0,2000.0,956655.0
711,2021-10-20 09:11:57,12600.0,300.0,954655.0
712,2021-10-20 09:11:55,12600.0,500.0,954355.0
713,2021-10-20 09:11:53,12600.0,1000.0,953855.0
714,2021-10-20 09:11:52,12600.0,20.0,952855.0
715,2021-10-20 09:11:48,12600.0,1000.0,952835.0
716,2021-10-20 09:11:47,12600.0,5700.0,951835.0
717,2021-10-20 09:11:43,12600.0,25000.0,946135.0
718,2021-10-20 09:11:40,12600.0,9000.0,921135.0
719,2021-10-20 09:11:25,12600.0,500.0,912135.0
720,2021-10-20 09:11:10,12600.0,49.0,911635.0
721,2021-10-20 09:11:04,12600.0,100.0,911586.0
722,2021-10-20 09:11:03,12600.0,4000.0,911486.0
723,2021-10-20 09:11:01,12600.0,100.0,907486.0
724,2021-10-20 09:10:53,12600.0,2.0,907386.0
725,2021-10-20 09:10:52,12600.0,100.0,907384.0
726,2021-10-20 09:10:42,12600.0,400.0,907284.0
727,2021-10-20 09:10:41,12600.0,500.0,906884.0
728,2021-10-20 09:10:38,12600.0,1100.0,906384.0
729,2021-10-20 09:10:27,12600.0,100.0,905284.0
730,2021-10-20 09:10:25,12600.0,100.0,905184.0
731,2021-10-20 09:10:19,12600.0,5000.0,905084.0
732,2021-10-20 09:10:17,12600.0,600.0,900084.0
733,2021-10-20 09:10:16,12600.0,1000.0,899484.0
734,2021-10-20 09:10:13,12600.0,100.0,898484.0
735,2021-10-20 09:10:11,12600.0,1400.0,898384.0
736,2021-10-20 09:10:10,12600.0,100.0,896984.0
737,2021-10-20 09:10:09,12600.0,500.0,896884.0
738,2021-10-20 09:10:02,12600.0,1000.0,896384.0
739,2021-10-20 09:10:00,12600.0,200.0,895384.0
740,2021-10-20 09:09:57,12600.0,2000.0,895184.0
741,2021-10-20 09:09:52,12600.0,3000.0,893184.0
742,2021-10-20 09:09:47,12600.0,1000.0,890184.0
743,2021-10-20 09:09:44,12600.0,304.0,889184.0
744,2021-10-20 09:09:43,12600.0,500.0,888880.0
745,2021-10-20 09:09:31,12600.0,500.0,888380.0
746,2021-10-20 09:09:30,12600.0,3000.0,887880.0
747,2021-10-20 09:09:29,12600.0,60000.0,884880.0
748,2021-10-20 09:09:25,12600.0,1500.0,824880.0
749,2021-10-20 09:09:23,12600.0,80.0,823380.0
750,2021-10-20 09:09:22,12600.0,200.0,823300.0
751,2021-10-20 09:09:16,12600.0,2500.0,823100.0
752,2021-10-20 09:09:11,12600.0,1000.0,820600.0
753,2021-10-20 09:09:10,12600.0,200.0,819600.0
754,2021-10-20 09:08:56,12600.0,300.0,819400.0
755,2021-10-20 09:08:55,12600.0,1000.0,819100.0
756,2021-10-20 09:08:53,12600.0,1000.0,818100.0
757,2021-10-20 09:08:41,12600.0,1000.0,817100.0
758,2021-10-20 09:08:33,12600.0,4300.0,816100.0
759,2021-10-20 09:08:29,12600.0,1000.0,811800.0
760,2021-10-20 09:08:27,12600.0,5900.0,810800.0
761,2021-10-20 09:08:26,12600.0,200.0,804900.0
762,2021-10-20 09:08:19,12600.0,1000.0,804700.0
763,2021-10-20 09:08:18,12600.0,250.0,803700.0
764,2021-10-20 09:08:17,12600.0,100.0,803450.0
765,2021-10-20 09:08:13,12600.0,900.0,803350.0
766,2021-10-20 09:08:12,12600.0,1000.0,802450.0
767,2021-10-20 09:08:04,12600.0,300.0,801450.0
768,2021-10-20 09:08:03,12600.0,100.0,801150.0
769,2021-10-20 09:07:53,12600.0,100.0,801050.0
770,2021-10-20 09:07:52,12600.0,300.0,800950.0
771,2021-10-20 09:07:51,12600.0,4800.0,800650.0
772,2021-10-20 09:07:49,12600.0,100.0,795850.0
773,2021-10-20 09:07:48,12600.0,1000.0,795750.0
774,2021-10-20 09:07:47,12600.0,2100.0,794750.0
775,2021-10-20 09:07:46,12600.0,700.0,792650.0
776,2021-10-20 09:07:41,12600.0,300.0,791950.0
777,2021-10-20 09:07:38,12600.0,10000.0,791650.0
778,2021-10-20 09:07:37,12600.0,500.0,781650.0
779,2021-10-20 09:07:36,12600.0,300.0,781150.0
780,2021-10-20 09:07:35,12600.0,200.0,780850.0
781,2021-10-20 09:07:29,12600.0,1000.0,780650.0
782,2021-10-20 09:07:25,12600.0,200.0,779650.0
783,2021-10-20 09:07:22,12600.0,3300.0,779450.0
784,2021-10-20 09:07:20,12600.0,8.0,776150.0
785,2021-10-20 09:07:19,12600.0,200.0,776142.0
786,2021-10-20 09:07:18,12600.0,5000.0,775942.0
787,2021-10-20 09:07:16,12600.0,500.0,770942.0
788,2021-10-20 09:07:13,12600.0,1000.0,770442.0
789,2021-10-20 09:07:09,12600.0,70.0,769442.0
790,2021-10-20 09:07:07,12600.0,200.0,769372.0
791,2021-10-20 09:07:03,12600.0,15000.0,769172.0
792,2021-10-20 09:07:02,12600.0,3800.0,754172.0
793,2021-10-20 09:07:01,12600.0,100.0,750372.0
794,2021-10-20 09:06:59,12600.0,4000.0,750272.0
795,2021-10-20 09:06:55,12600.0,1000.0,746272.0
796,2021-10-20 09:06:53,12600.0,6400.0,745272.0
797,2021-10-20 09:06:50,12600.0,1100.0,738872.0
798,2021-10-20 09:06:47,12600.0,5000.0,737772.0
799,2021-10-20 09:06:45,12600.0,500.0,732772.0
800,2021-10-20 09:06:44,12600.0,100.0,732272.0
801,2021-10-20 09:06:43,12600.0,1.0,732172.0
802,2021-10-20 09:06:39,12600.0,1600.0,732171.0
803,2021-10-20 09:06:38,12600.0,2100.0,730571.0
804,2021-10-20 09:06:36,12600.0,500.0,728471.0
805,2021-10-20 09:06:34,12600.0,900.0,727971.0
806,2021-10-20 09:06:33,12600.0,9300.0,727071.0
807,2021-10-20 09:06:31,12600.0,10.0,717771.0
808,2021-10-20 09:06:30,12600.0,2000.0,717761.0
809,2021-10-20 09:06:29,12600.0,2000.0,715761.0
810,2021-10-20 09:06:28,12600.0,4500.0,713761.0
811,2021-10-20 09:06:27,12600.0,2400.0,709261.0
812,2021-10-20 09:06:25,12600.0,4200.0,706861.0
813,2021-10-20 09:06:20,12600.0,12800.0,702661.0
814,2021-10-20 09:06:16,12600.0,1500.0,689861.0
815,2021-10-20 09:06:14,12600.0,14200.0,688361.0
816,2021-10-20 09:06:12,12600.0,2000.0,674161.0
817,2021-10-20 09:06:09,12600.0,1000.0,672161.0
818,2021-10-20 09:06:07,12600.0,2900.0,671161.0
819,2021-10-20 09:06:06,12600.0,13200.0,668261.0
820,2021-10-20 09:06:05,12600.0,1000.0,655061.0
821,2021-10-20 09:06:02,12600.0,2000.0,654061.0
822,2021-10-20 09:06:01,12600.0,2000.0,652061.0
823,2021-10-20 09:05:55,12600.0,1000.0,650061.0
824,2021-10-20 09:05:53,12600.0,701.0,649061.0
825,2021-10-20 09:05:46,12600.0,3300.0,648360.0
826,2021-10-20 09:05:45,12600.0,9500.0,645060.0
827,2021-10-20 09:05:44,12600.0,12000.0,635560.0
828,2021-10-20 09:05:43,12600.0,4100.0,623560.0
829,2021-10-20 09:05:42,12600.0,9600.0,619460.0
830,2021-10-20 09:05:41,12600.0,2800.0,609860.0
831,2021-10-20 09:05:40,12600.0,1000.0,607060.0
832,2021-10-20 09:05:39,12600.0,5000.0,606060.0
833,2021-10-20 09:05:38,12600.0,47000.0,601060.0
834,2021-10-20 09:05:36,12600.0,18400.0,554060.0
835,2021-10-20 09:05:35,12600.0,4910.0,535660.0
836,2021-10-20 09:05:33,12600.0,10000.0,530750.0
837,2021-10-20 09:05:32,12600.0,2000.0,520750.0
838,2021-10-20 09:05:31,12600.0,13500.0,518750.0
839,2021-10-20 09:05:30,12600.0,4000.0,505250.0
840,2021-10-20 09:05:29,12600.0,200.0,501250.0
841,2021-10-20 09:05:28,12600.0,6000.0,501050.0
842,2021-10-20 09:05:27,12600.0,500.0,495050.0
843,2021-10-20 09:05:26,12600.0,600.0,494550.0
844,2021-10-20 09:05:25,12600.0,7900.0,493950.0
845,2021-10-20 09:05:23,12600.0,1000.0,486050.0
846,2021-10-20 09:05:22,12600.0,2200.0,485050.0
847,2021-10-20 09:05:21,12600.0,17000.0,482850.0
848,2021-10-20 09:05:20,12600.0,20000.0,465850.0
849,2021-10-20 09:05:19,12600.0,200.0,445850.0
850,2021-10-20 09:05:16,12600.0,200.0,445650.0
851,2021-10-20 09:05:15,12600.0,20000.0,445450.0
852,2021-10-20 09:05:12,12600.0,13000.0,425450.0
853,2021-10-20 09:05:10,12600.0,1000.0,412450.0
854,2021-10-20 09:05:09,12600.0,2000.0,411450.0
855,2021-10-20 09:05:05,12600.0,4500.0,409450.0
856,2021-10-20 09:05:02,12600.0,1000.0,404950.0
857,2021-10-20 09:04:59,12600.0,500.0,403950.0
858,2021-10-20 09:04:57,12600.0,42000.0,403450.0
859,2021-10-20 09:04:56,12600.0,3000.0,361450.0
860,2021-10-20 09:04:55,12600.0,2000.0,358450.0
861,2021-10-20 09:04:53,12600.0,3000.0,356450.0
862,2021-10-20 09:04:48,12600.0,3100.0,353450.0
863,2021-10-20 09:04:47,12600.0,10000.0,350350.0
864,2021-10-20 09:04:46,12600.0,15000.0,340350.0
865,2021-10-20 09:04:45,12600.0,7400.0,325350.0
866,2021-10-20 09:04:44,12600.0,500.0,317950.0
867,2021-10-20 09:04:43,12600.0,2200.0,317450.0
868,2021-10-20 09:04:40,12600.0,1800.0,315250.0
869,2021-10-20 09:04:34,12500.0,5500.0,313450.0
870,2021-10-20 09:04:30,12500.0,4100.0,307950.0
871,2021-10-20 09:04:29,12600.0,20000.0,303850.0
872,2021-10-20 09:04:26,12600.0,500.0,283850.0
873,2021-10-20 09:04:23,12600.0,1900.0,283350.0
874,2021-10-20 09:04:18,12500.0,100.0,281450.0
875,2021-10-20 09:04:07,12500.0,500.0,281350.0
876,2021-10-20 09:03:56,12500.0,90.0,280850.0
877,2021-10-20 09:03:55,12500.0,13400.0,280760.0
878,2021-10-20 09:03:53,12500.0,3000.0,267360.0
879,2021-10-20 09:03:52,12500.0,500.0,264360.0
880,2021-10-20 09:03:51,12500.0,100.0,263860.0
881,2021-10-20 09:03:50,12400.0,300.0,263760.0
882,2021-10-20 09:03:47,12500.0,12000.0,263460.0
883,2021-10-20 09:03:46,12500.0,2000.0,251460.0
884,2021-10-20 09:03:45,12500.0,7900.0,249460.0
885,2021-10-20 09:03:44,12500.0,9100.0,241560.0
886,2021-10-20 09:03:39,12500.0,1300.0,232460.0
887,2021-10-20 09:03:37,12500.0,85000.0,231160.0
888,2021-10-20 09:03:36,12500.0,200.0,146160.0
889,2021-10-20 09:03:27,12500.0,2000.0,145960.0
890,2021-10-20 09:03:25,12400.0,100.0,143960.0
891,2021-10-20 09:03:24,12400.0,6000.0,143860.0
892,2021-10-20 09:03:23,12400.0,100.0,137860.0
893,2021-10-20 09:03:21,12400.0,700.0,137760.0
894,2021-10-20 09:03:20,12500.0,2700.0,137060.0
895,2021-10-20 09:03:15,12400.0,200.0,134360.0
896,2021-10-20 09:03:13,12400.0,500.0,134160.0
897,2021-10-20 09:03:12,12400.0,500.0,133660.0
898,2021-10-20 09:03:08,12400.0,1000.0,133160.0
899,2021-10-20 09:03:07,12400.0,100.0,132160.0
900,2021-10-20 09:03:04,12400.0,2000.0,132060.0
901,2021-10-20 09:03:03,12400.0,100.0,130060.0
902,2021-10-20 09:03:00,12400.0,4000.0,129960.0
903,2021-10-20 09:02:58,12500.0,2000.0,125960.0
904,2021-10-20 09:02:55,12400.0,100.0,123960.0
905,2021-10-20 09:02:51,12400.0,10000.0,123860.0
906,2021-10-20 09:02:50,12400.0,100.0,113860.0
907,2021-10-20 09:02:47,12400.0,1300.0,113760.0
908,2021-10-20 09:02:45,12400.0,10000.0,112460.0
909,2021-10-20 09:02:44,12300.0,500.0,102460.0
910,2021-10-20 09:02:41,12400.0,12000.0,101960.0
911,2021-10-20 09:02:39,12400.0,100.0,89960.0
912,2021-10-20 09:02:37,12300.0,50.0,89860.0
913,2021-10-20 09:02:36,12300.0,1000.0,89810.0
914,2021-10-20 09:02:34,12300.0,8000.0,88810.0
915,2021-10-20 09:02:27,12300.0,4000.0,80810.0
916,2021-10-20 09:02:21,12300.0,2500.0,76810.0
917,2021-10-20 09:02:20,12400.0,10.0,74310.0
918,2021-10-20 09:02:08,12400.0,200.0,74300.0
919,2021-10-20 09:01:58,12100.0,200.0,74100.0
920,2021-10-20 09:01:53,12400.0,100.0,73900.0
921,2021-10-20 09:01:52,12100.0,4300.0,73800.0
922,2021-10-20 09:01:50,12400.0,7000.0,69500.0
923,2021-10-20 09:01:44,12400.0,200.0,62500.0
924,2021-10-20 09:01:42,12400.0,1000.0,62300.0
925,2021-10-20 09:01:41,12100.0,2500.0,61300.0
926,2021-10-20 09:01:31,12400.0,5000.0,58800.0
927,2021-10-20 09:01:30,12100.0,200.0,53800.0
928,2021-10-20 09:01:21,12100.0,1000.0,53600.0
929,2021-10-20 09:01:17,12400.0,7000.0,52600.0
930,2021-10-20 09:01:13,12400.0,5300.0,45600.0
931,2021-10-20 09:01:11,12400.0,100.0,40300.0
932,2021-10-20 09:01:10,12400.0,2400.0,40200.0
933,2021-10-20 09:01:09,12400.0,100.0,37800.0
934,2021-10-20 09:01:05,12000.0,500.0,37700.0
935,2021-10-20 09:00:59,12000.0,200.0,37200.0
936,2021-10-20 09:00:49,12000.0,500.0,37000.0
937,2021-10-20 09:00:48,12000.0,1000.0,36500.0
938,2021-10-20 09:00:39,12400.0,8100.0,35500.0
939,2021-10-20 09:00:37,12000.0,2300.0,27400.0
940,2021-10-20 09:00:35,11900.0,1000.0,25100.0
941,2021-10-20 09:00:30,12000.0,400.0,24100.0
942,2021-10-20 09:00:26,12000.0,1000.0,23700.0
943,2021-10-20 09:00:21,11900.0,200.0,22700.0
944,2021-10-20 09:00:15,11800.0,2600.0,22500.0
945,2021-10-20 09:00:13,11900.0,100.0,19900.0
946,2021-10-20 09:00:12,11900.0,8600.0,19800.0
947,2021-10-20 09:00:11,12300.0,10000.0,11200.0
948,2021-10-20 09:00:07,12000.0,1000.0,1200.0
949,2021-10-20 09:00:06,11900.0,200.0,200.0
