,Time,Price,Volume_per_trade,Volume
0,2021-10-06 07:45:00,31350.0,3000.0,3321300.0
1,2021-10-06 07:45:00,31350.0,8300.0,3318300.0
2,2021-10-06 07:45:00,31350.0,2000.0,3310000.0
3,2021-10-06 07:45:00,31350.0,200.0,3308000.0
4,2021-10-06 07:45:00,31350.0,4000.0,3307800.0
5,2021-10-06 07:45:00,31350.0,1000.0,3303800.0
6,2021-10-06 07:45:00,31350.0,2000.0,3302800.0
7,2021-10-06 07:45:00,31350.0,500.0,3300800.0
8,2021-10-06 07:45:00,31350.0,200.0,3300300.0
9,2021-10-06 07:45:00,31350.0,4200.0,3300100.0
10,2021-10-06 07:45:00,31350.0,400.0,3295900.0
11,2021-10-06 07:45:00,31350.0,100.0,3295500.0
12,2021-10-06 07:45:00,31350.0,1000.0,3295400.0
13,2021-10-06 07:45:00,31350.0,2900.0,3294400.0
14,2021-10-06 07:45:00,31350.0,1000.0,3291500.0
15,2021-10-06 07:45:00,31350.0,200.0,3290500.0
16,2021-10-06 07:45:00,31350.0,200.0,3290300.0
17,2021-10-06 07:45:00,31350.0,1500.0,3290100.0
18,2021-10-06 07:45:00,31350.0,300.0,3288600.0
19,2021-10-06 07:45:00,31350.0,200.0,3288300.0
20,2021-10-06 07:45:00,31350.0,3100.0,3288100.0
21,2021-10-06 07:45:00,31350.0,500.0,3285000.0
22,2021-10-06 07:45:00,31350.0,1000.0,3284500.0
23,2021-10-06 07:45:00,31350.0,200.0,3283500.0
24,2021-10-06 07:45:00,31350.0,400.0,3283300.0
25,2021-10-06 07:45:00,31350.0,500.0,3282900.0
26,2021-10-06 07:45:00,31350.0,1000.0,3282400.0
27,2021-10-06 07:45:00,31350.0,4000.0,3281400.0
28,2021-10-06 07:45:00,31350.0,14100.0,3277400.0
29,2021-10-06 07:45:00,31350.0,200.0,3263300.0
30,2021-10-06 07:45:00,31350.0,1900.0,3263100.0
31,2021-10-06 07:45:00,31350.0,800.0,3261200.0
32,2021-10-06 07:45:00,31350.0,100.0,3260400.0
33,2021-10-06 07:45:00,31350.0,2900.0,3260300.0
34,2021-10-06 07:45:00,31350.0,1400.0,3257400.0
35,2021-10-06 07:45:00,31350.0,3000.0,3256000.0
36,2021-10-06 07:45:00,31350.0,1000.0,3253000.0
37,2021-10-06 07:45:00,31350.0,500.0,3252000.0
38,2021-10-06 07:45:00,31350.0,100.0,3251500.0
39,2021-10-06 07:45:00,31350.0,100.0,3251400.0
40,2021-10-06 07:45:00,31350.0,11000.0,3251300.0
41,2021-10-06 07:45:00,31350.0,500.0,3240300.0
42,2021-10-06 07:45:00,31350.0,1000.0,3239800.0
43,2021-10-06 07:45:00,31350.0,800.0,3238800.0
44,2021-10-06 07:45:00,31350.0,1000.0,3238000.0
45,2021-10-06 07:45:00,31350.0,100.0,3237000.0
46,2021-10-06 07:45:00,31350.0,100.0,3236900.0
47,2021-10-06 07:45:00,31350.0,1000.0,3236800.0
48,2021-10-06 07:45:00,31350.0,1000.0,3235800.0
49,2021-10-06 07:45:00,31350.0,500.0,3234800.0
50,2021-10-06 07:45:00,31350.0,300.0,3234300.0
51,2021-10-06 07:45:00,31350.0,500.0,3234000.0
52,2021-10-06 07:45:00,31350.0,100.0,3233500.0
53,2021-10-06 07:45:00,31350.0,900.0,3233400.0
54,2021-10-06 07:45:00,31350.0,1000.0,3232500.0
55,2021-10-06 07:45:00,31350.0,100.0,3231500.0
56,2021-10-06 07:45:00,31350.0,500.0,3231400.0
57,2021-10-06 07:45:00,31350.0,300.0,3230900.0
58,2021-10-06 07:45:00,31350.0,100.0,3230600.0
59,2021-10-06 07:45:00,31350.0,100.0,3230500.0
60,2021-10-06 07:45:00,31350.0,100.0,3230400.0
61,2021-10-06 07:45:00,31350.0,5000.0,3230300.0
62,2021-10-06 07:45:00,31350.0,200.0,3225300.0
63,2021-10-06 07:45:00,31350.0,1000.0,3225100.0
64,2021-10-06 07:45:00,31350.0,800.0,3224100.0
65,2021-10-06 07:45:00,31350.0,200.0,3223300.0
66,2021-10-06 07:29:51,31350.0,2000.0,3223100.0
67,2021-10-06 07:29:38,31300.0,1500.0,3221100.0
68,2021-10-06 07:29:32,31350.0,100.0,3219600.0
69,2021-10-06 07:29:03,31350.0,100.0,3219500.0
70,2021-10-06 07:29:00,31350.0,100.0,3219400.0
71,2021-10-06 07:28:24,31350.0,1000.0,3219300.0
72,2021-10-06 07:28:19,31350.0,300.0,3218300.0
73,2021-10-06 07:27:50,31350.0,1500.0,3218000.0
74,2021-10-06 07:27:48,31350.0,500.0,3216500.0
75,2021-10-06 07:27:42,31350.0,1000.0,3216000.0
76,2021-10-06 07:27:41,31350.0,500.0,3215000.0
77,2021-10-06 07:27:38,31350.0,1400.0,3214500.0
78,2021-10-06 07:27:38,31350.0,1000.0,3213100.0
79,2021-10-06 07:27:38,31350.0,2600.0,3212100.0
80,2021-10-06 07:27:31,31350.0,400.0,3209500.0
81,2021-10-06 07:27:31,31350.0,100.0,3209100.0
82,2021-10-06 07:27:30,31350.0,5000.0,3209000.0
83,2021-10-06 07:27:16,31350.0,100.0,3204000.0
84,2021-10-06 07:27:07,31350.0,1000.0,3203900.0
85,2021-10-06 07:27:06,31350.0,300.0,3202900.0
86,2021-10-06 07:26:54,31350.0,100.0,3202600.0
87,2021-10-06 07:26:48,31350.0,100.0,3202500.0
88,2021-10-06 07:26:48,31350.0,500.0,3202400.0
89,2021-10-06 07:26:48,31350.0,6000.0,3201900.0
90,2021-10-06 07:26:48,31350.0,5000.0,3195900.0
91,2021-10-06 07:26:48,31350.0,10000.0,3190900.0
92,2021-10-06 07:26:48,31350.0,27800.0,3180900.0
93,2021-10-06 07:26:45,31400.0,400.0,3153100.0
94,2021-10-06 07:26:35,31350.0,100.0,3152700.0
95,2021-10-06 07:26:21,31350.0,1500.0,3152600.0
96,2021-10-06 07:26:17,31400.0,1600.0,3151100.0
97,2021-10-06 07:26:17,31400.0,1000.0,3149500.0
98,2021-10-06 07:26:17,31400.0,100.0,3148500.0
99,2021-10-06 07:26:17,31400.0,200.0,3148400.0
100,2021-10-06 07:26:03,31350.0,200.0,3148200.0
101,2021-10-06 07:25:46,31350.0,4000.0,3148000.0
102,2021-10-06 07:25:41,31350.0,1000.0,3144000.0
103,2021-10-06 07:25:39,31350.0,100.0,3143000.0
104,2021-10-06 07:25:39,31350.0,600.0,3142900.0
105,2021-10-06 07:25:39,31350.0,2000.0,3142300.0
106,2021-10-06 07:25:39,31350.0,2700.0,3140300.0
107,2021-10-06 07:25:37,31350.0,1500.0,3137600.0
108,2021-10-06 07:25:22,31300.0,400.0,3136100.0
109,2021-10-06 07:25:22,31300.0,500.0,3135700.0
110,2021-10-06 07:25:22,31300.0,100.0,3135200.0
111,2021-10-06 07:25:21,31300.0,100.0,3135100.0
112,2021-10-06 07:25:21,31300.0,200.0,3135000.0
113,2021-10-06 07:25:13,31300.0,300.0,3134800.0
114,2021-10-06 07:25:13,31300.0,500.0,3134500.0
115,2021-10-06 07:25:13,31300.0,100.0,3134000.0
116,2021-10-06 07:25:13,31300.0,100.0,3133900.0
117,2021-10-06 07:25:13,31350.0,200.0,3133800.0
118,2021-10-06 07:25:13,31350.0,2000.0,3133600.0
119,2021-10-06 07:25:13,31350.0,100.0,3131600.0
120,2021-10-06 07:25:13,31350.0,3800.0,3131500.0
121,2021-10-06 07:25:13,31350.0,2000.0,3127700.0
122,2021-10-06 07:25:13,31350.0,3500.0,3125700.0
123,2021-10-06 07:25:13,31350.0,200.0,3122200.0
124,2021-10-06 07:25:13,31350.0,100.0,3122000.0
125,2021-10-06 07:25:13,31350.0,200.0,3121900.0
126,2021-10-06 07:25:13,31350.0,27900.0,3121700.0
127,2021-10-06 07:25:02,31350.0,2100.0,3093800.0
128,2021-10-06 07:25:02,31350.0,1000.0,3091700.0
129,2021-10-06 07:25:02,31350.0,2000.0,3090700.0
130,2021-10-06 07:25:02,31350.0,4000.0,3088700.0
131,2021-10-06 07:25:02,31350.0,90900.0,3084700.0
132,2021-10-06 07:25:00,31300.0,1000.0,2993800.0
133,2021-10-06 07:24:55,31300.0,200.0,2992800.0
134,2021-10-06 07:24:43,31300.0,1000.0,2992600.0
135,2021-10-06 07:24:34,31300.0,5000.0,2991600.0
136,2021-10-06 07:24:11,31300.0,2800.0,2986600.0
137,2021-10-06 07:24:11,31300.0,100.0,2983800.0
138,2021-10-06 07:24:08,31300.0,300.0,2983700.0
139,2021-10-06 07:23:59,31300.0,100.0,2983400.0
140,2021-10-06 07:23:50,31300.0,100.0,2983300.0
141,2021-10-06 07:23:36,31300.0,300.0,2983200.0
142,2021-10-06 07:23:35,31300.0,1100.0,2982900.0
143,2021-10-06 07:23:35,31300.0,100.0,2981800.0
144,2021-10-06 07:23:35,31300.0,3500.0,2981700.0
145,2021-10-06 07:23:32,31350.0,100.0,2978200.0
146,2021-10-06 07:23:31,31350.0,100.0,2978100.0
147,2021-10-06 07:23:28,31350.0,100.0,2978000.0
148,2021-10-06 07:23:15,31300.0,5000.0,2977900.0
149,2021-10-06 07:23:01,31350.0,300.0,2972900.0
150,2021-10-06 07:22:33,31350.0,200.0,2972600.0
151,2021-10-06 07:22:14,31350.0,1000.0,2972400.0
152,2021-10-06 07:22:08,31350.0,1000.0,2971400.0
153,2021-10-06 07:21:55,31350.0,1000.0,2970400.0
154,2021-10-06 07:21:49,31350.0,100.0,2969400.0
155,2021-10-06 07:21:31,31350.0,200.0,2969300.0
156,2021-10-06 07:21:25,31350.0,100.0,2969100.0
157,2021-10-06 07:21:21,31350.0,300.0,2969000.0
158,2021-10-06 07:21:06,31350.0,1600.0,2968700.0
159,2021-10-06 07:20:42,31300.0,1000.0,2967100.0
160,2021-10-06 07:20:33,31350.0,300.0,2966100.0
161,2021-10-06 07:20:33,31350.0,2000.0,2965800.0
162,2021-10-06 07:19:55,31350.0,100.0,2963800.0
163,2021-10-06 07:19:49,31350.0,600.0,2963700.0
164,2021-10-06 07:19:49,31350.0,400.0,2963100.0
165,2021-10-06 07:19:29,31350.0,100.0,2962700.0
166,2021-10-06 07:19:16,31350.0,200.0,2962600.0
167,2021-10-06 07:18:05,31350.0,300.0,2962400.0
168,2021-10-06 07:18:05,31350.0,11700.0,2962100.0
169,2021-10-06 07:18:00,31350.0,1000.0,2950400.0
170,2021-10-06 07:17:42,31350.0,300.0,2949400.0
171,2021-10-06 07:17:38,31300.0,4600.0,2949100.0
172,2021-10-06 07:17:00,31350.0,100.0,2944500.0
173,2021-10-06 07:15:57,31350.0,1000.0,2944400.0
174,2021-10-06 07:15:24,31350.0,2200.0,2943400.0
175,2021-10-06 07:15:15,31350.0,100.0,2941200.0
176,2021-10-06 07:15:00,31350.0,100.0,2941100.0
177,2021-10-06 07:14:32,31350.0,1000.0,2941000.0
178,2021-10-06 07:14:32,31350.0,800.0,2940000.0
179,2021-10-06 07:14:19,31350.0,3200.0,2939200.0
180,2021-10-06 07:14:19,31350.0,500.0,2936000.0
181,2021-10-06 07:14:19,31350.0,100.0,2935500.0
182,2021-10-06 07:14:19,31350.0,1000.0,2935400.0
183,2021-10-06 07:14:19,31350.0,2200.0,2934400.0
184,2021-10-06 07:14:13,31350.0,1000.0,2932200.0
185,2021-10-06 07:13:25,31400.0,100.0,2931200.0
186,2021-10-06 07:13:20,31350.0,1000.0,2931100.0
187,2021-10-06 07:13:11,31350.0,15800.0,2930100.0
188,2021-10-06 07:13:11,31350.0,5900.0,2914300.0
189,2021-10-06 07:13:04,31350.0,300.0,2908400.0
190,2021-10-06 07:13:01,31350.0,1000.0,2908100.0
191,2021-10-06 07:12:20,31400.0,100.0,2907100.0
192,2021-10-06 07:12:11,31400.0,100.0,2907000.0
193,2021-10-06 07:11:57,31350.0,12700.0,2906900.0
194,2021-10-06 07:11:53,31350.0,2500.0,2894200.0
195,2021-10-06 07:11:47,31350.0,500.0,2891700.0
196,2021-10-06 07:11:43,31350.0,1900.0,2891200.0
197,2021-10-06 07:11:38,31400.0,300.0,2889300.0
198,2021-10-06 07:11:38,31400.0,2000.0,2889000.0
199,2021-10-06 07:11:26,31400.0,1000.0,2887000.0
200,2021-10-06 07:11:21,31350.0,200.0,2886000.0
201,2021-10-06 07:11:00,31400.0,1000.0,2885800.0
202,2021-10-06 07:10:57,31350.0,2500.0,2884800.0
203,2021-10-06 07:10:49,31350.0,600.0,2882300.0
204,2021-10-06 07:10:29,31350.0,1900.0,2881700.0
205,2021-10-06 07:10:29,31350.0,2000.0,2879800.0
206,2021-10-06 07:10:26,31350.0,5000.0,2877800.0
207,2021-10-06 07:10:26,31350.0,1000.0,2872800.0
208,2021-10-06 07:10:26,31350.0,4200.0,2871800.0
209,2021-10-06 07:10:25,31350.0,1200.0,2867600.0
210,2021-10-06 07:10:19,31350.0,400.0,2866400.0
211,2021-10-06 07:10:01,31350.0,100.0,2866000.0
212,2021-10-06 07:09:52,31350.0,100.0,2865900.0
213,2021-10-06 07:09:38,31350.0,200.0,2865800.0
214,2021-10-06 07:09:38,31350.0,3200.0,2865600.0
215,2021-10-06 07:09:38,31350.0,500.0,2862400.0
216,2021-10-06 07:09:38,31350.0,400.0,2861900.0
217,2021-10-06 07:09:38,31350.0,1000.0,2861500.0
218,2021-10-06 07:09:38,31350.0,500.0,2860500.0
219,2021-10-06 07:09:38,31350.0,100.0,2860000.0
220,2021-10-06 07:09:38,31350.0,1000.0,2859900.0
221,2021-10-06 07:09:38,31350.0,17100.0,2858900.0
222,2021-10-06 07:09:29,31300.0,5000.0,2841800.0
223,2021-10-06 07:09:25,31300.0,200.0,2836800.0
224,2021-10-06 07:09:22,31300.0,100.0,2836600.0
225,2021-10-06 07:09:04,31300.0,600.0,2836500.0
226,2021-10-06 07:09:04,31300.0,400.0,2835900.0
227,2021-10-06 07:09:04,31300.0,1000.0,2835500.0
228,2021-10-06 07:09:03,31350.0,1400.0,2834500.0
229,2021-10-06 07:09:01,31300.0,400.0,2833100.0
230,2021-10-06 07:08:52,31300.0,100.0,2832700.0
231,2021-10-06 07:08:52,31300.0,1100.0,2832600.0
232,2021-10-06 07:08:52,31300.0,1500.0,2831500.0
233,2021-10-06 07:08:49,31300.0,500.0,2830000.0
234,2021-10-06 07:08:47,31300.0,1000.0,2829500.0
235,2021-10-06 07:08:34,31300.0,5000.0,2828500.0
236,2021-10-06 07:08:33,31300.0,100.0,2823500.0
237,2021-10-06 07:08:25,31300.0,1400.0,2823400.0
238,2021-10-06 07:08:12,31300.0,1000.0,2822000.0
239,2021-10-06 07:08:12,31300.0,100.0,2821000.0
240,2021-10-06 07:08:12,31300.0,1000.0,2820900.0
241,2021-10-06 07:08:12,31300.0,6000.0,2819900.0
242,2021-10-06 07:08:12,31300.0,100.0,2813900.0
243,2021-10-06 07:08:12,31300.0,100.0,2813800.0
244,2021-10-06 07:08:12,31300.0,5000.0,2813700.0
245,2021-10-06 07:08:12,31300.0,500.0,2808700.0
246,2021-10-06 07:08:12,31300.0,1000.0,2808200.0
247,2021-10-06 07:08:12,31300.0,1000.0,2807200.0
248,2021-10-06 07:08:12,31300.0,100.0,2806200.0
249,2021-10-06 07:08:12,31300.0,100.0,2806100.0
250,2021-10-06 07:08:12,31300.0,100.0,2806000.0
251,2021-10-06 07:08:12,31300.0,10000.0,2805900.0
252,2021-10-06 07:08:12,31300.0,300.0,2795900.0
253,2021-10-06 07:08:12,31300.0,100.0,2795600.0
254,2021-10-06 07:08:12,31300.0,1000.0,2795500.0
255,2021-10-06 07:08:12,31300.0,100.0,2794500.0
256,2021-10-06 07:08:12,31300.0,1000.0,2794400.0
257,2021-10-06 07:08:12,31300.0,200.0,2793400.0
258,2021-10-06 07:08:12,31300.0,3000.0,2793200.0
259,2021-10-06 07:08:12,31300.0,100.0,2790200.0
260,2021-10-06 07:08:12,31300.0,2500.0,2790100.0
261,2021-10-06 07:08:12,31300.0,500.0,2787600.0
262,2021-10-06 07:08:12,31300.0,300.0,2787100.0
263,2021-10-06 07:08:12,31300.0,3000.0,2786800.0
264,2021-10-06 07:08:12,31300.0,500.0,2783800.0
265,2021-10-06 07:08:12,31300.0,700.0,2783300.0
266,2021-10-06 07:08:06,31350.0,100.0,2782600.0
267,2021-10-06 07:07:48,31300.0,600.0,2782500.0
268,2021-10-06 07:07:15,31350.0,1000.0,2781900.0
269,2021-10-06 07:06:51,31350.0,100.0,2780900.0
270,2021-10-06 07:06:08,31350.0,1000.0,2780800.0
271,2021-10-06 07:05:59,31350.0,600.0,2779800.0
272,2021-10-06 07:05:33,31350.0,200.0,2779200.0
273,2021-10-06 07:05:28,31350.0,100.0,2779000.0
274,2021-10-06 07:05:27,31350.0,3000.0,2778900.0
275,2021-10-06 07:04:56,31350.0,600.0,2775900.0
276,2021-10-06 07:04:40,31350.0,300.0,2775300.0
277,2021-10-06 07:04:38,31350.0,2000.0,2775000.0
278,2021-10-06 07:04:37,31350.0,200.0,2773000.0
279,2021-10-06 07:04:37,31350.0,200.0,2772800.0
280,2021-10-06 07:04:37,31350.0,100.0,2772600.0
281,2021-10-06 07:04:37,31350.0,500.0,2772500.0
282,2021-10-06 07:04:37,31350.0,600.0,2772000.0
283,2021-10-06 07:04:37,31350.0,2000.0,2771400.0
284,2021-10-06 07:04:37,31350.0,200.0,2769400.0
285,2021-10-06 07:04:37,31350.0,1000.0,2769200.0
286,2021-10-06 07:04:37,31350.0,100.0,2768200.0
287,2021-10-06 07:04:37,31350.0,7600.0,2768100.0
288,2021-10-06 07:04:11,31400.0,400.0,2760500.0
289,2021-10-06 07:04:11,31400.0,100.0,2760100.0
290,2021-10-06 07:04:11,31400.0,5000.0,2760000.0
291,2021-10-06 07:04:11,31400.0,100.0,2755000.0
292,2021-10-06 07:04:11,31400.0,3100.0,2754900.0
293,2021-10-06 07:04:11,31400.0,200.0,2751800.0
294,2021-10-06 07:04:11,31400.0,100.0,2751600.0
295,2021-10-06 07:04:11,31400.0,1000.0,2751500.0
296,2021-10-06 07:04:09,31400.0,100.0,2750500.0
297,2021-10-06 07:03:50,31400.0,900.0,2750400.0
298,2021-10-06 07:03:50,31400.0,200.0,2749500.0
299,2021-10-06 07:03:50,31400.0,100.0,2749300.0
300,2021-10-06 07:03:50,31400.0,200.0,2749200.0
301,2021-10-06 07:03:50,31400.0,100.0,2749000.0
302,2021-10-06 07:03:45,31400.0,300.0,2748900.0
303,2021-10-06 07:03:38,31350.0,3000.0,2748600.0
304,2021-10-06 07:03:36,31400.0,100.0,2745600.0
305,2021-10-06 07:03:34,31400.0,1000.0,2745500.0
306,2021-10-06 07:03:30,31400.0,300.0,2744500.0
307,2021-10-06 07:03:19,31400.0,600.0,2744200.0
308,2021-10-06 07:03:06,31400.0,100.0,2743600.0
309,2021-10-06 07:02:34,31400.0,100.0,2743500.0
310,2021-10-06 07:02:26,31350.0,200.0,2743400.0
311,2021-10-06 07:02:19,31350.0,200.0,2743200.0
312,2021-10-06 07:02:19,31350.0,200.0,2743000.0
313,2021-10-06 07:02:19,31350.0,200.0,2742800.0
314,2021-10-06 07:02:19,31350.0,2400.0,2742600.0
315,2021-10-06 07:02:19,31350.0,200.0,2740200.0
316,2021-10-06 07:02:19,31350.0,5000.0,2740000.0
317,2021-10-06 07:02:19,31350.0,1000.0,2735000.0
318,2021-10-06 07:02:15,31350.0,2000.0,2734000.0
319,2021-10-06 07:02:15,31350.0,400.0,2732000.0
320,2021-10-06 07:02:15,31350.0,200.0,2731600.0
321,2021-10-06 07:02:15,31350.0,100.0,2731400.0
322,2021-10-06 07:02:15,31350.0,1000.0,2731300.0
323,2021-10-06 07:02:15,31350.0,300.0,2730300.0
324,2021-10-06 07:02:15,31350.0,5000.0,2730000.0
325,2021-10-06 07:02:15,31350.0,100.0,2725000.0
326,2021-10-06 07:02:15,31350.0,500.0,2724900.0
327,2021-10-06 07:02:15,31350.0,400.0,2724400.0
328,2021-10-06 07:01:54,31350.0,9600.0,2724000.0
329,2021-10-06 07:01:54,31350.0,400.0,2714400.0
330,2021-10-06 07:01:27,31350.0,100.0,2714000.0
331,2021-10-06 07:01:27,31350.0,200.0,2713900.0
332,2021-10-06 07:01:27,31350.0,100.0,2713700.0
333,2021-10-06 07:01:26,31350.0,100.0,2713600.0
334,2021-10-06 07:01:26,31350.0,500.0,2713500.0
335,2021-10-06 07:01:16,31300.0,100.0,2713000.0
336,2021-10-06 07:01:13,31350.0,100.0,2712900.0
337,2021-10-06 07:00:59,31300.0,100.0,2712800.0
338,2021-10-06 07:00:55,31300.0,500.0,2712700.0
339,2021-10-06 07:00:55,31300.0,3900.0,2712200.0
340,2021-10-06 07:00:41,31300.0,1100.0,2708300.0
341,2021-10-06 07:00:39,31300.0,1000.0,2707200.0
342,2021-10-06 07:00:31,31300.0,400.0,2706200.0
343,2021-10-06 07:00:25,31300.0,1000.0,2705800.0
344,2021-10-06 07:00:24,31300.0,1000.0,2704800.0
345,2021-10-06 07:00:14,31300.0,500.0,2703800.0
346,2021-10-06 07:00:14,31300.0,500.0,2703300.0
347,2021-10-06 07:00:02,31300.0,100.0,2702800.0
348,2021-10-06 07:00:02,31300.0,100.0,2702700.0
349,2021-10-06 07:00:02,31300.0,1800.0,2702600.0
350,2021-10-06 06:59:54,31300.0,300.0,2700800.0
351,2021-10-06 06:59:43,31300.0,500.0,2700500.0
352,2021-10-06 06:59:26,31300.0,500.0,2700000.0
353,2021-10-06 06:59:26,31300.0,900.0,2699500.0
354,2021-10-06 06:59:23,31300.0,500.0,2698600.0
355,2021-10-06 06:59:23,31300.0,1000.0,2698100.0
356,2021-10-06 06:59:23,31300.0,100.0,2697100.0
357,2021-10-06 06:59:23,31300.0,5000.0,2697000.0
358,2021-10-06 06:59:23,31300.0,3800.0,2692000.0
359,2021-10-06 06:59:23,31300.0,1000.0,2688200.0
360,2021-10-06 06:59:23,31300.0,1000.0,2687200.0
361,2021-10-06 06:59:23,31300.0,2600.0,2686200.0
362,2021-10-06 06:59:09,31300.0,8500.0,2683600.0
363,2021-10-06 06:59:05,31250.0,1700.0,2675100.0
364,2021-10-06 06:59:02,31250.0,100.0,2673400.0
365,2021-10-06 06:59:00,31300.0,800.0,2673300.0
366,2021-10-06 06:58:51,31250.0,700.0,2672500.0
367,2021-10-06 06:58:51,31250.0,100.0,2671800.0
368,2021-10-06 06:58:51,31250.0,1500.0,2671700.0
369,2021-10-06 06:58:47,31300.0,800.0,2670200.0
370,2021-10-06 06:58:47,31300.0,600.0,2669400.0
371,2021-10-06 06:58:43,31250.0,2500.0,2668800.0
372,2021-10-06 06:58:33,31250.0,1000.0,2666300.0
373,2021-10-06 06:58:33,31250.0,1100.0,2665300.0
374,2021-10-06 06:58:33,31300.0,14900.0,2664200.0
375,2021-10-06 06:58:33,31300.0,100.0,2649300.0
376,2021-10-06 06:58:21,31250.0,2000.0,2649200.0
377,2021-10-06 06:58:14,31300.0,100.0,2647200.0
378,2021-10-06 06:58:14,31300.0,3000.0,2647100.0
379,2021-10-06 06:58:14,31300.0,2000.0,2644100.0
380,2021-10-06 06:58:14,31300.0,300.0,2642100.0
381,2021-10-06 06:58:14,31300.0,300.0,2641800.0
382,2021-10-06 06:58:14,31300.0,100.0,2641500.0
383,2021-10-06 06:58:14,31300.0,1500.0,2641400.0
384,2021-10-06 06:58:14,31300.0,2700.0,2639900.0
385,2021-10-06 06:58:12,31250.0,1900.0,2637200.0
386,2021-10-06 06:58:12,31250.0,100.0,2635300.0
387,2021-10-06 06:58:02,31250.0,1900.0,2635200.0
388,2021-10-06 06:58:02,31250.0,200.0,2633300.0
389,2021-10-06 06:58:02,31250.0,500.0,2633100.0
390,2021-10-06 06:57:59,31300.0,13000.0,2632600.0
391,2021-10-06 06:57:57,31300.0,2000.0,2619600.0
392,2021-10-06 06:57:47,31250.0,500.0,2617600.0
393,2021-10-06 06:57:38,31250.0,1500.0,2617100.0
394,2021-10-06 06:57:28,31300.0,100.0,2615600.0
395,2021-10-06 06:57:25,31250.0,2300.0,2615500.0
396,2021-10-06 06:57:25,31300.0,2000.0,2613200.0
397,2021-10-06 06:57:21,31300.0,3500.0,2611200.0
398,2021-10-06 06:57:12,31300.0,76700.0,2607700.0
399,2021-10-06 06:57:12,31300.0,10000.0,2531000.0
400,2021-10-06 06:57:12,31300.0,500.0,2521000.0
401,2021-10-06 06:57:12,31300.0,200.0,2520500.0
402,2021-10-06 06:57:12,31300.0,200.0,2520300.0
403,2021-10-06 06:57:12,31300.0,100.0,2520100.0
404,2021-10-06 06:57:12,31300.0,200.0,2520000.0
405,2021-10-06 06:57:12,31300.0,300.0,2519800.0
406,2021-10-06 06:57:12,31300.0,3000.0,2519500.0
407,2021-10-06 06:57:12,31300.0,400.0,2516500.0
408,2021-10-06 06:57:12,31300.0,3000.0,2516100.0
409,2021-10-06 06:57:12,31300.0,800.0,2513100.0
410,2021-10-06 06:57:12,31300.0,4600.0,2512300.0
411,2021-10-06 06:57:12,31250.0,1800.0,2507700.0
412,2021-10-06 06:57:09,31250.0,100.0,2505900.0
413,2021-10-06 06:57:00,31250.0,2200.0,2505800.0
414,2021-10-06 06:56:42,31250.0,1100.0,2503600.0
415,2021-10-06 06:56:38,31250.0,300.0,2502500.0
416,2021-10-06 06:56:36,31250.0,200.0,2502200.0
417,2021-10-06 06:56:34,31250.0,100.0,2502000.0
418,2021-10-06 06:56:31,31250.0,500.0,2501900.0
419,2021-10-06 06:56:30,31250.0,2800.0,2501400.0
420,2021-10-06 06:56:30,31250.0,500.0,2498600.0
421,2021-10-06 06:56:30,31250.0,900.0,2498100.0
422,2021-10-06 06:56:30,31250.0,25800.0,2497200.0
423,2021-10-06 06:56:28,31250.0,4200.0,2471400.0
424,2021-10-06 06:56:28,31250.0,400.0,2467200.0
425,2021-10-06 06:56:28,31250.0,1000.0,2466800.0
426,2021-10-06 06:56:28,31250.0,3300.0,2465800.0
427,2021-10-06 06:56:26,31250.0,200.0,2462500.0
428,2021-10-06 06:56:22,31250.0,1000.0,2462300.0
429,2021-10-06 06:56:12,31250.0,500.0,2461300.0
430,2021-10-06 06:56:12,31250.0,2500.0,2460800.0
431,2021-10-06 06:56:12,31250.0,500.0,2458300.0
432,2021-10-06 06:56:12,31250.0,500.0,2457800.0
433,2021-10-06 06:56:12,31250.0,1000.0,2457300.0
434,2021-10-06 06:56:12,31250.0,100.0,2456300.0
435,2021-10-06 06:56:12,31250.0,100.0,2456200.0
436,2021-10-06 06:56:12,31250.0,800.0,2456100.0
437,2021-10-06 06:56:12,31250.0,1000.0,2455300.0
438,2021-10-06 06:56:12,31250.0,23000.0,2454300.0
439,2021-10-06 06:55:44,31250.0,300.0,2431300.0
440,2021-10-06 06:55:36,31250.0,500.0,2431000.0
441,2021-10-06 06:55:26,31250.0,500.0,2430500.0
442,2021-10-06 06:55:24,31250.0,5000.0,2430000.0
443,2021-10-06 06:55:17,31250.0,500.0,2425000.0
444,2021-10-06 06:55:17,31200.0,500.0,2424500.0
445,2021-10-06 06:55:12,31250.0,1000.0,2424000.0
446,2021-10-06 06:54:54,31250.0,100.0,2423000.0
447,2021-10-06 06:54:53,31250.0,6000.0,2422900.0
448,2021-10-06 06:54:49,31250.0,1000.0,2416900.0
449,2021-10-06 06:54:45,31250.0,100.0,2415900.0
450,2021-10-06 06:54:38,31250.0,2000.0,2415800.0
451,2021-10-06 06:54:35,31250.0,400.0,2413800.0
452,2021-10-06 06:54:35,31200.0,100.0,2413400.0
453,2021-10-06 06:54:15,31250.0,3000.0,2413300.0
454,2021-10-06 06:53:43,31250.0,2600.0,2410300.0
455,2021-10-06 06:53:43,31250.0,400.0,2407700.0
456,2021-10-06 06:53:30,31150.0,1800.0,2407300.0
457,2021-10-06 06:53:30,31200.0,500.0,2405500.0
458,2021-10-06 06:53:27,31200.0,500.0,2405000.0
459,2021-10-06 06:53:27,31200.0,1000.0,2404500.0
460,2021-10-06 06:53:27,31200.0,500.0,2403500.0
461,2021-10-06 06:53:27,31200.0,100.0,2403000.0
462,2021-10-06 06:53:27,31200.0,500.0,2402900.0
463,2021-10-06 06:53:27,31200.0,200.0,2402400.0
464,2021-10-06 06:53:27,31200.0,800.0,2402200.0
465,2021-10-06 06:53:27,31200.0,900.0,2401400.0
466,2021-10-06 06:53:27,31200.0,200.0,2400500.0
467,2021-10-06 06:53:26,31200.0,100.0,2400300.0
468,2021-10-06 06:53:26,31200.0,500.0,2400200.0
469,2021-10-06 06:53:25,31200.0,3300.0,2399700.0
470,2021-10-06 06:53:25,31200.0,200.0,2396400.0
471,2021-10-06 06:53:25,31200.0,6500.0,2396200.0
472,2021-10-06 06:53:24,31200.0,2000.0,2389700.0
473,2021-10-06 06:53:21,31200.0,100.0,2387700.0
474,2021-10-06 06:53:21,31200.0,100.0,2387600.0
475,2021-10-06 06:53:14,31200.0,10000.0,2387500.0
476,2021-10-06 06:53:14,31200.0,2000.0,2377500.0
477,2021-10-06 06:53:13,31200.0,5000.0,2375500.0
478,2021-10-06 06:53:10,31200.0,24300.0,2370500.0
479,2021-10-06 06:53:10,31200.0,100.0,2346200.0
480,2021-10-06 06:53:10,31200.0,500.0,2346100.0
481,2021-10-06 06:53:10,31200.0,19100.0,2345600.0
482,2021-10-06 06:52:44,31200.0,100.0,2326500.0
483,2021-10-06 06:52:40,31150.0,100.0,2326400.0
484,2021-10-06 06:52:37,31200.0,1000.0,2326300.0
485,2021-10-06 06:52:29,31150.0,800.0,2325300.0
486,2021-10-06 06:52:29,31150.0,200.0,2324500.0
487,2021-10-06 06:52:25,31200.0,200.0,2324300.0
488,2021-10-06 06:52:24,31200.0,1000.0,2324100.0
489,2021-10-06 06:52:21,31200.0,300.0,2323100.0
490,2021-10-06 06:52:21,31200.0,100.0,2322800.0
491,2021-10-06 06:52:19,31200.0,5000.0,2322700.0
492,2021-10-06 06:52:09,31200.0,1000.0,2317700.0
493,2021-10-06 06:52:04,31200.0,5000.0,2316700.0
494,2021-10-06 06:52:04,31200.0,100.0,2311700.0
495,2021-10-06 06:52:02,31200.0,200.0,2311600.0
496,2021-10-06 06:52:01,31200.0,1000.0,2311400.0
497,2021-10-06 06:51:55,31200.0,1000.0,2310400.0
498,2021-10-06 06:51:52,31200.0,5000.0,2309400.0
499,2021-10-06 06:51:31,31200.0,3000.0,2304400.0
500,2021-10-06 06:50:56,31150.0,500.0,2301400.0
501,2021-10-06 06:50:55,31200.0,100.0,2300900.0
502,2021-10-06 06:50:39,31150.0,100.0,2300800.0
503,2021-10-06 06:50:39,31150.0,1000.0,2300700.0
504,2021-10-06 06:50:39,31150.0,8900.0,2299700.0
505,2021-10-06 06:50:39,31150.0,500.0,2290800.0
506,2021-10-06 06:50:37,31150.0,700.0,2290300.0
507,2021-10-06 06:50:35,31150.0,1000.0,2289600.0
508,2021-10-06 06:50:34,31150.0,100.0,2288600.0
509,2021-10-06 06:50:29,31150.0,500.0,2288500.0
510,2021-10-06 06:50:27,31150.0,5000.0,2288000.0
511,2021-10-06 06:50:26,31150.0,500.0,2283000.0
512,2021-10-06 06:50:25,31100.0,500.0,2282500.0
513,2021-10-06 06:50:22,31150.0,100.0,2282000.0
514,2021-10-06 06:50:22,31150.0,200.0,2281900.0
515,2021-10-06 06:50:19,31150.0,100.0,2281700.0
516,2021-10-06 06:50:17,31150.0,100.0,2281600.0
517,2021-10-06 06:50:15,31150.0,500.0,2281500.0
518,2021-10-06 06:50:14,31150.0,100.0,2281000.0
519,2021-10-06 06:50:12,31150.0,300.0,2280900.0
520,2021-10-06 06:50:12,31150.0,1000.0,2280600.0
521,2021-10-06 06:50:10,31150.0,2000.0,2279600.0
522,2021-10-06 06:50:07,31150.0,1000.0,2277600.0
523,2021-10-06 06:50:07,31150.0,700.0,2276600.0
524,2021-10-06 06:50:05,31150.0,2900.0,2275900.0
525,2021-10-06 06:50:04,31150.0,100.0,2273000.0
526,2021-10-06 06:50:01,31150.0,1000.0,2272900.0
527,2021-10-06 06:49:45,31150.0,200.0,2271900.0
528,2021-10-06 06:49:38,31150.0,100.0,2271700.0
529,2021-10-06 06:49:36,31150.0,1000.0,2271600.0
530,2021-10-06 06:49:30,31150.0,300.0,2270600.0
531,2021-10-06 06:49:29,31150.0,200.0,2270300.0
532,2021-10-06 06:49:27,31150.0,100.0,2270100.0
533,2021-10-06 06:49:26,31150.0,100.0,2270000.0
534,2021-10-06 06:49:25,31150.0,100.0,2269900.0
535,2021-10-06 06:49:15,31150.0,500.0,2269800.0
536,2021-10-06 06:49:12,31150.0,100.0,2269300.0
537,2021-10-06 06:49:12,31150.0,100.0,2269200.0
538,2021-10-06 06:48:56,31150.0,200.0,2269100.0
539,2021-10-06 06:48:56,31150.0,100.0,2268900.0
540,2021-10-06 06:48:48,31150.0,100.0,2268800.0
541,2021-10-06 06:48:43,31150.0,100.0,2268700.0
542,2021-10-06 06:48:43,31150.0,100.0,2268600.0
543,2021-10-06 06:48:43,31150.0,200.0,2268500.0
544,2021-10-06 06:48:33,31150.0,300.0,2268300.0
545,2021-10-06 06:48:30,31150.0,300.0,2268000.0
546,2021-10-06 06:48:30,31150.0,300.0,2267700.0
547,2021-10-06 06:48:28,31200.0,100.0,2267400.0
548,2021-10-06 06:48:23,31150.0,100.0,2267300.0
549,2021-10-06 06:48:20,31150.0,100.0,2267200.0
550,2021-10-06 06:48:20,31150.0,1000.0,2267100.0
551,2021-10-06 06:48:06,31150.0,100.0,2266100.0
552,2021-10-06 06:48:06,31150.0,200.0,2266000.0
553,2021-10-06 06:48:06,31150.0,100.0,2265800.0
554,2021-10-06 06:48:06,31150.0,400.0,2265700.0
555,2021-10-06 06:48:06,31150.0,10000.0,2265300.0
556,2021-10-06 06:48:06,31150.0,100.0,2255300.0
557,2021-10-06 06:48:06,31150.0,100.0,2255200.0
558,2021-10-06 06:48:06,31150.0,100.0,2255100.0
559,2021-10-06 06:48:06,31150.0,200.0,2255000.0
560,2021-10-06 06:48:06,31150.0,100.0,2254800.0
561,2021-10-06 06:48:06,31150.0,100.0,2254700.0
562,2021-10-06 06:48:06,31150.0,600.0,2254600.0
563,2021-10-06 06:48:06,31150.0,100.0,2254000.0
564,2021-10-06 06:48:06,31150.0,1000.0,2253900.0
565,2021-10-06 06:48:06,31150.0,600.0,2252900.0
566,2021-10-06 06:48:06,31150.0,100.0,2252300.0
567,2021-10-06 06:48:06,31150.0,100.0,2252200.0
568,2021-10-06 06:48:06,31150.0,100.0,2252100.0
569,2021-10-06 06:48:06,31150.0,10000.0,2252000.0
570,2021-10-06 06:48:06,31150.0,100.0,2242000.0
571,2021-10-06 06:48:06,31150.0,100.0,2241900.0
572,2021-10-06 06:48:06,31150.0,2400.0,2241800.0
573,2021-10-06 06:48:06,31150.0,10000.0,2239400.0
574,2021-10-06 06:48:06,31150.0,1000.0,2229400.0
575,2021-10-06 06:48:06,31150.0,100.0,2228400.0
576,2021-10-06 06:48:06,31150.0,3000.0,2228300.0
577,2021-10-06 06:48:06,31150.0,100.0,2225300.0
578,2021-10-06 06:48:06,31150.0,5000.0,2225200.0
579,2021-10-06 06:48:06,31150.0,100.0,2220200.0
580,2021-10-06 06:48:06,31150.0,200.0,2220100.0
581,2021-10-06 06:48:06,31150.0,2800.0,2219900.0
582,2021-10-06 06:47:54,31150.0,1800.0,2217100.0
583,2021-10-06 06:47:49,31200.0,2000.0,2215300.0
584,2021-10-06 06:47:48,31200.0,100.0,2213300.0
585,2021-10-06 06:47:43,31150.0,1500.0,2213200.0
586,2021-10-06 06:47:28,31150.0,100.0,2211700.0
587,2021-10-06 06:47:17,31150.0,400.0,2211600.0
588,2021-10-06 06:47:12,31150.0,600.0,2211200.0
589,2021-10-06 06:46:59,31200.0,300.0,2210600.0
590,2021-10-06 06:46:56,31150.0,4000.0,2210300.0
591,2021-10-06 06:46:52,31200.0,1000.0,2206300.0
592,2021-10-06 06:46:24,31200.0,500.0,2205300.0
593,2021-10-06 06:46:24,31200.0,2800.0,2204800.0
594,2021-10-06 06:46:10,31200.0,100.0,2202000.0
595,2021-10-06 06:46:00,31200.0,1000.0,2201900.0
596,2021-10-06 06:46:00,31200.0,1000.0,2200900.0
597,2021-10-06 06:46:00,31200.0,1000.0,2199900.0
598,2021-10-06 06:46:00,31200.0,100.0,2198900.0
599,2021-10-06 06:46:00,31200.0,800.0,2198800.0
600,2021-10-06 06:46:00,31200.0,200.0,2198000.0
601,2021-10-06 06:46:00,31200.0,3000.0,2197800.0
602,2021-10-06 06:45:55,31200.0,10000.0,2194800.0
603,2021-10-06 06:45:51,31200.0,200.0,2184800.0
604,2021-10-06 06:45:49,31200.0,10000.0,2184600.0
605,2021-10-06 06:45:48,31200.0,4000.0,2174600.0
606,2021-10-06 06:45:45,31200.0,10000.0,2170600.0
607,2021-10-06 06:45:42,31200.0,1100.0,2160600.0
608,2021-10-06 06:45:41,31200.0,500.0,2159500.0
609,2021-10-06 06:45:40,31200.0,200.0,2159000.0
610,2021-10-06 06:45:39,31200.0,400.0,2158800.0
611,2021-10-06 06:45:36,31200.0,10000.0,2158400.0
612,2021-10-06 06:45:26,31200.0,100.0,2148400.0
613,2021-10-06 06:45:19,31200.0,500.0,2148300.0
614,2021-10-06 06:44:49,31200.0,100.0,2147800.0
615,2021-10-06 06:44:49,31200.0,100.0,2147700.0
616,2021-10-06 06:44:39,31200.0,2000.0,2147600.0
617,2021-10-06 06:44:34,31200.0,100.0,2145600.0
618,2021-10-06 06:44:23,31200.0,900.0,2145500.0
619,2021-10-06 06:44:23,31200.0,100.0,2144600.0
620,2021-10-06 06:44:16,31200.0,500.0,2144500.0
621,2021-10-06 06:43:25,31200.0,200.0,2144000.0
622,2021-10-06 06:43:25,31200.0,800.0,2143800.0
623,2021-10-06 06:43:17,31150.0,500.0,2143000.0
624,2021-10-06 06:42:51,31150.0,1000.0,2142500.0
625,2021-10-06 06:42:51,31150.0,7300.0,2141500.0
626,2021-10-06 06:42:48,31150.0,1000.0,2134200.0
627,2021-10-06 06:42:44,31150.0,100.0,2133200.0
628,2021-10-06 06:42:41,31150.0,300.0,2133100.0
629,2021-10-06 06:42:38,31150.0,1800.0,2132800.0
630,2021-10-06 06:42:37,31150.0,500.0,2131000.0
631,2021-10-06 06:42:24,31150.0,500.0,2130500.0
632,2021-10-06 06:42:21,31100.0,1800.0,2130000.0
633,2021-10-06 06:42:19,31150.0,500.0,2128200.0
634,2021-10-06 06:42:15,31150.0,400.0,2127700.0
635,2021-10-06 06:42:10,31150.0,100.0,2127300.0
636,2021-10-06 06:42:10,31100.0,100.0,2127200.0
637,2021-10-06 06:42:10,31100.0,500.0,2127100.0
638,2021-10-06 06:42:10,31100.0,500.0,2126600.0
639,2021-10-06 06:42:10,31100.0,100.0,2126100.0
640,2021-10-06 06:42:10,31100.0,200.0,2126000.0
641,2021-10-06 06:42:10,31100.0,100.0,2125800.0
642,2021-10-06 06:42:08,31150.0,100.0,2125700.0
643,2021-10-06 06:42:08,31150.0,200.0,2125600.0
644,2021-10-06 06:42:08,31150.0,100.0,2125400.0
645,2021-10-06 06:42:08,31150.0,200.0,2125300.0
646,2021-10-06 06:42:08,31150.0,100.0,2125100.0
647,2021-10-06 06:42:08,31150.0,10000.0,2125000.0
648,2021-10-06 06:42:08,31150.0,200.0,2115000.0
649,2021-10-06 06:42:08,31150.0,100.0,2114800.0
650,2021-10-06 06:42:08,31150.0,100.0,2114700.0
651,2021-10-06 06:42:08,31150.0,100.0,2114600.0
652,2021-10-06 06:42:08,31150.0,1000.0,2114500.0
653,2021-10-06 06:42:08,31150.0,200.0,2113500.0
654,2021-10-06 06:42:08,31150.0,1000.0,2113300.0
655,2021-10-06 06:42:08,31150.0,3000.0,2112300.0
656,2021-10-06 06:42:08,31150.0,500.0,2109300.0
657,2021-10-06 06:42:08,31150.0,5000.0,2108800.0
658,2021-10-06 06:42:08,31150.0,18300.0,2103800.0
659,2021-10-06 06:42:08,31150.0,1000.0,2085500.0
660,2021-10-06 06:42:08,31150.0,200.0,2084500.0
661,2021-10-06 06:42:08,31150.0,200.0,2084300.0
662,2021-10-06 06:42:08,31150.0,400.0,2084100.0
663,2021-10-06 06:42:08,31150.0,800.0,2083700.0
664,2021-10-06 06:42:08,31150.0,2000.0,2082900.0
665,2021-10-06 06:42:08,31150.0,200.0,2080900.0
666,2021-10-06 06:42:08,31150.0,500.0,2080700.0
667,2021-10-06 06:42:08,31150.0,100.0,2080200.0
668,2021-10-06 06:42:08,31150.0,3000.0,2080100.0
669,2021-10-06 06:42:08,31150.0,200.0,2077100.0
670,2021-10-06 06:42:08,31150.0,500.0,2076900.0
671,2021-10-06 06:42:08,31150.0,1000.0,2076400.0
672,2021-10-06 06:42:08,31150.0,100.0,2075400.0
673,2021-10-06 06:42:08,31150.0,2000.0,2075300.0
674,2021-10-06 06:42:08,31150.0,100.0,2073300.0
675,2021-10-06 06:42:08,31150.0,200.0,2073200.0
676,2021-10-06 06:42:08,31150.0,100.0,2073000.0
677,2021-10-06 06:42:08,31150.0,300.0,2072900.0
678,2021-10-06 06:42:08,31150.0,6600.0,2072600.0
679,2021-10-06 06:42:08,31150.0,300.0,2066000.0
680,2021-10-06 06:42:08,31150.0,10000.0,2065700.0
681,2021-10-06 06:42:08,31150.0,200.0,2055700.0
682,2021-10-06 06:42:08,31150.0,500.0,2055500.0
683,2021-10-06 06:42:08,31150.0,100.0,2055000.0
684,2021-10-06 06:42:08,31150.0,100.0,2054900.0
685,2021-10-06 06:42:08,31150.0,100.0,2054800.0
686,2021-10-06 06:42:08,31150.0,1000.0,2054700.0
687,2021-10-06 06:42:08,31150.0,1000.0,2053700.0
688,2021-10-06 06:42:08,31150.0,500.0,2052700.0
689,2021-10-06 06:42:08,31150.0,100.0,2052200.0
690,2021-10-06 06:42:08,31150.0,1000.0,2052100.0
691,2021-10-06 06:42:08,31150.0,100.0,2051100.0
692,2021-10-06 06:42:08,31150.0,100.0,2051000.0
693,2021-10-06 06:42:08,31150.0,3000.0,2050900.0
694,2021-10-06 06:42:08,31150.0,3000.0,2047900.0
695,2021-10-06 06:42:08,31150.0,300.0,2044900.0
696,2021-10-06 06:42:08,31150.0,100.0,2044600.0
697,2021-10-06 06:42:08,31150.0,500.0,2044500.0
698,2021-10-06 06:42:08,31150.0,100.0,2044000.0
699,2021-10-06 06:42:08,31150.0,100.0,2043900.0
700,2021-10-06 06:42:08,31150.0,1000.0,2043800.0
701,2021-10-06 06:42:08,31150.0,100.0,2042800.0
702,2021-10-06 06:42:08,31150.0,100.0,2042700.0
703,2021-10-06 06:42:08,31150.0,200.0,2042600.0
704,2021-10-06 06:42:08,31150.0,100.0,2042400.0
705,2021-10-06 06:42:08,31150.0,4100.0,2042300.0
706,2021-10-06 06:41:46,31150.0,1800.0,2038200.0
707,2021-10-06 06:41:39,31150.0,1700.0,2036400.0
708,2021-10-06 06:41:36,31200.0,500.0,2034700.0
709,2021-10-06 06:41:26,31200.0,1000.0,2034200.0
710,2021-10-06 06:41:26,31150.0,1800.0,2033200.0
711,2021-10-06 06:41:21,31200.0,100.0,2031400.0
712,2021-10-06 06:41:20,31200.0,300.0,2031300.0
713,2021-10-06 06:41:13,31200.0,200.0,2031000.0
714,2021-10-06 06:41:13,31200.0,100.0,2030800.0
715,2021-10-06 06:41:00,31200.0,900.0,2030700.0
716,2021-10-06 06:41:00,31200.0,100.0,2029800.0
717,2021-10-06 06:41:00,31200.0,500.0,2029700.0
718,2021-10-06 06:41:00,31200.0,300.0,2029200.0
719,2021-10-06 06:40:43,31200.0,200.0,2028900.0
720,2021-10-06 06:40:43,31200.0,2000.0,2028700.0
721,2021-10-06 06:40:43,31200.0,100.0,2026700.0
722,2021-10-06 06:40:43,31200.0,200.0,2026600.0
723,2021-10-06 06:40:34,31250.0,400.0,2026400.0
724,2021-10-06 06:40:25,31200.0,1000.0,2026000.0
725,2021-10-06 06:40:23,31250.0,100.0,2025000.0
726,2021-10-06 06:40:11,31250.0,100.0,2024900.0
727,2021-10-06 06:40:11,31250.0,300.0,2024800.0
728,2021-10-06 06:40:07,31200.0,200.0,2024500.0
729,2021-10-06 06:40:07,31200.0,100.0,2024300.0
730,2021-10-06 06:40:07,31200.0,500.0,2024200.0
731,2021-10-06 06:40:07,31200.0,100.0,2023700.0
732,2021-10-06 06:40:07,31200.0,100.0,2023600.0
733,2021-10-06 06:40:07,31200.0,100.0,2023500.0
734,2021-10-06 06:40:07,31200.0,1900.0,2023400.0
735,2021-10-06 06:40:03,31200.0,2300.0,2021500.0
736,2021-10-06 06:40:03,31200.0,300.0,2019200.0
737,2021-10-06 06:40:03,31200.0,400.0,2018900.0
738,2021-10-06 06:40:03,31200.0,300.0,2018500.0
739,2021-10-06 06:40:03,31200.0,100.0,2018200.0
740,2021-10-06 06:40:03,31200.0,100.0,2018100.0
741,2021-10-06 06:40:03,31200.0,200.0,2018000.0
742,2021-10-06 06:40:03,31200.0,1200.0,2017800.0
743,2021-10-06 06:39:52,31200.0,100.0,2016600.0
744,2021-10-06 06:39:48,31200.0,1600.0,2016500.0
745,2021-10-06 06:39:38,31200.0,1500.0,2014900.0
746,2021-10-06 06:39:34,31250.0,1000.0,2013400.0
747,2021-10-06 06:39:22,31250.0,300.0,2012400.0
748,2021-10-06 06:39:17,31250.0,100.0,2012100.0
749,2021-10-06 06:38:51,31200.0,1200.0,2012000.0
750,2021-10-06 06:38:35,31200.0,500.0,2010800.0
751,2021-10-06 06:38:34,31250.0,100.0,2010300.0
752,2021-10-06 06:38:08,31250.0,200.0,2010200.0
753,2021-10-06 06:37:34,31250.0,800.0,2010000.0
754,2021-10-06 06:36:44,31300.0,200.0,2009200.0
755,2021-10-06 06:36:20,31300.0,100.0,2009000.0
756,2021-10-06 06:36:17,31200.0,1400.0,2008900.0
757,2021-10-06 06:35:43,31300.0,300.0,2007500.0
758,2021-10-06 06:35:07,31300.0,100.0,2007200.0
759,2021-10-06 06:34:42,31200.0,200.0,2007100.0
760,2021-10-06 06:34:37,31300.0,100.0,2006900.0
761,2021-10-06 06:34:33,31200.0,2000.0,2006800.0
762,2021-10-06 06:34:14,31200.0,300.0,2004800.0
763,2021-10-06 06:34:14,31200.0,100.0,2004500.0
764,2021-10-06 06:34:14,31200.0,200.0,2004400.0
765,2021-10-06 06:34:14,31200.0,500.0,2004200.0
766,2021-10-06 06:34:14,31200.0,100.0,2003700.0
767,2021-10-06 06:34:14,31200.0,100.0,2003600.0
768,2021-10-06 06:34:14,31200.0,200.0,2003500.0
769,2021-10-06 06:34:14,31200.0,400.0,2003300.0
770,2021-10-06 06:34:14,31250.0,100.0,2002900.0
771,2021-10-06 06:33:35,31300.0,100.0,2002800.0
772,2021-10-06 06:33:21,31300.0,100.0,2002700.0
773,2021-10-06 06:32:45,31200.0,500.0,2002600.0
774,2021-10-06 06:32:45,31200.0,100.0,2002100.0
775,2021-10-06 06:32:42,31200.0,100.0,2002000.0
776,2021-10-06 06:32:37,31200.0,800.0,2001900.0
777,2021-10-06 06:32:37,31200.0,200.0,2001100.0
778,2021-10-06 06:32:37,31200.0,200.0,2000900.0
779,2021-10-06 06:32:37,31200.0,400.0,2000700.0
780,2021-10-06 06:32:37,31150.0,100.0,2000300.0
781,2021-10-06 06:32:09,31150.0,500.0,2000200.0
782,2021-10-06 06:32:09,31150.0,1500.0,1999700.0
783,2021-10-06 06:32:01,31150.0,1500.0,1998200.0
784,2021-10-06 06:31:57,31150.0,100.0,1996700.0
785,2021-10-06 06:31:57,31200.0,100.0,1996600.0
786,2021-10-06 06:31:57,31200.0,3000.0,1996500.0
787,2021-10-06 06:31:57,31200.0,100.0,1993500.0
788,2021-10-06 06:31:57,31200.0,100.0,1993400.0
789,2021-10-06 06:31:57,31200.0,2000.0,1993300.0
790,2021-10-06 06:31:57,31200.0,1000.0,1991300.0
791,2021-10-06 06:31:57,31200.0,100.0,1990300.0
792,2021-10-06 06:31:57,31200.0,300.0,1990200.0
793,2021-10-06 06:31:57,31200.0,100.0,1989900.0
794,2021-10-06 06:31:57,31200.0,200.0,1989800.0
795,2021-10-06 06:31:57,31200.0,500.0,1989600.0
796,2021-10-06 06:31:57,31200.0,600.0,1989100.0
797,2021-10-06 06:31:57,31200.0,800.0,1988500.0
798,2021-10-06 06:31:57,31200.0,1100.0,1987700.0
799,2021-10-06 06:31:49,31150.0,1900.0,1986600.0
800,2021-10-06 06:31:49,31150.0,100.0,1984700.0
801,2021-10-06 06:31:49,31150.0,100.0,1984600.0
802,2021-10-06 06:31:40,31200.0,100.0,1984500.0
803,2021-10-06 06:31:34,31200.0,800.0,1984400.0
804,2021-10-06 06:31:14,31200.0,100.0,1983600.0
805,2021-10-06 06:31:08,31200.0,100.0,1983500.0
806,2021-10-06 06:30:52,31200.0,1100.0,1983400.0
807,2021-10-06 06:30:50,31200.0,200.0,1982300.0
808,2021-10-06 06:30:29,31200.0,300.0,1982100.0
809,2021-10-06 06:30:28,31200.0,500.0,1981800.0
810,2021-10-06 06:30:20,31150.0,900.0,1981300.0
811,2021-10-06 06:30:20,31150.0,100.0,1980400.0
812,2021-10-06 06:30:13,31200.0,200.0,1980300.0
813,2021-10-06 06:30:11,31200.0,100.0,1980100.0
814,2021-10-06 06:29:00,31150.0,900.0,1980000.0
815,2021-10-06 06:29:00,31150.0,600.0,1979100.0
816,2021-10-06 06:28:49,31150.0,400.0,1978500.0
817,2021-10-06 06:28:49,31150.0,1000.0,1978100.0
818,2021-10-06 06:28:49,31150.0,100.0,1977100.0
819,2021-10-06 06:28:39,31150.0,300.0,1977000.0
820,2021-10-06 06:28:39,31150.0,1500.0,1976700.0
821,2021-10-06 06:28:29,31150.0,100.0,1975200.0
822,2021-10-06 06:28:03,31150.0,1800.0,1975100.0
823,2021-10-06 06:27:54,31150.0,400.0,1973300.0
824,2021-10-06 06:27:54,31200.0,400.0,1972900.0
825,2021-10-06 06:27:53,31150.0,2200.0,1972500.0
826,2021-10-06 06:27:42,31150.0,1800.0,1970300.0
827,2021-10-06 06:27:30,31150.0,1500.0,1968500.0
828,2021-10-06 06:27:29,31200.0,3000.0,1967000.0
829,2021-10-06 06:27:28,31200.0,1000.0,1964000.0
830,2021-10-06 06:27:13,31150.0,2300.0,1963000.0
831,2021-10-06 06:27:02,31150.0,2600.0,1960700.0
832,2021-10-06 06:26:54,31200.0,1000.0,1958100.0
833,2021-10-06 06:26:52,31150.0,100.0,1957100.0
834,2021-10-06 06:26:50,31150.0,2200.0,1957000.0
835,2021-10-06 06:26:48,31150.0,100.0,1954800.0
836,2021-10-06 06:26:36,31150.0,2300.0,1954700.0
837,2021-10-06 06:26:30,31150.0,1100.0,1952400.0
838,2021-10-06 06:26:30,31150.0,100.0,1951300.0
839,2021-10-06 06:26:30,31150.0,100.0,1951200.0
840,2021-10-06 06:26:30,31150.0,2000.0,1951100.0
841,2021-10-06 06:26:30,31150.0,700.0,1949100.0
842,2021-10-06 06:26:26,31150.0,300.0,1948400.0
843,2021-10-06 06:26:26,31150.0,200.0,1948100.0
844,2021-10-06 06:26:09,31150.0,1000.0,1947900.0
845,2021-10-06 06:26:09,31150.0,200.0,1946900.0
846,2021-10-06 06:26:09,31150.0,100.0,1946700.0
847,2021-10-06 06:26:09,31150.0,100.0,1946600.0
848,2021-10-06 06:26:09,31150.0,100.0,1946500.0
849,2021-10-06 06:26:09,31150.0,300.0,1946400.0
850,2021-10-06 06:25:56,31150.0,100.0,1946100.0
851,2021-10-06 06:25:46,31150.0,600.0,1946000.0
852,2021-10-06 06:25:46,31150.0,100.0,1945400.0
853,2021-10-06 06:25:46,31150.0,800.0,1945300.0
854,2021-10-06 06:25:37,31150.0,200.0,1944500.0
855,2021-10-06 06:25:37,31150.0,100.0,1944300.0
856,2021-10-06 06:25:37,31150.0,2000.0,1944200.0
857,2021-10-06 06:25:31,31150.0,3700.0,1942200.0
858,2021-10-06 06:25:31,31200.0,300.0,1938500.0
859,2021-10-06 06:25:25,31150.0,1800.0,1938200.0
860,2021-10-06 06:25:14,31150.0,2500.0,1936400.0
861,2021-10-06 06:25:03,31150.0,1500.0,1933900.0
862,2021-10-06 06:25:01,31200.0,100.0,1932400.0
863,2021-10-06 06:24:55,31150.0,2600.0,1932300.0
864,2021-10-06 06:24:45,31150.0,2000.0,1929700.0
865,2021-10-06 06:24:36,31150.0,2300.0,1927700.0
866,2021-10-06 06:24:24,31200.0,2000.0,1925400.0
867,2021-10-06 06:24:24,31200.0,500.0,1923400.0
868,2021-10-06 06:24:08,31150.0,1500.0,1922900.0
869,2021-10-06 06:24:08,31200.0,100.0,1921400.0
870,2021-10-06 06:24:08,31200.0,1000.0,1921300.0
871,2021-10-06 06:24:04,31200.0,1000.0,1920300.0
872,2021-10-06 06:23:53,31150.0,1500.0,1919300.0
873,2021-10-06 06:23:44,31150.0,2300.0,1917800.0
874,2021-10-06 06:23:35,31150.0,2000.0,1915500.0
875,2021-10-06 06:23:21,31150.0,1500.0,1913500.0
876,2021-10-06 06:23:13,31150.0,2600.0,1912000.0
877,2021-10-06 06:23:03,31150.0,200.0,1909400.0
878,2021-10-06 06:23:03,31150.0,1000.0,1909200.0
879,2021-10-06 06:23:03,31150.0,100.0,1908200.0
880,2021-10-06 06:23:03,31150.0,100.0,1908100.0
881,2021-10-06 06:23:03,31150.0,100.0,1908000.0
882,2021-10-06 06:22:52,31150.0,200.0,1907900.0
883,2021-10-06 06:22:52,31150.0,100.0,1907700.0
884,2021-10-06 06:22:52,31150.0,300.0,1907600.0
885,2021-10-06 06:22:52,31200.0,100.0,1907300.0
886,2021-10-06 06:22:52,31200.0,200.0,1907200.0
887,2021-10-06 06:22:52,31200.0,100.0,1907000.0
888,2021-10-06 06:22:52,31200.0,1500.0,1906900.0
889,2021-10-06 06:22:52,31200.0,1500.0,1905400.0
890,2021-10-06 06:22:52,31200.0,100.0,1903900.0
891,2021-10-06 06:22:52,31200.0,500.0,1903800.0
892,2021-10-06 06:22:52,31200.0,20000.0,1903300.0
893,2021-10-06 06:22:52,31200.0,100.0,1883300.0
894,2021-10-06 06:22:52,31200.0,100.0,1883200.0
895,2021-10-06 06:22:52,31200.0,200.0,1883100.0
896,2021-10-06 06:22:52,31200.0,1000.0,1882900.0
897,2021-10-06 06:22:52,31200.0,15000.0,1881900.0
898,2021-10-06 06:22:52,31200.0,500.0,1866900.0
899,2021-10-06 06:22:52,31200.0,500.0,1866400.0
900,2021-10-06 06:22:52,31200.0,500.0,1865900.0
901,2021-10-06 06:22:52,31200.0,500.0,1865400.0
902,2021-10-06 06:22:52,31200.0,100.0,1864900.0
903,2021-10-06 06:22:52,31200.0,500.0,1864800.0
904,2021-10-06 06:22:52,31200.0,1000.0,1864300.0
905,2021-10-06 06:22:52,31200.0,100.0,1863300.0
906,2021-10-06 06:22:52,31200.0,100.0,1863200.0
907,2021-10-06 06:22:52,31200.0,7700.0,1863100.0
908,2021-10-06 06:22:44,31200.0,2600.0,1855400.0
909,2021-10-06 06:22:32,31200.0,1700.0,1852800.0
910,2021-10-06 06:22:32,31200.0,100.0,1851100.0
911,2021-10-06 06:22:25,31200.0,2300.0,1851000.0
912,2021-10-06 06:22:12,31200.0,2600.0,1848700.0
913,2021-10-06 06:22:08,31200.0,2000.0,1846100.0
914,2021-10-06 06:22:04,31200.0,2000.0,1844100.0
915,2021-10-06 06:21:53,31200.0,1500.0,1842100.0
916,2021-10-06 06:21:42,31200.0,2300.0,1840600.0
917,2021-10-06 06:21:33,31200.0,2500.0,1838300.0
918,2021-10-06 06:21:23,31200.0,2300.0,1835800.0
919,2021-10-06 06:21:14,31200.0,400.0,1833500.0
920,2021-10-06 06:21:14,31200.0,1000.0,1833100.0
921,2021-10-06 06:21:14,31200.0,200.0,1832100.0
922,2021-10-06 06:21:14,31200.0,1000.0,1831900.0
923,2021-10-06 06:21:08,31200.0,100.0,1830900.0
924,2021-10-06 06:21:04,31200.0,900.0,1830800.0
925,2021-10-06 06:21:04,31200.0,100.0,1829900.0
926,2021-10-06 06:21:04,31200.0,100.0,1829800.0
927,2021-10-06 06:21:04,31200.0,500.0,1829700.0
928,2021-10-06 06:21:04,31200.0,100.0,1829200.0
929,2021-10-06 06:20:56,31300.0,100.0,1829100.0
930,2021-10-06 06:20:55,31200.0,2100.0,1829000.0
931,2021-10-06 06:20:55,31200.0,100.0,1826900.0
932,2021-10-06 06:20:55,31200.0,100.0,1826800.0
933,2021-10-06 06:20:43,31200.0,200.0,1826700.0
934,2021-10-06 06:20:43,31200.0,500.0,1826500.0
935,2021-10-06 06:20:43,31200.0,700.0,1826000.0
936,2021-10-06 06:20:43,31250.0,1000.0,1825300.0
937,2021-10-06 06:20:43,31250.0,100.0,1824300.0
938,2021-10-06 06:20:41,31300.0,500.0,1824200.0
939,2021-10-06 06:20:34,31300.0,500.0,1823700.0
940,2021-10-06 06:20:31,31200.0,2600.0,1823200.0
941,2021-10-06 06:20:28,31300.0,100.0,1820600.0
942,2021-10-06 06:20:25,31200.0,1800.0,1820500.0
943,2021-10-06 06:20:15,31300.0,1800.0,1818700.0
944,2021-10-06 06:20:12,31200.0,3000.0,1816900.0
945,2021-10-06 06:20:09,31200.0,2000.0,1813900.0
946,2021-10-06 06:20:01,31200.0,2000.0,1811900.0
947,2021-10-06 06:19:50,31200.0,1800.0,1809900.0
948,2021-10-06 06:19:41,31200.0,1500.0,1808100.0
949,2021-10-06 06:19:22,31200.0,2600.0,1806600.0
950,2021-10-06 06:19:09,31200.0,1500.0,1804000.0
951,2021-10-06 06:19:04,31200.0,5000.0,1802500.0
952,2021-10-06 06:19:01,31200.0,10000.0,1797500.0
953,2021-10-06 06:18:59,31200.0,2000.0,1787500.0
954,2021-10-06 06:18:57,31200.0,1000.0,1785500.0
955,2021-10-06 06:18:53,31200.0,2000.0,1784500.0
956,2021-10-06 06:18:52,31200.0,1000.0,1782500.0
957,2021-10-06 06:18:49,31200.0,500.0,1781500.0
958,2021-10-06 06:18:39,31200.0,100.0,1781000.0
959,2021-10-06 06:18:24,31200.0,2500.0,1780900.0
960,2021-10-06 06:17:46,31200.0,100.0,1778400.0
961,2021-10-06 06:17:25,31200.0,1800.0,1778300.0
962,2021-10-06 06:17:22,31200.0,4500.0,1776500.0
963,2021-10-06 06:17:18,31300.0,100.0,1772000.0
964,2021-10-06 06:17:09,31250.0,200.0,1771900.0
965,2021-10-06 06:16:56,31200.0,200.0,1771700.0
966,2021-10-06 06:16:56,31200.0,1000.0,1771500.0
967,2021-10-06 06:16:56,31200.0,100.0,1770500.0
968,2021-10-06 06:16:56,31200.0,200.0,1770400.0
969,2021-10-06 06:16:56,31200.0,200.0,1770200.0
970,2021-10-06 06:16:56,31200.0,100.0,1770000.0
971,2021-10-06 06:16:56,31200.0,700.0,1769900.0
972,2021-10-06 06:16:46,31200.0,300.0,1769200.0
973,2021-10-06 06:16:46,31200.0,300.0,1768900.0
974,2021-10-06 06:16:36,31200.0,100.0,1768600.0
975,2021-10-06 06:16:36,31200.0,200.0,1768500.0
976,2021-10-06 06:16:36,31200.0,100.0,1768300.0
977,2021-10-06 06:16:36,31200.0,1400.0,1768200.0
978,2021-10-06 06:16:35,31200.0,600.0,1766800.0
979,2021-10-06 06:16:35,31200.0,200.0,1766200.0
980,2021-10-06 06:16:35,31200.0,100.0,1766000.0
981,2021-10-06 06:16:35,31200.0,600.0,1765900.0
982,2021-10-06 06:16:33,31200.0,400.0,1765300.0
983,2021-10-06 06:16:33,31200.0,100.0,1764900.0
984,2021-10-06 06:16:33,31200.0,100.0,1764800.0
985,2021-10-06 06:16:33,31200.0,100.0,1764700.0
986,2021-10-06 06:16:33,31200.0,200.0,1764600.0
987,2021-10-06 06:16:33,31200.0,200.0,1764400.0
988,2021-10-06 06:16:33,31200.0,100.0,1764200.0
989,2021-10-06 06:16:33,31200.0,100.0,1764100.0
990,2021-10-06 06:16:33,31200.0,600.0,1764000.0
991,2021-10-06 06:16:29,31200.0,400.0,1763400.0
992,2021-10-06 06:16:29,31200.0,1000.0,1763000.0
993,2021-10-06 06:16:29,31200.0,200.0,1762000.0
994,2021-10-06 06:16:29,31200.0,100.0,1761800.0
995,2021-10-06 06:16:29,31200.0,100.0,1761700.0
996,2021-10-06 06:16:29,31200.0,100.0,1761600.0
997,2021-10-06 06:16:29,31200.0,100.0,1761500.0
998,2021-10-06 06:16:29,31200.0,100.0,1761400.0
999,2021-10-06 06:16:29,31200.0,1000.0,1761300.0
1000,2021-10-06 06:16:29,31200.0,500.0,1760300.0
1001,2021-10-06 06:16:29,31200.0,700.0,1759800.0
1002,2021-10-06 06:16:15,31200.0,2300.0,1759100.0
1003,2021-10-06 06:16:15,31250.0,500.0,1756800.0
1004,2021-10-06 06:16:04,31250.0,2500.0,1756300.0
1005,2021-10-06 06:15:59,31200.0,700.0,1753800.0
1006,2021-10-06 06:15:58,31200.0,100.0,1753100.0
1007,2021-10-06 06:15:53,31200.0,2300.0,1753000.0
1008,2021-10-06 06:15:42,31200.0,200.0,1750700.0
1009,2021-10-06 06:15:40,31200.0,1500.0,1750500.0
1010,2021-10-06 06:15:38,31200.0,10000.0,1749000.0
1011,2021-10-06 06:15:28,31200.0,2200.0,1739000.0
1012,2021-10-06 06:15:28,31200.0,100.0,1736800.0
1013,2021-10-06 06:15:28,31200.0,100.0,1736700.0
1014,2021-10-06 06:15:28,31200.0,200.0,1736600.0
1015,2021-10-06 06:15:22,31200.0,100.0,1736400.0
1016,2021-10-06 06:15:20,31200.0,200.0,1736300.0
1017,2021-10-06 06:15:20,31200.0,300.0,1736100.0
1018,2021-10-06 06:15:20,31200.0,300.0,1735800.0
1019,2021-10-06 06:15:20,31200.0,200.0,1735500.0
1020,2021-10-06 06:15:20,31200.0,1000.0,1735300.0
1021,2021-10-06 06:15:20,31200.0,100.0,1734300.0
1022,2021-10-06 06:15:16,31200.0,100.0,1734200.0
1023,2021-10-06 06:15:16,31200.0,100.0,1734100.0
1024,2021-10-06 06:15:16,31200.0,100.0,1734000.0
1025,2021-10-06 06:15:16,31200.0,100.0,1733900.0
1026,2021-10-06 06:15:16,31200.0,200.0,1733800.0
1027,2021-10-06 06:15:16,31200.0,100.0,1733600.0
1028,2021-10-06 06:15:16,31200.0,100.0,1733500.0
1029,2021-10-06 06:15:16,31200.0,1000.0,1733400.0
1030,2021-10-06 06:15:16,31200.0,100.0,1732400.0
1031,2021-10-06 06:15:16,31200.0,100.0,1732300.0
1032,2021-10-06 06:15:13,31200.0,100.0,1732200.0
1033,2021-10-06 06:15:10,31200.0,1400.0,1732100.0
1034,2021-10-06 06:15:08,31200.0,500.0,1730700.0
1035,2021-10-06 06:15:08,31200.0,100.0,1730200.0
1036,2021-10-06 06:15:08,31200.0,100.0,1730100.0
1037,2021-10-06 06:15:08,31200.0,700.0,1730000.0
1038,2021-10-06 06:15:08,31200.0,300.0,1729300.0
1039,2021-10-06 06:15:08,31200.0,100.0,1729000.0
1040,2021-10-06 06:15:08,31200.0,200.0,1728900.0
1041,2021-10-06 06:15:08,31200.0,300.0,1728700.0
1042,2021-10-06 06:14:56,31200.0,200.0,1728400.0
1043,2021-10-06 06:14:56,31200.0,2000.0,1728200.0
1044,2021-10-06 06:14:56,31200.0,300.0,1726200.0
1045,2021-10-06 06:14:56,31200.0,1000.0,1725900.0
1046,2021-10-06 06:14:56,31200.0,200.0,1724900.0
1047,2021-10-06 06:14:56,31200.0,100.0,1724700.0
1048,2021-10-06 06:14:56,31200.0,1000.0,1724600.0
1049,2021-10-06 06:14:56,31200.0,1000.0,1723600.0
1050,2021-10-06 06:14:56,31200.0,500.0,1722600.0
1051,2021-10-06 06:14:56,31200.0,200.0,1722100.0
1052,2021-10-06 06:14:56,31200.0,100.0,1721900.0
1053,2021-10-06 06:14:56,31200.0,100.0,1721800.0
1054,2021-10-06 06:14:56,31200.0,200.0,1721700.0
1055,2021-10-06 06:14:56,31200.0,100.0,1721500.0
1056,2021-10-06 06:14:56,31200.0,100.0,1721400.0
1057,2021-10-06 06:14:56,31200.0,100.0,1721300.0
1058,2021-10-06 06:14:56,31200.0,1000.0,1721200.0
1059,2021-10-06 06:14:56,31200.0,100.0,1720200.0
1060,2021-10-06 06:14:45,31200.0,200.0,1720100.0
1061,2021-10-06 06:14:45,31200.0,100.0,1719900.0
1062,2021-10-06 06:14:45,31200.0,1700.0,1719800.0
1063,2021-10-06 06:14:45,31200.0,2000.0,1718100.0
1064,2021-10-06 06:14:38,31200.0,300.0,1716100.0
1065,2021-10-06 06:14:38,31200.0,100.0,1715800.0
1066,2021-10-06 06:14:38,31200.0,200.0,1715700.0
1067,2021-10-06 06:14:38,31250.0,1000.0,1715500.0
1068,2021-10-06 06:14:38,31250.0,200.0,1714500.0
1069,2021-10-06 06:14:37,31250.0,4000.0,1714300.0
1070,2021-10-06 06:14:27,31250.0,2000.0,1710300.0
1071,2021-10-06 06:14:21,31250.0,40000.0,1708300.0
1072,2021-10-06 06:14:17,31250.0,2100.0,1668300.0
1073,2021-10-06 06:14:05,31250.0,1500.0,1666200.0
1074,2021-10-06 06:14:00,31250.0,200.0,1664700.0
1075,2021-10-06 06:13:56,31200.0,500.0,1664500.0
1076,2021-10-06 06:13:56,31200.0,100.0,1664000.0
1077,2021-10-06 06:13:56,31200.0,200.0,1663900.0
1078,2021-10-06 06:13:56,31200.0,500.0,1663700.0
1079,2021-10-06 06:13:56,31200.0,100.0,1663200.0
1080,2021-10-06 06:13:56,31200.0,400.0,1663100.0
1081,2021-10-06 06:13:46,31200.0,1600.0,1662700.0
1082,2021-10-06 06:13:46,31200.0,200.0,1661100.0
1083,2021-10-06 06:13:46,31200.0,200.0,1660900.0
1084,2021-10-06 06:13:46,31200.0,100.0,1660700.0
1085,2021-10-06 06:13:46,31250.0,100.0,1660600.0
1086,2021-10-06 06:13:43,31250.0,100.0,1660500.0
1087,2021-10-06 06:13:43,31250.0,1000.0,1660400.0
1088,2021-10-06 06:13:43,31250.0,100.0,1659400.0
1089,2021-10-06 06:13:43,31250.0,100.0,1659300.0
1090,2021-10-06 06:13:43,31250.0,1600.0,1659200.0
1091,2021-10-06 06:13:43,31250.0,100.0,1657600.0
1092,2021-10-06 06:13:15,31250.0,900.0,1657500.0
1093,2021-10-06 06:13:15,31250.0,400.0,1656600.0
1094,2021-10-06 06:13:04,31300.0,100.0,1656200.0
1095,2021-10-06 06:12:56,31250.0,49600.0,1656100.0
1096,2021-10-06 06:12:56,31250.0,100.0,1606500.0
1097,2021-10-06 06:12:56,31250.0,1000.0,1606400.0
1098,2021-10-06 06:12:56,31250.0,5000.0,1605400.0
1099,2021-10-06 06:12:56,31250.0,200.0,1600400.0
1100,2021-10-06 06:12:56,31250.0,100.0,1600200.0
1101,2021-10-06 06:12:56,31250.0,100.0,1600100.0
1102,2021-10-06 06:12:56,31250.0,100.0,1600000.0
1103,2021-10-06 06:12:56,31250.0,100.0,1599900.0
1104,2021-10-06 06:12:56,31250.0,2000.0,1599800.0
1105,2021-10-06 06:12:56,31250.0,100.0,1597800.0
1106,2021-10-06 06:12:56,31250.0,200.0,1597700.0
1107,2021-10-06 06:12:56,31250.0,500.0,1597500.0
1108,2021-10-06 06:12:56,31250.0,200.0,1597000.0
1109,2021-10-06 06:12:56,31250.0,200.0,1596800.0
1110,2021-10-06 06:12:56,31250.0,5000.0,1596600.0
1111,2021-10-06 06:12:56,31250.0,1000.0,1591600.0
1112,2021-10-06 06:12:56,31250.0,100.0,1590600.0
1113,2021-10-06 06:12:56,31250.0,100.0,1590500.0
1114,2021-10-06 06:12:56,31250.0,100.0,1590400.0
1115,2021-10-06 06:12:56,31250.0,300.0,1590300.0
1116,2021-10-06 06:12:56,31250.0,300.0,1590000.0
1117,2021-10-06 06:12:56,31250.0,5000.0,1589700.0
1118,2021-10-06 06:12:56,31250.0,200.0,1584700.0
1119,2021-10-06 06:12:56,31250.0,8100.0,1584500.0
1120,2021-10-06 06:12:56,31250.0,1000.0,1576400.0
1121,2021-10-06 06:12:56,31250.0,300.0,1575400.0
1122,2021-10-06 06:12:56,31250.0,100.0,1575100.0
1123,2021-10-06 06:12:56,31250.0,100.0,1575000.0
1124,2021-10-06 06:12:56,31250.0,200.0,1574900.0
1125,2021-10-06 06:12:56,31250.0,100.0,1574700.0
1126,2021-10-06 06:12:56,31250.0,1900.0,1574600.0
1127,2021-10-06 06:12:56,31250.0,200.0,1572700.0
1128,2021-10-06 06:12:56,31250.0,5000.0,1572500.0
1129,2021-10-06 06:12:56,31250.0,100.0,1567500.0
1130,2021-10-06 06:12:56,31250.0,1000.0,1567400.0
1131,2021-10-06 06:12:56,31250.0,400.0,1566400.0
1132,2021-10-06 06:12:56,31250.0,100.0,1566000.0
1133,2021-10-06 06:12:56,31250.0,300.0,1565900.0
1134,2021-10-06 06:12:56,31250.0,200.0,1565600.0
1135,2021-10-06 06:12:56,31250.0,9300.0,1565400.0
1136,2021-10-06 06:11:36,31300.0,100.0,1556100.0
1137,2021-10-06 06:11:19,31300.0,200.0,1556000.0
1138,2021-10-06 06:11:14,31250.0,700.0,1555800.0
1139,2021-10-06 06:11:14,31250.0,200.0,1555100.0
1140,2021-10-06 06:10:50,31300.0,300.0,1554900.0
1141,2021-10-06 06:10:28,31300.0,200.0,1554600.0
1142,2021-10-06 06:10:24,31300.0,100.0,1554400.0
1143,2021-10-06 06:10:11,31300.0,4600.0,1554300.0
1144,2021-10-06 06:10:11,31300.0,500.0,1549700.0
1145,2021-10-06 06:10:11,31300.0,4900.0,1549200.0
1146,2021-10-06 06:09:44,31300.0,1000.0,1544300.0
1147,2021-10-06 06:09:42,31300.0,100.0,1543300.0
1148,2021-10-06 06:09:36,31250.0,100.0,1543200.0
1149,2021-10-06 06:09:36,31250.0,300.0,1543100.0
1150,2021-10-06 06:09:36,31250.0,100.0,1542800.0
1151,2021-10-06 06:09:26,31300.0,300.0,1542700.0
1152,2021-10-06 06:09:05,31300.0,100.0,1542400.0
1153,2021-10-06 06:09:03,31300.0,200.0,1542300.0
1154,2021-10-06 06:09:02,31300.0,100.0,1542100.0
1155,2021-10-06 06:08:59,31300.0,100.0,1542000.0
1156,2021-10-06 06:08:59,31300.0,100.0,1541900.0
1157,2021-10-06 06:08:59,31300.0,100.0,1541800.0
1158,2021-10-06 06:08:59,31300.0,200.0,1541700.0
1159,2021-10-06 06:08:59,31300.0,100.0,1541500.0
1160,2021-10-06 06:08:59,31300.0,100.0,1541400.0
1161,2021-10-06 06:08:59,31300.0,1000.0,1541300.0
1162,2021-10-06 06:08:59,31300.0,100.0,1540300.0
1163,2021-10-06 06:08:59,31300.0,200.0,1540200.0
1164,2021-10-06 06:08:59,31300.0,100.0,1540000.0
1165,2021-10-06 06:08:59,31300.0,100.0,1539900.0
1166,2021-10-06 06:08:59,31300.0,1000.0,1539800.0
1167,2021-10-06 06:08:59,31300.0,2300.0,1538800.0
1168,2021-10-06 06:08:59,31300.0,1500.0,1536500.0
1169,2021-10-06 06:08:59,31300.0,100.0,1535000.0
1170,2021-10-06 06:08:59,31300.0,100.0,1534900.0
1171,2021-10-06 06:08:59,31300.0,1600.0,1534800.0
1172,2021-10-06 06:08:59,31300.0,200.0,1533200.0
1173,2021-10-06 06:08:59,31300.0,100.0,1533000.0
1174,2021-10-06 06:08:59,31300.0,1100.0,1532900.0
1175,2021-10-06 06:08:42,31300.0,4900.0,1531800.0
1176,2021-10-06 06:08:42,31300.0,500.0,1526900.0
1177,2021-10-06 06:08:42,31300.0,2000.0,1526400.0
1178,2021-10-06 06:08:42,31300.0,200.0,1524400.0
1179,2021-10-06 06:08:42,31300.0,100.0,1524200.0
1180,2021-10-06 06:08:42,31300.0,200.0,1524100.0
1181,2021-10-06 06:08:42,31300.0,7100.0,1523900.0
1182,2021-10-06 06:08:33,31300.0,10000.0,1516800.0
1183,2021-10-06 06:08:06,31300.0,2900.0,1506800.0
1184,2021-10-06 06:08:06,31300.0,100.0,1503900.0
1185,2021-10-06 06:07:57,31300.0,100.0,1503800.0
1186,2021-10-06 06:07:57,31300.0,1000.0,1503700.0
1187,2021-10-06 06:07:57,31300.0,900.0,1502700.0
1188,2021-10-06 06:07:55,31300.0,100.0,1501800.0
1189,2021-10-06 06:07:55,31300.0,500.0,1501700.0
1190,2021-10-06 06:07:55,31300.0,100.0,1501200.0
1191,2021-10-06 06:07:55,31300.0,1600.0,1501100.0
1192,2021-10-06 06:07:46,31300.0,1000.0,1499500.0
1193,2021-10-06 06:07:43,31300.0,400.0,1498500.0
1194,2021-10-06 06:07:43,31300.0,800.0,1498100.0
1195,2021-10-06 06:07:43,31300.0,300.0,1497300.0
1196,2021-10-06 06:07:31,31300.0,200.0,1497000.0
1197,2021-10-06 06:07:31,31300.0,2000.0,1496800.0
1198,2021-10-06 06:07:31,31300.0,200.0,1494800.0
1199,2021-10-06 06:07:31,31300.0,100.0,1494600.0
1200,2021-10-06 06:07:31,31300.0,100.0,1494500.0
1201,2021-10-06 06:07:20,31300.0,1000.0,1494400.0
1202,2021-10-06 06:07:19,31300.0,500.0,1493400.0
1203,2021-10-06 06:07:19,31300.0,500.0,1492900.0
1204,2021-10-06 06:07:19,31300.0,100.0,1492400.0
1205,2021-10-06 06:07:19,31300.0,200.0,1492300.0
1206,2021-10-06 06:07:19,31300.0,300.0,1492100.0
1207,2021-10-06 06:07:19,31300.0,700.0,1491800.0
1208,2021-10-06 06:06:39,31300.0,1300.0,1491100.0
1209,2021-10-06 06:06:39,31300.0,100.0,1489800.0
1210,2021-10-06 06:06:39,31300.0,700.0,1489700.0
1211,2021-10-06 06:06:39,31300.0,100.0,1489000.0
1212,2021-10-06 06:06:32,31350.0,100.0,1488900.0
1213,2021-10-06 06:05:41,31350.0,1000.0,1488800.0
1214,2021-10-06 06:05:21,31350.0,300.0,1487800.0
1215,2021-10-06 06:04:46,31350.0,100.0,1487500.0
1216,2021-10-06 06:04:42,31350.0,1000.0,1487400.0
1217,2021-10-06 06:04:35,31350.0,200.0,1486400.0
1218,2021-10-06 06:04:15,31350.0,100.0,1486200.0
1219,2021-10-06 06:02:39,31300.0,100.0,1486100.0
1220,2021-10-06 06:02:39,31300.0,100.0,1486000.0
1221,2021-10-06 06:02:16,31300.0,400.0,1485900.0
1222,2021-10-06 06:02:16,31300.0,200.0,1485500.0
1223,2021-10-06 06:02:16,31300.0,900.0,1485300.0
1224,2021-10-06 06:01:54,31300.0,100.0,1484400.0
1225,2021-10-06 06:01:54,31300.0,100.0,1484300.0
1226,2021-10-06 06:01:54,31300.0,100.0,1484200.0
1227,2021-10-06 06:01:54,31300.0,700.0,1484100.0
1228,2021-10-06 06:01:04,31300.0,1900.0,1483400.0
1229,2021-10-06 06:00:45,31350.0,100.0,1481500.0
1230,2021-10-06 06:00:30,31350.0,200.0,1481400.0
1231,2021-10-06 06:00:30,31350.0,1600.0,1481200.0
1232,2021-10-06 06:00:25,31350.0,400.0,1479600.0
1233,2021-10-06 06:00:21,31350.0,500.0,1479200.0
1234,2021-10-06 06:00:20,31350.0,300.0,1478700.0
1235,2021-10-06 06:00:20,31350.0,200.0,1478400.0
1236,2021-10-06 06:00:17,31350.0,9900.0,1478200.0
1237,2021-10-06 06:00:17,31350.0,100.0,1468300.0
1238,2021-10-06 06:00:16,31350.0,100.0,1468200.0
1239,2021-10-06 06:00:14,31350.0,2000.0,1468100.0
1240,2021-10-06 06:00:12,31350.0,300.0,1466100.0
1241,2021-10-06 06:00:12,31350.0,100.0,1465800.0
1242,2021-10-06 06:00:10,31350.0,100.0,1465700.0
1243,2021-10-06 06:00:10,31350.0,100.0,1465600.0
1244,2021-10-06 06:00:09,31300.0,2000.0,1465500.0
1245,2021-10-06 06:00:08,31350.0,100.0,1463500.0
1246,2021-10-06 06:00:05,31350.0,100.0,1463400.0
1247,2021-10-06 06:00:04,31300.0,5400.0,1463300.0
1248,2021-10-06 06:00:04,31300.0,100.0,1457900.0
1249,2021-10-06 06:00:04,31300.0,200.0,1457800.0
1250,2021-10-06 06:00:04,31300.0,100.0,1457600.0
1251,2021-10-06 06:00:04,31300.0,100.0,1457500.0
1252,2021-10-06 06:00:04,31300.0,300.0,1457400.0
1253,2021-10-06 06:00:04,31300.0,100.0,1457100.0
1254,2021-10-06 06:00:04,31300.0,100.0,1457000.0
1255,2021-10-06 06:00:04,31300.0,1000.0,1456900.0
1256,2021-10-06 06:00:04,31300.0,200.0,1455900.0
1257,2021-10-06 06:00:04,31300.0,100.0,1455700.0
1258,2021-10-06 06:00:04,31300.0,200.0,1455600.0
1259,2021-10-06 06:00:04,31300.0,200.0,1455400.0
1260,2021-10-06 06:00:04,31300.0,100.0,1455200.0
1261,2021-10-06 06:00:04,31300.0,1000.0,1455100.0
1262,2021-10-06 06:00:04,31300.0,100.0,1454100.0
1263,2021-10-06 06:00:04,31300.0,100.0,1454000.0
1264,2021-10-06 06:00:04,31300.0,100.0,1453900.0
1265,2021-10-06 06:00:04,31300.0,100.0,1453800.0
1266,2021-10-06 06:00:04,31300.0,200.0,1453700.0
1267,2021-10-06 06:00:04,31300.0,200.0,1453500.0
1268,2021-10-06 06:00:04,31300.0,200.0,1453300.0
1269,2021-10-06 06:00:04,31300.0,300.0,1453100.0
1270,2021-10-06 06:00:04,31300.0,500.0,1452800.0
1271,2021-10-06 06:00:04,31300.0,100.0,1452300.0
1272,2021-10-06 06:00:04,31300.0,1000.0,1452200.0
1273,2021-10-06 06:00:04,31300.0,200.0,1451200.0
1274,2021-10-06 06:00:04,31300.0,5000.0,1451000.0
1275,2021-10-06 06:00:04,31300.0,100.0,1446000.0
1276,2021-10-06 06:00:04,31300.0,200.0,1445900.0
1277,2021-10-06 06:00:04,31300.0,1000.0,1445700.0
1278,2021-10-06 06:00:04,31300.0,1000.0,1444700.0
1279,2021-10-06 06:00:04,31300.0,2000.0,1443700.0
1280,2021-10-06 06:00:04,31300.0,300.0,1441700.0
1281,2021-10-06 06:00:04,31300.0,100.0,1441400.0
1282,2021-10-06 06:00:04,31300.0,100.0,1441300.0
1283,2021-10-06 06:00:04,31300.0,200.0,1441200.0
1284,2021-10-06 06:00:04,31300.0,500.0,1441000.0
1285,2021-10-06 06:00:04,31300.0,100.0,1440500.0
1286,2021-10-06 06:00:04,31300.0,200.0,1440400.0
1287,2021-10-06 06:00:04,31300.0,100.0,1440200.0
1288,2021-10-06 06:00:04,31300.0,1000.0,1440100.0
1289,2021-10-06 06:00:04,31300.0,200.0,1439100.0
1290,2021-10-06 06:00:04,31300.0,200.0,1438900.0
1291,2021-10-06 06:00:04,31300.0,1000.0,1438700.0
1292,2021-10-06 06:00:04,31300.0,1000.0,1437700.0
1293,2021-10-06 06:00:04,31300.0,100.0,1436700.0
1294,2021-10-06 06:00:04,31300.0,100.0,1436600.0
1295,2021-10-06 06:00:04,31300.0,100.0,1436500.0
1296,2021-10-06 06:00:04,31300.0,1000.0,1436400.0
1297,2021-10-06 06:00:04,31300.0,100.0,1435400.0
1298,2021-10-06 06:00:04,31300.0,200.0,1435300.0
1299,2021-10-06 06:00:04,31300.0,100.0,1435100.0
1300,2021-10-06 06:00:04,31300.0,500.0,1435000.0
1301,2021-10-06 06:00:04,31300.0,100.0,1434500.0
1302,2021-10-06 06:00:04,31300.0,1100.0,1434400.0
1303,2021-10-06 06:00:04,31350.0,100.0,1433300.0
1304,2021-10-06 06:00:03,31300.0,200.0,1433200.0
1305,2021-10-06 06:00:03,31300.0,300.0,1433000.0
1306,2021-10-06 06:00:03,31350.0,300.0,1432700.0
1307,2021-10-06 06:00:01,31350.0,2000.0,1432400.0
1308,2021-10-06 06:00:00,31350.0,4600.0,1430400.0
1309,2021-10-06 06:00:00,31350.0,4000.0,1425800.0
1310,2021-10-06 06:00:00,31300.0,100.0,1421800.0
1311,2021-10-06 06:00:00,31350.0,300.0,1421700.0
1312,2021-10-06 06:00:00,31350.0,300.0,1421400.0
1313,2021-10-06 04:29:53,31350.0,5000.0,1421100.0
1314,2021-10-06 04:29:36,31350.0,100.0,1416100.0
1315,2021-10-06 04:28:55,31350.0,300.0,1416000.0
1316,2021-10-06 04:28:55,31350.0,200.0,1415700.0
1317,2021-10-06 04:28:18,31350.0,400.0,1415500.0
1318,2021-10-06 04:27:10,31350.0,100.0,1415100.0
1319,2021-10-06 04:25:19,31350.0,100.0,1415000.0
1320,2021-10-06 04:23:54,31300.0,100.0,1414900.0
1321,2021-10-06 04:23:38,31350.0,100.0,1414800.0
1322,2021-10-06 04:23:36,31350.0,100.0,1414700.0
1323,2021-10-06 04:23:36,31350.0,200.0,1414600.0
1324,2021-10-06 04:23:36,31350.0,900.0,1414400.0
1325,2021-10-06 04:23:36,31350.0,8800.0,1413500.0
1326,2021-10-06 04:22:44,31350.0,100.0,1404700.0
1327,2021-10-06 04:22:26,31350.0,100.0,1404600.0
1328,2021-10-06 04:22:14,31350.0,1000.0,1404500.0
1329,2021-10-06 04:22:04,31300.0,100.0,1403500.0
1330,2021-10-06 04:21:51,31350.0,200.0,1403400.0
1331,2021-10-06 04:20:38,31350.0,700.0,1403200.0
1332,2021-10-06 04:20:19,31350.0,200.0,1402500.0
1333,2021-10-06 04:20:05,31350.0,100.0,1402300.0
1334,2021-10-06 04:19:59,31350.0,500.0,1402200.0
1335,2021-10-06 04:19:11,31350.0,200.0,1401700.0
1336,2021-10-06 04:18:46,31350.0,200.0,1401500.0
1337,2021-10-06 04:18:46,31350.0,100.0,1401300.0
1338,2021-10-06 04:18:46,31350.0,900.0,1401200.0
1339,2021-10-06 04:16:43,31350.0,100.0,1400300.0
1340,2021-10-06 04:16:43,31350.0,500.0,1400200.0
1341,2021-10-06 04:16:43,31350.0,300.0,1399700.0
1342,2021-10-06 04:16:43,31350.0,100.0,1399400.0
1343,2021-10-06 04:16:22,31350.0,500.0,1399300.0
1344,2021-10-06 04:15:33,31350.0,400.0,1398800.0
1345,2021-10-06 04:15:17,31350.0,200.0,1398400.0
1346,2021-10-06 04:15:17,31350.0,100.0,1398200.0
1347,2021-10-06 04:15:17,31350.0,300.0,1398100.0
1348,2021-10-06 04:14:51,31350.0,3000.0,1397800.0
1349,2021-10-06 04:14:37,31350.0,200.0,1394800.0
1350,2021-10-06 04:12:57,31350.0,1000.0,1394600.0
1351,2021-10-06 04:12:57,31350.0,500.0,1393600.0
1352,2021-10-06 04:12:57,31350.0,500.0,1393100.0
1353,2021-10-06 04:12:57,31350.0,7100.0,1392600.0
1354,2021-10-06 04:12:34,31350.0,1500.0,1385500.0
1355,2021-10-06 04:11:36,31350.0,100.0,1384000.0
1356,2021-10-06 04:11:16,31350.0,100.0,1383900.0
1357,2021-10-06 04:11:12,31350.0,500.0,1383800.0
1358,2021-10-06 04:11:07,31350.0,500.0,1383300.0
1359,2021-10-06 04:11:06,31350.0,200.0,1382800.0
1360,2021-10-06 04:11:04,31300.0,1300.0,1382600.0
1361,2021-10-06 04:10:36,31350.0,200.0,1381300.0
1362,2021-10-06 04:10:24,31300.0,1800.0,1381100.0
1363,2021-10-06 04:10:24,31300.0,1000.0,1379300.0
1364,2021-10-06 04:10:24,31300.0,1000.0,1378300.0
1365,2021-10-06 04:10:24,31300.0,700.0,1377300.0
1366,2021-10-06 04:10:24,31300.0,200.0,1376600.0
1367,2021-10-06 04:10:24,31300.0,300.0,1376400.0
1368,2021-10-06 04:10:22,31300.0,100.0,1376100.0
1369,2021-10-06 04:10:22,31300.0,200.0,1376000.0
1370,2021-10-06 04:10:22,31300.0,400.0,1375800.0
1371,2021-10-06 04:10:22,31300.0,800.0,1375400.0
1372,2021-10-06 04:09:53,31350.0,2000.0,1374600.0
1373,2021-10-06 04:09:49,31350.0,100.0,1372600.0
1374,2021-10-06 04:09:49,31350.0,500.0,1372500.0
1375,2021-10-06 04:09:49,31350.0,2000.0,1372000.0
1376,2021-10-06 04:09:49,31350.0,200.0,1370000.0
1377,2021-10-06 04:09:49,31350.0,29800.0,1369800.0
1378,2021-10-06 04:09:30,31350.0,200.0,1340000.0
1379,2021-10-06 04:09:04,31400.0,200.0,1339800.0
1380,2021-10-06 04:09:01,31400.0,100.0,1339600.0
1381,2021-10-06 04:08:42,31350.0,1000.0,1339500.0
1382,2021-10-06 04:08:41,31350.0,1000.0,1338500.0
1383,2021-10-06 04:07:32,31350.0,6000.0,1337500.0
1384,2021-10-06 04:07:16,31350.0,2000.0,1331500.0
1385,2021-10-06 04:06:31,31400.0,100.0,1329500.0
1386,2021-10-06 04:06:19,31400.0,100.0,1329400.0
1387,2021-10-06 04:06:04,31400.0,500.0,1329300.0
1388,2021-10-06 04:04:45,31350.0,1000.0,1328800.0
1389,2021-10-06 04:04:28,31350.0,200.0,1327800.0
1390,2021-10-06 04:03:21,31350.0,1000.0,1327600.0
1391,2021-10-06 04:03:02,31350.0,1000.0,1326600.0
1392,2021-10-06 04:03:01,31350.0,400.0,1325600.0
1393,2021-10-06 04:03:01,31350.0,100.0,1325200.0
1394,2021-10-06 04:03:01,31350.0,100.0,1325100.0
1395,2021-10-06 04:03:01,31350.0,1000.0,1325000.0
1396,2021-10-06 04:03:01,31350.0,200.0,1324000.0
1397,2021-10-06 04:03:01,31350.0,1200.0,1323800.0
1398,2021-10-06 04:03:01,31350.0,3000.0,1322600.0
1399,2021-10-06 04:03:01,31350.0,800.0,1319600.0
1400,2021-10-06 04:02:20,31350.0,300.0,1318800.0
1401,2021-10-06 04:01:47,31350.0,100.0,1318500.0
1402,2021-10-06 04:00:39,31300.0,200.0,1318400.0
1403,2021-10-06 04:00:39,31300.0,1000.0,1318200.0
1404,2021-10-06 03:59:38,31300.0,800.0,1317200.0
1405,2021-10-06 03:59:37,31300.0,2000.0,1316400.0
1406,2021-10-06 03:59:13,31300.0,1000.0,1314400.0
1407,2021-10-06 03:59:10,31350.0,100.0,1313400.0
1408,2021-10-06 03:59:10,31350.0,100.0,1313300.0
1409,2021-10-06 03:59:10,31350.0,3000.0,1313200.0
1410,2021-10-06 03:59:10,31350.0,900.0,1310200.0
1411,2021-10-06 03:59:10,31350.0,500.0,1309300.0
1412,2021-10-06 03:57:16,31350.0,500.0,1308800.0
1413,2021-10-06 03:57:16,31350.0,200.0,1308300.0
1414,2021-10-06 03:57:16,31350.0,800.0,1308100.0
1415,2021-10-06 03:57:16,31350.0,100.0,1307300.0
1416,2021-10-06 03:57:16,31350.0,4000.0,1307200.0
1417,2021-10-06 03:57:16,31350.0,100.0,1303200.0
1418,2021-10-06 03:57:04,31350.0,200.0,1303100.0
1419,2021-10-06 03:55:28,31350.0,100.0,1302900.0
1420,2021-10-06 03:54:26,31350.0,200.0,1302800.0
1421,2021-10-06 03:54:16,31350.0,100.0,1302600.0
1422,2021-10-06 03:54:14,31300.0,200.0,1302500.0
1423,2021-10-06 03:54:14,31300.0,200.0,1302300.0
1424,2021-10-06 03:54:03,31350.0,800.0,1302100.0
1425,2021-10-06 03:54:03,31350.0,100.0,1301300.0
1426,2021-10-06 03:54:03,31350.0,200.0,1301200.0
1427,2021-10-06 03:54:03,31350.0,20000.0,1301000.0
1428,2021-10-06 03:54:03,31350.0,2000.0,1281000.0
1429,2021-10-06 03:54:03,31350.0,1000.0,1279000.0
1430,2021-10-06 03:54:03,31350.0,500.0,1278000.0
1431,2021-10-06 03:54:03,31350.0,4700.0,1277500.0
1432,2021-10-06 03:53:59,31350.0,300.0,1272800.0
1433,2021-10-06 03:53:59,31350.0,1700.0,1272500.0
1434,2021-10-06 03:53:51,31350.0,800.0,1270800.0
1435,2021-10-06 03:53:51,31350.0,200.0,1270000.0
1436,2021-10-06 03:53:44,31350.0,100.0,1269800.0
1437,2021-10-06 03:53:34,31400.0,300.0,1269700.0
1438,2021-10-06 03:52:45,31400.0,100.0,1269400.0
1439,2021-10-06 03:52:20,31400.0,300.0,1269300.0
1440,2021-10-06 03:52:20,31400.0,300.0,1269000.0
1441,2021-10-06 03:52:20,31400.0,400.0,1268700.0
1442,2021-10-06 03:51:35,31400.0,200.0,1268300.0
1443,2021-10-06 03:51:35,31400.0,100.0,1268100.0
1444,2021-10-06 03:51:05,31400.0,100.0,1268000.0
1445,2021-10-06 03:51:05,31400.0,400.0,1267900.0
1446,2021-10-06 03:50:50,31400.0,100.0,1267500.0
1447,2021-10-06 03:50:34,31400.0,100.0,1267400.0
1448,2021-10-06 03:50:30,31400.0,200.0,1267300.0
1449,2021-10-06 03:50:23,31400.0,200.0,1267100.0
1450,2021-10-06 03:50:23,31400.0,1000.0,1266900.0
1451,2021-10-06 03:50:23,31400.0,200.0,1265900.0
1452,2021-10-06 03:50:16,31400.0,300.0,1265700.0
1453,2021-10-06 03:49:49,31350.0,700.0,1265400.0
1454,2021-10-06 03:49:42,31350.0,100.0,1264700.0
1455,2021-10-06 03:48:43,31350.0,500.0,1264600.0
1456,2021-10-06 03:48:23,31350.0,100.0,1264100.0
1457,2021-10-06 03:48:22,31400.0,500.0,1264000.0
1458,2021-10-06 03:48:22,31400.0,100.0,1263500.0
1459,2021-10-06 03:48:22,31400.0,600.0,1263400.0
1460,2021-10-06 03:48:22,31400.0,300.0,1262800.0
1461,2021-10-06 03:48:22,31400.0,300.0,1262500.0
1462,2021-10-06 03:48:22,31400.0,3200.0,1262200.0
1463,2021-10-06 03:48:11,31400.0,800.0,1259000.0
1464,2021-10-06 03:47:51,31350.0,200.0,1258200.0
1465,2021-10-06 03:47:38,31400.0,300.0,1258000.0
1466,2021-10-06 03:46:46,31350.0,100.0,1257700.0
1467,2021-10-06 03:46:46,31350.0,100.0,1257600.0
1468,2021-10-06 03:46:46,31350.0,100.0,1257500.0
1469,2021-10-06 03:46:22,31350.0,400.0,1257400.0
1470,2021-10-06 03:46:22,31350.0,100.0,1257000.0
1471,2021-10-06 03:45:33,31350.0,400.0,1256900.0
1472,2021-10-06 03:45:33,31350.0,200.0,1256500.0
1473,2021-10-06 03:45:33,31350.0,100.0,1256300.0
1474,2021-10-06 03:45:33,31350.0,500.0,1256200.0
1475,2021-10-06 03:45:33,31350.0,100.0,1255700.0
1476,2021-10-06 03:45:33,31350.0,400.0,1255600.0
1477,2021-10-06 03:45:33,31350.0,200.0,1255200.0
1478,2021-10-06 03:45:33,31350.0,300.0,1255000.0
1479,2021-10-06 03:45:33,31350.0,100.0,1254700.0
1480,2021-10-06 03:45:33,31350.0,100.0,1254600.0
1481,2021-10-06 03:45:33,31350.0,1000.0,1254500.0
1482,2021-10-06 03:45:33,31350.0,100.0,1253500.0
1483,2021-10-06 03:45:33,31350.0,400.0,1253400.0
1484,2021-10-06 03:45:33,31350.0,200.0,1253000.0
1485,2021-10-06 03:45:33,31350.0,100.0,1252800.0
1486,2021-10-06 03:45:33,31350.0,800.0,1252700.0
1487,2021-10-06 03:45:01,31350.0,100.0,1251900.0
1488,2021-10-06 03:45:01,31350.0,100.0,1251800.0
1489,2021-10-06 03:44:30,31350.0,100.0,1251700.0
1490,2021-10-06 03:43:59,31350.0,1000.0,1251600.0
1491,2021-10-06 03:43:28,31350.0,200.0,1250600.0
1492,2021-10-06 03:42:41,31350.0,100.0,1250400.0
1493,2021-10-06 03:42:41,31350.0,100.0,1250300.0
1494,2021-10-06 03:42:41,31350.0,200.0,1250200.0
1495,2021-10-06 03:42:41,31350.0,900.0,1250000.0
1496,2021-10-06 03:42:24,31350.0,100.0,1249100.0
1497,2021-10-06 03:42:20,31350.0,1000.0,1249000.0
1498,2021-10-06 03:42:20,31350.0,400.0,1248000.0
1499,2021-10-06 03:42:20,31350.0,100.0,1247600.0
1500,2021-10-06 03:42:20,31350.0,1000.0,1247500.0
1501,2021-10-06 03:42:03,31350.0,500.0,1246500.0
1502,2021-10-06 03:41:55,31350.0,200.0,1246000.0
1503,2021-10-06 03:41:55,31350.0,300.0,1245800.0
1504,2021-10-06 03:41:55,31350.0,200.0,1245500.0
1505,2021-10-06 03:41:55,31350.0,100.0,1245300.0
1506,2021-10-06 03:41:55,31350.0,300.0,1245200.0
1507,2021-10-06 03:41:55,31350.0,400.0,1244900.0
1508,2021-10-06 03:41:33,31350.0,100.0,1244500.0
1509,2021-10-06 03:41:33,31350.0,100.0,1244400.0
1510,2021-10-06 03:41:33,31350.0,900.0,1244300.0
1511,2021-10-06 03:41:26,31350.0,300.0,1243400.0
1512,2021-10-06 03:41:25,31350.0,300.0,1243100.0
1513,2021-10-06 03:41:18,31350.0,1000.0,1242800.0
1514,2021-10-06 03:41:08,31350.0,3000.0,1241800.0
1515,2021-10-06 03:41:01,31350.0,1000.0,1238800.0
1516,2021-10-06 03:40:01,31350.0,3000.0,1237800.0
1517,2021-10-06 03:39:49,31350.0,1000.0,1234800.0
1518,2021-10-06 03:39:35,31350.0,2800.0,1233800.0
1519,2021-10-06 03:39:02,31400.0,100.0,1231000.0
1520,2021-10-06 03:38:59,31400.0,100.0,1230900.0
1521,2021-10-06 03:38:27,31400.0,500.0,1230800.0
1522,2021-10-06 03:37:50,31400.0,700.0,1230300.0
1523,2021-10-06 03:37:45,31350.0,400.0,1229600.0
1524,2021-10-06 03:37:28,31350.0,1000.0,1229200.0
1525,2021-10-06 03:37:12,31400.0,1000.0,1228200.0
1526,2021-10-06 03:37:02,31400.0,200.0,1227200.0
1527,2021-10-06 03:36:42,31400.0,2000.0,1227000.0
1528,2021-10-06 03:35:55,31400.0,3000.0,1225000.0
1529,2021-10-06 03:35:52,31350.0,100.0,1222000.0
1530,2021-10-06 03:35:47,31350.0,200.0,1221900.0
1531,2021-10-06 03:35:47,31350.0,100.0,1221700.0
1532,2021-10-06 03:35:47,31350.0,200.0,1221600.0
1533,2021-10-06 03:35:20,31350.0,600.0,1221400.0
1534,2021-10-06 03:34:48,31400.0,1000.0,1220800.0
1535,2021-10-06 03:33:05,31350.0,3200.0,1219800.0
1536,2021-10-06 03:33:05,31350.0,700.0,1216600.0
1537,2021-10-06 03:32:31,31350.0,100.0,1215900.0
1538,2021-10-06 03:32:17,31400.0,400.0,1215800.0
1539,2021-10-06 03:32:13,31400.0,100.0,1215400.0
1540,2021-10-06 03:31:53,31400.0,100.0,1215300.0
1541,2021-10-06 03:31:52,31400.0,100.0,1215200.0
1542,2021-10-06 03:31:44,31400.0,600.0,1215100.0
1543,2021-10-06 03:31:28,31400.0,200.0,1214500.0
1544,2021-10-06 03:30:45,31400.0,1000.0,1214300.0
1545,2021-10-06 03:30:29,31350.0,100.0,1213300.0
1546,2021-10-06 03:30:29,31350.0,200.0,1213200.0
1547,2021-10-06 03:30:29,31350.0,500.0,1213000.0
1548,2021-10-06 03:30:29,31350.0,100.0,1212500.0
1549,2021-10-06 03:30:29,31350.0,200.0,1212400.0
1550,2021-10-06 03:30:29,31350.0,100.0,1212200.0
1551,2021-10-06 03:30:27,31350.0,400.0,1212100.0
1552,2021-10-06 03:30:27,31350.0,600.0,1211700.0
1553,2021-10-06 03:30:07,31350.0,1000.0,1211100.0
1554,2021-10-06 03:29:16,31350.0,100.0,1210100.0
1555,2021-10-06 03:28:49,31350.0,400.0,1210000.0
1556,2021-10-06 03:28:48,31350.0,1200.0,1209600.0
1557,2021-10-06 03:28:47,31350.0,100.0,1208400.0
1558,2021-10-06 03:28:18,31350.0,200.0,1208300.0
1559,2021-10-06 03:27:10,31350.0,1300.0,1208100.0
1560,2021-10-06 03:26:22,31350.0,100.0,1206800.0
1561,2021-10-06 03:26:18,31350.0,100.0,1206700.0
1562,2021-10-06 03:25:59,31400.0,200.0,1206600.0
1563,2021-10-06 03:25:41,31350.0,900.0,1206400.0
1564,2021-10-06 03:25:41,31350.0,100.0,1205500.0
1565,2021-10-06 03:25:41,31350.0,900.0,1205400.0
1566,2021-10-06 03:25:41,31350.0,300.0,1204500.0
1567,2021-10-06 03:25:41,31350.0,800.0,1204200.0
1568,2021-10-06 03:25:32,31350.0,400.0,1203400.0
1569,2021-10-06 03:24:00,31350.0,1700.0,1203000.0
1570,2021-10-06 03:23:53,31350.0,100.0,1201300.0
1571,2021-10-06 03:23:47,31350.0,100.0,1201200.0
1572,2021-10-06 03:23:47,31350.0,200.0,1201100.0
1573,2021-10-06 03:23:47,31350.0,100.0,1200900.0
1574,2021-10-06 03:23:47,31350.0,100.0,1200800.0
1575,2021-10-06 03:23:47,31350.0,100.0,1200700.0
1576,2021-10-06 03:23:47,31350.0,200.0,1200600.0
1577,2021-10-06 03:23:47,31350.0,100.0,1200400.0
1578,2021-10-06 03:23:47,31350.0,100.0,1200300.0
1579,2021-10-06 03:23:47,31350.0,100.0,1200200.0
1580,2021-10-06 03:23:11,31350.0,100.0,1200100.0
1581,2021-10-06 03:23:11,31350.0,1000.0,1200000.0
1582,2021-10-06 03:23:11,31350.0,500.0,1199000.0
1583,2021-10-06 03:23:11,31350.0,100.0,1198500.0
1584,2021-10-06 03:23:11,31350.0,200.0,1198400.0
1585,2021-10-06 03:23:11,31350.0,300.0,1198200.0
1586,2021-10-06 03:23:11,31350.0,400.0,1197900.0
1587,2021-10-06 03:23:11,31350.0,100.0,1197500.0
1588,2021-10-06 03:23:11,31350.0,100.0,1197400.0
1589,2021-10-06 03:23:11,31350.0,200.0,1197300.0
1590,2021-10-06 03:23:08,31350.0,500.0,1197100.0
1591,2021-10-06 03:22:42,31350.0,300.0,1196600.0
1592,2021-10-06 03:22:38,31350.0,1000.0,1196300.0
1593,2021-10-06 03:22:38,31350.0,200.0,1195300.0
1594,2021-10-06 03:22:38,31350.0,100.0,1195100.0
1595,2021-10-06 03:22:38,31350.0,1200.0,1195000.0
1596,2021-10-06 03:21:21,31350.0,8800.0,1193800.0
1597,2021-10-06 03:21:21,31350.0,300.0,1185000.0
1598,2021-10-06 03:21:21,31350.0,100.0,1184700.0
1599,2021-10-06 03:21:21,31350.0,100.0,1184600.0
1600,2021-10-06 03:21:21,31350.0,100.0,1184500.0
1601,2021-10-06 03:21:21,31350.0,500.0,1184400.0
1602,2021-10-06 03:21:21,31350.0,100.0,1183900.0
1603,2021-10-06 03:21:19,31400.0,100.0,1183800.0
1604,2021-10-06 03:20:16,31400.0,200.0,1183700.0
1605,2021-10-06 03:19:55,31400.0,200.0,1183500.0
1606,2021-10-06 03:18:18,31400.0,500.0,1183300.0
1607,2021-10-06 03:18:05,31400.0,100.0,1182800.0
1608,2021-10-06 03:17:52,31400.0,100.0,1182700.0
1609,2021-10-06 03:17:14,31400.0,500.0,1182600.0
1610,2021-10-06 03:17:05,31400.0,200.0,1182100.0
1611,2021-10-06 03:17:05,31400.0,1000.0,1181900.0
1612,2021-10-06 03:17:05,31400.0,200.0,1180900.0
1613,2021-10-06 03:17:05,31400.0,200.0,1180700.0
1614,2021-10-06 03:17:05,31400.0,300.0,1180500.0
1615,2021-10-06 03:17:05,31400.0,800.0,1180200.0
1616,2021-10-06 03:17:05,31400.0,1000.0,1179400.0
1617,2021-10-06 03:16:58,31400.0,200.0,1178400.0
1618,2021-10-06 03:16:58,31400.0,300.0,1178200.0
1619,2021-10-06 03:16:23,31400.0,500.0,1177900.0
1620,2021-10-06 03:16:14,31450.0,100.0,1177400.0
1621,2021-10-06 03:15:55,31450.0,300.0,1177300.0
1622,2021-10-06 03:15:55,31450.0,600.0,1177000.0
1623,2021-10-06 03:15:55,31450.0,100.0,1176400.0
1624,2021-10-06 03:15:55,31450.0,100.0,1176300.0
1625,2021-10-06 03:15:55,31450.0,200.0,1176200.0
1626,2021-10-06 03:15:55,31450.0,800.0,1176000.0
1627,2021-10-06 03:15:55,31450.0,100.0,1175200.0
1628,2021-10-06 03:15:55,31450.0,100.0,1175100.0
1629,2021-10-06 03:15:55,31450.0,500.0,1175000.0
1630,2021-10-06 03:15:55,31450.0,100.0,1174500.0
1631,2021-10-06 03:15:55,31450.0,4100.0,1174400.0
1632,2021-10-06 03:15:53,31450.0,500.0,1170300.0
1633,2021-10-06 03:15:51,31450.0,400.0,1169800.0
1634,2021-10-06 03:15:51,31450.0,600.0,1169400.0
1635,2021-10-06 03:15:51,31450.0,10000.0,1168800.0
1636,2021-10-06 03:15:24,31450.0,600.0,1158800.0
1637,2021-10-06 03:14:59,31450.0,300.0,1158200.0
1638,2021-10-06 03:14:54,31500.0,100.0,1157900.0
1639,2021-10-06 03:14:28,31450.0,100.0,1157800.0
1640,2021-10-06 03:13:41,31500.0,200.0,1157700.0
1641,2021-10-06 03:13:01,31500.0,100.0,1157500.0
1642,2021-10-06 03:13:00,31450.0,100.0,1157400.0
1643,2021-10-06 03:12:52,31450.0,2000.0,1157300.0
1644,2021-10-06 03:12:49,31450.0,100.0,1155300.0
1645,2021-10-06 03:12:49,31450.0,100.0,1155200.0
1646,2021-10-06 03:12:31,31450.0,1000.0,1155100.0
1647,2021-10-06 03:11:58,31450.0,5000.0,1154100.0
1648,2021-10-06 03:11:58,31450.0,1000.0,1149100.0
1649,2021-10-06 03:11:53,31450.0,700.0,1148100.0
1650,2021-10-06 03:11:38,31450.0,100.0,1147400.0
1651,2021-10-06 03:11:35,31450.0,900.0,1147300.0
1652,2021-10-06 03:11:35,31500.0,300.0,1146400.0
1653,2021-10-06 03:11:35,31500.0,700.0,1146100.0
1654,2021-10-06 03:11:32,31450.0,900.0,1145400.0
1655,2021-10-06 03:11:29,31450.0,900.0,1144500.0
1656,2021-10-06 03:11:26,31450.0,900.0,1143600.0
1657,2021-10-06 03:11:23,31450.0,900.0,1142700.0
1658,2021-10-06 03:11:21,31500.0,300.0,1141800.0
1659,2021-10-06 03:11:20,31450.0,900.0,1141500.0
1660,2021-10-06 03:11:16,31450.0,500.0,1140600.0
1661,2021-10-06 03:11:12,31450.0,400.0,1140100.0
1662,2021-10-06 03:11:10,31450.0,1000.0,1139700.0
1663,2021-10-06 03:11:09,31450.0,400.0,1138700.0
1664,2021-10-06 03:11:05,31450.0,400.0,1138300.0
1665,2021-10-06 03:11:03,31500.0,1000.0,1137900.0
1666,2021-10-06 03:11:00,31450.0,400.0,1136900.0
1667,2021-10-06 03:10:57,31450.0,400.0,1136500.0
1668,2021-10-06 03:10:52,31450.0,400.0,1136100.0
1669,2021-10-06 03:10:25,31450.0,500.0,1135700.0
1670,2021-10-06 03:10:22,31450.0,300.0,1135200.0
1671,2021-10-06 03:10:11,31450.0,1300.0,1134900.0
1672,2021-10-06 03:10:08,31450.0,500.0,1133600.0
1673,2021-10-06 03:09:59,31450.0,500.0,1133100.0
1674,2021-10-06 03:09:34,31450.0,500.0,1132600.0
1675,2021-10-06 03:09:32,31450.0,100.0,1132100.0
1676,2021-10-06 03:09:32,31450.0,6000.0,1132000.0
1677,2021-10-06 03:09:19,31450.0,18700.0,1126000.0
1678,2021-10-06 03:09:08,31450.0,2000.0,1107300.0
1679,2021-10-06 03:08:16,31450.0,100.0,1105300.0
1680,2021-10-06 03:07:40,31450.0,5000.0,1105200.0
1681,2021-10-06 03:06:57,31450.0,100.0,1100200.0
1682,2021-10-06 03:06:56,31450.0,400.0,1100100.0
1683,2021-10-06 03:06:55,31450.0,400.0,1099700.0
1684,2021-10-06 03:06:51,31450.0,1000.0,1099300.0
1685,2021-10-06 03:06:51,31450.0,400.0,1098300.0
1686,2021-10-06 03:06:49,31450.0,1000.0,1097900.0
1687,2021-10-06 03:06:47,31450.0,100.0,1096900.0
1688,2021-10-06 03:06:47,31450.0,200.0,1096800.0
1689,2021-10-06 03:06:47,31450.0,100.0,1096600.0
1690,2021-10-06 03:06:47,31450.0,300.0,1096500.0
1691,2021-10-06 03:06:47,31450.0,1000.0,1096200.0
1692,2021-10-06 03:06:47,31450.0,200.0,1095200.0
1693,2021-10-06 03:06:47,31450.0,100.0,1095000.0
1694,2021-10-06 03:06:47,31450.0,100.0,1094900.0
1695,2021-10-06 03:06:47,31450.0,600.0,1094800.0
1696,2021-10-06 03:06:47,31450.0,1000.0,1094200.0
1697,2021-10-06 03:06:47,31450.0,26500.0,1093200.0
1698,2021-10-06 03:06:47,31350.0,200.0,1066700.0
1699,2021-10-06 03:06:47,31350.0,100.0,1066500.0
1700,2021-10-06 03:06:47,31350.0,100.0,1066400.0
1701,2021-10-06 03:06:43,31350.0,100.0,1066300.0
1702,2021-10-06 03:06:43,31350.0,100.0,1066200.0
1703,2021-10-06 03:06:43,31350.0,100.0,1066100.0
1704,2021-10-06 03:06:43,31350.0,100.0,1066000.0
1705,2021-10-06 03:06:40,31350.0,200.0,1065900.0
1706,2021-10-06 03:06:40,31350.0,200.0,1065700.0
1707,2021-10-06 03:06:37,31350.0,400.0,1065500.0
1708,2021-10-06 03:06:33,31350.0,400.0,1065100.0
1709,2021-10-06 03:06:30,31350.0,400.0,1064700.0
1710,2021-10-06 03:06:28,31350.0,100.0,1064300.0
1711,2021-10-06 03:06:27,31350.0,400.0,1064200.0
1712,2021-10-06 03:06:24,31350.0,400.0,1063800.0
1713,2021-10-06 03:06:21,31350.0,400.0,1063400.0
1714,2021-10-06 03:06:17,31350.0,300.0,1063000.0
1715,2021-10-06 03:06:17,31400.0,100.0,1062700.0
1716,2021-10-06 03:06:16,31350.0,2000.0,1062600.0
1717,2021-10-06 03:06:16,31350.0,400.0,1060600.0
1718,2021-10-06 03:06:16,31350.0,1000.0,1060200.0
1719,2021-10-06 03:06:16,31350.0,1000.0,1059200.0
1720,2021-10-06 03:06:16,31350.0,100.0,1058200.0
1721,2021-10-06 03:06:16,31400.0,100.0,1058100.0
1722,2021-10-06 03:06:16,31400.0,100.0,1058000.0
1723,2021-10-06 03:06:16,31400.0,100.0,1057900.0
1724,2021-10-06 03:06:16,31400.0,2500.0,1057800.0
1725,2021-10-06 03:06:16,31400.0,5000.0,1055300.0
1726,2021-10-06 03:06:16,31400.0,100.0,1050300.0
1727,2021-10-06 03:06:16,31400.0,100.0,1050200.0
1728,2021-10-06 03:06:16,31400.0,200.0,1050100.0
1729,2021-10-06 03:06:16,31400.0,200.0,1049900.0
1730,2021-10-06 03:06:16,31400.0,200.0,1049700.0
1731,2021-10-06 03:06:16,31400.0,200.0,1049500.0
1732,2021-10-06 03:06:16,31400.0,200.0,1049300.0
1733,2021-10-06 03:06:16,31400.0,100.0,1049100.0
1734,2021-10-06 03:06:16,31400.0,100.0,1049000.0
1735,2021-10-06 03:06:16,31400.0,1000.0,1048900.0
1736,2021-10-06 03:06:16,31400.0,1000.0,1047900.0
1737,2021-10-06 03:06:16,31400.0,1000.0,1046900.0
1738,2021-10-06 03:06:16,31400.0,500.0,1045900.0
1739,2021-10-06 03:06:16,31400.0,300.0,1045400.0
1740,2021-10-06 03:06:15,31400.0,100.0,1045100.0
1741,2021-10-06 03:06:15,31400.0,1000.0,1045000.0
1742,2021-10-06 03:06:14,31400.0,400.0,1044000.0
1743,2021-10-06 03:06:09,31400.0,400.0,1043600.0
1744,2021-10-06 03:06:06,31400.0,400.0,1043200.0
1745,2021-10-06 03:06:02,31400.0,400.0,1042800.0
1746,2021-10-06 03:06:00,31400.0,200.0,1042400.0
1747,2021-10-06 03:05:58,31400.0,400.0,1042200.0
1748,2021-10-06 03:05:58,31400.0,1400.0,1041800.0
1749,2021-10-06 03:05:58,31400.0,200.0,1040400.0
1750,2021-10-06 03:05:58,31400.0,500.0,1040200.0
1751,2021-10-06 03:05:58,31400.0,28000.0,1039700.0
1752,2021-10-06 03:05:58,31400.0,1500.0,1011700.0
1753,2021-10-06 03:05:58,31400.0,100.0,1010200.0
1754,2021-10-06 03:05:58,31400.0,100.0,1010100.0
1755,2021-10-06 03:05:58,31400.0,100.0,1010000.0
1756,2021-10-06 03:05:58,31400.0,100.0,1009900.0
1757,2021-10-06 03:05:58,31400.0,200.0,1009800.0
1758,2021-10-06 03:05:58,31400.0,1000.0,1009600.0
1759,2021-10-06 03:05:58,31400.0,1000.0,1008600.0
1760,2021-10-06 03:05:58,31400.0,15800.0,1007600.0
1761,2021-10-06 03:05:53,31400.0,100.0,991800.0
1762,2021-10-06 03:05:53,31400.0,400.0,991700.0
1763,2021-10-06 03:05:52,31400.0,200.0,991300.0
1764,2021-10-06 03:05:49,31400.0,400.0,991100.0
1765,2021-10-06 03:05:44,31400.0,400.0,990700.0
1766,2021-10-06 03:05:38,31400.0,1000.0,990300.0
1767,2021-10-06 03:05:36,31450.0,200.0,989300.0
1768,2021-10-06 03:05:28,31400.0,1700.0,989100.0
1769,2021-10-06 03:05:28,31400.0,200.0,987400.0
1770,2021-10-06 03:05:28,31400.0,200.0,987200.0
1771,2021-10-06 03:05:28,31400.0,200.0,987000.0
1772,2021-10-06 03:05:28,31400.0,200.0,986800.0
1773,2021-10-06 03:05:28,31400.0,500.0,986600.0
1774,2021-10-06 03:05:28,31400.0,500.0,986100.0
1775,2021-10-06 03:05:28,31400.0,200.0,985600.0
1776,2021-10-06 03:05:28,31400.0,100.0,985400.0
1777,2021-10-06 03:05:28,31400.0,600.0,985300.0
1778,2021-10-06 03:05:28,31400.0,100.0,984700.0
1779,2021-10-06 03:05:14,31450.0,200.0,984600.0
1780,2021-10-06 03:05:13,31400.0,100.0,984400.0
1781,2021-10-06 03:05:13,31400.0,200.0,984300.0
1782,2021-10-06 03:05:00,31450.0,100.0,984100.0
1783,2021-10-06 03:04:24,31450.0,200.0,984000.0
1784,2021-10-06 03:04:20,31450.0,100.0,983800.0
1785,2021-10-06 03:03:59,31450.0,200.0,983700.0
1786,2021-10-06 03:03:59,31450.0,200.0,983500.0
1787,2021-10-06 03:03:59,31450.0,100.0,983300.0
1788,2021-10-06 03:03:59,31450.0,200.0,983200.0
1789,2021-10-06 03:03:59,31450.0,4500.0,983000.0
1790,2021-10-06 03:03:37,31450.0,100.0,978500.0
1791,2021-10-06 03:03:36,31450.0,700.0,978400.0
1792,2021-10-06 03:03:34,31450.0,1400.0,977700.0
1793,2021-10-06 03:03:34,31450.0,100.0,976300.0
1794,2021-10-06 03:03:34,31450.0,1000.0,976200.0
1795,2021-10-06 03:03:30,31450.0,600.0,975200.0
1796,2021-10-06 03:03:20,31450.0,600.0,974600.0
1797,2021-10-06 03:03:20,31450.0,100.0,974000.0
1798,2021-10-06 03:03:20,31450.0,200.0,973900.0
1799,2021-10-06 03:03:20,31450.0,100.0,973700.0
1800,2021-10-06 03:03:12,31450.0,200.0,973600.0
1801,2021-10-06 03:03:12,31450.0,200.0,973400.0
1802,2021-10-06 03:03:12,31450.0,100.0,973200.0
1803,2021-10-06 03:03:12,31450.0,200.0,973100.0
1804,2021-10-06 03:03:12,31450.0,300.0,972900.0
1805,2021-10-06 03:02:58,31450.0,200.0,972600.0
1806,2021-10-06 03:02:58,31450.0,100.0,972400.0
1807,2021-10-06 03:02:58,31450.0,100.0,972300.0
1808,2021-10-06 03:02:58,31450.0,300.0,972200.0
1809,2021-10-06 03:02:58,31450.0,200.0,971900.0
1810,2021-10-06 03:02:58,31450.0,100.0,971700.0
1811,2021-10-06 03:02:58,31450.0,100.0,971600.0
1812,2021-10-06 03:02:58,31450.0,200.0,971500.0
1813,2021-10-06 03:02:58,31450.0,100.0,971300.0
1814,2021-10-06 03:02:58,31450.0,400.0,971200.0
1815,2021-10-06 03:02:58,31450.0,300.0,970800.0
1816,2021-10-06 03:02:58,31450.0,600.0,970500.0
1817,2021-10-06 03:02:58,31450.0,500.0,969900.0
1818,2021-10-06 03:02:58,31450.0,100.0,969400.0
1819,2021-10-06 03:02:58,31450.0,2800.0,969300.0
1820,2021-10-06 03:02:58,31450.0,100.0,966500.0
1821,2021-10-06 03:02:58,31450.0,3800.0,966400.0
1822,2021-10-06 03:02:55,31450.0,100.0,962600.0
1823,2021-10-06 03:02:52,31450.0,100.0,962500.0
1824,2021-10-06 03:02:45,31450.0,1300.0,962400.0
1825,2021-10-06 03:02:34,31450.0,400.0,961100.0
1826,2021-10-06 03:02:02,31450.0,200.0,960700.0
1827,2021-10-06 03:01:58,31450.0,100.0,960500.0
1828,2021-10-06 03:01:57,31450.0,100.0,960400.0
1829,2021-10-06 03:01:45,31450.0,200.0,960300.0
1830,2021-10-06 03:01:37,31450.0,400.0,960100.0
1831,2021-10-06 03:01:37,31450.0,700.0,959700.0
1832,2021-10-06 03:01:34,31450.0,400.0,959000.0
1833,2021-10-06 03:01:31,31450.0,400.0,958600.0
1834,2021-10-06 03:01:29,31450.0,400.0,958200.0
1835,2021-10-06 03:01:28,31450.0,500.0,957800.0
1836,2021-10-06 03:01:27,31450.0,400.0,957300.0
1837,2021-10-06 03:01:26,31450.0,400.0,956900.0
1838,2021-10-06 03:01:23,31450.0,400.0,956500.0
1839,2021-10-06 03:01:21,31450.0,100.0,956100.0
1840,2021-10-06 03:01:20,31450.0,400.0,956000.0
1841,2021-10-06 03:01:16,31450.0,400.0,955600.0
1842,2021-10-06 03:01:16,31450.0,8800.0,955200.0
1843,2021-10-06 03:01:16,31450.0,100.0,946400.0
1844,2021-10-06 03:01:16,31450.0,1000.0,946300.0
1845,2021-10-06 03:01:16,31450.0,300.0,945300.0
1846,2021-10-06 03:01:16,31450.0,100.0,945000.0
1847,2021-10-06 03:01:16,31450.0,1000.0,944900.0
1848,2021-10-06 03:01:16,31450.0,100.0,943900.0
1849,2021-10-06 03:01:16,31450.0,18600.0,943800.0
1850,2021-10-06 03:01:13,31450.0,400.0,925200.0
1851,2021-10-06 03:01:09,31450.0,400.0,924800.0
1852,2021-10-06 03:01:05,31450.0,400.0,924400.0
1853,2021-10-06 03:01:02,31450.0,400.0,924000.0
1854,2021-10-06 03:00:59,31450.0,400.0,923600.0
1855,2021-10-06 03:00:55,31450.0,400.0,923200.0
1856,2021-10-06 03:00:50,31450.0,400.0,922800.0
1857,2021-10-06 03:00:46,31500.0,1300.0,922400.0
1858,2021-10-06 03:00:46,31500.0,100.0,921100.0
1859,2021-10-06 03:00:46,31500.0,100.0,921000.0
1860,2021-10-06 03:00:46,31500.0,6000.0,920900.0
1861,2021-10-06 03:00:46,31500.0,2500.0,914900.0
1862,2021-10-06 03:00:45,31450.0,400.0,912400.0
1863,2021-10-06 03:00:40,31450.0,400.0,912000.0
1864,2021-10-06 03:00:37,31450.0,400.0,911600.0
1865,2021-10-06 03:00:36,31450.0,1000.0,911200.0
1866,2021-10-06 03:00:32,31450.0,400.0,910200.0
1867,2021-10-06 03:00:29,31450.0,400.0,909800.0
1868,2021-10-06 03:00:24,31450.0,200.0,909400.0
1869,2021-10-06 03:00:24,31450.0,400.0,909200.0
1870,2021-10-06 03:00:19,31450.0,100.0,908800.0
1871,2021-10-06 03:00:13,31450.0,100.0,908700.0
1872,2021-10-06 03:00:07,31450.0,200.0,908600.0
1873,2021-10-06 03:00:05,31450.0,200.0,908400.0
1874,2021-10-06 02:59:54,31450.0,1000.0,908200.0
1875,2021-10-06 02:59:43,31450.0,2000.0,907200.0
1876,2021-10-06 02:59:36,31500.0,1000.0,905200.0
1877,2021-10-06 02:59:34,31500.0,100.0,904200.0
1878,2021-10-06 02:59:15,31500.0,200.0,904100.0
1879,2021-10-06 02:59:09,31500.0,200.0,903900.0
1880,2021-10-06 02:58:54,31500.0,1000.0,903700.0
1881,2021-10-06 02:58:48,31450.0,200.0,902700.0
1882,2021-10-06 02:58:40,31450.0,3000.0,902500.0
1883,2021-10-06 02:58:10,31450.0,2000.0,899500.0
1884,2021-10-06 02:58:08,31450.0,200.0,897500.0
1885,2021-10-06 02:57:58,31500.0,500.0,897300.0
1886,2021-10-06 02:57:36,31500.0,500.0,896800.0
1887,2021-10-06 02:56:13,31500.0,100.0,896300.0
1888,2021-10-06 02:56:06,31500.0,500.0,896200.0
1889,2021-10-06 02:55:58,31500.0,3400.0,895700.0
1890,2021-10-06 02:55:58,31500.0,1300.0,892300.0
1891,2021-10-06 02:55:58,31500.0,300.0,891000.0
1892,2021-10-06 02:55:57,31500.0,700.0,890700.0
1893,2021-10-06 02:55:57,31500.0,2000.0,890000.0
1894,2021-10-06 02:55:57,31500.0,700.0,888000.0
1895,2021-10-06 02:55:57,31500.0,400.0,887300.0
1896,2021-10-06 02:55:57,31500.0,500.0,886900.0
1897,2021-10-06 02:55:57,31500.0,5700.0,886400.0
1898,2021-10-06 02:55:32,31500.0,200.0,880700.0
1899,2021-10-06 02:54:49,31500.0,400.0,880500.0
1900,2021-10-06 02:54:40,31500.0,100.0,880100.0
1901,2021-10-06 02:54:22,31500.0,100.0,880000.0
1902,2021-10-06 02:54:14,31500.0,3000.0,879900.0
1903,2021-10-06 02:53:37,31500.0,1000.0,876900.0
1904,2021-10-06 02:53:31,31500.0,100.0,875900.0
1905,2021-10-06 02:53:20,31500.0,100.0,875800.0
1906,2021-10-06 02:53:13,31500.0,100.0,875700.0
1907,2021-10-06 02:53:09,31500.0,200.0,875600.0
1908,2021-10-06 02:52:54,31500.0,500.0,875400.0
1909,2021-10-06 02:52:48,31500.0,100.0,874900.0
1910,2021-10-06 02:52:46,31500.0,47000.0,874800.0
1911,2021-10-06 02:52:36,31500.0,3000.0,827800.0
1912,2021-10-06 02:52:09,31500.0,100.0,824800.0
1913,2021-10-06 02:52:09,31500.0,2900.0,824700.0
1914,2021-10-06 02:51:57,31500.0,300.0,821800.0
1915,2021-10-06 02:51:57,31500.0,200.0,821500.0
1916,2021-10-06 02:51:37,31500.0,300.0,821300.0
1917,2021-10-06 02:51:36,31500.0,100.0,821000.0
1918,2021-10-06 02:51:36,31500.0,100.0,820900.0
1919,2021-10-06 02:51:36,31500.0,100.0,820800.0
1920,2021-10-06 02:51:36,31500.0,200.0,820700.0
1921,2021-10-06 02:51:36,31500.0,1000.0,820500.0
1922,2021-10-06 02:51:36,31500.0,600.0,819500.0
1923,2021-10-06 02:51:36,31500.0,200.0,818900.0
1924,2021-10-06 02:51:36,31500.0,200.0,818700.0
1925,2021-10-06 02:51:36,31500.0,100.0,818500.0
1926,2021-10-06 02:51:36,31500.0,100.0,818400.0
1927,2021-10-06 02:51:36,31500.0,1000.0,818300.0
1928,2021-10-06 02:51:36,31500.0,1000.0,817300.0
1929,2021-10-06 02:51:36,31500.0,100.0,816300.0
1930,2021-10-06 02:51:36,31500.0,100.0,816200.0
1931,2021-10-06 02:51:36,31500.0,1000.0,816100.0
1932,2021-10-06 02:51:36,31500.0,100.0,815100.0
1933,2021-10-06 02:51:36,31500.0,500.0,815000.0
1934,2021-10-06 02:51:36,31500.0,10000.0,814500.0
1935,2021-10-06 02:51:36,31500.0,4400.0,804500.0
1936,2021-10-06 02:51:36,31500.0,700.0,800100.0
1937,2021-10-06 02:51:36,31500.0,1500.0,799400.0
1938,2021-10-06 02:51:36,31500.0,100.0,797900.0
1939,2021-10-06 02:51:36,31500.0,6800.0,797800.0
1940,2021-10-06 02:51:34,31550.0,100.0,791000.0
1941,2021-10-06 02:51:33,31500.0,200.0,790900.0
1942,2021-10-06 02:51:28,31500.0,1000.0,790700.0
1943,2021-10-06 02:51:12,31500.0,1000.0,789700.0
1944,2021-10-06 02:51:11,31500.0,1000.0,788700.0
1945,2021-10-06 02:51:11,31500.0,700.0,787700.0
1946,2021-10-06 02:51:11,31500.0,200.0,787000.0
1947,2021-10-06 02:51:11,31500.0,100.0,786800.0
1948,2021-10-06 02:51:02,31500.0,700.0,786700.0
1949,2021-10-06 02:50:37,31500.0,100.0,786000.0
1950,2021-10-06 02:50:37,31500.0,300.0,785900.0
1951,2021-10-06 02:50:34,31500.0,400.0,785600.0
1952,2021-10-06 02:50:31,31500.0,700.0,785200.0
1953,2021-10-06 02:50:31,31500.0,400.0,784500.0
1954,2021-10-06 02:50:27,31500.0,400.0,784100.0
1955,2021-10-06 02:50:23,31500.0,400.0,783700.0
1956,2021-10-06 02:50:19,31500.0,400.0,783300.0
1957,2021-10-06 02:50:15,31500.0,400.0,782900.0
1958,2021-10-06 02:50:11,31500.0,400.0,782500.0
1959,2021-10-06 02:50:03,31500.0,400.0,782100.0
1960,2021-10-06 02:50:00,31500.0,400.0,781700.0
1961,2021-10-06 02:50:00,31500.0,300.0,781300.0
1962,2021-10-06 02:49:57,31500.0,400.0,781000.0
1963,2021-10-06 02:49:53,31500.0,400.0,780600.0
1964,2021-10-06 02:49:49,31500.0,400.0,780200.0
1965,2021-10-06 02:49:49,31550.0,100.0,779800.0
1966,2021-10-06 02:49:45,31500.0,400.0,779700.0
1967,2021-10-06 02:49:44,31500.0,200.0,779300.0
1968,2021-10-06 02:49:40,31500.0,400.0,779100.0
1969,2021-10-06 02:49:37,31500.0,400.0,778700.0
1970,2021-10-06 02:49:32,31500.0,400.0,778300.0
1971,2021-10-06 02:49:28,31500.0,400.0,777900.0
1972,2021-10-06 02:49:17,31550.0,1300.0,777500.0
1973,2021-10-06 02:49:17,31500.0,100.0,776200.0
1974,2021-10-06 02:49:17,31550.0,100.0,776100.0
1975,2021-10-06 02:48:51,31500.0,400.0,776000.0
1976,2021-10-06 02:48:50,31550.0,4000.0,775600.0
1977,2021-10-06 02:48:50,31550.0,1000.0,771600.0
1978,2021-10-06 02:48:50,31550.0,200.0,770600.0
1979,2021-10-06 02:48:50,31550.0,300.0,770400.0
1980,2021-10-06 02:48:50,31550.0,500.0,770100.0
1981,2021-10-06 02:48:50,31550.0,5000.0,769600.0
1982,2021-10-06 02:48:50,31550.0,11000.0,764600.0
1983,2021-10-06 02:48:48,31550.0,400.0,753600.0
1984,2021-10-06 02:48:43,31550.0,400.0,753200.0
1985,2021-10-06 02:48:38,31550.0,100.0,752800.0
1986,2021-10-06 02:48:24,31600.0,2000.0,752700.0
1987,2021-10-06 02:48:24,31600.0,300.0,750700.0
1988,2021-10-06 02:48:24,31600.0,100.0,750400.0
1989,2021-10-06 02:48:24,31600.0,100.0,750300.0
1990,2021-10-06 02:48:24,31600.0,100.0,750200.0
1991,2021-10-06 02:48:24,31600.0,100.0,750100.0
1992,2021-10-06 02:48:24,31600.0,800.0,750000.0
1993,2021-10-06 02:48:24,31600.0,3000.0,749200.0
1994,2021-10-06 02:48:24,31600.0,1000.0,746200.0
1995,2021-10-06 02:48:24,31600.0,500.0,745200.0
1996,2021-10-06 02:48:24,31600.0,100.0,744700.0
1997,2021-10-06 02:48:24,31600.0,100.0,744600.0
1998,2021-10-06 02:48:24,31600.0,100.0,744500.0
1999,2021-10-06 02:48:24,31600.0,700.0,744400.0
2000,2021-10-06 02:47:53,31600.0,300.0,743700.0
2001,2021-10-06 02:47:53,31600.0,100.0,743400.0
2002,2021-10-06 02:47:53,31600.0,100.0,743300.0
2003,2021-10-06 02:47:53,31600.0,400.0,743200.0
2004,2021-10-06 02:47:53,31600.0,1000.0,742800.0
2005,2021-10-06 02:47:53,31600.0,200.0,741800.0
2006,2021-10-06 02:47:53,31600.0,1400.0,741600.0
2007,2021-10-06 02:47:53,31600.0,100.0,740200.0
2008,2021-10-06 02:47:53,31600.0,100.0,740100.0
2009,2021-10-06 02:47:53,31600.0,100.0,740000.0
2010,2021-10-06 02:47:53,31600.0,200.0,739900.0
2011,2021-10-06 02:47:53,31600.0,100.0,739700.0
2012,2021-10-06 02:47:53,31600.0,100.0,739600.0
2013,2021-10-06 02:47:53,31600.0,100.0,739500.0
2014,2021-10-06 02:47:53,31600.0,100.0,739400.0
2015,2021-10-06 02:47:53,31600.0,100.0,739300.0
2016,2021-10-06 02:47:53,31600.0,200.0,739200.0
2017,2021-10-06 02:47:53,31600.0,100.0,739000.0
2018,2021-10-06 02:47:53,31600.0,200.0,738900.0
2019,2021-10-06 02:47:53,31600.0,700.0,738700.0
2020,2021-10-06 02:47:53,31600.0,6800.0,738000.0
2021,2021-10-06 02:47:52,31550.0,300.0,731200.0
2022,2021-10-06 02:46:55,31550.0,500.0,730900.0
2023,2021-10-06 02:46:51,31550.0,1000.0,730400.0
2024,2021-10-06 02:46:34,31550.0,1000.0,729400.0
2025,2021-10-06 02:46:29,31550.0,500.0,728400.0
2026,2021-10-06 02:46:29,31550.0,1000.0,727900.0
2027,2021-10-06 02:46:29,31550.0,1500.0,726900.0
2028,2021-10-06 02:46:29,31550.0,1000.0,725400.0
2029,2021-10-06 02:46:29,31550.0,1300.0,724400.0
2030,2021-10-06 02:45:58,31550.0,200.0,723100.0
2031,2021-10-06 02:45:21,31550.0,600.0,722900.0
2032,2021-10-06 02:45:21,31550.0,100.0,722300.0
2033,2021-10-06 02:45:21,31550.0,800.0,722200.0
2034,2021-10-06 02:44:46,31550.0,100.0,721400.0
2035,2021-10-06 02:44:16,31550.0,500.0,721300.0
2036,2021-10-06 02:44:16,31550.0,100.0,720800.0
2037,2021-10-06 02:44:16,31550.0,200.0,720700.0
2038,2021-10-06 02:44:16,31550.0,100.0,720500.0
2039,2021-10-06 02:44:16,31550.0,200.0,720400.0
2040,2021-10-06 02:44:09,31500.0,1200.0,720200.0
2041,2021-10-06 02:44:09,31500.0,2000.0,719000.0
2042,2021-10-06 02:44:09,31500.0,2000.0,717000.0
2043,2021-10-06 02:44:09,31500.0,14800.0,715000.0
2044,2021-10-06 02:44:06,31500.0,4000.0,700200.0
2045,2021-10-06 02:43:59,31550.0,300.0,696200.0
2046,2021-10-06 02:43:21,31500.0,100.0,695900.0
2047,2021-10-06 02:43:21,31550.0,200.0,695800.0
2048,2021-10-06 02:43:10,31550.0,200.0,695600.0
2049,2021-10-06 02:43:10,31550.0,200.0,695400.0
2050,2021-10-06 02:43:10,31550.0,5000.0,695200.0
2051,2021-10-06 02:43:10,31550.0,100.0,690200.0
2052,2021-10-06 02:43:10,31550.0,1700.0,690100.0
2053,2021-10-06 02:43:10,31550.0,200.0,688400.0
