,Time,Price,Volume_per_trade,Volume
0,2021-10-01 14:45:01,3530.0,1000.0,8681100.0
1,2021-10-01 14:45:01,3530.0,500.0,8680100.0
2,2021-10-01 14:45:01,3530.0,100.0,8679600.0
3,2021-10-01 14:45:01,3530.0,2000.0,8679500.0
4,2021-10-01 14:45:01,3530.0,3500.0,8677500.0
5,2021-10-01 14:45:01,3530.0,1500.0,8674000.0
6,2021-10-01 14:45:01,3530.0,5000.0,8672500.0
7,2021-10-01 14:45:01,3530.0,300.0,8667500.0
8,2021-10-01 14:45:01,3530.0,100.0,8667200.0
9,2021-10-01 14:45:01,3530.0,50000.0,8667100.0
10,2021-10-01 14:45:01,3530.0,18000.0,8617100.0
11,2021-10-01 14:45:01,3530.0,500.0,8599100.0
12,2021-10-01 14:45:01,3530.0,6100.0,8598600.0
13,2021-10-01 14:45:01,3530.0,200.0,8592500.0
14,2021-10-01 14:45:01,3530.0,1000.0,8592300.0
15,2021-10-01 14:45:01,3530.0,400.0,8591300.0
16,2021-10-01 14:45:01,3530.0,1000.0,8590900.0
17,2021-10-01 14:45:01,3530.0,1300.0,8589900.0
18,2021-10-01 14:45:01,3530.0,2700.0,8588600.0
19,2021-10-01 14:45:01,3530.0,15300.0,8585900.0
20,2021-10-01 14:45:01,3530.0,3000.0,8570600.0
21,2021-10-01 14:45:01,3530.0,800.0,8567600.0
22,2021-10-01 14:45:01,3530.0,200.0,8566800.0
23,2021-10-01 14:45:01,3530.0,5000.0,8566600.0
24,2021-10-01 14:45:01,3530.0,4000.0,8561600.0
25,2021-10-01 14:45:01,3530.0,10800.0,8557600.0
26,2021-10-01 14:45:01,3530.0,19200.0,8546800.0
27,2021-10-01 14:45:01,3530.0,5000.0,8527600.0
28,2021-10-01 14:45:01,3530.0,3000.0,8522600.0
29,2021-10-01 14:45:01,3530.0,4000.0,8519600.0
30,2021-10-01 14:45:01,3530.0,46800.0,8515600.0
31,2021-10-01 14:45:01,3530.0,3200.0,8468800.0
32,2021-10-01 14:45:01,3530.0,1800.0,8465600.0
33,2021-10-01 14:45:01,3530.0,8200.0,8463800.0
34,2021-10-01 14:45:01,3530.0,200.0,8455600.0
35,2021-10-01 14:45:01,3530.0,100.0,8455400.0
36,2021-10-01 14:45:01,3530.0,100.0,8455300.0
37,2021-10-01 14:45:01,3530.0,100.0,8455200.0
38,2021-10-01 14:45:01,3530.0,100.0,8455100.0
39,2021-10-01 14:45:01,3530.0,11200.0,8455000.0
40,2021-10-01 14:45:01,3530.0,200.0,8443800.0
41,2021-10-01 14:45:01,3530.0,300.0,8443600.0
42,2021-10-01 14:45:01,3530.0,200.0,8443300.0
43,2021-10-01 14:45:01,3530.0,39700.0,8443100.0
44,2021-10-01 14:45:01,3530.0,5000.0,8403400.0
45,2021-10-01 14:45:01,3530.0,15000.0,8398400.0
46,2021-10-01 14:45:01,3530.0,200.0,8383400.0
47,2021-10-01 14:45:01,3530.0,5000.0,8383200.0
48,2021-10-01 14:45:01,3530.0,100.0,8378200.0
49,2021-10-01 14:45:01,3530.0,3000.0,8378100.0
50,2021-10-01 14:45:01,3530.0,2000.0,8375100.0
51,2021-10-01 14:45:01,3530.0,800.0,8373100.0
52,2021-10-01 14:45:01,3530.0,100000.0,8372300.0
53,2021-10-01 14:45:01,3530.0,1000.0,8272300.0
54,2021-10-01 14:45:01,3530.0,1000.0,8271300.0
55,2021-10-01 14:45:01,3530.0,2000.0,8270300.0
56,2021-10-01 14:45:01,3530.0,200.0,8268300.0
57,2021-10-01 14:45:01,3530.0,300.0,8268100.0
58,2021-10-01 14:45:01,3530.0,1000.0,8267800.0
59,2021-10-01 14:45:01,3530.0,1000.0,8266800.0
60,2021-10-01 14:45:01,3530.0,1000.0,8265800.0
61,2021-10-01 14:45:01,3530.0,4000.0,8264800.0
62,2021-10-01 14:45:01,3530.0,1400.0,8260800.0
63,2021-10-01 14:45:01,3530.0,12000.0,8259400.0
64,2021-10-01 14:45:01,3530.0,100.0,8247400.0
65,2021-10-01 14:45:01,3530.0,3000.0,8247300.0
66,2021-10-01 14:45:01,3530.0,100.0,8244300.0
67,2021-10-01 14:45:01,3530.0,1000.0,8244200.0
68,2021-10-01 14:45:01,3530.0,100.0,8243200.0
69,2021-10-01 14:45:01,3530.0,100.0,8243100.0
70,2021-10-01 14:29:50,3530.0,600.0,8243000.0
71,2021-10-01 14:29:50,3530.0,1400.0,8242400.0
72,2021-10-01 14:29:49,3520.0,3300.0,8241000.0
73,2021-10-01 14:29:45,3530.0,600.0,8237700.0
74,2021-10-01 14:29:45,3530.0,2700.0,8237100.0
75,2021-10-01 14:29:45,3530.0,200.0,8234400.0
76,2021-10-01 14:29:35,3520.0,5000.0,8234200.0
77,2021-10-01 14:29:21,3520.0,100.0,8229200.0
78,2021-10-01 14:29:09,3520.0,600.0,8229100.0
79,2021-10-01 14:29:08,3520.0,400.0,8228500.0
80,2021-10-01 14:29:08,3520.0,100.0,8228100.0
81,2021-10-01 14:29:08,3520.0,5000.0,8228000.0
82,2021-10-01 14:29:08,3520.0,1500.0,8223000.0
83,2021-10-01 14:29:08,3520.0,5000.0,8221500.0
84,2021-10-01 14:29:07,3520.0,500.0,8216500.0
85,2021-10-01 14:28:54,3520.0,2000.0,8216000.0
86,2021-10-01 14:28:52,3520.0,3000.0,8214000.0
87,2021-10-01 14:28:48,3520.0,2700.0,8211000.0
88,2021-10-01 14:28:48,3520.0,300.0,8208300.0
89,2021-10-01 14:28:47,3520.0,200.0,8208000.0
90,2021-10-01 14:28:35,3520.0,4500.0,8207800.0
91,2021-10-01 14:28:35,3520.0,400.0,8203300.0
92,2021-10-01 14:28:29,3510.0,100.0,8202900.0
93,2021-10-01 14:28:25,3520.0,2000.0,8202800.0
94,2021-10-01 14:28:06,3520.0,15000.0,8200800.0
95,2021-10-01 14:27:55,3520.0,2600.0,8185800.0
96,2021-10-01 14:27:55,3520.0,400.0,8183200.0
97,2021-10-01 14:27:52,3510.0,6100.0,8182800.0
98,2021-10-01 14:27:42,3520.0,1200.0,8176700.0
99,2021-10-01 14:27:42,3520.0,1000.0,8175500.0
100,2021-10-01 14:27:42,3520.0,200.0,8174500.0
101,2021-10-01 14:27:42,3520.0,2600.0,8174300.0
102,2021-10-01 14:27:29,3520.0,200.0,8171700.0
103,2021-10-01 14:27:26,3520.0,5400.0,8171500.0
104,2021-10-01 14:27:11,3520.0,200.0,8166100.0
105,2021-10-01 14:27:02,3520.0,20000.0,8165900.0
106,2021-10-01 14:26:35,3520.0,800.0,8145900.0
107,2021-10-01 14:26:32,3510.0,5400.0,8145100.0
108,2021-10-01 14:26:32,3510.0,4000.0,8139700.0
109,2021-10-01 14:26:32,3510.0,2900.0,8135700.0
110,2021-10-01 14:25:40,3510.0,1300.0,8132800.0
111,2021-10-01 14:25:32,3510.0,5800.0,8131500.0
112,2021-10-01 14:25:09,3510.0,200.0,8125700.0
113,2021-10-01 14:24:30,3500.0,200.0,8125500.0
114,2021-10-01 14:24:06,3520.0,1000.0,8125300.0
115,2021-10-01 14:24:02,3520.0,5000.0,8124300.0
116,2021-10-01 14:23:58,3520.0,200.0,8119300.0
117,2021-10-01 14:23:57,3490.0,67700.0,8119100.0
118,2021-10-01 14:23:57,3490.0,2000.0,8051400.0
119,2021-10-01 14:23:57,3490.0,500.0,8049400.0
120,2021-10-01 14:23:57,3490.0,1000.0,8048900.0
121,2021-10-01 14:23:57,3490.0,7400.0,8047900.0
122,2021-10-01 14:23:57,3490.0,100.0,8040500.0
123,2021-10-01 14:23:57,3490.0,500.0,8040400.0
124,2021-10-01 14:23:57,3490.0,900.0,8039900.0
125,2021-10-01 14:23:57,3490.0,2000.0,8039000.0
126,2021-10-01 14:23:57,3490.0,200.0,8037000.0
127,2021-10-01 14:23:57,3490.0,200.0,8036800.0
128,2021-10-01 14:23:57,3490.0,100.0,8036600.0
129,2021-10-01 14:23:57,3490.0,100.0,8036500.0
130,2021-10-01 14:23:57,3490.0,8000.0,8036400.0
131,2021-10-01 14:23:57,3490.0,10000.0,8028400.0
132,2021-10-01 14:23:57,3490.0,500.0,8018400.0
133,2021-10-01 14:23:57,3490.0,1000.0,8017900.0
134,2021-10-01 14:23:57,3490.0,1000.0,8016900.0
135,2021-10-01 14:23:57,3490.0,500.0,8015900.0
136,2021-10-01 14:23:57,3490.0,1000.0,8015400.0
137,2021-10-01 14:23:57,3490.0,300.0,8014400.0
138,2021-10-01 14:23:57,3490.0,100.0,8014100.0
139,2021-10-01 14:23:57,3490.0,100.0,8014000.0
140,2021-10-01 14:23:57,3490.0,100.0,8013900.0
141,2021-10-01 14:23:57,3490.0,100.0,8013800.0
142,2021-10-01 14:23:57,3490.0,100.0,8013700.0
143,2021-10-01 14:23:57,3490.0,100.0,8013600.0
144,2021-10-01 14:23:57,3490.0,2000.0,8013500.0
145,2021-10-01 14:23:57,3490.0,300.0,8011500.0
146,2021-10-01 14:23:57,3490.0,2000.0,8011200.0
147,2021-10-01 14:23:57,3490.0,700.0,8009200.0
148,2021-10-01 14:23:57,3490.0,2000.0,8008500.0
149,2021-10-01 14:23:57,3490.0,1000.0,8006500.0
150,2021-10-01 14:23:57,3490.0,200.0,8005500.0
151,2021-10-01 14:23:57,3490.0,100.0,8005300.0
152,2021-10-01 14:23:57,3500.0,1000.0,8005200.0
153,2021-10-01 14:23:57,3500.0,10000.0,8004200.0
154,2021-10-01 14:23:57,3500.0,100.0,7994200.0
155,2021-10-01 14:23:57,3500.0,100.0,7994100.0
156,2021-10-01 14:23:57,3500.0,100.0,7994000.0
157,2021-10-01 14:23:57,3500.0,300.0,7993900.0
158,2021-10-01 14:23:57,3500.0,10000.0,7993600.0
159,2021-10-01 14:23:57,3500.0,800.0,7983600.0
160,2021-10-01 14:23:57,3500.0,5200.0,7982800.0
161,2021-10-01 14:23:57,3500.0,200.0,7977600.0
162,2021-10-01 14:23:57,3500.0,200.0,7977400.0
163,2021-10-01 14:23:57,3500.0,1000.0,7977200.0
164,2021-10-01 14:23:57,3500.0,100.0,7976200.0
165,2021-10-01 14:23:57,3500.0,10000.0,7976100.0
166,2021-10-01 14:23:57,3500.0,1000.0,7966100.0
167,2021-10-01 14:23:57,3500.0,100.0,7965100.0
168,2021-10-01 14:23:57,3500.0,100.0,7965000.0
169,2021-10-01 14:23:57,3500.0,5000.0,7964900.0
170,2021-10-01 14:23:57,3510.0,100.0,7959900.0
171,2021-10-01 14:23:57,3510.0,3000.0,7959800.0
172,2021-10-01 14:23:57,3510.0,400.0,7956800.0
173,2021-10-01 14:23:57,3510.0,10000.0,7956400.0
174,2021-10-01 14:23:57,3510.0,300.0,7946400.0
175,2021-10-01 14:23:57,3510.0,10000.0,7946100.0
176,2021-10-01 14:23:57,3510.0,100.0,7936100.0
177,2021-10-01 14:23:57,3510.0,300.0,7936000.0
178,2021-10-01 14:23:57,3510.0,300.0,7935700.0
179,2021-10-01 14:23:57,3510.0,2300.0,7935400.0
180,2021-10-01 14:23:57,3510.0,14000.0,7933100.0
181,2021-10-01 14:23:54,3520.0,4400.0,7919100.0
182,2021-10-01 14:23:47,3520.0,2000.0,7914700.0
183,2021-10-01 14:23:46,3520.0,100.0,7912700.0
184,2021-10-01 14:23:33,3520.0,200.0,7912600.0
185,2021-10-01 14:23:23,3520.0,1300.0,7912400.0
186,2021-10-01 14:23:22,3520.0,8900.0,7911100.0
187,2021-10-01 14:23:11,3520.0,1300.0,7902200.0
188,2021-10-01 14:22:58,3520.0,10000.0,7900900.0
189,2021-10-01 14:22:54,3520.0,1800.0,7890900.0
190,2021-10-01 14:22:50,3520.0,100.0,7889100.0
191,2021-10-01 14:22:42,3520.0,100.0,7889000.0
192,2021-10-01 14:21:55,3520.0,500.0,7888900.0
193,2021-10-01 14:21:54,3520.0,600.0,7888400.0
194,2021-10-01 14:21:36,3520.0,100.0,7887800.0
195,2021-10-01 14:21:26,3520.0,1500.0,7887700.0
196,2021-10-01 14:21:23,3510.0,1000.0,7886200.0
197,2021-10-01 14:21:20,3520.0,1500.0,7885200.0
198,2021-10-01 14:20:46,3510.0,6100.0,7883700.0
199,2021-10-01 14:20:05,3520.0,700.0,7877600.0
200,2021-10-01 14:20:02,3520.0,9000.0,7876900.0
201,2021-10-01 14:19:57,3520.0,19500.0,7867900.0
202,2021-10-01 14:19:29,3520.0,15000.0,7848400.0
203,2021-10-01 14:19:27,3520.0,10000.0,7833400.0
204,2021-10-01 14:19:15,3520.0,100.0,7823400.0
205,2021-10-01 14:19:13,3520.0,1500.0,7823300.0
206,2021-10-01 14:19:11,3520.0,300.0,7821800.0
207,2021-10-01 14:19:11,3520.0,2000.0,7821500.0
208,2021-10-01 14:19:11,3520.0,2000.0,7819500.0
209,2021-10-01 14:19:11,3520.0,300.0,7817500.0
210,2021-10-01 14:19:11,3520.0,25200.0,7817200.0
211,2021-10-01 14:19:11,3510.0,14100.0,7792000.0
212,2021-10-01 14:18:42,3510.0,200.0,7777900.0
213,2021-10-01 14:18:42,3510.0,16500.0,7777700.0
214,2021-10-01 14:18:38,3510.0,1000.0,7761200.0
215,2021-10-01 14:18:35,3510.0,100.0,7760200.0
216,2021-10-01 14:18:20,3500.0,2400.0,7760100.0
217,2021-10-01 14:18:20,3500.0,100.0,7757700.0
218,2021-10-01 14:18:20,3500.0,100.0,7757600.0
219,2021-10-01 14:18:20,3500.0,10000.0,7757500.0
220,2021-10-01 14:18:20,3500.0,1600.0,7747500.0
221,2021-10-01 14:18:20,3500.0,900.0,7745900.0
222,2021-10-01 14:18:20,3500.0,10000.0,7745000.0
223,2021-10-01 14:18:20,3500.0,500.0,7735000.0
224,2021-10-01 14:18:20,3500.0,2000.0,7734500.0
225,2021-10-01 14:18:20,3500.0,8400.0,7732500.0
226,2021-10-01 14:18:20,3500.0,5000.0,7724100.0
227,2021-10-01 14:18:20,3500.0,22000.0,7719100.0
228,2021-10-01 14:18:20,3500.0,200.0,7697100.0
229,2021-10-01 14:18:20,3500.0,100.0,7696900.0
230,2021-10-01 14:18:20,3500.0,2100.0,7696800.0
231,2021-10-01 14:18:20,3500.0,200.0,7694700.0
232,2021-10-01 14:18:20,3500.0,600.0,7694500.0
233,2021-10-01 14:18:20,3500.0,200.0,7693900.0
234,2021-10-01 14:18:20,3500.0,1500.0,7693700.0
235,2021-10-01 14:18:20,3500.0,8000.0,7692200.0
236,2021-10-01 14:18:20,3500.0,1000.0,7684200.0
237,2021-10-01 14:18:20,3500.0,200.0,7683200.0
238,2021-10-01 14:18:20,3500.0,5000.0,7683000.0
239,2021-10-01 14:18:20,3500.0,2000.0,7678000.0
240,2021-10-01 14:18:20,3500.0,2000.0,7676000.0
241,2021-10-01 14:18:20,3500.0,5000.0,7674000.0
242,2021-10-01 14:18:20,3500.0,300.0,7669000.0
243,2021-10-01 14:18:20,3500.0,1000.0,7668700.0
244,2021-10-01 14:18:20,3500.0,100.0,7667700.0
245,2021-10-01 14:18:20,3500.0,100.0,7667600.0
246,2021-10-01 14:18:20,3500.0,100.0,7667500.0
247,2021-10-01 14:18:20,3500.0,1000.0,7667400.0
248,2021-10-01 14:18:20,3500.0,2000.0,7666400.0
249,2021-10-01 14:18:20,3500.0,100.0,7664400.0
250,2021-10-01 14:18:20,3500.0,100.0,7664300.0
251,2021-10-01 14:18:20,3500.0,20000.0,7664200.0
252,2021-10-01 14:18:20,3500.0,600.0,7644200.0
253,2021-10-01 14:18:20,3500.0,100.0,7643600.0
254,2021-10-01 14:18:20,3500.0,300.0,7643500.0
255,2021-10-01 14:18:20,3500.0,2000.0,7643200.0
256,2021-10-01 14:18:20,3500.0,1000.0,7641200.0
257,2021-10-01 14:18:20,3500.0,300.0,7640200.0
258,2021-10-01 14:18:20,3500.0,2000.0,7639900.0
259,2021-10-01 14:18:20,3500.0,100.0,7637900.0
260,2021-10-01 14:18:20,3500.0,1000.0,7637800.0
261,2021-10-01 14:18:20,3500.0,5100.0,7636800.0
262,2021-10-01 14:18:20,3500.0,1000.0,7631700.0
263,2021-10-01 14:18:20,3500.0,500.0,7630700.0
264,2021-10-01 14:18:20,3500.0,2000.0,7630200.0
265,2021-10-01 14:18:20,3500.0,200.0,7628200.0
266,2021-10-01 14:18:20,3500.0,600.0,7628000.0
267,2021-10-01 14:18:20,3500.0,300.0,7627400.0
268,2021-10-01 14:18:20,3500.0,100.0,7627100.0
269,2021-10-01 14:18:20,3500.0,5000.0,7627000.0
270,2021-10-01 14:18:20,3500.0,100.0,7622000.0
271,2021-10-01 14:18:20,3500.0,2000.0,7621900.0
272,2021-10-01 14:18:20,3500.0,300.0,7619900.0
273,2021-10-01 14:18:20,3500.0,500.0,7619600.0
274,2021-10-01 14:18:20,3500.0,500.0,7619100.0
275,2021-10-01 14:18:20,3500.0,5000.0,7618600.0
276,2021-10-01 14:18:20,3500.0,5000.0,7613600.0
277,2021-10-01 14:18:20,3500.0,5000.0,7608600.0
278,2021-10-01 14:18:20,3500.0,300.0,7603600.0
279,2021-10-01 14:18:20,3500.0,1000.0,7603300.0
280,2021-10-01 14:18:20,3500.0,400.0,7602300.0
281,2021-10-01 14:18:20,3500.0,1000.0,7601900.0
282,2021-10-01 14:18:20,3500.0,100.0,7600900.0
283,2021-10-01 14:18:20,3500.0,300.0,7600800.0
284,2021-10-01 14:18:20,3500.0,400.0,7600500.0
285,2021-10-01 14:18:20,3500.0,500.0,7600100.0
286,2021-10-01 14:18:20,3500.0,300.0,7599600.0
287,2021-10-01 14:18:20,3500.0,5000.0,7599300.0
288,2021-10-01 14:18:20,3500.0,5000.0,7594300.0
289,2021-10-01 14:18:20,3500.0,20000.0,7589300.0
290,2021-10-01 14:18:20,3500.0,200.0,7569300.0
291,2021-10-01 14:18:20,3500.0,10000.0,7569100.0
292,2021-10-01 14:18:20,3500.0,5000.0,7559100.0
293,2021-10-01 14:18:20,3500.0,500.0,7554100.0
294,2021-10-01 14:18:20,3500.0,200.0,7553600.0
295,2021-10-01 14:18:20,3500.0,2000.0,7553400.0
296,2021-10-01 14:18:20,3500.0,10000.0,7551400.0
297,2021-10-01 14:18:20,3500.0,1000.0,7541400.0
298,2021-10-01 14:18:20,3500.0,3000.0,7540400.0
299,2021-10-01 14:18:20,3500.0,100.0,7537400.0
300,2021-10-01 14:18:20,3500.0,2800.0,7537300.0
301,2021-10-01 14:18:20,3500.0,2000.0,7534500.0
302,2021-10-01 14:18:20,3500.0,1000.0,7532500.0
303,2021-10-01 14:18:20,3500.0,100.0,7531500.0
304,2021-10-01 14:18:20,3500.0,2000.0,7531400.0
305,2021-10-01 14:18:20,3500.0,24200.0,7529400.0
306,2021-10-01 14:18:20,3510.0,100.0,7505200.0
307,2021-10-01 14:18:20,3510.0,2400.0,7505100.0
308,2021-10-01 14:18:20,3510.0,3000.0,7502700.0
309,2021-10-01 14:18:20,3510.0,100.0,7499700.0
310,2021-10-01 14:18:20,3510.0,100.0,7499600.0
311,2021-10-01 14:18:20,3510.0,100.0,7499500.0
312,2021-10-01 14:18:20,3510.0,100.0,7499400.0
313,2021-10-01 14:18:20,3510.0,5000.0,7499300.0
314,2021-10-01 14:18:20,3510.0,5000.0,7494300.0
315,2021-10-01 14:18:20,3510.0,200.0,7489300.0
316,2021-10-01 14:17:57,3510.0,9800.0,7489100.0
317,2021-10-01 14:17:57,3510.0,100.0,7479300.0
318,2021-10-01 14:17:57,3510.0,500.0,7479200.0
319,2021-10-01 14:17:57,3510.0,100.0,7478700.0
320,2021-10-01 14:17:57,3510.0,500.0,7478600.0
321,2021-10-01 14:17:57,3510.0,2000.0,7478100.0
322,2021-10-01 14:17:48,3520.0,500.0,7476100.0
323,2021-10-01 14:17:46,3510.0,2000.0,7475600.0
324,2021-10-01 14:17:25,3520.0,1000.0,7473600.0
325,2021-10-01 14:17:23,3520.0,4900.0,7472600.0
326,2021-10-01 14:17:22,3520.0,700.0,7467700.0
327,2021-10-01 14:17:00,3520.0,2000.0,7467000.0
328,2021-10-01 14:17:00,3520.0,100.0,7465000.0
329,2021-10-01 14:17:00,3520.0,2300.0,7464900.0
330,2021-10-01 14:17:00,3510.0,1900.0,7462600.0
331,2021-10-01 14:16:35,3510.0,4100.0,7460700.0
332,2021-10-01 14:16:35,3510.0,5000.0,7456600.0
333,2021-10-01 14:16:35,3510.0,5000.0,7451600.0
334,2021-10-01 14:16:35,3510.0,900.0,7446600.0
335,2021-10-01 14:16:22,3510.0,100.0,7445700.0
336,2021-10-01 14:16:22,3510.0,1000.0,7445600.0
337,2021-10-01 14:16:22,3510.0,1300.0,7444600.0
338,2021-10-01 14:16:18,3510.0,2000.0,7443300.0
339,2021-10-01 14:15:59,3510.0,500.0,7441300.0
340,2021-10-01 14:15:53,3510.0,6200.0,7440800.0
341,2021-10-01 14:15:53,3510.0,300.0,7434600.0
342,2021-10-01 14:15:53,3510.0,300.0,7434300.0
343,2021-10-01 14:15:53,3510.0,500.0,7434000.0
344,2021-10-01 14:15:53,3510.0,5000.0,7433500.0
345,2021-10-01 14:15:53,3510.0,100.0,7428500.0
346,2021-10-01 14:15:53,3510.0,1000.0,7428400.0
347,2021-10-01 14:15:53,3510.0,100.0,7427400.0
348,2021-10-01 14:15:53,3510.0,100.0,7427300.0
349,2021-10-01 14:15:53,3510.0,300.0,7427200.0
350,2021-10-01 14:15:53,3510.0,3000.0,7426900.0
351,2021-10-01 14:15:53,3510.0,1200.0,7423900.0
352,2021-10-01 14:15:53,3510.0,200.0,7422700.0
353,2021-10-01 14:15:53,3510.0,100.0,7422500.0
354,2021-10-01 14:15:53,3510.0,100.0,7422400.0
355,2021-10-01 14:15:53,3510.0,1500.0,7422300.0
356,2021-10-01 14:15:42,3510.0,500.0,7420800.0
357,2021-10-01 14:15:42,3510.0,100.0,7420300.0
358,2021-10-01 14:15:15,3520.0,400.0,7420200.0
359,2021-10-01 14:15:15,3520.0,400.0,7419800.0
360,2021-10-01 14:15:15,3520.0,200.0,7419400.0
361,2021-10-01 14:15:15,3520.0,5000.0,7419200.0
362,2021-10-01 14:15:15,3520.0,1700.0,7414200.0
363,2021-10-01 14:15:12,3520.0,400.0,7412500.0
364,2021-10-01 14:14:55,3520.0,500.0,7412100.0
365,2021-10-01 14:14:41,3520.0,500.0,7411600.0
366,2021-10-01 14:14:15,3520.0,1000.0,7411100.0
367,2021-10-01 14:13:45,3520.0,4900.0,7410100.0
368,2021-10-01 14:13:32,3520.0,1000.0,7405200.0
369,2021-10-01 14:13:10,3530.0,700.0,7404200.0
370,2021-10-01 14:13:10,3520.0,300.0,7403500.0
371,2021-10-01 14:13:08,3520.0,1000.0,7403200.0
372,2021-10-01 14:13:00,3520.0,200.0,7402200.0
373,2021-10-01 14:12:49,3520.0,1000.0,7402000.0
374,2021-10-01 14:12:20,3520.0,1500.0,7401000.0
375,2021-10-01 14:12:20,3520.0,2000.0,7399500.0
376,2021-10-01 14:12:20,3520.0,100.0,7397500.0
377,2021-10-01 14:12:20,3520.0,100.0,7397400.0
378,2021-10-01 14:12:20,3520.0,300.0,7397300.0
379,2021-10-01 14:12:20,3520.0,20000.0,7397000.0
380,2021-10-01 14:12:20,3520.0,3500.0,7377000.0
381,2021-10-01 14:11:59,3520.0,100.0,7373500.0
382,2021-10-01 14:11:48,3530.0,100.0,7373400.0
383,2021-10-01 14:11:25,3530.0,300.0,7373300.0
384,2021-10-01 14:11:25,3530.0,100.0,7373000.0
385,2021-10-01 14:11:25,3530.0,1300.0,7372900.0
386,2021-10-01 14:10:36,3520.0,2100.0,7371600.0
387,2021-10-01 14:10:34,3520.0,2600.0,7369500.0
388,2021-10-01 14:10:27,3520.0,500.0,7366900.0
389,2021-10-01 14:09:54,3520.0,1200.0,7366400.0
390,2021-10-01 14:09:50,3520.0,5000.0,7365200.0
391,2021-10-01 14:09:49,3520.0,9300.0,7360200.0
392,2021-10-01 14:09:49,3520.0,700.0,7350900.0
393,2021-10-01 14:09:28,3520.0,200.0,7350200.0
394,2021-10-01 14:09:26,3520.0,100.0,7350000.0
395,2021-10-01 14:09:00,3520.0,200.0,7349900.0
396,2021-10-01 14:09:00,3520.0,4000.0,7349700.0
397,2021-10-01 14:09:00,3520.0,1800.0,7345700.0
398,2021-10-01 14:09:00,3520.0,16600.0,7343900.0
399,2021-10-01 14:09:00,3520.0,100.0,7327300.0
400,2021-10-01 14:09:00,3520.0,300.0,7327200.0
401,2021-10-01 14:09:00,3520.0,300.0,7326900.0
402,2021-10-01 14:09:00,3520.0,100.0,7326600.0
403,2021-10-01 14:09:00,3520.0,5600.0,7326500.0
404,2021-10-01 14:08:41,3520.0,200.0,7320900.0
405,2021-10-01 14:08:01,3520.0,2300.0,7320700.0
406,2021-10-01 14:07:49,3520.0,200.0,7318400.0
407,2021-10-01 14:07:34,3520.0,1000.0,7318200.0
408,2021-10-01 14:07:28,3520.0,700.0,7317200.0
409,2021-10-01 14:07:28,3520.0,2400.0,7316500.0
410,2021-10-01 14:07:06,3520.0,1000.0,7314100.0
411,2021-10-01 14:07:05,3520.0,6600.0,7313100.0
412,2021-10-01 14:07:01,3520.0,200.0,7306500.0
413,2021-10-01 14:06:48,3520.0,200.0,7306300.0
414,2021-10-01 14:06:42,3520.0,100.0,7306100.0
415,2021-10-01 14:06:42,3520.0,200.0,7306000.0
416,2021-10-01 14:06:42,3520.0,100.0,7305800.0
417,2021-10-01 14:06:42,3520.0,100.0,7305700.0
418,2021-10-01 14:06:42,3520.0,100.0,7305600.0
419,2021-10-01 14:06:42,3520.0,100.0,7305500.0
420,2021-10-01 14:06:42,3520.0,5000.0,7305400.0
421,2021-10-01 14:06:42,3520.0,400.0,7300400.0
422,2021-10-01 14:06:42,3520.0,9800.0,7300000.0
423,2021-10-01 14:06:42,3520.0,500.0,7290200.0
424,2021-10-01 14:06:42,3520.0,1900.0,7289700.0
425,2021-10-01 14:06:42,3520.0,100.0,7287800.0
426,2021-10-01 14:06:42,3520.0,100.0,7287700.0
427,2021-10-01 14:06:42,3520.0,3500.0,7287600.0
428,2021-10-01 14:06:42,3520.0,100.0,7284100.0
429,2021-10-01 14:06:42,3520.0,9000.0,7284000.0
430,2021-10-01 14:06:42,3520.0,200.0,7275000.0
431,2021-10-01 14:06:42,3520.0,100.0,7274800.0
432,2021-10-01 14:06:42,3520.0,1000.0,7274700.0
433,2021-10-01 14:06:42,3520.0,30000.0,7273700.0
434,2021-10-01 14:06:42,3520.0,30000.0,7243700.0
435,2021-10-01 14:06:42,3520.0,200.0,7213700.0
436,2021-10-01 14:06:42,3520.0,400.0,7213500.0
437,2021-10-01 14:06:05,3530.0,300.0,7213100.0
438,2021-10-01 14:06:03,3530.0,300.0,7212800.0
439,2021-10-01 14:05:46,3520.0,600.0,7212500.0
440,2021-10-01 14:05:46,3520.0,2000.0,7211900.0
441,2021-10-01 14:05:46,3520.0,100.0,7209900.0
442,2021-10-01 14:05:46,3520.0,7300.0,7209800.0
443,2021-10-01 14:05:43,3530.0,100.0,7202500.0
444,2021-10-01 14:05:32,3530.0,100.0,7202400.0
445,2021-10-01 14:05:26,3530.0,1200.0,7202300.0
446,2021-10-01 14:05:23,3530.0,6700.0,7201100.0
447,2021-10-01 14:05:23,3530.0,1300.0,7194400.0
448,2021-10-01 14:04:53,3530.0,1000.0,7193100.0
449,2021-10-01 14:04:41,3530.0,2700.0,7192100.0
450,2021-10-01 14:04:41,3530.0,2300.0,7189400.0
451,2021-10-01 14:04:39,3530.0,20000.0,7187100.0
452,2021-10-01 14:04:36,3530.0,2300.0,7167100.0
453,2021-10-01 14:04:34,3530.0,1100.0,7164800.0
454,2021-10-01 14:04:32,3530.0,1000.0,7163700.0
455,2021-10-01 14:04:29,3530.0,3300.0,7162700.0
456,2021-10-01 14:04:29,3530.0,1500.0,7159400.0
457,2021-10-01 14:04:29,3530.0,1700.0,7157900.0
458,2021-10-01 14:04:29,3530.0,100.0,7156200.0
459,2021-10-01 14:04:29,3530.0,30000.0,7156100.0
460,2021-10-01 14:04:29,3530.0,500.0,7126100.0
461,2021-10-01 14:04:29,3530.0,900.0,7125600.0
462,2021-10-01 14:04:23,3530.0,2100.0,7124700.0
463,2021-10-01 14:04:23,3530.0,2800.0,7122600.0
464,2021-10-01 14:04:19,3530.0,200.0,7119800.0
465,2021-10-01 14:04:12,3530.0,700.0,7119600.0
466,2021-10-01 14:04:02,3530.0,10000.0,7118900.0
467,2021-10-01 14:03:55,3530.0,16300.0,7108900.0
468,2021-10-01 14:03:55,3530.0,2500.0,7092600.0
469,2021-10-01 14:03:55,3530.0,7500.0,7090100.0
470,2021-10-01 14:03:55,3530.0,1000.0,7082600.0
471,2021-10-01 14:03:55,3530.0,2700.0,7081600.0
472,2021-10-01 14:03:40,3520.0,400.0,7078900.0
473,2021-10-01 14:03:09,3530.0,400.0,7078500.0
474,2021-10-01 14:03:03,3530.0,200.0,7078100.0
475,2021-10-01 14:02:44,3530.0,500.0,7077900.0
476,2021-10-01 14:02:37,3530.0,5000.0,7077400.0
477,2021-10-01 14:02:10,3530.0,200.0,7072400.0
478,2021-10-01 14:02:09,3530.0,100.0,7072200.0
479,2021-10-01 14:01:48,3530.0,500.0,7072100.0
480,2021-10-01 14:01:47,3520.0,200.0,7071600.0
481,2021-10-01 14:01:35,3520.0,4100.0,7071400.0
482,2021-10-01 14:01:35,3520.0,100.0,7067300.0
483,2021-10-01 14:01:35,3520.0,1100.0,7067200.0
484,2021-10-01 14:01:28,3530.0,5300.0,7066100.0
485,2021-10-01 14:01:13,3530.0,15100.0,7060800.0
486,2021-10-01 14:01:13,3530.0,1000.0,7045700.0
487,2021-10-01 14:01:13,3530.0,100.0,7044700.0
488,2021-10-01 14:01:13,3530.0,8800.0,7044600.0
489,2021-10-01 14:01:07,3520.0,200.0,7035800.0
490,2021-10-01 14:00:42,3520.0,2000.0,7035600.0
491,2021-10-01 14:00:05,3530.0,1000.0,7033600.0
492,2021-10-01 14:00:04,3520.0,1300.0,7032600.0
493,2021-10-01 14:00:03,3530.0,1400.0,7031300.0
494,2021-10-01 13:59:54,3530.0,2000.0,7029900.0
495,2021-10-01 13:59:44,3530.0,1000.0,7027900.0
496,2021-10-01 13:59:35,3530.0,3000.0,7026900.0
497,2021-10-01 13:59:33,3530.0,400.0,7023900.0
498,2021-10-01 13:59:09,3530.0,5000.0,7023500.0
499,2021-10-01 13:57:57,3530.0,7400.0,7018500.0
500,2021-10-01 13:57:57,3530.0,2600.0,7011100.0
501,2021-10-01 13:57:32,3520.0,100.0,7008500.0
502,2021-10-01 13:57:00,3530.0,7800.0,7008400.0
503,2021-10-01 13:56:54,3520.0,2400.0,7000600.0
504,2021-10-01 13:56:54,3520.0,6600.0,6998200.0
505,2021-10-01 13:56:38,3530.0,200.0,6991600.0
506,2021-10-01 13:56:32,3520.0,1000.0,6991400.0
507,2021-10-01 13:56:02,3530.0,100.0,6990400.0
508,2021-10-01 13:56:01,3530.0,300.0,6990300.0
509,2021-10-01 13:55:38,3530.0,500.0,6990000.0
510,2021-10-01 13:55:35,3530.0,1000.0,6989500.0
511,2021-10-01 13:55:31,3530.0,7100.0,6988500.0
512,2021-10-01 13:54:26,3520.0,100.0,6981400.0
513,2021-10-01 13:54:26,3530.0,400.0,6981300.0
514,2021-10-01 13:54:26,3530.0,6600.0,6980900.0
515,2021-10-01 13:54:06,3530.0,2000.0,6974300.0
516,2021-10-01 13:53:28,3530.0,100.0,6972300.0
517,2021-10-01 13:53:16,3520.0,300.0,6972200.0
518,2021-10-01 13:53:16,3520.0,200.0,6971900.0
519,2021-10-01 13:53:16,3520.0,800.0,6971700.0
520,2021-10-01 13:53:16,3520.0,2600.0,6970900.0
521,2021-10-01 13:52:31,3530.0,20000.0,6968300.0
522,2021-10-01 13:51:58,3520.0,200.0,6948300.0
523,2021-10-01 13:51:41,3520.0,100.0,6948100.0
524,2021-10-01 13:51:19,3520.0,300.0,6948000.0
525,2021-10-01 13:50:42,3520.0,3200.0,6947700.0
526,2021-10-01 13:50:42,3520.0,2000.0,6944500.0
527,2021-10-01 13:50:42,3520.0,500.0,6942500.0
528,2021-10-01 13:50:42,3520.0,100.0,6942000.0
529,2021-10-01 13:50:42,3520.0,400.0,6941900.0
530,2021-10-01 13:50:42,3520.0,100.0,6941500.0
531,2021-10-01 13:50:42,3520.0,500.0,6941400.0
532,2021-10-01 13:50:42,3520.0,3200.0,6940900.0
533,2021-10-01 13:50:39,3520.0,800.0,6937700.0
534,2021-10-01 13:50:39,3520.0,1000.0,6936900.0
535,2021-10-01 13:50:39,3520.0,200.0,6935900.0
536,2021-10-01 13:50:39,3520.0,700.0,6935700.0
537,2021-10-01 13:50:15,3520.0,1300.0,6935000.0
538,2021-10-01 13:50:15,3520.0,100.0,6933700.0
539,2021-10-01 13:50:15,3520.0,100.0,6933600.0
540,2021-10-01 13:50:15,3520.0,10000.0,6933500.0
541,2021-10-01 13:50:15,3520.0,700.0,6923500.0
542,2021-10-01 13:49:39,3530.0,1000.0,6922800.0
543,2021-10-01 13:49:16,3520.0,1000.0,6921800.0
544,2021-10-01 13:49:16,3520.0,100.0,6920800.0
545,2021-10-01 13:49:16,3520.0,100.0,6920700.0
546,2021-10-01 13:48:51,3530.0,200.0,6920600.0
547,2021-10-01 13:48:44,3530.0,100.0,6920400.0
548,2021-10-01 13:48:44,3530.0,200.0,6920300.0
549,2021-10-01 13:48:44,3530.0,500.0,6920100.0
550,2021-10-01 13:48:44,3530.0,100.0,6919600.0
551,2021-10-01 13:48:44,3530.0,100.0,6919500.0
552,2021-10-01 13:48:30,3530.0,500.0,6919400.0
553,2021-10-01 13:48:30,3530.0,100.0,6918900.0
554,2021-10-01 13:48:07,3530.0,900.0,6918800.0
555,2021-10-01 13:48:07,3530.0,100.0,6917900.0
556,2021-10-01 13:47:40,3530.0,700.0,6917800.0
557,2021-10-01 13:47:36,3530.0,200.0,6917100.0
558,2021-10-01 13:47:04,3530.0,1000.0,6916900.0
559,2021-10-01 13:46:21,3520.0,100.0,6915900.0
560,2021-10-01 13:46:15,3530.0,1000.0,6915800.0
561,2021-10-01 13:46:10,3530.0,400.0,6914800.0
562,2021-10-01 13:45:20,3530.0,100.0,6914400.0
563,2021-10-01 13:44:39,3530.0,200.0,6914300.0
564,2021-10-01 13:44:27,3530.0,1000.0,6914100.0
565,2021-10-01 13:44:27,3530.0,200.0,6913100.0
566,2021-10-01 13:44:27,3530.0,400.0,6912900.0
567,2021-10-01 13:44:27,3530.0,100.0,6912500.0
568,2021-10-01 13:44:27,3530.0,600.0,6912400.0
569,2021-10-01 13:44:23,3530.0,5000.0,6911800.0
570,2021-10-01 13:43:48,3530.0,4400.0,6906800.0
571,2021-10-01 13:43:48,3530.0,200.0,6902400.0
572,2021-10-01 13:43:48,3530.0,200.0,6902200.0
573,2021-10-01 13:43:48,3530.0,200.0,6902000.0
574,2021-10-01 13:42:56,3530.0,500.0,6901800.0
575,2021-10-01 13:42:55,3540.0,100.0,6901300.0
576,2021-10-01 13:41:58,3530.0,100.0,6901200.0
577,2021-10-01 13:41:12,3530.0,200.0,6901100.0
578,2021-10-01 13:41:12,3530.0,1000.0,6900900.0
579,2021-10-01 13:41:12,3530.0,1000.0,6899900.0
580,2021-10-01 13:41:12,3530.0,5000.0,6898900.0
581,2021-10-01 13:41:12,3530.0,300.0,6893900.0
582,2021-10-01 13:39:44,3530.0,800.0,6893600.0
583,2021-10-01 13:39:44,3530.0,500.0,6892800.0
584,2021-10-01 13:39:44,3530.0,900.0,6892300.0
585,2021-10-01 13:39:18,3540.0,7500.0,6891400.0
586,2021-10-01 13:39:18,3540.0,2300.0,6883900.0
587,2021-10-01 13:39:18,3540.0,200.0,6881600.0
588,2021-10-01 13:38:59,3530.0,1900.0,6881400.0
589,2021-10-01 13:38:59,3530.0,1000.0,6879500.0
590,2021-10-01 13:38:59,3530.0,500.0,6878500.0
591,2021-10-01 13:38:59,3530.0,100.0,6878000.0
592,2021-10-01 13:38:21,3540.0,100.0,6877900.0
593,2021-10-01 13:38:10,3540.0,4000.0,6877800.0
594,2021-10-01 13:37:21,3540.0,1700.0,6873800.0
595,2021-10-01 13:37:21,3540.0,3000.0,6872100.0
596,2021-10-01 13:37:21,3540.0,2000.0,6869100.0
597,2021-10-01 13:37:21,3540.0,3300.0,6867100.0
598,2021-10-01 13:37:05,3540.0,100.0,6863800.0
599,2021-10-01 13:37:05,3530.0,400.0,6863700.0
600,2021-10-01 13:37:05,3530.0,1000.0,6863300.0
601,2021-10-01 13:37:05,3530.0,1000.0,6862300.0
602,2021-10-01 13:37:05,3530.0,1000.0,6861300.0
603,2021-10-01 13:37:05,3530.0,100.0,6860300.0
604,2021-10-01 13:37:05,3530.0,1500.0,6860200.0
605,2021-10-01 13:36:00,3540.0,300.0,6858700.0
606,2021-10-01 13:35:45,3540.0,200.0,6858400.0
607,2021-10-01 13:35:11,3540.0,1000.0,6858200.0
608,2021-10-01 13:35:04,3530.0,8500.0,6857200.0
609,2021-10-01 13:35:04,3530.0,1000.0,6848700.0
610,2021-10-01 13:35:04,3530.0,500.0,6847700.0
611,2021-10-01 13:34:49,3540.0,1000.0,6847200.0
612,2021-10-01 13:33:42,3530.0,500.0,6846200.0
613,2021-10-01 13:33:42,3530.0,1000.0,6845700.0
614,2021-10-01 13:33:42,3530.0,300.0,6844700.0
615,2021-10-01 13:33:42,3530.0,2200.0,6844400.0
616,2021-10-01 13:32:07,3540.0,300.0,6842200.0
617,2021-10-01 13:32:06,3530.0,100.0,6841900.0
618,2021-10-01 13:31:04,3540.0,100.0,6841800.0
619,2021-10-01 13:30:54,3540.0,1700.0,6841700.0
620,2021-10-01 13:29:49,3530.0,100.0,6840000.0
621,2021-10-01 13:28:55,3530.0,500.0,6839900.0
622,2021-10-01 13:28:42,3530.0,2500.0,6839400.0
623,2021-10-01 13:28:29,3530.0,4600.0,6836900.0
624,2021-10-01 13:28:29,3530.0,3000.0,6832300.0
625,2021-10-01 13:28:29,3530.0,7100.0,6829300.0
626,2021-10-01 13:28:26,3530.0,300.0,6822200.0
627,2021-10-01 13:27:29,3530.0,1000.0,6821900.0
628,2021-10-01 13:27:29,3530.0,1600.0,6820900.0
629,2021-10-01 13:27:01,3530.0,200.0,6819300.0
630,2021-10-01 13:26:42,3530.0,200.0,6819100.0
631,2021-10-01 13:26:42,3530.0,800.0,6818900.0
632,2021-10-01 13:26:42,3530.0,300.0,6818100.0
633,2021-10-01 13:26:42,3530.0,500.0,6817800.0
634,2021-10-01 13:26:42,3530.0,1400.0,6817300.0
635,2021-10-01 13:26:38,3530.0,500.0,6815900.0
636,2021-10-01 13:25:12,3530.0,3100.0,6815400.0
637,2021-10-01 13:25:12,3530.0,100.0,6812300.0
638,2021-10-01 13:25:12,3530.0,1000.0,6812200.0
639,2021-10-01 13:25:12,3530.0,200.0,6811200.0
640,2021-10-01 13:25:12,3530.0,1500.0,6811000.0
641,2021-10-01 13:25:06,3530.0,2100.0,6809500.0
642,2021-10-01 13:25:06,3530.0,1700.0,6807400.0
643,2021-10-01 13:25:06,3530.0,800.0,6805700.0
644,2021-10-01 13:25:06,3530.0,400.0,6804900.0
645,2021-10-01 13:25:06,3530.0,100.0,6804500.0
646,2021-10-01 13:25:06,3530.0,400.0,6804400.0
647,2021-10-01 13:25:06,3530.0,500.0,6804000.0
648,2021-10-01 13:24:41,3540.0,100.0,6803500.0
649,2021-10-01 13:22:47,3540.0,100.0,6803400.0
650,2021-10-01 13:22:18,3540.0,900.0,6803300.0
651,2021-10-01 13:22:16,3540.0,3000.0,6802400.0
652,2021-10-01 13:22:16,3540.0,200.0,6799400.0
653,2021-10-01 13:22:16,3540.0,500.0,6799200.0
654,2021-10-01 13:22:16,3540.0,3200.0,6798700.0
655,2021-10-01 13:22:05,3540.0,1000.0,6795500.0
656,2021-10-01 13:21:53,3540.0,5800.0,6794500.0
657,2021-10-01 13:21:53,3540.0,1000.0,6788700.0
658,2021-10-01 13:21:53,3540.0,3200.0,6787700.0
659,2021-10-01 13:21:53,3540.0,600.0,6784500.0
660,2021-10-01 13:21:52,3540.0,1000.0,6783900.0
661,2021-10-01 13:21:51,3540.0,300.0,6782900.0
662,2021-10-01 13:21:41,3540.0,2000.0,6782600.0
663,2021-10-01 13:21:36,3540.0,12900.0,6780600.0
664,2021-10-01 13:21:36,3540.0,800.0,6767700.0
665,2021-10-01 13:21:36,3540.0,100.0,6766900.0
666,2021-10-01 13:21:36,3540.0,400.0,6766800.0
667,2021-10-01 13:21:36,3540.0,7000.0,6766400.0
668,2021-10-01 13:21:36,3540.0,8300.0,6759400.0
669,2021-10-01 13:21:36,3540.0,100.0,6751100.0
670,2021-10-01 13:21:36,3540.0,20400.0,6751000.0
671,2021-10-01 13:21:32,3550.0,2000.0,6730600.0
672,2021-10-01 13:21:02,3550.0,4000.0,6728600.0
673,2021-10-01 13:21:01,3550.0,1700.0,6724600.0
674,2021-10-01 13:21:01,3550.0,100.0,6722900.0
675,2021-10-01 13:20:42,3550.0,200.0,6722800.0
676,2021-10-01 13:20:40,3550.0,100.0,6722600.0
677,2021-10-01 13:20:40,3550.0,1000.0,6722500.0
678,2021-10-01 13:20:40,3550.0,800.0,6721500.0
679,2021-10-01 13:20:40,3550.0,100.0,6720700.0
680,2021-10-01 13:20:40,3550.0,3000.0,6720600.0
681,2021-10-01 13:20:40,3550.0,14700.0,6717600.0
682,2021-10-01 13:20:36,3550.0,5300.0,6702900.0
683,2021-10-01 13:20:36,3550.0,2200.0,6697600.0
684,2021-10-01 13:20:36,3550.0,200.0,6695400.0
685,2021-10-01 13:20:36,3550.0,2000.0,6695200.0
686,2021-10-01 13:20:36,3550.0,300.0,6693200.0
687,2021-10-01 13:19:37,3560.0,100.0,6692900.0
688,2021-10-01 13:18:16,3550.0,400.0,6692800.0
689,2021-10-01 13:18:16,3550.0,100.0,6692400.0
690,2021-10-01 13:18:15,3550.0,5000.0,6692300.0
691,2021-10-01 13:18:00,3550.0,200.0,6687300.0
692,2021-10-01 13:18:00,3550.0,100.0,6687100.0
693,2021-10-01 13:18:00,3550.0,200.0,6687000.0
694,2021-10-01 13:18:00,3550.0,1400.0,6686800.0
695,2021-10-01 13:15:57,3550.0,900.0,6685400.0
696,2021-10-01 13:15:47,3550.0,500.0,6684500.0
697,2021-10-01 13:15:47,3550.0,500.0,6684000.0
698,2021-10-01 13:15:09,3550.0,500.0,6683500.0
699,2021-10-01 13:15:09,3550.0,1300.0,6683000.0
700,2021-10-01 13:15:09,3550.0,200.0,6681700.0
701,2021-10-01 13:14:34,3550.0,200.0,6681500.0
702,2021-10-01 13:14:33,3540.0,9600.0,6681300.0
703,2021-10-01 13:14:33,3540.0,2900.0,6671700.0
704,2021-10-01 13:14:33,3540.0,4000.0,6668800.0
705,2021-10-01 13:14:33,3540.0,8000.0,6664800.0
706,2021-10-01 13:14:33,3540.0,100.0,6656800.0
707,2021-10-01 13:14:33,3540.0,200.0,6656700.0
708,2021-10-01 13:14:33,3540.0,1100.0,6656500.0
709,2021-10-01 13:13:51,3540.0,500.0,6655400.0
710,2021-10-01 13:13:49,3540.0,100.0,6654900.0
711,2021-10-01 13:13:43,3540.0,300.0,6654800.0
712,2021-10-01 13:12:45,3540.0,100.0,6654500.0
713,2021-10-01 13:12:23,3550.0,1500.0,6654400.0
714,2021-10-01 13:12:23,3550.0,1000.0,6652900.0
715,2021-10-01 13:12:23,3550.0,400.0,6651900.0
716,2021-10-01 13:12:23,3550.0,10000.0,6651500.0
717,2021-10-01 13:12:23,3550.0,1000.0,6641500.0
718,2021-10-01 13:12:23,3550.0,200.0,6640500.0
719,2021-10-01 13:12:04,3560.0,2000.0,6640300.0
720,2021-10-01 13:10:55,3560.0,100.0,6638300.0
721,2021-10-01 13:10:30,3550.0,10000.0,6638200.0
722,2021-10-01 13:10:30,3550.0,400.0,6628200.0
723,2021-10-01 13:10:30,3550.0,1000.0,6627800.0
724,2021-10-01 13:10:30,3550.0,4500.0,6626800.0
725,2021-10-01 13:10:29,3550.0,2000.0,6622300.0
726,2021-10-01 13:10:11,3550.0,3500.0,6620300.0
727,2021-10-01 13:10:11,3550.0,300.0,6616800.0
728,2021-10-01 13:10:11,3550.0,2900.0,6616500.0
729,2021-10-01 13:10:11,3550.0,3300.0,6613600.0
730,2021-10-01 13:10:07,3550.0,1700.0,6610300.0
731,2021-10-01 13:10:07,3550.0,400.0,6608600.0
732,2021-10-01 13:09:54,3550.0,200.0,6608200.0
733,2021-10-01 13:09:28,3550.0,100.0,6608000.0
734,2021-10-01 13:09:14,3550.0,3900.0,6607900.0
735,2021-10-01 13:09:14,3550.0,800.0,6604000.0
736,2021-10-01 13:09:14,3550.0,500.0,6603200.0
737,2021-10-01 13:09:14,3550.0,100.0,6602700.0
738,2021-10-01 13:09:14,3550.0,200.0,6602600.0
739,2021-10-01 13:09:14,3550.0,2000.0,6602400.0
740,2021-10-01 13:09:14,3550.0,200.0,6600400.0
741,2021-10-01 13:09:14,3550.0,1900.0,6600200.0
742,2021-10-01 13:09:14,3550.0,300.0,6598300.0
743,2021-10-01 13:09:14,3550.0,1000.0,6598000.0
744,2021-10-01 13:09:14,3550.0,500.0,6597000.0
745,2021-10-01 13:09:14,3550.0,1900.0,6596500.0
746,2021-10-01 13:09:14,3550.0,1000.0,6594600.0
747,2021-10-01 13:09:14,3550.0,700.0,6593600.0
748,2021-10-01 13:09:14,3550.0,800.0,6592900.0
749,2021-10-01 13:09:14,3550.0,1200.0,6592100.0
750,2021-10-01 13:08:32,3560.0,2000.0,6590900.0
751,2021-10-01 13:07:54,3560.0,1300.0,6588900.0
752,2021-10-01 13:07:45,3550.0,500.0,6587600.0
753,2021-10-01 13:07:27,3560.0,100.0,6587100.0
754,2021-10-01 13:06:45,3560.0,1000.0,6587000.0
755,2021-10-01 13:06:25,3560.0,100.0,6586000.0
756,2021-10-01 13:06:17,3560.0,800.0,6585900.0
757,2021-10-01 13:05:31,3560.0,100.0,6585100.0
758,2021-10-01 13:05:09,3560.0,700.0,6585000.0
759,2021-10-01 13:05:09,3560.0,10100.0,6584300.0
760,2021-10-01 13:03:43,3550.0,100.0,6574200.0
761,2021-10-01 13:03:07,3560.0,14900.0,6574100.0
762,2021-10-01 13:03:07,3560.0,100.0,6559200.0
763,2021-10-01 13:02:38,3560.0,500.0,6559100.0
764,2021-10-01 13:02:20,3560.0,5100.0,6558600.0
765,2021-10-01 13:02:19,3560.0,500.0,6553500.0
766,2021-10-01 13:01:47,3560.0,500.0,6553000.0
767,2021-10-01 13:01:47,3560.0,3900.0,6552500.0
768,2021-10-01 13:01:34,3560.0,16100.0,6548600.0
769,2021-10-01 13:01:34,3560.0,200.0,6532500.0
770,2021-10-01 13:01:34,3560.0,3700.0,6532300.0
771,2021-10-01 13:01:10,3560.0,500.0,6528600.0
772,2021-10-01 13:01:07,3560.0,3300.0,6528100.0
773,2021-10-01 13:01:05,3550.0,1000.0,6524800.0
774,2021-10-01 13:01:05,3550.0,2000.0,6523800.0
775,2021-10-01 13:01:05,3550.0,200.0,6521800.0
776,2021-10-01 13:01:05,3550.0,1000.0,6521600.0
777,2021-10-01 13:01:05,3550.0,100.0,6520600.0
778,2021-10-01 13:01:05,3550.0,2000.0,6520500.0
779,2021-10-01 13:00:51,3560.0,2100.0,6518500.0
780,2021-10-01 13:00:51,3560.0,1000.0,6516400.0
781,2021-10-01 13:00:51,3560.0,1900.0,6515400.0
782,2021-10-01 13:00:32,3560.0,1000.0,6513500.0
783,2021-10-01 13:00:27,3560.0,1800.0,6512500.0
784,2021-10-01 13:00:24,3550.0,1000.0,6510700.0
785,2021-10-01 13:00:24,3550.0,2000.0,6509700.0
786,2021-10-01 13:00:24,3550.0,200.0,6507700.0
787,2021-10-01 13:00:17,3560.0,100.0,6507500.0
788,2021-10-01 13:00:14,3560.0,300.0,6507400.0
789,2021-10-01 13:00:09,3560.0,100.0,6507100.0
790,2021-10-01 13:00:03,3550.0,2000.0,6507000.0
791,2021-10-01 13:00:03,3560.0,1000.0,6505000.0
792,2021-10-01 13:00:02,3560.0,2000.0,6504000.0
793,2021-10-01 13:00:01,3550.0,2800.0,6502000.0
794,2021-10-01 13:00:01,3550.0,2300.0,6499200.0
795,2021-10-01 13:00:01,3560.0,1300.0,6496900.0
796,2021-10-01 13:00:01,3560.0,100.0,6495600.0
797,2021-10-01 13:00:01,3560.0,400.0,6495500.0
798,2021-10-01 13:00:01,3560.0,100.0,6495100.0
799,2021-10-01 13:00:01,3560.0,100.0,6495000.0
800,2021-10-01 13:00:01,3560.0,300.0,6494900.0
801,2021-10-01 13:00:01,3560.0,100.0,6494600.0
802,2021-10-01 11:29:52,3560.0,4000.0,6494500.0
803,2021-10-01 11:29:28,3560.0,100.0,6490500.0
804,2021-10-01 11:29:28,3560.0,200.0,6490400.0
805,2021-10-01 11:28:51,3560.0,100.0,6490200.0
806,2021-10-01 11:27:41,3560.0,10000.0,6490100.0
807,2021-10-01 11:27:41,3560.0,200.0,6480100.0
808,2021-10-01 11:27:41,3560.0,2000.0,6479900.0
809,2021-10-01 11:27:38,3560.0,3000.0,6477900.0
810,2021-10-01 11:27:38,3560.0,500.0,6474900.0
811,2021-10-01 11:27:38,3560.0,1500.0,6474400.0
812,2021-10-01 11:27:18,3560.0,3500.0,6472900.0
813,2021-10-01 11:27:18,3560.0,5000.0,6469400.0
814,2021-10-01 11:27:18,3560.0,1500.0,6464400.0
815,2021-10-01 11:27:17,3550.0,10000.0,6462900.0
816,2021-10-01 11:26:53,3550.0,100.0,6452900.0
817,2021-10-01 11:25:53,3550.0,900.0,6452800.0
818,2021-10-01 11:25:53,3550.0,100.0,6451900.0
819,2021-10-01 11:25:13,3560.0,3500.0,6451800.0
820,2021-10-01 11:25:13,3560.0,6500.0,6448300.0
821,2021-10-01 11:23:59,3560.0,2000.0,6441800.0
822,2021-10-01 11:23:42,3560.0,200.0,6439800.0
823,2021-10-01 11:23:42,3560.0,200.0,6439600.0
824,2021-10-01 11:23:42,3560.0,100.0,6439400.0
825,2021-10-01 11:23:42,3560.0,1000.0,6439300.0
826,2021-10-01 11:23:37,3570.0,700.0,6438300.0
827,2021-10-01 11:23:09,3570.0,2500.0,6437600.0
828,2021-10-01 11:23:06,3570.0,300.0,6435100.0
829,2021-10-01 11:23:06,3570.0,100.0,6434800.0
830,2021-10-01 11:23:00,3570.0,4000.0,6434700.0
831,2021-10-01 11:22:52,3570.0,100.0,6430700.0
832,2021-10-01 11:22:43,3570.0,300.0,6430600.0
833,2021-10-01 11:22:42,3570.0,500.0,6430300.0
834,2021-10-01 11:22:42,3570.0,1000.0,6429800.0
835,2021-10-01 11:22:42,3570.0,2200.0,6428800.0
836,2021-10-01 11:22:39,3570.0,5000.0,6426600.0
837,2021-10-01 11:22:38,3570.0,200.0,6421600.0
838,2021-10-01 11:22:37,3570.0,5000.0,6421400.0
839,2021-10-01 11:22:31,3570.0,200.0,6416400.0
840,2021-10-01 11:22:22,3570.0,2000.0,6416200.0
841,2021-10-01 11:22:06,3570.0,2000.0,6414200.0
842,2021-10-01 11:22:05,3570.0,2100.0,6412200.0
843,2021-10-01 11:22:05,3570.0,1100.0,6410100.0
844,2021-10-01 11:22:05,3570.0,800.0,6409000.0
845,2021-10-01 11:21:57,3570.0,1000.0,6408200.0
846,2021-10-01 11:21:55,3570.0,1000.0,6407200.0
847,2021-10-01 11:21:46,3570.0,500.0,6406200.0
848,2021-10-01 11:21:23,3570.0,5000.0,6405700.0
849,2021-10-01 11:21:20,3570.0,3700.0,6400700.0
850,2021-10-01 11:21:15,3570.0,200.0,6397000.0
851,2021-10-01 11:21:08,3570.0,500.0,6396800.0
852,2021-10-01 11:21:06,3570.0,7200.0,6396300.0
853,2021-10-01 11:21:05,3570.0,100.0,6389100.0
854,2021-10-01 11:21:00,3570.0,400.0,6389000.0
855,2021-10-01 11:21:00,3570.0,9500.0,6388600.0
856,2021-10-01 11:20:54,3570.0,1000.0,6379100.0
857,2021-10-01 11:20:54,3570.0,10000.0,6378100.0
858,2021-10-01 11:20:54,3570.0,5000.0,6368100.0
859,2021-10-01 11:20:54,3570.0,4500.0,6363100.0
860,2021-10-01 11:20:50,3570.0,5000.0,6358600.0
861,2021-10-01 11:20:25,3570.0,900.0,6353600.0
862,2021-10-01 11:20:13,3570.0,5000.0,6352700.0
863,2021-10-01 11:20:13,3570.0,200.0,6347700.0
864,2021-10-01 11:20:13,3570.0,3000.0,6347500.0
865,2021-10-01 11:20:13,3570.0,1400.0,6344500.0
866,2021-10-01 11:20:08,3570.0,5000.0,6343100.0
867,2021-10-01 11:20:06,3580.0,100.0,6338100.0
868,2021-10-01 11:20:03,3570.0,1000.0,6338000.0
869,2021-10-01 11:20:01,3570.0,5000.0,6337000.0
870,2021-10-01 11:19:52,3570.0,2000.0,6332000.0
871,2021-10-01 11:19:30,3570.0,10000.0,6330000.0
872,2021-10-01 11:19:27,3570.0,15000.0,6320000.0
873,2021-10-01 11:19:24,3580.0,1400.0,6305000.0
874,2021-10-01 11:19:22,3570.0,5000.0,6303600.0
875,2021-10-01 11:19:21,3570.0,800.0,6298600.0
876,2021-10-01 11:19:21,3570.0,100.0,6297800.0
877,2021-10-01 11:19:21,3570.0,3900.0,6297700.0
878,2021-10-01 11:19:21,3570.0,800.0,6293800.0
879,2021-10-01 11:19:18,3570.0,500.0,6293000.0
880,2021-10-01 11:19:12,3570.0,900.0,6292500.0
881,2021-10-01 11:19:09,3570.0,2200.0,6291600.0
882,2021-10-01 11:19:06,3570.0,500.0,6289400.0
883,2021-10-01 11:19:06,3570.0,400.0,6288900.0
884,2021-10-01 11:19:04,3570.0,1000.0,6288500.0
885,2021-10-01 11:19:04,3570.0,800.0,6287500.0
886,2021-10-01 11:19:01,3570.0,3200.0,6286700.0
887,2021-10-01 11:19:01,3570.0,1800.0,6283500.0
888,2021-10-01 11:19:00,3570.0,5000.0,6281700.0
889,2021-10-01 11:18:59,3570.0,2000.0,6276700.0
890,2021-10-01 11:18:58,3570.0,5000.0,6274700.0
891,2021-10-01 11:18:51,3570.0,100.0,6269700.0
892,2021-10-01 11:18:44,3570.0,200.0,6269600.0
893,2021-10-01 11:18:36,3570.0,2200.0,6269400.0
894,2021-10-01 11:18:32,3570.0,10000.0,6267200.0
895,2021-10-01 11:18:32,3570.0,2000.0,6257200.0
896,2021-10-01 11:18:31,3570.0,2200.0,6255200.0
897,2021-10-01 11:18:29,3570.0,500.0,6253000.0
898,2021-10-01 11:18:17,3570.0,5000.0,6252500.0
899,2021-10-01 11:18:14,3570.0,20000.0,6247500.0
900,2021-10-01 11:18:07,3580.0,100.0,6227500.0
901,2021-10-01 11:18:07,3570.0,100.0,6227400.0
902,2021-10-01 11:18:06,3570.0,100.0,6227300.0
903,2021-10-01 11:18:06,3570.0,10000.0,6227200.0
904,2021-10-01 11:18:06,3570.0,5300.0,6217200.0
905,2021-10-01 11:18:05,3560.0,1400.0,6211900.0
906,2021-10-01 11:17:54,3570.0,500.0,6210500.0
907,2021-10-01 11:17:51,3570.0,300.0,6210000.0
908,2021-10-01 11:17:44,3570.0,2000.0,6209700.0
909,2021-10-01 11:17:32,3570.0,300.0,6207700.0
910,2021-10-01 11:17:30,3570.0,1600.0,6207400.0
911,2021-10-01 11:17:28,3580.0,100.0,6205800.0
912,2021-10-01 11:17:25,3580.0,1400.0,6205700.0
913,2021-10-01 11:17:25,3580.0,2000.0,6204300.0
914,2021-10-01 11:17:25,3580.0,5000.0,6202300.0
915,2021-10-01 11:17:25,3580.0,200.0,6197300.0
916,2021-10-01 11:17:25,3580.0,1900.0,6197100.0
917,2021-10-01 11:17:24,3570.0,3500.0,6195200.0
918,2021-10-01 11:17:24,3570.0,4900.0,6191700.0
919,2021-10-01 11:17:14,3570.0,100.0,6186800.0
920,2021-10-01 11:16:58,3580.0,200.0,6186700.0
921,2021-10-01 11:16:28,3560.0,2300.0,6186500.0
922,2021-10-01 11:16:28,3570.0,10000.0,6184200.0
923,2021-10-01 11:16:28,3570.0,2000.0,6174200.0
924,2021-10-01 11:16:28,3570.0,100.0,6172200.0
925,2021-10-01 11:16:28,3570.0,44600.0,6172100.0
926,2021-10-01 11:16:27,3580.0,200.0,6127500.0
927,2021-10-01 11:16:27,3580.0,1000.0,6127300.0
928,2021-10-01 11:16:18,3580.0,7500.0,6126300.0
929,2021-10-01 11:16:18,3580.0,5300.0,6118800.0
930,2021-10-01 11:16:12,3580.0,100.0,6113500.0
931,2021-10-01 11:16:09,3580.0,4600.0,6113400.0
932,2021-10-01 11:16:09,3580.0,300.0,6108800.0
933,2021-10-01 11:16:09,3580.0,100.0,6108500.0
934,2021-10-01 11:16:07,3590.0,5000.0,6108400.0
935,2021-10-01 11:16:02,3580.0,100.0,6103400.0
936,2021-10-01 11:15:58,3580.0,3500.0,6103300.0
937,2021-10-01 11:15:58,3580.0,100.0,6099800.0
938,2021-10-01 11:15:50,3580.0,5000.0,6099700.0
939,2021-10-01 11:15:50,3580.0,3500.0,6094700.0
940,2021-10-01 11:15:49,3580.0,100.0,6091200.0
941,2021-10-01 11:15:49,3580.0,1000.0,6091100.0
942,2021-10-01 11:15:49,3580.0,1000.0,6090100.0
943,2021-10-01 11:15:49,3580.0,3000.0,6089100.0
944,2021-10-01 11:15:49,3580.0,500.0,6086100.0
945,2021-10-01 11:15:49,3580.0,1000.0,6085600.0
946,2021-10-01 11:15:49,3580.0,500.0,6084600.0
947,2021-10-01 11:15:49,3580.0,600.0,6084100.0
948,2021-10-01 11:15:48,3570.0,200.0,6083500.0
949,2021-10-01 11:15:40,3570.0,100.0,6083300.0
950,2021-10-01 11:15:40,3570.0,5000.0,6083200.0
951,2021-10-01 11:15:40,3570.0,100.0,6078200.0
952,2021-10-01 11:15:38,3570.0,10000.0,6078100.0
953,2021-10-01 11:15:30,3570.0,39900.0,6068100.0
954,2021-10-01 11:15:30,3570.0,100.0,6028200.0
955,2021-10-01 11:15:30,3570.0,10000.0,6028100.0
956,2021-10-01 11:15:29,3560.0,5000.0,6018100.0
957,2021-10-01 11:15:18,3560.0,5000.0,6013100.0
958,2021-10-01 11:15:18,3560.0,20000.0,6008100.0
959,2021-10-01 11:15:18,3560.0,1500.0,5988100.0
960,2021-10-01 11:15:12,3560.0,100.0,5986600.0
961,2021-10-01 11:15:05,3560.0,8400.0,5986500.0
962,2021-10-01 11:15:05,3560.0,500.0,5978100.0
963,2021-10-01 11:15:05,3560.0,20000.0,5977600.0
964,2021-10-01 11:15:05,3560.0,100.0,5957600.0
965,2021-10-01 11:14:37,3550.0,200.0,5957500.0
966,2021-10-01 11:14:35,3550.0,500.0,5957300.0
967,2021-10-01 11:14:27,3550.0,2000.0,5956800.0
968,2021-10-01 11:14:27,3550.0,100.0,5954800.0
969,2021-10-01 11:14:27,3550.0,2000.0,5954700.0
970,2021-10-01 11:14:27,3550.0,1000.0,5952700.0
971,2021-10-01 11:14:27,3550.0,30000.0,5951700.0
972,2021-10-01 11:14:27,3550.0,10000.0,5921700.0
973,2021-10-01 11:14:27,3550.0,1000.0,5911700.0
974,2021-10-01 11:14:27,3550.0,100.0,5910700.0
975,2021-10-01 11:14:27,3550.0,2000.0,5910600.0
976,2021-10-01 11:14:27,3550.0,700.0,5908600.0
977,2021-10-01 11:14:27,3550.0,200.0,5907900.0
978,2021-10-01 11:14:27,3550.0,200.0,5907700.0
979,2021-10-01 11:14:27,3550.0,1100.0,5907500.0
980,2021-10-01 11:14:27,3550.0,1000.0,5906400.0
981,2021-10-01 11:14:27,3550.0,400.0,5905400.0
982,2021-10-01 11:14:27,3550.0,5000.0,5905000.0
983,2021-10-01 11:14:20,3550.0,10000.0,5900000.0
984,2021-10-01 11:14:16,3550.0,4000.0,5890000.0
985,2021-10-01 11:14:16,3550.0,300.0,5886000.0
986,2021-10-01 11:14:13,3550.0,400.0,5885700.0
987,2021-10-01 11:14:11,3550.0,300.0,5885300.0
988,2021-10-01 11:14:01,3550.0,100.0,5885000.0
989,2021-10-01 11:14:01,3550.0,100.0,5884900.0
990,2021-10-01 11:14:01,3550.0,9800.0,5884800.0
991,2021-10-01 11:13:59,3550.0,200.0,5875000.0
992,2021-10-01 11:13:59,3550.0,1600.0,5874800.0
993,2021-10-01 11:13:53,3550.0,400.0,5873200.0
994,2021-10-01 11:13:53,3550.0,1000.0,5872800.0
995,2021-10-01 11:13:53,3550.0,3000.0,5871800.0
996,2021-10-01 11:13:53,3550.0,1000.0,5868800.0
997,2021-10-01 11:13:53,3550.0,100.0,5867800.0
998,2021-10-01 11:13:53,3550.0,100.0,5867700.0
999,2021-10-01 11:13:53,3550.0,400.0,5867600.0
1000,2021-10-01 11:13:52,3540.0,300.0,5867200.0
1001,2021-10-01 11:13:47,3550.0,400.0,5866900.0
1002,2021-10-01 11:13:39,3550.0,1200.0,5866500.0
1003,2021-10-01 11:13:39,3550.0,5000.0,5865300.0
1004,2021-10-01 11:13:39,3550.0,200.0,5860300.0
1005,2021-10-01 11:13:39,3550.0,100.0,5860100.0
1006,2021-10-01 11:13:39,3550.0,100.0,5860000.0
1007,2021-10-01 11:13:39,3550.0,200.0,5859900.0
1008,2021-10-01 11:13:39,3550.0,1000.0,5859700.0
1009,2021-10-01 11:13:39,3550.0,100.0,5858700.0
1010,2021-10-01 11:13:39,3550.0,2000.0,5858600.0
1011,2021-10-01 11:13:39,3550.0,100.0,5856600.0
1012,2021-10-01 11:13:20,3540.0,7000.0,5856500.0
1013,2021-10-01 11:13:20,3540.0,1000.0,5849500.0
1014,2021-10-01 11:13:20,3540.0,4500.0,5848500.0
1015,2021-10-01 11:13:20,3540.0,2000.0,5844000.0
1016,2021-10-01 11:13:20,3540.0,1000.0,5842000.0
1017,2021-10-01 11:13:20,3540.0,500.0,5841000.0
1018,2021-10-01 11:13:20,3540.0,10000.0,5840500.0
1019,2021-10-01 11:13:20,3540.0,500.0,5830500.0
1020,2021-10-01 11:13:20,3540.0,20000.0,5830000.0
1021,2021-10-01 11:13:20,3540.0,600.0,5810000.0
1022,2021-10-01 11:13:10,3540.0,400.0,5809400.0
1023,2021-10-01 11:13:10,3540.0,500.0,5809000.0
1024,2021-10-01 11:13:10,3540.0,100.0,5808500.0
1025,2021-10-01 11:12:28,3530.0,5500.0,5808400.0
1026,2021-10-01 11:12:28,3530.0,300.0,5802900.0
1027,2021-10-01 11:12:28,3530.0,1000.0,5802600.0
1028,2021-10-01 11:12:28,3530.0,5000.0,5801600.0
1029,2021-10-01 11:12:28,3530.0,1000.0,5796600.0
1030,2021-10-01 11:12:28,3530.0,100.0,5795600.0
1031,2021-10-01 11:12:28,3530.0,100.0,5795500.0
1032,2021-10-01 11:12:28,3530.0,30000.0,5795400.0
1033,2021-10-01 11:12:28,3530.0,1000.0,5765400.0
1034,2021-10-01 11:12:28,3530.0,1000.0,5764400.0
1035,2021-10-01 11:12:28,3530.0,3000.0,5763400.0
1036,2021-10-01 11:12:28,3530.0,100.0,5760400.0
1037,2021-10-01 11:12:28,3530.0,5000.0,5760300.0
1038,2021-10-01 11:12:23,3530.0,2000.0,5755300.0
1039,2021-10-01 11:12:23,3530.0,2000.0,5753300.0
1040,2021-10-01 11:12:23,3530.0,200.0,5751300.0
1041,2021-10-01 11:12:23,3530.0,300.0,5751100.0
1042,2021-10-01 11:12:23,3530.0,500.0,5750800.0
1043,2021-10-01 11:12:23,3530.0,500.0,5750300.0
1044,2021-10-01 11:12:23,3530.0,2000.0,5749800.0
1045,2021-10-01 11:12:23,3530.0,5000.0,5747800.0
1046,2021-10-01 11:12:23,3530.0,400.0,5742800.0
1047,2021-10-01 11:12:23,3530.0,4000.0,5742400.0
1048,2021-10-01 11:12:23,3530.0,1000.0,5738400.0
1049,2021-10-01 11:12:23,3530.0,1000.0,5737400.0
1050,2021-10-01 11:12:23,3530.0,1000.0,5736400.0
1051,2021-10-01 11:12:23,3530.0,100.0,5735400.0
1052,2021-10-01 11:11:51,3520.0,100.0,5735300.0
1053,2021-10-01 11:11:51,3520.0,5000.0,5735200.0
1054,2021-10-01 11:11:51,3520.0,200.0,5730200.0
1055,2021-10-01 11:11:51,3520.0,200.0,5730000.0
1056,2021-10-01 11:11:51,3520.0,400.0,5729800.0
1057,2021-10-01 11:11:51,3520.0,2000.0,5729400.0
1058,2021-10-01 11:11:51,3520.0,1000.0,5727400.0
1059,2021-10-01 11:11:51,3520.0,2000.0,5726400.0
1060,2021-10-01 11:11:51,3520.0,3000.0,5724400.0
1061,2021-10-01 11:11:51,3520.0,100.0,5721400.0
1062,2021-10-01 11:11:51,3520.0,1000.0,5721300.0
1063,2021-10-01 11:11:51,3520.0,1500.0,5720300.0
1064,2021-10-01 11:11:51,3520.0,10000.0,5718800.0
1065,2021-10-01 11:11:49,3520.0,18500.0,5708800.0
1066,2021-10-01 11:11:49,3520.0,500.0,5690300.0
1067,2021-10-01 11:11:49,3520.0,25200.0,5689800.0
1068,2021-10-01 11:11:35,3520.0,5000.0,5664600.0
1069,2021-10-01 11:11:24,3520.0,18000.0,5659600.0
1070,2021-10-01 11:11:24,3520.0,200.0,5641600.0
1071,2021-10-01 11:11:24,3520.0,1800.0,5641400.0
1072,2021-10-01 11:10:53,3510.0,3400.0,5639600.0
1073,2021-10-01 11:10:48,3510.0,7600.0,5636200.0
1074,2021-10-01 11:10:48,3510.0,5000.0,5628600.0
1075,2021-10-01 11:10:48,3510.0,1700.0,5623600.0
1076,2021-10-01 11:10:48,3510.0,100.0,5621900.0
1077,2021-10-01 11:10:48,3510.0,10000.0,5621800.0
1078,2021-10-01 11:10:48,3510.0,30000.0,5611800.0
1079,2021-10-01 11:10:48,3510.0,3000.0,5581800.0
1080,2021-10-01 11:10:48,3510.0,2000.0,5578800.0
1081,2021-10-01 11:10:48,3510.0,1000.0,5576800.0
1082,2021-10-01 11:10:48,3510.0,2200.0,5575800.0
1083,2021-10-01 11:10:48,3510.0,1000.0,5573600.0
1084,2021-10-01 11:10:48,3510.0,500.0,5572600.0
1085,2021-10-01 11:10:48,3510.0,200.0,5572100.0
1086,2021-10-01 11:10:48,3510.0,200.0,5571900.0
1087,2021-10-01 11:10:48,3510.0,5000.0,5571700.0
1088,2021-10-01 11:10:48,3510.0,100.0,5566700.0
1089,2021-10-01 11:10:48,3510.0,3500.0,5566600.0
1090,2021-10-01 11:10:48,3510.0,100.0,5563100.0
1091,2021-10-01 11:10:48,3510.0,1600.0,5563000.0
1092,2021-10-01 11:10:48,3510.0,125200.0,5561400.0
1093,2021-10-01 11:10:19,3500.0,5800.0,5436200.0
1094,2021-10-01 11:10:19,3500.0,3200.0,5430400.0
1095,2021-10-01 11:10:11,3510.0,2700.0,5427200.0
1096,2021-10-01 11:09:44,3510.0,46100.0,5424500.0
1097,2021-10-01 11:09:44,3510.0,3900.0,5378400.0
1098,2021-10-01 11:09:01,3510.0,300.0,5374500.0
1099,2021-10-01 11:08:42,3500.0,500.0,5374200.0
1100,2021-10-01 11:08:18,3500.0,15000.0,5373700.0
1101,2021-10-01 11:08:06,3510.0,100.0,5358700.0
1102,2021-10-01 11:07:42,3500.0,1300.0,5358600.0
1103,2021-10-01 11:07:42,3500.0,7000.0,5357300.0
1104,2021-10-01 11:07:42,3500.0,2700.0,5350300.0
1105,2021-10-01 11:07:21,3500.0,3400.0,5347600.0
1106,2021-10-01 11:06:17,3500.0,2900.0,5344200.0
1107,2021-10-01 11:06:17,3500.0,600.0,5341300.0
1108,2021-10-01 11:06:17,3500.0,6500.0,5340700.0
1109,2021-10-01 11:06:17,3500.0,3100.0,5334200.0
1110,2021-10-01 11:05:32,3500.0,100.0,5331100.0
1111,2021-10-01 11:04:51,3500.0,400.0,5331000.0
1112,2021-10-01 11:04:37,3500.0,9900.0,5330600.0
1113,2021-10-01 11:04:36,3500.0,100.0,5320700.0
1114,2021-10-01 11:04:36,3500.0,100.0,5320600.0
1115,2021-10-01 11:04:27,3500.0,200.0,5320500.0
1116,2021-10-01 11:04:21,3500.0,9100.0,5320300.0
1117,2021-10-01 11:04:21,3500.0,400.0,5311200.0
1118,2021-10-01 11:04:21,3500.0,2000.0,5310800.0
1119,2021-10-01 11:04:21,3500.0,13700.0,5308800.0
1120,2021-10-01 11:04:10,3500.0,100.0,5295100.0
1121,2021-10-01 11:04:10,3500.0,1200.0,5295000.0
1122,2021-10-01 11:03:43,3500.0,3100.0,5293800.0
1123,2021-10-01 11:03:38,3500.0,1000.0,5290700.0
1124,2021-10-01 11:03:30,3500.0,1000.0,5289700.0
1125,2021-10-01 11:03:30,3500.0,24900.0,5288700.0
1126,2021-10-01 11:03:19,3500.0,1000.0,5263800.0
1127,2021-10-01 11:03:13,3500.0,8900.0,5262800.0
1128,2021-10-01 11:03:13,3500.0,1100.0,5253900.0
1129,2021-10-01 11:03:04,3500.0,300.0,5252800.0
1130,2021-10-01 11:02:31,3500.0,300.0,5252500.0
1131,2021-10-01 11:02:07,3500.0,100.0,5252200.0
1132,2021-10-01 11:02:07,3500.0,1800.0,5252100.0
1133,2021-10-01 11:02:07,3500.0,5000.0,5250300.0
1134,2021-10-01 11:02:07,3500.0,700.0,5245300.0
1135,2021-10-01 11:02:07,3500.0,100.0,5244600.0
1136,2021-10-01 11:02:07,3500.0,20600.0,5244500.0
1137,2021-10-01 11:02:00,3510.0,200.0,5223900.0
1138,2021-10-01 11:01:24,3500.0,700.0,5223700.0
1139,2021-10-01 11:01:13,3500.0,3300.0,5223000.0
1140,2021-10-01 11:01:13,3500.0,200.0,5219700.0
1141,2021-10-01 11:01:13,3500.0,100.0,5219500.0
1142,2021-10-01 11:01:13,3500.0,16400.0,5219400.0
1143,2021-10-01 11:00:57,3500.0,13600.0,5203000.0
1144,2021-10-01 11:00:57,3500.0,800.0,5189400.0
1145,2021-10-01 11:00:57,3500.0,5600.0,5188600.0
1146,2021-10-01 11:00:26,3500.0,1900.0,5183000.0
1147,2021-10-01 11:00:26,3500.0,700.0,5181100.0
1148,2021-10-01 11:00:26,3500.0,5800.0,5180400.0
1149,2021-10-01 11:00:26,3500.0,1600.0,5174600.0
1150,2021-10-01 10:59:48,3510.0,200.0,5173000.0
1151,2021-10-01 10:59:33,3500.0,5000.0,5172800.0
1152,2021-10-01 10:59:33,3500.0,3400.0,5167800.0
1153,2021-10-01 10:59:22,3500.0,2600.0,5164400.0
1154,2021-10-01 10:59:22,3500.0,400.0,5161800.0
1155,2021-10-01 10:58:46,3500.0,1000.0,5161400.0
1156,2021-10-01 10:58:44,3500.0,600.0,5160400.0
1157,2021-10-01 10:58:44,3500.0,100.0,5159800.0
1158,2021-10-01 10:58:44,3500.0,2000.0,5159700.0
1159,2021-10-01 10:58:44,3500.0,2000.0,5157700.0
1160,2021-10-01 10:58:44,3500.0,500.0,5155700.0
1161,2021-10-01 10:58:44,3500.0,3500.0,5155200.0
1162,2021-10-01 10:58:18,3500.0,600.0,5151700.0
1163,2021-10-01 10:58:18,3500.0,100.0,5151100.0
1164,2021-10-01 10:58:18,3500.0,1000.0,5151000.0
1165,2021-10-01 10:58:18,3500.0,900.0,5150000.0
1166,2021-10-01 10:58:18,3500.0,7400.0,5149100.0
1167,2021-10-01 10:58:18,3500.0,7600.0,5141700.0
1168,2021-10-01 10:58:18,3500.0,100.0,5134100.0
1169,2021-10-01 10:58:16,3500.0,100.0,5134000.0
1170,2021-10-01 10:58:16,3500.0,500.0,5133900.0
1171,2021-10-01 10:58:16,3500.0,2400.0,5133400.0
1172,2021-10-01 10:58:12,3500.0,200.0,5131000.0
1173,2021-10-01 10:56:48,3500.0,1000.0,5130800.0
1174,2021-10-01 10:56:26,3500.0,100.0,5129800.0
1175,2021-10-01 10:56:09,3490.0,300.0,5129700.0
1176,2021-10-01 10:56:02,3490.0,8000.0,5129400.0
1177,2021-10-01 10:55:40,3490.0,14700.0,5121400.0
1178,2021-10-01 10:55:32,3500.0,1000.0,5106700.0
1179,2021-10-01 10:54:50,3500.0,1000.0,5105700.0
1180,2021-10-01 10:54:44,3500.0,100.0,5104700.0
1181,2021-10-01 10:54:35,3500.0,1000.0,5104600.0
1182,2021-10-01 10:54:07,3500.0,2000.0,5103600.0
1183,2021-10-01 10:53:44,3500.0,200.0,5101600.0
1184,2021-10-01 10:53:44,3500.0,1600.0,5101400.0
1185,2021-10-01 10:53:35,3500.0,300.0,5099800.0
1186,2021-10-01 10:53:24,3500.0,900.0,5099500.0
1187,2021-10-01 10:53:15,3500.0,7100.0,5098600.0
1188,2021-10-01 10:53:15,3500.0,20000.0,5091500.0
1189,2021-10-01 10:53:15,3500.0,700.0,5071500.0
1190,2021-10-01 10:53:15,3500.0,29200.0,5070800.0
1191,2021-10-01 10:53:15,3500.0,100.0,5041600.0
1192,2021-10-01 10:52:47,3500.0,200.0,5041500.0
1193,2021-10-01 10:52:42,3500.0,500.0,5041300.0
1194,2021-10-01 10:52:32,3500.0,1000.0,5040800.0
1195,2021-10-01 10:52:27,3500.0,2200.0,5039800.0
1196,2021-10-01 10:52:06,3500.0,100.0,5037600.0
1197,2021-10-01 10:51:59,3500.0,500.0,5037500.0
1198,2021-10-01 10:51:23,3490.0,300.0,5037000.0
1199,2021-10-01 10:51:23,3490.0,100.0,5036700.0
1200,2021-10-01 10:51:23,3490.0,300.0,5036600.0
1201,2021-10-01 10:51:11,3500.0,1000.0,5036300.0
1202,2021-10-01 10:50:28,3500.0,100.0,5035300.0
1203,2021-10-01 10:50:11,3490.0,300.0,5035200.0
1204,2021-10-01 10:50:07,3500.0,10000.0,5034900.0
1205,2021-10-01 10:50:07,3500.0,2400.0,5024900.0
1206,2021-10-01 10:50:07,3500.0,100.0,5022500.0
1207,2021-10-01 10:50:07,3500.0,500.0,5022400.0
1208,2021-10-01 10:50:07,3500.0,100.0,5021900.0
1209,2021-10-01 10:50:07,3500.0,3300.0,5021800.0
1210,2021-10-01 10:50:07,3500.0,10000.0,5018500.0
1211,2021-10-01 10:50:07,3500.0,1000.0,5008500.0
1212,2021-10-01 10:50:07,3500.0,17100.0,5007500.0
1213,2021-10-01 10:50:07,3500.0,20600.0,4990400.0
1214,2021-10-01 10:50:00,3500.0,4700.0,4969800.0
1215,2021-10-01 10:49:52,3500.0,2500.0,4965100.0
1216,2021-10-01 10:49:16,3500.0,200.0,4962600.0
1217,2021-10-01 10:48:06,3510.0,100.0,4962400.0
1218,2021-10-01 10:47:51,3500.0,3000.0,4962300.0
1219,2021-10-01 10:47:39,3500.0,100.0,4959300.0
1220,2021-10-01 10:47:36,3500.0,100.0,4959200.0
1221,2021-10-01 10:47:36,3500.0,500.0,4959100.0
1222,2021-10-01 10:47:36,3500.0,3000.0,4958600.0
1223,2021-10-01 10:47:36,3500.0,2000.0,4955600.0
1224,2021-10-01 10:47:36,3500.0,100.0,4953600.0
1225,2021-10-01 10:47:36,3500.0,1000.0,4953500.0
1226,2021-10-01 10:47:36,3500.0,100.0,4952500.0
1227,2021-10-01 10:47:36,3500.0,12100.0,4952400.0
1228,2021-10-01 10:47:17,3490.0,100.0,4940300.0
1229,2021-10-01 10:47:16,3490.0,1000.0,4940200.0
1230,2021-10-01 10:47:11,3500.0,46400.0,4939200.0
1231,2021-10-01 10:47:05,3500.0,1500.0,4892800.0
1232,2021-10-01 10:47:05,3500.0,100.0,4891300.0
1233,2021-10-01 10:47:05,3500.0,400.0,4891200.0
1234,2021-10-01 10:47:05,3490.0,300.0,4890800.0
1235,2021-10-01 10:47:05,3490.0,700.0,4890500.0
1236,2021-10-01 10:46:41,3490.0,1100.0,4889800.0
1237,2021-10-01 10:46:39,3500.0,3000.0,4888700.0
1238,2021-10-01 10:46:39,3500.0,1000.0,4885700.0
1239,2021-10-01 10:46:39,3500.0,600.0,4884700.0
1240,2021-10-01 10:46:39,3500.0,25400.0,4884100.0
1241,2021-10-01 10:46:36,3500.0,10000.0,4858700.0
1242,2021-10-01 10:46:28,3500.0,1000.0,4848700.0
1243,2021-10-01 10:46:23,3500.0,300.0,4847700.0
1244,2021-10-01 10:46:12,3500.0,100.0,4847400.0
1245,2021-10-01 10:45:47,3500.0,100.0,4847300.0
1246,2021-10-01 10:45:46,3500.0,100.0,4847200.0
1247,2021-10-01 10:45:32,3500.0,400.0,4847100.0
1248,2021-10-01 10:45:27,3500.0,100.0,4846700.0
1249,2021-10-01 10:45:01,3500.0,50000.0,4846600.0
1250,2021-10-01 10:44:22,3500.0,1000.0,4796600.0
1251,2021-10-01 10:44:21,3490.0,100.0,4795600.0
1252,2021-10-01 10:44:05,3500.0,100.0,4795500.0
1253,2021-10-01 10:42:57,3500.0,4600.0,4795400.0
1254,2021-10-01 10:42:57,3500.0,6800.0,4790800.0
1255,2021-10-01 10:42:55,3500.0,3400.0,4784000.0
1256,2021-10-01 10:42:54,3500.0,30000.0,4780600.0
1257,2021-10-01 10:42:46,3500.0,9800.0,4750600.0
1258,2021-10-01 10:42:46,3500.0,100.0,4740800.0
1259,2021-10-01 10:42:46,3500.0,100.0,4740700.0
1260,2021-10-01 10:41:54,3510.0,100.0,4740600.0
1261,2021-10-01 10:41:36,3510.0,100.0,4740500.0
1262,2021-10-01 10:41:36,3510.0,400.0,4740400.0
1263,2021-10-01 10:41:32,3500.0,400.0,4740000.0
1264,2021-10-01 10:41:32,3500.0,3000.0,4739600.0
1265,2021-10-01 10:41:32,3500.0,1000.0,4736600.0
1266,2021-10-01 10:41:32,3500.0,100.0,4735600.0
1267,2021-10-01 10:41:32,3500.0,1000.0,4735500.0
1268,2021-10-01 10:41:32,3500.0,2000.0,4734500.0
1269,2021-10-01 10:41:32,3500.0,600.0,4732500.0
1270,2021-10-01 10:41:32,3500.0,5000.0,4731900.0
1271,2021-10-01 10:41:32,3500.0,4300.0,4726900.0
1272,2021-10-01 10:41:27,3500.0,100.0,4722600.0
1273,2021-10-01 10:40:54,3500.0,200.0,4722500.0
1274,2021-10-01 10:40:42,3500.0,2000.0,4722300.0
1275,2021-10-01 10:40:10,3500.0,500.0,4720300.0
1276,2021-10-01 10:40:00,3500.0,100.0,4719800.0
1277,2021-10-01 10:39:13,3500.0,2000.0,4719700.0
1278,2021-10-01 10:38:37,3500.0,300.0,4717700.0
1279,2021-10-01 10:38:37,3500.0,40500.0,4717400.0
1280,2021-10-01 10:38:31,3500.0,500.0,4676900.0
1281,2021-10-01 10:38:26,3500.0,18400.0,4676400.0
1282,2021-10-01 10:38:17,3500.0,100.0,4658000.0
1283,2021-10-01 10:38:11,3500.0,4000.0,4657900.0
1284,2021-10-01 10:38:11,3500.0,4500.0,4653900.0
1285,2021-10-01 10:38:11,3500.0,10000.0,4649400.0
1286,2021-10-01 10:38:11,3500.0,10000.0,4639400.0
1287,2021-10-01 10:38:11,3500.0,500.0,4629400.0
1288,2021-10-01 10:38:11,3500.0,10000.0,4628900.0
1289,2021-10-01 10:38:11,3500.0,1600.0,4618900.0
1290,2021-10-01 10:38:11,3500.0,300.0,4617300.0
1291,2021-10-01 10:38:11,3500.0,300.0,4617000.0
1292,2021-10-01 10:38:11,3500.0,5000.0,4616700.0
1293,2021-10-01 10:38:11,3500.0,1000.0,4611700.0
1294,2021-10-01 10:38:11,3500.0,200.0,4610700.0
1295,2021-10-01 10:38:11,3500.0,1000.0,4610500.0
1296,2021-10-01 10:38:11,3500.0,4000.0,4609500.0
1297,2021-10-01 10:38:11,3500.0,700.0,4605500.0
1298,2021-10-01 10:38:11,3500.0,13100.0,4604800.0
1299,2021-10-01 10:38:11,3510.0,50000.0,4591700.0
1300,2021-10-01 10:38:11,3510.0,4300.0,4541700.0
1301,2021-10-01 10:37:54,3510.0,100.0,4537400.0
1302,2021-10-01 10:37:54,3510.0,900.0,4537300.0
1303,2021-10-01 10:37:40,3520.0,1000.0,4536400.0
1304,2021-10-01 10:37:23,3510.0,100.0,4535400.0
1305,2021-10-01 10:37:19,3520.0,800.0,4535300.0
1306,2021-10-01 10:37:01,3520.0,1000.0,4534500.0
1307,2021-10-01 10:36:52,3520.0,400.0,4533500.0
1308,2021-10-01 10:36:52,3520.0,100.0,4533100.0
1309,2021-10-01 10:36:52,3520.0,3500.0,4533000.0
1310,2021-10-01 10:36:47,3520.0,16500.0,4529500.0
1311,2021-10-01 10:36:47,3520.0,1000.0,4513000.0
1312,2021-10-01 10:36:47,3520.0,300.0,4512000.0
1313,2021-10-01 10:36:47,3520.0,20000.0,4511700.0
1314,2021-10-01 10:36:47,3520.0,100.0,4491700.0
1315,2021-10-01 10:36:47,3520.0,10000.0,4491600.0
1316,2021-10-01 10:36:47,3520.0,300.0,4481600.0
1317,2021-10-01 10:36:47,3520.0,3000.0,4481300.0
1318,2021-10-01 10:36:47,3520.0,2300.0,4478300.0
1319,2021-10-01 10:36:47,3520.0,200.0,4476000.0
1320,2021-10-01 10:36:47,3520.0,100.0,4475800.0
1321,2021-10-01 10:36:47,3520.0,200.0,4475700.0
1322,2021-10-01 10:36:47,3520.0,1500.0,4475500.0
1323,2021-10-01 10:36:47,3520.0,1000.0,4474000.0
1324,2021-10-01 10:36:47,3520.0,12200.0,4473000.0
1325,2021-10-01 10:36:47,3520.0,1000.0,4460800.0
1326,2021-10-01 10:36:47,3520.0,300.0,4459800.0
1327,2021-10-01 10:36:38,3510.0,1000.0,4459500.0
1328,2021-10-01 10:36:38,3510.0,100.0,4458500.0
1329,2021-10-01 10:35:51,3510.0,7400.0,4458400.0
1330,2021-10-01 10:35:51,3510.0,10000.0,4451000.0
1331,2021-10-01 10:35:51,3510.0,1000.0,4441000.0
1332,2021-10-01 10:35:51,3510.0,1800.0,4440000.0
1333,2021-10-01 10:35:45,3510.0,100.0,4438200.0
1334,2021-10-01 10:35:33,3510.0,600.0,4438100.0
1335,2021-10-01 10:35:33,3510.0,1100.0,4437500.0
1336,2021-10-01 10:35:33,3510.0,300.0,4436400.0
1337,2021-10-01 10:35:33,3510.0,100.0,4436100.0
1338,2021-10-01 10:35:33,3510.0,6000.0,4436000.0
1339,2021-10-01 10:35:33,3510.0,500.0,4430000.0
1340,2021-10-01 10:35:31,3510.0,2200.0,4429500.0
1341,2021-10-01 10:35:10,3510.0,2800.0,4427300.0
1342,2021-10-01 10:35:09,3510.0,8500.0,4424500.0
1343,2021-10-01 10:35:09,3510.0,500.0,4416000.0
1344,2021-10-01 10:35:09,3510.0,1000.0,4415500.0
1345,2021-10-01 10:34:58,3510.0,200.0,4414500.0
1346,2021-10-01 10:34:58,3510.0,800.0,4414300.0
1347,2021-10-01 10:34:55,3500.0,1000.0,4413500.0
1348,2021-10-01 10:34:50,3510.0,2000.0,4412500.0
1349,2021-10-01 10:34:35,3510.0,100.0,4410500.0
1350,2021-10-01 10:34:35,3510.0,300.0,4410400.0
1351,2021-10-01 10:34:35,3510.0,10000.0,4410100.0
1352,2021-10-01 10:34:35,3510.0,2000.0,4400100.0
1353,2021-10-01 10:34:35,3510.0,3000.0,4398100.0
1354,2021-10-01 10:34:35,3510.0,6000.0,4395100.0
1355,2021-10-01 10:34:35,3510.0,3000.0,4389100.0
1356,2021-10-01 10:34:35,3510.0,400.0,4386100.0
1357,2021-10-01 10:34:35,3510.0,3400.0,4385700.0
1358,2021-10-01 10:34:35,3510.0,1800.0,4382300.0
1359,2021-10-01 10:34:26,3510.0,300.0,4380500.0
1360,2021-10-01 10:34:21,3510.0,400.0,4380200.0
1361,2021-10-01 10:34:21,3510.0,100.0,4379800.0
1362,2021-10-01 10:34:21,3510.0,1000.0,4379700.0
1363,2021-10-01 10:34:21,3510.0,10000.0,4378700.0
1364,2021-10-01 10:34:21,3510.0,8500.0,4368700.0
1365,2021-10-01 10:34:12,3510.0,500.0,4360200.0
1366,2021-10-01 10:33:49,3510.0,1000.0,4359700.0
1367,2021-10-01 10:33:15,3500.0,5000.0,4358700.0
1368,2021-10-01 10:33:15,3500.0,900.0,4353700.0
1369,2021-10-01 10:33:15,3500.0,1000.0,4352800.0
1370,2021-10-01 10:33:15,3500.0,11600.0,4351800.0
1371,2021-10-01 10:33:15,3500.0,1000.0,4340200.0
1372,2021-10-01 10:33:15,3500.0,1000.0,4339200.0
1373,2021-10-01 10:33:15,3500.0,100.0,4338200.0
1374,2021-10-01 10:33:15,3500.0,2000.0,4338100.0
1375,2021-10-01 10:33:15,3500.0,500.0,4336100.0
1376,2021-10-01 10:33:15,3500.0,15000.0,4335600.0
1377,2021-10-01 10:33:15,3500.0,1000.0,4320600.0
1378,2021-10-01 10:33:15,3500.0,200.0,4319600.0
1379,2021-10-01 10:33:15,3500.0,2300.0,4319400.0
1380,2021-10-01 10:33:15,3500.0,700.0,4317100.0
1381,2021-10-01 10:33:15,3500.0,600.0,4316400.0
1382,2021-10-01 10:33:15,3500.0,100.0,4315800.0
1383,2021-10-01 10:33:15,3500.0,20000.0,4315700.0
1384,2021-10-01 10:33:15,3500.0,100.0,4295700.0
1385,2021-10-01 10:33:15,3500.0,700.0,4295600.0
1386,2021-10-01 10:33:15,3500.0,2500.0,4294900.0
1387,2021-10-01 10:33:15,3500.0,300.0,4292400.0
1388,2021-10-01 10:33:15,3500.0,600.0,4292100.0
1389,2021-10-01 10:33:15,3500.0,1300.0,4291500.0
1390,2021-10-01 10:33:15,3500.0,10000.0,4290200.0
1391,2021-10-01 10:33:15,3500.0,500.0,4280200.0
1392,2021-10-01 10:33:15,3500.0,10000.0,4279700.0
1393,2021-10-01 10:33:15,3500.0,2400.0,4269700.0
1394,2021-10-01 10:33:15,3500.0,2000.0,4267300.0
1395,2021-10-01 10:33:15,3500.0,100.0,4265300.0
1396,2021-10-01 10:33:15,3500.0,5000.0,4265200.0
1397,2021-10-01 10:33:15,3500.0,3000.0,4260200.0
1398,2021-10-01 10:33:15,3500.0,10200.0,4257200.0
1399,2021-10-01 10:33:15,3500.0,11000.0,4247000.0
1400,2021-10-01 10:33:15,3500.0,100.0,4236000.0
1401,2021-10-01 10:33:15,3500.0,5800.0,4235900.0
1402,2021-10-01 10:33:15,3500.0,5000.0,4230100.0
1403,2021-10-01 10:33:15,3500.0,2300.0,4225100.0
1404,2021-10-01 10:33:06,3500.0,100.0,4222800.0
1405,2021-10-01 10:32:57,3500.0,14300.0,4222700.0
1406,2021-10-01 10:32:57,3500.0,15700.0,4208400.0
1407,2021-10-01 10:32:08,3490.0,3100.0,4192700.0
1408,2021-10-01 10:32:07,3490.0,600.0,4189600.0
1409,2021-10-01 10:32:07,3490.0,100.0,4189000.0
1410,2021-10-01 10:32:07,3490.0,800.0,4188900.0
1411,2021-10-01 10:32:07,3490.0,3500.0,4188100.0
1412,2021-10-01 10:32:03,3490.0,46500.0,4184600.0
1413,2021-10-01 10:32:03,3490.0,200.0,4138100.0
1414,2021-10-01 10:32:03,3490.0,100.0,4137900.0
1415,2021-10-01 10:32:03,3490.0,1200.0,4137800.0
1416,2021-10-01 10:32:03,3490.0,2000.0,4136600.0
1417,2021-10-01 10:31:39,3490.0,2300.0,4134600.0
1418,2021-10-01 10:31:39,3490.0,700.0,4132300.0
1419,2021-10-01 10:31:34,3490.0,1000.0,4131600.0
1420,2021-10-01 10:31:33,3490.0,500.0,4130600.0
1421,2021-10-01 10:31:25,3490.0,5000.0,4130100.0
1422,2021-10-01 10:31:14,3490.0,900.0,4125100.0
1423,2021-10-01 10:31:14,3490.0,1000.0,4124200.0
1424,2021-10-01 10:31:14,3490.0,900.0,4123200.0
1425,2021-10-01 10:31:14,3490.0,9100.0,4122300.0
1426,2021-10-01 10:31:08,3490.0,1400.0,4113200.0
1427,2021-10-01 10:31:02,3490.0,4000.0,4111800.0
1428,2021-10-01 10:31:00,3490.0,500.0,4107800.0
1429,2021-10-01 10:30:50,3490.0,100.0,4107300.0
1430,2021-10-01 10:30:46,3480.0,100.0,4107200.0
1431,2021-10-01 10:30:44,3490.0,7000.0,4107100.0
1432,2021-10-01 10:30:37,3480.0,200.0,4100100.0
1433,2021-10-01 10:30:26,3490.0,1300.0,4099900.0
1434,2021-10-01 10:30:25,3490.0,400.0,4098600.0
1435,2021-10-01 10:30:02,3490.0,2000.0,4098200.0
1436,2021-10-01 10:29:50,3490.0,1000.0,4096200.0
1437,2021-10-01 10:29:32,3490.0,1000.0,4095200.0
1438,2021-10-01 10:29:30,3480.0,10000.0,4094200.0
1439,2021-10-01 10:29:14,3490.0,1400.0,4084200.0
1440,2021-10-01 10:29:13,3480.0,5000.0,4082800.0
1441,2021-10-01 10:29:06,3490.0,100.0,4077800.0
1442,2021-10-01 10:28:40,3490.0,300.0,4077700.0
1443,2021-10-01 10:28:26,3480.0,200.0,4077400.0
1444,2021-10-01 10:28:26,3480.0,200.0,4077200.0
1445,2021-10-01 10:28:26,3480.0,100.0,4077000.0
1446,2021-10-01 10:28:26,3480.0,4500.0,4076900.0
1447,2021-10-01 10:28:14,3500.0,200.0,4072400.0
1448,2021-10-01 10:28:01,3500.0,100.0,4072200.0
1449,2021-10-01 10:27:55,3480.0,500.0,4072100.0
1450,2021-10-01 10:27:55,3480.0,5000.0,4071600.0
1451,2021-10-01 10:27:47,3480.0,1000.0,4066600.0
1452,2021-10-01 10:27:47,3480.0,400.0,4065600.0
1453,2021-10-01 10:27:47,3480.0,100.0,4065200.0
1454,2021-10-01 10:27:47,3480.0,200.0,4065100.0
1455,2021-10-01 10:27:47,3480.0,100.0,4064900.0
1456,2021-10-01 10:27:47,3480.0,100.0,4064800.0
1457,2021-10-01 10:27:47,3480.0,5000.0,4064700.0
1458,2021-10-01 10:27:47,3480.0,300.0,4059700.0
1459,2021-10-01 10:27:47,3480.0,1000.0,4059400.0
1460,2021-10-01 10:27:47,3480.0,1000.0,4058400.0
1461,2021-10-01 10:27:47,3480.0,5000.0,4057400.0
1462,2021-10-01 10:27:47,3480.0,1000.0,4052400.0
1463,2021-10-01 10:27:47,3480.0,1000.0,4051400.0
1464,2021-10-01 10:27:47,3480.0,2000.0,4050400.0
1465,2021-10-01 10:27:47,3480.0,28000.0,4048400.0
1466,2021-10-01 10:27:47,3480.0,20000.0,4020400.0
1467,2021-10-01 10:27:47,3480.0,10000.0,4000400.0
1468,2021-10-01 10:27:47,3480.0,10000.0,3990400.0
1469,2021-10-01 10:27:47,3480.0,200.0,3980400.0
1470,2021-10-01 10:27:47,3480.0,10000.0,3980200.0
1471,2021-10-01 10:27:47,3480.0,5000.0,3970200.0
1472,2021-10-01 10:27:47,3480.0,4000.0,3965200.0
1473,2021-10-01 10:27:47,3480.0,600.0,3961200.0
1474,2021-10-01 10:27:47,3480.0,50000.0,3960600.0
1475,2021-10-01 10:27:47,3480.0,2800.0,3910600.0
1476,2021-10-01 10:27:47,3490.0,2000.0,3907800.0
1477,2021-10-01 10:27:47,3490.0,2000.0,3905800.0
1478,2021-10-01 10:27:47,3490.0,1400.0,3903800.0
1479,2021-10-01 10:27:47,3490.0,200.0,3902400.0
1480,2021-10-01 10:27:47,3490.0,1000.0,3902200.0
1481,2021-10-01 10:27:47,3490.0,20000.0,3901200.0
1482,2021-10-01 10:27:47,3490.0,1400.0,3881200.0
1483,2021-10-01 10:27:47,3490.0,100.0,3879800.0
1484,2021-10-01 10:27:47,3490.0,5000.0,3879700.0
1485,2021-10-01 10:27:47,3490.0,600.0,3874700.0
1486,2021-10-01 10:27:47,3490.0,2000.0,3874100.0
1487,2021-10-01 10:27:42,3500.0,300.0,3872100.0
1488,2021-10-01 10:27:33,3500.0,5000.0,3871800.0
1489,2021-10-01 10:27:20,3500.0,5000.0,3866800.0
1490,2021-10-01 10:27:20,3500.0,200.0,3861800.0
1491,2021-10-01 10:27:09,3500.0,1000.0,3861600.0
1492,2021-10-01 10:26:35,3500.0,5000.0,3860600.0
1493,2021-10-01 10:26:35,3500.0,1200.0,3855600.0
1494,2021-10-01 10:26:31,3500.0,5000.0,3854400.0
1495,2021-10-01 10:26:04,3500.0,10000.0,3849400.0
1496,2021-10-01 10:25:24,3500.0,1300.0,3839400.0
1497,2021-10-01 10:25:24,3500.0,1000.0,3838100.0
1498,2021-10-01 10:25:24,3500.0,400.0,3837100.0
1499,2021-10-01 10:25:24,3500.0,9800.0,3836700.0
1500,2021-10-01 10:25:09,3500.0,400.0,3826900.0
1501,2021-10-01 10:24:44,3500.0,1800.0,3826500.0
1502,2021-10-01 10:24:44,3490.0,200.0,3824700.0
1503,2021-10-01 10:24:44,3490.0,15000.0,3824500.0
1504,2021-10-01 10:24:44,3490.0,1200.0,3809500.0
1505,2021-10-01 10:24:44,3490.0,11800.0,3808300.0
1506,2021-10-01 10:24:44,3490.0,3500.0,3796500.0
1507,2021-10-01 10:24:40,3490.0,1000.0,3793000.0
1508,2021-10-01 10:24:39,3490.0,1700.0,3792000.0
1509,2021-10-01 10:24:39,3490.0,500.0,3790300.0
1510,2021-10-01 10:24:39,3490.0,100.0,3789800.0
1511,2021-10-01 10:24:39,3490.0,1000.0,3789700.0
1512,2021-10-01 10:24:39,3490.0,200.0,3788700.0
1513,2021-10-01 10:24:34,3490.0,10000.0,3788500.0
1514,2021-10-01 10:24:29,3490.0,3400.0,3778500.0
1515,2021-10-01 10:24:27,3490.0,16400.0,3775100.0
1516,2021-10-01 10:24:27,3490.0,20000.0,3758700.0
1517,2021-10-01 10:24:27,3490.0,200.0,3738700.0
1518,2021-10-01 10:24:27,3490.0,2000.0,3738500.0
1519,2021-10-01 10:24:27,3490.0,1000.0,3736500.0
1520,2021-10-01 10:24:27,3490.0,1000.0,3735500.0
1521,2021-10-01 10:24:27,3490.0,9400.0,3734500.0
1522,2021-10-01 10:24:26,3490.0,600.0,3725100.0
1523,2021-10-01 10:24:26,3490.0,1400.0,3724500.0
1524,2021-10-01 10:24:24,3490.0,3400.0,3723100.0
1525,2021-10-01 10:24:15,3480.0,200.0,3719700.0
1526,2021-10-01 10:24:13,3490.0,2000.0,3719500.0
1527,2021-10-01 10:24:10,3480.0,2000.0,3717500.0
1528,2021-10-01 10:24:10,3480.0,100.0,3715500.0
1529,2021-10-01 10:24:10,3480.0,5000.0,3715400.0
1530,2021-10-01 10:24:10,3480.0,100.0,3710400.0
1531,2021-10-01 10:24:10,3480.0,200.0,3710300.0
1532,2021-10-01 10:24:10,3480.0,200.0,3710100.0
1533,2021-10-01 10:24:10,3480.0,1000.0,3709900.0
1534,2021-10-01 10:24:10,3480.0,4600.0,3708900.0
1535,2021-10-01 10:23:46,3490.0,200.0,3704300.0
1536,2021-10-01 10:23:43,3480.0,100.0,3704100.0
1537,2021-10-01 10:23:41,3490.0,100.0,3704000.0
1538,2021-10-01 10:23:35,3480.0,300.0,3703900.0
1539,2021-10-01 10:23:35,3480.0,1100.0,3703600.0
1540,2021-10-01 10:23:24,3480.0,200.0,3702500.0
1541,2021-10-01 10:23:21,3480.0,1000.0,3702300.0
1542,2021-10-01 10:23:15,3490.0,200.0,3701300.0
1543,2021-10-01 10:22:29,3480.0,200.0,3701100.0
1544,2021-10-01 10:22:20,3480.0,500.0,3700900.0
1545,2021-10-01 10:22:20,3480.0,100.0,3700400.0
1546,2021-10-01 10:22:20,3480.0,3400.0,3700300.0
1547,2021-10-01 10:22:18,3480.0,1600.0,3696900.0
1548,2021-10-01 10:22:18,3480.0,2400.0,3695300.0
1549,2021-10-01 10:22:12,3490.0,500.0,3692900.0
1550,2021-10-01 10:21:54,3490.0,600.0,3692400.0
1551,2021-10-01 10:21:53,3480.0,700.0,3691800.0
1552,2021-10-01 10:21:48,3490.0,300.0,3691100.0
1553,2021-10-01 10:21:27,3480.0,500.0,3690800.0
1554,2021-10-01 10:21:27,3480.0,6300.0,3690300.0
1555,2021-10-01 10:21:27,3480.0,100.0,3684000.0
1556,2021-10-01 10:21:27,3480.0,3100.0,3683900.0
1557,2021-10-01 10:21:24,3490.0,20000.0,3680800.0
1558,2021-10-01 10:21:01,3490.0,1000.0,3660800.0
1559,2021-10-01 10:20:57,3490.0,1000.0,3659800.0
1560,2021-10-01 10:20:55,3480.0,300.0,3658800.0
1561,2021-10-01 10:20:54,3490.0,100.0,3658500.0
1562,2021-10-01 10:20:47,3480.0,5000.0,3658400.0
1563,2021-10-01 10:20:47,3480.0,2000.0,3653400.0
1564,2021-10-01 10:20:47,3480.0,1000.0,3651400.0
1565,2021-10-01 10:20:42,3480.0,6000.0,3650400.0
1566,2021-10-01 10:20:42,3480.0,600.0,3644400.0
1567,2021-10-01 10:20:03,3480.0,1000.0,3643800.0
1568,2021-10-01 10:20:03,3480.0,100.0,3642800.0
1569,2021-10-01 10:20:03,3480.0,300.0,3642700.0
1570,2021-10-01 10:20:00,3480.0,500.0,3642400.0
1571,2021-10-01 10:19:57,3480.0,5000.0,3641900.0
1572,2021-10-01 10:19:56,3480.0,100.0,3636900.0
1573,2021-10-01 10:19:56,3480.0,300.0,3636800.0
1574,2021-10-01 10:19:56,3480.0,2700.0,3636500.0
1575,2021-10-01 10:19:55,3480.0,2000.0,3633800.0
1576,2021-10-01 10:19:51,3480.0,5000.0,3631800.0
1577,2021-10-01 10:19:48,3480.0,8000.0,3626800.0
1578,2021-10-01 10:19:33,3480.0,5000.0,3618800.0
1579,2021-10-01 10:19:30,3480.0,300.0,3613800.0
1580,2021-10-01 10:19:29,3480.0,400.0,3613500.0
1581,2021-10-01 10:19:27,3480.0,10000.0,3613100.0
1582,2021-10-01 10:19:18,3480.0,4000.0,3603100.0
1583,2021-10-01 10:19:17,3480.0,100.0,3599100.0
1584,2021-10-01 10:19:12,3480.0,10000.0,3599000.0
1585,2021-10-01 10:19:10,3470.0,300.0,3589000.0
1586,2021-10-01 10:19:02,3470.0,500.0,3588700.0
1587,2021-10-01 10:19:02,3470.0,300.0,3588200.0
1588,2021-10-01 10:19:02,3470.0,1000.0,3587900.0
1589,2021-10-01 10:19:02,3470.0,3200.0,3586900.0
1590,2021-10-01 10:18:57,3480.0,100.0,3583700.0
1591,2021-10-01 10:18:36,3470.0,100.0,3583600.0
1592,2021-10-01 10:18:31,3470.0,400.0,3583500.0
1593,2021-10-01 10:18:20,3480.0,5000.0,3583100.0
1594,2021-10-01 10:18:15,3470.0,1000.0,3578100.0
1595,2021-10-01 10:18:15,3480.0,100.0,3577100.0
1596,2021-10-01 10:18:14,3470.0,400.0,3577000.0
1597,2021-10-01 10:18:10,3470.0,1500.0,3576600.0
1598,2021-10-01 10:17:49,3470.0,2100.0,3575100.0
1599,2021-10-01 10:17:47,3470.0,100.0,3573000.0
1600,2021-10-01 10:17:11,3470.0,1000.0,3572900.0
1601,2021-10-01 10:16:59,3470.0,200.0,3571900.0
1602,2021-10-01 10:16:59,3470.0,100.0,3571700.0
1603,2021-10-01 10:16:59,3470.0,100.0,3571600.0
1604,2021-10-01 10:16:59,3470.0,1000.0,3571500.0
1605,2021-10-01 10:16:59,3470.0,5000.0,3570500.0
1606,2021-10-01 10:16:59,3470.0,100.0,3565500.0
1607,2021-10-01 10:16:59,3470.0,2000.0,3565400.0
1608,2021-10-01 10:16:59,3470.0,100.0,3563400.0
1609,2021-10-01 10:16:59,3470.0,6000.0,3563300.0
1610,2021-10-01 10:16:59,3470.0,200.0,3557300.0
1611,2021-10-01 10:16:59,3470.0,200.0,3557100.0
1612,2021-10-01 10:16:59,3470.0,1000.0,3556900.0
1613,2021-10-01 10:16:59,3470.0,4000.0,3555900.0
1614,2021-10-01 10:16:52,3480.0,5000.0,3551900.0
1615,2021-10-01 10:16:50,3470.0,1000.0,3546900.0
1616,2021-10-01 10:16:50,3470.0,3000.0,3545900.0
1617,2021-10-01 10:16:50,3470.0,500.0,3542900.0
1618,2021-10-01 10:16:50,3470.0,1000.0,3542400.0
1619,2021-10-01 10:16:50,3470.0,20000.0,3541400.0
1620,2021-10-01 10:16:50,3470.0,100.0,3521400.0
1621,2021-10-01 10:16:50,3470.0,200.0,3521300.0
1622,2021-10-01 10:16:50,3470.0,3000.0,3521100.0
1623,2021-10-01 10:16:50,3470.0,100.0,3518100.0
1624,2021-10-01 10:16:50,3470.0,200.0,3518000.0
1625,2021-10-01 10:16:50,3470.0,500.0,3517800.0
1626,2021-10-01 10:16:50,3470.0,100.0,3517300.0
1627,2021-10-01 10:16:50,3470.0,300.0,3517200.0
1628,2021-10-01 10:16:47,3480.0,500.0,3516900.0
1629,2021-10-01 10:16:42,3480.0,200.0,3516400.0
1630,2021-10-01 10:16:02,3480.0,100.0,3516200.0
1631,2021-10-01 10:15:46,3470.0,4700.0,3516100.0
1632,2021-10-01 10:15:46,3470.0,100.0,3511400.0
1633,2021-10-01 10:15:46,3470.0,1000.0,3511300.0
1634,2021-10-01 10:15:46,3470.0,1000.0,3510300.0
1635,2021-10-01 10:15:46,3470.0,500.0,3509300.0
1636,2021-10-01 10:15:46,3470.0,1000.0,3508800.0
1637,2021-10-01 10:15:46,3470.0,200.0,3507800.0
1638,2021-10-01 10:15:46,3470.0,100.0,3507600.0
1639,2021-10-01 10:15:46,3470.0,500.0,3507500.0
1640,2021-10-01 10:15:46,3470.0,200.0,3507000.0
1641,2021-10-01 10:15:46,3470.0,5000.0,3506800.0
1642,2021-10-01 10:15:46,3470.0,5000.0,3501800.0
1643,2021-10-01 10:15:46,3470.0,200.0,3496800.0
1644,2021-10-01 10:15:46,3470.0,500.0,3496600.0
1645,2021-10-01 10:15:46,3470.0,100.0,3496100.0
1646,2021-10-01 10:15:46,3470.0,200.0,3496000.0
1647,2021-10-01 10:15:46,3470.0,1000.0,3495800.0
1648,2021-10-01 10:15:46,3470.0,500.0,3494800.0
1649,2021-10-01 10:15:46,3470.0,500.0,3494300.0
1650,2021-10-01 10:15:46,3470.0,2000.0,3493800.0
1651,2021-10-01 10:15:46,3470.0,1000.0,3491800.0
1652,2021-10-01 10:15:46,3470.0,100.0,3490800.0
1653,2021-10-01 10:15:46,3470.0,100.0,3490700.0
1654,2021-10-01 10:15:46,3470.0,100.0,3490600.0
1655,2021-10-01 10:15:46,3470.0,1000.0,3490500.0
1656,2021-10-01 10:15:46,3470.0,200.0,3489500.0
1657,2021-10-01 10:15:46,3470.0,5000.0,3489300.0
1658,2021-10-01 10:15:46,3470.0,10000.0,3484300.0
1659,2021-10-01 10:15:46,3470.0,200.0,3474300.0
1660,2021-10-01 10:15:46,3470.0,500.0,3474100.0
1661,2021-10-01 10:15:46,3470.0,100.0,3473600.0
1662,2021-10-01 10:15:46,3470.0,100.0,3473500.0
1663,2021-10-01 10:15:46,3470.0,100.0,3473400.0
1664,2021-10-01 10:15:46,3470.0,200.0,3473300.0
1665,2021-10-01 10:15:46,3470.0,300.0,3473100.0
1666,2021-10-01 10:15:46,3470.0,700.0,3472800.0
1667,2021-10-01 10:15:39,3480.0,500.0,3472100.0
1668,2021-10-01 10:15:36,3480.0,300.0,3471600.0
1669,2021-10-01 10:15:30,3480.0,3000.0,3471300.0
1670,2021-10-01 10:15:23,3480.0,1000.0,3468300.0
1671,2021-10-01 10:15:16,3480.0,500.0,3467300.0
1672,2021-10-01 10:15:16,3480.0,1000.0,3466800.0
1673,2021-10-01 10:15:16,3480.0,5000.0,3465800.0
1674,2021-10-01 10:15:16,3480.0,5000.0,3460800.0
1675,2021-10-01 10:15:16,3480.0,200.0,3455800.0
1676,2021-10-01 10:15:16,3480.0,5000.0,3455600.0
1677,2021-10-01 10:15:06,3480.0,5000.0,3450600.0
1678,2021-10-01 10:15:02,3480.0,100.0,3445600.0
1679,2021-10-01 10:15:02,3480.0,4900.0,3445500.0
1680,2021-10-01 10:14:57,3480.0,5100.0,3440600.0
1681,2021-10-01 10:14:57,3480.0,5000.0,3435500.0
1682,2021-10-01 10:14:57,3480.0,200.0,3430500.0
1683,2021-10-01 10:14:57,3480.0,3000.0,3430300.0
1684,2021-10-01 10:14:57,3480.0,1000.0,3427300.0
1685,2021-10-01 10:14:57,3480.0,400.0,3426300.0
1686,2021-10-01 10:14:57,3480.0,1000.0,3425900.0
1687,2021-10-01 10:14:57,3480.0,100.0,3424900.0
1688,2021-10-01 10:14:57,3480.0,100.0,3424800.0
1689,2021-10-01 10:14:57,3480.0,100.0,3424700.0
1690,2021-10-01 10:14:57,3480.0,500.0,3424600.0
1691,2021-10-01 10:14:57,3480.0,3500.0,3424100.0
1692,2021-10-01 10:14:54,3480.0,1000.0,3420600.0
1693,2021-10-01 10:14:43,3490.0,2500.0,3419600.0
1694,2021-10-01 10:14:35,3490.0,200.0,3417100.0
1695,2021-10-01 10:14:13,3490.0,500.0,3416900.0
1696,2021-10-01 10:13:31,3480.0,100.0,3416400.0
1697,2021-10-01 10:13:29,3480.0,5400.0,3416300.0
1698,2021-10-01 10:13:29,3480.0,100.0,3410900.0
1699,2021-10-01 10:13:29,3480.0,2000.0,3410800.0
1700,2021-10-01 10:13:29,3480.0,100.0,3408800.0
1701,2021-10-01 10:13:29,3480.0,100.0,3408700.0
1702,2021-10-01 10:13:29,3480.0,2300.0,3408600.0
1703,2021-10-01 10:13:28,3480.0,700.0,3406300.0
1704,2021-10-01 10:13:28,3480.0,2000.0,3405600.0
1705,2021-10-01 10:13:28,3480.0,1000.0,3403600.0
1706,2021-10-01 10:13:28,3480.0,1300.0,3402600.0
1707,2021-10-01 10:12:48,3480.0,3000.0,3401300.0
1708,2021-10-01 10:12:42,3480.0,5000.0,3398300.0
1709,2021-10-01 10:12:24,3480.0,1500.0,3393300.0
1710,2021-10-01 10:12:20,3480.0,2200.0,3391800.0
1711,2021-10-01 10:12:20,3480.0,500.0,3389600.0
1712,2021-10-01 10:12:20,3480.0,2600.0,3389100.0
1713,2021-10-01 10:12:14,3480.0,100.0,3386500.0
1714,2021-10-01 10:12:05,3480.0,1000.0,3386400.0
1715,2021-10-01 10:12:05,3480.0,1300.0,3385400.0
1716,2021-10-01 10:12:04,3470.0,100.0,3384100.0
1717,2021-10-01 10:12:04,3470.0,500.0,3384000.0
1718,2021-10-01 10:12:04,3470.0,400.0,3383500.0
1719,2021-10-01 10:11:57,3480.0,300.0,3383100.0
1720,2021-10-01 10:11:56,3480.0,100.0,3382800.0
1721,2021-10-01 10:11:49,3480.0,1000.0,3382700.0
1722,2021-10-01 10:11:45,3480.0,23300.0,3381700.0
1723,2021-10-01 10:11:45,3480.0,6700.0,3358400.0
1724,2021-10-01 10:11:35,3470.0,100.0,3351700.0
1725,2021-10-01 10:11:26,3480.0,3000.0,3351600.0
1726,2021-10-01 10:11:25,3480.0,100.0,3348600.0
1727,2021-10-01 10:11:10,3480.0,100.0,3348500.0
1728,2021-10-01 10:11:10,3480.0,100.0,3348400.0
1729,2021-10-01 10:11:03,3480.0,1500.0,3348300.0
1730,2021-10-01 10:11:03,3480.0,400.0,3346800.0
1731,2021-10-01 10:11:02,3480.0,200.0,3346400.0
1732,2021-10-01 10:10:56,3480.0,500.0,3346200.0
1733,2021-10-01 10:10:54,3480.0,2500.0,3345700.0
1734,2021-10-01 10:10:48,3470.0,500.0,3343200.0
1735,2021-10-01 10:10:40,3480.0,5000.0,3342700.0
1736,2021-10-01 10:10:37,3480.0,100.0,3337700.0
1737,2021-10-01 10:10:37,3480.0,10000.0,3337600.0
1738,2021-10-01 10:10:37,3480.0,300.0,3327600.0
1739,2021-10-01 10:10:37,3480.0,800.0,3327300.0
1740,2021-10-01 10:10:37,3480.0,100.0,3326500.0
1741,2021-10-01 10:10:37,3480.0,300.0,3326400.0
1742,2021-10-01 10:10:37,3480.0,100.0,3326100.0
1743,2021-10-01 10:10:37,3480.0,100.0,3326000.0
1744,2021-10-01 10:10:37,3480.0,1000.0,3325900.0
1745,2021-10-01 10:10:37,3480.0,9700.0,3324900.0
1746,2021-10-01 10:10:24,3480.0,5000.0,3315200.0
1747,2021-10-01 10:10:16,3480.0,7000.0,3310200.0
1748,2021-10-01 10:10:12,3480.0,5000.0,3303200.0
1749,2021-10-01 10:10:12,3480.0,1100.0,3298200.0
1750,2021-10-01 10:10:12,3480.0,100.0,3297100.0
1751,2021-10-01 10:10:12,3480.0,300.0,3297000.0
1752,2021-10-01 10:10:12,3480.0,100.0,3296700.0
1753,2021-10-01 10:10:12,3480.0,5000.0,3296600.0
1754,2021-10-01 10:10:12,3480.0,18400.0,3291600.0
1755,2021-10-01 10:10:08,3480.0,11600.0,3273200.0
1756,2021-10-01 10:10:08,3480.0,100.0,3261600.0
1757,2021-10-01 10:10:08,3480.0,20000.0,3261500.0
1758,2021-10-01 10:10:08,3480.0,1000.0,3241500.0
1759,2021-10-01 10:10:08,3480.0,100.0,3240500.0
1760,2021-10-01 10:10:08,3480.0,3000.0,3240400.0
1761,2021-10-01 10:10:08,3480.0,100.0,3237400.0
1762,2021-10-01 10:10:08,3480.0,500.0,3237300.0
1763,2021-10-01 10:10:08,3480.0,200.0,3236800.0
1764,2021-10-01 10:10:08,3480.0,3400.0,3236600.0
1765,2021-10-01 10:10:00,3480.0,1000.0,3233200.0
1766,2021-10-01 10:09:21,3480.0,2000.0,3232200.0
1767,2021-10-01 10:09:18,3490.0,1000.0,3230200.0
1768,2021-10-01 10:09:13,3480.0,10000.0,3229200.0
1769,2021-10-01 10:09:09,3490.0,100.0,3219200.0
1770,2021-10-01 10:09:09,3490.0,300.0,3219100.0
1771,2021-10-01 10:09:06,3490.0,100.0,3218800.0
1772,2021-10-01 10:09:05,3490.0,200.0,3218700.0
1773,2021-10-01 10:08:42,3490.0,300.0,3218500.0
1774,2021-10-01 10:08:26,3480.0,13600.0,3218200.0
1775,2021-10-01 10:08:26,3480.0,5000.0,3204600.0
1776,2021-10-01 10:08:26,3480.0,5000.0,3199600.0
1777,2021-10-01 10:08:26,3480.0,5000.0,3194600.0
1778,2021-10-01 10:08:26,3480.0,5000.0,3189600.0
1779,2021-10-01 10:08:26,3480.0,16400.0,3184600.0
1780,2021-10-01 10:08:24,3480.0,100.0,3168200.0
1781,2021-10-01 10:08:14,3490.0,6800.0,3168100.0
1782,2021-10-01 10:07:52,3480.0,3000.0,3161300.0
1783,2021-10-01 10:07:47,3480.0,2000.0,3158300.0
1784,2021-10-01 10:07:47,3480.0,100.0,3156300.0
1785,2021-10-01 10:07:25,3480.0,2000.0,3156200.0
1786,2021-10-01 10:07:06,3490.0,100.0,3154200.0
1787,2021-10-01 10:07:04,3480.0,5000.0,3154100.0
1788,2021-10-01 10:07:02,3490.0,300.0,3149100.0
1789,2021-10-01 10:06:56,3480.0,8000.0,3148800.0
1790,2021-10-01 10:06:41,3480.0,200.0,3140800.0
1791,2021-10-01 10:06:36,3480.0,10000.0,3140600.0
1792,2021-10-01 10:06:36,3480.0,1000.0,3130600.0
1793,2021-10-01 10:06:36,3480.0,2200.0,3129600.0
1794,2021-10-01 10:06:34,3480.0,1000.0,3127400.0
1795,2021-10-01 10:06:33,3480.0,100.0,3126400.0
1796,2021-10-01 10:06:31,3480.0,2000.0,3126300.0
1797,2021-10-01 10:06:27,3480.0,9700.0,3124300.0
1798,2021-10-01 10:06:27,3480.0,300.0,3114600.0
1799,2021-10-01 10:06:21,3480.0,200.0,3114300.0
1800,2021-10-01 10:06:13,3480.0,1000.0,3114100.0
1801,2021-10-01 10:06:13,3480.0,2000.0,3113100.0
1802,2021-10-01 10:06:11,3470.0,5000.0,3111100.0
1803,2021-10-01 10:06:07,3480.0,3000.0,3106100.0
1804,2021-10-01 10:06:00,3470.0,100.0,3103100.0
1805,2021-10-01 10:05:59,3470.0,2000.0,3103000.0
1806,2021-10-01 10:05:59,3470.0,10000.0,3101000.0
1807,2021-10-01 10:05:59,3470.0,5000.0,3091000.0
1808,2021-10-01 10:05:59,3470.0,300.0,3086000.0
1809,2021-10-01 10:05:59,3470.0,500.0,3085700.0
1810,2021-10-01 10:05:59,3470.0,500.0,3085200.0
1811,2021-10-01 10:05:59,3470.0,1000.0,3084700.0
1812,2021-10-01 10:05:59,3470.0,500.0,3083700.0
1813,2021-10-01 10:05:59,3470.0,100.0,3083200.0
1814,2021-10-01 10:05:59,3470.0,2500.0,3083100.0
1815,2021-10-01 10:05:59,3470.0,100.0,3080600.0
1816,2021-10-01 10:05:59,3470.0,300.0,3080500.0
1817,2021-10-01 10:05:59,3470.0,300.0,3080200.0
1818,2021-10-01 10:05:59,3470.0,1000.0,3079900.0
1819,2021-10-01 10:05:59,3470.0,1000.0,3078900.0
1820,2021-10-01 10:05:59,3470.0,300.0,3077900.0
1821,2021-10-01 10:05:59,3470.0,20000.0,3077600.0
1822,2021-10-01 10:05:59,3470.0,400.0,3057600.0
1823,2021-10-01 10:05:59,3470.0,4200.0,3057200.0
1824,2021-10-01 10:05:46,3480.0,10000.0,3053000.0
1825,2021-10-01 10:05:44,3480.0,5500.0,3043000.0
1826,2021-10-01 10:05:36,3480.0,100.0,3037500.0
1827,2021-10-01 10:05:36,3480.0,10000.0,3037400.0
1828,2021-10-01 10:05:26,3470.0,4400.0,3027400.0
1829,2021-10-01 10:05:26,3480.0,700.0,3023000.0
1830,2021-10-01 10:05:26,3480.0,3000.0,3022300.0
1831,2021-10-01 10:05:26,3480.0,1900.0,3019300.0
1832,2021-10-01 10:05:18,3480.0,1100.0,3017400.0
1833,2021-10-01 10:05:18,3480.0,200.0,3016300.0
1834,2021-10-01 10:05:18,3480.0,500.0,3016100.0
1835,2021-10-01 10:05:18,3480.0,500.0,3015600.0
1836,2021-10-01 10:05:18,3480.0,400.0,3015100.0
1837,2021-10-01 10:05:18,3480.0,100.0,3014700.0
1838,2021-10-01 10:05:18,3480.0,200.0,3014600.0
1839,2021-10-01 10:05:18,3480.0,800.0,3014400.0
1840,2021-10-01 10:05:09,3480.0,1200.0,3013600.0
1841,2021-10-01 10:05:09,3480.0,8800.0,3012400.0
1842,2021-10-01 10:05:06,3490.0,100.0,3003600.0
1843,2021-10-01 10:05:03,3480.0,1200.0,3003500.0
1844,2021-10-01 10:05:03,3480.0,1000.0,3002300.0
1845,2021-10-01 10:05:03,3480.0,2800.0,3001300.0
1846,2021-10-01 10:04:56,3490.0,1000.0,2998500.0
1847,2021-10-01 10:04:41,3480.0,400.0,2997500.0
1848,2021-10-01 10:04:41,3480.0,100.0,2997100.0
1849,2021-10-01 10:04:41,3480.0,100.0,2997000.0
1850,2021-10-01 10:04:41,3480.0,600.0,2996900.0
1851,2021-10-01 10:04:34,3480.0,1600.0,2996300.0
1852,2021-10-01 10:04:22,3480.0,500.0,2994700.0
1853,2021-10-01 10:04:13,3480.0,300.0,2994200.0
1854,2021-10-01 10:04:10,3470.0,100.0,2993900.0
1855,2021-10-01 10:04:10,3480.0,2800.0,2993800.0
1856,2021-10-01 10:04:08,3480.0,200.0,2991000.0
1857,2021-10-01 10:04:06,3490.0,100.0,2990800.0
1858,2021-10-01 10:04:03,3490.0,100.0,2990700.0
1859,2021-10-01 10:04:01,3490.0,300.0,2990600.0
1860,2021-10-01 10:03:55,3470.0,1300.0,2990300.0
1861,2021-10-01 10:03:55,3470.0,500.0,2989000.0
1862,2021-10-01 10:03:55,3470.0,300.0,2988500.0
1863,2021-10-01 10:03:55,3470.0,100.0,2988200.0
1864,2021-10-01 10:03:55,3470.0,100.0,2988100.0
1865,2021-10-01 10:03:55,3470.0,1000.0,2988000.0
1866,2021-10-01 10:03:55,3470.0,200.0,2987000.0
1867,2021-10-01 10:03:55,3470.0,500.0,2986800.0
1868,2021-10-01 10:03:55,3470.0,3000.0,2986300.0
1869,2021-10-01 10:03:55,3480.0,900.0,2983300.0
1870,2021-10-01 10:03:55,3480.0,500.0,2982400.0
1871,2021-10-01 10:03:55,3480.0,600.0,2981900.0
1872,2021-10-01 10:03:55,3480.0,100.0,2981300.0
1873,2021-10-01 10:03:55,3480.0,3700.0,2981200.0
1874,2021-10-01 10:03:55,3480.0,5000.0,2977500.0
1875,2021-10-01 10:03:55,3480.0,2000.0,2972500.0
1876,2021-10-01 10:03:55,3480.0,1000.0,2970500.0
1877,2021-10-01 10:03:55,3480.0,100.0,2969500.0
1878,2021-10-01 10:03:55,3480.0,300.0,2969400.0
1879,2021-10-01 10:03:55,3480.0,2000.0,2969100.0
1880,2021-10-01 10:03:55,3480.0,700.0,2967100.0
1881,2021-10-01 10:03:55,3480.0,900.0,2966400.0
1882,2021-10-01 10:03:55,3480.0,2000.0,2965500.0
1883,2021-10-01 10:03:55,3480.0,200.0,2963500.0
1884,2021-10-01 10:03:55,3480.0,1000.0,2963300.0
1885,2021-10-01 10:03:55,3480.0,1000.0,2962300.0
1886,2021-10-01 10:03:55,3480.0,100.0,2961300.0
1887,2021-10-01 10:03:55,3480.0,5000.0,2961200.0
1888,2021-10-01 10:03:55,3480.0,10000.0,2956200.0
1889,2021-10-01 10:03:55,3480.0,3000.0,2946200.0
1890,2021-10-01 10:03:55,3480.0,2000.0,2943200.0
1891,2021-10-01 10:03:55,3480.0,1000.0,2941200.0
1892,2021-10-01 10:03:55,3480.0,2000.0,2940200.0
1893,2021-10-01 10:03:55,3480.0,500.0,2938200.0
1894,2021-10-01 10:03:55,3480.0,2600.0,2937700.0
1895,2021-10-01 10:03:55,3480.0,200.0,2935100.0
1896,2021-10-01 10:03:55,3480.0,500.0,2934900.0
1897,2021-10-01 10:03:55,3480.0,200.0,2934400.0
1898,2021-10-01 10:03:55,3480.0,1000.0,2934200.0
1899,2021-10-01 10:03:55,3480.0,100.0,2933200.0
1900,2021-10-01 10:03:55,3480.0,800.0,2933100.0
1901,2021-10-01 10:03:47,3480.0,19200.0,2932300.0
1902,2021-10-01 10:03:47,3480.0,300.0,2913100.0
1903,2021-10-01 10:03:47,3480.0,100.0,2912800.0
1904,2021-10-01 10:03:47,3480.0,2300.0,2912700.0
1905,2021-10-01 10:03:47,3480.0,100.0,2910400.0
1906,2021-10-01 10:03:47,3480.0,1000.0,2910300.0
1907,2021-10-01 10:03:47,3480.0,1000.0,2909300.0
1908,2021-10-01 10:03:47,3480.0,10000.0,2908300.0
1909,2021-10-01 10:03:47,3480.0,5000.0,2898300.0
1910,2021-10-01 10:03:47,3480.0,100.0,2893300.0
1911,2021-10-01 10:03:47,3480.0,200.0,2893200.0
1912,2021-10-01 10:03:47,3480.0,1000.0,2893000.0
1913,2021-10-01 10:03:47,3480.0,1000.0,2892000.0
1914,2021-10-01 10:03:47,3480.0,10000.0,2891000.0
1915,2021-10-01 10:03:47,3480.0,200.0,2881000.0
1916,2021-10-01 10:03:47,3480.0,1500.0,2880800.0
1917,2021-10-01 10:03:47,3480.0,200.0,2879300.0
1918,2021-10-01 10:03:47,3480.0,10000.0,2879100.0
1919,2021-10-01 10:03:47,3480.0,1000.0,2869100.0
1920,2021-10-01 10:03:47,3480.0,100.0,2868100.0
1921,2021-10-01 10:03:47,3480.0,500.0,2868000.0
1922,2021-10-01 10:03:47,3480.0,500.0,2867500.0
1923,2021-10-01 10:03:47,3480.0,1000.0,2867000.0
1924,2021-10-01 10:03:47,3480.0,200.0,2866000.0
1925,2021-10-01 10:03:47,3480.0,200.0,2865800.0
1926,2021-10-01 10:03:47,3480.0,5000.0,2865600.0
1927,2021-10-01 10:03:47,3480.0,500.0,2860600.0
1928,2021-10-01 10:03:47,3480.0,500.0,2860100.0
1929,2021-10-01 10:03:47,3480.0,300.0,2859600.0
1930,2021-10-01 10:03:47,3480.0,5800.0,2859300.0
1931,2021-10-01 10:03:47,3480.0,1000.0,2853500.0
1932,2021-10-01 10:03:47,3480.0,1000.0,2852500.0
1933,2021-10-01 10:03:47,3480.0,100.0,2851500.0
1934,2021-10-01 10:03:47,3480.0,100.0,2851400.0
1935,2021-10-01 10:03:47,3480.0,200.0,2851300.0
1936,2021-10-01 10:03:47,3480.0,100.0,2851100.0
1937,2021-10-01 10:03:47,3480.0,300.0,2851000.0
1938,2021-10-01 10:03:47,3480.0,100.0,2850700.0
1939,2021-10-01 10:03:47,3480.0,100.0,2850600.0
1940,2021-10-01 10:03:47,3480.0,5000.0,2850500.0
1941,2021-10-01 10:03:47,3480.0,1300.0,2845500.0
1942,2021-10-01 10:03:47,3480.0,1900.0,2844200.0
1943,2021-10-01 10:03:26,3480.0,100.0,2842300.0
1944,2021-10-01 10:03:26,3480.0,500.0,2842200.0
1945,2021-10-01 10:02:55,3490.0,400.0,2841700.0
1946,2021-10-01 10:02:55,3490.0,400.0,2841300.0
1947,2021-10-01 10:02:47,3490.0,1000.0,2840900.0
1948,2021-10-01 10:02:42,3490.0,10000.0,2839900.0
1949,2021-10-01 10:02:05,3490.0,20000.0,2829900.0
1950,2021-10-01 10:02:05,3490.0,300.0,2809900.0
1951,2021-10-01 10:02:05,3490.0,100.0,2809600.0
1952,2021-10-01 10:02:05,3490.0,400.0,2809500.0
1953,2021-10-01 10:02:05,3490.0,300.0,2809100.0
1954,2021-10-01 10:02:05,3490.0,5000.0,2808800.0
1955,2021-10-01 10:02:05,3490.0,30000.0,2803800.0
1956,2021-10-01 10:02:05,3490.0,118600.0,2773800.0
1957,2021-10-01 10:02:05,3490.0,200.0,2655200.0
1958,2021-10-01 10:02:05,3490.0,5700.0,2655000.0
1959,2021-10-01 10:02:05,3490.0,500.0,2649300.0
1960,2021-10-01 10:02:05,3490.0,600.0,2648800.0
1961,2021-10-01 10:02:05,3490.0,300.0,2648200.0
1962,2021-10-01 10:02:05,3490.0,2000.0,2647900.0
1963,2021-10-01 10:02:05,3490.0,200.0,2645900.0
1964,2021-10-01 10:02:05,3490.0,2100.0,2645700.0
1965,2021-10-01 10:02:05,3490.0,100.0,2643600.0
1966,2021-10-01 10:02:05,3490.0,200.0,2643500.0
1967,2021-10-01 10:02:05,3490.0,1000.0,2643300.0
1968,2021-10-01 10:02:05,3490.0,2900.0,2642300.0
1969,2021-10-01 10:02:05,3490.0,3000.0,2639400.0
1970,2021-10-01 10:02:05,3490.0,300.0,2636400.0
1971,2021-10-01 10:02:05,3490.0,500.0,2636100.0
1972,2021-10-01 10:02:05,3490.0,200.0,2635600.0
1973,2021-10-01 10:02:05,3490.0,800.0,2635400.0
1974,2021-10-01 10:02:05,3490.0,200.0,2634600.0
1975,2021-10-01 10:02:05,3490.0,1000.0,2634400.0
1976,2021-10-01 10:02:05,3490.0,400.0,2633400.0
1977,2021-10-01 10:02:05,3490.0,1300.0,2633000.0
1978,2021-10-01 10:02:05,3490.0,10000.0,2631700.0
1979,2021-10-01 10:02:05,3490.0,1000.0,2621700.0
1980,2021-10-01 10:02:05,3490.0,500.0,2620700.0
1981,2021-10-01 10:02:05,3490.0,1000.0,2620200.0
1982,2021-10-01 10:02:05,3490.0,1000.0,2619200.0
1983,2021-10-01 10:02:05,3490.0,1500.0,2618200.0
1984,2021-10-01 10:02:05,3490.0,500.0,2616700.0
1985,2021-10-01 10:02:05,3490.0,200.0,2616200.0
1986,2021-10-01 10:02:05,3490.0,1000.0,2616000.0
1987,2021-10-01 10:02:05,3490.0,4300.0,2615000.0
1988,2021-10-01 10:02:05,3490.0,5000.0,2610700.0
1989,2021-10-01 10:02:05,3490.0,2900.0,2605700.0
1990,2021-10-01 10:02:05,3490.0,5000.0,2602800.0
1991,2021-10-01 10:02:05,3490.0,3700.0,2597800.0
1992,2021-10-01 10:02:05,3490.0,1000.0,2594100.0
1993,2021-10-01 10:02:05,3490.0,4000.0,2593100.0
1994,2021-10-01 10:02:05,3490.0,400.0,2589100.0
1995,2021-10-01 10:02:05,3490.0,1000.0,2588700.0
1996,2021-10-01 10:02:05,3490.0,1200.0,2587700.0
1997,2021-10-01 10:01:44,3490.0,400.0,2586500.0
1998,2021-10-01 10:01:18,3490.0,300.0,2586100.0
1999,2021-10-01 10:00:58,3500.0,3000.0,2585800.0
2000,2021-10-01 10:00:33,3490.0,1000.0,2582800.0
2001,2021-10-01 10:00:21,3490.0,200.0,2581800.0
2002,2021-10-01 10:00:14,3500.0,500.0,2581600.0
2003,2021-10-01 10:00:01,3500.0,200.0,2581100.0
2004,2021-10-01 09:59:59,3490.0,300.0,2580900.0
2005,2021-10-01 09:59:57,3500.0,100.0,2580600.0
2006,2021-10-01 09:59:55,3500.0,100.0,2580500.0
2007,2021-10-01 09:59:49,3490.0,1600.0,2580400.0
2008,2021-10-01 09:59:49,3490.0,1400.0,2578800.0
2009,2021-10-01 09:59:35,3500.0,1000.0,2577400.0
2010,2021-10-01 09:59:24,3500.0,100.0,2576400.0
2011,2021-10-01 09:58:53,3500.0,3000.0,2576300.0
2012,2021-10-01 09:58:40,3500.0,500.0,2573300.0
2013,2021-10-01 09:57:15,3490.0,1600.0,2572800.0
2014,2021-10-01 09:57:15,3490.0,400.0,2571200.0
2015,2021-10-01 09:57:13,3500.0,200.0,2570800.0
2016,2021-10-01 09:57:11,3500.0,200.0,2570600.0
2017,2021-10-01 09:57:03,3500.0,5100.0,2570400.0
2018,2021-10-01 09:57:03,3500.0,20000.0,2565300.0
2019,2021-10-01 09:57:03,3500.0,300.0,2545300.0
2020,2021-10-01 09:57:03,3500.0,600.0,2545000.0
2021,2021-10-01 09:57:03,3500.0,12000.0,2544400.0
2022,2021-10-01 09:57:03,3500.0,500.0,2532400.0
2023,2021-10-01 09:57:03,3500.0,2600.0,2531900.0
2024,2021-10-01 09:57:03,3500.0,200.0,2529300.0
2025,2021-10-01 09:57:03,3500.0,100.0,2529100.0
2026,2021-10-01 09:57:03,3500.0,10000.0,2529000.0
2027,2021-10-01 09:57:03,3500.0,200.0,2519000.0
2028,2021-10-01 09:57:03,3500.0,22400.0,2518800.0
2029,2021-10-01 09:57:03,3500.0,26000.0,2496400.0
2030,2021-10-01 09:56:58,3490.0,1000.0,2470400.0
2031,2021-10-01 09:56:51,3490.0,48600.0,2469400.0
2032,2021-10-01 09:56:51,3490.0,1400.0,2420800.0
2033,2021-10-01 09:56:26,3500.0,200.0,2419400.0
2034,2021-10-01 09:56:19,3490.0,100.0,2419200.0
2035,2021-10-01 09:56:17,3500.0,3800.0,2419100.0
2036,2021-10-01 09:56:17,3500.0,2300.0,2415300.0
2037,2021-10-01 09:55:47,3500.0,400.0,2413000.0
2038,2021-10-01 09:55:44,3500.0,500.0,2412600.0
2039,2021-10-01 09:55:27,3500.0,1000.0,2412100.0
2040,2021-10-01 09:55:06,3500.0,100.0,2411100.0
2041,2021-10-01 09:54:42,3500.0,100.0,2411000.0
2042,2021-10-01 09:54:39,3500.0,2000.0,2410900.0
2043,2021-10-01 09:54:27,3500.0,19900.0,2408900.0
2044,2021-10-01 09:54:11,3500.0,500.0,2389000.0
2045,2021-10-01 09:54:11,3500.0,5000.0,2388500.0
2046,2021-10-01 09:54:04,3500.0,200.0,2383500.0
2047,2021-10-01 09:54:02,3500.0,500.0,2383300.0
2048,2021-10-01 09:54:02,3500.0,300.0,2382800.0
2049,2021-10-01 09:54:02,3500.0,5000.0,2382500.0
2050,2021-10-01 09:54:02,3500.0,100.0,2377500.0
2051,2021-10-01 09:54:02,3500.0,10000.0,2377400.0
2052,2021-10-01 09:54:02,3500.0,100.0,2367400.0
2053,2021-10-01 09:54:02,3500.0,1000.0,2367300.0
2054,2021-10-01 09:54:02,3500.0,1000.0,2366300.0
2055,2021-10-01 09:53:25,3500.0,500.0,2365300.0
2056,2021-10-01 09:53:24,3510.0,100.0,2364800.0
2057,2021-10-01 09:53:15,3500.0,500.0,2364700.0
2058,2021-10-01 09:53:15,3500.0,500.0,2364200.0
2059,2021-10-01 09:52:41,3500.0,400.0,2363700.0
2060,2021-10-01 09:52:26,3500.0,500.0,2363300.0
2061,2021-10-01 09:52:20,3500.0,100.0,2362800.0
2062,2021-10-01 09:52:01,3500.0,1000.0,2362700.0
2063,2021-10-01 09:51:57,3500.0,1000.0,2361700.0
2064,2021-10-01 09:51:55,3500.0,100.0,2360700.0
2065,2021-10-01 09:51:52,3500.0,10000.0,2360600.0
2066,2021-10-01 09:51:50,3500.0,2000.0,2350600.0
2067,2021-10-01 09:51:50,3500.0,1400.0,2348600.0
2068,2021-10-01 09:51:35,3500.0,1600.0,2347200.0
2069,2021-10-01 09:51:24,3500.0,700.0,2345600.0
2070,2021-10-01 09:51:12,3500.0,5000.0,2344900.0
2071,2021-10-01 09:51:09,3500.0,2700.0,2339900.0
2072,2021-10-01 09:51:08,3500.0,200.0,2337200.0
2073,2021-10-01 09:51:08,3500.0,100.0,2337000.0
2074,2021-10-01 09:51:08,3500.0,100.0,2336900.0
2075,2021-10-01 09:51:08,3500.0,100.0,2336800.0
2076,2021-10-01 09:51:08,3500.0,4500.0,2336700.0
2077,2021-10-01 09:51:07,3500.0,200.0,2332200.0
2078,2021-10-01 09:50:54,3500.0,1300.0,2332000.0
