,Time,Price,Volume_per_trade,Volume
0,2021-10-12 07:45:00,3870.0,3000.0,9141700.0
1,2021-10-12 07:45:00,3870.0,3700.0,9138700.0
2,2021-10-12 07:45:00,3870.0,100.0,9135000.0
3,2021-10-12 07:45:00,3870.0,2600.0,9134900.0
4,2021-10-12 07:45:00,3870.0,400.0,9132300.0
5,2021-10-12 07:45:00,3870.0,100.0,9131900.0
6,2021-10-12 07:45:00,3870.0,6900.0,9131800.0
7,2021-10-12 07:45:00,3870.0,500.0,9124900.0
8,2021-10-12 07:45:00,3870.0,29500.0,9124400.0
9,2021-10-12 07:45:00,3870.0,7700.0,9094900.0
10,2021-10-12 07:45:00,3870.0,300.0,9087200.0
11,2021-10-12 07:45:00,3870.0,300.0,9086900.0
12,2021-10-12 07:45:00,3870.0,11700.0,9086600.0
13,2021-10-12 07:45:00,3870.0,27000.0,9074900.0
14,2021-10-12 07:45:00,3870.0,2000.0,9047900.0
15,2021-10-12 07:45:00,3870.0,1000.0,9045900.0
16,2021-10-12 07:45:00,3870.0,5000.0,9044900.0
17,2021-10-12 07:45:00,3870.0,1000.0,9039900.0
18,2021-10-12 07:45:00,3870.0,2700.0,9038900.0
19,2021-10-12 07:45:00,3870.0,2000.0,9036200.0
20,2021-10-12 07:45:00,3870.0,1000.0,9034200.0
21,2021-10-12 07:45:00,3870.0,700.0,9033200.0
22,2021-10-12 07:45:00,3870.0,700.0,9032500.0
23,2021-10-12 07:45:00,3870.0,200.0,9031800.0
24,2021-10-12 07:45:00,3870.0,33700.0,9031600.0
25,2021-10-12 07:45:00,3870.0,100.0,8997900.0
26,2021-10-12 07:45:00,3870.0,1000.0,8997800.0
27,2021-10-12 07:45:00,3870.0,100.0,8996800.0
28,2021-10-12 07:45:00,3870.0,200.0,8996700.0
29,2021-10-12 07:45:00,3870.0,200.0,8996500.0
30,2021-10-12 07:45:00,3870.0,1000.0,8996300.0
31,2021-10-12 07:45:00,3870.0,3700.0,8995300.0
32,2021-10-12 07:45:00,3870.0,400.0,8991600.0
33,2021-10-12 07:45:00,3870.0,200.0,8991200.0
34,2021-10-12 07:45:00,3870.0,5700.0,8991000.0
35,2021-10-12 07:45:00,3870.0,1100.0,8985300.0
36,2021-10-12 07:45:00,3870.0,2200.0,8984200.0
37,2021-10-12 07:45:00,3870.0,10000.0,8982000.0
38,2021-10-12 07:45:00,3870.0,100.0,8972000.0
39,2021-10-12 07:45:00,3870.0,100.0,8971900.0
40,2021-10-12 07:45:00,3870.0,100.0,8971800.0
41,2021-10-12 07:45:00,3870.0,100000.0,8971700.0
42,2021-10-12 07:45:00,3870.0,500.0,8871700.0
43,2021-10-12 07:45:00,3870.0,400.0,8871200.0
44,2021-10-12 07:45:00,3870.0,4000.0,8870800.0
45,2021-10-12 07:45:00,3870.0,5000.0,8866800.0
46,2021-10-12 07:45:00,3870.0,3000.0,8861800.0
47,2021-10-12 07:45:00,3870.0,1500.0,8858800.0
48,2021-10-12 07:45:00,3870.0,8000.0,8857300.0
49,2021-10-12 07:45:00,3870.0,300.0,8849300.0
50,2021-10-12 07:45:00,3870.0,20000.0,8849000.0
51,2021-10-12 07:45:00,3870.0,200.0,8829000.0
52,2021-10-12 07:45:00,3870.0,900.0,8828800.0
53,2021-10-12 07:45:00,3870.0,500.0,8827900.0
54,2021-10-12 07:45:00,3870.0,300.0,8827400.0
55,2021-10-12 07:45:00,3870.0,42900.0,8827100.0
56,2021-10-12 07:45:00,3870.0,500.0,8784200.0
57,2021-10-12 07:45:00,3870.0,4600.0,8783700.0
58,2021-10-12 07:45:00,3870.0,400.0,8779100.0
59,2021-10-12 07:45:00,3870.0,100.0,8778700.0
60,2021-10-12 07:45:00,3870.0,200.0,8778600.0
61,2021-10-12 07:45:00,3870.0,200.0,8778400.0
62,2021-10-12 07:29:36,3850.0,19300.0,8778200.0
63,2021-10-12 07:29:36,3850.0,7000.0,8758900.0
64,2021-10-12 07:29:36,3850.0,100.0,8751900.0
65,2021-10-12 07:29:36,3850.0,1000.0,8751800.0
66,2021-10-12 07:29:36,3850.0,200.0,8750800.0
67,2021-10-12 07:29:36,3850.0,100.0,8750600.0
68,2021-10-12 07:29:36,3850.0,10000.0,8750500.0
69,2021-10-12 07:29:36,3850.0,300.0,8740500.0
70,2021-10-12 07:29:36,3850.0,500.0,8740200.0
71,2021-10-12 07:29:36,3850.0,100.0,8739700.0
72,2021-10-12 07:29:36,3850.0,4000.0,8739600.0
73,2021-10-12 07:29:36,3850.0,100.0,8735600.0
74,2021-10-12 07:29:36,3850.0,13600.0,8735500.0
75,2021-10-12 07:29:36,3850.0,100.0,8721900.0
76,2021-10-12 07:29:36,3850.0,500.0,8721800.0
77,2021-10-12 07:29:36,3850.0,1000.0,8721300.0
78,2021-10-12 07:29:36,3850.0,100.0,8720300.0
79,2021-10-12 07:29:36,3850.0,400.0,8720200.0
80,2021-10-12 07:29:36,3850.0,400.0,8719800.0
81,2021-10-12 07:29:36,3850.0,200.0,8719400.0
82,2021-10-12 07:29:36,3850.0,1000.0,8719200.0
83,2021-10-12 07:29:36,3850.0,10000.0,8718200.0
84,2021-10-12 07:29:36,3850.0,1000.0,8708200.0
85,2021-10-12 07:29:36,3850.0,300.0,8707200.0
86,2021-10-12 07:29:36,3850.0,200.0,8706900.0
87,2021-10-12 07:29:36,3850.0,200.0,8706700.0
88,2021-10-12 07:29:36,3850.0,10500.0,8706500.0
89,2021-10-12 07:29:36,3860.0,3400.0,8696000.0
90,2021-10-12 07:29:36,3860.0,500.0,8692600.0
91,2021-10-12 07:29:36,3860.0,200.0,8692100.0
92,2021-10-12 07:29:36,3860.0,1000.0,8691900.0
93,2021-10-12 07:29:36,3860.0,12700.0,8690900.0
94,2021-10-12 07:29:32,3870.0,1900.0,8678200.0
95,2021-10-12 07:29:27,3870.0,9400.0,8676300.0
96,2021-10-12 07:29:27,3870.0,600.0,8666900.0
97,2021-10-12 07:29:15,3860.0,800.0,8666300.0
98,2021-10-12 07:29:08,3860.0,16500.0,8665500.0
99,2021-10-12 07:29:08,3860.0,1000.0,8649000.0
100,2021-10-12 07:29:08,3860.0,100.0,8648000.0
101,2021-10-12 07:29:08,3860.0,1500.0,8647900.0
102,2021-10-12 07:29:08,3860.0,3700.0,8646400.0
103,2021-10-12 07:29:08,3860.0,300.0,8642700.0
104,2021-10-12 07:29:08,3860.0,300.0,8642400.0
105,2021-10-12 07:29:08,3860.0,700.0,8642100.0
106,2021-10-12 07:29:08,3860.0,200.0,8641400.0
107,2021-10-12 07:29:08,3860.0,2000.0,8641200.0
108,2021-10-12 07:29:08,3860.0,4000.0,8639200.0
109,2021-10-12 07:29:08,3860.0,100.0,8635200.0
110,2021-10-12 07:29:08,3860.0,1300.0,8635100.0
111,2021-10-12 07:29:08,3860.0,800.0,8633800.0
112,2021-10-12 07:29:08,3860.0,7500.0,8633000.0
113,2021-10-12 07:28:38,3860.0,2000.0,8625500.0
114,2021-10-12 07:28:29,3870.0,300.0,8623500.0
115,2021-10-12 07:28:13,3870.0,1600.0,8623200.0
116,2021-10-12 07:27:57,3870.0,200.0,8621600.0
117,2021-10-12 07:27:57,3870.0,300.0,8621400.0
118,2021-10-12 07:27:57,3870.0,27000.0,8621100.0
119,2021-10-12 07:27:44,3880.0,1500.0,8594100.0
120,2021-10-12 07:27:42,3870.0,500.0,8592600.0
121,2021-10-12 07:27:36,3870.0,2500.0,8592100.0
122,2021-10-12 07:27:36,3870.0,3600.0,8589600.0
123,2021-10-12 07:27:34,3870.0,100.0,8586000.0
124,2021-10-12 07:27:10,3870.0,30000.0,8585900.0
125,2021-10-12 07:26:46,3870.0,1000.0,8555900.0
126,2021-10-12 07:26:41,3870.0,400.0,8554900.0
127,2021-10-12 07:26:41,3870.0,400.0,8554500.0
128,2021-10-12 07:26:41,3870.0,1500.0,8554100.0
129,2021-10-12 07:26:41,3870.0,200.0,8552600.0
130,2021-10-12 07:26:22,3870.0,2600.0,8552400.0
131,2021-10-12 07:26:07,3870.0,5000.0,8549800.0
132,2021-10-12 07:26:07,3870.0,100.0,8544800.0
133,2021-10-12 07:26:07,3870.0,3000.0,8544700.0
134,2021-10-12 07:26:07,3870.0,2600.0,8541700.0
135,2021-10-12 07:25:38,3870.0,300.0,8539100.0
136,2021-10-12 07:25:13,3870.0,2100.0,8538800.0
137,2021-10-12 07:25:13,3870.0,900.0,8536700.0
138,2021-10-12 07:25:13,3870.0,100.0,8535800.0
139,2021-10-12 07:25:13,3870.0,1900.0,8535700.0
140,2021-10-12 07:25:01,3880.0,5000.0,8533800.0
141,2021-10-12 07:24:53,3880.0,1500.0,8528800.0
142,2021-10-12 07:24:19,3880.0,5000.0,8527300.0
143,2021-10-12 07:24:11,3870.0,1600.0,8522300.0
144,2021-10-12 07:23:52,3870.0,1000.0,8520700.0
145,2021-10-12 07:23:49,3870.0,100.0,8519700.0
146,2021-10-12 07:23:37,3870.0,400.0,8519600.0
147,2021-10-12 07:23:37,3870.0,300.0,8519200.0
148,2021-10-12 07:23:37,3870.0,300.0,8518900.0
149,2021-10-12 07:23:21,3870.0,10000.0,8518600.0
150,2021-10-12 07:23:09,3870.0,100.0,8508600.0
151,2021-10-12 07:22:48,3870.0,1800.0,8508500.0
152,2021-10-12 07:22:46,3870.0,9000.0,8506700.0
153,2021-10-12 07:22:46,3870.0,2000.0,8497700.0
154,2021-10-12 07:22:46,3870.0,600.0,8495700.0
155,2021-10-12 07:22:43,3860.0,40500.0,8495100.0
156,2021-10-12 07:22:43,3860.0,500.0,8454600.0
157,2021-10-12 07:22:43,3860.0,100.0,8454100.0
158,2021-10-12 07:22:43,3860.0,300.0,8454000.0
159,2021-10-12 07:22:43,3860.0,600.0,8453700.0
160,2021-10-12 07:22:43,3860.0,10000.0,8453100.0
161,2021-10-12 07:22:43,3860.0,500.0,8443100.0
162,2021-10-12 07:22:43,3860.0,5000.0,8442600.0
163,2021-10-12 07:22:43,3860.0,500.0,8437600.0
164,2021-10-12 07:22:43,3860.0,100.0,8437100.0
165,2021-10-12 07:22:43,3860.0,100.0,8437000.0
166,2021-10-12 07:22:43,3860.0,1000.0,8436900.0
167,2021-10-12 07:22:43,3860.0,800.0,8435900.0
168,2021-10-12 07:22:32,3870.0,400.0,8435100.0
169,2021-10-12 07:22:32,3870.0,300.0,8434700.0
170,2021-10-12 07:21:38,3860.0,100.0,8434400.0
171,2021-10-12 07:21:31,3860.0,200.0,8434300.0
172,2021-10-12 07:21:17,3870.0,100.0,8434100.0
173,2021-10-12 07:21:12,3860.0,100.0,8434000.0
174,2021-10-12 07:21:05,3870.0,1000.0,8433900.0
175,2021-10-12 07:20:20,3870.0,300.0,8432900.0
176,2021-10-12 07:20:14,3870.0,3000.0,8432600.0
177,2021-10-12 07:19:57,3870.0,7800.0,8429600.0
178,2021-10-12 07:19:48,3870.0,8200.0,8421800.0
179,2021-10-12 07:19:48,3870.0,800.0,8413600.0
180,2021-10-12 07:19:48,3870.0,400.0,8412800.0
181,2021-10-12 07:19:48,3870.0,500.0,8412400.0
182,2021-10-12 07:19:48,3870.0,100.0,8411900.0
183,2021-10-12 07:19:48,3870.0,2500.0,8411800.0
184,2021-10-12 07:19:48,3870.0,6000.0,8409300.0
185,2021-10-12 07:19:43,3880.0,800.0,8403300.0
186,2021-10-12 07:19:31,3870.0,7000.0,8402500.0
187,2021-10-12 07:19:31,3870.0,1000.0,8395500.0
188,2021-10-12 07:19:27,3870.0,600.0,8394500.0
189,2021-10-12 07:19:23,3870.0,300.0,8393900.0
190,2021-10-12 07:19:02,3880.0,100.0,8393600.0
191,2021-10-12 07:18:28,3880.0,1000.0,8393500.0
192,2021-10-12 07:18:10,3870.0,14100.0,8392500.0
193,2021-10-12 07:18:10,3870.0,500.0,8378400.0
194,2021-10-12 07:18:10,3870.0,5400.0,8377900.0
195,2021-10-12 07:18:09,3870.0,100.0,8372500.0
196,2021-10-12 07:17:59,3880.0,400.0,8372400.0
197,2021-10-12 07:17:38,3870.0,24500.0,8372000.0
198,2021-10-12 07:17:38,3870.0,1000.0,8347500.0
199,2021-10-12 07:17:38,3870.0,3000.0,8346500.0
200,2021-10-12 07:17:38,3870.0,1000.0,8343500.0
201,2021-10-12 07:17:38,3870.0,100.0,8342500.0
202,2021-10-12 07:17:38,3870.0,1500.0,8342400.0
203,2021-10-12 07:17:38,3870.0,8900.0,8340900.0
204,2021-10-12 07:16:47,3870.0,2100.0,8332000.0
205,2021-10-12 07:16:47,3870.0,200.0,8329900.0
206,2021-10-12 07:16:47,3870.0,400.0,8329700.0
207,2021-10-12 07:16:47,3870.0,1100.0,8329300.0
208,2021-10-12 07:16:14,3870.0,1000.0,8328200.0
209,2021-10-12 07:16:03,3880.0,1800.0,8327200.0
210,2021-10-12 07:15:59,3880.0,100.0,8325400.0
211,2021-10-12 07:15:49,3880.0,400.0,8325300.0
212,2021-10-12 07:15:31,3880.0,4000.0,8324900.0
213,2021-10-12 07:15:02,3880.0,100.0,8320900.0
214,2021-10-12 07:14:53,3880.0,1700.0,8320800.0
215,2021-10-12 07:14:16,3880.0,200.0,8319100.0
216,2021-10-12 07:14:16,3880.0,600.0,8318900.0
217,2021-10-12 07:14:16,3880.0,100.0,8318300.0
218,2021-10-12 07:14:16,3880.0,500.0,8318200.0
219,2021-10-12 07:14:16,3880.0,100.0,8317700.0
220,2021-10-12 07:14:16,3880.0,1500.0,8317600.0
221,2021-10-12 07:14:12,3870.0,10000.0,8316100.0
222,2021-10-12 07:13:23,3870.0,1500.0,8306100.0
223,2021-10-12 07:13:09,3870.0,100.0,8304600.0
224,2021-10-12 07:13:06,3870.0,6300.0,8304500.0
225,2021-10-12 07:12:57,3870.0,600.0,8298200.0
226,2021-10-12 07:12:53,3870.0,100.0,8297600.0
227,2021-10-12 07:12:43,3870.0,100.0,8297500.0
228,2021-10-12 07:12:35,3870.0,1000.0,8297400.0
229,2021-10-12 07:12:29,3870.0,300.0,8296400.0
230,2021-10-12 07:12:24,3870.0,1000.0,8296100.0
231,2021-10-12 07:12:01,3870.0,500.0,8295100.0
232,2021-10-12 07:11:55,3870.0,100.0,8294600.0
233,2021-10-12 07:11:34,3870.0,100.0,8294500.0
234,2021-10-12 07:11:30,3870.0,300.0,8294400.0
235,2021-10-12 07:11:30,3870.0,500.0,8294100.0
236,2021-10-12 07:11:30,3870.0,200.0,8293600.0
237,2021-10-12 07:11:13,3870.0,500.0,8293400.0
238,2021-10-12 07:10:53,3870.0,300.0,8292900.0
239,2021-10-12 07:10:42,3870.0,3000.0,8292600.0
240,2021-10-12 07:10:15,3870.0,6000.0,8289600.0
241,2021-10-12 07:10:15,3870.0,100.0,8283600.0
242,2021-10-12 07:10:15,3870.0,100.0,8283500.0
243,2021-10-12 07:10:15,3870.0,3800.0,8283400.0
244,2021-10-12 07:10:07,3870.0,5000.0,8279600.0
245,2021-10-12 07:10:04,3870.0,100.0,8274600.0
246,2021-10-12 07:09:07,3860.0,400.0,8274500.0
247,2021-10-12 07:09:07,3860.0,300.0,8274100.0
248,2021-10-12 07:09:07,3860.0,500.0,8273800.0
249,2021-10-12 07:09:06,3860.0,300.0,8273300.0
250,2021-10-12 07:09:03,3860.0,5000.0,8273000.0
251,2021-10-12 07:08:48,3860.0,100.0,8268000.0
252,2021-10-12 07:08:43,3860.0,1000.0,8267900.0
253,2021-10-12 07:08:43,3860.0,2000.0,8266900.0
254,2021-10-12 07:08:35,3870.0,300.0,8264900.0
255,2021-10-12 07:08:35,3870.0,200.0,8264600.0
256,2021-10-12 07:07:24,3870.0,800.0,8264400.0
257,2021-10-12 07:07:24,3870.0,2800.0,8263600.0
258,2021-10-12 07:07:24,3860.0,1000.0,8260800.0
259,2021-10-12 07:07:18,3860.0,1000.0,8259800.0
260,2021-10-12 07:07:17,3860.0,1000.0,8258800.0
261,2021-10-12 07:07:10,3860.0,300.0,8257800.0
262,2021-10-12 07:07:10,3860.0,100.0,8257500.0
263,2021-10-12 07:07:10,3860.0,1600.0,8257400.0
264,2021-10-12 07:07:09,3860.0,400.0,8255800.0
265,2021-10-12 07:07:09,3860.0,400.0,8255400.0
266,2021-10-12 07:07:04,3850.0,3000.0,8255000.0
267,2021-10-12 07:07:04,3850.0,500.0,8252000.0
268,2021-10-12 07:07:04,3850.0,1000.0,8251500.0
269,2021-10-12 07:07:04,3850.0,500.0,8250500.0
270,2021-10-12 07:07:04,3850.0,5000.0,8250000.0
271,2021-10-12 07:07:04,3850.0,1000.0,8245000.0
272,2021-10-12 07:07:04,3850.0,500.0,8244000.0
273,2021-10-12 07:07:04,3850.0,8000.0,8243500.0
274,2021-10-12 07:07:04,3850.0,50000.0,8235500.0
275,2021-10-12 07:07:04,3850.0,500.0,8185500.0
276,2021-10-12 07:07:02,3860.0,10000.0,8185000.0
277,2021-10-12 07:06:56,3860.0,10000.0,8175000.0
278,2021-10-12 07:06:30,3860.0,10000.0,8165000.0
279,2021-10-12 07:06:05,3850.0,500.0,8155000.0
280,2021-10-12 07:06:05,3850.0,2000.0,8154500.0
281,2021-10-12 07:06:05,3850.0,10000.0,8152500.0
282,2021-10-12 07:06:05,3850.0,47500.0,8142500.0
283,2021-10-12 07:06:02,3850.0,1900.0,8095000.0
284,2021-10-12 07:05:45,3850.0,600.0,8093100.0
285,2021-10-12 07:05:42,3850.0,1000.0,8092500.0
286,2021-10-12 07:05:30,3850.0,3000.0,8091500.0
287,2021-10-12 07:05:29,3850.0,1000.0,8088500.0
288,2021-10-12 07:05:29,3850.0,100.0,8087500.0
289,2021-10-12 07:05:29,3850.0,1000.0,8087400.0
290,2021-10-12 07:05:29,3850.0,500.0,8086400.0
291,2021-10-12 07:05:29,3850.0,1400.0,8085900.0
292,2021-10-12 07:05:19,3850.0,600.0,8084500.0
293,2021-10-12 07:05:19,3850.0,500.0,8083900.0
294,2021-10-12 07:05:19,3850.0,900.0,8083400.0
295,2021-10-12 07:05:12,3850.0,4200.0,8082500.0
296,2021-10-12 07:05:12,3850.0,200.0,8078300.0
297,2021-10-12 07:05:12,3850.0,3000.0,8078100.0
298,2021-10-12 07:05:12,3850.0,42600.0,8075100.0
299,2021-10-12 07:04:55,3850.0,4000.0,8032500.0
300,2021-10-12 07:04:37,3850.0,3400.0,8028500.0
301,2021-10-12 07:04:37,3850.0,4700.0,8025100.0
302,2021-10-12 07:04:16,3850.0,300.0,8020400.0
303,2021-10-12 07:04:06,3850.0,1000.0,8020100.0
304,2021-10-12 07:04:06,3850.0,400.0,8019100.0
305,2021-10-12 07:04:06,3850.0,100.0,8018700.0
306,2021-10-12 07:04:06,3850.0,3000.0,8018600.0
307,2021-10-12 07:03:59,3850.0,300.0,8015600.0
308,2021-10-12 07:03:49,3860.0,100.0,8015300.0
309,2021-10-12 07:03:45,3860.0,500.0,8015200.0
310,2021-10-12 07:03:29,3860.0,100.0,8014700.0
311,2021-10-12 07:03:25,3850.0,100.0,8014600.0
312,2021-10-12 07:03:25,3850.0,200.0,8014500.0
313,2021-10-12 07:03:25,3850.0,4700.0,8014300.0
314,2021-10-12 07:03:16,3850.0,300.0,8009600.0
315,2021-10-12 07:03:16,3850.0,700.0,8009300.0
316,2021-10-12 07:03:14,3850.0,300.0,8008600.0
317,2021-10-12 07:03:14,3850.0,500.0,8008300.0
318,2021-10-12 07:03:14,3850.0,5000.0,8007800.0
319,2021-10-12 07:03:14,3850.0,14000.0,8002800.0
320,2021-10-12 07:03:03,3850.0,12500.0,7988800.0
321,2021-10-12 07:02:40,3860.0,100.0,7976300.0
322,2021-10-12 07:02:40,3860.0,100.0,7976200.0
323,2021-10-12 07:02:37,3850.0,100.0,7976100.0
324,2021-10-12 07:02:36,3850.0,23400.0,7976000.0
325,2021-10-12 07:02:36,3850.0,1600.0,7952600.0
326,2021-10-12 07:02:22,3850.0,1900.0,7951000.0
327,2021-10-12 07:02:18,3850.0,500.0,7949100.0
328,2021-10-12 07:02:08,3840.0,6600.0,7948600.0
329,2021-10-12 07:02:08,3840.0,500.0,7942000.0
330,2021-10-12 07:02:08,3840.0,800.0,7941500.0
331,2021-10-12 07:02:08,3840.0,500.0,7940700.0
332,2021-10-12 07:02:08,3840.0,2000.0,7940200.0
333,2021-10-12 07:02:08,3840.0,100.0,7938200.0
334,2021-10-12 07:02:08,3840.0,1000.0,7938100.0
335,2021-10-12 07:02:08,3840.0,100.0,7937100.0
336,2021-10-12 07:02:08,3840.0,1400.0,7937000.0
337,2021-10-12 07:02:08,3840.0,500.0,7935600.0
338,2021-10-12 07:02:08,3840.0,500.0,7935100.0
339,2021-10-12 07:02:08,3840.0,5000.0,7934600.0
340,2021-10-12 07:02:08,3840.0,100.0,7929600.0
341,2021-10-12 07:02:08,3840.0,5000.0,7929500.0
342,2021-10-12 07:02:08,3850.0,100.0,7924500.0
343,2021-10-12 07:02:08,3850.0,3000.0,7924400.0
344,2021-10-12 07:02:08,3850.0,10000.0,7921400.0
345,2021-10-12 07:02:08,3850.0,2800.0,7911400.0
346,2021-10-12 07:01:51,3850.0,100.0,7908600.0
347,2021-10-12 07:01:51,3850.0,1000.0,7908500.0
348,2021-10-12 07:01:51,3850.0,100.0,7907500.0
349,2021-10-12 07:01:38,3850.0,300.0,7907400.0
350,2021-10-12 07:01:29,3850.0,500.0,7907100.0
351,2021-10-12 07:00:57,3840.0,500.0,7906600.0
352,2021-10-12 07:00:57,3840.0,1900.0,7906100.0
353,2021-10-12 07:00:57,3840.0,2000.0,7904200.0
354,2021-10-12 07:00:57,3840.0,100.0,7902200.0
355,2021-10-12 07:00:57,3840.0,500.0,7902100.0
356,2021-10-12 07:00:57,3840.0,1000.0,7901600.0
357,2021-10-12 07:00:57,3840.0,6900.0,7900600.0
358,2021-10-12 07:00:57,3840.0,100.0,7893700.0
359,2021-10-12 07:00:57,3840.0,100.0,7893600.0
360,2021-10-12 07:00:57,3840.0,5000.0,7893500.0
361,2021-10-12 07:00:57,3840.0,1900.0,7888500.0
362,2021-10-12 07:00:43,3840.0,3100.0,7886600.0
363,2021-10-12 07:00:38,3850.0,500.0,7883500.0
364,2021-10-12 07:00:21,3850.0,300.0,7883000.0
365,2021-10-12 07:00:20,3850.0,300.0,7882700.0
366,2021-10-12 07:00:20,3850.0,5000.0,7882400.0
367,2021-10-12 07:00:20,3850.0,500.0,7877400.0
368,2021-10-12 07:00:20,3850.0,1500.0,7876900.0
369,2021-10-12 07:00:20,3850.0,1100.0,7875400.0
370,2021-10-12 07:00:20,3850.0,2000.0,7874300.0
371,2021-10-12 07:00:20,3850.0,1000.0,7872300.0
372,2021-10-12 07:00:20,3850.0,200.0,7871300.0
373,2021-10-12 07:00:20,3850.0,2000.0,7871100.0
374,2021-10-12 07:00:20,3850.0,3000.0,7869100.0
375,2021-10-12 07:00:20,3850.0,300.0,7866100.0
376,2021-10-12 07:00:20,3850.0,300.0,7865800.0
377,2021-10-12 07:00:20,3850.0,2000.0,7865500.0
378,2021-10-12 07:00:20,3850.0,100.0,7863500.0
379,2021-10-12 07:00:20,3850.0,100.0,7863400.0
380,2021-10-12 07:00:18,3850.0,100.0,7863300.0
381,2021-10-12 07:00:18,3850.0,1000.0,7863200.0
382,2021-10-12 07:00:18,3850.0,200.0,7862200.0
383,2021-10-12 07:00:18,3850.0,500.0,7862000.0
384,2021-10-12 07:00:18,3850.0,8200.0,7861500.0
385,2021-10-12 06:59:51,3860.0,500.0,7853300.0
386,2021-10-12 06:59:46,3860.0,1900.0,7852800.0
387,2021-10-12 06:59:46,3860.0,100.0,7850900.0
388,2021-10-12 06:59:05,3860.0,10000.0,7850800.0
389,2021-10-12 06:58:58,3860.0,300.0,7840800.0
390,2021-10-12 06:58:54,3860.0,2000.0,7840500.0
391,2021-10-12 06:58:54,3850.0,500.0,7838500.0
392,2021-10-12 06:58:30,3860.0,10000.0,7838000.0
393,2021-10-12 06:58:21,3860.0,300.0,7828000.0
394,2021-10-12 06:58:06,3860.0,3000.0,7827700.0
395,2021-10-12 06:58:06,3860.0,2000.0,7824700.0
396,2021-10-12 06:58:06,3860.0,500.0,7822700.0
397,2021-10-12 06:58:06,3860.0,1000.0,7822200.0
398,2021-10-12 06:58:06,3860.0,300.0,7821200.0
399,2021-10-12 06:58:06,3860.0,100.0,7820900.0
400,2021-10-12 06:58:06,3860.0,400.0,7820800.0
401,2021-10-12 06:58:01,3870.0,200.0,7820400.0
402,2021-10-12 06:57:51,3860.0,1600.0,7820200.0
403,2021-10-12 06:57:51,3860.0,2000.0,7818600.0
404,2021-10-12 06:57:51,3860.0,300.0,7816600.0
405,2021-10-12 06:57:51,3860.0,600.0,7816300.0
406,2021-10-12 06:57:51,3860.0,1900.0,7815700.0
407,2021-10-12 06:57:46,3870.0,5000.0,7813800.0
408,2021-10-12 06:57:05,3860.0,1100.0,7808800.0
409,2021-10-12 06:57:05,3860.0,100.0,7807700.0
410,2021-10-12 06:57:05,3860.0,3800.0,7807600.0
411,2021-10-12 06:57:02,3860.0,500.0,7803800.0
412,2021-10-12 06:57:01,3860.0,400.0,7803300.0
413,2021-10-12 06:56:52,3860.0,100.0,7802900.0
414,2021-10-12 06:56:46,3860.0,200.0,7802800.0
415,2021-10-12 06:56:29,3860.0,5000.0,7802600.0
416,2021-10-12 06:56:17,3850.0,1300.0,7797600.0
417,2021-10-12 06:56:17,3850.0,1000.0,7796300.0
418,2021-10-12 06:56:17,3850.0,100.0,7795300.0
419,2021-10-12 06:56:17,3850.0,1000.0,7795200.0
420,2021-10-12 06:56:17,3850.0,1000.0,7794200.0
421,2021-10-12 06:56:17,3850.0,100.0,7793200.0
422,2021-10-12 06:56:17,3850.0,100.0,7793100.0
423,2021-10-12 06:56:17,3850.0,5000.0,7793000.0
424,2021-10-12 06:56:17,3850.0,200.0,7788000.0
425,2021-10-12 06:56:17,3850.0,10000.0,7787800.0
426,2021-10-12 06:56:17,3850.0,3000.0,7777800.0
427,2021-10-12 06:56:17,3850.0,200.0,7774800.0
428,2021-10-12 06:56:17,3850.0,300.0,7774600.0
429,2021-10-12 06:56:17,3850.0,500.0,7774300.0
430,2021-10-12 06:56:17,3850.0,2000.0,7773800.0
431,2021-10-12 06:56:17,3850.0,1000.0,7771800.0
432,2021-10-12 06:56:17,3850.0,10000.0,7770800.0
433,2021-10-12 06:56:17,3850.0,1000.0,7760800.0
434,2021-10-12 06:56:17,3850.0,400.0,7759800.0
435,2021-10-12 06:56:17,3850.0,1000.0,7759400.0
436,2021-10-12 06:56:17,3850.0,200.0,7758400.0
437,2021-10-12 06:56:17,3850.0,1000.0,7758200.0
438,2021-10-12 06:56:17,3850.0,100.0,7757200.0
439,2021-10-12 06:56:17,3850.0,100.0,7757100.0
440,2021-10-12 06:56:17,3850.0,1000.0,7757000.0
441,2021-10-12 06:56:17,3850.0,1500.0,7756000.0
442,2021-10-12 06:56:17,3850.0,10000.0,7754500.0
443,2021-10-12 06:56:17,3850.0,1000.0,7744500.0
444,2021-10-12 06:56:17,3850.0,200.0,7743500.0
445,2021-10-12 06:56:17,3850.0,200.0,7743300.0
446,2021-10-12 06:56:17,3850.0,1000.0,7743100.0
447,2021-10-12 06:56:17,3850.0,500.0,7742100.0
448,2021-10-12 06:56:17,3850.0,700.0,7741600.0
449,2021-10-12 06:56:17,3850.0,2000.0,7740900.0
450,2021-10-12 06:56:17,3850.0,200.0,7738900.0
451,2021-10-12 06:56:17,3850.0,1000.0,7738700.0
452,2021-10-12 06:56:17,3850.0,900.0,7737700.0
453,2021-10-12 06:56:17,3850.0,2500.0,7736800.0
454,2021-10-12 06:56:17,3850.0,1000.0,7734300.0
455,2021-10-12 06:56:17,3850.0,5000.0,7733300.0
456,2021-10-12 06:56:17,3850.0,500.0,7728300.0
457,2021-10-12 06:56:17,3850.0,500.0,7727800.0
458,2021-10-12 06:56:17,3850.0,100.0,7727300.0
459,2021-10-12 06:56:17,3850.0,1000.0,7727200.0
460,2021-10-12 06:56:17,3850.0,5000.0,7726200.0
461,2021-10-12 06:56:17,3850.0,7000.0,7721200.0
462,2021-10-12 06:56:17,3850.0,5000.0,7714200.0
463,2021-10-12 06:56:17,3850.0,1600.0,7709200.0
464,2021-10-12 06:56:17,3860.0,10000.0,7707600.0
465,2021-10-12 06:55:56,3850.0,400.0,7697600.0
466,2021-10-12 06:55:56,3850.0,10000.0,7697200.0
467,2021-10-12 06:55:56,3850.0,5000.0,7687200.0
468,2021-10-12 06:55:56,3850.0,8900.0,7682200.0
469,2021-10-12 06:55:56,3860.0,300.0,7673300.0
470,2021-10-12 06:55:56,3860.0,1000.0,7673000.0
471,2021-10-12 06:55:56,3860.0,1400.0,7672000.0
472,2021-10-12 06:55:50,3860.0,100.0,7670600.0
473,2021-10-12 06:55:43,3860.0,1000.0,7670500.0
474,2021-10-12 06:55:43,3860.0,500.0,7669500.0
475,2021-10-12 06:55:35,3860.0,2000.0,7669000.0
476,2021-10-12 06:55:34,3860.0,300.0,7667000.0
477,2021-10-12 06:55:33,3860.0,1000.0,7666700.0
478,2021-10-12 06:55:31,3860.0,10000.0,7665700.0
479,2021-10-12 06:55:26,3860.0,100.0,7655700.0
480,2021-10-12 06:55:16,3860.0,100.0,7655600.0
481,2021-10-12 06:55:11,3860.0,500.0,7655500.0
482,2021-10-12 06:55:11,3860.0,100.0,7655000.0
483,2021-10-12 06:55:11,3860.0,1500.0,7654900.0
484,2021-10-12 06:55:11,3860.0,100.0,7653400.0
485,2021-10-12 06:55:11,3860.0,100.0,7653300.0
486,2021-10-12 06:55:11,3860.0,8700.0,7653200.0
487,2021-10-12 06:55:07,3860.0,91300.0,7644500.0
488,2021-10-12 06:55:07,3860.0,100.0,7553200.0
489,2021-10-12 06:55:07,3860.0,100.0,7553100.0
490,2021-10-12 06:55:07,3860.0,1000.0,7553000.0
491,2021-10-12 06:55:07,3860.0,100.0,7552000.0
492,2021-10-12 06:55:07,3860.0,1600.0,7551900.0
493,2021-10-12 06:55:07,3860.0,8000.0,7550300.0
494,2021-10-12 06:55:07,3860.0,10000.0,7542300.0
495,2021-10-12 06:55:07,3860.0,2000.0,7532300.0
496,2021-10-12 06:55:07,3860.0,300.0,7530300.0
497,2021-10-12 06:55:07,3860.0,5500.0,7530000.0
498,2021-10-12 06:54:46,3860.0,44500.0,7524500.0
499,2021-10-12 06:54:46,3860.0,100.0,7480000.0
500,2021-10-12 06:54:46,3860.0,8100.0,7479900.0
501,2021-10-12 06:54:46,3860.0,500.0,7471800.0
502,2021-10-12 06:54:46,3860.0,600.0,7471300.0
503,2021-10-12 06:54:46,3860.0,500.0,7470700.0
504,2021-10-12 06:54:46,3860.0,8900.0,7470200.0
505,2021-10-12 06:54:46,3870.0,3000.0,7461300.0
506,2021-10-12 06:54:30,3860.0,1100.0,7458300.0
507,2021-10-12 06:54:30,3860.0,2000.0,7457200.0
508,2021-10-12 06:54:30,3860.0,100.0,7455200.0
509,2021-10-12 06:54:30,3860.0,500.0,7455100.0
510,2021-10-12 06:54:30,3860.0,5000.0,7454600.0
511,2021-10-12 06:54:30,3870.0,3300.0,7449600.0
512,2021-10-12 06:54:14,3870.0,1000.0,7446300.0
513,2021-10-12 06:54:14,3870.0,5000.0,7445300.0
514,2021-10-12 06:54:14,3870.0,700.0,7440300.0
515,2021-10-12 06:54:11,3870.0,200.0,7439600.0
516,2021-10-12 06:54:11,3870.0,2800.0,7439400.0
517,2021-10-12 06:53:57,3870.0,1200.0,7436600.0
518,2021-10-12 06:53:47,3870.0,1000.0,7435400.0
519,2021-10-12 06:53:47,3870.0,200.0,7434400.0
520,2021-10-12 06:53:47,3870.0,10000.0,7434200.0
521,2021-10-12 06:53:47,3870.0,10000.0,7424200.0
522,2021-10-12 06:53:47,3870.0,400.0,7414200.0
523,2021-10-12 06:53:47,3870.0,700.0,7413800.0
524,2021-10-12 06:53:47,3870.0,500.0,7413100.0
525,2021-10-12 06:53:47,3870.0,200.0,7412600.0
526,2021-10-12 06:53:47,3870.0,10000.0,7412400.0
527,2021-10-12 06:53:47,3870.0,10000.0,7402400.0
528,2021-10-12 06:53:47,3870.0,1400.0,7392400.0
529,2021-10-12 06:53:47,3870.0,100.0,7391000.0
530,2021-10-12 06:53:47,3870.0,5000.0,7390900.0
531,2021-10-12 06:53:47,3870.0,2000.0,7385900.0
532,2021-10-12 06:53:47,3870.0,3500.0,7383900.0
533,2021-10-12 06:53:47,3870.0,1900.0,7380400.0
534,2021-10-12 06:53:17,3870.0,8100.0,7378500.0
535,2021-10-12 06:53:17,3870.0,100.0,7370400.0
536,2021-10-12 06:53:17,3870.0,500.0,7370300.0
537,2021-10-12 06:53:17,3870.0,500.0,7369800.0
538,2021-10-12 06:53:10,3870.0,4500.0,7369300.0
539,2021-10-12 06:53:10,3870.0,200.0,7364800.0
540,2021-10-12 06:53:10,3870.0,100.0,7364600.0
541,2021-10-12 06:53:10,3870.0,200.0,7364500.0
542,2021-10-12 06:52:38,3880.0,5000.0,7364300.0
543,2021-10-12 06:52:38,3880.0,700.0,7359300.0
544,2021-10-12 06:52:38,3880.0,5000.0,7358600.0
545,2021-10-12 06:52:38,3880.0,5000.0,7353600.0
546,2021-10-12 06:52:38,3880.0,100.0,7348600.0
547,2021-10-12 06:52:38,3880.0,4300.0,7348500.0
548,2021-10-12 06:52:32,3880.0,3500.0,7344200.0
549,2021-10-12 06:52:25,3880.0,2200.0,7340700.0
550,2021-10-12 06:52:25,3880.0,100.0,7338500.0
551,2021-10-12 06:52:25,3880.0,200.0,7338400.0
552,2021-10-12 06:52:25,3880.0,500.0,7338200.0
553,2021-10-12 06:52:25,3880.0,1000.0,7337700.0
554,2021-10-12 06:51:34,3890.0,5000.0,7336700.0
555,2021-10-12 06:51:34,3890.0,10000.0,7331700.0
556,2021-10-12 06:51:34,3890.0,100.0,7321700.0
557,2021-10-12 06:51:34,3890.0,15800.0,7321600.0
558,2021-10-12 06:51:21,3890.0,5000.0,7305800.0
559,2021-10-12 06:51:15,3890.0,5000.0,7300800.0
560,2021-10-12 06:51:07,3890.0,2000.0,7295800.0
561,2021-10-12 06:50:58,3890.0,1000.0,7293800.0
562,2021-10-12 06:50:29,3890.0,200.0,7292800.0
563,2021-10-12 06:50:28,3900.0,100.0,7292600.0
564,2021-10-12 06:50:19,3890.0,5000.0,7292500.0
565,2021-10-12 06:50:05,3900.0,14000.0,7287500.0
566,2021-10-12 06:49:33,3890.0,30000.0,7273500.0
567,2021-10-12 06:49:25,3890.0,500.0,7243500.0
568,2021-10-12 06:49:04,3900.0,100.0,7243000.0
569,2021-10-12 06:48:34,3890.0,500.0,7242900.0
570,2021-10-12 06:48:34,3890.0,10000.0,7242400.0
571,2021-10-12 06:48:28,3880.0,1000.0,7232400.0
572,2021-10-12 06:48:28,3880.0,6200.0,7231400.0
573,2021-10-12 06:48:28,3880.0,100.0,7225200.0
574,2021-10-12 06:48:28,3880.0,500.0,7225100.0
575,2021-10-12 06:48:28,3880.0,5000.0,7224600.0
576,2021-10-12 06:48:28,3880.0,1400.0,7219600.0
577,2021-10-12 06:48:28,3880.0,2000.0,7218200.0
578,2021-10-12 06:48:28,3880.0,1000.0,7216200.0
579,2021-10-12 06:48:28,3880.0,100.0,7215200.0
580,2021-10-12 06:48:28,3880.0,6000.0,7215100.0
581,2021-10-12 06:48:28,3880.0,300.0,7209100.0
582,2021-10-12 06:48:28,3880.0,18400.0,7208800.0
583,2021-10-12 06:48:28,3880.0,8000.0,7190400.0
584,2021-10-12 06:48:04,3890.0,2000.0,7182400.0
585,2021-10-12 06:48:04,3890.0,400.0,7180400.0
586,2021-10-12 06:48:04,3890.0,2600.0,7180000.0
587,2021-10-12 06:47:57,3890.0,200.0,7177400.0
588,2021-10-12 06:47:55,3890.0,5000.0,7177200.0
589,2021-10-12 06:47:52,3890.0,2200.0,7172200.0
590,2021-10-12 06:47:52,3890.0,3000.0,7170000.0
591,2021-10-12 06:47:52,3890.0,100.0,7167000.0
592,2021-10-12 06:47:52,3890.0,900.0,7166900.0
593,2021-10-12 06:47:52,3890.0,200.0,7166000.0
594,2021-10-12 06:47:52,3890.0,300.0,7165800.0
595,2021-10-12 06:47:52,3890.0,200.0,7165500.0
596,2021-10-12 06:47:52,3890.0,400.0,7165300.0
597,2021-10-12 06:47:46,3890.0,500.0,7164900.0
598,2021-10-12 06:47:44,3890.0,1000.0,7164400.0
599,2021-10-12 06:47:38,3890.0,100.0,7163400.0
600,2021-10-12 06:47:38,3890.0,800.0,7163300.0
601,2021-10-12 06:47:38,3890.0,4100.0,7162500.0
602,2021-10-12 06:47:35,3890.0,5000.0,7158400.0
603,2021-10-12 06:47:28,3890.0,10900.0,7153400.0
604,2021-10-12 06:47:28,3890.0,1000.0,7142500.0
605,2021-10-12 06:47:28,3890.0,100.0,7141500.0
606,2021-10-12 06:47:28,3890.0,1000.0,7141400.0
607,2021-10-12 06:47:28,3890.0,200.0,7140400.0
608,2021-10-12 06:47:28,3890.0,200.0,7140200.0
609,2021-10-12 06:47:28,3890.0,2000.0,7140000.0
610,2021-10-12 06:47:28,3890.0,10000.0,7138000.0
611,2021-10-12 06:47:28,3890.0,400.0,7128000.0
612,2021-10-12 06:47:28,3890.0,4200.0,7127600.0
613,2021-10-12 06:47:26,3890.0,15800.0,7123400.0
614,2021-10-12 06:47:26,3890.0,800.0,7107600.0
615,2021-10-12 06:47:26,3890.0,2000.0,7106800.0
616,2021-10-12 06:47:26,3890.0,16400.0,7104800.0
617,2021-10-12 06:47:14,3900.0,300.0,7088400.0
618,2021-10-12 06:47:13,3890.0,10000.0,7088100.0
619,2021-10-12 06:46:56,3900.0,3000.0,7078100.0
620,2021-10-12 06:46:49,3890.0,100.0,7075100.0
621,2021-10-12 06:46:40,3900.0,3300.0,7075000.0
622,2021-10-12 06:46:40,3900.0,1000.0,7071700.0
623,2021-10-12 06:46:40,3900.0,700.0,7070700.0
624,2021-10-12 06:46:38,3890.0,10000.0,7070000.0
625,2021-10-12 06:46:21,3900.0,300.0,7060000.0
626,2021-10-12 06:46:04,3900.0,1000.0,7059700.0
627,2021-10-12 06:45:46,3890.0,3500.0,7058700.0
628,2021-10-12 06:45:46,3890.0,100.0,7055200.0
629,2021-10-12 06:45:46,3890.0,400.0,7055100.0
630,2021-10-12 06:45:07,3900.0,3000.0,7054700.0
631,2021-10-12 06:45:07,3900.0,7000.0,7051700.0
632,2021-10-12 06:45:03,3900.0,4500.0,7044700.0
633,2021-10-12 06:45:01,3900.0,1000.0,7040200.0
634,2021-10-12 06:44:55,3900.0,17500.0,7039200.0
635,2021-10-12 06:44:55,3900.0,5000.0,7021700.0
636,2021-10-12 06:44:55,3900.0,10000.0,7016700.0
637,2021-10-12 06:44:55,3900.0,300.0,7006700.0
638,2021-10-12 06:44:55,3900.0,700.0,7006400.0
639,2021-10-12 06:44:55,3900.0,500.0,7005700.0
640,2021-10-12 06:44:55,3900.0,100.0,7005200.0
641,2021-10-12 06:44:55,3900.0,2500.0,7005100.0
642,2021-10-12 06:44:55,3900.0,100.0,7002600.0
643,2021-10-12 06:44:55,3900.0,300.0,7002500.0
644,2021-10-12 06:44:55,3900.0,700.0,7002200.0
645,2021-10-12 06:44:55,3900.0,100.0,7001500.0
646,2021-10-12 06:44:55,3900.0,3000.0,7001400.0
647,2021-10-12 06:44:55,3900.0,2000.0,6998400.0
648,2021-10-12 06:44:55,3900.0,6800.0,6996400.0
649,2021-10-12 06:44:55,3900.0,100.0,6989600.0
650,2021-10-12 06:44:55,3900.0,2800.0,6989500.0
651,2021-10-12 06:44:55,3900.0,100.0,6986700.0
652,2021-10-12 06:44:55,3900.0,100.0,6986600.0
653,2021-10-12 06:44:55,3900.0,4000.0,6986500.0
654,2021-10-12 06:44:55,3900.0,4000.0,6982500.0
655,2021-10-12 06:44:55,3900.0,100.0,6978500.0
656,2021-10-12 06:44:55,3900.0,2000.0,6978400.0
657,2021-10-12 06:44:55,3900.0,100.0,6976400.0
658,2021-10-12 06:44:55,3900.0,5000.0,6976300.0
659,2021-10-12 06:44:55,3900.0,5000.0,6971300.0
660,2021-10-12 06:44:55,3900.0,200.0,6966300.0
661,2021-10-12 06:44:55,3900.0,500.0,6966100.0
662,2021-10-12 06:44:55,3900.0,500.0,6965600.0
663,2021-10-12 06:44:55,3900.0,500.0,6965100.0
664,2021-10-12 06:44:55,3900.0,5000.0,6964600.0
665,2021-10-12 06:44:55,3900.0,1400.0,6959600.0
666,2021-10-12 06:44:55,3900.0,6200.0,6958200.0
667,2021-10-12 06:44:55,3900.0,200.0,6952000.0
668,2021-10-12 06:44:55,3900.0,6400.0,6951800.0
669,2021-10-12 06:44:55,3900.0,100.0,6945400.0
670,2021-10-12 06:44:55,3900.0,6100.0,6945300.0
671,2021-10-12 06:44:54,3900.0,400.0,6939200.0
672,2021-10-12 06:44:50,3900.0,200.0,6938800.0
673,2021-10-12 06:44:37,3900.0,100.0,6938600.0
674,2021-10-12 06:44:30,3890.0,100.0,6938500.0
675,2021-10-12 06:44:13,3890.0,1000.0,6938400.0
676,2021-10-12 06:44:13,3890.0,500.0,6937400.0
677,2021-10-12 06:44:13,3890.0,8500.0,6936900.0
678,2021-10-12 06:43:11,3890.0,100.0,6928400.0
679,2021-10-12 06:42:50,3890.0,1000.0,6928300.0
680,2021-10-12 06:41:28,3890.0,400.0,6927300.0
681,2021-10-12 06:41:28,3890.0,100.0,6926900.0
682,2021-10-12 06:41:17,3890.0,1000.0,6926800.0
683,2021-10-12 06:41:10,3890.0,900.0,6925800.0
684,2021-10-12 06:41:10,3890.0,100.0,6924900.0
685,2021-10-12 06:40:54,3890.0,500.0,6924800.0
686,2021-10-12 06:40:33,3890.0,4000.0,6924300.0
687,2021-10-12 06:40:27,3890.0,100.0,6920300.0
688,2021-10-12 06:40:21,3890.0,20300.0,6920200.0
689,2021-10-12 06:40:21,3890.0,5000.0,6899900.0
690,2021-10-12 06:40:21,3890.0,200.0,6894900.0
691,2021-10-12 06:40:21,3890.0,200.0,6894700.0
692,2021-10-12 06:40:21,3890.0,1300.0,6894500.0
693,2021-10-12 06:40:20,3900.0,100.0,6893200.0
694,2021-10-12 06:40:05,3900.0,1300.0,6893100.0
695,2021-10-12 06:39:32,3900.0,1000.0,6891800.0
696,2021-10-12 06:39:12,3900.0,300.0,6890800.0
697,2021-10-12 06:38:47,3900.0,1100.0,6890500.0
698,2021-10-12 06:38:47,3900.0,200.0,6889400.0
699,2021-10-12 06:38:47,3900.0,1000.0,6889200.0
700,2021-10-12 06:38:47,3900.0,1000.0,6888200.0
701,2021-10-12 06:38:47,3900.0,5700.0,6887200.0
702,2021-10-12 06:38:47,3900.0,100.0,6881500.0
703,2021-10-12 06:38:47,3900.0,900.0,6881400.0
704,2021-10-12 06:38:37,3890.0,200.0,6880500.0
705,2021-10-12 06:38:37,3890.0,200.0,6880300.0
706,2021-10-12 06:38:37,3890.0,700.0,6880100.0
707,2021-10-12 06:38:10,3890.0,300.0,6879400.0
708,2021-10-12 06:38:06,3890.0,3000.0,6879100.0
709,2021-10-12 06:38:06,3890.0,200.0,6876100.0
710,2021-10-12 06:38:06,3890.0,7000.0,6875900.0
711,2021-10-12 06:38:06,3890.0,100.0,6868900.0
712,2021-10-12 06:38:06,3890.0,600.0,6868800.0
713,2021-10-12 06:38:06,3890.0,500.0,6868200.0
714,2021-10-12 06:38:06,3890.0,3000.0,6867700.0
715,2021-10-12 06:38:06,3890.0,500.0,6864700.0
716,2021-10-12 06:38:06,3890.0,100.0,6864200.0
717,2021-10-12 06:38:06,3890.0,4100.0,6864100.0
718,2021-10-12 06:38:06,3890.0,5000.0,6860000.0
719,2021-10-12 06:38:06,3890.0,200.0,6855000.0
720,2021-10-12 06:38:06,3890.0,2000.0,6854800.0
721,2021-10-12 06:38:06,3890.0,3500.0,6852800.0
722,2021-10-12 06:38:06,3890.0,1000.0,6849300.0
723,2021-10-12 06:38:06,3890.0,100.0,6848300.0
724,2021-10-12 06:37:21,3890.0,300.0,6848200.0
725,2021-10-12 06:35:17,3890.0,1600.0,6847900.0
726,2021-10-12 06:35:17,3890.0,400.0,6846300.0
727,2021-10-12 06:34:45,3890.0,100.0,6845900.0
728,2021-10-12 06:34:36,3900.0,100.0,6845800.0
729,2021-10-12 06:33:53,3890.0,100.0,6845700.0
730,2021-10-12 06:33:53,3890.0,1500.0,6845600.0
731,2021-10-12 06:33:53,3890.0,100.0,6844100.0
732,2021-10-12 06:33:53,3890.0,10000.0,6844000.0
733,2021-10-12 06:33:53,3890.0,200.0,6834000.0
734,2021-10-12 06:33:53,3890.0,3000.0,6833800.0
735,2021-10-12 06:33:53,3890.0,2000.0,6830800.0
736,2021-10-12 06:33:53,3890.0,400.0,6828800.0
737,2021-10-12 06:33:53,3890.0,32200.0,6828400.0
738,2021-10-12 06:33:34,3890.0,700.0,6796200.0
739,2021-10-12 06:33:18,3890.0,200.0,6795500.0
740,2021-10-12 06:33:11,3880.0,2000.0,6795300.0
741,2021-10-12 06:33:11,3880.0,2000.0,6793300.0
742,2021-10-12 06:33:11,3880.0,1300.0,6791300.0
743,2021-10-12 06:33:11,3880.0,500.0,6790000.0
744,2021-10-12 06:33:11,3880.0,10000.0,6789500.0
745,2021-10-12 06:33:11,3880.0,100.0,6779500.0
746,2021-10-12 06:33:11,3880.0,10000.0,6779400.0
747,2021-10-12 06:33:11,3880.0,500.0,6769400.0
748,2021-10-12 06:33:11,3880.0,3600.0,6768900.0
749,2021-10-12 06:32:31,3880.0,3000.0,6765300.0
750,2021-10-12 06:32:13,3880.0,400.0,6762300.0
751,2021-10-12 06:32:13,3880.0,2000.0,6761900.0
752,2021-10-12 06:32:13,3880.0,1000.0,6759900.0
753,2021-10-12 06:32:10,3880.0,800.0,6758900.0
754,2021-10-12 06:32:09,3880.0,5000.0,6758100.0
755,2021-10-12 06:32:03,3880.0,50000.0,6753100.0
756,2021-10-12 06:31:45,3870.0,300.0,6703100.0
757,2021-10-12 06:31:29,3880.0,33200.0,6702800.0
758,2021-10-12 06:31:18,3880.0,200.0,6669600.0
759,2021-10-12 06:31:18,3880.0,30000.0,6669400.0
760,2021-10-12 06:31:18,3880.0,1000.0,6639400.0
761,2021-10-12 06:31:18,3880.0,5600.0,6638400.0
762,2021-10-12 06:31:16,3880.0,1000.0,6632800.0
763,2021-10-12 06:31:03,3880.0,500.0,6631800.0
764,2021-10-12 06:30:56,3880.0,400.0,6631300.0
765,2021-10-12 06:30:45,3880.0,400.0,6630900.0
766,2021-10-12 06:30:26,3880.0,100.0,6630500.0
767,2021-10-12 06:30:26,3880.0,200.0,6630400.0
768,2021-10-12 06:30:26,3880.0,100.0,6630200.0
769,2021-10-12 06:30:26,3880.0,700.0,6630100.0
770,2021-10-12 06:30:11,3880.0,5000.0,6629400.0
771,2021-10-12 06:29:55,3890.0,100.0,6624400.0
772,2021-10-12 06:29:39,3890.0,100.0,6624300.0
773,2021-10-12 06:29:28,3890.0,200.0,6624200.0
774,2021-10-12 06:29:24,3880.0,3000.0,6624000.0
775,2021-10-12 06:29:23,3880.0,100.0,6621000.0
776,2021-10-12 06:28:59,3880.0,200.0,6620900.0
777,2021-10-12 06:28:10,3870.0,21500.0,6620700.0
778,2021-10-12 06:28:05,3870.0,1500.0,6599200.0
779,2021-10-12 06:28:03,3870.0,1500.0,6597700.0
780,2021-10-12 06:28:03,3870.0,200.0,6596200.0
781,2021-10-12 06:28:03,3870.0,200.0,6596000.0
782,2021-10-12 06:28:03,3870.0,600.0,6595800.0
783,2021-10-12 06:28:03,3870.0,1000.0,6595200.0
784,2021-10-12 06:28:03,3870.0,3500.0,6594200.0
785,2021-10-12 06:27:56,3870.0,6500.0,6590700.0
786,2021-10-12 06:27:56,3870.0,300.0,6584200.0
787,2021-10-12 06:27:56,3870.0,1200.0,6583900.0
788,2021-10-12 06:27:49,3870.0,1800.0,6582700.0
789,2021-10-12 06:27:49,3870.0,600.0,6580900.0
790,2021-10-12 06:27:49,3870.0,7600.0,6580300.0
791,2021-10-12 06:27:29,3870.0,800.0,6572700.0
792,2021-10-12 06:27:29,3880.0,4000.0,6571900.0
793,2021-10-12 06:27:29,3880.0,100.0,6567900.0
794,2021-10-12 06:27:29,3880.0,2200.0,6567800.0
795,2021-10-12 06:27:27,3880.0,500.0,6565600.0
796,2021-10-12 06:27:03,3880.0,300.0,6565100.0
797,2021-10-12 06:27:00,3890.0,100.0,6564800.0
798,2021-10-12 06:26:46,3890.0,5000.0,6564700.0
799,2021-10-12 06:26:40,3880.0,200.0,6559700.0
800,2021-10-12 06:26:40,3880.0,1500.0,6559500.0
801,2021-10-12 06:26:24,3870.0,100.0,6558000.0
802,2021-10-12 06:26:20,3870.0,1500.0,6557900.0
803,2021-10-12 06:26:20,3870.0,400.0,6556400.0
804,2021-10-12 06:26:20,3870.0,900.0,6556000.0
805,2021-10-12 06:26:15,3870.0,1100.0,6555100.0
806,2021-10-12 06:25:50,3870.0,2000.0,6554000.0
807,2021-10-12 06:25:50,3870.0,3000.0,6552000.0
808,2021-10-12 06:25:50,3870.0,6000.0,6549000.0
809,2021-10-12 06:25:45,3860.0,30000.0,6543000.0
810,2021-10-12 06:25:35,3860.0,100.0,6513000.0
811,2021-10-12 06:25:16,3860.0,14900.0,6512900.0
812,2021-10-12 06:25:16,3860.0,100.0,6498000.0
813,2021-10-12 06:25:16,3860.0,500.0,6497900.0
814,2021-10-12 06:25:16,3860.0,1000.0,6497400.0
815,2021-10-12 06:25:16,3860.0,100.0,6496400.0
816,2021-10-12 06:25:16,3860.0,1000.0,6496300.0
817,2021-10-12 06:25:16,3860.0,8100.0,6495300.0
818,2021-10-12 06:25:16,3860.0,300.0,6487200.0
819,2021-10-12 06:25:03,3860.0,1100.0,6486900.0
820,2021-10-12 06:25:01,3860.0,600.0,6485800.0
821,2021-10-12 06:25:01,3860.0,3000.0,6485200.0
822,2021-10-12 06:25:01,3860.0,1400.0,6482200.0
823,2021-10-12 06:24:50,3860.0,900.0,6480800.0
824,2021-10-12 06:24:28,3860.0,1000.0,6479900.0
825,2021-10-12 06:24:15,3860.0,4000.0,6478900.0
826,2021-10-12 06:23:54,3860.0,2700.0,6474900.0
827,2021-10-12 06:23:54,3860.0,200.0,6472200.0
828,2021-10-12 06:23:54,3860.0,1000.0,6472000.0
829,2021-10-12 06:23:54,3860.0,1000.0,6471000.0
830,2021-10-12 06:23:54,3860.0,100.0,6470000.0
831,2021-10-12 06:23:54,3860.0,100.0,6469900.0
832,2021-10-12 06:23:54,3860.0,1000.0,6469800.0
833,2021-10-12 06:23:54,3860.0,100.0,6468800.0
834,2021-10-12 06:23:54,3860.0,400.0,6468700.0
835,2021-10-12 06:23:54,3860.0,1400.0,6468300.0
836,2021-10-12 06:23:41,3870.0,100.0,6466900.0
837,2021-10-12 06:23:39,3870.0,300.0,6466800.0
838,2021-10-12 06:23:27,3860.0,3600.0,6466500.0
839,2021-10-12 06:23:27,3860.0,300.0,6462900.0
840,2021-10-12 06:23:27,3860.0,10000.0,6462600.0
841,2021-10-12 06:23:27,3860.0,700.0,6452600.0
842,2021-10-12 06:23:27,3860.0,400.0,6451900.0
843,2021-10-12 06:23:27,3860.0,5000.0,6451500.0
844,2021-10-12 06:23:27,3860.0,100.0,6446500.0
845,2021-10-12 06:23:27,3860.0,500.0,6446400.0
846,2021-10-12 06:23:27,3860.0,5000.0,6445900.0
847,2021-10-12 06:23:27,3860.0,3000.0,6440900.0
848,2021-10-12 06:23:27,3860.0,10000.0,6437900.0
849,2021-10-12 06:23:27,3860.0,9400.0,6427900.0
850,2021-10-12 06:23:26,3870.0,500.0,6418500.0
851,2021-10-12 06:23:17,3870.0,2000.0,6418000.0
852,2021-10-12 06:23:10,3870.0,3000.0,6416000.0
853,2021-10-12 06:23:03,3870.0,100.0,6413000.0
854,2021-10-12 06:23:02,3860.0,200.0,6412900.0
855,2021-10-12 06:22:38,3870.0,600.0,6412700.0
856,2021-10-12 06:22:30,3870.0,200.0,6412100.0
857,2021-10-12 06:22:20,3860.0,200.0,6411900.0
858,2021-10-12 06:22:19,3870.0,200.0,6411700.0
859,2021-10-12 06:22:12,3860.0,200.0,6411500.0
860,2021-10-12 06:22:03,3870.0,1400.0,6411300.0
861,2021-10-12 06:22:00,3870.0,400.0,6409900.0
862,2021-10-12 06:21:59,3870.0,100.0,6409500.0
863,2021-10-12 06:21:48,3870.0,10000.0,6409400.0
864,2021-10-12 06:21:32,3870.0,300.0,6399400.0
865,2021-10-12 06:21:21,3870.0,500.0,6399100.0
866,2021-10-12 06:21:20,3870.0,20000.0,6398600.0
867,2021-10-12 06:21:20,3870.0,200.0,6378600.0
868,2021-10-12 06:21:20,3870.0,100.0,6378400.0
869,2021-10-12 06:21:20,3870.0,1000.0,6378300.0
870,2021-10-12 06:21:20,3870.0,15000.0,6377300.0
871,2021-10-12 06:21:20,3870.0,1000.0,6362300.0
872,2021-10-12 06:21:20,3870.0,10000.0,6361300.0
873,2021-10-12 06:21:20,3870.0,500.0,6351300.0
874,2021-10-12 06:21:20,3870.0,1000.0,6350800.0
875,2021-10-12 06:21:20,3870.0,100.0,6349800.0
876,2021-10-12 06:21:20,3870.0,100.0,6349700.0
877,2021-10-12 06:21:20,3870.0,10000.0,6349600.0
878,2021-10-12 06:21:20,3870.0,500.0,6339600.0
879,2021-10-12 06:21:20,3870.0,5000.0,6339100.0
880,2021-10-12 06:21:20,3870.0,200.0,6334100.0
881,2021-10-12 06:21:20,3870.0,500.0,6333900.0
882,2021-10-12 06:21:20,3870.0,600.0,6333400.0
883,2021-10-12 06:21:20,3870.0,1000.0,6332800.0
884,2021-10-12 06:21:20,3870.0,7500.0,6331800.0
885,2021-10-12 06:21:07,3880.0,35200.0,6324300.0
886,2021-10-12 06:21:07,3880.0,12000.0,6289100.0
887,2021-10-12 06:21:07,3880.0,1100.0,6277100.0
888,2021-10-12 06:21:07,3880.0,1700.0,6276000.0
889,2021-10-12 06:20:51,3870.0,1000.0,6274300.0
890,2021-10-12 06:20:51,3880.0,6500.0,6273300.0
891,2021-10-12 06:20:25,3870.0,3000.0,6266800.0
892,2021-10-12 06:19:57,3880.0,900.0,6263800.0
893,2021-10-12 06:19:57,3880.0,100.0,6262900.0
894,2021-10-12 06:19:55,3890.0,100.0,6262800.0
895,2021-10-12 06:19:55,3880.0,900.0,6262700.0
896,2021-10-12 06:19:41,3890.0,300.0,6261800.0
897,2021-10-12 06:19:22,3870.0,1000.0,6261500.0
898,2021-10-12 06:19:08,3890.0,4200.0,6260500.0
899,2021-10-12 06:18:32,3880.0,8200.0,6256300.0
900,2021-10-12 06:18:17,3870.0,2700.0,6248100.0
901,2021-10-12 06:18:13,3880.0,200.0,6245400.0
902,2021-10-12 06:18:03,3880.0,10000.0,6245200.0
903,2021-10-12 06:17:48,3880.0,4000.0,6235200.0
904,2021-10-12 06:17:48,3880.0,300.0,6231200.0
905,2021-10-12 06:17:19,3890.0,400.0,6230900.0
906,2021-10-12 06:16:57,3870.0,4800.0,6230500.0
907,2021-10-12 06:16:57,3870.0,1000.0,6225700.0
908,2021-10-12 06:16:57,3870.0,200.0,6224700.0
909,2021-10-12 06:16:57,3870.0,500.0,6224500.0
910,2021-10-12 06:16:57,3870.0,200.0,6224000.0
911,2021-10-12 06:16:57,3870.0,100.0,6223800.0
912,2021-10-12 06:16:57,3870.0,1000.0,6223700.0
913,2021-10-12 06:16:57,3870.0,200.0,6222700.0
914,2021-10-12 06:16:57,3870.0,1000.0,6222500.0
915,2021-10-12 06:16:57,3870.0,1000.0,6221500.0
916,2021-10-12 06:16:50,3890.0,1400.0,6220500.0
917,2021-10-12 06:16:50,3880.0,1600.0,6219100.0
918,2021-10-12 06:16:41,3880.0,500.0,6217500.0
919,2021-10-12 06:16:34,3880.0,500.0,6217000.0
920,2021-10-12 06:16:15,3890.0,5000.0,6216500.0
921,2021-10-12 06:16:15,3890.0,5300.0,6211500.0
922,2021-10-12 06:16:15,3880.0,700.0,6206200.0
923,2021-10-12 06:16:14,3880.0,100.0,6205500.0
924,2021-10-12 06:16:14,3880.0,200.0,6205400.0
925,2021-10-12 06:16:04,3890.0,500.0,6205200.0
926,2021-10-12 06:15:56,3880.0,800.0,6204700.0
927,2021-10-12 06:15:56,3880.0,1000.0,6203900.0
928,2021-10-12 06:15:56,3880.0,5000.0,6202900.0
929,2021-10-12 06:15:56,3880.0,200.0,6197900.0
930,2021-10-12 06:15:56,3880.0,1000.0,6197700.0
931,2021-10-12 06:15:56,3880.0,500.0,6196700.0
932,2021-10-12 06:15:56,3880.0,100.0,6196200.0
933,2021-10-12 06:15:56,3880.0,4400.0,6196100.0
934,2021-10-12 06:15:48,3890.0,3500.0,6191700.0
935,2021-10-12 06:15:47,3880.0,600.0,6188200.0
936,2021-10-12 06:15:47,3880.0,2000.0,6187600.0
937,2021-10-12 06:15:47,3880.0,10000.0,6185600.0
938,2021-10-12 06:15:47,3880.0,100.0,6175600.0
939,2021-10-12 06:15:47,3880.0,1000.0,6175500.0
940,2021-10-12 06:15:47,3880.0,10000.0,6174500.0
941,2021-10-12 06:15:47,3880.0,900.0,6164500.0
942,2021-10-12 06:15:47,3880.0,1400.0,6163600.0
943,2021-10-12 06:15:47,3880.0,15000.0,6162200.0
944,2021-10-12 06:15:47,3880.0,1000.0,6147200.0
945,2021-10-12 06:15:47,3880.0,400.0,6146200.0
946,2021-10-12 06:15:47,3880.0,100.0,6145800.0
947,2021-10-12 06:15:47,3880.0,500.0,6145700.0
948,2021-10-12 06:15:37,3890.0,2200.0,6145200.0
949,2021-10-12 06:15:37,3890.0,200.0,6143000.0
950,2021-10-12 06:15:37,3890.0,100.0,6142800.0
951,2021-10-12 06:15:37,3890.0,100.0,6142700.0
952,2021-10-12 06:15:37,3890.0,700.0,6142600.0
953,2021-10-12 06:15:37,3890.0,2000.0,6141900.0
954,2021-10-12 06:15:37,3890.0,2000.0,6139900.0
955,2021-10-12 06:15:37,3890.0,100.0,6137900.0
956,2021-10-12 06:15:37,3890.0,200.0,6137800.0
957,2021-10-12 06:15:37,3890.0,13100.0,6137600.0
958,2021-10-12 06:15:31,3900.0,1300.0,6124500.0
959,2021-10-12 06:15:23,3890.0,5000.0,6123200.0
960,2021-10-12 06:15:18,3890.0,31900.0,6118200.0
961,2021-10-12 06:15:18,3890.0,5000.0,6086300.0
962,2021-10-12 06:15:18,3890.0,2500.0,6081300.0
963,2021-10-12 06:15:18,3890.0,600.0,6078800.0
964,2021-10-12 06:14:57,3890.0,400.0,6078200.0
965,2021-10-12 06:14:57,3890.0,1000.0,6077800.0
966,2021-10-12 06:14:57,3890.0,100.0,6076800.0
967,2021-10-12 06:14:57,3890.0,300.0,6076700.0
968,2021-10-12 06:14:57,3890.0,500.0,6076400.0
969,2021-10-12 06:14:57,3890.0,5000.0,6075900.0
970,2021-10-12 06:14:57,3890.0,2700.0,6070900.0
971,2021-10-12 06:14:31,3890.0,600.0,6068200.0
972,2021-10-12 06:14:23,3890.0,300.0,6067600.0
973,2021-10-12 06:13:58,3900.0,2000.0,6067300.0
974,2021-10-12 06:13:48,3900.0,2000.0,6065300.0
975,2021-10-12 06:13:48,3900.0,1500.0,6063300.0
976,2021-10-12 06:13:40,3900.0,100.0,6061800.0
977,2021-10-12 06:13:10,3900.0,1600.0,6061700.0
978,2021-10-12 06:12:15,3900.0,10000.0,6060100.0
979,2021-10-12 06:12:00,3900.0,100.0,6050100.0
980,2021-10-12 06:11:48,3900.0,100.0,6050000.0
981,2021-10-12 06:11:43,3900.0,2200.0,6049900.0
982,2021-10-12 06:11:39,3900.0,6000.0,6047700.0
983,2021-10-12 06:11:30,3900.0,100.0,6041700.0
984,2021-10-12 06:11:29,3900.0,1000.0,6041600.0
985,2021-10-12 06:11:29,3900.0,300.0,6040600.0
986,2021-10-12 06:11:29,3900.0,1000.0,6040300.0
987,2021-10-12 06:11:29,3900.0,1600.0,6039300.0
988,2021-10-12 06:11:16,3900.0,1500.0,6037700.0
989,2021-10-12 06:11:15,3900.0,2000.0,6036200.0
990,2021-10-12 06:11:15,3900.0,8000.0,6034200.0
991,2021-10-12 06:10:48,3900.0,900.0,6026200.0
992,2021-10-12 06:10:37,3900.0,1100.0,6025300.0
993,2021-10-12 06:10:29,3900.0,200.0,6024200.0
994,2021-10-12 06:10:29,3900.0,9800.0,6024000.0
995,2021-10-12 06:10:18,3900.0,200.0,6014200.0
996,2021-10-12 06:10:07,3900.0,900.0,6014000.0
997,2021-10-12 06:10:07,3900.0,100.0,6013100.0
998,2021-10-12 06:10:07,3900.0,400.0,6013000.0
999,2021-10-12 06:10:07,3900.0,300.0,6012600.0
1000,2021-10-12 06:10:07,3900.0,3100.0,6012300.0
1001,2021-10-12 06:09:53,3900.0,500.0,6009200.0
1002,2021-10-12 06:09:52,3900.0,10000.0,6008700.0
1003,2021-10-12 06:09:52,3900.0,3000.0,5998700.0
1004,2021-10-12 06:09:52,3900.0,100.0,5995700.0
1005,2021-10-12 06:09:52,3900.0,6500.0,5995600.0
1006,2021-10-12 06:09:44,3900.0,5600.0,5989100.0
1007,2021-10-12 06:09:36,3900.0,300.0,5983500.0
1008,2021-10-12 06:09:32,3900.0,9000.0,5983200.0
1009,2021-10-12 06:08:45,3900.0,100.0,5974200.0
1010,2021-10-12 06:08:33,3900.0,500.0,5974100.0
1011,2021-10-12 06:08:33,3900.0,100.0,5973600.0
1012,2021-10-12 06:08:33,3900.0,1000.0,5973500.0
1013,2021-10-12 06:08:31,3900.0,500.0,5972500.0
1014,2021-10-12 06:08:08,3900.0,1900.0,5972000.0
1015,2021-10-12 06:08:08,3900.0,1300.0,5970100.0
1016,2021-10-12 06:07:43,3900.0,800.0,5968800.0
1017,2021-10-12 06:07:43,3900.0,8200.0,5968000.0
1018,2021-10-12 06:07:25,3900.0,1000.0,5959800.0
1019,2021-10-12 06:07:17,3900.0,900.0,5958800.0
1020,2021-10-12 06:07:17,3900.0,6100.0,5957900.0
1021,2021-10-12 06:07:15,3900.0,4000.0,5951800.0
1022,2021-10-12 06:06:48,3900.0,200.0,5947800.0
1023,2021-10-12 06:06:48,3900.0,500.0,5947600.0
1024,2021-10-12 06:06:48,3900.0,500.0,5947100.0
1025,2021-10-12 06:06:48,3900.0,30000.0,5946600.0
1026,2021-10-12 06:06:48,3900.0,8700.0,5916600.0
1027,2021-10-12 06:06:36,3900.0,3000.0,5907900.0
1028,2021-10-12 06:06:24,3900.0,200.0,5904900.0
1029,2021-10-12 06:06:23,3900.0,200.0,5904700.0
1030,2021-10-12 06:05:55,3900.0,200.0,5904500.0
1031,2021-10-12 06:05:42,3890.0,200.0,5904300.0
1032,2021-10-12 06:05:20,3890.0,3600.0,5904100.0
1033,2021-10-12 06:05:20,3890.0,1400.0,5900500.0
1034,2021-10-12 06:04:57,3900.0,3000.0,5899100.0
1035,2021-10-12 06:04:49,3900.0,1000.0,5896100.0
1036,2021-10-12 06:04:49,3900.0,3700.0,5895100.0
1037,2021-10-12 06:04:31,3900.0,1300.0,5891400.0
1038,2021-10-12 06:04:31,3900.0,200.0,5890100.0
1039,2021-10-12 06:04:31,3900.0,1500.0,5889900.0
1040,2021-10-12 06:04:31,3900.0,100.0,5888400.0
1041,2021-10-12 06:04:31,3900.0,600.0,5888300.0
1042,2021-10-12 06:04:31,3900.0,1300.0,5887700.0
1043,2021-10-12 06:04:16,3910.0,1000.0,5886400.0
1044,2021-10-12 06:03:28,3900.0,100.0,5885400.0
1045,2021-10-12 06:02:54,3900.0,2200.0,5885300.0
1046,2021-10-12 06:02:49,3890.0,100.0,5883100.0
1047,2021-10-12 06:02:48,3900.0,800.0,5883000.0
1048,2021-10-12 06:02:48,3900.0,300.0,5882200.0
1049,2021-10-12 06:02:31,3900.0,100.0,5881900.0
1050,2021-10-12 06:02:31,3900.0,100.0,5881800.0
1051,2021-10-12 06:02:31,3900.0,600.0,5881700.0
1052,2021-10-12 06:02:31,3900.0,1000.0,5881100.0
1053,2021-10-12 06:02:31,3900.0,100.0,5880100.0
1054,2021-10-12 06:02:31,3900.0,500.0,5880000.0
1055,2021-10-12 06:02:31,3900.0,600.0,5879500.0
1056,2021-10-12 06:02:30,3900.0,400.0,5878900.0
1057,2021-10-12 06:02:30,3900.0,2300.0,5878500.0
1058,2021-10-12 06:02:30,3900.0,100.0,5876200.0
1059,2021-10-12 06:02:30,3900.0,1000.0,5876100.0
1060,2021-10-12 06:02:30,3900.0,100.0,5875100.0
1061,2021-10-12 06:02:30,3900.0,500.0,5875000.0
1062,2021-10-12 06:02:30,3900.0,7900.0,5874500.0
1063,2021-10-12 06:02:08,3890.0,200.0,5866600.0
1064,2021-10-12 06:02:08,3890.0,100.0,5866400.0
1065,2021-10-12 06:01:19,3900.0,100.0,5866300.0
1066,2021-10-12 06:01:19,3890.0,900.0,5866200.0
1067,2021-10-12 06:01:19,3890.0,200.0,5865300.0
1068,2021-10-12 06:01:19,3890.0,100.0,5865100.0
1069,2021-10-12 06:01:19,3890.0,1000.0,5865000.0
1070,2021-10-12 06:01:19,3890.0,2800.0,5864000.0
1071,2021-10-12 06:00:51,3890.0,100.0,5861200.0
1072,2021-10-12 06:00:44,3900.0,100.0,5861100.0
1073,2021-10-12 06:00:40,3890.0,100.0,5861000.0
1074,2021-10-12 06:00:30,3900.0,300.0,5860900.0
1075,2021-10-12 06:00:30,3900.0,200.0,5860600.0
1076,2021-10-12 06:00:24,3900.0,500.0,5860400.0
1077,2021-10-12 06:00:20,3900.0,3000.0,5859900.0
1078,2021-10-12 06:00:19,3900.0,200.0,5856900.0
1079,2021-10-12 06:00:18,3900.0,1000.0,5856700.0
1080,2021-10-12 06:00:17,3900.0,100.0,5855700.0
1081,2021-10-12 06:00:15,3900.0,2000.0,5855600.0
1082,2021-10-12 06:00:12,3900.0,100.0,5853600.0
1083,2021-10-12 06:00:08,3900.0,100.0,5853500.0
1084,2021-10-12 06:00:05,3900.0,200.0,5853400.0
1085,2021-10-12 06:00:05,3900.0,1400.0,5853200.0
1086,2021-10-12 06:00:05,3900.0,2000.0,5851800.0
1087,2021-10-12 06:00:04,3900.0,600.0,5849800.0
1088,2021-10-12 06:00:04,3900.0,10700.0,5849200.0
1089,2021-10-12 06:00:04,3890.0,300.0,5838500.0
1090,2021-10-12 06:00:03,3900.0,100.0,5838200.0
1091,2021-10-12 06:00:02,3900.0,500.0,5838100.0
1092,2021-10-12 06:00:02,3900.0,300.0,5837600.0
1093,2021-10-12 06:00:02,3890.0,200.0,5837300.0
1094,2021-10-12 06:00:02,3890.0,1000.0,5837100.0
1095,2021-10-12 06:00:02,3890.0,300.0,5836100.0
1096,2021-10-12 06:00:02,3890.0,500.0,5835800.0
1097,2021-10-12 06:00:01,3900.0,900.0,5835300.0
1098,2021-10-12 06:00:01,3900.0,100.0,5834400.0
1099,2021-10-12 06:00:01,3900.0,2000.0,5834300.0
1100,2021-10-12 06:00:01,3900.0,500.0,5832300.0
1101,2021-10-12 06:00:01,3900.0,200.0,5831800.0
1102,2021-10-12 06:00:01,3900.0,200.0,5831600.0
1103,2021-10-12 06:00:01,3900.0,100.0,5831400.0
1104,2021-10-12 06:00:01,3890.0,100.0,5831300.0
1105,2021-10-12 06:00:01,3900.0,900.0,5831200.0
1106,2021-10-12 06:00:00,3900.0,1000.0,5830300.0
1107,2021-10-12 06:00:00,3900.0,1300.0,5829300.0
1108,2021-10-12 04:29:42,3900.0,100.0,5828000.0
1109,2021-10-12 04:29:37,3890.0,200.0,5827900.0
1110,2021-10-12 04:28:57,3890.0,1700.0,5827700.0
1111,2021-10-12 04:28:55,3890.0,100.0,5826000.0
1112,2021-10-12 04:28:45,3890.0,500.0,5825900.0
1113,2021-10-12 04:28:14,3890.0,100.0,5825400.0
1114,2021-10-12 04:28:14,3890.0,1000.0,5825300.0
1115,2021-10-12 04:28:14,3890.0,5000.0,5824300.0
1116,2021-10-12 04:28:14,3890.0,1600.0,5819300.0
1117,2021-10-12 04:28:07,3890.0,3400.0,5817700.0
1118,2021-10-12 04:28:07,3890.0,900.0,5814300.0
1119,2021-10-12 04:28:07,3890.0,300.0,5813400.0
1120,2021-10-12 04:28:07,3890.0,5400.0,5813100.0
1121,2021-10-12 04:27:50,3890.0,16600.0,5807700.0
1122,2021-10-12 04:27:50,3890.0,10000.0,5791100.0
1123,2021-10-12 04:27:50,3890.0,10000.0,5781100.0
1124,2021-10-12 04:27:50,3890.0,23400.0,5771100.0
1125,2021-10-12 04:27:16,3890.0,4000.0,5747700.0
1126,2021-10-12 04:26:56,3900.0,200.0,5743700.0
1127,2021-10-12 04:26:56,3900.0,900.0,5743500.0
1128,2021-10-12 04:26:56,3900.0,500.0,5742600.0
1129,2021-10-12 04:26:56,3900.0,500.0,5742100.0
1130,2021-10-12 04:26:56,3900.0,200.0,5741600.0
1131,2021-10-12 04:26:56,3900.0,1000.0,5741400.0
1132,2021-10-12 04:26:49,3900.0,9000.0,5740400.0
1133,2021-10-12 04:26:49,3900.0,2500.0,5731400.0
1134,2021-10-12 04:26:49,3900.0,5000.0,5728900.0
1135,2021-10-12 04:26:49,3900.0,1500.0,5723900.0
1136,2021-10-12 04:26:49,3900.0,100.0,5722400.0
1137,2021-10-12 04:26:49,3900.0,200.0,5722300.0
1138,2021-10-12 04:26:49,3900.0,5000.0,5722100.0
1139,2021-10-12 04:26:49,3900.0,5100.0,5717100.0
1140,2021-10-12 04:26:49,3900.0,100.0,5712000.0
1141,2021-10-12 04:26:49,3900.0,2000.0,5711900.0
1142,2021-10-12 04:26:49,3900.0,20000.0,5709900.0
1143,2021-10-12 04:26:49,3900.0,10000.0,5689900.0
1144,2021-10-12 04:26:49,3900.0,700.0,5679900.0
1145,2021-10-12 04:26:49,3900.0,300.0,5679200.0
1146,2021-10-12 04:26:49,3900.0,5000.0,5678900.0
1147,2021-10-12 04:26:49,3900.0,10000.0,5673900.0
1148,2021-10-12 04:26:49,3900.0,500.0,5663900.0
1149,2021-10-12 04:26:49,3900.0,3000.0,5663400.0
1150,2021-10-12 04:26:49,3900.0,2000.0,5660400.0
1151,2021-10-12 04:26:49,3900.0,600.0,5658400.0
1152,2021-10-12 04:26:49,3900.0,300.0,5657800.0
1153,2021-10-12 04:26:49,3900.0,1000.0,5657500.0
1154,2021-10-12 04:26:49,3900.0,16100.0,5656500.0
1155,2021-10-12 04:26:32,3900.0,3000.0,5640400.0
1156,2021-10-12 04:26:04,3900.0,100.0,5637400.0
1157,2021-10-12 04:24:39,3910.0,500.0,5637300.0
1158,2021-10-12 04:24:23,3910.0,4600.0,5636800.0
1159,2021-10-12 04:24:23,3910.0,1800.0,5632200.0
1160,2021-10-12 04:23:06,3910.0,1300.0,5630400.0
1161,2021-10-12 04:23:06,3910.0,500.0,5629100.0
1162,2021-10-12 04:23:06,3910.0,10000.0,5628600.0
1163,2021-10-12 04:23:06,3910.0,100.0,5618600.0
1164,2021-10-12 04:23:06,3910.0,1000.0,5618500.0
1165,2021-10-12 04:23:06,3910.0,1700.0,5617500.0
1166,2021-10-12 04:23:06,3910.0,9600.0,5615800.0
1167,2021-10-12 04:22:42,3910.0,3000.0,5606200.0
1168,2021-10-12 04:22:42,3910.0,500.0,5603200.0
1169,2021-10-12 04:22:42,3910.0,700.0,5602700.0
1170,2021-10-12 04:22:42,3910.0,1100.0,5602000.0
1171,2021-10-12 04:22:42,3910.0,1000.0,5600900.0
1172,2021-10-12 04:22:42,3910.0,3300.0,5599900.0
1173,2021-10-12 04:22:42,3910.0,100.0,5596600.0
1174,2021-10-12 04:22:42,3910.0,5000.0,5596500.0
1175,2021-10-12 04:22:42,3910.0,5000.0,5591500.0
1176,2021-10-12 04:22:42,3910.0,5000.0,5586500.0
1177,2021-10-12 04:22:42,3910.0,5000.0,5581500.0
1178,2021-10-12 04:22:42,3910.0,300.0,5576500.0
1179,2021-10-12 04:22:27,3920.0,100.0,5576200.0
1180,2021-10-12 04:22:11,3920.0,100.0,5576100.0
1181,2021-10-12 04:21:35,3910.0,1000.0,5576000.0
1182,2021-10-12 04:21:16,3920.0,200.0,5575000.0
1183,2021-10-12 04:20:53,3910.0,700.0,5574800.0
1184,2021-10-12 04:20:53,3910.0,600.0,5574100.0
1185,2021-10-12 04:20:38,3910.0,1000.0,5573500.0
1186,2021-10-12 04:20:36,3910.0,2300.0,5572500.0
1187,2021-10-12 04:20:13,3910.0,100.0,5570200.0
1188,2021-10-12 04:20:12,3920.0,400.0,5570100.0
1189,2021-10-12 04:19:32,3920.0,1000.0,5569700.0
1190,2021-10-12 04:18:53,3920.0,500.0,5568700.0
1191,2021-10-12 04:18:53,3920.0,2000.0,5568200.0
1192,2021-10-12 04:18:53,3920.0,2700.0,5566200.0
1193,2021-10-12 04:18:26,3920.0,7300.0,5563500.0
1194,2021-10-12 04:18:26,3920.0,500.0,5556200.0
1195,2021-10-12 04:18:26,3920.0,1000.0,5555700.0
1196,2021-10-12 04:18:26,3920.0,1000.0,5554700.0
1197,2021-10-12 04:18:26,3920.0,3000.0,5553700.0
1198,2021-10-12 04:18:26,3920.0,700.0,5550700.0
1199,2021-10-12 04:18:26,3920.0,5000.0,5550000.0
1200,2021-10-12 04:18:26,3920.0,1000.0,5545000.0
1201,2021-10-12 04:18:26,3920.0,30500.0,5544000.0
1202,2021-10-12 04:18:01,3930.0,1000.0,5513500.0
1203,2021-10-12 04:17:59,3930.0,200.0,5512500.0
1204,2021-10-12 04:17:40,3930.0,3500.0,5512300.0
1205,2021-10-12 04:17:40,3930.0,1000.0,5508800.0
1206,2021-10-12 04:17:40,3930.0,10000.0,5507800.0
1207,2021-10-12 04:17:40,3930.0,500.0,5497800.0
1208,2021-10-12 04:17:40,3930.0,1000.0,5497300.0
1209,2021-10-12 04:17:40,3930.0,4000.0,5496300.0
1210,2021-10-12 04:17:40,3930.0,100.0,5492300.0
1211,2021-10-12 04:17:40,3930.0,1900.0,5492200.0
1212,2021-10-12 04:17:40,3930.0,1100.0,5490300.0
1213,2021-10-12 04:17:40,3930.0,1500.0,5489200.0
1214,2021-10-12 04:17:40,3930.0,400.0,5487700.0
1215,2021-10-12 04:16:57,3930.0,2000.0,5487300.0
1216,2021-10-12 04:16:19,3930.0,20600.0,5485300.0
1217,2021-10-12 04:16:19,3930.0,1200.0,5464700.0
1218,2021-10-12 04:16:19,3930.0,1000.0,5463500.0
1219,2021-10-12 04:16:19,3930.0,15000.0,5462500.0
1220,2021-10-12 04:16:19,3930.0,2000.0,5447500.0
1221,2021-10-12 04:16:19,3930.0,700.0,5445500.0
1222,2021-10-12 04:16:19,3930.0,2000.0,5444800.0
1223,2021-10-12 04:16:19,3930.0,2000.0,5442800.0
1224,2021-10-12 04:16:19,3930.0,4000.0,5440800.0
1225,2021-10-12 04:16:19,3930.0,2500.0,5436800.0
1226,2021-10-12 04:16:19,3930.0,5000.0,5434300.0
1227,2021-10-12 04:16:19,3930.0,1500.0,5429300.0
1228,2021-10-12 04:16:19,3930.0,100.0,5427800.0
1229,2021-10-12 04:16:19,3930.0,20000.0,5427700.0
1230,2021-10-12 04:16:19,3930.0,100.0,5407700.0
1231,2021-10-12 04:16:19,3930.0,5000.0,5407600.0
1232,2021-10-12 04:16:19,3930.0,1000.0,5402600.0
1233,2021-10-12 04:16:19,3930.0,5000.0,5401600.0
1234,2021-10-12 04:16:19,3930.0,100.0,5396600.0
1235,2021-10-12 04:16:19,3930.0,3000.0,5396500.0
1236,2021-10-12 04:16:19,3930.0,8200.0,5393500.0
1237,2021-10-12 04:16:14,3930.0,500.0,5385300.0
1238,2021-10-12 04:16:11,3930.0,100.0,5384800.0
1239,2021-10-12 04:16:03,3930.0,100.0,5384700.0
1240,2021-10-12 04:15:59,3930.0,2000.0,5384600.0
1241,2021-10-12 04:15:16,3930.0,1000.0,5382600.0
1242,2021-10-12 04:14:41,3930.0,100.0,5381600.0
1243,2021-10-12 04:14:26,3930.0,3800.0,5381500.0
1244,2021-10-12 04:12:12,3930.0,2500.0,5377700.0
1245,2021-10-12 04:11:46,3920.0,100.0,5375200.0
1246,2021-10-12 04:11:36,3920.0,900.0,5375100.0
1247,2021-10-12 04:10:57,3930.0,100.0,5374200.0
1248,2021-10-12 04:10:50,3920.0,700.0,5374100.0
1249,2021-10-12 04:10:43,3920.0,600.0,5373400.0
1250,2021-10-12 04:10:26,3920.0,1000.0,5372800.0
1251,2021-10-12 04:09:57,3920.0,6800.0,5371800.0
1252,2021-10-12 04:08:25,3920.0,3000.0,5365000.0
1253,2021-10-12 04:08:10,3930.0,100.0,5362000.0
1254,2021-10-12 04:07:50,3930.0,200.0,5361900.0
1255,2021-10-12 04:07:49,3920.0,1000.0,5361700.0
1256,2021-10-12 04:07:47,3920.0,19000.0,5360700.0
1257,2021-10-12 04:07:31,3920.0,2000.0,5341700.0
1258,2021-10-12 04:07:08,3920.0,5000.0,5339700.0
1259,2021-10-12 04:06:30,3920.0,60000.0,5334700.0
1260,2021-10-12 04:06:22,3920.0,7800.0,5274700.0
1261,2021-10-12 04:06:04,3920.0,10000.0,5266900.0
1262,2021-10-12 04:06:04,3920.0,500.0,5256900.0
1263,2021-10-12 04:06:04,3920.0,200.0,5256400.0
1264,2021-10-12 04:06:04,3920.0,3000.0,5256200.0
1265,2021-10-12 04:06:04,3920.0,100.0,5253200.0
1266,2021-10-12 04:06:04,3920.0,4800.0,5253100.0
1267,2021-10-12 04:05:19,3910.0,200.0,5248300.0
1268,2021-10-12 04:04:49,3910.0,800.0,5248100.0
1269,2021-10-12 04:04:49,3910.0,3200.0,5247300.0
1270,2021-10-12 04:04:38,3910.0,200.0,5244100.0
1271,2021-10-12 04:03:31,3910.0,1000.0,5243900.0
1272,2021-10-12 04:03:18,3910.0,1000.0,5242900.0
1273,2021-10-12 04:03:14,3920.0,200.0,5241900.0
1274,2021-10-12 04:03:14,3920.0,2000.0,5241700.0
1275,2021-10-12 04:03:14,3920.0,50000.0,5239700.0
1276,2021-10-12 04:03:14,3920.0,14000.0,5189700.0
1277,2021-10-12 04:03:14,3920.0,5000.0,5175700.0
1278,2021-10-12 04:03:14,3920.0,100.0,5170700.0
1279,2021-10-12 04:03:14,3920.0,400.0,5170600.0
1280,2021-10-12 04:03:14,3920.0,1000.0,5170200.0
1281,2021-10-12 04:03:14,3920.0,300.0,5169200.0
1282,2021-10-12 04:03:14,3920.0,5000.0,5168900.0
1283,2021-10-12 04:03:14,3920.0,2000.0,5163900.0
1284,2021-10-12 04:03:05,3910.0,400.0,5161900.0
1285,2021-10-12 04:03:05,3910.0,1000.0,5161500.0
1286,2021-10-12 04:03:05,3910.0,100.0,5160500.0
1287,2021-10-12 04:03:05,3910.0,100.0,5160400.0
1288,2021-10-12 04:03:05,3910.0,200.0,5160300.0
1289,2021-10-12 04:03:05,3910.0,300.0,5160100.0
1290,2021-10-12 04:03:05,3910.0,100.0,5159800.0
1291,2021-10-12 04:03:02,3910.0,19900.0,5159700.0
1292,2021-10-12 04:03:02,3910.0,100.0,5139800.0
1293,2021-10-12 04:03:00,3910.0,1600.0,5139700.0
1294,2021-10-12 04:03:00,3910.0,3000.0,5138100.0
1295,2021-10-12 04:03:00,3910.0,4400.0,5135100.0
1296,2021-10-12 04:01:52,3910.0,5000.0,5130700.0
1297,2021-10-12 04:01:41,3910.0,400.0,5125700.0
1298,2021-10-12 04:01:28,3900.0,800.0,5125300.0
1299,2021-10-12 04:01:28,3900.0,200.0,5124500.0
1300,2021-10-12 04:01:03,3900.0,400.0,5124300.0
1301,2021-10-12 04:00:36,3910.0,100.0,5123900.0
1302,2021-10-12 04:00:35,3910.0,100.0,5123800.0
1303,2021-10-12 04:00:35,3910.0,500.0,5123700.0
1304,2021-10-12 04:00:17,3900.0,400.0,5123200.0
1305,2021-10-12 04:00:17,3900.0,2000.0,5122800.0
1306,2021-10-12 04:00:17,3900.0,100.0,5120800.0
1307,2021-10-12 04:00:17,3900.0,2000.0,5120700.0
1308,2021-10-12 04:00:17,3900.0,5000.0,5118700.0
1309,2021-10-12 04:00:17,3900.0,1000.0,5113700.0
1310,2021-10-12 04:00:17,3900.0,100.0,5112700.0
1311,2021-10-12 04:00:17,3900.0,700.0,5112600.0
1312,2021-10-12 04:00:17,3900.0,200.0,5111900.0
1313,2021-10-12 04:00:12,3910.0,2000.0,5111700.0
1314,2021-10-12 04:00:01,3910.0,1000.0,5109700.0
1315,2021-10-12 03:59:40,3910.0,100.0,5108700.0
1316,2021-10-12 03:58:52,3910.0,10000.0,5108600.0
1317,2021-10-12 03:58:27,3910.0,100.0,5098600.0
1318,2021-10-12 03:58:19,3910.0,3500.0,5098500.0
1319,2021-10-12 03:58:15,3910.0,5000.0,5095000.0
1320,2021-10-12 03:58:15,3910.0,2000.0,5090000.0
1321,2021-10-12 03:58:15,3910.0,10800.0,5088000.0
1322,2021-10-12 03:58:15,3910.0,300.0,5077200.0
1323,2021-10-12 03:58:05,3910.0,500.0,5076900.0
1324,2021-10-12 03:58:05,3910.0,5200.0,5076400.0
1325,2021-10-12 03:57:27,3910.0,1000.0,5071200.0
1326,2021-10-12 03:57:16,3910.0,1000.0,5070200.0
1327,2021-10-12 03:57:16,3910.0,400.0,5069200.0
1328,2021-10-12 03:57:16,3910.0,400.0,5068800.0
1329,2021-10-12 03:57:12,3910.0,100.0,5068400.0
1330,2021-10-12 03:57:10,3910.0,2500.0,5068300.0
1331,2021-10-12 03:57:10,3910.0,2400.0,5065800.0
1332,2021-10-12 03:57:04,3910.0,100.0,5063400.0
1333,2021-10-12 03:57:04,3910.0,100.0,5063300.0
1334,2021-10-12 03:56:56,3910.0,400.0,5063200.0
1335,2021-10-12 03:56:56,3910.0,500.0,5062800.0
1336,2021-10-12 03:56:41,3910.0,2000.0,5062300.0
1337,2021-10-12 03:56:29,3910.0,1000.0,5060300.0
1338,2021-10-12 03:56:29,3910.0,1600.0,5059300.0
1339,2021-10-12 03:56:28,3910.0,300.0,5057700.0
1340,2021-10-12 03:56:26,3910.0,8000.0,5057400.0
1341,2021-10-12 03:56:06,3910.0,5000.0,5049400.0
1342,2021-10-12 03:55:20,3910.0,300.0,5044400.0
1343,2021-10-12 03:55:09,3900.0,100.0,5044100.0
1344,2021-10-12 03:55:09,3900.0,2000.0,5044000.0
1345,2021-10-12 03:55:09,3900.0,900.0,5042000.0
1346,2021-10-12 03:54:48,3910.0,3000.0,5041100.0
1347,2021-10-12 03:54:45,3900.0,100.0,5038100.0
1348,2021-10-12 03:54:37,3910.0,1000.0,5038000.0
1349,2021-10-12 03:53:58,3910.0,200.0,5037000.0
1350,2021-10-12 03:53:58,3910.0,100.0,5036800.0
1351,2021-10-12 03:53:58,3910.0,100.0,5036700.0
1352,2021-10-12 03:53:58,3910.0,5000.0,5036600.0
1353,2021-10-12 03:53:58,3910.0,100.0,5031600.0
1354,2021-10-12 03:53:58,3910.0,500.0,5031500.0
1355,2021-10-12 03:53:58,3910.0,500.0,5031000.0
1356,2021-10-12 03:53:58,3910.0,1000.0,5030500.0
1357,2021-10-12 03:53:58,3910.0,400.0,5029500.0
1358,2021-10-12 03:53:58,3910.0,200.0,5029100.0
1359,2021-10-12 03:53:58,3910.0,5000.0,5028900.0
1360,2021-10-12 03:53:58,3910.0,3000.0,5023900.0
1361,2021-10-12 03:53:58,3910.0,700.0,5020900.0
1362,2021-10-12 03:53:48,3910.0,800.0,5020200.0
1363,2021-10-12 03:53:33,3910.0,8500.0,5019400.0
1364,2021-10-12 03:53:33,3910.0,1500.0,5010900.0
1365,2021-10-12 03:53:27,3910.0,1500.0,5009400.0
1366,2021-10-12 03:53:27,3910.0,500.0,5007900.0
1367,2021-10-12 03:53:27,3910.0,1000.0,5007400.0
1368,2021-10-12 03:53:27,3910.0,500.0,5006400.0
1369,2021-10-12 03:53:27,3910.0,1000.0,5005900.0
1370,2021-10-12 03:53:27,3910.0,100.0,5004900.0
1371,2021-10-12 03:53:27,3910.0,400.0,5004800.0
1372,2021-10-12 03:53:27,3910.0,200.0,5004400.0
1373,2021-10-12 03:53:27,3910.0,5600.0,5004200.0
1374,2021-10-12 03:51:28,3910.0,3300.0,4998600.0
1375,2021-10-12 03:51:15,3910.0,400.0,4995300.0
1376,2021-10-12 03:50:19,3910.0,10000.0,4994900.0
1377,2021-10-12 03:50:07,3920.0,100.0,4984900.0
1378,2021-10-12 03:49:45,3910.0,100.0,4984800.0
1379,2021-10-12 03:49:37,3910.0,100.0,4984700.0
1380,2021-10-12 03:49:22,3920.0,1100.0,4984600.0
1381,2021-10-12 03:48:55,3910.0,300.0,4983500.0
1382,2021-10-12 03:48:44,3920.0,1000.0,4983200.0
1383,2021-10-12 03:48:30,3910.0,1000.0,4982200.0
1384,2021-10-12 03:48:09,3910.0,29200.0,4981200.0
1385,2021-10-12 03:48:09,3910.0,300.0,4952000.0
1386,2021-10-12 03:48:09,3910.0,500.0,4951700.0
1387,2021-10-12 03:48:08,3920.0,1900.0,4951200.0
1388,2021-10-12 03:48:08,3920.0,100.0,4949300.0
1389,2021-10-12 03:47:58,3920.0,900.0,4949200.0
1390,2021-10-12 03:47:45,3920.0,100.0,4948300.0
1391,2021-10-12 03:47:45,3920.0,800.0,4948200.0
1392,2021-10-12 03:47:45,3920.0,500.0,4947400.0
1393,2021-10-12 03:47:45,3920.0,600.0,4946900.0
1394,2021-10-12 03:47:23,3920.0,300.0,4946300.0
1395,2021-10-12 03:47:14,3920.0,200.0,4946000.0
1396,2021-10-12 03:47:14,3920.0,1500.0,4945800.0
1397,2021-10-12 03:46:45,3920.0,500.0,4944300.0
1398,2021-10-12 03:46:45,3920.0,100.0,4943800.0
1399,2021-10-12 03:46:37,3930.0,11000.0,4943700.0
1400,2021-10-12 03:46:37,3930.0,100.0,4932700.0
1401,2021-10-12 03:46:37,3930.0,5900.0,4932600.0
1402,2021-10-12 03:46:37,3930.0,1000.0,4926700.0
1403,2021-10-12 03:46:37,3930.0,200.0,4925700.0
1404,2021-10-12 03:46:37,3930.0,200.0,4925500.0
1405,2021-10-12 03:46:37,3930.0,1500.0,4925300.0
1406,2021-10-12 03:46:37,3930.0,100.0,4923800.0
1407,2021-10-12 03:45:34,3930.0,200.0,4923700.0
1408,2021-10-12 03:45:34,3930.0,400.0,4923500.0
1409,2021-10-12 03:44:46,3930.0,2900.0,4923100.0
1410,2021-10-12 03:44:46,3930.0,1000.0,4920200.0
1411,2021-10-12 03:44:46,3930.0,100.0,4919200.0
1412,2021-10-12 03:44:46,3920.0,3500.0,4919100.0
1413,2021-10-12 03:44:46,3920.0,4100.0,4915600.0
1414,2021-10-12 03:44:27,3920.0,2000.0,4911500.0
1415,2021-10-12 03:44:23,3920.0,4400.0,4909500.0
1416,2021-10-12 03:44:02,3920.0,5600.0,4905100.0
1417,2021-10-12 03:43:52,3920.0,900.0,4899500.0
1418,2021-10-12 03:43:35,3920.0,1000.0,4898600.0
1419,2021-10-12 03:43:21,3910.0,200.0,4897600.0
1420,2021-10-12 03:43:21,3910.0,5000.0,4897400.0
1421,2021-10-12 03:43:21,3910.0,5000.0,4892400.0
1422,2021-10-12 03:43:21,3910.0,100.0,4887400.0
1423,2021-10-12 03:43:21,3910.0,5000.0,4887300.0
1424,2021-10-12 03:43:21,3910.0,5000.0,4882300.0
1425,2021-10-12 03:43:21,3910.0,600.0,4877300.0
1426,2021-10-12 03:43:21,3910.0,500.0,4876700.0
1427,2021-10-12 03:43:21,3910.0,2500.0,4876200.0
1428,2021-10-12 03:43:21,3910.0,4100.0,4873700.0
1429,2021-10-12 03:43:21,3910.0,1500.0,4869600.0
1430,2021-10-12 03:43:21,3910.0,500.0,4868100.0
1431,2021-10-12 03:43:16,3920.0,200.0,4867600.0
1432,2021-10-12 03:43:14,3920.0,300.0,4867400.0
1433,2021-10-12 03:43:14,3920.0,700.0,4867100.0
1434,2021-10-12 03:42:55,3920.0,300.0,4866400.0
1435,2021-10-12 03:42:55,3920.0,100.0,4866100.0
1436,2021-10-12 03:42:41,3920.0,400.0,4866000.0
1437,2021-10-12 03:42:41,3920.0,100.0,4865600.0
1438,2021-10-12 03:42:41,3920.0,500.0,4865500.0
1439,2021-10-12 03:42:41,3920.0,100.0,4865000.0
1440,2021-10-12 03:42:41,3920.0,20000.0,4864900.0
1441,2021-10-12 03:42:41,3920.0,1000.0,4844900.0
1442,2021-10-12 03:42:41,3920.0,2000.0,4843900.0
1443,2021-10-12 03:42:41,3920.0,300.0,4841900.0
1444,2021-10-12 03:42:41,3920.0,5600.0,4841600.0
1445,2021-10-12 03:42:38,3920.0,400.0,4836000.0
1446,2021-10-12 03:42:38,3920.0,600.0,4835600.0
1447,2021-10-12 03:42:33,3920.0,200.0,4835000.0
1448,2021-10-12 03:42:12,3920.0,3100.0,4834800.0
1449,2021-10-12 03:42:12,3920.0,1000.0,4831700.0
1450,2021-10-12 03:42:12,3920.0,100.0,4830700.0
1451,2021-10-12 03:42:12,3920.0,10000.0,4830600.0
1452,2021-10-12 03:42:12,3920.0,700.0,4820600.0
1453,2021-10-12 03:42:12,3920.0,4600.0,4819900.0
1454,2021-10-12 03:42:05,3930.0,100.0,4815300.0
1455,2021-10-12 03:42:00,3930.0,1000.0,4815200.0
1456,2021-10-12 03:41:33,3930.0,400.0,4814200.0
1457,2021-10-12 03:41:16,3920.0,1000.0,4813800.0
1458,2021-10-12 03:40:56,3920.0,1000.0,4812800.0
1459,2021-10-12 03:40:41,3920.0,200.0,4811800.0
1460,2021-10-12 03:40:24,3920.0,100.0,4811600.0
1461,2021-10-12 03:39:56,3930.0,2400.0,4811500.0
1462,2021-10-12 03:39:55,3920.0,200.0,4809100.0
1463,2021-10-12 03:39:35,3920.0,4000.0,4808900.0
1464,2021-10-12 03:39:23,3920.0,1500.0,4804900.0
1465,2021-10-12 03:39:23,3920.0,100.0,4803400.0
1466,2021-10-12 03:39:22,3920.0,1500.0,4803300.0
1467,2021-10-12 03:39:02,3920.0,3000.0,4801800.0
1468,2021-10-12 03:38:32,3920.0,700.0,4798800.0
1469,2021-10-12 03:38:30,3930.0,11000.0,4798100.0
1470,2021-10-12 03:38:29,3930.0,5000.0,4787100.0
1471,2021-10-12 03:38:16,3930.0,4000.0,4782100.0
1472,2021-10-12 03:38:16,3930.0,1000.0,4778100.0
1473,2021-10-12 03:38:16,3930.0,1000.0,4777100.0
1474,2021-10-12 03:38:16,3930.0,1500.0,4776100.0
1475,2021-10-12 03:37:05,3930.0,100.0,4774600.0
1476,2021-10-12 03:35:11,3930.0,1000.0,4774500.0
1477,2021-10-12 03:34:59,3920.0,2100.0,4773500.0
1478,2021-10-12 03:34:59,3920.0,500.0,4771400.0
1479,2021-10-12 03:34:59,3920.0,3600.0,4770900.0
1480,2021-10-12 03:34:59,3920.0,2000.0,4767300.0
1481,2021-10-12 03:34:59,3920.0,1800.0,4765300.0
1482,2021-10-12 03:34:51,3930.0,200.0,4763500.0
1483,2021-10-12 03:34:42,3930.0,1000.0,4763300.0
1484,2021-10-12 03:34:41,3930.0,200.0,4762300.0
1485,2021-10-12 03:34:32,3930.0,1000.0,4762100.0
1486,2021-10-12 03:34:32,3930.0,10000.0,4761100.0
1487,2021-10-12 03:34:32,3930.0,13500.0,4751100.0
1488,2021-10-12 03:34:32,3930.0,2500.0,4737600.0
1489,2021-10-12 03:33:40,3930.0,3900.0,4735100.0
1490,2021-10-12 03:33:39,3930.0,3600.0,4731200.0
1491,2021-10-12 03:33:39,3930.0,500.0,4727600.0
1492,2021-10-12 03:33:39,3930.0,2900.0,4727100.0
1493,2021-10-12 03:33:34,3930.0,4800.0,4724200.0
1494,2021-10-12 03:33:30,3920.0,600.0,4719400.0
1495,2021-10-12 03:33:23,3930.0,100.0,4718800.0
1496,2021-10-12 03:33:18,3920.0,2000.0,4718700.0
1497,2021-10-12 03:32:39,3920.0,1600.0,4716700.0
1498,2021-10-12 03:32:22,3920.0,2000.0,4715100.0
1499,2021-10-12 03:32:08,3930.0,33000.0,4713100.0
1500,2021-10-12 03:32:08,3930.0,500.0,4680100.0
1501,2021-10-12 03:32:08,3930.0,200.0,4679600.0
1502,2021-10-12 03:32:08,3930.0,3500.0,4679400.0
1503,2021-10-12 03:32:08,3930.0,5000.0,4675900.0
1504,2021-10-12 03:32:02,3930.0,9000.0,4670900.0
1505,2021-10-12 03:32:02,3930.0,1000.0,4661900.0
1506,2021-10-12 03:32:02,3930.0,100.0,4660900.0
1507,2021-10-12 03:32:01,3940.0,1100.0,4660800.0
1508,2021-10-12 03:31:45,3940.0,100.0,4659700.0
1509,2021-10-12 03:31:22,3940.0,400.0,4659600.0
1510,2021-10-12 03:31:22,3940.0,600.0,4659200.0
1511,2021-10-12 03:31:15,3930.0,900.0,4658600.0
1512,2021-10-12 03:31:15,3930.0,100.0,4657700.0
1513,2021-10-12 03:31:09,3930.0,5000.0,4657600.0
1514,2021-10-12 03:31:09,3930.0,1000.0,4652600.0
1515,2021-10-12 03:31:09,3930.0,800.0,4651600.0
1516,2021-10-12 03:31:09,3930.0,10000.0,4650800.0
1517,2021-10-12 03:31:09,3930.0,500.0,4640800.0
1518,2021-10-12 03:31:09,3930.0,2600.0,4640300.0
1519,2021-10-12 03:30:44,3930.0,700.0,4637700.0
1520,2021-10-12 03:30:39,3930.0,1700.0,4637000.0
1521,2021-10-12 03:30:39,3930.0,3000.0,4635300.0
1522,2021-10-12 03:30:39,3930.0,300.0,4632300.0
1523,2021-10-12 03:30:32,3920.0,900.0,4632000.0
1524,2021-10-12 03:30:32,3920.0,500.0,4631100.0
1525,2021-10-12 03:30:32,3920.0,600.0,4630600.0
1526,2021-10-12 03:30:15,3920.0,1000.0,4630000.0
1527,2021-10-12 03:30:13,3920.0,100.0,4629000.0
1528,2021-10-12 03:30:12,3920.0,500.0,4628900.0
1529,2021-10-12 03:29:13,3920.0,3800.0,4628400.0
1530,2021-10-12 03:29:13,3920.0,2000.0,4624600.0
1531,2021-10-12 03:29:13,3920.0,2000.0,4622600.0
1532,2021-10-12 03:29:13,3920.0,100.0,4620600.0
1533,2021-10-12 03:29:13,3920.0,1000.0,4620500.0
1534,2021-10-12 03:29:13,3920.0,1100.0,4619500.0
1535,2021-10-12 03:29:12,3930.0,100.0,4618400.0
1536,2021-10-12 03:29:10,3930.0,100.0,4618300.0
1537,2021-10-12 03:29:10,3930.0,3000.0,4618200.0
1538,2021-10-12 03:29:10,3930.0,300.0,4615200.0
1539,2021-10-12 03:29:10,3930.0,3000.0,4614900.0
1540,2021-10-12 03:29:10,3930.0,500.0,4611900.0
1541,2021-10-12 03:29:10,3930.0,200.0,4611400.0
1542,2021-10-12 03:29:10,3930.0,1800.0,4611200.0
1543,2021-10-12 03:28:54,3930.0,300.0,4609400.0
1544,2021-10-12 03:28:07,3920.0,2000.0,4609100.0
1545,2021-10-12 03:28:07,3930.0,1200.0,4607100.0
1546,2021-10-12 03:27:52,3930.0,400.0,4605900.0
1547,2021-10-12 03:27:52,3920.0,500.0,4605500.0
1548,2021-10-12 03:27:30,3920.0,2000.0,4605000.0
1549,2021-10-12 03:27:11,3920.0,2300.0,4603000.0
1550,2021-10-12 03:27:05,3920.0,700.0,4600700.0
1551,2021-10-12 03:27:00,3930.0,100.0,4600000.0
1552,2021-10-12 03:26:48,3920.0,500.0,4599900.0
1553,2021-10-12 03:26:32,3920.0,100.0,4599400.0
1554,2021-10-12 03:26:17,3930.0,10000.0,4599300.0
1555,2021-10-12 03:26:08,3930.0,10000.0,4589300.0
1556,2021-10-12 03:25:52,3930.0,600.0,4579300.0
1557,2021-10-12 03:25:52,3930.0,600.0,4578700.0
1558,2021-10-12 03:25:51,3930.0,100.0,4578100.0
1559,2021-10-12 03:25:51,3930.0,300.0,4578000.0
1560,2021-10-12 03:25:51,3930.0,4600.0,4577700.0
1561,2021-10-12 03:25:45,3930.0,100.0,4573100.0
1562,2021-10-12 03:25:36,3930.0,300.0,4573000.0
1563,2021-10-12 03:25:36,3930.0,100.0,4572700.0
1564,2021-10-12 03:25:36,3930.0,600.0,4572600.0
1565,2021-10-12 03:25:25,3930.0,800.0,4572000.0
1566,2021-10-12 03:25:22,3930.0,800.0,4571200.0
1567,2021-10-12 03:25:18,3930.0,1000.0,4570400.0
1568,2021-10-12 03:25:16,3930.0,500.0,4569400.0
1569,2021-10-12 03:25:03,3930.0,1000.0,4568900.0
1570,2021-10-12 03:24:54,3930.0,1000.0,4567900.0
1571,2021-10-12 03:24:52,3940.0,100.0,4566900.0
1572,2021-10-12 03:24:44,3930.0,7000.0,4566800.0
1573,2021-10-12 03:24:40,3930.0,200.0,4559800.0
1574,2021-10-12 03:24:37,3930.0,10000.0,4559600.0
1575,2021-10-12 03:24:03,3930.0,2000.0,4549600.0
1576,2021-10-12 03:24:03,3930.0,1000.0,4547600.0
1577,2021-10-12 03:24:03,3930.0,700.0,4546600.0
1578,2021-10-12 03:24:03,3930.0,10000.0,4545900.0
1579,2021-10-12 03:24:03,3930.0,3100.0,4535900.0
1580,2021-10-12 03:24:00,3920.0,2000.0,4532800.0
1581,2021-10-12 03:23:59,3930.0,1900.0,4530800.0
1582,2021-10-12 03:23:59,3930.0,500.0,4528900.0
1583,2021-10-12 03:23:59,3930.0,2000.0,4528400.0
1584,2021-10-12 03:23:55,3930.0,1000.0,4526400.0
1585,2021-10-12 03:23:55,3930.0,500.0,4525400.0
1586,2021-10-12 03:23:55,3930.0,500.0,4524900.0
1587,2021-10-12 03:23:16,3920.0,4800.0,4524400.0
1588,2021-10-12 03:23:16,3920.0,200.0,4519600.0
1589,2021-10-12 03:23:16,3920.0,5000.0,4519400.0
1590,2021-10-12 03:23:16,3920.0,100.0,4514400.0
1591,2021-10-12 03:23:16,3920.0,1200.0,4514300.0
1592,2021-10-12 03:23:16,3920.0,5000.0,4513100.0
1593,2021-10-12 03:23:16,3920.0,100.0,4508100.0
1594,2021-10-12 03:23:16,3920.0,15000.0,4508000.0
1595,2021-10-12 03:23:16,3920.0,1600.0,4493000.0
1596,2021-10-12 03:23:16,3920.0,3000.0,4491400.0
1597,2021-10-12 03:23:16,3920.0,200.0,4488400.0
1598,2021-10-12 03:22:43,3910.0,1500.0,4488200.0
1599,2021-10-12 03:22:41,3910.0,400.0,4486700.0
1600,2021-10-12 03:22:41,3910.0,800.0,4486300.0
1601,2021-10-12 03:22:31,3910.0,500.0,4485500.0
1602,2021-10-12 03:22:27,3910.0,2000.0,4485000.0
1603,2021-10-12 03:22:20,3910.0,5000.0,4483000.0
1604,2021-10-12 03:22:20,3910.0,1000.0,4478000.0
1605,2021-10-12 03:22:20,3910.0,300.0,4477000.0
1606,2021-10-12 03:22:20,3910.0,400.0,4476700.0
1607,2021-10-12 03:22:07,3910.0,1000.0,4476300.0
1608,2021-10-12 03:22:07,3920.0,800.0,4475300.0
1609,2021-10-12 03:22:07,3920.0,200.0,4474500.0
1610,2021-10-12 03:22:01,3920.0,800.0,4474300.0
1611,2021-10-12 03:22:01,3920.0,100.0,4473500.0
1612,2021-10-12 03:22:01,3920.0,4000.0,4473400.0
1613,2021-10-12 03:21:53,3910.0,200.0,4469400.0
1614,2021-10-12 03:21:50,3910.0,100.0,4469200.0
1615,2021-10-12 03:21:49,3910.0,300.0,4469100.0
1616,2021-10-12 03:21:48,3920.0,300.0,4468800.0
1617,2021-10-12 03:21:45,3910.0,500.0,4468500.0
1618,2021-10-12 03:21:45,3910.0,1000.0,4468000.0
1619,2021-10-12 03:21:45,3910.0,3000.0,4467000.0
1620,2021-10-12 03:21:42,3910.0,1600.0,4464000.0
1621,2021-10-12 03:21:39,3910.0,2000.0,4462400.0
1622,2021-10-12 03:21:31,3910.0,9500.0,4460400.0
1623,2021-10-12 03:21:26,3910.0,1000.0,4450900.0
1624,2021-10-12 03:21:24,3900.0,5000.0,4449900.0
1625,2021-10-12 03:21:20,3900.0,5000.0,4444900.0
1626,2021-10-12 03:21:18,3910.0,2900.0,4439900.0
1627,2021-10-12 03:21:18,3910.0,100.0,4437000.0
1628,2021-10-12 03:21:13,3900.0,1500.0,4436900.0
1629,2021-10-12 03:21:02,3900.0,2900.0,4435400.0
1630,2021-10-12 03:21:02,3900.0,1000.0,4432500.0
1631,2021-10-12 03:20:56,3900.0,200.0,4431500.0
1632,2021-10-12 03:20:49,3900.0,1500.0,4431300.0
1633,2021-10-12 03:20:49,3900.0,100.0,4429800.0
1634,2021-10-12 03:20:49,3900.0,400.0,4429700.0
1635,2021-10-12 03:20:49,3900.0,5300.0,4429300.0
1636,2021-10-12 03:20:48,3900.0,1000.0,4424000.0
1637,2021-10-12 03:20:48,3900.0,300.0,4423000.0
1638,2021-10-12 03:20:48,3900.0,2000.0,4422700.0
1639,2021-10-12 03:20:48,3900.0,600.0,4420700.0
1640,2021-10-12 03:20:48,3900.0,300.0,4420100.0
1641,2021-10-12 03:20:48,3900.0,2700.0,4419800.0
1642,2021-10-12 03:20:46,3900.0,2300.0,4417100.0
1643,2021-10-12 03:20:46,3900.0,800.0,4414800.0
1644,2021-10-12 03:20:46,3900.0,25700.0,4414000.0
1645,2021-10-12 03:20:46,3900.0,21200.0,4388300.0
1646,2021-10-12 03:20:39,3900.0,1000.0,4367100.0
1647,2021-10-12 03:20:38,3890.0,2600.0,4366100.0
1648,2021-10-12 03:20:38,3890.0,100.0,4363500.0
1649,2021-10-12 03:20:37,3900.0,200.0,4363400.0
1650,2021-10-12 03:20:27,3900.0,1000.0,4363200.0
1651,2021-10-12 03:20:17,3880.0,1400.0,4362200.0
1652,2021-10-12 03:20:17,3890.0,100.0,4360800.0
1653,2021-10-12 03:20:15,3900.0,31600.0,4360700.0
1654,2021-10-12 03:20:15,3900.0,8400.0,4329100.0
1655,2021-10-12 03:20:11,3890.0,100.0,4320700.0
1656,2021-10-12 03:20:11,3890.0,4800.0,4320600.0
1657,2021-10-12 03:20:05,3890.0,100.0,4315800.0
1658,2021-10-12 03:20:00,3890.0,100.0,4315700.0
1659,2021-10-12 03:19:56,3900.0,6600.0,4315600.0
1660,2021-10-12 03:19:56,3900.0,100.0,4309000.0
1661,2021-10-12 03:19:50,3890.0,1000.0,4308900.0
1662,2021-10-12 03:19:44,3890.0,5000.0,4307900.0
1663,2021-10-12 03:19:44,3890.0,1000.0,4302900.0
1664,2021-10-12 03:19:44,3890.0,9700.0,4301900.0
1665,2021-10-12 03:19:35,3880.0,3400.0,4292200.0
1666,2021-10-12 03:19:22,3870.0,1000.0,4288800.0
1667,2021-10-12 03:19:19,3890.0,100.0,4287800.0
1668,2021-10-12 03:19:17,3870.0,1300.0,4287700.0
1669,2021-10-12 03:19:08,3870.0,700.0,4286400.0
1670,2021-10-12 03:19:07,3870.0,200.0,4285700.0
1671,2021-10-12 03:19:07,3870.0,1100.0,4285500.0
1672,2021-10-12 03:19:05,3870.0,3900.0,4284400.0
1673,2021-10-12 03:19:05,3870.0,100.0,4280500.0
1674,2021-10-12 03:19:03,3870.0,400.0,4280400.0
1675,2021-10-12 03:19:03,3870.0,1000.0,4280000.0
1676,2021-10-12 03:19:03,3870.0,500.0,4279000.0
1677,2021-10-12 03:19:03,3870.0,100.0,4278500.0
1678,2021-10-12 03:18:51,3870.0,100.0,4278400.0
1679,2021-10-12 03:18:51,3870.0,100.0,4278300.0
1680,2021-10-12 03:18:51,3870.0,100.0,4278200.0
1681,2021-10-12 03:18:50,3890.0,5000.0,4278100.0
1682,2021-10-12 03:18:49,3870.0,100.0,4273100.0
1683,2021-10-12 03:18:49,3880.0,1000.0,4273000.0
1684,2021-10-12 03:18:49,3880.0,1400.0,4272000.0
1685,2021-10-12 03:18:49,3880.0,1200.0,4270600.0
1686,2021-10-12 03:18:49,3880.0,100.0,4269400.0
1687,2021-10-12 03:18:49,3880.0,500.0,4269300.0
1688,2021-10-12 03:18:49,3880.0,2000.0,4268800.0
1689,2021-10-12 03:18:49,3880.0,2500.0,4266800.0
1690,2021-10-12 03:18:49,3880.0,2700.0,4264300.0
1691,2021-10-12 03:18:43,3890.0,200.0,4261600.0
1692,2021-10-12 03:18:42,3890.0,3800.0,4261400.0
1693,2021-10-12 03:18:42,3890.0,7700.0,4257600.0
1694,2021-10-12 03:18:42,3890.0,500.0,4249900.0
1695,2021-10-12 03:18:42,3890.0,1000.0,4249400.0
1696,2021-10-12 03:18:42,3890.0,1300.0,4248400.0
1697,2021-10-12 03:18:42,3890.0,1400.0,4247100.0
1698,2021-10-12 03:18:42,3890.0,2000.0,4245700.0
1699,2021-10-12 03:18:42,3890.0,500.0,4243700.0
1700,2021-10-12 03:18:42,3890.0,100.0,4243200.0
1701,2021-10-12 03:18:42,3890.0,11700.0,4243100.0
1702,2021-10-12 03:18:25,3900.0,500.0,4231400.0
1703,2021-10-12 03:18:23,3900.0,300.0,4230900.0
1704,2021-10-12 03:18:21,3900.0,100.0,4230600.0
1705,2021-10-12 03:18:21,3900.0,500.0,4230500.0
1706,2021-10-12 03:18:21,3900.0,100.0,4230000.0
1707,2021-10-12 03:18:21,3900.0,8400.0,4229900.0
1708,2021-10-12 03:18:21,3900.0,11600.0,4221500.0
1709,2021-10-12 03:18:21,3900.0,5000.0,4209900.0
1710,2021-10-12 03:18:21,3900.0,200.0,4204900.0
1711,2021-10-12 03:18:21,3900.0,1000.0,4204700.0
1712,2021-10-12 03:18:21,3900.0,200.0,4203700.0
1713,2021-10-12 03:18:18,3900.0,3000.0,4203500.0
1714,2021-10-12 03:18:17,3900.0,5000.0,4200500.0
1715,2021-10-12 03:18:16,3900.0,800.0,4195500.0
1716,2021-10-12 03:18:16,3900.0,4200.0,4194700.0
1717,2021-10-12 03:18:15,3900.0,10000.0,4190500.0
1718,2021-10-12 03:18:15,3900.0,3000.0,4180500.0
1719,2021-10-12 03:18:09,3900.0,2500.0,4177500.0
1720,2021-10-12 03:18:09,3900.0,1000.0,4175000.0
1721,2021-10-12 03:18:09,3900.0,300.0,4174000.0
1722,2021-10-12 03:18:05,3900.0,1000.0,4173700.0
1723,2021-10-12 03:18:02,3900.0,28000.0,4172700.0
1724,2021-10-12 03:18:02,3900.0,10000.0,4144700.0
1725,2021-10-12 03:18:02,3900.0,3800.0,4134700.0
1726,2021-10-12 03:18:02,3900.0,500.0,4130900.0
1727,2021-10-12 03:18:02,3900.0,100.0,4130400.0
1728,2021-10-12 03:18:02,3900.0,2600.0,4130300.0
1729,2021-10-12 03:18:02,3900.0,1000.0,4127700.0
1730,2021-10-12 03:18:02,3900.0,7000.0,4126700.0
1731,2021-10-12 03:18:02,3900.0,900.0,4119700.0
1732,2021-10-12 03:18:02,3900.0,200.0,4118800.0
1733,2021-10-12 03:18:02,3900.0,300.0,4118600.0
1734,2021-10-12 03:18:02,3900.0,500.0,4118300.0
1735,2021-10-12 03:18:02,3900.0,200.0,4117800.0
1736,2021-10-12 03:18:02,3900.0,900.0,4117600.0
1737,2021-10-12 03:18:02,3900.0,100.0,4116700.0
1738,2021-10-12 03:18:02,3900.0,3000.0,4116600.0
1739,2021-10-12 03:18:02,3900.0,10000.0,4113600.0
1740,2021-10-12 03:18:02,3900.0,800.0,4103600.0
1741,2021-10-12 03:18:02,3900.0,8000.0,4102800.0
1742,2021-10-12 03:17:57,3910.0,500.0,4094800.0
1743,2021-10-12 03:17:46,3900.0,200.0,4094300.0
1744,2021-10-12 03:17:39,3910.0,100.0,4094100.0
1745,2021-10-12 03:17:33,3910.0,2000.0,4094000.0
1746,2021-10-12 03:17:33,3910.0,100.0,4092000.0
1747,2021-10-12 03:17:33,3910.0,18300.0,4091900.0
1748,2021-10-12 03:17:31,3910.0,1700.0,4073600.0
1749,2021-10-12 03:17:31,3910.0,100.0,4071900.0
1750,2021-10-12 03:17:25,3910.0,7600.0,4071800.0
1751,2021-10-12 03:17:25,3910.0,400.0,4064200.0
1752,2021-10-12 03:17:25,3910.0,12000.0,4063800.0
1753,2021-10-12 03:17:20,3920.0,700.0,4051800.0
1754,2021-10-12 03:17:20,3920.0,15000.0,4051100.0
1755,2021-10-12 03:17:20,3920.0,4300.0,4036100.0
1756,2021-10-12 03:16:45,3920.0,100.0,4031800.0
1757,2021-10-12 03:16:44,3920.0,600.0,4031700.0
1758,2021-10-12 03:16:44,3920.0,600.0,4031100.0
1759,2021-10-12 03:16:44,3920.0,100.0,4030500.0
1760,2021-10-12 03:16:44,3920.0,4000.0,4030400.0
1761,2021-10-12 03:16:44,3920.0,2700.0,4026400.0
1762,2021-10-12 03:16:42,3910.0,3300.0,4023700.0
1763,2021-10-12 03:16:41,3910.0,1000.0,4020400.0
1764,2021-10-12 03:16:38,3910.0,1000.0,4019400.0
1765,2021-10-12 03:16:36,3920.0,2000.0,4018400.0
1766,2021-10-12 03:16:31,3910.0,100.0,4016400.0
1767,2021-10-12 03:16:23,3910.0,100.0,4016300.0
1768,2021-10-12 03:16:21,3910.0,2000.0,4016200.0
1769,2021-10-12 03:16:19,3910.0,7500.0,4014200.0
1770,2021-10-12 03:16:15,3920.0,5300.0,4006700.0
1771,2021-10-12 03:16:15,3920.0,800.0,4001400.0
1772,2021-10-12 03:16:13,3920.0,500.0,4000600.0
1773,2021-10-12 03:16:09,3910.0,1000.0,4000100.0
1774,2021-10-12 03:16:05,3910.0,1200.0,3999100.0
1775,2021-10-12 03:16:02,3910.0,10000.0,3997900.0
1776,2021-10-12 03:15:58,3910.0,600.0,3987900.0
1777,2021-10-12 03:15:35,3910.0,10000.0,3987300.0
1778,2021-10-12 03:15:29,3910.0,200.0,3977300.0
1779,2021-10-12 03:15:29,3910.0,800.0,3977100.0
1780,2021-10-12 03:15:28,3910.0,200.0,3976300.0
1781,2021-10-12 03:15:28,3910.0,800.0,3976100.0
1782,2021-10-12 03:15:27,3910.0,1000.0,3975300.0
1783,2021-10-12 03:15:18,3910.0,3300.0,3974300.0
1784,2021-10-12 03:15:18,3910.0,5000.0,3971000.0
1785,2021-10-12 03:15:18,3910.0,3900.0,3966000.0
1786,2021-10-12 03:15:08,3910.0,1000.0,3962100.0
1787,2021-10-12 03:14:58,3910.0,300.0,3961100.0
1788,2021-10-12 03:14:42,3900.0,1800.0,3960800.0
1789,2021-10-12 03:14:42,3900.0,500.0,3959000.0
1790,2021-10-12 03:14:42,3900.0,500.0,3958500.0
1791,2021-10-12 03:14:42,3900.0,500.0,3958000.0
1792,2021-10-12 03:14:42,3900.0,1700.0,3957500.0
1793,2021-10-12 03:14:37,3930.0,800.0,3955800.0
1794,2021-10-12 03:14:37,3930.0,100.0,3955000.0
1795,2021-10-12 03:14:37,3930.0,5000.0,3954900.0
1796,2021-10-12 03:14:37,3930.0,2000.0,3949900.0
1797,2021-10-12 03:14:37,3920.0,3000.0,3947900.0
1798,2021-10-12 03:14:37,3920.0,3000.0,3944900.0
1799,2021-10-12 03:14:37,3920.0,4000.0,3941900.0
1800,2021-10-12 03:14:37,3920.0,200.0,3937900.0
1801,2021-10-12 03:14:37,3910.0,1000.0,3937700.0
1802,2021-10-12 03:14:37,3910.0,300.0,3936700.0
1803,2021-10-12 03:14:37,3910.0,600.0,3936400.0
1804,2021-10-12 03:14:36,3900.0,17700.0,3935800.0
1805,2021-10-12 03:14:36,3900.0,1000.0,3918100.0
1806,2021-10-12 03:14:35,3910.0,5000.0,3917100.0
1807,2021-10-12 03:14:32,3910.0,7700.0,3912100.0
1808,2021-10-12 03:14:29,3910.0,500.0,3904400.0
1809,2021-10-12 03:14:25,3910.0,1000.0,3903900.0
1810,2021-10-12 03:14:11,3910.0,400.0,3902900.0
1811,2021-10-12 03:14:11,3910.0,20000.0,3902500.0
1812,2021-10-12 03:14:11,3910.0,2000.0,3882500.0
1813,2021-10-12 03:14:11,3910.0,100.0,3880500.0
1814,2021-10-12 03:14:11,3910.0,100.0,3880400.0
1815,2021-10-12 03:14:11,3910.0,3000.0,3880300.0
1816,2021-10-12 03:14:11,3910.0,25500.0,3877300.0
1817,2021-10-12 03:14:05,3910.0,400.0,3851800.0
1818,2021-10-12 03:14:05,3920.0,4000.0,3851400.0
1819,2021-10-12 03:14:05,3920.0,600.0,3847400.0
1820,2021-10-12 03:14:01,3920.0,1100.0,3846800.0
1821,2021-10-12 03:14:01,3920.0,3300.0,3845700.0
1822,2021-10-12 03:13:58,3920.0,400.0,3842400.0
1823,2021-10-12 03:13:55,3920.0,20000.0,3842000.0
1824,2021-10-12 03:13:54,3910.0,100.0,3822000.0
1825,2021-10-12 03:13:53,3920.0,3000.0,3821900.0
1826,2021-10-12 03:13:52,3910.0,1200.0,3818900.0
1827,2021-10-12 03:13:45,3920.0,100.0,3817700.0
1828,2021-10-12 03:13:37,3920.0,100.0,3817600.0
1829,2021-10-12 03:13:34,3920.0,100.0,3817500.0
1830,2021-10-12 03:13:31,3920.0,700.0,3817400.0
1831,2021-10-12 03:13:31,3920.0,22300.0,3816700.0
1832,2021-10-12 03:13:26,3920.0,1000.0,3794400.0
1833,2021-10-12 03:13:25,3920.0,500.0,3793400.0
1834,2021-10-12 03:13:17,3920.0,1000.0,3792900.0
1835,2021-10-12 03:13:16,3920.0,300.0,3791900.0
1836,2021-10-12 03:13:15,3920.0,200.0,3791600.0
1837,2021-10-12 03:13:15,3920.0,400.0,3791400.0
1838,2021-10-12 03:13:15,3920.0,100.0,3791000.0
1839,2021-10-12 03:13:15,3920.0,4200.0,3790900.0
1840,2021-10-12 03:13:09,3910.0,2000.0,3786700.0
1841,2021-10-12 03:12:51,3920.0,800.0,3784700.0
1842,2021-10-12 03:12:51,3920.0,600.0,3783900.0
1843,2021-10-12 03:12:51,3920.0,2000.0,3783300.0
1844,2021-10-12 03:12:51,3920.0,1500.0,3781300.0
1845,2021-10-12 03:12:51,3920.0,500.0,3779800.0
1846,2021-10-12 03:12:51,3920.0,500.0,3779300.0
1847,2021-10-12 03:12:51,3920.0,4100.0,3778800.0
1848,2021-10-12 03:12:20,3920.0,900.0,3774700.0
1849,2021-10-12 03:12:20,3920.0,100.0,3773800.0
1850,2021-10-12 03:12:12,3920.0,500.0,3773700.0
1851,2021-10-12 03:12:12,3920.0,500.0,3773200.0
1852,2021-10-12 03:11:54,3920.0,500.0,3772700.0
1853,2021-10-12 03:11:54,3920.0,4500.0,3772200.0
1854,2021-10-12 03:11:54,3910.0,500.0,3767700.0
1855,2021-10-12 03:11:54,3920.0,400.0,3767200.0
1856,2021-10-12 03:11:42,3920.0,100.0,3766800.0
1857,2021-10-12 03:11:21,3910.0,15000.0,3766700.0
1858,2021-10-12 03:11:12,3910.0,300.0,3751700.0
1859,2021-10-12 03:10:54,3910.0,2000.0,3751400.0
1860,2021-10-12 03:10:54,3910.0,3000.0,3749400.0
1861,2021-10-12 03:10:50,3900.0,100.0,3746400.0
1862,2021-10-12 03:10:49,3910.0,1300.0,3746300.0
1863,2021-10-12 03:10:28,3910.0,100.0,3745000.0
1864,2021-10-12 03:10:28,3920.0,600.0,3744900.0
1865,2021-10-12 03:10:25,3910.0,200.0,3744300.0
1866,2021-10-12 03:10:14,3910.0,1000.0,3744100.0
1867,2021-10-12 03:10:12,3910.0,1000.0,3743100.0
1868,2021-10-12 03:10:10,3910.0,100.0,3742100.0
1869,2021-10-12 03:10:08,3910.0,300.0,3742000.0
1870,2021-10-12 03:10:07,3910.0,500.0,3741700.0
1871,2021-10-12 03:10:03,3910.0,100.0,3741200.0
1872,2021-10-12 03:10:02,3910.0,200.0,3741100.0
1873,2021-10-12 03:09:50,3910.0,1000.0,3740900.0
1874,2021-10-12 03:09:43,3910.0,500.0,3739900.0
1875,2021-10-12 03:09:40,3910.0,1000.0,3739400.0
1876,2021-10-12 03:09:40,3910.0,3000.0,3738400.0
1877,2021-10-12 03:09:40,3910.0,100.0,3735400.0
1878,2021-10-12 03:09:40,3910.0,5000.0,3735300.0
1879,2021-10-12 03:09:40,3910.0,100.0,3730300.0
1880,2021-10-12 03:09:40,3910.0,1000.0,3730200.0
1881,2021-10-12 03:09:40,3910.0,5000.0,3729200.0
1882,2021-10-12 03:09:40,3910.0,2000.0,3724200.0
1883,2021-10-12 03:09:40,3910.0,3600.0,3722200.0
1884,2021-10-12 03:09:40,3910.0,1000.0,3718600.0
1885,2021-10-12 03:09:40,3910.0,200.0,3717600.0
1886,2021-10-12 03:09:40,3910.0,3000.0,3717400.0
1887,2021-10-12 03:09:40,3910.0,1000.0,3714400.0
1888,2021-10-12 03:09:40,3910.0,2700.0,3713400.0
1889,2021-10-12 03:09:40,3910.0,1000.0,3710700.0
1890,2021-10-12 03:09:40,3910.0,2000.0,3709700.0
1891,2021-10-12 03:09:40,3920.0,5000.0,3707700.0
1892,2021-10-12 03:09:40,3920.0,900.0,3702700.0
1893,2021-10-12 03:09:34,3920.0,1800.0,3701800.0
1894,2021-10-12 03:09:32,3920.0,2300.0,3700000.0
1895,2021-10-12 03:09:31,3920.0,2700.0,3697700.0
1896,2021-10-12 03:09:31,3920.0,100.0,3695000.0
1897,2021-10-12 03:09:31,3920.0,900.0,3694900.0
1898,2021-10-12 03:09:31,3920.0,2000.0,3694000.0
1899,2021-10-12 03:09:28,3920.0,100.0,3692000.0
1900,2021-10-12 03:09:18,3920.0,1200.0,3691900.0
1901,2021-10-12 03:09:10,3920.0,2800.0,3690700.0
1902,2021-10-12 03:09:10,3920.0,100.0,3687900.0
1903,2021-10-12 03:09:10,3920.0,400.0,3687800.0
1904,2021-10-12 03:09:10,3920.0,2000.0,3687400.0
1905,2021-10-12 03:09:10,3920.0,15700.0,3685400.0
1906,2021-10-12 03:09:10,3920.0,5000.0,3669700.0
1907,2021-10-12 03:09:10,3920.0,19800.0,3664700.0
1908,2021-10-12 03:08:53,3930.0,100.0,3644900.0
1909,2021-10-12 03:08:42,3920.0,200.0,3644800.0
1910,2021-10-12 03:08:34,3930.0,8600.0,3644600.0
1911,2021-10-12 03:07:59,3940.0,9000.0,3636000.0
1912,2021-10-12 03:07:51,3930.0,1400.0,3627000.0
1913,2021-10-12 03:07:42,3940.0,1000.0,3625600.0
1914,2021-10-12 03:07:29,3910.0,200.0,3624600.0
1915,2021-10-12 03:07:23,3940.0,1000.0,3624400.0
1916,2021-10-12 03:07:19,3910.0,300.0,3623400.0
1917,2021-10-12 03:07:15,3940.0,6300.0,3623100.0
1918,2021-10-12 03:07:15,3940.0,1300.0,3616800.0
1919,2021-10-12 03:07:15,3940.0,300.0,3615500.0
1920,2021-10-12 03:07:15,3940.0,100.0,3615200.0
1921,2021-10-12 03:07:15,3940.0,1000.0,3615100.0
1922,2021-10-12 03:07:06,3910.0,1900.0,3614100.0
1923,2021-10-12 03:07:06,3920.0,1000.0,3612200.0
1924,2021-10-12 03:07:06,3920.0,100.0,3611200.0
1925,2021-10-12 03:07:05,3940.0,100.0,3611100.0
1926,2021-10-12 03:06:58,3940.0,100.0,3611000.0
1927,2021-10-12 03:06:55,3920.0,200.0,3610900.0
1928,2021-10-12 03:06:55,3920.0,800.0,3610700.0
1929,2021-10-12 03:06:50,3920.0,100.0,3609900.0
1930,2021-10-12 03:06:50,3920.0,400.0,3609800.0
1931,2021-10-12 03:06:46,3940.0,100.0,3609400.0
1932,2021-10-12 03:06:39,3940.0,700.0,3609300.0
1933,2021-10-12 03:06:39,3940.0,2300.0,3608600.0
1934,2021-10-12 03:06:36,3940.0,100.0,3606300.0
1935,2021-10-12 03:06:36,3940.0,900.0,3606200.0
1936,2021-10-12 03:06:25,3940.0,100.0,3605300.0
1937,2021-10-12 03:06:25,3940.0,200.0,3605200.0
1938,2021-10-12 03:06:25,3940.0,1000.0,3605000.0
1939,2021-10-12 03:06:25,3940.0,100.0,3604000.0
1940,2021-10-12 03:06:25,3930.0,100.0,3603900.0
1941,2021-10-12 03:06:09,3920.0,100.0,3603800.0
1942,2021-10-12 03:06:07,3920.0,100.0,3603700.0
1943,2021-10-12 03:06:04,3920.0,200.0,3603600.0
1944,2021-10-12 03:06:04,3920.0,1800.0,3603400.0
1945,2021-10-12 03:06:04,3920.0,300.0,3601600.0
1946,2021-10-12 03:06:04,3920.0,100.0,3601300.0
1947,2021-10-12 03:06:04,3920.0,900.0,3601200.0
1948,2021-10-12 03:06:04,3920.0,5100.0,3600300.0
1949,2021-10-12 03:06:02,3910.0,100.0,3595200.0
1950,2021-10-12 03:05:59,3910.0,1000.0,3595100.0
1951,2021-10-12 03:05:32,3910.0,500.0,3594100.0
1952,2021-10-12 03:05:26,3920.0,900.0,3593600.0
1953,2021-10-12 03:05:26,3900.0,29500.0,3592700.0
1954,2021-10-12 03:05:26,3900.0,10000.0,3563200.0
1955,2021-10-12 03:05:26,3900.0,5000.0,3553200.0
1956,2021-10-12 03:05:26,3900.0,300.0,3548200.0
1957,2021-10-12 03:05:26,3900.0,200.0,3547900.0
1958,2021-10-12 03:05:26,3900.0,2000.0,3547700.0
1959,2021-10-12 03:05:26,3900.0,2000.0,3545700.0
1960,2021-10-12 03:05:26,3910.0,1000.0,3543700.0
1961,2021-10-12 03:05:24,3910.0,4000.0,3542700.0
1962,2021-10-12 03:05:21,3910.0,500.0,3538700.0
1963,2021-10-12 03:05:18,3910.0,200.0,3538200.0
1964,2021-10-12 03:05:18,3910.0,300.0,3538000.0
1965,2021-10-12 03:05:18,3910.0,200.0,3537700.0
1966,2021-10-12 03:05:18,3910.0,9500.0,3537500.0
1967,2021-10-12 03:05:14,3910.0,1000.0,3528000.0
1968,2021-10-12 03:05:05,3910.0,500.0,3527000.0
1969,2021-10-12 03:05:05,3910.0,2200.0,3526500.0
1970,2021-10-12 03:05:05,3910.0,900.0,3524300.0
1971,2021-10-12 03:04:58,3910.0,1600.0,3523400.0
1972,2021-10-12 03:04:57,3910.0,5000.0,3521800.0
1973,2021-10-12 03:04:54,3910.0,500.0,3516800.0
1974,2021-10-12 03:04:54,3920.0,1900.0,3516300.0
1975,2021-10-12 03:04:54,3920.0,100.0,3514400.0
1976,2021-10-12 03:04:53,3910.0,10700.0,3514300.0
1977,2021-10-12 03:04:49,3910.0,8000.0,3503600.0
1978,2021-10-12 03:04:41,3910.0,200.0,3495600.0
1979,2021-10-12 03:04:35,3910.0,1400.0,3495400.0
1980,2021-10-12 03:04:35,3910.0,16500.0,3494000.0
1981,2021-10-12 03:04:26,3910.0,5200.0,3477500.0
1982,2021-10-12 03:04:26,3910.0,1900.0,3472300.0
1983,2021-10-12 03:04:26,3920.0,1600.0,3470400.0
1984,2021-10-12 03:04:25,3910.0,100.0,3468800.0
1985,2021-10-12 03:04:25,3910.0,100.0,3468700.0
1986,2021-10-12 03:04:25,3920.0,1800.0,3468600.0
1987,2021-10-12 03:04:17,3920.0,5000.0,3466800.0
1988,2021-10-12 03:04:14,3920.0,3200.0,3461800.0
1989,2021-10-12 03:04:05,3920.0,1000.0,3458600.0
1990,2021-10-12 03:04:05,3920.0,1000.0,3457600.0
1991,2021-10-12 03:04:05,3920.0,800.0,3456600.0
1992,2021-10-12 03:04:05,3920.0,1100.0,3455800.0
1993,2021-10-12 03:04:04,3920.0,100.0,3454700.0
1994,2021-10-12 03:04:02,3930.0,1000.0,3454600.0
1995,2021-10-12 03:03:57,3920.0,100.0,3453600.0
1996,2021-10-12 03:03:57,3930.0,100.0,3453500.0
1997,2021-10-12 03:03:56,3930.0,100.0,3453400.0
1998,2021-10-12 03:03:56,3930.0,100.0,3453300.0
1999,2021-10-12 03:03:56,3930.0,300.0,3453200.0
2000,2021-10-12 03:03:53,3930.0,1400.0,3452900.0
2001,2021-10-12 03:03:51,3930.0,900.0,3451500.0
2002,2021-10-12 03:03:51,3930.0,200.0,3450600.0
2003,2021-10-12 03:03:50,3930.0,100.0,3450400.0
2004,2021-10-12 03:03:49,3930.0,400.0,3450300.0
2005,2021-10-12 03:03:47,3930.0,200.0,3449900.0
2006,2021-10-12 03:03:44,3930.0,100.0,3449700.0
2007,2021-10-12 03:03:44,3930.0,500.0,3449600.0
2008,2021-10-12 03:03:43,3930.0,500.0,3449100.0
2009,2021-10-12 03:03:43,3930.0,1800.0,3448600.0
2010,2021-10-12 03:03:41,3930.0,3000.0,3446800.0
2011,2021-10-12 03:03:40,3940.0,2000.0,3443800.0
2012,2021-10-12 03:03:40,3930.0,100.0,3441800.0
2013,2021-10-12 03:03:38,3930.0,5000.0,3441700.0
2014,2021-10-12 03:03:36,3930.0,100.0,3436700.0
2015,2021-10-12 03:03:35,3940.0,5000.0,3436600.0
2016,2021-10-12 03:03:32,3940.0,200.0,3431600.0
2017,2021-10-12 03:03:25,3940.0,200.0,3431400.0
2018,2021-10-12 03:03:25,3940.0,14000.0,3431200.0
2019,2021-10-12 03:03:25,3940.0,200.0,3417200.0
2020,2021-10-12 03:03:25,3940.0,6600.0,3417000.0
2021,2021-10-12 03:03:22,3940.0,19600.0,3410400.0
2022,2021-10-12 03:03:22,3940.0,1000.0,3390800.0
2023,2021-10-12 03:03:20,3940.0,3000.0,3389800.0
2024,2021-10-12 03:03:12,3940.0,20000.0,3386800.0
2025,2021-10-12 03:03:10,3950.0,1100.0,3366800.0
2026,2021-10-12 03:03:10,3950.0,300.0,3365700.0
2027,2021-10-12 03:03:10,3950.0,500.0,3365400.0
2028,2021-10-12 03:03:10,3950.0,7700.0,3364900.0
2029,2021-10-12 03:03:04,3950.0,2300.0,3357200.0
2030,2021-10-12 03:03:04,3950.0,2700.0,3354900.0
2031,2021-10-12 03:03:02,3950.0,2000.0,3352200.0
2032,2021-10-12 03:02:59,3950.0,18300.0,3350200.0
2033,2021-10-12 03:02:59,3950.0,25400.0,3331900.0
2034,2021-10-12 03:02:59,3950.0,1000.0,3306500.0
2035,2021-10-12 03:02:59,3950.0,5300.0,3305500.0
2036,2021-10-12 03:02:52,3950.0,4700.0,3300200.0
2037,2021-10-12 03:02:51,3950.0,5000.0,3295500.0
2038,2021-10-12 03:02:50,3950.0,300.0,3290500.0
2039,2021-10-12 03:02:50,3950.0,700.0,3290200.0
2040,2021-10-12 03:02:47,3950.0,5000.0,3289500.0
2041,2021-10-12 03:02:47,3960.0,500.0,3284500.0
2042,2021-10-12 03:02:41,3950.0,4000.0,3284000.0
2043,2021-10-12 03:02:39,3950.0,300.0,3280000.0
2044,2021-10-12 03:02:35,3960.0,5000.0,3279700.0
2045,2021-10-12 03:02:31,3960.0,200.0,3274700.0
2046,2021-10-12 03:02:31,3960.0,800.0,3274500.0
2047,2021-10-12 03:02:31,3960.0,2000.0,3273700.0
2048,2021-10-12 03:02:31,3960.0,5000.0,3271700.0
2049,2021-10-12 03:02:31,3960.0,16900.0,3266700.0
2050,2021-10-12 03:02:31,3970.0,1300.0,3249800.0
2051,2021-10-12 03:02:31,3970.0,900.0,3248500.0
2052,2021-10-12 03:02:30,3960.0,10000.0,3247600.0
2053,2021-10-12 03:02:30,3960.0,200.0,3237600.0
2054,2021-10-12 03:02:30,3960.0,3000.0,3237400.0
2055,2021-10-12 03:02:29,3970.0,3000.0,3234400.0
2056,2021-10-12 03:02:27,3970.0,100.0,3231400.0
2057,2021-10-12 03:02:22,3970.0,1000.0,3231300.0
2058,2021-10-12 03:02:20,3970.0,1000.0,3230300.0
2059,2021-10-12 03:02:20,3970.0,500.0,3229300.0
2060,2021-10-12 03:02:08,3970.0,1500.0,3228800.0
2061,2021-10-12 03:02:07,3980.0,400.0,3227300.0
2062,2021-10-12 03:02:05,3980.0,5000.0,3226900.0
2063,2021-10-12 03:02:04,3970.0,300.0,3221900.0
2064,2021-10-12 03:02:04,3970.0,200.0,3221600.0
2065,2021-10-12 03:02:02,3970.0,300.0,3221400.0
2066,2021-10-12 03:02:02,3970.0,400.0,3221100.0
2067,2021-10-12 03:02:02,3970.0,80000.0,3220700.0
2068,2021-10-12 03:02:02,3970.0,49100.0,3140700.0
2069,2021-10-12 03:01:57,3980.0,500.0,3091600.0
2070,2021-10-12 03:01:55,3980.0,100.0,3091100.0
2071,2021-10-12 03:01:52,3970.0,2000.0,3091000.0
2072,2021-10-12 03:01:48,3970.0,1000.0,3089000.0
2073,2021-10-12 03:01:47,3980.0,3700.0,3088000.0
2074,2021-10-12 03:01:45,3980.0,1000.0,3084300.0
2075,2021-10-12 03:01:42,3980.0,3000.0,3083300.0
2076,2021-10-12 03:01:36,3980.0,1000.0,3080300.0
2077,2021-10-12 03:01:36,3980.0,10000.0,3079300.0
2078,2021-10-12 03:01:36,3980.0,3000.0,3069300.0
2079,2021-10-12 03:01:36,3980.0,5000.0,3066300.0
