,Time,Price,Volume_per_trade,Volume
0,2021-10-17 07:45:01,18150.0,4500.0,2596900.0
1,2021-10-17 07:45:01,18150.0,100.0,2592400.0
2,2021-10-17 07:45:01,18150.0,600.0,2592300.0
3,2021-10-17 07:45:01,18150.0,100.0,2591700.0
4,2021-10-17 07:45:01,18150.0,300.0,2591600.0
5,2021-10-17 07:45:01,18150.0,200.0,2591300.0
6,2021-10-17 07:45:01,18150.0,100.0,2591100.0
7,2021-10-17 07:45:01,18150.0,500.0,2591000.0
8,2021-10-17 07:45:01,18150.0,200.0,2590500.0
9,2021-10-17 07:45:01,18150.0,2000.0,2590300.0
10,2021-10-17 07:45:01,18150.0,500.0,2588300.0
11,2021-10-17 07:45:01,18150.0,200.0,2587800.0
12,2021-10-17 07:45:01,18150.0,1000.0,2587600.0
13,2021-10-17 07:45:01,18150.0,3000.0,2586600.0
14,2021-10-17 07:45:01,18150.0,1200.0,2583600.0
15,2021-10-17 07:45:00,18150.0,1000.0,2582400.0
16,2021-10-17 07:45:00,18150.0,200.0,2581400.0
17,2021-10-17 07:45:00,18150.0,500.0,2581200.0
18,2021-10-17 07:45:00,18150.0,400.0,2580700.0
19,2021-10-17 07:45:00,18150.0,1000.0,2580300.0
20,2021-10-17 07:45:00,18150.0,9100.0,2579300.0
21,2021-10-17 07:45:00,18150.0,600.0,2570200.0
22,2021-10-17 07:45:00,18150.0,400.0,2569600.0
23,2021-10-17 07:45:00,18150.0,1600.0,2569200.0
24,2021-10-17 07:45:00,18150.0,1700.0,2567600.0
25,2021-10-17 07:45:00,18150.0,300.0,2565900.0
26,2021-10-17 07:45:00,18150.0,1500.0,2565600.0
27,2021-10-17 07:45:00,18150.0,1500.0,2564100.0
28,2021-10-17 07:45:00,18150.0,1400.0,2562600.0
29,2021-10-17 07:45:00,18150.0,600.0,2561200.0
30,2021-10-17 07:45:00,18150.0,1400.0,2560600.0
31,2021-10-17 07:45:00,18150.0,3600.0,2559200.0
32,2021-10-17 07:45:00,18150.0,200.0,2555600.0
33,2021-10-17 07:45:00,18150.0,1200.0,2555400.0
34,2021-10-17 07:45:00,18150.0,1300.0,2554200.0
35,2021-10-17 07:45:00,18150.0,1700.0,2552900.0
36,2021-10-17 07:45:00,18150.0,100.0,2551200.0
37,2021-10-17 07:45:00,18150.0,1100.0,2551100.0
38,2021-10-17 07:45:00,18150.0,1900.0,2550000.0
39,2021-10-17 07:45:00,18150.0,8100.0,2548100.0
40,2021-10-17 07:45:00,18150.0,100.0,2540000.0
41,2021-10-17 07:45:00,18150.0,1300.0,2539900.0
42,2021-10-17 07:45:00,18150.0,500.0,2538600.0
43,2021-10-17 07:45:00,18150.0,100.0,2538100.0
44,2021-10-17 07:45:00,18150.0,1000.0,2538000.0
45,2021-10-17 07:45:00,18150.0,1000.0,2537000.0
46,2021-10-17 07:45:00,18150.0,100.0,2536000.0
47,2021-10-17 07:45:00,18150.0,1900.0,2535900.0
48,2021-10-17 07:45:00,18150.0,100.0,2534000.0
49,2021-10-17 07:45:00,18150.0,600.0,2533900.0
50,2021-10-17 07:45:00,18150.0,100.0,2533300.0
51,2021-10-17 07:45:00,18150.0,400.0,2533200.0
52,2021-10-17 07:45:00,18150.0,800.0,2532800.0
53,2021-10-17 07:45:00,18150.0,100.0,2532000.0
54,2021-10-17 07:29:57,18150.0,300.0,2531900.0
55,2021-10-17 07:29:54,18150.0,200.0,2531600.0
56,2021-10-17 07:29:54,18150.0,200.0,2531400.0
57,2021-10-17 07:29:54,18150.0,1000.0,2531200.0
58,2021-10-17 07:29:54,18150.0,500.0,2530200.0
59,2021-10-17 07:29:54,18150.0,500.0,2529700.0
60,2021-10-17 07:29:51,18150.0,500.0,2529200.0
61,2021-10-17 07:29:51,18150.0,2200.0,2528700.0
62,2021-10-17 07:29:44,18150.0,1300.0,2526500.0
63,2021-10-17 07:29:42,18150.0,2800.0,2525200.0
64,2021-10-17 07:29:41,18200.0,100.0,2522400.0
65,2021-10-17 07:29:29,18200.0,1000.0,2522300.0
66,2021-10-17 07:29:27,18200.0,5000.0,2521300.0
67,2021-10-17 07:29:26,18150.0,1000.0,2516300.0
68,2021-10-17 07:29:19,18200.0,2000.0,2515300.0
69,2021-10-17 07:29:18,18150.0,1000.0,2513300.0
70,2021-10-17 07:29:16,18150.0,700.0,2512300.0
71,2021-10-17 07:29:16,18150.0,100.0,2511600.0
72,2021-10-17 07:29:16,18150.0,200.0,2511500.0
73,2021-10-17 07:29:16,18150.0,1000.0,2511300.0
74,2021-10-17 07:29:16,18150.0,200.0,2510300.0
75,2021-10-17 07:29:16,18150.0,400.0,2510100.0
76,2021-10-17 07:29:11,18200.0,2000.0,2509700.0
77,2021-10-17 07:28:59,18200.0,3000.0,2507700.0
78,2021-10-17 07:28:58,18200.0,2000.0,2504700.0
79,2021-10-17 07:28:49,18200.0,4100.0,2502700.0
80,2021-10-17 07:28:49,18200.0,400.0,2498600.0
81,2021-10-17 07:28:49,18200.0,500.0,2498200.0
82,2021-10-17 07:28:35,18200.0,500.0,2497700.0
83,2021-10-17 07:28:31,18150.0,300.0,2497200.0
84,2021-10-17 07:28:07,18150.0,3100.0,2496900.0
85,2021-10-17 07:28:07,18150.0,200.0,2493800.0
86,2021-10-17 07:28:02,18150.0,1800.0,2493600.0
87,2021-10-17 07:28:02,18150.0,200.0,2491800.0
88,2021-10-17 07:28:01,18150.0,2000.0,2491600.0
89,2021-10-17 07:27:51,18150.0,1000.0,2489600.0
90,2021-10-17 07:27:47,18150.0,100.0,2488600.0
91,2021-10-17 07:27:25,18150.0,5000.0,2488500.0
92,2021-10-17 07:27:22,18150.0,500.0,2483500.0
93,2021-10-17 07:27:03,18150.0,1000.0,2483000.0
94,2021-10-17 07:26:58,18150.0,100.0,2482000.0
95,2021-10-17 07:26:51,18150.0,100.0,2481900.0
96,2021-10-17 07:26:31,18100.0,500.0,2481800.0
97,2021-10-17 07:26:20,18100.0,4000.0,2481300.0
98,2021-10-17 07:26:06,18200.0,100.0,2477300.0
99,2021-10-17 07:26:06,18200.0,900.0,2477200.0
100,2021-10-17 07:25:58,18200.0,300.0,2476300.0
101,2021-10-17 07:25:58,18200.0,700.0,2476000.0
102,2021-10-17 07:25:49,18100.0,100.0,2475300.0
103,2021-10-17 07:25:49,18100.0,100.0,2475200.0
104,2021-10-17 07:25:49,18100.0,200.0,2475100.0
105,2021-10-17 07:25:49,18150.0,500.0,2474900.0
106,2021-10-17 07:25:49,18150.0,100.0,2474400.0
107,2021-10-17 07:25:46,18200.0,300.0,2474300.0
108,2021-10-17 07:25:46,18200.0,200.0,2474000.0
109,2021-10-17 07:25:43,18200.0,100.0,2473800.0
110,2021-10-17 07:25:34,18200.0,2500.0,2473700.0
111,2021-10-17 07:25:33,18200.0,1400.0,2471200.0
112,2021-10-17 07:25:31,18200.0,10800.0,2469800.0
113,2021-10-17 07:25:31,18200.0,800.0,2459000.0
114,2021-10-17 07:25:27,18200.0,100.0,2458200.0
115,2021-10-17 07:25:25,18200.0,8000.0,2458100.0
116,2021-10-17 07:25:16,18200.0,500.0,2450100.0
117,2021-10-17 07:25:10,18200.0,300.0,2449600.0
118,2021-10-17 07:25:07,18200.0,300.0,2449300.0
119,2021-10-17 07:25:06,18200.0,1200.0,2449000.0
120,2021-10-17 07:25:03,18200.0,3800.0,2447800.0
121,2021-10-17 07:25:03,18200.0,500.0,2444000.0
122,2021-10-17 07:25:03,18200.0,5100.0,2443500.0
123,2021-10-17 07:24:55,18200.0,200.0,2438400.0
124,2021-10-17 07:24:46,18150.0,500.0,2438200.0
125,2021-10-17 07:24:39,18100.0,1100.0,2437700.0
126,2021-10-17 07:24:28,18100.0,4500.0,2436600.0
127,2021-10-17 07:24:23,18100.0,500.0,2432100.0
128,2021-10-17 07:24:23,18100.0,4000.0,2431600.0
129,2021-10-17 07:24:23,18100.0,500.0,2427600.0
130,2021-10-17 07:23:50,18050.0,1000.0,2427100.0
131,2021-10-17 07:23:50,18000.0,1000.0,2426100.0
132,2021-10-17 07:23:47,18000.0,500.0,2425100.0
133,2021-10-17 07:23:45,18000.0,200.0,2424600.0
134,2021-10-17 07:23:41,18000.0,300.0,2424400.0
135,2021-10-17 07:23:39,18000.0,2500.0,2424100.0
136,2021-10-17 07:23:39,18000.0,500.0,2421600.0
137,2021-10-17 07:23:26,17950.0,100.0,2421100.0
138,2021-10-17 07:23:26,18000.0,1900.0,2421000.0
139,2021-10-17 07:23:20,18000.0,100.0,2419100.0
140,2021-10-17 07:23:16,18000.0,100.0,2419000.0
141,2021-10-17 07:23:12,18000.0,100.0,2418900.0
142,2021-10-17 07:23:12,18000.0,400.0,2418800.0
143,2021-10-17 07:23:09,17900.0,3500.0,2418400.0
144,2021-10-17 07:23:09,17950.0,400.0,2414900.0
145,2021-10-17 07:23:09,17950.0,100.0,2414500.0
146,2021-10-17 07:23:09,17950.0,500.0,2414400.0
147,2021-10-17 07:23:09,17950.0,1500.0,2413900.0
148,2021-10-17 07:23:08,17950.0,500.0,2412400.0
149,2021-10-17 07:23:07,17950.0,2000.0,2411900.0
150,2021-10-17 07:23:07,17950.0,4900.0,2409900.0
151,2021-10-17 07:23:04,17950.0,100.0,2405000.0
152,2021-10-17 07:23:00,17950.0,3000.0,2404900.0
153,2021-10-17 07:22:55,17950.0,100.0,2401900.0
154,2021-10-17 07:22:55,17900.0,1000.0,2401800.0
155,2021-10-17 07:22:48,17900.0,200.0,2400800.0
156,2021-10-17 07:22:48,17900.0,600.0,2400600.0
157,2021-10-17 07:22:44,17900.0,1000.0,2400000.0
158,2021-10-17 07:22:42,17900.0,400.0,2399000.0
159,2021-10-17 07:22:42,17900.0,100.0,2398600.0
160,2021-10-17 07:22:38,17900.0,500.0,2398500.0
161,2021-10-17 07:22:36,17850.0,1000.0,2398000.0
162,2021-10-17 07:22:29,17800.0,1400.0,2397000.0
163,2021-10-17 07:22:29,17800.0,500.0,2395600.0
164,2021-10-17 07:22:29,17850.0,200.0,2395100.0
165,2021-10-17 07:22:29,17850.0,500.0,2394900.0
166,2021-10-17 07:22:29,17850.0,400.0,2394400.0
167,2021-10-17 07:22:25,17850.0,3200.0,2394000.0
168,2021-10-17 07:22:25,17800.0,500.0,2390800.0
169,2021-10-17 07:22:20,17850.0,5000.0,2390300.0
170,2021-10-17 07:22:20,17850.0,3000.0,2385300.0
171,2021-10-17 07:22:20,17850.0,2000.0,2382300.0
172,2021-10-17 07:22:17,17700.0,900.0,2380300.0
173,2021-10-17 07:22:17,17800.0,200.0,2379400.0
174,2021-10-17 07:22:17,17800.0,900.0,2379200.0
175,2021-10-17 07:22:02,17800.0,100.0,2378300.0
176,2021-10-17 07:22:00,17800.0,2000.0,2378200.0
177,2021-10-17 07:21:58,17700.0,1100.0,2376200.0
178,2021-10-17 07:21:58,17700.0,1000.0,2375100.0
179,2021-10-17 07:21:58,17700.0,200.0,2374100.0
180,2021-10-17 07:21:58,17700.0,1000.0,2373900.0
181,2021-10-17 07:21:58,17700.0,100.0,2372900.0
182,2021-10-17 07:21:58,17700.0,100.0,2372800.0
183,2021-10-17 07:21:58,17700.0,500.0,2372700.0
184,2021-10-17 07:21:58,17700.0,100.0,2372200.0
185,2021-10-17 07:21:55,17700.0,500.0,2372100.0
186,2021-10-17 07:21:55,17700.0,100.0,2371600.0
187,2021-10-17 07:21:55,17700.0,300.0,2371500.0
188,2021-10-17 07:21:55,17750.0,600.0,2371200.0
189,2021-10-17 07:21:48,17700.0,700.0,2370600.0
190,2021-10-17 07:21:48,17700.0,300.0,2369900.0
191,2021-10-17 07:21:45,17700.0,1100.0,2369600.0
192,2021-10-17 07:21:44,17850.0,100.0,2368500.0
193,2021-10-17 07:21:43,17700.0,100.0,2368400.0
194,2021-10-17 07:21:40,17700.0,500.0,2368300.0
195,2021-10-17 07:21:40,17700.0,2000.0,2367800.0
196,2021-10-17 07:21:40,17700.0,1200.0,2365800.0
197,2021-10-17 07:21:40,17750.0,300.0,2364600.0
198,2021-10-17 07:21:40,17800.0,1000.0,2364300.0
199,2021-10-17 07:21:34,17700.0,800.0,2363300.0
200,2021-10-17 07:21:34,17750.0,100.0,2362500.0
201,2021-10-17 07:21:34,17800.0,100.0,2362400.0
202,2021-10-17 07:21:34,17800.0,500.0,2362300.0
203,2021-10-17 07:21:34,17800.0,100.0,2361800.0
204,2021-10-17 07:21:18,17800.0,100.0,2361700.0
205,2021-10-17 07:21:18,17800.0,400.0,2361600.0
206,2021-10-17 07:21:16,17800.0,100.0,2361200.0
207,2021-10-17 07:21:14,17800.0,500.0,2361100.0
208,2021-10-17 07:21:14,17800.0,300.0,2360600.0
209,2021-10-17 07:21:14,17800.0,700.0,2360300.0
210,2021-10-17 07:21:08,17800.0,1300.0,2359600.0
211,2021-10-17 07:21:08,17800.0,100.0,2358300.0
212,2021-10-17 07:20:59,17850.0,100.0,2358200.0
213,2021-10-17 07:20:59,17850.0,300.0,2358100.0
214,2021-10-17 07:20:51,17850.0,400.0,2357800.0
215,2021-10-17 07:20:49,17900.0,400.0,2357400.0
216,2021-10-17 07:20:46,17900.0,100.0,2357000.0
217,2021-10-17 07:20:46,17900.0,400.0,2356900.0
218,2021-10-17 07:20:45,17950.0,1000.0,2356500.0
219,2021-10-17 07:20:39,17950.0,2000.0,2355500.0
220,2021-10-17 07:20:38,17950.0,800.0,2353500.0
221,2021-10-17 07:20:38,17950.0,200.0,2352700.0
222,2021-10-17 07:20:37,17900.0,1600.0,2352500.0
223,2021-10-17 07:20:37,17900.0,100.0,2350900.0
224,2021-10-17 07:20:37,17900.0,100.0,2350800.0
225,2021-10-17 07:20:37,17900.0,100.0,2350700.0
226,2021-10-17 07:20:37,17900.0,100.0,2350600.0
227,2021-10-17 07:20:25,17950.0,100.0,2350500.0
228,2021-10-17 07:20:20,18000.0,200.0,2350400.0
229,2021-10-17 07:20:20,18000.0,200.0,2350200.0
230,2021-10-17 07:20:16,18000.0,300.0,2350000.0
231,2021-10-17 07:20:16,18000.0,500.0,2349700.0
232,2021-10-17 07:20:16,18000.0,100.0,2349200.0
233,2021-10-17 07:20:16,18000.0,800.0,2349100.0
234,2021-10-17 07:20:16,18000.0,1200.0,2348300.0
235,2021-10-17 07:20:16,18000.0,300.0,2347100.0
236,2021-10-17 07:20:16,18000.0,700.0,2346800.0
237,2021-10-17 07:20:16,18000.0,100.0,2346100.0
238,2021-10-17 07:20:16,18000.0,1000.0,2346000.0
239,2021-10-17 07:20:16,18000.0,1000.0,2345000.0
240,2021-10-17 07:20:16,18000.0,200.0,2344000.0
241,2021-10-17 07:20:12,18000.0,800.0,2343800.0
242,2021-10-17 07:20:12,18000.0,800.0,2343000.0
243,2021-10-17 07:20:12,18000.0,1000.0,2342200.0
244,2021-10-17 07:20:12,18000.0,300.0,2341200.0
245,2021-10-17 07:20:12,18000.0,1000.0,2340900.0
246,2021-10-17 07:20:12,18000.0,2000.0,2339900.0
247,2021-10-17 07:20:12,18000.0,100.0,2337900.0
248,2021-10-17 07:20:12,18000.0,100.0,2337800.0
249,2021-10-17 07:20:12,18000.0,300.0,2337700.0
250,2021-10-17 07:20:12,18000.0,100.0,2337400.0
251,2021-10-17 07:20:12,18000.0,100.0,2337300.0
252,2021-10-17 07:20:12,18000.0,100.0,2337200.0
253,2021-10-17 07:20:12,18000.0,200.0,2337100.0
254,2021-10-17 07:20:12,18000.0,4000.0,2336900.0
255,2021-10-17 07:20:12,18000.0,400.0,2332900.0
256,2021-10-17 07:20:12,18000.0,500.0,2332500.0
257,2021-10-17 07:20:12,18000.0,800.0,2332000.0
258,2021-10-17 07:20:12,18000.0,1000.0,2331200.0
259,2021-10-17 07:20:12,18000.0,100.0,2330200.0
260,2021-10-17 07:20:12,18000.0,200.0,2330100.0
261,2021-10-17 07:20:12,18000.0,100.0,2329900.0
262,2021-10-17 07:20:12,18000.0,2000.0,2329800.0
263,2021-10-17 07:20:12,18000.0,800.0,2327800.0
264,2021-10-17 07:20:09,18050.0,500.0,2327000.0
265,2021-10-17 07:20:07,18000.0,200.0,2326500.0
266,2021-10-17 07:20:07,18000.0,1000.0,2326300.0
267,2021-10-17 07:20:07,18000.0,500.0,2325300.0
268,2021-10-17 07:20:07,18000.0,500.0,2324800.0
269,2021-10-17 07:20:07,18000.0,1000.0,2324300.0
270,2021-10-17 07:20:07,18000.0,100.0,2323300.0
271,2021-10-17 07:20:07,18000.0,300.0,2323200.0
272,2021-10-17 07:20:07,18000.0,100.0,2322900.0
273,2021-10-17 07:20:07,18000.0,1000.0,2322800.0
274,2021-10-17 07:20:07,18000.0,300.0,2321800.0
275,2021-10-17 07:20:01,18050.0,2300.0,2321500.0
276,2021-10-17 07:20:00,18050.0,2700.0,2319200.0
277,2021-10-17 07:20:00,18050.0,3300.0,2316500.0
278,2021-10-17 07:19:51,18050.0,2800.0,2313200.0
279,2021-10-17 07:19:51,18050.0,1300.0,2310400.0
280,2021-10-17 07:19:42,18050.0,500.0,2309100.0
281,2021-10-17 07:19:42,18150.0,200.0,2308600.0
282,2021-10-17 07:19:42,18100.0,300.0,2308400.0
283,2021-10-17 07:19:41,18050.0,600.0,2308100.0
284,2021-10-17 07:19:41,18050.0,400.0,2307500.0
285,2021-10-17 07:19:35,18050.0,300.0,2307100.0
286,2021-10-17 07:19:35,18050.0,100.0,2306800.0
287,2021-10-17 07:19:35,18050.0,300.0,2306700.0
288,2021-10-17 07:19:32,18100.0,1000.0,2306400.0
289,2021-10-17 07:19:32,18100.0,1400.0,2305400.0
290,2021-10-17 07:19:32,18100.0,800.0,2304000.0
291,2021-10-17 07:19:31,18100.0,3800.0,2303200.0
292,2021-10-17 07:19:30,18100.0,3500.0,2299400.0
293,2021-10-17 07:19:28,18150.0,1500.0,2295900.0
294,2021-10-17 07:19:28,18150.0,5000.0,2294400.0
295,2021-10-17 07:19:28,18150.0,4500.0,2289400.0
296,2021-10-17 07:19:24,18100.0,500.0,2284900.0
297,2021-10-17 07:19:24,18100.0,100.0,2284400.0
298,2021-10-17 07:19:24,18100.0,200.0,2284300.0
299,2021-10-17 07:19:24,18100.0,1000.0,2284100.0
300,2021-10-17 07:19:24,18100.0,100.0,2283100.0
301,2021-10-17 07:19:24,18100.0,500.0,2283000.0
302,2021-10-17 07:19:24,18100.0,100.0,2282500.0
303,2021-10-17 07:19:24,18100.0,500.0,2282400.0
304,2021-10-17 07:19:24,18100.0,2000.0,2281900.0
305,2021-10-17 07:19:24,18100.0,1000.0,2279900.0
306,2021-10-17 07:19:24,18100.0,1000.0,2278900.0
307,2021-10-17 07:19:24,18100.0,5000.0,2277900.0
308,2021-10-17 07:19:13,18150.0,500.0,2272900.0
309,2021-10-17 07:19:11,18150.0,100.0,2272400.0
310,2021-10-17 07:19:11,18150.0,200.0,2272300.0
311,2021-10-17 07:19:11,18150.0,800.0,2272100.0
312,2021-10-17 07:19:11,18150.0,3600.0,2271300.0
313,2021-10-17 07:19:10,18150.0,1000.0,2267700.0
314,2021-10-17 07:19:09,18150.0,3000.0,2266700.0
315,2021-10-17 07:19:09,18150.0,1000.0,2263700.0
316,2021-10-17 07:19:04,18150.0,900.0,2262700.0
317,2021-10-17 07:19:04,18200.0,1000.0,2261800.0
318,2021-10-17 07:19:01,18150.0,500.0,2260800.0
319,2021-10-17 07:18:44,18200.0,4200.0,2260300.0
320,2021-10-17 07:18:44,18200.0,10000.0,2256100.0
321,2021-10-17 07:18:44,18200.0,2300.0,2246100.0
322,2021-10-17 07:18:43,18200.0,500.0,2243800.0
323,2021-10-17 07:18:43,18200.0,3000.0,2243300.0
324,2021-10-17 07:18:42,18200.0,2600.0,2240300.0
325,2021-10-17 07:18:42,18200.0,200.0,2237700.0
326,2021-10-17 07:18:42,18200.0,100.0,2237500.0
327,2021-10-17 07:18:42,18200.0,100.0,2237400.0
328,2021-10-17 07:18:41,18200.0,400.0,2237300.0
329,2021-10-17 07:18:41,18200.0,100.0,2236900.0
330,2021-10-17 07:18:41,18200.0,100.0,2236800.0
331,2021-10-17 07:18:41,18200.0,400.0,2236700.0
332,2021-10-17 07:18:40,18200.0,11000.0,2236300.0
333,2021-10-17 07:18:40,18200.0,300.0,2225300.0
334,2021-10-17 07:18:40,18200.0,300.0,2225000.0
335,2021-10-17 07:18:40,18200.0,300.0,2224700.0
336,2021-10-17 07:18:40,18200.0,300.0,2224400.0
337,2021-10-17 07:18:40,18200.0,1000.0,2224100.0
338,2021-10-17 07:18:40,18200.0,1800.0,2223100.0
339,2021-10-17 07:18:40,18200.0,1000.0,2221300.0
340,2021-10-17 07:18:40,18200.0,100.0,2220300.0
341,2021-10-17 07:18:40,18200.0,1000.0,2220200.0
342,2021-10-17 07:18:40,18200.0,100.0,2219200.0
343,2021-10-17 07:18:40,18200.0,2800.0,2219100.0
344,2021-10-17 07:18:35,18200.0,2000.0,2216300.0
345,2021-10-17 07:18:34,18200.0,1500.0,2214300.0
346,2021-10-17 07:18:32,18200.0,2500.0,2212800.0
347,2021-10-17 07:18:31,18200.0,6200.0,2210300.0
348,2021-10-17 07:18:31,18200.0,1000.0,2204100.0
349,2021-10-17 07:18:31,18200.0,100.0,2203100.0
350,2021-10-17 07:18:31,18200.0,2000.0,2203000.0
351,2021-10-17 07:18:31,18200.0,500.0,2201000.0
352,2021-10-17 07:18:31,18200.0,1500.0,2200500.0
353,2021-10-17 07:18:31,18200.0,500.0,2199000.0
354,2021-10-17 07:18:31,18200.0,300.0,2198500.0
355,2021-10-17 07:18:31,18200.0,100.0,2198200.0
356,2021-10-17 07:18:31,18200.0,4000.0,2198100.0
357,2021-10-17 07:18:31,18200.0,100.0,2194100.0
358,2021-10-17 07:18:31,18200.0,400.0,2194000.0
359,2021-10-17 07:18:31,18200.0,500.0,2193600.0
360,2021-10-17 07:18:31,18200.0,800.0,2193100.0
361,2021-10-17 07:18:27,18200.0,200.0,2192300.0
362,2021-10-17 07:18:27,18200.0,200.0,2192100.0
363,2021-10-17 07:18:27,18200.0,1000.0,2191900.0
364,2021-10-17 07:18:27,18200.0,200.0,2190900.0
365,2021-10-17 07:18:27,18200.0,1500.0,2190700.0
366,2021-10-17 07:18:27,18200.0,500.0,2189200.0
367,2021-10-17 07:18:27,18200.0,100.0,2188700.0
368,2021-10-17 07:18:27,18200.0,6300.0,2188600.0
369,2021-10-17 07:18:18,18200.0,2000.0,2182300.0
370,2021-10-17 07:18:06,18200.0,500.0,2180300.0
371,2021-10-17 07:18:05,18250.0,1000.0,2179800.0
372,2021-10-17 07:17:56,18250.0,1100.0,2178800.0
373,2021-10-17 07:17:56,18250.0,100.0,2177700.0
374,2021-10-17 07:17:20,18250.0,300.0,2177600.0
375,2021-10-17 07:17:20,18250.0,100.0,2177300.0
376,2021-10-17 07:17:11,18250.0,100.0,2177200.0
377,2021-10-17 07:17:11,18250.0,900.0,2177100.0
378,2021-10-17 07:17:09,18250.0,500.0,2176200.0
379,2021-10-17 07:17:04,18250.0,200.0,2175700.0
380,2021-10-17 07:17:04,18250.0,300.0,2175500.0
381,2021-10-17 07:16:56,18250.0,4700.0,2175200.0
382,2021-10-17 07:16:56,18250.0,100.0,2170500.0
383,2021-10-17 07:16:56,18250.0,200.0,2170400.0
384,2021-10-17 07:16:56,18250.0,5000.0,2170200.0
385,2021-10-17 07:16:43,18250.0,3000.0,2165200.0
386,2021-10-17 07:16:41,18300.0,300.0,2162200.0
387,2021-10-17 07:16:33,18300.0,1100.0,2161900.0
388,2021-10-17 07:16:33,18300.0,200.0,2160800.0
389,2021-10-17 07:16:33,18300.0,600.0,2160600.0
390,2021-10-17 07:16:33,18300.0,500.0,2160000.0
391,2021-10-17 07:16:33,18300.0,1000.0,2159500.0
392,2021-10-17 07:16:33,18300.0,100.0,2158500.0
393,2021-10-17 07:16:33,18300.0,100.0,2158400.0
394,2021-10-17 07:16:33,18300.0,500.0,2158300.0
395,2021-10-17 07:16:33,18300.0,1000.0,2157800.0
396,2021-10-17 07:16:33,18300.0,600.0,2156800.0
397,2021-10-17 07:16:33,18300.0,100.0,2156200.0
398,2021-10-17 07:16:33,18300.0,900.0,2156100.0
399,2021-10-17 07:16:30,18300.0,1000.0,2155200.0
400,2021-10-17 07:16:28,18300.0,500.0,2154200.0
401,2021-10-17 07:16:26,18300.0,200.0,2153700.0
402,2021-10-17 07:16:23,18300.0,5000.0,2153500.0
403,2021-10-17 07:15:58,18300.0,600.0,2148500.0
404,2021-10-17 07:15:44,18300.0,1800.0,2147900.0
405,2021-10-17 07:15:44,18300.0,3000.0,2146100.0
406,2021-10-17 07:15:44,18300.0,500.0,2143100.0
407,2021-10-17 07:15:44,18300.0,300.0,2142600.0
408,2021-10-17 07:15:44,18300.0,500.0,2142300.0
409,2021-10-17 07:15:44,18300.0,3900.0,2141800.0
410,2021-10-17 07:15:08,18350.0,100.0,2137900.0
411,2021-10-17 07:15:03,18300.0,1000.0,2137800.0
412,2021-10-17 07:14:57,18350.0,300.0,2136800.0
413,2021-10-17 07:14:57,18350.0,700.0,2136500.0
414,2021-10-17 07:14:39,18350.0,100.0,2135800.0
415,2021-10-17 07:14:31,18300.0,100.0,2135700.0
416,2021-10-17 07:14:31,18300.0,200.0,2135600.0
417,2021-10-17 07:14:16,18300.0,800.0,2135400.0
418,2021-10-17 07:14:16,18300.0,100.0,2134600.0
419,2021-10-17 07:14:16,18300.0,100.0,2134500.0
420,2021-10-17 07:13:59,18300.0,200.0,2134400.0
421,2021-10-17 07:13:03,18350.0,200.0,2134200.0
422,2021-10-17 07:13:01,18350.0,300.0,2134000.0
423,2021-10-17 07:12:55,18350.0,1300.0,2133700.0
424,2021-10-17 07:12:54,18350.0,200.0,2132400.0
425,2021-10-17 07:12:54,18350.0,100.0,2132200.0
426,2021-10-17 07:12:46,18350.0,7800.0,2132100.0
427,2021-10-17 07:12:46,18350.0,500.0,2124300.0
428,2021-10-17 07:12:46,18350.0,200.0,2123800.0
429,2021-10-17 07:12:46,18350.0,100.0,2123600.0
430,2021-10-17 07:12:46,18350.0,300.0,2123500.0
431,2021-10-17 07:12:46,18350.0,100.0,2123200.0
432,2021-10-17 07:12:46,18350.0,1000.0,2123100.0
433,2021-10-17 07:12:44,18350.0,3000.0,2122100.0
434,2021-10-17 07:12:38,18350.0,2000.0,2119100.0
435,2021-10-17 07:12:01,18350.0,700.0,2117100.0
436,2021-10-17 07:12:00,18400.0,1000.0,2116400.0
437,2021-10-17 07:11:49,18400.0,1000.0,2115400.0
438,2021-10-17 07:11:49,18400.0,1000.0,2114400.0
439,2021-10-17 07:11:49,18400.0,300.0,2113400.0
440,2021-10-17 07:11:49,18400.0,200.0,2113100.0
441,2021-10-17 07:11:48,18400.0,100.0,2112900.0
442,2021-10-17 07:11:23,18400.0,100.0,2112800.0
443,2021-10-17 07:11:23,18400.0,600.0,2112700.0
444,2021-10-17 07:11:23,18400.0,2000.0,2112100.0
445,2021-10-17 07:10:56,18450.0,500.0,2110100.0
446,2021-10-17 07:10:56,18450.0,100.0,2109600.0
447,2021-10-17 07:10:56,18450.0,100.0,2109500.0
448,2021-10-17 07:10:56,18450.0,300.0,2109400.0
449,2021-10-17 07:10:46,18500.0,1000.0,2109100.0
450,2021-10-17 07:10:45,18450.0,1200.0,2108100.0
451,2021-10-17 07:10:45,18450.0,100.0,2106900.0
452,2021-10-17 07:10:45,18450.0,1700.0,2106800.0
453,2021-10-17 07:10:44,18450.0,1000.0,2105100.0
454,2021-10-17 07:10:38,18450.0,500.0,2104100.0
455,2021-10-17 07:10:35,18450.0,1000.0,2103600.0
456,2021-10-17 07:10:33,18450.0,500.0,2102600.0
457,2021-10-17 07:10:27,18450.0,1100.0,2102100.0
458,2021-10-17 07:10:06,18450.0,400.0,2101000.0
459,2021-10-17 07:09:57,18450.0,3000.0,2100600.0
460,2021-10-17 07:09:35,18500.0,400.0,2097600.0
461,2021-10-17 07:09:13,18500.0,500.0,2097200.0
462,2021-10-17 07:09:09,18500.0,1000.0,2096700.0
463,2021-10-17 07:09:02,18450.0,800.0,2095700.0
464,2021-10-17 07:09:02,18450.0,1000.0,2094900.0
465,2021-10-17 07:09:02,18450.0,200.0,2093900.0
466,2021-10-17 07:08:52,18500.0,100.0,2093700.0
467,2021-10-17 07:08:52,18550.0,500.0,2093600.0
468,2021-10-17 07:08:20,18550.0,400.0,2093100.0
469,2021-10-17 07:08:16,18550.0,100.0,2092700.0
470,2021-10-17 07:08:16,18500.0,400.0,2092600.0
471,2021-10-17 07:08:15,18500.0,200.0,2092200.0
472,2021-10-17 07:08:15,18500.0,400.0,2092000.0
473,2021-10-17 07:08:08,18500.0,600.0,2091600.0
474,2021-10-17 07:08:08,18500.0,300.0,2091000.0
475,2021-10-17 07:08:08,18500.0,100.0,2090700.0
476,2021-10-17 07:07:59,18550.0,300.0,2090600.0
477,2021-10-17 07:07:47,18550.0,200.0,2090300.0
478,2021-10-17 07:07:42,18550.0,100.0,2090100.0
479,2021-10-17 07:07:38,18550.0,1700.0,2090000.0
480,2021-10-17 07:07:31,18550.0,200.0,2088300.0
481,2021-10-17 07:07:29,18550.0,4000.0,2088100.0
482,2021-10-17 07:06:59,18550.0,100.0,2084100.0
483,2021-10-17 07:06:59,18550.0,4200.0,2084000.0
484,2021-10-17 07:06:59,18550.0,100.0,2079800.0
485,2021-10-17 07:06:38,18550.0,500.0,2079700.0
486,2021-10-17 07:06:05,18550.0,100.0,2079200.0
487,2021-10-17 07:05:55,18550.0,100.0,2079100.0
488,2021-10-17 07:05:03,18500.0,200.0,2079000.0
489,2021-10-17 07:05:03,18500.0,600.0,2078800.0
490,2021-10-17 07:04:44,18500.0,100.0,2078200.0
491,2021-10-17 07:04:43,18500.0,200.0,2078100.0
492,2021-10-17 07:04:34,18500.0,200.0,2077900.0
493,2021-10-17 07:04:33,18500.0,100.0,2077700.0
494,2021-10-17 07:04:33,18500.0,200.0,2077600.0
495,2021-10-17 07:04:33,18500.0,200.0,2077400.0
496,2021-10-17 07:04:26,18500.0,900.0,2077200.0
497,2021-10-17 07:03:46,18500.0,900.0,2076300.0
498,2021-10-17 07:03:46,18500.0,1500.0,2075400.0
499,2021-10-17 07:03:46,18500.0,100.0,2073900.0
500,2021-10-17 07:03:46,18500.0,2500.0,2073800.0
501,2021-10-17 07:03:38,18400.0,900.0,2071300.0
502,2021-10-17 07:03:38,18400.0,300.0,2070400.0
503,2021-10-17 07:03:38,18450.0,200.0,2070100.0
504,2021-10-17 07:03:38,18450.0,600.0,2069900.0
505,2021-10-17 07:03:28,18450.0,400.0,2069300.0
506,2021-10-17 07:03:19,18450.0,1600.0,2068900.0
507,2021-10-17 07:03:19,18450.0,400.0,2067300.0
508,2021-10-17 07:03:17,18450.0,100.0,2066900.0
509,2021-10-17 07:02:44,18400.0,100.0,2066800.0
510,2021-10-17 07:02:17,18400.0,2000.0,2066700.0
511,2021-10-17 07:02:15,18400.0,1900.0,2064700.0
512,2021-10-17 07:02:11,18400.0,1500.0,2062800.0
513,2021-10-17 07:02:11,18400.0,200.0,2061300.0
514,2021-10-17 07:02:11,18400.0,1000.0,2061100.0
515,2021-10-17 07:02:11,18400.0,2300.0,2060100.0
516,2021-10-17 07:02:05,18400.0,100.0,2057800.0
517,2021-10-17 07:02:05,18400.0,900.0,2057700.0
518,2021-10-17 07:01:44,18350.0,3500.0,2056800.0
519,2021-10-17 07:01:41,18350.0,500.0,2053300.0
520,2021-10-17 07:01:29,18300.0,600.0,2052800.0
521,2021-10-17 07:01:00,18300.0,100.0,2052200.0
522,2021-10-17 07:00:46,18300.0,1000.0,2052100.0
523,2021-10-17 07:00:10,18200.0,800.0,2051100.0
524,2021-10-17 06:59:53,18300.0,300.0,2050300.0
525,2021-10-17 06:59:49,18300.0,2900.0,2050000.0
526,2021-10-17 06:59:49,18300.0,1000.0,2047100.0
527,2021-10-17 06:59:49,18300.0,1000.0,2046100.0
528,2021-10-17 06:59:49,18300.0,1500.0,2045100.0
529,2021-10-17 06:59:49,18300.0,200.0,2043600.0
530,2021-10-17 06:59:49,18300.0,2000.0,2043400.0
531,2021-10-17 06:59:49,18250.0,2500.0,2041400.0
532,2021-10-17 06:59:49,18250.0,200.0,2038900.0
533,2021-10-17 06:59:49,18250.0,2000.0,2038700.0
534,2021-10-17 06:59:49,18250.0,500.0,2036700.0
535,2021-10-17 06:59:49,18250.0,1000.0,2036200.0
536,2021-10-17 06:59:49,18250.0,7400.0,2035200.0
537,2021-10-17 06:59:41,18250.0,600.0,2027800.0
538,2021-10-17 06:59:05,18200.0,400.0,2027200.0
539,2021-10-17 06:59:05,18200.0,200.0,2026800.0
540,2021-10-17 06:59:05,18200.0,100.0,2026600.0
541,2021-10-17 06:59:05,18200.0,1000.0,2026500.0
542,2021-10-17 06:59:05,18200.0,200.0,2025500.0
543,2021-10-17 06:59:02,18200.0,800.0,2025300.0
544,2021-10-17 06:59:02,18200.0,700.0,2024500.0
545,2021-10-17 06:58:48,18200.0,100.0,2023800.0
546,2021-10-17 06:58:08,18250.0,2000.0,2023700.0
547,2021-10-17 06:58:08,18250.0,200.0,2021700.0
548,2021-10-17 06:58:08,18250.0,300.0,2021500.0
549,2021-10-17 06:58:08,18250.0,2500.0,2021200.0
550,2021-10-17 06:58:06,18250.0,200.0,2018700.0
551,2021-10-17 06:58:01,18250.0,100.0,2018500.0
552,2021-10-17 06:57:56,18200.0,200.0,2018400.0
553,2021-10-17 06:57:56,18200.0,800.0,2018200.0
554,2021-10-17 06:57:56,18250.0,3000.0,2017400.0
555,2021-10-17 06:57:55,18250.0,200.0,2014400.0
556,2021-10-17 06:57:46,18200.0,200.0,2014200.0
557,2021-10-17 06:57:46,18200.0,800.0,2014000.0
558,2021-10-17 06:57:23,18250.0,1000.0,2013200.0
559,2021-10-17 06:57:15,18250.0,300.0,2012200.0
560,2021-10-17 06:57:15,18250.0,700.0,2011900.0
561,2021-10-17 06:57:05,18250.0,300.0,2011200.0
562,2021-10-17 06:57:02,18250.0,200.0,2010900.0
563,2021-10-17 06:57:01,18250.0,100.0,2010700.0
564,2021-10-17 06:57:01,18250.0,1500.0,2010600.0
565,2021-10-17 06:57:01,18250.0,100.0,2009100.0
566,2021-10-17 06:57:01,18250.0,500.0,2009000.0
567,2021-10-17 06:56:56,18250.0,100.0,2008500.0
568,2021-10-17 06:56:47,18250.0,1100.0,2008400.0
569,2021-10-17 06:56:43,18300.0,100.0,2007300.0
570,2021-10-17 06:56:43,18250.0,700.0,2007200.0
571,2021-10-17 06:56:28,18250.0,2600.0,2006500.0
572,2021-10-17 06:56:28,18250.0,100.0,2003900.0
573,2021-10-17 06:56:28,18250.0,100.0,2003800.0
574,2021-10-17 06:56:28,18250.0,200.0,2003700.0
575,2021-10-17 06:56:18,18250.0,4800.0,2003500.0
576,2021-10-17 06:56:18,18250.0,1300.0,1998700.0
577,2021-10-17 06:56:16,18250.0,100.0,1997400.0
578,2021-10-17 06:56:06,18250.0,3600.0,1997300.0
579,2021-10-17 06:56:06,18250.0,400.0,1993700.0
580,2021-10-17 06:55:55,18300.0,100.0,1993300.0
581,2021-10-17 06:55:49,18300.0,10000.0,1993200.0
582,2021-10-17 06:55:45,18250.0,600.0,1983200.0
583,2021-10-17 06:55:45,18250.0,1000.0,1982600.0
584,2021-10-17 06:55:34,18300.0,700.0,1981600.0
585,2021-10-17 06:55:33,18300.0,1000.0,1980900.0
586,2021-10-17 06:55:33,18300.0,2000.0,1979900.0
587,2021-10-17 06:55:33,18300.0,100.0,1977900.0
588,2021-10-17 06:55:33,18300.0,500.0,1977800.0
589,2021-10-17 06:55:33,18300.0,1000.0,1977300.0
590,2021-10-17 06:55:33,18300.0,100.0,1976300.0
591,2021-10-17 06:55:27,18300.0,100.0,1976200.0
592,2021-10-17 06:55:27,18300.0,500.0,1976100.0
593,2021-10-17 06:55:27,18300.0,200.0,1975600.0
594,2021-10-17 06:55:27,18300.0,400.0,1975400.0
595,2021-10-17 06:55:27,18300.0,11700.0,1975000.0
596,2021-10-17 06:55:27,18300.0,100.0,1963300.0
597,2021-10-17 06:55:27,18300.0,1000.0,1963200.0
598,2021-10-17 06:55:27,18300.0,500.0,1962200.0
599,2021-10-17 06:55:27,18300.0,5000.0,1961700.0
600,2021-10-17 06:55:27,18300.0,500.0,1956700.0
601,2021-10-17 06:55:27,18300.0,200.0,1956200.0
602,2021-10-17 06:55:27,18300.0,100.0,1956000.0
603,2021-10-17 06:55:27,18300.0,4100.0,1955900.0
604,2021-10-17 06:55:22,18300.0,1200.0,1951800.0
605,2021-10-17 06:55:19,18350.0,1000.0,1950600.0
606,2021-10-17 06:54:56,18350.0,1000.0,1949600.0
607,2021-10-17 06:54:55,18350.0,1000.0,1948600.0
608,2021-10-17 06:54:46,18350.0,2000.0,1947600.0
609,2021-10-17 06:54:46,18350.0,200.0,1945600.0
610,2021-10-17 06:54:46,18350.0,3700.0,1945400.0
611,2021-10-17 06:54:43,18350.0,1300.0,1941700.0
612,2021-10-17 06:54:43,18350.0,1000.0,1940400.0
613,2021-10-17 06:54:43,18350.0,1100.0,1939400.0
614,2021-10-17 06:54:41,18350.0,300.0,1938300.0
615,2021-10-17 06:54:37,18350.0,100.0,1938000.0
616,2021-10-17 06:54:34,18350.0,1000.0,1937900.0
617,2021-10-17 06:53:49,18350.0,1000.0,1936900.0
618,2021-10-17 06:53:49,18350.0,200.0,1935900.0
619,2021-10-17 06:53:45,18350.0,800.0,1935700.0
620,2021-10-17 06:53:45,18350.0,200.0,1934900.0
621,2021-10-17 06:53:43,18350.0,300.0,1934700.0
622,2021-10-17 06:53:42,18350.0,200.0,1934400.0
623,2021-10-17 06:53:40,18350.0,100.0,1934200.0
624,2021-10-17 06:53:32,18350.0,1400.0,1934100.0
625,2021-10-17 06:53:32,18350.0,100.0,1932700.0
626,2021-10-17 06:53:09,18350.0,500.0,1932600.0
627,2021-10-17 06:52:55,18350.0,200.0,1932100.0
628,2021-10-17 06:52:41,18350.0,200.0,1931900.0
629,2021-10-17 06:52:41,18350.0,300.0,1931700.0
630,2021-10-17 06:52:40,18350.0,200.0,1931400.0
631,2021-10-17 06:52:40,18350.0,100.0,1931200.0
632,2021-10-17 06:52:32,18300.0,4700.0,1931100.0
633,2021-10-17 06:52:32,18300.0,500.0,1926400.0
634,2021-10-17 06:52:32,18300.0,300.0,1925900.0
635,2021-10-17 06:52:32,18300.0,100.0,1925600.0
636,2021-10-17 06:52:32,18300.0,200.0,1925500.0
637,2021-10-17 06:52:12,18350.0,100.0,1925300.0
638,2021-10-17 06:52:06,18300.0,1800.0,1925200.0
639,2021-10-17 06:52:06,18300.0,1000.0,1923400.0
640,2021-10-17 06:52:06,18350.0,2200.0,1922400.0
641,2021-10-17 06:52:05,18350.0,300.0,1920200.0
642,2021-10-17 06:52:05,18350.0,1000.0,1919900.0
643,2021-10-17 06:52:05,18350.0,300.0,1918900.0
644,2021-10-17 06:52:05,18350.0,1200.0,1918600.0
645,2021-10-17 06:52:01,18350.0,500.0,1917400.0
646,2021-10-17 06:51:55,18350.0,200.0,1916900.0
647,2021-10-17 06:51:55,18350.0,100.0,1916700.0
648,2021-10-17 06:51:26,18350.0,100.0,1916600.0
649,2021-10-17 06:51:00,18350.0,100.0,1916500.0
650,2021-10-17 06:50:47,18350.0,100.0,1916400.0
651,2021-10-17 06:50:47,18350.0,200.0,1916300.0
652,2021-10-17 06:50:47,18350.0,400.0,1916100.0
653,2021-10-17 06:50:47,18350.0,100.0,1915700.0
654,2021-10-17 06:50:47,18350.0,100.0,1915600.0
655,2021-10-17 06:50:47,18350.0,200.0,1915500.0
656,2021-10-17 06:50:47,18350.0,100.0,1915300.0
657,2021-10-17 06:50:45,18350.0,100.0,1915200.0
658,2021-10-17 06:50:45,18350.0,2000.0,1915100.0
659,2021-10-17 06:50:45,18350.0,200.0,1913100.0
660,2021-10-17 06:50:45,18350.0,500.0,1912900.0
661,2021-10-17 06:50:44,18350.0,500.0,1912400.0
662,2021-10-17 06:50:37,18350.0,100.0,1911900.0
663,2021-10-17 06:50:36,18350.0,300.0,1911800.0
664,2021-10-17 06:50:36,18350.0,100.0,1911500.0
665,2021-10-17 06:50:36,18350.0,500.0,1911400.0
666,2021-10-17 06:50:36,18350.0,200.0,1910900.0
667,2021-10-17 06:50:36,18350.0,3000.0,1910700.0
668,2021-10-17 06:50:36,18350.0,400.0,1907700.0
669,2021-10-17 06:50:36,18350.0,500.0,1907300.0
670,2021-10-17 06:50:31,18350.0,500.0,1906800.0
671,2021-10-17 06:50:31,18350.0,500.0,1906300.0
672,2021-10-17 06:50:26,18350.0,1700.0,1905800.0
673,2021-10-17 06:50:26,18350.0,100.0,1904100.0
674,2021-10-17 06:50:26,18350.0,100.0,1904000.0
675,2021-10-17 06:50:26,18350.0,100.0,1903900.0
676,2021-10-17 06:50:08,18350.0,200.0,1903800.0
677,2021-10-17 06:49:48,18350.0,100.0,1903600.0
678,2021-10-17 06:49:48,18350.0,100.0,1903500.0
679,2021-10-17 06:49:48,18350.0,500.0,1903400.0
680,2021-10-17 06:49:48,18350.0,200.0,1902900.0
681,2021-10-17 06:49:48,18350.0,100.0,1902700.0
682,2021-10-17 06:49:47,18350.0,1000.0,1902600.0
683,2021-10-17 06:49:47,18350.0,500.0,1901600.0
684,2021-10-17 06:49:47,18350.0,200.0,1901100.0
685,2021-10-17 06:49:47,18350.0,300.0,1900900.0
686,2021-10-17 06:49:42,18400.0,1800.0,1900600.0
687,2021-10-17 06:49:36,18350.0,100.0,1898800.0
688,2021-10-17 06:49:35,18350.0,1000.0,1898700.0
689,2021-10-17 06:49:30,18350.0,500.0,1897700.0
690,2021-10-17 06:49:17,18350.0,3100.0,1897200.0
691,2021-10-17 06:49:17,18350.0,5500.0,1894100.0
692,2021-10-17 06:49:17,18350.0,1400.0,1888600.0
693,2021-10-17 06:49:17,18400.0,100.0,1887200.0
694,2021-10-17 06:48:59,18400.0,1400.0,1887100.0
695,2021-10-17 06:48:52,18400.0,4000.0,1885700.0
696,2021-10-17 06:48:49,18350.0,600.0,1881700.0
697,2021-10-17 06:48:49,18350.0,100.0,1881100.0
698,2021-10-17 06:48:32,18350.0,100.0,1881000.0
699,2021-10-17 06:48:14,18400.0,800.0,1880900.0
700,2021-10-17 06:48:08,18400.0,1000.0,1880100.0
701,2021-10-17 06:48:08,18400.0,200.0,1879100.0
702,2021-10-17 06:48:07,18400.0,200.0,1878900.0
703,2021-10-17 06:48:00,18400.0,100.0,1878700.0
704,2021-10-17 06:48:00,18400.0,1700.0,1878600.0
705,2021-10-17 06:48:00,18400.0,100.0,1876900.0
706,2021-10-17 06:48:00,18400.0,300.0,1876800.0
707,2021-10-17 06:48:00,18400.0,500.0,1876500.0
708,2021-10-17 06:48:00,18400.0,800.0,1876000.0
709,2021-10-17 06:48:00,18400.0,900.0,1875200.0
710,2021-10-17 06:48:00,18400.0,300.0,1874300.0
711,2021-10-17 06:47:54,18400.0,300.0,1874000.0
712,2021-10-17 06:47:35,18400.0,300.0,1873700.0
713,2021-10-17 06:47:32,18400.0,2100.0,1873400.0
714,2021-10-17 06:47:32,18400.0,100.0,1871300.0
715,2021-10-17 06:47:32,18400.0,1000.0,1871200.0
716,2021-10-17 06:47:32,18400.0,1800.0,1870200.0
717,2021-10-17 06:47:24,18400.0,500.0,1868400.0
718,2021-10-17 06:47:19,18450.0,400.0,1867900.0
719,2021-10-17 06:47:07,18400.0,100.0,1867500.0
720,2021-10-17 06:47:07,18400.0,300.0,1867400.0
721,2021-10-17 06:47:07,18400.0,200.0,1867100.0
722,2021-10-17 06:47:07,18400.0,200.0,1866900.0
723,2021-10-17 06:47:07,18400.0,600.0,1866700.0
724,2021-10-17 06:47:07,18400.0,300.0,1866100.0
725,2021-10-17 06:47:06,18400.0,500.0,1865800.0
726,2021-10-17 06:46:57,18400.0,300.0,1865300.0
727,2021-10-17 06:46:57,18400.0,500.0,1865000.0
728,2021-10-17 06:46:57,18400.0,400.0,1864500.0
729,2021-10-17 06:46:57,18400.0,1600.0,1864100.0
730,2021-10-17 06:46:55,18400.0,400.0,1862500.0
731,2021-10-17 06:46:55,18400.0,100.0,1862100.0
732,2021-10-17 06:46:55,18400.0,4000.0,1862000.0
733,2021-10-17 06:46:53,18400.0,100.0,1858000.0
734,2021-10-17 06:46:52,18400.0,1200.0,1857900.0
735,2021-10-17 06:46:51,18400.0,300.0,1856700.0
736,2021-10-17 06:46:51,18400.0,1100.0,1856400.0
737,2021-10-17 06:46:51,18400.0,600.0,1855300.0
738,2021-10-17 06:46:48,18350.0,800.0,1854700.0
739,2021-10-17 06:46:48,18350.0,200.0,1853900.0
740,2021-10-17 06:46:44,18400.0,1000.0,1853700.0
741,2021-10-17 06:46:34,18350.0,400.0,1852700.0
742,2021-10-17 06:46:20,18400.0,2000.0,1852300.0
743,2021-10-17 06:46:18,18400.0,4000.0,1850300.0
744,2021-10-17 06:46:09,18350.0,500.0,1846300.0
745,2021-10-17 06:45:49,18350.0,1600.0,1845800.0
746,2021-10-17 06:45:49,18350.0,100.0,1844200.0
747,2021-10-17 06:45:49,18350.0,1200.0,1844100.0
748,2021-10-17 06:45:49,18350.0,100.0,1842900.0
749,2021-10-17 06:45:49,18350.0,4000.0,1842800.0
750,2021-10-17 06:45:49,18400.0,100.0,1838800.0
751,2021-10-17 06:45:29,18400.0,100.0,1838700.0
752,2021-10-17 06:45:27,18350.0,300.0,1838600.0
753,2021-10-17 06:45:26,18400.0,100.0,1838300.0
754,2021-10-17 06:45:15,18350.0,300.0,1838200.0
755,2021-10-17 06:45:12,18350.0,400.0,1837900.0
756,2021-10-17 06:45:12,18350.0,1400.0,1837500.0
757,2021-10-17 06:44:58,18400.0,200.0,1836100.0
758,2021-10-17 06:44:57,18350.0,100.0,1835900.0
759,2021-10-17 06:44:50,18350.0,1000.0,1835800.0
760,2021-10-17 06:44:46,18350.0,500.0,1834800.0
761,2021-10-17 06:44:40,18400.0,100.0,1834300.0
762,2021-10-17 06:44:34,18400.0,2600.0,1834200.0
763,2021-10-17 06:44:24,18400.0,200.0,1831600.0
764,2021-10-17 06:44:22,18350.0,200.0,1831400.0
765,2021-10-17 06:44:19,18350.0,1800.0,1831200.0
766,2021-10-17 06:44:19,18400.0,100.0,1829400.0
767,2021-10-17 06:44:19,18400.0,400.0,1829300.0
768,2021-10-17 06:44:17,18400.0,400.0,1828900.0
769,2021-10-17 06:44:13,18400.0,1000.0,1828500.0
770,2021-10-17 06:44:10,18400.0,100.0,1827500.0
771,2021-10-17 06:44:10,18400.0,100.0,1827400.0
772,2021-10-17 06:44:09,18350.0,1000.0,1827300.0
773,2021-10-17 06:44:06,18400.0,1000.0,1826300.0
774,2021-10-17 06:44:02,18400.0,200.0,1825300.0
775,2021-10-17 06:44:02,18400.0,900.0,1825100.0
776,2021-10-17 06:44:02,18400.0,100.0,1824200.0
777,2021-10-17 06:44:02,18400.0,200.0,1824100.0
778,2021-10-17 06:43:46,18400.0,800.0,1823900.0
779,2021-10-17 06:43:46,18400.0,1000.0,1823100.0
780,2021-10-17 06:43:46,18400.0,5000.0,1822100.0
781,2021-10-17 06:43:46,18400.0,2000.0,1817100.0
782,2021-10-17 06:43:46,18400.0,200.0,1815100.0
783,2021-10-17 06:43:44,18400.0,800.0,1814900.0
784,2021-10-17 06:43:44,18400.0,1000.0,1814100.0
785,2021-10-17 06:43:44,18400.0,1000.0,1813100.0
786,2021-10-17 06:43:44,18400.0,200.0,1812100.0
787,2021-10-17 06:43:44,18400.0,1000.0,1811900.0
788,2021-10-17 06:43:35,18450.0,100.0,1810900.0
789,2021-10-17 06:43:35,18450.0,100.0,1810800.0
790,2021-10-17 06:43:35,18450.0,100.0,1810700.0
791,2021-10-17 06:43:35,18450.0,100.0,1810600.0
792,2021-10-17 06:43:35,18450.0,900.0,1810500.0
793,2021-10-17 06:43:32,18450.0,600.0,1809600.0
794,2021-10-17 06:43:32,18450.0,200.0,1809000.0
795,2021-10-17 06:43:32,18450.0,200.0,1808800.0
796,2021-10-17 06:43:32,18450.0,200.0,1808600.0
797,2021-10-17 06:43:32,18450.0,200.0,1808400.0
798,2021-10-17 06:43:32,18450.0,100.0,1808200.0
799,2021-10-17 06:43:32,18450.0,2900.0,1808100.0
800,2021-10-17 06:43:32,18500.0,400.0,1805200.0
801,2021-10-17 06:43:30,18450.0,3000.0,1804800.0
802,2021-10-17 06:43:29,18450.0,100.0,1801800.0
803,2021-10-17 06:43:28,18450.0,100.0,1801700.0
804,2021-10-17 06:43:19,18450.0,1000.0,1801600.0
805,2021-10-17 06:43:16,18450.0,2900.0,1800600.0
806,2021-10-17 06:43:16,18450.0,3100.0,1797700.0
807,2021-10-17 06:43:13,18450.0,1900.0,1794600.0
808,2021-10-17 06:43:13,18450.0,100.0,1792700.0
809,2021-10-17 06:43:07,18500.0,700.0,1792600.0
810,2021-10-17 06:43:00,18500.0,100.0,1791900.0
811,2021-10-17 06:42:51,18500.0,100.0,1791800.0
812,2021-10-17 06:42:51,18500.0,5000.0,1791700.0
813,2021-10-17 06:42:51,18500.0,1000.0,1786700.0
814,2021-10-17 06:42:51,18500.0,500.0,1785700.0
815,2021-10-17 06:42:51,18500.0,600.0,1785200.0
816,2021-10-17 06:42:51,18500.0,1000.0,1784600.0
817,2021-10-17 06:42:51,18500.0,200.0,1783600.0
818,2021-10-17 06:42:51,18500.0,1000.0,1783400.0
819,2021-10-17 06:42:49,18500.0,1000.0,1782400.0
820,2021-10-17 06:42:43,18500.0,200.0,1781400.0
821,2021-10-17 06:42:43,18500.0,100.0,1781200.0
822,2021-10-17 06:42:43,18500.0,2000.0,1781100.0
823,2021-10-17 06:42:43,18500.0,500.0,1779100.0
824,2021-10-17 06:42:43,18500.0,100.0,1778600.0
825,2021-10-17 06:42:43,18500.0,100.0,1778500.0
826,2021-10-17 06:42:43,18500.0,2000.0,1778400.0
827,2021-10-17 06:42:39,18500.0,3000.0,1776400.0
828,2021-10-17 06:42:36,18500.0,3000.0,1773400.0
829,2021-10-17 06:42:29,18500.0,1500.0,1770400.0
830,2021-10-17 06:42:27,18500.0,300.0,1768900.0
831,2021-10-17 06:42:26,18500.0,500.0,1768600.0
832,2021-10-17 06:42:25,18500.0,100.0,1768100.0
833,2021-10-17 06:42:20,18500.0,500.0,1768000.0
834,2021-10-17 06:42:18,18500.0,9000.0,1767500.0
835,2021-10-17 06:42:10,18500.0,100.0,1758500.0
836,2021-10-17 06:42:10,18500.0,2000.0,1758400.0
837,2021-10-17 06:42:10,18500.0,200.0,1756400.0
838,2021-10-17 06:42:10,18500.0,300.0,1756200.0
839,2021-10-17 06:42:10,18500.0,500.0,1755900.0
840,2021-10-17 06:42:10,18500.0,1500.0,1755400.0
841,2021-10-17 06:42:10,18500.0,200.0,1753900.0
842,2021-10-17 06:42:10,18500.0,200.0,1753700.0
843,2021-10-17 06:42:10,18500.0,200.0,1753500.0
844,2021-10-17 06:42:10,18500.0,1400.0,1753300.0
845,2021-10-17 06:41:59,18500.0,600.0,1751900.0
846,2021-10-17 06:41:59,18500.0,2100.0,1751300.0
847,2021-10-17 06:41:54,18550.0,1100.0,1749200.0
848,2021-10-17 06:41:22,18500.0,2900.0,1748100.0
849,2021-10-17 06:41:22,18500.0,200.0,1745200.0
850,2021-10-17 06:41:22,18500.0,100.0,1745000.0
851,2021-10-17 06:41:22,18500.0,800.0,1744900.0
852,2021-10-17 06:41:16,18500.0,200.0,1744100.0
853,2021-10-17 06:41:16,18500.0,100.0,1743900.0
854,2021-10-17 06:41:16,18500.0,1000.0,1743800.0
855,2021-10-17 06:41:16,18500.0,100.0,1742800.0
856,2021-10-17 06:41:16,18500.0,600.0,1742700.0
857,2021-10-17 06:41:12,18550.0,300.0,1742100.0
858,2021-10-17 06:40:55,18550.0,100.0,1741800.0
859,2021-10-17 06:40:54,18500.0,500.0,1741700.0
860,2021-10-17 06:40:48,18550.0,500.0,1741200.0
861,2021-10-17 06:40:46,18500.0,1900.0,1740700.0
862,2021-10-17 06:40:46,18500.0,100.0,1738800.0
863,2021-10-17 06:40:43,18550.0,100.0,1738700.0
864,2021-10-17 06:40:41,18550.0,1000.0,1738600.0
865,2021-10-17 06:40:31,18550.0,100.0,1737600.0
866,2021-10-17 06:40:30,18500.0,900.0,1737500.0
867,2021-10-17 06:40:30,18500.0,600.0,1736600.0
868,2021-10-17 06:40:18,18550.0,800.0,1736000.0
869,2021-10-17 06:40:14,18550.0,2000.0,1735200.0
870,2021-10-17 06:40:12,18500.0,200.0,1733200.0
871,2021-10-17 06:40:12,18500.0,200.0,1733000.0
872,2021-10-17 06:40:12,18500.0,200.0,1732800.0
873,2021-10-17 06:40:12,18500.0,300.0,1732600.0
874,2021-10-17 06:40:12,18500.0,200.0,1732300.0
875,2021-10-17 06:40:12,18500.0,100.0,1732100.0
876,2021-10-17 06:40:12,18500.0,100.0,1732000.0
877,2021-10-17 06:40:12,18500.0,100.0,1731900.0
878,2021-10-17 06:40:12,18500.0,2000.0,1731800.0
879,2021-10-17 06:40:12,18500.0,1000.0,1729800.0
880,2021-10-17 06:40:12,18500.0,500.0,1728800.0
881,2021-10-17 06:40:12,18500.0,800.0,1728300.0
882,2021-10-17 06:40:12,18500.0,500.0,1727500.0
883,2021-10-17 06:40:12,18500.0,100.0,1727000.0
884,2021-10-17 06:40:12,18500.0,300.0,1726900.0
885,2021-10-17 06:40:12,18500.0,400.0,1726600.0
886,2021-10-17 06:40:12,18500.0,200.0,1726200.0
887,2021-10-17 06:40:12,18500.0,1000.0,1726000.0
888,2021-10-17 06:40:11,18550.0,500.0,1725000.0
889,2021-10-17 06:40:09,18550.0,3500.0,1724500.0
890,2021-10-17 06:40:09,18550.0,1000.0,1721000.0
891,2021-10-17 06:40:09,18550.0,300.0,1720000.0
892,2021-10-17 06:40:09,18550.0,500.0,1719700.0
893,2021-10-17 06:40:09,18550.0,700.0,1719200.0
894,2021-10-17 06:40:09,18550.0,300.0,1718500.0
895,2021-10-17 06:40:09,18550.0,300.0,1718200.0
896,2021-10-17 06:40:09,18550.0,900.0,1717900.0
897,2021-10-17 06:40:09,18550.0,100.0,1717000.0
898,2021-10-17 06:40:09,18550.0,300.0,1716900.0
899,2021-10-17 06:40:09,18550.0,1000.0,1716600.0
900,2021-10-17 06:40:09,18550.0,1000.0,1715600.0
901,2021-10-17 06:40:09,18550.0,100.0,1714600.0
902,2021-10-17 06:40:09,18550.0,100.0,1714500.0
903,2021-10-17 06:40:09,18550.0,1000.0,1714400.0
904,2021-10-17 06:40:09,18550.0,1700.0,1713400.0
905,2021-10-17 06:40:09,18550.0,100.0,1711700.0
906,2021-10-17 06:40:09,18550.0,100.0,1711600.0
907,2021-10-17 06:40:09,18550.0,100.0,1711500.0
908,2021-10-17 06:40:09,18550.0,1000.0,1711400.0
909,2021-10-17 06:40:09,18550.0,200.0,1710400.0
910,2021-10-17 06:40:09,18550.0,200.0,1710200.0
911,2021-10-17 06:40:09,18550.0,500.0,1710000.0
912,2021-10-17 06:40:09,18550.0,100.0,1709500.0
913,2021-10-17 06:40:09,18550.0,1000.0,1709400.0
914,2021-10-17 06:40:09,18550.0,500.0,1708400.0
915,2021-10-17 06:40:09,18550.0,2000.0,1707900.0
916,2021-10-17 06:40:09,18550.0,4400.0,1705900.0
917,2021-10-17 06:40:09,18600.0,1100.0,1701500.0
918,2021-10-17 06:40:08,18600.0,100.0,1700400.0
919,2021-10-17 06:40:07,18600.0,800.0,1700300.0
920,2021-10-17 06:40:05,18550.0,200.0,1699500.0
921,2021-10-17 06:40:05,18550.0,100.0,1699300.0
922,2021-10-17 06:39:47,18600.0,100.0,1699200.0
923,2021-10-17 06:39:42,18550.0,100.0,1699100.0
924,2021-10-17 06:39:42,18550.0,100.0,1699000.0
925,2021-10-17 06:39:42,18550.0,100.0,1698900.0
926,2021-10-17 06:39:42,18550.0,100.0,1698800.0
927,2021-10-17 06:39:42,18550.0,600.0,1698700.0
928,2021-10-17 06:39:26,18550.0,400.0,1698100.0
929,2021-10-17 06:39:26,18550.0,100.0,1697700.0
930,2021-10-17 06:39:26,18550.0,1100.0,1697600.0
931,2021-10-17 06:39:26,18550.0,100.0,1696500.0
932,2021-10-17 06:39:26,18550.0,200.0,1696400.0
933,2021-10-17 06:39:26,18550.0,500.0,1696200.0
934,2021-10-17 06:39:26,18550.0,600.0,1695700.0
935,2021-10-17 06:39:26,18550.0,200.0,1695100.0
936,2021-10-17 06:39:26,18550.0,500.0,1694900.0
937,2021-10-17 06:39:26,18600.0,200.0,1694400.0
938,2021-10-17 06:39:24,18600.0,1000.0,1694200.0
939,2021-10-17 06:39:22,18600.0,800.0,1693200.0
940,2021-10-17 06:39:15,18550.0,2000.0,1692400.0
941,2021-10-17 06:39:09,18600.0,200.0,1690400.0
942,2021-10-17 06:39:09,18600.0,700.0,1690200.0
943,2021-10-17 06:39:09,18600.0,100.0,1689500.0
944,2021-10-17 06:39:01,18600.0,900.0,1689400.0
945,2021-10-17 06:39:01,18600.0,100.0,1688500.0
946,2021-10-17 06:38:47,18600.0,300.0,1688400.0
947,2021-10-17 06:38:27,18600.0,100.0,1688100.0
948,2021-10-17 06:38:27,18600.0,400.0,1688000.0
949,2021-10-17 06:38:17,18600.0,100.0,1687600.0
950,2021-10-17 06:38:16,18600.0,3000.0,1687500.0
951,2021-10-17 06:38:05,18600.0,100.0,1684500.0
952,2021-10-17 06:38:05,18600.0,900.0,1684400.0
953,2021-10-17 06:37:53,18600.0,3000.0,1683500.0
954,2021-10-17 06:37:53,18600.0,100.0,1680500.0
955,2021-10-17 06:37:53,18600.0,1000.0,1680400.0
956,2021-10-17 06:37:30,18600.0,100.0,1679400.0
957,2021-10-17 06:37:21,18600.0,100.0,1679300.0
958,2021-10-17 06:37:11,18600.0,100.0,1679200.0
959,2021-10-17 06:37:09,18600.0,100.0,1679100.0
960,2021-10-17 06:37:04,18600.0,100.0,1679000.0
961,2021-10-17 06:36:51,18600.0,100.0,1678900.0
962,2021-10-17 06:36:42,18600.0,300.0,1678800.0
963,2021-10-17 06:36:27,18600.0,100.0,1678500.0
964,2021-10-17 06:36:24,18600.0,200.0,1678400.0
965,2021-10-17 06:35:59,18600.0,1400.0,1678200.0
966,2021-10-17 06:35:59,18600.0,1100.0,1676800.0
967,2021-10-17 06:35:42,18600.0,1500.0,1675700.0
968,2021-10-17 06:35:42,18600.0,300.0,1674200.0
969,2021-10-17 06:35:42,18600.0,300.0,1673900.0
970,2021-10-17 06:35:42,18600.0,1000.0,1673600.0
971,2021-10-17 06:35:42,18600.0,100.0,1672600.0
972,2021-10-17 06:35:42,18600.0,2000.0,1672500.0
973,2021-10-17 06:35:42,18600.0,100.0,1670500.0
974,2021-10-17 06:35:42,18600.0,5000.0,1670400.0
975,2021-10-17 06:35:42,18600.0,500.0,1665400.0
976,2021-10-17 06:35:42,18600.0,1000.0,1664900.0
977,2021-10-17 06:35:42,18600.0,2000.0,1663900.0
978,2021-10-17 06:35:42,18600.0,1000.0,1661900.0
979,2021-10-17 06:35:42,18600.0,200.0,1660900.0
980,2021-10-17 06:35:42,18600.0,100.0,1660700.0
981,2021-10-17 06:35:42,18600.0,100.0,1660600.0
982,2021-10-17 06:35:42,18600.0,100.0,1660500.0
983,2021-10-17 06:35:42,18600.0,1000.0,1660400.0
984,2021-10-17 06:35:42,18600.0,100.0,1659400.0
985,2021-10-17 06:35:42,18600.0,100.0,1659300.0
986,2021-10-17 06:35:42,18600.0,1000.0,1659200.0
987,2021-10-17 06:35:42,18600.0,400.0,1658200.0
988,2021-10-17 06:35:42,18600.0,1000.0,1657800.0
989,2021-10-17 06:35:40,18650.0,2400.0,1656800.0
990,2021-10-17 06:35:40,18650.0,1000.0,1654400.0
991,2021-10-17 06:35:40,18650.0,3000.0,1653400.0
992,2021-10-17 06:35:40,18650.0,3600.0,1650400.0
993,2021-10-17 06:35:39,18650.0,300.0,1646800.0
994,2021-10-17 06:35:37,18650.0,100.0,1646500.0
995,2021-10-17 06:35:33,18650.0,1000.0,1646400.0
996,2021-10-17 06:35:28,18650.0,300.0,1645400.0
997,2021-10-17 06:35:28,18650.0,400.0,1645100.0
998,2021-10-17 06:35:28,18650.0,1000.0,1644700.0
999,2021-10-17 06:35:28,18650.0,3000.0,1643700.0
1000,2021-10-17 06:35:28,18650.0,100.0,1640700.0
1001,2021-10-17 06:35:28,18650.0,500.0,1640600.0
1002,2021-10-17 06:35:24,18700.0,600.0,1640100.0
1003,2021-10-17 06:35:20,18650.0,100.0,1639500.0
1004,2021-10-17 06:35:20,18650.0,100.0,1639400.0
1005,2021-10-17 06:34:59,18700.0,1100.0,1639300.0
1006,2021-10-17 06:34:56,18700.0,100.0,1638200.0
1007,2021-10-17 06:34:56,18700.0,800.0,1638100.0
1008,2021-10-17 06:34:49,18700.0,1100.0,1637300.0
1009,2021-10-17 06:34:42,18700.0,1600.0,1636200.0
1010,2021-10-17 06:34:42,18700.0,3000.0,1634600.0
1011,2021-10-17 06:34:42,18700.0,100.0,1631600.0
1012,2021-10-17 06:34:42,18700.0,100.0,1631500.0
1013,2021-10-17 06:34:42,18700.0,1000.0,1631400.0
1014,2021-10-17 06:34:42,18700.0,200.0,1630400.0
1015,2021-10-17 06:34:42,18700.0,100.0,1630200.0
1016,2021-10-17 06:34:42,18700.0,5000.0,1630100.0
1017,2021-10-17 06:34:20,18750.0,3900.0,1625100.0
1018,2021-10-17 06:34:20,18750.0,100.0,1621200.0
1019,2021-10-17 06:34:04,18750.0,200.0,1621100.0
1020,2021-10-17 06:34:04,18750.0,200.0,1620900.0
1021,2021-10-17 06:34:00,18750.0,600.0,1620700.0
1022,2021-10-17 06:33:49,18750.0,1600.0,1620100.0
1023,2021-10-17 06:33:49,18750.0,100.0,1618500.0
1024,2021-10-17 06:33:49,18750.0,100.0,1618400.0
1025,2021-10-17 06:33:49,18750.0,200.0,1618300.0
1026,2021-10-17 06:33:49,18750.0,200.0,1618100.0
1027,2021-10-17 06:33:46,18750.0,100.0,1617900.0
1028,2021-10-17 06:33:46,18750.0,200.0,1617800.0
1029,2021-10-17 06:33:19,18750.0,1000.0,1617600.0
1030,2021-10-17 06:33:10,18800.0,300.0,1616600.0
1031,2021-10-17 06:33:10,18800.0,200.0,1616300.0
1032,2021-10-17 06:33:10,18800.0,1000.0,1616100.0
1033,2021-10-17 06:33:10,18800.0,300.0,1615100.0
1034,2021-10-17 06:33:10,18800.0,100.0,1614800.0
1035,2021-10-17 06:33:10,18800.0,500.0,1614700.0
1036,2021-10-17 06:33:10,18800.0,100.0,1614200.0
1037,2021-10-17 06:33:10,18800.0,1000.0,1614100.0
1038,2021-10-17 06:33:10,18800.0,1000.0,1613100.0
1039,2021-10-17 06:33:10,18800.0,500.0,1612100.0
1040,2021-10-17 06:33:10,18800.0,100.0,1611600.0
1041,2021-10-17 06:33:10,18800.0,500.0,1611500.0
1042,2021-10-17 06:33:10,18800.0,100.0,1611000.0
1043,2021-10-17 06:33:10,18800.0,300.0,1610900.0
1044,2021-10-17 06:33:10,18800.0,500.0,1610600.0
1045,2021-10-17 06:33:10,18800.0,100.0,1610100.0
1046,2021-10-17 06:33:10,18800.0,700.0,1610000.0
1047,2021-10-17 06:33:10,18800.0,1500.0,1609300.0
1048,2021-10-17 06:33:10,18800.0,200.0,1607800.0
1049,2021-10-17 06:33:10,18800.0,100.0,1607600.0
1050,2021-10-17 06:33:10,18800.0,800.0,1607500.0
1051,2021-10-17 06:33:10,18800.0,1000.0,1606700.0
1052,2021-10-17 06:33:10,18800.0,100.0,1605700.0
1053,2021-10-17 06:33:10,18800.0,100.0,1605600.0
1054,2021-10-17 06:33:10,18800.0,2000.0,1605500.0
1055,2021-10-17 06:33:10,18800.0,100.0,1603500.0
1056,2021-10-17 06:33:10,18800.0,1000.0,1603400.0
1057,2021-10-17 06:33:10,18800.0,100.0,1602400.0
1058,2021-10-17 06:33:10,18800.0,100.0,1602300.0
1059,2021-10-17 06:33:10,18800.0,500.0,1602200.0
1060,2021-10-17 06:32:37,18850.0,500.0,1601700.0
1061,2021-10-17 06:32:28,18850.0,1000.0,1601200.0
1062,2021-10-17 06:32:28,18850.0,100.0,1600200.0
1063,2021-10-17 06:32:28,18850.0,14800.0,1600100.0
1064,2021-10-17 06:32:28,18850.0,44300.0,1585300.0
1065,2021-10-17 06:31:12,18900.0,300.0,1541000.0
1066,2021-10-17 06:30:54,18900.0,400.0,1540700.0
1067,2021-10-17 06:30:54,18900.0,100.0,1540300.0
1068,2021-10-17 06:30:23,18900.0,100.0,1540200.0
1069,2021-10-17 06:30:23,18900.0,500.0,1540100.0
1070,2021-10-17 06:30:23,18900.0,1000.0,1539600.0
1071,2021-10-17 06:30:23,18900.0,400.0,1538600.0
1072,2021-10-17 06:30:06,18900.0,600.0,1538200.0
1073,2021-10-17 06:29:58,18900.0,500.0,1537600.0
1074,2021-10-17 06:29:58,18900.0,1000.0,1537100.0
1075,2021-10-17 06:29:49,18900.0,400.0,1536100.0
1076,2021-10-17 06:29:41,18900.0,500.0,1535700.0
1077,2021-10-17 06:29:31,18900.0,100.0,1535200.0
1078,2021-10-17 06:29:22,18900.0,100.0,1535100.0
1079,2021-10-17 06:29:21,18950.0,100.0,1535000.0
1080,2021-10-17 06:29:13,18900.0,1600.0,1534900.0
1081,2021-10-17 06:29:13,18900.0,100.0,1533300.0
1082,2021-10-17 06:29:13,18900.0,1800.0,1533200.0
1083,2021-10-17 06:28:56,18900.0,500.0,1531400.0
1084,2021-10-17 06:28:49,18900.0,900.0,1530900.0
1085,2021-10-17 06:28:21,18900.0,500.0,1530000.0
1086,2021-10-17 06:28:09,18900.0,100.0,1529500.0
1087,2021-10-17 06:27:51,18900.0,700.0,1529400.0
1088,2021-10-17 06:27:51,18900.0,100.0,1528700.0
1089,2021-10-17 06:27:51,18900.0,2000.0,1528600.0
1090,2021-10-17 06:27:51,18900.0,2200.0,1526600.0
1091,2021-10-17 06:27:50,18900.0,100.0,1524400.0
1092,2021-10-17 06:26:41,18900.0,100.0,1524300.0
1093,2021-10-17 06:26:36,18900.0,500.0,1524200.0
1094,2021-10-17 06:26:08,18900.0,400.0,1523700.0
1095,2021-10-17 06:26:08,18900.0,200.0,1523300.0
1096,2021-10-17 06:25:37,18900.0,200.0,1523100.0
1097,2021-10-17 06:25:11,18900.0,300.0,1522900.0
1098,2021-10-17 06:24:42,18900.0,200.0,1522600.0
1099,2021-10-17 06:24:17,18900.0,700.0,1522400.0
1100,2021-10-17 06:24:02,18900.0,500.0,1521700.0
1101,2021-10-17 06:23:48,18900.0,500.0,1521200.0
1102,2021-10-17 06:23:47,18900.0,300.0,1520700.0
1103,2021-10-17 06:23:46,18900.0,200.0,1520400.0
1104,2021-10-17 06:23:46,18900.0,100.0,1520200.0
1105,2021-10-17 06:23:31,18900.0,100.0,1520100.0
1106,2021-10-17 06:23:22,18900.0,1000.0,1520000.0
1107,2021-10-17 06:22:55,18900.0,1000.0,1519000.0
1108,2021-10-17 06:21:49,18900.0,2400.0,1518000.0
1109,2021-10-17 06:21:49,18900.0,1000.0,1515600.0
1110,2021-10-17 06:21:49,18900.0,3000.0,1514600.0
1111,2021-10-17 06:21:49,18900.0,2600.0,1511600.0
1112,2021-10-17 06:21:49,18900.0,500.0,1509000.0
1113,2021-10-17 06:21:49,18900.0,1000.0,1508500.0
1114,2021-10-17 06:21:23,18900.0,100.0,1507500.0
1115,2021-10-17 06:20:45,18900.0,300.0,1507400.0
1116,2021-10-17 06:20:03,18850.0,500.0,1507100.0
1117,2021-10-17 06:20:03,18850.0,1100.0,1506600.0
1118,2021-10-17 06:20:03,18850.0,500.0,1505500.0
1119,2021-10-17 06:20:03,18850.0,1300.0,1505000.0
1120,2021-10-17 06:18:57,18850.0,100.0,1503700.0
1121,2021-10-17 06:18:34,18850.0,200.0,1503600.0
1122,2021-10-17 06:18:13,18900.0,200.0,1503400.0
1123,2021-10-17 06:18:13,18900.0,500.0,1503200.0
1124,2021-10-17 06:18:13,18900.0,300.0,1502700.0
1125,2021-10-17 06:17:47,18850.0,200.0,1502400.0
1126,2021-10-17 06:17:25,18850.0,100.0,1502200.0
1127,2021-10-17 06:17:23,18850.0,100.0,1502100.0
1128,2021-10-17 06:17:23,18850.0,500.0,1502000.0
1129,2021-10-17 06:17:23,18850.0,400.0,1501500.0
1130,2021-10-17 06:16:47,18850.0,200.0,1501100.0
1131,2021-10-17 06:16:47,18850.0,1000.0,1500900.0
1132,2021-10-17 06:16:47,18900.0,1700.0,1499900.0
1133,2021-10-17 06:16:45,18900.0,300.0,1498200.0
1134,2021-10-17 06:16:40,18850.0,500.0,1497900.0
1135,2021-10-17 06:16:40,18850.0,200.0,1497400.0
1136,2021-10-17 06:16:20,18900.0,100.0,1497200.0
1137,2021-10-17 06:16:13,18900.0,100.0,1497100.0
1138,2021-10-17 06:16:06,18900.0,1000.0,1497000.0
1139,2021-10-17 06:15:47,18900.0,500.0,1496000.0
1140,2021-10-17 06:15:46,18900.0,500.0,1495500.0
1141,2021-10-17 06:15:45,18900.0,1000.0,1495000.0
1142,2021-10-17 06:15:40,18900.0,1000.0,1494000.0
1143,2021-10-17 06:15:30,18900.0,200.0,1493000.0
1144,2021-10-17 06:15:13,18900.0,3700.0,1492800.0
1145,2021-10-17 06:15:13,18900.0,300.0,1489100.0
1146,2021-10-17 06:15:13,18900.0,200.0,1488800.0
1147,2021-10-17 06:15:13,18900.0,800.0,1488600.0
1148,2021-10-17 06:14:42,18900.0,1000.0,1487800.0
1149,2021-10-17 06:14:20,18950.0,100.0,1486800.0
1150,2021-10-17 06:14:17,18900.0,1000.0,1486700.0
1151,2021-10-17 06:14:09,18900.0,1000.0,1485700.0
1152,2021-10-17 06:14:04,18900.0,1000.0,1484700.0
1153,2021-10-17 06:14:02,18900.0,100.0,1483700.0
1154,2021-10-17 06:14:00,18900.0,1000.0,1483600.0
1155,2021-10-17 06:13:56,18900.0,300.0,1482600.0
1156,2021-10-17 06:13:56,18900.0,700.0,1482300.0
1157,2021-10-17 06:13:41,18900.0,1000.0,1481600.0
1158,2021-10-17 06:13:37,18900.0,200.0,1480600.0
1159,2021-10-17 06:13:35,18900.0,800.0,1480400.0
1160,2021-10-17 06:13:20,18900.0,300.0,1479600.0
1161,2021-10-17 06:13:15,18900.0,1100.0,1479300.0
1162,2021-10-17 06:13:05,18900.0,300.0,1478200.0
1163,2021-10-17 06:13:05,18900.0,100.0,1477900.0
1164,2021-10-17 06:13:05,18900.0,100.0,1477800.0
1165,2021-10-17 06:12:08,18900.0,1200.0,1477700.0
1166,2021-10-17 06:12:08,18900.0,500.0,1476500.0
1167,2021-10-17 06:12:08,18900.0,100.0,1476000.0
1168,2021-10-17 06:12:08,18900.0,200.0,1475900.0
1169,2021-10-17 06:11:44,18900.0,400.0,1475700.0
1170,2021-10-17 06:11:26,18900.0,2000.0,1475300.0
1171,2021-10-17 06:10:53,18900.0,2000.0,1473300.0
1172,2021-10-17 06:10:40,18900.0,30000.0,1471300.0
1173,2021-10-17 06:10:35,18900.0,1500.0,1441300.0
1174,2021-10-17 06:10:30,18900.0,1000.0,1439800.0
1175,2021-10-17 06:10:13,18900.0,100.0,1438800.0
1176,2021-10-17 06:09:58,18900.0,200.0,1438700.0
1177,2021-10-17 06:09:37,18900.0,500.0,1438500.0
1178,2021-10-17 06:09:32,18900.0,200.0,1438000.0
1179,2021-10-17 06:08:16,18900.0,300.0,1437800.0
1180,2021-10-17 06:07:55,18900.0,2000.0,1437500.0
1181,2021-10-17 06:07:55,18900.0,300.0,1435500.0
1182,2021-10-17 06:07:55,18900.0,100.0,1435200.0
1183,2021-10-17 06:07:55,18900.0,200.0,1435100.0
1184,2021-10-17 06:07:55,18900.0,300.0,1434900.0
1185,2021-10-17 06:07:55,18900.0,700.0,1434600.0
1186,2021-10-17 06:06:34,18900.0,10000.0,1433900.0
1187,2021-10-17 06:05:09,18850.0,500.0,1423900.0
1188,2021-10-17 06:03:15,18850.0,300.0,1423400.0
1189,2021-10-17 06:02:45,18850.0,100.0,1423100.0
1190,2021-10-17 06:02:18,18850.0,200.0,1423000.0
1191,2021-10-17 06:02:18,18850.0,200.0,1422800.0
1192,2021-10-17 06:02:16,18850.0,100.0,1422600.0
1193,2021-10-17 06:01:28,18850.0,2600.0,1422500.0
1194,2021-10-17 06:00:45,18850.0,2100.0,1419900.0
1195,2021-10-17 06:00:38,18850.0,300.0,1417800.0
1196,2021-10-17 06:00:24,18850.0,300.0,1417500.0
1197,2021-10-17 06:00:23,18850.0,100.0,1417200.0
1198,2021-10-17 06:00:18,18850.0,400.0,1417100.0
1199,2021-10-17 06:00:12,18850.0,500.0,1416700.0
1200,2021-10-17 06:00:12,18850.0,200.0,1416200.0
1201,2021-10-17 06:00:12,18850.0,100.0,1416000.0
1202,2021-10-17 06:00:12,18850.0,200.0,1415900.0
1203,2021-10-17 06:00:12,18850.0,200.0,1415700.0
1204,2021-10-17 06:00:12,18850.0,200.0,1415500.0
1205,2021-10-17 06:00:01,18900.0,100.0,1415300.0
1206,2021-10-17 06:00:01,18850.0,2000.0,1415200.0
1207,2021-10-17 06:00:01,18900.0,1500.0,1413200.0
1208,2021-10-17 06:00:01,18900.0,100.0,1411700.0
1209,2021-10-17 04:29:47,18900.0,100.0,1411600.0
1210,2021-10-17 04:29:32,18900.0,1500.0,1411500.0
1211,2021-10-17 04:28:03,18900.0,1000.0,1410000.0
1212,2021-10-17 04:28:03,18900.0,100.0,1409000.0
1213,2021-10-17 04:28:03,18900.0,100.0,1408900.0
1214,2021-10-17 04:28:03,18900.0,1000.0,1408800.0
1215,2021-10-17 04:27:35,18900.0,100.0,1407800.0
1216,2021-10-17 04:27:35,18900.0,2800.0,1407700.0
1217,2021-10-17 04:27:35,18900.0,100.0,1404900.0
1218,2021-10-17 04:27:35,18900.0,200.0,1404800.0
1219,2021-10-17 04:27:35,18900.0,300.0,1404600.0
1220,2021-10-17 04:27:35,18900.0,300.0,1404300.0
1221,2021-10-17 04:26:33,18900.0,2000.0,1404000.0
1222,2021-10-17 04:26:33,18900.0,1000.0,1402000.0
1223,2021-10-17 04:26:33,18900.0,100.0,1401000.0
1224,2021-10-17 04:26:33,18900.0,1900.0,1400900.0
1225,2021-10-17 04:26:32,18900.0,300.0,1399000.0
1226,2021-10-17 04:25:35,18900.0,1000.0,1398700.0
1227,2021-10-17 04:25:13,18900.0,1800.0,1397700.0
1228,2021-10-17 04:25:13,18900.0,100.0,1395900.0
1229,2021-10-17 04:25:13,18900.0,100.0,1395800.0
1230,2021-10-17 04:25:13,18900.0,1000.0,1395700.0
1231,2021-10-17 04:25:13,18900.0,100.0,1394700.0
1232,2021-10-17 04:25:13,18900.0,1600.0,1394600.0
1233,2021-10-17 04:25:13,18900.0,100.0,1393000.0
1234,2021-10-17 04:25:13,18900.0,100.0,1392900.0
1235,2021-10-17 04:25:13,18900.0,100.0,1392800.0
1236,2021-10-17 04:24:27,18950.0,2000.0,1392700.0
1237,2021-10-17 04:23:42,18900.0,500.0,1390700.0
1238,2021-10-17 04:23:09,18950.0,1000.0,1390200.0
1239,2021-10-17 04:22:48,18900.0,4400.0,1389200.0
1240,2021-10-17 04:22:48,18900.0,500.0,1384800.0
1241,2021-10-17 04:22:48,18900.0,400.0,1384300.0
1242,2021-10-17 04:22:48,18900.0,1600.0,1383900.0
1243,2021-10-17 04:22:48,18900.0,3000.0,1382300.0
1244,2021-10-17 04:22:48,18900.0,100.0,1379300.0
1245,2021-10-17 04:22:39,18950.0,100.0,1379200.0
1246,2021-10-17 04:21:59,18950.0,2000.0,1379100.0
1247,2021-10-17 04:21:39,18950.0,800.0,1377100.0
1248,2021-10-17 04:21:39,18950.0,4000.0,1376300.0
1249,2021-10-17 04:21:39,18950.0,400.0,1372300.0
1250,2021-10-17 04:21:39,18950.0,900.0,1371900.0
1251,2021-10-17 04:20:31,18950.0,100.0,1371000.0
1252,2021-10-17 04:19:41,18950.0,200.0,1370900.0
1253,2021-10-17 04:18:32,18950.0,300.0,1370700.0
1254,2021-10-17 04:18:32,18950.0,600.0,1370400.0
1255,2021-10-17 04:17:20,18950.0,1000.0,1369800.0
1256,2021-10-17 04:17:07,18950.0,300.0,1368800.0
1257,2021-10-17 04:17:07,18950.0,200.0,1368500.0
1258,2021-10-17 04:17:07,18950.0,900.0,1368300.0
1259,2021-10-17 04:17:06,18950.0,100.0,1367400.0
1260,2021-10-17 04:17:06,18950.0,700.0,1367300.0
1261,2021-10-17 04:17:00,18950.0,3000.0,1366600.0
1262,2021-10-17 04:16:18,18950.0,1800.0,1363600.0
1263,2021-10-17 04:16:18,18950.0,100.0,1361800.0
1264,2021-10-17 04:16:18,18950.0,2000.0,1361700.0
1265,2021-10-17 04:16:18,18950.0,300.0,1359700.0
1266,2021-10-17 04:16:18,18950.0,2000.0,1359400.0
1267,2021-10-17 04:16:18,18950.0,100.0,1357400.0
1268,2021-10-17 04:16:02,18950.0,300.0,1357300.0
1269,2021-10-17 04:15:59,18950.0,600.0,1357000.0
1270,2021-10-17 04:15:59,18950.0,200.0,1356400.0
1271,2021-10-17 04:15:33,18950.0,100.0,1356200.0
1272,2021-10-17 04:14:52,18950.0,1000.0,1356100.0
1273,2021-10-17 04:14:35,18950.0,100.0,1355100.0
1274,2021-10-17 04:14:13,18950.0,100.0,1355000.0
1275,2021-10-17 04:13:57,18950.0,100.0,1354900.0
1276,2021-10-17 04:11:46,18950.0,100.0,1354800.0
1277,2021-10-17 04:11:02,18950.0,100.0,1354700.0
1278,2021-10-17 04:09:00,18950.0,400.0,1354600.0
1279,2021-10-17 04:08:54,18950.0,2900.0,1354200.0
1280,2021-10-17 04:08:54,18950.0,100.0,1351300.0
1281,2021-10-17 04:08:41,18950.0,900.0,1351200.0
1282,2021-10-17 04:08:17,18950.0,100.0,1350300.0
1283,2021-10-17 04:08:17,18950.0,400.0,1350200.0
1284,2021-10-17 04:08:12,18950.0,600.0,1349800.0
1285,2021-10-17 04:08:12,18950.0,400.0,1349200.0
1286,2021-10-17 04:07:27,18950.0,400.0,1348800.0
1287,2021-10-17 04:07:20,18950.0,500.0,1348400.0
1288,2021-10-17 04:07:11,18950.0,700.0,1347900.0
1289,2021-10-17 04:07:11,18950.0,400.0,1347200.0
1290,2021-10-17 04:07:11,18950.0,300.0,1346800.0
1291,2021-10-17 04:07:03,18950.0,700.0,1346500.0
1292,2021-10-17 04:06:56,18950.0,100.0,1345800.0
1293,2021-10-17 04:06:46,18950.0,500.0,1345700.0
1294,2021-10-17 04:06:17,19000.0,5000.0,1345200.0
1295,2021-10-17 04:04:33,19000.0,100.0,1340200.0
1296,2021-10-17 04:04:28,18950.0,400.0,1340100.0
1297,2021-10-17 04:04:22,19000.0,200.0,1339700.0
1298,2021-10-17 04:04:22,19000.0,1300.0,1339500.0
1299,2021-10-17 04:03:54,19000.0,700.0,1338200.0
1300,2021-10-17 04:03:54,19000.0,100.0,1337500.0
1301,2021-10-17 04:03:54,19000.0,100.0,1337400.0
1302,2021-10-17 04:03:54,19000.0,500.0,1337300.0
1303,2021-10-17 04:03:54,19000.0,200.0,1336800.0
1304,2021-10-17 04:03:54,19000.0,400.0,1336600.0
1305,2021-10-17 04:03:52,19000.0,1500.0,1336200.0
1306,2021-10-17 04:03:43,19000.0,100.0,1334700.0
1307,2021-10-17 04:03:43,19000.0,2000.0,1334600.0
1308,2021-10-17 04:03:43,19000.0,400.0,1332600.0
1309,2021-10-17 04:03:19,19000.0,100.0,1332200.0
1310,2021-10-17 04:03:18,19000.0,500.0,1332100.0
1311,2021-10-17 04:03:18,19000.0,1500.0,1331600.0
1312,2021-10-17 04:01:52,19000.0,500.0,1330100.0
1313,2021-10-17 04:01:52,19000.0,700.0,1329600.0
1314,2021-10-17 04:01:52,19000.0,100.0,1328900.0
1315,2021-10-17 04:01:52,19000.0,700.0,1328800.0
1316,2021-10-17 04:01:52,19000.0,100.0,1328100.0
1317,2021-10-17 04:01:52,19000.0,1700.0,1328000.0
1318,2021-10-17 04:01:52,19000.0,1000.0,1326300.0
1319,2021-10-17 04:01:52,19000.0,1000.0,1325300.0
1320,2021-10-17 04:01:52,19000.0,700.0,1324300.0
1321,2021-10-17 04:01:52,19000.0,1000.0,1323600.0
1322,2021-10-17 04:01:52,19000.0,500.0,1322600.0
1323,2021-10-17 04:01:52,19000.0,500.0,1322100.0
1324,2021-10-17 04:01:52,19000.0,300.0,1321600.0
1325,2021-10-17 04:01:52,19000.0,200.0,1321300.0
1326,2021-10-17 04:01:52,19000.0,1000.0,1321100.0
1327,2021-10-17 04:01:52,19000.0,2400.0,1320100.0
1328,2021-10-17 04:01:52,19000.0,100.0,1317700.0
1329,2021-10-17 04:01:52,19000.0,1000.0,1317600.0
1330,2021-10-17 04:01:52,19000.0,500.0,1316600.0
1331,2021-10-17 04:01:52,19000.0,5000.0,1316100.0
1332,2021-10-17 04:01:52,19000.0,3000.0,1311100.0
1333,2021-10-17 04:01:52,19000.0,1500.0,1308100.0
1334,2021-10-17 04:01:52,19000.0,1000.0,1306600.0
1335,2021-10-17 04:01:36,19000.0,1100.0,1305600.0
1336,2021-10-17 04:01:36,18950.0,5900.0,1304500.0
1337,2021-10-17 04:01:17,18900.0,900.0,1298600.0
1338,2021-10-17 04:01:17,18950.0,100.0,1297700.0
1339,2021-10-17 04:01:17,18950.0,1000.0,1297600.0
1340,2021-10-17 04:01:17,18950.0,900.0,1296600.0
1341,2021-10-17 04:00:50,19000.0,200.0,1295700.0
1342,2021-10-17 04:00:43,19000.0,500.0,1295500.0
1343,2021-10-17 04:00:43,19000.0,1000.0,1295000.0
1344,2021-10-17 04:00:43,19000.0,100.0,1294000.0
1345,2021-10-17 04:00:43,19000.0,300.0,1293900.0
1346,2021-10-17 04:00:43,19000.0,1100.0,1293600.0
1347,2021-10-17 04:00:40,19000.0,800.0,1292500.0
1348,2021-10-17 04:00:20,19000.0,100.0,1291700.0
1349,2021-10-17 04:00:20,19000.0,900.0,1291600.0
1350,2021-10-17 03:59:39,19000.0,100.0,1290700.0
1351,2021-10-17 03:59:39,19000.0,1000.0,1290600.0
1352,2021-10-17 03:59:39,19000.0,800.0,1289600.0
1353,2021-10-17 03:59:39,19000.0,100.0,1288800.0
1354,2021-10-17 03:59:32,19000.0,500.0,1288700.0
1355,2021-10-17 03:59:18,19000.0,2400.0,1288200.0
1356,2021-10-17 03:59:18,19000.0,100.0,1285800.0
1357,2021-10-17 03:59:18,19000.0,1000.0,1285700.0
1358,2021-10-17 03:59:18,19000.0,1200.0,1284700.0
1359,2021-10-17 03:59:13,19000.0,300.0,1283500.0
1360,2021-10-17 03:59:01,18950.0,100.0,1283200.0
1361,2021-10-17 03:58:55,19000.0,500.0,1283100.0
1362,2021-10-17 03:58:55,19000.0,200.0,1282600.0
1363,2021-10-17 03:58:55,19000.0,100.0,1282400.0
1364,2021-10-17 03:58:17,18950.0,1000.0,1282300.0
1365,2021-10-17 03:57:51,18950.0,2500.0,1281300.0
1366,2021-10-17 03:57:11,18950.0,1000.0,1278800.0
1367,2021-10-17 03:57:11,18950.0,500.0,1277800.0
1368,2021-10-17 03:57:11,18950.0,500.0,1277300.0
1369,2021-10-17 03:56:33,18950.0,2000.0,1276800.0
1370,2021-10-17 03:56:29,18950.0,1600.0,1274800.0
1371,2021-10-17 03:56:17,18950.0,5900.0,1273200.0
1372,2021-10-17 03:56:17,18950.0,2100.0,1267300.0
1373,2021-10-17 03:55:38,18950.0,17900.0,1265200.0
1374,2021-10-17 03:55:38,18950.0,1400.0,1247300.0
1375,2021-10-17 03:55:32,18950.0,200.0,1245900.0
1376,2021-10-17 03:55:19,18950.0,300.0,1245700.0
1377,2021-10-17 03:53:36,18950.0,100.0,1245400.0
1378,2021-10-17 03:53:24,18950.0,400.0,1245300.0
1379,2021-10-17 03:53:24,18950.0,1600.0,1244900.0
1380,2021-10-17 03:53:20,18950.0,400.0,1243300.0
1381,2021-10-17 03:53:08,18950.0,1500.0,1242900.0
1382,2021-10-17 03:53:08,18950.0,500.0,1241400.0
1383,2021-10-17 03:52:59,18950.0,400.0,1240900.0
1384,2021-10-17 03:52:46,18950.0,2000.0,1240500.0
1385,2021-10-17 03:52:46,18950.0,100.0,1238500.0
1386,2021-10-17 03:52:44,18950.0,100.0,1238400.0
1387,2021-10-17 03:52:32,18950.0,300.0,1238300.0
1388,2021-10-17 03:52:32,18950.0,200.0,1238000.0
1389,2021-10-17 03:52:23,18950.0,100.0,1237800.0
1390,2021-10-17 03:51:54,18950.0,1300.0,1237700.0
1391,2021-10-17 03:51:34,18950.0,200.0,1236400.0
1392,2021-10-17 03:51:34,18950.0,300.0,1236200.0
1393,2021-10-17 03:51:27,18950.0,5700.0,1235900.0
1394,2021-10-17 03:50:54,18950.0,1000.0,1230200.0
1395,2021-10-17 03:50:30,18950.0,3100.0,1229200.0
1396,2021-10-17 03:49:52,18950.0,300.0,1226100.0
1397,2021-10-17 03:47:49,18950.0,100.0,1225800.0
1398,2021-10-17 03:47:43,18950.0,1500.0,1225700.0
1399,2021-10-17 03:47:43,18950.0,500.0,1224200.0
1400,2021-10-17 03:47:43,18950.0,2500.0,1223700.0
1401,2021-10-17 03:47:43,18950.0,500.0,1221200.0
1402,2021-10-17 03:47:43,18950.0,500.0,1220700.0
1403,2021-10-17 03:47:41,18900.0,100.0,1220200.0
1404,2021-10-17 03:47:39,18900.0,100.0,1220100.0
1405,2021-10-17 03:47:16,18900.0,100.0,1220000.0
1406,2021-10-17 03:47:06,18900.0,100.0,1219900.0
1407,2021-10-17 03:47:00,18900.0,300.0,1219800.0
1408,2021-10-17 03:46:55,18900.0,3000.0,1219500.0
1409,2021-10-17 03:44:32,18900.0,100.0,1216500.0
1410,2021-10-17 03:43:48,18900.0,700.0,1216400.0
1411,2021-10-17 03:43:31,18900.0,200.0,1215700.0
1412,2021-10-17 03:43:22,18900.0,100.0,1215500.0
1413,2021-10-17 03:42:55,18900.0,200.0,1215400.0
1414,2021-10-17 03:42:40,18900.0,100.0,1215200.0
1415,2021-10-17 03:42:40,18900.0,200.0,1215100.0
1416,2021-10-17 03:42:26,18900.0,800.0,1214900.0
1417,2021-10-17 03:42:10,18900.0,7100.0,1214100.0
1418,2021-10-17 03:42:10,18900.0,2000.0,1207000.0
1419,2021-10-17 03:42:10,18900.0,200.0,1205000.0
1420,2021-10-17 03:42:10,18900.0,100.0,1204800.0
1421,2021-10-17 03:42:10,18900.0,600.0,1204700.0
1422,2021-10-17 03:41:51,18900.0,500.0,1204100.0
1423,2021-10-17 03:41:37,18900.0,900.0,1203600.0
1424,2021-10-17 03:41:37,18900.0,1000.0,1202700.0
1425,2021-10-17 03:41:37,18900.0,800.0,1201700.0
1426,2021-10-17 03:41:37,18900.0,200.0,1200900.0
1427,2021-10-17 03:41:35,18900.0,800.0,1200700.0
1428,2021-10-17 03:41:25,18900.0,500.0,1199900.0
1429,2021-10-17 03:41:25,18900.0,5000.0,1199400.0
1430,2021-10-17 03:41:25,18900.0,1000.0,1194400.0
1431,2021-10-17 03:41:25,18900.0,100.0,1193400.0
1432,2021-10-17 03:41:25,18900.0,2500.0,1193300.0
1433,2021-10-17 03:41:15,18900.0,100.0,1190800.0
1434,2021-10-17 03:39:10,18850.0,100.0,1190700.0
1435,2021-10-17 03:38:59,18850.0,5000.0,1190600.0
1436,2021-10-17 03:38:59,18850.0,800.0,1185600.0
1437,2021-10-17 03:38:52,18850.0,500.0,1184800.0
1438,2021-10-17 03:38:28,18850.0,500.0,1184300.0
1439,2021-10-17 03:38:12,18850.0,500.0,1183800.0
1440,2021-10-17 03:38:08,18850.0,300.0,1183300.0
1441,2021-10-17 03:38:08,18850.0,1000.0,1183000.0
1442,2021-10-17 03:38:08,18850.0,500.0,1182000.0
1443,2021-10-17 03:38:08,18850.0,800.0,1181500.0
1444,2021-10-17 03:38:06,18900.0,2400.0,1180700.0
1445,2021-10-17 03:38:06,18900.0,300.0,1178300.0
1446,2021-10-17 03:38:06,18900.0,200.0,1178000.0
1447,2021-10-17 03:37:06,18850.0,1200.0,1177800.0
1448,2021-10-17 03:35:53,18850.0,5000.0,1176600.0
1449,2021-10-17 03:35:53,18850.0,500.0,1171600.0
1450,2021-10-17 03:35:53,18850.0,500.0,1171100.0
1451,2021-10-17 03:34:28,18900.0,200.0,1170600.0
1452,2021-10-17 03:33:36,18800.0,500.0,1170400.0
1453,2021-10-17 03:33:36,18800.0,1000.0,1169900.0
1454,2021-10-17 03:33:36,18800.0,500.0,1168900.0
1455,2021-10-17 03:33:36,18800.0,400.0,1168400.0
1456,2021-10-17 03:33:36,18800.0,300.0,1168000.0
1457,2021-10-17 03:33:36,18850.0,100.0,1167700.0
1458,2021-10-17 03:33:36,18850.0,200.0,1167600.0
1459,2021-10-17 03:32:54,18850.0,100.0,1167400.0
1460,2021-10-17 03:32:54,18850.0,400.0,1167300.0
1461,2021-10-17 03:32:27,18850.0,300.0,1166900.0
1462,2021-10-17 03:31:34,18850.0,200.0,1166600.0
1463,2021-10-17 03:31:27,18850.0,1000.0,1166400.0
1464,2021-10-17 03:31:15,18850.0,100.0,1165400.0
1465,2021-10-17 03:31:15,18850.0,900.0,1165300.0
1466,2021-10-17 03:31:06,18850.0,100.0,1164400.0
1467,2021-10-17 03:30:47,18900.0,100.0,1164300.0
1468,2021-10-17 03:30:23,18900.0,500.0,1164200.0
1469,2021-10-17 03:29:54,18850.0,1000.0,1163700.0
1470,2021-10-17 03:29:22,18850.0,700.0,1162700.0
1471,2021-10-17 03:28:31,18850.0,1000.0,1162000.0
1472,2021-10-17 03:28:23,18850.0,1900.0,1161000.0
1473,2021-10-17 03:28:20,18850.0,5400.0,1159100.0
1474,2021-10-17 03:27:59,18850.0,100.0,1153700.0
1475,2021-10-17 03:27:59,18850.0,200.0,1153600.0
1476,2021-10-17 03:27:59,18850.0,500.0,1153400.0
1477,2021-10-17 03:27:59,18850.0,300.0,1152900.0
1478,2021-10-17 03:27:59,18850.0,700.0,1152600.0
1479,2021-10-17 03:27:59,18850.0,1000.0,1151900.0
1480,2021-10-17 03:27:59,18850.0,200.0,1150900.0
1481,2021-10-17 03:27:59,18850.0,100.0,1150700.0
1482,2021-10-17 03:27:59,18850.0,300.0,1150600.0
1483,2021-10-17 03:27:59,18850.0,1000.0,1150300.0
1484,2021-10-17 03:27:59,18850.0,200.0,1149300.0
1485,2021-10-17 03:27:11,18850.0,100.0,1149100.0
1486,2021-10-17 03:26:28,18900.0,4000.0,1149000.0
1487,2021-10-17 03:26:28,18900.0,1000.0,1145000.0
1488,2021-10-17 03:26:28,18900.0,600.0,1144000.0
1489,2021-10-17 03:26:28,18900.0,2300.0,1143400.0
1490,2021-10-17 03:26:13,18900.0,200.0,1141100.0
1491,2021-10-17 03:26:13,18900.0,200.0,1140900.0
1492,2021-10-17 03:25:52,18900.0,100.0,1140700.0
1493,2021-10-17 03:25:32,18900.0,200.0,1140600.0
1494,2021-10-17 03:25:32,18900.0,100.0,1140400.0
1495,2021-10-17 03:24:29,18900.0,100.0,1140300.0
1496,2021-10-17 03:24:29,18900.0,700.0,1140200.0
1497,2021-10-17 03:23:10,18900.0,200.0,1139500.0
1498,2021-10-17 03:22:19,18900.0,200.0,1139300.0
1499,2021-10-17 03:22:13,18900.0,400.0,1139100.0
1500,2021-10-17 03:21:42,18900.0,100.0,1138700.0
1501,2021-10-17 03:21:06,18900.0,100.0,1138600.0
1502,2021-10-17 03:21:01,18900.0,100.0,1138500.0
1503,2021-10-17 03:21:01,18900.0,100.0,1138400.0
1504,2021-10-17 03:21:01,18900.0,400.0,1138300.0
1505,2021-10-17 03:20:28,18900.0,100.0,1137900.0
1506,2021-10-17 03:20:28,18900.0,1000.0,1137800.0
1507,2021-10-17 03:20:28,18900.0,1000.0,1136800.0
1508,2021-10-17 03:20:28,18850.0,800.0,1135800.0
1509,2021-10-17 03:20:20,18850.0,100.0,1135000.0
1510,2021-10-17 03:19:38,18850.0,100.0,1134900.0
1511,2021-10-17 03:19:32,18800.0,300.0,1134800.0
1512,2021-10-17 03:19:30,18800.0,100.0,1134500.0
1513,2021-10-17 03:19:22,18800.0,100.0,1134400.0
1514,2021-10-17 03:19:21,18800.0,100.0,1134300.0
1515,2021-10-17 03:19:20,18800.0,200.0,1134200.0
1516,2021-10-17 03:19:19,18800.0,1000.0,1134000.0
1517,2021-10-17 03:19:13,18800.0,100.0,1133000.0
1518,2021-10-17 03:19:04,18800.0,1500.0,1132900.0
1519,2021-10-17 03:18:55,18800.0,1000.0,1131400.0
1520,2021-10-17 03:18:54,18750.0,500.0,1130400.0
1521,2021-10-17 03:18:53,18800.0,200.0,1129900.0
1522,2021-10-17 03:18:52,18800.0,400.0,1129700.0
1523,2021-10-17 03:18:50,18800.0,1000.0,1129300.0
1524,2021-10-17 03:18:50,18800.0,400.0,1128300.0
1525,2021-10-17 03:18:50,18800.0,1000.0,1127900.0
1526,2021-10-17 03:18:50,18800.0,500.0,1126900.0
1527,2021-10-17 03:18:50,18800.0,100.0,1126400.0
1528,2021-10-17 03:18:26,18750.0,100.0,1126300.0
1529,2021-10-17 03:18:24,18750.0,100.0,1126200.0
1530,2021-10-17 03:18:23,18750.0,1400.0,1126100.0
1531,2021-10-17 03:18:23,18750.0,500.0,1124700.0
1532,2021-10-17 03:18:20,18750.0,100.0,1124200.0
1533,2021-10-17 03:18:20,18750.0,400.0,1124100.0
1534,2021-10-17 03:18:17,18750.0,500.0,1123700.0
1535,2021-10-17 03:18:13,18750.0,1100.0,1123200.0
1536,2021-10-17 03:18:13,18750.0,1500.0,1122100.0
1537,2021-10-17 03:18:13,18750.0,2400.0,1120600.0
1538,2021-10-17 03:18:05,18750.0,100.0,1118200.0
1539,2021-10-17 03:18:00,18750.0,100.0,1118100.0
1540,2021-10-17 03:17:59,18750.0,100.0,1118000.0
1541,2021-10-17 03:17:42,18750.0,300.0,1117900.0
1542,2021-10-17 03:17:28,18700.0,500.0,1117600.0
1543,2021-10-17 03:17:14,18700.0,4800.0,1117100.0
1544,2021-10-17 03:17:07,18650.0,900.0,1112300.0
1545,2021-10-17 03:17:07,18650.0,1600.0,1111400.0
1546,2021-10-17 03:16:55,18700.0,200.0,1109800.0
1547,2021-10-17 03:16:37,18650.0,3400.0,1109600.0
1548,2021-10-17 03:16:37,18650.0,700.0,1106200.0
1549,2021-10-17 03:16:37,18700.0,900.0,1105500.0
1550,2021-10-17 03:16:27,18700.0,100.0,1104600.0
1551,2021-10-17 03:16:27,18700.0,2000.0,1104500.0
1552,2021-10-17 03:15:57,18650.0,300.0,1102500.0
1553,2021-10-17 03:15:50,18650.0,100.0,1102200.0
1554,2021-10-17 03:15:50,18650.0,100.0,1102100.0
1555,2021-10-17 03:15:50,18650.0,100.0,1102000.0
1556,2021-10-17 03:15:50,18650.0,1300.0,1101900.0
1557,2021-10-17 03:15:50,18650.0,100.0,1100600.0
1558,2021-10-17 03:15:50,18650.0,600.0,1100500.0
1559,2021-10-17 03:15:50,18650.0,500.0,1099900.0
1560,2021-10-17 03:15:50,18650.0,2000.0,1099400.0
1561,2021-10-17 03:15:50,18650.0,1900.0,1097400.0
1562,2021-10-17 03:14:49,18650.0,1100.0,1095500.0
1563,2021-10-17 03:14:49,18650.0,100.0,1094400.0
1564,2021-10-17 03:14:49,18650.0,200.0,1094300.0
1565,2021-10-17 03:14:49,18650.0,100.0,1094100.0
1566,2021-10-17 03:14:49,18650.0,1000.0,1094000.0
1567,2021-10-17 03:14:49,18650.0,1000.0,1093000.0
1568,2021-10-17 03:14:49,18650.0,1000.0,1092000.0
1569,2021-10-17 03:14:49,18700.0,100.0,1091000.0
1570,2021-10-17 03:14:49,18700.0,200.0,1090900.0
1571,2021-10-17 03:14:49,18700.0,200.0,1090700.0
1572,2021-10-17 03:14:44,18700.0,200.0,1090500.0
1573,2021-10-17 03:14:42,18700.0,100.0,1090300.0
1574,2021-10-17 03:14:34,18700.0,200.0,1090200.0
1575,2021-10-17 03:14:34,18700.0,500.0,1090000.0
1576,2021-10-17 03:14:34,18700.0,200.0,1089500.0
1577,2021-10-17 03:14:34,18700.0,1200.0,1089300.0
1578,2021-10-17 03:14:34,18700.0,500.0,1088100.0
1579,2021-10-17 03:14:34,18700.0,1900.0,1087600.0
1580,2021-10-17 03:14:34,18700.0,100.0,1085700.0
1581,2021-10-17 03:14:34,18700.0,500.0,1085600.0
1582,2021-10-17 03:14:34,18700.0,200.0,1085100.0
1583,2021-10-17 03:14:34,18700.0,100.0,1084900.0
1584,2021-10-17 03:14:34,18700.0,100.0,1084800.0
1585,2021-10-17 03:14:24,18700.0,100.0,1084700.0
1586,2021-10-17 03:14:15,18700.0,100.0,1084600.0
1587,2021-10-17 03:13:53,18700.0,200.0,1084500.0
1588,2021-10-17 03:13:53,18700.0,400.0,1084300.0
1589,2021-10-17 03:13:53,18700.0,100.0,1083900.0
1590,2021-10-17 03:13:35,18700.0,300.0,1083800.0
1591,2021-10-17 03:13:21,18700.0,200.0,1083500.0
1592,2021-10-17 03:12:51,18700.0,200.0,1083300.0
1593,2021-10-17 03:12:50,18700.0,100.0,1083100.0
1594,2021-10-17 03:12:40,18700.0,100.0,1083000.0
1595,2021-10-17 03:12:40,18700.0,100.0,1082900.0
1596,2021-10-17 03:12:37,18700.0,300.0,1082800.0
1597,2021-10-17 03:12:36,18700.0,300.0,1082500.0
1598,2021-10-17 03:12:36,18700.0,100.0,1082200.0
1599,2021-10-17 03:12:34,18650.0,100.0,1082100.0
1600,2021-10-17 03:12:34,18650.0,500.0,1082000.0
1601,2021-10-17 03:12:34,18650.0,1400.0,1081500.0
1602,2021-10-17 03:12:33,18650.0,600.0,1080100.0
1603,2021-10-17 03:12:33,18650.0,400.0,1079500.0
1604,2021-10-17 03:12:26,18700.0,100.0,1079100.0
1605,2021-10-17 03:12:14,18700.0,2000.0,1079000.0
1606,2021-10-17 03:12:14,18700.0,300.0,1077000.0
1607,2021-10-17 03:12:14,18700.0,100.0,1076700.0
1608,2021-10-17 03:12:14,18700.0,500.0,1076600.0
1609,2021-10-17 03:12:12,18700.0,200.0,1076100.0
1610,2021-10-17 03:12:07,18700.0,200.0,1075900.0
1611,2021-10-17 03:12:07,18700.0,1000.0,1075700.0
1612,2021-10-17 03:12:07,18700.0,100.0,1074700.0
1613,2021-10-17 03:12:07,18700.0,100.0,1074600.0
1614,2021-10-17 03:12:07,18700.0,200.0,1074500.0
1615,2021-10-17 03:12:07,18700.0,100.0,1074300.0
1616,2021-10-17 03:12:07,18700.0,100.0,1074200.0
1617,2021-10-17 03:12:07,18700.0,100.0,1074100.0
1618,2021-10-17 03:12:07,18700.0,100.0,1074000.0
1619,2021-10-17 03:12:07,18700.0,400.0,1073900.0
1620,2021-10-17 03:12:04,18700.0,100.0,1073500.0
1621,2021-10-17 03:12:01,18700.0,1000.0,1073400.0
1622,2021-10-17 03:11:46,18750.0,100.0,1072400.0
1623,2021-10-17 03:11:46,18750.0,800.0,1072300.0
1624,2021-10-17 03:11:46,18750.0,3700.0,1071500.0
1625,2021-10-17 03:11:44,18750.0,100.0,1067800.0
1626,2021-10-17 03:11:44,18750.0,1000.0,1067700.0
1627,2021-10-17 03:11:44,18750.0,500.0,1066700.0
1628,2021-10-17 03:11:44,18750.0,1000.0,1066200.0
1629,2021-10-17 03:11:44,18750.0,400.0,1065200.0
1630,2021-10-17 03:11:14,18750.0,600.0,1064800.0
1631,2021-10-17 03:11:14,18750.0,100.0,1064200.0
1632,2021-10-17 03:11:14,18750.0,500.0,1064100.0
1633,2021-10-17 03:11:14,18750.0,100.0,1063600.0
1634,2021-10-17 03:11:14,18750.0,1900.0,1063500.0
1635,2021-10-17 03:10:56,18750.0,1000.0,1061600.0
1636,2021-10-17 03:10:28,18750.0,100.0,1060600.0
1637,2021-10-17 03:10:28,18750.0,100.0,1060500.0
1638,2021-10-17 03:10:23,18800.0,200.0,1060400.0
1639,2021-10-17 03:10:17,18800.0,100.0,1060200.0
1640,2021-10-17 03:10:12,18800.0,100.0,1060100.0
1641,2021-10-17 03:10:03,18800.0,100.0,1060000.0
1642,2021-10-17 03:09:44,18800.0,300.0,1059900.0
1643,2021-10-17 03:09:44,18800.0,100.0,1059600.0
1644,2021-10-17 03:09:44,18800.0,700.0,1059500.0
1645,2021-10-17 03:09:44,18800.0,200.0,1058800.0
1646,2021-10-17 03:09:44,18800.0,400.0,1058600.0
1647,2021-10-17 03:09:44,18800.0,400.0,1058200.0
1648,2021-10-17 03:09:44,18800.0,300.0,1057800.0
1649,2021-10-17 03:09:44,18800.0,200.0,1057500.0
1650,2021-10-17 03:09:44,18800.0,500.0,1057300.0
1651,2021-10-17 03:09:44,18800.0,100.0,1056800.0
1652,2021-10-17 03:09:44,18800.0,100.0,1056700.0
1653,2021-10-17 03:09:44,18800.0,15000.0,1056600.0
1654,2021-10-17 03:09:44,18800.0,100.0,1041600.0
1655,2021-10-17 03:09:44,18800.0,100.0,1041500.0
1656,2021-10-17 03:09:44,18800.0,300.0,1041400.0
1657,2021-10-17 03:09:44,18800.0,100.0,1041100.0
1658,2021-10-17 03:09:44,18800.0,100.0,1041000.0
1659,2021-10-17 03:09:44,18800.0,400.0,1040900.0
1660,2021-10-17 03:09:41,18800.0,600.0,1040500.0
1661,2021-10-17 03:09:32,18800.0,2900.0,1039900.0
1662,2021-10-17 03:09:25,18850.0,200.0,1037000.0
1663,2021-10-17 03:09:25,18800.0,100.0,1036800.0
1664,2021-10-17 03:09:24,18800.0,500.0,1036700.0
1665,2021-10-17 03:09:15,18800.0,500.0,1036200.0
1666,2021-10-17 03:09:15,18800.0,100.0,1035700.0
1667,2021-10-17 03:09:15,18800.0,100.0,1035600.0
1668,2021-10-17 03:09:15,18800.0,100.0,1035500.0
1669,2021-10-17 03:09:15,18800.0,200.0,1035400.0
1670,2021-10-17 03:09:15,18800.0,100.0,1035200.0
1671,2021-10-17 03:09:15,18800.0,700.0,1035100.0
1672,2021-10-17 03:09:15,18800.0,100.0,1034400.0
1673,2021-10-17 03:09:15,18800.0,100.0,1034300.0
1674,2021-10-17 03:09:15,18800.0,1000.0,1034200.0
1675,2021-10-17 03:09:15,18800.0,3000.0,1033200.0
1676,2021-10-17 03:09:15,18800.0,500.0,1030200.0
1677,2021-10-17 03:09:15,18800.0,100.0,1029700.0
1678,2021-10-17 03:09:15,18800.0,2200.0,1029600.0
1679,2021-10-17 03:09:15,18800.0,500.0,1027400.0
1680,2021-10-17 03:09:15,18800.0,300.0,1026900.0
1681,2021-10-17 03:09:15,18800.0,1000.0,1026600.0
1682,2021-10-17 03:09:15,18800.0,2200.0,1025600.0
1683,2021-10-17 03:09:15,18800.0,1000.0,1023400.0
1684,2021-10-17 03:09:15,18800.0,100.0,1022400.0
1685,2021-10-17 03:09:15,18800.0,200.0,1022300.0
1686,2021-10-17 03:09:15,18800.0,100.0,1022100.0
1687,2021-10-17 03:09:15,18850.0,100.0,1022000.0
1688,2021-10-17 03:09:13,18800.0,100.0,1021900.0
1689,2021-10-17 03:08:56,18850.0,100.0,1021800.0
1690,2021-10-17 03:08:45,18800.0,100.0,1021700.0
1691,2021-10-17 03:08:45,18800.0,100.0,1021600.0
1692,2021-10-17 03:08:22,18800.0,900.0,1021500.0
1693,2021-10-17 03:08:22,18800.0,100.0,1020600.0
1694,2021-10-17 03:08:22,18800.0,100.0,1020500.0
1695,2021-10-17 03:08:22,18800.0,100.0,1020400.0
1696,2021-10-17 03:08:22,18800.0,100.0,1020300.0
1697,2021-10-17 03:08:22,18800.0,100.0,1020200.0
1698,2021-10-17 03:08:22,18800.0,100.0,1020100.0
1699,2021-10-17 03:08:22,18850.0,100.0,1020000.0
1700,2021-10-17 03:08:22,18850.0,200.0,1019900.0
1701,2021-10-17 03:08:17,18850.0,500.0,1019700.0
1702,2021-10-17 03:07:49,18850.0,200.0,1019200.0
1703,2021-10-17 03:07:40,18850.0,100.0,1019000.0
1704,2021-10-17 03:07:31,18850.0,1000.0,1018900.0
1705,2021-10-17 03:07:31,18850.0,500.0,1017900.0
1706,2021-10-17 03:07:31,18850.0,900.0,1017400.0
1707,2021-10-17 03:07:31,18850.0,200.0,1016500.0
1708,2021-10-17 03:07:26,18850.0,800.0,1016300.0
1709,2021-10-17 03:07:26,18850.0,1000.0,1015500.0
1710,2021-10-17 03:07:26,18850.0,100.0,1014500.0
1711,2021-10-17 03:07:26,18850.0,100.0,1014400.0
1712,2021-10-17 03:07:22,18850.0,100.0,1014300.0
1713,2021-10-17 03:07:22,18850.0,300.0,1014200.0
1714,2021-10-17 03:07:22,18850.0,200.0,1013900.0
1715,2021-10-17 03:07:22,18850.0,400.0,1013700.0
1716,2021-10-17 03:07:03,18850.0,100.0,1013300.0
1717,2021-10-17 03:07:03,18850.0,200.0,1013200.0
1718,2021-10-17 03:07:03,18850.0,1000.0,1013000.0
1719,2021-10-17 03:07:03,18850.0,100.0,1012000.0
1720,2021-10-17 03:07:03,18850.0,200.0,1011900.0
1721,2021-10-17 03:06:49,18850.0,800.0,1011700.0
1722,2021-10-17 03:06:49,18850.0,100.0,1010900.0
1723,2021-10-17 03:06:49,18850.0,100.0,1010800.0
1724,2021-10-17 03:06:40,18850.0,500.0,1010700.0
1725,2021-10-17 03:06:23,18850.0,400.0,1010200.0
1726,2021-10-17 03:06:23,18850.0,100.0,1009800.0
1727,2021-10-17 03:06:15,18850.0,600.0,1009700.0
1728,2021-10-17 03:06:07,18850.0,300.0,1009100.0
1729,2021-10-17 03:05:39,18900.0,300.0,1008800.0
1730,2021-10-17 03:05:39,18900.0,200.0,1008500.0
1731,2021-10-17 03:05:39,18900.0,100.0,1008300.0
1732,2021-10-17 03:05:39,18900.0,700.0,1008200.0
1733,2021-10-17 03:05:39,18900.0,100.0,1007500.0
1734,2021-10-17 03:05:39,18900.0,1000.0,1007400.0
1735,2021-10-17 03:05:39,18900.0,1000.0,1006400.0
1736,2021-10-17 03:05:39,18900.0,200.0,1005400.0
1737,2021-10-17 03:05:39,18900.0,200.0,1005200.0
1738,2021-10-17 03:05:39,18900.0,500.0,1005000.0
1739,2021-10-17 03:05:39,18900.0,1000.0,1004500.0
1740,2021-10-17 03:05:39,18900.0,300.0,1003500.0
1741,2021-10-17 03:05:39,18900.0,100.0,1003200.0
1742,2021-10-17 03:05:39,18900.0,100.0,1003100.0
1743,2021-10-17 03:05:39,18900.0,600.0,1003000.0
1744,2021-10-17 03:05:39,18900.0,1000.0,1002400.0
1745,2021-10-17 03:05:32,18950.0,100.0,1001400.0
1746,2021-10-17 03:05:29,18900.0,100.0,1001300.0
1747,2021-10-17 03:04:59,18900.0,100.0,1001200.0
1748,2021-10-17 03:04:59,18900.0,100.0,1001100.0
1749,2021-10-17 03:04:28,18950.0,1000.0,1001000.0
1750,2021-10-17 03:04:28,18950.0,200.0,1000000.0
1751,2021-10-17 03:04:28,18950.0,500.0,999800.0
1752,2021-10-17 03:04:28,18950.0,200.0,999300.0
1753,2021-10-17 03:04:28,18950.0,300.0,999100.0
1754,2021-10-17 03:04:28,18950.0,500.0,998800.0
1755,2021-10-17 03:04:28,18950.0,1000.0,998300.0
1756,2021-10-17 03:04:28,18950.0,200.0,997300.0
1757,2021-10-17 03:04:28,18950.0,900.0,997100.0
1758,2021-10-17 03:04:19,18950.0,2700.0,996200.0
1759,2021-10-17 03:04:19,18950.0,100.0,993500.0
1760,2021-10-17 03:04:19,18950.0,500.0,993400.0
1761,2021-10-17 03:04:19,18950.0,500.0,992900.0
1762,2021-10-17 03:04:19,18950.0,300.0,992400.0
1763,2021-10-17 03:04:19,18950.0,100.0,992100.0
1764,2021-10-17 03:04:19,18950.0,200.0,992000.0
1765,2021-10-17 03:04:11,18950.0,2000.0,991800.0
1766,2021-10-17 03:04:04,18950.0,100.0,989800.0
1767,2021-10-17 03:04:04,18950.0,1100.0,989700.0
1768,2021-10-17 03:03:47,19000.0,200.0,988600.0
1769,2021-10-17 03:03:47,19000.0,800.0,988400.0
1770,2021-10-17 03:03:37,19000.0,500.0,987600.0
1771,2021-10-17 03:03:20,19000.0,300.0,987100.0
1772,2021-10-17 03:03:19,19000.0,100.0,986800.0
1773,2021-10-17 03:02:24,19000.0,2000.0,986700.0
1774,2021-10-17 03:02:24,19000.0,600.0,984700.0
1775,2021-10-17 03:01:41,19000.0,100.0,984100.0
1776,2021-10-17 03:01:30,19000.0,400.0,984000.0
1777,2021-10-17 03:01:25,19000.0,100.0,983600.0
1778,2021-10-17 03:01:25,19000.0,200.0,983500.0
1779,2021-10-17 03:01:12,19000.0,600.0,983300.0
1780,2021-10-17 03:01:12,19000.0,200.0,982700.0
1781,2021-10-17 03:01:12,19000.0,400.0,982500.0
1782,2021-10-17 03:01:05,19000.0,500.0,982100.0
1783,2021-10-17 03:00:58,19000.0,100.0,981600.0
1784,2021-10-17 03:00:58,19000.0,100.0,981500.0
1785,2021-10-17 03:00:58,19000.0,100.0,981400.0
1786,2021-10-17 03:00:41,18950.0,500.0,981300.0
1787,2021-10-17 03:00:36,19000.0,100.0,980800.0
1788,2021-10-17 03:00:28,18950.0,200.0,980700.0
1789,2021-10-17 03:00:13,19000.0,100.0,980500.0
1790,2021-10-17 03:00:13,19000.0,500.0,980400.0
1791,2021-10-17 03:00:13,19000.0,400.0,979900.0
1792,2021-10-17 03:00:04,19000.0,100.0,979500.0
1793,2021-10-17 02:59:54,19000.0,500.0,979400.0
1794,2021-10-17 02:59:51,19000.0,1000.0,978900.0
1795,2021-10-17 02:59:24,19000.0,200.0,977900.0
1796,2021-10-17 02:59:23,19000.0,1000.0,977700.0
1797,2021-10-17 02:58:58,19000.0,600.0,976700.0
1798,2021-10-17 02:58:58,19000.0,400.0,976100.0
1799,2021-10-17 02:58:38,19000.0,100.0,975700.0
1800,2021-10-17 02:58:38,19000.0,100.0,975600.0
1801,2021-10-17 02:58:38,19000.0,200.0,975500.0
1802,2021-10-17 02:58:09,18950.0,1000.0,975300.0
1803,2021-10-17 02:58:03,19000.0,300.0,974300.0
1804,2021-10-17 02:57:56,19000.0,100.0,974000.0
1805,2021-10-17 02:57:56,19000.0,1000.0,973900.0
1806,2021-10-17 02:57:56,19000.0,900.0,972900.0
1807,2021-10-17 02:57:40,19000.0,100.0,972000.0
1808,2021-10-17 02:57:40,19000.0,200.0,971900.0
1809,2021-10-17 02:57:40,19000.0,500.0,971700.0
1810,2021-10-17 02:57:40,19000.0,300.0,971200.0
1811,2021-10-17 02:57:40,19000.0,100.0,970900.0
1812,2021-10-17 02:57:30,19000.0,200.0,970800.0
1813,2021-10-17 02:57:30,19000.0,100.0,970600.0
1814,2021-10-17 02:56:36,19000.0,400.0,970500.0
1815,2021-10-17 02:56:36,19000.0,100.0,970100.0
1816,2021-10-17 02:56:34,18950.0,1700.0,970000.0
1817,2021-10-17 02:56:34,18950.0,300.0,968300.0
1818,2021-10-17 02:55:36,18950.0,500.0,968000.0
1819,2021-10-17 02:55:36,18950.0,200.0,967500.0
1820,2021-10-17 02:55:25,18950.0,100.0,967300.0
1821,2021-10-17 02:55:22,18950.0,200.0,967200.0
1822,2021-10-17 02:55:12,18950.0,100.0,967000.0
1823,2021-10-17 02:55:12,18950.0,400.0,966900.0
1824,2021-10-17 02:55:09,18950.0,100.0,966500.0
1825,2021-10-17 02:55:09,18950.0,200.0,966400.0
1826,2021-10-17 02:54:59,18950.0,2000.0,966200.0
1827,2021-10-17 02:54:55,18950.0,500.0,964200.0
1828,2021-10-17 02:54:51,18950.0,200.0,963700.0
1829,2021-10-17 02:54:33,18950.0,3700.0,963500.0
1830,2021-10-17 02:54:32,18950.0,300.0,959800.0
1831,2021-10-17 02:54:07,18950.0,3600.0,959500.0
1832,2021-10-17 02:54:07,18950.0,100.0,955900.0
1833,2021-10-17 02:54:07,18950.0,1500.0,955800.0
1834,2021-10-17 02:54:04,18950.0,600.0,954300.0
1835,2021-10-17 02:53:40,18950.0,300.0,953700.0
1836,2021-10-17 02:53:31,18950.0,200.0,953400.0
1837,2021-10-17 02:53:16,18950.0,2000.0,953200.0
1838,2021-10-17 02:53:10,18950.0,2400.0,951200.0
1839,2021-10-17 02:53:09,18950.0,100.0,948800.0
1840,2021-10-17 02:52:33,18950.0,2000.0,948700.0
1841,2021-10-17 02:52:29,18950.0,100.0,946700.0
1842,2021-10-17 02:52:19,18950.0,200.0,946600.0
1843,2021-10-17 02:52:04,18950.0,200.0,946400.0
1844,2021-10-17 02:51:50,18950.0,400.0,946200.0
1845,2021-10-17 02:51:45,18900.0,1000.0,945800.0
1846,2021-10-17 02:51:40,18900.0,2000.0,944800.0
1847,2021-10-17 02:51:32,18900.0,100.0,942800.0
1848,2021-10-17 02:50:41,18900.0,900.0,942700.0
1849,2021-10-17 02:49:58,18900.0,8000.0,941800.0
1850,2021-10-17 02:49:42,18900.0,2000.0,933800.0
1851,2021-10-17 02:49:10,18900.0,600.0,931800.0
1852,2021-10-17 02:49:10,18900.0,500.0,931200.0
1853,2021-10-17 02:49:10,18900.0,2000.0,930700.0
1854,2021-10-17 02:49:10,18900.0,1100.0,928700.0
1855,2021-10-17 02:49:10,18900.0,500.0,927600.0
1856,2021-10-17 02:49:10,18900.0,2700.0,927100.0
1857,2021-10-17 02:49:00,18900.0,100.0,924400.0
1858,2021-10-17 02:48:57,18900.0,300.0,924300.0
1859,2021-10-17 02:48:49,18900.0,300.0,924000.0
1860,2021-10-17 02:48:34,18900.0,2100.0,923700.0
1861,2021-10-17 02:48:34,18900.0,300.0,921600.0
1862,2021-10-17 02:48:34,18900.0,1000.0,921300.0
1863,2021-10-17 02:48:34,18900.0,1000.0,920300.0
1864,2021-10-17 02:48:34,18900.0,500.0,919300.0
1865,2021-10-17 02:48:34,18900.0,300.0,918800.0
1866,2021-10-17 02:48:32,18900.0,100.0,918500.0
1867,2021-10-17 02:47:39,18900.0,500.0,918400.0
1868,2021-10-17 02:47:39,18850.0,200.0,917900.0
1869,2021-10-17 02:47:39,18850.0,1000.0,917700.0
1870,2021-10-17 02:47:39,18850.0,1000.0,916700.0
1871,2021-10-17 02:47:39,18850.0,1000.0,915700.0
1872,2021-10-17 02:47:39,18850.0,500.0,914700.0
1873,2021-10-17 02:47:39,18850.0,100.0,914200.0
1874,2021-10-17 02:47:24,18850.0,200.0,914100.0
1875,2021-10-17 02:47:24,18850.0,200.0,913900.0
1876,2021-10-17 02:47:24,18850.0,1000.0,913700.0
1877,2021-10-17 02:47:24,18850.0,400.0,912700.0
1878,2021-10-17 02:47:23,18900.0,500.0,912300.0
1879,2021-10-17 02:46:44,18900.0,100.0,911800.0
1880,2021-10-17 02:46:42,18900.0,100.0,911700.0
1881,2021-10-17 02:46:38,18850.0,100.0,911600.0
1882,2021-10-17 02:46:38,18850.0,1000.0,911500.0
1883,2021-10-17 02:46:24,18900.0,100.0,910500.0
1884,2021-10-17 02:46:16,18900.0,300.0,910400.0
1885,2021-10-17 02:46:11,18900.0,200.0,910100.0
1886,2021-10-17 02:46:11,18900.0,100.0,909900.0
1887,2021-10-17 02:46:11,18900.0,300.0,909800.0
1888,2021-10-17 02:46:06,18900.0,200.0,909500.0
1889,2021-10-17 02:45:59,18900.0,500.0,909300.0
1890,2021-10-17 02:45:21,18900.0,200.0,908800.0
1891,2021-10-17 02:45:04,18900.0,200.0,908600.0
1892,2021-10-17 02:45:04,18900.0,500.0,908400.0
1893,2021-10-17 02:45:04,18900.0,900.0,907900.0
1894,2021-10-17 02:44:59,18900.0,1100.0,907000.0
1895,2021-10-17 02:44:49,18900.0,100.0,905900.0
1896,2021-10-17 02:44:49,18900.0,100.0,905800.0
1897,2021-10-17 02:44:49,18900.0,700.0,905700.0
1898,2021-10-17 02:44:30,18900.0,700.0,905000.0
1899,2021-10-17 02:44:18,18900.0,100.0,904300.0
1900,2021-10-17 02:44:06,18900.0,200.0,904200.0
1901,2021-10-17 02:44:06,18900.0,200.0,904000.0
1902,2021-10-17 02:44:01,18900.0,100.0,903800.0
1903,2021-10-17 02:44:01,18900.0,100.0,903700.0
1904,2021-10-17 02:44:01,18900.0,100.0,903600.0
1905,2021-10-17 02:43:51,18900.0,100.0,903500.0
1906,2021-10-17 02:43:50,18900.0,200.0,903400.0
1907,2021-10-17 02:43:44,18900.0,600.0,903200.0
1908,2021-10-17 02:43:34,18900.0,100.0,902600.0
1909,2021-10-17 02:43:34,18900.0,100.0,902500.0
1910,2021-10-17 02:43:34,18900.0,500.0,902400.0
1911,2021-10-17 02:43:34,18900.0,100.0,901900.0
1912,2021-10-17 02:43:34,18900.0,100.0,901800.0
1913,2021-10-17 02:43:34,18900.0,100.0,901700.0
1914,2021-10-17 02:43:34,18900.0,200.0,901600.0
1915,2021-10-17 02:43:34,18900.0,100.0,901400.0
1916,2021-10-17 02:43:34,18900.0,100.0,901300.0
1917,2021-10-17 02:43:34,18900.0,300.0,901200.0
1918,2021-10-17 02:43:34,18900.0,100.0,900900.0
1919,2021-10-17 02:43:34,18900.0,100.0,900800.0
1920,2021-10-17 02:43:34,18900.0,5200.0,900700.0
1921,2021-10-17 02:43:32,18900.0,2000.0,895500.0
1922,2021-10-17 02:43:28,18950.0,200.0,893500.0
1923,2021-10-17 02:43:13,19000.0,2000.0,893300.0
1924,2021-10-17 02:43:12,19000.0,2500.0,891300.0
1925,2021-10-17 02:43:12,19000.0,100.0,888800.0
1926,2021-10-17 02:43:12,19000.0,3000.0,888700.0
1927,2021-10-17 02:43:12,19000.0,2600.0,885700.0
1928,2021-10-17 02:43:12,19000.0,200.0,883100.0
1929,2021-10-17 02:43:12,19000.0,300.0,882900.0
1930,2021-10-17 02:43:12,18950.0,100.0,882600.0
1931,2021-10-17 02:43:12,18950.0,700.0,882500.0
1932,2021-10-17 02:43:12,18950.0,500.0,881800.0
1933,2021-10-17 02:43:04,18950.0,200.0,881300.0
1934,2021-10-17 02:43:03,18900.0,400.0,881100.0
1935,2021-10-17 02:42:59,18900.0,2400.0,880700.0
1936,2021-10-17 02:42:59,18900.0,100.0,878300.0
1937,2021-10-17 02:42:59,18900.0,400.0,878200.0
1938,2021-10-17 02:42:59,18900.0,1000.0,877800.0
1939,2021-10-17 02:42:59,18900.0,1100.0,876800.0
1940,2021-10-17 02:42:46,18950.0,300.0,875700.0
1941,2021-10-17 02:42:46,18950.0,500.0,875400.0
1942,2021-10-17 02:42:28,18950.0,300.0,874900.0
1943,2021-10-17 02:42:05,18950.0,700.0,874600.0
1944,2021-10-17 02:41:57,19000.0,100.0,873900.0
1945,2021-10-17 02:41:56,18950.0,300.0,873800.0
1946,2021-10-17 02:41:56,18950.0,200.0,873500.0
1947,2021-10-17 02:41:55,18950.0,100.0,873300.0
1948,2021-10-17 02:41:48,18950.0,1300.0,873200.0
1949,2021-10-17 02:41:48,18950.0,600.0,871900.0
1950,2021-10-17 02:41:48,18950.0,100.0,871300.0
1951,2021-10-17 02:41:45,18950.0,200.0,871200.0
1952,2021-10-17 02:41:45,18950.0,100.0,871000.0
1953,2021-10-17 02:41:34,19000.0,1000.0,870900.0
1954,2021-10-17 02:41:33,19000.0,200.0,869900.0
1955,2021-10-17 02:41:33,19000.0,300.0,869700.0
1956,2021-10-17 02:41:32,19000.0,100.0,869400.0
1957,2021-10-17 02:41:17,19000.0,1400.0,869300.0
1958,2021-10-17 02:41:12,19000.0,200.0,867900.0
1959,2021-10-17 02:41:12,19000.0,1100.0,867700.0
1960,2021-10-17 02:41:01,19000.0,500.0,866600.0
1961,2021-10-17 02:40:43,19000.0,100.0,866100.0
1962,2021-10-17 02:40:24,19000.0,100.0,866000.0
1963,2021-10-17 02:40:02,19000.0,100.0,865900.0
1964,2021-10-17 02:39:53,19000.0,900.0,865800.0
1965,2021-10-17 02:39:48,19000.0,100.0,864900.0
1966,2021-10-17 02:39:48,19000.0,100.0,864800.0
1967,2021-10-17 02:39:46,19000.0,200.0,864700.0
1968,2021-10-17 02:39:46,19000.0,100.0,864500.0
1969,2021-10-17 02:39:34,19000.0,300.0,864400.0
1970,2021-10-17 02:39:26,19000.0,100.0,864100.0
1971,2021-10-17 02:39:06,19000.0,100.0,864000.0
1972,2021-10-17 02:39:06,19000.0,1000.0,863900.0
1973,2021-10-17 02:39:02,19000.0,500.0,862900.0
1974,2021-10-17 02:38:59,19000.0,3000.0,862400.0
1975,2021-10-17 02:38:56,19000.0,6000.0,859400.0
1976,2021-10-17 02:38:51,19000.0,800.0,853400.0
1977,2021-10-17 02:38:44,19000.0,100.0,852600.0
1978,2021-10-17 02:38:42,19000.0,500.0,852500.0
1979,2021-10-17 02:38:42,19000.0,2000.0,852000.0
1980,2021-10-17 02:38:42,19000.0,100.0,850000.0
1981,2021-10-17 02:38:38,19000.0,100.0,849900.0
1982,2021-10-17 02:38:32,19000.0,1000.0,849800.0
1983,2021-10-17 02:38:32,19000.0,700.0,848800.0
1984,2021-10-17 02:38:32,19000.0,200.0,848100.0
1985,2021-10-17 02:38:30,19000.0,100.0,847900.0
1986,2021-10-17 02:38:30,19000.0,900.0,847800.0
1987,2021-10-17 02:38:29,19000.0,100.0,846900.0
1988,2021-10-17 02:38:15,19000.0,200.0,846800.0
1989,2021-10-17 02:38:15,19000.0,1800.0,846600.0
1990,2021-10-17 02:38:15,19000.0,200.0,844800.0
1991,2021-10-17 02:38:14,19000.0,1000.0,844600.0
1992,2021-10-17 02:38:14,19000.0,1000.0,843600.0
1993,2021-10-17 02:38:08,19000.0,300.0,842600.0
1994,2021-10-17 02:37:57,19000.0,700.0,842300.0
1995,2021-10-17 02:37:57,19000.0,200.0,841600.0
1996,2021-10-17 02:37:57,18950.0,100.0,841400.0
1997,2021-10-17 02:37:55,18950.0,5000.0,841300.0
1998,2021-10-17 02:37:47,18900.0,100.0,836300.0
1999,2021-10-17 02:37:41,18900.0,1000.0,836200.0
2000,2021-10-17 02:37:41,18900.0,100.0,835200.0
2001,2021-10-17 02:37:41,18900.0,500.0,835100.0
2002,2021-10-17 02:37:41,18900.0,100.0,834600.0
2003,2021-10-17 02:37:41,18900.0,400.0,834500.0
2004,2021-10-17 02:37:41,18900.0,200.0,834100.0
2005,2021-10-17 02:37:41,18900.0,100.0,833900.0
2006,2021-10-17 02:37:41,18900.0,200.0,833800.0
2007,2021-10-17 02:37:41,18900.0,500.0,833600.0
2008,2021-10-17 02:37:41,18900.0,2000.0,833100.0
2009,2021-10-17 02:37:41,18900.0,200.0,831100.0
2010,2021-10-17 02:37:39,18900.0,1000.0,830900.0
2011,2021-10-17 02:37:39,18900.0,100.0,829900.0
2012,2021-10-17 02:37:30,18900.0,700.0,829800.0
2013,2021-10-17 02:37:30,18900.0,200.0,829100.0
2014,2021-10-17 02:37:30,18900.0,100.0,828900.0
2015,2021-10-17 02:37:30,18900.0,2000.0,828800.0
2016,2021-10-17 02:37:30,18900.0,1000.0,826800.0
2017,2021-10-17 02:37:14,18900.0,200.0,825800.0
2018,2021-10-17 02:36:51,18900.0,5600.0,825600.0
2019,2021-10-17 02:36:47,19000.0,800.0,820000.0
2020,2021-10-17 02:36:45,19000.0,400.0,819200.0
2021,2021-10-17 02:36:45,19000.0,100.0,818800.0
2022,2021-10-17 02:36:41,18900.0,1000.0,818700.0
2023,2021-10-17 02:36:24,18900.0,3200.0,817700.0
2024,2021-10-17 02:36:24,18900.0,1000.0,814500.0
2025,2021-10-17 02:36:24,18900.0,1000.0,813500.0
2026,2021-10-17 02:36:24,18900.0,100.0,812500.0
2027,2021-10-17 02:36:24,18900.0,200.0,812400.0
2028,2021-10-17 02:36:24,18900.0,100.0,812200.0
2029,2021-10-17 02:36:24,18900.0,200.0,812100.0
2030,2021-10-17 02:36:24,18900.0,100.0,811900.0
2031,2021-10-17 02:36:24,18900.0,500.0,811800.0
2032,2021-10-17 02:36:24,18900.0,2000.0,811300.0
2033,2021-10-17 02:36:24,18900.0,100.0,809300.0
2034,2021-10-17 02:36:24,18900.0,1500.0,809200.0
2035,2021-10-17 02:36:18,18950.0,100.0,807700.0
2036,2021-10-17 02:36:18,18950.0,100.0,807600.0
2037,2021-10-17 02:36:18,18950.0,100.0,807500.0
2038,2021-10-17 02:36:18,18950.0,100.0,807400.0
2039,2021-10-17 02:36:18,18950.0,100.0,807300.0
2040,2021-10-17 02:36:14,18950.0,100.0,807200.0
2041,2021-10-17 02:36:14,18950.0,200.0,807100.0
2042,2021-10-17 02:36:05,18950.0,800.0,806900.0
2043,2021-10-17 02:36:05,18950.0,100.0,806100.0
2044,2021-10-17 02:36:05,18950.0,100.0,806000.0
2045,2021-10-17 02:35:54,19000.0,1000.0,805900.0
2046,2021-10-17 02:35:54,19000.0,200.0,804900.0
2047,2021-10-17 02:35:52,19000.0,200.0,804700.0
2048,2021-10-17 02:35:52,19000.0,1000.0,804500.0
2049,2021-10-17 02:35:52,19000.0,100.0,803500.0
2050,2021-10-17 02:35:52,19000.0,600.0,803400.0
2051,2021-10-17 02:35:52,19000.0,500.0,802800.0
2052,2021-10-17 02:35:52,19000.0,500.0,802300.0
2053,2021-10-17 02:35:52,19000.0,400.0,801800.0
2054,2021-10-17 02:35:52,19000.0,1000.0,801400.0
2055,2021-10-17 02:35:52,19000.0,300.0,800400.0
