,Time,Price,Volume_per_trade,Volume
0,2021-10-21 07:45:02,197500.0,200.0,25100.0
1,2021-10-21 07:45:02,197500.0,300.0,24900.0
2,2021-10-21 07:45:02,197500.0,700.0,24600.0
3,2021-10-21 07:27:06,197500.0,200.0,23900.0
4,2021-10-21 07:04:58,197500.0,1000.0,23700.0
5,2021-10-21 07:02:36,197400.0,400.0,22700.0
6,2021-10-21 07:01:55,197400.0,100.0,22300.0
7,2021-10-21 06:39:34,197400.0,200.0,22200.0
8,2021-10-21 06:38:44,197500.0,200.0,22000.0
9,2021-10-21 06:05:29,197800.0,600.0,21800.0
10,2021-10-21 04:07:41,195800.0,100.0,21200.0
11,2021-10-21 04:07:22,195800.0,100.0,21100.0
12,2021-10-21 04:06:15,195800.0,1000.0,21000.0
13,2021-10-21 04:06:11,196000.0,200.0,20000.0
14,2021-10-21 04:05:58,196100.0,100.0,19800.0
15,2021-10-21 03:52:08,197900.0,100.0,19700.0
16,2021-10-21 03:44:57,197900.0,100.0,19600.0
17,2021-10-21 03:12:28,198000.0,100.0,19500.0
18,2021-10-21 03:11:20,198000.0,200.0,19400.0
19,2021-10-21 03:09:03,199000.0,200.0,19200.0
20,2021-10-21 03:08:42,199000.0,100.0,19000.0
21,2021-10-21 03:08:19,198000.0,100.0,18900.0
22,2021-10-21 03:07:49,198000.0,100.0,18800.0
23,2021-10-21 03:07:49,197900.0,100.0,18700.0
24,2021-10-21 03:07:23,197000.0,100.0,18600.0
25,2021-10-21 03:07:02,196900.0,200.0,18500.0
26,2021-10-21 03:07:02,196800.0,100.0,18300.0
27,2021-10-21 03:05:31,195000.0,200.0,18200.0
28,2021-10-21 03:05:19,196000.0,500.0,18000.0
29,2021-10-21 03:04:57,195000.0,200.0,17500.0
30,2021-10-21 03:04:41,195000.0,300.0,17300.0
31,2021-10-21 03:04:41,195000.0,100.0,17000.0
32,2021-10-21 03:04:41,195000.0,100.0,16900.0
33,2021-10-21 03:03:26,194000.0,200.0,16800.0
34,2021-10-21 03:03:26,194000.0,100.0,16600.0
35,2021-10-21 02:59:18,194000.0,400.0,16500.0
36,2021-10-21 02:56:27,194000.0,100.0,16100.0
37,2021-10-21 02:56:06,194000.0,100.0,16000.0
38,2021-10-21 02:54:44,194000.0,100.0,15900.0
39,2021-10-21 02:54:44,194000.0,100.0,15800.0
40,2021-10-21 02:54:44,194000.0,200.0,15700.0
41,2021-10-21 02:54:44,194000.0,100.0,15500.0
42,2021-10-21 02:54:44,194000.0,100.0,15400.0
43,2021-10-21 02:54:44,194000.0,100.0,15300.0
44,2021-10-21 02:44:59,194000.0,1000.0,15200.0
45,2021-10-21 02:44:59,194000.0,100.0,14200.0
46,2021-10-21 02:44:59,194000.0,100.0,14100.0
47,2021-10-21 02:44:41,194000.0,200.0,14000.0
48,2021-10-21 02:44:41,194000.0,100.0,13800.0
49,2021-10-21 02:44:41,194000.0,100.0,13700.0
50,2021-10-21 02:44:41,194000.0,100.0,13600.0
51,2021-10-21 02:43:57,194000.0,300.0,13500.0
52,2021-10-21 02:43:22,194000.0,600.0,13200.0
53,2021-10-21 02:41:54,194000.0,200.0,12600.0
54,2021-10-21 02:41:54,194000.0,100.0,12400.0
55,2021-10-21 02:41:54,194000.0,100.0,12300.0
56,2021-10-21 02:41:44,194000.0,200.0,12200.0
57,2021-10-21 02:40:34,194000.0,300.0,12000.0
58,2021-10-21 02:38:10,194000.0,300.0,11700.0
59,2021-10-21 02:34:33,194000.0,100.0,11400.0
60,2021-10-21 02:34:33,194000.0,700.0,11300.0
61,2021-10-21 02:34:18,194000.0,300.0,10600.0
62,2021-10-21 02:34:10,193000.0,200.0,10300.0
63,2021-10-21 02:34:10,193500.0,100.0,10100.0
64,2021-10-21 02:33:58,193500.0,200.0,10000.0
65,2021-10-21 02:33:49,193500.0,100.0,9800.0
66,2021-10-21 02:33:08,193500.0,100.0,9700.0
67,2021-10-21 02:32:23,193500.0,100.0,9600.0
68,2021-10-21 02:32:02,193500.0,600.0,9500.0
69,2021-10-21 02:32:02,193600.0,100.0,8900.0
70,2021-10-21 02:31:52,193700.0,100.0,8800.0
71,2021-10-21 02:31:31,193700.0,100.0,8700.0
72,2021-10-21 02:30:08,193700.0,100.0,8600.0
73,2021-10-21 02:29:41,193600.0,100.0,8500.0
74,2021-10-21 02:29:23,193700.0,300.0,8400.0
75,2021-10-21 02:29:23,193800.0,100.0,8100.0
76,2021-10-21 02:28:38,194000.0,100.0,8000.0
77,2021-10-21 02:28:38,194000.0,100.0,7900.0
78,2021-10-21 02:28:38,194000.0,100.0,7800.0
79,2021-10-21 02:28:12,194000.0,200.0,7700.0
80,2021-10-21 02:28:12,194000.0,200.0,7500.0
81,2021-10-21 02:28:12,194000.0,1000.0,7300.0
82,2021-10-21 02:28:12,194100.0,200.0,6300.0
83,2021-10-21 02:28:12,194200.0,200.0,6100.0
84,2021-10-21 02:25:24,194000.0,500.0,5900.0
85,2021-10-21 02:25:24,194100.0,300.0,5400.0
86,2021-10-21 02:25:24,194100.0,100.0,5100.0
87,2021-10-21 02:25:24,194200.0,100.0,5000.0
88,2021-10-21 02:23:57,195000.0,100.0,4900.0
89,2021-10-21 02:23:57,195000.0,100.0,4800.0
90,2021-10-21 02:21:44,196000.0,300.0,4700.0
91,2021-10-21 02:21:03,195000.0,300.0,4400.0
92,2021-10-21 02:21:03,195000.0,400.0,4100.0
93,2021-10-21 02:20:35,194900.0,100.0,3700.0
94,2021-10-21 02:20:30,194200.0,100.0,3600.0
95,2021-10-21 02:20:04,194900.0,100.0,3500.0
96,2021-10-21 02:19:41,195000.0,100.0,3400.0
97,2021-10-21 02:19:37,195000.0,100.0,3300.0
98,2021-10-21 02:19:23,193600.0,300.0,3200.0
99,2021-10-21 02:19:23,194000.0,100.0,2900.0
100,2021-10-21 02:19:23,195000.0,200.0,2800.0
101,2021-10-21 02:19:23,195000.0,100.0,2600.0
102,2021-10-21 02:18:58,195000.0,100.0,2500.0
103,2021-10-21 02:18:58,195100.0,100.0,2400.0
104,2021-10-21 02:18:44,196000.0,200.0,2300.0
105,2021-10-21 02:18:23,195000.0,400.0,2100.0
106,2021-10-21 02:18:23,195000.0,1000.0,1700.0
107,2021-10-21 02:18:23,195000.0,100.0,700.0
108,2021-10-21 02:18:23,195000.0,100.0,600.0
109,2021-10-21 02:17:43,196000.0,100.0,500.0
110,2021-10-21 02:17:23,196000.0,100.0,400.0
111,2021-10-21 02:17:23,196000.0,100.0,300.0
112,2021-10-21 02:17:23,196000.0,100.0,200.0
113,2021-10-21 02:17:23,196500.0,100.0,100.0
