,Time,Price,Volume_per_trade,Volume
0,2021-10-07 07:09:13,39050.0,800.0,409200.0
1,2021-10-07 06:43:18,39050.0,500.0,408400.0
2,2021-10-07 06:15:07,39050.0,1000.0,407900.0
3,2021-10-07 06:11:54,39050.0,5000.0,406900.0
4,2021-10-07 06:06:28,39050.0,500.0,401900.0
5,2021-10-07 06:00:59,39050.0,500.0,401400.0
6,2021-10-07 06:00:08,39050.0,100.0,400900.0
7,2021-10-07 06:00:08,39050.0,400.0,400800.0
8,2021-10-07 06:00:01,39050.0,1000.0,400400.0
9,2021-10-07 04:25:32,39050.0,500.0,399400.0
10,2021-10-07 04:04:13,39050.0,300.0,398900.0
11,2021-10-07 03:53:02,39050.0,800.0,398600.0
12,2021-10-07 03:53:02,39050.0,200.0,397800.0
13,2021-10-07 03:46:43,39050.0,100.0,397600.0
14,2021-10-07 03:41:57,39050.0,1000.0,397500.0
15,2021-10-07 03:35:23,39050.0,1000.0,396500.0
16,2021-10-07 03:33:55,39050.0,800.0,395500.0
17,2021-10-07 03:27:26,39050.0,900.0,394700.0
18,2021-10-07 03:26:21,39050.0,100.0,393800.0
19,2021-10-07 03:26:21,39050.0,900.0,393700.0
20,2021-10-07 03:25:52,39050.0,600.0,392800.0
21,2021-10-07 03:25:52,39050.0,900.0,392200.0
22,2021-10-07 03:24:08,39050.0,100.0,391300.0
23,2021-10-07 03:22:57,39000.0,2800.0,391200.0
24,2021-10-07 03:22:57,39000.0,500.0,388400.0
25,2021-10-07 03:22:57,39050.0,100.0,387900.0
26,2021-10-07 03:22:57,39050.0,600.0,387800.0
27,2021-10-07 03:21:39,39050.0,1200.0,387200.0
28,2021-10-07 03:19:29,39050.0,2000.0,386000.0
29,2021-10-07 03:19:08,39050.0,5000.0,384000.0
30,2021-10-07 03:19:08,39050.0,1200.0,379000.0
31,2021-10-07 03:16:55,39050.0,500.0,377800.0
32,2021-10-07 03:16:55,39050.0,300.0,377300.0
33,2021-10-07 03:16:21,39050.0,3000.0,377000.0
34,2021-10-07 03:13:49,39050.0,200.0,374000.0
35,2021-10-07 03:13:36,39050.0,1000.0,373800.0
36,2021-10-07 03:13:36,39050.0,500.0,372800.0
37,2021-10-07 03:12:40,39050.0,29500.0,372300.0
38,2021-10-07 03:12:40,39050.0,3500.0,342800.0
39,2021-10-07 03:12:40,39050.0,2000.0,339300.0
40,2021-10-07 03:10:33,39050.0,8000.0,337300.0
41,2021-10-07 03:10:07,39050.0,10000.0,329300.0
42,2021-10-07 03:09:37,39050.0,2000.0,319300.0
43,2021-10-07 03:09:37,39050.0,1000.0,317300.0
44,2021-10-07 03:09:37,39050.0,2000.0,316300.0
45,2021-10-07 03:09:37,39050.0,5000.0,314300.0
46,2021-10-07 03:09:06,39050.0,1000.0,309300.0
47,2021-10-07 03:09:06,39050.0,4000.0,308300.0
48,2021-10-07 03:08:29,39050.0,5000.0,304300.0
49,2021-10-07 03:07:58,39050.0,500.0,299300.0
50,2021-10-07 03:07:58,39050.0,500.0,298800.0
51,2021-10-07 03:07:20,39050.0,300.0,298300.0
52,2021-10-07 03:07:20,39050.0,1000.0,298000.0
53,2021-10-07 03:07:20,39050.0,200.0,297000.0
54,2021-10-07 03:07:03,39050.0,3000.0,296800.0
55,2021-10-07 03:07:03,39050.0,800.0,293800.0
56,2021-10-07 03:06:39,39050.0,1000.0,293000.0
57,2021-10-07 03:06:39,39050.0,500.0,292000.0
58,2021-10-07 03:06:39,39050.0,100.0,291500.0
59,2021-10-07 03:06:39,39050.0,3000.0,291400.0
60,2021-10-07 03:06:39,39050.0,100.0,288400.0
61,2021-10-07 03:06:39,39050.0,2300.0,288300.0
62,2021-10-07 03:06:27,39050.0,200.0,286000.0
63,2021-10-07 03:04:15,39050.0,900.0,285800.0
64,2021-10-07 03:04:07,39050.0,100.0,284900.0
65,2021-10-07 03:03:59,39050.0,500.0,284800.0
66,2021-10-07 03:03:51,39050.0,1000.0,284300.0
67,2021-10-07 03:03:51,39050.0,100.0,283300.0
68,2021-10-07 03:03:47,39050.0,200.0,283200.0
69,2021-10-07 03:03:33,39050.0,600.0,283000.0
70,2021-10-07 03:03:32,39050.0,400.0,282400.0
71,2021-10-07 03:03:32,39050.0,2400.0,282000.0
72,2021-10-07 03:03:32,39050.0,3200.0,279600.0
73,2021-10-07 03:03:30,39050.0,200.0,276400.0
74,2021-10-07 03:03:00,39050.0,300.0,276200.0
75,2021-10-07 03:03:00,39050.0,300.0,275900.0
76,2021-10-07 03:02:52,39050.0,1000.0,275600.0
77,2021-10-07 03:02:26,39050.0,300.0,274600.0
78,2021-10-07 03:02:26,39050.0,1400.0,274300.0
79,2021-10-07 03:02:23,39050.0,100.0,272900.0
80,2021-10-07 03:02:21,39000.0,500.0,272800.0
81,2021-10-07 03:02:21,39000.0,2500.0,272300.0
82,2021-10-07 03:02:21,39000.0,1000.0,269800.0
83,2021-10-07 03:02:21,39000.0,1000.0,268800.0
84,2021-10-07 03:01:45,39050.0,1500.0,267800.0
85,2021-10-07 03:01:30,39050.0,3500.0,266300.0
86,2021-10-07 03:01:12,39050.0,500.0,262800.0
87,2021-10-07 03:00:57,39050.0,1000.0,262300.0
88,2021-10-07 03:00:57,39050.0,200.0,261300.0
89,2021-10-07 03:00:57,39050.0,100.0,261100.0
90,2021-10-07 03:00:37,39050.0,900.0,261000.0
91,2021-10-07 03:00:31,39050.0,2100.0,260100.0
92,2021-10-07 03:00:31,39050.0,900.0,258000.0
93,2021-10-07 03:00:11,39050.0,100.0,257100.0
94,2021-10-07 03:00:11,39050.0,500.0,257000.0
95,2021-10-07 03:00:11,39050.0,1500.0,256500.0
96,2021-10-07 03:00:11,39050.0,900.0,255000.0
97,2021-10-07 02:59:53,39050.0,100.0,254100.0
98,2021-10-07 02:59:44,39050.0,3000.0,254000.0
99,2021-10-07 02:59:41,39050.0,3000.0,251000.0
100,2021-10-07 02:59:20,39050.0,2000.0,248000.0
101,2021-10-07 02:59:20,39050.0,1000.0,246000.0
102,2021-10-07 02:59:15,39050.0,100.0,245000.0
103,2021-10-07 02:59:10,39050.0,900.0,244900.0
104,2021-10-07 02:59:10,39050.0,100.0,244000.0
105,2021-10-07 02:57:59,39050.0,200.0,243900.0
106,2021-10-07 02:57:59,39050.0,3000.0,243700.0
107,2021-10-07 02:57:59,39050.0,1800.0,240700.0
108,2021-10-07 02:57:58,39050.0,200.0,238900.0
109,2021-10-07 02:57:58,39050.0,900.0,238700.0
110,2021-10-07 02:57:09,39050.0,300.0,237800.0
111,2021-10-07 02:57:04,39050.0,1800.0,237500.0
112,2021-10-07 02:56:56,39050.0,100.0,235700.0
113,2021-10-07 02:56:56,39050.0,100.0,235600.0
114,2021-10-07 02:56:56,39050.0,3000.0,235500.0
115,2021-10-07 02:56:33,39050.0,10000.0,232500.0
116,2021-10-07 02:56:14,39050.0,200.0,222500.0
117,2021-10-07 02:56:00,39050.0,100.0,222300.0
118,2021-10-07 02:55:51,39050.0,2700.0,222200.0
119,2021-10-07 02:55:39,39050.0,1000.0,219500.0
120,2021-10-07 02:55:39,39050.0,1900.0,218500.0
121,2021-10-07 02:55:33,39050.0,400.0,216600.0
122,2021-10-07 02:55:33,39050.0,500.0,216200.0
123,2021-10-07 02:55:33,39050.0,3000.0,215700.0
124,2021-10-07 02:55:33,39050.0,200.0,212700.0
125,2021-10-07 02:55:33,39050.0,5000.0,212500.0
126,2021-10-07 02:55:33,39050.0,900.0,207500.0
127,2021-10-07 02:54:08,39050.0,200.0,206600.0
128,2021-10-07 02:54:06,39050.0,100.0,206400.0
129,2021-10-07 02:52:29,39050.0,800.0,206300.0
130,2021-10-07 02:52:28,39050.0,1000.0,205500.0
131,2021-10-07 02:52:03,39050.0,1000.0,204500.0
132,2021-10-07 02:52:03,39050.0,500.0,203500.0
133,2021-10-07 02:52:03,39050.0,100.0,203000.0
134,2021-10-07 02:52:03,39050.0,10000.0,202900.0
135,2021-10-07 02:52:03,39050.0,14000.0,192900.0
136,2021-10-07 02:52:03,39050.0,2000.0,178900.0
137,2021-10-07 02:52:03,39050.0,500.0,176900.0
138,2021-10-07 02:52:03,39050.0,400.0,176400.0
139,2021-10-07 02:52:03,39050.0,6700.0,176000.0
140,2021-10-07 02:52:03,39000.0,500.0,169300.0
141,2021-10-07 02:52:03,39000.0,2000.0,168800.0
142,2021-10-07 02:52:03,39000.0,500.0,166800.0
143,2021-10-07 02:51:12,39000.0,400.0,166300.0
144,2021-10-07 02:51:12,39000.0,100.0,165900.0
145,2021-10-07 02:50:26,39050.0,500.0,165800.0
146,2021-10-07 02:50:22,39050.0,2800.0,165300.0
147,2021-10-07 02:50:20,39050.0,2000.0,162500.0
148,2021-10-07 02:50:20,39050.0,200.0,160500.0
149,2021-10-07 02:50:20,39050.0,500.0,160300.0
150,2021-10-07 02:50:20,39050.0,100.0,159800.0
151,2021-10-07 02:50:20,39050.0,14400.0,159700.0
152,2021-10-07 02:50:05,39050.0,5600.0,145300.0
153,2021-10-07 02:50:05,39050.0,2400.0,139700.0
154,2021-10-07 02:50:05,39050.0,500.0,137300.0
155,2021-10-07 02:50:05,39050.0,600.0,136800.0
156,2021-10-07 02:50:05,39050.0,500.0,136200.0
157,2021-10-07 02:50:05,39050.0,6000.0,135700.0
158,2021-10-07 02:50:05,39050.0,500.0,129700.0
159,2021-10-07 02:50:05,39050.0,3000.0,129200.0
160,2021-10-07 02:50:05,39050.0,300.0,126200.0
161,2021-10-07 02:50:05,39050.0,5000.0,125900.0
162,2021-10-07 02:50:05,39000.0,8000.0,120900.0
163,2021-10-07 02:50:05,39000.0,10000.0,112900.0
164,2021-10-07 02:50:05,39000.0,500.0,102900.0
165,2021-10-07 02:50:05,39000.0,5000.0,102400.0
166,2021-10-07 02:50:05,39000.0,100.0,97400.0
167,2021-10-07 02:50:05,39000.0,1000.0,97300.0
168,2021-10-07 02:50:05,39000.0,100.0,96300.0
169,2021-10-07 02:50:05,39000.0,600.0,96200.0
170,2021-10-07 02:50:05,38950.0,300.0,95600.0
171,2021-10-07 02:49:43,39000.0,400.0,95300.0
172,2021-10-07 02:49:43,39000.0,2500.0,94900.0
173,2021-10-07 02:49:43,39000.0,100.0,92400.0
174,2021-10-07 02:49:04,39000.0,600.0,92300.0
175,2021-10-07 02:49:04,39000.0,5000.0,91700.0
176,2021-10-07 02:49:04,39000.0,2000.0,86700.0
177,2021-10-07 02:49:04,38950.0,500.0,84700.0
178,2021-10-07 02:49:04,38500.0,100.0,84200.0
179,2021-10-07 02:49:04,38100.0,1800.0,84100.0
180,2021-10-07 02:48:33,38100.0,100.0,82300.0
181,2021-10-07 02:48:31,38100.0,200.0,82200.0
182,2021-10-07 02:48:03,38100.0,200.0,82000.0
183,2021-10-07 02:47:59,38100.0,100.0,81800.0
184,2021-10-07 02:47:52,38100.0,600.0,81700.0
185,2021-10-07 02:47:52,38000.0,400.0,81100.0
186,2021-10-07 02:47:47,38000.0,600.0,80700.0
187,2021-10-07 02:47:25,38000.0,400.0,80100.0
188,2021-10-07 02:47:25,38000.0,1000.0,79700.0
189,2021-10-07 02:47:25,38000.0,2000.0,78700.0
190,2021-10-07 02:47:25,38000.0,4000.0,76700.0
191,2021-10-07 02:47:25,37900.0,200.0,72700.0
192,2021-10-07 02:47:25,37900.0,200.0,72500.0
193,2021-10-07 02:47:25,37900.0,500.0,72300.0
194,2021-10-07 02:47:25,37900.0,1100.0,71800.0
195,2021-10-07 02:47:18,37800.0,3900.0,70700.0
196,2021-10-07 02:47:18,37800.0,100.0,66800.0
197,2021-10-07 02:46:48,37800.0,200.0,66700.0
198,2021-10-07 02:46:23,37800.0,500.0,66500.0
199,2021-10-07 02:46:13,37800.0,300.0,66000.0
200,2021-10-07 02:45:27,37900.0,400.0,65700.0
201,2021-10-07 02:44:41,37900.0,1000.0,65300.0
202,2021-10-07 02:44:41,37900.0,1000.0,64300.0
203,2021-10-07 02:44:41,37800.0,300.0,63300.0
204,2021-10-07 02:44:41,37800.0,400.0,63000.0
205,2021-10-07 02:44:41,37800.0,500.0,62600.0
206,2021-10-07 02:44:41,37800.0,200.0,62100.0
207,2021-10-07 02:44:41,37800.0,100.0,61900.0
208,2021-10-07 02:44:41,37800.0,200.0,61800.0
209,2021-10-07 02:44:41,37800.0,2000.0,61600.0
210,2021-10-07 02:44:41,37800.0,400.0,59600.0
211,2021-10-07 02:44:41,37700.0,3000.0,59200.0
212,2021-10-07 02:44:41,37600.0,500.0,56200.0
213,2021-10-07 02:44:41,37600.0,400.0,55700.0
214,2021-10-07 02:42:25,37600.0,600.0,55300.0
215,2021-10-07 02:40:56,37600.0,200.0,54700.0
216,2021-10-07 02:40:56,37600.0,200.0,54500.0
217,2021-10-07 02:40:17,37600.0,800.0,54300.0
218,2021-10-07 02:39:00,37600.0,200.0,53500.0
219,2021-10-07 02:38:07,37600.0,1000.0,53300.0
220,2021-10-07 02:38:05,37600.0,3000.0,52300.0
221,2021-10-07 02:38:05,37600.0,2000.0,49300.0
222,2021-10-07 02:37:49,37800.0,200.0,47300.0
223,2021-10-07 02:37:49,37700.0,800.0,47100.0
224,2021-10-07 02:37:39,37600.0,3200.0,46300.0
225,2021-10-07 02:37:17,37600.0,800.0,43100.0
226,2021-10-07 02:37:17,37500.0,100.0,42300.0
227,2021-10-07 02:37:17,37500.0,500.0,42200.0
228,2021-10-07 02:37:17,37500.0,1000.0,41700.0
229,2021-10-07 02:37:17,37500.0,300.0,40700.0
230,2021-10-07 02:37:17,37500.0,100.0,40400.0
231,2021-10-07 02:37:03,37500.0,200.0,40300.0
232,2021-10-07 02:35:27,37500.0,500.0,40100.0
233,2021-10-07 02:34:15,37500.0,100.0,39600.0
234,2021-10-07 02:33:44,37500.0,100.0,39500.0
235,2021-10-07 02:33:44,37500.0,200.0,39400.0
236,2021-10-07 02:33:44,37500.0,200.0,39200.0
237,2021-10-07 02:33:39,37450.0,300.0,39000.0
238,2021-10-07 02:33:39,37450.0,100.0,38700.0
239,2021-10-07 02:32:54,37500.0,200.0,38600.0
240,2021-10-07 02:31:47,37500.0,400.0,38400.0
241,2021-10-07 02:30:50,37500.0,500.0,38000.0
242,2021-10-07 02:30:33,37500.0,100.0,37500.0
243,2021-10-07 02:28:57,37500.0,200.0,37400.0
244,2021-10-07 02:28:52,37500.0,2000.0,37200.0
245,2021-10-07 02:28:52,37500.0,1000.0,35200.0
246,2021-10-07 02:28:52,37500.0,1000.0,34200.0
247,2021-10-07 02:28:42,37600.0,100.0,33200.0
248,2021-10-07 02:28:42,37600.0,1100.0,33100.0
249,2021-10-07 02:28:35,37600.0,100.0,32000.0
250,2021-10-07 02:28:17,37800.0,200.0,31900.0
251,2021-10-07 02:28:08,37600.0,800.0,31700.0
252,2021-10-07 02:28:08,37600.0,2200.0,30900.0
253,2021-10-07 02:27:51,37800.0,500.0,28700.0
254,2021-10-07 02:27:43,37600.0,100.0,28200.0
255,2021-10-07 02:27:43,37600.0,200.0,28100.0
256,2021-10-07 02:27:43,37600.0,300.0,27900.0
257,2021-10-07 02:27:41,37800.0,500.0,27600.0
258,2021-10-07 02:27:13,37800.0,100.0,27100.0
259,2021-10-07 02:27:00,37800.0,500.0,27000.0
260,2021-10-07 02:26:12,37800.0,2000.0,26500.0
261,2021-10-07 02:25:21,37800.0,600.0,24500.0
262,2021-10-07 02:25:21,37800.0,600.0,23900.0
263,2021-10-07 02:25:21,37700.0,1000.0,23300.0
264,2021-10-07 02:25:21,37700.0,800.0,22300.0
265,2021-10-07 02:23:58,37700.0,1200.0,21500.0
266,2021-10-07 02:23:25,37800.0,500.0,20300.0
267,2021-10-07 02:23:09,37800.0,200.0,19800.0
268,2021-10-07 02:23:08,37700.0,800.0,19600.0
269,2021-10-07 02:23:08,37700.0,700.0,18800.0
270,2021-10-07 02:23:08,37700.0,2500.0,18100.0
271,2021-10-07 02:23:03,37800.0,100.0,15600.0
272,2021-10-07 02:22:59,37700.0,500.0,15500.0
273,2021-10-07 02:22:49,37800.0,200.0,15000.0
274,2021-10-07 02:22:42,37800.0,400.0,14800.0
275,2021-10-07 02:22:42,37800.0,100.0,14400.0
276,2021-10-07 02:20:54,37800.0,100.0,14300.0
277,2021-10-07 02:20:42,37800.0,300.0,14200.0
278,2021-10-07 02:20:37,37800.0,300.0,13900.0
279,2021-10-07 02:20:36,37800.0,200.0,13600.0
280,2021-10-07 02:20:15,37800.0,200.0,13400.0
281,2021-10-07 02:20:02,37800.0,400.0,13200.0
282,2021-10-07 02:19:45,37800.0,100.0,12800.0
283,2021-10-07 02:19:23,37600.0,1000.0,12700.0
284,2021-10-07 02:19:03,37800.0,500.0,11700.0
285,2021-10-07 02:19:00,37800.0,200.0,11200.0
286,2021-10-07 02:18:51,37600.0,300.0,11000.0
287,2021-10-07 02:18:36,37800.0,500.0,10700.0
288,2021-10-07 02:18:26,37600.0,1900.0,10200.0
289,2021-10-07 02:18:26,37650.0,100.0,8300.0
290,2021-10-07 02:18:24,37800.0,100.0,8200.0
291,2021-10-07 02:18:24,37800.0,100.0,8100.0
292,2021-10-07 02:18:11,37600.0,500.0,8000.0
293,2021-10-07 02:18:11,37600.0,1000.0,7500.0
294,2021-10-07 02:18:05,37600.0,900.0,6500.0
295,2021-10-07 02:17:48,37600.0,300.0,5600.0
296,2021-10-07 02:17:37,37600.0,300.0,5300.0
297,2021-10-07 02:17:23,37600.0,100.0,5000.0
298,2021-10-07 02:17:23,37500.0,900.0,4900.0
299,2021-10-07 02:15:39,37600.0,200.0,4000.0
300,2021-10-07 02:15:01,37600.0,100.0,3800.0
301,2021-10-07 02:15:01,37600.0,500.0,3700.0
302,2021-10-07 02:15:01,37600.0,500.0,3200.0
303,2021-10-07 02:15:01,37600.0,100.0,2700.0
304,2021-10-07 02:15:01,37600.0,400.0,2600.0
305,2021-10-07 02:15:01,37600.0,200.0,2200.0
306,2021-10-07 02:15:01,37600.0,500.0,2000.0
307,2021-10-07 02:15:01,37600.0,300.0,1500.0
308,2021-10-07 02:15:01,37600.0,200.0,1200.0
309,2021-10-07 02:15:01,37600.0,300.0,1000.0
310,2021-10-07 02:15:01,37600.0,200.0,700.0
311,2021-10-07 02:15:01,37600.0,500.0,500.0
