,Time,Price,Volume_per_trade,Volume
0,2021-10-17 07:45:01,50400.0,3600.0,346500.0
1,2021-10-17 07:45:01,50400.0,100.0,342900.0
2,2021-10-17 07:45:01,50400.0,1300.0,342800.0
3,2021-10-17 07:45:01,50400.0,1700.0,341500.0
4,2021-10-17 07:45:01,50400.0,100.0,339800.0
5,2021-10-17 07:45:01,50400.0,200.0,339700.0
6,2021-10-17 07:45:01,50400.0,100.0,339500.0
7,2021-10-17 07:45:01,50400.0,500.0,339400.0
8,2021-10-17 07:45:01,50400.0,200.0,338900.0
9,2021-10-17 07:45:01,50400.0,100.0,338700.0
10,2021-10-17 07:45:01,50400.0,200.0,338600.0
11,2021-10-17 07:45:01,50400.0,1800.0,338400.0
12,2021-10-17 07:45:01,50400.0,400.0,336600.0
13,2021-10-17 07:45:01,50400.0,100.0,336200.0
14,2021-10-17 07:45:01,50400.0,800.0,336100.0
15,2021-10-17 07:28:23,50400.0,100.0,335300.0
16,2021-10-17 07:27:51,50400.0,300.0,335200.0
17,2021-10-17 07:27:51,50400.0,400.0,334900.0
18,2021-10-17 07:27:51,50300.0,500.0,334500.0
19,2021-10-17 07:27:51,50300.0,300.0,334000.0
20,2021-10-17 07:27:51,50300.0,500.0,333700.0
21,2021-10-17 07:27:29,50100.0,200.0,333200.0
22,2021-10-17 07:26:57,50100.0,200.0,333000.0
23,2021-10-17 07:26:13,50200.0,500.0,332800.0
24,2021-10-17 07:25:20,50300.0,100.0,332300.0
25,2021-10-17 07:25:20,50300.0,300.0,332200.0
26,2021-10-17 07:25:20,50300.0,100.0,331900.0
27,2021-10-17 07:24:57,50100.0,1000.0,331800.0
28,2021-10-17 07:23:00,50100.0,100.0,330800.0
29,2021-10-17 07:21:33,50300.0,500.0,330700.0
30,2021-10-17 07:21:29,50300.0,1000.0,330200.0
31,2021-10-17 07:21:21,50300.0,100.0,329200.0
32,2021-10-17 07:21:03,50300.0,300.0,329100.0
33,2021-10-17 07:20:52,50300.0,500.0,328800.0
34,2021-10-17 07:20:52,50300.0,1000.0,328300.0
35,2021-10-17 07:18:52,50100.0,900.0,327300.0
36,2021-10-17 07:18:52,50100.0,1000.0,326400.0
37,2021-10-17 07:18:52,50100.0,100.0,325400.0
38,2021-10-17 07:18:52,50200.0,200.0,325300.0
39,2021-10-17 07:18:52,50200.0,300.0,325100.0
40,2021-10-17 07:18:52,50200.0,400.0,324800.0
41,2021-10-17 07:18:51,50200.0,100.0,324400.0
42,2021-10-17 07:18:51,50200.0,200.0,324300.0
43,2021-10-17 07:18:51,50200.0,1000.0,324100.0
44,2021-10-17 07:18:51,50200.0,500.0,323100.0
45,2021-10-17 07:18:51,50200.0,200.0,322600.0
46,2021-10-17 07:18:51,50300.0,600.0,322400.0
47,2021-10-17 07:18:30,50300.0,500.0,321800.0
48,2021-10-17 07:18:28,50300.0,100.0,321300.0
49,2021-10-17 07:17:55,50300.0,300.0,321200.0
50,2021-10-17 07:17:46,50300.0,200.0,320900.0
51,2021-10-17 07:17:08,50300.0,300.0,320700.0
52,2021-10-17 07:16:48,50300.0,700.0,320400.0
53,2021-10-17 07:16:32,50300.0,1000.0,319700.0
54,2021-10-17 07:16:02,50300.0,100.0,318700.0
55,2021-10-17 07:15:46,50300.0,900.0,318600.0
56,2021-10-17 07:15:46,50300.0,100.0,317700.0
57,2021-10-17 07:13:38,50400.0,100.0,317600.0
58,2021-10-17 07:13:38,50400.0,1000.0,317500.0
59,2021-10-17 07:13:38,50400.0,1900.0,316500.0
60,2021-10-17 07:13:00,50300.0,500.0,314600.0
61,2021-10-17 07:10:46,50300.0,200.0,314100.0
62,2021-10-17 07:10:02,50300.0,200.0,313900.0
63,2021-10-17 07:10:02,50300.0,100.0,313700.0
64,2021-10-17 07:10:02,50300.0,500.0,313600.0
65,2021-10-17 07:10:02,50300.0,200.0,313100.0
66,2021-10-17 07:08:26,50300.0,700.0,312900.0
67,2021-10-17 07:08:26,50300.0,300.0,312200.0
68,2021-10-17 07:06:36,50400.0,100.0,311900.0
69,2021-10-17 07:06:36,50400.0,100.0,311800.0
70,2021-10-17 07:06:36,50400.0,300.0,311700.0
71,2021-10-17 07:05:46,50300.0,100.0,311400.0
72,2021-10-17 07:05:46,50300.0,600.0,311300.0
73,2021-10-17 07:05:46,50300.0,200.0,310700.0
74,2021-10-17 07:05:46,50300.0,500.0,310500.0
75,2021-10-17 07:05:46,50300.0,300.0,310000.0
76,2021-10-17 07:04:54,50300.0,100.0,309700.0
77,2021-10-17 07:04:53,50300.0,100.0,309600.0
78,2021-10-17 07:04:11,50300.0,1000.0,309500.0
79,2021-10-17 06:59:27,50300.0,1500.0,308500.0
80,2021-10-17 06:54:54,50200.0,300.0,307000.0
81,2021-10-17 06:54:54,50200.0,2000.0,306700.0
82,2021-10-17 06:54:54,50200.0,200.0,304700.0
83,2021-10-17 06:54:13,50400.0,100.0,304500.0
84,2021-10-17 06:54:13,50400.0,1800.0,304400.0
85,2021-10-17 06:54:13,50300.0,600.0,302600.0
86,2021-10-17 06:53:33,50400.0,200.0,302000.0
87,2021-10-17 06:53:12,50400.0,1000.0,301800.0
88,2021-10-17 06:52:25,50200.0,200.0,300800.0
89,2021-10-17 06:50:12,50200.0,100.0,300600.0
90,2021-10-17 06:49:25,50200.0,200.0,300500.0
91,2021-10-17 06:49:25,50200.0,1000.0,300300.0
92,2021-10-17 06:49:25,50200.0,200.0,299300.0
93,2021-10-17 06:49:25,50200.0,100.0,299100.0
94,2021-10-17 06:49:25,50200.0,100.0,299000.0
95,2021-10-17 06:49:25,50200.0,2400.0,298900.0
96,2021-10-17 06:49:05,50400.0,400.0,296500.0
97,2021-10-17 06:49:05,50400.0,100.0,296100.0
98,2021-10-17 06:48:59,50300.0,500.0,296000.0
99,2021-10-17 06:46:37,50300.0,200.0,295500.0
100,2021-10-17 06:46:37,50300.0,100.0,295300.0
101,2021-10-17 06:46:37,50300.0,100.0,295200.0
102,2021-10-17 06:46:37,50300.0,400.0,295100.0
103,2021-10-17 06:46:18,50300.0,300.0,294700.0
104,2021-10-17 06:43:05,50300.0,300.0,294400.0
105,2021-10-17 06:43:05,50300.0,500.0,294100.0
106,2021-10-17 06:43:05,50300.0,500.0,293600.0
107,2021-10-17 06:43:05,50300.0,500.0,293100.0
108,2021-10-17 06:43:05,50300.0,1500.0,292600.0
109,2021-10-17 06:43:05,50400.0,100.0,291100.0
110,2021-10-17 06:43:05,50400.0,500.0,291000.0
111,2021-10-17 06:43:05,50400.0,100.0,290500.0
112,2021-10-17 06:42:12,50500.0,100.0,290400.0
113,2021-10-17 06:41:09,50400.0,200.0,290300.0
114,2021-10-17 06:41:09,50400.0,200.0,290100.0
115,2021-10-17 06:41:09,50400.0,500.0,289900.0
116,2021-10-17 06:41:02,50400.0,500.0,289400.0
117,2021-10-17 06:41:02,50400.0,100.0,288900.0
118,2021-10-17 06:41:02,50400.0,1400.0,288800.0
119,2021-10-17 06:38:37,50400.0,2000.0,287400.0
120,2021-10-17 06:37:29,50400.0,1000.0,285400.0
121,2021-10-17 06:37:17,50400.0,600.0,284400.0
122,2021-10-17 06:37:15,50400.0,400.0,283800.0
123,2021-10-17 06:34:16,50400.0,4600.0,283400.0
124,2021-10-17 06:34:16,50400.0,400.0,278800.0
125,2021-10-17 06:33:39,50400.0,200.0,278400.0
126,2021-10-17 06:33:12,50400.0,100.0,278200.0
127,2021-10-17 06:32:58,50400.0,500.0,278100.0
128,2021-10-17 06:32:21,50400.0,2000.0,277600.0
129,2021-10-17 06:31:37,50400.0,200.0,275600.0
130,2021-10-17 06:29:56,50400.0,500.0,275400.0
131,2021-10-17 06:29:35,50400.0,1000.0,274900.0
132,2021-10-17 06:29:35,50400.0,100.0,273900.0
133,2021-10-17 06:29:35,50400.0,200.0,273800.0
134,2021-10-17 06:29:35,50400.0,300.0,273600.0
135,2021-10-17 06:29:35,50400.0,200.0,273300.0
136,2021-10-17 06:29:35,50400.0,100.0,273100.0
137,2021-10-17 06:29:35,50400.0,200.0,273000.0
138,2021-10-17 06:28:36,50400.0,800.0,272800.0
139,2021-10-17 06:28:36,50400.0,200.0,272000.0
140,2021-10-17 06:27:15,50400.0,2100.0,271800.0
141,2021-10-17 06:27:08,50400.0,400.0,269700.0
142,2021-10-17 06:27:02,50400.0,300.0,269300.0
143,2021-10-17 06:26:59,50400.0,100.0,269000.0
144,2021-10-17 06:26:51,50400.0,100.0,268900.0
145,2021-10-17 06:26:44,50400.0,100.0,268800.0
146,2021-10-17 06:26:35,50400.0,800.0,268700.0
147,2021-10-17 06:26:30,50400.0,100.0,267900.0
148,2021-10-17 06:26:30,50400.0,500.0,267800.0
149,2021-10-17 06:26:30,50400.0,100.0,267300.0
150,2021-10-17 06:26:30,50400.0,100.0,267200.0
151,2021-10-17 06:26:30,50400.0,200.0,267100.0
152,2021-10-17 06:26:27,50400.0,200.0,266900.0
153,2021-10-17 06:26:25,50400.0,500.0,266700.0
154,2021-10-17 06:26:20,50400.0,500.0,266200.0
155,2021-10-17 06:25:04,50400.0,500.0,265700.0
156,2021-10-17 06:23:35,50400.0,3100.0,265200.0
157,2021-10-17 06:23:35,50400.0,1900.0,262100.0
158,2021-10-17 06:23:03,50400.0,500.0,260200.0
159,2021-10-17 06:18:59,50400.0,2100.0,259700.0
160,2021-10-17 06:18:06,50400.0,500.0,257600.0
161,2021-10-17 06:17:57,50300.0,600.0,257100.0
162,2021-10-17 06:17:16,50300.0,500.0,256500.0
163,2021-10-17 06:16:50,50300.0,500.0,256000.0
164,2021-10-17 06:16:14,50300.0,500.0,255500.0
165,2021-10-17 06:16:14,50300.0,1000.0,255000.0
166,2021-10-17 06:16:14,50300.0,1000.0,254000.0
167,2021-10-17 06:16:14,50300.0,500.0,253000.0
168,2021-10-17 06:14:12,50300.0,100.0,252500.0
169,2021-10-17 06:14:07,50300.0,400.0,252400.0
170,2021-10-17 06:14:07,50300.0,100.0,252000.0
171,2021-10-17 06:12:55,50300.0,100.0,251900.0
172,2021-10-17 06:11:06,50300.0,100.0,251800.0
173,2021-10-17 06:09:32,50300.0,500.0,251700.0
174,2021-10-17 06:09:22,50300.0,500.0,251200.0
175,2021-10-17 06:07:19,50300.0,2000.0,250700.0
176,2021-10-17 06:03:05,50200.0,100.0,248700.0
177,2021-10-17 06:02:58,50200.0,1000.0,248600.0
178,2021-10-17 06:02:49,50200.0,500.0,247600.0
179,2021-10-17 06:02:49,50200.0,500.0,247100.0
180,2021-10-17 06:00:14,50200.0,1000.0,246600.0
181,2021-10-17 06:00:14,50200.0,1000.0,245600.0
182,2021-10-17 06:00:01,50200.0,300.0,244600.0
183,2021-10-17 06:00:01,50300.0,1700.0,244300.0
184,2021-10-17 06:00:01,50300.0,100.0,242600.0
185,2021-10-17 06:00:01,50300.0,100.0,242500.0
186,2021-10-17 04:29:42,50200.0,700.0,242400.0
187,2021-10-17 04:29:42,50200.0,300.0,241700.0
188,2021-10-17 04:28:36,50200.0,700.0,241400.0
189,2021-10-17 04:27:59,50300.0,100.0,240700.0
190,2021-10-17 04:27:21,50300.0,1000.0,240600.0
191,2021-10-17 04:27:13,50300.0,1000.0,239600.0
192,2021-10-17 04:23:12,50000.0,900.0,238600.0
193,2021-10-17 04:23:12,50000.0,200.0,237700.0
194,2021-10-17 04:23:12,50000.0,200.0,237500.0
195,2021-10-17 04:23:12,50000.0,2700.0,237300.0
196,2021-10-17 04:23:12,50000.0,1000.0,234600.0
197,2021-10-17 04:22:49,50000.0,600.0,233600.0
198,2021-10-17 04:22:49,50100.0,400.0,233000.0
199,2021-10-17 04:22:49,50100.0,1000.0,232600.0
200,2021-10-17 04:22:25,50300.0,6000.0,231600.0
201,2021-10-17 04:22:17,50300.0,1000.0,225600.0
202,2021-10-17 04:22:17,50000.0,1400.0,224600.0
203,2021-10-17 04:22:17,50000.0,1300.0,223200.0
204,2021-10-17 04:22:17,50000.0,2000.0,221900.0
205,2021-10-17 04:22:17,50200.0,300.0,219900.0
206,2021-10-17 04:22:10,50200.0,300.0,219600.0
207,2021-10-17 04:21:38,50200.0,100.0,219300.0
208,2021-10-17 04:21:25,50000.0,200.0,219200.0
209,2021-10-17 04:21:25,50000.0,100.0,219000.0
210,2021-10-17 04:20:20,50000.0,100.0,218900.0
211,2021-10-17 04:19:50,50000.0,300.0,218800.0
212,2021-10-17 04:19:50,50000.0,100.0,218500.0
213,2021-10-17 04:19:50,50000.0,300.0,218400.0
214,2021-10-17 04:19:20,50000.0,500.0,218100.0
215,2021-10-17 04:19:02,50000.0,1000.0,217600.0
216,2021-10-17 04:18:44,50100.0,600.0,216600.0
217,2021-10-17 04:18:44,50100.0,1000.0,216000.0
218,2021-10-17 04:18:44,50100.0,200.0,215000.0
219,2021-10-17 04:18:44,50100.0,700.0,214800.0
220,2021-10-17 04:18:34,50200.0,500.0,214100.0
221,2021-10-17 04:18:34,50200.0,100.0,213600.0
222,2021-10-17 04:17:28,50300.0,100.0,213500.0
223,2021-10-17 04:17:28,50300.0,500.0,213400.0
224,2021-10-17 04:17:28,50300.0,200.0,212900.0
225,2021-10-17 04:17:28,50300.0,600.0,212700.0
226,2021-10-17 04:17:28,50300.0,400.0,212100.0
227,2021-10-17 04:16:44,50300.0,100.0,211700.0
228,2021-10-17 04:15:33,50400.0,100.0,211600.0
229,2021-10-17 04:15:11,50400.0,200.0,211500.0
230,2021-10-17 04:15:09,50400.0,500.0,211300.0
231,2021-10-17 04:14:14,50500.0,1000.0,210800.0
232,2021-10-17 04:14:14,50500.0,500.0,209800.0
233,2021-10-17 04:14:02,50500.0,2000.0,209300.0
234,2021-10-17 04:14:02,50500.0,1000.0,207300.0
235,2021-10-17 04:13:29,50600.0,100.0,206300.0
236,2021-10-17 04:13:16,50600.0,100.0,206200.0
237,2021-10-17 04:13:12,50600.0,1000.0,206100.0
238,2021-10-17 04:13:04,50600.0,1000.0,205100.0
239,2021-10-17 04:13:02,50600.0,2000.0,204100.0
240,2021-10-17 04:13:02,50600.0,900.0,202100.0
241,2021-10-17 04:12:56,50600.0,100.0,201200.0
242,2021-10-17 04:12:51,50600.0,400.0,201100.0
243,2021-10-17 04:12:51,50600.0,600.0,200700.0
244,2021-10-17 04:12:51,50600.0,100.0,200100.0
245,2021-10-17 04:12:51,50600.0,300.0,200000.0
246,2021-10-17 04:12:36,50600.0,4700.0,199700.0
247,2021-10-17 04:12:36,50600.0,100.0,195000.0
248,2021-10-17 04:12:36,50600.0,200.0,194900.0
249,2021-10-17 04:12:35,50600.0,200.0,194700.0
250,2021-10-17 04:11:39,50600.0,100.0,194500.0
251,2021-10-17 04:11:38,50600.0,100.0,194400.0
252,2021-10-17 04:11:22,50600.0,200.0,194300.0
253,2021-10-17 04:11:14,50600.0,200.0,194100.0
254,2021-10-17 04:11:09,50500.0,300.0,193900.0
255,2021-10-17 04:11:07,50500.0,100.0,193600.0
256,2021-10-17 04:11:07,50500.0,100.0,193500.0
257,2021-10-17 04:11:07,50500.0,200.0,193400.0
258,2021-10-17 04:11:07,50500.0,600.0,193200.0
259,2021-10-17 04:10:59,50500.0,1400.0,192600.0
260,2021-10-17 04:10:59,50500.0,3600.0,191200.0
261,2021-10-17 04:10:49,50500.0,200.0,187600.0
262,2021-10-17 04:10:38,50500.0,200.0,187400.0
263,2021-10-17 04:10:37,50500.0,400.0,187200.0
264,2021-10-17 04:10:36,50500.0,600.0,186800.0
265,2021-10-17 04:10:36,50500.0,400.0,186200.0
266,2021-10-17 04:10:31,50500.0,1000.0,185800.0
267,2021-10-17 04:10:24,50500.0,1600.0,184800.0
268,2021-10-17 04:10:14,50500.0,200.0,183200.0
269,2021-10-17 04:10:08,50500.0,1000.0,183000.0
270,2021-10-17 04:10:07,50500.0,800.0,182000.0
271,2021-10-17 04:10:07,50500.0,200.0,181200.0
272,2021-10-17 04:09:51,50300.0,100.0,181000.0
273,2021-10-17 04:09:51,50300.0,700.0,180900.0
274,2021-10-17 04:09:49,50300.0,500.0,180200.0
275,2021-10-17 04:09:43,50300.0,1500.0,179700.0
276,2021-10-17 04:09:21,50300.0,1000.0,178200.0
277,2021-10-17 04:09:19,50300.0,300.0,177200.0
278,2021-10-17 04:09:13,50300.0,1000.0,176900.0
279,2021-10-17 04:08:49,50200.0,500.0,175900.0
280,2021-10-17 04:08:49,50200.0,300.0,175400.0
281,2021-10-17 04:08:45,50200.0,200.0,175100.0
282,2021-10-17 04:08:45,50200.0,800.0,174900.0
283,2021-10-17 04:08:44,50200.0,200.0,174100.0
284,2021-10-17 04:08:16,50100.0,300.0,173900.0
285,2021-10-17 04:08:16,50100.0,2600.0,173600.0
286,2021-10-17 04:08:11,50100.0,3000.0,171000.0
287,2021-10-17 04:08:07,50100.0,100.0,168000.0
288,2021-10-17 04:08:05,50100.0,2000.0,167900.0
289,2021-10-17 04:08:04,50100.0,2000.0,165900.0
290,2021-10-17 04:08:04,50100.0,500.0,163900.0
291,2021-10-17 04:07:47,50100.0,100.0,163400.0
292,2021-10-17 04:07:47,50100.0,200.0,163300.0
293,2021-10-17 04:07:02,50000.0,400.0,163100.0
294,2021-10-17 04:07:01,50000.0,600.0,162700.0
295,2021-10-17 04:06:58,50000.0,400.0,162100.0
296,2021-10-17 04:06:58,50000.0,2600.0,161700.0
297,2021-10-17 04:06:58,50000.0,2400.0,159100.0
298,2021-10-17 04:06:45,50000.0,500.0,156700.0
299,2021-10-17 04:06:24,50000.0,100.0,156200.0
300,2021-10-17 04:06:24,50000.0,200.0,156100.0
301,2021-10-17 04:06:24,50000.0,100.0,155900.0
302,2021-10-17 04:06:10,50000.0,2000.0,155800.0
303,2021-10-17 04:06:05,49900.0,500.0,153800.0
304,2021-10-17 04:05:39,49900.0,300.0,153300.0
305,2021-10-17 04:05:30,50000.0,200.0,153000.0
306,2021-10-17 04:05:24,49900.0,100.0,152800.0
307,2021-10-17 04:05:21,50000.0,700.0,152700.0
308,2021-10-17 04:05:21,50000.0,200.0,152000.0
309,2021-10-17 04:05:21,50000.0,100.0,151800.0
310,2021-10-17 04:05:21,50000.0,500.0,151700.0
311,2021-10-17 04:05:21,50000.0,300.0,151200.0
312,2021-10-17 04:05:21,50000.0,500.0,150900.0
313,2021-10-17 04:05:21,50000.0,200.0,150400.0
314,2021-10-17 04:05:21,50000.0,500.0,150200.0
315,2021-10-17 04:05:21,50000.0,100.0,149700.0
316,2021-10-17 04:05:21,50000.0,300.0,149600.0
317,2021-10-17 04:05:21,50000.0,1600.0,149300.0
318,2021-10-17 04:05:09,49900.0,600.0,147700.0
319,2021-10-17 04:05:09,49900.0,500.0,147100.0
320,2021-10-17 04:05:09,49900.0,600.0,146600.0
321,2021-10-17 04:05:09,49900.0,100.0,146000.0
322,2021-10-17 04:05:09,49900.0,200.0,145900.0
323,2021-10-17 04:04:56,50000.0,500.0,145700.0
324,2021-10-17 04:04:49,50000.0,100.0,145200.0
325,2021-10-17 04:04:40,50000.0,100.0,145100.0
326,2021-10-17 04:04:40,50000.0,500.0,145000.0
327,2021-10-17 04:04:35,50000.0,4000.0,144500.0
328,2021-10-17 04:04:33,50000.0,2500.0,140500.0
329,2021-10-17 04:04:31,50000.0,500.0,138000.0
330,2021-10-17 04:04:29,50000.0,100.0,137500.0
331,2021-10-17 04:04:28,50000.0,100.0,137400.0
332,2021-10-17 04:04:28,50000.0,600.0,137300.0
333,2021-10-17 04:04:17,50000.0,400.0,136700.0
334,2021-10-17 04:04:15,49900.0,800.0,136300.0
335,2021-10-17 04:04:08,49900.0,300.0,135500.0
336,2021-10-17 04:04:06,49900.0,900.0,135200.0
337,2021-10-17 04:04:06,49900.0,100.0,134300.0
338,2021-10-17 04:03:44,49800.0,100.0,134200.0
339,2021-10-17 04:03:44,49800.0,400.0,134100.0
340,2021-10-17 04:03:04,49750.0,100.0,133700.0
341,2021-10-17 04:02:46,49700.0,2000.0,133600.0
342,2021-10-17 04:02:33,49650.0,1500.0,131600.0
343,2021-10-17 04:01:05,49600.0,1000.0,130100.0
344,2021-10-17 04:01:01,49650.0,900.0,129100.0
345,2021-10-17 04:00:36,49650.0,100.0,128200.0
346,2021-10-17 04:00:00,49600.0,900.0,128100.0
347,2021-10-17 04:00:00,49650.0,1000.0,127200.0
348,2021-10-17 04:00:00,49650.0,100.0,126200.0
349,2021-10-17 03:59:39,49650.0,400.0,126100.0
350,2021-10-17 03:59:26,49650.0,1000.0,125700.0
351,2021-10-17 03:59:26,49650.0,700.0,124700.0
352,2021-10-17 03:59:26,49650.0,300.0,124000.0
353,2021-10-17 03:57:39,49550.0,200.0,123700.0
354,2021-10-17 03:57:30,49550.0,200.0,123500.0
355,2021-10-17 03:57:18,49550.0,600.0,123300.0
356,2021-10-17 03:57:18,49550.0,2400.0,122700.0
357,2021-10-17 03:55:38,49500.0,600.0,120300.0
358,2021-10-17 03:55:38,49500.0,400.0,119700.0
359,2021-10-17 03:55:22,49500.0,700.0,119300.0
360,2021-10-17 03:55:22,49500.0,900.0,118600.0
361,2021-10-17 03:52:13,49450.0,300.0,117700.0
362,2021-10-17 03:51:13,49500.0,100.0,117400.0
363,2021-10-17 03:51:03,49500.0,400.0,117300.0
364,2021-10-17 03:51:03,49500.0,600.0,116900.0
365,2021-10-17 03:50:56,49500.0,500.0,116300.0
366,2021-10-17 03:49:11,49450.0,300.0,115800.0
367,2021-10-17 03:49:11,49450.0,200.0,115500.0
368,2021-10-17 03:49:11,49450.0,500.0,115300.0
369,2021-10-17 03:49:11,49450.0,200.0,114800.0
370,2021-10-17 03:48:46,49450.0,300.0,114600.0
371,2021-10-17 03:48:46,49450.0,200.0,114300.0
372,2021-10-17 03:46:27,49450.0,300.0,114100.0
373,2021-10-17 03:46:20,49450.0,100.0,113800.0
374,2021-10-17 03:45:50,49450.0,400.0,113700.0
375,2021-10-17 03:45:42,49450.0,200.0,113300.0
376,2021-10-17 03:45:42,49450.0,2000.0,113100.0
377,2021-10-17 03:45:40,49450.0,200.0,111100.0
378,2021-10-17 03:45:30,49450.0,300.0,110900.0
379,2021-10-17 03:45:22,49450.0,2000.0,110600.0
380,2021-10-17 03:45:13,49450.0,200.0,108600.0
381,2021-10-17 03:44:38,49450.0,1000.0,108400.0
382,2021-10-17 03:44:38,49450.0,1000.0,107400.0
383,2021-10-17 03:44:38,49450.0,400.0,106400.0
384,2021-10-17 03:44:38,49450.0,2000.0,106000.0
385,2021-10-17 03:44:38,49450.0,100.0,104000.0
386,2021-10-17 03:44:38,49450.0,300.0,103900.0
387,2021-10-17 03:44:38,49450.0,500.0,103600.0
388,2021-10-17 03:44:29,49500.0,200.0,103100.0
389,2021-10-17 03:40:10,49500.0,300.0,102900.0
390,2021-10-17 03:40:10,49500.0,500.0,102600.0
391,2021-10-17 03:40:10,49500.0,100.0,102100.0
392,2021-10-17 03:40:10,49500.0,300.0,102000.0
393,2021-10-17 03:40:10,49500.0,200.0,101700.0
394,2021-10-17 03:40:10,49500.0,100.0,101500.0
395,2021-10-17 03:40:10,49500.0,200.0,101400.0
396,2021-10-17 03:34:24,49550.0,600.0,101200.0
397,2021-10-17 03:33:37,49500.0,200.0,100600.0
398,2021-10-17 03:33:15,49500.0,100.0,100400.0
399,2021-10-17 03:33:08,49500.0,100.0,100300.0
400,2021-10-17 03:33:08,49500.0,100.0,100200.0
401,2021-10-17 03:33:08,49500.0,100.0,100100.0
402,2021-10-17 03:32:48,49500.0,400.0,100000.0
403,2021-10-17 03:32:48,49500.0,100.0,99600.0
404,2021-10-17 03:32:43,49500.0,200.0,99500.0
405,2021-10-17 03:32:24,49500.0,300.0,99300.0
406,2021-10-17 03:32:14,49500.0,200.0,99000.0
407,2021-10-17 03:32:01,49500.0,100.0,98800.0
408,2021-10-17 03:31:21,49500.0,300.0,98700.0
409,2021-10-17 03:29:50,49500.0,100.0,98400.0
410,2021-10-17 03:29:50,49500.0,600.0,98300.0
411,2021-10-17 03:29:50,49500.0,1100.0,97700.0
412,2021-10-17 03:29:29,49400.0,500.0,96600.0
413,2021-10-17 03:29:22,49400.0,500.0,96100.0
414,2021-10-17 03:29:19,49400.0,500.0,95600.0
415,2021-10-17 03:29:15,49400.0,100.0,95100.0
416,2021-10-17 03:29:15,49400.0,100.0,95000.0
417,2021-10-17 03:29:15,49400.0,8300.0,94900.0
418,2021-10-17 03:27:41,49400.0,600.0,86600.0
419,2021-10-17 03:27:41,49400.0,1100.0,86000.0
420,2021-10-17 03:27:26,49400.0,300.0,84900.0
421,2021-10-17 03:27:25,49400.0,2000.0,84600.0
422,2021-10-17 03:27:03,49400.0,1000.0,82600.0
423,2021-10-17 03:26:54,49400.0,500.0,81600.0
424,2021-10-17 03:26:10,49400.0,500.0,81100.0
425,2021-10-17 03:25:25,49400.0,1000.0,80600.0
426,2021-10-17 03:24:41,49400.0,100.0,79600.0
427,2021-10-17 03:24:19,49400.0,500.0,79500.0
428,2021-10-17 03:23:02,49400.0,1000.0,79000.0
429,2021-10-17 03:23:02,49400.0,300.0,78000.0
430,2021-10-17 03:23:02,49400.0,100.0,77700.0
431,2021-10-17 03:23:02,49400.0,100.0,77600.0
432,2021-10-17 03:23:02,49400.0,700.0,77500.0
433,2021-10-17 03:23:02,49400.0,400.0,76800.0
434,2021-10-17 03:23:02,49450.0,300.0,76400.0
435,2021-10-17 03:23:02,49450.0,100.0,76100.0
436,2021-10-17 03:20:29,49450.0,200.0,76000.0
437,2021-10-17 03:19:58,49450.0,200.0,75800.0
438,2021-10-17 03:19:15,49450.0,1000.0,75600.0
439,2021-10-17 03:17:34,49400.0,100.0,74600.0
440,2021-10-17 03:14:14,49400.0,1500.0,74500.0
441,2021-10-17 03:14:14,49400.0,500.0,73000.0
442,2021-10-17 03:14:09,49450.0,200.0,72500.0
443,2021-10-17 03:13:55,49450.0,100.0,72300.0
444,2021-10-17 03:13:45,49450.0,100.0,72200.0
445,2021-10-17 03:13:16,49450.0,300.0,72100.0
446,2021-10-17 03:11:15,49450.0,200.0,71800.0
447,2021-10-17 03:09:29,49500.0,800.0,71600.0
448,2021-10-17 03:08:10,49500.0,700.0,70800.0
449,2021-10-17 03:08:08,49400.0,500.0,70100.0
450,2021-10-17 03:07:00,49400.0,1000.0,69600.0
451,2021-10-17 03:06:37,49300.0,300.0,68600.0
452,2021-10-17 03:06:37,49350.0,500.0,68300.0
453,2021-10-17 03:06:37,49350.0,1000.0,67800.0
454,2021-10-17 03:06:37,49350.0,100.0,66800.0
455,2021-10-17 03:06:37,49350.0,300.0,66700.0
456,2021-10-17 03:06:37,49350.0,300.0,66400.0
457,2021-10-17 03:06:37,49350.0,900.0,66100.0
458,2021-10-17 03:06:37,49400.0,300.0,65200.0
459,2021-10-17 03:06:37,49400.0,100.0,64900.0
460,2021-10-17 03:06:37,49400.0,100.0,64800.0
461,2021-10-17 03:06:37,49400.0,100.0,64700.0
462,2021-10-17 03:06:37,49400.0,500.0,64600.0
463,2021-10-17 03:06:37,49400.0,500.0,64100.0
464,2021-10-17 03:06:02,49400.0,500.0,63600.0
465,2021-10-17 03:06:02,49400.0,1000.0,63100.0
466,2021-10-17 03:06:02,49400.0,400.0,62100.0
467,2021-10-17 03:06:02,49400.0,100.0,61700.0
468,2021-10-17 03:05:59,49400.0,100.0,61600.0
469,2021-10-17 03:05:59,49400.0,100.0,61500.0
470,2021-10-17 03:05:59,49400.0,100.0,61400.0
471,2021-10-17 03:05:59,49400.0,100.0,61300.0
472,2021-10-17 03:05:59,49400.0,100.0,61200.0
473,2021-10-17 03:05:59,49400.0,100.0,61100.0
474,2021-10-17 03:05:59,49400.0,400.0,61000.0
475,2021-10-17 03:05:32,49450.0,200.0,60600.0
476,2021-10-17 03:05:09,49450.0,200.0,60400.0
477,2021-10-17 03:03:08,49500.0,100.0,60200.0
478,2021-10-17 03:02:40,49500.0,1700.0,60100.0
479,2021-10-17 03:02:27,49400.0,200.0,58400.0
480,2021-10-17 03:02:27,49400.0,100.0,58200.0
481,2021-10-17 03:02:27,49400.0,100.0,58100.0
482,2021-10-17 03:02:27,49400.0,600.0,58000.0
483,2021-10-17 03:00:26,49500.0,2400.0,57400.0
484,2021-10-17 03:00:04,49500.0,100.0,55000.0
485,2021-10-17 03:00:01,49500.0,100.0,54900.0
486,2021-10-17 02:58:04,49500.0,100.0,54800.0
487,2021-10-17 02:57:42,49400.0,400.0,54700.0
488,2021-10-17 02:57:42,49400.0,100.0,54300.0
489,2021-10-17 02:57:42,49500.0,2000.0,54200.0
490,2021-10-17 02:56:14,49400.0,100.0,52200.0
491,2021-10-17 02:56:14,49450.0,100.0,52100.0
492,2021-10-17 02:55:52,49400.0,300.0,52000.0
493,2021-10-17 02:50:46,49400.0,100.0,51700.0
494,2021-10-17 02:50:41,49400.0,300.0,51600.0
495,2021-10-17 02:50:00,49400.0,100.0,51300.0
496,2021-10-17 02:50:00,49400.0,100.0,51200.0
497,2021-10-17 02:50:00,49400.0,300.0,51100.0
498,2021-10-17 02:49:49,49400.0,100.0,50800.0
499,2021-10-17 02:49:28,49400.0,100.0,50700.0
500,2021-10-17 02:49:24,49400.0,200.0,50600.0
501,2021-10-17 02:49:19,49400.0,1000.0,50400.0
502,2021-10-17 02:49:04,49400.0,300.0,49400.0
503,2021-10-17 02:48:54,49400.0,300.0,49100.0
504,2021-10-17 02:47:49,49400.0,300.0,48800.0
505,2021-10-17 02:45:53,49400.0,100.0,48500.0
506,2021-10-17 02:45:34,49400.0,300.0,48400.0
507,2021-10-17 02:45:24,49400.0,1000.0,48100.0
508,2021-10-17 02:44:47,49350.0,100.0,47100.0
509,2021-10-17 02:44:37,49400.0,100.0,47000.0
510,2021-10-17 02:42:33,49400.0,100.0,46900.0
511,2021-10-17 02:42:15,49400.0,500.0,46800.0
512,2021-10-17 02:42:04,49400.0,100.0,46300.0
513,2021-10-17 02:41:41,49400.0,200.0,46200.0
514,2021-10-17 02:41:41,49400.0,300.0,46000.0
515,2021-10-17 02:41:15,49400.0,300.0,45700.0
516,2021-10-17 02:40:56,49400.0,800.0,45400.0
517,2021-10-17 02:39:09,49350.0,2000.0,44600.0
518,2021-10-17 02:39:08,49300.0,800.0,42600.0
519,2021-10-17 02:39:08,49300.0,100.0,41800.0
520,2021-10-17 02:39:08,49300.0,200.0,41700.0
521,2021-10-17 02:39:08,49300.0,100.0,41500.0
522,2021-10-17 02:39:04,49350.0,2000.0,41400.0
523,2021-10-17 02:39:04,49350.0,400.0,39400.0
524,2021-10-17 02:38:17,49350.0,500.0,39000.0
525,2021-10-17 02:38:17,49350.0,100.0,38500.0
526,2021-10-17 02:38:17,49400.0,100.0,38400.0
527,2021-10-17 02:37:59,49400.0,200.0,38300.0
528,2021-10-17 02:37:59,49400.0,200.0,38100.0
529,2021-10-17 02:37:59,49400.0,200.0,37900.0
530,2021-10-17 02:37:59,49400.0,200.0,37700.0
531,2021-10-17 02:37:59,49400.0,100.0,37500.0
532,2021-10-17 02:37:59,49400.0,100.0,37400.0
533,2021-10-17 02:37:59,49400.0,100.0,37300.0
534,2021-10-17 02:37:59,49450.0,200.0,37200.0
535,2021-10-17 02:37:59,49450.0,200.0,37000.0
536,2021-10-17 02:37:59,49450.0,100.0,36800.0
537,2021-10-17 02:37:54,49500.0,100.0,36700.0
538,2021-10-17 02:37:39,49500.0,800.0,36600.0
539,2021-10-17 02:37:39,49500.0,1000.0,35800.0
540,2021-10-17 02:37:39,49500.0,1200.0,34800.0
541,2021-10-17 02:36:17,49450.0,100.0,33600.0
542,2021-10-17 02:36:17,49450.0,300.0,33500.0
543,2021-10-17 02:36:15,49450.0,500.0,33200.0
544,2021-10-17 02:35:01,49450.0,100.0,32700.0
545,2021-10-17 02:35:01,49450.0,100.0,32600.0
546,2021-10-17 02:34:18,49450.0,200.0,32500.0
547,2021-10-17 02:34:18,49450.0,200.0,32300.0
548,2021-10-17 02:34:18,49450.0,300.0,32100.0
549,2021-10-17 02:34:14,49450.0,1000.0,31800.0
550,2021-10-17 02:33:08,49450.0,500.0,30800.0
551,2021-10-17 02:32:55,49450.0,200.0,30300.0
552,2021-10-17 02:32:18,49450.0,500.0,30100.0
553,2021-10-17 02:32:13,49500.0,100.0,29600.0
554,2021-10-17 02:30:49,49500.0,200.0,29500.0
555,2021-10-17 02:30:40,49500.0,200.0,29300.0
556,2021-10-17 02:27:25,49500.0,200.0,29100.0
557,2021-10-17 02:27:25,49500.0,100.0,28900.0
558,2021-10-17 02:27:25,49500.0,200.0,28800.0
559,2021-10-17 02:27:25,49500.0,700.0,28600.0
560,2021-10-17 02:27:25,49500.0,100.0,27900.0
561,2021-10-17 02:27:25,49500.0,800.0,27800.0
562,2021-10-17 02:27:25,49500.0,100.0,27000.0
563,2021-10-17 02:27:25,49500.0,100.0,26900.0
564,2021-10-17 02:27:25,49500.0,100.0,26800.0
565,2021-10-17 02:27:25,49500.0,100.0,26700.0
566,2021-10-17 02:27:25,49500.0,2700.0,26600.0
567,2021-10-17 02:27:23,49500.0,2000.0,23900.0
568,2021-10-17 02:25:57,49500.0,300.0,21900.0
569,2021-10-17 02:25:57,49500.0,100.0,21600.0
570,2021-10-17 02:25:57,49550.0,100.0,21500.0
571,2021-10-17 02:25:31,49600.0,200.0,21400.0
572,2021-10-17 02:25:31,49600.0,1000.0,21200.0
573,2021-10-17 02:25:31,49600.0,500.0,20200.0
574,2021-10-17 02:25:31,49600.0,100.0,19700.0
575,2021-10-17 02:25:31,49600.0,100.0,19600.0
576,2021-10-17 02:25:28,49600.0,200.0,19500.0
577,2021-10-17 02:25:28,49600.0,500.0,19300.0
578,2021-10-17 02:24:40,49600.0,300.0,18800.0
579,2021-10-17 02:24:02,49600.0,800.0,18500.0
580,2021-10-17 02:24:02,49600.0,200.0,17700.0
581,2021-10-17 02:23:54,49600.0,500.0,17500.0
582,2021-10-17 02:23:10,49600.0,300.0,17000.0
583,2021-10-17 02:23:10,49600.0,100.0,16700.0
584,2021-10-17 02:23:10,49650.0,500.0,16600.0
585,2021-10-17 02:23:10,49650.0,100.0,16100.0
586,2021-10-17 02:22:24,49650.0,100.0,16000.0
587,2021-10-17 02:22:24,49650.0,100.0,15900.0
588,2021-10-17 02:20:39,49650.0,100.0,15800.0
589,2021-10-17 02:20:39,49650.0,500.0,15700.0
590,2021-10-17 02:18:43,49600.0,1000.0,15200.0
591,2021-10-17 02:18:43,49600.0,100.0,14200.0
592,2021-10-17 02:18:43,49600.0,300.0,14100.0
593,2021-10-17 02:18:43,49650.0,100.0,13800.0
594,2021-10-17 02:18:43,49650.0,500.0,13700.0
595,2021-10-17 02:17:48,49650.0,1000.0,13200.0
596,2021-10-17 02:17:48,49650.0,1900.0,12200.0
597,2021-10-17 02:17:26,49650.0,200.0,10300.0
598,2021-10-17 02:16:23,49650.0,100.0,10100.0
599,2021-10-17 02:16:15,49650.0,100.0,10000.0
600,2021-10-17 02:16:09,49650.0,100.0,9900.0
601,2021-10-17 02:16:09,49650.0,200.0,9800.0
602,2021-10-17 02:16:09,49650.0,200.0,9600.0
603,2021-10-17 02:16:09,49650.0,2000.0,9400.0
604,2021-10-17 02:16:09,49650.0,200.0,7400.0
605,2021-10-17 02:15:41,49700.0,200.0,7200.0
606,2021-10-17 02:15:14,49700.0,800.0,7000.0
607,2021-10-17 02:15:14,49700.0,200.0,6200.0
608,2021-10-17 02:15:00,49700.0,800.0,6000.0
609,2021-10-17 02:15:00,49700.0,300.0,5200.0
610,2021-10-17 02:15:00,49700.0,100.0,4900.0
611,2021-10-17 02:15:00,49700.0,100.0,4800.0
612,2021-10-17 02:15:00,49700.0,100.0,4700.0
613,2021-10-17 02:15:00,49700.0,100.0,4600.0
614,2021-10-17 02:15:00,49700.0,500.0,4500.0
615,2021-10-17 02:15:00,49700.0,600.0,4000.0
616,2021-10-17 02:15:00,49700.0,2000.0,3400.0
617,2021-10-17 02:15:00,49700.0,400.0,1400.0
618,2021-10-17 02:15:00,49700.0,100.0,1000.0
619,2021-10-17 02:15:00,49700.0,200.0,900.0
620,2021-10-17 02:15:00,49700.0,100.0,700.0
621,2021-10-17 02:15:00,49700.0,100.0,600.0
622,2021-10-17 02:15:00,49700.0,400.0,500.0
623,2021-10-17 02:15:00,49700.0,100.0,100.0
